|ScrapeTime|2020-01-01-02:25:33
|j|☆DarkNaruto777
|j|☆huh I won
|player|p1|DarkNaruto777|269|1181
|player|p2|huh I won|blue|1172
|teamsize|p1|6
|teamsize|p2|6
|gametype|singles
|gen|8
|tier|[Gen 8] OU
|rated|
|rule|Sleep Clause Mod: Limit one foe put to sleep
|rule|Species Clause: Limit one of each Pokémon
|rule|OHKO Clause: OHKO moves are banned
|rule|Evasion Moves Clause: Evasion moves are banned
|rule|Endless Battle Clause: Forcing endless battles is banned
|rule|HP Percentage Mod: HP is shown in percentages
|clearpoke
|poke|p1|Pelipper, M|
|poke|p1|Seismitoad, M|
|poke|p1|Dragapult, M|
|poke|p1|Barraskewda, M|
|poke|p1|Excadrill, M|
|poke|p1|Rotom-Heat|
|poke|p2|Barraskewda, F|
|poke|p2|Pelipper, M|
|poke|p2|Ferrothorn, M|
|poke|p2|Hatterene, F|
|poke|p2|Morpeko, F|
|poke|p2|Indeedee-F, F|
|rule|Dynamax Clause: You cannot dynamax
|teampreview
|
|start
|switch|p1a: Danovaro|Dragapult, M|100/100
|switch|p2a: Morpeko|Morpeko, F|100/100
|turn|1
|
|switch|p2a: Indeedee|Indeedee-F, F|100/100
|-fieldstart|move: Psychic Terrain|[from] ability: Psychic Surge|[of] p2a: Indeedee
|move|p1a: Danovaro|Dragon Pulse|p2a: Indeedee
|-damage|p2a: Indeedee|53/100
|
|upkeep
|turn|2
|
|switch|p1a: Side|Pelipper, M|100/100
|-weather|RainDance|[from] ability: Drizzle|[of] p1a: Side
|move|p2a: Indeedee|Psychic|p1a: Side
|-damage|p1a: Side|56/100
|
|-weather|RainDance|[upkeep]
|-heal|p1a: Side|62/100|[from] item: Leftovers
|upkeep
|turn|3
|
|switch|p2a: Pelipper|Pelipper, M|100/100
|move|p1a: Side|U-turn|p2a: Pelipper
|-resisted|p2a: Pelipper
|-damage|p2a: Pelipper|97/100
|
|switch|p1a: Danovaro|Dragapult, M|100/100|[from]move: U-turn
|
|-weather|RainDance|[upkeep]
|upkeep
|turn|4
|
|move|p1a: Danovaro|Thunder|p2a: Pelipper
|-supereffective|p2a: Pelipper
|-damage|p2a: Pelipper|0 fnt
|faint|p2a: Pelipper
|
|-weather|RainDance|[upkeep]
|upkeep
|
|switch|p2a: Barraskewda|Barraskewda, F|100/100
|turn|5
|
|move|p2a: Barraskewda|Crunch|p1a: Danovaro
|-supereffective|p1a: Danovaro
|-damage|p1a: Danovaro|0 fnt
|faint|p1a: Danovaro
|
|-weather|RainDance|[upkeep]
|upkeep
|
|switch|p1a: Rotom|Rotom-Heat|100/100
|turn|6
|
|switch|p2a: Hatterene|Hatterene, F|100/100
|move|p1a: Rotom|Thunder|p2a: Hatterene
|-damage|p2a: Hatterene|50/100
|
|-weather|none
|upkeep
|turn|7
|
|switch|p1a: Side|Pelipper, M|62/100
|-weather|RainDance|[from] ability: Drizzle|[of] p1a: Side
|move|p2a: Hatterene|Psyshock|p1a: Side
|-damage|p1a: Side|0 fnt
|faint|p1a: Side
|
|-weather|RainDance|[upkeep]
|upkeep
|
|switch|p1a: Gamabunta|Seismitoad, M|100/100
|turn|8
|
|move|p1a: Gamabunta|Stealth Rock|p2a: Hatterene
|move|p2a: Hatterene|Stealth Rock|p1a: Gamabunta|[from]Magic Bounce
|-sidestart|p1: DarkNaruto777|move: Stealth Rock
|move|p2a: Hatterene|Psyshock|p1a: Gamabunta
|-damage|p1a: Gamabunta|0 fnt
|faint|p1a: Gamabunta
|
|-weather|RainDance|[upkeep]
|-fieldend|move: Psychic Terrain
|upkeep
|
|switch|p1a: Simon|Excadrill, M|100/100
|-damage|p1a: Simon|97/100|[from] Stealth Rock
|-ability|p1a: Simon|Mold Breaker
|turn|9
|
|move|p1a: Simon|Rapid Spin|p2a: Hatterene
|-damage|p2a: Hatterene|28/100
|-sideend|p1: DarkNaruto777|Stealth Rock|[from] move: Rapid Spin|[of] p1a: Simon
|-boost|p1a: Simon|spe|1
|move|p2a: Hatterene|Psyshock|p1a: Simon
|-resisted|p1a: Simon
|-damage|p1a: Simon|50/100
|
|-weather|RainDance|[upkeep]
|upkeep
|turn|10
|inactive|Battle timer is ON: inactive players will automatically lose when time's up. (requested by DarkNaruto777)
|
|move|p1a: Simon|Iron Head|p2a: Hatterene
|-supereffective|p2a: Hatterene
|-damage|p2a: Hatterene|0 fnt
|faint|p2a: Hatterene
|
|-weather|RainDance|[upkeep]
|upkeep
|
|switch|p2a: Barraskewda|Barraskewda, F|100/100
|turn|11
|
|move|p2a: Barraskewda|Close Combat|p1a: Simon
|-supereffective|p1a: Simon
|-damage|p1a: Simon|0 fnt
|-unboost|p2a: Barraskewda|def|1
|-unboost|p2a: Barraskewda|spd|1
|faint|p1a: Simon
|
|-weather|none
|upkeep
|
|switch|p1a: Rotom|Rotom-Heat|100/100
|turn|12
|
|switch|p2a: Indeedee|Indeedee-F, F|53/100
|-fieldstart|move: Psychic Terrain|[from] ability: Psychic Surge|[of] p2a: Indeedee
|move|p1a: Rotom|Trick|p2a: Indeedee
|-activate|p1a: Rotom|move: Trick|[of] p2a: Indeedee
|-item|p2a: Indeedee|Choice Scarf|[from] move: Trick
|-item|p1a: Rotom|Terrain Extender|[from] move: Trick
|
|upkeep
|turn|13
|
|move|p2a: Indeedee|Psychic|p1a: Rotom
|-damage|p1a: Rotom|32/100
|move|p1a: Rotom|Thunder|p2a: Indeedee
|-damage|p2a: Indeedee|12/100
|
|upkeep
|turn|14
|
|move|p2a: Indeedee|Psychic|p1a: Rotom
|-damage|p1a: Rotom|0 fnt
|faint|p1a: Rotom
|
|upkeep
|
|switch|p1a: Boombadash|Barraskewda, M|100/100
|turn|15
|
|move|p1a: Boombadash|Close Combat|p2a: Indeedee
|-damage|p2a: Indeedee|0 fnt
|-unboost|p1a: Boombadash|def|1
|-unboost|p1a: Boombadash|spd|1
|faint|p2a: Indeedee
|
|upkeep
|
|switch|p2a: Ferrothorn|Ferrothorn, M|100/100
|turn|16
|c|☆DarkNaruto777|GG
|
|switch|p2a: Morpeko|Morpeko, F|100/100
|move|p1a: Boombadash|Close Combat|p2a: Morpeko
|-supereffective|p2a: Morpeko
|-damage|p2a: Morpeko|0 fnt
|-unboost|p1a: Boombadash|def|1
|-unboost|p1a: Boombadash|spd|1
|faint|p2a: Morpeko
|
|upkeep
|
|switch|p2a: Barraskewda|Barraskewda, F|100/100
|turn|17
|
|move|p2a: Barraskewda|Psychic Fangs|p1a: Boombadash
|-damage|p1a: Boombadash|0 fnt
|faint|p1a: Boombadash
|
|win|huh I won
|l|☆DarkNaruto777
|raw|DarkNaruto777's rating: 1181 → 1155(-26 for losing)
|raw|huh I won's rating: 1172 → 1197(+25 for winning)
