|ScrapeTime|2020-01-01-02:12:24
|j|☆Ctrl G-Max
|j|☆Gyorg Costanza
|player|p1|Ctrl G-Max|188|1277
|player|p2|Gyorg Costanza|roughneck-gen4|1297
|teamsize|p1|6
|teamsize|p2|6
|gametype|singles
|gen|8
|tier|[Gen 8] OU
|rated|
|rule|Sleep Clause Mod: Limit one foe put to sleep
|rule|Species Clause: Limit one of each Pokémon
|rule|OHKO Clause: OHKO moves are banned
|rule|Evasion Moves Clause: Evasion moves are banned
|rule|Endless Battle Clause: Forcing endless battles is banned
|rule|HP Percentage Mod: HP is shown in percentages
|clearpoke
|poke|p1|Dragapult, F|
|poke|p1|Cinderace, M|
|poke|p1|Grimmsnarl, M|
|poke|p1|Lucario, F|
|poke|p1|Lapras, F|
|poke|p1|Diggersby, F|
|poke|p2|Hawlucha, F|
|poke|p2|Mudsdale, F|
|poke|p2|Grimmsnarl, M|
|poke|p2|Dracovish|
|poke|p2|Lucario, F|
|poke|p2|Toxtricity, F|
|rule|Dynamax Clause: You cannot dynamax
|teampreview
|inactive|Battle timer is ON: inactive players will automatically lose when time's up. (requested by Ctrl G-Max)
|
|start
|switch|p1a: Cinderace|Cinderace, M|100/100
|switch|p2a: Grimmsnarl|Grimmsnarl, M|100/100
|turn|1
|
|switch|p1a: Grimmsnarl|Grimmsnarl, M|100/100
|move|p2a: Grimmsnarl|Taunt|p1a: Grimmsnarl
|-hint|Since gen 7, Dark is immune to Prankster moves.
|-immune|p1a: Grimmsnarl
|
|upkeep
|turn|2
|
|switch|p1a: Lapras|Lapras, F|100/100
|move|p2a: Grimmsnarl|Reflect|p2a: Grimmsnarl
|-sidestart|p2: Gyorg Costanza|Reflect
|
|upkeep
|turn|3
|
|move|p2a: Grimmsnarl|Taunt|p1a: Lapras
|-start|p1a: Lapras|move: Taunt
|move|p1a: Lapras|Whirlpool|p2a: Grimmsnarl
|-damage|p2a: Grimmsnarl|88/100
|-activate|p2a: Grimmsnarl|move: Whirlpool|[of] p1a: Lapras
|
|-damage|p2a: Grimmsnarl|76/100|[from] move: Whirlpool|[partiallytrapped]
|upkeep
|turn|4
|
|move|p2a: Grimmsnarl|Light Screen|p2a: Grimmsnarl
|-sidestart|p2: Gyorg Costanza|move: Light Screen
|move|p1a: Lapras|Freeze-Dry|p2a: Grimmsnarl
|-damage|p2a: Grimmsnarl|64/100
|
|-damage|p2a: Grimmsnarl|52/100|[from] move: Whirlpool|[partiallytrapped]
|upkeep
|turn|5
|
|move|p1a: Lapras|Freeze-Dry|p2a: Grimmsnarl
|-damage|p2a: Grimmsnarl|40/100
|-status|p2a: Grimmsnarl|frz
|cant|p2a: Grimmsnarl|frz
|
|-damage|p2a: Grimmsnarl|28/100 frz|[from] move: Whirlpool|[partiallytrapped]
|-end|p1a: Lapras|move: Taunt
|upkeep
|turn|6
|c|☆Gyorg Costanza|lol
|
|move|p1a: Lapras|Perish Song|p1a: Lapras
|-start|p1a: Lapras|perish3|[silent]
|-start|p2a: Grimmsnarl|perish3|[silent]
|-fieldactivate|move: Perish Song
|cant|p2a: Grimmsnarl|frz
|
|-damage|p2a: Grimmsnarl|15/100 frz|[from] move: Whirlpool|[partiallytrapped]
|-start|p1a: Lapras|perish3
|-start|p2a: Grimmsnarl|perish3
|upkeep
|turn|7
|
|move|p1a: Lapras|Freeze-Dry|p2a: Grimmsnarl
|-damage|p2a: Grimmsnarl|4/100 frz
|cant|p2a: Grimmsnarl|frz
|
|-end|p2a: Grimmsnarl|Whirlpool|[partiallytrapped]
|-start|p1a: Lapras|perish2
|-start|p2a: Grimmsnarl|perish2
|upkeep
|turn|8
|
|switch|p2a: Toxtricity|Toxtricity, F|100/100
|move|p1a: Lapras|Freeze-Dry|p2a: Toxtricity
|-damage|p2a: Toxtricity|86/100
|
|-start|p1a: Lapras|perish1
|upkeep
|turn|9
|
|switch|p1a: Diggersby|Diggersby, F|100/100
|move|p2a: Toxtricity|Sludge Wave|p1a: Diggersby
|-resisted|p1a: Diggersby
|-damage|p1a: Diggersby|54/100
|
|-sideend|p2: Gyorg Costanza|Reflect
|upkeep
|turn|10
|
|switch|p2a: Hawlucha|Hawlucha, F, shiny|100/100
|move|p1a: Diggersby|Mega Kick|p2a: Hawlucha
|-damage|p2a: Hawlucha|0 fnt
|-damage|p1a: Diggersby|44/100|[from] item: Life Orb
|faint|p2a: Hawlucha
|
|upkeep
|
|switch|p2a: Mudsdale|Mudsdale, F|100/100
|turn|11
|
|switch|p1a: Lapras|Lapras, F|100/100
|move|p2a: Mudsdale|Earthquake|p1a: Lapras
|-damage|p1a: Lapras|64/100
|
|-heal|p1a: Lapras|70/100|[from] item: Leftovers
|-sideend|p2: Gyorg Costanza|move: Light Screen
|upkeep
|turn|12
|
|move|p1a: Lapras|Whirlpool|p2a: Mudsdale|[miss]
|-miss|p1a: Lapras|p2a: Mudsdale
|move|p2a: Mudsdale|Close Combat|p1a: Lapras
|-supereffective|p1a: Lapras
|-damage|p1a: Lapras|18/100
|-unboost|p2a: Mudsdale|def|1
|-unboost|p2a: Mudsdale|spd|1
|
|-heal|p1a: Lapras|24/100|[from] item: Leftovers
|upkeep
|turn|13
|
|switch|p2a: Lucario|Lucario, F|100/100
|move|p1a: Lapras|Freeze-Dry|p2a: Lucario
|-resisted|p2a: Lucario
|-damage|p2a: Lucario|84/100
|
|-heal|p1a: Lapras|30/100|[from] item: Leftovers
|upkeep
|turn|14
|
|move|p2a: Lucario|Nasty Plot|p2a: Lucario
|-boost|p2a: Lucario|spa|2
|move|p1a: Lapras|Perish Song|p1a: Lapras
|-start|p1a: Lapras|perish3|[silent]
|-start|p2a: Lucario|perish3|[silent]
|-fieldactivate|move: Perish Song
|
|-heal|p1a: Lapras|36/100|[from] item: Leftovers
|-start|p2a: Lucario|perish3
|-start|p1a: Lapras|perish3
|upkeep
|turn|15
|
|move|p1a: Lapras|Protect|p1a: Lapras
|-singleturn|p1a: Lapras|Protect
|move|p2a: Lucario|Vacuum Wave|p1a: Lapras
|-activate|p1a: Lapras|move: Protect
|
|-heal|p1a: Lapras|42/100|[from] item: Leftovers
|-start|p2a: Lucario|perish2
|-start|p1a: Lapras|perish2
|upkeep
|turn|16
|
|move|p2a: Lucario|Flash Cannon|p1a: Lapras
|-damage|p1a: Lapras|0 fnt
|-damage|p2a: Lucario|74/100|[from] item: Life Orb
|faint|p1a: Lapras
|
|-start|p2a: Lucario|perish1
|upkeep
|
|switch|p1a: Dragapult|Dragapult, F|100/100
|turn|17
|
|move|p1a: Dragapult|Substitute|p1a: Dragapult
|-start|p1a: Dragapult|Substitute
|-damage|p1a: Dragapult|76/100
|move|p2a: Lucario|Flash Cannon|p1a: Dragapult
|-end|p1a: Dragapult|Substitute
|-damage|p2a: Lucario|64/100|[from] item: Life Orb
|
|-heal|p1a: Dragapult|82/100|[from] item: Leftovers
|-start|p2a: Lucario|perish0
|upkeep
|faint|p2a: Lucario
|
|switch|p2a: Dracovish|Dracovish|100/100
|turn|18
|
|switch|p1a: Cinderace|Cinderace, M|100/100
|move|p2a: Dracovish|Crunch|p1a: Cinderace
|-damage|p1a: Cinderace|52/100
|
|upkeep
|turn|19
|
|move|p1a: Cinderace|High Jump Kick|p2a: Dracovish
|-damage|p2a: Dracovish|65/100
|move|p2a: Dracovish|Fishious Rend|p1a: Cinderace
|-supereffective|p1a: Cinderace
|-damage|p1a: Cinderace|0 fnt
|faint|p1a: Cinderace
|
|-heal|p2a: Dracovish|71/100|[from] item: Leftovers
|upkeep
|
|switch|p1a: Diggersby|Diggersby, F|44/100
|turn|20
|
|move|p1a: Diggersby|Earthquake|p2a: Dracovish
|-damage|p2a: Dracovish|0 fnt
|-damage|p1a: Diggersby|34/100|[from] item: Life Orb
|faint|p2a: Dracovish
|
|upkeep
|
|switch|p2a: Mudsdale|Mudsdale, F|100/100
|turn|21
|
|move|p1a: Diggersby|Mega Kick|p2a: Mudsdale
|-damage|p2a: Mudsdale|25/100
|-ability|p2a: Mudsdale|Stamina|boost
|-boost|p2a: Mudsdale|def|1
|-damage|p1a: Diggersby|24/100|[from] item: Life Orb
|move|p2a: Mudsdale|Earthquake|p1a: Diggersby
|-damage|p1a: Diggersby|0 fnt
|faint|p1a: Diggersby
|
|upkeep
|
|switch|p1a: Lucario|Lucario, F|100/100
|turn|22
|
|move|p1a: Lucario|Flash Cannon|p2a: Mudsdale
|-damage|p2a: Mudsdale|0 fnt
|faint|p2a: Mudsdale
|
|upkeep
|
|switch|p2a: Grimmsnarl|Grimmsnarl, M|4/100 frz
|turn|23
|
|-curestatus|p2a: Grimmsnarl|frz|[msg]
|move|p2a: Grimmsnarl|Light Screen|p2a: Grimmsnarl
|-sidestart|p2: Gyorg Costanza|move: Light Screen
|move|p1a: Lucario|Flash Cannon|p2a: Grimmsnarl
|-supereffective|p2a: Grimmsnarl
|-damage|p2a: Grimmsnarl|0 fnt
|faint|p2a: Grimmsnarl
|
|upkeep
|
|switch|p2a: Toxtricity|Toxtricity, F|86/100
|turn|24
|
|switch|p1a: Grimmsnarl|Grimmsnarl, M|100/100
|move|p2a: Toxtricity|Overdrive|p1a: Grimmsnarl
|-damage|p1a: Grimmsnarl|39/100
|
|upkeep
|turn|25
|
|move|p1a: Grimmsnarl|Trick|p2a: Toxtricity
|-activate|p1a: Grimmsnarl|move: Trick|[of] p2a: Toxtricity
|-item|p2a: Toxtricity|Lagging Tail|[from] move: Trick
|-item|p1a: Grimmsnarl|Choice Specs|[from] move: Trick
|move|p2a: Toxtricity|Overdrive|p1a: Grimmsnarl
|-damage|p1a: Grimmsnarl|0 fnt
|faint|p1a: Grimmsnarl
|
|upkeep
|
|switch|p1a: Lucario|Lucario, F|100/100
|turn|26
|
|move|p1a: Lucario|Psychic|p2a: Toxtricity
|-supereffective|p2a: Toxtricity
|-damage|p2a: Toxtricity|35/100
|move|p2a: Toxtricity|Overdrive|p1a: Lucario
|-damage|p1a: Lucario|10/100
|
|upkeep
|turn|27
|c|☆Gyorg Costanza|gg
|c|☆Ctrl G-Max|gg
|-message|Gyorg Costanza forfeited.
|
|win|Ctrl G-Max
|l|☆Gyorg Costanza
