|ScrapeTime|2020-01-01-04:15:26
|j|☆LucilferVI
|j|☆JediMindTrix
|player|p1|LucilferVI|n|1119
|player|p2|JediMindTrix|blaine|1154
|teamsize|p1|6
|teamsize|p2|6
|gametype|singles
|gen|8
|tier|[Gen 8] OU
|rated|
|rule|Sleep Clause Mod: Limit one foe put to sleep
|rule|Species Clause: Limit one of each Pokémon
|rule|OHKO Clause: OHKO moves are banned
|rule|Evasion Moves Clause: Evasion moves are banned
|rule|Endless Battle Clause: Forcing endless battles is banned
|rule|HP Percentage Mod: HP is shown in percentages
|clearpoke
|poke|p1|Hatterene, F|
|poke|p1|Arctozolt|
|poke|p1|Milotic, F|
|poke|p1|Ferrothorn, M|
|poke|p1|Kommo-o, F|
|poke|p1|Corviknight, F|
|poke|p2|Shuckle, M|
|poke|p2|Toxtricity, F|
|poke|p2|Tsareena, F|
|poke|p2|Dracovish|
|poke|p2|Rotom-Wash|
|poke|p2|Reuniclus, F|
|rule|Dynamax Clause: You cannot dynamax
|teampreview
|inactive|Battle timer is ON: inactive players will automatically lose when time's up. (requested by JediMindTrix)
|
|start
|switch|p1a: Hatterene|Hatterene, F|100/100
|switch|p2a: Shuckle|Shuckle, M, shiny|100/100
|turn|1
|
|switch|p1a: Milotic|Milotic, F|100/100
|move|p2a: Shuckle|Knock Off|p1a: Milotic
|-damage|p1a: Milotic|97/100
|-enditem|p1a: Milotic|Leftovers|[from] move: Knock Off|[of] p2a: Shuckle
|
|upkeep
|turn|2
|
|move|p1a: Milotic|Scald|p2a: Shuckle
|-supereffective|p2a: Shuckle
|-damage|p2a: Shuckle|64/100
|-status|p2a: Shuckle|brn
|move|p2a: Shuckle|Stealth Rock|p1a: Milotic
|-sidestart|p1: LucilferVI|move: Stealth Rock
|
|-damage|p2a: Shuckle|58/100 brn|[from] brn
|upkeep
|turn|3
|
|move|p1a: Milotic|Scald|p2a: Shuckle
|-supereffective|p2a: Shuckle
|-damage|p2a: Shuckle|18/100 brn
|move|p2a: Shuckle|Sticky Web|p1a: Milotic
|-sidestart|p1: LucilferVI|move: Sticky Web
|
|-damage|p2a: Shuckle|11/100 brn|[from] brn
|upkeep
|turn|4
|
|move|p1a: Milotic|Scald|p2a: Shuckle
|-supereffective|p2a: Shuckle
|-damage|p2a: Shuckle|0 fnt
|faint|p2a: Shuckle
|
|upkeep
|
|switch|p2a: Toxtricity|Toxtricity, F|100/100
|turn|5
|inactive|LucilferVI has 120 seconds left.
|
|switch|p1a: Ferrothorn|Ferrothorn, M|100/100
|-activate|p1a: Ferrothorn|move: Sticky Web
|-unboost|p1a: Ferrothorn|spe|1
|-damage|p1a: Ferrothorn|94/100|[from] Stealth Rock
|move|p2a: Toxtricity|Overdrive|p1a: Ferrothorn
|-resisted|p1a: Ferrothorn
|-damage|p1a: Ferrothorn|80/100
|-enditem|p2a: Toxtricity|Throat Spray
|-boost|p2a: Toxtricity|spa|1
|
|-heal|p1a: Ferrothorn|86/100|[from] item: Leftovers
|upkeep
|turn|6
|
|switch|p2a: Rotom|Rotom-Wash|100/100
|move|p1a: Ferrothorn|Stealth Rock|p2a: Rotom
|-sidestart|p2: JediMindTrix|move: Stealth Rock
|
|-heal|p1a: Ferrothorn|92/100|[from] item: Leftovers
|upkeep
|turn|7
|
|move|p2a: Rotom|Trick|p1a: Ferrothorn
|-activate|p2a: Rotom|move: Trick|[of] p1a: Ferrothorn
|-item|p1a: Ferrothorn|Choice Scarf|[from] move: Trick
|-item|p2a: Rotom|Leftovers|[from] move: Trick
|move|p1a: Ferrothorn|Leech Seed|p2a: Rotom|[miss]
|-miss|p1a: Ferrothorn|p2a: Rotom
|
|upkeep
|turn|8
|
|move|p2a: Rotom|Will-O-Wisp|p1a: Ferrothorn
|-status|p1a: Ferrothorn|brn
|move|p1a: Ferrothorn|Leech Seed|p2a: Rotom
|-start|p2a: Rotom|move: Leech Seed
|
|-damage|p2a: Rotom|88/100|[from] Leech Seed|[of] p1a: Ferrothorn
|-heal|p1a: Ferrothorn|100/100 brn|[silent]
|-damage|p1a: Ferrothorn|94/100 brn|[from] brn
|upkeep
|turn|9
|
|move|p2a: Rotom|Volt Switch|p1a: Ferrothorn
|-resisted|p1a: Ferrothorn
|-damage|p1a: Ferrothorn|84/100 brn
|
|switch|p2a: Tsareena|Tsareena, F, shiny|100/100|[from]move: Volt Switch
|-damage|p2a: Tsareena|88/100|[from] Stealth Rock
|move|p1a: Ferrothorn|Leech Seed|p2a: Tsareena
|-immune|p2a: Tsareena
|
|-damage|p1a: Ferrothorn|78/100 brn|[from] brn
|upkeep
|turn|10
|
|move|p2a: Tsareena|Taunt|p1a: Ferrothorn
|-start|p1a: Ferrothorn|move: Taunt
|cant|p1a: Ferrothorn|move: Taunt|Leech Seed
|
|-damage|p1a: Ferrothorn|72/100 brn|[from] brn
|upkeep
|turn|11
|
|switch|p1a: Kommo-o|Kommo-o, F|100/100
|-activate|p1a: Kommo-o|move: Sticky Web
|-unboost|p1a: Kommo-o|spe|1
|-damage|p1a: Kommo-o|94/100|[from] Stealth Rock
|move|p2a: Tsareena|Rapid Spin|p1a: Kommo-o
|-damage|p1a: Kommo-o|84/100
|-sideend|p2: JediMindTrix|Stealth Rock|[from] move: Rapid Spin|[of] p2a: Tsareena
|-boost|p2a: Tsareena|spe|1
|
|upkeep
|turn|12
|
|move|p2a: Tsareena|Taunt|p1a: Kommo-o
|-start|p1a: Kommo-o|move: Taunt
|cant|p1a: Kommo-o|move: Taunt|Clangorous Soul
|
|upkeep
|turn|13
|
|move|p2a: Tsareena|Reflect|p2a: Tsareena
|-sidestart|p2: JediMindTrix|Reflect
|move|p1a: Kommo-o|Clanging Scales|p2a: Tsareena
|-damage|p2a: Tsareena|61/100
|-unboost|p1a: Kommo-o|def|1
|-enditem|p1a: Kommo-o|Throat Spray
|-boost|p1a: Kommo-o|spa|1
|
|upkeep
|turn|14
|
|move|p2a: Tsareena|Light Screen|p2a: Tsareena
|-sidestart|p2: JediMindTrix|move: Light Screen
|move|p1a: Kommo-o|Clanging Scales|p2a: Tsareena
|-damage|p2a: Tsareena|42/100
|-unboost|p1a: Kommo-o|def|1
|
|-end|p1a: Kommo-o|move: Taunt
|upkeep
|turn|15
|
|switch|p2a: Reuniclus|Reuniclus, F, shiny|100/100
|move|p1a: Kommo-o|Clanging Scales|p2a: Reuniclus
|-damage|p2a: Reuniclus|78/100
|-unboost|p1a: Kommo-o|def|1
|
|-heal|p2a: Reuniclus|84/100|[from] item: Leftovers
|upkeep
|turn|16
|inactive|LucilferVI has 120 seconds left.
|
|switch|p1a: Hatterene|Hatterene, F|100/100
|-activate|p1a: Hatterene|move: Sticky Web
|-unboost|p1a: Hatterene|spe|1
|-damage|p1a: Hatterene|88/100|[from] Stealth Rock
|move|p2a: Reuniclus|Calm Mind|p2a: Reuniclus
|-boost|p2a: Reuniclus|spa|1
|-boost|p2a: Reuniclus|spd|1
|
|-heal|p2a: Reuniclus|90/100|[from] item: Leftovers
|upkeep
|turn|17
|
|move|p2a: Reuniclus|Calm Mind|p2a: Reuniclus
|-boost|p2a: Reuniclus|spa|1
|-boost|p2a: Reuniclus|spd|1
|move|p1a: Hatterene|Trick Room|p1a: Hatterene
|-fieldstart|move: Trick Room|[of] p1a: Hatterene
|
|-heal|p2a: Reuniclus|96/100|[from] item: Leftovers
|upkeep
|turn|18
|inactive|LucilferVI has 90 seconds left.
|
|move|p1a: Hatterene|Giga Drain|p2a: Reuniclus
|-damage|p2a: Reuniclus|90/100
|-heal|p1a: Hatterene|95/100|[from] drain|[of] p2a: Reuniclus
|move|p2a: Reuniclus|Acid Armor|p2a: Reuniclus
|-boost|p2a: Reuniclus|def|2
|
|-heal|p2a: Reuniclus|96/100|[from] item: Leftovers
|upkeep
|turn|19
|inactive|LucilferVI has 90 seconds left.
|
|move|p1a: Hatterene|Dazzling Gleam|p2a: Reuniclus
|-damage|p2a: Reuniclus|87/100
|move|p2a: Reuniclus|Calm Mind|p2a: Reuniclus
|-boost|p2a: Reuniclus|spa|1
|-boost|p2a: Reuniclus|spd|1
|
|-heal|p2a: Reuniclus|93/100|[from] item: Leftovers
|upkeep
|turn|20
|
|move|p1a: Hatterene|Psychic|p2a: Reuniclus
|-resisted|p2a: Reuniclus
|-damage|p2a: Reuniclus|88/100
|move|p2a: Reuniclus|Calm Mind|p2a: Reuniclus
|-boost|p2a: Reuniclus|spa|1
|-boost|p2a: Reuniclus|spd|1
|
|-heal|p2a: Reuniclus|94/100|[from] item: Leftovers
|-sideend|p2: JediMindTrix|Reflect
|upkeep
|turn|21
|inactive|LucilferVI has 90 seconds left.
|
|switch|p1a: Ferrothorn|Ferrothorn, M|72/100 brn
|-activate|p1a: Ferrothorn|move: Sticky Web
|-unboost|p1a: Ferrothorn|spe|1
|-damage|p1a: Ferrothorn|66/100 brn|[from] Stealth Rock
|move|p2a: Reuniclus|Calm Mind|p2a: Reuniclus
|-boost|p2a: Reuniclus|spa|1
|-boost|p2a: Reuniclus|spd|1
|
|-heal|p2a: Reuniclus|100/100|[from] item: Leftovers
|-damage|p1a: Ferrothorn|59/100 brn|[from] brn
|-sideend|p2: JediMindTrix|move: Light Screen
|-fieldend|move: Trick Room
|upkeep
|turn|22
|
|move|p2a: Reuniclus|Calm Mind|p2a: Reuniclus
|-boost|p2a: Reuniclus|spa|1
|-boost|p2a: Reuniclus|spd|1
|move|p1a: Ferrothorn|Knock Off|p2a: Reuniclus
|-supereffective|p2a: Reuniclus
|-damage|p2a: Reuniclus|92/100
|-enditem|p2a: Reuniclus|Leftovers|[from] move: Knock Off|[of] p1a: Ferrothorn
|
|-damage|p1a: Ferrothorn|53/100 brn|[from] brn
|upkeep
|turn|23
|inactive|LucilferVI has 90 seconds left.
|
|move|p2a: Reuniclus|Acid Armor|p2a: Reuniclus
|-boost|p2a: Reuniclus|def|2
|move|p1a: Ferrothorn|Knock Off|p2a: Reuniclus
|-supereffective|p2a: Reuniclus
|-damage|p2a: Reuniclus|88/100
|
|-damage|p1a: Ferrothorn|47/100 brn|[from] brn
|upkeep
|turn|24
|
|switch|p1a: Milotic|Milotic, F|97/100
|-activate|p1a: Milotic|move: Sticky Web
|-unboost|p1a: Milotic|spe|1
|-damage|p1a: Milotic|84/100|[from] Stealth Rock
|move|p2a: Reuniclus|Acid Armor|p2a: Reuniclus
|-boost|p2a: Reuniclus|def|2
|
|upkeep
|turn|25
|
|move|p1a: Milotic|Haze|p1a: Milotic
|-clearallboost
|move|p2a: Reuniclus|Psychic|p1a: Milotic
|-damage|p1a: Milotic|56/100
|
|upkeep
|turn|26
|
|switch|p1a: Ferrothorn|Ferrothorn, M|47/100 brn
|-damage|p1a: Ferrothorn|41/100 brn|[from] Stealth Rock
|-activate|p1a: Ferrothorn|move: Sticky Web
|-unboost|p1a: Ferrothorn|spe|1
|switch|p2a: Dracovish|Dracovish|100/100
|
|-damage|p1a: Ferrothorn|34/100 brn|[from] brn
|upkeep
|turn|27
|inactive|LucilferVI has 120 seconds left.
|
|move|p2a: Dracovish|Fishious Rend|p1a: Ferrothorn
|-resisted|p1a: Ferrothorn
|-damage|p1a: Ferrothorn|0 fnt
|-damage|p2a: Dracovish|88/100|[from] ability: Iron Barbs|[of] p1a: Ferrothorn
|faint|p1a: Ferrothorn
|
|upkeep
|
|switch|p1a: Arctozolt|Arctozolt|100/100
|-damage|p1a: Arctozolt|75/100|[from] Stealth Rock
|-activate|p1a: Arctozolt|move: Sticky Web
|-unboost|p1a: Arctozolt|spe|1
|turn|28
|inactive|LucilferVI has 120 seconds left.
|
|switch|p2a: Tsareena|Tsareena, F, shiny|42/100
|switch|p1a: Milotic|Milotic, F|56/100
|-damage|p1a: Milotic|44/100|[from] Stealth Rock
|-activate|p1a: Milotic|move: Sticky Web
|-unboost|p1a: Milotic|spe|1
|
|upkeep
|turn|29
|inactive|LucilferVI has 120 seconds left.
|
|switch|p1a: Corviknight|Corviknight, F|100/100
|-damage|p1a: Corviknight|88/100|[from] Stealth Rock
|move|p2a: Tsareena|Taunt|p1a: Corviknight
|-start|p1a: Corviknight|move: Taunt
|
|upkeep
|turn|30
|
|move|p2a: Tsareena|Reflect|p2a: Tsareena
|-sidestart|p2: JediMindTrix|Reflect
|move|p1a: Corviknight|Brave Bird|p2a: Tsareena
|-supereffective|p2a: Tsareena
|-damage|p2a: Tsareena|0 fnt
|-damage|p1a: Corviknight|76/100|[from] Recoil
|faint|p2a: Tsareena
|
|upkeep
|
|switch|p2a: Toxtricity|Toxtricity, F|100/100
|turn|31
|
|switch|p1a: Arctozolt|Arctozolt|75/100
|-damage|p1a: Arctozolt|50/100|[from] Stealth Rock
|-activate|p1a: Arctozolt|move: Sticky Web
|-unboost|p1a: Arctozolt|spe|1
|move|p2a: Toxtricity|Overdrive|p1a: Arctozolt
|-resisted|p1a: Arctozolt
|-damage|p1a: Arctozolt|23/100
|
|upkeep
|turn|32
|
|move|p2a: Toxtricity|Boomburst|p1a: Arctozolt
|-damage|p1a: Arctozolt|0 fnt
|faint|p1a: Arctozolt
|
|upkeep
|
|switch|p1a: Hatterene|Hatterene, F|95/100
|-activate|p1a: Hatterene|move: Sticky Web
|-unboost|p1a: Hatterene|spe|1
|-damage|p1a: Hatterene|83/100|[from] Stealth Rock
|turn|33
|
|move|p2a: Toxtricity|Overdrive|p1a: Hatterene
|-damage|p1a: Hatterene|15/100
|move|p1a: Hatterene|Trick Room|p1a: Hatterene
|-fieldstart|move: Trick Room|[of] p1a: Hatterene
|
|upkeep
|turn|34
|
|move|p1a: Hatterene|Psychic|p2a: Toxtricity
|-supereffective|p2a: Toxtricity
|-damage|p2a: Toxtricity|0 fnt
|faint|p2a: Toxtricity
|
|upkeep
|
|switch|p2a: Dracovish|Dracovish|88/100
|turn|35
|
|move|p1a: Hatterene|Dazzling Gleam|p2a: Dracovish
|-supereffective|p2a: Dracovish
|-damage|p2a: Dracovish|0 fnt
|faint|p2a: Dracovish
|
|upkeep
|
|switch|p2a: Rotom|Rotom-Wash|88/100
|turn|36
|
|move|p1a: Hatterene|Giga Drain|p2a: Rotom
|-supereffective|p2a: Rotom
|-damage|p2a: Rotom|4/100
|-heal|p1a: Hatterene|66/100|[from] drain|[of] p2a: Rotom
|move|p2a: Rotom|Volt Switch|p1a: Hatterene
|-damage|p1a: Hatterene|28/100
|
|switch|p2a: Reuniclus|Reuniclus, F, shiny|88/100|[from]move: Volt Switch
|
|upkeep
|turn|37
|
|move|p1a: Hatterene|Dazzling Gleam|p2a: Reuniclus
|-damage|p2a: Reuniclus|47/100
|move|p2a: Reuniclus|Psychic|p1a: Hatterene
|-resisted|p1a: Hatterene
|-damage|p1a: Hatterene|4/100
|
|-sideend|p2: JediMindTrix|Reflect
|-fieldend|move: Trick Room
|upkeep
|turn|38
|
|move|p2a: Reuniclus|Psychic|p1a: Hatterene
|-resisted|p1a: Hatterene
|-damage|p1a: Hatterene|0 fnt
|faint|p1a: Hatterene
|
|upkeep
|
|switch|p1a: Corviknight|Corviknight, F|76/100
|-damage|p1a: Corviknight|64/100|[from] Stealth Rock
|turn|39
|
|move|p1a: Corviknight|Bulk Up|p1a: Corviknight
|-boost|p1a: Corviknight|atk|1
|-boost|p1a: Corviknight|def|1
|move|p2a: Reuniclus|Recover|p2a: Reuniclus
|-heal|p2a: Reuniclus|97/100
|
|upkeep
|turn|40
|
|move|p1a: Corviknight|Brave Bird|p2a: Reuniclus
|-damage|p2a: Reuniclus|35/100
|-damage|p1a: Corviknight|42/100|[from] Recoil
|move|p2a: Reuniclus|Acid Armor|p2a: Reuniclus
|-boost|p2a: Reuniclus|def|2
|
|upkeep
|turn|41
|
|move|p1a: Corviknight|Brave Bird|p2a: Reuniclus
|-damage|p2a: Reuniclus|6/100
|-damage|p1a: Corviknight|32/100|[from] Recoil
|move|p2a: Reuniclus|Recover|p2a: Reuniclus
|-heal|p2a: Reuniclus|56/100
|
|upkeep
|turn|42
|
|move|p1a: Corviknight|Brave Bird|p2a: Reuniclus
|-damage|p2a: Reuniclus|28/100
|-damage|p1a: Corviknight|22/100|[from] Recoil
|move|p2a: Reuniclus|Recover|p2a: Reuniclus
|-heal|p2a: Reuniclus|78/100
|
|upkeep
|turn|43
|
|switch|p1a: Milotic|Milotic, F|44/100
|-damage|p1a: Milotic|31/100|[from] Stealth Rock
|-activate|p1a: Milotic|move: Sticky Web
|-unboost|p1a: Milotic|spe|1
|move|p2a: Reuniclus|Psychic|p1a: Milotic
|-damage|p1a: Milotic|4/100
|
|upkeep
|turn|44
|
|move|p1a: Milotic|Haze|p1a: Milotic
|-clearallboost
|move|p2a: Reuniclus|Psychic|p1a: Milotic
|-damage|p1a: Milotic|0 fnt
|faint|p1a: Milotic
|
|upkeep
|
|switch|p1a: Corviknight|Corviknight, F|22/100
|-damage|p1a: Corviknight|10/100|[from] Stealth Rock
|turn|45
|
|move|p1a: Corviknight|Brave Bird|p2a: Reuniclus
|-damage|p2a: Reuniclus|40/100
|-damage|p1a: Corviknight|0 fnt|[from] Recoil
|faint|p1a: Corviknight
|move|p2a: Reuniclus|Acid Armor|p2a: Reuniclus
|-boost|p2a: Reuniclus|def|2
|
|upkeep
|
|switch|p1a: Kommo-o|Kommo-o, F|84/100
|-damage|p1a: Kommo-o|78/100|[from] Stealth Rock
|-activate|p1a: Kommo-o|move: Sticky Web
|-unboost|p1a: Kommo-o|spe|1
|turn|46
|
|move|p1a: Kommo-o|Clanging Scales|p2a: Reuniclus
|-damage|p2a: Reuniclus|9/100
|-unboost|p1a: Kommo-o|def|1
|move|p2a: Reuniclus|Psychic|p1a: Kommo-o
|-supereffective|p1a: Kommo-o
|-crit|p1a: Kommo-o
|-damage|p1a: Kommo-o|0 fnt
|faint|p1a: Kommo-o
|
|win|JediMindTrix
|raw|LucilferVI's rating: 1119 → 1096(-23 for losing)
|raw|JediMindTrix's rating: 1154 → 1177(+23 for winning)
|c|☆JediMindTrix|Gg
|l|☆LucilferVI
