|ScrapeTime|2020-01-01-01:35:09
|j|☆Jozujo91
|j|☆Dezroto
|player|p1|Jozujo91|170|1312
|player|p2|Dezroto|hilbert-dueldisk|1306
|teamsize|p1|6
|teamsize|p2|6
|gametype|singles
|gen|8
|tier|[Gen 8] OU
|rated|
|rule|Sleep Clause Mod: Limit one foe put to sleep
|rule|Species Clause: Limit one of each Pokémon
|rule|OHKO Clause: OHKO moves are banned
|rule|Evasion Moves Clause: Evasion moves are banned
|rule|Endless Battle Clause: Forcing endless battles is banned
|rule|HP Percentage Mod: HP is shown in percentages
|clearpoke
|poke|p1|Aegislash, F|
|poke|p1|Dragapult, M|
|poke|p1|Dracovish|
|poke|p1|Ferrothorn, F|
|poke|p1|Corviknight, M|
|poke|p1|Seismitoad, M|
|poke|p2|Mandibuzz, F|
|poke|p2|Arcanine, F|
|poke|p2|Seismitoad, F|
|poke|p2|Weezing-Galar, F|
|poke|p2|Dragapult, M|
|poke|p2|Dracozolt|
|rule|Dynamax Clause: You cannot dynamax
|teampreview
|c|☆Dezroto|glhf
|c|☆Jozujo91|gl
|inactive|Battle timer is ON: inactive players will automatically lose when time's up. (requested by Dezroto)
|
|start
|switch|p1a: gro porc|Seismitoad, M|100/100
|switch|p2a: Weezing|Weezing-Galar, F|100/100
|-ability|p2a: Weezing|Neutralizing Gas
|turn|1
|
|move|p1a: gro porc|Stealth Rock|p2a: Weezing
|-sidestart|p2: Dezroto|move: Stealth Rock
|move|p2a: Weezing|Will-O-Wisp|p1a: gro porc|[miss]
|-miss|p2a: Weezing|p1a: gro porc
|
|upkeep
|turn|2
|
|move|p1a: gro porc|Scald|p2a: Weezing
|-damage|p2a: Weezing|70/100
|move|p2a: Weezing|Will-O-Wisp|p1a: gro porc
|-status|p1a: gro porc|brn
|
|-heal|p2a: Weezing|76/100|[from] item: Black Sludge
|-damage|p1a: gro porc|94/100 brn|[from] brn
|upkeep
|turn|3
|
|switch|p2a: Seismitoad|Seismitoad, F|100/100
|-damage|p2a: Seismitoad|94/100|[from] Stealth Rock
|move|p1a: gro porc|Scald|p2a: Seismitoad
|-heal|p2a: Seismitoad|100/100|[from] ability: Water Absorb|[of] p1a: gro porc
|
|-heal|p1a: gro porc|100/100 brn|[from] item: Leftovers
|-damage|p1a: gro porc|94/100 brn|[from] brn
|upkeep
|turn|4
|
|move|p2a: Seismitoad|Stealth Rock|p1a: gro porc
|-sidestart|p1: Jozujo91|move: Stealth Rock
|move|p1a: gro porc|Toxic|p2a: Seismitoad
|-status|p2a: Seismitoad|tox
|
|-heal|p1a: gro porc|100/100 brn|[from] item: Leftovers
|-damage|p2a: Seismitoad|94/100 tox|[from] psn
|-damage|p1a: gro porc|94/100 brn|[from] brn
|upkeep
|turn|5
|inactive|Jozujo91 has 120 seconds left.
|
|switch|p2a: Mandibuzz|Mandibuzz, F|100/100
|switch|p1a: irone mane|Corviknight, M|100/100
|-damage|p1a: irone mane|88/100|[from] Stealth Rock
|-ability|p1a: irone mane|Pressure
|
|-heal|p1a: irone mane|94/100|[from] item: Leftovers
|upkeep
|turn|6
|inactive|Jozujo91 has 120 seconds left.
|
|move|p2a: Mandibuzz|Taunt|p1a: irone mane
|-start|p1a: irone mane|move: Taunt
|cant|p1a: irone mane|move: Taunt|Iron Defense
|
|-heal|p1a: irone mane|100/100|[from] item: Leftovers
|upkeep
|turn|7
|
|move|p2a: Mandibuzz|Defog|p1a: irone mane
|-unboost|p1a: irone mane|evasion|1
|-sideend|p1: Jozujo91|Stealth Rock|[from] move: Defog|[of] p2a: Mandibuzz
|-sideend|p2: Dezroto|Stealth Rock|[from] move: Defog|[of] p2a: Mandibuzz
|move|p1a: irone mane|Body Press|p2a: Mandibuzz
|-damage|p2a: Mandibuzz|85/100
|
|upkeep
|turn|8
|inactive|Jozujo91 has 120 seconds left.
|inactive|Dezroto has 120 seconds left.
|
|switch|p2a: Dracozolt|Dracozolt|100/100
|switch|p1a: baby vomito|Dragapult, M|100/100
|
|upkeep
|turn|9
|inactive|Dezroto has 120 seconds left.
|inactive|Jozujo91 has 90 seconds left.
|
|switch|p2a: Arcanine|Arcanine, F|100/100
|-ability|p2a: Arcanine|Intimidate|boost
|-unboost|p1a: baby vomito|atk|1
|move|p1a: baby vomito|Shadow Ball|p2a: Arcanine
|-damage|p2a: Arcanine|64/100
|
|upkeep
|turn|10
|inactive|Dezroto has 120 seconds left.
|inactive|Jozujo91 has 90 seconds left.
|
|move|p1a: baby vomito|Shadow Ball|p2a: Arcanine
|-damage|p2a: Arcanine|26/100
|move|p2a: Arcanine|Play Rough|p1a: baby vomito
|-supereffective|p1a: baby vomito
|-damage|p1a: baby vomito|42/100
|
|upkeep
|turn|11
|
|switch|p2a: Mandibuzz|Mandibuzz, F|85/100
|move|p1a: baby vomito|Shadow Ball|p2a: Mandibuzz
|-resisted|p2a: Mandibuzz
|-damage|p2a: Mandibuzz|63/100
|
|upkeep
|turn|12
|
|switch|p1a: Titouan|Dracovish|100/100
|move|p2a: Mandibuzz|Foul Play|p1a: Titouan
|-damage|p1a: Titouan|58/100
|
|upkeep
|turn|13
|inactive|Jozujo91 has 90 seconds left.
|
|switch|p2a: Arcanine|Arcanine, F|26/100
|-ability|p2a: Arcanine|Intimidate|boost
|-unboost|p1a: Titouan|atk|1
|move|p1a: Titouan|Psychic Fangs|p2a: Arcanine
|-damage|p2a: Arcanine|0 fnt
|faint|p2a: Arcanine
|
|upkeep
|inactive|Dezroto has 120 seconds left.
|
|switch|p2a: Weezing|Weezing-Galar, F|76/100
|-ability|p2a: Weezing|Neutralizing Gas
|turn|14
|inactive|Jozujo91 has 90 seconds left.
|
|move|p1a: Titouan|Psychic Fangs|p2a: Weezing
|-supereffective|p2a: Weezing
|-damage|p2a: Weezing|44/100
|move|p2a: Weezing|Will-O-Wisp|p1a: Titouan
|-status|p1a: Titouan|brn
|
|-heal|p2a: Weezing|50/100|[from] item: Black Sludge
|-damage|p1a: Titouan|52/100 brn|[from] brn
|upkeep
|turn|15
|inactive|Jozujo91 has 90 seconds left.
|
|switch|p1a: aie ca pik|Ferrothorn, F|100/100
|switch|p2a: Mandibuzz|Mandibuzz, F|63/100
|
|upkeep
|turn|16
|inactive|Jozujo91 has 90 seconds left.
|
|move|p2a: Mandibuzz|Taunt|p1a: aie ca pik
|-start|p1a: aie ca pik|move: Taunt
|move|p1a: aie ca pik|Power Whip|p2a: Mandibuzz
|-resisted|p2a: Mandibuzz
|-damage|p2a: Mandibuzz|52/100
|
|upkeep
|turn|17
|inactive|Jozujo91 has 90 seconds left.
|
|switch|p1a: Titouan|Dracovish|52/100 brn
|move|p2a: Mandibuzz|Roost|p2a: Mandibuzz
|-heal|p2a: Mandibuzz|100/100
|-singleturn|p2a: Mandibuzz|move: Roost
|
|-damage|p1a: Titouan|46/100 brn|[from] brn
|upkeep
|turn|18
|inactive|Jozujo91 has 90 seconds left.
|
|move|p1a: Titouan|Fishious Rend|p2a: Mandibuzz
|-damage|p2a: Mandibuzz|54/100
|move|p2a: Mandibuzz|Foul Play|p1a: Titouan
|-damage|p1a: Titouan|2/100 brn
|
|-damage|p1a: Titouan|0 fnt|[from] brn
|faint|p1a: Titouan
|upkeep
|inactive|Jozujo91 has 90 seconds left.
|
|switch|p1a: baby vomito|Dragapult, M|42/100
|turn|19
|inactive|Jozujo91 has 90 seconds left.
|inactive|Dezroto has 120 seconds left.
|
|switch|p2a: Weezing|Weezing-Galar, F|50/100
|-ability|p2a: Weezing|Neutralizing Gas
|move|p1a: baby vomito|Draco Meteor|p2a: Weezing
|-immune|p2a: Weezing
|
|-heal|p2a: Weezing|56/100|[from] item: Black Sludge
|upkeep
|turn|20
|inactive|Dezroto has 120 seconds left.
|inactive|Jozujo91 has 60 seconds left.
|
|move|p1a: baby vomito|Draco Meteor|p2a: Weezing
|-immune|p2a: Weezing
|move|p2a: Weezing|Strange Steam|p1a: baby vomito
|-supereffective|p1a: baby vomito
|-damage|p1a: baby vomito|0 fnt
|faint|p1a: baby vomito
|
|-heal|p2a: Weezing|62/100|[from] item: Black Sludge
|upkeep
|
|switch|p1a: irone mane|Corviknight, M|100/100
|turn|21
|
|move|p1a: irone mane|Iron Defense|p1a: irone mane
|-boost|p1a: irone mane|def|2
|move|p2a: Weezing|Will-O-Wisp|p1a: irone mane
|-status|p1a: irone mane|brn
|
|-heal|p2a: Weezing|68/100|[from] item: Black Sludge
|-damage|p1a: irone mane|94/100 brn|[from] brn
|upkeep
|turn|22
|
|move|p1a: irone mane|Iron Defense|p1a: irone mane
|-boost|p1a: irone mane|def|2
|move|p2a: Weezing|Taunt|p1a: irone mane
|-start|p1a: irone mane|move: Taunt
|
|-heal|p1a: irone mane|100/100 brn|[from] item: Leftovers
|-heal|p2a: Weezing|74/100|[from] item: Black Sludge
|-damage|p1a: irone mane|94/100 brn|[from] brn
|upkeep
|turn|23
|
|-ability|p1a: irone mane|Pressure
|switch|p2a: Mandibuzz|Mandibuzz, F|54/100
|move|p1a: irone mane|Body Press|p2a: Mandibuzz
|-damage|p2a: Mandibuzz|34/100
|
|-heal|p1a: irone mane|100/100 brn|[from] item: Leftovers
|-damage|p1a: irone mane|94/100 brn|[from] brn
|upkeep
|turn|24
|inactive|Jozujo91 has 60 seconds left.
|inactive|Dezroto has 120 seconds left.
|
|move|p2a: Mandibuzz|Roost|p2a: Mandibuzz
|-heal|p2a: Mandibuzz|84/100
|-singleturn|p2a: Mandibuzz|move: Roost
|move|p1a: irone mane|Body Press|p2a: Mandibuzz
|-supereffective|p2a: Mandibuzz
|-damage|p2a: Mandibuzz|38/100
|
|-heal|p1a: irone mane|100/100 brn|[from] item: Leftovers
|-damage|p1a: irone mane|94/100 brn|[from] brn
|upkeep
|turn|25
|inactive|Jozujo91 has 60 seconds left.
|
|move|p2a: Mandibuzz|Roost|p2a: Mandibuzz
|-heal|p2a: Mandibuzz|88/100
|-singleturn|p2a: Mandibuzz|move: Roost
|move|p1a: irone mane|Body Press|p2a: Mandibuzz
|-supereffective|p2a: Mandibuzz
|-damage|p2a: Mandibuzz|47/100
|
|-heal|p1a: irone mane|100/100 brn|[from] item: Leftovers
|-damage|p1a: irone mane|94/100 brn|[from] brn
|-end|p1a: irone mane|move: Taunt
|upkeep
|turn|26
|inactive|Dezroto has 120 seconds left.
|inactive|Jozujo91 has 60 seconds left.
|
|move|p2a: Mandibuzz|Taunt|p1a: irone mane
|-start|p1a: irone mane|move: Taunt
|move|p1a: irone mane|Body Press|p2a: Mandibuzz
|-damage|p2a: Mandibuzz|25/100
|
|-heal|p1a: irone mane|100/100 brn|[from] item: Leftovers
|-damage|p1a: irone mane|94/100 brn|[from] brn
|upkeep
|turn|27
|inactive|Dezroto has 120 seconds left.
|
|move|p2a: Mandibuzz|Roost|p2a: Mandibuzz
|-heal|p2a: Mandibuzz|75/100
|-singleturn|p2a: Mandibuzz|move: Roost
|move|p1a: irone mane|Body Press|p2a: Mandibuzz
|-supereffective|p2a: Mandibuzz
|-damage|p2a: Mandibuzz|35/100
|
|-heal|p1a: irone mane|100/100 brn|[from] item: Leftovers
|-damage|p1a: irone mane|94/100 brn|[from] brn
|upkeep
|turn|28
|
|move|p2a: Mandibuzz|Roost|p2a: Mandibuzz
|-heal|p2a: Mandibuzz|85/100
|-singleturn|p2a: Mandibuzz|move: Roost
|move|p1a: irone mane|Body Press|p2a: Mandibuzz
|-supereffective|p2a: Mandibuzz
|-damage|p2a: Mandibuzz|38/100
|
|-heal|p1a: irone mane|100/100 brn|[from] item: Leftovers
|-damage|p1a: irone mane|94/100 brn|[from] brn
|-end|p1a: irone mane|move: Taunt
|upkeep
|turn|29
|
|move|p2a: Mandibuzz|Taunt|p1a: irone mane
|-start|p1a: irone mane|move: Taunt
|cant|p1a: irone mane|move: Taunt|Iron Defense
|
|-heal|p1a: irone mane|100/100 brn|[from] item: Leftovers
|-damage|p1a: irone mane|94/100 brn|[from] brn
|upkeep
|turn|30
|
|move|p2a: Mandibuzz|Roost|p2a: Mandibuzz
|-heal|p2a: Mandibuzz|88/100
|-singleturn|p2a: Mandibuzz|move: Roost
|move|p1a: irone mane|Body Press|p2a: Mandibuzz
|-supereffective|p2a: Mandibuzz
|-damage|p2a: Mandibuzz|46/100
|
|-heal|p1a: irone mane|100/100 brn|[from] item: Leftovers
|-damage|p1a: irone mane|94/100 brn|[from] brn
|upkeep
|turn|31
|
|move|p2a: Mandibuzz|Roost|p2a: Mandibuzz
|-heal|p2a: Mandibuzz|96/100
|-singleturn|p2a: Mandibuzz|move: Roost
|move|p1a: irone mane|Body Press|p2a: Mandibuzz
|-supereffective|p2a: Mandibuzz
|-damage|p2a: Mandibuzz|55/100
|
|-heal|p1a: irone mane|100/100 brn|[from] item: Leftovers
|-damage|p1a: irone mane|94/100 brn|[from] brn
|-end|p1a: irone mane|move: Taunt
|upkeep
|turn|32
|
|move|p2a: Mandibuzz|Taunt|p1a: irone mane
|-start|p1a: irone mane|move: Taunt
|move|p1a: irone mane|Body Press|p2a: Mandibuzz
|-damage|p2a: Mandibuzz|32/100
|
|-heal|p1a: irone mane|100/100 brn|[from] item: Leftovers
|-damage|p1a: irone mane|94/100 brn|[from] brn
|upkeep
|turn|33
|
|move|p2a: Mandibuzz|Roost|p2a: Mandibuzz
|-heal|p2a: Mandibuzz|82/100
|-singleturn|p2a: Mandibuzz|move: Roost
|move|p1a: irone mane|Body Press|p2a: Mandibuzz
|-supereffective|p2a: Mandibuzz
|-damage|p2a: Mandibuzz|39/100
|
|-heal|p1a: irone mane|100/100 brn|[from] item: Leftovers
|-damage|p1a: irone mane|94/100 brn|[from] brn
|upkeep
|turn|34
|
|move|p2a: Mandibuzz|Roost|p2a: Mandibuzz
|-heal|p2a: Mandibuzz|89/100
|-singleturn|p2a: Mandibuzz|move: Roost
|move|p1a: irone mane|Body Press|p2a: Mandibuzz
|-supereffective|p2a: Mandibuzz
|-damage|p2a: Mandibuzz|46/100
|
|-heal|p1a: irone mane|100/100 brn|[from] item: Leftovers
|-damage|p1a: irone mane|94/100 brn|[from] brn
|-end|p1a: irone mane|move: Taunt
|upkeep
|turn|35
|inactive|Jozujo91 has 90 seconds left.
|
|move|p2a: Mandibuzz|Taunt|p1a: irone mane
|-start|p1a: irone mane|move: Taunt
|move|p1a: irone mane|Body Press|p2a: Mandibuzz
|-damage|p2a: Mandibuzz|24/100
|
|-heal|p1a: irone mane|100/100 brn|[from] item: Leftovers
|-damage|p1a: irone mane|94/100 brn|[from] brn
|upkeep
|turn|36
|
|move|p2a: Mandibuzz|Roost|p2a: Mandibuzz
|-heal|p2a: Mandibuzz|74/100
|-singleturn|p2a: Mandibuzz|move: Roost
|move|p1a: irone mane|Body Press|p2a: Mandibuzz
|-supereffective|p2a: Mandibuzz
|-damage|p2a: Mandibuzz|27/100
|
|-heal|p1a: irone mane|100/100 brn|[from] item: Leftovers
|-damage|p1a: irone mane|94/100 brn|[from] brn
|upkeep
|turn|37
|
|move|p2a: Mandibuzz|Roost|p2a: Mandibuzz
|-heal|p2a: Mandibuzz|77/100
|-singleturn|p2a: Mandibuzz|move: Roost
|move|p1a: irone mane|Body Press|p2a: Mandibuzz
|-supereffective|p2a: Mandibuzz
|-damage|p2a: Mandibuzz|34/100
|
|-heal|p1a: irone mane|100/100 brn|[from] item: Leftovers
|-damage|p1a: irone mane|94/100 brn|[from] brn
|-end|p1a: irone mane|move: Taunt
|upkeep
|turn|38
|
|move|p2a: Mandibuzz|Taunt|p1a: irone mane
|-start|p1a: irone mane|move: Taunt
|move|p1a: irone mane|Body Press|p2a: Mandibuzz
|-damage|p2a: Mandibuzz|13/100
|
|-heal|p1a: irone mane|100/100 brn|[from] item: Leftovers
|-damage|p1a: irone mane|94/100 brn|[from] brn
|upkeep
|turn|39
|inactive|Jozujo91 has 120 seconds left.
|
|switch|p1a: aie ca pik|Ferrothorn, F|100/100
|move|p2a: Mandibuzz|Roost|p2a: Mandibuzz
|-heal|p2a: Mandibuzz|63/100
|-singleturn|p2a: Mandibuzz|move: Roost
|
|upkeep
|turn|40
|inactive|Jozujo91 has 90 seconds left.
|
|switch|p1a: irone mane|Corviknight, M|94/100 brn
|-ability|p1a: irone mane|Pressure
|move|p2a: Mandibuzz|Taunt|p1a: irone mane
|-start|p1a: irone mane|move: Taunt
|
|-heal|p1a: irone mane|100/100 brn|[from] item: Leftovers
|-damage|p1a: irone mane|94/100 brn|[from] brn
|upkeep
|turn|41
|inactive|Jozujo91 has 90 seconds left.
|
|move|p2a: Mandibuzz|Roost|p2a: Mandibuzz
|-heal|p2a: Mandibuzz|100/100
|-singleturn|p2a: Mandibuzz|move: Roost
|-activate|p1a: irone mane|move: Struggle
|move|p1a: irone mane|Struggle|p2a: Mandibuzz
|-damage|p2a: Mandibuzz|98/100
|-damage|p1a: irone mane|69/100 brn|[from] recoil
|
|-heal|p1a: irone mane|75/100 brn|[from] item: Leftovers
|-damage|p1a: irone mane|69/100 brn|[from] brn
|upkeep
|turn|42
|inactive|Jozujo91 has 90 seconds left.
|
|switch|p1a: aie ca pik|Ferrothorn, F|100/100
|move|p2a: Mandibuzz|Foul Play|p1a: aie ca pik
|-damage|p1a: aie ca pik|76/100
|-damage|p2a: Mandibuzz|85/100|[from] ability: Iron Barbs|[of] p1a: aie ca pik
|
|-heal|p1a: aie ca pik|82/100|[from] item: Leftovers
|upkeep
|turn|43
|inactive|Jozujo91 has 90 seconds left.
|
|move|p2a: Mandibuzz|Taunt|p1a: aie ca pik
|-start|p1a: aie ca pik|move: Taunt
|move|p1a: aie ca pik|Power Whip|p2a: Mandibuzz
|-resisted|p2a: Mandibuzz
|-damage|p2a: Mandibuzz|74/100
|
|-heal|p1a: aie ca pik|88/100|[from] item: Leftovers
|upkeep
|turn|44
|inactive|Jozujo91 has 90 seconds left.
|
|switch|p2a: Dracozolt|Dracozolt|100/100
|move|p1a: aie ca pik|Power Whip|p2a: Dracozolt
|-resisted|p2a: Dracozolt
|-damage|p2a: Dracozolt|78/100
|
|-heal|p1a: aie ca pik|95/100|[from] item: Leftovers
|upkeep
|turn|45
|inactive|Jozujo91 has 90 seconds left.
|
|switch|p1a: gro porc|Seismitoad, M|94/100 brn
|move|p2a: Dracozolt|Fire Fang|p1a: gro porc
|-resisted|p1a: gro porc
|-damage|p1a: gro porc|78/100 brn
|
|-heal|p1a: gro porc|84/100 brn|[from] item: Leftovers
|-damage|p1a: gro porc|78/100 brn|[from] brn
|upkeep
|turn|46
|inactive|Jozujo91 has 90 seconds left.
|
|switch|p2a: Seismitoad|Seismitoad, F|94/100 tox
|move|p1a: gro porc|Toxic|p2a: Seismitoad|[miss]
|-miss|p1a: gro porc|p2a: Seismitoad
|
|-heal|p2a: Seismitoad|100/100 tox|[from] item: Leftovers
|-heal|p1a: gro porc|84/100 brn|[from] item: Leftovers
|-damage|p2a: Seismitoad|94/100 tox|[from] psn
|-damage|p1a: gro porc|78/100 brn|[from] brn
|upkeep
|turn|47
|
|move|p2a: Seismitoad|Earthquake|p1a: gro porc
|-damage|p1a: gro porc|41/100 brn
|move|p1a: gro porc|Stealth Rock|p2a: Seismitoad
|-sidestart|p2: Dezroto|move: Stealth Rock
|
|-heal|p2a: Seismitoad|100/100 tox|[from] item: Leftovers
|-heal|p1a: gro porc|47/100 brn|[from] item: Leftovers
|-damage|p2a: Seismitoad|88/100 tox|[from] psn
|-damage|p1a: gro porc|41/100 brn|[from] brn
|upkeep
|turn|48
|
|move|p1a: gro porc|Protect|p1a: gro porc
|-singleturn|p1a: gro porc|Protect
|move|p2a: Seismitoad|Earthquake|p1a: gro porc
|-activate|p1a: gro porc|move: Protect
|
|-heal|p2a: Seismitoad|94/100 tox|[from] item: Leftovers
|-heal|p1a: gro porc|47/100 brn|[from] item: Leftovers
|-damage|p2a: Seismitoad|76/100 tox|[from] psn
|-damage|p1a: gro porc|41/100 brn|[from] brn
|upkeep
|turn|49
|inactive|Jozujo91 has 90 seconds left.
|
|switch|p1a: SS soldier|Aegislash, F|100/100
|-item|p1a: SS soldier|Air Balloon
|move|p2a: Seismitoad|Stealth Rock|p1a: SS soldier
|-sidestart|p1: Jozujo91|move: Stealth Rock
|
|-heal|p2a: Seismitoad|82/100 tox|[from] item: Leftovers
|-damage|p2a: Seismitoad|58/100 tox|[from] psn
|upkeep
|turn|50
|
|move|p1a: SS soldier|Swords Dance|p1a: SS soldier
|-boost|p1a: SS soldier|atk|2
|move|p2a: Seismitoad|Liquidation|p1a: SS soldier
|-damage|p1a: SS soldier|75/100
|-enditem|p1a: SS soldier|Air Balloon
|
|-heal|p2a: Seismitoad|64/100 tox|[from] item: Leftovers
|-damage|p2a: Seismitoad|34/100 tox|[from] psn
|upkeep
|turn|51
|
|-formechange|p1a: SS soldier|Aegislash-Blade||[from] ability: Stance Change
|move|p1a: SS soldier|Shadow Claw|p2a: Seismitoad
|-damage|p2a: Seismitoad|0 fnt
|faint|p2a: Seismitoad
|
|upkeep
|
|switch|p2a: Mandibuzz|Mandibuzz, F|74/100
|turn|52
|
|switch|p1a: gro porc|Seismitoad, M|41/100 brn
|-damage|p1a: gro porc|35/100 brn|[from] Stealth Rock
|move|p2a: Mandibuzz|Foul Play|p1a: gro porc
|-damage|p1a: gro porc|4/100 brn
|
|-heal|p1a: gro porc|10/100 brn|[from] item: Leftovers
|-damage|p1a: gro porc|4/100 brn|[from] brn
|upkeep
|turn|53
|
|move|p2a: Mandibuzz|Foul Play|p1a: gro porc
|-damage|p1a: gro porc|0 fnt
|faint|p1a: gro porc
|
|upkeep
|
|switch|p1a: aie ca pik|Ferrothorn, F|95/100
|-damage|p1a: aie ca pik|88/100|[from] Stealth Rock
|turn|54
|
|move|p2a: Mandibuzz|Taunt|p1a: aie ca pik
|-start|p1a: aie ca pik|move: Taunt
|cant|p1a: aie ca pik|move: Taunt|Thunder Wave
|
|-heal|p1a: aie ca pik|95/100|[from] item: Leftovers
|upkeep
|turn|55
|inactive|Jozujo91 has 120 seconds left.
|
|switch|p1a: irone mane|Corviknight, M|69/100 brn
|-damage|p1a: irone mane|57/100 brn|[from] Stealth Rock
|-ability|p1a: irone mane|Pressure
|move|p2a: Mandibuzz|Defog|p1a: irone mane
|-unboost|p1a: irone mane|evasion|1
|-sideend|p1: Jozujo91|Stealth Rock|[from] move: Defog|[of] p2a: Mandibuzz
|-sideend|p2: Dezroto|Stealth Rock|[from] move: Defog|[of] p2a: Mandibuzz
|
|-heal|p1a: irone mane|63/100 brn|[from] item: Leftovers
|-damage|p1a: irone mane|57/100 brn|[from] brn
|upkeep
|turn|56
|inactive|Jozujo91 has 120 seconds left.
|
|move|p2a: Mandibuzz|Taunt|p1a: irone mane
|-start|p1a: irone mane|move: Taunt
|cant|p1a: irone mane|move: Taunt|Roost
|
|-heal|p1a: irone mane|63/100 brn|[from] item: Leftovers
|-damage|p1a: irone mane|57/100 brn|[from] brn
|upkeep
|turn|57
|
|switch|p1a: aie ca pik|Ferrothorn, F|95/100
|move|p2a: Mandibuzz|Foul Play|p1a: aie ca pik
|-damage|p1a: aie ca pik|70/100
|-damage|p2a: Mandibuzz|61/100|[from] ability: Iron Barbs|[of] p1a: aie ca pik
|
|-heal|p1a: aie ca pik|76/100|[from] item: Leftovers
|upkeep
|turn|58
|
|move|p2a: Mandibuzz|Taunt|p1a: aie ca pik
|-start|p1a: aie ca pik|move: Taunt
|cant|p1a: aie ca pik|move: Taunt|Thunder Wave
|
|-heal|p1a: aie ca pik|82/100|[from] item: Leftovers
|upkeep
|turn|59
|
|move|p2a: Mandibuzz|Roost|p2a: Mandibuzz
|-heal|p2a: Mandibuzz|100/100
|-singleturn|p2a: Mandibuzz|move: Roost
|move|p1a: aie ca pik|Power Whip|p2a: Mandibuzz
|-damage|p2a: Mandibuzz|76/100
|
|-heal|p1a: aie ca pik|89/100|[from] item: Leftovers
|upkeep
|turn|60
|
|switch|p2a: Weezing|Weezing-Galar, F|74/100
|-ability|p2a: Weezing|Neutralizing Gas
|switch|p1a: irone mane|Corviknight, M|57/100 brn
|
|-heal|p1a: irone mane|63/100 brn|[from] item: Leftovers
|-heal|p2a: Weezing|80/100|[from] item: Black Sludge
|-damage|p1a: irone mane|57/100 brn|[from] brn
|upkeep
|turn|61
|
|-ability|p1a: irone mane|Pressure
|switch|p2a: Dracozolt|Dracozolt|78/100
|move|p1a: irone mane|Roost|p1a: irone mane
|-heal|p1a: irone mane|100/100 brn
|-singleturn|p1a: irone mane|move: Roost
|
|-damage|p1a: irone mane|94/100 brn|[from] brn
|upkeep
|turn|62
|
|move|p2a: Dracozolt|Bolt Beak|p1a: irone mane|[miss]
|-miss|p2a: Dracozolt|p1a: irone mane
|move|p1a: irone mane|Iron Defense|p1a: irone mane
|-boost|p1a: irone mane|def|2
|
|-heal|p1a: irone mane|100/100 brn|[from] item: Leftovers
|-damage|p1a: irone mane|94/100 brn|[from] brn
|upkeep
|turn|63
|
|switch|p1a: aie ca pik|Ferrothorn, F|89/100
|move|p2a: Dracozolt|Bolt Beak|p1a: aie ca pik
|-resisted|p1a: aie ca pik
|-damage|p1a: aie ca pik|29/100
|-damage|p2a: Dracozolt|66/100|[from] ability: Iron Barbs|[of] p1a: aie ca pik
|
|-heal|p1a: aie ca pik|35/100|[from] item: Leftovers
|upkeep
|turn|64
|
|move|p2a: Dracozolt|Bolt Beak|p1a: aie ca pik
|-resisted|p1a: aie ca pik
|-damage|p1a: aie ca pik|0 fnt
|-damage|p2a: Dracozolt|53/100|[from] ability: Iron Barbs|[of] p1a: aie ca pik
|faint|p1a: aie ca pik
|
|upkeep
|
|switch|p1a: SS soldier|Aegislash, F|75/100
|turn|65
|inactive|Jozujo91 has 120 seconds left.
|inactive|Jozujo91 has 90 seconds left.
|inactive|Jozujo91 has 60 seconds left.
|inactive|Jozujo91 has 30 seconds left.
|inactive|Jozujo91 has 20 seconds left.
|inactiveoff|Battle timer is now OFF.
|
|move|p2a: Dracozolt|Bolt Beak|p1a: SS soldier
|-damage|p1a: SS soldier|0 fnt
|faint|p1a: SS soldier
|
|upkeep
|
|switch|p1a: irone mane|Corviknight, M|94/100 brn
|-ability|p1a: irone mane|Pressure
|turn|66
|
|move|p2a: Dracozolt|Bolt Beak|p1a: irone mane
|-supereffective|p1a: irone mane
|-damage|p1a: irone mane|0 fnt
|faint|p1a: irone mane
|
|win|Dezroto
|c|☆Dezroto|gg
|raw|Jozujo91's rating: 1312 → 1290(-22 for losing)
|raw|Dezroto's rating: 1286 → 1312(+26 for winning)
