|ScrapeTime|2020-01-01-01:44:36
|j|☆Helpinghans
|j|☆FRS Tini
|player|p1|Helpinghans|pilot|1770
|player|p2|FRS Tini|cheren-gen5bw2|1742
|teamsize|p1|6
|teamsize|p2|6
|gametype|singles
|gen|8
|tier|[Gen 8] OU
|rated|
|rule|Sleep Clause Mod: Limit one foe put to sleep
|rule|Species Clause: Limit one of each Pokémon
|rule|OHKO Clause: OHKO moves are banned
|rule|Evasion Moves Clause: Evasion moves are banned
|rule|Endless Battle Clause: Forcing endless battles is banned
|rule|HP Percentage Mod: HP is shown in percentages
|clearpoke
|poke|p1|Tyranitar, F|
|poke|p1|Excadrill, M|
|poke|p1|Hatterene, F|
|poke|p1|Reuniclus, F|
|poke|p1|Ferrothorn, M|
|poke|p1|Toxapex, M|
|poke|p2|Aegislash, F|
|poke|p2|Mew|
|poke|p2|Dragapult, F|
|poke|p2|Mimikyu, M|
|poke|p2|Hawlucha, F|
|poke|p2|Hydreigon, M|
|rule|Dynamax Clause: You cannot dynamax
|teampreview
|inactive|Battle timer is ON: inactive players will automatically lose when time's up. (requested by FRS Tini)
|
|start
|switch|p1a: Flakviering36|Toxapex, M|100/100
|switch|p2a: Mew|Mew|100/100
|turn|1
|j| DryB0ws3r
|
|switch|p1a: 8.8cm Flak36|Hatterene, F|100/100
|move|p2a: Mew|Skill Swap|p1a: 8.8cm Flak36
|-activate|p2a: Mew|move: Skill Swap|Magic Bounce|Synchronize|[of] p1a: 8.8cm Flak36
|
|upkeep
|turn|2
|j| kewfour
|l| DryB0ws3r
|
|switch|p1a: Fallschirms|Excadrill, M|100/100
|-item|p1a: Fallschirms|Air Balloon
|move|p2a: Mew|Stealth Rock|p1a: Fallschirms
|-sidestart|p1: Helpinghans|move: Stealth Rock
|
|upkeep
|turn|3
|l| kewfour
|
|switch|p2a: Aegislash|Aegislash, F|100/100
|-item|p2a: Aegislash|Air Balloon
|move|p1a: Fallschirms|Iron Head|p2a: Aegislash
|-resisted|p2a: Aegislash
|-damage|p2a: Aegislash|78/100
|-enditem|p2a: Aegislash|Air Balloon
|
|upkeep
|turn|4
|
|switch|p2a: Mew|Mew|100/100
|move|p1a: Fallschirms|Iron Head|p2a: Mew
|-damage|p2a: Mew|67/100
|-enditem|p2a: Mew|Red Card|[of] p1a: Fallschirms
|drag|p1a: StuGIII Ausf.H|Ferrothorn, M|100/100
|-damage|p1a: StuGIII Ausf.H|94/100|[from] Stealth Rock
|
|-heal|p1a: StuGIII Ausf.H|100/100|[from] item: Leftovers
|upkeep
|turn|5
|
|switch|p1a: Fallschirms|Excadrill, M|100/100
|-damage|p1a: Fallschirms|97/100|[from] Stealth Rock
|-item|p1a: Fallschirms|Air Balloon
|move|p2a: Mew|Spikes|p1a: Fallschirms
|-sidestart|p1: Helpinghans|Spikes
|
|upkeep
|turn|6
|j| Leo.Kings
|
|move|p2a: Mew|Spikes|p1a: Fallschirms
|-sidestart|p1: Helpinghans|Spikes
|move|p1a: Fallschirms|Rapid Spin|p2a: Mew
|-damage|p2a: Mew|51/100
|-sideend|p1: Helpinghans|Spikes|[from] move: Rapid Spin|[of] p1a: Fallschirms
|-sideend|p1: Helpinghans|Stealth Rock|[from] move: Rapid Spin|[of] p1a: Fallschirms
|-boost|p1a: Fallschirms|spe|1
|
|upkeep
|turn|7
|
|move|p1a: Fallschirms|Swords Dance|p1a: Fallschirms
|-boost|p1a: Fallschirms|atk|2
|move|p2a: Mew|Stealth Rock|p1a: Fallschirms
|-sidestart|p1: Helpinghans|move: Stealth Rock
|
|upkeep
|turn|8
|
|switch|p2a: Mimikyu|Mimikyu, M|100/100
|move|p1a: Fallschirms|Rapid Spin|p2a: Mimikyu
|-immune|p2a: Mimikyu
|
|upkeep
|turn|9
|
|move|p1a: Fallschirms|Iron Head|p2a: Mimikyu
|-activate|p2a: Mimikyu|ability: Disguise
|-damage|p2a: Mimikyu|100/100
|detailschange|p2a: Mimikyu|Mimikyu-Busted, M
|-damage|p2a: Mimikyu|88/100|[from] ability: Disguise|[of] p2a: Mimikyu
|-enditem|p2a: Mimikyu|Red Card|[of] p1a: Fallschirms
|drag|p1a: Pz.KpfwVI Ausf.E|Tyranitar, F|100/100
|-damage|p1a: Pz.KpfwVI Ausf.E|88/100|[from] Stealth Rock
|-weather|Sandstorm|[from] ability: Sand Stream|[of] p1a: Pz.KpfwVI Ausf.E
|cant|p2a: Mimikyu|flinch
|
|-weather|Sandstorm|[upkeep]
|-damage|p2a: Mimikyu|82/100|[from] Sandstorm
|upkeep
|turn|10
|
|switch|p1a: StuGIII Ausf.H|Ferrothorn, M|100/100
|-damage|p1a: StuGIII Ausf.H|94/100|[from] Stealth Rock
|move|p2a: Mimikyu|Play Rough|p1a: StuGIII Ausf.H
|-resisted|p1a: StuGIII Ausf.H
|-damage|p1a: StuGIII Ausf.H|82/100
|-damage|p2a: Mimikyu|70/100|[from] ability: Iron Barbs|[of] p1a: StuGIII Ausf.H
|
|-weather|Sandstorm|[upkeep]
|-damage|p2a: Mimikyu|64/100|[from] Sandstorm
|-heal|p1a: StuGIII Ausf.H|89/100|[from] item: Leftovers
|upkeep
|turn|11
|
|switch|p2a: Aegislash|Aegislash, F|78/100
|move|p1a: StuGIII Ausf.H|Power Whip|p2a: Aegislash
|-resisted|p2a: Aegislash
|-damage|p2a: Aegislash|57/100
|
|-weather|Sandstorm|[upkeep]
|-heal|p1a: StuGIII Ausf.H|95/100|[from] item: Leftovers
|upkeep
|turn|12
|
|switch|p1a: Flakviering36|Toxapex, M|100/100
|-damage|p1a: Flakviering36|88/100|[from] Stealth Rock
|move|p2a: Aegislash|Swords Dance|p2a: Aegislash
|-boost|p2a: Aegislash|atk|2
|
|-weather|Sandstorm|[upkeep]
|-damage|p1a: Flakviering36|82/100|[from] Sandstorm
|-heal|p1a: Flakviering36|88/100|[from] item: Black Sludge
|upkeep
|turn|13
|
|-formechange|p2a: Aegislash|Aegislash-Blade||[from] ability: Stance Change
|move|p2a: Aegislash|Shadow Claw|p1a: Flakviering36
|-damage|p1a: Flakviering36|39/100
|move|p1a: Flakviering36|Haze|p1a: Flakviering36
|-clearallboost
|
|-weather|none
|-heal|p1a: Flakviering36|45/100|[from] item: Black Sludge
|upkeep
|turn|14
|
|move|p2a: Aegislash|Swords Dance|p2a: Aegislash
|-boost|p2a: Aegislash|atk|2
|move|p1a: Flakviering36|Recover|p1a: Flakviering36
|-heal|p1a: Flakviering36|96/100
|
|-heal|p1a: Flakviering36|100/100|[from] item: Black Sludge
|upkeep
|turn|15
|
|move|p2a: Aegislash|Swords Dance|p2a: Aegislash
|-boost|p2a: Aegislash|atk|2
|move|p1a: Flakviering36|Haze|p1a: Flakviering36
|-clearallboost
|
|upkeep
|turn|16
|
|switch|p2a: Hydreigon|Hydreigon, M|100/100
|move|p1a: Flakviering36|Scald|p2a: Hydreigon
|-resisted|p2a: Hydreigon
|-damage|p2a: Hydreigon|91/100
|
|upkeep
|turn|17
|
|switch|p1a: Pz.KpfwVI Ausf.E|Tyranitar, F|88/100
|-damage|p1a: Pz.KpfwVI Ausf.E|76/100|[from] Stealth Rock
|-weather|Sandstorm|[from] ability: Sand Stream|[of] p1a: Pz.KpfwVI Ausf.E
|move|p2a: Hydreigon|Dark Pulse|p1a: Pz.KpfwVI Ausf.E
|-resisted|p1a: Pz.KpfwVI Ausf.E
|-damage|p1a: Pz.KpfwVI Ausf.E|69/100
|-damage|p2a: Hydreigon|81/100|[from] item: Life Orb
|
|-weather|Sandstorm|[upkeep]
|-damage|p2a: Hydreigon|75/100|[from] Sandstorm
|upkeep
|turn|18
|j| DevilishGreg
|
|move|p2a: Hydreigon|Flash Cannon|p1a: Pz.KpfwVI Ausf.E
|-supereffective|p1a: Pz.KpfwVI Ausf.E
|-damage|p1a: Pz.KpfwVI Ausf.E|50/100
|-damage|p2a: Hydreigon|65/100|[from] item: Life Orb
|move|p1a: Pz.KpfwVI Ausf.E|Stone Edge|p2a: Hydreigon
|-damage|p2a: Hydreigon|15/100
|
|-weather|Sandstorm|[upkeep]
|-damage|p2a: Hydreigon|9/100|[from] Sandstorm
|upkeep
|turn|19
|c|☆FRS Tini|ooh avv ttar nice
|
|switch|p2a: Hawlucha|Hawlucha, F|100/100
|switch|p1a: Fallschirms|Excadrill, M|97/100
|-damage|p1a: Fallschirms|94/100|[from] Stealth Rock
|-item|p1a: Fallschirms|Air Balloon
|
|-weather|Sandstorm|[upkeep]
|-damage|p2a: Hawlucha|94/100|[from] Sandstorm
|upkeep
|turn|20
|
|switch|p1a: 8.8cm Flak36|Hatterene, F|100/100
|-damage|p1a: 8.8cm Flak36|88/100|[from] Stealth Rock
|move|p2a: Hawlucha|Close Combat|p1a: 8.8cm Flak36
|-resisted|p1a: 8.8cm Flak36
|-damage|p1a: 8.8cm Flak36|78/100
|-unboost|p2a: Hawlucha|def|1
|-unboost|p2a: Hawlucha|spd|1
|-enditem|p2a: Hawlucha|White Herb
|-clearnegativeboost|p2a: Hawlucha|[silent]
|
|-weather|Sandstorm|[upkeep]
|-damage|p2a: Hawlucha|88/100|[from] Sandstorm
|-damage|p1a: 8.8cm Flak36|72/100|[from] Sandstorm
|-heal|p1a: 8.8cm Flak36|78/100|[from] item: Leftovers
|upkeep
|turn|21
|j| IdolsAndAnchorsss
|
|move|p2a: Hawlucha|Acrobatics|p1a: 8.8cm Flak36
|-damage|p1a: 8.8cm Flak36|37/100
|move|p1a: 8.8cm Flak36|Psychic|p2a: Hawlucha
|-supereffective|p2a: Hawlucha
|-damage|p2a: Hawlucha|0 fnt
|faint|p2a: Hawlucha
|
|-weather|none
|-heal|p1a: 8.8cm Flak36|43/100|[from] item: Leftovers
|upkeep
|
|switch|p2a: Mimikyu|Mimikyu-Busted, M|64/100
|turn|22
|
|switch|p1a: Flakviering36|Toxapex, M|100/100
|-damage|p1a: Flakviering36|88/100|[from] Stealth Rock
|move|p2a: Mimikyu|Swords Dance|p2a: Mimikyu
|-boost|p2a: Mimikyu|atk|2
|
|-heal|p1a: Flakviering36|94/100|[from] item: Black Sludge
|upkeep
|turn|23
|
|move|p2a: Mimikyu|Shadow Claw|p1a: Flakviering36
|-crit|p1a: Flakviering36
|-damage|p1a: Flakviering36|39/100
|move|p1a: Flakviering36|Haze|p1a: Flakviering36
|-clearallboost
|
|-heal|p1a: Flakviering36|45/100|[from] item: Black Sludge
|upkeep
|turn|24
|
|move|p2a: Mimikyu|Shadow Claw|p1a: Flakviering36
|-damage|p1a: Flakviering36|26/100
|move|p1a: Flakviering36|Recover|p1a: Flakviering36
|-heal|p1a: Flakviering36|76/100
|
|-heal|p1a: Flakviering36|82/100|[from] item: Black Sludge
|upkeep
|turn|25
|
|switch|p2a: Dragapult|Dragapult, F|100/100
|move|p1a: Flakviering36|Scald|p2a: Dragapult
|-resisted|p2a: Dragapult
|-crit|p2a: Dragapult
|-damage|p2a: Dragapult|85/100
|-start|p1a: Flakviering36|Disable|Scald|[from] ability: Cursed Body|[of] p2a: Dragapult
|-status|p2a: Dragapult|brn
|
|-heal|p1a: Flakviering36|88/100|[from] item: Black Sludge
|-damage|p2a: Dragapult|79/100 brn|[from] brn
|upkeep
|turn|26
|j| myjava
|j| unappeasable
|
|move|p1a: Flakviering36|Baneful Bunker|p1a: Flakviering36
|-singleturn|p1a: Flakviering36|move: Protect
|move|p2a: Dragapult|Substitute|p2a: Dragapult
|-start|p2a: Dragapult|Substitute
|-damage|p2a: Dragapult|54/100 brn
|
|-heal|p1a: Flakviering36|94/100|[from] item: Black Sludge
|-damage|p2a: Dragapult|48/100 brn|[from] brn
|upkeep
|turn|27
|
|move|p2a: Dragapult|Dragon Dance|p2a: Dragapult
|-boost|p2a: Dragapult|atk|1
|-boost|p2a: Dragapult|spe|1
|move|p1a: Flakviering36|Haze|p1a: Flakviering36
|-clearallboost
|
|-heal|p1a: Flakviering36|99/100|[from] item: Black Sludge
|-damage|p2a: Dragapult|42/100 brn|[from] brn
|upkeep
|turn|28
|
|move|p2a: Dragapult|Dragon Darts|p1a: Flakviering36
|-damage|p1a: Flakviering36|90/100
|-damage|p1a: Flakviering36|80/100
|-hitcount|p1a: Flakviering36|2
|move|p1a: Flakviering36|Haze|p1a: Flakviering36
|-clearallboost
|
|-heal|p1a: Flakviering36|86/100|[from] item: Black Sludge
|-damage|p2a: Dragapult|36/100 brn|[from] brn
|-end|p1a: Flakviering36|Disable
|upkeep
|turn|29
|
|move|p2a: Dragapult|Dragon Darts|p1a: Flakviering36
|-damage|p1a: Flakviering36|75/100
|-damage|p1a: Flakviering36|66/100
|-hitcount|p1a: Flakviering36|2
|move|p1a: Flakviering36|Haze|p1a: Flakviering36
|-clearallboost
|
|-heal|p1a: Flakviering36|72/100|[from] item: Black Sludge
|-damage|p2a: Dragapult|30/100 brn|[from] brn
|upkeep
|turn|30
|c|☆FRS Tini|damn i cant win anymore
|c|☆FRS Tini|gg
|-message|FRS Tini forfeited.
|
|win|Helpinghans
|raw|Helpinghans's rating: 1744 → 1763(+19 for winning)
|raw|FRS Tini's rating: 1742 → 1722(-20 for losing)
