|ScrapeTime|2020-01-01-00:54:29
|j|☆ThtAwful
|j|☆shwammyp
|player|p1|ThtAwful|cynthia|1100
|player|p2|shwammyp|266|1110
|teamsize|p1|6
|teamsize|p2|6
|gametype|singles
|gen|8
|tier|[Gen 8] OU
|rated|
|rule|Sleep Clause Mod: Limit one foe put to sleep
|rule|Species Clause: Limit one of each Pokémon
|rule|OHKO Clause: OHKO moves are banned
|rule|Evasion Moves Clause: Evasion moves are banned
|rule|Endless Battle Clause: Forcing endless battles is banned
|rule|HP Percentage Mod: HP is shown in percentages
|clearpoke
|poke|p1|Dragapult, M|
|poke|p1|Excadrill, M|
|poke|p1|Rotom-Wash|
|poke|p1|Hawlucha, M|
|poke|p1|Conkeldurr, M|
|poke|p1|Bisharp, F|
|poke|p2|Runerigus, F|
|poke|p2|Flygon, F|
|poke|p2|Ferrothorn, F|
|poke|p2|Togekiss, M|
|poke|p2|Falinks|
|poke|p2|Rotom-Wash|
|rule|Dynamax Clause: You cannot dynamax
|teampreview
|c|☆ThtAwful|gl hf
|
|start
|switch|p1a: Rotom|Rotom-Wash|100/100
|switch|p2a: Runerigus|Runerigus, F|100/100
|turn|1
|inactive|Battle timer is ON: inactive players will automatically lose when time's up. (requested by ThtAwful)
|
|move|p1a: Rotom|Hydro Pump|p2a: Runerigus
|-supereffective|p2a: Runerigus
|-damage|p2a: Runerigus|8/100
|move|p2a: Runerigus|Trick Room|p2a: Runerigus
|-fieldstart|move: Trick Room|[of] p2a: Runerigus
|
|-heal|p2a: Runerigus|14/100|[from] item: Leftovers
|upkeep
|turn|2
|
|switch|p2a: Ferrothorn|Ferrothorn, F|100/100
|switch|p1a: Conkeldurr|Conkeldurr, M|100/100
|
|-status|p1a: Conkeldurr|brn|[from] item: Flame Orb
|upkeep
|turn|3
|
|switch|p2a: Rotom|Rotom-Wash|100/100
|move|p1a: Conkeldurr|Drain Punch|p2a: Rotom
|-crit|p2a: Rotom
|-damage|p2a: Rotom|0 fnt
|faint|p2a: Rotom
|
|-damage|p1a: Conkeldurr|94/100 brn|[from] brn
|upkeep
|
|switch|p2a: Runerigus|Runerigus, F|14/100
|turn|4
|
|move|p2a: Runerigus|Toxic Spikes|p1a: Conkeldurr
|-sidestart|p1: ThtAwful|move: Toxic Spikes
|move|p1a: Conkeldurr|Earthquake|p2a: Runerigus
|-damage|p2a: Runerigus|0 fnt
|faint|p2a: Runerigus
|
|-damage|p1a: Conkeldurr|88/100 brn|[from] brn
|upkeep
|
|switch|p2a: Togekiss|Togekiss, M|100/100
|turn|5
|-activate|p2a: Togekiss|item: Quick Claw
|
|move|p2a: Togekiss|Wish|p2a: Togekiss
|move|p1a: Conkeldurr|Thunder Punch|p2a: Togekiss
|-supereffective|p2a: Togekiss
|-damage|p2a: Togekiss|4/100
|
|-damage|p1a: Conkeldurr|82/100 brn|[from] brn
|-fieldend|move: Trick Room
|upkeep
|turn|6
|-activate|p2a: Togekiss|item: Quick Claw
|
|move|p1a: Conkeldurr|Mach Punch|p2a: Togekiss
|-resisted|p2a: Togekiss
|-damage|p2a: Togekiss|0 fnt
|faint|p2a: Togekiss
|
|-damage|p1a: Conkeldurr|76/100 brn|[from] brn
|upkeep
|
|switch|p2a: Flygon|Flygon, F|100/100
|turn|7
|
|move|p2a: Flygon|Earthquake|p1a: Conkeldurr
|-damage|p1a: Conkeldurr|26/100 brn
|-damage|p2a: Flygon|91/100|[from] item: Life Orb
|move|p1a: Conkeldurr|Drain Punch|p2a: Flygon
|-damage|p2a: Flygon|0 fnt
|-heal|p1a: Conkeldurr|59/100 brn|[from] drain|[of] p2a: Flygon
|faint|p2a: Flygon
|
|-damage|p1a: Conkeldurr|53/100 brn|[from] brn
|upkeep
|
|switch|p2a: Ferrothorn|Ferrothorn, F|100/100
|turn|8
|
|move|p1a: Conkeldurr|Drain Punch|p2a: Ferrothorn
|-supereffective|p2a: Ferrothorn
|-damage|p2a: Ferrothorn|25/100
|-heal|p1a: Conkeldurr|85/100 brn|[from] drain|[of] p2a: Ferrothorn
|-damage|p1a: Conkeldurr|72/100 brn|[from] ability: Iron Barbs|[of] p2a: Ferrothorn
|move|p2a: Ferrothorn|Knock Off|p1a: Conkeldurr
|-resisted|p1a: Conkeldurr
|-damage|p1a: Conkeldurr|64/100 brn
|-enditem|p1a: Conkeldurr|Flame Orb|[from] move: Knock Off|[of] p2a: Ferrothorn
|
|-heal|p2a: Ferrothorn|32/100|[from] item: Leftovers
|-damage|p1a: Conkeldurr|58/100 brn|[from] brn
|upkeep
|turn|9
|
|move|p1a: Conkeldurr|Drain Punch|p2a: Ferrothorn
|-supereffective|p2a: Ferrothorn
|-damage|p2a: Ferrothorn|0 fnt
|-heal|p1a: Conkeldurr|71/100 brn|[from] drain|[of] p2a: Ferrothorn
|-damage|p1a: Conkeldurr|58/100 brn|[from] ability: Iron Barbs|[of] p2a: Ferrothorn
|faint|p2a: Ferrothorn
|
|-damage|p1a: Conkeldurr|52/100 brn|[from] brn
|upkeep
|
|switch|p2a: Falinks|Falinks|100/100
|turn|10
|
|move|p1a: Conkeldurr|Mach Punch|p2a: Falinks
|-damage|p2a: Falinks|61/100
|move|p2a: Falinks|No Retreat|p2a: Falinks
|-boost|p2a: Falinks|atk|1
|-boost|p2a: Falinks|def|1
|-boost|p2a: Falinks|spa|1
|-boost|p2a: Falinks|spd|1
|-boost|p2a: Falinks|spe|1
|-start|p2a: Falinks|move: No Retreat
|
|-damage|p1a: Conkeldurr|46/100 brn|[from] brn
|upkeep
|turn|11
|
|move|p2a: Falinks|Close Combat|p1a: Conkeldurr
|-damage|p1a: Conkeldurr|0 fnt
|-unboost|p2a: Falinks|def|1
|-unboost|p2a: Falinks|spd|1
|-damage|p2a: Falinks|51/100|[from] item: Life Orb
|faint|p1a: Conkeldurr
|
|upkeep
|
|switch|p1a: Rotom|Rotom-Wash|100/100
|turn|12
|
|move|p1a: Rotom|Thunder Wave|p2a: Falinks
|-status|p2a: Falinks|par
|move|p2a: Falinks|Close Combat|p1a: Rotom
|-damage|p1a: Rotom|0 fnt
|-unboost|p2a: Falinks|def|1
|-unboost|p2a: Falinks|spd|1
|-damage|p2a: Falinks|41/100 par|[from] item: Life Orb
|faint|p1a: Rotom
|
|upkeep
|
|switch|p1a: Hawlucha|Hawlucha, M|100/100
|turn|13
|
|move|p1a: Hawlucha|Brave Bird|p2a: Falinks
|-supereffective|p2a: Falinks
|-damage|p2a: Falinks|0 fnt
|-damage|p1a: Hawlucha|85/100|[from] Recoil
|faint|p2a: Falinks
|
|win|ThtAwful
|raw|ThtAwful's rating: 1100 → 1126(+26 for winning)
|raw|shwammyp's rating: 1110 → 1084(-26 for losing)
|c|☆ThtAwful|gg
