|ScrapeTime|2020-01-01-00:44:45
|j|☆flawless creation
|j|‽MegaStarUniverse
|player|p1|flawless creation|257|1828
|player|p2|MegaStarUniverse|ethan|1765
|teamsize|p1|6
|teamsize|p2|6
|gametype|singles
|gen|8
|tier|[Gen 8] OU
|rated|
|rule|Sleep Clause Mod: Limit one foe put to sleep
|rule|Species Clause: Limit one of each Pokémon
|rule|OHKO Clause: OHKO moves are banned
|rule|Evasion Moves Clause: Evasion moves are banned
|rule|Endless Battle Clause: Forcing endless battles is banned
|rule|HP Percentage Mod: HP is shown in percentages
|clearpoke
|poke|p1|Excadrill, M|
|poke|p1|Tyranitar, F|
|poke|p1|Aegislash, M|
|poke|p1|Rotom-Wash|
|poke|p1|Conkeldurr, F|
|poke|p1|Gyarados, F|
|poke|p2|Dragapult, F|
|poke|p2|Bisharp, F|
|poke|p2|Seismitoad, F|
|poke|p2|Corviknight, F|
|poke|p2|Mimikyu, M|
|poke|p2|Hydreigon, F|
|rule|Dynamax Clause: You cannot dynamax
|teampreview
|inactive|Battle timer is ON: inactive players will automatically lose when time's up. (requested by flawless creation)
|
|start
|switch|p1a: Gyarados|Gyarados, F|100/100
|switch|p2a: Mimikyu|Mimikyu, M|100/100
|turn|1
|
|move|p2a: Mimikyu|Swords Dance|p2a: Mimikyu
|-boost|p2a: Mimikyu|atk|2
|move|p1a: Gyarados|Waterfall|p2a: Mimikyu
|-activate|p2a: Mimikyu|ability: Disguise
|-damage|p2a: Mimikyu|100/100
|detailschange|p2a: Mimikyu|Mimikyu-Busted, M
|-damage|p2a: Mimikyu|88/100|[from] ability: Disguise|[of] p2a: Mimikyu
|
|upkeep
|turn|2
|j| Astral Step
|
|switch|p1a: Tyranitar|Tyranitar, F|100/100
|-weather|Sandstorm|[from] ability: Sand Stream|[of] p1a: Tyranitar
|move|p2a: Mimikyu|Play Rough|p1a: Tyranitar
|-supereffective|p1a: Tyranitar
|-damage|p1a: Tyranitar|0 fnt
|-damage|p2a: Mimikyu|78/100|[from] item: Life Orb
|faint|p1a: Tyranitar
|
|-weather|Sandstorm|[upkeep]
|-damage|p2a: Mimikyu|72/100|[from] Sandstorm
|upkeep
|j| IthinkI'm
|j| Star(YT)
|
|switch|p1a: Excadrill|Excadrill, M|100/100
|turn|3
|j| gyhfght
|l| Star(YT)
|
|move|p2a: Mimikyu|Shadow Sneak|p1a: Excadrill
|-damage|p1a: Excadrill|39/100
|-damage|p2a: Mimikyu|62/100|[from] item: Life Orb
|move|p1a: Excadrill|Iron Head|p2a: Mimikyu
|-supereffective|p2a: Mimikyu
|-damage|p2a: Mimikyu|0 fnt
|-damage|p1a: Excadrill|29/100|[from] item: Life Orb
|faint|p2a: Mimikyu
|
|-weather|Sandstorm|[upkeep]
|upkeep
|j| IdolsAndAnchorsss
|
|switch|p2a: Seismitoad|Seismitoad, F|100/100
|turn|4
|
|move|p1a: Excadrill|Earthquake|p2a: Seismitoad
|-damage|p2a: Seismitoad|0 fnt
|-damage|p1a: Excadrill|19/100|[from] item: Life Orb
|faint|p2a: Seismitoad
|
|-weather|Sandstorm|[upkeep]
|upkeep
|
|switch|p2a: Corviknight|Corviknight, F|100/100
|-ability|p2a: Corviknight|Pressure
|turn|5
|
|switch|p1a: Rotom|Rotom-Wash|100/100
|move|p2a: Corviknight|Bulk Up|p2a: Corviknight
|-boost|p2a: Corviknight|atk|1
|-boost|p2a: Corviknight|def|1
|
|-weather|Sandstorm|[upkeep]
|-damage|p1a: Rotom|94/100|[from] Sandstorm
|upkeep
|turn|6
|
|switch|p2a: Dragapult|Dragapult, F|100/100
|move|p1a: Rotom|Thunderbolt|p2a: Dragapult
|-resisted|p2a: Dragapult
|-damage|p2a: Dragapult|72/100
|
|-weather|Sandstorm|[upkeep]
|-damage|p1a: Rotom|88/100|[from] Sandstorm
|-damage|p2a: Dragapult|66/100|[from] Sandstorm
|upkeep
|turn|7
|
|switch|p1a: Aegislash|Aegislash, M|100/100
|move|p2a: Dragapult|Shadow Ball|p1a: Aegislash
|-supereffective|p1a: Aegislash
|-damage|p1a: Aegislash|0 fnt
|faint|p1a: Aegislash
|
|-weather|Sandstorm|[upkeep]
|-damage|p2a: Dragapult|60/100|[from] Sandstorm
|upkeep
|
|switch|p1a: Excadrill|Excadrill, M|19/100
|turn|8
|
|switch|p1a: Rotom|Rotom-Wash|88/100
|switch|p2a: Corviknight|Corviknight, F|100/100
|-ability|p2a: Corviknight|Pressure
|
|-weather|Sandstorm|[upkeep]
|-damage|p1a: Rotom|82/100|[from] Sandstorm
|upkeep
|turn|9
|
|switch|p2a: Hydreigon|Hydreigon, F|100/100
|move|p1a: Rotom|Thunderbolt|p2a: Hydreigon
|-resisted|p2a: Hydreigon
|-damage|p2a: Hydreigon|76/100
|
|-weather|none
|upkeep
|turn|10
|
|switch|p1a: Conkeldurr|Conkeldurr, F|100/100
|move|p2a: Hydreigon|Draco Meteor|p1a: Conkeldurr
|-damage|p1a: Conkeldurr|16/100
|-unboost|p2a: Hydreigon|spa|2
|
|-status|p1a: Conkeldurr|brn|[from] item: Flame Orb
|upkeep
|turn|11
|
|switch|p2a: Corviknight|Corviknight, F|100/100
|-ability|p2a: Corviknight|Pressure
|move|p1a: Conkeldurr|Earthquake|p2a: Corviknight
|-immune|p2a: Corviknight
|
|-damage|p1a: Conkeldurr|10/100 brn|[from] brn
|upkeep
|turn|12
|
|switch|p1a: Rotom|Rotom-Wash|82/100
|move|p2a: Corviknight|Brave Bird|p1a: Rotom
|-resisted|p1a: Rotom
|-damage|p1a: Rotom|48/100
|-damage|p2a: Corviknight|92/100|[from] Recoil
|
|upkeep
|turn|13
|
|switch|p2a: Hydreigon|Hydreigon, F|76/100
|move|p1a: Rotom|Volt Switch|p2a: Hydreigon
|-resisted|p2a: Hydreigon
|-damage|p2a: Hydreigon|60/100
|
|switch|p1a: Conkeldurr|Conkeldurr, F|10/100 brn|[from]move: Volt Switch
|
|-damage|p1a: Conkeldurr|4/100 brn|[from] brn
|upkeep
|turn|14
|l|☆flawless creation
|inactive|flawless creation disconnected and has a minute to reconnect!
|player|p1|
|j|☆flawless creation
|inactive|flawless creation reconnected and has 145 seconds left.
|player|p1|flawless creation|257
|
|switch|p2a: Dragapult|Dragapult, F|60/100
|move|p1a: Conkeldurr|Drain Punch|p2a: Dragapult
|-immune|p2a: Dragapult
|
|-damage|p1a: Conkeldurr|0 fnt|[from] brn
|faint|p1a: Conkeldurr
|upkeep
|
|switch|p1a: Rotom|Rotom-Wash|48/100
|turn|15
|j| Damn u 2 oblivion
|
|move|p1a: Rotom|Volt Switch|p2a: Dragapult
|-resisted|p2a: Dragapult
|-damage|p2a: Dragapult|38/100
|
|switch|p1a: Excadrill|Excadrill, M|19/100|[from]move: Volt Switch
|move|p2a: Dragapult|Shadow Ball|p1a: Excadrill
|-damage|p1a: Excadrill|0 fnt
|faint|p1a: Excadrill
|
|upkeep
|
|switch|p1a: Gyarados|Gyarados, F|100/100
|turn|16
|
|move|p2a: Dragapult|Shadow Ball|p1a: Gyarados
|-damage|p1a: Gyarados|37/100
|-unboost|p1a: Gyarados|spd|1
|move|p1a: Gyarados|Dragon Dance|p1a: Gyarados
|-boost|p1a: Gyarados|atk|1
|-boost|p1a: Gyarados|spe|1
|
|upkeep
|turn|17
|
|move|p1a: Gyarados|Waterfall|p2a: Dragapult
|-resisted|p2a: Dragapult
|-damage|p2a: Dragapult|0 fnt
|faint|p2a: Dragapult
|-ability|p1a: Gyarados|Moxie|boost
|-boost|p1a: Gyarados|atk|1
|
|upkeep
|
|switch|p2a: Hydreigon|Hydreigon, F|60/100
|turn|18
|
|move|p2a: Hydreigon|Dark Pulse|p1a: Gyarados
|-damage|p1a: Gyarados|0 fnt
|faint|p1a: Gyarados
|
|upkeep
|
|switch|p1a: Rotom|Rotom-Wash|48/100
|turn|19
|
|move|p2a: Hydreigon|Dark Pulse|p1a: Rotom
|-damage|p1a: Rotom|0 fnt
|faint|p1a: Rotom
|
|win|MegaStarUniverse
|raw|flawless creation's rating: 1828 → 1804(-24 for losing)
|raw|MegaStarUniverse's rating: 1765 → 1789(+24 for winning)
|l|☆flawless creation
|l| Astral Step
|l| IthinkI'm
|l|‽MegaStarUniverse
|l| IdolsAndAnchorsss
