|ScrapeTime|2020-01-01-02:14:38
|j|☆ReggieYang5
|j|☆perfect imperfect
|player|p1|ReggieYang5|170|1310
|player|p2|perfect imperfect|266|1333
|teamsize|p1|6
|teamsize|p2|6
|gametype|singles
|gen|8
|tier|[Gen 8] OU
|rated|
|rule|Sleep Clause Mod: Limit one foe put to sleep
|rule|Species Clause: Limit one of each Pokémon
|rule|OHKO Clause: OHKO moves are banned
|rule|Evasion Moves Clause: Evasion moves are banned
|rule|Endless Battle Clause: Forcing endless battles is banned
|rule|HP Percentage Mod: HP is shown in percentages
|clearpoke
|poke|p1|Aegislash, M|
|poke|p1|Crawdaunt, M|
|poke|p1|Mew|
|poke|p1|Lucario, M|
|poke|p1|Bisharp, M|
|poke|p1|Dragapult, M|
|poke|p2|Cursola, M|
|poke|p2|Dragapult, M|
|poke|p2|Rotom-Heat|
|poke|p2|Seismitoad, M|
|poke|p2|Bisharp, M|
|poke|p2|Conkeldurr, F|
|rule|Dynamax Clause: You cannot dynamax
|teampreview
|
|start
|switch|p1a: Mew|Mew|100/100
|switch|p2a: Cursola|Cursola, M|100/100
|turn|1
|inactive|Battle timer is ON: inactive players will automatically lose when time's up. (requested by ReggieYang5)
|
|move|p1a: Mew|Stealth Rock|p2a: Cursola
|-sidestart|p2: perfect imperfect|move: Stealth Rock
|move|p2a: Cursola|Shadow Ball|p1a: Mew
|-supereffective|p1a: Mew
|-damage|p1a: Mew|0 fnt
|faint|p1a: Mew
|
|upkeep
|
|switch|p1a: Crawdaunt|Crawdaunt, M|100/100
|turn|2
|
|switch|p2a: Conkeldurr|Conkeldurr, F|100/100
|-damage|p2a: Conkeldurr|94/100|[from] Stealth Rock
|move|p1a: Crawdaunt|Knock Off|p2a: Conkeldurr
|-resisted|p2a: Conkeldurr
|-damage|p2a: Conkeldurr|51/100
|-enditem|p2a: Conkeldurr|Flame Orb|[from] move: Knock Off|[of] p1a: Crawdaunt
|-damage|p1a: Crawdaunt|91/100|[from] item: Life Orb
|
|upkeep
|turn|3
|
|move|p1a: Crawdaunt|Crabhammer|p2a: Conkeldurr
|-damage|p2a: Conkeldurr|0 fnt
|-damage|p1a: Crawdaunt|81/100|[from] item: Life Orb
|faint|p2a: Conkeldurr
|
|upkeep
|
|switch|p2a: Dragapult|Dragapult, M|100/100
|-damage|p2a: Dragapult|88/100|[from] Stealth Rock
|turn|4
|
|move|p2a: Dragapult|U-turn|p1a: Crawdaunt
|-supereffective|p1a: Crawdaunt
|-damage|p1a: Crawdaunt|0 fnt
|faint|p1a: Crawdaunt
|
|switch|p2a: Rotom|Rotom-Heat|100/100|[from]move: U-turn
|-damage|p2a: Rotom|76/100|[from] Stealth Rock
|
|upkeep
|
|switch|p1a: Dragapult|Dragapult, M|100/100
|turn|5
|
|move|p2a: Rotom|Trick|p1a: Dragapult
|-activate|p2a: Rotom|move: Trick|[of] p1a: Dragapult
|-item|p1a: Dragapult|Choice Scarf|[from] move: Trick
|-item|p2a: Rotom|Leftovers|[from] move: Trick
|move|p1a: Dragapult|Substitute|p1a: Dragapult
|-start|p1a: Dragapult|Substitute
|-damage|p1a: Dragapult|76/100
|
|-heal|p2a: Rotom|82/100|[from] item: Leftovers
|upkeep
|turn|6
|
|switch|p1a: Aegislash|Aegislash, M|100/100
|-item|p1a: Aegislash|Air Balloon
|move|p2a: Rotom|Will-O-Wisp|p1a: Aegislash
|-status|p1a: Aegislash|brn
|
|-heal|p2a: Rotom|88/100|[from] item: Leftovers
|-damage|p1a: Aegislash|94/100 brn|[from] brn
|upkeep
|turn|7
|
|move|p2a: Rotom|Overheat|p1a: Aegislash|[miss]
|-miss|p2a: Rotom|p1a: Aegislash
|-formechange|p1a: Aegislash|Aegislash-Blade||[from] ability: Stance Change
|move|p1a: Aegislash|Close Combat|p2a: Rotom
|-damage|p2a: Rotom|60/100
|-unboost|p1a: Aegislash|def|1
|-unboost|p1a: Aegislash|spd|1
|
|-heal|p2a: Rotom|66/100|[from] item: Leftovers
|-damage|p1a: Aegislash|88/100 brn|[from] brn
|upkeep
|turn|8
|inactive|ReggieYang5 has 120 seconds left.
|
|switch|p1a: Dragapult|Dragapult, M|76/100
|move|p2a: Rotom|Volt Switch|p1a: Dragapult
|-resisted|p1a: Dragapult
|-damage|p1a: Dragapult|60/100
|
|switch|p2a: Cursola|Cursola, M|100/100|[from]move: Volt Switch
|-damage|p2a: Cursola|88/100|[from] Stealth Rock
|
|upkeep
|turn|9
|
|switch|p1a: Bisharp|Bisharp, M|100/100
|move|p2a: Cursola|Shadow Ball|p1a: Bisharp
|-resisted|p1a: Bisharp
|-damage|p1a: Bisharp|41/100
|
|upkeep
|turn|10
|
|move|p1a: Bisharp|Throat Chop|p2a: Cursola
|-supereffective|p2a: Cursola
|-crit|p2a: Cursola
|-damage|p2a: Cursola|0 fnt
|-ability|p2a: Cursola|Perish Body
|-start|p2a: Cursola|perish3
|-start|p1a: Bisharp|perish3
|-damage|p1a: Bisharp|31/100|[from] item: Life Orb
|faint|p2a: Cursola
|
|-start|p1a: Bisharp|perish3
|upkeep
|
|switch|p2a: Seismitoad|Seismitoad, M|100/100
|-damage|p2a: Seismitoad|94/100|[from] Stealth Rock
|turn|11
|
|switch|p1a: Aegislash|Aegislash, M|88/100 brn
|-item|p1a: Aegislash|Air Balloon
|move|p2a: Seismitoad|Stealth Rock|p1a: Aegislash
|-sidestart|p1: ReggieYang5|move: Stealth Rock
|
|-heal|p2a: Seismitoad|100/100|[from] item: Leftovers
|-damage|p1a: Aegislash|82/100 brn|[from] brn
|upkeep
|turn|12
|
|move|p2a: Seismitoad|Protect|p2a: Seismitoad
|-singleturn|p2a: Seismitoad|Protect
|-formechange|p1a: Aegislash|Aegislash-Blade||[from] ability: Stance Change
|move|p1a: Aegislash|Close Combat|p2a: Seismitoad
|-activate|p2a: Seismitoad|move: Protect
|
|-damage|p1a: Aegislash|76/100 brn|[from] brn
|upkeep
|turn|13
|
|move|p1a: Aegislash|Close Combat|p2a: Seismitoad
|-damage|p2a: Seismitoad|84/100
|-unboost|p1a: Aegislash|def|1
|-unboost|p1a: Aegislash|spd|1
|move|p2a: Seismitoad|Scald|p1a: Aegislash
|-damage|p1a: Aegislash|0 fnt
|-enditem|p1a: Aegislash|Air Balloon
|faint|p1a: Aegislash
|
|-heal|p2a: Seismitoad|90/100|[from] item: Leftovers
|upkeep
|inactive|ReggieYang5 has 120 seconds left.
|
|switch|p1a: Dragapult|Dragapult, M|60/100
|-damage|p1a: Dragapult|48/100|[from] Stealth Rock
|turn|14
|
|move|p2a: Seismitoad|Protect|p2a: Seismitoad
|-singleturn|p2a: Seismitoad|Protect
|move|p1a: Dragapult|Dragon Darts|p2a: Seismitoad
|-activate|p2a: Seismitoad|move: Protect
|
|-heal|p2a: Seismitoad|96/100|[from] item: Leftovers
|upkeep
|turn|15
|
|move|p1a: Dragapult|Dragon Darts|p2a: Seismitoad
|-crit|p2a: Seismitoad
|-damage|p2a: Seismitoad|68/100
|-damage|p2a: Seismitoad|51/100
|-hitcount|p2a: Seismitoad|2
|move|p2a: Seismitoad|Toxic|p1a: Dragapult
|-status|p1a: Dragapult|tox
|
|-heal|p2a: Seismitoad|58/100|[from] item: Leftovers
|-damage|p1a: Dragapult|42/100 tox|[from] psn
|upkeep
|turn|16
|
|move|p2a: Seismitoad|Protect|p2a: Seismitoad
|-singleturn|p2a: Seismitoad|Protect
|move|p1a: Dragapult|Dragon Darts|p2a: Seismitoad
|-activate|p2a: Seismitoad|move: Protect
|
|-heal|p2a: Seismitoad|64/100|[from] item: Leftovers
|-damage|p1a: Dragapult|30/100 tox|[from] psn
|upkeep
|turn|17
|
|switch|p2a: Bisharp|Bisharp, M|100/100
|-damage|p2a: Bisharp|95/100|[from] Stealth Rock
|move|p1a: Dragapult|Dragon Darts|p2a: Bisharp
|-resisted|p2a: Bisharp
|-damage|p2a: Bisharp|79/100
|-resisted|p2a: Bisharp
|-damage|p2a: Bisharp|64/100
|-hitcount|p2a: Bisharp|2
|
|-damage|p1a: Dragapult|12/100 tox|[from] psn
|upkeep
|turn|18
|
|switch|p1a: Lucario|Lucario, M|100/100
|-damage|p1a: Lucario|98/100|[from] Stealth Rock
|move|p2a: Bisharp|Sucker Punch||[still]
|-fail|p2a: Bisharp
|
|upkeep
|turn|19
|
|move|p1a: Lucario|Swords Dance|p1a: Lucario
|-boost|p1a: Lucario|atk|2
|move|p2a: Bisharp|Iron Head|p1a: Lucario
|-resisted|p1a: Lucario
|-damage|p1a: Lucario|59/100
|
|upkeep
|turn|20
|
|move|p2a: Bisharp|Sucker Punch||[still]
|-fail|p2a: Bisharp
|move|p1a: Lucario|Swords Dance|p1a: Lucario
|-boost|p1a: Lucario|atk|2
|
|upkeep
|turn|21
|
|move|p2a: Bisharp|Sucker Punch|p1a: Lucario
|-resisted|p1a: Lucario
|-damage|p1a: Lucario|23/100
|-ability|p1a: Lucario|Justified|boost
|-boost|p1a: Lucario|atk|1
|move|p1a: Lucario|Close Combat|p2a: Bisharp
|-supereffective|p2a: Bisharp
|-damage|p2a: Bisharp|0 fnt
|-unboost|p1a: Lucario|def|1
|-unboost|p1a: Lucario|spd|1
|-damage|p1a: Lucario|13/100|[from] item: Life Orb
|faint|p2a: Bisharp
|
|upkeep
|
|switch|p2a: Dragapult|Dragapult, M|88/100
|-damage|p2a: Dragapult|76/100|[from] Stealth Rock
|turn|22
|
|move|p1a: Lucario|Bullet Punch|p2a: Dragapult
|-damage|p2a: Dragapult|0 fnt
|-damage|p1a: Lucario|3/100|[from] item: Life Orb
|faint|p2a: Dragapult
|
|upkeep
|
|switch|p2a: Rotom|Rotom-Heat|66/100
|-damage|p2a: Rotom|41/100|[from] Stealth Rock
|turn|23
|
|move|p1a: Lucario|Close Combat|p2a: Rotom
|-damage|p2a: Rotom|0 fnt
|-unboost|p1a: Lucario|def|1
|-unboost|p1a: Lucario|spd|1
|-damage|p1a: Lucario|0 fnt|[from] item: Life Orb
|faint|p2a: Rotom
|faint|p1a: Lucario
|
|upkeep
|
|switch|p1a: Bisharp|Bisharp, M|31/100
|switch|p2a: Seismitoad|Seismitoad, M|64/100
|-damage|p1a: Bisharp|25/100|[from] Stealth Rock
|-damage|p2a: Seismitoad|58/100|[from] Stealth Rock
|turn|24
|
|move|p2a: Seismitoad|Protect|p2a: Seismitoad
|-singleturn|p2a: Seismitoad|Protect
|move|p1a: Bisharp|Throat Chop|p2a: Seismitoad
|-activate|p2a: Seismitoad|move: Protect
|
|-heal|p2a: Seismitoad|64/100|[from] item: Leftovers
|upkeep
|turn|25
|
|move|p1a: Bisharp|Throat Chop|p2a: Seismitoad
|-damage|p2a: Seismitoad|28/100
|-start|p2a: Seismitoad|Throat Chop|[silent]
|-damage|p1a: Bisharp|15/100|[from] item: Life Orb
|move|p2a: Seismitoad|Scald|p1a: Bisharp
|-damage|p1a: Bisharp|0 fnt
|faint|p1a: Bisharp
|
|-heal|p2a: Seismitoad|34/100|[from] item: Leftovers
|upkeep
|
|switch|p1a: Dragapult|Dragapult, M|12/100 tox
|-damage|p1a: Dragapult|0 fnt|[from] Stealth Rock
|faint|p1a: Dragapult
|
|win|perfect imperfect
