|ScrapeTime|2020-01-01-02:34:52
|j|☆Sebas4906
|j|☆Daellio
|player|p1|Sebas4906|waiter-gen4|1522
|player|p2|Daellio|218|1560
|teamsize|p1|6
|teamsize|p2|6
|gametype|singles
|gen|8
|tier|[Gen 8] OU
|rated|
|rule|Sleep Clause Mod: Limit one foe put to sleep
|rule|Species Clause: Limit one of each Pokémon
|rule|OHKO Clause: OHKO moves are banned
|rule|Evasion Moves Clause: Evasion moves are banned
|rule|Endless Battle Clause: Forcing endless battles is banned
|rule|HP Percentage Mod: HP is shown in percentages
|clearpoke
|poke|p1|Ribombee, F|
|poke|p1|Cinderace, F|
|poke|p1|Bisharp, F|
|poke|p1|Dragapult, M|
|poke|p1|Falinks|
|poke|p1|Malamar, M|
|poke|p2|Dragapult, F|
|poke|p2|Mimikyu, F|
|poke|p2|Steelix, F|
|poke|p2|Diggersby, M|
|poke|p2|Corviknight, M|
|poke|p2|Hawlucha, F|
|rule|Dynamax Clause: You cannot dynamax
|teampreview
|
|start
|switch|p1a: Ribombee|Ribombee, F|100/100
|switch|p2a: Diggersby|Diggersby, M|100/100
|turn|1
|inactive|Battle timer is ON: inactive players will automatically lose when time's up. (requested by Daellio)
|inactive|Sebas4906 has 120 seconds left.
|inactive|Sebas4906 has 90 seconds left.
|
|move|p1a: Ribombee|Sticky Web|p2a: Diggersby
|-sidestart|p2: Daellio|move: Sticky Web
|move|p2a: Diggersby|Earthquake|p1a: Ribombee
|-resisted|p1a: Ribombee
|-damage|p1a: Ribombee|7/100
|
|upkeep
|turn|2
|
|move|p1a: Ribombee|Stun Spore|p2a: Diggersby
|-status|p2a: Diggersby|par
|move|p2a: Diggersby|Earthquake|p1a: Ribombee
|-resisted|p1a: Ribombee
|-damage|p1a: Ribombee|0 fnt
|faint|p1a: Ribombee
|
|upkeep
|
|switch|p1a: Cinderace|Cinderace, F|100/100
|turn|3
|
|move|p1a: Cinderace|Court Change|p1a: Cinderace
|-sideend|p2: Daellio|Sticky Web|[silent]
|-sidestart|p1: Sebas4906|Sticky Web|[silent]
|-activate|p1a: Cinderace|move: Court Change
|move|p2a: Diggersby|Earthquake|p1a: Cinderace
|-supereffective|p1a: Cinderace
|-damage|p1a: Cinderace|0 fnt
|faint|p1a: Cinderace
|
|upkeep
|
|switch|p1a: Malamar|Malamar, M|100/100
|-activate|p1a: Malamar|move: Sticky Web
|-boost|p1a: Malamar|spe|1
|turn|4
|
|switch|p2a: Mimikyu|Mimikyu, F|100/100
|move|p1a: Malamar|Superpower|p2a: Mimikyu
|-immune|p2a: Mimikyu
|
|upkeep
|turn|5
|
|switch|p1a: Bisharp|Bisharp, F|100/100
|-activate|p1a: Bisharp|move: Sticky Web
|-unboost|p1a: Bisharp|spe|1
|-ability|p1a: Bisharp|Defiant
|-boost|p1a: Bisharp|atk|2
|move|p2a: Mimikyu|Play Rough|p1a: Bisharp
|-damage|p1a: Bisharp|55/100
|-damage|p2a: Mimikyu|91/100|[from] item: Life Orb
|
|upkeep
|turn|6
|
|switch|p2a: Steelix|Steelix, F|100/100
|move|p1a: Bisharp|Sucker Punch||[still]
|-fail|p1a: Bisharp
|
|upkeep
|turn|7
|
|move|p1a: Bisharp|Throat Chop|p2a: Steelix
|-damage|p2a: Steelix|55/100
|-start|p2a: Steelix|Throat Chop|[silent]
|-damage|p1a: Bisharp|45/100|[from] item: Life Orb
|move|p2a: Steelix|Earthquake|p1a: Bisharp
|-supereffective|p1a: Bisharp
|-damage|p1a: Bisharp|0 fnt
|faint|p1a: Bisharp
|
|-heal|p2a: Steelix|61/100|[from] item: Leftovers
|upkeep
|
|switch|p1a: Falinks|Falinks|100/100
|-activate|p1a: Falinks|move: Sticky Web
|-unboost|p1a: Falinks|spe|1
|-ability|p1a: Falinks|Defiant
|-boost|p1a: Falinks|atk|2
|-enditem|p1a: Falinks|White Herb
|-clearnegativeboost|p1a: Falinks|[silent]
|turn|8
|
|move|p1a: Falinks|No Retreat|p1a: Falinks
|-boost|p1a: Falinks|atk|1
|-boost|p1a: Falinks|def|1
|-boost|p1a: Falinks|spa|1
|-boost|p1a: Falinks|spd|1
|-boost|p1a: Falinks|spe|1
|-start|p1a: Falinks|move: No Retreat
|move|p2a: Steelix|Body Press|p1a: Falinks
|-damage|p1a: Falinks|67/100
|
|-heal|p2a: Steelix|67/100|[from] item: Leftovers
|-end|p2a: Steelix|Throat Chop|[silent]
|upkeep
|turn|9
|inactive|Sebas4906 has 120 seconds left.
|
|move|p1a: Falinks|Close Combat|p2a: Steelix
|-supereffective|p2a: Steelix
|-damage|p2a: Steelix|0 fnt
|-unboost|p1a: Falinks|def|1
|-unboost|p1a: Falinks|spd|1
|faint|p2a: Steelix
|
|upkeep
|
|switch|p2a: Mimikyu|Mimikyu, F|91/100
|turn|10
|
|move|p1a: Falinks|Poison Jab|p2a: Mimikyu
|-activate|p2a: Mimikyu|ability: Disguise
|-damage|p2a: Mimikyu|91/100
|detailschange|p2a: Mimikyu|Mimikyu-Busted, F
|-damage|p2a: Mimikyu|78/100|[from] ability: Disguise|[of] p2a: Mimikyu
|move|p2a: Mimikyu|Play Rough|p1a: Falinks
|-supereffective|p1a: Falinks
|-damage|p1a: Falinks|0 fnt
|-damage|p2a: Mimikyu|68/100|[from] item: Life Orb
|faint|p1a: Falinks
|
|upkeep
|inactive|Sebas4906 has 120 seconds left.
|
|switch|p1a: Dragapult|Dragapult, M|100/100
|-activate|p1a: Dragapult|move: Sticky Web
|-fail|p1a: Dragapult|unboost|[from] ability: Clear Body|[of] p1a: Dragapult
|turn|11
|
|switch|p2a: Hawlucha|Hawlucha, F|100/100
|move|p1a: Dragapult|Shadow Ball|p2a: Hawlucha
|-damage|p2a: Hawlucha|7/100
|-enditem|p2a: Hawlucha|Sitrus Berry|[eat]
|-heal|p2a: Hawlucha|32/100|[from] item: Sitrus Berry
|
|upkeep
|turn|12
|
|move|p2a: Hawlucha|Acrobatics|p1a: Dragapult
|-damage|p1a: Dragapult|36/100
|move|p1a: Dragapult|Shadow Ball|p2a: Hawlucha
|-damage|p2a: Hawlucha|0 fnt
|faint|p2a: Hawlucha
|
|upkeep
|
|switch|p2a: Mimikyu|Mimikyu-Busted, F|68/100
|turn|13
|
|move|p2a: Mimikyu|Shadow Sneak|p1a: Dragapult
|-supereffective|p1a: Dragapult
|-damage|p1a: Dragapult|0 fnt
|-damage|p2a: Mimikyu|58/100|[from] item: Life Orb
|faint|p1a: Dragapult
|
|upkeep
|
|switch|p1a: Malamar|Malamar, M|100/100
|-activate|p1a: Malamar|move: Sticky Web
|-boost|p1a: Malamar|spe|1
|turn|14
|
|move|p1a: Malamar|Throat Chop|p2a: Mimikyu
|-damage|p2a: Mimikyu|7/100
|-start|p2a: Mimikyu|Throat Chop|[silent]
|move|p2a: Mimikyu|Play Rough|p1a: Malamar
|-supereffective|p1a: Malamar
|-damage|p1a: Malamar|0 fnt
|-damage|p2a: Mimikyu|0 fnt|[from] item: Life Orb
|faint|p1a: Malamar
|faint|p2a: Mimikyu
|
|win|Daellio
|raw|Sebas4906's rating: 1522 → 1504(-18 for losing)
|raw|Daellio's rating: 1560 → 1578(+18 for winning)
|l|☆Sebas4906
