|ScrapeTime|2020-01-01-01:18:45
|j|☆Reptikrook
|j|☆1% pure evil
|player|p1|Reptikrook|17|1626
|player|p2|1% pure evil|anabel|1686
|teamsize|p1|6
|teamsize|p2|6
|gametype|singles
|gen|8
|tier|[Gen 8] OU
|rated|
|rule|Sleep Clause Mod: Limit one foe put to sleep
|rule|Species Clause: Limit one of each Pokémon
|rule|OHKO Clause: OHKO moves are banned
|rule|Evasion Moves Clause: Evasion moves are banned
|rule|Endless Battle Clause: Forcing endless battles is banned
|rule|HP Percentage Mod: HP is shown in percentages
|clearpoke
|poke|p1|Bewear, M|
|poke|p1|Centiskorch, F|
|poke|p1|Toxapex, M|
|poke|p1|Ferrothorn, F|
|poke|p1|Hippowdon, M|
|poke|p1|Dragapult, M|
|poke|p2|Dragapult, M|
|poke|p2|Vaporeon, M|
|poke|p2|Heliolisk, M|
|poke|p2|Dugtrio, F|
|poke|p2|Togekiss, M|
|poke|p2|Corviknight, M|
|rule|Dynamax Clause: You cannot dynamax
|teampreview
|
|start
|switch|p1a: Hippowdon|Hippowdon, M|100/100
|switch|p2a: Heliolisk|Heliolisk, M|100/100
|-weather|Sandstorm|[from] ability: Sand Stream|[of] p1a: Hippowdon
|turn|1
|
|move|p2a: Heliolisk|Substitute|p2a: Heliolisk
|-start|p2a: Heliolisk|Substitute
|-damage|p2a: Heliolisk|76/100
|move|p1a: Hippowdon|Stealth Rock|p2a: Heliolisk
|-sidestart|p2: 1% pure evil|move: Stealth Rock
|
|-weather|Sandstorm|[upkeep]
|-damage|p2a: Heliolisk|70/100|[from] Sandstorm
|-heal|p2a: Heliolisk|76/100|[from] item: Leftovers
|upkeep
|turn|2
|j| NubKnightZ
|
|move|p2a: Heliolisk|Glare|p1a: Hippowdon
|-status|p1a: Hippowdon|par
|cant|p1a: Hippowdon|par
|
|-weather|Sandstorm|[upkeep]
|-damage|p2a: Heliolisk|70/100|[from] Sandstorm
|-heal|p2a: Heliolisk|76/100|[from] item: Leftovers
|upkeep
|turn|3
|
|move|p2a: Heliolisk|Grass Knot|p1a: Hippowdon
|-supereffective|p1a: Hippowdon
|-damage|p1a: Hippowdon|23/100 par
|move|p1a: Hippowdon|Whirlwind|p2a: Heliolisk
|drag|p2a: Vaporeon|Vaporeon, M|100/100
|-damage|p2a: Vaporeon|88/100|[from] Stealth Rock
|
|-weather|Sandstorm|[upkeep]
|-damage|p2a: Vaporeon|82/100|[from] Sandstorm
|-heal|p2a: Vaporeon|88/100|[from] item: Leftovers
|-heal|p1a: Hippowdon|30/100 par|[from] item: Leftovers
|upkeep
|turn|4
|j| Damn u 2 oblivion
|
|switch|p2a: Heliolisk|Heliolisk, M|76/100
|-damage|p2a: Heliolisk|63/100|[from] Stealth Rock
|switch|p1a: Bewear|Bewear, M|100/100
|
|-weather|Sandstorm|[upkeep]
|-damage|p2a: Heliolisk|57/100|[from] Sandstorm
|-damage|p1a: Bewear|94/100|[from] Sandstorm
|-heal|p2a: Heliolisk|63/100|[from] item: Leftovers
|upkeep
|turn|5
|
|move|p2a: Heliolisk|Glare|p1a: Bewear
|-status|p1a: Bewear|par
|move|p1a: Bewear|Darkest Lariat|p2a: Heliolisk
|-damage|p2a: Heliolisk|0 fnt
|faint|p2a: Heliolisk
|
|-weather|none
|upkeep
|
|switch|p2a: Togekiss|Togekiss, M|100/100
|-damage|p2a: Togekiss|76/100|[from] Stealth Rock
|turn|6
|
|switch|p1a: Toxapex|Toxapex, M|100/100
|move|p2a: Togekiss|Air Slash|p1a: Toxapex
|-damage|p1a: Toxapex|71/100
|
|-heal|p2a: Togekiss|82/100|[from] item: Leftovers
|-heal|p1a: Toxapex|77/100|[from] item: Black Sludge
|upkeep
|turn|7
|
|move|p2a: Togekiss|Thunder Wave|p1a: Toxapex
|-status|p1a: Toxapex|par
|move|p1a: Toxapex|Scald|p2a: Togekiss
|-damage|p2a: Togekiss|65/100
|-status|p2a: Togekiss|brn
|
|-heal|p2a: Togekiss|72/100 brn|[from] item: Leftovers
|-heal|p1a: Toxapex|83/100 par|[from] item: Black Sludge
|-damage|p2a: Togekiss|65/100 brn|[from] brn
|upkeep
|turn|8
|
|switch|p1a: Hippowdon|Hippowdon, M|30/100 par
|-weather|Sandstorm|[from] ability: Sand Stream|[of] p1a: Hippowdon
|move|p2a: Togekiss|Air Slash|p1a: Hippowdon
|-damage|p1a: Hippowdon|0 fnt
|faint|p1a: Hippowdon
|
|-weather|Sandstorm|[upkeep]
|-damage|p2a: Togekiss|59/100 brn|[from] Sandstorm
|-heal|p2a: Togekiss|65/100 brn|[from] item: Leftovers
|-damage|p2a: Togekiss|59/100 brn|[from] brn
|upkeep
|
|switch|p1a: Dragapult|Dragapult, M|100/100
|turn|9
|
|move|p1a: Dragapult|Shadow Ball|p2a: Togekiss
|-damage|p2a: Togekiss|6/100 brn
|-unboost|p2a: Togekiss|spd|1
|move|p2a: Togekiss|Thunder Wave|p1a: Dragapult
|-status|p1a: Dragapult|par
|
|-weather|Sandstorm|[upkeep]
|-damage|p2a: Togekiss|0 fnt|[from] Sandstorm
|-damage|p1a: Dragapult|95/100 par|[from] Sandstorm
|faint|p2a: Togekiss
|upkeep
|
|switch|p2a: Corviknight|Corviknight, M|100/100
|-damage|p2a: Corviknight|88/100|[from] Stealth Rock
|-ability|p2a: Corviknight|Pressure
|turn|10
|
|cant|p1a: Dragapult|par
|move|p2a: Corviknight|Bulk Up|p2a: Corviknight
|-boost|p2a: Corviknight|atk|1
|-boost|p2a: Corviknight|def|1
|
|-weather|Sandstorm|[upkeep]
|-damage|p1a: Dragapult|89/100 par|[from] Sandstorm
|upkeep
|turn|11
|
|cant|p1a: Dragapult|par
|move|p2a: Corviknight|Bulk Up|p2a: Corviknight
|-boost|p2a: Corviknight|atk|1
|-boost|p2a: Corviknight|def|1
|
|-weather|Sandstorm|[upkeep]
|-damage|p1a: Dragapult|83/100 par|[from] Sandstorm
|upkeep
|turn|12
|
|move|p1a: Dragapult|Shadow Ball|p2a: Corviknight
|-damage|p2a: Corviknight|51/100
|move|p2a: Corviknight|Roost|p2a: Corviknight
|-heal|p2a: Corviknight|100/100
|-singleturn|p2a: Corviknight|move: Roost
|
|-weather|none
|upkeep
|turn|13
|
|switch|p1a: Ferrothorn|Ferrothorn, F|100/100
|move|p2a: Corviknight|Power Trip|p1a: Ferrothorn
|-damage|p1a: Ferrothorn|75/100
|-damage|p2a: Corviknight|88/100|[from] ability: Iron Barbs|[of] p1a: Ferrothorn
|
|-heal|p1a: Ferrothorn|81/100|[from] item: Leftovers
|upkeep
|turn|14
|c|☆Reptikrook|!data trip
|error|No Pokémon, item, move, ability or nature named 'trip' was found. (Check your spelling?)
|
|switch|p2a: Dugtrio|Dugtrio, F|100/100
|-damage|p2a: Dugtrio|94/100|[from] Stealth Rock
|move|p1a: Ferrothorn|Leech Seed|p2a: Dugtrio
|-start|p2a: Dugtrio|move: Leech Seed
|
|-heal|p1a: Ferrothorn|88/100|[from] item: Leftovers
|-damage|p2a: Dugtrio|82/100|[from] Leech Seed|[of] p1a: Ferrothorn
|-heal|p1a: Ferrothorn|95/100|[silent]
|upkeep
|turn|15
|c|☆Reptikrook|!data power trip
|raw|Power Trip  Power20 Accuracy100% PP16  + 20 power for each of the user's stat boosts. 

|
|switch|p2a: Dragapult|Dragapult, M|100/100
|-damage|p2a: Dragapult|88/100|[from] Stealth Rock
|move|p1a: Ferrothorn|Spikes|p2a: Dragapult
|-sidestart|p2: 1% pure evil|Spikes
|
|-heal|p2a: Dragapult|94/100|[from] item: Leftovers
|-heal|p1a: Ferrothorn|100/100|[from] item: Leftovers
|upkeep
|turn|16
|
|move|p2a: Dragapult|Thunder Wave|p1a: Ferrothorn
|-status|p1a: Ferrothorn|par
|move|p1a: Ferrothorn|Gyro Ball|p2a: Dragapult
|-damage|p2a: Dragapult|31/100
|
|-heal|p2a: Dragapult|37/100|[from] item: Leftovers
|upkeep
|turn|17
|
|switch|p1a: Centiskorch|Centiskorch, F|100/100
|move|p2a: Dragapult|Hex|p1a: Centiskorch
|-damage|p1a: Centiskorch|78/100
|
|-heal|p2a: Dragapult|43/100|[from] item: Leftovers
|upkeep
|turn|18
|
|move|p2a: Dragapult|Thunder Wave|p1a: Centiskorch
|-status|p1a: Centiskorch|par
|cant|p1a: Centiskorch|par
|
|-heal|p2a: Dragapult|49/100|[from] item: Leftovers
|upkeep
|turn|19
|
|move|p2a: Dragapult|Hex|p1a: Centiskorch
|-damage|p1a: Centiskorch|37/100 par
|cant|p1a: Centiskorch|par
|
|-heal|p2a: Dragapult|56/100|[from] item: Leftovers
|upkeep
|turn|20
|c|☆Reptikrook|-_-
|
|move|p2a: Dragapult|Hex|p1a: Centiskorch
|-damage|p1a: Centiskorch|0 fnt
|faint|p1a: Centiskorch
|
|-heal|p2a: Dragapult|62/100|[from] item: Leftovers
|upkeep
|c|☆1% pure evil|x)
|
|switch|p1a: Ferrothorn|Ferrothorn, F|100/100 par
|turn|21
|
|move|p2a: Dragapult|Substitute|p2a: Dragapult
|-start|p2a: Dragapult|Substitute
|-damage|p2a: Dragapult|37/100
|move|p1a: Ferrothorn|Spikes|p2a: Dragapult
|-sidestart|p2: 1% pure evil|Spikes
|
|-heal|p2a: Dragapult|43/100|[from] item: Leftovers
|upkeep
|turn|22
|
|move|p2a: Dragapult|Hex|p1a: Ferrothorn
|-damage|p1a: Ferrothorn|53/100 par
|move|p1a: Ferrothorn|Gyro Ball|p2a: Dragapult
|-end|p2a: Dragapult|Substitute
|
|-heal|p2a: Dragapult|49/100|[from] item: Leftovers
|-heal|p1a: Ferrothorn|59/100 par|[from] item: Leftovers
|upkeep
|turn|23
|j| We doin dumbshit
|
|move|p2a: Dragapult|Substitute|p2a: Dragapult
|-start|p2a: Dragapult|Substitute
|-damage|p2a: Dragapult|24/100
|cant|p1a: Ferrothorn|par
|
|-heal|p2a: Dragapult|30/100|[from] item: Leftovers
|-heal|p1a: Ferrothorn|65/100 par|[from] item: Leftovers
|upkeep
|turn|24
|
|move|p2a: Dragapult|Hex|p1a: Ferrothorn
|-crit|p1a: Ferrothorn
|-damage|p1a: Ferrothorn|0 fnt
|faint|p1a: Ferrothorn
|
|-heal|p2a: Dragapult|37/100|[from] item: Leftovers
|upkeep
|c|☆1% pure evil|XD
|
|switch|p1a: Bewear|Bewear, M|94/100 par
|turn|25
|c|☆Reptikrook|how does it feel needing coin tosses for your entire team to win
|
|switch|p2a: Vaporeon|Vaporeon, M|88/100
|-damage|p2a: Vaporeon|71/100|[from] Spikes
|-damage|p2a: Vaporeon|59/100|[from] Stealth Rock
|move|p1a: Bewear|Darkest Lariat|p2a: Vaporeon
|-damage|p2a: Vaporeon|23/100
|
|-heal|p2a: Vaporeon|29/100|[from] item: Leftovers
|upkeep
|turn|26
|
|move|p2a: Vaporeon|Scald|p1a: Bewear
|-damage|p1a: Bewear|60/100 par
|cant|p1a: Bewear|par
|
|-heal|p2a: Vaporeon|36/100|[from] item: Leftovers
|upkeep
|turn|27
|c|☆1% pure evil|oof
|c|☆1% pure evil|also i dont need coin tosses to win
|c|☆1% pure evil|really paralysis is just for speed control
|c|☆1% pure evil|the hax is just secondary
|l| Damn u 2 oblivion
|j| Hopopope
|
|switch|p1a: Dragapult|Dragapult, M|83/100 par
|move|p2a: Vaporeon|Scald|p1a: Dragapult
|-resisted|p1a: Dragapult
|-damage|p1a: Dragapult|63/100 par
|
|-heal|p2a: Vaporeon|42/100|[from] item: Leftovers
|upkeep
|turn|28
|
|move|p2a: Vaporeon|Protect|p2a: Vaporeon
|-singleturn|p2a: Vaporeon|Protect
|cant|p1a: Dragapult|par
|
|-heal|p2a: Vaporeon|48/100|[from] item: Leftovers
|upkeep
|turn|29
|l| We doin dumbshit
|c|☆Reptikrook|you freaking crippled pokemon just do your job
|c|☆1% pure evil|thats not very nice
|c|☆Reptikrook|I'm not very nice
|c|☆Reptikrook|I'm a pimp and these pokemon are my hoes
|l| Hopopope
|
|switch|p2a: Dragapult|Dragapult, M|37/100
|-damage|p2a: Dragapult|24/100|[from] Stealth Rock
|-damage|p2a: Dragapult|8/100|[from] Spikes
|move|p1a: Dragapult|Shadow Ball|p2a: Dragapult
|-supereffective|p2a: Dragapult
|-damage|p2a: Dragapult|0 fnt
|faint|p2a: Dragapult
|
|upkeep
|
|switch|p2a: Corviknight|Corviknight, M|88/100
|-damage|p2a: Corviknight|75/100|[from] Stealth Rock
|-ability|p2a: Corviknight|Pressure
|turn|30
|
|switch|p1a: Bewear|Bewear, M|60/100 par
|move|p2a: Corviknight|Roost|p2a: Corviknight
|-heal|p2a: Corviknight|100/100
|-singleturn|p2a: Corviknight|move: Roost
|
|upkeep
|turn|31
|
|move|p2a: Corviknight|Bulk Up|p2a: Corviknight
|-boost|p2a: Corviknight|atk|1
|-boost|p2a: Corviknight|def|1
|move|p1a: Bewear|Close Combat|p2a: Corviknight
|-damage|p2a: Corviknight|43/100
|-unboost|p1a: Bewear|def|1
|-unboost|p1a: Bewear|spd|1
|
|upkeep
|turn|32
|
|switch|p2a: Vaporeon|Vaporeon, M|48/100
|-damage|p2a: Vaporeon|32/100|[from] Spikes
|-damage|p2a: Vaporeon|19/100|[from] Stealth Rock
|move|p1a: Bewear|Close Combat|p2a: Vaporeon
|-damage|p2a: Vaporeon|0 fnt
|-unboost|p1a: Bewear|def|1
|-unboost|p1a: Bewear|spd|1
|faint|p2a: Vaporeon
|
|upkeep
|
|switch|p2a: Dugtrio|Dugtrio, F|82/100
|-damage|p2a: Dugtrio|65/100|[from] Spikes
|-damage|p2a: Dugtrio|59/100|[from] Stealth Rock
|turn|33
|
|move|p2a: Dugtrio|Earthquake|p1a: Bewear
|-damage|p1a: Bewear|0 fnt
|faint|p1a: Bewear
|
|upkeep
|
|switch|p1a: Toxapex|Toxapex, M|100/100 par
|turn|34
|
|move|p2a: Dugtrio|Earthquake|p1a: Toxapex
|-supereffective|p1a: Toxapex
|-damage|p1a: Toxapex|47/100 par
|move|p1a: Toxapex|Scald|p2a: Dugtrio
|-supereffective|p2a: Dugtrio
|-damage|p2a: Dugtrio|0 fnt
|faint|p2a: Dugtrio
|
|-heal|p1a: Toxapex|53/100 par|[from] item: Black Sludge
|upkeep
|
|switch|p2a: Corviknight|Corviknight, M|43/100
|-damage|p2a: Corviknight|31/100|[from] Stealth Rock
|-ability|p2a: Corviknight|Pressure
|turn|35
|
|switch|p1a: Dragapult|Dragapult, M|63/100 par
|move|p2a: Corviknight|Roost|p2a: Corviknight
|-heal|p2a: Corviknight|81/100
|-singleturn|p2a: Corviknight|move: Roost
|
|upkeep
|turn|36
|
|move|p1a: Dragapult|Thunderbolt|p2a: Corviknight
|-supereffective|p2a: Corviknight
|-damage|p2a: Corviknight|27/100
|-enditem|p2a: Corviknight|Weakness Policy
|-boost|p2a: Corviknight|atk|2
|-boost|p2a: Corviknight|spa|2
|move|p2a: Corviknight|Power Trip|p1a: Dragapult
|-supereffective|p1a: Dragapult
|-damage|p1a: Dragapult|0 fnt
|faint|p1a: Dragapult
|
|upkeep
|c|☆1% pure evil|XD dang
|
|switch|p1a: Toxapex|Toxapex, M|87/100 par
|turn|37
|
|move|p2a: Corviknight|Roost|p2a: Corviknight
|-heal|p2a: Corviknight|77/100
|-singleturn|p2a: Corviknight|move: Roost
|cant|p1a: Toxapex|par
|
|-heal|p1a: Toxapex|93/100 par|[from] item: Black Sludge
|upkeep
|turn|38
|
|move|p2a: Corviknight|Power Trip|p1a: Toxapex
|-damage|p1a: Toxapex|67/100 par
|cant|p1a: Toxapex|par
|
|-heal|p1a: Toxapex|74/100 par|[from] item: Black Sludge
|upkeep
|turn|39
|
|move|p2a: Corviknight|Bulk Up|p2a: Corviknight
|-boost|p2a: Corviknight|atk|1
|-boost|p2a: Corviknight|def|1
|cant|p1a: Toxapex|par
|
|-heal|p1a: Toxapex|80/100 par|[from] item: Black Sludge
|upkeep
|turn|40
|c|☆Reptikrook|REALLy
|
|move|p2a: Corviknight|Power Trip|p1a: Toxapex
|-damage|p1a: Toxapex|39/100 par
|cant|p1a: Toxapex|par
|
|-heal|p1a: Toxapex|45/100 par|[from] item: Black Sludge
|upkeep
|turn|41
|c|☆1% pure evil|crazy game XD
|c|☆Reptikrook|COME THE FUCK ON
|
|move|p2a: Corviknight|Power Trip|p1a: Toxapex
|-damage|p1a: Toxapex|3/100 par
|move|p1a: Toxapex|Recover|p1a: Toxapex
|-heal|p1a: Toxapex|53/100 par
|
|-heal|p1a: Toxapex|59/100 par|[from] item: Black Sludge
|upkeep
|turn|42
|
|move|p2a: Corviknight|Power Trip|p1a: Toxapex
|-damage|p1a: Toxapex|16/100 par
|move|p1a: Toxapex|Recover|p1a: Toxapex
|-heal|p1a: Toxapex|66/100 par
|
|-heal|p1a: Toxapex|72/100 par|[from] item: Black Sludge
|upkeep
|turn|43
|c|☆Reptikrook|I was going for haze
|
|move|p2a: Corviknight|Power Trip|p1a: Toxapex
|-damage|p1a: Toxapex|27/100 par
|cant|p1a: Toxapex|par
|
|-heal|p1a: Toxapex|34/100 par|[from] item: Black Sludge
|upkeep
|turn|44
|c|☆1% pure evil|ouch thats gotta sting
|c|☆1% pure evil|well gg dude was a crazy match
|c|☆Reptikrook|I don't hate the player I hate the game
|c|☆Reptikrook|so gg
|
|move|p2a: Corviknight|Power Trip|p1a: Toxapex
|-crit|p1a: Toxapex
|-damage|p1a: Toxapex|0 fnt
|faint|p1a: Toxapex
|
|win|1% pure evil
|l|☆Reptikrook
|raw|Reptikrook's rating: 1626 → 1610(-16 for losing)
|raw|1% pure evil's rating: 1686 → 1703(+17 for winning)
|l| NubKnightZ
