|ScrapeTime|2020-01-01-04:25:37
|j|☆NubKnightZ
|j|☆gerubach
|player|p1|NubKnightZ|1|1310
|player|p2|gerubach|169|1324
|teamsize|p1|6
|teamsize|p2|6
|gametype|singles
|gen|8
|tier|[Gen 8] OU
|rated|
|rule|Sleep Clause Mod: Limit one foe put to sleep
|rule|Species Clause: Limit one of each Pokémon
|rule|OHKO Clause: OHKO moves are banned
|rule|Evasion Moves Clause: Evasion moves are banned
|rule|Endless Battle Clause: Forcing endless battles is banned
|rule|HP Percentage Mod: HP is shown in percentages
|clearpoke
|poke|p1|Galvantula, M|
|poke|p1|Jellicent, M|
|poke|p1|Dracovish|
|poke|p1|Cinderace, M|
|poke|p1|Clefable, F|
|poke|p1|Conkeldurr, F|
|poke|p2|Clefable, M|
|poke|p2|Gengar, M|
|poke|p2|Corviknight, F|
|poke|p2|Seismitoad, M|
|poke|p2|Bisharp, M|
|poke|p2|Cinderace, F|
|rule|Dynamax Clause: You cannot dynamax
|teampreview
|
|start
|switch|p1a: Galvantula|Galvantula, M|100/100
|switch|p2a: Seismitoad|Seismitoad, M|100/100
|turn|1
|inactive|Battle timer is ON: inactive players will automatically lose when time's up. (requested by gerubach)
|
|switch|p1a: Clefable|Clefable, F|100/100
|move|p2a: Seismitoad|Stealth Rock|p1a: Clefable
|-sidestart|p1: NubKnightZ|move: Stealth Rock
|
|upkeep
|turn|2
|
|switch|p2a: Gengar|Gengar, M|100/100
|move|p1a: Clefable|Stealth Rock|p2a: Gengar
|-sidestart|p2: gerubach|move: Stealth Rock
|
|upkeep
|turn|3
|
|switch|p1a: Conkeldurr|Conkeldurr, F|100/100
|-damage|p1a: Conkeldurr|94/100|[from] Stealth Rock
|move|p2a: Gengar|Shadow Ball|p1a: Conkeldurr
|-damage|p1a: Conkeldurr|46/100
|
|-status|p1a: Conkeldurr|brn|[from] item: Flame Orb
|upkeep
|turn|4
|
|switch|p1a: Cinderace|Cinderace, M|100/100
|move|p2a: Gengar|Shadow Ball|p1a: Cinderace
|-damage|p1a: Cinderace|31/100
|-unboost|p1a: Cinderace|spd|1
|
|upkeep
|turn|5
|inactive|NubKnightZ has 120 seconds left.
|
|switch|p2a: Seismitoad|Seismitoad, M|100/100
|-damage|p2a: Seismitoad|94/100|[from] Stealth Rock
|move|p1a: Cinderace|U-turn|p2a: Seismitoad
|-damage|p2a: Seismitoad|79/100
|inactive|NubKnightZ has 120 seconds left.
|
|switch|p1a: Conkeldurr|Conkeldurr, F|46/100 brn|[from]move: U-turn
|-damage|p1a: Conkeldurr|40/100 brn|[from] Stealth Rock
|
|-heal|p2a: Seismitoad|86/100|[from] item: Leftovers
|-damage|p1a: Conkeldurr|34/100 brn|[from] brn
|upkeep
|turn|6
|inactive|NubKnightZ has 120 seconds left.
|
|switch|p2a: Clefable|Clefable, M|100/100
|move|p1a: Conkeldurr|Earthquake|p2a: Clefable
|-damage|p2a: Clefable|38/100
|
|-damage|p1a: Conkeldurr|28/100 brn|[from] brn
|upkeep
|turn|7
|inactive|NubKnightZ has 120 seconds left.
|
|move|p2a: Clefable|Moonblast|p1a: Conkeldurr
|-supereffective|p1a: Conkeldurr
|-damage|p1a: Conkeldurr|0 fnt
|faint|p1a: Conkeldurr
|
|upkeep
|inactive|NubKnightZ has 120 seconds left.
|
|switch|p1a: Dracovish|Dracovish|100/100
|-damage|p1a: Dracovish|88/100|[from] Stealth Rock
|turn|8
|
|switch|p2a: Seismitoad|Seismitoad, M|86/100
|-damage|p2a: Seismitoad|79/100|[from] Stealth Rock
|move|p1a: Dracovish|Psychic Fangs|p2a: Seismitoad
|-damage|p2a: Seismitoad|38/100
|
|-heal|p2a: Seismitoad|44/100|[from] item: Leftovers
|upkeep
|turn|9
|inactive|NubKnightZ has 120 seconds left.
|inactive|gerubach has 120 seconds left.
|
|switch|p2a: Bisharp|Bisharp, M|100/100
|-damage|p2a: Bisharp|95/100|[from] Stealth Rock
|move|p1a: Dracovish|Psychic Fangs|p2a: Bisharp
|-immune|p2a: Bisharp
|
|upkeep
|turn|10
|inactive|NubKnightZ has 120 seconds left.
|inactive|gerubach has 120 seconds left.
|
|switch|p1a: Jellicent|Jellicent, M|100/100
|-damage|p1a: Jellicent|88/100|[from] Stealth Rock
|move|p2a: Bisharp|Throat Chop|p1a: Jellicent
|-supereffective|p1a: Jellicent
|-damage|p1a: Jellicent|5/100
|-start|p1a: Jellicent|Throat Chop|[silent]
|
|-heal|p1a: Jellicent|11/100|[from] item: Leftovers
|upkeep
|turn|11
|
|move|p2a: Bisharp|Throat Chop|p1a: Jellicent
|-supereffective|p1a: Jellicent
|-damage|p1a: Jellicent|0 fnt
|faint|p1a: Jellicent
|
|upkeep
|inactive|NubKnightZ has 90 seconds left.
|
|switch|p1a: Cinderace|Cinderace, M|31/100
|turn|12
|
|move|p2a: Bisharp|Sucker Punch|p1a: Cinderace
|-damage|p1a: Cinderace|0 fnt
|faint|p1a: Cinderace
|
|upkeep
|
|switch|p1a: Galvantula|Galvantula, M|100/100
|turn|13
|
|move|p1a: Galvantula|Thunder|p2a: Bisharp
|-damage|p2a: Bisharp|11/100
|move|p2a: Bisharp|Swords Dance|p2a: Bisharp
|-boost|p2a: Bisharp|atk|2
|
|upkeep
|turn|14
|
|move|p2a: Bisharp|Sucker Punch||[still]
|-fail|p2a: Bisharp
|move|p1a: Galvantula|Sticky Web|p2a: Bisharp
|-sidestart|p2: gerubach|move: Sticky Web
|
|upkeep
|turn|15
|
|move|p2a: Bisharp|Sucker Punch|p1a: Galvantula
|-damage|p1a: Galvantula|0 fnt
|faint|p1a: Galvantula
|
|upkeep
|
|switch|p1a: Dracovish|Dracovish|88/100
|-damage|p1a: Dracovish|76/100|[from] Stealth Rock
|turn|16
|
|move|p2a: Bisharp|Sucker Punch|p1a: Dracovish
|-damage|p1a: Dracovish|0 fnt
|faint|p1a: Dracovish
|
|upkeep
|
|switch|p1a: Clefable|Clefable, F|100/100
|turn|17
|
|move|p2a: Bisharp|Iron Head|p1a: Clefable
|-supereffective|p1a: Clefable
|-damage|p1a: Clefable|0 fnt
|faint|p1a: Clefable
|
|win|gerubach
|raw|NubKnightZ's rating: 1310 → 1291(-19 for losing)
|raw|gerubach's rating: 1324 → 1343(+19 for winning)
