|ScrapeTime|2020-01-01-03:05:59
|j|☆Shoukuhe
|j|☆NeoShifter8578
|player|p1|Shoukuhe|2|1000
|player|p2|NeoShifter8578|plasmagruntf|1000
|teamsize|p1|6
|teamsize|p2|6
|gametype|singles
|gen|8
|tier|[Gen 8] OU
|rated|
|rule|Sleep Clause Mod: Limit one foe put to sleep
|rule|Species Clause: Limit one of each Pokémon
|rule|OHKO Clause: OHKO moves are banned
|rule|Evasion Moves Clause: Evasion moves are banned
|rule|Endless Battle Clause: Forcing endless battles is banned
|rule|HP Percentage Mod: HP is shown in percentages
|clearpoke
|poke|p1|Espeon, F|
|poke|p1|Shiinotic, F|
|poke|p1|Alcremie, F|
|poke|p1|Togekiss, M|
|poke|p1|Toxtricity-Low-Key, F|
|poke|p1|Cinderace, F|
|poke|p2|Whimsicott, F|
|poke|p2|Dracovish|
|poke|p2|Dragapult, F|
|poke|p2|Lucario, F|
|poke|p2|Mudsdale, M|
|poke|p2|Togekiss, F|
|rule|Dynamax Clause: You cannot dynamax
|teampreview
|inactive|Battle timer is ON: inactive players will automatically lose when time's up. (requested by Shoukuhe)
|
|start
|switch|p1a: Espeon|Espeon, F|100/100
|switch|p2a: Whims|Whimsicott, F|100/100
|turn|1
|
|move|p2a: Whims|Tailwind|p2a: Whims
|-sidestart|p2: NeoShifter8578|move: Tailwind
|move|p1a: Espeon|Trick|p2a: Whims
|-activate|p1a: Espeon|move: Trick|[of] p2a: Whims
|-item|p2a: Whims|Sticky Barb|[from] move: Trick
|-item|p1a: Espeon|Eject Button|[from] move: Trick
|
|-damage|p2a: Whims|88/100|[from] item: Sticky Barb
|upkeep
|turn|2
|
|move|p2a: Whims|Switcheroo|p1a: Espeon
|-activate|p2a: Whims|move: Trick|[of] p1a: Espeon
|-item|p1a: Espeon|Sticky Barb|[from] move: Switcheroo
|-item|p2a: Whims|Eject Button|[from] move: Switcheroo
|move|p1a: Espeon|Light Screen|p1a: Espeon
|-sidestart|p1: Shoukuhe|move: Light Screen
|
|-damage|p1a: Espeon|88/100|[from] item: Sticky Barb
|upkeep
|turn|3
|
|move|p2a: Whims|Beat Up|p1a: Espeon
|-supereffective|p1a: Espeon
|-damage|p1a: Espeon|82/100
|-supereffective|p1a: Espeon
|-damage|p1a: Espeon|75/100
|-supereffective|p1a: Espeon
|-damage|p1a: Espeon|67/100
|-supereffective|p1a: Espeon
|-damage|p1a: Espeon|58/100
|-supereffective|p1a: Espeon
|-damage|p1a: Espeon|49/100
|-supereffective|p1a: Espeon
|-damage|p1a: Espeon|43/100
|-hitcount|p1a: Espeon|6
|move|p1a: Espeon|Trick|p2a: Whims
|-activate|p1a: Espeon|move: Trick|[of] p2a: Whims
|-item|p2a: Whims|Sticky Barb|[from] move: Trick
|-item|p1a: Espeon|Eject Button|[from] move: Trick
|
|-damage|p2a: Whims|76/100|[from] item: Sticky Barb
|upkeep
|turn|4
|
|move|p2a: Whims|Beat Up|p1a: Espeon
|-supereffective|p1a: Espeon
|-damage|p1a: Espeon|37/100
|-supereffective|p1a: Espeon
|-damage|p1a: Espeon|30/100
|-supereffective|p1a: Espeon
|-damage|p1a: Espeon|20/100
|-supereffective|p1a: Espeon
|-damage|p1a: Espeon|12/100
|-supereffective|p1a: Espeon
|-damage|p1a: Espeon|3/100
|-supereffective|p1a: Espeon
|-damage|p1a: Espeon|0 fnt
|-hitcount|p1a: Espeon|6
|faint|p1a: Espeon
|
|-sideend|p2: NeoShifter8578|move: Tailwind
|-damage|p2a: Whims|63/100|[from] item: Sticky Barb
|upkeep
|inactive|Shoukuhe has 120 seconds left.
|
|switch|p1a: Shiinotic|Shiinotic, F|100/100
|turn|5
|
|move|p2a: Whims|Beat Up|p1a: Shiinotic
|-resisted|p1a: Shiinotic
|-damage|p1a: Shiinotic|99/100
|-resisted|p1a: Shiinotic
|-damage|p1a: Shiinotic|98/100
|-resisted|p1a: Shiinotic
|-damage|p1a: Shiinotic|96/100
|-resisted|p1a: Shiinotic
|-damage|p1a: Shiinotic|94/100
|-resisted|p1a: Shiinotic
|-damage|p1a: Shiinotic|92/100
|-resisted|p1a: Shiinotic
|-damage|p1a: Shiinotic|91/100
|-hitcount|p1a: Shiinotic|6
|move|p1a: Shiinotic|Spore|p2a: Whims
|-immune|p2a: Whims
|
|-damage|p2a: Whims|51/100|[from] item: Sticky Barb
|upkeep
|turn|6
|inactive|Shoukuhe has 120 seconds left.
|
|move|p2a: Whims|Moonblast|p1a: Shiinotic
|-damage|p1a: Shiinotic|80/100
|move|p1a: Shiinotic|Facade|p2a: Whims
|-damage|p2a: Whims|44/100
|
|-sideend|p1: Shoukuhe|move: Light Screen
|-damage|p2a: Whims|31/100|[from] item: Sticky Barb
|upkeep
|turn|7
|
|move|p2a: Whims|Switcheroo|p1a: Shiinotic
|-activate|p2a: Whims|move: Trick|[of] p1a: Shiinotic
|-item|p1a: Shiinotic|Sticky Barb|[from] move: Switcheroo
|-item|p2a: Whims|Miracle Seed|[from] move: Switcheroo
|move|p1a: Shiinotic|Stun Spore|p2a: Whims
|-immune|p2a: Whims
|
|-damage|p1a: Shiinotic|68/100|[from] item: Sticky Barb
|upkeep
|turn|8
|
|move|p2a: Whims|Moonblast|p1a: Shiinotic
|-crit|p1a: Shiinotic
|-damage|p1a: Shiinotic|39/100
|move|p1a: Shiinotic|Facade|p2a: Whims
|-damage|p2a: Whims|24/100
|
|-damage|p1a: Shiinotic|26/100|[from] item: Sticky Barb
|upkeep
|turn|9
|
|move|p2a: Whims|Moonblast|p1a: Shiinotic
|-damage|p1a: Shiinotic|6/100
|move|p1a: Shiinotic|Facade|p2a: Whims
|-damage|p2a: Whims|17/100
|
|-damage|p1a: Shiinotic|0 fnt|[from] item: Sticky Barb
|faint|p1a: Shiinotic
|upkeep
|
|switch|p1a: Togekiss|Togekiss, M|100/100
|turn|10
|
|move|p2a: Whims|Tailwind|p2a: Whims
|-sidestart|p2: NeoShifter8578|move: Tailwind
|move|p1a: Togekiss|Air Slash|p2a: Whims
|-supereffective|p2a: Whims
|-damage|p2a: Whims|0 fnt
|faint|p2a: Whims
|
|upkeep
|
|switch|p2a: Mr Fish|Dracovish|100/100
|turn|11
|
|move|p2a: Mr Fish|Fishious Rend|p1a: Togekiss
|-damage|p1a: Togekiss|0 fnt
|faint|p1a: Togekiss
|
|upkeep
|
|switch|p1a: Alcremie|Alcremie, F|100/100
|turn|12
|
|move|p2a: Mr Fish|Fishious Rend|p1a: Alcremie
|-damage|p1a: Alcremie|0 fnt
|faint|p1a: Alcremie
|
|upkeep
|
|switch|p1a: Toxtricity|Toxtricity-Low-Key, F|100/100
|turn|13
|
|move|p2a: Mr Fish|Fishious Rend|p1a: Toxtricity
|-damage|p1a: Toxtricity|0 fnt
|faint|p1a: Toxtricity
|
|-sideend|p2: NeoShifter8578|move: Tailwind
|upkeep
|
|switch|p1a: Cinderace|Cinderace, F|100/100
|turn|14
|
|move|p1a: Cinderace|Double Kick|p2a: Mr Fish
|-damage|p2a: Mr Fish|92/100
|-damage|p2a: Mr Fish|84/100
|-hitcount|p2a: Mr Fish|2
|move|p2a: Mr Fish|Fishious Rend|p1a: Cinderace
|-supereffective|p1a: Cinderace
|-crit|p1a: Cinderace
|-damage|p1a: Cinderace|0 fnt
|faint|p1a: Cinderace
|
|win|NeoShifter8578
|raw|Shoukuhe's rating: 1000 → 1000(+0 for losing)
|raw|NeoShifter8578's rating: 1000 → 1040(+40 for winning)
|l|☆Shoukuhe
|c|☆NeoShifter8578|GG
