|ScrapeTime|2020-01-01-00:18:33
|j|‽MegaStarUniverse
|j|☆xueyuluoyu
|player|p1|MegaStarUniverse|ethan|1733
|player|p2|xueyuluoyu|lillie|1662
|teamsize|p1|6
|teamsize|p2|6
|gametype|singles
|gen|8
|tier|[Gen 8] OU
|rated|
|rule|Sleep Clause Mod: Limit one foe put to sleep
|rule|Species Clause: Limit one of each Pokémon
|rule|OHKO Clause: OHKO moves are banned
|rule|Evasion Moves Clause: Evasion moves are banned
|rule|Endless Battle Clause: Forcing endless battles is banned
|rule|HP Percentage Mod: HP is shown in percentages
|clearpoke
|poke|p1|Aegislash, M|
|poke|p1|Hydreigon, M|
|poke|p1|Bisharp, M|
|poke|p1|Ribombee, F|
|poke|p1|Rhyperior, M|
|poke|p1|Kommo-o, F|
|poke|p2|Mamoswine, F|
|poke|p2|Ferrothorn, M|
|poke|p2|Hawlucha, F|
|poke|p2|Hydreigon, M|
|poke|p2|Mimikyu, F|
|poke|p2|Cinderace, M|
|rule|Dynamax Clause: You cannot dynamax
|teampreview
|
|start
|switch|p1a: Ribombee|Ribombee, F|100/100
|switch|p2a: Ferrothorn|Ferrothorn, M|100/100
|turn|1
|
|move|p1a: Ribombee|Sticky Web|p2a: Ferrothorn
|-sidestart|p2: xueyuluoyu|move: Sticky Web
|move|p2a: Ferrothorn|Gyro Ball|p1a: Ribombee
|-supereffective|p1a: Ribombee
|-enditem|p1a: Ribombee|Focus Sash
|-damage|p1a: Ribombee|1/100
|
|upkeep
|turn|2
|
|move|p1a: Ribombee|Skill Swap|p2a: Ferrothorn
|-activate|p1a: Ribombee|move: Skill Swap|Iron Barbs|Shield Dust|[of] p2a: Ferrothorn
|move|p2a: Ferrothorn|Spikes|p1a: Ribombee
|-sidestart|p1: MegaStarUniverse|Spikes
|
|upkeep
|turn|3
|
|move|p1a: Ribombee|Moonblast|p2a: Ferrothorn
|-resisted|p2a: Ferrothorn
|-damage|p2a: Ferrothorn|84/100
|move|p2a: Ferrothorn|Spikes|p1a: Ribombee
|-sidestart|p1: MegaStarUniverse|Spikes
|
|upkeep
|turn|4
|
|move|p1a: Ribombee|Moonblast|p2a: Ferrothorn
|-resisted|p2a: Ferrothorn
|-damage|p2a: Ferrothorn|69/100
|move|p2a: Ferrothorn|Spikes|p1a: Ribombee
|-sidestart|p1: MegaStarUniverse|Spikes
|
|upkeep
|turn|5
|
|move|p1a: Ribombee|Moonblast|p2a: Ferrothorn
|-resisted|p2a: Ferrothorn
|-damage|p2a: Ferrothorn|53/100
|move|p2a: Ferrothorn|Knock Off|p1a: Ribombee
|-resisted|p1a: Ribombee
|-damage|p1a: Ribombee|0 fnt
|-damage|p2a: Ferrothorn|41/100|[from] ability: Iron Barbs|[of] p1a: Ribombee
|faint|p1a: Ribombee
|
|upkeep
|
|switch|p1a: Hydreigon|Hydreigon, M|100/100
|turn|6
|
|move|p1a: Hydreigon|Flamethrower|p2a: Ferrothorn
|-supereffective|p2a: Ferrothorn
|-enditem|p2a: Ferrothorn|Occa Berry|[eat]
|-enditem|p2a: Ferrothorn|Occa Berry|[weaken]
|-damage|p2a: Ferrothorn|0 fnt
|-damage|p1a: Hydreigon|91/100|[from] item: Life Orb
|faint|p2a: Ferrothorn
|
|upkeep
|
|switch|p2a: Hawlucha|Hawlucha, F|100/100
|turn|7
|
|switch|p2a: Cinderace|Cinderace, M|100/100
|move|p1a: Hydreigon|Draco Meteor|p2a: Cinderace
|-damage|p2a: Cinderace|0 fnt
|-unboost|p1a: Hydreigon|spa|2
|-damage|p1a: Hydreigon|81/100|[from] item: Life Orb
|faint|p2a: Cinderace
|
|upkeep
|
|switch|p2a: Hawlucha|Hawlucha, F|100/100
|turn|8
|
|switch|p1a: Aegislash|Aegislash, M|100/100
|-item|p1a: Aegislash|Air Balloon
|move|p2a: Hawlucha|Substitute|p2a: Hawlucha
|-start|p2a: Hawlucha|Substitute
|-damage|p2a: Hawlucha|75/100
|
|upkeep
|turn|9
|
|move|p2a: Hawlucha|Swords Dance|p2a: Hawlucha
|-boost|p2a: Hawlucha|atk|2
|-formechange|p1a: Aegislash|Aegislash-Blade||[from] ability: Stance Change
|move|p1a: Aegislash|Shadow Claw|p2a: Hawlucha
|-end|p2a: Hawlucha|Substitute
|
|upkeep
|turn|10
|
|move|p2a: Hawlucha|Swords Dance|p2a: Hawlucha
|-boost|p2a: Hawlucha|atk|2
|move|p1a: Aegislash|Shadow Claw|p2a: Hawlucha
|-damage|p2a: Hawlucha|23/100
|-enditem|p2a: Hawlucha|Sitrus Berry|[eat]
|-heal|p2a: Hawlucha|48/100|[from] item: Sitrus Berry
|
|upkeep
|turn|11
|
|move|p1a: Aegislash|Shadow Sneak|p2a: Hawlucha
|-damage|p2a: Hawlucha|19/100
|move|p2a: Hawlucha|Acrobatics|p1a: Aegislash
|-resisted|p1a: Aegislash
|-damage|p1a: Aegislash|0 fnt
|-enditem|p1a: Aegislash|Air Balloon
|faint|p1a: Aegislash
|
|upkeep
|j| szystest
|
|switch|p1a: Bisharp|Bisharp, M|100/100
|-damage|p1a: Bisharp|76/100|[from] Spikes
|turn|12
|
|move|p1a: Bisharp|Sucker Punch|p2a: Hawlucha
|-resisted|p2a: Hawlucha
|-damage|p2a: Hawlucha|0 fnt
|-damage|p1a: Bisharp|66/100|[from] item: Life Orb
|faint|p2a: Hawlucha
|
|upkeep
|-message|xueyuluoyu forfeited.
|
|win|MegaStarUniverse
|l|☆xueyuluoyu
