|ScrapeTime|2020-01-01-01:55:51
|j|☆jfoayfgiaihuora
|j|☆fratty
|player|p1|jfoayfgiaihuora|blue|1081
|player|p2|fratty|swimmer-gen1|1132
|teamsize|p1|6
|teamsize|p2|6
|gametype|singles
|gen|8
|tier|[Gen 8] OU
|rated|
|rule|Sleep Clause Mod: Limit one foe put to sleep
|rule|Species Clause: Limit one of each Pokémon
|rule|OHKO Clause: OHKO moves are banned
|rule|Evasion Moves Clause: Evasion moves are banned
|rule|Endless Battle Clause: Forcing endless battles is banned
|rule|HP Percentage Mod: HP is shown in percentages
|clearpoke
|poke|p1|Aegislash, F|
|poke|p1|Excadrill, F|
|poke|p1|Rotom-Wash|
|poke|p1|Tyranitar, F|
|poke|p1|Pelipper, F|
|poke|p1|Dracovish|
|poke|p2|Pelipper, F|
|poke|p2|Dracovish|
|poke|p2|Ferrothorn, F|
|poke|p2|Pincurchin, F|
|poke|p2|Hawlucha, M|
|poke|p2|Dracozolt|
|rule|Dynamax Clause: You cannot dynamax
|teampreview
|
|start
|switch|p1a: Dracovish|Dracovish|100/100
|switch|p2a: Pelipper|Pelipper, F|100/100
|-weather|RainDance|[from] ability: Drizzle|[of] p2a: Pelipper
|turn|1
|
|move|p1a: Dracovish|Fishious Rend|p2a: Pelipper
|-resisted|p2a: Pelipper
|-damage|p2a: Pelipper|46/100
|move|p2a: Pelipper|U-turn|p1a: Dracovish
|-damage|p1a: Dracovish|91/100
|
|switch|p2a: Ferrothorn|Ferrothorn, F|100/100|[from]move: U-turn
|
|-weather|RainDance|[upkeep]
|upkeep
|turn|2
|
|move|p1a: Dracovish|Fishious Rend|p2a: Ferrothorn
|-resisted|p2a: Ferrothorn
|-damage|p2a: Ferrothorn|46/100
|-damage|p1a: Dracovish|79/100|[from] ability: Iron Barbs|[of] p2a: Ferrothorn
|move|p2a: Ferrothorn|Stealth Rock|p1a: Dracovish
|-sidestart|p1: jfoayfgiaihuora|move: Stealth Rock
|
|-weather|RainDance|[upkeep]
|upkeep
|turn|3
|
|move|p1a: Dracovish|Fishious Rend|p2a: Ferrothorn
|-resisted|p2a: Ferrothorn
|-damage|p2a: Ferrothorn|0 fnt
|-damage|p1a: Dracovish|67/100|[from] ability: Iron Barbs|[of] p2a: Ferrothorn
|faint|p2a: Ferrothorn
|
|-weather|RainDance|[upkeep]
|upkeep
|
|switch|p2a: Dracovish|Dracovish|100/100
|turn|4
|
|move|p1a: Dracovish|Fishious Rend|p2a: Dracovish
|-resisted|p2a: Dracovish
|-damage|p2a: Dracovish|58/100
|move|p2a: Dracovish|Fishious Rend|p1a: Dracovish
|-resisted|p1a: Dracovish
|-damage|p1a: Dracovish|45/100
|
|-weather|RainDance|[upkeep]
|upkeep
|turn|5
|
|move|p1a: Dracovish|Fishious Rend|p2a: Dracovish
|-resisted|p2a: Dracovish
|-damage|p2a: Dracovish|20/100
|move|p2a: Dracovish|Fishious Rend|p1a: Dracovish
|-resisted|p1a: Dracovish
|-damage|p1a: Dracovish|24/100
|
|-weather|RainDance|[upkeep]
|upkeep
|turn|6
|
|move|p1a: Dracovish|Fishious Rend|p2a: Dracovish
|-resisted|p2a: Dracovish
|-damage|p2a: Dracovish|0 fnt
|faint|p2a: Dracovish
|
|-weather|RainDance|[upkeep]
|upkeep
|
|switch|p2a: Cancer|Pincurchin, F|100/100
|-fieldstart|move: Electric Terrain|[from] ability: Electric Surge|[of] p2a: Cancer
|turn|7
|
|move|p1a: Dracovish|Fishious Rend|p2a: Cancer
|-damage|p2a: Cancer|0 fnt
|faint|p2a: Cancer
|
|-weather|RainDance|[upkeep]
|upkeep
|
|switch|p2a: Hawlucha|Hawlucha, M|100/100
|-enditem|p2a: Hawlucha|Electric Seed
|-boost|p2a: Hawlucha|def|1
|turn|8
|
|move|p2a: Hawlucha|Roost||[still]
|-fail|p2a: Hawlucha|heal
|move|p1a: Dracovish|Fishious Rend|p2a: Hawlucha
|-damage|p2a: Hawlucha|36/100
|
|-weather|none
|upkeep
|turn|9
|
|move|p2a: Hawlucha|Roost|p2a: Hawlucha
|-heal|p2a: Hawlucha|86/100
|-singleturn|p2a: Hawlucha|move: Roost
|move|p1a: Dracovish|Fishious Rend|p2a: Hawlucha
|-damage|p2a: Hawlucha|35/100
|
|upkeep
|turn|10
|
|move|p2a: Hawlucha|Roost|p2a: Hawlucha
|-heal|p2a: Hawlucha|86/100
|-singleturn|p2a: Hawlucha|move: Roost
|move|p1a: Dracovish|Fishious Rend|p2a: Hawlucha
|-damage|p2a: Hawlucha|38/100
|
|upkeep
|turn|11
|
|move|p2a: Hawlucha|Roost|p2a: Hawlucha
|-heal|p2a: Hawlucha|88/100
|-singleturn|p2a: Hawlucha|move: Roost
|move|p1a: Dracovish|Fishious Rend|p2a: Hawlucha
|-damage|p2a: Hawlucha|40/100
|
|upkeep
|turn|12
|
|move|p2a: Hawlucha|Roost|p2a: Hawlucha
|-heal|p2a: Hawlucha|90/100
|-singleturn|p2a: Hawlucha|move: Roost
|move|p1a: Dracovish|Fishious Rend|p2a: Hawlucha
|-damage|p2a: Hawlucha|43/100
|
|upkeep
|turn|13
|
|switch|p1a: Tyranitar|Tyranitar, F|100/100
|-damage|p1a: Tyranitar|88/100|[from] Stealth Rock
|-weather|Sandstorm|[from] ability: Sand Stream|[of] p1a: Tyranitar
|move|p2a: Hawlucha|Roost|p2a: Hawlucha
|-heal|p2a: Hawlucha|94/100
|-singleturn|p2a: Hawlucha|move: Roost
|
|-weather|Sandstorm|[upkeep]
|-damage|p2a: Hawlucha|87/100|[from] Sandstorm
|upkeep
|turn|14
|
|move|p2a: Hawlucha|Swords Dance|p2a: Hawlucha
|-boost|p2a: Hawlucha|atk|2
|move|p1a: Tyranitar|Earthquake|p2a: Hawlucha
|-immune|p2a: Hawlucha
|
|-weather|Sandstorm|[upkeep]
|-damage|p2a: Hawlucha|81/100|[from] Sandstorm
|-fieldend|move: Electric Terrain
|upkeep
|turn|15
|
|move|p2a: Hawlucha|Swords Dance|p2a: Hawlucha
|-boost|p2a: Hawlucha|atk|2
|move|p1a: Tyranitar|Rock Slide|p2a: Hawlucha
|-damage|p2a: Hawlucha|41/100
|
|-weather|Sandstorm|[upkeep]
|-damage|p2a: Hawlucha|35/100|[from] Sandstorm
|upkeep
|turn|16
|
|move|p2a: Hawlucha|Roost|p2a: Hawlucha
|-heal|p2a: Hawlucha|85/100
|-singleturn|p2a: Hawlucha|move: Roost
|move|p1a: Tyranitar|Rock Slide|p2a: Hawlucha
|-resisted|p2a: Hawlucha
|-damage|p2a: Hawlucha|63/100
|
|-weather|Sandstorm|[upkeep]
|-damage|p2a: Hawlucha|57/100|[from] Sandstorm
|upkeep
|turn|17
|
|move|p2a: Hawlucha|Roost|p2a: Hawlucha
|-heal|p2a: Hawlucha|100/100
|-singleturn|p2a: Hawlucha|move: Roost
|move|p1a: Tyranitar|Rock Slide|p2a: Hawlucha|[miss]
|-miss|p1a: Tyranitar|p2a: Hawlucha
|
|-weather|none
|upkeep
|turn|18
|
|switch|p1a: Aegislash|Aegislash, F|100/100
|-damage|p1a: Aegislash|94/100|[from] Stealth Rock
|move|p2a: Hawlucha|Swords Dance|p2a: Hawlucha
|-boost|p2a: Hawlucha|atk|2
|
|upkeep
|turn|19
|
|move|p2a: Hawlucha|Acrobatics|p1a: Aegislash
|-resisted|p1a: Aegislash
|-damage|p1a: Aegislash|0 fnt
|faint|p1a: Aegislash
|
|upkeep
|
|switch|p1a: Dracovish|Dracovish|24/100
|-damage|p1a: Dracovish|11/100|[from] Stealth Rock
|turn|20
|
|move|p2a: Hawlucha|Acrobatics|p1a: Dracovish
|-damage|p1a: Dracovish|0 fnt
|faint|p1a: Dracovish
|
|upkeep
|
|switch|p1a: Tyranitar|Tyranitar, F|88/100
|-damage|p1a: Tyranitar|76/100|[from] Stealth Rock
|-weather|Sandstorm|[from] ability: Sand Stream|[of] p1a: Tyranitar
|turn|21
|
|move|p2a: Hawlucha|High Jump Kick|p1a: Tyranitar
|-supereffective|p1a: Tyranitar
|-damage|p1a: Tyranitar|0 fnt
|faint|p1a: Tyranitar
|
|-weather|Sandstorm|[upkeep]
|-damage|p2a: Hawlucha|94/100|[from] Sandstorm
|upkeep
|
|switch|p1a: Rotom|Rotom-Wash|100/100
|-damage|p1a: Rotom|88/100|[from] Stealth Rock
|turn|22
|
|move|p2a: Hawlucha|High Jump Kick|p1a: Rotom
|-damage|p1a: Rotom|0 fnt
|faint|p1a: Rotom
|
|-weather|Sandstorm|[upkeep]
|-damage|p2a: Hawlucha|88/100|[from] Sandstorm
|upkeep
|
|switch|p1a: Pelipper|Pelipper, F|100/100
|-damage|p1a: Pelipper|75/100|[from] Stealth Rock
|-weather|RainDance|[from] ability: Drizzle|[of] p1a: Pelipper
|turn|23
|c|☆fratty|gg
|
|move|p2a: Hawlucha|Acrobatics|p1a: Pelipper
|-damage|p1a: Pelipper|0 fnt
|faint|p1a: Pelipper
|
|-weather|RainDance|[upkeep]
|upkeep
|
|switch|p1a: Excadrill|Excadrill, F|100/100
|-damage|p1a: Excadrill|97/100|[from] Stealth Rock
|turn|24
|
|move|p2a: Hawlucha|High Jump Kick|p1a: Excadrill
|-supereffective|p1a: Excadrill
|-damage|p1a: Excadrill|0 fnt
|faint|p1a: Excadrill
|
|win|fratty
|raw|jfoayfgiaihuora's rating: 1081 → 1062(-19 for losing)
|raw|fratty's rating: 1132 → 1154(+22 for winning)
|l|☆jfoayfgiaihuora
