|ScrapeTime|2020-01-01-02:14:59
|j|☆prawnwizard
|j|☆Bluetix
|inactive|Battle timer is ON: inactive players will automatically lose when time's up.
|player|p1|prawnwizard|197|
|player|p2|Bluetix|benga|
|teamsize|p1|6
|teamsize|p2|6
|gametype|singles
|gen|8
|tier|[Gen 8] OU
|rated|Tournament battle
|rule|Sleep Clause Mod: Limit one foe put to sleep
|rule|Species Clause: Limit one of each Pokémon
|rule|OHKO Clause: OHKO moves are banned
|rule|Evasion Moves Clause: Evasion moves are banned
|rule|Endless Battle Clause: Forcing endless battles is banned
|rule|HP Percentage Mod: HP is shown in percentages
|clearpoke
|poke|p1|Crawdaunt, M|
|poke|p1|Tyranitar, F|
|poke|p1|Rotom-Wash|
|poke|p1|Excadrill, M|
|poke|p1|Dragapult, F|
|poke|p1|Corviknight, M|
|poke|p2|Toxtricity, M|
|poke|p2|Dugtrio, M|
|poke|p2|Corviknight, F|
|poke|p2|Seismitoad, M|
|poke|p2|Sylveon, F|
|poke|p2|Bisharp, M|
|rule|Dynamax Clause: You cannot dynamax
|teampreview
|j| Serp IV
|j| Roundabout TST
|j| lllll Davy lllll
|j| epsilon_xd
|j| JustPrimalDialgia
|j| alltheway2
|j| kalouless
|j| myjava
|j| BlazeLatias
|j| ScratchCard
|j| Andrew Loh
|j| sasawe
|j| 4G3NC ZILLA
|j| glaceli
|j| Tommy4552
|j| Jin M
|j| gomi5556
|c| JustPrimalDialgia|Shit here we go
|j| unappeasable
|c| JustPrimalDialgia|It's the DAUNT
|j| ezwz
|j| i love duggy stall
|j| Cyaxeres of Media
|c| BlazeLatias|so a haxorus walks into the bar, breaks the wall and leaves
|j| bugiwugi
|j| 4G3NC NOMETA
|j| ThtAwful
|inactive|Bluetix has 120 seconds left.
|l| epsilon_xd
|c| JustPrimalDialgia|So a Conkeldurr walks through the hole in the bar and begins fixing it
|c| glaceli|i root for the person who doesnt have duggy
|j| Zidex
|
|start
|switch|p1a: Dragapult|Dragapult, F|100/100
|switch|p2a: Seismitoad|Seismitoad, M|100/100
|turn|1
|j| BOM DIA GARALEO
|c| Cyaxeres of Media|i don't wanna hear a SINGLE thing in here damn it
|
|move|p2a: Seismitoad|Protect|p2a: Seismitoad
|-singleturn|p2a: Seismitoad|Protect
|move|p1a: Dragapult|U-turn|p2a: Seismitoad
|-activate|p2a: Seismitoad|move: Protect
|
|upkeep
|turn|2
|c| JustPrimalDialgia|a SINGLE thing in here
|c| BlazeLatias|john cena
|c| 4G3NC NOMETA|dugtrio is weak
|
|move|p1a: Dragapult|U-turn|p2a: Seismitoad
|-damage|p2a: Seismitoad|89/100
|
|switch|p1a: Crawdaunt|Crawdaunt, M|100/100|[from]move: U-turn
|move|p2a: Seismitoad|Stealth Rock|p1a: Crawdaunt
|-sidestart|p1: prawnwizard|move: Stealth Rock
|
|-heal|p2a: Seismitoad|95/100|[from] item: Leftovers
|upkeep
|turn|3
|c| JustPrimalDialgia|HE'S IN
|
|move|p1a: Crawdaunt|Knock Off|p2a: Seismitoad
|-damage|p2a: Seismitoad|20/100
|-enditem|p2a: Seismitoad|Leftovers|[from] move: Knock Off|[of] p1a: Crawdaunt
|move|p2a: Seismitoad|Toxic|p1a: Crawdaunt
|-status|p1a: Crawdaunt|tox
|
|-damage|p1a: Crawdaunt|95/100 tox|[from] psn
|upkeep
|turn|4
|j| TAFH
|c| JustPrimalDialgia|OOOH THE SLAP
|
|move|p2a: Seismitoad|Protect|p2a: Seismitoad
|-singleturn|p2a: Seismitoad|Protect
|move|p1a: Crawdaunt|Knock Off|p2a: Seismitoad
|-activate|p2a: Seismitoad|move: Protect
|
|-damage|p1a: Crawdaunt|83/100 tox|[from] psn
|upkeep
|turn|5
|c| glaceli|lol
|
|move|p1a: Crawdaunt|Knock Off|p2a: Seismitoad
|-damage|p2a: Seismitoad|0 fnt
|faint|p2a: Seismitoad
|
|-damage|p1a: Crawdaunt|65/100 tox|[from] psn
|upkeep
|c| Jin M|I bet prawnwizard is going to win
|
|switch|p2a: Dugtrio|Dugtrio, M|100/100
|turn|6
|l| BOM DIA GARALEO
|c| BlazeLatias|and hestrapped
|c| glaceli|duggytime
|c| BlazeLatias|what a good mon
|c| JustPrimalDialgia|Bet too
|
|move|p2a: Dugtrio|Earthquake|p1a: Crawdaunt
|-damage|p1a: Crawdaunt|0 fnt
|faint|p1a: Crawdaunt
|
|upkeep
|
|switch|p1a: Rotom|Rotom-Wash|100/100
|-damage|p1a: Rotom|88/100|[from] Stealth Rock
|turn|7
|c| Cyaxeres of Media|this is the tournament of the decade and i'm not finna let a bunch of idiots ruin it for me now way
|c| JustPrimalDialgia|Tournament of the decade
|c| JustPrimalDialgia|What
|j| byleth when
|j| goodbye darm
|c| Roundabout TST|still didnt ban Magnezone tho
|
|switch|p2a: Sylveon|Sylveon, F, shiny|100/100
|move|p1a: Rotom|Hydro Pump|p2a: Sylveon
|-damage|p2a: Sylveon|79/100
|
|-heal|p1a: Rotom|94/100|[from] item: Leftovers
|-heal|p2a: Sylveon|85/100|[from] item: Leftovers
|upkeep
|turn|8
|c| JustPrimalDialgia|The tournament of the decade was the VGC tournament who's winner used a fucking Pachurisu
|
|move|p1a: Rotom|Volt Switch|p2a: Sylveon
|-damage|p2a: Sylveon|71/100
|
|switch|p1a: Corviknight|Corviknight, M|100/100|[from]move: Volt Switch
|-damage|p1a: Corviknight|88/100|[from] Stealth Rock
|-ability|p1a: Corviknight|Pressure
|move|p2a: Sylveon|Yawn|p1a: Corviknight
|-start|p1a: Corviknight|move: Yawn|[of] p2a: Sylveon
|
|-heal|p1a: Corviknight|94/100|[from] item: Leftovers
|-heal|p2a: Sylveon|77/100|[from] item: Leftovers
|upkeep
|turn|9
|c| JustPrimalDialgia|That's the tournament of the decade
|l| Jin M
|c| goodbye darm|whyd this guy completely copy my squad
|c| Roundabout TST|Good kid MAAD city album of the decade
|
|switch|p1a: Excadrill|Excadrill, M|100/100
|-damage|p1a: Excadrill|97/100|[from] Stealth Rock
|-ability|p1a: Excadrill|Mold Breaker
|move|p2a: Sylveon|Hyper Voice|p1a: Excadrill
|-resisted|p1a: Excadrill
|-damage|p1a: Excadrill|71/100
|
|-heal|p2a: Sylveon|83/100|[from] item: Leftovers
|upkeep
|turn|10
|c| JustPrimalDialgia|Which one
|c| byleth when|can we see pikachu win a tournament
|
|switch|p2a: Dugtrio|Dugtrio, M|100/100
|move|p1a: Excadrill|Rapid Spin|p2a: Dugtrio
|-damage|p2a: Dugtrio|49/100
|-sideend|p1: prawnwizard|Stealth Rock|[from] move: Rapid Spin|[of] p1a: Excadrill
|-boost|p1a: Excadrill|spe|1
|
|upkeep
|turn|11
|j| omgitsguile
|c| glaceli|lol
|c| glaceli|what a misplay
|
|switch|p2a: Corviknight|Corviknight, F|100/100
|-ability|p2a: Corviknight|Pressure
|move|p1a: Excadrill|Earthquake|p2a: Corviknight
|-immune|p2a: Corviknight
|
|upkeep
|turn|12
|c| ezwz|these teams are so boring 😔😔😔
|c| JustPrimalDialgia|Well
|l| goodbye darm
|c| JustPrimalDialgia|The Daunt was cool
|c| gomi5556|excuse me
|c| gomi5556|do you not see the crawdaunt
|
|move|p1a: Excadrill|Stealth Rock|p2a: Corviknight
|-sidestart|p2: Bluetix|move: Stealth Rock
|move|p2a: Corviknight|U-turn|p1a: Excadrill
|-resisted|p1a: Excadrill
|-crit|p1a: Excadrill
|-damage|p1a: Excadrill|56/100
|c| 4G3NC NOMETA|every team has the same mons
|l| bugiwugi
|inactive|Bluetix has 120 seconds left.
|c| 4G3NC NOMETA|drgo corv toad
|c| Roundabout TST|ah yes, some teams you click more then others
|
|switch|p2a: Sylveon|Sylveon, F, shiny|83/100|[from]move: U-turn
|-damage|p2a: Sylveon|71/100|[from] Stealth Rock
|
|-heal|p2a: Sylveon|77/100|[from] item: Leftovers
|upkeep
|turn|13
|l| omgitsguile
|c| ezwz|crawdaunt is op only tryhards use dat
|inactive|Bluetix has 120 seconds left.
|c| JustPrimalDialgia|What
|c| Roundabout TST|therefore boring
|
|move|p2a: Sylveon|Protect|p2a: Sylveon
|-singleturn|p2a: Sylveon|Protect
|move|p1a: Excadrill|Iron Head|p2a: Sylveon
|-activate|p2a: Sylveon|move: Protect
|
|-heal|p2a: Sylveon|83/100|[from] item: Leftovers
|upkeep
|turn|14
|c| JustPrimalDialgia|I can't think of a recent team of mine that has a Dragapult or Corviknight
|c| gomi5556|craw has trash defenses
|c| Cyaxeres of Media|go back to jacking off you disgusting sl*ts
|inactive|Bluetix has 120 seconds left.
|c| JustPrimalDialgia|Especially Seismitoad
|c| JustPrimalDialgia|sl*ts
|c| JustPrimalDialgia|Excuse you
|c| byleth when|lol
|
|switch|p2a: Corviknight|Corviknight, F|100/100
|-damage|p2a: Corviknight|88/100|[from] Stealth Rock
|-ability|p2a: Corviknight|Pressure
|move|p1a: Excadrill|Iron Head|p2a: Corviknight
|-resisted|p2a: Corviknight
|-damage|p2a: Corviknight|74/100
|
|-heal|p2a: Corviknight|80/100|[from] item: Leftovers
|upkeep
|turn|15
|j| eBOTT
|c| Roundabout TST|don't slut shame us
|c| JustPrimalDialgia|You called us sloots last game
|c| gomi5556|epic
|c| JustPrimalDialgia|What's your deal boi
|c| glaceli|why is this person so mad
|
|switch|p1a: Tyranitar|Tyranitar, F|100/100
|-weather|Sandstorm|[from] ability: Sand Stream|[of] p1a: Tyranitar
|move|p2a: Corviknight|Defog|p1a: Tyranitar
|-unboost|p1a: Tyranitar|evasion|1
|-sideend|p2: Bluetix|Stealth Rock|[from] move: Defog|[of] p2a: Corviknight
|
|-weather|Sandstorm|[upkeep]
|-heal|p2a: Corviknight|86/100|[from] item: Leftovers
|upkeep
|turn|16
|c| glaceli|rofl
|c| byleth when|who is that guy
|c| byleth when|ive been off showdown all day
|
|move|p1a: Tyranitar|Fire Punch|p2a: Corviknight
|-supereffective|p2a: Corviknight
|-damage|p2a: Corviknight|30/100
|move|p2a: Corviknight|U-turn|p1a: Tyranitar
|-supereffective|p1a: Tyranitar
|-damage|p1a: Tyranitar|74/100
|c| JustPrimalDialgia|Uh
|c| JustPrimalDialgia|No fuckin' clue
|
|switch|p2a: Dugtrio|Dugtrio, M|49/100|[from]move: U-turn
|
|-weather|Sandstorm|[upkeep]
|upkeep
|turn|17
|c| JustPrimalDialgia|He showed up like 10 minutes ago
|c| Roundabout TST|the name is right there
|
|move|p2a: Dugtrio|Earthquake|p1a: Tyranitar
|-supereffective|p1a: Tyranitar
|-damage|p1a: Tyranitar|0 fnt
|faint|p1a: Tyranitar
|
|-weather|Sandstorm|[upkeep]
|upkeep
|
|switch|p1a: Dragapult|Dragapult, F|100/100
|turn|18
|c| 4G3NC NOMETA|sad they removed pursuit from ttar
|c| JustPrimalDialgia|And bitched at people
|inactive|Bluetix has 120 seconds left.
|l| eBOTT
|
|switch|p2a: Sylveon|Sylveon, F, shiny|83/100
|move|p1a: Dragapult|Shadow Ball|p2a: Sylveon
|-damage|p2a: Sylveon|64/100
|-unboost|p2a: Sylveon|spd|1
|
|-weather|Sandstorm|[upkeep]
|-damage|p1a: Dragapult|95/100|[from] Sandstorm
|-damage|p2a: Sylveon|58/100|[from] Sandstorm
|-heal|p2a: Sylveon|64/100|[from] item: Leftovers
|upkeep
|turn|19
|inactive|Bluetix has 120 seconds left.
|
|switch|p1a: Corviknight|Corviknight, M|94/100
|-ability|p1a: Corviknight|Pressure
|move|p2a: Sylveon|Yawn|p1a: Corviknight
|-start|p1a: Corviknight|move: Yawn|[of] p2a: Sylveon
|
|-weather|none
|-heal|p1a: Corviknight|99/100|[from] item: Leftovers
|-heal|p2a: Sylveon|70/100|[from] item: Leftovers
|upkeep
|turn|20
|l| ThtAwful
|c| byleth when|yeah some people can just be rude af
|j| UrWaifuSmellBad
|
|switch|p1a: Rotom|Rotom-Wash|94/100
|switch|p2a: Corviknight|Corviknight, F|30/100
|-ability|p2a: Corviknight|Pressure
|
|-heal|p1a: Rotom|99/100|[from] item: Leftovers
|-heal|p2a: Corviknight|37/100|[from] item: Leftovers
|upkeep
|turn|21
|c| gomi5556|ye
|j| Hoztel
|
|switch|p2a: Sylveon|Sylveon, F, shiny|70/100
|move|p1a: Rotom|Discharge|p2a: Sylveon
|-damage|p2a: Sylveon|56/100
|
|-heal|p1a: Rotom|100/100|[from] item: Leftovers
|-heal|p2a: Sylveon|62/100|[from] item: Leftovers
|upkeep
|turn|22
|
|move|p1a: Rotom|Volt Switch|p2a: Sylveon
|-damage|p2a: Sylveon|48/100
|
|switch|p1a: Excadrill|Excadrill, M|56/100|[from]move: Volt Switch
|-ability|p1a: Excadrill|Mold Breaker
|move|p2a: Sylveon|Wish|p2a: Sylveon
|
|-heal|p2a: Sylveon|55/100|[from] item: Leftovers
|upkeep
|turn|23
|c| ezwz|imagine bringing such boring teams to the final could never be me
|c| Andrew Loh|wut consider nt boring
|inactive|Bluetix has 120 seconds left.
|c| 4G3NC NOMETA|nah the crawdaunt was heat
|c| Andrew Loh|like, scarf abomasnow?
|c| Roundabout TST|so what makes a team boring again
|c| ezwz|i dunno bring sun or some shit
|j| ThtAwful
|c| JustPrimalDialgia|Finals used to be trash heat team V.S. trash heat team in Gen 7
|l| ThtAwful
|c| Cyaxeres of Media|go back to fapping to some big black c*ck u disguting wh*ry sl*ts
|c| JustPrimalDialgia|But Gen 8 doesn't have enough trash heat to build with
|c| JustPrimalDialgia|Oh
|c| JustPrimalDialgia|Okay can we like
|c| kalouless|aye chill
|c| JustPrimalDialgia|Call a global driver for this guy
|inactive|Bluetix has 90 seconds left.
|c| 4G3NC NOMETA|can we report cyax
|c| JustPrimalDialgia|Hol' on
|
|switch|p2a: Corviknight|Corviknight, F|37/100
|-ability|p2a: Corviknight|Pressure
|move|p1a: Excadrill|Stealth Rock|p2a: Corviknight
|-sidestart|p2: Bluetix|move: Stealth Rock
|
|-heal|p2a: Corviknight|86/100|[from] move: Wish|[wisher] Sylveon
|-heal|p2a: Corviknight|92/100|[from] item: Leftovers
|upkeep
|turn|24
|c| Andrew Loh|yes pls
|c| JustPrimalDialgia|I can fetch one probably
|
|switch|p1a: Dragapult|Dragapult, F|95/100
|move|p2a: Corviknight|Defog|p1a: Dragapult
|-unboost|p1a: Dragapult|evasion|1
|-sideend|p2: Bluetix|Stealth Rock|[from] move: Defog|[of] p2a: Corviknight
|
|-heal|p2a: Corviknight|98/100|[from] item: Leftovers
|upkeep
|turn|25
|
|switch|p2a: Sylveon|Sylveon, F, shiny|55/100
|move|p1a: Dragapult|U-turn|p2a: Sylveon
|-resisted|p2a: Sylveon
|-damage|p2a: Sylveon|45/100
|c| byleth when|probably a troll
|c| Andrew Loh|JustPrimalDialgia ye go use ur infamous reputation
|j| NG Blackstar
|
|switch|p1a: Excadrill|Excadrill, M|56/100|[from]move: U-turn
|-ability|p1a: Excadrill|Mold Breaker
|
|-heal|p2a: Sylveon|51/100|[from] item: Leftovers
|upkeep
|turn|26
|c| ezwz|i only fap to pokemon 😔
|
|switch|p2a: Corviknight|Corviknight, F|98/100
|-ability|p2a: Corviknight|Pressure
|move|p1a: Excadrill|Iron Head|p2a: Corviknight
|-resisted|p2a: Corviknight
|-damage|p2a: Corviknight|85/100
|
|-heal|p2a: Corviknight|91/100|[from] item: Leftovers
|upkeep
|turn|27
|c| byleth when|i fap to dimitri
|
|switch|p1a: Rotom|Rotom-Wash|100/100
|move|p2a: Corviknight|U-turn|p1a: Rotom
|-damage|p1a: Rotom|90/100
|l| myjava
|c| Roundabout TST|YOU WHAT?
|j|%Rage
|inactive|Bluetix has 90 seconds left.
|
|switch|p2a: Toxtricity|Toxtricity, M|100/100|[from]move: U-turn
|
|-heal|p1a: Rotom|96/100|[from] item: Leftovers
|upkeep
|turn|28
|inactive|Bluetix has 90 seconds left.
|n|‽ezwz|ezwz
|c|%Rage|/log ezwz was locked from talking by Rage. (inap)
|
|switch|p1a: Dragapult|Dragapult, F|95/100
|move|p2a: Toxtricity|Boomburst|p1a: Dragapult
|-immune|p1a: Dragapult
|
|upkeep
|turn|29
|n|‽byleth when|bylethwhen
|c|%Rage|/log byleth when was locked from talking by Rage. (inap)
|
|switch|p2a: Sylveon|Sylveon, F, shiny|51/100
|move|p1a: Dragapult|Shadow Ball|p2a: Sylveon
|-damage|p2a: Sylveon|32/100
|
|-heal|p2a: Sylveon|38/100|[from] item: Leftovers
|upkeep
|turn|30
|c| glaceli|uh
|n|‽Cyaxeres of Media|cyaxeresofmedia
|c|%Rage|/log Cyaxeres of Media was locked from talking by Rage. (inap)
|c| gomi5556|uhh
|
|switch|p1a: Corviknight|Corviknight, M|99/100
|-ability|p1a: Corviknight|Pressure
|move|p2a: Sylveon|Wish|p2a: Sylveon
|
|-heal|p1a: Corviknight|100/100|[from] item: Leftovers
|-heal|p2a: Sylveon|44/100|[from] item: Leftovers
|upkeep
|turn|31
|c| Roundabout TST|huh
|
|move|p1a: Corviknight|U-turn|p2a: Sylveon
|-resisted|p2a: Sylveon
|-damage|p2a: Sylveon|35/100
|
|switch|p1a: Rotom|Rotom-Wash|96/100|[from]move: U-turn
|move|p2a: Sylveon|Yawn|p1a: Rotom
|-start|p1a: Rotom|move: Yawn|[of] p2a: Sylveon
|
|-heal|p2a: Sylveon|85/100|[from] move: Wish|[wisher] Sylveon
|-heal|p1a: Rotom|100/100|[from] item: Leftovers
|-heal|p2a: Sylveon|91/100|[from] item: Leftovers
|upkeep
|turn|32
|
|switch|p1a: Corviknight|Corviknight, M|100/100
|-ability|p1a: Corviknight|Pressure
|move|p2a: Sylveon|Hyper Voice|p1a: Corviknight
|-resisted|p1a: Corviknight
|-damage|p1a: Corviknight|84/100
|
|-heal|p1a: Corviknight|90/100|[from] item: Leftovers
|-heal|p2a: Sylveon|97/100|[from] item: Leftovers
|upkeep
|turn|33
|j| GhostDragon122
|j| Lagasarous
|
|move|p1a: Corviknight|Brave Bird|p2a: Sylveon
|-damage|p2a: Sylveon|49/100
|-damage|p1a: Corviknight|74/100|[from] Recoil
|move|p2a: Sylveon|Yawn|p1a: Corviknight
|-start|p1a: Corviknight|move: Yawn|[of] p2a: Sylveon
|
|-heal|p1a: Corviknight|80/100|[from] item: Leftovers
|-heal|p2a: Sylveon|55/100|[from] item: Leftovers
|upkeep
|turn|34
|l|%Rage
|inactive|Bluetix has 120 seconds left.
|l| lllll Davy lllll
|
|switch|p1a: Rotom|Rotom-Wash|100/100
|move|p2a: Sylveon|Wish|p2a: Sylveon
|
|-heal|p2a: Sylveon|61/100|[from] item: Leftovers
|upkeep
|turn|35
|
|switch|p2a: Toxtricity|Toxtricity, M|100/100
|move|p1a: Rotom|Volt Switch|p2a: Toxtricity
|-resisted|p2a: Toxtricity
|-damage|p2a: Toxtricity|82/100
|
|switch|p1a: Dragapult|Dragapult, F|95/100|[from]move: Volt Switch
|
|-heal|p2a: Toxtricity|100/100|[from] move: Wish|[wisher] Sylveon
|upkeep
|turn|36
|l|‽byleth when
|
|move|p1a: Dragapult|Shadow Ball|p2a: Toxtricity
|-damage|p2a: Toxtricity|42/100
|move|p2a: Toxtricity|Sludge Bomb|p1a: Dragapult
|-resisted|p1a: Dragapult
|-damage|p1a: Dragapult|51/100
|
|upkeep
|turn|37
|c| gomi5556|im noticing a pattern
|
|switch|p2a: Bisharp|Bisharp, M|100/100
|move|p1a: Dragapult|Shadow Ball|p2a: Bisharp
|-resisted|p2a: Bisharp
|-damage|p2a: Bisharp|68/100
|
|upkeep
|turn|38
|
|switch|p1a: Rotom|Rotom-Wash|100/100
|move|p2a: Bisharp|Throat Chop|p1a: Rotom
|-damage|p1a: Rotom|56/100
|-start|p1a: Rotom|Throat Chop|[silent]
|-damage|p2a: Bisharp|58/100|[from] item: Life Orb
|
|-heal|p1a: Rotom|62/100|[from] item: Leftovers
|upkeep
|turn|39
|c| Andrew Loh|and wuts the pattern
|
|switch|p2a: Sylveon|Sylveon, F, shiny|61/100
|move|p1a: Rotom|Will-O-Wisp|p2a: Sylveon
|-status|p2a: Sylveon|brn
|
|-heal|p1a: Rotom|68/100|[from] item: Leftovers
|-heal|p2a: Sylveon|68/100 brn|[from] item: Leftovers
|-damage|p2a: Sylveon|61/100 brn|[from] brn
|-end|p1a: Rotom|Throat Chop|[silent]
|upkeep
|turn|40
|
|move|p1a: Rotom|Volt Switch|p2a: Sylveon
|-damage|p2a: Sylveon|48/100 brn
|
|switch|p1a: Corviknight|Corviknight, M|80/100|[from]move: Volt Switch
|-ability|p1a: Corviknight|Pressure
|move|p2a: Sylveon|Wish|p2a: Sylveon
|
|-heal|p1a: Corviknight|86/100|[from] item: Leftovers
|-heal|p2a: Sylveon|54/100 brn|[from] item: Leftovers
|-damage|p2a: Sylveon|48/100 brn|[from] brn
|upkeep
|turn|41
|j| eBOTT
|
|switch|p2a: Toxtricity|Toxtricity, M|42/100
|move|p1a: Corviknight|Brave Bird|p2a: Toxtricity
|-resisted|p2a: Toxtricity
|-damage|p2a: Toxtricity|12/100
|-damage|p1a: Corviknight|79/100|[from] Recoil
|
|-heal|p2a: Toxtricity|80/100|[from] move: Wish|[wisher] Sylveon
|-heal|p1a: Corviknight|85/100|[from] item: Leftovers
|upkeep
|turn|42
|l| eBOTT
|
|switch|p1a: Excadrill|Excadrill, M|56/100
|-ability|p1a: Excadrill|Mold Breaker
|move|p2a: Toxtricity|Overdrive|p1a: Excadrill
|-immune|p1a: Excadrill
|
|upkeep
|turn|43
|c| gomi5556|that
|l| alltheway2
|c| ScratchCard|Stall Meta. Bring back Darm
|
|switch|p2a: Corviknight|Corviknight, F|91/100
|-ability|p2a: Corviknight|Pressure
|move|p1a: Excadrill|Earthquake|p2a: Corviknight
|-immune|p2a: Corviknight
|
|-heal|p2a: Corviknight|98/100|[from] item: Leftovers
|upkeep
|turn|44
|c| 4G3NC NOMETA|fr
|c| gomi5556|pls no
|
|switch|p1a: Rotom|Rotom-Wash|68/100
|move|p2a: Corviknight|U-turn|p1a: Rotom
|-damage|p1a: Rotom|58/100
|
|switch|p2a: Toxtricity|Toxtricity, M|80/100|[from]move: U-turn
|
|-heal|p1a: Rotom|64/100|[from] item: Leftovers
|upkeep
|turn|45
|
|switch|p1a: Dragapult|Dragapult, F|51/100
|move|p2a: Toxtricity|Volt Switch|p1a: Dragapult
|-resisted|p1a: Dragapult
|-damage|p1a: Dragapult|16/100
|l| NG Blackstar
|
|switch|p2a: Bisharp|Bisharp, M|58/100|[from]move: Volt Switch
|
|upkeep
|turn|46
|
|move|p2a: Bisharp|Sucker Punch|p1a: Dragapult
|-supereffective|p1a: Dragapult
|-damage|p1a: Dragapult|0 fnt
|-damage|p2a: Bisharp|48/100|[from] item: Life Orb
|faint|p1a: Dragapult
|
|upkeep
|-message|prawnwizard forfeited.
|
|win|Bluetix
