|ScrapeTime|2020-01-01-00:06:31
|j|☆FlatulentDwarf
|j|☆Jaymr
|player|p1|FlatulentDwarf|2|
|player|p2|Jaymr|hugh|
|teamsize|p1|6
|teamsize|p2|6
|gametype|singles
|gen|8
|tier|[Gen 8] OU
|rule|Sleep Clause Mod: Limit one foe put to sleep
|rule|Species Clause: Limit one of each Pokémon
|rule|OHKO Clause: OHKO moves are banned
|rule|Evasion Moves Clause: Evasion moves are banned
|rule|Endless Battle Clause: Forcing endless battles is banned
|rule|HP Percentage Mod: HP is shown in percentages
|clearpoke
|poke|p1|Bisharp, M|
|poke|p1|Ribombee, F|
|poke|p1|Dragapult, F|
|poke|p1|Weezing-Galar, M|
|poke|p1|Mew|
|poke|p1|Quagsire, M|
|poke|p2|Excadrill, F|
|poke|p2|Grimmsnarl, M|
|poke|p2|Orbeetle, F|
|poke|p2|Rotom-Wash|
|poke|p2|Sandaconda, M|
|poke|p2|Hydreigon, M|
|rule|Dynamax Clause: You cannot dynamax
|teampreview
|
|start
|switch|p1a: Scarfs|Ribombee, F, shiny|100/100
|switch|p2a: Orbeetle|Orbeetle, F|100/100
|-item|p1a: Scarfs|Focus Sash|[from] ability: Frisk|[of] p2a: Orbeetle|[identify]
|turn|1
|
|move|p1a: Scarfs|Sticky Web|p2a: Orbeetle
|-sidestart|p2: Jaymr|move: Sticky Web
|move|p2a: Orbeetle|Psychic|p1a: Scarfs
|-damage|p1a: Scarfs|49/100
|
|upkeep
|turn|2
|
|switch|p1a: Leonardo|Bisharp, M, shiny|100/100
|move|p2a: Orbeetle|Light Screen|p2a: Orbeetle
|-sidestart|p2: Jaymr|move: Light Screen
|
|upkeep
|turn|3
|
|move|p1a: Leonardo|Swords Dance|p1a: Leonardo
|-boost|p1a: Leonardo|atk|2
|move|p2a: Orbeetle|Reflect|p2a: Orbeetle
|-sidestart|p2: Jaymr|Reflect
|
|upkeep
|turn|4
|
|switch|p2a: Sandaconda|Sandaconda, M|100/100
|-activate|p2a: Sandaconda|move: Sticky Web
|-unboost|p2a: Sandaconda|spe|1
|move|p1a: Leonardo|Swords Dance|p1a: Leonardo
|-boost|p1a: Leonardo|atk|2
|
|upkeep
|turn|5
|
|move|p1a: Leonardo|Iron Head|p2a: Sandaconda
|-damage|p2a: Sandaconda|52/100
|-weather|Sandstorm|[from] ability: Sand Spit|[of] p2a: Sandaconda
|cant|p2a: Sandaconda|flinch
|
|-weather|Sandstorm|[upkeep]
|upkeep
|turn|6
|
|move|p1a: Leonardo|Iron Head|p2a: Sandaconda
|-damage|p2a: Sandaconda|7/100
|cant|p2a: Sandaconda|flinch
|
|-weather|Sandstorm|[upkeep]
|upkeep
|turn|7
|c|☆FlatulentDwarf|oof unlucky flinches
|c|☆Jaymr|oof
|
|move|p1a: Leonardo|Iron Head|p2a: Sandaconda
|-damage|p2a: Sandaconda|0 fnt
|faint|p2a: Sandaconda
|
|-weather|Sandstorm|[upkeep]
|upkeep
|c|☆Jaymr|D:
|
|switch|p2a: Excadrill|Excadrill, F|100/100
|-activate|p2a: Excadrill|move: Sticky Web
|-unboost|p2a: Excadrill|spe|1
|turn|8
|
|move|p2a: Excadrill|Rapid Spin|p1a: Leonardo
|-resisted|p1a: Leonardo
|-damage|p1a: Leonardo|85/100
|-sideend|p2: Jaymr|Sticky Web|[from] move: Rapid Spin|[of] p2a: Excadrill
|-boost|p2a: Excadrill|spe|1
|-damage|p2a: Excadrill|91/100|[from] item: Life Orb
|move|p1a: Leonardo|Focus Blast|p2a: Excadrill|[miss]
|-miss|p1a: Leonardo|p2a: Excadrill
|
|-weather|Sandstorm|[upkeep]
|upkeep
|turn|9
|
|move|p2a: Excadrill|Earthquake|p1a: Leonardo
|-supereffective|p1a: Leonardo
|-damage|p1a: Leonardo|0 fnt
|-damage|p2a: Excadrill|81/100|[from] item: Life Orb
|faint|p1a: Leonardo
|
|-weather|Sandstorm|[upkeep]
|-sideend|p2: Jaymr|move: Light Screen
|upkeep
|
|switch|p1a: Glen|Quagsire, M, shiny|100/100
|turn|10
|
|switch|p2a: Grimmsnarl|Grimmsnarl, M|100/100
|move|p1a: Glen|Scald|p2a: Grimmsnarl
|-damage|p2a: Grimmsnarl|79/100
|-status|p2a: Grimmsnarl|brn
|
|-weather|Sandstorm|[upkeep]
|-damage|p2a: Grimmsnarl|73/100 brn|[from] Sandstorm
|-heal|p2a: Grimmsnarl|79/100 brn|[from] item: Leftovers
|-damage|p2a: Grimmsnarl|73/100 brn|[from] brn
|-sideend|p2: Jaymr|Reflect
|upkeep
|turn|11
|
|move|p2a: Grimmsnarl|Drain Punch|p1a: Glen
|-crit|p1a: Glen
|-damage|p1a: Glen|87/100
|-heal|p2a: Grimmsnarl|80/100 brn|[from] drain|[of] p1a: Glen
|move|p1a: Glen|Earthquake|p2a: Grimmsnarl
|-damage|p2a: Grimmsnarl|42/100 brn
|
|-weather|Sandstorm|[upkeep]
|-damage|p2a: Grimmsnarl|36/100 brn|[from] Sandstorm
|-heal|p2a: Grimmsnarl|42/100 brn|[from] item: Leftovers
|-heal|p1a: Glen|93/100|[from] item: Leftovers
|-damage|p2a: Grimmsnarl|36/100 brn|[from] brn
|upkeep
|turn|12
|
|move|p2a: Grimmsnarl|Drain Punch|p1a: Glen
|-damage|p1a: Glen|85/100
|-heal|p2a: Grimmsnarl|41/100 brn|[from] drain|[of] p1a: Glen
|move|p1a: Glen|Scald|p2a: Grimmsnarl
|-damage|p2a: Grimmsnarl|19/100 brn
|
|-weather|none
|-heal|p2a: Grimmsnarl|25/100 brn|[from] item: Leftovers
|-heal|p1a: Glen|91/100|[from] item: Leftovers
|-damage|p2a: Grimmsnarl|19/100 brn|[from] brn
|upkeep
|turn|13
|
|move|p2a: Grimmsnarl|Spirit Break|p1a: Glen
|-damage|p1a: Glen|76/100
|-unboost|p1a: Glen|spa|1
|move|p1a: Glen|Scald|p2a: Grimmsnarl
|-damage|p2a: Grimmsnarl|5/100 brn
|
|-heal|p2a: Grimmsnarl|11/100 brn|[from] item: Leftovers
|-heal|p1a: Glen|82/100|[from] item: Leftovers
|-damage|p2a: Grimmsnarl|5/100 brn|[from] brn
|upkeep
|turn|14
|
|move|p2a: Grimmsnarl|Drain Punch|p1a: Glen
|-damage|p1a: Glen|74/100
|-heal|p2a: Grimmsnarl|9/100 brn|[from] drain|[of] p1a: Glen
|move|p1a: Glen|Scald|p2a: Grimmsnarl
|-damage|p2a: Grimmsnarl|0 fnt
|faint|p2a: Grimmsnarl
|
|-heal|p1a: Glen|80/100|[from] item: Leftovers
|upkeep
|
|switch|p2a: Orbeetle|Orbeetle, F|100/100
|-item|p1a: Glen|Leftovers|[from] ability: Frisk|[of] p2a: Orbeetle|[identify]
|turn|15
|
|move|p2a: Orbeetle|Light Screen|p2a: Orbeetle
|-sidestart|p2: Jaymr|move: Light Screen
|move|p1a: Glen|Toxic|p2a: Orbeetle
|-status|p2a: Orbeetle|tox
|
|-heal|p1a: Glen|86/100|[from] item: Leftovers
|-damage|p2a: Orbeetle|94/100 tox|[from] psn
|upkeep
|turn|16
|
|move|p2a: Orbeetle|Reflect|p2a: Orbeetle
|-sidestart|p2: Jaymr|Reflect
|move|p1a: Glen|Earthquake|p2a: Orbeetle
|-resisted|p2a: Orbeetle
|-damage|p2a: Orbeetle|87/100 tox
|
|-heal|p1a: Glen|92/100|[from] item: Leftovers
|-damage|p2a: Orbeetle|74/100 tox|[from] psn
|upkeep
|turn|17
|
|move|p2a: Orbeetle|Psychic|p1a: Glen
|-damage|p1a: Glen|58/100
|move|p1a: Glen|Scald|p2a: Orbeetle
|-damage|p2a: Orbeetle|69/100 tox
|
|-heal|p1a: Glen|64/100|[from] item: Leftovers
|-damage|p2a: Orbeetle|51/100 tox|[from] psn
|upkeep
|turn|18
|
|switch|p1a: Weezing|Weezing-Galar, M|100/100
|move|p2a: Orbeetle|Psychic|p1a: Weezing
|-supereffective|p1a: Weezing
|-damage|p1a: Weezing|34/100
|
|-heal|p1a: Weezing|41/100|[from] item: Black Sludge
|-damage|p2a: Orbeetle|26/100 tox|[from] psn
|upkeep
|turn|19
|
|move|p2a: Orbeetle|Psychic|p1a: Weezing
|-supereffective|p1a: Weezing
|-damage|p1a: Weezing|0 fnt
|faint|p1a: Weezing
|
|-damage|p2a: Orbeetle|0 fnt|[from] psn
|faint|p2a: Orbeetle
|upkeep
|
|switch|p2a: Hydreigon|Hydreigon, M|100/100
|switch|p1a: Scarfs|Ribombee, F, shiny|49/100
|turn|20
|
|move|p1a: Scarfs|Moonblast|p2a: Hydreigon
|-supereffective|p2a: Hydreigon
|-damage|p2a: Hydreigon|16/100
|move|p2a: Hydreigon|Flash Cannon|p1a: Scarfs
|-supereffective|p1a: Scarfs
|-damage|p1a: Scarfs|0 fnt
|faint|p1a: Scarfs
|
|upkeep
|
|switch|p1a: noomy|Dragapult, F|100/100
|turn|21
|
|move|p1a: noomy|Dragon Darts|p2a: Hydreigon
|-supereffective|p2a: Hydreigon
|-damage|p2a: Hydreigon|0 fnt
|-hitcount|p2a: Hydreigon|1
|-damage|p1a: noomy|91/100|[from] item: Life Orb
|faint|p2a: Hydreigon
|
|upkeep
|
|switch|p2a: Excadrill|Excadrill, F|81/100
|turn|22
|
|move|p1a: noomy|Phantom Force||[still]
|-prepare|p1a: noomy|Phantom Force|p2a: Excadrill
|move|p2a: Excadrill|Earthquake|p1a: noomy|[miss]
|-miss|p2a: Excadrill|p1a: noomy
|
|-sideend|p2: Jaymr|move: Light Screen
|upkeep
|turn|23
|
|move|p1a: noomy|Phantom Force|p2a: Excadrill|[from]lockedmove
|-damage|p2a: Excadrill|4/100
|-damage|p1a: noomy|81/100|[from] item: Life Orb
|move|p2a: Excadrill|Rapid Spin|p1a: noomy
|-immune|p1a: noomy
|
|-sideend|p2: Jaymr|Reflect
|upkeep
|turn|24
|c|☆Jaymr|i thought i was dead there lol
|
|move|p1a: noomy|Dragon Darts|p2a: Excadrill
|-resisted|p2a: Excadrill
|-damage|p2a: Excadrill|0 fnt
|-hitcount|p2a: Excadrill|1
|-damage|p1a: noomy|71/100|[from] item: Life Orb
|faint|p2a: Excadrill
|
|upkeep
|c|☆FlatulentDwarf|I did too
|c|☆FlatulentDwarf|:/
|c|☆FlatulentDwarf|lol
|
|switch|p2a: Rotom|Rotom-Wash|100/100
|turn|25
|
|move|p1a: noomy|Phantom Force||[still]
|-prepare|p1a: noomy|Phantom Force|p2a: Rotom
|move|p2a: Rotom|Hydro Pump|p1a: noomy|[miss]
|-miss|p2a: Rotom|p1a: noomy
|
|upkeep
|turn|26
|
|move|p1a: noomy|Phantom Force|p2a: Rotom|[from]lockedmove
|-damage|p2a: Rotom|39/100
|-damage|p1a: noomy|61/100|[from] item: Life Orb
|move|p2a: Rotom|Hydro Pump|p1a: noomy
|-resisted|p1a: noomy
|-damage|p1a: noomy|33/100
|
|upkeep
|turn|27
|
|move|p1a: noomy|Phantom Force||[still]
|-prepare|p1a: noomy|Phantom Force|p2a: Rotom
|move|p2a: Rotom|Hydro Pump|p1a: noomy|[miss]
|-miss|p2a: Rotom|p1a: noomy
|
|upkeep
|turn|28
|
|move|p1a: noomy|Phantom Force|p2a: Rotom|[from]lockedmove
|-damage|p2a: Rotom|0 fnt
|-damage|p1a: noomy|23/100|[from] item: Life Orb
|faint|p2a: Rotom
|
|win|FlatulentDwarf
|c|☆FlatulentDwarf|GG
|c|☆Jaymr|ggs
