|ScrapeTime|2020-01-01-01:18:52
|j|☆Garchomplte
|j|☆ultraman silver
|player|p1|Garchomplte|brock|1612
|player|p2|ultraman silver|164|1560
|teamsize|p1|6
|teamsize|p2|6
|gametype|singles
|gen|8
|tier|[Gen 8] OU
|rated|
|rule|Sleep Clause Mod: Limit one foe put to sleep
|rule|Species Clause: Limit one of each Pokémon
|rule|OHKO Clause: OHKO moves are banned
|rule|Evasion Moves Clause: Evasion moves are banned
|rule|Endless Battle Clause: Forcing endless battles is banned
|rule|HP Percentage Mod: HP is shown in percentages
|clearpoke
|poke|p1|Hippowdon, M|
|poke|p1|Seismitoad, M|
|poke|p1|Mandibuzz, F|
|poke|p1|Bronzong|
|poke|p1|Toxapex, F|
|poke|p1|Toxtricity, F|
|poke|p2|Crawdaunt, M|
|poke|p2|Pelipper, F|
|poke|p2|Conkeldurr, F|
|poke|p2|Seismitoad, F|
|poke|p2|Dragapult, F|
|poke|p2|Corviknight, F|
|rule|Dynamax Clause: You cannot dynamax
|teampreview
|inactive|Battle timer is ON: inactive players will automatically lose when time's up. (requested by ultraman silver)
|
|start
|switch|p1a: Hippowdon|Hippowdon, M|100/100
|switch|p2a: Crawdaunt|Crawdaunt, M|100/100
|-weather|Sandstorm|[from] ability: Sand Stream|[of] p1a: Hippowdon
|turn|1
|
|move|p2a: Crawdaunt|Knock Off|p1a: Hippowdon
|-damage|p1a: Hippowdon|32/100
|-enditem|p1a: Hippowdon|Leftovers|[from] move: Knock Off|[of] p2a: Crawdaunt
|move|p1a: Hippowdon|Earthquake|p2a: Crawdaunt
|-damage|p2a: Crawdaunt|45/100
|
|-weather|Sandstorm|[upkeep]
|-damage|p2a: Crawdaunt|39/100|[from] Sandstorm
|upkeep
|turn|2
|
|switch|p1a: Toxapex|Toxapex, F|100/100
|move|p2a: Crawdaunt|Knock Off|p1a: Toxapex
|-damage|p1a: Toxapex|43/100
|-enditem|p1a: Toxapex|Black Sludge|[from] move: Knock Off|[of] p2a: Crawdaunt
|
|-weather|Sandstorm|[upkeep]
|-damage|p2a: Crawdaunt|33/100|[from] Sandstorm
|-damage|p1a: Toxapex|36/100|[from] Sandstorm
|upkeep
|turn|3
|
|move|p2a: Crawdaunt|Knock Off|p1a: Toxapex
|-damage|p1a: Toxapex|0 fnt
|faint|p1a: Toxapex
|
|-weather|Sandstorm|[upkeep]
|-damage|p2a: Crawdaunt|27/100|[from] Sandstorm
|upkeep
|
|switch|p1a: Toxtricity|Toxtricity, F|100/100
|turn|4
|
|switch|p2a: Dragapult|Dragapult, F|100/100
|move|p1a: Toxtricity|Boomburst|p2a: Dragapult
|-immune|p2a: Dragapult
|
|-weather|Sandstorm|[upkeep]
|-damage|p2a: Dragapult|95/100|[from] Sandstorm
|-damage|p1a: Toxtricity|94/100|[from] Sandstorm
|upkeep
|turn|5
|
|switch|p1a: Mandibuzz|Mandibuzz, F|100/100
|move|p2a: Dragapult|U-turn|p1a: Mandibuzz
|-damage|p1a: Mandibuzz|87/100
|
|switch|p2a: Conkeldurr|Conkeldurr, F|100/100|[from]move: U-turn
|
|-weather|none
|-status|p2a: Conkeldurr|brn|[from] item: Flame Orb
|upkeep
|turn|6
|
|switch|p1a: Hippowdon|Hippowdon, M|32/100
|-weather|Sandstorm|[from] ability: Sand Stream|[of] p1a: Hippowdon
|move|p2a: Conkeldurr|Thunder Punch|p1a: Hippowdon
|-immune|p1a: Hippowdon
|
|-weather|Sandstorm|[upkeep]
|-damage|p2a: Conkeldurr|94/100 brn|[from] Sandstorm
|-damage|p2a: Conkeldurr|88/100 brn|[from] brn
|upkeep
|turn|7
|
|move|p2a: Conkeldurr|Close Combat|p1a: Hippowdon
|-damage|p1a: Hippowdon|0 fnt
|-unboost|p2a: Conkeldurr|def|1
|-unboost|p2a: Conkeldurr|spd|1
|faint|p1a: Hippowdon
|
|-weather|Sandstorm|[upkeep]
|-damage|p2a: Conkeldurr|82/100 brn|[from] Sandstorm
|-damage|p2a: Conkeldurr|75/100 brn|[from] brn
|upkeep
|
|switch|p1a: Toxtricity|Toxtricity, F|94/100
|turn|8
|
|switch|p2a: Seismitoad|Seismitoad, F|100/100
|move|p1a: Toxtricity|Boomburst|p2a: Seismitoad
|-damage|p2a: Seismitoad|14/100
|
|-weather|Sandstorm|[upkeep]
|-damage|p1a: Toxtricity|88/100|[from] Sandstorm
|-heal|p2a: Seismitoad|20/100|[from] item: Leftovers
|upkeep
|turn|9
|
|switch|p2a: Dragapult|Dragapult, F|95/100
|move|p1a: Toxtricity|Boomburst|p2a: Dragapult
|-immune|p2a: Dragapult
|
|-weather|Sandstorm|[upkeep]
|-damage|p2a: Dragapult|89/100|[from] Sandstorm
|-damage|p1a: Toxtricity|82/100|[from] Sandstorm
|upkeep
|turn|10
|
|switch|p1a: Seismitoad|Seismitoad, M|100/100
|move|p2a: Dragapult|Draco Meteor|p1a: Seismitoad
|-damage|p1a: Seismitoad|5/100
|-unboost|p2a: Dragapult|spa|2
|
|-weather|none
|-heal|p1a: Seismitoad|11/100|[from] item: Leftovers
|upkeep
|turn|11
|
|switch|p1a: Mandibuzz|Mandibuzz, F|87/100
|move|p2a: Dragapult|Draco Meteor|p1a: Mandibuzz
|-damage|p1a: Mandibuzz|59/100
|-unboost|p2a: Dragapult|spa|2
|
|upkeep
|turn|12
|
|switch|p2a: Corviknight|Corviknight, F|100/100
|-ability|p2a: Corviknight|Pressure
|switch|p1a: Toxtricity|Toxtricity, F|82/100
|
|upkeep
|turn|13
|
|move|p1a: Toxtricity|Volt Switch|p2a: Corviknight
|-supereffective|p2a: Corviknight
|-damage|p2a: Corviknight|28/100
|
|switch|p1a: Mandibuzz|Mandibuzz, F|59/100|[from]move: Volt Switch
|move|p2a: Corviknight|U-turn|p1a: Mandibuzz
|-damage|p1a: Mandibuzz|49/100
|
|switch|p2a: Pelipper|Pelipper, F|100/100|[from]move: U-turn
|-weather|RainDance|[from] ability: Drizzle|[of] p2a: Pelipper
|
|-weather|RainDance|[upkeep]
|upkeep
|turn|14
|
|move|p1a: Mandibuzz|Roost|p1a: Mandibuzz
|-heal|p1a: Mandibuzz|99/100
|-singleturn|p1a: Mandibuzz|move: Roost
|move|p2a: Pelipper|Knock Off|p1a: Mandibuzz
|-resisted|p1a: Mandibuzz
|-damage|p1a: Mandibuzz|94/100
|-enditem|p1a: Mandibuzz|Heavy-Duty Boots|[from] move: Knock Off|[of] p2a: Pelipper
|
|-weather|RainDance|[upkeep]
|upkeep
|turn|15
|
|move|p1a: Mandibuzz|Knock Off|p2a: Pelipper
|-damage|p2a: Pelipper|78/100
|-enditem|p2a: Pelipper|Damp Rock|[from] move: Knock Off|[of] p1a: Mandibuzz
|move|p2a: Pelipper|Hurricane|p1a: Mandibuzz
|-damage|p1a: Mandibuzz|73/100
|
|-weather|RainDance|[upkeep]
|upkeep
|turn|16
|
|switch|p1a: Seismitoad|Seismitoad, M|11/100
|move|p2a: Pelipper|U-turn|p1a: Seismitoad
|-damage|p1a: Seismitoad|5/100
|
|switch|p2a: Crawdaunt|Crawdaunt, M|27/100|[from]move: U-turn
|
|-weather|RainDance|[upkeep]
|-heal|p1a: Seismitoad|11/100|[from] item: Leftovers
|upkeep
|turn|17
|
|move|p2a: Crawdaunt|Knock Off|p1a: Seismitoad
|-damage|p1a: Seismitoad|0 fnt
|-enditem|p1a: Seismitoad|Leftovers|[from] move: Knock Off|[of] p2a: Crawdaunt
|faint|p1a: Seismitoad
|
|-weather|RainDance|[upkeep]
|upkeep
|
|switch|p1a: Toxtricity|Toxtricity, F|82/100
|turn|18
|
|switch|p2a: Corviknight|Corviknight, F|28/100
|-ability|p2a: Corviknight|Pressure
|move|p1a: Toxtricity|Boomburst|p2a: Corviknight
|-resisted|p2a: Corviknight
|-damage|p2a: Corviknight|0 fnt
|faint|p2a: Corviknight
|
|-weather|RainDance|[upkeep]
|upkeep
|
|switch|p2a: Dragapult|Dragapult, F|89/100
|turn|19
|
|switch|p1a: Mandibuzz|Mandibuzz, F|73/100
|move|p2a: Dragapult|Draco Meteor|p1a: Mandibuzz
|-crit|p1a: Mandibuzz
|-damage|p1a: Mandibuzz|0 fnt
|-unboost|p2a: Dragapult|spa|2
|faint|p1a: Mandibuzz
|
|-weather|RainDance|[upkeep]
|upkeep
|
|switch|p1a: Toxtricity|Toxtricity, F|82/100
|turn|20
|
|switch|p2a: Seismitoad|Seismitoad, F|20/100
|move|p1a: Toxtricity|Boomburst|p2a: Seismitoad
|-damage|p2a: Seismitoad|0 fnt
|faint|p2a: Seismitoad
|
|-weather|none
|upkeep
|
|switch|p2a: Pelipper|Pelipper, F|78/100
|-weather|RainDance|[from] ability: Drizzle|[of] p2a: Pelipper
|turn|21
|
|move|p1a: Toxtricity|Boomburst|p2a: Pelipper
|-damage|p2a: Pelipper|0 fnt
|faint|p2a: Pelipper
|
|-weather|RainDance|[upkeep]
|upkeep
|
|switch|p2a: Dragapult|Dragapult, F|89/100
|turn|22
|
|switch|p1a: Bronzong|Bronzong|100/100
|move|p2a: Dragapult|Shadow Ball|p1a: Bronzong
|-supereffective|p1a: Bronzong
|-crit|p1a: Bronzong
|-damage|p1a: Bronzong|0 fnt
|faint|p1a: Bronzong
|
|-weather|RainDance|[upkeep]
|upkeep
|
|switch|p1a: Toxtricity|Toxtricity, F|82/100
|turn|23
|
|move|p2a: Dragapult|Shadow Ball|p1a: Toxtricity
|-damage|p1a: Toxtricity|0 fnt
|faint|p1a: Toxtricity
|
|win|ultraman silver
|raw|Garchomplte's rating: 1592 → 1570(-22 for losing)
|raw|ultraman silver's rating: 1560 → 1582(+22 for winning)
