|ScrapeTime|2020-01-01-01:06:55
|j|☆Dezroto
|j|☆Im at workrn2525
|player|p1|Dezroto|hilbert-dueldisk|1284
|player|p2|Im at workrn2525|170|1238
|teamsize|p1|6
|teamsize|p2|6
|gametype|singles
|gen|8
|tier|[Gen 8] OU
|rated|
|rule|Sleep Clause Mod: Limit one foe put to sleep
|rule|Species Clause: Limit one of each Pokémon
|rule|OHKO Clause: OHKO moves are banned
|rule|Evasion Moves Clause: Evasion moves are banned
|rule|Endless Battle Clause: Forcing endless battles is banned
|rule|HP Percentage Mod: HP is shown in percentages
|clearpoke
|poke|p1|Mandibuzz, F|
|poke|p1|Arcanine, M|
|poke|p1|Seismitoad, F|
|poke|p1|Weezing-Galar, M|
|poke|p1|Dragapult, M|
|poke|p1|Dracozolt|
|poke|p2|Sigilyph, F|
|poke|p2|Excadrill, M|
|poke|p2|Rotom-Heat|
|poke|p2|Drapion, M|
|poke|p2|Ditto|
|poke|p2|Hatterene, F|
|rule|Dynamax Clause: You cannot dynamax
|teampreview
|c|☆Dezroto|glhf
|c|☆Im at workrn2525|hello
|
|start
|switch|p1a: Dracozolt|Dracozolt|100/100
|switch|p2a: Princess|Hatterene, F|100/100
|turn|1
|
|move|p1a: Dracozolt|Bolt Beak|p2a: Princess
|-crit|p2a: Princess
|-damage|p2a: Princess|0 fnt
|faint|p2a: Princess
|
|upkeep
|
|switch|p2a: Imposter!|Ditto|100/100
|-transform|p2a: Imposter!|p1a: Dracozolt|[from] ability: Imposter
|turn|2
|
|switch|p1a: Arcanine|Arcanine, M|100/100
|-ability|p1a: Arcanine|Intimidate|boost
|-unboost|p2a: Imposter!|atk|1
|move|p2a: Imposter!|Dragon Claw|p1a: Arcanine
|-damage|p1a: Arcanine|61/100
|
|upkeep
|turn|3
|
|switch|p2a: Oven|Rotom-Heat|100/100
|move|p1a: Arcanine|Play Rough|p2a: Oven
|-resisted|p2a: Oven
|-damage|p2a: Oven|88/100
|
|-heal|p2a: Oven|94/100|[from] item: Leftovers
|upkeep
|turn|4
|
|switch|p1a: Seismitoad|Seismitoad, F|100/100
|move|p2a: Oven|Thunder Wave|p1a: Seismitoad
|-immune|p1a: Seismitoad
|
|-heal|p2a: Oven|100/100|[from] item: Leftovers
|upkeep
|turn|5
|
|switch|p2a: Bugger|Drapion, M|100/100
|move|p1a: Seismitoad|Stealth Rock|p2a: Bugger
|-sidestart|p2: Im at workrn2525|move: Stealth Rock
|
|upkeep
|turn|6
|
|switch|p1a: Weezing|Weezing-Galar, M|100/100
|-ability|p1a: Weezing|Neutralizing Gas
|move|p2a: Bugger|Knock Off|p1a: Weezing
|-resisted|p1a: Weezing
|-damage|p1a: Weezing|81/100
|-enditem|p1a: Weezing|Black Sludge|[from] move: Knock Off|[of] p2a: Bugger
|-damage|p2a: Bugger|91/100|[from] item: Life Orb
|
|upkeep
|turn|7
|
|move|p2a: Bugger|Poison Jab|p1a: Weezing
|-damage|p1a: Weezing|50/100
|-damage|p2a: Bugger|81/100|[from] item: Life Orb
|move|p1a: Weezing|Will-O-Wisp|p2a: Bugger
|-status|p2a: Bugger|brn
|
|-damage|p2a: Bugger|75/100 brn|[from] brn
|upkeep
|turn|8
|
|move|p2a: Bugger|Toxic Spikes|p1a: Weezing
|-sidestart|p1: Dezroto|move: Toxic Spikes
|move|p1a: Weezing|Strange Steam|p2a: Bugger
|-damage|p2a: Bugger|35/100 brn
|-start|p2a: Bugger|confusion
|
|-damage|p2a: Bugger|29/100 brn|[from] brn
|upkeep
|turn|9
|
|switch|p2a: Syphills|Sigilyph, F|100/100
|-damage|p2a: Syphills|76/100|[from] Stealth Rock
|move|p1a: Weezing|Strange Steam|p2a: Syphills
|-damage|p2a: Syphills|38/100
|
|upkeep
|turn|10
|
|move|p2a: Syphills|Psychic|p1a: Weezing
|-supereffective|p1a: Weezing
|-damage|p1a: Weezing|0 fnt
|faint|p1a: Weezing
|
|upkeep
|
|switch|p1a: Mandibuzz|Mandibuzz, F|100/100
|turn|11
|
|switch|p2a: Bugger|Drapion, M|29/100 brn
|-damage|p2a: Bugger|16/100 brn|[from] Stealth Rock
|move|p1a: Mandibuzz|Foul Play|p2a: Bugger
|-resisted|p2a: Bugger
|-damage|p2a: Bugger|0 fnt
|faint|p2a: Bugger
|
|upkeep
|
|switch|p2a: Mr. Mole|Excadrill, M|100/100
|-damage|p2a: Mr. Mole|97/100|[from] Stealth Rock
|turn|12
|
|move|p2a: Mr. Mole|Rapid Spin|p1a: Mandibuzz
|-damage|p1a: Mandibuzz|89/100
|-sideend|p2: Im at workrn2525|Stealth Rock|[from] move: Rapid Spin|[of] p2a: Mr. Mole
|-boost|p2a: Mr. Mole|spe|1
|move|p1a: Mandibuzz|Foul Play|p2a: Mr. Mole
|-damage|p2a: Mr. Mole|19/100
|
|upkeep
|turn|13
|
|move|p2a: Mr. Mole|Swords Dance|p2a: Mr. Mole
|-boost|p2a: Mr. Mole|atk|2
|move|p1a: Mandibuzz|Foul Play|p2a: Mr. Mole
|-damage|p2a: Mr. Mole|0 fnt
|faint|p2a: Mr. Mole
|
|upkeep
|
|switch|p2a: Oven|Rotom-Heat|100/100
|turn|14
|
|move|p2a: Oven|Nasty Plot|p2a: Oven
|-boost|p2a: Oven|spa|2
|move|p1a: Mandibuzz|Roost|p1a: Mandibuzz
|-heal|p1a: Mandibuzz|100/100
|-singleturn|p1a: Mandibuzz|move: Roost
|
|upkeep
|turn|15
|
|move|p2a: Oven|Volt Switch|p1a: Mandibuzz
|-supereffective|p1a: Mandibuzz
|-damage|p1a: Mandibuzz|11/100
|
|switch|p2a: Imposter!|Ditto|100/100|[from]move: Volt Switch
|-transform|p2a: Imposter!|p1a: Mandibuzz|[from] ability: Imposter
|move|p1a: Mandibuzz|Taunt|p2a: Imposter!
|-start|p2a: Imposter!|move: Taunt
|
|upkeep
|turn|16
|
|move|p2a: Imposter!|Foul Play|p1a: Mandibuzz
|-resisted|p1a: Mandibuzz
|-damage|p1a: Mandibuzz|5/100
|move|p1a: Mandibuzz|Roost|p1a: Mandibuzz
|-heal|p1a: Mandibuzz|55/100
|-singleturn|p1a: Mandibuzz|move: Roost
|
|upkeep
|turn|17
|
|switch|p2a: Oven|Rotom-Heat|100/100
|move|p1a: Mandibuzz|Roost|p1a: Mandibuzz
|-heal|p1a: Mandibuzz|100/100
|-singleturn|p1a: Mandibuzz|move: Roost
|
|upkeep
|turn|18
|
|move|p2a: Oven|Nasty Plot|p2a: Oven
|-boost|p2a: Oven|spa|2
|move|p1a: Mandibuzz|Defog|p2a: Oven
|-unboost|p2a: Oven|evasion|1
|-sideend|p1: Dezroto|Toxic Spikes|[from] move: Defog|[of] p1a: Mandibuzz
|
|upkeep
|turn|19
|
|move|p2a: Oven|Nasty Plot|p2a: Oven
|-boost|p2a: Oven|spa|2
|move|p1a: Mandibuzz|Taunt|p2a: Oven
|-start|p2a: Oven|move: Taunt
|
|upkeep
|turn|20
|
|switch|p1a: Seismitoad|Seismitoad, F|100/100
|move|p2a: Oven|Overheat|p1a: Seismitoad
|-resisted|p1a: Seismitoad
|-damage|p1a: Seismitoad|46/100
|-unboost|p2a: Oven|spa|2
|
|-heal|p1a: Seismitoad|52/100|[from] item: Leftovers
|upkeep
|turn|21
|
|switch|p2a: Syphills|Sigilyph, F|38/100
|move|p1a: Seismitoad|Stealth Rock|p2a: Syphills
|-sidestart|p2: Im at workrn2525|move: Stealth Rock
|
|-heal|p1a: Seismitoad|58/100|[from] item: Leftovers
|upkeep
|turn|22
|
|move|p2a: Syphills|Ice Beam|p1a: Seismitoad
|-damage|p1a: Seismitoad|38/100
|move|p1a: Seismitoad|Liquidation|p2a: Syphills
|-damage|p2a: Syphills|0 fnt
|faint|p2a: Syphills
|
|-heal|p1a: Seismitoad|44/100|[from] item: Leftovers
|upkeep
|
|switch|p2a: Imposter!|Ditto|100/100
|-damage|p2a: Imposter!|88/100|[from] Stealth Rock
|-transform|p2a: Imposter!|p1a: Seismitoad|[from] ability: Imposter
|turn|23
|
|switch|p1a: Mandibuzz|Mandibuzz, F|100/100
|move|p2a: Imposter!|Power Whip|p1a: Mandibuzz
|-resisted|p1a: Mandibuzz
|-damage|p1a: Mandibuzz|94/100
|
|upkeep
|turn|24
|-message|Im at workrn2525 forfeited.
|
|win|Dezroto
|l|☆Im at workrn2525
|raw|Dezroto's rating: 1284 → 1306(+22 for winning)
|raw|Im at workrn2525's rating: 1238 → 1216(-22 for losing)
