|ScrapeTime|2020-01-01-03:15:39
|j|☆holisticplant2020
|j|☆RyceCycle
|player|p1|holisticplant2020|veteran|1295
|player|p2|RyceCycle|212|1242
|teamsize|p1|6
|teamsize|p2|6
|gametype|singles
|gen|8
|tier|[Gen 8] OU
|rated|
|rule|Sleep Clause Mod: Limit one foe put to sleep
|rule|Species Clause: Limit one of each Pokémon
|rule|OHKO Clause: OHKO moves are banned
|rule|Evasion Moves Clause: Evasion moves are banned
|rule|Endless Battle Clause: Forcing endless battles is banned
|rule|HP Percentage Mod: HP is shown in percentages
|clearpoke
|poke|p1|Drampa, F|
|poke|p1|Aegislash, F|
|poke|p1|Gyarados, F|
|poke|p1|Excadrill, F|
|poke|p1|Dracozolt|
|poke|p1|Toxicroak, M|
|poke|p2|Dracovish|
|poke|p2|Ferrothorn, M|
|poke|p2|Excadrill, M|
|poke|p2|Dragapult, F|
|poke|p2|Toxapex, F|
|poke|p2|Rotom-Heat|
|rule|Dynamax Clause: You cannot dynamax
|teampreview
|inactive|Battle timer is ON: inactive players will automatically lose when time's up. (requested by RyceCycle)
|
|start
|switch|p1a: Bernie Sanders|Drampa, F|100/100
|switch|p2a: Rotom|Rotom-Heat|100/100
|-ability|p1a: Bernie Sanders|Cloud Nine
|turn|1
|
|move|p2a: Rotom|Volt Switch|p1a: Bernie Sanders
|-resisted|p1a: Bernie Sanders
|-damage|p1a: Bernie Sanders|85/100
|
|switch|p2a: Dragapult|Dragapult, F|100/100|[from]move: Volt Switch
|move|p1a: Bernie Sanders|Hyper Voice|p2a: Dragapult
|-immune|p2a: Dragapult
|
|upkeep
|turn|2
|
|switch|p1a: Billie Eilish|Aegislash, F|100/100
|move|p2a: Dragapult|Flamethrower|p1a: Billie Eilish
|-supereffective|p1a: Billie Eilish
|-damage|p1a: Billie Eilish|39/100
|
|-heal|p1a: Billie Eilish|45/100|[from] item: Leftovers
|upkeep
|turn|3
|
|switch|p1a: Tidal Wave|Gyarados, F|100/100
|move|p2a: Dragapult|Flamethrower|p1a: Tidal Wave
|-resisted|p1a: Tidal Wave
|-damage|p1a: Tidal Wave|81/100
|
|upkeep
|turn|4
|
|switch|p2a: Ferrothorn|Ferrothorn, M|100/100
|move|p1a: Tidal Wave|Dragon Dance|p1a: Tidal Wave
|-boost|p1a: Tidal Wave|atk|1
|-boost|p1a: Tidal Wave|spe|1
|
|upkeep
|turn|5
|
|move|p1a: Tidal Wave|Earthquake|p2a: Ferrothorn
|-damage|p2a: Ferrothorn|71/100
|move|p2a: Ferrothorn|Power Whip|p1a: Tidal Wave
|-damage|p1a: Tidal Wave|35/100
|
|-heal|p2a: Ferrothorn|77/100|[from] item: Leftovers
|upkeep
|turn|6
|
|move|p1a: Tidal Wave|Earthquake|p2a: Ferrothorn
|-damage|p2a: Ferrothorn|44/100
|move|p2a: Ferrothorn|Leech Seed|p1a: Tidal Wave
|-start|p1a: Tidal Wave|move: Leech Seed
|
|-heal|p2a: Ferrothorn|50/100|[from] item: Leftovers
|-damage|p1a: Tidal Wave|23/100|[from] Leech Seed|[of] p2a: Ferrothorn
|-heal|p2a: Ferrothorn|62/100|[silent]
|upkeep
|turn|7
|
|switch|p1a: Bad Guy|Toxicroak, M, shiny|100/100
|move|p2a: Ferrothorn|Stealth Rock|p1a: Bad Guy
|-sidestart|p1: holisticplant2020|move: Stealth Rock
|
|-heal|p2a: Ferrothorn|68/100|[from] item: Leftovers
|upkeep
|turn|8
|
|switch|p2a: Excadrill|Excadrill, M|100/100
|-ability|p2a: Excadrill|Mold Breaker
|move|p1a: Bad Guy|Taunt|p2a: Excadrill
|-start|p2a: Excadrill|move: Taunt
|
|upkeep
|turn|9
|
|switch|p1a: Tidal Wave|Gyarados, F|23/100
|-damage|p1a: Tidal Wave|0 fnt|[from] Stealth Rock
|faint|p1a: Tidal Wave
|move|p2a: Excadrill|Earthquake|p1: Tidal Wave|[notarget]
|-fail|p2a: Excadrill
|
|upkeep
|
|switch|p1a: Bernie Sanders|Drampa, F|85/100
|-damage|p1a: Bernie Sanders|73/100|[from] Stealth Rock
|-ability|p1a: Bernie Sanders|Cloud Nine
|turn|10
|
|switch|p2a: Toxapex|Toxapex, F|100/100
|move|p1a: Bernie Sanders|Flamethrower|p2a: Toxapex
|-resisted|p2a: Toxapex
|-damage|p2a: Toxapex|90/100
|-status|p2a: Toxapex|brn
|
|-heal|p2a: Toxapex|96/100 brn|[from] item: Black Sludge
|-damage|p2a: Toxapex|90/100 brn|[from] brn
|upkeep
|turn|11
|
|switch|p2a: Excadrill|Excadrill, M|100/100
|-ability|p2a: Excadrill|Mold Breaker
|move|p1a: Bernie Sanders|Hyper Voice|p2a: Excadrill
|-resisted|p2a: Excadrill
|-damage|p2a: Excadrill|58/100
|
|upkeep
|turn|12
|
|switch|p2a: Dragapult|Dragapult, F|100/100
|move|p1a: Bernie Sanders|Flamethrower|p2a: Dragapult
|-resisted|p2a: Dragapult
|-damage|p2a: Dragapult|78/100
|
|upkeep
|turn|13
|
|move|p2a: Dragapult|Draco Meteor|p1a: Bernie Sanders|[miss]
|-miss|p2a: Dragapult|p1a: Bernie Sanders
|move|p1a: Bernie Sanders|Glare|p2a: Dragapult
|-status|p2a: Dragapult|par
|
|upkeep
|turn|14
|
|switch|p1a: Billie Eilish|Aegislash, F|45/100
|-damage|p1a: Billie Eilish|39/100|[from] Stealth Rock
|move|p2a: Dragapult|Draco Meteor|p1a: Billie Eilish
|-resisted|p1a: Billie Eilish
|-damage|p1a: Billie Eilish|4/100
|-unboost|p2a: Dragapult|spa|2
|
|-heal|p1a: Billie Eilish|10/100|[from] item: Leftovers
|upkeep
|turn|15
|
|move|p2a: Dragapult|Draco Meteor|p1a: Billie Eilish
|-resisted|p1a: Billie Eilish
|-damage|p1a: Billie Eilish|0 fnt
|-unboost|p2a: Dragapult|spa|2
|faint|p1a: Billie Eilish
|
|upkeep
|
|switch|p1a: Pete|Dracozolt|100/100
|-damage|p1a: Pete|88/100|[from] Stealth Rock
|turn|16
|
|switch|p2a: Toxapex|Toxapex, F|100/100 brn
|move|p1a: Pete|Fire Fang|p2a: Toxapex|[miss]
|-miss|p1a: Pete|p2a: Toxapex
|
|-heal|p1a: Pete|94/100|[from] item: Leftovers
|-damage|p2a: Toxapex|94/100 brn|[from] brn
|upkeep
|turn|17
|
|move|p2a: Toxapex|Baneful Bunker|p2a: Toxapex
|-singleturn|p2a: Toxapex|move: Protect
|move|p1a: Pete|Bolt Beak|p2a: Toxapex
|-activate|p2a: Toxapex|move: Protect
|-status|p1a: Pete|psn
|
|-heal|p1a: Pete|100/100 psn|[from] item: Leftovers
|-heal|p2a: Toxapex|100/100 brn|[from] item: Black Sludge
|-damage|p1a: Pete|88/100 psn|[from] psn
|-damage|p2a: Toxapex|94/100 brn|[from] brn
|upkeep
|turn|18
|
|switch|p2a: Excadrill|Excadrill, M|58/100
|-ability|p2a: Excadrill|Mold Breaker
|move|p1a: Pete|Bolt Beak|p2a: Excadrill
|-immune|p2a: Excadrill
|
|-heal|p1a: Pete|94/100 psn|[from] item: Leftovers
|-damage|p1a: Pete|82/100 psn|[from] psn
|upkeep
|turn|19
|
|switch|p2a: Toxapex|Toxapex, F|100/100 brn
|switch|p1a: Bad Guy|Toxicroak, M, shiny|100/100
|-damage|p1a: Bad Guy|94/100|[from] Stealth Rock
|
|-damage|p2a: Toxapex|94/100 brn|[from] brn
|upkeep
|turn|20
|
|switch|p2a: Dragapult|Dragapult, F|78/100 par
|move|p1a: Bad Guy|Taunt|p2a: Dragapult
|-start|p2a: Dragapult|move: Taunt
|
|upkeep
|turn|21
|
|move|p1a: Bad Guy|Ice Punch|p2a: Dragapult
|-supereffective|p2a: Dragapult
|-damage|p2a: Dragapult|1/100 par
|move|p2a: Dragapult|Shadow Ball|p1a: Bad Guy
|-damage|p1a: Bad Guy|8/100
|
|upkeep
|turn|22
|
|move|p1a: Bad Guy|Ice Punch|p2a: Dragapult
|-supereffective|p2a: Dragapult
|-damage|p2a: Dragapult|0 fnt
|faint|p2a: Dragapult
|
|upkeep
|
|switch|p2a: Rotom|Rotom-Heat|100/100
|turn|23
|
|move|p2a: Rotom|Overheat|p1a: Bad Guy
|-damage|p1a: Bad Guy|0 fnt
|-unboost|p2a: Rotom|spa|2
|faint|p1a: Bad Guy
|
|upkeep
|
|switch|p1a: Pete|Dracozolt|82/100 psn
|-damage|p1a: Pete|70/100 psn|[from] Stealth Rock
|turn|24
|
|switch|p2a: Toxapex|Toxapex, F|100/100 brn
|move|p1a: Pete|Substitute|p1a: Pete
|-start|p1a: Pete|Substitute
|-damage|p1a: Pete|45/100 psn
|
|-heal|p1a: Pete|51/100 psn|[from] item: Leftovers
|-damage|p1a: Pete|39/100 psn|[from] psn
|-damage|p2a: Toxapex|94/100 brn|[from] brn
|upkeep
|turn|25
|
|move|p1a: Pete|Bolt Beak|p2a: Toxapex
|-supereffective|p2a: Toxapex
|-damage|p2a: Toxapex|0 fnt
|faint|p2a: Toxapex
|
|-heal|p1a: Pete|45/100 psn|[from] item: Leftovers
|-damage|p1a: Pete|33/100 psn|[from] psn
|upkeep
|
|switch|p2a: Rotom|Rotom-Heat|100/100
|turn|26
|
|move|p2a: Rotom|Overheat|p1a: Pete
|-resisted|p1a: Pete
|-end|p1a: Pete|Substitute
|-unboost|p2a: Rotom|spa|2
|move|p1a: Pete|Dragon Claw|p2a: Rotom
|-damage|p2a: Rotom|30/100
|
|-heal|p1a: Pete|39/100 psn|[from] item: Leftovers
|-damage|p1a: Pete|26/100 psn|[from] psn
|upkeep
|turn|27
|
|move|p2a: Rotom|Overheat|p1a: Pete
|-resisted|p1a: Pete
|-damage|p1a: Pete|8/100 psn
|-unboost|p2a: Rotom|spa|2
|move|p1a: Pete|Dragon Claw|p2a: Rotom
|-damage|p2a: Rotom|0 fnt
|faint|p2a: Rotom
|
|-heal|p1a: Pete|14/100 psn|[from] item: Leftovers
|-damage|p1a: Pete|2/100 psn|[from] psn
|upkeep
|
|switch|p2a: Dracovish|Dracovish|100/100
|turn|28
|c|☆RyceCycle|gg
|
|move|p2a: Dracovish|Fishious Rend|p1a: Pete
|-resisted|p1a: Pete
|-damage|p1a: Pete|0 fnt
|faint|p1a: Pete
|
|upkeep
|c|☆holisticplant2020|gg
|
|switch|p1a: Bernie Sanders|Drampa, F|73/100
|-damage|p1a: Bernie Sanders|61/100|[from] Stealth Rock
|-ability|p1a: Bernie Sanders|Cloud Nine
|turn|29
|
|move|p2a: Dracovish|Fishious Rend|p1a: Bernie Sanders
|-resisted|p1a: Bernie Sanders
|-damage|p1a: Bernie Sanders|7/100
|move|p1a: Bernie Sanders|Hyper Voice|p2a: Dracovish
|-damage|p2a: Dracovish|16/100
|
|upkeep
|turn|30
|
|move|p2a: Dracovish|Fishious Rend|p1a: Bernie Sanders
|-resisted|p1a: Bernie Sanders
|-damage|p1a: Bernie Sanders|0 fnt
|faint|p1a: Bernie Sanders
|
|upkeep
|
|switch|p1a: Assange|Excadrill, F|100/100
|-damage|p1a: Assange|97/100|[from] Stealth Rock
|-ability|p1a: Assange|Mold Breaker
|turn|31
|
|move|p2a: Dracovish|Fishious Rend|p1a: Assange
|-supereffective|p1a: Assange
|-damage|p1a: Assange|0 fnt
|faint|p1a: Assange
|
|win|RyceCycle
|l|☆holisticplant2020
|raw|holisticplant2020's rating: 1295 → 1266(-29 for losing)
|raw|RyceCycle's rating: 1242 → 1270(+28 for winning)
