|ScrapeTime|2020-01-01-00:54:24
|j|☆JustStraightTrash
|j|☆Magikarp60000
|player|p1|JustStraightTrash|169|
|player|p2|Magikarp60000|101|
|teamsize|p1|6
|teamsize|p2|6
|gametype|singles
|gen|8
|tier|[Gen 8] OU
|rule|Sleep Clause Mod: Limit one foe put to sleep
|rule|Species Clause: Limit one of each Pokémon
|rule|OHKO Clause: OHKO moves are banned
|rule|Evasion Moves Clause: Evasion moves are banned
|rule|Endless Battle Clause: Forcing endless battles is banned
|rule|HP Percentage Mod: HP is shown in percentages
|clearpoke
|poke|p1|Togekiss, F|
|poke|p1|Galvantula, M|
|poke|p1|Excadrill, M|
|poke|p1|Dracovish|
|poke|p1|Rillaboom, F|
|poke|p1|Dragapult, F|
|poke|p2|Milotic, F|
|poke|p2|Lanturn, M|
|poke|p2|Arcanine, M|
|poke|p2|Ferrothorn, M|
|poke|p2|Claydol|
|poke|p2|Hatterene, F|
|rule|Dynamax Clause: You cannot dynamax
|teampreview
|
|start
|switch|p1a: Galvantula|Galvantula, M|100/100
|switch|p2a: Karps relative|Lanturn, M, shiny|100/100
|turn|1
|
|move|p1a: Galvantula|Sticky Web|p2a: Karps relative
|-sidestart|p2: Magikarp60000|move: Sticky Web
|move|p2a: Karps relative|Hydro Pump|p1a: Galvantula
|-damage|p1a: Galvantula|14/100
|
|upkeep
|turn|2
|
|switch|p1a: Rillaboom|Rillaboom, F|100/100
|move|p2a: Karps relative|Ice Beam|p1a: Rillaboom
|-supereffective|p1a: Rillaboom
|-damage|p1a: Rillaboom|67/100
|
|upkeep
|turn|3
|j| Psi Warrior075
|
|move|p1a: Rillaboom|Drum Beating|p2a: Karps relative
|-supereffective|p2a: Karps relative
|-damage|p2a: Karps relative|0 fnt
|faint|p2a: Karps relative
|
|upkeep
|
|switch|p2a: Doge|Arcanine, M, shiny|100/100
|-activate|p2a: Doge|move: Sticky Web
|-unboost|p2a: Doge|spe|1
|-ability|p2a: Doge|Intimidate|boost
|-unboost|p1a: Rillaboom|atk|1
|turn|4
|
|move|p1a: Rillaboom|Knock Off|p2a: Doge
|-crit|p2a: Doge
|-damage|p2a: Doge|30/100
|-enditem|p2a: Doge|Choice Band|[from] move: Knock Off|[of] p1a: Rillaboom
|move|p2a: Doge|Flare Blitz|p1a: Rillaboom
|-supereffective|p1a: Rillaboom
|-damage|p1a: Rillaboom|0 fnt
|-damage|p2a: Doge|3/100|[from] Recoil
|faint|p1a: Rillaboom
|
|upkeep
|
|switch|p1a: Dragapult|Dragapult, F|100/100
|turn|5
|
|move|p1a: Dragapult|Dragon Darts|p2a: Doge
|-damage|p2a: Doge|0 fnt
|-hitcount|p2a: Doge|1
|faint|p2a: Doge
|
|upkeep
|
|switch|p2a: Swaggy|Ferrothorn, M, shiny|100/100
|-activate|p2a: Swaggy|move: Sticky Web
|-unboost|p2a: Swaggy|spe|1
|turn|6
|
|switch|p1a: Galvantula|Galvantula, M|14/100
|move|p2a: Swaggy|Leech Seed|p1a: Galvantula
|-start|p1a: Galvantula|move: Leech Seed
|
|-damage|p1a: Galvantula|2/100|[from] Leech Seed|[of] p2a: Swaggy
|upkeep
|turn|7
|
|move|p1a: Galvantula|Bug Buzz|p2a: Swaggy
|-damage|p2a: Swaggy|70/100
|move|p2a: Swaggy|Stealth Rock|p1a: Galvantula
|-sidestart|p1: JustStraightTrash|move: Stealth Rock
|
|-heal|p2a: Swaggy|77/100|[from] item: Leftovers
|-damage|p1a: Galvantula|0 fnt|[from] Leech Seed|[of] p2a: Swaggy
|-heal|p2a: Swaggy|78/100|[silent]
|faint|p1a: Galvantula
|upkeep
|
|switch|p1a: Togekiss|Togekiss, F|100/100
|-damage|p1a: Togekiss|76/100|[from] Stealth Rock
|turn|8
|
|move|p1a: Togekiss|Fire Blast|p2a: Swaggy
|-supereffective|p2a: Swaggy
|-damage|p2a: Swaggy|0 fnt
|faint|p2a: Swaggy
|
|upkeep
|
|switch|p2a: One shot|Claydol, shiny|100/100
|turn|9
|
|switch|p1a: Dracovish|Dracovish|100/100
|-damage|p1a: Dracovish|88/100|[from] Stealth Rock
|move|p2a: One shot|Rapid Spin|p1a: Dracovish
|-enditem|p2a: One shot|Normal Gem|[from] gem|[move] Rapid Spin
|-damage|p1a: Dracovish|70/100
|-sideend|p2: Magikarp60000|Sticky Web|[from] move: Rapid Spin|[of] p2a: One shot
|-boost|p2a: One shot|spe|1
|
|upkeep
|turn|10
|j| Swaggy exe
|
|move|p2a: One shot|Explosion|p1a: Dracovish
|-damage|p1a: Dracovish|13/100
|faint|p2a: One shot
|move|p1a: Dracovish|Crunch|p2: One shot|[notarget]
|-fail|p1a: Dracovish
|
|upkeep
|
|switch|p2a: Noelle|Milotic, F, shiny|100/100
|turn|11
|
|switch|p1a: Dragapult|Dragapult, F|100/100
|-damage|p1a: Dragapult|88/100|[from] Stealth Rock
|move|p2a: Noelle|Ice Beam|p1a: Dragapult
|-supereffective|p1a: Dragapult
|-damage|p1a: Dragapult|18/100
|
|-status|p2a: Noelle|brn|[from] item: Flame Orb
|upkeep
|turn|12
|
|move|p1a: Dragapult|Phantom Force||[still]
|-prepare|p1a: Dragapult|Phantom Force|p2a: Noelle
|move|p2a: Noelle|Ice Beam|p1a: Dragapult|[miss]
|-miss|p2a: Noelle|p1a: Dragapult
|
|-damage|p2a: Noelle|94/100 brn|[from] brn
|upkeep
|turn|13
|
|move|p1a: Dragapult|Phantom Force|p2a: Noelle|[from]lockedmove
|-damage|p2a: Noelle|63/100 brn
|move|p2a: Noelle|Ice Beam|p1a: Dragapult
|-supereffective|p1a: Dragapult
|-damage|p1a: Dragapult|0 fnt
|faint|p1a: Dragapult
|
|-damage|p2a: Noelle|57/100 brn|[from] brn
|upkeep
|
|switch|p1a: Togekiss|Togekiss, F|76/100
|-damage|p1a: Togekiss|51/100|[from] Stealth Rock
|turn|14
|
|move|p1a: Togekiss|Air Slash|p2a: Noelle
|-crit|p2a: Noelle
|-damage|p2a: Noelle|0 fnt
|faint|p2a: Noelle
|
|upkeep
|
|switch|p2a: Vibe check|Hatterene, F, shiny|100/100
|turn|15
|
|move|p1a: Togekiss|Air Slash|p2a: Vibe check
|-damage|p2a: Vibe check|42/100
|cant|p2a: Vibe check|flinch
|
|-heal|p2a: Vibe check|48/100|[from] item: Leftovers
|upkeep
|turn|16
|
|move|p1a: Togekiss|Air Slash|p2a: Vibe check
|-damage|p2a: Vibe check|0 fnt
|faint|p2a: Vibe check
|
|win|JustStraightTrash
|l| Swaggy exe
|l|☆JustStraightTrash
