|ScrapeTime|2020-01-01-01:05:33
|j|☆DeciduousPony2110
|j|☆princess dont cry
|player|p1|DeciduousPony2110|veteran-gen4|1454
|player|p2|princess dont cry|liza|1523
|teamsize|p1|6
|teamsize|p2|6
|gametype|singles
|gen|8
|tier|[Gen 8] OU
|rated|
|rule|Sleep Clause Mod: Limit one foe put to sleep
|rule|Species Clause: Limit one of each Pokémon
|rule|OHKO Clause: OHKO moves are banned
|rule|Evasion Moves Clause: Evasion moves are banned
|rule|Endless Battle Clause: Forcing endless battles is banned
|rule|HP Percentage Mod: HP is shown in percentages
|clearpoke
|poke|p1|Shuckle, M|
|poke|p1|Bisharp, F|
|poke|p1|Chandelure, F|
|poke|p1|Togekiss, M|
|poke|p1|Excadrill, M|
|poke|p1|Rotom-Mow|
|poke|p2|Mew|
|poke|p2|Bisharp, F|
|poke|p2|Hydreigon, M|
|poke|p2|Aegislash, F|
|poke|p2|Mimikyu, F|
|poke|p2|Grimmsnarl, M|
|rule|Dynamax Clause: You cannot dynamax
|teampreview
|
|start
|switch|p1a: Dwayne Johnson|Shuckle, M|100/100
|switch|p2a: Mew|Mew|100/100
|turn|1
|
|move|p2a: Mew|Taunt|p1a: Dwayne Johnson
|-start|p1a: Dwayne Johnson|move: Taunt
|cant|p1a: Dwayne Johnson|move: Taunt|Sticky Web
|
|upkeep
|turn|2
|
|switch|p1a: Aku|Chandelure, F, shiny|100/100
|move|p2a: Mew|Stealth Rock|p1a: Aku
|-sidestart|p1: DeciduousPony2110|move: Stealth Rock
|
|upkeep
|turn|3
|
|move|p2a: Mew|Spikes|p1a: Aku
|-sidestart|p1: DeciduousPony2110|Spikes
|move|p1a: Aku|Shadow Ball|p2a: Mew
|-supereffective|p2a: Mew
|-damage|p2a: Mew|0 fnt
|faint|p2a: Mew
|
|upkeep
|
|switch|p2a: Mimikyu|Mimikyu, F|100/100
|turn|4
|
|switch|p1a: Mowtom|Rotom-Mow, shiny|100/100
|-damage|p1a: Mowtom|88/100|[from] Stealth Rock
|move|p2a: Mimikyu|Swords Dance|p2a: Mimikyu
|-boost|p2a: Mimikyu|atk|2
|
|upkeep
|turn|5
|
|move|p1a: Mowtom|Will-O-Wisp|p2a: Mimikyu
|-status|p2a: Mimikyu|brn
|move|p2a: Mimikyu|Swords Dance|p2a: Mimikyu
|-boost|p2a: Mimikyu|atk|2
|
|-damage|p2a: Mimikyu|95/100 brn|[from] brn
|upkeep
|turn|6
|
|move|p1a: Mowtom|Thunderbolt|p2a: Mimikyu
|-activate|p2a: Mimikyu|ability: Disguise
|-damage|p2a: Mimikyu|95/100 brn
|detailschange|p2a: Mimikyu|Mimikyu-Busted, F
|-damage|p2a: Mimikyu|82/100 brn|[from] ability: Disguise|[of] p2a: Mimikyu
|-enditem|p2a: Mimikyu|Red Card|[of] p1a: Mowtom
|drag|p1a: The Mole Station|Excadrill, M|100/100
|-damage|p1a: The Mole Station|97/100|[from] Stealth Rock
|-ability|p1a: The Mole Station|Mold Breaker
|-item|p1a: The Mole Station|Air Balloon
|move|p2a: Mimikyu|Swords Dance|p2a: Mimikyu
|-boost|p2a: Mimikyu|atk|2
|
|-damage|p2a: Mimikyu|76/100 brn|[from] brn
|upkeep
|turn|7
|
|move|p1a: The Mole Station|Iron Head|p2a: Mimikyu
|-supereffective|p2a: Mimikyu
|-damage|p2a: Mimikyu|0 fnt
|faint|p2a: Mimikyu
|
|upkeep
|
|switch|p2a: Hydreigon|Hydreigon, M|100/100
|turn|8
|
|switch|p1a: Aku|Chandelure, F, shiny|100/100
|-damage|p1a: Aku|76/100|[from] Stealth Rock
|-damage|p1a: Aku|63/100|[from] Spikes
|move|p2a: Hydreigon|Flamethrower|p1a: Aku
|-start|p1a: Aku|ability: Flash Fire
|
|upkeep
|turn|9
|
|move|p2a: Hydreigon|Draco Meteor|p1a: Aku
|-damage|p1a: Aku|0 fnt
|-unboost|p2a: Hydreigon|spa|2
|-damage|p2a: Hydreigon|91/100|[from] item: Life Orb
|faint|p1a: Aku
|
|upkeep
|
|switch|p1a: The Mole Station|Excadrill, M|97/100
|-damage|p1a: The Mole Station|94/100|[from] Stealth Rock
|-ability|p1a: The Mole Station|Mold Breaker
|-item|p1a: The Mole Station|Air Balloon
|turn|10
|
|move|p2a: Hydreigon|Flamethrower|p1a: The Mole Station
|-supereffective|p1a: The Mole Station
|-damage|p1a: The Mole Station|44/100
|-enditem|p1a: The Mole Station|Air Balloon
|-damage|p2a: Hydreigon|81/100|[from] item: Life Orb
|move|p1a: The Mole Station|Rapid Spin|p2a: Hydreigon
|-damage|p2a: Hydreigon|60/100
|-sideend|p1: DeciduousPony2110|Spikes|[from] move: Rapid Spin|[of] p1a: The Mole Station
|-sideend|p1: DeciduousPony2110|Stealth Rock|[from] move: Rapid Spin|[of] p1a: The Mole Station
|-boost|p1a: The Mole Station|spe|1
|
|upkeep
|turn|11
|
|move|p1a: The Mole Station|Earthquake|p2a: Hydreigon
|-damage|p2a: Hydreigon|0 fnt
|faint|p2a: Hydreigon
|
|upkeep
|
|switch|p2a: Bisharp|Bisharp, F|100/100
|turn|12
|
|move|p2a: Bisharp|Sucker Punch||[still]
|-fail|p2a: Bisharp
|move|p1a: The Mole Station|Substitute|p1a: The Mole Station
|-start|p1a: The Mole Station|Substitute
|-damage|p1a: The Mole Station|19/100
|
|upkeep
|turn|13
|
|move|p1a: The Mole Station|Earthquake|p2a: Bisharp
|-supereffective|p2a: Bisharp
|-damage|p2a: Bisharp|0 fnt
|faint|p2a: Bisharp
|
|upkeep
|
|switch|p2a: Grimmsnarl|Grimmsnarl, M|100/100
|turn|14
|
|move|p1a: The Mole Station|Iron Head|p2a: Grimmsnarl
|-supereffective|p2a: Grimmsnarl
|-damage|p2a: Grimmsnarl|0 fnt
|faint|p2a: Grimmsnarl
|
|upkeep
|-message|princess dont cry forfeited.
|
|win|DeciduousPony2110
|l|☆princess dont cry
|raw|DeciduousPony2110's rating: 1455 → 1478(+23 for winning)
|raw|princess dont cry's rating: 1508 → 1485(-23 for losing)
