|ScrapeTime|2020-01-01-01:35:12
|j|☆Clickfirepunchnow
|j|☆Podim1
|inactive|Battle timer is ON: inactive players will automatically lose when time's up.
|player|p1|Clickfirepunchnow|plumeria|
|player|p2|Podim1|278|
|teamsize|p1|6
|teamsize|p2|6
|gametype|singles
|gen|8
|tier|[Gen 8] OU
|rated|Tournament battle
|rule|Sleep Clause Mod: Limit one foe put to sleep
|rule|Species Clause: Limit one of each Pokémon
|rule|OHKO Clause: OHKO moves are banned
|rule|Evasion Moves Clause: Evasion moves are banned
|rule|Endless Battle Clause: Forcing endless battles is banned
|rule|HP Percentage Mod: HP is shown in percentages
|clearpoke
|poke|p1|Clefable, M|
|poke|p1|Rotom-Wash|
|poke|p1|Bisharp, F|
|poke|p1|Seismitoad, F|
|poke|p1|Corviknight, M|
|poke|p1|Ditto|
|poke|p2|Togekiss, M|
|poke|p2|Bisharp, F|
|poke|p2|Kommo-o, M|
|poke|p2|Jellicent, M|
|poke|p2|Cinderace, F|
|poke|p2|Dugtrio, M|
|rule|Dynamax Clause: You cannot dynamax
|teampreview
|c|☆Clickfirepunchnow|Hf
|c|☆Podim1|u2
|inactive|Podim1 has 120 seconds left.
|
|start
|switch|p1a: Ditto|Ditto|100/100
|switch|p2a: Kommo-o|Kommo-o, M|100/100
|-transform|p1a: Ditto|p2a: Kommo-o|[from] ability: Imposter
|turn|1
|
|move|p1a: Ditto|Taunt|p2a: Kommo-o
|-start|p2a: Kommo-o|move: Taunt
|cant|p2a: Kommo-o|move: Taunt|Stealth Rock
|
|upkeep
|turn|2
|
|switch|p1a: Rotom|Rotom-Wash|100/100
|switch|p2a: Togekiss|Togekiss, M|100/100
|
|upkeep
|turn|3
|
|switch|p2a: Dugtrio|Dugtrio, M|100/100
|move|p1a: Rotom|Thunderbolt|p2a: Dugtrio
|-immune|p2a: Dugtrio
|
|upkeep
|turn|4
|
|switch|p2a: Jellicent|Jellicent, M|100/100
|move|p1a: Rotom|Will-O-Wisp|p2a: Jellicent
|-status|p2a: Jellicent|brn
|
|-damage|p2a: Jellicent|94/100 brn|[from] brn
|upkeep
|turn|5
|
|move|p1a: Rotom|Thunderbolt|p2a: Jellicent
|-supereffective|p2a: Jellicent
|-damage|p2a: Jellicent|40/100 brn
|move|p2a: Jellicent|Strength Sap|p1a: Rotom
|-unboost|p1a: Rotom|atk|1
|-heal|p2a: Jellicent|70/100 brn
|
|-heal|p2a: Jellicent|76/100 brn|[from] item: Leftovers
|-damage|p2a: Jellicent|70/100 brn|[from] brn
|upkeep
|turn|6
|j| SandGetsEverywhere
|
|switch|p2a: Kommo-o|Kommo-o, M|100/100
|move|p1a: Rotom|Volt Switch|p2a: Kommo-o
|-resisted|p2a: Kommo-o
|-damage|p2a: Kommo-o|89/100
|l| SandGetsEverywhere
|
|switch|p1a: Clefable|Clefable, M|100/100|[from]move: Volt Switch
|
|-heal|p2a: Kommo-o|95/100|[from] item: Leftovers
|upkeep
|turn|7
|
|switch|p2a: Togekiss|Togekiss, M|100/100
|move|p1a: Clefable|Moonblast|p2a: Togekiss
|-damage|p2a: Togekiss|79/100
|-unboost|p2a: Togekiss|spa|1
|
|-heal|p2a: Togekiss|86/100|[from] item: Leftovers
|upkeep
|turn|8
|
|move|p2a: Togekiss|Thunder Wave|p1a: Clefable
|-status|p1a: Clefable|par
|cant|p1a: Clefable|par
|
|-heal|p2a: Togekiss|92/100|[from] item: Leftovers
|upkeep
|turn|9
|
|move|p2a: Togekiss|Air Slash|p1a: Clefable
|-damage|p1a: Clefable|86/100 par
|cant|p1a: Clefable|flinch
|
|-heal|p2a: Togekiss|98/100|[from] item: Leftovers
|-heal|p1a: Clefable|92/100 par|[from] item: Leftovers
|upkeep
|turn|10
|
|move|p2a: Togekiss|Nasty Plot|p2a: Togekiss
|-boost|p2a: Togekiss|spa|2
|move|p1a: Clefable|Thunderbolt|p2a: Togekiss
|-supereffective|p2a: Togekiss
|-damage|p2a: Togekiss|74/100
|
|-heal|p2a: Togekiss|80/100|[from] item: Leftovers
|-heal|p1a: Clefable|98/100 par|[from] item: Leftovers
|upkeep
|turn|11
|
|move|p2a: Togekiss|Air Slash|p1a: Clefable
|-damage|p1a: Clefable|60/100 par
|cant|p1a: Clefable|flinch
|
|-heal|p2a: Togekiss|86/100|[from] item: Leftovers
|-heal|p1a: Clefable|66/100 par|[from] item: Leftovers
|upkeep
|turn|12
|
|switch|p1a: Seismitoad|Seismitoad, F|100/100
|move|p2a: Togekiss|Air Slash|p1a: Seismitoad
|-damage|p1a: Seismitoad|52/100
|
|-heal|p2a: Togekiss|92/100|[from] item: Leftovers
|-heal|p1a: Seismitoad|58/100|[from] item: Leftovers
|upkeep
|turn|13
|
|switch|p1a: Ditto|Ditto|100/100
|-transform|p1a: Ditto|p2a: Togekiss|[from] ability: Imposter
|move|p2a: Togekiss|Air Slash|p1a: Ditto
|-damage|p1a: Ditto|65/100
|
|-heal|p2a: Togekiss|98/100|[from] item: Leftovers
|upkeep
|turn|14
|
|move|p1a: Ditto|Air Slash|p2a: Togekiss
|-damage|p2a: Togekiss|72/100
|cant|p2a: Togekiss|flinch
|
|-heal|p2a: Togekiss|78/100|[from] item: Leftovers
|upkeep
|turn|15
|
|move|p1a: Ditto|Air Slash|p2a: Togekiss
|-damage|p2a: Togekiss|48/100
|cant|p2a: Togekiss|flinch
|
|-heal|p2a: Togekiss|54/100|[from] item: Leftovers
|upkeep
|turn|16
|inactive|Podim1 has 120 seconds left.
|
|move|p1a: Ditto|Air Slash|p2a: Togekiss
|-damage|p2a: Togekiss|23/100
|cant|p2a: Togekiss|flinch
|
|-heal|p2a: Togekiss|29/100|[from] item: Leftovers
|upkeep
|turn|17
|
|switch|p2a: Bisharp|Bisharp, F|100/100
|move|p1a: Ditto|Air Slash|p2a: Bisharp
|-resisted|p2a: Bisharp
|-crit|p2a: Bisharp
|-damage|p2a: Bisharp|42/100
|
|upkeep
|turn|18
|
|switch|p1a: Corviknight|Corviknight, M|100/100
|-ability|p1a: Corviknight|Pressure
|switch|p2a: Togekiss|Togekiss, M|29/100
|
|-heal|p2a: Togekiss|35/100|[from] item: Leftovers
|upkeep
|turn|19
|
|move|p1a: Corviknight|U-turn|p2a: Togekiss
|-resisted|p2a: Togekiss
|-damage|p2a: Togekiss|31/100
|
|switch|p1a: Rotom|Rotom-Wash|100/100|[from]move: U-turn
|move|p2a: Togekiss|Morning Sun|p2a: Togekiss
|-heal|p2a: Togekiss|81/100
|
|-heal|p2a: Togekiss|87/100|[from] item: Leftovers
|upkeep
|turn|20
|
|switch|p2a: Dugtrio|Dugtrio, M|100/100
|move|p1a: Rotom|Hydro Pump|p2a: Dugtrio
|-supereffective|p2a: Dugtrio
|-damage|p2a: Dugtrio|0 fnt
|faint|p2a: Dugtrio
|
|upkeep
|inactive|Podim1 has 120 seconds left.
|
|switch|p2a: Jellicent|Jellicent, M|70/100 brn
|turn|21
|
|switch|p2a: Kommo-o|Kommo-o, M|95/100
|move|p1a: Rotom|Thunderbolt|p2a: Kommo-o
|-resisted|p2a: Kommo-o
|-damage|p2a: Kommo-o|80/100
|
|-heal|p2a: Kommo-o|87/100|[from] item: Leftovers
|upkeep
|turn|22
|
|move|p1a: Rotom|Will-O-Wisp|p2a: Kommo-o
|-status|p2a: Kommo-o|brn
|move|p2a: Kommo-o|Stealth Rock|p1a: Rotom
|-sidestart|p1: Clickfirepunchnow|move: Stealth Rock
|
|-heal|p2a: Kommo-o|93/100 brn|[from] item: Leftovers
|-damage|p2a: Kommo-o|87/100 brn|[from] brn
|upkeep
|turn|23
|
|switch|p1a: Corviknight|Corviknight, M|100/100
|-damage|p1a: Corviknight|88/100|[from] Stealth Rock
|-ability|p1a: Corviknight|Pressure
|move|p2a: Kommo-o|Earthquake|p1a: Corviknight
|-immune|p1a: Corviknight
|
|-heal|p1a: Corviknight|94/100|[from] item: Leftovers
|-heal|p2a: Kommo-o|93/100 brn|[from] item: Leftovers
|-damage|p2a: Kommo-o|87/100 brn|[from] brn
|upkeep
|turn|24
|
|move|p1a: Corviknight|Defog|p2a: Kommo-o
|-unboost|p2a: Kommo-o|evasion|1
|-sideend|p1: Clickfirepunchnow|Stealth Rock|[from] move: Defog|[of] p1a: Corviknight
|move|p2a: Kommo-o|Taunt|p1a: Corviknight
|-start|p1a: Corviknight|move: Taunt
|
|-heal|p1a: Corviknight|100/100|[from] item: Leftovers
|-heal|p2a: Kommo-o|93/100 brn|[from] item: Leftovers
|-damage|p2a: Kommo-o|87/100 brn|[from] brn
|upkeep
|turn|25
|
|switch|p1a: Clefable|Clefable, M|66/100 par
|move|p2a: Kommo-o|Stealth Rock|p1a: Clefable
|-sidestart|p1: Clickfirepunchnow|move: Stealth Rock
|
|-heal|p2a: Kommo-o|93/100 brn|[from] item: Leftovers
|-heal|p1a: Clefable|72/100 par|[from] item: Leftovers
|-damage|p2a: Kommo-o|87/100 brn|[from] brn
|upkeep
|turn|26
|
|switch|p2a: Togekiss|Togekiss, M|87/100
|move|p1a: Clefable|Moonblast|p2a: Togekiss
|-damage|p2a: Togekiss|67/100
|
|-heal|p2a: Togekiss|73/100|[from] item: Leftovers
|-heal|p1a: Clefable|79/100 par|[from] item: Leftovers
|upkeep
|turn|27
|
|switch|p1a: Rotom|Rotom-Wash|100/100
|-damage|p1a: Rotom|88/100|[from] Stealth Rock
|move|p2a: Togekiss|Air Slash|p1a: Rotom
|-resisted|p1a: Rotom
|-damage|p1a: Rotom|73/100
|
|-heal|p1a: Rotom|79/100|[from] item: Leftovers
|-heal|p2a: Togekiss|80/100|[from] item: Leftovers
|upkeep
|turn|28
|
|switch|p2a: Kommo-o|Kommo-o, M|87/100 brn
|move|p1a: Rotom|Thunderbolt|p2a: Kommo-o
|-resisted|p2a: Kommo-o
|-damage|p2a: Kommo-o|73/100 brn
|
|-heal|p1a: Rotom|85/100|[from] item: Leftovers
|-heal|p2a: Kommo-o|79/100 brn|[from] item: Leftovers
|-damage|p2a: Kommo-o|73/100 brn|[from] brn
|upkeep
|turn|29
|
|switch|p1a: Corviknight|Corviknight, M|100/100
|-damage|p1a: Corviknight|88/100|[from] Stealth Rock
|-ability|p1a: Corviknight|Pressure
|move|p2a: Kommo-o|Body Press|p1a: Corviknight
|-damage|p1a: Corviknight|69/100
|
|-heal|p1a: Corviknight|75/100|[from] item: Leftovers
|-heal|p2a: Kommo-o|79/100 brn|[from] item: Leftovers
|-damage|p2a: Kommo-o|73/100 brn|[from] brn
|upkeep
|turn|30
|
|move|p1a: Corviknight|Defog|p2a: Kommo-o
|-unboost|p2a: Kommo-o|evasion|1
|-sideend|p1: Clickfirepunchnow|Stealth Rock|[from] move: Defog|[of] p1a: Corviknight
|move|p2a: Kommo-o|Stealth Rock|p1a: Corviknight
|-sidestart|p1: Clickfirepunchnow|move: Stealth Rock
|
|-heal|p1a: Corviknight|81/100|[from] item: Leftovers
|-heal|p2a: Kommo-o|79/100 brn|[from] item: Leftovers
|-damage|p2a: Kommo-o|73/100 brn|[from] brn
|upkeep
|turn|31
|
|move|p1a: Corviknight|Defog|p2a: Kommo-o
|-unboost|p2a: Kommo-o|evasion|1
|-sideend|p1: Clickfirepunchnow|Stealth Rock|[from] move: Defog|[of] p1a: Corviknight
|move|p2a: Kommo-o|Earthquake|p1a: Corviknight
|-immune|p1a: Corviknight
|
|-heal|p1a: Corviknight|88/100|[from] item: Leftovers
|-heal|p2a: Kommo-o|79/100 brn|[from] item: Leftovers
|-damage|p2a: Kommo-o|73/100 brn|[from] brn
|upkeep
|turn|32
|
|move|p1a: Corviknight|U-turn|p2a: Kommo-o
|-resisted|p2a: Kommo-o
|-damage|p2a: Kommo-o|68/100 brn
|
|switch|p1a: Clefable|Clefable, M|79/100 par|[from]move: U-turn
|move|p2a: Kommo-o|Stealth Rock|p1a: Clefable
|-sidestart|p1: Clickfirepunchnow|move: Stealth Rock
|
|-heal|p2a: Kommo-o|74/100 brn|[from] item: Leftovers
|-heal|p1a: Clefable|85/100 par|[from] item: Leftovers
|-damage|p2a: Kommo-o|68/100 brn|[from] brn
|upkeep
|turn|33
|c|☆Podim1|my team cant do anything vs rotom w
|inactive|Podim1 has 120 seconds left.
|c|☆Podim1|back to the lab
|
|switch|p2a: Togekiss|Togekiss, M|80/100
|switch|p1a: Rotom|Rotom-Wash|85/100
|-damage|p1a: Rotom|73/100|[from] Stealth Rock
|
|-heal|p1a: Rotom|79/100|[from] item: Leftovers
|-heal|p2a: Togekiss|86/100|[from] item: Leftovers
|upkeep
|turn|34
|inactive|Podim1 has 120 seconds left.
|
|switch|p2a: Kommo-o|Kommo-o, M|68/100 brn
|move|p1a: Rotom|Thunderbolt|p2a: Kommo-o
|-resisted|p2a: Kommo-o
|-damage|p2a: Kommo-o|54/100 brn
|
|-heal|p1a: Rotom|85/100|[from] item: Leftovers
|-heal|p2a: Kommo-o|60/100 brn|[from] item: Leftovers
|-damage|p2a: Kommo-o|54/100 brn|[from] brn
|upkeep
|turn|35
|
|switch|p1a: Clefable|Clefable, M|85/100 par
|move|p2a: Kommo-o|Body Press|p1a: Clefable
|-resisted|p1a: Clefable
|-damage|p1a: Clefable|75/100 par
|
|-heal|p2a: Kommo-o|60/100 brn|[from] item: Leftovers
|-heal|p1a: Clefable|81/100 par|[from] item: Leftovers
|-damage|p2a: Kommo-o|54/100 brn|[from] brn
|upkeep
|turn|36
|
|switch|p2a: Togekiss|Togekiss, M|86/100
|move|p1a: Clefable|Calm Mind|p1a: Clefable
|-boost|p1a: Clefable|spa|1
|-boost|p1a: Clefable|spd|1
|
|-heal|p2a: Togekiss|92/100|[from] item: Leftovers
|-heal|p1a: Clefable|87/100 par|[from] item: Leftovers
|upkeep
|turn|37
|inactive|Podim1 has 120 seconds left.
|
|move|p2a: Togekiss|Nasty Plot|p2a: Togekiss
|-boost|p2a: Togekiss|spa|2
|cant|p1a: Clefable|par
|
|-heal|p2a: Togekiss|98/100|[from] item: Leftovers
|-heal|p1a: Clefable|94/100 par|[from] item: Leftovers
|upkeep
|turn|38
|
|move|p2a: Togekiss|Thunder Wave|p1a: Clefable
|-fail|p1a: Clefable|par
|move|p1a: Clefable|Thunderbolt|p2a: Togekiss
|-supereffective|p2a: Togekiss
|-damage|p2a: Togekiss|57/100
|
|-heal|p2a: Togekiss|63/100|[from] item: Leftovers
|-heal|p1a: Clefable|99/100 par|[from] item: Leftovers
|upkeep
|turn|39
|
|move|p2a: Togekiss|Air Slash|p1a: Clefable
|-damage|p1a: Clefable|66/100 par
|cant|p1a: Clefable|flinch
|
|-heal|p2a: Togekiss|69/100|[from] item: Leftovers
|-heal|p1a: Clefable|72/100 par|[from] item: Leftovers
|upkeep
|turn|40
|
|move|p2a: Togekiss|Air Slash|p1a: Clefable
|-damage|p1a: Clefable|39/100 par
|cant|p1a: Clefable|par
|
|-heal|p2a: Togekiss|75/100|[from] item: Leftovers
|-heal|p1a: Clefable|45/100 par|[from] item: Leftovers
|upkeep
|turn|41
|
|move|p2a: Togekiss|Air Slash|p1a: Clefable|[miss]
|-miss|p2a: Togekiss|p1a: Clefable
|move|p1a: Clefable|Thunderbolt|p2a: Togekiss
|-supereffective|p2a: Togekiss
|-damage|p2a: Togekiss|38/100
|
|-heal|p2a: Togekiss|45/100|[from] item: Leftovers
|-heal|p1a: Clefable|52/100 par|[from] item: Leftovers
|upkeep
|turn|42
|
|switch|p1a: Ditto|Ditto|65/100
|-damage|p1a: Ditto|53/100|[from] Stealth Rock
|-transform|p1a: Ditto|p2a: Togekiss|[from] ability: Imposter
|move|p2a: Togekiss|Air Slash|p1a: Ditto
|-damage|p1a: Ditto|7/100
|
|-heal|p2a: Togekiss|51/100|[from] item: Leftovers
|upkeep
|turn|43
|c|☆Clickfirepunchnow|Srt
|
|move|p1a: Ditto|Air Slash|p2a: Togekiss
|-damage|p2a: Togekiss|15/100
|cant|p2a: Togekiss|flinch
|
|-heal|p2a: Togekiss|21/100|[from] item: Leftovers
|upkeep
|turn|44
|c|☆Clickfirepunchnow|My b
|
|switch|p2a: Kommo-o|Kommo-o, M|54/100 brn
|move|p1a: Ditto|Air Slash|p2a: Kommo-o
|-supereffective|p2a: Kommo-o
|-damage|p2a: Kommo-o|0 fnt
|faint|p2a: Kommo-o
|
|upkeep
|
|switch|p2a: Bisharp|Bisharp, F|42/100
|turn|45
|
|switch|p1a: Corviknight|Corviknight, M|88/100
|-damage|p1a: Corviknight|75/100|[from] Stealth Rock
|-ability|p1a: Corviknight|Pressure
|move|p2a: Bisharp|Sucker Punch||[still]
|-fail|p2a: Bisharp
|
|-heal|p1a: Corviknight|81/100|[from] item: Leftovers
|upkeep
|turn|46
|
|move|p2a: Bisharp|Swords Dance|p2a: Bisharp
|-boost|p2a: Bisharp|atk|2
|move|p1a: Corviknight|Revenge|p2a: Bisharp
|-supereffective|p2a: Bisharp
|-damage|p2a: Bisharp|0 fnt
|faint|p2a: Bisharp
|
|-heal|p1a: Corviknight|88/100|[from] item: Leftovers
|upkeep
|inactive|Podim1 has 120 seconds left.
|inactive|Podim1 has 90 seconds left.
|
|switch|p2a: Cinderace|Cinderace, F|100/100
|turn|47
|
|switch|p1a: Seismitoad|Seismitoad, F|58/100
|-damage|p1a: Seismitoad|52/100|[from] Stealth Rock
|move|p2a: Cinderace|U-turn|p1a: Seismitoad
|-damage|p1a: Seismitoad|36/100
|
|switch|p2a: Togekiss|Togekiss, M|21/100|[from]move: U-turn
|
|-heal|p2a: Togekiss|27/100|[from] item: Leftovers
|-heal|p1a: Seismitoad|42/100|[from] item: Leftovers
|upkeep
|turn|48
|inactive|Podim1 has 90 seconds left.
|
|move|p2a: Togekiss|Morning Sun|p2a: Togekiss
|-heal|p2a: Togekiss|77/100
|move|p1a: Seismitoad|Toxic|p2a: Togekiss|[miss]
|-miss|p1a: Seismitoad|p2a: Togekiss
|
|-heal|p2a: Togekiss|83/100|[from] item: Leftovers
|-heal|p1a: Seismitoad|48/100|[from] item: Leftovers
|upkeep
|turn|49
|j| glaceli
|
|move|p2a: Togekiss|Air Slash|p1a: Seismitoad|[miss]
|-miss|p2a: Togekiss|p1a: Seismitoad
|move|p1a: Seismitoad|Toxic|p2a: Togekiss
|-status|p2a: Togekiss|tox
|
|-heal|p2a: Togekiss|89/100 tox|[from] item: Leftovers
|-heal|p1a: Seismitoad|54/100|[from] item: Leftovers
|-damage|p2a: Togekiss|83/100 tox|[from] psn
|upkeep
|turn|50
|
|move|p2a: Togekiss|Air Slash|p1a: Seismitoad
|-damage|p1a: Seismitoad|25/100
|cant|p1a: Seismitoad|flinch
|
|-heal|p2a: Togekiss|89/100 tox|[from] item: Leftovers
|-heal|p1a: Seismitoad|31/100|[from] item: Leftovers
|-damage|p2a: Togekiss|77/100 tox|[from] psn
|upkeep
|turn|51
|
|move|p2a: Togekiss|Air Slash|p1a: Seismitoad
|-damage|p1a: Seismitoad|0 fnt
|faint|p1a: Seismitoad
|
|-heal|p2a: Togekiss|83/100 tox|[from] item: Leftovers
|-damage|p2a: Togekiss|65/100 tox|[from] psn
|upkeep
|
|switch|p1a: Rotom|Rotom-Wash|85/100
|-damage|p1a: Rotom|73/100|[from] Stealth Rock
|turn|52
|
|move|p1a: Rotom|Hydro Pump|p2a: Togekiss|[miss]
|-miss|p1a: Rotom|p2a: Togekiss
|move|p2a: Togekiss|Air Slash|p1a: Rotom
|-resisted|p1a: Rotom
|-damage|p1a: Rotom|58/100
|
|-heal|p1a: Rotom|64/100|[from] item: Leftovers
|-heal|p2a: Togekiss|71/100 tox|[from] item: Leftovers
|-damage|p2a: Togekiss|46/100 tox|[from] psn
|upkeep
|turn|53
|
|switch|p2a: Jellicent|Jellicent, M|70/100 brn
|move|p1a: Rotom|Thunderbolt|p2a: Jellicent
|-supereffective|p2a: Jellicent
|-damage|p2a: Jellicent|21/100 brn
|
|-heal|p1a: Rotom|71/100|[from] item: Leftovers
|-heal|p2a: Jellicent|27/100 brn|[from] item: Leftovers
|-damage|p2a: Jellicent|21/100 brn|[from] brn
|upkeep
|turn|54
|
|switch|p2a: Cinderace|Cinderace, F|100/100
|move|p1a: Rotom|Volt Switch|p2a: Cinderace
|-damage|p2a: Cinderace|64/100
|
|switch|p1a: Clefable|Clefable, M|52/100 par|[from]move: Volt Switch
|
|-heal|p1a: Clefable|58/100 par|[from] item: Leftovers
|upkeep
|turn|55
|
|move|p2a: Cinderace|Pyro Ball|p1a: Clefable
|-damage|p1a: Clefable|6/100 par
|move|p1a: Clefable|Moonblast|p2a: Cinderace
|-resisted|p2a: Cinderace
|-damage|p2a: Cinderace|41/100
|
|-heal|p1a: Clefable|12/100 par|[from] item: Leftovers
|upkeep
|turn|56
|
|move|p2a: Cinderace|Pyro Ball|p1a: Clefable
|-damage|p1a: Clefable|0 fnt
|faint|p1a: Clefable
|
|upkeep
|
|switch|p1a: Rotom|Rotom-Wash|71/100
|-damage|p1a: Rotom|58/100|[from] Stealth Rock
|turn|57
|
|move|p2a: Cinderace|U-turn|p1a: Rotom
|-damage|p1a: Rotom|38/100
|
|switch|p2a: Jellicent|Jellicent, M|21/100 brn|[from]move: U-turn
|move|p1a: Rotom|Thunderbolt|p2a: Jellicent
|-supereffective|p2a: Jellicent
|-damage|p2a: Jellicent|0 fnt
|faint|p2a: Jellicent
|
|-heal|p1a: Rotom|45/100|[from] item: Leftovers
|upkeep
|
|switch|p2a: Togekiss|Togekiss, M|46/100 tox
|turn|58
|
|move|p1a: Rotom|Thunderbolt|p2a: Togekiss
|-supereffective|p2a: Togekiss
|-damage|p2a: Togekiss|4/100 tox
|move|p2a: Togekiss|Air Slash|p1a: Rotom
|-resisted|p1a: Rotom
|-damage|p1a: Rotom|29/100
|
|-heal|p1a: Rotom|36/100|[from] item: Leftovers
|-heal|p2a: Togekiss|10/100 tox|[from] item: Leftovers
|-damage|p2a: Togekiss|4/100 tox|[from] psn
|upkeep
|turn|59
|
|move|p1a: Rotom|Hydro Pump|p2a: Togekiss
|-damage|p2a: Togekiss|0 fnt
|faint|p2a: Togekiss
|
|-heal|p1a: Rotom|42/100|[from] item: Leftovers
|upkeep
|
|switch|p2a: Cinderace|Cinderace, F|41/100
|turn|60
|c|☆Clickfirepunchnow|gg
|
|move|p2a: Cinderace|Sucker Punch|p1a: Rotom
|-damage|p1a: Rotom|24/100
|move|p1a: Rotom|Hydro Pump|p2a: Cinderace|[miss]
|-miss|p1a: Rotom|p2a: Cinderace
|
|-heal|p1a: Rotom|30/100|[from] item: Leftovers
|upkeep
|turn|61
|
|move|p2a: Cinderace|Pyro Ball|p1a: Rotom
|-resisted|p1a: Rotom
|-damage|p1a: Rotom|7/100
|move|p1a: Rotom|Thunderbolt|p2a: Cinderace
|-damage|p2a: Cinderace|0 fnt
|faint|p2a: Cinderace
|
|win|Clickfirepunchnow
|c|☆Podim1|gg
|l|☆Clickfirepunchnow
|j|☆Clickfirepunchnow
|player|p1|Clickfirepunchnow|plumeria
