|ScrapeTime|2020-01-01-01:05:43
|j|☆Eldecrok
|j|☆Firemess
|player|p1|Eldecrok|pokekid|1105
|player|p2|Firemess|101|1085
|teamsize|p1|6
|teamsize|p2|6
|gametype|singles
|gen|8
|tier|[Gen 8] OU
|rated|
|rule|Sleep Clause Mod: Limit one foe put to sleep
|rule|Species Clause: Limit one of each Pokémon
|rule|OHKO Clause: OHKO moves are banned
|rule|Evasion Moves Clause: Evasion moves are banned
|rule|Endless Battle Clause: Forcing endless battles is banned
|rule|HP Percentage Mod: HP is shown in percentages
|clearpoke
|poke|p1|Morpeko, M|
|poke|p1|Lapras, F|
|poke|p1|Goodra, F|
|poke|p1|Arctozolt|
|poke|p1|Orbeetle, F|
|poke|p1|Salazzle, F|
|poke|p2|Dragapult, F|
|poke|p2|Corsola-Galar, F|
|poke|p2|Cinderace, F|
|poke|p2|Ditto|
|poke|p2|Dugtrio, M|
|poke|p2|Corviknight, F|
|rule|Dynamax Clause: You cannot dynamax
|teampreview
|
|start
|switch|p1a: Orbeetle|Orbeetle, F|100/100
|switch|p2a: Corsola|Corsola-Galar, F|100/100
|turn|1
|
|move|p1a: Orbeetle|U-turn|p2a: Corsola
|-resisted|p2a: Corsola
|-damage|p2a: Corsola|96/100
|
|switch|p1a: Morpeko|Morpeko, M|100/100|[from]move: U-turn
|move|p2a: Corsola|Stealth Rock|p1a: Morpeko
|-sidestart|p1: Eldecrok|move: Stealth Rock
|
|-formechange|p1a: Morpeko|Morpeko-Hangry||[from] ability: Hunger Switch
|upkeep
|turn|2
|
|switch|p2a: Dugtrio|Dugtrio, M|100/100
|move|p1a: Morpeko|Aura Wheel|p2a: Dugtrio
|-enditem|p2a: Dugtrio|Focus Sash
|-damage|p2a: Dugtrio|1/100
|-boost|p1a: Morpeko|spe|1
|-damage|p1a: Morpeko|91/100|[from] item: Life Orb
|
|-formechange|p1a: Morpeko|Morpeko||[from] ability: Hunger Switch
|upkeep
|turn|3
|
|move|p1a: Morpeko|Bullet Seed|p2a: Dugtrio
|-supereffective|p2a: Dugtrio
|-damage|p2a: Dugtrio|0 fnt
|-hitcount|p2a: Dugtrio|1
|-damage|p1a: Morpeko|81/100|[from] item: Life Orb
|faint|p2a: Dugtrio
|
|-formechange|p1a: Morpeko|Morpeko-Hangry||[from] ability: Hunger Switch
|upkeep
|
|switch|p2a: Dragapult|Dragapult, F|100/100
|turn|4
|
|switch|p1a: Orbeetle|Orbeetle, F|100/100
|-damage|p1a: Orbeetle|76/100|[from] Stealth Rock
|move|p2a: Dragapult|Draco Meteor|p1a: Orbeetle
|-damage|p1a: Orbeetle|0 fnt
|-unboost|p2a: Dragapult|spa|2
|faint|p1a: Orbeetle
|
|upkeep
|
|switch|p1a: Arctozolt|Arctozolt|100/100
|-damage|p1a: Arctozolt|76/100|[from] Stealth Rock
|turn|5
|
|move|p2a: Dragapult|Draco Meteor|p1a: Arctozolt
|-crit|p1a: Arctozolt
|-damage|p1a: Arctozolt|0 fnt
|-unboost|p2a: Dragapult|spa|2
|faint|p1a: Arctozolt
|
|upkeep
|
|switch|p1a: Lapras|Lapras, F|100/100
|-damage|p1a: Lapras|76/100|[from] Stealth Rock
|turn|6
|
|move|p2a: Dragapult|Draco Meteor|p1a: Lapras
|-damage|p1a: Lapras|57/100
|-unboost|p2a: Dragapult|spa|2
|move|p1a: Lapras|Freeze-Dry|p2a: Dragapult
|-supereffective|p2a: Dragapult
|-damage|p2a: Dragapult|42/100
|
|upkeep
|turn|7
|
|switch|p2a: Corsola|Corsola-Galar, F|96/100
|move|p1a: Lapras|Freeze-Dry|p2a: Corsola
|-damage|p2a: Corsola|80/100
|-start|p1a: Lapras|Disable|Freeze-Dry|[from] ability: Cursed Body|[of] p2a: Corsola
|
|upkeep
|turn|8
|
|move|p1a: Lapras|Surf|p2a: Corsola
|-damage|p2a: Corsola|62/100
|move|p2a: Corsola|Strength Sap|p1a: Lapras
|-unboost|p1a: Lapras|atk|1
|-heal|p2a: Corsola|100/100
|
|upkeep
|turn|9
|
|switch|p1a: Morpeko|Morpeko, M|81/100
|-damage|p1a: Morpeko|69/100|[from] Stealth Rock
|move|p2a: Corsola|Night Shade|p1a: Morpeko
|-damage|p1a: Morpeko|30/100
|
|-formechange|p1a: Morpeko|Morpeko-Hangry||[from] ability: Hunger Switch
|upkeep
|turn|10
|
|move|p1a: Morpeko|Aura Wheel|p2a: Corsola
|-supereffective|p2a: Corsola
|-damage|p2a: Corsola|40/100
|-boost|p1a: Morpeko|spe|1
|-damage|p1a: Morpeko|20/100|[from] item: Life Orb
|move|p2a: Corsola|Night Shade|p1a: Morpeko
|-damage|p1a: Morpeko|0 fnt
|faint|p1a: Morpeko
|
|upkeep
|
|switch|p1a: Lapras|Lapras, F|57/100
|-damage|p1a: Lapras|32/100|[from] Stealth Rock
|turn|11
|
|move|p1a: Lapras|Freeze-Dry|p2a: Corsola
|-damage|p2a: Corsola|25/100
|-start|p1a: Lapras|Disable|Freeze-Dry|[from] ability: Cursed Body|[of] p2a: Corsola
|move|p2a: Corsola|Strength Sap|p1a: Lapras
|-unboost|p1a: Lapras|atk|1
|-heal|p2a: Corsola|73/100
|
|upkeep
|turn|12
|
|move|p1a: Lapras|Psychic|p2a: Corsola
|-damage|p2a: Corsola|59/100
|move|p2a: Corsola|Strength Sap|p1a: Lapras
|-unboost|p1a: Lapras|atk|1
|-heal|p2a: Corsola|92/100
|
|upkeep
|turn|13
|
|move|p1a: Lapras|Psychic|p2a: Corsola
|-damage|p2a: Corsola|79/100
|move|p2a: Corsola|Night Shade|p1a: Lapras
|-damage|p1a: Lapras|10/100
|-enditem|p1a: Lapras|Aguav Berry|[eat]
|-heal|p1a: Lapras|43/100|[from] item: Aguav Berry
|
|upkeep
|turn|14
|
|move|p1a: Lapras|Surf|p2a: Corsola
|-damage|p2a: Corsola|60/100
|move|p2a: Corsola|Strength Sap|p1a: Lapras
|-unboost|p1a: Lapras|atk|1
|-heal|p2a: Corsola|84/100
|
|-end|p1a: Lapras|Disable
|upkeep
|turn|15
|
|move|p1a: Lapras|Surf|p2a: Corsola
|-damage|p2a: Corsola|66/100
|-start|p1a: Lapras|Disable|Surf|[from] ability: Cursed Body|[of] p2a: Corsola
|move|p2a: Corsola|Strength Sap|p1a: Lapras
|-unboost|p1a: Lapras|atk|1
|-heal|p2a: Corsola|85/100
|
|upkeep
|turn|16
|
|move|p1a: Lapras|Freeze-Dry|p2a: Corsola
|-damage|p2a: Corsola|70/100
|move|p2a: Corsola|Night Shade|p1a: Lapras
|-damage|p1a: Lapras|22/100
|
|upkeep
|turn|17
|
|move|p1a: Lapras|Freeze-Dry|p2a: Corsola
|-damage|p2a: Corsola|55/100
|move|p2a: Corsola|Night Shade|p1a: Lapras
|-damage|p1a: Lapras|0 fnt
|faint|p1a: Lapras
|
|upkeep
|
|switch|p1a: Goodra|Goodra, F|100/100
|-damage|p1a: Goodra|88/100|[from] Stealth Rock
|turn|18
|
|move|p1a: Goodra|Breaking Swipe|p2a: Corsola
|-damage|p2a: Corsola|44/100
|-unboost|p2a: Corsola|atk|1
|move|p2a: Corsola|Will-O-Wisp|p1a: Goodra
|-status|p1a: Goodra|brn
|
|-damage|p1a: Goodra|82/100 brn|[from] brn
|upkeep
|turn|19
|
|move|p1a: Goodra|Flamethrower|p2a: Corsola
|-damage|p2a: Corsola|23/100
|move|p2a: Corsola|Strength Sap|p1a: Goodra
|-unboost|p1a: Goodra|atk|1
|-heal|p2a: Corsola|97/100
|
|-damage|p1a: Goodra|76/100 brn|[from] brn
|upkeep
|turn|20
|-message|Eldecrok forfeited.
|
|win|Firemess
|l|☆Eldecrok
|raw|Eldecrok's rating: 1105 → 1079(-26 for losing)
|raw|Firemess's rating: 1085 → 1114(+29 for winning)
