|ScrapeTime|2020-01-01-01:55:47
|j|☆BrazilianX
|j|☆lSP34R
|player|p1|BrazilianX|cress|1034
|player|p2|lSP34R|cynthia-gen4|1043
|teamsize|p1|6
|teamsize|p2|6
|gametype|singles
|gen|8
|tier|[Gen 8] OU
|rated|
|rule|Sleep Clause Mod: Limit one foe put to sleep
|rule|Species Clause: Limit one of each Pokémon
|rule|OHKO Clause: OHKO moves are banned
|rule|Evasion Moves Clause: Evasion moves are banned
|rule|Endless Battle Clause: Forcing endless battles is banned
|rule|HP Percentage Mod: HP is shown in percentages
|clearpoke
|poke|p1|Dracovish|
|poke|p1|Ditto|
|poke|p1|Pelipper, M|
|poke|p1|Barraskewda, M|
|poke|p1|Ludicolo, F|
|poke|p1|Toxtricity, F|
|poke|p2|Cloyster, M|
|poke|p2|Excadrill, M|
|poke|p2|Dragapult, M|
|poke|p2|Dracovish|
|poke|p2|Clefable, F|
|poke|p2|Corviknight, M|
|rule|Dynamax Clause: You cannot dynamax
|teampreview
|
|start
|switch|p1a: Pelipper|Pelipper, M|100/100
|switch|p2a: Dragapult|Dragapult, M|100/100
|-weather|RainDance|[from] ability: Drizzle|[of] p1a: Pelipper
|turn|1
|inactive|Battle timer is ON: inactive players will automatically lose when time's up. (requested by lSP34R)
|
|move|p2a: Dragapult|Draco Meteor|p1a: Pelipper
|-damage|p1a: Pelipper|0 fnt
|-unboost|p2a: Dragapult|spa|2
|faint|p1a: Pelipper
|
|-weather|RainDance|[upkeep]
|upkeep
|
|switch|p1a: Ludicolo|Ludicolo, F|100/100
|turn|2
|
|switch|p2a: Clefable|Clefable, F, shiny|100/100
|move|p1a: Ludicolo|Ice Beam|p2a: Clefable
|-damage|p2a: Clefable|65/100
|-damage|p1a: Ludicolo|91/100|[from] item: Life Orb
|
|-weather|RainDance|[upkeep]
|upkeep
|turn|3
|
|move|p1a: Ludicolo|Surf|p2a: Clefable
|-damage|p2a: Clefable|0 fnt
|-damage|p1a: Ludicolo|81/100|[from] item: Life Orb
|faint|p2a: Clefable
|
|-weather|RainDance|[upkeep]
|upkeep
|
|switch|p2a: Dracovish|Dracovish|100/100
|turn|4
|inactive|lSP34R has 120 seconds left.
|
|move|p1a: Ludicolo|Energy Ball|p2a: Dracovish
|-damage|p2a: Dracovish|29/100
|-damage|p1a: Ludicolo|71/100|[from] item: Life Orb
|move|p2a: Dracovish|Outrage|p1a: Ludicolo
|-crit|p1a: Ludicolo
|-damage|p1a: Ludicolo|0 fnt
|faint|p1a: Ludicolo
|
|-weather|RainDance|[upkeep]
|upkeep
|
|switch|p1a: Ditto|Ditto, shiny|100/100
|-transform|p1a: Ditto|p2a: Dracovish|[from] ability: Imposter
|turn|5
|
|move|p2a: Dracovish|Outrage|p1a: Ditto|[from]lockedmove
|-supereffective|p1a: Ditto
|-damage|p1a: Ditto|0 fnt
|faint|p1a: Ditto
|
|-weather|RainDance|[upkeep]
|upkeep
|
|switch|p1a: Dracovish|Dracovish|100/100
|turn|6
|
|move|p2a: Dracovish|Outrage|p1a: Dracovish|[from]lockedmove
|-supereffective|p1a: Dracovish
|-damage|p1a: Dracovish|0 fnt
|-start|p2a: Dracovish|confusion|[fatigue]
|faint|p1a: Dracovish
|
|-weather|RainDance|[upkeep]
|upkeep
|-message|BrazilianX forfeited.
|
|win|lSP34R
|l|☆BrazilianX
