|ScrapeTime|2020-01-01-00:25:16
|j|☆Husarius pl
|j|☆PtakarzPL
|player|p1|Husarius pl|selene|
|player|p2|PtakarzPL|richboy-gen4|
|teamsize|p1|6
|teamsize|p2|6
|gametype|singles
|gen|8
|tier|[Gen 8] OU
|rule|Sleep Clause Mod: Limit one foe put to sleep
|rule|Species Clause: Limit one of each Pokémon
|rule|OHKO Clause: OHKO moves are banned
|rule|Evasion Moves Clause: Evasion moves are banned
|rule|Endless Battle Clause: Forcing endless battles is banned
|rule|HP Percentage Mod: HP is shown in percentages
|clearpoke
|poke|p1|Dragapult, M|
|poke|p1|Hatterene, F|
|poke|p1|Corviknight, F|
|poke|p1|Seismitoad, F|
|poke|p1|Cinderace, M|
|poke|p1|Toxtricity, M|
|poke|p2|Cinderace, M|
|poke|p2|Mimikyu, F|
|poke|p2|Ferrothorn, M|
|poke|p2|Barraskewda, F|
|poke|p2|Dubwool, F|
|poke|p2|Duraludon, M|
|rule|Dynamax Clause: You cannot dynamax
|teampreview
|
|start
|switch|p1a: Cinderace|Cinderace, M|100/100
|switch|p2a: Ferrothorn|Ferrothorn, M|100/100
|turn|1
|
|switch|p2a: Barraskewda|Barraskewda, F|100/100
|move|p1a: Cinderace|Pyro Ball|p2a: Barraskewda
|-resisted|p2a: Barraskewda
|-damage|p2a: Barraskewda|42/100
|
|upkeep
|turn|2
|j| Dzejfis
|
|switch|p1a: Seismitoad|Seismitoad, F|100/100
|move|p2a: Barraskewda|Liquidation|p1a: Seismitoad
|-immune|p1a: Seismitoad|[from] ability: Water Absorb
|
|upkeep
|turn|3
|
|switch|p2a: Ferrothorn|Ferrothorn, M|100/100
|move|p1a: Seismitoad|Earthquake|p2a: Ferrothorn
|-damage|p2a: Ferrothorn|73/100
|
|upkeep
|turn|4
|
|switch|p1a: Cinderace|Cinderace, M|100/100
|move|p2a: Ferrothorn|Stealth Rock|p1a: Cinderace
|-sidestart|p1: Husarius pl|move: Stealth Rock
|
|upkeep
|turn|5
|
|switch|p2a: Mimikyu|Mimikyu, F|100/100
|move|p1a: Cinderace|Pyro Ball|p2a: Mimikyu
|-activate|p2a: Mimikyu|ability: Disguise
|-damage|p2a: Mimikyu|100/100
|detailschange|p2a: Mimikyu|Mimikyu-Busted, F
|-damage|p2a: Mimikyu|88/100|[from] ability: Disguise|[of] p2a: Mimikyu
|
|upkeep
|turn|6
|
|move|p2a: Mimikyu|Shadow Sneak|p1a: Cinderace
|-crit|p1a: Cinderace
|-damage|p1a: Cinderace|55/100
|-damage|p2a: Mimikyu|78/100|[from] item: Life Orb
|move|p1a: Cinderace|Pyro Ball|p2a: Mimikyu
|-damage|p2a: Mimikyu|0 fnt
|faint|p2a: Mimikyu
|
|upkeep
|
|switch|p2a: Barraskewda|Barraskewda, F|42/100
|turn|7
|l| Dzejfis
|
|switch|p1a: Seismitoad|Seismitoad, F|100/100
|-damage|p1a: Seismitoad|94/100|[from] Stealth Rock
|move|p2a: Barraskewda|Aqua Jet|p1a: Seismitoad
|-heal|p1a: Seismitoad|100/100|[from] ability: Water Absorb|[of] p2a: Barraskewda
|
|upkeep
|turn|8
|
|switch|p2a: Ferrothorn|Ferrothorn, M|73/100
|move|p1a: Seismitoad|Earthquake|p2a: Ferrothorn
|-damage|p2a: Ferrothorn|46/100
|
|upkeep
|turn|9
|
|switch|p1a: Cinderace|Cinderace, M|55/100
|-damage|p1a: Cinderace|30/100|[from] Stealth Rock
|move|p2a: Ferrothorn|Toxic|p1a: Cinderace
|-status|p1a: Cinderace|tox
|
|-damage|p1a: Cinderace|24/100 tox|[from] psn
|upkeep
|turn|10
|
|switch|p2a: Cinderace|Cinderace, M|100/100
|move|p1a: Cinderace|Court Change|p1a: Cinderace
|-sideend|p1: Husarius pl|Stealth Rock|[silent]
|-sidestart|p2: PtakarzPL|Stealth Rock|[silent]
|-activate|p1a: Cinderace|move: Court Change
|
|-damage|p1a: Cinderace|12/100 tox|[from] psn
|upkeep
|turn|11
|
|move|p2a: Cinderace|Court Change|p2a: Cinderace
|-sideend|p2: PtakarzPL|Stealth Rock|[silent]
|-sidestart|p1: Husarius pl|Stealth Rock|[silent]
|-activate|p2a: Cinderace|move: Court Change
|move|p1a: Cinderace|High Jump Kick|p2a: Cinderace
|-damage|p2a: Cinderace|44/100
|
|-damage|p1a: Cinderace|0 fnt|[from] psn
|faint|p1a: Cinderace
|upkeep
|
|switch|p1a: Seismitoad|Seismitoad, F|100/100
|-damage|p1a: Seismitoad|94/100|[from] Stealth Rock
|turn|12
|
|move|p2a: Cinderace|High Jump Kick|p1a: Seismitoad|[miss]
|-miss|p2a: Cinderace|p1a: Seismitoad
|-damage|p2a: Cinderace|0 fnt|[from] highjumpkick
|faint|p2a: Cinderace
|move|p1a: Seismitoad|Liquidation|p2: Cinderace|[notarget]
|-fail|p1a: Seismitoad
|
|-heal|p1a: Seismitoad|100/100|[from] item: Leftovers
|upkeep
|
|switch|p2a: Ferrothorn|Ferrothorn, M|46/100
|turn|13
|
|move|p1a: Seismitoad|Earthquake|p2a: Ferrothorn
|-damage|p2a: Ferrothorn|18/100
|move|p2a: Ferrothorn|Seed Bomb|p1a: Seismitoad
|-supereffective|p1a: Seismitoad
|-damage|p1a: Seismitoad|0 fnt
|faint|p1a: Seismitoad
|
|upkeep
|
|switch|p1a: Dragapult|Dragapult, M|100/100
|-damage|p1a: Dragapult|88/100|[from] Stealth Rock
|turn|14
|c|☆PtakarzPL|Najbardziej obawiam się tego Dragapulta, jest w hcuj szybki
|
|move|p1a: Dragapult|Dragon Darts|p2a: Ferrothorn
|-resisted|p2a: Ferrothorn
|-damage|p2a: Ferrothorn|10/100
|-resisted|p2a: Ferrothorn
|-damage|p2a: Ferrothorn|1/100
|-hitcount|p2a: Ferrothorn|2
|move|p2a: Ferrothorn|Toxic|p1a: Dragapult
|-status|p1a: Dragapult|tox
|
|-damage|p1a: Dragapult|82/100 tox|[from] psn
|upkeep
|turn|15
|
|move|p1a: Dragapult|U-turn|p2a: Ferrothorn
|-damage|p2a: Ferrothorn|0 fnt
|-damage|p1a: Dragapult|70/100 tox|[from] ability: Iron Barbs|[of] p2a: Ferrothorn
|-damage|p1a: Dragapult|53/100 tox|[from] item: Rocky Helmet|[of] p2a: Ferrothorn
|faint|p2a: Ferrothorn
|c|☆Husarius pl|nic dziwnego
|
|switch|p1a: Corviknight|Corviknight, F|100/100|[from]move: U-turn
|-damage|p1a: Corviknight|88/100|[from] Stealth Rock
|-ability|p1a: Corviknight|Pressure
|
|-heal|p1a: Corviknight|94/100|[from] item: Leftovers
|upkeep
|
|switch|p2a: Duraludon|Duraludon, M|100/100
|turn|16
|
|move|p2a: Duraludon|Light Screen|p2a: Duraludon
|-sidestart|p2: PtakarzPL|move: Light Screen
|move|p1a: Corviknight|Bulk Up|p1a: Corviknight
|-boost|p1a: Corviknight|atk|1
|-boost|p1a: Corviknight|def|1
|
|-heal|p1a: Corviknight|100/100|[from] item: Leftovers
|upkeep
|turn|17
|
|move|p2a: Duraludon|Thunderbolt|p1a: Corviknight
|-supereffective|p1a: Corviknight
|-damage|p1a: Corviknight|63/100
|-status|p1a: Corviknight|par
|move|p1a: Corviknight|Bulk Up|p1a: Corviknight
|-boost|p1a: Corviknight|atk|1
|-boost|p1a: Corviknight|def|1
|
|-heal|p1a: Corviknight|69/100 par|[from] item: Leftovers
|upkeep
|turn|18
|
|move|p2a: Duraludon|Thunderbolt|p1a: Corviknight
|-supereffective|p1a: Corviknight
|-damage|p1a: Corviknight|30/100 par
|move|p1a: Corviknight|Roost|p1a: Corviknight
|-heal|p1a: Corviknight|80/100 par
|-singleturn|p1a: Corviknight|move: Roost
|
|-heal|p1a: Corviknight|86/100 par|[from] item: Leftovers
|upkeep
|turn|19
|
|move|p2a: Duraludon|Thunderbolt|p1a: Corviknight
|-supereffective|p1a: Corviknight
|-damage|p1a: Corviknight|48/100 par
|cant|p1a: Corviknight|par
|
|-heal|p1a: Corviknight|54/100 par|[from] item: Leftovers
|upkeep
|turn|20
|
|move|p2a: Duraludon|Thunderbolt|p1a: Corviknight
|-supereffective|p1a: Corviknight
|-damage|p1a: Corviknight|12/100 par
|move|p1a: Corviknight|Roost|p1a: Corviknight
|-heal|p1a: Corviknight|62/100 par
|-singleturn|p1a: Corviknight|move: Roost
|
|-heal|p1a: Corviknight|68/100 par|[from] item: Leftovers
|-sideend|p2: PtakarzPL|move: Light Screen
|upkeep
|turn|21
|
|move|p2a: Duraludon|Thunderbolt|p1a: Corviknight
|-supereffective|p1a: Corviknight
|-damage|p1a: Corviknight|29/100 par
|move|p1a: Corviknight|Roost|p1a: Corviknight
|-heal|p1a: Corviknight|78/100 par
|-singleturn|p1a: Corviknight|move: Roost
|
|-heal|p1a: Corviknight|85/100 par|[from] item: Leftovers
|upkeep
|turn|22
|
|move|p2a: Duraludon|Thunderbolt|p1a: Corviknight
|-supereffective|p1a: Corviknight
|-damage|p1a: Corviknight|45/100 par
|cant|p1a: Corviknight|par
|
|-heal|p1a: Corviknight|51/100 par|[from] item: Leftovers
|upkeep
|turn|23
|
|move|p2a: Duraludon|Thunderbolt|p1a: Corviknight
|-supereffective|p1a: Corviknight
|-damage|p1a: Corviknight|12/100 par
|cant|p1a: Corviknight|par
|
|-heal|p1a: Corviknight|19/100 par|[from] item: Leftovers
|upkeep
|turn|24
|c|☆PtakarzPL|to będzie długie xD
|
|move|p2a: Duraludon|Thunderbolt|p1a: Corviknight
|-supereffective|p1a: Corviknight
|-damage|p1a: Corviknight|0 fnt
|faint|p1a: Corviknight
|
|upkeep
|c|☆Husarius pl|juz nie
|
|switch|p1a: Dragapult|Dragapult, M|53/100 tox
|-damage|p1a: Dragapult|41/100 tox|[from] Stealth Rock
|turn|25
|
|move|p1a: Dragapult|Dragon Darts|p2a: Duraludon
|-damage|p2a: Duraludon|70/100
|-damage|p2a: Duraludon|41/100
|-hitcount|p2a: Duraludon|2
|move|p2a: Duraludon|Dragon Pulse|p1a: Dragapult
|-supereffective|p1a: Dragapult
|-damage|p1a: Dragapult|0 fnt
|faint|p1a: Dragapult
|
|upkeep
|
|switch|p1a: Toxtricity|Toxtricity, M|100/100
|-damage|p1a: Toxtricity|88/100|[from] Stealth Rock
|turn|26
|
|move|p2a: Duraludon|Dragon Pulse|p1a: Toxtricity
|-damage|p1a: Toxtricity|54/100
|move|p1a: Toxtricity|Boomburst|p2a: Duraludon
|-resisted|p2a: Duraludon
|-damage|p2a: Duraludon|0 fnt
|faint|p2a: Duraludon
|
|upkeep
|
|switch|p2a: Dubwool|Dubwool, F|100/100
|turn|27
|
|move|p2a: Dubwool|Zen Headbutt|p1a: Toxtricity
|-supereffective|p1a: Toxtricity
|-damage|p1a: Toxtricity|0 fnt
|faint|p1a: Toxtricity
|
|upkeep
|
|switch|p1a: Hatterene|Hatterene, F|100/100
|-damage|p1a: Hatterene|88/100|[from] Stealth Rock
|turn|28
|
|move|p2a: Dubwool|Body Slam|p1a: Hatterene
|-crit|p1a: Hatterene
|-damage|p1a: Hatterene|38/100
|-status|p1a: Hatterene|par
|move|p1a: Hatterene|Trick Room|p1a: Hatterene
|-fieldstart|move: Trick Room|[of] p1a: Hatterene
|
|-heal|p1a: Hatterene|44/100 par|[from] item: Leftovers
|upkeep
|turn|29
|
|move|p1a: Hatterene|Psychic|p2a: Dubwool
|-damage|p2a: Dubwool|29/100
|move|p2a: Dubwool|Substitute|p2a: Dubwool
|-start|p2a: Dubwool|Substitute
|-damage|p2a: Dubwool|4/100
|
|-heal|p1a: Hatterene|50/100 par|[from] item: Leftovers
|upkeep
|turn|30
|
|move|p1a: Hatterene|Dazzling Gleam|p2a: Dubwool
|-end|p2a: Dubwool|Substitute
|move|p2a: Dubwool|Body Slam|p1a: Hatterene
|-damage|p1a: Hatterene|16/100 par
|
|-heal|p1a: Hatterene|22/100 par|[from] item: Leftovers
|upkeep
|turn|31
|
|move|p1a: Hatterene|Dazzling Gleam|p2a: Dubwool
|-damage|p2a: Dubwool|0 fnt
|faint|p2a: Dubwool
|
|-heal|p1a: Hatterene|28/100 par|[from] item: Leftovers
|upkeep
|
|switch|p2a: Barraskewda|Barraskewda, F|42/100
|turn|32
|
|move|p1a: Hatterene|Psychic|p2a: Barraskewda
|-damage|p2a: Barraskewda|0 fnt
|faint|p2a: Barraskewda
|
|win|Husarius pl
|c|☆Husarius pl|GG
|c|☆PtakarzPL|GG
|c|☆PtakarzPL|Dobra walka
|c|☆Husarius pl|Zajebista
|l|☆PtakarzPL
|c|☆Husarius pl|Bliska
