|ScrapeTime|2020-01-01-03:26:50
|j|☆SP00NELL
|j|☆RoaringKingEngine
|player|p1|SP00NELL|ethan|1070
|player|p2|RoaringKingEngine|lucas|1059
|teamsize|p1|6
|teamsize|p2|6
|gametype|singles
|gen|8
|tier|[Gen 8] OU
|rated|
|rule|Sleep Clause Mod: Limit one foe put to sleep
|rule|Species Clause: Limit one of each Pokémon
|rule|OHKO Clause: OHKO moves are banned
|rule|Evasion Moves Clause: Evasion moves are banned
|rule|Endless Battle Clause: Forcing endless battles is banned
|rule|HP Percentage Mod: HP is shown in percentages
|clearpoke
|poke|p1|Ferrothorn, F|
|poke|p1|Toxtricity, M|
|poke|p1|Hydreigon, F|
|poke|p1|Cinderace, F|
|poke|p1|Hatterene, F|
|poke|p1|Gastrodon, F|
|poke|p2|Orbeetle, M|
|poke|p2|Bisharp, M|
|poke|p2|Galvantula, M|
|poke|p2|Dracovish|
|poke|p2|Dugtrio, M|
|poke|p2|Togekiss, F|
|rule|Dynamax Clause: You cannot dynamax
|teampreview
|
|start
|switch|p1a: Ferrothorn|Ferrothorn, F|100/100
|switch|p2a: Orbeetle|Orbeetle, M|100/100
|turn|1
|
|move|p2a: Orbeetle|Sticky Web|p1a: Ferrothorn
|-sidestart|p1: SP00NELL|move: Sticky Web
|move|p1a: Ferrothorn|Knock Off|p2a: Orbeetle
|-supereffective|p2a: Orbeetle
|-damage|p2a: Orbeetle|59/100
|-enditem|p2a: Orbeetle|Leftovers|[from] move: Knock Off|[of] p1a: Ferrothorn
|
|upkeep
|turn|2
|
|move|p2a: Orbeetle|U-turn|p1a: Ferrothorn
|-damage|p1a: Ferrothorn|94/100
|-damage|p2a: Orbeetle|47/100|[from] ability: Iron Barbs|[of] p1a: Ferrothorn
|
|switch|p2a: Bisharp|Bisharp, M|100/100|[from]move: U-turn
|move|p1a: Ferrothorn|Leech Seed|p2a: Bisharp
|-start|p2a: Bisharp|move: Leech Seed
|
|-heal|p1a: Ferrothorn|100/100|[from] item: Leftovers
|-damage|p2a: Bisharp|88/100|[from] Leech Seed|[of] p1a: Ferrothorn
|upkeep
|turn|3
|
|move|p2a: Bisharp|Swords Dance|p2a: Bisharp
|-boost|p2a: Bisharp|atk|2
|move|p1a: Ferrothorn|Knock Off|p2a: Bisharp
|-resisted|p2a: Bisharp
|-damage|p2a: Bisharp|75/100
|-enditem|p2a: Bisharp|Life Orb|[from] move: Knock Off|[of] p1a: Ferrothorn
|
|-damage|p2a: Bisharp|63/100|[from] Leech Seed|[of] p1a: Ferrothorn
|upkeep
|turn|4
|
|move|p2a: Bisharp|Swords Dance|p2a: Bisharp
|-boost|p2a: Bisharp|atk|2
|move|p1a: Ferrothorn|Gyro Ball|p2a: Bisharp
|-resisted|p2a: Bisharp
|-damage|p2a: Bisharp|30/100
|
|-damage|p2a: Bisharp|18/100|[from] Leech Seed|[of] p1a: Ferrothorn
|upkeep
|turn|5
|
|move|p2a: Bisharp|Night Slash|p1a: Ferrothorn
|-damage|p1a: Ferrothorn|36/100
|-damage|p2a: Bisharp|6/100|[from] ability: Iron Barbs|[of] p1a: Ferrothorn
|move|p1a: Ferrothorn|Gyro Ball|p2a: Bisharp
|-resisted|p2a: Bisharp
|-damage|p2a: Bisharp|0 fnt
|faint|p2a: Bisharp
|
|-heal|p1a: Ferrothorn|43/100|[from] item: Leftovers
|upkeep
|
|switch|p2a: Togekiss|Togekiss, F|100/100
|turn|6
|
|move|p2a: Togekiss|Flamethrower|p1a: Ferrothorn
|-supereffective|p1a: Ferrothorn
|-damage|p1a: Ferrothorn|0 fnt
|faint|p1a: Ferrothorn
|
|upkeep
|
|switch|p1a: Cinderace|Cinderace, F|100/100
|turn|7
|
|move|p1a: Cinderace|Pyro Ball|p2a: Togekiss
|-damage|p2a: Togekiss|33/100
|move|p2a: Togekiss|Thunder Wave|p1a: Cinderace
|-status|p1a: Cinderace|par
|
|-heal|p2a: Togekiss|39/100|[from] item: Leftovers
|upkeep
|turn|8
|
|move|p2a: Togekiss|Air Slash|p1a: Cinderace
|-damage|p1a: Cinderace|44/100 par
|move|p1a: Cinderace|Pyro Ball|p2a: Togekiss
|-damage|p2a: Togekiss|0 fnt
|faint|p2a: Togekiss
|
|upkeep
|
|switch|p2a: Dracovish|Dracovish|100/100
|turn|9
|
|move|p1a: Cinderace|Sucker Punch|p2a: Dracovish
|-damage|p2a: Dracovish|73/100
|move|p2a: Dracovish|Fishious Rend|p1a: Cinderace
|-supereffective|p1a: Cinderace
|-damage|p1a: Cinderace|0 fnt
|faint|p1a: Cinderace
|
|upkeep
|
|switch|p1a: Gastrodon|Gastrodon, F|100/100
|-activate|p1a: Gastrodon|move: Sticky Web
|-unboost|p1a: Gastrodon|spe|1
|turn|10
|
|move|p2a: Dracovish|Fishious Rend|p1a: Gastrodon
|-ability|p1a: Gastrodon|Storm Drain|boost
|-boost|p1a: Gastrodon|spa|1
|move|p1a: Gastrodon|Sludge Wave|p2a: Dracovish
|-damage|p2a: Dracovish|16/100
|
|upkeep
|turn|11
|
|switch|p2a: Dugtrio|Dugtrio, M|100/100
|move|p1a: Gastrodon|Sludge Wave|p2a: Dugtrio
|-resisted|p2a: Dugtrio
|-damage|p2a: Dugtrio|52/100
|-status|p2a: Dugtrio|psn
|
|-damage|p2a: Dugtrio|39/100 psn|[from] psn
|upkeep
|turn|12
|
|move|p2a: Dugtrio|Earthquake|p1a: Gastrodon
|-damage|p1a: Gastrodon|35/100
|move|p1a: Gastrodon|Sludge Wave|p2a: Dugtrio
|-resisted|p2a: Dugtrio
|-damage|p2a: Dugtrio|0 fnt
|faint|p2a: Dugtrio
|
|-heal|p1a: Gastrodon|41/100|[from] item: Leftovers
|upkeep
|
|switch|p2a: Galvantula|Galvantula, M|100/100
|turn|13
|
|switch|p1a: Toxtricity|Toxtricity, M|100/100
|-activate|p1a: Toxtricity|move: Sticky Web
|-unboost|p1a: Toxtricity|spe|1
|move|p2a: Galvantula|Bug Buzz|p1a: Toxtricity
|-resisted|p1a: Toxtricity
|-damage|p1a: Toxtricity|85/100
|
|upkeep
|turn|14
|
|switch|p2a: Orbeetle|Orbeetle, M|47/100
|move|p1a: Toxtricity|Shift Gear|p1a: Toxtricity
|-boost|p1a: Toxtricity|spe|2
|-boost|p1a: Toxtricity|atk|1
|
|upkeep
|turn|15
|
|move|p1a: Toxtricity|Fire Punch|p2a: Orbeetle
|-supereffective|p2a: Orbeetle
|-damage|p2a: Orbeetle|0 fnt
|faint|p2a: Orbeetle
|
|upkeep
|
|switch|p2a: Galvantula|Galvantula, M|100/100
|turn|16
|
|move|p1a: Toxtricity|Shift Gear|p1a: Toxtricity
|-boost|p1a: Toxtricity|spe|2
|-boost|p1a: Toxtricity|atk|1
|move|p2a: Galvantula|Bug Buzz|p1a: Toxtricity
|-resisted|p1a: Toxtricity
|-damage|p1a: Toxtricity|69/100
|
|upkeep
|turn|17
|-activate|p1a: Toxtricity|item: Quick Claw
|
|move|p1a: Toxtricity|Shift Gear|p1a: Toxtricity
|-boost|p1a: Toxtricity|spe|2
|-boost|p1a: Toxtricity|atk|1
|move|p2a: Galvantula|Bug Buzz|p1a: Toxtricity
|-resisted|p1a: Toxtricity
|-damage|p1a: Toxtricity|54/100
|
|upkeep
|turn|18
|-activate|p1a: Toxtricity|item: Quick Claw
|
|move|p1a: Toxtricity|Fire Punch|p2a: Galvantula
|-supereffective|p2a: Galvantula
|-damage|p2a: Galvantula|0 fnt
|faint|p2a: Galvantula
|
|upkeep
|
|switch|p2a: Dracovish|Dracovish|16/100
|turn|19
|
|move|p1a: Toxtricity|Overdrive|p2a: Dracovish
|-damage|p2a: Dracovish|0 fnt
|faint|p2a: Dracovish
|
|win|SP00NELL
|l|☆RoaringKingEngine
|raw|SP00NELL's rating: 1070 → 1099(+29 for winning)
|raw|RoaringKingEngine's rating: 1059 → 1041(-18 for losing)
|c|☆SP00NELL|gg
