|ScrapeTime|2020-01-01-02:52:30
|j|☆skeeternatus
|j|☆Bobubo
|player|p1|skeeternatus|brycenman|1098
|player|p2|Bobubo|plasmagrunt|1138
|teamsize|p1|6
|teamsize|p2|6
|gametype|singles
|gen|8
|tier|[Gen 8] OU
|rated|
|rule|Sleep Clause Mod: Limit one foe put to sleep
|rule|Species Clause: Limit one of each Pokémon
|rule|OHKO Clause: OHKO moves are banned
|rule|Evasion Moves Clause: Evasion moves are banned
|rule|Endless Battle Clause: Forcing endless battles is banned
|rule|HP Percentage Mod: HP is shown in percentages
|clearpoke
|poke|p1|Eiscue, F|
|poke|p1|Diggersby, M|
|poke|p1|Obstagoon, M|
|poke|p1|Toxtricity-Low-Key, M|
|poke|p1|Cloyster, F|
|poke|p1|Coalossal, F|
|poke|p2|Avalugg, M|
|poke|p2|Rotom-Frost|
|poke|p2|Barraskewda, M|
|poke|p2|Vanilluxe, F|
|poke|p2|Cinderace, F|
|poke|p2|Reuniclus, M|
|rule|Dynamax Clause: You cannot dynamax
|teampreview
|inactive|Battle timer is ON: inactive players will automatically lose when time's up. (requested by Bobubo)
|
|start
|switch|p1a: Cloyster|Cloyster, F|100/100
|switch|p2a: Vanilluxe|Vanilluxe, F|100/100
|-weather|Hail|[from] ability: Snow Warning|[of] p2a: Vanilluxe
|turn|1
|c|☆skeeternatus|hf
|
|move|p1a: Cloyster|Shell Smash|p1a: Cloyster
|-unboost|p1a: Cloyster|def|1
|-unboost|p1a: Cloyster|spd|1
|-boost|p1a: Cloyster|atk|2
|-boost|p1a: Cloyster|spa|2
|-boost|p1a: Cloyster|spe|2
|move|p2a: Vanilluxe|Aurora Veil|p2a: Vanilluxe
|-sidestart|p2: Bobubo|move: Aurora Veil
|
|-weather|Hail|[upkeep]
|upkeep
|turn|2
|
|move|p1a: Cloyster|Shell Smash|p1a: Cloyster
|-unboost|p1a: Cloyster|def|1
|-unboost|p1a: Cloyster|spd|1
|-boost|p1a: Cloyster|atk|2
|-boost|p1a: Cloyster|spa|2
|-boost|p1a: Cloyster|spe|2
|move|p2a: Vanilluxe|Flash Cannon|p1a: Cloyster
|-enditem|p1a: Cloyster|Focus Sash
|-damage|p1a: Cloyster|1/100
|
|-weather|Hail|[upkeep]
|upkeep
|turn|3
|
|move|p1a: Cloyster|Rock Blast|p2a: Vanilluxe
|-supereffective|p2a: Vanilluxe
|-damage|p2a: Vanilluxe|76/100
|-supereffective|p2a: Vanilluxe
|-damage|p2a: Vanilluxe|53/100
|-supereffective|p2a: Vanilluxe
|-damage|p2a: Vanilluxe|29/100
|-supereffective|p2a: Vanilluxe
|-damage|p2a: Vanilluxe|4/100
|-supereffective|p2a: Vanilluxe
|-damage|p2a: Vanilluxe|0 fnt
|-hitcount|p2a: Vanilluxe|5
|faint|p2a: Vanilluxe
|
|-weather|Hail|[upkeep]
|upkeep
|
|switch|p2a: Avalugg|Avalugg, M|100/100
|turn|4
|
|move|p1a: Cloyster|Rock Blast|p2a: Avalugg
|-supereffective|p2a: Avalugg
|-damage|p2a: Avalugg|91/100
|-supereffective|p2a: Avalugg
|-damage|p2a: Avalugg|83/100
|-supereffective|p2a: Avalugg
|-damage|p2a: Avalugg|74/100
|-supereffective|p2a: Avalugg
|-damage|p2a: Avalugg|65/100
|-supereffective|p2a: Avalugg
|-damage|p2a: Avalugg|56/100
|-hitcount|p2a: Avalugg|5
|move|p2a: Avalugg|Avalanche|p1a: Cloyster
|-resisted|p1a: Cloyster
|-damage|p1a: Cloyster|0 fnt
|faint|p1a: Cloyster
|
|-weather|Hail|[upkeep]
|-heal|p2a: Avalugg|62/100|[from] ability: Ice Body
|-heal|p2a: Avalugg|69/100|[from] item: Leftovers
|upkeep
|
|switch|p1a: Obstagoon|Obstagoon, M|100/100
|turn|5
|
|move|p1a: Obstagoon|Bulk Up|p1a: Obstagoon
|-boost|p1a: Obstagoon|atk|1
|-boost|p1a: Obstagoon|def|1
|move|p2a: Avalugg|Earthquake|p1a: Obstagoon
|-damage|p1a: Obstagoon|81/100
|
|-weather|Hail|[upkeep]
|-damage|p1a: Obstagoon|75/100|[from] Hail
|-heal|p2a: Avalugg|75/100|[from] ability: Ice Body
|-heal|p2a: Avalugg|81/100|[from] item: Leftovers
|-sideend|p2: Bobubo|move: Aurora Veil
|-status|p1a: Obstagoon|brn|[from] item: Flame Orb
|upkeep
|turn|6
|
|move|p1a: Obstagoon|Trick|p2a: Avalugg
|-activate|p1a: Obstagoon|move: Trick|[of] p2a: Avalugg
|-item|p2a: Avalugg|Flame Orb|[from] move: Trick
|-item|p1a: Obstagoon|Leftovers|[from] move: Trick
|move|p2a: Avalugg|Avalanche|p1a: Obstagoon
|-damage|p1a: Obstagoon|58/100 brn
|
|-weather|Hail|[upkeep]
|-damage|p1a: Obstagoon|52/100 brn|[from] Hail
|-heal|p2a: Avalugg|87/100|[from] ability: Ice Body
|-heal|p1a: Obstagoon|58/100 brn|[from] item: Leftovers
|-damage|p1a: Obstagoon|52/100 brn|[from] brn
|-status|p2a: Avalugg|brn|[from] item: Flame Orb
|upkeep
|turn|7
|
|move|p1a: Obstagoon|Bulk Up|p1a: Obstagoon
|-boost|p1a: Obstagoon|atk|1
|-boost|p1a: Obstagoon|def|1
|move|p2a: Avalugg|Avalanche|p1a: Obstagoon
|-damage|p1a: Obstagoon|45/100 brn
|
|-weather|Hail|[upkeep]
|-damage|p1a: Obstagoon|39/100 brn|[from] Hail
|-heal|p2a: Avalugg|93/100 brn|[from] ability: Ice Body
|-heal|p1a: Obstagoon|45/100 brn|[from] item: Leftovers
|-damage|p1a: Obstagoon|39/100 brn|[from] brn
|-damage|p2a: Avalugg|87/100 brn|[from] brn
|upkeep
|turn|8
|
|move|p1a: Obstagoon|Facade|p2a: Avalugg
|-damage|p2a: Avalugg|20/100 brn
|move|p2a: Avalugg|Earthquake|p1a: Obstagoon
|-damage|p1a: Obstagoon|32/100 brn
|
|-weather|none
|-heal|p1a: Obstagoon|38/100 brn|[from] item: Leftovers
|-damage|p1a: Obstagoon|32/100 brn|[from] brn
|-damage|p2a: Avalugg|13/100 brn|[from] brn
|upkeep
|turn|9
|
|move|p1a: Obstagoon|Facade|p2a: Avalugg
|-damage|p2a: Avalugg|0 fnt
|faint|p2a: Avalugg
|
|-heal|p1a: Obstagoon|38/100 brn|[from] item: Leftovers
|-damage|p1a: Obstagoon|32/100 brn|[from] brn
|upkeep
|
|switch|p2a: Barraskewda|Barraskewda, M|100/100
|turn|10
|
|move|p2a: Barraskewda|Drill Run|p1a: Obstagoon
|-damage|p1a: Obstagoon|17/100 brn
|move|p1a: Obstagoon|Facade|p2a: Barraskewda
|-damage|p2a: Barraskewda|0 fnt
|faint|p2a: Barraskewda
|
|-heal|p1a: Obstagoon|23/100 brn|[from] item: Leftovers
|-damage|p1a: Obstagoon|17/100 brn|[from] brn
|upkeep
|
|switch|p2a: Cinderace|Cinderace, F|100/100
|turn|11
|
|move|p2a: Cinderace|U-turn|p1a: Obstagoon
|-supereffective|p1a: Obstagoon
|-damage|p1a: Obstagoon|0 fnt
|faint|p1a: Obstagoon
|
|switch|p2a: Reuniclus|Reuniclus, M|100/100|[from]move: U-turn
|
|upkeep
|
|switch|p1a: Coalossal|Coalossal, F|100/100
|turn|12
|
|move|p2a: Reuniclus|Focus Blast|p1a: Coalossal|[miss]
|-miss|p2a: Reuniclus|p1a: Coalossal
|move|p1a: Coalossal|Tar Shot|p2a: Reuniclus
|-unboost|p2a: Reuniclus|spe|1
|-start|p2a: Reuniclus|Tar Shot
|
|upkeep
|turn|13
|
|move|p1a: Coalossal|Flare Blitz|p2a: Reuniclus
|-supereffective|p2a: Reuniclus
|-damage|p2a: Reuniclus|27/100
|-damage|p1a: Coalossal|73/100|[from] Recoil
|move|p2a: Reuniclus|Focus Blast|p1a: Coalossal|[miss]
|-miss|p2a: Reuniclus|p1a: Coalossal
|
|-heal|p2a: Reuniclus|33/100|[from] item: Leftovers
|upkeep
|turn|14
|
|move|p1a: Coalossal|Flare Blitz|p2a: Reuniclus
|-supereffective|p2a: Reuniclus
|-damage|p2a: Reuniclus|0 fnt
|-damage|p1a: Coalossal|61/100|[from] Recoil
|faint|p2a: Reuniclus
|
|upkeep
|
|switch|p2a: Cinderace|Cinderace, F|100/100
|turn|15
|
|move|p2a: Cinderace|High Jump Kick|p1a: Coalossal
|-supereffective|p1a: Coalossal
|-damage|p1a: Coalossal|7/100
|move|p1a: Coalossal|Tar Shot|p2a: Cinderace
|-unboost|p2a: Cinderace|spe|1
|-start|p2a: Cinderace|Tar Shot
|
|upkeep
|turn|16
|
|move|p2a: Cinderace|U-turn|p1a: Coalossal
|-resisted|p1a: Coalossal
|-damage|p1a: Coalossal|0 fnt
|faint|p1a: Coalossal
|
|switch|p2a: Rotom|Rotom-Frost|100/100|[from]move: U-turn
|
|upkeep
|
|switch|p1a: Toxtricity|Toxtricity-Low-Key, M|100/100
|turn|17
|
|move|p2a: Rotom|Shadow Ball|p1a: Toxtricity
|-damage|p1a: Toxtricity|60/100
|-unboost|p1a: Toxtricity|spd|1
|move|p1a: Toxtricity|Toxic|p2a: Rotom
|-status|p2a: Rotom|tox
|
|-heal|p1a: Toxtricity|66/100|[from] item: Black Sludge
|-damage|p2a: Rotom|94/100 tox|[from] psn
|upkeep
|turn|18
|
|move|p2a: Rotom|Shadow Ball|p1a: Toxtricity
|-damage|p1a: Toxtricity|8/100
|-unboost|p1a: Toxtricity|spd|1
|move|p1a: Toxtricity|Sludge Wave|p2a: Rotom
|-damage|p2a: Rotom|48/100 tox
|
|-heal|p1a: Toxtricity|15/100|[from] item: Black Sludge
|-damage|p2a: Rotom|36/100 tox|[from] psn
|upkeep
|turn|19
|
|move|p1a: Toxtricity|Protect|p1a: Toxtricity
|-singleturn|p1a: Toxtricity|Protect
|move|p2a: Rotom|Shadow Ball|p1a: Toxtricity
|-activate|p1a: Toxtricity|move: Protect
|
|-heal|p1a: Toxtricity|21/100|[from] item: Black Sludge
|-damage|p2a: Rotom|17/100 tox|[from] psn
|upkeep
|turn|20
|
|move|p1a: Toxtricity|Protect||[still]
|-fail|p1a: Toxtricity
|move|p2a: Rotom|Shadow Ball|p1a: Toxtricity
|-damage|p1a: Toxtricity|0 fnt
|faint|p1a: Toxtricity
|
|-damage|p2a: Rotom|0 fnt|[from] psn
|faint|p2a: Rotom
|upkeep
|
|switch|p2a: Cinderace|Cinderace, F|100/100
|switch|p1a: Eiscue|Eiscue, F|100/100
|turn|21
|
|move|p2a: Cinderace|High Jump Kick|p1a: Eiscue
|-activate|p1a: Eiscue|ability: Ice Face
|-damage|p1a: Eiscue|100/100
|detailschange|p1a: Eiscue|Eiscue-Noice, F
|move|p1a: Eiscue|Belly Drum|p1a: Eiscue
|-damage|p1a: Eiscue|51/100
|-setboost|p1a: Eiscue|atk|6|[from] move: Belly Drum
|
|upkeep
|turn|22
|
|move|p1a: Eiscue|Zen Headbutt|p2a: Cinderace
|-damage|p2a: Cinderace|0 fnt
|faint|p2a: Cinderace
|
|win|skeeternatus
|c|☆skeeternatus|gg
|raw|skeeternatus's rating: 1098 → 1126(+28 for winning)
|raw|Bobubo's rating: 1138 → 1110(-28 for losing)
|c|☆Bobubo|gg
|l|☆Bobubo
