|ScrapeTime|2020-01-01-01:04:54
|j|☆ChutyOFShowdown
|j|☆unfairlymutedffs
|player|p1|ChutyOFShowdown|ninjaboy|1110
|player|p2|unfairlymutedffs|170|1087
|teamsize|p1|6
|teamsize|p2|6
|gametype|singles
|gen|8
|tier|[Gen 8] OU
|rated|
|rule|Sleep Clause Mod: Limit one foe put to sleep
|rule|Species Clause: Limit one of each Pokémon
|rule|OHKO Clause: OHKO moves are banned
|rule|Evasion Moves Clause: Evasion moves are banned
|rule|Endless Battle Clause: Forcing endless battles is banned
|rule|HP Percentage Mod: HP is shown in percentages
|clearpoke
|poke|p1|Pelipper, M|
|poke|p1|Barraskewda, M|
|poke|p1|Dugtrio, F|
|poke|p1|Ferrothorn, M|
|poke|p1|Corsola-Galar, M|
|poke|p1|Toxtricity, F|
|poke|p2|Dragapult, M|
|poke|p2|Hydreigon, M|
|poke|p2|Mandibuzz, F|
|poke|p2|Cinderace, F|
|poke|p2|Togekiss, M|
|poke|p2|Dracozolt|
|rule|Dynamax Clause: You cannot dynamax
|teampreview
|inactive|Battle timer is ON: inactive players will automatically lose when time's up. (requested by unfairlymutedffs)
|inactive|ChutyOFShowdown has 120 seconds left.
|
|start
|switch|p1a: Damppy|Pelipper, M|100/100
|switch|p2a: Hydreigon|Hydreigon, M|100/100
|-weather|RainDance|[from] ability: Drizzle|[of] p1a: Damppy
|turn|1
|c|☆unfairlymutedffs|Gonna go
|
|move|p2a: Hydreigon|Dark Pulse|p1a: Damppy
|-damage|p1a: Damppy|13/100
|cant|p1a: Damppy|flinch
|
|-weather|RainDance|[upkeep]
|upkeep
|turn|2
|c|☆unfairlymutedffs|Lol
|
|move|p2a: Hydreigon|Dark Pulse|p1a: Damppy
|-damage|p1a: Damppy|0 fnt
|faint|p1a: Damppy
|
|-weather|RainDance|[upkeep]
|upkeep
|
|switch|p1a: Priority Sucks|Barraskewda, M|100/100
|turn|3
|
|switch|p2a: Mandibuzz|Mandibuzz, F|100/100
|move|p1a: Priority Sucks|Close Combat|p2a: Mandibuzz
|-damage|p2a: Mandibuzz|66/100
|-damage|p1a: Priority Sucks|84/100|[from] item: Rocky Helmet|[of] p2a: Mandibuzz
|-unboost|p1a: Priority Sucks|def|1
|-unboost|p1a: Priority Sucks|spd|1
|-damage|p1a: Priority Sucks|74/100|[from] item: Life Orb
|
|-weather|RainDance|[upkeep]
|upkeep
|turn|4
|
|move|p1a: Priority Sucks|Liquidation|p2a: Mandibuzz
|-damage|p2a: Mandibuzz|11/100
|-damage|p1a: Priority Sucks|58/100|[from] item: Rocky Helmet|[of] p2a: Mandibuzz
|-damage|p1a: Priority Sucks|48/100|[from] item: Life Orb
|move|p2a: Mandibuzz|Roost|p2a: Mandibuzz
|-heal|p2a: Mandibuzz|61/100
|-singleturn|p2a: Mandibuzz|move: Roost
|
|-weather|RainDance|[upkeep]
|upkeep
|turn|5
|
|move|p1a: Priority Sucks|Liquidation|p2a: Mandibuzz
|-damage|p2a: Mandibuzz|9/100
|-damage|p1a: Priority Sucks|32/100|[from] item: Rocky Helmet|[of] p2a: Mandibuzz
|-unboost|p2a: Mandibuzz|def|1
|-damage|p1a: Priority Sucks|22/100|[from] item: Life Orb
|move|p2a: Mandibuzz|Roost|p2a: Mandibuzz
|-heal|p2a: Mandibuzz|59/100
|-singleturn|p2a: Mandibuzz|move: Roost
|
|-weather|RainDance|[upkeep]
|upkeep
|turn|6
|
|move|p1a: Priority Sucks|Liquidation|p2a: Mandibuzz
|-damage|p2a: Mandibuzz|0 fnt
|-damage|p1a: Priority Sucks|5/100|[from] item: Rocky Helmet|[of] p2a: Mandibuzz
|-damage|p1a: Priority Sucks|0 fnt|[from] item: Life Orb
|faint|p2a: Mandibuzz
|faint|p1a: Priority Sucks
|
|-weather|RainDance|[upkeep]
|upkeep
|c|☆unfairlymutedffs|Fair trade to me
|c|☆unfairlymutedffs|:D
|inactive|unfairlymutedffs has 120 seconds left.
|
|switch|p1a: ElectriumPatronus|Toxtricity, F|100/100
|switch|p2a: Dragapult|Dragapult, M|100/100
|turn|7
|inactive|unfairlymutedffs has 120 seconds left.
|
|move|p2a: Dragapult|Dragon Darts|p1a: ElectriumPatronus
|-damage|p1a: ElectriumPatronus|40/100
|-damage|p1a: ElectriumPatronus|0 fnt
|-hitcount|p1a: ElectriumPatronus|2
|faint|p1a: ElectriumPatronus
|
|-weather|RainDance|[upkeep]
|upkeep
|
|switch|p1a: ToxtricitySucks|Dugtrio, F, shiny|100/100
|turn|8
|
|switch|p2a: Dracozolt|Dracozolt|100/100
|move|p1a: ToxtricitySucks|Sucker Punch||[still]
|-fail|p1a: ToxtricitySucks
|
|-weather|none
|upkeep
|turn|9
|
|move|p2a: Dracozolt|Earthquake|p1a: ToxtricitySucks
|-enditem|p1a: ToxtricitySucks|Focus Sash
|-damage|p1a: ToxtricitySucks|1/100
|move|p1a: ToxtricitySucks|Earthquake|p2a: Dracozolt
|-supereffective|p2a: Dracozolt
|-crit|p2a: Dracozolt
|-damage|p2a: Dracozolt|0 fnt
|faint|p2a: Dracozolt
|
|upkeep
|
|switch|p2a: Dragapult|Dragapult, M|100/100
|turn|10
|
|move|p2a: Dragapult|Sucker Punch|p1a: ToxtricitySucks
|-damage|p1a: ToxtricitySucks|0 fnt
|faint|p1a: ToxtricitySucks
|
|upkeep
|
|switch|p1a: S.A.D. X(|Corsola-Galar, M|100/100
|turn|11
|
|switch|p2a: Togekiss|Togekiss, M|100/100
|move|p1a: S.A.D. X(|Will-O-Wisp|p2a: Togekiss
|-status|p2a: Togekiss|brn
|
|-damage|p2a: Togekiss|94/100 brn|[from] brn
|upkeep
|turn|12
|inactive|unfairlymutedffs has 120 seconds left.
|
|move|p2a: Togekiss|Thunder Wave|p1a: S.A.D. X(
|-status|p1a: S.A.D. X(|par
|move|p1a: S.A.D. X(|Stealth Rock|p2a: Togekiss
|-sidestart|p2: unfairlymutedffs|move: Stealth Rock
|
|-damage|p2a: Togekiss|88/100 brn|[from] brn
|upkeep
|turn|13
|
|move|p2a: Togekiss|Nasty Plot|p2a: Togekiss
|-boost|p2a: Togekiss|spa|2
|move|p1a: S.A.D. X(|Night Shade|p2a: Togekiss
|-damage|p2a: Togekiss|56/100 brn
|
|-damage|p2a: Togekiss|50/100 brn|[from] brn
|upkeep
|turn|14
|
|move|p2a: Togekiss|Wish|p2a: Togekiss
|move|p1a: S.A.D. X(|Will-O-Wisp|p2a: Togekiss|[miss]
|-miss|p1a: S.A.D. X(|p2a: Togekiss
|
|-damage|p2a: Togekiss|44/100 brn|[from] brn
|upkeep
|turn|15
|
|move|p2a: Togekiss|Air Slash|p1a: S.A.D. X(|[miss]
|-miss|p2a: Togekiss|p1a: S.A.D. X(
|cant|p1a: S.A.D. X(|par
|
|-heal|p2a: Togekiss|94/100 brn|[from] move: Wish|[wisher] Togekiss
|-damage|p2a: Togekiss|88/100 brn|[from] brn
|upkeep
|turn|16
|c|☆unfairlymutedffs|Kk
|
|move|p2a: Togekiss|Wish|p2a: Togekiss
|move|p1a: S.A.D. X(|Night Shade|p2a: Togekiss
|-damage|p2a: Togekiss|55/100 brn
|
|-damage|p2a: Togekiss|49/100 brn|[from] brn
|upkeep
|turn|17
|
|move|p2a: Togekiss|Air Slash|p1a: S.A.D. X(
|-damage|p1a: S.A.D. X(|30/100 par
|-damage|p2a: Togekiss|39/100 brn|[from] item: Life Orb
|cant|p1a: S.A.D. X(|par
|
|-heal|p2a: Togekiss|89/100 brn|[from] move: Wish|[wisher] Togekiss
|-damage|p2a: Togekiss|83/100 brn|[from] brn
|upkeep
|turn|18
|
|switch|p1a: Free Hugs|Ferrothorn, M|100/100
|move|p2a: Togekiss|Air Slash|p1a: Free Hugs
|-damage|p1a: Free Hugs|23/100
|-damage|p2a: Togekiss|73/100 brn|[from] item: Life Orb
|
|-heal|p1a: Free Hugs|29/100|[from] item: Leftovers
|-damage|p2a: Togekiss|67/100 brn|[from] brn
|upkeep
|turn|19
|c|☆unfairlymutedffs|Gf
|
|move|p2a: Togekiss|Air Slash|p1a: Free Hugs
|-damage|p1a: Free Hugs|0 fnt
|-damage|p2a: Togekiss|57/100 brn|[from] item: Life Orb
|faint|p1a: Free Hugs
|
|-damage|p2a: Togekiss|51/100 brn|[from] brn
|upkeep
|
|switch|p1a: S.A.D. X(|Corsola-Galar, M|30/100 par
|turn|20
|
|move|p2a: Togekiss|Air Slash|p1a: S.A.D. X(
|-damage|p1a: S.A.D. X(|0 fnt
|-damage|p2a: Togekiss|41/100 brn|[from] item: Life Orb
|faint|p1a: S.A.D. X(
|
|win|unfairlymutedffs
