|ScrapeTime|2020-01-01-01:54:57
|j|☆TheFrogGod
|j|☆Yelling Loudly
|player|p1|TheFrogGod|dragontamer|1010
|player|p2|Yelling Loudly|swimmer-gen4dp|1000
|teamsize|p1|6
|teamsize|p2|6
|gametype|singles
|gen|8
|tier|[Gen 8] OU
|rated|
|rule|Sleep Clause Mod: Limit one foe put to sleep
|rule|Species Clause: Limit one of each Pokémon
|rule|OHKO Clause: OHKO moves are banned
|rule|Evasion Moves Clause: Evasion moves are banned
|rule|Endless Battle Clause: Forcing endless battles is banned
|rule|HP Percentage Mod: HP is shown in percentages
|clearpoke
|poke|p1|Flygon, M|
|poke|p1|Noivern, F|
|poke|p1|Turtonator, F|
|poke|p1|Dragapult, M|
|poke|p1|Hydreigon, F|
|poke|p1|Appletun, M|
|poke|p2|Ferrothorn, F|
|poke|p2|Toxapex, F|
|poke|p2|Excadrill, M|
|poke|p2|Bronzong|
|poke|p2|Mandibuzz, F|
|poke|p2|Hatterene, F|
|rule|Dynamax Clause: You cannot dynamax
|teampreview
|c|☆TheFrogGod|hi
|c|☆TheFrogGod|dragon time
|inactive|Battle timer is ON: inactive players will automatically lose when time's up. (requested by TheFrogGod)
|c|☆Yelling Loudly|your reverance, i didnt realize it was you
|
|start
|switch|p1a: Just A Apple|Appletun, M, shiny|100/100
|switch|p2a: Bronzong|Bronzong|100/100
|turn|1
|c|☆TheFrogGod|mabey
|
|switch|p2a: Hatterene|Hatterene, F|100/100
|move|p1a: Just A Apple|Light Screen|p1a: Just A Apple
|-sidestart|p1: TheFrogGod|move: Light Screen
|
|upkeep
|turn|2
|
|move|p1a: Just A Apple|Dragon Pulse|p2a: Hatterene
|-immune|p2a: Hatterene
|move|p2a: Hatterene|Mystical Fire|p1a: Just A Apple
|-damage|p1a: Just A Apple|92/100
|-unboost|p1a: Just A Apple|spa|1
|-damage|p2a: Hatterene|91/100|[from] item: Life Orb
|
|-heal|p1a: Just A Apple|98/100|[from] item: Leftovers
|upkeep
|turn|3
|
|move|p1a: Just A Apple|Energy Ball|p2a: Hatterene
|-damage|p2a: Hatterene|67/100
|-unboost|p2a: Hatterene|spd|1
|move|p2a: Hatterene|Dazzling Gleam|p1a: Just A Apple
|-supereffective|p1a: Just A Apple
|-damage|p1a: Just A Apple|38/100
|-damage|p2a: Hatterene|57/100|[from] item: Life Orb
|
|-heal|p1a: Just A Apple|44/100|[from] item: Leftovers
|upkeep
|turn|4
|
|move|p1a: Just A Apple|Recover|p1a: Just A Apple
|-heal|p1a: Just A Apple|94/100
|move|p2a: Hatterene|Dazzling Gleam|p1a: Just A Apple
|-supereffective|p1a: Just A Apple
|-damage|p1a: Just A Apple|37/100
|-damage|p2a: Hatterene|48/100|[from] item: Life Orb
|
|-heal|p1a: Just A Apple|43/100|[from] item: Leftovers
|upkeep
|turn|5
|
|switch|p2a: Ferrothorn|Ferrothorn, F|100/100
|move|p1a: Just A Apple|Recover|p1a: Just A Apple
|-heal|p1a: Just A Apple|93/100
|
|-heal|p1a: Just A Apple|99/100|[from] item: Leftovers
|-sideend|p1: TheFrogGod|move: Light Screen
|upkeep
|turn|6
|
|move|p1a: Just A Apple|Light Screen|p1a: Just A Apple
|-sidestart|p1: TheFrogGod|move: Light Screen
|move|p2a: Ferrothorn|Spikes|p1a: Just A Apple
|-sidestart|p1: TheFrogGod|Spikes
|
|-heal|p1a: Just A Apple|100/100|[from] item: Leftovers
|upkeep
|turn|7
|
|switch|p1a: Trap|Turtonator, F, shiny|100/100
|-damage|p1a: Trap|88/100|[from] Spikes
|switch|p2a: Mandibuzz|Mandibuzz, F|100/100
|
|-heal|p1a: Trap|94/100|[from] item: Leftovers
|upkeep
|turn|8
|
|-singleturn|p1a: Trap|move: Shell Trap
|move|p2a: Mandibuzz|Knock Off|p1a: Trap
|-damage|p1a: Trap|75/100
|-enditem|p1a: Trap|Leftovers|[from] move: Knock Off|[of] p2a: Mandibuzz
|move|p1a: Trap|Shell Trap|p2a: Mandibuzz|[from]Shell Trap
|-damage|p2a: Mandibuzz|56/100
|
|upkeep
|turn|9
|
|move|p2a: Mandibuzz|Toxic|p1a: Trap|[miss]
|-miss|p2a: Mandibuzz|p1a: Trap
|move|p1a: Trap|Dragon Pulse|p2a: Mandibuzz
|-crit|p2a: Mandibuzz
|-damage|p2a: Mandibuzz|19/100
|
|upkeep
|turn|10
|
|switch|p2a: Toxapex|Toxapex, F|100/100
|move|p1a: Trap|Dragon Pulse|p2a: Toxapex
|-damage|p2a: Toxapex|80/100
|
|-heal|p2a: Toxapex|87/100|[from] item: Black Sludge
|-sideend|p1: TheFrogGod|move: Light Screen
|upkeep
|turn|11
|
|move|p1a: Trap|Explosion|p2a: Toxapex
|-damage|p2a: Toxapex|48/100
|faint|p1a: Trap
|move|p2a: Toxapex|Scald|p1: Trap|[notarget]
|-fail|p2a: Toxapex
|
|-heal|p2a: Toxapex|54/100|[from] item: Black Sludge
|upkeep
|
|switch|p1a: Just A Apple|Appletun, M, shiny|100/100
|-damage|p1a: Just A Apple|88/100|[from] Spikes
|turn|12
|c|☆Yelling Loudly|exquisite
|
|move|p1a: Just A Apple|Energy Ball|p2a: Toxapex
|-crit|p2a: Toxapex
|-damage|p2a: Toxapex|22/100
|move|p2a: Toxapex|Recover|p2a: Toxapex
|-heal|p2a: Toxapex|72/100
|
|-heal|p1a: Just A Apple|94/100|[from] item: Leftovers
|-heal|p2a: Toxapex|78/100|[from] item: Black Sludge
|upkeep
|turn|13
|
|switch|p2a: Ferrothorn|Ferrothorn, F|100/100
|move|p1a: Just A Apple|Light Screen|p1a: Just A Apple
|-sidestart|p1: TheFrogGod|move: Light Screen
|
|-heal|p1a: Just A Apple|100/100|[from] item: Leftovers
|upkeep
|turn|14
|
|switch|p1a: Echo|Noivern, F, shiny|100/100
|-item|p2a: Ferrothorn|Leftovers|[from] ability: Frisk|[of] p1a: Echo|[identify]
|move|p2a: Ferrothorn|Gyro Ball|p1a: Echo
|-damage|p1a: Echo|44/100
|
|upkeep
|turn|15
|
|switch|p2a: Toxapex|Toxapex, F|100/100
|move|p1a: Echo|Roost|p1a: Echo
|-heal|p1a: Echo|94/100
|-singleturn|p1a: Echo|move: Roost
|
|upkeep
|turn|16
|
|move|p1a: Echo|Boomburst|p2a: Toxapex
|-damage|p2a: Toxapex|79/100
|move|p2a: Toxapex|Toxic Spikes|p1a: Echo
|-sidestart|p1: TheFrogGod|move: Toxic Spikes
|
|-heal|p2a: Toxapex|86/100|[from] item: Black Sludge
|upkeep
|turn|17
|
|move|p1a: Echo|Acrobatics|p2a: Toxapex
|-damage|p2a: Toxapex|60/100
|move|p2a: Toxapex|Toxic Spikes|p1a: Echo
|-sidestart|p1: TheFrogGod|move: Toxic Spikes
|
|-heal|p2a: Toxapex|66/100|[from] item: Black Sludge
|-sideend|p1: TheFrogGod|move: Light Screen
|upkeep
|turn|18
|
|move|p2a: Toxapex|Baneful Bunker|p2a: Toxapex
|-singleturn|p2a: Toxapex|move: Protect
|move|p1a: Echo|Dragon Rush|p2a: Toxapex
|-activate|p2a: Toxapex|move: Protect
|-status|p1a: Echo|psn
|
|-heal|p2a: Toxapex|72/100|[from] item: Black Sludge
|-damage|p1a: Echo|81/100 psn|[from] psn
|upkeep
|turn|19
|
|move|p1a: Echo|Dragon Rush|p2a: Toxapex
|-damage|p2a: Toxapex|51/100
|move|p2a: Toxapex|Recover|p2a: Toxapex
|-heal|p2a: Toxapex|100/100
|
|-damage|p1a: Echo|69/100 psn|[from] psn
|upkeep
|turn|20
|
|move|p1a: Echo|Dragon Rush|p2a: Toxapex|[miss]
|-miss|p1a: Echo|p2a: Toxapex
|move|p2a: Toxapex|Scald|p1a: Echo
|-resisted|p1a: Echo
|-damage|p1a: Echo|60/100 psn
|
|-damage|p1a: Echo|48/100 psn|[from] psn
|upkeep
|turn|21
|
|switch|p1a: Buzzy Boi|Flygon, M, shiny|100/100
|move|p2a: Toxapex|Scald|p1a: Buzzy Boi
|-damage|p1a: Buzzy Boi|80/100
|
|-heal|p1a: Buzzy Boi|86/100|[from] item: Leftovers
|upkeep
|turn|22
|
|move|p2a: Toxapex|Baneful Bunker|p2a: Toxapex
|-singleturn|p2a: Toxapex|move: Protect
|move|p1a: Buzzy Boi|Earthquake|p2a: Toxapex
|-activate|p2a: Toxapex|move: Protect
|
|-heal|p1a: Buzzy Boi|92/100|[from] item: Leftovers
|upkeep
|turn|23
|
|switch|p2a: Mandibuzz|Mandibuzz, F|19/100
|move|p1a: Buzzy Boi|Earthquake|p2a: Mandibuzz
|-immune|p2a: Mandibuzz
|
|-heal|p1a: Buzzy Boi|98/100|[from] item: Leftovers
|upkeep
|turn|24
|
|move|p1a: Buzzy Boi|Draco Meteor|p2a: Mandibuzz
|-damage|p2a: Mandibuzz|0 fnt
|-unboost|p1a: Buzzy Boi|spa|2
|faint|p2a: Mandibuzz
|
|-heal|p1a: Buzzy Boi|100/100|[from] item: Leftovers
|upkeep
|
|switch|p2a: Bronzong|Bronzong|100/100
|turn|25
|
|move|p1a: Buzzy Boi|Earthquake|p2a: Bronzong
|-immune|p2a: Bronzong|[from] ability: Levitate
|move|p2a: Bronzong|Stealth Rock|p1a: Buzzy Boi
|-sidestart|p1: TheFrogGod|move: Stealth Rock
|
|upkeep
|turn|26
|
|move|p1a: Buzzy Boi|Draco Meteor|p2a: Bronzong|[miss]
|-miss|p1a: Buzzy Boi|p2a: Bronzong
|move|p2a: Bronzong|Psychic|p1a: Buzzy Boi
|-damage|p1a: Buzzy Boi|70/100
|-unboost|p1a: Buzzy Boi|spd|1
|
|-heal|p1a: Buzzy Boi|76/100|[from] item: Leftovers
|upkeep
|turn|27
|
|move|p1a: Buzzy Boi|Rest|p1a: Buzzy Boi
|-status|p1a: Buzzy Boi|slp|[from] move: Rest
|-heal|p1a: Buzzy Boi|100/100 slp|[silent]
|move|p2a: Bronzong|Flash Cannon|p1a: Buzzy Boi
|-damage|p1a: Buzzy Boi|59/100 slp
|
|-heal|p1a: Buzzy Boi|66/100 slp|[from] item: Leftovers
|upkeep
|turn|28
|
|cant|p1a: Buzzy Boi|slp
|move|p1a: Buzzy Boi|Snore|p2a: Bronzong
|-resisted|p2a: Bronzong
|-damage|p2a: Bronzong|99/100
|move|p2a: Bronzong|Flash Cannon|p1a: Buzzy Boi
|-damage|p1a: Buzzy Boi|21/100 slp
|
|-heal|p1a: Buzzy Boi|27/100 slp|[from] item: Leftovers
|upkeep
|turn|29
|
|cant|p1a: Buzzy Boi|slp
|move|p2a: Bronzong|Flash Cannon|p1a: Buzzy Boi
|-damage|p1a: Buzzy Boi|0 fnt
|faint|p1a: Buzzy Boi
|
|upkeep
|
|switch|p1a: Slimeball|Dragapult, M, shiny|100/100
|-damage|p1a: Slimeball|88/100|[from] Stealth Rock
|-status|p1a: Slimeball|tox
|-damage|p1a: Slimeball|76/100 tox|[from] Spikes
|turn|30
|
|switch|p2a: Toxapex|Toxapex, F|100/100
|move|p1a: Slimeball|Hex|p2a: Toxapex
|-damage|p2a: Toxapex|85/100
|
|-heal|p2a: Toxapex|91/100|[from] item: Black Sludge
|-damage|p1a: Slimeball|70/100 tox|[from] psn
|upkeep
|turn|31
|
|move|p1a: Slimeball|Dragon Dance|p1a: Slimeball
|-boost|p1a: Slimeball|atk|1
|-boost|p1a: Slimeball|spe|1
|move|p2a: Toxapex|Recover|p2a: Toxapex
|-heal|p2a: Toxapex|100/100
|
|-damage|p1a: Slimeball|57/100 tox|[from] psn
|upkeep
|turn|32
|
|move|p1a: Slimeball|Dragon Dance|p1a: Slimeball
|-boost|p1a: Slimeball|atk|1
|-boost|p1a: Slimeball|spe|1
|move|p2a: Toxapex|Scald|p1a: Slimeball
|-resisted|p1a: Slimeball
|-damage|p1a: Slimeball|47/100 tox
|
|-damage|p1a: Slimeball|28/100 tox|[from] psn
|upkeep
|turn|33
|
|move|p2a: Toxapex|Baneful Bunker|p2a: Toxapex
|-singleturn|p2a: Toxapex|move: Protect
|move|p1a: Slimeball|Dragon Darts|p2a: Toxapex
|-activate|p2a: Toxapex|move: Protect
|
|-damage|p1a: Slimeball|3/100 tox|[from] psn
|upkeep
|turn|34
|
|switch|p2a: Hatterene|Hatterene, F|48/100
|move|p1a: Slimeball|Dragon Darts|p2a: Hatterene
|-immune|p2a: Hatterene
|
|-damage|p1a: Slimeball|0 fnt|[from] psn
|faint|p1a: Slimeball
|upkeep
|
|switch|p1a: Just A Apple|Appletun, M, shiny|100/100
|-damage|p1a: Just A Apple|88/100|[from] Stealth Rock
|-status|p1a: Just A Apple|tox
|-damage|p1a: Just A Apple|76/100 tox|[from] Spikes
|turn|35
|c|☆Yelling Loudly|your benevolence is only marred by your grace
|c|☆Yelling Loudly|you truly our my only God
|
|move|p1a: Just A Apple|Light Screen|p1a: Just A Apple
|-sidestart|p1: TheFrogGod|move: Light Screen
|move|p2a: Hatterene|Dazzling Gleam|p1a: Just A Apple
|-supereffective|p1a: Just A Apple
|-damage|p1a: Just A Apple|15/100 tox
|-damage|p2a: Hatterene|38/100|[from] item: Life Orb
|
|-heal|p1a: Just A Apple|22/100 tox|[from] item: Leftovers
|-damage|p1a: Just A Apple|15/100 tox|[from] psn
|upkeep
|turn|36
|
|switch|p2a: Ferrothorn|Ferrothorn, F|100/100
|move|p1a: Just A Apple|Recover|p1a: Just A Apple
|-heal|p1a: Just A Apple|65/100 tox
|
|-heal|p1a: Just A Apple|72/100 tox|[from] item: Leftovers
|-damage|p1a: Just A Apple|59/100 tox|[from] psn
|upkeep
|turn|37
|
|move|p1a: Just A Apple|Dragon Pulse|p2a: Ferrothorn
|-resisted|p2a: Ferrothorn
|-damage|p2a: Ferrothorn|87/100
|move|p2a: Ferrothorn|Leech Seed|p1a: Just A Apple
|-immune|p1a: Just A Apple
|
|-heal|p1a: Just A Apple|65/100 tox|[from] item: Leftovers
|-heal|p2a: Ferrothorn|93/100|[from] item: Leftovers
|-damage|p1a: Just A Apple|47/100 tox|[from] psn
|upkeep
|turn|38
|
|move|p1a: Just A Apple|Recover|p1a: Just A Apple
|-heal|p1a: Just A Apple|97/100 tox
|move|p2a: Ferrothorn|Leech Seed|p1a: Just A Apple
|-immune|p1a: Just A Apple
|
|-heal|p1a: Just A Apple|100/100 tox|[from] item: Leftovers
|-heal|p2a: Ferrothorn|99/100|[from] item: Leftovers
|-damage|p1a: Just A Apple|76/100 tox|[from] psn
|upkeep
|turn|39
|
|switch|p1a: Puppet|Hydreigon, F, shiny|100/100
|-damage|p1a: Puppet|88/100|[from] Stealth Rock
|move|p2a: Ferrothorn|Leech Seed|p1a: Puppet
|-start|p1a: Puppet|move: Leech Seed
|
|-heal|p1a: Puppet|94/100|[from] item: Leftovers
|-heal|p2a: Ferrothorn|100/100|[from] item: Leftovers
|-damage|p1a: Puppet|82/100|[from] Leech Seed|[of] p2a: Ferrothorn
|-sideend|p1: TheFrogGod|move: Light Screen
|upkeep
|turn|40
|
|move|p2a: Ferrothorn|Protect|p2a: Ferrothorn
|-singleturn|p2a: Ferrothorn|Protect
|move|p1a: Puppet|Dragon Dance|p1a: Puppet
|-boost|p1a: Puppet|atk|1
|-boost|p1a: Puppet|spe|1
|
|-heal|p1a: Puppet|88/100|[from] item: Leftovers
|-damage|p1a: Puppet|75/100|[from] Leech Seed|[of] p2a: Ferrothorn
|upkeep
|turn|41
|
|switch|p2a: Bronzong|Bronzong|99/100
|move|p1a: Puppet|Dragon Dance|p1a: Puppet
|-boost|p1a: Puppet|atk|1
|-boost|p1a: Puppet|spe|1
|
|-heal|p1a: Puppet|81/100|[from] item: Leftovers
|-damage|p1a: Puppet|69/100|[from] Leech Seed|[of] p2a: Bronzong
|-heal|p2a: Bronzong|100/100|[silent]
|upkeep
|turn|42
|
|move|p1a: Puppet|Dark Pulse|p2a: Bronzong
|-supereffective|p2a: Bronzong
|-damage|p2a: Bronzong|50/100
|move|p2a: Bronzong|Flash Cannon|p1a: Puppet
|-damage|p1a: Puppet|43/100
|
|-heal|p1a: Puppet|49/100|[from] item: Leftovers
|-damage|p1a: Puppet|37/100|[from] Leech Seed|[of] p2a: Bronzong
|-heal|p2a: Bronzong|63/100|[silent]
|upkeep
|turn|43
|
|move|p1a: Puppet|Dark Pulse|p2a: Bronzong
|-supereffective|p2a: Bronzong
|-damage|p2a: Bronzong|8/100
|move|p2a: Bronzong|Flash Cannon|p1a: Puppet
|-damage|p1a: Puppet|11/100
|
|-heal|p1a: Puppet|17/100|[from] item: Leftovers
|-damage|p1a: Puppet|5/100|[from] Leech Seed|[of] p2a: Bronzong
|-heal|p2a: Bronzong|21/100|[silent]
|upkeep
|turn|44
|inactive|Yelling Loudly has 120 seconds left.
|c|☆Yelling Loudly|really tho you do understand dark pulse doesnt get a boost from Dragon Dance, right?
|
|move|p1a: Puppet|Dark Pulse|p2a: Bronzong
|-supereffective|p2a: Bronzong
|-damage|p2a: Bronzong|0 fnt
|faint|p2a: Bronzong
|
|-heal|p1a: Puppet|11/100|[from] item: Leftovers
|upkeep
|
|switch|p2a: Ferrothorn|Ferrothorn, F|100/100
|turn|45
|l|☆TheFrogGod
|inactive|TheFrogGod disconnected and has a minute to reconnect!
|player|p1|
|c|☆Yelling Loudly|no
|c|☆Yelling Loudly|the almighty has forsaken us
|c|☆Yelling Loudly|my god
|inactive|TheFrogGod has 30 seconds to reconnect!
|inactive|Yelling Loudly has 90 seconds left.
|inactive|TheFrogGod has 20 seconds to reconnect!
|inactive|TheFrogGod has 15 seconds to reconnect!
|c|☆Yelling Loudly|what hath I done to deserve your scorn
|inactive|TheFrogGod has 10 seconds to reconnect!
|c|☆Yelling Loudly|i worship
|inactive|TheFrogGod has 5 seconds to reconnect!
|c|☆Yelling Loudly|i pray
|inactive|Yelling Loudly has 60 seconds left.
|-message|TheFrogGod lost due to inactivity.
|
|win|Yelling Loudly
|c|☆Yelling Loudly|i love
|raw|TheFrogGod's rating: 1010 → 1000(-10 for losing)
|raw|Yelling Loudly's rating: 1045 → 1075(+30 for winning)
|c|☆Yelling Loudly|good bye, my god
|c|☆Yelling Loudly|maybe in my next life
|c|☆Yelling Loudly|i will truly love you again
