|ScrapeTime|2020-01-01-01:48:52
|j|☆Irongraf
|j|☆Delinquent 力 112
|player|p1|Irongraf|lucas|1156
|player|p2|Delinquent 力 112|red|1213
|teamsize|p1|6
|teamsize|p2|6
|gametype|singles
|gen|8
|tier|[Gen 8] OU
|rated|
|rule|Sleep Clause Mod: Limit one foe put to sleep
|rule|Species Clause: Limit one of each Pokémon
|rule|OHKO Clause: OHKO moves are banned
|rule|Evasion Moves Clause: Evasion moves are banned
|rule|Endless Battle Clause: Forcing endless battles is banned
|rule|HP Percentage Mod: HP is shown in percentages
|clearpoke
|poke|p1|Dragapult, M|
|poke|p1|Rotom-Heat|
|poke|p1|Ferrothorn, F|
|poke|p1|Hawlucha, F|
|poke|p1|Mamoswine, M|
|poke|p1|Dracovish|
|poke|p2|Mamoswine, M|
|poke|p2|Aegislash, M|
|poke|p2|Chandelure, M|
|poke|p2|Hydreigon, M|
|poke|p2|Seismitoad, F|
|poke|p2|Mr. Rime, F|
|rule|Dynamax Clause: You cannot dynamax
|teampreview
|inactive|Battle timer is ON: inactive players will automatically lose when time's up. (requested by Irongraf)
|
|start
|switch|p1a: Ferrothorn|Ferrothorn, F|100/100
|switch|p2a: Chandelure|Chandelure, M, shiny|100/100
|turn|1
|
|switch|p1a: Dracovish|Dracovish|100/100
|move|p2a: Chandelure|Fire Blast|p1a: Dracovish|[miss]
|-miss|p2a: Chandelure|p1a: Dracovish
|
|upkeep
|turn|2
|
|switch|p2a: Seismitoad|Seismitoad, F, shiny|100/100
|move|p1a: Dracovish|Crunch|p2a: Seismitoad
|-damage|p2a: Seismitoad|73/100
|
|-heal|p2a: Seismitoad|79/100|[from] item: Leftovers
|upkeep
|turn|3
|
|switch|p1a: Dragapult|Dragapult, M|100/100
|move|p2a: Seismitoad|Stealth Rock|p1a: Dragapult
|-sidestart|p1: Irongraf|move: Stealth Rock
|
|-heal|p2a: Seismitoad|86/100|[from] item: Leftovers
|upkeep
|turn|4
|
|move|p1a: Dragapult|Shadow Ball|p2a: Seismitoad
|-damage|p2a: Seismitoad|43/100
|move|p2a: Seismitoad|Toxic|p1a: Dragapult
|-status|p1a: Dragapult|tox
|
|-heal|p2a: Seismitoad|49/100|[from] item: Leftovers
|-damage|p1a: Dragapult|95/100 tox|[from] psn
|upkeep
|turn|5
|
|move|p2a: Seismitoad|Protect|p2a: Seismitoad
|-singleturn|p2a: Seismitoad|Protect
|move|p1a: Dragapult|Shadow Ball|p2a: Seismitoad
|-activate|p2a: Seismitoad|move: Protect
|
|-heal|p2a: Seismitoad|55/100|[from] item: Leftovers
|-damage|p1a: Dragapult|83/100 tox|[from] psn
|upkeep
|turn|6
|
|move|p1a: Dragapult|Shadow Ball|p2a: Seismitoad
|-damage|p2a: Seismitoad|13/100
|-unboost|p2a: Seismitoad|spd|1
|move|p2a: Seismitoad|Earthquake|p1a: Dragapult
|-damage|p1a: Dragapult|40/100 tox
|
|-heal|p2a: Seismitoad|19/100|[from] item: Leftovers
|-damage|p1a: Dragapult|22/100 tox|[from] psn
|upkeep
|turn|7
|
|move|p2a: Seismitoad|Protect|p2a: Seismitoad
|-singleturn|p2a: Seismitoad|Protect
|move|p1a: Dragapult|Shadow Ball|p2a: Seismitoad
|-activate|p2a: Seismitoad|move: Protect
|
|-heal|p2a: Seismitoad|25/100|[from] item: Leftovers
|-damage|p1a: Dragapult|0 fnt|[from] psn
|faint|p1a: Dragapult
|upkeep
|
|switch|p1a: Mamoswine|Mamoswine, M|100/100
|-damage|p1a: Mamoswine|88/100|[from] Stealth Rock
|turn|8
|
|move|p1a: Mamoswine|Icicle Crash|p2a: Seismitoad
|-damage|p2a: Seismitoad|0 fnt
|faint|p2a: Seismitoad
|
|upkeep
|
|switch|p2a: Mamoswine|Mamoswine, M|100/100
|turn|9
|
|move|p1a: Mamoswine|Stealth Rock|p2a: Mamoswine
|-sidestart|p2: Delinquent 力 112|move: Stealth Rock
|move|p2a: Mamoswine|Earthquake|p1a: Mamoswine
|-damage|p1a: Mamoswine|27/100
|
|upkeep
|turn|10
|
|move|p1a: Mamoswine|Icicle Crash|p2a: Mamoswine
|-damage|p2a: Mamoswine|80/100
|move|p2a: Mamoswine|Earthquake|p1a: Mamoswine
|-damage|p1a: Mamoswine|0 fnt
|faint|p1a: Mamoswine
|
|upkeep
|
|switch|p1a: Dracovish|Dracovish|100/100
|-damage|p1a: Dracovish|88/100|[from] Stealth Rock
|turn|11
|
|move|p2a: Mamoswine|Ice Shard|p1a: Dracovish
|-damage|p1a: Dracovish|64/100
|move|p1a: Dracovish|Fishious Rend|p2a: Mamoswine
|-supereffective|p2a: Mamoswine
|-damage|p2a: Mamoswine|0 fnt
|faint|p2a: Mamoswine
|
|upkeep
|
|switch|p2a: Mr. Rime|Mr. Rime, F|100/100
|-damage|p2a: Mr. Rime|76/100|[from] Stealth Rock
|turn|12
|
|move|p1a: Dracovish|Fishious Rend|p2a: Mr. Rime
|-damage|p2a: Mr. Rime|0 fnt
|faint|p2a: Mr. Rime
|
|upkeep
|
|switch|p2a: Aegislash|Aegislash, M, shiny|100/100
|-damage|p2a: Aegislash|94/100|[from] Stealth Rock
|turn|13
|
|switch|p1a: Rotom|Rotom-Heat|100/100
|-damage|p1a: Rotom|76/100|[from] Stealth Rock
|-formechange|p2a: Aegislash|Aegislash-Blade||[from] ability: Stance Change
|move|p2a: Aegislash|Iron Head|p1a: Rotom
|-resisted|p1a: Rotom
|-damage|p1a: Rotom|52/100
|
|-heal|p1a: Rotom|58/100|[from] item: Leftovers
|upkeep
|turn|14
|
|switch|p2a: Chandelure|Chandelure, M, shiny|100/100
|-damage|p2a: Chandelure|76/100|[from] Stealth Rock
|move|p1a: Rotom|Will-O-Wisp|p2a: Chandelure
|-start|p2a: Chandelure|ability: Flash Fire
|
|-heal|p1a: Rotom|64/100|[from] item: Leftovers
|upkeep
|turn|15
|
|switch|p1a: Hawlucha|Hawlucha, F|100/100
|-damage|p1a: Hawlucha|88/100|[from] Stealth Rock
|move|p2a: Chandelure|Shadow Ball|p1a: Hawlucha
|-damage|p1a: Hawlucha|15/100
|-enditem|p1a: Hawlucha|Iapapa Berry|[eat]
|-heal|p1a: Hawlucha|48/100|[from] item: Iapapa Berry
|
|upkeep
|turn|16
|
|move|p1a: Hawlucha|Brave Bird|p2a: Chandelure
|-damage|p2a: Chandelure|0 fnt
|-damage|p1a: Hawlucha|26/100|[from] Recoil
|faint|p2a: Chandelure
|
|upkeep
|
|switch|p2a: Aegislash|Aegislash, M, shiny|94/100
|-damage|p2a: Aegislash|88/100|[from] Stealth Rock
|turn|17
|
|-formechange|p2a: Aegislash|Aegislash-Blade||[from] ability: Stance Change
|move|p2a: Aegislash|Shadow Sneak|p1a: Hawlucha
|-damage|p1a: Hawlucha|0 fnt
|faint|p1a: Hawlucha
|
|upkeep
|
|switch|p1a: Rotom|Rotom-Heat|64/100
|-damage|p1a: Rotom|39/100|[from] Stealth Rock
|turn|18
|
|move|p2a: Aegislash|Shadow Sneak|p1a: Rotom
|-damage|p1a: Rotom|0 fnt
|faint|p1a: Rotom
|
|upkeep
|
|switch|p1a: Dracovish|Dracovish|64/100
|-damage|p1a: Dracovish|52/100|[from] Stealth Rock
|turn|19
|
|switch|p1a: Ferrothorn|Ferrothorn, F|100/100
|-damage|p1a: Ferrothorn|94/100|[from] Stealth Rock
|move|p2a: Aegislash|Shadow Sneak|p1a: Ferrothorn
|-damage|p1a: Ferrothorn|74/100
|-damage|p2a: Aegislash|76/100|[from] ability: Iron Barbs|[of] p1a: Ferrothorn
|
|-heal|p1a: Ferrothorn|80/100|[from] item: Leftovers
|upkeep
|turn|20
|
|switch|p2a: Hydreigon|Hydreigon, M|100/100
|-damage|p2a: Hydreigon|88/100|[from] Stealth Rock
|move|p1a: Ferrothorn|Leech Seed|p2a: Hydreigon
|-start|p2a: Hydreigon|move: Leech Seed
|
|-heal|p1a: Ferrothorn|86/100|[from] item: Leftovers
|-damage|p2a: Hydreigon|76/100|[from] Leech Seed|[of] p1a: Ferrothorn
|-heal|p1a: Ferrothorn|98/100|[silent]
|upkeep
|turn|21
|
|move|p2a: Hydreigon|Nasty Plot|p2a: Hydreigon
|-boost|p2a: Hydreigon|spa|2
|move|p1a: Ferrothorn|Gyro Ball|p2a: Hydreigon
|-damage|p2a: Hydreigon|19/100
|
|-heal|p1a: Ferrothorn|100/100|[from] item: Leftovers
|-damage|p2a: Hydreigon|7/100|[from] Leech Seed|[of] p1a: Ferrothorn
|upkeep
|turn|22
|
|move|p1a: Ferrothorn|Protect|p1a: Ferrothorn
|-singleturn|p1a: Ferrothorn|Protect
|move|p2a: Hydreigon|Fire Blast|p1a: Ferrothorn
|-activate|p1a: Ferrothorn|move: Protect
|
|-damage|p2a: Hydreigon|0 fnt|[from] Leech Seed|[of] p1a: Ferrothorn
|faint|p2a: Hydreigon
|upkeep
|
|switch|p2a: Aegislash|Aegislash, M, shiny|76/100
|-damage|p2a: Aegislash|70/100|[from] Stealth Rock
|turn|23
|-message|Delinquent 力 112 forfeited.
|
|win|Irongraf
|l|☆Delinquent 力 112
|raw|Irongraf's rating: 1156 → 1185(+29 for winning)
|raw|Delinquent 力 112's rating: 1213 → 1184(-29 for losing)
