|ScrapeTime|2020-01-01-02:24:38
|j|☆minggongzero
|j|☆am I kawaii uguu~
|player|p1|minggongzero|169|1355
|player|p2|am I kawaii uguu~|1|1376
|teamsize|p1|6
|teamsize|p2|6
|gametype|singles
|gen|8
|tier|[Gen 8] OU
|rated|
|rule|Sleep Clause Mod: Limit one foe put to sleep
|rule|Species Clause: Limit one of each Pokémon
|rule|OHKO Clause: OHKO moves are banned
|rule|Evasion Moves Clause: Evasion moves are banned
|rule|Endless Battle Clause: Forcing endless battles is banned
|rule|HP Percentage Mod: HP is shown in percentages
|clearpoke
|poke|p1|Pelipper, M|
|poke|p1|Bisharp, F|
|poke|p1|Ludicolo, M|
|poke|p1|Dracovish|
|poke|p1|Seismitoad, F|
|poke|p1|Frosmoth, M|
|poke|p2|Seismitoad, F|
|poke|p2|Corviknight, M|
|poke|p2|Dracovish|
|poke|p2|Aegislash, M|
|poke|p2|Hatterene, F|
|poke|p2|Hydreigon, M|
|rule|Dynamax Clause: You cannot dynamax
|teampreview
|
|start
|switch|p1a: Pelipper|Pelipper, M|100/100
|switch|p2a: Seismitoad|Seismitoad, F|100/100
|-weather|RainDance|[from] ability: Drizzle|[of] p1a: Pelipper
|turn|1
|
|move|p2a: Seismitoad|Stealth Rock|p1a: Pelipper
|-sidestart|p1: minggongzero|move: Stealth Rock
|move|p1a: Pelipper|U-turn|p2a: Seismitoad
|-damage|p2a: Seismitoad|94/100
|l|☆am I kawaii uguu~
|player|p2|
|
|switch|p1a: Ludicolo|Ludicolo, M|100/100|[from]move: U-turn
|-damage|p1a: Ludicolo|88/100|[from] Stealth Rock
|
|-weather|RainDance|[upkeep]
|-heal|p2a: Seismitoad|99/100|[from] item: Leftovers
|upkeep
|turn|2
|j|☆am I kawaii uguu~
|player|p2|am I kawaii uguu~|1
|
|switch|p2a: Hydreigon|Hydreigon, M|100/100
|move|p1a: Ludicolo|Giga Drain|p2a: Hydreigon
|-resisted|p2a: Hydreigon
|-damage|p2a: Hydreigon|75/100
|-heal|p1a: Ludicolo|100/100|[from] drain|[of] p2a: Hydreigon
|-damage|p1a: Ludicolo|91/100|[from] item: Life Orb
|
|-weather|RainDance|[upkeep]
|-heal|p2a: Hydreigon|81/100|[from] item: Leftovers
|upkeep
|turn|3
|
|move|p1a: Ludicolo|Ice Beam|p2a: Hydreigon
|-supereffective|p2a: Hydreigon
|-damage|p2a: Hydreigon|0 fnt
|-damage|p1a: Ludicolo|81/100|[from] item: Life Orb
|faint|p2a: Hydreigon
|
|-weather|RainDance|[upkeep]
|upkeep
|
|switch|p2a: Hatterene|Hatterene, F|100/100
|turn|4
|
|move|p1a: Ludicolo|Knock Off|p2a: Hatterene
|-damage|p2a: Hatterene|79/100
|-enditem|p2a: Hatterene|Leftovers|[from] move: Knock Off|[of] p1a: Ludicolo
|-damage|p1a: Ludicolo|71/100|[from] item: Life Orb
|move|p2a: Hatterene|Trick Room|p2a: Hatterene
|-fieldstart|move: Trick Room|[of] p2a: Hatterene
|
|-weather|RainDance|[upkeep]
|upkeep
|turn|5
|
|switch|p1a: Seismitoad|Seismitoad, F|100/100
|-damage|p1a: Seismitoad|94/100|[from] Stealth Rock
|move|p2a: Hatterene|Dazzling Gleam|p1a: Seismitoad
|-damage|p1a: Seismitoad|43/100
|
|-weather|RainDance|[upkeep]
|-heal|p1a: Seismitoad|49/100|[from] item: Leftovers
|upkeep
|turn|6
|
|switch|p1a: Frosmoth|Frosmoth, M|100/100
|move|p2a: Hatterene|Psychic|p1a: Frosmoth
|-damage|p1a: Frosmoth|66/100
|
|-weather|RainDance|[upkeep]
|upkeep
|turn|7
|
|move|p2a: Hatterene|Psychic|p1a: Frosmoth
|-damage|p1a: Frosmoth|29/100
|move|p1a: Frosmoth|Quiver Dance|p1a: Frosmoth
|-boost|p1a: Frosmoth|spa|1
|-boost|p1a: Frosmoth|spd|1
|-boost|p1a: Frosmoth|spe|1
|
|-weather|RainDance|[upkeep]
|upkeep
|turn|8
|inactive|Battle timer is ON: inactive players will automatically lose when time's up. (requested by am I kawaii uguu~)
|
|move|p2a: Hatterene|Psychic|p1a: Frosmoth
|-damage|p1a: Frosmoth|3/100
|move|p1a: Frosmoth|Quiver Dance|p1a: Frosmoth
|-boost|p1a: Frosmoth|spa|1
|-boost|p1a: Frosmoth|spd|1
|-boost|p1a: Frosmoth|spe|1
|
|-weather|none
|-fieldend|move: Trick Room
|upkeep
|turn|9
|
|move|p1a: Frosmoth|Bug Buzz|p2a: Hatterene
|-damage|p2a: Hatterene|0 fnt
|faint|p2a: Hatterene
|
|upkeep
|
|switch|p2a: Aegislash|Aegislash, M|100/100
|turn|10
|
|-formechange|p2a: Aegislash|Aegislash-Blade||[from] ability: Stance Change
|move|p2a: Aegislash|Shadow Sneak|p1a: Frosmoth
|-damage|p1a: Frosmoth|0 fnt
|faint|p1a: Frosmoth
|
|upkeep
|
|switch|p1a: Bisharp|Bisharp, F|100/100
|-damage|p1a: Bisharp|95/100|[from] Stealth Rock
|turn|11
|l|☆am I kawaii uguu~
|inactive|am I kawaii uguu~ disconnected and has a minute to reconnect!
|player|p2|
|j|☆am I kawaii uguu~
|inactive|am I kawaii uguu~ reconnected and has 140 seconds left.
|player|p2|am I kawaii uguu~|1
|inactive|minggongzero has 120 seconds left.
|
|move|p1a: Bisharp|Throat Chop|p2a: Aegislash
|-supereffective|p2a: Aegislash
|-damage|p2a: Aegislash|0 fnt
|faint|p2a: Aegislash
|
|upkeep
|
|switch|p2a: Seismitoad|Seismitoad, F|99/100
|turn|12
|
|switch|p1a: Seismitoad|Seismitoad, F|49/100
|-damage|p1a: Seismitoad|43/100|[from] Stealth Rock
|move|p2a: Seismitoad|Earthquake|p1a: Seismitoad
|-damage|p1a: Seismitoad|20/100
|
|-heal|p2a: Seismitoad|100/100|[from] item: Leftovers
|-heal|p1a: Seismitoad|26/100|[from] item: Leftovers
|upkeep
|turn|13
|
|move|p2a: Seismitoad|Toxic|p1a: Seismitoad
|-status|p1a: Seismitoad|tox
|move|p1a: Seismitoad|Toxic|p2a: Seismitoad|[miss]
|-miss|p1a: Seismitoad|p2a: Seismitoad
|
|-heal|p1a: Seismitoad|32/100 tox|[from] item: Leftovers
|-damage|p1a: Seismitoad|26/100 tox|[from] psn
|upkeep
|turn|14
|
|switch|p2a: Corviknight|Corviknight, M|100/100
|move|p1a: Seismitoad|Stealth Rock|p2a: Corviknight
|-sidestart|p2: am I kawaii uguu~|move: Stealth Rock
|
|-heal|p1a: Seismitoad|32/100 tox|[from] item: Leftovers
|-damage|p1a: Seismitoad|20/100 tox|[from] psn
|upkeep
|turn|15
|
|move|p2a: Corviknight|Substitute|p2a: Corviknight
|-start|p2a: Corviknight|Substitute
|-damage|p2a: Corviknight|75/100
|move|p1a: Seismitoad|Scald|p2a: Corviknight
|-activate|p2a: Corviknight|move: Substitute|[damage]
|
|-heal|p2a: Corviknight|82/100|[from] item: Leftovers
|-heal|p1a: Seismitoad|26/100 tox|[from] item: Leftovers
|-damage|p1a: Seismitoad|8/100 tox|[from] psn
|upkeep
|turn|16
|
|move|p2a: Corviknight|Bulk Up|p2a: Corviknight
|-boost|p2a: Corviknight|atk|1
|-boost|p2a: Corviknight|def|1
|move|p1a: Seismitoad|Scald|p2a: Corviknight
|-end|p2a: Corviknight|Substitute
|
|-heal|p2a: Corviknight|88/100|[from] item: Leftovers
|-heal|p1a: Seismitoad|14/100 tox|[from] item: Leftovers
|-damage|p1a: Seismitoad|0 fnt|[from] psn
|faint|p1a: Seismitoad
|upkeep
|
|switch|p1a: Pelipper|Pelipper, M|100/100
|-damage|p1a: Pelipper|75/100|[from] Stealth Rock
|-weather|RainDance|[from] ability: Drizzle|[of] p1a: Pelipper
|turn|17
|
|move|p2a: Corviknight|Brave Bird|p1a: Pelipper
|-damage|p1a: Pelipper|31/100
|-damage|p2a: Corviknight|76/100|[from] Recoil
|move|p1a: Pelipper|Scald|p2a: Corviknight
|-damage|p2a: Corviknight|46/100
|
|-weather|RainDance|[upkeep]
|-heal|p2a: Corviknight|52/100|[from] item: Leftovers
|upkeep
|turn|18
|l|☆am I kawaii uguu~
|inactive|am I kawaii uguu~ disconnected and has a minute to reconnect!
|player|p2|
|
|move|p2a: Corviknight|Brave Bird|p1a: Pelipper
|-damage|p1a: Pelipper|0 fnt
|-damage|p2a: Corviknight|44/100|[from] Recoil
|faint|p1a: Pelipper
|
|-weather|RainDance|[upkeep]
|-heal|p2a: Corviknight|50/100|[from] item: Leftovers
|upkeep
|j|☆am I kawaii uguu~
|inactive|am I kawaii uguu~ reconnected.
|player|p2|am I kawaii uguu~|1
|inactive|minggongzero has 120 seconds left.
|
|switch|p1a: Ludicolo|Ludicolo, M|71/100
|-damage|p1a: Ludicolo|58/100|[from] Stealth Rock
|turn|19
|
|switch|p2a: Seismitoad|Seismitoad, F|100/100
|-damage|p2a: Seismitoad|94/100|[from] Stealth Rock
|move|p1a: Ludicolo|Hydro Pump|p2a: Seismitoad
|-heal|p2a: Seismitoad|100/100|[from] ability: Water Absorb|[of] p1a: Ludicolo
|
|-weather|RainDance|[upkeep]
|upkeep
|turn|20
|
|switch|p2a: Dracovish|Dracovish|100/100
|-damage|p2a: Dracovish|88/100|[from] Stealth Rock
|move|p1a: Ludicolo|Giga Drain|p2a: Dracovish
|-damage|p2a: Dracovish|34/100
|-heal|p1a: Ludicolo|88/100|[from] drain|[of] p2a: Dracovish
|-damage|p1a: Ludicolo|78/100|[from] item: Life Orb
|
|-weather|RainDance|[upkeep]
|upkeep
|turn|21
|
|move|p1a: Ludicolo|Giga Drain|p2a: Dracovish
|-damage|p2a: Dracovish|0 fnt
|-heal|p1a: Ludicolo|95/100|[from] drain|[of] p2a: Dracovish
|-damage|p1a: Ludicolo|85/100|[from] item: Life Orb
|faint|p2a: Dracovish
|
|-weather|RainDance|[upkeep]
|upkeep
|
|switch|p2a: Seismitoad|Seismitoad, F|100/100
|-damage|p2a: Seismitoad|94/100|[from] Stealth Rock
|turn|22
|
|move|p1a: Ludicolo|Giga Drain|p2a: Seismitoad
|-supereffective|p2a: Seismitoad
|-damage|p2a: Seismitoad|0 fnt
|-heal|p1a: Ludicolo|100/100|[from] drain|[of] p2a: Seismitoad
|-damage|p1a: Ludicolo|91/100|[from] item: Life Orb
|faint|p2a: Seismitoad
|
|-weather|RainDance|[upkeep]
|upkeep
|
|switch|p2a: Corviknight|Corviknight, M|50/100
|-damage|p2a: Corviknight|38/100|[from] Stealth Rock
|turn|23
|
|move|p1a: Ludicolo|Hydro Pump|p2a: Corviknight
|-damage|p2a: Corviknight|0 fnt
|-damage|p1a: Ludicolo|81/100|[from] item: Life Orb
|faint|p2a: Corviknight
|
|win|minggongzero
|raw|minggongzero's rating: 1355 → 1376(+21 for winning)
|raw|am I kawaii uguu~'s rating: 1376 → 1355(-21 for losing)
|l|☆am I kawaii uguu~
