|ScrapeTime|2020-01-01-02:46:31
|j|☆bassindustries
|j|☆snowydabeast27
|player|p1|bassindustries|richboy-gen4|1364
|player|p2|snowydabeast27|burglar|1360
|teamsize|p1|6
|teamsize|p2|6
|gametype|singles
|gen|8
|tier|[Gen 8] OU
|rated|
|rule|Sleep Clause Mod: Limit one foe put to sleep
|rule|Species Clause: Limit one of each Pokémon
|rule|OHKO Clause: OHKO moves are banned
|rule|Evasion Moves Clause: Evasion moves are banned
|rule|Endless Battle Clause: Forcing endless battles is banned
|rule|HP Percentage Mod: HP is shown in percentages
|clearpoke
|poke|p1|Eldegoss, M|
|poke|p1|Toxapex, F|
|poke|p1|Rotom-Heat|
|poke|p1|Hippowdon, F|
|poke|p1|Ferrothorn, M|
|poke|p1|Dracovish|
|poke|p2|Toxtricity, M|
|poke|p2|Chandelure, F|
|poke|p2|Roserade, F|
|poke|p2|Corviknight, M|
|poke|p2|Dragapult, M|
|poke|p2|Lucario, M|
|rule|Dynamax Clause: You cannot dynamax
|teampreview
|j| IDESPISEWHITES
|
|start
|switch|p1a: Ferrothorn|Ferrothorn, M|100/100
|switch|p2a: cumsack|Roserade, F, shiny|100/100
|turn|1
|
|switch|p2a: no.|Chandelure, F, shiny|100/100
|move|p1a: Ferrothorn|Stealth Rock|p2a: no.
|-sidestart|p2: snowydabeast27|move: Stealth Rock
|
|upkeep
|turn|2
|
|switch|p1a: Rotom|Rotom-Heat|100/100
|move|p2a: no.|Shadow Ball|p1a: Rotom
|-damage|p1a: Rotom|63/100
|
|upkeep
|turn|3
|
|move|p2a: no.|Shadow Ball|p1a: Rotom
|-damage|p1a: Rotom|24/100
|move|p1a: Rotom|Dark Pulse|p2a: no.
|-supereffective|p2a: no.
|-damage|p2a: no.|32/100
|
|upkeep
|turn|4
|
|switch|p1a: Eldegoss|Eldegoss, M|100/100
|move|p2a: no.|Shadow Ball|p1a: Eldegoss
|-damage|p1a: Eldegoss|72/100
|
|upkeep
|turn|5
|
|switch|p2a: cocknight|Corviknight, M, shiny|100/100
|-damage|p2a: cocknight|88/100|[from] Stealth Rock
|move|p1a: Eldegoss|Leech Seed|p2a: cocknight
|-start|p2a: cocknight|move: Leech Seed
|
|-heal|p2a: cocknight|94/100|[from] item: Leftovers
|-damage|p2a: cocknight|82/100|[from] Leech Seed|[of] p1a: Eldegoss
|-heal|p1a: Eldegoss|87/100|[silent]
|upkeep
|turn|6
|inactive|Battle timer is ON: inactive players will automatically lose when time's up. (requested by snowydabeast27)
|
|switch|p1a: Rotom|Rotom-Heat|24/100
|move|p2a: cocknight|Defog|p1a: Rotom
|-unboost|p1a: Rotom|evasion|1
|-sideend|p2: snowydabeast27|Stealth Rock|[from] move: Defog|[of] p2a: cocknight
|
|-heal|p2a: cocknight|88/100|[from] item: Leftovers
|-damage|p2a: cocknight|75/100|[from] Leech Seed|[of] p1a: Rotom
|-heal|p1a: Rotom|44/100|[silent]
|upkeep
|turn|7
|
|switch|p2a: cockpull|Dragapult, M, shiny|100/100
|move|p1a: Rotom|Volt Switch|p2a: cockpull
|-resisted|p2a: cockpull
|-damage|p2a: cockpull|81/100
|
|switch|p1a: Hippowdon|Hippowdon, F|100/100|[from]move: Volt Switch
|-weather|Sandstorm|[from] ability: Sand Stream|[of] p1a: Hippowdon
|
|-weather|Sandstorm|[upkeep]
|-damage|p2a: cockpull|75/100|[from] Sandstorm
|upkeep
|turn|8
|
|move|p2a: cockpull|U-turn|p1a: Hippowdon
|-damage|p1a: Hippowdon|81/100
|
|switch|p2a: cumsack|Roserade, F, shiny|100/100|[from]move: U-turn
|move|p1a: Hippowdon|Earthquake|p2a: cumsack
|-damage|p2a: cumsack|28/100
|
|-weather|Sandstorm|[upkeep]
|-damage|p2a: cumsack|22/100|[from] Sandstorm
|-heal|p2a: cumsack|28/100|[from] item: Black Sludge
|-heal|p1a: Hippowdon|87/100|[from] item: Leftovers
|upkeep
|turn|9
|
|switch|p1a: Ferrothorn|Ferrothorn, M|100/100
|move|p2a: cumsack|Giga Drain|p1a: Ferrothorn
|-resisted|p1a: Ferrothorn
|-damage|p1a: Ferrothorn|92/100
|-heal|p2a: cumsack|33/100|[from] drain|[of] p1a: Ferrothorn
|
|-weather|Sandstorm|[upkeep]
|-damage|p2a: cumsack|27/100|[from] Sandstorm
|-heal|p2a: cumsack|33/100|[from] item: Black Sludge
|-heal|p1a: Ferrothorn|99/100|[from] item: Leftovers
|upkeep
|turn|10
|c| IDESPISEWHITES|YOU ARE THE BIGGEST "CHILD" I have ever seen in my entire life. How dare you run a FERRA, TOX, DRACO, AND ELDA on the same team. You are a fucking baby. You are a child. Low elo ass bitch ass boy. Go nut in your nut suck after you hold this L. You are nothing, you worthless cracker, demon.
|inactive|bassindustries has 120 seconds left.
|c|☆bassindustries|jesus man
|
|switch|p2a: cocknight|Corviknight, M, shiny|75/100
|move|p1a: Ferrothorn|Stealth Rock|p2a: cocknight
|-sidestart|p2: snowydabeast27|move: Stealth Rock
|
|-weather|Sandstorm|[upkeep]
|-heal|p2a: cocknight|82/100|[from] item: Leftovers
|-heal|p1a: Ferrothorn|100/100|[from] item: Leftovers
|upkeep
|turn|11
|
|move|p2a: cocknight|Defog|p1a: Ferrothorn
|-unboost|p1a: Ferrothorn|evasion|1
|-sideend|p2: snowydabeast27|Stealth Rock|[from] move: Defog|[of] p2a: cocknight
|move|p1a: Ferrothorn|Leech Seed|p2a: cocknight|[miss]
|-miss|p1a: Ferrothorn|p2a: cocknight
|
|-weather|none
|-heal|p2a: cocknight|88/100|[from] item: Leftovers
|upkeep
|turn|12
|
|switch|p2a: no.|Chandelure, F, shiny|32/100
|move|p1a: Ferrothorn|Leech Seed|p2a: no.
|-start|p2a: no.|move: Leech Seed
|
|-damage|p2a: no.|20/100|[from] Leech Seed|[of] p1a: Ferrothorn
|upkeep
|turn|13
|inactive|bassindustries has 90 seconds left.
|l| IDESPISEWHITES
|
|switch|p1a: Rotom|Rotom-Heat|44/100
|move|p2a: no.|Fire Blast|p1a: Rotom
|-resisted|p1a: Rotom
|-damage|p1a: Rotom|19/100
|
|-damage|p2a: no.|8/100|[from] Leech Seed|[of] p1a: Rotom
|-heal|p1a: Rotom|32/100|[silent]
|upkeep
|turn|14
|j| IDESPISEWHITES
|inactive|bassindustries has 90 seconds left.
|inactive|snowydabeast27 has 120 seconds left.
|
|switch|p2a: cockpull|Dragapult, M, shiny|75/100
|move|p1a: Rotom|Volt Switch|p2a: cockpull
|-resisted|p2a: cockpull
|-damage|p2a: cockpull|53/100
|inactive|bassindustries has 90 seconds left.
|
|switch|p1a: Hippowdon|Hippowdon, F|87/100|[from]move: Volt Switch
|-weather|Sandstorm|[from] ability: Sand Stream|[of] p1a: Hippowdon
|
|-weather|Sandstorm|[upkeep]
|-damage|p2a: cockpull|47/100|[from] Sandstorm
|-heal|p1a: Hippowdon|93/100|[from] item: Leftovers
|upkeep
|turn|15
|
|move|p2a: cockpull|U-turn|p1a: Hippowdon
|-damage|p1a: Hippowdon|74/100
|
|switch|p2a: cocknight|Corviknight, M, shiny|88/100|[from]move: U-turn
|move|p1a: Hippowdon|Stealth Rock|p2a: cocknight
|-sidestart|p2: snowydabeast27|move: Stealth Rock
|
|-weather|Sandstorm|[upkeep]
|-heal|p2a: cocknight|94/100|[from] item: Leftovers
|-heal|p1a: Hippowdon|80/100|[from] item: Leftovers
|upkeep
|turn|16
|
|move|p2a: cocknight|Bulk Up|p2a: cocknight
|-boost|p2a: cocknight|atk|1
|-boost|p2a: cocknight|def|1
|move|p1a: Hippowdon|Roar|p2a: cocknight
|drag|p2a: cumsack|Roserade, F, shiny|33/100
|-damage|p2a: cumsack|21/100|[from] Stealth Rock
|
|-weather|Sandstorm|[upkeep]
|-damage|p2a: cumsack|15/100|[from] Sandstorm
|-heal|p2a: cumsack|21/100|[from] item: Black Sludge
|-heal|p1a: Hippowdon|86/100|[from] item: Leftovers
|upkeep
|turn|17
|
|switch|p1a: Ferrothorn|Ferrothorn, M|100/100
|move|p2a: cumsack|Shadow Ball|p1a: Ferrothorn
|-damage|p1a: Ferrothorn|75/100
|
|-weather|Sandstorm|[upkeep]
|-damage|p2a: cumsack|15/100|[from] Sandstorm
|-heal|p2a: cumsack|21/100|[from] item: Black Sludge
|-heal|p1a: Ferrothorn|82/100|[from] item: Leftovers
|upkeep
|turn|18
|
|move|p2a: cumsack|Shadow Ball|p1a: Ferrothorn
|-damage|p1a: Ferrothorn|60/100
|move|p1a: Ferrothorn|Spikes|p2a: cumsack
|-sidestart|p2: snowydabeast27|Spikes
|
|-weather|none
|-heal|p2a: cumsack|27/100|[from] item: Black Sludge
|-heal|p1a: Ferrothorn|66/100|[from] item: Leftovers
|upkeep
|turn|19
|
|move|p2a: cumsack|Substitute|p2a: cumsack
|-start|p2a: cumsack|Substitute
|-damage|p2a: cumsack|2/100
|move|p1a: Ferrothorn|Gyro Ball|p2a: cumsack
|-end|p2a: cumsack|Substitute
|
|-heal|p2a: cumsack|9/100|[from] item: Black Sludge
|-heal|p1a: Ferrothorn|72/100|[from] item: Leftovers
|upkeep
|turn|20
|
|move|p2a: cumsack|Shadow Ball|p1a: Ferrothorn
|-damage|p1a: Ferrothorn|49/100
|-unboost|p1a: Ferrothorn|spd|1
|move|p1a: Ferrothorn|Gyro Ball|p2a: cumsack
|-damage|p2a: cumsack|0 fnt
|faint|p2a: cumsack
|
|-heal|p1a: Ferrothorn|56/100|[from] item: Leftovers
|upkeep
|
|switch|p2a: bruh|Lucario, M, shiny|100/100
|-damage|p2a: bruh|98/100|[from] Stealth Rock
|-damage|p2a: bruh|85/100|[from] Spikes
|turn|21
|inactive|bassindustries has 90 seconds left.
|
|switch|p1a: Toxapex|Toxapex, F|100/100
|move|p2a: bruh|Earthquake|p1a: Toxapex
|-supereffective|p1a: Toxapex
|-damage|p1a: Toxapex|50/100
|-damage|p2a: bruh|75/100|[from] item: Life Orb
|
|-heal|p1a: Toxapex|56/100|[from] item: Black Sludge
|upkeep
|turn|22
|
|switch|p1a: Hippowdon|Hippowdon, F|86/100
|-weather|Sandstorm|[from] ability: Sand Stream|[of] p1a: Hippowdon
|move|p2a: bruh|Earthquake|p1a: Hippowdon
|-damage|p1a: Hippowdon|63/100
|-damage|p2a: bruh|65/100|[from] item: Life Orb
|
|-weather|Sandstorm|[upkeep]
|-heal|p1a: Hippowdon|69/100|[from] item: Leftovers
|upkeep
|turn|23
|
|move|p2a: bruh|High Jump Kick|p1a: Hippowdon
|-damage|p1a: Hippowdon|26/100
|-damage|p2a: bruh|55/100|[from] item: Life Orb
|move|p1a: Hippowdon|Slack Off|p1a: Hippowdon
|-heal|p1a: Hippowdon|76/100
|
|-weather|Sandstorm|[upkeep]
|-heal|p1a: Hippowdon|82/100|[from] item: Leftovers
|upkeep
|turn|24
|
|switch|p2a: cocknight|Corviknight, M, shiny|94/100
|-damage|p2a: cocknight|82/100|[from] Stealth Rock
|move|p1a: Hippowdon|Earthquake|p2a: cocknight
|-immune|p2a: cocknight
|
|-weather|Sandstorm|[upkeep]
|-heal|p2a: cocknight|88/100|[from] item: Leftovers
|-heal|p1a: Hippowdon|89/100|[from] item: Leftovers
|upkeep
|turn|25
|inactive|bassindustries has 90 seconds left.
|
|move|p2a: cocknight|Defog|p1a: Hippowdon
|-unboost|p1a: Hippowdon|evasion|1
|-sideend|p2: snowydabeast27|Spikes|[from] move: Defog|[of] p2a: cocknight
|-sideend|p2: snowydabeast27|Stealth Rock|[from] move: Defog|[of] p2a: cocknight
|move|p1a: Hippowdon|Stealth Rock|p2a: cocknight
|-sidestart|p2: snowydabeast27|move: Stealth Rock
|
|-weather|Sandstorm|[upkeep]
|-heal|p2a: cocknight|94/100|[from] item: Leftovers
|-heal|p1a: Hippowdon|95/100|[from] item: Leftovers
|upkeep
|turn|26
|
|switch|p1a: Dracovish|Dracovish|100/100
|move|p2a: cocknight|Defog|p1a: Dracovish
|-unboost|p1a: Dracovish|evasion|1
|-sideend|p2: snowydabeast27|Stealth Rock|[from] move: Defog|[of] p2a: cocknight
|
|-weather|none
|-heal|p2a: cocknight|100/100|[from] item: Leftovers
|upkeep
|turn|27
|
|move|p1a: Dracovish|Fishious Rend|p2a: cocknight
|-damage|p2a: cocknight|14/100
|move|p2a: cocknight|Brave Bird|p1a: Dracovish
|-crit|p1a: Dracovish
|-damage|p1a: Dracovish|41/100
|-damage|p2a: cocknight|0 fnt|[from] Recoil
|faint|p2a: cocknight
|
|upkeep
|
|switch|p2a: cockpull|Dragapult, M, shiny|47/100
|turn|28
|
|switch|p1a: Hippowdon|Hippowdon, F|95/100
|-weather|Sandstorm|[from] ability: Sand Stream|[of] p1a: Hippowdon
|move|p2a: cockpull|Dragon Claw|p1a: Hippowdon
|-damage|p1a: Hippowdon|62/100
|
|-weather|Sandstorm|[upkeep]
|-damage|p2a: cockpull|41/100|[from] Sandstorm
|-heal|p1a: Hippowdon|68/100|[from] item: Leftovers
|upkeep
|turn|29
|inactive|bassindustries has 90 seconds left.
|
|move|p2a: cockpull|Dragon Claw|p1a: Hippowdon
|-damage|p1a: Hippowdon|35/100
|move|p1a: Hippowdon|Stealth Rock|p2a: cockpull
|-sidestart|p2: snowydabeast27|move: Stealth Rock
|
|-weather|Sandstorm|[upkeep]
|-damage|p2a: cockpull|35/100|[from] Sandstorm
|-heal|p1a: Hippowdon|41/100|[from] item: Leftovers
|upkeep
|turn|30
|inactive|bassindustries has 90 seconds left.
|
|move|p2a: cockpull|Dragon Claw|p1a: Hippowdon
|-damage|p1a: Hippowdon|12/100
|move|p1a: Hippowdon|Slack Off|p1a: Hippowdon
|-heal|p1a: Hippowdon|62/100
|
|-weather|Sandstorm|[upkeep]
|-damage|p2a: cockpull|29/100|[from] Sandstorm
|-heal|p1a: Hippowdon|69/100|[from] item: Leftovers
|upkeep
|turn|31
|-message|snowydabeast27 forfeited.
|
|win|bassindustries
|l|☆snowydabeast27
|raw|bassindustries's rating: 1364 → 1384(+20 for winning)
|raw|snowydabeast27's rating: 1360 → 1341(-19 for losing)
