|ScrapeTime|2020-01-01-00:04:48
|j|☆Eipic
|j|☆aidddsj
|player|p1|Eipic|byron|1267
|player|p2|aidddsj|teammagmagruntf-gen3|1223
|teamsize|p1|6
|teamsize|p2|6
|gametype|singles
|gen|8
|tier|[Gen 8] OU
|rated|
|rule|Sleep Clause Mod: Limit one foe put to sleep
|rule|Species Clause: Limit one of each Pokémon
|rule|OHKO Clause: OHKO moves are banned
|rule|Evasion Moves Clause: Evasion moves are banned
|rule|Endless Battle Clause: Forcing endless battles is banned
|rule|HP Percentage Mod: HP is shown in percentages
|clearpoke
|poke|p1|Sigilyph, F|
|poke|p1|Dracozolt|
|poke|p1|Seismitoad, F|
|poke|p1|Corviknight, M|
|poke|p1|Rotom-Heat|
|poke|p1|Togekiss, F|
|poke|p2|Rapidash-Galar, M|
|poke|p2|Hydreigon, M|
|poke|p2|Corviknight, F|
|poke|p2|Mamoswine, M|
|poke|p2|Vaporeon, M|
|poke|p2|Rotom-Heat|
|rule|Dynamax Clause: You cannot dynamax
|teampreview
|c|☆aidddsj|academy friend :)
|c|☆Eipic|ayyy
|c|☆aidddsj|hf
|c|☆Eipic|whiich house?
|c|☆aidddsj|attack
|c|☆Eipic|defense
|c|☆Eipic|>:]
|inactive|Battle timer is ON: inactive players will automatically lose when time's up. (requested by aidddsj)
|
|start
|switch|p1a: Rotom|Rotom-Heat|100/100
|switch|p2a: Hypedreigon|Hydreigon, M|100/100
|turn|1
|
|switch|p1a: Corviknight|Corviknight, M|100/100
|-ability|p1a: Corviknight|Pressure
|move|p2a: Hypedreigon|U-turn|p1a: Corviknight
|-resisted|p1a: Corviknight
|-crit|p1a: Corviknight
|-damage|p1a: Corviknight|96/100
|
|switch|p2a: Rotom|Rotom-Heat|100/100|[from]move: U-turn
|
|-heal|p1a: Corviknight|100/100|[from] item: Leftovers
|upkeep
|turn|2
|
|switch|p1a: Sigilyph|Sigilyph, F|100/100
|move|p2a: Rotom|Trick|p1a: Sigilyph
|-activate|p2a: Rotom|move: Trick|[of] p1a: Sigilyph
|-item|p1a: Sigilyph|Choice Scarf|[from] move: Trick
|-item|p2a: Rotom|Life Orb|[from] move: Trick
|
|upkeep
|turn|3
|
|switch|p1a: Seismitoad|Seismitoad, F|100/100
|switch|p2a: Hypedreigon|Hydreigon, M|100/100
|
|upkeep
|turn|4
|
|switch|p1a: Corviknight|Corviknight, M|100/100
|-ability|p1a: Corviknight|Pressure
|move|p2a: Hypedreigon|Dark Pulse|p1a: Corviknight
|-damage|p1a: Corviknight|60/100
|
|-heal|p1a: Corviknight|67/100|[from] item: Leftovers
|upkeep
|turn|5
|
|switch|p2a: Rotom|Rotom-Heat|100/100
|move|p1a: Corviknight|Roost|p1a: Corviknight
|-heal|p1a: Corviknight|100/100
|-singleturn|p1a: Corviknight|move: Roost
|
|upkeep
|turn|6
|
|switch|p2a: Pegasus|Rapidash-Galar, M|100/100
|switch|p1a: Seismitoad|Seismitoad, F|100/100
|
|upkeep
|turn|7
|
|move|p2a: Pegasus|Swords Dance|p2a: Pegasus
|-boost|p2a: Pegasus|atk|2
|move|p1a: Seismitoad|Toxic|p2a: Pegasus
|-immune|p2a: Pegasus|[from] ability: Pastel Veil
|
|upkeep
|turn|8
|
|switch|p1a: Rotom|Rotom-Heat|100/100
|move|p2a: Pegasus|Play Rough|p1a: Rotom
|-resisted|p1a: Rotom
|-damage|p1a: Rotom|57/100
|-unboost|p1a: Rotom|atk|1
|
|upkeep
|turn|9
|
|switch|p2a: Hypedreigon|Hydreigon, M|100/100
|move|p1a: Rotom|Volt Switch|p2a: Hypedreigon
|-resisted|p2a: Hypedreigon
|-damage|p2a: Hypedreigon|87/100
|
|switch|p1a: Togekiss|Togekiss, F|100/100|[from]move: Volt Switch
|
|upkeep
|turn|10
|
|move|p1a: Togekiss|Dazzling Gleam|p2a: Hypedreigon
|-supereffective|p2a: Hypedreigon
|-crit|p2a: Hypedreigon
|-damage|p2a: Hypedreigon|0 fnt
|faint|p2a: Hypedreigon
|
|upkeep
|
|switch|p2a: Mamoswine|Mamoswine, M|100/100
|turn|11
|
|switch|p1a: Rotom|Rotom-Heat|57/100
|move|p2a: Mamoswine|Icicle Crash|p1a: Rotom|[miss]
|-miss|p2a: Mamoswine|p1a: Rotom
|
|upkeep
|turn|12
|
|switch|p2a: Rotom|Rotom-Heat|100/100
|move|p1a: Rotom|Will-O-Wisp|p2a: Rotom
|-immune|p2a: Rotom
|
|upkeep
|turn|13
|
|switch|p1a: Seismitoad|Seismitoad, F|100/100
|move|p2a: Rotom|Trick|p1a: Seismitoad
|-activate|p2a: Rotom|move: Trick|[of] p1a: Seismitoad
|-item|p1a: Seismitoad|Life Orb|[from] move: Trick
|-item|p2a: Rotom|Leftovers|[from] move: Trick
|
|upkeep
|turn|14
|
|switch|p2a: Corviknight|Corviknight, F|100/100
|-ability|p2a: Corviknight|Pressure
|move|p1a: Seismitoad|Stealth Rock|p2a: Corviknight
|-sidestart|p2: aidddsj|move: Stealth Rock
|
|upkeep
|turn|15
|
|switch|p1a: Dracozolt|Dracozolt|100/100
|move|p2a: Corviknight|Defog|p1a: Dracozolt
|-unboost|p1a: Dracozolt|evasion|1
|-sideend|p2: aidddsj|Stealth Rock|[from] move: Defog|[of] p2a: Corviknight
|
|upkeep
|turn|16
|
|move|p1a: Dracozolt|Fire Fang|p2a: Corviknight|[miss]
|-miss|p1a: Dracozolt|p2a: Corviknight
|move|p2a: Corviknight|Body Press|p1a: Dracozolt
|-damage|p1a: Dracozolt|68/100
|
|-heal|p1a: Dracozolt|74/100|[from] item: Leftovers
|upkeep
|turn|17
|
|switch|p2a: Mamoswine|Mamoswine, M|100/100
|move|p1a: Dracozolt|Bolt Beak|p2a: Mamoswine
|-immune|p2a: Mamoswine
|
|-heal|p1a: Dracozolt|81/100|[from] item: Leftovers
|upkeep
|turn|18
|
|switch|p1a: Corviknight|Corviknight, M|100/100
|-ability|p1a: Corviknight|Pressure
|move|p2a: Mamoswine|Stealth Rock|p1a: Corviknight
|-sidestart|p1: Eipic|move: Stealth Rock
|
|upkeep
|turn|19
|
|move|p2a: Mamoswine|Icicle Crash|p1a: Corviknight
|-crit|p1a: Corviknight
|-damage|p1a: Corviknight|26/100
|-damage|p2a: Mamoswine|91/100|[from] item: Life Orb
|move|p1a: Corviknight|Defog|p2a: Mamoswine
|-unboost|p2a: Mamoswine|evasion|1
|-sideend|p1: Eipic|Stealth Rock|[from] move: Defog|[of] p1a: Corviknight
|
|-heal|p1a: Corviknight|32/100|[from] item: Leftovers
|upkeep
|turn|20
|
|move|p2a: Mamoswine|Icicle Crash|p1a: Corviknight
|-damage|p1a: Corviknight|0 fnt
|-damage|p2a: Mamoswine|81/100|[from] item: Life Orb
|faint|p1a: Corviknight
|
|upkeep
|
|switch|p1a: Seismitoad|Seismitoad, F|100/100
|turn|21
|
|switch|p2a: Corviknight|Corviknight, F|100/100
|-ability|p2a: Corviknight|Pressure
|move|p1a: Seismitoad|Scald|p2a: Corviknight
|-damage|p2a: Corviknight|68/100
|-status|p2a: Corviknight|brn
|-damage|p1a: Seismitoad|91/100|[from] item: Life Orb
|
|-damage|p2a: Corviknight|62/100 brn|[from] brn
|upkeep
|turn|22
|
|switch|p1a: Dracozolt|Dracozolt|81/100
|move|p2a: Corviknight|Roost|p2a: Corviknight
|-heal|p2a: Corviknight|100/100 brn
|-singleturn|p2a: Corviknight|move: Roost
|
|-heal|p1a: Dracozolt|87/100|[from] item: Leftovers
|-damage|p2a: Corviknight|94/100 brn|[from] brn
|upkeep
|turn|23
|
|switch|p2a: Mamoswine|Mamoswine, M|81/100
|move|p1a: Dracozolt|Substitute|p1a: Dracozolt
|-start|p1a: Dracozolt|Substitute
|-damage|p1a: Dracozolt|62/100
|
|-heal|p1a: Dracozolt|68/100|[from] item: Leftovers
|upkeep
|turn|24
|
|move|p2a: Mamoswine|Earthquake|p1a: Dracozolt
|-supereffective|p1a: Dracozolt
|-end|p1a: Dracozolt|Substitute
|-damage|p2a: Mamoswine|71/100|[from] item: Life Orb
|move|p1a: Dracozolt|Dragon Claw|p2a: Mamoswine
|-damage|p2a: Mamoswine|8/100
|
|-heal|p1a: Dracozolt|74/100|[from] item: Leftovers
|upkeep
|turn|25
|
|switch|p1a: Rotom|Rotom-Heat|57/100
|move|p2a: Mamoswine|Stealth Rock|p1a: Rotom
|-sidestart|p1: Eipic|move: Stealth Rock
|
|upkeep
|turn|26
|inactive|aidddsj has 120 seconds left.
|
|switch|p2a: Rotom|Rotom-Heat|100/100
|move|p1a: Rotom|Overheat|p2a: Rotom
|-resisted|p2a: Rotom
|-damage|p2a: Rotom|74/100
|-unboost|p1a: Rotom|spa|2
|
|-heal|p2a: Rotom|80/100|[from] item: Leftovers
|upkeep
|turn|27
|inactive|aidddsj has 120 seconds left.
|
|switch|p2a: Pegasus|Rapidash-Galar, M|100/100
|move|p1a: Rotom|Will-O-Wisp|p2a: Pegasus|[miss]
|-miss|p1a: Rotom|p2a: Pegasus
|
|upkeep
|turn|28
|inactive|aidddsj has 120 seconds left.
|
|switch|p2a: Corviknight|Corviknight, F|94/100 brn
|-ability|p2a: Corviknight|Pressure
|move|p1a: Rotom|Will-O-Wisp|p2a: Corviknight|[miss]
|-miss|p1a: Rotom|p2a: Corviknight
|
|-damage|p2a: Corviknight|88/100 brn|[from] brn
|upkeep
|turn|29
|
|switch|p2a: Rotom|Rotom-Heat|80/100
|move|p1a: Rotom|Nasty Plot|p1a: Rotom
|-boost|p1a: Rotom|spa|2
|
|-heal|p2a: Rotom|86/100|[from] item: Leftovers
|upkeep
|turn|30
|
|move|p2a: Rotom|Nasty Plot|p2a: Rotom
|-boost|p2a: Rotom|spa|2
|move|p1a: Rotom|Volt Switch|p2a: Rotom
|-resisted|p2a: Rotom
|-damage|p2a: Rotom|72/100
|
|switch|p1a: Sigilyph|Sigilyph, F|100/100|[from]move: Volt Switch
|
|-heal|p2a: Rotom|78/100|[from] item: Leftovers
|upkeep
|turn|31
|
|move|p1a: Sigilyph|Psychic|p2a: Rotom
|-damage|p2a: Rotom|35/100
|move|p2a: Rotom|Volt Switch|p1a: Sigilyph
|-supereffective|p1a: Sigilyph
|-damage|p1a: Sigilyph|0 fnt
|faint|p1a: Sigilyph
|
|switch|p2a: Pegasus|Rapidash-Galar, M|100/100|[from]move: Volt Switch
|
|upkeep
|
|switch|p1a: Rotom|Rotom-Heat|57/100
|turn|32
|
|switch|p2a: Rotom|Rotom-Heat|35/100
|move|p1a: Rotom|Overheat|p2a: Rotom
|-resisted|p2a: Rotom
|-damage|p2a: Rotom|12/100
|-unboost|p1a: Rotom|spa|2
|
|-heal|p2a: Rotom|18/100|[from] item: Leftovers
|upkeep
|turn|33
|
|switch|p1a: Seismitoad|Seismitoad, F|91/100
|-damage|p1a: Seismitoad|85/100|[from] Stealth Rock
|move|p2a: Rotom|Nasty Plot|p2a: Rotom
|-boost|p2a: Rotom|spa|2
|
|-heal|p2a: Rotom|24/100|[from] item: Leftovers
|upkeep
|turn|34
|
|move|p2a: Rotom|Overheat|p1a: Seismitoad
|-resisted|p1a: Seismitoad
|-damage|p1a: Seismitoad|37/100
|-unboost|p2a: Rotom|spa|2
|move|p1a: Seismitoad|Scald|p2a: Rotom
|-supereffective|p2a: Rotom
|-damage|p2a: Rotom|0 fnt
|-damage|p1a: Seismitoad|28/100|[from] item: Life Orb
|faint|p2a: Rotom
|
|upkeep
|
|switch|p2a: Pegasus|Rapidash-Galar, M|100/100
|turn|35
|
|move|p2a: Pegasus|Play Rough|p1a: Seismitoad|[miss]
|-miss|p2a: Pegasus|p1a: Seismitoad
|move|p1a: Seismitoad|Scald|p2a: Pegasus
|-damage|p2a: Pegasus|56/100
|-damage|p1a: Seismitoad|18/100|[from] item: Life Orb
|
|upkeep
|turn|36
|
|move|p2a: Pegasus|Play Rough|p1a: Seismitoad
|-damage|p1a: Seismitoad|0 fnt
|faint|p1a: Seismitoad
|
|upkeep
|
|switch|p1a: Togekiss|Togekiss, F|100/100
|-damage|p1a: Togekiss|76/100|[from] Stealth Rock
|turn|37
|
|move|p1a: Togekiss|Fire Blast|p2a: Pegasus
|-damage|p2a: Pegasus|0 fnt
|faint|p2a: Pegasus
|
|upkeep
|
|switch|p2a: Vaporeon|Vaporeon, M|100/100
|turn|38
|
|switch|p1a: Dracozolt|Dracozolt|74/100
|-damage|p1a: Dracozolt|62/100|[from] Stealth Rock
|move|p2a: Vaporeon|Scald|p1a: Dracozolt
|-resisted|p1a: Dracozolt
|-damage|p1a: Dracozolt|41/100
|
|-heal|p1a: Dracozolt|47/100|[from] item: Leftovers
|upkeep
|turn|39
|
|move|p1a: Dracozolt|Substitute|p1a: Dracozolt
|-start|p1a: Dracozolt|Substitute
|-damage|p1a: Dracozolt|22/100
|move|p2a: Vaporeon|Scald|p1a: Dracozolt
|-resisted|p1a: Dracozolt
|-activate|p1a: Dracozolt|move: Substitute|[damage]
|
|-heal|p1a: Dracozolt|29/100|[from] item: Leftovers
|upkeep
|turn|40
|
|switch|p2a: Mamoswine|Mamoswine, M|8/100
|move|p1a: Dracozolt|Bolt Beak|p2a: Mamoswine
|-immune|p2a: Mamoswine
|
|-heal|p1a: Dracozolt|35/100|[from] item: Leftovers
|upkeep
|turn|41
|
|switch|p2a: Vaporeon|Vaporeon, M|100/100
|move|p1a: Dracozolt|Substitute|p1a: Dracozolt
|-fail|p1a: Dracozolt|move: Substitute
|
|-heal|p1a: Dracozolt|41/100|[from] item: Leftovers
|upkeep
|turn|42
|
|switch|p2a: Mamoswine|Mamoswine, M|8/100
|move|p1a: Dracozolt|Dragon Claw|p2a: Mamoswine
|-damage|p2a: Mamoswine|0 fnt
|faint|p2a: Mamoswine
|
|-heal|p1a: Dracozolt|47/100|[from] item: Leftovers
|upkeep
|
|switch|p2a: Corviknight|Corviknight, F|88/100 brn
|-ability|p2a: Corviknight|Pressure
|turn|43
|
|move|p1a: Dracozolt|Bolt Beak|p2a: Corviknight|[miss]
|-miss|p1a: Dracozolt|p2a: Corviknight
|move|p2a: Corviknight|Body Press|p1a: Dracozolt
|-end|p1a: Dracozolt|Substitute
|
|-heal|p1a: Dracozolt|53/100|[from] item: Leftovers
|-damage|p2a: Corviknight|82/100 brn|[from] brn
|upkeep
|turn|44
|
|move|p1a: Dracozolt|Substitute|p1a: Dracozolt
|-start|p1a: Dracozolt|Substitute
|-damage|p1a: Dracozolt|29/100
|move|p2a: Corviknight|Body Press|p1a: Dracozolt
|-activate|p1a: Dracozolt|move: Substitute|[damage]
|
|-heal|p1a: Dracozolt|35/100|[from] item: Leftovers
|-damage|p2a: Corviknight|75/100 brn|[from] brn
|upkeep
|turn|45
|
|move|p1a: Dracozolt|Bolt Beak|p2a: Corviknight|[miss]
|-miss|p1a: Dracozolt|p2a: Corviknight
|move|p2a: Corviknight|Body Press|p1a: Dracozolt
|-end|p1a: Dracozolt|Substitute
|
|-heal|p1a: Dracozolt|41/100|[from] item: Leftovers
|-damage|p2a: Corviknight|69/100 brn|[from] brn
|upkeep
|turn|46
|
|move|p1a: Dracozolt|Substitute|p1a: Dracozolt
|-start|p1a: Dracozolt|Substitute
|-damage|p1a: Dracozolt|16/100
|move|p2a: Corviknight|Body Press|p1a: Dracozolt
|-activate|p1a: Dracozolt|move: Substitute|[damage]
|
|-heal|p1a: Dracozolt|22/100|[from] item: Leftovers
|-damage|p2a: Corviknight|63/100 brn|[from] brn
|upkeep
|turn|47
|
|move|p1a: Dracozolt|Bolt Beak|p2a: Corviknight
|-supereffective|p2a: Corviknight
|-damage|p2a: Corviknight|0 fnt
|-damage|p1a: Dracozolt|6/100|[from] item: Rocky Helmet|[of] p2a: Corviknight
|faint|p2a: Corviknight
|
|-heal|p1a: Dracozolt|12/100|[from] item: Leftovers
|upkeep
|
|switch|p2a: Vaporeon|Vaporeon, M|100/100
|turn|48
|
|move|p1a: Dracozolt|Bolt Beak|p2a: Vaporeon
|-supereffective|p2a: Vaporeon
|-damage|p2a: Vaporeon|0 fnt
|faint|p2a: Vaporeon
|
|win|Eipic
|c|☆aidddsj|gg
|c|☆Eipic|gg
|l|☆aidddsj
|raw|Eipic's rating: 1268 → 1289(+21 for winning)
|raw|aidddsj's rating: 1223 → 1201(-22 for losing)
