|ScrapeTime|2020-01-01-03:28:53
|j|☆Narararar2345
|j|☆Maestro siniestro
|player|p1|Narararar2345|1|1176
|player|p2|Maestro siniestro|veteran|1180
|teamsize|p1|6
|teamsize|p2|6
|gametype|singles
|gen|8
|tier|[Gen 8] OU
|rated|
|rule|Sleep Clause Mod: Limit one foe put to sleep
|rule|Species Clause: Limit one of each Pokémon
|rule|OHKO Clause: OHKO moves are banned
|rule|Evasion Moves Clause: Evasion moves are banned
|rule|Endless Battle Clause: Forcing endless battles is banned
|rule|HP Percentage Mod: HP is shown in percentages
|clearpoke
|poke|p1|Tyranitar, M|
|poke|p1|Excadrill, F|
|poke|p1|Corviknight, F|
|poke|p1|Seismitoad, M|
|poke|p1|Gengar, M|
|poke|p1|Snorlax, M|
|poke|p2|Obstagoon, F|
|poke|p2|Eiscue, M|
|poke|p2|Corsola-Galar, F|
|poke|p2|Toxapex, M|
|poke|p2|Scrafty, F|
|poke|p2|Polteageist|
|rule|Dynamax Clause: You cannot dynamax
|teampreview
|
|start
|switch|p1a: Tyranitar|Tyranitar, M|100/100
|switch|p2a: Scrafty|Scrafty, F|100/100
|-weather|Sandstorm|[from] ability: Sand Stream|[of] p1a: Tyranitar
|turn|1
|
|switch|p1a: Corviknight|Corviknight, F|100/100
|-ability|p1a: Corviknight|Pressure
|move|p2a: Scrafty|Dragon Dance|p2a: Scrafty
|-boost|p2a: Scrafty|atk|1
|-boost|p2a: Scrafty|spe|1
|
|-weather|Sandstorm|[upkeep]
|-damage|p2a: Scrafty|95/100|[from] Sandstorm
|upkeep
|turn|2
|
|move|p2a: Scrafty|Iron Head|p1a: Corviknight
|-resisted|p1a: Corviknight
|-damage|p1a: Corviknight|88/100
|cant|p1a: Corviknight|flinch
|
|-weather|Sandstorm|[upkeep]
|-damage|p2a: Scrafty|89/100|[from] Sandstorm
|-heal|p1a: Corviknight|95/100|[from] item: Leftovers
|upkeep
|turn|3
|
|switch|p2a: Toxapex|Toxapex, M|100/100
|move|p1a: Corviknight|Iron Defense|p1a: Corviknight
|-boost|p1a: Corviknight|def|2
|
|-weather|Sandstorm|[upkeep]
|-damage|p2a: Toxapex|94/100|[from] Sandstorm
|-heal|p1a: Corviknight|100/100|[from] item: Leftovers
|-heal|p2a: Toxapex|100/100|[from] item: Black Sludge
|upkeep
|turn|4
|
|move|p1a: Corviknight|U-turn|p2a: Toxapex
|-resisted|p2a: Toxapex
|-damage|p2a: Toxapex|96/100
|
|switch|p1a: Excadrill|Excadrill, F|100/100|[from]move: U-turn
|move|p2a: Toxapex|Scald|p1a: Excadrill
|-supereffective|p1a: Excadrill
|-damage|p1a: Excadrill|62/100
|
|-weather|Sandstorm|[upkeep]
|-damage|p2a: Toxapex|90/100|[from] Sandstorm
|-heal|p2a: Toxapex|96/100|[from] item: Black Sludge
|upkeep
|turn|5
|
|move|p1a: Excadrill|Earthquake|p2a: Toxapex
|-supereffective|p2a: Toxapex
|-damage|p2a: Toxapex|0 fnt
|-damage|p1a: Excadrill|52/100|[from] item: Life Orb
|faint|p2a: Toxapex
|
|-weather|none
|upkeep
|
|switch|p2a: Kirby|Eiscue, M, shiny|100/100
|turn|6
|
|switch|p1a: Tyranitar|Tyranitar, M|100/100
|-weather|Sandstorm|[from] ability: Sand Stream|[of] p1a: Tyranitar
|move|p2a: Kirby|Belly Drum|p2a: Kirby
|-damage|p2a: Kirby|51/100
|-setboost|p2a: Kirby|atk|6|[from] move: Belly Drum
|
|-weather|Sandstorm|[upkeep]
|-damage|p2a: Kirby|44/100|[from] Sandstorm
|-heal|p2a: Kirby|51/100|[from] item: Leftovers
|upkeep
|turn|7
|
|move|p2a: Kirby|Liquidation|p1a: Tyranitar
|-supereffective|p1a: Tyranitar
|-damage|p1a: Tyranitar|0 fnt
|faint|p1a: Tyranitar
|
|-weather|Sandstorm|[upkeep]
|-damage|p2a: Kirby|44/100|[from] Sandstorm
|-heal|p2a: Kirby|51/100|[from] item: Leftovers
|upkeep
|
|switch|p1a: Seismitoad|Seismitoad, M|100/100
|turn|8
|
|move|p2a: Kirby|Icicle Crash|p1a: Seismitoad
|-damage|p1a: Seismitoad|10/100
|cant|p1a: Seismitoad|flinch
|
|-weather|Sandstorm|[upkeep]
|-damage|p2a: Kirby|44/100|[from] Sandstorm
|-heal|p2a: Kirby|51/100|[from] item: Leftovers
|-heal|p1a: Seismitoad|16/100|[from] item: Leftovers
|upkeep
|turn|9
|
|move|p2a: Kirby|Icicle Crash|p1a: Seismitoad
|-damage|p1a: Seismitoad|0 fnt
|faint|p1a: Seismitoad
|
|-weather|Sandstorm|[upkeep]
|-damage|p2a: Kirby|44/100|[from] Sandstorm
|-heal|p2a: Kirby|51/100|[from] item: Leftovers
|upkeep
|
|switch|p1a: Excadrill|Excadrill, F|52/100
|turn|10
|
|move|p1a: Excadrill|Earthquake|p2a: Kirby
|-activate|p2a: Kirby|ability: Ice Face
|-damage|p2a: Kirby|51/100
|detailschange|p2a: Kirby|Eiscue-Noice, M, shiny
|-damage|p1a: Excadrill|42/100|[from] item: Life Orb
|move|p2a: Kirby|Liquidation|p1a: Excadrill
|-supereffective|p1a: Excadrill
|-damage|p1a: Excadrill|0 fnt
|faint|p1a: Excadrill
|
|-weather|none
|-heal|p2a: Kirby|57/100|[from] item: Leftovers
|upkeep
|
|switch|p1a: Gengar|Gengar, M|100/100
|turn|11
|
|move|p2a: Kirby|Icicle Crash|p1a: Gengar
|-crit|p1a: Gengar
|-damage|p1a: Gengar|0 fnt
|faint|p1a: Gengar
|
|-heal|p2a: Kirby|63/100|[from] item: Leftovers
|upkeep
|
|switch|p1a: Corviknight|Corviknight, F|100/100
|-ability|p1a: Corviknight|Pressure
|turn|12
|
|move|p2a: Kirby|Hail|p2a: Kirby
|-weather|Hail
|-activate|p2a: Kirby|ability: Ice Face
|detailschange|p2a: Kirby|Eiscue, M, shiny
|move|p1a: Corviknight|Body Press|p2a: Kirby
|-activate|p2a: Kirby|ability: Ice Face
|-damage|p2a: Kirby|63/100
|detailschange|p2a: Kirby|Eiscue-Noice, M, shiny
|
|-weather|Hail|[upkeep]
|-damage|p1a: Corviknight|94/100|[from] Hail
|-heal|p2a: Kirby|69/100|[from] item: Leftovers
|-heal|p1a: Corviknight|100/100|[from] item: Leftovers
|upkeep
|turn|13
|
|move|p2a: Kirby|Icicle Crash|p1a: Corviknight
|-damage|p1a: Corviknight|18/100
|move|p1a: Corviknight|Body Press|p2a: Kirby
|-supereffective|p2a: Kirby
|-damage|p2a: Kirby|0 fnt
|faint|p2a: Kirby
|
|-weather|Hail|[upkeep]
|-damage|p1a: Corviknight|11/100|[from] Hail
|-heal|p1a: Corviknight|18/100|[from] item: Leftovers
|upkeep
|
|switch|p2a: KISS|Obstagoon, F|100/100
|turn|14
|
|move|p2a: KISS|Knock Off|p1a: Corviknight
|-damage|p1a: Corviknight|0 fnt
|-enditem|p1a: Corviknight|Leftovers|[from] move: Knock Off|[of] p2a: KISS
|faint|p1a: Corviknight
|
|-weather|Hail|[upkeep]
|-damage|p2a: KISS|94/100|[from] Hail
|-status|p2a: KISS|brn|[from] item: Flame Orb
|upkeep
|
|switch|p1a: Snorlax|Snorlax, M|100/100
|turn|15
|
|move|p2a: KISS|Switcheroo|p1a: Snorlax
|-activate|p2a: KISS|move: Trick|[of] p1a: Snorlax
|-item|p1a: Snorlax|Flame Orb|[from] move: Switcheroo
|-item|p2a: KISS|Wiki Berry|[from] move: Switcheroo
|move|p1a: Snorlax|Belly Drum|p1a: Snorlax
|-damage|p1a: Snorlax|50/100
|-setboost|p1a: Snorlax|atk|6|[from] move: Belly Drum
|
|-weather|Hail|[upkeep]
|-damage|p2a: KISS|88/100 brn|[from] Hail
|-damage|p1a: Snorlax|44/100|[from] Hail
|-damage|p2a: KISS|82/100 brn|[from] brn
|-status|p1a: Snorlax|brn|[from] item: Flame Orb
|upkeep
|turn|16
|
|move|p2a: KISS|Obstruct|p2a: KISS
|-singleturn|p2a: KISS|Protect
|move|p1a: Snorlax|High Horsepower|p2a: KISS
|-activate|p2a: KISS|move: Protect
|-unboost|p1a: Snorlax|def|2
|
|-weather|none
|-damage|p2a: KISS|76/100 brn|[from] brn
|-damage|p1a: Snorlax|38/100 brn|[from] brn
|upkeep
|turn|17
|
|move|p2a: KISS|Knock Off|p1a: Snorlax
|-damage|p1a: Snorlax|0 fnt
|-enditem|p1a: Snorlax|Flame Orb|[from] move: Knock Off|[of] p2a: KISS
|faint|p1a: Snorlax
|
|win|Maestro siniestro
|raw|Narararar2345's rating: 1176 → 1152(-24 for losing)
|raw|Maestro siniestro's rating: 1180 → 1205(+25 for winning)
|l|☆Narararar2345
