|ScrapeTime|2020-01-01-01:44:26
|j|☆Misimi
|j|☆Brave24
|player|p1|Misimi|122|1102
|player|p2|Brave24|169|1064
|teamsize|p1|6
|teamsize|p2|6
|gametype|singles
|gen|8
|tier|[Gen 8] OU
|rated|
|rule|Sleep Clause Mod: Limit one foe put to sleep
|rule|Species Clause: Limit one of each Pokémon
|rule|OHKO Clause: OHKO moves are banned
|rule|Evasion Moves Clause: Evasion moves are banned
|rule|Endless Battle Clause: Forcing endless battles is banned
|rule|HP Percentage Mod: HP is shown in percentages
|clearpoke
|poke|p1|Morpeko, M|
|poke|p1|Mimikyu, M|
|poke|p1|Dusclops, M|
|poke|p1|Arcanine, M|
|poke|p1|Barraskewda, M|
|poke|p1|Obstagoon, M|
|poke|p2|Thievul, M|
|poke|p2|Weezing-Galar, M|
|poke|p2|Mr. Mime-Galar, M|
|poke|p2|Runerigus, M|
|poke|p2|Perrserker, M|
|poke|p2|Coalossal, M|
|rule|Dynamax Clause: You cannot dynamax
|teampreview
|
|start
|switch|p1a: Kira|Obstagoon, M|100/100
|switch|p2a: Perrserker|Perrserker, M|100/100
|turn|1
|inactive|Battle timer is ON: inactive players will automatically lose when time's up. (requested by Misimi)
|
|move|p1a: Kira|Obstruct|p1a: Kira
|-singleturn|p1a: Kira|Protect
|move|p2a: Perrserker|Curse|p2a: Perrserker
|-unboost|p2a: Perrserker|spe|1
|-boost|p2a: Perrserker|atk|1
|-boost|p2a: Perrserker|def|1
|
|-status|p1a: Kira|brn|[from] item: Flame Orb
|upkeep
|turn|2
|
|move|p1a: Kira|Stomping Tantrum|p2a: Perrserker
|-supereffective|p2a: Perrserker
|-damage|p2a: Perrserker|52/100
|move|p2a: Perrserker|Curse|p2a: Perrserker
|-unboost|p2a: Perrserker|spe|1
|-boost|p2a: Perrserker|atk|1
|-boost|p2a: Perrserker|def|1
|
|-damage|p1a: Kira|94/100 brn|[from] brn
|upkeep
|turn|3
|
|move|p1a: Kira|Stomping Tantrum|p2a: Perrserker
|-supereffective|p2a: Perrserker
|-damage|p2a: Perrserker|19/100
|move|p2a: Perrserker|Rest|p2a: Perrserker
|-status|p2a: Perrserker|slp|[from] move: Rest
|-heal|p2a: Perrserker|100/100 slp|[silent]
|-enditem|p2a: Perrserker|Chesto Berry|[eat]
|-curestatus|p2a: Perrserker|slp|[msg]
|
|-damage|p1a: Kira|88/100 brn|[from] brn
|upkeep
|turn|4
|
|move|p1a: Kira|Obstruct|p1a: Kira
|-singleturn|p1a: Kira|Protect
|move|p2a: Perrserker|Curse|p2a: Perrserker
|-unboost|p2a: Perrserker|spe|1
|-boost|p2a: Perrserker|atk|1
|-boost|p2a: Perrserker|def|1
|
|-damage|p1a: Kira|82/100 brn|[from] brn
|upkeep
|turn|5
|
|move|p1a: Kira|Stomping Tantrum|p2a: Perrserker
|-supereffective|p2a: Perrserker
|-damage|p2a: Perrserker|73/100
|move|p2a: Perrserker|Curse|p2a: Perrserker
|-unboost|p2a: Perrserker|spe|1
|-boost|p2a: Perrserker|atk|1
|-boost|p2a: Perrserker|def|1
|
|-damage|p1a: Kira|76/100 brn|[from] brn
|upkeep
|turn|6
|c|☆Misimi|uh
|c|☆Misimi|im quite frightened
|
|move|p1a: Kira|Stomping Tantrum|p2a: Perrserker
|-supereffective|p2a: Perrserker
|-damage|p2a: Perrserker|50/100
|move|p2a: Perrserker|Curse|p2a: Perrserker
|-unboost|p2a: Perrserker|spe|1
|-boost|p2a: Perrserker|atk|1
|-boost|p2a: Perrserker|def|1
|
|-damage|p1a: Kira|70/100 brn|[from] brn
|upkeep
|turn|7
|
|move|p1a: Kira|Stomping Tantrum|p2a: Perrserker
|-supereffective|p2a: Perrserker
|-damage|p2a: Perrserker|30/100
|move|p2a: Perrserker|Rest|p2a: Perrserker
|-status|p2a: Perrserker|slp|[from] move: Rest
|-heal|p2a: Perrserker|100/100 slp|[silent]
|
|-damage|p1a: Kira|63/100 brn|[from] brn
|upkeep
|turn|8
|
|switch|p1a: Vacuo|Dusclops, M|100/100
|cant|p2a: Perrserker|slp
|move|p2a: Perrserker|Sleep Talk|p2a: Perrserker
|move|p2a: Perrserker|Curse|p2a: Perrserker|[from]Sleep Talk
|-unboost|p2a: Perrserker|spe|1
|-boost|p2a: Perrserker|atk|1
|-boost|p2a: Perrserker|def|1
|
|upkeep
|turn|9
|
|move|p1a: Vacuo|Will-O-Wisp||[still]
|-fail|p1a: Vacuo
|cant|p2a: Perrserker|slp
|move|p2a: Perrserker|Sleep Talk|p2a: Perrserker
|move|p2a: Perrserker|Iron Head|p1a: Vacuo|[from]Sleep Talk
|-damage|p1a: Vacuo|3/100
|
|upkeep
|turn|10
|c|☆Misimi|omg sleep talk
|inactive|Brave24 has 120 seconds left.
|
|move|p1a: Vacuo|Pain Split|p2a: Perrserker
|-sethp|p2a: Perrserker|51/100 slp|[from] move: Pain Split|[silent]
|-sethp|p1a: Vacuo|79/100|[from] move: Pain Split
|-curestatus|p2a: Perrserker|slp|[msg]
|move|p2a: Perrserker|Sleep Talk||[still]
|-fail|p2a: Perrserker
|
|upkeep
|turn|11
|inactive|Brave24 has 120 seconds left.
|
|move|p1a: Vacuo|Will-O-Wisp|p2a: Perrserker
|-status|p2a: Perrserker|brn
|move|p2a: Perrserker|Iron Head|p1a: Vacuo
|-damage|p1a: Vacuo|24/100
|
|-damage|p2a: Perrserker|45/100 brn|[from] brn
|upkeep
|turn|12
|
|move|p1a: Vacuo|Hex|p2a: Perrserker
|-damage|p2a: Perrserker|15/100 brn
|move|p2a: Perrserker|Rest|p2a: Perrserker
|-status|p2a: Perrserker|slp|[from] move: Rest
|-heal|p2a: Perrserker|100/100 slp|[silent]
|
|upkeep
|turn|13
|c|☆Misimi|augh
|inactive|Brave24 has 120 seconds left.
|
|move|p1a: Vacuo|Pain Split|p2a: Perrserker
|-sethp|p2a: Perrserker|58/100 slp|[from] move: Pain Split|[silent]
|-sethp|p1a: Vacuo|90/100|[from] move: Pain Split
|cant|p2a: Perrserker|slp
|move|p2a: Perrserker|Sleep Talk|p2a: Perrserker
|move|p2a: Perrserker|Curse|p2a: Perrserker|[from]Sleep Talk
|
|upkeep
|turn|14
|c|☆Misimi|so annoting
|inactive|Brave24 has 120 seconds left.
|
|move|p1a: Vacuo|Hex|p2a: Perrserker
|-damage|p2a: Perrserker|26/100 slp
|cant|p2a: Perrserker|slp
|move|p2a: Perrserker|Sleep Talk|p2a: Perrserker
|move|p2a: Perrserker|Curse|p2a: Perrserker|[from]Sleep Talk
|
|upkeep
|turn|15
|inactive|Brave24 has 120 seconds left.
|
|move|p1a: Vacuo|Hex|p2a: Perrserker
|-damage|p2a: Perrserker|0 fnt
|faint|p2a: Perrserker
|
|upkeep
|c|☆Misimi|FINALLY
|
|switch|p2a: Thievul|Thievul, M|100/100
|turn|16
|inactive|Brave24 has 120 seconds left.
|
|move|p2a: Thievul|Snarl|p1a: Vacuo
|-supereffective|p1a: Vacuo
|-damage|p1a: Vacuo|60/100
|-unboost|p1a: Vacuo|spa|1
|-enditem|p2a: Thievul|Throat Spray
|-boost|p2a: Thievul|spa|1
|move|p1a: Vacuo|Will-O-Wisp|p2a: Thievul
|-status|p2a: Thievul|brn
|
|-damage|p2a: Thievul|94/100 brn|[from] brn
|upkeep
|turn|17
|inactive|Brave24 has 120 seconds left.
|
|move|p2a: Thievul|Nasty Plot|p2a: Thievul
|-boost|p2a: Thievul|spa|2
|move|p1a: Vacuo|Pain Split|p2a: Thievul
|-sethp|p2a: Thievul|71/100 brn|[from] move: Pain Split|[silent]
|-sethp|p1a: Vacuo|90/100|[from] move: Pain Split
|
|-damage|p2a: Thievul|65/100 brn|[from] brn
|upkeep
|turn|18
|inactive|Brave24 has 120 seconds left.
|
|move|p2a: Thievul|Dark Pulse|p1a: Vacuo
|-supereffective|p1a: Vacuo
|-damage|p1a: Vacuo|0 fnt
|faint|p1a: Vacuo
|
|-damage|p2a: Thievul|59/100 brn|[from] brn
|upkeep
|
|switch|p1a: Saeta|Barraskewda, M|100/100
|turn|19
|
|move|p2a: Thievul|Dark Pulse|p1a: Saeta
|-damage|p1a: Saeta|0 fnt
|faint|p1a: Saeta
|
|-damage|p2a: Thievul|53/100 brn|[from] brn
|upkeep
|c|☆Misimi|WHAT
|c|☆Misimi|HOW U SO FAST
|
|switch|p1a: Noms|Morpeko, M|100/100
|turn|20
|
|move|p1a: Noms|Fake Out|p2a: Thievul
|-damage|p2a: Thievul|31/100 brn
|cant|p2a: Thievul|flinch
|
|-damage|p2a: Thievul|25/100 brn|[from] brn
|-formechange|p1a: Noms|Morpeko-Hangry||[from] ability: Hunger Switch
|upkeep
|turn|21
|inactive|Brave24 has 120 seconds left.
|
|move|p2a: Thievul|Dark Pulse|p1a: Noms
|-resisted|p1a: Noms
|-damage|p1a: Noms|14/100
|move|p1a: Noms|Thunder Punch|p2a: Thievul
|-damage|p2a: Thievul|0 fnt
|faint|p2a: Thievul
|
|-formechange|p1a: Noms|Morpeko||[from] ability: Hunger Switch
|upkeep
|inactive|Brave24 has 120 seconds left.
|
|switch|p2a: Mr. Mime|Mr. Mime-Galar, M|100/100
|turn|22
|
|move|p2a: Mr. Mime|Fake Out|p1a: Noms
|-damage|p1a: Noms|3/100
|cant|p1a: Noms|flinch
|
|-formechange|p1a: Noms|Morpeko-Hangry||[from] ability: Hunger Switch
|upkeep
|turn|23
|
|move|p2a: Mr. Mime|Freeze-Dry|p1a: Noms
|-damage|p1a: Noms|0 fnt
|faint|p1a: Noms
|
|upkeep
|
|switch|p1a: Good Boy|Arcanine, M|100/100
|-ability|p1a: Good Boy|Intimidate|boost
|-unboost|p2a: Mr. Mime|atk|1
|turn|24
|l|☆Misimi
|inactive|Misimi disconnected and has a minute to reconnect!
|player|p1|
|inactive|Misimi has 30 seconds to reconnect!
|j|☆Misimi
|inactive|Misimi reconnected and has 100 seconds left.
|player|p1|Misimi|122
|inactive|Misimi has 90 seconds left.
|
|switch|p2a: Coalossal|Coalossal, M|100/100
|move|p1a: Good Boy|Flare Blitz|p2a: Coalossal
|-resisted|p2a: Coalossal
|-damage|p2a: Coalossal|86/100
|-ability|p2a: Coalossal|Steam Engine|boost
|-boost|p2a: Coalossal|spe|6
|-damage|p1a: Good Boy|95/100|[from] Recoil
|-damage|p1a: Good Boy|86/100|[from] item: Life Orb
|
|upkeep
|turn|25
|c|☆Misimi|im sad now
|inactive|Misimi has 90 seconds left.
|
|switch|p1a: Glospin|Mimikyu, M|100/100
|move|p2a: Coalossal|Earthquake|p1a: Glospin
|-activate|p1a: Glospin|ability: Disguise
|-damage|p1a: Glospin|100/100
|detailschange|p1a: Glospin|Mimikyu-Busted, M
|-damage|p1a: Glospin|88/100|[from] ability: Disguise|[of] p1a: Glospin
|
|-heal|p1a: Glospin|94/100|[from] item: Leftovers
|upkeep
|turn|26
|inactive|Misimi has 90 seconds left.
|inactive|Brave24 has 90 seconds left.
|
|switch|p1a: Good Boy|Arcanine, M|86/100
|-ability|p1a: Good Boy|Intimidate|boost
|-unboost|p2a: Coalossal|atk|1
|move|p2a: Coalossal|Stone Edge|p1a: Good Boy
|-supereffective|p1a: Good Boy
|-damage|p1a: Good Boy|16/100
|
|upkeep
|turn|27
|inactive|Misimi has 90 seconds left.
|
|move|p2a: Coalossal|Earthquake|p1a: Good Boy
|-supereffective|p1a: Good Boy
|-damage|p1a: Good Boy|0 fnt
|faint|p1a: Good Boy
|
|upkeep
|
|switch|p1a: Glospin|Mimikyu-Busted, M|94/100
|turn|28
|
|move|p2a: Coalossal|Heat Crash|p1a: Glospin
|-damage|p1a: Glospin|42/100
|move|p1a: Glospin|Shadow Claw|p2a: Coalossal
|-crit|p2a: Coalossal
|-damage|p2a: Coalossal|51/100
|
|-heal|p1a: Glospin|48/100|[from] item: Leftovers
|upkeep
|turn|29
|
|move|p2a: Coalossal|Heat Crash|p1a: Glospin
|-damage|p1a: Glospin|0 fnt
|faint|p1a: Glospin
|
|upkeep
|
|switch|p1a: Kira|Obstagoon, M|63/100 brn
|turn|30
|
|move|p2a: Coalossal|Rock Polish|p2a: Coalossal
|-boost|p2a: Coalossal|spe|0
|move|p1a: Kira|Stomping Tantrum|p2a: Coalossal
|-supereffective|p2a: Coalossal
|-damage|p2a: Coalossal|0 fnt
|faint|p2a: Coalossal
|
|-damage|p1a: Kira|57/100 brn|[from] brn
|upkeep
|
|switch|p2a: Weezing|Weezing-Galar, M|100/100
|-ability|p2a: Weezing|Neutralizing Gas
|turn|31
|
|move|p1a: Kira|Stomping Tantrum|p2a: Weezing
|-supereffective|p2a: Weezing
|-damage|p2a: Weezing|80/100
|move|p2a: Weezing|Strange Steam|p1a: Kira
|-supereffective|p1a: Kira
|-damage|p1a: Kira|0 fnt
|faint|p1a: Kira
|
|win|Brave24
|l|☆Misimi
|raw|Misimi's rating: 1102 → 1074(-28 for losing)
|raw|Brave24's rating: 1064 → 1097(+33 for winning)
