|ScrapeTime|2020-01-01-00:45:27
|j|☆Insector84
|j|☆TekNoGizMo
|player|p1|Insector84|guzma|1363
|player|p2|TekNoGizMo|flannery|1362
|teamsize|p1|6
|teamsize|p2|6
|gametype|singles
|gen|8
|tier|[Gen 8] OU
|rated|
|rule|Sleep Clause Mod: Limit one foe put to sleep
|rule|Species Clause: Limit one of each Pokémon
|rule|OHKO Clause: OHKO moves are banned
|rule|Evasion Moves Clause: Evasion moves are banned
|rule|Endless Battle Clause: Forcing endless battles is banned
|rule|HP Percentage Mod: HP is shown in percentages
|clearpoke
|poke|p1|Sirfetch'd, M|
|poke|p1|Rotom-Wash|
|poke|p1|Ferrothorn, M|
|poke|p1|Dragapult, M|
|poke|p1|Arcanine, M|
|poke|p1|Barraskewda, F|
|poke|p2|Clefable, M|
|poke|p2|Salazzle, F|
|poke|p2|Ferrothorn, F|
|poke|p2|Milotic, M|
|poke|p2|Excadrill, F|
|poke|p2|Dragapult, M|
|rule|Dynamax Clause: You cannot dynamax
|teampreview
|c|☆Insector84|gl happy new year
|
|start
|switch|p1a: Arcanine|Arcanine, M|100/100
|switch|p2a: Luna|Clefable, M, shiny|100/100
|-ability|p1a: Arcanine|Intimidate|boost
|-unboost|p2a: Luna|atk|1
|turn|1
|c|☆TekNoGizMo|same to you!
|
|move|p1a: Arcanine|Flare Blitz|p2a: Luna
|-damage|p2a: Luna|58/100
|-damage|p1a: Arcanine|86/100|[from] Recoil
|move|p2a: Luna|Calm Mind|p2a: Luna
|-boost|p2a: Luna|spa|1
|-boost|p2a: Luna|spd|1
|
|-heal|p2a: Luna|64/100|[from] item: Leftovers
|upkeep
|turn|2
|
|switch|p1a: Ferrothorn|Ferrothorn, M|100/100
|move|p2a: Luna|Moonlight|p2a: Luna
|-heal|p2a: Luna|100/100
|
|upkeep
|turn|3
|
|switch|p1a: Rotom|Rotom-Wash|100/100
|move|p2a: Luna|Flamethrower|p1a: Rotom
|-resisted|p1a: Rotom
|-damage|p1a: Rotom|81/100
|
|upkeep
|turn|4
|
|switch|p2a: Dragogeist|Dragapult, M|100/100
|move|p1a: Rotom|Trick|p2a: Dragogeist
|-activate|p1a: Rotom|move: Trick|[of] p2a: Dragogeist
|-item|p2a: Dragogeist|Choice Scarf|[from] move: Trick
|-item|p1a: Rotom|Choice Specs|[from] move: Trick
|
|upkeep
|turn|5
|c|☆TekNoGizMo|sure why not lol
|c|☆Insector84|it s useless for you nice for me xd
|
|switch|p1a: Ferrothorn|Ferrothorn, M|100/100
|move|p2a: Dragogeist|Shadow Ball|p1a: Ferrothorn
|-damage|p1a: Ferrothorn|70/100
|
|-heal|p1a: Ferrothorn|77/100|[from] item: Leftovers
|upkeep
|turn|6
|c|☆TekNoGizMo|oh i see
|
|switch|p2a: Ferrothorn|Ferrothorn, F|100/100
|move|p1a: Ferrothorn|Stealth Rock|p2a: Ferrothorn
|-sidestart|p2: TekNoGizMo|move: Stealth Rock
|
|-heal|p1a: Ferrothorn|83/100|[from] item: Leftovers
|upkeep
|turn|7
|
|switch|p1a: Dragapult|Dragapult, M|100/100
|move|p2a: Ferrothorn|Spikes|p1a: Dragapult
|-sidestart|p1: Insector84|Spikes
|
|upkeep
|turn|8
|
|switch|p2a: Marina|Milotic, M|100/100
|-damage|p2a: Marina|88/100|[from] Stealth Rock
|move|p1a: Dragapult|Fire Blast|p2a: Marina
|-resisted|p2a: Marina
|-damage|p2a: Marina|75/100
|
|-heal|p2a: Marina|81/100|[from] item: Leftovers
|upkeep
|turn|9
|
|switch|p1a: Rotom|Rotom-Wash|81/100
|switch|p2a: Luna|Clefable, M, shiny|100/100
|
|upkeep
|turn|10
|
|move|p1a: Rotom|Thunderbolt|p2a: Luna
|-damage|p2a: Luna|41/100
|move|p2a: Luna|Moonblast|p1a: Rotom
|-damage|p1a: Rotom|31/100
|
|-heal|p2a: Luna|47/100|[from] item: Leftovers
|upkeep
|turn|11
|
|switch|p2a: Lagann|Excadrill, F|100/100
|-damage|p2a: Lagann|97/100|[from] Stealth Rock
|-ability|p2a: Lagann|Mold Breaker
|-item|p2a: Lagann|Air Balloon
|move|p1a: Rotom|Thunderbolt|p2a: Lagann
|-immune|p2a: Lagann
|
|upkeep
|turn|12
|
|switch|p2a: Flarea|Salazzle, F, shiny|100/100
|-damage|p2a: Flarea|76/100|[from] Stealth Rock
|switch|p1a: Ferrothorn|Ferrothorn, M|83/100
|-damage|p1a: Ferrothorn|70/100|[from] Spikes
|
|-heal|p2a: Flarea|82/100|[from] item: Leftovers
|-heal|p1a: Ferrothorn|77/100|[from] item: Leftovers
|upkeep
|turn|13
|
|switch|p1a: Arcanine|Arcanine, M|86/100
|-ability|p1a: Arcanine|Intimidate|boost
|-unboost|p2a: Flarea|atk|1
|move|p2a: Flarea|Substitute|p2a: Flarea
|-start|p2a: Flarea|Substitute
|-damage|p2a: Flarea|57/100
|
|-heal|p2a: Flarea|63/100|[from] item: Leftovers
|upkeep
|turn|14
|
|move|p2a: Flarea|Toxic|p1a: Arcanine
|-status|p1a: Arcanine|tox
|move|p1a: Arcanine|Flare Blitz|p2a: Flarea
|-resisted|p2a: Flarea
|-end|p2a: Flarea|Substitute
|-damage|p1a: Arcanine|79/100 tox|[from] Recoil|[of] p2a: Flarea
|
|-heal|p2a: Flarea|70/100|[from] item: Leftovers
|-damage|p1a: Arcanine|73/100 tox|[from] psn
|upkeep
|turn|15
|
|switch|p1a: Dragapult|Dragapult, M|100/100
|-damage|p1a: Dragapult|88/100|[from] Spikes
|move|p2a: Flarea|Disable||[still]
|-fail|p2a: Flarea
|
|-heal|p2a: Flarea|76/100|[from] item: Leftovers
|upkeep
|turn|16
|
|switch|p2a: Marina|Milotic, M|81/100
|-damage|p2a: Marina|69/100|[from] Stealth Rock
|move|p1a: Dragapult|Shadow Ball|p2a: Marina
|-damage|p2a: Marina|42/100
|
|-heal|p2a: Marina|48/100|[from] item: Leftovers
|upkeep
|turn|17
|
|switch|p1a: Rotom|Rotom-Wash|31/100
|move|p2a: Marina|Recover|p2a: Marina
|-heal|p2a: Marina|98/100
|
|-heal|p2a: Marina|100/100|[from] item: Leftovers
|upkeep
|turn|18
|
|switch|p2a: Dragogeist|Dragapult, M|100/100
|-damage|p2a: Dragogeist|88/100|[from] Stealth Rock
|move|p1a: Rotom|Trick|p2a: Dragogeist
|-activate|p1a: Rotom|move: Trick|[of] p2a: Dragogeist
|-item|p2a: Dragogeist|Choice Specs|[from] move: Trick
|-item|p1a: Rotom|Choice Scarf|[from] move: Trick
|
|upkeep
|turn|19
|c|☆TekNoGizMo|i want that back lol
|c|☆Insector84|haha gg
|
|move|p1a: Rotom|Volt Switch|p2a: Dragogeist
|-resisted|p2a: Dragogeist
|-damage|p2a: Dragogeist|67/100
|
|switch|p1a: Arcanine|Arcanine, M|73/100 tox|[from]move: Volt Switch
|-ability|p1a: Arcanine|Intimidate|boost
|-unboost|p2a: Dragogeist|atk|1
|move|p2a: Dragogeist|Shadow Ball|p1a: Arcanine
|-damage|p1a: Arcanine|16/100 tox
|
|-damage|p1a: Arcanine|10/100 tox|[from] psn
|upkeep
|turn|20
|
|move|p2a: Dragogeist|Shadow Ball|p1a: Arcanine
|-damage|p1a: Arcanine|0 fnt
|faint|p1a: Arcanine
|
|upkeep
|
|switch|p1a: Sirfetch'd|Sirfetch'd, M|100/100
|-damage|p1a: Sirfetch'd|88/100|[from] Spikes
|turn|21
|
|switch|p2a: Luna|Clefable, M, shiny|47/100
|move|p1a: Sirfetch'd|Knock Off|p2a: Luna
|-resisted|p2a: Luna
|-damage|p2a: Luna|31/100
|-enditem|p2a: Luna|Leftovers|[from] move: Knock Off|[of] p1a: Sirfetch'd
|
|upkeep
|turn|22
|
|switch|p1a: Barraskewda|Barraskewda, F|100/100
|-damage|p1a: Barraskewda|88/100|[from] Spikes
|move|p2a: Luna|Moonblast|p1a: Barraskewda
|-damage|p1a: Barraskewda|11/100
|
|upkeep
|turn|23
|
|switch|p2a: Ferrothorn|Ferrothorn, F|100/100
|-damage|p2a: Ferrothorn|95/100|[from] Stealth Rock
|move|p1a: Barraskewda|Close Combat|p2a: Ferrothorn
|-supereffective|p2a: Ferrothorn
|-damage|p2a: Ferrothorn|27/100
|-damage|p1a: Barraskewda|0 fnt|[from] ability: Iron Barbs|[of] p2a: Ferrothorn
|faint|p1a: Barraskewda
|
|-heal|p2a: Ferrothorn|33/100|[from] item: Leftovers
|upkeep
|
|switch|p1a: Sirfetch'd|Sirfetch'd, M|88/100
|-damage|p1a: Sirfetch'd|75/100|[from] Spikes
|turn|24
|
|move|p2a: Ferrothorn|Protect|p2a: Ferrothorn
|-singleturn|p2a: Ferrothorn|Protect
|move|p1a: Sirfetch'd|Knock Off|p2a: Ferrothorn
|-activate|p2a: Ferrothorn|move: Protect
|
|-heal|p2a: Ferrothorn|39/100|[from] item: Leftovers
|upkeep
|turn|25
|
|move|p1a: Sirfetch'd|Knock Off|p2a: Ferrothorn
|-crit|p2a: Ferrothorn
|-damage|p2a: Ferrothorn|2/100
|-damage|p1a: Sirfetch'd|63/100|[from] ability: Iron Barbs|[of] p2a: Ferrothorn
|-enditem|p2a: Ferrothorn|Leftovers|[from] move: Knock Off|[of] p1a: Sirfetch'd
|move|p2a: Ferrothorn|Leech Seed|p1a: Sirfetch'd
|-start|p1a: Sirfetch'd|move: Leech Seed
|
|-damage|p1a: Sirfetch'd|50/100|[from] Leech Seed|[of] p2a: Ferrothorn
|-heal|p2a: Ferrothorn|14/100|[silent]
|upkeep
|turn|26
|
|switch|p1a: Dragapult|Dragapult, M|88/100
|-damage|p1a: Dragapult|76/100|[from] Spikes
|move|p2a: Ferrothorn|Leech Seed|p1a: Dragapult
|-start|p1a: Dragapult|move: Leech Seed
|
|-damage|p1a: Dragapult|64/100|[from] Leech Seed|[of] p2a: Ferrothorn
|-heal|p2a: Ferrothorn|25/100|[silent]
|upkeep
|turn|27
|
|switch|p1a: Sirfetch'd|Sirfetch'd, M|50/100
|-damage|p1a: Sirfetch'd|38/100|[from] Spikes
|move|p2a: Ferrothorn|Protect||[still]
|-fail|p2a: Ferrothorn
|
|upkeep
|turn|28
|
|move|p2a: Ferrothorn|Protect|p2a: Ferrothorn
|-singleturn|p2a: Ferrothorn|Protect
|move|p1a: Sirfetch'd|Revenge|p2a: Ferrothorn
|-activate|p2a: Ferrothorn|move: Protect
|
|upkeep
|turn|29
|
|move|p2a: Ferrothorn|Power Whip|p1a: Sirfetch'd
|-damage|p1a: Sirfetch'd|0 fnt
|faint|p1a: Sirfetch'd
|
|upkeep
|
|switch|p1a: Dragapult|Dragapult, M|64/100
|-damage|p1a: Dragapult|51/100|[from] Spikes
|turn|30
|c|☆Insector84|gg
|-message|Insector84 forfeited.
|
|win|TekNoGizMo
|l|☆Insector84
|raw|Insector84's rating: 1363 → 1343(-20 for losing)
|raw|TekNoGizMo's rating: 1363 → 1383(+20 for winning)
