|ScrapeTime|2020-01-01-00:52:24
|j|☆Psi Warrior075
|j|☆Swaggy exe
|player|p1|Psi Warrior075|burglar|
|player|p2|Swaggy exe|dexio|
|teamsize|p1|6
|teamsize|p2|6
|gametype|singles
|gen|8
|tier|[Gen 8] OU
|rule|Sleep Clause Mod: Limit one foe put to sleep
|rule|Species Clause: Limit one of each Pokémon
|rule|OHKO Clause: OHKO moves are banned
|rule|Evasion Moves Clause: Evasion moves are banned
|rule|Endless Battle Clause: Forcing endless battles is banned
|rule|HP Percentage Mod: HP is shown in percentages
|clearpoke
|poke|p1|Barraskewda, M|
|poke|p1|Pelipper, M|
|poke|p1|Corsola-Galar, M|
|poke|p1|Toxtricity, F|
|poke|p1|Ribombee, F|
|poke|p1|Conkeldurr, M|
|poke|p2|Dragapult, M|
|poke|p2|Dugtrio, F|
|poke|p2|Rotom-Heat|
|poke|p2|Toxapex, M|
|poke|p2|Mandibuzz, F|
|poke|p2|Ferrothorn, M|
|rule|Dynamax Clause: You cannot dynamax
|teampreview
|inactive|Battle timer is ON: inactive players will automatically lose when time's up. (requested by Psi Warrior075)
|j| Magikarp60000
|inactive|Psi Warrior075 has 270 seconds left.
|inactive|Swaggy exe has 270 seconds left.
|
|start
|switch|p1a: Conkeldurr|Conkeldurr, M|100/100
|switch|p2a: Owen|Rotom-Heat, shiny|100/100
|turn|1
|
|move|p2a: Owen|Will-O-Wisp|p1a: Conkeldurr
|-status|p1a: Conkeldurr|brn
|move|p1a: Conkeldurr|Drain Punch|p2a: Owen
|-damage|p2a: Owen|30/100
|
|-damage|p1a: Conkeldurr|94/100 brn|[from] brn
|upkeep
|turn|2
|
|move|p2a: Owen|Overheat|p1a: Conkeldurr
|-damage|p1a: Conkeldurr|39/100 brn
|-unboost|p2a: Owen|spa|2
|move|p1a: Conkeldurr|Earthquake|p2a: Owen
|-immune|p2a: Owen|[from] ability: Levitate
|
|-damage|p1a: Conkeldurr|33/100 brn|[from] brn
|upkeep
|turn|3
|
|move|p1a: Conkeldurr|Mach Punch|p2a: Owen
|-damage|p2a: Owen|0 fnt
|faint|p2a: Owen
|
|-damage|p1a: Conkeldurr|27/100 brn|[from] brn
|upkeep
|
|switch|p2a: Dicktrio|Dugtrio, F|100/100
|turn|4
|
|move|p1a: Conkeldurr|Mach Punch|p2a: Dicktrio
|-crit|p2a: Dicktrio
|-enditem|p2a: Dicktrio|Focus Sash
|-damage|p2a: Dicktrio|1/100
|move|p2a: Dicktrio|Earthquake|p1a: Conkeldurr
|-damage|p1a: Conkeldurr|0 fnt
|faint|p1a: Conkeldurr
|
|upkeep
|
|switch|p1a: Pelipper|Pelipper, M|100/100
|-weather|RainDance|[from] ability: Drizzle|[of] p1a: Pelipper
|turn|5
|inactive|Swaggy exe has 270 seconds left.
|inactive|Swaggy exe has 240 seconds left.
|
|move|p2a: Dicktrio|Screech|p1a: Pelipper
|-unboost|p1a: Pelipper|def|2
|move|p1a: Pelipper|U-turn|p2a: Dicktrio
|-damage|p2a: Dicktrio|0 fnt
|faint|p2a: Dicktrio
|
|switch|p1a: Toxtricity|Toxtricity, F|100/100|[from]move: U-turn
|
|-weather|RainDance|[upkeep]
|upkeep
|
|switch|p2a: Toothless|Dragapult, M|100/100
|turn|6
|
|move|p2a: Toothless|Draco Meteor|p1a: Toxtricity
|-damage|p1a: Toxtricity|0 fnt
|-unboost|p2a: Toothless|spa|2
|faint|p1a: Toxtricity
|
|-weather|RainDance|[upkeep]
|upkeep
|
|switch|p1a: Ribombee|Ribombee, F|100/100
|turn|7
|inactive|Swaggy exe has 240 seconds left.
|
|switch|p2a: Seedmen Donor|Ferrothorn, M|100/100
|move|p1a: Ribombee|Sticky Web|p2a: Seedmen Donor
|-sidestart|p2: Swaggy exe|move: Sticky Web
|
|-weather|RainDance|[upkeep]
|upkeep
|turn|8
|inactive|Swaggy exe has 240 seconds left.
|
|switch|p1a: Corsola|Corsola-Galar, M|100/100
|move|p2a: Seedmen Donor|Stealth Rock|p1a: Corsola
|-sidestart|p1: Psi Warrior075|move: Stealth Rock
|
|-weather|RainDance|[upkeep]
|upkeep
|turn|9
|
|move|p1a: Corsola|Stealth Rock|p2a: Seedmen Donor
|-sidestart|p2: Swaggy exe|move: Stealth Rock
|move|p2a: Seedmen Donor|Leech Seed|p1a: Corsola
|-start|p1a: Corsola|move: Leech Seed
|
|-weather|RainDance|[upkeep]
|-damage|p1a: Corsola|88/100|[from] Leech Seed|[of] p2a: Seedmen Donor
|upkeep
|turn|10
|
|switch|p2a: Walk the Dinosaur|Mandibuzz, F|100/100
|move|p1a: Corsola|Will-O-Wisp|p2a: Walk the Dinosaur
|-status|p2a: Walk the Dinosaur|brn
|
|-weather|RainDance|[upkeep]
|-damage|p1a: Corsola|76/100|[from] Leech Seed|[of] p2a: Walk the Dinosaur
|-damage|p2a: Walk the Dinosaur|94/100 brn|[from] brn
|upkeep
|turn|11
|
|move|p2a: Walk the Dinosaur|Defog|p1a: Corsola
|-unboost|p1a: Corsola|evasion|1
|-sideend|p1: Psi Warrior075|Stealth Rock|[from] move: Defog|[of] p2a: Walk the Dinosaur
|-sideend|p2: Swaggy exe|Stealth Rock|[from] move: Defog|[of] p2a: Walk the Dinosaur
|-sideend|p2: Swaggy exe|Sticky Web|[from] move: Defog|[of] p2a: Walk the Dinosaur
|move|p1a: Corsola|Strength Sap|p2a: Walk the Dinosaur
|-unboost|p2a: Walk the Dinosaur|atk|1
|-heal|p1a: Corsola|100/100
|
|-weather|RainDance|[upkeep]
|-damage|p1a: Corsola|88/100|[from] Leech Seed|[of] p2a: Walk the Dinosaur
|-heal|p2a: Walk the Dinosaur|100/100 brn|[silent]
|-damage|p2a: Walk the Dinosaur|94/100 brn|[from] brn
|upkeep
|turn|12
|inactive|Psi Warrior075 has 270 seconds left.
|
|switch|p1a: Pelipper|Pelipper, M|100/100
|move|p2a: Walk the Dinosaur|Taunt|p1a: Pelipper
|-start|p1a: Pelipper|move: Taunt
|
|-weather|none
|-damage|p2a: Walk the Dinosaur|88/100 brn|[from] brn
|upkeep
|turn|13
|inactive|Swaggy exe has 270 seconds left.
|
|move|p2a: Walk the Dinosaur|Knock Off|p1a: Pelipper
|-damage|p1a: Pelipper|94/100
|-enditem|p1a: Pelipper|Damp Rock|[from] move: Knock Off|[of] p2a: Walk the Dinosaur
|move|p1a: Pelipper|U-turn|p2a: Walk the Dinosaur
|-damage|p2a: Walk the Dinosaur|82/100 brn
|inactive|Psi Warrior075 has 270 seconds left.
|
|switch|p1a: Ribombee|Ribombee, F|100/100|[from]move: U-turn
|
|-damage|p2a: Walk the Dinosaur|76/100 brn|[from] brn
|upkeep
|turn|14
|inactive|Swaggy exe has 270 seconds left.
|
|move|p1a: Ribombee|Moonblast|p2a: Walk the Dinosaur
|-supereffective|p2a: Walk the Dinosaur
|-damage|p2a: Walk the Dinosaur|27/100 brn
|-unboost|p2a: Walk the Dinosaur|spa|1
|move|p2a: Walk the Dinosaur|Taunt|p1a: Ribombee
|-start|p1a: Ribombee|move: Taunt
|
|-damage|p2a: Walk the Dinosaur|21/100 brn|[from] brn
|upkeep
|turn|15
|
|switch|p1a: Corsola|Corsola-Galar, M|88/100
|switch|p2a: Seedmen Donor|Ferrothorn, M|100/100
|
|upkeep
|turn|16
|
|switch|p2a: Walk the Dinosaur|Mandibuzz, F|21/100 brn
|move|p1a: Corsola|Stealth Rock|p2a: Walk the Dinosaur
|-sidestart|p2: Swaggy exe|move: Stealth Rock
|
|-damage|p2a: Walk the Dinosaur|15/100 brn|[from] brn
|upkeep
|turn|17
|
|move|p2a: Walk the Dinosaur|Roost|p2a: Walk the Dinosaur
|-heal|p2a: Walk the Dinosaur|65/100 brn
|-singleturn|p2a: Walk the Dinosaur|move: Roost
|move|p1a: Corsola|Strength Sap|p2a: Walk the Dinosaur
|-unboost|p2a: Walk the Dinosaur|atk|1
|-heal|p1a: Corsola|100/100
|
|-damage|p2a: Walk the Dinosaur|59/100 brn|[from] brn
|upkeep
|turn|18
|
|switch|p1a: Ribombee|Ribombee, F|100/100
|move|p2a: Walk the Dinosaur|Defog|p1a: Ribombee
|-unboost|p1a: Ribombee|evasion|1
|-sideend|p2: Swaggy exe|Stealth Rock|[from] move: Defog|[of] p2a: Walk the Dinosaur
|
|-damage|p2a: Walk the Dinosaur|53/100 brn|[from] brn
|upkeep
|turn|19
|
|move|p1a: Ribombee|Moonblast|p2a: Walk the Dinosaur
|-supereffective|p2a: Walk the Dinosaur
|-damage|p2a: Walk the Dinosaur|8/100 brn
|move|p2a: Walk the Dinosaur|Taunt|p1a: Ribombee
|-start|p1a: Ribombee|move: Taunt
|
|-damage|p2a: Walk the Dinosaur|1/100 brn|[from] brn
|upkeep
|turn|20
|
|move|p1a: Ribombee|Moonblast|p2a: Walk the Dinosaur
|-supereffective|p2a: Walk the Dinosaur
|-damage|p2a: Walk the Dinosaur|0 fnt
|faint|p2a: Walk the Dinosaur
|
|upkeep
|
|switch|p2a: Seedmen Donor|Ferrothorn, M|100/100
|turn|21
|
|switch|p1a: Corsola|Corsola-Galar, M|100/100
|move|p2a: Seedmen Donor|Leech Seed|p1a: Corsola|[miss]
|-miss|p2a: Seedmen Donor|p1a: Corsola
|
|upkeep
|turn|22
|
|move|p1a: Corsola|Will-O-Wisp|p2a: Seedmen Donor|[miss]
|-miss|p1a: Corsola|p2a: Seedmen Donor
|move|p2a: Seedmen Donor|Leech Seed|p1a: Corsola
|-start|p1a: Corsola|move: Leech Seed
|
|-damage|p1a: Corsola|88/100|[from] Leech Seed|[of] p2a: Seedmen Donor
|upkeep
|turn|23
|
|switch|p2a: Nectar|Toxapex, M|100/100
|move|p1a: Corsola|Stealth Rock|p2a: Nectar
|-sidestart|p2: Swaggy exe|move: Stealth Rock
|
|-damage|p1a: Corsola|76/100|[from] Leech Seed|[of] p2a: Nectar
|upkeep
|turn|24
|
|switch|p1a: Pelipper|Pelipper, M|94/100
|-weather|RainDance|[from] ability: Drizzle|[of] p1a: Pelipper
|move|p2a: Nectar|Toxic|p1a: Pelipper
|-status|p1a: Pelipper|tox
|
|-weather|RainDance|[upkeep]
|-damage|p1a: Pelipper|88/100 tox|[from] psn
|upkeep
|turn|25
|
|move|p1a: Pelipper|Hurricane|p2a: Nectar
|-damage|p2a: Nectar|69/100
|move|p2a: Nectar|Toxic|p1a: Pelipper
|-fail|p1a: Pelipper|tox
|
|-weather|RainDance|[upkeep]
|-heal|p2a: Nectar|75/100|[from] item: Black Sludge
|-damage|p1a: Pelipper|76/100 tox|[from] psn
|upkeep
|turn|26
|
|switch|p1a: Barraskewda|Barraskewda, M|100/100
|move|p2a: Nectar|Recover|p2a: Nectar
|-heal|p2a: Nectar|100/100
|
|-weather|RainDance|[upkeep]
|upkeep
|turn|27
|
|move|p1a: Barraskewda|Psychic Fangs|p2a: Nectar
|-supereffective|p2a: Nectar
|-damage|p2a: Nectar|48/100
|move|p2a: Nectar|Toxic|p1a: Barraskewda
|-status|p1a: Barraskewda|tox
|
|-weather|RainDance|[upkeep]
|-heal|p2a: Nectar|54/100|[from] item: Black Sludge
|-damage|p1a: Barraskewda|94/100 tox|[from] psn
|upkeep
|turn|28
|
|move|p1a: Barraskewda|Psychic Fangs|p2a: Nectar
|-supereffective|p2a: Nectar
|-damage|p2a: Nectar|0 fnt
|faint|p2a: Nectar
|
|-weather|none
|-damage|p1a: Barraskewda|82/100 tox|[from] psn
|upkeep
|
|switch|p2a: Toothless|Dragapult, M|100/100
|-damage|p2a: Toothless|88/100|[from] Stealth Rock
|turn|29
|
|switch|p1a: Corsola|Corsola-Galar, M|76/100
|move|p2a: Toothless|Shadow Ball|p1a: Corsola
|-supereffective|p1a: Corsola
|-damage|p1a: Corsola|5/100
|
|upkeep
|turn|30
|
|move|p2a: Toothless|Shadow Ball|p1a: Corsola
|-supereffective|p1a: Corsola
|-damage|p1a: Corsola|0 fnt
|faint|p1a: Corsola
|
|upkeep
|
|switch|p1a: Ribombee|Ribombee, F|100/100
|turn|31
|
|move|p2a: Toothless|Shadow Ball|p1a: Ribombee
|-damage|p1a: Ribombee|7/100
|move|p1a: Ribombee|Moonblast|p2a: Toothless
|-supereffective|p2a: Toothless
|-damage|p2a: Toothless|0 fnt
|faint|p2a: Toothless
|
|upkeep
|
|switch|p2a: Seedmen Donor|Ferrothorn, M|100/100
|-damage|p2a: Seedmen Donor|94/100|[from] Stealth Rock
|turn|32
|
|move|p1a: Ribombee|Moonblast|p2a: Seedmen Donor
|-resisted|p2a: Seedmen Donor
|-damage|p2a: Seedmen Donor|82/100
|move|p2a: Seedmen Donor|Leech Seed|p1a: Ribombee
|-start|p1a: Ribombee|move: Leech Seed
|
|-heal|p2a: Seedmen Donor|88/100|[from] item: Leftovers
|-damage|p1a: Ribombee|0 fnt|[from] Leech Seed|[of] p2a: Seedmen Donor
|-heal|p2a: Seedmen Donor|93/100|[silent]
|faint|p1a: Ribombee
|upkeep
|
|switch|p1a: Pelipper|Pelipper, M|76/100 tox
|-weather|RainDance|[from] ability: Drizzle|[of] p1a: Pelipper
|turn|33
|
|move|p1a: Pelipper|Hurricane|p2a: Seedmen Donor
|-damage|p2a: Seedmen Donor|67/100
|-start|p2a: Seedmen Donor|confusion
|-activate|p2a: Seedmen Donor|confusion
|move|p2a: Seedmen Donor|Leech Seed|p1a: Pelipper
|-start|p1a: Pelipper|move: Leech Seed
|
|-weather|RainDance|[upkeep]
|-heal|p2a: Seedmen Donor|74/100|[from] item: Leftovers
|-damage|p1a: Pelipper|63/100 tox|[from] Leech Seed|[of] p2a: Seedmen Donor
|-heal|p2a: Seedmen Donor|85/100|[silent]
|-damage|p1a: Pelipper|57/100 tox|[from] psn
|upkeep
|turn|34
|
|move|p1a: Pelipper|Hurricane|p2a: Seedmen Donor
|-damage|p2a: Seedmen Donor|62/100
|-activate|p2a: Seedmen Donor|confusion
|-damage|p2a: Seedmen Donor|55/100|[from] confusion
|
|-weather|RainDance|[upkeep]
|-heal|p2a: Seedmen Donor|62/100|[from] item: Leftovers
|-damage|p1a: Pelipper|45/100 tox|[from] Leech Seed|[of] p2a: Seedmen Donor
|-heal|p2a: Seedmen Donor|73/100|[silent]
|-damage|p1a: Pelipper|33/100 tox|[from] psn
|upkeep
|turn|35
|
|-end|p2a: Seedmen Donor|confusion
|move|p2a: Seedmen Donor|Protect|p2a: Seedmen Donor
|-singleturn|p2a: Seedmen Donor|Protect
|move|p1a: Pelipper|Scald|p2a: Seedmen Donor
|-activate|p2a: Seedmen Donor|move: Protect
|
|-weather|RainDance|[upkeep]
|-heal|p2a: Seedmen Donor|79/100|[from] item: Leftovers
|-damage|p1a: Pelipper|20/100 tox|[from] Leech Seed|[of] p2a: Seedmen Donor
|-heal|p2a: Seedmen Donor|91/100|[silent]
|-damage|p1a: Pelipper|2/100 tox|[from] psn
|upkeep
|turn|36
|
|move|p2a: Seedmen Donor|Protect||[still]
|-fail|p2a: Seedmen Donor
|move|p1a: Pelipper|Hurricane|p2a: Seedmen Donor
|-damage|p2a: Seedmen Donor|69/100
|
|-weather|RainDance|[upkeep]
|-heal|p2a: Seedmen Donor|75/100|[from] item: Leftovers
|-damage|p1a: Pelipper|0 fnt|[from] Leech Seed|[of] p2a: Seedmen Donor
|-heal|p2a: Seedmen Donor|76/100|[silent]
|faint|p1a: Pelipper
|upkeep
|
|switch|p1a: Barraskewda|Barraskewda, M|82/100 tox
|turn|37
|
|move|p1a: Barraskewda|Close Combat|p2a: Seedmen Donor
|-supereffective|p2a: Seedmen Donor
|-damage|p2a: Seedmen Donor|0 fnt
|-damage|p1a: Barraskewda|70/100 tox|[from] ability: Iron Barbs|[of] p2a: Seedmen Donor
|-unboost|p1a: Barraskewda|def|1
|-unboost|p1a: Barraskewda|spd|1
|faint|p2a: Seedmen Donor
|
|win|Psi Warrior075
|l|☆Swaggy exe
