|ScrapeTime|2020-01-01-01:42:31
|j|☆cooldudeyo2879
|j|☆BOX CRUSHER
|player|p1|cooldudeyo2879|266|1372
|player|p2|BOX CRUSHER|fisherman|1395
|teamsize|p1|6
|teamsize|p2|6
|gametype|singles
|gen|8
|tier|[Gen 8] OU
|rated|
|rule|Sleep Clause Mod: Limit one foe put to sleep
|rule|Species Clause: Limit one of each Pokémon
|rule|OHKO Clause: OHKO moves are banned
|rule|Evasion Moves Clause: Evasion moves are banned
|rule|Endless Battle Clause: Forcing endless battles is banned
|rule|HP Percentage Mod: HP is shown in percentages
|clearpoke
|poke|p1|Dragapult, F|
|poke|p1|Ferrothorn, M|
|poke|p1|Gastrodon, M|
|poke|p1|Mimikyu, F|
|poke|p1|Grimmsnarl, M|
|poke|p1|Dracovish|
|poke|p2|Trevenant, F|
|poke|p2|Xatu, F|
|poke|p2|Lapras, F|
|poke|p2|Grimmsnarl, M|
|poke|p2|Excadrill, F|
|poke|p2|Coalossal, M|
|rule|Dynamax Clause: You cannot dynamax
|teampreview
|inactive|Battle timer is ON: inactive players will automatically lose when time's up. (requested by cooldudeyo2879)
|
|start
|switch|p1a: Grimmsnarl|Grimmsnarl, M|100/100
|switch|p2a: Excadrill|Excadrill, F|100/100
|-ability|p2a: Excadrill|Mold Breaker
|turn|1
|
|move|p1a: Grimmsnarl|Reflect|p1a: Grimmsnarl
|-sidestart|p1: cooldudeyo2879|Reflect
|move|p2a: Excadrill|Earthquake|p1a: Grimmsnarl
|-damage|p1a: Grimmsnarl|70/100
|
|upkeep
|turn|2
|
|move|p1a: Grimmsnarl|Light Screen|p1a: Grimmsnarl
|-sidestart|p1: cooldudeyo2879|move: Light Screen
|move|p2a: Excadrill|Earthquake|p1a: Grimmsnarl
|-damage|p1a: Grimmsnarl|27/100
|
|upkeep
|turn|3
|
|move|p1a: Grimmsnarl|Sucker Punch|p2a: Excadrill
|-damage|p2a: Excadrill|47/100
|move|p2a: Excadrill|Earthquake|p1a: Grimmsnarl
|-damage|p1a: Grimmsnarl|0 fnt
|faint|p1a: Grimmsnarl
|
|upkeep
|
|switch|p1a: Dracovish|Dracovish|100/100
|turn|4
|
|switch|p2a: Lapras|Lapras, F|100/100
|move|p1a: Dracovish|Fishious Rend|p2a: Lapras
|-immune|p2a: Lapras|[from] ability: Water Absorb
|
|upkeep
|turn|5
|
|switch|p1a: Dragapult|Dragapult, F|100/100
|move|p2a: Lapras|Freeze-Dry|p1a: Dragapult
|-supereffective|p1a: Dragapult
|-damage|p1a: Dragapult|70/100
|
|upkeep
|turn|6
|
|move|p1a: Dragapult|Draco Meteor|p2a: Lapras
|-damage|p2a: Lapras|56/100
|-unboost|p1a: Dragapult|spa|2
|move|p2a: Lapras|Freeze-Dry|p1a: Dragapult
|-supereffective|p1a: Dragapult
|-damage|p1a: Dragapult|44/100
|
|-heal|p2a: Lapras|62/100|[from] item: Leftovers
|upkeep
|turn|7
|
|switch|p1a: Ferrothorn|Ferrothorn, M|100/100
|move|p2a: Lapras|Freeze-Dry|p1a: Ferrothorn
|-damage|p1a: Ferrothorn|91/100
|
|-heal|p2a: Lapras|68/100|[from] item: Leftovers
|-heal|p1a: Ferrothorn|97/100|[from] item: Leftovers
|upkeep
|turn|8
|
|switch|p2a: Xatu|Xatu, F|100/100
|move|p1a: Ferrothorn|Stealth Rock|p2a: Xatu
|move|p2a: Xatu|Stealth Rock|p1a: Ferrothorn|[from]Magic Bounce
|-sidestart|p1: cooldudeyo2879|move: Stealth Rock
|
|-heal|p1a: Ferrothorn|100/100|[from] item: Leftovers
|-sideend|p1: cooldudeyo2879|Reflect
|upkeep
|turn|9
|-message|cooldudeyo2879 forfeited.
|
|win|BOX CRUSHER
|l|☆cooldudeyo2879
|raw|cooldudeyo2879's rating: 1372 → 1354(-18 for losing)
|raw|BOX CRUSHER's rating: 1395 → 1414(+19 for winning)
