|ScrapeTime|2020-01-01-01:54:24
|j|☆Ctrl G-Max
|j|☆deeznhut
|player|p1|Ctrl G-Max|188|1226
|player|p2|deeznhut|unknown|1273
|teamsize|p1|6
|teamsize|p2|6
|gametype|singles
|gen|8
|tier|[Gen 8] OU
|rated|
|rule|Sleep Clause Mod: Limit one foe put to sleep
|rule|Species Clause: Limit one of each Pokémon
|rule|OHKO Clause: OHKO moves are banned
|rule|Evasion Moves Clause: Evasion moves are banned
|rule|Endless Battle Clause: Forcing endless battles is banned
|rule|HP Percentage Mod: HP is shown in percentages
|clearpoke
|poke|p1|Drapion, F|
|poke|p1|Cinderace, M|
|poke|p1|Dracovish|
|poke|p1|Lapras, M|
|poke|p1|Polteageist|
|poke|p1|Togekiss, F|
|poke|p2|Obstagoon, M|
|poke|p2|Cofagrigus, M|
|poke|p2|Manectric, M|
|poke|p2|Dugtrio, M|
|poke|p2|Hitmonlee, M|
|poke|p2|Araquanid, F|
|rule|Dynamax Clause: You cannot dynamax
|teampreview
|inactive|Battle timer is ON: inactive players will automatically lose when time's up. (requested by Ctrl G-Max)
|
|start
|switch|p1a: Lapras|Lapras, M|100/100
|switch|p2a: Manectric|Manectric, M|100/100
|turn|1
|
|switch|p1a: Drapion|Drapion, F|100/100
|move|p2a: Manectric|Thunderbolt|p1a: Drapion
|-damage|p1a: Drapion|17/100
|
|-heal|p1a: Drapion|23/100|[from] item: Black Sludge
|upkeep
|turn|2
|
|move|p2a: Manectric|Thunderbolt|p1a: Drapion
|-damage|p1a: Drapion|0 fnt
|faint|p1a: Drapion
|
|upkeep
|
|switch|p1a: Dracovish|Dracovish|100/100
|turn|3
|
|switch|p2a: Araquanid|Araquanid, F|100/100
|move|p1a: Dracovish|Fishious Rend|p2a: Araquanid
|-resisted|p2a: Araquanid
|-damage|p2a: Araquanid|44/100
|
|-heal|p2a: Araquanid|50/100|[from] item: Leftovers
|upkeep
|turn|4
|
|move|p1a: Dracovish|Fishious Rend|p2a: Araquanid
|-resisted|p2a: Araquanid
|-damage|p2a: Araquanid|0 fnt
|faint|p2a: Araquanid
|
|upkeep
|inactive|deeznhut has 120 seconds left.
|
|switch|p2a: Cofagrigus|Cofagrigus, M|100/100
|turn|5
|
|switch|p1a: Togekiss|Togekiss, F|100/100
|move|p2a: Cofagrigus|Will-O-Wisp|p1a: Togekiss
|-status|p1a: Togekiss|brn
|
|-damage|p1a: Togekiss|94/100 brn|[from] brn
|upkeep
|turn|6
|
|switch|p2a: Manectric|Manectric, M|100/100
|move|p1a: Togekiss|Substitute|p1a: Togekiss
|-start|p1a: Togekiss|Substitute
|-damage|p1a: Togekiss|70/100 brn
|
|-heal|p1a: Togekiss|76/100 brn|[from] item: Leftovers
|-damage|p1a: Togekiss|70/100 brn|[from] brn
|upkeep
|turn|7
|
|move|p2a: Manectric|Volt Switch|p1a: Togekiss
|-supereffective|p1a: Togekiss
|-end|p1a: Togekiss|Substitute
|
|switch|p2a: Cofagrigus|Cofagrigus, M|100/100|[from]move: Volt Switch
|move|p1a: Togekiss|Dazzling Gleam|p2a: Cofagrigus
|-damage|p2a: Cofagrigus|63/100
|
|-heal|p1a: Togekiss|76/100 brn|[from] item: Leftovers
|-heal|p2a: Cofagrigus|69/100|[from] item: Leftovers
|-damage|p1a: Togekiss|70/100 brn|[from] brn
|upkeep
|turn|8
|
|move|p1a: Togekiss|Substitute|p1a: Togekiss
|-start|p1a: Togekiss|Substitute
|-damage|p1a: Togekiss|45/100 brn
|move|p2a: Cofagrigus|Hex|p1a: Togekiss
|-end|p1a: Togekiss|Substitute
|
|-heal|p1a: Togekiss|51/100 brn|[from] item: Leftovers
|-heal|p2a: Cofagrigus|75/100|[from] item: Leftovers
|-damage|p1a: Togekiss|45/100 brn|[from] brn
|upkeep
|turn|9
|
|switch|p1a: Lapras|Lapras, M|100/100
|switch|p2a: Manectric|Manectric, M|100/100
|
|upkeep
|turn|10
|
|move|p1a: Lapras|Protect|p1a: Lapras
|-singleturn|p1a: Lapras|Protect
|move|p2a: Manectric|Volt Switch|p1a: Lapras
|-activate|p1a: Lapras|move: Protect
|
|upkeep
|turn|11
|
|move|p2a: Manectric|Volt Switch|p1a: Lapras
|-supereffective|p1a: Lapras
|-damage|p1a: Lapras|31/100
|
|switch|p2a: Hitmonlee|Hitmonlee, M|100/100|[from]move: Volt Switch
|move|p1a: Lapras|Whirlpool|p2a: Hitmonlee
|-damage|p2a: Hitmonlee|92/100
|-activate|p2a: Hitmonlee|move: Whirlpool|[of] p1a: Lapras
|
|-heal|p1a: Lapras|37/100|[from] item: Leftovers
|-damage|p2a: Hitmonlee|79/100|[from] move: Whirlpool|[partiallytrapped]
|upkeep
|turn|12
|
|move|p1a: Lapras|Protect|p1a: Lapras
|-singleturn|p1a: Lapras|Protect
|move|p2a: Hitmonlee|Earthquake|p1a: Lapras
|-activate|p1a: Lapras|move: Protect
|
|-heal|p1a: Lapras|43/100|[from] item: Leftovers
|-damage|p2a: Hitmonlee|67/100|[from] move: Whirlpool|[partiallytrapped]
|upkeep
|turn|13
|
|move|p2a: Hitmonlee|Poison Jab|p1a: Lapras
|-damage|p1a: Lapras|28/100
|-status|p1a: Lapras|psn
|move|p1a: Lapras|Perish Song|p1a: Lapras
|-start|p1a: Lapras|perish3|[silent]
|-start|p2a: Hitmonlee|perish3|[silent]
|-fieldactivate|move: Perish Song
|
|-heal|p1a: Lapras|34/100 psn|[from] item: Leftovers
|-damage|p1a: Lapras|22/100 psn|[from] psn
|-damage|p2a: Hitmonlee|54/100|[from] move: Whirlpool|[partiallytrapped]
|-start|p2a: Hitmonlee|perish3
|-start|p1a: Lapras|perish3
|upkeep
|turn|14
|
|move|p1a: Lapras|Protect|p1a: Lapras
|-singleturn|p1a: Lapras|Protect
|move|p2a: Hitmonlee|Earthquake|p1a: Lapras
|-activate|p1a: Lapras|move: Protect
|
|-heal|p1a: Lapras|28/100 psn|[from] item: Leftovers
|-damage|p1a: Lapras|16/100 psn|[from] psn
|-damage|p2a: Hitmonlee|42/100|[from] move: Whirlpool|[partiallytrapped]
|-start|p2a: Hitmonlee|perish2
|-start|p1a: Lapras|perish2
|upkeep
|turn|15
|
|move|p2a: Hitmonlee|High Jump Kick|p1a: Lapras
|-supereffective|p1a: Lapras
|-damage|p1a: Lapras|0 fnt
|faint|p1a: Lapras
|
|-end|p2a: Hitmonlee|Whirlpool|[partiallytrapped]
|-start|p2a: Hitmonlee|perish1
|upkeep
|
|switch|p1a: Polteageist|Polteageist|100/100
|turn|16
|
|move|p2a: Hitmonlee|Earthquake|p1a: Polteageist
|-damage|p1a: Polteageist|38/100
|-ability|p1a: Polteageist|Weak Armor|boost
|-unboost|p1a: Polteageist|def|1
|-boost|p1a: Polteageist|spe|2
|move|p1a: Polteageist|Shell Smash|p1a: Polteageist
|-unboost|p1a: Polteageist|def|1
|-unboost|p1a: Polteageist|spd|1
|-boost|p1a: Polteageist|atk|2
|-boost|p1a: Polteageist|spa|2
|-boost|p1a: Polteageist|spe|2
|
|-start|p2a: Hitmonlee|perish0
|upkeep
|faint|p2a: Hitmonlee
|
|switch|p2a: Dugtrio|Dugtrio, M|100/100
|turn|17
|
|move|p1a: Polteageist|Strength Sap|p2a: Dugtrio
|-unboost|p2a: Dugtrio|atk|1
|-heal|p1a: Polteageist|100/100
|move|p2a: Dugtrio|Earthquake|p1a: Polteageist
|-enditem|p1a: Polteageist|Focus Sash
|-damage|p1a: Polteageist|1/100
|-ability|p1a: Polteageist|Weak Armor|boost
|-unboost|p1a: Polteageist|def|1
|-boost|p1a: Polteageist|spe|2
|
|upkeep
|turn|18
|
|move|p1a: Polteageist|Shadow Ball|p2a: Dugtrio
|-enditem|p2a: Dugtrio|Focus Sash
|-damage|p2a: Dugtrio|1/100
|move|p2a: Dugtrio|Earthquake|p1a: Polteageist
|-damage|p1a: Polteageist|0 fnt
|faint|p1a: Polteageist
|
|upkeep
|
|switch|p1a: Dracovish|Dracovish|100/100
|turn|19
|
|switch|p2a: Cofagrigus|Cofagrigus, M|75/100
|move|p1a: Dracovish|Fishious Rend|p2a: Cofagrigus
|-damage|p2a: Cofagrigus|20/100
|-activate|p2a: Cofagrigus|ability: Mummy|Strong Jaw|[of] p1a: Dracovish
|
|-heal|p2a: Cofagrigus|26/100|[from] item: Leftovers
|upkeep
|turn|20
|
|move|p1a: Dracovish|Fishious Rend|p2a: Cofagrigus
|-damage|p2a: Cofagrigus|0 fnt
|faint|p2a: Cofagrigus
|
|upkeep
|
|switch|p2a: Manectric|Manectric, M|100/100
|turn|21
|
|switch|p1a: Togekiss|Togekiss, F|45/100 brn
|move|p2a: Manectric|Thunderbolt|p1a: Togekiss
|-supereffective|p1a: Togekiss
|-damage|p1a: Togekiss|0 fnt
|faint|p1a: Togekiss
|
|upkeep
|
|switch|p1a: Cinderace|Cinderace, M|100/100
|turn|22
|
|switch|p2a: Obstagoon|Obstagoon, M|100/100
|move|p1a: Cinderace|Pyro Ball|p2a: Obstagoon
|-damage|p2a: Obstagoon|40/100
|
|-status|p2a: Obstagoon|brn|[from] item: Flame Orb
|upkeep
|turn|23
|
|move|p1a: Cinderace|U-turn|p2a: Obstagoon
|-supereffective|p2a: Obstagoon
|-damage|p2a: Obstagoon|0 fnt
|faint|p2a: Obstagoon
|
|switch|p1a: Dracovish|Dracovish|100/100|[from]move: U-turn
|
|upkeep
|
|switch|p2a: Manectric|Manectric, M|100/100
|turn|24
|
|move|p1a: Dracovish|Fishious Rend|p2a: Manectric
|-damage|p2a: Manectric|0 fnt
|faint|p2a: Manectric
|
|upkeep
|-message|deeznhut forfeited.
|
|win|Ctrl G-Max
|c|☆Ctrl G-Max|gg
|l|☆deeznhut
