|ScrapeTime|2020-01-01-03:26:31
|j|☆PotatoChop
|j|☆david161001
|player|p1|PotatoChop|1|1256
|player|p2|david161001|burglar|1284
|teamsize|p1|6
|teamsize|p2|6
|gametype|singles
|gen|8
|tier|[Gen 8] OU
|rated|
|rule|Sleep Clause Mod: Limit one foe put to sleep
|rule|Species Clause: Limit one of each Pokémon
|rule|OHKO Clause: OHKO moves are banned
|rule|Evasion Moves Clause: Evasion moves are banned
|rule|Endless Battle Clause: Forcing endless battles is banned
|rule|HP Percentage Mod: HP is shown in percentages
|clearpoke
|poke|p1|Excadrill, M|
|poke|p1|Dragapult, M|
|poke|p1|Ferrothorn, F|
|poke|p1|Toxapex, M|
|poke|p1|Cinderace, M|
|poke|p1|Kommo-o, F|
|poke|p2|Aegislash, M|
|poke|p2|Dracozolt|
|poke|p2|Gyarados, M|
|poke|p2|Grimmsnarl, M|
|poke|p2|Toxtricity, M|
|poke|p2|Hawlucha, M|
|rule|Dynamax Clause: You cannot dynamax
|teampreview
|inactive|Battle timer is ON: inactive players will automatically lose when time's up. (requested by david161001)
|
|start
|switch|p1a: Ferrothorn|Ferrothorn, F|100/100
|switch|p2a: Gyarados|Gyarados, M|100/100
|turn|1
|
|move|p2a: Gyarados|Substitute|p2a: Gyarados
|-start|p2a: Gyarados|Substitute
|-damage|p2a: Gyarados|76/100
|move|p1a: Ferrothorn|Stealth Rock|p2a: Gyarados
|-sidestart|p2: david161001|move: Stealth Rock
|
|-heal|p2a: Gyarados|82/100|[from] item: Leftovers
|upkeep
|turn|2
|
|move|p2a: Gyarados|Dragon Dance|p2a: Gyarados
|-boost|p2a: Gyarados|atk|1
|-boost|p2a: Gyarados|spe|1
|move|p1a: Ferrothorn|Power Whip|p2a: Gyarados
|-end|p2a: Gyarados|Substitute
|
|-heal|p2a: Gyarados|88/100|[from] item: Leftovers
|upkeep
|turn|3
|
|move|p2a: Gyarados|Substitute|p2a: Gyarados
|-start|p2a: Gyarados|Substitute
|-damage|p2a: Gyarados|63/100
|move|p1a: Ferrothorn|Power Whip|p2a: Gyarados
|-end|p2a: Gyarados|Substitute
|
|-heal|p2a: Gyarados|69/100|[from] item: Leftovers
|upkeep
|turn|4
|
|move|p2a: Gyarados|Substitute|p2a: Gyarados
|-start|p2a: Gyarados|Substitute
|-damage|p2a: Gyarados|44/100
|move|p1a: Ferrothorn|Power Whip|p2a: Gyarados
|-end|p2a: Gyarados|Substitute
|
|-heal|p2a: Gyarados|50/100|[from] item: Leftovers
|upkeep
|turn|5
|
|move|p2a: Gyarados|Substitute|p2a: Gyarados
|-start|p2a: Gyarados|Substitute
|-damage|p2a: Gyarados|26/100
|move|p1a: Ferrothorn|Power Whip|p2a: Gyarados
|-end|p2a: Gyarados|Substitute
|
|-heal|p2a: Gyarados|32/100|[from] item: Leftovers
|upkeep
|turn|6
|
|move|p2a: Gyarados|Substitute|p2a: Gyarados
|-start|p2a: Gyarados|Substitute
|-damage|p2a: Gyarados|7/100
|move|p1a: Ferrothorn|Power Whip|p2a: Gyarados
|-end|p2a: Gyarados|Substitute
|
|-heal|p2a: Gyarados|13/100|[from] item: Leftovers
|upkeep
|turn|7
|-message|david161001 forfeited.
|
|win|PotatoChop
|l|☆david161001
|raw|PotatoChop's rating: 1256 → 1283(+27 for winning)
|raw|david161001's rating: 1284 → 1257(-27 for losing)
