|ScrapeTime|2020-01-01-03:26:29
|j|☆tong444
|j|☆sucker for oli
|player|p1|tong444|clerkf|1428
|player|p2|sucker for oli|waiter-gen4dp|1434
|teamsize|p1|6
|teamsize|p2|6
|gametype|singles
|gen|8
|tier|[Gen 8] OU
|rated|
|rule|Sleep Clause Mod: Limit one foe put to sleep
|rule|Species Clause: Limit one of each Pokémon
|rule|OHKO Clause: OHKO moves are banned
|rule|Evasion Moves Clause: Evasion moves are banned
|rule|Endless Battle Clause: Forcing endless battles is banned
|rule|HP Percentage Mod: HP is shown in percentages
|clearpoke
|poke|p1|Tyranitar, M|
|poke|p1|Dracovish|
|poke|p1|Corsola-Galar, F|
|poke|p1|Conkeldurr, F|
|poke|p1|Dragapult, M|
|poke|p1|Ferrothorn, M|
|poke|p2|Toxtricity-Low-Key, F|
|poke|p2|Dragapult, M|
|poke|p2|Mandibuzz, F|
|poke|p2|Ferrothorn, M|
|poke|p2|Corviknight, M|
|poke|p2|Toxapex, M|
|rule|Dynamax Clause: You cannot dynamax
|teampreview
|j| James Garden
|inactive|Battle timer is ON: inactive players will automatically lose when time's up. (requested by tong444)
|
|start
|switch|p1a: Conkeldurr|Conkeldurr, F, shiny|100/100
|switch|p2a: Mandibuzz|Mandibuzz, F, shiny|100/100
|turn|1
|
|switch|p1a: Ferrothorn|Ferrothorn, M|100/100
|move|p2a: Mandibuzz|Knock Off|p1a: Ferrothorn
|-damage|p1a: Ferrothorn|88/100
|-damage|p2a: Mandibuzz|88/100|[from] ability: Iron Barbs|[of] p1a: Ferrothorn
|-enditem|p1a: Ferrothorn|Leftovers|[from] move: Knock Off|[of] p2a: Mandibuzz
|
|upkeep
|turn|2
|
|switch|p2a: Ferrothorn|Ferrothorn, M, shiny|100/100
|move|p1a: Ferrothorn|Knock Off|p2a: Ferrothorn
|-damage|p2a: Ferrothorn|88/100
|-damage|p1a: Ferrothorn|75/100|[from] ability: Iron Barbs|[of] p2a: Ferrothorn
|-enditem|p2a: Ferrothorn|Leftovers|[from] move: Knock Off|[of] p1a: Ferrothorn
|
|upkeep
|turn|3
|
|switch|p1a: Conkeldurr|Conkeldurr, F, shiny|100/100
|move|p2a: Ferrothorn|Stealth Rock|p1a: Conkeldurr
|-sidestart|p1: tong444|move: Stealth Rock
|
|-status|p1a: Conkeldurr|brn|[from] item: Flame Orb
|upkeep
|turn|4
|inactive|sucker for oli has 120 seconds left.
|c|☆tong444|。
|
|switch|p2a: Dragapult|Dragapult, M|100/100
|move|p1a: Conkeldurr|Earthquake|p2a: Dragapult
|-damage|p2a: Dragapult|17/100
|
|-damage|p1a: Conkeldurr|94/100 brn|[from] brn
|upkeep
|turn|5
|
|switch|p1a: 宋小宝|Tyranitar, M|100/100
|-damage|p1a: 宋小宝|88/100|[from] Stealth Rock
|-weather|Sandstorm|[from] ability: Sand Stream|[of] p1a: 宋小宝
|move|p2a: Dragapult|U-turn|p1a: 宋小宝
|-supereffective|p1a: 宋小宝
|-damage|p1a: 宋小宝|58/100
|
|switch|p2a: Corviknight|Corviknight, M|100/100|[from]move: U-turn
|-ability|p2a: Corviknight|Pressure
|
|-weather|Sandstorm|[upkeep]
|upkeep
|turn|6
|
|switch|p1a: 五更洞2号|Dracovish, shiny|100/100
|-damage|p1a: 五更洞2号|88/100|[from] Stealth Rock
|move|p2a: Corviknight|Substitute|p2a: Corviknight
|-start|p2a: Corviknight|Substitute
|-damage|p2a: Corviknight|75/100
|
|-weather|Sandstorm|[upkeep]
|-damage|p1a: 五更洞2号|82/100|[from] Sandstorm
|-heal|p2a: Corviknight|82/100|[from] item: Leftovers
|upkeep
|turn|7
|
|move|p1a: 五更洞2号|Fishious Rend|p2a: Corviknight
|-end|p2a: Corviknight|Substitute
|move|p2a: Corviknight|Brave Bird|p1a: 五更洞2号
|-damage|p1a: 五更洞2号|52/100
|-damage|p2a: Corviknight|72/100|[from] Recoil
|
|-weather|Sandstorm|[upkeep]
|-damage|p1a: 五更洞2号|46/100|[from] Sandstorm
|-heal|p2a: Corviknight|78/100|[from] item: Leftovers
|upkeep
|turn|8
|
|switch|p2a: Ferrothorn|Ferrothorn, M, shiny|88/100
|move|p1a: 五更洞2号|Fishious Rend|p2a: Ferrothorn
|-resisted|p2a: Ferrothorn
|-damage|p2a: Ferrothorn|42/100
|-damage|p1a: 五更洞2号|33/100|[from] ability: Iron Barbs|[of] p2a: Ferrothorn
|
|-weather|Sandstorm|[upkeep]
|-damage|p1a: 五更洞2号|27/100|[from] Sandstorm
|upkeep
|turn|9
|
|move|p1a: 五更洞2号|Fishious Rend|p2a: Ferrothorn
|-resisted|p2a: Ferrothorn
|-damage|p2a: Ferrothorn|0 fnt
|-damage|p1a: 五更洞2号|14/100|[from] ability: Iron Barbs|[of] p2a: Ferrothorn
|faint|p2a: Ferrothorn
|
|-weather|none
|upkeep
|
|switch|p2a: Dragapult|Dragapult, M|17/100
|turn|10
|
|switch|p1a: Ferrothorn|Ferrothorn, M|75/100
|-damage|p1a: Ferrothorn|69/100|[from] Stealth Rock
|move|p2a: Dragapult|Flamethrower|p1a: Ferrothorn
|-supereffective|p1a: Ferrothorn
|-damage|p1a: Ferrothorn|0 fnt
|faint|p1a: Ferrothorn
|
|upkeep
|inactive|tong444 has 120 seconds left.
|inactive|tong444 has 90 seconds left.
|inactive|tong444 has 60 seconds left.
|inactive|tong444 has 30 seconds left.
|inactive|tong444 has 20 seconds left.
|inactive|tong444 has 15 seconds left.
|inactive|tong444 has 10 seconds left.
|inactive|tong444 has 5 seconds left.
|-message|tong444 lost due to inactivity.
|
|win|sucker for oli
