|ScrapeTime|2020-01-01-03:05:44
|j|☆Hydranator
|j|☆PALlCO
|player|p1|Hydranator|cheryl|1498
|player|p2|PALlCO|unknown|1450
|teamsize|p1|6
|teamsize|p2|6
|gametype|singles
|gen|8
|tier|[Gen 8] OU
|rated|
|rule|Sleep Clause Mod: Limit one foe put to sleep
|rule|Species Clause: Limit one of each Pokémon
|rule|OHKO Clause: OHKO moves are banned
|rule|Evasion Moves Clause: Evasion moves are banned
|rule|Endless Battle Clause: Forcing endless battles is banned
|rule|HP Percentage Mod: HP is shown in percentages
|clearpoke
|poke|p1|Pelipper, F|
|poke|p1|Dracovish|
|poke|p1|Barraskewda, M|
|poke|p1|Ferrothorn, M|
|poke|p1|Dragapult, M|
|poke|p1|Seismitoad, F|
|poke|p2|Cinderace, F|
|poke|p2|Clefable, F|
|poke|p2|Rotom-Mow|
|poke|p2|Dragapult, M|
|poke|p2|Machamp, F|
|poke|p2|Dracovish|
|rule|Dynamax Clause: You cannot dynamax
|teampreview
|inactive|Battle timer is ON: inactive players will automatically lose when time's up. (requested by Hydranator)
|inactive|PALlCO has 120 seconds left.
|
|start
|switch|p1a: Pelipper|Pelipper, F, shiny|100/100
|switch|p2a: Rotom|Rotom-Mow|100/100
|-weather|RainDance|[from] ability: Drizzle|[of] p1a: Pelipper
|turn|1
|
|switch|p1a: Ferrothorn|Ferrothorn, M, shiny|100/100
|move|p2a: Rotom|Trick|p1a: Ferrothorn
|-activate|p2a: Rotom|move: Trick|[of] p1a: Ferrothorn
|-item|p1a: Ferrothorn|Choice Scarf|[from] move: Trick
|-item|p2a: Rotom|Leftovers|[from] move: Trick
|
|-weather|RainDance|[upkeep]
|upkeep
|turn|2
|
|move|p2a: Rotom|Dark Pulse|p1a: Ferrothorn
|-damage|p1a: Ferrothorn|80/100
|move|p1a: Ferrothorn|Spikes|p2a: Rotom
|-sidestart|p2: PALlCO|Spikes
|
|-weather|RainDance|[upkeep]
|upkeep
|turn|3
|
|switch|p1a: Dragapult|Dragapult, M|100/100
|move|p2a: Rotom|Volt Switch|p1a: Dragapult
|-resisted|p1a: Dragapult
|-damage|p1a: Dragapult|79/100
|
|switch|p2a: Machamp|Machamp, F|100/100|[from]move: Volt Switch
|-damage|p2a: Machamp|88/100|[from] Spikes
|
|-weather|RainDance|[upkeep]
|-heal|p1a: Dragapult|86/100|[from] item: Leftovers
|upkeep
|turn|4
|
|move|p1a: Dragapult|Will-O-Wisp|p2a: Machamp
|-status|p2a: Machamp|brn
|move|p2a: Machamp|Knock Off|p1a: Dragapult
|-supereffective|p1a: Dragapult
|-damage|p1a: Dragapult|0 fnt
|-enditem|p1a: Dragapult|Leftovers|[from] move: Knock Off|[of] p2a: Machamp
|faint|p1a: Dragapult
|
|-weather|RainDance|[upkeep]
|-damage|p2a: Machamp|82/100 brn|[from] brn
|upkeep
|
|switch|p1a: Dracovish|Dracovish|100/100
|turn|5
|
|move|p1a: Dracovish|Fishious Rend|p2a: Machamp
|-damage|p2a: Machamp|0 fnt
|faint|p2a: Machamp
|
|-weather|RainDance|[upkeep]
|upkeep
|
|switch|p2a: Dragapult|Dragapult, M|100/100
|-damage|p2a: Dragapult|88/100|[from] Spikes
|turn|6
|
|move|p2a: Dragapult|Dragon Darts|p1a: Dracovish
|-supereffective|p1a: Dracovish
|-damage|p1a: Dracovish|43/100
|-supereffective|p1a: Dracovish
|-crit|p1a: Dracovish
|-damage|p1a: Dracovish|0 fnt
|-hitcount|p1a: Dracovish|2
|faint|p1a: Dracovish
|
|-weather|RainDance|[upkeep]
|-heal|p2a: Dragapult|94/100|[from] item: Leftovers
|upkeep
|
|switch|p1a: Barraskewda|Barraskewda, M|100/100
|turn|7
|
|switch|p2a: Dracovish|Dracovish|100/100
|-damage|p2a: Dracovish|88/100|[from] Spikes
|move|p1a: Barraskewda|Liquidation|p2a: Dracovish
|-resisted|p2a: Dracovish
|-crit|p2a: Dracovish
|-damage|p2a: Dracovish|50/100
|
|-weather|RainDance|[upkeep]
|upkeep
|turn|8
|
|switch|p1a: Ferrothorn|Ferrothorn, M, shiny|80/100
|move|p2a: Dracovish|Psychic Fangs|p1a: Ferrothorn
|-resisted|p1a: Ferrothorn
|-damage|p1a: Ferrothorn|70/100
|-damage|p2a: Dracovish|38/100|[from] ability: Iron Barbs|[of] p1a: Ferrothorn
|
|-weather|none
|upkeep
|turn|9
|
|switch|p2a: Cinderace|Cinderace, F|100/100
|move|p1a: Ferrothorn|Gyro Ball|p2a: Cinderace
|-resisted|p2a: Cinderace
|-damage|p2a: Cinderace|73/100
|
|upkeep
|turn|10
|
|move|p2a: Cinderace|Court Change|p2a: Cinderace
|-sideend|p2: PALlCO|Spikes|[silent]
|-sidestart|p1: Hydranator|Spikes|[silent]
|-activate|p2a: Cinderace|move: Court Change
|move|p1a: Ferrothorn|Gyro Ball|p2a: Cinderace
|-resisted|p2a: Cinderace
|-damage|p2a: Cinderace|45/100
|
|upkeep
|turn|11
|
|switch|p2a: Rotom|Rotom-Mow|100/100
|move|p1a: Ferrothorn|Gyro Ball|p2a: Rotom
|-resisted|p2a: Rotom
|-damage|p2a: Rotom|76/100
|
|-heal|p2a: Rotom|82/100|[from] item: Leftovers
|upkeep
|turn|12
|
|move|p2a: Rotom|Dark Pulse|p1a: Ferrothorn
|-damage|p1a: Ferrothorn|49/100
|cant|p1a: Ferrothorn|flinch
|
|-heal|p2a: Rotom|88/100|[from] item: Leftovers
|upkeep
|turn|13
|
|move|p2a: Rotom|Dark Pulse|p1a: Ferrothorn
|-damage|p1a: Ferrothorn|30/100
|move|p1a: Ferrothorn|Gyro Ball|p2a: Rotom
|-resisted|p2a: Rotom
|-damage|p2a: Rotom|66/100
|
|-heal|p2a: Rotom|72/100|[from] item: Leftovers
|upkeep
|turn|14
|
|move|p2a: Rotom|Dark Pulse|p1a: Ferrothorn
|-damage|p1a: Ferrothorn|7/100
|move|p1a: Ferrothorn|Gyro Ball|p2a: Rotom
|-resisted|p2a: Rotom
|-damage|p2a: Rotom|49/100
|
|-heal|p2a: Rotom|56/100|[from] item: Leftovers
|upkeep
|turn|15
|
|move|p2a: Rotom|Dark Pulse|p1a: Ferrothorn
|-damage|p1a: Ferrothorn|0 fnt
|faint|p1a: Ferrothorn
|
|-heal|p2a: Rotom|62/100|[from] item: Leftovers
|upkeep
|
|switch|p1a: Pelipper|Pelipper, F, shiny|100/100
|-weather|RainDance|[from] ability: Drizzle|[of] p1a: Pelipper
|turn|16
|
|move|p2a: Rotom|Leaf Storm|p1a: Pelipper
|-damage|p1a: Pelipper|15/100
|-unboost|p2a: Rotom|spa|2
|move|p1a: Pelipper|U-turn|p2a: Rotom
|-supereffective|p2a: Rotom
|-damage|p2a: Rotom|41/100
|
|switch|p1a: Barraskewda|Barraskewda, M|100/100|[from]move: U-turn
|-damage|p1a: Barraskewda|88/100|[from] Spikes
|
|-weather|RainDance|[upkeep]
|-heal|p2a: Rotom|47/100|[from] item: Leftovers
|upkeep
|turn|17
|
|switch|p2a: Cinderace|Cinderace, F|45/100
|move|p1a: Barraskewda|Liquidation|p2a: Cinderace
|-supereffective|p2a: Cinderace
|-damage|p2a: Cinderace|0 fnt
|faint|p2a: Cinderace
|
|-weather|RainDance|[upkeep]
|upkeep
|
|switch|p2a: Dracovish|Dracovish|38/100
|turn|18
|-activate|p2a: Dracovish|item: Quick Claw
|
|move|p2a: Dracovish|Psychic Fangs|p1a: Barraskewda
|-damage|p1a: Barraskewda|14/100
|move|p1a: Barraskewda|Liquidation|p2a: Dracovish
|-resisted|p2a: Dracovish
|-damage|p2a: Dracovish|14/100
|
|-weather|RainDance|[upkeep]
|upkeep
|turn|19
|
|move|p1a: Barraskewda|Liquidation|p2a: Dracovish
|-resisted|p2a: Dracovish
|-damage|p2a: Dracovish|0 fnt
|faint|p2a: Dracovish
|
|-weather|RainDance|[upkeep]
|upkeep
|
|switch|p2a: Rotom|Rotom-Mow|47/100
|turn|20
|
|move|p1a: Barraskewda|Liquidation|p2a: Rotom
|-resisted|p2a: Rotom
|-damage|p2a: Rotom|0 fnt
|faint|p2a: Rotom
|
|-weather|RainDance|[upkeep]
|upkeep
|
|switch|p2a: Clefable|Clefable, F|100/100
|turn|21
|
|move|p1a: Barraskewda|Liquidation|p2a: Clefable
|-damage|p2a: Clefable|0 fnt
|faint|p2a: Clefable
|
|-weather|RainDance|[upkeep]
|upkeep
|
|switch|p2a: Dragapult|Dragapult, M|94/100
|turn|22
|
|move|p1a: Barraskewda|Liquidation|p2a: Dragapult
|-resisted|p2a: Dragapult
|-damage|p2a: Dragapult|26/100
|move|p2a: Dragapult|Phantom Force||[still]
|-prepare|p2a: Dragapult|Phantom Force|p1a: Barraskewda
|
|-weather|RainDance|[upkeep]
|-heal|p2a: Dragapult|32/100|[from] item: Leftovers
|upkeep
|turn|23
|
|move|p1a: Barraskewda|Liquidation|p2a: Dragapult|[miss]
|-miss|p1a: Barraskewda|p2a: Dragapult
|move|p2a: Dragapult|Phantom Force|p1a: Barraskewda|[from]lockedmove
|-damage|p1a: Barraskewda|0 fnt
|faint|p1a: Barraskewda
|
|-weather|none
|-heal|p2a: Dragapult|38/100|[from] item: Leftovers
|upkeep
|
|switch|p1a: Pelipper|Pelipper, F, shiny|15/100
|-weather|RainDance|[from] ability: Drizzle|[of] p1a: Pelipper
|turn|24
|
|move|p2a: Dragapult|Substitute|p2a: Dragapult
|-start|p2a: Dragapult|Substitute
|-damage|p2a: Dragapult|13/100
|move|p1a: Pelipper|Hurricane|p2a: Dragapult
|-end|p2a: Dragapult|Substitute
|
|-weather|RainDance|[upkeep]
|-heal|p2a: Dragapult|19/100|[from] item: Leftovers
|upkeep
|turn|25
|
|move|p2a: Dragapult|Dragon Darts|p1a: Pelipper
|-damage|p1a: Pelipper|0 fnt
|-hitcount|p1a: Pelipper|1
|faint|p1a: Pelipper
|
|-weather|RainDance|[upkeep]
|-heal|p2a: Dragapult|25/100|[from] item: Leftovers
|upkeep
|c|☆PALlCO|Gg
|
|switch|p1a: Seismitoad|Seismitoad, F|100/100
|-damage|p1a: Seismitoad|88/100|[from] Spikes
|turn|26
|
|move|p1a: Seismitoad|Earth Power|p2a: Dragapult
|-damage|p2a: Dragapult|0 fnt
|-damage|p1a: Seismitoad|78/100|[from] item: Life Orb
|faint|p2a: Dragapult
|
|win|Hydranator
|l|☆PALlCO
|raw|Hydranator's rating: 1498 → 1516(+18 for winning)
|raw|PALlCO's rating: 1450 → 1433(-17 for losing)
