|ScrapeTime|2020-01-01-01:24:26
|j|☆prawnwizard
|j|☆pkonob31
|inactive|Battle timer is ON: inactive players will automatically lose when time's up.
|player|p1|prawnwizard|197|
|player|p2|pkonob31|erika|
|teamsize|p1|6
|teamsize|p2|6
|gametype|singles
|gen|8
|tier|[Gen 8] OU
|rated|Tournament battle
|rule|Sleep Clause Mod: Limit one foe put to sleep
|rule|Species Clause: Limit one of each Pokémon
|rule|OHKO Clause: OHKO moves are banned
|rule|Evasion Moves Clause: Evasion moves are banned
|rule|Endless Battle Clause: Forcing endless battles is banned
|rule|HP Percentage Mod: HP is shown in percentages
|clearpoke
|poke|p1|Crawdaunt, F|
|poke|p1|Tyranitar, F|
|poke|p1|Rotom-Wash|
|poke|p1|Excadrill, F|
|poke|p1|Dragapult, M|
|poke|p1|Corviknight, M|
|poke|p2|Clefable, M|
|poke|p2|Conkeldurr, M|
|poke|p2|Dragapult, M|
|poke|p2|Rotom-Wash|
|poke|p2|Cinderace, F|
|poke|p2|Excadrill, M|
|rule|Dynamax Clause: You cannot dynamax
|teampreview
|
|start
|switch|p1a: Dragapult|Dragapult, M|100/100
|switch|p2a: Rotom|Rotom-Wash|100/100
|turn|1
|j| WalmartPrices
|
|move|p1a: Dragapult|U-turn|p2a: Rotom
|-damage|p2a: Rotom|83/100
|
|switch|p1a: Rotom|Rotom-Wash|100/100|[from]move: U-turn
|move|p2a: Rotom|Will-O-Wisp|p1a: Rotom
|-status|p1a: Rotom|brn
|
|-heal|p2a: Rotom|89/100|[from] item: Leftovers
|-damage|p1a: Rotom|95/100 brn|[from] brn
|upkeep
|turn|2
|
|move|p2a: Rotom|Volt Switch|p1a: Rotom
|-damage|p1a: Rotom|58/100 brn
|j| SandGetsEverywhere
|
|switch|p2a: Dragapult|Dragapult, M|100/100|[from]move: Volt Switch
|move|p1a: Rotom|Will-O-Wisp|p2a: Dragapult|[miss]
|-miss|p1a: Rotom|p2a: Dragapult
|
|-heal|p1a: Rotom|64/100 brn|[from] item: Leftovers
|-damage|p1a: Rotom|58/100 brn|[from] brn
|upkeep
|turn|3
|l| SandGetsEverywhere
|
|switch|p1a: Tyranitar|Tyranitar, F|100/100
|-weather|Sandstorm|[from] ability: Sand Stream|[of] p1a: Tyranitar
|move|p2a: Dragapult|U-turn|p1a: Tyranitar
|-supereffective|p1a: Tyranitar
|-damage|p1a: Tyranitar|70/100
|j| 1% pure evil
|
|switch|p2a: Conkeldurr|Conkeldurr, M|100/100|[from]move: U-turn
|
|-weather|Sandstorm|[upkeep]
|-damage|p2a: Conkeldurr|94/100|[from] Sandstorm
|-heal|p2a: Conkeldurr|100/100|[from] item: Leftovers
|upkeep
|turn|4
|
|switch|p1a: Corviknight|Corviknight, M|100/100
|-ability|p1a: Corviknight|Pressure
|move|p2a: Conkeldurr|Ice Punch|p1a: Corviknight
|-crit|p1a: Corviknight
|-damage|p1a: Corviknight|56/100
|
|-weather|Sandstorm|[upkeep]
|-damage|p2a: Conkeldurr|94/100|[from] Sandstorm
|-heal|p1a: Corviknight|62/100|[from] item: Leftovers
|-heal|p2a: Conkeldurr|100/100|[from] item: Leftovers
|upkeep
|turn|5
|
|switch|p2a: Rotom|Rotom-Wash|89/100
|move|p1a: Corviknight|Roost|p1a: Corviknight
|-heal|p1a: Corviknight|100/100
|-singleturn|p1a: Corviknight|move: Roost
|
|-weather|Sandstorm|[upkeep]
|-damage|p2a: Rotom|83/100|[from] Sandstorm
|-heal|p2a: Rotom|89/100|[from] item: Leftovers
|upkeep
|turn|6
|j| Letzoh
|
|switch|p1a: Excadrill|Excadrill, F|100/100
|-ability|p1a: Excadrill|Mold Breaker
|move|p2a: Rotom|Will-O-Wisp|p1a: Excadrill
|-status|p1a: Excadrill|brn
|
|-weather|Sandstorm|[upkeep]
|-damage|p2a: Rotom|83/100|[from] Sandstorm
|-heal|p2a: Rotom|89/100|[from] item: Leftovers
|-damage|p1a: Excadrill|94/100 brn|[from] brn
|upkeep
|turn|7
|
|move|p1a: Excadrill|Stealth Rock|p2a: Rotom
|-sidestart|p2: pkonob31|move: Stealth Rock
|move|p2a: Rotom|Hydro Pump|p1a: Excadrill
|-supereffective|p1a: Excadrill
|-damage|p1a: Excadrill|0 fnt
|faint|p1a: Excadrill
|
|-weather|none
|-heal|p2a: Rotom|95/100|[from] item: Leftovers
|upkeep
|
|switch|p1a: Crawdaunt|Crawdaunt, F|100/100
|turn|8
|
|move|p2a: Rotom|Will-O-Wisp|p1a: Crawdaunt|[miss]
|-miss|p2a: Rotom|p1a: Crawdaunt
|move|p1a: Crawdaunt|Knock Off|p2a: Rotom
|-damage|p2a: Rotom|0 fnt
|-enditem|p2a: Rotom|Leftovers|[from] move: Knock Off|[of] p1a: Crawdaunt
|faint|p2a: Rotom
|
|upkeep
|
|switch|p2a: Clefable|Clefable, M|100/100
|turn|9
|
|switch|p1a: Corviknight|Corviknight, M|100/100
|-ability|p1a: Corviknight|Pressure
|move|p2a: Clefable|Moonblast|p1a: Corviknight
|-resisted|p1a: Corviknight
|-damage|p1a: Corviknight|78/100
|
|-heal|p1a: Corviknight|84/100|[from] item: Leftovers
|upkeep
|turn|10
|
|switch|p2a: Cinderace|Cinderace, F|100/100
|move|p1a: Corviknight|U-turn|p2a: Cinderace
|-resisted|p2a: Cinderace
|-damage|p2a: Cinderace|91/100
|
|switch|p1a: Crawdaunt|Crawdaunt, F|100/100|[from]move: U-turn
|
|upkeep
|turn|11
|
|move|p2a: Cinderace|U-turn|p1a: Crawdaunt
|-supereffective|p1a: Crawdaunt
|-damage|p1a: Crawdaunt|34/100
|
|switch|p2a: Clefable|Clefable, M|100/100|[from]move: U-turn
|move|p1a: Crawdaunt|Crabhammer|p2a: Clefable
|-damage|p2a: Clefable|0 fnt
|faint|p2a: Clefable
|
|upkeep
|
|switch|p2a: Conkeldurr|Conkeldurr, M|100/100
|-damage|p2a: Conkeldurr|94/100|[from] Stealth Rock
|turn|12
|
|switch|p1a: Rotom|Rotom-Wash|58/100 brn
|move|p2a: Conkeldurr|Ice Punch|p1a: Rotom
|-resisted|p1a: Rotom
|-damage|p1a: Rotom|42/100 brn
|
|-heal|p1a: Rotom|48/100 brn|[from] item: Leftovers
|-heal|p2a: Conkeldurr|100/100|[from] item: Leftovers
|-damage|p1a: Rotom|42/100 brn|[from] brn
|upkeep
|turn|13
|
|move|p1a: Rotom|Hydro Pump|p2a: Conkeldurr|[miss]
|-miss|p1a: Rotom|p2a: Conkeldurr
|move|p2a: Conkeldurr|Drain Punch|p1a: Rotom
|-damage|p1a: Rotom|2/100 brn
|
|-heal|p1a: Rotom|8/100 brn|[from] item: Leftovers
|-damage|p1a: Rotom|2/100 brn|[from] brn
|upkeep
|turn|14
|l| Letzoh
|
|move|p2a: Conkeldurr|Mach Punch|p1a: Rotom
|-damage|p1a: Rotom|0 fnt
|faint|p1a: Rotom
|
|upkeep
|
|switch|p1a: Corviknight|Corviknight, M|84/100
|-ability|p1a: Corviknight|Pressure
|turn|15
|
|move|p1a: Corviknight|Brave Bird|p2a: Conkeldurr
|-supereffective|p2a: Conkeldurr
|-damage|p2a: Conkeldurr|32/100
|-damage|p1a: Corviknight|61/100|[from] Recoil
|move|p2a: Conkeldurr|Thunder Punch|p1a: Corviknight
|-supereffective|p1a: Corviknight
|-damage|p1a: Corviknight|8/100
|
|-heal|p1a: Corviknight|14/100|[from] item: Leftovers
|-heal|p2a: Conkeldurr|38/100|[from] item: Leftovers
|upkeep
|turn|16
|
|move|p2a: Conkeldurr|Mach Punch|p1a: Corviknight
|-damage|p1a: Corviknight|0 fnt
|faint|p1a: Corviknight
|
|-heal|p2a: Conkeldurr|44/100|[from] item: Leftovers
|upkeep
|
|switch|p1a: Dragapult|Dragapult, M|100/100
|turn|17
|j| HappyNewYear2O2O
|
|switch|p2a: Excadrill|Excadrill, M|100/100
|-damage|p2a: Excadrill|97/100|[from] Stealth Rock
|-ability|p2a: Excadrill|Mold Breaker
|move|p1a: Dragapult|Shadow Ball|p2a: Excadrill
|-damage|p2a: Excadrill|47/100
|-unboost|p2a: Excadrill|spd|1
|
|-heal|p2a: Excadrill|53/100|[from] item: Leftovers
|upkeep
|turn|18
|
|move|p1a: Dragapult|Shadow Ball|p2a: Excadrill
|-damage|p2a: Excadrill|0 fnt
|faint|p2a: Excadrill
|
|upkeep
|j| TheNewBrends11@!
|
|switch|p2a: Dragapult|Dragapult, M|100/100
|-damage|p2a: Dragapult|88/100|[from] Stealth Rock
|turn|19
|
|move|p1a: Dragapult|Shadow Ball|p2a: Dragapult
|-supereffective|p2a: Dragapult
|-damage|p2a: Dragapult|0 fnt
|faint|p2a: Dragapult
|
|upkeep
|
|switch|p2a: Cinderace|Cinderace, F|91/100
|turn|20
|c|☆pkonob31|gg
|
|move|p1a: Dragapult|Shadow Ball|p2a: Cinderace
|-damage|p2a: Cinderace|38/100
|move|p2a: Cinderace|Pyro Ball|p1a: Dragapult
|-resisted|p1a: Dragapult
|-damage|p1a: Dragapult|60/100
|
|upkeep
|turn|21
|j| NG Blackstar
|
|move|p1a: Dragapult|Shadow Ball|p2a: Cinderace
|-damage|p2a: Cinderace|0 fnt
|faint|p2a: Cinderace
|
|upkeep
|
|switch|p2a: Conkeldurr|Conkeldurr, M|44/100
|-damage|p2a: Conkeldurr|38/100|[from] Stealth Rock
|turn|22
|l| WalmartPrices
|
|move|p1a: Dragapult|Shadow Ball|p2a: Conkeldurr
|-damage|p2a: Conkeldurr|0 fnt
|faint|p2a: Conkeldurr
|
|win|prawnwizard
|l|☆prawnwizard
|l|☆pkonob31
