|ScrapeTime|2020-01-01-02:15:28
|j|☆D-Fallt
|j|☆ash cuda
|player|p1|D-Fallt|101|
|player|p2|ash cuda|10|
|teamsize|p1|6
|teamsize|p2|6
|gametype|singles
|gen|8
|tier|[Gen 8] OU
|rule|Sleep Clause Mod: Limit one foe put to sleep
|rule|Species Clause: Limit one of each Pokémon
|rule|OHKO Clause: OHKO moves are banned
|rule|Evasion Moves Clause: Evasion moves are banned
|rule|Endless Battle Clause: Forcing endless battles is banned
|rule|HP Percentage Mod: HP is shown in percentages
|clearpoke
|poke|p1|Polteageist|
|poke|p1|Salazzle, F|
|poke|p1|Barraskewda, F|
|poke|p1|Rhydon, M|
|poke|p1|Sableye, F|
|poke|p1|Mawile, F|
|poke|p2|Kommo-o, M|
|poke|p2|Raichu, M|
|poke|p2|Abomasnow, M|
|poke|p2|Mandibuzz, F|
|poke|p2|Quagsire, F|
|poke|p2|Copperajah, M|
|rule|Dynamax Clause: You cannot dynamax
|teampreview
|c|☆ash cuda|gl hf my dude!
|c|☆D-Fallt|You too!
|
|start
|switch|p1a: Button Clicker|Rhydon, M|100/100
|switch|p2a: Raichu|Raichu, M|100/100
|turn|1
|
|switch|p1a: Rock Pilgrim|Sableye, F|100/100
|move|p2a: Raichu|Surf|p1a: Rock Pilgrim
|-damage|p1a: Rock Pilgrim|62/100
|-damage|p2a: Raichu|91/100|[from] item: Life Orb
|
|-heal|p1a: Rock Pilgrim|68/100|[from] item: Leftovers
|upkeep
|turn|2
|
|move|p1a: Rock Pilgrim|Will-O-Wisp|p2a: Raichu
|-status|p2a: Raichu|brn
|move|p2a: Raichu|Volt Switch|p1a: Rock Pilgrim
|-damage|p1a: Rock Pilgrim|24/100
|-damage|p2a: Raichu|81/100 brn|[from] item: Life Orb
|
|switch|p2a: Mandibuzz|Mandibuzz, F|100/100|[from]move: Volt Switch
|
|-heal|p1a: Rock Pilgrim|30/100|[from] item: Leftovers
|upkeep
|turn|3
|
|move|p1a: Rock Pilgrim|Recover|p1a: Rock Pilgrim
|-heal|p1a: Rock Pilgrim|80/100
|move|p2a: Mandibuzz|U-turn|p1a: Rock Pilgrim
|-damage|p1a: Rock Pilgrim|65/100
|
|switch|p2a: Raichu|Raichu, M|81/100 brn|[from]move: U-turn
|
|-heal|p1a: Rock Pilgrim|71/100|[from] item: Leftovers
|-damage|p2a: Raichu|75/100 brn|[from] brn
|upkeep
|turn|4
|
|move|p2a: Raichu|Thunderbolt|p1a: Rock Pilgrim
|-damage|p1a: Rock Pilgrim|17/100
|-damage|p2a: Raichu|65/100 brn|[from] item: Life Orb
|move|p1a: Rock Pilgrim|Night Shade|p2a: Raichu
|-damage|p2a: Raichu|26/100 brn
|
|-heal|p1a: Rock Pilgrim|23/100|[from] item: Leftovers
|-damage|p2a: Raichu|20/100 brn|[from] brn
|upkeep
|turn|5
|
|move|p1a: Rock Pilgrim|Recover|p1a: Rock Pilgrim
|-heal|p1a: Rock Pilgrim|73/100
|move|p2a: Raichu|Surf|p1a: Rock Pilgrim
|-damage|p1a: Rock Pilgrim|35/100
|-damage|p2a: Raichu|10/100 brn|[from] item: Life Orb
|
|-heal|p1a: Rock Pilgrim|41/100|[from] item: Leftovers
|-damage|p2a: Raichu|4/100 brn|[from] brn
|upkeep
|turn|6
|
|move|p1a: Rock Pilgrim|Recover|p1a: Rock Pilgrim
|-heal|p1a: Rock Pilgrim|91/100
|move|p2a: Raichu|Thunderbolt|p1a: Rock Pilgrim
|-damage|p1a: Rock Pilgrim|37/100
|-damage|p2a: Raichu|0 fnt|[from] item: Life Orb
|faint|p2a: Raichu
|
|-heal|p1a: Rock Pilgrim|43/100|[from] item: Leftovers
|upkeep
|
|switch|p2a: Mandibuzz|Mandibuzz, F|100/100
|turn|7
|
|move|p1a: Rock Pilgrim|Recover|p1a: Rock Pilgrim
|-heal|p1a: Rock Pilgrim|93/100
|move|p2a: Mandibuzz|Knock Off|p1a: Rock Pilgrim
|-damage|p1a: Rock Pilgrim|61/100
|-enditem|p1a: Rock Pilgrim|Leftovers|[from] move: Knock Off|[of] p2a: Mandibuzz
|
|upkeep
|turn|8
|
|move|p1a: Rock Pilgrim|Recover|p1a: Rock Pilgrim
|-heal|p1a: Rock Pilgrim|100/100
|move|p2a: Mandibuzz|Knock Off|p1a: Rock Pilgrim
|-damage|p1a: Rock Pilgrim|76/100
|
|upkeep
|turn|9
|
|move|p1a: Rock Pilgrim|Will-O-Wisp|p2a: Mandibuzz
|-hint|Since gen 7, Dark is immune to Prankster moves.
|-immune|p2a: Mandibuzz
|move|p2a: Mandibuzz|Knock Off|p1a: Rock Pilgrim
|-damage|p1a: Rock Pilgrim|55/100
|
|upkeep
|turn|10
|c|☆D-Fallt|AHHH I forgot again
|
|move|p2a: Mandibuzz|Knock Off|p1a: Rock Pilgrim
|-damage|p1a: Rock Pilgrim|34/100
|move|p1a: Rock Pilgrim|Night Shade|p2a: Mandibuzz
|-damage|p2a: Mandibuzz|77/100
|
|-heal|p2a: Mandibuzz|83/100|[from] item: Leftovers
|upkeep
|turn|11
|c|☆ash cuda|It's so easy to forget
|
|move|p1a: Rock Pilgrim|Recover|p1a: Rock Pilgrim
|-heal|p1a: Rock Pilgrim|84/100
|move|p2a: Mandibuzz|Knock Off|p1a: Rock Pilgrim
|-damage|p1a: Rock Pilgrim|62/100
|
|-heal|p2a: Mandibuzz|89/100|[from] item: Leftovers
|upkeep
|turn|12
|c|☆D-Fallt|I've literally never drafted a thing with prankster
|
|move|p2a: Mandibuzz|Knock Off|p1a: Rock Pilgrim
|-damage|p1a: Rock Pilgrim|39/100
|move|p1a: Rock Pilgrim|Night Shade|p2a: Mandibuzz
|-damage|p2a: Mandibuzz|66/100
|
|-heal|p2a: Mandibuzz|72/100|[from] item: Leftovers
|upkeep
|turn|13
|
|move|p1a: Rock Pilgrim|Recover|p1a: Rock Pilgrim
|-heal|p1a: Rock Pilgrim|89/100
|move|p2a: Mandibuzz|Knock Off|p1a: Rock Pilgrim
|-damage|p1a: Rock Pilgrim|66/100
|
|-heal|p2a: Mandibuzz|78/100|[from] item: Leftovers
|upkeep
|turn|14
|
|switch|p1a: Jawlene|Mawile, F|100/100
|-ability|p1a: Jawlene|Intimidate|boost
|-unboost|p2a: Mandibuzz|atk|1
|move|p2a: Mandibuzz|Roost|p2a: Mandibuzz
|-heal|p2a: Mandibuzz|100/100
|-singleturn|p2a: Mandibuzz|move: Roost
|
|upkeep
|turn|15
|
|switch|p2a: Quagsire|Quagsire, F|100/100
|move|p1a: Jawlene|Fire Fang|p2a: Quagsire
|-resisted|p2a: Quagsire
|-damage|p2a: Quagsire|94/100
|-status|p2a: Quagsire|brn
|
|-damage|p2a: Quagsire|88/100 brn|[from] brn
|upkeep
|turn|16
|
|switch|p1a: Rock Pilgrim|Sableye, F|66/100
|move|p2a: Quagsire|Scald|p1a: Rock Pilgrim
|-damage|p1a: Rock Pilgrim|45/100
|-status|p1a: Rock Pilgrim|brn
|
|-damage|p1a: Rock Pilgrim|39/100 brn|[from] brn
|-damage|p2a: Quagsire|82/100 brn|[from] brn
|upkeep
|turn|17
|
|switch|p2a: Abomasnow|Abomasnow, M, shiny|100/100
|-weather|Hail|[from] ability: Snow Warning|[of] p2a: Abomasnow
|move|p1a: Rock Pilgrim|Recover|p1a: Rock Pilgrim
|-heal|p1a: Rock Pilgrim|89/100 brn
|
|-weather|Hail|[upkeep]
|-damage|p1a: Rock Pilgrim|83/100 brn|[from] Hail
|-damage|p1a: Rock Pilgrim|76/100 brn|[from] brn
|upkeep
|turn|18
|
|move|p1a: Rock Pilgrim|Taunt|p2a: Abomasnow
|-start|p2a: Abomasnow|move: Taunt
|cant|p2a: Abomasnow|move: Taunt|Aurora Veil
|
|-weather|Hail|[upkeep]
|-damage|p1a: Rock Pilgrim|70/100 brn|[from] Hail
|-damage|p1a: Rock Pilgrim|64/100 brn|[from] brn
|upkeep
|turn|19
|
|switch|p2a: Quagsire|Quagsire, F|82/100 brn
|switch|p1a: Jawlene|Mawile, F|100/100
|-ability|p1a: Jawlene|Intimidate|boost
|-unboost|p2a: Quagsire|atk|1
|
|-weather|Hail|[upkeep]
|-damage|p1a: Jawlene|95/100|[from] Hail
|-damage|p2a: Quagsire|76/100 brn|[from] Hail
|-damage|p2a: Quagsire|70/100 brn|[from] brn
|upkeep
|turn|20
|
|switch|p1a: Teavana|Polteageist|100/100
|move|p2a: Quagsire|Toxic|p1a: Teavana
|-status|p1a: Teavana|tox
|
|-weather|Hail|[upkeep]
|-damage|p1a: Teavana|94/100 tox|[from] Hail
|-damage|p2a: Quagsire|63/100 brn|[from] Hail
|-damage|p1a: Teavana|88/100 tox|[from] psn
|-damage|p2a: Quagsire|57/100 brn|[from] brn
|upkeep
|turn|21
|
|switch|p1a: Rock Pilgrim|Sableye, F|64/100 brn
|switch|p2a: Mandibuzz|Mandibuzz, F|100/100
|
|-weather|none
|-damage|p1a: Rock Pilgrim|58/100 brn|[from] brn
|upkeep
|turn|22
|
|move|p1a: Rock Pilgrim|Recover|p1a: Rock Pilgrim
|-heal|p1a: Rock Pilgrim|100/100 brn
|move|p2a: Mandibuzz|Knock Off|p1a: Rock Pilgrim
|-damage|p1a: Rock Pilgrim|77/100 brn
|
|-damage|p1a: Rock Pilgrim|71/100 brn|[from] brn
|upkeep
|turn|23
|
|switch|p1a: Button Clicker|Rhydon, M|100/100
|move|p2a: Mandibuzz|Knock Off|p1a: Button Clicker
|-damage|p1a: Button Clicker|90/100
|-enditem|p1a: Button Clicker|Eviolite|[from] move: Knock Off|[of] p2a: Mandibuzz
|
|upkeep
|turn|24
|
|switch|p2a: Quagsire|Quagsire, F|57/100 brn
|move|p1a: Button Clicker|Stealth Rock|p2a: Quagsire
|-sidestart|p2: ash cuda|move: Stealth Rock
|
|-damage|p2a: Quagsire|51/100 brn|[from] brn
|upkeep
|turn|25
|c|☆D-Fallt|This thing
|c|☆ash cuda|he fat
|
|move|p1a: Button Clicker|Earthquake|p2a: Quagsire
|-damage|p2a: Quagsire|13/100 brn
|move|p2a: Quagsire|Recover|p2a: Quagsire
|-heal|p2a: Quagsire|63/100 brn
|
|-damage|p2a: Quagsire|57/100 brn|[from] brn
|upkeep
|turn|26
|
|switch|p1a: Teavana|Polteageist|88/100 tox
|move|p2a: Quagsire|Recover|p2a: Quagsire
|-heal|p2a: Quagsire|100/100 brn
|
|-damage|p1a: Teavana|82/100 tox|[from] psn
|-damage|p2a: Quagsire|94/100 brn|[from] brn
|upkeep
|turn|27
|
|switch|p1a: Button Clicker|Rhydon, M|90/100
|switch|p2a: Mandibuzz|Mandibuzz, F|100/100
|-damage|p2a: Mandibuzz|75/100|[from] Stealth Rock
|
|-heal|p2a: Mandibuzz|82/100|[from] item: Leftovers
|upkeep
|turn|28
|
|switch|p2a: Abomasnow|Abomasnow, M, shiny|100/100
|-damage|p2a: Abomasnow|75/100|[from] Stealth Rock
|-weather|Hail|[from] ability: Snow Warning|[of] p2a: Abomasnow
|move|p1a: Button Clicker|Rock Blast|p2a: Abomasnow
|-supereffective|p2a: Abomasnow
|-damage|p2a: Abomasnow|44/100
|-supereffective|p2a: Abomasnow
|-damage|p2a: Abomasnow|11/100
|-supereffective|p2a: Abomasnow
|-damage|p2a: Abomasnow|0 fnt
|-hitcount|p2a: Abomasnow|3
|faint|p2a: Abomasnow
|
|-weather|Hail|[upkeep]
|-damage|p1a: Button Clicker|84/100|[from] Hail
|upkeep
|
|switch|p2a: Kommo-o|Kommo-o, M|100/100
|-damage|p2a: Kommo-o|94/100|[from] Stealth Rock
|turn|29
|
|move|p2a: Kommo-o|Clangorous Soul|p2a: Kommo-o
|-boost|p2a: Kommo-o|atk|1
|-boost|p2a: Kommo-o|def|1
|-boost|p2a: Kommo-o|spa|1
|-boost|p2a: Kommo-o|spd|1
|-boost|p2a: Kommo-o|spe|1
|-damage|p2a: Kommo-o|61/100
|-enditem|p2a: Kommo-o|Throat Spray
|-boost|p2a: Kommo-o|spa|1
|move|p1a: Button Clicker|Earthquake|p2a: Kommo-o
|-damage|p2a: Kommo-o|25/100
|
|-weather|Hail|[upkeep]
|-damage|p1a: Button Clicker|78/100|[from] Hail
|upkeep
|turn|30
|c|☆D-Fallt|It's a sound move
|c|☆ash cuda|Yep, kinda crazy
|c|☆D-Fallt|Why is it a sound move
|c|☆ash cuda|gamefreak
|
|switch|p1a: Jawlene|Mawile, F|95/100
|-ability|p1a: Jawlene|Intimidate|boost
|-unboost|p2a: Kommo-o|atk|1
|move|p2a: Kommo-o|Clanging Scales|p1a: Jawlene
|-immune|p1a: Jawlene
|
|-weather|Hail|[upkeep]
|-damage|p1a: Jawlene|89/100|[from] Hail
|upkeep
|turn|31
|
|move|p2a: Kommo-o|Flamethrower|p1a: Jawlene
|-supereffective|p1a: Jawlene
|-damage|p1a: Jawlene|0 fnt
|faint|p1a: Jawlene
|
|-weather|Hail|[upkeep]
|upkeep
|
|switch|p1a: Rock Pilgrim|Sableye, F|71/100 brn
|turn|32
|
|move|p1a: Rock Pilgrim|Recover|p1a: Rock Pilgrim
|-heal|p1a: Rock Pilgrim|100/100 brn
|move|p2a: Kommo-o|Clanging Scales|p1a: Rock Pilgrim
|-damage|p1a: Rock Pilgrim|0 fnt
|-unboost|p2a: Kommo-o|def|1
|faint|p1a: Rock Pilgrim
|
|-weather|none
|upkeep
|c|☆D-Fallt|Dang, I think that's game
|
|switch|p1a: Monkfish|Barraskewda, F|100/100
|turn|33
|c|☆D-Fallt|Unless I can crit here
|
|move|p1a: Monkfish|Aqua Jet|p2a: Kommo-o
|-resisted|p2a: Kommo-o
|-damage|p2a: Kommo-o|9/100
|move|p2a: Kommo-o|Clanging Scales|p1a: Monkfish
|-damage|p1a: Monkfish|0 fnt
|-unboost|p2a: Kommo-o|def|1
|faint|p1a: Monkfish
|
|upkeep
|
|switch|p1a: Button Clicker|Rhydon, M|78/100
|turn|34
|
|move|p2a: Kommo-o|Clanging Scales|p1a: Button Clicker
|-damage|p1a: Button Clicker|0 fnt
|-unboost|p2a: Kommo-o|def|1
|faint|p1a: Button Clicker
|
|upkeep
|c|☆ash cuda|damn
|
|switch|p1a: Amaretto|Salazzle, F|100/100
|turn|35
|c|☆D-Fallt|Yup, I misplayed mawile
|c|☆D-Fallt|And then everything else lol
|
|move|p2a: Kommo-o|Clanging Scales|p1a: Amaretto
|-damage|p1a: Amaretto|0 fnt
|-unboost|p2a: Kommo-o|def|1
|faint|p1a: Amaretto
|
|upkeep
|
|switch|p1a: Teavana|Polteageist|82/100 tox
|turn|36
|c|☆ash cuda|this shit is broke
|
|move|p2a: Kommo-o|Clanging Scales|p1a: Teavana
|-damage|p1a: Teavana|0 fnt
|-unboost|p2a: Kommo-o|def|1
|faint|p1a: Teavana
|
|win|ash cuda
|c|☆ash cuda|I knew you had to bring mawile for this thing though
|c|☆D-Fallt|It's pretty good
