|ScrapeTime|2020-01-01-00:05:28
|j|☆FlaredLights
|j|☆Dezroto
|player|p1|FlaredLights|preschooler|1292
|player|p2|Dezroto|hilbert-dueldisk|1336
|teamsize|p1|6
|teamsize|p2|6
|gametype|singles
|gen|8
|tier|[Gen 8] OU
|rated|
|rule|Sleep Clause Mod: Limit one foe put to sleep
|rule|Species Clause: Limit one of each Pokémon
|rule|OHKO Clause: OHKO moves are banned
|rule|Evasion Moves Clause: Evasion moves are banned
|rule|Endless Battle Clause: Forcing endless battles is banned
|rule|HP Percentage Mod: HP is shown in percentages
|clearpoke
|poke|p1|Obstagoon, M|
|poke|p1|Excadrill, F|
|poke|p1|Dragapult, F|
|poke|p1|Seismitoad, M|
|poke|p1|Dracozolt|
|poke|p1|Mandibuzz, F|
|poke|p2|Mandibuzz, F|
|poke|p2|Arcanine, M|
|poke|p2|Seismitoad, M|
|poke|p2|Weezing-Galar, F|
|poke|p2|Dragapult, M|
|poke|p2|Dracozolt|
|rule|Dynamax Clause: You cannot dynamax
|teampreview
|c|☆Dezroto|glhf
|
|start
|switch|p1a: Excadrill|Excadrill, F|100/100
|switch|p2a: Arcanine|Arcanine, M|100/100
|-ability|p2a: Arcanine|Intimidate|boost
|-unboost|p1a: Excadrill|atk|1
|-ability|p1a: Excadrill|Mold Breaker
|turn|1
|
|switch|p2a: Seismitoad|Seismitoad, M|100/100
|switch|p1a: Seismitoad|Seismitoad, M|100/100
|
|upkeep
|turn|2
|
|move|p2a: Seismitoad|Power Whip|p1a: Seismitoad
|-supereffective|p1a: Seismitoad
|-damage|p1a: Seismitoad|0 fnt
|faint|p1a: Seismitoad
|
|upkeep
|inactive|Battle timer is ON: inactive players will automatically lose when time's up. (requested by Dezroto)
|
|switch|p1a: Obstagoon|Obstagoon, M|100/100
|turn|3
|
|move|p1a: Obstagoon|Obstruct|p1a: Obstagoon
|-singleturn|p1a: Obstagoon|Protect
|move|p2a: Seismitoad|Stealth Rock|p1a: Obstagoon
|-sidestart|p1: FlaredLights|move: Stealth Rock
|
|-status|p1a: Obstagoon|brn|[from] item: Flame Orb
|upkeep
|turn|4
|
|move|p1a: Obstagoon|Knock Off|p2a: Seismitoad
|-damage|p2a: Seismitoad|43/100
|-enditem|p2a: Seismitoad|Leftovers|[from] move: Knock Off|[of] p1a: Obstagoon
|move|p2a: Seismitoad|Earthquake|p1a: Obstagoon
|-damage|p1a: Obstagoon|69/100 brn
|
|-damage|p1a: Obstagoon|63/100 brn|[from] brn
|upkeep
|turn|5
|
|move|p1a: Obstagoon|Facade|p2a: Seismitoad
|-damage|p2a: Seismitoad|0 fnt
|faint|p2a: Seismitoad
|
|-damage|p1a: Obstagoon|57/100 brn|[from] brn
|upkeep
|
|switch|p2a: Weezing|Weezing-Galar, F|100/100
|-ability|p2a: Weezing|Neutralizing Gas
|turn|6
|
|move|p1a: Obstagoon|Parting Shot|p2a: Weezing
|-unboost|p2a: Weezing|atk|1
|-unboost|p2a: Weezing|spa|1
|
|switch|p1a: Excadrill|Excadrill, F|100/100|[from]move: Parting Shot
|-damage|p1a: Excadrill|97/100|[from] Stealth Rock
|move|p2a: Weezing|Strange Steam|p1a: Excadrill
|-resisted|p1a: Excadrill
|-damage|p1a: Excadrill|86/100
|-start|p1a: Excadrill|confusion
|
|upkeep
|turn|7
|
|-activate|p1a: Excadrill|confusion
|move|p1a: Excadrill|Rapid Spin|p2a: Weezing
|-damage|p2a: Weezing|89/100
|-sideend|p1: FlaredLights|Stealth Rock|[from] move: Rapid Spin|[of] p1a: Excadrill
|-boost|p1a: Excadrill|spe|1
|move|p2a: Weezing|Will-O-Wisp|p1a: Excadrill
|-status|p1a: Excadrill|brn
|
|-heal|p2a: Weezing|95/100|[from] item: Black Sludge
|-damage|p1a: Excadrill|80/100 brn|[from] brn
|upkeep
|turn|8
|
|switch|p1a: Mandibuzz|Mandibuzz, F|100/100
|switch|p2a: Mandibuzz|Mandibuzz, F|100/100
|
|upkeep
|turn|9
|inactive|Dezroto has 120 seconds left.
|
|switch|p2a: Dracozolt|Dracozolt|100/100
|switch|p1a: Obstagoon|Obstagoon, M|57/100 brn
|
|-damage|p1a: Obstagoon|51/100 brn|[from] brn
|upkeep
|turn|10
|inactive|Dezroto has 120 seconds left.
|
|switch|p2a: Arcanine|Arcanine, M|100/100
|-ability|p2a: Arcanine|Intimidate|boost
|-unboost|p1a: Obstagoon|atk|1
|move|p1a: Obstagoon|Obstruct||[still]
|-fail|p1a: Obstagoon
|
|-damage|p1a: Obstagoon|45/100 brn|[from] brn
|upkeep
|turn|11
|
|move|p2a: Arcanine|Play Rough|p1a: Obstagoon
|-supereffective|p1a: Obstagoon
|-damage|p1a: Obstagoon|0 fnt
|faint|p1a: Obstagoon
|
|upkeep
|
|switch|p1a: Dracozolt|Dracozolt|100/100
|turn|12
|inactive|Dezroto has 120 seconds left.
|
|move|p2a: Arcanine|Play Rough|p1a: Dracozolt|[miss]
|-miss|p2a: Arcanine|p1a: Dracozolt
|move|p1a: Dracozolt|Bolt Beak|p2a: Arcanine
|-damage|p2a: Arcanine|38/100
|
|upkeep
|turn|13
|
|move|p1a: Dracozolt|Protect|p1a: Dracozolt
|-singleturn|p1a: Dracozolt|Protect
|move|p2a: Arcanine|Play Rough|p1a: Dracozolt
|-activate|p1a: Dracozolt|move: Protect
|
|upkeep
|turn|14
|
|move|p2a: Arcanine|Play Rough|p1a: Dracozolt
|-supereffective|p1a: Dracozolt
|-damage|p1a: Dracozolt|54/100
|move|p1a: Dracozolt|Dragon Claw|p2a: Arcanine
|-damage|p2a: Arcanine|0 fnt
|faint|p2a: Arcanine
|
|upkeep
|
|switch|p2a: Weezing|Weezing-Galar, F|95/100
|-ability|p2a: Weezing|Neutralizing Gas
|turn|15
|inactive|Dezroto has 120 seconds left.
|
|move|p1a: Dracozolt|Bolt Beak|p2a: Weezing
|-damage|p2a: Weezing|44/100
|move|p2a: Weezing|Will-O-Wisp|p1a: Dracozolt
|-status|p1a: Dracozolt|brn
|
|-heal|p2a: Weezing|50/100|[from] item: Black Sludge
|-damage|p1a: Dracozolt|47/100 brn|[from] brn
|upkeep
|turn|16
|
|move|p1a: Dracozolt|Bolt Beak|p2a: Weezing
|-damage|p2a: Weezing|24/100
|move|p2a: Weezing|Strange Steam|p1a: Dracozolt
|-supereffective|p1a: Dracozolt
|-damage|p1a: Dracozolt|0 fnt
|faint|p1a: Dracozolt
|
|-heal|p2a: Weezing|30/100|[from] item: Black Sludge
|upkeep
|
|switch|p1a: Excadrill|Excadrill, F|80/100 brn
|turn|17
|
|-ability|p1a: Excadrill|Mold Breaker
|switch|p2a: Mandibuzz|Mandibuzz, F|100/100
|move|p1a: Excadrill|Rapid Spin|p2a: Mandibuzz
|-crit|p2a: Mandibuzz
|-damage|p2a: Mandibuzz|93/100
|-boost|p1a: Excadrill|spe|1
|
|-damage|p1a: Excadrill|74/100 brn|[from] brn
|upkeep
|turn|18
|
|move|p1a: Excadrill|Rock Slide|p2a: Mandibuzz
|-supereffective|p2a: Mandibuzz
|-damage|p2a: Mandibuzz|78/100
|move|p2a: Mandibuzz|Foul Play|p1a: Excadrill
|-damage|p1a: Excadrill|0 fnt
|faint|p1a: Excadrill
|
|upkeep
|
|switch|p1a: Mandibuzz|Mandibuzz, F|100/100
|turn|19
|
|move|p2a: Mandibuzz|Taunt|p1a: Mandibuzz
|-start|p1a: Mandibuzz|move: Taunt
|cant|p1a: Mandibuzz|move: Taunt|Toxic
|
|upkeep
|turn|20
|
|switch|p2a: Weezing|Weezing-Galar, F|30/100
|-ability|p2a: Weezing|Neutralizing Gas
|move|p1a: Mandibuzz|Foul Play|p2a: Weezing
|-resisted|p2a: Weezing
|-damage|p2a: Weezing|22/100
|
|-heal|p2a: Weezing|28/100|[from] item: Black Sludge
|upkeep
|turn|21
|
|move|p1a: Mandibuzz|Foul Play|p2a: Weezing
|-resisted|p2a: Weezing
|-damage|p2a: Weezing|21/100
|move|p2a: Weezing|Will-O-Wisp|p1a: Mandibuzz
|-status|p1a: Mandibuzz|brn
|
|-heal|p2a: Weezing|27/100|[from] item: Black Sludge
|-damage|p1a: Mandibuzz|94/100 brn|[from] brn
|-end|p1a: Mandibuzz|move: Taunt
|upkeep
|turn|22
|
|move|p1a: Mandibuzz|Toxic|p2a: Weezing
|-immune|p2a: Weezing
|move|p2a: Weezing|Strange Steam|p1a: Mandibuzz
|-supereffective|p1a: Mandibuzz
|-damage|p1a: Mandibuzz|49/100 brn
|
|-heal|p2a: Weezing|33/100|[from] item: Black Sludge
|-damage|p1a: Mandibuzz|43/100 brn|[from] brn
|upkeep
|turn|23
|
|move|p1a: Mandibuzz|Roost|p1a: Mandibuzz
|-heal|p1a: Mandibuzz|93/100 brn
|-singleturn|p1a: Mandibuzz|move: Roost
|move|p2a: Weezing|Strange Steam|p1a: Mandibuzz
|-supereffective|p1a: Mandibuzz
|-damage|p1a: Mandibuzz|46/100 brn
|
|-heal|p2a: Weezing|39/100|[from] item: Black Sludge
|-damage|p1a: Mandibuzz|40/100 brn|[from] brn
|upkeep
|turn|24
|
|move|p1a: Mandibuzz|Foul Play|p2a: Weezing
|-resisted|p2a: Weezing
|-damage|p2a: Weezing|35/100
|move|p2a: Weezing|Strange Steam|p1a: Mandibuzz
|-supereffective|p1a: Mandibuzz
|-damage|p1a: Mandibuzz|0 fnt
|faint|p1a: Mandibuzz
|
|-heal|p2a: Weezing|41/100|[from] item: Black Sludge
|upkeep
|
|switch|p1a: Dragapult|Dragapult, F|100/100
|turn|25
|
|move|p1a: Dragapult|Psychic Fangs|p2a: Weezing
|-supereffective|p2a: Weezing
|-damage|p2a: Weezing|0 fnt
|-damage|p1a: Dragapult|91/100|[from] item: Life Orb
|faint|p2a: Weezing
|
|upkeep
|
|switch|p2a: Mandibuzz|Mandibuzz, F|78/100
|turn|26
|
|move|p1a: Dragapult|Dragon Dance|p1a: Dragapult
|-boost|p1a: Dragapult|atk|1
|-boost|p1a: Dragapult|spe|1
|move|p2a: Mandibuzz|Foul Play|p1a: Dragapult
|-supereffective|p1a: Dragapult
|-damage|p1a: Dragapult|0 fnt
|faint|p1a: Dragapult
|
|win|Dezroto
|c|☆Dezroto|gg
|l|☆FlaredLights
|raw|FlaredLights's rating: 1292 → 1271(-21 for losing)
|raw|Dezroto's rating: 1336 → 1353(+17 for winning)
