|ScrapeTime|2020-01-01-00:28:24
|j|☆C4p1r070
|j|☆DerpsDeluxe
|player|p1|C4p1r070|266|1086
|player|p2|DerpsDeluxe|tate|1105
|teamsize|p1|6
|teamsize|p2|6
|gametype|singles
|gen|8
|tier|[Gen 8] OU
|rated|
|rule|Sleep Clause Mod: Limit one foe put to sleep
|rule|Species Clause: Limit one of each Pokémon
|rule|OHKO Clause: OHKO moves are banned
|rule|Evasion Moves Clause: Evasion moves are banned
|rule|Endless Battle Clause: Forcing endless battles is banned
|rule|HP Percentage Mod: HP is shown in percentages
|clearpoke
|poke|p1|Morpeko, F|
|poke|p1|Hawlucha, F|
|poke|p1|Snorlax, F|
|poke|p1|Cloyster, F|
|poke|p1|Flygon, M|
|poke|p1|Reuniclus, M|
|poke|p2|Coalossal, M|
|poke|p2|Excadrill, M|
|poke|p2|Tyranitar, F|
|poke|p2|Chandelure, F|
|poke|p2|Galvantula, F|
|poke|p2|Heliolisk, M|
|rule|Dynamax Clause: You cannot dynamax
|teampreview
|
|start
|switch|p1a: Flygon|Flygon, M|100/100
|switch|p2a: Charlotte|Galvantula, F|100/100
|turn|1
|
|move|p2a: Charlotte|Sticky Web|p1a: Flygon
|-sidestart|p1: C4p1r070|move: Sticky Web
|move|p1a: Flygon|Dragon Dance|p1a: Flygon
|-boost|p1a: Flygon|atk|1
|-boost|p1a: Flygon|spe|1
|
|upkeep
|turn|2
|
|move|p1a: Flygon|Earthquake|p2a: Charlotte
|-enditem|p2a: Charlotte|Focus Sash
|-damage|p2a: Charlotte|1/100
|move|p2a: Charlotte|Bug Buzz|p1a: Flygon
|-damage|p1a: Flygon|52/100
|-unboost|p1a: Flygon|spd|1
|
|-heal|p1a: Flygon|58/100|[from] item: Leftovers
|upkeep
|turn|3
|
|move|p1a: Flygon|Earthquake|p2a: Charlotte
|-damage|p2a: Charlotte|0 fnt
|faint|p2a: Charlotte
|
|-heal|p1a: Flygon|64/100|[from] item: Leftovers
|upkeep
|
|switch|p2a: Tyranny|Tyranitar, F|100/100
|-weather|Sandstorm|[from] ability: Sand Stream|[of] p2a: Tyranny
|turn|4
|
|move|p1a: Flygon|Earthquake|p2a: Tyranny
|-supereffective|p2a: Tyranny
|-damage|p2a: Tyranny|0 fnt
|faint|p2a: Tyranny
|
|-weather|Sandstorm|[upkeep]
|-heal|p1a: Flygon|70/100|[from] item: Leftovers
|upkeep
|
|switch|p2a: Mole Man|Excadrill, M|100/100
|turn|5
|
|move|p2a: Mole Man|Iron Head|p1a: Flygon
|-damage|p1a: Flygon|0 fnt
|-damage|p2a: Mole Man|91/100|[from] item: Life Orb
|faint|p1a: Flygon
|
|-weather|Sandstorm|[upkeep]
|upkeep
|
|switch|p1a: Hawlucha|Hawlucha, F|100/100
|turn|6
|
|move|p2a: Mole Man|Iron Head|p1a: Hawlucha
|-damage|p1a: Hawlucha|12/100
|-damage|p2a: Mole Man|81/100|[from] item: Life Orb
|cant|p1a: Hawlucha|flinch
|
|-weather|Sandstorm|[upkeep]
|-damage|p1a: Hawlucha|6/100|[from] Sandstorm
|upkeep
|turn|7
|
|move|p2a: Mole Man|Rapid Spin|p1a: Hawlucha
|-damage|p1a: Hawlucha|0 fnt
|-boost|p2a: Mole Man|spe|1
|-damage|p2a: Mole Man|71/100|[from] item: Life Orb
|faint|p1a: Hawlucha
|
|-weather|Sandstorm|[upkeep]
|upkeep
|
|switch|p1a: Morpeko|Morpeko, F|100/100
|-activate|p1a: Morpeko|move: Sticky Web
|-unboost|p1a: Morpeko|spe|1
|turn|8
|
|move|p2a: Mole Man|Earthquake|p1a: Morpeko
|-supereffective|p1a: Morpeko
|-damage|p1a: Morpeko|0 fnt
|-damage|p2a: Mole Man|61/100|[from] item: Life Orb
|faint|p1a: Morpeko
|
|-weather|none
|upkeep
|
|switch|p1a: Snorlax|Snorlax, F|100/100
|-activate|p1a: Snorlax|move: Sticky Web
|-unboost|p1a: Snorlax|spe|1
|turn|9
|
|move|p2a: Mole Man|Earthquake|p1a: Snorlax
|-damage|p1a: Snorlax|41/100
|-damage|p2a: Mole Man|51/100|[from] item: Life Orb
|move|p1a: Snorlax|Curse|p1a: Snorlax
|-unboost|p1a: Snorlax|spe|1
|-boost|p1a: Snorlax|atk|1
|-boost|p1a: Snorlax|def|1
|
|upkeep
|turn|10
|
|move|p2a: Mole Man|Earthquake|p1a: Snorlax
|-crit|p1a: Snorlax
|-damage|p1a: Snorlax|0 fnt
|-damage|p2a: Mole Man|41/100|[from] item: Life Orb
|faint|p1a: Snorlax
|
|upkeep
|
|switch|p1a: Reuniclus|Reuniclus, M|100/100
|-activate|p1a: Reuniclus|move: Sticky Web
|-unboost|p1a: Reuniclus|spe|1
|turn|11
|
|move|p2a: Mole Man|Earthquake|p1a: Reuniclus
|-damage|p1a: Reuniclus|27/100
|-damage|p2a: Mole Man|31/100|[from] item: Life Orb
|move|p1a: Reuniclus|Trick Room|p1a: Reuniclus
|-fieldstart|move: Trick Room|[of] p1a: Reuniclus
|
|upkeep
|turn|12
|
|move|p1a: Reuniclus|Shadow Ball|p2a: Mole Man
|-damage|p2a: Mole Man|0 fnt
|faint|p2a: Mole Man
|
|upkeep
|
|switch|p2a: mInE dIaMoNdS|Coalossal, M|100/100
|turn|13
|
|move|p1a: Reuniclus|Focus Blast|p2a: mInE dIaMoNdS
|-supereffective|p2a: mInE dIaMoNdS
|-damage|p2a: mInE dIaMoNdS|0 fnt
|faint|p2a: mInE dIaMoNdS
|
|upkeep
|
|switch|p2a: Senpai|Chandelure, F|100/100
|turn|14
|
|switch|p2a: Apollo|Heliolisk, M|100/100
|move|p1a: Reuniclus|Shadow Ball|p2a: Apollo
|-immune|p2a: Apollo
|
|upkeep
|turn|15
|
|move|p1a: Reuniclus|Shadow Ball|p2a: Apollo
|-immune|p2a: Apollo
|move|p2a: Apollo|Volt Switch|p1a: Reuniclus
|-damage|p1a: Reuniclus|0 fnt
|faint|p1a: Reuniclus
|
|switch|p2a: Senpai|Chandelure, F|100/100|[from]move: Volt Switch
|
|-fieldend|move: Trick Room
|upkeep
|
|switch|p1a: Cloyster|Cloyster, F|100/100
|-activate|p1a: Cloyster|move: Sticky Web
|-unboost|p1a: Cloyster|spe|1
|turn|16
|
|move|p2a: Senpai|Energy Ball|p1a: Cloyster
|-supereffective|p1a: Cloyster
|-enditem|p1a: Cloyster|Focus Sash
|-damage|p1a: Cloyster|1/100
|move|p1a: Cloyster|Shell Smash|p1a: Cloyster
|-unboost|p1a: Cloyster|def|1
|-unboost|p1a: Cloyster|spd|1
|-boost|p1a: Cloyster|atk|2
|-boost|p1a: Cloyster|spa|2
|-boost|p1a: Cloyster|spe|2
|
|upkeep
|turn|17
|
|move|p2a: Senpai|Energy Ball|p1a: Cloyster
|-supereffective|p1a: Cloyster
|-damage|p1a: Cloyster|0 fnt
|faint|p1a: Cloyster
|
|win|DerpsDeluxe
|raw|C4p1r070's rating: 1086 → 1064(-22 for losing)
|raw|DerpsDeluxe's rating: 1105 → 1128(+23 for winning)
|l|☆C4p1r070
