|ScrapeTime|2020-01-01-00:34:37
|j|☆Intellidjent
|j|☆Corona170
|player|p1|Intellidjent|169|1071
|player|p2|Corona170|flint|1087
|teamsize|p1|6
|teamsize|p2|6
|gametype|singles
|gen|8
|tier|[Gen 8] OU
|rated|
|rule|Sleep Clause Mod: Limit one foe put to sleep
|rule|Species Clause: Limit one of each Pokémon
|rule|OHKO Clause: OHKO moves are banned
|rule|Evasion Moves Clause: Evasion moves are banned
|rule|Endless Battle Clause: Forcing endless battles is banned
|rule|HP Percentage Mod: HP is shown in percentages
|clearpoke
|poke|p1|Grimmsnarl, M|
|poke|p1|Dragapult, F|
|poke|p1|Gyarados, M|
|poke|p1|Hawlucha, F|
|poke|p1|Bisharp, M|
|poke|p1|Excadrill, M|
|poke|p2|Grimmsnarl, M|
|poke|p2|Mr. Rime, F|
|poke|p2|Bisharp, F|
|poke|p2|Gyarados, F|
|poke|p2|Clefable, M|
|poke|p2|Arcanine, F|
|rule|Dynamax Clause: You cannot dynamax
|teampreview
|inactive|Battle timer is ON: inactive players will automatically lose when time's up. (requested by Intellidjent)
|
|start
|switch|p1a: Grimmsnarl|Grimmsnarl, M|100/100
|switch|p2a: Grimmsnarl|Grimmsnarl, M|100/100
|turn|1
|
|move|p1a: Grimmsnarl|Taunt|p2a: Grimmsnarl
|-hint|Since gen 7, Dark is immune to Prankster moves.
|-immune|p2a: Grimmsnarl
|move|p2a: Grimmsnarl|Taunt|p1a: Grimmsnarl
|-hint|Since gen 7, Dark is immune to Prankster moves.
|-immune|p1a: Grimmsnarl
|
|upkeep
|turn|2
|
|move|p1a: Grimmsnarl|Reflect|p1a: Grimmsnarl
|-sidestart|p1: Intellidjent|Reflect
|move|p2a: Grimmsnarl|Thunder Wave|p1a: Grimmsnarl
|-hint|Since gen 7, Dark is immune to Prankster moves.
|-immune|p1a: Grimmsnarl
|
|upkeep
|turn|3
|
|move|p1a: Grimmsnarl|Light Screen|p1a: Grimmsnarl
|-sidestart|p1: Intellidjent|move: Light Screen
|move|p2a: Grimmsnarl|Spirit Break|p1a: Grimmsnarl
|-supereffective|p1a: Grimmsnarl
|-damage|p1a: Grimmsnarl|48/100
|-unboost|p1a: Grimmsnarl|spa|1
|
|upkeep
|turn|4
|
|switch|p1a: Bisharp|Bisharp, M|100/100
|move|p2a: Grimmsnarl|Spirit Break|p1a: Bisharp
|-damage|p1a: Bisharp|77/100
|-unboost|p1a: Bisharp|spa|1
|-ability|p1a: Bisharp|Defiant
|-boost|p1a: Bisharp|atk|2
|
|upkeep
|turn|5
|inactive|Corona170 has 120 seconds left.
|
|switch|p2a: Arcanine|Arcanine, F|100/100
|-ability|p2a: Arcanine|Intimidate|boost
|-unboost|p1a: Bisharp|atk|1
|-ability|p1a: Bisharp|Defiant
|-boost|p1a: Bisharp|atk|2
|move|p1a: Bisharp|Swords Dance|p1a: Bisharp
|-boost|p1a: Bisharp|atk|2
|
|upkeep
|turn|6
|
|move|p2a: Arcanine|Flare Blitz|p1a: Bisharp
|-supereffective|p1a: Bisharp
|-damage|p1a: Bisharp|5/100
|-damage|p2a: Arcanine|80/100|[from] Recoil
|move|p1a: Bisharp|Throat Chop|p2a: Arcanine
|-damage|p2a: Arcanine|0 fnt
|-damage|p1a: Bisharp|0 fnt|[from] item: Life Orb
|faint|p2a: Arcanine
|faint|p1a: Bisharp
|
|upkeep
|
|switch|p2a: Mr. Rime|Mr. Rime, F|100/100
|switch|p1a: Dragapult|Dragapult, F|100/100
|-sideend|p1: Intellidjent|Reflect
|-activate|p2a: Mr. Rime|ability: Screen Cleaner
|-sideend|p1: Intellidjent|Reflect
|-sideend|p1: Intellidjent|move: Light Screen
|-sideend|p1: Intellidjent|Light Screen
|turn|7
|
|switch|p1a: Excadrill|Excadrill, M|100/100
|-ability|p1a: Excadrill|Mold Breaker
|move|p2a: Mr. Rime|Freeze-Dry|p1a: Excadrill
|-damage|p1a: Excadrill|50/100
|-status|p1a: Excadrill|frz
|
|upkeep
|turn|8
|
|cant|p1a: Excadrill|frz
|move|p2a: Mr. Rime|Freeze-Dry|p1a: Excadrill
|-damage|p1a: Excadrill|3/100 frz
|
|upkeep
|turn|9
|
|cant|p1a: Excadrill|frz
|move|p2a: Mr. Rime|Psychic|p1a: Excadrill
|-resisted|p1a: Excadrill
|-damage|p1a: Excadrill|0 fnt
|faint|p1a: Excadrill
|
|upkeep
|
|switch|p1a: Grimmsnarl|Grimmsnarl, M|48/100
|turn|10
|
|move|p1a: Grimmsnarl|Light Screen|p1a: Grimmsnarl
|-sidestart|p1: Intellidjent|move: Light Screen
|move|p2a: Mr. Rime|Freeze-Dry|p1a: Grimmsnarl
|-damage|p1a: Grimmsnarl|25/100
|
|upkeep
|turn|11
|
|move|p1a: Grimmsnarl|Reflect|p1a: Grimmsnarl
|-sidestart|p1: Intellidjent|Reflect
|move|p2a: Mr. Rime|Freeze-Dry|p1a: Grimmsnarl
|-damage|p1a: Grimmsnarl|4/100
|-status|p1a: Grimmsnarl|frz
|
|upkeep
|turn|12
|
|switch|p2a: Bisharp|Bisharp, F|100/100
|cant|p1a: Grimmsnarl|frz
|
|upkeep
|turn|13
|
|switch|p2a: Mr. Rime|Mr. Rime, F|100/100
|-sideend|p1: Intellidjent|Reflect
|-activate|p2a: Mr. Rime|ability: Screen Cleaner
|-sideend|p1: Intellidjent|Reflect
|-sideend|p1: Intellidjent|move: Light Screen
|-sideend|p1: Intellidjent|Light Screen
|cant|p1a: Grimmsnarl|frz
|
|upkeep
|turn|14
|
|cant|p1a: Grimmsnarl|frz
|move|p2a: Mr. Rime|Freeze-Dry|p1a: Grimmsnarl
|-crit|p1a: Grimmsnarl
|-damage|p1a: Grimmsnarl|0 fnt
|faint|p1a: Grimmsnarl
|
|upkeep
|
|switch|p1a: Hawlucha|Hawlucha, F|100/100
|turn|15
|
|move|p1a: Hawlucha|Swords Dance|p1a: Hawlucha
|-boost|p1a: Hawlucha|atk|2
|move|p2a: Mr. Rime|Freeze-Dry|p1a: Hawlucha
|-supereffective|p1a: Hawlucha
|-damage|p1a: Hawlucha|0 fnt
|faint|p1a: Hawlucha
|
|upkeep
|-message|Intellidjent forfeited.
|
|win|Corona170
|l|☆Intellidjent
|raw|Intellidjent's rating: 1071 → 1051(-20 for losing)
|raw|Corona170's rating: 1088 → 1113(+25 for winning)
