|ScrapeTime|2020-01-01-03:55:19
|j|☆Huijky25
|j|☆Peacemann
|player|p1|Huijky25|195|1450
|player|p2|Peacemann|drake-gen3|1471
|teamsize|p1|6
|teamsize|p2|6
|gametype|singles
|gen|8
|tier|[Gen 8] OU
|rated|
|rule|Sleep Clause Mod: Limit one foe put to sleep
|rule|Species Clause: Limit one of each Pokémon
|rule|OHKO Clause: OHKO moves are banned
|rule|Evasion Moves Clause: Evasion moves are banned
|rule|Endless Battle Clause: Forcing endless battles is banned
|rule|HP Percentage Mod: HP is shown in percentages
|clearpoke
|poke|p1|Gardevoir, M|
|poke|p1|Ferrothorn, F|
|poke|p1|Pelipper, F|
|poke|p1|Dracovish|
|poke|p1|Excadrill, F|
|poke|p1|Toxapex, F|
|poke|p2|Seismitoad, M|
|poke|p2|Durant, F|
|poke|p2|Hydreigon, M|
|poke|p2|Excadrill, F|
|poke|p2|Dragapult, M|
|poke|p2|Machamp, F|
|rule|Dynamax Clause: You cannot dynamax
|teampreview
|
|start
|switch|p1a: Pelipper|Pelipper, F|100/100
|switch|p2a: Mon Fils|Durant, F|100/100
|-weather|RainDance|[from] ability: Drizzle|[of] p1a: Pelipper
|turn|1
|inactive|Battle timer is ON: inactive players will automatically lose when time's up. (requested by Peacemann)
|
|move|p2a: Mon Fils|Thunder Fang|p1a: Pelipper
|-supereffective|p1a: Pelipper
|-damage|p1a: Pelipper|0 fnt
|faint|p1a: Pelipper
|
|-weather|RainDance|[upkeep]
|upkeep
|
|switch|p1a: Dracovish|Dracovish|100/100
|turn|2
|
|switch|p2a: NaessSuperstar|Seismitoad, M|100/100
|move|p1a: Dracovish|Outrage|p2a: NaessSuperstar
|-damage|p2a: NaessSuperstar|50/100
|
|-weather|RainDance|[upkeep]
|-heal|p2a: NaessSuperstar|56/100|[from] item: Leftovers
|upkeep
|turn|3
|
|switch|p2a: Mon Fils|Durant, F|100/100
|move|p1a: Dracovish|Outrage|p2a: Mon Fils|[from]lockedmove
|-resisted|p2a: Mon Fils
|-damage|p2a: Mon Fils|58/100
|-start|p1a: Dracovish|confusion|[fatigue]
|
|-weather|RainDance|[upkeep]
|upkeep
|turn|4
|
|switch|p1a: Ferrothorn|Ferrothorn, F|100/100
|move|p2a: Mon Fils|Superpower|p1a: Ferrothorn
|-supereffective|p1a: Ferrothorn
|-damage|p1a: Ferrothorn|0 fnt
|-damage|p2a: Mon Fils|46/100|[from] ability: Iron Barbs|[of] p1a: Ferrothorn
|-unboost|p2a: Mon Fils|atk|1
|-unboost|p2a: Mon Fils|def|1
|faint|p1a: Ferrothorn
|
|-weather|RainDance|[upkeep]
|upkeep
|inactive|Huijky25 has 120 seconds left.
|
|switch|p1a: Dracovish|Dracovish|100/100
|turn|5
|
|switch|p2a: NaessSuperstar|Seismitoad, M|56/100
|move|p1a: Dracovish|Outrage|p2a: NaessSuperstar
|-damage|p2a: NaessSuperstar|3/100
|
|-weather|none
|-heal|p2a: NaessSuperstar|9/100|[from] item: Leftovers
|upkeep
|turn|6
|
|switch|p2a: Kawhi FILS CADET|Machamp, F|100/100
|move|p1a: Dracovish|Outrage|p2a: Kawhi FILS CADET|[from]lockedmove
|-damage|p2a: Kawhi FILS CADET|19/100
|-start|p1a: Dracovish|confusion|[fatigue]
|
|-status|p2a: Kawhi FILS CADET|brn|[from] item: Flame Orb
|upkeep
|turn|7
|
|-activate|p1a: Dracovish|confusion
|move|p1a: Dracovish|Outrage|p2a: Kawhi FILS CADET
|-damage|p2a: Kawhi FILS CADET|0 fnt
|faint|p2a: Kawhi FILS CADET
|
|upkeep
|
|switch|p2a: GUEZ|Dragapult, M|100/100
|turn|8
|
|switch|p2a: SosaChamberlain|Excadrill, F|100/100
|-ability|p2a: SosaChamberlain|Mold Breaker
|-end|p1a: Dracovish|confusion
|move|p1a: Dracovish|Outrage|p2a: SosaChamberlain|[from]lockedmove
|-resisted|p2a: SosaChamberlain
|-damage|p2a: SosaChamberlain|45/100
|
|upkeep
|turn|9
|
|switch|p2a: NaessSuperstar|Seismitoad, M|9/100
|move|p1a: Dracovish|Outrage|p2a: NaessSuperstar|[from]lockedmove
|-damage|p2a: NaessSuperstar|0 fnt
|-start|p1a: Dracovish|confusion|[fatigue]
|faint|p2a: NaessSuperstar
|
|upkeep
|c|☆Peacemann|you're dumb
|
|switch|p2a: Mon Fils|Durant, F|46/100
|turn|10
|
|switch|p1a: Toxapex|Toxapex, F|100/100
|move|p2a: Mon Fils|First Impression|p1a: Toxapex
|-resisted|p1a: Toxapex
|-damage|p1a: Toxapex|64/100
|
|-heal|p1a: Toxapex|71/100|[from] item: Black Sludge
|upkeep
|turn|11
|
|switch|p2a: SosaChamberlain|Excadrill, F|45/100
|-ability|p2a: SosaChamberlain|Mold Breaker
|move|p1a: Toxapex|Scald|p2a: SosaChamberlain
|-supereffective|p2a: SosaChamberlain
|-damage|p2a: SosaChamberlain|15/100
|
|-heal|p1a: Toxapex|77/100|[from] item: Black Sludge
|upkeep
|turn|12
|
|move|p2a: SosaChamberlain|Rapid Spin|p1a: Toxapex
|-damage|p1a: Toxapex|66/100
|-boost|p2a: SosaChamberlain|spe|1
|move|p1a: Toxapex|Scald|p2a: SosaChamberlain
|-supereffective|p2a: SosaChamberlain
|-damage|p2a: SosaChamberlain|0 fnt
|faint|p2a: SosaChamberlain
|
|-heal|p1a: Toxapex|72/100|[from] item: Black Sludge
|upkeep
|
|switch|p2a: La6T|Hydreigon, M|100/100
|turn|13
|
|switch|p1a: Excadrill|Excadrill, F|100/100
|-ability|p1a: Excadrill|Mold Breaker
|move|p2a: La6T|Substitute|p2a: La6T
|-start|p2a: La6T|Substitute
|-damage|p2a: La6T|76/100
|
|-heal|p2a: La6T|82/100|[from] item: Leftovers
|upkeep
|turn|14
|
|move|p2a: La6T|Dark Pulse|p1a: Excadrill
|-damage|p1a: Excadrill|73/100
|cant|p1a: Excadrill|flinch
|
|-heal|p2a: La6T|88/100|[from] item: Leftovers
|upkeep
|turn|15
|
|move|p2a: La6T|Nasty Plot|p2a: La6T
|-boost|p2a: La6T|spa|2
|move|p1a: Excadrill|Iron Head|p2a: La6T
|-end|p2a: La6T|Substitute
|
|-heal|p2a: La6T|94/100|[from] item: Leftovers
|upkeep
|turn|16
|
|move|p2a: La6T|Dark Pulse|p1a: Excadrill
|-damage|p1a: Excadrill|19/100
|cant|p1a: Excadrill|flinch
|
|-heal|p2a: La6T|99/100|[from] item: Leftovers
|upkeep
|turn|17
|
|move|p2a: La6T|Dark Pulse|p1a: Excadrill
|-damage|p1a: Excadrill|0 fnt
|faint|p1a: Excadrill
|
|-heal|p2a: La6T|100/100|[from] item: Leftovers
|upkeep
|
|switch|p1a: Gardevoir|Gardevoir, M|100/100
|-ability|p1a: Gardevoir|Levitate|[from] ability: Trace|[of] p2a: La6T
|turn|18
|
|move|p1a: Gardevoir|Moonblast|p2a: La6T
|-supereffective|p2a: La6T
|-damage|p2a: La6T|0 fnt
|faint|p2a: La6T
|
|upkeep
|
|switch|p2a: Mon Fils|Durant, F|46/100
|turn|19
|
|move|p1a: Gardevoir|Moonblast|p2a: Mon Fils
|-resisted|p2a: Mon Fils
|-damage|p2a: Mon Fils|0 fnt
|faint|p2a: Mon Fils
|
|upkeep
|
|switch|p2a: GUEZ|Dragapult, M|100/100
|turn|20
|
|move|p2a: GUEZ|Shadow Ball|p1a: Gardevoir
|-supereffective|p1a: Gardevoir
|-damage|p1a: Gardevoir|11/100
|move|p1a: Gardevoir|Moonblast|p2a: GUEZ
|-supereffective|p2a: GUEZ
|-damage|p2a: GUEZ|0 fnt
|faint|p2a: GUEZ
|
|win|Huijky25
|raw|Huijky25's rating: 1450 → 1472(+22 for winning)
|raw|Peacemann's rating: 1471 → 1450(-21 for losing)
|l|☆Peacemann
|c|☆Huijky25|gg
