|ScrapeTime|2020-01-01-02:22:31
|j|☆ReggieYang5
|j|☆Ondoru
|player|p1|ReggieYang5|170|1269
|player|p2|Ondoru|firebreather|1273
|teamsize|p1|6
|teamsize|p2|6
|gametype|singles
|gen|8
|tier|[Gen 8] OU
|rated|
|rule|Sleep Clause Mod: Limit one foe put to sleep
|rule|Species Clause: Limit one of each Pokémon
|rule|OHKO Clause: OHKO moves are banned
|rule|Evasion Moves Clause: Evasion moves are banned
|rule|Endless Battle Clause: Forcing endless battles is banned
|rule|HP Percentage Mod: HP is shown in percentages
|clearpoke
|poke|p1|Aegislash, F|
|poke|p1|Crawdaunt, F|
|poke|p1|Mew|
|poke|p1|Lucario, F|
|poke|p1|Bisharp, M|
|poke|p1|Dragapult, F|
|poke|p2|Excadrill, M|
|poke|p2|Seismitoad, M|
|poke|p2|Whimsicott, F|
|poke|p2|Gyarados, F|
|poke|p2|Gardevoir, F|
|poke|p2|Espeon, F|
|rule|Dynamax Clause: You cannot dynamax
|teampreview
|
|start
|switch|p1a: Mew|Mew|100/100
|switch|p2a: Gyarados|Gyarados, F|100/100
|turn|1
|
|switch|p1a: Crawdaunt|Crawdaunt, F|100/100
|move|p2a: Gyarados|Substitute|p2a: Gyarados
|-start|p2a: Gyarados|Substitute
|-damage|p2a: Gyarados|76/100
|
|upkeep
|turn|2
|
|move|p2a: Gyarados|Dragon Dance|p2a: Gyarados
|-boost|p2a: Gyarados|atk|1
|-boost|p2a: Gyarados|spe|1
|move|p1a: Crawdaunt|Knock Off|p2a: Gyarados
|-end|p2a: Gyarados|Substitute
|-damage|p1a: Crawdaunt|91/100|[from] item: Life Orb
|
|upkeep
|turn|3
|
|switch|p1a: Dragapult|Dragapult, F|100/100
|move|p2a: Gyarados|Earthquake|p1a: Dragapult
|-damage|p1a: Dragapult|23/100
|
|-heal|p1a: Dragapult|29/100|[from] item: Leftovers
|upkeep
|turn|4
|
|switch|p1a: Aegislash|Aegislash, F|100/100
|-item|p1a: Aegislash|Air Balloon
|move|p2a: Gyarados|Earthquake|p1a: Aegislash
|-immune|p1a: Aegislash
|
|upkeep
|turn|5
|
|move|p2a: Gyarados|Substitute|p2a: Gyarados
|-start|p2a: Gyarados|Substitute
|-damage|p2a: Gyarados|51/100
|-formechange|p1a: Aegislash|Aegislash-Blade||[from] ability: Stance Change
|move|p1a: Aegislash|Iron Head|p2a: Gyarados
|-resisted|p2a: Gyarados
|-end|p2a: Gyarados|Substitute
|
|upkeep
|turn|6
|
|move|p2a: Gyarados|Dragon Dance|p2a: Gyarados
|-boost|p2a: Gyarados|atk|1
|-boost|p2a: Gyarados|spe|1
|move|p1a: Aegislash|Iron Head|p2a: Gyarados
|-resisted|p2a: Gyarados
|-damage|p2a: Gyarados|19/100
|
|upkeep
|turn|7
|
|move|p1a: Aegislash|Shadow Sneak|p2a: Gyarados
|-damage|p2a: Gyarados|0 fnt
|faint|p2a: Gyarados
|
|upkeep
|
|switch|p2a: Whimsicott|Whimsicott, F|100/100
|turn|8
|
|move|p2a: Whimsicott|Encore|p1a: Aegislash
|-start|p1a: Aegislash|Encore
|move|p1a: Aegislash|Shadow Sneak|p2a: Whimsicott
|-damage|p2a: Whimsicott|80/100
|
|-heal|p2a: Whimsicott|86/100|[from] item: Leftovers
|upkeep
|turn|9
|
|switch|p1a: Bisharp|Bisharp, M|100/100
|move|p2a: Whimsicott|Stun Spore|p1a: Bisharp
|-hint|Since gen 7, Dark is immune to Prankster moves.
|-immune|p1a: Bisharp
|
|-heal|p2a: Whimsicott|92/100|[from] item: Leftovers
|upkeep
|turn|10
|
|switch|p2a: Seismitoad|Seismitoad, M|100/100
|move|p1a: Bisharp|Swords Dance|p1a: Bisharp
|-boost|p1a: Bisharp|atk|2
|
|upkeep
|turn|11
|
|move|p1a: Bisharp|Throat Chop|p2a: Seismitoad
|-damage|p2a: Seismitoad|31/100
|-start|p2a: Seismitoad|Throat Chop|[silent]
|-damage|p1a: Bisharp|91/100|[from] item: Life Orb
|move|p2a: Seismitoad|Scald|p1a: Bisharp
|-damage|p1a: Bisharp|51/100
|
|-heal|p2a: Seismitoad|37/100|[from] item: Leftovers
|upkeep
|turn|12
|
|move|p1a: Bisharp|Throat Chop|p2a: Seismitoad
|-damage|p2a: Seismitoad|0 fnt
|-damage|p1a: Bisharp|41/100|[from] item: Life Orb
|faint|p2a: Seismitoad
|
|upkeep
|
|switch|p2a: Excadrill|Excadrill, M|100/100
|-ability|p2a: Excadrill|Mold Breaker
|-item|p2a: Excadrill|Air Balloon
|turn|13
|
|move|p1a: Bisharp|Sucker Punch|p2a: Excadrill
|-damage|p2a: Excadrill|0 fnt
|-enditem|p2a: Excadrill|Air Balloon
|-damage|p1a: Bisharp|31/100|[from] item: Life Orb
|faint|p2a: Excadrill
|
|upkeep
|
|switch|p2a: Espeon|Espeon, F|100/100
|turn|14
|
|move|p2a: Espeon|Wish|p2a: Espeon
|move|p1a: Bisharp|Throat Chop|p2a: Espeon
|-supereffective|p2a: Espeon
|-damage|p2a: Espeon|0 fnt
|-damage|p1a: Bisharp|21/100|[from] item: Life Orb
|faint|p2a: Espeon
|
|upkeep
|
|switch|p2a: Gardevoir|Gardevoir, F, shiny|100/100
|-ability|p2a: Gardevoir|Defiant|[from] ability: Trace|[of] p1a: Bisharp
|turn|15
|
|move|p1a: Bisharp|Sucker Punch|p2a: Gardevoir
|-damage|p2a: Gardevoir|0 fnt
|-damage|p1a: Bisharp|11/100|[from] item: Life Orb
|faint|p2a: Gardevoir
|
|upkeep
|-message|Ondoru forfeited.
|
|win|ReggieYang5
|l|☆Ondoru
|raw|ReggieYang5's rating: 1269 → 1294(+25 for winning)
|raw|Ondoru's rating: 1273 → 1248(-25 for losing)
