|ScrapeTime|2020-01-01-02:04:27
|j|☆Sealx♬
|j|☆Yeet God Gang
|player|p1|Sealx♬|hilbert-dueldisk|1441
|player|p2|Yeet God Gang|1|1416
|teamsize|p1|6
|teamsize|p2|6
|gametype|singles
|gen|8
|tier|[Gen 8] OU
|rated|
|rule|Sleep Clause Mod: Limit one foe put to sleep
|rule|Species Clause: Limit one of each Pokémon
|rule|OHKO Clause: OHKO moves are banned
|rule|Evasion Moves Clause: Evasion moves are banned
|rule|Endless Battle Clause: Forcing endless battles is banned
|rule|HP Percentage Mod: HP is shown in percentages
|clearpoke
|poke|p1|Grimmsnarl, M|
|poke|p1|Hydreigon, F|
|poke|p1|Mew|
|poke|p1|Polteageist|
|poke|p1|Bisharp, F|
|poke|p1|Toxtricity, M|
|poke|p2|Clefable, M|
|poke|p2|Hatterene, F|
|poke|p2|Tyranitar, M|
|poke|p2|Excadrill, M|
|poke|p2|Jellicent, M|
|poke|p2|Corviknight, M|
|rule|Dynamax Clause: You cannot dynamax
|teampreview
|
|start
|switch|p1a: Mew|Mew|100/100
|switch|p2a: Tyranitar|Tyranitar, M|100/100
|-weather|Sandstorm|[from] ability: Sand Stream|[of] p2a: Tyranitar
|turn|1
|
|move|p1a: Mew|Skill Swap|p2a: Tyranitar
|-activate|p1a: Mew|move: Skill Swap|Sand Stream|Synchronize|[of] p2a: Tyranitar
|move|p2a: Tyranitar|Stealth Rock|p1a: Mew
|-sidestart|p1: Sealx♬|move: Stealth Rock
|
|-weather|Sandstorm|[upkeep]
|-damage|p1a: Mew|94/100|[from] Sandstorm
|upkeep
|turn|2
|
|move|p1a: Mew|Stealth Rock|p2a: Tyranitar
|-sidestart|p2: Yeet God Gang|move: Stealth Rock
|move|p2a: Tyranitar|Dragon Dance|p2a: Tyranitar
|-boost|p2a: Tyranitar|atk|1
|-boost|p2a: Tyranitar|spe|1
|
|-weather|Sandstorm|[upkeep]
|-damage|p1a: Mew|88/100|[from] Sandstorm
|upkeep
|turn|3
|
|move|p2a: Tyranitar|Stone Edge|p1a: Mew
|-damage|p1a: Mew|26/100
|move|p1a: Mew|Taunt|p2a: Tyranitar
|-start|p2a: Tyranitar|move: Taunt
|
|-weather|Sandstorm|[upkeep]
|-damage|p1a: Mew|20/100|[from] Sandstorm
|upkeep
|turn|4
|
|move|p2a: Tyranitar|Stone Edge|p1a: Mew
|-crit|p1a: Mew
|-damage|p1a: Mew|0 fnt
|faint|p1a: Mew
|
|-weather|Sandstorm|[upkeep]
|upkeep
|
|switch|p1a: Bisharp|Bisharp, F|100/100
|-damage|p1a: Bisharp|95/100|[from] Stealth Rock
|turn|5
|
|move|p2a: Tyranitar|Fire Punch|p1a: Bisharp
|-supereffective|p1a: Bisharp
|-damage|p1a: Bisharp|2/100
|move|p1a: Bisharp|Iron Head|p2a: Tyranitar
|-supereffective|p2a: Tyranitar
|-damage|p2a: Tyranitar|8/100
|-damage|p1a: Bisharp|0 fnt|[from] item: Life Orb
|faint|p1a: Bisharp
|
|-weather|Sandstorm|[upkeep]
|upkeep
|
|switch|p1a: Hydreigon|Hydreigon, F|100/100
|-damage|p1a: Hydreigon|88/100|[from] Stealth Rock
|turn|6
|
|switch|p2a: Clefable|Clefable, M|100/100
|move|p1a: Hydreigon|Flash Cannon|p2a: Clefable
|-supereffective|p2a: Clefable
|-damage|p2a: Clefable|52/100
|
|-weather|Sandstorm|[upkeep]
|-damage|p1a: Hydreigon|82/100|[from] Sandstorm
|-heal|p1a: Hydreigon|88/100|[from] item: Leftovers
|upkeep
|turn|7
|
|switch|p1a: Toxtricity|Toxtricity, M|100/100
|-damage|p1a: Toxtricity|88/100|[from] Stealth Rock
|move|p2a: Clefable|Moonblast|p1a: Toxtricity
|-resisted|p1a: Toxtricity
|-damage|p1a: Toxtricity|41/100
|
|-weather|Sandstorm|[upkeep]
|-damage|p1a: Toxtricity|35/100|[from] Sandstorm
|upkeep
|turn|8
|
|switch|p2a: Jellicent|Jellicent, M|100/100
|-damage|p2a: Jellicent|88/100|[from] Stealth Rock
|move|p1a: Toxtricity|Shift Gear|p1a: Toxtricity
|-boost|p1a: Toxtricity|spe|2
|-boost|p1a: Toxtricity|atk|1
|
|-weather|none
|-heal|p2a: Jellicent|94/100|[from] item: Leftovers
|upkeep
|turn|9
|
|move|p1a: Toxtricity|Overdrive|p2a: Jellicent
|-supereffective|p2a: Jellicent
|-damage|p2a: Jellicent|25/100
|-enditem|p1a: Toxtricity|Throat Spray
|-boost|p1a: Toxtricity|spa|1
|move|p2a: Jellicent|Hex|p1a: Toxtricity
|-damage|p1a: Toxtricity|3/100
|
|-heal|p2a: Jellicent|32/100|[from] item: Leftovers
|upkeep
|turn|10
|
|move|p1a: Toxtricity|Overdrive|p2a: Jellicent
|-supereffective|p2a: Jellicent
|-damage|p2a: Jellicent|0 fnt
|faint|p2a: Jellicent
|
|upkeep
|
|switch|p2a: Tyranitar|Tyranitar, M|8/100
|-damage|p2a: Tyranitar|0 fnt|[from] Stealth Rock
|faint|p2a: Tyranitar
|
|switch|p2a: Hatterene|Hatterene, F|100/100
|-damage|p2a: Hatterene|88/100|[from] Stealth Rock
|turn|11
|
|move|p1a: Toxtricity|Sludge Wave|p2a: Hatterene
|-supereffective|p2a: Hatterene
|-damage|p2a: Hatterene|0 fnt
|faint|p2a: Hatterene
|
|upkeep
|
|switch|p2a: Corviknight|Corviknight, M|100/100
|-damage|p2a: Corviknight|88/100|[from] Stealth Rock
|-ability|p2a: Corviknight|Pressure
|turn|12
|
|move|p1a: Toxtricity|Overdrive|p2a: Corviknight
|-supereffective|p2a: Corviknight
|-damage|p2a: Corviknight|0 fnt
|faint|p2a: Corviknight
|
|upkeep
|
|switch|p2a: Excadrill|Excadrill, M|100/100
|-damage|p2a: Excadrill|97/100|[from] Stealth Rock
|turn|13
|
|move|p1a: Toxtricity|Boomburst|p2a: Excadrill
|-resisted|p2a: Excadrill
|-damage|p2a: Excadrill|49/100
|move|p2a: Excadrill|Rapid Spin|p1a: Toxtricity
|-damage|p1a: Toxtricity|0 fnt
|-sideend|p2: Yeet God Gang|Stealth Rock|[from] move: Rapid Spin|[of] p2a: Excadrill
|-boost|p2a: Excadrill|spe|1
|-damage|p2a: Excadrill|39/100|[from] item: Life Orb
|faint|p1a: Toxtricity
|
|upkeep
|
|switch|p1a: Grimmsnarl|Grimmsnarl, M|100/100
|-damage|p1a: Grimmsnarl|88/100|[from] Stealth Rock
|turn|14
|
|move|p1a: Grimmsnarl|Reflect|p1a: Grimmsnarl
|-sidestart|p1: Sealx♬|Reflect
|move|p2a: Excadrill|Swords Dance|p2a: Excadrill
|-boost|p2a: Excadrill|atk|2
|
|upkeep
|turn|15
|
|move|p1a: Grimmsnarl|Thunder Wave|p2a: Excadrill
|-immune|p2a: Excadrill
|move|p2a: Excadrill|Iron Head|p1a: Grimmsnarl
|-supereffective|p1a: Grimmsnarl
|-damage|p1a: Grimmsnarl|0 fnt
|-damage|p2a: Excadrill|29/100|[from] item: Life Orb
|faint|p1a: Grimmsnarl
|
|upkeep
|
|switch|p1a: Hydreigon|Hydreigon, F|88/100
|-damage|p1a: Hydreigon|76/100|[from] Stealth Rock
|turn|16
|
|move|p2a: Excadrill|Iron Head|p1a: Hydreigon
|-damage|p1a: Hydreigon|12/100
|-damage|p2a: Excadrill|19/100|[from] item: Life Orb
|cant|p1a: Hydreigon|flinch
|
|-heal|p1a: Hydreigon|18/100|[from] item: Leftovers
|upkeep
|turn|17
|
|move|p2a: Excadrill|Iron Head|p1a: Hydreigon
|-damage|p1a: Hydreigon|0 fnt
|-damage|p2a: Excadrill|9/100|[from] item: Life Orb
|faint|p1a: Hydreigon
|
|upkeep
|
|switch|p1a: Polteageist|Polteageist|100/100
|-damage|p1a: Polteageist|88/100|[from] Stealth Rock
|turn|18
|
|move|p2a: Excadrill|Iron Head|p1a: Polteageist
|-damage|p1a: Polteageist|0 fnt
|-damage|p2a: Excadrill|0 fnt|[from] item: Life Orb
|faint|p1a: Polteageist
|faint|p2a: Excadrill
|
|win|Yeet God Gang
|l|☆Yeet God Gang
|raw|Sealx♬'s rating: 1417 → 1397(-20 for losing)
|raw|Yeet God Gang's rating: 1416 → 1436(+20 for winning)
