|ScrapeTime|2020-01-01-00:54:55
|j|☆Husarius pl
|j|☆Extremis34
|player|p1|Husarius pl|selene|1130
|player|p2|Extremis34|blue|1111
|teamsize|p1|6
|teamsize|p2|6
|gametype|singles
|gen|8
|tier|[Gen 8] OU
|rated|
|rule|Sleep Clause Mod: Limit one foe put to sleep
|rule|Species Clause: Limit one of each Pokémon
|rule|OHKO Clause: OHKO moves are banned
|rule|Evasion Moves Clause: Evasion moves are banned
|rule|Endless Battle Clause: Forcing endless battles is banned
|rule|HP Percentage Mod: HP is shown in percentages
|clearpoke
|poke|p1|Dragapult, F|
|poke|p1|Hatterene, F|
|poke|p1|Seismitoad, M|
|poke|p1|Cinderace, M|
|poke|p1|Toxtricity, F|
|poke|p1|Tyranitar, F|
|poke|p2|Toxtricity, F|
|poke|p2|Dugtrio, F|
|poke|p2|Corviknight, M|
|poke|p2|Dracovish|
|poke|p2|Dragapult, M|
|poke|p2|Corsola-Galar, F|
|rule|Dynamax Clause: You cannot dynamax
|teampreview
|inactive|Battle timer is ON: inactive players will automatically lose when time's up. (requested by Extremis34)
|
|start
|switch|p1a: Tyranitar|Tyranitar, F|100/100
|switch|p2a: John Ramones|Toxtricity, F|100/100
|-weather|Sandstorm|[from] ability: Sand Stream|[of] p1a: Tyranitar
|turn|1
|
|switch|p2a: Colapso|Corsola-Galar, F|100/100
|move|p1a: Tyranitar|Dragon Dance|p1a: Tyranitar
|-boost|p1a: Tyranitar|atk|1
|-boost|p1a: Tyranitar|spe|1
|
|-weather|Sandstorm|[upkeep]
|-damage|p2a: Colapso|94/100|[from] Sandstorm
|upkeep
|turn|2
|
|switch|p1a: Hatterene|Hatterene, F|100/100
|move|p2a: Colapso|Stealth Rock|p1a: Hatterene
|move|p1a: Hatterene|Stealth Rock|p2a: Colapso|[from]Magic Bounce
|-sidestart|p2: Extremis34|move: Stealth Rock
|
|-weather|Sandstorm|[upkeep]
|-damage|p2a: Colapso|88/100|[from] Sandstorm
|-damage|p1a: Hatterene|95/100|[from] Sandstorm
|-heal|p1a: Hatterene|100/100|[from] item: Leftovers
|upkeep
|turn|3
|
|switch|p2a: The Dark Knight|Corviknight, M|100/100
|-damage|p2a: The Dark Knight|88/100|[from] Stealth Rock
|-ability|p2a: The Dark Knight|Pressure
|switch|p1a: Seismitoad|Seismitoad, M|100/100
|
|-weather|Sandstorm|[upkeep]
|-heal|p2a: The Dark Knight|94/100|[from] item: Leftovers
|upkeep
|turn|4
|
|switch|p1a: Toxtricity|Toxtricity, F|100/100
|move|p2a: The Dark Knight|Defog|p1a: Toxtricity
|-unboost|p1a: Toxtricity|evasion|1
|-sideend|p2: Extremis34|Stealth Rock|[from] move: Defog|[of] p2a: The Dark Knight
|
|-weather|Sandstorm|[upkeep]
|-damage|p1a: Toxtricity|94/100|[from] Sandstorm
|-heal|p2a: The Dark Knight|100/100|[from] item: Leftovers
|upkeep
|turn|5
|
|switch|p2a: Colapso|Corsola-Galar, F|88/100
|move|p1a: Toxtricity|Boomburst|p2a: Colapso
|-immune|p2a: Colapso
|
|-weather|none
|upkeep
|turn|6
|
|switch|p2a: John Ramones|Toxtricity, F|100/100
|move|p1a: Toxtricity|Overdrive|p2a: John Ramones
|-resisted|p2a: John Ramones
|-damage|p2a: John Ramones|80/100
|
|upkeep
|turn|7
|
|move|p2a: John Ramones|Volt Switch|p1a: Toxtricity
|-resisted|p1a: Toxtricity
|-damage|p1a: Toxtricity|73/100
|
|switch|p2a: Colapso|Corsola-Galar, F|88/100|[from]move: Volt Switch
|move|p1a: Toxtricity|Boomburst|p2a: Colapso
|-immune|p2a: Colapso
|
|upkeep
|turn|8
|
|move|p1a: Toxtricity|Volt Switch|p2a: Colapso
|-crit|p2a: Colapso
|-damage|p2a: Colapso|55/100
|
|switch|p1a: Tyranitar|Tyranitar, F|100/100|[from]move: Volt Switch
|-weather|Sandstorm|[from] ability: Sand Stream|[of] p1a: Tyranitar
|move|p2a: Colapso|Stealth Rock|p1a: Tyranitar
|-sidestart|p1: Husarius pl|move: Stealth Rock
|
|-weather|Sandstorm|[upkeep]
|-damage|p2a: Colapso|48/100|[from] Sandstorm
|upkeep
|turn|9
|
|move|p1a: Tyranitar|Dragon Dance|p1a: Tyranitar
|-boost|p1a: Tyranitar|atk|1
|-boost|p1a: Tyranitar|spe|1
|move|p2a: Colapso|Strength Sap|p1a: Tyranitar
|-unboost|p1a: Tyranitar|atk|1
|-heal|p2a: Colapso|100/100
|
|-weather|Sandstorm|[upkeep]
|-damage|p2a: Colapso|94/100|[from] Sandstorm
|upkeep
|turn|10
|
|switch|p1a: Seismitoad|Seismitoad, M|100/100
|-damage|p1a: Seismitoad|94/100|[from] Stealth Rock
|move|p2a: Colapso|Will-O-Wisp|p1a: Seismitoad
|-status|p1a: Seismitoad|brn
|
|-weather|Sandstorm|[upkeep]
|-damage|p2a: Colapso|88/100|[from] Sandstorm
|-heal|p1a: Seismitoad|100/100 brn|[from] item: Leftovers
|-damage|p1a: Seismitoad|94/100 brn|[from] brn
|upkeep
|turn|11
|
|switch|p2a: The Dark Knight|Corviknight, M|100/100
|-ability|p2a: The Dark Knight|Pressure
|move|p1a: Seismitoad|Toxic|p2a: The Dark Knight
|-immune|p2a: The Dark Knight
|
|-weather|Sandstorm|[upkeep]
|-heal|p1a: Seismitoad|100/100 brn|[from] item: Leftovers
|-damage|p1a: Seismitoad|94/100 brn|[from] brn
|upkeep
|turn|12
|
|switch|p1a: Toxtricity|Toxtricity, F|73/100
|-damage|p1a: Toxtricity|60/100|[from] Stealth Rock
|move|p2a: The Dark Knight|Brave Bird|p1a: Toxtricity
|-resisted|p1a: Toxtricity
|-damage|p1a: Toxtricity|36/100
|-damage|p2a: The Dark Knight|93/100|[from] Recoil
|
|-weather|none
|-heal|p2a: The Dark Knight|99/100|[from] item: Leftovers
|upkeep
|turn|13
|
|switch|p2a: Dugtrio|Dugtrio, F|100/100
|move|p1a: Toxtricity|Overdrive|p2a: Dugtrio
|-immune|p2a: Dugtrio
|
|upkeep
|turn|14
|
|move|p2a: Dugtrio|Earthquake|p1a: Toxtricity
|-supereffective|p1a: Toxtricity
|-damage|p1a: Toxtricity|0 fnt
|faint|p1a: Toxtricity
|
|upkeep
|
|switch|p1a: Seismitoad|Seismitoad, M|94/100 brn
|-damage|p1a: Seismitoad|88/100 brn|[from] Stealth Rock
|turn|15
|
|move|p2a: Dugtrio|Screech|p1a: Seismitoad
|-unboost|p1a: Seismitoad|def|2
|move|p1a: Seismitoad|Liquidation|p2a: Dugtrio
|-supereffective|p2a: Dugtrio
|-enditem|p2a: Dugtrio|Focus Sash
|-damage|p2a: Dugtrio|1/100
|-unboost|p2a: Dugtrio|def|1
|
|-heal|p1a: Seismitoad|94/100 brn|[from] item: Leftovers
|-damage|p1a: Seismitoad|88/100 brn|[from] brn
|upkeep
|turn|16
|
|move|p2a: Dugtrio|Reversal|p1a: Seismitoad
|-damage|p1a: Seismitoad|0 fnt
|faint|p1a: Seismitoad
|
|upkeep
|
|switch|p1a: Dragapult|Dragapult, F|100/100
|-damage|p1a: Dragapult|88/100|[from] Stealth Rock
|turn|17
|
|move|p2a: Dugtrio|Sucker Punch|p1a: Dragapult
|-supereffective|p1a: Dragapult
|-damage|p1a: Dragapult|28/100
|move|p1a: Dragapult|U-turn|p2a: Dugtrio
|-damage|p2a: Dugtrio|0 fnt
|faint|p2a: Dugtrio
|
|switch|p1a: Cinderace|Cinderace, M|100/100|[from]move: U-turn
|-damage|p1a: Cinderace|76/100|[from] Stealth Rock
|
|upkeep
|
|switch|p2a: Dracken|Dracovish|100/100
|turn|18
|
|move|p2a: Dracken|Fishious Rend|p1a: Cinderace
|-supereffective|p1a: Cinderace
|-damage|p1a: Cinderace|0 fnt
|faint|p1a: Cinderace
|
|upkeep
|
|switch|p1a: Dragapult|Dragapult, F|28/100
|-damage|p1a: Dragapult|16/100|[from] Stealth Rock
|-enditem|p1a: Dragapult|Figy Berry|[eat]
|-heal|p1a: Dragapult|49/100|[from] item: Figy Berry
|turn|19
|
|switch|p2a: Colapso|Corsola-Galar, F|88/100
|move|p1a: Dragapult|Dragon Dance|p1a: Dragapult
|-boost|p1a: Dragapult|atk|1
|-boost|p1a: Dragapult|spe|1
|
|upkeep
|turn|20
|
|move|p1a: Dragapult|Phantom Force||[still]
|-prepare|p1a: Dragapult|Phantom Force|p2a: Colapso
|move|p2a: Colapso|Strength Sap|p1a: Dragapult|[miss]
|-miss|p2a: Colapso|p1a: Dragapult
|
|upkeep
|turn|21
|
|move|p1a: Dragapult|Phantom Force|p2a: Colapso|[from]lockedmove
|-supereffective|p2a: Colapso
|-damage|p2a: Colapso|0 fnt
|faint|p2a: Colapso
|
|upkeep
|
|switch|p2a: The Dark Knight|Corviknight, M|99/100
|-ability|p2a: The Dark Knight|Pressure
|turn|22
|
|move|p1a: Dragapult|Dragon Dance|p1a: Dragapult
|-boost|p1a: Dragapult|atk|1
|-boost|p1a: Dragapult|spe|1
|move|p2a: The Dark Knight|Brave Bird|p1a: Dragapult
|-damage|p1a: Dragapult|0 fnt
|-damage|p2a: The Dark Knight|87/100|[from] Recoil
|faint|p1a: Dragapult
|
|-heal|p2a: The Dark Knight|93/100|[from] item: Leftovers
|upkeep
|
|switch|p1a: Tyranitar|Tyranitar, F|100/100
|-damage|p1a: Tyranitar|88/100|[from] Stealth Rock
|-weather|Sandstorm|[from] ability: Sand Stream|[of] p1a: Tyranitar
|turn|23
|
|move|p1a: Tyranitar|Dragon Dance|p1a: Tyranitar
|-boost|p1a: Tyranitar|atk|1
|-boost|p1a: Tyranitar|spe|1
|move|p2a: The Dark Knight|U-turn|p1a: Tyranitar
|-supereffective|p1a: Tyranitar
|-damage|p1a: Tyranitar|63/100
|
|switch|p2a: John Ramones|Toxtricity, F|80/100|[from]move: U-turn
|
|-weather|Sandstorm|[upkeep]
|-damage|p2a: John Ramones|73/100|[from] Sandstorm
|upkeep
|turn|24
|inactive|Extremis34 has 120 seconds left.
|
|move|p1a: Tyranitar|Dragon Dance|p1a: Tyranitar
|-boost|p1a: Tyranitar|atk|1
|-boost|p1a: Tyranitar|spe|1
|move|p2a: John Ramones|Overdrive|p1a: Tyranitar
|-damage|p1a: Tyranitar|11/100
|
|-weather|Sandstorm|[upkeep]
|-damage|p2a: John Ramones|67/100|[from] Sandstorm
|upkeep
|turn|25
|
|move|p1a: Tyranitar|Crunch|p2a: John Ramones
|-damage|p2a: John Ramones|0 fnt
|-heal|p1a: Tyranitar|18/100|[from] item: Shell Bell|[of] p2a: John Ramones
|faint|p2a: John Ramones
|
|-weather|Sandstorm|[upkeep]
|upkeep
|
|switch|p2a: The Dark Knight|Corviknight, M|93/100
|-ability|p2a: The Dark Knight|Pressure
|turn|26
|
|move|p1a: Tyranitar|Fire Punch|p2a: The Dark Knight
|-supereffective|p2a: The Dark Knight
|-damage|p2a: The Dark Knight|18/100
|-status|p2a: The Dark Knight|brn
|-heal|p1a: Tyranitar|29/100|[from] item: Shell Bell|[of] p2a: The Dark Knight
|move|p2a: The Dark Knight|Brave Bird|p1a: Tyranitar
|-resisted|p1a: Tyranitar
|-damage|p1a: Tyranitar|20/100
|-damage|p2a: The Dark Knight|15/100 brn|[from] Recoil
|
|-weather|Sandstorm|[upkeep]
|-heal|p2a: The Dark Knight|22/100 brn|[from] item: Leftovers
|-damage|p2a: The Dark Knight|15/100 brn|[from] brn
|upkeep
|turn|27
|inactive|Extremis34 has 120 seconds left.
|
|switch|p2a: Dracken|Dracovish|100/100
|move|p1a: Tyranitar|Dragon Dance|p1a: Tyranitar
|-boost|p1a: Tyranitar|atk|1
|-boost|p1a: Tyranitar|spe|1
|
|-weather|none
|upkeep
|turn|28
|
|move|p1a: Tyranitar|Stone Edge|p2a: Dracken
|-damage|p2a: Dracken|0 fnt
|-heal|p1a: Tyranitar|32/100|[from] item: Shell Bell|[of] p2a: Dracken
|faint|p2a: Dracken
|
|upkeep
|
|switch|p2a: Dragapulte|Dragapult, M|100/100
|turn|29
|
|move|p1a: Tyranitar|Crunch|p2a: Dragapulte
|-supereffective|p2a: Dragapulte
|-damage|p2a: Dragapulte|0 fnt
|-heal|p1a: Tyranitar|43/100|[from] item: Shell Bell|[of] p2a: Dragapulte
|faint|p2a: Dragapulte
|
|upkeep
|inactive|Extremis34 has 120 seconds left.
|
|switch|p2a: The Dark Knight|Corviknight, M|15/100 brn
|-ability|p2a: The Dark Knight|Pressure
|turn|30
|
|move|p1a: Tyranitar|Fire Punch|p2a: The Dark Knight
|-supereffective|p2a: The Dark Knight
|-damage|p2a: The Dark Knight|0 fnt
|-heal|p1a: Tyranitar|45/100|[from] item: Shell Bell|[of] p2a: The Dark Knight
|faint|p2a: The Dark Knight
|
|win|Husarius pl
|raw|Husarius pl's rating: 1130 → 1153(+23 for winning)
|raw|Extremis34's rating: 1111 → 1088(-23 for losing)
|l|☆Extremis34
|c|☆Husarius pl|gg
