|ScrapeTime|2020-01-01-00:49:00
|j|☆Raoul Sanchez
|j|☆hoykuneho
|player|p1|Raoul Sanchez|thorton|1483
|player|p2|hoykuneho|ninjaboy|1475
|teamsize|p1|6
|teamsize|p2|6
|gametype|singles
|gen|8
|tier|[Gen 8] OU
|rated|
|rule|Sleep Clause Mod: Limit one foe put to sleep
|rule|Species Clause: Limit one of each Pokémon
|rule|OHKO Clause: OHKO moves are banned
|rule|Evasion Moves Clause: Evasion moves are banned
|rule|Endless Battle Clause: Forcing endless battles is banned
|rule|HP Percentage Mod: HP is shown in percentages
|clearpoke
|poke|p1|Obstagoon, M|
|poke|p1|Dragapult, F|
|poke|p1|Conkeldurr, M|
|poke|p1|Rotom-Wash|
|poke|p1|Dracozolt|
|poke|p1|Mandibuzz, F|
|poke|p2|Clefable, F|
|poke|p2|Pelipper, F|
|poke|p2|Dracovish|
|poke|p2|Barraskewda, F|
|poke|p2|Goodra, F|
|poke|p2|Mew|
|rule|Dynamax Clause: You cannot dynamax
|teampreview
|
|start
|switch|p1a: Rotom|Rotom-Wash, shiny|100/100
|switch|p2a: Budget Raquaza|Dracovish|100/100
|turn|1
|inactive|Battle timer is ON: inactive players will automatically lose when time's up. (requested by Raoul Sanchez)
|
|move|p2a: Budget Raquaza|Fishious Rend|p1a: Rotom
|-resisted|p1a: Rotom
|-damage|p1a: Rotom|44/100
|move|p1a: Rotom|Discharge|p2a: Budget Raquaza
|-damage|p2a: Budget Raquaza|55/100
|
|upkeep
|turn|2
|
|switch|p1a: Mandibuzz|Mandibuzz, F|100/100
|move|p2a: Budget Raquaza|Fishious Rend|p1a: Mandibuzz
|-damage|p1a: Mandibuzz|27/100
|-damage|p2a: Budget Raquaza|39/100|[from] item: Rocky Helmet|[of] p1a: Mandibuzz
|
|upkeep
|turn|3
|
|move|p2a: Budget Raquaza|Fishious Rend|p1a: Mandibuzz
|-damage|p1a: Mandibuzz|0 fnt
|-damage|p2a: Budget Raquaza|22/100|[from] item: Rocky Helmet|[of] p1a: Mandibuzz
|faint|p1a: Mandibuzz
|
|upkeep
|
|switch|p1a: Conkeldurr|Conkeldurr, M, shiny|100/100
|turn|4
|
|switch|p2a: Budge Kyogre|Pelipper, F|100/100
|-weather|RainDance|[from] ability: Drizzle|[of] p2a: Budge Kyogre
|move|p1a: Conkeldurr|Mach Punch|p2a: Budge Kyogre
|-resisted|p2a: Budge Kyogre
|-damage|p2a: Budge Kyogre|91/100
|
|-weather|RainDance|[upkeep]
|-status|p1a: Conkeldurr|brn|[from] item: Flame Orb
|upkeep
|turn|5
|
|switch|p1a: Rotom|Rotom-Wash, shiny|44/100
|move|p2a: Budge Kyogre|Hurricane|p1a: Rotom
|-resisted|p1a: Rotom
|-damage|p1a: Rotom|32/100
|-start|p1a: Rotom|confusion
|
|-weather|RainDance|[upkeep]
|upkeep
|turn|6
|
|switch|p2a: Goodra|Goodra, F|100/100
|-activate|p1a: Rotom|confusion
|-damage|p1a: Rotom|27/100|[from] confusion
|
|-weather|RainDance|[upkeep]
|upkeep
|turn|7
|
|-activate|p1a: Rotom|confusion
|move|p1a: Rotom|Volt Switch|p2a: Goodra
|-resisted|p2a: Goodra
|-damage|p2a: Goodra|90/100
|
|switch|p1a: Obstagoon|Obstagoon, M|100/100|[from]move: Volt Switch
|move|p2a: Goodra|Thunder|p1a: Obstagoon
|-damage|p1a: Obstagoon|63/100
|-status|p1a: Obstagoon|par
|
|-weather|RainDance|[upkeep]
|-heal|p2a: Goodra|96/100|[from] item: Leftovers
|upkeep
|turn|8
|
|move|p2a: Goodra|Hydro Pump|p1a: Obstagoon
|-damage|p1a: Obstagoon|4/100 par
|move|p1a: Obstagoon|Knock Off|p2a: Goodra
|-damage|p2a: Goodra|34/100
|-enditem|p2a: Goodra|Leftovers|[from] move: Knock Off|[of] p1a: Obstagoon
|
|-weather|RainDance|[upkeep]
|upkeep
|turn|9
|
|move|p2a: Goodra|Thunder|p1a: Obstagoon
|-damage|p1a: Obstagoon|0 fnt
|faint|p1a: Obstagoon
|
|-weather|RainDance|[upkeep]
|upkeep
|
|switch|p1a: Dragapult|Dragapult, F|100/100
|turn|10
|
|move|p1a: Dragapult|Shadow Ball|p2a: Goodra
|-damage|p2a: Goodra|0 fnt
|faint|p2a: Goodra
|
|-weather|RainDance|[upkeep]
|upkeep
|
|switch|p2a: Budget Salamence|Barraskewda, F|100/100
|turn|11
|
|move|p2a: Budget Salamence|Crunch|p1a: Dragapult
|-supereffective|p1a: Dragapult
|-damage|p1a: Dragapult|0 fnt
|faint|p1a: Dragapult
|
|-weather|none
|upkeep
|
|switch|p1a: Conkeldurr|Conkeldurr, M, shiny|100/100 brn
|turn|12
|
|switch|p2a: Budge Kyogre|Pelipper, F|91/100
|-weather|RainDance|[from] ability: Drizzle|[of] p2a: Budge Kyogre
|move|p1a: Conkeldurr|Thunder Punch|p2a: Budge Kyogre
|-supereffective|p2a: Budge Kyogre
|-damage|p2a: Budge Kyogre|0 fnt
|faint|p2a: Budge Kyogre
|
|-weather|RainDance|[upkeep]
|-damage|p1a: Conkeldurr|94/100 brn|[from] brn
|upkeep
|c|☆hoykuneho|nice
|
|switch|p2a: Budget Mew|Clefable, F|100/100
|turn|13
|
|switch|p1a: Rotom|Rotom-Wash, shiny|27/100
|move|p2a: Budget Mew|Moonblast|p1a: Rotom
|-damage|p1a: Rotom|0 fnt
|faint|p1a: Rotom
|
|-weather|RainDance|[upkeep]
|upkeep
|
|switch|p1a: Dracozolt|Dracozolt|100/100
|turn|14
|
|move|p1a: Dracozolt|Bolt Beak|p2a: Budget Mew
|-damage|p2a: Budget Mew|0 fnt
|faint|p2a: Budget Mew
|
|-weather|RainDance|[upkeep]
|upkeep
|
|switch|p2a: Budget Salamence|Barraskewda, F|100/100
|turn|15
|
|switch|p1a: Conkeldurr|Conkeldurr, M, shiny|94/100 brn
|move|p2a: Budget Salamence|Drill Run|p1a: Conkeldurr
|-damage|p1a: Conkeldurr|56/100 brn
|
|-weather|RainDance|[upkeep]
|-damage|p1a: Conkeldurr|50/100 brn|[from] brn
|upkeep
|turn|16
|
|switch|p2a: Upcycled Clefable|Mew|100/100
|move|p1a: Conkeldurr|Drain Punch|p2a: Upcycled Clefable
|-resisted|p2a: Upcycled Clefable
|-damage|p2a: Upcycled Clefable|76/100
|-heal|p1a: Conkeldurr|62/100 brn|[from] drain|[of] p2a: Upcycled Clefable
|
|-weather|RainDance|[upkeep]
|-damage|p1a: Conkeldurr|56/100 brn|[from] brn
|upkeep
|turn|17
|
|move|p2a: Upcycled Clefable|Self-Destruct|p1a: Conkeldurr
|-damage|p1a: Conkeldurr|17/100 brn
|faint|p2a: Upcycled Clefable
|move|p1a: Conkeldurr|Thunder Punch|p2: Upcycled Clefable|[notarget]
|-fail|p1a: Conkeldurr
|
|-weather|RainDance|[upkeep]
|-damage|p1a: Conkeldurr|11/100 brn|[from] brn
|upkeep
|inactive|hoykuneho has 120 seconds left.
|
|switch|p2a: Budget Salamence|Barraskewda, F|100/100
|turn|18
|
|move|p1a: Conkeldurr|Mach Punch|p2a: Budget Salamence
|-damage|p2a: Budget Salamence|34/100
|move|p2a: Budget Salamence|Drill Run|p1a: Conkeldurr
|-damage|p1a: Conkeldurr|0 fnt
|faint|p1a: Conkeldurr
|
|-weather|RainDance|[upkeep]
|upkeep
|c|☆Raoul Sanchez|GG
|c|☆hoykuneho|gg
|
|switch|p1a: Dracozolt|Dracozolt|100/100
|turn|19
|
|move|p2a: Budget Salamence|Drill Run|p1a: Dracozolt
|-supereffective|p1a: Dracozolt
|-damage|p1a: Dracozolt|1/100
|move|p1a: Dracozolt|Stone Edge|p2a: Budget Salamence|[miss]
|-miss|p1a: Dracozolt|p2a: Budget Salamence
|-enditem|p1a: Dracozolt|Blunder Policy
|-boost|p1a: Dracozolt|spe|2
|
|-weather|none
|upkeep
|turn|20
|c|☆hoykuneho|oh snap
|
|move|p1a: Dracozolt|Bolt Beak|p2a: Budget Salamence
|-supereffective|p2a: Budget Salamence
|-damage|p2a: Budget Salamence|0 fnt
|faint|p2a: Budget Salamence
|
|upkeep
|c|☆Raoul Sanchez|Lol
|
|switch|p2a: Budget Raquaza|Dracovish|22/100
|turn|21
|
|move|p1a: Dracozolt|Bolt Beak|p2a: Budget Raquaza
|-damage|p2a: Budget Raquaza|0 fnt
|faint|p2a: Budget Raquaza
|
|win|Raoul Sanchez
|c|☆hoykuneho|lmao what
|c|☆hoykuneho|gg
|c|☆Raoul Sanchez|GG
|raw|Raoul Sanchez's rating: 1483 → 1503(+20 for winning)
|raw|hoykuneho's rating: 1475 → 1455(-20 for losing)
|l|☆hoykuneho
