|ScrapeTime|2020-01-01-01:35:28
|j|☆Your Midlaner
|j|‽MegaStarUniverse
|inactive|Battle timer is ON: inactive players will automatically lose when time's up.
|player|p1|Your Midlaner|70|
|player|p2|MegaStarUniverse|ethan|
|teamsize|p1|6
|teamsize|p2|6
|gametype|singles
|gen|8
|tier|[Gen 8] OU
|rated|Tournament battle
|rule|Sleep Clause Mod: Limit one foe put to sleep
|rule|Species Clause: Limit one of each Pokémon
|rule|OHKO Clause: OHKO moves are banned
|rule|Evasion Moves Clause: Evasion moves are banned
|rule|Endless Battle Clause: Forcing endless battles is banned
|rule|HP Percentage Mod: HP is shown in percentages
|clearpoke
|poke|p1|Dracovish|
|poke|p1|Dragapult, F|
|poke|p1|Conkeldurr, F|
|poke|p1|Stunfisk-Galar, M|
|poke|p1|Cinderace, F|
|poke|p1|Toxtricity, M|
|poke|p2|Clefable, F|
|poke|p2|Conkeldurr, F|
|poke|p2|Mimikyu, M|
|poke|p2|Seismitoad, M|
|poke|p2|Corviknight, M|
|poke|p2|Ditto|
|rule|Dynamax Clause: You cannot dynamax
|teampreview
|
|start
|switch|p1a: Dracovish|Dracovish|100/100
|switch|p2a: Mimikyu|Mimikyu, M|100/100
|turn|1
|
|switch|p1a: Stunfisk|Stunfisk-Galar, M|100/100
|move|p2a: Mimikyu|Play Rough|p1a: Stunfisk
|-resisted|p1a: Stunfisk
|-damage|p1a: Stunfisk|81/100
|-damage|p2a: Mimikyu|91/100|[from] item: Life Orb
|
|upkeep
|turn|2
|
|move|p2a: Mimikyu|Swords Dance|p2a: Mimikyu
|-boost|p2a: Mimikyu|atk|2
|move|p1a: Stunfisk|Flash Cannon|p2a: Mimikyu
|-activate|p2a: Mimikyu|ability: Disguise
|-damage|p2a: Mimikyu|91/100
|detailschange|p2a: Mimikyu|Mimikyu-Busted, M
|-damage|p2a: Mimikyu|78/100|[from] ability: Disguise|[of] p2a: Mimikyu
|
|upkeep
|turn|3
|j| popressurection
|j| SandGetsEverywhere
|c| popressurection|quer dizer q vcs acham
|
|move|p2a: Mimikyu|Shadow Claw|p1a: Stunfisk
|-damage|p1a: Stunfisk|20/100
|-damage|p2a: Mimikyu|68/100|[from] item: Life Orb
|move|p1a: Stunfisk|Flash Cannon|p2a: Mimikyu
|-supereffective|p2a: Mimikyu
|-damage|p2a: Mimikyu|0 fnt
|faint|p2a: Mimikyu
|
|upkeep
|j| bugiwugi
|c| popressurection|que a nova decada é em 2020 é
|l| bugiwugi
|
|switch|p2a: Conkeldurr|Conkeldurr, F|100/100
|turn|4
|l| SandGetsEverywhere
|
|move|p2a: Conkeldurr|Earthquake|p1a: Stunfisk
|-supereffective|p1a: Stunfisk
|-damage|p1a: Stunfisk|0 fnt
|faint|p1a: Stunfisk
|
|-status|p2a: Conkeldurr|brn|[from] item: Flame Orb
|upkeep
|
|switch|p1a: Dracovish|Dracovish|100/100
|turn|5
|
|switch|p2a: Seismitoad|Seismitoad, M|100/100
|move|p1a: Dracovish|Psychic Fangs|p2a: Seismitoad
|-damage|p2a: Seismitoad|59/100
|
|upkeep
|turn|6
|
|move|p1a: Dracovish|Psychic Fangs|p2a: Seismitoad
|-damage|p2a: Seismitoad|17/100
|move|p2a: Seismitoad|Rest|p2a: Seismitoad
|-status|p2a: Seismitoad|slp|[from] move: Rest
|-heal|p2a: Seismitoad|100/100 slp|[silent]
|-enditem|p2a: Seismitoad|Chesto Berry|[eat]
|-curestatus|p2a: Seismitoad|slp|[msg]
|
|upkeep
|turn|7
|
|switch|p2a: Corviknight|Corviknight, M|100/100
|-ability|p2a: Corviknight|Pressure
|move|p1a: Dracovish|Psychic Fangs|p2a: Corviknight
|-resisted|p2a: Corviknight
|-damage|p2a: Corviknight|73/100
|
|upkeep
|turn|8
|
|switch|p2a: Ditto|Ditto|100/100
|-transform|p2a: Ditto|p1a: Dracovish|[from] ability: Imposter
|move|p1a: Dracovish|Psychic Fangs|p2a: Ditto
|-damage|p2a: Ditto|36/100
|
|upkeep
|turn|9
|
|move|p2a: Ditto|Outrage|p1a: Dracovish
|-supereffective|p1a: Dracovish
|-damage|p1a: Dracovish|0 fnt
|faint|p1a: Dracovish
|
|upkeep
|
|switch|p1a: Conkeldurr|Conkeldurr, F|100/100
|turn|10
|
|move|p1a: Conkeldurr|Mach Punch|p2a: Ditto
|-damage|p2a: Ditto|9/100
|move|p2a: Ditto|Outrage|p1a: Conkeldurr|[from]lockedmove
|-damage|p1a: Conkeldurr|52/100
|-start|p2a: Ditto|confusion|[fatigue]
|
|upkeep
|turn|11
|
|switch|p2a: Corviknight|Corviknight, M|73/100
|-ability|p2a: Corviknight|Pressure
|switch|p1a: Toxtricity|Toxtricity, M|100/100
|
|upkeep
|turn|12
|
|move|p1a: Toxtricity|Volt Switch|p2a: Corviknight
|-supereffective|p2a: Corviknight
|-damage|p2a: Corviknight|0 fnt
|faint|p2a: Corviknight
|
|switch|p1a: Dragapult|Dragapult, F|100/100|[from]move: Volt Switch
|
|upkeep
|c|☆Your Midlaner|gottem
|
|switch|p2a: Clefable|Clefable, F|100/100
|turn|13
|j| TheNewBrends11@!
|
|move|p1a: Dragapult|Substitute|p1a: Dragapult
|-start|p1a: Dragapult|Substitute
|-damage|p1a: Dragapult|76/100
|move|p2a: Clefable|Moonblast|p1a: Dragapult
|-supereffective|p1a: Dragapult
|-end|p1a: Dragapult|Substitute
|
|-heal|p1a: Dragapult|82/100|[from] item: Leftovers
|upkeep
|turn|14
|
|switch|p2a: Conkeldurr|Conkeldurr, F|100/100 brn
|move|p1a: Dragapult|Disable||[still]
|-fail|p1a: Dragapult
|
|-heal|p1a: Dragapult|88/100|[from] item: Leftovers
|-damage|p2a: Conkeldurr|95/100 brn|[from] brn
|upkeep
|turn|15
|
|move|p1a: Dragapult|Substitute|p1a: Dragapult
|-start|p1a: Dragapult|Substitute
|-damage|p1a: Dragapult|63/100
|move|p2a: Conkeldurr|Earthquake|p1a: Dragapult
|-end|p1a: Dragapult|Substitute
|
|-heal|p1a: Dragapult|69/100|[from] item: Leftovers
|-damage|p2a: Conkeldurr|89/100 brn|[from] brn
|upkeep
|turn|16
|
|switch|p2a: Clefable|Clefable, F|100/100
|move|p1a: Dragapult|Substitute|p1a: Dragapult
|-start|p1a: Dragapult|Substitute
|-damage|p1a: Dragapult|44/100
|
|-heal|p1a: Dragapult|50/100|[from] item: Leftovers
|upkeep
|turn|17
|
|move|p1a: Dragapult|Will-O-Wisp|p2a: Clefable|[miss]
|-miss|p1a: Dragapult|p2a: Clefable
|move|p2a: Clefable|Moonblast|p1a: Dragapult
|-supereffective|p1a: Dragapult
|-end|p1a: Dragapult|Substitute
|
|-heal|p1a: Dragapult|57/100|[from] item: Leftovers
|upkeep
|turn|18
|j| BlazeLatias
|c| BlazeLatias|msu
|c| BlazeLatias|i got a hit for u
|
|move|p1a: Dragapult|Disable|p2a: Clefable
|-start|p2a: Clefable|Disable|Moonblast
|cant|p2a: Clefable|Disable|Moonblast
|
|-heal|p1a: Dragapult|63/100|[from] item: Leftovers
|upkeep
|turn|19
|c| BlazeLatias|assuming hes in the tour smash omega somthin
|
|switch|p2a: Seismitoad|Seismitoad, M|100/100
|move|p1a: Dragapult|Hex|p2a: Seismitoad
|-damage|p2a: Seismitoad|71/100
|
|-heal|p1a: Dragapult|69/100|[from] item: Leftovers
|upkeep
|turn|20
|
|move|p1a: Dragapult|Substitute|p1a: Dragapult
|-start|p1a: Dragapult|Substitute
|-damage|p1a: Dragapult|44/100
|move|p2a: Seismitoad|Earth Power|p1a: Dragapult
|-end|p1a: Dragapult|Substitute
|
|-heal|p1a: Dragapult|50/100|[from] item: Leftovers
|upkeep
|turn|21
|
|switch|p2a: Clefable|Clefable, F|100/100
|move|p1a: Dragapult|Will-O-Wisp|p2a: Clefable
|-status|p2a: Clefable|brn
|
|-heal|p1a: Dragapult|56/100|[from] item: Leftovers
|upkeep
|turn|22
|
|move|p1a: Dragapult|Hex|p2a: Clefable
|-damage|p2a: Clefable|37/100 brn
|move|p2a: Clefable|Moonblast|p1a: Dragapult
|-supereffective|p1a: Dragapult
|-damage|p1a: Dragapult|0 fnt
|faint|p1a: Dragapult
|
|upkeep
|
|switch|p1a: Cinderace|Cinderace, F|100/100
|turn|23
|
|switch|p2a: Seismitoad|Seismitoad, M|71/100
|move|p1a: Cinderace|U-turn|p2a: Seismitoad
|-damage|p2a: Seismitoad|56/100
|
|switch|p1a: Toxtricity|Toxtricity, M|100/100|[from]move: U-turn
|
|upkeep
|turn|24
|c|☆Your Midlaner|wtf ur rank 1800
|
|switch|p2a: Clefable|Clefable, F|37/100 brn
|move|p1a: Toxtricity|Boomburst|p2a: Clefable
|-damage|p2a: Clefable|0 fnt
|faint|p2a: Clefable
|
|upkeep
|inactive|MegaStarUniverse has 120 seconds left.
|
|switch|p2a: Ditto|Ditto|9/100
|-transform|p2a: Ditto|p1a: Toxtricity|[from] ability: Imposter
|turn|25
|
|move|p2a: Ditto|Boomburst|p1a: Toxtricity
|-damage|p1a: Toxtricity|55/100
|move|p1a: Toxtricity|Boomburst|p2a: Ditto
|-crit|p2a: Ditto
|-damage|p2a: Ditto|0 fnt
|faint|p2a: Ditto
|
|upkeep
|
|switch|p2a: Conkeldurr|Conkeldurr, F|89/100 brn
|turn|26
|
|switch|p1a: Conkeldurr|Conkeldurr, F|52/100
|move|p2a: Conkeldurr|Drain Punch|p1a: Conkeldurr
|-damage|p1a: Conkeldurr|0 fnt
|-heal|p2a: Conkeldurr|100/100 brn|[from] drain|[of] p1a: Conkeldurr
|faint|p1a: Conkeldurr
|
|-damage|p2a: Conkeldurr|95/100 brn|[from] brn
|upkeep
|
|switch|p1a: Cinderace|Cinderace, F|100/100
|turn|27
|inactive|MegaStarUniverse has 120 seconds left.
|c|☆Your Midlaner|go furry rabbit
|c|☆Your Midlaner|go
|
|move|p1a: Cinderace|High Jump Kick|p2a: Conkeldurr
|-damage|p2a: Conkeldurr|49/100 brn
|move|p2a: Conkeldurr|Drain Punch|p1a: Cinderace
|-damage|p1a: Cinderace|0 fnt
|-heal|p2a: Conkeldurr|92/100 brn|[from] drain|[of] p1a: Cinderace
|faint|p1a: Cinderace
|
|-damage|p2a: Conkeldurr|86/100 brn|[from] brn
|upkeep
|
|switch|p1a: Toxtricity|Toxtricity, M|55/100
|turn|28
|
|move|p1a: Toxtricity|Boomburst|p2a: Conkeldurr
|-damage|p2a: Conkeldurr|0 fnt
|faint|p2a: Conkeldurr
|
|upkeep
|c| TheNewBrends11|wtf
|
|switch|p2a: Seismitoad|Seismitoad, M|56/100
|turn|29
|c|☆Your Midlaner|wait would thath ave kileld the first time lmao
|
|move|p1a: Toxtricity|Boomburst|p2a: Seismitoad
|-damage|p2a: Seismitoad|0 fnt
|faint|p2a: Seismitoad
|
|win|Your Midlaner
|c|☆Your Midlaner|gg
|l|‽MegaStarUniverse
|l| TheNewBrends11
|l| popressurection
