|ScrapeTime|2020-01-01-01:46:27
|j|☆CptFlash69
|j|☆InfiRed
|player|p1|CptFlash69|skyla|1390
|player|p2|InfiRed|riley|1431
|teamsize|p1|6
|teamsize|p2|6
|gametype|singles
|gen|8
|tier|[Gen 8] OU
|rated|
|rule|Sleep Clause Mod: Limit one foe put to sleep
|rule|Species Clause: Limit one of each Pokémon
|rule|OHKO Clause: OHKO moves are banned
|rule|Evasion Moves Clause: Evasion moves are banned
|rule|Endless Battle Clause: Forcing endless battles is banned
|rule|HP Percentage Mod: HP is shown in percentages
|clearpoke
|poke|p1|Bewear, F|
|poke|p1|Sylveon, M|
|poke|p1|Corviknight, F|
|poke|p1|Dragapult, M|
|poke|p1|Seismitoad, M|
|poke|p1|Sirfetch'd, M|
|poke|p2|Dracovish|
|poke|p2|Dracozolt|
|poke|p2|Galvantula, M|
|poke|p2|Corviknight, M|
|poke|p2|Golisopod, F|
|poke|p2|Rhydon, F|
|rule|Dynamax Clause: You cannot dynamax
|teampreview
|inactive|Battle timer is ON: inactive players will automatically lose when time's up. (requested by InfiRed)
|
|start
|switch|p1a: Dragapult|Dragapult, M|100/100
|switch|p2a: Galvantula|Galvantula, M|100/100
|turn|1
|
|move|p1a: Dragapult|U-turn|p2a: Galvantula
|-damage|p2a: Galvantula|71/100
|
|switch|p1a: Sylveon|Sylveon, M|100/100|[from]move: U-turn
|move|p2a: Galvantula|Sticky Web|p1a: Sylveon
|-sidestart|p1: CptFlash69|move: Sticky Web
|
|upkeep
|turn|2
|
|move|p2a: Galvantula|Energy Ball|p1a: Sylveon
|-damage|p1a: Sylveon|83/100
|move|p1a: Sylveon|Hyper Voice|p2a: Galvantula
|-damage|p2a: Galvantula|0 fnt
|faint|p2a: Galvantula
|
|-heal|p1a: Sylveon|90/100|[from] item: Leftovers
|upkeep
|
|switch|p2a: Rhydon|Rhydon, F|100/100
|turn|3
|
|switch|p1a: Corviknight|Corviknight, F|100/100
|-ability|p1a: Corviknight|Pressure
|move|p2a: Rhydon|Smart Strike|p1a: Corviknight
|-resisted|p1a: Corviknight
|-damage|p1a: Corviknight|91/100
|
|upkeep
|turn|4
|
|move|p1a: Corviknight|Defog|p2a: Rhydon
|-unboost|p2a: Rhydon|evasion|1
|-sideend|p1: CptFlash69|Sticky Web|[from] move: Defog|[of] p1a: Corviknight
|move|p2a: Rhydon|Superpower|p1a: Corviknight
|-damage|p1a: Corviknight|59/100
|-unboost|p2a: Rhydon|atk|1
|-unboost|p2a: Rhydon|def|1
|
|upkeep
|turn|5
|
|move|p1a: Corviknight|U-turn|p2a: Rhydon
|-damage|p2a: Rhydon|89/100
|
|switch|p1a: Sasha|Bewear, F|100/100|[from]move: U-turn
|move|p2a: Rhydon|Superpower|p1a: Sasha
|-supereffective|p1a: Sasha
|-damage|p1a: Sasha|81/100
|-unboost|p2a: Rhydon|atk|1
|-unboost|p2a: Rhydon|def|1
|
|-heal|p1a: Sasha|87/100|[from] item: Leftovers
|upkeep
|turn|6
|
|switch|p2a: Corviknight|Corviknight, M|100/100
|-ability|p2a: Corviknight|Pressure
|move|p1a: Sasha|Substitute|p1a: Sasha
|-start|p1a: Sasha|Substitute
|-damage|p1a: Sasha|62/100
|
|-heal|p1a: Sasha|68/100|[from] item: Leftovers
|upkeep
|turn|7
|
|move|p2a: Corviknight|Brave Bird|p1a: Sasha
|-supereffective|p1a: Sasha
|-activate|p1a: Sasha|move: Substitute|[damage]
|-damage|p2a: Corviknight|91/100|[from] Recoil|[of] p1a: Sasha
|move|p1a: Sasha|Bulk Up|p1a: Sasha
|-boost|p1a: Sasha|atk|1
|-boost|p1a: Sasha|def|1
|
|-heal|p2a: Corviknight|98/100|[from] item: Leftovers
|-heal|p1a: Sasha|74/100|[from] item: Leftovers
|upkeep
|turn|8
|
|move|p2a: Corviknight|Brave Bird|p1a: Sasha
|-supereffective|p1a: Sasha
|-end|p1a: Sasha|Substitute
|-damage|p2a: Corviknight|97/100|[from] Recoil|[of] p1a: Sasha
|move|p1a: Sasha|Bulk Up|p1a: Sasha
|-boost|p1a: Sasha|atk|1
|-boost|p1a: Sasha|def|1
|
|-heal|p2a: Corviknight|100/100|[from] item: Leftovers
|-heal|p1a: Sasha|80/100|[from] item: Leftovers
|upkeep
|turn|9
|
|move|p2a: Corviknight|Brave Bird|p1a: Sasha
|-supereffective|p1a: Sasha
|-damage|p1a: Sasha|68/100
|-damage|p2a: Corviknight|96/100|[from] Recoil
|move|p1a: Sasha|Substitute|p1a: Sasha
|-start|p1a: Sasha|Substitute
|-damage|p1a: Sasha|43/100
|
|-heal|p2a: Corviknight|100/100|[from] item: Leftovers
|-heal|p1a: Sasha|49/100|[from] item: Leftovers
|upkeep
|turn|10
|
|move|p2a: Corviknight|Brave Bird|p1a: Sasha
|-supereffective|p1a: Sasha
|-activate|p1a: Sasha|move: Substitute|[damage]
|-damage|p2a: Corviknight|96/100|[from] Recoil|[of] p1a: Sasha
|move|p1a: Sasha|Bulk Up|p1a: Sasha
|-boost|p1a: Sasha|atk|1
|-boost|p1a: Sasha|def|1
|
|-heal|p2a: Corviknight|100/100|[from] item: Leftovers
|-heal|p1a: Sasha|56/100|[from] item: Leftovers
|upkeep
|turn|11
|
|move|p2a: Corviknight|Brave Bird|p1a: Sasha
|-supereffective|p1a: Sasha
|-activate|p1a: Sasha|move: Substitute|[damage]
|-damage|p2a: Corviknight|97/100|[from] Recoil|[of] p1a: Sasha
|move|p1a: Sasha|Drain Punch|p2a: Corviknight
|-damage|p2a: Corviknight|51/100
|-heal|p1a: Sasha|76/100|[from] drain|[of] p2a: Corviknight
|
|-heal|p2a: Corviknight|57/100|[from] item: Leftovers
|-heal|p1a: Sasha|83/100|[from] item: Leftovers
|upkeep
|turn|12
|
|move|p2a: Corviknight|Brave Bird|p1a: Sasha
|-supereffective|p1a: Sasha
|-end|p1a: Sasha|Substitute
|-damage|p2a: Corviknight|56/100|[from] Recoil|[of] p1a: Sasha
|move|p1a: Sasha|Substitute|p1a: Sasha
|-start|p1a: Sasha|Substitute
|-damage|p1a: Sasha|58/100
|
|-heal|p2a: Corviknight|62/100|[from] item: Leftovers
|-heal|p1a: Sasha|64/100|[from] item: Leftovers
|upkeep
|turn|13
|
|move|p2a: Corviknight|Brave Bird|p1a: Sasha
|-supereffective|p1a: Sasha
|-activate|p1a: Sasha|move: Substitute|[damage]
|-damage|p2a: Corviknight|59/100|[from] Recoil|[of] p1a: Sasha
|move|p1a: Sasha|Bulk Up|p1a: Sasha
|-boost|p1a: Sasha|atk|1
|-boost|p1a: Sasha|def|1
|
|-heal|p2a: Corviknight|65/100|[from] item: Leftovers
|-heal|p1a: Sasha|70/100|[from] item: Leftovers
|upkeep
|turn|14
|
|move|p2a: Corviknight|Brave Bird|p1a: Sasha
|-supereffective|p1a: Sasha
|-activate|p1a: Sasha|move: Substitute|[damage]
|-damage|p2a: Corviknight|62/100|[from] Recoil|[of] p1a: Sasha
|move|p1a: Sasha|Drain Punch|p2a: Corviknight
|-damage|p2a: Corviknight|7/100
|-heal|p1a: Sasha|95/100|[from] drain|[of] p2a: Corviknight
|
|-heal|p2a: Corviknight|13/100|[from] item: Leftovers
|-heal|p1a: Sasha|100/100|[from] item: Leftovers
|upkeep
|turn|15
|
|move|p2a: Corviknight|Brave Bird|p1a: Sasha
|-supereffective|p1a: Sasha
|-end|p1a: Sasha|Substitute
|-damage|p2a: Corviknight|10/100|[from] Recoil|[of] p1a: Sasha
|move|p1a: Sasha|Substitute|p1a: Sasha
|-start|p1a: Sasha|Substitute
|-damage|p1a: Sasha|76/100
|
|-heal|p2a: Corviknight|16/100|[from] item: Leftovers
|-heal|p1a: Sasha|82/100|[from] item: Leftovers
|upkeep
|turn|16
|
|move|p2a: Corviknight|Brave Bird|p1a: Sasha
|-supereffective|p1a: Sasha
|-activate|p1a: Sasha|move: Substitute|[damage]
|-damage|p2a: Corviknight|14/100|[from] Recoil|[of] p1a: Sasha
|move|p1a: Sasha|Drain Punch|p2a: Corviknight
|-damage|p2a: Corviknight|0 fnt
|-heal|p1a: Sasha|88/100|[from] drain|[of] p2a: Corviknight
|faint|p2a: Corviknight
|
|-heal|p1a: Sasha|94/100|[from] item: Leftovers
|upkeep
|
|switch|p2a: Dracovish|Dracovish|100/100
|turn|17
|
|move|p2a: Dracovish|Fishious Rend|p1a: Sasha
|-activate|p1a: Sasha|move: Substitute|[damage]
|move|p1a: Sasha|Substitute|p1a: Sasha
|-fail|p1a: Sasha|move: Substitute
|
|-heal|p1a: Sasha|99/100|[from] item: Leftovers
|upkeep
|turn|18
|
|move|p2a: Dracovish|Fishious Rend|p1a: Sasha
|-end|p1a: Sasha|Substitute
|move|p1a: Sasha|Substitute|p1a: Sasha
|-start|p1a: Sasha|Substitute
|-damage|p1a: Sasha|75/100
|
|-heal|p1a: Sasha|81/100|[from] item: Leftovers
|upkeep
|turn|19
|
|move|p2a: Dracovish|Fishious Rend|p1a: Sasha
|-activate|p1a: Sasha|move: Substitute|[damage]
|move|p1a: Sasha|Drain Punch|p2a: Dracovish
|-damage|p2a: Dracovish|0 fnt
|-heal|p1a: Sasha|100/100|[from] drain|[of] p2a: Dracovish
|faint|p2a: Dracovish
|
|upkeep
|
|switch|p2a: Dracozolt|Dracozolt|100/100
|turn|20
|
|move|p2a: Dracozolt|Bolt Beak|p1a: Sasha
|-activate|p1a: Sasha|move: Substitute|[damage]
|-damage|p2a: Dracozolt|91/100|[from] item: Life Orb
|move|p1a: Sasha|Drain Punch|p2a: Dracozolt
|-damage|p2a: Dracozolt|0 fnt
|faint|p2a: Dracozolt
|
|upkeep
|
|switch|p2a: Rhydon|Rhydon, F|89/100
|turn|21
|
|move|p1a: Sasha|Drain Punch|p2a: Rhydon
|-supereffective|p2a: Rhydon
|-damage|p2a: Rhydon|0 fnt
|faint|p2a: Rhydon
|
|upkeep
|
|switch|p2a: Golisopod|Golisopod, F|100/100
|turn|22
|
|move|p1a: Sasha|Darkest Lariat|p2a: Golisopod
|-damage|p2a: Golisopod|47/100
|move|p2a: Golisopod|Close Combat|p1a: Sasha
|-supereffective|p1a: Sasha
|-end|p1a: Sasha|Substitute
|-unboost|p2a: Golisopod|def|1
|-unboost|p2a: Golisopod|spd|1
|
|upkeep
|turn|23
|
|move|p1a: Sasha|Drain Punch|p2a: Golisopod
|-resisted|p2a: Golisopod
|-damage|p2a: Golisopod|0 fnt
|faint|p2a: Golisopod
|
|win|CptFlash69
|l|☆InfiRed
|c|☆CptFlash69|Gg
|raw|CptFlash69's rating: 1390 → 1413(+23 for winning)
|raw|InfiRed's rating: 1431 → 1408(-23 for losing)
