|ScrapeTime|2020-01-01-02:55:32
|j|☆Fullfreez
|j|☆TioMate
|player|p1|Fullfreez|101|1000
|player|p2|TioMate|52|1000
|teamsize|p1|6
|teamsize|p2|6
|gametype|singles
|gen|8
|tier|[Gen 8] OU
|rated|
|rule|Sleep Clause Mod: Limit one foe put to sleep
|rule|Species Clause: Limit one of each Pokémon
|rule|OHKO Clause: OHKO moves are banned
|rule|Evasion Moves Clause: Evasion moves are banned
|rule|Endless Battle Clause: Forcing endless battles is banned
|rule|HP Percentage Mod: HP is shown in percentages
|clearpoke
|poke|p1|Corviknight, F|
|poke|p1|Dragapult, M|
|poke|p1|Toxtricity-Low-Key, M|
|poke|p1|Ditto|
|poke|p1|Tyranitar, F|
|poke|p1|Avalugg, F|
|poke|p2|Excadrill, F|
|poke|p2|Sableye, M|
|poke|p2|Accelgor, F|
|poke|p2|Araquanid, F|
|poke|p2|Dracovish|
|poke|p2|Pelipper, F|
|rule|Dynamax Clause: You cannot dynamax
|teampreview
|inactive|Battle timer is ON: inactive players will automatically lose when time's up. (requested by TioMate)
|
|start
|switch|p1a: Dragapult|Dragapult, M|100/100
|switch|p2a: Araquanid|Araquanid, F|100/100
|turn|1
|
|move|p1a: Dragapult|Phantom Force||[still]
|-prepare|p1a: Dragapult|Phantom Force|p2a: Araquanid
|move|p2a: Araquanid|Sticky Web|p1a: Dragapult
|-sidestart|p1: Fullfreez|move: Sticky Web
|
|upkeep
|turn|2
|
|move|p1a: Dragapult|Phantom Force|p2a: Araquanid|[from]lockedmove
|-damage|p2a: Araquanid|27/100
|-damage|p1a: Dragapult|91/100|[from] item: Life Orb
|move|p2a: Araquanid|Liquidation|p1a: Dragapult
|-resisted|p1a: Dragapult
|-damage|p1a: Dragapult|44/100
|
|upkeep
|turn|3
|
|move|p1a: Dragapult|Dragon Darts|p2a: Araquanid
|-damage|p2a: Araquanid|0 fnt
|-hitcount|p2a: Araquanid|1
|-damage|p1a: Dragapult|35/100|[from] item: Life Orb
|faint|p2a: Araquanid
|
|upkeep
|
|switch|p2a: Sableye|Sableye, M|100/100
|turn|4
|
|switch|p1a: Avalugg|Avalugg, F|100/100
|move|p2a: Sableye|Trick|p1a: Avalugg
|-activate|p2a: Sableye|move: Trick|[of] p1a: Avalugg
|-item|p1a: Avalugg|Choice Scarf|[from] move: Trick
|-item|p2a: Sableye|Heavy-Duty Boots|[from] move: Trick
|
|upkeep
|turn|5
|
|switch|p1a: Toxtricity|Toxtricity-Low-Key, M|100/100
|-activate|p1a: Toxtricity|move: Sticky Web
|-unboost|p1a: Toxtricity|spe|1
|move|p2a: Sableye|Will-O-Wisp|p1a: Toxtricity|[miss]
|-miss|p2a: Sableye|p1a: Toxtricity
|
|upkeep
|turn|6
|
|switch|p1a: Tyranitar|Tyranitar, F|100/100
|-activate|p1a: Tyranitar|move: Sticky Web
|-unboost|p1a: Tyranitar|spe|1
|-weather|Sandstorm|[from] ability: Sand Stream|[of] p1a: Tyranitar
|move|p2a: Sableye|Hex|p1a: Tyranitar
|-resisted|p1a: Tyranitar
|-damage|p1a: Tyranitar|97/100
|
|-weather|Sandstorm|[upkeep]
|-damage|p2a: Sableye|94/100|[from] Sandstorm
|-heal|p1a: Tyranitar|100/100|[from] item: Leftovers
|upkeep
|turn|7
|
|move|p2a: Sableye|Will-O-Wisp|p1a: Tyranitar
|-hint|Since gen 7, Dark is immune to Prankster moves.
|-immune|p1a: Tyranitar
|move|p1a: Tyranitar|Stealth Rock|p2a: Sableye
|-sidestart|p2: TioMate|move: Stealth Rock
|
|-weather|Sandstorm|[upkeep]
|-damage|p2a: Sableye|88/100|[from] Sandstorm
|upkeep
|turn|8
|c|☆TioMate|ops
|
|switch|p2a: Pelipper|Pelipper, F|100/100
|-damage|p2a: Pelipper|76/100|[from] Stealth Rock
|-weather|RainDance|[from] ability: Drizzle|[of] p2a: Pelipper
|move|p1a: Tyranitar|Stone Edge|p2a: Pelipper|[miss]
|-miss|p1a: Tyranitar|p2a: Pelipper
|
|-weather|RainDance|[upkeep]
|upkeep
|turn|9
|
|switch|p1a: Dragapult|Dragapult, M|35/100
|-activate|p1a: Dragapult|move: Sticky Web
|-fail|p1a: Dragapult|unboost|[from] ability: Clear Body|[of] p1a: Dragapult
|move|p2a: Pelipper|Roost|p2a: Pelipper
|-heal|p2a: Pelipper|100/100
|-singleturn|p2a: Pelipper|move: Roost
|
|-weather|RainDance|[upkeep]
|upkeep
|turn|10
|
|move|p1a: Dragapult|Dragon Darts|p2a: Pelipper
|-damage|p2a: Pelipper|72/100
|-damage|p2a: Pelipper|43/100
|-hitcount|p2a: Pelipper|2
|-damage|p1a: Dragapult|25/100|[from] item: Life Orb
|move|p2a: Pelipper|Hurricane|p1a: Dragapult
|-damage|p1a: Dragapult|0 fnt
|faint|p1a: Dragapult
|
|-weather|RainDance|[upkeep]
|upkeep
|
|switch|p1a: Toxtricity|Toxtricity-Low-Key, M|100/100
|-activate|p1a: Toxtricity|move: Sticky Web
|-unboost|p1a: Toxtricity|spe|1
|turn|11
|
|move|p1a: Toxtricity|Boomburst|p2a: Pelipper
|-damage|p2a: Pelipper|0 fnt
|faint|p2a: Pelipper
|
|-weather|RainDance|[upkeep]
|upkeep
|
|switch|p2a: Big Drill|Excadrill, F|100/100
|-damage|p2a: Big Drill|97/100|[from] Stealth Rock
|-ability|p2a: Big Drill|Mold Breaker
|turn|12
|
|move|p2a: Big Drill|Rapid Spin|p1a: Toxtricity
|-damage|p1a: Toxtricity|73/100
|-sideend|p2: TioMate|Stealth Rock|[from] move: Rapid Spin|[of] p2a: Big Drill
|-boost|p2a: Big Drill|spe|1
|move|p1a: Toxtricity|Boomburst|p2a: Big Drill
|-resisted|p2a: Big Drill
|-damage|p2a: Big Drill|43/100
|
|-weather|RainDance|[upkeep]
|upkeep
|turn|13
|
|switch|p1a: Corviknight|Corviknight, F|100/100
|-ability|p1a: Corviknight|Pressure
|move|p2a: Big Drill|Earthquake|p1a: Corviknight
|-immune|p1a: Corviknight
|
|-weather|RainDance|[upkeep]
|upkeep
|turn|14
|
|move|p2a: Big Drill|Stealth Rock|p1a: Corviknight
|-sidestart|p1: Fullfreez|move: Stealth Rock
|move|p1a: Corviknight|Bulk Up|p1a: Corviknight
|-boost|p1a: Corviknight|atk|1
|-boost|p1a: Corviknight|def|1
|
|-weather|RainDance|[upkeep]
|upkeep
|turn|15
|
|switch|p2a: Sableye|Sableye, M|88/100
|move|p1a: Corviknight|Bulk Up|p1a: Corviknight
|-boost|p1a: Corviknight|atk|1
|-boost|p1a: Corviknight|def|1
|
|-weather|none
|upkeep
|turn|16
|
|move|p2a: Sableye|Will-O-Wisp|p1a: Corviknight
|-status|p1a: Corviknight|brn
|move|p1a: Corviknight|Brave Bird|p2a: Sableye
|-crit|p2a: Sableye
|-damage|p2a: Sableye|31/100
|-damage|p1a: Corviknight|86/100 brn|[from] Recoil
|
|-heal|p1a: Corviknight|92/100 brn|[from] item: Leftovers
|-damage|p1a: Corviknight|86/100 brn|[from] brn
|upkeep
|turn|17
|
|move|p2a: Sableye|Recover|p2a: Sableye
|-heal|p2a: Sableye|81/100
|move|p1a: Corviknight|Brave Bird|p2a: Sableye
|-damage|p2a: Sableye|42/100
|-damage|p1a: Corviknight|76/100 brn|[from] Recoil
|
|-heal|p1a: Corviknight|82/100 brn|[from] item: Leftovers
|-damage|p1a: Corviknight|76/100 brn|[from] brn
|upkeep
|turn|18
|
|move|p2a: Sableye|Recover|p2a: Sableye
|-heal|p2a: Sableye|92/100
|move|p1a: Corviknight|Taunt|p2a: Sableye
|-start|p2a: Sableye|move: Taunt
|
|-heal|p1a: Corviknight|82/100 brn|[from] item: Leftovers
|-damage|p1a: Corviknight|76/100 brn|[from] brn
|upkeep
|turn|19
|
|switch|p2a: Big Drill|Excadrill, F|43/100
|-ability|p2a: Big Drill|Mold Breaker
|move|p1a: Corviknight|Brave Bird|p2a: Big Drill
|-resisted|p2a: Big Drill
|-damage|p2a: Big Drill|16/100
|-damage|p1a: Corviknight|68/100 brn|[from] Recoil
|
|-heal|p1a: Corviknight|74/100 brn|[from] item: Leftovers
|-damage|p1a: Corviknight|68/100 brn|[from] brn
|upkeep
|turn|20
|
|move|p2a: Big Drill|Rock Tomb|p1a: Corviknight
|-damage|p1a: Corviknight|60/100 brn
|-unboost|p1a: Corviknight|spe|1
|move|p1a: Corviknight|Brave Bird|p2a: Big Drill
|-resisted|p2a: Big Drill
|-crit|p2a: Big Drill
|-damage|p2a: Big Drill|0 fnt
|-damage|p1a: Corviknight|55/100 brn|[from] Recoil
|faint|p2a: Big Drill
|
|-heal|p1a: Corviknight|61/100 brn|[from] item: Leftovers
|-damage|p1a: Corviknight|55/100 brn|[from] brn
|upkeep
|
|switch|p2a: Dracovish|Dracovish|100/100
|turn|21
|
|move|p2a: Dracovish|Fishious Rend|p1a: Corviknight
|-damage|p1a: Corviknight|13/100 brn
|move|p1a: Corviknight|Roost|p1a: Corviknight
|-heal|p1a: Corviknight|63/100 brn
|-singleturn|p1a: Corviknight|move: Roost
|
|-heal|p1a: Corviknight|69/100 brn|[from] item: Leftovers
|-damage|p1a: Corviknight|63/100 brn|[from] brn
|upkeep
|turn|22
|
|switch|p1a: Avalugg|Avalugg, F|100/100
|-damage|p1a: Avalugg|76/100|[from] Stealth Rock
|-activate|p1a: Avalugg|move: Sticky Web
|-unboost|p1a: Avalugg|spe|1
|move|p2a: Dracovish|Fishious Rend|p1a: Avalugg
|-damage|p1a: Avalugg|28/100
|
|upkeep
|turn|23
|
|move|p2a: Dracovish|Fishious Rend|p1a: Avalugg
|-damage|p1a: Avalugg|0 fnt
|faint|p1a: Avalugg
|
|upkeep
|
|switch|p1a: Toxtricity|Toxtricity-Low-Key, M|73/100
|-activate|p1a: Toxtricity|move: Sticky Web
|-unboost|p1a: Toxtricity|spe|1
|-damage|p1a: Toxtricity|60/100|[from] Stealth Rock
|turn|24
|
|move|p2a: Dracovish|Fishious Rend|p1a: Toxtricity
|-damage|p1a: Toxtricity|0 fnt
|faint|p1a: Toxtricity
|
|upkeep
|
|switch|p1a: Ditto|Ditto|100/100
|-damage|p1a: Ditto|88/100|[from] Stealth Rock
|-activate|p1a: Ditto|move: Sticky Web
|-unboost|p1a: Ditto|spe|1
|-transform|p1a: Ditto|p2a: Dracovish|[from] ability: Imposter
|turn|25
|
|move|p2a: Dracovish|Fishious Rend|p1a: Ditto
|-resisted|p1a: Ditto
|-damage|p1a: Ditto|58/100
|move|p1a: Ditto|Psychic Fangs|p2a: Dracovish
|-damage|p2a: Dracovish|66/100
|
|upkeep
|turn|26
|
|move|p2a: Dracovish|Fishious Rend|p1a: Ditto
|-resisted|p1a: Ditto
|-damage|p1a: Ditto|29/100
|move|p1a: Ditto|Psychic Fangs|p2a: Dracovish
|-damage|p2a: Dracovish|32/100
|
|upkeep
|turn|27
|
|move|p2a: Dracovish|Fishious Rend|p1a: Ditto
|-resisted|p1a: Ditto
|-damage|p1a: Ditto|0 fnt
|faint|p1a: Ditto
|
|upkeep
|
|switch|p1a: Corviknight|Corviknight, F|63/100 brn
|-damage|p1a: Corviknight|51/100 brn|[from] Stealth Rock
|-ability|p1a: Corviknight|Pressure
|turn|28
|
|move|p2a: Dracovish|Fishious Rend|p1a: Corviknight
|-damage|p1a: Corviknight|0 fnt
|faint|p1a: Corviknight
|
|upkeep
|
|switch|p1a: Tyranitar|Tyranitar, F|100/100
|-activate|p1a: Tyranitar|move: Sticky Web
|-unboost|p1a: Tyranitar|spe|1
|-damage|p1a: Tyranitar|88/100|[from] Stealth Rock
|-weather|Sandstorm|[from] ability: Sand Stream|[of] p1a: Tyranitar
|turn|29
|
|move|p2a: Dracovish|Fishious Rend|p1a: Tyranitar
|-supereffective|p1a: Tyranitar
|-damage|p1a: Tyranitar|0 fnt
|faint|p1a: Tyranitar
|
|win|TioMate
|l|☆Fullfreez
|raw|Fullfreez's rating: 1000 → 1000(+0 for losing)
|raw|TioMate's rating: 1000 → 1040(+40 for winning)
