|ScrapeTime|2020-01-01-03:45:03
|j|☆GG3723
|j|☆papa macaroni
|player|p1|GG3723|130|1096
|player|p2|papa macaroni|clown|1119
|teamsize|p1|6
|teamsize|p2|6
|gametype|singles
|gen|8
|tier|[Gen 8] OU
|rated|
|rule|Sleep Clause Mod: Limit one foe put to sleep
|rule|Species Clause: Limit one of each Pokémon
|rule|OHKO Clause: OHKO moves are banned
|rule|Evasion Moves Clause: Evasion moves are banned
|rule|Endless Battle Clause: Forcing endless battles is banned
|rule|HP Percentage Mod: HP is shown in percentages
|clearpoke
|poke|p1|Sigilyph, M|
|poke|p1|Mr. Rime, F|
|poke|p1|Ferrothorn, F|
|poke|p1|Runerigus, M|
|poke|p1|Galvantula, F|
|poke|p1|Lucario, F|
|poke|p2|Dragapult, M|
|poke|p2|Drampa, M|
|poke|p2|Corsola-Galar, F|
|poke|p2|Crawdaunt, M|
|poke|p2|Togekiss, F|
|poke|p2|Dugtrio, M|
|rule|Dynamax Clause: You cannot dynamax
|teampreview
|
|start
|switch|p1a: Runerigus|Runerigus, M|100/100
|switch|p2a: Drampa|Drampa, M|100/100
|turn|1
|
|move|p2a: Drampa|Grass Knot|p1a: Runerigus
|-supereffective|p1a: Runerigus
|-damage|p1a: Runerigus|41/100
|-activate|p2a: Drampa|ability: Wandering Spirit|Wandering Spirit|Sap Sipper|[of] p1a: Runerigus
|move|p1a: Runerigus|Body Press|p2a: Drampa
|-supereffective|p2a: Drampa
|-damage|p2a: Drampa|29/100
|-activate|p1a: Runerigus|ability: Wandering Spirit|Wandering Spirit|Sap Sipper|[of] p2a: Drampa
|
|upkeep
|turn|2
|
|switch|p1a: Ferrothorn|Ferrothorn, F|100/100
|move|p2a: Drampa|Grass Knot|p1a: Ferrothorn
|-resisted|p1a: Ferrothorn
|-damage|p1a: Ferrothorn|92/100
|-damage|p2a: Drampa|17/100|[from] ability: Iron Barbs|[of] p1a: Ferrothorn
|-damage|p2a: Drampa|0 fnt|[from] item: Rocky Helmet|[of] p1a: Ferrothorn
|faint|p2a: Drampa
|
|upkeep
|
|switch|p2a: Dragapult|Dragapult, M|100/100
|turn|3
|
|move|p2a: Dragapult|Flamethrower|p1a: Ferrothorn
|-supereffective|p1a: Ferrothorn
|-damage|p1a: Ferrothorn|0 fnt
|faint|p1a: Ferrothorn
|
|upkeep
|
|switch|p1a: Sigilyph|Sigilyph, M, shiny|100/100
|turn|4
|
|switch|p2a: Togekiss|Togekiss, F|100/100
|move|p1a: Sigilyph|Cosmic Power|p1a: Sigilyph
|-boost|p1a: Sigilyph|def|1
|-boost|p1a: Sigilyph|spd|1
|
|upkeep
|turn|5
|
|move|p1a: Sigilyph|Cosmic Power|p1a: Sigilyph
|-boost|p1a: Sigilyph|def|1
|-boost|p1a: Sigilyph|spd|1
|move|p2a: Togekiss|Ancient Power|p1a: Sigilyph
|-supereffective|p1a: Sigilyph
|-damage|p1a: Sigilyph|79/100
|
|-heal|p1a: Sigilyph|85/100|[from] item: Leftovers
|upkeep
|turn|6
|
|move|p1a: Sigilyph|Cosmic Power|p1a: Sigilyph
|-boost|p1a: Sigilyph|def|1
|-boost|p1a: Sigilyph|spd|1
|move|p2a: Togekiss|Ancient Power|p1a: Sigilyph
|-supereffective|p1a: Sigilyph
|-damage|p1a: Sigilyph|67/100
|
|-heal|p1a: Sigilyph|73/100|[from] item: Leftovers
|upkeep
|turn|7
|
|move|p1a: Sigilyph|Cosmic Power|p1a: Sigilyph
|-boost|p1a: Sigilyph|def|1
|-boost|p1a: Sigilyph|spd|1
|move|p2a: Togekiss|Ancient Power|p1a: Sigilyph
|-supereffective|p1a: Sigilyph
|-damage|p1a: Sigilyph|60/100
|
|-heal|p1a: Sigilyph|66/100|[from] item: Leftovers
|upkeep
|turn|8
|
|move|p1a: Sigilyph|Stored Power|p2a: Togekiss
|-damage|p2a: Togekiss|66/100
|move|p2a: Togekiss|Ancient Power|p1a: Sigilyph
|-supereffective|p1a: Sigilyph
|-damage|p1a: Sigilyph|52/100
|
|-heal|p1a: Sigilyph|58/100|[from] item: Leftovers
|upkeep
|turn|9
|
|move|p1a: Sigilyph|Cosmic Power|p1a: Sigilyph
|-boost|p1a: Sigilyph|def|1
|-boost|p1a: Sigilyph|spd|1
|move|p2a: Togekiss|Ancient Power|p1a: Sigilyph
|-supereffective|p1a: Sigilyph
|-damage|p1a: Sigilyph|47/100
|-boost|p2a: Togekiss|atk|1
|-boost|p2a: Togekiss|def|1
|-boost|p2a: Togekiss|spa|1
|-boost|p2a: Togekiss|spd|1
|-boost|p2a: Togekiss|spe|1
|
|-heal|p1a: Sigilyph|53/100|[from] item: Leftovers
|upkeep
|turn|10
|
|move|p2a: Togekiss|Ancient Power|p1a: Sigilyph
|-supereffective|p1a: Sigilyph
|-damage|p1a: Sigilyph|35/100
|move|p1a: Sigilyph|Roost|p1a: Sigilyph
|-heal|p1a: Sigilyph|85/100
|-singleturn|p1a: Sigilyph|move: Roost
|
|-heal|p1a: Sigilyph|91/100|[from] item: Leftovers
|upkeep
|turn|11
|
|move|p2a: Togekiss|Ancient Power|p1a: Sigilyph
|-supereffective|p1a: Sigilyph
|-damage|p1a: Sigilyph|75/100
|move|p1a: Sigilyph|Stored Power|p2a: Togekiss
|-damage|p2a: Togekiss|38/100
|
|-heal|p1a: Sigilyph|81/100|[from] item: Leftovers
|upkeep
|turn|12
|
|move|p2a: Togekiss|Ancient Power|p1a: Sigilyph
|-supereffective|p1a: Sigilyph
|-damage|p1a: Sigilyph|64/100
|move|p1a: Sigilyph|Stored Power|p2a: Togekiss
|-damage|p2a: Togekiss|11/100
|
|-heal|p1a: Sigilyph|70/100|[from] item: Leftovers
|upkeep
|turn|13
|
|move|p2a: Togekiss|Draining Kiss|p1a: Sigilyph
|-damage|p1a: Sigilyph|59/100
|-heal|p2a: Togekiss|19/100|[from] drain|[of] p1a: Sigilyph
|move|p1a: Sigilyph|Stored Power|p2a: Togekiss
|-damage|p2a: Togekiss|0 fnt
|faint|p2a: Togekiss
|
|-heal|p1a: Sigilyph|65/100|[from] item: Leftovers
|upkeep
|
|switch|p2a: Corsola|Corsola-Galar, F|100/100
|turn|14
|
|move|p1a: Sigilyph|Substitute|p1a: Sigilyph
|-start|p1a: Sigilyph|Substitute
|-damage|p1a: Sigilyph|40/100
|move|p2a: Corsola|Haze|p2a: Corsola
|-clearallboost
|
|-heal|p1a: Sigilyph|46/100|[from] item: Leftovers
|upkeep
|turn|15
|
|switch|p1a: Mr. Rime|Mr. Rime, F|100/100
|move|p2a: Corsola|Night Shade|p1a: Mr. Rime
|-damage|p1a: Mr. Rime|73/100
|
|upkeep
|turn|16
|
|move|p1a: Mr. Rime|Nasty Plot|p1a: Mr. Rime
|-boost|p1a: Mr. Rime|spa|2
|move|p2a: Corsola|Will-O-Wisp|p1a: Mr. Rime|[miss]
|-miss|p2a: Corsola|p1a: Mr. Rime
|
|upkeep
|turn|17
|
|move|p1a: Mr. Rime|Shadow Ball|p2a: Corsola
|-supereffective|p2a: Corsola
|-damage|p2a: Corsola|11/100
|move|p2a: Corsola|Haze|p2a: Corsola
|-clearallboost
|
|-heal|p2a: Corsola|17/100|[from] item: Leftovers
|upkeep
|turn|18
|
|move|p1a: Mr. Rime|Shadow Ball|p2a: Corsola
|-supereffective|p2a: Corsola
|-damage|p2a: Corsola|0 fnt
|-start|p1a: Mr. Rime|Disable|Shadow Ball|[from] ability: Cursed Body|[of] p2a: Corsola
|faint|p2a: Corsola
|
|upkeep
|
|switch|p2a: Crawdaunt|Crawdaunt, M|100/100
|turn|19
|
|move|p2a: Crawdaunt|Dragon Dance|p2a: Crawdaunt
|-boost|p2a: Crawdaunt|atk|1
|-boost|p2a: Crawdaunt|spe|1
|move|p1a: Mr. Rime|Freeze-Dry|p2a: Crawdaunt
|-supereffective|p2a: Crawdaunt
|-damage|p2a: Crawdaunt|0 fnt
|faint|p2a: Crawdaunt
|
|upkeep
|
|switch|p2a: Dugtrio|Dugtrio, M|100/100
|turn|20
|c|☆GG3723|Rip
|
|move|p2a: Dugtrio|Sucker Punch|p1a: Mr. Rime
|-supereffective|p1a: Mr. Rime
|-damage|p1a: Mr. Rime|24/100
|move|p1a: Mr. Rime|Freeze-Dry|p2a: Dugtrio
|-supereffective|p2a: Dugtrio
|-enditem|p2a: Dugtrio|Focus Sash
|-damage|p2a: Dugtrio|1/100
|
|upkeep
|turn|21
|
|move|p2a: Dugtrio|Sucker Punch||[still]
|-fail|p2a: Dugtrio
|move|p1a: Mr. Rime|Encore|p2a: Dugtrio
|-start|p2a: Dugtrio|Encore
|
|-end|p1a: Mr. Rime|Disable
|upkeep
|turn|22
|
|switch|p1a: Runerigus|Runerigus, M|41/100
|move|p2a: Dugtrio|Sucker Punch||[still]
|-fail|p2a: Dugtrio
|
|upkeep
|turn|23
|
|move|p2a: Dugtrio|Sucker Punch||[still]
|-fail|p2a: Dugtrio
|move|p1a: Runerigus|Will-O-Wisp|p2a: Dugtrio|[miss]
|-miss|p1a: Runerigus|p2a: Dugtrio
|
|upkeep
|turn|24
|
|move|p2a: Dugtrio|Sucker Punch||[still]
|-fail|p2a: Dugtrio
|move|p1a: Runerigus|Will-O-Wisp|p2a: Dugtrio
|-status|p2a: Dugtrio|brn
|
|-damage|p2a: Dugtrio|0 fnt|[from] brn
|faint|p2a: Dugtrio
|upkeep
|
|switch|p2a: Dragapult|Dragapult, M|100/100
|turn|25
|
|move|p2a: Dragapult|Dragon Darts|p1a: Runerigus
|-damage|p1a: Runerigus|27/100
|-damage|p1a: Runerigus|13/100
|-hitcount|p1a: Runerigus|2
|move|p1a: Runerigus|Trick Room|p1a: Runerigus
|-fieldstart|move: Trick Room|[of] p1a: Runerigus
|
|upkeep
|turn|26
|
|move|p1a: Runerigus|Will-O-Wisp|p2a: Dragapult
|-status|p2a: Dragapult|brn
|move|p2a: Dragapult|Dragon Darts|p1a: Runerigus
|-damage|p1a: Runerigus|6/100
|-damage|p1a: Runerigus|0 fnt
|-hitcount|p1a: Runerigus|2
|faint|p1a: Runerigus
|
|-damage|p2a: Dragapult|95/100 brn|[from] brn
|upkeep
|
|switch|p1a: Mr. Rime|Mr. Rime, F|24/100
|turn|27
|l|☆papa macaroni
|player|p2|
|inactive|Battle timer is ON: inactive players will automatically lose when time's up. (requested by GG3723)
|inactive|papa macaroni has 30 seconds to reconnect!
|inactive|papa macaroni has 20 seconds to reconnect!
|inactive|papa macaroni has 15 seconds to reconnect!
|inactive|papa macaroni has 10 seconds to reconnect!
|j|☆papa macaroni
|inactive|papa macaroni reconnected and has 100 seconds left.
|player|p2|papa macaroni|clown
|
|move|p1a: Mr. Rime|Freeze-Dry|p2a: Dragapult
|-supereffective|p2a: Dragapult
|-damage|p2a: Dragapult|5/100 brn
|move|p2a: Dragapult|Dragon Darts|p1a: Mr. Rime
|-damage|p1a: Mr. Rime|10/100
|-damage|p1a: Mr. Rime|0 fnt
|-hitcount|p1a: Mr. Rime|2
|faint|p1a: Mr. Rime
|
|-damage|p2a: Dragapult|0 fnt|[from] brn
|faint|p2a: Dragapult
|
|win|GG3723
|upkeep
|l|☆papa macaroni
|raw|GG3723's rating: 1096 → 1123(+27 for winning)
|raw|papa macaroni's rating: 1119 → 1093(-26 for losing)
