|ScrapeTime|2020-01-01-02:25:28
|j|☆MaTRASHtus
|j|☆Y2Charizard
|player|p1|MaTRASHtus|126|
|player|p2|Y2Charizard|151|
|teamsize|p1|6
|teamsize|p2|6
|gametype|singles
|gen|8
|tier|[Gen 8] OU
|rule|Sleep Clause Mod: Limit one foe put to sleep
|rule|Species Clause: Limit one of each Pokémon
|rule|OHKO Clause: OHKO moves are banned
|rule|Evasion Moves Clause: Evasion moves are banned
|rule|Endless Battle Clause: Forcing endless battles is banned
|rule|HP Percentage Mod: HP is shown in percentages
|clearpoke
|poke|p1|Flygon, M|
|poke|p1|Rotom-Wash|
|poke|p1|Corviknight, F|
|poke|p1|Cinderace, F|
|poke|p1|Silvally-*|
|poke|p1|Dragapult, M|
|poke|p2|Pelipper, M|
|poke|p2|Dracovish|
|poke|p2|Ferrothorn, M|
|poke|p2|Sylveon, M|
|poke|p2|Aegislash, M|
|poke|p2|Barraskewda, M|
|rule|Dynamax Clause: You cannot dynamax
|teampreview
|
|start
|switch|p1a: Rotom|Rotom-Wash|100/100
|switch|p2a: Pelipper|Pelipper, M|100/100
|-weather|RainDance|[from] ability: Drizzle|[of] p2a: Pelipper
|turn|1
|c|☆MaTRASHtus|nigga
|
|move|p1a: Rotom|Volt Switch|p2a: Pelipper
|-supereffective|p2a: Pelipper
|-damage|p2a: Pelipper|0 fnt
|faint|p2a: Pelipper
|c|☆MaTRASHtus|i see you talking to them niggas
|c|☆Y2Charizard|Damn
|c|☆Y2Charizard|well yea
|c|☆Y2Charizard|wrestling convo
|c|☆Y2Charizard|is fun
|
|switch|p1a: Flygon|Flygon, M|100/100|[from]move: Volt Switch
|
|-weather|RainDance|[upkeep]
|upkeep
|
|switch|p2a: Barraskewda|Barraskewda, M|100/100
|turn|2
|
|move|p2a: Barraskewda|Liquidation|p1a: Flygon
|-crit|p1a: Flygon
|-damage|p1a: Flygon|0 fnt
|-damage|p2a: Barraskewda|91/100|[from] item: Life Orb
|faint|p1a: Flygon
|
|-weather|RainDance|[upkeep]
|upkeep
|c|☆Y2Charizard|didnt matter
|c|☆Y2Charizard|:shrug:
|
|switch|p1a: Rotom|Rotom-Wash|100/100
|turn|3
|c|☆Y2Charizard|yo wait
|c|☆Y2Charizard|does Barraskewda get U-Turn
|c|☆MaTRASHtus|no
|c|☆Y2Charizard|so
|c|☆Y2Charizard|it can Close Comba
|c|☆Y2Charizard|but not U-Tur
|c|☆Y2Charizard|lol
|c|☆Y2Charizard|pokemon logic
|c|☆MaTRASHtus|nigga go
|c|☆Y2Charizard|damn
|c|☆Y2Charizard|chill
|c|☆Y2Charizard|learn how to chat
|c|☆Y2Charizard|human communicaiton
|c|☆Y2Charizard|communication
|inactive|Battle timer is ON: inactive players will automatically lose when time's up. (requested by MaTRASHtus)
|c|☆Y2Charizard|god I hate this keyboard
|
|switch|p2a: Ferrothorn|Ferrothorn, M|100/100
|move|p1a: Rotom|Volt Switch|p2a: Ferrothorn
|-resisted|p2a: Ferrothorn
|-damage|p2a: Ferrothorn|91/100
|
|switch|p1a: Corviknight|Corviknight, F|100/100|[from]move: Volt Switch
|-ability|p1a: Corviknight|Pressure
|
|-weather|RainDance|[upkeep]
|upkeep
|turn|4
|inactive|Y2Charizard has 270 seconds left.
|
|move|p1a: Corviknight|Taunt|p2a: Ferrothorn
|-start|p2a: Ferrothorn|move: Taunt
|cant|p2a: Ferrothorn|move: Taunt|Stealth Rock
|
|-weather|RainDance|[upkeep]
|upkeep
|turn|5
|c|☆Y2Charizard|Corvi with Taunt df
|inactive|Y2Charizard has 270 seconds left.
|c|☆Y2Charizard|what a waste of a moveslot
|
|switch|p2a: Dracovish|Dracovish|100/100
|move|p1a: Corviknight|U-turn|p2a: Dracovish
|-damage|p2a: Dracovish|85/100
|c|☆Y2Charizard|I'm shook
|
|switch|p1a: Dragapult|Dragapult, M|100/100|[from]move: U-turn
|
|-weather|RainDance|[upkeep]
|upkeep
|turn|6
|
|switch|p2a: Sylveon|Sylveon, M|100/100
|move|p1a: Dragapult|Shadow Ball|p2a: Sylveon
|-damage|p2a: Sylveon|64/100
|-unboost|p2a: Sylveon|spd|1
|
|-weather|RainDance|[upkeep]
|-heal|p2a: Sylveon|70/100|[from] item: Leftovers
|upkeep
|turn|7
|
|switch|p1a: Rotom|Rotom-Wash|100/100
|move|p2a: Sylveon|Calm Mind|p2a: Sylveon
|-boost|p2a: Sylveon|spa|1
|-boost|p2a: Sylveon|spd|1
|
|-weather|RainDance|[upkeep]
|-heal|p2a: Sylveon|76/100|[from] item: Leftovers
|upkeep
|turn|8
|
|move|p1a: Rotom|Will-O-Wisp|p2a: Sylveon
|-status|p2a: Sylveon|brn
|move|p2a: Sylveon|Moonblast|p1a: Rotom
|-damage|p1a: Rotom|46/100
|
|-weather|none
|-heal|p1a: Rotom|52/100|[from] item: Leftovers
|-heal|p2a: Sylveon|82/100 brn|[from] item: Leftovers
|-damage|p2a: Sylveon|76/100 brn|[from] brn
|upkeep
|turn|9
|
|move|p1a: Rotom|Volt Switch|p2a: Sylveon
|-damage|p2a: Sylveon|59/100 brn
|
|switch|p1a: Cinderace|Cinderace, F|100/100|[from]move: Volt Switch
|move|p2a: Sylveon|Moonblast|p1a: Cinderace
|-resisted|p1a: Cinderace
|-damage|p1a: Cinderace|62/100
|
|-heal|p2a: Sylveon|65/100 brn|[from] item: Leftovers
|-damage|p2a: Sylveon|59/100 brn|[from] brn
|upkeep
|turn|10
|
|switch|p2a: Dracovish|Dracovish|85/100
|move|p1a: Cinderace|Pyro Ball|p2a: Dracovish
|-resisted|p2a: Dracovish
|-damage|p2a: Dracovish|69/100
|
|upkeep
|turn|11
|
|move|p1a: Cinderace|High Jump Kick|p2a: Dracovish
|-damage|p2a: Dracovish|24/100
|move|p2a: Dracovish|Fishious Rend|p1a: Cinderace
|-supereffective|p1a: Cinderace
|-damage|p1a: Cinderace|0 fnt
|faint|p1a: Cinderace
|
|upkeep
|inactive|MaTRASHtus has 270 seconds left.
|
|switch|p1a: Dragapult|Dragapult, M|100/100
|turn|12
|inactive|Y2Charizard has 270 seconds left.
|
|switch|p2a: Ferrothorn|Ferrothorn, M|91/100
|move|p1a: Dragapult|Shadow Ball|p2a: Ferrothorn
|-damage|p2a: Ferrothorn|39/100
|
|upkeep
|turn|13
|inactive|Y2Charizard has 240 seconds left.
|
|move|p1a: Dragapult|Shadow Ball|p2a: Ferrothorn
|-crit|p2a: Ferrothorn
|-damage|p2a: Ferrothorn|0 fnt
|faint|p2a: Ferrothorn
|
|upkeep
|
|switch|p2a: Barraskewda|Barraskewda, M|91/100
|turn|14
|inactive|Y2Charizard has 240 seconds left.
|c|☆Y2Charizard|I already know the flaw of this battle
|c|☆Y2Charizard|letting Pelipper die so soon
|c|☆MaTRASHtus|no
|c|☆MaTRASHtus|it was leading off with it lol
|inactive|Y2Charizard has 210 seconds left.
|c|☆Y2Charizard|look
|c|☆Y2Charizard|I didnt expect
|c|☆Y2Charizard|a Volt Switch ok
|c|☆Y2Charizard|I thought you were gonna
|c|☆Y2Charizard|burn or Trick an obvious Ferro
|c|☆Y2Charizard|:(
|inactive|Y2Charizard has 180 seconds left.
|c|☆MaTRASHtus|look at the team comp
|c|☆Y2Charizard|was also more focused on the convo in the chat tbh
|inactive|Y2Charizard has 150 seconds left.
|c|☆Y2Charizard|now I care more about the battle but like
|c|☆MaTRASHtus|volt switch woulda gave me the best outcome
|c|☆Y2Charizard|too little too late
|c|☆Y2Charizard|this team aint got shit to deal with ROtoms
|c|☆Y2Charizard|cept Ferro
|c|☆Y2Charizard|and that's not the best check
|inactive|Y2Charizard has 120 seconds left.
|
|switch|p1a: Corviknight|Corviknight, F|100/100
|-ability|p1a: Corviknight|Pressure
|move|p2a: Barraskewda|Liquidation|p1a: Corviknight
|-damage|p1a: Corviknight|63/100
|-damage|p2a: Barraskewda|81/100|[from] item: Life Orb
|
|-heal|p1a: Corviknight|69/100|[from] item: Leftovers
|upkeep
|turn|15
|inactive|MaTRASHtus has 270 seconds left.
|
|move|p2a: Barraskewda|Liquidation|p1a: Corviknight
|-damage|p1a: Corviknight|33/100
|-unboost|p1a: Corviknight|def|1
|-damage|p2a: Barraskewda|71/100|[from] item: Life Orb
|move|p1a: Corviknight|U-turn|p2a: Barraskewda
|-damage|p2a: Barraskewda|42/100
|inactive|MaTRASHtus has 270 seconds left.
|
|switch|p1a: Dragapult|Dragapult, M|100/100|[from]move: U-turn
|
|upkeep
|turn|16
|inactive|Y2Charizard has 120 seconds left.
|
|move|p2a: Barraskewda|Aqua Jet|p1a: Dragapult
|-resisted|p1a: Dragapult
|-damage|p1a: Dragapult|82/100
|-damage|p2a: Barraskewda|32/100|[from] item: Life Orb
|move|p1a: Dragapult|Shadow Ball|p2a: Barraskewda
|-damage|p2a: Barraskewda|0 fnt
|faint|p2a: Barraskewda
|
|upkeep
|
|switch|p2a: Aegislash|Aegislash, M|100/100
|turn|17
|
|switch|p1a: Corviknight|Corviknight, F|33/100
|-ability|p1a: Corviknight|Pressure
|-formechange|p2a: Aegislash|Aegislash-Blade||[from] ability: Stance Change
|move|p2a: Aegislash|Shadow Sneak|p1a: Corviknight
|-damage|p1a: Corviknight|20/100
|
|-heal|p1a: Corviknight|26/100|[from] item: Leftovers
|upkeep
|turn|18
|
|move|p1a: Corviknight|Taunt|p2a: Aegislash
|-start|p2a: Aegislash|move: Taunt
|cant|p2a: Aegislash|move: Taunt|Swords Dance
|
|-heal|p1a: Corviknight|32/100|[from] item: Leftovers
|upkeep
|turn|19
|
|move|p1a: Corviknight|Roost|p1a: Corviknight
|-heal|p1a: Corviknight|82/100
|-singleturn|p1a: Corviknight|move: Roost
|move|p2a: Aegislash|Close Combat|p1a: Corviknight
|-supereffective|p1a: Corviknight
|-damage|p1a: Corviknight|25/100
|-unboost|p2a: Aegislash|def|1
|-unboost|p2a: Aegislash|spd|1
|
|-heal|p1a: Corviknight|31/100|[from] item: Leftovers
|upkeep
|turn|20
|inactive|Y2Charizard has 120 seconds left.
|
|move|p1a: Corviknight|Roost|p1a: Corviknight
|-heal|p1a: Corviknight|81/100
|-singleturn|p1a: Corviknight|move: Roost
|move|p2a: Aegislash|Close Combat|p1a: Corviknight
|-supereffective|p1a: Corviknight
|-damage|p1a: Corviknight|27/100
|-unboost|p2a: Aegislash|def|1
|-unboost|p2a: Aegislash|spd|1
|
|-heal|p1a: Corviknight|33/100|[from] item: Leftovers
|-end|p2a: Aegislash|move: Taunt
|upkeep
|turn|21
|inactive|Y2Charizard has 120 seconds left.
|
|move|p1a: Corviknight|Taunt|p2a: Aegislash
|-start|p2a: Aegislash|move: Taunt
|cant|p2a: Aegislash|move: Taunt|Swords Dance
|
|-heal|p1a: Corviknight|39/100|[from] item: Leftovers
|upkeep
|turn|22
|inactive|Y2Charizard has 120 seconds left.
|c|☆Y2Charizard|there's a reason I havent used this team in a month
|-message|Y2Charizard forfeited.
|
|win|MaTRASHtus
|l|☆Y2Charizard
