|ScrapeTime|2020-01-01-03:44:47
|j|☆XLR87T3
|j|☆AlkalineFPS
|player|p1|XLR87T3|169|1057
|player|p2|AlkalineFPS|volkner|1000
|teamsize|p1|6
|teamsize|p2|6
|gametype|singles
|gen|8
|tier|[Gen 8] OU
|rated|
|rule|Sleep Clause Mod: Limit one foe put to sleep
|rule|Species Clause: Limit one of each Pokémon
|rule|OHKO Clause: OHKO moves are banned
|rule|Evasion Moves Clause: Evasion moves are banned
|rule|Endless Battle Clause: Forcing endless battles is banned
|rule|HP Percentage Mod: HP is shown in percentages
|clearpoke
|poke|p1|Cursola, F|
|poke|p1|Appletun, M|
|poke|p1|Cinderace, F|
|poke|p1|Machamp, M|
|poke|p1|Grimmsnarl, M|
|poke|p1|Hatterene, F|
|poke|p2|Sableye, F|
|poke|p2|Corviknight, F|
|poke|p2|Seismitoad, F|
|poke|p2|Clefable, F|
|poke|p2|Dugtrio, M|
|poke|p2|Hydreigon, F|
|rule|Dynamax Clause: You cannot dynamax
|teampreview
|inactive|Battle timer is ON: inactive players will automatically lose when time's up. (requested by XLR87T3)
|
|start
|switch|p1a: Grimmsnarl|Grimmsnarl, M|100/100
|switch|p2a: Seismitoad|Seismitoad, F|100/100
|turn|1
|
|move|p1a: Grimmsnarl|Taunt|p2a: Seismitoad
|-start|p2a: Seismitoad|move: Taunt
|cant|p2a: Seismitoad|move: Taunt|Stealth Rock
|
|upkeep
|turn|2
|
|move|p1a: Grimmsnarl|Light Screen|p1a: Grimmsnarl
|-sidestart|p1: XLR87T3|move: Light Screen
|move|p2a: Seismitoad|Scald|p1a: Grimmsnarl
|-damage|p1a: Grimmsnarl|88/100
|
|-heal|p1a: Grimmsnarl|94/100|[from] item: Leftovers
|upkeep
|turn|3
|
|switch|p2a: Hydreigon|Hydreigon, F|100/100
|switch|p1a: Appletun|Appletun, M|100/100
|
|upkeep
|turn|4
|
|switch|p2a: Clefable|Clefable, F|100/100
|move|p1a: Appletun|Draco Meteor|p2a: Clefable
|-immune|p2a: Clefable
|
|upkeep
|turn|5
|
|switch|p1a: Cinderace|Cinderace, F|100/100
|move|p2a: Clefable|Thunder Wave|p1a: Cinderace
|-status|p1a: Cinderace|par
|
|upkeep
|turn|6
|inactive|XLR87T3 has 120 seconds left.
|
|move|p2a: Clefable|Protect|p2a: Clefable
|-singleturn|p2a: Clefable|Protect
|cant|p1a: Cinderace|par
|
|-sideend|p1: XLR87T3|move: Light Screen
|upkeep
|turn|7
|
|switch|p2a: Seismitoad|Seismitoad, F|100/100
|move|p1a: Cinderace|Pyro Ball|p2a: Seismitoad
|-resisted|p2a: Seismitoad
|-damage|p2a: Seismitoad|75/100
|-damage|p1a: Cinderace|91/100 par|[from] item: Life Orb
|
|-heal|p2a: Seismitoad|81/100|[from] item: Leftovers
|upkeep
|turn|8
|
|move|p1a: Cinderace|High Jump Kick|p2a: Seismitoad
|-damage|p2a: Seismitoad|40/100
|-damage|p1a: Cinderace|81/100 par|[from] item: Life Orb
|move|p2a: Seismitoad|Stealth Rock|p1a: Cinderace
|-sidestart|p1: XLR87T3|move: Stealth Rock
|
|-heal|p2a: Seismitoad|46/100|[from] item: Leftovers
|upkeep
|turn|9
|
|cant|p1a: Cinderace|par
|move|p2a: Seismitoad|Earth Power|p1a: Cinderace
|-supereffective|p1a: Cinderace
|-damage|p1a: Cinderace|1/100 par
|
|-heal|p2a: Seismitoad|52/100|[from] item: Leftovers
|upkeep
|turn|10
|
|move|p1a: Cinderace|Court Change|p1a: Cinderace
|-sideend|p1: XLR87T3|Stealth Rock|[silent]
|-sidestart|p2: AlkalineFPS|Stealth Rock|[silent]
|-activate|p1a: Cinderace|move: Court Change
|move|p2a: Seismitoad|Scald|p1a: Cinderace
|-supereffective|p1a: Cinderace
|-damage|p1a: Cinderace|0 fnt
|faint|p1a: Cinderace
|
|-heal|p2a: Seismitoad|58/100|[from] item: Leftovers
|upkeep
|
|switch|p1a: Machamp|Machamp, M|100/100
|turn|11
|
|move|p1a: Machamp|Dynamic Punch|p2a: Seismitoad
|-damage|p2a: Seismitoad|16/100
|-start|p2a: Seismitoad|confusion
|-activate|p2a: Seismitoad|confusion
|move|p2a: Seismitoad|Stealth Rock|p1a: Machamp
|-sidestart|p1: XLR87T3|move: Stealth Rock
|
|-heal|p2a: Seismitoad|22/100|[from] item: Leftovers
|upkeep
|turn|12
|
|move|p1a: Machamp|Dynamic Punch|p2a: Seismitoad
|-damage|p2a: Seismitoad|0 fnt
|faint|p2a: Seismitoad
|
|upkeep
|
|switch|p2a: Corviknight|Corviknight, F|100/100
|-damage|p2a: Corviknight|88/100|[from] Stealth Rock
|-ability|p2a: Corviknight|Pressure
|turn|13
|
|move|p1a: Machamp|Knock Off|p2a: Corviknight
|-damage|p2a: Corviknight|58/100
|-enditem|p2a: Corviknight|Leftovers|[from] move: Knock Off|[of] p1a: Machamp
|move|p2a: Corviknight|Defog|p1a: Machamp
|-unboost|p1a: Machamp|evasion|1
|-sideend|p1: XLR87T3|Stealth Rock|[from] move: Defog|[of] p2a: Corviknight
|-sideend|p2: AlkalineFPS|Stealth Rock|[from] move: Defog|[of] p2a: Corviknight
|
|upkeep
|turn|14
|inactive|XLR87T3 has 120 seconds left.
|
|move|p1a: Machamp|Dynamic Punch|p2a: Corviknight
|-damage|p2a: Corviknight|11/100
|-start|p2a: Corviknight|confusion
|-activate|p2a: Corviknight|confusion
|-damage|p2a: Corviknight|4/100|[from] confusion
|
|upkeep
|turn|15
|
|switch|p2a: Clefable|Clefable, F|100/100
|move|p1a: Machamp|Knock Off|p2a: Clefable
|-resisted|p2a: Clefable
|-damage|p2a: Clefable|83/100
|-enditem|p2a: Clefable|Leftovers|[from] move: Knock Off|[of] p1a: Machamp
|
|upkeep
|turn|16
|inactive|XLR87T3 has 120 seconds left.
|
|move|p1a: Machamp|Heavy Slam|p2a: Clefable
|-supereffective|p2a: Clefable
|-damage|p2a: Clefable|28/100
|move|p2a: Clefable|Moonblast|p1a: Machamp
|-supereffective|p1a: Machamp
|-damage|p1a: Machamp|22/100
|
|-heal|p1a: Machamp|28/100|[from] item: Leftovers
|upkeep
|turn|17
|
|switch|p2a: Hydreigon|Hydreigon, F|100/100
|move|p1a: Machamp|Dynamic Punch|p2a: Hydreigon
|-supereffective|p2a: Hydreigon
|-damage|p2a: Hydreigon|0 fnt
|faint|p2a: Hydreigon
|
|-heal|p1a: Machamp|35/100|[from] item: Leftovers
|upkeep
|
|switch|p2a: Sableye|Sableye, F|100/100
|turn|18
|-message|AlkalineFPS forfeited.
|
|win|XLR87T3
|l|☆AlkalineFPS
|raw|XLR87T3's rating: 1057 → 1084(+27 for winning)
|raw|AlkalineFPS's rating: 1000 → 1000(+0 for losing)
