|ScrapeTime|2020-01-01-01:54:40
|j|☆holisticplant2020
|j|☆AppleBobbing
|player|p1|holisticplant2020|veteran|1135
|player|p2|AppleBobbing|2|1141
|teamsize|p1|6
|teamsize|p2|6
|gametype|singles
|gen|8
|tier|[Gen 8] OU
|rated|
|rule|Sleep Clause Mod: Limit one foe put to sleep
|rule|Species Clause: Limit one of each Pokémon
|rule|OHKO Clause: OHKO moves are banned
|rule|Evasion Moves Clause: Evasion moves are banned
|rule|Endless Battle Clause: Forcing endless battles is banned
|rule|HP Percentage Mod: HP is shown in percentages
|clearpoke
|poke|p1|Drampa, F|
|poke|p1|Aegislash, F|
|poke|p1|Gyarados, F|
|poke|p1|Excadrill, M|
|poke|p1|Dracozolt|
|poke|p1|Toxicroak, M|
|poke|p2|Mantine, M|
|poke|p2|Ferrothorn, M|
|poke|p2|Excadrill, F|
|poke|p2|Pelipper, M|
|poke|p2|Barraskewda, M|
|poke|p2|Dracovish|
|rule|Dynamax Clause: You cannot dynamax
|teampreview
|inactive|Battle timer is ON: inactive players will automatically lose when time's up. (requested by holisticplant2020)
|
|start
|switch|p1a: Bernie Sanders|Drampa, F|100/100
|switch|p2a: Pelipper|Pelipper, M|100/100
|-weather|RainDance|[from] ability: Drizzle|[of] p2a: Pelipper
|-ability|p1a: Bernie Sanders|Cloud Nine
|turn|1
|
|move|p2a: Pelipper|Hurricane|p1a: Bernie Sanders
|-damage|p1a: Bernie Sanders|65/100
|-start|p1a: Bernie Sanders|confusion
|-activate|p1a: Bernie Sanders|confusion
|-damage|p1a: Bernie Sanders|60/100|[from] confusion
|
|-weather|RainDance|[upkeep]
|upkeep
|turn|2
|
|move|p2a: Pelipper|Hurricane|p1a: Bernie Sanders
|-damage|p1a: Bernie Sanders|21/100
|-activate|p1a: Bernie Sanders|confusion
|-damage|p1a: Bernie Sanders|16/100|[from] confusion
|
|-weather|RainDance|[upkeep]
|upkeep
|turn|3
|
|move|p2a: Pelipper|Scald|p1a: Bernie Sanders
|-resisted|p1a: Bernie Sanders
|-damage|p1a: Bernie Sanders|2/100
|-status|p1a: Bernie Sanders|brn
|-activate|p1a: Bernie Sanders|confusion
|-damage|p1a: Bernie Sanders|0 fnt|[from] confusion
|faint|p1a: Bernie Sanders
|
|-weather|RainDance|[upkeep]
|upkeep
|
|switch|p1a: Pete|Dracozolt|100/100
|turn|4
|c|☆AppleBobbing|Bernie Sanders is truly confused...
|
|switch|p2a: Excadrill|Excadrill, F|100/100
|-ability|p2a: Excadrill|Mold Breaker
|move|p1a: Pete|Dragon Claw|p2a: Excadrill|[miss]
|-miss|p1a: Pete|p2a: Excadrill
|
|-weather|RainDance|[upkeep]
|upkeep
|turn|5
|
|move|p2a: Excadrill|Earthquake|p1a: Pete
|-supereffective|p1a: Pete
|-damage|p1a: Pete|1/100
|move|p1a: Pete|Dragon Claw|p2a: Excadrill
|-resisted|p2a: Excadrill
|-damage|p2a: Excadrill|59/100
|
|-weather|RainDance|[upkeep]
|-heal|p2a: Excadrill|65/100|[from] item: Leftovers
|-heal|p1a: Pete|7/100|[from] item: Leftovers
|upkeep
|turn|6
|
|move|p2a: Excadrill|Iron Head|p1a: Pete
|-resisted|p1a: Pete
|-damage|p1a: Pete|0 fnt
|faint|p1a: Pete
|
|-weather|RainDance|[upkeep]
|-heal|p2a: Excadrill|71/100|[from] item: Leftovers
|upkeep
|
|switch|p1a: Assange|Excadrill, M|100/100
|-ability|p1a: Assange|Mold Breaker
|turn|7
|c|☆AppleBobbing|Mayor Pete as usual misses the mark...
|
|move|p2a: Excadrill|Protect|p2a: Excadrill
|-singleturn|p2a: Excadrill|Protect
|move|p1a: Assange|Earthquake|p2a: Excadrill
|-activate|p2a: Excadrill|move: Protect
|
|-weather|RainDance|[upkeep]
|-heal|p2a: Excadrill|77/100|[from] item: Leftovers
|upkeep
|turn|8
|c|☆holisticplant2020|LOL
|c|☆AppleBobbing|Assange the mole...
|c|☆AppleBobbing|this is good
|c|☆AppleBobbing|this is v good
|
|switch|p2a: Mantine|Mantine, M|100/100
|move|p1a: Assange|Stealth Rock|p2a: Mantine
|-sidestart|p2: AppleBobbing|move: Stealth Rock
|
|-weather|none
|upkeep
|turn|9
|c|☆holisticplant2020|thank you
|
|switch|p1a: Billie Eilish|Aegislash, F|100/100
|move|p2a: Mantine|Hydro Pump|p1a: Billie Eilish|[miss]
|-miss|p2a: Mantine|p1a: Billie Eilish
|
|upkeep
|turn|10
|
|move|p2a: Mantine|Hydro Pump|p1a: Billie Eilish|[miss]
|-miss|p2a: Mantine|p1a: Billie Eilish
|-formechange|p1a: Billie Eilish|Aegislash-Blade||[from] ability: Stance Change
|move|p1a: Billie Eilish|Shadow Ball|p2a: Mantine
|-damage|p2a: Mantine|70/100
|
|upkeep
|turn|11
|c|☆AppleBobbing|er...a bad guy?
|c|☆AppleBobbing|bury a friend?
|
|move|p2a: Mantine|Hydro Pump|p1a: Billie Eilish
|-damage|p1a: Billie Eilish|0 fnt
|-damage|p2a: Mantine|60/100|[from] item: Life Orb
|faint|p1a: Billie Eilish
|
|upkeep
|c|☆holisticplant2020|yes
|inactive|holisticplant2020 has 120 seconds left.
|c|☆holisticplant2020|well
|c|☆holisticplant2020|i didnt quite think of bury a friend but she's pretty "ghostly"
|c|☆AppleBobbing|fair enough
|
|switch|p1a: Bad Guy|Toxicroak, M, shiny|100/100
|turn|12
|c|☆AppleBobbing|lol speaking of bad guy...
|
|switch|p2a: Pelipper|Pelipper, M|100/100
|-damage|p2a: Pelipper|76/100|[from] Stealth Rock
|-weather|RainDance|[from] ability: Drizzle|[of] p2a: Pelipper
|move|p1a: Bad Guy|Gunk Shot|p2a: Pelipper
|-damage|p2a: Pelipper|31/100
|
|-weather|RainDance|[upkeep]
|upkeep
|turn|13
|c|☆holisticplant2020|;)
|
|move|p1a: Bad Guy|Gunk Shot|p2a: Pelipper
|-damage|p2a: Pelipper|0 fnt
|faint|p2a: Pelipper
|
|-weather|RainDance|[upkeep]
|upkeep
|
|switch|p2a: Mantine|Mantine, M|60/100
|-damage|p2a: Mantine|35/100|[from] Stealth Rock
|turn|14
|inactive|holisticplant2020 has 120 seconds left.
|
|move|p2a: Mantine|Hurricane|p1a: Bad Guy
|-supereffective|p1a: Bad Guy
|-damage|p1a: Bad Guy|0 fnt
|-damage|p2a: Mantine|25/100|[from] item: Life Orb
|faint|p1a: Bad Guy
|
|-weather|RainDance|[upkeep]
|upkeep
|inactive|holisticplant2020 has 120 seconds left.
|
|switch|p1a: Tidal Wave|Gyarados, F|100/100
|turn|15
|
|move|p2a: Mantine|Hurricane|p1a: Tidal Wave
|-crit|p1a: Tidal Wave
|-damage|p1a: Tidal Wave|16/100
|-damage|p2a: Mantine|15/100|[from] item: Life Orb
|move|p1a: Tidal Wave|Ice Fang|p2a: Mantine
|-damage|p2a: Mantine|0 fnt
|faint|p2a: Mantine
|-ability|p1a: Tidal Wave|Moxie|boost
|-boost|p1a: Tidal Wave|atk|1
|
|-weather|RainDance|[upkeep]
|upkeep
|
|switch|p2a: Barraskewda|Barraskewda, M|100/100
|-damage|p2a: Barraskewda|88/100|[from] Stealth Rock
|turn|16
|
|move|p2a: Barraskewda|Crunch|p1a: Tidal Wave
|-damage|p1a: Tidal Wave|0 fnt
|-damage|p2a: Barraskewda|78/100|[from] item: Life Orb
|faint|p1a: Tidal Wave
|
|-weather|RainDance|[upkeep]
|upkeep
|
|switch|p1a: Assange|Excadrill, M|100/100
|-ability|p1a: Assange|Mold Breaker
|turn|17
|c|☆AppleBobbing|gg
|c|☆holisticplant2020|gg
|
|move|p2a: Barraskewda|Liquidation|p1a: Assange
|-supereffective|p1a: Assange
|-enditem|p1a: Assange|Focus Sash
|-damage|p1a: Assange|1/100
|-damage|p2a: Barraskewda|69/100|[from] item: Life Orb
|move|p1a: Assange|Earthquake|p2a: Barraskewda
|-damage|p2a: Barraskewda|0 fnt
|faint|p2a: Barraskewda
|
|-weather|RainDance|[upkeep]
|upkeep
|
|switch|p2a: Dracovish|Dracovish|100/100
|-damage|p2a: Dracovish|88/100|[from] Stealth Rock
|turn|18
|
|move|p2a: Dracovish|Fishious Rend|p1a: Assange
|-supereffective|p1a: Assange
|-damage|p1a: Assange|0 fnt
|faint|p1a: Assange
|
|win|AppleBobbing
|raw|holisticplant2020's rating: 1135 → 1111(-24 for losing)
|raw|AppleBobbing's rating: 1141 → 1166(+25 for winning)
