|ScrapeTime|2020-01-01-02:36:36
|j|☆Ctrl G-Max
|j|☆Charvene
|player|p1|Ctrl G-Max|188|1344
|player|p2|Charvene|lucas-gen4pt|1397
|teamsize|p1|6
|teamsize|p2|6
|gametype|singles
|gen|8
|tier|[Gen 8] OU
|rated|
|rule|Sleep Clause Mod: Limit one foe put to sleep
|rule|Species Clause: Limit one of each Pokémon
|rule|OHKO Clause: OHKO moves are banned
|rule|Evasion Moves Clause: Evasion moves are banned
|rule|Endless Battle Clause: Forcing endless battles is banned
|rule|HP Percentage Mod: HP is shown in percentages
|clearpoke
|poke|p1|Dragapult, M|
|poke|p1|Cinderace, M|
|poke|p1|Grimmsnarl, M|
|poke|p1|Lucario, F|
|poke|p1|Lapras, F|
|poke|p1|Diggersby, F|
|poke|p2|Pelipper, M|
|poke|p2|Dracovish|
|poke|p2|Crawdaunt, M|
|poke|p2|Ferrothorn, M|
|poke|p2|Ludicolo, M|
|poke|p2|Barraskewda, M|
|rule|Dynamax Clause: You cannot dynamax
|teampreview
|
|start
|switch|p1a: Lapras|Lapras, F|100/100
|switch|p2a: Pelipper|Pelipper, M|100/100
|-weather|RainDance|[from] ability: Drizzle|[of] p2a: Pelipper
|turn|1
|inactive|Battle timer is ON: inactive players will automatically lose when time's up. (requested by Charvene)
|
|move|p1a: Lapras|Freeze-Dry|p2a: Pelipper
|-supereffective|p2a: Pelipper
|-damage|p2a: Pelipper|0 fnt
|faint|p2a: Pelipper
|
|-weather|RainDance|[upkeep]
|upkeep
|
|switch|p2a: Ludicolo|Ludicolo, M|100/100
|turn|2
|
|move|p2a: Ludicolo|Leaf Storm|p1a: Lapras
|-supereffective|p1a: Lapras
|-damage|p1a: Lapras|0 fnt
|-unboost|p2a: Ludicolo|spa|2
|-damage|p2a: Ludicolo|91/100|[from] item: Life Orb
|faint|p1a: Lapras
|
|-weather|RainDance|[upkeep]
|upkeep
|
|switch|p1a: Grimmsnarl|Grimmsnarl, M|100/100
|turn|3
|
|switch|p2a: Ferrothorn|Ferrothorn, M|100/100
|move|p1a: Grimmsnarl|Thunder Wave|p2a: Ferrothorn
|-status|p2a: Ferrothorn|par
|
|-weather|RainDance|[upkeep]
|upkeep
|turn|4
|
|switch|p1a: Cinderace|Cinderace, M|100/100
|move|p2a: Ferrothorn|Leech Seed|p1a: Cinderace
|-start|p1a: Cinderace|move: Leech Seed
|
|-weather|RainDance|[upkeep]
|-damage|p1a: Cinderace|88/100|[from] Leech Seed|[of] p2a: Ferrothorn
|upkeep
|turn|5
|
|move|p2a: Ferrothorn|Protect|p2a: Ferrothorn
|-singleturn|p2a: Ferrothorn|Protect
|move|p1a: Cinderace|High Jump Kick|p2a: Ferrothorn
|-activate|p2a: Ferrothorn|move: Protect
|-damage|p1a: Cinderace|38/100|[from] highjumpkick
|
|-weather|RainDance|[upkeep]
|-damage|p1a: Cinderace|26/100|[from] Leech Seed|[of] p2a: Ferrothorn
|upkeep
|turn|6
|
|switch|p1a: Diggersby|Diggersby, F|100/100
|switch|p2a: Dracovish|Dracovish|100/100
|
|-weather|RainDance|[upkeep]
|upkeep
|turn|7
|
|move|p1a: Diggersby|Quick Attack|p2a: Dracovish
|-damage|p2a: Dracovish|68/100
|-damage|p1a: Diggersby|91/100|[from] item: Life Orb
|move|p2a: Dracovish|Fishious Rend|p1a: Diggersby
|-supereffective|p1a: Diggersby
|-damage|p1a: Diggersby|0 fnt
|faint|p1a: Diggersby
|
|-weather|RainDance|[upkeep]
|upkeep
|
|switch|p1a: Grimmsnarl|Grimmsnarl, M|100/100
|turn|8
|
|switch|p2a: Ferrothorn|Ferrothorn, M|100/100 par
|move|p1a: Grimmsnarl|Trick|p2a: Ferrothorn
|-activate|p1a: Grimmsnarl|move: Trick|[of] p2a: Ferrothorn
|-item|p2a: Ferrothorn|Lagging Tail|[from] move: Trick
|-item|p1a: Grimmsnarl|Leftovers|[from] move: Trick
|
|-weather|none
|upkeep
|turn|9
|
|move|p1a: Grimmsnarl|Trick|p2a: Ferrothorn
|-activate|p1a: Grimmsnarl|move: Trick|[of] p2a: Ferrothorn
|-item|p2a: Ferrothorn|Leftovers|[from] move: Trick
|-item|p1a: Grimmsnarl|Lagging Tail|[from] move: Trick
|move|p2a: Ferrothorn|Leech Seed|p1a: Grimmsnarl
|-start|p1a: Grimmsnarl|move: Leech Seed
|
|-damage|p1a: Grimmsnarl|88/100|[from] Leech Seed|[of] p2a: Ferrothorn
|upkeep
|turn|10
|
|switch|p1a: Cinderace|Cinderace, M|26/100
|cant|p2a: Ferrothorn|par
|
|upkeep
|turn|11
|
|move|p2a: Ferrothorn|Protect|p2a: Ferrothorn
|-singleturn|p2a: Ferrothorn|Protect
|move|p1a: Cinderace|Pyro Ball|p2a: Ferrothorn
|-activate|p2a: Ferrothorn|move: Protect
|
|upkeep
|turn|12
|inactive|Charvene has 120 seconds left.
|
|switch|p2a: Dracovish|Dracovish|68/100
|move|p1a: Cinderace|Pyro Ball|p2a: Dracovish
|-resisted|p2a: Dracovish
|-damage|p2a: Dracovish|46/100
|-status|p2a: Dracovish|brn
|
|-damage|p2a: Dracovish|39/100 brn|[from] brn
|upkeep
|turn|13
|inactive|Charvene has 120 seconds left.
|
|move|p2a: Dracovish|Fishious Rend|p1a: Cinderace
|-supereffective|p1a: Cinderace
|-damage|p1a: Cinderace|0 fnt
|faint|p1a: Cinderace
|
|-damage|p2a: Dracovish|33/100 brn|[from] brn
|upkeep
|
|switch|p1a: Dragapult|Dragapult, M|100/100
|turn|14
|
|move|p2a: Dracovish|Fishious Rend|p1a: Dragapult
|-resisted|p1a: Dragapult
|-damage|p1a: Dragapult|64/100
|move|p1a: Dragapult|Dragon Dance|p1a: Dragapult
|-boost|p1a: Dragapult|atk|1
|-boost|p1a: Dragapult|spe|1
|
|-heal|p1a: Dragapult|70/100|[from] item: Leftovers
|-damage|p2a: Dracovish|27/100 brn|[from] brn
|upkeep
|turn|15
|
|move|p1a: Dragapult|Substitute|p1a: Dragapult
|-start|p1a: Dragapult|Substitute
|-damage|p1a: Dragapult|45/100
|move|p2a: Dracovish|Fishious Rend|p1a: Dragapult
|-resisted|p1a: Dragapult
|-activate|p1a: Dragapult|move: Substitute|[damage]
|
|-heal|p1a: Dragapult|51/100|[from] item: Leftovers
|-damage|p2a: Dracovish|21/100 brn|[from] brn
|upkeep
|turn|16
|
|move|p1a: Dragapult|Dragon Dance|p1a: Dragapult
|-boost|p1a: Dragapult|atk|1
|-boost|p1a: Dragapult|spe|1
|move|p2a: Dracovish|Fishious Rend|p1a: Dragapult
|-resisted|p1a: Dragapult
|-end|p1a: Dragapult|Substitute
|
|-heal|p1a: Dragapult|57/100|[from] item: Leftovers
|-damage|p2a: Dracovish|15/100 brn|[from] brn
|upkeep
|turn|17
|
|move|p1a: Dragapult|Substitute|p1a: Dragapult
|-start|p1a: Dragapult|Substitute
|-damage|p1a: Dragapult|32/100
|move|p2a: Dracovish|Fishious Rend|p1a: Dragapult
|-resisted|p1a: Dragapult
|-activate|p1a: Dragapult|move: Substitute|[damage]
|
|-heal|p1a: Dragapult|38/100|[from] item: Leftovers
|-damage|p2a: Dracovish|8/100 brn|[from] brn
|upkeep
|turn|18
|
|move|p1a: Dragapult|Dragon Dance|p1a: Dragapult
|-boost|p1a: Dragapult|atk|1
|-boost|p1a: Dragapult|spe|1
|move|p2a: Dracovish|Fishious Rend|p1a: Dragapult
|-resisted|p1a: Dragapult
|-end|p1a: Dragapult|Substitute
|
|-heal|p1a: Dragapult|44/100|[from] item: Leftovers
|-damage|p2a: Dracovish|2/100 brn|[from] brn
|upkeep
|turn|19
|
|move|p1a: Dragapult|Substitute|p1a: Dragapult
|-start|p1a: Dragapult|Substitute
|-damage|p1a: Dragapult|19/100
|move|p2a: Dracovish|Fishious Rend|p1a: Dragapult
|-resisted|p1a: Dragapult
|-activate|p1a: Dragapult|move: Substitute|[damage]
|
|-heal|p1a: Dragapult|25/100|[from] item: Leftovers
|-damage|p2a: Dracovish|0 fnt|[from] brn
|faint|p2a: Dracovish
|upkeep
|
|switch|p2a: Crawdaunt|Crawdaunt, M|100/100
|turn|20
|
|move|p2a: Crawdaunt|Aqua Jet|p1a: Dragapult
|-resisted|p1a: Dragapult
|-end|p1a: Dragapult|Substitute
|-damage|p2a: Crawdaunt|91/100|[from] item: Life Orb
|move|p1a: Dragapult|Dragon Darts|p2a: Crawdaunt
|-damage|p2a: Crawdaunt|0 fnt
|-hitcount|p2a: Crawdaunt|1
|faint|p2a: Crawdaunt
|
|-heal|p1a: Dragapult|31/100|[from] item: Leftovers
|upkeep
|
|switch|p2a: Barraskewda|Barraskewda, M|100/100
|turn|21
|
|move|p1a: Dragapult|Dragon Darts|p2a: Barraskewda
|-damage|p2a: Barraskewda|0 fnt
|-hitcount|p2a: Barraskewda|1
|faint|p2a: Barraskewda
|
|-heal|p1a: Dragapult|37/100|[from] item: Leftovers
|upkeep
|
|switch|p2a: Ferrothorn|Ferrothorn, M|100/100 par
|turn|22
|
|move|p1a: Dragapult|Phantom Force||[still]
|-prepare|p1a: Dragapult|Phantom Force|p2a: Ferrothorn
|move|p2a: Ferrothorn|Leech Seed|p1a: Dragapult|[miss]
|-miss|p2a: Ferrothorn|p1a: Dragapult
|
|-heal|p1a: Dragapult|43/100|[from] item: Leftovers
|upkeep
|turn|23
|
|move|p1a: Dragapult|Phantom Force|p2a: Ferrothorn|[from]lockedmove
|-damage|p2a: Ferrothorn|31/100 par
|-damage|p1a: Dragapult|31/100|[from] ability: Iron Barbs|[of] p2a: Ferrothorn
|move|p2a: Ferrothorn|Leech Seed|p1a: Dragapult
|-start|p1a: Dragapult|move: Leech Seed
|
|-heal|p1a: Dragapult|37/100|[from] item: Leftovers
|-heal|p2a: Ferrothorn|37/100 par|[from] item: Leftovers
|-damage|p1a: Dragapult|24/100|[from] Leech Seed|[of] p2a: Ferrothorn
|-heal|p2a: Ferrothorn|49/100 par|[silent]
|upkeep
|turn|24
|
|move|p1a: Dragapult|Phantom Force||[still]
|-prepare|p1a: Dragapult|Phantom Force|p2a: Ferrothorn
|cant|p2a: Ferrothorn|par
|
|-heal|p1a: Dragapult|30/100|[from] item: Leftovers
|-heal|p2a: Ferrothorn|55/100 par|[from] item: Leftovers
|-damage|p1a: Dragapult|18/100|[from] Leech Seed|[of] p2a: Ferrothorn
|-heal|p2a: Ferrothorn|68/100 par|[silent]
|upkeep
|turn|25
|
|switch|p2a: Ludicolo|Ludicolo, M|91/100
|move|p1a: Dragapult|Phantom Force|p2a: Ludicolo|[from]lockedmove
|-damage|p2a: Ludicolo|0 fnt
|faint|p2a: Ludicolo
|
|-heal|p1a: Dragapult|24/100|[from] item: Leftovers
|upkeep
|-message|Charvene forfeited.
|
|win|Ctrl G-Max
|l|☆Charvene
|raw|Ctrl G-Max's rating: 1322 → 1346(+24 for winning)
|raw|Charvene's rating: 1397 → 1372(-25 for losing)
