|ScrapeTime|2020-01-01-01:35:19
|j|☆diggersboy660
|j|☆LizardoDrako
|player|p1|diggersboy660|209|1676
|player|p2|LizardoDrako|1|1502
|teamsize|p1|6
|teamsize|p2|6
|gametype|singles
|gen|8
|tier|[Gen 8] OU
|rated|
|rule|Sleep Clause Mod: Limit one foe put to sleep
|rule|Species Clause: Limit one of each Pokémon
|rule|OHKO Clause: OHKO moves are banned
|rule|Evasion Moves Clause: Evasion moves are banned
|rule|Endless Battle Clause: Forcing endless battles is banned
|rule|HP Percentage Mod: HP is shown in percentages
|clearpoke
|poke|p1|Diggersby, M|
|poke|p1|Mimikyu, M|
|poke|p1|Ditto|
|poke|p1|Corviknight, M|
|poke|p1|Clefable, M|
|poke|p1|Hawlucha, F|
|poke|p2|Charizard, M|
|poke|p2|Aegislash, M|
|poke|p2|Corviknight, M|
|poke|p2|Hatterene, F|
|poke|p2|Sirfetch'd, M|
|poke|p2|Morpeko, M|
|rule|Dynamax Clause: You cannot dynamax
|teampreview
|inactive|Battle timer is ON: inactive players will automatically lose when time's up. (requested by diggersboy660)
|
|start
|switch|p1a: Clefable|Clefable, M|100/100
|switch|p2a: Morpeko|Morpeko, M|100/100
|turn|1
|
|move|p2a: Morpeko|Parting Shot|p1a: Clefable
|-unboost|p1a: Clefable|atk|1
|-unboost|p1a: Clefable|spa|1
|
|switch|p2a: Hatterene|Hatterene, F|100/100|[from]move: Parting Shot
|move|p1a: Clefable|Moonblast|p2a: Hatterene
|-damage|p2a: Hatterene|69/100
|
|upkeep
|turn|2
|
|switch|p1a: Corviknight|Corviknight, M|100/100
|-ability|p1a: Corviknight|Pressure
|move|p2a: Hatterene|Calm Mind|p2a: Hatterene
|-boost|p2a: Hatterene|spa|1
|-boost|p2a: Hatterene|spd|1
|
|upkeep
|turn|3
|
|move|p1a: Corviknight|Iron Head|p2a: Hatterene
|-supereffective|p2a: Hatterene
|-crit|p2a: Hatterene
|-damage|p2a: Hatterene|6/100
|move|p2a: Hatterene|Mystical Fire|p1a: Corviknight
|-supereffective|p1a: Corviknight
|-damage|p1a: Corviknight|54/100
|-unboost|p1a: Corviknight|spa|1
|
|-heal|p1a: Corviknight|61/100|[from] item: Leftovers
|upkeep
|turn|4
|
|move|p1a: Corviknight|Iron Head|p2a: Hatterene
|-supereffective|p2a: Hatterene
|-damage|p2a: Hatterene|0 fnt
|faint|p2a: Hatterene
|
|-heal|p1a: Corviknight|67/100|[from] item: Leftovers
|upkeep
|
|switch|p2a: Charizard|Charizard, M, shiny|100/100
|turn|5
|
|switch|p1a: Hawlucha|Hawlucha, F|100/100
|move|p2a: Charizard|Blaze Kick|p1a: Hawlucha
|-damage|p1a: Hawlucha|63/100
|
|upkeep
|turn|6
|
|switch|p2a: Aegislash|Aegislash, M, shiny|100/100
|move|p1a: Hawlucha|Acrobatics|p2a: Aegislash
|-resisted|p2a: Aegislash
|-damage|p2a: Aegislash|91/100
|
|upkeep
|turn|7
|
|move|p1a: Hawlucha|Swords Dance|p1a: Hawlucha
|-boost|p1a: Hawlucha|atk|2
|-formechange|p2a: Aegislash|Aegislash-Blade||[from] ability: Stance Change
|move|p2a: Aegislash|Flash Cannon|p1a: Hawlucha
|-damage|p1a: Hawlucha|2/100
|-unboost|p1a: Hawlucha|spd|1
|-enditem|p1a: Hawlucha|Sitrus Berry|[eat]
|-heal|p1a: Hawlucha|27/100|[from] item: Sitrus Berry
|
|upkeep
|turn|8
|
|-formechange|p2a: Aegislash|Aegislash||[from] ability: Stance Change
|move|p2a: Aegislash|King's Shield|p2a: Aegislash
|-singleturn|p2a: Aegislash|Protect
|move|p1a: Hawlucha|Substitute|p1a: Hawlucha
|-start|p1a: Hawlucha|Substitute
|-damage|p1a: Hawlucha|2/100
|
|upkeep
|turn|9
|
|move|p1a: Hawlucha|Acrobatics|p2a: Aegislash
|-resisted|p2a: Aegislash
|-damage|p2a: Aegislash|54/100
|-formechange|p2a: Aegislash|Aegislash-Blade||[from] ability: Stance Change
|move|p2a: Aegislash|Flash Cannon|p1a: Hawlucha
|-end|p1a: Hawlucha|Substitute
|
|upkeep
|turn|10
|
|-formechange|p2a: Aegislash|Aegislash||[from] ability: Stance Change
|move|p2a: Aegislash|King's Shield|p2a: Aegislash
|-singleturn|p2a: Aegislash|Protect
|move|p1a: Hawlucha|Acrobatics|p2a: Aegislash
|-activate|p2a: Aegislash|move: Protect
|-unboost|p1a: Hawlucha|atk|1
|
|upkeep
|turn|11
|
|move|p1a: Hawlucha|Acrobatics|p2a: Aegislash
|-resisted|p2a: Aegislash
|-damage|p2a: Aegislash|26/100
|-enditem|p2a: Aegislash|Sitrus Berry|[eat]
|-heal|p2a: Aegislash|51/100|[from] item: Sitrus Berry
|-formechange|p2a: Aegislash|Aegislash-Blade||[from] ability: Stance Change
|move|p2a: Aegislash|Flash Cannon|p1a: Hawlucha
|-damage|p1a: Hawlucha|0 fnt
|faint|p1a: Hawlucha
|
|upkeep
|
|switch|p1a: Clefable|Clefable, M|100/100
|turn|12
|
|-formechange|p2a: Aegislash|Aegislash||[from] ability: Stance Change
|move|p2a: Aegislash|King's Shield|p2a: Aegislash
|-singleturn|p2a: Aegislash|Protect
|move|p1a: Clefable|Stealth Rock|p2a: Aegislash
|-sidestart|p2: LizardoDrako|move: Stealth Rock
|
|upkeep
|turn|13
|
|move|p1a: Clefable|Fire Blast|p2a: Aegislash|[miss]
|-miss|p1a: Clefable|p2a: Aegislash
|-formechange|p2a: Aegislash|Aegislash-Blade||[from] ability: Stance Change
|move|p2a: Aegislash|Flash Cannon|p1a: Clefable
|-supereffective|p1a: Clefable
|-enditem|p1a: Clefable|Focus Sash
|-damage|p1a: Clefable|1/100
|-unboost|p1a: Clefable|spd|1
|
|upkeep
|turn|14
|
|-formechange|p2a: Aegislash|Aegislash||[from] ability: Stance Change
|move|p2a: Aegislash|King's Shield|p2a: Aegislash
|-singleturn|p2a: Aegislash|Protect
|move|p1a: Clefable|Fire Blast|p2a: Aegislash
|-activate|p2a: Aegislash|move: Protect
|
|upkeep
|turn|15
|
|move|p1a: Clefable|Fire Blast|p2a: Aegislash
|-supereffective|p2a: Aegislash
|-damage|p2a: Aegislash|0 fnt
|faint|p2a: Aegislash
|
|upkeep
|
|switch|p2a: Morpeko|Morpeko, M|100/100
|-damage|p2a: Morpeko|88/100|[from] Stealth Rock
|turn|16
|
|move|p2a: Morpeko|Rapid Spin|p1a: Clefable
|-damage|p1a: Clefable|0 fnt
|-sideend|p2: LizardoDrako|Stealth Rock|[from] move: Rapid Spin|[of] p2a: Morpeko
|-boost|p2a: Morpeko|spe|1
|-damage|p2a: Morpeko|78/100|[from] item: Life Orb
|faint|p1a: Clefable
|
|-formechange|p2a: Morpeko|Morpeko-Hangry||[from] ability: Hunger Switch
|upkeep
|
|switch|p1a: Mimikyu|Mimikyu, M|100/100
|turn|17
|
|move|p2a: Morpeko|Parting Shot|p1a: Mimikyu
|-unboost|p1a: Mimikyu|atk|1
|-unboost|p1a: Mimikyu|spa|1
|
|switch|p2a: Corviknight|Corviknight, M|100/100|[from]move: Parting Shot
|move|p1a: Mimikyu|Play Rough|p2a: Corviknight
|-resisted|p2a: Corviknight
|-damage|p2a: Corviknight|91/100
|
|-heal|p2a: Corviknight|98/100|[from] item: Leftovers
|upkeep
|turn|18
|
|move|p1a: Mimikyu|Will-O-Wisp|p2a: Corviknight
|-status|p2a: Corviknight|brn
|move|p2a: Corviknight|Brave Bird|p1a: Mimikyu
|-activate|p1a: Mimikyu|ability: Disguise
|-damage|p1a: Mimikyu|100/100
|detailschange|p1a: Mimikyu|Mimikyu-Busted, M
|-damage|p1a: Mimikyu|88/100|[from] ability: Disguise|[of] p1a: Mimikyu
|
|-heal|p1a: Mimikyu|94/100|[from] item: Leftovers
|-heal|p2a: Corviknight|100/100 brn|[from] item: Leftovers
|-damage|p2a: Corviknight|94/100 brn|[from] brn
|upkeep
|turn|19
|
|switch|p1a: Corviknight|Corviknight, M|67/100
|-ability|p1a: Corviknight|Pressure
|move|p2a: Corviknight|Bulk Up|p2a: Corviknight
|-boost|p2a: Corviknight|atk|1
|-boost|p2a: Corviknight|def|1
|
|-heal|p2a: Corviknight|100/100 brn|[from] item: Leftovers
|-heal|p1a: Corviknight|73/100|[from] item: Leftovers
|-damage|p2a: Corviknight|94/100 brn|[from] brn
|upkeep
|turn|20
|
|move|p2a: Corviknight|Body Press|p1a: Corviknight
|-damage|p1a: Corviknight|60/100
|move|p1a: Corviknight|Bulk Up|p1a: Corviknight
|-boost|p1a: Corviknight|atk|1
|-boost|p1a: Corviknight|def|1
|
|-heal|p2a: Corviknight|100/100 brn|[from] item: Leftovers
|-heal|p1a: Corviknight|66/100|[from] item: Leftovers
|-damage|p2a: Corviknight|94/100 brn|[from] brn
|upkeep
|turn|21
|
|switch|p2a: Morpeko|Morpeko, M|78/100
|move|p1a: Corviknight|Roost|p1a: Corviknight
|-heal|p1a: Corviknight|100/100
|-singleturn|p1a: Corviknight|move: Roost
|
|-formechange|p2a: Morpeko|Morpeko-Hangry||[from] ability: Hunger Switch
|upkeep
|turn|22
|
|move|p2a: Morpeko|Aura Wheel|p1a: Corviknight
|-damage|p1a: Corviknight|68/100
|-boost|p2a: Morpeko|spe|1
|-damage|p2a: Morpeko|69/100|[from] item: Life Orb
|move|p1a: Corviknight|Iron Head|p2a: Morpeko
|-resisted|p2a: Morpeko
|-damage|p2a: Morpeko|31/100
|
|-heal|p1a: Corviknight|74/100|[from] item: Leftovers
|-formechange|p2a: Morpeko|Morpeko||[from] ability: Hunger Switch
|upkeep
|turn|23
|
|switch|p1a: Diggersby|Diggersby, M|100/100
|move|p2a: Morpeko|Aura Wheel|p1a: Diggersby
|-immune|p1a: Diggersby
|
|-formechange|p2a: Morpeko|Morpeko-Hangry||[from] ability: Hunger Switch
|upkeep
|turn|24
|
|move|p1a: Diggersby|Quick Attack|p2a: Morpeko
|-damage|p2a: Morpeko|0 fnt
|faint|p2a: Morpeko
|
|upkeep
|
|switch|p2a: Sirfetch'd|Sirfetch'd, M|100/100
|turn|25
|
|switch|p1a: Mimikyu|Mimikyu-Busted, M|94/100
|move|p2a: Sirfetch'd|Close Combat|p1a: Mimikyu
|-resisted|p1a: Mimikyu
|-crit|p1a: Mimikyu
|-damage|p1a: Mimikyu|10/100
|-unboost|p2a: Sirfetch'd|def|1
|-unboost|p2a: Sirfetch'd|spd|1
|
|-heal|p1a: Mimikyu|16/100|[from] item: Leftovers
|upkeep
|turn|26
|
|switch|p2a: Corviknight|Corviknight, M|94/100 brn
|move|p1a: Mimikyu|Will-O-Wisp|p2a: Corviknight
|-fail|p2a: Corviknight|brn
|
|-heal|p1a: Mimikyu|22/100|[from] item: Leftovers
|-heal|p2a: Corviknight|100/100 brn|[from] item: Leftovers
|-damage|p2a: Corviknight|94/100 brn|[from] brn
|upkeep
|turn|27
|
|switch|p1a: Diggersby|Diggersby, M|100/100
|move|p2a: Corviknight|Brave Bird|p1a: Diggersby
|-damage|p1a: Diggersby|75/100
|-damage|p2a: Corviknight|88/100 brn|[from] Recoil
|
|-heal|p2a: Corviknight|94/100 brn|[from] item: Leftovers
|-damage|p2a: Corviknight|88/100 brn|[from] brn
|upkeep
|turn|28
|
|move|p1a: Diggersby|Swords Dance|p1a: Diggersby
|-boost|p1a: Diggersby|atk|2
|move|p2a: Corviknight|Body Press|p1a: Diggersby
|-supereffective|p1a: Diggersby
|-damage|p1a: Diggersby|46/100
|
|-heal|p2a: Corviknight|94/100 brn|[from] item: Leftovers
|-damage|p2a: Corviknight|88/100 brn|[from] brn
|upkeep
|turn|29
|
|move|p1a: Diggersby|Fire Punch|p2a: Corviknight
|-supereffective|p2a: Corviknight
|-damage|p2a: Corviknight|0 fnt
|faint|p2a: Corviknight
|
|upkeep
|
|switch|p2a: Sirfetch'd|Sirfetch'd, M|100/100
|turn|30
|
|move|p2a: Sirfetch'd|First Impression|p1a: Diggersby
|-crit|p1a: Diggersby
|-damage|p1a: Diggersby|0 fnt
|faint|p1a: Diggersby
|
|upkeep
|
|switch|p1a: Mimikyu|Mimikyu-Busted, M|22/100
|turn|31
|
|move|p1a: Mimikyu|Play Rough|p2a: Sirfetch'd
|-supereffective|p2a: Sirfetch'd
|-damage|p2a: Sirfetch'd|9/100
|-unboost|p2a: Sirfetch'd|atk|1
|move|p2a: Sirfetch'd|Knock Off|p1a: Mimikyu
|-crit|p1a: Mimikyu
|-damage|p1a: Mimikyu|0 fnt
|-enditem|p1a: Mimikyu|Leftovers|[from] move: Knock Off|[of] p2a: Sirfetch'd
|faint|p1a: Mimikyu
|
|upkeep
|
|switch|p1a: Corviknight|Corviknight, M|74/100
|-ability|p1a: Corviknight|Pressure
|turn|32
|
|move|p2a: Sirfetch'd|Close Combat|p1a: Corviknight
|-damage|p1a: Corviknight|35/100
|-unboost|p2a: Sirfetch'd|def|1
|-unboost|p2a: Sirfetch'd|spd|1
|move|p1a: Corviknight|Roost|p1a: Corviknight
|-heal|p1a: Corviknight|85/100
|-singleturn|p1a: Corviknight|move: Roost
|
|-heal|p1a: Corviknight|91/100|[from] item: Leftovers
|upkeep
|turn|33
|
|move|p2a: Sirfetch'd|Knock Off|p1a: Corviknight
|-crit|p1a: Corviknight
|-damage|p1a: Corviknight|44/100
|-enditem|p1a: Corviknight|Leftovers|[from] move: Knock Off|[of] p2a: Sirfetch'd
|move|p1a: Corviknight|Bulk Up|p1a: Corviknight
|-boost|p1a: Corviknight|atk|1
|-boost|p1a: Corviknight|def|1
|
|upkeep
|turn|34
|
|move|p2a: Sirfetch'd|Close Combat|p1a: Corviknight
|-crit|p1a: Corviknight
|-damage|p1a: Corviknight|0 fnt
|-unboost|p2a: Sirfetch'd|def|1
|-unboost|p2a: Sirfetch'd|spd|1
|faint|p1a: Corviknight
|
|upkeep
|
|switch|p1a: Ditto|Ditto|100/100
|-transform|p1a: Ditto|p2a: Sirfetch'd|[from] ability: Imposter
|turn|35
|
|move|p1a: Ditto|Poison Jab|p2a: Sirfetch'd
|-damage|p2a: Sirfetch'd|0 fnt
|faint|p2a: Sirfetch'd
|
|upkeep
|
|switch|p2a: Charizard|Charizard, M, shiny|100/100
|turn|36
|
|move|p2a: Charizard|Dragon Dance|p2a: Charizard
|-boost|p2a: Charizard|atk|1
|-boost|p2a: Charizard|spe|1
|move|p1a: Ditto|Poison Jab|p2a: Charizard
|-damage|p2a: Charizard|69/100
|
|upkeep
|turn|37
|
|move|p2a: Charizard|Fling|p1a: Ditto
|-enditem|p2a: Charizard|Razor Fang|[from] move: Fling
|-resisted|p1a: Ditto
|-crit|p1a: Ditto
|-damage|p1a: Ditto|81/100
|cant|p1a: Ditto|flinch
|
|upkeep
|turn|38
|
|move|p2a: Charizard|Acrobatics|p1a: Ditto
|-supereffective|p1a: Ditto
|-damage|p1a: Ditto|0 fnt
|faint|p1a: Ditto
|
|win|LizardoDrako
|l|☆diggersboy660
|raw|diggersboy660's rating: 1676 → 1647(-29 for losing)
|raw|LizardoDrako's rating: 1502 → 1531(+29 for winning)
