|ScrapeTime|2020-01-01-04:26:46
|j|☆RenegadeWinds111
|j|☆Flowmike
|player|p1|RenegadeWinds111|262|1444
|player|p2|Flowmike|riley|1405
|teamsize|p1|6
|teamsize|p2|6
|gametype|singles
|gen|8
|tier|[Gen 8] OU
|rated|
|rule|Sleep Clause Mod: Limit one foe put to sleep
|rule|Species Clause: Limit one of each Pokémon
|rule|OHKO Clause: OHKO moves are banned
|rule|Evasion Moves Clause: Evasion moves are banned
|rule|Endless Battle Clause: Forcing endless battles is banned
|rule|HP Percentage Mod: HP is shown in percentages
|clearpoke
|poke|p1|Aegislash, M|
|poke|p1|Clefable, F|
|poke|p1|Conkeldurr, M|
|poke|p1|Mandibuzz, F|
|poke|p1|Seismitoad, M|
|poke|p1|Hydreigon, M|
|poke|p2|Toxtricity-Low-Key, F|
|poke|p2|Corsola-Galar, M|
|poke|p2|Eldegoss, M|
|poke|p2|Dracovish|
|poke|p2|Polteageist|
|poke|p2|Obstagoon, F|
|rule|Dynamax Clause: You cannot dynamax
|teampreview
|inactive|Battle timer is ON: inactive players will automatically lose when time's up. (requested by Flowmike)
|
|start
|switch|p1a: Hydreigon|Hydreigon, M|100/100
|switch|p2a: Eldegoss|Eldegoss, M|100/100
|turn|1
|
|move|p1a: Hydreigon|Draco Meteor|p2a: Eldegoss
|-damage|p2a: Eldegoss|59/100
|-unboost|p1a: Hydreigon|spa|2
|move|p2a: Eldegoss|Sleep Powder|p1a: Hydreigon
|-status|p1a: Hydreigon|slp|[from] move: Sleep Powder
|
|-heal|p2a: Eldegoss|65/100|[from] item: Leftovers
|upkeep
|turn|2
|
|switch|p1a: Conkeldurr|Conkeldurr, M|100/100
|move|p2a: Eldegoss|Leech Seed|p1a: Conkeldurr
|-start|p1a: Conkeldurr|move: Leech Seed
|
|-heal|p2a: Eldegoss|71/100|[from] item: Leftovers
|-damage|p1a: Conkeldurr|88/100|[from] Leech Seed|[of] p2a: Eldegoss
|-heal|p2a: Eldegoss|86/100|[silent]
|upkeep
|turn|3
|
|switch|p2a: Corsola|Corsola-Galar, M|100/100
|switch|p1a: Seismitoad|Seismitoad, M|100/100
|
|upkeep
|turn|4
|
|move|p1a: Seismitoad|Stealth Rock|p2a: Corsola
|-sidestart|p2: Flowmike|move: Stealth Rock
|move|p2a: Corsola|Will-O-Wisp|p1a: Seismitoad
|-status|p1a: Seismitoad|brn
|
|-damage|p1a: Seismitoad|94/100 brn|[from] brn
|upkeep
|turn|5
|
|switch|p1a: Clefable|Clefable, F|100/100
|move|p2a: Corsola|Stealth Rock|p1a: Clefable
|-sidestart|p1: RenegadeWinds111|move: Stealth Rock
|
|upkeep
|turn|6
|
|switch|p2a: Eldegoss|Eldegoss, M|100/100
|-damage|p2a: Eldegoss|88/100|[from] Stealth Rock
|move|p1a: Clefable|Aromatherapy|p1a: Clefable
|-activate|p1a: Clefable|move: Aromatherapy
|-curestatus|p1: Seismitoad|brn|[msg]
|-curestatus|p1: Hydreigon|slp|[msg]
|
|-heal|p2a: Eldegoss|94/100|[from] item: Leftovers
|upkeep
|turn|7
|
|switch|p1a: Aegislash|Aegislash, M|100/100
|-damage|p1a: Aegislash|94/100|[from] Stealth Rock
|move|p2a: Eldegoss|Rapid Spin|p1a: Aegislash
|-immune|p1a: Aegislash
|
|-heal|p2a: Eldegoss|100/100|[from] item: Leftovers
|upkeep
|turn|8
|
|move|p1a: Aegislash|Swords Dance|p1a: Aegislash
|-boost|p1a: Aegislash|atk|2
|move|p2a: Eldegoss|Leech Seed|p1a: Aegislash|[miss]
|-miss|p2a: Eldegoss|p1a: Aegislash
|
|upkeep
|turn|9
|
|-formechange|p1a: Aegislash|Aegislash-Blade||[from] ability: Stance Change
|move|p1a: Aegislash|Shadow Sneak|p2a: Eldegoss
|-crit|p2a: Eldegoss
|-damage|p2a: Eldegoss|22/100
|move|p2a: Eldegoss|Sleep Powder|p1a: Aegislash
|-status|p1a: Aegislash|slp|[from] move: Sleep Powder
|
|-heal|p2a: Eldegoss|29/100|[from] item: Leftovers
|upkeep
|turn|10
|
|switch|p1a: Clefable|Clefable, F|100/100
|move|p2a: Eldegoss|Leech Seed|p1a: Clefable|[miss]
|-miss|p2a: Eldegoss|p1a: Clefable
|
|-heal|p2a: Eldegoss|35/100|[from] item: Leftovers
|upkeep
|turn|11
|
|move|p1a: Clefable|Moonblast|p2a: Eldegoss
|-damage|p2a: Eldegoss|13/100
|-unboost|p2a: Eldegoss|spa|1
|move|p2a: Eldegoss|Rapid Spin|p1a: Clefable
|-damage|p1a: Clefable|95/100
|-sideend|p2: Flowmike|Stealth Rock|[from] move: Rapid Spin|[of] p2a: Eldegoss
|-boost|p2a: Eldegoss|spe|1
|
|-heal|p2a: Eldegoss|19/100|[from] item: Leftovers
|-heal|p1a: Clefable|100/100|[from] item: Leftovers
|upkeep
|turn|12
|
|switch|p2a: Obstagoon|Obstagoon, F|100/100
|move|p1a: Clefable|Aromatherapy|p1a: Clefable
|-activate|p1a: Clefable|move: Aromatherapy
|-curestatus|p1: Aegislash|slp|[msg]
|
|-status|p2a: Obstagoon|brn|[from] item: Flame Orb
|upkeep
|turn|13
|
|move|p2a: Obstagoon|Facade|p1a: Clefable
|-damage|p1a: Clefable|0 fnt
|faint|p1a: Clefable
|
|-damage|p2a: Obstagoon|94/100 brn|[from] brn
|upkeep
|
|switch|p1a: Mandibuzz|Mandibuzz, F|100/100
|-damage|p1a: Mandibuzz|75/100|[from] Stealth Rock
|turn|14
|
|move|p2a: Obstagoon|Facade|p1a: Mandibuzz
|-damage|p1a: Mandibuzz|27/100
|-damage|p2a: Obstagoon|78/100 brn|[from] item: Rocky Helmet|[of] p1a: Mandibuzz
|move|p1a: Mandibuzz|Roost|p1a: Mandibuzz
|-heal|p1a: Mandibuzz|77/100
|-singleturn|p1a: Mandibuzz|move: Roost
|
|-damage|p2a: Obstagoon|72/100 brn|[from] brn
|upkeep
|turn|15
|
|move|p2a: Obstagoon|Obstruct|p2a: Obstagoon
|-singleturn|p2a: Obstagoon|Protect
|move|p1a: Mandibuzz|Roost|p1a: Mandibuzz
|-heal|p1a: Mandibuzz|100/100
|-singleturn|p1a: Mandibuzz|move: Roost
|
|-damage|p2a: Obstagoon|66/100 brn|[from] brn
|upkeep
|turn|16
|
|switch|p2a: Toxtricity|Toxtricity-Low-Key, F|100/100
|move|p1a: Mandibuzz|Foul Play|p2a: Toxtricity
|-damage|p2a: Toxtricity|62/100
|
|upkeep
|turn|17
|
|move|p2a: Toxtricity|Boomburst|p1a: Mandibuzz
|-damage|p1a: Mandibuzz|31/100
|move|p1a: Mandibuzz|Foul Play|p2a: Toxtricity
|-damage|p2a: Toxtricity|21/100
|
|upkeep
|turn|18
|
|switch|p1a: Aegislash|Aegislash, M|94/100
|-damage|p1a: Aegislash|88/100|[from] Stealth Rock
|move|p2a: Toxtricity|Boomburst|p1a: Aegislash
|-immune|p1a: Aegislash
|
|upkeep
|turn|19
|
|switch|p2a: Corsola|Corsola-Galar, M|100/100
|-formechange|p1a: Aegislash|Aegislash-Blade||[from] ability: Stance Change
|move|p1a: Aegislash|Shadow Sneak|p2a: Corsola
|-supereffective|p2a: Corsola
|-damage|p2a: Corsola|75/100
|
|upkeep
|turn|20
|
|switch|p1a: Mandibuzz|Mandibuzz, F|31/100
|-damage|p1a: Mandibuzz|6/100|[from] Stealth Rock
|move|p2a: Corsola|Strength Sap|p1a: Mandibuzz
|-unboost|p1a: Mandibuzz|atk|1
|-heal|p2a: Corsola|100/100
|
|upkeep
|turn|21
|
|move|p1a: Mandibuzz|Roost|p1a: Mandibuzz
|-heal|p1a: Mandibuzz|56/100
|-singleturn|p1a: Mandibuzz|move: Roost
|move|p2a: Corsola|Will-O-Wisp|p1a: Mandibuzz
|-status|p1a: Mandibuzz|brn
|
|-damage|p1a: Mandibuzz|50/100 brn|[from] brn
|upkeep
|turn|22
|
|move|p1a: Mandibuzz|Roost|p1a: Mandibuzz
|-heal|p1a: Mandibuzz|99/100 brn
|-singleturn|p1a: Mandibuzz|move: Roost
|move|p2a: Corsola|Night Shade|p1a: Mandibuzz
|-damage|p1a: Mandibuzz|76/100 brn
|
|-damage|p1a: Mandibuzz|70/100 brn|[from] brn
|upkeep
|turn|23
|
|switch|p2a: Obstagoon|Obstagoon, F|66/100 brn
|move|p1a: Mandibuzz|Taunt|p2a: Obstagoon
|-start|p2a: Obstagoon|move: Taunt
|
|-damage|p2a: Obstagoon|60/100 brn|[from] brn
|-damage|p1a: Mandibuzz|64/100 brn|[from] brn
|upkeep
|turn|24
|
|move|p2a: Obstagoon|Knock Off|p1a: Mandibuzz
|-resisted|p1a: Mandibuzz
|-damage|p1a: Mandibuzz|47/100 brn
|-damage|p2a: Obstagoon|43/100 brn|[from] item: Rocky Helmet|[of] p1a: Mandibuzz
|-enditem|p1a: Mandibuzz|Rocky Helmet|[from] move: Knock Off|[of] p2a: Obstagoon
|move|p1a: Mandibuzz|Roost|p1a: Mandibuzz
|-heal|p1a: Mandibuzz|97/100 brn
|-singleturn|p1a: Mandibuzz|move: Roost
|
|-damage|p2a: Obstagoon|37/100 brn|[from] brn
|-damage|p1a: Mandibuzz|91/100 brn|[from] brn
|upkeep
|turn|25
|
|switch|p2a: Eldegoss|Eldegoss, M|52/100
|move|p1a: Mandibuzz|Defog|p2a: Eldegoss
|-unboost|p2a: Eldegoss|evasion|1
|-sideend|p1: RenegadeWinds111|Stealth Rock|[from] move: Defog|[of] p1a: Mandibuzz
|
|-heal|p2a: Eldegoss|58/100|[from] item: Leftovers
|-damage|p1a: Mandibuzz|85/100 brn|[from] brn
|upkeep
|turn|26
|
|move|p1a: Mandibuzz|Taunt|p2a: Eldegoss
|-start|p2a: Eldegoss|move: Taunt
|cant|p2a: Eldegoss|move: Taunt|Leech Seed
|
|-heal|p2a: Eldegoss|64/100|[from] item: Leftovers
|-damage|p1a: Mandibuzz|79/100 brn|[from] brn
|upkeep
|turn|27
|
|switch|p1a: Hydreigon|Hydreigon, M|100/100
|switch|p2a: Corsola|Corsola-Galar, M|100/100
|
|upkeep
|turn|28
|
|move|p1a: Hydreigon|Dark Pulse|p2a: Corsola
|-supereffective|p2a: Corsola
|-damage|p2a: Corsola|44/100
|cant|p2a: Corsola|flinch
|
|upkeep
|turn|29
|
|move|p1a: Hydreigon|Dark Pulse|p2a: Corsola
|-supereffective|p2a: Corsola
|-damage|p2a: Corsola|0 fnt
|-start|p1a: Hydreigon|Disable|Dark Pulse|[from] ability: Cursed Body|[of] p2a: Corsola
|faint|p2a: Corsola
|
|upkeep
|
|switch|p2a: Obstagoon|Obstagoon, F|37/100 brn
|turn|30
|
|switch|p1a: Aegislash|Aegislash, M|88/100
|move|p2a: Obstagoon|Facade|p1a: Aegislash
|-immune|p1a: Aegislash
|
|-damage|p2a: Obstagoon|31/100 brn|[from] brn
|upkeep
|turn|31
|
|move|p1a: Aegislash|King's Shield|p1a: Aegislash
|-singleturn|p1a: Aegislash|Protect
|move|p2a: Obstagoon|Knock Off|p1a: Aegislash
|-activate|p1a: Aegislash|move: Protect
|-unboost|p2a: Obstagoon|atk|1
|
|-damage|p2a: Obstagoon|25/100 brn|[from] brn
|upkeep
|turn|32
|
|switch|p1a: Mandibuzz|Mandibuzz, F|79/100 brn
|move|p2a: Obstagoon|Obstruct||[still]
|-fail|p2a: Obstagoon
|
|-damage|p2a: Obstagoon|19/100 brn|[from] brn
|-damage|p1a: Mandibuzz|72/100 brn|[from] brn
|upkeep
|turn|33
|
|switch|p2a: Toxtricity|Toxtricity-Low-Key, F|21/100
|move|p1a: Mandibuzz|Roost|p1a: Mandibuzz
|-heal|p1a: Mandibuzz|100/100 brn
|-singleturn|p1a: Mandibuzz|move: Roost
|
|-damage|p1a: Mandibuzz|94/100 brn|[from] brn
|upkeep
|turn|34
|
|switch|p1a: Seismitoad|Seismitoad, M|94/100
|move|p2a: Toxtricity|Volt Switch|p1a: Seismitoad
|-immune|p1a: Seismitoad
|
|-heal|p1a: Seismitoad|100/100|[from] item: Leftovers
|upkeep
|turn|35
|
|switch|p2a: Polteageist|Polteageist|100/100
|switch|p1a: Conkeldurr|Conkeldurr, M|88/100
|
|upkeep
|turn|36
|
|move|p2a: Polteageist|Shell Smash|p2a: Polteageist
|-unboost|p2a: Polteageist|def|1
|-unboost|p2a: Polteageist|spd|1
|-boost|p2a: Polteageist|atk|2
|-boost|p2a: Polteageist|spa|2
|-boost|p2a: Polteageist|spe|2
|move|p1a: Conkeldurr|Poison Jab|p2a: Polteageist
|-resisted|p2a: Polteageist
|-damage|p2a: Polteageist|51/100
|-ability|p2a: Polteageist|Weak Armor|boost
|-unboost|p2a: Polteageist|def|1
|-boost|p2a: Polteageist|spe|2
|-status|p2a: Polteageist|psn
|
|-damage|p2a: Polteageist|39/100 psn|[from] psn
|upkeep
|turn|37
|
|switch|p1a: Mandibuzz|Mandibuzz, F|94/100 brn
|move|p2a: Polteageist|Shadow Ball|p1a: Mandibuzz
|-resisted|p1a: Mandibuzz
|-damage|p1a: Mandibuzz|55/100 brn
|
|-damage|p2a: Polteageist|27/100 psn|[from] psn
|-damage|p1a: Mandibuzz|49/100 brn|[from] brn
|upkeep
|turn|38
|
|move|p2a: Polteageist|Shadow Ball|p1a: Mandibuzz
|-resisted|p1a: Mandibuzz
|-damage|p1a: Mandibuzz|11/100 brn
|move|p1a: Mandibuzz|Roost|p1a: Mandibuzz
|-heal|p1a: Mandibuzz|61/100 brn
|-singleturn|p1a: Mandibuzz|move: Roost
|
|-damage|p2a: Polteageist|15/100 psn|[from] psn
|-damage|p1a: Mandibuzz|55/100 brn|[from] brn
|upkeep
|turn|39
|
|move|p2a: Polteageist|Shadow Ball|p1a: Mandibuzz
|-resisted|p1a: Mandibuzz
|-damage|p1a: Mandibuzz|18/100 brn
|move|p1a: Mandibuzz|Roost|p1a: Mandibuzz
|-heal|p1a: Mandibuzz|68/100 brn
|-singleturn|p1a: Mandibuzz|move: Roost
|
|-damage|p2a: Polteageist|2/100 psn|[from] psn
|-damage|p1a: Mandibuzz|62/100 brn|[from] brn
|upkeep
|turn|40
|
|move|p2a: Polteageist|Shadow Ball|p1a: Mandibuzz
|-resisted|p1a: Mandibuzz
|-damage|p1a: Mandibuzz|20/100 brn
|move|p1a: Mandibuzz|Roost|p1a: Mandibuzz
|-heal|p1a: Mandibuzz|70/100 brn
|-singleturn|p1a: Mandibuzz|move: Roost
|
|-damage|p2a: Polteageist|0 fnt|[from] psn
|faint|p2a: Polteageist
|-damage|p1a: Mandibuzz|64/100 brn|[from] brn
|upkeep
|
|switch|p2a: Dracovish|Dracovish|100/100
|turn|41
|
|switch|p1a: Seismitoad|Seismitoad, M|100/100
|move|p2a: Dracovish|Crunch|p1a: Seismitoad
|-damage|p1a: Seismitoad|62/100
|
|-heal|p1a: Seismitoad|68/100|[from] item: Leftovers
|upkeep
|turn|42
|
|switch|p2a: Eldegoss|Eldegoss, M|98/100
|move|p1a: Seismitoad|Stealth Rock|p2a: Eldegoss
|-sidestart|p2: Flowmike|move: Stealth Rock
|
|-heal|p1a: Seismitoad|74/100|[from] item: Leftovers
|-heal|p2a: Eldegoss|100/100|[from] item: Leftovers
|upkeep
|turn|43
|
|switch|p1a: Aegislash|Aegislash, M|88/100
|move|p2a: Eldegoss|Sleep Powder|p1a: Aegislash
|-status|p1a: Aegislash|slp|[from] move: Sleep Powder
|
|upkeep
|turn|44
|
|switch|p1a: Mandibuzz|Mandibuzz, F|64/100 brn
|move|p2a: Eldegoss|Leech Seed|p1a: Mandibuzz
|-start|p1a: Mandibuzz|move: Leech Seed
|
|-damage|p1a: Mandibuzz|52/100 brn|[from] Leech Seed|[of] p2a: Eldegoss
|-damage|p1a: Mandibuzz|46/100 brn|[from] brn
|upkeep
|turn|45
|
|switch|p1a: Aegislash|Aegislash, M|88/100 slp
|move|p2a: Eldegoss|Giga Drain|p1a: Aegislash
|-resisted|p1a: Aegislash
|-damage|p1a: Aegislash|79/100 slp
|
|upkeep
|turn|46
|
|switch|p1a: Conkeldurr|Conkeldurr, M|88/100
|move|p2a: Eldegoss|Leech Seed|p1a: Conkeldurr
|-start|p1a: Conkeldurr|move: Leech Seed
|
|-damage|p1a: Conkeldurr|76/100|[from] Leech Seed|[of] p2a: Eldegoss
|upkeep
|turn|47
|
|move|p2a: Eldegoss|Giga Drain|p1a: Conkeldurr
|-damage|p1a: Conkeldurr|61/100
|move|p1a: Conkeldurr|Poison Jab|p2a: Eldegoss
|-supereffective|p2a: Eldegoss
|-damage|p2a: Eldegoss|25/100
|
|-heal|p2a: Eldegoss|31/100|[from] item: Leftovers
|-damage|p1a: Conkeldurr|48/100|[from] Leech Seed|[of] p2a: Eldegoss
|-heal|p2a: Eldegoss|47/100|[silent]
|upkeep
|turn|48
|
|move|p2a: Eldegoss|Rapid Spin|p1a: Conkeldurr
|-damage|p1a: Conkeldurr|44/100
|-sideend|p2: Flowmike|Stealth Rock|[from] move: Rapid Spin|[of] p2a: Eldegoss
|-boost|p2a: Eldegoss|spe|1
|move|p1a: Conkeldurr|Poison Jab|p2a: Eldegoss
|-supereffective|p2a: Eldegoss
|-damage|p2a: Eldegoss|0 fnt
|faint|p2a: Eldegoss
|
|upkeep
|
|switch|p2a: Dracovish|Dracovish|100/100
|turn|49
|
|switch|p1a: Mandibuzz|Mandibuzz, F|46/100 brn
|move|p2a: Dracovish|Psychic Fangs|p1a: Mandibuzz
|-immune|p1a: Mandibuzz
|
|-damage|p1a: Mandibuzz|39/100 brn|[from] brn
|upkeep
|turn|50
|
|switch|p2a: Toxtricity|Toxtricity-Low-Key, F|21/100
|move|p1a: Mandibuzz|Foul Play|p2a: Toxtricity
|-damage|p2a: Toxtricity|0 fnt
|faint|p2a: Toxtricity
|
|-damage|p1a: Mandibuzz|33/100 brn|[from] brn
|upkeep
|
|switch|p2a: Obstagoon|Obstagoon, F|19/100 brn
|turn|51
|
|move|p2a: Obstagoon|Facade|p1a: Mandibuzz
|-damage|p1a: Mandibuzz|0 fnt
|faint|p1a: Mandibuzz
|
|-damage|p2a: Obstagoon|12/100 brn|[from] brn
|upkeep
|
|switch|p1a: Hydreigon|Hydreigon, M|100/100
|turn|52
|
|move|p1a: Hydreigon|Dark Pulse|p2a: Obstagoon
|-resisted|p2a: Obstagoon
|-damage|p2a: Obstagoon|0 fnt
|faint|p2a: Obstagoon
|
|upkeep
|
|switch|p2a: Dracovish|Dracovish|100/100
|turn|53
|
|move|p1a: Hydreigon|Dark Pulse|p2a: Dracovish
|-damage|p2a: Dracovish|47/100
|move|p2a: Dracovish|Crunch|p1a: Hydreigon
|-resisted|p1a: Hydreigon
|-damage|p1a: Hydreigon|72/100
|
|upkeep
|turn|54
|c|☆RenegadeWinds111|Ggwp
|c|☆Flowmike|Gg
|
|move|p1a: Hydreigon|Dark Pulse|p2a: Dracovish
|-damage|p2a: Dracovish|0 fnt
|faint|p2a: Dracovish
|
|win|RenegadeWinds111
|raw|RenegadeWinds111's rating: 1444 → 1462(+18 for winning)
|raw|Flowmike's rating: 1405 → 1387(-18 for losing)
|l|☆Flowmike
