|ScrapeTime|2020-01-01-02:15:51
|j|☆Lyzus_Christ
|j|☆Kitsmia
|player|p1|Lyzus_Christ|2|1071
|player|p2|Kitsmia|winona-gen3|1082
|teamsize|p1|6
|teamsize|p2|6
|gametype|singles
|gen|8
|tier|[Gen 8] OU
|rated|
|rule|Sleep Clause Mod: Limit one foe put to sleep
|rule|Species Clause: Limit one of each Pokémon
|rule|OHKO Clause: OHKO moves are banned
|rule|Evasion Moves Clause: Evasion moves are banned
|rule|Endless Battle Clause: Forcing endless battles is banned
|rule|HP Percentage Mod: HP is shown in percentages
|clearpoke
|poke|p1|Grimmsnarl, M|
|poke|p1|Ferrothorn, F|
|poke|p1|Dragapult, M|
|poke|p1|Toxtricity, F|
|poke|p1|Dracovish|
|poke|p1|Corviknight, M|
|poke|p2|Mr. Rime, F|
|poke|p2|Cinderace, F|
|poke|p2|Hydreigon, F|
|poke|p2|Sirfetch'd, F|
|poke|p2|Ferrothorn, M|
|poke|p2|Rotom-Wash|
|rule|Dynamax Clause: You cannot dynamax
|teampreview
|
|start
|switch|p1a: Dragapult|Dragapult, M|100/100
|switch|p2a: Hello mate!|Cinderace, F|100/100
|turn|1
|inactive|Battle timer is ON: inactive players will automatically lose when time's up. (requested by Kitsmia)
|
|move|p2a: Hello mate!|Sucker Punch|p1a: Dragapult
|-supereffective|p1a: Dragapult
|-damage|p1a: Dragapult|29/100
|move|p1a: Dragapult|U-turn|p2a: Hello mate!
|-resisted|p2a: Hello mate!
|-damage|p2a: Hello mate!|89/100
|
|switch|p1a: Dracovish|Dracovish|100/100|[from]move: U-turn
|
|upkeep
|turn|2
|
|switch|p2a: Sit on me|Ferrothorn, M, shiny|100/100
|move|p1a: Dracovish|Fishious Rend|p2a: Sit on me
|-resisted|p2a: Sit on me
|-damage|p2a: Sit on me|41/100
|-damage|p1a: Dracovish|88/100|[from] ability: Iron Barbs|[of] p2a: Sit on me
|
|-heal|p2a: Sit on me|47/100|[from] item: Leftovers
|upkeep
|turn|3
|c|☆Kitsmia|*Oh hell naw*
|
|move|p1a: Dracovish|Fishious Rend|p2a: Sit on me
|-resisted|p2a: Sit on me
|-damage|p2a: Sit on me|0 fnt
|-damage|p1a: Dracovish|76/100|[from] ability: Iron Barbs|[of] p2a: Sit on me
|faint|p2a: Sit on me
|
|upkeep
|c|☆Kitsmia|*scream*
|inactive|Kitsmia has 120 seconds left.
|
|switch|p2a: :)|Rotom-Wash|100/100
|turn|4
|c|☆Lyzus_Christ|No one can stop the hybrid from hell
|
|switch|p1a: Ferrothorn|Ferrothorn, F|100/100
|move|p2a: :)|Reflect|p2a: :)
|-sidestart|p2: Kitsmia|Reflect
|
|upkeep
|turn|5
|c|☆Kitsmia|mf dont even have arms
|
|switch|p2a: I don't care SIR|Sirfetch'd, F|100/100
|move|p1a: Ferrothorn|Toxic|p2a: I don't care SIR|[miss]
|-miss|p1a: Ferrothorn|p2a: I don't care SIR
|
|upkeep
|turn|6
|c|☆Lyzus_Christ|But it has T E E T H
|
|move|p2a: I don't care SIR|Close Combat|p1a: Ferrothorn
|-supereffective|p1a: Ferrothorn
|-damage|p1a: Ferrothorn|0 fnt
|-damage|p2a: I don't care SIR|88/100|[from] ability: Iron Barbs|[of] p1a: Ferrothorn
|-damage|p2a: I don't care SIR|71/100|[from] item: Rocky Helmet|[of] p1a: Ferrothorn
|-unboost|p2a: I don't care SIR|def|1
|-unboost|p2a: I don't care SIR|spd|1
|faint|p1a: Ferrothorn
|
|upkeep
|
|switch|p1a: Toxtricity|Toxtricity, F|100/100
|turn|7
|c|☆Kitsmia|Damn sir fetch
|
|switch|p2a: Edgy|Hydreigon, F|100/100
|move|p1a: Toxtricity|Volt Switch|p2a: Edgy
|-resisted|p2a: Edgy
|-damage|p2a: Edgy|80/100
|
|switch|p1a: Grimmsnarl|Grimmsnarl, M|100/100|[from]move: Volt Switch
|
|upkeep
|turn|8
|
|move|p1a: Grimmsnarl|Thunder Wave|p2a: Edgy
|-hint|Since gen 7, Dark is immune to Prankster moves.
|-immune|p2a: Edgy
|move|p2a: Edgy|Flash Cannon|p1a: Grimmsnarl
|-supereffective|p1a: Grimmsnarl
|-damage|p1a: Grimmsnarl|53/100
|
|-sideend|p2: Kitsmia|Reflect
|upkeep
|turn|9
|c|☆Kitsmia|XD
|
|switch|p2a: :)|Rotom-Wash|100/100
|move|p1a: Grimmsnarl|Light Screen|p1a: Grimmsnarl
|-sidestart|p1: Lyzus_Christ|move: Light Screen
|
|upkeep
|turn|10
|
|move|p2a: :)|Reflect|p2a: :)
|-sidestart|p2: Kitsmia|Reflect
|move|p1a: Grimmsnarl|Spirit Break|p2a: :)
|-damage|p2a: :)|86/100
|-unboost|p2a: :)|spa|1
|
|-heal|p2a: :)|92/100|[from] item: Leftovers
|upkeep
|turn|11
|
|switch|p1a: Corviknight|Corviknight, M|100/100
|move|p2a: :)|Light Screen|p2a: :)
|-sidestart|p2: Kitsmia|move: Light Screen
|
|-heal|p2a: :)|98/100|[from] item: Leftovers
|upkeep
|turn|12
|
|move|p2a: :)|Volt Switch|p1a: Corviknight
|-supereffective|p1a: Corviknight
|-damage|p1a: Corviknight|85/100
|
|switch|p2a: Hello mate!|Cinderace, F|89/100|[from]move: Volt Switch
|move|p1a: Corviknight|U-turn|p2a: Hello mate!
|-resisted|p2a: Hello mate!
|-damage|p2a: Hello mate!|81/100
|
|switch|p1a: Dracovish|Dracovish|76/100|[from]move: U-turn
|
|upkeep
|turn|13
|
|move|p2a: Hello mate!|U-turn|p1a: Dracovish
|-damage|p1a: Dracovish|47/100
|
|switch|p2a: Edgy|Hydreigon, F|80/100|[from]move: U-turn
|move|p1a: Dracovish|Fishious Rend|p2a: Edgy
|-resisted|p2a: Edgy
|-damage|p2a: Edgy|32/100
|
|-sideend|p1: Lyzus_Christ|move: Light Screen
|upkeep
|turn|14
|
|move|p2a: Edgy|Dark Pulse|p1a: Dracovish
|-damage|p1a: Dracovish|0 fnt
|faint|p1a: Dracovish
|
|-sideend|p2: Kitsmia|Reflect
|upkeep
|
|switch|p1a: Dragapult|Dragapult, M|29/100
|turn|15
|
|move|p2a: Edgy|Dark Pulse|p1a: Dragapult
|-supereffective|p1a: Dragapult
|-damage|p1a: Dragapult|0 fnt
|faint|p1a: Dragapult
|
|-sideend|p2: Kitsmia|move: Light Screen
|upkeep
|c|☆Kitsmia|;]
|c|☆Lyzus_Christ|Gg friend
|
|switch|p1a: Grimmsnarl|Grimmsnarl, M|53/100
|turn|16
|c|☆Kitsmia|leegit 1 speed point faster than dragapult
|c|☆Kitsmia|lmaoooooooooo
|c|☆Kitsmia|wow..
|
|switch|p2a: :)|Rotom-Wash|98/100
|move|p1a: Grimmsnarl|Light Screen|p1a: Grimmsnarl
|-sidestart|p1: Lyzus_Christ|move: Light Screen
|
|-heal|p2a: :)|100/100|[from] item: Leftovers
|upkeep
|turn|17
|
|switch|p1a: Corviknight|Corviknight, M|85/100
|move|p2a: :)|Reflect|p2a: :)
|-sidestart|p2: Kitsmia|Reflect
|
|-heal|p1a: Corviknight|91/100|[from] item: Leftovers
|upkeep
|turn|18
|
|move|p2a: :)|Light Screen|p2a: :)
|-sidestart|p2: Kitsmia|move: Light Screen
|move|p1a: Corviknight|U-turn|p2a: :)
|-damage|p2a: :)|91/100
|
|switch|p1a: Toxtricity|Toxtricity, F|100/100|[from]move: U-turn
|
|-heal|p2a: :)|97/100|[from] item: Leftovers
|upkeep
|turn|19
|
|move|p1a: Toxtricity|Sludge Wave|p2a: :)
|-damage|p2a: :)|74/100
|move|p2a: :)|Volt Switch|p1a: Toxtricity
|-resisted|p1a: Toxtricity
|-damage|p1a: Toxtricity|90/100
|-message|Lyzus_Christ forfeited.
|
|win|Kitsmia
|l|☆Lyzus_Christ
