|ScrapeTime|2020-01-01-04:15:38
|j|☆minggongzero
|j|☆JPGuapo
|player|p1|minggongzero|169|1399
|player|p2|JPGuapo|1|1326
|teamsize|p1|6
|teamsize|p2|6
|gametype|singles
|gen|8
|tier|[Gen 8] OU
|rated|
|rule|Sleep Clause Mod: Limit one foe put to sleep
|rule|Species Clause: Limit one of each Pokémon
|rule|OHKO Clause: OHKO moves are banned
|rule|Evasion Moves Clause: Evasion moves are banned
|rule|Endless Battle Clause: Forcing endless battles is banned
|rule|HP Percentage Mod: HP is shown in percentages
|clearpoke
|poke|p1|Pelipper, F|
|poke|p1|Bisharp, M|
|poke|p1|Ludicolo, M|
|poke|p1|Dracovish|
|poke|p1|Seismitoad, F|
|poke|p1|Frosmoth, M|
|poke|p2|Dragapult, M|
|poke|p2|Bisharp, M|
|poke|p2|Cinderace, M|
|poke|p2|Corviknight, F|
|poke|p2|Rotom-Wash|
|poke|p2|Espeon, F|
|rule|Dynamax Clause: You cannot dynamax
|teampreview
|
|start
|switch|p1a: Seismitoad|Seismitoad, F|100/100
|switch|p2a: Bisharp|Bisharp, M|100/100
|turn|1
|
|switch|p2a: Corviknight|Corviknight, F|100/100
|-ability|p2a: Corviknight|Pressure
|move|p1a: Seismitoad|Scald|p2a: Corviknight
|-damage|p2a: Corviknight|82/100
|
|-heal|p2a: Corviknight|89/100|[from] item: Leftovers
|upkeep
|turn|2
|
|move|p2a: Corviknight|Substitute|p2a: Corviknight
|-start|p2a: Corviknight|Substitute
|-damage|p2a: Corviknight|64/100
|move|p1a: Seismitoad|Stealth Rock|p2a: Corviknight
|-sidestart|p2: JPGuapo|move: Stealth Rock
|
|-heal|p2a: Corviknight|70/100|[from] item: Leftovers
|upkeep
|turn|3
|
|switch|p1a: Bisharp|Bisharp, M|100/100
|move|p2a: Corviknight|Bulk Up|p2a: Corviknight
|-boost|p2a: Corviknight|atk|1
|-boost|p2a: Corviknight|def|1
|
|-heal|p2a: Corviknight|76/100|[from] item: Leftovers
|upkeep
|turn|4
|
|move|p1a: Bisharp|Swords Dance|p1a: Bisharp
|-boost|p1a: Bisharp|atk|2
|move|p2a: Corviknight|Bulk Up|p2a: Corviknight
|-boost|p2a: Corviknight|atk|1
|-boost|p2a: Corviknight|def|1
|
|-heal|p2a: Corviknight|82/100|[from] item: Leftovers
|upkeep
|turn|5
|
|move|p1a: Bisharp|Throat Chop|p2a: Corviknight
|-end|p2a: Corviknight|Substitute
|move|p2a: Corviknight|Bulk Up|p2a: Corviknight
|-boost|p2a: Corviknight|atk|1
|-boost|p2a: Corviknight|def|1
|
|-heal|p2a: Corviknight|89/100|[from] item: Leftovers
|upkeep
|turn|6
|
|move|p1a: Bisharp|Throat Chop|p2a: Corviknight
|-damage|p2a: Corviknight|55/100
|-start|p2a: Corviknight|Throat Chop|[silent]
|move|p2a: Corviknight|Substitute|p2a: Corviknight
|-start|p2a: Corviknight|Substitute
|-damage|p2a: Corviknight|30/100
|
|-heal|p2a: Corviknight|36/100|[from] item: Leftovers
|upkeep
|turn|7
|
|move|p1a: Bisharp|Throat Chop|p2a: Corviknight
|-end|p2a: Corviknight|Substitute
|move|p2a: Corviknight|Roost|p2a: Corviknight
|-heal|p2a: Corviknight|86/100
|-singleturn|p2a: Corviknight|move: Roost
|
|-heal|p2a: Corviknight|92/100|[from] item: Leftovers
|-end|p2a: Corviknight|Throat Chop|[silent]
|upkeep
|turn|8
|
|move|p1a: Bisharp|Swords Dance|p1a: Bisharp
|-boost|p1a: Bisharp|atk|2
|move|p2a: Corviknight|Brave Bird|p1a: Bisharp
|-resisted|p1a: Bisharp
|-damage|p1a: Bisharp|43/100
|-damage|p2a: Corviknight|80/100|[from] Recoil
|
|-heal|p2a: Corviknight|86/100|[from] item: Leftovers
|upkeep
|turn|9
|
|move|p1a: Bisharp|Throat Chop|p2a: Corviknight
|-damage|p2a: Corviknight|39/100
|-start|p2a: Corviknight|Throat Chop|[silent]
|move|p2a: Corviknight|Brave Bird|p1a: Bisharp
|-resisted|p1a: Bisharp
|-damage|p1a: Bisharp|0 fnt
|-damage|p2a: Corviknight|30/100|[from] Recoil
|faint|p1a: Bisharp
|
|-heal|p2a: Corviknight|36/100|[from] item: Leftovers
|upkeep
|
|switch|p1a: Ludicolo|Ludicolo, M|100/100
|turn|10
|
|move|p1a: Ludicolo|Hydro Pump|p2a: Corviknight
|-damage|p2a: Corviknight|0 fnt
|-damage|p1a: Ludicolo|91/100|[from] item: Life Orb
|faint|p2a: Corviknight
|
|upkeep
|
|switch|p2a: Rotom|Rotom-Wash|100/100
|-damage|p2a: Rotom|88/100|[from] Stealth Rock
|turn|11
|
|switch|p1a: Frosmoth|Frosmoth, M|100/100
|move|p2a: Rotom|Volt Switch|p1a: Frosmoth
|-damage|p1a: Frosmoth|83/100
|
|switch|p2a: Cinderace|Cinderace, M|100/100|[from]move: Volt Switch
|
|upkeep
|turn|12
|
|switch|p1a: Pelipper|Pelipper, F|100/100
|-weather|RainDance|[from] ability: Drizzle|[of] p1a: Pelipper
|move|p2a: Cinderace|Court Change|p2a: Cinderace
|-sideend|p2: JPGuapo|Stealth Rock|[silent]
|-sidestart|p1: minggongzero|Stealth Rock|[silent]
|-activate|p2a: Cinderace|move: Court Change
|
|-weather|RainDance|[upkeep]
|upkeep
|turn|13
|
|move|p2a: Cinderace|U-turn|p1a: Pelipper
|-resisted|p1a: Pelipper
|-damage|p1a: Pelipper|91/100
|
|switch|p2a: Rotom|Rotom-Wash|88/100|[from]move: U-turn
|move|p1a: Pelipper|U-turn|p2a: Rotom
|-damage|p2a: Rotom|80/100
|
|switch|p1a: Ludicolo|Ludicolo, M|91/100|[from]move: U-turn
|-damage|p1a: Ludicolo|78/100|[from] Stealth Rock
|
|-weather|RainDance|[upkeep]
|upkeep
|turn|14
|
|move|p1a: Ludicolo|Giga Drain|p2a: Rotom
|-supereffective|p2a: Rotom
|-damage|p2a: Rotom|0 fnt
|-heal|p1a: Ludicolo|100/100|[from] drain|[of] p2a: Rotom
|-damage|p1a: Ludicolo|91/100|[from] item: Life Orb
|faint|p2a: Rotom
|
|-weather|RainDance|[upkeep]
|upkeep
|
|switch|p2a: Bisharp|Bisharp, M|100/100
|turn|15
|
|move|p2a: Bisharp|Sucker Punch|p1a: Ludicolo
|-damage|p1a: Ludicolo|18/100
|-damage|p2a: Bisharp|91/100|[from] item: Life Orb
|move|p1a: Ludicolo|Hydro Pump|p2a: Bisharp|[miss]
|-miss|p1a: Ludicolo|p2a: Bisharp
|
|-weather|RainDance|[upkeep]
|upkeep
|turn|16
|
|switch|p1a: Dracovish|Dracovish|100/100
|-damage|p1a: Dracovish|88/100|[from] Stealth Rock
|move|p2a: Bisharp|Swords Dance|p2a: Bisharp
|-boost|p2a: Bisharp|atk|2
|
|-weather|RainDance|[upkeep]
|upkeep
|turn|17
|
|move|p2a: Bisharp|Sucker Punch|p1a: Dracovish
|-damage|p1a: Dracovish|0 fnt
|-damage|p2a: Bisharp|81/100|[from] item: Life Orb
|faint|p1a: Dracovish
|
|-weather|RainDance|[upkeep]
|upkeep
|
|switch|p1a: Seismitoad|Seismitoad, F|100/100
|-damage|p1a: Seismitoad|94/100|[from] Stealth Rock
|turn|18
|
|move|p2a: Bisharp|Throat Chop|p1a: Seismitoad
|-damage|p1a: Seismitoad|25/100
|-start|p1a: Seismitoad|Throat Chop|[silent]
|-damage|p2a: Bisharp|71/100|[from] item: Life Orb
|move|p1a: Seismitoad|Scald|p2a: Bisharp
|-damage|p2a: Bisharp|13/100
|
|-weather|RainDance|[upkeep]
|-heal|p1a: Seismitoad|31/100|[from] item: Leftovers
|upkeep
|turn|19
|
|move|p2a: Bisharp|Throat Chop|p1a: Seismitoad
|-damage|p1a: Seismitoad|0 fnt
|-damage|p2a: Bisharp|3/100|[from] item: Life Orb
|faint|p1a: Seismitoad
|
|-weather|none
|upkeep
|
|switch|p1a: Pelipper|Pelipper, F|91/100
|-damage|p1a: Pelipper|66/100|[from] Stealth Rock
|-weather|RainDance|[from] ability: Drizzle|[of] p1a: Pelipper
|turn|20
|
|move|p2a: Bisharp|Sucker Punch|p1a: Pelipper
|-damage|p1a: Pelipper|0 fnt
|-damage|p2a: Bisharp|0 fnt|[from] item: Life Orb
|faint|p1a: Pelipper
|faint|p2a: Bisharp
|
|-weather|RainDance|[upkeep]
|upkeep
|
|switch|p2a: Espeon|Espeon, F|100/100
|switch|p1a: Ludicolo|Ludicolo, M|18/100
|-damage|p1a: Ludicolo|6/100|[from] Stealth Rock
|turn|21
|
|move|p1a: Ludicolo|Giga Drain|p2a: Espeon
|-damage|p2a: Espeon|41/100
|-heal|p1a: Ludicolo|33/100|[from] drain|[of] p2a: Espeon
|-damage|p1a: Ludicolo|23/100|[from] item: Life Orb
|move|p2a: Espeon|Psychic|p1a: Ludicolo
|-damage|p1a: Ludicolo|0 fnt
|faint|p1a: Ludicolo
|
|-weather|RainDance|[upkeep]
|upkeep
|
|switch|p1a: Frosmoth|Frosmoth, M|83/100
|turn|22
|
|move|p2a: Espeon|Psychic|p1a: Frosmoth
|-damage|p1a: Frosmoth|51/100
|move|p1a: Frosmoth|Quiver Dance|p1a: Frosmoth
|-boost|p1a: Frosmoth|spa|1
|-boost|p1a: Frosmoth|spd|1
|-boost|p1a: Frosmoth|spe|1
|
|-weather|RainDance|[upkeep]
|upkeep
|turn|23
|
|move|p1a: Frosmoth|Quiver Dance|p1a: Frosmoth
|-boost|p1a: Frosmoth|spa|1
|-boost|p1a: Frosmoth|spd|1
|-boost|p1a: Frosmoth|spe|1
|move|p2a: Espeon|Psychic|p1a: Frosmoth
|-damage|p1a: Frosmoth|35/100
|
|-weather|RainDance|[upkeep]
|upkeep
|turn|24
|
|move|p1a: Frosmoth|Quiver Dance|p1a: Frosmoth
|-boost|p1a: Frosmoth|spa|1
|-boost|p1a: Frosmoth|spd|1
|-boost|p1a: Frosmoth|spe|1
|move|p2a: Espeon|Psychic|p1a: Frosmoth
|-damage|p1a: Frosmoth|22/100
|
|-weather|RainDance|[upkeep]
|upkeep
|turn|25
|
|move|p1a: Frosmoth|Bug Buzz|p2a: Espeon
|-supereffective|p2a: Espeon
|-damage|p2a: Espeon|0 fnt
|faint|p2a: Espeon
|
|-weather|RainDance|[upkeep]
|upkeep
|
|switch|p2a: Cinderace|Cinderace, M|100/100
|turn|26
|
|move|p1a: Frosmoth|Hurricane|p2a: Cinderace
|-damage|p2a: Cinderace|0 fnt
|faint|p2a: Cinderace
|
|-weather|RainDance|[upkeep]
|upkeep
|
|switch|p2a: Dragapult|Dragapult, M|100/100
|turn|27
|
|move|p1a: Frosmoth|Ice Beam|p2a: Dragapult
|-supereffective|p2a: Dragapult
|-damage|p2a: Dragapult|0 fnt
|faint|p2a: Dragapult
|
|win|minggongzero
|raw|minggongzero's rating: 1399 → 1415(+16 for winning)
|raw|JPGuapo's rating: 1326 → 1310(-16 for losing)
|l|☆JPGuapo
