|ScrapeTime|2020-01-01-03:05:46
|j|☆Tigerchou1998
|j|☆hungham3007
|player|p1|Tigerchou1998|80|1342
|player|p2|hungham3007|1|1322
|teamsize|p1|6
|teamsize|p2|6
|gametype|singles
|gen|8
|tier|[Gen 8] OU
|rated|
|rule|Sleep Clause Mod: Limit one foe put to sleep
|rule|Species Clause: Limit one of each Pokémon
|rule|OHKO Clause: OHKO moves are banned
|rule|Evasion Moves Clause: Evasion moves are banned
|rule|Endless Battle Clause: Forcing endless battles is banned
|rule|HP Percentage Mod: HP is shown in percentages
|clearpoke
|poke|p1|Crawdaunt, F|
|poke|p1|Galvantula, F|
|poke|p1|Hydreigon, F|
|poke|p1|Aegislash, M|
|poke|p1|Dugtrio, M|
|poke|p1|Cinderace, F|
|poke|p2|Conkeldurr, M|
|poke|p2|Corviknight, F|
|poke|p2|Toxapex, M|
|poke|p2|Dragapult, M|
|poke|p2|Cinderace, M|
|poke|p2|Grimmsnarl, M|
|rule|Dynamax Clause: You cannot dynamax
|teampreview
|inactive|Battle timer is ON: inactive players will automatically lose when time's up. (requested by Tigerchou1998)
|
|start
|switch|p1a: Galvantula|Galvantula, F|100/100
|switch|p2a: Cinderace|Cinderace, M|100/100
|turn|1
|
|move|p2a: Cinderace|Pyro Ball|p1a: Galvantula
|-supereffective|p1a: Galvantula
|-enditem|p1a: Galvantula|Focus Sash
|-damage|p1a: Galvantula|1/100
|move|p1a: Galvantula|Volt Switch|p2a: Cinderace
|-damage|p2a: Cinderace|55/100
|
|switch|p1a: Dugtrio|Dugtrio, M|100/100|[from]move: Volt Switch
|
|upkeep
|turn|2
|
|move|p1a: Dugtrio|Earthquake|p2a: Cinderace
|-supereffective|p2a: Cinderace
|-damage|p2a: Cinderace|0 fnt
|faint|p2a: Cinderace
|
|upkeep
|
|switch|p2a: Corviknight|Corviknight, F|100/100
|-ability|p2a: Corviknight|Pressure
|turn|3
|
|switch|p1a: Galvantula|Galvantula, F|1/100
|move|p2a: Corviknight|Bulk Up|p2a: Corviknight
|-boost|p2a: Corviknight|atk|1
|-boost|p2a: Corviknight|def|1
|
|upkeep
|turn|4
|
|move|p1a: Galvantula|Thunder|p2a: Corviknight
|-supereffective|p2a: Corviknight
|-damage|p2a: Corviknight|31/100
|-status|p2a: Corviknight|par
|move|p2a: Corviknight|Brave Bird|p1a: Galvantula
|-damage|p1a: Galvantula|0 fnt
|-damage|p2a: Corviknight|31/100 par|[from] Recoil
|faint|p1a: Galvantula
|
|-heal|p2a: Corviknight|37/100 par|[from] item: Leftovers
|upkeep
|
|switch|p1a: Crawdaunt|Crawdaunt, F|100/100
|turn|5
|
|move|p1a: Crawdaunt|Knock Off|p2a: Corviknight
|-damage|p2a: Corviknight|0 fnt
|-enditem|p2a: Corviknight|Leftovers|[from] move: Knock Off|[of] p1a: Crawdaunt
|-damage|p1a: Crawdaunt|91/100|[from] item: Life Orb
|faint|p2a: Corviknight
|
|upkeep
|inactive|hungham3007 has 120 seconds left.
|
|switch|p2a: Dragapult|Dragapult, M|100/100
|turn|6
|inactive|hungham3007 has 120 seconds left.
|
|switch|p1a: Hydreigon|Hydreigon, F|100/100
|move|p2a: Dragapult|Draco Meteor|p1a: Hydreigon
|-supereffective|p1a: Hydreigon
|-damage|p1a: Hydreigon|0 fnt
|-unboost|p2a: Dragapult|spa|2
|faint|p1a: Hydreigon
|
|upkeep
|
|switch|p1a: Dugtrio|Dugtrio, M|100/100
|turn|7
|
|switch|p2a: Conkeldurr|Conkeldurr, M|100/100
|move|p1a: Dugtrio|Sucker Punch||[still]
|-fail|p1a: Dugtrio
|
|-status|p2a: Conkeldurr|brn|[from] item: Flame Orb
|upkeep
|turn|8
|
|move|p1a: Dugtrio|Stealth Rock|p2a: Conkeldurr
|-sidestart|p2: hungham3007|move: Stealth Rock
|move|p2a: Conkeldurr|Drain Punch|p1a: Dugtrio
|-enditem|p1a: Dugtrio|Focus Sash
|-damage|p1a: Dugtrio|1/100
|
|-damage|p2a: Conkeldurr|94/100 brn|[from] brn
|upkeep
|turn|9
|
|switch|p1a: Aegislash|Aegislash, M|100/100
|move|p2a: Conkeldurr|Drain Punch|p1a: Aegislash
|-immune|p1a: Aegislash
|
|-damage|p2a: Conkeldurr|88/100 brn|[from] brn
|upkeep
|turn|10
|
|-formechange|p1a: Aegislash|Aegislash-Blade||[from] ability: Stance Change
|move|p1a: Aegislash|Shadow Claw|p2a: Conkeldurr
|-damage|p2a: Conkeldurr|31/100 brn
|move|p2a: Conkeldurr|Earthquake|p1a: Aegislash
|-supereffective|p1a: Aegislash
|-damage|p1a: Aegislash|0 fnt
|faint|p1a: Aegislash
|
|-damage|p2a: Conkeldurr|25/100 brn|[from] brn
|upkeep
|
|switch|p1a: Cinderace|Cinderace, F|100/100
|turn|11
|
|move|p1a: Cinderace|Pyro Ball|p2a: Conkeldurr
|-damage|p2a: Conkeldurr|0 fnt
|faint|p2a: Conkeldurr
|
|upkeep
|
|switch|p2a: Dragapult|Dragapult, M|100/100
|-damage|p2a: Dragapult|88/100|[from] Stealth Rock
|turn|12
|
|move|p2a: Dragapult|Draco Meteor|p1a: Cinderace
|-damage|p1a: Cinderace|0 fnt
|-unboost|p2a: Dragapult|spa|2
|faint|p1a: Cinderace
|
|upkeep
|
|switch|p1a: Crawdaunt|Crawdaunt, F|91/100
|turn|13
|
|switch|p2a: Toxapex|Toxapex, M|100/100
|-damage|p2a: Toxapex|88/100|[from] Stealth Rock
|move|p1a: Crawdaunt|Crabhammer|p2a: Toxapex
|-resisted|p2a: Toxapex
|-damage|p2a: Toxapex|60/100
|-damage|p1a: Crawdaunt|81/100|[from] item: Life Orb
|
|-heal|p2a: Toxapex|66/100|[from] item: Black Sludge
|upkeep
|turn|14
|
|move|p1a: Crawdaunt|Knock Off|p2a: Toxapex
|-damage|p2a: Toxapex|10/100
|-enditem|p2a: Toxapex|Black Sludge|[from] move: Knock Off|[of] p1a: Crawdaunt
|-damage|p1a: Crawdaunt|71/100|[from] item: Life Orb
|move|p2a: Toxapex|Recover|p2a: Toxapex
|-heal|p2a: Toxapex|60/100
|
|upkeep
|turn|15
|
|switch|p1a: Dugtrio|Dugtrio, M|1/100
|move|p2a: Toxapex|Scald|p1a: Dugtrio
|-supereffective|p1a: Dugtrio
|-damage|p1a: Dugtrio|0 fnt
|faint|p1a: Dugtrio
|
|upkeep
|-message|Tigerchou1998 forfeited.
|
|win|hungham3007
|l|☆Tigerchou1998
|raw|Tigerchou1998's rating: 1342 → 1321(-21 for losing)
|raw|hungham3007's rating: 1322 → 1344(+22 for winning)
