|ScrapeTime|2020-01-01-02:46:40
|j|☆Helpinghans
|j|☆FRS Tini
|player|p1|Helpinghans|pilot|1765
|player|p2|FRS Tini|cheren-gen5bw2|1721
|teamsize|p1|6
|teamsize|p2|6
|gametype|singles
|gen|8
|tier|[Gen 8] OU
|rated|
|rule|Sleep Clause Mod: Limit one foe put to sleep
|rule|Species Clause: Limit one of each Pokémon
|rule|OHKO Clause: OHKO moves are banned
|rule|Evasion Moves Clause: Evasion moves are banned
|rule|Endless Battle Clause: Forcing endless battles is banned
|rule|HP Percentage Mod: HP is shown in percentages
|clearpoke
|poke|p1|Tyranitar, M|
|poke|p1|Excadrill, F|
|poke|p1|Hatterene, F|
|poke|p1|Reuniclus, F|
|poke|p1|Ferrothorn, M|
|poke|p1|Toxapex, F|
|poke|p2|Aegislash, M|
|poke|p2|Mew|
|poke|p2|Dragapult, F|
|poke|p2|Mimikyu, F|
|poke|p2|Hawlucha, M|
|poke|p2|Hydreigon, F|
|rule|Dynamax Clause: You cannot dynamax
|teampreview
|inactive|Battle timer is ON: inactive players will automatically lose when time's up. (requested by FRS Tini)
|
|start
|switch|p1a: Fallschirms|Excadrill, F|100/100
|switch|p2a: Mew|Mew|100/100
|-item|p1a: Fallschirms|Air Balloon
|turn|1
|
|move|p2a: Mew|Taunt|p1a: Fallschirms
|-start|p1a: Fallschirms|move: Taunt
|move|p1a: Fallschirms|Earthquake|p2a: Mew
|-damage|p2a: Mew|57/100
|-enditem|p2a: Mew|Red Card|[of] p1a: Fallschirms
|drag|p1a: BattlegruppeA|Reuniclus, F|100/100
|
|upkeep
|turn|2
|
|switch|p1a: 8.8cm Flak36|Hatterene, F|100/100
|move|p2a: Mew|Skill Swap|p1a: 8.8cm Flak36
|-activate|p2a: Mew|move: Skill Swap|Magic Bounce|Synchronize|[of] p1a: 8.8cm Flak36
|
|upkeep
|turn|3
|j| Babby Yoda
|j| sasawe
|
|move|p2a: Mew|Stealth Rock|p1a: 8.8cm Flak36
|-sidestart|p1: Helpinghans|move: Stealth Rock
|move|p1a: 8.8cm Flak36|Calm Mind|p1a: 8.8cm Flak36
|-boost|p1a: 8.8cm Flak36|spa|1
|-boost|p1a: 8.8cm Flak36|spd|1
|
|upkeep
|turn|4
|
|move|p2a: Mew|Spikes|p1a: 8.8cm Flak36
|-sidestart|p1: Helpinghans|Spikes
|move|p1a: 8.8cm Flak36|Draining Kiss|p2a: Mew
|-damage|p2a: Mew|30/100
|
|upkeep
|turn|5
|
|move|p2a: Mew|Spikes|p1a: 8.8cm Flak36
|-sidestart|p1: Helpinghans|Spikes
|move|p1a: 8.8cm Flak36|Mystical Fire|p2a: Mew
|-damage|p2a: Mew|1/100
|-unboost|p2a: Mew|spa|1
|
|upkeep
|turn|6
|
|move|p2a: Mew|Spikes|p1a: 8.8cm Flak36
|-sidestart|p1: Helpinghans|Spikes
|move|p1a: 8.8cm Flak36|Psychic|p2a: Mew
|-resisted|p2a: Mew
|-damage|p2a: Mew|0 fnt
|faint|p2a: Mew
|
|upkeep
|
|switch|p2a: Mimikyu|Mimikyu, F|100/100
|turn|7
|
|switch|p1a: Flakviering36|Toxapex, F|100/100
|-damage|p1a: Flakviering36|88/100|[from] Stealth Rock
|-damage|p1a: Flakviering36|64/100|[from] Spikes
|move|p2a: Mimikyu|Swords Dance|p2a: Mimikyu
|-boost|p2a: Mimikyu|atk|2
|
|-heal|p1a: Flakviering36|69/100|[from] item: Black Sludge
|upkeep
|turn|8
|
|move|p2a: Mimikyu|Shadow Claw|p1a: Flakviering36
|-damage|p1a: Flakviering36|31/100
|move|p1a: Flakviering36|Recover|p1a: Flakviering36
|-heal|p1a: Flakviering36|81/100
|
|-heal|p1a: Flakviering36|87/100|[from] item: Black Sludge
|upkeep
|turn|9
|
|move|p2a: Mimikyu|Swords Dance|p2a: Mimikyu
|-boost|p2a: Mimikyu|atk|2
|move|p1a: Flakviering36|Haze|p1a: Flakviering36
|-clearallboost
|
|-heal|p1a: Flakviering36|93/100|[from] item: Black Sludge
|upkeep
|turn|10
|
|switch|p2a: Hydreigon|Hydreigon, F|100/100
|move|p1a: Flakviering36|Scald|p2a: Hydreigon
|-resisted|p2a: Hydreigon
|-crit|p2a: Hydreigon
|-damage|p2a: Hydreigon|87/100
|
|-heal|p1a: Flakviering36|99/100|[from] item: Black Sludge
|upkeep
|turn|11
|
|move|p2a: Hydreigon|Dark Pulse|p1a: Flakviering36
|-damage|p1a: Flakviering36|54/100
|-damage|p2a: Hydreigon|77/100|[from] item: Life Orb
|move|p1a: Flakviering36|Scald|p2a: Hydreigon
|-resisted|p2a: Hydreigon
|-damage|p2a: Hydreigon|68/100
|
|-heal|p1a: Flakviering36|60/100|[from] item: Black Sludge
|upkeep
|turn|12
|
|switch|p1a: Pz.KpfwVI Ausf.E|Tyranitar, M|100/100
|-damage|p1a: Pz.KpfwVI Ausf.E|75/100|[from] Spikes
|-damage|p1a: Pz.KpfwVI Ausf.E|63/100|[from] Stealth Rock
|-weather|Sandstorm|[from] ability: Sand Stream|[of] p1a: Pz.KpfwVI Ausf.E
|move|p2a: Hydreigon|Dark Pulse|p1a: Pz.KpfwVI Ausf.E
|-resisted|p1a: Pz.KpfwVI Ausf.E
|-damage|p1a: Pz.KpfwVI Ausf.E|55/100
|-damage|p2a: Hydreigon|58/100|[from] item: Life Orb
|
|-weather|Sandstorm|[upkeep]
|-damage|p2a: Hydreigon|52/100|[from] Sandstorm
|upkeep
|turn|13
|j|‽Dfer3nt
|j| milokathy
|
|move|p2a: Hydreigon|Draco Meteor|p1a: Pz.KpfwVI Ausf.E
|-damage|p1a: Pz.KpfwVI Ausf.E|32/100
|-unboost|p2a: Hydreigon|spa|2
|-damage|p2a: Hydreigon|42/100|[from] item: Life Orb
|move|p1a: Pz.KpfwVI Ausf.E|Stone Edge|p2a: Hydreigon
|-damage|p2a: Hydreigon|0 fnt
|faint|p2a: Hydreigon
|
|-weather|Sandstorm|[upkeep]
|upkeep
|
|switch|p2a: Hawlucha|Hawlucha, M|100/100
|turn|14
|
|switch|p1a: 8.8cm Flak36|Hatterene, F|100/100
|-damage|p1a: 8.8cm Flak36|88/100|[from] Stealth Rock
|-damage|p1a: 8.8cm Flak36|63/100|[from] Spikes
|move|p2a: Hawlucha|Swords Dance|p2a: Hawlucha
|-boost|p2a: Hawlucha|atk|2
|
|-weather|Sandstorm|[upkeep]
|-damage|p2a: Hawlucha|94/100|[from] Sandstorm
|-damage|p1a: 8.8cm Flak36|57/100|[from] Sandstorm
|-heal|p1a: 8.8cm Flak36|63/100|[from] item: Leftovers
|upkeep
|turn|15
|
|move|p2a: Hawlucha|Throat Chop|p1a: 8.8cm Flak36
|-damage|p1a: 8.8cm Flak36|21/100
|-start|p1a: 8.8cm Flak36|Throat Chop|[silent]
|move|p1a: 8.8cm Flak36|Psychic|p2a: Hawlucha
|-supereffective|p2a: Hawlucha
|-damage|p2a: Hawlucha|0 fnt
|faint|p2a: Hawlucha
|
|-weather|Sandstorm|[upkeep]
|-damage|p1a: 8.8cm Flak36|15/100|[from] Sandstorm
|-heal|p1a: 8.8cm Flak36|21/100|[from] item: Leftovers
|upkeep
|l|‽Dfer3nt
|
|switch|p2a: Aegislash|Aegislash, M|100/100
|-item|p2a: Aegislash|Air Balloon
|turn|16
|
|-formechange|p2a: Aegislash|Aegislash-Blade||[from] ability: Stance Change
|move|p2a: Aegislash|Shadow Claw|p1a: 8.8cm Flak36
|-supereffective|p1a: 8.8cm Flak36
|-damage|p1a: 8.8cm Flak36|0 fnt
|faint|p1a: 8.8cm Flak36
|
|-weather|none
|upkeep
|
|switch|p1a: Flakviering36|Toxapex, F|93/100
|-damage|p1a: Flakviering36|81/100|[from] Stealth Rock
|-damage|p1a: Flakviering36|56/100|[from] Spikes
|turn|17
|
|move|p2a: Aegislash|Swords Dance|p2a: Aegislash
|-boost|p2a: Aegislash|atk|2
|move|p1a: Flakviering36|Scald|p2a: Aegislash
|-damage|p2a: Aegislash|60/100
|-enditem|p2a: Aegislash|Air Balloon
|-status|p2a: Aegislash|brn
|
|-heal|p1a: Flakviering36|62/100|[from] item: Black Sludge
|-damage|p2a: Aegislash|54/100 brn|[from] brn
|upkeep
|turn|18
|
|move|p2a: Aegislash|Shadow Claw|p1a: Flakviering36
|-damage|p1a: Flakviering36|35/100
|move|p1a: Flakviering36|Recover|p1a: Flakviering36
|-heal|p1a: Flakviering36|86/100
|
|-heal|p1a: Flakviering36|92/100|[from] item: Black Sludge
|-damage|p2a: Aegislash|48/100 brn|[from] brn
|upkeep
|turn|19
|
|move|p2a: Aegislash|Shadow Claw|p1a: Flakviering36
|-damage|p1a: Flakviering36|67/100
|move|p1a: Flakviering36|Haze|p1a: Flakviering36
|-clearallboost
|
|-heal|p1a: Flakviering36|73/100|[from] item: Black Sludge
|-damage|p2a: Aegislash|42/100 brn|[from] brn
|upkeep
|turn|20
|
|switch|p1a: Pz.KpfwVI Ausf.E|Tyranitar, M|32/100
|-damage|p1a: Pz.KpfwVI Ausf.E|7/100|[from] Spikes
|-damage|p1a: Pz.KpfwVI Ausf.E|0 fnt|[from] Stealth Rock
|faint|p1a: Pz.KpfwVI Ausf.E
|move|p2a: Aegislash|Shadow Claw|p1: Pz.KpfwVI Ausf.E|[notarget]
|-fail|p2a: Aegislash
|
|-damage|p2a: Aegislash|36/100 brn|[from] brn
|upkeep
|
|switch|p1a: Fallschirms|Excadrill, F|100/100
|-damage|p1a: Fallschirms|97/100|[from] Stealth Rock
|-item|p1a: Fallschirms|Air Balloon
|turn|21
|
|move|p2a: Aegislash|Shadow Sneak|p1a: Fallschirms
|-damage|p1a: Fallschirms|81/100
|-enditem|p1a: Fallschirms|Air Balloon
|move|p1a: Fallschirms|Earthquake|p2a: Aegislash
|-supereffective|p2a: Aegislash
|-damage|p2a: Aegislash|0 fnt
|faint|p2a: Aegislash
|
|upkeep
|
|switch|p2a: Mimikyu|Mimikyu, F|100/100
|turn|22
|
|switch|p1a: Flakviering36|Toxapex, F|100/100
|-damage|p1a: Flakviering36|88/100|[from] Stealth Rock
|-damage|p1a: Flakviering36|64/100|[from] Spikes
|move|p2a: Mimikyu|Swords Dance|p2a: Mimikyu
|-boost|p2a: Mimikyu|atk|2
|
|-heal|p1a: Flakviering36|69/100|[from] item: Black Sludge
|upkeep
|turn|23
|
|move|p1a: Flakviering36|Baneful Bunker|p1a: Flakviering36
|-singleturn|p1a: Flakviering36|move: Protect
|move|p2a: Mimikyu|Shadow Claw|p1a: Flakviering36
|-activate|p1a: Flakviering36|move: Protect
|-status|p2a: Mimikyu|psn
|
|-heal|p1a: Flakviering36|75/100|[from] item: Black Sludge
|-damage|p2a: Mimikyu|88/100 psn|[from] psn
|upkeep
|turn|24
|
|move|p2a: Mimikyu|Swords Dance|p2a: Mimikyu
|-boost|p2a: Mimikyu|atk|2
|move|p1a: Flakviering36|Recover|p1a: Flakviering36
|-heal|p1a: Flakviering36|100/100
|
|-damage|p2a: Mimikyu|76/100 psn|[from] psn
|upkeep
|turn|25
|
|move|p2a: Mimikyu|Shadow Claw|p1a: Flakviering36
|-damage|p1a: Flakviering36|44/100
|move|p1a: Flakviering36|Haze|p1a: Flakviering36
|-clearallboost
|
|-heal|p1a: Flakviering36|50/100|[from] item: Black Sludge
|-damage|p2a: Mimikyu|63/100 psn|[from] psn
|upkeep
|turn|26
|
|switch|p2a: Dragapult|Dragapult, F|100/100
|move|p1a: Flakviering36|Recover|p1a: Flakviering36
|-heal|p1a: Flakviering36|99/100
|
|-heal|p1a: Flakviering36|100/100|[from] item: Black Sludge
|upkeep
|turn|27
|
|move|p2a: Dragapult|Substitute|p2a: Dragapult
|-start|p2a: Dragapult|Substitute
|-damage|p2a: Dragapult|76/100
|move|p1a: Flakviering36|Haze|p1a: Flakviering36
|-clearallboost
|
|upkeep
|turn|28
|
|move|p2a: Dragapult|Dragon Dance|p2a: Dragapult
|-boost|p2a: Dragapult|atk|1
|-boost|p2a: Dragapult|spe|1
|move|p1a: Flakviering36|Haze|p1a: Flakviering36
|-clearallboost
|
|upkeep
|turn|29
|
|move|p1a: Flakviering36|Baneful Bunker|p1a: Flakviering36
|-singleturn|p1a: Flakviering36|move: Protect
|move|p2a: Dragapult|Dragon Darts|p1a: Flakviering36
|-activate|p1a: Flakviering36|move: Protect
|
|upkeep
|turn|30
|
|move|p2a: Dragapult|Dragon Dance|p2a: Dragapult
|-boost|p2a: Dragapult|atk|1
|-boost|p2a: Dragapult|spe|1
|move|p1a: Flakviering36|Haze|p1a: Flakviering36
|-clearallboost
|
|upkeep
|turn|31
|
|move|p2a: Dragapult|Dragon Darts|p1a: Flakviering36
|-damage|p1a: Flakviering36|79/100
|-damage|p1a: Flakviering36|58/100
|-hitcount|p1a: Flakviering36|2
|move|p1a: Flakviering36|Scald|p2a: Dragapult
|-resisted|p2a: Dragapult
|-activate|p2a: Dragapult|move: Substitute|[damage]
|
|-heal|p1a: Flakviering36|64/100|[from] item: Black Sludge
|upkeep
|turn|32
|
|move|p2a: Dragapult|Dragon Darts|p1a: Flakviering36
|-damage|p1a: Flakviering36|45/100
|-damage|p1a: Flakviering36|24/100
|-hitcount|p1a: Flakviering36|2
|move|p1a: Flakviering36|Haze|p1a: Flakviering36
|-clearallboost
|
|-heal|p1a: Flakviering36|30/100|[from] item: Black Sludge
|upkeep
|turn|33
|
|move|p2a: Dragapult|Dragon Dance|p2a: Dragapult
|-boost|p2a: Dragapult|atk|1
|-boost|p2a: Dragapult|spe|1
|move|p1a: Flakviering36|Haze|p1a: Flakviering36
|-clearallboost
|
|-heal|p1a: Flakviering36|36/100|[from] item: Black Sludge
|upkeep
|turn|34
|
|move|p2a: Dragapult|Dragon Darts|p1a: Flakviering36
|-damage|p1a: Flakviering36|16/100
|-damage|p1a: Flakviering36|0 fnt
|-hitcount|p1a: Flakviering36|2
|faint|p1a: Flakviering36
|
|upkeep
|
|switch|p1a: BattlegruppeA|Reuniclus, F|100/100
|-damage|p1a: BattlegruppeA|76/100|[from] Spikes
|-damage|p1a: BattlegruppeA|63/100|[from] Stealth Rock
|turn|35
|
|move|p2a: Dragapult|Dragon Dance|p2a: Dragapult
|-boost|p2a: Dragapult|atk|1
|-boost|p2a: Dragapult|spe|1
|move|p1a: BattlegruppeA|Iron Defense|p1a: BattlegruppeA
|-boost|p1a: BattlegruppeA|def|2
|
|-heal|p1a: BattlegruppeA|69/100|[from] item: Leftovers
|upkeep
|turn|36
|
|move|p2a: Dragapult|Phantom Force||[still]
|-prepare|p2a: Dragapult|Phantom Force|p1a: BattlegruppeA
|move|p1a: BattlegruppeA|Iron Defense|p1a: BattlegruppeA
|-boost|p1a: BattlegruppeA|def|2
|
|-heal|p1a: BattlegruppeA|76/100|[from] item: Leftovers
|upkeep
|turn|37
|
|move|p2a: Dragapult|Phantom Force|p1a: BattlegruppeA|[from]lockedmove
|-supereffective|p1a: BattlegruppeA
|-damage|p1a: BattlegruppeA|43/100
|move|p1a: BattlegruppeA|Iron Defense|p1a: BattlegruppeA
|-boost|p1a: BattlegruppeA|def|2
|
|-heal|p1a: BattlegruppeA|49/100|[from] item: Leftovers
|upkeep
|turn|38
|
|move|p2a: Dragapult|Dragon Dance|p2a: Dragapult
|-boost|p2a: Dragapult|atk|1
|-boost|p2a: Dragapult|spe|1
|move|p1a: BattlegruppeA|Stored Power|p2a: Dragapult
|-end|p2a: Dragapult|Substitute
|
|-heal|p1a: BattlegruppeA|55/100|[from] item: Leftovers
|upkeep
|turn|39
|
|move|p2a: Dragapult|Phantom Force||[still]
|-prepare|p2a: Dragapult|Phantom Force|p1a: BattlegruppeA
|move|p1a: BattlegruppeA|Stored Power|p2a: Dragapult|[miss]
|-miss|p1a: BattlegruppeA|p2a: Dragapult
|
|-heal|p1a: BattlegruppeA|61/100|[from] item: Leftovers
|upkeep
|turn|40
|
|move|p2a: Dragapult|Phantom Force|p1a: BattlegruppeA|[from]lockedmove
|-supereffective|p1a: BattlegruppeA
|-damage|p1a: BattlegruppeA|27/100
|move|p1a: BattlegruppeA|Stored Power|p2a: Dragapult
|-damage|p2a: Dragapult|0 fnt
|faint|p2a: Dragapult
|
|-heal|p1a: BattlegruppeA|33/100|[from] item: Leftovers
|upkeep
|
|switch|p2a: Mimikyu|Mimikyu, F|63/100 psn
|turn|41
|
|move|p2a: Mimikyu|Shadow Claw|p1a: BattlegruppeA
|-supereffective|p1a: BattlegruppeA
|-damage|p1a: BattlegruppeA|21/100
|move|p1a: BattlegruppeA|Stored Power|p2a: Mimikyu
|-crit|p2a: Mimikyu
|-activate|p2a: Mimikyu|ability: Disguise
|-damage|p2a: Mimikyu|63/100 psn
|detailschange|p2a: Mimikyu|Mimikyu-Busted, F
|-damage|p2a: Mimikyu|51/100 psn|[from] ability: Disguise|[of] p2a: Mimikyu
|-enditem|p2a: Mimikyu|Red Card|[of] p1a: BattlegruppeA
|drag|p1a: StuGIII Ausf.H|Ferrothorn, M|100/100
|-damage|p1a: StuGIII Ausf.H|75/100|[from] Spikes
|-damage|p1a: StuGIII Ausf.H|69/100|[from] Stealth Rock
|
|-heal|p1a: StuGIII Ausf.H|75/100|[from] item: Leftovers
|-damage|p2a: Mimikyu|39/100 psn|[from] psn
|upkeep
|turn|42
|
|move|p2a: Mimikyu|Shadow Claw|p1a: StuGIII Ausf.H
|-damage|p1a: StuGIII Ausf.H|57/100
|-damage|p2a: Mimikyu|26/100 psn|[from] ability: Iron Barbs|[of] p1a: StuGIII Ausf.H
|move|p1a: StuGIII Ausf.H|Power Whip|p2a: Mimikyu|[miss]
|-miss|p1a: StuGIII Ausf.H|p2a: Mimikyu
|
|-heal|p1a: StuGIII Ausf.H|64/100|[from] item: Leftovers
|-damage|p2a: Mimikyu|14/100 psn|[from] psn
|upkeep
|turn|43
|c|☆FRS Tini|gg wp
|-message|FRS Tini forfeited.
|
|win|Helpinghans
|raw|Helpinghans's rating: 1765 → 1783(+18 for winning)
|raw|FRS Tini's rating: 1721 → 1704(-17 for losing)
