|ScrapeTime|2020-01-01-02:32:29
|j|☆Wazer-Triix971
|j|☆Pixeldudeplays
|player|p1|Wazer-Triix971|alder|1282
|player|p2|Pixeldudeplays|elesa|1231
|teamsize|p1|6
|teamsize|p2|6
|gametype|singles
|gen|8
|tier|[Gen 8] OU
|rated|
|rule|Sleep Clause Mod: Limit one foe put to sleep
|rule|Species Clause: Limit one of each Pokémon
|rule|OHKO Clause: OHKO moves are banned
|rule|Evasion Moves Clause: Evasion moves are banned
|rule|Endless Battle Clause: Forcing endless battles is banned
|rule|HP Percentage Mod: HP is shown in percentages
|clearpoke
|poke|p1|Bellossom, M|
|poke|p1|Tyranitar, M|
|poke|p1|Corviknight, M|
|poke|p1|Gastrodon, M|
|poke|p1|Chandelure, M|
|poke|p1|Dubwool, F|
|poke|p2|Mamoswine, M|
|poke|p2|Dugtrio, F|
|poke|p2|Dragapult, F|
|poke|p2|Conkeldurr, M|
|poke|p2|Arcanine, F|
|poke|p2|Clefable, F|
|rule|Dynamax Clause: You cannot dynamax
|teampreview
|
|start
|switch|p1a: Dinosaures-Du-Dése|Tyranitar, M|100/100
|switch|p2a: Dugtrio|Dugtrio, F|100/100
|-weather|Sandstorm|[from] ability: Sand Stream|[of] p1a: Dinosaures-Du-Dése
|turn|1
|inactive|Battle timer is ON: inactive players will automatically lose when time's up. (requested by Pixeldudeplays)
|
|move|p2a: Dugtrio|Earthquake|p1a: Dinosaures-Du-Dése
|-supereffective|p1a: Dinosaures-Du-Dése
|-damage|p1a: Dinosaures-Du-Dése|7/100
|move|p1a: Dinosaures-Du-Dése|Crunch|p2a: Dugtrio
|-damage|p2a: Dugtrio|0 fnt
|faint|p2a: Dugtrio
|
|-weather|Sandstorm|[upkeep]
|-heal|p1a: Dinosaures-Du-Dése|13/100|[from] item: Leftovers
|upkeep
|
|switch|p2a: Conkeldurr|Conkeldurr, M|100/100
|turn|2
|
|switch|p1a: Corbeau-D'itachi|Corviknight, M|100/100
|move|p2a: Conkeldurr|Mach Punch|p1a: Corbeau-D'itachi
|-damage|p1a: Corbeau-D'itachi|82/100
|
|-weather|Sandstorm|[upkeep]
|-damage|p2a: Conkeldurr|94/100|[from] Sandstorm
|-heal|p1a: Corbeau-D'itachi|88/100|[from] item: Leftovers
|-status|p2a: Conkeldurr|brn|[from] item: Flame Orb
|upkeep
|turn|3
|
|move|p1a: Corbeau-D'itachi|Brave Bird|p2a: Conkeldurr
|-supereffective|p2a: Conkeldurr
|-damage|p2a: Conkeldurr|10/100 brn
|-damage|p1a: Corbeau-D'itachi|54/100|[from] Recoil
|move|p2a: Conkeldurr|Thunder Punch|p1a: Corbeau-D'itachi
|-supereffective|p1a: Corbeau-D'itachi
|-damage|p1a: Corbeau-D'itachi|0 fnt
|faint|p1a: Corbeau-D'itachi
|
|-weather|Sandstorm|[upkeep]
|-damage|p2a: Conkeldurr|4/100 brn|[from] Sandstorm
|-damage|p2a: Conkeldurr|0 fnt|[from] brn
|faint|p2a: Conkeldurr
|upkeep
|
|switch|p1a: One shot|Chandelure, M|100/100
|switch|p2a: Arcanine|Arcanine, F|100/100
|-ability|p2a: Arcanine|Intimidate|boost
|-unboost|p1a: One shot|atk|1
|turn|4
|
|move|p1a: One shot|Shadow Ball|p2a: Arcanine
|-damage|p2a: Arcanine|56/100
|-unboost|p2a: Arcanine|spd|1
|move|p2a: Arcanine|Overheat|p1a: One shot
|-start|p1a: One shot|ability: Flash Fire
|
|-weather|Sandstorm|[upkeep]
|-damage|p1a: One shot|94/100|[from] Sandstorm
|-damage|p2a: Arcanine|50/100|[from] Sandstorm
|-heal|p2a: Arcanine|56/100|[from] item: Leftovers
|upkeep
|turn|5
|
|switch|p2a: Mamoswine|Mamoswine, M|100/100
|move|p1a: One shot|Shadow Ball|p2a: Mamoswine
|-damage|p2a: Mamoswine|41/100
|
|-weather|none
|upkeep
|turn|6
|
|-end|p1a: One shot|ability: Flash Fire|[silent]
|switch|p1a: IPhone 11|Gastrodon, M|100/100
|move|p2a: Mamoswine|Earthquake|p1a: IPhone 11
|-damage|p1a: IPhone 11|50/100
|
|-heal|p1a: IPhone 11|56/100|[from] item: Leftovers
|upkeep
|turn|7
|
|switch|p2a: Dragapult|Dragapult, F|100/100
|move|p1a: IPhone 11|Scald|p2a: Dragapult
|-resisted|p2a: Dragapult
|-damage|p2a: Dragapult|82/100
|-status|p2a: Dragapult|brn
|
|-heal|p1a: IPhone 11|62/100|[from] item: Leftovers
|-damage|p2a: Dragapult|76/100 brn|[from] brn
|upkeep
|turn|8
|
|move|p2a: Dragapult|Draco Meteor|p1a: IPhone 11
|-crit|p1a: IPhone 11
|-damage|p1a: IPhone 11|0 fnt
|-unboost|p2a: Dragapult|spa|2
|faint|p1a: IPhone 11
|
|-damage|p2a: Dragapult|70/100 brn|[from] brn
|upkeep
|
|switch|p1a: Dinosaures-Du-Dése|Tyranitar, M|13/100
|-weather|Sandstorm|[from] ability: Sand Stream|[of] p1a: Dinosaures-Du-Dése
|turn|9
|
|move|p2a: Dragapult|Draco Meteor|p1a: Dinosaures-Du-Dése
|-damage|p1a: Dinosaures-Du-Dése|0 fnt
|-unboost|p2a: Dragapult|spa|2
|faint|p1a: Dinosaures-Du-Dése
|
|-weather|Sandstorm|[upkeep]
|-damage|p2a: Dragapult|64/100 brn|[from] Sandstorm
|-damage|p2a: Dragapult|58/100 brn|[from] brn
|upkeep
|
|switch|p1a: Et la tu comprend|Bellossom, M|100/100
|turn|10
|
|switch|p2a: Arcanine|Arcanine, F|56/100
|-ability|p2a: Arcanine|Intimidate|boost
|-unboost|p1a: Et la tu comprend|atk|1
|move|p1a: Et la tu comprend|Quiver Dance|p1a: Et la tu comprend
|-boost|p1a: Et la tu comprend|spa|1
|-boost|p1a: Et la tu comprend|spd|1
|-boost|p1a: Et la tu comprend|spe|1
|
|-weather|Sandstorm|[upkeep]
|-damage|p1a: Et la tu comprend|94/100|[from] Sandstorm
|-damage|p2a: Arcanine|50/100|[from] Sandstorm
|-heal|p1a: Et la tu comprend|100/100|[from] item: Leftovers
|-heal|p2a: Arcanine|56/100|[from] item: Leftovers
|upkeep
|turn|11
|
|switch|p1a: One shot|Chandelure, M|94/100
|move|p2a: Arcanine|Roar|p1a: One shot
|drag|p1a: Et la tu comprend|Bellossom, M|100/100
|
|-weather|Sandstorm|[upkeep]
|-damage|p2a: Arcanine|50/100|[from] Sandstorm
|-damage|p1a: Et la tu comprend|94/100|[from] Sandstorm
|-heal|p2a: Arcanine|56/100|[from] item: Leftovers
|-heal|p1a: Et la tu comprend|100/100|[from] item: Leftovers
|upkeep
|turn|12
|
|switch|p1a: One shot|Chandelure, M|94/100
|move|p2a: Arcanine|Overheat|p1a: One shot
|-start|p1a: One shot|ability: Flash Fire
|
|-weather|Sandstorm|[upkeep]
|-damage|p1a: One shot|88/100|[from] Sandstorm
|-damage|p2a: Arcanine|50/100|[from] Sandstorm
|-heal|p2a: Arcanine|56/100|[from] item: Leftovers
|upkeep
|turn|13
|
|move|p1a: One shot|Shadow Ball|p2a: Arcanine
|-damage|p2a: Arcanine|10/100
|move|p2a: Arcanine|Roar|p1a: One shot
|-end|p1a: One shot|ability: Flash Fire|[silent]
|drag|p1a: Et la tu comprend|Bellossom, M|100/100
|
|-weather|none
|-heal|p2a: Arcanine|16/100|[from] item: Leftovers
|upkeep
|turn|14
|
|switch|p1a: One shot|Chandelure, M|88/100
|move|p2a: Arcanine|Morning Sun|p2a: Arcanine
|-heal|p2a: Arcanine|66/100
|
|-heal|p2a: Arcanine|73/100|[from] item: Leftovers
|upkeep
|turn|15
|
|move|p1a: One shot|Shadow Ball|p2a: Arcanine
|-damage|p2a: Arcanine|22/100
|move|p2a: Arcanine|Morning Sun|p2a: Arcanine
|-heal|p2a: Arcanine|72/100
|
|-heal|p2a: Arcanine|78/100|[from] item: Leftovers
|upkeep
|turn|16
|
|switch|p2a: Clefable|Clefable, F|100/100
|move|p1a: One shot|Shadow Ball|p2a: Clefable
|-damage|p2a: Clefable|58/100
|
|-heal|p2a: Clefable|64/100|[from] item: Leftovers
|upkeep
|turn|17
|
|switch|p1a: Et la tu comprend|Bellossom, M|100/100
|move|p2a: Clefable|Wish|p2a: Clefable
|
|-heal|p2a: Clefable|71/100|[from] item: Leftovers
|upkeep
|turn|18
|
|move|p1a: Et la tu comprend|Quiver Dance|p1a: Et la tu comprend
|-boost|p1a: Et la tu comprend|spa|1
|-boost|p1a: Et la tu comprend|spd|1
|-boost|p1a: Et la tu comprend|spe|1
|move|p2a: Clefable|Fire Blast|p1a: Et la tu comprend
|-supereffective|p1a: Et la tu comprend
|-damage|p1a: Et la tu comprend|50/100
|
|-heal|p2a: Clefable|100/100|[from] move: Wish|[wisher] Clefable
|-heal|p1a: Et la tu comprend|56/100|[from] item: Leftovers
|upkeep
|turn|19
|
|move|p1a: Et la tu comprend|Quiver Dance|p1a: Et la tu comprend
|-boost|p1a: Et la tu comprend|spa|1
|-boost|p1a: Et la tu comprend|spd|1
|-boost|p1a: Et la tu comprend|spe|1
|move|p2a: Clefable|Fire Blast|p1a: Et la tu comprend|[miss]
|-miss|p2a: Clefable|p1a: Et la tu comprend
|
|-heal|p1a: Et la tu comprend|62/100|[from] item: Leftovers
|upkeep
|turn|20
|
|move|p1a: Et la tu comprend|Quiver Dance|p1a: Et la tu comprend
|-boost|p1a: Et la tu comprend|spa|1
|-boost|p1a: Et la tu comprend|spd|1
|-boost|p1a: Et la tu comprend|spe|1
|move|p2a: Clefable|Fire Blast|p1a: Et la tu comprend
|-supereffective|p1a: Et la tu comprend
|-damage|p1a: Et la tu comprend|32/100
|
|-heal|p1a: Et la tu comprend|39/100|[from] item: Leftovers
|upkeep
|turn|21
|
|move|p1a: Et la tu comprend|Strength Sap|p2a: Clefable
|-unboost|p2a: Clefable|atk|1
|-heal|p1a: Et la tu comprend|83/100
|move|p2a: Clefable|Fire Blast|p1a: Et la tu comprend
|-supereffective|p1a: Et la tu comprend
|-damage|p1a: Et la tu comprend|52/100
|-status|p1a: Et la tu comprend|brn
|
|-heal|p1a: Et la tu comprend|58/100 brn|[from] item: Leftovers
|-damage|p1a: Et la tu comprend|52/100 brn|[from] brn
|upkeep
|turn|22
|
|move|p1a: Et la tu comprend|Quiver Dance|p1a: Et la tu comprend
|-boost|p1a: Et la tu comprend|spa|1
|-boost|p1a: Et la tu comprend|spd|1
|-boost|p1a: Et la tu comprend|spe|1
|move|p2a: Clefable|Fire Blast|p1a: Et la tu comprend
|-supereffective|p1a: Et la tu comprend
|-damage|p1a: Et la tu comprend|28/100 brn
|
|-heal|p1a: Et la tu comprend|35/100 brn|[from] item: Leftovers
|-damage|p1a: Et la tu comprend|28/100 brn|[from] brn
|upkeep
|turn|23
|
|move|p1a: Et la tu comprend|Giga Drain|p2a: Clefable
|-damage|p2a: Clefable|20/100
|-heal|p1a: Et la tu comprend|83/100 brn|[from] drain|[of] p2a: Clefable
|move|p2a: Clefable|Fire Blast|p1a: Et la tu comprend
|-supereffective|p1a: Et la tu comprend
|-damage|p1a: Et la tu comprend|61/100 brn
|
|-heal|p1a: Et la tu comprend|67/100 brn|[from] item: Leftovers
|-heal|p2a: Clefable|26/100|[from] item: Leftovers
|-damage|p1a: Et la tu comprend|61/100 brn|[from] brn
|upkeep
|turn|24
|
|move|p1a: Et la tu comprend|Giga Drain|p2a: Clefable
|-damage|p2a: Clefable|0 fnt
|-heal|p1a: Et la tu comprend|78/100 brn|[from] drain|[of] p2a: Clefable
|faint|p2a: Clefable
|
|-heal|p1a: Et la tu comprend|84/100 brn|[from] item: Leftovers
|-damage|p1a: Et la tu comprend|78/100 brn|[from] brn
|upkeep
|
|switch|p2a: Arcanine|Arcanine, F|78/100
|-ability|p2a: Arcanine|Intimidate|boost
|-unboost|p1a: Et la tu comprend|atk|1
|turn|25
|
|move|p1a: Et la tu comprend|Giga Drain|p2a: Arcanine
|-resisted|p2a: Arcanine
|-damage|p2a: Arcanine|31/100
|-heal|p1a: Et la tu comprend|100/100 brn|[from] drain|[of] p2a: Arcanine
|move|p2a: Arcanine|Roar|p1a: Et la tu comprend
|drag|p1a: One shot|Chandelure, M|88/100
|
|-heal|p2a: Arcanine|37/100|[from] item: Leftovers
|upkeep
|turn|26
|
|move|p1a: One shot|Shadow Ball|p2a: Arcanine
|-damage|p2a: Arcanine|0 fnt
|faint|p2a: Arcanine
|
|upkeep
|inactive|Pixeldudeplays has 120 seconds left.
|
|switch|p2a: Mamoswine|Mamoswine, M|41/100
|turn|27
|
|switch|p1a: Moumoute|Dubwool, F|100/100
|move|p2a: Mamoswine|Earthquake|p1a: Moumoute
|-damage|p1a: Moumoute|52/100
|
|-heal|p1a: Moumoute|58/100|[from] item: Leftovers
|upkeep
|turn|28
|inactive|Pixeldudeplays has 120 seconds left.
|
|move|p2a: Mamoswine|Earthquake|p1a: Moumoute
|-damage|p1a: Moumoute|3/100
|move|p1a: Moumoute|Retaliate|p2a: Mamoswine
|-damage|p2a: Mamoswine|17/100
|
|-heal|p1a: Moumoute|9/100|[from] item: Leftovers
|upkeep
|turn|29
|
|move|p2a: Mamoswine|Earthquake|p1a: Moumoute
|-damage|p1a: Moumoute|0 fnt
|faint|p1a: Moumoute
|
|upkeep
|
|switch|p1a: Et la tu comprend|Bellossom, M|100/100 brn
|turn|30
|
|switch|p2a: Dragapult|Dragapult, F|58/100 brn
|move|p1a: Et la tu comprend|Quiver Dance|p1a: Et la tu comprend
|-boost|p1a: Et la tu comprend|spa|1
|-boost|p1a: Et la tu comprend|spd|1
|-boost|p1a: Et la tu comprend|spe|1
|
|-damage|p2a: Dragapult|52/100 brn|[from] brn
|-damage|p1a: Et la tu comprend|94/100 brn|[from] brn
|upkeep
|turn|31
|
|move|p2a: Dragapult|Fire Blast|p1a: Et la tu comprend
|-supereffective|p1a: Et la tu comprend
|-damage|p1a: Et la tu comprend|26/100 brn
|move|p1a: Et la tu comprend|Quiver Dance|p1a: Et la tu comprend
|-boost|p1a: Et la tu comprend|spa|1
|-boost|p1a: Et la tu comprend|spd|1
|-boost|p1a: Et la tu comprend|spe|1
|
|-heal|p1a: Et la tu comprend|32/100 brn|[from] item: Leftovers
|-damage|p2a: Dragapult|46/100 brn|[from] brn
|-damage|p1a: Et la tu comprend|26/100 brn|[from] brn
|upkeep
|turn|32
|
|move|p2a: Dragapult|Fire Blast|p1a: Et la tu comprend
|-supereffective|p1a: Et la tu comprend
|-damage|p1a: Et la tu comprend|0 fnt
|faint|p1a: Et la tu comprend
|
|-damage|p2a: Dragapult|40/100 brn|[from] brn
|upkeep
|
|switch|p1a: One shot|Chandelure, M|88/100
|turn|33
|
|move|p1a: One shot|Shadow Ball|p2a: Dragapult
|-supereffective|p2a: Dragapult
|-damage|p2a: Dragapult|0 fnt
|faint|p2a: Dragapult
|
|upkeep
|
|switch|p2a: Mamoswine|Mamoswine, M|17/100
|turn|34
|
|move|p2a: Mamoswine|Earthquake|p1a: One shot
|-supereffective|p1a: One shot
|-damage|p1a: One shot|0 fnt
|faint|p1a: One shot
|
|win|Pixeldudeplays
|c|☆Pixeldudeplays|gg
|raw|Wazer-Triix971's rating: 1282 → 1253(-29 for losing)
|raw|Pixeldudeplays's rating: 1231 → 1259(+28 for winning)
|l|☆Wazer-Triix971
