|ScrapeTime|2020-01-01-02:44:43
|j|☆Sebas4906
|j|☆PStargazer
|player|p1|Sebas4906|waiter-gen4|1524
|player|p2|PStargazer|277|1538
|teamsize|p1|6
|teamsize|p2|6
|gametype|singles
|gen|8
|tier|[Gen 8] OU
|rated|
|rule|Sleep Clause Mod: Limit one foe put to sleep
|rule|Species Clause: Limit one of each Pokémon
|rule|OHKO Clause: OHKO moves are banned
|rule|Evasion Moves Clause: Evasion moves are banned
|rule|Endless Battle Clause: Forcing endless battles is banned
|rule|HP Percentage Mod: HP is shown in percentages
|clearpoke
|poke|p1|Ribombee, F|
|poke|p1|Cinderace, M|
|poke|p1|Bisharp, M|
|poke|p1|Dragapult, M|
|poke|p1|Falinks|
|poke|p1|Malamar, M|
|poke|p2|Cinderace, M|
|poke|p2|Ferrothorn, M|
|poke|p2|Hydreigon, M|
|poke|p2|Gardevoir, F|
|poke|p2|Clefable, F|
|poke|p2|Gyarados, F|
|rule|Dynamax Clause: You cannot dynamax
|teampreview
|
|start
|switch|p1a: Ribombee|Ribombee, F|100/100
|switch|p2a: Clefable|Clefable, F|100/100
|turn|1
|
|move|p1a: Ribombee|Sticky Web|p2a: Clefable
|-sidestart|p2: PStargazer|move: Sticky Web
|move|p2a: Clefable|Thunder Wave|p1a: Ribombee
|-status|p1a: Ribombee|par
|
|upkeep
|turn|2
|
|move|p1a: Ribombee|Stun Spore|p2a: Clefable|[miss]
|-miss|p1a: Ribombee|p2a: Clefable
|move|p2a: Clefable|Moonblast|p1a: Ribombee
|-damage|p1a: Ribombee|47/100 par
|
|upkeep
|turn|3
|
|move|p1a: Ribombee|Stun Spore|p2a: Clefable
|-status|p2a: Clefable|par
|move|p2a: Clefable|Moonblast|p1a: Ribombee
|-damage|p1a: Ribombee|0 fnt
|faint|p1a: Ribombee
|
|upkeep
|
|switch|p1a: Cinderace|Cinderace, M|100/100
|turn|4
|
|move|p1a: Cinderace|Court Change|p1a: Cinderace
|-sideend|p2: PStargazer|Sticky Web|[silent]
|-sidestart|p1: Sebas4906|Sticky Web|[silent]
|-activate|p1a: Cinderace|move: Court Change
|cant|p2a: Clefable|par
|
|upkeep
|turn|5
|
|move|p1a: Cinderace|Pyro Ball|p2a: Clefable
|-damage|p2a: Clefable|51/100 par
|move|p2a: Clefable|Thunder Wave|p1a: Cinderace
|-status|p1a: Cinderace|par
|
|-heal|p2a: Clefable|57/100 par|[from] item: Leftovers
|upkeep
|turn|6
|
|move|p1a: Cinderace|Pyro Ball|p2a: Clefable
|-damage|p2a: Clefable|2/100 par
|move|p2a: Clefable|Wish|p2a: Clefable
|
|-heal|p2a: Clefable|8/100 par|[from] item: Leftovers
|upkeep
|turn|7
|
|move|p2a: Clefable|Protect|p2a: Clefable
|-singleturn|p2a: Clefable|Protect
|cant|p1a: Cinderace|par
|
|-heal|p2a: Clefable|58/100 par|[from] move: Wish|[wisher] Clefable
|-heal|p2a: Clefable|64/100 par|[from] item: Leftovers
|upkeep
|turn|8
|
|move|p1a: Cinderace|Pyro Ball|p2a: Clefable
|-damage|p2a: Clefable|14/100 par
|cant|p2a: Clefable|par
|
|-heal|p2a: Clefable|20/100 par|[from] item: Leftovers
|upkeep
|turn|9
|
|move|p2a: Clefable|Protect|p2a: Clefable
|-singleturn|p2a: Clefable|Protect
|move|p1a: Cinderace|Pyro Ball|p2a: Clefable
|-activate|p2a: Clefable|move: Protect
|
|-heal|p2a: Clefable|26/100 par|[from] item: Leftovers
|upkeep
|turn|10
|
|move|p1a: Cinderace|Pyro Ball|p2a: Clefable
|-damage|p2a: Clefable|0 fnt
|faint|p2a: Clefable
|
|upkeep
|
|switch|p2a: Gyarados|Gyarados, F|100/100
|-ability|p2a: Gyarados|Intimidate|boost
|-unboost|p1a: Cinderace|atk|1
|turn|11
|
|switch|p1a: Dragapult|Dragapult, M|100/100
|-activate|p1a: Dragapult|move: Sticky Web
|-fail|p1a: Dragapult|unboost|[from] ability: Clear Body|[of] p1a: Dragapult
|move|p2a: Gyarados|Waterfall|p1a: Dragapult
|-resisted|p1a: Dragapult
|-damage|p1a: Dragapult|55/100
|
|upkeep
|turn|12
|
|switch|p2a: Hydreigon|Hydreigon, M|100/100
|move|p1a: Dragapult|Thunderbolt|p2a: Hydreigon
|-resisted|p2a: Hydreigon
|-damage|p2a: Hydreigon|79/100
|
|-heal|p2a: Hydreigon|85/100|[from] item: Leftovers
|upkeep
|turn|13
|
|switch|p1a: Cinderace|Cinderace, M|100/100 par
|switch|p2a: Cinderace|Cinderace, M|100/100
|
|upkeep
|turn|14
|
|move|p2a: Cinderace|U-turn|p1a: Cinderace
|-resisted|p1a: Cinderace
|-damage|p1a: Cinderace|84/100 par
|
|switch|p2a: Gyarados|Gyarados, F|100/100|[from]move: U-turn
|-ability|p2a: Gyarados|Intimidate|boost
|-unboost|p1a: Cinderace|atk|1
|move|p1a: Cinderace|Pyro Ball|p2a: Gyarados
|-resisted|p2a: Gyarados
|-damage|p2a: Gyarados|78/100
|-status|p2a: Gyarados|brn
|
|-damage|p2a: Gyarados|72/100 brn|[from] brn
|upkeep
|turn|15
|c|☆PStargazer|Bruh
|c|☆PStargazer|if one more pyro ball burns me
|c|☆PStargazer|I might fuck up the whole staff
|c|☆PStargazer|mods
|c|☆PStargazer|players
|c|☆PStargazer|all gonna get the banded waterfall
|c|☆Sebas4906|Happy new years!
|c|☆Sebas4906|:D
|c|☆PStargazer|You think you real fuckin funny
|c|☆PStargazer|you think you got sauce
|c|☆PStargazer|you aint got shit for nothin
|
|move|p2a: Gyarados|Waterfall|p1a: Cinderace
|-supereffective|p1a: Cinderace
|-damage|p1a: Cinderace|0 fnt
|faint|p1a: Cinderace
|
|-damage|p2a: Gyarados|66/100 brn|[from] brn
|upkeep
|
|switch|p1a: Falinks|Falinks|100/100
|-activate|p1a: Falinks|move: Sticky Web
|-unboost|p1a: Falinks|spe|1
|-ability|p1a: Falinks|Defiant
|-boost|p1a: Falinks|atk|2
|-enditem|p1a: Falinks|White Herb
|-clearnegativeboost|p1a: Falinks|[silent]
|turn|16
|
|move|p1a: Falinks|No Retreat|p1a: Falinks
|-boost|p1a: Falinks|atk|1
|-boost|p1a: Falinks|def|1
|-boost|p1a: Falinks|spa|1
|-boost|p1a: Falinks|spd|1
|-boost|p1a: Falinks|spe|1
|-start|p1a: Falinks|move: No Retreat
|move|p2a: Gyarados|Waterfall|p1a: Falinks
|-damage|p1a: Falinks|71/100
|
|-damage|p2a: Gyarados|60/100 brn|[from] brn
|upkeep
|turn|17
|
|move|p1a: Falinks|Throat Chop|p2a: Gyarados
|-damage|p2a: Gyarados|0 fnt
|faint|p2a: Gyarados
|
|upkeep
|
|switch|p2a: Gardevoir|Gardevoir, F|100/100
|-ability|p2a: Gardevoir|Defiant|[from] ability: Trace|[of] p1a: Falinks
|turn|18
|
|move|p2a: Gardevoir|Moonblast|p1a: Falinks
|-supereffective|p1a: Falinks
|-damage|p1a: Falinks|0 fnt
|faint|p1a: Falinks
|
|upkeep
|
|switch|p1a: Bisharp|Bisharp, M|100/100
|-activate|p1a: Bisharp|move: Sticky Web
|-unboost|p1a: Bisharp|spe|1
|-ability|p1a: Bisharp|Defiant
|-boost|p1a: Bisharp|atk|2
|turn|19
|
|switch|p2a: Hydreigon|Hydreigon, M|85/100
|move|p1a: Bisharp|Throat Chop|p2a: Hydreigon
|-resisted|p2a: Hydreigon
|-damage|p2a: Hydreigon|18/100
|-start|p2a: Hydreigon|Throat Chop|[silent]
|-damage|p1a: Bisharp|91/100|[from] item: Life Orb
|
|-heal|p2a: Hydreigon|24/100|[from] item: Leftovers
|upkeep
|turn|20
|
|move|p1a: Bisharp|Sucker Punch||[still]
|-fail|p1a: Bisharp
|move|p2a: Hydreigon|Substitute|p2a: Hydreigon
|-fail|p2a: Hydreigon|move: Substitute|[weak]
|
|-heal|p2a: Hydreigon|30/100|[from] item: Leftovers
|-end|p2a: Hydreigon|Throat Chop|[silent]
|upkeep
|turn|21
|
|move|p2a: Hydreigon|Earth Power|p1a: Bisharp
|-supereffective|p1a: Bisharp
|-damage|p1a: Bisharp|6/100
|move|p1a: Bisharp|Throat Chop|p2a: Hydreigon
|-resisted|p2a: Hydreigon
|-damage|p2a: Hydreigon|0 fnt
|-damage|p1a: Bisharp|0 fnt|[from] item: Life Orb
|faint|p2a: Hydreigon
|faint|p1a: Bisharp
|
|upkeep
|c|☆PStargazer|Fuck outta here
|
|switch|p2a: Gardevoir|Gardevoir, F|100/100
|switch|p1a: Malamar|Malamar, M|100/100
|-ability|p2a: Gardevoir|Contrary|[from] ability: Trace|[of] p1a: Malamar
|-activate|p1a: Malamar|move: Sticky Web
|-boost|p1a: Malamar|spe|1
|turn|22
|c|☆Sebas4906|look at me
|c|☆Sebas4906|I'm the edgiest person on planet earth
|
|move|p2a: Gardevoir|Moonblast|p1a: Malamar
|-supereffective|p1a: Malamar
|-damage|p1a: Malamar|0 fnt
|faint|p1a: Malamar
|
|upkeep
|
|switch|p1a: Dragapult|Dragapult, M|55/100
|-activate|p1a: Dragapult|move: Sticky Web
|-fail|p1a: Dragapult|unboost|[from] ability: Clear Body|[of] p1a: Dragapult
|turn|23
|c|☆PStargazer|Try that stick web again dumbass
|
|move|p2a: Gardevoir|Moonblast|p1a: Dragapult
|-supereffective|p1a: Dragapult
|-damage|p1a: Dragapult|0 fnt
|faint|p1a: Dragapult
|
|win|PStargazer
|l|☆Sebas4906
|raw|Sebas4906's rating: 1524 → 1505(-19 for losing)
|raw|PStargazer's rating: 1539 → 1558(+19 for winning)
