|ScrapeTime|2020-01-01-00:49:07
|j|☆Volco
|j|☆Tpal
|player|p1|Volco|red|1339
|player|p2|Tpal|2|1320
|teamsize|p1|6
|teamsize|p2|6
|gametype|singles
|gen|8
|tier|[Gen 8] OU
|rated|
|rule|Sleep Clause Mod: Limit one foe put to sleep
|rule|Species Clause: Limit one of each Pokémon
|rule|OHKO Clause: OHKO moves are banned
|rule|Evasion Moves Clause: Evasion moves are banned
|rule|Endless Battle Clause: Forcing endless battles is banned
|rule|HP Percentage Mod: HP is shown in percentages
|clearpoke
|poke|p1|Dragapult, M|
|poke|p1|Corviknight, M|
|poke|p1|Ferrothorn, F|
|poke|p1|Cinderace, M|
|poke|p1|Rotom-Heat|
|poke|p1|Toxtricity, M|
|poke|p2|Pelipper, F|
|poke|p2|Dracovish|
|poke|p2|Seismitoad, M|
|poke|p2|Grimmsnarl, M|
|poke|p2|Gyarados, F|
|poke|p2|Dugtrio, F|
|rule|Dynamax Clause: You cannot dynamax
|teampreview
|inactive|Battle timer is ON: inactive players will automatically lose when time's up. (requested by Tpal)
|
|start
|switch|p1a: Rotom|Rotom-Heat, shiny|100/100
|switch|p2a: Grimmsnarl|Grimmsnarl, M|100/100
|turn|1
|
|move|p2a: Grimmsnarl|Light Screen|p2a: Grimmsnarl
|-sidestart|p2: Tpal|move: Light Screen
|move|p1a: Rotom|Will-O-Wisp|p2a: Grimmsnarl
|-status|p2a: Grimmsnarl|brn
|
|-damage|p2a: Grimmsnarl|94/100 brn|[from] brn
|upkeep
|turn|2
|
|switch|p1a: Cinderace|Cinderace, M, shiny|100/100
|move|p2a: Grimmsnarl|Reflect|p2a: Grimmsnarl
|-sidestart|p2: Tpal|Reflect
|
|-damage|p2a: Grimmsnarl|88/100 brn|[from] brn
|upkeep
|turn|3
|
|move|p2a: Grimmsnarl|Thunder Wave|p1a: Cinderace
|-status|p1a: Cinderace|par
|move|p1a: Cinderace|Court Change|p1a: Cinderace
|-sideend|p2: Tpal|Light Screen|[silent]
|-sidestart|p1: Volco|Light Screen|[silent]
|-sideend|p2: Tpal|Reflect|[silent]
|-sidestart|p1: Volco|Reflect|[silent]
|-activate|p1a: Cinderace|move: Court Change
|
|-damage|p2a: Grimmsnarl|82/100 brn|[from] brn
|upkeep
|turn|4
|
|move|p2a: Grimmsnarl|Reflect|p2a: Grimmsnarl
|-sidestart|p2: Tpal|Reflect
|cant|p1a: Cinderace|par
|
|-damage|p2a: Grimmsnarl|76/100 brn|[from] brn
|upkeep
|turn|5
|
|move|p2a: Grimmsnarl|Light Screen|p2a: Grimmsnarl
|-sidestart|p2: Tpal|move: Light Screen
|move|p1a: Cinderace|Pyro Ball|p2a: Grimmsnarl
|-damage|p2a: Grimmsnarl|52/100 brn
|
|-damage|p2a: Grimmsnarl|46/100 brn|[from] brn
|upkeep
|turn|6
|
|switch|p2a: Dugtrio|Dugtrio, F|100/100
|move|p1a: Cinderace|Court Change|p1a: Cinderace
|-sideend|p1: Volco|Light Screen|[silent]
|-sideend|p2: Tpal|Light Screen|[silent]
|-sidestart|p1: Volco|Light Screen|[silent]
|-sidestart|p2: Tpal|Light Screen|[silent]
|-sideend|p1: Volco|Reflect|[silent]
|-sideend|p2: Tpal|Reflect|[silent]
|-sidestart|p1: Volco|Reflect|[silent]
|-sidestart|p2: Tpal|Reflect|[silent]
|-activate|p1a: Cinderace|move: Court Change
|
|upkeep
|turn|7
|
|move|p2a: Dugtrio|Earthquake|p1a: Cinderace
|-supereffective|p1a: Cinderace
|-damage|p1a: Cinderace|39/100 par
|cant|p1a: Cinderace|par
|
|upkeep
|turn|8
|
|move|p2a: Dugtrio|Earthquake|p1a: Cinderace
|-supereffective|p1a: Cinderace
|-damage|p1a: Cinderace|0 fnt
|faint|p1a: Cinderace
|
|-sideend|p2: Tpal|move: Light Screen
|upkeep
|
|switch|p1a: Corviknight|Corviknight, M|100/100
|-ability|p1a: Corviknight|Pressure
|turn|9
|
|switch|p2a: Pelipper|Pelipper, F|100/100
|-weather|RainDance|[from] ability: Drizzle|[of] p2a: Pelipper
|move|p1a: Corviknight|Substitute|p1a: Corviknight
|-start|p1a: Corviknight|Substitute
|-damage|p1a: Corviknight|75/100
|
|-weather|RainDance|[upkeep]
|-heal|p1a: Corviknight|82/100|[from] item: Leftovers
|-sideend|p2: Tpal|Reflect
|upkeep
|turn|10
|
|move|p1a: Corviknight|Bulk Up|p1a: Corviknight
|-boost|p1a: Corviknight|atk|1
|-boost|p1a: Corviknight|def|1
|move|p2a: Pelipper|Scald|p1a: Corviknight
|-activate|p1a: Corviknight|move: Substitute|[damage]
|
|-weather|RainDance|[upkeep]
|-heal|p1a: Corviknight|88/100|[from] item: Leftovers
|upkeep
|turn|11
|
|move|p1a: Corviknight|Bulk Up|p1a: Corviknight
|-boost|p1a: Corviknight|atk|1
|-boost|p1a: Corviknight|def|1
|move|p2a: Pelipper|U-turn|p1a: Corviknight
|-resisted|p1a: Corviknight
|-activate|p1a: Corviknight|move: Substitute|[damage]
|
|switch|p2a: Seismitoad|Seismitoad, M|100/100|[from]move: U-turn
|
|-weather|RainDance|[upkeep]
|-heal|p1a: Corviknight|94/100|[from] item: Leftovers
|-sideend|p1: Volco|Reflect
|upkeep
|turn|12
|
|move|p2a: Seismitoad|Hydro Pump|p1a: Corviknight
|-end|p1a: Corviknight|Substitute
|move|p1a: Corviknight|Substitute|p1a: Corviknight
|-start|p1a: Corviknight|Substitute
|-damage|p1a: Corviknight|69/100
|
|-weather|RainDance|[upkeep]
|-heal|p1a: Corviknight|75/100|[from] item: Leftovers
|-sideend|p1: Volco|move: Light Screen
|upkeep
|turn|13
|
|move|p2a: Seismitoad|Hydro Pump|p1a: Corviknight
|-end|p1a: Corviknight|Substitute
|move|p1a: Corviknight|Substitute|p1a: Corviknight
|-start|p1a: Corviknight|Substitute
|-damage|p1a: Corviknight|50/100
|
|-weather|RainDance|[upkeep]
|-heal|p1a: Corviknight|57/100|[from] item: Leftovers
|upkeep
|turn|14
|
|move|p2a: Seismitoad|Hydro Pump|p1a: Corviknight
|-end|p1a: Corviknight|Substitute
|move|p1a: Corviknight|Substitute|p1a: Corviknight
|-start|p1a: Corviknight|Substitute
|-damage|p1a: Corviknight|32/100
|
|-weather|RainDance|[upkeep]
|-heal|p1a: Corviknight|38/100|[from] item: Leftovers
|upkeep
|turn|15
|
|move|p2a: Seismitoad|Hydro Pump|p1a: Corviknight
|-end|p1a: Corviknight|Substitute
|move|p1a: Corviknight|Substitute|p1a: Corviknight
|-start|p1a: Corviknight|Substitute
|-damage|p1a: Corviknight|13/100
|
|-weather|RainDance|[upkeep]
|-heal|p1a: Corviknight|19/100|[from] item: Leftovers
|upkeep
|turn|16
|
|switch|p2a: Dracovish|Dracovish|100/100
|move|p1a: Corviknight|Roost|p1a: Corviknight
|-heal|p1a: Corviknight|69/100
|-singleturn|p1a: Corviknight|move: Roost
|
|-weather|none
|-heal|p1a: Corviknight|75/100|[from] item: Leftovers
|upkeep
|turn|17
|
|switch|p2a: Pelipper|Pelipper, F|100/100
|-weather|RainDance|[from] ability: Drizzle|[of] p2a: Pelipper
|move|p1a: Corviknight|Bulk Up|p1a: Corviknight
|-boost|p1a: Corviknight|atk|1
|-boost|p1a: Corviknight|def|1
|
|-weather|RainDance|[upkeep]
|-heal|p1a: Corviknight|82/100|[from] item: Leftovers
|upkeep
|turn|18
|
|move|p1a: Corviknight|Bulk Up|p1a: Corviknight
|-boost|p1a: Corviknight|atk|1
|-boost|p1a: Corviknight|def|1
|move|p2a: Pelipper|Scald|p1a: Corviknight
|-end|p1a: Corviknight|Substitute
|
|-weather|RainDance|[upkeep]
|-heal|p1a: Corviknight|88/100|[from] item: Leftovers
|upkeep
|turn|19
|
|move|p1a: Corviknight|Substitute|p1a: Corviknight
|-start|p1a: Corviknight|Substitute
|-damage|p1a: Corviknight|63/100
|move|p2a: Pelipper|Knock Off|p1a: Corviknight
|-activate|p1a: Corviknight|move: Substitute|[damage]
|
|-weather|RainDance|[upkeep]
|-heal|p1a: Corviknight|69/100|[from] item: Leftovers
|upkeep
|turn|20
|
|move|p1a: Corviknight|Bulk Up|p1a: Corviknight
|-boost|p1a: Corviknight|atk|1
|-boost|p1a: Corviknight|def|1
|move|p2a: Pelipper|Scald|p1a: Corviknight
|-end|p1a: Corviknight|Substitute
|
|-weather|RainDance|[upkeep]
|-heal|p1a: Corviknight|75/100|[from] item: Leftovers
|upkeep
|turn|21
|
|move|p1a: Corviknight|Substitute|p1a: Corviknight
|-start|p1a: Corviknight|Substitute
|-damage|p1a: Corviknight|50/100
|move|p2a: Pelipper|Scald|p1a: Corviknight
|-end|p1a: Corviknight|Substitute
|
|-weather|RainDance|[upkeep]
|-heal|p1a: Corviknight|57/100|[from] item: Leftovers
|upkeep
|turn|22
|
|move|p1a: Corviknight|Substitute|p1a: Corviknight
|-start|p1a: Corviknight|Substitute
|-damage|p1a: Corviknight|32/100
|move|p2a: Pelipper|Scald|p1a: Corviknight
|-end|p1a: Corviknight|Substitute
|
|-weather|RainDance|[upkeep]
|-heal|p1a: Corviknight|38/100|[from] item: Leftovers
|upkeep
|turn|23
|
|move|p1a: Corviknight|Substitute|p1a: Corviknight
|-start|p1a: Corviknight|Substitute
|-damage|p1a: Corviknight|13/100
|move|p2a: Pelipper|Scald|p1a: Corviknight
|-end|p1a: Corviknight|Substitute
|
|-weather|RainDance|[upkeep]
|-heal|p1a: Corviknight|19/100|[from] item: Leftovers
|upkeep
|turn|24
|
|move|p1a: Corviknight|Roost|p1a: Corviknight
|-heal|p1a: Corviknight|69/100
|-singleturn|p1a: Corviknight|move: Roost
|move|p2a: Pelipper|Scald|p1a: Corviknight
|-damage|p1a: Corviknight|40/100
|-status|p1a: Corviknight|brn
|
|-weather|none
|-heal|p1a: Corviknight|46/100 brn|[from] item: Leftovers
|-damage|p1a: Corviknight|40/100 brn|[from] brn
|upkeep
|turn|25
|
|switch|p2a: Grimmsnarl|Grimmsnarl, M|46/100 brn
|move|p1a: Corviknight|Substitute|p1a: Corviknight
|-start|p1a: Corviknight|Substitute
|-damage|p1a: Corviknight|15/100 brn
|
|-heal|p1a: Corviknight|21/100 brn|[from] item: Leftovers
|-damage|p1a: Corviknight|15/100 brn|[from] brn
|-damage|p2a: Grimmsnarl|40/100 brn|[from] brn
|upkeep
|turn|26
|
|move|p2a: Grimmsnarl|Reflect|p2a: Grimmsnarl
|-sidestart|p2: Tpal|Reflect
|move|p1a: Corviknight|Roost|p1a: Corviknight
|-heal|p1a: Corviknight|65/100 brn
|-singleturn|p1a: Corviknight|move: Roost
|
|-heal|p1a: Corviknight|71/100 brn|[from] item: Leftovers
|-damage|p1a: Corviknight|65/100 brn|[from] brn
|-damage|p2a: Grimmsnarl|34/100 brn|[from] brn
|upkeep
|turn|27
|
|move|p2a: Grimmsnarl|Light Screen|p2a: Grimmsnarl
|-sidestart|p2: Tpal|move: Light Screen
|move|p1a: Corviknight|Roost|p1a: Corviknight
|-heal|p1a: Corviknight|100/100 brn
|-singleturn|p1a: Corviknight|move: Roost
|
|-damage|p1a: Corviknight|94/100 brn|[from] brn
|-damage|p2a: Grimmsnarl|28/100 brn|[from] brn
|upkeep
|turn|28
|
|switch|p2a: Pelipper|Pelipper, F|100/100
|-weather|RainDance|[from] ability: Drizzle|[of] p2a: Pelipper
|move|p1a: Corviknight|Bulk Up|p1a: Corviknight
|-boost|p1a: Corviknight|atk|1
|-boost|p1a: Corviknight|def|1
|
|-weather|RainDance|[upkeep]
|-heal|p1a: Corviknight|100/100 brn|[from] item: Leftovers
|-damage|p1a: Corviknight|94/100 brn|[from] brn
|upkeep
|turn|29
|
|move|p1a: Corviknight|Brave Bird|p2a: Pelipper
|-damage|p2a: Pelipper|74/100
|-damage|p1a: Corviknight|87/100 brn|[from] Recoil
|move|p2a: Pelipper|Scald|p1a: Corviknight
|-end|p1a: Corviknight|Substitute
|
|-weather|RainDance|[upkeep]
|-heal|p1a: Corviknight|93/100 brn|[from] item: Leftovers
|-damage|p1a: Corviknight|87/100 brn|[from] brn
|upkeep
|turn|30
|
|move|p1a: Corviknight|Brave Bird|p2a: Pelipper
|-damage|p2a: Pelipper|47/100
|-damage|p1a: Corviknight|80/100 brn|[from] Recoil
|move|p2a: Pelipper|Scald|p1a: Corviknight
|-damage|p1a: Corviknight|50/100 brn
|
|-weather|RainDance|[upkeep]
|-heal|p1a: Corviknight|57/100 brn|[from] item: Leftovers
|-damage|p1a: Corviknight|50/100 brn|[from] brn
|upkeep
|turn|31
|
|move|p1a: Corviknight|Roost|p1a: Corviknight
|-heal|p1a: Corviknight|99/100 brn
|-singleturn|p1a: Corviknight|move: Roost
|move|p2a: Pelipper|Roost|p2a: Pelipper
|-heal|p2a: Pelipper|97/100
|-singleturn|p2a: Pelipper|move: Roost
|
|-weather|RainDance|[upkeep]
|-heal|p1a: Corviknight|100/100 brn|[from] item: Leftovers
|-damage|p1a: Corviknight|94/100 brn|[from] brn
|upkeep
|turn|32
|
|move|p1a: Corviknight|Brave Bird|p2a: Pelipper
|-damage|p2a: Pelipper|68/100
|-damage|p1a: Corviknight|86/100 brn|[from] Recoil
|move|p2a: Pelipper|Knock Off|p1a: Corviknight
|-damage|p1a: Corviknight|83/100 brn
|-enditem|p1a: Corviknight|Leftovers|[from] move: Knock Off|[of] p2a: Pelipper
|
|-weather|RainDance|[upkeep]
|-damage|p1a: Corviknight|77/100 brn|[from] brn
|upkeep
|turn|33
|
|move|p1a: Corviknight|Brave Bird|p2a: Pelipper
|-damage|p2a: Pelipper|38/100
|-damage|p1a: Corviknight|69/100 brn|[from] Recoil
|move|p2a: Pelipper|Roost|p2a: Pelipper
|-heal|p2a: Pelipper|88/100
|-singleturn|p2a: Pelipper|move: Roost
|
|-weather|RainDance|[upkeep]
|-damage|p1a: Corviknight|63/100 brn|[from] brn
|-sideend|p2: Tpal|Reflect
|upkeep
|turn|34
|
|switch|p2a: Grimmsnarl|Grimmsnarl, M|28/100 brn
|move|p1a: Corviknight|Brave Bird|p2a: Grimmsnarl
|-damage|p2a: Grimmsnarl|0 fnt
|-damage|p1a: Corviknight|54/100 brn|[from] Recoil
|faint|p2a: Grimmsnarl
|
|-weather|RainDance|[upkeep]
|-damage|p1a: Corviknight|48/100 brn|[from] brn
|-sideend|p2: Tpal|move: Light Screen
|upkeep
|
|switch|p2a: Dracovish|Dracovish|100/100
|turn|35
|
|move|p2a: Dracovish|Fishious Rend|p1a: Corviknight
|-damage|p1a: Corviknight|15/100 brn
|move|p1a: Corviknight|Roost|p1a: Corviknight
|-heal|p1a: Corviknight|65/100 brn
|-singleturn|p1a: Corviknight|move: Roost
|
|-weather|none
|-damage|p1a: Corviknight|58/100 brn|[from] brn
|upkeep
|turn|36
|
|switch|p2a: Pelipper|Pelipper, F|88/100
|-weather|RainDance|[from] ability: Drizzle|[of] p2a: Pelipper
|move|p1a: Corviknight|Roost|p1a: Corviknight
|-heal|p1a: Corviknight|100/100 brn
|-singleturn|p1a: Corviknight|move: Roost
|
|-weather|RainDance|[upkeep]
|-damage|p1a: Corviknight|94/100 brn|[from] brn
|upkeep
|turn|37
|
|move|p1a: Corviknight|Brave Bird|p2a: Pelipper
|-damage|p2a: Pelipper|30/100
|-damage|p1a: Corviknight|79/100 brn|[from] Recoil
|move|p2a: Pelipper|Knock Off|p1a: Corviknight
|-damage|p1a: Corviknight|77/100 brn
|
|-weather|RainDance|[upkeep]
|-damage|p1a: Corviknight|70/100 brn|[from] brn
|upkeep
|turn|38
|
|switch|p2a: Dugtrio|Dugtrio, F|100/100
|move|p1a: Corviknight|Brave Bird|p2a: Dugtrio
|-enditem|p2a: Dugtrio|Focus Sash
|-damage|p2a: Dugtrio|1/100
|-damage|p1a: Corviknight|53/100 brn|[from] Recoil
|
|-weather|RainDance|[upkeep]
|-damage|p1a: Corviknight|47/100 brn|[from] brn
|upkeep
|turn|39
|
|move|p2a: Dugtrio|Screech|p1a: Corviknight
|-unboost|p1a: Corviknight|def|2
|move|p1a: Corviknight|Roost|p1a: Corviknight
|-heal|p1a: Corviknight|97/100 brn
|-singleturn|p1a: Corviknight|move: Roost
|
|-weather|RainDance|[upkeep]
|-damage|p1a: Corviknight|91/100 brn|[from] brn
|upkeep
|turn|40
|
|move|p2a: Dugtrio|Screech|p1a: Corviknight
|-unboost|p1a: Corviknight|def|2
|move|p1a: Corviknight|Substitute|p1a: Corviknight
|-start|p1a: Corviknight|Substitute
|-damage|p1a: Corviknight|66/100 brn
|
|-weather|RainDance|[upkeep]
|-damage|p1a: Corviknight|59/100 brn|[from] brn
|upkeep
|turn|41
|
|move|p2a: Dugtrio|Reversal|p1a: Corviknight
|-activate|p1a: Corviknight|move: Substitute|[damage]
|move|p1a: Corviknight|Brave Bird|p2a: Dugtrio
|-damage|p2a: Dugtrio|0 fnt
|-damage|p1a: Corviknight|59/100 brn|[from] Recoil
|faint|p2a: Dugtrio
|
|-weather|RainDance|[upkeep]
|-damage|p1a: Corviknight|53/100 brn|[from] brn
|upkeep
|
|switch|p2a: Dracovish|Dracovish|100/100
|turn|42
|
|move|p2a: Dracovish|Fishious Rend|p1a: Corviknight
|-end|p1a: Corviknight|Substitute
|move|p1a: Corviknight|Brave Bird|p2a: Dracovish
|-damage|p2a: Dracovish|26/100
|-damage|p1a: Corviknight|33/100 brn|[from] Recoil
|
|-weather|RainDance|[upkeep]
|-damage|p1a: Corviknight|27/100 brn|[from] brn
|upkeep
|turn|43
|
|move|p2a: Dracovish|Fishious Rend|p1a: Corviknight
|-damage|p1a: Corviknight|0 fnt
|faint|p1a: Corviknight
|
|-weather|none
|upkeep
|
|switch|p1a: Ferrothorn|Ferrothorn, F, shiny|100/100
|turn|44
|
|switch|p2a: Pelipper|Pelipper, F|30/100
|-weather|RainDance|[from] ability: Drizzle|[of] p2a: Pelipper
|move|p1a: Ferrothorn|Stealth Rock|p2a: Pelipper
|-sidestart|p2: Tpal|move: Stealth Rock
|
|-weather|RainDance|[upkeep]
|upkeep
|turn|45
|
|move|p2a: Pelipper|Roost|p2a: Pelipper
|-heal|p2a: Pelipper|80/100
|-singleturn|p2a: Pelipper|move: Roost
|move|p1a: Ferrothorn|Leech Seed|p2a: Pelipper
|-start|p2a: Pelipper|move: Leech Seed
|
|-weather|RainDance|[upkeep]
|-damage|p2a: Pelipper|67/100|[from] Leech Seed|[of] p1a: Ferrothorn
|upkeep
|turn|46
|
|switch|p2a: Seismitoad|Seismitoad, M|100/100
|-damage|p2a: Seismitoad|95/100|[from] Stealth Rock
|move|p1a: Ferrothorn|Knock Off|p2a: Seismitoad
|-crit|p2a: Seismitoad
|-damage|p2a: Seismitoad|56/100
|-enditem|p2a: Seismitoad|Choice Specs|[from] move: Knock Off|[of] p1a: Ferrothorn
|
|-weather|RainDance|[upkeep]
|upkeep
|turn|47
|
|move|p1a: Ferrothorn|Protect|p1a: Ferrothorn
|-singleturn|p1a: Ferrothorn|Protect
|move|p2a: Seismitoad|Earth Power|p1a: Ferrothorn
|-activate|p1a: Ferrothorn|move: Protect
|
|-weather|RainDance|[upkeep]
|upkeep
|turn|48
|
|move|p2a: Seismitoad|Earth Power|p1a: Ferrothorn
|-damage|p1a: Ferrothorn|77/100
|move|p1a: Ferrothorn|Leech Seed|p2a: Seismitoad
|-start|p2a: Seismitoad|move: Leech Seed
|
|-weather|RainDance|[upkeep]
|-heal|p1a: Ferrothorn|83/100|[from] item: Leftovers
|-damage|p2a: Seismitoad|44/100|[from] Leech Seed|[of] p1a: Ferrothorn
|-heal|p1a: Ferrothorn|96/100|[silent]
|upkeep
|turn|49
|
|switch|p2a: Gyarados|Gyarados, F|100/100
|move|p1a: Ferrothorn|Knock Off|p2a: Gyarados
|-damage|p2a: Gyarados|73/100
|-enditem|p2a: Gyarados|Heavy-Duty Boots|[from] move: Knock Off|[of] p1a: Ferrothorn
|
|-weather|RainDance|[upkeep]
|-heal|p1a: Ferrothorn|100/100|[from] item: Leftovers
|upkeep
|turn|50
|-message|Tpal forfeited.
|
|win|Volco
|l|☆Tpal
|raw|Volco's rating: 1339 → 1358(+19 for winning)
|raw|Tpal's rating: 1320 → 1301(-19 for losing)
