|ScrapeTime|2020-01-01-01:48:47
|j|☆Chris Warden
|j|☆holisticplant2020
|player|p1|Chris Warden|erika|1169
|player|p2|holisticplant2020|veteran|1133
|teamsize|p1|6
|teamsize|p2|6
|gametype|singles
|gen|8
|tier|[Gen 8] OU
|rated|
|rule|Sleep Clause Mod: Limit one foe put to sleep
|rule|Species Clause: Limit one of each Pokémon
|rule|OHKO Clause: OHKO moves are banned
|rule|Evasion Moves Clause: Evasion moves are banned
|rule|Endless Battle Clause: Forcing endless battles is banned
|rule|HP Percentage Mod: HP is shown in percentages
|clearpoke
|poke|p1|Eldegoss, M|
|poke|p1|Cofagrigus, M|
|poke|p1|Grimmsnarl, M|
|poke|p1|Milotic, F|
|poke|p1|Steelix, F|
|poke|p1|Rotom-Heat|
|poke|p2|Drampa, M|
|poke|p2|Aegislash, M|
|poke|p2|Gyarados, F|
|poke|p2|Excadrill, M|
|poke|p2|Dracozolt|
|poke|p2|Toxicroak, M|
|rule|Dynamax Clause: You cannot dynamax
|teampreview
|inactive|Battle timer is ON: inactive players will automatically lose when time's up. (requested by holisticplant2020)
|
|start
|switch|p1a: Steelix|Steelix, F|100/100
|switch|p2a: Bad Guy|Toxicroak, M, shiny|100/100
|turn|1
|
|move|p2a: Bad Guy|Taunt|p1a: Steelix
|-start|p1a: Steelix|move: Taunt
|move|p1a: Steelix|Earthquake|p2a: Bad Guy
|-supereffective|p2a: Bad Guy
|-damage|p2a: Bad Guy|12/100
|
|upkeep
|turn|2
|
|switch|p2a: Tidal Wave|Gyarados, F|100/100
|switch|p1a: Cofagrigus|Cofagrigus, M|100/100
|
|upkeep
|turn|3
|
|switch|p2a: Billie Eilish|Aegislash, M|100/100
|switch|p1a: Milotic|Milotic, F|100/100
|
|upkeep
|turn|4
|
|move|p1a: Milotic|Scald|p2a: Billie Eilish
|-damage|p2a: Billie Eilish|78/100
|-formechange|p2a: Billie Eilish|Aegislash-Blade||[from] ability: Stance Change
|move|p2a: Billie Eilish|Shadow Ball|p1a: Milotic
|-damage|p1a: Milotic|78/100
|
|-heal|p1a: Milotic|84/100|[from] item: Leftovers
|-heal|p2a: Billie Eilish|84/100|[from] item: Leftovers
|upkeep
|turn|5
|
|move|p1a: Milotic|Scald|p2a: Billie Eilish
|-damage|p2a: Billie Eilish|34/100
|move|p2a: Billie Eilish|Shadow Ball|p1a: Milotic
|-damage|p1a: Milotic|62/100
|
|-heal|p1a: Milotic|68/100|[from] item: Leftovers
|-heal|p2a: Billie Eilish|40/100|[from] item: Leftovers
|upkeep
|turn|6
|
|-formechange|p2a: Billie Eilish|Aegislash||[from] ability: Stance Change
|move|p2a: Billie Eilish|King's Shield|p2a: Billie Eilish
|-singleturn|p2a: Billie Eilish|Protect
|move|p1a: Milotic|Scald|p2a: Billie Eilish
|-activate|p2a: Billie Eilish|move: Protect
|
|-heal|p1a: Milotic|74/100|[from] item: Leftovers
|-heal|p2a: Billie Eilish|46/100|[from] item: Leftovers
|upkeep
|turn|7
|
|move|p1a: Milotic|Scald|p2a: Billie Eilish
|-damage|p2a: Billie Eilish|23/100
|-formechange|p2a: Billie Eilish|Aegislash-Blade||[from] ability: Stance Change
|move|p2a: Billie Eilish|Shadow Ball|p1a: Milotic
|-damage|p1a: Milotic|53/100
|
|-heal|p1a: Milotic|59/100|[from] item: Leftovers
|-heal|p2a: Billie Eilish|29/100|[from] item: Leftovers
|upkeep
|turn|8
|
|-formechange|p2a: Billie Eilish|Aegislash||[from] ability: Stance Change
|move|p2a: Billie Eilish|King's Shield|p2a: Billie Eilish
|-singleturn|p2a: Billie Eilish|Protect
|move|p1a: Milotic|Recover|p1a: Milotic
|-heal|p1a: Milotic|100/100
|
|-heal|p2a: Billie Eilish|35/100|[from] item: Leftovers
|upkeep
|turn|9
|
|move|p1a: Milotic|Scald|p2a: Billie Eilish
|-damage|p2a: Billie Eilish|13/100
|-formechange|p2a: Billie Eilish|Aegislash-Blade||[from] ability: Stance Change
|move|p2a: Billie Eilish|Shadow Ball|p1a: Milotic
|-damage|p1a: Milotic|78/100
|
|-heal|p1a: Milotic|84/100|[from] item: Leftovers
|-heal|p2a: Billie Eilish|19/100|[from] item: Leftovers
|upkeep
|turn|10
|
|switch|p2a: Bad Guy|Toxicroak, M, shiny|12/100
|move|p1a: Milotic|Ice Beam|p2a: Bad Guy
|-damage|p2a: Bad Guy|0 fnt
|faint|p2a: Bad Guy
|
|-heal|p1a: Milotic|90/100|[from] item: Leftovers
|upkeep
|
|switch|p2a: Pete|Dracozolt|100/100
|turn|11
|
|switch|p1a: Rotom|Rotom-Heat, shiny|100/100
|move|p2a: Pete|Dragon Claw|p1a: Rotom
|-damage|p1a: Rotom|57/100
|
|upkeep
|turn|12
|
|switch|p2a: Billie Eilish|Aegislash, M|19/100
|move|p1a: Rotom|Foul Play|p2a: Billie Eilish
|-supereffective|p2a: Billie Eilish
|-damage|p2a: Billie Eilish|8/100
|
|-heal|p2a: Billie Eilish|14/100|[from] item: Leftovers
|upkeep
|turn|13
|
|move|p1a: Rotom|Discharge|p2a: Billie Eilish
|-damage|p2a: Billie Eilish|0 fnt
|faint|p2a: Billie Eilish
|
|upkeep
|
|switch|p2a: Bernie Sanders|Drampa, M|100/100
|-ability|p2a: Bernie Sanders|Cloud Nine
|turn|14
|
|move|p1a: Rotom|Discharge|p2a: Bernie Sanders
|-resisted|p2a: Bernie Sanders
|-damage|p2a: Bernie Sanders|85/100
|move|p2a: Bernie Sanders|Hyper Voice|p1a: Rotom
|-damage|p1a: Rotom|9/100
|
|upkeep
|turn|15
|
|move|p1a: Rotom|Volt Switch|p2a: Bernie Sanders
|-resisted|p2a: Bernie Sanders
|-damage|p2a: Bernie Sanders|72/100
|
|switch|p1a: Eldegoss|Eldegoss, M, shiny|100/100|[from]move: Volt Switch
|move|p2a: Bernie Sanders|Hyper Voice|p1a: Eldegoss
|-damage|p1a: Eldegoss|53/100
|
|-heal|p1a: Eldegoss|59/100|[from] item: Leftovers
|upkeep
|turn|16
|
|move|p1a: Eldegoss|Leech Seed|p2a: Bernie Sanders
|-start|p2a: Bernie Sanders|move: Leech Seed
|move|p2a: Bernie Sanders|Flamethrower|p1a: Eldegoss
|-supereffective|p1a: Eldegoss
|-damage|p1a: Eldegoss|5/100
|
|-heal|p1a: Eldegoss|11/100|[from] item: Leftovers
|-damage|p2a: Bernie Sanders|60/100|[from] Leech Seed|[of] p1a: Eldegoss
|-heal|p1a: Eldegoss|24/100|[silent]
|upkeep
|turn|17
|
|switch|p1a: Milotic|Milotic, F|90/100
|move|p2a: Bernie Sanders|Flamethrower|p1a: Milotic
|-resisted|p1a: Milotic
|-damage|p1a: Milotic|79/100
|
|-heal|p1a: Milotic|86/100|[from] item: Leftovers
|-damage|p2a: Bernie Sanders|48/100|[from] Leech Seed|[of] p1a: Milotic
|-heal|p1a: Milotic|97/100|[silent]
|upkeep
|turn|18
|
|move|p1a: Milotic|Ice Beam|p2a: Bernie Sanders
|-supereffective|p2a: Bernie Sanders
|-damage|p2a: Bernie Sanders|8/100
|move|p2a: Bernie Sanders|Energy Ball|p1a: Milotic
|-supereffective|p1a: Milotic
|-damage|p1a: Milotic|54/100
|
|-heal|p1a: Milotic|61/100|[from] item: Leftovers
|-damage|p2a: Bernie Sanders|0 fnt|[from] Leech Seed|[of] p1a: Milotic
|-heal|p1a: Milotic|67/100|[silent]
|faint|p2a: Bernie Sanders
|upkeep
|
|switch|p2a: Pete|Dracozolt|100/100
|turn|19
|
|switch|p1a: Grimmsnarl|Grimmsnarl, M|100/100
|move|p2a: Pete|Bolt Beak|p1a: Grimmsnarl|[miss]
|-miss|p2a: Pete|p1a: Grimmsnarl
|
|upkeep
|turn|20
|
|move|p1a: Grimmsnarl|Bulk Up|p1a: Grimmsnarl
|-boost|p1a: Grimmsnarl|atk|1
|-boost|p1a: Grimmsnarl|def|1
|move|p2a: Pete|Bolt Beak|p1a: Grimmsnarl
|-damage|p1a: Grimmsnarl|49/100
|
|-heal|p1a: Grimmsnarl|55/100|[from] item: Leftovers
|upkeep
|turn|21
|
|move|p2a: Pete|Bolt Beak|p1a: Grimmsnarl
|-damage|p1a: Grimmsnarl|0 fnt
|faint|p1a: Grimmsnarl
|
|upkeep
|
|switch|p1a: Steelix|Steelix, F|100/100
|turn|22
|
|switch|p2a: Tidal Wave|Gyarados, F|100/100
|move|p1a: Steelix|Stealth Rock|p2a: Tidal Wave
|-sidestart|p2: holisticplant2020|move: Stealth Rock
|
|upkeep
|turn|23
|
|move|p2a: Tidal Wave|Waterfall|p1a: Steelix
|-supereffective|p1a: Steelix
|-damage|p1a: Steelix|54/100
|cant|p1a: Steelix|flinch
|
|-heal|p1a: Steelix|60/100|[from] item: Leftovers
|upkeep
|turn|24
|
|move|p2a: Tidal Wave|Waterfall|p1a: Steelix
|-supereffective|p1a: Steelix
|-damage|p1a: Steelix|20/100
|move|p1a: Steelix|Dragon Tail|p2a: Tidal Wave
|-damage|p2a: Tidal Wave|85/100
|drag|p2a: Pete|Dracozolt|100/100
|-damage|p2a: Pete|88/100|[from] Stealth Rock
|
|-heal|p2a: Pete|94/100|[from] item: Leftovers
|-heal|p1a: Steelix|27/100|[from] item: Leftovers
|upkeep
|turn|25
|
|move|p2a: Pete|Fire Fang|p1a: Steelix
|-supereffective|p1a: Steelix
|-damage|p1a: Steelix|0 fnt
|faint|p1a: Steelix
|
|-heal|p2a: Pete|100/100|[from] item: Leftovers
|upkeep
|
|switch|p1a: Cofagrigus|Cofagrigus, M|100/100
|turn|26
|
|switch|p2a: Tidal Wave|Gyarados, F|85/100
|-damage|p2a: Tidal Wave|60/100|[from] Stealth Rock
|move|p1a: Cofagrigus|Toxic Spikes|p2a: Tidal Wave
|-sidestart|p2: holisticplant2020|move: Toxic Spikes
|
|upkeep
|turn|27
|
|move|p2a: Tidal Wave|Waterfall|p1a: Cofagrigus
|-damage|p1a: Cofagrigus|74/100
|-activate|p1a: Cofagrigus|ability: Mummy|Moxie|[of] p2a: Tidal Wave
|move|p1a: Cofagrigus|Hex|p2a: Tidal Wave
|-damage|p2a: Tidal Wave|39/100
|
|-heal|p1a: Cofagrigus|80/100|[from] item: Leftovers
|upkeep
|turn|28
|
|move|p2a: Tidal Wave|Waterfall|p1a: Cofagrigus
|-damage|p1a: Cofagrigus|51/100
|move|p1a: Cofagrigus|Hex|p2a: Tidal Wave
|-damage|p2a: Tidal Wave|16/100
|
|-heal|p1a: Cofagrigus|58/100|[from] item: Leftovers
|upkeep
|turn|29
|
|move|p2a: Tidal Wave|Waterfall|p1a: Cofagrigus
|-damage|p1a: Cofagrigus|31/100
|move|p1a: Cofagrigus|Rest|p1a: Cofagrigus
|-status|p1a: Cofagrigus|slp|[from] move: Rest
|-heal|p1a: Cofagrigus|100/100 slp|[silent]
|
|upkeep
|turn|30
|
|switch|p2a: Pete|Dracozolt|100/100
|-status|p2a: Pete|psn
|-damage|p2a: Pete|88/100 psn|[from] Stealth Rock
|switch|p1a: Eldegoss|Eldegoss, M, shiny|58/100
|
|-heal|p2a: Pete|94/100 psn|[from] item: Leftovers
|-heal|p1a: Eldegoss|64/100|[from] item: Leftovers
|-damage|p2a: Pete|82/100 psn|[from] psn
|upkeep
|turn|31
|
|switch|p1a: Rotom|Rotom-Heat, shiny|9/100
|move|p2a: Pete|Fire Fang|p1a: Rotom|[miss]
|-miss|p2a: Pete|p1a: Rotom
|
|-heal|p2a: Pete|88/100 psn|[from] item: Leftovers
|-damage|p2a: Pete|76/100 psn|[from] psn
|upkeep
|turn|32
|
|move|p1a: Rotom|Foul Play|p2a: Pete
|-damage|p2a: Pete|45/100 psn
|move|p2a: Pete|Dragon Claw|p1a: Rotom
|-damage|p1a: Rotom|0 fnt
|faint|p1a: Rotom
|
|-heal|p2a: Pete|52/100 psn|[from] item: Leftovers
|-damage|p2a: Pete|39/100 psn|[from] psn
|upkeep
|
|switch|p1a: Milotic|Milotic, F|67/100
|turn|33
|
|switch|p1a: Eldegoss|Eldegoss, M, shiny|97/100
|move|p2a: Pete|Bolt Beak|p1a: Eldegoss
|-resisted|p1a: Eldegoss
|-damage|p1a: Eldegoss|35/100
|
|-heal|p2a: Pete|45/100 psn|[from] item: Leftovers
|-heal|p1a: Eldegoss|42/100|[from] item: Leftovers
|-damage|p2a: Pete|33/100 psn|[from] psn
|upkeep
|turn|34
|
|switch|p1a: Cofagrigus|Cofagrigus, M|100/100 slp
|move|p2a: Pete|Bolt Beak|p1a: Cofagrigus
|-damage|p1a: Cofagrigus|32/100 slp
|-activate|p1a: Cofagrigus|ability: Mummy|Hustle|[of] p2a: Pete
|
|-heal|p2a: Pete|39/100 psn|[from] item: Leftovers
|-heal|p1a: Cofagrigus|38/100 slp|[from] item: Leftovers
|-damage|p2a: Pete|27/100 psn|[from] psn
|upkeep
|turn|35
|
|move|p2a: Pete|Bolt Beak|p1a: Cofagrigus
|-crit|p1a: Cofagrigus
|-damage|p1a: Cofagrigus|0 fnt
|faint|p1a: Cofagrigus
|
|-heal|p2a: Pete|33/100 psn|[from] item: Leftovers
|-damage|p2a: Pete|21/100 psn|[from] psn
|upkeep
|
|switch|p1a: Eldegoss|Eldegoss, M, shiny|75/100
|turn|36
|
|move|p2a: Pete|Bolt Beak|p1a: Eldegoss
|-resisted|p1a: Eldegoss
|-damage|p1a: Eldegoss|36/100
|move|p1a: Eldegoss|Giga Drain|p2a: Pete
|-resisted|p2a: Pete
|-damage|p2a: Pete|7/100 psn
|-heal|p1a: Eldegoss|44/100|[from] drain|[of] p2a: Pete
|
|-heal|p2a: Pete|13/100 psn|[from] item: Leftovers
|-heal|p1a: Eldegoss|50/100|[from] item: Leftovers
|-damage|p2a: Pete|1/100 psn|[from] psn
|upkeep
|turn|37
|
|move|p2a: Pete|Fire Fang|p1a: Eldegoss
|-supereffective|p1a: Eldegoss
|-damage|p1a: Eldegoss|7/100
|move|p1a: Eldegoss|Rapid Spin|p2a: Pete
|-damage|p2a: Pete|0 fnt
|-activate|p2a: Pete|ability: Mummy|Regenerator|[of] p1a: Eldegoss
|-boost|p1a: Eldegoss|spe|1
|faint|p2a: Pete
|
|-heal|p1a: Eldegoss|13/100|[from] item: Leftovers
|upkeep
|
|switch|p2a: Assange|Excadrill, M|100/100
|-damage|p2a: Assange|97/100|[from] Stealth Rock
|-ability|p2a: Assange|Mold Breaker
|turn|38
|
|move|p2a: Assange|Rapid Spin|p1a: Eldegoss
|-damage|p1a: Eldegoss|0 fnt
|-activate|p1a: Eldegoss|ability: Mummy|Mold Breaker|[of] p2a: Assange
|-sideend|p2: holisticplant2020|Toxic Spikes|[from] move: Rapid Spin|[of] p2a: Assange
|-sideend|p2: holisticplant2020|Stealth Rock|[from] move: Rapid Spin|[of] p2a: Assange
|-boost|p2a: Assange|spe|1
|faint|p1a: Eldegoss
|
|upkeep
|
|switch|p1a: Milotic|Milotic, F|67/100
|turn|39
|
|move|p2a: Assange|Earthquake|p1a: Milotic
|-damage|p1a: Milotic|17/100
|move|p1a: Milotic|Recover|p1a: Milotic
|-heal|p1a: Milotic|67/100
|
|-heal|p1a: Milotic|74/100|[from] item: Leftovers
|upkeep
|turn|40
|
|move|p2a: Assange|Earthquake|p1a: Milotic
|-damage|p1a: Milotic|23/100
|move|p1a: Milotic|Recover|p1a: Milotic
|-heal|p1a: Milotic|73/100
|
|-heal|p1a: Milotic|79/100|[from] item: Leftovers
|upkeep
|turn|41
|
|move|p2a: Assange|Earthquake|p1a: Milotic
|-damage|p1a: Milotic|24/100
|move|p1a: Milotic|Recover|p1a: Milotic
|-heal|p1a: Milotic|74/100
|
|-heal|p1a: Milotic|81/100|[from] item: Leftovers
|upkeep
|turn|42
|
|move|p2a: Assange|Earthquake|p1a: Milotic
|-crit|p1a: Milotic
|-damage|p1a: Milotic|8/100
|move|p1a: Milotic|Recover|p1a: Milotic
|-heal|p1a: Milotic|58/100
|
|-heal|p1a: Milotic|64/100|[from] item: Leftovers
|upkeep
|turn|43
|
|move|p2a: Assange|Earthquake|p1a: Milotic
|-damage|p1a: Milotic|16/100
|move|p1a: Milotic|Recover|p1a: Milotic
|-heal|p1a: Milotic|66/100
|
|-heal|p1a: Milotic|72/100|[from] item: Leftovers
|upkeep
|turn|44
|
|move|p2a: Assange|Earthquake|p1a: Milotic
|-damage|p1a: Milotic|26/100
|move|p1a: Milotic|Recover|p1a: Milotic
|-heal|p1a: Milotic|76/100
|
|-heal|p1a: Milotic|82/100|[from] item: Leftovers
|upkeep
|turn|45
|
|move|p2a: Assange|Earthquake|p1a: Milotic
|-damage|p1a: Milotic|35/100
|move|p1a: Milotic|Recover|p1a: Milotic
|-heal|p1a: Milotic|85/100
|
|-heal|p1a: Milotic|91/100|[from] item: Leftovers
|upkeep
|turn|46
|
|move|p2a: Assange|Earthquake|p1a: Milotic
|-damage|p1a: Milotic|42/100
|move|p1a: Milotic|Recover|p1a: Milotic
|-heal|p1a: Milotic|92/100
|
|-heal|p1a: Milotic|98/100|[from] item: Leftovers
|upkeep
|turn|47
|
|move|p2a: Assange|Iron Head|p1a: Milotic
|-resisted|p1a: Milotic
|-damage|p1a: Milotic|77/100
|move|p1a: Milotic|Recover|p1a: Milotic
|-heal|p1a: Milotic|100/100
|
|upkeep
|turn|48
|
|move|p2a: Assange|Earthquake|p1a: Milotic
|-damage|p1a: Milotic|49/100
|move|p1a: Milotic|Scald|p2a: Assange
|-supereffective|p2a: Assange
|-damage|p2a: Assange|24/100
|
|-heal|p1a: Milotic|55/100|[from] item: Leftovers
|upkeep
|turn|49
|
|move|p2a: Assange|Earthquake|p1a: Milotic
|-damage|p1a: Milotic|4/100
|move|p1a: Milotic|Recover|p1a: Milotic
|-heal|p1a: Milotic|54/100
|
|-heal|p1a: Milotic|60/100|[from] item: Leftovers
|upkeep
|turn|50
|
|move|p2a: Assange|Iron Head|p1a: Milotic
|-resisted|p1a: Milotic
|-damage|p1a: Milotic|40/100
|move|p1a: Milotic|Recover|p1a: Milotic
|-heal|p1a: Milotic|90/100
|
|-heal|p1a: Milotic|96/100|[from] item: Leftovers
|upkeep
|turn|51
|
|move|p2a: Assange|Earthquake|p1a: Milotic
|-damage|p1a: Milotic|45/100
|move|p1a: Milotic|Recover|p1a: Milotic
|-heal|p1a: Milotic|95/100
|
|-heal|p1a: Milotic|100/100|[from] item: Leftovers
|upkeep
|turn|52
|
|move|p2a: Assange|Earthquake|p1a: Milotic
|-damage|p1a: Milotic|50/100
|move|p1a: Milotic|Scald|p2a: Assange
|-supereffective|p2a: Assange
|-damage|p2a: Assange|0 fnt
|faint|p2a: Assange
|
|-heal|p1a: Milotic|56/100|[from] item: Leftovers
|upkeep
|
|switch|p2a: Tidal Wave|Gyarados, F|16/100
|turn|53
|
|move|p2a: Tidal Wave|Earthquake|p1a: Milotic
|-damage|p1a: Milotic|22/100
|move|p1a: Milotic|Recover|p1a: Milotic
|-heal|p1a: Milotic|72/100
|
|-heal|p1a: Milotic|78/100|[from] item: Leftovers
|upkeep
|turn|54
|
|move|p2a: Tidal Wave|Earthquake|p1a: Milotic
|-damage|p1a: Milotic|43/100
|move|p1a: Milotic|Recover|p1a: Milotic
|-heal|p1a: Milotic|93/100
|
|-heal|p1a: Milotic|99/100|[from] item: Leftovers
|upkeep
|turn|55
|
|move|p2a: Tidal Wave|Earthquake|p1a: Milotic
|-damage|p1a: Milotic|63/100
|move|p1a: Milotic|Recover|p1a: Milotic
|-heal|p1a: Milotic|100/100
|
|upkeep
|turn|56
|
|move|p2a: Tidal Wave|Earthquake|p1a: Milotic
|-damage|p1a: Milotic|68/100
|move|p1a: Milotic|Ice Beam|p2a: Tidal Wave
|-damage|p2a: Tidal Wave|0 fnt
|faint|p2a: Tidal Wave
|
|win|Chris Warden
|c|☆Chris Warden|gg
|c|☆holisticplant2020|gg
|raw|Chris Warden's rating: 1169 → 1191(+22 for winning)
|raw|holisticplant2020's rating: 1133 → 1111(-22 for losing)
|l|☆holisticplant2020
