|ScrapeTime|2020-01-01-03:54:34
|j|☆NewYearNewAutism
|j|☆killerkasem
|player|p1|NewYearNewAutism|265|1174
|player|p2|killerkasem|2|1208
|teamsize|p1|6
|teamsize|p2|6
|gametype|singles
|gen|8
|tier|[Gen 8] OU
|rated|
|rule|Sleep Clause Mod: Limit one foe put to sleep
|rule|Species Clause: Limit one of each Pokémon
|rule|OHKO Clause: OHKO moves are banned
|rule|Evasion Moves Clause: Evasion moves are banned
|rule|Endless Battle Clause: Forcing endless battles is banned
|rule|HP Percentage Mod: HP is shown in percentages
|clearpoke
|poke|p1|Dracovish|
|poke|p1|Clefable, M|
|poke|p1|Corviknight, F|
|poke|p1|Hydreigon, M|
|poke|p1|Ferrothorn, M|
|poke|p1|Gastrodon, F|
|poke|p2|Accelgor, F|
|poke|p2|Clefable, F|
|poke|p2|Morpeko, F|
|poke|p2|Dragapult, F|
|poke|p2|Cinderace, F|
|poke|p2|Gyarados, M|
|rule|Dynamax Clause: You cannot dynamax
|teampreview
|
|start
|switch|p1a: Dracovish|Dracovish|100/100
|switch|p2a: Clefable|Clefable, F|100/100
|turn|1
|
|switch|p2a: Dragapult|Dragapult, F|100/100
|move|p1a: Dracovish|Fishious Rend|p2a: Dragapult
|-resisted|p2a: Dragapult
|-damage|p2a: Dragapult|19/100
|
|upkeep
|turn|2
|
|switch|p1a: Ferrothorn|Ferrothorn, M|100/100
|move|p2a: Dragapult|Draco Meteor|p1a: Ferrothorn|[miss]
|-miss|p2a: Dragapult|p1a: Ferrothorn
|
|upkeep
|turn|3
|
|switch|p2a: Clefable|Clefable, F|100/100
|move|p1a: Ferrothorn|Stealth Rock|p2a: Clefable
|-sidestart|p2: killerkasem|move: Stealth Rock
|
|upkeep
|turn|4
|
|switch|p1a: Corviknight|Corviknight, F|100/100
|-ability|p1a: Corviknight|Pressure
|move|p2a: Clefable|Moonblast|p1a: Corviknight
|-resisted|p1a: Corviknight
|-damage|p1a: Corviknight|80/100
|-unboost|p1a: Corviknight|spa|1
|
|-heal|p1a: Corviknight|86/100|[from] item: Leftovers
|upkeep
|turn|5
|
|move|p1a: Corviknight|U-turn|p2a: Clefable
|-resisted|p2a: Clefable
|-damage|p2a: Clefable|92/100
|inactive|Battle timer is ON: inactive players will automatically lose when time's up. (requested by killerkasem)
|
|switch|p1a: Dracovish|Dracovish|100/100|[from]move: U-turn
|move|p2a: Clefable|Fire Blast|p1a: Dracovish
|-resisted|p1a: Dracovish
|-damage|p1a: Dracovish|87/100
|
|upkeep
|turn|6
|
|switch|p2a: Accelgor|Accelgor, F|100/100
|-damage|p2a: Accelgor|76/100|[from] Stealth Rock
|move|p1a: Dracovish|Fishious Rend|p2a: Accelgor
|-crit|p2a: Accelgor
|-damage|p2a: Accelgor|0 fnt
|faint|p2a: Accelgor
|
|upkeep
|
|switch|p2a: Dragapult|Dragapult, F|19/100
|-damage|p2a: Dragapult|6/100|[from] Stealth Rock
|turn|7
|inactive|NewYearNewAutism has 120 seconds left.
|
|move|p2a: Dragapult|Draco Meteor|p1a: Dracovish
|-supereffective|p1a: Dracovish
|-damage|p1a: Dracovish|0 fnt
|-unboost|p2a: Dragapult|spa|2
|faint|p1a: Dracovish
|
|upkeep
|
|switch|p1a: Corviknight|Corviknight, F|86/100
|-ability|p1a: Corviknight|Pressure
|turn|8
|
|switch|p2a: Cinderace|Cinderace, F|100/100
|move|p1a: Corviknight|U-turn|p2a: Cinderace
|-resisted|p2a: Cinderace
|-damage|p2a: Cinderace|91/100
|
|switch|p1a: Clefable|Clefable, M|100/100|[from]move: U-turn
|
|upkeep
|turn|9
|
|move|p2a: Cinderace|Court Change|p2a: Cinderace
|-sideend|p2: killerkasem|Stealth Rock|[silent]
|-sidestart|p1: NewYearNewAutism|Stealth Rock|[silent]
|-activate|p2a: Cinderace|move: Court Change
|move|p1a: Clefable|Thunderbolt|p2a: Cinderace
|-damage|p2a: Cinderace|41/100
|
|upkeep
|turn|10
|
|move|p2a: Cinderace|U-turn|p1a: Clefable
|-resisted|p1a: Clefable
|-damage|p1a: Clefable|88/100
|
|switch|p2a: Clefable|Clefable, F|92/100|[from]move: U-turn
|move|p1a: Clefable|Thunderbolt|p2a: Clefable
|-crit|p2a: Clefable
|-damage|p2a: Clefable|40/100
|-status|p2a: Clefable|par
|
|upkeep
|turn|11
|
|move|p1a: Clefable|Moonblast|p2a: Clefable
|-damage|p2a: Clefable|0 fnt
|faint|p2a: Clefable
|
|upkeep
|c|☆killerkasem|crit and para
|c|☆NewYearNewAutism|cry harder
|inactive|killerkasem has 120 seconds left.
|c|☆killerkasem|shut up dumbass
|
|switch|p2a: Morpeko|Morpeko, F|100/100
|turn|12
|inactive|killerkasem has 120 seconds left.
|c|☆NewYearNewAutism|you're the one who started talking dumbass
|
|move|p2a: Morpeko|Aura Wheel|p1a: Clefable
|-crit|p1a: Clefable
|-damage|p1a: Clefable|0 fnt
|-boost|p2a: Morpeko|spe|1
|faint|p1a: Clefable
|
|-formechange|p2a: Morpeko|Morpeko-Hangry||[from] ability: Hunger Switch
|upkeep
|c|☆killerkasem|ahahahhaha
|c|☆NewYearNewAutism|nice crit
|c|☆killerkasem|cry harder
|c|☆NewYearNewAutism|buit you won't bitch about that one
|inactive|NewYearNewAutism has 120 seconds left.
|
|switch|p1a: Gastrodon|Gastrodon, F|100/100
|-damage|p1a: Gastrodon|94/100|[from] Stealth Rock
|turn|13
|c|☆killerkasem|why would i
|
|switch|p2a: Gyarados|Gyarados, M|100/100
|-ability|p2a: Gyarados|Intimidate|boost
|-unboost|p1a: Gastrodon|atk|1
|move|p1a: Gastrodon|Recover|p1a: Gastrodon
|-heal|p1a: Gastrodon|100/100
|
|upkeep
|turn|14
|
|move|p2a: Gyarados|Dragon Dance|p2a: Gyarados
|-boost|p2a: Gyarados|atk|1
|-boost|p2a: Gyarados|spe|1
|move|p1a: Gastrodon|Scald|p2a: Gyarados
|-resisted|p2a: Gyarados
|-damage|p2a: Gyarados|87/100
|
|upkeep
|turn|15
|
|switch|p1a: Ferrothorn|Ferrothorn, M|100/100
|-damage|p1a: Ferrothorn|94/100|[from] Stealth Rock
|move|p2a: Gyarados|Power Whip|p1a: Ferrothorn
|-resisted|p1a: Ferrothorn
|-damage|p1a: Ferrothorn|85/100
|-damage|p2a: Gyarados|75/100|[from] ability: Iron Barbs|[of] p1a: Ferrothorn
|
|-heal|p1a: Ferrothorn|91/100|[from] item: Leftovers
|upkeep
|turn|16
|
|move|p2a: Gyarados|Dragon Dance|p2a: Gyarados
|-boost|p2a: Gyarados|atk|1
|-boost|p2a: Gyarados|spe|1
|move|p1a: Ferrothorn|Leech Seed|p2a: Gyarados
|-start|p2a: Gyarados|move: Leech Seed
|
|-heal|p1a: Ferrothorn|98/100|[from] item: Leftovers
|-damage|p2a: Gyarados|62/100|[from] Leech Seed|[of] p1a: Ferrothorn
|-heal|p1a: Ferrothorn|100/100|[silent]
|upkeep
|turn|17
|
|switch|p2a: Cinderace|Cinderace, F|41/100
|move|p1a: Ferrothorn|Knock Off|p2a: Cinderace
|-damage|p2a: Cinderace|11/100
|-enditem|p2a: Cinderace|Heavy-Duty Boots|[from] move: Knock Off|[of] p1a: Ferrothorn
|
|upkeep
|turn|18
|
|switch|p1a: Gastrodon|Gastrodon, F|100/100
|-damage|p1a: Gastrodon|94/100|[from] Stealth Rock
|move|p2a: Cinderace|U-turn|p1a: Gastrodon
|-damage|p1a: Gastrodon|72/100
|
|switch|p2a: Gyarados|Gyarados, M|62/100|[from]move: U-turn
|-ability|p2a: Gyarados|Intimidate|boost
|-unboost|p1a: Gastrodon|atk|1
|
|-heal|p1a: Gastrodon|78/100|[from] item: Leftovers
|upkeep
|turn|19
|
|switch|p2a: Cinderace|Cinderace, F|11/100
|switch|p1a: Ferrothorn|Ferrothorn, M|100/100
|-damage|p1a: Ferrothorn|94/100|[from] Stealth Rock
|
|-heal|p1a: Ferrothorn|100/100|[from] item: Leftovers
|upkeep
|turn|20
|
|move|p1a: Ferrothorn|Protect|p1a: Ferrothorn
|-singleturn|p1a: Ferrothorn|Protect
|move|p2a: Cinderace|Pyro Ball|p1a: Ferrothorn
|-activate|p1a: Ferrothorn|move: Protect
|
|upkeep
|turn|21
|
|switch|p1a: Gastrodon|Gastrodon, F|78/100
|-damage|p1a: Gastrodon|72/100|[from] Stealth Rock
|move|p2a: Cinderace|U-turn|p1a: Gastrodon
|-damage|p1a: Gastrodon|50/100
|
|switch|p2a: Gyarados|Gyarados, M|62/100|[from]move: U-turn
|-ability|p2a: Gyarados|Intimidate|boost
|-unboost|p1a: Gastrodon|atk|1
|
|-heal|p1a: Gastrodon|56/100|[from] item: Leftovers
|upkeep
|turn|22
|
|move|p2a: Gyarados|Power Whip|p1a: Gastrodon
|-supereffective|p1a: Gastrodon
|-damage|p1a: Gastrodon|0 fnt
|faint|p1a: Gastrodon
|
|upkeep
|c|☆killerkasem|omg outplayed so hard
|inactive|NewYearNewAutism has 120 seconds left.
|
|switch|p1a: Hydreigon|Hydreigon, M|100/100
|-damage|p1a: Hydreigon|88/100|[from] Stealth Rock
|turn|23
|
|move|p1a: Hydreigon|Substitute|p1a: Hydreigon
|-start|p1a: Hydreigon|Substitute
|-damage|p1a: Hydreigon|63/100
|move|p2a: Gyarados|Bounce||[still]
|-prepare|p2a: Gyarados|Bounce|p1a: Hydreigon
|
|-heal|p1a: Hydreigon|69/100|[from] item: Leftovers
|upkeep
|turn|24
|
|move|p1a: Hydreigon|Nasty Plot|p1a: Hydreigon
|-boost|p1a: Hydreigon|spa|2
|move|p2a: Gyarados|Bounce|p1a: Hydreigon|[from]lockedmove|[miss]
|-miss|p2a: Gyarados|p1a: Hydreigon
|
|-heal|p1a: Hydreigon|76/100|[from] item: Leftovers
|upkeep
|turn|25
|
|move|p1a: Hydreigon|Dark Pulse|p2a: Gyarados
|-damage|p2a: Gyarados|0 fnt
|faint|p2a: Gyarados
|
|-heal|p1a: Hydreigon|82/100|[from] item: Leftovers
|upkeep
|c|☆killerkasem|damn that miss was bad
|
|switch|p2a: Dragapult|Dragapult, F|6/100
|turn|26
|
|switch|p1a: Ferrothorn|Ferrothorn, M|100/100
|-damage|p1a: Ferrothorn|94/100|[from] Stealth Rock
|move|p2a: Dragapult|U-turn|p1a: Ferrothorn
|-damage|p1a: Ferrothorn|84/100
|-damage|p2a: Dragapult|0 fnt|[from] ability: Iron Barbs|[of] p1a: Ferrothorn
|faint|p2a: Dragapult
|
|-heal|p1a: Ferrothorn|90/100|[from] item: Leftovers
|upkeep
|
|switch|p2a: Cinderace|Cinderace, F|11/100
|turn|27
|inactive|NewYearNewAutism has 120 seconds left.
|
|move|p2a: Cinderace|Pyro Ball|p1a: Ferrothorn
|-supereffective|p1a: Ferrothorn
|-crit|p1a: Ferrothorn
|-damage|p1a: Ferrothorn|0 fnt
|faint|p1a: Ferrothorn
|
|upkeep
|
|switch|p1a: Hydreigon|Hydreigon, M|82/100
|-damage|p1a: Hydreigon|69/100|[from] Stealth Rock
|turn|28
|
|move|p2a: Cinderace|U-turn|p1a: Hydreigon
|-supereffective|p1a: Hydreigon
|-damage|p1a: Hydreigon|18/100
|
|switch|p2a: Morpeko|Morpeko, F|100/100|[from]move: U-turn
|move|p1a: Hydreigon|Nasty Plot|p1a: Hydreigon
|-boost|p1a: Hydreigon|spa|2
|
|-heal|p1a: Hydreigon|24/100|[from] item: Leftovers
|-formechange|p2a: Morpeko|Morpeko-Hangry||[from] ability: Hunger Switch
|upkeep
|turn|29
|inactive|killerkasem has 120 seconds left.
|
|move|p1a: Hydreigon|Flash Cannon|p2a: Morpeko
|-resisted|p2a: Morpeko
|-damage|p2a: Morpeko|46/100
|move|p2a: Morpeko|Aura Wheel|p1a: Hydreigon
|-resisted|p1a: Hydreigon
|-damage|p1a: Hydreigon|0 fnt
|-boost|p2a: Morpeko|spe|1
|faint|p1a: Hydreigon
|
|-formechange|p2a: Morpeko|Morpeko||[from] ability: Hunger Switch
|upkeep
|
|switch|p1a: Corviknight|Corviknight, F|86/100
|-damage|p1a: Corviknight|73/100|[from] Stealth Rock
|-ability|p1a: Corviknight|Pressure
|turn|30
|-message|NewYearNewAutism forfeited.
|
|win|killerkasem
|l|☆NewYearNewAutism
|raw|NewYearNewAutism's rating: 1174 → 1151(-23 for losing)
|raw|killerkasem's rating: 1208 → 1230(+22 for winning)
