|ScrapeTime|2020-01-01-03:46:31
|j|☆eiscuesemedearmiss
|j|☆zezleijon
|player|p1|eiscuesemedearmiss|34|1000
|player|p2|zezleijon|265|1043
|teamsize|p1|6
|teamsize|p2|6
|gametype|singles
|gen|8
|tier|[Gen 8] OU
|rated|
|rule|Sleep Clause Mod: Limit one foe put to sleep
|rule|Species Clause: Limit one of each Pokémon
|rule|OHKO Clause: OHKO moves are banned
|rule|Evasion Moves Clause: Evasion moves are banned
|rule|Endless Battle Clause: Forcing endless battles is banned
|rule|HP Percentage Mod: HP is shown in percentages
|clearpoke
|poke|p1|Grimmsnarl, M|
|poke|p1|Mew|
|poke|p1|Eiscue, M|
|poke|p1|Bisharp, M|
|poke|p1|Kommo-o, M|
|poke|p1|Polteageist|
|poke|p2|Aegislash, F|
|poke|p2|Dragapult, M|
|poke|p2|Corsola-Galar, M|
|poke|p2|Ribombee, F|
|poke|p2|Toxapex, F|
|poke|p2|Corviknight, M|
|rule|Dynamax Clause: You cannot dynamax
|teampreview
|
|start
|switch|p1a: Grimmsnarl|Grimmsnarl, M|100/100
|switch|p2a: Ribombee|Ribombee, F|100/100
|turn|1
|
|move|p1a: Grimmsnarl|Taunt|p2a: Ribombee
|-start|p2a: Ribombee|move: Taunt
|cant|p2a: Ribombee|move: Taunt|Sticky Web
|
|upkeep
|turn|2
|
|move|p1a: Grimmsnarl|Light Screen|p1a: Grimmsnarl
|-sidestart|p1: eiscuesemedearmiss|move: Light Screen
|move|p2a: Ribombee|Moonblast|p1a: Grimmsnarl
|-supereffective|p1a: Grimmsnarl
|-damage|p1a: Grimmsnarl|51/100
|
|upkeep
|turn|3
|
|switch|p1a: Kommo-o|Kommo-o, M|100/100
|move|p2a: Ribombee|Moonblast|p1a: Kommo-o
|-supereffective|p1a: Kommo-o
|-damage|p1a: Kommo-o|0 fnt
|faint|p1a: Kommo-o
|
|-end|p2a: Ribombee|move: Taunt
|upkeep
|
|switch|p1a: Bisharp|Bisharp, M|100/100
|turn|4
|
|move|p2a: Ribombee|Sticky Web|p1a: Bisharp
|-sidestart|p1: eiscuesemedearmiss|move: Sticky Web
|move|p1a: Bisharp|Throat Chop|p2a: Ribombee
|-resisted|p2a: Ribombee
|-damage|p2a: Ribombee|47/100
|
|-heal|p2a: Ribombee|53/100|[from] item: Leftovers
|upkeep
|turn|5
|
|move|p2a: Ribombee|Quiver Dance|p2a: Ribombee
|-boost|p2a: Ribombee|spa|1
|-boost|p2a: Ribombee|spd|1
|-boost|p2a: Ribombee|spe|1
|move|p1a: Bisharp|Throat Chop|p2a: Ribombee
|-resisted|p2a: Ribombee
|-damage|p2a: Ribombee|3/100
|
|-heal|p2a: Ribombee|9/100|[from] item: Leftovers
|upkeep
|turn|6
|
|move|p1a: Bisharp|Sucker Punch|p2a: Ribombee
|-resisted|p2a: Ribombee
|-damage|p2a: Ribombee|0 fnt
|faint|p2a: Ribombee
|
|upkeep
|
|switch|p2a: Corsola|Corsola-Galar, M|100/100
|turn|7
|
|move|p1a: Bisharp|Swords Dance|p1a: Bisharp
|-boost|p1a: Bisharp|atk|2
|move|p2a: Corsola|Will-O-Wisp|p1a: Bisharp
|-status|p1a: Bisharp|brn
|
|-damage|p1a: Bisharp|94/100 brn|[from] brn
|upkeep
|turn|8
|
|move|p1a: Bisharp|Swords Dance|p1a: Bisharp
|-boost|p1a: Bisharp|atk|2
|move|p2a: Corsola|Confuse Ray|p1a: Bisharp
|-start|p1a: Bisharp|confusion
|
|-damage|p1a: Bisharp|88/100 brn|[from] brn
|upkeep
|turn|9
|
|-activate|p1a: Bisharp|confusion
|-damage|p1a: Bisharp|62/100 brn|[from] confusion
|move|p2a: Corsola|Strength Sap|p1a: Bisharp
|-unboost|p1a: Bisharp|atk|1
|-ability|p1a: Bisharp|Defiant
|-boost|p1a: Bisharp|atk|2
|
|-damage|p1a: Bisharp|56/100 brn|[from] brn
|-sideend|p1: eiscuesemedearmiss|move: Light Screen
|upkeep
|turn|10
|
|-activate|p1a: Bisharp|confusion
|-damage|p1a: Bisharp|25/100 brn|[from] confusion
|move|p2a: Corsola|Night Shade|p1a: Bisharp
|-damage|p1a: Bisharp|0 fnt
|faint|p1a: Bisharp
|
|upkeep
|c|☆eiscuesemedearmiss|LMFAO
|c|☆eiscuesemedearmiss|CRINGE
|-message|eiscuesemedearmiss forfeited.
|
|win|zezleijon
|l|☆eiscuesemedearmiss
|c|☆zezleijon|Ouch
|raw|eiscuesemedearmiss's rating: 1000 → 1000(+0 for losing)
|raw|zezleijon's rating: 1043 → 1072(+29 for winning)
