|ScrapeTime|2020-01-01-00:55:28
|j|☆omafa
|j|☆Leohstrecci
|player|p1|omafa|102|1216
|player|p2|Leohstrecci|lance-gen2|1262
|teamsize|p1|6
|teamsize|p2|6
|gametype|singles
|gen|8
|tier|[Gen 8] OU
|rated|
|rule|Sleep Clause Mod: Limit one foe put to sleep
|rule|Species Clause: Limit one of each Pokémon
|rule|OHKO Clause: OHKO moves are banned
|rule|Evasion Moves Clause: Evasion moves are banned
|rule|Endless Battle Clause: Forcing endless battles is banned
|rule|HP Percentage Mod: HP is shown in percentages
|clearpoke
|poke|p1|Rotom-Wash|
|poke|p1|Aegislash, M|
|poke|p1|Gyarados, F|
|poke|p1|Kommo-o, M|
|poke|p1|Rillaboom, M|
|poke|p1|Excadrill, F|
|poke|p2|Mimikyu, M|
|poke|p2|Hydreigon, M|
|poke|p2|Jellicent, M|
|poke|p2|Conkeldurr, F|
|poke|p2|Toxtricity-Low-Key, F|
|poke|p2|Excadrill, M|
|rule|Dynamax Clause: You cannot dynamax
|teampreview
|
|start
|switch|p1a: Rillaboom|Rillaboom, M|100/100
|switch|p2a: Toxtricity|Toxtricity-Low-Key, F|100/100
|turn|1
|inactive|Battle timer is ON: inactive players will automatically lose when time's up. (requested by Leohstrecci)
|
|move|p1a: Rillaboom|U-turn|p2a: Toxtricity
|-resisted|p2a: Toxtricity
|-damage|p2a: Toxtricity|81/100
|
|switch|p1a: Excadrill|Excadrill, F|100/100|[from]move: U-turn
|-ability|p1a: Excadrill|Mold Breaker
|move|p2a: Toxtricity|Boomburst|p1a: Excadrill
|-resisted|p1a: Excadrill
|-damage|p1a: Excadrill|59/100
|
|upkeep
|turn|2
|
|switch|p2a: Jellicent|Jellicent, M|100/100
|move|p1a: Excadrill|Earthquake|p2a: Jellicent
|-damage|p2a: Jellicent|51/100
|
|-heal|p2a: Jellicent|57/100|[from] item: Leftovers
|upkeep
|turn|3
|
|switch|p1a: Rotom|Rotom-Wash|100/100
|move|p2a: Jellicent|Strength Sap|p1a: Rotom
|-unboost|p1a: Rotom|atk|1
|-heal|p2a: Jellicent|89/100
|
|-heal|p2a: Jellicent|95/100|[from] item: Leftovers
|upkeep
|turn|4
|
|switch|p2a: Toxtricity|Toxtricity-Low-Key, F|81/100
|move|p1a: Rotom|Will-O-Wisp|p2a: Toxtricity
|-status|p2a: Toxtricity|brn
|
|-damage|p2a: Toxtricity|75/100 brn|[from] brn
|upkeep
|turn|5
|
|switch|p1a: Aegislash|Aegislash, M|100/100
|move|p2a: Toxtricity|Boomburst|p1a: Aegislash
|-immune|p1a: Aegislash
|
|-damage|p2a: Toxtricity|69/100 brn|[from] brn
|upkeep
|turn|6
|
|switch|p2a: Excadrill|Excadrill, M|100/100
|-formechange|p1a: Aegislash|Aegislash-Blade||[from] ability: Stance Change
|move|p1a: Aegislash|Flash Cannon|p2a: Excadrill
|-resisted|p2a: Excadrill
|-damage|p2a: Excadrill|67/100
|
|upkeep
|turn|7
|
|switch|p1a: Rotom|Rotom-Wash|100/100
|move|p2a: Excadrill|Stealth Rock|p1a: Rotom
|-sidestart|p1: omafa|move: Stealth Rock
|
|upkeep
|turn|8
|c|☆omafa|you might want to change your exca
|
|switch|p2a: Toxtricity|Toxtricity-Low-Key, F|69/100 brn
|move|p1a: Rotom|Will-O-Wisp|p2a: Toxtricity
|-fail|p2a: Toxtricity|brn
|
|-damage|p2a: Toxtricity|62/100 brn|[from] brn
|upkeep
|turn|9
|
|switch|p1a: Excadrill|Excadrill, F|59/100
|-damage|p1a: Excadrill|56/100|[from] Stealth Rock
|-ability|p1a: Excadrill|Mold Breaker
|move|p2a: Toxtricity|Snarl|p1a: Excadrill
|-damage|p1a: Excadrill|24/100
|-unboost|p1a: Excadrill|spa|1
|
|-damage|p2a: Toxtricity|56/100 brn|[from] brn
|upkeep
|turn|10
|
|switch|p1a: Rillaboom|Rillaboom, M|100/100
|-damage|p1a: Rillaboom|88/100|[from] Stealth Rock
|move|p2a: Toxtricity|Snarl|p1a: Rillaboom
|-damage|p1a: Rillaboom|56/100
|-unboost|p1a: Rillaboom|spa|1
|
|-damage|p2a: Toxtricity|50/100 brn|[from] brn
|upkeep
|turn|11
|inactive|omafa has 120 seconds left.
|
|switch|p2a: Jellicent|Jellicent, M|95/100
|move|p1a: Rillaboom|Knock Off|p2a: Jellicent
|-supereffective|p2a: Jellicent
|-damage|p2a: Jellicent|34/100
|-enditem|p2a: Jellicent|Leftovers|[from] move: Knock Off|[of] p1a: Rillaboom
|
|upkeep
|turn|12
|
|move|p1a: Rillaboom|Knock Off|p2a: Jellicent
|-supereffective|p2a: Jellicent
|-damage|p2a: Jellicent|0 fnt
|faint|p2a: Jellicent
|
|upkeep
|
|switch|p2a: Hydreigon|Hydreigon, M|100/100
|turn|13
|inactive|omafa has 120 seconds left.
|
|switch|p1a: Rotom|Rotom-Wash|100/100
|-damage|p1a: Rotom|88/100|[from] Stealth Rock
|move|p2a: Hydreigon|Dragon Dance|p2a: Hydreigon
|-boost|p2a: Hydreigon|atk|1
|-boost|p2a: Hydreigon|spe|1
|
|-heal|p1a: Rotom|94/100|[from] item: Leftovers
|upkeep
|turn|14
|
|switch|p2a: Toxtricity|Toxtricity-Low-Key, F|50/100 brn
|move|p1a: Rotom|Thunder Wave||[still]
|-fail|p1a: Rotom
|
|-heal|p1a: Rotom|99/100|[from] item: Leftovers
|-damage|p2a: Toxtricity|44/100 brn|[from] brn
|upkeep
|turn|15
|inactive|omafa has 120 seconds left.
|
|move|p2a: Toxtricity|Boomburst|p1a: Rotom
|-damage|p1a: Rotom|40/100
|move|p1a: Rotom|Volt Switch|p2a: Toxtricity
|-resisted|p2a: Toxtricity
|-damage|p2a: Toxtricity|26/100 brn
|inactive|omafa has 120 seconds left.
|
|switch|p1a: Kommo-o|Kommo-o, M|100/100|[from]move: Volt Switch
|-damage|p1a: Kommo-o|94/100|[from] Stealth Rock
|
|-heal|p1a: Kommo-o|100/100|[from] item: Leftovers
|-damage|p2a: Toxtricity|20/100 brn|[from] brn
|upkeep
|turn|16
|inactive|omafa has 120 seconds left.
|
|switch|p2a: Mimikyu|Mimikyu, M|100/100
|move|p1a: Kommo-o|Clangorous Soul|p1a: Kommo-o
|-boost|p1a: Kommo-o|atk|1
|-boost|p1a: Kommo-o|def|1
|-boost|p1a: Kommo-o|spa|1
|-boost|p1a: Kommo-o|spd|1
|-boost|p1a: Kommo-o|spe|1
|-damage|p1a: Kommo-o|67/100
|
|-heal|p1a: Kommo-o|73/100|[from] item: Leftovers
|upkeep
|turn|17
|inactive|omafa has 120 seconds left.
|
|move|p1a: Kommo-o|Flamethrower|p2a: Mimikyu
|-activate|p2a: Mimikyu|ability: Disguise
|-damage|p2a: Mimikyu|100/100
|detailschange|p2a: Mimikyu|Mimikyu-Busted, M
|-damage|p2a: Mimikyu|88/100|[from] ability: Disguise|[of] p2a: Mimikyu
|move|p2a: Mimikyu|Play Rough|p1a: Kommo-o
|-supereffective|p1a: Kommo-o
|-damage|p1a: Kommo-o|0 fnt
|-damage|p2a: Mimikyu|78/100|[from] item: Life Orb
|faint|p1a: Kommo-o
|
|upkeep
|inactive|omafa has 120 seconds left.
|
|switch|p1a: Rillaboom|Rillaboom, M|56/100
|-damage|p1a: Rillaboom|44/100|[from] Stealth Rock
|turn|18
|
|switch|p2a: Hydreigon|Hydreigon, M|100/100
|move|p1a: Rillaboom|Wood Hammer|p2a: Hydreigon
|-resisted|p2a: Hydreigon
|-damage|p2a: Hydreigon|67/100
|-damage|p1a: Rillaboom|33/100|[from] Recoil
|
|upkeep
|turn|19
|
|switch|p1a: Rotom|Rotom-Wash|40/100
|-damage|p1a: Rotom|27/100|[from] Stealth Rock
|move|p2a: Hydreigon|Dragon Dance|p2a: Hydreigon
|-boost|p2a: Hydreigon|atk|1
|-boost|p2a: Hydreigon|spe|1
|
|-heal|p1a: Rotom|33/100|[from] item: Leftovers
|upkeep
|turn|20
|
|move|p2a: Hydreigon|Crunch|p1a: Rotom
|-damage|p1a: Rotom|0 fnt
|-damage|p2a: Hydreigon|57/100|[from] item: Life Orb
|faint|p1a: Rotom
|
|upkeep
|inactive|omafa has 120 seconds left.
|
|switch|p1a: Gyarados|Gyarados, F|100/100
|-damage|p1a: Gyarados|76/100|[from] Stealth Rock
|turn|21
|inactive|omafa has 120 seconds left.
|
|move|p2a: Hydreigon|Outrage|p1a: Gyarados
|-damage|p1a: Gyarados|0 fnt
|-damage|p2a: Hydreigon|47/100|[from] item: Life Orb
|faint|p1a: Gyarados
|
|upkeep
|
|switch|p1a: Aegislash|Aegislash, M|100/100
|-damage|p1a: Aegislash|94/100|[from] Stealth Rock
|turn|22
|
|move|p2a: Hydreigon|Outrage|p1a: Aegislash|[from]lockedmove
|-resisted|p1a: Aegislash
|-damage|p1a: Aegislash|54/100
|-damage|p2a: Hydreigon|37/100|[from] item: Life Orb
|-formechange|p1a: Aegislash|Aegislash-Blade||[from] ability: Stance Change
|move|p1a: Aegislash|Flash Cannon|p2a: Hydreigon
|-damage|p2a: Hydreigon|0 fnt
|faint|p2a: Hydreigon
|
|-heal|p1a: Aegislash|60/100|[from] item: Leftovers
|upkeep
|
|switch|p2a: Excadrill|Excadrill, M|67/100
|turn|23
|
|move|p2a: Excadrill|Earthquake|p1a: Aegislash
|-supereffective|p1a: Aegislash
|-damage|p1a: Aegislash|0 fnt
|faint|p1a: Aegislash
|
|upkeep
|
|switch|p1a: Rillaboom|Rillaboom, M|33/100
|-damage|p1a: Rillaboom|21/100|[from] Stealth Rock
|turn|24
|inactive|omafa has 120 seconds left.
|
|move|p1a: Rillaboom|Wood Hammer|p2a: Excadrill
|-damage|p2a: Excadrill|0 fnt
|-damage|p1a: Rillaboom|0 fnt|[from] Recoil
|faint|p2a: Excadrill
|faint|p1a: Rillaboom
|
|upkeep
|c|☆omafa|gg
|
|switch|p2a: Toxtricity|Toxtricity-Low-Key, F|20/100 brn
|switch|p1a: Excadrill|Excadrill, F|24/100
|-damage|p1a: Excadrill|21/100|[from] Stealth Rock
|-ability|p1a: Excadrill|Mold Breaker
|turn|25
|
|move|p2a: Toxtricity|Boomburst|p1a: Excadrill
|-resisted|p1a: Excadrill
|-damage|p1a: Excadrill|0 fnt
|faint|p1a: Excadrill
|
|win|Leohstrecci
|l|☆omafa
|raw|omafa's rating: 1216 → 1194(-22 for losing)
|raw|Leohstrecci's rating: 1262 → 1284(+22 for winning)
