|ScrapeTime|2020-01-01-01:06:52
|j|☆Isaac_Gam3r
|j|☆rfriedrich16
|player|p1|Isaac_Gam3r|acetrainer-gen4dp|1349
|player|p2|rfriedrich16|76|1303
|teamsize|p1|6
|teamsize|p2|6
|gametype|singles
|gen|8
|tier|[Gen 8] OU
|rated|
|rule|Sleep Clause Mod: Limit one foe put to sleep
|rule|Species Clause: Limit one of each Pokémon
|rule|OHKO Clause: OHKO moves are banned
|rule|Evasion Moves Clause: Evasion moves are banned
|rule|Endless Battle Clause: Forcing endless battles is banned
|rule|HP Percentage Mod: HP is shown in percentages
|clearpoke
|poke|p1|Gardevoir, F|
|poke|p1|Aegislash, M|
|poke|p1|Gourgeist-*, F|
|poke|p1|Excadrill, M|
|poke|p1|Rotom-Heat|
|poke|p1|Umbreon, F|
|poke|p2|Corsola-Galar, F|
|poke|p2|Mandibuzz, F|
|poke|p2|Dragapult, F|
|poke|p2|Rotom-Wash|
|poke|p2|Dracozolt|
|poke|p2|Ribombee, M|
|rule|Dynamax Clause: You cannot dynamax
|teampreview
|
|start
|switch|p1a: Excadrill|Excadrill, M, shiny|100/100
|switch|p2a: Rotom|Rotom-Wash|100/100
|-ability|p1a: Excadrill|Mold Breaker
|turn|1
|
|move|p2a: Rotom|Hydro Pump|p1a: Excadrill
|-supereffective|p1a: Excadrill
|-damage|p1a: Excadrill|0 fnt
|faint|p1a: Excadrill
|
|upkeep
|
|switch|p1a: Gardevoir|Gardevoir, F, shiny|100/100
|-ability|p1a: Gardevoir|Levitate|[from] ability: Trace|[of] p2a: Rotom
|turn|2
|
|switch|p2a: Corsola|Corsola-Galar, F, shiny|100/100
|move|p1a: Gardevoir|Energy Ball|p2a: Corsola
|-damage|p2a: Corsola|78/100
|
|upkeep
|turn|3
|
|switch|p1a: Umbreon|Umbreon, F, shiny|100/100
|move|p2a: Corsola|Stealth Rock|p1a: Umbreon
|-sidestart|p1: Isaac_Gam3r|move: Stealth Rock
|
|upkeep
|turn|4
|inactive|Battle timer is ON: inactive players will automatically lose when time's up. (requested by Isaac_Gam3r)
|
|switch|p2a: Rotom|Rotom-Wash|100/100
|move|p1a: Umbreon|Taunt|p2a: Rotom
|-start|p2a: Rotom|move: Taunt
|
|upkeep
|turn|5
|
|move|p1a: Umbreon|Protect|p1a: Umbreon
|-singleturn|p1a: Umbreon|Protect
|move|p2a: Rotom|Volt Switch|p1a: Umbreon
|-activate|p1a: Umbreon|move: Protect
|
|upkeep
|turn|6
|
|move|p2a: Rotom|Volt Switch|p1a: Umbreon
|-damage|p1a: Umbreon|88/100
|
|switch|p2a: Mandibuzz|Mandibuzz, F, shiny|100/100|[from]move: Volt Switch
|move|p1a: Umbreon|Foul Play|p2a: Mandibuzz
|-resisted|p2a: Mandibuzz
|-damage|p2a: Mandibuzz|91/100
|
|-heal|p1a: Umbreon|94/100|[from] item: Leftovers
|upkeep
|turn|7
|inactive|Isaac_Gam3r has 120 seconds left.
|
|move|p2a: Mandibuzz|Taunt|p1a: Umbreon
|-start|p1a: Umbreon|move: Taunt
|cant|p1a: Umbreon|move: Taunt|Taunt
|
|-heal|p1a: Umbreon|99/100|[from] item: Leftovers
|upkeep
|turn|8
|
|switch|p1a: Rotom|Rotom-Heat, shiny|100/100
|-damage|p1a: Rotom|76/100|[from] Stealth Rock
|move|p2a: Mandibuzz|Knock Off|p1a: Rotom
|-damage|p1a: Rotom|47/100
|-enditem|p1a: Rotom|Choice Scarf|[from] move: Knock Off|[of] p2a: Mandibuzz
|
|upkeep
|turn|9
|
|switch|p2a: Rotom|Rotom-Wash|100/100
|move|p1a: Rotom|Volt Switch|p2a: Rotom
|-damage|p2a: Rotom|68/100
|
|switch|p1a: Gardevoir|Gardevoir, F, shiny|100/100|[from]move: Volt Switch
|-damage|p1a: Gardevoir|88/100|[from] Stealth Rock
|-ability|p1a: Gardevoir|Levitate|[from] ability: Trace|[of] p2a: Rotom
|
|upkeep
|turn|10
|
|move|p2a: Rotom|Trick|p1a: Gardevoir
|-activate|p2a: Rotom|move: Trick|[of] p1a: Gardevoir
|-item|p1a: Gardevoir|Choice Scarf|[from] move: Trick
|-item|p2a: Rotom|Choice Scarf|[from] move: Trick
|move|p1a: Gardevoir|Energy Ball|p2a: Rotom
|-supereffective|p2a: Rotom
|-damage|p2a: Rotom|4/100
|
|upkeep
|turn|11
|
|switch|p1a: Rotom|Rotom-Heat, shiny|47/100
|-damage|p1a: Rotom|22/100|[from] Stealth Rock
|move|p2a: Rotom|Volt Switch|p1a: Rotom
|-resisted|p1a: Rotom
|-damage|p1a: Rotom|5/100
|
|switch|p2a: Ribombee|Ribombee, M|100/100|[from]move: Volt Switch
|
|upkeep
|turn|12
|
|move|p2a: Ribombee|Moonblast|p1a: Rotom
|-resisted|p1a: Rotom
|-damage|p1a: Rotom|0 fnt
|faint|p1a: Rotom
|
|upkeep
|
|switch|p1a: Aegislash|Aegislash, M, shiny|100/100
|-damage|p1a: Aegislash|94/100|[from] Stealth Rock
|-item|p1a: Aegislash|Air Balloon
|turn|13
|
|move|p2a: Ribombee|Sticky Web|p1a: Aegislash
|-sidestart|p1: Isaac_Gam3r|move: Sticky Web
|-formechange|p1a: Aegislash|Aegislash-Blade||[from] ability: Stance Change
|move|p1a: Aegislash|Iron Head|p2a: Ribombee
|-supereffective|p2a: Ribombee
|-crit|p2a: Ribombee
|-enditem|p2a: Ribombee|Focus Sash
|-damage|p2a: Ribombee|1/100
|
|upkeep
|turn|14
|
|move|p1a: Aegislash|Shadow Sneak|p2a: Ribombee
|-damage|p2a: Ribombee|0 fnt
|faint|p2a: Ribombee
|
|upkeep
|
|switch|p2a: Mandibuzz|Mandibuzz, F, shiny|91/100
|turn|15
|
|-formechange|p1a: Aegislash|Aegislash||[from] ability: Stance Change
|move|p1a: Aegislash|King's Shield|p1a: Aegislash
|-singleturn|p1a: Aegislash|Protect
|move|p2a: Mandibuzz|Taunt|p1a: Aegislash
|-start|p1a: Aegislash|move: Taunt
|
|upkeep
|turn|16
|
|switch|p1a: Gardevoir|Gardevoir, F, shiny|88/100
|-damage|p1a: Gardevoir|76/100|[from] Stealth Rock
|-activate|p1a: Gardevoir|move: Sticky Web
|-unboost|p1a: Gardevoir|spe|1
|-ability|p1a: Gardevoir|Overcoat|[from] ability: Trace|[of] p2a: Mandibuzz
|move|p2a: Mandibuzz|Knock Off|p1a: Gardevoir
|-damage|p1a: Gardevoir|37/100
|-enditem|p1a: Gardevoir|Choice Scarf|[from] move: Knock Off|[of] p2a: Mandibuzz
|
|upkeep
|turn|17
|
|switch|p2a: Corsola|Corsola-Galar, F, shiny|78/100
|move|p1a: Gardevoir|Moonblast|p2a: Corsola
|-damage|p2a: Corsola|43/100
|
|upkeep
|turn|18
|
|move|p1a: Gardevoir|Moonblast|p2a: Corsola
|-damage|p2a: Corsola|10/100
|move|p2a: Corsola|Strength Sap|p1a: Gardevoir
|-unboost|p1a: Gardevoir|atk|1
|-heal|p2a: Corsola|47/100
|
|upkeep
|turn|19
|
|move|p1a: Gardevoir|Moonblast|p2a: Corsola
|-damage|p2a: Corsola|10/100
|-unboost|p2a: Corsola|spa|1
|move|p2a: Corsola|Night Shade|p1a: Gardevoir
|-damage|p1a: Gardevoir|1/100
|
|upkeep
|turn|20
|
|move|p1a: Gardevoir|Moonblast|p2a: Corsola
|-damage|p2a: Corsola|0 fnt
|faint|p2a: Corsola
|
|upkeep
|
|switch|p2a: Dragapult|Dragapult, F|100/100
|turn|21
|
|switch|p1a: Umbreon|Umbreon, F, shiny|99/100
|-activate|p1a: Umbreon|move: Sticky Web
|-unboost|p1a: Umbreon|spe|1
|-damage|p1a: Umbreon|87/100|[from] Stealth Rock
|move|p2a: Dragapult|Shadow Ball|p1a: Umbreon
|-resisted|p1a: Umbreon
|-damage|p1a: Umbreon|74/100
|
|-heal|p1a: Umbreon|80/100|[from] item: Leftovers
|upkeep
|turn|22
|
|switch|p2a: Dracozolt|Dracozolt|100/100
|move|p1a: Umbreon|Foul Play|p2a: Dracozolt
|-damage|p2a: Dracozolt|47/100
|
|-heal|p2a: Dracozolt|53/100|[from] item: Leftovers
|-heal|p1a: Umbreon|86/100|[from] item: Leftovers
|upkeep
|turn|23
|
|switch|p1a: Gardevoir|Gardevoir, F, shiny|1/100
|-activate|p1a: Gardevoir|move: Sticky Web
|-unboost|p1a: Gardevoir|spe|1
|-damage|p1a: Gardevoir|0 fnt|[from] Stealth Rock
|faint|p1a: Gardevoir
|move|p2a: Dracozolt|Bolt Beak|p1: Gardevoir|[notarget]
|-fail|p2a: Dracozolt
|
|-heal|p2a: Dracozolt|60/100|[from] item: Leftovers
|upkeep
|
|switch|p1a: Gourgeist|Gourgeist-Large, F, shiny|100/100
|-damage|p1a: Gourgeist|88/100|[from] Stealth Rock
|-activate|p1a: Gourgeist|move: Sticky Web
|-unboost|p1a: Gourgeist|spe|1
|-item|p2a: Dracozolt|Leftovers|[from] ability: Frisk|[of] p1a: Gourgeist|[identify]
|turn|24
|
|move|p2a: Dracozolt|Substitute|p2a: Dracozolt
|-start|p2a: Dracozolt|Substitute
|-damage|p2a: Dracozolt|35/100
|move|p1a: Gourgeist|Will-O-Wisp||[still]
|-fail|p1a: Gourgeist
|
|-heal|p2a: Dracozolt|41/100|[from] item: Leftovers
|-heal|p1a: Gourgeist|94/100|[from] item: Leftovers
|upkeep
|turn|25
|
|move|p1a: Gourgeist|Shadow Sneak|p2a: Dracozolt
|-activate|p2a: Dracozolt|move: Substitute|[damage]
|move|p2a: Dracozolt|Fire Fang|p1a: Gourgeist
|-supereffective|p1a: Gourgeist
|-damage|p1a: Gourgeist|54/100
|
|-heal|p2a: Dracozolt|47/100|[from] item: Leftovers
|-heal|p1a: Gourgeist|60/100|[from] item: Leftovers
|upkeep
|turn|26
|
|move|p1a: Gourgeist|Shadow Sneak|p2a: Dracozolt
|-end|p2a: Dracozolt|Substitute
|move|p2a: Dracozolt|Dragon Claw|p1a: Gourgeist
|-damage|p1a: Gourgeist|18/100
|
|-heal|p2a: Dracozolt|53/100|[from] item: Leftovers
|-heal|p1a: Gourgeist|25/100|[from] item: Leftovers
|upkeep
|turn|27
|
|move|p1a: Gourgeist|Shadow Sneak|p2a: Dracozolt
|-damage|p2a: Dracozolt|38/100
|move|p2a: Dracozolt|Substitute|p2a: Dracozolt
|-start|p2a: Dracozolt|Substitute
|-damage|p2a: Dracozolt|13/100
|
|-heal|p2a: Dracozolt|20/100|[from] item: Leftovers
|-heal|p1a: Gourgeist|31/100|[from] item: Leftovers
|upkeep
|turn|28
|
|move|p1a: Gourgeist|Shadow Sneak|p2a: Dracozolt
|-activate|p2a: Dracozolt|move: Substitute|[damage]
|move|p2a: Dracozolt|Dragon Claw|p1a: Gourgeist
|-damage|p1a: Gourgeist|0 fnt
|faint|p1a: Gourgeist
|
|-heal|p2a: Dracozolt|26/100|[from] item: Leftovers
|upkeep
|
|switch|p1a: Umbreon|Umbreon, F, shiny|86/100
|-damage|p1a: Umbreon|74/100|[from] Stealth Rock
|-activate|p1a: Umbreon|move: Sticky Web
|-unboost|p1a: Umbreon|spe|1
|turn|29
|
|move|p2a: Dracozolt|Bolt Beak|p1a: Umbreon
|-damage|p1a: Umbreon|0 fnt
|faint|p1a: Umbreon
|
|-heal|p2a: Dracozolt|32/100|[from] item: Leftovers
|upkeep
|
|switch|p1a: Aegislash|Aegislash, M, shiny|94/100
|-damage|p1a: Aegislash|88/100|[from] Stealth Rock
|-item|p1a: Aegislash|Air Balloon
|turn|30
|
|move|p1a: Aegislash|King's Shield|p1a: Aegislash
|-singleturn|p1a: Aegislash|Protect
|move|p2a: Dracozolt|Substitute|p2a: Dracozolt
|-fail|p2a: Dracozolt|move: Substitute
|
|-heal|p2a: Dracozolt|38/100|[from] item: Leftovers
|upkeep
|turn|31
|
|move|p2a: Dracozolt|Bolt Beak|p1a: Aegislash
|-damage|p1a: Aegislash|0 fnt
|-enditem|p1a: Aegislash|Air Balloon
|faint|p1a: Aegislash
|
|win|rfriedrich16
|l|☆Isaac_Gam3r
|raw|Isaac_Gam3r's rating: 1327 → 1306(-21 for losing)
|raw|rfriedrich16's rating: 1304 → 1325(+21 for winning)
