|ScrapeTime|2020-01-01-03:55:41
|j|☆Globeband
|j|☆zezleijon
|player|p1|Globeband|giovanni|1097
|player|p2|zezleijon|265|1072
|teamsize|p1|6
|teamsize|p2|6
|gametype|singles
|gen|8
|tier|[Gen 8] OU
|rated|
|rule|Sleep Clause Mod: Limit one foe put to sleep
|rule|Species Clause: Limit one of each Pokémon
|rule|OHKO Clause: OHKO moves are banned
|rule|Evasion Moves Clause: Evasion moves are banned
|rule|Endless Battle Clause: Forcing endless battles is banned
|rule|HP Percentage Mod: HP is shown in percentages
|clearpoke
|poke|p1|Corsola-Galar, M|
|poke|p1|Ferrothorn, F|
|poke|p1|Toxapex, F|
|poke|p1|Mandibuzz, F|
|poke|p1|Gastrodon, M|
|poke|p1|Umbreon, F|
|poke|p2|Aegislash, F|
|poke|p2|Dragapult, M|
|poke|p2|Corsola-Galar, M|
|poke|p2|Ribombee, M|
|poke|p2|Toxapex, F|
|poke|p2|Corviknight, M|
|rule|Dynamax Clause: You cannot dynamax
|teampreview
|c|☆zezleijon|Glhf
|inactive|Battle timer is ON: inactive players will automatically lose when time's up. (requested by zezleijon)
|
|start
|switch|p1a: Ferrothorn|Ferrothorn, F|100/100
|switch|p2a: Ribombee|Ribombee, M|100/100
|turn|1
|
|move|p2a: Ribombee|Sticky Web|p1a: Ferrothorn
|-sidestart|p1: Globeband|move: Sticky Web
|move|p1a: Ferrothorn|Gyro Ball|p2a: Ribombee
|-supereffective|p2a: Ribombee
|-damage|p2a: Ribombee|0 fnt
|faint|p2a: Ribombee
|
|upkeep
|
|switch|p2a: Dragapult|Dragapult, M|100/100
|turn|2
|
|move|p2a: Dragapult|U-turn|p1a: Ferrothorn
|-damage|p1a: Ferrothorn|81/100
|-damage|p2a: Dragapult|88/100|[from] ability: Iron Barbs|[of] p1a: Ferrothorn
|-damage|p2a: Dragapult|72/100|[from] item: Rocky Helmet|[of] p1a: Ferrothorn
|
|switch|p2a: Aegislash|Aegislash, F|100/100|[from]move: U-turn
|move|p1a: Ferrothorn|Leech Seed|p2a: Aegislash
|-start|p2a: Aegislash|move: Leech Seed
|
|-damage|p2a: Aegislash|88/100|[from] Leech Seed|[of] p1a: Ferrothorn
|-heal|p1a: Ferrothorn|92/100|[silent]
|upkeep
|turn|3
|
|move|p2a: Aegislash|Swords Dance|p2a: Aegislash
|-boost|p2a: Aegislash|atk|2
|move|p1a: Ferrothorn|Spikes|p2a: Aegislash
|-sidestart|p2: zezleijon|Spikes
|
|-damage|p2a: Aegislash|76/100|[from] Leech Seed|[of] p1a: Ferrothorn
|-heal|p1a: Ferrothorn|100/100|[silent]
|upkeep
|turn|4
|
|move|p2a: Aegislash|Swords Dance|p2a: Aegislash
|-boost|p2a: Aegislash|atk|2
|move|p1a: Ferrothorn|Gyro Ball|p2a: Aegislash
|-resisted|p2a: Aegislash
|-damage|p2a: Aegislash|64/100
|
|-damage|p2a: Aegislash|52/100|[from] Leech Seed|[of] p1a: Ferrothorn
|upkeep
|turn|5
|
|-formechange|p2a: Aegislash|Aegislash-Blade||[from] ability: Stance Change
|move|p2a: Aegislash|Sacred Sword|p1a: Ferrothorn
|-supereffective|p1a: Ferrothorn
|-damage|p1a: Ferrothorn|0 fnt
|-damage|p2a: Aegislash|39/100|[from] ability: Iron Barbs|[of] p1a: Ferrothorn
|-damage|p2a: Aegislash|23/100|[from] item: Rocky Helmet|[of] p1a: Ferrothorn
|faint|p1a: Ferrothorn
|
|upkeep
|
|switch|p1a: Corsola|Corsola-Galar, M|100/100
|-activate|p1a: Corsola|move: Sticky Web
|-unboost|p1a: Corsola|spe|1
|turn|6
|
|move|p2a: Aegislash|Shadow Sneak|p1a: Corsola
|-supereffective|p1a: Corsola
|-damage|p1a: Corsola|0 fnt
|faint|p1a: Corsola
|
|upkeep
|-message|Globeband forfeited.
|
|win|zezleijon
|l|☆Globeband
|raw|Globeband's rating: 1097 → 1071(-26 for losing)
|raw|zezleijon's rating: 1072 → 1104(+32 for winning)
