|ScrapeTime|2020-01-01-02:38:47
|j|☆AgemoReturns
|j|☆Cubone999
|player|p1|AgemoReturns|1|1267
|player|p2|Cubone999|265|1261
|teamsize|p1|6
|teamsize|p2|6
|gametype|singles
|gen|8
|tier|[Gen 8] OU
|rated|
|rule|Sleep Clause Mod: Limit one foe put to sleep
|rule|Species Clause: Limit one of each Pokémon
|rule|OHKO Clause: OHKO moves are banned
|rule|Evasion Moves Clause: Evasion moves are banned
|rule|Endless Battle Clause: Forcing endless battles is banned
|rule|HP Percentage Mod: HP is shown in percentages
|clearpoke
|poke|p1|Dracovish|
|poke|p1|Clefable, F|
|poke|p1|Excadrill, F|
|poke|p1|Seismitoad, F|
|poke|p1|Mandibuzz, F|
|poke|p1|Hydreigon, F|
|poke|p2|Conkeldurr, M|
|poke|p2|Clefable, F|
|poke|p2|Cinderace, M|
|poke|p2|Aegislash, M|
|poke|p2|Cloyster, M|
|poke|p2|Mew|
|rule|Dynamax Clause: You cannot dynamax
|teampreview
|
|start
|switch|p1a: Dracovish|Dracovish|100/100
|switch|p2a: Mew|Mew|100/100
|turn|1
|inactive|Battle timer is ON: inactive players will automatically lose when time's up. (requested by AgemoReturns)
|
|move|p1a: Dracovish|Fishious Rend|p2a: Mew
|-damage|p2a: Mew|33/100
|move|p2a: Mew|U-turn|p1a: Dracovish
|-damage|p1a: Dracovish|83/100
|
|switch|p2a: Cloyster|Cloyster, M, shiny|100/100|[from]move: U-turn
|
|upkeep
|turn|2
|
|move|p1a: Dracovish|Fishious Rend|p2a: Cloyster
|-resisted|p2a: Cloyster
|-damage|p2a: Cloyster|54/100
|move|p2a: Cloyster|Shell Smash|p2a: Cloyster
|-unboost|p2a: Cloyster|def|1
|-unboost|p2a: Cloyster|spd|1
|-boost|p2a: Cloyster|atk|2
|-boost|p2a: Cloyster|spa|2
|-boost|p2a: Cloyster|spe|2
|
|upkeep
|turn|3
|
|move|p2a: Cloyster|Icicle Spear|p1a: Dracovish
|-damage|p1a: Dracovish|58/100
|-damage|p1a: Dracovish|33/100
|-damage|p1a: Dracovish|6/100
|-damage|p1a: Dracovish|0 fnt
|-hitcount|p1a: Dracovish|4
|faint|p1a: Dracovish
|
|upkeep
|
|switch|p1a: Seismitoad|Seismitoad, F|100/100
|turn|4
|
|move|p2a: Cloyster|Icicle Spear|p1a: Seismitoad
|-damage|p1a: Seismitoad|84/100
|-damage|p1a: Seismitoad|69/100
|-damage|p1a: Seismitoad|51/100
|-damage|p1a: Seismitoad|36/100
|-damage|p1a: Seismitoad|20/100
|-hitcount|p1a: Seismitoad|5
|cant|p1a: Seismitoad|flinch
|
|-heal|p1a: Seismitoad|26/100|[from] item: Leftovers
|upkeep
|turn|5
|
|move|p2a: Cloyster|Icicle Spear|p1a: Seismitoad
|-damage|p1a: Seismitoad|8/100
|-damage|p1a: Seismitoad|0 fnt
|-hitcount|p1a: Seismitoad|2
|faint|p1a: Seismitoad
|
|upkeep
|
|switch|p1a: Excadrill|Excadrill, F|100/100
|-ability|p1a: Excadrill|Mold Breaker
|turn|6
|
|move|p2a: Cloyster|Icicle Spear|p1a: Excadrill
|-damage|p1a: Excadrill|67/100
|-damage|p1a: Excadrill|32/100
|-damage|p1a: Excadrill|0 fnt
|-hitcount|p1a: Excadrill|3
|faint|p1a: Excadrill
|
|upkeep
|-message|AgemoReturns forfeited.
|
|win|Cubone999
|l|☆AgemoReturns
|raw|AgemoReturns's rating: 1267 → 1242(-25 for losing)
|raw|Cubone999's rating: 1261 → 1287(+26 for winning)
