|ScrapeTime|2020-01-01-03:56:40
|j|☆holisticplant2020
|j|☆gerubach
|player|p1|holisticplant2020|veteran|1315
|player|p2|gerubach|169|1297
|teamsize|p1|6
|teamsize|p2|6
|gametype|singles
|gen|8
|tier|[Gen 8] OU
|rated|
|rule|Sleep Clause Mod: Limit one foe put to sleep
|rule|Species Clause: Limit one of each Pokémon
|rule|OHKO Clause: OHKO moves are banned
|rule|Evasion Moves Clause: Evasion moves are banned
|rule|Endless Battle Clause: Forcing endless battles is banned
|rule|HP Percentage Mod: HP is shown in percentages
|clearpoke
|poke|p1|Drampa, M|
|poke|p1|Aegislash, M|
|poke|p1|Gyarados, M|
|poke|p1|Excadrill, M|
|poke|p1|Dracozolt|
|poke|p1|Toxicroak, M|
|poke|p2|Rotom-Heat|
|poke|p2|Dragapult, M|
|poke|p2|Corviknight, M|
|poke|p2|Seismitoad, M|
|poke|p2|Bisharp, F|
|poke|p2|Excadrill, F|
|rule|Dynamax Clause: You cannot dynamax
|teampreview
|inactive|Battle timer is ON: inactive players will automatically lose when time's up. (requested by holisticplant2020)
|
|start
|switch|p1a: Bernie Sanders|Drampa, M|100/100
|switch|p2a: Seismitoad|Seismitoad, M|100/100
|-ability|p1a: Bernie Sanders|Cloud Nine
|turn|1
|
|move|p2a: Seismitoad|Stealth Rock|p1a: Bernie Sanders
|-sidestart|p1: holisticplant2020|move: Stealth Rock
|move|p1a: Bernie Sanders|Energy Ball|p2a: Seismitoad
|-supereffective|p2a: Seismitoad
|-damage|p2a: Seismitoad|0 fnt
|faint|p2a: Seismitoad
|
|upkeep
|
|switch|p2a: Dragapult|Dragapult, M|100/100
|turn|2
|
|switch|p1a: Tidal Wave|Gyarados, M|100/100
|-damage|p1a: Tidal Wave|76/100|[from] Stealth Rock
|move|p2a: Dragapult|Shadow Ball|p1a: Tidal Wave
|-damage|p1a: Tidal Wave|18/100
|-unboost|p1a: Tidal Wave|spd|1
|
|upkeep
|turn|3
|
|move|p2a: Dragapult|Shadow Ball|p1a: Tidal Wave
|-damage|p1a: Tidal Wave|0 fnt
|faint|p1a: Tidal Wave
|
|upkeep
|
|switch|p1a: Pete|Dracozolt|100/100
|-damage|p1a: Pete|88/100|[from] Stealth Rock
|turn|4
|
|switch|p2a: Excadrill|Excadrill, F|100/100
|-ability|p2a: Excadrill|Mold Breaker
|move|p1a: Pete|Dragon Claw|p2a: Excadrill
|-resisted|p2a: Excadrill
|-damage|p2a: Excadrill|62/100
|
|-heal|p1a: Pete|94/100|[from] item: Leftovers
|upkeep
|turn|5
|
|move|p2a: Excadrill|Earthquake|p1a: Pete
|-supereffective|p1a: Pete
|-damage|p1a: Pete|0 fnt
|faint|p1a: Pete
|
|upkeep
|
|switch|p1a: Bernie Sanders|Drampa, M|100/100
|-damage|p1a: Bernie Sanders|88/100|[from] Stealth Rock
|-ability|p1a: Bernie Sanders|Cloud Nine
|turn|6
|
|switch|p2a: Dragapult|Dragapult, M|100/100
|move|p1a: Bernie Sanders|Flamethrower|p2a: Dragapult
|-resisted|p2a: Dragapult
|-damage|p2a: Dragapult|77/100
|
|upkeep
|turn|7
|
|move|p2a: Dragapult|Draco Meteor|p1a: Bernie Sanders
|-supereffective|p1a: Bernie Sanders
|-crit|p1a: Bernie Sanders
|-damage|p1a: Bernie Sanders|0 fnt
|-unboost|p2a: Dragapult|spa|2
|faint|p1a: Bernie Sanders
|
|upkeep
|
|switch|p1a: Bad Guy|Toxicroak, M, shiny|100/100
|-damage|p1a: Bad Guy|94/100|[from] Stealth Rock
|turn|8
|
|switch|p2a: Rotom|Rotom-Heat|100/100
|move|p1a: Bad Guy|Ice Punch|p2a: Rotom
|-resisted|p2a: Rotom
|-damage|p2a: Rotom|86/100
|
|upkeep
|turn|9
|
|switch|p1a: Assange|Excadrill, M|100/100
|-damage|p1a: Assange|97/100|[from] Stealth Rock
|-ability|p1a: Assange|Mold Breaker
|move|p2a: Rotom|Will-O-Wisp|p1a: Assange|[miss]
|-miss|p2a: Rotom|p1a: Assange
|
|upkeep
|turn|10
|
|switch|p2a: Corviknight|Corviknight, M|100/100
|move|p1a: Assange|Earthquake|p2a: Corviknight
|-immune|p2a: Corviknight
|
|upkeep
|turn|11
|
|move|p1a: Assange|Stealth Rock|p2a: Corviknight
|-sidestart|p2: gerubach|move: Stealth Rock
|move|p2a: Corviknight|Bulk Up|p2a: Corviknight
|-boost|p2a: Corviknight|atk|1
|-boost|p2a: Corviknight|def|1
|
|upkeep
|turn|12
|
|move|p1a: Assange|Rapid Spin|p2a: Corviknight
|-resisted|p2a: Corviknight
|-damage|p2a: Corviknight|95/100
|-sideend|p1: holisticplant2020|Stealth Rock|[from] move: Rapid Spin|[of] p1a: Assange
|-boost|p1a: Assange|spe|1
|move|p2a: Corviknight|Bulk Up|p2a: Corviknight
|-boost|p2a: Corviknight|atk|1
|-boost|p2a: Corviknight|def|1
|
|-heal|p2a: Corviknight|100/100|[from] item: Leftovers
|upkeep
|turn|13
|c|☆holisticplant2020|gg
|-message|holisticplant2020 forfeited.
|
|win|gerubach
|l|☆holisticplant2020
|raw|holisticplant2020's rating: 1315 → 1294(-21 for losing)
|raw|gerubach's rating: 1297 → 1324(+27 for winning)
