|ScrapeTime|2020-01-01-00:14:29
|j|☆Ghosted in OU
|j|☆Money Get Serious
|player|p1|Ghosted in OU|lusamine-nihilego|1577
|player|p2|Money Get Serious|psychic|1567
|teamsize|p1|6
|teamsize|p2|6
|gametype|singles
|gen|8
|tier|[Gen 8] OU
|rated|
|rule|Sleep Clause Mod: Limit one foe put to sleep
|rule|Species Clause: Limit one of each Pokémon
|rule|OHKO Clause: OHKO moves are banned
|rule|Evasion Moves Clause: Evasion moves are banned
|rule|Endless Battle Clause: Forcing endless battles is banned
|rule|HP Percentage Mod: HP is shown in percentages
|clearpoke
|poke|p1|Aegislash, M|
|poke|p1|Gengar, M|
|poke|p1|Mimikyu, M|
|poke|p1|Polteageist|
|poke|p1|Dhelmise|
|poke|p1|Dragapult, M|
|poke|p2|Corsola-Galar, F|
|poke|p2|Obstagoon, F|
|poke|p2|Toxapex, F|
|poke|p2|Mandibuzz, F|
|poke|p2|Aegislash, M|
|poke|p2|Cinderace, M|
|rule|Dynamax Clause: You cannot dynamax
|teampreview
|inactive|Battle timer is ON: inactive players will automatically lose when time's up. (requested by Money Get Serious)
|
|start
|switch|p1a: Aegislash|Aegislash, M, shiny|100/100
|switch|p2a: Cinderace|Cinderace, M|100/100
|turn|1
|
|switch|p1a: Dragapult|Dragapult, M|100/100
|move|p2a: Cinderace|Pyro Ball|p1a: Dragapult
|-resisted|p1a: Dragapult
|-damage|p1a: Dragapult|57/100
|
|upkeep
|turn|2
|
|switch|p1a: Mimikyu|Mimikyu, M, shiny|100/100
|move|p2a: Cinderace|Sucker Punch||[still]
|-fail|p2a: Cinderace
|
|upkeep
|turn|3
|
|move|p2a: Cinderace|U-turn|p1a: Mimikyu
|-activate|p1a: Mimikyu|ability: Disguise
|-damage|p1a: Mimikyu|100/100
|detailschange|p1a: Mimikyu|Mimikyu-Busted, M, shiny
|-damage|p1a: Mimikyu|88/100|[from] ability: Disguise|[of] p1a: Mimikyu
|
|switch|p2a: Toxapex|Toxapex, F|100/100|[from]move: U-turn
|move|p1a: Mimikyu|Shadow Claw|p2a: Toxapex
|-damage|p2a: Toxapex|78/100
|-damage|p1a: Mimikyu|72/100|[from] item: Rocky Helmet|[of] p2a: Toxapex
|-damage|p1a: Mimikyu|62/100|[from] item: Life Orb
|
|upkeep
|turn|4
|
|switch|p1a: Dragapult|Dragapult, M|57/100
|move|p2a: Toxapex|Scald|p1a: Dragapult
|-resisted|p1a: Dragapult
|-damage|p1a: Dragapult|46/100
|
|upkeep
|turn|5
|
|move|p1a: Dragapult|Thunderbolt|p2a: Toxapex
|-supereffective|p2a: Toxapex
|-damage|p2a: Toxapex|13/100
|move|p2a: Toxapex|Recover|p2a: Toxapex
|-heal|p2a: Toxapex|64/100
|
|upkeep
|turn|6
|
|switch|p2a: Corsola|Corsola-Galar, F|100/100
|move|p1a: Dragapult|Thunderbolt|p2a: Corsola
|-damage|p2a: Corsola|82/100
|
|upkeep
|turn|7
|
|switch|p1a: Gengar|Gengar, M, shiny|100/100
|move|p2a: Corsola|Stealth Rock|p1a: Gengar
|-sidestart|p1: Ghosted in OU|move: Stealth Rock
|
|upkeep
|turn|8
|
|move|p1a: Gengar|Shadow Ball|p2a: Corsola
|-supereffective|p2a: Corsola
|-damage|p2a: Corsola|38/100
|-start|p1a: Gengar|Disable|Shadow Ball|[from] ability: Cursed Body|[of] p2a: Corsola
|-unboost|p2a: Corsola|spd|1
|move|p2a: Corsola|Strength Sap|p1a: Gengar
|-unboost|p1a: Gengar|atk|1
|-heal|p2a: Corsola|75/100
|
|upkeep
|turn|9
|
|switch|p1a: Dragapult|Dragapult, M|46/100
|-damage|p1a: Dragapult|33/100|[from] Stealth Rock
|switch|p2a: Obstagoon|Obstagoon, F|100/100
|
|-status|p2a: Obstagoon|brn|[from] item: Flame Orb
|upkeep
|turn|10
|
|switch|p2a: Mandibuzz|Mandibuzz, F|100/100
|move|p1a: Dragapult|Draco Meteor|p2a: Mandibuzz
|-crit|p2a: Mandibuzz
|-damage|p2a: Mandibuzz|20/100
|-unboost|p1a: Dragapult|spa|2
|
|upkeep
|turn|11
|
|switch|p2a: Toxapex|Toxapex, F|97/100
|move|p1a: Dragapult|Draco Meteor|p2a: Toxapex
|-damage|p2a: Toxapex|59/100
|-unboost|p1a: Dragapult|spa|2
|
|upkeep
|turn|12
|j| gen8isHOTgarbage
|inactive|Ghosted in OU has 120 seconds left.
|
|switch|p1a: Dhelmise|Dhelmise, shiny|100/100
|-damage|p1a: Dhelmise|88/100|[from] Stealth Rock
|switch|p2a: Mandibuzz|Mandibuzz, F|20/100
|
|upkeep
|turn|13
|inactive|Ghosted in OU has 120 seconds left.
|
|switch|p1a: Aegislash|Aegislash, M, shiny|100/100
|-damage|p1a: Aegislash|94/100|[from] Stealth Rock
|move|p2a: Mandibuzz|Roost|p2a: Mandibuzz
|-heal|p2a: Mandibuzz|70/100
|-singleturn|p2a: Mandibuzz|move: Roost
|
|upkeep
|turn|14
|inactive|Ghosted in OU has 120 seconds left.
|inactive|Money Get Serious has 120 seconds left.
|
|switch|p2a: Aegislash|Aegislash, M|100/100
|-formechange|p1a: Aegislash|Aegislash-Blade||[from] ability: Stance Change
|move|p1a: Aegislash|Head Smash|p2a: Aegislash
|-resisted|p2a: Aegislash
|-damage|p2a: Aegislash|72/100
|-damage|p1a: Aegislash|82/100|[from] Recoil
|
|-heal|p2a: Aegislash|78/100|[from] item: Leftovers
|upkeep
|turn|15
|
|switch|p1a: Mimikyu|Mimikyu-Busted, M, shiny|62/100
|-damage|p1a: Mimikyu|50/100|[from] Stealth Rock
|-formechange|p2a: Aegislash|Aegislash-Blade||[from] ability: Stance Change
|move|p2a: Aegislash|Shadow Ball|p1a: Mimikyu
|-supereffective|p1a: Mimikyu
|-damage|p1a: Mimikyu|0 fnt
|faint|p1a: Mimikyu
|
|-heal|p2a: Aegislash|84/100|[from] item: Leftovers
|upkeep
|
|switch|p1a: Dhelmise|Dhelmise, shiny|88/100
|-damage|p1a: Dhelmise|75/100|[from] Stealth Rock
|turn|16
|
|move|p2a: Aegislash|Shadow Ball|p1a: Dhelmise
|-supereffective|p1a: Dhelmise
|-enditem|p1a: Dhelmise|Kasib Berry|[eat]
|-enditem|p1a: Dhelmise|Kasib Berry|[weaken]
|-damage|p1a: Dhelmise|24/100
|move|p1a: Dhelmise|Shadow Claw|p2a: Aegislash
|-supereffective|p2a: Aegislash
|-damage|p2a: Aegislash|0 fnt
|faint|p2a: Aegislash
|
|upkeep
|
|switch|p2a: Obstagoon|Obstagoon, F|100/100 brn
|turn|17
|
|move|p2a: Obstagoon|Knock Off|p1a: Dhelmise
|-supereffective|p1a: Dhelmise
|-damage|p1a: Dhelmise|0 fnt
|faint|p1a: Dhelmise
|
|-damage|p2a: Obstagoon|94/100 brn|[from] brn
|upkeep
|
|switch|p1a: Dragapult|Dragapult, M|33/100
|-damage|p1a: Dragapult|21/100|[from] Stealth Rock
|turn|18
|
|switch|p2a: Corsola|Corsola-Galar, F|75/100
|move|p1a: Dragapult|Draco Meteor|p2a: Corsola|[miss]
|-miss|p1a: Dragapult|p2a: Corsola
|
|upkeep
|turn|19
|
|move|p1a: Dragapult|Draco Meteor|p2a: Corsola
|-damage|p2a: Corsola|34/100
|-unboost|p1a: Dragapult|spa|2
|move|p2a: Corsola|Strength Sap|p1a: Dragapult
|-unboost|p1a: Dragapult|atk|1
|-heal|p2a: Corsola|100/100
|
|upkeep
|turn|20
|-message|Ghosted in OU forfeited.
|
|win|Money Get Serious
|l|☆Ghosted in OU
|l|☆Money Get Serious
|raw|Ghosted in OU's rating: 1577 → 1556(-21 for losing)
|raw|Money Get Serious's rating: 1567 → 1587(+20 for winning)
|j| fbgbhn
