|ScrapeTime|2020-01-01-00:06:26
|j|☆Angetf
|j|☆eggcognito
|player|p1|Angetf|200|1337
|player|p2|eggcognito|266|1301
|teamsize|p1|6
|teamsize|p2|6
|gametype|singles
|gen|8
|tier|[Gen 8] OU
|rated|
|rule|Sleep Clause Mod: Limit one foe put to sleep
|rule|Species Clause: Limit one of each Pokémon
|rule|OHKO Clause: OHKO moves are banned
|rule|Evasion Moves Clause: Evasion moves are banned
|rule|Endless Battle Clause: Forcing endless battles is banned
|rule|HP Percentage Mod: HP is shown in percentages
|clearpoke
|poke|p1|Pelipper, F|
|poke|p1|Seismitoad, M|
|poke|p1|Galvantula, F|
|poke|p1|Dracovish|
|poke|p1|Ferrothorn, M|
|poke|p1|Aegislash, M|
|poke|p2|Dracovish|
|poke|p2|Pelipper, F|
|poke|p2|Ferrothorn, M|
|poke|p2|Corviknight, M|
|poke|p2|Ludicolo, M|
|poke|p2|Machamp, F|
|rule|Dynamax Clause: You cannot dynamax
|teampreview
|
|start
|switch|p1a: Galvantula|Galvantula, F|100/100
|switch|p2a: Machamp|Machamp, F|100/100
|turn|1
|
|move|p1a: Galvantula|Sticky Web|p2a: Machamp
|-sidestart|p2: eggcognito|move: Sticky Web
|move|p2a: Machamp|Knock Off|p1a: Galvantula
|-damage|p1a: Galvantula|34/100
|-enditem|p1a: Galvantula|Focus Sash|[from] move: Knock Off|[of] p2a: Machamp
|
|upkeep
|turn|2
|
|switch|p1a: Ferrothorn|Ferrothorn, M|100/100
|move|p2a: Machamp|Knock Off|p1a: Ferrothorn
|-damage|p1a: Ferrothorn|79/100
|-damage|p2a: Machamp|88/100|[from] ability: Iron Barbs|[of] p1a: Ferrothorn
|-enditem|p1a: Ferrothorn|Leftovers|[from] move: Knock Off|[of] p2a: Machamp
|
|upkeep
|turn|3
|
|move|p2a: Machamp|Close Combat|p1a: Ferrothorn
|-supereffective|p1a: Ferrothorn
|-damage|p1a: Ferrothorn|1/100
|-damage|p2a: Machamp|76/100|[from] ability: Iron Barbs|[of] p1a: Ferrothorn
|-unboost|p2a: Machamp|def|1
|-unboost|p2a: Machamp|spd|1
|move|p1a: Ferrothorn|Leech Seed|p2a: Machamp
|-start|p2a: Machamp|move: Leech Seed
|
|-damage|p2a: Machamp|64/100|[from] Leech Seed|[of] p1a: Ferrothorn
|-heal|p1a: Ferrothorn|15/100|[silent]
|upkeep
|turn|4
|
|switch|p2a: Pelipper|Pelipper, F, shiny|100/100
|-weather|RainDance|[from] ability: Drizzle|[of] p2a: Pelipper
|move|p1a: Ferrothorn|Protect||[still]
|-fail|p1a: Ferrothorn
|
|-weather|RainDance|[upkeep]
|upkeep
|turn|5
|
|move|p1a: Ferrothorn|Protect|p1a: Ferrothorn
|-singleturn|p1a: Ferrothorn|Protect
|move|p2a: Pelipper|Hurricane|p1a: Ferrothorn
|-activate|p1a: Ferrothorn|move: Protect
|
|-weather|RainDance|[upkeep]
|upkeep
|turn|6
|
|move|p2a: Pelipper|Hurricane|p1a: Ferrothorn
|-damage|p1a: Ferrothorn|0 fnt
|faint|p1a: Ferrothorn
|
|-weather|RainDance|[upkeep]
|upkeep
|
|switch|p1a: Galvantula|Galvantula, F|34/100
|turn|7
|
|switch|p2a: Ferrothorn|Ferrothorn, M|100/100
|-activate|p2a: Ferrothorn|move: Sticky Web
|-unboost|p2a: Ferrothorn|spe|1
|move|p1a: Galvantula|Bug Buzz|p2a: Ferrothorn
|-damage|p2a: Ferrothorn|66/100
|
|-weather|RainDance|[upkeep]
|upkeep
|turn|8
|
|switch|p1a: Pelipper|Pelipper, F|100/100
|move|p2a: Ferrothorn|Stealth Rock|p1a: Pelipper
|-sidestart|p1: Angetf|move: Stealth Rock
|
|-weather|RainDance|[upkeep]
|upkeep
|turn|9
|
|move|p1a: Pelipper|Hurricane|p2a: Ferrothorn
|-damage|p2a: Ferrothorn|34/100
|move|p2a: Ferrothorn|Thunder Wave|p1a: Pelipper|[miss]
|-miss|p2a: Ferrothorn|p1a: Pelipper
|
|-weather|RainDance|[upkeep]
|upkeep
|turn|10
|
|switch|p2a: Corviknight|Corviknight, M|100/100
|move|p1a: Pelipper|Hurricane|p2a: Corviknight
|-resisted|p2a: Corviknight
|-damage|p2a: Corviknight|83/100
|-start|p2a: Corviknight|confusion
|
|-weather|RainDance|[upkeep]
|upkeep
|turn|11
|
|-activate|p2a: Corviknight|confusion
|move|p2a: Corviknight|Reflect|p2a: Corviknight
|-sidestart|p2: eggcognito|Reflect
|move|p1a: Pelipper|Scald|p2a: Corviknight
|-damage|p2a: Corviknight|44/100
|
|-weather|none
|upkeep
|turn|12
|
|-activate|p2a: Corviknight|confusion
|move|p2a: Corviknight|Defog|p1a: Pelipper
|-unboost|p1a: Pelipper|evasion|1
|-sideend|p1: Angetf|Stealth Rock|[from] move: Defog|[of] p2a: Corviknight
|-sideend|p2: eggcognito|Sticky Web|[from] move: Defog|[of] p2a: Corviknight
|move|p1a: Pelipper|Scald|p2a: Corviknight
|-damage|p2a: Corviknight|15/100
|
|upkeep
|turn|13
|
|switch|p2a: Ludicolo|Ludicolo, M|100/100
|move|p1a: Pelipper|Scald|p2a: Ludicolo
|-resisted|p2a: Ludicolo
|-damage|p2a: Ludicolo|93/100
|
|upkeep
|turn|14
|
|move|p2a: Ludicolo|Giga Drain|p1a: Pelipper
|-damage|p1a: Pelipper|39/100
|-heal|p2a: Ludicolo|100/100|[from] drain|[of] p1a: Pelipper
|-damage|p2a: Ludicolo|91/100|[from] item: Life Orb
|move|p1a: Pelipper|Hurricane|p2a: Ludicolo|[miss]
|-miss|p1a: Pelipper|p2a: Ludicolo
|
|upkeep
|turn|15
|
|switch|p1a: Dracovish|Dracovish|100/100
|move|p2a: Ludicolo|Rain Dance|p2a: Ludicolo
|-weather|RainDance
|
|-weather|RainDance|[upkeep]
|upkeep
|turn|16
|
|move|p2a: Ludicolo|Ice Beam|p1a: Dracovish
|-damage|p1a: Dracovish|60/100
|-damage|p2a: Ludicolo|81/100|[from] item: Life Orb
|move|p1a: Dracovish|Psychic Fangs|p2a: Ludicolo
|-sideend|p2: eggcognito|Reflect
|-damage|p2a: Ludicolo|27/100
|
|-weather|RainDance|[upkeep]
|upkeep
|turn|17
|
|switch|p1a: Aegislash|Aegislash, M|100/100
|move|p2a: Ludicolo|Giga Drain|p1a: Aegislash
|-resisted|p1a: Aegislash
|-damage|p1a: Aegislash|82/100
|-heal|p2a: Ludicolo|37/100|[from] drain|[of] p1a: Aegislash
|-damage|p2a: Ludicolo|27/100|[from] item: Life Orb
|
|-weather|RainDance|[upkeep]
|-heal|p1a: Aegislash|88/100|[from] item: Leftovers
|upkeep
|turn|18
|
|switch|p2a: Corviknight|Corviknight, M|15/100
|-formechange|p1a: Aegislash|Aegislash-Blade||[from] ability: Stance Change
|move|p1a: Aegislash|Close Combat|p2a: Corviknight
|-damage|p2a: Corviknight|0 fnt
|-unboost|p1a: Aegislash|def|1
|-unboost|p1a: Aegislash|spd|1
|faint|p2a: Corviknight
|
|-weather|RainDance|[upkeep]
|-heal|p1a: Aegislash|94/100|[from] item: Leftovers
|upkeep
|
|switch|p2a: Ludicolo|Ludicolo, M|27/100
|turn|19
|
|-formechange|p1a: Aegislash|Aegislash||[from] ability: Stance Change
|move|p1a: Aegislash|King's Shield|p1a: Aegislash
|-singleturn|p1a: Aegislash|Protect
|move|p2a: Ludicolo|Scald|p1a: Aegislash
|-activate|p1a: Aegislash|move: Protect
|
|-weather|none
|-heal|p1a: Aegislash|99/100|[from] item: Leftovers
|upkeep
|turn|20
|
|switch|p2a: Pelipper|Pelipper, F, shiny|100/100
|-weather|RainDance|[from] ability: Drizzle|[of] p2a: Pelipper
|switch|p1a: Seismitoad|Seismitoad, M|100/100
|
|-weather|RainDance|[upkeep]
|upkeep
|turn|21
|
|move|p1a: Seismitoad|Hydro Pump|p2a: Pelipper
|-resisted|p2a: Pelipper
|-crit|p2a: Pelipper
|-damage|p2a: Pelipper|11/100
|-damage|p1a: Seismitoad|91/100|[from] item: Life Orb
|move|p2a: Pelipper|Tailwind|p2a: Pelipper
|-sidestart|p2: eggcognito|move: Tailwind
|
|-weather|RainDance|[upkeep]
|upkeep
|turn|22
|
|switch|p1a: Aegislash|Aegislash, M|99/100
|move|p2a: Pelipper|Hurricane|p1a: Aegislash
|-resisted|p1a: Aegislash
|-damage|p1a: Aegislash|86/100
|-start|p1a: Aegislash|confusion
|
|-weather|RainDance|[upkeep]
|-heal|p1a: Aegislash|92/100|[from] item: Leftovers
|upkeep
|turn|23
|
|-activate|p1a: Aegislash|confusion
|move|p1a: Aegislash|King's Shield|p1a: Aegislash
|-singleturn|p1a: Aegislash|Protect
|move|p2a: Pelipper|Scald|p1a: Aegislash
|-activate|p1a: Aegislash|move: Protect
|
|-weather|RainDance|[upkeep]
|-heal|p1a: Aegislash|98/100|[from] item: Leftovers
|upkeep
|turn|24
|
|switch|p1a: Seismitoad|Seismitoad, M|91/100
|move|p2a: Pelipper|Scald|p1a: Seismitoad
|-damage|p1a: Seismitoad|38/100
|
|-weather|RainDance|[upkeep]
|-sideend|p2: eggcognito|move: Tailwind
|upkeep
|turn|25
|
|move|p1a: Seismitoad|Grass Knot|p2a: Pelipper
|-damage|p2a: Pelipper|0 fnt
|-damage|p1a: Seismitoad|28/100|[from] item: Life Orb
|faint|p2a: Pelipper
|
|-weather|RainDance|[upkeep]
|upkeep
|
|switch|p2a: Ludicolo|Ludicolo, M|27/100
|turn|26
|
|switch|p1a: Dracovish|Dracovish|60/100
|move|p2a: Ludicolo|Scald|p1a: Dracovish
|-resisted|p1a: Dracovish
|-damage|p1a: Dracovish|36/100
|-status|p1a: Dracovish|brn
|-damage|p2a: Ludicolo|17/100|[from] item: Life Orb
|
|-weather|RainDance|[upkeep]
|-damage|p1a: Dracovish|29/100 brn|[from] brn
|upkeep
|turn|27
|
|move|p2a: Ludicolo|Giga Drain|p1a: Dracovish
|-damage|p1a: Dracovish|0 fnt
|-heal|p2a: Ludicolo|33/100|[from] drain|[of] p1a: Dracovish
|-damage|p2a: Ludicolo|23/100|[from] item: Life Orb
|faint|p1a: Dracovish
|
|-weather|none
|upkeep
|
|switch|p1a: Galvantula|Galvantula, F|34/100
|turn|28
|
|switch|p2a: Ferrothorn|Ferrothorn, M|34/100
|move|p1a: Galvantula|Thunder|p2a: Ferrothorn
|-resisted|p2a: Ferrothorn
|-damage|p2a: Ferrothorn|16/100
|
|upkeep
|turn|29
|
|move|p1a: Galvantula|Bug Buzz|p2a: Ferrothorn
|-damage|p2a: Ferrothorn|0 fnt
|faint|p2a: Ferrothorn
|
|upkeep
|
|switch|p2a: Dracovish|Dracovish|100/100
|turn|30
|
|switch|p1a: Seismitoad|Seismitoad, M|28/100
|move|p2a: Dracovish|Fishious Rend|p1a: Seismitoad
|-damage|p1a: Seismitoad|0 fnt
|faint|p1a: Seismitoad
|
|upkeep
|
|switch|p1a: Aegislash|Aegislash, M|98/100
|turn|31
|
|switch|p2a: Machamp|Machamp, F|64/100
|move|p1a: Aegislash|King's Shield||[still]
|-fail|p1a: Aegislash
|
|-heal|p1a: Aegislash|100/100|[from] item: Leftovers
|upkeep
|turn|32
|
|move|p1a: Aegislash|King's Shield|p1a: Aegislash
|-singleturn|p1a: Aegislash|Protect
|move|p2a: Machamp|Knock Off|p1a: Aegislash
|-activate|p1a: Aegislash|move: Protect
|-unboost|p2a: Machamp|atk|1
|
|upkeep
|turn|33
|
|switch|p1a: Pelipper|Pelipper, F|39/100
|-weather|RainDance|[from] ability: Drizzle|[of] p1a: Pelipper
|move|p2a: Machamp|Close Combat|p1a: Pelipper
|-resisted|p1a: Pelipper
|-damage|p1a: Pelipper|22/100
|-unboost|p2a: Machamp|def|1
|-unboost|p2a: Machamp|spd|1
|
|-weather|RainDance|[upkeep]
|upkeep
|turn|34
|
|switch|p2a: Ludicolo|Ludicolo, M|23/100
|move|p1a: Pelipper|Hurricane|p2a: Ludicolo
|-supereffective|p2a: Ludicolo
|-damage|p2a: Ludicolo|0 fnt
|faint|p2a: Ludicolo
|
|-weather|RainDance|[upkeep]
|upkeep
|
|switch|p2a: Dracovish|Dracovish|100/100
|turn|35
|
|move|p2a: Dracovish|Crunch|p1a: Pelipper
|-damage|p1a: Pelipper|0 fnt
|faint|p1a: Pelipper
|
|-weather|RainDance|[upkeep]
|upkeep
|
|switch|p1a: Aegislash|Aegislash, M|100/100
|turn|36
|
|move|p1a: Aegislash|King's Shield|p1a: Aegislash
|-singleturn|p1a: Aegislash|Protect
|move|p2a: Dracovish|Crunch|p1a: Aegislash
|-activate|p1a: Aegislash|move: Protect
|-unboost|p2a: Dracovish|atk|1
|
|-weather|RainDance|[upkeep]
|upkeep
|turn|37
|
|move|p2a: Dracovish|Crunch|p1a: Aegislash
|-supereffective|p1a: Aegislash
|-crit|p1a: Aegislash
|-damage|p1a: Aegislash|23/100
|-unboost|p1a: Aegislash|def|1
|-formechange|p1a: Aegislash|Aegislash-Blade||[from] ability: Stance Change
|move|p1a: Aegislash|Shadow Claw|p2a: Dracovish
|-damage|p2a: Dracovish|57/100
|
|-weather|RainDance|[upkeep]
|-heal|p1a: Aegislash|30/100|[from] item: Leftovers
|upkeep
|turn|38
|inactive|Battle timer is ON: inactive players will automatically lose when time's up. (requested by Angetf)
|
|switch|p2a: Machamp|Machamp, F|64/100
|switch|p1a: Galvantula|Galvantula, F|34/100
|
|-weather|RainDance|[upkeep]
|upkeep
|turn|39
|
|move|p1a: Galvantula|Thunder|p2a: Machamp
|-damage|p2a: Machamp|35/100
|move|p2a: Machamp|Close Combat|p1a: Galvantula
|-resisted|p1a: Galvantula
|-damage|p1a: Galvantula|0 fnt
|-unboost|p2a: Machamp|def|1
|-unboost|p2a: Machamp|spd|1
|faint|p1a: Galvantula
|
|-weather|RainDance|[upkeep]
|upkeep
|
|switch|p1a: Aegislash|Aegislash, M|30/100
|turn|40
|
|move|p1a: Aegislash|King's Shield|p1a: Aegislash
|-singleturn|p1a: Aegislash|Protect
|move|p2a: Machamp|Knock Off|p1a: Aegislash
|-activate|p1a: Aegislash|move: Protect
|-unboost|p2a: Machamp|atk|1
|
|-weather|none
|-heal|p1a: Aegislash|36/100|[from] item: Leftovers
|upkeep
|turn|41
|
|-formechange|p1a: Aegislash|Aegislash-Blade||[from] ability: Stance Change
|move|p1a: Aegislash|Shadow Claw|p2a: Machamp
|-damage|p2a: Machamp|0 fnt
|faint|p2a: Machamp
|
|-heal|p1a: Aegislash|42/100|[from] item: Leftovers
|upkeep
|inactive|eggcognito has 120 seconds left.
|
|switch|p2a: Dracovish|Dracovish|57/100
|turn|42
|inactive|eggcognito has 120 seconds left.
|
|-formechange|p1a: Aegislash|Aegislash||[from] ability: Stance Change
|move|p1a: Aegislash|King's Shield|p1a: Aegislash
|-singleturn|p1a: Aegislash|Protect
|move|p2a: Dracovish|Fishious Rend|p1a: Aegislash
|-activate|p1a: Aegislash|move: Protect
|-unboost|p2a: Dracovish|atk|1
|
|-heal|p1a: Aegislash|48/100|[from] item: Leftovers
|upkeep
|turn|43
|
|move|p2a: Dracovish|Fishious Rend|p1a: Aegislash
|-damage|p1a: Aegislash|0 fnt
|faint|p1a: Aegislash
|
|win|eggcognito
|raw|Angetf's rating: 1337 → 1315(-22 for losing)
|raw|eggcognito's rating: 1302 → 1324(+22 for winning)
|l|☆Angetf
