|ScrapeTime|2020-01-01-02:34:38
|j|☆maotralex
|j|☆snowydabeast27
|player|p1|maotralex|293|1375
|player|p2|snowydabeast27|burglar|1316
|teamsize|p1|6
|teamsize|p2|6
|gametype|singles
|gen|8
|tier|[Gen 8] OU
|rated|
|rule|Sleep Clause Mod: Limit one foe put to sleep
|rule|Species Clause: Limit one of each Pokémon
|rule|OHKO Clause: OHKO moves are banned
|rule|Evasion Moves Clause: Evasion moves are banned
|rule|Endless Battle Clause: Forcing endless battles is banned
|rule|HP Percentage Mod: HP is shown in percentages
|clearpoke
|poke|p1|Dragapult, M|
|poke|p1|Bisharp, F|
|poke|p1|Ferrothorn, F|
|poke|p1|Gardevoir, M|
|poke|p1|Sylveon, F|
|poke|p1|Corviknight, M|
|poke|p2|Toxtricity, M|
|poke|p2|Chandelure, F|
|poke|p2|Roserade, F|
|poke|p2|Corviknight, M|
|poke|p2|Dragapult, M|
|poke|p2|Lucario, M|
|rule|Dynamax Clause: You cannot dynamax
|teampreview
|inactive|Battle timer is ON: inactive players will automatically lose when time's up. (requested by snowydabeast27)
|j| IDESPISEWHITES
|
|start
|switch|p1a: Sylveon|Sylveon, F|100/100
|switch|p2a: no.|Chandelure, F, shiny|100/100
|turn|1
|
|move|p2a: no.|Fire Blast|p1a: Sylveon
|-damage|p1a: Sylveon|63/100
|move|p1a: Sylveon|Hyper Voice|p2a: no.
|-resisted|p2a: no.
|-damage|p2a: no.|70/100
|
|-heal|p1a: Sylveon|69/100|[from] item: Leftovers
|upkeep
|turn|2
|
|switch|p2a: cocknight|Corviknight, M, shiny|100/100
|move|p1a: Sylveon|Wish|p1a: Sylveon
|
|-heal|p1a: Sylveon|75/100|[from] item: Leftovers
|upkeep
|turn|3
|
|switch|p1a: Ferrothorn|Ferrothorn, F|100/100
|move|p2a: cocknight|Bulk Up|p2a: cocknight
|-boost|p2a: cocknight|atk|1
|-boost|p2a: cocknight|def|1
|
|upkeep
|turn|4
|
|move|p2a: cocknight|Bulk Up|p2a: cocknight
|-boost|p2a: cocknight|atk|1
|-boost|p2a: cocknight|def|1
|move|p1a: Ferrothorn|Knock Off|p2a: cocknight
|-damage|p2a: cocknight|92/100
|-enditem|p2a: cocknight|Leftovers|[from] move: Knock Off|[of] p1a: Ferrothorn
|
|upkeep
|turn|5
|
|move|p2a: cocknight|Bulk Up|p2a: cocknight
|-boost|p2a: cocknight|atk|1
|-boost|p2a: cocknight|def|1
|move|p1a: Ferrothorn|Thunder Wave|p2a: cocknight
|-status|p2a: cocknight|par
|
|upkeep
|turn|6
|
|switch|p1a: Dragapult|Dragapult, M|100/100
|move|p2a: cocknight|Brave Bird|p1a: Dragapult
|-damage|p1a: Dragapult|0 fnt
|-damage|p2a: cocknight|66/100 par|[from] Recoil
|faint|p1a: Dragapult
|
|upkeep
|
|switch|p1a: Gardevoir|Gardevoir, M|100/100
|-ability|p1a: Gardevoir|Mirror Armor|[from] ability: Trace|[of] p2a: cocknight
|turn|7
|
|move|p1a: Gardevoir|Substitute|p1a: Gardevoir
|-start|p1a: Gardevoir|Substitute
|-damage|p1a: Gardevoir|76/100
|move|p2a: cocknight|Brave Bird|p1a: Gardevoir
|-end|p1a: Gardevoir|Substitute
|-damage|p2a: cocknight|60/100 par|[from] Recoil|[of] p1a: Gardevoir
|
|-heal|p1a: Gardevoir|82/100|[from] item: Leftovers
|upkeep
|turn|8
|
|switch|p2a: dont care|Toxtricity, M, shiny|100/100
|move|p1a: Gardevoir|Mystical Fire|p2a: dont care
|-damage|p2a: dont care|70/100
|-unboost|p2a: dont care|spa|1
|
|-heal|p1a: Gardevoir|88/100|[from] item: Leftovers
|upkeep
|turn|9
|
|move|p1a: Gardevoir|Psychic|p2a: dont care
|-supereffective|p2a: dont care
|-damage|p2a: dont care|0 fnt
|faint|p2a: dont care
|
|-heal|p1a: Gardevoir|94/100|[from] item: Leftovers
|upkeep
|
|switch|p2a: no.|Chandelure, F, shiny|70/100
|turn|10
|
|switch|p1a: Sylveon|Sylveon, F|75/100
|move|p2a: no.|Shadow Ball|p1a: Sylveon
|-damage|p1a: Sylveon|50/100
|
|-heal|p1a: Sylveon|56/100|[from] item: Leftovers
|upkeep
|turn|11
|
|switch|p2a: cocknight|Corviknight, M, shiny|60/100 par
|move|p1a: Sylveon|Wish|p1a: Sylveon
|
|-heal|p1a: Sylveon|62/100|[from] item: Leftovers
|upkeep
|turn|12
|
|switch|p1a: Bisharp|Bisharp, F|100/100
|switch|p2a: no.|Chandelure, F, shiny|70/100
|
|upkeep
|turn|13
|
|move|p1a: Bisharp|Sucker Punch||[still]
|-fail|p1a: Bisharp
|move|p2a: no.|Trick|p1a: Bisharp
|-activate|p2a: no.|move: Trick|[of] p1a: Bisharp
|-item|p1a: Bisharp|Choice Scarf|[from] move: Trick
|-item|p2a: no.|Life Orb|[from] move: Trick
|
|upkeep
|turn|14
|
|switch|p2a: cumsack|Roserade, F, shiny|100/100
|move|p1a: Bisharp|Throat Chop|p2a: cumsack
|-damage|p2a: cumsack|27/100
|-start|p2a: cumsack|Throat Chop|[silent]
|
|-heal|p2a: cumsack|33/100|[from] item: Black Sludge
|upkeep
|turn|15
|
|switch|p2a: bruh|Lucario, M, shiny|100/100
|move|p1a: Bisharp|Throat Chop|p2a: bruh
|-resisted|p2a: bruh
|-damage|p2a: bruh|68/100
|-ability|p2a: bruh|Justified|boost
|-boost|p2a: bruh|atk|1
|-start|p2a: bruh|Throat Chop|[silent]
|
|upkeep
|turn|16
|
|move|p1a: Bisharp|Throat Chop|p2a: bruh
|-resisted|p2a: bruh
|-damage|p2a: bruh|35/100
|-ability|p2a: bruh|Justified|boost
|-boost|p2a: bruh|atk|1
|move|p2a: bruh|High Jump Kick|p1a: Bisharp
|-supereffective|p1a: Bisharp
|-damage|p1a: Bisharp|0 fnt
|-damage|p2a: bruh|25/100|[from] item: Life Orb
|faint|p1a: Bisharp
|
|-end|p2a: bruh|Throat Chop|[silent]
|upkeep
|
|switch|p1a: Corviknight|Corviknight, M|100/100
|-ability|p1a: Corviknight|Pressure
|turn|17
|
|move|p2a: bruh|High Jump Kick|p1a: Corviknight
|-damage|p1a: Corviknight|0 fnt
|-damage|p2a: bruh|15/100|[from] item: Life Orb
|faint|p1a: Corviknight
|
|upkeep
|
|switch|p1a: Sylveon|Sylveon, F|62/100
|turn|18
|
|switch|p1a: Ferrothorn|Ferrothorn, F|100/100
|move|p2a: bruh|Meteor Mash|p1a: Ferrothorn
|-resisted|p1a: Ferrothorn
|-damage|p1a: Ferrothorn|69/100
|-damage|p2a: bruh|3/100|[from] ability: Iron Barbs|[of] p1a: Ferrothorn
|-boost|p2a: bruh|atk|1
|-damage|p2a: bruh|0 fnt|[from] item: Life Orb
|faint|p2a: bruh
|
|-heal|p1a: Ferrothorn|75/100|[from] item: Leftovers
|upkeep
|c|☆snowydabeast27|child
|
|switch|p2a: no.|Chandelure, F, shiny|70/100
|turn|19
|
|move|p2a: no.|Fire Blast|p1a: Ferrothorn
|-supereffective|p1a: Ferrothorn
|-damage|p1a: Ferrothorn|0 fnt
|-damage|p2a: no.|60/100|[from] item: Life Orb
|faint|p1a: Ferrothorn
|
|upkeep
|
|switch|p1a: Gardevoir|Gardevoir, M|94/100
|-ability|p1a: Gardevoir|Flash Fire|[from] ability: Trace|[of] p2a: no.
|turn|20
|
|move|p1a: Gardevoir|Psychic|p2a: no.
|-damage|p2a: no.|0 fnt
|faint|p2a: no.
|
|-heal|p1a: Gardevoir|99/100|[from] item: Leftovers
|upkeep
|
|switch|p2a: cockpull|Dragapult, M, shiny|100/100
|turn|21
|
|switch|p1a: Sylveon|Sylveon, F|62/100
|move|p2a: cockpull|Phantom Force||[still]
|-prepare|p2a: cockpull|Phantom Force|p1a: Sylveon
|
|-heal|p1a: Sylveon|69/100|[from] item: Leftovers
|upkeep
|turn|22
|
|move|p2a: cockpull|Phantom Force|p1a: Sylveon|[from]lockedmove
|-damage|p1a: Sylveon|0 fnt
|faint|p1a: Sylveon
|
|upkeep
|
|switch|p1a: Gardevoir|Gardevoir, M|99/100
|-ability|p1a: Gardevoir|Infiltrator|[from] ability: Trace|[of] p2a: cockpull
|turn|23
|
|move|p2a: cockpull|Phantom Force||[still]
|-prepare|p2a: cockpull|Phantom Force|p1a: Gardevoir
|move|p1a: Gardevoir|Substitute|p1a: Gardevoir
|-start|p1a: Gardevoir|Substitute
|-damage|p1a: Gardevoir|75/100
|
|-heal|p1a: Gardevoir|81/100|[from] item: Leftovers
|upkeep
|turn|24
|
|move|p2a: cockpull|Phantom Force|p1a: Gardevoir|[from]lockedmove
|-supereffective|p1a: Gardevoir
|-damage|p1a: Gardevoir|0 fnt
|faint|p1a: Gardevoir
|
|win|snowydabeast27
|c|☆snowydabeast27|????
|raw|maotralex's rating: 1375 → 1351(-24 for losing)
|raw|snowydabeast27's rating: 1316 → 1339(+23 for winning)
|c|☆snowydabeast27|?????
|c|☆snowydabeast27|???????
|l|☆maotralex
|c|☆snowydabeast27|ok low elo
|l| IDESPISEWHITES
