|ScrapeTime|2020-01-01-02:05:26
|j|☆Meiizard
|j|☆eeraa
|player|p1|Meiizard|winona|1502
|player|p2|eeraa|unknownf|1528
|teamsize|p1|6
|teamsize|p2|6
|gametype|singles
|gen|8
|tier|[Gen 8] OU
|rated|
|rule|Sleep Clause Mod: Limit one foe put to sleep
|rule|Species Clause: Limit one of each Pokémon
|rule|OHKO Clause: OHKO moves are banned
|rule|Evasion Moves Clause: Evasion moves are banned
|rule|Endless Battle Clause: Forcing endless battles is banned
|rule|HP Percentage Mod: HP is shown in percentages
|clearpoke
|poke|p1|Pelipper, F|
|poke|p1|Clefable, F|
|poke|p1|Corviknight, M|
|poke|p1|Ninjask, F|
|poke|p1|Excadrill, F|
|poke|p1|Mantine, F|
|poke|p2|Passimian, M|
|poke|p2|Hatterene, F|
|poke|p2|Centiskorch, F|
|poke|p2|Obstagoon, F|
|poke|p2|Corsola-Galar, M|
|poke|p2|Gastrodon, M|
|rule|Dynamax Clause: You cannot dynamax
|teampreview
|
|start
|switch|p1a: Winona|Pelipper, F|100/100
|switch|p2a: Passimian|Passimian, M|100/100
|-weather|RainDance|[from] ability: Drizzle|[of] p1a: Winona
|turn|1
|inactive|Battle timer is ON: inactive players will automatically lose when time's up. (requested by Meiizard)
|
|move|p2a: Passimian|U-turn|p1a: Winona
|-resisted|p1a: Winona
|-damage|p1a: Winona|89/100
|
|switch|p2a: Gastrodon|Gastrodon, M|100/100|[from]move: U-turn
|move|p1a: Winona|Hurricane|p2a: Gastrodon
|-damage|p2a: Gastrodon|51/100
|-start|p2a: Gastrodon|confusion
|
|-weather|RainDance|[upkeep]
|-heal|p2a: Gastrodon|57/100|[from] item: Leftovers
|upkeep
|turn|2
|
|move|p1a: Winona|Hurricane|p2a: Gastrodon
|-damage|p2a: Gastrodon|10/100
|-activate|p2a: Gastrodon|confusion
|move|p2a: Gastrodon|Recover|p2a: Gastrodon
|-heal|p2a: Gastrodon|60/100
|
|-weather|RainDance|[upkeep]
|-heal|p2a: Gastrodon|66/100|[from] item: Leftovers
|upkeep
|turn|3
|
|move|p1a: Winona|Hurricane|p2a: Gastrodon
|-damage|p2a: Gastrodon|11/100
|-activate|p2a: Gastrodon|confusion
|move|p2a: Gastrodon|Recover|p2a: Gastrodon
|-heal|p2a: Gastrodon|61/100
|
|-weather|RainDance|[upkeep]
|-heal|p2a: Gastrodon|67/100|[from] item: Leftovers
|upkeep
|turn|4
|
|move|p1a: Winona|Hurricane|p2a: Gastrodon
|-damage|p2a: Gastrodon|20/100
|-activate|p2a: Gastrodon|confusion
|move|p2a: Gastrodon|Recover|p2a: Gastrodon
|-heal|p2a: Gastrodon|70/100
|
|-weather|RainDance|[upkeep]
|-heal|p2a: Gastrodon|76/100|[from] item: Leftovers
|upkeep
|turn|5
|
|move|p1a: Winona|Hurricane|p2a: Gastrodon
|-damage|p2a: Gastrodon|21/100
|-activate|p2a: Gastrodon|confusion
|move|p2a: Gastrodon|Recover|p2a: Gastrodon
|-heal|p2a: Gastrodon|71/100
|
|-weather|none
|-heal|p2a: Gastrodon|77/100|[from] item: Leftovers
|upkeep
|turn|6
|
|switch|p1a: Estanislao|Clefable, F|100/100
|-end|p2a: Gastrodon|confusion
|move|p2a: Gastrodon|Recover|p2a: Gastrodon
|-heal|p2a: Gastrodon|100/100
|
|upkeep
|turn|7
|
|move|p1a: Estanislao|Moonblast|p2a: Gastrodon
|-damage|p2a: Gastrodon|79/100
|move|p2a: Gastrodon|Curse|p2a: Gastrodon
|-unboost|p2a: Gastrodon|spe|1
|-boost|p2a: Gastrodon|atk|1
|-boost|p2a: Gastrodon|def|1
|
|-heal|p2a: Gastrodon|85/100|[from] item: Leftovers
|upkeep
|turn|8
|
|move|p1a: Estanislao|Stealth Rock|p2a: Gastrodon
|-sidestart|p2: eeraa|move: Stealth Rock
|move|p2a: Gastrodon|Waterfall|p1a: Estanislao
|-damage|p1a: Estanislao|64/100
|
|-heal|p1a: Estanislao|70/100|[from] item: Leftovers
|-heal|p2a: Gastrodon|92/100|[from] item: Leftovers
|upkeep
|turn|9
|
|switch|p1a: Hamilton|Corviknight, M|100/100
|-ability|p1a: Hamilton|Pressure
|move|p2a: Gastrodon|Curse|p2a: Gastrodon
|-unboost|p2a: Gastrodon|spe|1
|-boost|p2a: Gastrodon|atk|1
|-boost|p2a: Gastrodon|def|1
|
|-heal|p2a: Gastrodon|98/100|[from] item: Leftovers
|upkeep
|turn|10
|
|move|p1a: Hamilton|Brave Bird|p2a: Gastrodon
|-damage|p2a: Gastrodon|77/100
|-damage|p1a: Hamilton|93/100|[from] Recoil
|move|p2a: Gastrodon|Waterfall|p1a: Hamilton
|-damage|p1a: Hamilton|60/100
|-damage|p2a: Gastrodon|61/100|[from] item: Rocky Helmet|[of] p1a: Hamilton
|
|-heal|p2a: Gastrodon|67/100|[from] item: Leftovers
|upkeep
|turn|11
|
|move|p1a: Hamilton|Roost|p1a: Hamilton
|-heal|p1a: Hamilton|100/100
|-singleturn|p1a: Hamilton|move: Roost
|move|p2a: Gastrodon|Waterfall|p1a: Hamilton
|-damage|p1a: Hamilton|71/100
|-damage|p2a: Gastrodon|50/100|[from] item: Rocky Helmet|[of] p1a: Hamilton
|
|-heal|p2a: Gastrodon|57/100|[from] item: Leftovers
|upkeep
|turn|12
|
|move|p1a: Hamilton|Brave Bird|p2a: Gastrodon
|-damage|p2a: Gastrodon|39/100
|-damage|p1a: Hamilton|65/100|[from] Recoil
|move|p2a: Gastrodon|Curse|p2a: Gastrodon
|-unboost|p2a: Gastrodon|spe|1
|-boost|p2a: Gastrodon|atk|1
|-boost|p2a: Gastrodon|def|1
|
|-heal|p2a: Gastrodon|45/100|[from] item: Leftovers
|upkeep
|turn|13
|
|move|p1a: Hamilton|U-turn|p2a: Gastrodon
|-damage|p2a: Gastrodon|39/100
|
|switch|p1a: Winona|Pelipper, F|89/100|[from]move: U-turn
|-weather|RainDance|[from] ability: Drizzle|[of] p1a: Winona
|move|p2a: Gastrodon|Recover|p2a: Gastrodon
|-heal|p2a: Gastrodon|89/100
|
|-weather|RainDance|[upkeep]
|-heal|p2a: Gastrodon|95/100|[from] item: Leftovers
|upkeep
|turn|14
|
|move|p1a: Winona|Hurricane|p2a: Gastrodon
|-damage|p2a: Gastrodon|48/100
|move|p2a: Gastrodon|Waterfall|p1a: Winona
|-resisted|p1a: Winona
|-damage|p1a: Winona|44/100
|
|-weather|RainDance|[upkeep]
|-heal|p2a: Gastrodon|54/100|[from] item: Leftovers
|upkeep
|turn|15
|
|move|p1a: Winona|Hurricane|p2a: Gastrodon
|-damage|p2a: Gastrodon|1/100
|move|p2a: Gastrodon|Recover|p2a: Gastrodon
|-heal|p2a: Gastrodon|51/100
|
|-weather|RainDance|[upkeep]
|-heal|p2a: Gastrodon|57/100|[from] item: Leftovers
|upkeep
|turn|16
|
|move|p1a: Winona|Hurricane|p2a: Gastrodon
|-damage|p2a: Gastrodon|4/100
|move|p2a: Gastrodon|Recover|p2a: Gastrodon
|-heal|p2a: Gastrodon|54/100
|
|-weather|RainDance|[upkeep]
|-heal|p2a: Gastrodon|60/100|[from] item: Leftovers
|upkeep
|turn|17
|
|move|p1a: Winona|Hurricane|p2a: Gastrodon
|-damage|p2a: Gastrodon|7/100
|-start|p2a: Gastrodon|confusion
|-activate|p2a: Gastrodon|confusion
|move|p2a: Gastrodon|Recover|p2a: Gastrodon
|-heal|p2a: Gastrodon|57/100
|
|-weather|none
|-heal|p2a: Gastrodon|63/100|[from] item: Leftovers
|upkeep
|turn|18
|
|switch|p1a: Hamilton|Corviknight, M|65/100
|-ability|p1a: Hamilton|Pressure
|-activate|p2a: Gastrodon|confusion
|move|p2a: Gastrodon|Waterfall|p1a: Hamilton
|-damage|p1a: Hamilton|28/100
|-damage|p2a: Gastrodon|47/100|[from] item: Rocky Helmet|[of] p1a: Hamilton
|
|-heal|p2a: Gastrodon|53/100|[from] item: Leftovers
|upkeep
|turn|19
|
|move|p1a: Hamilton|U-turn|p2a: Gastrodon
|-damage|p2a: Gastrodon|46/100
|
|switch|p1a: Winona|Pelipper, F|44/100|[from]move: U-turn
|-weather|RainDance|[from] ability: Drizzle|[of] p1a: Winona
|-activate|p2a: Gastrodon|confusion
|move|p2a: Gastrodon|Earthquake|p1a: Winona
|-immune|p1a: Winona
|
|-weather|RainDance|[upkeep]
|-heal|p2a: Gastrodon|52/100|[from] item: Leftovers
|upkeep
|turn|20
|
|switch|p2a: Corsola|Corsola-Galar, M|100/100
|-damage|p2a: Corsola|88/100|[from] Stealth Rock
|move|p1a: Winona|Hurricane|p2a: Corsola
|-damage|p2a: Corsola|33/100
|
|-weather|RainDance|[upkeep]
|upkeep
|turn|21
|
|move|p1a: Winona|Hurricane|p2a: Corsola
|-crit|p2a: Corsola
|-damage|p2a: Corsola|0 fnt
|-start|p1a: Winona|Disable|Hurricane|[from] ability: Cursed Body|[of] p2a: Corsola
|faint|p2a: Corsola
|
|-weather|RainDance|[upkeep]
|upkeep
|
|switch|p2a: Gastrodon|Gastrodon, M|52/100
|-damage|p2a: Gastrodon|46/100|[from] Stealth Rock
|turn|22
|
|switch|p1a: Svetlana|Ninjask, F|100/100
|move|p2a: Gastrodon|Recover|p2a: Gastrodon
|-heal|p2a: Gastrodon|96/100
|
|-weather|RainDance|[upkeep]
|-heal|p2a: Gastrodon|100/100|[from] item: Leftovers
|upkeep
|turn|23
|
|move|p1a: Svetlana|Final Gambit|p2a: Gastrodon
|-damage|p2a: Gastrodon|24/100
|faint|p1a: Svetlana
|move|p2a: Gastrodon|Waterfall|p1: Svetlana|[notarget]
|-fail|p2a: Gastrodon
|
|-weather|none
|-heal|p2a: Gastrodon|30/100|[from] item: Leftovers
|upkeep
|
|switch|p1a: Winona|Pelipper, F|44/100
|-weather|RainDance|[from] ability: Drizzle|[of] p1a: Winona
|turn|24
|
|move|p1a: Winona|Hurricane|p2a: Gastrodon
|-damage|p2a: Gastrodon|0 fnt
|faint|p2a: Gastrodon
|
|-weather|RainDance|[upkeep]
|upkeep
|
|switch|p2a: Obstagoon|Obstagoon, F|100/100
|-damage|p2a: Obstagoon|88/100|[from] Stealth Rock
|turn|25
|
|switch|p1a: Hamilton|Corviknight, M|28/100
|-ability|p1a: Hamilton|Pressure
|move|p2a: Obstagoon|Knock Off|p1a: Hamilton
|-crit|p1a: Hamilton
|-damage|p1a: Hamilton|0 fnt
|-damage|p2a: Obstagoon|72/100|[from] item: Rocky Helmet|[of] p1a: Hamilton
|-enditem|p1a: Hamilton|Rocky Helmet|[from] move: Knock Off|[of] p2a: Obstagoon
|faint|p1a: Hamilton
|
|-weather|RainDance|[upkeep]
|-status|p2a: Obstagoon|brn|[from] item: Flame Orb
|upkeep
|
|switch|p1a: Deberras|Mantine, F, shiny|100/100
|turn|26
|
|switch|p2a: Centiskorch|Centiskorch, F|100/100
|move|p1a: Deberras|Scald|p2a: Centiskorch
|-supereffective|p2a: Centiskorch
|-damage|p2a: Centiskorch|7/100
|
|-weather|RainDance|[upkeep]
|upkeep
|turn|27
|
|move|p1a: Deberras|Scald|p2a: Centiskorch
|-supereffective|p2a: Centiskorch
|-damage|p2a: Centiskorch|0 fnt
|faint|p2a: Centiskorch
|
|-weather|RainDance|[upkeep]
|upkeep
|
|switch|p2a: Hatterene|Hatterene, F|100/100
|-damage|p2a: Hatterene|88/100|[from] Stealth Rock
|turn|28
|
|move|p1a: Deberras|Scald|p2a: Hatterene
|-damage|p2a: Hatterene|12/100
|move|p2a: Hatterene|Calm Mind|p2a: Hatterene
|-boost|p2a: Hatterene|spa|1
|-boost|p2a: Hatterene|spd|1
|
|-weather|none
|-heal|p2a: Hatterene|18/100|[from] item: Leftovers
|upkeep
|turn|29
|
|move|p1a: Deberras|Scald|p2a: Hatterene
|-damage|p2a: Hatterene|0 fnt
|faint|p2a: Hatterene
|
|upkeep
|
|switch|p2a: Obstagoon|Obstagoon, F|72/100 brn
|-damage|p2a: Obstagoon|60/100 brn|[from] Stealth Rock
|turn|30
|
|switch|p1a: Estanislao|Clefable, F|70/100
|move|p2a: Obstagoon|Facade|p1a: Estanislao
|-damage|p1a: Estanislao|0 fnt
|faint|p1a: Estanislao
|
|-damage|p2a: Obstagoon|53/100 brn|[from] brn
|upkeep
|
|switch|p1a: Winona|Pelipper, F|44/100
|-weather|RainDance|[from] ability: Drizzle|[of] p1a: Winona
|turn|31
|
|switch|p1a: Guzmán|Excadrill, F, shiny|100/100
|move|p2a: Obstagoon|Facade|p1a: Guzmán
|-resisted|p1a: Guzmán
|-damage|p1a: Guzmán|40/100
|
|-weather|RainDance|[upkeep]
|-damage|p2a: Obstagoon|47/100 brn|[from] brn
|upkeep
|turn|32
|
|move|p2a: Obstagoon|Facade|p1a: Guzmán
|-resisted|p1a: Guzmán
|-crit|p1a: Guzmán
|-damage|p1a: Guzmán|0 fnt
|faint|p1a: Guzmán
|
|-weather|RainDance|[upkeep]
|-damage|p2a: Obstagoon|41/100 brn|[from] brn
|upkeep
|
|switch|p1a: Deberras|Mantine, F, shiny|100/100
|turn|33
|
|move|p1a: Deberras|Hurricane|p2a: Obstagoon
|-damage|p2a: Obstagoon|0 fnt
|faint|p2a: Obstagoon
|
|-weather|RainDance|[upkeep]
|upkeep
|
|switch|p2a: Passimian|Passimian, M|100/100
|-damage|p2a: Passimian|94/100|[from] Stealth Rock
|turn|34
|
|move|p1a: Deberras|Hurricane|p2a: Passimian
|-supereffective|p2a: Passimian
|-damage|p2a: Passimian|0 fnt
|faint|p2a: Passimian
|
|win|Meiizard
|l|☆eeraa
|raw|Meiizard's rating: 1502 → 1523(+21 for winning)
|raw|eeraa's rating: 1529 → 1507(-22 for losing)
