|ScrapeTime|2020-01-01-03:34:36
|j|☆hungham3007
|j|☆Bismuto208
|player|p1|hungham3007|1|1376
|player|p2|Bismuto208|165|1340
|teamsize|p1|6
|teamsize|p2|6
|gametype|singles
|gen|8
|tier|[Gen 8] OU
|rated|
|rule|Sleep Clause Mod: Limit one foe put to sleep
|rule|Species Clause: Limit one of each Pokémon
|rule|OHKO Clause: OHKO moves are banned
|rule|Evasion Moves Clause: Evasion moves are banned
|rule|Endless Battle Clause: Forcing endless battles is banned
|rule|HP Percentage Mod: HP is shown in percentages
|clearpoke
|poke|p1|Conkeldurr, F|
|poke|p1|Corviknight, M|
|poke|p1|Toxapex, M|
|poke|p1|Dragapult, F|
|poke|p1|Cinderace, F|
|poke|p1|Grimmsnarl, M|
|poke|p2|Ferrothorn, F|
|poke|p2|Toxapex, M|
|poke|p2|Haxorus, M|
|poke|p2|Shuckle, M|
|poke|p2|Chandelure, F|
|poke|p2|Hawlucha, M|
|rule|Dynamax Clause: You cannot dynamax
|teampreview
|
|start
|switch|p1a: Toxapex|Toxapex, M|100/100
|switch|p2a: Haxorus|Haxorus, M|100/100
|-ability|p2a: Haxorus|Mold Breaker
|turn|1
|
|switch|p2a: Ferrothorn|Ferrothorn, F|100/100
|move|p1a: Toxapex|Toxic|p2a: Ferrothorn
|-immune|p2a: Ferrothorn
|
|upkeep
|turn|2
|
|switch|p1a: Dragapult|Dragapult, F|100/100
|move|p2a: Ferrothorn|Leech Seed|p1a: Dragapult
|-start|p1a: Dragapult|move: Leech Seed
|
|-damage|p1a: Dragapult|88/100|[from] Leech Seed|[of] p2a: Ferrothorn
|upkeep
|turn|3
|
|switch|p2a: Chandelure|Chandelure, F|100/100
|move|p1a: Dragapult|Fire Blast|p2a: Chandelure
|-start|p2a: Chandelure|ability: Flash Fire
|
|-damage|p1a: Dragapult|76/100|[from] Leech Seed|[of] p2a: Chandelure
|upkeep
|turn|4
|
|switch|p1a: Toxapex|Toxapex, M|100/100
|move|p2a: Chandelure|Flamethrower|p1a: Toxapex
|-resisted|p1a: Toxapex
|-damage|p1a: Toxapex|69/100
|
|-heal|p1a: Toxapex|75/100|[from] item: Black Sludge
|upkeep
|turn|5
|
|-end|p2a: Chandelure|ability: Flash Fire|[silent]
|switch|p2a: Ferrothorn|Ferrothorn, F|100/100
|move|p1a: Toxapex|Toxic|p2a: Ferrothorn
|-immune|p2a: Ferrothorn
|
|-heal|p1a: Toxapex|81/100|[from] item: Black Sludge
|upkeep
|turn|6
|
|switch|p1a: Conkeldurr|Conkeldurr, F|100/100
|move|p2a: Ferrothorn|Gyro Ball|p1a: Conkeldurr
|-damage|p1a: Conkeldurr|71/100
|
|-status|p1a: Conkeldurr|brn|[from] item: Flame Orb
|upkeep
|turn|7
|
|switch|p2a: Toxapex|Toxapex, M|100/100
|move|p1a: Conkeldurr|Close Combat|p2a: Toxapex
|-resisted|p2a: Toxapex
|-damage|p2a: Toxapex|54/100
|-unboost|p1a: Conkeldurr|def|1
|-unboost|p1a: Conkeldurr|spd|1
|
|-heal|p2a: Toxapex|61/100|[from] item: Black Sludge
|-damage|p1a: Conkeldurr|65/100 brn|[from] brn
|upkeep
|turn|8
|
|switch|p2a: Hawlucha|Hawlucha, M|100/100
|move|p1a: Conkeldurr|Earthquake|p2a: Hawlucha
|-immune|p2a: Hawlucha
|
|-damage|p1a: Conkeldurr|59/100 brn|[from] brn
|upkeep
|turn|9
|
|switch|p1a: Corviknight|Corviknight, M|100/100
|-ability|p1a: Corviknight|Pressure
|move|p2a: Hawlucha|Acrobatics|p1a: Corviknight
|-resisted|p1a: Corviknight
|-damage|p1a: Corviknight|91/100
|
|-heal|p1a: Corviknight|97/100|[from] item: Leftovers
|upkeep
|turn|10
|
|switch|p2a: Chandelure|Chandelure, F|100/100
|move|p1a: Corviknight|Bulk Up|p1a: Corviknight
|-boost|p1a: Corviknight|atk|1
|-boost|p1a: Corviknight|def|1
|
|-heal|p1a: Corviknight|100/100|[from] item: Leftovers
|upkeep
|turn|11
|
|move|p2a: Chandelure|Trick|p1a: Corviknight
|-activate|p2a: Chandelure|move: Trick|[of] p1a: Corviknight
|-item|p1a: Corviknight|Choice Scarf|[from] move: Trick
|-item|p2a: Chandelure|Leftovers|[from] move: Trick
|move|p1a: Corviknight|Brave Bird|p2a: Chandelure
|-damage|p2a: Chandelure|19/100
|-damage|p1a: Corviknight|83/100|[from] Recoil
|
|-heal|p2a: Chandelure|25/100|[from] item: Leftovers
|upkeep
|turn|12
|
|switch|p2a: Ferrothorn|Ferrothorn, F|100/100
|move|p1a: Corviknight|Brave Bird|p2a: Ferrothorn
|-damage|p2a: Ferrothorn|52/100
|-damage|p1a: Corviknight|70/100|[from] ability: Iron Barbs|[of] p2a: Ferrothorn
|-damage|p1a: Corviknight|59/100|[from] Recoil
|
|-heal|p2a: Ferrothorn|59/100|[from] item: Leftovers
|upkeep
|turn|13
|
|move|p1a: Corviknight|Brave Bird|p2a: Ferrothorn
|-damage|p2a: Ferrothorn|8/100
|-damage|p1a: Corviknight|46/100|[from] ability: Iron Barbs|[of] p2a: Ferrothorn
|-damage|p1a: Corviknight|34/100|[from] Recoil
|move|p2a: Ferrothorn|Leech Seed|p1a: Corviknight
|-start|p1a: Corviknight|move: Leech Seed
|
|-heal|p2a: Ferrothorn|15/100|[from] item: Leftovers
|-damage|p1a: Corviknight|22/100|[from] Leech Seed|[of] p2a: Ferrothorn
|-heal|p2a: Ferrothorn|32/100|[silent]
|upkeep
|turn|14
|
|switch|p2a: Toxapex|Toxapex, M|94/100
|move|p1a: Corviknight|Brave Bird|p2a: Toxapex
|-crit|p2a: Toxapex
|-damage|p2a: Toxapex|20/100
|-damage|p1a: Corviknight|7/100|[from] Recoil
|
|-heal|p2a: Toxapex|26/100|[from] item: Black Sludge
|-damage|p1a: Corviknight|0 fnt|[from] Leech Seed|[of] p2a: Toxapex
|-heal|p2a: Toxapex|37/100|[silent]
|faint|p1a: Corviknight
|upkeep
|
|switch|p1a: Dragapult|Dragapult, F|76/100
|turn|15
|
|switch|p2a: Ferrothorn|Ferrothorn, F|32/100
|move|p1a: Dragapult|Shadow Ball|p2a: Ferrothorn
|-damage|p2a: Ferrothorn|0 fnt
|faint|p2a: Ferrothorn
|
|upkeep
|
|switch|p2a: Haxorus|Haxorus, M|100/100
|-ability|p2a: Haxorus|Mold Breaker
|turn|16
|
|move|p1a: Dragapult|Shadow Ball|p2a: Haxorus
|-damage|p2a: Haxorus|32/100
|-unboost|p2a: Haxorus|spd|1
|move|p2a: Haxorus|Dragon Claw|p1a: Dragapult
|-supereffective|p1a: Dragapult
|-damage|p1a: Dragapult|0 fnt
|faint|p1a: Dragapult
|
|upkeep
|
|switch|p1a: Grimmsnarl|Grimmsnarl, M|100/100
|turn|17
|
|switch|p2a: Shuckle|Shuckle, M|100/100
|move|p1a: Grimmsnarl|Thunder Wave|p2a: Shuckle
|-status|p2a: Shuckle|par
|
|upkeep
|turn|18
|
|move|p1a: Grimmsnarl|Bulk Up|p1a: Grimmsnarl
|-boost|p1a: Grimmsnarl|atk|1
|-boost|p1a: Grimmsnarl|def|1
|move|p2a: Shuckle|Toxic|p1a: Grimmsnarl
|-status|p1a: Grimmsnarl|tox
|
|-damage|p1a: Grimmsnarl|94/100 tox|[from] psn
|upkeep
|turn|19
|
|move|p1a: Grimmsnarl|Spirit Break|p2a: Shuckle
|-damage|p2a: Shuckle|59/100 par
|-boost|p2a: Shuckle|spa|1
|-enditem|p2a: Shuckle|Red Card|[of] p1a: Grimmsnarl
|drag|p1a: Cinderace|Cinderace, F|100/100
|move|p2a: Shuckle|Toxic|p1a: Cinderace|[miss]
|-miss|p2a: Shuckle|p1a: Cinderace
|
|upkeep
|turn|20
|
|move|p1a: Cinderace|U-turn|p2a: Shuckle
|-crit|p2a: Shuckle
|-damage|p2a: Shuckle|37/100 par
|
|switch|p1a: Conkeldurr|Conkeldurr, F|59/100 brn|[from]move: U-turn
|move|p2a: Shuckle|Rest|p2a: Shuckle
|-status|p2a: Shuckle|slp|[from] move: Rest
|-heal|p2a: Shuckle|100/100 slp|[silent]
|
|-damage|p1a: Conkeldurr|53/100 brn|[from] brn
|upkeep
|turn|21
|
|move|p1a: Conkeldurr|Earthquake|p2a: Shuckle
|-damage|p2a: Shuckle|66/100 slp
|cant|p2a: Shuckle|slp
|
|-damage|p1a: Conkeldurr|47/100 brn|[from] brn
|upkeep
|turn|22
|
|move|p1a: Conkeldurr|Drain Punch|p2a: Shuckle
|-damage|p2a: Shuckle|21/100 slp
|-heal|p1a: Conkeldurr|60/100 brn|[from] drain|[of] p2a: Shuckle
|cant|p2a: Shuckle|slp
|
|-damage|p1a: Conkeldurr|54/100 brn|[from] brn
|upkeep
|turn|23
|
|switch|p2a: Chandelure|Chandelure, F|25/100
|move|p1a: Conkeldurr|Earthquake|p2a: Chandelure
|-supereffective|p2a: Chandelure
|-damage|p2a: Chandelure|0 fnt
|faint|p2a: Chandelure
|
|-damage|p1a: Conkeldurr|48/100 brn|[from] brn
|upkeep
|
|switch|p2a: Hawlucha|Hawlucha, M|100/100
|turn|24
|
|switch|p2a: Haxorus|Haxorus, M|32/100
|-ability|p2a: Haxorus|Mold Breaker
|switch|p1a: Toxapex|Toxapex, M|100/100
|
|upkeep
|turn|25
|
|move|p2a: Haxorus|Earthquake|p1a: Toxapex
|-supereffective|p1a: Toxapex
|-damage|p1a: Toxapex|59/100
|move|p1a: Toxapex|Toxic|p2a: Haxorus
|-status|p2a: Haxorus|tox
|
|-heal|p1a: Toxapex|65/100|[from] item: Black Sludge
|-damage|p2a: Haxorus|25/100 tox|[from] psn
|upkeep
|turn|26
|
|move|p2a: Haxorus|Close Combat|p1a: Toxapex
|-resisted|p1a: Toxapex
|-damage|p1a: Toxapex|51/100
|-unboost|p2a: Haxorus|def|1
|-unboost|p2a: Haxorus|spd|1
|move|p1a: Toxapex|Recover|p1a: Toxapex
|-heal|p1a: Toxapex|100/100
|
|-damage|p2a: Haxorus|13/100 tox|[from] psn
|upkeep
|turn|27
|
|move|p2a: Haxorus|Earthquake|p1a: Toxapex
|-supereffective|p1a: Toxapex
|-damage|p1a: Toxapex|58/100
|move|p1a: Toxapex|Recover|p1a: Toxapex
|-heal|p1a: Toxapex|100/100
|
|-damage|p2a: Haxorus|0 fnt|[from] psn
|faint|p2a: Haxorus
|upkeep
|
|switch|p2a: Toxapex|Toxapex, M|70/100
|turn|28
|
|switch|p1a: Conkeldurr|Conkeldurr, F|48/100 brn
|move|p2a: Toxapex|Recover|p2a: Toxapex
|-heal|p2a: Toxapex|100/100
|
|-damage|p1a: Conkeldurr|42/100 brn|[from] brn
|upkeep
|turn|29
|
|switch|p2a: Hawlucha|Hawlucha, M|100/100
|move|p1a: Conkeldurr|Earthquake|p2a: Hawlucha
|-immune|p2a: Hawlucha
|
|-damage|p1a: Conkeldurr|36/100 brn|[from] brn
|upkeep
|turn|30
|
|switch|p1a: Toxapex|Toxapex, M|100/100
|move|p2a: Hawlucha|Close Combat|p1a: Toxapex
|-resisted|p1a: Toxapex
|-damage|p1a: Toxapex|85/100
|-unboost|p2a: Hawlucha|def|1
|-unboost|p2a: Hawlucha|spd|1
|-enditem|p2a: Hawlucha|White Herb
|-clearnegativeboost|p2a: Hawlucha|[silent]
|
|-heal|p1a: Toxapex|91/100|[from] item: Black Sludge
|upkeep
|turn|31
|
|move|p2a: Hawlucha|Swords Dance|p2a: Hawlucha
|-boost|p2a: Hawlucha|atk|2
|move|p1a: Toxapex|Scald|p2a: Hawlucha
|-damage|p2a: Hawlucha|73/100
|
|-heal|p1a: Toxapex|97/100|[from] item: Black Sludge
|upkeep
|turn|32
|
|move|p2a: Hawlucha|Acrobatics|p1a: Toxapex
|-damage|p1a: Toxapex|43/100
|move|p1a: Toxapex|Haze|p1a: Toxapex
|-clearallboost
|
|-heal|p1a: Toxapex|49/100|[from] item: Black Sludge
|upkeep
|turn|33
|
|move|p2a: Hawlucha|Swords Dance|p2a: Hawlucha
|-boost|p2a: Hawlucha|atk|2
|move|p1a: Toxapex|Toxic|p2a: Hawlucha
|-status|p2a: Hawlucha|tox
|
|-heal|p1a: Toxapex|55/100|[from] item: Black Sludge
|-damage|p2a: Hawlucha|67/100 tox|[from] psn
|upkeep
|turn|34
|inactive|Battle timer is ON: inactive players will automatically lose when time's up. (requested by Bismuto208)
|
|move|p2a: Hawlucha|Acrobatics|p1a: Toxapex
|-damage|p1a: Toxapex|2/100
|move|p1a: Toxapex|Haze|p1a: Toxapex
|-clearallboost
|
|-heal|p1a: Toxapex|8/100|[from] item: Black Sludge
|-damage|p2a: Hawlucha|55/100 tox|[from] psn
|upkeep
|turn|35
|
|move|p2a: Hawlucha|Acrobatics|p1a: Toxapex
|-damage|p1a: Toxapex|0 fnt
|faint|p1a: Toxapex
|
|-damage|p2a: Hawlucha|37/100 tox|[from] psn
|upkeep
|
|switch|p1a: Grimmsnarl|Grimmsnarl, M|94/100 tox
|turn|36
|
|move|p2a: Hawlucha|Close Combat|p1a: Grimmsnarl
|-damage|p1a: Grimmsnarl|29/100 tox
|-unboost|p2a: Hawlucha|def|1
|-unboost|p2a: Hawlucha|spd|1
|move|p1a: Grimmsnarl|Spirit Break|p2a: Hawlucha
|-supereffective|p2a: Hawlucha
|-damage|p2a: Hawlucha|0 fnt
|faint|p2a: Hawlucha
|
|-heal|p1a: Grimmsnarl|35/100 tox|[from] item: Leftovers
|-damage|p1a: Grimmsnarl|29/100 tox|[from] psn
|upkeep
|
|switch|p2a: Toxapex|Toxapex, M|100/100
|turn|37
|
|move|p1a: Grimmsnarl|Thunder Wave|p2a: Toxapex
|-status|p2a: Toxapex|par
|move|p2a: Toxapex|Scald|p1a: Grimmsnarl
|-damage|p1a: Grimmsnarl|10/100 tox
|
|-heal|p1a: Grimmsnarl|16/100 tox|[from] item: Leftovers
|-damage|p1a: Grimmsnarl|4/100 tox|[from] psn
|upkeep
|turn|38
|
|move|p1a: Grimmsnarl|Spirit Break|p2a: Toxapex
|-resisted|p2a: Toxapex
|-damage|p2a: Toxapex|84/100 par
|-unboost|p2a: Toxapex|spa|1
|move|p2a: Toxapex|Scald|p1a: Grimmsnarl
|-damage|p1a: Grimmsnarl|0 fnt
|faint|p1a: Grimmsnarl
|
|-heal|p2a: Toxapex|90/100 par|[from] item: Black Sludge
|upkeep
|
|switch|p1a: Conkeldurr|Conkeldurr, F|36/100 brn
|turn|39
|
|move|p1a: Conkeldurr|Earthquake|p2a: Toxapex
|-supereffective|p2a: Toxapex
|-damage|p2a: Toxapex|0 fnt
|faint|p2a: Toxapex
|
|-damage|p1a: Conkeldurr|30/100 brn|[from] brn
|upkeep
|
|switch|p2a: Shuckle|Shuckle, M|21/100 slp
|turn|40
|
|move|p1a: Conkeldurr|Close Combat|p2a: Shuckle
|-damage|p2a: Shuckle|0 fnt
|-unboost|p1a: Conkeldurr|def|1
|-unboost|p1a: Conkeldurr|spd|1
|faint|p2a: Shuckle
|
|win|hungham3007
|raw|hungham3007's rating: 1376 → 1394(+18 for winning)
|raw|Bismuto208's rating: 1340 → 1322(-18 for losing)
|l|☆Bismuto208
