|ScrapeTime|2020-01-01-04:15:33
|j|☆Dawnmoon昼月.
|j|☆kelvintrainer28
|player|p1|Dawnmoon昼月.|265|1864
|player|p2|kelvintrainer28|clair|1651
|teamsize|p1|6
|teamsize|p2|6
|gametype|singles
|gen|8
|tier|[Gen 8] OU
|rated|
|rule|Sleep Clause Mod: Limit one foe put to sleep
|rule|Species Clause: Limit one of each Pokémon
|rule|OHKO Clause: OHKO moves are banned
|rule|Evasion Moves Clause: Evasion moves are banned
|rule|Endless Battle Clause: Forcing endless battles is banned
|rule|HP Percentage Mod: HP is shown in percentages
|clearpoke
|poke|p1|Toxapex, F|
|poke|p1|Chandelure, F|
|poke|p1|Dugtrio, M|
|poke|p1|Hatterene, F|
|poke|p1|Corviknight, M|
|poke|p1|Ditto|
|poke|p2|Bisharp, M|
|poke|p2|Clefable, F|
|poke|p2|Hydreigon, F|
|poke|p2|Corviknight, F|
|poke|p2|Aegislash, M|
|poke|p2|Seismitoad, F|
|rule|Dynamax Clause: You cannot dynamax
|teampreview
|inactive|Battle timer is ON: inactive players will automatically lose when time's up. (requested by kelvintrainer28)
|j| Elterelley
|
|start
|switch|p1a: Condemnation Wings|Corviknight, M|100/100
|switch|p2a: Hydreigon|Hydreigon, F|100/100
|turn|1
|
|switch|p2a: Corviknight|Corviknight, F|100/100
|-ability|p2a: Corviknight|Pressure
|move|p1a: Condemnation Wings|U-turn|p2a: Corviknight
|-resisted|p2a: Corviknight
|-damage|p2a: Corviknight|98/100
|
|switch|p1a: Spirit of fire.|Chandelure, F, shiny|100/100|[from]move: U-turn
|
|-heal|p2a: Corviknight|100/100|[from] item: Leftovers
|upkeep
|turn|2
|j|+playerW17
|
|switch|p2a: Hydreigon|Hydreigon, F|100/100
|move|p1a: Spirit of fire.|Fire Blast|p2a: Hydreigon|[miss]
|-miss|p1a: Spirit of fire.|p2a: Hydreigon
|
|upkeep
|turn|3
|
|switch|p1a: Condemnation Wings|Corviknight, M|100/100
|move|p2a: Hydreigon|U-turn|p1a: Condemnation Wings
|-resisted|p1a: Condemnation Wings
|-damage|p1a: Condemnation Wings|97/100
|
|switch|p2a: Aegislash|Aegislash, M|100/100|[from]move: U-turn
|
|-heal|p1a: Condemnation Wings|100/100|[from] item: Leftovers
|upkeep
|turn|4
|
|-formechange|p2a: Aegislash|Aegislash-Blade||[from] ability: Stance Change
|move|p2a: Aegislash|Head Smash|p1a: Condemnation Wings
|-damage|p1a: Condemnation Wings|21/100
|-damage|p2a: Aegislash|40/100|[from] Recoil
|move|p1a: Condemnation Wings|U-turn|p2a: Aegislash
|-resisted|p2a: Aegislash
|-damage|p2a: Aegislash|32/100
|
|switch|p1a: Spirit of fire.|Chandelure, F, shiny|100/100|[from]move: U-turn
|
|upkeep
|turn|5
|
|switch|p2a: Hydreigon|Hydreigon, F|100/100
|move|p1a: Spirit of fire.|Fire Blast|p2a: Hydreigon|[miss]
|-miss|p1a: Spirit of fire.|p2a: Hydreigon
|
|upkeep
|turn|6
|
|switch|p1a: Thin red line.|Toxapex, F, shiny|100/100
|move|p2a: Hydreigon|Dark Pulse|p1a: Thin red line.
|-damage|p1a: Thin red line.|66/100
|
|-heal|p1a: Thin red line.|71/100|[from] item: Black Sludge
|upkeep
|turn|7
|
|switch|p1a: Spirit of fire.|Chandelure, F, shiny|100/100
|move|p2a: Hydreigon|Dark Pulse|p1a: Spirit of fire.
|-supereffective|p1a: Spirit of fire.
|-damage|p1a: Spirit of fire.|0 fnt
|faint|p1a: Spirit of fire.
|
|upkeep
|inactive|Dawnmoon昼月. has 120 seconds left.
|
|switch|p1a: Walpurgisnacht.|Hatterene, F|100/100
|turn|8
|
|switch|p2a: Corviknight|Corviknight, F|100/100
|-ability|p2a: Corviknight|Pressure
|move|p1a: Walpurgisnacht.|Calm Mind|p1a: Walpurgisnacht.
|-boost|p1a: Walpurgisnacht.|spa|1
|-boost|p1a: Walpurgisnacht.|spd|1
|
|upkeep
|turn|9
|l| Elterelley
|
|move|p2a: Corviknight|Brave Bird|p1a: Walpurgisnacht.
|-damage|p1a: Walpurgisnacht.|58/100
|-damage|p2a: Corviknight|89/100|[from] Recoil
|move|p1a: Walpurgisnacht.|Draining Kiss|p2a: Corviknight
|-resisted|p2a: Corviknight
|-damage|p2a: Corviknight|71/100
|-heal|p1a: Walpurgisnacht.|75/100|[from] drain|[of] p2a: Corviknight
|
|-heal|p2a: Corviknight|77/100|[from] item: Leftovers
|-heal|p1a: Walpurgisnacht.|81/100|[from] item: Leftovers
|upkeep
|turn|10
|inactive|Dawnmoon昼月. has 120 seconds left.
|
|move|p2a: Corviknight|Brave Bird|p1a: Walpurgisnacht.
|-damage|p1a: Walpurgisnacht.|42/100
|-damage|p2a: Corviknight|67/100|[from] Recoil
|move|p1a: Walpurgisnacht.|Draining Kiss|p2a: Corviknight
|-resisted|p2a: Corviknight
|-damage|p2a: Corviknight|50/100
|-heal|p1a: Walpurgisnacht.|57/100|[from] drain|[of] p2a: Corviknight
|
|-heal|p2a: Corviknight|56/100|[from] item: Leftovers
|-heal|p1a: Walpurgisnacht.|63/100|[from] item: Leftovers
|upkeep
|turn|11
|
|move|p2a: Corviknight|Brave Bird|p1a: Walpurgisnacht.
|-damage|p1a: Walpurgisnacht.|19/100
|-damage|p2a: Corviknight|45/100|[from] Recoil
|move|p1a: Walpurgisnacht.|Mystical Fire|p2a: Corviknight
|-supereffective|p2a: Corviknight
|-damage|p2a: Corviknight|0 fnt
|faint|p2a: Corviknight
|
|-heal|p1a: Walpurgisnacht.|25/100|[from] item: Leftovers
|upkeep
|
|switch|p2a: Aegislash|Aegislash, M|32/100
|turn|12
|
|switch|p1a: Blazblue.|Ditto, shiny|100/100
|-transform|p1a: Blazblue.|p2a: Aegislash|[from] ability: Imposter
|-formechange|p2a: Aegislash|Aegislash-Blade||[from] ability: Stance Change
|move|p2a: Aegislash|Shadow Sneak|p1a: Blazblue.
|-supereffective|p1a: Blazblue.
|-damage|p1a: Blazblue.|38/100
|
|upkeep
|turn|13
|
|switch|p2a: Seismitoad|Seismitoad, F|100/100
|move|p1a: Blazblue.|Close Combat|p2a: Seismitoad
|-damage|p2a: Seismitoad|82/100
|-unboost|p1a: Blazblue.|def|1
|-unboost|p1a: Blazblue.|spd|1
|
|-heal|p2a: Seismitoad|88/100|[from] item: Leftovers
|upkeep
|turn|14
|
|switch|p1a: Condemnation Wings|Corviknight, M|21/100
|move|p2a: Seismitoad|Scald|p1a: Condemnation Wings
|-damage|p1a: Condemnation Wings|5/100
|
|-heal|p2a: Seismitoad|94/100|[from] item: Leftovers
|-heal|p1a: Condemnation Wings|11/100|[from] item: Leftovers
|upkeep
|turn|15
|inactive|Dawnmoon昼月. has 120 seconds left.
|
|switch|p1a: Blazblue.|Ditto, shiny|38/100
|-transform|p1a: Blazblue.|p2a: Seismitoad|[from] ability: Imposter
|move|p2a: Seismitoad|Scald|p1a: Blazblue.
|-heal|p1a: Blazblue.|63/100|[from] ability: Water Absorb|[of] p2a: Seismitoad
|
|-heal|p2a: Seismitoad|99/100|[from] item: Leftovers
|upkeep
|turn|16
|inactive|Dawnmoon昼月. has 120 seconds left.
|
|switch|p1a: Walpurgisnacht.|Hatterene, F|25/100
|move|p2a: Seismitoad|Earth Power|p1a: Walpurgisnacht.
|-damage|p1a: Walpurgisnacht.|0 fnt
|faint|p1a: Walpurgisnacht.
|
|-heal|p2a: Seismitoad|100/100|[from] item: Leftovers
|upkeep
|inactive|Dawnmoon昼月. has 120 seconds left.
|
|switch|p1a: Thin red line.|Toxapex, F, shiny|100/100
|turn|17
|
|move|p2a: Seismitoad|Stealth Rock|p1a: Thin red line.
|-sidestart|p1: Dawnmoon昼月.|move: Stealth Rock
|move|p1a: Thin red line.|Toxic|p2a: Seismitoad
|-status|p2a: Seismitoad|tox
|
|-damage|p2a: Seismitoad|94/100 tox|[from] psn
|upkeep
|turn|18
|
|move|p2a: Seismitoad|Earth Power|p1a: Thin red line.
|-supereffective|p1a: Thin red line.
|-damage|p1a: Thin red line.|56/100
|move|p1a: Thin red line.|Scald|p2a: Seismitoad
|-heal|p2a: Seismitoad|100/100 tox|[from] ability: Water Absorb|[of] p1a: Thin red line.
|
|-heal|p1a: Thin red line.|62/100|[from] item: Black Sludge
|-damage|p2a: Seismitoad|88/100 tox|[from] psn
|upkeep
|turn|19
|
|move|p2a: Seismitoad|Earth Power|p1a: Thin red line.
|-supereffective|p1a: Thin red line.
|-damage|p1a: Thin red line.|15/100
|move|p1a: Thin red line.|Recover|p1a: Thin red line.
|-heal|p1a: Thin red line.|65/100
|
|-heal|p2a: Seismitoad|94/100 tox|[from] item: Leftovers
|-heal|p1a: Thin red line.|71/100|[from] item: Black Sludge
|-damage|p2a: Seismitoad|76/100 tox|[from] psn
|upkeep
|turn|20
|
|switch|p2a: Clefable|Clefable, F|100/100
|move|p1a: Thin red line.|Recover|p1a: Thin red line.
|-heal|p1a: Thin red line.|100/100
|
|upkeep
|turn|21
|
|move|p2a: Clefable|Psychic|p1a: Thin red line.
|-supereffective|p1a: Thin red line.
|-crit|p1a: Thin red line.
|-damage|p1a: Thin red line.|20/100
|move|p1a: Thin red line.|Scald|p2a: Clefable
|-damage|p2a: Clefable|86/100
|-status|p2a: Clefable|brn
|
|-heal|p1a: Thin red line.|26/100|[from] item: Black Sludge
|upkeep
|turn|22
|
|switch|p1a: Blazblue.|Ditto, shiny|63/100
|-damage|p1a: Blazblue.|51/100|[from] Stealth Rock
|-transform|p1a: Blazblue.|p2a: Clefable|[from] ability: Imposter
|move|p2a: Clefable|Psychic|p1a: Blazblue.
|-damage|p1a: Blazblue.|22/100
|
|upkeep
|turn|23
|
|switch|p2a: Seismitoad|Seismitoad, F|76/100 tox
|move|p1a: Blazblue.|Moonlight|p1a: Blazblue.
|-heal|p1a: Blazblue.|72/100
|
|-heal|p2a: Seismitoad|82/100 tox|[from] item: Leftovers
|-damage|p2a: Seismitoad|76/100 tox|[from] psn
|upkeep
|turn|24
|
|move|p1a: Blazblue.|Moonlight|p1a: Blazblue.
|-heal|p1a: Blazblue.|100/100
|move|p2a: Seismitoad|Earth Power|p1a: Blazblue.
|-damage|p1a: Blazblue.|73/100
|
|-heal|p2a: Seismitoad|82/100 tox|[from] item: Leftovers
|-damage|p2a: Seismitoad|70/100 tox|[from] psn
|upkeep
|turn|25
|
|switch|p2a: Aegislash|Aegislash, M|32/100
|move|p1a: Blazblue.|Moonlight|p1a: Blazblue.
|-heal|p1a: Blazblue.|100/100
|
|upkeep
|turn|26
|
|switch|p1a: Condemnation Wings|Corviknight, M|11/100
|-damage|p1a: Condemnation Wings|0 fnt|[from] Stealth Rock
|faint|p1a: Condemnation Wings
|switch|p2a: Hydreigon|Hydreigon, F|100/100
|
|upkeep
|
|switch|p1a: Thin red line.|Toxapex, F, shiny|59/100
|-damage|p1a: Thin red line.|47/100|[from] Stealth Rock
|turn|27
|
|move|p2a: Hydreigon|U-turn|p1a: Thin red line.
|-resisted|p1a: Thin red line.
|-damage|p1a: Thin red line.|42/100
|
|switch|p2a: Aegislash|Aegislash, M|32/100|[from]move: U-turn
|move|p1a: Thin red line.|Recover|p1a: Thin red line.
|-heal|p1a: Thin red line.|92/100
|
|-heal|p1a: Thin red line.|98/100|[from] item: Black Sludge
|upkeep
|turn|28
|
|-formechange|p2a: Aegislash|Aegislash-Blade||[from] ability: Stance Change
|move|p2a: Aegislash|Head Smash|p1a: Thin red line.
|-damage|p1a: Thin red line.|39/100
|-damage|p2a: Aegislash|0 fnt|[from] Recoil
|faint|p2a: Aegislash
|move|p1a: Thin red line.|Recover|p1a: Thin red line.
|-heal|p1a: Thin red line.|89/100
|
|-heal|p1a: Thin red line.|95/100|[from] item: Black Sludge
|upkeep
|
|switch|p2a: Clefable|Clefable, F|86/100 brn
|turn|29
|
|switch|p1a: Blazblue.|Ditto, shiny|100/100
|-damage|p1a: Blazblue.|88/100|[from] Stealth Rock
|-transform|p1a: Blazblue.|p2a: Clefable|[from] ability: Imposter
|move|p2a: Clefable|Moonblast|p1a: Blazblue.
|-damage|p1a: Blazblue.|37/100
|
|upkeep
|turn|30
|
|switch|p2a: Seismitoad|Seismitoad, F|70/100 tox
|move|p1a: Blazblue.|Moonblast|p2a: Seismitoad
|-damage|p2a: Seismitoad|30/100 tox
|-unboost|p2a: Seismitoad|spa|1
|
|-heal|p2a: Seismitoad|36/100 tox|[from] item: Leftovers
|-damage|p2a: Seismitoad|30/100 tox|[from] psn
|upkeep
|turn|31
|l|+playerW17
|
|move|p1a: Blazblue.|Moonblast|p2a: Seismitoad
|-damage|p2a: Seismitoad|0 fnt
|faint|p2a: Seismitoad
|
|upkeep
|
|switch|p2a: Hydreigon|Hydreigon, F|100/100
|turn|32
|
|switch|p1a: Thin red line.|Toxapex, F, shiny|100/100
|-damage|p1a: Thin red line.|88/100|[from] Stealth Rock
|move|p2a: Hydreigon|Fire Blast|p1a: Thin red line.|[miss]
|-miss|p2a: Hydreigon|p1a: Thin red line.
|
|-heal|p1a: Thin red line.|94/100|[from] item: Black Sludge
|upkeep
|turn|33
|
|switch|p2a: Clefable|Clefable, F|86/100 brn
|switch|p1a: Jaeger.|Dugtrio, M|100/100
|-damage|p1a: Jaeger.|94/100|[from] Stealth Rock
|
|upkeep
|turn|34
|
|move|p1a: Jaeger.|Earthquake|p2a: Clefable
|-crit|p2a: Clefable
|-damage|p2a: Clefable|9/100 brn
|move|p2a: Clefable|Moonblast|p1a: Jaeger.
|-damage|p1a: Jaeger.|0 fnt
|faint|p1a: Jaeger.
|
|upkeep
|
|switch|p1a: Blazblue.|Ditto, shiny|37/100
|-damage|p1a: Blazblue.|25/100|[from] Stealth Rock
|-transform|p1a: Blazblue.|p2a: Clefable|[from] ability: Imposter
|turn|35
|
|switch|p2a: Hydreigon|Hydreigon, F|100/100
|move|p1a: Blazblue.|Moonblast|p2a: Hydreigon
|-supereffective|p2a: Hydreigon
|-damage|p2a: Hydreigon|0 fnt
|faint|p2a: Hydreigon
|
|upkeep
|
|switch|p2a: Bisharp|Bisharp, M|100/100
|turn|36
|
|move|p2a: Bisharp|Sucker Punch|p1a: Blazblue.
|-resisted|p1a: Blazblue.
|-damage|p1a: Blazblue.|0 fnt
|-damage|p2a: Bisharp|91/100|[from] item: Life Orb
|faint|p1a: Blazblue.
|
|upkeep
|
|switch|p1a: Thin red line.|Toxapex, F, shiny|100/100
|-damage|p1a: Thin red line.|88/100|[from] Stealth Rock
|turn|37
|
|move|p2a: Bisharp|Swords Dance|p2a: Bisharp
|-boost|p2a: Bisharp|atk|2
|move|p1a: Thin red line.|Scald|p2a: Bisharp
|-damage|p2a: Bisharp|61/100
|-status|p2a: Bisharp|brn
|
|-heal|p1a: Thin red line.|94/100|[from] item: Black Sludge
|-damage|p2a: Bisharp|55/100 brn|[from] brn
|upkeep
|turn|38
|
|move|p2a: Bisharp|Throat Chop|p1a: Thin red line.
|-damage|p1a: Thin red line.|60/100
|-start|p1a: Thin red line.|Throat Chop|[silent]
|-damage|p2a: Bisharp|46/100 brn|[from] item: Life Orb
|move|p1a: Thin red line.|Scald|p2a: Bisharp
|-damage|p2a: Bisharp|16/100 brn
|
|-heal|p1a: Thin red line.|66/100|[from] item: Black Sludge
|-damage|p2a: Bisharp|10/100 brn|[from] brn
|upkeep
|turn|39
|
|move|p2a: Bisharp|Swords Dance|p2a: Bisharp
|-boost|p2a: Bisharp|atk|2
|move|p1a: Thin red line.|Recover|p1a: Thin red line.
|-heal|p1a: Thin red line.|100/100
|
|-damage|p2a: Bisharp|5/100 brn|[from] brn
|-end|p1a: Thin red line.|Throat Chop|[silent]
|upkeep
|turn|40
|
|move|p2a: Bisharp|Throat Chop|p1a: Thin red line.
|-damage|p1a: Thin red line.|45/100
|-start|p1a: Thin red line.|Throat Chop|[silent]
|-damage|p2a: Bisharp|0 fnt|[from] item: Life Orb
|faint|p2a: Bisharp
|move|p1a: Thin red line.|Recover|p1a: Thin red line.
|-heal|p1a: Thin red line.|95/100
|
|-heal|p1a: Thin red line.|100/100|[from] item: Black Sludge
|upkeep
|
|switch|p2a: Clefable|Clefable, F|9/100 brn
|turn|41
|
|move|p2a: Clefable|Moonlight|p2a: Clefable
|-heal|p2a: Clefable|59/100 brn
|move|p1a: Thin red line.|Scald|p2a: Clefable
|-damage|p2a: Clefable|46/100 brn
|
|-end|p1a: Thin red line.|Throat Chop|[silent]
|upkeep
|turn|42
|
|move|p2a: Clefable|Moonlight|p2a: Clefable
|-heal|p2a: Clefable|96/100 brn
|move|p1a: Thin red line.|Scald|p2a: Clefable
|-damage|p2a: Clefable|82/100 brn
|
|upkeep
|turn|43
|
|move|p2a: Clefable|Psychic|p1a: Thin red line.
|-supereffective|p1a: Thin red line.
|-damage|p1a: Thin red line.|52/100
|move|p1a: Thin red line.|Scald|p2a: Clefable
|-damage|p2a: Clefable|68/100 brn
|
|-heal|p1a: Thin red line.|58/100|[from] item: Black Sludge
|upkeep
|turn|44
|
|move|p2a: Clefable|Psychic|p1a: Thin red line.
|-supereffective|p1a: Thin red line.
|-crit|p1a: Thin red line.
|-damage|p1a: Thin red line.|0 fnt
|faint|p1a: Thin red line.
|
|win|kelvintrainer28
|raw|Dawnmoon昼月.'s rating: 1877 → 1846(-31 for losing)
|raw|kelvintrainer28's rating: 1651 → 1682(+31 for winning)
|c|☆kelvintrainer28|gg
