|ScrapeTime|2020-01-01-00:31:07
|j|☆stroke head
|j|☆gen8isHOTgarbage
|player|p1|stroke head|zinnia|1393
|player|p2|gen8isHOTgarbage|dawn|1398
|teamsize|p1|6
|teamsize|p2|6
|gametype|singles
|gen|8
|tier|[Gen 8] OU
|rated|
|rule|Sleep Clause Mod: Limit one foe put to sleep
|rule|Species Clause: Limit one of each Pokémon
|rule|OHKO Clause: OHKO moves are banned
|rule|Evasion Moves Clause: Evasion moves are banned
|rule|Endless Battle Clause: Forcing endless battles is banned
|rule|HP Percentage Mod: HP is shown in percentages
|clearpoke
|poke|p1|Hatterene, F|
|poke|p1|Cinderace, M|
|poke|p1|Ferrothorn, M|
|poke|p1|Grimmsnarl, M|
|poke|p1|Rotom-Wash|
|poke|p1|Dragapult, M|
|poke|p2|Clefable, F|
|poke|p2|Ferrothorn, F|
|poke|p2|Toxapex, F|
|poke|p2|Rotom-Heat|
|poke|p2|Dugtrio, F|
|poke|p2|Corviknight, M|
|rule|Dynamax Clause: You cannot dynamax
|teampreview
|inactive|Battle timer is ON: inactive players will automatically lose when time's up. (requested by stroke head)
|
|start
|switch|p1a: Dragapult|Dragapult, M|100/100
|switch|p2a: Assassin|Dugtrio, F|100/100
|turn|1
|
|move|p1a: Dragapult|U-turn|p2a: Assassin
|-damage|p2a: Assassin|37/100
|
|switch|p1a: Ferrothorn|Ferrothorn, M|100/100|[from]move: U-turn
|move|p2a: Assassin|Earthquake|p1a: Ferrothorn
|-damage|p1a: Ferrothorn|72/100
|
|-heal|p1a: Ferrothorn|78/100|[from] item: Leftovers
|upkeep
|turn|2
|c|☆gen8isHOTgarbage|br
|c|☆gen8isHOTgarbage|uh
|
|switch|p2a: rock bottom|Rotom-Heat|100/100
|move|p1a: Ferrothorn|Spikes|p2a: rock bottom
|-sidestart|p2: gen8isHOTgarbage|Spikes
|
|-heal|p1a: Ferrothorn|84/100|[from] item: Leftovers
|upkeep
|turn|3
|
|move|p1a: Ferrothorn|Protect|p1a: Ferrothorn
|-singleturn|p1a: Ferrothorn|Protect
|move|p2a: rock bottom|Nasty Plot|p2a: rock bottom
|-boost|p2a: rock bottom|spa|2
|
|-heal|p1a: Ferrothorn|90/100|[from] item: Leftovers
|upkeep
|turn|4
|
|switch|p1a: Cinderace|Cinderace, M|100/100
|move|p2a: rock bottom|Volt Switch|p1a: Cinderace
|-damage|p1a: Cinderace|29/100
|
|switch|p2a: Assassin|Dugtrio, F|37/100|[from]move: Volt Switch
|-damage|p2a: Assassin|25/100|[from] Spikes
|
|upkeep
|turn|5
|
|move|p2a: Assassin|Earthquake|p1a: Cinderace
|-supereffective|p1a: Cinderace
|-damage|p1a: Cinderace|0 fnt
|faint|p1a: Cinderace
|
|upkeep
|
|switch|p1a: Dragapult|Dragapult, M|100/100
|turn|6
|
|move|p2a: Assassin|Sucker Punch|p1a: Dragapult
|-supereffective|p1a: Dragapult
|-damage|p1a: Dragapult|49/100
|move|p1a: Dragapult|U-turn|p2a: Assassin
|-damage|p2a: Assassin|0 fnt
|faint|p2a: Assassin
|
|switch|p1a: Ferrothorn|Ferrothorn, M|90/100|[from]move: U-turn
|
|-heal|p1a: Ferrothorn|97/100|[from] item: Leftovers
|upkeep
|
|switch|p2a: rock bottom|Rotom-Heat|100/100
|turn|7
|
|move|p2a: rock bottom|Overheat|p1a: Ferrothorn
|-supereffective|p1a: Ferrothorn
|-damage|p1a: Ferrothorn|0 fnt
|-unboost|p2a: rock bottom|spa|2
|faint|p1a: Ferrothorn
|
|upkeep
|l|☆stroke head
|inactive|stroke head disconnected and has a minute to reconnect!
|player|p1|
|c|☆gen8isHOTgarbage|poop nose
|inactive|stroke head has 30 seconds to reconnect!
|inactive|stroke head has 20 seconds to reconnect!
|inactive|stroke head has 15 seconds to reconnect!
|inactive|stroke head has 10 seconds to reconnect!
|inactive|stroke head has 5 seconds to reconnect!
|-message|stroke head lost due to inactivity.
|
|win|gen8isHOTgarbage
|raw|stroke head's rating: 1393 → 1373(-20 for losing)
|raw|gen8isHOTgarbage's rating: 1398 → 1418(+20 for winning)
