|ScrapeTime|2020-01-01-00:14:33
|j|☆Dmh8
|j|☆darkliste
|player|p1|Dmh8|186|1384
|player|p2|darkliste|116|1367
|teamsize|p1|6
|teamsize|p2|6
|gametype|singles
|gen|8
|tier|[Gen 8] OU
|rated|
|rule|Sleep Clause Mod: Limit one foe put to sleep
|rule|Species Clause: Limit one of each Pokémon
|rule|OHKO Clause: OHKO moves are banned
|rule|Evasion Moves Clause: Evasion moves are banned
|rule|Endless Battle Clause: Forcing endless battles is banned
|rule|HP Percentage Mod: HP is shown in percentages
|clearpoke
|poke|p1|Tyranitar, F|
|poke|p1|Kommo-o, M|
|poke|p1|Excadrill, F|
|poke|p1|Silvally-*|
|poke|p1|Dracozolt|
|poke|p1|Seismitoad, M|
|poke|p2|Hatterene, F|
|poke|p2|Ribombee, F|
|poke|p2|Hydreigon, F|
|poke|p2|Mimikyu, M|
|poke|p2|Toxtricity, F|
|poke|p2|Dracovish|
|rule|Dynamax Clause: You cannot dynamax
|teampreview
|
|start
|switch|p1a: Tyranitar|Tyranitar, F|100/100
|switch|p2a: Mimikyu|Mimikyu, M|100/100
|-weather|Sandstorm|[from] ability: Sand Stream|[of] p1a: Tyranitar
|turn|1
|
|move|p2a: Mimikyu|Swords Dance|p2a: Mimikyu
|-boost|p2a: Mimikyu|atk|2
|move|p1a: Tyranitar|Stealth Rock|p2a: Mimikyu
|-sidestart|p2: darkliste|move: Stealth Rock
|
|-weather|Sandstorm|[upkeep]
|-damage|p2a: Mimikyu|95/100|[from] Sandstorm
|upkeep
|turn|2
|
|move|p2a: Mimikyu|Play Rough|p1a: Tyranitar|[miss]
|-miss|p2a: Mimikyu|p1a: Tyranitar
|move|p1a: Tyranitar|Crunch|p2a: Mimikyu
|-activate|p2a: Mimikyu|ability: Disguise
|-damage|p2a: Mimikyu|95/100
|detailschange|p2a: Mimikyu|Mimikyu-Busted, M
|-damage|p2a: Mimikyu|82/100|[from] ability: Disguise|[of] p2a: Mimikyu
|
|-weather|Sandstorm|[upkeep]
|-damage|p2a: Mimikyu|76/100|[from] Sandstorm
|upkeep
|turn|3
|
|move|p2a: Mimikyu|Play Rough|p1a: Tyranitar
|-supereffective|p1a: Tyranitar
|-damage|p1a: Tyranitar|0 fnt
|-damage|p2a: Mimikyu|66/100|[from] item: Life Orb
|faint|p1a: Tyranitar
|
|-weather|Sandstorm|[upkeep]
|-damage|p2a: Mimikyu|60/100|[from] Sandstorm
|upkeep
|
|switch|p1a: Excadrill|Excadrill, F|100/100
|turn|4
|
|move|p2a: Mimikyu|Shadow Sneak|p1a: Excadrill
|-crit|p1a: Excadrill
|-damage|p1a: Excadrill|4/100
|-damage|p2a: Mimikyu|50/100|[from] item: Life Orb
|move|p1a: Excadrill|Iron Head|p2a: Mimikyu
|-supereffective|p2a: Mimikyu
|-crit|p2a: Mimikyu
|-damage|p2a: Mimikyu|0 fnt
|faint|p2a: Mimikyu
|
|-weather|Sandstorm|[upkeep]
|upkeep
|
|switch|p2a: Dracovish|Dracovish|100/100
|-damage|p2a: Dracovish|88/100|[from] Stealth Rock
|turn|5
|
|move|p1a: Excadrill|Earthquake|p2a: Dracovish
|-crit|p2a: Dracovish
|-damage|p2a: Dracovish|0 fnt
|faint|p2a: Dracovish
|
|-weather|Sandstorm|[upkeep]
|upkeep
|
|switch|p2a: Hatterene|Hatterene, F|100/100
|-damage|p2a: Hatterene|88/100|[from] Stealth Rock
|turn|6
|
|move|p1a: Excadrill|Iron Head|p2a: Hatterene
|-supereffective|p2a: Hatterene
|-damage|p2a: Hatterene|13/100
|cant|p2a: Hatterene|flinch
|
|-weather|Sandstorm|[upkeep]
|-damage|p2a: Hatterene|7/100|[from] Sandstorm
|-heal|p2a: Hatterene|13/100|[from] item: Leftovers
|upkeep
|turn|7
|-message|Dmh8 forfeited.
|
|win|darkliste
|l|☆Dmh8
|raw|Dmh8's rating: 1384 → 1363(-21 for losing)
|raw|darkliste's rating: 1367 → 1388(+21 for winning)
