|ScrapeTime|2020-01-01-02:05:38
|j|☆Mr_lewis961
|j|☆Alouu
|player|p1|Mr_lewis961|gambler|1463
|player|p2|Alouu|215|1421
|teamsize|p1|6
|teamsize|p2|6
|gametype|singles
|gen|8
|tier|[Gen 8] OU
|rated|
|rule|Sleep Clause Mod: Limit one foe put to sleep
|rule|Species Clause: Limit one of each Pokémon
|rule|OHKO Clause: OHKO moves are banned
|rule|Evasion Moves Clause: Evasion moves are banned
|rule|Endless Battle Clause: Forcing endless battles is banned
|rule|HP Percentage Mod: HP is shown in percentages
|clearpoke
|poke|p1|Hydreigon, F|
|poke|p1|Dugtrio, M|
|poke|p1|Clefable, F|
|poke|p1|Cinderace, M|
|poke|p1|Jellicent, F|
|poke|p1|Ferrothorn, F|
|poke|p2|Gastrodon-East, M|
|poke|p2|Aromatisse, F|
|poke|p2|Corviknight, M|
|poke|p2|Toxapex, F|
|poke|p2|Mandibuzz, F|
|poke|p2|Snorlax, M|
|rule|Dynamax Clause: You cannot dynamax
|teampreview
|c|☆Mr_lewis961|Stall 8 gen?
|c|☆Mr_lewis961|Wow
|inactive|Battle timer is ON: inactive players will automatically lose when time's up. (requested by Mr_lewis961)
|
|start
|switch|p1a: Cinderace|Cinderace, M|100/100
|switch|p2a: Roost|Mandibuzz, F|100/100
|turn|1
|
|move|p1a: Cinderace|U-turn|p2a: Roost
|-damage|p2a: Roost|87/100
|
|switch|p1a: Clefable|Clefable, F|100/100|[from]move: U-turn
|move|p2a: Roost|Foul Play|p1a: Clefable
|-resisted|p1a: Clefable
|-crit|p1a: Clefable
|-damage|p1a: Clefable|84/100
|
|-heal|p2a: Roost|93/100|[from] item: Leftovers
|upkeep
|turn|2
|inactive|Mr_lewis961 has 120 seconds left.
|
|switch|p2a: Strumpet|Aromatisse, F|100/100
|switch|p1a: Dugtrio|Dugtrio, M|100/100
|
|upkeep
|turn|3
|inactive|Mr_lewis961 has 120 seconds left.
|inactive|Mr_lewis961 has 90 seconds left.
|
|move|p1a: Dugtrio|Screech|p2a: Strumpet
|-unboost|p2a: Strumpet|def|2
|move|p2a: Strumpet|Moonblast|p1a: Dugtrio
|-damage|p1a: Dugtrio|30/100
|
|upkeep
|turn|4
|
|move|p1a: Dugtrio|Earthquake|p2a: Strumpet
|-damage|p2a: Strumpet|6/100
|move|p2a: Strumpet|Moonblast|p1a: Dugtrio
|-damage|p1a: Dugtrio|0 fnt
|faint|p1a: Dugtrio
|
|-heal|p2a: Strumpet|13/100|[from] item: Leftovers
|upkeep
|inactive|Mr_lewis961 has 90 seconds left.
|
|switch|p1a: Clefable|Clefable, F|84/100
|turn|5
|
|move|p2a: Strumpet|Protect|p2a: Strumpet
|-singleturn|p2a: Strumpet|Protect
|move|p1a: Clefable|Moonblast|p2a: Strumpet
|-activate|p2a: Strumpet|move: Protect
|
|-heal|p2a: Strumpet|19/100|[from] item: Leftovers
|upkeep
|turn|6
|
|switch|p2a: Lump|Snorlax, M|100/100
|move|p1a: Clefable|Moonblast|p2a: Lump
|-damage|p2a: Lump|75/100
|
|-heal|p2a: Lump|81/100|[from] item: Leftovers
|upkeep
|turn|7
|
|switch|p1a: Jellicent|Jellicent, F|100/100
|move|p2a: Lump|Earthquake|p1a: Jellicent
|-damage|p1a: Jellicent|79/100
|
|-heal|p1a: Jellicent|85/100|[from] item: Leftovers
|-heal|p2a: Lump|87/100|[from] item: Leftovers
|upkeep
|turn|8
|
|move|p1a: Jellicent|Will-O-Wisp|p2a: Lump
|-status|p2a: Lump|brn
|move|p2a: Lump|Curse|p2a: Lump
|-unboost|p2a: Lump|spe|1
|-boost|p2a: Lump|atk|1
|-boost|p2a: Lump|def|1
|
|-heal|p1a: Jellicent|92/100|[from] item: Leftovers
|-heal|p2a: Lump|93/100 brn|[from] item: Leftovers
|-damage|p2a: Lump|87/100 brn|[from] brn
|upkeep
|turn|9
|
|switch|p2a: Strumpet|Aromatisse, F|19/100
|move|p1a: Jellicent|Strength Sap|p2a: Strumpet
|-unboost|p2a: Strumpet|atk|1
|-heal|p1a: Jellicent|100/100
|
|-heal|p2a: Strumpet|25/100|[from] item: Leftovers
|upkeep
|turn|10
|
|move|p2a: Strumpet|Protect|p2a: Strumpet
|-singleturn|p2a: Strumpet|Protect
|move|p1a: Jellicent|Taunt|p2a: Strumpet
|-activate|p2a: Strumpet|move: Protect
|
|-heal|p2a: Strumpet|31/100|[from] item: Leftovers
|upkeep
|turn|11
|
|move|p1a: Jellicent|Night Shade|p2a: Strumpet
|-damage|p2a: Strumpet|6/100
|move|p2a: Strumpet|Wish|p2a: Strumpet
|
|-heal|p2a: Strumpet|13/100|[from] item: Leftovers
|upkeep
|turn|12
|
|move|p2a: Strumpet|Protect|p2a: Strumpet
|-singleturn|p2a: Strumpet|Protect
|move|p1a: Jellicent|Will-O-Wisp|p2a: Strumpet
|-activate|p2a: Strumpet|move: Protect
|
|-heal|p2a: Strumpet|63/100|[from] move: Wish|[wisher] Strumpet
|-heal|p2a: Strumpet|69/100|[from] item: Leftovers
|upkeep
|turn|13
|
|move|p1a: Jellicent|Taunt|p2a: Strumpet
|-activate|p2a: Strumpet|ability: Aroma Veil|[of] p2a: Strumpet
|move|p2a: Strumpet|Wish|p2a: Strumpet
|
|-heal|p2a: Strumpet|75/100|[from] item: Leftovers
|upkeep
|turn|14
|
|move|p1a: Jellicent|Night Shade|p2a: Strumpet
|-damage|p2a: Strumpet|50/100
|move|p2a: Strumpet|Aromatherapy|p2a: Strumpet
|-activate|p2a: Strumpet|move: Aromatherapy
|-curestatus|p2: Lump|brn|[msg]
|
|-heal|p2a: Strumpet|99/100|[from] move: Wish|[wisher] Strumpet
|-heal|p2a: Strumpet|100/100|[from] item: Leftovers
|upkeep
|turn|15
|
|move|p1a: Jellicent|Taunt|p2a: Strumpet
|-activate|p2a: Strumpet|ability: Aroma Veil|[of] p2a: Strumpet
|move|p2a: Strumpet|Moonblast|p1a: Jellicent
|-damage|p1a: Jellicent|74/100
|-unboost|p1a: Jellicent|spa|1
|
|-heal|p1a: Jellicent|80/100|[from] item: Leftovers
|upkeep
|turn|16
|
|move|p2a: Strumpet|Protect|p2a: Strumpet
|-singleturn|p2a: Strumpet|Protect
|move|p1a: Jellicent|Night Shade|p2a: Strumpet
|-activate|p2a: Strumpet|move: Protect
|
|-heal|p1a: Jellicent|86/100|[from] item: Leftovers
|upkeep
|turn|17
|
|move|p1a: Jellicent|Will-O-Wisp|p2a: Strumpet
|-status|p2a: Strumpet|brn
|move|p2a: Strumpet|Moonblast|p1a: Jellicent
|-damage|p1a: Jellicent|58/100
|-unboost|p1a: Jellicent|spa|1
|
|-heal|p1a: Jellicent|64/100|[from] item: Leftovers
|-damage|p2a: Strumpet|94/100 brn|[from] brn
|upkeep
|turn|18
|
|move|p1a: Jellicent|Night Shade|p2a: Strumpet
|-damage|p2a: Strumpet|70/100 brn
|move|p2a: Strumpet|Moonblast|p1a: Jellicent
|-damage|p1a: Jellicent|36/100
|
|-heal|p1a: Jellicent|42/100|[from] item: Leftovers
|-heal|p2a: Strumpet|76/100 brn|[from] item: Leftovers
|-damage|p2a: Strumpet|70/100 brn|[from] brn
|upkeep
|turn|19
|
|switch|p1a: Cinderace|Cinderace, M|100/100
|move|p2a: Strumpet|Wish|p2a: Strumpet
|
|-heal|p2a: Strumpet|76/100 brn|[from] item: Leftovers
|-damage|p2a: Strumpet|70/100 brn|[from] brn
|upkeep
|turn|20
|
|switch|p2a: Roost|Mandibuzz, F|93/100
|move|p1a: Cinderace|U-turn|p2a: Roost
|-damage|p2a: Roost|81/100
|
|switch|p1a: Clefable|Clefable, F|84/100|[from]move: U-turn
|
|-heal|p2a: Roost|100/100|[from] move: Wish|[wisher] Strumpet
|upkeep
|turn|21
|
|switch|p2a: Slug|Gastrodon-East, M|100/100
|move|p1a: Clefable|Moonblast|p2a: Slug
|-damage|p2a: Slug|60/100
|
|-heal|p2a: Slug|66/100|[from] item: Leftovers
|upkeep
|turn|22
|
|move|p1a: Clefable|Moonblast|p2a: Slug
|-damage|p2a: Slug|27/100
|move|p2a: Slug|Recover|p2a: Slug
|-heal|p2a: Slug|77/100
|
|-heal|p2a: Slug|84/100|[from] item: Leftovers
|upkeep
|turn|23
|
|move|p1a: Clefable|Moonblast|p2a: Slug
|-damage|p2a: Slug|43/100
|move|p2a: Slug|Stockpile|p2a: Slug
|-start|p2a: Slug|stockpile1
|-boost|p2a: Slug|def|1
|-boost|p2a: Slug|spd|1
|
|-heal|p2a: Slug|49/100|[from] item: Leftovers
|upkeep
|turn|24
|
|switch|p1a: Ferrothorn|Ferrothorn, F|100/100
|move|p2a: Slug|Recover|p2a: Slug
|-heal|p2a: Slug|99/100
|
|-heal|p2a: Slug|100/100|[from] item: Leftovers
|upkeep
|turn|25
|
|switch|p2a: Kanigget|Corviknight, M|100/100
|-ability|p2a: Kanigget|Pressure
|move|p1a: Ferrothorn|Stealth Rock|p2a: Kanigget
|-sidestart|p2: Alouu|move: Stealth Rock
|
|upkeep
|turn|26
|
|move|p2a: Kanigget|Defog|p1a: Ferrothorn
|-unboost|p1a: Ferrothorn|evasion|1
|-sideend|p2: Alouu|Stealth Rock|[from] move: Defog|[of] p2a: Kanigget
|move|p1a: Ferrothorn|Leech Seed|p2a: Kanigget
|-start|p2a: Kanigget|move: Leech Seed
|
|-damage|p2a: Kanigget|88/100|[from] Leech Seed|[of] p1a: Ferrothorn
|upkeep
|turn|27
|
|switch|p2a: Roost|Mandibuzz, F|100/100
|move|p1a: Ferrothorn|Stealth Rock|p2a: Roost
|-sidestart|p2: Alouu|move: Stealth Rock
|
|upkeep
|turn|28
|
|move|p2a: Roost|Defog|p1a: Ferrothorn
|-unboost|p1a: Ferrothorn|evasion|1
|-sideend|p2: Alouu|Stealth Rock|[from] move: Defog|[of] p2a: Roost
|move|p1a: Ferrothorn|Leech Seed|p2a: Roost
|-start|p2a: Roost|move: Leech Seed
|
|-damage|p2a: Roost|88/100|[from] Leech Seed|[of] p1a: Ferrothorn
|upkeep
|turn|29
|
|switch|p2a: Kanigget|Corviknight, M|88/100
|-ability|p2a: Kanigget|Pressure
|move|p1a: Ferrothorn|Stealth Rock|p2a: Kanigget
|-sidestart|p2: Alouu|move: Stealth Rock
|
|-heal|p2a: Kanigget|94/100|[from] item: Leftovers
|upkeep
|turn|30
|
|move|p2a: Kanigget|Defog|p1a: Ferrothorn
|-unboost|p1a: Ferrothorn|evasion|1
|-sideend|p2: Alouu|Stealth Rock|[from] move: Defog|[of] p2a: Kanigget
|move|p1a: Ferrothorn|Leech Seed|p2a: Kanigget
|-start|p2a: Kanigget|move: Leech Seed
|
|-heal|p2a: Kanigget|100/100|[from] item: Leftovers
|-damage|p2a: Kanigget|88/100|[from] Leech Seed|[of] p1a: Ferrothorn
|upkeep
|turn|31
|
|switch|p2a: Roost|Mandibuzz, F|88/100
|move|p1a: Ferrothorn|Stealth Rock|p2a: Roost
|-sidestart|p2: Alouu|move: Stealth Rock
|
|-heal|p2a: Roost|94/100|[from] item: Leftovers
|upkeep
|turn|32
|
|switch|p1a: Clefable|Clefable, F|84/100
|move|p2a: Roost|Defog|p1a: Clefable
|-unboost|p1a: Clefable|evasion|1
|-sideend|p2: Alouu|Stealth Rock|[from] move: Defog|[of] p2a: Roost
|
|-heal|p2a: Roost|99/100|[from] item: Leftovers
|upkeep
|turn|33
|
|switch|p2a: Lump|Snorlax, M|87/100
|move|p1a: Clefable|Moonblast|p2a: Lump
|-damage|p2a: Lump|62/100
|
|-heal|p2a: Lump|68/100|[from] item: Leftovers
|upkeep
|turn|34
|c|☆Mr_lewis961|Bro u disgisting whats this??
|
|switch|p1a: Jellicent|Jellicent, F|42/100
|move|p2a: Lump|Earthquake|p1a: Jellicent
|-damage|p1a: Jellicent|22/100
|
|-heal|p1a: Jellicent|28/100|[from] item: Leftovers
|-heal|p2a: Lump|74/100|[from] item: Leftovers
|upkeep
|turn|35
|
|switch|p2a: Strumpet|Aromatisse, F|70/100 brn
|move|p1a: Jellicent|Strength Sap|p2a: Strumpet
|-unboost|p2a: Strumpet|atk|1
|-heal|p1a: Jellicent|62/100
|
|-heal|p1a: Jellicent|68/100|[from] item: Leftovers
|-heal|p2a: Strumpet|76/100 brn|[from] item: Leftovers
|-damage|p2a: Strumpet|70/100 brn|[from] brn
|upkeep
|turn|36
|
|move|p1a: Jellicent|Night Shade|p2a: Strumpet
|-damage|p2a: Strumpet|45/100 brn
|move|p2a: Strumpet|Wish|p2a: Strumpet
|
|-heal|p1a: Jellicent|74/100|[from] item: Leftovers
|-heal|p2a: Strumpet|51/100 brn|[from] item: Leftovers
|-damage|p2a: Strumpet|45/100 brn|[from] brn
|upkeep
|turn|37
|
|switch|p1a: Ferrothorn|Ferrothorn, F|100/100
|move|p2a: Strumpet|Moonblast|p1a: Ferrothorn
|-resisted|p1a: Ferrothorn
|-damage|p1a: Ferrothorn|89/100
|-unboost|p1a: Ferrothorn|spa|1
|
|-heal|p2a: Strumpet|95/100 brn|[from] move: Wish|[wisher] Strumpet
|-heal|p2a: Strumpet|100/100 brn|[from] item: Leftovers
|-heal|p1a: Ferrothorn|96/100|[from] item: Leftovers
|-damage|p2a: Strumpet|94/100 brn|[from] brn
|upkeep
|turn|38
|
|switch|p2a: Kanigget|Corviknight, M|88/100
|-ability|p2a: Kanigget|Pressure
|move|p1a: Ferrothorn|Leech Seed|p2a: Kanigget|[miss]
|-miss|p1a: Ferrothorn|p2a: Kanigget
|
|-heal|p2a: Kanigget|94/100|[from] item: Leftovers
|-heal|p1a: Ferrothorn|100/100|[from] item: Leftovers
|upkeep
|turn|39
|
|move|p2a: Kanigget|Iron Defense|p2a: Kanigget
|-boost|p2a: Kanigget|def|2
|move|p1a: Ferrothorn|Stealth Rock|p2a: Kanigget
|-sidestart|p2: Alouu|move: Stealth Rock
|
|-heal|p2a: Kanigget|100/100|[from] item: Leftovers
|upkeep
|turn|40
|
|switch|p1a: Clefable|Clefable, F|84/100
|move|p2a: Kanigget|Defog|p1a: Clefable
|-unboost|p1a: Clefable|evasion|1
|-sideend|p2: Alouu|Stealth Rock|[from] move: Defog|[of] p2a: Kanigget
|
|upkeep
|turn|41
|
|switch|p2a: Lump|Snorlax, M|74/100
|move|p1a: Clefable|Flamethrower|p2a: Lump
|-damage|p2a: Lump|66/100
|
|-heal|p2a: Lump|72/100|[from] item: Leftovers
|upkeep
|turn|42
|
|switch|p1a: Jellicent|Jellicent, F|74/100
|move|p2a: Lump|Earthquake|p1a: Jellicent
|-damage|p1a: Jellicent|54/100
|
|-heal|p1a: Jellicent|61/100|[from] item: Leftovers
|-heal|p2a: Lump|79/100|[from] item: Leftovers
|upkeep
|turn|43
|
|switch|p2a: Strumpet|Aromatisse, F|94/100 brn
|move|p1a: Jellicent|Strength Sap|p2a: Strumpet
|-unboost|p2a: Strumpet|atk|1
|-heal|p1a: Jellicent|94/100
|
|-heal|p1a: Jellicent|99/100|[from] item: Leftovers
|-heal|p2a: Strumpet|100/100 brn|[from] item: Leftovers
|-damage|p2a: Strumpet|94/100 brn|[from] brn
|upkeep
|turn|44
|c|☆Mr_lewis961|Is this all u gonna do
|c|☆Mr_lewis961|Is not even stall is just being anoying as fuck
|inactive|Mr_lewis961 has 120 seconds left.
|
|move|p1a: Jellicent|Night Shade|p2a: Strumpet
|-damage|p2a: Strumpet|70/100 brn
|move|p2a: Strumpet|Aromatherapy|p2a: Strumpet
|-activate|p2a: Strumpet|move: Aromatherapy
|-curestatus|p2a: Strumpet|brn|[msg]
|
|-heal|p1a: Jellicent|100/100|[from] item: Leftovers
|-heal|p2a: Strumpet|76/100|[from] item: Leftovers
|upkeep
|turn|45
|inactive|Mr_lewis961 has 120 seconds left.
|
|switch|p1a: Ferrothorn|Ferrothorn, F|100/100
|move|p2a: Strumpet|Protect||[still]
|-fail|p2a: Strumpet
|
|-heal|p2a: Strumpet|82/100|[from] item: Leftovers
|upkeep
|turn|46
|inactive|Mr_lewis961 has 120 seconds left.
|
|switch|p2a: Kanigget|Corviknight, M|100/100
|-ability|p2a: Kanigget|Pressure
|move|p1a: Ferrothorn|Stealth Rock|p2a: Kanigget
|-sidestart|p2: Alouu|move: Stealth Rock
|
|upkeep
|turn|47
|
|move|p2a: Kanigget|Defog|p1a: Ferrothorn
|-unboost|p1a: Ferrothorn|evasion|1
|-sideend|p2: Alouu|Stealth Rock|[from] move: Defog|[of] p2a: Kanigget
|move|p1a: Ferrothorn|Leech Seed|p2a: Kanigget
|-start|p2a: Kanigget|move: Leech Seed
|
|-damage|p2a: Kanigget|88/100|[from] Leech Seed|[of] p1a: Ferrothorn
|upkeep
|turn|48
|
|switch|p2a: Roost|Mandibuzz, F|99/100
|move|p1a: Ferrothorn|Stealth Rock|p2a: Roost
|-sidestart|p2: Alouu|move: Stealth Rock
|
|-heal|p2a: Roost|100/100|[from] item: Leftovers
|upkeep
|turn|49
|
|move|p2a: Roost|Defog|p1a: Ferrothorn
|-unboost|p1a: Ferrothorn|evasion|1
|-sideend|p2: Alouu|Stealth Rock|[from] move: Defog|[of] p2a: Roost
|move|p1a: Ferrothorn|Stealth Rock|p2a: Roost
|-sidestart|p2: Alouu|move: Stealth Rock
|
|upkeep
|turn|50
|
|move|p2a: Roost|Defog|p1a: Ferrothorn
|-unboost|p1a: Ferrothorn|evasion|1
|-sideend|p2: Alouu|Stealth Rock|[from] move: Defog|[of] p2a: Roost
|move|p1a: Ferrothorn|Stealth Rock|p2a: Roost
|-sidestart|p2: Alouu|move: Stealth Rock
|
|upkeep
|turn|51
|
|move|p2a: Roost|Defog|p1a: Ferrothorn
|-unboost|p1a: Ferrothorn|evasion|1
|-sideend|p2: Alouu|Stealth Rock|[from] move: Defog|[of] p2a: Roost
|move|p1a: Ferrothorn|Stealth Rock|p2a: Roost
|-sidestart|p2: Alouu|move: Stealth Rock
|
|upkeep
|turn|52
|
|move|p2a: Roost|Defog|p1a: Ferrothorn
|-unboost|p1a: Ferrothorn|evasion|1
|-sideend|p2: Alouu|Stealth Rock|[from] move: Defog|[of] p2a: Roost
|move|p1a: Ferrothorn|Stealth Rock|p2a: Roost
|-sidestart|p2: Alouu|move: Stealth Rock
|
|upkeep
|turn|53
|
|move|p2a: Roost|Defog|p1a: Ferrothorn
|-unboost|p1a: Ferrothorn|evasion|1
|-sideend|p2: Alouu|Stealth Rock|[from] move: Defog|[of] p2a: Roost
|move|p1a: Ferrothorn|Stealth Rock|p2a: Roost
|-sidestart|p2: Alouu|move: Stealth Rock
|
|upkeep
|turn|54
|
|move|p2a: Roost|Defog|p1a: Ferrothorn
|-unboost|p1a: Ferrothorn|evasion|0
|-sideend|p2: Alouu|Stealth Rock|[from] move: Defog|[of] p2a: Roost
|move|p1a: Ferrothorn|Stealth Rock|p2a: Roost
|-sidestart|p2: Alouu|move: Stealth Rock
|
|upkeep
|turn|55
|
|move|p2a: Roost|Defog|p1a: Ferrothorn
|-unboost|p1a: Ferrothorn|evasion|0
|-sideend|p2: Alouu|Stealth Rock|[from] move: Defog|[of] p2a: Roost
|move|p1a: Ferrothorn|Stealth Rock|p2a: Roost
|-sidestart|p2: Alouu|move: Stealth Rock
|
|upkeep
|turn|56
|
|move|p2a: Roost|Defog|p1a: Ferrothorn
|-unboost|p1a: Ferrothorn|evasion|0
|-sideend|p2: Alouu|Stealth Rock|[from] move: Defog|[of] p2a: Roost
|move|p1a: Ferrothorn|Power Whip|p2a: Roost
|-resisted|p2a: Roost
|-damage|p2a: Roost|90/100
|
|-heal|p2a: Roost|96/100|[from] item: Leftovers
|upkeep
|turn|57
|
|switch|p2a: Kanigget|Corviknight, M|88/100
|-ability|p2a: Kanigget|Pressure
|move|p1a: Ferrothorn|Leech Seed|p2a: Kanigget
|-start|p2a: Kanigget|move: Leech Seed
|
|-heal|p2a: Kanigget|94/100|[from] item: Leftovers
|-damage|p2a: Kanigget|82/100|[from] Leech Seed|[of] p1a: Ferrothorn
|upkeep
|turn|58
|
|switch|p2a: Roost|Mandibuzz, F|96/100
|move|p1a: Ferrothorn|Stealth Rock|p2a: Roost
|-sidestart|p2: Alouu|move: Stealth Rock
|
|-heal|p2a: Roost|100/100|[from] item: Leftovers
|upkeep
|turn|59
|
|switch|p1a: Clefable|Clefable, F|84/100
|move|p2a: Roost|Defog|p1a: Clefable
|-unboost|p1a: Clefable|evasion|1
|-sideend|p2: Alouu|Stealth Rock|[from] move: Defog|[of] p2a: Roost
|
|upkeep
|turn|60
|
|switch|p2a: Lump|Snorlax, M|79/100
|move|p1a: Clefable|Moonblast|p2a: Lump
|-damage|p2a: Lump|55/100
|
|-heal|p2a: Lump|62/100|[from] item: Leftovers
|upkeep
|turn|61
|
|switch|p1a: Jellicent|Jellicent, F|100/100
|move|p2a: Lump|Earthquake|p1a: Jellicent
|-crit|p1a: Jellicent
|-damage|p1a: Jellicent|69/100
|
|-heal|p1a: Jellicent|75/100|[from] item: Leftovers
|-heal|p2a: Lump|68/100|[from] item: Leftovers
|upkeep
|turn|62
|
|switch|p2a: Strumpet|Aromatisse, F|82/100
|move|p1a: Jellicent|Will-O-Wisp|p2a: Strumpet
|-status|p2a: Strumpet|brn
|
|-heal|p1a: Jellicent|81/100|[from] item: Leftovers
|-heal|p2a: Strumpet|88/100 brn|[from] item: Leftovers
|-damage|p2a: Strumpet|82/100 brn|[from] brn
|upkeep
|turn|63
|
|switch|p1a: Cinderace|Cinderace, M|100/100
|move|p2a: Strumpet|Aromatherapy|p2a: Strumpet
|-activate|p2a: Strumpet|move: Aromatherapy
|-curestatus|p2a: Strumpet|brn|[msg]
|
|-heal|p2a: Strumpet|88/100|[from] item: Leftovers
|upkeep
|turn|64
|
|switch|p2a: Waffle|Toxapex, F|100/100
|move|p1a: Cinderace|Pyro Ball|p2a: Waffle
|-resisted|p2a: Waffle
|-damage|p2a: Waffle|83/100
|
|-heal|p2a: Waffle|90/100|[from] item: Black Sludge
|upkeep
|turn|65
|
|move|p1a: Cinderace|U-turn|p2a: Waffle
|-resisted|p2a: Waffle
|-damage|p2a: Waffle|83/100
|
|switch|p1a: Ferrothorn|Ferrothorn, F|100/100|[from]move: U-turn
|move|p2a: Waffle|Scald|p1a: Ferrothorn
|-resisted|p1a: Ferrothorn
|-damage|p1a: Ferrothorn|95/100
|-status|p1a: Ferrothorn|brn
|
|-heal|p2a: Waffle|90/100|[from] item: Black Sludge
|-heal|p1a: Ferrothorn|100/100 brn|[from] item: Leftovers
|-damage|p1a: Ferrothorn|94/100 brn|[from] brn
|upkeep
|turn|66
|
|switch|p2a: Kanigget|Corviknight, M|82/100
|-ability|p2a: Kanigget|Pressure
|move|p1a: Ferrothorn|Stealth Rock|p2a: Kanigget
|-sidestart|p2: Alouu|move: Stealth Rock
|
|-heal|p2a: Kanigget|88/100|[from] item: Leftovers
|-heal|p1a: Ferrothorn|100/100 brn|[from] item: Leftovers
|-damage|p1a: Ferrothorn|94/100 brn|[from] brn
|upkeep
|turn|67
|
|move|p2a: Kanigget|Defog|p1a: Ferrothorn
|-unboost|p1a: Ferrothorn|evasion|1
|-sideend|p2: Alouu|Stealth Rock|[from] move: Defog|[of] p2a: Kanigget
|move|p1a: Ferrothorn|Leech Seed|p2a: Kanigget
|-start|p2a: Kanigget|move: Leech Seed
|
|-heal|p2a: Kanigget|94/100|[from] item: Leftovers
|-heal|p1a: Ferrothorn|100/100 brn|[from] item: Leftovers
|-damage|p2a: Kanigget|82/100|[from] Leech Seed|[of] p1a: Ferrothorn
|-damage|p1a: Ferrothorn|94/100 brn|[from] brn
|upkeep
|turn|68
|
|switch|p2a: Roost|Mandibuzz, F|100/100
|switch|p1a: Clefable|Clefable, F|84/100
|
|upkeep
|turn|69
|
|switch|p2a: Slug|Gastrodon-East, M|100/100
|move|p1a: Clefable|Moonblast|p2a: Slug
|-damage|p2a: Slug|66/100
|
|-heal|p2a: Slug|72/100|[from] item: Leftovers
|upkeep
|turn|70
|
|switch|p1a: Ferrothorn|Ferrothorn, F|94/100 brn
|move|p2a: Slug|Recover|p2a: Slug
|-heal|p2a: Slug|100/100
|
|-heal|p1a: Ferrothorn|100/100 brn|[from] item: Leftovers
|-damage|p1a: Ferrothorn|94/100 brn|[from] brn
|upkeep
|turn|71
|
|switch|p2a: Kanigget|Corviknight, M|82/100
|-ability|p2a: Kanigget|Pressure
|move|p1a: Ferrothorn|Power Whip|p2a: Kanigget
|-resisted|p2a: Kanigget
|-damage|p2a: Kanigget|79/100
|
|-heal|p2a: Kanigget|85/100|[from] item: Leftovers
|-heal|p1a: Ferrothorn|100/100 brn|[from] item: Leftovers
|-damage|p1a: Ferrothorn|94/100 brn|[from] brn
|upkeep
|turn|72
|
|move|p2a: Kanigget|Iron Defense|p2a: Kanigget
|-boost|p2a: Kanigget|def|2
|move|p1a: Ferrothorn|Leech Seed|p2a: Kanigget
|-start|p2a: Kanigget|move: Leech Seed
|
|-heal|p2a: Kanigget|91/100|[from] item: Leftovers
|-heal|p1a: Ferrothorn|100/100 brn|[from] item: Leftovers
|-damage|p2a: Kanigget|79/100|[from] Leech Seed|[of] p1a: Ferrothorn
|-damage|p1a: Ferrothorn|94/100 brn|[from] brn
|upkeep
|turn|73
|
|switch|p2a: Roost|Mandibuzz, F|100/100
|move|p1a: Ferrothorn|Stealth Rock|p2a: Roost
|-sidestart|p2: Alouu|move: Stealth Rock
|
|-heal|p1a: Ferrothorn|100/100 brn|[from] item: Leftovers
|-damage|p1a: Ferrothorn|94/100 brn|[from] brn
|upkeep
|turn|74
|
|switch|p1a: Clefable|Clefable, F|84/100
|move|p2a: Roost|Defog|p1a: Clefable
|-unboost|p1a: Clefable|evasion|1
|-sideend|p2: Alouu|Stealth Rock|[from] move: Defog|[of] p2a: Roost
|
|upkeep
|turn|75
|c|☆Mr_lewis961|Bro
|c|☆Mr_lewis961|Answer
|c|☆Mr_lewis961|For real
|c|☆Alouu|wat
|c|☆Mr_lewis961|What's this?
|c|☆Mr_lewis961|R u mental
|c|☆Mr_lewis961|Or something?
|inactive|Mr_lewis961 has 120 seconds left.
|c|☆Alouu|welp
|c|☆Mr_lewis961|U need help
|c|☆Mr_lewis961|Friends?
|c|☆Mr_lewis961|Family issues
|c|☆Alouu|easier to get the living part of the team down first
|c|☆Mr_lewis961|Body issues?
|inactive|Mr_lewis961 has 90 seconds left.
|c|☆Alouu|then work the offense in
|c|☆Mr_lewis961|U r not okay
|c|☆Mr_lewis961|U need help
|
|switch|p2a: Lump|Snorlax, M|68/100
|move|p1a: Clefable|Flamethrower|p2a: Lump
|-damage|p2a: Lump|59/100
|
|-heal|p2a: Lump|66/100|[from] item: Leftovers
|upkeep
|turn|76
|
|switch|p1a: Jellicent|Jellicent, F|81/100
|move|p2a: Lump|Earthquake|p1a: Jellicent
|-damage|p1a: Jellicent|62/100
|
|-heal|p1a: Jellicent|68/100|[from] item: Leftovers
|-heal|p2a: Lump|72/100|[from] item: Leftovers
|upkeep
|turn|77
|
|switch|p2a: Kanigget|Corviknight, M|79/100
|-ability|p2a: Kanigget|Pressure
|move|p1a: Jellicent|Will-O-Wisp|p2a: Kanigget
|-status|p2a: Kanigget|brn
|
|-heal|p1a: Jellicent|75/100|[from] item: Leftovers
|-heal|p2a: Kanigget|85/100 brn|[from] item: Leftovers
|-damage|p2a: Kanigget|79/100 brn|[from] brn
|upkeep
|turn|78
|
|move|p1a: Jellicent|Night Shade|p2a: Kanigget
|-damage|p2a: Kanigget|54/100 brn
|move|p2a: Kanigget|Iron Defense|p2a: Kanigget
|-boost|p2a: Kanigget|def|2
|
|-heal|p1a: Jellicent|81/100|[from] item: Leftovers
|-heal|p2a: Kanigget|60/100 brn|[from] item: Leftovers
|-damage|p2a: Kanigget|54/100 brn|[from] brn
|upkeep
|turn|79
|
|move|p1a: Jellicent|Strength Sap|p2a: Kanigget
|-unboost|p2a: Kanigget|atk|1
|-heal|p1a: Jellicent|100/100
|move|p2a: Kanigget|Roost|p2a: Kanigget
|-heal|p2a: Kanigget|100/100 brn
|-singleturn|p2a: Kanigget|move: Roost
|
|-damage|p2a: Kanigget|94/100 brn|[from] brn
|upkeep
|turn|80
|
|move|p1a: Jellicent|Strength Sap|p2a: Kanigget
|-unboost|p2a: Kanigget|atk|1
|move|p2a: Kanigget|Iron Defense|p2a: Kanigget
|-boost|p2a: Kanigget|def|2
|
|-heal|p2a: Kanigget|100/100 brn|[from] item: Leftovers
|-damage|p2a: Kanigget|94/100 brn|[from] brn
|upkeep
|turn|81
|
|move|p1a: Jellicent|Night Shade|p2a: Kanigget
|-damage|p2a: Kanigget|69/100 brn
|move|p2a: Kanigget|Iron Defense|p2a: Kanigget
|-boost|p2a: Kanigget|def|2
|
|-heal|p2a: Kanigget|75/100 brn|[from] item: Leftovers
|-damage|p2a: Kanigget|69/100 brn|[from] brn
|upkeep
|turn|82
|
|move|p1a: Jellicent|Night Shade|p2a: Kanigget
|-damage|p2a: Kanigget|44/100 brn
|move|p2a: Kanigget|Roost|p2a: Kanigget
|-heal|p2a: Kanigget|94/100 brn
|-singleturn|p2a: Kanigget|move: Roost
|
|-heal|p2a: Kanigget|100/100 brn|[from] item: Leftovers
|-damage|p2a: Kanigget|94/100 brn|[from] brn
|upkeep
|turn|83
|
|switch|p2a: Strumpet|Aromatisse, F|88/100
|move|p1a: Jellicent|Taunt|p2a: Strumpet
|-activate|p2a: Strumpet|ability: Aroma Veil|[of] p2a: Strumpet
|
|-heal|p2a: Strumpet|94/100|[from] item: Leftovers
|upkeep
|turn|84
|
|switch|p1a: Ferrothorn|Ferrothorn, F|94/100 brn
|move|p2a: Strumpet|Wish|p2a: Strumpet
|
|-heal|p2a: Strumpet|100/100|[from] item: Leftovers
|-heal|p1a: Ferrothorn|100/100 brn|[from] item: Leftovers
|-damage|p1a: Ferrothorn|94/100 brn|[from] brn
|upkeep
|turn|85
|
|switch|p2a: Kanigget|Corviknight, M|94/100 brn
|-ability|p2a: Kanigget|Pressure
|move|p1a: Ferrothorn|Gyro Ball|p2a: Kanigget
|-resisted|p2a: Kanigget
|-damage|p2a: Kanigget|89/100 brn
|
|-heal|p2a: Kanigget|100/100 brn|[from] move: Wish|[wisher] Strumpet
|-heal|p1a: Ferrothorn|100/100 brn|[from] item: Leftovers
|-damage|p2a: Kanigget|94/100 brn|[from] brn
|-damage|p1a: Ferrothorn|94/100 brn|[from] brn
|upkeep
|turn|86
|
|switch|p2a: Roost|Mandibuzz, F|100/100
|move|p1a: Ferrothorn|Stealth Rock|p2a: Roost
|-sidestart|p2: Alouu|move: Stealth Rock
|
|-heal|p1a: Ferrothorn|100/100 brn|[from] item: Leftovers
|-damage|p1a: Ferrothorn|94/100 brn|[from] brn
|upkeep
|turn|87
|
|move|p2a: Roost|Defog|p1a: Ferrothorn
|-unboost|p1a: Ferrothorn|evasion|1
|-sideend|p2: Alouu|Stealth Rock|[from] move: Defog|[of] p2a: Roost
|move|p1a: Ferrothorn|Leech Seed|p2a: Roost
|-start|p2a: Roost|move: Leech Seed
|
|-heal|p1a: Ferrothorn|100/100 brn|[from] item: Leftovers
|-damage|p2a: Roost|88/100|[from] Leech Seed|[of] p1a: Ferrothorn
|-damage|p1a: Ferrothorn|94/100 brn|[from] brn
|upkeep
|turn|88
|
|switch|p2a: Kanigget|Corviknight, M|94/100 brn
|-ability|p2a: Kanigget|Pressure
|move|p1a: Ferrothorn|Stealth Rock|p2a: Kanigget
|-sidestart|p2: Alouu|move: Stealth Rock
|
|-heal|p2a: Kanigget|100/100 brn|[from] item: Leftovers
|-heal|p1a: Ferrothorn|100/100 brn|[from] item: Leftovers
|-damage|p2a: Kanigget|94/100 brn|[from] brn
|-damage|p1a: Ferrothorn|94/100 brn|[from] brn
|upkeep
|turn|89
|
|switch|p1a: Hydreigon|Hydreigon, F|100/100
|move|p2a: Kanigget|Defog|p1a: Hydreigon
|-unboost|p1a: Hydreigon|evasion|1
|-sideend|p2: Alouu|Stealth Rock|[from] move: Defog|[of] p2a: Kanigget
|
|-heal|p2a: Kanigget|100/100 brn|[from] item: Leftovers
|-damage|p2a: Kanigget|94/100 brn|[from] brn
|upkeep
|turn|90
|
|switch|p2a: Strumpet|Aromatisse, F|100/100
|move|p1a: Hydreigon|Flash Cannon|p2a: Strumpet
|-supereffective|p2a: Strumpet
|-damage|p2a: Strumpet|66/100
|
|-heal|p2a: Strumpet|72/100|[from] item: Leftovers
|upkeep
|turn|91
|
|switch|p1a: Ferrothorn|Ferrothorn, F|94/100 brn
|move|p2a: Strumpet|Moonblast|p1a: Ferrothorn
|-resisted|p1a: Ferrothorn
|-damage|p1a: Ferrothorn|85/100 brn
|-unboost|p1a: Ferrothorn|spa|1
|
|-heal|p2a: Strumpet|78/100|[from] item: Leftovers
|-heal|p1a: Ferrothorn|91/100 brn|[from] item: Leftovers
|-damage|p1a: Ferrothorn|85/100 brn|[from] brn
|upkeep
|turn|92
|
|switch|p2a: Kanigget|Corviknight, M|94/100 brn
|-ability|p2a: Kanigget|Pressure
|move|p1a: Ferrothorn|Gyro Ball|p2a: Kanigget
|-resisted|p2a: Kanigget
|-damage|p2a: Kanigget|89/100 brn
|
|-heal|p2a: Kanigget|96/100 brn|[from] item: Leftovers
|-heal|p1a: Ferrothorn|91/100 brn|[from] item: Leftovers
|-damage|p2a: Kanigget|89/100 brn|[from] brn
|-damage|p1a: Ferrothorn|85/100 brn|[from] brn
|upkeep
|turn|93
|
|move|p2a: Kanigget|Body Press|p1a: Ferrothorn
|-supereffective|p1a: Ferrothorn
|-damage|p1a: Ferrothorn|66/100 brn
|-damage|p2a: Kanigget|77/100 brn|[from] ability: Iron Barbs|[of] p1a: Ferrothorn
|move|p1a: Ferrothorn|Stealth Rock|p2a: Kanigget
|-sidestart|p2: Alouu|move: Stealth Rock
|
|-heal|p2a: Kanigget|83/100 brn|[from] item: Leftovers
|-heal|p1a: Ferrothorn|72/100 brn|[from] item: Leftovers
|-damage|p2a: Kanigget|77/100 brn|[from] brn
|-damage|p1a: Ferrothorn|66/100 brn|[from] brn
|upkeep
|turn|94
|
|switch|p1a: Cinderace|Cinderace, M|100/100
|move|p2a: Kanigget|Defog|p1a: Cinderace
|-unboost|p1a: Cinderace|evasion|1
|-sideend|p2: Alouu|Stealth Rock|[from] move: Defog|[of] p2a: Kanigget
|
|-heal|p2a: Kanigget|83/100 brn|[from] item: Leftovers
|-damage|p2a: Kanigget|77/100 brn|[from] brn
|upkeep
|turn|95
|
|switch|p2a: Waffle|Toxapex, F|100/100
|move|p1a: Cinderace|Pyro Ball|p2a: Waffle
|-resisted|p2a: Waffle
|-damage|p2a: Waffle|83/100
|
|-heal|p2a: Waffle|89/100|[from] item: Black Sludge
|upkeep
|turn|96
|
|move|p1a: Cinderace|U-turn|p2a: Waffle
|-resisted|p2a: Waffle
|-damage|p2a: Waffle|82/100
|
|switch|p1a: Ferrothorn|Ferrothorn, F|66/100 brn|[from]move: U-turn
|move|p2a: Waffle|Scald|p1a: Ferrothorn
|-resisted|p1a: Ferrothorn
|-damage|p1a: Ferrothorn|60/100 brn
|
|-heal|p2a: Waffle|88/100|[from] item: Black Sludge
|-heal|p1a: Ferrothorn|67/100 brn|[from] item: Leftovers
|-damage|p1a: Ferrothorn|60/100 brn|[from] brn
|upkeep
|turn|97
|
|switch|p2a: Roost|Mandibuzz, F|88/100
|move|p1a: Ferrothorn|Stealth Rock|p2a: Roost
|-sidestart|p2: Alouu|move: Stealth Rock
|
|-heal|p2a: Roost|94/100|[from] item: Leftovers
|-heal|p1a: Ferrothorn|67/100 brn|[from] item: Leftovers
|-damage|p1a: Ferrothorn|60/100 brn|[from] brn
|upkeep
|turn|98
|
|switch|p1a: Clefable|Clefable, F|84/100
|move|p2a: Roost|Defog|p1a: Clefable
|-unboost|p1a: Clefable|evasion|1
|-sideend|p2: Alouu|Stealth Rock|[from] move: Defog|[of] p2a: Roost
|
|-heal|p2a: Roost|99/100|[from] item: Leftovers
|upkeep
|turn|99
|c|☆Mr_lewis961|U r not even attacking
|c|☆Mr_lewis961|What the hell is this?
|inactive|Mr_lewis961 has 120 seconds left.
|
|switch|p2a: Slug|Gastrodon-East, M|100/100
|move|p1a: Clefable|Moonblast|p2a: Slug
|-damage|p2a: Slug|64/100
|-unboost|p2a: Slug|spa|1
|
|-heal|p2a: Slug|70/100|[from] item: Leftovers
|upkeep
|turn|100
|inactive|Mr_lewis961 has 120 seconds left.
|
|move|p1a: Clefable|Moonblast|p2a: Slug
|-damage|p2a: Slug|33/100
|move|p2a: Slug|Recover|p2a: Slug
|-heal|p2a: Slug|83/100
|
|-heal|p2a: Slug|89/100|[from] item: Leftovers
|upkeep
|turn|101
|inactive|Mr_lewis961 has 120 seconds left.
|
|switch|p1a: Ferrothorn|Ferrothorn, F|60/100 brn
|move|p2a: Slug|Stockpile|p2a: Slug
|-start|p2a: Slug|stockpile1
|-boost|p2a: Slug|def|1
|-boost|p2a: Slug|spd|1
|
|-heal|p2a: Slug|95/100|[from] item: Leftovers
|-heal|p1a: Ferrothorn|67/100 brn|[from] item: Leftovers
|-damage|p1a: Ferrothorn|60/100 brn|[from] brn
|upkeep
|turn|102
|
|switch|p2a: Roost|Mandibuzz, F|99/100
|move|p1a: Ferrothorn|Power Whip|p2a: Roost
|-resisted|p2a: Roost
|-damage|p2a: Roost|95/100
|
|-heal|p2a: Roost|100/100|[from] item: Leftovers
|-heal|p1a: Ferrothorn|67/100 brn|[from] item: Leftovers
|-damage|p1a: Ferrothorn|60/100 brn|[from] brn
|upkeep
|turn|103
|inactive|Mr_lewis961 has 120 seconds left.
|
|switch|p2a: Kanigget|Corviknight, M|77/100 brn
|-ability|p2a: Kanigget|Pressure
|move|p1a: Ferrothorn|Stealth Rock|p2a: Kanigget
|-sidestart|p2: Alouu|move: Stealth Rock
|
|-heal|p2a: Kanigget|83/100 brn|[from] item: Leftovers
|-heal|p1a: Ferrothorn|67/100 brn|[from] item: Leftovers
|-damage|p2a: Kanigget|77/100 brn|[from] brn
|-damage|p1a: Ferrothorn|60/100 brn|[from] brn
|upkeep
|turn|104
|
|switch|p1a: Cinderace|Cinderace, M|100/100
|move|p2a: Kanigget|Defog|p1a: Cinderace
|-unboost|p1a: Cinderace|evasion|1
|-sideend|p2: Alouu|Stealth Rock|[from] move: Defog|[of] p2a: Kanigget
|
|-heal|p2a: Kanigget|83/100 brn|[from] item: Leftovers
|-damage|p2a: Kanigget|77/100 brn|[from] brn
|upkeep
|turn|105
|
|switch|p2a: Waffle|Toxapex, F|100/100
|move|p1a: Cinderace|Pyro Ball|p2a: Waffle
|-resisted|p2a: Waffle
|-damage|p2a: Waffle|83/100
|
|-heal|p2a: Waffle|90/100|[from] item: Black Sludge
|upkeep
|turn|106
|
|move|p1a: Cinderace|U-turn|p2a: Waffle
|-resisted|p2a: Waffle
|-damage|p2a: Waffle|83/100
|
|switch|p1a: Ferrothorn|Ferrothorn, F|60/100 brn|[from]move: U-turn
|move|p2a: Waffle|Scald|p1a: Ferrothorn
|-resisted|p1a: Ferrothorn
|-damage|p1a: Ferrothorn|55/100 brn
|
|-heal|p2a: Waffle|89/100|[from] item: Black Sludge
|-heal|p1a: Ferrothorn|61/100 brn|[from] item: Leftovers
|-damage|p1a: Ferrothorn|55/100 brn|[from] brn
|upkeep
|turn|107
|
|switch|p2a: Kanigget|Corviknight, M|77/100 brn
|-ability|p2a: Kanigget|Pressure
|switch|p1a: Clefable|Clefable, F|84/100
|
|-heal|p2a: Kanigget|83/100 brn|[from] item: Leftovers
|-damage|p2a: Kanigget|77/100 brn|[from] brn
|upkeep
|turn|108
|
|switch|p2a: Lump|Snorlax, M|72/100
|move|p1a: Clefable|Flamethrower|p2a: Lump
|-damage|p2a: Lump|63/100
|
|-heal|p2a: Lump|70/100|[from] item: Leftovers
|upkeep
|turn|109
|
|move|p1a: Clefable|Thunderbolt|p2a: Lump
|-damage|p2a: Lump|54/100
|move|p2a: Lump|Curse|p2a: Lump
|-unboost|p2a: Lump|spe|1
|-boost|p2a: Lump|atk|1
|-boost|p2a: Lump|def|1
|
|-heal|p2a: Lump|60/100|[from] item: Leftovers
|upkeep
|turn|110
|
|switch|p1a: Jellicent|Jellicent, F|100/100
|move|p2a: Lump|Rest|p2a: Lump
|-status|p2a: Lump|slp|[from] move: Rest
|-heal|p2a: Lump|100/100 slp|[silent]
|
|upkeep
|turn|111
|c|☆Mr_lewis961|????
|
|move|p1a: Jellicent|Night Shade|p2a: Lump
|-immune|p2a: Lump
|cant|p2a: Lump|slp
|
|upkeep
|turn|112
|
|move|p1a: Jellicent|Strength Sap|p2a: Lump
|-unboost|p2a: Lump|atk|1
|cant|p2a: Lump|slp
|
|upkeep
|turn|113
|
|move|p1a: Jellicent|Taunt|p2a: Lump
|-start|p2a: Lump|move: Taunt
|-curestatus|p2a: Lump|slp|[msg]
|cant|p2a: Lump|move: Taunt|Curse
|
|upkeep
|turn|114
|
|switch|p2a: Strumpet|Aromatisse, F|78/100
|move|p1a: Jellicent|Will-O-Wisp|p2a: Strumpet
|-status|p2a: Strumpet|brn
|
|-heal|p2a: Strumpet|84/100 brn|[from] item: Leftovers
|-damage|p2a: Strumpet|78/100 brn|[from] brn
|upkeep
|turn|115
|
|move|p1a: Jellicent|Night Shade|p2a: Strumpet
|-damage|p2a: Strumpet|54/100 brn
|move|p2a: Strumpet|Aromatherapy|p2a: Strumpet
|-activate|p2a: Strumpet|move: Aromatherapy
|-curestatus|p2a: Strumpet|brn|[msg]
|-curestatus|p2: Kanigget|brn|[msg]
|
|-heal|p2a: Strumpet|60/100|[from] item: Leftovers
|upkeep
|turn|116
|
|move|p1a: Jellicent|Will-O-Wisp|p2a: Strumpet
|-status|p2a: Strumpet|brn
|move|p2a: Strumpet|Wish|p2a: Strumpet
|
|-heal|p2a: Strumpet|66/100 brn|[from] item: Leftovers
|-damage|p2a: Strumpet|60/100 brn|[from] brn
|upkeep
|turn|117
|
|move|p1a: Jellicent|Will-O-Wisp|p2a: Strumpet|[miss]
|-miss|p1a: Jellicent|p2a: Strumpet
|move|p2a: Strumpet|Moonblast|p1a: Jellicent
|-damage|p1a: Jellicent|75/100
|-unboost|p1a: Jellicent|spa|1
|
|-heal|p2a: Strumpet|100/100 brn|[from] move: Wish|[wisher] Strumpet
|-heal|p1a: Jellicent|81/100|[from] item: Leftovers
|-damage|p2a: Strumpet|94/100 brn|[from] brn
|upkeep
|turn|118
|
|move|p1a: Jellicent|Night Shade|p2a: Strumpet
|-damage|p2a: Strumpet|70/100 brn
|move|p2a: Strumpet|Moonblast|p1a: Jellicent
|-damage|p1a: Jellicent|54/100
|
|-heal|p1a: Jellicent|60/100|[from] item: Leftovers
|-heal|p2a: Strumpet|76/100 brn|[from] item: Leftovers
|-damage|p2a: Strumpet|70/100 brn|[from] brn
|upkeep
|turn|119
|
|move|p1a: Jellicent|Strength Sap|p2a: Strumpet
|-unboost|p2a: Strumpet|atk|1
|-heal|p1a: Jellicent|94/100
|move|p2a: Strumpet|Wish|p2a: Strumpet
|
|-heal|p1a: Jellicent|99/100|[from] item: Leftovers
|-heal|p2a: Strumpet|76/100 brn|[from] item: Leftovers
|-damage|p2a: Strumpet|70/100 brn|[from] brn
|upkeep
|turn|120
|
|switch|p1a: Ferrothorn|Ferrothorn, F|55/100 brn
|move|p2a: Strumpet|Moonblast|p1a: Ferrothorn
|-resisted|p1a: Ferrothorn
|-damage|p1a: Ferrothorn|44/100 brn
|
|-heal|p2a: Strumpet|100/100 brn|[from] move: Wish|[wisher] Strumpet
|-heal|p1a: Ferrothorn|50/100 brn|[from] item: Leftovers
|-damage|p2a: Strumpet|94/100 brn|[from] brn
|-damage|p1a: Ferrothorn|44/100 brn|[from] brn
|upkeep
|turn|121
|
|switch|p2a: Kanigget|Corviknight, M|77/100
|-ability|p2a: Kanigget|Pressure
|move|p1a: Ferrothorn|Stealth Rock|p2a: Kanigget
|-sidestart|p2: Alouu|move: Stealth Rock
|
|-heal|p2a: Kanigget|83/100|[from] item: Leftovers
|-heal|p1a: Ferrothorn|50/100 brn|[from] item: Leftovers
|-damage|p1a: Ferrothorn|44/100 brn|[from] brn
|upkeep
|turn|122
|
|switch|p1a: Jellicent|Jellicent, F|99/100
|move|p2a: Kanigget|Defog|p1a: Jellicent
|-unboost|p1a: Jellicent|evasion|1
|-sideend|p2: Alouu|Stealth Rock|[from] move: Defog|[of] p2a: Kanigget
|
|-heal|p1a: Jellicent|100/100|[from] item: Leftovers
|-heal|p2a: Kanigget|89/100|[from] item: Leftovers
|upkeep
|turn|123
|
|move|p1a: Jellicent|Will-O-Wisp|p2a: Kanigget
|-status|p2a: Kanigget|brn
|move|p2a: Kanigget|Iron Defense|p2a: Kanigget
|-boost|p2a: Kanigget|def|2
|
|-heal|p2a: Kanigget|96/100 brn|[from] item: Leftovers
|-damage|p2a: Kanigget|89/100 brn|[from] brn
|upkeep
|turn|124
|inactive|Mr_lewis961 has 120 seconds left.
|inactive|Mr_lewis961 has 90 seconds left.
|
|switch|p2a: Strumpet|Aromatisse, F|94/100 brn
|move|p1a: Jellicent|Taunt|p2a: Strumpet
|-activate|p2a: Strumpet|ability: Aroma Veil|[of] p2a: Strumpet
|
|-heal|p2a: Strumpet|100/100 brn|[from] item: Leftovers
|-damage|p2a: Strumpet|94/100 brn|[from] brn
|upkeep
|turn|125
|
|switch|p1a: Cinderace|Cinderace, M|100/100
|move|p2a: Strumpet|Aromatherapy|p2a: Strumpet
|-activate|p2a: Strumpet|move: Aromatherapy
|-curestatus|p2a: Strumpet|brn|[msg]
|-curestatus|p2: Kanigget|brn|[msg]
|
|-heal|p2a: Strumpet|100/100|[from] item: Leftovers
|upkeep
|turn|126
|
|switch|p2a: Waffle|Toxapex, F|100/100
|move|p1a: Cinderace|Pyro Ball|p2a: Waffle
|-resisted|p2a: Waffle
|-damage|p2a: Waffle|83/100
|
|-heal|p2a: Waffle|89/100|[from] item: Black Sludge
|upkeep
|turn|127
|
|move|p1a: Cinderace|U-turn|p2a: Waffle
|-resisted|p2a: Waffle
|-damage|p2a: Waffle|82/100
|
|switch|p1a: Hydreigon|Hydreigon, F|100/100|[from]move: U-turn
|move|p2a: Waffle|Scald|p1a: Hydreigon
|-resisted|p1a: Hydreigon
|-damage|p1a: Hydreigon|91/100
|
|-heal|p1a: Hydreigon|97/100|[from] item: Leftovers
|-heal|p2a: Waffle|88/100|[from] item: Black Sludge
|upkeep
|turn|128
|
|switch|p2a: Strumpet|Aromatisse, F|100/100
|move|p1a: Hydreigon|Substitute|p1a: Hydreigon
|-start|p1a: Hydreigon|Substitute
|-damage|p1a: Hydreigon|72/100
|
|-heal|p1a: Hydreigon|78/100|[from] item: Leftovers
|upkeep
|turn|129
|
|move|p1a: Hydreigon|Flash Cannon|p2a: Strumpet
|-supereffective|p2a: Strumpet
|-crit|p2a: Strumpet
|-damage|p2a: Strumpet|49/100
|move|p2a: Strumpet|Moonblast|p1a: Hydreigon
|-supereffective|p1a: Hydreigon
|-end|p1a: Hydreigon|Substitute
|
|-heal|p1a: Hydreigon|84/100|[from] item: Leftovers
|-heal|p2a: Strumpet|55/100|[from] item: Leftovers
|upkeep
|turn|130
|inactive|Mr_lewis961 has 90 seconds left.
|
|move|p1a: Hydreigon|Flash Cannon|p2a: Strumpet
|-supereffective|p2a: Strumpet
|-damage|p2a: Strumpet|16/100
|move|p2a: Strumpet|Moonblast|p1a: Hydreigon
|-supereffective|p1a: Hydreigon
|-damage|p1a: Hydreigon|0 fnt
|faint|p1a: Hydreigon
|
|-heal|p2a: Strumpet|22/100|[from] item: Leftovers
|upkeep
|
|switch|p1a: Cinderace|Cinderace, M|100/100
|turn|131
|
|move|p2a: Strumpet|Protect|p2a: Strumpet
|-singleturn|p2a: Strumpet|Protect
|move|p1a: Cinderace|Pyro Ball|p2a: Strumpet
|-activate|p2a: Strumpet|move: Protect
|
|-heal|p2a: Strumpet|28/100|[from] item: Leftovers
|upkeep
|turn|132
|
|switch|p2a: Waffle|Toxapex, F|100/100
|move|p1a: Cinderace|Pyro Ball|p2a: Waffle
|-resisted|p2a: Waffle
|-damage|p2a: Waffle|83/100
|
|-heal|p2a: Waffle|90/100|[from] item: Black Sludge
|upkeep
|turn|133
|
|move|p2a: Waffle|Baneful Bunker|p2a: Waffle
|-singleturn|p2a: Waffle|move: Protect
|move|p1a: Cinderace|U-turn|p2a: Waffle
|-activate|p2a: Waffle|move: Protect
|-status|p1a: Cinderace|psn
|
|-heal|p2a: Waffle|96/100|[from] item: Black Sludge
|-damage|p1a: Cinderace|88/100 psn|[from] psn
|upkeep
|turn|134
|
|switch|p1a: Clefable|Clefable, F|84/100
|move|p2a: Waffle|Scald|p1a: Clefable
|-damage|p1a: Clefable|68/100
|
|-heal|p2a: Waffle|100/100|[from] item: Black Sludge
|upkeep
|turn|135
|
|switch|p2a: Lump|Snorlax, M|100/100
|move|p1a: Clefable|Moonblast|p2a: Lump
|-damage|p2a: Lump|77/100
|-unboost|p2a: Lump|spa|1
|
|-heal|p2a: Lump|83/100|[from] item: Leftovers
|upkeep
|turn|136
|
|switch|p1a: Jellicent|Jellicent, F|100/100
|move|p2a: Lump|Curse|p2a: Lump
|-unboost|p2a: Lump|spe|1
|-boost|p2a: Lump|atk|1
|-boost|p2a: Lump|def|1
|
|-heal|p2a: Lump|89/100|[from] item: Leftovers
|upkeep
|turn|137
|
|move|p1a: Jellicent|Will-O-Wisp|p2a: Lump|[miss]
|-miss|p1a: Jellicent|p2a: Lump
|move|p2a: Lump|Rest|p2a: Lump
|-status|p2a: Lump|slp|[from] move: Rest
|-heal|p2a: Lump|100/100 slp|[silent]
|
|upkeep
|turn|138
|
|move|p1a: Jellicent|Strength Sap|p2a: Lump
|-unboost|p2a: Lump|atk|1
|cant|p2a: Lump|slp
|
|upkeep
|turn|139
|c|☆Mr_lewis961|Rest with full heal??
|inactive|Mr_lewis961 has 120 seconds left.
|c|☆Mr_lewis961|U mental bro
|c|☆Alouu|cos if you burn into taunt
|c|☆Alouu|I cant remove it from there
|c|☆Mr_lewis961|U need help
|inactive|Mr_lewis961 has 90 seconds left.
|c|☆Mr_lewis961|Seriously was tthepurpose of this team?
|c|☆Mr_lewis961|U having fun?
|
|move|p1a: Jellicent|Strength Sap|p2a: Lump
|-unboost|p2a: Lump|atk|1
|cant|p2a: Lump|slp
|
|upkeep
|turn|140
|c|☆Mr_lewis961|Talk to me feels like u need it
|inactive|Mr_lewis961 has 60 seconds left.
|
|move|p1a: Jellicent|Taunt|p2a: Lump
|-start|p2a: Lump|move: Taunt
|-curestatus|p2a: Lump|slp|[msg]
|cant|p2a: Lump|move: Taunt|Curse
|
|upkeep
|turn|141
|
|switch|p2a: Slug|Gastrodon-East, M|95/100
|move|p1a: Jellicent|Will-O-Wisp|p2a: Slug
|-status|p2a: Slug|brn
|
|-heal|p2a: Slug|100/100 brn|[from] item: Leftovers
|-damage|p2a: Slug|94/100 brn|[from] brn
|upkeep
|turn|142
|
|move|p1a: Jellicent|Taunt|p2a: Slug
|-start|p2a: Slug|move: Taunt
|cant|p2a: Slug|move: Taunt|Stockpile
|
|-heal|p2a: Slug|100/100 brn|[from] item: Leftovers
|-damage|p2a: Slug|94/100 brn|[from] brn
|upkeep
|turn|143
|
|switch|p1a: Ferrothorn|Ferrothorn, F|44/100 brn
|switch|p2a: Lump|Snorlax, M|100/100
|
|-heal|p1a: Ferrothorn|50/100 brn|[from] item: Leftovers
|-damage|p1a: Ferrothorn|44/100 brn|[from] brn
|upkeep
|turn|144
|
|switch|p2a: Kanigget|Corviknight, M|89/100
|-ability|p2a: Kanigget|Pressure
|switch|p1a: Jellicent|Jellicent, F|100/100
|
|-heal|p2a: Kanigget|96/100|[from] item: Leftovers
|upkeep
|turn|145
|
|switch|p2a: Lump|Snorlax, M|100/100
|move|p1a: Jellicent|Will-O-Wisp|p2a: Lump|[miss]
|-miss|p1a: Jellicent|p2a: Lump
|
|upkeep
|turn|146
|c|☆Mr_lewis961|Hello?
|
|move|p1a: Jellicent|Will-O-Wisp|p2a: Lump
|-status|p2a: Lump|brn
|move|p2a: Lump|Earthquake|p1a: Jellicent
|-damage|p1a: Jellicent|91/100
|
|-heal|p1a: Jellicent|97/100|[from] item: Leftovers
|-damage|p2a: Lump|94/100 brn|[from] brn
|upkeep
|turn|147
|
|switch|p2a: Slug|Gastrodon-East, M|94/100 brn
|move|p1a: Jellicent|Taunt|p2a: Slug
|-start|p2a: Slug|move: Taunt
|
|-heal|p1a: Jellicent|100/100|[from] item: Leftovers
|-heal|p2a: Slug|100/100 brn|[from] item: Leftovers
|-damage|p2a: Slug|94/100 brn|[from] brn
|upkeep
|turn|148
|inactive|Mr_lewis961 has 30 seconds left.
|
|switch|p1a: Ferrothorn|Ferrothorn, F|44/100 brn
|switch|p2a: Lump|Snorlax, M|94/100 brn
|
|-heal|p2a: Lump|100/100 brn|[from] item: Leftovers
|-heal|p1a: Ferrothorn|50/100 brn|[from] item: Leftovers
|-damage|p2a: Lump|94/100 brn|[from] brn
|-damage|p1a: Ferrothorn|44/100 brn|[from] brn
|upkeep
|turn|149
|
|switch|p2a: Kanigget|Corviknight, M|96/100
|-ability|p2a: Kanigget|Pressure
|switch|p1a: Jellicent|Jellicent, F|100/100
|
|-heal|p2a: Kanigget|100/100|[from] item: Leftovers
|upkeep
|turn|150
|
|switch|p2a: Slug|Gastrodon-East, M|94/100 brn
|move|p1a: Jellicent|Will-O-Wisp|p2a: Slug
|-fail|p2a: Slug|brn
|
|-heal|p2a: Slug|100/100 brn|[from] item: Leftovers
|-damage|p2a: Slug|94/100 brn|[from] brn
|upkeep
|turn|151
|
|switch|p2a: Lump|Snorlax, M|94/100 brn
|move|p1a: Jellicent|Taunt|p2a: Lump
|-start|p2a: Lump|move: Taunt
|
|-heal|p2a: Lump|100/100 brn|[from] item: Leftovers
|-damage|p2a: Lump|94/100 brn|[from] brn
|upkeep
|turn|152
|
|switch|p1a: Clefable|Clefable, F|68/100
|move|p2a: Lump|Earthquake|p1a: Clefable
|-damage|p1a: Clefable|53/100
|
|-heal|p2a: Lump|100/100 brn|[from] item: Leftovers
|-damage|p2a: Lump|94/100 brn|[from] brn
|upkeep
|turn|153
|
|move|p1a: Clefable|Moonlight|p1a: Clefable
|-heal|p1a: Clefable|100/100
|move|p2a: Lump|Body Slam|p1a: Clefable
|-damage|p1a: Clefable|83/100
|
|-heal|p2a: Lump|100/100 brn|[from] item: Leftovers
|-damage|p2a: Lump|94/100 brn|[from] brn
|-end|p2a: Lump|move: Taunt
|upkeep
|turn|154
|
|move|p1a: Clefable|Moonblast|p2a: Lump
|-damage|p2a: Lump|67/100 brn
|-unboost|p2a: Lump|spa|1
|move|p2a: Lump|Rest|p2a: Lump
|-status|p2a: Lump|slp|[from] move: Rest
|-heal|p2a: Lump|100/100 slp|[silent]
|
|upkeep
|turn|155
|
|move|p1a: Clefable|Thunderbolt|p2a: Lump
|-damage|p2a: Lump|84/100 slp
|cant|p2a: Lump|slp
|
|-heal|p2a: Lump|90/100 slp|[from] item: Leftovers
|upkeep
|turn|156
|
|move|p1a: Clefable|Thunderbolt|p2a: Lump
|-damage|p2a: Lump|73/100 slp
|cant|p2a: Lump|slp
|
|-heal|p2a: Lump|79/100 slp|[from] item: Leftovers
|upkeep
|turn|157
|
|move|p1a: Clefable|Thunderbolt|p2a: Lump
|-damage|p2a: Lump|63/100 slp
|-curestatus|p2a: Lump|slp|[msg]
|move|p2a: Lump|Curse|p2a: Lump
|-unboost|p2a: Lump|spe|1
|-boost|p2a: Lump|atk|1
|-boost|p2a: Lump|def|1
|
|-heal|p2a: Lump|70/100|[from] item: Leftovers
|upkeep
|turn|158
|
|move|p1a: Clefable|Flamethrower|p2a: Lump
|-damage|p2a: Lump|61/100
|move|p2a: Lump|Rest|p2a: Lump
|-status|p2a: Lump|slp|[from] move: Rest
|-heal|p2a: Lump|100/100 slp|[silent]
|
|upkeep
|turn|159
|
|move|p1a: Clefable|Thunderbolt|p2a: Lump
|-damage|p2a: Lump|85/100 slp
|cant|p2a: Lump|slp
|
|-heal|p2a: Lump|91/100 slp|[from] item: Leftovers
|upkeep
|turn|160
|
|switch|p1a: Jellicent|Jellicent, F|100/100
|cant|p2a: Lump|slp
|
|-heal|p2a: Lump|97/100 slp|[from] item: Leftovers
|upkeep
|turn|161
|
|move|p1a: Jellicent|Strength Sap|p2a: Lump
|-unboost|p2a: Lump|atk|1
|-curestatus|p2a: Lump|slp|[msg]
|move|p2a: Lump|Curse|p2a: Lump
|-unboost|p2a: Lump|spe|1
|-boost|p2a: Lump|atk|1
|-boost|p2a: Lump|def|1
|
|-heal|p2a: Lump|100/100|[from] item: Leftovers
|upkeep
|turn|162
|inactive|Mr_lewis961 has 90 seconds left.
|c|☆Mr_lewis961|Bro play
|c|☆Mr_lewis961|Stop healing yourself
|c|☆Mr_lewis961|What the hell?
|c|☆Mr_lewis961|Yo
|c|☆Mr_lewis961|Yo
|c|☆Mr_lewis961|Yo
|c|☆Mr_lewis961|Yo
|c|☆Mr_lewis961|Why u plaiyng like this
|inactive|Mr_lewis961 has 60 seconds left.
|
|switch|p2a: Strumpet|Aromatisse, F|28/100
|move|p1a: Jellicent|Strength Sap|p2a: Strumpet
|-unboost|p2a: Strumpet|atk|1
|
|-heal|p2a: Strumpet|34/100|[from] item: Leftovers
|upkeep
|turn|163
|
|move|p1a: Jellicent|Night Shade|p2a: Strumpet
|-damage|p2a: Strumpet|10/100
|move|p2a: Strumpet|Wish|p2a: Strumpet
|
|-heal|p2a: Strumpet|16/100|[from] item: Leftovers
|upkeep
|turn|164
|inactive|Mr_lewis961 has 60 seconds left.
|
|switch|p1a: Clefable|Clefable, F|83/100
|move|p2a: Strumpet|Protect||[still]
|-fail|p2a: Strumpet
|
|-heal|p2a: Strumpet|66/100|[from] move: Wish|[wisher] Strumpet
|-heal|p2a: Strumpet|72/100|[from] item: Leftovers
|upkeep
|turn|165
|
|switch|p2a: Lump|Snorlax, M|100/100
|move|p1a: Clefable|Thunderbolt|p2a: Lump
|-damage|p2a: Lump|85/100
|
|-heal|p2a: Lump|91/100|[from] item: Leftovers
|upkeep
|turn|166
|inactive|Mr_lewis961 has 60 seconds left.
|
|move|p1a: Clefable|Flamethrower|p2a: Lump
|-damage|p2a: Lump|82/100
|move|p2a: Lump|Body Slam|p1a: Clefable
|-damage|p1a: Clefable|49/100
|
|-heal|p2a: Lump|88/100|[from] item: Leftovers
|upkeep
|turn|167
|j|@bobochan
|
|switch|p1a: Jellicent|Jellicent, F|100/100
|move|p2a: Lump|Body Slam|p1a: Jellicent
|-immune|p1a: Jellicent
|
|-heal|p2a: Lump|95/100|[from] item: Leftovers
|upkeep
|turn|168
|inactive|Mr_lewis961 has 60 seconds left.
|
|switch|p2a: Slug|Gastrodon-East, M|94/100 brn
|move|p1a: Jellicent|Will-O-Wisp|p2a: Slug
|-fail|p2a: Slug|brn
|
|-heal|p2a: Slug|100/100 brn|[from] item: Leftovers
|-damage|p2a: Slug|94/100 brn|[from] brn
|upkeep
|turn|169
|
|switch|p1a: Ferrothorn|Ferrothorn, F|44/100 brn
|switch|p2a: Strumpet|Aromatisse, F|72/100
|
|-heal|p2a: Strumpet|78/100|[from] item: Leftovers
|-heal|p1a: Ferrothorn|50/100 brn|[from] item: Leftovers
|-damage|p1a: Ferrothorn|44/100 brn|[from] brn
|upkeep
|turn|170
|
|move|p2a: Strumpet|Protect|p2a: Strumpet
|-singleturn|p2a: Strumpet|Protect
|move|p1a: Ferrothorn|Gyro Ball|p2a: Strumpet
|-activate|p2a: Strumpet|move: Protect
|
|-heal|p2a: Strumpet|84/100|[from] item: Leftovers
|-heal|p1a: Ferrothorn|50/100 brn|[from] item: Leftovers
|-damage|p1a: Ferrothorn|44/100 brn|[from] brn
|upkeep
|turn|171
|
|switch|p2a: Kanigget|Corviknight, M|100/100
|-ability|p2a: Kanigget|Pressure
|move|p1a: Ferrothorn|Gyro Ball|p2a: Kanigget
|-resisted|p2a: Kanigget
|-damage|p2a: Kanigget|96/100
|
|-heal|p2a: Kanigget|100/100|[from] item: Leftovers
|-heal|p1a: Ferrothorn|50/100 brn|[from] item: Leftovers
|-damage|p1a: Ferrothorn|44/100 brn|[from] brn
|upkeep
|turn|172
|
|switch|p1a: Clefable|Clefable, F|49/100
|move|p2a: Kanigget|Body Press|p1a: Clefable
|-resisted|p1a: Clefable
|-damage|p1a: Clefable|34/100
|
|upkeep
|turn|173
|
|switch|p2a: Lump|Snorlax, M|95/100
|move|p1a: Clefable|Moonlight|p1a: Clefable
|-heal|p1a: Clefable|84/100
|
|-heal|p2a: Lump|100/100|[from] item: Leftovers
|upkeep
|turn|174
|
|move|p1a: Clefable|Thunderbolt|p2a: Lump
|-damage|p2a: Lump|85/100
|-status|p2a: Lump|par
|cant|p2a: Lump|par
|
|-heal|p2a: Lump|91/100 par|[from] item: Leftovers
|upkeep
|turn|175
|c|@bobochan|/log Alouu was warned by bobochan. (change your corviknight name before next battle)
|unlink|alouu
|
|move|p1a: Clefable|Flamethrower|p2a: Lump
|-damage|p2a: Lump|83/100 par
|move|p2a: Lump|Curse|p2a: Lump
|-unboost|p2a: Lump|spe|1
|-boost|p2a: Lump|atk|1
|-boost|p2a: Lump|def|1
|
|-heal|p2a: Lump|89/100 par|[from] item: Leftovers
|upkeep
|turn|176
|l|@bobochan
|
|switch|p1a: Jellicent|Jellicent, F|100/100
|move|p2a: Lump|Curse|p2a: Lump
|-unboost|p2a: Lump|spe|1
|-boost|p2a: Lump|atk|1
|-boost|p2a: Lump|def|1
|
|-heal|p2a: Lump|95/100 par|[from] item: Leftovers
|upkeep
|turn|177
|
|move|p1a: Jellicent|Strength Sap|p2a: Lump
|-unboost|p2a: Lump|atk|1
|cant|p2a: Lump|par
|
|-heal|p2a: Lump|100/100 par|[from] item: Leftovers
|upkeep
|turn|178
|inactive|Alouu has 120 seconds left.
|
|move|p1a: Jellicent|Taunt|p2a: Lump
|-start|p2a: Lump|move: Taunt
|cant|p2a: Lump|move: Taunt|Curse
|
|upkeep
|turn|179
|
|move|p1a: Jellicent|Strength Sap|p2a: Lump
|-unboost|p2a: Lump|atk|1
|move|p2a: Lump|Body Slam|p1a: Jellicent
|-immune|p1a: Jellicent
|
|upkeep
|turn|180
|
|switch|p1a: Clefable|Clefable, F|84/100
|move|p2a: Lump|Body Slam|p1a: Clefable
|-damage|p1a: Clefable|49/100
|
|-end|p2a: Lump|move: Taunt
|upkeep
|turn|181
|
|move|p1a: Clefable|Flamethrower|p2a: Lump
|-damage|p2a: Lump|93/100 par
|move|p2a: Lump|Curse|p2a: Lump
|-unboost|p2a: Lump|spe|1
|-boost|p2a: Lump|atk|1
|-boost|p2a: Lump|def|1
|
|-heal|p2a: Lump|99/100 par|[from] item: Leftovers
|upkeep
|turn|182
|
|switch|p1a: Jellicent|Jellicent, F|100/100
|move|p2a: Lump|Curse|p2a: Lump
|-unboost|p2a: Lump|spe|1
|-boost|p2a: Lump|atk|1
|-boost|p2a: Lump|def|1
|
|-heal|p2a: Lump|100/100 par|[from] item: Leftovers
|upkeep
|turn|183
|
|move|p1a: Jellicent|Taunt|p2a: Lump
|-start|p2a: Lump|move: Taunt
|cant|p2a: Lump|move: Taunt|Curse
|
|upkeep
|turn|184
|
|move|p1a: Jellicent|Strength Sap|p2a: Lump
|-unboost|p2a: Lump|atk|1
|cant|p2a: Lump|par
|
|upkeep
|turn|185
|
|switch|p1a: Cinderace|Cinderace, M|88/100 psn
|move|p2a: Lump|Body Slam|p1a: Cinderace
|-damage|p1a: Cinderace|14/100 psn
|
|-damage|p1a: Cinderace|2/100 psn|[from] psn
|-end|p2a: Lump|move: Taunt
|upkeep
|turn|186
|
|move|p1a: Cinderace|High Jump Kick|p2a: Lump
|-supereffective|p2a: Lump
|-damage|p2a: Lump|75/100 par
|cant|p2a: Lump|par
|
|-heal|p2a: Lump|81/100 par|[from] item: Leftovers
|-damage|p1a: Cinderace|0 fnt|[from] psn
|faint|p1a: Cinderace
|upkeep
|
|switch|p1a: Jellicent|Jellicent, F|100/100
|turn|187
|
|move|p1a: Jellicent|Taunt|p2a: Lump
|-start|p2a: Lump|move: Taunt
|cant|p2a: Lump|move: Taunt|Curse
|
|-heal|p2a: Lump|87/100 par|[from] item: Leftovers
|upkeep
|turn|188
|
|move|p1a: Jellicent|Taunt||[still]
|-fail|p1a: Jellicent
|cant|p2a: Lump|par
|
|-heal|p2a: Lump|93/100 par|[from] item: Leftovers
|upkeep
|turn|189
|
|move|p1a: Jellicent|Taunt||[still]
|-fail|p1a: Jellicent
|move|p2a: Lump|Earthquake|p1a: Jellicent
|-damage|p1a: Jellicent|70/100
|
|-heal|p1a: Jellicent|76/100|[from] item: Leftovers
|-heal|p2a: Lump|99/100 par|[from] item: Leftovers
|-end|p2a: Lump|move: Taunt
|upkeep
|turn|190
|
|switch|p1a: Ferrothorn|Ferrothorn, F|44/100 brn
|move|p2a: Lump|Earthquake|p1a: Ferrothorn
|-damage|p1a: Ferrothorn|17/100 brn
|
|-heal|p1a: Ferrothorn|23/100 brn|[from] item: Leftovers
|-heal|p2a: Lump|100/100 par|[from] item: Leftovers
|-damage|p1a: Ferrothorn|17/100 brn|[from] brn
|upkeep
|turn|191
|
|move|p1a: Ferrothorn|Power Whip|p2a: Lump
|-damage|p2a: Lump|95/100 par
|move|p2a: Lump|Curse|p2a: Lump
|-unboost|p2a: Lump|spe|1
|-boost|p2a: Lump|atk|1
|-boost|p2a: Lump|def|1
|
|-heal|p1a: Ferrothorn|23/100 brn|[from] item: Leftovers
|-heal|p2a: Lump|100/100 par|[from] item: Leftovers
|-damage|p1a: Ferrothorn|17/100 brn|[from] brn
|upkeep
|turn|192
|c|☆Mr_lewis961|U mental
|c|☆Mr_lewis961|U need help u finish all my pp
|c|☆Mr_lewis961|U need help
|inactive|Mr_lewis961 has 90 seconds left.
|inactive|Mr_lewis961 has 60 seconds left.
|
|move|p1a: Ferrothorn|Power Whip|p2a: Lump
|-damage|p2a: Lump|96/100 par
|move|p2a: Lump|Earthquake|p1a: Ferrothorn
|-damage|p1a: Ferrothorn|0 fnt
|faint|p1a: Ferrothorn
|
|-heal|p2a: Lump|100/100 par|[from] item: Leftovers
|upkeep
|
|switch|p1a: Jellicent|Jellicent, F|76/100
|turn|193
|
|move|p1a: Jellicent|Will-O-Wisp||[still]
|-fail|p1a: Jellicent
|move|p2a: Lump|Curse|p2a: Lump
|-unboost|p2a: Lump|spe|1
|-boost|p2a: Lump|atk|1
|-boost|p2a: Lump|def|1
|
|-heal|p1a: Jellicent|83/100|[from] item: Leftovers
|upkeep
|turn|194
|
|move|p1a: Jellicent|Taunt|p2a: Lump
|-start|p2a: Lump|move: Taunt
|move|p2a: Lump|Earthquake|p1a: Jellicent
|-crit|p1a: Jellicent
|-damage|p1a: Jellicent|12/100
|
|-heal|p1a: Jellicent|18/100|[from] item: Leftovers
|upkeep
|turn|195
|
|move|p1a: Jellicent|Will-O-Wisp|p2a: Lump|[miss]
|-miss|p1a: Jellicent|p2a: Lump
|move|p2a: Lump|Earthquake|p1a: Jellicent
|-damage|p1a: Jellicent|0 fnt
|faint|p1a: Jellicent
|
|upkeep
|inactive|Mr_lewis961 has 30 seconds left.
|inactive|Mr_lewis961 has 20 seconds left.
|inactive|Mr_lewis961 has 15 seconds left.
|inactive|Mr_lewis961 has 10 seconds left.
|inactive|Mr_lewis961 has 5 seconds left.
|-message|Mr_lewis961 lost due to inactivity.
|
|win|Alouu
|raw|Mr_lewis961's rating: 1463 → 1441(-22 for losing)
|raw|Alouu's rating: 1421 → 1443(+22 for winning)
