|ScrapeTime|2020-01-01-00:56:41
|j|☆ultraman silver
|j|☆MultiDracoKiller
|player|p1|ultraman silver|164|1564
|player|p2|MultiDracoKiller|266|1541
|teamsize|p1|6
|teamsize|p2|6
|gametype|singles
|gen|8
|tier|[Gen 8] OU
|rated|
|rule|Sleep Clause Mod: Limit one foe put to sleep
|rule|Species Clause: Limit one of each Pokémon
|rule|OHKO Clause: OHKO moves are banned
|rule|Evasion Moves Clause: Evasion moves are banned
|rule|Endless Battle Clause: Forcing endless battles is banned
|rule|HP Percentage Mod: HP is shown in percentages
|clearpoke
|poke|p1|Crawdaunt, M|
|poke|p1|Pelipper, M|
|poke|p1|Conkeldurr, M|
|poke|p1|Seismitoad, F|
|poke|p1|Dragapult, M|
|poke|p1|Corviknight, M|
|poke|p2|Mamoswine, M|
|poke|p2|Conkeldurr, M|
|poke|p2|Hydreigon, F|
|poke|p2|Chandelure, F|
|poke|p2|Excadrill, M|
|poke|p2|Manectric, F|
|rule|Dynamax Clause: You cannot dynamax
|teampreview
|inactive|Battle timer is ON: inactive players will automatically lose when time's up. (requested by ultraman silver)
|
|start
|switch|p1a: Conkeldurr|Conkeldurr, M|100/100
|switch|p2a: Mamoswine|Mamoswine, M|100/100
|turn|1
|
|move|p2a: Mamoswine|Stealth Rock|p1a: Conkeldurr
|-sidestart|p1: ultraman silver|move: Stealth Rock
|move|p1a: Conkeldurr|Earthquake|p2a: Mamoswine
|-damage|p2a: Mamoswine|56/100
|
|-status|p1a: Conkeldurr|brn|[from] item: Flame Orb
|upkeep
|turn|2
|inactive|MultiDracoKiller has 120 seconds left.
|
|move|p1a: Conkeldurr|Mach Punch|p2a: Mamoswine
|-supereffective|p2a: Mamoswine
|-damage|p2a: Mamoswine|0 fnt
|faint|p2a: Mamoswine
|
|-damage|p1a: Conkeldurr|94/100 brn|[from] brn
|upkeep
|
|switch|p2a: Chandelure|Chandelure, F|100/100
|turn|3
|
|move|p2a: Chandelure|Psychic|p1a: Conkeldurr
|-supereffective|p1a: Conkeldurr
|-damage|p1a: Conkeldurr|14/100 brn
|move|p1a: Conkeldurr|Earthquake|p2a: Chandelure
|-supereffective|p2a: Chandelure
|-damage|p2a: Chandelure|0 fnt
|faint|p2a: Chandelure
|
|-damage|p1a: Conkeldurr|7/100 brn|[from] brn
|upkeep
|inactive|MultiDracoKiller has 90 seconds left.
|inactive|MultiDracoKiller has 60 seconds left.
|
|switch|p2a: Conkeldurr|Conkeldurr, M|100/100
|turn|4
|
|switch|p1a: Corviknight|Corviknight, M|100/100
|-damage|p1a: Corviknight|88/100|[from] Stealth Rock
|-ability|p1a: Corviknight|Pressure
|move|p2a: Conkeldurr|Mach Punch|p1a: Corviknight
|-damage|p1a: Corviknight|68/100
|
|-heal|p1a: Corviknight|75/100|[from] item: Leftovers
|upkeep
|turn|5
|inactive|MultiDracoKiller has 60 seconds left.
|
|move|p1a: Corviknight|Defog|p2a: Conkeldurr
|-unboost|p2a: Conkeldurr|evasion|1
|-sideend|p1: ultraman silver|Stealth Rock|[from] move: Defog|[of] p1a: Corviknight
|move|p2a: Conkeldurr|Drain Punch|p1a: Corviknight
|-damage|p1a: Corviknight|37/100
|
|-heal|p1a: Corviknight|43/100|[from] item: Leftovers
|upkeep
|turn|6
|
|move|p1a: Corviknight|U-turn|p2a: Conkeldurr
|-resisted|p2a: Conkeldurr
|-damage|p2a: Conkeldurr|94/100
|
|switch|p1a: Pelipper|Pelipper, M|100/100|[from]move: U-turn
|-weather|RainDance|[from] ability: Drizzle|[of] p1a: Pelipper
|move|p2a: Conkeldurr|Drain Punch|p1a: Pelipper
|-resisted|p1a: Pelipper
|-damage|p1a: Pelipper|81/100
|-heal|p2a: Conkeldurr|100/100|[from] drain|[of] p1a: Pelipper
|
|-weather|RainDance|[upkeep]
|upkeep
|turn|7
|inactive|MultiDracoKiller has 60 seconds left.
|
|switch|p2a: Manectric|Manectric, F|100/100
|move|p1a: Pelipper|Knock Off|p2a: Manectric
|-damage|p2a: Manectric|79/100
|-enditem|p2a: Manectric|Choice Specs|[from] move: Knock Off|[of] p1a: Pelipper
|
|-weather|RainDance|[upkeep]
|upkeep
|turn|8
|
|switch|p1a: Dragapult|Dragapult, M|100/100
|move|p2a: Manectric|Switcheroo|p1a: Dragapult
|-activate|p2a: Manectric|move: Trick|[of] p1a: Dragapult
|-enditem|p1a: Dragapult|Choice Specs|[silent]|[from] move: Switcheroo
|-item|p2a: Manectric|Choice Specs|[from] move: Switcheroo
|
|-weather|RainDance|[upkeep]
|upkeep
|turn|9
|
|move|p1a: Dragapult|U-turn|p2a: Manectric
|-damage|p2a: Manectric|48/100
|
|switch|p1a: Seismitoad|Seismitoad, F|100/100|[from]move: U-turn
|move|p2a: Manectric|Volt Switch|p1a: Seismitoad
|-immune|p1a: Seismitoad
|
|-weather|RainDance|[upkeep]
|upkeep
|turn|10
|inactive|MultiDracoKiller has 60 seconds left.
|
|switch|p2a: Conkeldurr|Conkeldurr, M|100/100
|move|p1a: Seismitoad|Toxic|p2a: Conkeldurr
|-status|p2a: Conkeldurr|tox
|
|-weather|RainDance|[upkeep]
|-damage|p2a: Conkeldurr|95/100 tox|[from] psn
|upkeep
|turn|11
|
|move|p1a: Seismitoad|Stealth Rock|p2a: Conkeldurr
|-sidestart|p2: MultiDracoKiller|move: Stealth Rock
|move|p2a: Conkeldurr|Drain Punch|p1a: Seismitoad
|-damage|p1a: Seismitoad|48/100
|-heal|p2a: Conkeldurr|100/100 tox|[from] drain|[of] p1a: Seismitoad
|
|-weather|RainDance|[upkeep]
|-heal|p1a: Seismitoad|54/100|[from] item: Leftovers
|-damage|p2a: Conkeldurr|89/100 tox|[from] psn
|upkeep
|turn|12
|
|switch|p1a: Corviknight|Corviknight, M|43/100
|-ability|p1a: Corviknight|Pressure
|move|p2a: Conkeldurr|Drain Punch|p1a: Corviknight
|-damage|p1a: Corviknight|0 fnt
|-heal|p2a: Conkeldurr|100/100 tox|[from] drain|[of] p1a: Corviknight
|faint|p1a: Corviknight
|
|-weather|RainDance|[upkeep]
|-damage|p2a: Conkeldurr|83/100 tox|[from] psn
|upkeep
|
|switch|p1a: Dragapult|Dragapult, M|100/100
|turn|13
|
|move|p1a: Dragapult|U-turn|p2a: Conkeldurr
|-resisted|p2a: Conkeldurr
|-damage|p2a: Conkeldurr|74/100 tox
|
|switch|p1a: Pelipper|Pelipper, M|81/100|[from]move: U-turn
|move|p2a: Conkeldurr|Earthquake|p1a: Pelipper
|-immune|p1a: Pelipper
|
|-weather|none
|-damage|p2a: Conkeldurr|50/100 tox|[from] psn
|upkeep
|turn|14
|
|move|p1a: Pelipper|Hurricane|p2a: Conkeldurr
|-supereffective|p2a: Conkeldurr
|-damage|p2a: Conkeldurr|2/100 tox
|move|p2a: Conkeldurr|Drain Punch|p1a: Pelipper
|-resisted|p1a: Pelipper
|-damage|p1a: Pelipper|50/100
|-heal|p2a: Conkeldurr|16/100 tox|[from] drain|[of] p1a: Pelipper
|
|-damage|p2a: Conkeldurr|0 fnt|[from] psn
|faint|p2a: Conkeldurr
|upkeep
|
|switch|p2a: Excadrill|Excadrill, M|100/100
|-damage|p2a: Excadrill|97/100|[from] Stealth Rock
|-ability|p2a: Excadrill|Mold Breaker
|-item|p2a: Excadrill|Air Balloon
|turn|15
|
|move|p2a: Excadrill|Rapid Spin|p1a: Pelipper
|-damage|p1a: Pelipper|31/100
|-sideend|p2: MultiDracoKiller|Stealth Rock|[from] move: Rapid Spin|[of] p2a: Excadrill
|-boost|p2a: Excadrill|spe|1
|move|p1a: Pelipper|U-turn|p2a: Excadrill
|-resisted|p2a: Excadrill
|-damage|p2a: Excadrill|91/100
|-enditem|p2a: Excadrill|Air Balloon
|
|switch|p1a: Crawdaunt|Crawdaunt, M|100/100|[from]move: U-turn
|
|upkeep
|turn|16
|inactive|MultiDracoKiller has 120 seconds left.
|
|switch|p2a: Manectric|Manectric, F|48/100
|move|p1a: Crawdaunt|Aqua Jet|p2a: Manectric
|-damage|p2a: Manectric|0 fnt
|faint|p2a: Manectric
|
|upkeep
|
|switch|p2a: Hydreigon|Hydreigon, F|100/100
|turn|17
|
|switch|p1a: Pelipper|Pelipper, M|31/100
|-weather|RainDance|[from] ability: Drizzle|[of] p1a: Pelipper
|move|p2a: Hydreigon|Draco Meteor|p1a: Pelipper
|-damage|p1a: Pelipper|0 fnt
|-unboost|p2a: Hydreigon|spa|2
|faint|p1a: Pelipper
|
|-weather|RainDance|[upkeep]
|upkeep
|
|switch|p1a: Crawdaunt|Crawdaunt, M|100/100
|turn|18
|
|move|p2a: Hydreigon|Draco Meteor|p1a: Crawdaunt
|-damage|p1a: Crawdaunt|29/100
|-unboost|p2a: Hydreigon|spa|2
|move|p1a: Crawdaunt|Crabhammer|p2a: Hydreigon
|-resisted|p2a: Hydreigon
|-damage|p2a: Hydreigon|0 fnt
|faint|p2a: Hydreigon
|
|-weather|RainDance|[upkeep]
|upkeep
|-message|MultiDracoKiller forfeited.
|
|win|ultraman silver
|l|☆MultiDracoKiller
|raw|ultraman silver's rating: 1564 → 1583(+19 for winning)
|raw|MultiDracoKiller's rating: 1541 → 1522(-19 for losing)
