|ScrapeTime|2020-01-01-00:58:43
|j|☆NG Blackstar
|j|☆Extremis34
|player|p1|NG Blackstar|lyra|1074
|player|p2|Extremis34|blue|1088
|teamsize|p1|6
|teamsize|p2|6
|gametype|singles
|gen|8
|tier|[Gen 8] OU
|rated|
|rule|Sleep Clause Mod: Limit one foe put to sleep
|rule|Species Clause: Limit one of each Pokémon
|rule|OHKO Clause: OHKO moves are banned
|rule|Evasion Moves Clause: Evasion moves are banned
|rule|Endless Battle Clause: Forcing endless battles is banned
|rule|HP Percentage Mod: HP is shown in percentages
|clearpoke
|poke|p1|Bisharp, F|
|poke|p1|Dragapult, F|
|poke|p1|Mandibuzz, F|
|poke|p1|Cinderace, F|
|poke|p1|Clefable, F|
|poke|p1|Toxapex, M|
|poke|p2|Toxtricity, F|
|poke|p2|Dugtrio, M|
|poke|p2|Corviknight, M|
|poke|p2|Dracovish|
|poke|p2|Dragapult, M|
|poke|p2|Corsola-Galar, M|
|rule|Dynamax Clause: You cannot dynamax
|teampreview
|inactive|Battle timer is ON: inactive players will automatically lose when time's up. (requested by NG Blackstar)
|
|start
|switch|p1a: Cinderace|Cinderace, F|100/100
|switch|p2a: John Ramones|Toxtricity, F|100/100
|turn|1
|
|switch|p2a: Colapso|Corsola-Galar, M|100/100
|move|p1a: Cinderace|Pyro Ball|p2a: Colapso
|-damage|p2a: Colapso|67/100
|-ability|p2a: Colapso|Weak Armor|boost
|-unboost|p2a: Colapso|def|1
|-boost|p2a: Colapso|spe|2
|
|upkeep
|turn|2
|
|move|p1a: Cinderace|U-turn|p2a: Colapso
|-resisted|p2a: Colapso
|-damage|p2a: Colapso|58/100
|-ability|p2a: Colapso|Weak Armor|boost
|-unboost|p2a: Colapso|def|1
|-boost|p2a: Colapso|spe|2
|
|switch|p1a: Toxapex|Toxapex, M|100/100|[from]move: U-turn
|move|p2a: Colapso|Stealth Rock|p1a: Toxapex
|-sidestart|p1: NG Blackstar|move: Stealth Rock
|
|upkeep
|turn|3
|
|switch|p2a: John Ramones|Toxtricity, F|100/100
|move|p1a: Toxapex|Toxic|p2a: John Ramones
|-immune|p2a: John Ramones
|
|upkeep
|turn|4
|
|switch|p1a: Dragapult|Dragapult, F|100/100
|-damage|p1a: Dragapult|88/100|[from] Stealth Rock
|move|p2a: John Ramones|Overdrive|p1a: Dragapult
|-resisted|p1a: Dragapult
|-damage|p1a: Dragapult|36/100
|
|upkeep
|turn|5
|
|switch|p2a: The Dark Knight|Corviknight, M|100/100
|-ability|p2a: The Dark Knight|Pressure
|move|p1a: Dragapult|Shadow Ball|p2a: The Dark Knight
|-damage|p2a: The Dark Knight|56/100
|
|-heal|p2a: The Dark Knight|62/100|[from] item: Leftovers
|upkeep
|turn|6
|
|switch|p1a: Mandibuzz|Mandibuzz, F|100/100
|move|p2a: The Dark Knight|U-turn|p1a: Mandibuzz
|-damage|p1a: Mandibuzz|89/100
|
|switch|p2a: John Ramones|Toxtricity, F|100/100|[from]move: U-turn
|
|upkeep
|turn|7
|
|switch|p1a: Clefable|Clefable, F|100/100
|move|p2a: John Ramones|Overdrive|p1a: Clefable
|-damage|p1a: Clefable|31/100
|
|upkeep
|turn|8
|
|move|p2a: John Ramones|Overdrive|p1a: Clefable
|-damage|p1a: Clefable|0 fnt
|faint|p1a: Clefable
|
|upkeep
|
|switch|p1a: Cinderace|Cinderace, F|100/100
|turn|9
|
|switch|p2a: Colapso|Corsola-Galar, M|58/100
|move|p1a: Cinderace|Court Change|p1a: Cinderace
|-sideend|p1: NG Blackstar|Stealth Rock|[silent]
|-sidestart|p2: Extremis34|Stealth Rock|[silent]
|-activate|p1a: Cinderace|move: Court Change
|
|upkeep
|turn|10
|
|move|p1a: Cinderace|Pyro Ball|p2a: Colapso
|-damage|p2a: Colapso|27/100
|-ability|p2a: Colapso|Weak Armor|boost
|-unboost|p2a: Colapso|def|1
|-boost|p2a: Colapso|spe|2
|move|p2a: Colapso|Stealth Rock|p1a: Cinderace
|-sidestart|p1: NG Blackstar|move: Stealth Rock
|
|upkeep
|turn|11
|
|switch|p2a: Dracken|Dracovish|100/100
|-damage|p2a: Dracken|88/100|[from] Stealth Rock
|move|p1a: Cinderace|U-turn|p2a: Dracken
|-damage|p2a: Dracken|65/100
|
|switch|p1a: Toxapex|Toxapex, M|100/100|[from]move: U-turn
|-damage|p1a: Toxapex|88/100|[from] Stealth Rock
|
|-heal|p1a: Toxapex|94/100|[from] item: Black Sludge
|upkeep
|turn|12
|
|switch|p2a: The Dark Knight|Corviknight, M|62/100
|-damage|p2a: The Dark Knight|50/100|[from] Stealth Rock
|-ability|p2a: The Dark Knight|Pressure
|switch|p1a: Cinderace|Cinderace, F|100/100
|
|-heal|p2a: The Dark Knight|56/100|[from] item: Leftovers
|upkeep
|turn|13
|
|move|p1a: Cinderace|Pyro Ball|p2a: The Dark Knight
|-supereffective|p2a: The Dark Knight
|-damage|p2a: The Dark Knight|0 fnt
|faint|p2a: The Dark Knight
|
|upkeep
|
|switch|p2a: Dragapulte|Dragapult, M|100/100
|-damage|p2a: Dragapulte|88/100|[from] Stealth Rock
|turn|14
|
|move|p2a: Dragapulte|Draco Meteor|p1a: Cinderace
|-crit|p1a: Cinderace
|-damage|p1a: Cinderace|0 fnt
|-unboost|p2a: Dragapulte|spa|2
|faint|p1a: Cinderace
|
|upkeep
|
|switch|p1a: Bisharp|Bisharp, F|100/100
|-damage|p1a: Bisharp|95/100|[from] Stealth Rock
|turn|15
|
|switch|p2a: Colapso|Corsola-Galar, M|27/100
|-damage|p2a: Colapso|15/100|[from] Stealth Rock
|move|p1a: Bisharp|Swords Dance|p1a: Bisharp
|-boost|p1a: Bisharp|atk|2
|
|upkeep
|turn|16
|
|move|p1a: Bisharp|Throat Chop|p2a: Colapso
|-supereffective|p2a: Colapso
|-damage|p2a: Colapso|0 fnt
|faint|p2a: Colapso
|
|upkeep
|
|switch|p2a: Dragapulte|Dragapult, M|88/100
|-damage|p2a: Dragapulte|76/100|[from] Stealth Rock
|turn|17
|
|move|p1a: Bisharp|Sucker Punch|p2a: Dragapulte
|-supereffective|p2a: Dragapulte
|-damage|p2a: Dragapulte|0 fnt
|faint|p2a: Dragapulte
|
|upkeep
|
|switch|p2a: Dugtrio|Dugtrio, M|100/100
|-damage|p2a: Dugtrio|94/100|[from] Stealth Rock
|turn|18
|
|move|p1a: Bisharp|Sucker Punch|p2a: Dugtrio
|-damage|p2a: Dugtrio|0 fnt
|faint|p2a: Dugtrio
|
|upkeep
|
|switch|p2a: Dracken|Dracovish|65/100
|-damage|p2a: Dracken|53/100|[from] Stealth Rock
|turn|19
|
|move|p1a: Bisharp|Sucker Punch|p2a: Dracken
|-damage|p2a: Dracken|0 fnt
|faint|p2a: Dracken
|
|upkeep
|
|switch|p2a: John Ramones|Toxtricity, F|100/100
|-damage|p2a: John Ramones|88/100|[from] Stealth Rock
|turn|20
|
|move|p1a: Bisharp|Sucker Punch|p2a: John Ramones
|-damage|p2a: John Ramones|0 fnt
|faint|p2a: John Ramones
|
|win|NG Blackstar
