|ScrapeTime|2020-01-01-01:35:37
|j|☆BOX CRUSHER
|j|☆JokerKing2398
|player|p1|BOX CRUSHER|fisherman|1354
|player|p2|JokerKing2398|160|1399
|teamsize|p1|6
|teamsize|p2|6
|gametype|singles
|gen|8
|tier|[Gen 8] OU
|rated|
|rule|Sleep Clause Mod: Limit one foe put to sleep
|rule|Species Clause: Limit one of each Pokémon
|rule|OHKO Clause: OHKO moves are banned
|rule|Evasion Moves Clause: Evasion moves are banned
|rule|Endless Battle Clause: Forcing endless battles is banned
|rule|HP Percentage Mod: HP is shown in percentages
|clearpoke
|poke|p1|Trevenant, F|
|poke|p1|Xatu, M|
|poke|p1|Lapras, F|
|poke|p1|Grimmsnarl, M|
|poke|p1|Excadrill, F|
|poke|p1|Coalossal, F|
|poke|p2|Corviknight, F|
|poke|p2|Golisopod, F|
|poke|p2|Chandelure, F|
|poke|p2|Ferrothorn, F|
|poke|p2|Throh, M|
|poke|p2|Milotic, F|
|rule|Dynamax Clause: You cannot dynamax
|teampreview
|
|start
|switch|p1a: Trevenant|Trevenant, F|100/100
|switch|p2a: Ferrothorn|Ferrothorn, F|100/100
|turn|1
|
|switch|p1a: Xatu|Xatu, M|100/100
|move|p2a: Ferrothorn|Stealth Rock|p1a: Xatu
|move|p1a: Xatu|Stealth Rock|p2a: Ferrothorn|[from]Magic Bounce
|-sidestart|p2: JokerKing2398|move: Stealth Rock
|
|upkeep
|turn|2
|
|move|p1a: Xatu|Heat Wave|p2a: Ferrothorn
|-supereffective|p2a: Ferrothorn
|-damage|p2a: Ferrothorn|33/100
|move|p2a: Ferrothorn|Gyro Ball|p1a: Xatu
|-damage|p1a: Xatu|58/100
|
|-heal|p1a: Xatu|64/100|[from] item: Leftovers
|upkeep
|turn|3
|inactive|Battle timer is ON: inactive players will automatically lose when time's up. (requested by BOX CRUSHER)
|
|switch|p2a: Chandelure|Chandelure, F|100/100
|-damage|p2a: Chandelure|76/100|[from] Stealth Rock
|move|p1a: Xatu|Heat Wave|p2a: Chandelure
|-resisted|p2a: Chandelure
|-damage|p2a: Chandelure|60/100
|
|-heal|p1a: Xatu|70/100|[from] item: Leftovers
|upkeep
|turn|4
|
|switch|p1a: Grimmsnarl|Grimmsnarl, M|100/100
|move|p2a: Chandelure|Shadow Ball|p1a: Grimmsnarl
|-resisted|p1a: Grimmsnarl
|-damage|p1a: Grimmsnarl|63/100
|
|upkeep
|turn|5
|
|switch|p2a: Milotic|Milotic, F|100/100
|-damage|p2a: Milotic|88/100|[from] Stealth Rock
|move|p1a: Grimmsnarl|Light Screen|p1a: Grimmsnarl
|-sidestart|p1: BOX CRUSHER|move: Light Screen
|
|-heal|p2a: Milotic|94/100|[from] item: Leftovers
|upkeep
|turn|6
|
|switch|p1a: Lapras|Lapras, F|100/100
|move|p2a: Milotic|Substitute|p2a: Milotic
|-start|p2a: Milotic|Substitute
|-damage|p2a: Milotic|69/100
|
|-heal|p2a: Milotic|75/100|[from] item: Leftovers
|upkeep
|turn|7
|
|move|p1a: Lapras|Freeze-Dry|p2a: Milotic
|-supereffective|p2a: Milotic
|-crit|p2a: Milotic
|-end|p2a: Milotic|Substitute
|move|p2a: Milotic|Dragon Tail|p1a: Lapras
|-damage|p1a: Lapras|93/100
|drag|p1a: Xatu|Xatu, M|70/100
|
|-heal|p1a: Xatu|76/100|[from] item: Leftovers
|-heal|p2a: Milotic|81/100|[from] item: Leftovers
|upkeep
|turn|8
|
|move|p1a: Xatu|Night Shade|p2a: Milotic
|-damage|p2a: Milotic|56/100
|move|p2a: Milotic|Dragon Tail|p1a: Xatu
|-crit|p1a: Xatu
|-damage|p1a: Xatu|64/100
|drag|p1a: Trevenant|Trevenant, F|100/100
|
|-heal|p2a: Milotic|62/100|[from] item: Leftovers
|upkeep
|turn|9
|
|switch|p2a: Throh|Throh, M|100/100
|-damage|p2a: Throh|94/100|[from] Stealth Rock
|move|p1a: Trevenant|Curse|p2a: Throh
|-start|p2a: Throh|Curse|[of] p1a: Trevenant
|-damage|p1a: Trevenant|50/100
|-enditem|p1a: Trevenant|Sitrus Berry|[eat]
|-heal|p1a: Trevenant|75/100|[from] item: Sitrus Berry
|
|-damage|p2a: Throh|69/100|[from] Curse
|-item|p1a: Trevenant|Sitrus Berry|[from] ability: Harvest
|upkeep
|turn|10
|
|switch|p1a: Xatu|Xatu, M|64/100
|move|p2a: Throh|Fire Punch|p1a: Xatu
|-damage|p1a: Xatu|43/100
|
|-heal|p1a: Xatu|49/100|[from] item: Leftovers
|-damage|p2a: Throh|44/100|[from] Curse
|upkeep
|turn|11
|
|move|p1a: Xatu|Roost|p1a: Xatu
|-heal|p1a: Xatu|99/100
|-singleturn|p1a: Xatu|move: Roost
|move|p2a: Throh|Ice Punch|p1a: Xatu
|-damage|p1a: Xatu|76/100
|
|-heal|p1a: Xatu|82/100|[from] item: Leftovers
|-damage|p2a: Throh|19/100|[from] Curse
|upkeep
|turn|12
|
|move|p1a: Xatu|Night Shade|p2a: Throh
|-damage|p2a: Throh|0 fnt
|faint|p2a: Throh
|
|-heal|p1a: Xatu|88/100|[from] item: Leftovers
|-sideend|p1: BOX CRUSHER|move: Light Screen
|upkeep
|
|switch|p2a: Chandelure|Chandelure, F|60/100
|-damage|p2a: Chandelure|35/100|[from] Stealth Rock
|turn|13
|
|switch|p1a: Grimmsnarl|Grimmsnarl, M|63/100
|move|p2a: Chandelure|Overheat|p1a: Grimmsnarl
|-damage|p1a: Grimmsnarl|0 fnt
|-unboost|p2a: Chandelure|spa|2
|faint|p1a: Grimmsnarl
|
|upkeep
|
|switch|p1a: Coalossal|Coalossal, F|100/100
|turn|14
|
|switch|p2a: Milotic|Milotic, F|62/100
|-damage|p2a: Milotic|50/100|[from] Stealth Rock
|move|p1a: Coalossal|Tar Shot|p2a: Milotic
|-unboost|p2a: Milotic|spe|1
|-ability|p2a: Milotic|Competitive
|-boost|p2a: Milotic|spa|2
|-start|p2a: Milotic|Tar Shot
|
|-heal|p2a: Milotic|56/100|[from] item: Leftovers
|upkeep
|turn|15
|
|move|p2a: Milotic|Scald|p1a: Coalossal
|-supereffective|p1a: Coalossal
|-damage|p1a: Coalossal|0 fnt
|faint|p1a: Coalossal
|
|-heal|p2a: Milotic|62/100|[from] item: Leftovers
|upkeep
|
|switch|p1a: Lapras|Lapras, F|93/100
|turn|16
|
|move|p1a: Lapras|Freeze-Dry|p2a: Milotic
|-supereffective|p2a: Milotic
|-damage|p2a: Milotic|38/100
|-status|p2a: Milotic|frz
|cant|p2a: Milotic|frz
|
|-heal|p1a: Lapras|99/100|[from] item: Leftovers
|-heal|p2a: Milotic|44/100 frz|[from] item: Leftovers
|upkeep
|turn|17
|
|move|p1a: Lapras|Freeze-Dry|p2a: Milotic
|-supereffective|p2a: Milotic
|-damage|p2a: Milotic|21/100 frz
|-curestatus|p2a: Milotic|frz|[msg]
|move|p2a: Milotic|Recover|p2a: Milotic
|-heal|p2a: Milotic|71/100
|
|-heal|p1a: Lapras|100/100|[from] item: Leftovers
|-heal|p2a: Milotic|77/100|[from] item: Leftovers
|upkeep
|turn|18
|
|move|p1a: Lapras|Freeze-Dry|p2a: Milotic
|-supereffective|p2a: Milotic
|-damage|p2a: Milotic|52/100
|move|p2a: Milotic|Substitute|p2a: Milotic
|-start|p2a: Milotic|Substitute
|-damage|p2a: Milotic|27/100
|
|-heal|p2a: Milotic|33/100|[from] item: Leftovers
|upkeep
|turn|19
|
|move|p1a: Lapras|Freeze-Dry|p2a: Milotic
|-supereffective|p2a: Milotic
|-end|p2a: Milotic|Substitute
|move|p2a: Milotic|Recover|p2a: Milotic
|-heal|p2a: Milotic|83/100
|
|-heal|p2a: Milotic|89/100|[from] item: Leftovers
|upkeep
|turn|20
|
|switch|p1a: Trevenant|Trevenant, F|75/100
|move|p2a: Milotic|Dragon Tail|p1a: Trevenant
|-damage|p1a: Trevenant|69/100
|drag|p1a: Excadrill|Excadrill, F|100/100
|-ability|p1a: Excadrill|Mold Breaker
|
|-heal|p2a: Milotic|95/100|[from] item: Leftovers
|upkeep
|turn|21
|
|switch|p1a: Lapras|Lapras, F|100/100
|move|p2a: Milotic|Scald|p1a: Lapras
|-immune|p1a: Lapras|[from] ability: Water Absorb
|
|-heal|p2a: Milotic|100/100|[from] item: Leftovers
|upkeep
|turn|22
|
|move|p1a: Lapras|Freeze-Dry|p2a: Milotic
|-supereffective|p2a: Milotic
|-damage|p2a: Milotic|75/100
|move|p2a: Milotic|Dragon Tail|p1a: Lapras
|-damage|p1a: Lapras|93/100
|drag|p1a: Excadrill|Excadrill, F|100/100
|-ability|p1a: Excadrill|Mold Breaker
|
|-heal|p2a: Milotic|81/100|[from] item: Leftovers
|upkeep
|turn|23
|
|switch|p1a: Lapras|Lapras, F|93/100
|move|p2a: Milotic|Dragon Tail|p1a: Lapras
|-damage|p1a: Lapras|85/100
|drag|p1a: Excadrill|Excadrill, F|100/100
|-ability|p1a: Excadrill|Mold Breaker
|
|-heal|p2a: Milotic|87/100|[from] item: Leftovers
|upkeep
|turn|24
|
|switch|p1a: Lapras|Lapras, F|85/100
|move|p2a: Milotic|Scald|p1a: Lapras
|-heal|p1a: Lapras|100/100|[from] ability: Water Absorb|[of] p2a: Milotic
|
|-heal|p2a: Milotic|93/100|[from] item: Leftovers
|upkeep
|turn|25
|
|move|p1a: Lapras|Attract||[still]
|-fail|p1a: Lapras
|move|p2a: Milotic|Substitute|p2a: Milotic
|-start|p2a: Milotic|Substitute
|-damage|p2a: Milotic|68/100
|
|-heal|p2a: Milotic|74/100|[from] item: Leftovers
|upkeep
|turn|26
|
|move|p1a: Lapras|Freeze-Dry|p2a: Milotic
|-supereffective|p2a: Milotic
|-end|p2a: Milotic|Substitute
|move|p2a: Milotic|Dragon Tail|p1a: Lapras
|-damage|p1a: Lapras|93/100
|drag|p1a: Trevenant|Trevenant, F|69/100
|
|-heal|p2a: Milotic|80/100|[from] item: Leftovers
|upkeep
|turn|27
|
|move|p1a: Trevenant|Horn Leech|p2a: Milotic
|-supereffective|p2a: Milotic
|-damage|p2a: Milotic|18/100
|-heal|p1a: Trevenant|100/100|[from] drain|[of] p2a: Milotic
|move|p2a: Milotic|Scald|p1a: Trevenant
|-resisted|p1a: Trevenant
|-damage|p1a: Trevenant|70/100
|
|-heal|p2a: Milotic|24/100|[from] item: Leftovers
|upkeep
|turn|28
|
|move|p1a: Trevenant|Horn Leech|p2a: Milotic
|-supereffective|p2a: Milotic
|-damage|p2a: Milotic|0 fnt
|-heal|p1a: Trevenant|82/100|[from] drain|[of] p2a: Milotic
|faint|p2a: Milotic
|
|upkeep
|
|switch|p2a: Ferrothorn|Ferrothorn, F|33/100
|-damage|p2a: Ferrothorn|27/100|[from] Stealth Rock
|turn|29
|
|switch|p1a: Xatu|Xatu, M|88/100
|move|p2a: Ferrothorn|Gyro Ball|p1a: Xatu
|-damage|p1a: Xatu|49/100
|
|-heal|p1a: Xatu|55/100|[from] item: Leftovers
|upkeep
|turn|30
|
|move|p1a: Xatu|Roost|p1a: Xatu
|-heal|p1a: Xatu|100/100
|-singleturn|p1a: Xatu|move: Roost
|move|p2a: Ferrothorn|Gyro Ball|p1a: Xatu
|-damage|p1a: Xatu|61/100
|
|-heal|p1a: Xatu|67/100|[from] item: Leftovers
|upkeep
|turn|31
|
|move|p1a: Xatu|Heat Wave|p2a: Ferrothorn
|-supereffective|p2a: Ferrothorn
|-damage|p2a: Ferrothorn|0 fnt
|faint|p2a: Ferrothorn
|
|-heal|p1a: Xatu|73/100|[from] item: Leftovers
|upkeep
|
|switch|p2a: Golisopod|Golisopod, F|100/100
|-damage|p2a: Golisopod|76/100|[from] Stealth Rock
|turn|32
|
|move|p2a: Golisopod|First Impression|p1a: Xatu
|-damage|p1a: Xatu|8/100
|-damage|p2a: Golisopod|66/100|[from] item: Life Orb
|move|p1a: Xatu|Thunder Wave|p2a: Golisopod
|-status|p2a: Golisopod|par
|
|-heal|p1a: Xatu|14/100|[from] item: Leftovers
|upkeep
|turn|33
|
|switch|p1a: Lapras|Lapras, F|93/100
|move|p2a: Golisopod|Aqua Jet|p1a: Lapras
|-heal|p1a: Lapras|100/100|[from] ability: Water Absorb|[of] p2a: Golisopod
|
|upkeep
|turn|34
|
|move|p2a: Golisopod|Sucker Punch|p1a: Lapras
|-damage|p1a: Lapras|68/100
|-damage|p2a: Golisopod|56/100 par|[from] item: Life Orb
|move|p1a: Lapras|Freeze-Dry|p2a: Golisopod
|-supereffective|p2a: Golisopod
|-damage|p2a: Golisopod|10/100 par
|-activate|p2a: Golisopod|ability: Emergency Exit
|
|switch|p2a: Chandelure|Chandelure, F|35/100
|-damage|p2a: Chandelure|10/100|[from] Stealth Rock
|
|-heal|p1a: Lapras|74/100|[from] item: Leftovers
|upkeep
|turn|35
|
|switch|p1a: Xatu|Xatu, M|14/100
|move|p2a: Chandelure|Shadow Ball|p1a: Xatu
|-supereffective|p1a: Xatu
|-damage|p1a: Xatu|0 fnt
|faint|p1a: Xatu
|
|upkeep
|
|switch|p1a: Excadrill|Excadrill, F|100/100
|-ability|p1a: Excadrill|Mold Breaker
|turn|36
|
|move|p1a: Excadrill|Rock Slide|p2a: Chandelure
|-supereffective|p2a: Chandelure
|-damage|p2a: Chandelure|0 fnt
|faint|p2a: Chandelure
|
|upkeep
|
|switch|p2a: Corviknight|Corviknight, F|100/100
|-damage|p2a: Corviknight|88/100|[from] Stealth Rock
|-ability|p2a: Corviknight|Pressure
|turn|37
|
|move|p1a: Excadrill|Rock Slide|p2a: Corviknight
|-damage|p2a: Corviknight|61/100
|move|p2a: Corviknight|Bulk Up|p2a: Corviknight
|-boost|p2a: Corviknight|atk|1
|-boost|p2a: Corviknight|def|1
|
|-heal|p2a: Corviknight|67/100|[from] item: Leftovers
|upkeep
|turn|38
|
|move|p1a: Excadrill|Rock Slide|p2a: Corviknight
|-damage|p2a: Corviknight|47/100
|cant|p2a: Corviknight|flinch
|
|-heal|p2a: Corviknight|53/100|[from] item: Leftovers
|upkeep
|turn|39
|
|move|p1a: Excadrill|Rock Slide|p2a: Corviknight
|-damage|p2a: Corviknight|28/100
|move|p2a: Corviknight|Substitute|p2a: Corviknight
|-start|p2a: Corviknight|Substitute
|-damage|p2a: Corviknight|3/100
|
|-heal|p2a: Corviknight|9/100|[from] item: Leftovers
|upkeep
|turn|40
|
|move|p1a: Excadrill|Rock Slide|p2a: Corviknight
|-activate|p2a: Corviknight|move: Substitute|[damage]
|move|p2a: Corviknight|Roost|p2a: Corviknight
|-heal|p2a: Corviknight|59/100
|-singleturn|p2a: Corviknight|move: Roost
|
|-heal|p2a: Corviknight|65/100|[from] item: Leftovers
|upkeep
|turn|41
|
|switch|p1a: Trevenant|Trevenant, F|82/100
|move|p2a: Corviknight|Bulk Up|p2a: Corviknight
|-boost|p2a: Corviknight|atk|1
|-boost|p2a: Corviknight|def|1
|
|-heal|p2a: Corviknight|71/100|[from] item: Leftovers
|upkeep
|turn|42
|
|move|p2a: Corviknight|Brave Bird|p1a: Trevenant
|-supereffective|p1a: Trevenant
|-damage|p1a: Trevenant|0 fnt
|-damage|p2a: Corviknight|46/100|[from] Recoil
|faint|p1a: Trevenant
|
|-heal|p2a: Corviknight|52/100|[from] item: Leftovers
|upkeep
|
|switch|p1a: Excadrill|Excadrill, F|100/100
|-ability|p1a: Excadrill|Mold Breaker
|turn|43
|
|move|p1a: Excadrill|Rock Slide|p2a: Corviknight
|-end|p2a: Corviknight|Substitute
|move|p2a: Corviknight|Roost|p2a: Corviknight
|-heal|p2a: Corviknight|100/100
|-singleturn|p2a: Corviknight|move: Roost
|
|upkeep
|turn|44
|
|move|p1a: Excadrill|Rock Slide|p2a: Corviknight
|-damage|p2a: Corviknight|87/100
|cant|p2a: Corviknight|flinch
|
|-heal|p2a: Corviknight|93/100|[from] item: Leftovers
|upkeep
|turn|45
|
|move|p1a: Excadrill|Rock Slide|p2a: Corviknight
|-damage|p2a: Corviknight|77/100
|move|p2a: Corviknight|Substitute|p2a: Corviknight
|-start|p2a: Corviknight|Substitute
|-damage|p2a: Corviknight|52/100
|
|-heal|p2a: Corviknight|58/100|[from] item: Leftovers
|upkeep
|turn|46
|
|move|p1a: Excadrill|Rock Slide|p2a: Corviknight
|-activate|p2a: Corviknight|move: Substitute|[damage]
|move|p2a: Corviknight|Bulk Up|p2a: Corviknight
|-boost|p2a: Corviknight|atk|1
|-boost|p2a: Corviknight|def|1
|
|-heal|p2a: Corviknight|64/100|[from] item: Leftovers
|upkeep
|turn|47
|
|move|p1a: Excadrill|Iron Head|p2a: Corviknight
|-resisted|p2a: Corviknight
|-end|p2a: Corviknight|Substitute
|move|p2a: Corviknight|Bulk Up|p2a: Corviknight
|-boost|p2a: Corviknight|atk|1
|-boost|p2a: Corviknight|def|1
|
|-heal|p2a: Corviknight|70/100|[from] item: Leftovers
|upkeep
|turn|48
|
|move|p1a: Excadrill|Iron Head|p2a: Corviknight
|-resisted|p2a: Corviknight
|-damage|p2a: Corviknight|63/100
|move|p2a: Corviknight|Substitute|p2a: Corviknight
|-start|p2a: Corviknight|Substitute
|-damage|p2a: Corviknight|38/100
|
|-heal|p2a: Corviknight|44/100|[from] item: Leftovers
|upkeep
|turn|49
|
|move|p1a: Excadrill|Iron Head|p2a: Corviknight
|-resisted|p2a: Corviknight
|-activate|p2a: Corviknight|move: Substitute|[damage]
|move|p2a: Corviknight|Roost|p2a: Corviknight
|-heal|p2a: Corviknight|94/100
|-singleturn|p2a: Corviknight|move: Roost
|
|-heal|p2a: Corviknight|99/100|[from] item: Leftovers
|upkeep
|turn|50
|
|move|p1a: Excadrill|Iron Head|p2a: Corviknight
|-resisted|p2a: Corviknight
|-activate|p2a: Corviknight|move: Substitute|[damage]
|move|p2a: Corviknight|Bulk Up|p2a: Corviknight
|-boost|p2a: Corviknight|atk|1
|-boost|p2a: Corviknight|def|1
|
|-heal|p2a: Corviknight|100/100|[from] item: Leftovers
|upkeep
|turn|51
|
|move|p1a: Excadrill|Iron Head|p2a: Corviknight
|-resisted|p2a: Corviknight
|-end|p2a: Corviknight|Substitute
|move|p2a: Corviknight|Bulk Up|p2a: Corviknight
|-boost|p2a: Corviknight|atk|1
|-boost|p2a: Corviknight|def|1
|
|upkeep
|turn|52
|
|move|p1a: Excadrill|Iron Head|p2a: Corviknight
|-resisted|p2a: Corviknight
|-crit|p2a: Corviknight
|-damage|p2a: Corviknight|47/100
|cant|p2a: Corviknight|flinch
|
|-heal|p2a: Corviknight|53/100|[from] item: Leftovers
|upkeep
|turn|53
|
|move|p1a: Excadrill|Iron Head|p2a: Corviknight
|-resisted|p2a: Corviknight
|-crit|p2a: Corviknight
|-damage|p2a: Corviknight|0 fnt
|faint|p2a: Corviknight
|
|upkeep
|c|☆JokerKing2398|That’s it kids
|c|☆JokerKing2398|the biggest turn around
|c|☆JokerKing2398|thats what I get
|
|switch|p2a: Golisopod|Golisopod, F|10/100 par
|-damage|p2a: Golisopod|0 fnt|[from] Stealth Rock
|faint|p2a: Golisopod
|
|win|BOX CRUSHER
|raw|BOX CRUSHER's rating: 1354 → 1377(+23 for winning)
|raw|JokerKing2398's rating: 1399 → 1376(-23 for losing)
|l|☆JokerKing2398
