|ScrapeTime|2020-01-01-01:34:42
|j|☆Apollo_Nk
|j|☆Strat 2005
|player|p1|Apollo_Nk|hilbert|
|player|p2|Strat 2005|42|
|teamsize|p1|6
|teamsize|p2|6
|gametype|singles
|gen|8
|tier|[Gen 8] OU
|rule|Sleep Clause Mod: Limit one foe put to sleep
|rule|Species Clause: Limit one of each Pokémon
|rule|OHKO Clause: OHKO moves are banned
|rule|Evasion Moves Clause: Evasion moves are banned
|rule|Endless Battle Clause: Forcing endless battles is banned
|rule|HP Percentage Mod: HP is shown in percentages
|clearpoke
|poke|p1|Bisharp, F|
|poke|p1|Toxtricity, M|
|poke|p1|Dragapult, M|
|poke|p1|Cinderace, M|
|poke|p1|Frosmoth, M|
|poke|p1|Rotom-Wash|
|poke|p2|Maractus, M|
|poke|p2|Torkoal, M|
|poke|p2|Cinderace, F|
|poke|p2|Gastrodon-East, F|
|poke|p2|Clefable, F|
|poke|p2|Mandibuzz, F|
|rule|Dynamax Clause: You cannot dynamax
|teampreview
|c|☆Strat 2005|i only have meme teams
|c|☆Apollo_Nk|Im a lil
|c|☆Apollo_Nk|Lag
|
|start
|switch|p1a: Dragapult|Dragapult, M|100/100
|switch|p2a: Torkoal|Torkoal, M|100/100
|-weather|SunnyDay|[from] ability: Drought|[of] p2a: Torkoal
|turn|1
|
|switch|p2a: Mandibuzz|Mandibuzz, F|100/100
|move|p1a: Dragapult|Dragon Dance|p1a: Dragapult
|-boost|p1a: Dragapult|atk|1
|-boost|p1a: Dragapult|spe|1
|
|-weather|SunnyDay|[upkeep]
|upkeep
|turn|2
|c|☆Strat 2005|why is everybody running physical rn
|
|move|p1a: Dragapult|Dragon Dance|p1a: Dragapult
|-boost|p1a: Dragapult|atk|1
|-boost|p1a: Dragapult|spe|1
|move|p2a: Mandibuzz|Foul Play|p1a: Dragapult
|-supereffective|p1a: Dragapult
|-enditem|p1a: Dragapult|Focus Sash
|-damage|p1a: Dragapult|1/100
|
|-weather|SunnyDay|[upkeep]
|upkeep
|turn|3
|
|move|p1a: Dragapult|Dragon Darts|p2a: Mandibuzz
|-damage|p2a: Mandibuzz|62/100
|-damage|p2a: Mandibuzz|19/100
|-hitcount|p2a: Mandibuzz|2
|move|p2a: Mandibuzz|U-turn|p1a: Dragapult
|-resisted|p1a: Dragapult
|-damage|p1a: Dragapult|0 fnt
|faint|p1a: Dragapult
|
|switch|p2a: Maractus|Maractus, M|100/100|[from]move: U-turn
|
|-weather|SunnyDay|[upkeep]
|upkeep
|c|☆Apollo_Nk|Haha i have advantage
|inactive|Battle timer is ON: inactive players will automatically lose when time's up. (requested by Strat 2005)
|c|☆Apollo_Nk|Dont timet
|c|☆Apollo_Nk|Tkmer
|c|☆Apollo_Nk|Timet
|c|☆Apollo_Nk|D
|c|☆Strat 2005|fine
|inactiveoff|Battle timer is now OFF.
|
|switch|p1a: Frosmoth|Frosmoth, M|100/100
|turn|4
|
|move|p2a: Maractus|Weather Ball|p1a: Frosmoth
|-supereffective|p1a: Frosmoth
|-damage|p1a: Frosmoth|0 fnt
|-damage|p2a: Maractus|91/100|[from] item: Life Orb
|faint|p1a: Frosmoth
|
|-weather|SunnyDay|[upkeep]
|upkeep
|c|☆Strat 2005|since i need to go out for breakfast soon
|c|☆Apollo_Nk|O wow
|c|☆Strat 2005|U UNDERESTIMATE MY POWER
|
|switch|p1a: Cinderace|Cinderace, M|100/100
|turn|5
|c|☆Strat 2005|THIS IS WHY I BUILD A TEAM AROUND MARACTUS
|c|☆Strat 2005|THE POWER
|c|☆Strat 2005|MMMMMMMMM
|
|switch|p2a: Mandibuzz|Mandibuzz, F|19/100
|move|p1a: Cinderace|U-turn|p2a: Mandibuzz
|-damage|p2a: Mandibuzz|2/100
|c|☆Strat 2005|what that didnt kill
|
|switch|p1a: Bisharp|Bisharp, F|100/100|[from]move: U-turn
|
|-weather|none
|upkeep
|turn|6
|
|move|p2a: Mandibuzz|Roost|p2a: Mandibuzz
|-heal|p2a: Mandibuzz|52/100
|-singleturn|p2a: Mandibuzz|move: Roost
|move|p1a: Bisharp|Swords Dance|p1a: Bisharp
|-boost|p1a: Bisharp|atk|2
|
|upkeep
|turn|7
|
|move|p2a: Mandibuzz|Foul Play|p1a: Bisharp
|-resisted|p1a: Bisharp
|-damage|p1a: Bisharp|42/100
|move|p1a: Bisharp|Iron Head|p2a: Mandibuzz
|-damage|p2a: Mandibuzz|0 fnt
|faint|p2a: Mandibuzz
|
|upkeep
|
|switch|p2a: Torkoal|Torkoal, M|100/100
|-weather|SunnyDay|[from] ability: Drought|[of] p2a: Torkoal
|turn|8
|c|☆Apollo_Nk|I resist
|c|☆Apollo_Nk|X4
|c|☆Strat 2005|!dt toxtricity
|raw|OU  Toxtricity  Punk RockPlusTechnicianHP75 Atk98 Def70 SpA114 SpD70 Spe75 BST502 
|raw|Dex#: 849 |&ThickSpaceGen: 8 |&ThickSpaceHeight: 1.6 m |&ThickSpaceWeight: 40 kg (60 BP) |&ThickSpaceDex Colour: Purple |&ThickSpaceEgg Group(s): Human-Like |&ThickSpaceDoes Not Evolve

|c|☆Strat 2005|i know u resist
|c|☆Strat 2005|but foul play still does a chunk
|
|move|p1a: Bisharp|Throat Chop|p2a: Torkoal
|-damage|p2a: Torkoal|26/100
|-start|p2a: Torkoal|Throat Chop|[silent]
|move|p2a: Torkoal|Lava Plume|p1a: Bisharp
|-supereffective|p1a: Bisharp
|-crit|p1a: Bisharp
|-damage|p1a: Bisharp|0 fnt
|faint|p1a: Bisharp
|
|-weather|SunnyDay|[upkeep]
|-heal|p2a: Torkoal|32/100|[from] item: Leftovers
|upkeep
|
|switch|p1a: Toxtricity|Toxtricity, M|100/100
|turn|9
|
|switch|p2a: Gastrodon|Gastrodon-East, F|100/100
|move|p1a: Toxtricity|Sludge Wave|p2a: Gastrodon
|-resisted|p2a: Gastrodon
|-damage|p2a: Gastrodon|80/100
|
|-weather|SunnyDay|[upkeep]
|-heal|p2a: Gastrodon|86/100|[from] item: Leftovers
|upkeep
|turn|10
|c|☆Apollo_Nk|hm
|
|switch|p1a: Rotom|Rotom-Wash, shiny|100/100
|switch|p2a: Maractus|Maractus, M|91/100
|
|-weather|SunnyDay|[upkeep]
|upkeep
|turn|11
|c|☆Apollo_Nk|Thats the dracovish fuck you
|
|move|p2a: Maractus|Leaf Storm|p1a: Rotom
|-supereffective|p1a: Rotom
|-damage|p1a: Rotom|0 fnt
|-unboost|p2a: Maractus|spa|2
|-damage|p2a: Maractus|81/100|[from] item: Life Orb
|faint|p1a: Rotom
|
|-weather|SunnyDay|[upkeep]
|upkeep
|c|☆Apollo_Nk|Oh!
|c|☆Apollo_Nk|Scarf
|c|☆Strat 2005|my dracovish fuck u is gastrodon
|c|☆Strat 2005|no
|c|☆Apollo_Nk|Yeah
|c|☆Strat 2005|life orb
|c|☆Apollo_Nk|Thatd whT i dId
|c|☆Strat 2005|u dumbass
|c|☆Apollo_Nk|Tight
|c|☆Apollo_Nk|Its
|c|☆Apollo_Nk|4 degree
|c|☆Strat 2005|im life orb and chlorophyll
|c|☆Apollo_Nk|Hand
|c|☆Strat 2005|????
|c|☆Apollo_Nk|Freeze
|c|☆Strat 2005|are u having a stroke
|c|☆Apollo_Nk|Help
|c|☆Strat 2005|lol
|
|switch|p1a: Toxtricity|Toxtricity, M|100/100
|turn|12
|c|☆Strat 2005|get inside ur house ffs if its freezing outside
|
|switch|p2a: Clefable|Clefable, F|100/100
|move|p1a: Toxtricity|Boomburst|p2a: Clefable
|-damage|p2a: Clefable|43/100
|-enditem|p1a: Toxtricity|Throat Spray
|-boost|p1a: Toxtricity|spa|1
|
|-weather|none
|upkeep
|turn|13
|c|☆Strat 2005|clef is useless
|c|☆Strat 2005|oh throat spray
|
|move|p1a: Toxtricity|Boomburst|p2a: Clefable
|-damage|p2a: Clefable|0 fnt
|faint|p2a: Clefable
|
|upkeep
|
|switch|p2a: Torkoal|Torkoal, M|32/100
|-weather|SunnyDay|[from] ability: Drought|[of] p2a: Torkoal
|turn|14
|c|☆Apollo_Nk|A crobatic s
|
|move|p1a: Toxtricity|Boomburst|p2a: Torkoal
|-damage|p2a: Torkoal|0 fnt
|faint|p2a: Torkoal
|
|-weather|SunnyDay|[upkeep]
|upkeep
|
|switch|p2a: Maractus|Maractus, M|81/100
|turn|15
|c|☆Strat 2005|!dt toxtricity
|raw|OU  Toxtricity  Punk RockPlusTechnicianHP75 Atk98 Def70 SpA114 SpD70 Spe75 BST502 
|raw|Dex#: 849 |&ThickSpaceGen: 8 |&ThickSpaceHeight: 1.6 m |&ThickSpaceWeight: 40 kg (60 BP) |&ThickSpaceDex Colour: Purple |&ThickSpaceEgg Group(s): Human-Like |&ThickSpaceDoes Not Evolve

|
|move|p2a: Maractus|Weather Ball|p1a: Toxtricity
|-damage|p1a: Toxtricity|17/100
|-damage|p2a: Maractus|71/100|[from] item: Life Orb
|move|p1a: Toxtricity|Sludge Wave|p2a: Maractus
|-supereffective|p2a: Maractus
|-damage|p2a: Maractus|0 fnt
|faint|p2a: Maractus
|
|-weather|SunnyDay|[upkeep]
|upkeep
|c|☆Strat 2005|pls kill
|c|☆Strat 2005|fuck
|
|switch|p2a: Cinderace|Cinderace, F|100/100
|turn|16
|
|move|p2a: Cinderace|Pyro Ball|p1a: Toxtricity
|-damage|p1a: Toxtricity|0 fnt
|faint|p1a: Toxtricity
|
|-weather|SunnyDay|[upkeep]
|upkeep
|
|switch|p1a: Cinderace|Cinderace, M|100/100
|turn|17
|c|☆Strat 2005|ayee feel the power of the cactus
|
|switch|p2a: Gastrodon|Gastrodon-East, F|86/100
|move|p1a: Cinderace|High Jump Kick|p2a: Gastrodon
|-damage|p2a: Gastrodon|54/100
|
|-weather|SunnyDay|[upkeep]
|-heal|p2a: Gastrodon|60/100|[from] item: Leftovers
|upkeep
|turn|18
|c|☆Apollo_Nk|Strknk
|c|☆Strat 2005|the almighty cactus
|
|move|p1a: Cinderace|High Jump Kick|p2a: Gastrodon|[miss]
|-miss|p1a: Cinderace|p2a: Gastrodon
|-damage|p1a: Cinderace|51/100|[from] highjumpkick
|move|p2a: Gastrodon|Recover|p2a: Gastrodon
|-heal|p2a: Gastrodon|100/100
|
|-weather|none
|upkeep
|turn|19
|c|☆Strat 2005|bow down to maractus
|c|☆Strat 2005|HHAHHAHAHAAAHAHAHH
|c|☆Apollo_Nk|Ah yes
|
|move|p1a: Cinderace|High Jump Kick|p2a: Gastrodon
|-damage|p2a: Gastrodon|67/100
|move|p2a: Gastrodon|Curse|p2a: Gastrodon
|-unboost|p2a: Gastrodon|spe|1
|-boost|p2a: Gastrodon|atk|1
|-boost|p2a: Gastrodon|def|1
|
|-heal|p2a: Gastrodon|73/100|[from] item: Leftovers
|upkeep
|turn|20
|c|☆Apollo_Nk|Ok lets
|c|☆Strat 2005|curse gastro is my hidden weapon
|c|☆Apollo_Nk|Go afajn
|c|☆Apollo_Nk|Ahain
|c|☆Apollo_Nk|Gain
|c|☆Strat 2005|cant
|-message|Apollo_Nk forfeited.
|
|win|Strat 2005
|l|☆Apollo_Nk
|c|☆Strat 2005|me go breakfast
|c|☆Strat 2005|gg
