|ScrapeTime|2020-01-01-00:55:31
|j|☆SynD OPZombie
|j|☆Vudu
|player|p1|SynD OPZombie|brawly|
|player|p2|Vudu|51|
|teamsize|p1|6
|teamsize|p2|6
|gametype|singles
|gen|8
|tier|[Gen 8] OU
|rule|Sleep Clause Mod: Limit one foe put to sleep
|rule|Species Clause: Limit one of each Pokémon
|rule|OHKO Clause: OHKO moves are banned
|rule|Evasion Moves Clause: Evasion moves are banned
|rule|Endless Battle Clause: Forcing endless battles is banned
|rule|HP Percentage Mod: HP is shown in percentages
|clearpoke
|poke|p1|Toxtricity, F|
|poke|p1|Accelgor, M|
|poke|p1|Polteageist|
|poke|p1|Dugtrio, F|
|poke|p1|Mew|
|poke|p1|Ditto|
|poke|p2|Mandibuzz, F|
|poke|p2|Jellicent, M|
|poke|p2|Mimikyu, F|
|poke|p2|Aegislash, M|
|poke|p2|Whimsicott, M|
|poke|p2|Kommo-o, M|
|rule|Dynamax Clause: You cannot dynamax
|teampreview
|c|☆SynD OPZombie|gl
|
|start
|switch|p1a: Accelgor|Accelgor, M, shiny|100/100
|switch|p2a: Felix Ventus|Whimsicott, M|100/100
|turn|1
|
|move|p2a: Felix Ventus|Substitute|p2a: Felix Ventus
|-start|p2a: Felix Ventus|Substitute
|-damage|p2a: Felix Ventus|76/100
|move|p1a: Accelgor|Toxic Spikes|p2a: Felix Ventus
|-sidestart|p2: Vudu|move: Toxic Spikes
|
|-heal|p2a: Felix Ventus|82/100|[from] item: Leftovers
|upkeep
|turn|2
|
|move|p2a: Felix Ventus|Leech Seed|p1a: Accelgor
|-start|p1a: Accelgor|move: Leech Seed
|move|p1a: Accelgor|Encore|p2a: Felix Ventus
|-start|p2a: Felix Ventus|Encore
|
|-heal|p2a: Felix Ventus|88/100|[from] item: Leftovers
|-damage|p1a: Accelgor|88/100|[from] Leech Seed|[of] p2a: Felix Ventus
|-heal|p2a: Felix Ventus|100/100|[silent]
|upkeep
|turn|3
|
|move|p2a: Felix Ventus|Leech Seed|p1a: Accelgor|[miss]
|-miss|p2a: Felix Ventus|p1a: Accelgor
|move|p1a: Accelgor|U-turn|p2a: Felix Ventus
|-activate|p2a: Felix Ventus|move: Substitute|[damage]
|
|switch|p1a: Toxtricity|Toxtricity, F|100/100|[from]move: U-turn
|
|upkeep
|turn|4
|
|move|p2a: Felix Ventus|Leech Seed|p1a: Toxtricity
|-start|p1a: Toxtricity|move: Leech Seed
|move|p1a: Toxtricity|Boomburst|p2a: Felix Ventus
|-damage|p2a: Felix Ventus|22/100
|
|-heal|p2a: Felix Ventus|28/100|[from] item: Leftovers
|-damage|p1a: Toxtricity|88/100|[from] Leech Seed|[of] p2a: Felix Ventus
|-heal|p2a: Felix Ventus|40/100|[silent]
|upkeep
|turn|5
|
|switch|p2a: Regina Tribus|Mandibuzz, F|100/100
|move|p1a: Toxtricity|Boomburst|p2a: Regina Tribus
|-damage|p2a: Regina Tribus|66/100
|
|-damage|p1a: Toxtricity|76/100|[from] Leech Seed|[of] p2a: Regina Tribus
|-heal|p2a: Regina Tribus|75/100|[silent]
|upkeep
|turn|6
|
|switch|p1a: Accelgor|Accelgor, M, shiny|88/100
|move|p2a: Regina Tribus|Knock Off|p1a: Accelgor
|-damage|p1a: Accelgor|42/100
|-activate|p1a: Accelgor|ability: Sticky Hold
|
|upkeep
|turn|7
|
|move|p1a: Accelgor|Toxic Spikes|p2a: Regina Tribus
|-sidestart|p2: Vudu|move: Toxic Spikes
|move|p2a: Regina Tribus|Knock Off|p1a: Accelgor
|-damage|p1a: Accelgor|0 fnt
|-enditem|p1a: Accelgor|Mago Berry|[from] move: Knock Off|[of] p2a: Regina Tribus
|faint|p1a: Accelgor
|
|upkeep
|
|switch|p1a: Toxtricity|Toxtricity, F|76/100
|turn|8
|
|move|p1a: Toxtricity|Volt Switch|p2a: Regina Tribus
|-supereffective|p2a: Regina Tribus
|-damage|p2a: Regina Tribus|35/100
|c|☆SynD OPZombie|your elec coverage?
|c|☆Vudu|Tbh i don’t have one
|c|☆SynD OPZombie|elec ice ghost has a SE on your entire team
|
|switch|p1a: Mew|Mew|100/100|[from]move: Volt Switch
|move|p2a: Regina Tribus|Defog|p1a: Mew
|-unboost|p1a: Mew|evasion|1
|-sideend|p2: Vudu|Toxic Spikes|[from] move: Defog|[of] p2a: Regina Tribus
|
|upkeep
|turn|9
|c|☆Vudu|Yeah no i know it’s not *flawless* but i’m tryna just y’know
|
|move|p1a: Mew|Stealth Rock|p2a: Regina Tribus
|-sidestart|p2: Vudu|move: Stealth Rock
|move|p2a: Regina Tribus|Roost|p2a: Regina Tribus
|-heal|p2a: Regina Tribus|85/100
|-singleturn|p2a: Regina Tribus|move: Roost
|
|upkeep
|turn|10
|
|move|p1a: Mew|U-turn|p2a: Regina Tribus
|-damage|p2a: Regina Tribus|73/100
|
|switch|p1a: Toxtricity|Toxtricity, F|76/100|[from]move: U-turn
|move|p2a: Regina Tribus|Knock Off|p1a: Toxtricity
|-damage|p1a: Toxtricity|40/100
|-enditem|p1a: Toxtricity|Choice Scarf|[from] move: Knock Off|[of] p2a: Regina Tribus
|
|upkeep
|turn|11
|
|move|p1a: Toxtricity|Overdrive|p2a: Regina Tribus
|-supereffective|p2a: Regina Tribus
|-damage|p2a: Regina Tribus|9/100
|move|p2a: Regina Tribus|Roost|p2a: Regina Tribus
|-heal|p2a: Regina Tribus|59/100
|-singleturn|p2a: Regina Tribus|move: Roost
|
|upkeep
|turn|12
|
|switch|p2a: Agnaktor|Kommo-o, M|100/100
|-damage|p2a: Agnaktor|94/100|[from] Stealth Rock
|move|p1a: Toxtricity|Overdrive|p2a: Agnaktor
|-resisted|p2a: Agnaktor
|-damage|p2a: Agnaktor|71/100
|
|-heal|p2a: Agnaktor|77/100|[from] item: Leftovers
|upkeep
|turn|13
|
|switch|p1a: Mew|Mew|100/100
|move|p2a: Agnaktor|Clangorous Soul|p2a: Agnaktor
|-boost|p2a: Agnaktor|atk|1
|-boost|p2a: Agnaktor|def|1
|-boost|p2a: Agnaktor|spa|1
|-boost|p2a: Agnaktor|spd|1
|-boost|p2a: Agnaktor|spe|1
|-damage|p2a: Agnaktor|43/100
|
|-heal|p2a: Agnaktor|50/100|[from] item: Leftovers
|upkeep
|turn|14
|
|move|p2a: Agnaktor|Shadow Claw|p1a: Mew
|-supereffective|p1a: Mew
|-crit|p1a: Mew
|-damage|p1a: Mew|2/100
|move|p1a: Mew|Toxic Spikes|p2a: Agnaktor
|-sidestart|p2: Vudu|move: Toxic Spikes
|
|-heal|p2a: Agnaktor|56/100|[from] item: Leftovers
|-heal|p1a: Mew|9/100|[from] item: Leftovers
|upkeep
|turn|15
|
|move|p2a: Agnaktor|Drain Punch|p1a: Mew
|-resisted|p1a: Mew
|-damage|p1a: Mew|0 fnt
|-heal|p2a: Agnaktor|61/100|[from] drain|[of] p1a: Mew
|faint|p1a: Mew
|
|-heal|p2a: Agnaktor|67/100|[from] item: Leftovers
|upkeep
|
|switch|p1a: Ditto|Ditto|100/100
|-transform|p1a: Ditto|p2a: Agnaktor|[from] ability: Imposter
|turn|16
|
|move|p1a: Ditto|Shadow Claw|p2a: Agnaktor
|-damage|p2a: Agnaktor|47/100
|move|p2a: Agnaktor|Shadow Claw|p1a: Ditto
|-damage|p1a: Ditto|77/100
|
|-heal|p2a: Agnaktor|53/100|[from] item: Leftovers
|upkeep
|turn|17
|
|move|p1a: Ditto|Shadow Claw|p2a: Agnaktor
|-damage|p2a: Agnaktor|35/100
|move|p2a: Agnaktor|Drain Punch|p1a: Ditto
|-damage|p1a: Ditto|44/100
|-heal|p2a: Agnaktor|49/100|[from] drain|[of] p1a: Ditto
|
|-heal|p2a: Agnaktor|55/100|[from] item: Leftovers
|upkeep
|turn|18
|
|switch|p1a: Toxtricity|Toxtricity, F|40/100
|move|p2a: Agnaktor|Clangorous Soul|p2a: Agnaktor
|-boost|p2a: Agnaktor|atk|1
|-boost|p2a: Agnaktor|def|1
|-boost|p2a: Agnaktor|spa|1
|-boost|p2a: Agnaktor|spd|1
|-boost|p2a: Agnaktor|spe|1
|-damage|p2a: Agnaktor|22/100
|
|-heal|p2a: Agnaktor|28/100|[from] item: Leftovers
|upkeep
|turn|19
|
|move|p2a: Agnaktor|Drain Punch|p1a: Toxtricity
|-resisted|p1a: Toxtricity
|-damage|p1a: Toxtricity|0 fnt
|-heal|p2a: Agnaktor|44/100|[from] drain|[of] p1a: Toxtricity
|faint|p1a: Toxtricity
|
|-heal|p2a: Agnaktor|50/100|[from] item: Leftovers
|upkeep
|
|switch|p1a: Ditto|Ditto|44/100
|-transform|p1a: Ditto|p2a: Agnaktor|[from] ability: Imposter
|turn|20
|c|☆Vudu|This is why i love kommo-o
|
|move|p1a: Ditto|Drain Punch|p2a: Agnaktor
|-damage|p2a: Agnaktor|19/100
|-heal|p1a: Ditto|62/100|[from] drain|[of] p2a: Agnaktor
|move|p2a: Agnaktor|Shadow Claw|p1a: Ditto
|-damage|p1a: Ditto|39/100
|
|-heal|p2a: Agnaktor|25/100|[from] item: Leftovers
|upkeep
|turn|21
|c|☆Vudu|Also why i HATE ditto
|c|☆SynD OPZombie|lol
|
|switch|p2a: Spiritus Nauta|Jellicent, M|100/100
|-status|p2a: Spiritus Nauta|psn
|-damage|p2a: Spiritus Nauta|88/100 psn|[from] Stealth Rock
|move|p1a: Ditto|Drain Punch|p2a: Spiritus Nauta
|-immune|p2a: Spiritus Nauta
|
|-heal|p2a: Spiritus Nauta|94/100 psn|[from] item: Leftovers
|-damage|p2a: Spiritus Nauta|82/100 psn|[from] psn
|upkeep
|turn|22
|l|☆SynD OPZombie
|player|p1|
|c|☆Vudu|Shid forgot the toxic spikes
|j|☆SynD OPZombie
|player|p1|SynD OPZombie|brawly
|
|switch|p1a: Dugtrio|Dugtrio, F|100/100
|-item|p1a: Dugtrio|Air Balloon
|move|p2a: Spiritus Nauta|Scald|p1a: Dugtrio
|-supereffective|p1a: Dugtrio
|-damage|p1a: Dugtrio|0 fnt
|-enditem|p1a: Dugtrio|Air Balloon
|faint|p1a: Dugtrio
|
|-heal|p2a: Spiritus Nauta|88/100 psn|[from] item: Leftovers
|-damage|p2a: Spiritus Nauta|76/100 psn|[from] psn
|upkeep
|
|switch|p1a: Ditto|Ditto|39/100
|-transform|p1a: Ditto|p2a: Spiritus Nauta|[from] ability: Imposter
|turn|23
|c|☆SynD OPZombie|ohhh
|c|☆SynD OPZombie|mwahaha
|
|move|p1a: Ditto|Hex|p2a: Spiritus Nauta
|-supereffective|p2a: Spiritus Nauta
|-damage|p2a: Spiritus Nauta|7/100 psn
|move|p2a: Spiritus Nauta|Hex|p1a: Ditto
|-supereffective|p1a: Ditto
|-damage|p1a: Ditto|0 fnt
|faint|p1a: Ditto
|
|-heal|p2a: Spiritus Nauta|14/100 psn|[from] item: Leftovers
|-damage|p2a: Spiritus Nauta|1/100 psn|[from] psn
|upkeep
|
|switch|p1a: Polteageist|Polteageist|100/100
|turn|24
|c|☆Vudu|gg
|c|☆Vudu|i like your team
|
|switch|p2a: Regina Tribus|Mandibuzz, F|59/100
|move|p1a: Polteageist|Shell Smash|p1a: Polteageist
|-unboost|p1a: Polteageist|def|1
|-unboost|p1a: Polteageist|spd|1
|-boost|p1a: Polteageist|atk|2
|-boost|p1a: Polteageist|spa|2
|-boost|p1a: Polteageist|spe|2
|
|upkeep
|turn|25
|
|move|p1a: Polteageist|Shell Smash|p1a: Polteageist
|-unboost|p1a: Polteageist|def|1
|-unboost|p1a: Polteageist|spd|1
|-boost|p1a: Polteageist|atk|2
|-boost|p1a: Polteageist|spa|2
|-boost|p1a: Polteageist|spe|2
|move|p2a: Regina Tribus|Defog|p1a: Polteageist
|-unboost|p1a: Polteageist|evasion|1
|-sideend|p2: Vudu|Toxic Spikes|[from] move: Defog|[of] p2a: Regina Tribus
|-sideend|p2: Vudu|Stealth Rock|[from] move: Defog|[of] p2a: Regina Tribus
|
|upkeep
|turn|26
|
|move|p1a: Polteageist|Hex|p2a: Regina Tribus
|-resisted|p2a: Regina Tribus
|-damage|p2a: Regina Tribus|27/100
|move|p2a: Regina Tribus|Knock Off|p1a: Polteageist
|-supereffective|p1a: Polteageist
|-enditem|p1a: Polteageist|Focus Sash
|-damage|p1a: Polteageist|1/100
|-ability|p1a: Polteageist|Weak Armor|boost
|-unboost|p1a: Polteageist|def|1
|-boost|p1a: Polteageist|spe|2
|
|upkeep
|turn|27
|
|move|p1a: Polteageist|Hex|p2a: Regina Tribus
|-resisted|p2a: Regina Tribus
|-damage|p2a: Regina Tribus|0 fnt
|faint|p2a: Regina Tribus
|
|upkeep
|
|switch|p2a: Aika|Mimikyu, F|100/100
|turn|28
|
|move|p2a: Aika|Shadow Sneak|p1a: Polteageist
|-supereffective|p1a: Polteageist
|-damage|p1a: Polteageist|0 fnt
|faint|p1a: Polteageist
|
|win|Vudu
|c|☆SynD OPZombie|gg
|l|☆SynD OPZombie
|c|☆Vudu|gg
