|ScrapeTime|2020-01-01-02:28:44
|j|☆Globeband
|j|☆rocky chompy
|player|p1|Globeband|giovanni|1171
|player|p2|rocky chompy|169|1125
|teamsize|p1|6
|teamsize|p2|6
|gametype|singles
|gen|8
|tier|[Gen 8] OU
|rated|
|rule|Sleep Clause Mod: Limit one foe put to sleep
|rule|Species Clause: Limit one of each Pokémon
|rule|OHKO Clause: OHKO moves are banned
|rule|Evasion Moves Clause: Evasion moves are banned
|rule|Endless Battle Clause: Forcing endless battles is banned
|rule|HP Percentage Mod: HP is shown in percentages
|clearpoke
|poke|p1|Corsola-Galar, F|
|poke|p1|Ferrothorn, M|
|poke|p1|Toxapex, M|
|poke|p1|Mandibuzz, F|
|poke|p1|Gastrodon, F|
|poke|p1|Umbreon, M|
|poke|p2|Grimmsnarl, M|
|poke|p2|Dragapult, F|
|poke|p2|Corviknight, M|
|poke|p2|Cinderace, F|
|poke|p2|Corsola-Galar, M|
|poke|p2|Polteageist|
|rule|Dynamax Clause: You cannot dynamax
|teampreview
|inactive|Battle timer is ON: inactive players will automatically lose when time's up. (requested by Globeband)
|
|start
|switch|p1a: Umbreon|Umbreon, M|100/100
|switch|p2a: Dragapult|Dragapult, F|100/100
|turn|1
|
|switch|p2a: Corviknight|Corviknight, M|100/100
|-ability|p2a: Corviknight|Pressure
|move|p1a: Umbreon|Foul Play|p2a: Corviknight
|-damage|p2a: Corviknight|75/100
|
|-heal|p2a: Corviknight|81/100|[from] item: Leftovers
|upkeep
|turn|2
|
|move|p2a: Corviknight|Bulk Up|p2a: Corviknight
|-boost|p2a: Corviknight|atk|1
|-boost|p2a: Corviknight|def|1
|move|p1a: Umbreon|Taunt|p2a: Corviknight
|-start|p2a: Corviknight|move: Taunt
|
|-heal|p2a: Corviknight|87/100|[from] item: Leftovers
|upkeep
|turn|3
|inactive|rocky chompy has 120 seconds left.
|inactive|rocky chompy has 90 seconds left.
|
|move|p2a: Corviknight|Brave Bird|p1a: Umbreon
|-damage|p1a: Umbreon|56/100
|-damage|p2a: Corviknight|74/100|[from] Recoil
|move|p1a: Umbreon|Foul Play|p2a: Corviknight
|-damage|p2a: Corviknight|52/100
|
|-heal|p2a: Corviknight|58/100|[from] item: Leftovers
|-heal|p1a: Umbreon|63/100|[from] item: Leftovers
|upkeep
|turn|4
|inactive|rocky chompy has 60 seconds left.
|
|switch|p2a: Grimmsnarl|Grimmsnarl, M|100/100
|-item|p1a: Umbreon|Leftovers|[from] ability: Frisk|[of] p2a: Grimmsnarl|[identify]
|move|p1a: Umbreon|Moonlight|p1a: Umbreon
|-heal|p1a: Umbreon|100/100
|
|upkeep
|turn|5
|inactive|rocky chompy has 30 seconds left.
|inactive|rocky chompy has 20 seconds left.
|inactive|rocky chompy has 15 seconds left.
|inactive|rocky chompy has 10 seconds left.
|
|switch|p1a: Ferrothorn|Ferrothorn, M|100/100
|switch|p2a: Dragapult|Dragapult, F|100/100
|
|upkeep
|turn|6
|inactive|rocky chompy has 20 seconds left this turn.
|inactive|rocky chompy has 15 seconds left.
|
|move|p2a: Dragapult|Flamethrower|p1a: Ferrothorn
|-supereffective|p1a: Ferrothorn
|-damage|p1a: Ferrothorn|0 fnt
|faint|p1a: Ferrothorn
|
|upkeep
|inactive|rocky chompy has 20 seconds left this turn.
|
|switch|p1a: Toxapex|Toxapex, M|100/100
|turn|7
|inactive|rocky chompy has 30 seconds left this turn.
|inactive|rocky chompy has 20 seconds left.
|inactive|rocky chompy has 15 seconds left.
|
|switch|p2a: Corviknight|Corviknight, M|58/100
|-ability|p2a: Corviknight|Pressure
|move|p1a: Toxapex|Toxic|p2a: Corviknight
|-immune|p2a: Corviknight
|
|-heal|p2a: Corviknight|64/100|[from] item: Leftovers
|upkeep
|turn|8
|inactive|rocky chompy has 25 seconds left this turn.
|inactive|rocky chompy has 20 seconds left.
|inactive|rocky chompy has 15 seconds left.
|inactive|rocky chompy has 10 seconds left.
|inactive|rocky chompy has 5 seconds left.
|
|move|p2a: Corviknight|Roost|p2a: Corviknight
|-heal|p2a: Corviknight|100/100
|-singleturn|p2a: Corviknight|move: Roost
|move|p1a: Toxapex|Scald|p2a: Corviknight
|-damage|p2a: Corviknight|85/100
|
|-heal|p2a: Corviknight|92/100|[from] item: Leftovers
|upkeep
|turn|9
|inactive|rocky chompy has 15 seconds left this turn.
|inactive|rocky chompy has 10 seconds left.
|inactive|rocky chompy has 5 seconds left.
|
|move|p2a: Corviknight|Brave Bird|p1a: Toxapex
|-damage|p1a: Toxapex|73/100
|-damage|p2a: Corviknight|85/100|[from] Recoil
|move|p1a: Toxapex|Scald|p2a: Corviknight
|-damage|p2a: Corviknight|67/100
|
|-heal|p2a: Corviknight|73/100|[from] item: Leftovers
|-heal|p1a: Toxapex|79/100|[from] item: Black Sludge
|upkeep
|turn|10
|inactive|rocky chompy has 15 seconds left this turn.
|inactive|rocky chompy has 10 seconds left.
|inactive|rocky chompy has 5 seconds left.
|
|switch|p2a: Dragapult|Dragapult, F|100/100
|move|p1a: Toxapex|Scald|p2a: Dragapult
|-resisted|p2a: Dragapult
|-damage|p2a: Dragapult|88/100
|-status|p2a: Dragapult|brn
|
|-heal|p1a: Toxapex|85/100|[from] item: Black Sludge
|-damage|p2a: Dragapult|82/100 brn|[from] brn
|upkeep
|turn|11
|inactive|rocky chompy has 15 seconds left this turn.
|inactive|rocky chompy has 10 seconds left.
|
|move|p2a: Dragapult|Draco Meteor|p1a: Toxapex
|-damage|p1a: Toxapex|30/100
|-unboost|p2a: Dragapult|spa|2
|move|p1a: Toxapex|Recover|p1a: Toxapex
|-heal|p1a: Toxapex|80/100
|
|-heal|p1a: Toxapex|86/100|[from] item: Black Sludge
|-damage|p2a: Dragapult|76/100 brn|[from] brn
|upkeep
|turn|12
|inactive|rocky chompy has 20 seconds left this turn.
|inactive|rocky chompy has 15 seconds left.
|inactive|rocky chompy has 10 seconds left.
|inactive|rocky chompy has 5 seconds left.
|
|switch|p2a: Corviknight|Corviknight, M|73/100
|-ability|p2a: Corviknight|Pressure
|move|p1a: Toxapex|Toxic|p2a: Corviknight
|-immune|p2a: Corviknight
|
|-heal|p2a: Corviknight|80/100|[from] item: Leftovers
|-heal|p1a: Toxapex|92/100|[from] item: Black Sludge
|upkeep
|turn|13
|inactive|rocky chompy has 15 seconds left this turn.
|inactive|rocky chompy has 10 seconds left.
|inactive|rocky chompy has 5 seconds left.
|
|switch|p1a: Corsola|Corsola-Galar, F|100/100
|move|p2a: Corviknight|Substitute|p2a: Corviknight
|-start|p2a: Corviknight|Substitute
|-damage|p2a: Corviknight|55/100
|
|-heal|p2a: Corviknight|61/100|[from] item: Leftovers
|upkeep
|turn|14
|inactive|rocky chompy has 15 seconds left this turn.
|inactive|rocky chompy has 10 seconds left.
|inactive|rocky chompy has 5 seconds left.
|
|move|p2a: Corviknight|Bulk Up|p2a: Corviknight
|-boost|p2a: Corviknight|atk|1
|-boost|p2a: Corviknight|def|1
|move|p1a: Corsola|Hex|p2a: Corviknight
|-activate|p2a: Corviknight|move: Substitute|[damage]
|
|-heal|p2a: Corviknight|67/100|[from] item: Leftovers
|upkeep
|turn|15
|inactive|rocky chompy has 15 seconds left this turn.
|inactive|rocky chompy has 10 seconds left.
|
|switch|p1a: Gastrodon|Gastrodon, F|100/100
|move|p2a: Corviknight|Bulk Up|p2a: Corviknight
|-boost|p2a: Corviknight|atk|1
|-boost|p2a: Corviknight|def|1
|
|-heal|p2a: Corviknight|73/100|[from] item: Leftovers
|upkeep
|turn|16
|inactive|rocky chompy has 20 seconds left this turn.
|inactive|rocky chompy has 15 seconds left.
|
|move|p2a: Corviknight|Brave Bird|p1a: Gastrodon
|-damage|p1a: Gastrodon|42/100
|-damage|p2a: Corviknight|53/100|[from] Recoil
|move|p1a: Gastrodon|Scald|p2a: Corviknight
|-end|p2a: Corviknight|Substitute
|
|-heal|p2a: Corviknight|59/100|[from] item: Leftovers
|upkeep
|turn|17
|inactive|rocky chompy has 25 seconds left this turn.
|inactive|rocky chompy has 20 seconds left.
|
|move|p2a: Corviknight|Brave Bird|p1a: Gastrodon
|-damage|p1a: Gastrodon|0 fnt
|-damage|p2a: Corviknight|45/100|[from] Recoil
|faint|p1a: Gastrodon
|
|-heal|p2a: Corviknight|51/100|[from] item: Leftovers
|upkeep
|inactive|rocky chompy has 25 seconds left this turn.
|
|switch|p1a: Toxapex|Toxapex, M|100/100
|turn|18
|inactive|rocky chompy has 30 seconds left.
|
|move|p2a: Corviknight|Substitute|p2a: Corviknight
|-start|p2a: Corviknight|Substitute
|-damage|p2a: Corviknight|26/100
|move|p1a: Toxapex|Scald|p2a: Corviknight
|-activate|p2a: Corviknight|move: Substitute|[damage]
|
|-heal|p2a: Corviknight|32/100|[from] item: Leftovers
|upkeep
|turn|19
|
|move|p2a: Corviknight|Roost|p2a: Corviknight
|-heal|p2a: Corviknight|82/100
|-singleturn|p2a: Corviknight|move: Roost
|move|p1a: Toxapex|Scald|p2a: Corviknight
|-end|p2a: Corviknight|Substitute
|
|-heal|p2a: Corviknight|88/100|[from] item: Leftovers
|upkeep
|turn|20
|
|move|p2a: Corviknight|Substitute|p2a: Corviknight
|-start|p2a: Corviknight|Substitute
|-damage|p2a: Corviknight|63/100
|move|p1a: Toxapex|Scald|p2a: Corviknight
|-activate|p2a: Corviknight|move: Substitute|[damage]
|
|-heal|p2a: Corviknight|70/100|[from] item: Leftovers
|upkeep
|turn|21
|
|move|p2a: Corviknight|Bulk Up|p2a: Corviknight
|-boost|p2a: Corviknight|atk|1
|-boost|p2a: Corviknight|def|1
|move|p1a: Toxapex|Scald|p2a: Corviknight
|-end|p2a: Corviknight|Substitute
|
|-heal|p2a: Corviknight|76/100|[from] item: Leftovers
|upkeep
|turn|22
|
|move|p2a: Corviknight|Substitute|p2a: Corviknight
|-start|p2a: Corviknight|Substitute
|-damage|p2a: Corviknight|51/100
|move|p1a: Toxapex|Scald|p2a: Corviknight
|-activate|p2a: Corviknight|move: Substitute|[damage]
|
|-heal|p2a: Corviknight|57/100|[from] item: Leftovers
|upkeep
|turn|23
|-message|Globeband forfeited.
|
|win|rocky chompy
|l|☆Globeband
|raw|Globeband's rating: 1171 → 1142(-29 for losing)
|raw|rocky chompy's rating: 1125 → 1153(+28 for winning)
