|ScrapeTime|2020-01-01-01:14:57
|j|☆MOSK4
|j|☆MikeAy978
|player|p1|MOSK4|cynthia|1255
|player|p2|MikeAy978|swimmerf|1212
|teamsize|p1|6
|teamsize|p2|6
|gametype|singles
|gen|8
|tier|[Gen 8] OU
|rated|
|rule|Sleep Clause Mod: Limit one foe put to sleep
|rule|Species Clause: Limit one of each Pokémon
|rule|OHKO Clause: OHKO moves are banned
|rule|Evasion Moves Clause: Evasion moves are banned
|rule|Endless Battle Clause: Forcing endless battles is banned
|rule|HP Percentage Mod: HP is shown in percentages
|clearpoke
|poke|p1|Rotom-Wash|
|poke|p1|Sylveon, M|
|poke|p1|Toxapex, F|
|poke|p1|Corviknight, F|
|poke|p1|Dragapult, F|
|poke|p1|Excadrill, M|
|poke|p2|Cinderace, M|
|poke|p2|Heliolisk, F|
|poke|p2|Gyarados, F|
|poke|p2|Corsola-Galar, M|
|poke|p2|Sylveon, F|
|poke|p2|Excadrill, M|
|rule|Dynamax Clause: You cannot dynamax
|teampreview
|
|start
|switch|p1a: WASHN|Rotom-Wash, shiny|100/100
|switch|p2a: Heliolisk|Heliolisk, F|100/100
|turn|1
|inactive|Battle timer is ON: inactive players will automatically lose when time's up. (requested by MikeAy978)
|
|move|p2a: Heliolisk|Volt Switch|p1a: WASHN
|-damage|p1a: WASHN|62/100
|
|switch|p2a: Sylveon|Sylveon, F|100/100|[from]move: Volt Switch
|move|p1a: WASHN|Volt Switch|p2a: Sylveon
|-damage|p2a: Sylveon|82/100
|
|switch|p1a: Tox|Toxapex, F, shiny|100/100|[from]move: Volt Switch
|
|-heal|p2a: Sylveon|88/100|[from] item: Leftovers
|upkeep
|turn|2
|
|switch|p2a: Cinderace|Cinderace, M|100/100
|move|p1a: Tox|Toxic|p2a: Cinderace
|-status|p2a: Cinderace|tox
|
|-damage|p2a: Cinderace|95/100 tox|[from] psn
|upkeep
|turn|3
|
|move|p2a: Cinderace|U-turn|p1a: Tox
|-resisted|p1a: Tox
|-damage|p1a: Tox|90/100
|
|switch|p2a: Excadrill|Excadrill, M|100/100|[from]move: U-turn
|-ability|p2a: Excadrill|Mold Breaker
|move|p1a: Tox|Scald|p2a: Excadrill
|-supereffective|p2a: Excadrill
|-damage|p2a: Excadrill|60/100
|
|-heal|p2a: Excadrill|66/100|[from] item: Leftovers
|-heal|p1a: Tox|96/100|[from] item: Black Sludge
|upkeep
|turn|4
|
|switch|p2a: Heliolisk|Heliolisk, F|100/100
|switch|p1a: Knight|Corviknight, F, shiny|100/100
|-ability|p1a: Knight|Pressure
|
|upkeep
|turn|5
|
|switch|p1a: Excadrill|Excadrill, M|100/100
|-ability|p1a: Excadrill|Mold Breaker
|move|p2a: Heliolisk|Volt Switch|p1a: Excadrill
|-immune|p1a: Excadrill
|
|upkeep
|turn|6
|
|switch|p2a: Gyarados|Gyarados, F|100/100
|-ability|p2a: Gyarados|Intimidate|boost
|-unboost|p1a: Excadrill|atk|1
|move|p1a: Excadrill|Rapid Spin|p2a: Gyarados
|-damage|p2a: Gyarados|85/100
|-boost|p1a: Excadrill|spe|1
|
|upkeep
|turn|7
|inactive|MOSK4 has 120 seconds left.
|
|switch|p1a: WASHN|Rotom-Wash, shiny|62/100
|move|p2a: Gyarados|Dragon Dance|p2a: Gyarados
|-boost|p2a: Gyarados|atk|1
|-boost|p2a: Gyarados|spe|1
|
|upkeep
|turn|8
|
|switch|p2a: Sylveon|Sylveon, F|88/100
|move|p1a: WASHN|Volt Switch|p2a: Sylveon
|-damage|p2a: Sylveon|68/100
|inactive|MOSK4 has 120 seconds left.
|
|switch|p1a: Excadrill|Excadrill, M|100/100|[from]move: Volt Switch
|-ability|p1a: Excadrill|Mold Breaker
|
|-heal|p2a: Sylveon|74/100|[from] item: Leftovers
|upkeep
|turn|9
|inactive|MOSK4 has 120 seconds left.
|
|switch|p2a: Gyarados|Gyarados, F|85/100
|-ability|p2a: Gyarados|Intimidate|boost
|-unboost|p1a: Excadrill|atk|1
|move|p1a: Excadrill|Iron Head|p2a: Gyarados
|-resisted|p2a: Gyarados
|-damage|p2a: Gyarados|67/100
|
|upkeep
|turn|10
|inactive|MOSK4 has 120 seconds left.
|
|switch|p1a: Tox|Toxapex, F, shiny|100/100
|move|p2a: Gyarados|Power Whip|p1a: Tox
|-damage|p1a: Tox|78/100
|
|-heal|p1a: Tox|84/100|[from] item: Black Sludge
|upkeep
|turn|11
|inactive|MOSK4 has 120 seconds left.
|
|switch|p2a: Heliolisk|Heliolisk, F|100/100
|move|p1a: Tox|Toxic|p2a: Heliolisk
|-status|p2a: Heliolisk|tox
|
|-heal|p1a: Tox|90/100|[from] item: Black Sludge
|-damage|p2a: Heliolisk|94/100 tox|[from] psn
|upkeep
|turn|12
|inactive|MOSK4 has 120 seconds left.
|
|move|p2a: Heliolisk|Focus Blast|p1a: Tox|[miss]
|-miss|p2a: Heliolisk|p1a: Tox
|move|p1a: Tox|Scald|p2a: Heliolisk
|-heal|p2a: Heliolisk|100/100 tox|[from] ability: Dry Skin|[of] p1a: Tox
|
|-heal|p1a: Tox|97/100|[from] item: Black Sludge
|-damage|p2a: Heliolisk|88/100 tox|[from] psn
|upkeep
|turn|13
|inactive|MOSK4 has 120 seconds left.
|
|switch|p2a: Excadrill|Excadrill, M|66/100
|-ability|p2a: Excadrill|Mold Breaker
|move|p1a: Tox|Recover|p1a: Tox
|-heal|p1a: Tox|100/100
|
|-heal|p2a: Excadrill|72/100|[from] item: Leftovers
|upkeep
|turn|14
|inactive|MOSK4 has 120 seconds left.
|
|switch|p2a: Cinderace|Cinderace, M|95/100 tox
|move|p1a: Tox|Scald|p2a: Cinderace
|-supereffective|p2a: Cinderace
|-damage|p2a: Cinderace|49/100 tox
|
|-damage|p2a: Cinderace|43/100 tox|[from] psn
|upkeep
|turn|15
|inactive|MOSK4 has 120 seconds left.
|
|move|p2a: Cinderace|U-turn|p1a: Tox
|-resisted|p1a: Tox
|-damage|p1a: Tox|90/100
|
|switch|p2a: Heliolisk|Heliolisk, F|88/100 tox|[from]move: U-turn
|move|p1a: Tox|Scald|p2a: Heliolisk
|-heal|p2a: Heliolisk|100/100 tox|[from] ability: Dry Skin|[of] p1a: Tox
|
|-heal|p1a: Tox|96/100|[from] item: Black Sludge
|-damage|p2a: Heliolisk|94/100 tox|[from] psn
|upkeep
|turn|16
|inactive|MOSK4 has 120 seconds left.
|
|move|p2a: Heliolisk|Thunderbolt|p1a: Tox
|-supereffective|p1a: Tox
|-damage|p1a: Tox|26/100
|move|p1a: Tox|Recover|p1a: Tox
|-heal|p1a: Tox|76/100
|
|-heal|p1a: Tox|82/100|[from] item: Black Sludge
|-damage|p2a: Heliolisk|82/100 tox|[from] psn
|upkeep
|turn|17
|inactive|MOSK4 has 120 seconds left.
|
|move|p2a: Heliolisk|Thunderbolt|p1a: Tox
|-supereffective|p1a: Tox
|-damage|p1a: Tox|13/100
|move|p1a: Tox|Recover|p1a: Tox
|-heal|p1a: Tox|63/100
|
|-heal|p1a: Tox|70/100|[from] item: Black Sludge
|-damage|p2a: Heliolisk|63/100 tox|[from] psn
|upkeep
|turn|18
|
|switch|p2a: Gyarados|Gyarados, F|67/100
|-ability|p2a: Gyarados|Intimidate|boost
|-unboost|p1a: Tox|atk|1
|switch|p1a: Excadrill|Excadrill, M|100/100
|-ability|p1a: Excadrill|Mold Breaker
|
|upkeep
|turn|19
|
|switch|p1a: WASHN|Rotom-Wash, shiny|62/100
|move|p2a: Gyarados|Dragon Dance|p2a: Gyarados
|-boost|p2a: Gyarados|atk|1
|-boost|p2a: Gyarados|spe|1
|
|upkeep
|turn|20
|
|switch|p2a: Heliolisk|Heliolisk, F|63/100 tox
|move|p1a: WASHN|Hydro Pump|p2a: Heliolisk
|-heal|p2a: Heliolisk|88/100 tox|[from] ability: Dry Skin|[of] p1a: WASHN
|
|-damage|p2a: Heliolisk|82/100 tox|[from] psn
|upkeep
|turn|21
|
|switch|p1a: Excadrill|Excadrill, M|100/100
|-ability|p1a: Excadrill|Mold Breaker
|move|p2a: Heliolisk|Focus Blast|p1a: Excadrill
|-supereffective|p1a: Excadrill
|-damage|p1a: Excadrill|0 fnt
|faint|p1a: Excadrill
|
|-damage|p2a: Heliolisk|69/100 tox|[from] psn
|upkeep
|
|switch|p1a: Mendokusē|Dragapult, F, shiny|100/100
|turn|22
|
|switch|p2a: Corsola|Corsola-Galar, M|100/100
|move|p1a: Mendokusē|Shadow Ball|p2a: Corsola
|-supereffective|p2a: Corsola
|-damage|p2a: Corsola|31/100
|
|upkeep
|turn|23
|
|move|p1a: Mendokusē|Shadow Ball|p2a: Corsola
|-supereffective|p2a: Corsola
|-damage|p2a: Corsola|0 fnt
|faint|p2a: Corsola
|
|upkeep
|
|switch|p2a: Sylveon|Sylveon, F|74/100
|turn|24
|
|switch|p1a: Knight|Corviknight, F, shiny|100/100
|-ability|p1a: Knight|Pressure
|move|p2a: Sylveon|Protect||[still]
|-fail|p2a: Sylveon
|
|-heal|p2a: Sylveon|80/100|[from] item: Leftovers
|upkeep
|turn|25
|inactive|MOSK4 has 120 seconds left.
|
|move|p1a: Knight|Bulk Up|p1a: Knight
|-boost|p1a: Knight|atk|1
|-boost|p1a: Knight|def|1
|move|p2a: Sylveon|Wish|p2a: Sylveon
|
|-heal|p2a: Sylveon|86/100|[from] item: Leftovers
|upkeep
|turn|26
|
|switch|p2a: Heliolisk|Heliolisk, F|69/100 tox
|move|p1a: Knight|Bulk Up|p1a: Knight
|-boost|p1a: Knight|atk|1
|-boost|p1a: Knight|def|1
|
|-heal|p2a: Heliolisk|100/100 tox|[from] move: Wish|[wisher] Sylveon
|-damage|p2a: Heliolisk|94/100 tox|[from] psn
|upkeep
|turn|27
|
|move|p2a: Heliolisk|Volt Switch|p1a: Knight
|-supereffective|p1a: Knight
|-damage|p1a: Knight|42/100
|
|switch|p2a: Cinderace|Cinderace, M|43/100 tox|[from]move: Volt Switch
|move|p1a: Knight|Brave Bird|p2a: Cinderace
|-damage|p2a: Cinderace|0 fnt
|-damage|p1a: Knight|31/100|[from] Recoil
|faint|p2a: Cinderace
|
|-heal|p1a: Knight|38/100|[from] item: Leftovers
|upkeep
|
|switch|p2a: Heliolisk|Heliolisk, F|94/100 tox
|turn|28
|
|switch|p1a: Neon|Sylveon, M, shiny|100/100
|move|p2a: Heliolisk|Volt Switch|p1a: Neon
|-damage|p1a: Neon|76/100
|
|switch|p2a: Excadrill|Excadrill, M|72/100|[from]move: Volt Switch
|-ability|p2a: Excadrill|Mold Breaker
|
|-heal|p2a: Excadrill|78/100|[from] item: Leftovers
|-heal|p1a: Neon|82/100|[from] item: Leftovers
|upkeep
|turn|29
|
|switch|p1a: Knight|Corviknight, F, shiny|38/100
|-ability|p1a: Knight|Pressure
|move|p2a: Excadrill|Iron Head|p1a: Knight
|-resisted|p1a: Knight
|-damage|p1a: Knight|23/100
|
|-heal|p2a: Excadrill|84/100|[from] item: Leftovers
|-heal|p1a: Knight|29/100|[from] item: Leftovers
|upkeep
|turn|30
|
|switch|p2a: Heliolisk|Heliolisk, F|94/100 tox
|move|p1a: Knight|Roost|p1a: Knight
|-heal|p1a: Knight|79/100
|-singleturn|p1a: Knight|move: Roost
|
|-heal|p1a: Knight|85/100|[from] item: Leftovers
|-damage|p2a: Heliolisk|88/100 tox|[from] psn
|upkeep
|turn|31
|
|switch|p1a: Mendokusē|Dragapult, F, shiny|100/100
|move|p2a: Heliolisk|Thunderbolt|p1a: Mendokusē
|-resisted|p1a: Mendokusē
|-damage|p1a: Mendokusē|71/100
|
|-damage|p2a: Heliolisk|76/100 tox|[from] psn
|upkeep
|turn|32
|
|switch|p2a: Gyarados|Gyarados, F|67/100
|-ability|p2a: Gyarados|Intimidate|boost
|-unboost|p1a: Mendokusē|atk|1
|move|p1a: Mendokusē|Shadow Ball|p2a: Gyarados
|-damage|p2a: Gyarados|16/100
|
|upkeep
|turn|33
|
|move|p1a: Mendokusē|Shadow Ball|p2a: Gyarados
|-damage|p2a: Gyarados|0 fnt
|faint|p2a: Gyarados
|
|upkeep
|
|switch|p2a: Sylveon|Sylveon, F|86/100
|turn|34
|
|switch|p1a: Tox|Toxapex, F, shiny|100/100
|move|p2a: Sylveon|Wish|p2a: Sylveon
|
|-heal|p2a: Sylveon|92/100|[from] item: Leftovers
|upkeep
|turn|35
|
|switch|p2a: Heliolisk|Heliolisk, F|76/100 tox
|switch|p1a: Mendokusē|Dragapult, F, shiny|71/100
|
|-heal|p2a: Heliolisk|100/100 tox|[from] move: Wish|[wisher] Sylveon
|-damage|p2a: Heliolisk|94/100 tox|[from] psn
|upkeep
|turn|36
|
|move|p2a: Heliolisk|Volt Switch|p1a: Mendokusē
|-resisted|p1a: Mendokusē
|-damage|p1a: Mendokusē|46/100
|
|switch|p2a: Sylveon|Sylveon, F|92/100|[from]move: Volt Switch
|move|p1a: Mendokusē|Shadow Ball|p2a: Sylveon
|-damage|p2a: Sylveon|57/100
|-unboost|p2a: Sylveon|spd|1
|
|-heal|p2a: Sylveon|63/100|[from] item: Leftovers
|upkeep
|turn|37
|
|switch|p1a: Knight|Corviknight, F, shiny|85/100
|-ability|p1a: Knight|Pressure
|move|p2a: Sylveon|Protect||[still]
|-fail|p2a: Sylveon
|
|-heal|p1a: Knight|92/100|[from] item: Leftovers
|-heal|p2a: Sylveon|69/100|[from] item: Leftovers
|upkeep
|turn|38
|
|switch|p2a: Heliolisk|Heliolisk, F|94/100 tox
|move|p1a: Knight|Brave Bird|p2a: Heliolisk
|-resisted|p2a: Heliolisk
|-damage|p2a: Heliolisk|55/100 tox
|-damage|p1a: Knight|82/100|[from] Recoil
|
|-heal|p1a: Knight|89/100|[from] item: Leftovers
|-damage|p2a: Heliolisk|49/100 tox|[from] psn
|upkeep
|turn|39
|
|switch|p1a: Neon|Sylveon, M, shiny|82/100
|move|p2a: Heliolisk|Volt Switch|p1a: Neon
|-damage|p1a: Neon|61/100
|
|switch|p2a: Excadrill|Excadrill, M|84/100|[from]move: Volt Switch
|-ability|p2a: Excadrill|Mold Breaker
|
|-heal|p2a: Excadrill|91/100|[from] item: Leftovers
|-heal|p1a: Neon|67/100|[from] item: Leftovers
|upkeep
|turn|40
|
|move|p1a: Neon|Protect|p1a: Neon
|-singleturn|p1a: Neon|Protect
|move|p2a: Excadrill|Rapid Spin|p1a: Neon
|-activate|p1a: Neon|move: Protect
|
|-heal|p2a: Excadrill|97/100|[from] item: Leftovers
|-heal|p1a: Neon|73/100|[from] item: Leftovers
|upkeep
|turn|41
|
|switch|p2a: Sylveon|Sylveon, F|69/100
|move|p1a: Neon|Mystical Fire|p2a: Sylveon
|-damage|p2a: Sylveon|56/100
|-unboost|p2a: Sylveon|spa|1
|
|-heal|p1a: Neon|79/100|[from] item: Leftovers
|-heal|p2a: Sylveon|62/100|[from] item: Leftovers
|upkeep
|turn|42
|
|move|p1a: Neon|Hyper Voice|p2a: Sylveon
|-damage|p2a: Sylveon|36/100
|move|p2a: Sylveon|Wish|p2a: Sylveon
|
|-heal|p1a: Neon|85/100|[from] item: Leftovers
|-heal|p2a: Sylveon|42/100|[from] item: Leftovers
|upkeep
|turn|43
|
|move|p2a: Sylveon|Protect|p2a: Sylveon
|-singleturn|p2a: Sylveon|Protect
|move|p1a: Neon|Hyper Voice|p2a: Sylveon
|-activate|p2a: Sylveon|move: Protect
|
|-heal|p2a: Sylveon|92/100|[from] move: Wish|[wisher] Sylveon
|-heal|p1a: Neon|91/100|[from] item: Leftovers
|-heal|p2a: Sylveon|98/100|[from] item: Leftovers
|upkeep
|turn|44
|
|move|p1a: Neon|Hyper Voice|p2a: Sylveon
|-damage|p2a: Sylveon|72/100
|move|p2a: Sylveon|Wish|p2a: Sylveon
|
|-heal|p1a: Neon|97/100|[from] item: Leftovers
|-heal|p2a: Sylveon|78/100|[from] item: Leftovers
|upkeep
|turn|45
|
|switch|p2a: Excadrill|Excadrill, M|97/100
|-ability|p2a: Excadrill|Mold Breaker
|move|p1a: Neon|Wish|p1a: Neon
|
|-heal|p2a: Excadrill|100/100|[from] move: Wish|[wisher] Sylveon
|-heal|p1a: Neon|100/100|[from] item: Leftovers
|upkeep
|turn|46
|
|switch|p1a: Mendokusē|Dragapult, F, shiny|46/100
|move|p2a: Excadrill|Earthquake|p1a: Mendokusē
|-damage|p1a: Mendokusē|0 fnt
|faint|p1a: Mendokusē
|
|upkeep
|
|switch|p1a: Tox|Toxapex, F, shiny|100/100
|turn|47
|
|switch|p2a: Heliolisk|Heliolisk, F|49/100 tox
|move|p1a: Tox|Scald|p2a: Heliolisk
|-heal|p2a: Heliolisk|74/100 tox|[from] ability: Dry Skin|[of] p1a: Tox
|
|-damage|p2a: Heliolisk|68/100 tox|[from] psn
|upkeep
|turn|48
|
|move|p2a: Heliolisk|Volt Switch|p1a: Tox
|-supereffective|p1a: Tox
|-damage|p1a: Tox|39/100
|
|switch|p2a: Sylveon|Sylveon, F|78/100|[from]move: Volt Switch
|move|p1a: Tox|Recover|p1a: Tox
|-heal|p1a: Tox|89/100
|
|-heal|p2a: Sylveon|85/100|[from] item: Leftovers
|-heal|p1a: Tox|95/100|[from] item: Black Sludge
|upkeep
|turn|49
|
|move|p2a: Sylveon|Wish|p2a: Sylveon
|move|p1a: Tox|Toxic|p2a: Sylveon
|-status|p2a: Sylveon|tox
|
|-heal|p2a: Sylveon|91/100 tox|[from] item: Leftovers
|-heal|p1a: Tox|100/100|[from] item: Black Sludge
|-damage|p2a: Sylveon|85/100 tox|[from] psn
|upkeep
|turn|50
|
|switch|p2a: Heliolisk|Heliolisk, F|68/100 tox
|switch|p1a: Knight|Corviknight, F, shiny|89/100
|-ability|p1a: Knight|Pressure
|
|-heal|p2a: Heliolisk|100/100 tox|[from] move: Wish|[wisher] Sylveon
|-heal|p1a: Knight|95/100|[from] item: Leftovers
|-damage|p2a: Heliolisk|94/100 tox|[from] psn
|upkeep
|turn|51
|
|move|p2a: Heliolisk|Thunderbolt|p1a: Knight
|-supereffective|p1a: Knight
|-damage|p1a: Knight|20/100
|move|p1a: Knight|U-turn|p2a: Heliolisk
|-damage|p2a: Heliolisk|63/100 tox
|
|switch|p1a: WASHN|Rotom-Wash, shiny|62/100|[from]move: U-turn
|
|-damage|p2a: Heliolisk|51/100 tox|[from] psn
|upkeep
|turn|52
|inactive|MikeAy978 has 120 seconds left.
|inactive|MikeAy978 has 90 seconds left.
|
|switch|p2a: Sylveon|Sylveon, F|85/100 tox
|move|p1a: WASHN|Trick|p2a: Sylveon
|-activate|p1a: WASHN|move: Trick|[of] p2a: Sylveon
|-item|p2a: Sylveon|Choice Scarf|[from] move: Trick
|-item|p1a: WASHN|Leftovers|[from] move: Trick
|
|-heal|p1a: WASHN|67/100|[from] item: Leftovers
|-damage|p2a: Sylveon|78/100 tox|[from] psn
|upkeep
|turn|53
|
|move|p1a: WASHN|Volt Switch|p2a: Sylveon
|-damage|p2a: Sylveon|59/100 tox
|
|switch|p1a: Neon|Sylveon, M, shiny|100/100|[from]move: Volt Switch
|move|p2a: Sylveon|Wish|p2a: Sylveon
|
|-damage|p2a: Sylveon|47/100 tox|[from] psn
|upkeep
|turn|54
|inactive|MikeAy978 has 90 seconds left.
|
|move|p2a: Sylveon|Wish||[still]
|-fail|p2a: Sylveon
|move|p1a: Neon|Wish|p1a: Neon
|
|-heal|p2a: Sylveon|97/100 tox|[from] move: Wish|[wisher] Sylveon
|-damage|p2a: Sylveon|79/100 tox|[from] psn
|upkeep
|turn|55
|
|switch|p1a: Knight|Corviknight, F, shiny|20/100
|-ability|p1a: Knight|Pressure
|move|p2a: Sylveon|Wish|p2a: Sylveon
|
|-heal|p1a: Knight|69/100|[from] move: Wish|[wisher] Neon
|-heal|p1a: Knight|75/100|[from] item: Leftovers
|-damage|p2a: Sylveon|55/100 tox|[from] psn
|upkeep
|turn|56
|
|switch|p2a: Heliolisk|Heliolisk, F|51/100 tox
|move|p1a: Knight|Bulk Up|p1a: Knight
|-boost|p1a: Knight|atk|1
|-boost|p1a: Knight|def|1
|
|-heal|p2a: Heliolisk|100/100 tox|[from] move: Wish|[wisher] Sylveon
|-heal|p1a: Knight|82/100|[from] item: Leftovers
|-damage|p2a: Heliolisk|94/100 tox|[from] psn
|upkeep
|turn|57
|
|move|p2a: Heliolisk|Thunderbolt|p1a: Knight
|-supereffective|p1a: Knight
|-damage|p1a: Knight|14/100
|move|p1a: Knight|Brave Bird|p2a: Heliolisk
|-resisted|p2a: Heliolisk
|-damage|p2a: Heliolisk|40/100 tox
|-damage|p1a: Knight|1/100|[from] Recoil
|
|-heal|p1a: Knight|7/100|[from] item: Leftovers
|-damage|p2a: Heliolisk|28/100 tox|[from] psn
|upkeep
|turn|58
|
|move|p2a: Heliolisk|Thunderbolt|p1a: Knight
|-supereffective|p1a: Knight
|-damage|p1a: Knight|0 fnt
|faint|p1a: Knight
|
|-damage|p2a: Heliolisk|9/100 tox|[from] psn
|upkeep
|
|switch|p1a: Neon|Sylveon, M, shiny|100/100
|turn|59
|
|switch|p2a: Sylveon|Sylveon, F|55/100 tox
|move|p1a: Neon|Wish|p1a: Neon
|
|-damage|p2a: Sylveon|48/100 tox|[from] psn
|upkeep
|turn|60
|
|move|p2a: Sylveon|Wish|p2a: Sylveon
|move|p1a: Neon|Hyper Voice|p2a: Sylveon
|-damage|p2a: Sylveon|18/100 tox
|
|-damage|p2a: Sylveon|6/100 tox|[from] psn
|upkeep
|turn|61
|inactive|MikeAy978 has 120 seconds left.
|
|switch|p2a: Excadrill|Excadrill, M|100/100
|-ability|p2a: Excadrill|Mold Breaker
|move|p1a: Neon|Hyper Voice|p2a: Excadrill
|-resisted|p2a: Excadrill
|-damage|p2a: Excadrill|72/100
|
|-heal|p2a: Excadrill|100/100|[from] move: Wish|[wisher] Sylveon
|upkeep
|turn|62
|inactive|MikeAy978 has 120 seconds left.
|
|move|p1a: Neon|Protect|p1a: Neon
|-singleturn|p1a: Neon|Protect
|move|p2a: Excadrill|Rapid Spin|p1a: Neon
|-activate|p1a: Neon|move: Protect
|
|upkeep
|turn|63
|
|move|p2a: Excadrill|Rapid Spin|p1a: Neon
|-damage|p1a: Neon|83/100
|-boost|p2a: Excadrill|spe|1
|move|p1a: Neon|Mystical Fire|p2a: Excadrill
|-supereffective|p2a: Excadrill
|-damage|p2a: Excadrill|51/100
|-unboost|p2a: Excadrill|spa|1
|
|-heal|p2a: Excadrill|57/100|[from] item: Leftovers
|-heal|p1a: Neon|89/100|[from] item: Leftovers
|upkeep
|turn|64
|
|move|p1a: Neon|Protect|p1a: Neon
|-singleturn|p1a: Neon|Protect
|move|p2a: Excadrill|Swords Dance|p2a: Excadrill
|-boost|p2a: Excadrill|atk|2
|
|-heal|p2a: Excadrill|63/100|[from] item: Leftovers
|-heal|p1a: Neon|95/100|[from] item: Leftovers
|upkeep
|turn|65
|
|move|p2a: Excadrill|Iron Head|p1a: Neon
|-supereffective|p1a: Neon
|-damage|p1a: Neon|0 fnt
|faint|p1a: Neon
|
|-heal|p2a: Excadrill|69/100|[from] item: Leftovers
|upkeep
|
|switch|p1a: Tox|Toxapex, F, shiny|100/100
|turn|66
|
|move|p2a: Excadrill|Earthquake|p1a: Tox
|-supereffective|p1a: Tox
|-damage|p1a: Tox|0 fnt
|faint|p1a: Tox
|
|-heal|p2a: Excadrill|76/100|[from] item: Leftovers
|upkeep
|
|switch|p1a: WASHN|Rotom-Wash, shiny|67/100
|turn|67
|
|move|p2a: Excadrill|Earthquake|p1a: WASHN
|-supereffective|p1a: WASHN
|-damage|p1a: WASHN|0 fnt
|faint|p1a: WASHN
|
|win|MikeAy978
|raw|MOSK4's rating: 1255 → 1227(-28 for losing)
|raw|MikeAy978's rating: 1213 → 1241(+28 for winning)
|l|☆MOSK4
