|ScrapeTime|2020-01-01-00:30:50
|j|‽MegaStarUniverse
|j|☆Rabia
|player|p1|MegaStarUniverse|ethan|1729
|player|p2|Rabia|#rabia|1660
|teamsize|p1|6
|teamsize|p2|6
|gametype|singles
|gen|8
|tier|[Gen 8] OU
|rated|
|rule|Sleep Clause Mod: Limit one foe put to sleep
|rule|Species Clause: Limit one of each Pokémon
|rule|OHKO Clause: OHKO moves are banned
|rule|Evasion Moves Clause: Evasion moves are banned
|rule|Endless Battle Clause: Forcing endless battles is banned
|rule|HP Percentage Mod: HP is shown in percentages
|clearpoke
|poke|p1|Aegislash, F|
|poke|p1|Hydreigon, M|
|poke|p1|Bisharp, F|
|poke|p1|Dragapult, F|
|poke|p1|Rhyperior, M|
|poke|p1|Mimikyu, M|
|poke|p2|Conkeldurr, F|
|poke|p2|Dragapult, M|
|poke|p2|Rotom-Heat|
|poke|p2|Seismitoad, M|
|poke|p2|Corviknight, F|
|poke|p2|Clefable, M|
|rule|Dynamax Clause: You cannot dynamax
|teampreview
|inactive|Battle timer is ON: inactive players will automatically lose when time's up. (requested by MegaStarUniverse)
|inactive|MegaStarUniverse has 120 seconds left.
|inactive|Rabia has 120 seconds left.
|
|start
|switch|p1a: Mimikyu|Mimikyu, M|100/100
|switch|p2a: Conkeldurr|Conkeldurr, F|100/100
|turn|1
|
|switch|p2a: Corviknight|Corviknight, F|100/100
|-ability|p2a: Corviknight|Pressure
|move|p1a: Mimikyu|Swords Dance|p1a: Mimikyu
|-boost|p1a: Mimikyu|atk|2
|
|upkeep
|turn|2
|
|move|p1a: Mimikyu|Shadow Claw|p2a: Corviknight
|-damage|p2a: Corviknight|48/100
|-damage|p1a: Mimikyu|91/100|[from] item: Life Orb
|move|p2a: Corviknight|Brave Bird|p1a: Mimikyu
|-activate|p1a: Mimikyu|ability: Disguise
|-damage|p1a: Mimikyu|91/100
|detailschange|p1a: Mimikyu|Mimikyu-Busted, M
|-damage|p1a: Mimikyu|78/100|[from] ability: Disguise|[of] p1a: Mimikyu
|
|-heal|p2a: Corviknight|55/100|[from] item: Leftovers
|upkeep
|turn|3
|
|move|p1a: Mimikyu|Shadow Claw|p2a: Corviknight
|-damage|p2a: Corviknight|0 fnt
|-damage|p1a: Mimikyu|68/100|[from] item: Life Orb
|faint|p2a: Corviknight
|
|upkeep
|inactive|Rabia has 120 seconds left.
|
|switch|p2a: Dragapult|Dragapult, M|100/100
|turn|4
|
|switch|p2a: Seismitoad|Seismitoad, M|100/100
|move|p1a: Mimikyu|Shadow Sneak|p2a: Seismitoad
|-damage|p2a: Seismitoad|68/100
|-damage|p1a: Mimikyu|58/100|[from] item: Life Orb
|
|-heal|p2a: Seismitoad|74/100|[from] item: Leftovers
|upkeep
|turn|5
|
|move|p1a: Mimikyu|Play Rough|p2a: Seismitoad
|-damage|p2a: Seismitoad|2/100
|-damage|p1a: Mimikyu|48/100|[from] item: Life Orb
|move|p2a: Seismitoad|Toxic|p1a: Mimikyu
|-status|p1a: Mimikyu|tox
|
|-heal|p2a: Seismitoad|8/100|[from] item: Leftovers
|-damage|p1a: Mimikyu|42/100 tox|[from] psn
|upkeep
|turn|6
|
|move|p1a: Mimikyu|Shadow Claw|p2a: Seismitoad
|-damage|p2a: Seismitoad|0 fnt
|-damage|p1a: Mimikyu|32/100 tox|[from] item: Life Orb
|faint|p2a: Seismitoad
|
|-damage|p1a: Mimikyu|20/100 tox|[from] psn
|upkeep
|
|switch|p2a: Clefable|Clefable, M|100/100
|turn|7
|
|move|p1a: Mimikyu|Play Rough|p2a: Clefable
|-damage|p2a: Clefable|11/100
|-damage|p1a: Mimikyu|10/100 tox|[from] item: Life Orb
|move|p2a: Clefable|Wish|p2a: Clefable
|
|-heal|p2a: Clefable|18/100|[from] item: Leftovers
|-damage|p1a: Mimikyu|0 fnt|[from] psn
|faint|p1a: Mimikyu
|upkeep
|inactive|MegaStarUniverse has 120 seconds left.
|
|switch|p1a: Rhyperior|Rhyperior, M|100/100
|turn|8
|
|switch|p2a: Conkeldurr|Conkeldurr, F|100/100
|move|p1a: Rhyperior|Stealth Rock|p2a: Conkeldurr
|-sidestart|p2: Rabia|move: Stealth Rock
|
|-status|p2a: Conkeldurr|brn|[from] item: Flame Orb
|upkeep
|turn|9
|inactive|MegaStarUniverse has 120 seconds left.
|
|switch|p1a: Aegislash|Aegislash, F|100/100
|-item|p1a: Aegislash|Air Balloon
|move|p2a: Conkeldurr|Earthquake|p1a: Aegislash
|-immune|p1a: Aegislash
|
|-damage|p2a: Conkeldurr|94/100 brn|[from] brn
|upkeep
|turn|10
|inactive|MegaStarUniverse has 120 seconds left.
|
|switch|p2a: Clefable|Clefable, M|18/100
|move|p1a: Aegislash|Swords Dance|p1a: Aegislash
|-boost|p1a: Aegislash|atk|2
|
|-heal|p2a: Clefable|24/100|[from] item: Leftovers
|upkeep
|turn|11
|-message|Rabia forfeited.
|
|win|MegaStarUniverse
|l|☆Rabia
|raw|MegaStarUniverse's rating: 1729 → 1745(+16 for winning)
|raw|Rabia's rating: 1660 → 1644(-16 for losing)
