|ScrapeTime|2020-01-01-00:54:41
|j|☆aceguy123
|j|☆afakedugong
|player|p1|aceguy123|firebreather|1703
|player|p2|afakedugong|102|1775
|teamsize|p1|6
|teamsize|p2|6
|gametype|singles
|gen|8
|tier|[Gen 8] OU
|rated|
|rule|Sleep Clause Mod: Limit one foe put to sleep
|rule|Species Clause: Limit one of each Pokémon
|rule|OHKO Clause: OHKO moves are banned
|rule|Evasion Moves Clause: Evasion moves are banned
|rule|Endless Battle Clause: Forcing endless battles is banned
|rule|HP Percentage Mod: HP is shown in percentages
|clearpoke
|poke|p1|Bisharp, F|
|poke|p1|Sylveon, M|
|poke|p1|Dragapult, F|
|poke|p1|Grimmsnarl, M|
|poke|p1|Cloyster, M|
|poke|p1|Mew|
|poke|p2|Vaporeon, F|
|poke|p2|Roserade, M|
|poke|p2|Aegislash, M|
|poke|p2|Excadrill, F|
|poke|p2|Hydreigon, F|
|poke|p2|Rotom-Heat|
|rule|Dynamax Clause: You cannot dynamax
|teampreview
|
|start
|switch|p1a: Grimmsnarl|Grimmsnarl, M|100/100
|switch|p2a: Hydreigon|Hydreigon, F|100/100
|turn|1
|j| Star(YT)
|inactive|Battle timer is ON: inactive players will automatically lose when time's up. (requested by aceguy123)
|
|move|p1a: Grimmsnarl|Light Screen|p1a: Grimmsnarl
|-sidestart|p1: aceguy123|move: Light Screen
|move|p2a: Hydreigon|U-turn|p1a: Grimmsnarl
|-damage|p1a: Grimmsnarl|78/100
|l| Star(YT)
|j| IdolsAndAnchorsss
|j| IthinkI'm
|
|switch|p2a: Excadrill|Excadrill, F|100/100|[from]move: U-turn
|-ability|p2a: Excadrill|Mold Breaker
|
|upkeep
|turn|2
|j| Damn u 2 oblivion
|
|move|p1a: Grimmsnarl|Reflect|p1a: Grimmsnarl
|-sidestart|p1: aceguy123|Reflect
|move|p2a: Excadrill|Stealth Rock|p1a: Grimmsnarl
|-sidestart|p1: aceguy123|move: Stealth Rock
|
|upkeep
|turn|3
|
|move|p2a: Excadrill|Iron Head|p1a: Grimmsnarl
|-supereffective|p1a: Grimmsnarl
|-damage|p1a: Grimmsnarl|27/100
|move|p1a: Grimmsnarl|Drain Punch|p2a: Excadrill
|-supereffective|p2a: Excadrill
|-damage|p2a: Excadrill|40/100
|-heal|p1a: Grimmsnarl|55/100|[from] drain|[of] p2a: Excadrill
|
|upkeep
|turn|4
|
|move|p2a: Excadrill|Iron Head|p1a: Grimmsnarl
|-supereffective|p1a: Grimmsnarl
|-damage|p1a: Grimmsnarl|0 fnt
|faint|p1a: Grimmsnarl
|
|upkeep
|
|switch|p1a: Cloyster|Cloyster, M, shiny|100/100
|-damage|p1a: Cloyster|76/100|[from] Stealth Rock
|turn|5
|
|move|p2a: Excadrill|Earthquake|p1a: Cloyster
|-damage|p1a: Cloyster|49/100
|move|p1a: Cloyster|Shell Smash|p1a: Cloyster
|-unboost|p1a: Cloyster|def|1
|-unboost|p1a: Cloyster|spd|1
|-boost|p1a: Cloyster|atk|2
|-boost|p1a: Cloyster|spa|2
|-boost|p1a: Cloyster|spe|2
|
|upkeep
|turn|6
|
|move|p1a: Cloyster|Icicle Spear|p2a: Excadrill
|-damage|p2a: Excadrill|5/100
|-damage|p2a: Excadrill|0 fnt
|-hitcount|p2a: Excadrill|2
|faint|p2a: Excadrill
|
|upkeep
|
|switch|p2a: Vaporeon|Vaporeon, F|100/100
|turn|7
|
|move|p1a: Cloyster|Rock Blast|p2a: Vaporeon
|-damage|p2a: Vaporeon|90/100
|-damage|p2a: Vaporeon|79/100
|-damage|p2a: Vaporeon|68/100
|-damage|p2a: Vaporeon|57/100
|-damage|p2a: Vaporeon|46/100
|-hitcount|p2a: Vaporeon|5
|cant|p2a: Vaporeon|flinch
|
|-heal|p2a: Vaporeon|52/100|[from] item: Leftovers
|upkeep
|turn|8
|j| zzs is my goddess
|
|move|p1a: Cloyster|Rock Blast|p2a: Vaporeon
|-damage|p2a: Vaporeon|41/100
|-damage|p2a: Vaporeon|29/100
|-damage|p2a: Vaporeon|18/100
|-damage|p2a: Vaporeon|6/100
|-damage|p2a: Vaporeon|0 fnt
|-hitcount|p2a: Vaporeon|5
|faint|p2a: Vaporeon
|
|-sideend|p1: aceguy123|move: Light Screen
|upkeep
|
|switch|p2a: Aegislash|Aegislash, M|100/100
|turn|9
|
|move|p1a: Cloyster|Icicle Spear|p2a: Aegislash
|-resisted|p2a: Aegislash
|-damage|p2a: Aegislash|91/100
|-resisted|p2a: Aegislash
|-damage|p2a: Aegislash|81/100
|-resisted|p2a: Aegislash
|-crit|p2a: Aegislash
|-damage|p2a: Aegislash|66/100
|-resisted|p2a: Aegislash
|-crit|p2a: Aegislash
|-damage|p2a: Aegislash|53/100
|-resisted|p2a: Aegislash
|-damage|p2a: Aegislash|43/100
|-hitcount|p2a: Aegislash|5
|cant|p2a: Aegislash|flinch
|
|-sideend|p1: aceguy123|Reflect
|upkeep
|turn|10
|
|move|p1a: Cloyster|Icicle Spear|p2a: Aegislash
|-resisted|p2a: Aegislash
|-damage|p2a: Aegislash|34/100
|-resisted|p2a: Aegislash
|-damage|p2a: Aegislash|25/100
|-resisted|p2a: Aegislash
|-damage|p2a: Aegislash|15/100
|-resisted|p2a: Aegislash
|-damage|p2a: Aegislash|5/100
|-resisted|p2a: Aegislash
|-damage|p2a: Aegislash|0 fnt
|-hitcount|p2a: Aegislash|5
|faint|p2a: Aegislash
|
|upkeep
|j| freedinner
|j| epsilon_xd
|c|☆afakedugong|xD
|
|switch|p2a: Hydreigon|Hydreigon, F|100/100
|turn|11
|c|☆aceguy123|cloyster is a brute
|c|☆afakedugong|True that
|c|☆aceguy123|iirc
|inactive|aceguy123 has 120 seconds left.
|c|☆aceguy123|this thing is scarf
|c|☆afakedugong|ive seen so many sashes I wasn’t expecting Kings rock
|c|☆afakedugong|whats the flinch chance?
|c|☆aceguy123|And ice shard does not kill this
|c|☆aceguy123|~40% I think
|inactive|aceguy123 has 90 seconds left.
|
|move|p1a: Cloyster|Ice Shard|p2a: Hydreigon
|-supereffective|p2a: Hydreigon
|-damage|p2a: Hydreigon|14/100
|move|p2a: Hydreigon|Dark Pulse|p1a: Cloyster
|-damage|p1a: Cloyster|0 fnt
|faint|p1a: Cloyster
|
|upkeep
|c|☆afakedugong|Really, that low?
|inactive|aceguy123 has 90 seconds left.
|c|☆aceguy123|I mean
|c|☆aceguy123|That's actually pretty decent
|j| Serdnas
|c|☆afakedugong|86% sounds more right
|j| spidermanSS
|c|☆aceguy123|lol
|
|switch|p1a: Bisharp|Bisharp, F, shiny|100/100
|-damage|p1a: Bisharp|95/100|[from] Stealth Rock
|turn|12
|c|☆afakedugong|I need vape alive to beat your team anyway
|
|switch|p2a: Rotom|Rotom-Heat|100/100
|move|p1a: Bisharp|Swords Dance|p1a: Bisharp
|-boost|p1a: Bisharp|atk|2
|
|upkeep
|turn|13
|j| szystest
|
|move|p1a: Bisharp|Throat Chop|p2a: Rotom
|-damage|p2a: Rotom|0 fnt
|-damage|p1a: Bisharp|85/100|[from] item: Life Orb
|faint|p2a: Rotom
|
|upkeep
|
|switch|p2a: Roserade|Roserade, M|100/100
|turn|14
|inactive|aceguy123 has 90 seconds left.
|l| Serdnas
|inactive|aceguy123 has 60 seconds left.
|
|move|p2a: Roserade|Sleep Powder|p1a: Bisharp
|-status|p1a: Bisharp|slp|[from] move: Sleep Powder
|cant|p1a: Bisharp|slp
|
|upkeep
|turn|15
|c|☆aceguy123|I don't like that
|
|switch|p2a: Hydreigon|Hydreigon, F|14/100
|cant|p1a: Bisharp|slp
|
|upkeep
|turn|16
|
|cant|p1a: Bisharp|slp
|move|p2a: Hydreigon|Fire Blast|p1a: Bisharp
|-supereffective|p1a: Bisharp
|-damage|p1a: Bisharp|0 fnt
|faint|p1a: Bisharp
|
|upkeep
|
|switch|p1a: Dragapult|Dragapult, F|100/100
|-damage|p1a: Dragapult|88/100|[from] Stealth Rock
|turn|17
|
|move|p2a: Hydreigon|Fire Blast|p1a: Dragapult
|-resisted|p1a: Dragapult
|-damage|p1a: Dragapult|62/100
|move|p1a: Dragapult|Substitute|p1a: Dragapult
|-start|p1a: Dragapult|Substitute
|-damage|p1a: Dragapult|37/100
|
|-heal|p1a: Dragapult|43/100|[from] item: Leftovers
|upkeep
|turn|18
|
|move|p2a: Hydreigon|Fire Blast|p1a: Dragapult
|-resisted|p1a: Dragapult
|-activate|p1a: Dragapult|move: Substitute|[damage]
|move|p1a: Dragapult|Dragon Dance|p1a: Dragapult
|-boost|p1a: Dragapult|atk|1
|-boost|p1a: Dragapult|spe|1
|
|-heal|p1a: Dragapult|49/100|[from] item: Leftovers
|upkeep
|turn|19
|inactive|aceguy123 has 90 seconds left.
|
|move|p1a: Dragapult|Dragon Dance|p1a: Dragapult
|-boost|p1a: Dragapult|atk|1
|-boost|p1a: Dragapult|spe|1
|move|p2a: Hydreigon|Fire Blast|p1a: Dragapult
|-resisted|p1a: Dragapult
|-end|p1a: Dragapult|Substitute
|
|-heal|p1a: Dragapult|55/100|[from] item: Leftovers
|upkeep
|turn|20
|c|☆afakedugong|gg
|c|☆aceguy123|gg
|l| epsilon_xd
|j| Star(YT)
|l| IdolsAndAnchorsss
|c|☆afakedugong|Now I’m gonna live in fear of all cloysters xD
|inactive|afakedugong has 120 seconds left.
|-message|afakedugong forfeited.
|
|win|aceguy123
|raw|aceguy123's rating: 1703 → 1727(+24 for winning)
|raw|afakedugong's rating: 1775 → 1751(-24 for losing)
