|ScrapeTime|2020-01-01-03:56:24
|j|☆yaoooooooooooooo
|j|☆rushx
|player|p1|yaoooooooooooooo|102|1760
|player|p2|rushx|volkner|1708
|teamsize|p1|6
|teamsize|p2|6
|gametype|singles
|gen|8
|tier|[Gen 8] OU
|rated|
|rule|Sleep Clause Mod: Limit one foe put to sleep
|rule|Species Clause: Limit one of each Pokémon
|rule|OHKO Clause: OHKO moves are banned
|rule|Evasion Moves Clause: Evasion moves are banned
|rule|Endless Battle Clause: Forcing endless battles is banned
|rule|HP Percentage Mod: HP is shown in percentages
|clearpoke
|poke|p1|Hydreigon, F|
|poke|p1|Crawdaunt, F|
|poke|p1|Mandibuzz, F|
|poke|p1|Clefable, F|
|poke|p1|Mamoswine, F|
|poke|p1|Mimikyu, M|
|poke|p2|Runerigus, F|
|poke|p2|Hydreigon, M|
|poke|p2|Mimikyu, M|
|poke|p2|Cinderace, F|
|poke|p2|Clefable, F|
|poke|p2|Excadrill, F|
|rule|Dynamax Clause: You cannot dynamax
|teampreview
|j| Rengarzero
|j| TheLindomar
|inactive|Battle timer is ON: inactive players will automatically lose when time's up. (requested by yaoooooooooooooo)
|c|☆yaoooooooooooooo|hny
|
|start
|switch|p1a: Hydreigon|Hydreigon, F|100/100
|switch|p2a: broken|Cinderace, F|100/100
|turn|1
|inactive|rushx has 120 seconds left.
|
|switch|p1a: Mandibuzz|Mandibuzz, F|100/100
|move|p2a: broken|U-turn|p1a: Mandibuzz
|-damage|p1a: Mandibuzz|83/100
|-damage|p2a: broken|84/100|[from] item: Rocky Helmet|[of] p1a: Mandibuzz
|inactive|rushx has 120 seconds left.
|
|switch|p2a: Clefable|Clefable, F|100/100|[from]move: U-turn
|
|upkeep
|turn|2
|
|switch|p1a: Clefable|Clefable, F|100/100
|move|p2a: Clefable|Moonblast|p1a: Clefable
|-damage|p1a: Clefable|44/100
|
|upkeep
|turn|3
|
|move|p1a: Clefable|Fire Blast|p2a: Clefable|[miss]
|-miss|p1a: Clefable|p2a: Clefable
|move|p2a: Clefable|Moonblast|p1a: Clefable
|-damage|p1a: Clefable|0 fnt
|faint|p1a: Clefable
|
|upkeep
|
|switch|p1a: Mamoswine|Mamoswine, F|100/100
|turn|4
|
|move|p1a: Mamoswine|Icicle Crash|p2a: Clefable
|-crit|p2a: Clefable
|-damage|p2a: Clefable|0 fnt
|faint|p2a: Clefable
|
|upkeep
|
|switch|p2a: broken|Cinderace, F|84/100
|turn|5
|
|switch|p1a: Mandibuzz|Mandibuzz, F|83/100
|move|p2a: broken|U-turn|p1a: Mandibuzz
|-damage|p1a: Mandibuzz|63/100
|-damage|p2a: broken|67/100|[from] item: Rocky Helmet|[of] p1a: Mandibuzz
|
|switch|p2a: hugs|Mimikyu, M|100/100|[from]move: U-turn
|
|upkeep
|turn|6
|l| TheLindomar
|
|move|p2a: hugs|Play Rough|p1a: Mandibuzz
|-supereffective|p1a: Mandibuzz
|-damage|p1a: Mandibuzz|0 fnt
|-damage|p2a: hugs|84/100|[from] item: Rocky Helmet|[of] p1a: Mandibuzz
|-damage|p2a: hugs|74/100|[from] item: Life Orb
|faint|p1a: Mandibuzz
|
|upkeep
|
|switch|p1a: Mimikyu|Mimikyu, M|100/100
|turn|7
|
|move|p1a: Mimikyu|Shadow Sneak|p2a: hugs
|-activate|p2a: hugs|ability: Disguise
|-damage|p2a: hugs|74/100
|detailschange|p2a: hugs|Mimikyu-Busted, M
|-damage|p2a: hugs|62/100|[from] ability: Disguise|[of] p2a: hugs
|-damage|p1a: Mimikyu|91/100|[from] item: Life Orb
|move|p2a: hugs|Shadow Sneak|p1a: Mimikyu
|-activate|p1a: Mimikyu|ability: Disguise
|-damage|p1a: Mimikyu|91/100
|detailschange|p1a: Mimikyu|Mimikyu-Busted, M
|-damage|p1a: Mimikyu|78/100|[from] ability: Disguise|[of] p1a: Mimikyu
|-damage|p2a: hugs|52/100|[from] item: Life Orb
|
|upkeep
|turn|8
|
|move|p1a: Mimikyu|Shadow Sneak|p2a: hugs
|-supereffective|p2a: hugs
|-damage|p2a: hugs|0 fnt
|-damage|p1a: Mimikyu|68/100|[from] item: Life Orb
|faint|p2a: hugs
|
|upkeep
|
|switch|p2a: agent|Hydreigon, M|100/100
|turn|9
|
|switch|p1a: Hydreigon|Hydreigon, F|100/100
|move|p2a: agent|Flash Cannon|p1a: Hydreigon
|-damage|p1a: Hydreigon|70/100
|
|upkeep
|turn|10
|
|move|p2a: agent|Draco Meteor|p1a: Hydreigon
|-supereffective|p1a: Hydreigon
|-damage|p1a: Hydreigon|0 fnt
|-unboost|p2a: agent|spa|2
|faint|p1a: Hydreigon
|
|upkeep
|
|switch|p1a: Crawdaunt|Crawdaunt, F|100/100
|turn|11
|
|move|p2a: agent|Draco Meteor|p1a: Crawdaunt
|-damage|p1a: Crawdaunt|31/100
|-unboost|p2a: agent|spa|2
|move|p1a: Crawdaunt|Dragon Dance|p1a: Crawdaunt
|-boost|p1a: Crawdaunt|atk|1
|-boost|p1a: Crawdaunt|spe|1
|
|upkeep
|turn|12
|
|switch|p1a: Mimikyu|Mimikyu-Busted, M|68/100
|move|p2a: agent|Draco Meteor|p1a: Mimikyu
|-immune|p1a: Mimikyu
|
|upkeep
|turn|13
|
|switch|p2a: noob saibot|Runerigus, F|100/100
|move|p1a: Mimikyu|Swords Dance|p1a: Mimikyu
|-boost|p1a: Mimikyu|atk|2
|
|upkeep
|turn|14
|
|move|p1a: Mimikyu|Play Rough|p2a: noob saibot
|-damage|p2a: noob saibot|27/100
|-damage|p1a: Mimikyu|58/100|[from] item: Life Orb
|move|p2a: noob saibot|Will-O-Wisp|p1a: Mimikyu
|-status|p1a: Mimikyu|brn
|
|-heal|p2a: noob saibot|34/100|[from] item: Leftovers
|-damage|p1a: Mimikyu|52/100 brn|[from] brn
|upkeep
|turn|15
|
|move|p1a: Mimikyu|Play Rough|p2a: noob saibot
|-damage|p2a: noob saibot|0 fnt
|-damage|p1a: Mimikyu|42/100 brn|[from] item: Life Orb
|faint|p2a: noob saibot
|
|-damage|p1a: Mimikyu|36/100 brn|[from] brn
|upkeep
|
|switch|p2a: agent|Hydreigon, M|100/100
|turn|16
|j| Elterelley
|
|move|p1a: Mimikyu|Shadow Sneak|p2a: agent
|-resisted|p2a: agent
|-damage|p2a: agent|88/100
|-damage|p1a: Mimikyu|26/100 brn|[from] item: Life Orb
|move|p2a: agent|Dark Pulse|p1a: Mimikyu
|-damage|p1a: Mimikyu|0 fnt
|faint|p1a: Mimikyu
|
|-heal|p2a: agent|95/100|[from] item: Leftovers
|upkeep
|
|switch|p1a: Mamoswine|Mamoswine, F|100/100
|turn|17
|j|+cromagnet
|
|move|p1a: Mamoswine|Ice Shard|p2a: agent
|-supereffective|p2a: agent
|-damage|p2a: agent|26/100
|move|p2a: agent|Draco Meteor|p1a: Mamoswine
|-damage|p1a: Mamoswine|8/100
|-unboost|p2a: agent|spa|2
|
|-heal|p2a: agent|32/100|[from] item: Leftovers
|upkeep
|turn|18
|
|move|p1a: Mamoswine|Ice Shard|p2a: agent
|-supereffective|p2a: agent
|-damage|p2a: agent|0 fnt
|faint|p2a: agent
|
|upkeep
|
|switch|p2a: broken|Cinderace, F|67/100
|turn|19
|
|move|p1a: Mamoswine|Ice Shard|p2a: broken
|-resisted|p2a: broken
|-damage|p2a: broken|44/100
|move|p2a: broken|U-turn|p1a: Mamoswine
|-damage|p1a: Mamoswine|0 fnt
|faint|p1a: Mamoswine
|
|switch|p2a: lex|Excadrill, F|100/100|[from]move: U-turn
|-ability|p2a: lex|Mold Breaker
|
|upkeep
|
|switch|p1a: Crawdaunt|Crawdaunt, F|31/100
|turn|20
|
|move|p1a: Crawdaunt|Aqua Jet|p2a: lex
|-supereffective|p2a: lex
|-damage|p2a: lex|0 fnt
|-damage|p1a: Crawdaunt|21/100|[from] item: Life Orb
|faint|p2a: lex
|
|upkeep
|
|switch|p2a: broken|Cinderace, F|44/100
|turn|21
|l|+cromagnet
|
|move|p2a: broken|Sucker Punch||[still]
|-fail|p2a: broken
|move|p1a: Crawdaunt|Dragon Dance|p1a: Crawdaunt
|-boost|p1a: Crawdaunt|atk|1
|-boost|p1a: Crawdaunt|spe|1
|
|upkeep
|turn|22
|
|move|p2a: broken|Sucker Punch||[still]
|-fail|p2a: broken
|move|p1a: Crawdaunt|Dragon Dance|p1a: Crawdaunt
|-boost|p1a: Crawdaunt|atk|1
|-boost|p1a: Crawdaunt|spe|1
|
|upkeep
|turn|23
|
|move|p1a: Crawdaunt|Aqua Jet|p2a: broken
|-supereffective|p2a: broken
|-damage|p2a: broken|0 fnt
|-damage|p1a: Crawdaunt|11/100|[from] item: Life Orb
|faint|p2a: broken
|
|win|yaoooooooooooooo
|raw|yaoooooooooooooo's rating: 1761 → 1778(+17 for winning)
|raw|rushx's rating: 1708 → 1691(-17 for losing)
