|ScrapeTime|2020-01-01-01:55:14
|j|☆BigChurizo
|j|☆lSP34R
|player|p1|BigChurizo|266|1122
|player|p2|lSP34R|cynthia-gen4|1076
|teamsize|p1|6
|teamsize|p2|6
|gametype|singles
|gen|8
|tier|[Gen 8] OU
|rated|
|rule|Sleep Clause Mod: Limit one foe put to sleep
|rule|Species Clause: Limit one of each Pokémon
|rule|OHKO Clause: OHKO moves are banned
|rule|Evasion Moves Clause: Evasion moves are banned
|rule|Endless Battle Clause: Forcing endless battles is banned
|rule|HP Percentage Mod: HP is shown in percentages
|clearpoke
|poke|p1|Corsola-Galar, M|
|poke|p1|Cinderace, F|
|poke|p1|Mandibuzz, F|
|poke|p1|Dragapult, F|
|poke|p1|Appletun, F|
|poke|p1|Dracovish|
|poke|p2|Cloyster, M|
|poke|p2|Excadrill, M|
|poke|p2|Dragapult, F|
|poke|p2|Dracovish|
|poke|p2|Clefable, F|
|poke|p2|Corviknight, M|
|rule|Dynamax Clause: You cannot dynamax
|teampreview
|inactive|Battle timer is ON: inactive players will automatically lose when time's up. (requested by BigChurizo)
|
|start
|switch|p1a: Corsola|Corsola-Galar, M|100/100
|switch|p2a: Clefable|Clefable, F, shiny|100/100
|turn|1
|
|move|p2a: Clefable|Moonblast|p1a: Corsola
|-damage|p1a: Corsola|63/100
|-unboost|p1a: Corsola|spa|1
|move|p1a: Corsola|Stealth Rock|p2a: Clefable
|-sidestart|p2: lSP34R|move: Stealth Rock
|
|upkeep
|turn|2
|
|move|p2a: Clefable|Moonblast|p1a: Corsola
|-damage|p1a: Corsola|21/100
|-start|p2a: Clefable|Disable|Moonblast|[from] ability: Cursed Body|[of] p1a: Corsola
|move|p1a: Corsola|Strength Sap|p2a: Clefable
|-unboost|p2a: Clefable|atk|1
|-heal|p1a: Corsola|61/100
|
|upkeep
|turn|3
|
|move|p2a: Clefable|Thunderbolt|p1a: Corsola
|-damage|p1a: Corsola|37/100
|move|p1a: Corsola|Will-O-Wisp|p2a: Clefable
|-status|p2a: Clefable|brn
|
|upkeep
|turn|4
|
|move|p2a: Clefable|Thunderbolt|p1a: Corsola
|-crit|p1a: Corsola
|-damage|p1a: Corsola|0 fnt
|faint|p1a: Corsola
|
|upkeep
|
|switch|p1a: Appletun|Appletun, F|100/100
|turn|5
|
|switch|p2a: Corviknight|Corviknight, M, shiny|100/100
|-damage|p2a: Corviknight|88/100|[from] Stealth Rock
|-ability|p2a: Corviknight|Pressure
|move|p1a: Appletun|Leech Seed|p2a: Corviknight
|-start|p2a: Corviknight|move: Leech Seed
|
|-heal|p2a: Corviknight|94/100|[from] item: Leftovers
|-damage|p2a: Corviknight|82/100|[from] Leech Seed|[of] p1a: Appletun
|upkeep
|turn|6
|-message|BigChurizo forfeited.
|
|win|lSP34R
