|ScrapeTime|2020-01-01-02:44:52
|j|☆minggongzero
|j|☆Pixeldudeplays
|player|p1|minggongzero|169|1395
|player|p2|Pixeldudeplays|elesa|1287
|teamsize|p1|6
|teamsize|p2|6
|gametype|singles
|gen|8
|tier|[Gen 8] OU
|rated|
|rule|Sleep Clause Mod: Limit one foe put to sleep
|rule|Species Clause: Limit one of each Pokémon
|rule|OHKO Clause: OHKO moves are banned
|rule|Evasion Moves Clause: Evasion moves are banned
|rule|Endless Battle Clause: Forcing endless battles is banned
|rule|HP Percentage Mod: HP is shown in percentages
|clearpoke
|poke|p1|Pelipper, M|
|poke|p1|Bisharp, F|
|poke|p1|Ludicolo, F|
|poke|p1|Dracovish|
|poke|p1|Seismitoad, M|
|poke|p1|Frosmoth, F|
|poke|p2|Mamoswine, F|
|poke|p2|Dugtrio, M|
|poke|p2|Dragapult, F|
|poke|p2|Conkeldurr, M|
|poke|p2|Arcanine, M|
|poke|p2|Clefable, F|
|rule|Dynamax Clause: You cannot dynamax
|teampreview
|inactive|Battle timer is ON: inactive players will automatically lose when time's up. (requested by minggongzero)
|
|start
|switch|p1a: Pelipper|Pelipper, M|100/100
|switch|p2a: Clefable|Clefable, F|100/100
|-weather|RainDance|[from] ability: Drizzle|[of] p1a: Pelipper
|turn|1
|
|move|p1a: Pelipper|Hurricane|p2a: Clefable
|-crit|p2a: Clefable
|-damage|p2a: Clefable|46/100
|move|p2a: Clefable|Moonblast|p1a: Pelipper
|-damage|p1a: Pelipper|43/100
|
|-weather|RainDance|[upkeep]
|-heal|p2a: Clefable|52/100|[from] item: Leftovers
|upkeep
|turn|2
|
|move|p1a: Pelipper|Hurricane|p2a: Clefable
|-damage|p2a: Clefable|19/100
|move|p2a: Clefable|Wish|p2a: Clefable
|
|-weather|RainDance|[upkeep]
|-heal|p2a: Clefable|25/100|[from] item: Leftovers
|upkeep
|turn|3
|
|move|p2a: Clefable|Protect|p2a: Clefable
|-singleturn|p2a: Clefable|Protect
|move|p1a: Pelipper|Roost|p1a: Pelipper
|-heal|p1a: Pelipper|93/100
|-singleturn|p1a: Pelipper|move: Roost
|
|-weather|RainDance|[upkeep]
|-heal|p2a: Clefable|75/100|[from] move: Wish|[wisher] Clefable
|-heal|p2a: Clefable|81/100|[from] item: Leftovers
|upkeep
|turn|4
|
|move|p1a: Pelipper|U-turn|p2a: Clefable
|-resisted|p2a: Clefable
|-damage|p2a: Clefable|77/100
|
|switch|p1a: Frosmoth|Frosmoth, F|100/100|[from]move: U-turn
|move|p2a: Clefable|Moonblast|p1a: Frosmoth
|-damage|p1a: Frosmoth|72/100
|
|-weather|RainDance|[upkeep]
|-heal|p2a: Clefable|83/100|[from] item: Leftovers
|upkeep
|turn|5
|
|move|p1a: Frosmoth|Quiver Dance|p1a: Frosmoth
|-boost|p1a: Frosmoth|spa|1
|-boost|p1a: Frosmoth|spd|1
|-boost|p1a: Frosmoth|spe|1
|move|p2a: Clefable|Fire Blast|p1a: Frosmoth
|-supereffective|p1a: Frosmoth
|-damage|p1a: Frosmoth|43/100
|
|-weather|RainDance|[upkeep]
|-heal|p2a: Clefable|89/100|[from] item: Leftovers
|upkeep
|turn|6
|
|move|p1a: Frosmoth|Quiver Dance|p1a: Frosmoth
|-boost|p1a: Frosmoth|spa|1
|-boost|p1a: Frosmoth|spd|1
|-boost|p1a: Frosmoth|spe|1
|move|p2a: Clefable|Moonblast|p1a: Frosmoth
|-damage|p1a: Frosmoth|28/100
|
|-weather|RainDance|[upkeep]
|-heal|p2a: Clefable|95/100|[from] item: Leftovers
|upkeep
|turn|7
|
|switch|p2a: Arcanine|Arcanine, M|100/100
|-ability|p2a: Arcanine|Intimidate|boost
|-unboost|p1a: Frosmoth|atk|1
|move|p1a: Frosmoth|Hurricane|p2a: Arcanine
|-damage|p2a: Arcanine|20/100
|
|-weather|RainDance|[upkeep]
|-heal|p2a: Arcanine|26/100|[from] item: Leftovers
|upkeep
|turn|8
|
|move|p1a: Frosmoth|Hurricane|p2a: Arcanine
|-damage|p2a: Arcanine|0 fnt
|faint|p2a: Arcanine
|
|-weather|none
|upkeep
|
|switch|p2a: Dugtrio|Dugtrio, M|100/100
|turn|9
|
|move|p2a: Dugtrio|Sucker Punch|p1a: Frosmoth
|-damage|p1a: Frosmoth|0 fnt
|faint|p1a: Frosmoth
|
|upkeep
|
|switch|p1a: Pelipper|Pelipper, M|93/100
|-weather|RainDance|[from] ability: Drizzle|[of] p1a: Pelipper
|turn|10
|
|switch|p2a: Dragapult|Dragapult, F|100/100
|move|p1a: Pelipper|Scald|p2a: Dragapult
|-resisted|p2a: Dragapult
|-damage|p2a: Dragapult|74/100
|-status|p2a: Dragapult|brn
|
|-weather|RainDance|[upkeep]
|-damage|p2a: Dragapult|68/100 brn|[from] brn
|upkeep
|turn|11
|
|switch|p1a: Seismitoad|Seismitoad, M|100/100
|move|p2a: Dragapult|U-turn|p1a: Seismitoad
|-damage|p1a: Seismitoad|94/100
|
|switch|p2a: Conkeldurr|Conkeldurr, M|100/100|[from]move: U-turn
|
|-weather|RainDance|[upkeep]
|-heal|p1a: Seismitoad|99/100|[from] item: Leftovers
|-status|p2a: Conkeldurr|brn|[from] item: Flame Orb
|upkeep
|turn|12
|
|move|p1a: Seismitoad|Scald|p2a: Conkeldurr
|-damage|p2a: Conkeldurr|60/100 brn
|move|p2a: Conkeldurr|Close Combat|p1a: Seismitoad
|-damage|p1a: Seismitoad|22/100
|-unboost|p2a: Conkeldurr|def|1
|-unboost|p2a: Conkeldurr|spd|1
|
|-weather|RainDance|[upkeep]
|-heal|p1a: Seismitoad|29/100|[from] item: Leftovers
|-damage|p2a: Conkeldurr|54/100 brn|[from] brn
|upkeep
|turn|13
|
|switch|p2a: Clefable|Clefable, F|95/100
|move|p1a: Seismitoad|Earthquake|p2a: Clefable
|-damage|p2a: Clefable|55/100
|
|-weather|RainDance|[upkeep]
|-heal|p1a: Seismitoad|35/100|[from] item: Leftovers
|-heal|p2a: Clefable|61/100|[from] item: Leftovers
|upkeep
|turn|14
|inactive|minggongzero has 120 seconds left.
|
|move|p1a: Seismitoad|Stealth Rock|p2a: Clefable
|-sidestart|p2: Pixeldudeplays|move: Stealth Rock
|move|p2a: Clefable|Moonblast|p1a: Seismitoad
|-damage|p1a: Seismitoad|0 fnt
|faint|p1a: Seismitoad
|
|-weather|RainDance|[upkeep]
|-heal|p2a: Clefable|67/100|[from] item: Leftovers
|upkeep
|inactive|minggongzero has 120 seconds left.
|
|switch|p1a: Dracovish|Dracovish|100/100
|turn|15
|
|switch|p2a: Dugtrio|Dugtrio, M|100/100
|-damage|p2a: Dugtrio|94/100|[from] Stealth Rock
|move|p1a: Dracovish|Fishious Rend|p2a: Dugtrio
|-supereffective|p2a: Dugtrio
|-damage|p2a: Dugtrio|0 fnt
|faint|p2a: Dugtrio
|
|-weather|RainDance|[upkeep]
|upkeep
|
|switch|p2a: Dragapult|Dragapult, F|68/100 brn
|-damage|p2a: Dragapult|56/100 brn|[from] Stealth Rock
|turn|16
|
|move|p2a: Dragapult|Draco Meteor|p1a: Dracovish
|-supereffective|p1a: Dracovish
|-damage|p1a: Dracovish|0 fnt
|-unboost|p2a: Dragapult|spa|2
|faint|p1a: Dracovish
|
|-weather|RainDance|[upkeep]
|-damage|p2a: Dragapult|50/100 brn|[from] brn
|upkeep
|
|switch|p1a: Ludicolo|Ludicolo, F|100/100
|turn|17
|
|switch|p2a: Clefable|Clefable, F|67/100
|move|p1a: Ludicolo|Ice Beam|p2a: Clefable
|-damage|p2a: Clefable|35/100
|-damage|p1a: Ludicolo|91/100|[from] item: Life Orb
|
|-weather|none
|-heal|p2a: Clefable|41/100|[from] item: Leftovers
|upkeep
|turn|18
|
|move|p1a: Ludicolo|Hydro Pump|p2a: Clefable
|-damage|p2a: Clefable|0 fnt
|-damage|p1a: Ludicolo|81/100|[from] item: Life Orb
|faint|p2a: Clefable
|
|upkeep
|
|switch|p2a: Conkeldurr|Conkeldurr, M|54/100 brn
|-damage|p2a: Conkeldurr|48/100 brn|[from] Stealth Rock
|turn|19
|
|switch|p1a: Pelipper|Pelipper, M|93/100
|-weather|RainDance|[from] ability: Drizzle|[of] p1a: Pelipper
|move|p2a: Conkeldurr|Thunder Punch|p1a: Pelipper
|-supereffective|p1a: Pelipper
|-damage|p1a: Pelipper|0 fnt
|faint|p1a: Pelipper
|
|-weather|RainDance|[upkeep]
|-damage|p2a: Conkeldurr|42/100 brn|[from] brn
|upkeep
|
|switch|p1a: Ludicolo|Ludicolo, F|81/100
|turn|20
|
|switch|p2a: Dragapult|Dragapult, F|50/100 brn
|-damage|p2a: Dragapult|37/100 brn|[from] Stealth Rock
|move|p1a: Ludicolo|Hydro Pump|p2a: Dragapult
|-resisted|p2a: Dragapult
|-damage|p2a: Dragapult|0 fnt
|-damage|p1a: Ludicolo|71/100|[from] item: Life Orb
|faint|p2a: Dragapult
|
|-weather|RainDance|[upkeep]
|upkeep
|
|switch|p2a: Conkeldurr|Conkeldurr, M|42/100 brn
|-damage|p2a: Conkeldurr|36/100 brn|[from] Stealth Rock
|turn|21
|
|move|p2a: Conkeldurr|Mach Punch|p1a: Ludicolo
|-damage|p1a: Ludicolo|18/100
|move|p1a: Ludicolo|Giga Drain|p2a: Conkeldurr
|-damage|p2a: Conkeldurr|0 fnt
|-heal|p1a: Ludicolo|43/100|[from] drain|[of] p2a: Conkeldurr
|-damage|p1a: Ludicolo|33/100|[from] item: Life Orb
|faint|p2a: Conkeldurr
|
|-weather|RainDance|[upkeep]
|upkeep
|-message|Pixeldudeplays forfeited.
|
|win|minggongzero
|l|☆Pixeldudeplays
|raw|minggongzero's rating: 1395 → 1409(+14 for winning)
|raw|Pixeldudeplays's rating: 1287 → 1269(-18 for losing)
