|ScrapeTime|2020-01-01-03:44:51
|j|☆snivy113
|j|☆SandGetsEverywhere
|player|p1|snivy113|2|1248
|player|p2|SandGetsEverywhere|riley|1203
|teamsize|p1|6
|teamsize|p2|6
|gametype|singles
|gen|8
|tier|[Gen 8] OU
|rated|
|rule|Sleep Clause Mod: Limit one foe put to sleep
|rule|Species Clause: Limit one of each Pokémon
|rule|OHKO Clause: OHKO moves are banned
|rule|Evasion Moves Clause: Evasion moves are banned
|rule|Endless Battle Clause: Forcing endless battles is banned
|rule|HP Percentage Mod: HP is shown in percentages
|clearpoke
|poke|p1|Sirfetch'd, F|
|poke|p1|Dragapult, F|
|poke|p1|Snorlax, M|
|poke|p1|Seismitoad, F|
|poke|p1|Rotom-Heat|
|poke|p1|Corviknight, F|
|poke|p2|Pelipper, F|
|poke|p2|Dracovish|
|poke|p2|Barraskewda, M|
|poke|p2|Excadrill, F|
|poke|p2|Mantine, M|
|poke|p2|Ferrothorn, M|
|rule|Dynamax Clause: You cannot dynamax
|teampreview
|
|start
|switch|p1a: Seismitoad|Seismitoad, F|100/100
|switch|p2a: Pelipper|Pelipper, F|100/100
|-weather|RainDance|[from] ability: Drizzle|[of] p2a: Pelipper
|turn|1
|
|move|p2a: Pelipper|Hurricane|p1a: Seismitoad
|-damage|p1a: Seismitoad|59/100
|move|p1a: Seismitoad|Stealth Rock|p2a: Pelipper
|-sidestart|p2: SandGetsEverywhere|move: Stealth Rock
|
|-weather|RainDance|[upkeep]
|-heal|p1a: Seismitoad|65/100|[from] item: Leftovers
|upkeep
|turn|2
|
|move|p1a: Seismitoad|Protect|p1a: Seismitoad
|-singleturn|p1a: Seismitoad|Protect
|move|p2a: Pelipper|Hurricane|p1a: Seismitoad
|-activate|p1a: Seismitoad|move: Protect
|
|-weather|RainDance|[upkeep]
|-heal|p1a: Seismitoad|71/100|[from] item: Leftovers
|upkeep
|turn|3
|
|switch|p1a: Snorlax|Snorlax, M|100/100
|move|p2a: Pelipper|Hurricane|p1a: Snorlax
|-damage|p1a: Snorlax|81/100
|-start|p1a: Snorlax|confusion
|
|-weather|RainDance|[upkeep]
|-heal|p1a: Snorlax|87/100|[from] item: Leftovers
|upkeep
|turn|4
|
|move|p2a: Pelipper|Hurricane|p1a: Snorlax
|-damage|p1a: Snorlax|66/100
|-activate|p1a: Snorlax|confusion
|move|p1a: Snorlax|Body Slam|p2a: Pelipper
|-damage|p2a: Pelipper|75/100
|
|-weather|RainDance|[upkeep]
|-heal|p1a: Snorlax|72/100|[from] item: Leftovers
|upkeep
|turn|5
|
|switch|p2a: Excadrill|Excadrill, F|100/100
|-damage|p2a: Excadrill|97/100|[from] Stealth Rock
|-ability|p2a: Excadrill|Mold Breaker
|-end|p1a: Snorlax|confusion
|move|p1a: Snorlax|Darkest Lariat|p2a: Excadrill
|-damage|p2a: Excadrill|61/100
|
|-weather|RainDance|[upkeep]
|-heal|p1a: Snorlax|78/100|[from] item: Leftovers
|upkeep
|turn|6
|
|switch|p1a: Corviknight|Corviknight, F|100/100
|-ability|p1a: Corviknight|Pressure
|move|p2a: Excadrill|Rapid Spin|p1a: Corviknight
|-resisted|p1a: Corviknight
|-damage|p1a: Corviknight|93/100
|-sideend|p2: SandGetsEverywhere|Stealth Rock|[from] move: Rapid Spin|[of] p2a: Excadrill
|-boost|p2a: Excadrill|spe|1
|
|-weather|RainDance|[upkeep]
|-heal|p1a: Corviknight|99/100|[from] item: Leftovers
|upkeep
|turn|7
|
|switch|p2a: Mantine|Mantine, M|100/100
|move|p1a: Corviknight|U-turn|p2a: Mantine
|-resisted|p2a: Mantine
|-damage|p2a: Mantine|90/100
|
|switch|p1a: Dragapult|Dragapult, F|100/100|[from]move: U-turn
|
|-weather|RainDance|[upkeep]
|upkeep
|turn|8
|l|☆snivy113
|player|p1|
|inactive|Battle timer is ON: inactive players will automatically lose when time's up. (requested by SandGetsEverywhere)
|j|☆snivy113
|inactive|snivy113 reconnected and has 130 seconds left.
|player|p1|snivy113|2
|inactive|snivy113 has 120 seconds left.
|
|move|p2a: Mantine|Ice Beam|p1a: Dragapult
|-supereffective|p1a: Dragapult
|-damage|p1a: Dragapult|3/100
|move|p1a: Dragapult|Thunderbolt|p2a: Mantine
|-supereffective|p2a: Mantine
|-damage|p2a: Mantine|0 fnt
|faint|p2a: Mantine
|
|-weather|none
|upkeep
|
|switch|p2a: Pelipper|Pelipper, F|75/100
|-weather|RainDance|[from] ability: Drizzle|[of] p2a: Pelipper
|turn|9
|
|switch|p2a: Excadrill|Excadrill, F|61/100
|-ability|p2a: Excadrill|Mold Breaker
|move|p1a: Dragapult|Thunderbolt|p2a: Excadrill
|-immune|p2a: Excadrill
|
|-weather|RainDance|[upkeep]
|upkeep
|turn|10
|
|switch|p1a: Corviknight|Corviknight, F|99/100
|-ability|p1a: Corviknight|Pressure
|move|p2a: Excadrill|Stealth Rock|p1a: Corviknight
|-sidestart|p1: snivy113|move: Stealth Rock
|
|-weather|RainDance|[upkeep]
|-heal|p1a: Corviknight|100/100|[from] item: Leftovers
|upkeep
|turn|11
|
|switch|p2a: Dracovish|Dracovish|100/100
|move|p1a: Corviknight|Defog|p2a: Dracovish
|-unboost|p2a: Dracovish|evasion|1
|-sideend|p1: snivy113|Stealth Rock|[from] move: Defog|[of] p1a: Corviknight
|
|-weather|RainDance|[upkeep]
|upkeep
|turn|12
|
|switch|p1a: Seismitoad|Seismitoad, F|71/100
|move|p2a: Dracovish|Psychic Fangs|p1a: Seismitoad
|-damage|p1a: Seismitoad|29/100
|
|-weather|RainDance|[upkeep]
|-heal|p1a: Seismitoad|36/100|[from] item: Leftovers
|upkeep
|turn|13
|
|move|p1a: Seismitoad|Protect|p1a: Seismitoad
|-singleturn|p1a: Seismitoad|Protect
|move|p2a: Dracovish|Psychic Fangs|p1a: Seismitoad
|-activate|p1a: Seismitoad|move: Protect
|
|-weather|RainDance|[upkeep]
|-heal|p1a: Seismitoad|42/100|[from] item: Leftovers
|upkeep
|turn|14
|
|move|p2a: Dracovish|Psychic Fangs|p1a: Seismitoad
|-damage|p1a: Seismitoad|1/100
|move|p1a: Seismitoad|Earthquake|p2a: Dracovish
|-damage|p2a: Dracovish|63/100
|
|-weather|RainDance|[upkeep]
|-heal|p1a: Seismitoad|8/100|[from] item: Leftovers
|upkeep
|turn|15
|
|move|p1a: Seismitoad|Protect|p1a: Seismitoad
|-singleturn|p1a: Seismitoad|Protect
|move|p2a: Dracovish|Psychic Fangs|p1a: Seismitoad
|-activate|p1a: Seismitoad|move: Protect
|
|-weather|RainDance|[upkeep]
|-heal|p1a: Seismitoad|14/100|[from] item: Leftovers
|upkeep
|turn|16
|
|move|p2a: Dracovish|Psychic Fangs|p1a: Seismitoad
|-damage|p1a: Seismitoad|0 fnt
|faint|p1a: Seismitoad
|
|-weather|none
|upkeep
|
|switch|p1a: Dragapult|Dragapult, F|3/100
|turn|17
|
|switch|p2a: Excadrill|Excadrill, F|61/100
|-ability|p2a: Excadrill|Mold Breaker
|move|p1a: Dragapult|Draco Meteor|p2a: Excadrill
|-resisted|p2a: Excadrill
|-damage|p2a: Excadrill|3/100
|-unboost|p1a: Dragapult|spa|2
|
|upkeep
|turn|18
|
|switch|p2a: Ferrothorn|Ferrothorn, M|100/100
|move|p1a: Dragapult|Draco Meteor|p2a: Ferrothorn
|-resisted|p2a: Ferrothorn
|-damage|p2a: Ferrothorn|86/100
|-unboost|p1a: Dragapult|spa|2
|
|-heal|p2a: Ferrothorn|93/100|[from] item: Leftovers
|upkeep
|turn|19
|
|switch|p1a: Rotom|Rotom-Heat|100/100
|move|p2a: Ferrothorn|Knock Off|p1a: Rotom
|-damage|p1a: Rotom|80/100
|-enditem|p1a: Rotom|Choice Scarf|[from] move: Knock Off|[of] p2a: Ferrothorn
|
|-heal|p2a: Ferrothorn|99/100|[from] item: Leftovers
|upkeep
|turn|20
|
|switch|p2a: Pelipper|Pelipper, F|75/100
|-weather|RainDance|[from] ability: Drizzle|[of] p2a: Pelipper
|move|p1a: Rotom|Overheat|p2a: Pelipper|[miss]
|-miss|p1a: Rotom|p2a: Pelipper
|
|-weather|RainDance|[upkeep]
|upkeep
|turn|21
|
|move|p1a: Rotom|Volt Switch|p2a: Pelipper
|-supereffective|p2a: Pelipper
|-damage|p2a: Pelipper|0 fnt
|faint|p2a: Pelipper
|
|switch|p1a: Dragapult|Dragapult, F|3/100|[from]move: Volt Switch
|
|-weather|RainDance|[upkeep]
|upkeep
|
|switch|p2a: Barraskewda|Barraskewda, M|100/100
|turn|22
|
|switch|p1a: Corviknight|Corviknight, F|100/100
|-ability|p1a: Corviknight|Pressure
|move|p2a: Barraskewda|Liquidation|p1a: Corviknight
|-damage|p1a: Corviknight|18/100
|
|-weather|RainDance|[upkeep]
|-heal|p1a: Corviknight|25/100|[from] item: Leftovers
|upkeep
|turn|23
|
|move|p2a: Barraskewda|Liquidation|p1a: Corviknight
|-damage|p1a: Corviknight|0 fnt
|faint|p1a: Corviknight
|
|-weather|RainDance|[upkeep]
|upkeep
|
|switch|p1a: Snorlax|Snorlax, M|78/100
|turn|24
|
|move|p2a: Barraskewda|Liquidation|p1a: Snorlax
|-damage|p1a: Snorlax|9/100
|move|p1a: Snorlax|Body Slam|p2a: Barraskewda
|-damage|p2a: Barraskewda|35/100
|-status|p2a: Barraskewda|par
|
|-weather|RainDance|[upkeep]
|-heal|p1a: Snorlax|15/100|[from] item: Leftovers
|upkeep
|turn|25
|
|cant|p2a: Barraskewda|par
|move|p1a: Snorlax|Darkest Lariat|p2a: Barraskewda
|-damage|p2a: Barraskewda|0 fnt
|faint|p2a: Barraskewda
|
|-weather|RainDance|[upkeep]
|-heal|p1a: Snorlax|21/100|[from] item: Leftovers
|upkeep
|
|switch|p2a: Dracovish|Dracovish|63/100
|turn|26
|
|move|p2a: Dracovish|Fishious Rend|p1a: Snorlax
|-damage|p1a: Snorlax|0 fnt
|faint|p1a: Snorlax
|
|-weather|RainDance|[upkeep]
|upkeep
|
|switch|p1a: Rotom|Rotom-Heat|80/100
|turn|27
|
|move|p2a: Dracovish|Fishious Rend|p1a: Rotom
|-supereffective|p1a: Rotom
|-damage|p1a: Rotom|0 fnt
|faint|p1a: Rotom
|
|-weather|none
|upkeep
|
|switch|p1a: Dragapult|Dragapult, F|3/100
|turn|28
|
|switch|p2a: Ferrothorn|Ferrothorn, M|99/100
|move|p1a: Dragapult|Draco Meteor|p2a: Ferrothorn
|-resisted|p2a: Ferrothorn
|-damage|p2a: Ferrothorn|72/100
|-unboost|p1a: Dragapult|spa|2
|
|-heal|p2a: Ferrothorn|78/100|[from] item: Leftovers
|upkeep
|turn|29
|
|switch|p1a: Sirfetch'd|Sirfetch'd, F|100/100
|move|p2a: Ferrothorn|Knock Off|p1a: Sirfetch'd
|-resisted|p1a: Sirfetch'd
|-damage|p1a: Sirfetch'd|88/100
|-enditem|p1a: Sirfetch'd|Choice Band|[from] move: Knock Off|[of] p2a: Ferrothorn
|
|-heal|p2a: Ferrothorn|84/100|[from] item: Leftovers
|upkeep
|turn|30
|
|switch|p2a: Excadrill|Excadrill, F|3/100
|-ability|p2a: Excadrill|Mold Breaker
|move|p1a: Sirfetch'd|Close Combat|p2a: Excadrill
|-supereffective|p2a: Excadrill
|-damage|p2a: Excadrill|0 fnt
|-unboost|p1a: Sirfetch'd|def|1
|-unboost|p1a: Sirfetch'd|spd|1
|faint|p2a: Excadrill
|
|upkeep
|
|switch|p2a: Dracovish|Dracovish|63/100
|turn|31
|
|move|p2a: Dracovish|Fishious Rend|p1a: Sirfetch'd
|-crit|p1a: Sirfetch'd
|-damage|p1a: Sirfetch'd|0 fnt
|faint|p1a: Sirfetch'd
|
|upkeep
|
|switch|p1a: Dragapult|Dragapult, F|3/100
|turn|32
|
|move|p1a: Dragapult|Thunderbolt|p2a: Dracovish
|-damage|p2a: Dracovish|11/100
|move|p2a: Dracovish|Fishious Rend|p1a: Dragapult
|-resisted|p1a: Dragapult
|-damage|p1a: Dragapult|0 fnt
|faint|p1a: Dragapult
|
|win|SandGetsEverywhere
|raw|snivy113's rating: 1248 → 1220(-28 for losing)
|raw|SandGetsEverywhere's rating: 1203 → 1231(+28 for winning)
