|ScrapeTime|2020-01-01-01:46:38
|j|☆Big Tyma
|j|☆LaxativeCement
|player|p1|Big Tyma|170|1788
|player|p2|LaxativeCement|lucas|1512
|teamsize|p1|6
|teamsize|p2|6
|gametype|singles
|gen|8
|tier|[Gen 8] OU
|rated|
|rule|Sleep Clause Mod: Limit one foe put to sleep
|rule|Species Clause: Limit one of each Pokémon
|rule|OHKO Clause: OHKO moves are banned
|rule|Evasion Moves Clause: Evasion moves are banned
|rule|Endless Battle Clause: Forcing endless battles is banned
|rule|HP Percentage Mod: HP is shown in percentages
|clearpoke
|poke|p1|Tyranitar, F|
|poke|p1|Excadrill, M|
|poke|p1|Aegislash, M|
|poke|p1|Corviknight, M|
|poke|p1|Salazzle, F|
|poke|p1|Toxtricity, F|
|poke|p2|Cinderace, F|
|poke|p2|Excadrill, M|
|poke|p2|Rotom-Wash|
|poke|p2|Aegislash, M|
|poke|p2|Gyarados, F|
|poke|p2|Conkeldurr, F|
|rule|Dynamax Clause: You cannot dynamax
|teampreview
|inactive|Battle timer is ON: inactive players will automatically lose when time's up. (requested by LaxativeCement)
|j| Shitpult
|l| Shitpult
|
|start
|switch|p1a: Salazzle|Salazzle, F|100/100
|switch|p2a: Brody|Conkeldurr, F|100/100
|turn|1
|
|switch|p1a: Corviknight|Corviknight, M|100/100
|move|p2a: Brody|Earthquake|p1a: Corviknight
|-immune|p1a: Corviknight
|
|-status|p2a: Brody|brn|[from] item: Flame Orb
|upkeep
|turn|2
|
|move|p1a: Corviknight|Body Press|p2a: Brody
|-damage|p2a: Brody|78/100 brn
|move|p2a: Brody|Thunder Punch|p1a: Corviknight
|-supereffective|p1a: Corviknight
|-damage|p1a: Corviknight|46/100
|
|-heal|p1a: Corviknight|52/100|[from] item: Leftovers
|-damage|p2a: Brody|72/100 brn|[from] brn
|upkeep
|turn|3
|
|move|p1a: Corviknight|Brave Bird|p2a: Brody
|-supereffective|p2a: Brody
|-damage|p2a: Brody|9/100 brn
|-damage|p1a: Corviknight|31/100|[from] Recoil
|move|p2a: Brody|Drain Punch|p1a: Corviknight
|-damage|p1a: Corviknight|0 fnt
|-heal|p2a: Brody|24/100 brn|[from] drain|[of] p1a: Corviknight
|faint|p1a: Corviknight
|
|-damage|p2a: Brody|18/100 brn|[from] brn
|upkeep
|
|switch|p1a: Aegislash|Aegislash, M|100/100
|turn|4
|
|-formechange|p1a: Aegislash|Aegislash-Blade||[from] ability: Stance Change
|move|p1a: Aegislash|Shadow Ball|p2a: Brody
|-damage|p2a: Brody|0 fnt
|-damage|p1a: Aegislash|91/100|[from] item: Life Orb
|faint|p2a: Brody
|
|upkeep
|
|switch|p2a: Nesquik|Cinderace, F|100/100
|turn|5
|
|switch|p1a: Salazzle|Salazzle, F|100/100
|move|p2a: Nesquik|Pyro Ball|p1a: Salazzle
|-resisted|p1a: Salazzle
|-damage|p1a: Salazzle|46/100
|
|upkeep
|turn|6
|
|move|p2a: Nesquik|Pyro Ball|p1a: Salazzle
|-resisted|p1a: Salazzle
|-damage|p1a: Salazzle|0 fnt
|faint|p1a: Salazzle
|
|upkeep
|
|switch|p1a: Tyranitar|Tyranitar, F|100/100
|-weather|Sandstorm|[from] ability: Sand Stream|[of] p1a: Tyranitar
|turn|7
|
|move|p2a: Nesquik|High Jump Kick|p1a: Tyranitar
|-supereffective|p1a: Tyranitar
|-damage|p1a: Tyranitar|0 fnt
|faint|p1a: Tyranitar
|
|-weather|Sandstorm|[upkeep]
|-damage|p2a: Nesquik|95/100|[from] Sandstorm
|upkeep
|
|switch|p1a: Excadrill|Excadrill, M|100/100
|turn|8
|
|move|p2a: Nesquik|Sucker Punch|p1a: Excadrill
|-damage|p1a: Excadrill|66/100
|move|p1a: Excadrill|Rock Slide|p2a: Nesquik
|-supereffective|p2a: Nesquik
|-damage|p2a: Nesquik|0 fnt
|-damage|p1a: Excadrill|56/100|[from] item: Life Orb
|faint|p2a: Nesquik
|
|-weather|Sandstorm|[upkeep]
|upkeep
|
|switch|p2a: CLEEEAN|Rotom-Wash|100/100
|turn|9
|
|switch|p1a: Toxtricity|Toxtricity, F|100/100
|move|p2a: CLEEEAN|Hydro Pump|p1a: Toxtricity
|-damage|p1a: Toxtricity|44/100
|
|-weather|Sandstorm|[upkeep]
|-damage|p2a: CLEEEAN|94/100|[from] Sandstorm
|-damage|p1a: Toxtricity|37/100|[from] Sandstorm
|-heal|p2a: CLEEEAN|100/100|[from] item: Leftovers
|upkeep
|turn|10
|
|move|p2a: CLEEEAN|Volt Switch|p1a: Toxtricity
|-resisted|p1a: Toxtricity
|-damage|p1a: Toxtricity|17/100
|
|switch|p2a: SLICE EM UP|Aegislash, M|100/100|[from]move: Volt Switch
|move|p1a: Toxtricity|Overdrive|p2a: SLICE EM UP
|-damage|p2a: SLICE EM UP|47/100
|
|-weather|Sandstorm|[upkeep]
|-damage|p1a: Toxtricity|11/100|[from] Sandstorm
|-heal|p2a: SLICE EM UP|53/100|[from] item: Leftovers
|upkeep
|turn|11
|-message|Big Tyma forfeited.
|
|win|LaxativeCement
|l|☆Big Tyma
|raw|Big Tyma's rating: 1788 → 1755(-33 for losing)
|raw|LaxativeCement's rating: 1512 → 1545(+33 for winning)
|l|☆LaxativeCement
|j|☆LaxativeCement
|player|p2|LaxativeCement|lucas
