|ScrapeTime|2020-01-01-04:04:38
|j|☆Dawnmoon昼月.
|j|☆yaoooooooooooooo
|player|p1|Dawnmoon昼月.|265|1864
|player|p2|yaoooooooooooooo|102|1778
|teamsize|p1|6
|teamsize|p2|6
|gametype|singles
|gen|8
|tier|[Gen 8] OU
|rated|
|rule|Sleep Clause Mod: Limit one foe put to sleep
|rule|Species Clause: Limit one of each Pokémon
|rule|OHKO Clause: OHKO moves are banned
|rule|Evasion Moves Clause: Evasion moves are banned
|rule|Endless Battle Clause: Forcing endless battles is banned
|rule|HP Percentage Mod: HP is shown in percentages
|clearpoke
|poke|p1|Toxapex, M|
|poke|p1|Chandelure, F|
|poke|p1|Dugtrio, M|
|poke|p1|Hatterene, F|
|poke|p1|Corviknight, F|
|poke|p1|Ditto|
|poke|p2|Hydreigon, M|
|poke|p2|Crawdaunt, M|
|poke|p2|Mandibuzz, F|
|poke|p2|Clefable, M|
|poke|p2|Mamoswine, M|
|poke|p2|Mimikyu, F|
|rule|Dynamax Clause: You cannot dynamax
|teampreview
|inactive|Battle timer is ON: inactive players will automatically lose when time's up. (requested by yaoooooooooooooo)
|
|start
|switch|p1a: Condemnation Wings|Corviknight, F|100/100
|switch|p2a: Hydreigon|Hydreigon, M|100/100
|turn|1
|
|move|p2a: Hydreigon|Nasty Plot|p2a: Hydreigon
|-boost|p2a: Hydreigon|spa|2
|move|p1a: Condemnation Wings|U-turn|p2a: Hydreigon
|-supereffective|p2a: Hydreigon
|-damage|p2a: Hydreigon|70/100
|
|switch|p1a: Blazblue.|Ditto, shiny|100/100|[from]move: U-turn
|-transform|p1a: Blazblue.|p2a: Hydreigon|[from] ability: Imposter
|
|upkeep
|turn|2
|
|move|p1a: Blazblue.|Flash Cannon|p2a: Hydreigon
|-damage|p2a: Hydreigon|3/100
|move|p2a: Hydreigon|Draco Meteor|p1a: Blazblue.
|-supereffective|p1a: Blazblue.
|-damage|p1a: Blazblue.|0 fnt
|-unboost|p2a: Hydreigon|spa|2
|faint|p1a: Blazblue.
|
|upkeep
|
|switch|p1a: Jaeger.|Dugtrio, M|100/100
|turn|3
|j| chineseTHEshit
|
|switch|p2a: Mandibuzz|Mandibuzz, F|100/100
|move|p1a: Jaeger.|Stealth Rock|p2a: Mandibuzz
|-sidestart|p2: yaoooooooooooooo|move: Stealth Rock
|
|upkeep
|turn|4
|
|switch|p1a: Walpurgisnacht.|Hatterene, F|100/100
|move|p2a: Mandibuzz|Defog|p1a: Walpurgisnacht.
|move|p1a: Walpurgisnacht.|Defog|p2a: Mandibuzz|[from]Magic Bounce
|-unboost|p2a: Mandibuzz|evasion|1
|-sideend|p2: yaoooooooooooooo|Stealth Rock|[from] move: Defog|[of] p1a: Walpurgisnacht.
|
|upkeep
|turn|5
|
|switch|p2a: Clefable|Clefable, M|100/100
|move|p1a: Walpurgisnacht.|Psyshock|p2a: Clefable
|-damage|p2a: Clefable|38/100
|
|upkeep
|turn|6
|
|switch|p1a: Condemnation Wings|Corviknight, F|100/100
|move|p2a: Clefable|Moonblast|p1a: Condemnation Wings
|-resisted|p1a: Condemnation Wings
|-damage|p1a: Condemnation Wings|78/100
|
|-heal|p1a: Condemnation Wings|84/100|[from] item: Leftovers
|upkeep
|turn|7
|
|switch|p2a: Mandibuzz|Mandibuzz, F|100/100
|switch|p1a: Jaeger.|Dugtrio, M|100/100
|
|upkeep
|turn|8
|j|+cromagnet
|
|switch|p1a: Thin red line.|Toxapex, M, shiny|100/100
|move|p2a: Mandibuzz|Foul Play|p1a: Thin red line.
|-damage|p1a: Thin red line.|90/100
|
|-heal|p1a: Thin red line.|96/100|[from] item: Black Sludge
|upkeep
|turn|9
|
|move|p2a: Mandibuzz|Taunt|p1a: Thin red line.
|-start|p1a: Thin red line.|move: Taunt
|move|p1a: Thin red line.|Scald|p2a: Mandibuzz
|-damage|p2a: Mandibuzz|86/100
|
|-heal|p1a: Thin red line.|100/100|[from] item: Black Sludge
|upkeep
|turn|10
|j| GiratinaF4N
|
|switch|p2a: Clefable|Clefable, M|38/100
|move|p1a: Thin red line.|Scald|p2a: Clefable
|-damage|p2a: Clefable|21/100
|
|upkeep
|turn|11
|
|switch|p1a: Spirit of fire.|Chandelure, F, shiny|100/100
|move|p2a: Clefable|Stealth Rock|p1a: Spirit of fire.
|-sidestart|p1: Dawnmoon昼月.|move: Stealth Rock
|
|upkeep
|turn|12
|
|switch|p2a: Hydreigon|Hydreigon, M|3/100
|move|p1a: Spirit of fire.|Fire Blast|p2a: Hydreigon
|-resisted|p2a: Hydreigon
|-damage|p2a: Hydreigon|0 fnt
|faint|p2a: Hydreigon
|
|upkeep
|
|switch|p2a: Crawdaunt|Crawdaunt, M|100/100
|turn|13
|
|move|p1a: Spirit of fire.|Fire Blast|p2a: Crawdaunt
|-resisted|p2a: Crawdaunt
|-damage|p2a: Crawdaunt|0 fnt
|faint|p2a: Crawdaunt
|
|upkeep
|
|switch|p2a: Mandibuzz|Mandibuzz, F|86/100
|turn|14
|
|move|p1a: Spirit of fire.|Fire Blast|p2a: Mandibuzz
|-damage|p2a: Mandibuzz|7/100
|move|p2a: Mandibuzz|Foul Play|p1a: Spirit of fire.
|-supereffective|p1a: Spirit of fire.
|-damage|p1a: Spirit of fire.|63/100
|
|upkeep
|turn|15
|
|move|p1a: Spirit of fire.|Fire Blast|p2a: Mandibuzz
|-damage|p2a: Mandibuzz|0 fnt
|faint|p2a: Mandibuzz
|
|upkeep
|
|switch|p2a: Mamoswine|Mamoswine, M|100/100
|turn|16
|j| szystest
|l|+cromagnet
|
|move|p2a: Mamoswine|Icicle Crash|p1a: Spirit of fire.
|-resisted|p1a: Spirit of fire.
|-damage|p1a: Spirit of fire.|17/100
|cant|p1a: Spirit of fire.|flinch
|
|upkeep
|turn|17
|
|switch|p1a: Thin red line.|Toxapex, M, shiny|100/100
|-damage|p1a: Thin red line.|88/100|[from] Stealth Rock
|move|p2a: Mamoswine|Icicle Crash|p1a: Thin red line.
|-resisted|p1a: Thin red line.
|-damage|p1a: Thin red line.|68/100
|
|-heal|p1a: Thin red line.|74/100|[from] item: Black Sludge
|upkeep
|turn|18
|
|switch|p2a: Clefable|Clefable, M|21/100
|switch|p1a: Condemnation Wings|Corviknight, F|84/100
|-damage|p1a: Condemnation Wings|72/100|[from] Stealth Rock
|
|-heal|p1a: Condemnation Wings|78/100|[from] item: Leftovers
|upkeep
|turn|19
|
|move|p2a: Clefable|Fire Blast|p1a: Condemnation Wings
|-supereffective|p1a: Condemnation Wings
|-crit|p1a: Condemnation Wings
|-damage|p1a: Condemnation Wings|0 fnt
|faint|p1a: Condemnation Wings
|
|upkeep
|
|switch|p1a: Jaeger.|Dugtrio, M|100/100
|-damage|p1a: Jaeger.|94/100|[from] Stealth Rock
|turn|20
|
|move|p1a: Jaeger.|Earthquake|p2a: Clefable
|-damage|p2a: Clefable|0 fnt
|faint|p2a: Clefable
|
|upkeep
|
|switch|p2a: Mamoswine|Mamoswine, M|100/100
|turn|21
|
|move|p1a: Jaeger.|Earthquake|p2a: Mamoswine
|-damage|p2a: Mamoswine|48/100
|move|p2a: Mamoswine|Earthquake|p1a: Jaeger.
|-damage|p1a: Jaeger.|0 fnt
|faint|p1a: Jaeger.
|
|upkeep
|
|switch|p1a: Walpurgisnacht.|Hatterene, F|100/100
|-damage|p1a: Walpurgisnacht.|88/100|[from] Stealth Rock
|turn|22
|j| Ostrichsnap
|
|switch|p2a: Mimikyu|Mimikyu, F|100/100
|move|p1a: Walpurgisnacht.|Draining Kiss|p2a: Mimikyu
|-activate|p2a: Mimikyu|ability: Disguise
|-damage|p2a: Mimikyu|100/100
|detailschange|p2a: Mimikyu|Mimikyu-Busted, F
|-damage|p2a: Mimikyu|88/100|[from] ability: Disguise|[of] p2a: Mimikyu
|
|-heal|p1a: Walpurgisnacht.|94/100|[from] item: Leftovers
|upkeep
|turn|23
|
|switch|p1a: Thin red line.|Toxapex, M, shiny|100/100
|-damage|p1a: Thin red line.|88/100|[from] Stealth Rock
|move|p2a: Mimikyu|Swords Dance|p2a: Mimikyu
|-boost|p2a: Mimikyu|atk|2
|
|-heal|p1a: Thin red line.|94/100|[from] item: Black Sludge
|upkeep
|turn|24
|
|move|p2a: Mimikyu|Play Rough|p1a: Thin red line.
|-resisted|p1a: Thin red line.
|-damage|p1a: Thin red line.|63/100
|-damage|p2a: Mimikyu|78/100|[from] item: Life Orb
|move|p1a: Thin red line.|Haze|p1a: Thin red line.
|-clearallboost
|
|-heal|p1a: Thin red line.|69/100|[from] item: Black Sludge
|upkeep
|turn|25
|
|move|p2a: Mimikyu|Swords Dance|p2a: Mimikyu
|-boost|p2a: Mimikyu|atk|2
|move|p1a: Thin red line.|Recover|p1a: Thin red line.
|-heal|p1a: Thin red line.|100/100
|
|upkeep
|turn|26
|
|switch|p2a: Mamoswine|Mamoswine, M|48/100
|move|p1a: Thin red line.|Scald|p2a: Mamoswine
|-supereffective|p2a: Mamoswine
|-damage|p2a: Mamoswine|0 fnt
|faint|p2a: Mamoswine
|
|upkeep
|-message|yaoooooooooooooo forfeited.
|
|win|Dawnmoon昼月.
|l|☆yaoooooooooooooo
|raw|Dawnmoon昼月.'s rating: 1864 → 1877(+13 for winning)
|raw|yaoooooooooooooo's rating: 1752 → 1738(-14 for losing)
