|ScrapeTime|2020-01-01-01:09:07
|j|☆hiedralaperra
|j|☆Ploinkniolp
|player|p1|hiedralaperra|lucas|1216
|player|p2|Ploinkniolp|101|1209
|teamsize|p1|6
|teamsize|p2|6
|gametype|singles
|gen|8
|tier|[Gen 8] OU
|rated|
|rule|Sleep Clause Mod: Limit one foe put to sleep
|rule|Species Clause: Limit one of each Pokémon
|rule|OHKO Clause: OHKO moves are banned
|rule|Evasion Moves Clause: Evasion moves are banned
|rule|Endless Battle Clause: Forcing endless battles is banned
|rule|HP Percentage Mod: HP is shown in percentages
|clearpoke
|poke|p1|Indeedee, M|
|poke|p1|Cinderace, F|
|poke|p1|Hawlucha, M|
|poke|p1|Ferrothorn, M|
|poke|p1|Dracozolt|
|poke|p1|Mandibuzz, F|
|poke|p2|Corviknight, F|
|poke|p2|Tyranitar, M|
|poke|p2|Excadrill, M|
|poke|p2|Seismitoad, M|
|poke|p2|Dragapult, F|
|poke|p2|Grimmsnarl, M|
|rule|Dynamax Clause: You cannot dynamax
|teampreview
|
|start
|switch|p1a: Dracozolt|Dracozolt|100/100
|switch|p2a: Seismitoad|Seismitoad, M|100/100
|turn|1
|
|move|p1a: Dracozolt|Dragon Claw|p2a: Seismitoad
|-damage|p2a: Seismitoad|50/100
|move|p2a: Seismitoad|Toxic|p1a: Dracozolt
|-status|p1a: Dracozolt|tox
|
|-heal|p2a: Seismitoad|56/100|[from] item: Leftovers
|-damage|p1a: Dracozolt|94/100 tox|[from] psn
|upkeep
|turn|2
|inactive|Battle timer is ON: inactive players will automatically lose when time's up. (requested by hiedralaperra)
|
|switch|p1a: Ferrothorn|Ferrothorn, M|100/100
|move|p2a: Seismitoad|Stealth Rock|p1a: Ferrothorn
|-sidestart|p1: hiedralaperra|move: Stealth Rock
|
|-heal|p2a: Seismitoad|62/100|[from] item: Leftovers
|upkeep
|turn|3
|
|move|p2a: Seismitoad|Scald|p1a: Ferrothorn
|-resisted|p1a: Ferrothorn
|-damage|p1a: Ferrothorn|91/100
|move|p1a: Ferrothorn|Stealth Rock|p2a: Seismitoad
|-sidestart|p2: Ploinkniolp|move: Stealth Rock
|
|-heal|p2a: Seismitoad|68/100|[from] item: Leftovers
|-heal|p1a: Ferrothorn|97/100|[from] item: Leftovers
|upkeep
|turn|4
|
|move|p2a: Seismitoad|Scald|p1a: Ferrothorn
|-resisted|p1a: Ferrothorn
|-damage|p1a: Ferrothorn|87/100
|move|p1a: Ferrothorn|Leech Seed|p2a: Seismitoad
|-start|p2a: Seismitoad|move: Leech Seed
|
|-heal|p2a: Seismitoad|74/100|[from] item: Leftovers
|-heal|p1a: Ferrothorn|93/100|[from] item: Leftovers
|-damage|p2a: Seismitoad|61/100|[from] Leech Seed|[of] p1a: Ferrothorn
|-heal|p1a: Ferrothorn|100/100|[silent]
|upkeep
|turn|5
|
|switch|p2a: Dragapult|Dragapult, F|100/100
|-damage|p2a: Dragapult|88/100|[from] Stealth Rock
|move|p1a: Ferrothorn|Protect||[still]
|-fail|p1a: Ferrothorn
|
|upkeep
|turn|6
|
|move|p1a: Ferrothorn|Protect|p1a: Ferrothorn
|-singleturn|p1a: Ferrothorn|Protect
|move|p2a: Dragapult|Thunderbolt|p1a: Ferrothorn
|-activate|p1a: Ferrothorn|move: Protect
|
|upkeep
|turn|7
|
|move|p2a: Dragapult|Thunderbolt|p1a: Ferrothorn
|-resisted|p1a: Ferrothorn
|-damage|p1a: Ferrothorn|84/100
|move|p1a: Ferrothorn|Leech Seed|p2a: Dragapult
|-start|p2a: Dragapult|move: Leech Seed
|
|-heal|p1a: Ferrothorn|90/100|[from] item: Leftovers
|-damage|p2a: Dragapult|76/100|[from] Leech Seed|[of] p1a: Ferrothorn
|-heal|p1a: Ferrothorn|100/100|[silent]
|upkeep
|turn|8
|
|switch|p2a: Corviknight|Corviknight, F, shiny|100/100
|-damage|p2a: Corviknight|88/100|[from] Stealth Rock
|move|p1a: Ferrothorn|Leech Seed|p2a: Corviknight
|-start|p2a: Corviknight|move: Leech Seed
|
|-damage|p2a: Corviknight|75/100|[from] Leech Seed|[of] p1a: Ferrothorn
|upkeep
|turn|9
|
|move|p1a: Ferrothorn|Protect|p1a: Ferrothorn
|-singleturn|p1a: Ferrothorn|Protect
|move|p2a: Corviknight|Iron Defense|p2a: Corviknight
|-boost|p2a: Corviknight|def|2
|
|-damage|p2a: Corviknight|63/100|[from] Leech Seed|[of] p1a: Ferrothorn
|upkeep
|turn|10
|
|switch|p1a: Indeedee|Indeedee, M|100/100
|-damage|p1a: Indeedee|88/100|[from] Stealth Rock
|-fieldstart|move: Psychic Terrain|[from] ability: Psychic Surge|[of] p1a: Indeedee
|move|p2a: Corviknight|Iron Defense|p2a: Corviknight
|-boost|p2a: Corviknight|def|2
|
|-damage|p2a: Corviknight|50/100|[from] Leech Seed|[of] p1a: Indeedee
|-heal|p1a: Indeedee|100/100|[silent]
|upkeep
|turn|11
|
|move|p1a: Indeedee|Trick|p2a: Corviknight
|-activate|p1a: Indeedee|move: Trick|[of] p2a: Corviknight
|-item|p2a: Corviknight|Choice Specs|[from] move: Trick
|-item|p1a: Indeedee|Rocky Helmet|[from] move: Trick
|move|p2a: Corviknight|Roost|p2a: Corviknight
|-heal|p2a: Corviknight|100/100
|-singleturn|p2a: Corviknight|move: Roost
|
|-damage|p2a: Corviknight|88/100|[from] Leech Seed|[of] p1a: Indeedee
|upkeep
|turn|12
|-message|Ploinkniolp forfeited.
|
|win|hiedralaperra
|l|☆Ploinkniolp
|raw|hiedralaperra's rating: 1216 → 1240(+24 for winning)
|raw|Ploinkniolp's rating: 1209 → 1185(-24 for losing)
