|ScrapeTime|2020-01-01-01:55:21
|j|☆Helpinghans
|j|☆ezwz
|player|p1|Helpinghans|pilot|1763
|player|p2|ezwz|youngster-gen4|1950
|teamsize|p1|6
|teamsize|p2|6
|gametype|singles
|gen|8
|tier|[Gen 8] OU
|rated|
|rule|Sleep Clause Mod: Limit one foe put to sleep
|rule|Species Clause: Limit one of each Pokémon
|rule|OHKO Clause: OHKO moves are banned
|rule|Evasion Moves Clause: Evasion moves are banned
|rule|Endless Battle Clause: Forcing endless battles is banned
|rule|HP Percentage Mod: HP is shown in percentages
|clearpoke
|poke|p1|Tyranitar, M|
|poke|p1|Excadrill, M|
|poke|p1|Hatterene, F|
|poke|p1|Reuniclus, F|
|poke|p1|Ferrothorn, M|
|poke|p1|Toxapex, F|
|poke|p2|Excadrill, M|
|poke|p2|Toxapex, F|
|poke|p2|Ferrothorn, M|
|poke|p2|Clefable, F|
|poke|p2|Conkeldurr, M|
|poke|p2|Mandibuzz, F|
|rule|Dynamax Clause: You cannot dynamax
|teampreview
|j| IdolsAndAnchorsss
|
|start
|switch|p1a: BattlegruppeA|Reuniclus, F|100/100
|switch|p2a: Excadrill|Excadrill, M|100/100
|-ability|p2a: Excadrill|Mold Breaker
|turn|1
|
|switch|p1a: StuGIII Ausf.H|Ferrothorn, M|100/100
|move|p2a: Excadrill|Stealth Rock|p1a: StuGIII Ausf.H
|-sidestart|p1: Helpinghans|move: Stealth Rock
|
|upkeep
|turn|2
|j| Honestmills
|
|switch|p2a: Clefable|Clefable, F|100/100
|move|p1a: StuGIII Ausf.H|Power Whip|p2a: Clefable
|-damage|p2a: Clefable|46/100
|
|upkeep
|turn|3
|
|switch|p1a: Pz.KpfwVI Ausf.E|Tyranitar, M|100/100
|-damage|p1a: Pz.KpfwVI Ausf.E|88/100|[from] Stealth Rock
|-weather|Sandstorm|[from] ability: Sand Stream|[of] p1a: Pz.KpfwVI Ausf.E
|move|p2a: Clefable|Moonlight|p2a: Clefable
|-heal|p2a: Clefable|71/100
|
|-weather|Sandstorm|[upkeep]
|upkeep
|turn|4
|j| Flarien
|
|switch|p2a: Ferrothorn|Ferrothorn, M|100/100
|move|p1a: Pz.KpfwVI Ausf.E|Stone Edge|p2a: Ferrothorn|[miss]
|-miss|p1a: Pz.KpfwVI Ausf.E|p2a: Ferrothorn
|
|-weather|Sandstorm|[upkeep]
|upkeep
|turn|5
|
|switch|p2a: Conkeldurr|Conkeldurr, M|100/100
|move|p1a: Pz.KpfwVI Ausf.E|Fire Blast|p2a: Conkeldurr
|-damage|p2a: Conkeldurr|68/100
|
|-weather|Sandstorm|[upkeep]
|-damage|p2a: Conkeldurr|62/100|[from] Sandstorm
|-status|p2a: Conkeldurr|brn|[from] item: Flame Orb
|upkeep
|turn|6
|
|switch|p1a: BattlegruppeA|Reuniclus, F|100/100
|move|p2a: Conkeldurr|Earthquake|p1a: BattlegruppeA
|-damage|p1a: BattlegruppeA|58/100
|
|-weather|Sandstorm|[upkeep]
|-damage|p2a: Conkeldurr|56/100 brn|[from] Sandstorm
|-heal|p1a: BattlegruppeA|64/100|[from] item: Leftovers
|-damage|p2a: Conkeldurr|50/100 brn|[from] brn
|upkeep
|turn|7
|
|move|p2a: Conkeldurr|Facade|p1a: BattlegruppeA
|-damage|p1a: BattlegruppeA|7/100
|move|p1a: BattlegruppeA|Recover|p1a: BattlegruppeA
|-heal|p1a: BattlegruppeA|57/100
|
|-weather|none
|-heal|p1a: BattlegruppeA|64/100|[from] item: Leftovers
|-damage|p2a: Conkeldurr|44/100 brn|[from] brn
|upkeep
|turn|8
|
|switch|p1a: StuGIII Ausf.H|Ferrothorn, M|100/100
|-damage|p1a: StuGIII Ausf.H|94/100|[from] Stealth Rock
|move|p2a: Conkeldurr|Facade|p1a: StuGIII Ausf.H
|-resisted|p1a: StuGIII Ausf.H
|-damage|p1a: StuGIII Ausf.H|71/100
|-damage|p2a: Conkeldurr|32/100 brn|[from] ability: Iron Barbs|[of] p1a: StuGIII Ausf.H
|
|-heal|p1a: StuGIII Ausf.H|77/100|[from] item: Leftovers
|-damage|p2a: Conkeldurr|26/100 brn|[from] brn
|upkeep
|turn|9
|
|move|p1a: StuGIII Ausf.H|Protect|p1a: StuGIII Ausf.H
|-singleturn|p1a: StuGIII Ausf.H|Protect
|move|p2a: Conkeldurr|Close Combat|p1a: StuGIII Ausf.H
|-activate|p1a: StuGIII Ausf.H|move: Protect
|
|-heal|p1a: StuGIII Ausf.H|83/100|[from] item: Leftovers
|-damage|p2a: Conkeldurr|20/100 brn|[from] brn
|upkeep
|turn|10
|
|switch|p1a: Flakviering36|Toxapex, F|100/100
|-damage|p1a: Flakviering36|88/100|[from] Stealth Rock
|move|p2a: Conkeldurr|Close Combat|p1a: Flakviering36
|-resisted|p1a: Flakviering36
|-damage|p1a: Flakviering36|56/100
|-unboost|p2a: Conkeldurr|def|1
|-unboost|p2a: Conkeldurr|spd|1
|
|-heal|p1a: Flakviering36|62/100|[from] item: Black Sludge
|-damage|p2a: Conkeldurr|14/100 brn|[from] brn
|upkeep
|turn|11
|
|move|p1a: Flakviering36|Baneful Bunker|p1a: Flakviering36
|-singleturn|p1a: Flakviering36|move: Protect
|move|p2a: Conkeldurr|Earthquake|p1a: Flakviering36
|-activate|p1a: Flakviering36|move: Protect
|
|-heal|p1a: Flakviering36|68/100|[from] item: Black Sludge
|-damage|p2a: Conkeldurr|8/100 brn|[from] brn
|upkeep
|turn|12
|
|switch|p1a: 8.8cm Flak36|Hatterene, F|100/100
|-damage|p1a: 8.8cm Flak36|88/100|[from] Stealth Rock
|move|p2a: Conkeldurr|Earthquake|p1a: 8.8cm Flak36
|-damage|p1a: 8.8cm Flak36|42/100
|
|-heal|p1a: 8.8cm Flak36|48/100|[from] item: Leftovers
|-damage|p2a: Conkeldurr|2/100 brn|[from] brn
|upkeep
|turn|13
|
|move|p2a: Conkeldurr|Earthquake|p1a: 8.8cm Flak36
|-damage|p1a: 8.8cm Flak36|0 fnt
|faint|p1a: 8.8cm Flak36
|
|-damage|p2a: Conkeldurr|0 fnt|[from] brn
|faint|p2a: Conkeldurr
|upkeep
|l| Flarien
|
|switch|p2a: Clefable|Clefable, F|71/100
|switch|p1a: Fallschirms|Excadrill, M|100/100
|-damage|p1a: Fallschirms|97/100|[from] Stealth Rock
|-item|p1a: Fallschirms|Air Balloon
|turn|14
|
|switch|p2a: Mandibuzz|Mandibuzz, F|100/100
|move|p1a: Fallschirms|Iron Head|p2a: Mandibuzz
|-damage|p2a: Mandibuzz|66/100
|
|upkeep
|turn|15
|j| Flarien
|
|move|p1a: Fallschirms|Rapid Spin|p2a: Mandibuzz
|-damage|p2a: Mandibuzz|52/100
|-sideend|p1: Helpinghans|Stealth Rock|[from] move: Rapid Spin|[of] p1a: Fallschirms
|-boost|p1a: Fallschirms|spe|1
|move|p2a: Mandibuzz|Roost|p2a: Mandibuzz
|-heal|p2a: Mandibuzz|100/100
|-singleturn|p2a: Mandibuzz|move: Roost
|
|upkeep
|turn|16
|
|move|p1a: Fallschirms|Swords Dance|p1a: Fallschirms
|-boost|p1a: Fallschirms|atk|2
|move|p2a: Mandibuzz|Knock Off|p1a: Fallschirms
|-damage|p1a: Fallschirms|66/100
|-enditem|p1a: Fallschirms|Air Balloon
|
|upkeep
|turn|17
|
|move|p1a: Fallschirms|Swords Dance|p1a: Fallschirms
|-boost|p1a: Fallschirms|atk|2
|move|p2a: Mandibuzz|Foul Play|p1a: Fallschirms
|-damage|p1a: Fallschirms|0 fnt
|faint|p1a: Fallschirms
|
|upkeep
|
|switch|p1a: Flakviering36|Toxapex, F|100/100
|turn|18
|
|move|p2a: Mandibuzz|U-turn|p1a: Flakviering36
|-resisted|p1a: Flakviering36
|-damage|p1a: Flakviering36|97/100
|
|switch|p2a: Excadrill|Excadrill, M|100/100|[from]move: U-turn
|-ability|p2a: Excadrill|Mold Breaker
|move|p1a: Flakviering36|Scald|p2a: Excadrill
|-supereffective|p2a: Excadrill
|-damage|p2a: Excadrill|71/100
|-status|p2a: Excadrill|brn
|
|-heal|p2a: Excadrill|77/100 brn|[from] item: Leftovers
|-heal|p1a: Flakviering36|100/100|[from] item: Black Sludge
|-damage|p2a: Excadrill|71/100 brn|[from] brn
|upkeep
|turn|19
|
|switch|p1a: BattlegruppeA|Reuniclus, F|64/100
|move|p2a: Excadrill|Stealth Rock|p1a: BattlegruppeA
|-sidestart|p1: Helpinghans|move: Stealth Rock
|
|-heal|p2a: Excadrill|77/100 brn|[from] item: Leftovers
|-heal|p1a: BattlegruppeA|70/100|[from] item: Leftovers
|-damage|p2a: Excadrill|71/100 brn|[from] brn
|upkeep
|turn|20
|
|switch|p2a: Mandibuzz|Mandibuzz, F|100/100
|switch|p1a: StuGIII Ausf.H|Ferrothorn, M|83/100
|-damage|p1a: StuGIII Ausf.H|77/100|[from] Stealth Rock
|
|-heal|p1a: StuGIII Ausf.H|83/100|[from] item: Leftovers
|upkeep
|turn|21
|
|move|p1a: StuGIII Ausf.H|Protect|p1a: StuGIII Ausf.H
|-singleturn|p1a: StuGIII Ausf.H|Protect
|move|p2a: Mandibuzz|Knock Off|p1a: StuGIII Ausf.H
|-activate|p1a: StuGIII Ausf.H|move: Protect
|
|-heal|p1a: StuGIII Ausf.H|89/100|[from] item: Leftovers
|upkeep
|turn|22
|
|move|p2a: Mandibuzz|Knock Off|p1a: StuGIII Ausf.H
|-damage|p1a: StuGIII Ausf.H|75/100
|-damage|p2a: Mandibuzz|88/100|[from] ability: Iron Barbs|[of] p1a: StuGIII Ausf.H
|-enditem|p1a: StuGIII Ausf.H|Leftovers|[from] move: Knock Off|[of] p2a: Mandibuzz
|move|p1a: StuGIII Ausf.H|Leech Seed|p2a: Mandibuzz
|-start|p2a: Mandibuzz|move: Leech Seed
|
|-damage|p2a: Mandibuzz|75/100|[from] Leech Seed|[of] p1a: StuGIII Ausf.H
|-heal|p1a: StuGIII Ausf.H|91/100|[silent]
|upkeep
|turn|23
|
|switch|p2a: Ferrothorn|Ferrothorn, M|100/100
|move|p1a: StuGIII Ausf.H|Power Whip|p2a: Ferrothorn
|-resisted|p2a: Ferrothorn
|-damage|p2a: Ferrothorn|95/100
|-damage|p1a: StuGIII Ausf.H|78/100|[from] ability: Iron Barbs|[of] p2a: Ferrothorn
|
|-heal|p2a: Ferrothorn|100/100|[from] item: Leftovers
|upkeep
|turn|24
|
|move|p1a: StuGIII Ausf.H|Body Press|p2a: Ferrothorn
|-supereffective|p2a: Ferrothorn
|-damage|p2a: Ferrothorn|61/100
|-damage|p1a: StuGIII Ausf.H|66/100|[from] ability: Iron Barbs|[of] p2a: Ferrothorn
|move|p2a: Ferrothorn|Power Whip|p1a: StuGIII Ausf.H
|-resisted|p1a: StuGIII Ausf.H
|-damage|p1a: StuGIII Ausf.H|60/100
|-damage|p2a: Ferrothorn|49/100|[from] ability: Iron Barbs|[of] p1a: StuGIII Ausf.H
|
|-heal|p2a: Ferrothorn|55/100|[from] item: Leftovers
|upkeep
|turn|25
|
|move|p2a: Ferrothorn|Spikes|p1a: StuGIII Ausf.H
|-sidestart|p1: Helpinghans|Spikes
|move|p1a: StuGIII Ausf.H|Leech Seed|p2a: Ferrothorn
|-immune|p2a: Ferrothorn
|
|-heal|p2a: Ferrothorn|61/100|[from] item: Leftovers
|upkeep
|turn|26
|
|switch|p2a: Mandibuzz|Mandibuzz, F|75/100
|move|p1a: StuGIII Ausf.H|Body Press|p2a: Mandibuzz
|-crit|p2a: Mandibuzz
|-damage|p2a: Mandibuzz|39/100
|
|upkeep
|turn|27
|
|move|p2a: Mandibuzz|Roost|p2a: Mandibuzz
|-heal|p2a: Mandibuzz|89/100
|-singleturn|p2a: Mandibuzz|move: Roost
|move|p1a: StuGIII Ausf.H|Body Press|p2a: Mandibuzz
|-supereffective|p2a: Mandibuzz
|-damage|p2a: Mandibuzz|41/100
|
|upkeep
|turn|28
|
|move|p2a: Mandibuzz|Roost|p2a: Mandibuzz
|-heal|p2a: Mandibuzz|91/100
|-singleturn|p2a: Mandibuzz|move: Roost
|move|p1a: StuGIII Ausf.H|Leech Seed|p2a: Mandibuzz
|-start|p2a: Mandibuzz|move: Leech Seed
|
|-damage|p2a: Mandibuzz|79/100|[from] Leech Seed|[of] p1a: StuGIII Ausf.H
|-heal|p1a: StuGIII Ausf.H|75/100|[silent]
|upkeep
|turn|29
|
|switch|p2a: Ferrothorn|Ferrothorn, M|61/100
|move|p1a: StuGIII Ausf.H|Power Whip|p2a: Ferrothorn
|-resisted|p2a: Ferrothorn
|-damage|p2a: Ferrothorn|56/100
|-damage|p1a: StuGIII Ausf.H|63/100|[from] ability: Iron Barbs|[of] p2a: Ferrothorn
|
|-heal|p2a: Ferrothorn|62/100|[from] item: Leftovers
|upkeep
|turn|30
|j| 26n0
|
|switch|p2a: Clefable|Clefable, F|71/100
|move|p1a: StuGIII Ausf.H|Body Press|p2a: Clefable
|-resisted|p2a: Clefable
|-damage|p2a: Clefable|51/100
|
|upkeep
|turn|31
|l| Honestmills
|
|move|p2a: Clefable|Moonlight|p2a: Clefable
|-heal|p2a: Clefable|100/100
|move|p1a: StuGIII Ausf.H|Power Whip|p2a: Clefable|[miss]
|-miss|p1a: StuGIII Ausf.H|p2a: Clefable
|
|upkeep
|turn|32
|-message|Helpinghans forfeited.
|
|win|ezwz
|l|☆Helpinghans
|raw|Helpinghans's rating: 1763 → 1753(-10 for losing)
|raw|ezwz's rating: 1950 → 1960(+10 for winning)
