|ScrapeTime|2020-01-01-03:34:58
|j|☆dollywog
|j|☆Arcanine Gang
|player|p1|dollywog|101|1342
|player|p2|Arcanine Gang|teamrocket|1374
|teamsize|p1|6
|teamsize|p2|6
|gametype|singles
|gen|8
|tier|[Gen 8] OU
|rated|
|rule|Sleep Clause Mod: Limit one foe put to sleep
|rule|Species Clause: Limit one of each Pokémon
|rule|OHKO Clause: OHKO moves are banned
|rule|Evasion Moves Clause: Evasion moves are banned
|rule|Endless Battle Clause: Forcing endless battles is banned
|rule|HP Percentage Mod: HP is shown in percentages
|clearpoke
|poke|p1|Ferrothorn, M|
|poke|p1|Dragapult, M|
|poke|p1|Mandibuzz, F|
|poke|p1|Rotom-Wash|
|poke|p1|Clefable, M|
|poke|p1|Cinderace, F|
|poke|p2|Arcanine, F|
|poke|p2|Mandibuzz, F|
|poke|p2|Toxapex, F|
|poke|p2|Seismitoad, M|
|poke|p2|Hydreigon, M|
|poke|p2|Toxtricity, M|
|rule|Dynamax Clause: You cannot dynamax
|teampreview
|
|start
|switch|p1a: Rotom|Rotom-Wash|100/100
|switch|p2a: Hydreigon|Hydreigon, M|100/100
|turn|1
|
|switch|p1a: Mandibuzz|Mandibuzz, F|100/100
|move|p2a: Hydreigon|Dark Pulse|p1a: Mandibuzz
|-resisted|p1a: Mandibuzz
|-damage|p1a: Mandibuzz|88/100
|
|upkeep
|turn|2
|
|switch|p2a: Mandibuzz|Mandibuzz, F|100/100
|move|p1a: Mandibuzz|U-turn|p2a: Mandibuzz
|-damage|p2a: Mandibuzz|94/100
|
|switch|p1a: Rotom|Rotom-Wash|100/100|[from]move: U-turn
|
|upkeep
|turn|3
|
|switch|p2a: Seismitoad|Seismitoad, M|100/100
|move|p1a: Rotom|Volt Switch|p2a: Seismitoad
|-immune|p2a: Seismitoad
|
|upkeep
|turn|4
|
|switch|p1a: Ferrothorn|Ferrothorn, M|100/100
|move|p2a: Seismitoad|Stealth Rock|p1a: Ferrothorn
|-sidestart|p1: dollywog|move: Stealth Rock
|
|upkeep
|turn|5
|
|switch|p2a: Arcanine|Arcanine, F|100/100
|-ability|p2a: Arcanine|Intimidate|boost
|-unboost|p1a: Ferrothorn|atk|1
|move|p1a: Ferrothorn|Stealth Rock|p2a: Arcanine
|-sidestart|p2: Arcanine Gang|move: Stealth Rock
|
|upkeep
|turn|6
|
|switch|p1a: Rotom|Rotom-Wash|100/100
|-damage|p1a: Rotom|88/100|[from] Stealth Rock
|move|p2a: Arcanine|Flare Blitz|p1a: Rotom
|-resisted|p1a: Rotom
|-damage|p1a: Rotom|69/100
|-damage|p2a: Arcanine|96/100|[from] Recoil
|
|-heal|p1a: Rotom|75/100|[from] item: Leftovers
|upkeep
|turn|7
|
|switch|p2a: Seismitoad|Seismitoad, M|100/100
|-damage|p2a: Seismitoad|94/100|[from] Stealth Rock
|move|p1a: Rotom|Thunder Wave|p2a: Seismitoad
|-immune|p2a: Seismitoad
|
|-heal|p1a: Rotom|82/100|[from] item: Leftovers
|-heal|p2a: Seismitoad|100/100|[from] item: Leftovers
|upkeep
|turn|8
|
|switch|p1a: Clefable|Clefable, M|100/100
|move|p2a: Seismitoad|Toxic|p1a: Clefable
|-status|p1a: Clefable|tox
|
|upkeep
|turn|9
|inactive|Battle timer is ON: inactive players will automatically lose when time's up. (requested by Arcanine Gang)
|
|switch|p2a: Arcanine|Arcanine, F|96/100
|-ability|p2a: Arcanine|Intimidate|boost
|-unboost|p1a: Clefable|atk|1
|move|p1a: Clefable|Moonblast|p2a: Arcanine
|-resisted|p2a: Arcanine
|-damage|p2a: Arcanine|75/100
|-unboost|p2a: Arcanine|spa|1
|
|upkeep
|turn|10
|
|switch|p1a: Rotom|Rotom-Wash|82/100
|-damage|p1a: Rotom|69/100|[from] Stealth Rock
|move|p2a: Arcanine|Flare Blitz|p1a: Rotom
|-resisted|p1a: Rotom
|-crit|p1a: Rotom
|-damage|p1a: Rotom|43/100
|-damage|p2a: Arcanine|68/100|[from] Recoil
|
|-heal|p1a: Rotom|49/100|[from] item: Leftovers
|upkeep
|turn|11
|
|switch|p2a: Seismitoad|Seismitoad, M|100/100
|-damage|p2a: Seismitoad|94/100|[from] Stealth Rock
|switch|p1a: Ferrothorn|Ferrothorn, M|100/100
|-damage|p1a: Ferrothorn|94/100|[from] Stealth Rock
|
|-heal|p2a: Seismitoad|100/100|[from] item: Leftovers
|upkeep
|turn|12
|
|switch|p2a: Arcanine|Arcanine, F|68/100
|-ability|p2a: Arcanine|Intimidate|boost
|-unboost|p1a: Ferrothorn|atk|1
|move|p1a: Ferrothorn|Leech Seed|p2a: Arcanine
|-start|p2a: Arcanine|move: Leech Seed
|
|-damage|p2a: Arcanine|56/100|[from] Leech Seed|[of] p1a: Ferrothorn
|-heal|p1a: Ferrothorn|100/100|[silent]
|upkeep
|turn|13
|
|switch|p1a: Cinderace|Cinderace, F|100/100
|-damage|p1a: Cinderace|76/100|[from] Stealth Rock
|move|p2a: Arcanine|Morning Sun|p2a: Arcanine
|-heal|p2a: Arcanine|100/100
|
|-damage|p2a: Arcanine|88/100|[from] Leech Seed|[of] p1a: Cinderace
|-heal|p1a: Cinderace|92/100|[silent]
|upkeep
|turn|14
|
|switch|p2a: Toxapex|Toxapex, F|100/100
|-damage|p2a: Toxapex|88/100|[from] Stealth Rock
|move|p1a: Cinderace|High Jump Kick|p2a: Toxapex
|-resisted|p2a: Toxapex
|-damage|p2a: Toxapex|70/100
|
|-heal|p2a: Toxapex|76/100|[from] item: Black Sludge
|upkeep
|turn|15
|
|switch|p1a: Clefable|Clefable, M|100/100 tox
|move|p2a: Toxapex|Scald|p1a: Clefable
|-damage|p1a: Clefable|84/100 tox
|
|-heal|p2a: Toxapex|82/100|[from] item: Black Sludge
|upkeep
|turn|16
|
|switch|p2a: Arcanine|Arcanine, F|88/100
|-ability|p2a: Arcanine|Intimidate|boost
|-unboost|p1a: Clefable|atk|1
|move|p1a: Clefable|Moonblast|p2a: Arcanine
|-resisted|p2a: Arcanine
|-damage|p2a: Arcanine|66/100
|-unboost|p2a: Arcanine|spa|1
|
|upkeep
|turn|17
|
|switch|p1a: Rotom|Rotom-Wash|49/100
|-damage|p1a: Rotom|36/100|[from] Stealth Rock
|move|p2a: Arcanine|Flare Blitz|p1a: Rotom
|-resisted|p1a: Rotom
|-damage|p1a: Rotom|19/100
|-status|p1a: Rotom|brn
|-damage|p2a: Arcanine|61/100|[from] Recoil
|
|-heal|p1a: Rotom|25/100 brn|[from] item: Leftovers
|-damage|p1a: Rotom|19/100 brn|[from] brn
|upkeep
|turn|18
|
|switch|p2a: Seismitoad|Seismitoad, M|100/100
|-damage|p2a: Seismitoad|94/100|[from] Stealth Rock
|move|p1a: Rotom|Hydro Pump|p2a: Seismitoad
|-heal|p2a: Seismitoad|100/100|[from] ability: Water Absorb|[of] p1a: Rotom
|
|-heal|p1a: Rotom|25/100 brn|[from] item: Leftovers
|-damage|p1a: Rotom|19/100 brn|[from] brn
|upkeep
|turn|19
|
|move|p1a: Rotom|Will-O-Wisp|p2a: Seismitoad
|-status|p2a: Seismitoad|brn
|move|p2a: Seismitoad|Earthquake|p1a: Rotom
|-immune|p1a: Rotom|[from] ability: Levitate
|
|-heal|p1a: Rotom|25/100 brn|[from] item: Leftovers
|-damage|p1a: Rotom|19/100 brn|[from] brn
|-damage|p2a: Seismitoad|94/100 brn|[from] brn
|upkeep
|turn|20
|
|move|p1a: Rotom|Volt Switch|p2a: Seismitoad
|-immune|p2a: Seismitoad
|move|p2a: Seismitoad|Toxic||[still]
|-fail|p2a: Seismitoad
|
|-heal|p1a: Rotom|25/100 brn|[from] item: Leftovers
|-heal|p2a: Seismitoad|100/100 brn|[from] item: Leftovers
|-damage|p1a: Rotom|19/100 brn|[from] brn
|-damage|p2a: Seismitoad|94/100 brn|[from] brn
|upkeep
|turn|21
|
|switch|p1a: Clefable|Clefable, M|84/100 tox
|move|p2a: Seismitoad|Earthquake|p1a: Clefable
|-damage|p1a: Clefable|67/100 tox
|
|-heal|p2a: Seismitoad|100/100 brn|[from] item: Leftovers
|-damage|p2a: Seismitoad|94/100 brn|[from] brn
|upkeep
|turn|22
|
|switch|p2a: Arcanine|Arcanine, F|61/100
|-ability|p2a: Arcanine|Intimidate|boost
|-unboost|p1a: Clefable|atk|1
|move|p1a: Clefable|Thunderbolt|p2a: Arcanine
|-damage|p2a: Arcanine|35/100
|
|upkeep
|turn|23
|
|switch|p1a: Rotom|Rotom-Wash|19/100 brn
|-damage|p1a: Rotom|7/100 brn|[from] Stealth Rock
|move|p2a: Arcanine|Morning Sun|p2a: Arcanine
|-heal|p2a: Arcanine|85/100
|
|-heal|p1a: Rotom|13/100 brn|[from] item: Leftovers
|-damage|p1a: Rotom|7/100 brn|[from] brn
|upkeep
|turn|24
|
|move|p2a: Arcanine|Extreme Speed|p1a: Rotom
|-damage|p1a: Rotom|0 fnt
|faint|p1a: Rotom
|
|upkeep
|
|switch|p1a: Dragapult|Dragapult, M|100/100
|-damage|p1a: Dragapult|88/100|[from] Stealth Rock
|turn|25
|
|switch|p2a: Mandibuzz|Mandibuzz, F|94/100
|move|p1a: Dragapult|Substitute|p1a: Dragapult
|-start|p1a: Dragapult|Substitute
|-damage|p1a: Dragapult|63/100
|
|-heal|p1a: Dragapult|69/100|[from] item: Leftovers
|upkeep
|turn|26
|
|move|p1a: Dragapult|Dragon Darts|p2a: Mandibuzz
|-damage|p2a: Mandibuzz|80/100
|-damage|p2a: Mandibuzz|67/100
|-hitcount|p2a: Mandibuzz|2
|move|p2a: Mandibuzz|Foul Play|p1a: Dragapult
|-supereffective|p1a: Dragapult
|-end|p1a: Dragapult|Substitute
|
|-heal|p1a: Dragapult|75/100|[from] item: Leftovers
|upkeep
|turn|27
|
|switch|p1a: Clefable|Clefable, M|67/100 tox
|move|p2a: Mandibuzz|Taunt|p1a: Clefable
|-start|p1a: Clefable|move: Taunt
|
|upkeep
|turn|28
|
|move|p2a: Mandibuzz|U-turn|p1a: Clefable
|-resisted|p1a: Clefable
|-damage|p1a: Clefable|60/100 tox
|
|switch|p2a: Arcanine|Arcanine, F|85/100|[from]move: U-turn
|-ability|p2a: Arcanine|Intimidate|boost
|-unboost|p1a: Clefable|atk|1
|move|p1a: Clefable|Thunderbolt|p2a: Arcanine
|-damage|p2a: Arcanine|60/100
|
|upkeep
|turn|29
|
|switch|p1a: Mandibuzz|Mandibuzz, F|88/100
|move|p2a: Arcanine|Morning Sun|p2a: Arcanine
|-heal|p2a: Arcanine|100/100
|
|upkeep
|turn|30
|
|switch|p2a: Toxtricity|Toxtricity, M|100/100
|-damage|p2a: Toxtricity|88/100|[from] Stealth Rock
|move|p1a: Mandibuzz|Defog|p2a: Toxtricity
|-unboost|p2a: Toxtricity|evasion|1
|-sideend|p2: Arcanine Gang|Stealth Rock|[from] move: Defog|[of] p1a: Mandibuzz
|-sideend|p1: dollywog|Stealth Rock|[from] move: Defog|[of] p1a: Mandibuzz
|
|upkeep
|turn|31
|inactive|dollywog has 120 seconds left.
|
|switch|p1a: Ferrothorn|Ferrothorn, M|100/100
|move|p2a: Toxtricity|Overdrive|p1a: Ferrothorn
|-resisted|p1a: Ferrothorn
|-damage|p1a: Ferrothorn|76/100
|
|upkeep
|turn|32
|inactive|dollywog has 120 seconds left.
|
|switch|p2a: Arcanine|Arcanine, F|100/100
|-ability|p2a: Arcanine|Intimidate|boost
|-unboost|p1a: Ferrothorn|atk|1
|move|p1a: Ferrothorn|Thunder Wave|p2a: Arcanine
|-status|p2a: Arcanine|par
|
|upkeep
|turn|33
|inactive|dollywog has 120 seconds left.
|
|switch|p1a: Clefable|Clefable, M|60/100 tox
|move|p2a: Arcanine|Flare Blitz|p1a: Clefable
|-damage|p1a: Clefable|7/100 tox
|-damage|p2a: Arcanine|83/100 par|[from] Recoil
|
|upkeep
|turn|34
|
|switch|p1a: Mandibuzz|Mandibuzz, F|88/100
|move|p2a: Arcanine|Play Rough|p1a: Mandibuzz
|-supereffective|p1a: Mandibuzz
|-damage|p1a: Mandibuzz|54/100
|
|upkeep
|turn|35
|
|switch|p2a: Toxtricity|Toxtricity, M|88/100
|move|p1a: Mandibuzz|Roost|p1a: Mandibuzz
|-heal|p1a: Mandibuzz|100/100
|-singleturn|p1a: Mandibuzz|move: Roost
|
|upkeep
|turn|36
|
|switch|p1a: Ferrothorn|Ferrothorn, M|76/100
|move|p2a: Toxtricity|Overdrive|p1a: Ferrothorn
|-resisted|p1a: Ferrothorn
|-crit|p1a: Ferrothorn
|-damage|p1a: Ferrothorn|40/100
|
|upkeep
|turn|37
|
|switch|p2a: Arcanine|Arcanine, F|83/100 par
|-ability|p2a: Arcanine|Intimidate|boost
|-unboost|p1a: Ferrothorn|atk|1
|move|p1a: Ferrothorn|Leech Seed|p2a: Arcanine
|-start|p2a: Arcanine|move: Leech Seed
|
|-damage|p2a: Arcanine|71/100 par|[from] Leech Seed|[of] p1a: Ferrothorn
|-heal|p1a: Ferrothorn|54/100|[silent]
|upkeep
|turn|38
|
|switch|p1a: Mandibuzz|Mandibuzz, F|100/100
|move|p2a: Arcanine|Flare Blitz|p1a: Mandibuzz
|-damage|p1a: Mandibuzz|66/100
|-damage|p2a: Arcanine|58/100 par|[from] Recoil
|
|-damage|p2a: Arcanine|45/100 par|[from] Leech Seed|[of] p1a: Mandibuzz
|-heal|p1a: Mandibuzz|77/100|[silent]
|upkeep
|turn|39
|
|move|p1a: Mandibuzz|U-turn|p2a: Arcanine
|-resisted|p2a: Arcanine
|-damage|p2a: Arcanine|39/100 par
|
|switch|p1a: Ferrothorn|Ferrothorn, M|54/100|[from]move: U-turn
|move|p2a: Arcanine|Morning Sun|p2a: Arcanine
|-heal|p2a: Arcanine|89/100 par
|
|-damage|p2a: Arcanine|77/100 par|[from] Leech Seed|[of] p1a: Ferrothorn
|-heal|p1a: Ferrothorn|67/100|[silent]
|upkeep
|turn|40
|
|switch|p2a: Toxapex|Toxapex, F|100/100
|switch|p1a: Mandibuzz|Mandibuzz, F|77/100
|
|upkeep
|turn|41
|
|move|p1a: Mandibuzz|U-turn|p2a: Toxapex
|-resisted|p2a: Toxapex
|-damage|p2a: Toxapex|96/100
|
|switch|p1a: Ferrothorn|Ferrothorn, M|67/100|[from]move: U-turn
|move|p2a: Toxapex|Toxic Spikes|p1a: Ferrothorn
|-sidestart|p1: dollywog|move: Toxic Spikes
|
|-heal|p2a: Toxapex|100/100|[from] item: Black Sludge
|upkeep
|turn|42
|
|move|p2a: Toxapex|Scald|p1a: Ferrothorn
|-resisted|p1a: Ferrothorn
|-damage|p1a: Ferrothorn|60/100
|-status|p1a: Ferrothorn|brn
|move|p1a: Ferrothorn|Leech Seed|p2a: Toxapex
|-start|p2a: Toxapex|move: Leech Seed
|
|-damage|p2a: Toxapex|88/100|[from] Leech Seed|[of] p1a: Ferrothorn
|-heal|p1a: Ferrothorn|71/100 brn|[silent]
|-damage|p1a: Ferrothorn|65/100 brn|[from] brn
|upkeep
|turn|43
|
|switch|p2a: Hydreigon|Hydreigon, M|100/100
|move|p1a: Ferrothorn|Thunder Wave|p2a: Hydreigon
|-status|p2a: Hydreigon|par
|
|-damage|p1a: Ferrothorn|58/100 brn|[from] brn
|upkeep
|turn|44
|
|switch|p2a: Toxtricity|Toxtricity, M|88/100
|switch|p1a: Mandibuzz|Mandibuzz, F|77/100
|
|upkeep
|turn|45
|
|switch|p1a: Clefable|Clefable, M|7/100 tox
|move|p2a: Toxtricity|Overdrive|p1a: Clefable
|-damage|p1a: Clefable|0 fnt
|faint|p1a: Clefable
|
|upkeep
|
|switch|p1a: Cinderace|Cinderace, F|92/100
|-status|p1a: Cinderace|psn
|turn|46
|
|switch|p2a: Toxapex|Toxapex, F|100/100
|move|p1a: Cinderace|U-turn|p2a: Toxapex
|-resisted|p2a: Toxapex
|-damage|p2a: Toxapex|91/100
|
|switch|p1a: Ferrothorn|Ferrothorn, M|58/100 brn|[from]move: U-turn
|
|-heal|p2a: Toxapex|98/100|[from] item: Black Sludge
|-damage|p1a: Ferrothorn|52/100 brn|[from] brn
|upkeep
|turn|47
|
|switch|p2a: Mandibuzz|Mandibuzz, F|67/100
|move|p1a: Ferrothorn|Stealth Rock|p2a: Mandibuzz
|-sidestart|p2: Arcanine Gang|move: Stealth Rock
|
|-damage|p1a: Ferrothorn|46/100 brn|[from] brn
|upkeep
|turn|48
|
|move|p2a: Mandibuzz|Taunt|p1a: Ferrothorn
|-start|p1a: Ferrothorn|move: Taunt
|cant|p1a: Ferrothorn|move: Taunt|Leech Seed
|
|-damage|p1a: Ferrothorn|40/100 brn|[from] brn
|upkeep
|turn|49
|
|switch|p1a: Cinderace|Cinderace, F|92/100 psn
|move|p2a: Mandibuzz|Roost|p2a: Mandibuzz
|-heal|p2a: Mandibuzz|100/100
|-singleturn|p2a: Mandibuzz|move: Roost
|
|-damage|p1a: Cinderace|79/100 psn|[from] psn
|upkeep
|turn|50
|
|move|p1a: Cinderace|Pyro Ball|p2a: Mandibuzz
|-damage|p2a: Mandibuzz|65/100
|-status|p2a: Mandibuzz|brn
|move|p2a: Mandibuzz|Foul Play|p1a: Cinderace
|-damage|p1a: Cinderace|44/100 psn
|
|-damage|p1a: Cinderace|31/100 psn|[from] psn
|-damage|p2a: Mandibuzz|59/100 brn|[from] brn
|upkeep
|turn|51
|-message|dollywog forfeited.
|
|win|Arcanine Gang
|l|☆dollywog
|raw|dollywog's rating: 1342 → 1324(-18 for losing)
|raw|Arcanine Gang's rating: 1374 → 1393(+19 for winning)
