|ScrapeTime|2020-01-01-00:16:29
|j|☆Leohstrecci
|j|☆MABV
|player|p1|Leohstrecci|lance-gen2|1254
|player|p2|MABV|n|1202
|teamsize|p1|6
|teamsize|p2|6
|gametype|singles
|gen|8
|tier|[Gen 8] OU
|rated|
|rule|Sleep Clause Mod: Limit one foe put to sleep
|rule|Species Clause: Limit one of each Pokémon
|rule|OHKO Clause: OHKO moves are banned
|rule|Evasion Moves Clause: Evasion moves are banned
|rule|Endless Battle Clause: Forcing endless battles is banned
|rule|HP Percentage Mod: HP is shown in percentages
|clearpoke
|poke|p1|Mimikyu, F|
|poke|p1|Hydreigon, M|
|poke|p1|Jellicent, F|
|poke|p1|Conkeldurr, M|
|poke|p1|Toxtricity-Low-Key, F|
|poke|p1|Excadrill, F|
|poke|p2|Hydreigon, M|
|poke|p2|Ferrothorn, M|
|poke|p2|Corsola-Galar, M|
|poke|p2|Excadrill, M|
|poke|p2|Toxtricity, F|
|poke|p2|Dracovish|
|rule|Dynamax Clause: You cannot dynamax
|teampreview
|inactive|Battle timer is ON: inactive players will automatically lose when time's up. (requested by MABV)
|
|start
|switch|p1a: Toxtricity|Toxtricity-Low-Key, F|100/100
|switch|p2a: Dracovish|Dracovish|100/100
|turn|1
|
|move|p1a: Toxtricity|Boomburst|p2a: Dracovish
|-damage|p2a: Dracovish|24/100
|move|p2a: Dracovish|Earthquake|p1a: Toxtricity
|-supereffective|p1a: Toxtricity
|-damage|p1a: Toxtricity|0 fnt
|faint|p1a: Toxtricity
|
|upkeep
|
|switch|p1a: Jellicent|Jellicent, F|100/100
|turn|2
|
|switch|p2a: Corsola|Corsola-Galar, M|100/100
|move|p1a: Jellicent|Will-O-Wisp|p2a: Corsola
|-status|p2a: Corsola|brn
|
|-damage|p2a: Corsola|94/100 brn|[from] brn
|upkeep
|turn|3
|
|move|p1a: Jellicent|Hex|p2a: Corsola
|-supereffective|p2a: Corsola
|-damage|p2a: Corsola|54/100 brn
|move|p2a: Corsola|Stealth Rock|p1a: Jellicent
|-sidestart|p1: Leohstrecci|move: Stealth Rock
|
|-damage|p2a: Corsola|47/100 brn|[from] brn
|upkeep
|turn|4
|
|switch|p1a: Hydreigon|Hydreigon, M|100/100
|-damage|p1a: Hydreigon|88/100|[from] Stealth Rock
|move|p2a: Corsola|Strength Sap|p1a: Hydreigon
|-unboost|p1a: Hydreigon|atk|1
|-heal|p2a: Corsola|100/100 brn
|
|-damage|p2a: Corsola|94/100 brn|[from] brn
|upkeep
|turn|5
|
|switch|p1a: Jellicent|Jellicent, F|100/100
|-damage|p1a: Jellicent|88/100|[from] Stealth Rock
|move|p2a: Corsola|Will-O-Wisp|p1a: Jellicent
|-status|p1a: Jellicent|brn
|
|-heal|p1a: Jellicent|94/100 brn|[from] item: Leftovers
|-damage|p1a: Jellicent|88/100 brn|[from] brn
|-damage|p2a: Corsola|88/100 brn|[from] brn
|upkeep
|turn|6
|
|move|p1a: Jellicent|Hex|p2a: Corsola
|-supereffective|p2a: Corsola
|-damage|p2a: Corsola|49/100 brn
|move|p2a: Corsola|Night Shade|p1a: Jellicent
|-damage|p1a: Jellicent|62/100 brn
|
|-heal|p1a: Jellicent|68/100 brn|[from] item: Leftovers
|-damage|p1a: Jellicent|62/100 brn|[from] brn
|-damage|p2a: Corsola|43/100 brn|[from] brn
|upkeep
|turn|7
|
|move|p1a: Jellicent|Hex|p2a: Corsola
|-supereffective|p2a: Corsola
|-damage|p2a: Corsola|4/100 brn
|move|p2a: Corsola|Strength Sap|p1a: Jellicent
|-unboost|p1a: Jellicent|atk|1
|-heal|p2a: Corsola|39/100 brn
|
|-heal|p1a: Jellicent|68/100 brn|[from] item: Leftovers
|-damage|p1a: Jellicent|62/100 brn|[from] brn
|-damage|p2a: Corsola|33/100 brn|[from] brn
|upkeep
|turn|8
|
|switch|p2a: Hydreigon|Hydreigon, M, shiny|100/100
|move|p1a: Jellicent|Hex|p2a: Hydreigon
|-resisted|p2a: Hydreigon
|-damage|p2a: Hydreigon|89/100
|
|-heal|p1a: Jellicent|68/100 brn|[from] item: Leftovers
|-damage|p1a: Jellicent|62/100 brn|[from] brn
|upkeep
|turn|9
|
|switch|p1a: Mimikyu|Mimikyu, F|100/100
|-damage|p1a: Mimikyu|88/100|[from] Stealth Rock
|move|p2a: Hydreigon|U-turn|p1a: Mimikyu
|-activate|p1a: Mimikyu|ability: Disguise
|-damage|p1a: Mimikyu|88/100
|detailschange|p1a: Mimikyu|Mimikyu-Busted, F
|-damage|p1a: Mimikyu|76/100|[from] ability: Disguise|[of] p1a: Mimikyu
|
|switch|p2a: Dracovish|Dracovish|24/100|[from]move: U-turn
|
|upkeep
|turn|10
|
|switch|p1a: Jellicent|Jellicent, F|62/100 brn
|-damage|p1a: Jellicent|50/100 brn|[from] Stealth Rock
|move|p2a: Dracovish|Fishious Rend|p1a: Jellicent
|-heal|p1a: Jellicent|75/100 brn|[from] ability: Water Absorb|[of] p2a: Dracovish
|
|-heal|p1a: Jellicent|81/100 brn|[from] item: Leftovers
|-damage|p1a: Jellicent|75/100 brn|[from] brn
|upkeep
|turn|11
|
|switch|p2a: Hydreigon|Hydreigon, M, shiny|89/100
|move|p1a: Jellicent|Hex|p2a: Hydreigon
|-resisted|p2a: Hydreigon
|-damage|p2a: Hydreigon|78/100
|
|-heal|p1a: Jellicent|81/100 brn|[from] item: Leftovers
|-damage|p1a: Jellicent|75/100 brn|[from] brn
|upkeep
|turn|12
|
|move|p2a: Hydreigon|Dark Pulse|p1a: Jellicent
|-supereffective|p1a: Jellicent
|-damage|p1a: Jellicent|0 fnt
|faint|p1a: Jellicent
|
|upkeep
|
|switch|p1a: Hydreigon|Hydreigon, M|88/100
|-damage|p1a: Hydreigon|76/100|[from] Stealth Rock
|turn|13
|
|switch|p2a: Corsola|Corsola-Galar, M|33/100 brn
|move|p1a: Hydreigon|Dragon Dance|p1a: Hydreigon
|-boost|p1a: Hydreigon|atk|1
|-boost|p1a: Hydreigon|spe|1
|
|-damage|p2a: Corsola|26/100 brn|[from] brn
|upkeep
|turn|14
|c|☆MABV|?????????
|c|☆MABV|ok
|
|move|p1a: Hydreigon|Crunch|p2a: Corsola
|-supereffective|p2a: Corsola
|-crit|p2a: Corsola
|-damage|p2a: Corsola|0 fnt
|-damage|p1a: Hydreigon|66/100|[from] item: Life Orb
|faint|p2a: Corsola
|
|upkeep
|
|switch|p2a: Dracovish|Dracovish|24/100
|turn|15
|
|move|p1a: Hydreigon|Crunch|p2a: Dracovish
|-damage|p2a: Dracovish|0 fnt
|-damage|p1a: Hydreigon|56/100|[from] item: Life Orb
|faint|p2a: Dracovish
|
|upkeep
|
|switch|p2a: Excadrill|Excadrill, M|100/100
|-ability|p2a: Excadrill|Mold Breaker
|turn|16
|
|switch|p2a: Hydreigon|Hydreigon, M, shiny|78/100
|move|p1a: Hydreigon|Crunch|p2a: Hydreigon
|-resisted|p2a: Hydreigon
|-damage|p2a: Hydreigon|37/100
|-damage|p1a: Hydreigon|46/100|[from] item: Life Orb
|
|upkeep
|turn|17
|
|switch|p2a: Ferrothorn|Ferrothorn, M, shiny|100/100
|move|p1a: Hydreigon|Crunch|p2a: Ferrothorn
|-damage|p2a: Ferrothorn|56/100
|-damage|p1a: Hydreigon|34/100|[from] ability: Iron Barbs|[of] p2a: Ferrothorn
|-damage|p1a: Hydreigon|17/100|[from] item: Rocky Helmet|[of] p2a: Ferrothorn
|-damage|p1a: Hydreigon|8/100|[from] item: Life Orb
|
|upkeep
|turn|18
|
|move|p1a: Hydreigon|Fire Fang|p2a: Ferrothorn|[miss]
|-miss|p1a: Hydreigon|p2a: Ferrothorn
|move|p2a: Ferrothorn|Gyro Ball|p1a: Hydreigon
|-damage|p1a: Hydreigon|0 fnt
|faint|p1a: Hydreigon
|
|upkeep
|
|switch|p1a: Conkeldurr|Conkeldurr, M|100/100
|-damage|p1a: Conkeldurr|94/100|[from] Stealth Rock
|turn|19
|
|move|p1a: Conkeldurr|Earthquake|p2a: Ferrothorn
|-damage|p2a: Ferrothorn|33/100
|move|p2a: Ferrothorn|Leech Seed|p1a: Conkeldurr
|-start|p1a: Conkeldurr|move: Leech Seed
|
|-damage|p1a: Conkeldurr|82/100|[from] Leech Seed|[of] p2a: Ferrothorn
|-heal|p2a: Ferrothorn|47/100|[silent]
|-status|p1a: Conkeldurr|brn|[from] item: Flame Orb
|upkeep
|turn|20
|
|switch|p2a: Toxtricity|Toxtricity, F, shiny|100/100
|move|p1a: Conkeldurr|Drain Punch|p2a: Toxtricity
|-resisted|p2a: Toxtricity
|-damage|p2a: Toxtricity|50/100
|-heal|p1a: Conkeldurr|100/100 brn|[from] drain|[of] p2a: Toxtricity
|
|-damage|p1a: Conkeldurr|88/100 brn|[from] Leech Seed|[of] p2a: Toxtricity
|-heal|p2a: Toxtricity|67/100|[silent]
|-damage|p1a: Conkeldurr|82/100 brn|[from] brn
|upkeep
|turn|21
|
|move|p2a: Toxtricity|Boomburst|p1a: Conkeldurr
|-damage|p1a: Conkeldurr|9/100 brn
|-enditem|p2a: Toxtricity|Throat Spray
|-boost|p2a: Toxtricity|spa|1
|move|p1a: Conkeldurr|Drain Punch|p2a: Toxtricity
|-resisted|p2a: Toxtricity
|-crit|p2a: Toxtricity
|-damage|p2a: Toxtricity|0 fnt
|-heal|p1a: Conkeldurr|34/100 brn|[from] drain|[of] p2a: Toxtricity
|faint|p2a: Toxtricity
|
|-damage|p1a: Conkeldurr|27/100 brn|[from] brn
|upkeep
|
|switch|p2a: Excadrill|Excadrill, M|100/100
|-ability|p2a: Excadrill|Mold Breaker
|turn|22
|
|move|p1a: Conkeldurr|Mach Punch|p2a: Excadrill
|-supereffective|p2a: Excadrill
|-damage|p2a: Excadrill|0 fnt
|faint|p2a: Excadrill
|
|-damage|p1a: Conkeldurr|21/100 brn|[from] brn
|upkeep
|
|switch|p2a: Hydreigon|Hydreigon, M, shiny|37/100
|turn|23
|
|switch|p2a: Ferrothorn|Ferrothorn, M, shiny|47/100
|move|p1a: Conkeldurr|Mach Punch|p2a: Ferrothorn
|-supereffective|p2a: Ferrothorn
|-damage|p2a: Ferrothorn|5/100
|-damage|p1a: Conkeldurr|9/100 brn|[from] ability: Iron Barbs|[of] p2a: Ferrothorn
|-damage|p1a: Conkeldurr|0 fnt|[from] item: Rocky Helmet|[of] p2a: Ferrothorn
|faint|p1a: Conkeldurr
|
|upkeep
|
|switch|p1a: Excadrill|Excadrill, F|100/100
|-damage|p1a: Excadrill|97/100|[from] Stealth Rock
|turn|24
|
|move|p1a: Excadrill|Rapid Spin|p2a: Ferrothorn
|-resisted|p2a: Ferrothorn
|-damage|p2a: Ferrothorn|0 fnt
|-damage|p1a: Excadrill|85/100|[from] ability: Iron Barbs|[of] p2a: Ferrothorn
|-damage|p1a: Excadrill|68/100|[from] item: Rocky Helmet|[of] p2a: Ferrothorn
|-sideend|p1: Leohstrecci|Stealth Rock|[from] move: Rapid Spin|[of] p1a: Excadrill
|-boost|p1a: Excadrill|spe|1
|faint|p2a: Ferrothorn
|
|upkeep
|c|☆MABV|wp
|-message|MABV forfeited.
|
|win|Leohstrecci
|l|☆MABV
|raw|Leohstrecci's rating: 1281 → 1300(+19 for winning)
|raw|MABV's rating: 1202 → 1183(-19 for losing)
