|ScrapeTime|2020-01-01-01:15:11
|j|☆ejkabeejay
|j|☆Tigerchou1998
|player|p1|ejkabeejay|265|1209
|player|p2|Tigerchou1998|80|1180
|teamsize|p1|6
|teamsize|p2|6
|gametype|singles
|gen|8
|tier|[Gen 8] OU
|rated|
|rule|Sleep Clause Mod: Limit one foe put to sleep
|rule|Species Clause: Limit one of each Pokémon
|rule|OHKO Clause: OHKO moves are banned
|rule|Evasion Moves Clause: Evasion moves are banned
|rule|Endless Battle Clause: Forcing endless battles is banned
|rule|HP Percentage Mod: HP is shown in percentages
|clearpoke
|poke|p1|Dubwool, M|
|poke|p1|Togekiss, F|
|poke|p1|Toxicroak, M|
|poke|p1|Polteageist|
|poke|p1|Flygon, M|
|poke|p1|Morpeko, F|
|poke|p2|Crawdaunt, M|
|poke|p2|Galvantula, F|
|poke|p2|Hydreigon, M|
|poke|p2|Aegislash, F|
|poke|p2|Dugtrio, M|
|poke|p2|Cinderace, M|
|rule|Dynamax Clause: You cannot dynamax
|teampreview
|
|start
|switch|p1a: Polteageist|Polteageist|100/100
|switch|p2a: Crawdaunt|Crawdaunt, M|100/100
|turn|1
|
|move|p1a: Polteageist|Shell Smash|p1a: Polteageist
|-unboost|p1a: Polteageist|def|1
|-unboost|p1a: Polteageist|spd|1
|-boost|p1a: Polteageist|atk|2
|-boost|p1a: Polteageist|spa|2
|-boost|p1a: Polteageist|spe|2
|move|p2a: Crawdaunt|Knock Off|p1a: Polteageist
|-supereffective|p1a: Polteageist
|-enditem|p1a: Polteageist|Focus Sash
|-damage|p1a: Polteageist|1/100
|-start|p2a: Crawdaunt|Disable|Knock Off|[from] ability: Cursed Body|[of] p1a: Polteageist
|-damage|p2a: Crawdaunt|91/100|[from] item: Life Orb
|
|upkeep
|turn|2
|
|move|p2a: Crawdaunt|Aqua Jet|p1a: Polteageist
|-damage|p1a: Polteageist|0 fnt
|-damage|p2a: Crawdaunt|81/100|[from] item: Life Orb
|faint|p1a: Polteageist
|
|upkeep
|
|switch|p1a: Morpeko|Morpeko, F|100/100
|turn|3
|
|switch|p2a: Dugtrio|Dugtrio, M|100/100
|move|p1a: Morpeko|Aura Wheel|p2a: Dugtrio
|-immune|p2a: Dugtrio
|
|-formechange|p1a: Morpeko|Morpeko-Hangry||[from] ability: Hunger Switch
|upkeep
|turn|4
|
|move|p2a: Dugtrio|Earthquake|p1a: Morpeko
|-supereffective|p1a: Morpeko
|-damage|p1a: Morpeko|0 fnt
|faint|p1a: Morpeko
|
|upkeep
|
|switch|p1a: Togekiss|Togekiss, F, shiny|100/100
|turn|5
|
|move|p2a: Dugtrio|Stealth Rock|p1a: Togekiss
|-sidestart|p1: ejkabeejay|move: Stealth Rock
|move|p1a: Togekiss|Draining Kiss|p2a: Dugtrio
|-damage|p2a: Dugtrio|46/100
|
|upkeep
|turn|6
|
|switch|p2a: Galvantula|Galvantula, F|100/100
|move|p1a: Togekiss|Draining Kiss|p2a: Galvantula
|-damage|p2a: Galvantula|56/100
|
|upkeep
|turn|7
|
|move|p2a: Galvantula|Sticky Web|p1a: Togekiss
|-sidestart|p1: ejkabeejay|move: Sticky Web
|move|p1a: Togekiss|Air Slash|p2a: Galvantula|[miss]
|-miss|p1a: Togekiss|p2a: Galvantula
|
|upkeep
|turn|8
|
|switch|p1a: Flygon|Flygon, M|100/100
|-damage|p1a: Flygon|95/100|[from] Stealth Rock
|move|p2a: Galvantula|Volt Switch|p1a: Flygon
|-immune|p1a: Flygon
|
|upkeep
|turn|9
|
|switch|p2a: Hydreigon|Hydreigon, M|100/100
|move|p1a: Flygon|Earthquake|p2a: Hydreigon
|-immune|p2a: Hydreigon|[from] ability: Levitate
|
|upkeep
|turn|10
|
|switch|p1a: Togekiss|Togekiss, F, shiny|100/100
|-damage|p1a: Togekiss|76/100|[from] Stealth Rock
|move|p2a: Hydreigon|Draco Meteor|p1a: Togekiss
|-immune|p1a: Togekiss
|
|upkeep
|turn|11
|
|switch|p2a: Cinderace|Cinderace, M|100/100
|move|p1a: Togekiss|Flamethrower|p2a: Cinderace
|-resisted|p2a: Cinderace
|-damage|p2a: Cinderace|81/100
|
|upkeep
|turn|12
|
|move|p2a: Cinderace|Pyro Ball|p1a: Togekiss
|-damage|p1a: Togekiss|14/100
|move|p1a: Togekiss|Extrasensory|p2a: Cinderace
|-damage|p2a: Cinderace|42/100
|
|upkeep
|turn|13
|
|move|p2a: Cinderace|Pyro Ball|p1a: Togekiss
|-damage|p1a: Togekiss|0 fnt
|faint|p1a: Togekiss
|
|upkeep
|
|switch|p1a: Toxicroak|Toxicroak, M|100/100
|-damage|p1a: Toxicroak|94/100|[from] Stealth Rock
|-activate|p1a: Toxicroak|move: Sticky Web
|-unboost|p1a: Toxicroak|spe|1
|turn|14
|
|move|p1a: Toxicroak|Sucker Punch|p2a: Cinderace
|-damage|p2a: Cinderace|1/100
|-damage|p1a: Toxicroak|85/100|[from] item: Life Orb
|move|p2a: Cinderace|Pyro Ball|p1a: Toxicroak
|-damage|p1a: Toxicroak|0 fnt
|faint|p1a: Toxicroak
|
|upkeep
|
|switch|p1a: Flygon|Flygon, M|95/100
|-damage|p1a: Flygon|89/100|[from] Stealth Rock
|turn|15
|
|move|p1a: Flygon|U-turn|p2a: Cinderace
|-resisted|p2a: Cinderace
|-damage|p2a: Cinderace|0 fnt
|faint|p2a: Cinderace
|
|switch|p1a: Dubwool|Dubwool, M|100/100|[from]move: U-turn
|-activate|p1a: Dubwool|move: Sticky Web
|-unboost|p1a: Dubwool|spe|1
|-damage|p1a: Dubwool|88/100|[from] Stealth Rock
|
|-heal|p1a: Dubwool|94/100|[from] item: Leftovers
|upkeep
|
|switch|p2a: Crawdaunt|Crawdaunt, M|81/100
|turn|16
|
|move|p2a: Crawdaunt|Knock Off|p1a: Dubwool
|-damage|p1a: Dubwool|62/100
|-enditem|p1a: Dubwool|Leftovers|[from] move: Knock Off|[of] p2a: Crawdaunt
|-damage|p2a: Crawdaunt|71/100|[from] item: Life Orb
|move|p1a: Dubwool|Thunder Wave|p2a: Crawdaunt
|-status|p2a: Crawdaunt|par
|
|upkeep
|turn|17
|
|move|p1a: Dubwool|Cotton Guard|p1a: Dubwool
|-boost|p1a: Dubwool|def|3
|move|p2a: Crawdaunt|Crabhammer|p1a: Dubwool
|-crit|p1a: Dubwool
|-damage|p1a: Dubwool|10/100
|-damage|p2a: Crawdaunt|62/100 par|[from] item: Life Orb
|
|upkeep
|turn|18
|
|move|p1a: Dubwool|Body Press|p2a: Crawdaunt
|-supereffective|p2a: Crawdaunt
|-damage|p2a: Crawdaunt|0 fnt
|faint|p2a: Crawdaunt
|
|upkeep
|
|switch|p2a: Dugtrio|Dugtrio, M|46/100
|turn|19
|
|move|p2a: Dugtrio|Earthquake|p1a: Dubwool
|-damage|p1a: Dubwool|0 fnt
|faint|p1a: Dubwool
|
|upkeep
|
|switch|p1a: Flygon|Flygon, M|89/100
|-damage|p1a: Flygon|83/100|[from] Stealth Rock
|turn|20
|
|move|p2a: Dugtrio|Sucker Punch|p1a: Flygon
|-damage|p1a: Flygon|55/100
|move|p1a: Flygon|Outrage|p2a: Dugtrio
|-damage|p2a: Dugtrio|0 fnt
|faint|p2a: Dugtrio
|
|upkeep
|
|switch|p2a: Aegislash|Aegislash, F|100/100
|turn|21
|
|move|p1a: Flygon|Outrage|p2a: Aegislash|[from]lockedmove
|-resisted|p2a: Aegislash
|-damage|p2a: Aegislash|76/100
|-formechange|p2a: Aegislash|Aegislash-Blade||[from] ability: Stance Change
|move|p2a: Aegislash|Iron Head|p1a: Flygon
|-damage|p1a: Flygon|0 fnt
|faint|p1a: Flygon
|
|win|Tigerchou1998
|raw|ejkabeejay's rating: 1209 → 1182(-27 for losing)
|raw|Tigerchou1998's rating: 1180 → 1207(+27 for winning)
