|ScrapeTime|2020-01-01-03:44:44
|j|☆SHASHINO
|j|☆Shadowx394
|player|p1|SHASHINO|aromalady|1278
|player|p2|Shadowx394|shadowtriad|1316
|teamsize|p1|6
|teamsize|p2|6
|gametype|singles
|gen|8
|tier|[Gen 8] OU
|rated|
|rule|Sleep Clause Mod: Limit one foe put to sleep
|rule|Species Clause: Limit one of each Pokémon
|rule|OHKO Clause: OHKO moves are banned
|rule|Evasion Moves Clause: Evasion moves are banned
|rule|Endless Battle Clause: Forcing endless battles is banned
|rule|HP Percentage Mod: HP is shown in percentages
|clearpoke
|poke|p1|Bisharp, F|
|poke|p1|Mamoswine, F|
|poke|p1|Dragapult, M|
|poke|p1|Gyarados, F|
|poke|p1|Rotom-Wash|
|poke|p1|Togekiss, F|
|poke|p2|Aegislash, F|
|poke|p2|Toxapex, M|
|poke|p2|Tsareena, F|
|poke|p2|Dragapult, F|
|poke|p2|Rotom-Heat|
|poke|p2|Togekiss, M|
|rule|Dynamax Clause: You cannot dynamax
|teampreview
|
|start
|switch|p1a: Circé|Mamoswine, F|100/100
|switch|p2a: Rotom|Rotom-Heat|100/100
|turn|1
|
|switch|p1a: Beaumont|Dragapult, M|100/100
|move|p2a: Rotom|Overheat|p1a: Beaumont
|-resisted|p1a: Beaumont
|-damage|p1a: Beaumont|61/100
|-unboost|p2a: Rotom|spa|2
|
|upkeep
|turn|2
|
|switch|p2a: Toxapex|Toxapex, M|100/100
|move|p1a: Beaumont|Draco Meteor|p2a: Toxapex
|-damage|p2a: Toxapex|32/100
|-unboost|p1a: Beaumont|spa|2
|
|-heal|p2a: Toxapex|39/100|[from] item: Black Sludge
|upkeep
|turn|3
|
|switch|p1a: Tallis|Bisharp, F, shiny|100/100
|switch|p2a: Togekiss|Togekiss, M|100/100
|
|upkeep
|turn|4
|
|move|p2a: Togekiss|Flamethrower|p1a: Tallis
|-supereffective|p1a: Tallis
|-damage|p1a: Tallis|0 fnt
|faint|p1a: Tallis
|
|upkeep
|
|switch|p1a: Polyphème|Rotom-Wash, shiny|100/100
|turn|5
|
|switch|p2a: Tsareena|Tsareena, F|100/100
|move|p1a: Polyphème|Will-O-Wisp|p2a: Tsareena
|-status|p2a: Tsareena|brn
|
|-damage|p2a: Tsareena|94/100 brn|[from] brn
|upkeep
|turn|6
|
|switch|p1a: Beaumont|Dragapult, M|61/100
|move|p2a: Tsareena|Power Whip|p1a: Beaumont
|-resisted|p1a: Beaumont
|-damage|p1a: Beaumont|40/100
|
|-damage|p2a: Tsareena|88/100 brn|[from] brn
|upkeep
|turn|7
|
|switch|p2a: Togekiss|Togekiss, M|100/100
|move|p1a: Beaumont|Draco Meteor|p2a: Togekiss
|-immune|p2a: Togekiss
|
|upkeep
|turn|8
|
|switch|p1a: Circé|Mamoswine, F|100/100
|move|p2a: Togekiss|Thunder Wave|p1a: Circé
|-immune|p1a: Circé
|
|upkeep
|turn|9
|
|switch|p2a: Rotom|Rotom-Heat|100/100
|move|p1a: Circé|Icicle Spear|p2a: Rotom
|-resisted|p2a: Rotom
|-damage|p2a: Rotom|91/100
|-resisted|p2a: Rotom
|-damage|p2a: Rotom|82/100
|-hitcount|p2a: Rotom|2
|
|upkeep
|turn|10
|
|switch|p1a: Polyphème|Rotom-Wash, shiny|100/100
|move|p2a: Rotom|Shadow Ball|p1a: Polyphème
|-damage|p1a: Polyphème|77/100
|-unboost|p1a: Polyphème|spd|1
|
|upkeep
|turn|11
|
|switch|p2a: Tsareena|Tsareena, F|88/100 brn
|move|p1a: Polyphème|Hydro Pump|p2a: Tsareena
|-resisted|p2a: Tsareena
|-damage|p2a: Tsareena|69/100 brn
|
|-damage|p2a: Tsareena|63/100 brn|[from] brn
|upkeep
|turn|12
|
|switch|p1a: Rasaan|Gyarados, F, shiny|100/100
|move|p2a: Tsareena|Power Whip|p1a: Rasaan
|-damage|p1a: Rasaan|60/100
|
|-damage|p2a: Tsareena|57/100 brn|[from] brn
|upkeep
|turn|13
|
|switch|p2a: Toxapex|Toxapex, M|72/100
|move|p1a: Rasaan|Dragon Dance|p1a: Rasaan
|-boost|p1a: Rasaan|atk|1
|-boost|p1a: Rasaan|spe|1
|
|-heal|p2a: Toxapex|78/100|[from] item: Black Sludge
|upkeep
|turn|14
|
|move|p1a: Rasaan|Earthquake|p2a: Toxapex
|-supereffective|p2a: Toxapex
|-damage|p2a: Toxapex|14/100
|move|p2a: Toxapex|Haze|p2a: Toxapex
|-clearallboost
|
|-heal|p2a: Toxapex|20/100|[from] item: Black Sludge
|upkeep
|turn|15
|
|switch|p2a: Dragapult|Dragapult, F|100/100
|move|p1a: Rasaan|Dragon Dance|p1a: Rasaan
|-boost|p1a: Rasaan|atk|1
|-boost|p1a: Rasaan|spe|1
|
|upkeep
|turn|16
|
|move|p1a: Rasaan|Ice Fang|p2a: Dragapult
|-supereffective|p2a: Dragapult
|-damage|p2a: Dragapult|31/100
|move|p2a: Dragapult|Will-O-Wisp|p1a: Rasaan
|-status|p1a: Rasaan|brn
|
|-heal|p2a: Dragapult|37/100|[from] item: Leftovers
|-damage|p1a: Rasaan|54/100 brn|[from] brn
|upkeep
|turn|17
|
|switch|p2a: Toxapex|Toxapex, M|53/100
|move|p1a: Rasaan|Ice Fang|p2a: Toxapex
|-resisted|p2a: Toxapex
|-damage|p2a: Toxapex|48/100
|
|-heal|p2a: Toxapex|54/100|[from] item: Black Sludge
|-damage|p1a: Rasaan|48/100 brn|[from] brn
|upkeep
|turn|18
|
|move|p1a: Rasaan|Dragon Dance|p1a: Rasaan
|-boost|p1a: Rasaan|atk|1
|-boost|p1a: Rasaan|spe|1
|move|p2a: Toxapex|Recover|p2a: Toxapex
|-heal|p2a: Toxapex|100/100
|
|-damage|p1a: Rasaan|42/100 brn|[from] brn
|upkeep
|turn|19
|
|move|p1a: Rasaan|Earthquake|p2a: Toxapex
|-supereffective|p2a: Toxapex
|-damage|p2a: Toxapex|61/100
|move|p2a: Toxapex|Haze|p2a: Toxapex
|-clearallboost
|
|-heal|p2a: Toxapex|67/100|[from] item: Black Sludge
|-damage|p1a: Rasaan|36/100 brn|[from] brn
|upkeep
|turn|20
|
|switch|p1a: Circé|Mamoswine, F|100/100
|move|p2a: Toxapex|Toxic Spikes|p1a: Circé
|-sidestart|p1: SHASHINO|move: Toxic Spikes
|
|-heal|p2a: Toxapex|73/100|[from] item: Black Sludge
|upkeep
|turn|21
|
|switch|p2a: Rotom|Rotom-Heat|82/100
|move|p1a: Circé|Stealth Rock|p2a: Rotom
|-sidestart|p2: Shadowx394|move: Stealth Rock
|
|upkeep
|turn|22
|
|switch|p1a: Rasaan|Gyarados, F, shiny|36/100 brn
|move|p2a: Rotom|Overheat|p1a: Rasaan|[miss]
|-miss|p2a: Rotom|p1a: Rasaan
|
|-damage|p1a: Rasaan|30/100 brn|[from] brn
|upkeep
|turn|23
|
|switch|p2a: Tsareena|Tsareena, F|57/100 brn
|move|p1a: Rasaan|Waterfall|p2a: Tsareena
|-resisted|p2a: Tsareena
|-damage|p2a: Tsareena|46/100 brn
|
|-damage|p1a: Rasaan|23/100 brn|[from] brn
|-damage|p2a: Tsareena|40/100 brn|[from] brn
|upkeep
|turn|24
|
|move|p1a: Rasaan|Ice Fang|p2a: Tsareena
|-supereffective|p2a: Tsareena
|-damage|p2a: Tsareena|17/100 brn
|move|p2a: Tsareena|Power Whip|p1a: Rasaan
|-crit|p1a: Rasaan
|-damage|p1a: Rasaan|0 fnt
|faint|p1a: Rasaan
|
|-damage|p2a: Tsareena|11/100 brn|[from] brn
|upkeep
|
|switch|p1a: Calypso|Togekiss, F|100/100
|turn|25
|
|switch|p2a: Dragapult|Dragapult, F|37/100
|-damage|p2a: Dragapult|25/100|[from] Stealth Rock
|move|p1a: Calypso|Substitute|p1a: Calypso
|-start|p1a: Calypso|Substitute
|-damage|p1a: Calypso|76/100
|
|-heal|p2a: Dragapult|31/100|[from] item: Leftovers
|-heal|p1a: Calypso|82/100|[from] item: Leftovers
|upkeep
|turn|26
|
|move|p2a: Dragapult|Disable|p1a: Calypso
|-start|p1a: Calypso|Disable|Substitute
|move|p1a: Calypso|Nasty Plot|p1a: Calypso
|-boost|p1a: Calypso|spa|2
|
|-heal|p2a: Dragapult|37/100|[from] item: Leftovers
|-heal|p1a: Calypso|88/100|[from] item: Leftovers
|upkeep
|turn|27
|
|move|p2a: Dragapult|Will-O-Wisp|p1a: Calypso
|-status|p1a: Calypso|brn
|move|p1a: Calypso|Air Slash|p2a: Dragapult
|-damage|p2a: Dragapult|0 fnt
|faint|p2a: Dragapult
|
|-heal|p1a: Calypso|94/100 brn|[from] item: Leftovers
|-damage|p1a: Calypso|88/100 brn|[from] brn
|upkeep
|
|switch|p2a: Aegislash|Aegislash, F|100/100
|-damage|p2a: Aegislash|94/100|[from] Stealth Rock
|-item|p2a: Aegislash|Air Balloon
|turn|28
|
|move|p1a: Calypso|Flamethrower|p2a: Aegislash
|-supereffective|p2a: Aegislash
|-damage|p2a: Aegislash|38/100
|-enditem|p2a: Aegislash|Air Balloon
|-formechange|p2a: Aegislash|Aegislash-Blade||[from] ability: Stance Change
|move|p2a: Aegislash|Flash Cannon|p1a: Calypso
|-supereffective|p1a: Calypso
|-end|p1a: Calypso|Substitute
|
|-heal|p1a: Calypso|94/100 brn|[from] item: Leftovers
|-damage|p1a: Calypso|88/100 brn|[from] brn
|upkeep
|turn|29
|
|move|p1a: Calypso|Flamethrower|p2a: Aegislash
|-supereffective|p2a: Aegislash
|-damage|p2a: Aegislash|0 fnt
|faint|p2a: Aegislash
|
|-heal|p1a: Calypso|94/100 brn|[from] item: Leftovers
|-damage|p1a: Calypso|88/100 brn|[from] brn
|-end|p1a: Calypso|Disable
|upkeep
|
|switch|p2a: Rotom|Rotom-Heat|82/100
|-damage|p2a: Rotom|57/100|[from] Stealth Rock
|turn|30
|
|move|p2a: Rotom|Volt Switch|p1a: Calypso
|-supereffective|p1a: Calypso
|-damage|p1a: Calypso|34/100 brn
|
|switch|p2a: Tsareena|Tsareena, F|11/100 brn|[from]move: Volt Switch
|move|p1a: Calypso|Air Slash|p2a: Tsareena
|-supereffective|p2a: Tsareena
|-damage|p2a: Tsareena|0 fnt
|faint|p2a: Tsareena
|
|-heal|p1a: Calypso|40/100 brn|[from] item: Leftovers
|-damage|p1a: Calypso|34/100 brn|[from] brn
|upkeep
|
|switch|p2a: Rotom|Rotom-Heat|57/100
|-damage|p2a: Rotom|32/100|[from] Stealth Rock
|turn|31
|
|switch|p1a: Circé|Mamoswine, F|100/100
|-status|p1a: Circé|psn
|move|p2a: Rotom|Volt Switch|p1a: Circé
|-immune|p1a: Circé
|
|-damage|p1a: Circé|88/100 psn|[from] psn
|upkeep
|turn|32
|
|switch|p2a: Toxapex|Toxapex, M|100/100
|-damage|p2a: Toxapex|88/100|[from] Stealth Rock
|move|p1a: Circé|Icicle Spear|p2a: Toxapex
|-resisted|p2a: Toxapex
|-damage|p2a: Toxapex|84/100
|-resisted|p2a: Toxapex
|-damage|p2a: Toxapex|80/100
|-resisted|p2a: Toxapex
|-damage|p2a: Toxapex|75/100
|-resisted|p2a: Toxapex
|-damage|p2a: Toxapex|72/100
|-hitcount|p2a: Toxapex|4
|
|-heal|p2a: Toxapex|78/100|[from] item: Black Sludge
|-damage|p1a: Circé|76/100 psn|[from] psn
|upkeep
|turn|33
|
|move|p1a: Circé|Earthquake|p2a: Toxapex
|-supereffective|p2a: Toxapex
|-damage|p2a: Toxapex|20/100
|move|p2a: Toxapex|Scald|p1a: Circé
|-supereffective|p1a: Circé
|-damage|p1a: Circé|26/100 psn
|
|-heal|p2a: Toxapex|26/100|[from] item: Black Sludge
|-damage|p1a: Circé|13/100 psn|[from] psn
|upkeep
|turn|34
|
|switch|p2a: Rotom|Rotom-Heat|32/100
|-damage|p2a: Rotom|7/100|[from] Stealth Rock
|move|p1a: Circé|Icicle Spear|p2a: Rotom
|-resisted|p2a: Rotom
|-damage|p2a: Rotom|0 fnt
|-hitcount|p2a: Rotom|1
|faint|p2a: Rotom
|
|-damage|p1a: Circé|1/100 psn|[from] psn
|upkeep
|
|switch|p2a: Toxapex|Toxapex, M|59/100
|-damage|p2a: Toxapex|47/100|[from] Stealth Rock
|turn|35
|
|switch|p2a: Togekiss|Togekiss, M|100/100
|-damage|p2a: Togekiss|76/100|[from] Stealth Rock
|move|p1a: Circé|Icicle Spear|p2a: Togekiss
|-supereffective|p2a: Togekiss
|-damage|p2a: Togekiss|45/100
|-supereffective|p2a: Togekiss
|-damage|p2a: Togekiss|12/100
|-supereffective|p2a: Togekiss
|-damage|p2a: Togekiss|0 fnt
|-hitcount|p2a: Togekiss|3
|faint|p2a: Togekiss
|
|-damage|p1a: Circé|0 fnt|[from] psn
|faint|p1a: Circé
|upkeep
|-message|Shadowx394 forfeited.
|
|win|SHASHINO
|raw|SHASHINO's rating: 1278 → 1306(+28 for winning)
|raw|Shadowx394's rating: 1316 → 1294(-22 for losing)
|c|☆SHASHINO|wow
|c|☆SHASHINO|gg
|c|☆SHASHINO|hard one
