|ScrapeTime|2020-01-01-04:15:19
|j|☆Giusepe
|j|☆hibracadabra
|player|p1|Giusepe|hilbert|1084
|player|p2|hibracadabra|250|1097
|teamsize|p1|6
|teamsize|p2|6
|gametype|singles
|gen|8
|tier|[Gen 8] OU
|rated|
|rule|Sleep Clause Mod: Limit one foe put to sleep
|rule|Species Clause: Limit one of each Pokémon
|rule|OHKO Clause: OHKO moves are banned
|rule|Evasion Moves Clause: Evasion moves are banned
|rule|Endless Battle Clause: Forcing endless battles is banned
|rule|HP Percentage Mod: HP is shown in percentages
|clearpoke
|poke|p1|Gyarados, F|
|poke|p1|Dragapult, F|
|poke|p1|Corviknight, F|
|poke|p1|Conkeldurr, M|
|poke|p1|Gardevoir, M|
|poke|p1|Salazzle, F|
|poke|p2|Dugtrio, F|
|poke|p2|Dracozolt|
|poke|p2|Tyranitar, F|
|poke|p2|Arctovish|
|poke|p2|Eldegoss, M|
|poke|p2|Weezing-Galar, F|
|rule|Dynamax Clause: You cannot dynamax
|teampreview
|
|start
|switch|p1a: Salazzle|Salazzle, F|100/100
|switch|p2a: Eldegoss|Eldegoss, M, shiny|100/100
|turn|1
|
|switch|p2a: Weezing|Weezing-Galar, F, shiny|100/100
|move|p1a: Salazzle|Toxic|p2a: Weezing
|-status|p2a: Weezing|tox
|
|-damage|p2a: Weezing|95/100 tox|[from] psn
|upkeep
|turn|2
|
|move|p1a: Salazzle|Knock Off|p2a: Weezing
|-resisted|p2a: Weezing
|-damage|p2a: Weezing|88/100 tox
|-enditem|p2a: Weezing|Black Sludge|[from] move: Knock Off|[of] p1a: Salazzle
|move|p2a: Weezing|Strange Steam|p1a: Salazzle
|-resisted|p1a: Salazzle
|-damage|p1a: Salazzle|85/100
|
|-damage|p2a: Weezing|76/100 tox|[from] psn
|upkeep
|turn|3
|c|☆hibracadabra|what?
|c|☆Giusepe|ez
|inactive|Battle timer is ON: inactive players will automatically lose when time's up. (requested by Giusepe)
|c|☆hibracadabra|porque me envenenaste
|c|☆hibracadabra|?
|c|☆Giusepe|corrosion papa
|c|☆hibracadabra|oo
|c|☆hibracadabra|es verdad
|inactive|hibracadabra has 120 seconds left.
|
|switch|p1a: Gardevoir|Gardevoir, M|100/100
|-ability|p1a: Gardevoir|Levitate|[from] ability: Trace|[of] p2a: Weezing
|move|p2a: Weezing|Strange Steam|p1a: Gardevoir
|-damage|p1a: Gardevoir|64/100
|
|-damage|p2a: Weezing|58/100 tox|[from] psn
|upkeep
|turn|4
|
|switch|p2a: Tyranitar|Tyranitar, F|100/100
|-weather|Sandstorm|[from] ability: Sand Stream|[of] p2a: Tyranitar
|move|p1a: Gardevoir|Psychic|p2a: Tyranitar
|-immune|p2a: Tyranitar
|
|-weather|Sandstorm|[upkeep]
|-damage|p1a: Gardevoir|58/100|[from] Sandstorm
|upkeep
|turn|5
|
|switch|p1a: Gyarados|Gyarados, F|100/100
|-ability|p1a: Gyarados|Intimidate|boost
|-unboost|p2a: Tyranitar|atk|1
|move|p2a: Tyranitar|Crunch|p1a: Gyarados
|-damage|p1a: Gyarados|68/100
|
|-weather|Sandstorm|[upkeep]
|-damage|p1a: Gyarados|62/100|[from] Sandstorm
|upkeep
|turn|6
|
|switch|p2a: Dugtrio|Dugtrio, F, shiny|100/100
|move|p1a: Gyarados|Waterfall|p2a: Dugtrio
|-supereffective|p2a: Dugtrio
|-damage|p2a: Dugtrio|0 fnt
|faint|p2a: Dugtrio
|
|-weather|Sandstorm|[upkeep]
|-damage|p1a: Gyarados|56/100|[from] Sandstorm
|upkeep
|
|switch|p2a: Dracozolt|Dracozolt, shiny|100/100
|turn|7
|
|switch|p1a: Gardevoir|Gardevoir, M|58/100
|-ability|p1a: Gardevoir|Volt Absorb|[from] ability: Trace|[of] p2a: Dracozolt
|move|p2a: Dracozolt|Bolt Beak|p1a: Gardevoir
|-heal|p1a: Gardevoir|83/100|[from] ability: Volt Absorb|[of] p2a: Dracozolt
|
|-weather|Sandstorm|[upkeep]
|-damage|p1a: Gardevoir|77/100|[from] Sandstorm
|-damage|p2a: Dracozolt|94/100|[from] Sandstorm
|upkeep
|turn|8
|
|switch|p2a: Weezing|Weezing-Galar, F, shiny|58/100 tox
|move|p1a: Gardevoir|Moonblast|p2a: Weezing
|-resisted|p2a: Weezing
|-damage|p2a: Weezing|30/100 tox
|
|-weather|none
|-damage|p2a: Weezing|24/100 tox|[from] psn
|upkeep
|turn|9
|
|move|p1a: Gardevoir|Moonblast|p2a: Weezing
|-resisted|p2a: Weezing
|-damage|p2a: Weezing|0 fnt
|faint|p2a: Weezing
|
|upkeep
|
|switch|p2a: Dracozolt|Dracozolt, shiny|94/100
|turn|10
|
|move|p1a: Gardevoir|Moonblast|p2a: Dracozolt
|-supereffective|p2a: Dracozolt
|-damage|p2a: Dracozolt|0 fnt
|faint|p2a: Dracozolt
|
|upkeep
|
|switch|p2a: Arctovish|Arctovish|100/100
|turn|11
|c|☆hibracadabra|scarf?
|
|move|p1a: Gardevoir|Moonblast|p2a: Arctovish
|-damage|p2a: Arctovish|58/100
|move|p2a: Arctovish|Icy Wind|p1a: Gardevoir
|-damage|p1a: Gardevoir|62/100
|-unboost|p1a: Gardevoir|spe|1
|
|upkeep
|turn|12
|c|☆Giusepe|seee
|
|move|p1a: Gardevoir|Moonblast|p2a: Arctovish
|-damage|p2a: Arctovish|17/100
|move|p2a: Arctovish|Ice Fang|p1a: Gardevoir
|-damage|p1a: Gardevoir|22/100
|
|upkeep
|turn|13
|c|☆hibracadabra|pues ya me hiciste la follacion
|
|move|p1a: Gardevoir|Moonblast|p2a: Arctovish
|-damage|p2a: Arctovish|0 fnt
|faint|p2a: Arctovish
|
|upkeep
|
|switch|p2a: Tyranitar|Tyranitar, F|100/100
|-weather|Sandstorm|[from] ability: Sand Stream|[of] p2a: Tyranitar
|turn|14
|c|☆Giusepe|gaaaaaa
|
|move|p1a: Gardevoir|Moonblast|p2a: Tyranitar
|-supereffective|p2a: Tyranitar
|-damage|p2a: Tyranitar|60/100
|-unboost|p2a: Tyranitar|spa|1
|move|p2a: Tyranitar|Crunch|p1a: Gardevoir
|-damage|p1a: Gardevoir|0 fnt
|faint|p1a: Gardevoir
|
|-weather|Sandstorm|[upkeep]
|upkeep
|
|switch|p1a: Conkeldurr|Conkeldurr, M|100/100
|turn|15
|c|☆hibracadabra|otra batalla con mi equipo bueno
|
|move|p1a: Conkeldurr|Mach Punch|p2a: Tyranitar
|-supereffective|p2a: Tyranitar
|-damage|p2a: Tyranitar|0 fnt
|faint|p2a: Tyranitar
|
|-weather|Sandstorm|[upkeep]
|-damage|p1a: Conkeldurr|94/100|[from] Sandstorm
|upkeep
|c|☆Giusepe|ok
|
|switch|p2a: Eldegoss|Eldegoss, M, shiny|100/100
|turn|16
|
|move|p2a: Eldegoss|Energy Ball|p1a: Conkeldurr
|-damage|p1a: Conkeldurr|75/100
|move|p1a: Conkeldurr|Fire Punch|p2a: Eldegoss
|-supereffective|p2a: Eldegoss
|-damage|p2a: Eldegoss|42/100
|-ability|p2a: Eldegoss|Cotton Down
|-unboost|p1a: Conkeldurr|spe|1
|
|-weather|Sandstorm|[upkeep]
|-damage|p2a: Eldegoss|36/100|[from] Sandstorm
|-damage|p1a: Conkeldurr|69/100|[from] Sandstorm
|-heal|p2a: Eldegoss|42/100|[from] item: Leftovers
|upkeep
|turn|17
|
|move|p2a: Eldegoss|Energy Ball|p1a: Conkeldurr
|-damage|p1a: Conkeldurr|48/100
|move|p1a: Conkeldurr|Fire Punch|p2a: Eldegoss
|-supereffective|p2a: Eldegoss
|-damage|p2a: Eldegoss|0 fnt
|-ability|p2a: Eldegoss|Cotton Down
|-unboost|p1a: Conkeldurr|spe|1
|faint|p2a: Eldegoss
|
|win|Giusepe
|raw|Giusepe's rating: 1084 → 1112(+28 for winning)
|raw|hibracadabra's rating: 1097 → 1071(-26 for losing)
|l|☆hibracadabra
