|ScrapeTime|2020-01-01-02:04:36
|j|☆David Ollisto
|j|☆Yea3
|player|p1|David Ollisto|290|1225
|player|p2|Yea3|102|1190
|teamsize|p1|6
|teamsize|p2|6
|gametype|singles
|gen|8
|tier|[Gen 8] OU
|rated|
|rule|Sleep Clause Mod: Limit one foe put to sleep
|rule|Species Clause: Limit one of each Pokémon
|rule|OHKO Clause: OHKO moves are banned
|rule|Evasion Moves Clause: Evasion moves are banned
|rule|Endless Battle Clause: Forcing endless battles is banned
|rule|HP Percentage Mod: HP is shown in percentages
|clearpoke
|poke|p1|Corviknight, F|
|poke|p1|Dragapult, M|
|poke|p1|Toxtricity, F|
|poke|p1|Cinderace, M|
|poke|p1|Clefable, F|
|poke|p1|Seismitoad, F|
|poke|p2|Clefable, M|
|poke|p2|Seismitoad, M|
|poke|p2|Conkeldurr, F|
|poke|p2|Ferrothorn, M|
|poke|p2|Dragapult, F|
|poke|p2|Excadrill, F|
|rule|Dynamax Clause: You cannot dynamax
|teampreview
|inactive|Battle timer is ON: inactive players will automatically lose when time's up. (requested by Yea3)
|
|start
|switch|p1a: Angel|Cinderace, M|100/100
|switch|p2a: Excadrill|Excadrill, F|100/100
|-ability|p2a: Excadrill|Mold Breaker
|turn|1
|
|switch|p1a: Corviknight|Corviknight, F|100/100
|switch|p2a: Seismitoad|Seismitoad, M|100/100
|
|upkeep
|turn|2
|
|switch|p2a: Clefable|Clefable, M|100/100
|switch|p1a: Dragapult|Dragapult, M|100/100
|
|upkeep
|turn|3
|
|switch|p1a: Corviknight|Corviknight, F|100/100
|move|p2a: Clefable|Moonblast|p1a: Corviknight
|-resisted|p1a: Corviknight
|-damage|p1a: Corviknight|80/100
|
|upkeep
|turn|4
|
|move|p1a: Corviknight|Iron Head|p2a: Clefable
|-supereffective|p2a: Clefable
|-damage|p2a: Clefable|41/100
|move|p2a: Clefable|Flamethrower|p1a: Corviknight
|-supereffective|p1a: Corviknight
|-damage|p1a: Corviknight|25/100
|
|upkeep
|turn|5
|
|switch|p2a: Ferrothorn|Ferrothorn, M|100/100
|move|p1a: Corviknight|Iron Head|p2a: Ferrothorn
|-resisted|p2a: Ferrothorn
|-damage|p2a: Ferrothorn|93/100
|-damage|p1a: Corviknight|13/100|[from] ability: Iron Barbs|[of] p2a: Ferrothorn
|-damage|p1a: Corviknight|0 fnt|[from] item: Rocky Helmet|[of] p2a: Ferrothorn
|faint|p1a: Corviknight
|
|upkeep
|
|switch|p1a: Angel|Cinderace, M|100/100
|turn|6
|
|switch|p2a: Seismitoad|Seismitoad, M|100/100
|move|p1a: Angel|Pyro Ball|p2a: Seismitoad
|-resisted|p2a: Seismitoad
|-damage|p2a: Seismitoad|73/100
|-damage|p1a: Angel|91/100|[from] item: Life Orb
|
|-heal|p2a: Seismitoad|79/100|[from] item: Leftovers
|upkeep
|turn|7
|
|move|p1a: Angel|U-turn|p2a: Seismitoad
|-damage|p2a: Seismitoad|59/100
|-damage|p1a: Angel|81/100|[from] item: Life Orb
|
|switch|p1a: Seismitoad|Seismitoad, F|100/100|[from]move: U-turn
|move|p2a: Seismitoad|Scald|p1a: Seismitoad
|-immune|p1a: Seismitoad|[from] ability: Water Absorb
|
|-heal|p2a: Seismitoad|65/100|[from] item: Leftovers
|upkeep
|turn|8
|
|move|p1a: Seismitoad|Toxic|p2a: Seismitoad|[miss]
|-miss|p1a: Seismitoad|p2a: Seismitoad
|move|p2a: Seismitoad|Toxic|p1a: Seismitoad|[miss]
|-miss|p2a: Seismitoad|p1a: Seismitoad
|
|-heal|p2a: Seismitoad|71/100|[from] item: Leftovers
|upkeep
|turn|9
|
|switch|p2a: Ferrothorn|Ferrothorn, M|93/100
|move|p1a: Seismitoad|Toxic|p2a: Ferrothorn
|-immune|p2a: Ferrothorn
|
|upkeep
|turn|10
|
|move|p1a: Seismitoad|Stealth Rock|p2a: Ferrothorn
|-sidestart|p2: Yea3|move: Stealth Rock
|move|p2a: Ferrothorn|Power Whip|p1a: Seismitoad
|-supereffective|p1a: Seismitoad
|-damage|p1a: Seismitoad|0 fnt
|faint|p1a: Seismitoad
|
|upkeep
|
|switch|p1a: Toxtricity|Toxtricity, F|100/100
|turn|11
|
|move|p1a: Toxtricity|Shift Gear|p1a: Toxtricity
|-boost|p1a: Toxtricity|spe|2
|-boost|p1a: Toxtricity|atk|1
|move|p2a: Ferrothorn|Leech Seed|p1a: Toxtricity
|-start|p1a: Toxtricity|move: Leech Seed
|
|-damage|p1a: Toxtricity|88/100|[from] Leech Seed|[of] p2a: Ferrothorn
|-heal|p2a: Ferrothorn|100/100|[silent]
|upkeep
|turn|12
|
|move|p1a: Toxtricity|Shift Gear|p1a: Toxtricity
|-boost|p1a: Toxtricity|spe|2
|-boost|p1a: Toxtricity|atk|1
|move|p2a: Ferrothorn|Gyro Ball|p1a: Toxtricity
|-resisted|p1a: Toxtricity
|-damage|p1a: Toxtricity|52/100
|
|-damage|p1a: Toxtricity|40/100|[from] Leech Seed|[of] p2a: Ferrothorn
|upkeep
|turn|13
|
|move|p1a: Toxtricity|Drain Punch|p2a: Ferrothorn
|-supereffective|p2a: Ferrothorn
|-damage|p2a: Ferrothorn|38/100
|-heal|p1a: Toxtricity|78/100|[from] drain|[of] p2a: Ferrothorn
|-damage|p1a: Toxtricity|66/100|[from] ability: Iron Barbs|[of] p2a: Ferrothorn
|-damage|p1a: Toxtricity|49/100|[from] item: Rocky Helmet|[of] p2a: Ferrothorn
|move|p2a: Ferrothorn|Gyro Ball|p1a: Toxtricity
|-resisted|p1a: Toxtricity
|-damage|p1a: Toxtricity|9/100
|
|-damage|p1a: Toxtricity|0 fnt|[from] Leech Seed|[of] p2a: Ferrothorn
|-heal|p2a: Ferrothorn|44/100|[silent]
|faint|p1a: Toxtricity
|upkeep
|
|switch|p1a: Angel|Cinderace, M|81/100
|turn|14
|
|switch|p2a: Seismitoad|Seismitoad, M|71/100
|-damage|p2a: Seismitoad|65/100|[from] Stealth Rock
|move|p1a: Angel|Pyro Ball|p2a: Seismitoad
|-resisted|p2a: Seismitoad
|-damage|p2a: Seismitoad|38/100
|-damage|p1a: Angel|71/100|[from] item: Life Orb
|
|-heal|p2a: Seismitoad|44/100|[from] item: Leftovers
|upkeep
|turn|15
|
|move|p1a: Angel|U-turn|p2a: Seismitoad
|-damage|p2a: Seismitoad|22/100
|-damage|p1a: Angel|61/100|[from] item: Life Orb
|
|switch|p1a: Clefable|Clefable, F|100/100|[from]move: U-turn
|move|p2a: Seismitoad|Scald|p1a: Clefable
|-damage|p1a: Clefable|83/100
|
|-heal|p2a: Seismitoad|29/100|[from] item: Leftovers
|-heal|p1a: Clefable|90/100|[from] item: Leftovers
|upkeep
|turn|16
|
|move|p2a: Seismitoad|Stealth Rock|p1a: Clefable
|-sidestart|p1: David Ollisto|move: Stealth Rock
|move|p1a: Clefable|Wish|p1a: Clefable
|
|-heal|p2a: Seismitoad|35/100|[from] item: Leftovers
|-heal|p1a: Clefable|96/100|[from] item: Leftovers
|upkeep
|turn|17
|
|move|p2a: Seismitoad|Toxic|p1a: Clefable
|-status|p1a: Clefable|tox
|move|p1a: Clefable|Moonblast|p2a: Seismitoad
|-damage|p2a: Seismitoad|3/100
|
|-heal|p1a: Clefable|100/100 tox|[from] move: Wish|[wisher] Clefable
|-heal|p2a: Seismitoad|9/100|[from] item: Leftovers
|upkeep
|turn|18
|
|move|p2a: Seismitoad|Protect|p2a: Seismitoad
|-singleturn|p2a: Seismitoad|Protect
|move|p1a: Clefable|Moonblast|p2a: Seismitoad
|-activate|p2a: Seismitoad|move: Protect
|
|-heal|p2a: Seismitoad|15/100|[from] item: Leftovers
|upkeep
|turn|19
|
|switch|p2a: Clefable|Clefable, M|41/100
|move|p1a: Clefable|Moonblast|p2a: Clefable
|-damage|p2a: Clefable|20/100
|
|upkeep
|turn|20
|
|move|p1a: Clefable|Moonblast|p2a: Clefable
|-damage|p2a: Clefable|0 fnt
|faint|p2a: Clefable
|
|upkeep
|
|switch|p2a: Excadrill|Excadrill, F|100/100
|-damage|p2a: Excadrill|97/100|[from] Stealth Rock
|-ability|p2a: Excadrill|Mold Breaker
|turn|21
|
|move|p1a: Clefable|Protect|p1a: Clefable
|-singleturn|p1a: Clefable|Protect
|move|p2a: Excadrill|Iron Head|p1a: Clefable
|-activate|p1a: Clefable|move: Protect
|
|upkeep
|turn|22
|
|switch|p1a: Dragapult|Dragapult, M|100/100
|-damage|p1a: Dragapult|88/100|[from] Stealth Rock
|move|p2a: Excadrill|Rapid Spin|p1a: Dragapult
|-immune|p1a: Dragapult
|
|upkeep
|turn|23
|
|switch|p2a: Seismitoad|Seismitoad, M|15/100
|-damage|p2a: Seismitoad|9/100|[from] Stealth Rock
|move|p1a: Dragapult|Shadow Ball|p2a: Seismitoad
|-damage|p2a: Seismitoad|0 fnt
|faint|p2a: Seismitoad
|
|upkeep
|
|switch|p2a: Dragapult|Dragapult, F|100/100
|-damage|p2a: Dragapult|88/100|[from] Stealth Rock
|turn|24
|
|switch|p1a: Clefable|Clefable, F|100/100 tox
|move|p2a: Dragapult|Sucker Punch||[still]
|-fail|p2a: Dragapult
|
|upkeep
|turn|25
|
|switch|p2a: Ferrothorn|Ferrothorn, M|44/100
|-damage|p2a: Ferrothorn|38/100|[from] Stealth Rock
|move|p1a: Clefable|Flamethrower|p2a: Ferrothorn
|-supereffective|p2a: Ferrothorn
|-damage|p2a: Ferrothorn|0 fnt
|faint|p2a: Ferrothorn
|
|upkeep
|
|switch|p2a: Excadrill|Excadrill, F|97/100
|-damage|p2a: Excadrill|94/100|[from] Stealth Rock
|-ability|p2a: Excadrill|Mold Breaker
|turn|26
|inactive|David Ollisto has 120 seconds left.
|inactive|David Ollisto has 90 seconds left.
|
|move|p2a: Excadrill|Earthquake|p1a: Clefable
|-damage|p1a: Clefable|52/100 tox
|move|p1a: Clefable|Wish|p1a: Clefable
|
|-heal|p1a: Clefable|58/100 tox|[from] item: Leftovers
|upkeep
|turn|27
|
|switch|p1a: Dragapult|Dragapult, M|88/100
|-damage|p1a: Dragapult|76/100|[from] Stealth Rock
|move|p2a: Excadrill|Iron Head|p1a: Dragapult
|-damage|p1a: Dragapult|15/100
|
|-heal|p1a: Dragapult|77/100|[from] move: Wish|[wisher] Clefable
|upkeep
|turn|28
|
|move|p1a: Dragapult|Shadow Ball|p2a: Excadrill
|-damage|p2a: Excadrill|24/100
|move|p2a: Excadrill|Earthquake|p1a: Dragapult
|-damage|p1a: Dragapult|3/100
|
|upkeep
|turn|29
|
|move|p1a: Dragapult|Shadow Ball|p2a: Excadrill
|-damage|p2a: Excadrill|0 fnt
|faint|p2a: Excadrill
|
|upkeep
|
|switch|p2a: Dragapult|Dragapult, F|88/100
|-damage|p2a: Dragapult|76/100|[from] Stealth Rock
|turn|30
|
|move|p2a: Dragapult|Dragon Dance|p2a: Dragapult
|-boost|p2a: Dragapult|atk|1
|-boost|p2a: Dragapult|spe|1
|move|p1a: Dragapult|Shadow Ball|p2a: Dragapult
|-supereffective|p2a: Dragapult
|-crit|p2a: Dragapult
|-damage|p2a: Dragapult|0 fnt
|faint|p2a: Dragapult
|
|upkeep
|
|switch|p2a: Conkeldurr|Conkeldurr, F|100/100
|-damage|p2a: Conkeldurr|94/100|[from] Stealth Rock
|turn|31
|c|☆Yea3|gg
|inactive|David Ollisto has 90 seconds left.
|
|move|p1a: Dragapult|Shadow Ball|p2a: Conkeldurr
|-damage|p2a: Conkeldurr|35/100
|move|p2a: Conkeldurr|Ice Punch|p1a: Dragapult
|-supereffective|p1a: Dragapult
|-damage|p1a: Dragapult|0 fnt
|faint|p1a: Dragapult
|
|-status|p2a: Conkeldurr|brn|[from] item: Flame Orb
|upkeep
|c|☆David Ollisto|gg
|inactive|David Ollisto has 90 seconds left.
|
|switch|p1a: Clefable|Clefable, F|58/100 tox
|turn|32
|
|move|p1a: Clefable|Moonblast|p2a: Conkeldurr
|-supereffective|p2a: Conkeldurr
|-damage|p2a: Conkeldurr|0 fnt
|faint|p2a: Conkeldurr
|
|win|David Ollisto
|l|☆Yea3
