|ScrapeTime|2020-01-01-03:06:06
|j|☆zarzu
|j|☆Whyislifehardonme
|player|p1|zarzu|janine|1168
|player|p2|Whyislifehardonme|molayne|1124
|teamsize|p1|6
|teamsize|p2|6
|gametype|singles
|gen|8
|tier|[Gen 8] OU
|rated|
|rule|Sleep Clause Mod: Limit one foe put to sleep
|rule|Species Clause: Limit one of each Pokémon
|rule|OHKO Clause: OHKO moves are banned
|rule|Evasion Moves Clause: Evasion moves are banned
|rule|Endless Battle Clause: Forcing endless battles is banned
|rule|HP Percentage Mod: HP is shown in percentages
|clearpoke
|poke|p1|Shuckle, F|
|poke|p1|Dracozolt|
|poke|p1|Grimmsnarl, M|
|poke|p1|Excadrill, M|
|poke|p1|Rotom-Wash|
|poke|p1|Dragapult, F|
|poke|p2|Dragapult, F|
|poke|p2|Toxtricity, M|
|poke|p2|Seismitoad, F|
|poke|p2|Cinderace, F|
|poke|p2|Corsola-Galar, F|
|poke|p2|Appletun, M|
|rule|Dynamax Clause: You cannot dynamax
|teampreview
|inactive|Battle timer is ON: inactive players will automatically lose when time's up. (requested by Whyislifehardonme)
|
|start
|switch|p1a: Shuckle|Shuckle, F|100/100
|switch|p2a: Obama-nation|Toxtricity, M|100/100
|turn|1
|
|move|p2a: Obama-nation|Boomburst|p1a: Shuckle
|-resisted|p1a: Shuckle
|-damage|p1a: Shuckle|84/100
|-enditem|p2a: Obama-nation|Throat Spray
|-boost|p2a: Obama-nation|spa|1
|move|p1a: Shuckle|Sticky Web|p2a: Obama-nation
|-sidestart|p2: Whyislifehardonme|move: Sticky Web
|
|upkeep
|turn|2
|
|move|p2a: Obama-nation|Taunt|p1a: Shuckle
|-start|p1a: Shuckle|move: Taunt
|-enditem|p1a: Shuckle|Mental Herb
|-end|p1a: Shuckle|move: Taunt
|move|p1a: Shuckle|Stealth Rock|p2a: Obama-nation
|-sidestart|p2: Whyislifehardonme|move: Stealth Rock
|
|upkeep
|turn|3
|
|move|p2a: Obama-nation|Taunt|p1a: Shuckle
|-start|p1a: Shuckle|move: Taunt
|cant|p1a: Shuckle|move: Taunt|Encore
|
|upkeep
|turn|4
|
|switch|p1a: Dragapult|Dragapult, F|100/100
|move|p2a: Obama-nation|Overdrive|p1a: Dragapult
|-resisted|p1a: Dragapult
|-damage|p1a: Dragapult|48/100
|
|upkeep
|turn|5
|
|move|p1a: Dragapult|Draco Meteor|p2a: Obama-nation
|-damage|p2a: Obama-nation|0 fnt
|-unboost|p1a: Dragapult|spa|2
|faint|p2a: Obama-nation
|
|upkeep
|
|switch|p2a: Recreation|Cinderace, F|100/100
|turn|6
|
|move|p1a: Dragapult|Draco Meteor|p2a: Recreation
|-damage|p2a: Recreation|43/100
|-unboost|p1a: Dragapult|spa|2
|move|p2a: Recreation|Court Change|p2a: Recreation
|-sideend|p2: Whyislifehardonme|Stealth Rock|[silent]
|-sidestart|p1: zarzu|Stealth Rock|[silent]
|-sideend|p2: Whyislifehardonme|Sticky Web|[silent]
|-sidestart|p1: zarzu|Sticky Web|[silent]
|-activate|p2a: Recreation|move: Court Change
|
|upkeep
|turn|7
|
|move|p1a: Dragapult|Draco Meteor|p2a: Recreation
|-damage|p2a: Recreation|1/100
|-unboost|p1a: Dragapult|spa|2
|move|p2a: Recreation|U-turn|p1a: Dragapult
|-resisted|p1a: Dragapult
|-damage|p1a: Dragapult|34/100
|
|switch|p2a: HabitatDevastation|Corsola-Galar, F|100/100|[from]move: U-turn
|
|upkeep
|turn|8
|
|switch|p1a: Shuckle|Shuckle, F|84/100
|-activate|p1a: Shuckle|move: Sticky Web
|-unboost|p1a: Shuckle|spe|1
|-damage|p1a: Shuckle|59/100|[from] Stealth Rock
|move|p2a: HabitatDevastation|Shadow Ball|p1a: Shuckle
|-damage|p1a: Shuckle|48/100
|
|upkeep
|turn|9
|
|move|p2a: HabitatDevastation|Reflect|p2a: HabitatDevastation
|-sidestart|p2: Whyislifehardonme|Reflect
|move|p1a: Shuckle|Sticky Web|p2a: HabitatDevastation
|-sidestart|p2: Whyislifehardonme|move: Sticky Web
|
|upkeep
|turn|10
|
|move|p2a: HabitatDevastation|Shadow Ball|p1a: Shuckle
|-damage|p1a: Shuckle|37/100
|move|p1a: Shuckle|Stealth Rock|p2a: HabitatDevastation
|-sidestart|p2: Whyislifehardonme|move: Stealth Rock
|
|upkeep
|turn|11
|
|move|p2a: HabitatDevastation|Will-O-Wisp|p1a: Shuckle
|-status|p1a: Shuckle|brn
|move|p1a: Shuckle|Knock Off|p2a: HabitatDevastation
|-supereffective|p2a: HabitatDevastation
|-damage|p2a: HabitatDevastation|98/100
|-enditem|p2a: HabitatDevastation|Eviolite|[from] move: Knock Off|[of] p1a: Shuckle
|
|-damage|p1a: Shuckle|31/100 brn|[from] brn
|upkeep
|turn|12
|
|move|p2a: HabitatDevastation|Strength Sap|p1a: Shuckle
|-unboost|p1a: Shuckle|atk|1
|-heal|p2a: HabitatDevastation|100/100
|move|p1a: Shuckle|Encore|p2a: HabitatDevastation
|-start|p2a: HabitatDevastation|Encore
|
|-damage|p1a: Shuckle|24/100 brn|[from] brn
|upkeep
|turn|13
|
|switch|p1a: Rotom|Rotom-Wash|100/100
|-damage|p1a: Rotom|88/100|[from] Stealth Rock
|move|p2a: HabitatDevastation|Strength Sap|p1a: Rotom
|-unboost|p1a: Rotom|atk|1
|
|-heal|p1a: Rotom|94/100|[from] item: Leftovers
|-sideend|p2: Whyislifehardonme|Reflect
|upkeep
|turn|14
|
|move|p1a: Rotom|Nasty Plot|p1a: Rotom
|-boost|p1a: Rotom|spa|2
|move|p2a: HabitatDevastation|Strength Sap|p1a: Rotom
|-unboost|p1a: Rotom|atk|1
|
|-heal|p1a: Rotom|100/100|[from] item: Leftovers
|upkeep
|turn|15
|
|move|p1a: Rotom|Hydro Pump|p2a: HabitatDevastation
|-damage|p2a: HabitatDevastation|40/100
|-start|p1a: Rotom|Disable|Hydro Pump|[from] ability: Cursed Body|[of] p2a: HabitatDevastation
|move|p2a: HabitatDevastation|Strength Sap|p1a: Rotom
|-unboost|p1a: Rotom|atk|1
|-heal|p2a: HabitatDevastation|61/100
|
|-end|p2a: HabitatDevastation|Encore
|upkeep
|turn|16
|
|move|p1a: Rotom|Will-O-Wisp|p2a: HabitatDevastation
|-status|p2a: HabitatDevastation|brn
|move|p2a: HabitatDevastation|Will-O-Wisp|p1a: Rotom
|-status|p1a: Rotom|brn
|
|-damage|p1a: Rotom|94/100 brn|[from] brn
|-damage|p2a: HabitatDevastation|55/100 brn|[from] brn
|upkeep
|turn|17
|
|move|p1a: Rotom|Nasty Plot|p1a: Rotom
|-boost|p1a: Rotom|spa|2
|move|p2a: HabitatDevastation|Shadow Ball|p1a: Rotom
|-damage|p1a: Rotom|79/100 brn
|
|-heal|p1a: Rotom|85/100 brn|[from] item: Leftovers
|-damage|p1a: Rotom|79/100 brn|[from] brn
|-damage|p2a: HabitatDevastation|48/100 brn|[from] brn
|upkeep
|turn|18
|
|move|p1a: Rotom|Volt Switch|p2a: HabitatDevastation
|-crit|p2a: HabitatDevastation
|-damage|p2a: HabitatDevastation|0 fnt
|faint|p2a: HabitatDevastation
|
|switch|p1a: Excadrill|Excadrill, M|100/100|[from]move: Volt Switch
|-activate|p1a: Excadrill|move: Sticky Web
|-unboost|p1a: Excadrill|spe|1
|-damage|p1a: Excadrill|97/100|[from] Stealth Rock
|-ability|p1a: Excadrill|Mold Breaker
|
|upkeep
|
|switch|p2a: Recreation|Cinderace, F|1/100
|turn|19
|
|switch|p1a: Shuckle|Shuckle, F|24/100 brn
|-damage|p1a: Shuckle|0 fnt|[from] Stealth Rock
|-activate|p1a: Shuckle|move: Sticky Web
|faint|p1a: Shuckle
|move|p2a: Recreation|Pyro Ball|p1: Shuckle|[notarget]
|-fail|p2a: Recreation
|
|upkeep
|
|switch|p1a: Rotom|Rotom-Wash|79/100 brn
|-damage|p1a: Rotom|67/100 brn|[from] Stealth Rock
|turn|20
|
|move|p2a: Recreation|U-turn|p1a: Rotom
|-damage|p1a: Rotom|42/100 brn
|
|switch|p2a: Violation|Seismitoad, F|100/100|[from]move: U-turn
|-damage|p2a: Violation|94/100|[from] Stealth Rock
|-activate|p2a: Violation|move: Sticky Web
|-unboost|p2a: Violation|spe|1
|move|p1a: Rotom|Volt Switch|p2a: Violation
|-immune|p2a: Violation
|
|-heal|p1a: Rotom|48/100 brn|[from] item: Leftovers
|-heal|p2a: Violation|100/100|[from] item: Leftovers
|-damage|p1a: Rotom|42/100 brn|[from] brn
|upkeep
|turn|21
|
|move|p2a: Violation|Protect|p2a: Violation
|-singleturn|p2a: Violation|Protect
|move|p1a: Rotom|Will-O-Wisp|p2a: Violation
|-activate|p2a: Violation|move: Protect
|
|-heal|p1a: Rotom|48/100 brn|[from] item: Leftovers
|-damage|p1a: Rotom|42/100 brn|[from] brn
|upkeep
|turn|22
|
|move|p1a: Rotom|Will-O-Wisp|p2a: Violation
|-status|p2a: Violation|brn
|move|p2a: Violation|Scald|p1a: Rotom
|-resisted|p1a: Rotom
|-crit|p1a: Rotom
|-damage|p1a: Rotom|27/100 brn
|
|-heal|p1a: Rotom|33/100 brn|[from] item: Leftovers
|-damage|p1a: Rotom|27/100 brn|[from] brn
|-damage|p2a: Violation|94/100 brn|[from] brn
|upkeep
|turn|23
|
|move|p1a: Rotom|Volt Switch|p2a: Violation
|-immune|p2a: Violation
|move|p2a: Violation|Scald|p1a: Rotom
|-resisted|p1a: Rotom
|-damage|p1a: Rotom|16/100 brn
|
|-heal|p1a: Rotom|22/100 brn|[from] item: Leftovers
|-heal|p2a: Violation|100/100 brn|[from] item: Leftovers
|-damage|p1a: Rotom|16/100 brn|[from] brn
|-damage|p2a: Violation|94/100 brn|[from] brn
|upkeep
|turn|24
|
|move|p1a: Rotom|Volt Switch|p2a: Violation
|-immune|p2a: Violation
|move|p2a: Violation|Scald|p1a: Rotom
|-resisted|p1a: Rotom
|-damage|p1a: Rotom|5/100 brn
|
|-heal|p1a: Rotom|11/100 brn|[from] item: Leftovers
|-heal|p2a: Violation|100/100 brn|[from] item: Leftovers
|-damage|p1a: Rotom|5/100 brn|[from] brn
|-damage|p2a: Violation|94/100 brn|[from] brn
|upkeep
|turn|25
|
|move|p1a: Rotom|Volt Switch|p2a: Violation
|-immune|p2a: Violation
|move|p2a: Violation|Scald|p1a: Rotom
|-resisted|p1a: Rotom
|-damage|p1a: Rotom|0 fnt
|faint|p1a: Rotom
|
|-heal|p2a: Violation|100/100 brn|[from] item: Leftovers
|-damage|p2a: Violation|94/100 brn|[from] brn
|upkeep
|
|switch|p1a: Grimmsnarl|Grimmsnarl, M|100/100
|-activate|p1a: Grimmsnarl|move: Sticky Web
|-unboost|p1a: Grimmsnarl|spe|1
|-damage|p1a: Grimmsnarl|88/100|[from] Stealth Rock
|turn|26
|
|move|p1a: Grimmsnarl|Bulk Up|p1a: Grimmsnarl
|-boost|p1a: Grimmsnarl|atk|1
|-boost|p1a: Grimmsnarl|def|1
|move|p2a: Violation|Toxic|p1a: Grimmsnarl
|-status|p1a: Grimmsnarl|tox
|
|-heal|p2a: Violation|100/100 brn|[from] item: Leftovers
|-heal|p1a: Grimmsnarl|94/100 tox|[from] item: Leftovers
|-damage|p2a: Violation|94/100 brn|[from] brn
|-damage|p1a: Grimmsnarl|88/100 tox|[from] psn
|upkeep
|turn|27
|
|move|p1a: Grimmsnarl|Bulk Up|p1a: Grimmsnarl
|-boost|p1a: Grimmsnarl|atk|1
|-boost|p1a: Grimmsnarl|def|1
|move|p2a: Violation|Earth Power|p1a: Grimmsnarl
|-damage|p1a: Grimmsnarl|68/100 tox
|-unboost|p1a: Grimmsnarl|spd|1
|
|-heal|p2a: Violation|100/100 brn|[from] item: Leftovers
|-heal|p1a: Grimmsnarl|74/100 tox|[from] item: Leftovers
|-damage|p2a: Violation|94/100 brn|[from] brn
|-damage|p1a: Grimmsnarl|62/100 tox|[from] psn
|upkeep
|turn|28
|
|move|p2a: Violation|Earth Power|p1a: Grimmsnarl
|-crit|p1a: Grimmsnarl
|-damage|p1a: Grimmsnarl|19/100 tox
|move|p1a: Grimmsnarl|Darkest Lariat|p2a: Violation
|-damage|p2a: Violation|54/100 brn
|
|-heal|p2a: Violation|60/100 brn|[from] item: Leftovers
|-heal|p1a: Grimmsnarl|25/100 tox|[from] item: Leftovers
|-damage|p2a: Violation|54/100 brn|[from] brn
|-damage|p1a: Grimmsnarl|6/100 tox|[from] psn
|upkeep
|turn|29
|
|move|p2a: Violation|Protect|p2a: Violation
|-singleturn|p2a: Violation|Protect
|move|p1a: Grimmsnarl|Rest|p1a: Grimmsnarl
|-status|p1a: Grimmsnarl|slp|[from] move: Rest
|-heal|p1a: Grimmsnarl|100/100 slp|[silent]
|
|-heal|p2a: Violation|60/100 brn|[from] item: Leftovers
|-damage|p2a: Violation|54/100 brn|[from] brn
|upkeep
|turn|30
|
|cant|p1a: Grimmsnarl|slp
|move|p1a: Grimmsnarl|Sleep Talk|p1a: Grimmsnarl
|move|p1a: Grimmsnarl|Rest|p1a: Grimmsnarl|[from]Sleep Talk
|-fail|p1a: Grimmsnarl|heal
|move|p2a: Violation|Earth Power|p1a: Grimmsnarl
|-damage|p1a: Grimmsnarl|71/100 slp
|
|-heal|p2a: Violation|60/100 brn|[from] item: Leftovers
|-heal|p1a: Grimmsnarl|77/100 slp|[from] item: Leftovers
|-damage|p2a: Violation|54/100 brn|[from] brn
|upkeep
|turn|31
|
|cant|p1a: Grimmsnarl|slp
|move|p1a: Grimmsnarl|Sleep Talk|p1a: Grimmsnarl
|move|p1a: Grimmsnarl|Bulk Up|p1a: Grimmsnarl|[from]Sleep Talk
|-boost|p1a: Grimmsnarl|atk|1
|-boost|p1a: Grimmsnarl|def|1
|move|p2a: Violation|Earth Power|p1a: Grimmsnarl
|-damage|p1a: Grimmsnarl|48/100 slp
|
|-heal|p2a: Violation|60/100 brn|[from] item: Leftovers
|-heal|p1a: Grimmsnarl|54/100 slp|[from] item: Leftovers
|-damage|p2a: Violation|54/100 brn|[from] brn
|upkeep
|turn|32
|
|move|p2a: Violation|Earth Power|p1a: Grimmsnarl
|-damage|p1a: Grimmsnarl|23/100 slp
|-curestatus|p1a: Grimmsnarl|slp|[msg]
|move|p1a: Grimmsnarl|Darkest Lariat|p2a: Violation
|-damage|p2a: Violation|0 fnt
|faint|p2a: Violation
|
|-heal|p1a: Grimmsnarl|29/100|[from] item: Leftovers
|upkeep
|
|switch|p2a: Recreation|Cinderace, F|1/100
|turn|33
|
|move|p1a: Grimmsnarl|Rest|p1a: Grimmsnarl
|-status|p1a: Grimmsnarl|slp|[from] move: Rest
|-heal|p1a: Grimmsnarl|100/100 slp|[silent]
|move|p2a: Recreation|Iron Head|p1a: Grimmsnarl
|-supereffective|p1a: Grimmsnarl
|-damage|p1a: Grimmsnarl|76/100 slp
|
|-heal|p1a: Grimmsnarl|82/100 slp|[from] item: Leftovers
|upkeep
|turn|34
|
|cant|p1a: Grimmsnarl|slp
|move|p1a: Grimmsnarl|Sleep Talk|p1a: Grimmsnarl
|move|p1a: Grimmsnarl|Bulk Up|p1a: Grimmsnarl|[from]Sleep Talk
|-boost|p1a: Grimmsnarl|atk|1
|-boost|p1a: Grimmsnarl|def|1
|move|p2a: Recreation|Iron Head|p1a: Grimmsnarl
|-supereffective|p1a: Grimmsnarl
|-damage|p1a: Grimmsnarl|62/100 slp
|
|-heal|p1a: Grimmsnarl|68/100 slp|[from] item: Leftovers
|upkeep
|turn|35
|c|☆Whyislifehardonme|!dt grimmsnarl
|raw|OU  Grimmsnarl  PranksterFriskPickpocketHP95 Atk120 Def65 SpA95 SpD75 Spe60 BST510 
|raw|Dex#: 861 |&ThickSpaceGen: 8 |&ThickSpaceHeight: 1.5 m |&ThickSpaceWeight: 61 kg (80 BP) |&ThickSpaceDex Colour: Purple |&ThickSpaceEgg Group(s): Fairy, Human-Like |&ThickSpaceDoes Not Evolve

|c|☆Whyislifehardonme|!weak grimmsnarl
|html|Grimmsnarl (ignoring abilities):Weaknesses: Fairy, Poison, SteelResistances: Dark, GhostImmunities: Dragon, Psychic
|inactive|Whyislifehardonme has 120 seconds left.
|
|cant|p1a: Grimmsnarl|slp
|move|p1a: Grimmsnarl|Sleep Talk|p1a: Grimmsnarl
|move|p1a: Grimmsnarl|Bulk Up|p1a: Grimmsnarl|[from]Sleep Talk
|-boost|p1a: Grimmsnarl|atk|1
|-boost|p1a: Grimmsnarl|def|1
|move|p2a: Recreation|Pyro Ball|p1a: Grimmsnarl
|-damage|p1a: Grimmsnarl|38/100 slp
|
|-heal|p1a: Grimmsnarl|44/100 slp|[from] item: Leftovers
|upkeep
|turn|36
|inactive|Whyislifehardonme has 120 seconds left.
|
|move|p2a: Recreation|Iron Head|p1a: Grimmsnarl
|-supereffective|p1a: Grimmsnarl
|-damage|p1a: Grimmsnarl|26/100 slp
|-curestatus|p1a: Grimmsnarl|slp|[msg]
|move|p1a: Grimmsnarl|Darkest Lariat|p2a: Recreation
|-damage|p2a: Recreation|0 fnt
|faint|p2a: Recreation
|
|-heal|p1a: Grimmsnarl|32/100|[from] item: Leftovers
|upkeep
|
|switch|p2a: Damnation|Appletun, M|100/100
|-activate|p2a: Damnation|move: Sticky Web
|-unboost|p2a: Damnation|spe|1
|-damage|p2a: Damnation|88/100|[from] Stealth Rock
|turn|37
|
|move|p1a: Grimmsnarl|Rest|p1a: Grimmsnarl
|-status|p1a: Grimmsnarl|slp|[from] move: Rest
|-heal|p1a: Grimmsnarl|100/100 slp|[silent]
|move|p2a: Damnation|Apple Acid|p1a: Grimmsnarl
|-damage|p1a: Grimmsnarl|70/100 slp
|-unboost|p1a: Grimmsnarl|spd|1
|
|-heal|p1a: Grimmsnarl|76/100 slp|[from] item: Leftovers
|-heal|p2a: Damnation|94/100|[from] item: Leftovers
|upkeep
|turn|38
|
|cant|p1a: Grimmsnarl|slp
|move|p1a: Grimmsnarl|Sleep Talk|p1a: Grimmsnarl
|move|p1a: Grimmsnarl|Rest|p1a: Grimmsnarl|[from]Sleep Talk
|-fail|p1a: Grimmsnarl
|move|p2a: Damnation|Leech Seed|p1a: Grimmsnarl
|-start|p1a: Grimmsnarl|move: Leech Seed
|
|-heal|p1a: Grimmsnarl|82/100 slp|[from] item: Leftovers
|-heal|p2a: Damnation|99/100|[from] item: Leftovers
|-damage|p1a: Grimmsnarl|70/100 slp|[from] Leech Seed|[of] p2a: Damnation
|-heal|p2a: Damnation|100/100|[silent]
|upkeep
|turn|39
|inactive|Whyislifehardonme has 120 seconds left.
|
|cant|p1a: Grimmsnarl|slp
|move|p1a: Grimmsnarl|Sleep Talk|p1a: Grimmsnarl
|move|p1a: Grimmsnarl|Bulk Up|p1a: Grimmsnarl|[from]Sleep Talk
|-boost|p1a: Grimmsnarl|atk|1
|-boost|p1a: Grimmsnarl|def|1
|move|p2a: Damnation|Apple Acid|p1a: Grimmsnarl
|-damage|p1a: Grimmsnarl|27/100 slp
|-unboost|p1a: Grimmsnarl|spd|1
|
|-heal|p1a: Grimmsnarl|33/100 slp|[from] item: Leftovers
|-damage|p1a: Grimmsnarl|20/100 slp|[from] Leech Seed|[of] p2a: Damnation
|upkeep
|turn|40
|inactive|Whyislifehardonme has 120 seconds left.
|
|switch|p2a: Aviation|Dragapult, F|100/100
|-activate|p2a: Aviation|move: Sticky Web
|-unboost|p2a: Aviation|spe|1
|-damage|p2a: Aviation|88/100|[from] Stealth Rock
|-curestatus|p1a: Grimmsnarl|slp|[msg]
|move|p1a: Grimmsnarl|Sleep Talk||[still]
|-fail|p1a: Grimmsnarl
|
|-heal|p1a: Grimmsnarl|26/100|[from] item: Leftovers
|-damage|p1a: Grimmsnarl|14/100|[from] Leech Seed|[of] p2a: Aviation
|-heal|p2a: Aviation|100/100|[silent]
|upkeep
|turn|41
|
|move|p2a: Aviation|Sucker Punch||[still]
|-fail|p2a: Aviation
|move|p1a: Grimmsnarl|Rest|p1a: Grimmsnarl
|-status|p1a: Grimmsnarl|slp|[from] move: Rest
|-heal|p1a: Grimmsnarl|100/100 slp|[silent]
|
|-damage|p1a: Grimmsnarl|88/100 slp|[from] Leech Seed|[of] p2a: Aviation
|upkeep
|turn|42
|
|switch|p1a: Excadrill|Excadrill, M|97/100
|-damage|p1a: Excadrill|94/100|[from] Stealth Rock
|-activate|p1a: Excadrill|move: Sticky Web
|-unboost|p1a: Excadrill|spe|1
|-ability|p1a: Excadrill|Mold Breaker
|move|p2a: Aviation|Dragon Dance|p2a: Aviation
|-boost|p2a: Aviation|atk|1
|-boost|p2a: Aviation|spe|1
|
|upkeep
|turn|43
|
|move|p2a: Aviation|Phantom Force||[still]
|-prepare|p2a: Aviation|Phantom Force|p1a: Excadrill
|move|p1a: Excadrill|Earthquake|p2a: Aviation|[miss]
|-miss|p1a: Excadrill|p2a: Aviation
|
|upkeep
|turn|44
|
|move|p2a: Aviation|Phantom Force|p1a: Excadrill|[from]lockedmove
|-damage|p1a: Excadrill|0 fnt
|-damage|p2a: Aviation|91/100|[from] item: Life Orb
|faint|p1a: Excadrill
|
|upkeep
|
|switch|p1a: Grimmsnarl|Grimmsnarl, M|88/100 slp
|-damage|p1a: Grimmsnarl|76/100 slp|[from] Stealth Rock
|-activate|p1a: Grimmsnarl|move: Sticky Web
|-unboost|p1a: Grimmsnarl|spe|1
|turn|45
|
|cant|p1a: Grimmsnarl|slp
|move|p1a: Grimmsnarl|Sleep Talk|p1a: Grimmsnarl
|move|p1a: Grimmsnarl|Darkest Lariat|p2a: Aviation|[from]Sleep Talk
|-supereffective|p2a: Aviation
|-damage|p2a: Aviation|9/100
|move|p2a: Aviation|Dragon Dance|p2a: Aviation
|-boost|p2a: Aviation|atk|1
|-boost|p2a: Aviation|spe|1
|
|-heal|p1a: Grimmsnarl|82/100 slp|[from] item: Leftovers
|upkeep
|turn|46
|
|cant|p1a: Grimmsnarl|slp
|move|p1a: Grimmsnarl|Sleep Talk|p1a: Grimmsnarl
|move|p1a: Grimmsnarl|Bulk Up|p1a: Grimmsnarl|[from]Sleep Talk
|-boost|p1a: Grimmsnarl|atk|1
|-boost|p1a: Grimmsnarl|def|1
|move|p2a: Aviation|Phantom Force||[still]
|-prepare|p2a: Aviation|Phantom Force|p1a: Grimmsnarl
|
|-heal|p1a: Grimmsnarl|88/100 slp|[from] item: Leftovers
|upkeep
|turn|47
|
|move|p2a: Aviation|Phantom Force|p1a: Grimmsnarl|[from]lockedmove
|-resisted|p1a: Grimmsnarl
|-damage|p1a: Grimmsnarl|34/100 slp
|-damage|p2a: Aviation|0 fnt|[from] item: Life Orb
|faint|p2a: Aviation
|-curestatus|p1a: Grimmsnarl|slp|[msg]
|move|p1a: Grimmsnarl|Darkest Lariat|p2: Aviation|[notarget]
|-fail|p1a: Grimmsnarl
|
|-heal|p1a: Grimmsnarl|40/100|[from] item: Leftovers
|upkeep
|
|switch|p2a: Damnation|Appletun, M|100/100
|-damage|p2a: Damnation|88/100|[from] Stealth Rock
|-activate|p2a: Damnation|move: Sticky Web
|-unboost|p2a: Damnation|spe|1
|turn|48
|
|move|p1a: Grimmsnarl|Darkest Lariat|p2a: Damnation
|-damage|p2a: Damnation|40/100
|move|p2a: Damnation|Leech Seed|p1a: Grimmsnarl
|-start|p1a: Grimmsnarl|move: Leech Seed
|
|-heal|p1a: Grimmsnarl|46/100|[from] item: Leftovers
|-heal|p2a: Damnation|46/100|[from] item: Leftovers
|-damage|p1a: Grimmsnarl|33/100|[from] Leech Seed|[of] p2a: Damnation
|-heal|p2a: Damnation|57/100|[silent]
|upkeep
|turn|49
|
|move|p1a: Grimmsnarl|Darkest Lariat|p2a: Damnation
|-crit|p2a: Damnation
|-damage|p2a: Damnation|0 fnt
|faint|p2a: Damnation
|
|win|zarzu
|l|☆Whyislifehardonme
|raw|zarzu's rating: 1168 → 1190(+22 for winning)
|raw|Whyislifehardonme's rating: 1124 → 1102(-22 for losing)
