|ScrapeTime|2020-01-01-01:35:23
|j|☆Pokkenbattler
|j|☆lcojoker123
|player|p1|Pokkenbattler|bellelba|1059
|player|p2|lcojoker123|ethan|1088
|teamsize|p1|6
|teamsize|p2|6
|gametype|singles
|gen|8
|tier|[Gen 8] OU
|rated|
|rule|Sleep Clause Mod: Limit one foe put to sleep
|rule|Species Clause: Limit one of each Pokémon
|rule|OHKO Clause: OHKO moves are banned
|rule|Evasion Moves Clause: Evasion moves are banned
|rule|Endless Battle Clause: Forcing endless battles is banned
|rule|HP Percentage Mod: HP is shown in percentages
|clearpoke
|poke|p1|Thievul, F|
|poke|p1|Alcremie-Mint, F|
|poke|p1|Whimsicott, M|
|poke|p1|Snorlax, F|
|poke|p1|Gyarados, F|
|poke|p1|Barraskewda, F|
|poke|p2|Copperajah, F|
|poke|p2|Ferrothorn, F|
|poke|p2|Toxapex, M|
|poke|p2|Hatterene, F|
|poke|p2|Ditto|
|poke|p2|Corsola-Galar, F|
|rule|Dynamax Clause: You cannot dynamax
|teampreview
|inactive|Battle timer is ON: inactive players will automatically lose when time's up. (requested by Pokkenbattler)
|
|start
|switch|p1a: Thievul|Thievul, F|100/100
|switch|p2a: Corsola|Corsola-Galar, F, shiny|100/100
|turn|1
|
|move|p1a: Thievul|Snarl|p2a: Corsola
|-supereffective|p2a: Corsola
|-damage|p2a: Corsola|66/100
|-start|p1a: Thievul|Disable|Snarl|[from] ability: Cursed Body|[of] p2a: Corsola
|-unboost|p2a: Corsola|spa|1
|-enditem|p1a: Thievul|Throat Spray
|-boost|p1a: Thievul|spa|1
|move|p2a: Corsola|Will-O-Wisp|p1a: Thievul
|-status|p1a: Thievul|brn
|
|-damage|p1a: Thievul|94/100 brn|[from] brn
|upkeep
|turn|2
|
|move|p1a: Thievul|Nasty Plot|p1a: Thievul
|-boost|p1a: Thievul|spa|2
|move|p2a: Corsola|Strength Sap|p1a: Thievul
|-unboost|p1a: Thievul|atk|1
|-heal|p2a: Corsola|99/100
|
|-damage|p1a: Thievul|88/100 brn|[from] brn
|upkeep
|turn|3
|
|switch|p2a: Toxapex|Toxapex, M, shiny|100/100
|move|p1a: Thievul|Dark Pulse|p2a: Toxapex
|-damage|p2a: Toxapex|33/100
|
|-heal|p2a: Toxapex|39/100|[from] item: Black Sludge
|-damage|p1a: Thievul|82/100 brn|[from] brn
|upkeep
|turn|4
|
|move|p1a: Thievul|Dark Pulse|p2a: Toxapex
|-damage|p2a: Toxapex|0 fnt
|faint|p2a: Toxapex
|
|-damage|p1a: Thievul|76/100 brn|[from] brn
|-end|p1a: Thievul|Disable
|upkeep
|
|switch|p2a: Ferrothorn|Ferrothorn, F, shiny|100/100
|turn|5
|
|move|p1a: Thievul|Dark Pulse|p2a: Ferrothorn
|-damage|p2a: Ferrothorn|31/100
|move|p2a: Ferrothorn|Leech Seed|p1a: Thievul
|-start|p1a: Thievul|move: Leech Seed
|
|-heal|p2a: Ferrothorn|37/100|[from] item: Leftovers
|-damage|p1a: Thievul|64/100 brn|[from] Leech Seed|[of] p2a: Ferrothorn
|-heal|p2a: Ferrothorn|47/100|[silent]
|-damage|p1a: Thievul|58/100 brn|[from] brn
|upkeep
|turn|6
|
|switch|p2a: Hatterene|Hatterene, F|100/100
|move|p1a: Thievul|Dark Pulse|p2a: Hatterene
|-damage|p2a: Hatterene|6/100
|-enditem|p2a: Hatterene|Iapapa Berry|[eat]
|-heal|p2a: Hatterene|39/100|[from] item: Iapapa Berry
|
|-damage|p1a: Thievul|45/100 brn|[from] Leech Seed|[of] p2a: Hatterene
|-heal|p2a: Hatterene|51/100|[silent]
|-damage|p1a: Thievul|39/100 brn|[from] brn
|upkeep
|turn|7
|
|move|p1a: Thievul|Dark Pulse|p2a: Hatterene
|-damage|p2a: Hatterene|0 fnt
|faint|p2a: Hatterene
|
|-damage|p1a: Thievul|33/100 brn|[from] brn
|upkeep
|
|switch|p2a: Copperajah|Copperajah, F|100/100
|turn|8
|
|move|p1a: Thievul|Dark Pulse|p2a: Copperajah
|-damage|p2a: Copperajah|37/100
|move|p2a: Copperajah|Stealth Rock|p1a: Thievul
|-sidestart|p1: Pokkenbattler|move: Stealth Rock
|
|-damage|p1a: Thievul|21/100 brn|[from] Leech Seed|[of] p2a: Copperajah
|-heal|p2a: Copperajah|45/100|[silent]
|-damage|p1a: Thievul|15/100 brn|[from] brn
|upkeep
|turn|9
|-message|lcojoker123 forfeited.
|
|win|Pokkenbattler
|l|☆lcojoker123
