|ScrapeTime|2020-01-01-02:54:25
|j|☆adrianv777
|j|☆PtakarzPL
|player|p1|adrianv777|102|1134
|player|p2|PtakarzPL|richboy-gen4|1114
|teamsize|p1|6
|teamsize|p2|6
|gametype|singles
|gen|8
|tier|[Gen 8] OU
|rated|
|rule|Sleep Clause Mod: Limit one foe put to sleep
|rule|Species Clause: Limit one of each Pokémon
|rule|OHKO Clause: OHKO moves are banned
|rule|Evasion Moves Clause: Evasion moves are banned
|rule|Endless Battle Clause: Forcing endless battles is banned
|rule|HP Percentage Mod: HP is shown in percentages
|clearpoke
|poke|p1|Seismitoad, F|
|poke|p1|Barraskewda, F|
|poke|p1|Pelipper, M|
|poke|p1|Ferrothorn, M|
|poke|p1|Aegislash, F|
|poke|p1|Mantine, M|
|poke|p2|Cinderace, F|
|poke|p2|Mimikyu, F|
|poke|p2|Ferrothorn, F|
|poke|p2|Barraskewda, M|
|poke|p2|Dubwool, F|
|poke|p2|Duraludon, M|
|rule|Dynamax Clause: You cannot dynamax
|teampreview
|
|start
|switch|p1a: Ferrothorn|Ferrothorn, M|100/100
|switch|p2a: Ferrothorn|Ferrothorn, F|100/100
|turn|1
|
|move|p1a: Ferrothorn|Knock Off|p2a: Ferrothorn
|-damage|p2a: Ferrothorn|87/100
|-damage|p1a: Ferrothorn|88/100|[from] ability: Iron Barbs|[of] p2a: Ferrothorn
|-damage|p1a: Ferrothorn|72/100|[from] item: Rocky Helmet|[of] p2a: Ferrothorn
|-enditem|p2a: Ferrothorn|Rocky Helmet|[from] move: Knock Off|[of] p1a: Ferrothorn
|move|p2a: Ferrothorn|Stealth Rock|p1a: Ferrothorn
|-sidestart|p1: adrianv777|move: Stealth Rock
|
|-heal|p1a: Ferrothorn|78/100|[from] item: Leftovers
|upkeep
|turn|2
|
|move|p1a: Ferrothorn|Stealth Rock|p2a: Ferrothorn
|-sidestart|p2: PtakarzPL|move: Stealth Rock
|move|p2a: Ferrothorn|Spikes|p1a: Ferrothorn
|-sidestart|p1: adrianv777|Spikes
|
|-heal|p1a: Ferrothorn|84/100|[from] item: Leftovers
|upkeep
|turn|3
|
|switch|p2a: Cinderace|Cinderace, F|100/100
|switch|p1a: Mantine|Mantine, M|100/100
|-damage|p1a: Mantine|76/100|[from] Stealth Rock
|
|-heal|p1a: Mantine|82/100|[from] item: Leftovers
|upkeep
|turn|4
|
|move|p2a: Cinderace|U-turn|p1a: Mantine
|-resisted|p1a: Mantine
|-damage|p1a: Mantine|68/100
|
|switch|p2a: Duraludon|Duraludon, M|100/100|[from]move: U-turn
|-damage|p2a: Duraludon|94/100|[from] Stealth Rock
|move|p1a: Mantine|Rain Dance|p1a: Mantine
|-weather|RainDance
|
|-weather|RainDance|[upkeep]
|-heal|p1a: Mantine|74/100|[from] item: Leftovers
|upkeep
|turn|5
|
|move|p2a: Duraludon|Thunderbolt|p1a: Mantine
|-supereffective|p1a: Mantine
|-damage|p1a: Mantine|0 fnt
|faint|p1a: Mantine
|
|-weather|RainDance|[upkeep]
|upkeep
|
|switch|p1a: Seismitoad|Seismitoad, F, shiny|100/100
|-damage|p1a: Seismitoad|94/100|[from] Stealth Rock
|-damage|p1a: Seismitoad|82/100|[from] Spikes
|turn|6
|
|switch|p2a: Ferrothorn|Ferrothorn, F|87/100
|-damage|p2a: Ferrothorn|81/100|[from] Stealth Rock
|move|p1a: Seismitoad|Scald|p2a: Ferrothorn
|-resisted|p2a: Ferrothorn
|-damage|p2a: Ferrothorn|65/100
|
|-weather|RainDance|[upkeep]
|-heal|p1a: Seismitoad|88/100|[from] item: Leftovers
|upkeep
|turn|7
|
|switch|p1a: Aegislash|Aegislash, F|100/100
|-damage|p1a: Aegislash|88/100|[from] Spikes
|-damage|p1a: Aegislash|82/100|[from] Stealth Rock
|move|p2a: Ferrothorn|Seed Bomb|p1a: Aegislash
|-resisted|p1a: Aegislash
|-damage|p1a: Aegislash|71/100
|
|-weather|RainDance|[upkeep]
|-heal|p1a: Aegislash|78/100|[from] item: Leftovers
|upkeep
|turn|8
|
|switch|p2a: Cinderace|Cinderace, F|100/100
|move|p1a: Aegislash|Swords Dance|p1a: Aegislash
|-boost|p1a: Aegislash|atk|2
|
|-weather|none
|-heal|p1a: Aegislash|84/100|[from] item: Leftovers
|upkeep
|turn|9
|
|switch|p1a: Pelipper|Pelipper, M|100/100
|-damage|p1a: Pelipper|75/100|[from] Stealth Rock
|-weather|RainDance|[from] ability: Drizzle|[of] p1a: Pelipper
|move|p2a: Cinderace|Pyro Ball|p1a: Pelipper
|-resisted|p1a: Pelipper
|-damage|p1a: Pelipper|60/100
|
|-weather|RainDance|[upkeep]
|-heal|p1a: Pelipper|66/100|[from] item: Leftovers
|upkeep
|turn|10
|
|move|p2a: Cinderace|U-turn|p1a: Pelipper
|-resisted|p1a: Pelipper
|-damage|p1a: Pelipper|55/100
|
|switch|p2a: Duraludon|Duraludon, M|94/100|[from]move: U-turn
|-damage|p2a: Duraludon|88/100|[from] Stealth Rock
|move|p1a: Pelipper|Hydro Pump|p2a: Duraludon
|-resisted|p2a: Duraludon
|-damage|p2a: Duraludon|12/100
|
|-weather|RainDance|[upkeep]
|-heal|p1a: Pelipper|61/100|[from] item: Leftovers
|upkeep
|turn|11
|
|move|p2a: Duraludon|Draco Meteor|p1a: Pelipper
|-damage|p1a: Pelipper|0 fnt
|-unboost|p2a: Duraludon|spa|2
|faint|p1a: Pelipper
|
|-weather|RainDance|[upkeep]
|upkeep
|
|switch|p1a: Barraskewda|Barraskewda, F|100/100
|-damage|p1a: Barraskewda|88/100|[from] Spikes
|-damage|p1a: Barraskewda|76/100|[from] Stealth Rock
|turn|12
|
|move|p1a: Barraskewda|Liquidation|p2a: Duraludon
|-resisted|p2a: Duraludon
|-damage|p2a: Duraludon|0 fnt
|faint|p2a: Duraludon
|
|-weather|RainDance|[upkeep]
|upkeep
|
|switch|p2a: Mimikyu|Mimikyu, F|100/100
|-damage|p2a: Mimikyu|88/100|[from] Stealth Rock
|turn|13
|
|move|p1a: Barraskewda|Liquidation|p2a: Mimikyu
|-activate|p2a: Mimikyu|ability: Disguise
|-damage|p2a: Mimikyu|88/100
|detailschange|p2a: Mimikyu|Mimikyu-Busted, F
|-damage|p2a: Mimikyu|76/100|[from] ability: Disguise|[of] p2a: Mimikyu
|move|p2a: Mimikyu|Play Rough|p1a: Barraskewda
|-damage|p1a: Barraskewda|0 fnt
|-damage|p2a: Mimikyu|66/100|[from] item: Life Orb
|faint|p1a: Barraskewda
|
|-weather|none
|upkeep
|
|switch|p1a: Aegislash|Aegislash, F|84/100
|-damage|p1a: Aegislash|78/100|[from] Stealth Rock
|-damage|p1a: Aegislash|65/100|[from] Spikes
|turn|14
|
|move|p2a: Mimikyu|Shadow Sneak|p1a: Aegislash
|-supereffective|p1a: Aegislash
|-damage|p1a: Aegislash|29/100
|-damage|p2a: Mimikyu|56/100|[from] item: Life Orb
|-formechange|p1a: Aegislash|Aegislash-Blade||[from] ability: Stance Change
|move|p1a: Aegislash|Shadow Sneak|p2a: Mimikyu
|-supereffective|p2a: Mimikyu
|-damage|p2a: Mimikyu|0 fnt
|faint|p2a: Mimikyu
|
|-heal|p1a: Aegislash|35/100|[from] item: Leftovers
|upkeep
|
|switch|p2a: Cinderace|Cinderace, F|100/100
|turn|15
|
|switch|p1a: Seismitoad|Seismitoad, F, shiny|88/100
|-damage|p1a: Seismitoad|76/100|[from] Spikes
|-damage|p1a: Seismitoad|70/100|[from] Stealth Rock
|move|p2a: Cinderace|U-turn|p1a: Seismitoad
|-damage|p1a: Seismitoad|49/100
|
|switch|p2a: Ferrothorn|Ferrothorn, F|65/100|[from]move: U-turn
|-damage|p2a: Ferrothorn|59/100|[from] Stealth Rock
|
|-heal|p1a: Seismitoad|55/100|[from] item: Leftovers
|upkeep
|turn|16
|
|switch|p1a: Ferrothorn|Ferrothorn, M|84/100
|-damage|p1a: Ferrothorn|78/100|[from] Stealth Rock
|-damage|p1a: Ferrothorn|65/100|[from] Spikes
|move|p2a: Ferrothorn|Seed Bomb|p1a: Ferrothorn
|-resisted|p1a: Ferrothorn
|-damage|p1a: Ferrothorn|61/100
|
|-heal|p1a: Ferrothorn|68/100|[from] item: Leftovers
|upkeep
|turn|17
|
|switch|p1a: Aegislash|Aegislash, F|35/100
|-damage|p1a: Aegislash|23/100|[from] Spikes
|-damage|p1a: Aegislash|17/100|[from] Stealth Rock
|switch|p2a: Barraskewda|Barraskewda, M|100/100
|-damage|p2a: Barraskewda|88/100|[from] Stealth Rock
|
|-heal|p1a: Aegislash|23/100|[from] item: Leftovers
|upkeep
|turn|18
|
|move|p2a: Barraskewda|Aqua Jet|p1a: Aegislash
|-damage|p1a: Aegislash|0 fnt
|faint|p1a: Aegislash
|
|upkeep
|-message|adrianv777 forfeited.
|
|win|PtakarzPL
|l|☆adrianv777
|raw|adrianv777's rating: 1134 → 1107(-27 for losing)
|raw|PtakarzPL's rating: 1114 → 1141(+27 for winning)
