|ScrapeTime|2020-01-01-00:28:46
|j|☆Psi Warrior075
|j|☆SuckUGoodra
|player|p1|Psi Warrior075|burglar|1322
|player|p2|SuckUGoodra|iris|1357
|teamsize|p1|6
|teamsize|p2|6
|gametype|singles
|gen|8
|tier|[Gen 8] OU
|rated|
|rule|Sleep Clause Mod: Limit one foe put to sleep
|rule|Species Clause: Limit one of each Pokémon
|rule|OHKO Clause: OHKO moves are banned
|rule|Evasion Moves Clause: Evasion moves are banned
|rule|Endless Battle Clause: Forcing endless battles is banned
|rule|HP Percentage Mod: HP is shown in percentages
|clearpoke
|poke|p1|Barraskewda, M|
|poke|p1|Pelipper, M|
|poke|p1|Corsola-Galar, M|
|poke|p1|Toxtricity, M|
|poke|p1|Ribombee, F|
|poke|p1|Conkeldurr, F|
|poke|p2|Mandibuzz, F|
|poke|p2|Cinderace, M|
|poke|p2|Rotom-Wash|
|poke|p2|Ferrothorn, F|
|poke|p2|Hydreigon, M|
|poke|p2|Mamoswine, M|
|rule|Dynamax Clause: You cannot dynamax
|teampreview
|inactive|Battle timer is ON: inactive players will automatically lose when time's up. (requested by SuckUGoodra)
|inactive|Psi Warrior075 also wants the timer to be on.
|
|start
|switch|p1a: Conkeldurr|Conkeldurr, F|100/100
|switch|p2a: Rotom|Rotom-Wash|100/100
|turn|1
|
|move|p2a: Rotom|Thunder Wave|p1a: Conkeldurr
|-status|p1a: Conkeldurr|par
|move|p1a: Conkeldurr|Drain Punch|p2a: Rotom
|-damage|p2a: Rotom|44/100
|
|-heal|p2a: Rotom|50/100|[from] item: Leftovers
|upkeep
|turn|2
|
|move|p2a: Rotom|Volt Switch|p1a: Conkeldurr
|-damage|p1a: Conkeldurr|71/100 par
|
|switch|p2a: Mandibuzz|Mandibuzz, F|100/100|[from]move: Volt Switch
|cant|p1a: Conkeldurr|par
|
|upkeep
|turn|3
|
|move|p2a: Mandibuzz|Knock Off|p1a: Conkeldurr
|-resisted|p1a: Conkeldurr
|-damage|p1a: Conkeldurr|61/100 par
|-enditem|p1a: Conkeldurr|Flame Orb|[from] move: Knock Off|[of] p2a: Mandibuzz
|move|p1a: Conkeldurr|Drain Punch|p2a: Mandibuzz
|-damage|p2a: Mandibuzz|45/100
|-heal|p1a: Conkeldurr|89/100 par|[from] drain|[of] p2a: Mandibuzz
|
|upkeep
|turn|4
|
|move|p2a: Mandibuzz|Knock Off|p1a: Conkeldurr
|-resisted|p1a: Conkeldurr
|-damage|p1a: Conkeldurr|83/100 par
|move|p1a: Conkeldurr|Drain Punch|p2a: Mandibuzz
|-damage|p2a: Mandibuzz|0 fnt
|-heal|p1a: Conkeldurr|100/100 par|[from] drain|[of] p2a: Mandibuzz
|faint|p2a: Mandibuzz
|
|upkeep
|
|switch|p2a: Cinderace|Cinderace, M|100/100
|turn|5
|
|move|p2a: Cinderace|Pyro Ball|p1a: Conkeldurr|[miss]
|-miss|p2a: Cinderace|p1a: Conkeldurr
|move|p1a: Conkeldurr|Drain Punch|p2a: Cinderace
|-damage|p2a: Cinderace|9/100
|
|upkeep
|turn|6
|c|☆SuckUGoodra|BRO WHAT THE FUCK
|-message|SuckUGoodra forfeited.
|
|win|Psi Warrior075
|l|☆SuckUGoodra
|raw|Psi Warrior075's rating: 1322 → 1344(+22 for winning)
|raw|SuckUGoodra's rating: 1357 → 1335(-22 for losing)
