|ScrapeTime|2020-01-01-03:06:33
|j|☆O Man2020
|j|☆master of miss
|player|p1|O Man2020|colress|1472
|player|p2|master of miss|swimmerf-gen4dp|1475
|teamsize|p1|6
|teamsize|p2|6
|gametype|singles
|gen|8
|tier|[Gen 8] OU
|rated|
|rule|Sleep Clause Mod: Limit one foe put to sleep
|rule|Species Clause: Limit one of each Pokémon
|rule|OHKO Clause: OHKO moves are banned
|rule|Evasion Moves Clause: Evasion moves are banned
|rule|Endless Battle Clause: Forcing endless battles is banned
|rule|HP Percentage Mod: HP is shown in percentages
|clearpoke
|poke|p1|Obstagoon, F|
|poke|p1|Corsola-Galar, M|
|poke|p1|Corviknight, F|
|poke|p1|Hydreigon, F|
|poke|p1|Rotom-Wash|
|poke|p1|Dugtrio, M|
|poke|p2|Hydreigon, M|
|poke|p2|Sylveon, F|
|poke|p2|Mimikyu, M|
|poke|p2|Arcanine, M|
|poke|p2|Corviknight, F|
|poke|p2|Dracovish|
|rule|Dynamax Clause: You cannot dynamax
|teampreview
|inactive|Battle timer is ON: inactive players will automatically lose when time's up. (requested by O Man2020)
|c|☆O Man2020|Gl hf
|
|start
|switch|p1a: Rotom|Rotom-Wash|100/100
|switch|p2a: Sylveon|Sylveon, F|100/100
|turn|1
|
|move|p1a: Rotom|Volt Switch|p2a: Sylveon
|-damage|p2a: Sylveon|81/100
|
|switch|p1a: Corviknight|Corviknight, F|100/100|[from]move: Volt Switch
|-ability|p1a: Corviknight|Pressure
|move|p2a: Sylveon|Hyper Voice|p1a: Corviknight
|-resisted|p1a: Corviknight
|-damage|p1a: Corviknight|79/100
|
|-heal|p1a: Corviknight|85/100|[from] item: Leftovers
|upkeep
|turn|2
|
|switch|p2a: Arcanine|Arcanine, M|100/100
|-ability|p2a: Arcanine|Intimidate|boost
|-unboost|p1a: Corviknight|atk|1
|move|p1a: Corviknight|U-turn|p2a: Arcanine
|-resisted|p2a: Arcanine
|-damage|p2a: Arcanine|96/100
|
|switch|p1a: Dugtrio|Dugtrio, M|100/100|[from]move: U-turn
|
|upkeep
|turn|3
|
|move|p2a: Arcanine|Extreme Speed|p1a: Dugtrio
|-enditem|p1a: Dugtrio|Focus Sash
|-damage|p1a: Dugtrio|1/100
|move|p1a: Dugtrio|Earthquake|p2a: Arcanine
|-supereffective|p2a: Arcanine
|-damage|p2a: Arcanine|10/100
|-enditem|p2a: Arcanine|Figy Berry|[eat]
|-heal|p2a: Arcanine|43/100|[from] item: Figy Berry
|
|upkeep
|turn|4
|
|switch|p1a: Corsola|Corsola-Galar, M|100/100
|move|p2a: Arcanine|Extreme Speed|p1a: Corsola
|-immune|p1a: Corsola
|
|upkeep
|turn|5
|
|switch|p2a: Hydreigon|Hydreigon, M|100/100
|move|p1a: Corsola|Stealth Rock|p2a: Hydreigon
|-sidestart|p2: master of miss|move: Stealth Rock
|
|upkeep
|turn|6
|
|switch|p1a: Dugtrio|Dugtrio, M|1/100
|move|p2a: Hydreigon|Substitute|p2a: Hydreigon
|-start|p2a: Hydreigon|Substitute
|-damage|p2a: Hydreigon|76/100
|
|-heal|p2a: Hydreigon|82/100|[from] item: Leftovers
|upkeep
|turn|7
|
|move|p1a: Dugtrio|Reversal|p2a: Hydreigon
|-supereffective|p2a: Hydreigon
|-end|p2a: Hydreigon|Substitute
|move|p2a: Hydreigon|Dark Pulse|p1a: Dugtrio
|-damage|p1a: Dugtrio|0 fnt
|faint|p1a: Dugtrio
|
|-heal|p2a: Hydreigon|88/100|[from] item: Leftovers
|upkeep
|
|switch|p1a: Obstagoon|Obstagoon, F|100/100
|turn|8
|inactive|master of miss has 120 seconds left.
|l|☆master of miss
|inactive|master of miss disconnected and has a minute to reconnect!
|player|p2|
|j|☆master of miss
|inactive|master of miss reconnected and has 100 seconds left.
|player|p2|master of miss|swimmerf-gen4dp
|
|switch|p2a: Corviknight|Corviknight, F|100/100
|-damage|p2a: Corviknight|88/100|[from] Stealth Rock
|move|p1a: Obstagoon|Knock Off|p2a: Corviknight
|-damage|p2a: Corviknight|65/100
|-enditem|p2a: Corviknight|Sitrus Berry|[from] move: Knock Off|[of] p1a: Obstagoon
|
|upkeep
|turn|9
|
|switch|p1a: Rotom|Rotom-Wash|100/100
|move|p2a: Corviknight|Defog|p1a: Rotom
|-unboost|p1a: Rotom|evasion|1
|-sideend|p2: master of miss|Stealth Rock|[from] move: Defog|[of] p2a: Corviknight
|
|upkeep
|turn|10
|inactive|master of miss has 90 seconds left.
|
|switch|p2a: Sylveon|Sylveon, F|81/100
|move|p1a: Rotom|Will-O-Wisp|p2a: Sylveon
|-status|p2a: Sylveon|brn
|
|-damage|p2a: Sylveon|75/100 brn|[from] brn
|upkeep
|turn|11
|
|move|p1a: Rotom|Hydro Pump|p2a: Sylveon|[miss]
|-miss|p1a: Rotom|p2a: Sylveon
|move|p2a: Sylveon|Hyper Voice|p1a: Rotom
|-damage|p1a: Rotom|33/100
|
|-heal|p1a: Rotom|39/100|[from] item: Leftovers
|-damage|p2a: Sylveon|69/100 brn|[from] brn
|upkeep
|turn|12
|
|move|p1a: Rotom|Volt Switch|p2a: Sylveon
|-damage|p2a: Sylveon|51/100 brn
|
|switch|p1a: Corviknight|Corviknight, F|85/100|[from]move: Volt Switch
|-ability|p1a: Corviknight|Pressure
|move|p2a: Sylveon|Hyper Voice|p1a: Corviknight
|-resisted|p1a: Corviknight
|-damage|p1a: Corviknight|61/100
|
|-heal|p1a: Corviknight|67/100|[from] item: Leftovers
|-damage|p2a: Sylveon|45/100 brn|[from] brn
|upkeep
|turn|13
|
|switch|p2a: Arcanine|Arcanine, M|43/100
|-ability|p2a: Arcanine|Intimidate|boost
|-unboost|p1a: Corviknight|atk|1
|move|p1a: Corviknight|Brave Bird|p2a: Arcanine
|-damage|p2a: Arcanine|17/100
|-damage|p1a: Corviknight|59/100|[from] Recoil
|
|-heal|p1a: Corviknight|65/100|[from] item: Leftovers
|upkeep
|turn|14
|
|switch|p1a: Corsola|Corsola-Galar, M|100/100
|move|p2a: Arcanine|Flare Blitz|p1a: Corsola
|-damage|p1a: Corsola|67/100
|-damage|p2a: Arcanine|8/100|[from] Recoil
|
|upkeep
|turn|15
|
|switch|p2a: Hydreigon|Hydreigon, M|88/100
|switch|p1a: Obstagoon|Obstagoon, F|100/100
|
|-heal|p2a: Hydreigon|94/100|[from] item: Leftovers
|upkeep
|turn|16
|inactive|master of miss has 90 seconds left.
|
|switch|p2a: Arcanine|Arcanine, M|8/100
|-ability|p2a: Arcanine|Intimidate|boost
|-unboost|p1a: Obstagoon|atk|1
|move|p1a: Obstagoon|Close Combat|p2a: Arcanine
|-damage|p2a: Arcanine|0 fnt
|-unboost|p1a: Obstagoon|def|1
|-unboost|p1a: Obstagoon|spd|1
|faint|p2a: Arcanine
|
|upkeep
|
|switch|p2a: Mimikyu|Mimikyu, M|100/100
|turn|17
|
|switch|p1a: Hydreigon|Hydreigon, F|100/100
|move|p2a: Mimikyu|Play Rough|p1a: Hydreigon
|-supereffective|p1a: Hydreigon
|-damage|p1a: Hydreigon|0 fnt
|-damage|p2a: Mimikyu|91/100|[from] item: Life Orb
|faint|p1a: Hydreigon
|
|upkeep
|
|switch|p1a: Obstagoon|Obstagoon, F|100/100
|turn|18
|
|move|p1a: Obstagoon|Parting Shot|p2a: Mimikyu
|-unboost|p2a: Mimikyu|atk|1
|-unboost|p2a: Mimikyu|spa|1
|
|switch|p1a: Corviknight|Corviknight, F|65/100|[from]move: Parting Shot
|-ability|p1a: Corviknight|Pressure
|move|p2a: Mimikyu|Play Rough|p1a: Corviknight
|-resisted|p1a: Corviknight
|-damage|p1a: Corviknight|50/100
|-damage|p2a: Mimikyu|81/100|[from] item: Life Orb
|
|-heal|p1a: Corviknight|57/100|[from] item: Leftovers
|upkeep
|turn|19
|
|switch|p2a: Corviknight|Corviknight, F|65/100
|move|p1a: Corviknight|Roost|p1a: Corviknight
|-heal|p1a: Corviknight|100/100
|-singleturn|p1a: Corviknight|move: Roost
|
|upkeep
|turn|20
|
|move|p2a: Corviknight|Iron Defense|p2a: Corviknight
|-boost|p2a: Corviknight|def|2
|move|p1a: Corviknight|U-turn|p2a: Corviknight
|-resisted|p2a: Corviknight
|-damage|p2a: Corviknight|64/100
|
|switch|p1a: Rotom|Rotom-Wash|39/100|[from]move: U-turn
|
|-heal|p1a: Rotom|46/100|[from] item: Leftovers
|upkeep
|turn|21
|
|switch|p2a: Hydreigon|Hydreigon, M|94/100
|move|p1a: Rotom|Volt Switch|p2a: Hydreigon
|-resisted|p2a: Hydreigon
|-damage|p2a: Hydreigon|79/100
|
|switch|p1a: Obstagoon|Obstagoon, F|100/100|[from]move: Volt Switch
|
|-heal|p2a: Hydreigon|85/100|[from] item: Leftovers
|upkeep
|turn|22
|
|switch|p2a: Mimikyu|Mimikyu, M|81/100
|move|p1a: Obstagoon|Knock Off|p2a: Mimikyu
|-activate|p2a: Mimikyu|ability: Disguise
|-damage|p2a: Mimikyu|81/100
|-enditem|p2a: Mimikyu|Life Orb|[from] move: Knock Off|[of] p1a: Obstagoon
|detailschange|p2a: Mimikyu|Mimikyu-Busted, M
|-damage|p2a: Mimikyu|68/100|[from] ability: Disguise|[of] p2a: Mimikyu
|
|upkeep
|turn|23
|
|switch|p1a: Corviknight|Corviknight, F|100/100
|-ability|p1a: Corviknight|Pressure
|move|p2a: Mimikyu|Play Rough|p1a: Corviknight
|-resisted|p1a: Corviknight
|-damage|p1a: Corviknight|83/100
|
|-heal|p1a: Corviknight|89/100|[from] item: Leftovers
|upkeep
|turn|24
|
|switch|p2a: Dracovish|Dracovish|100/100
|move|p1a: Corviknight|U-turn|p2a: Dracovish
|-damage|p2a: Dracovish|84/100
|
|switch|p1a: Obstagoon|Obstagoon, F|100/100|[from]move: U-turn
|
|upkeep
|turn|25
|
|move|p1a: Obstagoon|Double-Edge|p2a: Dracovish
|-damage|p2a: Dracovish|24/100
|-damage|p1a: Obstagoon|81/100|[from] Recoil
|move|p2a: Dracovish|Fishious Rend|p1a: Obstagoon
|-damage|p1a: Obstagoon|28/100
|
|upkeep
|turn|26
|inactive|master of miss has 120 seconds left.
|
|switch|p1a: Corviknight|Corviknight, F|89/100
|-ability|p1a: Corviknight|Pressure
|switch|p2a: Mimikyu|Mimikyu-Busted, M|68/100
|
|-heal|p1a: Corviknight|95/100|[from] item: Leftovers
|upkeep
|turn|27
|inactive|master of miss has 120 seconds left.
|
|switch|p2a: Corviknight|Corviknight, F|64/100
|move|p1a: Corviknight|Brave Bird|p2a: Corviknight
|-resisted|p2a: Corviknight
|-damage|p2a: Corviknight|53/100
|-damage|p1a: Corviknight|91/100|[from] Recoil
|
|-heal|p1a: Corviknight|98/100|[from] item: Leftovers
|upkeep
|turn|28
|
|move|p1a: Corviknight|U-turn|p2a: Corviknight
|-resisted|p2a: Corviknight
|-damage|p2a: Corviknight|50/100
|
|switch|p1a: Rotom|Rotom-Wash|46/100|[from]move: U-turn
|move|p2a: Corviknight|Roost|p2a: Corviknight
|-heal|p2a: Corviknight|99/100
|-singleturn|p2a: Corviknight|move: Roost
|
|-heal|p1a: Rotom|52/100|[from] item: Leftovers
|upkeep
|turn|29
|inactive|master of miss has 120 seconds left.
|
|switch|p2a: Hydreigon|Hydreigon, M|85/100
|move|p1a: Rotom|Will-O-Wisp|p2a: Hydreigon
|-status|p2a: Hydreigon|brn
|
|-heal|p2a: Hydreigon|92/100 brn|[from] item: Leftovers
|-heal|p1a: Rotom|58/100|[from] item: Leftovers
|-damage|p2a: Hydreigon|85/100 brn|[from] brn
|upkeep
|turn|30
|inactive|master of miss has 120 seconds left.
|
|move|p2a: Hydreigon|Dark Pulse|p1a: Rotom
|-damage|p1a: Rotom|13/100
|move|p1a: Rotom|Volt Switch|p2a: Hydreigon
|-resisted|p2a: Hydreigon
|-damage|p2a: Hydreigon|70/100 brn
|
|switch|p1a: Obstagoon|Obstagoon, F|28/100|[from]move: Volt Switch
|
|-heal|p2a: Hydreigon|76/100 brn|[from] item: Leftovers
|-damage|p2a: Hydreigon|70/100 brn|[from] brn
|upkeep
|turn|31
|inactive|master of miss has 120 seconds left.
|
|move|p1a: Obstagoon|Close Combat|p2a: Hydreigon
|-supereffective|p2a: Hydreigon
|-damage|p2a: Hydreigon|0 fnt
|-unboost|p1a: Obstagoon|def|1
|-unboost|p1a: Obstagoon|spd|1
|faint|p2a: Hydreigon
|
|upkeep
|
|switch|p2a: Mimikyu|Mimikyu-Busted, M|68/100
|turn|32
|
|switch|p1a: Corviknight|Corviknight, F|98/100
|-ability|p1a: Corviknight|Pressure
|move|p2a: Mimikyu|Swords Dance|p2a: Mimikyu
|-boost|p2a: Mimikyu|atk|2
|
|-heal|p1a: Corviknight|100/100|[from] item: Leftovers
|upkeep
|turn|33
|
|move|p2a: Mimikyu|Shadow Sneak|p1a: Corviknight
|-damage|p1a: Corviknight|70/100
|move|p1a: Corviknight|Brave Bird|p2a: Mimikyu
|-damage|p2a: Mimikyu|3/100
|-damage|p1a: Corviknight|57/100|[from] Recoil
|
|-heal|p1a: Corviknight|63/100|[from] item: Leftovers
|upkeep
|turn|34
|inactive|master of miss has 120 seconds left.
|
|switch|p2a: Corviknight|Corviknight, F|99/100
|move|p1a: Corviknight|Roost|p1a: Corviknight
|-heal|p1a: Corviknight|100/100
|-singleturn|p1a: Corviknight|move: Roost
|
|upkeep
|turn|35
|inactive|master of miss has 120 seconds left.
|
|move|p1a: Corviknight|U-turn|p2a: Corviknight
|-resisted|p2a: Corviknight
|-damage|p2a: Corviknight|98/100
|
|switch|p1a: Corsola|Corsola-Galar, M|67/100|[from]move: U-turn
|move|p2a: Corviknight|Brave Bird|p1a: Corsola
|-damage|p1a: Corsola|48/100
|-start|p2a: Corviknight|Disable|Brave Bird|[from] ability: Cursed Body|[of] p1a: Corsola
|-damage|p2a: Corviknight|93/100|[from] Recoil
|
|upkeep
|turn|36
|-message|master of miss forfeited.
|
|win|O Man2020
|l|☆master of miss
|raw|O Man2020's rating: 1472 → 1492(+20 for winning)
|raw|master of miss's rating: 1475 → 1455(-20 for losing)
