|ScrapeTime|2020-01-01-03:22:26
|j|☆Kuboekin
|j|‽kliktuplorel
|player|p1|Kuboekin|mira|1227
|player|p2|kliktuplorel|102|1208
|teamsize|p1|6
|teamsize|p2|6
|gametype|singles
|gen|8
|tier|[Gen 8] OU
|rated|
|rule|Sleep Clause Mod: Limit one foe put to sleep
|rule|Species Clause: Limit one of each Pokémon
|rule|OHKO Clause: OHKO moves are banned
|rule|Evasion Moves Clause: Evasion moves are banned
|rule|Endless Battle Clause: Forcing endless battles is banned
|rule|HP Percentage Mod: HP is shown in percentages
|clearpoke
|poke|p1|Togekiss, M|
|poke|p1|Rotom-Heat|
|poke|p1|Dracovish|
|poke|p1|Toxapex, M|
|poke|p1|Cinderace, F|
|poke|p1|Gastrodon, M|
|poke|p2|Conkeldurr, M|
|poke|p2|Hippowdon, F|
|poke|p2|Grimmsnarl, M|
|poke|p2|Mandibuzz, F|
|poke|p2|Rotom-Heat|
|poke|p2|Toxapex, F|
|rule|Dynamax Clause: You cannot dynamax
|teampreview
|inactive|Battle timer is ON: inactive players will automatically lose when time's up. (requested by kliktuplorel)
|
|start
|switch|p1a: Rotom|Rotom-Heat|100/100
|switch|p2a: Toxapex|Toxapex, F|100/100
|turn|1
|
|move|p1a: Rotom|Thunderbolt|p2a: Toxapex
|-supereffective|p2a: Toxapex
|-damage|p2a: Toxapex|34/100
|move|p2a: Toxapex|Toxic Spikes|p1a: Rotom
|-sidestart|p1: Kuboekin|move: Toxic Spikes
|
|-heal|p2a: Toxapex|40/100|[from] item: Black Sludge
|upkeep
|turn|2
|
|switch|p2a: Rotom|Rotom-Heat|100/100
|move|p1a: Rotom|Thunderbolt|p2a: Rotom
|-resisted|p2a: Rotom
|-damage|p2a: Rotom|78/100
|
|upkeep
|turn|3
|
|switch|p1a: Toxapex|Toxapex, M|100/100
|-sideend|p1: Kuboekin|move: Toxic Spikes|[of] p1a: Toxapex
|move|p2a: Rotom|Volt Switch|p1a: Toxapex
|-supereffective|p1a: Toxapex
|-damage|p1a: Toxapex|52/100
|
|switch|p2a: Hippowdon|Hippowdon, F|100/100|[from]move: Volt Switch
|-weather|Sandstorm|[from] ability: Sand Stream|[of] p2a: Hippowdon
|
|-weather|Sandstorm|[upkeep]
|-damage|p1a: Toxapex|46/100|[from] Sandstorm
|-heal|p1a: Toxapex|52/100|[from] item: Black Sludge
|upkeep
|turn|4
|
|move|p2a: Hippowdon|Stealth Rock|p1a: Toxapex
|-sidestart|p1: Kuboekin|move: Stealth Rock
|move|p1a: Toxapex|Scald|p2a: Hippowdon
|-supereffective|p2a: Hippowdon
|-crit|p2a: Hippowdon
|-damage|p2a: Hippowdon|60/100
|
|-weather|Sandstorm|[upkeep]
|-damage|p1a: Toxapex|46/100|[from] Sandstorm
|-heal|p2a: Hippowdon|66/100|[from] item: Leftovers
|-heal|p1a: Toxapex|52/100|[from] item: Black Sludge
|upkeep
|turn|5
|
|move|p1a: Toxapex|Baneful Bunker|p1a: Toxapex
|-singleturn|p1a: Toxapex|move: Protect
|move|p2a: Hippowdon|Earthquake|p1a: Toxapex
|-activate|p1a: Toxapex|move: Protect
|
|-weather|Sandstorm|[upkeep]
|-damage|p1a: Toxapex|46/100|[from] Sandstorm
|-heal|p2a: Hippowdon|72/100|[from] item: Leftovers
|-heal|p1a: Toxapex|52/100|[from] item: Black Sludge
|upkeep
|turn|6
|
|switch|p1a: Togekiss|Togekiss, M|100/100
|-damage|p1a: Togekiss|76/100|[from] Stealth Rock
|move|p2a: Hippowdon|Earthquake|p1a: Togekiss
|-immune|p1a: Togekiss
|
|-weather|Sandstorm|[upkeep]
|-damage|p1a: Togekiss|70/100|[from] Sandstorm
|-heal|p2a: Hippowdon|79/100|[from] item: Leftovers
|upkeep
|turn|7
|
|move|p1a: Togekiss|Air Slash|p2a: Hippowdon
|-damage|p2a: Hippowdon|49/100
|cant|p2a: Hippowdon|flinch
|
|-weather|none
|-heal|p2a: Hippowdon|55/100|[from] item: Leftovers
|upkeep
|turn|8
|
|move|p1a: Togekiss|Air Slash|p2a: Hippowdon
|-damage|p2a: Hippowdon|24/100
|move|p2a: Hippowdon|Slack Off|p2a: Hippowdon
|-heal|p2a: Hippowdon|74/100
|
|-heal|p2a: Hippowdon|80/100|[from] item: Leftovers
|upkeep
|turn|9
|
|move|p1a: Togekiss|Air Slash|p2a: Hippowdon
|-damage|p2a: Hippowdon|48/100
|move|p2a: Hippowdon|Slack Off|p2a: Hippowdon
|-heal|p2a: Hippowdon|98/100
|
|-heal|p2a: Hippowdon|100/100|[from] item: Leftovers
|upkeep
|turn|10
|
|move|p1a: Togekiss|Air Slash|p2a: Hippowdon
|-damage|p2a: Hippowdon|71/100
|cant|p2a: Hippowdon|flinch
|
|-heal|p2a: Hippowdon|77/100|[from] item: Leftovers
|upkeep
|turn|11
|
|move|p1a: Togekiss|Air Slash|p2a: Hippowdon
|-damage|p2a: Hippowdon|45/100
|move|p2a: Hippowdon|Slack Off|p2a: Hippowdon
|-heal|p2a: Hippowdon|95/100
|
|-heal|p2a: Hippowdon|100/100|[from] item: Leftovers
|upkeep
|turn|12
|
|move|p1a: Togekiss|Air Slash|p2a: Hippowdon
|-damage|p2a: Hippowdon|69/100
|cant|p2a: Hippowdon|flinch
|
|-heal|p2a: Hippowdon|75/100|[from] item: Leftovers
|upkeep
|turn|13
|
|move|p1a: Togekiss|Air Slash|p2a: Hippowdon
|-damage|p2a: Hippowdon|44/100
|cant|p2a: Hippowdon|flinch
|
|-heal|p2a: Hippowdon|50/100|[from] item: Leftovers
|upkeep
|turn|14
|
|move|p1a: Togekiss|Air Slash|p2a: Hippowdon
|-damage|p2a: Hippowdon|16/100
|cant|p2a: Hippowdon|flinch
|
|-heal|p2a: Hippowdon|22/100|[from] item: Leftovers
|upkeep
|turn|15
|
|switch|p2a: Toxapex|Toxapex, F|74/100
|move|p1a: Togekiss|Air Slash|p2a: Toxapex
|-damage|p2a: Toxapex|45/100
|
|-heal|p2a: Toxapex|51/100|[from] item: Black Sludge
|upkeep
|turn|16
|c|☆Kuboekin|This pokemon is balanced
|
|move|p1a: Togekiss|Air Slash|p2a: Toxapex|[miss]
|-miss|p1a: Togekiss|p2a: Toxapex
|move|p2a: Toxapex|Scald|p1a: Togekiss
|-damage|p1a: Togekiss|54/100
|
|-heal|p2a: Toxapex|57/100|[from] item: Black Sludge
|upkeep
|turn|17
|
|move|p1a: Togekiss|Air Slash|p2a: Toxapex
|-damage|p2a: Toxapex|27/100
|move|p2a: Toxapex|Scald|p1a: Togekiss
|-damage|p1a: Togekiss|38/100
|-status|p1a: Togekiss|brn
|
|-heal|p2a: Toxapex|33/100|[from] item: Black Sludge
|-damage|p1a: Togekiss|32/100 brn|[from] brn
|upkeep
|turn|18
|
|switch|p2a: Hippowdon|Hippowdon, F|22/100
|-weather|Sandstorm|[from] ability: Sand Stream|[of] p2a: Hippowdon
|move|p1a: Togekiss|Air Slash|p2a: Hippowdon
|-damage|p2a: Hippowdon|0 fnt
|faint|p2a: Hippowdon
|
|-weather|Sandstorm|[upkeep]
|-damage|p1a: Togekiss|26/100 brn|[from] Sandstorm
|-damage|p1a: Togekiss|20/100 brn|[from] brn
|upkeep
|
|switch|p2a: Toxapex|Toxapex, F|66/100
|turn|19
|
|move|p1a: Togekiss|Air Slash|p2a: Toxapex
|-damage|p2a: Toxapex|37/100
|cant|p2a: Toxapex|flinch
|
|-weather|Sandstorm|[upkeep]
|-damage|p1a: Togekiss|14/100 brn|[from] Sandstorm
|-damage|p2a: Toxapex|31/100|[from] Sandstorm
|-heal|p2a: Toxapex|37/100|[from] item: Black Sludge
|-damage|p1a: Togekiss|8/100 brn|[from] brn
|upkeep
|turn|20
|
|switch|p2a: Mandibuzz|Mandibuzz, F|100/100
|move|p1a: Togekiss|Air Slash|p2a: Mandibuzz
|-damage|p2a: Mandibuzz|69/100
|
|-weather|Sandstorm|[upkeep]
|-damage|p1a: Togekiss|1/100 brn|[from] Sandstorm
|-damage|p1a: Togekiss|0 fnt|[from] brn
|faint|p1a: Togekiss
|upkeep
|
|switch|p1a: Rotom|Rotom-Heat|100/100
|-damage|p1a: Rotom|76/100|[from] Stealth Rock
|turn|21
|
|move|p1a: Rotom|Thunderbolt|p2a: Mandibuzz
|-supereffective|p2a: Mandibuzz
|-damage|p2a: Mandibuzz|0 fnt
|faint|p2a: Mandibuzz
|
|-weather|Sandstorm|[upkeep]
|-damage|p1a: Rotom|69/100|[from] Sandstorm
|upkeep
|
|switch|p2a: Toxapex|Toxapex, F|70/100
|turn|22
|
|move|p1a: Rotom|Thunderbolt|p2a: Toxapex
|-supereffective|p2a: Toxapex
|-damage|p2a: Toxapex|6/100
|move|p2a: Toxapex|Recover|p2a: Toxapex
|-heal|p2a: Toxapex|56/100
|
|-weather|none
|-heal|p2a: Toxapex|62/100|[from] item: Black Sludge
|upkeep
|turn|23
|
|switch|p2a: Rotom|Rotom-Heat|78/100
|move|p1a: Rotom|Thunderbolt|p2a: Rotom
|-resisted|p2a: Rotom
|-damage|p2a: Rotom|57/100
|
|upkeep
|turn|24
|
|switch|p1a: Gastrodon|Gastrodon, M|100/100
|-damage|p1a: Gastrodon|94/100|[from] Stealth Rock
|move|p2a: Rotom|Overheat|p1a: Gastrodon
|-resisted|p1a: Gastrodon
|-damage|p1a: Gastrodon|71/100
|-unboost|p2a: Rotom|spa|2
|
|-heal|p1a: Gastrodon|77/100|[from] item: Leftovers
|upkeep
|turn|25
|
|switch|p2a: Toxapex|Toxapex, F|96/100
|move|p1a: Gastrodon|Scald|p2a: Toxapex
|-resisted|p2a: Toxapex
|-damage|p2a: Toxapex|86/100
|
|-heal|p1a: Gastrodon|83/100|[from] item: Leftovers
|-heal|p2a: Toxapex|92/100|[from] item: Black Sludge
|upkeep
|turn|26
|
|switch|p1a: Dracovish|Dracovish|100/100
|-damage|p1a: Dracovish|88/100|[from] Stealth Rock
|move|p2a: Toxapex|Recover|p2a: Toxapex
|-heal|p2a: Toxapex|100/100
|
|upkeep
|turn|27
|
|move|p1a: Dracovish|Earthquake|p2a: Toxapex
|-supereffective|p2a: Toxapex
|-damage|p2a: Toxapex|62/100
|move|p2a: Toxapex|Recover|p2a: Toxapex
|-heal|p2a: Toxapex|100/100
|
|upkeep
|turn|28
|
|switch|p1a: Gastrodon|Gastrodon, M|83/100
|-damage|p1a: Gastrodon|77/100|[from] Stealth Rock
|switch|p2a: Conkeldurr|Conkeldurr, M|100/100
|
|-heal|p1a: Gastrodon|83/100|[from] item: Leftovers
|-status|p2a: Conkeldurr|brn|[from] item: Flame Orb
|upkeep
|turn|29
|
|move|p2a: Conkeldurr|Earthquake|p1a: Gastrodon
|-damage|p1a: Gastrodon|42/100
|move|p1a: Gastrodon|Scald|p2a: Conkeldurr
|-damage|p2a: Conkeldurr|74/100 brn
|
|-heal|p1a: Gastrodon|48/100|[from] item: Leftovers
|-damage|p2a: Conkeldurr|68/100 brn|[from] brn
|upkeep
|turn|30
|
|move|p2a: Conkeldurr|Earthquake|p1a: Gastrodon
|-damage|p1a: Gastrodon|11/100
|move|p1a: Gastrodon|Scald|p2a: Conkeldurr
|-crit|p2a: Conkeldurr
|-damage|p2a: Conkeldurr|24/100 brn
|
|-heal|p1a: Gastrodon|17/100|[from] item: Leftovers
|-damage|p2a: Conkeldurr|18/100 brn|[from] brn
|upkeep
|turn|31
|
|switch|p1a: Rotom|Rotom-Heat|69/100
|-damage|p1a: Rotom|44/100|[from] Stealth Rock
|move|p2a: Conkeldurr|Earthquake|p1a: Rotom
|-immune|p1a: Rotom|[from] ability: Levitate
|
|-damage|p2a: Conkeldurr|11/100 brn|[from] brn
|upkeep
|turn|32
|
|move|p1a: Rotom|Thunderbolt|p2a: Conkeldurr
|-damage|p2a: Conkeldurr|0 fnt
|faint|p2a: Conkeldurr
|
|upkeep
|
|switch|p2a: Rotom|Rotom-Heat|57/100
|turn|33
|
|switch|p1a: Dracovish|Dracovish|88/100
|-damage|p1a: Dracovish|76/100|[from] Stealth Rock
|move|p2a: Rotom|Overheat|p1a: Dracovish
|-resisted|p1a: Dracovish
|-damage|p1a: Dracovish|59/100
|-unboost|p2a: Rotom|spa|2
|
|upkeep
|turn|34
|
|switch|p2a: Toxapex|Toxapex, F|100/100
|move|p1a: Dracovish|Fishious Rend|p2a: Toxapex
|-resisted|p2a: Toxapex
|-damage|p2a: Toxapex|66/100
|
|-heal|p2a: Toxapex|72/100|[from] item: Black Sludge
|upkeep
|turn|35
|
|switch|p1a: Toxapex|Toxapex, M|86/100
|-damage|p1a: Toxapex|73/100|[from] Stealth Rock
|move|p2a: Toxapex|Recover|p2a: Toxapex
|-heal|p2a: Toxapex|100/100
|
|-heal|p1a: Toxapex|79/100|[from] item: Black Sludge
|upkeep
|turn|36
|
|move|p2a: Toxapex|Recover||[still]
|-fail|p2a: Toxapex|heal
|move|p1a: Toxapex|Scald|p2a: Toxapex
|-resisted|p2a: Toxapex
|-damage|p2a: Toxapex|95/100
|
|-heal|p2a: Toxapex|100/100|[from] item: Black Sludge
|-heal|p1a: Toxapex|86/100|[from] item: Black Sludge
|upkeep
|turn|37
|
|move|p2a: Toxapex|Recover||[still]
|-fail|p2a: Toxapex|heal
|move|p1a: Toxapex|Scald|p2a: Toxapex
|-resisted|p2a: Toxapex
|-damage|p2a: Toxapex|95/100
|-status|p2a: Toxapex|brn
|
|-heal|p2a: Toxapex|100/100 brn|[from] item: Black Sludge
|-heal|p1a: Toxapex|92/100|[from] item: Black Sludge
|-damage|p2a: Toxapex|95/100 brn|[from] brn
|upkeep
|turn|38
|
|move|p1a: Toxapex|Scald|p2a: Toxapex
|-resisted|p2a: Toxapex
|-damage|p2a: Toxapex|89/100 brn
|move|p2a: Toxapex|Recover|p2a: Toxapex
|-heal|p2a: Toxapex|100/100 brn
|
|-heal|p1a: Toxapex|98/100|[from] item: Black Sludge
|-damage|p2a: Toxapex|95/100 brn|[from] brn
|upkeep
|turn|39
|
|move|p2a: Toxapex|Recover|p2a: Toxapex
|-heal|p2a: Toxapex|100/100 brn
|move|p1a: Toxapex|Scald|p2a: Toxapex
|-resisted|p2a: Toxapex
|-damage|p2a: Toxapex|95/100 brn
|
|-heal|p2a: Toxapex|100/100 brn|[from] item: Black Sludge
|-heal|p1a: Toxapex|100/100|[from] item: Black Sludge
|-damage|p2a: Toxapex|95/100 brn|[from] brn
|upkeep
|turn|40
|
|move|p1a: Toxapex|Scald|p2a: Toxapex
|-resisted|p2a: Toxapex
|-damage|p2a: Toxapex|89/100 brn
|move|p2a: Toxapex|Recover|p2a: Toxapex
|-heal|p2a: Toxapex|100/100 brn
|
|-damage|p2a: Toxapex|95/100 brn|[from] brn
|upkeep
|turn|41
|
|move|p2a: Toxapex|Recover|p2a: Toxapex
|-heal|p2a: Toxapex|100/100 brn
|move|p1a: Toxapex|Scald|p2a: Toxapex
|-resisted|p2a: Toxapex
|-damage|p2a: Toxapex|95/100 brn
|
|-heal|p2a: Toxapex|100/100 brn|[from] item: Black Sludge
|-damage|p2a: Toxapex|95/100 brn|[from] brn
|upkeep
|turn|42
|
|move|p1a: Toxapex|Scald|p2a: Toxapex
|-resisted|p2a: Toxapex
|-damage|p2a: Toxapex|89/100 brn
|move|p2a: Toxapex|Recover|p2a: Toxapex
|-heal|p2a: Toxapex|100/100 brn
|
|-damage|p2a: Toxapex|95/100 brn|[from] brn
|upkeep
|turn|43
|
|move|p2a: Toxapex|Recover|p2a: Toxapex
|-heal|p2a: Toxapex|100/100 brn
|move|p1a: Toxapex|Haze|p1a: Toxapex
|-clearallboost
|
|-damage|p2a: Toxapex|95/100 brn|[from] brn
|upkeep
|turn|44
|
|move|p2a: Toxapex|Recover|p2a: Toxapex
|-heal|p2a: Toxapex|100/100 brn
|move|p1a: Toxapex|Haze|p1a: Toxapex
|-clearallboost
|
|-damage|p2a: Toxapex|95/100 brn|[from] brn
|upkeep
|turn|45
|
|move|p1a: Toxapex|Haze|p1a: Toxapex
|-clearallboost
|move|p2a: Toxapex|Recover|p2a: Toxapex
|-heal|p2a: Toxapex|100/100 brn
|
|-damage|p2a: Toxapex|95/100 brn|[from] brn
|upkeep
|turn|46
|
|move|p1a: Toxapex|Haze|p1a: Toxapex
|-clearallboost
|move|p2a: Toxapex|Recover|p2a: Toxapex
|-heal|p2a: Toxapex|100/100 brn
|
|-damage|p2a: Toxapex|95/100 brn|[from] brn
|upkeep
|turn|47
|
|move|p2a: Toxapex|Recover|p2a: Toxapex
|-heal|p2a: Toxapex|100/100 brn
|move|p1a: Toxapex|Haze|p1a: Toxapex
|-clearallboost
|
|-damage|p2a: Toxapex|95/100 brn|[from] brn
|upkeep
|turn|48
|c|☆Kuboekin|Whatchu gonna do now
|
|move|p1a: Toxapex|Haze|p1a: Toxapex
|-clearallboost
|move|p2a: Toxapex|Haze|p2a: Toxapex
|-clearallboost
|
|-heal|p2a: Toxapex|100/100 brn|[from] item: Black Sludge
|-damage|p2a: Toxapex|95/100 brn|[from] brn
|upkeep
|turn|49
|c|☆Kuboekin|oh
|
|move|p2a: Toxapex|Haze|p2a: Toxapex
|-clearallboost
|move|p1a: Toxapex|Haze|p1a: Toxapex
|-clearallboost
|
|-heal|p2a: Toxapex|100/100 brn|[from] item: Black Sludge
|-damage|p2a: Toxapex|95/100 brn|[from] brn
|upkeep
|turn|50
|
|move|p2a: Toxapex|Haze|p2a: Toxapex
|-clearallboost
|move|p1a: Toxapex|Haze|p1a: Toxapex
|-clearallboost
|
|-heal|p2a: Toxapex|100/100 brn|[from] item: Black Sludge
|-damage|p2a: Toxapex|95/100 brn|[from] brn
|upkeep
|turn|51
|
|move|p2a: Toxapex|Haze|p2a: Toxapex
|-clearallboost
|move|p1a: Toxapex|Haze|p1a: Toxapex
|-clearallboost
|
|-heal|p2a: Toxapex|100/100 brn|[from] item: Black Sludge
|-damage|p2a: Toxapex|95/100 brn|[from] brn
|upkeep
|turn|52
|
|move|p2a: Toxapex|Haze|p2a: Toxapex
|-clearallboost
|move|p1a: Toxapex|Haze|p1a: Toxapex
|-clearallboost
|
|-heal|p2a: Toxapex|100/100 brn|[from] item: Black Sludge
|-damage|p2a: Toxapex|95/100 brn|[from] brn
|upkeep
|turn|53
|
|move|p2a: Toxapex|Haze|p2a: Toxapex
|-clearallboost
|move|p1a: Toxapex|Haze|p1a: Toxapex
|-clearallboost
|
|-heal|p2a: Toxapex|100/100 brn|[from] item: Black Sludge
|-damage|p2a: Toxapex|95/100 brn|[from] brn
|upkeep
|turn|54
|
|move|p2a: Toxapex|Haze|p2a: Toxapex
|-clearallboost
|move|p1a: Toxapex|Haze|p1a: Toxapex
|-clearallboost
|
|-heal|p2a: Toxapex|100/100 brn|[from] item: Black Sludge
|-damage|p2a: Toxapex|95/100 brn|[from] brn
|upkeep
|turn|55
|
|switch|p1a: Cinderace|Cinderace, F|100/100
|move|p2a: Toxapex|Haze|p2a: Toxapex
|-clearallboost
|
|-heal|p2a: Toxapex|100/100 brn|[from] item: Black Sludge
|-damage|p2a: Toxapex|95/100 brn|[from] brn
|upkeep
|turn|56
|
|move|p1a: Cinderace|Court Change|p1a: Cinderace
|-sideend|p1: Kuboekin|Stealth Rock|[silent]
|-sidestart|p2: kliktuplorel|Stealth Rock|[silent]
|-activate|p1a: Cinderace|move: Court Change
|move|p2a: Toxapex|Scald|p1a: Cinderace
|-supereffective|p1a: Cinderace
|-damage|p1a: Cinderace|51/100
|
|-heal|p2a: Toxapex|100/100 brn|[from] item: Black Sludge
|-damage|p2a: Toxapex|95/100 brn|[from] brn
|upkeep
|turn|57
|
|switch|p1a: Toxapex|Toxapex, M|100/100
|move|p2a: Toxapex|Toxic Spikes|p1a: Toxapex
|-sidestart|p1: Kuboekin|move: Toxic Spikes
|
|-heal|p2a: Toxapex|100/100 brn|[from] item: Black Sludge
|-damage|p2a: Toxapex|95/100 brn|[from] brn
|upkeep
|turn|58
|
|move|p1a: Toxapex|Haze|p1a: Toxapex
|-clearallboost
|move|p2a: Toxapex|Scald|p1a: Toxapex
|-resisted|p1a: Toxapex
|-damage|p1a: Toxapex|94/100
|
|-heal|p2a: Toxapex|100/100 brn|[from] item: Black Sludge
|-heal|p1a: Toxapex|100/100|[from] item: Black Sludge
|-damage|p2a: Toxapex|95/100 brn|[from] brn
|upkeep
|turn|59
|
|move|p2a: Toxapex|Scald|p1a: Toxapex
|-resisted|p1a: Toxapex
|-damage|p1a: Toxapex|94/100
|move|p1a: Toxapex|Haze|p1a: Toxapex
|-clearallboost
|
|-heal|p2a: Toxapex|100/100 brn|[from] item: Black Sludge
|-heal|p1a: Toxapex|99/100|[from] item: Black Sludge
|-damage|p2a: Toxapex|95/100 brn|[from] brn
|upkeep
|turn|60
|
|move|p2a: Toxapex|Scald|p1a: Toxapex
|-resisted|p1a: Toxapex
|-damage|p1a: Toxapex|93/100
|move|p1a: Toxapex|Haze|p1a: Toxapex
|-clearallboost
|
|-heal|p2a: Toxapex|100/100 brn|[from] item: Black Sludge
|-heal|p1a: Toxapex|99/100|[from] item: Black Sludge
|-damage|p2a: Toxapex|95/100 brn|[from] brn
|upkeep
|turn|61
|
|move|p2a: Toxapex|Scald|p1a: Toxapex
|-resisted|p1a: Toxapex
|-damage|p1a: Toxapex|93/100
|-status|p1a: Toxapex|brn
|move|p1a: Toxapex|Haze|p1a: Toxapex
|-clearallboost
|
|-heal|p2a: Toxapex|100/100 brn|[from] item: Black Sludge
|-heal|p1a: Toxapex|99/100 brn|[from] item: Black Sludge
|-damage|p2a: Toxapex|95/100 brn|[from] brn
|-damage|p1a: Toxapex|93/100 brn|[from] brn
|upkeep
|turn|62
|
|switch|p2a: Grimmsnarl|Grimmsnarl, M|100/100
|-damage|p2a: Grimmsnarl|88/100|[from] Stealth Rock
|move|p1a: Toxapex|Haze|p1a: Toxapex
|-clearallboost
|
|-heal|p2a: Grimmsnarl|94/100|[from] item: Leftovers
|-heal|p1a: Toxapex|99/100 brn|[from] item: Black Sludge
|-damage|p1a: Toxapex|93/100 brn|[from] brn
|upkeep
|turn|63
|
|move|p2a: Grimmsnarl|Spirit Break|p1a: Toxapex
|-resisted|p1a: Toxapex
|-damage|p1a: Toxapex|81/100 brn
|-unboost|p1a: Toxapex|spa|1
|move|p1a: Toxapex|Toxic|p2a: Grimmsnarl
|-status|p2a: Grimmsnarl|tox
|
|-heal|p2a: Grimmsnarl|100/100 tox|[from] item: Leftovers
|-heal|p1a: Toxapex|88/100 brn|[from] item: Black Sludge
|-damage|p2a: Grimmsnarl|94/100 tox|[from] psn
|-damage|p1a: Toxapex|81/100 brn|[from] brn
|upkeep
|turn|64
|
|move|p2a: Grimmsnarl|Spirit Break|p1a: Toxapex
|-resisted|p1a: Toxapex
|-damage|p1a: Toxapex|70/100 brn
|-unboost|p1a: Toxapex|spa|1
|move|p1a: Toxapex|Scald|p2a: Grimmsnarl
|-damage|p2a: Grimmsnarl|86/100 tox
|
|-heal|p2a: Grimmsnarl|93/100 tox|[from] item: Leftovers
|-heal|p1a: Toxapex|76/100 brn|[from] item: Black Sludge
|-damage|p2a: Grimmsnarl|80/100 tox|[from] psn
|-damage|p1a: Toxapex|70/100 brn|[from] brn
|upkeep
|turn|65
|
|move|p1a: Toxapex|Baneful Bunker|p1a: Toxapex
|-singleturn|p1a: Toxapex|move: Protect
|move|p2a: Grimmsnarl|Spirit Break|p1a: Toxapex
|-activate|p1a: Toxapex|move: Protect
|
|-heal|p2a: Grimmsnarl|86/100 tox|[from] item: Leftovers
|-heal|p1a: Toxapex|76/100 brn|[from] item: Black Sludge
|-damage|p2a: Grimmsnarl|68/100 tox|[from] psn
|-damage|p1a: Toxapex|70/100 brn|[from] brn
|upkeep
|turn|66
|
|move|p1a: Toxapex|Baneful Bunker||[still]
|-fail|p1a: Toxapex
|move|p2a: Grimmsnarl|Spirit Break|p1a: Toxapex
|-resisted|p1a: Toxapex
|-damage|p1a: Toxapex|58/100 brn
|-unboost|p1a: Toxapex|spa|1
|
|-heal|p2a: Grimmsnarl|74/100 tox|[from] item: Leftovers
|-heal|p1a: Toxapex|64/100 brn|[from] item: Black Sludge
|-damage|p2a: Grimmsnarl|49/100 tox|[from] psn
|-damage|p1a: Toxapex|58/100 brn|[from] brn
|upkeep
|turn|67
|
|switch|p2a: Toxapex|Toxapex, F|100/100 brn
|-damage|p2a: Toxapex|88/100 brn|[from] Stealth Rock
|move|p1a: Toxapex|Haze|p1a: Toxapex
|-clearallboost
|
|-heal|p1a: Toxapex|64/100 brn|[from] item: Black Sludge
|-heal|p2a: Toxapex|94/100 brn|[from] item: Black Sludge
|-damage|p1a: Toxapex|58/100 brn|[from] brn
|-damage|p2a: Toxapex|88/100 brn|[from] brn
|upkeep
|turn|68
|
|switch|p2a: Grimmsnarl|Grimmsnarl, M|49/100 tox
|-damage|p2a: Grimmsnarl|36/100 tox|[from] Stealth Rock
|move|p1a: Toxapex|Haze|p1a: Toxapex
|-clearallboost
|
|-heal|p2a: Grimmsnarl|43/100 tox|[from] item: Leftovers
|-heal|p1a: Toxapex|64/100 brn|[from] item: Black Sludge
|-damage|p2a: Grimmsnarl|36/100 tox|[from] psn
|-damage|p1a: Toxapex|58/100 brn|[from] brn
|upkeep
|turn|69
|
|move|p1a: Toxapex|Baneful Bunker|p1a: Toxapex
|-singleturn|p1a: Toxapex|move: Protect
|move|p2a: Grimmsnarl|Spirit Break|p1a: Toxapex
|-activate|p1a: Toxapex|move: Protect
|
|-heal|p2a: Grimmsnarl|43/100 tox|[from] item: Leftovers
|-heal|p1a: Toxapex|64/100 brn|[from] item: Black Sludge
|-damage|p2a: Grimmsnarl|30/100 tox|[from] psn
|-damage|p1a: Toxapex|58/100 brn|[from] brn
|upkeep
|turn|70
|
|move|p2a: Grimmsnarl|Spirit Break|p1a: Toxapex
|-resisted|p1a: Toxapex
|-damage|p1a: Toxapex|47/100 brn
|-unboost|p1a: Toxapex|spa|1
|move|p1a: Toxapex|Haze|p1a: Toxapex
|-clearallboost
|
|-heal|p2a: Grimmsnarl|36/100 tox|[from] item: Leftovers
|-heal|p1a: Toxapex|53/100 brn|[from] item: Black Sludge
|-damage|p2a: Grimmsnarl|18/100 tox|[from] psn
|-damage|p1a: Toxapex|47/100 brn|[from] brn
|upkeep
|turn|71
|
|move|p1a: Toxapex|Baneful Bunker|p1a: Toxapex
|-singleturn|p1a: Toxapex|move: Protect
|move|p2a: Grimmsnarl|Spirit Break|p1a: Toxapex
|-activate|p1a: Toxapex|move: Protect
|
|-heal|p2a: Grimmsnarl|24/100 tox|[from] item: Leftovers
|-heal|p1a: Toxapex|53/100 brn|[from] item: Black Sludge
|-damage|p2a: Grimmsnarl|0 fnt|[from] psn
|faint|p2a: Grimmsnarl
|-damage|p1a: Toxapex|47/100 brn|[from] brn
|upkeep
|
|switch|p2a: Toxapex|Toxapex, F|100/100 brn
|-damage|p2a: Toxapex|88/100 brn|[from] Stealth Rock
|turn|72
|
|move|p2a: Toxapex|Scald|p1a: Toxapex
|-resisted|p1a: Toxapex
|-damage|p1a: Toxapex|41/100 brn
|move|p1a: Toxapex|Haze|p1a: Toxapex
|-clearallboost
|
|-heal|p1a: Toxapex|47/100 brn|[from] item: Black Sludge
|-heal|p2a: Toxapex|94/100 brn|[from] item: Black Sludge
|-damage|p1a: Toxapex|41/100 brn|[from] brn
|-damage|p2a: Toxapex|88/100 brn|[from] brn
|upkeep
|turn|73
|
|move|p1a: Toxapex|Baneful Bunker|p1a: Toxapex
|-singleturn|p1a: Toxapex|move: Protect
|move|p2a: Toxapex|Scald|p1a: Toxapex
|-activate|p1a: Toxapex|move: Protect
|
|-heal|p1a: Toxapex|47/100 brn|[from] item: Black Sludge
|-heal|p2a: Toxapex|94/100 brn|[from] item: Black Sludge
|-damage|p1a: Toxapex|41/100 brn|[from] brn
|-damage|p2a: Toxapex|88/100 brn|[from] brn
|upkeep
|turn|74
|
|switch|p1a: Rotom|Rotom-Heat|44/100
|move|p2a: Toxapex|Scald|p1a: Rotom
|-supereffective|p1a: Rotom
|-damage|p1a: Rotom|0 fnt
|faint|p1a: Rotom
|
|-heal|p2a: Toxapex|94/100 brn|[from] item: Black Sludge
|-damage|p2a: Toxapex|88/100 brn|[from] brn
|upkeep
|
|switch|p1a: Dracovish|Dracovish|59/100
|-status|p1a: Dracovish|psn
|turn|75
|
|move|p1a: Dracovish|Earthquake|p2a: Toxapex
|-supereffective|p2a: Toxapex
|-damage|p2a: Toxapex|53/100 brn
|move|p2a: Toxapex|Toxic Spikes|p1a: Dracovish
|-sidestart|p1: Kuboekin|move: Toxic Spikes
|
|-heal|p2a: Toxapex|59/100 brn|[from] item: Black Sludge
|-damage|p1a: Dracovish|47/100 psn|[from] psn
|-damage|p2a: Toxapex|53/100 brn|[from] brn
|upkeep
|turn|76
|
|switch|p2a: Rotom|Rotom-Heat|57/100
|-damage|p2a: Rotom|33/100|[from] Stealth Rock
|move|p1a: Dracovish|Earthquake|p2a: Rotom
|-immune|p2a: Rotom|[from] ability: Levitate
|
|-damage|p1a: Dracovish|34/100 psn|[from] psn
|upkeep
|turn|77
|
|switch|p1a: Toxapex|Toxapex, M|74/100 brn
|-sideend|p1: Kuboekin|move: Toxic Spikes|[of] p1a: Toxapex
|move|p2a: Rotom|Volt Switch|p1a: Toxapex
|-supereffective|p1a: Toxapex
|-damage|p1a: Toxapex|32/100 brn
|
|switch|p2a: Toxapex|Toxapex, F|86/100 brn|[from]move: Volt Switch
|-damage|p2a: Toxapex|74/100 brn|[from] Stealth Rock
|
|-heal|p1a: Toxapex|38/100 brn|[from] item: Black Sludge
|-heal|p2a: Toxapex|80/100 brn|[from] item: Black Sludge
|-damage|p1a: Toxapex|32/100 brn|[from] brn
|-damage|p2a: Toxapex|74/100 brn|[from] brn
|upkeep
|turn|78
|
|move|p1a: Toxapex|Scald|p2a: Toxapex
|-resisted|p2a: Toxapex
|-damage|p2a: Toxapex|67/100 brn
|move|p2a: Toxapex|Toxic Spikes|p1a: Toxapex
|-sidestart|p1: Kuboekin|move: Toxic Spikes
|
|-heal|p1a: Toxapex|38/100 brn|[from] item: Black Sludge
|-heal|p2a: Toxapex|73/100 brn|[from] item: Black Sludge
|-damage|p1a: Toxapex|32/100 brn|[from] brn
|-damage|p2a: Toxapex|67/100 brn|[from] brn
|upkeep
|turn|79
|
|move|p1a: Toxapex|Baneful Bunker|p1a: Toxapex
|-singleturn|p1a: Toxapex|move: Protect
|move|p2a: Toxapex|Toxic Spikes|p1a: Toxapex
|-sidestart|p1: Kuboekin|move: Toxic Spikes
|
|-heal|p1a: Toxapex|38/100 brn|[from] item: Black Sludge
|-heal|p2a: Toxapex|73/100 brn|[from] item: Black Sludge
|-damage|p1a: Toxapex|32/100 brn|[from] brn
|-damage|p2a: Toxapex|67/100 brn|[from] brn
|upkeep
|turn|80
|
|switch|p1a: Cinderace|Cinderace, F|51/100
|move|p2a: Toxapex|Haze|p2a: Toxapex
|-clearallboost
|
|-heal|p2a: Toxapex|73/100 brn|[from] item: Black Sludge
|-damage|p2a: Toxapex|67/100 brn|[from] brn
|upkeep
|turn|81
|
|move|p1a: Cinderace|Court Change|p1a: Cinderace
|-sideend|p1: Kuboekin|Toxic Spikes|[silent]
|-sidestart|p2: kliktuplorel|Toxic Spikes|[silent]
|-sidestart|p2: kliktuplorel|Toxic Spikes|[silent]
|-sideend|p2: kliktuplorel|Stealth Rock|[silent]
|-sidestart|p1: Kuboekin|Stealth Rock|[silent]
|-activate|p1a: Cinderace|move: Court Change
|move|p2a: Toxapex|Scald|p1a: Cinderace
|-supereffective|p1a: Cinderace
|-damage|p1a: Cinderace|0 fnt
|faint|p1a: Cinderace
|
|-heal|p2a: Toxapex|73/100 brn|[from] item: Black Sludge
|-damage|p2a: Toxapex|67/100 brn|[from] brn
|upkeep
|
|switch|p1a: Gastrodon|Gastrodon, M|17/100
|-damage|p1a: Gastrodon|11/100|[from] Stealth Rock
|turn|82
|
|switch|p2a: Rotom|Rotom-Heat|33/100
|move|p1a: Gastrodon|Recover|p1a: Gastrodon
|-heal|p1a: Gastrodon|61/100
|
|-heal|p1a: Gastrodon|67/100|[from] item: Leftovers
|upkeep
|turn|83
|
|switch|p2a: Toxapex|Toxapex, F|100/100 brn
|-sideend|p2: kliktuplorel|move: Toxic Spikes|[of] p2a: Toxapex
|move|p1a: Gastrodon|Recover|p1a: Gastrodon
|-heal|p1a: Gastrodon|100/100
|
|-damage|p2a: Toxapex|95/100 brn|[from] brn
|upkeep
|turn|84
|
|move|p1a: Gastrodon|Substitute|p1a: Gastrodon
|-start|p1a: Gastrodon|Substitute
|-damage|p1a: Gastrodon|76/100
|move|p2a: Toxapex|Toxic Spikes|p1a: Gastrodon
|-sidestart|p1: Kuboekin|move: Toxic Spikes
|
|-heal|p1a: Gastrodon|82/100|[from] item: Leftovers
|-heal|p2a: Toxapex|100/100 brn|[from] item: Black Sludge
|-damage|p2a: Toxapex|95/100 brn|[from] brn
|upkeep
|turn|85
|
|move|p1a: Gastrodon|Earth Power|p2a: Toxapex
|-supereffective|p2a: Toxapex
|-damage|p2a: Toxapex|48/100 brn
|move|p2a: Toxapex|Haze|p2a: Toxapex
|-clearallboost
|
|-heal|p1a: Gastrodon|88/100|[from] item: Leftovers
|-heal|p2a: Toxapex|54/100 brn|[from] item: Black Sludge
|-damage|p2a: Toxapex|48/100 brn|[from] brn
|upkeep
|turn|86
|
|switch|p2a: Rotom|Rotom-Heat|33/100
|move|p1a: Gastrodon|Earth Power|p2a: Rotom
|-immune|p2a: Rotom|[from] ability: Levitate
|
|-heal|p1a: Gastrodon|94/100|[from] item: Leftovers
|upkeep
|turn|87
|
|switch|p2a: Toxapex|Toxapex, F|82/100 brn
|move|p1a: Gastrodon|Scald|p2a: Toxapex
|-resisted|p2a: Toxapex
|-damage|p2a: Toxapex|71/100 brn
|
|-heal|p1a: Gastrodon|99/100|[from] item: Leftovers
|-heal|p2a: Toxapex|77/100 brn|[from] item: Black Sludge
|-damage|p2a: Toxapex|71/100 brn|[from] brn
|upkeep
|turn|88
|
|move|p1a: Gastrodon|Scald|p2a: Toxapex
|-resisted|p2a: Toxapex
|-crit|p2a: Toxapex
|-damage|p2a: Toxapex|56/100 brn
|move|p2a: Toxapex|Haze|p2a: Toxapex
|-clearallboost
|
|-heal|p1a: Gastrodon|100/100|[from] item: Leftovers
|-heal|p2a: Toxapex|62/100 brn|[from] item: Black Sludge
|-damage|p2a: Toxapex|56/100 brn|[from] brn
|upkeep
|turn|89
|
|move|p1a: Gastrodon|Scald|p2a: Toxapex
|-resisted|p2a: Toxapex
|-damage|p2a: Toxapex|46/100 brn
|move|p2a: Toxapex|Haze|p2a: Toxapex
|-clearallboost
|
|-heal|p2a: Toxapex|52/100 brn|[from] item: Black Sludge
|-damage|p2a: Toxapex|46/100 brn|[from] brn
|upkeep
|turn|90
|
|switch|p2a: Rotom|Rotom-Heat|33/100
|move|p1a: Gastrodon|Earth Power|p2a: Rotom
|-immune|p2a: Rotom|[from] ability: Levitate
|
|upkeep
|turn|91
|
|switch|p2a: Toxapex|Toxapex, F|79/100 brn
|move|p1a: Gastrodon|Earth Power|p2a: Toxapex
|-supereffective|p2a: Toxapex
|-crit|p2a: Toxapex
|-damage|p2a: Toxapex|9/100 brn
|-unboost|p2a: Toxapex|spd|1
|
|-heal|p2a: Toxapex|15/100 brn|[from] item: Black Sludge
|-damage|p2a: Toxapex|9/100 brn|[from] brn
|upkeep
|turn|92
|
|move|p1a: Gastrodon|Scald|p2a: Toxapex
|-resisted|p2a: Toxapex
|-damage|p2a: Toxapex|0 fnt
|faint|p2a: Toxapex
|
|upkeep
|
|switch|p2a: Rotom|Rotom-Heat|33/100
|turn|93
|
|move|p2a: Rotom|Volt Switch|p1a: Gastrodon
|-immune|p1a: Gastrodon
|move|p1a: Gastrodon|Scald|p2a: Rotom
|-supereffective|p2a: Rotom
|-damage|p2a: Rotom|0 fnt
|faint|p2a: Rotom
|
|win|Kuboekin
|l|‽kliktuplorel
|raw|Kuboekin's rating: 1227 → 1253(+26 for winning)
|raw|kliktuplorel's rating: 1234 → 1208(-26 for losing)
