|ScrapeTime|2020-01-01-03:15:11
|j|☆sucker for oli
|j|☆Namshcam
|player|p1|sucker for oli|waiter-gen4dp|1411
|player|p2|Namshcam|99|1461
|teamsize|p1|6
|teamsize|p2|6
|gametype|singles
|gen|8
|tier|[Gen 8] OU
|rated|
|rule|Sleep Clause Mod: Limit one foe put to sleep
|rule|Species Clause: Limit one of each Pokémon
|rule|OHKO Clause: OHKO moves are banned
|rule|Evasion Moves Clause: Evasion moves are banned
|rule|Endless Battle Clause: Forcing endless battles is banned
|rule|HP Percentage Mod: HP is shown in percentages
|clearpoke
|poke|p1|Toxtricity-Low-Key, M|
|poke|p1|Dragapult, M|
|poke|p1|Mandibuzz, F|
|poke|p1|Ferrothorn, F|
|poke|p1|Corviknight, M|
|poke|p1|Toxapex, M|
|poke|p2|Dracovish|
|poke|p2|Ferrothorn, F|
|poke|p2|Seismitoad, F|
|poke|p2|Aegislash, F|
|poke|p2|Centiskorch, F|
|poke|p2|Hatterene, F|
|rule|Dynamax Clause: You cannot dynamax
|teampreview
|
|start
|switch|p1a: Dragapult|Dragapult, M|100/100
|switch|p2a: Centiskorch|Centiskorch, F, shiny|100/100
|turn|1
|
|switch|p1a: Toxapex|Toxapex, M, shiny|100/100
|move|p2a: Centiskorch|Knock Off|p1a: Toxapex
|-damage|p1a: Toxapex|79/100
|-enditem|p1a: Toxapex|Black Sludge|[from] move: Knock Off|[of] p2a: Centiskorch
|
|upkeep
|turn|2
|
|switch|p2a: Seismitoad|Seismitoad, F|100/100
|move|p1a: Toxapex|Toxic Spikes|p2a: Seismitoad
|-sidestart|p2: Namshcam|move: Toxic Spikes
|
|upkeep
|turn|3
|
|switch|p1a: Dragapult|Dragapult, M|100/100
|move|p2a: Seismitoad|Earthquake|p1a: Dragapult
|-damage|p1a: Dragapult|56/100
|
|upkeep
|turn|4
|
|move|p1a: Dragapult|Shadow Ball|p2a: Seismitoad
|-damage|p2a: Seismitoad|50/100
|move|p2a: Seismitoad|Toxic|p1a: Dragapult
|-status|p1a: Dragapult|tox
|
|-heal|p2a: Seismitoad|56/100|[from] item: Leftovers
|-damage|p1a: Dragapult|50/100 tox|[from] psn
|upkeep
|turn|5
|
|move|p1a: Dragapult|Shadow Ball|p2a: Seismitoad
|-damage|p2a: Seismitoad|1/100
|move|p2a: Seismitoad|Earthquake|p1a: Dragapult
|-damage|p1a: Dragapult|5/100 tox
|
|-heal|p2a: Seismitoad|7/100|[from] item: Leftovers
|-damage|p1a: Dragapult|0 fnt|[from] psn
|faint|p1a: Dragapult
|upkeep
|
|switch|p1a: Toxtricity|Toxtricity-Low-Key, M|100/100
|turn|6
|
|switch|p2a: Ferrothorn|Ferrothorn, F|100/100
|move|p1a: Toxtricity|Boomburst|p2a: Ferrothorn
|-resisted|p2a: Ferrothorn
|-damage|p2a: Ferrothorn|67/100
|
|-heal|p2a: Ferrothorn|73/100|[from] item: Leftovers
|upkeep
|turn|7
|
|switch|p1a: Ferrothorn|Ferrothorn, F, shiny|100/100
|move|p2a: Ferrothorn|Leech Seed|p1a: Ferrothorn
|-immune|p1a: Ferrothorn
|
|-heal|p2a: Ferrothorn|79/100|[from] item: Leftovers
|upkeep
|turn|8
|j| James Garden
|
|switch|p1a: Toxtricity|Toxtricity-Low-Key, M|100/100
|switch|p2a: Hatterene|Hatterene, F|100/100
|-status|p2a: Hatterene|psn
|
|-damage|p2a: Hatterene|88/100 psn|[from] psn
|upkeep
|turn|9
|
|switch|p2a: Ferrothorn|Ferrothorn, F|79/100
|move|p1a: Toxtricity|Sludge Wave|p2a: Ferrothorn
|-immune|p2a: Ferrothorn
|
|-heal|p2a: Ferrothorn|85/100|[from] item: Leftovers
|upkeep
|turn|10
|
|switch|p1a: Ferrothorn|Ferrothorn, F, shiny|100/100
|switch|p2a: Centiskorch|Centiskorch, F, shiny|100/100
|
|upkeep
|turn|11
|
|switch|p1a: Toxapex|Toxapex, M, shiny|100/100
|move|p2a: Centiskorch|Fire Lash|p1a: Toxapex
|-resisted|p1a: Toxapex
|-damage|p1a: Toxapex|87/100
|-unboost|p1a: Toxapex|def|1
|
|upkeep
|turn|12
|
|switch|p2a: Seismitoad|Seismitoad, F|7/100
|-status|p2a: Seismitoad|psn
|move|p1a: Toxapex|Toxic Spikes|p2a: Seismitoad
|-sidestart|p2: Namshcam|move: Toxic Spikes
|
|-heal|p2a: Seismitoad|13/100 psn|[from] item: Leftovers
|-damage|p2a: Seismitoad|1/100 psn|[from] psn
|upkeep
|turn|13
|
|switch|p1a: Corviknight|Corviknight, M|100/100
|-ability|p1a: Corviknight|Pressure
|move|p2a: Seismitoad|Toxic|p1a: Corviknight
|-immune|p1a: Corviknight
|
|-heal|p2a: Seismitoad|7/100 psn|[from] item: Leftovers
|-damage|p2a: Seismitoad|0 fnt|[from] psn
|faint|p2a: Seismitoad
|upkeep
|
|switch|p2a: Dracovish|Dracovish|100/100
|-status|p2a: Dracovish|tox
|turn|14
|
|switch|p1a: Ferrothorn|Ferrothorn, F, shiny|100/100
|move|p2a: Dracovish|Fishious Rend|p1a: Ferrothorn
|-resisted|p1a: Ferrothorn
|-damage|p1a: Ferrothorn|68/100
|-damage|p2a: Dracovish|88/100 tox|[from] ability: Iron Barbs|[of] p1a: Ferrothorn
|
|-heal|p1a: Ferrothorn|74/100|[from] item: Leftovers
|-damage|p2a: Dracovish|82/100 tox|[from] psn
|upkeep
|turn|15
|
|move|p2a: Dracovish|Fishious Rend|p1a: Ferrothorn
|-resisted|p1a: Ferrothorn
|-damage|p1a: Ferrothorn|44/100
|-damage|p2a: Dracovish|69/100 tox|[from] ability: Iron Barbs|[of] p1a: Ferrothorn
|move|p1a: Ferrothorn|Leech Seed|p2a: Dracovish
|-start|p2a: Dracovish|move: Leech Seed
|
|-heal|p1a: Ferrothorn|50/100|[from] item: Leftovers
|-damage|p2a: Dracovish|57/100 tox|[from] Leech Seed|[of] p1a: Ferrothorn
|-heal|p1a: Ferrothorn|61/100|[silent]
|-damage|p2a: Dracovish|44/100 tox|[from] psn
|upkeep
|turn|16
|
|switch|p2a: Hatterene|Hatterene, F|88/100 psn
|move|p1a: Ferrothorn|Protect||[still]
|-fail|p1a: Ferrothorn
|
|-heal|p1a: Ferrothorn|68/100|[from] item: Leftovers
|-damage|p2a: Hatterene|76/100 psn|[from] psn
|upkeep
|turn|17
|
|switch|p1a: Mandibuzz|Mandibuzz, F, shiny|100/100
|move|p2a: Hatterene|Mystical Fire|p1a: Mandibuzz
|-damage|p1a: Mandibuzz|83/100
|-unboost|p1a: Mandibuzz|spa|1
|
|-damage|p2a: Hatterene|64/100 psn|[from] psn
|upkeep
|turn|18
|
|move|p1a: Mandibuzz|Knock Off|p2a: Hatterene
|-damage|p2a: Hatterene|38/100 psn
|-enditem|p2a: Hatterene|Focus Sash|[from] move: Knock Off|[of] p1a: Mandibuzz
|move|p2a: Hatterene|Dazzling Gleam|p1a: Mandibuzz
|-supereffective|p1a: Mandibuzz
|-damage|p1a: Mandibuzz|29/100
|
|-damage|p2a: Hatterene|26/100 psn|[from] psn
|upkeep
|turn|19
|
|move|p1a: Mandibuzz|Roost|p1a: Mandibuzz
|-heal|p1a: Mandibuzz|79/100
|-singleturn|p1a: Mandibuzz|move: Roost
|move|p2a: Hatterene|Dazzling Gleam|p1a: Mandibuzz
|-supereffective|p1a: Mandibuzz
|-crit|p1a: Mandibuzz
|-damage|p1a: Mandibuzz|0 fnt
|faint|p1a: Mandibuzz
|
|-damage|p2a: Hatterene|14/100 psn|[from] psn
|upkeep
|
|switch|p1a: Toxtricity|Toxtricity-Low-Key, M|100/100
|turn|20
|
|switch|p2a: Ferrothorn|Ferrothorn, F|85/100
|move|p1a: Toxtricity|Volt Switch|p2a: Ferrothorn
|-resisted|p2a: Ferrothorn
|-damage|p2a: Ferrothorn|63/100
|
|switch|p1a: Corviknight|Corviknight, M|100/100|[from]move: Volt Switch
|-ability|p1a: Corviknight|Pressure
|
|-heal|p2a: Ferrothorn|69/100|[from] item: Leftovers
|upkeep
|turn|21
|
|move|p1a: Corviknight|Substitute|p1a: Corviknight
|-start|p1a: Corviknight|Substitute
|-damage|p1a: Corviknight|75/100
|move|p2a: Ferrothorn|Leech Seed||[still]
|-fail|p2a: Ferrothorn
|
|-heal|p1a: Corviknight|82/100|[from] item: Leftovers
|-heal|p2a: Ferrothorn|75/100|[from] item: Leftovers
|upkeep
|turn|22
|
|switch|p2a: Aegislash|Aegislash, F|100/100
|move|p1a: Corviknight|Bulk Up|p1a: Corviknight
|-boost|p1a: Corviknight|atk|1
|-boost|p1a: Corviknight|def|1
|
|-heal|p1a: Corviknight|88/100|[from] item: Leftovers
|upkeep
|turn|23
|
|move|p1a: Corviknight|Brave Bird|p2a: Aegislash
|-resisted|p2a: Aegislash
|-crit|p2a: Aegislash
|-damage|p2a: Aegislash|68/100
|-damage|p1a: Corviknight|79/100|[from] Recoil
|move|p2a: Aegislash|Swords Dance|p2a: Aegislash
|-boost|p2a: Aegislash|atk|2
|
|-heal|p1a: Corviknight|86/100|[from] item: Leftovers
|-heal|p2a: Aegislash|75/100|[from] item: Leftovers
|upkeep
|turn|24
|
|move|p1a: Corviknight|Bulk Up|p1a: Corviknight
|-boost|p1a: Corviknight|atk|1
|-boost|p1a: Corviknight|def|1
|move|p2a: Aegislash|Swords Dance|p2a: Aegislash
|-boost|p2a: Aegislash|atk|2
|
|-heal|p1a: Corviknight|92/100|[from] item: Leftovers
|-heal|p2a: Aegislash|81/100|[from] item: Leftovers
|upkeep
|turn|25
|
|move|p1a: Corviknight|Brave Bird|p2a: Aegislash
|-resisted|p2a: Aegislash
|-damage|p2a: Aegislash|52/100
|-damage|p1a: Corviknight|84/100|[from] Recoil
|-formechange|p2a: Aegislash|Aegislash-Blade||[from] ability: Stance Change
|move|p2a: Aegislash|Sacred Sword|p1a: Corviknight
|-end|p1a: Corviknight|Substitute
|
|-heal|p1a: Corviknight|90/100|[from] item: Leftovers
|-heal|p2a: Aegislash|58/100|[from] item: Leftovers
|upkeep
|turn|26
|
|-formechange|p2a: Aegislash|Aegislash||[from] ability: Stance Change
|move|p2a: Aegislash|King's Shield|p2a: Aegislash
|-singleturn|p2a: Aegislash|Protect
|move|p1a: Corviknight|Brave Bird|p2a: Aegislash
|-activate|p2a: Aegislash|move: Protect
|-unboost|p1a: Corviknight|atk|1
|
|-heal|p1a: Corviknight|97/100|[from] item: Leftovers
|-heal|p2a: Aegislash|64/100|[from] item: Leftovers
|upkeep
|turn|27
|
|switch|p1a: Toxapex|Toxapex, M, shiny|100/100
|-formechange|p2a: Aegislash|Aegislash-Blade||[from] ability: Stance Change
|move|p2a: Aegislash|Sacred Sword|p1a: Toxapex
|-resisted|p1a: Toxapex
|-damage|p1a: Toxapex|66/100
|
|-heal|p2a: Aegislash|71/100|[from] item: Leftovers
|upkeep
|turn|28
|
|-formechange|p2a: Aegislash|Aegislash||[from] ability: Stance Change
|move|p2a: Aegislash|King's Shield|p2a: Aegislash
|-singleturn|p2a: Aegislash|Protect
|move|p1a: Toxapex|Haze|p1a: Toxapex
|-clearallboost
|
|-heal|p2a: Aegislash|77/100|[from] item: Leftovers
|upkeep
|turn|29
|
|switch|p2a: Ferrothorn|Ferrothorn, F|75/100
|move|p1a: Toxapex|Scald|p2a: Ferrothorn
|-resisted|p2a: Ferrothorn
|-damage|p2a: Ferrothorn|68/100
|
|-heal|p2a: Ferrothorn|74/100|[from] item: Leftovers
|upkeep
|turn|30
|
|switch|p1a: Ferrothorn|Ferrothorn, F, shiny|68/100
|move|p2a: Ferrothorn|Leech Seed|p1a: Ferrothorn
|-immune|p1a: Ferrothorn
|
|-heal|p1a: Ferrothorn|74/100|[from] item: Leftovers
|-heal|p2a: Ferrothorn|80/100|[from] item: Leftovers
|upkeep
|turn|31
|
|switch|p2a: Hatterene|Hatterene, F|14/100 psn
|move|p1a: Ferrothorn|Power Whip|p2a: Hatterene|[miss]
|-miss|p1a: Ferrothorn|p2a: Hatterene
|
|-heal|p1a: Ferrothorn|80/100|[from] item: Leftovers
|-damage|p2a: Hatterene|1/100 psn|[from] psn
|upkeep
|turn|32
|
|move|p1a: Ferrothorn|Protect|p1a: Ferrothorn
|-singleturn|p1a: Ferrothorn|Protect
|move|p2a: Hatterene|Mystical Fire|p1a: Ferrothorn
|-activate|p1a: Ferrothorn|move: Protect
|
|-heal|p1a: Ferrothorn|86/100|[from] item: Leftovers
|-damage|p2a: Hatterene|0 fnt|[from] psn
|faint|p2a: Hatterene
|upkeep
|
|switch|p2a: Centiskorch|Centiskorch, F, shiny|100/100
|turn|33
|
|switch|p1a: Toxapex|Toxapex, M, shiny|99/100
|move|p2a: Centiskorch|Fire Lash|p1a: Toxapex
|-resisted|p1a: Toxapex
|-damage|p1a: Toxapex|85/100
|-unboost|p1a: Toxapex|def|1
|
|upkeep
|turn|34
|
|move|p2a: Centiskorch|Fire Lash|p1a: Toxapex
|-resisted|p1a: Toxapex
|-damage|p1a: Toxapex|65/100
|-unboost|p1a: Toxapex|def|1
|move|p1a: Toxapex|Haze|p1a: Toxapex
|-clearallboost
|
|upkeep
|turn|35
|
|move|p2a: Centiskorch|Fire Lash|p1a: Toxapex
|-resisted|p1a: Toxapex
|-damage|p1a: Toxapex|53/100
|-unboost|p1a: Toxapex|def|1
|move|p1a: Toxapex|Recover|p1a: Toxapex
|-heal|p1a: Toxapex|100/100
|
|upkeep
|turn|36
|
|move|p2a: Centiskorch|Power Whip|p1a: Toxapex
|-damage|p1a: Toxapex|63/100
|move|p1a: Toxapex|Scald|p2a: Centiskorch
|-supereffective|p2a: Centiskorch
|-damage|p2a: Centiskorch|72/100
|
|upkeep
|turn|37
|
|move|p2a: Centiskorch|Fire Lash|p1a: Toxapex
|-resisted|p1a: Toxapex
|-damage|p1a: Toxapex|44/100
|-unboost|p1a: Toxapex|def|1
|move|p1a: Toxapex|Recover|p1a: Toxapex
|-heal|p1a: Toxapex|94/100
|
|upkeep
|turn|38
|
|move|p2a: Centiskorch|Power Whip|p1a: Toxapex
|-damage|p1a: Toxapex|47/100
|move|p1a: Toxapex|Haze|p1a: Toxapex
|-clearallboost
|
|upkeep
|turn|39
|
|switch|p2a: Ferrothorn|Ferrothorn, F|80/100
|move|p1a: Toxapex|Recover|p1a: Toxapex
|-heal|p1a: Toxapex|97/100
|
|-heal|p2a: Ferrothorn|87/100|[from] item: Leftovers
|upkeep
|turn|40
|
|switch|p1a: Ferrothorn|Ferrothorn, F, shiny|86/100
|switch|p2a: Centiskorch|Centiskorch, F, shiny|72/100
|
|-heal|p1a: Ferrothorn|93/100|[from] item: Leftovers
|upkeep
|turn|41
|
|switch|p1a: Toxapex|Toxapex, M, shiny|100/100
|move|p2a: Centiskorch|Fire Lash|p1a: Toxapex
|-resisted|p1a: Toxapex
|-damage|p1a: Toxapex|87/100
|-unboost|p1a: Toxapex|def|1
|
|upkeep
|turn|42
|
|move|p2a: Centiskorch|Fire Lash|p1a: Toxapex
|-resisted|p1a: Toxapex
|-damage|p1a: Toxapex|68/100
|-unboost|p1a: Toxapex|def|1
|move|p1a: Toxapex|Haze|p1a: Toxapex
|-clearallboost
|
|upkeep
|turn|43
|
|switch|p2a: Ferrothorn|Ferrothorn, F|87/100
|move|p1a: Toxapex|Recover|p1a: Toxapex
|-heal|p1a: Toxapex|100/100
|
|-heal|p2a: Ferrothorn|93/100|[from] item: Leftovers
|upkeep
|turn|44
|
|move|p1a: Toxapex|Scald|p2a: Ferrothorn
|-resisted|p2a: Ferrothorn
|-damage|p2a: Ferrothorn|85/100
|-status|p2a: Ferrothorn|brn
|move|p2a: Ferrothorn|Leech Seed|p1a: Toxapex
|-start|p1a: Toxapex|move: Leech Seed
|
|-heal|p2a: Ferrothorn|91/100 brn|[from] item: Leftovers
|-damage|p1a: Toxapex|88/100|[from] Leech Seed|[of] p2a: Ferrothorn
|-heal|p2a: Ferrothorn|100/100 brn|[silent]
|-damage|p2a: Ferrothorn|94/100 brn|[from] brn
|upkeep
|turn|45
|
|switch|p1a: Corviknight|Corviknight, M|97/100
|-ability|p1a: Corviknight|Pressure
|switch|p2a: Aegislash|Aegislash, F|77/100
|
|-heal|p1a: Corviknight|100/100|[from] item: Leftovers
|-heal|p2a: Aegislash|83/100|[from] item: Leftovers
|upkeep
|turn|46
|
|switch|p1a: Toxapex|Toxapex, M, shiny|100/100
|move|p2a: Aegislash|Swords Dance|p2a: Aegislash
|-boost|p2a: Aegislash|atk|2
|
|-heal|p2a: Aegislash|89/100|[from] item: Leftovers
|upkeep
|turn|47
|
|-formechange|p2a: Aegislash|Aegislash-Blade||[from] ability: Stance Change
|move|p2a: Aegislash|Sacred Sword|p1a: Toxapex
|-resisted|p1a: Toxapex
|-damage|p1a: Toxapex|79/100
|move|p1a: Toxapex|Haze|p1a: Toxapex
|-clearallboost
|
|-heal|p2a: Aegislash|95/100|[from] item: Leftovers
|upkeep
|turn|48
|
|switch|p2a: Ferrothorn|Ferrothorn, F|94/100 brn
|move|p1a: Toxapex|Scald|p2a: Ferrothorn
|-resisted|p2a: Ferrothorn
|-damage|p2a: Ferrothorn|87/100 brn
|
|-heal|p2a: Ferrothorn|93/100 brn|[from] item: Leftovers
|-damage|p2a: Ferrothorn|87/100 brn|[from] brn
|upkeep
|turn|49
|inactive|Battle timer is ON: inactive players will automatically lose when time's up. (requested by sucker for oli)
|
|switch|p1a: Ferrothorn|Ferrothorn, F, shiny|93/100
|move|p2a: Ferrothorn|Leech Seed|p1a: Ferrothorn
|-immune|p1a: Ferrothorn
|
|-heal|p1a: Ferrothorn|99/100|[from] item: Leftovers
|-heal|p2a: Ferrothorn|93/100 brn|[from] item: Leftovers
|-damage|p2a: Ferrothorn|87/100 brn|[from] brn
|upkeep
|turn|50
|
|switch|p2a: Aegislash|Aegislash, F|95/100
|move|p1a: Ferrothorn|Stealth Rock|p2a: Aegislash
|-sidestart|p2: Namshcam|move: Stealth Rock
|
|-heal|p2a: Aegislash|100/100|[from] item: Leftovers
|-heal|p1a: Ferrothorn|100/100|[from] item: Leftovers
|upkeep
|turn|51
|
|move|p2a: Aegislash|Swords Dance|p2a: Aegislash
|-boost|p2a: Aegislash|atk|2
|move|p1a: Ferrothorn|Leech Seed|p2a: Aegislash|[miss]
|-miss|p1a: Ferrothorn|p2a: Aegislash
|
|upkeep
|turn|52
|
|switch|p1a: Toxapex|Toxapex, M, shiny|100/100
|move|p2a: Aegislash|Swords Dance|p2a: Aegislash
|-boost|p2a: Aegislash|atk|2
|
|upkeep
|turn|53
|
|-formechange|p2a: Aegislash|Aegislash-Blade||[from] ability: Stance Change
|move|p2a: Aegislash|Shadow Sneak|p1a: Toxapex
|-damage|p1a: Toxapex|55/100
|move|p1a: Toxapex|Haze|p1a: Toxapex
|-clearallboost
|
|upkeep
|turn|54
|
|move|p2a: Aegislash|Shadow Sneak|p1a: Toxapex
|-damage|p1a: Toxapex|39/100
|move|p1a: Toxapex|Recover|p1a: Toxapex
|-heal|p1a: Toxapex|89/100
|
|upkeep
|turn|55
|
|switch|p2a: Ferrothorn|Ferrothorn, F|87/100 brn
|-damage|p2a: Ferrothorn|81/100 brn|[from] Stealth Rock
|switch|p1a: Corviknight|Corviknight, M|100/100
|-ability|p1a: Corviknight|Pressure
|
|-heal|p2a: Ferrothorn|87/100 brn|[from] item: Leftovers
|-damage|p2a: Ferrothorn|81/100 brn|[from] brn
|upkeep
|turn|56
|
|switch|p1a: Toxtricity|Toxtricity-Low-Key, M|100/100
|move|p2a: Ferrothorn|Leech Seed|p1a: Toxtricity
|-start|p1a: Toxtricity|move: Leech Seed
|
|-heal|p2a: Ferrothorn|87/100 brn|[from] item: Leftovers
|-damage|p1a: Toxtricity|88/100|[from] Leech Seed|[of] p2a: Ferrothorn
|-heal|p2a: Ferrothorn|97/100 brn|[silent]
|-damage|p2a: Ferrothorn|91/100 brn|[from] brn
|upkeep
|turn|57
|
|move|p1a: Toxtricity|Volt Switch|p2a: Ferrothorn
|-resisted|p2a: Ferrothorn
|-crit|p2a: Ferrothorn
|-damage|p2a: Ferrothorn|59/100 brn
|
|switch|p1a: Ferrothorn|Ferrothorn, F, shiny|100/100|[from]move: Volt Switch
|move|p2a: Ferrothorn|Gyro Ball|p1a: Ferrothorn
|-resisted|p1a: Ferrothorn
|-damage|p1a: Ferrothorn|99/100
|-damage|p2a: Ferrothorn|47/100 brn|[from] ability: Iron Barbs|[of] p1a: Ferrothorn
|
|-heal|p1a: Ferrothorn|100/100|[from] item: Leftovers
|-heal|p2a: Ferrothorn|53/100 brn|[from] item: Leftovers
|-damage|p2a: Ferrothorn|47/100 brn|[from] brn
|upkeep
|turn|58
|
|switch|p2a: Centiskorch|Centiskorch, F, shiny|72/100
|move|p1a: Ferrothorn|Leech Seed|p2a: Centiskorch
|-start|p2a: Centiskorch|move: Leech Seed
|
|-damage|p2a: Centiskorch|60/100|[from] Leech Seed|[of] p1a: Ferrothorn
|upkeep
|turn|59
|
|move|p1a: Ferrothorn|Protect|p1a: Ferrothorn
|-singleturn|p1a: Ferrothorn|Protect
|move|p2a: Centiskorch|Fire Lash|p1a: Ferrothorn
|-activate|p1a: Ferrothorn|move: Protect
|
|-damage|p2a: Centiskorch|48/100|[from] Leech Seed|[of] p1a: Ferrothorn
|upkeep
|turn|60
|
|switch|p1a: Toxapex|Toxapex, M, shiny|100/100
|move|p2a: Centiskorch|Fire Lash|p1a: Toxapex
|-resisted|p1a: Toxapex
|-damage|p1a: Toxapex|87/100
|-unboost|p1a: Toxapex|def|1
|
|-damage|p2a: Centiskorch|35/100|[from] Leech Seed|[of] p1a: Toxapex
|-heal|p1a: Toxapex|100/100|[silent]
|upkeep
|turn|61
|
|switch|p2a: Ferrothorn|Ferrothorn, F|47/100 brn
|-damage|p2a: Ferrothorn|41/100 brn|[from] Stealth Rock
|move|p1a: Toxapex|Haze|p1a: Toxapex
|-clearallboost
|
|-heal|p2a: Ferrothorn|47/100 brn|[from] item: Leftovers
|-damage|p2a: Ferrothorn|41/100 brn|[from] brn
|upkeep
|turn|62
|
|switch|p1a: Ferrothorn|Ferrothorn, F, shiny|100/100
|switch|p2a: Aegislash|Aegislash, F|100/100
|-damage|p2a: Aegislash|94/100|[from] Stealth Rock
|
|-heal|p2a: Aegislash|100/100|[from] item: Leftovers
|upkeep
|turn|63
|
|-formechange|p2a: Aegislash|Aegislash-Blade||[from] ability: Stance Change
|move|p2a: Aegislash|Sacred Sword|p1a: Ferrothorn
|-supereffective|p1a: Ferrothorn
|-damage|p1a: Ferrothorn|55/100
|-damage|p2a: Aegislash|88/100|[from] ability: Iron Barbs|[of] p1a: Ferrothorn
|move|p1a: Ferrothorn|Leech Seed|p2a: Aegislash|[miss]
|-miss|p1a: Ferrothorn|p2a: Aegislash
|
|-heal|p2a: Aegislash|94/100|[from] item: Leftovers
|-heal|p1a: Ferrothorn|61/100|[from] item: Leftovers
|upkeep
|turn|64
|
|switch|p1a: Toxapex|Toxapex, M, shiny|100/100
|move|p2a: Aegislash|Swords Dance|p2a: Aegislash
|-boost|p2a: Aegislash|atk|2
|
|-heal|p2a: Aegislash|100/100|[from] item: Leftovers
|upkeep
|turn|65
|
|move|p2a: Aegislash|Shadow Sneak|p1a: Toxapex
|-damage|p1a: Toxapex|73/100
|move|p1a: Toxapex|Scald|p2a: Aegislash
|-damage|p2a: Aegislash|73/100
|
|-heal|p2a: Aegislash|79/100|[from] item: Leftovers
|upkeep
|turn|66
|
|move|p2a: Aegislash|Swords Dance|p2a: Aegislash
|-boost|p2a: Aegislash|atk|2
|move|p1a: Toxapex|Recover|p1a: Toxapex
|-heal|p1a: Toxapex|100/100
|
|-heal|p2a: Aegislash|85/100|[from] item: Leftovers
|upkeep
|turn|67
|
|move|p2a: Aegislash|Shadow Sneak|p1a: Toxapex
|-damage|p1a: Toxapex|54/100
|move|p1a: Toxapex|Haze|p1a: Toxapex
|-clearallboost
|
|-heal|p2a: Aegislash|91/100|[from] item: Leftovers
|upkeep
|turn|68
|
|move|p2a: Aegislash|Swords Dance|p2a: Aegislash
|-boost|p2a: Aegislash|atk|2
|move|p1a: Toxapex|Scald|p2a: Aegislash
|-damage|p2a: Aegislash|61/100
|
|-heal|p2a: Aegislash|67/100|[from] item: Leftovers
|upkeep
|turn|69
|
|move|p2a: Aegislash|Shadow Sneak|p1a: Toxapex
|-damage|p1a: Toxapex|23/100
|move|p1a: Toxapex|Recover|p1a: Toxapex
|-heal|p1a: Toxapex|73/100
|
|-heal|p2a: Aegislash|73/100|[from] item: Leftovers
|upkeep
|turn|70
|
|move|p2a: Aegislash|Swords Dance|p2a: Aegislash
|-boost|p2a: Aegislash|atk|2
|move|p1a: Toxapex|Haze|p1a: Toxapex
|-clearallboost
|
|-heal|p2a: Aegislash|79/100|[from] item: Leftovers
|upkeep
|turn|71
|
|-formechange|p2a: Aegislash|Aegislash||[from] ability: Stance Change
|move|p2a: Aegislash|King's Shield|p2a: Aegislash
|-singleturn|p2a: Aegislash|Protect
|move|p1a: Toxapex|Scald|p2a: Aegislash
|-activate|p2a: Aegislash|move: Protect
|
|-heal|p2a: Aegislash|85/100|[from] item: Leftovers
|upkeep
|turn|72
|
|move|p2a: Aegislash|Swords Dance|p2a: Aegislash
|-boost|p2a: Aegislash|atk|2
|move|p1a: Toxapex|Scald|p2a: Aegislash
|-damage|p2a: Aegislash|73/100
|-status|p2a: Aegislash|brn
|
|-heal|p2a: Aegislash|79/100 brn|[from] item: Leftovers
|-damage|p2a: Aegislash|73/100 brn|[from] brn
|upkeep
|turn|73
|
|-formechange|p2a: Aegislash|Aegislash-Blade||[from] ability: Stance Change
|move|p2a: Aegislash|Shadow Sneak|p1a: Toxapex
|-damage|p1a: Toxapex|59/100
|move|p1a: Toxapex|Haze|p1a: Toxapex
|-clearallboost
|
|-heal|p2a: Aegislash|79/100 brn|[from] item: Leftovers
|-damage|p2a: Aegislash|73/100 brn|[from] brn
|upkeep
|turn|74
|
|switch|p1a: Toxtricity|Toxtricity-Low-Key, M|88/100
|move|p2a: Aegislash|Swords Dance|p2a: Aegislash
|-boost|p2a: Aegislash|atk|2
|
|-heal|p2a: Aegislash|79/100 brn|[from] item: Leftovers
|-damage|p2a: Aegislash|73/100 brn|[from] brn
|upkeep
|turn|75
|
|-formechange|p2a: Aegislash|Aegislash||[from] ability: Stance Change
|move|p2a: Aegislash|King's Shield|p2a: Aegislash
|-singleturn|p2a: Aegislash|Protect
|move|p1a: Toxtricity|Overdrive|p2a: Aegislash
|-activate|p2a: Aegislash|move: Protect
|
|-heal|p2a: Aegislash|79/100 brn|[from] item: Leftovers
|-damage|p2a: Aegislash|73/100 brn|[from] brn
|upkeep
|turn|76
|
|move|p1a: Toxtricity|Overdrive|p2a: Aegislash
|-damage|p2a: Aegislash|11/100 brn
|move|p2a: Aegislash|Swords Dance|p2a: Aegislash
|-boost|p2a: Aegislash|atk|2
|
|-heal|p2a: Aegislash|17/100 brn|[from] item: Leftovers
|-damage|p2a: Aegislash|11/100 brn|[from] brn
|upkeep
|turn|77
|
|-formechange|p2a: Aegislash|Aegislash-Blade||[from] ability: Stance Change
|move|p2a: Aegislash|Shadow Sneak|p1a: Toxtricity
|-damage|p1a: Toxtricity|31/100
|move|p1a: Toxtricity|Overdrive|p2a: Aegislash
|-crit|p2a: Aegislash
|-damage|p2a: Aegislash|0 fnt
|faint|p2a: Aegislash
|
|upkeep
|
|switch|p2a: Dracovish|Dracovish|44/100 tox
|-damage|p2a: Dracovish|32/100 tox|[from] Stealth Rock
|turn|78
|
|switch|p1a: Ferrothorn|Ferrothorn, F, shiny|61/100
|move|p2a: Dracovish|Psychic Fangs|p1a: Ferrothorn
|-resisted|p1a: Ferrothorn
|-damage|p1a: Ferrothorn|51/100
|-damage|p2a: Dracovish|20/100 tox|[from] ability: Iron Barbs|[of] p1a: Ferrothorn
|
|-heal|p1a: Ferrothorn|57/100|[from] item: Leftovers
|-damage|p2a: Dracovish|13/100 tox|[from] psn
|upkeep
|turn|79
|
|switch|p2a: Centiskorch|Centiskorch, F, shiny|35/100
|move|p1a: Ferrothorn|Leech Seed|p2a: Centiskorch
|-start|p2a: Centiskorch|move: Leech Seed
|
|-heal|p1a: Ferrothorn|64/100|[from] item: Leftovers
|-damage|p2a: Centiskorch|23/100|[from] Leech Seed|[of] p1a: Ferrothorn
|-heal|p1a: Ferrothorn|78/100|[silent]
|upkeep
|turn|80
|-message|Namshcam forfeited.
|
|win|sucker for oli
|l|☆Namshcam
