|ScrapeTime|2020-01-01-00:24:24
|j|☆CPL Pain
|j|☆Romimochi
|player|p1|CPL Pain|1|1044
|player|p2|Romimochi|cynthia-gen4|1071
|teamsize|p1|6
|teamsize|p2|6
|gametype|singles
|gen|8
|tier|[Gen 8] OU
|rated|
|rule|Sleep Clause Mod: Limit one foe put to sleep
|rule|Species Clause: Limit one of each Pokémon
|rule|OHKO Clause: OHKO moves are banned
|rule|Evasion Moves Clause: Evasion moves are banned
|rule|Endless Battle Clause: Forcing endless battles is banned
|rule|HP Percentage Mod: HP is shown in percentages
|clearpoke
|poke|p1|Grimmsnarl, M|
|poke|p1|Rillaboom, F|
|poke|p1|Copperajah, M|
|poke|p1|Frosmoth, F|
|poke|p1|Drednaw, F|
|poke|p1|Toxtricity, F|
|poke|p2|Musharna, F|
|poke|p2|Lucario, M|
|poke|p2|Mawile, F|
|poke|p2|Copperajah, F|
|poke|p2|Gardevoir, F|
|poke|p2|Claydol|
|rule|Dynamax Clause: You cannot dynamax
|teampreview
|inactive|Battle timer is ON: inactive players will automatically lose when time's up. (requested by CPL Pain)
|
|start
|switch|p1a: Frosmoth|Frosmoth, F|100/100
|switch|p2a: Claydol|Claydol|100/100
|turn|1
|
|move|p1a: Frosmoth|Quiver Dance|p1a: Frosmoth
|-boost|p1a: Frosmoth|spa|1
|-boost|p1a: Frosmoth|spd|1
|-boost|p1a: Frosmoth|spe|1
|move|p2a: Claydol|Trick Room|p2a: Claydol
|-fieldstart|move: Trick Room|[of] p2a: Claydol
|
|upkeep
|turn|2
|
|move|p2a: Claydol|Stealth Rock|p1a: Frosmoth
|-sidestart|p1: CPL Pain|move: Stealth Rock
|move|p1a: Frosmoth|Ice Beam|p2a: Claydol
|-supereffective|p2a: Claydol
|-damage|p2a: Claydol|0 fnt
|faint|p2a: Claydol
|
|upkeep
|
|switch|p2a: Lucario|Lucario, M|100/100
|turn|3
|
|switch|p1a: Rillaboom|Rillaboom, F|100/100
|-damage|p1a: Rillaboom|88/100|[from] Stealth Rock
|move|p2a: Lucario|Swords Dance|p2a: Lucario
|-boost|p2a: Lucario|atk|2
|
|upkeep
|turn|4
|
|move|p2a: Lucario|Ice Punch|p1a: Rillaboom
|-supereffective|p1a: Rillaboom
|-damage|p1a: Rillaboom|0 fnt
|-damage|p2a: Lucario|91/100|[from] item: Life Orb
|faint|p1a: Rillaboom
|
|upkeep
|
|switch|p1a: Toxtricity|Toxtricity, F|100/100
|-damage|p1a: Toxtricity|88/100|[from] Stealth Rock
|turn|5
|
|move|p2a: Lucario|Close Combat|p1a: Toxtricity
|-resisted|p1a: Toxtricity
|-damage|p1a: Toxtricity|0 fnt
|-unboost|p2a: Lucario|def|1
|-unboost|p2a: Lucario|spd|1
|-damage|p2a: Lucario|81/100|[from] item: Life Orb
|faint|p1a: Toxtricity
|
|-fieldend|move: Trick Room
|upkeep
|
|switch|p1a: Frosmoth|Frosmoth, F|100/100
|-damage|p1a: Frosmoth|51/100|[from] Stealth Rock
|turn|6
|
|move|p2a: Lucario|Bullet Punch|p1a: Frosmoth
|-supereffective|p1a: Frosmoth
|-damage|p1a: Frosmoth|0 fnt
|-damage|p2a: Lucario|71/100|[from] item: Life Orb
|faint|p1a: Frosmoth
|
|upkeep
|
|switch|p1a: Drednaw|Drednaw, F|100/100
|-damage|p1a: Drednaw|88/100|[from] Stealth Rock
|turn|7
|
|switch|p2a: Musharna|Musharna, F|100/100
|-activate|p2a: Musharna|ability: Forewarn|Superpower|[of] p1a: Drednaw
|move|p1a: Drednaw|Superpower|p2a: Musharna
|-resisted|p2a: Musharna
|-damage|p2a: Musharna|82/100
|-unboost|p1a: Drednaw|atk|1
|-unboost|p1a: Drednaw|def|1
|
|upkeep
|turn|8
|
|switch|p1a: Grimmsnarl|Grimmsnarl, M|100/100
|-damage|p1a: Grimmsnarl|88/100|[from] Stealth Rock
|move|p2a: Musharna|Trick Room|p2a: Musharna
|-fieldstart|move: Trick Room|[of] p2a: Musharna
|
|upkeep
|turn|9
|c|☆CPL Pain|gg trick room op
|-message|CPL Pain forfeited.
|
|win|Romimochi
|l|☆CPL Pain
|raw|CPL Pain's rating: 1044 → 1028(-16 for losing)
|raw|Romimochi's rating: 1054 → 1085(+31 for winning)
