|ScrapeTime|2020-01-01-01:25:39
|j|☆Holiss77
|j|☆StinkyPink
|player|p1|Holiss77|151|1298
|player|p2|StinkyPink|102|1246
|teamsize|p1|6
|teamsize|p2|6
|gametype|singles
|gen|8
|tier|[Gen 8] OU
|rated|
|rule|Sleep Clause Mod: Limit one foe put to sleep
|rule|Species Clause: Limit one of each Pokémon
|rule|OHKO Clause: OHKO moves are banned
|rule|Evasion Moves Clause: Evasion moves are banned
|rule|Endless Battle Clause: Forcing endless battles is banned
|rule|HP Percentage Mod: HP is shown in percentages
|clearpoke
|poke|p1|Gengar, M|
|poke|p1|Dracovish|
|poke|p1|Galvantula, M|
|poke|p1|Excadrill, M|
|poke|p1|Togekiss, M|
|poke|p1|Hawlucha, M|
|poke|p2|Hydreigon, M|
|poke|p2|Hatterene, F|
|poke|p2|Ferrothorn, M|
|poke|p2|Corviknight, F|
|poke|p2|Centiskorch, M|
|poke|p2|Dragapult, M|
|rule|Dynamax Clause: You cannot dynamax
|teampreview
|
|start
|switch|p1a: Galvantula|Galvantula, M, shiny|100/100
|switch|p2a: Centiskorch|Centiskorch, M|100/100
|turn|1
|
|move|p1a: Galvantula|Sticky Web|p2a: Centiskorch
|-sidestart|p2: StinkyPink|move: Sticky Web
|move|p2a: Centiskorch|Knock Off|p1a: Galvantula
|-damage|p1a: Galvantula|52/100
|-enditem|p1a: Galvantula|Focus Sash|[from] move: Knock Off|[of] p2a: Centiskorch
|
|upkeep
|turn|2
|
|move|p1a: Galvantula|Volt Switch|p2a: Centiskorch
|-damage|p2a: Centiskorch|82/100
|
|switch|p1a: Hawlucha|Hawlucha, M|100/100|[from]move: Volt Switch
|move|p2a: Centiskorch|Fire Lash|p1a: Hawlucha
|-damage|p1a: Hawlucha|53/100
|-unboost|p1a: Hawlucha|def|1
|
|upkeep
|turn|3
|
|switch|p2a: Corviknight|Corviknight, F|100/100
|-ability|p2a: Corviknight|Pressure
|move|p1a: Hawlucha|Substitute|p1a: Hawlucha
|-start|p1a: Hawlucha|Substitute
|-damage|p1a: Hawlucha|28/100
|
|upkeep
|turn|4
|
|move|p1a: Hawlucha|Bulk Up|p1a: Hawlucha
|-boost|p1a: Hawlucha|atk|1
|-boost|p1a: Hawlucha|def|1
|move|p2a: Corviknight|Defog|p1a: Hawlucha
|-sideend|p2: StinkyPink|Sticky Web|[from] move: Defog|[of] p2a: Corviknight
|
|upkeep
|turn|5
|
|switch|p2a: Ferrothorn|Ferrothorn, M|100/100
|move|p1a: Hawlucha|Bulk Up|p1a: Hawlucha
|-boost|p1a: Hawlucha|atk|1
|-boost|p1a: Hawlucha|def|1
|
|upkeep
|turn|6
|
|move|p1a: Hawlucha|Bulk Up|p1a: Hawlucha
|-boost|p1a: Hawlucha|atk|1
|-boost|p1a: Hawlucha|def|1
|move|p2a: Ferrothorn|Stealth Rock|p1a: Hawlucha
|-sidestart|p1: Holiss77|move: Stealth Rock
|
|upkeep
|turn|7
|inactive|Battle timer is ON: inactive players will automatically lose when time's up. (requested by StinkyPink)
|
|move|p1a: Hawlucha|Defog|p2a: Ferrothorn
|-unboost|p2a: Ferrothorn|evasion|1
|-sideend|p1: Holiss77|Stealth Rock|[from] move: Defog|[of] p1a: Hawlucha
|move|p2a: Ferrothorn|Power Whip|p1a: Hawlucha
|-resisted|p1a: Hawlucha
|-activate|p1a: Hawlucha|move: Substitute|[damage]
|
|upkeep
|turn|8
|
|move|p1a: Hawlucha|Bulk Up|p1a: Hawlucha
|-boost|p1a: Hawlucha|atk|1
|-boost|p1a: Hawlucha|def|1
|move|p2a: Ferrothorn|Stealth Rock|p1a: Hawlucha
|-sidestart|p1: Holiss77|move: Stealth Rock
|
|upkeep
|turn|9
|
|move|p1a: Hawlucha|Bulk Up|p1a: Hawlucha
|-boost|p1a: Hawlucha|atk|1
|-boost|p1a: Hawlucha|def|1
|move|p2a: Ferrothorn|Knock Off|p1a: Hawlucha
|-resisted|p1a: Hawlucha
|-activate|p1a: Hawlucha|move: Substitute|[damage]
|
|upkeep
|turn|10
|
|move|p1a: Hawlucha|Bulk Up|p1a: Hawlucha
|-boost|p1a: Hawlucha|atk|1
|-boost|p1a: Hawlucha|def|1
|move|p2a: Ferrothorn|Power Whip|p1a: Hawlucha
|-resisted|p1a: Hawlucha
|-end|p1a: Hawlucha|Substitute
|
|upkeep
|turn|11
|
|move|p1a: Hawlucha|Substitute|p1a: Hawlucha
|-start|p1a: Hawlucha|Substitute
|-damage|p1a: Hawlucha|3/100
|-enditem|p1a: Hawlucha|Iapapa Berry|[eat]
|-heal|p1a: Hawlucha|36/100|[from] item: Iapapa Berry
|move|p2a: Ferrothorn|Leech Seed||[still]
|-fail|p2a: Ferrothorn
|
|upkeep
|turn|12
|
|move|p1a: Hawlucha|Acrobatics|p2a: Ferrothorn
|-damage|p2a: Ferrothorn|4/100
|-damage|p1a: Hawlucha|23/100|[from] ability: Iron Barbs|[of] p2a: Ferrothorn
|move|p2a: Ferrothorn|Knock Off|p1a: Hawlucha
|-resisted|p1a: Hawlucha
|-activate|p1a: Hawlucha|move: Substitute|[damage]
|
|-heal|p2a: Ferrothorn|10/100|[from] item: Leftovers
|upkeep
|turn|13
|
|move|p1a: Hawlucha|Acrobatics|p2a: Ferrothorn
|-damage|p2a: Ferrothorn|0 fnt
|-damage|p1a: Hawlucha|11/100|[from] ability: Iron Barbs|[of] p2a: Ferrothorn
|faint|p2a: Ferrothorn
|
|upkeep
|
|switch|p2a: Dragapult|Dragapult, M|100/100
|turn|14
|
|move|p1a: Hawlucha|Acrobatics|p2a: Dragapult
|-damage|p2a: Dragapult|0 fnt
|faint|p2a: Dragapult
|
|upkeep
|inactive|StinkyPink has 120 seconds left.
|
|switch|p2a: Corviknight|Corviknight, F|100/100
|-ability|p2a: Corviknight|Pressure
|turn|15
|
|move|p1a: Hawlucha|Acrobatics|p2a: Corviknight
|-resisted|p2a: Corviknight
|-damage|p2a: Corviknight|38/100
|move|p2a: Corviknight|Brave Bird|p1a: Hawlucha
|-supereffective|p1a: Hawlucha
|-end|p1a: Hawlucha|Substitute
|-damage|p2a: Corviknight|32/100|[from] Recoil|[of] p1a: Hawlucha
|
|-heal|p2a: Corviknight|39/100|[from] item: Leftovers
|upkeep
|turn|16
|inactive|StinkyPink has 120 seconds left.
|
|move|p1a: Hawlucha|Acrobatics|p2a: Corviknight
|-resisted|p2a: Corviknight
|-damage|p2a: Corviknight|0 fnt
|faint|p2a: Corviknight
|
|upkeep
|c|☆StinkyPink|why were you faster than drapult?
|
|switch|p2a: Hydreigon|Hydreigon, M|100/100
|turn|17
|
|move|p1a: Hawlucha|Acrobatics|p2a: Hydreigon
|-damage|p2a: Hydreigon|0 fnt
|faint|p2a: Hydreigon
|
|upkeep
|
|switch|p2a: Hatterene|Hatterene, F|100/100
|turn|18
|
|move|p1a: Hawlucha|Acrobatics|p2a: Hatterene
|-damage|p2a: Hatterene|0 fnt
|faint|p2a: Hatterene
|
|upkeep
|
|switch|p2a: Centiskorch|Centiskorch, M|82/100
|turn|19
|
|move|p1a: Hawlucha|Acrobatics|p2a: Centiskorch
|-supereffective|p2a: Centiskorch
|-damage|p2a: Centiskorch|0 fnt
|faint|p2a: Centiskorch
|
|win|Holiss77
|raw|Holiss77's rating: 1298 → 1319(+21 for winning)
|raw|StinkyPink's rating: 1246 → 1224(-22 for losing)
