|ScrapeTime|2020-01-01-01:45:18
|j|☆FFFFFFpaper
|j|☆BOX CRUSHER
|player|p1|FFFFFFpaper|265|1351
|player|p2|BOX CRUSHER|fisherman|1377
|teamsize|p1|6
|teamsize|p2|6
|gametype|singles
|gen|8
|tier|[Gen 8] OU
|rated|
|rule|Sleep Clause Mod: Limit one foe put to sleep
|rule|Species Clause: Limit one of each Pokémon
|rule|OHKO Clause: OHKO moves are banned
|rule|Evasion Moves Clause: Evasion moves are banned
|rule|Endless Battle Clause: Forcing endless battles is banned
|rule|HP Percentage Mod: HP is shown in percentages
|clearpoke
|poke|p1|Dragapult, M|
|poke|p1|Indeedee, M|
|poke|p1|Hawlucha, M|
|poke|p1|Clefable, F|
|poke|p1|Corviknight, M|
|poke|p1|Seismitoad, F|
|poke|p2|Trevenant, M|
|poke|p2|Xatu, F|
|poke|p2|Lapras, F|
|poke|p2|Grimmsnarl, M|
|poke|p2|Excadrill, M|
|poke|p2|Coalossal, F|
|rule|Dynamax Clause: You cannot dynamax
|teampreview
|inactive|Battle timer is ON: inactive players will automatically lose when time's up. (requested by FFFFFFpaper)
|inactive|BOX CRUSHER has 120 seconds left.
|inactive|BOX CRUSHER has 90 seconds left.
|
|start
|switch|p1a: Corviknight|Corviknight, M|100/100
|switch|p2a: Lapras|Lapras, F|100/100
|turn|1
|
|switch|p2a: Xatu|Xatu, F|100/100
|move|p1a: Corviknight|U-turn|p2a: Xatu
|-damage|p2a: Xatu|88/100
|
|switch|p1a: Clefable|Clefable, F|100/100|[from]move: U-turn
|
|-heal|p2a: Xatu|94/100|[from] item: Leftovers
|upkeep
|turn|2
|
|switch|p2a: Excadrill|Excadrill, M|100/100
|-ability|p2a: Excadrill|Mold Breaker
|move|p1a: Clefable|Thunderbolt|p2a: Excadrill
|-immune|p2a: Excadrill
|
|upkeep
|turn|3
|
|switch|p2a: Coalossal|Coalossal, F|100/100
|switch|p1a: Corviknight|Corviknight, M|100/100
|
|upkeep
|turn|4
|
|move|p1a: Corviknight|U-turn|p2a: Coalossal
|-resisted|p2a: Coalossal
|-damage|p2a: Coalossal|96/100
|
|switch|p1a: Seismitoad|Seismitoad, F|100/100|[from]move: U-turn
|move|p2a: Coalossal|Flare Blitz|p1a: Seismitoad
|-resisted|p1a: Seismitoad
|-damage|p1a: Seismitoad|83/100
|-damage|p2a: Coalossal|90/100|[from] Recoil
|
|-heal|p1a: Seismitoad|89/100|[from] item: Leftovers
|upkeep
|turn|5
|
|switch|p2a: Xatu|Xatu, F|94/100
|move|p1a: Seismitoad|Toxic|p2a: Xatu
|move|p2a: Xatu|Toxic|p1a: Seismitoad|[from]Magic Bounce
|-status|p1a: Seismitoad|tox
|
|-heal|p2a: Xatu|99/100|[from] item: Leftovers
|-heal|p1a: Seismitoad|95/100 tox|[from] item: Leftovers
|-damage|p1a: Seismitoad|89/100 tox|[from] psn
|upkeep
|turn|6
|
|switch|p1a: Clefable|Clefable, F|100/100
|move|p2a: Xatu|Thunder Wave|p1a: Clefable
|-status|p1a: Clefable|par
|
|-heal|p2a: Xatu|100/100|[from] item: Leftovers
|upkeep
|turn|7
|
|switch|p2a: Excadrill|Excadrill, M|100/100
|-ability|p2a: Excadrill|Mold Breaker
|cant|p1a: Clefable|par
|
|upkeep
|turn|8
|
|switch|p1a: Corviknight|Corviknight, M|100/100
|move|p2a: Excadrill|Rock Slide|p1a: Corviknight|[miss]
|-miss|p2a: Excadrill|p1a: Corviknight
|
|upkeep
|turn|9
|
|move|p2a: Excadrill|Rock Slide|p1a: Corviknight
|-damage|p1a: Corviknight|75/100
|move|p1a: Corviknight|U-turn|p2a: Excadrill
|-resisted|p2a: Excadrill
|-damage|p2a: Excadrill|89/100
|
|switch|p1a: Hawlucha|Hawlucha, M|100/100|[from]move: U-turn
|
|upkeep
|turn|10
|
|switch|p2a: Xatu|Xatu, F|100/100
|move|p1a: Hawlucha|Close Combat|p2a: Xatu
|-resisted|p2a: Xatu
|-crit|p2a: Xatu
|-damage|p2a: Xatu|82/100
|-unboost|p1a: Hawlucha|def|1
|-unboost|p1a: Hawlucha|spd|1
|
|-heal|p2a: Xatu|88/100|[from] item: Leftovers
|upkeep
|turn|11
|
|switch|p1a: Seismitoad|Seismitoad, F|89/100 tox
|move|p2a: Xatu|Night Shade|p1a: Seismitoad
|-damage|p1a: Seismitoad|65/100 tox
|
|-heal|p2a: Xatu|94/100|[from] item: Leftovers
|-heal|p1a: Seismitoad|71/100 tox|[from] item: Leftovers
|-damage|p1a: Seismitoad|65/100 tox|[from] psn
|upkeep
|turn|12
|
|move|p2a: Xatu|Night Shade|p1a: Seismitoad
|-damage|p1a: Seismitoad|41/100 tox
|move|p1a: Seismitoad|Scald|p2a: Xatu
|-damage|p2a: Xatu|62/100
|
|-heal|p2a: Xatu|68/100|[from] item: Leftovers
|-heal|p1a: Seismitoad|47/100 tox|[from] item: Leftovers
|-damage|p1a: Seismitoad|35/100 tox|[from] psn
|upkeep
|turn|13
|
|switch|p2a: Lapras|Lapras, F|100/100
|move|p1a: Seismitoad|Scald|p2a: Lapras
|-immune|p2a: Lapras|[from] ability: Water Absorb
|
|-heal|p1a: Seismitoad|41/100 tox|[from] item: Leftovers
|-damage|p1a: Seismitoad|22/100 tox|[from] psn
|upkeep
|turn|14
|
|switch|p2a: Xatu|Xatu, F|68/100
|move|p1a: Seismitoad|Toxic|p2a: Xatu
|move|p2a: Xatu|Toxic|p1a: Seismitoad|[from]Magic Bounce
|-fail|p1a: Seismitoad|tox
|
|-heal|p2a: Xatu|74/100|[from] item: Leftovers
|-heal|p1a: Seismitoad|29/100 tox|[from] item: Leftovers
|-damage|p1a: Seismitoad|4/100 tox|[from] psn
|upkeep
|turn|15
|
|move|p2a: Xatu|Night Shade|p1a: Seismitoad
|-damage|p1a: Seismitoad|0 fnt
|faint|p1a: Seismitoad
|
|-heal|p2a: Xatu|80/100|[from] item: Leftovers
|upkeep
|
|switch|p1a: Dragapult|Dragapult, M|100/100
|turn|16
|
|switch|p2a: Lapras|Lapras, F|100/100
|move|p1a: Dragapult|Substitute|p1a: Dragapult
|-start|p1a: Dragapult|Substitute
|-damage|p1a: Dragapult|76/100
|
|-heal|p1a: Dragapult|82/100|[from] item: Leftovers
|upkeep
|turn|17
|
|move|p1a: Dragapult|Will-O-Wisp|p2a: Lapras
|-status|p2a: Lapras|brn
|move|p2a: Lapras|Attract|p1a: Dragapult
|-start|p1a: Dragapult|Attract
|
|-heal|p1a: Dragapult|88/100|[from] item: Leftovers
|-damage|p2a: Lapras|94/100 brn|[from] brn
|upkeep
|turn|18
|
|-activate|p1a: Dragapult|move: Attract|[of] p2a: Lapras
|move|p1a: Dragapult|Hex|p2a: Lapras
|-crit|p2a: Lapras
|-damage|p2a: Lapras|55/100 brn
|move|p2a: Lapras|Freeze-Dry|p1a: Dragapult
|-supereffective|p1a: Dragapult
|-end|p1a: Dragapult|Substitute
|
|-heal|p1a: Dragapult|94/100|[from] item: Leftovers
|-heal|p2a: Lapras|62/100 brn|[from] item: Leftovers
|-damage|p2a: Lapras|55/100 brn|[from] brn
|upkeep
|turn|19
|
|switch|p1a: Corviknight|Corviknight, M|75/100
|move|p2a: Lapras|Rest|p2a: Lapras
|-status|p2a: Lapras|slp|[from] move: Rest
|-heal|p2a: Lapras|100/100 slp|[silent]
|
|-heal|p1a: Corviknight|81/100|[from] item: Leftovers
|upkeep
|turn|20
|
|switch|p2a: Excadrill|Excadrill, M|89/100
|-ability|p2a: Excadrill|Mold Breaker
|move|p1a: Corviknight|U-turn|p2a: Excadrill
|-resisted|p2a: Excadrill
|-damage|p2a: Excadrill|79/100
|
|switch|p1a: Dragapult|Dragapult, M|94/100|[from]move: U-turn
|
|-heal|p1a: Dragapult|99/100|[from] item: Leftovers
|upkeep
|turn|21
|
|switch|p2a: Lapras|Lapras, F|100/100 slp
|move|p1a: Dragapult|Substitute|p1a: Dragapult
|-start|p1a: Dragapult|Substitute
|-damage|p1a: Dragapult|75/100
|
|-heal|p1a: Dragapult|81/100|[from] item: Leftovers
|upkeep
|turn|22
|
|move|p1a: Dragapult|Hex|p2a: Lapras
|-damage|p2a: Lapras|78/100 slp
|cant|p2a: Lapras|slp
|move|p2a: Lapras|Sleep Talk|p2a: Lapras
|move|p2a: Lapras|Attract|p1a: Dragapult|[from]Sleep Talk
|-start|p1a: Dragapult|Attract
|
|-heal|p1a: Dragapult|87/100|[from] item: Leftovers
|-heal|p2a: Lapras|84/100 slp|[from] item: Leftovers
|upkeep
|turn|23
|
|-activate|p1a: Dragapult|move: Attract|[of] p2a: Lapras
|move|p1a: Dragapult|Hex|p2a: Lapras
|-damage|p2a: Lapras|60/100 slp
|cant|p2a: Lapras|slp
|move|p2a: Lapras|Sleep Talk|p2a: Lapras
|move|p2a: Lapras|Attract||[from]Sleep Talk|[still]
|-fail|p2a: Lapras
|
|-heal|p1a: Dragapult|93/100|[from] item: Leftovers
|-heal|p2a: Lapras|67/100 slp|[from] item: Leftovers
|upkeep
|turn|24
|
|-activate|p1a: Dragapult|move: Attract|[of] p2a: Lapras
|cant|p1a: Dragapult|Attract
|-curestatus|p2a: Lapras|slp|[msg]
|move|p2a: Lapras|Freeze-Dry|p1a: Dragapult
|-supereffective|p1a: Dragapult
|-crit|p1a: Dragapult
|-end|p1a: Dragapult|Substitute
|
|-heal|p1a: Dragapult|99/100|[from] item: Leftovers
|-heal|p2a: Lapras|73/100|[from] item: Leftovers
|upkeep
|turn|25
|
|switch|p1a: Indeedee|Indeedee, M|100/100
|-fieldstart|move: Psychic Terrain|[from] ability: Psychic Surge|[of] p1a: Indeedee
|move|p2a: Lapras|Freeze-Dry|p1a: Indeedee
|-damage|p1a: Indeedee|72/100
|
|-heal|p2a: Lapras|79/100|[from] item: Leftovers
|upkeep
|turn|26
|
|switch|p2a: Grimmsnarl|Grimmsnarl, M|100/100
|move|p1a: Indeedee|Dazzling Gleam|p2a: Grimmsnarl
|-supereffective|p2a: Grimmsnarl
|-crit|p2a: Grimmsnarl
|-damage|p2a: Grimmsnarl|11/100
|
|upkeep
|turn|27
|
|move|p2a: Grimmsnarl|Reflect|p2a: Grimmsnarl
|-sidestart|p2: BOX CRUSHER|Reflect
|move|p1a: Indeedee|Dazzling Gleam|p2a: Grimmsnarl
|-supereffective|p2a: Grimmsnarl
|-damage|p2a: Grimmsnarl|0 fnt
|faint|p2a: Grimmsnarl
|
|upkeep
|inactive|BOX CRUSHER has 120 seconds left.
|
|switch|p2a: Trevenant|Trevenant, M|100/100
|turn|28
|
|move|p2a: Trevenant|Protect|p2a: Trevenant
|-singleturn|p2a: Trevenant|Protect
|move|p1a: Indeedee|Psyshock|p2a: Trevenant
|-activate|p2a: Trevenant|move: Protect
|
|upkeep
|turn|29
|
|move|p1a: Indeedee|Psyshock|p2a: Trevenant
|-damage|p2a: Trevenant|48/100
|-enditem|p2a: Trevenant|Sitrus Berry|[eat]
|-heal|p2a: Trevenant|73/100|[from] item: Sitrus Berry
|move|p2a: Trevenant|Substitute|p2a: Trevenant
|-start|p2a: Trevenant|Substitute
|-damage|p2a: Trevenant|48/100
|
|-fieldend|move: Psychic Terrain
|-item|p2a: Trevenant|Sitrus Berry|[from] ability: Harvest
|upkeep
|-enditem|p2a: Trevenant|Sitrus Berry|[eat]
|-heal|p2a: Trevenant|73/100|[from] item: Sitrus Berry
|turn|30
|
|move|p1a: Indeedee|Psyshock|p2a: Trevenant
|-end|p2a: Trevenant|Substitute
|move|p2a: Trevenant|Horn Leech|p1a: Indeedee
|-crit|p1a: Indeedee
|-damage|p1a: Indeedee|0 fnt
|-heal|p2a: Trevenant|98/100|[from] drain|[of] p1a: Indeedee
|faint|p1a: Indeedee
|
|upkeep
|
|switch|p1a: Hawlucha|Hawlucha, M|100/100
|turn|31
|
|switch|p2a: Xatu|Xatu, F|80/100
|move|p1a: Hawlucha|Acrobatics|p2a: Xatu
|-damage|p2a: Xatu|68/100
|
|-heal|p2a: Xatu|74/100|[from] item: Leftovers
|upkeep
|turn|32
|
|switch|p1a: Dragapult|Dragapult, M|99/100
|move|p2a: Xatu|Thunder Wave|p1a: Dragapult
|-status|p1a: Dragapult|par
|
|-heal|p2a: Xatu|80/100|[from] item: Leftovers
|-heal|p1a: Dragapult|100/100 par|[from] item: Leftovers
|upkeep
|turn|33
|
|switch|p2a: Lapras|Lapras, F|79/100
|move|p1a: Dragapult|Substitute|p1a: Dragapult
|-start|p1a: Dragapult|Substitute
|-damage|p1a: Dragapult|76/100 par
|
|-heal|p1a: Dragapult|82/100 par|[from] item: Leftovers
|-heal|p2a: Lapras|85/100|[from] item: Leftovers
|upkeep
|turn|34
|
|move|p1a: Dragapult|Disable||[still]
|-fail|p1a: Dragapult
|move|p2a: Lapras|Attract|p1a: Dragapult
|-start|p1a: Dragapult|Attract
|
|-heal|p1a: Dragapult|88/100 par|[from] item: Leftovers
|-heal|p2a: Lapras|92/100|[from] item: Leftovers
|-sideend|p2: BOX CRUSHER|Reflect
|upkeep
|turn|35
|-message|FFFFFFpaper forfeited.
|
|win|BOX CRUSHER
|l|☆FFFFFFpaper
|raw|FFFFFFpaper's rating: 1351 → 1333(-18 for losing)
|raw|BOX CRUSHER's rating: 1377 → 1395(+18 for winning)
