|ScrapeTime|2020-01-01-02:25:18
|j|☆GrindGG
|j|☆snowydabeast27
|player|p1|GrindGG|archer|1292
|player|p2|snowydabeast27|burglar|1294
|teamsize|p1|6
|teamsize|p2|6
|gametype|singles
|gen|8
|tier|[Gen 8] OU
|rated|
|rule|Sleep Clause Mod: Limit one foe put to sleep
|rule|Species Clause: Limit one of each Pokémon
|rule|OHKO Clause: OHKO moves are banned
|rule|Evasion Moves Clause: Evasion moves are banned
|rule|Endless Battle Clause: Forcing endless battles is banned
|rule|HP Percentage Mod: HP is shown in percentages
|clearpoke
|poke|p1|Rillaboom, F|
|poke|p1|Clefable, F|
|poke|p1|Sandaconda, F|
|poke|p1|Rotom-Heat|
|poke|p1|Lapras, F|
|poke|p1|Mandibuzz, F|
|poke|p2|Toxtricity, M|
|poke|p2|Chandelure, F|
|poke|p2|Roserade, F|
|poke|p2|Corviknight, M|
|poke|p2|Dragapult, M|
|poke|p2|Lucario, M|
|rule|Dynamax Clause: You cannot dynamax
|teampreview
|j| IDESPISEWHITES
|inactive|Battle timer is ON: inactive players will automatically lose when time's up. (requested by snowydabeast27)
|
|start
|switch|p1a: Mandibuzz|Mandibuzz, F|100/100
|switch|p2a: cumsack|Roserade, F, shiny|100/100
|turn|1
|
|move|p2a: cumsack|Substitute|p2a: cumsack
|-start|p2a: cumsack|Substitute
|-damage|p2a: cumsack|76/100
|move|p1a: Mandibuzz|Foul Play|p2a: cumsack
|-end|p2a: cumsack|Substitute
|
|-heal|p2a: cumsack|82/100|[from] item: Black Sludge
|upkeep
|turn|2
|
|switch|p2a: dont care|Toxtricity, M, shiny|100/100
|move|p1a: Mandibuzz|Foul Play|p2a: dont care
|-damage|p2a: dont care|67/100
|
|upkeep
|turn|3
|
|move|p1a: Mandibuzz|Foul Play|p2a: dont care
|-damage|p2a: dont care|35/100
|move|p2a: dont care|Boomburst|p1a: Mandibuzz
|-damage|p1a: Mandibuzz|43/100
|
|upkeep
|turn|4
|
|switch|p1a: Rillaboom|Rillaboom, F|100/100
|move|p2a: dont care|Boomburst|p1a: Rillaboom
|-damage|p1a: Rillaboom|30/100
|
|upkeep
|turn|5
|
|move|p1a: Rillaboom|Earthquake|p2a: dont care
|-supereffective|p2a: dont care
|-damage|p2a: dont care|0 fnt
|faint|p2a: dont care
|
|upkeep
|
|switch|p2a: cumsack|Roserade, F, shiny|82/100
|turn|6
|
|move|p2a: cumsack|Sludge Bomb|p1a: Rillaboom
|-supereffective|p1a: Rillaboom
|-damage|p1a: Rillaboom|0 fnt
|faint|p1a: Rillaboom
|
|-heal|p2a: cumsack|88/100|[from] item: Black Sludge
|upkeep
|
|switch|p1a: Mandibuzz|Mandibuzz, F|43/100
|turn|7
|
|move|p2a: cumsack|Sludge Bomb|p1a: Mandibuzz
|-damage|p1a: Mandibuzz|14/100
|-status|p1a: Mandibuzz|psn
|move|p1a: Mandibuzz|Roost|p1a: Mandibuzz
|-heal|p1a: Mandibuzz|64/100 psn
|-singleturn|p1a: Mandibuzz|move: Roost
|
|-heal|p2a: cumsack|94/100|[from] item: Black Sludge
|-damage|p1a: Mandibuzz|51/100 psn|[from] psn
|upkeep
|turn|8
|
|switch|p2a: cocknight|Corviknight, M, shiny|100/100
|move|p1a: Mandibuzz|Roost|p1a: Mandibuzz
|-heal|p1a: Mandibuzz|100/100 psn
|-singleturn|p1a: Mandibuzz|move: Roost
|
|-damage|p1a: Mandibuzz|88/100 psn|[from] psn
|upkeep
|turn|9
|
|switch|p1a: Rotom|Rotom-Heat|100/100
|switch|p2a: bruh|Lucario, M, shiny|100/100
|
|upkeep
|turn|10
|
|switch|p2a: no.|Chandelure, F, shiny|100/100
|move|p1a: Rotom|Shadow Ball|p2a: no.
|-supereffective|p2a: no.
|-damage|p2a: no.|30/100
|
|upkeep
|turn|11
|
|switch|p1a: Mandibuzz|Mandibuzz, F|88/100 psn
|move|p2a: no.|Shadow Ball|p1a: Mandibuzz
|-resisted|p1a: Mandibuzz
|-damage|p1a: Mandibuzz|75/100 psn
|
|-damage|p1a: Mandibuzz|63/100 psn|[from] psn
|upkeep
|turn|12
|
|switch|p2a: bruh|Lucario, M, shiny|100/100
|move|p1a: Mandibuzz|Foul Play|p2a: bruh
|-resisted|p2a: bruh
|-damage|p2a: bruh|66/100
|-ability|p2a: bruh|Justified|boost
|-boost|p2a: bruh|atk|1
|
|-damage|p1a: Mandibuzz|50/100 psn|[from] psn
|upkeep
|turn|13
|
|switch|p1a: Sandaconda|Sandaconda, F|100/100
|move|p2a: bruh|Meteor Mash|p1a: Sandaconda
|-damage|p1a: Sandaconda|52/100
|-damage|p2a: bruh|56/100|[from] item: Life Orb
|
|-heal|p1a: Sandaconda|58/100|[from] item: Leftovers
|upkeep
|turn|14
|
|move|p2a: bruh|High Jump Kick|p1a: Sandaconda
|-damage|p1a: Sandaconda|0 fnt
|-damage|p2a: bruh|46/100|[from] item: Life Orb
|faint|p1a: Sandaconda
|
|upkeep
|
|switch|p1a: Rotom|Rotom-Heat|100/100
|turn|15
|
|move|p2a: bruh|High Jump Kick|p1a: Rotom
|-damage|p1a: Rotom|0 fnt
|-damage|p2a: bruh|36/100|[from] item: Life Orb
|faint|p1a: Rotom
|
|upkeep
|c|☆snowydabeast27|gg
|
|switch|p1a: Mandibuzz|Mandibuzz, F|50/100 psn
|turn|16
|
|move|p2a: bruh|High Jump Kick|p1a: Mandibuzz
|-damage|p1a: Mandibuzz|0 fnt
|-damage|p2a: bruh|26/100|[from] item: Life Orb
|faint|p1a: Mandibuzz
|
|upkeep
|c| IDESPISEWHITES|PRESS X.
|c| IDESPISEWHITES|YOU GOT 5 - 0
|c| IDESPISEWHITES|BITCH
|inactive|GrindGG has 120 seconds left.
|
|switch|p1a: Lapras|Lapras, F|100/100
|turn|17
|
|move|p2a: bruh|High Jump Kick|p1a: Lapras
|-supereffective|p1a: Lapras
|-damage|p1a: Lapras|0 fnt
|-damage|p2a: bruh|17/100|[from] item: Life Orb
|faint|p1a: Lapras
|
|upkeep
|
|switch|p1a: Clefable|Clefable, F|100/100
|turn|18
|c| IDESPISEWHITES|STOP THINKING SO HARD
|c| IDESPISEWHITES|EZ 5 - 0
|
|move|p2a: bruh|Meteor Mash|p1a: Clefable
|-supereffective|p1a: Clefable
|-damage|p1a: Clefable|0 fnt
|-damage|p2a: bruh|7/100|[from] item: Life Orb
|faint|p1a: Clefable
|
|win|snowydabeast27
|c| IDESPISEWHITES|DUMB BITCh
|raw|GrindGG's rating: 1292 → 1267(-25 for losing)
|raw|snowydabeast27's rating: 1294 → 1318(+24 for winning)
