|ScrapeTime|2020-01-01-00:45:11
|j|☆Dabattle
|j|☆Hallop
|player|p1|Dabattle|102|1001
|player|p2|Hallop|102|1000
|teamsize|p1|6
|teamsize|p2|6
|gametype|singles
|gen|8
|tier|[Gen 8] OU
|rated|
|rule|Sleep Clause Mod: Limit one foe put to sleep
|rule|Species Clause: Limit one of each Pokémon
|rule|OHKO Clause: OHKO moves are banned
|rule|Evasion Moves Clause: Evasion moves are banned
|rule|Endless Battle Clause: Forcing endless battles is banned
|rule|HP Percentage Mod: HP is shown in percentages
|clearpoke
|poke|p1|Cursola, M|
|poke|p1|Indeedee, L1, M|
|poke|p1|Accelgor, M|
|poke|p1|Cinderace, M|
|poke|p1|Corsola-Galar, F|
|poke|p1|Cloyster, M|
|poke|p2|Steelix, F|
|poke|p2|Hatterene, F|
|poke|p2|Chandelure, F|
|poke|p2|Cursola, M|
|poke|p2|Greedent, F|
|poke|p2|Arctozolt|
|rule|Dynamax Clause: You cannot dynamax
|teampreview
|
|start
|switch|p1a: Accelgor|Accelgor, M|100/100
|switch|p2a: Chandelure|Chandelure, F, shiny|100/100
|turn|1
|
|move|p1a: Accelgor|Toxic Spikes|p2a: Chandelure
|-sidestart|p2: Hallop|move: Toxic Spikes
|move|p2a: Chandelure|Trick Room|p2a: Chandelure
|-fieldstart|move: Trick Room|[of] p2a: Chandelure
|
|upkeep
|turn|2
|
|move|p2a: Chandelure|Heat Wave|p1a: Accelgor
|-supereffective|p1a: Accelgor
|-damage|p1a: Accelgor|0 fnt
|faint|p1a: Accelgor
|
|upkeep
|
|switch|p1a: Indeedee|Indeedee, L1, M|100/100
|turn|3
|
|move|p1a: Indeedee|Psychic Terrain|p1a: Indeedee
|-fieldstart|move: Psychic Terrain
|move|p2a: Chandelure|Shadow Ball|p1a: Indeedee
|-immune|p1a: Indeedee
|
|upkeep
|turn|4
|
|move|p1a: Indeedee|Encore|p2a: Chandelure
|-start|p2a: Chandelure|Encore
|move|p2a: Chandelure|Shadow Ball|p1a: Indeedee
|-immune|p1a: Indeedee
|
|upkeep
|turn|5
|
|switch|p2a: Hatterene|Hatterene, F|100/100
|-status|p2a: Hatterene|psn
|move|p1a: Indeedee|Substitute|p1a: Indeedee
|-start|p1a: Indeedee|Substitute
|-damage|p1a: Indeedee|75/100
|
|-damage|p2a: Hatterene|88/100 psn|[from] psn
|-fieldend|move: Trick Room
|upkeep
|turn|6
|
|switch|p2a: Chandelure|Chandelure, F, shiny|100/100
|-status|p2a: Chandelure|psn
|move|p1a: Indeedee|Encore||[still]
|-fail|p1a: Indeedee
|
|-damage|p2a: Chandelure|88/100 psn|[from] psn
|upkeep
|turn|7
|
|move|p2a: Chandelure|Heat Wave|p1a: Indeedee
|-damage|p1a: Indeedee|0 fnt
|faint|p1a: Indeedee
|
|-damage|p2a: Chandelure|76/100 psn|[from] psn
|-fieldend|move: Psychic Terrain
|upkeep
|
|switch|p1a: CURSESOULa|Cursola, M, shiny|100/100
|turn|8
|
|move|p1a: CURSESOULa|Calm Mind|p1a: CURSESOULa
|-boost|p1a: CURSESOULa|spa|1
|-boost|p1a: CURSESOULa|spd|1
|move|p2a: Chandelure|Shadow Ball|p1a: CURSESOULa
|-supereffective|p1a: CURSESOULa
|-damage|p1a: CURSESOULa|49/100
|-enditem|p1a: CURSESOULa|Weakness Policy
|-boost|p1a: CURSESOULa|atk|2
|-boost|p1a: CURSESOULa|spa|2
|
|-damage|p2a: Chandelure|63/100 psn|[from] psn
|upkeep
|turn|9
|
|move|p1a: CURSESOULa|Shadow Ball|p2a: Chandelure
|-supereffective|p2a: Chandelure
|-damage|p2a: Chandelure|0 fnt
|faint|p2a: Chandelure
|
|upkeep
|
|switch|p2a: Greedent|Greedent, F|100/100
|-status|p2a: Greedent|psn
|turn|10
|
|move|p1a: CURSESOULa|Earth Power|p2a: Greedent
|-damage|p2a: Greedent|33/100 psn
|move|p2a: Greedent|Crunch|p1a: CURSESOULa
|-supereffective|p1a: CURSESOULa
|-damage|p1a: CURSESOULa|0 fnt
|faint|p1a: CURSESOULa
|
|-damage|p2a: Greedent|20/100 psn|[from] psn
|upkeep
|-enditem|p2a: Greedent|Aguav Berry|[eat]
|-heal|p2a: Greedent|53/100 psn|[from] item: Aguav Berry
|-heal|p2a: Greedent|87/100 psn|[from] ability: Cheek Pouch
|
|switch|p1a: Cinderace|Cinderace, M|100/100
|turn|11
|
|move|p1a: Cinderace|Pyro Ball|p2a: Greedent
|-damage|p2a: Greedent|8/100 psn
|move|p2a: Greedent|Body Slam|p1a: Cinderace
|-damage|p1a: Cinderace|41/100
|-status|p1a: Cinderace|par
|
|-damage|p2a: Greedent|0 fnt|[from] psn
|faint|p2a: Greedent
|upkeep
|
|switch|p2a: Hatterene|Hatterene, F|88/100 psn
|turn|12
|
|move|p1a: Cinderace|Pyro Ball|p2a: Hatterene
|-damage|p2a: Hatterene|0 fnt
|faint|p2a: Hatterene
|
|upkeep
|
|switch|p2a: Steelix|Steelix, F|100/100
|turn|13
|
|cant|p1a: Cinderace|par
|move|p2a: Steelix|Earthquake|p1a: Cinderace
|-supereffective|p1a: Cinderace
|-damage|p1a: Cinderace|0 fnt
|faint|p1a: Cinderace
|
|upkeep
|
|switch|p1a: Corsola|Corsola-Galar, F|100/100
|turn|14
|
|move|p1a: Corsola|Will-O-Wisp|p2a: Steelix
|-status|p2a: Steelix|brn
|move|p2a: Steelix|Head Smash|p1a: Corsola
|-damage|p1a: Corsola|89/100
|-damage|p2a: Steelix|95/100 brn|[from] Recoil
|
|-damage|p2a: Steelix|89/100 brn|[from] brn
|upkeep
|turn|15
|
|switch|p1a: Cloyster|Cloyster, M|100/100
|switch|p2a: Cursola|Cursola, M|100/100
|-status|p2a: Cursola|psn
|
|-damage|p2a: Cursola|88/100 psn|[from] psn
|upkeep
|turn|16
|
|move|p1a: Cloyster|Shell Smash|p1a: Cloyster
|-unboost|p1a: Cloyster|def|1
|-unboost|p1a: Cloyster|spd|1
|-boost|p1a: Cloyster|atk|2
|-boost|p1a: Cloyster|spa|2
|-boost|p1a: Cloyster|spe|2
|-enditem|p1a: Cloyster|White Herb
|-clearnegativeboost|p1a: Cloyster|[silent]
|move|p2a: Cursola|Ice Beam|p1a: Cloyster
|-resisted|p1a: Cloyster
|-damage|p1a: Cloyster|64/100
|
|-damage|p2a: Cursola|76/100 psn|[from] psn
|upkeep
|turn|17
|
|move|p1a: Cloyster|Liquidation|p2a: Cursola
|-damage|p2a: Cursola|0 fnt
|-ability|p2a: Cursola|Perish Body
|-start|p2a: Cursola|perish3
|-start|p1a: Cloyster|perish3
|faint|p2a: Cursola
|
|-start|p1a: Cloyster|perish3
|upkeep
|
|switch|p2a: Steelix|Steelix, F|89/100 brn
|turn|18
|
|move|p1a: Cloyster|Liquidation|p2a: Steelix
|-supereffective|p2a: Steelix
|-damage|p2a: Steelix|3/100 brn
|move|p2a: Steelix|Thunder Fang|p1a: Cloyster
|-supereffective|p1a: Cloyster
|-damage|p1a: Cloyster|51/100
|
|-damage|p2a: Steelix|0 fnt|[from] brn
|faint|p2a: Steelix
|-start|p1a: Cloyster|perish2
|upkeep
|
|switch|p2a: Arctozolt|Arctozolt|100/100
|-status|p2a: Arctozolt|psn
|turn|19
|
|move|p1a: Cloyster|Liquidation|p2a: Arctozolt
|-damage|p2a: Arctozolt|15/100 psn
|move|p2a: Arctozolt|Thunder Wave|p1a: Cloyster
|-status|p1a: Cloyster|par
|
|-damage|p2a: Arctozolt|3/100 psn|[from] psn
|-start|p1a: Cloyster|perish1
|upkeep
|turn|20
|-message|Hallop forfeited.
|
|win|Dabattle
|l|☆Hallop
|raw|Dabattle's rating: 1000 → 1040(+40 for winning)
|raw|Hallop's rating: 1000 → 1000(+0 for losing)
