|ScrapeTime|2020-01-01-03:06:31
|j|☆Peacanator
|j|☆Lattes
|player|p1|Peacanator|preschooler|1421
|player|p2|Lattes|179|1473
|teamsize|p1|6
|teamsize|p2|6
|gametype|singles
|gen|8
|tier|[Gen 8] OU
|rated|
|rule|Sleep Clause Mod: Limit one foe put to sleep
|rule|Species Clause: Limit one of each Pokémon
|rule|OHKO Clause: OHKO moves are banned
|rule|Evasion Moves Clause: Evasion moves are banned
|rule|Endless Battle Clause: Forcing endless battles is banned
|rule|HP Percentage Mod: HP is shown in percentages
|clearpoke
|poke|p1|Dracovish|
|poke|p1|Dragapult, F|
|poke|p1|Ferrothorn, M|
|poke|p1|Toxapex, F|
|poke|p1|Aegislash, F|
|poke|p1|Sylveon, F|
|poke|p2|Clefable, M|
|poke|p2|Dragapult, M|
|poke|p2|Mandibuzz, F|
|poke|p2|Ferrothorn, F|
|poke|p2|Seismitoad, F|
|poke|p2|Conkeldurr, F|
|rule|Dynamax Clause: You cannot dynamax
|teampreview
|inactive|Battle timer is ON: inactive players will automatically lose when time's up. (requested by Lattes)
|
|start
|switch|p1a: Ferrothorn|Ferrothorn, M|100/100
|switch|p2a: Clefable|Clefable, M|100/100
|turn|1
|
|move|p1a: Ferrothorn|Protect|p1a: Ferrothorn
|-singleturn|p1a: Ferrothorn|Protect
|move|p2a: Clefable|Flamethrower|p1a: Ferrothorn
|-activate|p1a: Ferrothorn|move: Protect
|
|upkeep
|turn|2
|
|switch|p1a: Toxapex|Toxapex, F|100/100
|move|p2a: Clefable|Flamethrower|p1a: Toxapex
|-resisted|p1a: Toxapex
|-damage|p1a: Toxapex|85/100
|
|-heal|p1a: Toxapex|91/100|[from] item: Black Sludge
|upkeep
|turn|3
|
|move|p2a: Clefable|Thunderbolt|p1a: Toxapex
|-supereffective|p1a: Toxapex
|-damage|p1a: Toxapex|27/100
|move|p1a: Toxapex|Toxic|p2a: Clefable
|-status|p2a: Clefable|tox
|
|-heal|p1a: Toxapex|33/100|[from] item: Black Sludge
|upkeep
|turn|4
|
|switch|p1a: Ferrothorn|Ferrothorn, M|100/100
|move|p2a: Clefable|Flamethrower|p1a: Ferrothorn
|-supereffective|p1a: Ferrothorn
|-damage|p1a: Ferrothorn|0 fnt
|faint|p1a: Ferrothorn
|
|upkeep
|
|switch|p1a: Dracovish|Dracovish|100/100
|turn|5
|
|switch|p2a: Seismitoad|Seismitoad, F|100/100
|move|p1a: Dracovish|Fishious Rend|p2a: Seismitoad
|-immune|p2a: Seismitoad|[from] ability: Water Absorb
|
|upkeep
|turn|6
|-message|Peacanator forfeited.
|
|win|Lattes
|l|☆Peacanator
