|ScrapeTime|2020-01-01-04:25:14
|j|☆SroudDuors
|j|☆PrivateGirs
|player|p1|SroudDuors|elesa|1354
|player|p2|PrivateGirs|165|1364
|teamsize|p1|6
|teamsize|p2|6
|gametype|singles
|gen|8
|tier|[Gen 8] OU
|rated|
|rule|Sleep Clause Mod: Limit one foe put to sleep
|rule|Species Clause: Limit one of each Pokémon
|rule|OHKO Clause: OHKO moves are banned
|rule|Evasion Moves Clause: Evasion moves are banned
|rule|Endless Battle Clause: Forcing endless battles is banned
|rule|HP Percentage Mod: HP is shown in percentages
|clearpoke
|poke|p1|Hatterene, F|
|poke|p1|Dragapult, F|
|poke|p1|Mandibuzz, F|
|poke|p1|Haxorus, F|
|poke|p1|Jellicent, F|
|poke|p1|Cinderace, F|
|poke|p2|Hydreigon, M|
|poke|p2|Grimmsnarl, M|
|poke|p2|Corviknight, F|
|poke|p2|Corsola-Galar, F|
|poke|p2|Seismitoad, F|
|poke|p2|Drapion, F|
|rule|Dynamax Clause: You cannot dynamax
|teampreview
|inactive|Battle timer is ON: inactive players will automatically lose when time's up. (requested by SroudDuors)
|
|start
|switch|p1a: Haxorus|Haxorus, F, shiny|100/100
|switch|p2a: Drapion|Drapion, F|100/100
|-ability|p1a: Haxorus|Mold Breaker
|turn|1
|
|switch|p1a: Cinderace|Cinderace, F|100/100
|move|p2a: Drapion|Knock Off|p1a: Cinderace
|-damage|p1a: Cinderace|34/100
|-enditem|p1a: Cinderace|Heavy-Duty Boots|[from] move: Knock Off|[of] p2a: Drapion
|
|upkeep
|turn|2
|
|move|p2a: Drapion|Knock Off|p1a: Cinderace
|-damage|p1a: Cinderace|0 fnt
|faint|p1a: Cinderace
|
|upkeep
|
|switch|p1a: Mandibuzz|Mandibuzz, F|100/100
|turn|3
|
|move|p2a: Drapion|Knock Off|p1a: Mandibuzz
|-resisted|p1a: Mandibuzz
|-damage|p1a: Mandibuzz|88/100
|-damage|p2a: Drapion|84/100|[from] item: Rocky Helmet|[of] p1a: Mandibuzz
|-enditem|p1a: Mandibuzz|Rocky Helmet|[from] move: Knock Off|[of] p2a: Drapion
|move|p1a: Mandibuzz|Foul Play|p2a: Drapion
|-resisted|p2a: Drapion
|-damage|p2a: Drapion|61/100
|
|upkeep
|turn|4
|
|switch|p2a: Corviknight|Corviknight, F|100/100
|-ability|p2a: Corviknight|Pressure
|move|p1a: Mandibuzz|Taunt|p2a: Corviknight
|-start|p2a: Corviknight|move: Taunt
|
|upkeep
|turn|5
|
|switch|p2a: Hydreigon|Hydreigon, M|100/100
|move|p1a: Mandibuzz|Foul Play|p2a: Hydreigon
|-resisted|p2a: Hydreigon
|-damage|p2a: Hydreigon|83/100
|
|upkeep
|turn|6
|
|move|p2a: Hydreigon|U-turn|p1a: Mandibuzz
|-damage|p1a: Mandibuzz|79/100
|
|switch|p2a: Grimmsnarl|Grimmsnarl, M|100/100|[from]move: U-turn
|move|p1a: Mandibuzz|Taunt|p2a: Grimmsnarl
|-start|p2a: Grimmsnarl|move: Taunt
|
|upkeep
|turn|7
|
|move|p1a: Mandibuzz|Toxic|p2a: Grimmsnarl
|-status|p2a: Grimmsnarl|tox
|move|p2a: Grimmsnarl|Spirit Break|p1a: Mandibuzz
|-supereffective|p1a: Mandibuzz
|-damage|p1a: Mandibuzz|30/100
|-unboost|p1a: Mandibuzz|spa|1
|
|-damage|p2a: Grimmsnarl|94/100 tox|[from] psn
|upkeep
|turn|8
|
|move|p1a: Mandibuzz|Roost|p1a: Mandibuzz
|-heal|p1a: Mandibuzz|80/100
|-singleturn|p1a: Mandibuzz|move: Roost
|move|p2a: Grimmsnarl|Spirit Break|p1a: Mandibuzz
|-supereffective|p1a: Mandibuzz
|-damage|p1a: Mandibuzz|33/100
|-unboost|p1a: Mandibuzz|spa|1
|
|-heal|p2a: Grimmsnarl|100/100 tox|[from] item: Leftovers
|-damage|p2a: Grimmsnarl|88/100 tox|[from] psn
|-end|p2a: Grimmsnarl|move: Taunt
|upkeep
|turn|9
|
|move|p2a: Grimmsnarl|Substitute|p2a: Grimmsnarl
|-start|p2a: Grimmsnarl|Substitute
|-damage|p2a: Grimmsnarl|63/100 tox
|move|p1a: Mandibuzz|Roost|p1a: Mandibuzz
|-heal|p1a: Mandibuzz|83/100
|-singleturn|p1a: Mandibuzz|move: Roost
|
|-heal|p2a: Grimmsnarl|70/100 tox|[from] item: Leftovers
|-damage|p2a: Grimmsnarl|51/100 tox|[from] psn
|upkeep
|turn|10
|
|move|p2a: Grimmsnarl|Bulk Up|p2a: Grimmsnarl
|-boost|p2a: Grimmsnarl|atk|1
|-boost|p2a: Grimmsnarl|def|1
|move|p1a: Mandibuzz|Taunt|p2a: Grimmsnarl
|-start|p2a: Grimmsnarl|move: Taunt
|
|-heal|p2a: Grimmsnarl|57/100 tox|[from] item: Leftovers
|-damage|p2a: Grimmsnarl|33/100 tox|[from] psn
|upkeep
|turn|11
|
|move|p1a: Mandibuzz|Roost|p1a: Mandibuzz
|-heal|p1a: Mandibuzz|100/100
|-singleturn|p1a: Mandibuzz|move: Roost
|move|p2a: Grimmsnarl|Spirit Break|p1a: Mandibuzz
|-supereffective|p1a: Mandibuzz
|-damage|p1a: Mandibuzz|31/100
|-unboost|p1a: Mandibuzz|spa|1
|
|-heal|p2a: Grimmsnarl|39/100 tox|[from] item: Leftovers
|-damage|p2a: Grimmsnarl|9/100 tox|[from] psn
|upkeep
|turn|12
|
|move|p1a: Mandibuzz|Roost|p1a: Mandibuzz
|-heal|p1a: Mandibuzz|81/100
|-singleturn|p1a: Mandibuzz|move: Roost
|move|p2a: Grimmsnarl|Spirit Break|p1a: Mandibuzz
|-supereffective|p1a: Mandibuzz
|-damage|p1a: Mandibuzz|7/100
|-unboost|p1a: Mandibuzz|spa|1
|
|-heal|p2a: Grimmsnarl|15/100 tox|[from] item: Leftovers
|-damage|p2a: Grimmsnarl|0 fnt|[from] psn
|faint|p2a: Grimmsnarl
|upkeep
|
|switch|p2a: Drapion|Drapion, F|61/100
|turn|13
|
|switch|p1a: Haxorus|Haxorus, F, shiny|100/100
|-ability|p1a: Haxorus|Mold Breaker
|move|p2a: Drapion|Knock Off|p1a: Haxorus
|-damage|p1a: Haxorus|47/100
|-enditem|p1a: Haxorus|Life Orb|[from] move: Knock Off|[of] p2a: Drapion
|
|upkeep
|turn|14
|
|switch|p2a: Corviknight|Corviknight, F|100/100
|-ability|p2a: Corviknight|Pressure
|move|p1a: Haxorus|Earthquake|p2a: Corviknight
|-immune|p2a: Corviknight
|
|upkeep
|turn|15
|
|switch|p1a: Dragapult|Dragapult, F|100/100
|move|p2a: Corviknight|Bulk Up|p2a: Corviknight
|-boost|p2a: Corviknight|atk|1
|-boost|p2a: Corviknight|def|1
|
|upkeep
|turn|16
|
|move|p1a: Dragapult|Flamethrower|p2a: Corviknight
|-supereffective|p2a: Corviknight
|-damage|p2a: Corviknight|37/100
|move|p2a: Corviknight|Brave Bird|p1a: Dragapult
|-damage|p1a: Dragapult|21/100
|-damage|p2a: Corviknight|17/100|[from] Recoil
|
|-heal|p2a: Corviknight|23/100|[from] item: Leftovers
|upkeep
|turn|17
|
|switch|p2a: Seismitoad|Seismitoad, F|100/100
|move|p1a: Dragapult|Flamethrower|p2a: Seismitoad
|-resisted|p2a: Seismitoad
|-damage|p2a: Seismitoad|79/100
|
|-heal|p2a: Seismitoad|86/100|[from] item: Leftovers
|upkeep
|turn|18
|
|switch|p1a: Hatterene|Hatterene, F|100/100
|move|p2a: Seismitoad|Earthquake|p1a: Hatterene
|-damage|p1a: Hatterene|66/100
|
|-heal|p2a: Seismitoad|92/100|[from] item: Leftovers
|-heal|p1a: Hatterene|72/100|[from] item: Leftovers
|upkeep
|turn|19
|
|switch|p2a: Drapion|Drapion, F|61/100
|move|p1a: Hatterene|Trick Room|p1a: Hatterene
|-fieldstart|move: Trick Room|[of] p1a: Hatterene
|
|-heal|p1a: Hatterene|78/100|[from] item: Leftovers
|upkeep
|turn|20
|
|move|p1a: Hatterene|Draining Kiss|p2a: Drapion
|-damage|p2a: Drapion|14/100
|-heal|p1a: Hatterene|100/100|[from] drain|[of] p2a: Drapion
|move|p2a: Drapion|Poison Jab|p1a: Hatterene
|-supereffective|p1a: Hatterene
|-damage|p1a: Hatterene|24/100
|-status|p1a: Hatterene|psn
|
|-heal|p1a: Hatterene|30/100 psn|[from] item: Leftovers
|-damage|p1a: Hatterene|18/100 psn|[from] psn
|upkeep
|turn|21
|
|switch|p2a: Corsola|Corsola-Galar, F|100/100
|move|p1a: Hatterene|Draining Kiss|p2a: Corsola
|-damage|p2a: Corsola|80/100
|-heal|p1a: Hatterene|34/100 psn|[from] drain|[of] p2a: Corsola
|
|-heal|p1a: Hatterene|40/100 psn|[from] item: Leftovers
|-damage|p1a: Hatterene|28/100 psn|[from] psn
|upkeep
|turn|22
|
|move|p1a: Hatterene|Psychic|p2a: Corsola
|-damage|p2a: Corsola|42/100
|move|p2a: Corsola|Night Shade|p1a: Hatterene
|-damage|p1a: Hatterene|0 fnt
|faint|p1a: Hatterene
|
|upkeep
|
|switch|p1a: Mandibuzz|Mandibuzz, F|7/100
|turn|23
|
|move|p2a: Corsola|Night Shade|p1a: Mandibuzz
|-damage|p1a: Mandibuzz|0 fnt
|faint|p1a: Mandibuzz
|
|-fieldend|move: Trick Room
|upkeep
|
|switch|p1a: Dragapult|Dragapult, F|21/100
|turn|24
|
|switch|p2a: Hydreigon|Hydreigon, M|83/100
|move|p1a: Dragapult|Shadow Ball|p2a: Hydreigon
|-resisted|p2a: Hydreigon
|-damage|p2a: Hydreigon|48/100
|
|upkeep
|turn|25
|
|switch|p1a: Jellicent|Jellicent, F|100/100
|move|p2a: Hydreigon|Dark Pulse|p1a: Jellicent
|-supereffective|p1a: Jellicent
|-damage|p1a: Jellicent|45/100
|
|-heal|p1a: Jellicent|51/100|[from] item: Leftovers
|upkeep
|turn|26
|
|move|p2a: Hydreigon|Dark Pulse|p1a: Jellicent
|-supereffective|p1a: Jellicent
|-damage|p1a: Jellicent|0 fnt
|faint|p1a: Jellicent
|
|upkeep
|
|switch|p1a: Haxorus|Haxorus, F, shiny|47/100
|-ability|p1a: Haxorus|Mold Breaker
|turn|27
|
|move|p1a: Haxorus|First Impression|p2a: Hydreigon
|-supereffective|p2a: Hydreigon
|-damage|p2a: Hydreigon|0 fnt
|faint|p2a: Hydreigon
|
|upkeep
|
|switch|p2a: Seismitoad|Seismitoad, F|92/100
|turn|28
|
|move|p1a: Haxorus|Earthquake|p2a: Seismitoad
|-damage|p2a: Seismitoad|66/100
|move|p2a: Seismitoad|Earthquake|p1a: Haxorus
|-damage|p1a: Haxorus|6/100
|
|-heal|p2a: Seismitoad|72/100|[from] item: Leftovers
|upkeep
|turn|29
|
|move|p1a: Haxorus|Close Combat|p2a: Seismitoad
|-damage|p2a: Seismitoad|40/100
|-unboost|p1a: Haxorus|def|1
|-unboost|p1a: Haxorus|spd|1
|move|p2a: Seismitoad|Scald|p1a: Haxorus
|-resisted|p1a: Haxorus
|-damage|p1a: Haxorus|0 fnt
|faint|p1a: Haxorus
|
|-heal|p2a: Seismitoad|46/100|[from] item: Leftovers
|upkeep
|
|switch|p1a: Dragapult|Dragapult, F|21/100
|turn|30
|
|move|p1a: Dragapult|Shadow Ball|p2a: Seismitoad
|-damage|p2a: Seismitoad|0 fnt
|faint|p2a: Seismitoad
|
|upkeep
|
|switch|p2a: Drapion|Drapion, F|14/100
|turn|31
|-message|SroudDuors forfeited.
|
|win|PrivateGirs
|l|☆SroudDuors
|raw|SroudDuors's rating: 1354 → 1335(-19 for losing)
|raw|PrivateGirs's rating: 1364 → 1384(+20 for winning)
