|ScrapeTime|2020-01-01-02:14:52
|j|☆silly daddy
|j|☆Hydranator
|player|p1|silly daddy|karen-gen2|1610
|player|p2|Hydranator|cheryl|1527
|teamsize|p1|6
|teamsize|p2|6
|gametype|singles
|gen|8
|tier|[Gen 8] OU
|rated|
|rule|Sleep Clause Mod: Limit one foe put to sleep
|rule|Species Clause: Limit one of each Pokémon
|rule|OHKO Clause: OHKO moves are banned
|rule|Evasion Moves Clause: Evasion moves are banned
|rule|Endless Battle Clause: Forcing endless battles is banned
|rule|HP Percentage Mod: HP is shown in percentages
|clearpoke
|poke|p1|Rotom-Heat|
|poke|p1|Seismitoad, F|
|poke|p1|Grimmsnarl, M|
|poke|p1|Dragapult, F|
|poke|p1|Ditto|
|poke|p1|Bisharp, M|
|poke|p2|Mew|
|poke|p2|Bisharp, M|
|poke|p2|Dragapult, M|
|poke|p2|Clefable, F|
|poke|p2|Flygon, F|
|poke|p2|Grimmsnarl, M|
|rule|Dynamax Clause: You cannot dynamax
|teampreview
|inactive|Battle timer is ON: inactive players will automatically lose when time's up. (requested by Hydranator)
|
|start
|switch|p1a: Seismitoad|Seismitoad, F|100/100
|switch|p2a: Mew|Mew|100/100
|turn|1
|inactive|silly daddy has 120 seconds left.
|inactive|silly daddy has 90 seconds left.
|
|move|p2a: Mew|Taunt|p1a: Seismitoad
|-start|p1a: Seismitoad|move: Taunt
|cant|p1a: Seismitoad|move: Taunt|Toxic
|
|upkeep
|turn|2
|
|switch|p1a: Rotom|Rotom-Heat|100/100
|move|p2a: Mew|Stealth Rock|p1a: Rotom
|-sidestart|p1: silly daddy|move: Stealth Rock
|
|upkeep
|turn|3
|inactive|silly daddy has 90 seconds left.
|inactive|silly daddy has 60 seconds left.
|
|move|p2a: Mew|Spikes|p1a: Rotom
|-sidestart|p1: silly daddy|Spikes
|move|p1a: Rotom|Thunder Wave|p2a: Mew
|-status|p2a: Mew|par
|-activate|p2a: Mew|ability: Synchronize
|-immune|p1a: Rotom
|
|upkeep
|turn|4
|
|move|p1a: Rotom|Volt Switch|p2a: Mew
|-damage|p2a: Mew|80/100 par
|-enditem|p2a: Mew|Red Card|[of] p1a: Rotom
|drag|p1a: Bisharp|Bisharp, M|100/100
|-damage|p1a: Bisharp|88/100|[from] Spikes
|-damage|p1a: Bisharp|82/100|[from] Stealth Rock
|cant|p2a: Mew|par
|
|upkeep
|turn|5
|
|move|p1a: Bisharp|Sucker Punch|p2a: Mew
|-supereffective|p2a: Mew
|-damage|p2a: Mew|0 fnt
|faint|p2a: Mew
|
|upkeep
|
|switch|p2a: Grimmsnarl|Grimmsnarl, M|100/100
|turn|6
|inactive|silly daddy has 60 seconds left.
|
|move|p1a: Bisharp|Iron Head|p2a: Grimmsnarl
|-supereffective|p2a: Grimmsnarl
|-damage|p2a: Grimmsnarl|0 fnt
|faint|p2a: Grimmsnarl
|
|upkeep
|
|switch|p2a: Bisharp|Bisharp, M|100/100
|turn|7
|inactive|silly daddy has 60 seconds left.
|
|switch|p1a: Seismitoad|Seismitoad, F|100/100
|-damage|p1a: Seismitoad|88/100|[from] Spikes
|-damage|p1a: Seismitoad|82/100|[from] Stealth Rock
|move|p2a: Bisharp|Swords Dance|p2a: Bisharp
|-boost|p2a: Bisharp|atk|2
|
|-heal|p1a: Seismitoad|88/100|[from] item: Leftovers
|upkeep
|turn|8
|
|move|p2a: Bisharp|Throat Chop|p1a: Seismitoad
|-damage|p1a: Seismitoad|9/100
|-start|p1a: Seismitoad|Throat Chop|[silent]
|move|p1a: Seismitoad|Earthquake|p2a: Bisharp
|-supereffective|p2a: Bisharp
|-damage|p2a: Bisharp|16/100
|
|-heal|p1a: Seismitoad|15/100|[from] item: Leftovers
|upkeep
|turn|9
|
|move|p2a: Bisharp|Throat Chop|p1a: Seismitoad
|-damage|p1a: Seismitoad|0 fnt
|faint|p1a: Seismitoad
|
|upkeep
|
|switch|p1a: Ditto|Ditto|100/100
|-damage|p1a: Ditto|88/100|[from] Spikes
|-damage|p1a: Ditto|76/100|[from] Stealth Rock
|-transform|p1a: Ditto|p2a: Bisharp|[from] ability: Imposter
|turn|10
|
|move|p2a: Bisharp|Sucker Punch|p1a: Ditto
|-resisted|p1a: Ditto
|-damage|p1a: Ditto|22/100
|move|p1a: Ditto|Iron Head|p2a: Bisharp
|-resisted|p2a: Bisharp
|-damage|p2a: Bisharp|0 fnt
|faint|p2a: Bisharp
|
|upkeep
|
|switch|p2a: Dragapult|Dragapult, M|100/100
|turn|11
|inactive|silly daddy has 90 seconds left.
|
|switch|p1a: Grimmsnarl|Grimmsnarl, M|100/100
|-damage|p1a: Grimmsnarl|88/100|[from] Stealth Rock
|-damage|p1a: Grimmsnarl|76/100|[from] Spikes
|move|p2a: Dragapult|Shadow Ball|p1a: Grimmsnarl
|-resisted|p1a: Grimmsnarl
|-damage|p1a: Grimmsnarl|46/100
|
|upkeep
|turn|12
|
|move|p1a: Grimmsnarl|Bulk Up|p1a: Grimmsnarl
|-boost|p1a: Grimmsnarl|atk|1
|-boost|p1a: Grimmsnarl|def|1
|move|p2a: Dragapult|Shadow Ball|p1a: Grimmsnarl
|-resisted|p1a: Grimmsnarl
|-damage|p1a: Grimmsnarl|18/100
|
|upkeep
|turn|13
|
|move|p1a: Grimmsnarl|Sucker Punch|p2a: Dragapult
|-supereffective|p2a: Dragapult
|-damage|p2a: Dragapult|0 fnt
|-damage|p1a: Grimmsnarl|9/100|[from] item: Life Orb
|faint|p2a: Dragapult
|
|upkeep
|
|switch|p2a: Clefable|Clefable, F|100/100
|turn|14
|inactive|silly daddy has 90 seconds left.
|inactive|silly daddy has 60 seconds left.
|inactive|silly daddy has 30 seconds left.
|
|move|p2a: Clefable|Moonblast|p1a: Grimmsnarl
|-supereffective|p1a: Grimmsnarl
|-damage|p1a: Grimmsnarl|0 fnt
|faint|p1a: Grimmsnarl
|
|upkeep
|
|switch|p1a: Rotom|Rotom-Heat|100/100
|turn|15
|
|move|p1a: Rotom|Thunder Wave|p2a: Clefable
|-status|p2a: Clefable|par
|move|p2a: Clefable|Moonblast|p1a: Rotom
|-resisted|p1a: Rotom
|-damage|p1a: Rotom|77/100
|
|upkeep
|turn|16
|inactive|silly daddy has 30 seconds left.
|inactive|silly daddy has 20 seconds left.
|inactive|silly daddy has 15 seconds left.
|inactive|silly daddy has 10 seconds left.
|inactive|silly daddy has 5 seconds left.
|
|move|p1a: Rotom|Overheat|p2a: Clefable
|-damage|p2a: Clefable|52/100 par
|-unboost|p1a: Rotom|spa|2
|cant|p2a: Clefable|par
|
|upkeep
|turn|17
|inactive|silly daddy has 15 seconds left this turn.
|
|move|p1a: Rotom|Volt Switch|p2a: Clefable
|-damage|p2a: Clefable|40/100 par
|inactive|silly daddy has 20 seconds left this turn.
|
|switch|p1a: Ditto|Ditto|22/100|[from]move: Volt Switch
|-damage|p1a: Ditto|9/100|[from] Spikes
|-damage|p1a: Ditto|0 fnt|[from] Stealth Rock
|faint|p1a: Ditto
|move|p2a: Clefable|Moonblast|p1: Ditto|[notarget]
|-fail|p2a: Clefable
|
|upkeep
|inactive|silly daddy has 25 seconds left this turn.
|inactive|silly daddy has 20 seconds left.
|
|switch|p1a: Bisharp|Bisharp, M|82/100
|-damage|p1a: Bisharp|75/100|[from] Stealth Rock
|-damage|p1a: Bisharp|63/100|[from] Spikes
|turn|18
|inactive|silly daddy has 30 seconds left this turn.
|
|move|p1a: Bisharp|Iron Head|p2a: Clefable
|-supereffective|p2a: Clefable
|-damage|p2a: Clefable|0 fnt
|faint|p2a: Clefable
|
|upkeep
|
|switch|p2a: Flygon|Flygon, F|100/100
|turn|19
|inactive|silly daddy has 30 seconds left.
|
|move|p1a: Bisharp|Sucker Punch||[still]
|-fail|p1a: Bisharp
|move|p2a: Flygon|Dragon Dance|p2a: Flygon
|-boost|p2a: Flygon|atk|1
|-boost|p2a: Flygon|spe|1
|
|upkeep
|turn|20
|
|move|p1a: Bisharp|Sucker Punch|p2a: Flygon
|-damage|p2a: Flygon|40/100
|move|p2a: Flygon|Earthquake|p1a: Bisharp
|-supereffective|p1a: Bisharp
|-damage|p1a: Bisharp|0 fnt
|-damage|p2a: Flygon|30/100|[from] item: Life Orb
|faint|p1a: Bisharp
|
|upkeep
|
|switch|p1a: Rotom|Rotom-Heat|77/100
|turn|21
|inactive|silly daddy has 30 seconds left.
|inactive|silly daddy has 20 seconds left.
|
|move|p2a: Flygon|Outrage|p1a: Rotom
|-damage|p1a: Rotom|0 fnt
|-damage|p2a: Flygon|20/100|[from] item: Life Orb
|faint|p1a: Rotom
|
|upkeep
|inactive|silly daddy has 25 seconds left this turn.
|
|switch|p1a: Dragapult|Dragapult, F|100/100
|-damage|p1a: Dragapult|88/100|[from] Stealth Rock
|-damage|p1a: Dragapult|76/100|[from] Spikes
|turn|22
|
|move|p2a: Flygon|Outrage|p1a: Dragapult|[from]lockedmove
|-supereffective|p1a: Dragapult
|-damage|p1a: Dragapult|0 fnt
|-damage|p2a: Flygon|10/100|[from] item: Life Orb
|faint|p1a: Dragapult
|
|win|Hydranator
|raw|silly daddy's rating: 1611 → 1586(-25 for losing)
|raw|Hydranator's rating: 1527 → 1552(+25 for winning)
|l|☆silly daddy
