|ScrapeTime|2020-01-01-02:24:41
|j|☆Um_Hello_Ttar
|j|☆MechaTaco
|player|p1|Um_Hello_Ttar|dragontamer|1059
|player|p2|MechaTaco|sabrina|1078
|teamsize|p1|6
|teamsize|p2|6
|gametype|singles
|gen|8
|tier|[Gen 8] OU
|rated|
|rule|Sleep Clause Mod: Limit one foe put to sleep
|rule|Species Clause: Limit one of each Pokémon
|rule|OHKO Clause: OHKO moves are banned
|rule|Evasion Moves Clause: Evasion moves are banned
|rule|Endless Battle Clause: Forcing endless battles is banned
|rule|HP Percentage Mod: HP is shown in percentages
|clearpoke
|poke|p1|Ferrothorn, F|
|poke|p1|Bronzong|
|poke|p1|Hatterene, F|
|poke|p1|Toxapex, F|
|poke|p1|Coalossal, F|
|poke|p1|Cursola, F|
|poke|p2|Togekiss, M|
|poke|p2|Silvally-*|
|poke|p2|Excadrill, F|
|poke|p2|Tyranitar, M|
|poke|p2|Rotom-Wash|
|poke|p2|Corviknight, F|
|rule|Dynamax Clause: You cannot dynamax
|teampreview
|
|start
|switch|p1a: Hatterene|Hatterene, F, shiny|100/100
|switch|p2a: Tyranitar|Tyranitar, M|100/100
|-weather|Sandstorm|[from] ability: Sand Stream|[of] p2a: Tyranitar
|turn|1
|
|switch|p2a: Corviknight|Corviknight, F|100/100
|-ability|p2a: Corviknight|Pressure
|move|p1a: Hatterene|Giga Drain|p2a: Corviknight
|-resisted|p2a: Corviknight
|-damage|p2a: Corviknight|95/100
|
|-weather|Sandstorm|[upkeep]
|-damage|p1a: Hatterene|95/100|[from] Sandstorm
|-heal|p2a: Corviknight|100/100|[from] item: Leftovers
|upkeep
|turn|2
|
|switch|p1a: Coalossal|Coalossal, F|100/100
|move|p2a: Corviknight|Iron Defense|p2a: Corviknight
|-boost|p2a: Corviknight|def|2
|
|-weather|Sandstorm|[upkeep]
|upkeep
|turn|3
|
|move|p2a: Corviknight|Body Press|p1a: Coalossal
|-supereffective|p1a: Coalossal
|-damage|p1a: Coalossal|59/100
|-status|p2a: Corviknight|brn|[from] ability: Flame Body|[of] p1a: Coalossal
|move|p1a: Coalossal|Fire Punch|p2a: Corviknight
|-supereffective|p2a: Corviknight
|-damage|p2a: Corviknight|86/100 brn
|
|-weather|Sandstorm|[upkeep]
|-heal|p2a: Corviknight|93/100 brn|[from] item: Leftovers
|-damage|p2a: Corviknight|86/100 brn|[from] brn
|upkeep
|turn|4
|
|switch|p2a: Rotom|Rotom-Wash|100/100
|move|p1a: Coalossal|Fire Punch|p2a: Rotom
|-resisted|p2a: Rotom
|-damage|p2a: Rotom|94/100
|
|-weather|Sandstorm|[upkeep]
|-damage|p2a: Rotom|88/100|[from] Sandstorm
|-heal|p2a: Rotom|94/100|[from] item: Leftovers
|upkeep
|turn|5
|
|switch|p1a: Ferrothorn|Ferrothorn, F, shiny|100/100
|move|p2a: Rotom|Nasty Plot|p2a: Rotom
|-boost|p2a: Rotom|spa|2
|
|-weather|none
|-heal|p2a: Rotom|99/100|[from] item: Leftovers
|upkeep
|turn|6
|inactive|Battle timer is ON: inactive players will automatically lose when time's up. (requested by Um_Hello_Ttar)
|
|move|p2a: Rotom|Will-O-Wisp|p1a: Ferrothorn
|-status|p1a: Ferrothorn|brn
|move|p1a: Ferrothorn|Stealth Rock|p2a: Rotom
|-sidestart|p2: MechaTaco|move: Stealth Rock
|
|-heal|p2a: Rotom|100/100|[from] item: Leftovers
|-damage|p1a: Ferrothorn|95/100 brn|[from] brn
|upkeep
|turn|7
|
|move|p2a: Rotom|Volt Switch|p1a: Ferrothorn
|-resisted|p1a: Ferrothorn
|-damage|p1a: Ferrothorn|74/100 brn
|
|switch|p2a: Tyranitar|Tyranitar, M|100/100|[from]move: Volt Switch
|-damage|p2a: Tyranitar|88/100|[from] Stealth Rock
|-weather|Sandstorm|[from] ability: Sand Stream|[of] p2a: Tyranitar
|move|p1a: Ferrothorn|Spikes|p2a: Tyranitar
|-sidestart|p2: MechaTaco|Spikes
|
|-weather|Sandstorm|[upkeep]
|-damage|p1a: Ferrothorn|68/100 brn|[from] brn
|upkeep
|turn|8
|
|move|p2a: Tyranitar|Dragon Dance|p2a: Tyranitar
|-boost|p2a: Tyranitar|atk|1
|-boost|p2a: Tyranitar|spe|1
|move|p1a: Ferrothorn|Toxic|p2a: Tyranitar|[miss]
|-miss|p1a: Ferrothorn|p2a: Tyranitar
|
|-weather|Sandstorm|[upkeep]
|-damage|p1a: Ferrothorn|62/100 brn|[from] brn
|upkeep
|turn|9
|
|move|p2a: Tyranitar|Dragon Dance|p2a: Tyranitar
|-boost|p2a: Tyranitar|atk|1
|-boost|p2a: Tyranitar|spe|1
|move|p1a: Ferrothorn|Spikes|p2a: Tyranitar
|-sidestart|p2: MechaTaco|Spikes
|
|-weather|Sandstorm|[upkeep]
|-damage|p1a: Ferrothorn|56/100 brn|[from] brn
|upkeep
|turn|10
|
|move|p2a: Tyranitar|Fire Punch|p1a: Ferrothorn
|-supereffective|p1a: Ferrothorn
|-damage|p1a: Ferrothorn|0 fnt
|-damage|p2a: Tyranitar|76/100|[from] ability: Iron Barbs|[of] p1a: Ferrothorn
|-damage|p2a: Tyranitar|59/100|[from] item: Rocky Helmet|[of] p1a: Ferrothorn
|faint|p1a: Ferrothorn
|
|-weather|Sandstorm|[upkeep]
|upkeep
|
|switch|p1a: Hatterene|Hatterene, F, shiny|95/100
|turn|11
|
|move|p2a: Tyranitar|Stone Edge|p1a: Hatterene
|-damage|p1a: Hatterene|0 fnt
|faint|p1a: Hatterene
|
|-weather|none
|upkeep
|
|switch|p1a: Coalossal|Coalossal, F|59/100
|turn|12
|
|move|p2a: Tyranitar|Stone Edge|p1a: Coalossal|[miss]
|-miss|p2a: Tyranitar|p1a: Coalossal
|move|p1a: Coalossal|Earthquake|p2a: Tyranitar
|-supereffective|p2a: Tyranitar
|-damage|p2a: Tyranitar|28/100
|
|upkeep
|turn|13
|
|move|p2a: Tyranitar|Stone Edge|p1a: Coalossal
|-supereffective|p1a: Coalossal
|-damage|p1a: Coalossal|0 fnt
|faint|p1a: Coalossal
|
|upkeep
|
|switch|p1a: Cursola|Cursola, F|100/100
|turn|14
|
|move|p2a: Tyranitar|Stone Edge|p1a: Cursola
|-crit|p1a: Cursola
|-damage|p1a: Cursola|0 fnt
|faint|p1a: Cursola
|
|upkeep
|c|☆Um_Hello_Ttar|Holy
|c|☆Um_Hello_Ttar|Ur gonna win gg
|inactive|Um_Hello_Ttar has 120 seconds left.
|
|switch|p1a: Toxapex|Toxapex, F, shiny|100/100
|turn|15
|inactive|Um_Hello_Ttar has 120 seconds left.
|
|move|p2a: Tyranitar|Stone Edge|p1a: Toxapex
|-damage|p1a: Toxapex|39/100
|move|p1a: Toxapex|Haze|p1a: Toxapex
|-clearallboost
|
|upkeep
|turn|16
|inactive|Um_Hello_Ttar has 120 seconds left.
|
|move|p2a: Tyranitar|Stone Edge|p1a: Toxapex
|-damage|p1a: Toxapex|4/100
|move|p1a: Toxapex|Recover|p1a: Toxapex
|-heal|p1a: Toxapex|55/100
|
|upkeep
|turn|17
|inactive|Um_Hello_Ttar has 120 seconds left.
|
|switch|p2a: Corviknight|Corviknight, F|86/100 brn
|-damage|p2a: Corviknight|74/100 brn|[from] Stealth Rock
|-ability|p2a: Corviknight|Pressure
|move|p1a: Toxapex|Recover|p1a: Toxapex
|-heal|p1a: Toxapex|100/100
|
|-heal|p2a: Corviknight|80/100 brn|[from] item: Leftovers
|-damage|p2a: Corviknight|74/100 brn|[from] brn
|upkeep
|turn|18
|inactive|Um_Hello_Ttar has 120 seconds left.
|
|move|p2a: Corviknight|Defog|p1a: Toxapex
|-unboost|p1a: Toxapex|evasion|1
|-sideend|p2: MechaTaco|Spikes|[from] move: Defog|[of] p2a: Corviknight
|-sideend|p2: MechaTaco|Stealth Rock|[from] move: Defog|[of] p2a: Corviknight
|move|p1a: Toxapex|Safeguard|p1a: Toxapex
|-sidestart|p1: Um_Hello_Ttar|Safeguard
|
|-heal|p2a: Corviknight|80/100 brn|[from] item: Leftovers
|-damage|p2a: Corviknight|74/100 brn|[from] brn
|upkeep
|turn|19
|inactive|Um_Hello_Ttar has 120 seconds left.
|
|switch|p2a: Togekiss|Togekiss, M|100/100
|move|p1a: Toxapex|Safeguard||[still]
|-fail|p1a: Toxapex
|
|upkeep
|turn|20
|
|move|p2a: Togekiss|Substitute|p2a: Togekiss
|-start|p2a: Togekiss|Substitute
|-damage|p2a: Togekiss|76/100
|move|p1a: Toxapex|Recover||[still]
|-fail|p1a: Toxapex|heal
|
|-heal|p2a: Togekiss|82/100|[from] item: Leftovers
|upkeep
|turn|21
|
|switch|p1a: Bronzong|Bronzong, shiny|100/100
|move|p2a: Togekiss|Nasty Plot|p2a: Togekiss
|-boost|p2a: Togekiss|spa|2
|
|-heal|p2a: Togekiss|88/100|[from] item: Leftovers
|upkeep
|turn|22
|
|switch|p1a: Toxapex|Toxapex, F, shiny|100/100
|move|p2a: Togekiss|Nasty Plot|p2a: Togekiss
|-boost|p2a: Togekiss|spa|2
|
|-heal|p2a: Togekiss|94/100|[from] item: Leftovers
|-sideend|p1: Um_Hello_Ttar|Safeguard
|upkeep
|turn|23
|
|move|p2a: Togekiss|Nasty Plot|p2a: Togekiss
|-boost|p2a: Togekiss|spa|2
|move|p1a: Toxapex|Haze|p1a: Toxapex
|-clearallboost
|
|-heal|p2a: Togekiss|99/100|[from] item: Leftovers
|upkeep
|turn|24
|
|move|p2a: Togekiss|Air Slash|p1a: Toxapex
|-damage|p1a: Toxapex|69/100
|cant|p1a: Toxapex|flinch
|
|-heal|p2a: Togekiss|100/100|[from] item: Leftovers
|upkeep
|turn|25
|
|move|p2a: Togekiss|Air Slash|p1a: Toxapex
|-damage|p1a: Toxapex|37/100
|cant|p1a: Toxapex|flinch
|
|upkeep
|turn|26
|
|move|p2a: Togekiss|Air Slash|p1a: Toxapex
|-damage|p1a: Toxapex|7/100
|cant|p1a: Toxapex|flinch
|
|upkeep
|turn|27
|
|move|p2a: Togekiss|Flamethrower|p1a: Toxapex
|-resisted|p1a: Toxapex
|-damage|p1a: Toxapex|0 fnt
|faint|p1a: Toxapex
|
|upkeep
|
|switch|p1a: Bronzong|Bronzong, shiny|100/100
|turn|28
|c|☆MechaTaco|GG
|inactive|Um_Hello_Ttar has 120 seconds left.
|c|☆Um_Hello_Ttar|Gg
|
|move|p2a: Togekiss|Flamethrower|p1a: Bronzong
|-supereffective|p1a: Bronzong
|-damage|p1a: Bronzong|56/100
|move|p1a: Bronzong|Earthquake|p2a: Togekiss
|-immune|p2a: Togekiss
|
|upkeep
|turn|29
|
|move|p2a: Togekiss|Flamethrower|p1a: Bronzong
|-supereffective|p1a: Bronzong
|-damage|p1a: Bronzong|12/100
|move|p1a: Bronzong|Iron Head|p2a: Togekiss
|-supereffective|p2a: Togekiss
|-end|p2a: Togekiss|Substitute
|
|upkeep
|turn|30
|
|move|p2a: Togekiss|Flamethrower|p1a: Bronzong
|-supereffective|p1a: Bronzong
|-damage|p1a: Bronzong|0 fnt
|faint|p1a: Bronzong
|
|win|MechaTaco
|raw|Um_Hello_Ttar's rating: 1059 → 1041(-18 for losing)
|raw|MechaTaco's rating: 1078 → 1105(+27 for winning)
|c|☆Um_Hello_Ttar|Gg
