|ScrapeTime|2020-01-01-00:34:55
|j|☆Gardlan
|j|☆David Ollisto
|player|p1|Gardlan|253|1186
|player|p2|David Ollisto|290|1224
|teamsize|p1|6
|teamsize|p2|6
|gametype|singles
|gen|8
|tier|[Gen 8] OU
|rated|
|rule|Sleep Clause Mod: Limit one foe put to sleep
|rule|Species Clause: Limit one of each Pokémon
|rule|OHKO Clause: OHKO moves are banned
|rule|Evasion Moves Clause: Evasion moves are banned
|rule|Endless Battle Clause: Forcing endless battles is banned
|rule|HP Percentage Mod: HP is shown in percentages
|clearpoke
|poke|p1|Clefable, M|
|poke|p1|Toxapex, F|
|poke|p1|Hydreigon, F|
|poke|p1|Excadrill, M|
|poke|p1|Corviknight, M|
|poke|p1|Conkeldurr, F|
|poke|p2|Corviknight, M|
|poke|p2|Dragapult, M|
|poke|p2|Toxtricity, F|
|poke|p2|Cinderace, M|
|poke|p2|Clefable, M|
|poke|p2|Ditto|
|rule|Dynamax Clause: You cannot dynamax
|teampreview
|
|start
|switch|p1a: Clefable|Clefable, M|100/100
|switch|p2a: Cinderace|Cinderace, M|100/100
|turn|1
|
|move|p2a: Cinderace|Pyro Ball|p1a: Clefable
|-damage|p1a: Clefable|9/100
|-damage|p2a: Cinderace|91/100|[from] item: Life Orb
|move|p1a: Clefable|Stealth Rock|p2a: Cinderace
|-sidestart|p2: David Ollisto|move: Stealth Rock
|
|-heal|p1a: Clefable|15/100|[from] item: Leftovers
|upkeep
|turn|2
|
|switch|p1a: Toxapex|Toxapex, F|100/100
|move|p2a: Cinderace|Pyro Ball|p1a: Toxapex
|-resisted|p1a: Toxapex
|-damage|p1a: Toxapex|79/100
|-damage|p2a: Cinderace|81/100|[from] item: Life Orb
|
|-heal|p1a: Toxapex|85/100|[from] item: Black Sludge
|upkeep
|turn|3
|
|move|p2a: Cinderace|Zen Headbutt|p1a: Toxapex
|-supereffective|p1a: Toxapex
|-damage|p1a: Toxapex|45/100
|-damage|p2a: Cinderace|71/100|[from] item: Life Orb
|move|p1a: Toxapex|Toxic Spikes|p2a: Cinderace
|-sidestart|p2: David Ollisto|move: Toxic Spikes
|
|-heal|p1a: Toxapex|51/100|[from] item: Black Sludge
|upkeep
|turn|4
|
|move|p2a: Cinderace|U-turn|p1a: Toxapex
|-resisted|p1a: Toxapex
|-damage|p1a: Toxapex|42/100
|-damage|p2a: Cinderace|61/100|[from] item: Life Orb
|
|switch|p2a: Corviknight|Corviknight, M|100/100|[from]move: U-turn
|-damage|p2a: Corviknight|88/100|[from] Stealth Rock
|move|p1a: Toxapex|Scald|p2a: Corviknight
|-damage|p2a: Corviknight|71/100
|-status|p2a: Corviknight|brn
|
|-heal|p1a: Toxapex|49/100|[from] item: Black Sludge
|-damage|p2a: Corviknight|64/100 brn|[from] brn
|upkeep
|turn|5
|
|switch|p1a: Hydreigon|Hydreigon, F, shiny|100/100
|move|p2a: Corviknight|Defog|p1a: Hydreigon
|-unboost|p1a: Hydreigon|evasion|1
|-sideend|p2: David Ollisto|Toxic Spikes|[from] move: Defog|[of] p2a: Corviknight
|-sideend|p2: David Ollisto|Stealth Rock|[from] move: Defog|[of] p2a: Corviknight
|
|-damage|p2a: Corviknight|58/100 brn|[from] brn
|upkeep
|turn|6
|
|switch|p2a: Clefable|Clefable, M|100/100
|move|p1a: Hydreigon|Flamethrower|p2a: Clefable
|-damage|p2a: Clefable|66/100
|-status|p2a: Clefable|brn
|
|-heal|p2a: Clefable|73/100 brn|[from] item: Leftovers
|upkeep
|turn|7
|
|switch|p1a: Corviknight|Corviknight, M|100/100
|-ability|p1a: Corviknight|Pressure
|move|p2a: Clefable|Wish|p2a: Clefable
|
|-heal|p2a: Clefable|79/100 brn|[from] item: Leftovers
|upkeep
|turn|8
|
|switch|p2a: Cinderace|Cinderace, M|61/100
|move|p1a: Corviknight|Iron Head|p2a: Cinderace
|-resisted|p2a: Cinderace
|-crit|p2a: Cinderace
|-damage|p2a: Cinderace|36/100
|
|-heal|p2a: Cinderace|100/100|[from] move: Wish|[wisher] Clefable
|upkeep
|turn|9
|
|switch|p1a: Toxapex|Toxapex, F|82/100
|move|p2a: Cinderace|Pyro Ball|p1a: Toxapex
|-resisted|p1a: Toxapex
|-damage|p1a: Toxapex|59/100
|-damage|p2a: Cinderace|91/100|[from] item: Life Orb
|
|-heal|p1a: Toxapex|66/100|[from] item: Black Sludge
|upkeep
|turn|10
|
|move|p2a: Cinderace|Zen Headbutt|p1a: Toxapex
|-supereffective|p1a: Toxapex
|-damage|p1a: Toxapex|27/100
|-damage|p2a: Cinderace|81/100|[from] item: Life Orb
|cant|p1a: Toxapex|flinch
|
|-heal|p1a: Toxapex|33/100|[from] item: Black Sludge
|upkeep
|turn|11
|
|switch|p1a: Hydreigon|Hydreigon, F, shiny|100/100
|move|p2a: Cinderace|Zen Headbutt|p1a: Hydreigon
|-immune|p1a: Hydreigon
|
|upkeep
|turn|12
|
|switch|p2a: Clefable|Clefable, M|79/100 brn
|move|p1a: Hydreigon|Draco Meteor|p2a: Clefable
|-immune|p2a: Clefable
|
|-heal|p2a: Clefable|85/100 brn|[from] item: Leftovers
|upkeep
|turn|13
|
|switch|p1a: Corviknight|Corviknight, M|100/100
|-ability|p1a: Corviknight|Pressure
|move|p2a: Clefable|Moonblast|p1a: Corviknight
|-resisted|p1a: Corviknight
|-crit|p1a: Corviknight
|-damage|p1a: Corviknight|78/100
|
|-heal|p1a: Corviknight|84/100|[from] item: Leftovers
|-heal|p2a: Clefable|91/100 brn|[from] item: Leftovers
|upkeep
|turn|14
|
|switch|p2a: Toxtricity|Toxtricity, F|100/100
|move|p1a: Corviknight|Iron Head|p2a: Toxtricity
|-resisted|p2a: Toxtricity
|-damage|p2a: Toxtricity|82/100
|
|-heal|p1a: Corviknight|91/100|[from] item: Leftovers
|upkeep
|turn|15
|
|switch|p1a: Excadrill|Excadrill, M, shiny|100/100
|-ability|p1a: Excadrill|Mold Breaker
|move|p2a: Toxtricity|Shift Gear|p2a: Toxtricity
|-boost|p2a: Toxtricity|spe|2
|-boost|p2a: Toxtricity|atk|1
|
|upkeep
|turn|16
|
|switch|p2a: Corviknight|Corviknight, M|58/100 brn
|move|p1a: Excadrill|Earthquake|p2a: Corviknight
|-immune|p2a: Corviknight
|
|-damage|p2a: Corviknight|52/100 brn|[from] brn
|upkeep
|turn|17
|
|switch|p1a: Hydreigon|Hydreigon, F, shiny|100/100
|move|p2a: Corviknight|Roost|p2a: Corviknight
|-heal|p2a: Corviknight|100/100 brn
|-singleturn|p2a: Corviknight|move: Roost
|
|-damage|p2a: Corviknight|94/100 brn|[from] brn
|upkeep
|turn|18
|
|switch|p2a: Clefable|Clefable, M|91/100 brn
|move|p1a: Hydreigon|Flamethrower|p2a: Clefable
|-damage|p2a: Clefable|59/100 brn
|
|-heal|p2a: Clefable|65/100 brn|[from] item: Leftovers
|upkeep
|turn|19
|
|switch|p1a: Clefable|Clefable, M|15/100
|move|p2a: Clefable|Wish|p2a: Clefable
|
|-heal|p2a: Clefable|71/100 brn|[from] item: Leftovers
|-heal|p1a: Clefable|21/100|[from] item: Leftovers
|upkeep
|turn|20
|
|move|p1a: Clefable|Wish|p1a: Clefable
|move|p2a: Clefable|Moonblast|p1a: Clefable
|-damage|p1a: Clefable|0 fnt
|faint|p1a: Clefable
|
|-heal|p2a: Clefable|100/100 brn|[from] move: Wish|[wisher] Clefable
|upkeep
|
|switch|p1a: Excadrill|Excadrill, M, shiny|100/100
|-ability|p1a: Excadrill|Mold Breaker
|turn|21
|
|switch|p2a: Corviknight|Corviknight, M|94/100 brn
|move|p1a: Excadrill|Iron Head|p2a: Corviknight
|-resisted|p2a: Corviknight
|-damage|p2a: Corviknight|82/100 brn
|-damage|p1a: Excadrill|84/100|[from] item: Rocky Helmet|[of] p2a: Corviknight
|
|-heal|p1a: Excadrill|100/100|[from] move: Wish|[wisher] Clefable
|-damage|p2a: Corviknight|76/100 brn|[from] brn
|upkeep
|turn|22
|
|switch|p1a: Conkeldurr|Conkeldurr, F|100/100
|move|p2a: Corviknight|Brave Bird|p1a: Conkeldurr
|-supereffective|p1a: Conkeldurr
|-damage|p1a: Conkeldurr|71/100
|-damage|p2a: Corviknight|65/100 brn|[from] Recoil
|
|-damage|p2a: Corviknight|59/100 brn|[from] brn
|-status|p1a: Conkeldurr|brn|[from] item: Flame Orb
|upkeep
|turn|23
|inactive|Battle timer is ON: inactive players will automatically lose when time's up. (requested by Gardlan)
|
|move|p2a: Corviknight|Roost|p2a: Corviknight
|-heal|p2a: Corviknight|100/100 brn
|-singleturn|p2a: Corviknight|move: Roost
|move|p1a: Conkeldurr|Drain Punch|p2a: Corviknight
|-supereffective|p2a: Corviknight
|-damage|p2a: Corviknight|21/100 brn
|-heal|p1a: Conkeldurr|100/100 brn|[from] drain|[of] p2a: Corviknight
|-damage|p1a: Conkeldurr|84/100 brn|[from] item: Rocky Helmet|[of] p2a: Corviknight
|
|-damage|p2a: Corviknight|15/100 brn|[from] brn
|-damage|p1a: Conkeldurr|78/100 brn|[from] brn
|upkeep
|turn|24
|
|move|p1a: Conkeldurr|Mach Punch|p2a: Corviknight
|-damage|p2a: Corviknight|0 fnt
|-damage|p1a: Conkeldurr|61/100 brn|[from] item: Rocky Helmet|[of] p2a: Corviknight
|faint|p2a: Corviknight
|
|-damage|p1a: Conkeldurr|55/100 brn|[from] brn
|upkeep
|
|switch|p2a: Ditto|Ditto|100/100
|-transform|p2a: Ditto|p1a: Conkeldurr|[from] ability: Imposter
|turn|25
|
|move|p1a: Conkeldurr|Mach Punch|p2a: Ditto
|-damage|p2a: Ditto|57/100
|move|p2a: Ditto|Close Combat|p1a: Conkeldurr
|-damage|p1a: Conkeldurr|0 fnt
|-unboost|p2a: Ditto|def|1
|-unboost|p2a: Ditto|spd|1
|faint|p1a: Conkeldurr
|
|upkeep
|
|switch|p1a: Toxapex|Toxapex, F|67/100
|turn|26
|
|switch|p2a: Dragapult|Dragapult, M|100/100
|move|p1a: Toxapex|Toxic Spikes|p2a: Dragapult
|-sidestart|p2: David Ollisto|move: Toxic Spikes
|
|-heal|p1a: Toxapex|73/100|[from] item: Black Sludge
|upkeep
|turn|27
|
|switch|p1a: Excadrill|Excadrill, M, shiny|100/100
|-ability|p1a: Excadrill|Mold Breaker
|move|p2a: Dragapult|Shadow Ball|p1a: Excadrill
|-damage|p1a: Excadrill|29/100
|
|upkeep
|turn|28
|inactive|David Ollisto has 120 seconds left.
|
|switch|p2a: Ditto|Ditto|57/100
|-status|p2a: Ditto|psn
|-transform|p2a: Ditto|p1a: Excadrill|[from] ability: Imposter
|-ability|p2a: Ditto|Mold Breaker
|switch|p1a: Corviknight|Corviknight, M|91/100
|-ability|p1a: Corviknight|Pressure
|
|-heal|p1a: Corviknight|97/100|[from] item: Leftovers
|-damage|p2a: Ditto|45/100 psn|[from] psn
|upkeep
|turn|29
|
|move|p2a: Ditto|Stealth Rock|p1a: Corviknight
|-sidestart|p1: Gardlan|move: Stealth Rock
|move|p1a: Corviknight|U-turn|p2a: Ditto
|-resisted|p2a: Ditto
|-damage|p2a: Ditto|31/100 psn
|
|switch|p1a: Hydreigon|Hydreigon, F, shiny|100/100|[from]move: U-turn
|-damage|p1a: Hydreigon|88/100|[from] Stealth Rock
|
|-damage|p2a: Ditto|19/100 psn|[from] psn
|upkeep
|turn|30
|
|switch|p2a: Clefable|Clefable, M|100/100 brn
|move|p1a: Hydreigon|Flamethrower|p2a: Clefable
|-damage|p2a: Clefable|66/100 brn
|
|-heal|p2a: Clefable|73/100 brn|[from] item: Leftovers
|upkeep
|turn|31
|
|switch|p1a: Corviknight|Corviknight, M|97/100
|-damage|p1a: Corviknight|84/100|[from] Stealth Rock
|-ability|p1a: Corviknight|Pressure
|move|p2a: Clefable|Moonblast|p1a: Corviknight
|-resisted|p1a: Corviknight
|-damage|p1a: Corviknight|70/100
|-unboost|p1a: Corviknight|spa|1
|
|-heal|p1a: Corviknight|76/100|[from] item: Leftovers
|-heal|p2a: Clefable|79/100 brn|[from] item: Leftovers
|upkeep
|turn|32
|
|switch|p2a: Toxtricity|Toxtricity, F|82/100
|-sideend|p2: David Ollisto|move: Toxic Spikes|[of] p2a: Toxtricity
|move|p1a: Corviknight|Iron Head|p2a: Toxtricity
|-resisted|p2a: Toxtricity
|-damage|p2a: Toxtricity|63/100
|
|-heal|p1a: Corviknight|82/100|[from] item: Leftovers
|upkeep
|turn|33
|
|move|p2a: Toxtricity|Shift Gear|p2a: Toxtricity
|-boost|p2a: Toxtricity|spe|2
|-boost|p2a: Toxtricity|atk|1
|move|p1a: Corviknight|Iron Head|p2a: Toxtricity
|-resisted|p2a: Toxtricity
|-damage|p2a: Toxtricity|44/100
|
|-heal|p1a: Corviknight|89/100|[from] item: Leftovers
|upkeep
|turn|34
|
|move|p2a: Toxtricity|Drain Punch|p1a: Corviknight
|-damage|p1a: Corviknight|66/100
|-heal|p2a: Toxtricity|60/100|[from] drain|[of] p1a: Corviknight
|move|p1a: Corviknight|Iron Head|p2a: Toxtricity
|-resisted|p2a: Toxtricity
|-damage|p2a: Toxtricity|42/100
|
|-heal|p1a: Corviknight|72/100|[from] item: Leftovers
|upkeep
|turn|35
|
|move|p2a: Toxtricity|Thunder Punch|p1a: Corviknight
|-supereffective|p1a: Corviknight
|-damage|p1a: Corviknight|0 fnt
|faint|p1a: Corviknight
|
|upkeep
|
|switch|p1a: Hydreigon|Hydreigon, F, shiny|88/100
|-damage|p1a: Hydreigon|76/100|[from] Stealth Rock
|turn|36
|
|move|p2a: Toxtricity|Drain Punch|p1a: Hydreigon
|-supereffective|p1a: Hydreigon
|-damage|p1a: Hydreigon|0 fnt
|-heal|p2a: Toxtricity|84/100|[from] drain|[of] p1a: Hydreigon
|faint|p1a: Hydreigon
|
|upkeep
|c|☆David Ollisto|gg
|
|switch|p1a: Excadrill|Excadrill, M, shiny|29/100
|-damage|p1a: Excadrill|26/100|[from] Stealth Rock
|-ability|p1a: Excadrill|Mold Breaker
|turn|37
|
|move|p2a: Toxtricity|Drain Punch|p1a: Excadrill
|-supereffective|p1a: Excadrill
|-damage|p1a: Excadrill|0 fnt
|-heal|p2a: Toxtricity|99/100|[from] drain|[of] p1a: Excadrill
|faint|p1a: Excadrill
|
|upkeep
|-message|Gardlan forfeited.
|
|win|David Ollisto
|l|☆Gardlan
|raw|Gardlan's rating: 1186 → 1164(-22 for losing)
|raw|David Ollisto's rating: 1225 → 1247(+22 for winning)
