|ScrapeTime|2020-01-01-03:45:50
|j|☆Ctrl G-Max
|j|☆efw0517
|player|p1|Ctrl G-Max|188|1365
|player|p2|efw0517|290|1341
|teamsize|p1|6
|teamsize|p2|6
|gametype|singles
|gen|8
|tier|[Gen 8] OU
|rated|
|rule|Sleep Clause Mod: Limit one foe put to sleep
|rule|Species Clause: Limit one of each Pokémon
|rule|OHKO Clause: OHKO moves are banned
|rule|Evasion Moves Clause: Evasion moves are banned
|rule|Endless Battle Clause: Forcing endless battles is banned
|rule|HP Percentage Mod: HP is shown in percentages
|clearpoke
|poke|p1|Dragapult, M|
|poke|p1|Cinderace, F|
|poke|p1|Grimmsnarl, M|
|poke|p1|Lucario, M|
|poke|p1|Lapras, M|
|poke|p1|Diggersby, F|
|poke|p2|Sirfetch'd, M|
|poke|p2|Dracovish|
|poke|p2|Corviknight, F|
|poke|p2|Dugtrio, M|
|poke|p2|Toxapex, F|
|poke|p2|Rotom-Heat|
|rule|Dynamax Clause: You cannot dynamax
|teampreview
|inactive|Battle timer is ON: inactive players will automatically lose when time's up. (requested by Ctrl G-Max)
|
|start
|switch|p1a: Grimmsnarl|Grimmsnarl, M|100/100
|switch|p2a: Sirfetch'd|Sirfetch'd, M|100/100
|turn|1
|
|move|p1a: Grimmsnarl|Trick|p2a: Sirfetch'd
|-activate|p1a: Grimmsnarl|move: Trick|[of] p2a: Sirfetch'd
|-item|p2a: Sirfetch'd|Lagging Tail|[from] move: Trick
|-item|p1a: Grimmsnarl|Leek|[from] move: Trick
|move|p2a: Sirfetch'd|Close Combat|p1a: Grimmsnarl
|-damage|p1a: Grimmsnarl|9/100
|-unboost|p2a: Sirfetch'd|def|1
|-unboost|p2a: Sirfetch'd|spd|1
|
|upkeep
|turn|2
|
|move|p2a: Sirfetch'd|First Impression||[still]
|-fail|p2a: Sirfetch'd
|-hint|First Impression only works on your first turn out.
|move|p1a: Grimmsnarl|Spirit Break|p2a: Sirfetch'd
|-supereffective|p2a: Sirfetch'd
|-damage|p2a: Sirfetch'd|0 fnt
|faint|p2a: Sirfetch'd
|
|upkeep
|
|switch|p2a: Dugtrio|Dugtrio, M|100/100
|turn|3
|
|move|p1a: Grimmsnarl|Trick|p2a: Dugtrio
|-activate|p1a: Grimmsnarl|move: Trick|[of] p2a: Dugtrio
|-item|p2a: Dugtrio|Leek|[from] move: Trick
|-item|p1a: Grimmsnarl|Focus Sash|[from] move: Trick
|move|p2a: Dugtrio|Earthquake|p1a: Grimmsnarl
|-damage|p1a: Grimmsnarl|0 fnt
|faint|p1a: Grimmsnarl
|
|upkeep
|
|switch|p1a: Lapras|Lapras, M|100/100
|turn|4
|
|move|p2a: Dugtrio|Stealth Rock|p1a: Lapras
|-sidestart|p1: Ctrl G-Max|move: Stealth Rock
|move|p1a: Lapras|Freeze-Dry|p2a: Dugtrio
|-supereffective|p2a: Dugtrio
|-damage|p2a: Dugtrio|11/100
|
|upkeep
|turn|5
|
|move|p2a: Dugtrio|Reversal|p1a: Lapras
|-supereffective|p1a: Lapras
|-damage|p1a: Lapras|63/100
|move|p1a: Lapras|Freeze-Dry|p2a: Dugtrio
|-supereffective|p2a: Dugtrio
|-damage|p2a: Dugtrio|0 fnt
|faint|p2a: Dugtrio
|
|-heal|p1a: Lapras|69/100|[from] item: Leftovers
|upkeep
|
|switch|p2a: Rotom|Rotom-Heat|100/100
|turn|6
|
|switch|p1a: Cinderace|Cinderace, F|100/100
|move|p2a: Rotom|Overheat|p1a: Cinderace
|-resisted|p1a: Cinderace
|-damage|p1a: Cinderace|61/100
|-unboost|p2a: Rotom|spa|2
|
|upkeep
|turn|7
|
|switch|p2a: Toxapex|Toxapex, F|100/100
|move|p1a: Cinderace|Court Change|p1a: Cinderace
|-sideend|p1: Ctrl G-Max|Stealth Rock|[silent]
|-sidestart|p2: efw0517|Stealth Rock|[silent]
|-activate|p1a: Cinderace|move: Court Change
|
|upkeep
|turn|8
|
|move|p1a: Cinderace|U-turn|p2a: Toxapex
|-resisted|p2a: Toxapex
|-damage|p2a: Toxapex|92/100
|
|switch|p1a: Lapras|Lapras, M|69/100|[from]move: U-turn
|move|p2a: Toxapex|Scald|p1a: Lapras
|-heal|p1a: Lapras|94/100|[from] ability: Water Absorb|[of] p2a: Toxapex
|
|-heal|p1a: Lapras|99/100|[from] item: Leftovers
|-heal|p2a: Toxapex|98/100|[from] item: Black Sludge
|upkeep
|turn|9
|-message|efw0517 forfeited.
|
|win|Ctrl G-Max
|l|☆efw0517
|raw|Ctrl G-Max's rating: 1365 → 1383(+18 for winning)
|raw|efw0517's rating: 1341 → 1323(-18 for losing)
