|ScrapeTime|2020-01-01-04:25:07
|j|☆DugFREELo
|j|☆ColdSpring
|player|p1|DugFREELo|roxie|1334
|player|p2|ColdSpring|272|1261
|teamsize|p1|6
|teamsize|p2|6
|gametype|singles
|gen|8
|tier|[Gen 8] OU
|rated|
|rule|Sleep Clause Mod: Limit one foe put to sleep
|rule|Species Clause: Limit one of each Pokémon
|rule|OHKO Clause: OHKO moves are banned
|rule|Evasion Moves Clause: Evasion moves are banned
|rule|Endless Battle Clause: Forcing endless battles is banned
|rule|HP Percentage Mod: HP is shown in percentages
|clearpoke
|poke|p1|Dugtrio, F|
|poke|p1|Toxapex, M|
|poke|p1|Ferrothorn, F|
|poke|p1|Xatu, F|
|poke|p1|Corsola-Galar, F|
|poke|p1|Dragapult, M|
|poke|p2|Excadrill, M|
|poke|p2|Hydreigon, M|
|poke|p2|Aegislash, M|
|poke|p2|Cinderace, M|
|poke|p2|Corviknight, M|
|poke|p2|Toxapex, F|
|rule|Dynamax Clause: You cannot dynamax
|teampreview
|
|start
|switch|p1a: Dragapult|Dragapult, M|100/100
|switch|p2a: Hydreigon|Hydreigon, M|100/100
|turn|1
|inactive|Battle timer is ON: inactive players will automatically lose when time's up. (requested by ColdSpring)
|
|switch|p1a: Toxapex|Toxapex, M|100/100
|move|p2a: Hydreigon|Draco Meteor|p1a: Toxapex
|-damage|p1a: Toxapex|48/100
|-unboost|p2a: Hydreigon|spa|2
|
|-heal|p1a: Toxapex|54/100|[from] item: Black Sludge
|upkeep
|turn|2
|
|switch|p2a: Excadrill|Excadrill, M, shiny|100/100
|-ability|p2a: Excadrill|Mold Breaker
|move|p1a: Toxapex|Recover|p1a: Toxapex
|-heal|p1a: Toxapex|100/100
|
|upkeep
|turn|3
|
|switch|p1a: Dugtrio|Dugtrio, F|100/100
|move|p2a: Excadrill|Swords Dance|p2a: Excadrill
|-boost|p2a: Excadrill|atk|2
|
|upkeep
|turn|4
|
|move|p1a: Dugtrio|Earthquake|p2a: Excadrill
|-supereffective|p2a: Excadrill
|-damage|p2a: Excadrill|0 fnt
|faint|p2a: Excadrill
|
|upkeep
|
|switch|p2a: Corviknight|Corviknight, M|100/100
|-ability|p2a: Corviknight|Pressure
|turn|5
|
|switch|p1a: Corsola|Corsola-Galar, F|100/100
|move|p2a: Corviknight|Substitute|p2a: Corviknight
|-start|p2a: Corviknight|Substitute
|-damage|p2a: Corviknight|75/100
|
|-heal|p2a: Corviknight|82/100|[from] item: Leftovers
|upkeep
|turn|6
|
|move|p2a: Corviknight|Bulk Up|p2a: Corviknight
|-boost|p2a: Corviknight|atk|1
|-boost|p2a: Corviknight|def|1
|move|p1a: Corsola|Night Shade|p2a: Corviknight
|-end|p2a: Corviknight|Substitute
|
|-heal|p2a: Corviknight|88/100|[from] item: Leftovers
|upkeep
|turn|7
|
|move|p2a: Corviknight|Bulk Up|p2a: Corviknight
|-boost|p2a: Corviknight|atk|1
|-boost|p2a: Corviknight|def|1
|move|p1a: Corsola|Night Shade|p2a: Corviknight
|-damage|p2a: Corviknight|63/100
|
|-heal|p2a: Corviknight|69/100|[from] item: Leftovers
|upkeep
|turn|8
|
|move|p2a: Corviknight|Substitute|p2a: Corviknight
|-start|p2a: Corviknight|Substitute
|-damage|p2a: Corviknight|44/100
|move|p1a: Corsola|Will-O-Wisp||[still]
|-fail|p1a: Corsola
|
|-heal|p2a: Corviknight|50/100|[from] item: Leftovers
|upkeep
|turn|9
|
|move|p2a: Corviknight|Roost|p2a: Corviknight
|-heal|p2a: Corviknight|100/100
|-singleturn|p2a: Corviknight|move: Roost
|move|p1a: Corsola|Night Shade|p2a: Corviknight
|-end|p2a: Corviknight|Substitute
|
|upkeep
|turn|10
|
|switch|p1a: Toxapex|Toxapex, M|100/100
|move|p2a: Corviknight|Substitute|p2a: Corviknight
|-start|p2a: Corviknight|Substitute
|-damage|p2a: Corviknight|75/100
|
|-heal|p2a: Corviknight|82/100|[from] item: Leftovers
|upkeep
|turn|11
|
|move|p2a: Corviknight|Bulk Up|p2a: Corviknight
|-boost|p2a: Corviknight|atk|1
|-boost|p2a: Corviknight|def|1
|move|p1a: Toxapex|Haze|p1a: Toxapex
|-clearallboost
|
|-heal|p2a: Corviknight|88/100|[from] item: Leftovers
|upkeep
|turn|12
|
|move|p2a: Corviknight|Iron Head|p1a: Toxapex
|-resisted|p1a: Toxapex
|-damage|p1a: Toxapex|94/100
|cant|p1a: Toxapex|flinch
|
|-heal|p2a: Corviknight|94/100|[from] item: Leftovers
|-heal|p1a: Toxapex|99/100|[from] item: Black Sludge
|upkeep
|turn|13
|
|switch|p2a: Toxapex|Toxapex, F|100/100
|move|p1a: Toxapex|Scald|p2a: Toxapex
|-resisted|p2a: Toxapex
|-crit|p2a: Toxapex
|-damage|p2a: Toxapex|91/100
|
|-heal|p1a: Toxapex|100/100|[from] item: Black Sludge
|-heal|p2a: Toxapex|97/100|[from] item: Black Sludge
|upkeep
|turn|14
|
|switch|p1a: Xatu|Xatu, F|100/100
|move|p2a: Toxapex|Scald|p1a: Xatu
|-damage|p1a: Xatu|86/100
|
|-heal|p1a: Xatu|92/100|[from] item: Leftovers
|-heal|p2a: Toxapex|100/100|[from] item: Black Sludge
|upkeep
|turn|15
|
|switch|p2a: Hydreigon|Hydreigon, M|100/100
|move|p1a: Xatu|Teleport|p1a: Xatu
|
|switch|p1a: Dugtrio|Dugtrio, F|100/100|[from]move: Teleport
|
|upkeep
|turn|16
|
|move|p2a: Hydreigon|Dark Pulse|p1a: Dugtrio
|-damage|p1a: Dugtrio|9/100
|move|p1a: Dugtrio|Reversal|p2a: Hydreigon
|-supereffective|p2a: Hydreigon
|-damage|p2a: Hydreigon|8/100
|
|upkeep
|turn|17
|
|switch|p1a: Ferrothorn|Ferrothorn, F|100/100
|move|p2a: Hydreigon|Dark Pulse|p1a: Ferrothorn
|-damage|p1a: Ferrothorn|76/100
|
|-heal|p1a: Ferrothorn|82/100|[from] item: Leftovers
|upkeep
|turn|18
|
|switch|p2a: Aegislash|Aegislash, M|100/100
|move|p1a: Ferrothorn|Spikes|p2a: Aegislash
|-sidestart|p2: ColdSpring|Spikes
|
|-heal|p1a: Ferrothorn|88/100|[from] item: Leftovers
|upkeep
|turn|19
|
|move|p2a: Aegislash|Substitute|p2a: Aegislash
|-start|p2a: Aegislash|Substitute
|-damage|p2a: Aegislash|75/100
|move|p1a: Ferrothorn|Leech Seed||[still]
|-fail|p1a: Ferrothorn
|
|-heal|p2a: Aegislash|82/100|[from] item: Leftovers
|-heal|p1a: Ferrothorn|94/100|[from] item: Leftovers
|upkeep
|turn|20
|
|-formechange|p2a: Aegislash|Aegislash-Blade||[from] ability: Stance Change
|move|p2a: Aegislash|Close Combat|p1a: Ferrothorn
|-supereffective|p1a: Ferrothorn
|-damage|p1a: Ferrothorn|13/100
|-damage|p2a: Aegislash|69/100|[from] ability: Iron Barbs|[of] p1a: Ferrothorn
|-unboost|p2a: Aegislash|def|1
|-unboost|p2a: Aegislash|spd|1
|move|p1a: Ferrothorn|Knock Off|p2a: Aegislash
|-supereffective|p2a: Aegislash
|-end|p2a: Aegislash|Substitute
|
|-heal|p2a: Aegislash|75/100|[from] item: Leftovers
|-heal|p1a: Ferrothorn|19/100|[from] item: Leftovers
|upkeep
|turn|21
|
|move|p2a: Aegislash|Shadow Claw|p1a: Ferrothorn
|-crit|p1a: Ferrothorn
|-damage|p1a: Ferrothorn|0 fnt
|-damage|p2a: Aegislash|63/100|[from] ability: Iron Barbs|[of] p1a: Ferrothorn
|faint|p1a: Ferrothorn
|
|-heal|p2a: Aegislash|69/100|[from] item: Leftovers
|upkeep
|
|switch|p1a: Toxapex|Toxapex, M|100/100
|turn|22
|
|switch|p2a: Corviknight|Corviknight, M|94/100
|-ability|p2a: Corviknight|Pressure
|move|p1a: Toxapex|Scald|p2a: Corviknight
|-damage|p2a: Corviknight|81/100
|
|-heal|p2a: Corviknight|88/100|[from] item: Leftovers
|upkeep
|turn|23
|
|switch|p1a: Corsola|Corsola-Galar, F|100/100
|move|p2a: Corviknight|Substitute|p2a: Corviknight
|-start|p2a: Corviknight|Substitute
|-damage|p2a: Corviknight|63/100
|
|-heal|p2a: Corviknight|69/100|[from] item: Leftovers
|upkeep
|turn|24
|
|move|p2a: Corviknight|Iron Head|p1a: Corsola
|-damage|p1a: Corsola|87/100
|move|p1a: Corsola|Stealth Rock|p2a: Corviknight
|-sidestart|p2: ColdSpring|move: Stealth Rock
|
|-heal|p2a: Corviknight|75/100|[from] item: Leftovers
|upkeep
|turn|25
|
|switch|p1a: Toxapex|Toxapex, M|100/100
|move|p2a: Corviknight|Bulk Up|p2a: Corviknight
|-boost|p2a: Corviknight|atk|1
|-boost|p2a: Corviknight|def|1
|
|-heal|p2a: Corviknight|81/100|[from] item: Leftovers
|upkeep
|turn|26
|
|move|p2a: Corviknight|Iron Head|p1a: Toxapex
|-resisted|p1a: Toxapex
|-damage|p1a: Toxapex|90/100
|move|p1a: Toxapex|Toxic Spikes|p2a: Corviknight
|-sidestart|p2: ColdSpring|move: Toxic Spikes
|
|-heal|p2a: Corviknight|88/100|[from] item: Leftovers
|-heal|p1a: Toxapex|97/100|[from] item: Black Sludge
|upkeep
|turn|27
|
|move|p2a: Corviknight|Roost|p2a: Corviknight
|-heal|p2a: Corviknight|100/100
|-singleturn|p2a: Corviknight|move: Roost
|move|p1a: Toxapex|Haze|p1a: Toxapex
|-clearallboost
|
|-heal|p1a: Toxapex|100/100|[from] item: Black Sludge
|upkeep
|turn|28
|
|switch|p2a: Cinderace|Cinderace, M|100/100
|move|p1a: Toxapex|Scald|p2a: Cinderace
|-supereffective|p2a: Cinderace
|-damage|p2a: Cinderace|52/100
|
|upkeep
|turn|29
|
|switch|p1a: Dragapult|Dragapult, M|100/100
|move|p2a: Cinderace|Court Change|p2a: Cinderace
|-sideend|p2: ColdSpring|Spikes|[silent]
|-sidestart|p1: DugFREELo|Spikes|[silent]
|-sideend|p2: ColdSpring|Toxic Spikes|[silent]
|-sidestart|p1: DugFREELo|Toxic Spikes|[silent]
|-sideend|p2: ColdSpring|Stealth Rock|[silent]
|-sidestart|p1: DugFREELo|Stealth Rock|[silent]
|-activate|p2a: Cinderace|move: Court Change
|
|upkeep
|turn|30
|
|switch|p2a: Corviknight|Corviknight, M|100/100
|-ability|p2a: Corviknight|Pressure
|move|p1a: Dragapult|Dragon Darts|p2a: Corviknight
|-resisted|p2a: Corviknight
|-damage|p2a: Corviknight|87/100
|-resisted|p2a: Corviknight
|-damage|p2a: Corviknight|73/100
|-hitcount|p2a: Corviknight|2
|
|-heal|p2a: Corviknight|79/100|[from] item: Leftovers
|upkeep
|turn|31
|
|switch|p1a: Toxapex|Toxapex, M|100/100
|-damage|p1a: Toxapex|88/100|[from] Stealth Rock
|-damage|p1a: Toxapex|75/100|[from] Spikes
|-sideend|p1: DugFREELo|move: Toxic Spikes|[of] p1a: Toxapex
|move|p2a: Corviknight|Bulk Up|p2a: Corviknight
|-boost|p2a: Corviknight|atk|1
|-boost|p2a: Corviknight|def|1
|
|-heal|p2a: Corviknight|85/100|[from] item: Leftovers
|-heal|p1a: Toxapex|82/100|[from] item: Black Sludge
|upkeep
|turn|32
|
|switch|p2a: Toxapex|Toxapex, F|100/100
|move|p1a: Toxapex|Haze|p1a: Toxapex
|-clearallboost
|
|-heal|p1a: Toxapex|88/100|[from] item: Black Sludge
|upkeep
|turn|33
|
|switch|p1a: Corsola|Corsola-Galar, F|87/100
|-damage|p1a: Corsola|75/100|[from] Stealth Rock
|-damage|p1a: Corsola|63/100|[from] Spikes
|move|p2a: Toxapex|Scald|p1a: Corsola
|-damage|p1a: Corsola|50/100
|
|upkeep
|turn|34
|
|move|p2a: Toxapex|Scald|p1a: Corsola
|-damage|p1a: Corsola|38/100
|move|p1a: Corsola|Strength Sap|p2a: Toxapex
|-unboost|p2a: Toxapex|atk|1
|-heal|p1a: Corsola|74/100
|
|upkeep
|turn|35
|
|switch|p2a: Corviknight|Corviknight, M|85/100
|-ability|p2a: Corviknight|Pressure
|move|p1a: Corsola|Stealth Rock|p2a: Corviknight
|-sidestart|p2: ColdSpring|move: Stealth Rock
|
|-heal|p2a: Corviknight|91/100|[from] item: Leftovers
|upkeep
|turn|36
|
|move|p2a: Corviknight|Bulk Up|p2a: Corviknight
|-boost|p2a: Corviknight|atk|1
|-boost|p2a: Corviknight|def|1
|move|p1a: Corsola|Night Shade|p2a: Corviknight
|-damage|p2a: Corviknight|66/100
|
|-heal|p2a: Corviknight|73/100|[from] item: Leftovers
|upkeep
|turn|37
|
|switch|p1a: Toxapex|Toxapex, M|100/100
|-damage|p1a: Toxapex|88/100|[from] Stealth Rock
|-damage|p1a: Toxapex|75/100|[from] Spikes
|move|p2a: Corviknight|Substitute|p2a: Corviknight
|-start|p2a: Corviknight|Substitute
|-damage|p2a: Corviknight|48/100
|
|-heal|p2a: Corviknight|54/100|[from] item: Leftovers
|-heal|p1a: Toxapex|82/100|[from] item: Black Sludge
|upkeep
|turn|38
|
|move|p2a: Corviknight|Iron Head|p1a: Toxapex
|-resisted|p1a: Toxapex
|-damage|p1a: Toxapex|70/100
|move|p1a: Toxapex|Toxic Spikes|p2a: Corviknight
|-sidestart|p2: ColdSpring|move: Toxic Spikes
|
|-heal|p2a: Corviknight|60/100|[from] item: Leftovers
|-heal|p1a: Toxapex|76/100|[from] item: Black Sludge
|upkeep
|turn|39
|
|move|p2a: Corviknight|Iron Head|p1a: Toxapex
|-resisted|p1a: Toxapex
|-damage|p1a: Toxapex|65/100
|cant|p1a: Toxapex|flinch
|
|-heal|p2a: Corviknight|66/100|[from] item: Leftovers
|-heal|p1a: Toxapex|71/100|[from] item: Black Sludge
|upkeep
|turn|40
|
|move|p2a: Corviknight|Iron Head|p1a: Toxapex
|-resisted|p1a: Toxapex
|-damage|p1a: Toxapex|60/100
|move|p1a: Toxapex|Haze|p1a: Toxapex
|-clearallboost
|
|-heal|p2a: Corviknight|73/100|[from] item: Leftovers
|-heal|p1a: Toxapex|67/100|[from] item: Black Sludge
|upkeep
|turn|41
|
|move|p2a: Corviknight|Iron Head|p1a: Toxapex
|-resisted|p1a: Toxapex
|-damage|p1a: Toxapex|60/100
|move|p1a: Toxapex|Recover|p1a: Toxapex
|-heal|p1a: Toxapex|100/100
|
|-heal|p2a: Corviknight|79/100|[from] item: Leftovers
|upkeep
|turn|42
|
|switch|p2a: Aegislash|Aegislash, M|69/100
|-damage|p2a: Aegislash|63/100|[from] Stealth Rock
|move|p1a: Toxapex|Scald|p2a: Aegislash
|-damage|p2a: Aegislash|49/100
|-status|p2a: Aegislash|brn
|
|-heal|p2a: Aegislash|55/100 brn|[from] item: Leftovers
|-damage|p2a: Aegislash|49/100 brn|[from] brn
|upkeep
|turn|43
|
|move|p2a: Aegislash|Substitute|p2a: Aegislash
|-start|p2a: Aegislash|Substitute
|-damage|p2a: Aegislash|24/100 brn
|move|p1a: Toxapex|Scald|p2a: Aegislash
|-activate|p2a: Aegislash|move: Substitute|[damage]
|
|-heal|p2a: Aegislash|30/100 brn|[from] item: Leftovers
|-damage|p2a: Aegislash|24/100 brn|[from] brn
|upkeep
|turn|44
|
|move|p2a: Aegislash|King's Shield|p2a: Aegislash
|-singleturn|p2a: Aegislash|Protect
|move|p1a: Toxapex|Scald|p2a: Aegislash
|-activate|p2a: Aegislash|move: Protect
|
|-heal|p2a: Aegislash|30/100 brn|[from] item: Leftovers
|-damage|p2a: Aegislash|24/100 brn|[from] brn
|upkeep
|turn|45
|
|-formechange|p2a: Aegislash|Aegislash-Blade||[from] ability: Stance Change
|move|p2a: Aegislash|Close Combat|p1a: Toxapex
|-resisted|p1a: Toxapex
|-damage|p1a: Toxapex|93/100
|-unboost|p2a: Aegislash|def|1
|-unboost|p2a: Aegislash|spd|1
|move|p1a: Toxapex|Scald|p2a: Aegislash
|-end|p2a: Aegislash|Substitute
|
|-heal|p2a: Aegislash|30/100 brn|[from] item: Leftovers
|-heal|p1a: Toxapex|99/100|[from] item: Black Sludge
|-damage|p2a: Aegislash|24/100 brn|[from] brn
|upkeep
|turn|46
|
|move|p2a: Aegislash|Shadow Claw|p1a: Toxapex
|-damage|p1a: Toxapex|85/100
|move|p1a: Toxapex|Scald|p2a: Aegislash
|-damage|p2a: Aegislash|0 fnt
|faint|p2a: Aegislash
|
|-heal|p1a: Toxapex|92/100|[from] item: Black Sludge
|upkeep
|
|switch|p2a: Toxapex|Toxapex, F|100/100
|-damage|p2a: Toxapex|88/100|[from] Stealth Rock
|-sideend|p2: ColdSpring|move: Toxic Spikes|[of] p2a: Toxapex
|turn|47
|
|switch|p1a: Xatu|Xatu, F|92/100
|-damage|p1a: Xatu|67/100|[from] Stealth Rock
|move|p2a: Toxapex|Recover|p2a: Toxapex
|-heal|p2a: Toxapex|100/100
|
|-heal|p1a: Xatu|73/100|[from] item: Leftovers
|upkeep
|turn|48
|
|move|p1a: Xatu|Roost|p1a: Xatu
|-heal|p1a: Xatu|100/100
|-singleturn|p1a: Xatu|move: Roost
|move|p2a: Toxapex|Scald|p1a: Xatu
|-damage|p1a: Xatu|83/100
|
|-heal|p1a: Xatu|89/100|[from] item: Leftovers
|upkeep
|turn|49
|
|move|p2a: Toxapex|Scald|p1a: Xatu
|-damage|p1a: Xatu|75/100
|-status|p1a: Xatu|brn
|move|p1a: Xatu|Teleport|p1a: Xatu
|
|switch|p1a: Dugtrio|Dugtrio, F|9/100|[from]move: Teleport
|-damage|p1a: Dugtrio|3/100|[from] Stealth Rock
|-damage|p1a: Dugtrio|0 fnt|[from] Spikes
|faint|p1a: Dugtrio
|
|upkeep
|
|switch|p1a: Corsola|Corsola-Galar, F|74/100
|-damage|p1a: Corsola|62/100|[from] Stealth Rock
|-damage|p1a: Corsola|50/100|[from] Spikes
|turn|50
|
|move|p2a: Toxapex|Scald|p1a: Corsola
|-damage|p1a: Corsola|38/100
|-status|p1a: Corsola|brn
|move|p1a: Corsola|Strength Sap|p2a: Toxapex
|-unboost|p2a: Toxapex|atk|1
|-heal|p1a: Corsola|74/100 brn
|
|-damage|p1a: Corsola|67/100 brn|[from] brn
|upkeep
|turn|51
|
|move|p2a: Toxapex|Scald|p1a: Corsola
|-damage|p1a: Corsola|55/100 brn
|-start|p2a: Toxapex|Disable|Scald|[from] ability: Cursed Body|[of] p1a: Corsola
|move|p1a: Corsola|Will-O-Wisp|p2a: Toxapex
|-status|p2a: Toxapex|brn
|
|-damage|p2a: Toxapex|94/100 brn|[from] brn
|-damage|p1a: Corsola|49/100 brn|[from] brn
|upkeep
|turn|52
|
|move|p2a: Toxapex|Recover|p2a: Toxapex
|-heal|p2a: Toxapex|100/100 brn
|move|p1a: Corsola|Strength Sap|p2a: Toxapex
|-unboost|p2a: Toxapex|atk|1
|-heal|p1a: Corsola|73/100 brn
|
|-damage|p2a: Toxapex|94/100 brn|[from] brn
|-damage|p1a: Corsola|67/100 brn|[from] brn
|upkeep
|turn|53
|
|switch|p1a: Xatu|Xatu, F|75/100 brn
|-damage|p1a: Xatu|50/100 brn|[from] Stealth Rock
|move|p2a: Toxapex|Baneful Bunker||[still]
|-fail|p2a: Toxapex
|
|-heal|p1a: Xatu|56/100 brn|[from] item: Leftovers
|-heal|p2a: Toxapex|100/100 brn|[from] item: Black Sludge
|-damage|p1a: Xatu|50/100 brn|[from] brn
|-damage|p2a: Toxapex|94/100 brn|[from] brn
|upkeep
|turn|54
|
|move|p1a: Xatu|Roost|p1a: Xatu
|-heal|p1a: Xatu|99/100 brn
|-singleturn|p1a: Xatu|move: Roost
|move|p2a: Toxapex|Recover|p2a: Toxapex
|-heal|p2a: Toxapex|100/100 brn
|
|-heal|p1a: Xatu|100/100 brn|[from] item: Leftovers
|-damage|p1a: Xatu|95/100 brn|[from] brn
|-damage|p2a: Toxapex|94/100 brn|[from] brn
|-end|p2a: Toxapex|Disable
|upkeep
|turn|55
|
|move|p1a: Xatu|Night Shade|p2a: Toxapex
|-damage|p2a: Toxapex|61/100 brn
|move|p2a: Toxapex|Haze|p2a: Toxapex
|-clearallboost
|
|-heal|p1a: Xatu|100/100 brn|[from] item: Leftovers
|-heal|p2a: Toxapex|68/100 brn|[from] item: Black Sludge
|-damage|p1a: Xatu|95/100 brn|[from] brn
|-damage|p2a: Toxapex|61/100 brn|[from] brn
|upkeep
|turn|56
|
|switch|p2a: Corviknight|Corviknight, M|79/100
|-damage|p2a: Corviknight|66/100|[from] Stealth Rock
|-ability|p2a: Corviknight|Pressure
|move|p1a: Xatu|Night Shade|p2a: Corviknight
|-damage|p2a: Corviknight|41/100
|
|-heal|p1a: Xatu|100/100 brn|[from] item: Leftovers
|-heal|p2a: Corviknight|48/100|[from] item: Leftovers
|-damage|p1a: Xatu|95/100 brn|[from] brn
|upkeep
|turn|57
|
|move|p1a: Xatu|Night Shade|p2a: Corviknight
|-damage|p2a: Corviknight|23/100
|move|p2a: Corviknight|Roost|p2a: Corviknight
|-heal|p2a: Corviknight|73/100
|-singleturn|p2a: Corviknight|move: Roost
|
|-heal|p1a: Xatu|100/100 brn|[from] item: Leftovers
|-heal|p2a: Corviknight|79/100|[from] item: Leftovers
|-damage|p1a: Xatu|95/100 brn|[from] brn
|upkeep
|turn|58
|
|move|p1a: Xatu|Feather Dance|p2a: Corviknight
|-unboost|p2a: Corviknight|atk|2
|move|p2a: Corviknight|Roost|p2a: Corviknight
|-heal|p2a: Corviknight|100/100
|-singleturn|p2a: Corviknight|move: Roost
|
|-heal|p1a: Xatu|100/100 brn|[from] item: Leftovers
|-damage|p1a: Xatu|95/100 brn|[from] brn
|upkeep
|turn|59
|
|move|p1a: Xatu|Night Shade|p2a: Corviknight
|-damage|p2a: Corviknight|75/100
|move|p2a: Corviknight|Substitute|p2a: Corviknight
|-start|p2a: Corviknight|Substitute
|-damage|p2a: Corviknight|50/100
|
|-heal|p1a: Xatu|100/100 brn|[from] item: Leftovers
|-heal|p2a: Corviknight|57/100|[from] item: Leftovers
|-damage|p1a: Xatu|95/100 brn|[from] brn
|upkeep
|turn|60
|
|move|p1a: Xatu|Night Shade|p2a: Corviknight
|-end|p2a: Corviknight|Substitute
|move|p2a: Corviknight|Roost|p2a: Corviknight
|-heal|p2a: Corviknight|100/100
|-singleturn|p2a: Corviknight|move: Roost
|
|-heal|p1a: Xatu|100/100 brn|[from] item: Leftovers
|-damage|p1a: Xatu|95/100 brn|[from] brn
|upkeep
|turn|61
|
|move|p1a: Xatu|Night Shade|p2a: Corviknight
|-damage|p2a: Corviknight|75/100
|move|p2a: Corviknight|Substitute|p2a: Corviknight
|-start|p2a: Corviknight|Substitute
|-damage|p2a: Corviknight|50/100
|
|-heal|p1a: Xatu|100/100 brn|[from] item: Leftovers
|-heal|p2a: Corviknight|57/100|[from] item: Leftovers
|-damage|p1a: Xatu|95/100 brn|[from] brn
|upkeep
|turn|62
|
|move|p1a: Xatu|Night Shade|p2a: Corviknight
|-end|p2a: Corviknight|Substitute
|move|p2a: Corviknight|Roost|p2a: Corviknight
|-heal|p2a: Corviknight|100/100
|-singleturn|p2a: Corviknight|move: Roost
|
|-heal|p1a: Xatu|100/100 brn|[from] item: Leftovers
|-damage|p1a: Xatu|95/100 brn|[from] brn
|upkeep
|turn|63
|
|move|p1a: Xatu|Feather Dance|p2a: Corviknight
|-unboost|p2a: Corviknight|atk|2
|move|p2a: Corviknight|Bulk Up|p2a: Corviknight
|-boost|p2a: Corviknight|atk|1
|-boost|p2a: Corviknight|def|1
|
|-heal|p1a: Xatu|100/100 brn|[from] item: Leftovers
|-damage|p1a: Xatu|95/100 brn|[from] brn
|upkeep
|turn|64
|
|move|p1a: Xatu|Feather Dance|p2a: Corviknight
|-unboost|p2a: Corviknight|atk|2
|move|p2a: Corviknight|Bulk Up|p2a: Corviknight
|-boost|p2a: Corviknight|atk|1
|-boost|p2a: Corviknight|def|1
|
|-heal|p1a: Xatu|100/100 brn|[from] item: Leftovers
|-damage|p1a: Xatu|95/100 brn|[from] brn
|upkeep
|turn|65
|
|move|p1a: Xatu|Night Shade|p2a: Corviknight
|-damage|p2a: Corviknight|75/100
|move|p2a: Corviknight|Bulk Up|p2a: Corviknight
|-boost|p2a: Corviknight|atk|1
|-boost|p2a: Corviknight|def|1
|
|-heal|p1a: Xatu|100/100 brn|[from] item: Leftovers
|-heal|p2a: Corviknight|82/100|[from] item: Leftovers
|-damage|p1a: Xatu|95/100 brn|[from] brn
|upkeep
|turn|66
|
|move|p2a: Corviknight|Bulk Up|p2a: Corviknight
|-boost|p2a: Corviknight|atk|1
|-boost|p2a: Corviknight|def|1
|move|p1a: Xatu|Teleport|p1a: Xatu
|
|switch|p1a: Corsola|Corsola-Galar, F|67/100 brn|[from]move: Teleport
|-damage|p1a: Corsola|55/100 brn|[from] Stealth Rock
|-damage|p1a: Corsola|42/100 brn|[from] Spikes
|
|-heal|p2a: Corviknight|88/100|[from] item: Leftovers
|-damage|p1a: Corsola|36/100 brn|[from] brn
|upkeep
|turn|67
|
|switch|p2a: Toxapex|Toxapex, F|95/100 brn
|-damage|p2a: Toxapex|82/100 brn|[from] Stealth Rock
|move|p1a: Corsola|Strength Sap|p2a: Toxapex
|-unboost|p2a: Toxapex|atk|1
|-heal|p1a: Corsola|72/100 brn
|
|-heal|p2a: Toxapex|88/100 brn|[from] item: Black Sludge
|-damage|p2a: Toxapex|82/100 brn|[from] brn
|-damage|p1a: Corsola|66/100 brn|[from] brn
|upkeep
|turn|68
|
|switch|p1a: Xatu|Xatu, F|95/100 brn
|-damage|p1a: Xatu|70/100 brn|[from] Stealth Rock
|move|p2a: Toxapex|Scald|p1a: Xatu
|-damage|p1a: Xatu|54/100 brn
|
|-heal|p1a: Xatu|60/100 brn|[from] item: Leftovers
|-heal|p2a: Toxapex|88/100 brn|[from] item: Black Sludge
|-damage|p1a: Xatu|54/100 brn|[from] brn
|-damage|p2a: Toxapex|82/100 brn|[from] brn
|upkeep
|turn|69
|
|switch|p2a: Corviknight|Corviknight, M|88/100
|-damage|p2a: Corviknight|75/100|[from] Stealth Rock
|-ability|p2a: Corviknight|Pressure
|move|p1a: Xatu|Roost|p1a: Xatu
|-heal|p1a: Xatu|100/100 brn
|-singleturn|p1a: Xatu|move: Roost
|
|-heal|p2a: Corviknight|82/100|[from] item: Leftovers
|-damage|p1a: Xatu|95/100 brn|[from] brn
|upkeep
|turn|70
|
|move|p1a: Xatu|Night Shade|p2a: Corviknight
|-damage|p2a: Corviknight|57/100
|move|p2a: Corviknight|Bulk Up|p2a: Corviknight
|-boost|p2a: Corviknight|atk|1
|-boost|p2a: Corviknight|def|1
|
|-heal|p1a: Xatu|100/100 brn|[from] item: Leftovers
|-heal|p2a: Corviknight|63/100|[from] item: Leftovers
|-damage|p1a: Xatu|95/100 brn|[from] brn
|upkeep
|turn|71
|
|move|p1a: Xatu|Feather Dance|p2a: Corviknight
|-unboost|p2a: Corviknight|atk|2
|move|p2a: Corviknight|Bulk Up|p2a: Corviknight
|-boost|p2a: Corviknight|atk|1
|-boost|p2a: Corviknight|def|1
|
|-heal|p1a: Xatu|100/100 brn|[from] item: Leftovers
|-heal|p2a: Corviknight|69/100|[from] item: Leftovers
|-damage|p1a: Xatu|95/100 brn|[from] brn
|upkeep
|turn|72
|
|move|p1a: Xatu|Feather Dance|p2a: Corviknight
|-unboost|p2a: Corviknight|atk|2
|move|p2a: Corviknight|Bulk Up|p2a: Corviknight
|-boost|p2a: Corviknight|atk|1
|-boost|p2a: Corviknight|def|1
|
|-heal|p1a: Xatu|100/100 brn|[from] item: Leftovers
|-heal|p2a: Corviknight|75/100|[from] item: Leftovers
|-damage|p1a: Xatu|95/100 brn|[from] brn
|upkeep
|turn|73
|
|move|p1a: Xatu|Night Shade|p2a: Corviknight
|-damage|p2a: Corviknight|50/100
|move|p2a: Corviknight|Bulk Up|p2a: Corviknight
|-boost|p2a: Corviknight|atk|1
|-boost|p2a: Corviknight|def|1
|
|-heal|p1a: Xatu|100/100 brn|[from] item: Leftovers
|-heal|p2a: Corviknight|57/100|[from] item: Leftovers
|-damage|p1a: Xatu|95/100 brn|[from] brn
|upkeep
|turn|74
|
|move|p1a: Xatu|Feather Dance|p2a: Corviknight
|-unboost|p2a: Corviknight|atk|2
|move|p2a: Corviknight|Roost|p2a: Corviknight
|-heal|p2a: Corviknight|100/100
|-singleturn|p2a: Corviknight|move: Roost
|
|-heal|p1a: Xatu|100/100 brn|[from] item: Leftovers
|-damage|p1a: Xatu|95/100 brn|[from] brn
|upkeep
|turn|75
|
|move|p2a: Corviknight|Bulk Up|p2a: Corviknight
|-boost|p2a: Corviknight|atk|1
|-boost|p2a: Corviknight|def|1
|move|p1a: Xatu|Teleport|p1a: Xatu
|
|switch|p1a: Toxapex|Toxapex, M|100/100|[from]move: Teleport
|-damage|p1a: Toxapex|88/100|[from] Stealth Rock
|-damage|p1a: Toxapex|75/100|[from] Spikes
|
|-heal|p1a: Toxapex|82/100|[from] item: Black Sludge
|upkeep
|turn|76
|
|switch|p2a: Toxapex|Toxapex, F|100/100 brn
|-damage|p2a: Toxapex|88/100 brn|[from] Stealth Rock
|move|p1a: Toxapex|Scald|p2a: Toxapex
|-resisted|p2a: Toxapex
|-damage|p2a: Toxapex|81/100 brn
|
|-heal|p1a: Toxapex|88/100|[from] item: Black Sludge
|-heal|p2a: Toxapex|87/100 brn|[from] item: Black Sludge
|-damage|p2a: Toxapex|81/100 brn|[from] brn
|upkeep
|turn|77
|
|switch|p1a: Xatu|Xatu, F|95/100 brn
|-damage|p1a: Xatu|70/100 brn|[from] Stealth Rock
|move|p2a: Toxapex|Scald|p1a: Xatu
|-damage|p1a: Xatu|54/100 brn
|
|-heal|p1a: Xatu|60/100 brn|[from] item: Leftovers
|-heal|p2a: Toxapex|87/100 brn|[from] item: Black Sludge
|-damage|p1a: Xatu|54/100 brn|[from] brn
|-damage|p2a: Toxapex|81/100 brn|[from] brn
|upkeep
|turn|78
|
|switch|p2a: Corviknight|Corviknight, M|100/100
|-damage|p2a: Corviknight|88/100|[from] Stealth Rock
|-ability|p2a: Corviknight|Pressure
|move|p1a: Xatu|Roost|p1a: Xatu
|-heal|p1a: Xatu|100/100 brn
|-singleturn|p1a: Xatu|move: Roost
|
|-heal|p2a: Corviknight|94/100|[from] item: Leftovers
|-damage|p1a: Xatu|95/100 brn|[from] brn
|upkeep
|turn|79
|
|move|p1a: Xatu|Feather Dance|p2a: Corviknight
|-unboost|p2a: Corviknight|atk|2
|move|p2a: Corviknight|Bulk Up|p2a: Corviknight
|-boost|p2a: Corviknight|atk|1
|-boost|p2a: Corviknight|def|1
|
|-heal|p1a: Xatu|100/100 brn|[from] item: Leftovers
|-heal|p2a: Corviknight|100/100|[from] item: Leftovers
|-damage|p1a: Xatu|95/100 brn|[from] brn
|upkeep
|turn|80
|
|move|p2a: Corviknight|Bulk Up|p2a: Corviknight
|-boost|p2a: Corviknight|atk|1
|-boost|p2a: Corviknight|def|1
|move|p1a: Xatu|Teleport|p1a: Xatu
|
|switch|p1a: Toxapex|Toxapex, M|100/100|[from]move: Teleport
|-damage|p1a: Toxapex|88/100|[from] Spikes
|-damage|p1a: Toxapex|75/100|[from] Stealth Rock
|
|-heal|p1a: Toxapex|82/100|[from] item: Black Sludge
|upkeep
|turn|81
|
|switch|p2a: Toxapex|Toxapex, F|100/100 brn
|-damage|p2a: Toxapex|88/100 brn|[from] Stealth Rock
|move|p1a: Toxapex|Toxic Spikes|p2a: Toxapex
|-sidestart|p2: ColdSpring|move: Toxic Spikes
|
|-heal|p1a: Toxapex|88/100|[from] item: Black Sludge
|-heal|p2a: Toxapex|94/100 brn|[from] item: Black Sludge
|-damage|p2a: Toxapex|88/100 brn|[from] brn
|upkeep
|turn|82
|
|move|p2a: Toxapex|Scald|p1a: Toxapex
|-resisted|p1a: Toxapex
|-damage|p1a: Toxapex|81/100
|move|p1a: Toxapex|Scald|p2a: Toxapex
|-resisted|p2a: Toxapex
|-damage|p2a: Toxapex|81/100 brn
|
|-heal|p1a: Toxapex|87/100|[from] item: Black Sludge
|-heal|p2a: Toxapex|87/100 brn|[from] item: Black Sludge
|-damage|p2a: Toxapex|81/100 brn|[from] brn
|upkeep
|turn|83
|
|move|p2a: Toxapex|Scald|p1a: Toxapex
|-resisted|p1a: Toxapex
|-damage|p1a: Toxapex|80/100
|move|p1a: Toxapex|Haze|p1a: Toxapex
|-clearallboost
|
|-heal|p1a: Toxapex|86/100|[from] item: Black Sludge
|-heal|p2a: Toxapex|87/100 brn|[from] item: Black Sludge
|-damage|p2a: Toxapex|81/100 brn|[from] brn
|upkeep
|turn|84
|
|switch|p1a: Xatu|Xatu, F|95/100 brn
|-damage|p1a: Xatu|70/100 brn|[from] Stealth Rock
|move|p2a: Toxapex|Haze|p2a: Toxapex
|-clearallboost
|
|-heal|p1a: Xatu|76/100 brn|[from] item: Leftovers
|-heal|p2a: Toxapex|87/100 brn|[from] item: Black Sludge
|-damage|p1a: Xatu|70/100 brn|[from] brn
|-damage|p2a: Toxapex|81/100 brn|[from] brn
|upkeep
|turn|85
|
|move|p2a: Toxapex|Haze|p2a: Toxapex
|-clearallboost
|move|p1a: Xatu|Teleport|p1a: Xatu
|
|switch|p1a: Dragapult|Dragapult, M|100/100|[from]move: Teleport
|-damage|p1a: Dragapult|88/100|[from] Stealth Rock
|-damage|p1a: Dragapult|76/100|[from] Spikes
|
|-heal|p2a: Toxapex|87/100 brn|[from] item: Black Sludge
|-damage|p2a: Toxapex|81/100 brn|[from] brn
|upkeep
|turn|86
|
|move|p1a: Dragapult|Dragon Darts|p2a: Toxapex
|-damage|p2a: Toxapex|59/100 brn
|-damage|p2a: Toxapex|36/100 brn
|-hitcount|p2a: Toxapex|2
|move|p2a: Toxapex|Recover|p2a: Toxapex
|-heal|p2a: Toxapex|86/100 brn
|
|-heal|p2a: Toxapex|93/100 brn|[from] item: Black Sludge
|-damage|p2a: Toxapex|86/100 brn|[from] brn
|upkeep
|turn|87
|
|move|p1a: Dragapult|Dragon Darts|p2a: Toxapex
|-crit|p2a: Toxapex
|-damage|p2a: Toxapex|53/100 brn
|-damage|p2a: Toxapex|31/100 brn
|-hitcount|p2a: Toxapex|2
|move|p2a: Toxapex|Recover|p2a: Toxapex
|-heal|p2a: Toxapex|81/100 brn
|
|-heal|p2a: Toxapex|87/100 brn|[from] item: Black Sludge
|-damage|p2a: Toxapex|81/100 brn|[from] brn
|upkeep
|turn|88
|
|move|p2a: Toxapex|Baneful Bunker|p2a: Toxapex
|-singleturn|p2a: Toxapex|move: Protect
|move|p1a: Dragapult|Dragon Darts|p2a: Toxapex
|-activate|p2a: Toxapex|move: Protect
|
|-heal|p2a: Toxapex|87/100 brn|[from] item: Black Sludge
|-damage|p2a: Toxapex|81/100 brn|[from] brn
|upkeep
|turn|89
|
|move|p1a: Dragapult|Dragon Darts|p2a: Toxapex
|-damage|p2a: Toxapex|57/100 brn
|-damage|p2a: Toxapex|35/100 brn
|-hitcount|p2a: Toxapex|2
|move|p2a: Toxapex|Recover|p2a: Toxapex
|-heal|p2a: Toxapex|85/100 brn
|
|-heal|p2a: Toxapex|91/100 brn|[from] item: Black Sludge
|-damage|p2a: Toxapex|85/100 brn|[from] brn
|upkeep
|turn|90
|
|move|p2a: Toxapex|Baneful Bunker|p2a: Toxapex
|-singleturn|p2a: Toxapex|move: Protect
|move|p1a: Dragapult|Dragon Darts|p2a: Toxapex
|-activate|p2a: Toxapex|move: Protect
|
|-heal|p2a: Toxapex|91/100 brn|[from] item: Black Sludge
|-damage|p2a: Toxapex|85/100 brn|[from] brn
|upkeep
|turn|91
|
|move|p1a: Dragapult|Dragon Darts|p2a: Toxapex
|-damage|p2a: Toxapex|61/100 brn
|-crit|p2a: Toxapex
|-damage|p2a: Toxapex|25/100 brn
|-hitcount|p2a: Toxapex|2
|move|p2a: Toxapex|Recover|p2a: Toxapex
|-heal|p2a: Toxapex|75/100 brn
|
|-heal|p2a: Toxapex|81/100 brn|[from] item: Black Sludge
|-damage|p2a: Toxapex|75/100 brn|[from] brn
|upkeep
|turn|92
|
|move|p2a: Toxapex|Baneful Bunker|p2a: Toxapex
|-singleturn|p2a: Toxapex|move: Protect
|move|p1a: Dragapult|Dragon Darts|p2a: Toxapex
|-activate|p2a: Toxapex|move: Protect
|
|-heal|p2a: Toxapex|81/100 brn|[from] item: Black Sludge
|-damage|p2a: Toxapex|75/100 brn|[from] brn
|upkeep
|turn|93
|
|move|p1a: Dragapult|Dragon Darts|p2a: Toxapex
|-crit|p2a: Toxapex
|-damage|p2a: Toxapex|41/100 brn
|-damage|p2a: Toxapex|17/100 brn
|-hitcount|p2a: Toxapex|2
|move|p2a: Toxapex|Recover|p2a: Toxapex
|-heal|p2a: Toxapex|67/100 brn
|
|-heal|p2a: Toxapex|73/100 brn|[from] item: Black Sludge
|-damage|p2a: Toxapex|67/100 brn|[from] brn
|upkeep
|turn|94
|
|switch|p1a: Xatu|Xatu, F|70/100 brn
|-damage|p1a: Xatu|45/100 brn|[from] Stealth Rock
|move|p2a: Toxapex|Baneful Bunker||[still]
|-fail|p2a: Toxapex
|
|-heal|p1a: Xatu|51/100 brn|[from] item: Leftovers
|-heal|p2a: Toxapex|73/100 brn|[from] item: Black Sludge
|-damage|p1a: Xatu|45/100 brn|[from] brn
|-damage|p2a: Toxapex|67/100 brn|[from] brn
|upkeep
|turn|95
|
|move|p1a: Xatu|Roost|p1a: Xatu
|-heal|p1a: Xatu|95/100 brn
|-singleturn|p1a: Xatu|move: Roost
|move|p2a: Toxapex|Recover|p2a: Toxapex
|-heal|p2a: Toxapex|100/100 brn
|
|-heal|p1a: Xatu|100/100 brn|[from] item: Leftovers
|-damage|p1a: Xatu|95/100 brn|[from] brn
|-damage|p2a: Toxapex|94/100 brn|[from] brn
|upkeep
|turn|96
|
|switch|p2a: Corviknight|Corviknight, M|100/100
|-damage|p2a: Corviknight|88/100|[from] Stealth Rock
|-ability|p2a: Corviknight|Pressure
|move|p1a: Xatu|Night Shade|p2a: Corviknight
|-damage|p2a: Corviknight|63/100
|
|-heal|p1a: Xatu|100/100 brn|[from] item: Leftovers
|-heal|p2a: Corviknight|69/100|[from] item: Leftovers
|-damage|p1a: Xatu|95/100 brn|[from] brn
|upkeep
|turn|97
|
|move|p2a: Corviknight|Bulk Up|p2a: Corviknight
|-boost|p2a: Corviknight|atk|1
|-boost|p2a: Corviknight|def|1
|move|p1a: Xatu|Teleport|p1a: Xatu
|
|switch|p1a: Toxapex|Toxapex, M|100/100|[from]move: Teleport
|-damage|p1a: Toxapex|88/100|[from] Spikes
|-damage|p1a: Toxapex|75/100|[from] Stealth Rock
|
|-heal|p2a: Corviknight|75/100|[from] item: Leftovers
|-heal|p1a: Toxapex|82/100|[from] item: Black Sludge
|upkeep
|turn|98
|
|switch|p2a: Toxapex|Toxapex, F|100/100 brn
|-damage|p2a: Toxapex|88/100 brn|[from] Stealth Rock
|-sideend|p2: ColdSpring|move: Toxic Spikes|[of] p2a: Toxapex
|move|p1a: Toxapex|Toxic Spikes|p2a: Toxapex
|-sidestart|p2: ColdSpring|move: Toxic Spikes
|
|-heal|p1a: Toxapex|88/100|[from] item: Black Sludge
|-heal|p2a: Toxapex|94/100 brn|[from] item: Black Sludge
|-damage|p2a: Toxapex|88/100 brn|[from] brn
|upkeep
|turn|99
|
|move|p2a: Toxapex|Scald|p1a: Toxapex
|-resisted|p1a: Toxapex
|-damage|p1a: Toxapex|81/100
|move|p1a: Toxapex|Scald|p2a: Toxapex
|-resisted|p2a: Toxapex
|-damage|p2a: Toxapex|81/100 brn
|
|-heal|p1a: Toxapex|87/100|[from] item: Black Sludge
|-heal|p2a: Toxapex|87/100 brn|[from] item: Black Sludge
|-damage|p2a: Toxapex|81/100 brn|[from] brn
|upkeep
|turn|100
|
|switch|p1a: Xatu|Xatu, F|95/100 brn
|-damage|p1a: Xatu|70/100 brn|[from] Stealth Rock
|move|p2a: Toxapex|Haze|p2a: Toxapex
|-clearallboost
|
|-heal|p1a: Xatu|76/100 brn|[from] item: Leftovers
|-heal|p2a: Toxapex|87/100 brn|[from] item: Black Sludge
|-damage|p1a: Xatu|70/100 brn|[from] brn
|-damage|p2a: Toxapex|81/100 brn|[from] brn
|upkeep
|turn|101
|
|switch|p2a: Corviknight|Corviknight, M|75/100
|-damage|p2a: Corviknight|63/100|[from] Stealth Rock
|-ability|p2a: Corviknight|Pressure
|move|p1a: Xatu|Night Shade|p2a: Corviknight
|-damage|p2a: Corviknight|38/100
|
|-heal|p1a: Xatu|76/100 brn|[from] item: Leftovers
|-heal|p2a: Corviknight|44/100|[from] item: Leftovers
|-damage|p1a: Xatu|70/100 brn|[from] brn
|upkeep
|turn|102
|
|move|p2a: Corviknight|Roost|p2a: Corviknight
|-heal|p2a: Corviknight|94/100
|-singleturn|p2a: Corviknight|move: Roost
|move|p1a: Xatu|Teleport|p1a: Xatu
|
|switch|p1a: Toxapex|Toxapex, M|100/100|[from]move: Teleport
|-damage|p1a: Toxapex|88/100|[from] Stealth Rock
|-damage|p1a: Toxapex|75/100|[from] Spikes
|
|-heal|p2a: Corviknight|100/100|[from] item: Leftovers
|-heal|p1a: Toxapex|82/100|[from] item: Black Sludge
|upkeep
|turn|103
|
|switch|p2a: Toxapex|Toxapex, F|100/100 brn
|-damage|p2a: Toxapex|88/100 brn|[from] Stealth Rock
|-sideend|p2: ColdSpring|move: Toxic Spikes|[of] p2a: Toxapex
|move|p1a: Toxapex|Toxic Spikes|p2a: Toxapex
|-sidestart|p2: ColdSpring|move: Toxic Spikes
|
|-heal|p1a: Toxapex|88/100|[from] item: Black Sludge
|-heal|p2a: Toxapex|94/100 brn|[from] item: Black Sludge
|-damage|p2a: Toxapex|88/100 brn|[from] brn
|upkeep
|turn|104
|
|move|p2a: Toxapex|Haze|p2a: Toxapex
|-clearallboost
|move|p1a: Toxapex|Scald|p2a: Toxapex
|-resisted|p2a: Toxapex
|-damage|p2a: Toxapex|81/100 brn
|
|-heal|p1a: Toxapex|94/100|[from] item: Black Sludge
|-heal|p2a: Toxapex|88/100 brn|[from] item: Black Sludge
|-damage|p2a: Toxapex|81/100 brn|[from] brn
|upkeep
|turn|105
|
|move|p2a: Toxapex|Scald|p1a: Toxapex
|-resisted|p1a: Toxapex
|-damage|p1a: Toxapex|87/100
|move|p1a: Toxapex|Toxic Spikes|p2a: Toxapex
|-sidestart|p2: ColdSpring|move: Toxic Spikes
|
|-heal|p1a: Toxapex|94/100|[from] item: Black Sludge
|-heal|p2a: Toxapex|88/100 brn|[from] item: Black Sludge
|-damage|p2a: Toxapex|81/100 brn|[from] brn
|upkeep
|turn|106
|
|switch|p1a: Xatu|Xatu, F|70/100 brn
|-damage|p1a: Xatu|45/100 brn|[from] Stealth Rock
|move|p2a: Toxapex|Haze|p2a: Toxapex
|-clearallboost
|
|-heal|p1a: Xatu|51/100 brn|[from] item: Leftovers
|-heal|p2a: Toxapex|88/100 brn|[from] item: Black Sludge
|-damage|p1a: Xatu|45/100 brn|[from] brn
|-damage|p2a: Toxapex|81/100 brn|[from] brn
|upkeep
|turn|107
|
|switch|p2a: Corviknight|Corviknight, M|100/100
|-damage|p2a: Corviknight|88/100|[from] Stealth Rock
|-ability|p2a: Corviknight|Pressure
|move|p1a: Xatu|Roost|p1a: Xatu
|-heal|p1a: Xatu|95/100 brn
|-singleturn|p1a: Xatu|move: Roost
|
|-heal|p1a: Xatu|100/100 brn|[from] item: Leftovers
|-heal|p2a: Corviknight|94/100|[from] item: Leftovers
|-damage|p1a: Xatu|95/100 brn|[from] brn
|upkeep
|turn|108
|
|move|p1a: Xatu|Feather Dance|p2a: Corviknight
|-unboost|p2a: Corviknight|atk|2
|move|p2a: Corviknight|Bulk Up|p2a: Corviknight
|-boost|p2a: Corviknight|atk|1
|-boost|p2a: Corviknight|def|1
|
|-heal|p1a: Xatu|100/100 brn|[from] item: Leftovers
|-heal|p2a: Corviknight|100/100|[from] item: Leftovers
|-damage|p1a: Xatu|95/100 brn|[from] brn
|upkeep
|turn|109
|
|move|p1a: Xatu|Night Shade|p2a: Corviknight
|-damage|p2a: Corviknight|75/100
|move|p2a: Corviknight|Substitute|p2a: Corviknight
|-start|p2a: Corviknight|Substitute
|-damage|p2a: Corviknight|50/100
|
|-heal|p1a: Xatu|100/100 brn|[from] item: Leftovers
|-heal|p2a: Corviknight|57/100|[from] item: Leftovers
|-damage|p1a: Xatu|95/100 brn|[from] brn
|upkeep
|turn|110
|
|move|p2a: Corviknight|Bulk Up|p2a: Corviknight
|-boost|p2a: Corviknight|atk|1
|-boost|p2a: Corviknight|def|1
|move|p1a: Xatu|Teleport|p1a: Xatu
|
|switch|p1a: Toxapex|Toxapex, M|100/100|[from]move: Teleport
|-damage|p1a: Toxapex|88/100|[from] Spikes
|-damage|p1a: Toxapex|75/100|[from] Stealth Rock
|
|-heal|p2a: Corviknight|63/100|[from] item: Leftovers
|-heal|p1a: Toxapex|82/100|[from] item: Black Sludge
|upkeep
|turn|111
|
|move|p2a: Corviknight|Roost|p2a: Corviknight
|-heal|p2a: Corviknight|100/100
|-singleturn|p2a: Corviknight|move: Roost
|move|p1a: Toxapex|Toxic Spikes||[still]
|-fail|p1a: Toxapex
|
|-heal|p1a: Toxapex|88/100|[from] item: Black Sludge
|upkeep
|turn|112
|
|move|p2a: Corviknight|Iron Head|p1a: Toxapex
|-resisted|p1a: Toxapex
|-damage|p1a: Toxapex|81/100
|move|p1a: Toxapex|Toxic Spikes||[still]
|-fail|p1a: Toxapex
|
|-heal|p1a: Toxapex|87/100|[from] item: Black Sludge
|upkeep
|turn|113
|
|move|p2a: Corviknight|Iron Head|p1a: Toxapex
|-resisted|p1a: Toxapex
|-damage|p1a: Toxapex|80/100
|move|p1a: Toxapex|Haze|p1a: Toxapex
|-clearallboost
|
|-heal|p1a: Toxapex|87/100|[from] item: Black Sludge
|upkeep
|turn|114
|
|switch|p2a: Toxapex|Toxapex, F|100/100 brn
|-sideend|p2: ColdSpring|move: Toxic Spikes|[of] p2a: Toxapex
|-damage|p2a: Toxapex|88/100 brn|[from] Stealth Rock
|move|p1a: Toxapex|Toxic Spikes|p2a: Toxapex
|-sidestart|p2: ColdSpring|move: Toxic Spikes
|
|-heal|p1a: Toxapex|93/100|[from] item: Black Sludge
|-heal|p2a: Toxapex|94/100 brn|[from] item: Black Sludge
|-damage|p2a: Toxapex|88/100 brn|[from] brn
|upkeep
|turn|115
|
|switch|p1a: Xatu|Xatu, F|95/100 brn
|-damage|p1a: Xatu|70/100 brn|[from] Stealth Rock
|move|p2a: Toxapex|Haze|p2a: Toxapex
|-clearallboost
|
|-heal|p1a: Xatu|76/100 brn|[from] item: Leftovers
|-heal|p2a: Toxapex|94/100 brn|[from] item: Black Sludge
|-damage|p1a: Xatu|70/100 brn|[from] brn
|-damage|p2a: Toxapex|88/100 brn|[from] brn
|upkeep
|turn|116
|
|switch|p2a: Corviknight|Corviknight, M|100/100
|-damage|p2a: Corviknight|88/100|[from] Stealth Rock
|-ability|p2a: Corviknight|Pressure
|move|p1a: Xatu|Teleport|p1a: Xatu
|
|switch|p1a: Dragapult|Dragapult, M|76/100|[from]move: Teleport
|-damage|p1a: Dragapult|64/100|[from] Spikes
|-damage|p1a: Dragapult|51/100|[from] Stealth Rock
|
|-heal|p2a: Corviknight|94/100|[from] item: Leftovers
|upkeep
|turn|117
|
|move|p1a: Dragapult|Phantom Force||[still]
|-prepare|p1a: Dragapult|Phantom Force|p2a: Corviknight
|move|p2a: Corviknight|Bulk Up|p2a: Corviknight
|-boost|p2a: Corviknight|atk|1
|-boost|p2a: Corviknight|def|1
|
|-heal|p2a: Corviknight|100/100|[from] item: Leftovers
|upkeep
|turn|118
|
|move|p1a: Dragapult|Phantom Force|p2a: Corviknight|[from]lockedmove
|-damage|p2a: Corviknight|66/100
|move|p2a: Corviknight|Bulk Up|p2a: Corviknight
|-boost|p2a: Corviknight|atk|1
|-boost|p2a: Corviknight|def|1
|
|-heal|p2a: Corviknight|72/100|[from] item: Leftovers
|upkeep
|turn|119
|
|switch|p1a: Toxapex|Toxapex, M|100/100
|-damage|p1a: Toxapex|88/100|[from] Stealth Rock
|-damage|p1a: Toxapex|75/100|[from] Spikes
|move|p2a: Corviknight|Iron Head|p1a: Toxapex
|-resisted|p1a: Toxapex
|-damage|p1a: Toxapex|62/100
|
|-heal|p2a: Corviknight|78/100|[from] item: Leftovers
|-heal|p1a: Toxapex|68/100|[from] item: Black Sludge
|upkeep
|turn|120
|
|switch|p2a: Toxapex|Toxapex, F|100/100 brn
|-damage|p2a: Toxapex|88/100 brn|[from] Stealth Rock
|-sideend|p2: ColdSpring|move: Toxic Spikes|[of] p2a: Toxapex
|move|p1a: Toxapex|Haze|p1a: Toxapex
|-clearallboost
|
|-heal|p1a: Toxapex|74/100|[from] item: Black Sludge
|-heal|p2a: Toxapex|94/100 brn|[from] item: Black Sludge
|-damage|p2a: Toxapex|88/100 brn|[from] brn
|upkeep
|turn|121
|
|move|p2a: Toxapex|Recover|p2a: Toxapex
|-heal|p2a: Toxapex|100/100 brn
|move|p1a: Toxapex|Toxic Spikes|p2a: Toxapex
|-sidestart|p2: ColdSpring|move: Toxic Spikes
|
|-heal|p1a: Toxapex|80/100|[from] item: Black Sludge
|-damage|p2a: Toxapex|94/100 brn|[from] brn
|upkeep
|turn|122
|
|move|p1a: Toxapex|Toxic Spikes|p2a: Toxapex
|-sidestart|p2: ColdSpring|move: Toxic Spikes
|move|p2a: Toxapex|Scald|p1a: Toxapex
|-resisted|p1a: Toxapex
|-damage|p1a: Toxapex|74/100
|
|-heal|p1a: Toxapex|80/100|[from] item: Black Sludge
|-heal|p2a: Toxapex|100/100 brn|[from] item: Black Sludge
|-damage|p2a: Toxapex|94/100 brn|[from] brn
|upkeep
|turn|123
|inactive|DugFREELo has 120 seconds left.
|
|switch|p2a: Cinderace|Cinderace, M|52/100
|move|p1a: Toxapex|Scald|p2a: Cinderace
|-supereffective|p2a: Cinderace
|-damage|p2a: Cinderace|6/100
|
|-heal|p1a: Toxapex|86/100|[from] item: Black Sludge
|upkeep
|turn|124
|
|move|p2a: Cinderace|U-turn|p1a: Toxapex
|-resisted|p1a: Toxapex
|-damage|p1a: Toxapex|80/100
|
|switch|p2a: Corviknight|Corviknight, M|78/100|[from]move: U-turn
|-damage|p2a: Corviknight|66/100|[from] Stealth Rock
|-ability|p2a: Corviknight|Pressure
|move|p1a: Toxapex|Scald|p2a: Corviknight
|-damage|p2a: Corviknight|52/100
|
|-heal|p2a: Corviknight|58/100|[from] item: Leftovers
|-heal|p1a: Toxapex|86/100|[from] item: Black Sludge
|upkeep
|turn|125
|
|switch|p2a: Toxapex|Toxapex, F|100/100 brn
|-sideend|p2: ColdSpring|move: Toxic Spikes|[of] p2a: Toxapex
|-damage|p2a: Toxapex|88/100 brn|[from] Stealth Rock
|move|p1a: Toxapex|Scald|p2a: Toxapex
|-resisted|p2a: Toxapex
|-damage|p2a: Toxapex|81/100 brn
|
|-heal|p1a: Toxapex|92/100|[from] item: Black Sludge
|-heal|p2a: Toxapex|88/100 brn|[from] item: Black Sludge
|-damage|p2a: Toxapex|81/100 brn|[from] brn
|upkeep
|turn|126
|
|move|p1a: Toxapex|Toxic Spikes|p2a: Toxapex
|-sidestart|p2: ColdSpring|move: Toxic Spikes
|move|p2a: Toxapex|Haze|p2a: Toxapex
|-clearallboost
|
|-heal|p1a: Toxapex|99/100|[from] item: Black Sludge
|-heal|p2a: Toxapex|88/100 brn|[from] item: Black Sludge
|-damage|p2a: Toxapex|81/100 brn|[from] brn
|upkeep
|turn|127
|
|move|p1a: Toxapex|Toxic Spikes|p2a: Toxapex
|-sidestart|p2: ColdSpring|move: Toxic Spikes
|move|p2a: Toxapex|Scald|p1a: Toxapex
|-resisted|p1a: Toxapex
|-damage|p1a: Toxapex|92/100
|-status|p1a: Toxapex|brn
|
|-heal|p1a: Toxapex|98/100 brn|[from] item: Black Sludge
|-heal|p2a: Toxapex|88/100 brn|[from] item: Black Sludge
|-damage|p1a: Toxapex|92/100 brn|[from] brn
|-damage|p2a: Toxapex|81/100 brn|[from] brn
|upkeep
|turn|128
|
|move|p1a: Toxapex|Toxic Spikes||[still]
|-fail|p1a: Toxapex
|move|p2a: Toxapex|Scald|p1a: Toxapex
|-resisted|p1a: Toxapex
|-damage|p1a: Toxapex|85/100 brn
|
|-heal|p1a: Toxapex|92/100 brn|[from] item: Black Sludge
|-heal|p2a: Toxapex|88/100 brn|[from] item: Black Sludge
|-damage|p1a: Toxapex|85/100 brn|[from] brn
|-damage|p2a: Toxapex|81/100 brn|[from] brn
|upkeep
|turn|129
|
|move|p1a: Toxapex|Scald|p2a: Toxapex
|-resisted|p2a: Toxapex
|-damage|p2a: Toxapex|74/100 brn
|move|p2a: Toxapex|Scald|p1a: Toxapex
|-resisted|p1a: Toxapex
|-damage|p1a: Toxapex|78/100 brn
|
|-heal|p1a: Toxapex|85/100 brn|[from] item: Black Sludge
|-heal|p2a: Toxapex|80/100 brn|[from] item: Black Sludge
|-damage|p1a: Toxapex|78/100 brn|[from] brn
|-damage|p2a: Toxapex|74/100 brn|[from] brn
|upkeep
|turn|130
|
|move|p1a: Toxapex|Toxic Spikes||[still]
|-fail|p1a: Toxapex
|move|p2a: Toxapex|Scald|p1a: Toxapex
|-resisted|p1a: Toxapex
|-damage|p1a: Toxapex|72/100 brn
|
|-heal|p1a: Toxapex|78/100 brn|[from] item: Black Sludge
|-heal|p2a: Toxapex|80/100 brn|[from] item: Black Sludge
|-damage|p1a: Toxapex|72/100 brn|[from] brn
|-damage|p2a: Toxapex|74/100 brn|[from] brn
|upkeep
|turn|131
|
|move|p1a: Toxapex|Scald|p2a: Toxapex
|-resisted|p2a: Toxapex
|-damage|p2a: Toxapex|68/100 brn
|move|p2a: Toxapex|Haze|p2a: Toxapex
|-clearallboost
|
|-heal|p1a: Toxapex|78/100 brn|[from] item: Black Sludge
|-heal|p2a: Toxapex|75/100 brn|[from] item: Black Sludge
|-damage|p1a: Toxapex|72/100 brn|[from] brn
|-damage|p2a: Toxapex|68/100 brn|[from] brn
|upkeep
|turn|132
|
|move|p1a: Toxapex|Haze|p1a: Toxapex
|-clearallboost
|move|p2a: Toxapex|Haze|p2a: Toxapex
|-clearallboost
|
|-heal|p1a: Toxapex|78/100 brn|[from] item: Black Sludge
|-heal|p2a: Toxapex|75/100 brn|[from] item: Black Sludge
|-damage|p1a: Toxapex|72/100 brn|[from] brn
|-damage|p2a: Toxapex|68/100 brn|[from] brn
|upkeep
|turn|133
|
|move|p1a: Toxapex|Haze|p1a: Toxapex
|-clearallboost
|move|p2a: Toxapex|Haze|p2a: Toxapex
|-clearallboost
|
|-heal|p1a: Toxapex|78/100 brn|[from] item: Black Sludge
|-heal|p2a: Toxapex|75/100 brn|[from] item: Black Sludge
|-damage|p1a: Toxapex|72/100 brn|[from] brn
|-damage|p2a: Toxapex|68/100 brn|[from] brn
|upkeep
|turn|134
|
|move|p2a: Toxapex|Haze|p2a: Toxapex
|-clearallboost
|move|p1a: Toxapex|Scald|p2a: Toxapex
|-resisted|p2a: Toxapex
|-damage|p2a: Toxapex|61/100 brn
|
|-heal|p1a: Toxapex|78/100 brn|[from] item: Black Sludge
|-heal|p2a: Toxapex|68/100 brn|[from] item: Black Sludge
|-damage|p1a: Toxapex|72/100 brn|[from] brn
|-damage|p2a: Toxapex|61/100 brn|[from] brn
|upkeep
|turn|135
|
|move|p1a: Toxapex|Toxic Spikes||[still]
|-fail|p1a: Toxapex
|move|p2a: Toxapex|Haze|p2a: Toxapex
|-clearallboost
|
|-heal|p1a: Toxapex|78/100 brn|[from] item: Black Sludge
|-heal|p2a: Toxapex|68/100 brn|[from] item: Black Sludge
|-damage|p1a: Toxapex|72/100 brn|[from] brn
|-damage|p2a: Toxapex|61/100 brn|[from] brn
|upkeep
|turn|136
|
|switch|p1a: Corsola|Corsola-Galar, F|66/100 brn
|-damage|p1a: Corsola|54/100 brn|[from] Spikes
|-damage|p1a: Corsola|41/100 brn|[from] Stealth Rock
|move|p2a: Toxapex|Haze|p2a: Toxapex
|-clearallboost
|
|-heal|p2a: Toxapex|68/100 brn|[from] item: Black Sludge
|-damage|p2a: Toxapex|61/100 brn|[from] brn
|-damage|p1a: Corsola|35/100 brn|[from] brn
|upkeep
|turn|137
|
|move|p2a: Toxapex|Recover|p2a: Toxapex
|-heal|p2a: Toxapex|100/100 brn
|move|p1a: Corsola|Strength Sap|p2a: Toxapex
|-unboost|p2a: Toxapex|atk|1
|-heal|p1a: Corsola|71/100 brn
|
|-damage|p2a: Toxapex|94/100 brn|[from] brn
|-damage|p1a: Corsola|65/100 brn|[from] brn
|upkeep
|turn|138
|
|move|p2a: Toxapex|Haze|p2a: Toxapex
|-clearallboost
|move|p1a: Corsola|Strength Sap|p2a: Toxapex
|-unboost|p2a: Toxapex|atk|1
|-heal|p1a: Corsola|100/100 brn
|
|-heal|p2a: Toxapex|100/100 brn|[from] item: Black Sludge
|-damage|p2a: Toxapex|94/100 brn|[from] brn
|-damage|p1a: Corsola|94/100 brn|[from] brn
|upkeep
|turn|139
|
|switch|p2a: Corviknight|Corviknight, M|58/100
|-damage|p2a: Corviknight|46/100|[from] Stealth Rock
|-ability|p2a: Corviknight|Pressure
|switch|p1a: Xatu|Xatu, F|70/100 brn
|-damage|p1a: Xatu|45/100 brn|[from] Stealth Rock
|
|-heal|p1a: Xatu|51/100 brn|[from] item: Leftovers
|-heal|p2a: Corviknight|52/100|[from] item: Leftovers
|-damage|p1a: Xatu|45/100 brn|[from] brn
|upkeep
|turn|140
|
|move|p1a: Xatu|Feather Dance|p2a: Corviknight
|-unboost|p2a: Corviknight|atk|2
|move|p2a: Corviknight|Roost|p2a: Corviknight
|-heal|p2a: Corviknight|100/100
|-singleturn|p2a: Corviknight|move: Roost
|
|-heal|p1a: Xatu|51/100 brn|[from] item: Leftovers
|-damage|p1a: Xatu|45/100 brn|[from] brn
|upkeep
|turn|141
|
|move|p1a: Xatu|Roost|p1a: Xatu
|-heal|p1a: Xatu|95/100 brn
|-singleturn|p1a: Xatu|move: Roost
|move|p2a: Corviknight|Substitute|p2a: Corviknight
|-start|p2a: Corviknight|Substitute
|-damage|p2a: Corviknight|75/100
|
|-heal|p1a: Xatu|100/100 brn|[from] item: Leftovers
|-heal|p2a: Corviknight|82/100|[from] item: Leftovers
|-damage|p1a: Xatu|95/100 brn|[from] brn
|upkeep
|turn|142
|
|move|p2a: Corviknight|Bulk Up|p2a: Corviknight
|-boost|p2a: Corviknight|atk|1
|-boost|p2a: Corviknight|def|1
|move|p1a: Xatu|Teleport|p1a: Xatu
|
|switch|p1a: Toxapex|Toxapex, M|100/100 brn|[from]move: Teleport
|-damage|p1a: Toxapex|88/100 brn|[from] Spikes
|-damage|p1a: Toxapex|75/100 brn|[from] Stealth Rock
|
|-heal|p2a: Corviknight|88/100|[from] item: Leftovers
|-heal|p1a: Toxapex|82/100 brn|[from] item: Black Sludge
|-damage|p1a: Toxapex|75/100 brn|[from] brn
|upkeep
|turn|143
|
|switch|p2a: Toxapex|Toxapex, F|100/100 brn
|-damage|p2a: Toxapex|88/100 brn|[from] Stealth Rock
|-sideend|p2: ColdSpring|move: Toxic Spikes|[of] p2a: Toxapex
|move|p1a: Toxapex|Haze|p1a: Toxapex
|-clearallboost
|
|-heal|p1a: Toxapex|82/100 brn|[from] item: Black Sludge
|-heal|p2a: Toxapex|94/100 brn|[from] item: Black Sludge
|-damage|p1a: Toxapex|75/100 brn|[from] brn
|-damage|p2a: Toxapex|88/100 brn|[from] brn
|upkeep
|turn|144
|
|switch|p1a: Xatu|Xatu, F|95/100 brn
|-damage|p1a: Xatu|70/100 brn|[from] Stealth Rock
|move|p2a: Toxapex|Scald|p1a: Xatu
|-damage|p1a: Xatu|55/100 brn
|
|-heal|p1a: Xatu|61/100 brn|[from] item: Leftovers
|-heal|p2a: Toxapex|94/100 brn|[from] item: Black Sludge
|-damage|p1a: Xatu|55/100 brn|[from] brn
|-damage|p2a: Toxapex|88/100 brn|[from] brn
|upkeep
|turn|145
|
|switch|p2a: Corviknight|Corviknight, M|88/100
|-damage|p2a: Corviknight|75/100|[from] Stealth Rock
|-ability|p2a: Corviknight|Pressure
|move|p1a: Xatu|Roost|p1a: Xatu
|-heal|p1a: Xatu|100/100 brn
|-singleturn|p1a: Xatu|move: Roost
|
|-heal|p2a: Corviknight|82/100|[from] item: Leftovers
|-damage|p1a: Xatu|95/100 brn|[from] brn
|upkeep
|turn|146
|
|move|p2a: Corviknight|Iron Head|p1a: Xatu
|-damage|p1a: Xatu|60/100 brn
|move|p1a: Xatu|Teleport|p1a: Xatu
|
|switch|p1a: Corsola|Corsola-Galar, F|94/100 brn|[from]move: Teleport
|-damage|p1a: Corsola|82/100 brn|[from] Spikes
|-damage|p1a: Corsola|70/100 brn|[from] Stealth Rock
|
|-heal|p2a: Corviknight|88/100|[from] item: Leftovers
|-damage|p1a: Corsola|63/100 brn|[from] brn
|upkeep
|turn|147
|
|move|p2a: Corviknight|Iron Head|p1a: Corsola
|-damage|p1a: Corsola|51/100 brn
|-start|p2a: Corviknight|Disable|Iron Head|[from] ability: Cursed Body|[of] p1a: Corsola
|move|p1a: Corsola|Strength Sap|p2a: Corviknight
|-unboost|p2a: Corviknight|atk|1
|-heal|p1a: Corsola|100/100 brn
|
|-heal|p2a: Corviknight|94/100|[from] item: Leftovers
|-damage|p1a: Corsola|94/100 brn|[from] brn
|upkeep
|turn|148
|
|switch|p2a: Toxapex|Toxapex, F|100/100 brn
|-damage|p2a: Toxapex|88/100 brn|[from] Stealth Rock
|move|p1a: Corsola|Night Shade|p2a: Toxapex
|-damage|p2a: Toxapex|55/100 brn
|
|-heal|p2a: Toxapex|61/100 brn|[from] item: Black Sludge
|-damage|p2a: Toxapex|55/100 brn|[from] brn
|-damage|p1a: Corsola|88/100 brn|[from] brn
|upkeep
|turn|149
|
|move|p2a: Toxapex|Scald|p1a: Corsola
|-damage|p1a: Corsola|76/100 brn
|move|p1a: Corsola|Night Shade|p2a: Toxapex
|-damage|p2a: Toxapex|22/100 brn
|
|-heal|p2a: Toxapex|28/100 brn|[from] item: Black Sludge
|-damage|p2a: Toxapex|22/100 brn|[from] brn
|-damage|p1a: Corsola|70/100 brn|[from] brn
|upkeep
|turn|150
|
|switch|p2a: Corviknight|Corviknight, M|94/100
|-damage|p2a: Corviknight|82/100|[from] Stealth Rock
|-ability|p2a: Corviknight|Pressure
|move|p1a: Corsola|Night Shade|p2a: Corviknight
|-damage|p2a: Corviknight|57/100
|
|-heal|p2a: Corviknight|63/100|[from] item: Leftovers
|-damage|p1a: Corsola|64/100 brn|[from] brn
|upkeep
|turn|151
|
|move|p2a: Corviknight|Bulk Up|p2a: Corviknight
|-boost|p2a: Corviknight|atk|1
|-boost|p2a: Corviknight|def|1
|move|p1a: Corsola|Will-O-Wisp|p2a: Corviknight
|-status|p2a: Corviknight|brn
|
|-heal|p2a: Corviknight|69/100 brn|[from] item: Leftovers
|-damage|p2a: Corviknight|63/100 brn|[from] brn
|-damage|p1a: Corsola|58/100 brn|[from] brn
|upkeep
|turn|152
|
|move|p2a: Corviknight|Roost|p2a: Corviknight
|-heal|p2a: Corviknight|100/100 brn
|-singleturn|p2a: Corviknight|move: Roost
|move|p1a: Corsola|Strength Sap|p2a: Corviknight
|-unboost|p2a: Corviknight|atk|1
|-heal|p1a: Corsola|100/100 brn
|
|-damage|p2a: Corviknight|94/100 brn|[from] brn
|-damage|p1a: Corsola|94/100 brn|[from] brn
|upkeep
|turn|153
|
|move|p2a: Corviknight|Substitute|p2a: Corviknight
|-start|p2a: Corviknight|Substitute
|-damage|p2a: Corviknight|69/100 brn
|move|p1a: Corsola|Night Shade|p2a: Corviknight
|-end|p2a: Corviknight|Substitute
|
|-heal|p2a: Corviknight|75/100 brn|[from] item: Leftovers
|-damage|p2a: Corviknight|69/100 brn|[from] brn
|-damage|p1a: Corsola|88/100 brn|[from] brn
|upkeep
|turn|154
|
|move|p2a: Corviknight|Substitute|p2a: Corviknight
|-start|p2a: Corviknight|Substitute
|-damage|p2a: Corviknight|44/100 brn
|move|p1a: Corsola|Night Shade|p2a: Corviknight
|-end|p2a: Corviknight|Substitute
|
|-heal|p2a: Corviknight|50/100 brn|[from] item: Leftovers
|-damage|p2a: Corviknight|44/100 brn|[from] brn
|-damage|p1a: Corsola|82/100 brn|[from] brn
|upkeep
|turn|155
|
|move|p2a: Corviknight|Substitute|p2a: Corviknight
|-start|p2a: Corviknight|Substitute
|-damage|p2a: Corviknight|19/100 brn
|move|p1a: Corsola|Night Shade|p2a: Corviknight
|-end|p2a: Corviknight|Substitute
|
|-heal|p2a: Corviknight|25/100 brn|[from] item: Leftovers
|-damage|p2a: Corviknight|19/100 brn|[from] brn
|-damage|p1a: Corsola|76/100 brn|[from] brn
|upkeep
|turn|156
|
|move|p2a: Corviknight|Roost|p2a: Corviknight
|-heal|p2a: Corviknight|69/100 brn
|-singleturn|p2a: Corviknight|move: Roost
|move|p1a: Corsola|Night Shade|p2a: Corviknight
|-damage|p2a: Corviknight|44/100 brn
|
|-heal|p2a: Corviknight|50/100 brn|[from] item: Leftovers
|-damage|p2a: Corviknight|44/100 brn|[from] brn
|-damage|p1a: Corsola|70/100 brn|[from] brn
|upkeep
|turn|157
|
|move|p2a: Corviknight|Substitute|p2a: Corviknight
|-start|p2a: Corviknight|Substitute
|-damage|p2a: Corviknight|19/100 brn
|move|p1a: Corsola|Night Shade|p2a: Corviknight
|-end|p2a: Corviknight|Substitute
|
|-heal|p2a: Corviknight|25/100 brn|[from] item: Leftovers
|-damage|p2a: Corviknight|19/100 brn|[from] brn
|-damage|p1a: Corsola|63/100 brn|[from] brn
|upkeep
|turn|158
|
|move|p2a: Corviknight|Roost|p2a: Corviknight
|-heal|p2a: Corviknight|69/100 brn
|-singleturn|p2a: Corviknight|move: Roost
|move|p1a: Corsola|Strength Sap|p2a: Corviknight
|-unboost|p2a: Corviknight|atk|1
|-heal|p1a: Corsola|100/100 brn
|
|-heal|p2a: Corviknight|75/100 brn|[from] item: Leftovers
|-damage|p2a: Corviknight|69/100 brn|[from] brn
|-damage|p1a: Corsola|94/100 brn|[from] brn
|upkeep
|turn|159
|
|switch|p2a: Toxapex|Toxapex, F|55/100 brn
|-damage|p2a: Toxapex|43/100 brn|[from] Stealth Rock
|switch|p1a: Toxapex|Toxapex, M|100/100 brn
|-damage|p1a: Toxapex|88/100 brn|[from] Stealth Rock
|-damage|p1a: Toxapex|75/100 brn|[from] Spikes
|
|-heal|p2a: Toxapex|49/100 brn|[from] item: Black Sludge
|-heal|p1a: Toxapex|82/100 brn|[from] item: Black Sludge
|-damage|p2a: Toxapex|43/100 brn|[from] brn
|-damage|p1a: Toxapex|75/100 brn|[from] brn
|upkeep
|turn|160
|
|switch|p1a: Xatu|Xatu, F|60/100 brn
|-damage|p1a: Xatu|36/100 brn|[from] Stealth Rock
|move|p2a: Toxapex|Haze|p2a: Toxapex
|-clearallboost
|
|-heal|p1a: Xatu|42/100 brn|[from] item: Leftovers
|-heal|p2a: Toxapex|49/100 brn|[from] item: Black Sludge
|-damage|p1a: Xatu|36/100 brn|[from] brn
|-damage|p2a: Toxapex|43/100 brn|[from] brn
|upkeep
|turn|161
|
|switch|p2a: Corviknight|Corviknight, M|69/100 brn
|-damage|p2a: Corviknight|57/100 brn|[from] Stealth Rock
|-ability|p2a: Corviknight|Pressure
|move|p1a: Xatu|Roost|p1a: Xatu
|-heal|p1a: Xatu|86/100 brn
|-singleturn|p1a: Xatu|move: Roost
|
|-heal|p1a: Xatu|92/100 brn|[from] item: Leftovers
|-heal|p2a: Corviknight|63/100 brn|[from] item: Leftovers
|-damage|p1a: Xatu|86/100 brn|[from] brn
|-damage|p2a: Corviknight|57/100 brn|[from] brn
|upkeep
|turn|162
|
|move|p2a: Corviknight|Bulk Up|p2a: Corviknight
|-boost|p2a: Corviknight|atk|1
|-boost|p2a: Corviknight|def|1
|move|p1a: Xatu|Teleport|p1a: Xatu
|
|switch|p1a: Toxapex|Toxapex, M|100/100 brn|[from]move: Teleport
|-damage|p1a: Toxapex|88/100 brn|[from] Spikes
|-damage|p1a: Toxapex|75/100 brn|[from] Stealth Rock
|
|-heal|p2a: Corviknight|63/100 brn|[from] item: Leftovers
|-heal|p1a: Toxapex|82/100 brn|[from] item: Black Sludge
|-damage|p2a: Corviknight|57/100 brn|[from] brn
|-damage|p1a: Toxapex|75/100 brn|[from] brn
|upkeep
|turn|163
|
|switch|p2a: Toxapex|Toxapex, F|76/100 brn
|-damage|p2a: Toxapex|64/100 brn|[from] Stealth Rock
|move|p1a: Toxapex|Haze|p1a: Toxapex
|-clearallboost
|
|-heal|p1a: Toxapex|82/100 brn|[from] item: Black Sludge
|-heal|p2a: Toxapex|70/100 brn|[from] item: Black Sludge
|-damage|p1a: Toxapex|75/100 brn|[from] brn
|-damage|p2a: Toxapex|64/100 brn|[from] brn
|upkeep
|turn|164
|
|move|p2a: Toxapex|Baneful Bunker|p2a: Toxapex
|-singleturn|p2a: Toxapex|move: Protect
|move|p1a: Toxapex|Toxic Spikes|p2a: Toxapex
|-sidestart|p2: ColdSpring|move: Toxic Spikes
|
|-heal|p1a: Toxapex|82/100 brn|[from] item: Black Sludge
|-heal|p2a: Toxapex|70/100 brn|[from] item: Black Sludge
|-damage|p1a: Toxapex|75/100 brn|[from] brn
|-damage|p2a: Toxapex|64/100 brn|[from] brn
|upkeep
|turn|165
|
|switch|p1a: Xatu|Xatu, F|86/100 brn
|-damage|p1a: Xatu|61/100 brn|[from] Stealth Rock
|move|p2a: Toxapex|Scald|p1a: Xatu
|-damage|p1a: Xatu|45/100 brn
|
|-heal|p1a: Xatu|51/100 brn|[from] item: Leftovers
|-heal|p2a: Toxapex|70/100 brn|[from] item: Black Sludge
|-damage|p1a: Xatu|45/100 brn|[from] brn
|-damage|p2a: Toxapex|64/100 brn|[from] brn
|upkeep
|turn|166
|
|move|p1a: Xatu|Roost|p1a: Xatu
|-heal|p1a: Xatu|95/100 brn
|-singleturn|p1a: Xatu|move: Roost
|move|p2a: Toxapex|Scald|p1a: Xatu
|-damage|p1a: Xatu|78/100 brn
|
|-heal|p1a: Xatu|84/100 brn|[from] item: Leftovers
|-heal|p2a: Toxapex|70/100 brn|[from] item: Black Sludge
|-damage|p1a: Xatu|78/100 brn|[from] brn
|-damage|p2a: Toxapex|64/100 brn|[from] brn
|upkeep
|turn|167
|
|move|p1a: Xatu|Feather Dance|p2a: Toxapex
|-unboost|p2a: Toxapex|atk|2
|move|p2a: Toxapex|Scald|p1a: Xatu
|-damage|p1a: Xatu|63/100 brn
|
|-heal|p1a: Xatu|69/100 brn|[from] item: Leftovers
|-heal|p2a: Toxapex|70/100 brn|[from] item: Black Sludge
|-damage|p1a: Xatu|63/100 brn|[from] brn
|-damage|p2a: Toxapex|64/100 brn|[from] brn
|upkeep
|turn|168
|l|☆ColdSpring
|inactive|ColdSpring disconnected and has a minute to reconnect!
|player|p2|
|c|☆DugFREELo|We got so far
|inactive|ColdSpring has 30 seconds to reconnect!
|inactive|ColdSpring has 20 seconds to reconnect!
|inactive|ColdSpring has 15 seconds to reconnect!
|inactive|ColdSpring has 10 seconds to reconnect!
|inactive|ColdSpring has 5 seconds to reconnect!
|-message|ColdSpring lost due to inactivity.
|
|win|DugFREELo
|raw|DugFREELo's rating: 1334 → 1350(+16 for winning)
|raw|ColdSpring's rating: 1261 → 1241(-20 for losing)
