|ScrapeTime|2020-01-01-01:25:22
|j|☆NachoForce
|j|☆LizardoDrako
|player|p1|NachoForce|190|1407
|player|p2|LizardoDrako|1|1467
|teamsize|p1|6
|teamsize|p2|6
|gametype|singles
|gen|8
|tier|[Gen 8] OU
|rated|
|rule|Sleep Clause Mod: Limit one foe put to sleep
|rule|Species Clause: Limit one of each Pokémon
|rule|OHKO Clause: OHKO moves are banned
|rule|Evasion Moves Clause: Evasion moves are banned
|rule|Endless Battle Clause: Forcing endless battles is banned
|rule|HP Percentage Mod: HP is shown in percentages
|clearpoke
|poke|p1|Obstagoon, F|
|poke|p1|Seismitoad, M|
|poke|p1|Corsola-Galar, M|
|poke|p1|Hydreigon, M|
|poke|p1|Mandibuzz, F|
|poke|p1|Clefable, F|
|poke|p2|Charizard, M|
|poke|p2|Aegislash, M|
|poke|p2|Corviknight, M|
|poke|p2|Hatterene, F|
|poke|p2|Sirfetch'd, M|
|poke|p2|Morpeko, M|
|rule|Dynamax Clause: You cannot dynamax
|teampreview
|
|start
|switch|p1a: Seismitoad|Seismitoad, M|100/100
|switch|p2a: Morpeko|Morpeko, M|100/100
|turn|1
|
|switch|p2a: Hatterene|Hatterene, F|100/100
|move|p1a: Seismitoad|Stealth Rock|p2a: Hatterene
|move|p2a: Hatterene|Stealth Rock|p1a: Seismitoad|[from]Magic Bounce
|-sidestart|p1: NachoForce|move: Stealth Rock
|
|upkeep
|turn|2
|
|switch|p1a: Obstagoon|Obstagoon, F|100/100
|-damage|p1a: Obstagoon|88/100|[from] Stealth Rock
|move|p2a: Hatterene|Calm Mind|p2a: Hatterene
|-boost|p2a: Hatterene|spa|1
|-boost|p2a: Hatterene|spd|1
|
|-status|p1a: Obstagoon|brn|[from] item: Flame Orb
|upkeep
|turn|3
|
|move|p1a: Obstagoon|Facade|p2a: Hatterene
|-damage|p2a: Hatterene|31/100
|move|p2a: Hatterene|Draining Kiss|p1a: Obstagoon
|-supereffective|p1a: Obstagoon
|-damage|p1a: Obstagoon|6/100 brn
|-heal|p2a: Hatterene|100/100|[from] drain|[of] p1a: Obstagoon
|
|-damage|p1a: Obstagoon|0 fnt|[from] brn
|faint|p1a: Obstagoon
|upkeep
|
|switch|p1a: Corsola|Corsola-Galar, M|100/100
|-damage|p1a: Corsola|88/100|[from] Stealth Rock
|turn|4
|
|move|p2a: Hatterene|Calm Mind|p2a: Hatterene
|-boost|p2a: Hatterene|spa|1
|-boost|p2a: Hatterene|spd|1
|move|p1a: Corsola|Haze|p1a: Corsola
|-clearallboost
|
|upkeep
|turn|5
|
|move|p2a: Hatterene|Calm Mind|p2a: Hatterene
|-boost|p2a: Hatterene|spa|1
|-boost|p2a: Hatterene|spd|1
|move|p1a: Corsola|Night Shade|p2a: Hatterene
|-damage|p2a: Hatterene|69/100
|
|upkeep
|turn|6
|
|move|p2a: Hatterene|Draining Kiss|p1a: Corsola
|-damage|p1a: Corsola|71/100
|-heal|p2a: Hatterene|86/100|[from] drain|[of] p1a: Corsola
|-start|p2a: Hatterene|Disable|Draining Kiss|[from] ability: Cursed Body|[of] p1a: Corsola
|move|p1a: Corsola|Haze|p1a: Corsola
|-clearallboost
|
|upkeep
|turn|7
|
|switch|p2a: Morpeko|Morpeko, M|100/100
|move|p1a: Corsola|Night Shade|p2a: Morpeko
|-damage|p2a: Morpeko|62/100
|
|-formechange|p2a: Morpeko|Morpeko-Hangry||[from] ability: Hunger Switch
|upkeep
|turn|8
|
|move|p2a: Morpeko|Aura Wheel|p1a: Corsola
|-supereffective|p1a: Corsola
|-damage|p1a: Corsola|0 fnt
|-start|p2a: Morpeko|Disable|Aura Wheel|[from] ability: Cursed Body|[of] p1a: Corsola
|-boost|p2a: Morpeko|spe|1
|-damage|p2a: Morpeko|52/100|[from] item: Life Orb
|faint|p1a: Corsola
|
|-formechange|p2a: Morpeko|Morpeko||[from] ability: Hunger Switch
|upkeep
|
|switch|p1a: Hydreigon|Hydreigon, M|100/100
|-damage|p1a: Hydreigon|88/100|[from] Stealth Rock
|turn|9
|
|move|p2a: Morpeko|Parting Shot|p1a: Hydreigon
|-unboost|p1a: Hydreigon|atk|1
|-unboost|p1a: Hydreigon|spa|1
|
|switch|p2a: Corviknight|Corviknight, M|100/100|[from]move: Parting Shot
|move|p1a: Hydreigon|Dark Pulse|p2a: Corviknight
|-damage|p2a: Corviknight|79/100
|
|-heal|p1a: Hydreigon|94/100|[from] item: Leftovers
|-heal|p2a: Corviknight|86/100|[from] item: Leftovers
|upkeep
|turn|10
|
|move|p1a: Hydreigon|Nasty Plot|p1a: Hydreigon
|-boost|p1a: Hydreigon|spa|2
|move|p2a: Corviknight|Body Press|p1a: Hydreigon
|-supereffective|p1a: Hydreigon
|-damage|p1a: Hydreigon|49/100
|
|-heal|p1a: Hydreigon|56/100|[from] item: Leftovers
|-heal|p2a: Corviknight|92/100|[from] item: Leftovers
|upkeep
|turn|11
|
|switch|p2a: Sirfetch'd|Sirfetch'd, M|100/100
|move|p1a: Hydreigon|Dark Pulse|p2a: Sirfetch'd
|-resisted|p2a: Sirfetch'd
|-damage|p2a: Sirfetch'd|59/100
|
|-heal|p1a: Hydreigon|62/100|[from] item: Leftovers
|upkeep
|turn|12
|
|move|p2a: Sirfetch'd|First Impression|p1a: Hydreigon
|-supereffective|p1a: Hydreigon
|-crit|p1a: Hydreigon
|-damage|p1a: Hydreigon|0 fnt
|faint|p1a: Hydreigon
|
|upkeep
|-message|NachoForce forfeited.
|
|win|LizardoDrako
|l|☆NachoForce
|raw|NachoForce's rating: 1407 → 1390(-17 for losing)
|raw|LizardoDrako's rating: 1467 → 1484(+17 for winning)
