|ScrapeTime|2020-01-01-03:34:56
|j|☆Emoninja23
|j|☆SroudDuors
|player|p1|Emoninja23|pokekid|1345
|player|p2|SroudDuors|elesa|1377
|teamsize|p1|6
|teamsize|p2|6
|gametype|singles
|gen|8
|tier|[Gen 8] OU
|rated|
|rule|Sleep Clause Mod: Limit one foe put to sleep
|rule|Species Clause: Limit one of each Pokémon
|rule|OHKO Clause: OHKO moves are banned
|rule|Evasion Moves Clause: Evasion moves are banned
|rule|Endless Battle Clause: Forcing endless battles is banned
|rule|HP Percentage Mod: HP is shown in percentages
|clearpoke
|poke|p1|Dragapult, M|
|poke|p1|Hatterene, F|
|poke|p1|Conkeldurr, F|
|poke|p1|Dubwool, M|
|poke|p1|Mimikyu, M|
|poke|p1|Heliolisk, M|
|poke|p2|Hatterene, F|
|poke|p2|Dragapult, F|
|poke|p2|Mandibuzz, F|
|poke|p2|Haxorus, F|
|poke|p2|Jellicent, F|
|poke|p2|Cinderace, F|
|rule|Dynamax Clause: You cannot dynamax
|teampreview
|inactive|Battle timer is ON: inactive players will automatically lose when time's up. (requested by SroudDuors)
|
|start
|switch|p1a: Pikachu?|Mimikyu, M|100/100
|switch|p2a: Haxorus|Haxorus, F, shiny|100/100
|-ability|p2a: Haxorus|Mold Breaker
|turn|1
|
|switch|p2a: Mandibuzz|Mandibuzz, F|100/100
|move|p1a: Pikachu?|Thunder Wave|p2a: Mandibuzz
|-status|p2a: Mandibuzz|par
|
|upkeep
|turn|2
|
|switch|p1a: A very tricky hat|Hatterene, F|100/100
|move|p2a: Mandibuzz|Toxic|p1a: A very tricky hat
|move|p1a: A very tricky hat|Toxic||[from]Magic Bounce|[still]
|-fail|p1a: A very tricky hat
|
|upkeep
|turn|3
|
|switch|p2a: Cinderace|Cinderace, F|100/100
|switch|p1a: Pikachu?|Mimikyu, M|100/100
|
|upkeep
|turn|4
|
|move|p1a: Pikachu?|Trick|p2a: Cinderace
|-activate|p1a: Pikachu?|move: Trick|[of] p2a: Cinderace
|-item|p2a: Cinderace|Choice Scarf|[from] move: Trick
|-item|p1a: Pikachu?|Heavy-Duty Boots|[from] move: Trick
|move|p2a: Cinderace|Pyro Ball|p1a: Pikachu?
|-activate|p1a: Pikachu?|ability: Disguise
|-damage|p1a: Pikachu?|100/100
|-status|p1a: Pikachu?|brn
|detailschange|p1a: Pikachu?|Mimikyu-Busted, M
|-damage|p1a: Pikachu?|88/100 brn|[from] ability: Disguise|[of] p1a: Pikachu?
|
|-damage|p1a: Pikachu?|82/100 brn|[from] brn
|upkeep
|turn|5
|
|move|p2a: Cinderace|Pyro Ball|p1a: Pikachu?
|-damage|p1a: Pikachu?|0 fnt
|faint|p1a: Pikachu?
|
|upkeep
|
|switch|p1a: The Conk|Conkeldurr, F|100/100
|turn|6
|
|switch|p2a: Jellicent|Jellicent, F|100/100
|move|p1a: The Conk|Earthquake|p2a: Jellicent
|-damage|p2a: Jellicent|53/100
|
|-heal|p2a: Jellicent|59/100|[from] item: Leftovers
|upkeep
|turn|7
|
|move|p1a: The Conk|Poison Jab|p2a: Jellicent
|-resisted|p2a: Jellicent
|-damage|p2a: Jellicent|40/100
|move|p2a: Jellicent|Recover|p2a: Jellicent
|-heal|p2a: Jellicent|90/100
|
|-heal|p2a: Jellicent|97/100|[from] item: Leftovers
|upkeep
|turn|8
|
|move|p1a: The Conk|Poison Jab|p2a: Jellicent
|-resisted|p2a: Jellicent
|-damage|p2a: Jellicent|78/100
|move|p2a: Jellicent|Will-O-Wisp|p1a: The Conk
|-status|p1a: The Conk|brn
|
|-heal|p2a: Jellicent|85/100|[from] item: Leftovers
|-damage|p1a: The Conk|94/100 brn|[from] brn
|upkeep
|turn|9
|
|move|p1a: The Conk|Poison Jab|p2a: Jellicent
|-resisted|p2a: Jellicent
|-crit|p2a: Jellicent
|-damage|p2a: Jellicent|45/100
|move|p2a: Jellicent|Recover|p2a: Jellicent
|-heal|p2a: Jellicent|95/100
|
|-heal|p2a: Jellicent|100/100|[from] item: Leftovers
|-damage|p1a: The Conk|88/100 brn|[from] brn
|upkeep
|turn|10
|
|switch|p2a: Mandibuzz|Mandibuzz, F|100/100 par
|move|p1a: The Conk|Poison Jab|p2a: Mandibuzz
|-damage|p2a: Mandibuzz|73/100 par
|-damage|p1a: The Conk|72/100 brn|[from] item: Rocky Helmet|[of] p2a: Mandibuzz
|
|-damage|p1a: The Conk|65/100 brn|[from] brn
|upkeep
|turn|11
|
|switch|p2a: Jellicent|Jellicent, F|100/100
|move|p1a: The Conk|Drain Punch|p2a: Jellicent
|-immune|p2a: Jellicent
|
|-damage|p1a: The Conk|59/100 brn|[from] brn
|upkeep
|turn|12
|
|move|p1a: The Conk|Poison Jab|p2a: Jellicent
|-resisted|p2a: Jellicent
|-damage|p2a: Jellicent|71/100
|move|p2a: Jellicent|Scald|p1a: The Conk
|-damage|p1a: The Conk|37/100 brn
|
|-heal|p2a: Jellicent|77/100|[from] item: Leftovers
|-damage|p1a: The Conk|31/100 brn|[from] brn
|upkeep
|turn|13
|
|switch|p2a: Mandibuzz|Mandibuzz, F|73/100 par
|move|p1a: The Conk|Fling|p2a: Mandibuzz
|-enditem|p1a: The Conk|Assault Vest|[from] move: Fling
|-resisted|p2a: Mandibuzz
|-damage|p2a: Mandibuzz|59/100 par
|
|-damage|p1a: The Conk|25/100 brn|[from] brn
|upkeep
|turn|14
|
|switch|p2a: Jellicent|Jellicent, F|77/100
|move|p1a: The Conk|Drain Punch|p2a: Jellicent
|-immune|p2a: Jellicent
|
|-heal|p2a: Jellicent|83/100|[from] item: Leftovers
|-damage|p1a: The Conk|19/100 brn|[from] brn
|upkeep
|turn|15
|
|move|p1a: The Conk|Poison Jab|p2a: Jellicent
|-resisted|p2a: Jellicent
|-damage|p2a: Jellicent|57/100
|move|p2a: Jellicent|Recover|p2a: Jellicent
|-heal|p2a: Jellicent|100/100
|
|-damage|p1a: The Conk|13/100 brn|[from] brn
|upkeep
|turn|16
|
|switch|p1a: Annoying|Heliolisk, M|100/100
|-item|p1a: Annoying|Air Balloon
|switch|p2a: Mandibuzz|Mandibuzz, F|59/100 par
|
|upkeep
|turn|17
|
|switch|p2a: Hatterene|Hatterene, F|100/100
|move|p1a: Annoying|Substitute|p1a: Annoying
|-start|p1a: Annoying|Substitute
|-damage|p1a: Annoying|76/100
|
|upkeep
|turn|18
|
|switch|p1a: A very tricky hat|Hatterene, F|100/100
|move|p2a: Hatterene|Trick Room|p2a: Hatterene
|-fieldstart|move: Trick Room|[of] p2a: Hatterene
|
|upkeep
|turn|19
|
|move|p2a: Hatterene|Mystical Fire|p1a: A very tricky hat
|-damage|p1a: A very tricky hat|80/100
|-unboost|p1a: A very tricky hat|spa|1
|move|p1a: A very tricky hat|Calm Mind|p1a: A very tricky hat
|-boost|p1a: A very tricky hat|spa|1
|-boost|p1a: A very tricky hat|spd|1
|
|-heal|p1a: A very tricky hat|86/100|[from] item: Leftovers
|upkeep
|turn|20
|
|move|p2a: Hatterene|Mystical Fire|p1a: A very tricky hat
|-damage|p1a: A very tricky hat|70/100
|-unboost|p1a: A very tricky hat|spa|1
|move|p1a: A very tricky hat|Calm Mind|p1a: A very tricky hat
|-boost|p1a: A very tricky hat|spa|1
|-boost|p1a: A very tricky hat|spd|1
|
|-heal|p1a: A very tricky hat|76/100|[from] item: Leftovers
|upkeep
|turn|21
|
|move|p2a: Hatterene|Mystical Fire|p1a: A very tricky hat
|-damage|p1a: A very tricky hat|66/100
|-unboost|p1a: A very tricky hat|spa|1
|move|p1a: A very tricky hat|Calm Mind|p1a: A very tricky hat
|-boost|p1a: A very tricky hat|spa|1
|-boost|p1a: A very tricky hat|spd|1
|
|-heal|p1a: A very tricky hat|72/100|[from] item: Leftovers
|upkeep
|turn|22
|
|move|p2a: Hatterene|Mystical Fire|p1a: A very tricky hat
|-damage|p1a: A very tricky hat|62/100
|-unboost|p1a: A very tricky hat|spa|1
|move|p1a: A very tricky hat|Calm Mind|p1a: A very tricky hat
|-boost|p1a: A very tricky hat|spa|1
|-boost|p1a: A very tricky hat|spd|1
|
|-heal|p1a: A very tricky hat|68/100|[from] item: Leftovers
|-fieldend|move: Trick Room
|upkeep
|turn|23
|
|move|p1a: A very tricky hat|Draining Kiss|p2a: Hatterene
|-damage|p2a: Hatterene|76/100
|-heal|p1a: A very tricky hat|86/100|[from] drain|[of] p2a: Hatterene
|move|p2a: Hatterene|Mystical Fire|p1a: A very tricky hat
|-damage|p1a: A very tricky hat|78/100
|-unboost|p1a: A very tricky hat|spa|1
|
|-heal|p1a: A very tricky hat|84/100|[from] item: Leftovers
|-heal|p2a: Hatterene|82/100|[from] item: Leftovers
|upkeep
|turn|24
|
|switch|p2a: Cinderace|Cinderace, F|100/100
|move|p1a: A very tricky hat|Calm Mind|p1a: A very tricky hat
|-boost|p1a: A very tricky hat|spa|1
|-boost|p1a: A very tricky hat|spd|1
|
|-heal|p1a: A very tricky hat|90/100|[from] item: Leftovers
|upkeep
|turn|25
|
|switch|p1a: The Conk|Conkeldurr, F|13/100 brn
|move|p2a: Cinderace|Gunk Shot|p1a: The Conk
|-damage|p1a: The Conk|0 fnt
|faint|p1a: The Conk
|
|upkeep
|
|switch|p1a: Dragameta|Dragapult, M|100/100
|turn|26
|
|switch|p2a: Mandibuzz|Mandibuzz, F|59/100 par
|move|p1a: Dragameta|Disable||[still]
|-fail|p1a: Dragameta
|
|upkeep
|turn|27
|
|move|p1a: Dragameta|Substitute|p1a: Dragameta
|-start|p1a: Dragameta|Substitute
|-damage|p1a: Dragameta|75/100
|cant|p2a: Mandibuzz|par
|
|-heal|p1a: Dragameta|82/100|[from] item: Leftovers
|upkeep
|turn|28
|
|move|p1a: Dragameta|Dragon Dance|p1a: Dragameta
|-boost|p1a: Dragameta|atk|1
|-boost|p1a: Dragameta|spe|1
|move|p2a: Mandibuzz|Taunt|p1a: Dragameta
|-start|p1a: Dragameta|move: Taunt
|
|-heal|p1a: Dragameta|88/100|[from] item: Leftovers
|upkeep
|turn|29
|
|move|p1a: Dragameta|Phantom Force||[still]
|-prepare|p1a: Dragameta|Phantom Force|p2a: Mandibuzz
|move|p2a: Mandibuzz|Foul Play|p1a: Dragameta|[miss]
|-miss|p2a: Mandibuzz|p1a: Dragameta
|
|-heal|p1a: Dragameta|94/100|[from] item: Leftovers
|upkeep
|turn|30
|
|move|p1a: Dragameta|Phantom Force|p2a: Mandibuzz|[from]lockedmove
|-resisted|p2a: Mandibuzz
|-damage|p2a: Mandibuzz|43/100 par
|-damage|p1a: Dragameta|77/100|[from] item: Rocky Helmet|[of] p2a: Mandibuzz
|move|p2a: Mandibuzz|Roost|p2a: Mandibuzz
|-heal|p2a: Mandibuzz|93/100 par
|-singleturn|p2a: Mandibuzz|move: Roost
|
|-heal|p1a: Dragameta|83/100|[from] item: Leftovers
|upkeep
|turn|31
|
|move|p1a: Dragameta|Phantom Force||[still]
|-prepare|p1a: Dragameta|Phantom Force|p2a: Mandibuzz
|cant|p2a: Mandibuzz|par
|
|-heal|p1a: Dragameta|89/100|[from] item: Leftovers
|-end|p1a: Dragameta|move: Taunt
|upkeep
|turn|32
|
|move|p1a: Dragameta|Phantom Force|p2a: Mandibuzz|[from]lockedmove
|-resisted|p2a: Mandibuzz
|-damage|p2a: Mandibuzz|79/100 par
|-damage|p1a: Dragameta|73/100|[from] item: Rocky Helmet|[of] p2a: Mandibuzz
|move|p2a: Mandibuzz|Taunt|p1a: Dragameta
|-start|p1a: Dragameta|move: Taunt
|
|-heal|p1a: Dragameta|79/100|[from] item: Leftovers
|upkeep
|turn|33
|
|move|p1a: Dragameta|Phantom Force||[still]
|-prepare|p1a: Dragameta|Phantom Force|p2a: Mandibuzz
|move|p2a: Mandibuzz|Foul Play|p1a: Dragameta|[miss]
|-miss|p2a: Mandibuzz|p1a: Dragameta
|
|-heal|p1a: Dragameta|85/100|[from] item: Leftovers
|upkeep
|turn|34
|
|move|p1a: Dragameta|Phantom Force|p2a: Mandibuzz|[from]lockedmove
|-resisted|p2a: Mandibuzz
|-damage|p2a: Mandibuzz|63/100 par
|-damage|p1a: Dragameta|68/100|[from] item: Rocky Helmet|[of] p2a: Mandibuzz
|move|p2a: Mandibuzz|Foul Play|p1a: Dragameta
|-supereffective|p1a: Dragameta
|-end|p1a: Dragameta|Substitute
|
|-heal|p1a: Dragameta|74/100|[from] item: Leftovers
|upkeep
|turn|35
|
|switch|p1a: A very tricky hat|Hatterene, F|90/100
|move|p2a: Mandibuzz|Foul Play|p1a: A very tricky hat
|-damage|p1a: A very tricky hat|66/100
|
|-heal|p1a: A very tricky hat|72/100|[from] item: Leftovers
|upkeep
|turn|36
|
|switch|p2a: Cinderace|Cinderace, F|100/100
|move|p1a: A very tricky hat|Draining Kiss|p2a: Cinderace
|-resisted|p2a: Cinderace
|-damage|p2a: Cinderace|84/100
|-heal|p1a: A very tricky hat|84/100|[from] drain|[of] p2a: Cinderace
|
|-heal|p1a: A very tricky hat|90/100|[from] item: Leftovers
|upkeep
|turn|37
|inactive|Emoninja23 has 120 seconds left.
|l|☆Emoninja23
|inactive|Emoninja23 disconnected and has a minute to reconnect!
|player|p1|
|inactive|Emoninja23 has 30 seconds to reconnect!
|inactive|Emoninja23 has 20 seconds to reconnect!
|inactive|Emoninja23 has 15 seconds to reconnect!
|inactive|Emoninja23 has 10 seconds to reconnect!
|inactive|Emoninja23 has 5 seconds to reconnect!
|-message|Emoninja23 lost due to inactivity.
|
|win|SroudDuors
|raw|Emoninja23's rating: 1345 → 1327(-18 for losing)
|raw|SroudDuors's rating: 1377 → 1396(+19 for winning)
