|ScrapeTime|2020-01-01-01:08:41
|j|☆jrg123
|j|☆huehueeek
|player|p1|jrg123|102|1418
|player|p2|huehueeek|ltsurge|1443
|teamsize|p1|6
|teamsize|p2|6
|gametype|singles
|gen|8
|tier|[Gen 8] OU
|rated|
|rule|Sleep Clause Mod: Limit one foe put to sleep
|rule|Species Clause: Limit one of each Pokémon
|rule|OHKO Clause: OHKO moves are banned
|rule|Evasion Moves Clause: Evasion moves are banned
|rule|Endless Battle Clause: Forcing endless battles is banned
|rule|HP Percentage Mod: HP is shown in percentages
|clearpoke
|poke|p1|Dugtrio, M|
|poke|p1|Ferrothorn, M|
|poke|p1|Rotom-Heat|
|poke|p1|Mandibuzz, F|
|poke|p1|Dracovish|
|poke|p1|Dragapult, F|
|poke|p2|Aegislash, M|
|poke|p2|Ditto|
|poke|p2|Dugtrio, M|
|poke|p2|Dragapult, F|
|poke|p2|Toxapex, M|
|poke|p2|Gyarados, M|
|rule|Dynamax Clause: You cannot dynamax
|teampreview
|inactive|Battle timer is ON: inactive players will automatically lose when time's up. (requested by huehueeek)
|inactive|jrg123 has 120 seconds left.
|
|start
|switch|p1a: kill|Mandibuzz, F|100/100
|switch|p2a: Dragapult|Dragapult, F|100/100
|turn|1
|
|switch|p2a: Toxapex|Toxapex, M|100/100
|move|p1a: kill|U-turn|p2a: Toxapex
|-resisted|p2a: Toxapex
|-damage|p2a: Toxapex|97/100
|c|☆huehueeek|bruh
|
|switch|p1a: Epstein|Dugtrio, M|100/100|[from]move: U-turn
|
|-heal|p2a: Toxapex|100/100|[from] item: Black Sludge
|upkeep
|turn|2
|c|☆huehueeek|today
|c|☆huehueeek|burn
|
|move|p1a: Epstein|Earthquake|p2a: Toxapex
|-supereffective|p2a: Toxapex
|-damage|p2a: Toxapex|23/100
|move|p2a: Toxapex|Scald|p1a: Epstein
|-supereffective|p1a: Epstein
|-damage|p1a: Epstein|24/100
|-status|p1a: Epstein|brn
|
|-heal|p2a: Toxapex|29/100|[from] item: Black Sludge
|-damage|p1a: Epstein|18/100 brn|[from] brn
|upkeep
|turn|3
|
|move|p1a: Epstein|Earthquake|p2a: Toxapex
|-supereffective|p2a: Toxapex
|-damage|p2a: Toxapex|0 fnt
|faint|p2a: Toxapex
|
|-damage|p1a: Epstein|11/100 brn|[from] brn
|upkeep
|
|switch|p2a: Ditto|Ditto|100/100
|-transform|p2a: Ditto|p1a: Epstein|[from] ability: Imposter
|turn|4
|c|☆huehueeek|bruh
|
|move|p2a: Ditto|Earthquake|p1a: Epstein
|-damage|p1a: Epstein|0 fnt
|faint|p1a: Epstein
|
|upkeep
|
|switch|p1a: kill|Mandibuzz, F|100/100
|turn|5
|
|switch|p2a: Aegislash|Aegislash, M|100/100
|move|p1a: kill|U-turn|p2a: Aegislash
|-resisted|p2a: Aegislash
|-damage|p2a: Aegislash|98/100
|
|switch|p1a: self|Dragapult, F|100/100|[from]move: U-turn
|
|upkeep
|turn|6
|
|move|p1a: self|Shadow Ball|p2a: Aegislash
|-supereffective|p2a: Aegislash
|-damage|p2a: Aegislash|16/100
|-enditem|p2a: Aegislash|Weakness Policy
|-boost|p2a: Aegislash|atk|2
|-boost|p2a: Aegislash|spa|2
|-formechange|p2a: Aegislash|Aegislash-Blade||[from] ability: Stance Change
|move|p2a: Aegislash|Shadow Ball|p1a: self
|-supereffective|p1a: self
|-damage|p1a: self|0 fnt
|faint|p1a: self
|
|upkeep
|c|☆huehueeek|yum
|c|☆huehueeek|spec
|c|☆huehueeek|weak
|inactive|jrg123 has 120 seconds left.
|c|☆huehueeek|bruh
|
|switch|p1a: Not|Rotom-Heat|100/100
|turn|7
|c|☆huehueeek|hot
|
|switch|p1a: Did|Ferrothorn, M|100/100
|-formechange|p2a: Aegislash|Aegislash||[from] ability: Stance Change
|move|p2a: Aegislash|King's Shield||[still]
|-fail|p2a: Aegislash
|
|upkeep
|turn|8
|c|☆huehueeek|why
|c|☆huehueeek|u
|
|-formechange|p2a: Aegislash|Aegislash-Blade||[from] ability: Stance Change
|move|p2a: Aegislash|Shadow Ball|p1a: Did
|-damage|p1a: Did|22/100
|move|p1a: Did|Stealth Rock|p2a: Aegislash
|-sidestart|p2: huehueeek|move: Stealth Rock
|
|upkeep
|turn|9
|c|☆huehueeek|scared
|c|☆huehueeek|oof
|
|switch|p1a: kill|Mandibuzz, F|100/100
|move|p2a: Aegislash|Steel Beam|p1a: kill|[miss]
|-miss|p2a: Aegislash|p1a: kill
|-damage|p2a: Aegislash|0 fnt|[from] steelbeam
|faint|p2a: Aegislash
|
|upkeep
|c|☆huehueeek|ROFL
|c|☆huehueeek|ROFL
|c|☆huehueeek|MISS
|c|☆jrg123|noob
|c|☆huehueeek|ROFL
|c|☆huehueeek|fking retrd w luck
|
|switch|p2a: Ditto|Ditto|100/100
|-damage|p2a: Ditto|88/100|[from] Stealth Rock
|-transform|p2a: Ditto|p1a: kill|[from] ability: Imposter
|turn|10
|c|☆huehueeek|fktrd
|inactive|jrg123 has 120 seconds left.
|
|move|p2a: Ditto|Defog|p1a: kill
|-unboost|p1a: kill|evasion|1
|-sideend|p2: huehueeek|Stealth Rock|[from] move: Defog|[of] p2a: Ditto
|move|p1a: kill|U-turn|p2a: Ditto
|-damage|p2a: Ditto|78/100
|
|switch|p1a: Not|Rotom-Heat|100/100|[from]move: U-turn
|
|upkeep
|turn|11
|c|☆huehueeek|hot
|
|switch|p2a: Dugtrio|Dugtrio, M|100/100
|move|p1a: Not|Nasty Plot|p1a: Not
|-boost|p1a: Not|spa|2
|
|upkeep
|turn|12
|
|move|p2a: Dugtrio|Rock Tomb|p1a: Not
|-supereffective|p1a: Not
|-damage|p1a: Not|52/100
|-unboost|p1a: Not|spe|1
|move|p1a: Not|Shadow Ball|p2a: Dugtrio
|-crit|p2a: Dugtrio
|-enditem|p2a: Dugtrio|Focus Sash
|-damage|p2a: Dugtrio|1/100
|
|upkeep
|turn|13
|c|☆huehueeek|crit
|c|☆huehueeek|LMAO
|inactive|jrg123 has 120 seconds left.
|
|move|p2a: Dugtrio|Stealth Rock|p1a: Not
|-sidestart|p1: jrg123|move: Stealth Rock
|move|p1a: Not|Shadow Ball|p2a: Dugtrio
|-crit|p2a: Dugtrio
|-damage|p2a: Dugtrio|0 fnt
|faint|p2a: Dugtrio
|
|upkeep
|
|switch|p2a: Ditto|Ditto|78/100
|-transform|p2a: Ditto|p1a: Not|[from] ability: Imposter
|turn|14
|c|☆huehueeek|KEK!
|
|move|p2a: Ditto|Shadow Ball|p1a: Not
|-damage|p1a: Not|0 fnt
|faint|p1a: Not
|
|upkeep
|
|switch|p1a: kill|Mandibuzz, F|100/100
|-damage|p1a: kill|76/100|[from] Stealth Rock
|turn|15
|
|move|p2a: Ditto|Shadow Ball|p1a: kill
|-resisted|p1a: kill
|-damage|p1a: kill|55/100
|move|p1a: kill|Foul Play|p2a: Ditto
|-damage|p2a: Ditto|59/100
|
|-heal|p1a: kill|61/100|[from] item: Leftovers
|upkeep
|turn|16
|
|switch|p2a: Gyarados|Gyarados, M|100/100
|-ability|p2a: Gyarados|Intimidate|boost
|-unboost|p1a: kill|atk|1
|move|p1a: kill|Roost|p1a: kill
|-heal|p1a: kill|100/100
|-singleturn|p1a: kill|move: Roost
|
|upkeep
|turn|17
|
|move|p2a: Gyarados|Bounce||[still]
|-prepare|p2a: Gyarados|Bounce|p1a: kill
|move|p1a: kill|Foul Play|p2a: Gyarados|[miss]
|-miss|p1a: kill|p2a: Gyarados
|
|upkeep
|turn|18
|
|switch|p1a: Did|Ferrothorn, M|22/100
|-damage|p1a: Did|16/100|[from] Stealth Rock
|move|p2a: Gyarados|Bounce|p1a: Did|[from]lockedmove
|-damage|p1a: Did|0 fnt
|-damage|p2a: Gyarados|88/100|[from] ability: Iron Barbs|[of] p1a: Did
|-damage|p2a: Gyarados|71/100|[from] item: Rocky Helmet|[of] p1a: Did
|faint|p1a: Did
|
|-heal|p2a: Gyarados|78/100|[from] item: Leftovers
|upkeep
|
|switch|p1a: him|Dracovish|100/100
|-damage|p1a: him|88/100|[from] Stealth Rock
|turn|19
|
|move|p1a: him|Fishious Rend|p2a: Gyarados
|-resisted|p2a: Gyarados
|-damage|p2a: Gyarados|4/100
|move|p2a: Gyarados|Bounce||[still]
|-prepare|p2a: Gyarados|Bounce|p1a: him
|
|-heal|p2a: Gyarados|10/100|[from] item: Leftovers
|upkeep
|turn|20
|c|☆huehueeek|kek
|
|move|p1a: him|Fishious Rend|p2a: Gyarados|[miss]
|-miss|p1a: him|p2a: Gyarados
|move|p2a: Gyarados|Bounce|p1a: him|[from]lockedmove
|-damage|p1a: him|41/100
|
|-heal|p2a: Gyarados|16/100|[from] item: Leftovers
|upkeep
|turn|21
|
|move|p1a: him|Fishious Rend|p2a: Gyarados
|-resisted|p2a: Gyarados
|-damage|p2a: Gyarados|0 fnt
|faint|p2a: Gyarados
|
|upkeep
|
|switch|p2a: Ditto|Ditto|59/100
|-transform|p2a: Ditto|p1a: him|[from] ability: Imposter
|turn|22
|
|move|p1a: him|Fishious Rend|p2a: Ditto
|-resisted|p2a: Ditto
|-damage|p2a: Ditto|26/100
|move|p2a: Ditto|Fishious Rend|p1a: him
|-resisted|p1a: him
|-damage|p1a: him|27/100
|
|upkeep
|turn|23
|
|move|p2a: Ditto|Fishious Rend|p1a: him
|-resisted|p1a: him
|-damage|p1a: him|0 fnt
|faint|p1a: him
|
|upkeep
|c|☆huehueeek|KEK!
|
|switch|p1a: kill|Mandibuzz, F|100/100
|-damage|p1a: kill|76/100|[from] Stealth Rock
|turn|24
|c|☆huehueeek|i won
|c|☆huehueeek|u dumfk
|inactive|jrg123 has 120 seconds left.
|c|☆huehueeek|noob
|c|☆huehueeek|easy
|inactive|jrg123 has 90 seconds left.
|inactive|jrg123 has 60 seconds left.
|c|☆huehueeek|fktrd time stalling
|c|☆huehueeek|lmao
|c|☆huehueeek|sad
|c|☆huehueeek|as
|c|☆huehueeek|fk
|inactive|jrg123 has 30 seconds left.
|inactive|jrg123 has 20 seconds left.
|inactive|jrg123 has 15 seconds left.
|inactive|jrg123 has 10 seconds left.
|inactive|jrg123 has 5 seconds left.
|-message|jrg123 lost due to inactivity.
|
|win|huehueeek
|raw|jrg123's rating: 1418 → 1398(-20 for losing)
|raw|huehueeek's rating: 1422 → 1441(+19 for winning)
|l|☆jrg123
|c|☆huehueeek|retd
