|ScrapeTime|2020-01-01-02:05:14
|j|☆alright51
|j|☆FreddyFromICarly
|player|p1|alright51|2|1079
|player|p2|FreddyFromICarly|tate|1047
|teamsize|p1|6
|teamsize|p2|6
|gametype|singles
|gen|8
|tier|[Gen 8] OU
|rated|
|rule|Sleep Clause Mod: Limit one foe put to sleep
|rule|Species Clause: Limit one of each Pokémon
|rule|OHKO Clause: OHKO moves are banned
|rule|Evasion Moves Clause: Evasion moves are banned
|rule|Endless Battle Clause: Forcing endless battles is banned
|rule|HP Percentage Mod: HP is shown in percentages
|clearpoke
|poke|p1|Dragapult, F|
|poke|p1|Rotom-Wash|
|poke|p1|Corviknight, F|
|poke|p1|Grimmsnarl, M|
|poke|p1|Toxtricity, F|
|poke|p1|Aegislash, M|
|poke|p2|Crawdaunt, M|
|poke|p2|Dragapult, F|
|poke|p2|Rotom-Heat|
|poke|p2|Clefable, M|
|poke|p2|Hydreigon, F|
|poke|p2|Corviknight, M|
|rule|Dynamax Clause: You cannot dynamax
|teampreview
|inactive|Battle timer is ON: inactive players will automatically lose when time's up. (requested by FreddyFromICarly)
|
|start
|switch|p1a: Grimmsnarl|Grimmsnarl, M|100/100
|switch|p2a: Hydreigon|Hydreigon, F|100/100
|turn|1
|
|switch|p2a: Corviknight|Corviknight, M|100/100
|-ability|p2a: Corviknight|Pressure
|move|p1a: Grimmsnarl|Play Rough|p2a: Corviknight
|-resisted|p2a: Corviknight
|-damage|p2a: Corviknight|85/100
|
|-heal|p2a: Corviknight|92/100|[from] item: Leftovers
|upkeep
|turn|2
|
|move|p1a: Grimmsnarl|Thunder Wave|p2a: Corviknight
|-status|p2a: Corviknight|par
|cant|p2a: Corviknight|par
|
|-heal|p2a: Corviknight|98/100 par|[from] item: Leftovers
|upkeep
|turn|3
|
|move|p1a: Grimmsnarl|Reflect|p1a: Grimmsnarl
|-sidestart|p1: alright51|Reflect
|move|p2a: Corviknight|U-turn|p1a: Grimmsnarl
|-damage|p1a: Grimmsnarl|92/100
|
|switch|p2a: Clefable|Clefable, M|100/100|[from]move: U-turn
|
|upkeep
|turn|4
|
|move|p1a: Grimmsnarl|Thunder Wave|p2a: Clefable
|-status|p2a: Clefable|par
|move|p2a: Clefable|Moonblast|p1a: Grimmsnarl
|-supereffective|p1a: Grimmsnarl
|-damage|p1a: Grimmsnarl|26/100
|
|upkeep
|turn|5
|
|switch|p1a: Aegislash|Aegislash, M|100/100
|cant|p2a: Clefable|par
|
|upkeep
|turn|6
|
|switch|p2a: Corviknight|Corviknight, M|98/100 par
|-ability|p2a: Corviknight|Pressure
|-formechange|p1a: Aegislash|Aegislash-Blade||[from] ability: Stance Change
|move|p1a: Aegislash|Flash Cannon|p2a: Corviknight
|-resisted|p2a: Corviknight
|-damage|p2a: Corviknight|78/100 par
|-unboost|p2a: Corviknight|spd|1
|
|-heal|p2a: Corviknight|84/100 par|[from] item: Leftovers
|upkeep
|turn|7
|
|-formechange|p1a: Aegislash|Aegislash||[from] ability: Stance Change
|move|p1a: Aegislash|King's Shield|p1a: Aegislash
|-singleturn|p1a: Aegislash|Protect
|move|p2a: Corviknight|U-turn|p1a: Aegislash
|-activate|p1a: Aegislash|move: Protect
|-unboost|p2a: Corviknight|atk|1
|
|-heal|p2a: Corviknight|91/100 par|[from] item: Leftovers
|upkeep
|turn|8
|
|-formechange|p1a: Aegislash|Aegislash-Blade||[from] ability: Stance Change
|move|p1a: Aegislash|Shadow Ball|p2a: Corviknight
|-damage|p2a: Corviknight|36/100 par
|move|p2a: Corviknight|U-turn|p1a: Aegislash
|-resisted|p1a: Aegislash
|-damage|p1a: Aegislash|99/100
|
|switch|p2a: Hydreigon|Hydreigon, F|100/100|[from]move: U-turn
|
|upkeep
|turn|9
|
|switch|p1a: Grimmsnarl|Grimmsnarl, M|26/100
|move|p2a: Hydreigon|Dark Pulse|p1a: Grimmsnarl
|-resisted|p1a: Grimmsnarl
|-damage|p1a: Grimmsnarl|10/100
|-damage|p2a: Hydreigon|91/100|[from] item: Life Orb
|
|upkeep
|turn|10
|
|move|p1a: Grimmsnarl|Thunder Wave|p2a: Hydreigon
|-hint|Since gen 7, Dark is immune to Prankster moves.
|-immune|p2a: Hydreigon
|move|p2a: Hydreigon|Flash Cannon|p1a: Grimmsnarl
|-supereffective|p1a: Grimmsnarl
|-damage|p1a: Grimmsnarl|0 fnt
|-damage|p2a: Hydreigon|81/100|[from] item: Life Orb
|faint|p1a: Grimmsnarl
|
|-sideend|p1: alright51|Reflect
|upkeep
|
|switch|p1a: Dragapult|Dragapult, F|100/100
|turn|11
|
|switch|p2a: Clefable|Clefable, M|100/100 par
|move|p1a: Dragapult|Dragon Darts|p2a: Clefable
|-immune|p2a: Clefable
|
|upkeep
|turn|12
|
|switch|p1a: Aegislash|Aegislash, M|99/100
|cant|p2a: Clefable|par
|
|upkeep
|turn|13
|
|switch|p2a: Rotom|Rotom-Heat|100/100
|-formechange|p1a: Aegislash|Aegislash-Blade||[from] ability: Stance Change
|move|p1a: Aegislash|Shadow Ball|p2a: Rotom
|-damage|p2a: Rotom|49/100
|
|upkeep
|turn|14
|
|-formechange|p1a: Aegislash|Aegislash||[from] ability: Stance Change
|move|p1a: Aegislash|King's Shield|p1a: Aegislash
|-singleturn|p1a: Aegislash|Protect
|move|p2a: Rotom|Overheat|p1a: Aegislash
|-activate|p1a: Aegislash|move: Protect
|
|upkeep
|turn|15
|
|move|p2a: Rotom|Volt Switch|p1a: Aegislash
|-damage|p1a: Aegislash|78/100
|
|switch|p2a: Hydreigon|Hydreigon, F|81/100|[from]move: Volt Switch
|-formechange|p1a: Aegislash|Aegislash-Blade||[from] ability: Stance Change
|move|p1a: Aegislash|Shadow Ball|p2a: Hydreigon
|-resisted|p2a: Hydreigon
|-damage|p2a: Hydreigon|51/100
|
|upkeep
|turn|16
|
|-formechange|p1a: Aegislash|Aegislash||[from] ability: Stance Change
|move|p1a: Aegislash|King's Shield|p1a: Aegislash
|-singleturn|p1a: Aegislash|Protect
|move|p2a: Hydreigon|Dark Pulse|p1a: Aegislash
|-activate|p1a: Aegislash|move: Protect
|
|upkeep
|turn|17
|
|move|p2a: Hydreigon|Dark Pulse|p1a: Aegislash
|-supereffective|p1a: Aegislash
|-damage|p1a: Aegislash|0 fnt
|-damage|p2a: Hydreigon|41/100|[from] item: Life Orb
|faint|p1a: Aegislash
|
|upkeep
|
|switch|p1a: Dragapult|Dragapult, F|100/100
|turn|18
|
|switch|p2a: Clefable|Clefable, M|100/100 par
|move|p1a: Dragapult|Psychic Fangs|p2a: Clefable
|-damage|p2a: Clefable|61/100 par
|
|-heal|p2a: Clefable|67/100 par|[from] item: Leftovers
|upkeep
|turn|19
|
|switch|p1a: Toxtricity|Toxtricity, F|100/100
|move|p2a: Clefable|Stealth Rock|p1a: Toxtricity
|-sidestart|p1: alright51|move: Stealth Rock
|
|-heal|p2a: Clefable|73/100 par|[from] item: Leftovers
|upkeep
|turn|20
|
|switch|p2a: Corviknight|Corviknight, M|36/100 par
|-ability|p2a: Corviknight|Pressure
|move|p1a: Toxtricity|Boomburst|p2a: Corviknight
|-resisted|p2a: Corviknight
|-damage|p2a: Corviknight|3/100 par
|
|-heal|p2a: Corviknight|10/100 par|[from] item: Leftovers
|upkeep
|turn|21
|
|move|p1a: Toxtricity|Boomburst|p2a: Corviknight
|-resisted|p2a: Corviknight
|-damage|p2a: Corviknight|0 fnt
|faint|p2a: Corviknight
|
|upkeep
|
|switch|p2a: Dragapult|Dragapult, F|100/100
|turn|22
|
|switch|p1a: Rotom|Rotom-Wash|100/100
|-damage|p1a: Rotom|88/100|[from] Stealth Rock
|move|p2a: Dragapult|Shadow Ball|p1a: Rotom
|-damage|p1a: Rotom|15/100
|-unboost|p1a: Rotom|spd|1
|
|upkeep
|turn|23
|
|move|p1a: Rotom|Dark Pulse|p2a: Dragapult
|-supereffective|p2a: Dragapult
|-damage|p2a: Dragapult|32/100
|cant|p2a: Dragapult|flinch
|
|upkeep
|turn|24
|
|switch|p2a: Crawdaunt|Crawdaunt, M|100/100
|move|p1a: Rotom|Dark Pulse|p2a: Crawdaunt
|-resisted|p2a: Crawdaunt
|-damage|p2a: Crawdaunt|76/100
|
|upkeep
|turn|25
|
|switch|p1a: Toxtricity|Toxtricity, F|100/100
|-damage|p1a: Toxtricity|88/100|[from] Stealth Rock
|move|p2a: Crawdaunt|Knock Off|p1a: Toxtricity
|-damage|p1a: Toxtricity|0 fnt
|-enditem|p1a: Toxtricity|Choice Specs|[from] move: Knock Off|[of] p2a: Crawdaunt
|-damage|p2a: Crawdaunt|66/100|[from] item: Life Orb
|faint|p1a: Toxtricity
|
|upkeep
|
|switch|p1a: Dragapult|Dragapult, F|100/100
|-damage|p1a: Dragapult|88/100|[from] Stealth Rock
|turn|26
|
|move|p2a: Crawdaunt|Aqua Jet|p1a: Dragapult
|-resisted|p1a: Dragapult
|-damage|p1a: Dragapult|66/100
|-damage|p2a: Crawdaunt|56/100|[from] item: Life Orb
|move|p1a: Dragapult|Psychic Fangs|p2a: Crawdaunt
|-immune|p2a: Crawdaunt
|
|upkeep
|turn|27
|
|switch|p1a: Corviknight|Corviknight, F|100/100
|-damage|p1a: Corviknight|88/100|[from] Stealth Rock
|move|p2a: Crawdaunt|Knock Off|p1a: Corviknight
|-damage|p1a: Corviknight|40/100
|-enditem|p1a: Corviknight|Leftovers|[from] move: Knock Off|[of] p2a: Crawdaunt
|-damage|p2a: Crawdaunt|47/100|[from] item: Life Orb
|
|upkeep
|turn|28
|
|move|p2a: Crawdaunt|Crabhammer|p1a: Corviknight
|-damage|p1a: Corviknight|0 fnt
|-damage|p2a: Crawdaunt|37/100|[from] item: Life Orb
|faint|p1a: Corviknight
|
|upkeep
|
|switch|p1a: Rotom|Rotom-Wash|15/100
|-damage|p1a: Rotom|2/100|[from] Stealth Rock
|turn|29
|
|move|p2a: Crawdaunt|Aqua Jet|p1a: Rotom
|-resisted|p1a: Rotom
|-damage|p1a: Rotom|0 fnt
|-damage|p2a: Crawdaunt|27/100|[from] item: Life Orb
|faint|p1a: Rotom
|
|upkeep
|
|switch|p1a: Dragapult|Dragapult, F|66/100
|-damage|p1a: Dragapult|54/100|[from] Stealth Rock
|turn|30
|
|move|p2a: Crawdaunt|Aqua Jet|p1a: Dragapult
|-resisted|p1a: Dragapult
|-damage|p1a: Dragapult|31/100
|-damage|p2a: Crawdaunt|18/100|[from] item: Life Orb
|move|p1a: Dragapult|Dragon Darts|p2a: Crawdaunt
|-damage|p2a: Crawdaunt|0 fnt
|-hitcount|p2a: Crawdaunt|1
|faint|p2a: Crawdaunt
|
|upkeep
|
|switch|p2a: Clefable|Clefable, M|73/100 par
|turn|31
|
|move|p1a: Dragapult|Dragon Darts|p2a: Clefable
|-immune|p2a: Clefable
|move|p2a: Clefable|Moonblast|p1a: Dragapult
|-supereffective|p1a: Dragapult
|-damage|p1a: Dragapult|0 fnt
|faint|p1a: Dragapult
|
|win|FreddyFromICarly
|l|☆alright51
|raw|alright51's rating: 1079 → 1055(-24 for losing)
|raw|FreddyFromICarly's rating: 1047 → 1083(+36 for winning)
