|ScrapeTime|2020-01-01-04:14:24
|j|☆Thehombre
|j|☆Neutralist
|player|p1|Thehombre|30|1031
|player|p2|Neutralist|265|1000
|teamsize|p1|6
|teamsize|p2|6
|gametype|singles
|gen|8
|tier|[Gen 8] OU
|rated|
|rule|Sleep Clause Mod: Limit one foe put to sleep
|rule|Species Clause: Limit one of each Pokémon
|rule|OHKO Clause: OHKO moves are banned
|rule|Evasion Moves Clause: Evasion moves are banned
|rule|Endless Battle Clause: Forcing endless battles is banned
|rule|HP Percentage Mod: HP is shown in percentages
|clearpoke
|poke|p1|Cinderace, M|
|poke|p1|Obstagoon, M|
|poke|p1|Torkoal, M|
|poke|p1|Machamp, M|
|poke|p1|Leafeon, F|
|poke|p1|Arcanine, F|
|poke|p2|Dracovish, L82|
|poke|p2|Galvantula, F|
|poke|p2|Toxtricity, L84, M|
|poke|p2|Togekiss, L80, M|
|poke|p2|Arctozolt|
|poke|p2|Hawlucha, M|
|rule|Dynamax Clause: You cannot dynamax
|teampreview
|
|start
|switch|p1a: Torkoal|Torkoal, M|100/100
|switch|p2a: Galvantula|Galvantula, F|100/100
|-weather|SunnyDay|[from] ability: Drought|[of] p1a: Torkoal
|turn|1
|inactive|Battle timer is ON: inactive players will automatically lose when time's up. (requested by Neutralist)
|c|☆Neutralist|Sigh
|c|☆Neutralist|all the time
|
|move|p2a: Galvantula|Thunder Wave|p1a: Torkoal
|-status|p1a: Torkoal|par
|cant|p1a: Torkoal|par
|
|-weather|SunnyDay|[upkeep]
|upkeep
|turn|2
|
|move|p2a: Galvantula|Sticky Web|p1a: Torkoal
|-sidestart|p1: Thehombre|move: Sticky Web
|move|p1a: Torkoal|Stealth Rock|p2a: Galvantula
|-sidestart|p2: Neutralist|move: Stealth Rock
|
|-weather|SunnyDay|[upkeep]
|upkeep
|turn|3
|
|move|p2a: Galvantula|Light Screen|p2a: Galvantula
|-sidestart|p2: Neutralist|move: Light Screen
|cant|p1a: Torkoal|par
|
|-weather|SunnyDay|[upkeep]
|upkeep
|turn|4
|
|move|p2a: Galvantula|Sucker Punch|p1a: Torkoal
|-damage|p1a: Torkoal|90/100 par
|move|p1a: Torkoal|Flamethrower|p2a: Galvantula
|-supereffective|p2a: Galvantula
|-enditem|p2a: Galvantula|Focus Sash
|-damage|p2a: Galvantula|1/100
|
|-weather|SunnyDay|[upkeep]
|upkeep
|turn|5
|
|move|p2a: Galvantula|Sucker Punch|p1a: Torkoal
|-damage|p1a: Torkoal|79/100 par
|move|p1a: Torkoal|Flamethrower|p2a: Galvantula
|-supereffective|p2a: Galvantula
|-damage|p2a: Galvantula|0 fnt
|faint|p2a: Galvantula
|
|-weather|SunnyDay|[upkeep]
|upkeep
|
|switch|p2a: H O T F I S H|Dracovish, L82|100/100
|-damage|p2a: H O T F I S H|88/100|[from] Stealth Rock
|turn|6
|
|move|p2a: H O T F I S H|Fishious Rend|p1a: Torkoal
|-supereffective|p1a: Torkoal
|-damage|p1a: Torkoal|13/100 par
|cant|p1a: Torkoal|par
|
|-weather|SunnyDay|[upkeep]
|upkeep
|turn|7
|
|move|p2a: H O T F I S H|Fishious Rend|p1a: Torkoal
|-supereffective|p1a: Torkoal
|-damage|p1a: Torkoal|0 fnt
|faint|p1a: Torkoal
|
|-weather|SunnyDay|[upkeep]
|-sideend|p2: Neutralist|move: Light Screen
|upkeep
|
|switch|p1a: Arcanine|Arcanine, F|100/100
|-activate|p1a: Arcanine|move: Sticky Web
|-unboost|p1a: Arcanine|spe|1
|-ability|p1a: Arcanine|Intimidate|boost
|-unboost|p2a: H O T F I S H|atk|1
|turn|8
|
|move|p1a: Arcanine|Flare Blitz|p2a: H O T F I S H
|-resisted|p2a: H O T F I S H
|-damage|p2a: H O T F I S H|46/100
|-damage|p1a: Arcanine|89/100|[from] Recoil
|-damage|p1a: Arcanine|79/100|[from] item: Life Orb
|move|p2a: H O T F I S H|Fishious Rend|p1a: Arcanine
|-supereffective|p1a: Arcanine
|-damage|p1a: Arcanine|45/100
|
|-weather|none
|upkeep
|turn|9
|
|move|p1a: Arcanine|Flare Blitz|p2a: H O T F I S H
|-resisted|p2a: H O T F I S H
|-damage|p2a: H O T F I S H|17/100
|-damage|p1a: Arcanine|37/100|[from] Recoil
|-damage|p1a: Arcanine|27/100|[from] item: Life Orb
|move|p2a: H O T F I S H|Fishious Rend|p1a: Arcanine
|-supereffective|p1a: Arcanine
|-damage|p1a: Arcanine|0 fnt
|faint|p1a: Arcanine
|
|upkeep
|
|switch|p1a: Cinderace|Cinderace, M|100/100
|-activate|p1a: Cinderace|move: Sticky Web
|-unboost|p1a: Cinderace|spe|1
|turn|10
|
|move|p1a: Cinderace|Low Sweep|p2a: H O T F I S H
|-damage|p2a: H O T F I S H|0 fnt
|faint|p2a: H O T F I S H
|
|upkeep
|
|switch|p2a: Togekiss|Togekiss, L80, M|100/100
|-damage|p2a: Togekiss|76/100|[from] Stealth Rock
|turn|11
|
|move|p2a: Togekiss|Protect|p2a: Togekiss
|-singleturn|p2a: Togekiss|Protect
|move|p1a: Cinderace|Iron Head|p2a: Togekiss
|-activate|p2a: Togekiss|move: Protect
|
|-heal|p2a: Togekiss|82/100|[from] item: Leftovers
|upkeep
|turn|12
|
|move|p1a: Cinderace|Pyro Ball|p2a: Togekiss
|-damage|p2a: Togekiss|0 fnt
|faint|p2a: Togekiss
|
|upkeep
|
|switch|p2a: Ozzy|Toxtricity, L84, M|100/100
|-damage|p2a: Ozzy|88/100|[from] Stealth Rock
|turn|13
|
|move|p1a: Cinderace|Pyro Ball|p2a: Ozzy
|-damage|p2a: Ozzy|0 fnt
|faint|p2a: Ozzy
|
|upkeep
|
|switch|p2a: Jotaro|Hawlucha, M|100/100
|-damage|p2a: Jotaro|88/100|[from] Stealth Rock
|turn|14
|
|move|p2a: Jotaro|Close Combat|p1a: Cinderace
|-damage|p1a: Cinderace|23/100
|-unboost|p2a: Jotaro|def|1
|-unboost|p2a: Jotaro|spd|1
|-damage|p2a: Jotaro|78/100|[from] item: Life Orb
|move|p1a: Cinderace|Pyro Ball|p2a: Jotaro
|-damage|p2a: Jotaro|0 fnt
|faint|p2a: Jotaro
|
|upkeep
|
|switch|p2a: Warmthneeded|Arctozolt|100/100
|-damage|p2a: Warmthneeded|75/100|[from] Stealth Rock
|turn|15
|
|move|p1a: Cinderace|Low Sweep|p2a: Warmthneeded
|-supereffective|p2a: Warmthneeded
|-damage|p2a: Warmthneeded|31/100
|-status|p1a: Cinderace|par|[from] ability: Static|[of] p2a: Warmthneeded
|-unboost|p2a: Warmthneeded|spe|1
|move|p2a: Warmthneeded|Facade|p1a: Cinderace
|-damage|p1a: Cinderace|0 fnt
|faint|p1a: Cinderace
|
|upkeep
|
|switch|p1a: Obstagoon|Obstagoon, M|100/100
|-activate|p1a: Obstagoon|move: Sticky Web
|-unboost|p1a: Obstagoon|spe|1
|-ability|p1a: Obstagoon|Defiant
|-boost|p1a: Obstagoon|atk|2
|turn|16
|
|move|p1a: Obstagoon|Knock Off|p2a: Warmthneeded
|-damage|p2a: Warmthneeded|0 fnt
|-status|p1a: Obstagoon|par|[from] ability: Static|[of] p2a: Warmthneeded
|-enditem|p2a: Warmthneeded|Figy Berry|[from] move: Knock Off|[of] p1a: Obstagoon
|faint|p2a: Warmthneeded
|
|win|Thehombre
|raw|Thehombre's rating: 1031 → 1063(+32 for winning)
|raw|Neutralist's rating: 1000 → 1000(+0 for losing)
