|ScrapeTime|2020-01-01-00:15:35
|j|☆6x6
|j|☆adrianv777
|player|p1|6x6|riley|1217
|player|p2|adrianv777|102|1161
|teamsize|p1|6
|teamsize|p2|6
|gametype|singles
|gen|8
|tier|[Gen 8] OU
|rated|
|rule|Sleep Clause Mod: Limit one foe put to sleep
|rule|Species Clause: Limit one of each Pokémon
|rule|OHKO Clause: OHKO moves are banned
|rule|Evasion Moves Clause: Evasion moves are banned
|rule|Endless Battle Clause: Forcing endless battles is banned
|rule|HP Percentage Mod: HP is shown in percentages
|clearpoke
|poke|p1|Dracovish|
|poke|p1|Toxtricity, F|
|poke|p1|Dragapult, M|
|poke|p1|Corviknight, M|
|poke|p1|Gastrodon-East, F|
|poke|p1|Centiskorch, F|
|poke|p2|Tyranitar, F|
|poke|p2|Excadrill, M|
|poke|p2|Seismitoad, M|
|poke|p2|Barraskewda, M|
|poke|p2|Pelipper, F|
|poke|p2|Ferrothorn, F|
|rule|Dynamax Clause: You cannot dynamax
|teampreview
|
|start
|switch|p1a: Toxtricity|Toxtricity, F, shiny|100/100
|switch|p2a: Tyranitar|Tyranitar, F, shiny|100/100
|-weather|Sandstorm|[from] ability: Sand Stream|[of] p2a: Tyranitar
|turn|1
|
|switch|p1a: Corviknight|Corviknight, M, shiny|100/100
|move|p2a: Tyranitar|Crunch|p1a: Corviknight
|-crit|p1a: Corviknight
|-damage|p1a: Corviknight|46/100
|
|-weather|Sandstorm|[upkeep]
|-heal|p1a: Corviknight|52/100|[from] item: Leftovers
|upkeep
|turn|2
|
|move|p1a: Corviknight|Roost|p1a: Corviknight
|-heal|p1a: Corviknight|100/100
|-singleturn|p1a: Corviknight|move: Roost
|move|p2a: Tyranitar|Crunch|p1a: Corviknight
|-damage|p1a: Corviknight|61/100
|
|-weather|Sandstorm|[upkeep]
|-heal|p1a: Corviknight|67/100|[from] item: Leftovers
|upkeep
|turn|3
|
|move|p1a: Corviknight|Iron Defense|p1a: Corviknight
|-boost|p1a: Corviknight|def|2
|move|p2a: Tyranitar|Crunch|p1a: Corviknight
|-damage|p1a: Corviknight|46/100
|
|-weather|Sandstorm|[upkeep]
|-heal|p1a: Corviknight|53/100|[from] item: Leftovers
|upkeep
|turn|4
|
|switch|p2a: Seismitoad|Seismitoad, M, shiny|100/100
|move|p1a: Corviknight|Body Press|p2a: Seismitoad
|-damage|p2a: Seismitoad|69/100
|
|-weather|Sandstorm|[upkeep]
|-heal|p1a: Corviknight|59/100|[from] item: Leftovers
|-heal|p2a: Seismitoad|75/100|[from] item: Leftovers
|upkeep
|turn|5
|inactive|Battle timer is ON: inactive players will automatically lose when time's up. (requested by 6x6)
|
|move|p1a: Corviknight|Roost|p1a: Corviknight
|-heal|p1a: Corviknight|100/100
|-singleturn|p1a: Corviknight|move: Roost
|move|p2a: Seismitoad|Weather Ball|p1a: Corviknight
|-resisted|p1a: Corviknight
|-damage|p1a: Corviknight|93/100
|
|-weather|none
|-heal|p1a: Corviknight|99/100|[from] item: Leftovers
|-heal|p2a: Seismitoad|81/100|[from] item: Leftovers
|upkeep
|turn|6
|
|switch|p2a: Pelipper|Pelipper, F|100/100
|-weather|RainDance|[from] ability: Drizzle|[of] p2a: Pelipper
|move|p1a: Corviknight|Iron Defense|p1a: Corviknight
|-boost|p1a: Corviknight|def|2
|
|-weather|RainDance|[upkeep]
|-heal|p1a: Corviknight|100/100|[from] item: Leftovers
|upkeep
|turn|7
|
|move|p1a: Corviknight|Body Press|p2a: Pelipper
|-resisted|p2a: Pelipper
|-damage|p2a: Pelipper|72/100
|move|p2a: Pelipper|Hydro Pump|p1a: Corviknight
|-damage|p1a: Corviknight|49/100
|
|-weather|RainDance|[upkeep]
|-heal|p1a: Corviknight|55/100|[from] item: Leftovers
|-heal|p2a: Pelipper|78/100|[from] item: Leftovers
|upkeep
|turn|8
|
|move|p1a: Corviknight|Roost|p1a: Corviknight
|-heal|p1a: Corviknight|100/100
|-singleturn|p1a: Corviknight|move: Roost
|move|p2a: Pelipper|Hydro Pump|p1a: Corviknight
|-damage|p1a: Corviknight|48/100
|
|-weather|RainDance|[upkeep]
|-heal|p1a: Corviknight|54/100|[from] item: Leftovers
|-heal|p2a: Pelipper|84/100|[from] item: Leftovers
|upkeep
|turn|9
|
|switch|p1a: Gastrodon|Gastrodon-East, F|100/100
|move|p2a: Pelipper|Hydro Pump|p1a: Gastrodon
|-ability|p1a: Gastrodon|Storm Drain|boost
|-boost|p1a: Gastrodon|spa|1
|
|-weather|RainDance|[upkeep]
|-heal|p2a: Pelipper|91/100|[from] item: Leftovers
|upkeep
|turn|10
|inactive|adrianv777 has 120 seconds left.
|
|switch|p2a: Ferrothorn|Ferrothorn, F|100/100
|move|p1a: Gastrodon|Icy Wind|p2a: Ferrothorn
|-damage|p2a: Ferrothorn|85/100
|-unboost|p2a: Ferrothorn|spe|1
|
|-weather|none
|-heal|p2a: Ferrothorn|91/100|[from] item: Leftovers
|upkeep
|turn|11
|inactive|adrianv777 has 120 seconds left.
|
|switch|p1a: Centiskorch|Centiskorch, F|100/100
|move|p2a: Ferrothorn|Leech Seed|p1a: Centiskorch
|-start|p1a: Centiskorch|move: Leech Seed
|
|-heal|p2a: Ferrothorn|97/100|[from] item: Leftovers
|-damage|p1a: Centiskorch|88/100|[from] Leech Seed|[of] p2a: Ferrothorn
|-heal|p2a: Ferrothorn|100/100|[silent]
|upkeep
|turn|12
|inactive|adrianv777 has 120 seconds left.
|
|switch|p2a: Pelipper|Pelipper, F|91/100
|-weather|RainDance|[from] ability: Drizzle|[of] p2a: Pelipper
|move|p1a: Centiskorch|Power Whip|p2a: Pelipper
|-damage|p2a: Pelipper|49/100
|
|-weather|RainDance|[upkeep]
|-heal|p2a: Pelipper|55/100|[from] item: Leftovers
|-damage|p1a: Centiskorch|76/100|[from] Leech Seed|[of] p2a: Pelipper
|-heal|p2a: Pelipper|71/100|[silent]
|upkeep
|turn|13
|inactive|adrianv777 has 120 seconds left.
|
|switch|p1a: Gastrodon|Gastrodon-East, F|100/100
|move|p2a: Pelipper|Hurricane|p1a: Gastrodon
|-damage|p1a: Gastrodon|57/100
|
|-weather|RainDance|[upkeep]
|-heal|p2a: Pelipper|77/100|[from] item: Leftovers
|-heal|p1a: Gastrodon|63/100|[from] item: Leftovers
|upkeep
|turn|14
|
|switch|p2a: Ferrothorn|Ferrothorn, F|100/100
|move|p1a: Gastrodon|Recover|p1a: Gastrodon
|-heal|p1a: Gastrodon|100/100
|
|-weather|RainDance|[upkeep]
|upkeep
|turn|15
|inactive|adrianv777 has 90 seconds left.
|
|switch|p1a: Centiskorch|Centiskorch, F|76/100
|move|p2a: Ferrothorn|Stealth Rock|p1a: Centiskorch
|-sidestart|p1: 6x6|move: Stealth Rock
|
|-weather|RainDance|[upkeep]
|upkeep
|turn|16
|inactive|adrianv777 has 90 seconds left.
|
|switch|p2a: Pelipper|Pelipper, F|77/100
|move|p1a: Centiskorch|Fire Lash|p2a: Pelipper
|-resisted|p2a: Pelipper
|-damage|p2a: Pelipper|66/100
|-unboost|p2a: Pelipper|def|1
|
|-weather|none
|-heal|p2a: Pelipper|72/100|[from] item: Leftovers
|upkeep
|turn|17
|inactive|adrianv777 has 90 seconds left.
|
|move|p1a: Centiskorch|Power Whip|p2a: Pelipper|[miss]
|-miss|p1a: Centiskorch|p2a: Pelipper
|move|p2a: Pelipper|Hydro Pump|p1a: Centiskorch
|-supereffective|p1a: Centiskorch
|-damage|p1a: Centiskorch|0 fnt
|faint|p1a: Centiskorch
|
|-heal|p2a: Pelipper|78/100|[from] item: Leftovers
|upkeep
|
|switch|p1a: Dragapult|Dragapult, M|100/100
|-damage|p1a: Dragapult|88/100|[from] Stealth Rock
|turn|18
|
|switch|p2a: Tyranitar|Tyranitar, F, shiny|100/100
|-weather|Sandstorm|[from] ability: Sand Stream|[of] p2a: Tyranitar
|move|p1a: Dragapult|Thunderbolt|p2a: Tyranitar
|-damage|p2a: Tyranitar|76/100
|
|-weather|Sandstorm|[upkeep]
|-damage|p1a: Dragapult|82/100|[from] Sandstorm
|-heal|p2a: Tyranitar|82/100|[from] item: Leftovers
|upkeep
|turn|19
|inactive|adrianv777 has 60 seconds left.
|
|switch|p1a: Corviknight|Corviknight, M, shiny|54/100
|-damage|p1a: Corviknight|42/100|[from] Stealth Rock
|move|p2a: Tyranitar|Crunch|p1a: Corviknight
|-damage|p1a: Corviknight|0 fnt
|faint|p1a: Corviknight
|
|-weather|Sandstorm|[upkeep]
|-heal|p2a: Tyranitar|88/100|[from] item: Leftovers
|upkeep
|
|switch|p1a: Dracovish|Dracovish|100/100
|-damage|p1a: Dracovish|88/100|[from] Stealth Rock
|turn|20
|
|switch|p2a: Seismitoad|Seismitoad, M, shiny|81/100
|move|p1a: Dracovish|Fishious Rend|p2a: Seismitoad
|-heal|p2a: Seismitoad|100/100|[from] ability: Water Absorb|[of] p1a: Dracovish
|
|-weather|Sandstorm|[upkeep]
|-damage|p1a: Dracovish|82/100|[from] Sandstorm
|upkeep
|turn|21
|
|switch|p1a: Gastrodon|Gastrodon-East, F|100/100
|-damage|p1a: Gastrodon|94/100|[from] Stealth Rock
|move|p2a: Seismitoad|Toxic|p1a: Gastrodon
|-status|p1a: Gastrodon|tox
|
|-weather|Sandstorm|[upkeep]
|-heal|p1a: Gastrodon|100/100 tox|[from] item: Leftovers
|-damage|p1a: Gastrodon|94/100 tox|[from] psn
|upkeep
|turn|22
|-message|6x6 forfeited.
|
|win|adrianv777
|l|☆6x6
|raw|6x6's rating: 1218 → 1189(-29 for losing)
|raw|adrianv777's rating: 1161 → 1190(+29 for winning)
