|ScrapeTime|2020-01-01-01:55:42
|j|☆Upload18
|j|☆ReggieYang5
|player|p1|Upload18|290|1404
|player|p2|ReggieYang5|170|1386
|teamsize|p1|6
|teamsize|p2|6
|gametype|singles
|gen|8
|tier|[Gen 8] OU
|rated|
|rule|Sleep Clause Mod: Limit one foe put to sleep
|rule|Species Clause: Limit one of each Pokémon
|rule|OHKO Clause: OHKO moves are banned
|rule|Evasion Moves Clause: Evasion moves are banned
|rule|Endless Battle Clause: Forcing endless battles is banned
|rule|HP Percentage Mod: HP is shown in percentages
|clearpoke
|poke|p1|Gengar, F|
|poke|p1|Dragapult, F|
|poke|p1|Cinderace, F|
|poke|p1|Cloyster, M|
|poke|p1|Hatterene, F|
|poke|p1|Grimmsnarl, M|
|poke|p2|Aegislash, F|
|poke|p2|Crawdaunt, F|
|poke|p2|Mew|
|poke|p2|Lucario, M|
|poke|p2|Bisharp, F|
|poke|p2|Dragapult, F|
|rule|Dynamax Clause: You cannot dynamax
|teampreview
|
|start
|switch|p1a: Grimmsnarl|Grimmsnarl, M|100/100
|switch|p2a: Crawdaunt|Crawdaunt, F|100/100
|turn|1
|
|switch|p2a: Aegislash|Aegislash, F|100/100
|-item|p2a: Aegislash|Air Balloon
|move|p1a: Grimmsnarl|Reflect|p1a: Grimmsnarl
|-sidestart|p1: Upload18|Reflect
|
|upkeep
|turn|2
|
|move|p1a: Grimmsnarl|Light Screen|p1a: Grimmsnarl
|-sidestart|p1: Upload18|move: Light Screen
|move|p2a: Aegislash|Swords Dance|p2a: Aegislash
|-boost|p2a: Aegislash|atk|2
|
|upkeep
|turn|3
|
|move|p1a: Grimmsnarl|Thunder Wave|p2a: Aegislash
|-status|p2a: Aegislash|par
|-formechange|p2a: Aegislash|Aegislash-Blade||[from] ability: Stance Change
|move|p2a: Aegislash|Iron Head|p1a: Grimmsnarl
|-supereffective|p1a: Grimmsnarl
|-damage|p1a: Grimmsnarl|0 fnt
|faint|p1a: Grimmsnarl
|
|upkeep
|
|switch|p1a: Cinderace|Cinderace, F|100/100
|turn|4
|
|move|p2a: Aegislash|Shadow Sneak|p1a: Cinderace
|-damage|p1a: Cinderace|65/100
|move|p1a: Cinderace|Pyro Ball|p2a: Aegislash
|-supereffective|p2a: Aegislash
|-damage|p2a: Aegislash|0 fnt
|-enditem|p2a: Aegislash|Air Balloon
|faint|p2a: Aegislash
|
|upkeep
|
|switch|p2a: Crawdaunt|Crawdaunt, F|100/100
|turn|5
|
|move|p2a: Crawdaunt|Aqua Jet|p1a: Cinderace
|-supereffective|p1a: Cinderace
|-damage|p1a: Cinderace|10/100
|-damage|p2a: Crawdaunt|91/100|[from] item: Life Orb
|move|p1a: Cinderace|High Jump Kick|p2a: Crawdaunt
|-supereffective|p2a: Crawdaunt
|-damage|p2a: Crawdaunt|0 fnt
|faint|p2a: Crawdaunt
|
|upkeep
|
|switch|p2a: Bisharp|Bisharp, F|100/100
|turn|6
|
|move|p1a: Cinderace|Sucker Punch|p2a: Bisharp
|-resisted|p2a: Bisharp
|-damage|p2a: Bisharp|86/100
|move|p2a: Bisharp|Sucker Punch||[still]
|-fail|p2a: Bisharp
|
|upkeep
|turn|7
|
|move|p1a: Cinderace|Pyro Ball|p2a: Bisharp
|-supereffective|p2a: Bisharp
|-damage|p2a: Bisharp|0 fnt
|faint|p2a: Bisharp
|
|upkeep
|
|switch|p2a: Lucario|Lucario, M|100/100
|turn|8
|
|move|p2a: Lucario|Bullet Punch|p1a: Cinderace
|-resisted|p1a: Cinderace
|-damage|p1a: Cinderace|1/100
|-damage|p2a: Lucario|91/100|[from] item: Life Orb
|move|p1a: Cinderace|Pyro Ball|p2a: Lucario
|-supereffective|p2a: Lucario
|-damage|p2a: Lucario|0 fnt
|faint|p2a: Lucario
|
|-sideend|p1: Upload18|Reflect
|upkeep
|-message|ReggieYang5 forfeited.
|
|win|Upload18
|l|☆ReggieYang5
