|ScrapeTime|2020-01-01-02:48:41
|j|☆Pixeldudeplays
|j|☆punjabi slayer
|player|p1|Pixeldudeplays|elesa|1287
|player|p2|punjabi slayer|pokemonrangerf|1310
|teamsize|p1|6
|teamsize|p2|6
|gametype|singles
|gen|8
|tier|[Gen 8] OU
|rated|
|rule|Sleep Clause Mod: Limit one foe put to sleep
|rule|Species Clause: Limit one of each Pokémon
|rule|OHKO Clause: OHKO moves are banned
|rule|Evasion Moves Clause: Evasion moves are banned
|rule|Endless Battle Clause: Forcing endless battles is banned
|rule|HP Percentage Mod: HP is shown in percentages
|clearpoke
|poke|p1|Mamoswine, F|
|poke|p1|Dugtrio, M|
|poke|p1|Dragapult, F|
|poke|p1|Conkeldurr, F|
|poke|p1|Arcanine, M|
|poke|p1|Clefable, M|
|poke|p2|Tyranitar, M|
|poke|p2|Seismitoad, F|
|poke|p2|Corviknight, F|
|poke|p2|Cinderace, F|
|poke|p2|Clefable, F|
|poke|p2|Rotom-Wash|
|rule|Dynamax Clause: You cannot dynamax
|teampreview
|
|start
|switch|p1a: Dugtrio|Dugtrio, M|100/100
|switch|p2a: Tyranitar|Tyranitar, M, shiny|100/100
|-weather|Sandstorm|[from] ability: Sand Stream|[of] p2a: Tyranitar
|turn|1
|
|move|p1a: Dugtrio|Earthquake|p2a: Tyranitar
|-supereffective|p2a: Tyranitar
|-damage|p2a: Tyranitar|0 fnt
|faint|p2a: Tyranitar
|
|-weather|Sandstorm|[upkeep]
|upkeep
|
|switch|p2a: Rotom|Rotom-Wash, shiny|100/100
|turn|2
|
|switch|p1a: Dragapult|Dragapult, F|100/100
|move|p2a: Rotom|Will-O-Wisp|p1a: Dragapult
|-status|p1a: Dragapult|brn
|
|-weather|Sandstorm|[upkeep]
|-damage|p1a: Dragapult|95/100 brn|[from] Sandstorm
|-damage|p2a: Rotom|95/100|[from] Sandstorm
|-damage|p1a: Dragapult|89/100 brn|[from] brn
|upkeep
|turn|3
|
|switch|p2a: Clefable|Clefable, F|100/100
|move|p1a: Dragapult|Draco Meteor|p2a: Clefable
|-immune|p2a: Clefable
|
|-weather|Sandstorm|[upkeep]
|-damage|p1a: Dragapult|83/100 brn|[from] Sandstorm
|-damage|p1a: Dragapult|77/100 brn|[from] brn
|upkeep
|turn|4
|
|switch|p1a: Arcanine|Arcanine, M|100/100
|-ability|p1a: Arcanine|Intimidate|boost
|-unboost|p2a: Clefable|atk|1
|move|p2a: Clefable|Moonblast|p1a: Arcanine
|-resisted|p1a: Arcanine
|-damage|p1a: Arcanine|83/100
|-unboost|p1a: Arcanine|spa|1
|
|-weather|Sandstorm|[upkeep]
|-damage|p1a: Arcanine|77/100|[from] Sandstorm
|-heal|p1a: Arcanine|83/100|[from] item: Leftovers
|upkeep
|turn|5
|
|switch|p2a: Rotom|Rotom-Wash, shiny|95/100
|move|p1a: Arcanine|Overheat|p2a: Rotom
|-resisted|p2a: Rotom
|-crit|p2a: Rotom
|-damage|p2a: Rotom|60/100
|-unboost|p1a: Arcanine|spa|2
|
|-weather|none
|-heal|p1a: Arcanine|90/100|[from] item: Leftovers
|upkeep
|turn|6
|j| solosheneckmeonly
|
|switch|p1a: Dragapult|Dragapult, F|77/100 brn
|move|p2a: Rotom|Trick|p1a: Dragapult
|-activate|p2a: Rotom|move: Trick|[of] p1a: Dragapult
|-item|p1a: Dragapult|Choice Scarf|[from] move: Trick
|-item|p2a: Rotom|Choice Specs|[from] move: Trick
|
|-damage|p1a: Dragapult|71/100 brn|[from] brn
|upkeep
|turn|7
|
|move|p1a: Dragapult|Shadow Ball|p2a: Rotom
|-damage|p2a: Rotom|23/100
|move|p2a: Rotom|Volt Switch|p1a: Dragapult
|-resisted|p1a: Dragapult
|-damage|p1a: Dragapult|47/100 brn
|
|switch|p2a: Clefable|Clefable, F|100/100|[from]move: Volt Switch
|
|-damage|p1a: Dragapult|41/100 brn|[from] brn
|upkeep
|turn|8
|
|switch|p1a: Arcanine|Arcanine, M|90/100
|-ability|p1a: Arcanine|Intimidate|boost
|-unboost|p2a: Clefable|atk|1
|move|p2a: Clefable|Wish|p2a: Clefable
|
|-heal|p1a: Arcanine|96/100|[from] item: Leftovers
|upkeep
|turn|9
|
|switch|p2a: Seismitoad|Seismitoad, F, shiny|100/100
|move|p1a: Arcanine|Will-O-Wisp|p2a: Seismitoad
|-status|p2a: Seismitoad|brn
|
|-heal|p1a: Arcanine|100/100|[from] item: Leftovers
|-damage|p2a: Seismitoad|94/100 brn|[from] brn
|upkeep
|turn|10
|
|switch|p1a: Clefable|Clefable, M|100/100
|move|p2a: Seismitoad|Stealth Rock|p1a: Clefable
|-sidestart|p1: Pixeldudeplays|move: Stealth Rock
|
|-heal|p2a: Seismitoad|100/100 brn|[from] item: Leftovers
|-damage|p2a: Seismitoad|94/100 brn|[from] brn
|upkeep
|turn|11
|l| solosheneckmeonly
|
|switch|p2a: Cinderace|Cinderace, F|100/100
|move|p1a: Clefable|Moonblast|p2a: Cinderace
|-resisted|p2a: Cinderace
|-crit|p2a: Cinderace
|-damage|p2a: Cinderace|54/100
|-unboost|p2a: Cinderace|spa|1
|
|upkeep
|turn|12
|j| solosheneckmeonly
|
|move|p1a: Clefable|Protect|p1a: Clefable
|-singleturn|p1a: Clefable|Protect
|move|p2a: Cinderace|U-turn|p1a: Clefable
|-activate|p1a: Clefable|move: Protect
|
|upkeep
|turn|13
|
|switch|p1a: Arcanine|Arcanine, M|100/100
|-damage|p1a: Arcanine|75/100|[from] Stealth Rock
|-ability|p1a: Arcanine|Intimidate|boost
|-unboost|p2a: Cinderace|atk|1
|move|p2a: Cinderace|Gunk Shot|p1a: Arcanine
|-damage|p1a: Arcanine|56/100
|-status|p1a: Arcanine|psn
|
|-heal|p1a: Arcanine|63/100 psn|[from] item: Leftovers
|-damage|p1a: Arcanine|50/100 psn|[from] psn
|upkeep
|turn|14
|
|switch|p2a: Seismitoad|Seismitoad, F, shiny|94/100 brn
|move|p1a: Arcanine|Overheat|p2a: Seismitoad
|-resisted|p2a: Seismitoad
|-damage|p2a: Seismitoad|72/100 brn
|-unboost|p1a: Arcanine|spa|2
|
|-heal|p1a: Arcanine|56/100 psn|[from] item: Leftovers
|-heal|p2a: Seismitoad|79/100 brn|[from] item: Leftovers
|-damage|p1a: Arcanine|44/100 psn|[from] psn
|-damage|p2a: Seismitoad|72/100 brn|[from] brn
|upkeep
|turn|15
|
|move|p1a: Arcanine|Morning Sun|p1a: Arcanine
|-heal|p1a: Arcanine|94/100 psn
|move|p2a: Seismitoad|Earthquake|p1a: Arcanine
|-supereffective|p1a: Arcanine
|-damage|p1a: Arcanine|68/100 psn
|
|-heal|p1a: Arcanine|74/100 psn|[from] item: Leftovers
|-heal|p2a: Seismitoad|79/100 brn|[from] item: Leftovers
|-damage|p1a: Arcanine|62/100 psn|[from] psn
|-damage|p2a: Seismitoad|72/100 brn|[from] brn
|upkeep
|turn|16
|c|☆punjabi slayer|what is this set
|c|☆punjabi slayer|i lose cuz ttar is dead
|
|switch|p1a: Dragapult|Dragapult, F|41/100 brn
|-damage|p1a: Dragapult|28/100 brn|[from] Stealth Rock
|move|p2a: Seismitoad|Scald|p1a: Dragapult
|-resisted|p1a: Dragapult
|-damage|p1a: Dragapult|12/100 brn
|
|-heal|p2a: Seismitoad|79/100 brn|[from] item: Leftovers
|-damage|p1a: Dragapult|6/100 brn|[from] brn
|-damage|p2a: Seismitoad|72/100 brn|[from] brn
|upkeep
|turn|17
|
|switch|p2a: Clefable|Clefable, F|100/100
|move|p1a: Dragapult|Draco Meteor|p2a: Clefable
|-immune|p2a: Clefable
|
|-damage|p1a: Dragapult|0 fnt|[from] brn
|faint|p1a: Dragapult
|upkeep
|
|switch|p1a: Arcanine|Arcanine, M|62/100 psn
|-damage|p1a: Arcanine|37/100 psn|[from] Stealth Rock
|-ability|p1a: Arcanine|Intimidate|boost
|-unboost|p2a: Clefable|atk|1
|turn|18
|
|move|p1a: Arcanine|Morning Sun|p1a: Arcanine
|-heal|p1a: Arcanine|87/100 psn
|move|p2a: Clefable|Wish|p2a: Clefable
|
|-heal|p1a: Arcanine|93/100 psn|[from] item: Leftovers
|-damage|p1a: Arcanine|81/100 psn|[from] psn
|upkeep
|turn|19
|
|switch|p2a: Rotom|Rotom-Wash, shiny|23/100
|move|p1a: Arcanine|Overheat|p2a: Rotom
|-resisted|p2a: Rotom
|-damage|p2a: Rotom|0 fnt
|-unboost|p1a: Arcanine|spa|2
|faint|p2a: Rotom
|
|-heal|p1a: Arcanine|87/100 psn|[from] item: Leftovers
|-damage|p1a: Arcanine|74/100 psn|[from] psn
|upkeep
|
|switch|p2a: Seismitoad|Seismitoad, F, shiny|72/100 brn
|turn|20
|
|switch|p1a: Clefable|Clefable, M|100/100
|move|p2a: Seismitoad|Scald|p1a: Clefable
|-damage|p1a: Clefable|77/100
|
|-heal|p2a: Seismitoad|79/100 brn|[from] item: Leftovers
|-heal|p1a: Clefable|83/100|[from] item: Leftovers
|-damage|p2a: Seismitoad|72/100 brn|[from] brn
|upkeep
|turn|21
|
|switch|p2a: Clefable|Clefable, F|100/100
|move|p1a: Clefable|Moonblast|p2a: Clefable
|-damage|p2a: Clefable|70/100
|
|-heal|p1a: Clefable|89/100|[from] item: Leftovers
|-heal|p2a: Clefable|76/100|[from] item: Leftovers
|upkeep
|turn|22
|
|move|p1a: Clefable|Moonblast|p2a: Clefable
|-crit|p2a: Clefable
|-damage|p2a: Clefable|31/100
|move|p2a: Clefable|Aromatherapy|p2a: Clefable
|-activate|p2a: Clefable|move: Aromatherapy
|-curestatus|p2: Seismitoad|brn|[msg]
|
|-heal|p1a: Clefable|95/100|[from] item: Leftovers
|-heal|p2a: Clefable|37/100|[from] item: Leftovers
|upkeep
|turn|23
|
|move|p2a: Clefable|Wish|p2a: Clefable
|move|p1a: Clefable|Moonblast|p2a: Clefable
|-damage|p2a: Clefable|6/100
|-unboost|p2a: Clefable|spa|1
|
|-heal|p1a: Clefable|100/100|[from] item: Leftovers
|-heal|p2a: Clefable|12/100|[from] item: Leftovers
|upkeep
|turn|24
|
|move|p2a: Clefable|Protect|p2a: Clefable
|-singleturn|p2a: Clefable|Protect
|move|p1a: Clefable|Wish|p1a: Clefable
|
|-heal|p2a: Clefable|62/100|[from] move: Wish|[wisher] Clefable
|-heal|p2a: Clefable|68/100|[from] item: Leftovers
|upkeep
|turn|25
|
|move|p2a: Clefable|Wish|p2a: Clefable
|move|p1a: Clefable|Moonblast|p2a: Clefable
|-damage|p2a: Clefable|38/100
|
|-heal|p2a: Clefable|44/100|[from] item: Leftovers
|upkeep
|turn|26
|
|move|p2a: Clefable|Protect|p2a: Clefable
|-singleturn|p2a: Clefable|Protect
|move|p1a: Clefable|Moonblast|p2a: Clefable
|-activate|p2a: Clefable|move: Protect
|
|-heal|p2a: Clefable|94/100|[from] move: Wish|[wisher] Clefable
|-heal|p2a: Clefable|99/100|[from] item: Leftovers
|upkeep
|turn|27
|
|switch|p2a: Corviknight|Corviknight, F|100/100
|move|p1a: Clefable|Moonblast|p2a: Corviknight
|-resisted|p2a: Corviknight
|-damage|p2a: Corviknight|79/100
|-ability|p2a: Corviknight|Mirror Armor
|-unboost|p1a: Clefable|spa|1
|
|-heal|p2a: Corviknight|85/100|[from] item: Leftovers
|upkeep
|turn|28
|
|move|p1a: Clefable|Protect|p1a: Clefable
|-singleturn|p1a: Clefable|Protect
|move|p2a: Corviknight|Brave Bird|p1a: Clefable
|-activate|p1a: Clefable|move: Protect
|
|-heal|p2a: Corviknight|91/100|[from] item: Leftovers
|upkeep
|turn|29
|
|move|p2a: Corviknight|Brave Bird|p1a: Clefable
|-damage|p1a: Clefable|59/100
|-damage|p2a: Corviknight|77/100|[from] Recoil
|move|p1a: Clefable|Fire Blast|p2a: Corviknight|[miss]
|-miss|p1a: Clefable|p2a: Corviknight
|
|-heal|p2a: Corviknight|83/100|[from] item: Leftovers
|-heal|p1a: Clefable|65/100|[from] item: Leftovers
|upkeep
|turn|30
|
|move|p2a: Corviknight|Brave Bird|p1a: Clefable
|-damage|p1a: Clefable|26/100
|-damage|p2a: Corviknight|71/100|[from] Recoil
|move|p1a: Clefable|Wish|p1a: Clefable
|
|-heal|p2a: Corviknight|77/100|[from] item: Leftovers
|-heal|p1a: Clefable|32/100|[from] item: Leftovers
|upkeep
|turn|31
|
|switch|p2a: Cinderace|Cinderace, F|54/100
|move|p1a: Clefable|Protect||[still]
|-fail|p1a: Clefable
|
|-heal|p1a: Clefable|82/100|[from] move: Wish|[wisher] Clefable
|-heal|p1a: Clefable|88/100|[from] item: Leftovers
|upkeep
|turn|32
|
|move|p2a: Cinderace|Gunk Shot|p1a: Clefable
|-supereffective|p1a: Clefable
|-damage|p1a: Clefable|5/100
|-status|p1a: Clefable|psn
|move|p1a: Clefable|Moonblast|p2a: Cinderace
|-resisted|p2a: Cinderace
|-damage|p2a: Cinderace|34/100
|-unboost|p2a: Cinderace|spa|1
|
|-heal|p1a: Clefable|11/100 psn|[from] item: Leftovers
|upkeep
|turn|33
|
|switch|p1a: Mamoswine|Mamoswine, F|100/100
|-damage|p1a: Mamoswine|88/100|[from] Stealth Rock
|move|p2a: Cinderace|U-turn|p1a: Mamoswine
|-damage|p1a: Mamoswine|64/100
|
|switch|p2a: Seismitoad|Seismitoad, F, shiny|72/100|[from]move: U-turn
|
|-heal|p2a: Seismitoad|79/100|[from] item: Leftovers
|upkeep
|turn|34
|
|move|p1a: Mamoswine|Icicle Crash|p2a: Seismitoad
|-damage|p2a: Seismitoad|45/100
|cant|p2a: Seismitoad|flinch
|
|-heal|p2a: Seismitoad|51/100|[from] item: Leftovers
|upkeep
|turn|35
|
|move|p1a: Mamoswine|Icicle Crash|p2a: Seismitoad
|-damage|p2a: Seismitoad|18/100
|move|p2a: Seismitoad|Scald|p1a: Mamoswine
|-supereffective|p1a: Mamoswine
|-damage|p1a: Mamoswine|0 fnt
|faint|p1a: Mamoswine
|
|-heal|p2a: Seismitoad|24/100|[from] item: Leftovers
|upkeep
|
|switch|p1a: Conkeldurr|Conkeldurr, F|100/100
|-damage|p1a: Conkeldurr|94/100|[from] Stealth Rock
|turn|36
|
|move|p1a: Conkeldurr|Mach Punch|p2a: Seismitoad
|-damage|p2a: Seismitoad|5/100
|move|p2a: Seismitoad|Toxic|p1a: Conkeldurr
|-status|p1a: Conkeldurr|tox
|
|-heal|p2a: Seismitoad|11/100|[from] item: Leftovers
|-damage|p1a: Conkeldurr|88/100 tox|[from] psn
|upkeep
|turn|37
|
|move|p1a: Conkeldurr|Mach Punch|p2a: Seismitoad
|-damage|p2a: Seismitoad|0 fnt
|faint|p2a: Seismitoad
|
|-damage|p1a: Conkeldurr|76/100 tox|[from] psn
|upkeep
|
|switch|p2a: Clefable|Clefable, F|99/100
|turn|38
|
|switch|p1a: Arcanine|Arcanine, M|74/100 psn
|-damage|p1a: Arcanine|49/100 psn|[from] Stealth Rock
|-ability|p1a: Arcanine|Intimidate|boost
|-unboost|p2a: Clefable|atk|1
|move|p2a: Clefable|Moonblast|p1a: Arcanine
|-resisted|p1a: Arcanine
|-damage|p1a: Arcanine|32/100 psn
|
|-heal|p1a: Arcanine|39/100 psn|[from] item: Leftovers
|-heal|p2a: Clefable|100/100|[from] item: Leftovers
|-damage|p1a: Arcanine|26/100 psn|[from] psn
|upkeep
|turn|39
|
|move|p1a: Arcanine|Morning Sun|p1a: Arcanine
|-heal|p1a: Arcanine|76/100 psn
|move|p2a: Clefable|Wish|p2a: Clefable
|
|-heal|p1a: Arcanine|82/100 psn|[from] item: Leftovers
|-damage|p1a: Arcanine|70/100 psn|[from] psn
|upkeep
|turn|40
|
|move|p2a: Clefable|Protect|p2a: Clefable
|-singleturn|p2a: Clefable|Protect
|move|p1a: Arcanine|Overheat|p2a: Clefable
|-activate|p2a: Clefable|move: Protect
|
|-heal|p1a: Arcanine|76/100 psn|[from] item: Leftovers
|-damage|p1a: Arcanine|64/100 psn|[from] psn
|upkeep
|turn|41
|
|move|p1a: Arcanine|Overheat|p2a: Clefable
|-damage|p2a: Clefable|72/100
|-unboost|p1a: Arcanine|spa|2
|move|p2a: Clefable|Wish|p2a: Clefable
|
|-heal|p1a: Arcanine|70/100 psn|[from] item: Leftovers
|-heal|p2a: Clefable|78/100|[from] item: Leftovers
|-damage|p1a: Arcanine|57/100 psn|[from] psn
|upkeep
|turn|42
|
|switch|p2a: Cinderace|Cinderace, F|34/100
|move|p1a: Arcanine|Morning Sun|p1a: Arcanine
|-heal|p1a: Arcanine|100/100 psn
|
|-heal|p2a: Cinderace|99/100|[from] move: Wish|[wisher] Clefable
|-damage|p1a: Arcanine|88/100 psn|[from] psn
|upkeep
|turn|43
|
|switch|p1a: Clefable|Clefable, M|11/100 psn
|move|p2a: Cinderace|Gunk Shot|p1a: Clefable
|-supereffective|p1a: Clefable
|-damage|p1a: Clefable|0 fnt
|faint|p1a: Clefable
|
|upkeep
|
|switch|p1a: Dugtrio|Dugtrio, M|100/100
|-damage|p1a: Dugtrio|94/100|[from] Stealth Rock
|turn|44
|
|move|p1a: Dugtrio|Earthquake|p2a: Cinderace
|-supereffective|p2a: Cinderace
|-damage|p2a: Cinderace|0 fnt
|faint|p2a: Cinderace
|
|upkeep
|
|switch|p2a: Corviknight|Corviknight, F|77/100
|turn|45
|
|switch|p1a: Arcanine|Arcanine, M|88/100 psn
|-damage|p1a: Arcanine|63/100 psn|[from] Stealth Rock
|-ability|p1a: Arcanine|Intimidate|boost
|-ability|p2a: Corviknight|Mirror Armor
|-unboost|p1a: Arcanine|atk|1
|move|p2a: Corviknight|Brave Bird|p1a: Arcanine
|-damage|p1a: Arcanine|36/100 psn
|-damage|p2a: Corviknight|68/100|[from] Recoil
|
|-heal|p1a: Arcanine|42/100 psn|[from] item: Leftovers
|-heal|p2a: Corviknight|74/100|[from] item: Leftovers
|-damage|p1a: Arcanine|29/100 psn|[from] psn
|upkeep
|turn|46
|
|move|p1a: Arcanine|Overheat|p2a: Corviknight
|-supereffective|p2a: Corviknight
|-crit|p2a: Corviknight
|-damage|p2a: Corviknight|0 fnt
|-unboost|p1a: Arcanine|spa|2
|faint|p2a: Corviknight
|
|-heal|p1a: Arcanine|36/100 psn|[from] item: Leftovers
|-damage|p1a: Arcanine|23/100 psn|[from] psn
|upkeep
|
|switch|p2a: Clefable|Clefable, F|78/100
|turn|47
|
|move|p1a: Arcanine|Morning Sun|p1a: Arcanine
|-heal|p1a: Arcanine|73/100 psn
|move|p2a: Clefable|Moonblast|p1a: Arcanine
|-resisted|p1a: Arcanine
|-damage|p1a: Arcanine|57/100 psn
|
|-heal|p1a: Arcanine|63/100 psn|[from] item: Leftovers
|-heal|p2a: Clefable|84/100|[from] item: Leftovers
|-damage|p1a: Arcanine|51/100 psn|[from] psn
|upkeep
|turn|48
|
|switch|p1a: Dugtrio|Dugtrio, M|94/100
|-damage|p1a: Dugtrio|88/100|[from] Stealth Rock
|move|p2a: Clefable|Moonblast|p1a: Dugtrio
|-damage|p1a: Dugtrio|19/100
|
|-heal|p2a: Clefable|90/100|[from] item: Leftovers
|upkeep
|turn|49
|
|move|p2a: Clefable|Protect|p2a: Clefable
|-singleturn|p2a: Clefable|Protect
|move|p1a: Dugtrio|Earthquake|p2a: Clefable
|-activate|p2a: Clefable|move: Protect
|
|-heal|p2a: Clefable|96/100|[from] item: Leftovers
|upkeep
|turn|50
|
|move|p1a: Dugtrio|Earthquake|p2a: Clefable
|-damage|p2a: Clefable|29/100
|move|p2a: Clefable|Moonblast|p1a: Dugtrio
|-damage|p1a: Dugtrio|0 fnt
|faint|p1a: Dugtrio
|
|-heal|p2a: Clefable|35/100|[from] item: Leftovers
|upkeep
|
|switch|p1a: Arcanine|Arcanine, M|51/100 psn
|-damage|p1a: Arcanine|26/100 psn|[from] Stealth Rock
|-ability|p1a: Arcanine|Intimidate|boost
|-unboost|p2a: Clefable|atk|1
|turn|51
|
|move|p2a: Clefable|Protect|p2a: Clefable
|-singleturn|p2a: Clefable|Protect
|move|p1a: Arcanine|Overheat|p2a: Clefable
|-activate|p2a: Clefable|move: Protect
|
|-heal|p1a: Arcanine|32/100 psn|[from] item: Leftovers
|-heal|p2a: Clefable|41/100|[from] item: Leftovers
|-damage|p1a: Arcanine|20/100 psn|[from] psn
|upkeep
|turn|52
|
|move|p1a: Arcanine|Overheat|p2a: Clefable
|-damage|p2a: Clefable|11/100
|-unboost|p1a: Arcanine|spa|2
|move|p2a: Clefable|Wish|p2a: Clefable
|
|-heal|p1a: Arcanine|26/100 psn|[from] item: Leftovers
|-heal|p2a: Clefable|18/100|[from] item: Leftovers
|-damage|p1a: Arcanine|13/100 psn|[from] psn
|upkeep
|turn|53
|
|switch|p1a: Conkeldurr|Conkeldurr, F|76/100 tox
|-damage|p1a: Conkeldurr|70/100 tox|[from] Stealth Rock
|move|p2a: Clefable|Protect||[still]
|-fail|p2a: Clefable
|
|-heal|p2a: Clefable|68/100|[from] move: Wish|[wisher] Clefable
|-heal|p2a: Clefable|74/100|[from] item: Leftovers
|-damage|p1a: Conkeldurr|64/100 tox|[from] psn
|upkeep
|turn|54
|
|move|p2a: Clefable|Wish|p2a: Clefable
|move|p1a: Conkeldurr|Earthquake|p2a: Clefable
|-damage|p2a: Clefable|0 fnt
|faint|p2a: Clefable
|
|win|Pixeldudeplays
|raw|Pixeldudeplays's rating: 1269 → 1297(+28 for winning)
|raw|punjabi slayer's rating: 1311 → 1288(-23 for losing)
|l|☆punjabi slayer
