|ScrapeTime|2020-01-01-01:05:28
|j|☆Callmeyeshua
|j|☆1% pure evil
|player|p1|Callmeyeshua|260|1777
|player|p2|1% pure evil|anabel|1659
|teamsize|p1|6
|teamsize|p2|6
|gametype|singles
|gen|8
|tier|[Gen 8] OU
|rated|
|rule|Sleep Clause Mod: Limit one foe put to sleep
|rule|Species Clause: Limit one of each Pokémon
|rule|OHKO Clause: OHKO moves are banned
|rule|Evasion Moves Clause: Evasion moves are banned
|rule|Endless Battle Clause: Forcing endless battles is banned
|rule|HP Percentage Mod: HP is shown in percentages
|clearpoke
|poke|p1|Mandibuzz, F|
|poke|p1|Centiskorch, F|
|poke|p1|Ferrothorn, F|
|poke|p1|Lucario, M|
|poke|p1|Dragapult, M|
|poke|p1|Aegislash, M|
|poke|p2|Dragapult, M|
|poke|p2|Vaporeon, F|
|poke|p2|Heliolisk, M|
|poke|p2|Dugtrio, F|
|poke|p2|Togekiss, M|
|poke|p2|Corviknight, M|
|rule|Dynamax Clause: You cannot dynamax
|teampreview
|j| Damn u 2 oblivion
|inactive|Battle timer is ON: inactive players will automatically lose when time's up. (requested by Callmeyeshua)
|j| kidalex91
|
|start
|switch|p1a: Dragapult|Dragapult, M|100/100
|switch|p2a: Heliolisk|Heliolisk, M|100/100
|turn|1
|
|switch|p2a: Vaporeon|Vaporeon, F|100/100
|move|p1a: Dragapult|Will-O-Wisp|p2a: Vaporeon|[miss]
|-miss|p1a: Dragapult|p2a: Vaporeon
|
|upkeep
|turn|2
|
|switch|p2a: Heliolisk|Heliolisk, M|100/100
|move|p1a: Dragapult|Will-O-Wisp|p2a: Heliolisk
|-status|p2a: Heliolisk|brn
|
|-damage|p2a: Heliolisk|94/100 brn|[from] brn
|upkeep
|turn|3
|
|switch|p1a: Ferrothorn|Ferrothorn, F|100/100
|move|p2a: Heliolisk|Substitute|p2a: Heliolisk
|-start|p2a: Heliolisk|Substitute
|-damage|p2a: Heliolisk|70/100 brn
|
|-heal|p2a: Heliolisk|76/100 brn|[from] item: Leftovers
|-damage|p2a: Heliolisk|70/100 brn|[from] brn
|upkeep
|turn|4
|
|move|p2a: Heliolisk|Glare|p1a: Ferrothorn
|-status|p1a: Ferrothorn|par
|move|p1a: Ferrothorn|Stealth Rock|p2a: Heliolisk
|-sidestart|p2: 1% pure evil|move: Stealth Rock
|
|-heal|p2a: Heliolisk|76/100 brn|[from] item: Leftovers
|-damage|p2a: Heliolisk|70/100 brn|[from] brn
|upkeep
|turn|5
|
|move|p2a: Heliolisk|Parabolic Charge|p1a: Ferrothorn
|-resisted|p1a: Ferrothorn
|-damage|p1a: Ferrothorn|91/100 par
|-heal|p2a: Heliolisk|76/100 brn|[from] drain|[of] p1a: Ferrothorn
|move|p1a: Ferrothorn|Knock Off|p2a: Heliolisk
|-end|p2a: Heliolisk|Substitute
|
|-heal|p2a: Heliolisk|82/100 brn|[from] item: Leftovers
|-heal|p1a: Ferrothorn|97/100 par|[from] item: Leftovers
|-damage|p2a: Heliolisk|76/100 brn|[from] brn
|upkeep
|turn|6
|
|switch|p2a: Dugtrio|Dugtrio, F|100/100
|-damage|p2a: Dugtrio|94/100|[from] Stealth Rock
|cant|p1a: Ferrothorn|par
|
|-heal|p1a: Ferrothorn|100/100 par|[from] item: Leftovers
|upkeep
|turn|7
|
|move|p2a: Dugtrio|Screech|p1a: Ferrothorn
|-unboost|p1a: Ferrothorn|def|2
|move|p1a: Ferrothorn|Body Press|p2a: Dugtrio
|-damage|p2a: Dugtrio|62/100
|
|upkeep
|turn|8
|
|move|p2a: Dugtrio|Earthquake|p1a: Ferrothorn
|-damage|p1a: Ferrothorn|37/100 par
|cant|p1a: Ferrothorn|par
|
|-heal|p1a: Ferrothorn|43/100 par|[from] item: Leftovers
|upkeep
|turn|9
|c|☆1% pure evil|X)
|
|move|p2a: Dugtrio|Earthquake|p1a: Ferrothorn
|-damage|p1a: Ferrothorn|0 fnt
|faint|p1a: Ferrothorn
|
|upkeep
|
|switch|p1a: Dragapult|Dragapult, M|100/100
|turn|10
|j| AndYourMotherToo
|
|switch|p2a: Heliolisk|Heliolisk, M|76/100 brn
|-damage|p2a: Heliolisk|64/100 brn|[from] Stealth Rock
|move|p1a: Dragapult|Shadow Ball|p2a: Heliolisk
|-immune|p2a: Heliolisk
|
|-heal|p2a: Heliolisk|70/100 brn|[from] item: Leftovers
|-damage|p2a: Heliolisk|64/100 brn|[from] brn
|upkeep
|turn|11
|
|switch|p1a: Centiskorch|Centiskorch, F|100/100
|move|p2a: Heliolisk|Substitute|p2a: Heliolisk
|-start|p2a: Heliolisk|Substitute
|-damage|p2a: Heliolisk|39/100 brn
|
|-heal|p2a: Heliolisk|45/100 brn|[from] item: Leftovers
|-damage|p2a: Heliolisk|39/100 brn|[from] brn
|upkeep
|turn|12
|
|move|p2a: Heliolisk|Glare|p1a: Centiskorch
|-status|p1a: Centiskorch|par
|move|p1a: Centiskorch|Fire Lash|p2a: Heliolisk
|-end|p2a: Heliolisk|Substitute
|
|-heal|p2a: Heliolisk|45/100 brn|[from] item: Leftovers
|-damage|p2a: Heliolisk|39/100 brn|[from] brn
|upkeep
|turn|13
|
|move|p2a: Heliolisk|Substitute|p2a: Heliolisk
|-start|p2a: Heliolisk|Substitute
|-damage|p2a: Heliolisk|14/100 brn
|move|p1a: Centiskorch|Knock Off|p2a: Heliolisk
|-end|p2a: Heliolisk|Substitute
|
|-heal|p2a: Heliolisk|20/100 brn|[from] item: Leftovers
|-damage|p2a: Heliolisk|14/100 brn|[from] brn
|upkeep
|turn|14
|inactive|1% pure evil has 120 seconds left.
|
|switch|p1a: Dragapult|Dragapult, M|100/100
|move|p2a: Heliolisk|Parabolic Charge|p1a: Dragapult
|-resisted|p1a: Dragapult
|-damage|p1a: Dragapult|82/100
|-heal|p2a: Heliolisk|25/100 brn|[from] drain|[of] p1a: Dragapult
|
|-heal|p2a: Heliolisk|31/100 brn|[from] item: Leftovers
|-damage|p2a: Heliolisk|25/100 brn|[from] brn
|upkeep
|turn|15
|c|☆1% pure evil|:D
|inactive|1% pure evil has 120 seconds left.
|
|move|p1a: Dragapult|Draco Meteor|p2a: Heliolisk|[miss]
|-miss|p1a: Dragapult|p2a: Heliolisk
|move|p2a: Heliolisk|Parabolic Charge|p1a: Dragapult
|-resisted|p1a: Dragapult
|-damage|p1a: Dragapult|61/100
|-heal|p2a: Heliolisk|38/100 brn|[from] drain|[of] p1a: Dragapult
|
|-heal|p2a: Heliolisk|44/100 brn|[from] item: Leftovers
|-damage|p2a: Heliolisk|38/100 brn|[from] brn
|upkeep
|turn|16
|l| AndYourMotherToo
|inactive|1% pure evil has 120 seconds left.
|
|switch|p1a: Aegislash|Aegislash, M|100/100
|-item|p1a: Aegislash|Air Balloon
|switch|p2a: Vaporeon|Vaporeon, F|100/100
|-damage|p2a: Vaporeon|88/100|[from] Stealth Rock
|
|-heal|p2a: Vaporeon|94/100|[from] item: Leftovers
|upkeep
|turn|17
|
|-formechange|p1a: Aegislash|Aegislash-Blade||[from] ability: Stance Change
|move|p1a: Aegislash|Shadow Ball|p2a: Vaporeon
|-damage|p2a: Vaporeon|63/100
|move|p2a: Vaporeon|Scald|p1a: Aegislash
|-damage|p1a: Aegislash|28/100
|-enditem|p1a: Aegislash|Air Balloon
|
|-heal|p2a: Vaporeon|69/100|[from] item: Leftovers
|upkeep
|turn|18
|-message|Callmeyeshua forfeited.
|
|win|1% pure evil
|l|☆Callmeyeshua
|raw|Callmeyeshua's rating: 1777 → 1751(-26 for losing)
|raw|1% pure evil's rating: 1660 → 1686(+26 for winning)
|l| Damn u 2 oblivion
