|ScrapeTime|2020-01-01-00:04:46
|j|☆Electric win
|j|☆flawless creation
|player|p1|Electric win|waitress|1798
|player|p2|flawless creation|257|1799
|teamsize|p1|6
|teamsize|p2|6
|gametype|singles
|gen|8
|tier|[Gen 8] OU
|rated|
|rule|Sleep Clause Mod: Limit one foe put to sleep
|rule|Species Clause: Limit one of each Pokémon
|rule|OHKO Clause: OHKO moves are banned
|rule|Evasion Moves Clause: Evasion moves are banned
|rule|Endless Battle Clause: Forcing endless battles is banned
|rule|HP Percentage Mod: HP is shown in percentages
|clearpoke
|poke|p1|Abomasnow, M|
|poke|p1|Glaceon, F|
|poke|p1|Gastrodon-East, M|
|poke|p1|Cinderace, F|
|poke|p1|Xatu, M|
|poke|p1|Kommo-o, M|
|poke|p2|Excadrill, M|
|poke|p2|Tyranitar, M|
|poke|p2|Aegislash, F|
|poke|p2|Rotom-Mow|
|poke|p2|Conkeldurr, F|
|poke|p2|Crawdaunt, F|
|rule|Dynamax Clause: You cannot dynamax
|teampreview
|inactive|Battle timer is ON: inactive players will automatically lose when time's up. (requested by flawless creation)
|j| ThtAwful
|j| SandGetsEverywhere
|c| SandGetsEverywhere|hail
|c| SandGetsEverywhere|yes
|j| KentonUlm2
|c| SandGetsEverywhere|100% respect
|inactive|Electric win has 120 seconds left.
|
|start
|switch|p1a: Cinderace|Cinderace, F|100/100
|switch|p2a: Crawdaunt|Crawdaunt, F|100/100
|turn|1
|j|%GMars
|
|switch|p1a: Kommo-o|Kommo-o, M|100/100
|move|p2a: Crawdaunt|Aqua Jet|p1a: Kommo-o
|-resisted|p1a: Kommo-o
|-damage|p1a: Kommo-o|84/100
|-damage|p2a: Crawdaunt|91/100|[from] item: Life Orb
|
|-heal|p1a: Kommo-o|91/100|[from] item: Leftovers
|upkeep
|turn|2
|
|switch|p2a: Conkeldurr|Conkeldurr, F|100/100
|move|p1a: Kommo-o|Stealth Rock|p2a: Conkeldurr
|-sidestart|p2: flawless creation|move: Stealth Rock
|
|-heal|p1a: Kommo-o|97/100|[from] item: Leftovers
|-status|p2a: Conkeldurr|brn|[from] item: Flame Orb
|upkeep
|turn|3
|
|switch|p1a: Xatu|Xatu, M|100/100
|move|p2a: Conkeldurr|Facade|p1a: Xatu
|-damage|p1a: Xatu|0 fnt
|-damage|p2a: Conkeldurr|84/100 brn|[from] item: Rocky Helmet|[of] p1a: Xatu
|faint|p1a: Xatu
|
|-damage|p2a: Conkeldurr|78/100 brn|[from] brn
|upkeep
|
|switch|p1a: Kommo-o|Kommo-o, M|97/100
|turn|4
|
|move|p1a: Kommo-o|Flamethrower|p2a: Conkeldurr
|-damage|p2a: Conkeldurr|52/100 brn
|move|p2a: Conkeldurr|Drain Punch|p1a: Kommo-o
|-damage|p1a: Kommo-o|47/100
|-heal|p2a: Conkeldurr|75/100 brn|[from] drain|[of] p1a: Kommo-o
|
|-heal|p1a: Kommo-o|53/100|[from] item: Leftovers
|-damage|p2a: Conkeldurr|69/100 brn|[from] brn
|upkeep
|turn|5
|
|move|p1a: Kommo-o|Clanging Scales|p2a: Conkeldurr
|-crit|p2a: Conkeldurr
|-damage|p2a: Conkeldurr|0 fnt
|-unboost|p1a: Kommo-o|def|1
|faint|p2a: Conkeldurr
|
|-heal|p1a: Kommo-o|59/100|[from] item: Leftovers
|upkeep
|j| caramellia
|
|switch|p2a: Aegislash|Aegislash, F|100/100
|-damage|p2a: Aegislash|94/100|[from] Stealth Rock
|turn|6
|
|move|p1a: Kommo-o|Protect|p1a: Kommo-o
|-singleturn|p1a: Kommo-o|Protect
|-formechange|p2a: Aegislash|Aegislash-Blade||[from] ability: Stance Change
|move|p2a: Aegislash|Close Combat|p1a: Kommo-o
|-activate|p1a: Kommo-o|move: Protect
|
|-heal|p1a: Kommo-o|65/100|[from] item: Leftovers
|upkeep
|turn|7
|j| gen8isHOTgarbage
|
|switch|p1a: Gastrodon|Gastrodon-East, M|100/100
|switch|p2a: Tyranitar|Tyranitar, M|100/100
|-damage|p2a: Tyranitar|88/100|[from] Stealth Rock
|-weather|Sandstorm|[from] ability: Sand Stream|[of] p2a: Tyranitar
|
|-weather|Sandstorm|[upkeep]
|upkeep
|turn|8
|
|move|p2a: Tyranitar|Stealth Rock|p1a: Gastrodon
|-sidestart|p1: Electric win|move: Stealth Rock
|move|p1a: Gastrodon|Scald|p2a: Tyranitar
|-supereffective|p2a: Tyranitar
|-damage|p2a: Tyranitar|59/100
|-status|p2a: Tyranitar|brn
|
|-weather|Sandstorm|[upkeep]
|-damage|p2a: Tyranitar|53/100 brn|[from] brn
|upkeep
|turn|9
|
|switch|p2a: Rotom|Rotom-Mow|100/100
|-damage|p2a: Rotom|88/100|[from] Stealth Rock
|move|p1a: Gastrodon|Scald|p2a: Rotom
|-resisted|p2a: Rotom
|-damage|p2a: Rotom|74/100
|
|-weather|Sandstorm|[upkeep]
|-damage|p2a: Rotom|68/100|[from] Sandstorm
|-heal|p2a: Rotom|74/100|[from] item: Leftovers
|upkeep
|turn|10
|
|switch|p1a: Kommo-o|Kommo-o, M|65/100
|-damage|p1a: Kommo-o|59/100|[from] Stealth Rock
|move|p2a: Rotom|Volt Switch|p1a: Kommo-o
|-resisted|p1a: Kommo-o
|-damage|p1a: Kommo-o|49/100
|
|switch|p2a: Aegislash|Aegislash, F|94/100|[from]move: Volt Switch
|-damage|p2a: Aegislash|88/100|[from] Stealth Rock
|
|-weather|Sandstorm|[upkeep]
|-damage|p1a: Kommo-o|42/100|[from] Sandstorm
|-heal|p1a: Kommo-o|49/100|[from] item: Leftovers
|upkeep
|turn|11
|
|move|p1a: Kommo-o|Protect|p1a: Kommo-o
|-singleturn|p1a: Kommo-o|Protect
|-formechange|p2a: Aegislash|Aegislash-Blade||[from] ability: Stance Change
|move|p2a: Aegislash|Flash Cannon|p1a: Kommo-o
|-activate|p1a: Kommo-o|move: Protect
|
|-weather|Sandstorm|[upkeep]
|-damage|p1a: Kommo-o|42/100|[from] Sandstorm
|-heal|p1a: Kommo-o|49/100|[from] item: Leftovers
|upkeep
|turn|12
|
|move|p1a: Kommo-o|Flamethrower|p2a: Aegislash
|-supereffective|p2a: Aegislash
|-damage|p2a: Aegislash|0 fnt
|faint|p2a: Aegislash
|
|-weather|Sandstorm|[upkeep]
|-damage|p1a: Kommo-o|42/100|[from] Sandstorm
|-heal|p1a: Kommo-o|49/100|[from] item: Leftovers
|upkeep
|
|switch|p2a: Excadrill|Excadrill, M|100/100
|-damage|p2a: Excadrill|97/100|[from] Stealth Rock
|turn|13
|
|move|p2a: Excadrill|Swords Dance|p2a: Excadrill
|-boost|p2a: Excadrill|atk|2
|move|p1a: Kommo-o|Flamethrower|p2a: Excadrill
|-supereffective|p2a: Excadrill
|-crit|p2a: Excadrill
|-damage|p2a: Excadrill|22/100
|-status|p2a: Excadrill|brn
|
|-weather|Sandstorm|[upkeep]
|-damage|p1a: Kommo-o|42/100|[from] Sandstorm
|-heal|p1a: Kommo-o|49/100|[from] item: Leftovers
|-damage|p2a: Excadrill|15/100 brn|[from] brn
|upkeep
|turn|14
|j| Blitzle Adorable
|c|☆Electric win|Yo gmars
|c| gen8isHOTgarbage|mans really has the abomosnow
|c|☆Electric win|my luck is insane
|c| SandGetsEverywhere|obamasnow
|c| SandGetsEverywhere|the absolute madlad
|
|move|p1a: Kommo-o|Protect|p1a: Kommo-o
|-singleturn|p1a: Kommo-o|Protect
|move|p2a: Excadrill|Earthquake|p1a: Kommo-o
|-activate|p1a: Kommo-o|move: Protect
|
|-weather|none
|-heal|p1a: Kommo-o|55/100|[from] item: Leftovers
|-damage|p2a: Excadrill|9/100 brn|[from] brn
|upkeep
|turn|15
|c| gen8isHOTgarbage|Glaceon too
|c|%GMars|i'm like 80 turns behind
|c|%GMars|yall clicking too fast
|
|switch|p1a: Gastrodon|Gastrodon-East, M|100/100
|-damage|p1a: Gastrodon|94/100|[from] Stealth Rock
|move|p2a: Excadrill|Earthquake|p1a: Gastrodon
|-damage|p1a: Gastrodon|8/100
|-damage|p2a: Excadrill|0 fnt|[from] item: Life Orb
|faint|p2a: Excadrill
|
|-heal|p1a: Gastrodon|14/100|[from] item: Leftovers
|upkeep
|
|switch|p2a: Crawdaunt|Crawdaunt, F|91/100
|-damage|p2a: Crawdaunt|78/100|[from] Stealth Rock
|turn|16
|c| gen8isHOTgarbage|l0l
|
|move|p2a: Crawdaunt|Swords Dance|p2a: Crawdaunt
|-boost|p2a: Crawdaunt|atk|2
|move|p1a: Gastrodon|Earth Power|p2a: Crawdaunt
|-damage|p2a: Crawdaunt|15/100
|
|-heal|p1a: Gastrodon|20/100|[from] item: Leftovers
|upkeep
|turn|17
|
|move|p2a: Crawdaunt|Knock Off|p1a: Gastrodon
|-damage|p1a: Gastrodon|0 fnt
|-enditem|p1a: Gastrodon|Leftovers|[from] move: Knock Off|[of] p2a: Crawdaunt
|-damage|p2a: Crawdaunt|6/100|[from] item: Life Orb
|faint|p1a: Gastrodon
|
|upkeep
|
|switch|p1a: Cinderace|Cinderace, F|100/100
|turn|18
|
|switch|p2a: Tyranitar|Tyranitar, M|53/100 brn
|-damage|p2a: Tyranitar|41/100 brn|[from] Stealth Rock
|-weather|Sandstorm|[from] ability: Sand Stream|[of] p2a: Tyranitar
|move|p1a: Cinderace|Sucker Punch||[still]
|-fail|p1a: Cinderace
|
|-weather|Sandstorm|[upkeep]
|-damage|p1a: Cinderace|95/100|[from] Sandstorm
|-damage|p2a: Tyranitar|35/100 brn|[from] brn
|upkeep
|turn|19
|
|move|p1a: Cinderace|U-turn|p2a: Tyranitar
|-supereffective|p2a: Tyranitar
|-damage|p2a: Tyranitar|4/100 brn
|
|switch|p1a: Abomasnow|Abomasnow, M|100/100|[from]move: U-turn
|-damage|p1a: Abomasnow|76/100|[from] Stealth Rock
|-weather|Hail|[from] ability: Snow Warning|[of] p1a: Abomasnow
|move|p2a: Tyranitar|Stone Edge|p1a: Abomasnow
|-supereffective|p1a: Abomasnow
|-damage|p1a: Abomasnow|13/100
|
|-weather|Hail|[upkeep]
|-damage|p2a: Tyranitar|0 fnt|[from] Hail
|faint|p2a: Tyranitar
|upkeep
|
|switch|p2a: Rotom|Rotom-Mow|74/100
|-damage|p2a: Rotom|62/100|[from] Stealth Rock
|turn|20
|c| gen8isHOTgarbage|this dude be saying whats a meta
|
|move|p1a: Abomasnow|Blizzard|p2a: Rotom
|-supereffective|p2a: Rotom
|-damage|p2a: Rotom|0 fnt
|faint|p2a: Rotom
|
|-weather|Hail|[upkeep]
|upkeep
|
|switch|p2a: Crawdaunt|Crawdaunt, F|6/100
|-damage|p2a: Crawdaunt|0 fnt|[from] Stealth Rock
|faint|p2a: Crawdaunt
|
|win|Electric win
|raw|Electric win's rating: 1798 → 1818(+20 for winning)
|raw|flawless creation's rating: 1799 → 1779(-20 for losing)
|c| SandGetsEverywhere|obamasnow
|c| SandGetsEverywhere|the madlad
|c| gen8isHOTgarbage|bruhhhh
|l|☆flawless creation
|l| KentonUlm2
|l| caramellia
|c| SandGetsEverywhere|sand overrated, rain outdated, long have we waited, hail activated
