|ScrapeTime|2020-01-01-00:55:00
|j|☆Eldecrok
|j|☆Rico_The_Nerd
|player|p1|Eldecrok|pokekid|1075
|player|p2|Rico_The_Nerd|101|1093
|teamsize|p1|6
|teamsize|p2|6
|gametype|singles
|gen|8
|tier|[Gen 8] OU
|rated|
|rule|Sleep Clause Mod: Limit one foe put to sleep
|rule|Species Clause: Limit one of each Pokémon
|rule|OHKO Clause: OHKO moves are banned
|rule|Evasion Moves Clause: Evasion moves are banned
|rule|Endless Battle Clause: Forcing endless battles is banned
|rule|HP Percentage Mod: HP is shown in percentages
|clearpoke
|poke|p1|Morpeko, M|
|poke|p1|Lapras, M|
|poke|p1|Goodra, M|
|poke|p1|Arctozolt|
|poke|p1|Orbeetle, F|
|poke|p1|Salazzle, F|
|poke|p2|Dracovish|
|poke|p2|Shiinotic, F|
|poke|p2|Duraludon, F|
|poke|p2|Corviknight, M|
|poke|p2|Excadrill, F|
|poke|p2|Tyranitar, M|
|rule|Dynamax Clause: You cannot dynamax
|teampreview
|c|☆Eldecrok|glhf!
|
|start
|switch|p1a: Orbeetle|Orbeetle, F|100/100
|switch|p2a: Fckin Shroom|Shiinotic, F|100/100
|turn|1
|
|move|p1a: Orbeetle|Leech Life|p2a: Fckin Shroom
|-damage|p2a: Fckin Shroom|75/100
|move|p2a: Fckin Shroom|Leech Seed|p1a: Orbeetle
|-start|p1a: Orbeetle|move: Leech Seed
|
|-heal|p2a: Fckin Shroom|81/100|[from] item: Leftovers
|-damage|p1a: Orbeetle|88/100|[from] Leech Seed|[of] p2a: Fckin Shroom
|-heal|p2a: Fckin Shroom|91/100|[silent]
|upkeep
|turn|2
|
|switch|p2a: Jim Crow|Corviknight, M|100/100
|move|p1a: Orbeetle|U-turn|p2a: Jim Crow
|-resisted|p2a: Jim Crow
|-damage|p2a: Jim Crow|96/100
|
|switch|p1a: Goodra|Goodra, M|100/100|[from]move: U-turn
|
|upkeep
|turn|3
|
|move|p1a: Goodra|Flamethrower|p2a: Jim Crow
|-supereffective|p2a: Jim Crow
|-damage|p2a: Jim Crow|52/100
|move|p2a: Jim Crow|Iron Head|p1a: Goodra
|-crit|p1a: Goodra
|-damage|p1a: Goodra|55/100
|-ability|p1a: Goodra|Gooey
|-ability|p2a: Jim Crow|Mirror Armor
|-unboost|p1a: Goodra|spe|1
|
|upkeep
|turn|4
|
|switch|p2a: 9-11-2001|Duraludon, F|100/100
|move|p1a: Goodra|Flamethrower|p2a: 9-11-2001
|-damage|p2a: 9-11-2001|55/100
|
|upkeep
|turn|5
|
|move|p2a: 9-11-2001|Draco Meteor|p1a: Goodra
|-supereffective|p1a: Goodra
|-damage|p1a: Goodra|0 fnt
|-unboost|p2a: 9-11-2001|spa|2
|faint|p1a: Goodra
|
|upkeep
|
|switch|p1a: Lapras|Lapras, M|100/100
|turn|6
|
|switch|p2a: Autism|Dracovish|100/100
|move|p1a: Lapras|Freeze-Dry|p2a: Autism
|-supereffective|p2a: Autism
|-damage|p2a: Autism|0 fnt
|faint|p2a: Autism
|
|upkeep
|
|switch|p2a: Johnny Sins|Tyranitar, M|100/100
|-weather|Sandstorm|[from] ability: Sand Stream|[of] p2a: Johnny Sins
|turn|7
|
|move|p2a: Johnny Sins|Dragon Dance|p2a: Johnny Sins
|-boost|p2a: Johnny Sins|atk|1
|-boost|p2a: Johnny Sins|spe|1
|move|p1a: Lapras|Surf|p2a: Johnny Sins
|-supereffective|p2a: Johnny Sins
|-damage|p2a: Johnny Sins|61/100
|-enditem|p2a: Johnny Sins|Weakness Policy
|-boost|p2a: Johnny Sins|atk|2
|-boost|p2a: Johnny Sins|spa|2
|
|-weather|Sandstorm|[upkeep]
|-damage|p1a: Lapras|94/100|[from] Sandstorm
|upkeep
|turn|8
|
|move|p2a: Johnny Sins|Stone Edge|p1a: Lapras
|-supereffective|p1a: Lapras
|-crit|p1a: Lapras
|-damage|p1a: Lapras|0 fnt
|faint|p1a: Lapras
|
|-weather|Sandstorm|[upkeep]
|upkeep
|
|switch|p1a: Arctozolt|Arctozolt|100/100
|turn|9
|
|move|p2a: Johnny Sins|Stone Edge|p1a: Arctozolt|[miss]
|-miss|p2a: Johnny Sins|p1a: Arctozolt
|move|p1a: Arctozolt|Avalanche|p2a: Johnny Sins
|-damage|p2a: Johnny Sins|38/100
|
|-weather|Sandstorm|[upkeep]
|-damage|p1a: Arctozolt|94/100|[from] Sandstorm
|upkeep
|turn|10
|
|move|p2a: Johnny Sins|Stone Edge|p1a: Arctozolt
|-supereffective|p1a: Arctozolt
|-damage|p1a: Arctozolt|0 fnt
|faint|p1a: Arctozolt
|
|-weather|Sandstorm|[upkeep]
|upkeep
|
|switch|p1a: Orbeetle|Orbeetle, F|88/100
|turn|11
|
|move|p2a: Johnny Sins|Crunch|p1a: Orbeetle
|-supereffective|p1a: Orbeetle
|-damage|p1a: Orbeetle|0 fnt
|faint|p1a: Orbeetle
|
|-weather|none
|upkeep
|
|switch|p1a: Morpeko|Morpeko, M|100/100
|turn|12
|
|move|p1a: Morpeko|Bullet Seed|p2a: Johnny Sins
|-supereffective|p2a: Johnny Sins
|-crit|p2a: Johnny Sins
|-damage|p2a: Johnny Sins|15/100
|-supereffective|p2a: Johnny Sins
|-damage|p2a: Johnny Sins|0 fnt
|-hitcount|p2a: Johnny Sins|2
|-damage|p1a: Morpeko|91/100|[from] item: Life Orb
|faint|p2a: Johnny Sins
|
|-formechange|p1a: Morpeko|Morpeko-Hangry||[from] ability: Hunger Switch
|upkeep
|
|switch|p2a: Dirty Dan|Excadrill, F|100/100
|-item|p2a: Dirty Dan|Air Balloon
|turn|13
|
|move|p1a: Morpeko|Aura Wheel|p2a: Dirty Dan
|-damage|p2a: Dirty Dan|17/100
|-enditem|p2a: Dirty Dan|Air Balloon
|-boost|p1a: Morpeko|spe|1
|-damage|p1a: Morpeko|81/100|[from] item: Life Orb
|move|p2a: Dirty Dan|Rapid Spin|p1a: Morpeko
|-damage|p1a: Morpeko|46/100
|-boost|p2a: Dirty Dan|spe|1
|
|-formechange|p1a: Morpeko|Morpeko||[from] ability: Hunger Switch
|upkeep
|turn|14
|
|switch|p2a: Fckin Shroom|Shiinotic, F|91/100
|move|p1a: Morpeko|Bullet Seed|p2a: Fckin Shroom
|-resisted|p2a: Fckin Shroom
|-crit|p2a: Fckin Shroom
|-damage|p2a: Fckin Shroom|82/100
|-resisted|p2a: Fckin Shroom
|-damage|p2a: Fckin Shroom|77/100
|-resisted|p2a: Fckin Shroom
|-damage|p2a: Fckin Shroom|71/100
|-hitcount|p2a: Fckin Shroom|3
|-damage|p1a: Morpeko|37/100|[from] item: Life Orb
|
|-heal|p2a: Fckin Shroom|77/100|[from] item: Leftovers
|-formechange|p1a: Morpeko|Morpeko-Hangry||[from] ability: Hunger Switch
|upkeep
|turn|15
|
|move|p1a: Morpeko|Aura Wheel|p2a: Fckin Shroom
|-resisted|p2a: Fckin Shroom
|-damage|p2a: Fckin Shroom|41/100
|-boost|p1a: Morpeko|spe|1
|-damage|p1a: Morpeko|27/100|[from] item: Life Orb
|move|p2a: Fckin Shroom|Spore|p1a: Morpeko
|-status|p1a: Morpeko|slp|[from] move: Spore
|
|-heal|p2a: Fckin Shroom|47/100|[from] item: Leftovers
|-formechange|p1a: Morpeko|Morpeko||[from] ability: Hunger Switch
|upkeep
|turn|16
|
|switch|p2a: 9-11-2001|Duraludon, F|55/100
|cant|p1a: Morpeko|slp
|
|-formechange|p1a: Morpeko|Morpeko-Hangry||[from] ability: Hunger Switch
|upkeep
|turn|17
|
|-curestatus|p1a: Morpeko|slp|[msg]
|move|p1a: Morpeko|Aura Wheel|p2a: 9-11-2001
|-damage|p2a: 9-11-2001|0 fnt
|-boost|p1a: Morpeko|spe|1
|-damage|p1a: Morpeko|17/100|[from] item: Life Orb
|faint|p2a: 9-11-2001
|
|-formechange|p1a: Morpeko|Morpeko||[from] ability: Hunger Switch
|upkeep
|-message|Rico_The_Nerd forfeited.
|
|win|Eldecrok
|l|☆Rico_The_Nerd
|raw|Eldecrok's rating: 1075 → 1105(+30 for winning)
|raw|Rico_The_Nerd's rating: 1093 → 1067(-26 for losing)
