|ScrapeTime|2020-01-01-00:16:45
|j|☆LuigiFreitas
|j|☆fewaufewih
|player|p1|LuigiFreitas|265|1076
|player|p2|fewaufewih|chuck|1106
|teamsize|p1|6
|teamsize|p2|6
|gametype|singles
|gen|8
|tier|[Gen 8] OU
|rated|
|rule|Sleep Clause Mod: Limit one foe put to sleep
|rule|Species Clause: Limit one of each Pokémon
|rule|OHKO Clause: OHKO moves are banned
|rule|Evasion Moves Clause: Evasion moves are banned
|rule|Endless Battle Clause: Forcing endless battles is banned
|rule|HP Percentage Mod: HP is shown in percentages
|clearpoke
|poke|p1|Dragapult, F|
|poke|p1|Cinderace, M|
|poke|p1|Togekiss, M|
|poke|p1|Aegislash, M|
|poke|p1|Excadrill, M|
|poke|p1|Seismitoad, M|
|poke|p2|Sirfetch'd, F|
|poke|p2|Hitmonlee, M|
|poke|p2|Seismitoad, M|
|poke|p2|Cinderace, M|
|poke|p2|Hydreigon, M|
|poke|p2|Corviknight, F|
|rule|Dynamax Clause: You cannot dynamax
|teampreview
|
|start
|switch|p1a: Excadrill|Excadrill, M|100/100
|switch|p2a: Cinderace|Cinderace, M|100/100
|-ability|p1a: Excadrill|Mold Breaker
|turn|1
|
|switch|p1a: Seismitoad|Seismitoad, M|100/100
|move|p2a: Cinderace|U-turn|p1a: Seismitoad
|-damage|p1a: Seismitoad|75/100
|
|switch|p2a: Seismitoad|Seismitoad, M|100/100|[from]move: U-turn
|
|upkeep
|turn|2
|
|move|p2a: Seismitoad|Stealth Rock|p1a: Seismitoad
|-sidestart|p1: LuigiFreitas|move: Stealth Rock
|move|p1a: Seismitoad|Earthquake|p2a: Seismitoad
|-damage|p2a: Seismitoad|73/100
|
|-heal|p2a: Seismitoad|79/100|[from] item: Leftovers
|upkeep
|turn|3
|
|move|p1a: Seismitoad|Earthquake|p2a: Seismitoad
|-damage|p2a: Seismitoad|50/100
|move|p2a: Seismitoad|Toxic|p1a: Seismitoad
|-status|p1a: Seismitoad|tox
|
|-heal|p2a: Seismitoad|56/100|[from] item: Leftovers
|-damage|p1a: Seismitoad|69/100 tox|[from] psn
|upkeep
|turn|4
|
|switch|p2a: Corviknight|Corviknight, F|100/100
|move|p1a: Seismitoad|Earthquake|p2a: Corviknight
|-immune|p2a: Corviknight
|
|-damage|p1a: Seismitoad|57/100 tox|[from] psn
|upkeep
|turn|5
|
|switch|p1a: Excadrill|Excadrill, M|100/100
|-damage|p1a: Excadrill|97/100|[from] Stealth Rock
|-ability|p1a: Excadrill|Mold Breaker
|switch|p2a: Hydreigon|Hydreigon, M|100/100
|
|-heal|p1a: Excadrill|100/100|[from] item: Leftovers
|upkeep
|turn|6
|
|move|p2a: Hydreigon|Substitute|p2a: Hydreigon
|-start|p2a: Hydreigon|Substitute
|-damage|p2a: Hydreigon|76/100
|move|p1a: Excadrill|Earthquake|p2a: Hydreigon
|-end|p2a: Hydreigon|Substitute
|
|-heal|p2a: Hydreigon|82/100|[from] item: Leftovers
|upkeep
|turn|7
|
|switch|p2a: Corviknight|Corviknight, F|100/100
|move|p1a: Excadrill|Earthquake|p2a: Corviknight
|-immune|p2a: Corviknight
|
|upkeep
|turn|8
|
|move|p1a: Excadrill|Rapid Spin|p2a: Corviknight
|-resisted|p2a: Corviknight
|-damage|p2a: Corviknight|93/100
|-sideend|p1: LuigiFreitas|Stealth Rock|[from] move: Rapid Spin|[of] p1a: Excadrill
|-boost|p1a: Excadrill|spe|1
|move|p2a: Corviknight|Brave Bird|p1a: Excadrill
|-resisted|p1a: Excadrill
|-crit|p1a: Excadrill
|-damage|p1a: Excadrill|61/100
|-damage|p2a: Corviknight|81/100|[from] Recoil
|
|-heal|p1a: Excadrill|67/100|[from] item: Leftovers
|-heal|p2a: Corviknight|87/100|[from] item: Leftovers
|upkeep
|turn|9
|
|move|p1a: Excadrill|Stealth Rock|p2a: Corviknight
|-sidestart|p2: fewaufewih|move: Stealth Rock
|move|p2a: Corviknight|Brave Bird|p1a: Excadrill
|-resisted|p1a: Excadrill
|-damage|p1a: Excadrill|40/100
|-damage|p2a: Corviknight|79/100|[from] Recoil
|
|-heal|p1a: Excadrill|46/100|[from] item: Leftovers
|-heal|p2a: Corviknight|85/100|[from] item: Leftovers
|upkeep
|turn|10
|
|switch|p1a: Aegislash|Aegislash, M|100/100
|move|p2a: Corviknight|Defog|p1a: Aegislash
|-unboost|p1a: Aegislash|evasion|1
|-sideend|p2: fewaufewih|Stealth Rock|[from] move: Defog|[of] p2a: Corviknight
|
|-heal|p2a: Corviknight|92/100|[from] item: Leftovers
|upkeep
|turn|11
|
|move|p2a: Corviknight|U-turn|p1a: Aegislash
|-resisted|p1a: Aegislash
|-damage|p1a: Aegislash|98/100
|
|switch|p2a: Hydreigon|Hydreigon, M|82/100|[from]move: U-turn
|-formechange|p1a: Aegislash|Aegislash-Blade||[from] ability: Stance Change
|move|p1a: Aegislash|Shadow Ball|p2a: Hydreigon
|-resisted|p2a: Hydreigon
|-damage|p2a: Hydreigon|59/100
|-unboost|p2a: Hydreigon|spd|1
|
|-heal|p2a: Hydreigon|65/100|[from] item: Leftovers
|upkeep
|turn|12
|
|switch|p1a: Togekiss|Togekiss, M|100/100
|move|p2a: Hydreigon|Dark Pulse|p1a: Togekiss
|-resisted|p1a: Togekiss
|-damage|p1a: Togekiss|85/100
|
|-heal|p2a: Hydreigon|72/100|[from] item: Leftovers
|-heal|p1a: Togekiss|91/100|[from] item: Leftovers
|upkeep
|turn|13
|
|switch|p2a: Cinderace|Cinderace, M|100/100
|move|p1a: Togekiss|Light Screen|p1a: Togekiss
|-sidestart|p1: LuigiFreitas|move: Light Screen
|
|-heal|p1a: Togekiss|97/100|[from] item: Leftovers
|upkeep
|turn|14
|
|move|p2a: Cinderace|Pyro Ball|p1a: Togekiss
|-damage|p1a: Togekiss|34/100
|-status|p1a: Togekiss|brn
|move|p1a: Togekiss|Reflect|p1a: Togekiss
|-sidestart|p1: LuigiFreitas|Reflect
|
|-heal|p1a: Togekiss|40/100 brn|[from] item: Leftovers
|-damage|p1a: Togekiss|34/100 brn|[from] brn
|upkeep
|turn|15
|
|switch|p1a: Dragapult|Dragapult, F|100/100
|move|p2a: Cinderace|Court Change|p2a: Cinderace
|-sideend|p1: LuigiFreitas|Light Screen|[silent]
|-sidestart|p2: fewaufewih|Light Screen|[silent]
|-sideend|p1: LuigiFreitas|Reflect|[silent]
|-sidestart|p2: fewaufewih|Reflect|[silent]
|-activate|p2a: Cinderace|move: Court Change
|
|upkeep
|turn|16
|
|switch|p2a: Corviknight|Corviknight, F|92/100
|move|p1a: Dragapult|Shadow Ball|p2a: Corviknight
|-damage|p2a: Corviknight|47/100
|
|-heal|p2a: Corviknight|54/100|[from] item: Leftovers
|upkeep
|turn|17
|
|switch|p2a: Hydreigon|Hydreigon, M|72/100
|move|p1a: Dragapult|Shadow Ball|p2a: Hydreigon
|-resisted|p2a: Hydreigon
|-damage|p2a: Hydreigon|38/100
|
|-heal|p2a: Hydreigon|44/100|[from] item: Leftovers
|-sideend|p2: fewaufewih|move: Light Screen
|upkeep
|turn|18
|
|switch|p1a: Togekiss|Togekiss, M|34/100 brn
|move|p2a: Hydreigon|Dark Pulse|p1a: Togekiss
|-resisted|p1a: Togekiss
|-damage|p1a: Togekiss|18/100 brn
|
|-heal|p2a: Hydreigon|51/100|[from] item: Leftovers
|-heal|p1a: Togekiss|24/100 brn|[from] item: Leftovers
|-damage|p1a: Togekiss|18/100 brn|[from] brn
|-sideend|p2: fewaufewih|Reflect
|upkeep
|turn|19
|
|move|p2a: Hydreigon|Flash Cannon|p1a: Togekiss
|-supereffective|p1a: Togekiss
|-damage|p1a: Togekiss|0 fnt
|faint|p1a: Togekiss
|
|-heal|p2a: Hydreigon|57/100|[from] item: Leftovers
|upkeep
|
|switch|p1a: Cinderace|Cinderace, M|100/100
|turn|20
|
|switch|p2a: Seismitoad|Seismitoad, M|56/100
|move|p1a: Cinderace|High Jump Kick|p2a: Seismitoad
|-damage|p2a: Seismitoad|25/100
|
|-heal|p2a: Seismitoad|31/100|[from] item: Leftovers
|upkeep
|turn|21
|
|switch|p1a: Seismitoad|Seismitoad, M|57/100 tox
|move|p2a: Seismitoad|Earthquake|p1a: Seismitoad
|-crit|p1a: Seismitoad
|-damage|p1a: Seismitoad|7/100 tox
|
|-heal|p2a: Seismitoad|37/100|[from] item: Leftovers
|-damage|p1a: Seismitoad|1/100 tox|[from] psn
|upkeep
|turn|22
|
|move|p2a: Seismitoad|Stealth Rock|p1a: Seismitoad
|-sidestart|p1: LuigiFreitas|move: Stealth Rock
|move|p1a: Seismitoad|Rest|p1a: Seismitoad
|-status|p1a: Seismitoad|slp|[from] move: Rest
|-heal|p1a: Seismitoad|100/100 slp|[silent]
|
|-heal|p2a: Seismitoad|43/100|[from] item: Leftovers
|upkeep
|turn|23
|
|switch|p2a: Hydreigon|Hydreigon, M|57/100
|switch|p1a: Dragapult|Dragapult, F|100/100
|-damage|p1a: Dragapult|88/100|[from] Stealth Rock
|
|-heal|p2a: Hydreigon|63/100|[from] item: Leftovers
|upkeep
|turn|24
|
|switch|p1a: Aegislash|Aegislash, M|98/100
|switch|p2a: Corviknight|Corviknight, F|54/100
|
|-heal|p2a: Corviknight|60/100|[from] item: Leftovers
|upkeep
|turn|25
|
|move|p2a: Corviknight|U-turn|p1a: Aegislash
|-resisted|p1a: Aegislash
|-damage|p1a: Aegislash|95/100
|
|switch|p2a: Sirfetch'd|Sirfetch'd, F|100/100|[from]move: U-turn
|-formechange|p1a: Aegislash|Aegislash-Blade||[from] ability: Stance Change
|move|p1a: Aegislash|Flash Cannon|p2a: Sirfetch'd
|-damage|p2a: Sirfetch'd|53/100
|
|upkeep
|turn|26
|
|-formechange|p1a: Aegislash|Aegislash||[from] ability: Stance Change
|move|p1a: Aegislash|King's Shield|p1a: Aegislash
|-singleturn|p1a: Aegislash|Protect
|move|p2a: Sirfetch'd|Close Combat|p1a: Aegislash
|-activate|p1a: Aegislash|move: Protect
|-unboost|p2a: Sirfetch'd|atk|1
|
|upkeep
|turn|27
|
|move|p2a: Sirfetch'd|Close Combat|p1a: Aegislash
|-supereffective|p1a: Aegislash
|-damage|p1a: Aegislash|0 fnt
|-unboost|p2a: Sirfetch'd|def|1
|-unboost|p2a: Sirfetch'd|spd|1
|faint|p1a: Aegislash
|
|upkeep
|
|switch|p1a: Excadrill|Excadrill, M|46/100
|-damage|p1a: Excadrill|43/100|[from] Stealth Rock
|-ability|p1a: Excadrill|Mold Breaker
|turn|28
|
|switch|p2a: Corviknight|Corviknight, F|60/100
|move|p1a: Excadrill|Earthquake|p2a: Corviknight
|-immune|p2a: Corviknight
|
|-heal|p1a: Excadrill|49/100|[from] item: Leftovers
|-heal|p2a: Corviknight|66/100|[from] item: Leftovers
|upkeep
|turn|29
|
|move|p1a: Excadrill|Rapid Spin|p2a: Corviknight
|-resisted|p2a: Corviknight
|-damage|p2a: Corviknight|59/100
|-sideend|p1: LuigiFreitas|Stealth Rock|[from] move: Rapid Spin|[of] p1a: Excadrill
|-boost|p1a: Excadrill|spe|1
|move|p2a: Corviknight|Roost|p2a: Corviknight
|-heal|p2a: Corviknight|100/100
|-singleturn|p2a: Corviknight|move: Roost
|
|-heal|p1a: Excadrill|55/100|[from] item: Leftovers
|upkeep
|turn|30
|
|move|p1a: Excadrill|Stealth Rock|p2a: Corviknight
|-sidestart|p2: fewaufewih|move: Stealth Rock
|move|p2a: Corviknight|Brave Bird|p1a: Excadrill
|-resisted|p1a: Excadrill
|-damage|p1a: Excadrill|30/100
|-damage|p2a: Corviknight|93/100|[from] Recoil
|
|-heal|p1a: Excadrill|36/100|[from] item: Leftovers
|-heal|p2a: Corviknight|99/100|[from] item: Leftovers
|upkeep
|turn|31
|
|switch|p1a: Cinderace|Cinderace, M|100/100
|move|p2a: Corviknight|Brave Bird|p1a: Cinderace
|-damage|p1a: Cinderace|49/100
|-damage|p2a: Corviknight|86/100|[from] Recoil
|
|-heal|p2a: Corviknight|93/100|[from] item: Leftovers
|upkeep
|turn|32
|
|switch|p2a: Seismitoad|Seismitoad, M|43/100
|-damage|p2a: Seismitoad|37/100|[from] Stealth Rock
|move|p1a: Cinderace|Bulk Up|p1a: Cinderace
|-boost|p1a: Cinderace|atk|1
|-boost|p1a: Cinderace|def|1
|
|-heal|p2a: Seismitoad|43/100|[from] item: Leftovers
|upkeep
|turn|33
|
|move|p1a: Cinderace|High Jump Kick|p2a: Seismitoad
|-damage|p2a: Seismitoad|2/100
|move|p2a: Seismitoad|Earthquake|p1a: Cinderace
|-supereffective|p1a: Cinderace
|-damage|p1a: Cinderace|0 fnt
|faint|p1a: Cinderace
|
|-heal|p2a: Seismitoad|8/100|[from] item: Leftovers
|upkeep
|
|switch|p1a: Dragapult|Dragapult, F|88/100
|turn|34
|
|move|p1a: Dragapult|Dragon Pulse|p2a: Seismitoad
|-damage|p2a: Seismitoad|0 fnt
|faint|p2a: Seismitoad
|
|upkeep
|
|switch|p2a: Hitmonlee|Hitmonlee, M|100/100
|-damage|p2a: Hitmonlee|94/100|[from] Stealth Rock
|turn|35
|
|move|p2a: Hitmonlee|Endure|p2a: Hitmonlee
|-singleturn|p2a: Hitmonlee|move: Endure
|move|p1a: Dragapult|Dragon Pulse|p2a: Hitmonlee
|-damage|p2a: Hitmonlee|10/100
|-enditem|p2a: Hitmonlee|Liechi Berry|[eat]
|-boost|p2a: Hitmonlee|atk|1
|
|upkeep
|turn|36
|
|move|p2a: Hitmonlee|Throat Chop|p1a: Dragapult
|-supereffective|p1a: Dragapult
|-damage|p1a: Dragapult|0 fnt
|faint|p1a: Dragapult
|
|upkeep
|
|switch|p1a: Seismitoad|Seismitoad, M|100/100 slp
|turn|37
|
|move|p2a: Hitmonlee|Reversal|p1a: Seismitoad
|-damage|p1a: Seismitoad|0 fnt
|faint|p1a: Seismitoad
|
|upkeep
|
|switch|p1a: Excadrill|Excadrill, M|36/100
|-ability|p1a: Excadrill|Mold Breaker
|turn|38
|
|move|p2a: Hitmonlee|Reversal|p1a: Excadrill
|-supereffective|p1a: Excadrill
|-damage|p1a: Excadrill|0 fnt
|faint|p1a: Excadrill
|
|win|fewaufewih
|raw|LuigiFreitas's rating: 1076 → 1057(-19 for losing)
|raw|fewaufewih's rating: 1106 → 1129(+23 for winning)
