|ScrapeTime|2020-01-01-02:35:33
|j|☆verde1
|j|☆ThaCreep
|player|p1|verde1|proton|1094
|player|p2|ThaCreep|scientist|1144
|teamsize|p1|6
|teamsize|p2|6
|gametype|singles
|gen|8
|tier|[Gen 8] OU
|rated|
|rule|Sleep Clause Mod: Limit one foe put to sleep
|rule|Species Clause: Limit one of each Pokémon
|rule|OHKO Clause: OHKO moves are banned
|rule|Evasion Moves Clause: Evasion moves are banned
|rule|Endless Battle Clause: Forcing endless battles is banned
|rule|HP Percentage Mod: HP is shown in percentages
|clearpoke
|poke|p1|Grimmsnarl, M|
|poke|p1|Corsola-Galar, M|
|poke|p1|Cinderace, M|
|poke|p1|Dracovish|
|poke|p1|Toxtricity-Low-Key, M|
|poke|p1|Vileplume, F|
|poke|p2|Corsola-Galar, F|
|poke|p2|Corviknight, F|
|poke|p2|Dragapult, F|
|poke|p2|Ditto|
|poke|p2|Ferrothorn, M|
|poke|p2|Toxapex, F|
|rule|Dynamax Clause: You cannot dynamax
|teampreview
|
|start
|switch|p1a: Cinderace|Cinderace, M|100/100
|switch|p2a: Toxapex|Toxapex, F|100/100
|turn|1
|inactive|Battle timer is ON: inactive players will automatically lose when time's up. (requested by ThaCreep)
|
|move|p1a: Cinderace|Zen Headbutt|p2a: Toxapex|[miss]
|-miss|p1a: Cinderace|p2a: Toxapex
|move|p2a: Toxapex|Scald|p1a: Cinderace
|-supereffective|p1a: Cinderace
|-damage|p1a: Cinderace|51/100
|
|upkeep
|turn|2
|
|move|p2a: Toxapex|Baneful Bunker|p2a: Toxapex
|-singleturn|p2a: Toxapex|move: Protect
|move|p1a: Cinderace|Zen Headbutt|p2a: Toxapex
|-activate|p2a: Toxapex|move: Protect
|-status|p1a: Cinderace|psn
|
|-damage|p1a: Cinderace|39/100 psn|[from] psn
|upkeep
|turn|3
|
|switch|p2a: Corviknight|Corviknight, F|100/100
|-ability|p2a: Corviknight|Pressure
|move|p1a: Cinderace|Zen Headbutt|p2a: Corviknight
|-resisted|p2a: Corviknight
|-damage|p2a: Corviknight|91/100
|-damage|p1a: Cinderace|29/100 psn|[from] item: Life Orb
|
|-heal|p2a: Corviknight|97/100|[from] item: Leftovers
|-damage|p1a: Cinderace|16/100 psn|[from] psn
|upkeep
|turn|4
|
|switch|p1a: Corsola|Corsola-Galar, M|100/100
|switch|p2a: Toxapex|Toxapex, F|100/100
|
|upkeep
|turn|5
|
|move|p2a: Toxapex|Toxic Spikes|p1a: Corsola
|-sidestart|p1: verde1|move: Toxic Spikes
|move|p1a: Corsola|Stealth Rock|p2a: Toxapex
|-sidestart|p2: ThaCreep|move: Stealth Rock
|
|upkeep
|turn|6
|
|move|p2a: Toxapex|Toxic Spikes|p1a: Corsola
|-sidestart|p1: verde1|move: Toxic Spikes
|move|p1a: Corsola|Will-O-Wisp|p2a: Toxapex
|-status|p2a: Toxapex|brn
|
|-damage|p2a: Toxapex|94/100 brn|[from] brn
|upkeep
|turn|7
|
|switch|p2a: Dragapult|Dragapult, F|100/100
|-damage|p2a: Dragapult|88/100|[from] Stealth Rock
|switch|p1a: Vileplume|Vileplume, F, shiny|100/100
|-sideend|p1: verde1|move: Toxic Spikes|[of] p1a: Vileplume
|
|upkeep
|turn|8
|
|move|p2a: Dragapult|Draco Meteor|p1a: Vileplume
|-crit|p1a: Vileplume
|-damage|p1a: Vileplume|0 fnt
|-unboost|p2a: Dragapult|spa|2
|faint|p1a: Vileplume
|
|upkeep
|
|switch|p1a: Corsola|Corsola-Galar, M|100/100
|turn|9
|
|switch|p2a: Toxapex|Toxapex, F|100/100 brn
|-damage|p2a: Toxapex|88/100 brn|[from] Stealth Rock
|move|p1a: Corsola|Destiny Bond|p1a: Corsola
|-singlemove|p1a: Corsola|Destiny Bond
|
|-heal|p2a: Toxapex|94/100 brn|[from] item: Black Sludge
|-damage|p2a: Toxapex|88/100 brn|[from] brn
|upkeep
|turn|10
|
|switch|p1a: Grimmsnarl|Grimmsnarl, M, shiny|100/100
|move|p2a: Toxapex|Toxic Spikes|p1a: Grimmsnarl
|-sidestart|p1: verde1|move: Toxic Spikes
|
|-heal|p2a: Toxapex|94/100 brn|[from] item: Black Sludge
|-damage|p2a: Toxapex|88/100 brn|[from] brn
|upkeep
|turn|11
|
|move|p1a: Grimmsnarl|Taunt|p2a: Toxapex
|-start|p2a: Toxapex|move: Taunt
|move|p2a: Toxapex|Scald|p1a: Grimmsnarl
|-damage|p1a: Grimmsnarl|83/100
|-status|p1a: Grimmsnarl|brn
|
|-heal|p2a: Toxapex|94/100 brn|[from] item: Black Sludge
|-damage|p1a: Grimmsnarl|77/100 brn|[from] brn
|-damage|p2a: Toxapex|88/100 brn|[from] brn
|upkeep
|turn|12
|
|switch|p2a: Ferrothorn|Ferrothorn, M|100/100
|-damage|p2a: Ferrothorn|94/100|[from] Stealth Rock
|move|p1a: Grimmsnarl|Darkest Lariat|p2a: Ferrothorn
|-damage|p2a: Ferrothorn|84/100
|-damage|p1a: Grimmsnarl|65/100 brn|[from] ability: Iron Barbs|[of] p2a: Ferrothorn
|
|-heal|p2a: Ferrothorn|90/100|[from] item: Leftovers
|-damage|p1a: Grimmsnarl|59/100 brn|[from] brn
|upkeep
|turn|13
|
|move|p1a: Grimmsnarl|Thunder Wave|p2a: Ferrothorn
|-status|p2a: Ferrothorn|par
|move|p2a: Ferrothorn|Knock Off|p1a: Grimmsnarl
|-resisted|p1a: Grimmsnarl
|-damage|p1a: Grimmsnarl|53/100 brn
|-enditem|p1a: Grimmsnarl|Eviolite|[from] move: Knock Off|[of] p2a: Ferrothorn
|
|-heal|p2a: Ferrothorn|96/100 par|[from] item: Leftovers
|-damage|p1a: Grimmsnarl|47/100 brn|[from] brn
|upkeep
|turn|14
|
|move|p1a: Grimmsnarl|Taunt|p2a: Ferrothorn
|-start|p2a: Ferrothorn|move: Taunt
|cant|p2a: Ferrothorn|move: Taunt|Leech Seed
|
|-heal|p2a: Ferrothorn|100/100 par|[from] item: Leftovers
|-damage|p1a: Grimmsnarl|41/100 brn|[from] brn
|upkeep
|turn|15
|
|move|p1a: Grimmsnarl|Darkest Lariat|p2a: Ferrothorn
|-damage|p2a: Ferrothorn|91/100 par
|-damage|p1a: Grimmsnarl|29/100 brn|[from] ability: Iron Barbs|[of] p2a: Ferrothorn
|move|p2a: Ferrothorn|Knock Off|p1a: Grimmsnarl
|-resisted|p1a: Grimmsnarl
|-damage|p1a: Grimmsnarl|25/100 brn
|
|-heal|p2a: Ferrothorn|97/100 par|[from] item: Leftovers
|-damage|p1a: Grimmsnarl|19/100 brn|[from] brn
|upkeep
|turn|16
|inactive|ThaCreep has 120 seconds left.
|
|switch|p2a: Corviknight|Corviknight, F|97/100
|-damage|p2a: Corviknight|85/100|[from] Stealth Rock
|-ability|p2a: Corviknight|Pressure
|move|p1a: Grimmsnarl|Darkest Lariat|p2a: Corviknight
|-damage|p2a: Corviknight|75/100
|
|-heal|p2a: Corviknight|81/100|[from] item: Leftovers
|-damage|p1a: Grimmsnarl|13/100 brn|[from] brn
|upkeep
|turn|17
|inactive|ThaCreep has 120 seconds left.
|
|switch|p2a: Ferrothorn|Ferrothorn, M|97/100 par
|-damage|p2a: Ferrothorn|91/100 par|[from] Stealth Rock
|move|p1a: Grimmsnarl|Thunder Wave|p2a: Ferrothorn
|-fail|p2a: Ferrothorn|par
|
|-heal|p2a: Ferrothorn|97/100 par|[from] item: Leftovers
|-damage|p1a: Grimmsnarl|7/100 brn|[from] brn
|upkeep
|turn|18
|
|move|p1a: Grimmsnarl|Darkest Lariat|p2a: Ferrothorn
|-damage|p2a: Ferrothorn|88/100 par
|-damage|p1a: Grimmsnarl|0 fnt|[from] ability: Iron Barbs|[of] p2a: Ferrothorn
|faint|p1a: Grimmsnarl
|cant|p2a: Ferrothorn|par
|
|-heal|p2a: Ferrothorn|94/100 par|[from] item: Leftovers
|upkeep
|
|switch|p1a: Cinderace|Cinderace, M|16/100 psn
|turn|19
|
|cant|p2a: Ferrothorn|par
|move|p1a: Cinderace|Zen Headbutt|p2a: Ferrothorn
|-resisted|p2a: Ferrothorn
|-damage|p2a: Ferrothorn|85/100 par
|-damage|p1a: Cinderace|4/100 psn|[from] ability: Iron Barbs|[of] p2a: Ferrothorn
|-damage|p1a: Cinderace|0 fnt|[from] item: Life Orb
|faint|p1a: Cinderace
|
|-heal|p2a: Ferrothorn|91/100 par|[from] item: Leftovers
|upkeep
|inactive|verde1 has 120 seconds left.
|
|switch|p1a: Toxtricity|Toxtricity-Low-Key, M, shiny|100/100
|-sideend|p1: verde1|move: Toxic Spikes|[of] p1a: Toxtricity
|turn|20
|inactive|verde1 has 120 seconds left.
|
|move|p1a: Toxtricity|Volt Switch|p2a: Ferrothorn
|-resisted|p2a: Ferrothorn
|-damage|p2a: Ferrothorn|69/100 par
|
|switch|p1a: Corsola|Corsola-Galar, M|100/100|[from]move: Volt Switch
|move|p2a: Ferrothorn|Leech Seed|p1a: Corsola|[miss]
|-miss|p2a: Ferrothorn|p1a: Corsola
|
|-heal|p2a: Ferrothorn|75/100 par|[from] item: Leftovers
|upkeep
|turn|21
|
|switch|p1a: Toxtricity|Toxtricity-Low-Key, M, shiny|100/100
|move|p2a: Ferrothorn|Knock Off|p1a: Toxtricity
|-damage|p1a: Toxtricity|69/100
|-enditem|p1a: Toxtricity|Choice Specs|[from] move: Knock Off|[of] p2a: Ferrothorn
|
|-heal|p2a: Ferrothorn|82/100 par|[from] item: Leftovers
|upkeep
|turn|22
|
|move|p1a: Toxtricity|Boomburst|p2a: Ferrothorn
|-resisted|p2a: Ferrothorn
|-damage|p2a: Ferrothorn|59/100 par
|move|p2a: Ferrothorn|Leech Seed|p1a: Toxtricity
|-start|p1a: Toxtricity|move: Leech Seed
|
|-heal|p2a: Ferrothorn|65/100 par|[from] item: Leftovers
|-damage|p1a: Toxtricity|57/100|[from] Leech Seed|[of] p2a: Ferrothorn
|-heal|p2a: Ferrothorn|75/100 par|[silent]
|upkeep
|turn|23
|inactive|verde1 has 120 seconds left.
|
|move|p1a: Toxtricity|Boomburst|p2a: Ferrothorn
|-resisted|p2a: Ferrothorn
|-damage|p2a: Ferrothorn|51/100 par
|move|p2a: Ferrothorn|Stealth Rock|p1a: Toxtricity
|-sidestart|p1: verde1|move: Stealth Rock
|
|-heal|p2a: Ferrothorn|58/100 par|[from] item: Leftovers
|-damage|p1a: Toxtricity|44/100|[from] Leech Seed|[of] p2a: Ferrothorn
|-heal|p2a: Ferrothorn|68/100 par|[silent]
|upkeep
|turn|24
|inactive|verde1 has 120 seconds left.
|
|cant|p2a: Ferrothorn|par
|move|p1a: Toxtricity|Boomburst|p2a: Ferrothorn
|-resisted|p2a: Ferrothorn
|-damage|p2a: Ferrothorn|43/100 par
|
|-heal|p2a: Ferrothorn|50/100 par|[from] item: Leftovers
|-damage|p1a: Toxtricity|32/100|[from] Leech Seed|[of] p2a: Ferrothorn
|-heal|p2a: Ferrothorn|60/100 par|[silent]
|upkeep
|turn|25
|inactive|verde1 has 120 seconds left.
|
|move|p2a: Ferrothorn|Protect|p2a: Ferrothorn
|-singleturn|p2a: Ferrothorn|Protect
|move|p1a: Toxtricity|Overdrive|p2a: Ferrothorn
|-activate|p2a: Ferrothorn|move: Protect
|
|-heal|p2a: Ferrothorn|66/100 par|[from] item: Leftovers
|-damage|p1a: Toxtricity|19/100|[from] Leech Seed|[of] p2a: Ferrothorn
|-heal|p2a: Ferrothorn|76/100 par|[silent]
|upkeep
|turn|26
|inactive|verde1 has 120 seconds left.
|c|☆verde1|Pooooooooorfavor
|c|☆ThaCreep|?
|c|☆verde1|RaaataaaAaaaaa puta
|
|move|p1a: Toxtricity|Overdrive|p2a: Ferrothorn
|-resisted|p2a: Ferrothorn
|-damage|p2a: Ferrothorn|56/100 par
|move|p2a: Ferrothorn|Knock Off|p1a: Toxtricity
|-damage|p1a: Toxtricity|0 fnt
|faint|p1a: Toxtricity
|
|-heal|p2a: Ferrothorn|62/100 par|[from] item: Leftovers
|upkeep
|inactive|verde1 has 90 seconds left.
|c|☆ThaCreep|calmos amigos
|
|switch|p1a: Dracovish|Dracovish|100/100
|-damage|p1a: Dracovish|88/100|[from] Stealth Rock
|turn|27
|inactive|verde1 has 90 seconds left.
|c|☆verde1|es que no quiero perder puntos porfa
|inactive|verde1 has 60 seconds left.
|
|move|p2a: Ferrothorn|Protect|p2a: Ferrothorn
|-singleturn|p2a: Ferrothorn|Protect
|move|p1a: Dracovish|Fishious Rend|p2a: Ferrothorn
|-activate|p2a: Ferrothorn|move: Protect
|
|-heal|p2a: Ferrothorn|69/100 par|[from] item: Leftovers
|upkeep
|turn|28
|c|☆ThaCreep|no speak cubanos sorry
|c|☆verde1|Porfa conferencia
|inactive|verde1 has 30 seconds left.
|
|move|p1a: Dracovish|Fishious Rend|p2a: Ferrothorn
|-resisted|p2a: Ferrothorn
|-damage|p2a: Ferrothorn|20/100 par
|-damage|p1a: Dracovish|76/100|[from] ability: Iron Barbs|[of] p2a: Ferrothorn
|move|p2a: Ferrothorn|Leech Seed|p1a: Dracovish
|-start|p1a: Dracovish|move: Leech Seed
|
|-heal|p2a: Ferrothorn|27/100 par|[from] item: Leftovers
|-damage|p1a: Dracovish|63/100|[from] Leech Seed|[of] p2a: Ferrothorn
|-heal|p2a: Ferrothorn|38/100 par|[silent]
|upkeep
|turn|29
|inactive|verde1 has 30 seconds left.
|
|move|p2a: Ferrothorn|Protect|p2a: Ferrothorn
|-singleturn|p2a: Ferrothorn|Protect
|move|p1a: Dracovish|Fishious Rend|p2a: Ferrothorn
|-activate|p2a: Ferrothorn|move: Protect
|
|-heal|p2a: Ferrothorn|44/100 par|[from] item: Leftovers
|-damage|p1a: Dracovish|51/100|[from] Leech Seed|[of] p2a: Ferrothorn
|-heal|p2a: Ferrothorn|56/100 par|[silent]
|upkeep
|turn|30
|c|☆verde1|RTa
|inactive|verde1 has 30 seconds left.
|
|move|p1a: Dracovish|Fishious Rend|p2a: Ferrothorn
|-resisted|p2a: Ferrothorn
|-damage|p2a: Ferrothorn|10/100 par
|-damage|p1a: Dracovish|38/100|[from] ability: Iron Barbs|[of] p2a: Ferrothorn
|move|p2a: Ferrothorn|Knock Off|p1a: Dracovish
|-damage|p1a: Dracovish|17/100
|-enditem|p1a: Dracovish|Choice Band|[from] move: Knock Off|[of] p2a: Ferrothorn
|
|-heal|p2a: Ferrothorn|17/100 par|[from] item: Leftovers
|-damage|p1a: Dracovish|4/100|[from] Leech Seed|[of] p2a: Ferrothorn
|-heal|p2a: Ferrothorn|28/100 par|[silent]
|upkeep
|turn|31
|inactive|verde1 has 30 seconds left.
|c|☆verde1|Pow por fa
|inactive|verde1 has 20 seconds left.
|
|switch|p1a: Corsola|Corsola-Galar, M|100/100
|-damage|p1a: Corsola|88/100|[from] Stealth Rock
|move|p2a: Ferrothorn|Protect||[still]
|-fail|p2a: Ferrothorn
|
|-heal|p2a: Ferrothorn|34/100 par|[from] item: Leftovers
|upkeep
|turn|32
|inactive|verde1 has 30 seconds left this turn.
|inactive|verde1 has 20 seconds left.
|inactive|verde1 has 15 seconds left.
|c|☆verde1|Porfaááaaaaaaaa
|inactive|verde1 has 10 seconds left.
|c|☆verde1|Porfaááaaaaaaaa
|
|switch|p1a: Dracovish|Dracovish|4/100
|-damage|p1a: Dracovish|0 fnt|[from] Stealth Rock
|faint|p1a: Dracovish
|move|p2a: Ferrothorn|Knock Off|p1: Dracovish|[notarget]
|-fail|p2a: Ferrothorn
|
|-heal|p2a: Ferrothorn|41/100 par|[from] item: Leftovers
|upkeep
|inactive|verde1 has 15 seconds left this turn.
|inactive|verde1 has 10 seconds left.
|
|switch|p1a: Corsola|Corsola-Galar, M|88/100
|-damage|p1a: Corsola|76/100|[from] Stealth Rock
|turn|33
|inactive|verde1 has 20 seconds left this turn.
|inactive|verde1 has 15 seconds left.
|c|☆verde1|Porfa
|
|move|p1a: Corsola|Strength Sap|p2a: Ferrothorn
|-unboost|p2a: Ferrothorn|atk|1
|-heal|p1a: Corsola|100/100
|cant|p2a: Ferrothorn|par
|
|-heal|p2a: Ferrothorn|47/100 par|[from] item: Leftovers
|upkeep
|turn|34
|inactive|verde1 has 25 seconds left this turn.
|inactive|verde1 has 20 seconds left.
|c|☆ThaCreep|don't understand
|inactive|verde1 has 15 seconds left.
|inactive|verde1 has 10 seconds left.
|c|☆ThaCreep|i don't speak spanish boy
|
|move|p1a: Corsola|Destiny Bond|p1a: Corsola
|-singlemove|p1a: Corsola|Destiny Bond
|move|p2a: Ferrothorn|Leech Seed|p1a: Corsola
|-start|p1a: Corsola|move: Leech Seed
|
|-heal|p2a: Ferrothorn|53/100 par|[from] item: Leftovers
|-damage|p1a: Corsola|88/100|[from] Leech Seed|[of] p2a: Ferrothorn
|-heal|p2a: Ferrothorn|62/100 par|[silent]
|upkeep
|turn|35
|inactive|verde1 has 20 seconds left this turn.
|inactive|verde1 has 15 seconds left.
|inactive|verde1 has 10 seconds left.
|inactive|verde1 has 5 seconds left.
|c|☆verde1|Pls
|-message|verde1 lost due to inactivity.
|
|win|ThaCreep
|raw|verde1's rating: 1094 → 1072(-22 for losing)
|raw|ThaCreep's rating: 1124 → 1147(+23 for winning)
