|ScrapeTime|2020-01-01-00:15:02
|j|☆sucker for oli
|j|☆nithnith
|player|p1|sucker for oli|waiter-gen4dp|1275
|player|p2|nithnith|cynthia-gen4|1264
|teamsize|p1|6
|teamsize|p2|6
|gametype|singles
|gen|8
|tier|[Gen 8] OU
|rated|
|rule|Sleep Clause Mod: Limit one foe put to sleep
|rule|Species Clause: Limit one of each Pokémon
|rule|OHKO Clause: OHKO moves are banned
|rule|Evasion Moves Clause: Evasion moves are banned
|rule|Endless Battle Clause: Forcing endless battles is banned
|rule|HP Percentage Mod: HP is shown in percentages
|clearpoke
|poke|p1|Toxtricity-Low-Key, F|
|poke|p1|Dragapult, M|
|poke|p1|Mandibuzz, F|
|poke|p1|Ferrothorn, F|
|poke|p1|Corviknight, M|
|poke|p1|Toxapex, F|
|poke|p2|Centiskorch, F|
|poke|p2|Ferrothorn, M|
|poke|p2|Corsola-Galar, M|
|poke|p2|Tyranitar, F|
|poke|p2|Reuniclus, F|
|poke|p2|Rotom-Mow|
|rule|Dynamax Clause: You cannot dynamax
|teampreview
|
|start
|switch|p1a: Toxtricity|Toxtricity-Low-Key, F|100/100
|switch|p2a: Rotom|Rotom-Mow|100/100
|turn|1
|
|move|p2a: Rotom|Volt Switch|p1a: Toxtricity
|-resisted|p1a: Toxtricity
|-damage|p1a: Toxtricity|74/100
|
|switch|p2a: Tyranitar|Tyranitar, F|100/100|[from]move: Volt Switch
|-weather|Sandstorm|[from] ability: Sand Stream|[of] p2a: Tyranitar
|move|p1a: Toxtricity|Volt Switch|p2a: Tyranitar
|-damage|p2a: Tyranitar|82/100
|c|☆nithnith|why blue toxtricity?
|c|☆sucker for oli|why not?
|
|switch|p1a: Corviknight|Corviknight, M|100/100|[from]move: Volt Switch
|-ability|p1a: Corviknight|Pressure
|
|-weather|Sandstorm|[upkeep]
|upkeep
|turn|2
|inactive|Battle timer is ON: inactive players will automatically lose when time's up. (requested by sucker for oli)
|inactive|nithnith has 120 seconds left.
|inactive|nithnith has 90 seconds left.
|
|switch|p2a: Corsola|Corsola-Galar, M|100/100
|move|p1a: Corviknight|Bulk Up|p1a: Corviknight
|-boost|p1a: Corviknight|atk|1
|-boost|p1a: Corviknight|def|1
|
|-weather|Sandstorm|[upkeep]
|-damage|p2a: Corsola|94/100|[from] Sandstorm
|upkeep
|turn|3
|
|move|p1a: Corviknight|Substitute|p1a: Corviknight
|-start|p1a: Corviknight|Substitute
|-damage|p1a: Corviknight|75/100
|move|p2a: Corsola|Haze|p2a: Corsola
|-clearallboost
|
|-weather|Sandstorm|[upkeep]
|-damage|p2a: Corsola|88/100|[from] Sandstorm
|-heal|p1a: Corviknight|82/100|[from] item: Leftovers
|upkeep
|turn|4
|
|move|p1a: Corviknight|Bulk Up|p1a: Corviknight
|-boost|p1a: Corviknight|atk|1
|-boost|p1a: Corviknight|def|1
|move|p2a: Corsola|Night Shade|p1a: Corviknight
|-end|p1a: Corviknight|Substitute
|
|-weather|Sandstorm|[upkeep]
|-damage|p2a: Corsola|82/100|[from] Sandstorm
|-heal|p1a: Corviknight|88/100|[from] item: Leftovers
|upkeep
|turn|5
|
|switch|p1a: Mandibuzz|Mandibuzz, F, shiny|100/100
|move|p2a: Corsola|Haze|p2a: Corsola
|-clearallboost
|
|-weather|none
|upkeep
|turn|6
|
|switch|p2a: Tyranitar|Tyranitar, F|82/100
|-weather|Sandstorm|[from] ability: Sand Stream|[of] p2a: Tyranitar
|move|p1a: Mandibuzz|Knock Off|p2a: Tyranitar
|-resisted|p2a: Tyranitar
|-damage|p2a: Tyranitar|74/100
|-enditem|p2a: Tyranitar|Assault Vest|[from] move: Knock Off|[of] p1a: Mandibuzz
|
|-weather|Sandstorm|[upkeep]
|-damage|p1a: Mandibuzz|94/100|[from] Sandstorm
|upkeep
|turn|7
|
|move|p1a: Mandibuzz|U-turn|p2a: Tyranitar
|-supereffective|p2a: Tyranitar
|-damage|p2a: Tyranitar|59/100
|
|switch|p1a: Toxapex|Toxapex, F, shiny|100/100|[from]move: U-turn
|move|p2a: Tyranitar|Stone Edge|p1a: Toxapex
|-damage|p1a: Toxapex|73/100
|
|-weather|Sandstorm|[upkeep]
|-damage|p1a: Toxapex|67/100|[from] Sandstorm
|-heal|p1a: Toxapex|73/100|[from] item: Black Sludge
|upkeep
|turn|8
|
|switch|p2a: Reuniclus|Reuniclus, F|100/100
|move|p1a: Toxapex|Toxic Spikes|p2a: Reuniclus
|-sidestart|p2: nithnith|move: Toxic Spikes
|
|-weather|Sandstorm|[upkeep]
|-damage|p1a: Toxapex|67/100|[from] Sandstorm
|-heal|p1a: Toxapex|73/100|[from] item: Black Sludge
|upkeep
|turn|9
|
|switch|p1a: Dragapult|Dragapult, M|100/100
|move|p2a: Reuniclus|Calm Mind|p2a: Reuniclus
|-boost|p2a: Reuniclus|spa|1
|-boost|p2a: Reuniclus|spd|1
|
|-weather|Sandstorm|[upkeep]
|-damage|p1a: Dragapult|95/100|[from] Sandstorm
|upkeep
|turn|10
|
|switch|p2a: Tyranitar|Tyranitar, F|59/100
|-status|p2a: Tyranitar|psn
|move|p1a: Dragapult|Shadow Ball|p2a: Tyranitar
|-resisted|p2a: Tyranitar
|-damage|p2a: Tyranitar|45/100 psn
|
|-weather|none
|-damage|p2a: Tyranitar|33/100 psn|[from] psn
|upkeep
|turn|11
|
|switch|p1a: Ferrothorn|Ferrothorn, F, shiny|100/100
|move|p2a: Tyranitar|Ice Punch|p1a: Ferrothorn
|-damage|p1a: Ferrothorn|86/100
|-damage|p2a: Tyranitar|20/100 psn|[from] ability: Iron Barbs|[of] p1a: Ferrothorn
|
|-heal|p1a: Ferrothorn|92/100|[from] item: Leftovers
|-damage|p2a: Tyranitar|8/100 psn|[from] psn
|upkeep
|turn|12
|
|move|p1a: Ferrothorn|Protect|p1a: Ferrothorn
|-singleturn|p1a: Ferrothorn|Protect
|move|p2a: Tyranitar|Fire Blast|p1a: Ferrothorn
|-activate|p1a: Ferrothorn|move: Protect
|
|-heal|p1a: Ferrothorn|99/100|[from] item: Leftovers
|-damage|p2a: Tyranitar|0 fnt|[from] psn
|faint|p2a: Tyranitar
|upkeep
|
|switch|p2a: Centiskorch|Centiskorch, F|100/100
|turn|13
|
|switch|p1a: Toxapex|Toxapex, F, shiny|100/100
|move|p2a: Centiskorch|Knock Off|p1a: Toxapex
|-damage|p1a: Toxapex|86/100
|-enditem|p1a: Toxapex|Black Sludge|[from] move: Knock Off|[of] p2a: Centiskorch
|
|upkeep
|turn|14
|
|switch|p2a: Reuniclus|Reuniclus, F|100/100
|-status|p2a: Reuniclus|psn
|move|p1a: Toxapex|Scald|p2a: Reuniclus
|-damage|p2a: Reuniclus|84/100 psn
|
|-heal|p2a: Reuniclus|90/100 psn|[from] item: Leftovers
|upkeep
|turn|15
|
|switch|p1a: Dragapult|Dragapult, M|95/100
|move|p2a: Reuniclus|Psychic|p1a: Dragapult
|-damage|p1a: Dragapult|33/100
|
|-heal|p2a: Reuniclus|96/100 psn|[from] item: Leftovers
|upkeep
|turn|16
|
|switch|p2a: Centiskorch|Centiskorch, F|100/100
|move|p1a: Dragapult|Shadow Ball|p2a: Centiskorch
|-damage|p2a: Centiskorch|67/100
|
|upkeep
|turn|17
|
|switch|p1a: Toxapex|Toxapex, F, shiny|100/100
|move|p2a: Centiskorch|Knock Off|p1a: Toxapex
|-damage|p1a: Toxapex|91/100
|
|upkeep
|turn|18
|
|switch|p2a: Reuniclus|Reuniclus, F|96/100 psn
|switch|p1a: Mandibuzz|Mandibuzz, F, shiny|94/100
|
|-heal|p2a: Reuniclus|100/100 psn|[from] item: Leftovers
|upkeep
|turn|19
|
|switch|p2a: Rotom|Rotom-Mow|100/100
|move|p1a: Mandibuzz|Knock Off|p2a: Rotom
|-damage|p2a: Rotom|68/100
|-enditem|p2a: Rotom|Choice Scarf|[from] move: Knock Off|[of] p1a: Mandibuzz
|
|upkeep
|turn|20
|
|move|p2a: Rotom|Discharge|p1a: Mandibuzz
|-supereffective|p1a: Mandibuzz
|-damage|p1a: Mandibuzz|50/100
|move|p1a: Mandibuzz|U-turn|p2a: Rotom
|-supereffective|p2a: Rotom
|-damage|p2a: Rotom|38/100
|
|switch|p1a: Dragapult|Dragapult, M|33/100|[from]move: U-turn
|
|upkeep
|turn|21
|
|switch|p2a: Centiskorch|Centiskorch, F|67/100
|move|p1a: Dragapult|Shadow Ball|p2a: Centiskorch
|-damage|p2a: Centiskorch|33/100
|-unboost|p2a: Centiskorch|spd|1
|
|upkeep
|turn|22
|
|switch|p2a: Ferrothorn|Ferrothorn, M|100/100
|move|p1a: Dragapult|Shadow Ball|p2a: Ferrothorn
|-damage|p2a: Ferrothorn|57/100
|
|-heal|p2a: Ferrothorn|63/100|[from] item: Leftovers
|upkeep
|turn|23
|
|switch|p1a: Corviknight|Corviknight, M|88/100
|-ability|p1a: Corviknight|Pressure
|move|p2a: Ferrothorn|Leech Seed|p1a: Corviknight
|-start|p1a: Corviknight|move: Leech Seed
|
|-heal|p1a: Corviknight|94/100|[from] item: Leftovers
|-heal|p2a: Ferrothorn|70/100|[from] item: Leftovers
|-damage|p1a: Corviknight|82/100|[from] Leech Seed|[of] p2a: Ferrothorn
|-heal|p2a: Ferrothorn|84/100|[silent]
|upkeep
|turn|24
|inactive|nithnith has 120 seconds left.
|
|switch|p1a: Ferrothorn|Ferrothorn, F, shiny|99/100
|move|p2a: Ferrothorn|Seed Bomb|p1a: Ferrothorn
|-resisted|p1a: Ferrothorn
|-damage|p1a: Ferrothorn|95/100
|
|-heal|p2a: Ferrothorn|90/100|[from] item: Leftovers
|-heal|p1a: Ferrothorn|100/100|[from] item: Leftovers
|upkeep
|turn|25
|
|move|p2a: Ferrothorn|Stealth Rock|p1a: Ferrothorn
|-sidestart|p1: sucker for oli|move: Stealth Rock
|move|p1a: Ferrothorn|Leech Seed|p2a: Ferrothorn
|-immune|p2a: Ferrothorn
|
|-heal|p2a: Ferrothorn|96/100|[from] item: Leftovers
|upkeep
|turn|26
|
|switch|p2a: Centiskorch|Centiskorch, F|33/100
|move|p1a: Ferrothorn|Leech Seed|p2a: Centiskorch
|-start|p2a: Centiskorch|move: Leech Seed
|
|-damage|p2a: Centiskorch|20/100|[from] Leech Seed|[of] p1a: Ferrothorn
|upkeep
|turn|27
|
|move|p1a: Ferrothorn|Protect|p1a: Ferrothorn
|-singleturn|p1a: Ferrothorn|Protect
|move|p2a: Centiskorch|Rest|p2a: Centiskorch
|-status|p2a: Centiskorch|slp|[from] move: Rest
|-heal|p2a: Centiskorch|100/100 slp|[silent]
|
|-damage|p2a: Centiskorch|88/100 slp|[from] Leech Seed|[of] p1a: Ferrothorn
|upkeep
|turn|28
|
|switch|p2a: Ferrothorn|Ferrothorn, M|96/100
|switch|p1a: Dragapult|Dragapult, M|33/100
|-damage|p1a: Dragapult|21/100|[from] Stealth Rock
|
|-heal|p2a: Ferrothorn|100/100|[from] item: Leftovers
|upkeep
|turn|29
|
|move|p2a: Ferrothorn|Protect|p2a: Ferrothorn
|-singleturn|p2a: Ferrothorn|Protect
|move|p1a: Dragapult|Flamethrower|p2a: Ferrothorn
|-activate|p2a: Ferrothorn|move: Protect
|
|upkeep
|turn|30
|
|switch|p1a: Mandibuzz|Mandibuzz, F, shiny|50/100
|switch|p2a: Centiskorch|Centiskorch, F|88/100 slp
|
|upkeep
|turn|31
|
|switch|p2a: Ferrothorn|Ferrothorn, M|100/100
|move|p1a: Mandibuzz|Knock Off|p2a: Ferrothorn
|-damage|p2a: Ferrothorn|86/100
|-damage|p1a: Mandibuzz|38/100|[from] ability: Iron Barbs|[of] p2a: Ferrothorn
|-enditem|p2a: Ferrothorn|Leftovers|[from] move: Knock Off|[of] p1a: Mandibuzz
|
|upkeep
|turn|32
|
|move|p1a: Mandibuzz|Roost|p1a: Mandibuzz
|-heal|p1a: Mandibuzz|88/100
|-singleturn|p1a: Mandibuzz|move: Roost
|move|p2a: Ferrothorn|Leech Seed|p1a: Mandibuzz|[miss]
|-miss|p2a: Ferrothorn|p1a: Mandibuzz
|
|upkeep
|turn|33
|inactive|sucker for oli has 120 seconds left.
|
|move|p1a: Mandibuzz|Defog|p2a: Ferrothorn
|-unboost|p2a: Ferrothorn|evasion|1
|-sideend|p2: nithnith|Toxic Spikes|[from] move: Defog|[of] p1a: Mandibuzz
|-sideend|p1: sucker for oli|Stealth Rock|[from] move: Defog|[of] p1a: Mandibuzz
|move|p2a: Ferrothorn|Leech Seed|p1a: Mandibuzz
|-start|p1a: Mandibuzz|move: Leech Seed
|
|-damage|p1a: Mandibuzz|75/100|[from] Leech Seed|[of] p2a: Ferrothorn
|-heal|p2a: Ferrothorn|100/100|[silent]
|upkeep
|turn|34
|
|switch|p1a: Corviknight|Corviknight, M|82/100
|-ability|p1a: Corviknight|Pressure
|move|p2a: Ferrothorn|Stealth Rock|p1a: Corviknight
|-sidestart|p1: sucker for oli|move: Stealth Rock
|
|-heal|p1a: Corviknight|88/100|[from] item: Leftovers
|upkeep
|turn|35
|
|switch|p2a: Corsola|Corsola-Galar, M|82/100
|move|p1a: Corviknight|Substitute|p1a: Corviknight
|-start|p1a: Corviknight|Substitute
|-damage|p1a: Corviknight|63/100
|
|-heal|p1a: Corviknight|69/100|[from] item: Leftovers
|upkeep
|turn|36
|
|move|p1a: Corviknight|Bulk Up|p1a: Corviknight
|-boost|p1a: Corviknight|atk|1
|-boost|p1a: Corviknight|def|1
|move|p2a: Corsola|Haze|p2a: Corsola
|-clearallboost
|
|-heal|p1a: Corviknight|75/100|[from] item: Leftovers
|upkeep
|turn|37
|
|move|p1a: Corviknight|Brave Bird|p2a: Corsola
|-damage|p2a: Corsola|63/100
|-damage|p1a: Corviknight|70/100|[from] Recoil
|move|p2a: Corsola|Night Shade|p1a: Corviknight
|-end|p1a: Corviknight|Substitute
|
|-heal|p1a: Corviknight|77/100|[from] item: Leftovers
|upkeep
|turn|38
|
|switch|p1a: Toxapex|Toxapex, F, shiny|100/100
|-damage|p1a: Toxapex|88/100|[from] Stealth Rock
|move|p2a: Corsola|Night Shade|p1a: Toxapex
|-damage|p1a: Toxapex|55/100
|
|upkeep
|turn|39
|
|switch|p2a: Reuniclus|Reuniclus, F|100/100 psn
|move|p1a: Toxapex|Recover|p1a: Toxapex
|-heal|p1a: Toxapex|100/100
|
|upkeep
|turn|40
|
|switch|p1a: Mandibuzz|Mandibuzz, F, shiny|75/100
|move|p2a: Reuniclus|Psychic|p1a: Mandibuzz
|-immune|p1a: Mandibuzz
|
|upkeep
|turn|41
|
|switch|p2a: Ferrothorn|Ferrothorn, M|100/100
|move|p1a: Mandibuzz|Knock Off|p2a: Ferrothorn
|-damage|p2a: Ferrothorn|91/100
|-damage|p1a: Mandibuzz|63/100|[from] ability: Iron Barbs|[of] p2a: Ferrothorn
|
|upkeep
|turn|42
|
|move|p1a: Mandibuzz|Roost|p1a: Mandibuzz
|-heal|p1a: Mandibuzz|100/100
|-singleturn|p1a: Mandibuzz|move: Roost
|move|p2a: Ferrothorn|Leech Seed|p1a: Mandibuzz
|-start|p1a: Mandibuzz|move: Leech Seed
|
|-damage|p1a: Mandibuzz|88/100|[from] Leech Seed|[of] p2a: Ferrothorn
|-heal|p2a: Ferrothorn|100/100|[silent]
|upkeep
|turn|43
|
|move|p1a: Mandibuzz|Defog|p2a: Ferrothorn
|-unboost|p2a: Ferrothorn|evasion|1
|-sideend|p1: sucker for oli|Stealth Rock|[from] move: Defog|[of] p1a: Mandibuzz
|move|p2a: Ferrothorn|Seed Bomb|p1a: Mandibuzz
|-resisted|p1a: Mandibuzz
|-damage|p1a: Mandibuzz|77/100
|
|-damage|p1a: Mandibuzz|65/100|[from] Leech Seed|[of] p2a: Ferrothorn
|upkeep
|turn|44
|
|switch|p1a: Toxtricity|Toxtricity-Low-Key, F|74/100
|move|p2a: Ferrothorn|Stealth Rock|p1a: Toxtricity
|-sidestart|p1: sucker for oli|move: Stealth Rock
|
|upkeep
|turn|45
|
|switch|p1a: Mandibuzz|Mandibuzz, F, shiny|65/100
|switch|p2a: Centiskorch|Centiskorch, F|88/100 slp
|
|upkeep
|turn|46
|
|switch|p2a: Ferrothorn|Ferrothorn, M|100/100
|move|p1a: Mandibuzz|Roost|p1a: Mandibuzz
|-heal|p1a: Mandibuzz|100/100
|-singleturn|p1a: Mandibuzz|move: Roost
|
|upkeep
|turn|47
|
|move|p1a: Mandibuzz|Defog|p2a: Ferrothorn
|-unboost|p2a: Ferrothorn|evasion|1
|-sideend|p1: sucker for oli|Stealth Rock|[from] move: Defog|[of] p1a: Mandibuzz
|move|p2a: Ferrothorn|Stealth Rock|p1a: Mandibuzz
|-sidestart|p1: sucker for oli|move: Stealth Rock
|
|upkeep
|turn|48
|
|switch|p1a: Toxapex|Toxapex, F, shiny|100/100
|-damage|p1a: Toxapex|88/100|[from] Stealth Rock
|move|p2a: Ferrothorn|Leech Seed|p1a: Toxapex
|-start|p1a: Toxapex|move: Leech Seed
|
|-damage|p1a: Toxapex|76/100|[from] Leech Seed|[of] p2a: Ferrothorn
|upkeep
|turn|49
|inactive|nithnith has 120 seconds left.
|
|switch|p1a: Mandibuzz|Mandibuzz, F, shiny|100/100
|switch|p2a: Reuniclus|Reuniclus, F|100/100 psn
|
|upkeep
|turn|50
|
|switch|p2a: Ferrothorn|Ferrothorn, M|100/100
|move|p1a: Mandibuzz|Defog|p2a: Ferrothorn
|-unboost|p2a: Ferrothorn|evasion|1
|-sideend|p1: sucker for oli|Stealth Rock|[from] move: Defog|[of] p1a: Mandibuzz
|
|upkeep
|turn|51
|
|switch|p1a: Toxapex|Toxapex, F, shiny|100/100
|move|p2a: Ferrothorn|Leech Seed|p1a: Toxapex
|-start|p1a: Toxapex|move: Leech Seed
|
|-damage|p1a: Toxapex|88/100|[from] Leech Seed|[of] p2a: Ferrothorn
|upkeep
|turn|52
|
|move|p1a: Toxapex|Toxic Spikes|p2a: Ferrothorn
|-sidestart|p2: nithnith|move: Toxic Spikes
|move|p2a: Ferrothorn|Stealth Rock|p1a: Toxapex
|-sidestart|p1: sucker for oli|move: Stealth Rock
|
|-damage|p1a: Toxapex|76/100|[from] Leech Seed|[of] p2a: Ferrothorn
|upkeep
|turn|53
|
|move|p1a: Toxapex|Toxic Spikes|p2a: Ferrothorn
|-sidestart|p2: nithnith|move: Toxic Spikes
|move|p2a: Ferrothorn|Seed Bomb|p1a: Toxapex
|-damage|p1a: Toxapex|61/100
|
|-damage|p1a: Toxapex|48/100|[from] Leech Seed|[of] p2a: Ferrothorn
|upkeep
|turn|54
|
|switch|p1a: Mandibuzz|Mandibuzz, F, shiny|100/100
|move|p2a: Ferrothorn|Seed Bomb|p1a: Mandibuzz
|-resisted|p1a: Mandibuzz
|-damage|p1a: Mandibuzz|90/100
|
|upkeep
|turn|55
|
|move|p1a: Mandibuzz|U-turn|p2a: Ferrothorn
|-damage|p2a: Ferrothorn|93/100
|-damage|p1a: Mandibuzz|77/100|[from] ability: Iron Barbs|[of] p2a: Ferrothorn
|
|switch|p1a: Ferrothorn|Ferrothorn, F, shiny|100/100|[from]move: U-turn
|-damage|p1a: Ferrothorn|94/100|[from] Stealth Rock
|move|p2a: Ferrothorn|Leech Seed|p1a: Ferrothorn
|-immune|p1a: Ferrothorn
|
|-heal|p1a: Ferrothorn|100/100|[from] item: Leftovers
|upkeep
|turn|56
|
|switch|p2a: Centiskorch|Centiskorch, F|88/100 slp
|move|p1a: Ferrothorn|Stealth Rock|p2a: Centiskorch
|-sidestart|p2: nithnith|move: Stealth Rock
|
|upkeep
|turn|57
|
|move|p1a: Ferrothorn|Protect|p1a: Ferrothorn
|-singleturn|p1a: Ferrothorn|Protect
|cant|p2a: Centiskorch|slp
|move|p2a: Centiskorch|Sleep Talk|p2a: Centiskorch
|move|p2a: Centiskorch|Fire Lash|p1a: Ferrothorn|[from]Sleep Talk
|-activate|p1a: Ferrothorn|move: Protect
|
|upkeep
|turn|58
|
|switch|p1a: Toxapex|Toxapex, F, shiny|81/100
|-damage|p1a: Toxapex|69/100|[from] Stealth Rock
|cant|p2a: Centiskorch|slp
|move|p2a: Centiskorch|Sleep Talk|p2a: Centiskorch
|move|p2a: Centiskorch|Fire Lash|p1a: Toxapex|[from]Sleep Talk
|-resisted|p1a: Toxapex
|-damage|p1a: Toxapex|60/100
|-unboost|p1a: Toxapex|def|1
|
|upkeep
|turn|59
|
|switch|p2a: Reuniclus|Reuniclus, F|100/100 psn
|move|p1a: Toxapex|Recover|p1a: Toxapex
|-heal|p1a: Toxapex|100/100
|
|upkeep
|turn|60
|
|switch|p1a: Mandibuzz|Mandibuzz, F, shiny|77/100
|move|p2a: Reuniclus|Thunder|p1a: Mandibuzz
|-supereffective|p1a: Mandibuzz
|-damage|p1a: Mandibuzz|29/100
|
|upkeep
|turn|61
|
|move|p1a: Mandibuzz|Roost|p1a: Mandibuzz
|-heal|p1a: Mandibuzz|79/100
|-singleturn|p1a: Mandibuzz|move: Roost
|move|p2a: Reuniclus|Calm Mind|p2a: Reuniclus
|-boost|p2a: Reuniclus|spa|1
|-boost|p2a: Reuniclus|spd|1
|
|upkeep
|turn|62
|
|switch|p2a: Ferrothorn|Ferrothorn, M|93/100
|-damage|p2a: Ferrothorn|87/100|[from] Stealth Rock
|move|p1a: Mandibuzz|Knock Off|p2a: Ferrothorn
|-damage|p2a: Ferrothorn|78/100
|-damage|p1a: Mandibuzz|67/100|[from] ability: Iron Barbs|[of] p2a: Ferrothorn
|
|upkeep
|turn|63
|
|move|p1a: Mandibuzz|Roost|p1a: Mandibuzz
|-heal|p1a: Mandibuzz|100/100
|-singleturn|p1a: Mandibuzz|move: Roost
|move|p2a: Ferrothorn|Leech Seed|p1a: Mandibuzz
|-start|p1a: Mandibuzz|move: Leech Seed
|
|-damage|p1a: Mandibuzz|88/100|[from] Leech Seed|[of] p2a: Ferrothorn
|-heal|p2a: Ferrothorn|93/100|[silent]
|upkeep
|turn|64
|
|switch|p1a: Corviknight|Corviknight, M|77/100
|-damage|p1a: Corviknight|64/100|[from] Stealth Rock
|-ability|p1a: Corviknight|Pressure
|move|p2a: Ferrothorn|Seed Bomb|p1a: Corviknight
|-resisted|p1a: Corviknight
|-damage|p1a: Corviknight|59/100
|
|-heal|p1a: Corviknight|65/100|[from] item: Leftovers
|upkeep
|turn|65
|
|move|p1a: Corviknight|Roost|p1a: Corviknight
|-heal|p1a: Corviknight|100/100
|-singleturn|p1a: Corviknight|move: Roost
|move|p2a: Ferrothorn|Seed Bomb|p1a: Corviknight
|-resisted|p1a: Corviknight
|-damage|p1a: Corviknight|89/100
|
|-heal|p1a: Corviknight|96/100|[from] item: Leftovers
|upkeep
|turn|66
|
|move|p1a: Corviknight|Substitute|p1a: Corviknight
|-start|p1a: Corviknight|Substitute
|-damage|p1a: Corviknight|71/100
|move|p2a: Ferrothorn|Leech Seed||[still]
|-fail|p2a: Ferrothorn
|
|-heal|p1a: Corviknight|77/100|[from] item: Leftovers
|upkeep
|turn|67
|
|switch|p2a: Rotom|Rotom-Mow|38/100
|-damage|p2a: Rotom|26/100|[from] Stealth Rock
|move|p1a: Corviknight|Bulk Up|p1a: Corviknight
|-boost|p1a: Corviknight|atk|1
|-boost|p1a: Corviknight|def|1
|
|-heal|p1a: Corviknight|83/100|[from] item: Leftovers
|upkeep
|turn|68
|
|move|p2a: Rotom|Discharge|p1a: Corviknight
|-supereffective|p1a: Corviknight
|-end|p1a: Corviknight|Substitute
|move|p1a: Corviknight|Brave Bird|p2a: Rotom
|-damage|p2a: Rotom|0 fnt
|-damage|p1a: Corviknight|78/100|[from] Recoil
|faint|p2a: Rotom
|
|-heal|p1a: Corviknight|84/100|[from] item: Leftovers
|upkeep
|
|switch|p2a: Reuniclus|Reuniclus, F|100/100 psn
|turn|69
|
|move|p1a: Corviknight|Substitute|p1a: Corviknight
|-start|p1a: Corviknight|Substitute
|-damage|p1a: Corviknight|59/100
|move|p2a: Reuniclus|Thunder|p1a: Corviknight
|-supereffective|p1a: Corviknight
|-end|p1a: Corviknight|Substitute
|
|-heal|p1a: Corviknight|66/100|[from] item: Leftovers
|upkeep
|turn|70
|
|move|p1a: Corviknight|Roost|p1a: Corviknight
|-heal|p1a: Corviknight|100/100
|-singleturn|p1a: Corviknight|move: Roost
|move|p2a: Reuniclus|Thunder|p1a: Corviknight|[miss]
|-miss|p2a: Reuniclus|p1a: Corviknight
|
|upkeep
|turn|71
|
|move|p1a: Corviknight|Substitute|p1a: Corviknight
|-start|p1a: Corviknight|Substitute
|-damage|p1a: Corviknight|75/100
|move|p2a: Reuniclus|Calm Mind|p2a: Reuniclus
|-boost|p2a: Reuniclus|spa|1
|-boost|p2a: Reuniclus|spd|1
|
|-heal|p1a: Corviknight|82/100|[from] item: Leftovers
|upkeep
|turn|72
|
|move|p1a: Corviknight|Brave Bird|p2a: Reuniclus
|-damage|p2a: Reuniclus|45/100 psn
|-damage|p1a: Corviknight|62/100|[from] Recoil
|move|p2a: Reuniclus|Thunder|p1a: Corviknight|[miss]
|-miss|p2a: Reuniclus|p1a: Corviknight
|
|-heal|p1a: Corviknight|68/100|[from] item: Leftovers
|-heal|p2a: Reuniclus|51/100 psn|[from] item: Leftovers
|upkeep
|turn|73
|
|move|p1a: Corviknight|Brave Bird|p2a: Reuniclus
|-damage|p2a: Reuniclus|0 fnt
|-damage|p1a: Corviknight|51/100|[from] Recoil
|faint|p2a: Reuniclus
|
|-heal|p1a: Corviknight|57/100|[from] item: Leftovers
|upkeep
|-message|nithnith forfeited.
|
|win|sucker for oli
|l|☆nithnith
|raw|sucker for oli's rating: 1275 → 1299(+24 for winning)
|raw|nithnith's rating: 1264 → 1240(-24 for losing)
