|ScrapeTime|2020-01-02-23:19:06
|j|☆coeurrempliremords
|j|☆T3rryc
|inactive|Battle timer is ON: inactive players will automatically lose when time's up.
|player|p1|coeurrempliremords|shadowtriad|
|player|p2|T3rryc|200|
|teamsize|p1|6
|teamsize|p2|6
|gametype|singles
|gen|8
|tier|[Gen 8] OU
|rated|Tournament battle
|rule|Sleep Clause Mod: Limit one foe put to sleep
|rule|Species Clause: Limit one of each Pokémon
|rule|OHKO Clause: OHKO moves are banned
|rule|Evasion Moves Clause: Evasion moves are banned
|rule|Endless Battle Clause: Forcing endless battles is banned
|rule|HP Percentage Mod: HP is shown in percentages
|clearpoke
|poke|p1|Hitmontop, M|
|poke|p1|Clefable, F|
|poke|p1|Heliolisk, M|
|poke|p1|Centiskorch, M|
|poke|p1|Corviknight, M|
|poke|p1|Dracovish|
|poke|p2|Ferrothorn, M|
|poke|p2|Bisharp, M|
|poke|p2|Toxapex, F|
|poke|p2|Corsola-Galar, F|
|poke|p2|Dragapult, M|
|poke|p2|Rotom-Heat|
|rule|Dynamax Clause: You cannot dynamax
|teampreview
|inactive|coeurrempliremords has 120 seconds left.
|
|start
|switch|p1a: Centiskorch|Centiskorch, M|100/100
|switch|p2a: Rotom|Rotom-Heat|100/100
|turn|1
|
|move|p2a: Rotom|Trick|p1a: Centiskorch
|-activate|p2a: Rotom|move: Trick|[of] p1a: Centiskorch
|-item|p1a: Centiskorch|Choice Scarf|[from] move: Trick
|-item|p2a: Rotom|Heavy-Duty Boots|[from] move: Trick
|move|p1a: Centiskorch|Knock Off|p2a: Rotom
|-damage|p2a: Rotom|68/100
|-enditem|p2a: Rotom|Heavy-Duty Boots|[from] move: Knock Off|[of] p1a: Centiskorch
|
|upkeep
|turn|2
|
|move|p2a: Rotom|Thunderbolt|p1a: Centiskorch
|-damage|p1a: Centiskorch|75/100
|move|p1a: Centiskorch|Knock Off|p2a: Rotom
|-crit|p2a: Rotom
|-damage|p2a: Rotom|32/100
|
|upkeep
|turn|3
|j| Batataplays
|
|move|p2a: Rotom|Thunderbolt|p1a: Centiskorch
|-damage|p1a: Centiskorch|47/100
|move|p1a: Centiskorch|Knock Off|p2a: Rotom
|-damage|p2a: Rotom|10/100
|
|upkeep
|turn|4
|
|move|p2a: Rotom|Thunderbolt|p1a: Centiskorch
|-damage|p1a: Centiskorch|19/100
|move|p1a: Centiskorch|Knock Off|p2a: Rotom
|-damage|p2a: Rotom|0 fnt
|faint|p2a: Rotom
|
|upkeep
|
|switch|p2a: Dragapult|Dragapult, M|100/100
|turn|5
|
|move|p2a: Dragapult|Shadow Ball|p1a: Centiskorch
|-damage|p1a: Centiskorch|0 fnt
|faint|p1a: Centiskorch
|
|upkeep
|
|switch|p1a: Clefable|Clefable, F|100/100
|turn|6
|
|switch|p2a: Toxapex|Toxapex, F|100/100
|move|p1a: Clefable|Stealth Rock|p2a: Toxapex
|-sidestart|p2: T3rryc|move: Stealth Rock
|
|upkeep
|turn|7
|
|switch|p1a: Corviknight|Corviknight, M|100/100
|-ability|p1a: Corviknight|Pressure
|move|p2a: Toxapex|Toxic Spikes|p1a: Corviknight
|-sidestart|p1: coeurrempliremords|move: Toxic Spikes
|
|upkeep
|turn|8
|
|move|p1a: Corviknight|Defog|p2a: Toxapex
|-unboost|p2a: Toxapex|evasion|1
|-sideend|p2: T3rryc|Stealth Rock|[from] move: Defog|[of] p1a: Corviknight
|-sideend|p1: coeurrempliremords|Toxic Spikes|[from] move: Defog|[of] p1a: Corviknight
|move|p2a: Toxapex|Scald|p1a: Corviknight
|-damage|p1a: Corviknight|85/100
|
|-heal|p1a: Corviknight|91/100|[from] item: Leftovers
|upkeep
|turn|9
|
|move|p1a: Corviknight|U-turn|p2a: Toxapex
|-resisted|p2a: Toxapex
|-damage|p2a: Toxapex|95/100
|
|switch|p1a: Heliolisk|Heliolisk, M|100/100|[from]move: U-turn
|move|p2a: Toxapex|Toxic Spikes|p1a: Heliolisk
|-sidestart|p1: coeurrempliremords|move: Toxic Spikes
|
|-heal|p2a: Toxapex|100/100|[from] item: Black Sludge
|upkeep
|turn|10
|
|switch|p2a: Ferrothorn|Ferrothorn, M|100/100
|move|p1a: Heliolisk|Thunderbolt|p2a: Ferrothorn
|-resisted|p2a: Ferrothorn
|-damage|p2a: Ferrothorn|83/100
|-status|p2a: Ferrothorn|par
|-damage|p1a: Heliolisk|91/100|[from] item: Life Orb
|
|-heal|p2a: Ferrothorn|89/100 par|[from] item: Leftovers
|upkeep
|turn|11
|
|move|p1a: Heliolisk|Focus Blast|p2a: Ferrothorn
|-supereffective|p2a: Ferrothorn
|-damage|p2a: Ferrothorn|29/100 par
|-damage|p1a: Heliolisk|81/100|[from] item: Life Orb
|move|p2a: Ferrothorn|Leech Seed|p1a: Heliolisk
|-start|p1a: Heliolisk|move: Leech Seed
|
|-heal|p2a: Ferrothorn|35/100 par|[from] item: Leftovers
|-damage|p1a: Heliolisk|68/100|[from] Leech Seed|[of] p2a: Ferrothorn
|-heal|p2a: Ferrothorn|45/100 par|[silent]
|upkeep
|turn|12
|
|switch|p1a: Corviknight|Corviknight, M|91/100
|-ability|p1a: Corviknight|Pressure
|move|p2a: Ferrothorn|Protect||[still]
|-fail|p2a: Ferrothorn
|
|-heal|p1a: Corviknight|97/100|[from] item: Leftovers
|-heal|p2a: Ferrothorn|51/100 par|[from] item: Leftovers
|upkeep
|turn|13
|j| dktz
|
|move|p1a: Corviknight|Body Press|p2a: Ferrothorn
|-supereffective|p2a: Ferrothorn
|-damage|p2a: Ferrothorn|13/100 par
|-damage|p1a: Corviknight|85/100|[from] ability: Iron Barbs|[of] p2a: Ferrothorn
|move|p2a: Ferrothorn|Leech Seed|p1a: Corviknight
|-start|p1a: Corviknight|move: Leech Seed
|
|-heal|p1a: Corviknight|91/100|[from] item: Leftovers
|-heal|p2a: Ferrothorn|20/100 par|[from] item: Leftovers
|-damage|p1a: Corviknight|79/100|[from] Leech Seed|[of] p2a: Ferrothorn
|-heal|p2a: Ferrothorn|33/100 par|[silent]
|upkeep
|turn|14
|
|switch|p1a: Clefable|Clefable, F|100/100
|-status|p1a: Clefable|psn
|switch|p2a: Dragapult|Dragapult, M|100/100
|
|upkeep
|turn|15
|l| Batataplays
|
|move|p2a: Dragapult|U-turn|p1a: Clefable
|-resisted|p1a: Clefable
|-damage|p1a: Clefable|91/100 psn
|
|switch|p2a: Ferrothorn|Ferrothorn, M|33/100 par|[from]move: U-turn
|move|p1a: Clefable|Moonblast|p2a: Ferrothorn
|-resisted|p2a: Ferrothorn
|-damage|p2a: Ferrothorn|24/100 par
|-unboost|p2a: Ferrothorn|spa|1
|
|-heal|p1a: Clefable|97/100 psn|[from] item: Leftovers
|-heal|p2a: Ferrothorn|30/100 par|[from] item: Leftovers
|upkeep
|turn|16
|
|switch|p1a: Corviknight|Corviknight, M|79/100
|-ability|p1a: Corviknight|Pressure
|move|p2a: Ferrothorn|Spikes|p1a: Corviknight
|-sidestart|p1: coeurrempliremords|Spikes
|
|-heal|p1a: Corviknight|85/100|[from] item: Leftovers
|-heal|p2a: Ferrothorn|37/100 par|[from] item: Leftovers
|upkeep
|turn|17
|
|move|p1a: Corviknight|Defog|p2a: Ferrothorn
|-unboost|p2a: Ferrothorn|evasion|1
|-sideend|p1: coeurrempliremords|Spikes|[from] move: Defog|[of] p1a: Corviknight
|-sideend|p1: coeurrempliremords|Toxic Spikes|[from] move: Defog|[of] p1a: Corviknight
|move|p2a: Ferrothorn|Leech Seed|p1a: Corviknight|[miss]
|-miss|p2a: Ferrothorn|p1a: Corviknight
|
|-heal|p1a: Corviknight|91/100|[from] item: Leftovers
|-heal|p2a: Ferrothorn|43/100 par|[from] item: Leftovers
|upkeep
|turn|18
|
|move|p1a: Corviknight|Body Press|p2a: Ferrothorn
|-supereffective|p2a: Ferrothorn
|-damage|p2a: Ferrothorn|0 fnt
|-damage|p1a: Corviknight|79/100|[from] ability: Iron Barbs|[of] p2a: Ferrothorn
|faint|p2a: Ferrothorn
|
|-heal|p1a: Corviknight|85/100|[from] item: Leftovers
|upkeep
|
|switch|p2a: Dragapult|Dragapult, M|100/100
|turn|19
|
|switch|p1a: Clefable|Clefable, F|97/100 psn
|move|p2a: Dragapult|Fire Blast|p1a: Clefable
|-damage|p1a: Clefable|64/100 psn
|
|-heal|p1a: Clefable|71/100 psn|[from] item: Leftovers
|upkeep
|turn|20
|
|switch|p2a: Toxapex|Toxapex, F|100/100
|move|p1a: Clefable|Stealth Rock|p2a: Toxapex
|-sidestart|p2: T3rryc|move: Stealth Rock
|
|-heal|p1a: Clefable|77/100 psn|[from] item: Leftovers
|upkeep
|turn|21
|
|switch|p1a: Heliolisk|Heliolisk, M|68/100
|move|p2a: Toxapex|Toxic Spikes|p1a: Heliolisk
|-sidestart|p1: coeurrempliremords|move: Toxic Spikes
|
|upkeep
|turn|22
|
|switch|p2a: Corsola|Corsola-Galar, F|100/100
|-damage|p2a: Corsola|88/100|[from] Stealth Rock
|move|p1a: Heliolisk|Thunderbolt|p2a: Corsola
|-damage|p2a: Corsola|52/100
|-damage|p1a: Heliolisk|59/100|[from] item: Life Orb
|
|upkeep
|turn|23
|
|switch|p1a: Clefable|Clefable, F|77/100 psn
|move|p2a: Corsola|Strength Sap|p1a: Clefable
|-unboost|p1a: Clefable|atk|1
|-heal|p2a: Corsola|92/100
|
|-heal|p1a: Clefable|83/100 psn|[from] item: Leftovers
|upkeep
|turn|24
|
|move|p1a: Clefable|Moonblast|p2a: Corsola
|-damage|p2a: Corsola|71/100
|-start|p1a: Clefable|Disable|Moonblast|[from] ability: Cursed Body|[of] p2a: Corsola
|-unboost|p2a: Corsola|spa|1
|move|p2a: Corsola|Stealth Rock|p1a: Clefable
|-sidestart|p1: coeurrempliremords|move: Stealth Rock
|
|-heal|p1a: Clefable|89/100 psn|[from] item: Leftovers
|upkeep
|turn|25
|
|switch|p1a: Corviknight|Corviknight, M|85/100
|-damage|p1a: Corviknight|72/100|[from] Stealth Rock
|-ability|p1a: Corviknight|Pressure
|move|p2a: Corsola|Will-O-Wisp|p1a: Corviknight
|-status|p1a: Corviknight|brn
|
|-heal|p1a: Corviknight|78/100 brn|[from] item: Leftovers
|-damage|p1a: Corviknight|72/100 brn|[from] brn
|upkeep
|turn|26
|
|switch|p2a: Bisharp|Bisharp, M, shiny|100/100
|-damage|p2a: Bisharp|95/100|[from] Stealth Rock
|move|p1a: Corviknight|Defog|p2a: Bisharp
|-unboost|p2a: Bisharp|evasion|1
|-ability|p2a: Bisharp|Defiant
|-boost|p2a: Bisharp|atk|2
|-sideend|p2: T3rryc|Stealth Rock|[from] move: Defog|[of] p1a: Corviknight
|-sideend|p1: coeurrempliremords|Toxic Spikes|[from] move: Defog|[of] p1a: Corviknight
|-sideend|p1: coeurrempliremords|Stealth Rock|[from] move: Defog|[of] p1a: Corviknight
|
|-heal|p1a: Corviknight|78/100 brn|[from] item: Leftovers
|-damage|p1a: Corviknight|72/100 brn|[from] brn
|upkeep
|turn|27
|
|move|p2a: Bisharp|Throat Chop|p1a: Corviknight
|-damage|p1a: Corviknight|4/100 brn
|-start|p1a: Corviknight|Throat Chop|[silent]
|-damage|p2a: Bisharp|85/100|[from] item: Life Orb
|move|p1a: Corviknight|Body Press|p2a: Bisharp
|-supereffective|p2a: Bisharp
|-damage|p2a: Bisharp|23/100
|
|-heal|p1a: Corviknight|10/100 brn|[from] item: Leftovers
|-damage|p1a: Corviknight|4/100 brn|[from] brn
|upkeep
|turn|28
|
|move|p2a: Bisharp|Throat Chop|p1a: Corviknight
|-damage|p1a: Corviknight|0 fnt
|-damage|p2a: Bisharp|13/100|[from] item: Life Orb
|faint|p1a: Corviknight
|
|upkeep
|
|switch|p1a: Hitmontop|Hitmontop, M|100/100
|-ability|p1a: Hitmontop|Intimidate|boost
|-unboost|p2a: Bisharp|atk|1
|-ability|p2a: Bisharp|Defiant
|-boost|p2a: Bisharp|atk|2
|turn|29
|
|switch|p2a: Corsola|Corsola-Galar, F|71/100
|move|p1a: Hitmontop|Mach Punch|p2a: Corsola
|-immune|p2a: Corsola
|
|upkeep
|turn|30
|
|switch|p1a: Clefable|Clefable, F|89/100 psn
|move|p2a: Corsola|Stealth Rock|p1a: Clefable
|-sidestart|p1: coeurrempliremords|move: Stealth Rock
|
|-heal|p1a: Clefable|95/100 psn|[from] item: Leftovers
|upkeep
|turn|31
|
|switch|p2a: Toxapex|Toxapex, F|100/100
|move|p1a: Clefable|Stealth Rock|p2a: Toxapex
|-sidestart|p2: T3rryc|move: Stealth Rock
|
|-heal|p1a: Clefable|100/100 psn|[from] item: Leftovers
|upkeep
|turn|32
|
|switch|p1a: Heliolisk|Heliolisk, M|59/100
|-damage|p1a: Heliolisk|46/100|[from] Stealth Rock
|move|p2a: Toxapex|Toxic Spikes|p1a: Heliolisk
|-sidestart|p1: coeurrempliremords|move: Toxic Spikes
|
|upkeep
|turn|33
|
|move|p1a: Heliolisk|Thunderbolt|p2a: Toxapex
|-supereffective|p2a: Toxapex
|-damage|p2a: Toxapex|38/100
|-status|p2a: Toxapex|par
|-damage|p1a: Heliolisk|36/100|[from] item: Life Orb
|move|p2a: Toxapex|Recover|p2a: Toxapex
|-heal|p2a: Toxapex|88/100 par
|
|-heal|p2a: Toxapex|94/100 par|[from] item: Black Sludge
|upkeep
|turn|34
|
|switch|p2a: Dragapult|Dragapult, M|100/100
|-damage|p2a: Dragapult|88/100|[from] Stealth Rock
|move|p1a: Heliolisk|Thunderbolt|p2a: Dragapult
|-resisted|p2a: Dragapult
|-damage|p2a: Dragapult|53/100
|-damage|p1a: Heliolisk|27/100|[from] item: Life Orb
|
|upkeep
|turn|35
|
|switch|p1a: Clefable|Clefable, F|100/100 psn
|move|p2a: Dragapult|U-turn|p1a: Clefable
|-resisted|p1a: Clefable
|-damage|p1a: Clefable|91/100 psn
|
|switch|p2a: Bisharp|Bisharp, M, shiny|13/100|[from]move: U-turn
|-damage|p2a: Bisharp|8/100|[from] Stealth Rock
|
|-heal|p1a: Clefable|97/100 psn|[from] item: Leftovers
|upkeep
|turn|36
|j| price1111
|
|switch|p1a: Hitmontop|Hitmontop, M|100/100
|-damage|p1a: Hitmontop|94/100|[from] Stealth Rock
|-status|p1a: Hitmontop|psn
|-ability|p1a: Hitmontop|Intimidate|boost
|-unboost|p2a: Bisharp|atk|1
|-ability|p2a: Bisharp|Defiant
|-boost|p2a: Bisharp|atk|2
|move|p2a: Bisharp|Iron Head|p1a: Hitmontop
|-damage|p1a: Hitmontop|23/100 psn
|-damage|p2a: Bisharp|0 fnt|[from] item: Life Orb
|faint|p2a: Bisharp
|
|-heal|p1a: Hitmontop|29/100 psn|[from] item: Leftovers
|-damage|p1a: Hitmontop|17/100 psn|[from] psn
|upkeep
|
|switch|p2a: Corsola|Corsola-Galar, F|71/100
|-damage|p2a: Corsola|59/100|[from] Stealth Rock
|turn|37
|
|switch|p1a: Clefable|Clefable, F|97/100 psn
|move|p2a: Corsola|Strength Sap|p1a: Clefable
|-unboost|p1a: Clefable|atk|1
|-heal|p2a: Corsola|99/100
|
|-heal|p1a: Clefable|100/100 psn|[from] item: Leftovers
|upkeep
|turn|38
|inactive|coeurrempliremords has 120 seconds left.
|
|switch|p2a: Toxapex|Toxapex, F|100/100 par
|-damage|p2a: Toxapex|88/100 par|[from] Stealth Rock
|move|p1a: Clefable|Wish|p1a: Clefable
|
|-heal|p2a: Toxapex|94/100 par|[from] item: Black Sludge
|upkeep
|turn|39
|
|switch|p1a: Heliolisk|Heliolisk, M|27/100
|-damage|p1a: Heliolisk|14/100|[from] Stealth Rock
|-status|p1a: Heliolisk|psn
|switch|p2a: Dragapult|Dragapult, M|53/100
|-damage|p2a: Dragapult|41/100|[from] Stealth Rock
|
|-heal|p1a: Heliolisk|88/100 psn|[from] move: Wish|[wisher] Clefable
|-damage|p1a: Heliolisk|76/100 psn|[from] psn
|upkeep
|turn|40
|
|switch|p1a: Clefable|Clefable, F|100/100 psn
|move|p2a: Dragapult|Draco Meteor|p1a: Clefable
|-immune|p1a: Clefable
|
|upkeep
|turn|41
|
|switch|p2a: Toxapex|Toxapex, F|100/100 par
|-damage|p2a: Toxapex|88/100 par|[from] Stealth Rock
|switch|p1a: Heliolisk|Heliolisk, M|76/100 psn
|-damage|p1a: Heliolisk|64/100 psn|[from] Stealth Rock
|
|-heal|p2a: Toxapex|94/100 par|[from] item: Black Sludge
|-damage|p1a: Heliolisk|51/100 psn|[from] psn
|upkeep
|turn|42
|
|move|p1a: Heliolisk|Thunderbolt|p2a: Toxapex
|-supereffective|p2a: Toxapex
|-damage|p2a: Toxapex|27/100 par
|-damage|p1a: Heliolisk|41/100 psn|[from] item: Life Orb
|move|p2a: Toxapex|Recover|p2a: Toxapex
|-heal|p2a: Toxapex|77/100 par
|
|-heal|p2a: Toxapex|84/100 par|[from] item: Black Sludge
|-damage|p1a: Heliolisk|29/100 psn|[from] psn
|upkeep
|turn|43
|
|switch|p1a: Clefable|Clefable, F|100/100 psn
|switch|p2a: Corsola|Corsola-Galar, F|99/100
|-damage|p2a: Corsola|87/100|[from] Stealth Rock
|
|upkeep
|turn|44
|
|move|p1a: Clefable|Moonblast|p2a: Corsola
|-damage|p2a: Corsola|63/100
|-unboost|p2a: Corsola|spa|1
|move|p2a: Corsola|Night Shade|p1a: Clefable
|-damage|p1a: Clefable|75/100 psn
|
|-heal|p1a: Clefable|81/100 psn|[from] item: Leftovers
|upkeep
|turn|45
|
|move|p1a: Clefable|Wish|p1a: Clefable
|move|p2a: Corsola|Strength Sap|p1a: Clefable
|-unboost|p1a: Clefable|atk|1
|-heal|p2a: Corsola|100/100
|
|-heal|p1a: Clefable|87/100 psn|[from] item: Leftovers
|upkeep
|turn|46
|
|switch|p2a: Dragapult|Dragapult, M|41/100
|-damage|p2a: Dragapult|29/100|[from] Stealth Rock
|move|p1a: Clefable|Moonblast|p2a: Dragapult
|-supereffective|p2a: Dragapult
|-damage|p2a: Dragapult|0 fnt
|faint|p2a: Dragapult
|
|-heal|p1a: Clefable|100/100 psn|[from] move: Wish|[wisher] Clefable
|upkeep
|
|switch|p2a: Toxapex|Toxapex, F|100/100 par
|-damage|p2a: Toxapex|88/100 par|[from] Stealth Rock
|turn|47
|
|move|p1a: Clefable|Wish|p1a: Clefable
|move|p2a: Toxapex|Toxic Spikes|p1a: Clefable
|-sidestart|p1: coeurrempliremords|move: Toxic Spikes
|
|-heal|p2a: Toxapex|94/100 par|[from] item: Black Sludge
|upkeep
|turn|48
|
|switch|p1a: Heliolisk|Heliolisk, M|29/100 psn
|-damage|p1a: Heliolisk|16/100 psn|[from] Stealth Rock
|cant|p2a: Toxapex|par
|
|-heal|p1a: Heliolisk|91/100 psn|[from] move: Wish|[wisher] Clefable
|-heal|p2a: Toxapex|100/100 par|[from] item: Black Sludge
|-damage|p1a: Heliolisk|78/100 psn|[from] psn
|upkeep
|turn|49
|j| PaviaRokan
|
|move|p1a: Heliolisk|Thunderbolt|p2a: Toxapex
|-supereffective|p2a: Toxapex
|-damage|p2a: Toxapex|35/100 par
|-damage|p1a: Heliolisk|68/100 psn|[from] item: Life Orb
|cant|p2a: Toxapex|par
|
|-heal|p2a: Toxapex|42/100 par|[from] item: Black Sludge
|-damage|p1a: Heliolisk|56/100 psn|[from] psn
|upkeep
|turn|50
|
|switch|p2a: Corsola|Corsola-Galar, F|100/100
|-damage|p2a: Corsola|88/100|[from] Stealth Rock
|move|p1a: Heliolisk|Thunderbolt|p2a: Corsola
|-damage|p2a: Corsola|50/100
|-status|p2a: Corsola|par
|-damage|p1a: Heliolisk|46/100 psn|[from] item: Life Orb
|
|-damage|p1a: Heliolisk|34/100 psn|[from] psn
|upkeep
|turn|51
|
|move|p1a: Heliolisk|Thunderbolt|p2a: Corsola
|-damage|p2a: Corsola|13/100 par
|-start|p1a: Heliolisk|Disable|Thunderbolt|[from] ability: Cursed Body|[of] p2a: Corsola
|-damage|p1a: Heliolisk|24/100 psn|[from] item: Life Orb
|move|p2a: Corsola|Strength Sap|p1a: Heliolisk
|-unboost|p1a: Heliolisk|atk|1
|-heal|p2a: Corsola|45/100 par
|
|-damage|p1a: Heliolisk|11/100 psn|[from] psn
|upkeep
|turn|52
|j| g1ble
|
|move|p1a: Heliolisk|Grass Knot|p2a: Corsola
|-damage|p2a: Corsola|38/100 par
|-damage|p1a: Heliolisk|2/100 psn|[from] item: Life Orb
|cant|p2a: Corsola|par
|
|-damage|p1a: Heliolisk|0 fnt|[from] psn
|faint|p1a: Heliolisk
|upkeep
|
|switch|p1a: Dracovish|Dracovish|100/100
|-damage|p1a: Dracovish|88/100|[from] Stealth Rock
|-status|p1a: Dracovish|tox
|turn|53
|
|move|p1a: Dracovish|Fishious Rend|p2a: Corsola
|-damage|p2a: Corsola|0 fnt
|-start|p1a: Dracovish|Disable|Fishious Rend|[from] ability: Cursed Body|[of] p2a: Corsola
|faint|p2a: Corsola
|
|-damage|p1a: Dracovish|82/100 tox|[from] psn
|upkeep
|
|switch|p2a: Toxapex|Toxapex, F|75/100 par
|-damage|p2a: Toxapex|62/100 par|[from] Stealth Rock
|turn|54
|
|switch|p1a: Hitmontop|Hitmontop, M|17/100 psn
|-damage|p1a: Hitmontop|11/100 psn|[from] Stealth Rock
|-ability|p1a: Hitmontop|Intimidate|boost
|-unboost|p2a: Toxapex|atk|1
|move|p2a: Toxapex|Recover|p2a: Toxapex
|-heal|p2a: Toxapex|100/100 par
|
|-heal|p1a: Hitmontop|17/100 psn|[from] item: Leftovers
|-damage|p1a: Hitmontop|4/100 psn|[from] psn
|upkeep
|turn|55
|
|move|p1a: Hitmontop|Rapid Spin|p2a: Toxapex
|-damage|p2a: Toxapex|92/100 par
|-sideend|p1: coeurrempliremords|Toxic Spikes|[from] move: Rapid Spin|[of] p1a: Hitmontop
|-sideend|p1: coeurrempliremords|Stealth Rock|[from] move: Rapid Spin|[of] p1a: Hitmontop
|-boost|p1a: Hitmontop|spe|1
|move|p2a: Toxapex|Scald|p1a: Hitmontop
|-crit|p1a: Hitmontop
|-damage|p1a: Hitmontop|0 fnt
|faint|p1a: Hitmontop
|
|-heal|p2a: Toxapex|98/100 par|[from] item: Black Sludge
|upkeep
|
|switch|p1a: Dracovish|Dracovish|82/100 tox
|turn|56
|j| Aquamilk
|
|move|p1a: Dracovish|Psychic Fangs|p2a: Toxapex
|-supereffective|p2a: Toxapex
|-damage|p2a: Toxapex|46/100 par
|move|p2a: Toxapex|Recover|p2a: Toxapex
|-heal|p2a: Toxapex|96/100 par
|
|-heal|p2a: Toxapex|100/100 par|[from] item: Black Sludge
|-damage|p1a: Dracovish|76/100 tox|[from] psn
|upkeep
|turn|57
|
|move|p1a: Dracovish|Psychic Fangs|p2a: Toxapex
|-supereffective|p2a: Toxapex
|-damage|p2a: Toxapex|50/100 par
|cant|p2a: Toxapex|par
|
|-heal|p2a: Toxapex|57/100 par|[from] item: Black Sludge
|-damage|p1a: Dracovish|63/100 tox|[from] psn
|upkeep
|turn|58
|
|move|p1a: Dracovish|Psychic Fangs|p2a: Toxapex
|-supereffective|p2a: Toxapex
|-damage|p2a: Toxapex|6/100 par
|move|p2a: Toxapex|Recover|p2a: Toxapex
|-heal|p2a: Toxapex|56/100 par
|
|-heal|p2a: Toxapex|62/100 par|[from] item: Black Sludge
|-damage|p1a: Dracovish|44/100 tox|[from] psn
|upkeep
|turn|59
|
|move|p1a: Dracovish|Psychic Fangs|p2a: Toxapex
|-supereffective|p2a: Toxapex
|-damage|p2a: Toxapex|6/100 par
|move|p2a: Toxapex|Recover|p2a: Toxapex
|-heal|p2a: Toxapex|56/100 par
|
|-heal|p2a: Toxapex|62/100 par|[from] item: Black Sludge
|-damage|p1a: Dracovish|20/100 tox|[from] psn
|upkeep
|turn|60
|
|switch|p1a: Clefable|Clefable, F|100/100 psn
|cant|p2a: Toxapex|par
|
|-heal|p2a: Toxapex|68/100 par|[from] item: Black Sludge
|upkeep
|turn|61
|
|move|p1a: Clefable|Wish|p1a: Clefable
|move|p2a: Toxapex|Recover|p2a: Toxapex
|-heal|p2a: Toxapex|100/100 par
|
|upkeep
|turn|62
|
|switch|p1a: Dracovish|Dracovish|20/100 tox
|move|p2a: Toxapex|Scald|p1a: Dracovish
|-resisted|p1a: Dracovish
|-damage|p1a: Dracovish|14/100 tox
|
|-heal|p1a: Dracovish|76/100 tox|[from] move: Wish|[wisher] Clefable
|-damage|p1a: Dracovish|69/100 tox|[from] psn
|upkeep
|turn|63
|
|move|p1a: Dracovish|Psychic Fangs|p2a: Toxapex
|-supereffective|p2a: Toxapex
|-damage|p2a: Toxapex|49/100 par
|cant|p2a: Toxapex|par
|
|-heal|p2a: Toxapex|55/100 par|[from] item: Black Sludge
|-damage|p1a: Dracovish|57/100 tox|[from] psn
|upkeep
|turn|64
|
|move|p1a: Dracovish|Psychic Fangs|p2a: Toxapex
|-supereffective|p2a: Toxapex
|-damage|p2a: Toxapex|0 fnt
|faint|p2a: Toxapex
|
|win|coeurrempliremords
|c|☆coeurrempliremords|gg
