|ScrapeTime|2020-01-02-15:36:46
|j|☆Chromosumo
|j|☆OyoannO
|player|p1|Chromosumo|266|1000
|player|p2|OyoannO|265|1042
|teamsize|p1|6
|teamsize|p2|6
|gametype|singles
|gen|8
|tier|[Gen 8] OU
|rated|
|rule|Sleep Clause Mod: Limit one foe put to sleep
|rule|Species Clause: Limit one of each Pokémon
|rule|OHKO Clause: OHKO moves are banned
|rule|Evasion Moves Clause: Evasion moves are banned
|rule|Endless Battle Clause: Forcing endless battles is banned
|rule|HP Percentage Mod: HP is shown in percentages
|clearpoke
|poke|p1|Excadrill, F|
|poke|p1|Toxapex, M|
|poke|p1|Bronzong|
|poke|p1|Weezing-Galar, M|
|poke|p1|Toxtricity, M|
|poke|p1|Reuniclus, M|
|poke|p2|Dracovish|
|poke|p2|Dragapult, F|
|poke|p2|Cinderace, M|
|poke|p2|Corsola-Galar, M|
|poke|p2|Ditto|
|poke|p2|Corviknight, M|
|rule|Dynamax Clause: You cannot dynamax
|teampreview
|
|start
|switch|p1a: Toxtricity|Toxtricity, M|100/100
|switch|p2a: Corsola|Corsola-Galar, M|100/100
|turn|1
|
|move|p1a: Toxtricity|Volt Switch|p2a: Corsola
|-damage|p2a: Corsola|79/100
|-start|p1a: Toxtricity|Disable|Volt Switch|[from] ability: Cursed Body|[of] p2a: Corsola
|
|switch|p1a: Weezing|Weezing-Galar, M|100/100|[from]move: Volt Switch
|move|p2a: Corsola|Stealth Rock|p1a: Weezing
|-sidestart|p1: Chromosumo|move: Stealth Rock
|
|upkeep
|turn|2
|
|move|p1a: Weezing|Toxic Spikes|p2a: Corsola
|-sidestart|p2: OyoannO|move: Toxic Spikes
|move|p2a: Corsola|Strength Sap|p1a: Weezing
|-unboost|p1a: Weezing|atk|1
|-heal|p2a: Corsola|100/100
|
|upkeep
|turn|3
|
|switch|p2a: Ditto|Ditto|100/100
|-status|p2a: Ditto|psn
|-transform|p2a: Ditto|p1a: Weezing|[from] ability: Imposter
|move|p1a: Weezing|Will-O-Wisp||[still]
|-fail|p1a: Weezing
|
|-damage|p2a: Ditto|88/100 psn|[from] psn
|upkeep
|turn|4
|
|move|p2a: Ditto|Will-O-Wisp|p1a: Weezing
|-status|p1a: Weezing|brn
|move|p1a: Weezing|Toxic Spikes|p2a: Ditto
|-sidestart|p2: OyoannO|move: Toxic Spikes
|
|-damage|p2a: Ditto|76/100 psn|[from] psn
|-damage|p1a: Weezing|95/100 brn|[from] brn
|upkeep
|turn|5
|
|move|p2a: Ditto|Will-O-Wisp|p1a: Weezing|[miss]
|-miss|p2a: Ditto|p1a: Weezing
|move|p1a: Weezing|Fire Blast|p2a: Ditto|[miss]
|-miss|p1a: Weezing|p2a: Ditto
|
|-damage|p2a: Ditto|63/100 psn|[from] psn
|-damage|p1a: Weezing|89/100 brn|[from] brn
|upkeep
|turn|6
|
|move|p2a: Ditto|Will-O-Wisp|p1a: Weezing
|-fail|p1a: Weezing|brn
|move|p1a: Weezing|Strange Steam|p2a: Ditto
|-resisted|p2a: Ditto
|-damage|p2a: Ditto|44/100 psn
|
|-damage|p2a: Ditto|32/100 psn|[from] psn
|-damage|p1a: Weezing|83/100 brn|[from] brn
|upkeep
|turn|7
|
|move|p2a: Ditto|Will-O-Wisp|p1a: Weezing
|-fail|p1a: Weezing|brn
|move|p1a: Weezing|Fire Blast|p2a: Ditto
|-damage|p2a: Ditto|0 fnt
|faint|p2a: Ditto
|
|-damage|p1a: Weezing|77/100 brn|[from] brn
|upkeep
|inactive|Battle timer is ON: inactive players will automatically lose when time's up. (requested by Chromosumo)
|
|switch|p2a: Cinderace|Cinderace, M|100/100
|turn|8
|
|switch|p1a: Toxapex|Toxapex, M|100/100
|-damage|p1a: Toxapex|88/100|[from] Stealth Rock
|move|p2a: Cinderace|Court Change|p2a: Cinderace
|-sideend|p2: OyoannO|Toxic Spikes|[silent]
|-sidestart|p1: Chromosumo|Toxic Spikes|[silent]
|-sidestart|p1: Chromosumo|Toxic Spikes|[silent]
|-sideend|p1: Chromosumo|Stealth Rock|[silent]
|-sidestart|p2: OyoannO|Stealth Rock|[silent]
|-activate|p2a: Cinderace|move: Court Change
|
|upkeep
|turn|9
|
|move|p2a: Cinderace|Pyro Ball|p1a: Toxapex
|-resisted|p1a: Toxapex
|-damage|p1a: Toxapex|70/100
|move|p1a: Toxapex|Liquidation|p2a: Cinderace
|-supereffective|p2a: Cinderace
|-damage|p2a: Cinderace|27/100
|-damage|p1a: Toxapex|60/100|[from] item: Life Orb
|
|upkeep
|turn|10
|
|switch|p2a: Corsola|Corsola-Galar, M|100/100
|-damage|p2a: Corsola|88/100|[from] Stealth Rock
|move|p1a: Toxapex|Liquidation|p2a: Corsola
|-damage|p2a: Corsola|63/100
|-damage|p1a: Toxapex|50/100|[from] item: Life Orb
|
|upkeep
|turn|11
|
|switch|p1a: Weezing|Weezing-Galar, M|77/100 brn
|move|p2a: Corsola|Earthquake|p1a: Weezing
|-immune|p1a: Weezing|[from] ability: Levitate
|
|-damage|p1a: Weezing|71/100 brn|[from] brn
|upkeep
|turn|12
|
|switch|p1a: Toxapex|Toxapex, M|50/100
|-sideend|p1: Chromosumo|move: Toxic Spikes|[of] p1a: Toxapex
|move|p2a: Corsola|Scald|p1a: Toxapex
|-resisted|p1a: Toxapex
|-damage|p1a: Toxapex|45/100
|-status|p1a: Toxapex|brn
|
|-damage|p1a: Toxapex|39/100 brn|[from] brn
|upkeep
|turn|13
|
|move|p2a: Corsola|Earthquake|p1a: Toxapex
|-supereffective|p1a: Toxapex
|-damage|p1a: Toxapex|14/100 brn
|move|p1a: Toxapex|Recover|p1a: Toxapex
|-heal|p1a: Toxapex|64/100 brn
|
|-damage|p1a: Toxapex|58/100 brn|[from] brn
|upkeep
|turn|14
|
|move|p2a: Corsola|Earthquake|p1a: Toxapex
|-supereffective|p1a: Toxapex
|-damage|p1a: Toxapex|34/100 brn
|move|p1a: Toxapex|Recover|p1a: Toxapex
|-heal|p1a: Toxapex|84/100 brn
|
|-damage|p1a: Toxapex|78/100 brn|[from] brn
|upkeep
|turn|15
|
|move|p2a: Corsola|Strength Sap|p1a: Toxapex
|-unboost|p1a: Toxapex|atk|1
|-heal|p2a: Corsola|100/100
|move|p1a: Toxapex|Recover|p1a: Toxapex
|-heal|p1a: Toxapex|100/100 brn
|
|-damage|p1a: Toxapex|94/100 brn|[from] brn
|upkeep
|turn|16
|
|switch|p1a: Weezing|Weezing-Galar, M|71/100 brn
|move|p2a: Corsola|Earthquake|p1a: Weezing
|-immune|p1a: Weezing|[from] ability: Levitate
|
|-damage|p1a: Weezing|65/100 brn|[from] brn
|upkeep
|turn|17
|
|move|p1a: Weezing|Strange Steam|p2a: Corsola
|-damage|p2a: Corsola|84/100
|-start|p1a: Weezing|Disable|Strange Steam|[from] ability: Cursed Body|[of] p2a: Corsola
|move|p2a: Corsola|Earthquake|p1a: Weezing
|-immune|p1a: Weezing|[from] ability: Levitate
|
|-damage|p1a: Weezing|59/100 brn|[from] brn
|upkeep
|turn|18
|
|move|p1a: Weezing|Fire Blast|p2a: Corsola|[miss]
|-miss|p1a: Weezing|p2a: Corsola
|move|p2a: Corsola|Scald|p1a: Weezing
|-damage|p1a: Weezing|42/100 brn
|
|-damage|p1a: Weezing|36/100 brn|[from] brn
|upkeep
|turn|19
|
|move|p1a: Weezing|Toxic Spikes|p2a: Corsola
|-sidestart|p2: OyoannO|move: Toxic Spikes
|move|p2a: Corsola|Scald|p1a: Weezing
|-damage|p1a: Weezing|18/100 brn
|
|-damage|p1a: Weezing|12/100 brn|[from] brn
|upkeep
|turn|20
|
|move|p1a: Weezing|Toxic Spikes|p2a: Corsola
|-sidestart|p2: OyoannO|move: Toxic Spikes
|move|p2a: Corsola|Scald|p1a: Weezing
|-damage|p1a: Weezing|0 fnt
|faint|p1a: Weezing
|
|upkeep
|
|switch|p1a: Toxtricity|Toxtricity, M|100/100
|turn|21
|
|move|p1a: Toxtricity|Volt Switch|p2a: Corsola
|-damage|p2a: Corsola|63/100
|
|switch|p1a: Reuniclus|Reuniclus, M|100/100|[from]move: Volt Switch
|move|p2a: Corsola|Earthquake|p1a: Reuniclus
|-crit|p1a: Reuniclus
|-damage|p1a: Reuniclus|78/100
|
|upkeep
|turn|22
|
|move|p2a: Corsola|Scald|p1a: Reuniclus
|-damage|p1a: Reuniclus|66/100
|move|p1a: Reuniclus|Trick Room|p1a: Reuniclus
|-fieldstart|move: Trick Room|[of] p1a: Reuniclus
|
|upkeep
|turn|23
|
|move|p1a: Reuniclus|Calm Mind|p1a: Reuniclus
|-boost|p1a: Reuniclus|spa|1
|-boost|p1a: Reuniclus|spd|1
|move|p2a: Corsola|Strength Sap|p1a: Reuniclus
|-unboost|p1a: Reuniclus|atk|1
|-heal|p2a: Corsola|100/100
|
|upkeep
|turn|24
|
|move|p1a: Reuniclus|Calm Mind|p1a: Reuniclus
|-boost|p1a: Reuniclus|spa|1
|-boost|p1a: Reuniclus|spd|1
|move|p2a: Corsola|Scald|p1a: Reuniclus
|-damage|p1a: Reuniclus|60/100
|
|upkeep
|turn|25
|
|move|p1a: Reuniclus|Psyshock|p2a: Corsola
|-damage|p2a: Corsola|32/100
|move|p2a: Corsola|Scald|p1a: Reuniclus
|-damage|p1a: Reuniclus|54/100
|-status|p1a: Reuniclus|brn
|
|upkeep
|turn|26
|
|move|p1a: Reuniclus|Calm Mind|p1a: Reuniclus
|-boost|p1a: Reuniclus|spa|1
|-boost|p1a: Reuniclus|spd|1
|move|p2a: Corsola|Strength Sap|p1a: Reuniclus
|-unboost|p1a: Reuniclus|atk|1
|-heal|p2a: Corsola|60/100
|
|-fieldend|move: Trick Room
|upkeep
|turn|27
|
|move|p2a: Corsola|Strength Sap|p1a: Reuniclus
|-unboost|p1a: Reuniclus|atk|1
|-heal|p2a: Corsola|80/100
|move|p1a: Reuniclus|Trick Room|p1a: Reuniclus
|-fieldstart|move: Trick Room|[of] p1a: Reuniclus
|
|upkeep
|turn|28
|
|move|p1a: Reuniclus|Psyshock|p2a: Corsola
|-damage|p2a: Corsola|0 fnt
|-start|p1a: Reuniclus|Disable|Psyshock|[from] ability: Cursed Body|[of] p2a: Corsola
|faint|p2a: Corsola
|
|upkeep
|
|switch|p2a: Corviknight|Corviknight, M|100/100
|-damage|p2a: Corviknight|88/100|[from] Stealth Rock
|turn|29
|
|move|p1a: Reuniclus|Focus Blast|p2a: Corviknight
|-damage|p2a: Corviknight|0 fnt
|faint|p2a: Corviknight
|
|upkeep
|
|switch|p2a: Dracovish|Dracovish|100/100
|-status|p2a: Dracovish|tox
|-damage|p2a: Dracovish|88/100 tox|[from] Stealth Rock
|turn|30
|
|move|p1a: Reuniclus|Focus Blast|p2a: Dracovish
|-damage|p2a: Dracovish|0 fnt
|faint|p2a: Dracovish
|
|upkeep
|
|switch|p2a: Cinderace|Cinderace, M|27/100
|turn|31
|
|switch|p2a: Dragapult|Dragapult, F|100/100
|-damage|p2a: Dragapult|88/100|[from] Stealth Rock
|-status|p2a: Dragapult|tox
|move|p1a: Reuniclus|Focus Blast|p2a: Dragapult
|-immune|p2a: Dragapult
|
|-damage|p2a: Dragapult|82/100 tox|[from] psn
|-end|p1a: Reuniclus|Disable
|-fieldend|move: Trick Room
|upkeep
|turn|32
|
|move|p2a: Dragapult|Shadow Ball|p1a: Reuniclus
|-supereffective|p1a: Reuniclus
|-damage|p1a: Reuniclus|33/100 brn
|move|p1a: Reuniclus|Trick Room|p1a: Reuniclus
|-fieldstart|move: Trick Room|[of] p1a: Reuniclus
|
|-damage|p2a: Dragapult|70/100 tox|[from] psn
|upkeep
|turn|33
|
|move|p1a: Reuniclus|Psyshock|p2a: Dragapult
|-damage|p2a: Dragapult|0 fnt
|faint|p2a: Dragapult
|
|upkeep
|
|switch|p2a: Cinderace|Cinderace, M|27/100
|turn|34
|
|move|p1a: Reuniclus|Psyshock|p2a: Cinderace
|-damage|p2a: Cinderace|0 fnt
|faint|p2a: Cinderace
|
|win|Chromosumo
|l|☆OyoannO
|raw|Chromosumo's rating: 1000 → 1045(+45 for winning)
|raw|OyoannO's rating: 1042 → 1023(-19 for losing)
