|ScrapeTime|2020-01-02-15:25:14
|j|☆rossopowa
|j|☆chachiward
|player|p1|rossopowa|101|1377
|player|p2|chachiward|tate|1365
|teamsize|p1|6
|teamsize|p2|6
|gametype|singles
|gen|8
|tier|[Gen 8] OU
|rated|
|rule|Sleep Clause Mod: Limit one foe put to sleep
|rule|Species Clause: Limit one of each Pokémon
|rule|OHKO Clause: OHKO moves are banned
|rule|Evasion Moves Clause: Evasion moves are banned
|rule|Endless Battle Clause: Forcing endless battles is banned
|rule|HP Percentage Mod: HP is shown in percentages
|clearpoke
|poke|p1|Gengar, F|
|poke|p1|Tsareena, F|
|poke|p1|Dracovish|
|poke|p1|Ferrothorn, F|
|poke|p1|Pelipper, F|
|poke|p1|Barraskewda, F|
|poke|p2|Rotom-Heat|
|poke|p2|Gardevoir, F|
|poke|p2|Conkeldurr, F|
|poke|p2|Corviknight, M|
|poke|p2|Seismitoad, M|
|poke|p2|Grimmsnarl, M|
|rule|Dynamax Clause: You cannot dynamax
|teampreview
|j| Zluluzl
|l| Zluluzl
|inactive|Battle timer is ON: inactive players will automatically lose when time's up. (requested by chachiward)
|
|start
|switch|p1a: Dracovish|Dracovish|100/100
|switch|p2a: Rotom|Rotom-Heat|100/100
|turn|1
|
|switch|p2a: Seismitoad|Seismitoad, M|100/100
|move|p1a: Dracovish|Fishious Rend|p2a: Seismitoad
|-immune|p2a: Seismitoad|[from] ability: Water Absorb
|
|upkeep
|turn|2
|
|switch|p1a: Tsareena|Tsareena, F|100/100
|move|p2a: Seismitoad|Stealth Rock|p1a: Tsareena
|-sidestart|p1: rossopowa|move: Stealth Rock
|
|upkeep
|turn|3
|
|switch|p2a: Rotom|Rotom-Heat|100/100
|move|p1a: Tsareena|Rapid Spin|p2a: Rotom
|-damage|p2a: Rotom|82/100
|-sideend|p1: rossopowa|Stealth Rock|[from] move: Rapid Spin|[of] p1a: Tsareena
|-boost|p1a: Tsareena|spe|1
|
|upkeep
|turn|4
|
|move|p2a: Rotom|Volt Switch|p1a: Tsareena
|-resisted|p1a: Tsareena
|-damage|p1a: Tsareena|92/100
|
|switch|p2a: Corviknight|Corviknight, M|100/100|[from]move: Volt Switch
|-ability|p2a: Corviknight|Pressure
|move|p1a: Tsareena|U-turn|p2a: Corviknight
|-resisted|p2a: Corviknight
|-damage|p2a: Corviknight|97/100
|
|switch|p1a: Ferrothorn|Ferrothorn, F|100/100|[from]move: U-turn
|
|-heal|p2a: Corviknight|100/100|[from] item: Leftovers
|upkeep
|turn|5
|
|move|p2a: Corviknight|Body Press|p1a: Ferrothorn
|-supereffective|p1a: Ferrothorn
|-damage|p1a: Ferrothorn|70/100
|-damage|p2a: Corviknight|88/100|[from] ability: Iron Barbs|[of] p1a: Ferrothorn
|move|p1a: Ferrothorn|Stealth Rock|p2a: Corviknight
|-sidestart|p2: chachiward|move: Stealth Rock
|
|-heal|p2a: Corviknight|94/100|[from] item: Leftovers
|-heal|p1a: Ferrothorn|76/100|[from] item: Leftovers
|upkeep
|turn|6
|
|move|p2a: Corviknight|Defog|p1a: Ferrothorn
|-unboost|p1a: Ferrothorn|evasion|1
|-sideend|p2: chachiward|Stealth Rock|[from] move: Defog|[of] p2a: Corviknight
|move|p1a: Ferrothorn|Knock Off|p2a: Corviknight
|-damage|p2a: Corviknight|82/100
|-enditem|p2a: Corviknight|Leftovers|[from] move: Knock Off|[of] p1a: Ferrothorn
|
|-heal|p1a: Ferrothorn|82/100|[from] item: Leftovers
|upkeep
|turn|7
|
|move|p2a: Corviknight|U-turn|p1a: Ferrothorn
|-damage|p1a: Ferrothorn|75/100
|-damage|p2a: Corviknight|70/100|[from] ability: Iron Barbs|[of] p1a: Ferrothorn
|
|switch|p2a: Conkeldurr|Conkeldurr, F|100/100|[from]move: U-turn
|move|p1a: Ferrothorn|Stealth Rock|p2a: Conkeldurr
|-sidestart|p2: chachiward|move: Stealth Rock
|
|-heal|p1a: Ferrothorn|81/100|[from] item: Leftovers
|-status|p2a: Conkeldurr|brn|[from] item: Flame Orb
|upkeep
|turn|8
|
|switch|p1a: Pelipper|Pelipper, F|100/100
|-weather|RainDance|[from] ability: Drizzle|[of] p1a: Pelipper
|move|p2a: Conkeldurr|Close Combat|p1a: Pelipper
|-resisted|p1a: Pelipper
|-damage|p1a: Pelipper|58/100
|-unboost|p2a: Conkeldurr|def|1
|-unboost|p2a: Conkeldurr|spd|1
|
|-weather|RainDance|[upkeep]
|-damage|p2a: Conkeldurr|94/100 brn|[from] brn
|upkeep
|turn|9
|
|move|p2a: Conkeldurr|Close Combat|p1a: Pelipper
|-resisted|p1a: Pelipper
|-damage|p1a: Pelipper|16/100
|-unboost|p2a: Conkeldurr|def|1
|-unboost|p2a: Conkeldurr|spd|1
|move|p1a: Pelipper|Hurricane|p2a: Conkeldurr
|-supereffective|p2a: Conkeldurr
|-damage|p2a: Conkeldurr|0 fnt
|faint|p2a: Conkeldurr
|
|-weather|RainDance|[upkeep]
|upkeep
|
|switch|p2a: Rotom|Rotom-Heat|82/100
|turn|10
|
|switch|p1a: Tsareena|Tsareena, F|92/100
|move|p2a: Rotom|Volt Switch|p1a: Tsareena
|-resisted|p1a: Tsareena
|-damage|p1a: Tsareena|84/100
|
|switch|p2a: Corviknight|Corviknight, M|70/100|[from]move: Volt Switch
|-damage|p2a: Corviknight|57/100|[from] Stealth Rock
|-ability|p2a: Corviknight|Pressure
|
|-weather|RainDance|[upkeep]
|upkeep
|turn|11
|
|move|p1a: Tsareena|U-turn|p2a: Corviknight
|-resisted|p2a: Corviknight
|-damage|p2a: Corviknight|53/100
|
|switch|p1a: Dracovish|Dracovish|100/100|[from]move: U-turn
|move|p2a: Corviknight|Defog|p1a: Dracovish
|-unboost|p1a: Dracovish|evasion|1
|-sideend|p2: chachiward|Stealth Rock|[from] move: Defog|[of] p2a: Corviknight
|
|-weather|RainDance|[upkeep]
|upkeep
|turn|12
|
|switch|p2a: Seismitoad|Seismitoad, M|100/100
|move|p1a: Dracovish|Fishious Rend|p2a: Seismitoad
|-immune|p2a: Seismitoad|[from] ability: Water Absorb
|
|-weather|RainDance|[upkeep]
|upkeep
|turn|13
|
|switch|p1a: Tsareena|Tsareena, F|84/100
|move|p2a: Seismitoad|Stealth Rock|p1a: Tsareena
|-sidestart|p1: rossopowa|move: Stealth Rock
|
|-weather|RainDance|[upkeep]
|upkeep
|turn|14
|
|switch|p2a: Rotom|Rotom-Heat|82/100
|move|p1a: Tsareena|Rapid Spin|p2a: Rotom
|-damage|p2a: Rotom|62/100
|-sideend|p1: rossopowa|Stealth Rock|[from] move: Rapid Spin|[of] p1a: Tsareena
|-boost|p1a: Tsareena|spe|1
|
|-weather|RainDance|[upkeep]
|upkeep
|turn|15
|
|move|p2a: Rotom|Will-O-Wisp|p1a: Tsareena
|-status|p1a: Tsareena|brn
|move|p1a: Tsareena|High Jump Kick|p2a: Rotom
|-damage|p2a: Rotom|37/100
|
|-weather|none
|-damage|p1a: Tsareena|78/100 brn|[from] brn
|upkeep
|turn|16
|
|move|p2a: Rotom|Overheat|p1a: Tsareena
|-supereffective|p1a: Tsareena
|-damage|p1a: Tsareena|15/100 brn
|-unboost|p2a: Rotom|spa|2
|move|p1a: Tsareena|U-turn|p2a: Rotom
|-resisted|p2a: Rotom
|-damage|p2a: Rotom|30/100
|
|switch|p1a: Gengar|Gengar, F|100/100|[from]move: U-turn
|
|upkeep
|turn|17
|
|move|p1a: Gengar|Nasty Plot|p1a: Gengar
|-boost|p1a: Gengar|spa|2
|move|p2a: Rotom|Shadow Ball|p1a: Gengar
|-supereffective|p1a: Gengar
|-enditem|p1a: Gengar|Kasib Berry|[eat]
|-enditem|p1a: Gengar|Kasib Berry|[weaken]
|-damage|p1a: Gengar|83/100
|
|upkeep
|turn|18
|
|switch|p2a: Corviknight|Corviknight, M|53/100
|-ability|p2a: Corviknight|Pressure
|move|p1a: Gengar|Shadow Ball|p2a: Corviknight
|-crit|p2a: Corviknight
|-damage|p2a: Corviknight|0 fnt
|faint|p2a: Corviknight
|
|upkeep
|
|switch|p2a: Gardevoir|Gardevoir, F|100/100
|-ability|p2a: Gardevoir|Cursed Body|[from] ability: Trace|[of] p1a: Gengar
|turn|19
|
|move|p2a: Gardevoir|Psychic|p1a: Gengar
|-supereffective|p1a: Gengar
|-damage|p1a: Gengar|0 fnt
|faint|p1a: Gengar
|
|upkeep
|
|switch|p1a: Ferrothorn|Ferrothorn, F|81/100
|turn|20
|
|switch|p2a: Rotom|Rotom-Heat|30/100
|move|p1a: Ferrothorn|Stealth Rock|p2a: Rotom
|-sidestart|p2: chachiward|move: Stealth Rock
|
|-heal|p1a: Ferrothorn|87/100|[from] item: Leftovers
|upkeep
|turn|21
|
|switch|p1a: Pelipper|Pelipper, F|16/100
|-weather|RainDance|[from] ability: Drizzle|[of] p1a: Pelipper
|move|p2a: Rotom|Overheat|p1a: Pelipper
|-resisted|p1a: Pelipper
|-damage|p1a: Pelipper|0 fnt
|-unboost|p2a: Rotom|spa|2
|faint|p1a: Pelipper
|
|-weather|RainDance|[upkeep]
|upkeep
|
|switch|p1a: Barraskewda|Barraskewda, F|100/100
|turn|22
|
|move|p1a: Barraskewda|Close Combat|p2a: Rotom
|-damage|p2a: Rotom|0 fnt
|-unboost|p1a: Barraskewda|def|1
|-unboost|p1a: Barraskewda|spd|1
|faint|p2a: Rotom
|
|-weather|RainDance|[upkeep]
|upkeep
|
|switch|p2a: Gardevoir|Gardevoir, F|100/100
|-damage|p2a: Gardevoir|88/100|[from] Stealth Rock
|-ability|p2a: Gardevoir|Swift Swim|[from] ability: Trace|[of] p1a: Barraskewda
|turn|23
|
|switch|p1a: Tsareena|Tsareena, F|15/100 brn
|move|p2a: Gardevoir|Moonblast|p1a: Tsareena
|-damage|p1a: Tsareena|0 fnt
|faint|p1a: Tsareena
|
|-weather|RainDance|[upkeep]
|upkeep
|
|switch|p1a: Ferrothorn|Ferrothorn, F|87/100
|turn|24
|
|switch|p2a: Grimmsnarl|Grimmsnarl, M|100/100
|-damage|p2a: Grimmsnarl|88/100|[from] Stealth Rock
|move|p1a: Ferrothorn|Gyro Ball|p2a: Grimmsnarl
|-supereffective|p2a: Grimmsnarl
|-damage|p2a: Grimmsnarl|45/100
|
|-weather|RainDance|[upkeep]
|-heal|p2a: Grimmsnarl|51/100|[from] item: Leftovers
|-heal|p1a: Ferrothorn|93/100|[from] item: Leftovers
|upkeep
|turn|25
|
|switch|p1a: Barraskewda|Barraskewda, F|100/100
|move|p2a: Grimmsnarl|Substitute|p2a: Grimmsnarl
|-start|p2a: Grimmsnarl|Substitute
|-damage|p2a: Grimmsnarl|26/100
|
|-weather|RainDance|[upkeep]
|-heal|p2a: Grimmsnarl|32/100|[from] item: Leftovers
|upkeep
|turn|26
|
|move|p1a: Barraskewda|Liquidation|p2a: Grimmsnarl
|-end|p2a: Grimmsnarl|Substitute
|move|p2a: Grimmsnarl|Darkest Lariat|p1a: Barraskewda
|-damage|p1a: Barraskewda|31/100
|
|-weather|RainDance|[upkeep]
|-heal|p2a: Grimmsnarl|38/100|[from] item: Leftovers
|upkeep
|turn|27
|
|switch|p1a: Ferrothorn|Ferrothorn, F|93/100
|switch|p2a: Seismitoad|Seismitoad, M|100/100
|-damage|p2a: Seismitoad|94/100|[from] Stealth Rock
|
|-weather|RainDance|[upkeep]
|-heal|p2a: Seismitoad|100/100|[from] item: Leftovers
|-heal|p1a: Ferrothorn|99/100|[from] item: Leftovers
|upkeep
|turn|28
|
|move|p2a: Seismitoad|Scald|p1a: Ferrothorn
|-resisted|p1a: Ferrothorn
|-damage|p1a: Ferrothorn|84/100
|-status|p1a: Ferrothorn|brn
|move|p1a: Ferrothorn|Power Whip|p2a: Seismitoad
|-supereffective|p2a: Seismitoad
|-damage|p2a: Seismitoad|45/100
|
|-weather|none
|-heal|p2a: Seismitoad|51/100|[from] item: Leftovers
|-heal|p1a: Ferrothorn|90/100 brn|[from] item: Leftovers
|-damage|p1a: Ferrothorn|84/100 brn|[from] brn
|upkeep
|turn|29
|
|switch|p2a: Gardevoir|Gardevoir, F|88/100
|-damage|p2a: Gardevoir|76/100|[from] Stealth Rock
|-ability|p2a: Gardevoir|Iron Barbs|[from] ability: Trace|[of] p1a: Ferrothorn
|move|p1a: Ferrothorn|Knock Off|p2a: Gardevoir
|-damage|p2a: Gardevoir|59/100
|-damage|p1a: Ferrothorn|72/100 brn|[from] ability: Iron Barbs|[of] p2a: Gardevoir
|-enditem|p2a: Gardevoir|Choice Scarf|[from] move: Knock Off|[of] p1a: Ferrothorn
|
|-heal|p1a: Ferrothorn|78/100 brn|[from] item: Leftovers
|-damage|p1a: Ferrothorn|72/100 brn|[from] brn
|upkeep
|turn|30
|
|move|p2a: Gardevoir|Mystical Fire|p1a: Ferrothorn
|-supereffective|p1a: Ferrothorn
|-damage|p1a: Ferrothorn|0 fnt
|faint|p1a: Ferrothorn
|
|upkeep
|
|switch|p1a: Barraskewda|Barraskewda, F|31/100
|turn|31
|
|move|p1a: Barraskewda|Throat Chop|p2a: Gardevoir
|-damage|p2a: Gardevoir|0 fnt
|-damage|p1a: Barraskewda|18/100|[from] ability: Iron Barbs|[of] p2a: Gardevoir
|faint|p2a: Gardevoir
|
|upkeep
|
|switch|p2a: Seismitoad|Seismitoad, M|51/100
|-damage|p2a: Seismitoad|45/100|[from] Stealth Rock
|turn|32
|
|switch|p1a: Dracovish|Dracovish|100/100
|move|p2a: Seismitoad|Earth Power|p1a: Dracovish
|-damage|p1a: Dracovish|66/100
|
|-heal|p2a: Seismitoad|51/100|[from] item: Leftovers
|upkeep
|turn|33
|
|switch|p2a: Grimmsnarl|Grimmsnarl, M|38/100
|-damage|p2a: Grimmsnarl|26/100|[from] Stealth Rock
|move|p1a: Dracovish|Crunch|p2a: Grimmsnarl
|-resisted|p2a: Grimmsnarl
|-damage|p2a: Grimmsnarl|15/100
|
|-heal|p2a: Grimmsnarl|21/100|[from] item: Leftovers
|upkeep
|turn|34
|
|move|p1a: Dracovish|Crunch|p2a: Grimmsnarl
|-resisted|p2a: Grimmsnarl
|-damage|p2a: Grimmsnarl|10/100
|move|p2a: Grimmsnarl|Spirit Break|p1a: Dracovish
|-supereffective|p1a: Dracovish
|-damage|p1a: Dracovish|0 fnt
|faint|p1a: Dracovish
|
|-heal|p2a: Grimmsnarl|16/100|[from] item: Leftovers
|upkeep
|
|switch|p1a: Barraskewda|Barraskewda, F|18/100
|turn|35
|
|move|p1a: Barraskewda|Close Combat|p2a: Grimmsnarl
|-damage|p2a: Grimmsnarl|0 fnt
|-unboost|p1a: Barraskewda|def|1
|-unboost|p1a: Barraskewda|spd|1
|faint|p2a: Grimmsnarl
|
|upkeep
|
|switch|p2a: Seismitoad|Seismitoad, M|51/100
|-damage|p2a: Seismitoad|45/100|[from] Stealth Rock
|turn|36
|
|move|p1a: Barraskewda|Close Combat|p2a: Seismitoad
|-damage|p2a: Seismitoad|0 fnt
|-unboost|p1a: Barraskewda|def|1
|-unboost|p1a: Barraskewda|spd|1
|faint|p2a: Seismitoad
|
|win|rossopowa
|raw|rossopowa's rating: 1358 → 1380(+22 for winning)
|raw|chachiward's rating: 1388 → 1366(-22 for losing)
|l|☆chachiward
