|ScrapeTime|2020-01-01-22:27:06
|j|☆S1mba20
|j|☆Lfkgl
|player|p1|S1mba20|brawly|1510
|player|p2|Lfkgl|1|1554
|teamsize|p1|6
|teamsize|p2|6
|gametype|singles
|gen|8
|tier|[Gen 8] OU
|rated|
|rule|Sleep Clause Mod: Limit one foe put to sleep
|rule|Species Clause: Limit one of each Pokémon
|rule|OHKO Clause: OHKO moves are banned
|rule|Evasion Moves Clause: Evasion moves are banned
|rule|Endless Battle Clause: Forcing endless battles is banned
|rule|HP Percentage Mod: HP is shown in percentages
|clearpoke
|poke|p1|Tyranitar, F|
|poke|p1|Jellicent, F|
|poke|p1|Hatterene, F|
|poke|p1|Aegislash, M|
|poke|p1|Excadrill, M|
|poke|p1|Hydreigon, M|
|poke|p2|Dracozolt|
|poke|p2|Conkeldurr, F|
|poke|p2|Aegislash, F|
|poke|p2|Mandibuzz, F|
|poke|p2|Seismitoad, M|
|poke|p2|Bisharp, M|
|rule|Dynamax Clause: You cannot dynamax
|teampreview
|inactive|Battle timer is ON: inactive players will automatically lose when time's up. (requested by Lfkgl)
|
|start
|switch|p1a: Hydreigon|Hydreigon, M|100/100
|switch|p2a: Conkeldurr|Conkeldurr, F|100/100
|turn|1
|
|move|p1a: Hydreigon|U-turn|p2a: Conkeldurr
|-resisted|p2a: Conkeldurr
|-damage|p2a: Conkeldurr|92/100
|
|switch|p1a: Jellicent|Jellicent, F|100/100|[from]move: U-turn
|move|p2a: Conkeldurr|Drain Punch|p1a: Jellicent
|-immune|p1a: Jellicent
|
|upkeep
|turn|2
|
|switch|p2a: Seismitoad|Seismitoad, M|100/100
|move|p1a: Jellicent|Will-O-Wisp|p2a: Seismitoad|[miss]
|-miss|p1a: Jellicent|p2a: Seismitoad
|
|upkeep
|turn|3
|
|switch|p2a: Bisharp|Bisharp, M|100/100
|switch|p1a: Hatterene|Hatterene, F|100/100
|
|upkeep
|turn|4
|
|move|p2a: Bisharp|Iron Head|p1a: Hatterene
|-supereffective|p1a: Hatterene
|-damage|p1a: Hatterene|0 fnt
|-damage|p2a: Bisharp|91/100|[from] item: Life Orb
|faint|p1a: Hatterene
|
|upkeep
|
|switch|p1a: Aegislash|Aegislash, M|100/100
|turn|5
|
|move|p2a: Bisharp|Throat Chop|p1a: Aegislash
|-supereffective|p1a: Aegislash
|-damage|p1a: Aegislash|16/100
|-start|p1a: Aegislash|Throat Chop|[silent]
|-damage|p2a: Bisharp|81/100|[from] item: Life Orb
|-formechange|p1a: Aegislash|Aegislash-Blade||[from] ability: Stance Change
|move|p1a: Aegislash|Close Combat|p2a: Bisharp
|-supereffective|p2a: Bisharp
|-damage|p2a: Bisharp|0 fnt
|-unboost|p1a: Aegislash|def|1
|-unboost|p1a: Aegislash|spd|1
|faint|p2a: Bisharp
|
|-heal|p1a: Aegislash|22/100|[from] item: Leftovers
|upkeep
|
|switch|p2a: Conkeldurr|Conkeldurr, F|92/100
|turn|6
|
|switch|p1a: Jellicent|Jellicent, F|100/100
|move|p2a: Conkeldurr|Thunder Punch|p1a: Jellicent
|-supereffective|p1a: Jellicent
|-damage|p1a: Jellicent|27/100
|
|-heal|p1a: Jellicent|33/100|[from] item: Leftovers
|upkeep
|turn|7
|
|switch|p2a: Aegislash|Aegislash, F|100/100
|switch|p1a: Aegislash|Aegislash, M|22/100
|
|-heal|p1a: Aegislash|29/100|[from] item: Leftovers
|upkeep
|turn|8
|
|move|p1a: Aegislash|King's Shield|p1a: Aegislash
|-singleturn|p1a: Aegislash|Protect
|-formechange|p2a: Aegislash|Aegislash-Blade||[from] ability: Stance Change
|move|p2a: Aegislash|Shadow Sneak|p1a: Aegislash
|-activate|p1a: Aegislash|move: Protect
|-unboost|p2a: Aegislash|atk|1
|
|-heal|p1a: Aegislash|35/100|[from] item: Leftovers
|upkeep
|turn|9
|
|-formechange|p1a: Aegislash|Aegislash-Blade||[from] ability: Stance Change
|move|p1a: Aegislash|Shadow Sneak|p2a: Aegislash
|-supereffective|p2a: Aegislash
|-damage|p2a: Aegislash|15/100
|move|p2a: Aegislash|Shadow Ball|p1a: Aegislash
|-supereffective|p1a: Aegislash
|-damage|p1a: Aegislash|0 fnt
|faint|p1a: Aegislash
|
|-heal|p2a: Aegislash|21/100|[from] item: Leftovers
|upkeep
|
|switch|p1a: Excadrill|Excadrill, M|100/100
|-item|p1a: Excadrill|Air Balloon
|turn|10
|
|move|p2a: Aegislash|Shadow Sneak|p1a: Excadrill
|-damage|p1a: Excadrill|84/100
|-enditem|p1a: Excadrill|Air Balloon
|move|p1a: Excadrill|Swords Dance|p1a: Excadrill
|-boost|p1a: Excadrill|atk|2
|
|-heal|p2a: Aegislash|27/100|[from] item: Leftovers
|upkeep
|turn|11
|
|move|p1a: Excadrill|Rock Slide|p2a: Aegislash|[miss]
|-miss|p1a: Excadrill|p2a: Aegislash
|move|p2a: Aegislash|Shadow Ball|p1a: Excadrill
|-damage|p1a: Excadrill|21/100
|-unboost|p1a: Excadrill|spd|1
|
|-heal|p2a: Aegislash|33/100|[from] item: Leftovers
|upkeep
|turn|12
|c|☆S1mba20|lol
|
|move|p2a: Aegislash|Shadow Sneak|p1a: Excadrill
|-damage|p1a: Excadrill|5/100
|move|p1a: Excadrill|Earthquake|p2a: Aegislash
|-supereffective|p2a: Aegislash
|-damage|p2a: Aegislash|0 fnt
|faint|p2a: Aegislash
|
|upkeep
|
|switch|p2a: Conkeldurr|Conkeldurr, F|92/100
|turn|13
|
|switch|p1a: Jellicent|Jellicent, F|33/100
|move|p2a: Conkeldurr|Mach Punch|p1a: Jellicent
|-immune|p1a: Jellicent
|
|-heal|p1a: Jellicent|40/100|[from] item: Leftovers
|upkeep
|turn|14
|
|switch|p2a: Seismitoad|Seismitoad, M|100/100
|move|p1a: Jellicent|Strength Sap|p2a: Seismitoad
|-unboost|p2a: Seismitoad|atk|1
|-heal|p1a: Jellicent|83/100
|
|-heal|p1a: Jellicent|89/100|[from] item: Leftovers
|upkeep
|turn|15
|
|move|p2a: Seismitoad|Grass Knot|p1a: Jellicent
|-supereffective|p1a: Jellicent
|-damage|p1a: Jellicent|49/100
|move|p1a: Jellicent|Taunt|p2a: Seismitoad
|-start|p2a: Seismitoad|move: Taunt
|
|-heal|p1a: Jellicent|55/100|[from] item: Leftovers
|upkeep
|turn|16
|
|switch|p2a: Dracozolt|Dracozolt|100/100
|move|p1a: Jellicent|Strength Sap|p2a: Dracozolt
|-unboost|p2a: Dracozolt|atk|1
|-heal|p1a: Jellicent|100/100
|
|upkeep
|turn|17
|
|switch|p1a: Excadrill|Excadrill, M|5/100
|move|p2a: Dracozolt|Bolt Beak|p1a: Excadrill
|-immune|p1a: Excadrill
|
|upkeep
|turn|18
|
|switch|p2a: Mandibuzz|Mandibuzz, F|100/100
|move|p1a: Excadrill|Swords Dance|p1a: Excadrill
|-boost|p1a: Excadrill|atk|2
|
|upkeep
|turn|19
|
|move|p1a: Excadrill|Rock Slide|p2a: Mandibuzz
|-supereffective|p2a: Mandibuzz
|-damage|p2a: Mandibuzz|32/100
|cant|p2a: Mandibuzz|flinch
|
|upkeep
|turn|20
|
|switch|p2a: Conkeldurr|Conkeldurr, F|92/100
|move|p1a: Excadrill|Rock Slide|p2a: Conkeldurr
|-resisted|p2a: Conkeldurr
|-damage|p2a: Conkeldurr|65/100
|
|upkeep
|turn|21
|
|move|p2a: Conkeldurr|Mach Punch|p1a: Excadrill
|-supereffective|p1a: Excadrill
|-damage|p1a: Excadrill|0 fnt
|-damage|p2a: Conkeldurr|56/100|[from] item: Life Orb
|faint|p1a: Excadrill
|
|upkeep
|
|switch|p1a: Jellicent|Jellicent, F|100/100
|turn|22
|
|switch|p2a: Seismitoad|Seismitoad, M|100/100
|move|p1a: Jellicent|Will-O-Wisp|p2a: Seismitoad
|-status|p2a: Seismitoad|brn
|
|-damage|p2a: Seismitoad|94/100 brn|[from] brn
|upkeep
|turn|23
|
|move|p2a: Seismitoad|Toxic|p1a: Jellicent
|-status|p1a: Jellicent|tox
|move|p1a: Jellicent|Taunt|p2a: Seismitoad
|-start|p2a: Seismitoad|move: Taunt
|
|-heal|p2a: Seismitoad|100/100 brn|[from] item: Leftovers
|-damage|p2a: Seismitoad|94/100 brn|[from] brn
|-damage|p1a: Jellicent|94/100 tox|[from] psn
|upkeep
|turn|24
|
|move|p2a: Seismitoad|Grass Knot|p1a: Jellicent
|-supereffective|p1a: Jellicent
|-damage|p1a: Jellicent|56/100 tox
|move|p1a: Jellicent|Night Shade|p2a: Seismitoad
|-damage|p2a: Seismitoad|70/100 brn
|
|-heal|p2a: Seismitoad|76/100 brn|[from] item: Leftovers
|-heal|p1a: Jellicent|62/100 tox|[from] item: Leftovers
|-damage|p2a: Seismitoad|70/100 brn|[from] brn
|-damage|p1a: Jellicent|50/100 tox|[from] psn
|upkeep
|turn|25
|
|switch|p2a: Mandibuzz|Mandibuzz, F|32/100
|move|p1a: Jellicent|Strength Sap|p2a: Mandibuzz
|-unboost|p2a: Mandibuzz|atk|1
|-heal|p1a: Jellicent|91/100 tox
|
|-heal|p1a: Jellicent|97/100 tox|[from] item: Leftovers
|-damage|p1a: Jellicent|79/100 tox|[from] psn
|upkeep
|turn|26
|
|move|p2a: Mandibuzz|Roost|p2a: Mandibuzz
|-heal|p2a: Mandibuzz|82/100
|-singleturn|p2a: Mandibuzz|move: Roost
|move|p1a: Jellicent|Taunt|p2a: Mandibuzz
|-start|p2a: Mandibuzz|move: Taunt
|
|-heal|p1a: Jellicent|85/100 tox|[from] item: Leftovers
|-damage|p1a: Jellicent|60/100 tox|[from] psn
|upkeep
|turn|27
|
|switch|p1a: Tyranitar|Tyranitar, F|100/100
|-weather|Sandstorm|[from] ability: Sand Stream|[of] p1a: Tyranitar
|move|p2a: Mandibuzz|U-turn|p1a: Tyranitar
|-supereffective|p1a: Tyranitar
|-damage|p1a: Tyranitar|89/100
|
|switch|p2a: Conkeldurr|Conkeldurr, F|56/100|[from]move: U-turn
|
|-weather|Sandstorm|[upkeep]
|-damage|p2a: Conkeldurr|50/100|[from] Sandstorm
|upkeep
|turn|28
|
|switch|p1a: Jellicent|Jellicent, F|60/100 tox
|move|p2a: Conkeldurr|Mach Punch|p1a: Jellicent
|-immune|p1a: Jellicent
|
|-weather|Sandstorm|[upkeep]
|-damage|p2a: Conkeldurr|44/100|[from] Sandstorm
|-damage|p1a: Jellicent|54/100 tox|[from] Sandstorm
|-heal|p1a: Jellicent|60/100 tox|[from] item: Leftovers
|-damage|p1a: Jellicent|54/100 tox|[from] psn
|upkeep
|turn|29
|
|switch|p2a: Mandibuzz|Mandibuzz, F|82/100
|move|p1a: Jellicent|Strength Sap|p2a: Mandibuzz
|-unboost|p2a: Mandibuzz|atk|1
|-heal|p1a: Jellicent|95/100 tox
|
|-weather|Sandstorm|[upkeep]
|-damage|p1a: Jellicent|89/100 tox|[from] Sandstorm
|-heal|p1a: Jellicent|95/100 tox|[from] item: Leftovers
|-damage|p1a: Jellicent|83/100 tox|[from] psn
|upkeep
|turn|30
|
|move|p2a: Mandibuzz|U-turn|p1a: Jellicent
|-resisted|p1a: Jellicent
|-damage|p1a: Jellicent|80/100 tox
|
|switch|p2a: Seismitoad|Seismitoad, M|70/100 brn|[from]move: U-turn
|move|p1a: Jellicent|Will-O-Wisp|p2a: Seismitoad
|-fail|p2a: Seismitoad|brn
|
|-weather|Sandstorm|[upkeep]
|-damage|p1a: Jellicent|74/100 tox|[from] Sandstorm
|-heal|p2a: Seismitoad|76/100 brn|[from] item: Leftovers
|-heal|p1a: Jellicent|80/100 tox|[from] item: Leftovers
|-damage|p2a: Seismitoad|70/100 brn|[from] brn
|-damage|p1a: Jellicent|61/100 tox|[from] psn
|upkeep
|turn|31
|
|switch|p1a: Hydreigon|Hydreigon, M|100/100
|move|p2a: Seismitoad|Toxic|p1a: Hydreigon
|-status|p1a: Hydreigon|tox
|
|-weather|none
|-heal|p2a: Seismitoad|76/100 brn|[from] item: Leftovers
|-damage|p1a: Hydreigon|94/100 tox|[from] psn
|-damage|p2a: Seismitoad|70/100 brn|[from] brn
|upkeep
|turn|32
|
|move|p2a: Seismitoad|Protect|p2a: Seismitoad
|-singleturn|p2a: Seismitoad|Protect
|move|p1a: Hydreigon|Draco Meteor|p2a: Seismitoad
|-activate|p2a: Seismitoad|move: Protect
|
|-heal|p2a: Seismitoad|76/100 brn|[from] item: Leftovers
|-damage|p1a: Hydreigon|82/100 tox|[from] psn
|-damage|p2a: Seismitoad|70/100 brn|[from] brn
|upkeep
|turn|33
|
|switch|p2a: Mandibuzz|Mandibuzz, F|82/100
|move|p1a: Hydreigon|Draco Meteor|p2a: Mandibuzz|[miss]
|-miss|p1a: Hydreigon|p2a: Mandibuzz
|
|-damage|p1a: Hydreigon|64/100 tox|[from] psn
|upkeep
|turn|34
|
|move|p1a: Hydreigon|Draco Meteor|p2a: Mandibuzz
|-damage|p2a: Mandibuzz|35/100
|-unboost|p1a: Hydreigon|spa|2
|move|p2a: Mandibuzz|Roost|p2a: Mandibuzz
|-heal|p2a: Mandibuzz|85/100
|-singleturn|p2a: Mandibuzz|move: Roost
|
|-damage|p1a: Hydreigon|39/100 tox|[from] psn
|upkeep
|turn|35
|
|switch|p1a: Tyranitar|Tyranitar, F|89/100
|-weather|Sandstorm|[from] ability: Sand Stream|[of] p1a: Tyranitar
|move|p2a: Mandibuzz|Roost|p2a: Mandibuzz
|-heal|p2a: Mandibuzz|100/100
|-singleturn|p2a: Mandibuzz|move: Roost
|
|-weather|Sandstorm|[upkeep]
|upkeep
|turn|36
|
|switch|p2a: Dracozolt|Dracozolt|100/100
|move|p1a: Tyranitar|Stone Edge|p2a: Dracozolt
|-damage|p2a: Dracozolt|30/100
|
|-weather|Sandstorm|[upkeep]
|-damage|p2a: Dracozolt|24/100|[from] Sandstorm
|upkeep
|turn|37
|
|move|p2a: Dracozolt|Bolt Beak|p1a: Tyranitar
|-damage|p1a: Tyranitar|7/100
|move|p1a: Tyranitar|Crunch|p2a: Dracozolt
|-damage|p2a: Dracozolt|0 fnt
|faint|p2a: Dracozolt
|
|-weather|Sandstorm|[upkeep]
|upkeep
|
|switch|p2a: Conkeldurr|Conkeldurr, F|44/100
|turn|38
|
|switch|p1a: Jellicent|Jellicent, F|61/100 tox
|move|p2a: Conkeldurr|Mach Punch|p1a: Jellicent
|-immune|p1a: Jellicent
|
|-weather|Sandstorm|[upkeep]
|-damage|p2a: Conkeldurr|37/100|[from] Sandstorm
|-damage|p1a: Jellicent|55/100 tox|[from] Sandstorm
|-heal|p1a: Jellicent|61/100 tox|[from] item: Leftovers
|-damage|p1a: Jellicent|55/100 tox|[from] psn
|upkeep
|turn|39
|
|switch|p2a: Mandibuzz|Mandibuzz, F|100/100
|move|p1a: Jellicent|Strength Sap|p2a: Mandibuzz
|-unboost|p2a: Mandibuzz|atk|1
|-heal|p1a: Jellicent|96/100 tox
|
|-weather|none
|-heal|p1a: Jellicent|100/100 tox|[from] item: Leftovers
|-damage|p1a: Jellicent|88/100 tox|[from] psn
|upkeep
|turn|40
|
|move|p2a: Mandibuzz|Foul Play|p1a: Jellicent
|-supereffective|p1a: Jellicent
|-damage|p1a: Jellicent|63/100 tox
|move|p1a: Jellicent|Will-O-Wisp|p2a: Mandibuzz
|-status|p2a: Mandibuzz|brn
|
|-heal|p1a: Jellicent|69/100 tox|[from] item: Leftovers
|-damage|p2a: Mandibuzz|94/100 brn|[from] brn
|-damage|p1a: Jellicent|50/100 tox|[from] psn
|upkeep
|turn|41
|
|switch|p1a: Tyranitar|Tyranitar, F|7/100
|-weather|Sandstorm|[from] ability: Sand Stream|[of] p1a: Tyranitar
|move|p2a: Mandibuzz|U-turn|p1a: Tyranitar
|-supereffective|p1a: Tyranitar
|-damage|p1a: Tyranitar|0 fnt
|faint|p1a: Tyranitar
|
|switch|p2a: Seismitoad|Seismitoad, M|70/100 brn|[from]move: U-turn
|
|-weather|Sandstorm|[upkeep]
|-heal|p2a: Seismitoad|76/100 brn|[from] item: Leftovers
|-damage|p2a: Seismitoad|70/100 brn|[from] brn
|upkeep
|
|switch|p1a: Hydreigon|Hydreigon, M|39/100 tox
|turn|42
|
|move|p2a: Seismitoad|Protect|p2a: Seismitoad
|-singleturn|p2a: Seismitoad|Protect
|move|p1a: Hydreigon|Draco Meteor|p2a: Seismitoad
|-activate|p2a: Seismitoad|move: Protect
|
|-weather|Sandstorm|[upkeep]
|-damage|p1a: Hydreigon|33/100 tox|[from] Sandstorm
|-heal|p2a: Seismitoad|76/100 brn|[from] item: Leftovers
|-damage|p1a: Hydreigon|27/100 tox|[from] psn
|-damage|p2a: Seismitoad|70/100 brn|[from] brn
|upkeep
|turn|43
|
|switch|p2a: Mandibuzz|Mandibuzz, F|94/100 brn
|move|p1a: Hydreigon|Draco Meteor|p2a: Mandibuzz
|-damage|p2a: Mandibuzz|50/100 brn
|-unboost|p1a: Hydreigon|spa|2
|
|-weather|Sandstorm|[upkeep]
|-damage|p1a: Hydreigon|20/100 tox|[from] Sandstorm
|-damage|p1a: Hydreigon|8/100 tox|[from] psn
|-damage|p2a: Mandibuzz|44/100 brn|[from] brn
|upkeep
|turn|44
|-message|S1mba20 forfeited.
|
|win|Lfkgl
|l|☆S1mba20
|raw|S1mba20's rating: 1490 → 1474(-16 for losing)
|raw|Lfkgl's rating: 1554 → 1571(+17 for winning)
