|ScrapeTime|2020-01-01-08:14:57
|j|☆Sulferz
|j|☆denchkid22
|player|p1|Sulferz|266|1101
|player|p2|denchkid22|293|1058
|teamsize|p1|6
|teamsize|p2|6
|gametype|singles
|gen|8
|tier|[Gen 8] OU
|rated|
|rule|Sleep Clause Mod: Limit one foe put to sleep
|rule|Species Clause: Limit one of each Pokémon
|rule|OHKO Clause: OHKO moves are banned
|rule|Evasion Moves Clause: Evasion moves are banned
|rule|Endless Battle Clause: Forcing endless battles is banned
|rule|HP Percentage Mod: HP is shown in percentages
|clearpoke
|poke|p1|Toxapex, F|
|poke|p1|Aegislash, M|
|poke|p1|Gengar, M|
|poke|p1|Excadrill, F|
|poke|p1|Eldegoss, F|
|poke|p1|Sylveon, M|
|poke|p2|Excadrill, M|
|poke|p2|Hydreigon, F|
|poke|p2|Togekiss, F|
|poke|p2|Lucario, M|
|poke|p2|Toxtricity, M|
|poke|p2|Dracovish|
|rule|Dynamax Clause: You cannot dynamax
|teampreview
|inactive|Battle timer is ON: inactive players will automatically lose when time's up. (requested by Sulferz)
|
|start
|switch|p1a: Excadrill|Excadrill, F|100/100
|switch|p2a: Birb|Togekiss, F|100/100
|-ability|p1a: Excadrill|Mold Breaker
|turn|1
|
|move|p1a: Excadrill|Iron Head|p2a: Birb
|-supereffective|p2a: Birb
|-damage|p2a: Birb|15/100
|cant|p2a: Birb|flinch
|
|-heal|p2a: Birb|22/100|[from] item: Leftovers
|upkeep
|turn|2
|
|switch|p2a: Draugen|Hydreigon, F, shiny|100/100
|move|p1a: Excadrill|Iron Head|p2a: Draugen
|-damage|p2a: Draugen|55/100
|
|upkeep
|turn|3
|
|move|p2a: Draugen|Earth Power|p1a: Excadrill
|-supereffective|p1a: Excadrill
|-damage|p1a: Excadrill|16/100
|move|p1a: Excadrill|Brick Break|p2a: Draugen
|-supereffective|p2a: Draugen
|-crit|p2a: Draugen
|-damage|p2a: Draugen|0 fnt
|faint|p2a: Draugen
|
|upkeep
|
|switch|p2a: LD|Lucario, M|100/100
|turn|4
|
|move|p2a: LD|Vacuum Wave|p1a: Excadrill
|-supereffective|p1a: Excadrill
|-damage|p1a: Excadrill|0 fnt
|faint|p1a: Excadrill
|
|upkeep
|
|switch|p1a: Toxapex|Toxapex, F|100/100
|turn|5
|
|switch|p2a: Blast|Toxtricity, M|100/100
|move|p1a: Toxapex|Baneful Bunker||[still]
|-fail|p1a: Toxapex
|
|upkeep
|turn|6
|
|switch|p1a: Eldegoss|Eldegoss, F|100/100
|move|p2a: Blast|Taunt|p1a: Eldegoss
|-start|p1a: Eldegoss|move: Taunt
|
|upkeep
|turn|7
|
|move|p2a: Blast|Sludge Bomb|p1a: Eldegoss
|-supereffective|p1a: Eldegoss
|-damage|p1a: Eldegoss|39/100
|move|p1a: Eldegoss|Leaf Storm|p2a: Blast
|-resisted|p2a: Blast
|-damage|p2a: Blast|75/100
|-unboost|p1a: Eldegoss|spa|2
|
|upkeep
|turn|8
|
|switch|p1a: Toxapex|Toxapex, F|100/100
|move|p2a: Blast|Sludge Bomb|p1a: Toxapex
|-resisted|p1a: Toxapex
|-damage|p1a: Toxapex|83/100
|
|-heal|p1a: Toxapex|89/100|[from] item: Black Sludge
|upkeep
|turn|9
|
|move|p2a: Blast|Overdrive|p1a: Toxapex
|-supereffective|p1a: Toxapex
|-damage|p1a: Toxapex|6/100
|-enditem|p2a: Blast|Throat Spray
|-boost|p2a: Blast|spa|1
|move|p1a: Toxapex|Scald|p2a: Blast
|-damage|p2a: Blast|52/100
|
|-heal|p1a: Toxapex|12/100|[from] item: Black Sludge
|upkeep
|turn|10
|
|move|p1a: Toxapex|Baneful Bunker|p1a: Toxapex
|-singleturn|p1a: Toxapex|move: Protect
|move|p2a: Blast|Overdrive|p1a: Toxapex
|-activate|p1a: Toxapex|move: Protect
|
|-heal|p1a: Toxapex|19/100|[from] item: Black Sludge
|upkeep
|turn|11
|
|switch|p1a: Eldegoss|Eldegoss, F|72/100
|move|p2a: Blast|Overdrive|p1a: Eldegoss
|-resisted|p1a: Eldegoss
|-damage|p1a: Eldegoss|49/100
|
|upkeep
|turn|12
|
|move|p2a: Blast|Sludge Bomb|p1a: Eldegoss
|-supereffective|p1a: Eldegoss
|-damage|p1a: Eldegoss|0 fnt
|faint|p1a: Eldegoss
|
|upkeep
|
|switch|p1a: Gengar|Gengar, M|100/100
|turn|13
|
|move|p1a: Gengar|Shadow Ball|p2a: Blast
|-damage|p2a: Blast|0 fnt
|faint|p2a: Blast
|
|upkeep
|
|switch|p2a: Klaue|Excadrill, M, shiny|100/100
|-ability|p2a: Klaue|Mold Breaker
|turn|14
|
|switch|p1a: Aegislash|Aegislash, M|100/100
|-item|p1a: Aegislash|Air Balloon
|move|p2a: Klaue|Earthquake|p1a: Aegislash
|-immune|p1a: Aegislash
|
|upkeep
|turn|15
|
|move|p2a: Klaue|Iron Head|p1a: Aegislash
|-resisted|p1a: Aegislash
|-damage|p1a: Aegislash|85/100
|-enditem|p1a: Aegislash|Air Balloon
|-formechange|p1a: Aegislash|Aegislash-Blade||[from] ability: Stance Change
|move|p1a: Aegislash|Sacred Sword|p2a: Klaue
|-supereffective|p2a: Klaue
|-damage|p2a: Klaue|0 fnt
|faint|p2a: Klaue
|
|upkeep
|
|switch|p2a: Birb|Togekiss, F|22/100
|turn|16
|
|move|p1a: Aegislash|Shadow Sneak|p2a: Birb
|-damage|p2a: Birb|0 fnt
|faint|p2a: Birb
|
|upkeep
|
|switch|p2a: Vibe Check|Dracovish|100/100
|turn|17
|
|-formechange|p1a: Aegislash|Aegislash||[from] ability: Stance Change
|move|p1a: Aegislash|King's Shield|p1a: Aegislash
|-singleturn|p1a: Aegislash|Protect
|move|p2a: Vibe Check|Fishious Rend|p1a: Aegislash
|-activate|p1a: Aegislash|move: Protect
|-unboost|p2a: Vibe Check|atk|1
|
|upkeep
|turn|18
|
|move|p2a: Vibe Check|Fishious Rend|p1a: Aegislash
|-damage|p1a: Aegislash|25/100
|move|p1a: Aegislash|Swords Dance|p1a: Aegislash
|-boost|p1a: Aegislash|atk|2
|
|upkeep
|turn|19
|
|move|p1a: Aegislash|King's Shield|p1a: Aegislash
|-singleturn|p1a: Aegislash|Protect
|move|p2a: Vibe Check|Fishious Rend|p1a: Aegislash
|-activate|p1a: Aegislash|move: Protect
|-unboost|p2a: Vibe Check|atk|1
|
|upkeep
|turn|20
|
|-formechange|p1a: Aegislash|Aegislash-Blade||[from] ability: Stance Change
|move|p1a: Aegislash|Shadow Sneak|p2a: Vibe Check
|-damage|p2a: Vibe Check|51/100
|move|p2a: Vibe Check|Fishious Rend|p1a: Aegislash
|-damage|p1a: Aegislash|0 fnt
|faint|p1a: Aegislash
|
|upkeep
|
|switch|p1a: Gengar|Gengar, M|100/100
|turn|21
|
|switch|p2a: LD|Lucario, M|100/100
|move|p1a: Gengar|Dazzling Gleam|p2a: LD
|-crit|p2a: LD
|-damage|p2a: LD|28/100
|
|-heal|p2a: LD|34/100|[from] item: Leftovers
|upkeep
|turn|22
|
|move|p1a: Gengar|Dazzling Gleam|p2a: LD
|-damage|p2a: LD|0 fnt
|faint|p2a: LD
|
|upkeep
|
|switch|p2a: Vibe Check|Dracovish|51/100
|turn|23
|
|move|p1a: Gengar|Dazzling Gleam|p2a: Vibe Check
|-supereffective|p2a: Vibe Check
|-damage|p2a: Vibe Check|0 fnt
|faint|p2a: Vibe Check
|
|win|Sulferz
|raw|Sulferz's rating: 1101 → 1123(+22 for winning)
|raw|denchkid22's rating: 1059 → 1042(-17 for losing)
|l|☆denchkid22
