|ScrapeTime|2020-01-02-09:04:55
|j|☆Quinroux
|j|☆raargha
|player|p1|Quinroux|169|1453
|player|p2|raargha|148|1513
|teamsize|p1|6
|teamsize|p2|6
|gametype|singles
|gen|8
|tier|[Gen 8] OU
|rated|
|rule|Sleep Clause Mod: Limit one foe put to sleep
|rule|Species Clause: Limit one of each Pokémon
|rule|OHKO Clause: OHKO moves are banned
|rule|Evasion Moves Clause: Evasion moves are banned
|rule|Endless Battle Clause: Forcing endless battles is banned
|rule|HP Percentage Mod: HP is shown in percentages
|clearpoke
|poke|p1|Dragapult, M|
|poke|p1|Rotom-Wash|
|poke|p1|Tyranitar, F|
|poke|p1|Corviknight, M|
|poke|p1|Mimikyu, M|
|poke|p1|Conkeldurr, M|
|poke|p2|Hydreigon, F|
|poke|p2|Corviknight, F|
|poke|p2|Seismitoad, M|
|poke|p2|Toxtricity, M|
|poke|p2|Dugtrio, M|
|poke|p2|Kommo-o, F|
|rule|Dynamax Clause: You cannot dynamax
|teampreview
|inactive|Battle timer is ON: inactive players will automatically lose when time's up. (requested by Quinroux)
|inactive|raargha has 120 seconds left.
|
|start
|switch|p1a: G.O.A.T|Tyranitar, F|100/100
|switch|p2a: Tox de la city|Toxtricity, M, shiny|100/100
|-weather|Sandstorm|[from] ability: Sand Stream|[of] p1a: G.O.A.T
|turn|1
|
|move|p2a: Tox de la city|Volt Switch|p1a: G.O.A.T
|-damage|p1a: G.O.A.T|79/100
|
|switch|p2a: A GrouGrou|Corviknight, F|100/100|[from]move: Volt Switch
|-ability|p2a: A GrouGrou|Pressure
|move|p1a: G.O.A.T|Stealth Rock|p2a: A GrouGrou
|-sidestart|p2: raargha|move: Stealth Rock
|
|-weather|Sandstorm|[upkeep]
|-heal|p1a: G.O.A.T|86/100|[from] item: Leftovers
|upkeep
|turn|2
|
|move|p2a: A GrouGrou|Defog|p1a: G.O.A.T
|-unboost|p1a: G.O.A.T|evasion|1
|-sideend|p2: raargha|Stealth Rock|[from] move: Defog|[of] p2a: A GrouGrou
|move|p1a: G.O.A.T|Thunder Wave|p2a: A GrouGrou|[miss]
|-miss|p1a: G.O.A.T|p2a: A GrouGrou
|
|-weather|Sandstorm|[upkeep]
|-heal|p1a: G.O.A.T|92/100|[from] item: Leftovers
|upkeep
|turn|3
|
|switch|p1a: Rotopute|Rotom-Wash|100/100
|move|p2a: A GrouGrou|U-turn|p1a: Rotopute
|-damage|p1a: Rotopute|89/100
|
|switch|p2a: Tox de la city|Toxtricity, M, shiny|100/100|[from]move: U-turn
|
|-weather|Sandstorm|[upkeep]
|-damage|p1a: Rotopute|83/100|[from] Sandstorm
|-damage|p2a: Tox de la city|94/100|[from] Sandstorm
|upkeep
|turn|4
|
|move|p1a: Rotopute|Volt Switch|p2a: Tox de la city
|-resisted|p2a: Tox de la city
|-damage|p2a: Tox de la city|76/100
|
|switch|p1a: Dragapute|Dragapult, M|100/100|[from]move: Volt Switch
|move|p2a: Tox de la city|Volt Switch|p1a: Dragapute
|-resisted|p1a: Dragapute
|-damage|p1a: Dragapute|66/100
|
|switch|p2a: Nem's Poulet|Hydreigon, F, shiny|100/100|[from]move: Volt Switch
|
|-weather|Sandstorm|[upkeep]
|-damage|p2a: Nem's Poulet|94/100|[from] Sandstorm
|-damage|p1a: Dragapute|60/100|[from] Sandstorm
|upkeep
|turn|5
|
|move|p2a: Nem's Poulet|Dark Pulse|p1a: Dragapute
|-supereffective|p1a: Dragapute
|-damage|p1a: Dragapute|0 fnt
|faint|p1a: Dragapute
|
|-weather|none
|upkeep
|
|switch|p1a: Mimikyu|Mimikyu, M|100/100
|turn|6
|
|switch|p2a: A GrouGrou|Corviknight, F|100/100
|-ability|p2a: A GrouGrou|Pressure
|move|p1a: Mimikyu|Swords Dance|p1a: Mimikyu
|-boost|p1a: Mimikyu|atk|2
|
|upkeep
|turn|7
|
|switch|p1a: Rotopute|Rotom-Wash|83/100
|move|p2a: A GrouGrou|U-turn|p1a: Rotopute
|-damage|p1a: Rotopute|71/100
|
|switch|p2a: La Bonne Pustule|Seismitoad, M, shiny|100/100|[from]move: U-turn
|
|upkeep
|turn|8
|
|move|p1a: Rotopute|Trick|p2a: La Bonne Pustule
|-activate|p1a: Rotopute|move: Trick|[of] p2a: La Bonne Pustule
|-item|p2a: La Bonne Pustule|Choice Scarf|[from] move: Trick
|-item|p1a: Rotopute|Leftovers|[from] move: Trick
|move|p2a: La Bonne Pustule|Stealth Rock|p1a: Rotopute
|-sidestart|p1: Quinroux|move: Stealth Rock
|
|-heal|p1a: Rotopute|77/100|[from] item: Leftovers
|upkeep
|turn|9
|
|switch|p2a: Tox de la city|Toxtricity, M, shiny|76/100
|move|p1a: Rotopute|Will-O-Wisp|p2a: Tox de la city|[miss]
|-miss|p1a: Rotopute|p2a: Tox de la city
|
|-heal|p1a: Rotopute|83/100|[from] item: Leftovers
|upkeep
|turn|10
|
|switch|p1a: G.O.A.T|Tyranitar, F|92/100
|-damage|p1a: G.O.A.T|79/100|[from] Stealth Rock
|-weather|Sandstorm|[from] ability: Sand Stream|[of] p1a: G.O.A.T
|move|p2a: Tox de la city|Overdrive|p1a: G.O.A.T
|-damage|p1a: G.O.A.T|52/100
|
|-weather|Sandstorm|[upkeep]
|-damage|p2a: Tox de la city|70/100|[from] Sandstorm
|-heal|p1a: G.O.A.T|58/100|[from] item: Leftovers
|upkeep
|turn|11
|
|move|p2a: Tox de la city|Overdrive|p1a: G.O.A.T
|-damage|p1a: G.O.A.T|29/100
|move|p1a: G.O.A.T|Stealth Rock|p2a: Tox de la city
|-sidestart|p2: raargha|move: Stealth Rock
|
|-weather|Sandstorm|[upkeep]
|-damage|p2a: Tox de la city|64/100|[from] Sandstorm
|-heal|p1a: G.O.A.T|36/100|[from] item: Leftovers
|upkeep
|turn|12
|
|switch|p1a: portuguesse|Conkeldurr, M|100/100
|-damage|p1a: portuguesse|94/100|[from] Stealth Rock
|move|p2a: Tox de la city|Overdrive|p1a: portuguesse
|-damage|p1a: portuguesse|10/100
|
|-weather|Sandstorm|[upkeep]
|-damage|p2a: Tox de la city|58/100|[from] Sandstorm
|-damage|p1a: portuguesse|4/100|[from] Sandstorm
|-status|p1a: portuguesse|brn|[from] item: Flame Orb
|upkeep
|turn|13
|
|move|p2a: Tox de la city|Overdrive|p1a: portuguesse
|-damage|p1a: portuguesse|0 fnt
|faint|p1a: portuguesse
|
|-weather|Sandstorm|[upkeep]
|-damage|p2a: Tox de la city|52/100|[from] Sandstorm
|upkeep
|
|switch|p1a: Mimikyu|Mimikyu, M|100/100
|-damage|p1a: Mimikyu|88/100|[from] Stealth Rock
|turn|14
|
|move|p1a: Mimikyu|Swords Dance|p1a: Mimikyu
|-boost|p1a: Mimikyu|atk|2
|move|p2a: Tox de la city|Overdrive|p1a: Mimikyu
|-activate|p1a: Mimikyu|ability: Disguise
|-damage|p1a: Mimikyu|88/100
|detailschange|p1a: Mimikyu|Mimikyu-Busted, M
|-damage|p1a: Mimikyu|76/100|[from] ability: Disguise|[of] p1a: Mimikyu
|
|-weather|none
|upkeep
|turn|15
|
|move|p1a: Mimikyu|Play Rough|p2a: Tox de la city
|-resisted|p2a: Tox de la city
|-damage|p2a: Tox de la city|0 fnt
|-damage|p1a: Mimikyu|66/100|[from] item: Life Orb
|faint|p2a: Tox de la city
|
|upkeep
|
|switch|p2a: Nem's Poulet|Hydreigon, F, shiny|94/100
|-damage|p2a: Nem's Poulet|82/100|[from] Stealth Rock
|turn|16
|
|switch|p1a: G.O.A.T|Tyranitar, F|36/100
|-damage|p1a: G.O.A.T|23/100|[from] Stealth Rock
|-weather|Sandstorm|[from] ability: Sand Stream|[of] p1a: G.O.A.T
|move|p2a: Nem's Poulet|Dark Pulse|p1a: G.O.A.T
|-resisted|p1a: G.O.A.T
|-damage|p1a: G.O.A.T|15/100
|
|-weather|Sandstorm|[upkeep]
|-damage|p2a: Nem's Poulet|76/100|[from] Sandstorm
|-heal|p1a: G.O.A.T|21/100|[from] item: Leftovers
|upkeep
|turn|17
|
|switch|p2a: A GrouGrou|Corviknight, F|100/100
|-damage|p2a: A GrouGrou|88/100|[from] Stealth Rock
|-ability|p2a: A GrouGrou|Pressure
|switch|p1a: Stallpgm|Corviknight, M|100/100
|-damage|p1a: Stallpgm|88/100|[from] Stealth Rock
|-ability|p1a: Stallpgm|Pressure
|
|-weather|Sandstorm|[upkeep]
|-heal|p1a: Stallpgm|94/100|[from] item: Leftovers
|upkeep
|turn|18
|
|move|p1a: Stallpgm|Taunt|p2a: A GrouGrou
|-start|p2a: A GrouGrou|move: Taunt
|cant|p2a: A GrouGrou|move: Taunt|Defog
|
|-weather|Sandstorm|[upkeep]
|-heal|p1a: Stallpgm|100/100|[from] item: Leftovers
|upkeep
|turn|19
|
|move|p1a: Stallpgm|Bulk Up|p1a: Stallpgm
|-boost|p1a: Stallpgm|atk|1
|-boost|p1a: Stallpgm|def|1
|move|p2a: A GrouGrou|U-turn|p1a: Stallpgm
|-resisted|p1a: Stallpgm
|-damage|p1a: Stallpgm|98/100
|
|switch|p2a: La Bonne Pustule|Seismitoad, M, shiny|100/100|[from]move: U-turn
|-damage|p2a: La Bonne Pustule|94/100|[from] Stealth Rock
|
|-weather|Sandstorm|[upkeep]
|-heal|p1a: Stallpgm|100/100|[from] item: Leftovers
|upkeep
|turn|20
|
|move|p2a: La Bonne Pustule|Scald|p1a: Stallpgm
|-damage|p1a: Stallpgm|79/100
|move|p1a: Stallpgm|Taunt|p2a: La Bonne Pustule
|-start|p2a: La Bonne Pustule|move: Taunt
|
|-weather|none
|-heal|p1a: Stallpgm|85/100|[from] item: Leftovers
|upkeep
|turn|21
|
|move|p2a: La Bonne Pustule|Scald|p1a: Stallpgm
|-damage|p1a: Stallpgm|61/100
|move|p1a: Stallpgm|Bulk Up|p1a: Stallpgm
|-boost|p1a: Stallpgm|atk|1
|-boost|p1a: Stallpgm|def|1
|
|-heal|p1a: Stallpgm|67/100|[from] item: Leftovers
|upkeep
|turn|22
|
|move|p2a: La Bonne Pustule|Scald|p1a: Stallpgm
|-damage|p1a: Stallpgm|44/100
|-status|p1a: Stallpgm|brn
|move|p1a: Stallpgm|Bulk Up|p1a: Stallpgm
|-boost|p1a: Stallpgm|atk|1
|-boost|p1a: Stallpgm|def|1
|
|-heal|p1a: Stallpgm|50/100 brn|[from] item: Leftovers
|-damage|p1a: Stallpgm|44/100 brn|[from] brn
|upkeep
|turn|23
|
|switch|p2a: Nem's Poulet|Hydreigon, F, shiny|76/100
|-damage|p2a: Nem's Poulet|64/100|[from] Stealth Rock
|move|p1a: Stallpgm|Roost|p1a: Stallpgm
|-heal|p1a: Stallpgm|94/100 brn
|-singleturn|p1a: Stallpgm|move: Roost
|
|-heal|p1a: Stallpgm|100/100 brn|[from] item: Leftovers
|-damage|p1a: Stallpgm|94/100 brn|[from] brn
|upkeep
|turn|24
|
|move|p2a: Nem's Poulet|Flamethrower|p1a: Stallpgm
|-supereffective|p1a: Stallpgm
|-damage|p1a: Stallpgm|30/100 brn
|move|p1a: Stallpgm|Brave Bird|p2a: Nem's Poulet
|-crit|p2a: Nem's Poulet
|-damage|p2a: Nem's Poulet|0 fnt
|-damage|p1a: Stallpgm|13/100 brn|[from] Recoil
|faint|p2a: Nem's Poulet
|
|-heal|p1a: Stallpgm|19/100 brn|[from] item: Leftovers
|-damage|p1a: Stallpgm|13/100 brn|[from] brn
|upkeep
|
|switch|p2a: Xx-DarkSasuké-xX|Kommo-o, F|100/100
|-damage|p2a: Xx-DarkSasuké-xX|94/100|[from] Stealth Rock
|turn|25
|
|move|p2a: Xx-DarkSasuké-xX|Aura Sphere|p1a: Stallpgm
|-damage|p1a: Stallpgm|0 fnt
|faint|p1a: Stallpgm
|
|upkeep
|
|switch|p1a: Mimikyu|Mimikyu-Busted, M|66/100
|-damage|p1a: Mimikyu|53/100|[from] Stealth Rock
|turn|26
|
|switch|p1a: Rotopute|Rotom-Wash|83/100
|-damage|p1a: Rotopute|71/100|[from] Stealth Rock
|switch|p2a: La Bonne Pustule|Seismitoad, M, shiny|94/100
|-damage|p2a: La Bonne Pustule|88/100|[from] Stealth Rock
|
|-heal|p1a: Rotopute|77/100|[from] item: Leftovers
|upkeep
|turn|27
|
|move|p2a: La Bonne Pustule|Toxic|p1a: Rotopute
|-status|p1a: Rotopute|tox
|move|p1a: Rotopute|Will-O-Wisp|p2a: La Bonne Pustule
|-status|p2a: La Bonne Pustule|brn
|
|-heal|p1a: Rotopute|83/100 tox|[from] item: Leftovers
|-damage|p2a: La Bonne Pustule|82/100 brn|[from] brn
|-damage|p1a: Rotopute|77/100 tox|[from] psn
|upkeep
|turn|28
|
|switch|p1a: G.O.A.T|Tyranitar, F|21/100
|-damage|p1a: G.O.A.T|9/100|[from] Stealth Rock
|-weather|Sandstorm|[from] ability: Sand Stream|[of] p1a: G.O.A.T
|move|p2a: La Bonne Pustule|Toxic|p1a: G.O.A.T
|-status|p1a: G.O.A.T|tox
|
|-weather|Sandstorm|[upkeep]
|-heal|p1a: G.O.A.T|15/100 tox|[from] item: Leftovers
|-damage|p2a: La Bonne Pustule|76/100 brn|[from] brn
|-damage|p1a: G.O.A.T|9/100 tox|[from] psn
|upkeep
|turn|29
|
|move|p2a: La Bonne Pustule|Toxic|p1a: G.O.A.T
|-fail|p1a: G.O.A.T|tox
|move|p1a: G.O.A.T|Stone Edge|p2a: La Bonne Pustule|[miss]
|-miss|p1a: G.O.A.T|p2a: La Bonne Pustule
|
|-weather|Sandstorm|[upkeep]
|-heal|p1a: G.O.A.T|15/100 tox|[from] item: Leftovers
|-damage|p2a: La Bonne Pustule|70/100 brn|[from] brn
|-damage|p1a: G.O.A.T|2/100 tox|[from] psn
|upkeep
|turn|30
|
|move|p2a: La Bonne Pustule|Toxic|p1a: G.O.A.T
|-fail|p1a: G.O.A.T|tox
|move|p1a: G.O.A.T|Stone Edge|p2a: La Bonne Pustule
|-resisted|p2a: La Bonne Pustule
|-damage|p2a: La Bonne Pustule|47/100 brn
|
|-weather|Sandstorm|[upkeep]
|-heal|p1a: G.O.A.T|9/100 tox|[from] item: Leftovers
|-damage|p2a: La Bonne Pustule|41/100 brn|[from] brn
|-damage|p1a: G.O.A.T|0 fnt|[from] psn
|faint|p1a: G.O.A.T
|upkeep
|
|switch|p1a: Rotopute|Rotom-Wash|77/100 tox
|-damage|p1a: Rotopute|65/100 tox|[from] Stealth Rock
|turn|31
|
|switch|p2a: A GrouGrou|Corviknight, F|88/100
|-damage|p2a: A GrouGrou|75/100|[from] Stealth Rock
|-ability|p2a: A GrouGrou|Pressure
|switch|p1a: Mimikyu|Mimikyu-Busted, M|53/100
|-damage|p1a: Mimikyu|41/100|[from] Stealth Rock
|
|-weather|Sandstorm|[upkeep]
|-damage|p1a: Mimikyu|35/100|[from] Sandstorm
|upkeep
|turn|32
|
|move|p1a: Mimikyu|Swords Dance|p1a: Mimikyu
|-boost|p1a: Mimikyu|atk|2
|move|p2a: A GrouGrou|Defog|p1a: Mimikyu
|-unboost|p1a: Mimikyu|evasion|1
|-sideend|p1: Quinroux|Stealth Rock|[from] move: Defog|[of] p2a: A GrouGrou
|-sideend|p2: raargha|Stealth Rock|[from] move: Defog|[of] p2a: A GrouGrou
|
|-weather|none
|upkeep
|turn|33
|
|move|p1a: Mimikyu|Drain Punch|p2a: A GrouGrou
|-damage|p2a: A GrouGrou|31/100
|-heal|p1a: Mimikyu|71/100|[from] drain|[of] p2a: A GrouGrou
|-damage|p1a: Mimikyu|55/100|[from] item: Rocky Helmet|[of] p2a: A GrouGrou
|-damage|p1a: Mimikyu|45/100|[from] item: Life Orb
|move|p2a: A GrouGrou|Brave Bird|p1a: Mimikyu
|-damage|p1a: Mimikyu|0 fnt
|-damage|p2a: A GrouGrou|21/100|[from] Recoil
|faint|p1a: Mimikyu
|
|upkeep
|
|switch|p1a: Rotopute|Rotom-Wash|65/100 tox
|turn|34
|
|move|p1a: Rotopute|Volt Switch|p2a: A GrouGrou
|-supereffective|p2a: A GrouGrou
|-damage|p2a: A GrouGrou|0 fnt
|faint|p2a: A GrouGrou
|
|-heal|p1a: Rotopute|71/100 tox|[from] item: Leftovers
|-damage|p1a: Rotopute|65/100 tox|[from] psn
|upkeep
|
|switch|p2a: Xx-DarkSasuké-xX|Kommo-o, F|94/100
|turn|35
|
|move|p2a: Xx-DarkSasuké-xX|Clanging Scales|p1a: Rotopute
|-damage|p1a: Rotopute|11/100 tox
|-unboost|p2a: Xx-DarkSasuké-xX|def|1
|-enditem|p2a: Xx-DarkSasuké-xX|Throat Spray
|-boost|p2a: Xx-DarkSasuké-xX|spa|1
|move|p1a: Rotopute|Will-O-Wisp|p2a: Xx-DarkSasuké-xX
|-status|p2a: Xx-DarkSasuké-xX|brn
|
|-heal|p1a: Rotopute|17/100 tox|[from] item: Leftovers
|-damage|p2a: Xx-DarkSasuké-xX|88/100 brn|[from] brn
|-damage|p1a: Rotopute|5/100 tox|[from] psn
|upkeep
|turn|36
|
|move|p2a: Xx-DarkSasuké-xX|Clanging Scales|p1a: Rotopute
|-damage|p1a: Rotopute|0 fnt
|-unboost|p2a: Xx-DarkSasuké-xX|def|1
|faint|p1a: Rotopute
|
|win|raargha
|l|☆Quinroux
|raw|Quinroux's rating: 1453 → 1436(-17 for losing)
|raw|raargha's rating: 1513 → 1529(+16 for winning)
