|ScrapeTime|2020-01-02-05:26:26
|j|☆Lemon_T981
|j|☆AndreiMallare12
|player|p1|Lemon_T981|benga|1000
|player|p2|AndreiMallare12|137|1048
|teamsize|p1|6
|teamsize|p2|6
|gametype|singles
|gen|8
|tier|[Gen 8] OU
|rated|
|rule|Sleep Clause Mod: Limit one foe put to sleep
|rule|Species Clause: Limit one of each Pokémon
|rule|OHKO Clause: OHKO moves are banned
|rule|Evasion Moves Clause: Evasion moves are banned
|rule|Endless Battle Clause: Forcing endless battles is banned
|rule|HP Percentage Mod: HP is shown in percentages
|clearpoke
|poke|p1|Grimmsnarl, M|
|poke|p1|Dracovish|
|poke|p1|Toxtricity-Low-Key, M|
|poke|p1|Barraskewda, M|
|poke|p1|Ferrothorn, F|
|poke|p1|Sirfetch'd, F|
|poke|p2|Corviknight, M|
|poke|p2|Dragapult, M|
|poke|p2|Toxtricity, M|
|poke|p2|Dracovish|
|poke|p2|Cinderace, M|
|poke|p2|Seismitoad, M|
|rule|Dynamax Clause: You cannot dynamax
|teampreview
|
|start
|switch|p1a: Ferrothorn|Ferrothorn, F|100/100
|switch|p2a: Cinderace|Cinderace, M|100/100
|turn|1
|
|move|p2a: Cinderace|Pyro Ball|p1a: Ferrothorn
|-supereffective|p1a: Ferrothorn
|-damage|p1a: Ferrothorn|0 fnt
|faint|p1a: Ferrothorn
|
|upkeep
|
|switch|p1a: Sirfetch'd|Sirfetch'd, F|100/100
|turn|2
|
|move|p2a: Cinderace|Pyro Ball|p1a: Sirfetch'd
|-damage|p1a: Sirfetch'd|23/100
|move|p1a: Sirfetch'd|Knock Off|p2a: Cinderace
|-damage|p2a: Cinderace|8/100
|-enditem|p2a: Cinderace|Flame Plate|[from] move: Knock Off|[of] p1a: Sirfetch'd
|
|upkeep
|turn|3
|
|move|p2a: Cinderace|Pyro Ball|p1a: Sirfetch'd
|-damage|p1a: Sirfetch'd|0 fnt
|faint|p1a: Sirfetch'd
|
|upkeep
|
|switch|p1a: Moro|Grimmsnarl, M|100/100
|turn|4
|
|move|p1a: Moro|Sucker Punch|p2a: Cinderace
|-damage|p2a: Cinderace|0 fnt
|faint|p2a: Cinderace
|
|upkeep
|
|switch|p2a: Corviknight|Corviknight, M|100/100
|turn|5
|
|move|p1a: Moro|Darkest Lariat|p2a: Corviknight
|-damage|p2a: Corviknight|73/100
|move|p2a: Corviknight|Iron Head|p1a: Moro
|-supereffective|p1a: Moro
|-damage|p1a: Moro|23/100
|
|upkeep
|turn|6
|
|move|p1a: Moro|Darkest Lariat|p2a: Corviknight
|-damage|p2a: Corviknight|46/100
|move|p2a: Corviknight|Iron Head|p1a: Moro
|-supereffective|p1a: Moro
|-damage|p1a: Moro|0 fnt
|faint|p1a: Moro
|
|upkeep
|
|switch|p1a: Barraskewda|Barraskewda, M|100/100
|turn|7
|
|move|p1a: Barraskewda|Psychic Fangs|p2a: Corviknight
|-resisted|p2a: Corviknight
|-damage|p2a: Corviknight|32/100
|move|p2a: Corviknight|Roost|p2a: Corviknight
|-heal|p2a: Corviknight|82/100
|-singleturn|p2a: Corviknight|move: Roost
|
|upkeep
|turn|8
|
|move|p1a: Barraskewda|Psychic Fangs|p2a: Corviknight
|-resisted|p2a: Corviknight
|-damage|p2a: Corviknight|69/100
|move|p2a: Corviknight|Bulk Up|p2a: Corviknight
|-boost|p2a: Corviknight|atk|1
|-boost|p2a: Corviknight|def|1
|
|upkeep
|turn|9
|
|move|p1a: Barraskewda|Psychic Fangs|p2a: Corviknight
|-resisted|p2a: Corviknight
|-damage|p2a: Corviknight|60/100
|move|p2a: Corviknight|Bulk Up|p2a: Corviknight
|-boost|p2a: Corviknight|atk|1
|-boost|p2a: Corviknight|def|1
|
|upkeep
|turn|10
|-message|Lemon_T981 forfeited.
|
|win|AndreiMallare12
|l|☆Lemon_T981
