|ScrapeTime|2020-01-01-05:15:53
|j|☆fatherm90
|j|☆KING_OF_JUPITER500
|player|p1|fatherm90|pokefan|
|player|p2|KING_OF_JUPITER500|dancer|
|teamsize|p1|6
|teamsize|p2|6
|gametype|singles
|gen|8
|tier|[Gen 8] OU
|rule|Sleep Clause Mod: Limit one foe put to sleep
|rule|Species Clause: Limit one of each Pokémon
|rule|OHKO Clause: OHKO moves are banned
|rule|Evasion Moves Clause: Evasion moves are banned
|rule|Endless Battle Clause: Forcing endless battles is banned
|rule|HP Percentage Mod: HP is shown in percentages
|clearpoke
|poke|p1|Tyranitar, M|
|poke|p1|Cinderace, F|
|poke|p1|Tsareena, F|
|poke|p1|Clefable, F|
|poke|p1|Seismitoad, F|
|poke|p1|Galvantula, F|
|poke|p2|Corsola-Galar, M|
|poke|p2|Corviknight, F|
|poke|p2|Frosmoth, M|
|poke|p2|Falinks|
|poke|p2|Grimmsnarl, M|
|poke|p2|Dracozolt|
|rule|Dynamax Clause: You cannot dynamax
|teampreview
|inactive|Battle timer is ON: inactive players will automatically lose when time's up. (requested by KING_OF_JUPITER500)
|inactive|fatherm90 has 270 seconds left.
|
|start
|switch|p1a: Cinderace|Cinderace, F|100/100
|switch|p2a: Grimmsnarl|Grimmsnarl, M|100/100
|turn|1
|
|move|p2a: Grimmsnarl|Taunt|p1a: Cinderace
|-start|p1a: Cinderace|move: Taunt
|move|p1a: Cinderace|Pyro Ball|p2a: Grimmsnarl
|-damage|p2a: Grimmsnarl|45/100
|
|upkeep
|turn|2
|
|move|p2a: Grimmsnarl|Reflect|p2a: Grimmsnarl
|-sidestart|p2: KING_OF_JUPITER500|Reflect
|move|p1a: Cinderace|Pyro Ball|p2a: Grimmsnarl
|-damage|p2a: Grimmsnarl|18/100
|-status|p2a: Grimmsnarl|brn
|
|-damage|p2a: Grimmsnarl|12/100 brn|[from] brn
|upkeep
|turn|3
|
|move|p2a: Grimmsnarl|Light Screen|p2a: Grimmsnarl
|-sidestart|p2: KING_OF_JUPITER500|move: Light Screen
|move|p1a: Cinderace|Pyro Ball|p2a: Grimmsnarl
|-damage|p2a: Grimmsnarl|0 fnt
|faint|p2a: Grimmsnarl
|
|-end|p1a: Cinderace|move: Taunt
|upkeep
|
|switch|p2a: Corsola|Corsola-Galar, M|100/100
|turn|4
|
|move|p1a: Cinderace|Taunt|p2a: Corsola
|-start|p2a: Corsola|move: Taunt
|cant|p2a: Corsola|move: Taunt|Stealth Rock
|
|upkeep
|turn|5
|
|move|p1a: Cinderace|Court Change|p1a: Cinderace
|-sideend|p2: KING_OF_JUPITER500|Light Screen|[silent]
|-sidestart|p1: fatherm90|Light Screen|[silent]
|-sideend|p2: KING_OF_JUPITER500|Reflect|[silent]
|-sidestart|p1: fatherm90|Reflect|[silent]
|-activate|p1a: Cinderace|move: Court Change
|move|p2a: Corsola|Night Shade|p1a: Cinderace
|-damage|p1a: Cinderace|67/100
|
|upkeep
|turn|6
|
|switch|p1a: Tyranitar|Tyranitar, M|100/100
|-weather|Sandstorm|[from] ability: Sand Stream|[of] p1a: Tyranitar
|move|p2a: Corsola|Night Shade|p1a: Tyranitar
|-damage|p1a: Tyranitar|73/100
|
|-weather|Sandstorm|[upkeep]
|-damage|p2a: Corsola|94/100|[from] Sandstorm
|-end|p2a: Corsola|move: Taunt
|upkeep
|turn|7
|
|move|p1a: Tyranitar|Dragon Dance|p1a: Tyranitar
|-boost|p1a: Tyranitar|atk|1
|-boost|p1a: Tyranitar|spe|1
|move|p2a: Corsola|Strength Sap|p1a: Tyranitar
|-unboost|p1a: Tyranitar|atk|1
|-heal|p2a: Corsola|100/100
|
|-weather|Sandstorm|[upkeep]
|-damage|p2a: Corsola|94/100|[from] Sandstorm
|upkeep
|turn|8
|
|move|p1a: Tyranitar|Dragon Dance|p1a: Tyranitar
|-boost|p1a: Tyranitar|atk|1
|-boost|p1a: Tyranitar|spe|1
|move|p2a: Corsola|Will-O-Wisp|p1a: Tyranitar
|-status|p1a: Tyranitar|brn
|
|-weather|Sandstorm|[upkeep]
|-damage|p2a: Corsola|88/100|[from] Sandstorm
|-damage|p1a: Tyranitar|67/100 brn|[from] brn
|upkeep
|turn|9
|
|move|p1a: Tyranitar|Dragon Dance|p1a: Tyranitar
|-boost|p1a: Tyranitar|atk|1
|-boost|p1a: Tyranitar|spe|1
|move|p2a: Corsola|Strength Sap|p1a: Tyranitar
|-unboost|p1a: Tyranitar|atk|1
|-heal|p2a: Corsola|100/100
|
|-weather|Sandstorm|[upkeep]
|-damage|p2a: Corsola|94/100|[from] Sandstorm
|-damage|p1a: Tyranitar|60/100 brn|[from] brn
|-sideend|p1: fatherm90|Reflect
|upkeep
|turn|10
|
|move|p1a: Tyranitar|Stone Edge|p2a: Corsola
|-damage|p2a: Corsola|73/100
|move|p2a: Corsola|Strength Sap|p1a: Tyranitar
|-unboost|p1a: Tyranitar|atk|1
|-heal|p2a: Corsola|100/100
|
|-weather|none
|-damage|p1a: Tyranitar|54/100 brn|[from] brn
|-sideend|p1: fatherm90|move: Light Screen
|upkeep
|turn|11
|inactive|fatherm90 has 270 seconds left.
|
|switch|p1a: Cinderace|Cinderace, F|67/100
|move|p2a: Corsola|Night Shade|p1a: Cinderace
|-damage|p1a: Cinderace|34/100
|
|upkeep
|turn|12
|
|move|p1a: Cinderace|Taunt|p2a: Corsola
|-start|p2a: Corsola|move: Taunt
|cant|p2a: Corsola|move: Taunt|Strength Sap
|
|upkeep
|turn|13
|
|move|p1a: Cinderace|Pyro Ball|p2a: Corsola
|-damage|p2a: Corsola|66/100
|move|p2a: Corsola|Night Shade|p1a: Cinderace
|-damage|p1a: Cinderace|1/100
|
|upkeep
|turn|14
|inactive|fatherm90 has 270 seconds left.
|
|move|p1a: Cinderace|Pyro Ball|p2a: Corsola
|-damage|p2a: Corsola|17/100
|move|p2a: Corsola|Night Shade|p1a: Cinderace
|-damage|p1a: Cinderace|0 fnt
|faint|p1a: Cinderace
|
|-end|p2a: Corsola|move: Taunt
|upkeep
|inactive|fatherm90 has 270 seconds left.
|
|switch|p1a: Clefable|Clefable, F|100/100
|turn|15
|
|switch|p2a: Corviknight|Corviknight, F|100/100
|-ability|p2a: Corviknight|Pressure
|move|p1a: Clefable|Flamethrower|p2a: Corviknight
|-supereffective|p2a: Corviknight
|-damage|p2a: Corviknight|41/100
|-status|p2a: Corviknight|brn
|
|-heal|p2a: Corviknight|47/100 brn|[from] item: Leftovers
|-damage|p2a: Corviknight|41/100 brn|[from] brn
|upkeep
|turn|16
|inactive|fatherm90 has 270 seconds left.
|
|move|p2a: Corviknight|Roost|p2a: Corviknight
|-heal|p2a: Corviknight|91/100 brn
|-singleturn|p2a: Corviknight|move: Roost
|move|p1a: Clefable|Flamethrower|p2a: Corviknight
|-supereffective|p2a: Corviknight
|-crit|p2a: Corviknight
|-damage|p2a: Corviknight|9/100 brn
|
|-heal|p2a: Corviknight|16/100 brn|[from] item: Leftovers
|-damage|p2a: Corviknight|9/100 brn|[from] brn
|upkeep
|turn|17
|inactive|fatherm90 has 270 seconds left.
|
|move|p2a: Corviknight|Brave Bird|p1a: Clefable
|-damage|p1a: Clefable|79/100
|-damage|p2a: Corviknight|3/100 brn|[from] Recoil
|move|p1a: Clefable|Flamethrower|p2a: Corviknight
|-supereffective|p2a: Corviknight
|-damage|p2a: Corviknight|0 fnt
|faint|p2a: Corviknight
|
|upkeep
|inactive|KING_OF_JUPITER500 has 270 seconds left.
|
|switch|p2a: Dracozolt|Dracozolt|100/100
|turn|18
|inactive|KING_OF_JUPITER500 has 240 seconds left.
|inactive|KING_OF_JUPITER500 has 210 seconds left.
|
|move|p2a: Dracozolt|Earthquake|p1a: Clefable
|-damage|p1a: Clefable|5/100
|move|p1a: Clefable|Moonblast|p2a: Dracozolt
|-supereffective|p2a: Dracozolt
|-damage|p2a: Dracozolt|0 fnt
|faint|p2a: Dracozolt
|
|upkeep
|
|switch|p2a: Falinks|Falinks|100/100
|turn|19
|
|move|p2a: Falinks|Zen Headbutt|p1a: Clefable
|-damage|p1a: Clefable|0 fnt
|-damage|p2a: Falinks|91/100|[from] item: Life Orb
|faint|p1a: Clefable
|
|upkeep
|
|switch|p1a: Seismitoad|Seismitoad, F|100/100
|turn|20
|
|move|p2a: Falinks|No Retreat|p2a: Falinks
|-boost|p2a: Falinks|atk|1
|-boost|p2a: Falinks|def|1
|-boost|p2a: Falinks|spa|1
|-boost|p2a: Falinks|spd|1
|-boost|p2a: Falinks|spe|1
|-start|p2a: Falinks|move: No Retreat
|move|p1a: Seismitoad|Toxic|p2a: Falinks
|-status|p2a: Falinks|tox
|
|-damage|p2a: Falinks|85/100 tox|[from] psn
|upkeep
|turn|21
|
|move|p2a: Falinks|Close Combat|p1a: Seismitoad
|-damage|p1a: Seismitoad|33/100
|-unboost|p2a: Falinks|def|1
|-unboost|p2a: Falinks|spd|1
|-damage|p2a: Falinks|75/100 tox|[from] item: Life Orb
|move|p1a: Seismitoad|Liquidation|p2a: Falinks
|-damage|p2a: Falinks|39/100 tox
|
|-heal|p1a: Seismitoad|39/100|[from] item: Leftovers
|-damage|p2a: Falinks|27/100 tox|[from] psn
|upkeep
|turn|22
|inactive|fatherm90 has 270 seconds left.
|
|move|p2a: Falinks|Close Combat|p1a: Seismitoad
|-damage|p1a: Seismitoad|0 fnt
|-unboost|p2a: Falinks|def|1
|-unboost|p2a: Falinks|spd|1
|-damage|p2a: Falinks|17/100 tox|[from] item: Life Orb
|faint|p1a: Seismitoad
|
|-damage|p2a: Falinks|0 fnt|[from] psn
|faint|p2a: Falinks
|upkeep
|inactive|fatherm90 has 270 seconds left.
|
|switch|p2a: Frosmoth|Frosmoth, M|100/100
|switch|p1a: Galvantula|Galvantula, F|100/100
|turn|23
|
|move|p1a: Galvantula|Volt Switch|p2a: Frosmoth
|-damage|p2a: Frosmoth|79/100
|
|switch|p1a: Tyranitar|Tyranitar, M|54/100 brn|[from]move: Volt Switch
|-weather|Sandstorm|[from] ability: Sand Stream|[of] p1a: Tyranitar
|move|p2a: Frosmoth|Quiver Dance|p2a: Frosmoth
|-boost|p2a: Frosmoth|spa|1
|-boost|p2a: Frosmoth|spd|1
|-boost|p2a: Frosmoth|spe|1
|
|-weather|Sandstorm|[upkeep]
|-damage|p2a: Frosmoth|73/100|[from] Sandstorm
|-damage|p1a: Tyranitar|48/100 brn|[from] brn
|upkeep
|turn|24
|
|move|p1a: Tyranitar|Protect|p1a: Tyranitar
|-singleturn|p1a: Tyranitar|Protect
|move|p2a: Frosmoth|Bug Buzz|p1a: Tyranitar
|-activate|p1a: Tyranitar|move: Protect
|
|-weather|Sandstorm|[upkeep]
|-damage|p2a: Frosmoth|67/100|[from] Sandstorm
|-damage|p1a: Tyranitar|42/100 brn|[from] brn
|upkeep
|turn|25
|
|move|p2a: Frosmoth|Bug Buzz|p1a: Tyranitar
|-supereffective|p1a: Tyranitar
|-damage|p1a: Tyranitar|0 fnt
|faint|p1a: Tyranitar
|
|-weather|Sandstorm|[upkeep]
|-damage|p2a: Frosmoth|61/100|[from] Sandstorm
|upkeep
|
|switch|p1a: Galvantula|Galvantula, F|100/100
|turn|26
|
|move|p2a: Frosmoth|Quiver Dance|p2a: Frosmoth
|-boost|p2a: Frosmoth|spa|1
|-boost|p2a: Frosmoth|spd|1
|-boost|p2a: Frosmoth|spe|1
|move|p1a: Galvantula|Bug Buzz|p2a: Frosmoth
|-damage|p2a: Frosmoth|47/100
|
|-weather|Sandstorm|[upkeep]
|-damage|p2a: Frosmoth|41/100|[from] Sandstorm
|-damage|p1a: Galvantula|94/100|[from] Sandstorm
|upkeep
|turn|27
|
|move|p2a: Frosmoth|Ice Beam|p1a: Galvantula
|-damage|p1a: Galvantula|0 fnt
|faint|p1a: Galvantula
|
|-weather|none
|upkeep
|
|switch|p1a: Tsareena|Tsareena, F|100/100
|turn|28
|inactive|fatherm90 has 240 seconds left.
|
|move|p2a: Frosmoth|Ice Beam|p1a: Tsareena
|-supereffective|p1a: Tsareena
|-damage|p1a: Tsareena|0 fnt
|faint|p1a: Tsareena
|
|win|KING_OF_JUPITER500
