|ScrapeTime|2020-01-01-14:05:25
|j|☆Skirmisher001
|j|☆ImDaTa
|player|p1|Skirmisher001|29|1357
|player|p2|ImDaTa|135|1369
|teamsize|p1|6
|teamsize|p2|6
|gametype|singles
|gen|8
|tier|[Gen 8] OU
|rated|
|rule|Sleep Clause Mod: Limit one foe put to sleep
|rule|Species Clause: Limit one of each Pokémon
|rule|OHKO Clause: OHKO moves are banned
|rule|Evasion Moves Clause: Evasion moves are banned
|rule|Endless Battle Clause: Forcing endless battles is banned
|rule|HP Percentage Mod: HP is shown in percentages
|clearpoke
|poke|p1|Clefable, F|
|poke|p1|Toxapex, M|
|poke|p1|Corsola-Galar, F|
|poke|p1|Ferrothorn, M|
|poke|p1|Excadrill, F|
|poke|p1|Tyranitar, M|
|poke|p2|Alcremie, F|
|poke|p2|Seismitoad, F|
|poke|p2|Corviknight, M|
|poke|p2|Ditto|
|poke|p2|Rotom-Wash|
|poke|p2|Dragapult, F|
|rule|Dynamax Clause: You cannot dynamax
|teampreview
|
|start
|switch|p1a: Corsola|Corsola-Galar, F|100/100
|switch|p2a: Dragapult|Dragapult, F|100/100
|turn|1
|
|move|p2a: Dragapult|Shadow Ball|p1a: Corsola
|-supereffective|p1a: Corsola
|-damage|p1a: Corsola|52/100
|move|p1a: Corsola|Strength Sap|p2a: Dragapult
|-unboost|p2a: Dragapult|atk|1
|-heal|p1a: Corsola|100/100
|
|upkeep
|turn|2
|inactive|Battle timer is ON: inactive players will automatically lose when time's up. (requested by ImDaTa)
|
|move|p2a: Dragapult|Shadow Ball|p1a: Corsola
|-supereffective|p1a: Corsola
|-damage|p1a: Corsola|44/100
|move|p1a: Corsola|Stealth Rock|p2a: Dragapult
|-sidestart|p2: ImDaTa|move: Stealth Rock
|
|upkeep
|turn|3
|
|switch|p2a: Alcremie|Alcremie, F|100/100
|-damage|p2a: Alcremie|88/100|[from] Stealth Rock
|switch|p1a: Tyranitar|Tyranitar, M|100/100
|-weather|Sandstorm|[from] ability: Sand Stream|[of] p1a: Tyranitar
|
|-weather|Sandstorm|[upkeep]
|-damage|p2a: Alcremie|82/100|[from] Sandstorm
|-heal|p2a: Alcremie|88/100|[from] item: Leftovers
|upkeep
|turn|4
|
|move|p2a: Alcremie|Decorate|p1a: Tyranitar
|-boost|p1a: Tyranitar|atk|2
|-boost|p1a: Tyranitar|spa|2
|move|p1a: Tyranitar|Thunder Wave|p2a: Alcremie
|-status|p2a: Alcremie|par
|
|-weather|Sandstorm|[upkeep]
|-damage|p2a: Alcremie|82/100 par|[from] Sandstorm
|-heal|p2a: Alcremie|88/100 par|[from] item: Leftovers
|upkeep
|turn|5
|inactive|Skirmisher001 has 120 seconds left.
|
|move|p1a: Tyranitar|Thunder Wave|p2a: Alcremie
|-fail|p2a: Alcremie|par
|cant|p2a: Alcremie|par
|
|-weather|Sandstorm|[upkeep]
|-damage|p2a: Alcremie|82/100 par|[from] Sandstorm
|-heal|p2a: Alcremie|88/100 par|[from] item: Leftovers
|upkeep
|turn|6
|
|switch|p1a: Corsola|Corsola-Galar, F|44/100
|move|p2a: Alcremie|Aromatherapy|p2a: Alcremie
|-activate|p2a: Alcremie|move: Aromatherapy
|-curestatus|p2a: Alcremie|par|[msg]
|
|-weather|Sandstorm|[upkeep]
|-damage|p2a: Alcremie|82/100|[from] Sandstorm
|-damage|p1a: Corsola|38/100|[from] Sandstorm
|-heal|p2a: Alcremie|88/100|[from] item: Leftovers
|upkeep
|turn|7
|
|switch|p2a: Seismitoad|Seismitoad, F|100/100
|-damage|p2a: Seismitoad|94/100|[from] Stealth Rock
|switch|p1a: Ferrothorn|Ferrothorn, M|100/100
|
|-weather|none
|-heal|p2a: Seismitoad|100/100|[from] item: Leftovers
|upkeep
|turn|8
|
|move|p2a: Seismitoad|Stealth Rock|p1a: Ferrothorn
|-sidestart|p1: Skirmisher001|move: Stealth Rock
|move|p1a: Ferrothorn|Knock Off|p2a: Seismitoad
|-damage|p2a: Seismitoad|84/100
|-enditem|p2a: Seismitoad|Leftovers|[from] move: Knock Off|[of] p1a: Ferrothorn
|
|upkeep
|turn|9
|
|switch|p2a: Dragapult|Dragapult, F|100/100
|-damage|p2a: Dragapult|88/100|[from] Stealth Rock
|move|p1a: Ferrothorn|Spikes|p2a: Dragapult
|-sidestart|p2: ImDaTa|Spikes
|
|upkeep
|turn|10
|
|switch|p1a: Tyranitar|Tyranitar, M|100/100
|-damage|p1a: Tyranitar|88/100|[from] Stealth Rock
|-weather|Sandstorm|[from] ability: Sand Stream|[of] p1a: Tyranitar
|move|p2a: Dragapult|Fire Blast|p1a: Tyranitar
|-resisted|p1a: Tyranitar
|-damage|p1a: Tyranitar|78/100
|
|-weather|Sandstorm|[upkeep]
|-damage|p2a: Dragapult|82/100|[from] Sandstorm
|upkeep
|turn|11
|
|switch|p2a: Seismitoad|Seismitoad, F|84/100
|-damage|p2a: Seismitoad|78/100|[from] Stealth Rock
|-damage|p2a: Seismitoad|66/100|[from] Spikes
|move|p1a: Tyranitar|Thunder Wave|p2a: Seismitoad
|-immune|p2a: Seismitoad
|
|-weather|Sandstorm|[upkeep]
|upkeep
|turn|12
|
|switch|p1a: Ferrothorn|Ferrothorn, M|100/100
|-damage|p1a: Ferrothorn|94/100|[from] Stealth Rock
|move|p2a: Seismitoad|Earthquake|p1a: Ferrothorn
|-damage|p1a: Ferrothorn|75/100
|
|-weather|Sandstorm|[upkeep]
|-heal|p1a: Ferrothorn|82/100|[from] item: Leftovers
|upkeep
|turn|13
|
|switch|p2a: Corviknight|Corviknight, M|100/100
|-damage|p2a: Corviknight|88/100|[from] Stealth Rock
|-ability|p2a: Corviknight|Pressure
|move|p1a: Ferrothorn|Knock Off|p2a: Corviknight
|-crit|p2a: Corviknight
|-damage|p2a: Corviknight|61/100
|-enditem|p2a: Corviknight|Leftovers|[from] move: Knock Off|[of] p1a: Ferrothorn
|
|-weather|Sandstorm|[upkeep]
|-heal|p1a: Ferrothorn|88/100|[from] item: Leftovers
|upkeep
|turn|14
|
|move|p2a: Corviknight|Roost|p2a: Corviknight
|-heal|p2a: Corviknight|100/100
|-singleturn|p2a: Corviknight|move: Roost
|move|p1a: Ferrothorn|Leech Seed|p2a: Corviknight|[miss]
|-miss|p1a: Ferrothorn|p2a: Corviknight
|
|-weather|none
|-heal|p1a: Ferrothorn|94/100|[from] item: Leftovers
|upkeep
|turn|15
|
|move|p2a: Corviknight|Defog|p1a: Ferrothorn
|-unboost|p1a: Ferrothorn|evasion|1
|-sideend|p1: Skirmisher001|Stealth Rock|[from] move: Defog|[of] p2a: Corviknight
|-sideend|p2: ImDaTa|Spikes|[from] move: Defog|[of] p2a: Corviknight
|-sideend|p2: ImDaTa|Stealth Rock|[from] move: Defog|[of] p2a: Corviknight
|move|p1a: Ferrothorn|Leech Seed|p2a: Corviknight|[miss]
|-miss|p1a: Ferrothorn|p2a: Corviknight
|
|-heal|p1a: Ferrothorn|100/100|[from] item: Leftovers
|upkeep
|turn|16
|
|move|p2a: Corviknight|U-turn|p1a: Ferrothorn
|-damage|p1a: Ferrothorn|92/100
|-damage|p2a: Corviknight|88/100|[from] ability: Iron Barbs|[of] p1a: Ferrothorn
|
|switch|p2a: Dragapult|Dragapult, F|82/100|[from]move: U-turn
|move|p1a: Ferrothorn|Leech Seed|p2a: Dragapult
|-start|p2a: Dragapult|move: Leech Seed
|
|-heal|p1a: Ferrothorn|99/100|[from] item: Leftovers
|-damage|p2a: Dragapult|70/100|[from] Leech Seed|[of] p1a: Ferrothorn
|-heal|p1a: Ferrothorn|100/100|[silent]
|upkeep
|turn|17
|
|switch|p1a: Tyranitar|Tyranitar, M|78/100
|-weather|Sandstorm|[from] ability: Sand Stream|[of] p1a: Tyranitar
|move|p2a: Dragapult|U-turn|p1a: Tyranitar
|-supereffective|p1a: Tyranitar
|-damage|p1a: Tyranitar|51/100
|
|switch|p2a: Ditto|Ditto|100/100|[from]move: U-turn
|-transform|p2a: Ditto|p1a: Tyranitar|[from] ability: Imposter
|
|-weather|Sandstorm|[upkeep]
|upkeep
|turn|18
|
|switch|p2a: Rotom|Rotom-Wash|100/100
|move|p1a: Tyranitar|Thunder Wave|p2a: Rotom
|-immune|p2a: Rotom
|
|-weather|Sandstorm|[upkeep]
|-damage|p2a: Rotom|95/100|[from] Sandstorm
|-heal|p2a: Rotom|100/100|[from] item: Leftovers
|upkeep
|turn|19
|
|switch|p1a: Ferrothorn|Ferrothorn, M|100/100
|move|p2a: Rotom|Will-O-Wisp|p1a: Ferrothorn
|-status|p1a: Ferrothorn|brn
|
|-weather|Sandstorm|[upkeep]
|-damage|p2a: Rotom|95/100|[from] Sandstorm
|-heal|p2a: Rotom|100/100|[from] item: Leftovers
|-damage|p1a: Ferrothorn|94/100 brn|[from] brn
|upkeep
|turn|20
|
|move|p2a: Rotom|Volt Switch|p1a: Ferrothorn
|-resisted|p1a: Ferrothorn
|-damage|p1a: Ferrothorn|83/100 brn
|
|switch|p2a: Corviknight|Corviknight, M|88/100|[from]move: Volt Switch
|-ability|p2a: Corviknight|Pressure
|move|p1a: Ferrothorn|Leech Seed|p2a: Corviknight|[miss]
|-miss|p1a: Ferrothorn|p2a: Corviknight
|
|-weather|Sandstorm|[upkeep]
|-heal|p1a: Ferrothorn|89/100 brn|[from] item: Leftovers
|-damage|p1a: Ferrothorn|83/100 brn|[from] brn
|upkeep
|turn|21
|
|move|p2a: Corviknight|U-turn|p1a: Ferrothorn
|-damage|p1a: Ferrothorn|74/100 brn
|-damage|p2a: Corviknight|75/100|[from] ability: Iron Barbs|[of] p1a: Ferrothorn
|
|switch|p2a: Dragapult|Dragapult, F|70/100|[from]move: U-turn
|move|p1a: Ferrothorn|Spikes|p2a: Dragapult
|-sidestart|p2: ImDaTa|Spikes
|
|-weather|none
|-heal|p1a: Ferrothorn|80/100 brn|[from] item: Leftovers
|-damage|p1a: Ferrothorn|74/100 brn|[from] brn
|upkeep
|turn|22
|
|switch|p1a: Toxapex|Toxapex, M|100/100
|move|p2a: Dragapult|Fire Blast|p1a: Toxapex
|-resisted|p1a: Toxapex
|-damage|p1a: Toxapex|82/100
|
|upkeep
|turn|23
|
|switch|p2a: Seismitoad|Seismitoad, F|66/100
|-damage|p2a: Seismitoad|54/100|[from] Spikes
|move|p1a: Toxapex|Scald|p2a: Seismitoad
|-heal|p2a: Seismitoad|78/100|[from] ability: Water Absorb|[of] p1a: Toxapex
|
|upkeep
|turn|24
|
|move|p2a: Seismitoad|Stealth Rock|p1a: Toxapex
|-sidestart|p1: Skirmisher001|move: Stealth Rock
|move|p1a: Toxapex|Toxic|p2a: Seismitoad
|-status|p2a: Seismitoad|tox
|
|-damage|p2a: Seismitoad|72/100 tox|[from] psn
|upkeep
|turn|25
|
|move|p2a: Seismitoad|Earthquake|p1a: Toxapex
|-supereffective|p1a: Toxapex
|-damage|p1a: Toxapex|43/100
|move|p1a: Toxapex|Toxic Spikes|p2a: Seismitoad
|-sidestart|p2: ImDaTa|move: Toxic Spikes
|
|-damage|p2a: Seismitoad|60/100 tox|[from] psn
|upkeep
|turn|26
|
|switch|p2a: Corviknight|Corviknight, M|75/100
|-ability|p2a: Corviknight|Pressure
|move|p1a: Toxapex|Recover|p1a: Toxapex
|-heal|p1a: Toxapex|94/100
|
|upkeep
|turn|27
|
|move|p2a: Corviknight|Defog|p1a: Toxapex
|-unboost|p1a: Toxapex|evasion|1
|-sideend|p1: Skirmisher001|Stealth Rock|[from] move: Defog|[of] p2a: Corviknight
|-sideend|p2: ImDaTa|Spikes|[from] move: Defog|[of] p2a: Corviknight
|-sideend|p2: ImDaTa|Toxic Spikes|[from] move: Defog|[of] p2a: Corviknight
|move|p1a: Toxapex|Scald|p2a: Corviknight
|-damage|p2a: Corviknight|64/100
|
|upkeep
|turn|28
|
|move|p2a: Corviknight|Roost|p2a: Corviknight
|-heal|p2a: Corviknight|100/100
|-singleturn|p2a: Corviknight|move: Roost
|move|p1a: Toxapex|Scald|p2a: Corviknight
|-damage|p2a: Corviknight|88/100
|
|upkeep
|turn|29
|
|move|p2a: Corviknight|U-turn|p1a: Toxapex
|-resisted|p1a: Toxapex
|-damage|p1a: Toxapex|89/100
|-damage|p2a: Corviknight|72/100|[from] item: Rocky Helmet|[of] p1a: Toxapex
|
|switch|p2a: Alcremie|Alcremie, F|88/100|[from]move: U-turn
|move|p1a: Toxapex|Toxic|p2a: Alcremie
|-status|p2a: Alcremie|tox
|
|-heal|p2a: Alcremie|94/100 tox|[from] item: Leftovers
|-damage|p2a: Alcremie|88/100 tox|[from] psn
|upkeep
|turn|30
|
|move|p2a: Alcremie|Aromatherapy|p2a: Alcremie
|-activate|p2a: Alcremie|move: Aromatherapy
|-curestatus|p2a: Alcremie|tox|[msg]
|-curestatus|p2: Seismitoad|tox|[msg]
|move|p1a: Toxapex|Toxic Spikes|p2a: Alcremie
|-sidestart|p2: ImDaTa|move: Toxic Spikes
|
|-heal|p2a: Alcremie|94/100|[from] item: Leftovers
|upkeep
|turn|31
|
|switch|p2a: Rotom|Rotom-Wash|100/100
|switch|p1a: Corsola|Corsola-Galar, F|38/100
|
|upkeep
|turn|32
|
|move|p2a: Rotom|Will-O-Wisp|p1a: Corsola
|-status|p1a: Corsola|brn
|move|p1a: Corsola|Strength Sap|p2a: Rotom
|-unboost|p2a: Rotom|atk|1
|-heal|p1a: Corsola|75/100 brn
|
|-damage|p1a: Corsola|69/100 brn|[from] brn
|upkeep
|turn|33
|
|move|p2a: Rotom|Hex|p1a: Corsola
|-supereffective|p1a: Corsola
|-damage|p1a: Corsola|38/100 brn
|move|p1a: Corsola|Stealth Rock|p2a: Rotom
|-sidestart|p2: ImDaTa|move: Stealth Rock
|
|-damage|p1a: Corsola|32/100 brn|[from] brn
|upkeep
|turn|34
|
|switch|p1a: Ferrothorn|Ferrothorn, M|74/100 brn
|move|p2a: Rotom|Volt Switch|p1a: Ferrothorn
|-resisted|p1a: Ferrothorn
|-damage|p1a: Ferrothorn|64/100 brn
|
|switch|p2a: Corviknight|Corviknight, M|72/100|[from]move: Volt Switch
|-damage|p2a: Corviknight|59/100|[from] Stealth Rock
|-ability|p2a: Corviknight|Pressure
|
|-heal|p1a: Ferrothorn|70/100 brn|[from] item: Leftovers
|-damage|p1a: Ferrothorn|64/100 brn|[from] brn
|upkeep
|turn|35
|
|move|p2a: Corviknight|Defog|p1a: Ferrothorn
|-unboost|p1a: Ferrothorn|evasion|1
|-sideend|p2: ImDaTa|Toxic Spikes|[from] move: Defog|[of] p2a: Corviknight
|-sideend|p2: ImDaTa|Stealth Rock|[from] move: Defog|[of] p2a: Corviknight
|move|p1a: Ferrothorn|Leech Seed|p2a: Corviknight
|-start|p2a: Corviknight|move: Leech Seed
|
|-heal|p1a: Ferrothorn|70/100 brn|[from] item: Leftovers
|-damage|p2a: Corviknight|47/100|[from] Leech Seed|[of] p1a: Ferrothorn
|-heal|p1a: Ferrothorn|84/100 brn|[silent]
|-damage|p1a: Ferrothorn|78/100 brn|[from] brn
|upkeep
|turn|36
|
|switch|p1a: Corsola|Corsola-Galar, F|32/100 brn
|move|p2a: Corviknight|Roost|p2a: Corviknight
|-heal|p2a: Corviknight|97/100
|-singleturn|p2a: Corviknight|move: Roost
|
|-damage|p2a: Corviknight|84/100|[from] Leech Seed|[of] p1a: Corsola
|-heal|p1a: Corsola|47/100 brn|[silent]
|-damage|p1a: Corsola|41/100 brn|[from] brn
|upkeep
|turn|37
|
|move|p2a: Corviknight|U-turn|p1a: Corsola
|-resisted|p1a: Corsola
|-damage|p1a: Corsola|36/100 brn
|
|switch|p2a: Ditto|Ditto|100/100|[from]move: U-turn
|-transform|p2a: Ditto|p1a: Corsola|[from] ability: Imposter
|move|p1a: Corsola|Strength Sap|p2a: Ditto
|-unboost|p2a: Ditto|atk|1
|-heal|p1a: Corsola|68/100 brn
|
|-damage|p1a: Corsola|62/100 brn|[from] brn
|upkeep
|turn|38
|
|move|p2a: Ditto|Stealth Rock|p1a: Corsola
|-sidestart|p1: Skirmisher001|move: Stealth Rock
|move|p1a: Corsola|Stealth Rock|p2a: Ditto
|-sidestart|p2: ImDaTa|move: Stealth Rock
|
|-damage|p1a: Corsola|56/100 brn|[from] brn
|upkeep
|turn|39
|
|switch|p2a: Dragapult|Dragapult, F|70/100
|-damage|p2a: Dragapult|58/100|[from] Stealth Rock
|switch|p1a: Ferrothorn|Ferrothorn, M|78/100 brn
|-damage|p1a: Ferrothorn|72/100 brn|[from] Stealth Rock
|
|-heal|p1a: Ferrothorn|78/100 brn|[from] item: Leftovers
|-damage|p1a: Ferrothorn|72/100 brn|[from] brn
|upkeep
|turn|40
|
|switch|p1a: Toxapex|Toxapex, M|100/100
|-damage|p1a: Toxapex|88/100|[from] Stealth Rock
|move|p2a: Dragapult|Fire Blast|p1a: Toxapex
|-resisted|p1a: Toxapex
|-damage|p1a: Toxapex|67/100
|
|upkeep
|turn|41
|
|switch|p2a: Rotom|Rotom-Wash|100/100
|-damage|p2a: Rotom|88/100|[from] Stealth Rock
|move|p1a: Toxapex|Toxic Spikes|p2a: Rotom
|-sidestart|p2: ImDaTa|move: Toxic Spikes
|
|-heal|p2a: Rotom|94/100|[from] item: Leftovers
|upkeep
|turn|42
|
|switch|p1a: Ferrothorn|Ferrothorn, M|72/100 brn
|-damage|p1a: Ferrothorn|66/100 brn|[from] Stealth Rock
|move|p2a: Rotom|Volt Switch|p1a: Ferrothorn
|-resisted|p1a: Ferrothorn
|-damage|p1a: Ferrothorn|55/100 brn
|
|switch|p2a: Corviknight|Corviknight, M|84/100|[from]move: Volt Switch
|-damage|p2a: Corviknight|72/100|[from] Stealth Rock
|-ability|p2a: Corviknight|Pressure
|
|-heal|p1a: Ferrothorn|62/100 brn|[from] item: Leftovers
|-damage|p1a: Ferrothorn|55/100 brn|[from] brn
|upkeep
|turn|43
|
|move|p2a: Corviknight|Defog|p1a: Ferrothorn
|-unboost|p1a: Ferrothorn|evasion|1
|-sideend|p1: Skirmisher001|Stealth Rock|[from] move: Defog|[of] p2a: Corviknight
|-sideend|p2: ImDaTa|Toxic Spikes|[from] move: Defog|[of] p2a: Corviknight
|-sideend|p2: ImDaTa|Stealth Rock|[from] move: Defog|[of] p2a: Corviknight
|move|p1a: Ferrothorn|Leech Seed|p2a: Corviknight
|-start|p2a: Corviknight|move: Leech Seed
|
|-heal|p1a: Ferrothorn|62/100 brn|[from] item: Leftovers
|-damage|p2a: Corviknight|59/100|[from] Leech Seed|[of] p1a: Ferrothorn
|-heal|p1a: Ferrothorn|76/100 brn|[silent]
|-damage|p1a: Ferrothorn|70/100 brn|[from] brn
|upkeep
|turn|44
|
|move|p2a: Corviknight|U-turn|p1a: Ferrothorn
|-damage|p1a: Ferrothorn|61/100 brn
|-damage|p2a: Corviknight|47/100|[from] ability: Iron Barbs|[of] p1a: Ferrothorn
|
|switch|p2a: Dragapult|Dragapult, F|58/100|[from]move: U-turn
|move|p1a: Ferrothorn|Spikes|p2a: Dragapult
|-sidestart|p2: ImDaTa|Spikes
|
|-heal|p1a: Ferrothorn|67/100 brn|[from] item: Leftovers
|-damage|p1a: Ferrothorn|61/100 brn|[from] brn
|upkeep
|turn|45
|
|move|p2a: Dragapult|U-turn|p1a: Ferrothorn
|-damage|p1a: Ferrothorn|51/100 brn
|-damage|p2a: Dragapult|45/100|[from] ability: Iron Barbs|[of] p1a: Ferrothorn
|
|switch|p2a: Alcremie|Alcremie, F|94/100|[from]move: U-turn
|-damage|p2a: Alcremie|82/100|[from] Spikes
|move|p1a: Ferrothorn|Knock Off|p2a: Alcremie
|-resisted|p2a: Alcremie
|-damage|p2a: Alcremie|75/100
|-enditem|p2a: Alcremie|Leftovers|[from] move: Knock Off|[of] p1a: Ferrothorn
|
|-heal|p1a: Ferrothorn|58/100 brn|[from] item: Leftovers
|-damage|p1a: Ferrothorn|51/100 brn|[from] brn
|upkeep
|turn|46
|
|move|p2a: Alcremie|Decorate|p1a: Ferrothorn
|-boost|p1a: Ferrothorn|atk|2
|-boost|p1a: Ferrothorn|spa|2
|move|p1a: Ferrothorn|Spikes|p2a: Alcremie
|-sidestart|p2: ImDaTa|Spikes
|
|-heal|p1a: Ferrothorn|58/100 brn|[from] item: Leftovers
|-damage|p1a: Ferrothorn|51/100 brn|[from] brn
|upkeep
|turn|47
|
|move|p2a: Alcremie|Decorate|p1a: Ferrothorn
|-boost|p1a: Ferrothorn|atk|2
|-boost|p1a: Ferrothorn|spa|2
|move|p1a: Ferrothorn|Leech Seed|p2a: Alcremie
|-start|p2a: Alcremie|move: Leech Seed
|
|-heal|p1a: Ferrothorn|58/100 brn|[from] item: Leftovers
|-damage|p2a: Alcremie|63/100|[from] Leech Seed|[of] p1a: Ferrothorn
|-heal|p1a: Ferrothorn|69/100 brn|[silent]
|-damage|p1a: Ferrothorn|63/100 brn|[from] brn
|upkeep
|turn|48
|
|switch|p2a: Ditto|Ditto|100/100
|-damage|p2a: Ditto|84/100|[from] Spikes
|-transform|p2a: Ditto|p1a: Ferrothorn|[from] ability: Imposter
|move|p1a: Ferrothorn|Gyro Ball|p2a: Ditto
|-resisted|p2a: Ditto
|-damage|p2a: Ditto|78/100
|-damage|p1a: Ferrothorn|50/100 brn|[from] ability: Iron Barbs|[of] p2a: Ditto
|
|-heal|p1a: Ferrothorn|57/100 brn|[from] item: Leftovers
|-damage|p1a: Ferrothorn|50/100 brn|[from] brn
|upkeep
|turn|49
|inactive|Skirmisher001 has 120 seconds left.
|
|switch|p1a: Toxapex|Toxapex, M|99/100
|move|p2a: Ditto|Knock Off|p1a: Toxapex
|-damage|p1a: Toxapex|61/100
|-damage|p2a: Ditto|62/100|[from] item: Rocky Helmet|[of] p1a: Toxapex
|-enditem|p1a: Toxapex|Rocky Helmet|[from] move: Knock Off|[of] p2a: Ditto
|
|upkeep
|turn|50
|inactive|Skirmisher001 has 120 seconds left.
|
|switch|p1a: Clefable|Clefable, F|100/100
|switch|p2a: Corviknight|Corviknight, M|47/100
|-ability|p2a: Corviknight|Pressure
|
|upkeep
|turn|51
|inactive|ImDaTa has 120 seconds left.
|inactive|Skirmisher001 has 120 seconds left.
|inactive|ImDaTa has 90 seconds left.
|
|move|p2a: Corviknight|Defog|p1a: Clefable
|-unboost|p1a: Clefable|evasion|1
|-sideend|p2: ImDaTa|Spikes|[from] move: Defog|[of] p2a: Corviknight
|move|p1a: Clefable|Moonblast|p2a: Corviknight
|-resisted|p2a: Corviknight
|-damage|p2a: Corviknight|26/100
|
|upkeep
|turn|52
|
|move|p2a: Corviknight|Roost|p2a: Corviknight
|-heal|p2a: Corviknight|76/100
|-singleturn|p2a: Corviknight|move: Roost
|move|p1a: Clefable|Fire Blast|p2a: Corviknight
|-supereffective|p2a: Corviknight
|-damage|p2a: Corviknight|20/100
|-status|p2a: Corviknight|brn
|
|-damage|p2a: Corviknight|14/100 brn|[from] brn
|upkeep
|turn|53
|
|move|p2a: Corviknight|U-turn|p1a: Clefable
|-resisted|p1a: Clefable
|-damage|p1a: Clefable|96/100
|
|switch|p2a: Seismitoad|Seismitoad, F|60/100|[from]move: U-turn
|move|p1a: Clefable|Fire Blast|p2a: Seismitoad
|-resisted|p2a: Seismitoad
|-damage|p2a: Seismitoad|37/100
|
|upkeep
|turn|54
|
|move|p2a: Seismitoad|Stealth Rock|p1a: Clefable
|-sidestart|p1: Skirmisher001|move: Stealth Rock
|move|p1a: Clefable|Moonblast|p2a: Seismitoad
|-damage|p2a: Seismitoad|0 fnt
|faint|p2a: Seismitoad
|
|upkeep
|
|switch|p2a: Alcremie|Alcremie, F|63/100
|turn|55
|
|switch|p1a: Ferrothorn|Ferrothorn, M|50/100 brn
|-damage|p1a: Ferrothorn|44/100 brn|[from] Stealth Rock
|move|p2a: Alcremie|Decorate|p1a: Ferrothorn
|-boost|p1a: Ferrothorn|atk|2
|-boost|p1a: Ferrothorn|spa|2
|
|-heal|p1a: Ferrothorn|50/100 brn|[from] item: Leftovers
|-damage|p1a: Ferrothorn|44/100 brn|[from] brn
|upkeep
|turn|56
|inactive|ImDaTa has 120 seconds left.
|
|switch|p2a: Corviknight|Corviknight, M|14/100 brn
|-ability|p2a: Corviknight|Pressure
|move|p1a: Ferrothorn|Leech Seed|p2a: Corviknight
|-start|p2a: Corviknight|move: Leech Seed
|
|-heal|p1a: Ferrothorn|50/100 brn|[from] item: Leftovers
|-damage|p2a: Corviknight|1/100 brn|[from] Leech Seed|[of] p1a: Ferrothorn
|-heal|p1a: Ferrothorn|65/100 brn|[silent]
|-damage|p2a: Corviknight|0 fnt|[from] brn
|faint|p2a: Corviknight
|-damage|p1a: Ferrothorn|58/100 brn|[from] brn
|upkeep
|
|switch|p2a: Dragapult|Dragapult, F|45/100
|turn|57
|
|move|p2a: Dragapult|Shadow Ball|p1a: Ferrothorn
|-damage|p1a: Ferrothorn|16/100 brn
|-unboost|p1a: Ferrothorn|spd|1
|move|p1a: Ferrothorn|Leech Seed|p2a: Dragapult
|-start|p2a: Dragapult|move: Leech Seed
|
|-heal|p1a: Ferrothorn|22/100 brn|[from] item: Leftovers
|-damage|p2a: Dragapult|33/100|[from] Leech Seed|[of] p1a: Ferrothorn
|-heal|p1a: Ferrothorn|33/100 brn|[silent]
|-damage|p1a: Ferrothorn|27/100 brn|[from] brn
|upkeep
|turn|58
|
|switch|p2a: Rotom|Rotom-Wash|94/100
|switch|p1a: Tyranitar|Tyranitar, M|51/100
|-damage|p1a: Tyranitar|39/100|[from] Stealth Rock
|-weather|Sandstorm|[from] ability: Sand Stream|[of] p1a: Tyranitar
|
|-weather|Sandstorm|[upkeep]
|-damage|p2a: Rotom|88/100|[from] Sandstorm
|-heal|p2a: Rotom|94/100|[from] item: Leftovers
|upkeep
|turn|59
|
|move|p2a: Rotom|Hydro Pump|p1a: Tyranitar
|-supereffective|p1a: Tyranitar
|-damage|p1a: Tyranitar|9/100
|move|p1a: Tyranitar|Rest|p1a: Tyranitar
|-status|p1a: Tyranitar|slp|[from] move: Rest
|-heal|p1a: Tyranitar|100/100 slp|[silent]
|
|-weather|Sandstorm|[upkeep]
|-damage|p2a: Rotom|88/100|[from] Sandstorm
|-heal|p2a: Rotom|94/100|[from] item: Leftovers
|upkeep
|turn|60
|
|switch|p1a: Toxapex|Toxapex, M|94/100
|-damage|p1a: Toxapex|82/100|[from] Stealth Rock
|move|p2a: Rotom|Volt Switch|p1a: Toxapex
|-supereffective|p1a: Toxapex
|-damage|p1a: Toxapex|39/100
|
|switch|p2a: Dragapult|Dragapult, F|33/100|[from]move: Volt Switch
|
|-weather|Sandstorm|[upkeep]
|-damage|p2a: Dragapult|27/100|[from] Sandstorm
|-damage|p1a: Toxapex|34/100|[from] Sandstorm
|upkeep
|turn|61
|
|switch|p1a: Ferrothorn|Ferrothorn, M|27/100 brn
|-damage|p1a: Ferrothorn|21/100 brn|[from] Stealth Rock
|move|p2a: Dragapult|Draco Meteor|p1a: Ferrothorn
|-resisted|p1a: Ferrothorn
|-damage|p1a: Ferrothorn|0 fnt
|-unboost|p2a: Dragapult|spa|2
|faint|p1a: Ferrothorn
|
|-weather|Sandstorm|[upkeep]
|-damage|p2a: Dragapult|21/100|[from] Sandstorm
|upkeep
|
|switch|p1a: Toxapex|Toxapex, M|67/100
|-damage|p1a: Toxapex|55/100|[from] Stealth Rock
|turn|62
|
|switch|p2a: Rotom|Rotom-Wash|94/100
|move|p1a: Toxapex|Toxic Spikes|p2a: Rotom
|-sidestart|p2: ImDaTa|move: Toxic Spikes
|
|-weather|none
|-heal|p2a: Rotom|99/100|[from] item: Leftovers
|upkeep
|turn|63
|
|move|p2a: Rotom|Volt Switch|p1a: Toxapex
|-supereffective|p1a: Toxapex
|-damage|p1a: Toxapex|16/100
|
|switch|p2a: Dragapult|Dragapult, F|21/100|[from]move: Volt Switch
|-status|p2a: Dragapult|psn
|move|p1a: Toxapex|Recover|p1a: Toxapex
|-heal|p1a: Toxapex|67/100
|
|-damage|p2a: Dragapult|9/100 psn|[from] psn
|upkeep
|turn|64
|
|move|p2a: Dragapult|Draco Meteor|p1a: Toxapex
|-damage|p1a: Toxapex|0 fnt
|-unboost|p2a: Dragapult|spa|2
|faint|p1a: Toxapex
|
|-damage|p2a: Dragapult|0 fnt|[from] psn
|faint|p2a: Dragapult
|upkeep
|
|switch|p2a: Rotom|Rotom-Wash|99/100
|switch|p1a: Corsola|Corsola-Galar, F|56/100 brn
|-damage|p1a: Corsola|43/100 brn|[from] Stealth Rock
|turn|65
|
|move|p2a: Rotom|Hex|p1a: Corsola
|-supereffective|p1a: Corsola
|-damage|p1a: Corsola|8/100 brn
|move|p1a: Corsola|Stealth Rock|p2a: Rotom
|-sidestart|p2: ImDaTa|move: Stealth Rock
|
|-heal|p2a: Rotom|100/100|[from] item: Leftovers
|-damage|p1a: Corsola|2/100 brn|[from] brn
|upkeep
|turn|66
|
|move|p2a: Rotom|Volt Switch|p1a: Corsola
|-damage|p1a: Corsola|0 fnt
|faint|p1a: Corsola
|
|switch|p2a: Alcremie|Alcremie, F|63/100|[from]move: Volt Switch
|-damage|p2a: Alcremie|50/100|[from] Stealth Rock
|-status|p2a: Alcremie|psn
|
|-damage|p2a: Alcremie|38/100 psn|[from] psn
|upkeep
|inactive|Skirmisher001 has 120 seconds left.
|
|switch|p1a: Excadrill|Excadrill, F|100/100
|-damage|p1a: Excadrill|97/100|[from] Stealth Rock
|turn|67
|
|move|p1a: Excadrill|Rapid Spin|p2a: Alcremie
|-damage|p2a: Alcremie|5/100 psn
|-sideend|p1: Skirmisher001|Stealth Rock|[from] move: Rapid Spin|[of] p1a: Excadrill
|-boost|p1a: Excadrill|spe|1
|-damage|p1a: Excadrill|87/100|[from] item: Life Orb
|move|p2a: Alcremie|Decorate|p1a: Excadrill
|-boost|p1a: Excadrill|atk|2
|-boost|p1a: Excadrill|spa|2
|
|-damage|p2a: Alcremie|0 fnt|[from] psn
|faint|p2a: Alcremie
|upkeep
|
|switch|p2a: Ditto|Ditto|62/100
|-status|p2a: Ditto|psn
|-damage|p2a: Ditto|49/100 psn|[from] Stealth Rock
|-transform|p2a: Ditto|p1a: Excadrill|[from] ability: Imposter
|turn|68
|
|move|p2a: Ditto|Earthquake|p1a: Excadrill
|-supereffective|p1a: Excadrill
|-damage|p1a: Excadrill|0 fnt
|faint|p1a: Excadrill
|
|-damage|p2a: Ditto|37/100 psn|[from] psn
|upkeep
|
|switch|p1a: Clefable|Clefable, F|96/100
|turn|69
|
|move|p2a: Ditto|Earthquake|p1a: Clefable
|-crit|p1a: Clefable
|-damage|p1a: Clefable|0 fnt
|faint|p1a: Clefable
|
|-damage|p2a: Ditto|25/100 psn|[from] psn
|upkeep
|-message|Skirmisher001 forfeited.
|
|win|ImDaTa
|l|☆Skirmisher001
