|ScrapeTime|2020-01-02-14:54:33
|j|☆qgzrg
|j|☆Trotamundoz
|player|p1|qgzrg|101|1000
|player|p2|Trotamundoz|2|1011
|teamsize|p1|6
|teamsize|p2|6
|gametype|singles
|gen|8
|tier|[Gen 8] OU
|rated|
|rule|Sleep Clause Mod: Limit one foe put to sleep
|rule|Species Clause: Limit one of each Pokémon
|rule|OHKO Clause: OHKO moves are banned
|rule|Evasion Moves Clause: Evasion moves are banned
|rule|Endless Battle Clause: Forcing endless battles is banned
|rule|HP Percentage Mod: HP is shown in percentages
|clearpoke
|poke|p1|Grimmsnarl, M|
|poke|p1|Excadrill, M|
|poke|p1|Aegislash, F|
|poke|p1|Kommo-o, F|
|poke|p1|Hawlucha, F|
|poke|p1|Gyarados, M|
|poke|p2|Conkeldurr, F|
|poke|p2|Togekiss, M|
|poke|p2|Claydol|
|poke|p2|Gyarados, F|
|poke|p2|Centiskorch, F|
|poke|p2|Hydreigon, M|
|rule|Dynamax Clause: You cannot dynamax
|teampreview
|
|start
|switch|p1a: Excadrill|Excadrill, M|100/100
|switch|p2a: Claydol|Claydol|100/100
|-ability|p1a: Excadrill|Mold Breaker
|turn|1
|inactive|Battle timer is ON: inactive players will automatically lose when time's up. (requested by qgzrg)
|inactive|Trotamundoz has 120 seconds left.
|
|move|p1a: Excadrill|Stealth Rock|p2a: Claydol
|-sidestart|p2: Trotamundoz|move: Stealth Rock
|move|p2a: Claydol|Earthquake|p1a: Excadrill
|-supereffective|p1a: Excadrill
|-damage|p1a: Excadrill|9/100
|-damage|p2a: Claydol|91/100|[from] item: Life Orb
|
|upkeep
|turn|2
|
|move|p1a: Excadrill|Steel Beam|p2a: Claydol
|-damage|p2a: Claydol|65/100
|-damage|p1a: Excadrill|0 fnt|[from] mindblown
|faint|p1a: Excadrill
|move|p2a: Claydol|Earthquake|p1: Excadrill|[notarget]
|-fail|p2a: Claydol
|
|upkeep
|inactive|qgzrg has 120 seconds left.
|
|switch|p1a: Aegislash|Aegislash, F|100/100
|-item|p1a: Aegislash|Air Balloon
|turn|3
|
|move|p1a: Aegislash|Autotomize|p1a: Aegislash
|-boost|p1a: Aegislash|spe|2
|-start|p1a: Aegislash|Autotomize
|move|p2a: Claydol|Earthquake|p1a: Aegislash
|-immune|p1a: Aegislash
|
|upkeep
|turn|4
|inactive|Trotamundoz has 120 seconds left.
|
|switch|p2a: Hydreigon|Hydreigon, M|100/100
|-damage|p2a: Hydreigon|88/100|[from] Stealth Rock
|move|p1a: Aegislash|Swords Dance|p1a: Aegislash
|-boost|p1a: Aegislash|atk|2
|
|upkeep
|turn|5
|
|-formechange|p1a: Aegislash|Aegislash-Blade||[from] ability: Stance Change
|move|p1a: Aegislash|Close Combat|p2a: Hydreigon
|-supereffective|p2a: Hydreigon
|-damage|p2a: Hydreigon|0 fnt
|-unboost|p1a: Aegislash|def|1
|-unboost|p1a: Aegislash|spd|1
|faint|p2a: Hydreigon
|
|upkeep
|
|switch|p2a: Conkeldurr|Conkeldurr, F|100/100
|-damage|p2a: Conkeldurr|94/100|[from] Stealth Rock
|turn|6
|inactive|qgzrg has 120 seconds left.
|
|move|p1a: Aegislash|Shadow Claw|p2a: Conkeldurr
|-damage|p2a: Conkeldurr|27/100
|move|p2a: Conkeldurr|Drain Punch|p1a: Aegislash
|-immune|p1a: Aegislash
|
|upkeep
|turn|7
|inactive|Trotamundoz has 90 seconds left.
|
|move|p1a: Aegislash|Shadow Claw|p2a: Conkeldurr
|-damage|p2a: Conkeldurr|0 fnt
|faint|p2a: Conkeldurr
|
|upkeep
|inactive|Trotamundoz has 90 seconds left.
|
|switch|p2a: Centiskorch|Centiskorch, F|100/100
|-damage|p2a: Centiskorch|51/100|[from] Stealth Rock
|turn|8
|inactive|qgzrg has 120 seconds left.
|
|move|p1a: Aegislash|Shadow Claw|p2a: Centiskorch
|-damage|p2a: Centiskorch|0 fnt
|faint|p2a: Centiskorch
|
|upkeep
|inactive|Trotamundoz has 90 seconds left.
|
|switch|p2a: Claydol|Claydol|65/100
|-damage|p2a: Claydol|59/100|[from] Stealth Rock
|turn|9
|
|move|p1a: Aegislash|Shadow Claw|p2a: Claydol
|-supereffective|p2a: Claydol
|-damage|p2a: Claydol|0 fnt
|faint|p2a: Claydol
|
|upkeep
|inactive|Trotamundoz has 90 seconds left.
|
|switch|p2a: Togekiss|Togekiss, M|100/100
|-damage|p2a: Togekiss|76/100|[from] Stealth Rock
|turn|10
|
|move|p1a: Aegislash|Shadow Claw|p2a: Togekiss
|-crit|p2a: Togekiss
|-damage|p2a: Togekiss|0 fnt
|faint|p2a: Togekiss
|
|upkeep
|inactive|Trotamundoz has 90 seconds left.
|
|switch|p2a: Gyarados|Gyarados, F|100/100
|-damage|p2a: Gyarados|76/100|[from] Stealth Rock
|turn|11
|inactive|Trotamundoz has 90 seconds left.
|inactive|qgzrg has 120 seconds left.
|inactive|qgzrg has 90 seconds left.
|
|move|p1a: Aegislash|Shadow Claw|p2a: Gyarados
|-damage|p2a: Gyarados|0 fnt
|faint|p2a: Gyarados
|
|win|qgzrg
|l|☆qgzrg
|raw|qgzrg's rating: 1044 → 1074(+30 for winning)
|raw|Trotamundoz's rating: 1011 → 1000(-11 for losing)
|l|☆Trotamundoz
|j|☆qgzrg
|player|p1|qgzrg|101
