|ScrapeTime|2020-01-02-10:05:27
|j|☆rossopowa
|j|☆Gonbey
|player|p1|rossopowa|102|1308
|player|p2|Gonbey|gentleman|1350
|teamsize|p1|6
|teamsize|p2|6
|gametype|singles
|gen|8
|tier|[Gen 8] OU
|rated|
|rule|Sleep Clause Mod: Limit one foe put to sleep
|rule|Species Clause: Limit one of each Pokémon
|rule|OHKO Clause: OHKO moves are banned
|rule|Evasion Moves Clause: Evasion moves are banned
|rule|Endless Battle Clause: Forcing endless battles is banned
|rule|HP Percentage Mod: HP is shown in percentages
|clearpoke
|poke|p1|Gengar, M|
|poke|p1|Tsareena, F|
|poke|p1|Dracovish|
|poke|p1|Ferrothorn, M|
|poke|p1|Pelipper, F|
|poke|p1|Barraskewda, M|
|poke|p2|Ditto|
|poke|p2|Dugtrio, F|
|poke|p2|Hawlucha, F|
|poke|p2|Gengar, F|
|poke|p2|Hydreigon, F|
|poke|p2|Rotom-Wash|
|rule|Dynamax Clause: You cannot dynamax
|teampreview
|inactive|Battle timer is ON: inactive players will automatically lose when time's up. (requested by rossopowa)
|l|☆Gonbey
|inactive|Gonbey disconnected and has a minute to reconnect!
|player|p2|
|j|☆Gonbey
|inactive|Gonbey reconnected and has 135 seconds left.
|player|p2|Gonbey|gentleman
|
|start
|switch|p1a: Tsareena|Tsareena, F|100/100
|switch|p2a: Rotom|Rotom-Wash|100/100
|turn|1
|
|move|p2a: Rotom|Volt Switch|p1a: Tsareena
|-resisted|p1a: Tsareena
|-damage|p1a: Tsareena|92/100
|
|switch|p2a: Gengar|Gengar, F|100/100|[from]move: Volt Switch
|-item|p2a: Gengar|Air Balloon
|move|p1a: Tsareena|Trop Kick|p2a: Gengar
|-resisted|p2a: Gengar
|-damage|p2a: Gengar|63/100
|-start|p1a: Tsareena|Disable|Trop Kick|[from] ability: Cursed Body|[of] p2a: Gengar
|-enditem|p2a: Gengar|Air Balloon
|-unboost|p2a: Gengar|atk|1
|
|upkeep
|turn|2
|
|switch|p1a: Ferrothorn|Ferrothorn, M|100/100
|move|p2a: Gengar|Sludge Bomb|p1a: Ferrothorn
|-immune|p1a: Ferrothorn
|
|upkeep
|turn|3
|
|move|p2a: Gengar|Focus Blast|p1a: Ferrothorn|[miss]
|-miss|p2a: Gengar|p1a: Ferrothorn
|move|p1a: Ferrothorn|Stealth Rock|p2a: Gengar
|-sidestart|p2: Gonbey|move: Stealth Rock
|
|upkeep
|turn|4
|
|switch|p1a: Gengar|Gengar, M|100/100
|move|p2a: Gengar|Focus Blast|p1a: Gengar
|-immune|p1a: Gengar
|
|upkeep
|turn|5
|
|move|p2a: Gengar|Shadow Ball|p1a: Gengar
|-supereffective|p1a: Gengar
|-enditem|p1a: Gengar|Kasib Berry|[eat]
|-enditem|p1a: Gengar|Kasib Berry|[weaken]
|-damage|p1a: Gengar|36/100
|move|p1a: Gengar|Shadow Ball|p2a: Gengar
|-supereffective|p2a: Gengar
|-damage|p2a: Gengar|0 fnt
|faint|p2a: Gengar
|
|upkeep
|
|switch|p2a: Dugtrio|Dugtrio, F|100/100
|-damage|p2a: Dugtrio|94/100|[from] Stealth Rock
|turn|6
|
|switch|p1a: Ferrothorn|Ferrothorn, M|100/100
|move|p2a: Dugtrio|Earthquake|p1a: Ferrothorn
|-damage|p1a: Ferrothorn|75/100
|
|-heal|p1a: Ferrothorn|81/100|[from] item: Leftovers
|upkeep
|turn|7
|
|move|p2a: Dugtrio|Stealth Rock|p1a: Ferrothorn
|-sidestart|p1: rossopowa|move: Stealth Rock
|move|p1a: Ferrothorn|Power Whip|p2a: Dugtrio
|-supereffective|p2a: Dugtrio
|-damage|p2a: Dugtrio|0 fnt
|faint|p2a: Dugtrio
|
|-heal|p1a: Ferrothorn|87/100|[from] item: Leftovers
|upkeep
|
|switch|p2a: Hydreigon|Hydreigon, F|100/100
|-damage|p2a: Hydreigon|88/100|[from] Stealth Rock
|turn|8
|
|switch|p1a: Gengar|Gengar, M|36/100
|-damage|p1a: Gengar|23/100|[from] Stealth Rock
|move|p2a: Hydreigon|U-turn|p1a: Gengar
|-resisted|p1a: Gengar
|-damage|p1a: Gengar|17/100
|
|switch|p2a: Rotom|Rotom-Wash|100/100|[from]move: U-turn
|-damage|p2a: Rotom|88/100|[from] Stealth Rock
|
|upkeep
|turn|9
|
|switch|p1a: Tsareena|Tsareena, F|92/100
|-damage|p1a: Tsareena|80/100|[from] Stealth Rock
|move|p2a: Rotom|Volt Switch|p1a: Tsareena
|-resisted|p1a: Tsareena
|-damage|p1a: Tsareena|71/100
|
|switch|p2a: Hawlucha|Hawlucha, F|100/100|[from]move: Volt Switch
|-damage|p2a: Hawlucha|88/100|[from] Stealth Rock
|
|upkeep
|turn|10
|
|move|p2a: Hawlucha|Swords Dance|p2a: Hawlucha
|-boost|p2a: Hawlucha|atk|2
|move|p1a: Tsareena|Rapid Spin|p2a: Hawlucha
|-crit|p2a: Hawlucha
|-damage|p2a: Hawlucha|46/100
|-sideend|p1: rossopowa|Stealth Rock|[from] move: Rapid Spin|[of] p1a: Tsareena
|-boost|p1a: Tsareena|spe|1
|
|upkeep
|turn|11
|
|move|p2a: Hawlucha|Close Combat|p1a: Tsareena
|-damage|p1a: Tsareena|0 fnt
|-unboost|p2a: Hawlucha|def|1
|-unboost|p2a: Hawlucha|spd|1
|-enditem|p2a: Hawlucha|White Herb
|-clearnegativeboost|p2a: Hawlucha|[silent]
|faint|p1a: Tsareena
|
|upkeep
|
|switch|p1a: Pelipper|Pelipper, F|100/100
|-weather|RainDance|[from] ability: Drizzle|[of] p1a: Pelipper
|turn|12
|
|switch|p1a: Gengar|Gengar, M|17/100
|move|p2a: Hawlucha|Thunder Punch|p1a: Gengar
|-damage|p1a: Gengar|0 fnt
|faint|p1a: Gengar
|
|-weather|RainDance|[upkeep]
|upkeep
|
|switch|p1a: Barraskewda|Barraskewda, M|100/100
|turn|13
|
|switch|p2a: Rotom|Rotom-Wash|88/100
|-damage|p2a: Rotom|75/100|[from] Stealth Rock
|move|p1a: Barraskewda|Liquidation|p2a: Rotom
|-resisted|p2a: Rotom
|-damage|p2a: Rotom|17/100
|
|-weather|RainDance|[upkeep]
|upkeep
|turn|14
|
|move|p1a: Barraskewda|Liquidation|p2a: Rotom
|-resisted|p2a: Rotom
|-damage|p2a: Rotom|0 fnt
|faint|p2a: Rotom
|
|-weather|RainDance|[upkeep]
|upkeep
|
|switch|p2a: Ditto|Ditto|100/100
|-damage|p2a: Ditto|88/100|[from] Stealth Rock
|-transform|p2a: Ditto|p1a: Barraskewda|[from] ability: Imposter
|turn|15
|
|switch|p1a: Pelipper|Pelipper, F|100/100
|move|p2a: Ditto|Liquidation|p1a: Pelipper
|-resisted|p1a: Pelipper
|-damage|p1a: Pelipper|73/100
|
|-weather|RainDance|[upkeep]
|upkeep
|turn|16
|
|move|p2a: Ditto|Liquidation|p1a: Pelipper
|-resisted|p1a: Pelipper
|-damage|p1a: Pelipper|45/100
|move|p1a: Pelipper|Scald|p2a: Ditto
|-resisted|p2a: Ditto
|-damage|p2a: Ditto|48/100
|
|-weather|RainDance|[upkeep]
|upkeep
|turn|17
|
|move|p2a: Ditto|Liquidation|p1a: Pelipper
|-resisted|p1a: Pelipper
|-damage|p1a: Pelipper|17/100
|-unboost|p1a: Pelipper|def|1
|move|p1a: Pelipper|Roost|p1a: Pelipper
|-heal|p1a: Pelipper|67/100
|-singleturn|p1a: Pelipper|move: Roost
|
|-weather|RainDance|[upkeep]
|upkeep
|turn|18
|
|move|p2a: Ditto|Liquidation|p1a: Pelipper
|-resisted|p1a: Pelipper
|-damage|p1a: Pelipper|27/100
|move|p1a: Pelipper|Scald|p2a: Ditto
|-resisted|p2a: Ditto
|-damage|p2a: Ditto|11/100
|
|-weather|RainDance|[upkeep]
|upkeep
|turn|19
|
|switch|p2a: Hawlucha|Hawlucha, F|46/100
|-damage|p2a: Hawlucha|33/100|[from] Stealth Rock
|switch|p1a: Dracovish|Dracovish|100/100
|
|-weather|none
|upkeep
|turn|20
|
|move|p1a: Dracovish|Fishious Rend|p2a: Hawlucha
|-damage|p2a: Hawlucha|0 fnt
|faint|p2a: Hawlucha
|
|upkeep
|
|switch|p2a: Hydreigon|Hydreigon, F|88/100
|-damage|p2a: Hydreigon|76/100|[from] Stealth Rock
|turn|21
|
|switch|p1a: Pelipper|Pelipper, F|27/100
|-weather|RainDance|[from] ability: Drizzle|[of] p1a: Pelipper
|move|p2a: Hydreigon|Draco Meteor|p1a: Pelipper
|-damage|p1a: Pelipper|0 fnt
|-unboost|p2a: Hydreigon|spa|2
|faint|p1a: Pelipper
|
|-weather|RainDance|[upkeep]
|upkeep
|
|switch|p1a: Barraskewda|Barraskewda, M|100/100
|turn|22
|
|switch|p2a: Ditto|Ditto|11/100
|-damage|p2a: Ditto|0 fnt|[from] Stealth Rock
|faint|p2a: Ditto
|move|p1a: Barraskewda|Close Combat|p2: Ditto|[notarget]
|-fail|p1a: Barraskewda
|
|-weather|RainDance|[upkeep]
|upkeep
|-message|Gonbey forfeited.
|
|win|rossopowa
|l|☆Gonbey
|raw|rossopowa's rating: 1308 → 1330(+22 for winning)
|raw|Gonbey's rating: 1351 → 1328(-23 for losing)
