|ScrapeTime|2020-01-01-23:44:45
|j|☆Niktamaire
|j|☆Kosuke91
|player|p1|Niktamaire|293|1142
|player|p2|Kosuke91|alder|1089
|teamsize|p1|6
|teamsize|p2|6
|gametype|singles
|gen|8
|tier|[Gen 8] OU
|rated|
|rule|Sleep Clause Mod: Limit one foe put to sleep
|rule|Species Clause: Limit one of each Pokémon
|rule|OHKO Clause: OHKO moves are banned
|rule|Evasion Moves Clause: Evasion moves are banned
|rule|Endless Battle Clause: Forcing endless battles is banned
|rule|HP Percentage Mod: HP is shown in percentages
|clearpoke
|poke|p1|Mr. Mime-Galar, M|
|poke|p1|Dracovish|
|poke|p1|Hawlucha, M|
|poke|p1|Ferrothorn, F|
|poke|p1|Gastrodon, M|
|poke|p1|Cinderace, F|
|poke|p2|Torkoal, M|
|poke|p2|Shiftry, M|
|poke|p2|Arcanine, F|
|poke|p2|Gastrodon-East, M|
|poke|p2|Cinderace, F|
|poke|p2|Hydreigon, F|
|rule|Dynamax Clause: You cannot dynamax
|teampreview
|inactive|Battle timer is ON: inactive players will automatically lose when time's up. (requested by Kosuke91)
|
|start
|switch|p1a: Dracovish|Dracovish|100/100
|switch|p2a: Cinderace|Cinderace, F|100/100
|turn|1
|
|move|p2a: Cinderace|U-turn|p1a: Dracovish
|-damage|p1a: Dracovish|65/100
|
|switch|p2a: Gastrodon|Gastrodon-East, M|100/100|[from]move: U-turn
|move|p1a: Dracovish|Outrage|p2a: Gastrodon
|-damage|p2a: Gastrodon|25/100
|
|-heal|p2a: Gastrodon|31/100|[from] item: Leftovers
|upkeep
|turn|2
|
|move|p1a: Dracovish|Outrage|p2a: Gastrodon|[from]lockedmove
|-damage|p2a: Gastrodon|0 fnt
|-start|p1a: Dracovish|confusion|[fatigue]
|faint|p2a: Gastrodon
|
|upkeep
|
|switch|p2a: Torkoal|Torkoal, M|100/100
|-weather|SunnyDay|[from] ability: Drought|[of] p2a: Torkoal
|turn|3
|
|switch|p1a: Gastrodon|Gastrodon, M|100/100
|move|p2a: Torkoal|Stealth Rock|p1a: Gastrodon
|-sidestart|p1: Niktamaire|move: Stealth Rock
|
|-weather|SunnyDay|[upkeep]
|upkeep
|turn|4
|
|switch|p2a: Shiftry|Shiftry, M|100/100
|move|p1a: Gastrodon|Earth Power|p2a: Shiftry
|-resisted|p2a: Shiftry
|-damage|p2a: Shiftry|73/100
|
|-weather|SunnyDay|[upkeep]
|upkeep
|turn|5
|
|switch|p1a: Cinderace|Cinderace, F|100/100
|move|p2a: Shiftry|Growth|p2a: Shiftry
|-boost|p2a: Shiftry|atk|2
|-boost|p2a: Shiftry|spa|2
|
|-weather|SunnyDay|[upkeep]
|upkeep
|turn|6
|
|move|p2a: Shiftry|Sucker Punch|p1a: Cinderace
|-damage|p1a: Cinderace|0 fnt
|-damage|p2a: Shiftry|63/100|[from] item: Life Orb
|faint|p1a: Cinderace
|
|-weather|SunnyDay|[upkeep]
|upkeep
|inactive|Niktamaire has 120 seconds left.
|
|switch|p1a: Mr. Mime|Mr. Mime-Galar, M|100/100
|-damage|p1a: Mr. Mime|76/100|[from] Stealth Rock
|turn|7
|
|move|p2a: Shiftry|Solar Blade||[still]
|-prepare|p2a: Shiftry|Solar Blade|p1a: Mr. Mime
|-anim|p2a: Shiftry|Solar Blade|p1a: Mr. Mime
|-damage|p1a: Mr. Mime|0 fnt
|-damage|p2a: Shiftry|53/100|[from] item: Life Orb
|faint|p1a: Mr. Mime
|
|-weather|SunnyDay|[upkeep]
|upkeep
|inactive|Niktamaire has 120 seconds left.
|
|switch|p1a: Dracovish|Dracovish|65/100
|-damage|p1a: Dracovish|53/100|[from] Stealth Rock
|turn|8
|
|move|p2a: Shiftry|Solar Blade||[still]
|-prepare|p2a: Shiftry|Solar Blade|p1a: Dracovish
|-anim|p2a: Shiftry|Solar Blade|p1a: Dracovish
|-damage|p1a: Dracovish|0 fnt
|-damage|p2a: Shiftry|43/100|[from] item: Life Orb
|faint|p1a: Dracovish
|
|-weather|SunnyDay|[upkeep]
|upkeep
|
|switch|p1a: Ferrothorn|Ferrothorn, F|100/100
|-damage|p1a: Ferrothorn|94/100|[from] Stealth Rock
|turn|9
|
|move|p2a: Shiftry|Heat Wave|p1a: Ferrothorn
|-supereffective|p1a: Ferrothorn
|-crit|p1a: Ferrothorn
|-damage|p1a: Ferrothorn|0 fnt
|-damage|p2a: Shiftry|34/100|[from] item: Life Orb
|faint|p1a: Ferrothorn
|
|-weather|SunnyDay|[upkeep]
|upkeep
|
|switch|p1a: Gastrodon|Gastrodon, M|100/100
|-damage|p1a: Gastrodon|94/100|[from] Stealth Rock
|turn|10
|
|move|p2a: Shiftry|Solar Blade||[still]
|-prepare|p2a: Shiftry|Solar Blade|p1a: Gastrodon
|-anim|p2a: Shiftry|Solar Blade|p1a: Gastrodon
|-supereffective|p1a: Gastrodon
|-damage|p1a: Gastrodon|0 fnt
|-damage|p2a: Shiftry|24/100|[from] item: Life Orb
|faint|p1a: Gastrodon
|
|-weather|none
|upkeep
|
|switch|p1a: Hawlucha|Hawlucha, M|100/100
|-damage|p1a: Hawlucha|88/100|[from] Stealth Rock
|turn|11
|
|move|p1a: Hawlucha|Close Combat|p2a: Shiftry
|-supereffective|p2a: Shiftry
|-damage|p2a: Shiftry|0 fnt
|-unboost|p1a: Hawlucha|def|1
|-unboost|p1a: Hawlucha|spd|1
|-enditem|p1a: Hawlucha|White Herb
|-clearnegativeboost|p1a: Hawlucha|[silent]
|faint|p2a: Shiftry
|
|upkeep
|
|switch|p2a: Arcanine|Arcanine, F|100/100
|-ability|p2a: Arcanine|Intimidate|boost
|-unboost|p1a: Hawlucha|atk|1
|turn|12
|inactive|Niktamaire has 120 seconds left.
|
|move|p1a: Hawlucha|Swords Dance|p1a: Hawlucha
|-boost|p1a: Hawlucha|atk|2
|move|p2a: Arcanine|Flare Blitz|p1a: Hawlucha
|-damage|p1a: Hawlucha|3/100
|-damage|p2a: Arcanine|74/100|[from] Recoil
|
|upkeep
|turn|13
|inactive|Niktamaire has 120 seconds left.
|
|move|p2a: Arcanine|Extreme Speed|p1a: Hawlucha
|-damage|p1a: Hawlucha|0 fnt
|faint|p1a: Hawlucha
|
|win|Kosuke91
