|ScrapeTime|2020-01-02-03:44:56
|j|☆goombaskiller
|j|☆JEW_KILLER_88
|player|p1|goombaskiller|169|
|player|p2|JEW_KILLER_88|swimmerf|
|teamsize|p1|6
|teamsize|p2|6
|gametype|singles
|gen|8
|tier|[Gen 8] OU
|rule|Sleep Clause Mod: Limit one foe put to sleep
|rule|Species Clause: Limit one of each Pokémon
|rule|OHKO Clause: OHKO moves are banned
|rule|Evasion Moves Clause: Evasion moves are banned
|rule|Endless Battle Clause: Forcing endless battles is banned
|rule|HP Percentage Mod: HP is shown in percentages
|clearpoke
|poke|p1|Corviknight, M|
|poke|p1|Hydreigon, F|
|poke|p1|Seismitoad, F|
|poke|p1|Excadrill, F|
|poke|p1|Rotom-Heat|
|poke|p1|Conkeldurr, M|
|poke|p2|Snorlax, M|
|poke|p2|Dragapult, M|
|poke|p2|Ferrothorn, M|
|poke|p2|Dracovish|
|poke|p2|Conkeldurr, M|
|poke|p2|Seismitoad, F|
|rule|Dynamax Clause: You cannot dynamax
|teampreview
|
|start
|switch|p1a: Seismitoad|Seismitoad, F|100/100
|switch|p2a: Goebbels|Dragapult, M|100/100
|turn|1
|
|move|p2a: Goebbels|U-turn|p1a: Seismitoad
|-damage|p1a: Seismitoad|86/100
|-damage|p2a: Goebbels|91/100|[from] item: Life Orb
|c|☆JEW_KILLER_88|LOL
|n|‽JEW_KILLER_88|jewkiller88
|c|☆goombaskiller|racsit
|
|switch|p2a: Hitler|Snorlax, M|100/100|[from]move: U-turn
|move|p1a: Seismitoad|Stealth Rock|p2a: Hitler
|-sidestart|p2: JEW_KILLER_88|move: Stealth Rock
|
|-heal|p1a: Seismitoad|92/100|[from] item: Leftovers
|upkeep
|turn|2
|
|move|p1a: Seismitoad|Toxic|p2a: Hitler
|-status|p2a: Hitler|tox
|move|p2a: Hitler|Rest|p2a: Hitler
|-fail|p2a: Hitler|heal
|
|-heal|p1a: Seismitoad|98/100|[from] item: Leftovers
|-damage|p2a: Hitler|94/100 tox|[from] psn
|upkeep
|turn|3
|
|move|p1a: Seismitoad|Earthquake|p2a: Hitler
|-damage|p2a: Hitler|76/100 tox
|move|p2a: Hitler|Body Press|p1a: Seismitoad
|-damage|p1a: Seismitoad|84/100
|
|-heal|p1a: Seismitoad|90/100|[from] item: Leftovers
|-heal|p2a: Hitler|82/100 tox|[from] item: Leftovers
|-damage|p2a: Hitler|70/100 tox|[from] psn
|upkeep
|turn|4
|
|switch|p1a: Conkeldurr|Conkeldurr, M|100/100
|move|p2a: Hitler|Rest|p2a: Hitler
|-status|p2a: Hitler|slp|[from] move: Rest
|-heal|p2a: Hitler|100/100 slp|[silent]
|
|-status|p1a: Conkeldurr|brn|[from] item: Flame Orb
|upkeep
|turn|5
|
|move|p1a: Conkeldurr|Drain Punch|p2a: Hitler
|-supereffective|p2a: Hitler
|-damage|p2a: Hitler|19/100 slp
|cant|p2a: Hitler|slp
|move|p2a: Hitler|Sleep Talk|p2a: Hitler
|move|p2a: Hitler|Body Press|p1a: Conkeldurr|[from]Sleep Talk
|-damage|p1a: Conkeldurr|82/100 brn
|
|-heal|p2a: Hitler|25/100 slp|[from] item: Leftovers
|-damage|p1a: Conkeldurr|76/100 brn|[from] brn
|upkeep
|turn|6
|
|move|p1a: Conkeldurr|Mach Punch|p2a: Hitler
|-supereffective|p2a: Hitler
|-damage|p2a: Hitler|0 fnt
|faint|p2a: Hitler
|
|-damage|p1a: Conkeldurr|70/100 brn|[from] brn
|upkeep
|player|p2|
|l|jewkiller88
|l|guest7054971
|j|‽KYS_JANNY
|l|kysjanny
|-message|goombaskiller forfeited.
|
|win|JEW_KILLER_88
