|ScrapeTime|2020-01-01-12:35:55
|j|☆BUGO2019
|j|☆Pyro1910
|player|p1|BUGO2019|169|1092
|player|p2|Pyro1910|riley|1095
|teamsize|p1|6
|teamsize|p2|6
|gametype|singles
|gen|8
|tier|[Gen 8] OU
|rated|
|rule|Sleep Clause Mod: Limit one foe put to sleep
|rule|Species Clause: Limit one of each Pokémon
|rule|OHKO Clause: OHKO moves are banned
|rule|Evasion Moves Clause: Evasion moves are banned
|rule|Endless Battle Clause: Forcing endless battles is banned
|rule|HP Percentage Mod: HP is shown in percentages
|clearpoke
|poke|p1|Gengar, F|
|poke|p1|Clefable, M|
|poke|p1|Ferrothorn, M|
|poke|p1|Weezing-Galar, M|
|poke|p1|Toxapex, M|
|poke|p1|Corviknight, M|
|poke|p2|Dracozolt|
|poke|p2|Aegislash, M|
|poke|p2|Tyranitar, M|
|poke|p2|Mandibuzz, F|
|poke|p2|Rotom-Wash|
|poke|p2|Jellicent, M|
|rule|Dynamax Clause: You cannot dynamax
|teampreview
|inactive|Battle timer is ON: inactive players will automatically lose when time's up. (requested by BUGO2019)
|inactive|Pyro1910 has 120 seconds left.
|
|start
|switch|p1a: Weezing|Weezing-Galar, M|100/100
|switch|p2a: Rotom|Rotom-Wash|100/100
|turn|1
|
|move|p2a: Rotom|Volt Switch|p1a: Weezing
|-damage|p1a: Weezing|64/100
|
|switch|p2a: Aegislash|Aegislash, M|100/100|[from]move: Volt Switch
|-item|p2a: Aegislash|Air Balloon
|move|p1a: Weezing|Toxic Spikes|p2a: Aegislash
|-sidestart|p2: Pyro1910|move: Toxic Spikes
|
|-heal|p1a: Weezing|70/100|[from] item: Black Sludge
|upkeep
|turn|2
|
|move|p1a: Weezing|Protect|p1a: Weezing
|-singleturn|p1a: Weezing|Protect
|-formechange|p2a: Aegislash|Aegislash-Blade||[from] ability: Stance Change
|move|p2a: Aegislash|Iron Head|p1a: Weezing
|-activate|p1a: Weezing|move: Protect
|
|-heal|p1a: Weezing|76/100|[from] item: Black Sludge
|upkeep
|turn|3
|
|switch|p1a: Toxapex|Toxapex, M, shiny|100/100
|move|p2a: Aegislash|Iron Head|p1a: Toxapex
|-resisted|p1a: Toxapex
|-damage|p1a: Toxapex|82/100
|-damage|p2a: Aegislash|84/100|[from] item: Rocky Helmet|[of] p1a: Toxapex
|
|upkeep
|turn|4
|
|switch|p2a: Mandibuzz|Mandibuzz, F|100/100
|move|p1a: Toxapex|Toxic|p2a: Mandibuzz
|-status|p2a: Mandibuzz|tox
|
|-damage|p2a: Mandibuzz|94/100 tox|[from] psn
|upkeep
|turn|5
|
|move|p2a: Mandibuzz|Defog|p1a: Toxapex
|-unboost|p1a: Toxapex|evasion|1
|-sideend|p2: Pyro1910|Toxic Spikes|[from] move: Defog|[of] p2a: Mandibuzz
|move|p1a: Toxapex|Infestation|p2a: Mandibuzz
|-crit|p2a: Mandibuzz
|-damage|p2a: Mandibuzz|90/100 tox
|-activate|p2a: Mandibuzz|move: Infestation|[of] p1a: Toxapex
|
|-heal|p2a: Mandibuzz|96/100 tox|[from] item: Leftovers
|-damage|p2a: Mandibuzz|84/100 tox|[from] psn
|-damage|p2a: Mandibuzz|72/100 tox|[from] move: Infestation|[partiallytrapped]
|upkeep
|turn|6
|
|move|p1a: Toxapex|Protect|p1a: Toxapex
|-singleturn|p1a: Toxapex|Protect
|move|p2a: Mandibuzz|Roost|p2a: Mandibuzz
|-heal|p2a: Mandibuzz|100/100 tox
|-singleturn|p2a: Mandibuzz|move: Roost
|
|-damage|p2a: Mandibuzz|82/100 tox|[from] psn
|-damage|p2a: Mandibuzz|70/100 tox|[from] move: Infestation|[partiallytrapped]
|upkeep
|turn|7
|
|move|p2a: Mandibuzz|Roost|p2a: Mandibuzz
|-heal|p2a: Mandibuzz|100/100 tox
|-singleturn|p2a: Mandibuzz|move: Roost
|move|p1a: Toxapex|Recover|p1a: Toxapex
|-heal|p1a: Toxapex|100/100
|
|-damage|p2a: Mandibuzz|76/100 tox|[from] psn
|-damage|p2a: Mandibuzz|63/100 tox|[from] move: Infestation|[partiallytrapped]
|upkeep
|turn|8
|
|move|p1a: Toxapex|Protect|p1a: Toxapex
|-singleturn|p1a: Toxapex|Protect
|move|p2a: Mandibuzz|Roost|p2a: Mandibuzz
|-heal|p2a: Mandibuzz|100/100 tox
|-singleturn|p2a: Mandibuzz|move: Roost
|
|-damage|p2a: Mandibuzz|70/100 tox|[from] psn
|-damage|p2a: Mandibuzz|57/100 tox|[from] move: Infestation|[partiallytrapped]
|upkeep
|turn|9
|
|move|p2a: Mandibuzz|Roost|p2a: Mandibuzz
|-heal|p2a: Mandibuzz|100/100 tox
|-singleturn|p2a: Mandibuzz|move: Roost
|move|p1a: Toxapex|Toxic|p2a: Mandibuzz
|-fail|p2a: Mandibuzz|tox
|
|-damage|p2a: Mandibuzz|64/100 tox|[from] psn
|-damage|p2a: Mandibuzz|51/100 tox|[from] move: Infestation|[partiallytrapped]
|upkeep
|turn|10
|
|move|p2a: Mandibuzz|Roost|p2a: Mandibuzz
|-heal|p2a: Mandibuzz|100/100 tox
|-singleturn|p2a: Mandibuzz|move: Roost
|move|p1a: Toxapex|Toxic|p2a: Mandibuzz
|-fail|p2a: Mandibuzz|tox
|
|-damage|p2a: Mandibuzz|58/100 tox|[from] psn
|-end|p2a: Mandibuzz|Infestation|[partiallytrapped]
|upkeep
|turn|11
|
|switch|p2a: Rotom|Rotom-Wash|100/100
|move|p1a: Toxapex|Infestation|p2a: Rotom
|-damage|p2a: Rotom|98/100
|-activate|p2a: Rotom|move: Infestation|[of] p1a: Toxapex
|
|-damage|p2a: Rotom|85/100|[from] move: Infestation|[partiallytrapped]
|upkeep
|turn|12
|
|move|p2a: Rotom|Trick|p1a: Toxapex
|-activate|p2a: Rotom|move: Trick|[of] p1a: Toxapex
|-item|p1a: Toxapex|Choice Scarf|[from] move: Trick
|-item|p2a: Rotom|Rocky Helmet|[from] move: Trick
|move|p1a: Toxapex|Toxic|p2a: Rotom
|-status|p2a: Rotom|tox
|
|-damage|p2a: Rotom|79/100 tox|[from] psn
|-damage|p2a: Rotom|67/100 tox|[from] move: Infestation|[partiallytrapped]
|upkeep
|turn|13
|
|switch|p1a: Ferrothorn|Ferrothorn, M|100/100
|move|p2a: Rotom|Volt Switch|p1a: Ferrothorn
|-resisted|p1a: Ferrothorn
|-damage|p1a: Ferrothorn|89/100
|
|switch|p2a: Tyranitar|Tyranitar, M|100/100|[from]move: Volt Switch
|-weather|Sandstorm|[from] ability: Sand Stream|[of] p2a: Tyranitar
|
|-weather|Sandstorm|[upkeep]
|upkeep
|turn|14
|
|move|p2a: Tyranitar|Fire Blast|p1a: Ferrothorn
|-supereffective|p1a: Ferrothorn
|-damage|p1a: Ferrothorn|1/100
|move|p1a: Ferrothorn|Leech Seed|p2a: Tyranitar
|-start|p2a: Tyranitar|move: Leech Seed
|
|-weather|Sandstorm|[upkeep]
|-damage|p2a: Tyranitar|88/100|[from] Leech Seed|[of] p1a: Ferrothorn
|-heal|p1a: Ferrothorn|15/100|[silent]
|upkeep
|turn|15
|
|move|p1a: Ferrothorn|Protect|p1a: Ferrothorn
|-singleturn|p1a: Ferrothorn|Protect
|move|p2a: Tyranitar|Crunch|p1a: Ferrothorn
|-activate|p1a: Ferrothorn|move: Protect
|
|-weather|Sandstorm|[upkeep]
|-heal|p2a: Tyranitar|94/100|[from] item: Leftovers
|-damage|p2a: Tyranitar|82/100|[from] Leech Seed|[of] p1a: Ferrothorn
|-heal|p1a: Ferrothorn|29/100|[silent]
|upkeep
|turn|16
|
|switch|p1a: Weezing|Weezing-Galar, M|76/100
|move|p2a: Tyranitar|Fire Blast|p1a: Weezing|[miss]
|-miss|p2a: Tyranitar|p1a: Weezing
|
|-weather|Sandstorm|[upkeep]
|-damage|p1a: Weezing|70/100|[from] Sandstorm
|-heal|p1a: Weezing|76/100|[from] item: Black Sludge
|-heal|p2a: Tyranitar|88/100|[from] item: Leftovers
|-damage|p2a: Tyranitar|76/100|[from] Leech Seed|[of] p1a: Weezing
|-heal|p1a: Weezing|91/100|[silent]
|upkeep
|turn|17
|
|switch|p2a: Aegislash|Aegislash, M|84/100
|-item|p2a: Aegislash|Air Balloon
|move|p1a: Weezing|Toxic|p2a: Aegislash
|-immune|p2a: Aegislash
|
|-weather|none
|-heal|p1a: Weezing|97/100|[from] item: Black Sludge
|upkeep
|turn|18
|
|switch|p1a: Toxapex|Toxapex, M, shiny|100/100
|-formechange|p2a: Aegislash|Aegislash-Blade||[from] ability: Stance Change
|move|p2a: Aegislash|Iron Head|p1a: Toxapex
|-resisted|p1a: Toxapex
|-damage|p1a: Toxapex|82/100
|
|upkeep
|turn|19
|
|-formechange|p2a: Aegislash|Aegislash||[from] ability: Stance Change
|move|p2a: Aegislash|King's Shield|p2a: Aegislash
|-singleturn|p2a: Aegislash|Protect
|move|p1a: Toxapex|Infestation|p2a: Aegislash
|-activate|p2a: Aegislash|move: Protect
|-unboost|p1a: Toxapex|atk|1
|
|upkeep
|turn|20
|
|-formechange|p2a: Aegislash|Aegislash-Blade||[from] ability: Stance Change
|move|p2a: Aegislash|Iron Head|p1a: Toxapex
|-resisted|p1a: Toxapex
|-damage|p1a: Toxapex|64/100
|cant|p1a: Toxapex|flinch
|
|upkeep
|turn|21
|
|move|p2a: Aegislash|Iron Head|p1a: Toxapex
|-resisted|p1a: Toxapex
|-damage|p1a: Toxapex|45/100
|move|p1a: Toxapex|Infestation|p2a: Aegislash
|-resisted|p2a: Aegislash
|-damage|p2a: Aegislash|83/100
|-enditem|p2a: Aegislash|Air Balloon
|-activate|p2a: Aegislash|move: Infestation|[of] p1a: Toxapex
|
|-damage|p2a: Aegislash|70/100|[from] move: Infestation|[partiallytrapped]
|upkeep
|turn|22
|
|switch|p2a: Rotom|Rotom-Wash|67/100 tox
|move|p1a: Toxapex|Infestation|p2a: Rotom
|-crit|p2a: Rotom
|-damage|p2a: Rotom|62/100 tox
|-damage|p1a: Toxapex|28/100|[from] item: Rocky Helmet|[of] p2a: Rotom
|-activate|p2a: Rotom|move: Infestation|[of] p1a: Toxapex
|
|-damage|p2a: Rotom|56/100 tox|[from] psn
|-damage|p2a: Rotom|44/100 tox|[from] move: Infestation|[partiallytrapped]
|upkeep
|turn|23
|
|switch|p1a: Ferrothorn|Ferrothorn, M|29/100
|move|p2a: Rotom|Volt Switch|p1a: Ferrothorn
|-resisted|p1a: Ferrothorn
|-damage|p1a: Ferrothorn|18/100
|
|switch|p2a: Tyranitar|Tyranitar, M|76/100|[from]move: Volt Switch
|-weather|Sandstorm|[from] ability: Sand Stream|[of] p2a: Tyranitar
|
|-weather|Sandstorm|[upkeep]
|-heal|p2a: Tyranitar|82/100|[from] item: Leftovers
|upkeep
|turn|24
|
|move|p1a: Ferrothorn|Protect|p1a: Ferrothorn
|-singleturn|p1a: Ferrothorn|Protect
|move|p2a: Tyranitar|Fire Blast|p1a: Ferrothorn
|-activate|p1a: Ferrothorn|move: Protect
|
|-weather|Sandstorm|[upkeep]
|-heal|p2a: Tyranitar|88/100|[from] item: Leftovers
|upkeep
|turn|25
|
|switch|p1a: Weezing|Weezing-Galar, M|97/100
|move|p2a: Tyranitar|Stone Edge|p1a: Weezing
|-damage|p1a: Weezing|68/100
|
|-weather|Sandstorm|[upkeep]
|-damage|p1a: Weezing|62/100|[from] Sandstorm
|-heal|p1a: Weezing|68/100|[from] item: Black Sludge
|-heal|p2a: Tyranitar|94/100|[from] item: Leftovers
|upkeep
|turn|26
|
|switch|p2a: Aegislash|Aegislash, M|70/100
|move|p1a: Weezing|Toxic|p2a: Aegislash
|-immune|p2a: Aegislash
|
|-weather|Sandstorm|[upkeep]
|-damage|p1a: Weezing|62/100|[from] Sandstorm
|-heal|p1a: Weezing|68/100|[from] item: Black Sludge
|upkeep
|turn|27
|
|move|p1a: Weezing|Protect|p1a: Weezing
|-singleturn|p1a: Weezing|Protect
|-formechange|p2a: Aegislash|Aegislash-Blade||[from] ability: Stance Change
|move|p2a: Aegislash|Iron Head|p1a: Weezing
|-activate|p1a: Weezing|move: Protect
|
|-weather|none
|-heal|p1a: Weezing|74/100|[from] item: Black Sludge
|upkeep
|turn|28
|
|switch|p1a: Corviknight|Corviknight, M|100/100
|-ability|p1a: Corviknight|Pressure
|move|p2a: Aegislash|Iron Head|p1a: Corviknight
|-resisted|p1a: Corviknight
|-damage|p1a: Corviknight|86/100
|
|-heal|p1a: Corviknight|93/100|[from] item: Leftovers
|upkeep
|turn|29
|
|switch|p2a: Dracozolt|Dracozolt|100/100
|move|p1a: Corviknight|Brave Bird|p2a: Dracozolt
|-resisted|p2a: Dracozolt
|-damage|p2a: Dracozolt|80/100
|-damage|p1a: Corviknight|87/100|[from] Recoil
|
|-heal|p1a: Corviknight|94/100|[from] item: Leftovers
|upkeep
|turn|30
|
|switch|p1a: Ferrothorn|Ferrothorn, M|18/100
|move|p2a: Dracozolt|Bolt Beak|p1a: Ferrothorn
|-resisted|p1a: Ferrothorn
|-damage|p1a: Ferrothorn|0 fnt
|-damage|p2a: Dracozolt|68/100|[from] ability: Iron Barbs|[of] p1a: Ferrothorn
|-damage|p2a: Dracozolt|51/100|[from] item: Rocky Helmet|[of] p1a: Ferrothorn
|faint|p1a: Ferrothorn
|
|upkeep
|
|switch|p1a: Weezing|Weezing-Galar, M|74/100
|turn|31
|
|move|p2a: Dracozolt|Bolt Beak|p1a: Weezing
|-damage|p1a: Weezing|0 fnt
|faint|p1a: Weezing
|
|upkeep
|
|switch|p1a: Gengar|Gengar, F|100/100
|turn|32
|
|switch|p2a: Tyranitar|Tyranitar, M|94/100
|-weather|Sandstorm|[from] ability: Sand Stream|[of] p2a: Tyranitar
|move|p1a: Gengar|Substitute|p1a: Gengar
|-start|p1a: Gengar|Substitute
|-damage|p1a: Gengar|76/100
|
|-weather|Sandstorm|[upkeep]
|-damage|p1a: Gengar|69/100|[from] Sandstorm
|-heal|p1a: Gengar|76/100|[from] item: Leftovers
|-heal|p2a: Tyranitar|100/100|[from] item: Leftovers
|upkeep
|turn|33
|
|move|p1a: Gengar|Focus Blast|p2a: Tyranitar|[miss]
|-miss|p1a: Gengar|p2a: Tyranitar
|move|p2a: Tyranitar|Crunch|p1a: Gengar
|-supereffective|p1a: Gengar
|-end|p1a: Gengar|Substitute
|
|-weather|Sandstorm|[upkeep]
|-damage|p1a: Gengar|69/100|[from] Sandstorm
|-heal|p1a: Gengar|76/100|[from] item: Leftovers
|upkeep
|turn|34
|
|move|p1a: Gengar|Focus Blast|p2a: Tyranitar
|-supereffective|p2a: Tyranitar
|-damage|p2a: Tyranitar|37/100
|move|p2a: Tyranitar|Crunch|p1a: Gengar
|-supereffective|p1a: Gengar
|-crit|p1a: Gengar
|-damage|p1a: Gengar|0 fnt
|faint|p1a: Gengar
|
|-weather|Sandstorm|[upkeep]
|-heal|p2a: Tyranitar|43/100|[from] item: Leftovers
|upkeep
|
|switch|p1a: Clefable|Clefable, M|100/100
|turn|35
|
|move|p1a: Clefable|Cosmic Power|p1a: Clefable
|-boost|p1a: Clefable|def|1
|-boost|p1a: Clefable|spd|1
|move|p2a: Tyranitar|Stealth Rock|p1a: Clefable
|-sidestart|p1: BUGO2019|move: Stealth Rock
|
|-weather|Sandstorm|[upkeep]
|-heal|p2a: Tyranitar|50/100|[from] item: Leftovers
|upkeep
|turn|36
|
|switch|p2a: Aegislash|Aegislash, M|70/100
|move|p1a: Clefable|Moonblast|p2a: Aegislash
|-resisted|p2a: Aegislash
|-damage|p2a: Aegislash|58/100
|
|-weather|none
|upkeep
|turn|37
|
|move|p1a: Clefable|Work Up|p1a: Clefable
|-boost|p1a: Clefable|atk|1
|-boost|p1a: Clefable|spa|1
|-formechange|p2a: Aegislash|Aegislash-Blade||[from] ability: Stance Change
|move|p2a: Aegislash|Iron Head|p1a: Clefable
|-supereffective|p1a: Clefable
|-damage|p1a: Clefable|26/100
|
|-heal|p1a: Clefable|32/100|[from] item: Leftovers
|upkeep
|turn|38
|
|-formechange|p2a: Aegislash|Aegislash||[from] ability: Stance Change
|move|p2a: Aegislash|King's Shield|p2a: Aegislash
|-singleturn|p2a: Aegislash|Protect
|move|p1a: Clefable|Stored Power|p2a: Aegislash
|-activate|p2a: Aegislash|move: Protect
|
|-heal|p1a: Clefable|38/100|[from] item: Leftovers
|upkeep
|turn|39
|
|move|p1a: Clefable|Stored Power|p2a: Aegislash
|-resisted|p2a: Aegislash
|-damage|p2a: Aegislash|44/100
|-formechange|p2a: Aegislash|Aegislash-Blade||[from] ability: Stance Change
|move|p2a: Aegislash|Iron Head|p1a: Clefable
|-supereffective|p1a: Clefable
|-damage|p1a: Clefable|0 fnt
|faint|p1a: Clefable
|
|upkeep
|-message|BUGO2019 forfeited.
|
|win|Pyro1910
|l|☆BUGO2019
|raw|BUGO2019's rating: 1092 → 1069(-23 for losing)
|raw|Pyro1910's rating: 1095 → 1121(+26 for winning)
