|ScrapeTime|2020-01-01-18:35:35
|j|☆IM A G3NG4R
|j|☆Davis080498
|player|p1|IM A G3NG4R|acerola|1129
|player|p2|Davis080498|24|1109
|teamsize|p1|6
|teamsize|p2|6
|gametype|singles
|gen|8
|tier|[Gen 8] OU
|rated|
|rule|Sleep Clause Mod: Limit one foe put to sleep
|rule|Species Clause: Limit one of each Pokémon
|rule|OHKO Clause: OHKO moves are banned
|rule|Evasion Moves Clause: Evasion moves are banned
|rule|Endless Battle Clause: Forcing endless battles is banned
|rule|HP Percentage Mod: HP is shown in percentages
|clearpoke
|poke|p1|Vileplume, M|
|poke|p1|Pyukumuku, F|
|poke|p1|Torkoal, M|
|poke|p1|Corsola-Galar, F|
|poke|p1|Corviknight, M|
|poke|p1|Seismitoad, F|
|poke|p2|Ninjask, M|
|poke|p2|Mamoswine, M|
|poke|p2|Crustle, M|
|poke|p2|Conkeldurr, F|
|poke|p2|Corsola-Galar, F|
|poke|p2|Malamar, F|
|rule|Dynamax Clause: You cannot dynamax
|teampreview
|inactive|Battle timer is ON: inactive players will automatically lose when time's up. (requested by IM A G3NG4R)
|inactive|Davis080498 has 120 seconds left.
|
|start
|switch|p1a: Corsola|Corsola-Galar, F|100/100
|switch|p2a: Corsola|Corsola-Galar, F|100/100
|turn|1
|
|move|p1a: Corsola|Stealth Rock|p2a: Corsola
|-sidestart|p2: Davis080498|move: Stealth Rock
|move|p2a: Corsola|Stealth Rock|p1a: Corsola
|-sidestart|p1: IM A G3NG4R|move: Stealth Rock
|
|upkeep
|turn|2
|
|move|p2a: Corsola|Will-O-Wisp|p1a: Corsola
|-status|p1a: Corsola|brn
|move|p1a: Corsola|Night Shade|p2a: Corsola
|-damage|p2a: Corsola|62/100
|-start|p1a: Corsola|Disable|Night Shade|[from] ability: Cursed Body|[of] p2a: Corsola
|
|-damage|p1a: Corsola|94/100 brn|[from] brn
|upkeep
|turn|3
|
|move|p2a: Corsola|Night Shade|p1a: Corsola
|-damage|p1a: Corsola|63/100 brn
|-start|p2a: Corsola|Disable|Night Shade|[from] ability: Cursed Body|[of] p1a: Corsola
|move|p1a: Corsola|Will-O-Wisp|p2a: Corsola
|-status|p2a: Corsola|brn
|
|-damage|p1a: Corsola|57/100 brn|[from] brn
|-damage|p2a: Corsola|56/100 brn|[from] brn
|upkeep
|turn|4
|
|move|p2a: Corsola|Strength Sap|p1a: Corsola
|-unboost|p1a: Corsola|atk|1
|-heal|p2a: Corsola|96/100 brn
|move|p1a: Corsola|Strength Sap|p2a: Corsola
|-unboost|p2a: Corsola|atk|1
|-heal|p1a: Corsola|89/100 brn
|
|-damage|p1a: Corsola|83/100 brn|[from] brn
|-damage|p2a: Corsola|89/100 brn|[from] brn
|upkeep
|turn|5
|
|move|p1a: Corsola|Strength Sap|p2a: Corsola
|-unboost|p2a: Corsola|atk|1
|-heal|p1a: Corsola|100/100 brn
|move|p2a: Corsola|Strength Sap|p1a: Corsola
|-unboost|p1a: Corsola|atk|1
|-heal|p2a: Corsola|100/100 brn
|
|-damage|p1a: Corsola|94/100 brn|[from] brn
|-damage|p2a: Corsola|94/100 brn|[from] brn
|-end|p1a: Corsola|Disable
|upkeep
|turn|6
|
|move|p1a: Corsola|Night Shade|p2a: Corsola
|-damage|p2a: Corsola|56/100 brn
|-start|p1a: Corsola|Disable|Night Shade|[from] ability: Cursed Body|[of] p2a: Corsola
|move|p2a: Corsola|Strength Sap|p1a: Corsola
|-unboost|p1a: Corsola|atk|1
|-heal|p2a: Corsola|76/100 brn
|
|-damage|p1a: Corsola|88/100 brn|[from] brn
|-damage|p2a: Corsola|70/100 brn|[from] brn
|-end|p2a: Corsola|Disable
|upkeep
|turn|7
|
|move|p1a: Corsola|Strength Sap|p2a: Corsola
|-unboost|p2a: Corsola|atk|1
|-heal|p1a: Corsola|100/100 brn
|move|p2a: Corsola|Night Shade|p1a: Corsola
|-damage|p1a: Corsola|70/100 brn
|
|-damage|p1a: Corsola|63/100 brn|[from] brn
|-damage|p2a: Corsola|63/100 brn|[from] brn
|upkeep
|turn|8
|
|move|p1a: Corsola|Strength Sap|p2a: Corsola
|-unboost|p2a: Corsola|atk|1
|-heal|p1a: Corsola|76/100 brn
|move|p2a: Corsola|Night Shade|p1a: Corsola
|-damage|p1a: Corsola|45/100 brn
|
|-damage|p1a: Corsola|39/100 brn|[from] brn
|-damage|p2a: Corsola|57/100 brn|[from] brn
|upkeep
|turn|9
|
|switch|p1a: Vileplume|Vileplume, M|100/100
|-damage|p1a: Vileplume|88/100|[from] Stealth Rock
|move|p2a: Corsola|Night Shade|p1a: Vileplume
|-damage|p1a: Vileplume|54/100
|
|-heal|p1a: Vileplume|60/100|[from] item: Black Sludge
|-damage|p2a: Corsola|51/100 brn|[from] brn
|upkeep
|turn|10
|
|move|p1a: Vileplume|Giga Drain|p2a: Corsola
|-damage|p2a: Corsola|30/100 brn
|-heal|p1a: Vileplume|70/100|[from] drain|[of] p2a: Corsola
|move|p2a: Corsola|Will-O-Wisp|p1a: Vileplume
|-status|p1a: Vileplume|brn
|
|-heal|p1a: Vileplume|76/100 brn|[from] item: Black Sludge
|-damage|p1a: Vileplume|70/100 brn|[from] brn
|-damage|p2a: Corsola|23/100 brn|[from] brn
|upkeep
|turn|11
|
|move|p1a: Vileplume|Giga Drain|p2a: Corsola
|-damage|p2a: Corsola|0 fnt
|-heal|p1a: Vileplume|80/100 brn|[from] drain|[of] p2a: Corsola
|-start|p1a: Vileplume|Disable|Giga Drain|[from] ability: Cursed Body|[of] p2a: Corsola
|faint|p2a: Corsola
|
|-heal|p1a: Vileplume|86/100 brn|[from] item: Black Sludge
|-damage|p1a: Vileplume|80/100 brn|[from] brn
|upkeep
|inactive|Davis080498 has 120 seconds left.
|
|switch|p2a: Conkeldurr|Conkeldurr, F|100/100
|-damage|p2a: Conkeldurr|94/100|[from] Stealth Rock
|turn|12
|inactive|Davis080498 has 120 seconds left.
|
|move|p1a: Vileplume|Toxic|p2a: Conkeldurr
|-status|p2a: Conkeldurr|tox
|move|p2a: Conkeldurr|Defog|p1a: Vileplume
|-unboost|p1a: Vileplume|evasion|1
|-sideend|p1: IM A G3NG4R|Stealth Rock|[from] move: Defog|[of] p2a: Conkeldurr
|-sideend|p2: Davis080498|Stealth Rock|[from] move: Defog|[of] p2a: Conkeldurr
|
|-heal|p1a: Vileplume|86/100 brn|[from] item: Black Sludge
|-damage|p1a: Vileplume|80/100 brn|[from] brn
|-damage|p2a: Conkeldurr|88/100 tox|[from] psn
|upkeep
|turn|13
|inactive|Davis080498 has 120 seconds left.
|
|move|p1a: Vileplume|Strength Sap|p2a: Conkeldurr
|-unboost|p2a: Conkeldurr|atk|1
|-heal|p1a: Vileplume|100/100 brn
|move|p2a: Conkeldurr|Stone Edge|p1a: Vileplume
|-damage|p1a: Vileplume|50/100 brn
|
|-heal|p1a: Vileplume|56/100 brn|[from] item: Black Sludge
|-damage|p1a: Vileplume|50/100 brn|[from] brn
|-damage|p2a: Conkeldurr|76/100 tox|[from] psn
|upkeep
|turn|14
|-message|Davis080498 forfeited.
|
|win|IM A G3NG4R
|l|☆Davis080498
