|ScrapeTime|2020-01-01-04:46:34
|j|☆McRuby64
|j|☆RenegadeWinds111
|player|p1|McRuby64|steven|1449
|player|p2|RenegadeWinds111|262|1441
|teamsize|p1|6
|teamsize|p2|6
|gametype|singles
|gen|8
|tier|[Gen 8] OU
|rated|
|rule|Sleep Clause Mod: Limit one foe put to sleep
|rule|Species Clause: Limit one of each Pokémon
|rule|OHKO Clause: OHKO moves are banned
|rule|Evasion Moves Clause: Evasion moves are banned
|rule|Endless Battle Clause: Forcing endless battles is banned
|rule|HP Percentage Mod: HP is shown in percentages
|clearpoke
|poke|p1|Seismitoad, F|
|poke|p1|Pelipper, F|
|poke|p1|Dracovish|
|poke|p1|Ferrothorn, F|
|poke|p1|Barraskewda, M|
|poke|p1|Conkeldurr, F|
|poke|p2|Aegislash, M|
|poke|p2|Clefable, F|
|poke|p2|Conkeldurr, M|
|poke|p2|Mandibuzz, F|
|poke|p2|Seismitoad, M|
|poke|p2|Hydreigon, M|
|rule|Dynamax Clause: You cannot dynamax
|teampreview
|inactive|Battle timer is ON: inactive players will automatically lose when time's up. (requested by McRuby64)
|
|start
|switch|p1a: Pelipper|Pelipper, F|100/100
|switch|p2a: Seismitoad|Seismitoad, M|100/100
|-weather|RainDance|[from] ability: Drizzle|[of] p1a: Pelipper
|turn|1
|
|move|p2a: Seismitoad|Stealth Rock|p1a: Pelipper
|-sidestart|p1: McRuby64|move: Stealth Rock
|move|p1a: Pelipper|U-turn|p2a: Seismitoad
|-damage|p2a: Seismitoad|94/100
|
|switch|p1a: Ferrothorn|Ferrothorn, F|100/100|[from]move: U-turn
|-damage|p1a: Ferrothorn|95/100|[from] Stealth Rock
|
|-weather|RainDance|[upkeep]
|-heal|p2a: Seismitoad|100/100|[from] item: Leftovers
|-heal|p1a: Ferrothorn|100/100|[from] item: Leftovers
|upkeep
|turn|2
|
|switch|p2a: Clefable|Clefable, F|100/100
|move|p1a: Ferrothorn|Spikes|p2a: Clefable
|-sidestart|p2: RenegadeWinds111|Spikes
|
|-weather|RainDance|[upkeep]
|upkeep
|turn|3
|
|switch|p2a: Conkeldurr|Conkeldurr, M|100/100
|-damage|p2a: Conkeldurr|88/100|[from] Spikes
|switch|p1a: Seismitoad|Seismitoad, F|100/100
|-damage|p1a: Seismitoad|94/100|[from] Stealth Rock
|
|-weather|RainDance|[upkeep]
|-heal|p1a: Seismitoad|100/100|[from] item: Leftovers
|upkeep
|turn|4
|
|switch|p2a: Seismitoad|Seismitoad, M|100/100
|-damage|p2a: Seismitoad|88/100|[from] Spikes
|move|p1a: Seismitoad|Stealth Rock|p2a: Seismitoad
|-sidestart|p2: RenegadeWinds111|move: Stealth Rock
|
|-weather|RainDance|[upkeep]
|-heal|p2a: Seismitoad|94/100|[from] item: Leftovers
|upkeep
|turn|5
|
|move|p2a: Seismitoad|Power Whip|p1a: Seismitoad
|-supereffective|p1a: Seismitoad
|-crit|p1a: Seismitoad
|-damage|p1a: Seismitoad|0 fnt
|faint|p1a: Seismitoad
|
|-weather|RainDance|[upkeep]
|-heal|p2a: Seismitoad|99/100|[from] item: Leftovers
|upkeep
|
|switch|p1a: Ferrothorn|Ferrothorn, F|100/100
|-damage|p1a: Ferrothorn|95/100|[from] Stealth Rock
|turn|6
|
|switch|p2a: Mandibuzz|Mandibuzz, F|100/100
|-damage|p2a: Mandibuzz|75/100|[from] Stealth Rock
|move|p1a: Ferrothorn|Power Whip|p2a: Mandibuzz
|-resisted|p2a: Mandibuzz
|-damage|p2a: Mandibuzz|64/100
|-damage|p1a: Ferrothorn|78/100|[from] item: Rocky Helmet|[of] p2a: Mandibuzz
|
|-weather|RainDance|[upkeep]
|-heal|p1a: Ferrothorn|84/100|[from] item: Leftovers
|upkeep
|turn|7
|
|move|p2a: Mandibuzz|Taunt|p1a: Ferrothorn
|-start|p1a: Ferrothorn|move: Taunt
|cant|p1a: Ferrothorn|move: Taunt|Leech Seed
|
|-weather|RainDance|[upkeep]
|-heal|p1a: Ferrothorn|90/100|[from] item: Leftovers
|upkeep
|turn|8
|
|move|p2a: Mandibuzz|Defog|p1a: Ferrothorn
|-unboost|p1a: Ferrothorn|evasion|1
|-sideend|p1: McRuby64|Stealth Rock|[from] move: Defog|[of] p2a: Mandibuzz
|-sideend|p2: RenegadeWinds111|Spikes|[from] move: Defog|[of] p2a: Mandibuzz
|-sideend|p2: RenegadeWinds111|Stealth Rock|[from] move: Defog|[of] p2a: Mandibuzz
|move|p1a: Ferrothorn|Power Whip|p2a: Mandibuzz
|-resisted|p2a: Mandibuzz
|-damage|p2a: Mandibuzz|53/100
|-damage|p1a: Ferrothorn|73/100|[from] item: Rocky Helmet|[of] p2a: Mandibuzz
|
|-weather|none
|-heal|p1a: Ferrothorn|79/100|[from] item: Leftovers
|upkeep
|turn|9
|
|switch|p2a: Conkeldurr|Conkeldurr, M|88/100
|switch|p1a: Pelipper|Pelipper, F|100/100
|-weather|RainDance|[from] ability: Drizzle|[of] p1a: Pelipper
|
|-weather|RainDance|[upkeep]
|upkeep
|turn|10
|
|switch|p2a: Seismitoad|Seismitoad, M|99/100
|move|p1a: Pelipper|U-turn|p2a: Seismitoad
|-damage|p2a: Seismitoad|95/100
|
|switch|p1a: Barraskewda|Barraskewda, M|100/100|[from]move: U-turn
|
|-weather|RainDance|[upkeep]
|-heal|p2a: Seismitoad|100/100|[from] item: Leftovers
|upkeep
|turn|11
|
|move|p1a: Barraskewda|Close Combat|p2a: Seismitoad
|-damage|p2a: Seismitoad|55/100
|-unboost|p1a: Barraskewda|def|1
|-unboost|p1a: Barraskewda|spd|1
|move|p2a: Seismitoad|Power Whip|p1a: Barraskewda|[miss]
|-miss|p2a: Seismitoad|p1a: Barraskewda
|
|-weather|RainDance|[upkeep]
|-heal|p2a: Seismitoad|61/100|[from] item: Leftovers
|upkeep
|turn|12
|
|move|p1a: Barraskewda|Close Combat|p2a: Seismitoad
|-damage|p2a: Seismitoad|10/100
|-unboost|p1a: Barraskewda|def|1
|-unboost|p1a: Barraskewda|spd|1
|move|p2a: Seismitoad|Power Whip|p1a: Barraskewda
|-supereffective|p1a: Barraskewda
|-damage|p1a: Barraskewda|0 fnt
|faint|p1a: Barraskewda
|
|-weather|RainDance|[upkeep]
|-heal|p2a: Seismitoad|16/100|[from] item: Leftovers
|upkeep
|
|switch|p1a: Dracovish|Dracovish|100/100
|turn|13
|
|switch|p2a: Clefable|Clefable, F|100/100
|move|p1a: Dracovish|Crunch|p2a: Clefable
|-resisted|p2a: Clefable
|-damage|p2a: Clefable|81/100
|-unboost|p2a: Clefable|def|1
|
|-weather|RainDance|[upkeep]
|-heal|p2a: Clefable|88/100|[from] item: Leftovers
|upkeep
|turn|14
|
|switch|p1a: Ferrothorn|Ferrothorn, F|79/100
|move|p2a: Clefable|Wish|p2a: Clefable
|
|-weather|RainDance|[upkeep]
|-heal|p2a: Clefable|94/100|[from] item: Leftovers
|-heal|p1a: Ferrothorn|85/100|[from] item: Leftovers
|upkeep
|turn|15
|
|switch|p2a: Conkeldurr|Conkeldurr, M|88/100
|move|p1a: Ferrothorn|Power Whip|p2a: Conkeldurr
|-damage|p2a: Conkeldurr|53/100
|
|-weather|RainDance|[upkeep]
|-heal|p2a: Conkeldurr|100/100|[from] move: Wish|[wisher] Clefable
|-heal|p1a: Ferrothorn|91/100|[from] item: Leftovers
|upkeep
|turn|16
|
|move|p2a: Conkeldurr|Drain Punch|p1a: Ferrothorn
|-supereffective|p1a: Ferrothorn
|-damage|p1a: Ferrothorn|38/100
|-damage|p2a: Conkeldurr|88/100|[from] ability: Iron Barbs|[of] p1a: Ferrothorn
|move|p1a: Ferrothorn|Spikes|p2a: Conkeldurr
|-sidestart|p2: RenegadeWinds111|Spikes
|
|-weather|none
|-heal|p1a: Ferrothorn|44/100|[from] item: Leftovers
|upkeep
|turn|17
|
|switch|p1a: Pelipper|Pelipper, F|100/100
|-weather|RainDance|[from] ability: Drizzle|[of] p1a: Pelipper
|move|p2a: Conkeldurr|Drain Punch|p1a: Pelipper
|-resisted|p1a: Pelipper
|-damage|p1a: Pelipper|84/100
|-heal|p2a: Conkeldurr|95/100|[from] drain|[of] p1a: Pelipper
|
|-weather|RainDance|[upkeep]
|upkeep
|turn|18
|
|move|p1a: Pelipper|Hurricane|p2a: Conkeldurr
|-supereffective|p2a: Conkeldurr
|-damage|p2a: Conkeldurr|38/100
|move|p2a: Conkeldurr|Ice Punch|p1a: Pelipper
|-crit|p1a: Pelipper
|-damage|p1a: Pelipper|50/100
|
|-weather|RainDance|[upkeep]
|upkeep
|turn|19
|
|switch|p2a: Aegislash|Aegislash, M|100/100
|-damage|p2a: Aegislash|88/100|[from] Spikes
|move|p1a: Pelipper|Hurricane|p2a: Aegislash
|-resisted|p2a: Aegislash
|-damage|p2a: Aegislash|73/100
|-start|p2a: Aegislash|confusion
|
|-weather|RainDance|[upkeep]
|upkeep
|turn|20
|
|move|p1a: Pelipper|Roost|p1a: Pelipper
|-heal|p1a: Pelipper|99/100
|-singleturn|p1a: Pelipper|move: Roost
|-activate|p2a: Aegislash|confusion
|-damage|p2a: Aegislash|66/100|[from] confusion
|
|-weather|RainDance|[upkeep]
|upkeep
|turn|21
|
|switch|p1a: Dracovish|Dracovish|100/100
|switch|p2a: Hydreigon|Hydreigon, M|100/100
|
|-weather|RainDance|[upkeep]
|upkeep
|turn|22
|
|move|p2a: Hydreigon|Draco Meteor|p1a: Dracovish
|-supereffective|p1a: Dracovish
|-damage|p1a: Dracovish|0 fnt
|-unboost|p2a: Hydreigon|spa|2
|faint|p1a: Dracovish
|
|-weather|RainDance|[upkeep]
|upkeep
|-message|McRuby64 forfeited.
|
|win|RenegadeWinds111
|l|☆McRuby64
|raw|McRuby64's rating: 1444 → 1424(-20 for losing)
|raw|RenegadeWinds111's rating: 1441 → 1461(+20 for winning)
