|ScrapeTime|2020-01-02-12:15:17
|j|☆Rayo91
|j|☆kusari08
|player|p1|Rayo91|288|
|player|p2|kusari08|157|
|teamsize|p1|6
|teamsize|p2|6
|gametype|singles
|gen|8
|tier|[Gen 8] OU
|rule|Sleep Clause Mod: Limit one foe put to sleep
|rule|Species Clause: Limit one of each Pokémon
|rule|OHKO Clause: OHKO moves are banned
|rule|Evasion Moves Clause: Evasion moves are banned
|rule|Endless Battle Clause: Forcing endless battles is banned
|rule|HP Percentage Mod: HP is shown in percentages
|clearpoke
|poke|p1|Araquanid, F|
|poke|p1|Dhelmise|
|poke|p1|Goodra, M|
|poke|p1|Dracovish|
|poke|p1|Golisopod, M|
|poke|p1|Perrserker, F|
|poke|p2|Drakloak, M|
|poke|p2|Vaporeon, F|
|poke|p2|Weavile, M|
|poke|p2|Roserade, F|
|poke|p2|Lucario, M|
|poke|p2|Oranguru, M|
|rule|Dynamax Clause: You cannot dynamax
|teampreview
|
|start
|switch|p1a: Araquanid|Araquanid, F|100/100
|switch|p2a: Roserade|Roserade, F|100/100
|turn|1
|
|move|p2a: Roserade|Toxic Spikes|p1a: Araquanid
|-sidestart|p1: Rayo91|move: Toxic Spikes
|move|p1a: Araquanid|Sticky Web|p2a: Roserade
|-sidestart|p2: kusari08|move: Sticky Web
|
|upkeep
|turn|2
|
|move|p2a: Roserade|Toxic Spikes|p1a: Araquanid
|-sidestart|p1: Rayo91|move: Toxic Spikes
|move|p1a: Araquanid|Infestation|p2a: Roserade
|-damage|p2a: Roserade|96/100
|-activate|p2a: Roserade|move: Infestation|[of] p1a: Araquanid
|
|-heal|p2a: Roserade|100/100|[from] item: Black Sludge
|-damage|p2a: Roserade|88/100|[from] move: Infestation|[partiallytrapped]
|upkeep
|turn|3
|
|move|p2a: Roserade|Leech Seed|p1a: Araquanid
|-start|p1a: Araquanid|move: Leech Seed
|move|p1a: Araquanid|Liquidation|p2a: Roserade
|-resisted|p2a: Roserade
|-damage|p2a: Roserade|45/100
|
|-heal|p2a: Roserade|51/100|[from] item: Black Sludge
|-damage|p1a: Araquanid|88/100|[from] Leech Seed|[of] p2a: Roserade
|-heal|p2a: Roserade|67/100|[silent]
|-damage|p2a: Roserade|55/100|[from] move: Infestation|[partiallytrapped]
|upkeep
|turn|4
|
|move|p2a: Roserade|Giga Drain|p1a: Araquanid
|-damage|p1a: Araquanid|67/100
|-heal|p2a: Roserade|68/100|[from] drain|[of] p1a: Araquanid
|move|p1a: Araquanid|Liquidation|p2a: Roserade
|-resisted|p2a: Roserade
|-damage|p2a: Roserade|28/100
|-unboost|p2a: Roserade|def|1
|
|-heal|p2a: Roserade|34/100|[from] item: Black Sludge
|-heal|p1a: Araquanid|73/100|[from] item: Leftovers
|-damage|p1a: Araquanid|61/100|[from] Leech Seed|[of] p2a: Roserade
|-heal|p2a: Roserade|50/100|[silent]
|-damage|p2a: Roserade|38/100|[from] move: Infestation|[partiallytrapped]
|upkeep
|turn|5
|
|move|p2a: Roserade|Giga Drain|p1a: Araquanid
|-damage|p1a: Araquanid|38/100
|-heal|p2a: Roserade|53/100|[from] drain|[of] p1a: Araquanid
|move|p1a: Araquanid|Liquidation|p2a: Roserade
|-resisted|p2a: Roserade
|-damage|p2a: Roserade|0 fnt
|faint|p2a: Roserade
|
|-heal|p1a: Araquanid|44/100|[from] item: Leftovers
|upkeep
|
|switch|p2a: Vaporeon|Vaporeon, F|100/100
|-activate|p2a: Vaporeon|move: Sticky Web
|-unboost|p2a: Vaporeon|spe|1
|turn|6
|
|move|p2a: Vaporeon|Protect|p2a: Vaporeon
|-singleturn|p2a: Vaporeon|Protect
|move|p1a: Araquanid|Infestation|p2a: Vaporeon
|-activate|p2a: Vaporeon|move: Protect
|
|-heal|p1a: Araquanid|50/100|[from] item: Leftovers
|-damage|p1a: Araquanid|38/100|[from] Leech Seed|[of] p2a: Vaporeon
|upkeep
|turn|7
|
|move|p1a: Araquanid|Aqua Ring|p1a: Araquanid
|-start|p1a: Araquanid|Aqua Ring
|move|p2a: Vaporeon|Scald|p1a: Araquanid
|-resisted|p1a: Araquanid
|-damage|p1a: Araquanid|28/100
|
|-heal|p1a: Araquanid|35/100|[from] item: Leftovers
|-heal|p1a: Araquanid|41/100|[from] Aqua Ring
|-damage|p1a: Araquanid|28/100|[from] Leech Seed|[of] p2a: Vaporeon
|upkeep
|turn|8
|
|switch|p1a: Dhelmise|Dhelmise|100/100
|-status|p1a: Dhelmise|tox
|move|p2a: Vaporeon|Scald|p1a: Dhelmise
|-resisted|p1a: Dhelmise
|-damage|p1a: Dhelmise|93/100 tox
|
|-damage|p1a: Dhelmise|87/100 tox|[from] psn
|upkeep
|turn|9
|
|switch|p2a: Drakloak|Drakloak, M|100/100
|-activate|p2a: Drakloak|move: Sticky Web
|-unboost|p2a: Drakloak|spe|1
|move|p1a: Dhelmise|Rapid Spin|p2a: Drakloak
|-immune|p2a: Drakloak
|
|-damage|p1a: Dhelmise|74/100 tox|[from] psn
|upkeep
|turn|10
|
|switch|p1a: Perrserker|Perrserker, F|100/100
|move|p2a: Drakloak|Draco Meteor|p1a: Perrserker
|-resisted|p1a: Perrserker
|-damage|p1a: Perrserker|75/100
|-unboost|p2a: Drakloak|spa|2
|
|upkeep
|turn|11
|
|switch|p2a: Vaporeon|Vaporeon, F|100/100
|-activate|p2a: Vaporeon|move: Sticky Web
|-unboost|p2a: Vaporeon|spe|1
|move|p1a: Perrserker|Play Rough|p2a: Vaporeon
|-damage|p2a: Vaporeon|61/100
|-damage|p1a: Perrserker|58/100|[from] item: Rocky Helmet|[of] p2a: Vaporeon
|
|upkeep
|turn|12
|
|switch|p1a: Dhelmise|Dhelmise|74/100 tox
|move|p2a: Vaporeon|Wish|p2a: Vaporeon
|
|-damage|p1a: Dhelmise|68/100 tox|[from] psn
|upkeep
|turn|13
|
|move|p2a: Vaporeon|Protect|p2a: Vaporeon
|-singleturn|p2a: Vaporeon|Protect
|move|p1a: Dhelmise|Shadow Claw|p2a: Vaporeon
|-activate|p2a: Vaporeon|move: Protect
|
|-heal|p2a: Vaporeon|100/100|[from] move: Wish|[wisher] Vaporeon
|-damage|p1a: Dhelmise|56/100 tox|[from] psn
|upkeep
|turn|14
|
|switch|p2a: Drakloak|Drakloak, M|100/100
|-activate|p2a: Drakloak|move: Sticky Web
|-unboost|p2a: Drakloak|spe|1
|move|p1a: Dhelmise|Power Whip|p2a: Drakloak
|-resisted|p2a: Drakloak
|-damage|p2a: Drakloak|61/100
|
|-damage|p1a: Dhelmise|38/100 tox|[from] psn
|upkeep
|turn|15
|
|move|p2a: Drakloak|Hex|p1a: Dhelmise
|-supereffective|p1a: Dhelmise
|-damage|p1a: Dhelmise|0 fnt
|faint|p1a: Dhelmise
|
|upkeep
|
|switch|p1a: Perrserker|Perrserker, F|58/100
|turn|16
|
|move|p2a: Drakloak|Will-O-Wisp|p1a: Perrserker
|-status|p1a: Perrserker|brn
|move|p1a: Perrserker|Seed Bomb|p2a: Drakloak
|-resisted|p2a: Drakloak
|-damage|p2a: Drakloak|46/100
|
|-damage|p1a: Perrserker|52/100 brn|[from] brn
|upkeep
|turn|17
|
|move|p2a: Drakloak|U-turn|p1a: Perrserker
|-resisted|p1a: Perrserker
|-damage|p1a: Perrserker|45/100 brn
|
|switch|p2a: Oranguru|Oranguru, M|100/100|[from]move: U-turn
|-activate|p2a: Oranguru|move: Sticky Web
|-unboost|p2a: Oranguru|spe|1
|move|p1a: Perrserker|Seed Bomb|p2a: Oranguru
|-damage|p2a: Oranguru|81/100
|
|-damage|p1a: Perrserker|39/100 brn|[from] brn
|upkeep
|turn|18
|
|move|p1a: Perrserker|Seed Bomb|p2a: Oranguru
|-crit|p2a: Oranguru
|-damage|p2a: Oranguru|50/100
|move|p2a: Oranguru|Reflect|p2a: Oranguru
|-sidestart|p2: kusari08|Reflect
|
|-damage|p1a: Perrserker|33/100 brn|[from] brn
|upkeep
|turn|19
|
|move|p1a: Perrserker|Seed Bomb|p2a: Oranguru
|-damage|p2a: Oranguru|40/100
|move|p2a: Oranguru|Light Screen|p2a: Oranguru
|-sidestart|p2: kusari08|move: Light Screen
|
|-damage|p1a: Perrserker|27/100 brn|[from] brn
|upkeep
|turn|20
|
|move|p1a: Perrserker|Seed Bomb|p2a: Oranguru
|-damage|p2a: Oranguru|29/100
|move|p2a: Oranguru|Thunderbolt|p1a: Perrserker
|-damage|p1a: Perrserker|2/100 brn
|
|-damage|p1a: Perrserker|0 fnt|[from] brn
|faint|p1a: Perrserker
|upkeep
|
|switch|p1a: Araquanid|Araquanid, F|28/100
|-status|p1a: Araquanid|tox
|turn|21
|
|move|p1a: Araquanid|Liquidation|p2a: Oranguru
|-damage|p2a: Oranguru|7/100
|-unboost|p2a: Oranguru|def|1
|move|p2a: Oranguru|Psyshock|p1a: Araquanid
|-damage|p1a: Araquanid|3/100 tox
|
|-heal|p1a: Araquanid|9/100 tox|[from] item: Leftovers
|-damage|p1a: Araquanid|3/100 tox|[from] psn
|upkeep
|turn|22
|
|move|p1a: Araquanid|Liquidation|p2a: Oranguru
|-crit|p2a: Oranguru
|-damage|p2a: Oranguru|0 fnt
|faint|p2a: Oranguru
|
|-heal|p1a: Araquanid|9/100 tox|[from] item: Leftovers
|-damage|p1a: Araquanid|0 fnt|[from] psn
|faint|p1a: Araquanid
|upkeep
|
|switch|p2a: Vaporeon|Vaporeon, F|100/100
|switch|p1a: Golisopod|Golisopod, M|100/100
|-activate|p2a: Vaporeon|move: Sticky Web
|-unboost|p2a: Vaporeon|spe|1
|-status|p1a: Golisopod|tox
|turn|23
|
|move|p1a: Golisopod|Bulk Up|p1a: Golisopod
|-boost|p1a: Golisopod|atk|1
|-boost|p1a: Golisopod|def|1
|move|p2a: Vaporeon|Wish|p2a: Vaporeon
|
|-damage|p1a: Golisopod|94/100 tox|[from] psn
|upkeep
|turn|24
|
|move|p1a: Golisopod|Bulk Up|p1a: Golisopod
|-boost|p1a: Golisopod|atk|1
|-boost|p1a: Golisopod|def|1
|move|p2a: Vaporeon|Haze|p2a: Vaporeon
|-clearallboost
|
|-heal|p1a: Golisopod|100/100 tox|[from] item: Leftovers
|-damage|p1a: Golisopod|88/100 tox|[from] psn
|upkeep
|turn|25
|
|move|p2a: Vaporeon|Wish|p2a: Vaporeon
|move|p1a: Golisopod|Leech Life|p2a: Vaporeon
|-damage|p2a: Vaporeon|88/100
|-heal|p1a: Golisopod|97/100 tox|[from] drain|[of] p2a: Vaporeon
|-damage|p1a: Golisopod|80/100 tox|[from] item: Rocky Helmet|[of] p2a: Vaporeon
|
|-heal|p1a: Golisopod|86/100 tox|[from] item: Leftovers
|-damage|p1a: Golisopod|67/100 tox|[from] psn
|-sideend|p2: kusari08|Reflect
|upkeep
|turn|26
|
|move|p2a: Vaporeon|Protect|p2a: Vaporeon
|-singleturn|p2a: Vaporeon|Protect
|move|p1a: Golisopod|Leech Life|p2a: Vaporeon
|-activate|p2a: Vaporeon|move: Protect
|
|-heal|p2a: Vaporeon|100/100|[from] move: Wish|[wisher] Vaporeon
|-heal|p1a: Golisopod|74/100 tox|[from] item: Leftovers
|-damage|p1a: Golisopod|49/100 tox|[from] psn
|-activate|p1a: Golisopod|ability: Emergency Exit
|-sideend|p2: kusari08|move: Light Screen
|upkeep
|-message|Rayo91 forfeited.
|
|win|kusari08
|l|☆Rayo91
