|ScrapeTime|2020-01-03-01:25:04
|j|☆fieox1337
|j|☆NasPena2
|player|p1|fieox1337|2|1646
|player|p2|NasPena2|blaine|1596
|teamsize|p1|6
|teamsize|p2|6
|gametype|singles
|gen|8
|tier|[Gen 8] OU
|rated|
|rule|Sleep Clause Mod: Limit one foe put to sleep
|rule|Species Clause: Limit one of each Pokémon
|rule|OHKO Clause: OHKO moves are banned
|rule|Evasion Moves Clause: Evasion moves are banned
|rule|Endless Battle Clause: Forcing endless battles is banned
|rule|HP Percentage Mod: HP is shown in percentages
|clearpoke
|poke|p1|Garbodor, F|
|poke|p1|Grimmsnarl, M|
|poke|p1|Toxtricity, M|
|poke|p1|Bisharp, F|
|poke|p1|Gengar, M|
|poke|p1|Hydreigon, M|
|poke|p2|Dragapult, M|
|poke|p2|Obstagoon, M|
|poke|p2|Ferrothorn, F|
|poke|p2|Rotom-Heat|
|poke|p2|Hippowdon, F|
|poke|p2|Hatterene, F|
|rule|Dynamax Clause: You cannot dynamax
|teampreview
|inactive|Battle timer is ON: inactive players will automatically lose when time's up. (requested by fieox1337)
|
|start
|switch|p1a: Garbodor|Garbodor, F|100/100
|switch|p2a: The Hat|Hatterene, F|100/100
|turn|1
|
|move|p1a: Garbodor|Gunk Shot|p2a: The Hat
|-supereffective|p2a: The Hat
|-damage|p2a: The Hat|11/100
|move|p2a: The Hat|Psyshock|p1a: Garbodor
|-supereffective|p1a: Garbodor
|-damage|p1a: Garbodor|6/100
|
|-heal|p2a: The Hat|17/100|[from] item: Leftovers
|upkeep
|turn|2
|
|move|p1a: Garbodor|Gunk Shot|p2a: The Hat
|-supereffective|p2a: The Hat
|-damage|p2a: The Hat|0 fnt
|faint|p2a: The Hat
|
|upkeep
|
|switch|p2a: Gene|Obstagoon, M|100/100
|turn|3
|
|switch|p1a: Grimmsnarl|Grimmsnarl, M|100/100
|move|p2a: Gene|Knock Off|p1a: Grimmsnarl
|-resisted|p1a: Grimmsnarl
|-damage|p1a: Grimmsnarl|93/100
|-enditem|p1a: Grimmsnarl|Eject Button|[from] move: Knock Off|[of] p2a: Gene
|
|-status|p2a: Gene|brn|[from] item: Flame Orb
|upkeep
|turn|4
|
|switch|p1a: Garbodor|Garbodor, F|6/100
|move|p2a: Gene|Bulk Up|p2a: Gene
|-boost|p2a: Gene|atk|1
|-boost|p2a: Gene|def|1
|
|-damage|p2a: Gene|94/100 brn|[from] brn
|upkeep
|turn|5
|
|move|p2a: Gene|Knock Off|p1a: Garbodor
|-damage|p1a: Garbodor|0 fnt
|-enditem|p1a: Garbodor|Focus Sash|[from] move: Knock Off|[of] p2a: Gene
|faint|p1a: Garbodor
|
|-damage|p2a: Gene|88/100 brn|[from] brn
|upkeep
|
|switch|p1a: Grimmsnarl|Grimmsnarl, M|93/100
|turn|6
|
|move|p1a: Grimmsnarl|Reflect|p1a: Grimmsnarl
|-sidestart|p1: fieox1337|Reflect
|move|p2a: Gene|Facade|p1a: Grimmsnarl
|-damage|p1a: Grimmsnarl|38/100
|
|-damage|p2a: Gene|82/100 brn|[from] brn
|upkeep
|turn|7
|
|move|p2a: Gene|Facade|p1a: Grimmsnarl
|-damage|p1a: Grimmsnarl|0 fnt
|faint|p1a: Grimmsnarl
|
|-damage|p2a: Gene|76/100 brn|[from] brn
|upkeep
|
|switch|p1a: Gengar|Gengar, M|100/100
|turn|8
|
|move|p1a: Gengar|Dazzling Gleam|p2a: Gene
|-supereffective|p2a: Gene
|-damage|p2a: Gene|0 fnt
|faint|p2a: Gene
|
|upkeep
|
|switch|p2a: Bertha|Hippowdon, F, shiny|100/100
|-weather|Sandstorm|[from] ability: Sand Stream|[of] p2a: Bertha
|turn|9
|
|switch|p1a: Hydreigon|Hydreigon, M|100/100
|move|p2a: Bertha|Stealth Rock|p1a: Hydreigon
|-sidestart|p1: fieox1337|move: Stealth Rock
|
|-weather|Sandstorm|[upkeep]
|-damage|p1a: Hydreigon|94/100|[from] Sandstorm
|-heal|p1a: Hydreigon|100/100|[from] item: Leftovers
|upkeep
|turn|10
|
|move|p1a: Hydreigon|Dark Pulse|p2a: Bertha
|-damage|p2a: Bertha|73/100
|move|p2a: Bertha|Whirlwind|p1a: Hydreigon
|drag|p1a: Bisharp|Bisharp, F|100/100
|-damage|p1a: Bisharp|95/100|[from] Stealth Rock
|
|-weather|Sandstorm|[upkeep]
|-heal|p2a: Bertha|79/100|[from] item: Leftovers
|-sideend|p1: fieox1337|Reflect
|upkeep
|turn|11
|
|switch|p1a: Hydreigon|Hydreigon, M|100/100
|-damage|p1a: Hydreigon|88/100|[from] Stealth Rock
|move|p2a: Bertha|Earthquake|p1a: Hydreigon
|-immune|p1a: Hydreigon|[from] ability: Levitate
|
|-weather|Sandstorm|[upkeep]
|-damage|p1a: Hydreigon|82/100|[from] Sandstorm
|-heal|p1a: Hydreigon|88/100|[from] item: Leftovers
|-heal|p2a: Bertha|85/100|[from] item: Leftovers
|upkeep
|turn|12
|
|move|p1a: Hydreigon|Dark Pulse|p2a: Bertha
|-damage|p2a: Bertha|58/100
|cant|p2a: Bertha|flinch
|
|-weather|Sandstorm|[upkeep]
|-damage|p1a: Hydreigon|82/100|[from] Sandstorm
|-heal|p1a: Hydreigon|88/100|[from] item: Leftovers
|-heal|p2a: Bertha|64/100|[from] item: Leftovers
|upkeep
|turn|13
|
|move|p1a: Hydreigon|Dark Pulse|p2a: Bertha
|-damage|p2a: Bertha|35/100
|cant|p2a: Bertha|flinch
|
|-weather|none
|-heal|p1a: Hydreigon|94/100|[from] item: Leftovers
|-heal|p2a: Bertha|41/100|[from] item: Leftovers
|upkeep
|turn|14
|
|move|p1a: Hydreigon|Nasty Plot|p1a: Hydreigon
|-boost|p1a: Hydreigon|spa|2
|move|p2a: Bertha|Slack Off|p2a: Bertha
|-heal|p2a: Bertha|91/100
|
|-heal|p1a: Hydreigon|100/100|[from] item: Leftovers
|-heal|p2a: Bertha|97/100|[from] item: Leftovers
|upkeep
|turn|15
|
|move|p1a: Hydreigon|Dark Pulse|p2a: Bertha
|-damage|p2a: Bertha|43/100
|move|p2a: Bertha|Whirlwind|p1a: Hydreigon
|drag|p1a: Toxtricity|Toxtricity, M|100/100
|-damage|p1a: Toxtricity|88/100|[from] Stealth Rock
|
|-heal|p2a: Bertha|49/100|[from] item: Leftovers
|upkeep
|turn|16
|
|move|p1a: Toxtricity|Boomburst|p2a: Bertha
|-damage|p2a: Bertha|8/100
|-enditem|p1a: Toxtricity|Throat Spray
|-boost|p1a: Toxtricity|spa|1
|move|p2a: Bertha|Slack Off|p2a: Bertha
|-heal|p2a: Bertha|58/100
|
|-heal|p2a: Bertha|64/100|[from] item: Leftovers
|upkeep
|turn|17
|
|switch|p2a: Toothless|Dragapult, M|100/100
|move|p1a: Toxtricity|Boomburst|p2a: Toothless
|-immune|p2a: Toothless
|
|upkeep
|turn|18
|
|switch|p1a: Bisharp|Bisharp, F|95/100
|-damage|p1a: Bisharp|89/100|[from] Stealth Rock
|move|p2a: Toothless|Draco Meteor|p1a: Bisharp
|-resisted|p1a: Bisharp
|-damage|p1a: Bisharp|15/100
|-unboost|p2a: Toothless|spa|2
|
|upkeep
|turn|19
|
|switch|p2a: Nettles|Ferrothorn, F|100/100
|move|p1a: Bisharp|Throat Chop|p2a: Nettles
|-damage|p2a: Nettles|67/100
|-damage|p1a: Bisharp|2/100|[from] ability: Iron Barbs|[of] p2a: Nettles
|-start|p2a: Nettles|Throat Chop|[silent]
|
|-heal|p2a: Nettles|74/100|[from] item: Leftovers
|upkeep
|turn|20
|
|move|p1a: Bisharp|Throat Chop|p2a: Nettles
|-damage|p2a: Nettles|44/100
|-damage|p1a: Bisharp|0 fnt|[from] ability: Iron Barbs|[of] p2a: Nettles
|faint|p1a: Bisharp
|move|p2a: Nettles|Body Press|p1: Bisharp|[notarget]
|-fail|p2a: Nettles
|
|-heal|p2a: Nettles|50/100|[from] item: Leftovers
|-end|p2a: Nettles|Throat Chop|[silent]
|upkeep
|
|switch|p1a: Hydreigon|Hydreigon, M|100/100
|-damage|p1a: Hydreigon|88/100|[from] Stealth Rock
|turn|21
|
|move|p1a: Hydreigon|Dark Pulse|p2a: Nettles
|-damage|p2a: Nettles|16/100
|move|p2a: Nettles|Body Press|p1a: Hydreigon
|-supereffective|p1a: Hydreigon
|-damage|p1a: Hydreigon|17/100
|
|-heal|p1a: Hydreigon|23/100|[from] item: Leftovers
|-heal|p2a: Nettles|22/100|[from] item: Leftovers
|upkeep
|turn|22
|
|move|p1a: Hydreigon|Dark Pulse|p2a: Nettles
|-damage|p2a: Nettles|0 fnt
|faint|p2a: Nettles
|
|-heal|p1a: Hydreigon|29/100|[from] item: Leftovers
|upkeep
|
|switch|p2a: Toothless|Dragapult, M|100/100
|turn|23
|
|move|p2a: Toothless|Draco Meteor|p1a: Hydreigon
|-supereffective|p1a: Hydreigon
|-damage|p1a: Hydreigon|0 fnt
|-unboost|p2a: Toothless|spa|2
|faint|p1a: Hydreigon
|
|upkeep
|
|switch|p1a: Toxtricity|Toxtricity, M|88/100
|-damage|p1a: Toxtricity|76/100|[from] Stealth Rock
|turn|24
|inactive|NasPena2 has 120 seconds left.
|
|move|p2a: Toothless|Draco Meteor|p1a: Toxtricity|[miss]
|-miss|p2a: Toothless|p1a: Toxtricity
|move|p1a: Toxtricity|Shift Gear|p1a: Toxtricity
|-boost|p1a: Toxtricity|spe|2
|-boost|p1a: Toxtricity|atk|1
|
|upkeep
|turn|25
|
|move|p1a: Toxtricity|Overdrive|p2a: Toothless
|-resisted|p2a: Toothless
|-damage|p2a: Toothless|65/100
|move|p2a: Toothless|Draco Meteor|p1a: Toxtricity
|-damage|p1a: Toxtricity|9/100
|-unboost|p2a: Toothless|spa|2
|
|upkeep
|turn|26
|inactive|NasPena2 has 120 seconds left.
|
|move|p1a: Toxtricity|Overdrive|p2a: Toothless
|-resisted|p2a: Toothless
|-damage|p2a: Toothless|31/100
|move|p2a: Toothless|Draco Meteor|p1a: Toxtricity
|-damage|p1a: Toxtricity|0 fnt
|-unboost|p2a: Toothless|spa|2
|faint|p1a: Toxtricity
|
|upkeep
|
|switch|p1a: Gengar|Gengar, M|100/100
|-damage|p1a: Gengar|88/100|[from] Stealth Rock
|turn|27
|
|move|p1a: Gengar|Shadow Ball|p2a: Toothless
|-supereffective|p2a: Toothless
|-damage|p2a: Toothless|0 fnt
|faint|p2a: Toothless
|
|upkeep
|
|switch|p2a: Bertha|Hippowdon, F, shiny|64/100
|-weather|Sandstorm|[from] ability: Sand Stream|[of] p2a: Bertha
|turn|28
|c|☆NasPena2|gg
|
|move|p1a: Gengar|Shadow Ball|p2a: Bertha
|-damage|p2a: Bertha|31/100
|move|p2a: Bertha|Earthquake|p1a: Gengar
|-supereffective|p1a: Gengar
|-damage|p1a: Gengar|0 fnt
|faint|p1a: Gengar
|
|win|NasPena2
|l|☆fieox1337
|raw|fieox1337's rating: 1632 → 1610(-22 for losing)
|raw|NasPena2's rating: 1596 → 1618(+22 for winning)
