|ScrapeTime|2020-01-02-06:35:01
|j|☆Jerkyoff
|j|☆stupid nooby
|player|p1|Jerkyoff|picnicker|1095
|player|p2|stupid nooby|palmer|1105
|teamsize|p1|6
|teamsize|p2|6
|gametype|singles
|gen|8
|tier|[Gen 8] OU
|rated|
|rule|Sleep Clause Mod: Limit one foe put to sleep
|rule|Species Clause: Limit one of each Pokémon
|rule|OHKO Clause: OHKO moves are banned
|rule|Evasion Moves Clause: Evasion moves are banned
|rule|Endless Battle Clause: Forcing endless battles is banned
|rule|HP Percentage Mod: HP is shown in percentages
|clearpoke
|poke|p1|Ferrothorn, M|
|poke|p1|Pelipper, F|
|poke|p1|Mantine, M|
|poke|p1|Kommo-o, M|
|poke|p1|Rotom-Heat|
|poke|p1|Polteageist|
|poke|p2|Grimmsnarl, M|
|poke|p2|Kommo-o, F|
|poke|p2|Corviknight, F|
|poke|p2|Clefable, F|
|poke|p2|Reuniclus, M|
|poke|p2|Drapion, M|
|rule|Dynamax Clause: You cannot dynamax
|teampreview
|
|start
|switch|p1a: Pelipper|Pelipper, F|100/100
|switch|p2a: Grimmsnarl|Grimmsnarl, M|100/100
|-weather|RainDance|[from] ability: Drizzle|[of] p1a: Pelipper
|turn|1
|
|move|p2a: Grimmsnarl|Light Screen|p2a: Grimmsnarl
|-sidestart|p2: stupid nooby|move: Light Screen
|move|p1a: Pelipper|Hydro Pump|p2a: Grimmsnarl
|-damage|p2a: Grimmsnarl|56/100
|
|-weather|RainDance|[upkeep]
|upkeep
|turn|2
|
|move|p2a: Grimmsnarl|Reflect|p2a: Grimmsnarl
|-sidestart|p2: stupid nooby|Reflect
|move|p1a: Pelipper|Hurricane|p2a: Grimmsnarl
|-damage|p2a: Grimmsnarl|29/100
|
|-weather|RainDance|[upkeep]
|upkeep
|turn|3
|
|switch|p2a: Reuniclus|Reuniclus, M|100/100
|move|p1a: Pelipper|Hurricane|p2a: Reuniclus
|-damage|p2a: Reuniclus|82/100
|
|-weather|RainDance|[upkeep]
|upkeep
|turn|4
|
|move|p1a: Pelipper|U-turn|p2a: Reuniclus
|-supereffective|p2a: Reuniclus
|-damage|p2a: Reuniclus|75/100
|
|switch|p1a: Ferrothorn|Ferrothorn, M|100/100|[from]move: U-turn
|move|p2a: Reuniclus|Calm Mind|p2a: Reuniclus
|-boost|p2a: Reuniclus|spa|1
|-boost|p2a: Reuniclus|spd|1
|
|-weather|RainDance|[upkeep]
|upkeep
|turn|5
|
|move|p2a: Reuniclus|Acid Armor|p2a: Reuniclus
|-boost|p2a: Reuniclus|def|2
|move|p1a: Ferrothorn|Leech Seed|p2a: Reuniclus|[miss]
|-miss|p1a: Ferrothorn|p2a: Reuniclus
|
|-weather|RainDance|[upkeep]
|upkeep
|turn|6
|
|move|p2a: Reuniclus|Calm Mind|p2a: Reuniclus
|-boost|p2a: Reuniclus|spa|1
|-boost|p2a: Reuniclus|spd|1
|move|p1a: Ferrothorn|Leech Seed|p2a: Reuniclus
|-start|p2a: Reuniclus|move: Leech Seed
|
|-weather|RainDance|[upkeep]
|upkeep
|turn|7
|
|move|p2a: Reuniclus|Calm Mind|p2a: Reuniclus
|-boost|p2a: Reuniclus|spa|1
|-boost|p2a: Reuniclus|spd|1
|move|p1a: Ferrothorn|Stealth Rock|p2a: Reuniclus
|-sidestart|p2: stupid nooby|move: Stealth Rock
|
|-weather|RainDance|[upkeep]
|upkeep
|turn|8
|
|move|p2a: Reuniclus|Calm Mind|p2a: Reuniclus
|-boost|p2a: Reuniclus|spa|1
|-boost|p2a: Reuniclus|spd|1
|move|p1a: Ferrothorn|Power Whip|p2a: Reuniclus|[miss]
|-miss|p1a: Ferrothorn|p2a: Reuniclus
|
|-weather|none
|-sideend|p2: stupid nooby|move: Light Screen
|upkeep
|turn|9
|
|switch|p1a: Polteageist|Polteageist|100/100
|move|p2a: Reuniclus|Calm Mind|p2a: Reuniclus
|-boost|p2a: Reuniclus|spa|1
|-boost|p2a: Reuniclus|spd|1
|
|-sideend|p2: stupid nooby|Reflect
|upkeep
|turn|10
|
|move|p1a: Polteageist|Shell Smash|p1a: Polteageist
|-unboost|p1a: Polteageist|def|1
|-unboost|p1a: Polteageist|spd|1
|-boost|p1a: Polteageist|atk|2
|-boost|p1a: Polteageist|spa|2
|-boost|p1a: Polteageist|spe|2
|move|p2a: Reuniclus|Stored Power|p1a: Polteageist
|-enditem|p1a: Polteageist|Focus Sash
|-damage|p1a: Polteageist|1/100
|
|upkeep
|turn|11
|
|move|p1a: Polteageist|Shadow Ball|p2a: Reuniclus
|-supereffective|p2a: Reuniclus
|-damage|p2a: Reuniclus|37/100
|move|p2a: Reuniclus|Stored Power|p1a: Polteageist
|-damage|p1a: Polteageist|0 fnt
|faint|p1a: Polteageist
|
|upkeep
|
|switch|p1a: Pelipper|Pelipper, F|100/100
|-weather|RainDance|[from] ability: Drizzle|[of] p1a: Pelipper
|turn|12
|
|move|p1a: Pelipper|Hurricane|p2a: Reuniclus
|-damage|p2a: Reuniclus|25/100
|-enditem|p2a: Reuniclus|Aguav Berry|[eat]
|-heal|p2a: Reuniclus|58/100|[from] item: Aguav Berry
|move|p2a: Reuniclus|Recover|p2a: Reuniclus
|-heal|p2a: Reuniclus|100/100
|
|-weather|RainDance|[upkeep]
|upkeep
|turn|13
|
|move|p1a: Pelipper|Hurricane|p2a: Reuniclus
|-damage|p2a: Reuniclus|89/100
|-start|p2a: Reuniclus|confusion
|-activate|p2a: Reuniclus|confusion
|move|p2a: Reuniclus|Calm Mind|p2a: Reuniclus
|-boost|p2a: Reuniclus|spa|1
|-boost|p2a: Reuniclus|spd|1
|
|-weather|RainDance|[upkeep]
|upkeep
|turn|14
|
|move|p1a: Pelipper|U-turn|p2a: Reuniclus
|-supereffective|p2a: Reuniclus
|-damage|p2a: Reuniclus|82/100
|
|switch|p1a: Mantine|Mantine, M|100/100|[from]move: U-turn
|-activate|p2a: Reuniclus|confusion
|move|p2a: Reuniclus|Acid Armor|p2a: Reuniclus
|-boost|p2a: Reuniclus|def|2
|
|-weather|RainDance|[upkeep]
|upkeep
|turn|15
|
|move|p1a: Mantine|Hydro Pump|p2a: Reuniclus
|-damage|p2a: Reuniclus|62/100
|-activate|p2a: Reuniclus|confusion
|move|p2a: Reuniclus|Calm Mind|p2a: Reuniclus
|-boost|p2a: Reuniclus|spa|0
|-boost|p2a: Reuniclus|spd|0
|
|-weather|RainDance|[upkeep]
|upkeep
|turn|16
|
|move|p1a: Mantine|Hydro Pump|p2a: Reuniclus|[miss]
|-miss|p1a: Mantine|p2a: Reuniclus
|-end|p2a: Reuniclus|confusion
|move|p2a: Reuniclus|Recover|p2a: Reuniclus
|-heal|p2a: Reuniclus|100/100
|
|-weather|RainDance|[upkeep]
|upkeep
|turn|17
|-message|Jerkyoff forfeited.
|
|win|stupid nooby
|l|☆Jerkyoff
|raw|Jerkyoff's rating: 1095 → 1072(-23 for losing)
|raw|stupid nooby's rating: 1105 → 1130(+25 for winning)
