|ScrapeTime|2020-01-01-18:15:27
|j|☆Srdevil
|j|☆undergrounstar
|player|p1|Srdevil|silver|1418
|player|p2|undergrounstar|2|1354
|teamsize|p1|6
|teamsize|p2|6
|gametype|singles
|gen|8
|tier|[Gen 8] OU
|rated|
|rule|Sleep Clause Mod: Limit one foe put to sleep
|rule|Species Clause: Limit one of each Pokémon
|rule|OHKO Clause: OHKO moves are banned
|rule|Evasion Moves Clause: Evasion moves are banned
|rule|Endless Battle Clause: Forcing endless battles is banned
|rule|HP Percentage Mod: HP is shown in percentages
|clearpoke
|poke|p1|Hydreigon, M|
|poke|p1|Corviknight, M|
|poke|p1|Seismitoad, M|
|poke|p1|Corsola-Galar, M|
|poke|p1|Hatterene, F|
|poke|p1|Eiscue, M|
|poke|p2|Pelipper, F|
|poke|p2|Drednaw, F|
|poke|p2|Seismitoad, F|
|poke|p2|Frosmoth, F|
|poke|p2|Hawlucha, M|
|poke|p2|Indeedee, M|
|rule|Dynamax Clause: You cannot dynamax
|teampreview
|
|start
|switch|p1a: Seismitoad|Seismitoad, M|100/100
|switch|p2a: Pelipper|Pelipper, F|100/100
|-weather|RainDance|[from] ability: Drizzle|[of] p2a: Pelipper
|turn|1
|inactive|Battle timer is ON: inactive players will automatically lose when time's up. (requested by Srdevil)
|
|switch|p2a: Frosmoth|Frosmoth, F|100/100
|move|p1a: Seismitoad|Toxic|p2a: Frosmoth
|-status|p2a: Frosmoth|tox
|
|-weather|RainDance|[upkeep]
|-damage|p2a: Frosmoth|94/100 tox|[from] psn
|upkeep
|turn|2
|
|move|p2a: Frosmoth|Quiver Dance|p2a: Frosmoth
|-boost|p2a: Frosmoth|spa|1
|-boost|p2a: Frosmoth|spd|1
|-boost|p2a: Frosmoth|spe|1
|move|p1a: Seismitoad|Stealth Rock|p2a: Frosmoth
|-sidestart|p2: undergrounstar|move: Stealth Rock
|
|-weather|RainDance|[upkeep]
|-damage|p2a: Frosmoth|82/100 tox|[from] psn
|upkeep
|turn|3
|
|switch|p1a: Corviknight|Corviknight, M|100/100
|-ability|p1a: Corviknight|Pressure
|move|p2a: Frosmoth|Quiver Dance|p2a: Frosmoth
|-boost|p2a: Frosmoth|spa|1
|-boost|p2a: Frosmoth|spd|1
|-boost|p2a: Frosmoth|spe|1
|
|-weather|RainDance|[upkeep]
|-damage|p2a: Frosmoth|64/100 tox|[from] psn
|upkeep
|turn|4
|
|move|p2a: Frosmoth|Weather Ball|p1a: Corviknight
|-damage|p1a: Corviknight|0 fnt
|-damage|p2a: Frosmoth|54/100 tox|[from] item: Life Orb
|faint|p1a: Corviknight
|
|-weather|RainDance|[upkeep]
|-damage|p2a: Frosmoth|30/100 tox|[from] psn
|upkeep
|
|switch|p1a: Seismitoad|Seismitoad, M|100/100
|turn|5
|
|move|p1a: Seismitoad|Protect|p1a: Seismitoad
|-singleturn|p1a: Seismitoad|Protect
|move|p2a: Frosmoth|Giga Drain|p1a: Seismitoad
|-activate|p1a: Seismitoad|move: Protect
|
|-weather|RainDance|[upkeep]
|-damage|p2a: Frosmoth|0 fnt|[from] psn
|faint|p2a: Frosmoth
|upkeep
|
|switch|p2a: Seismitoad|Seismitoad, F|100/100
|-damage|p2a: Seismitoad|94/100|[from] Stealth Rock
|turn|6
|
|move|p2a: Seismitoad|Focus Blast|p1a: Seismitoad
|-damage|p1a: Seismitoad|61/100
|-unboost|p1a: Seismitoad|spd|1
|move|p1a: Seismitoad|Toxic|p2a: Seismitoad|[miss]
|-miss|p1a: Seismitoad|p2a: Seismitoad
|
|-weather|RainDance|[upkeep]
|-heal|p1a: Seismitoad|67/100|[from] item: Leftovers
|upkeep
|turn|7
|
|switch|p1a: Hatterene|Hatterene, F|100/100
|move|p2a: Seismitoad|Focus Blast|p1a: Hatterene|[miss]
|-miss|p2a: Seismitoad|p1a: Hatterene
|
|-weather|RainDance|[upkeep]
|upkeep
|turn|8
|
|switch|p2a: Indeedee|Indeedee, M|100/100
|-damage|p2a: Indeedee|88/100|[from] Stealth Rock
|-fieldstart|move: Psychic Terrain|[from] ability: Psychic Surge|[of] p2a: Indeedee
|move|p1a: Hatterene|Mystical Fire|p2a: Indeedee
|-damage|p2a: Indeedee|73/100
|-unboost|p2a: Indeedee|spa|1
|
|-weather|none
|upkeep
|turn|9
|
|move|p2a: Indeedee|Future Sight|p1a: Hatterene
|-start|p2a: Indeedee|move: Future Sight
|move|p1a: Hatterene|Nuzzle|p2a: Indeedee
|-damage|p2a: Indeedee|65/100
|-status|p2a: Indeedee|par
|
|upkeep
|turn|10
|
|switch|p2a: Pelipper|Pelipper, F|100/100
|-damage|p2a: Pelipper|75/100|[from] Stealth Rock
|-weather|RainDance|[from] ability: Drizzle|[of] p2a: Pelipper
|move|p1a: Hatterene|Mystical Fire|p2a: Pelipper
|-resisted|p2a: Pelipper
|-damage|p2a: Pelipper|68/100
|-unboost|p2a: Pelipper|spa|1
|
|-weather|RainDance|[upkeep]
|upkeep
|turn|11
|
|move|p2a: Pelipper|U-turn|p1a: Hatterene
|-damage|p1a: Hatterene|93/100
|
|switch|p2a: Seismitoad|Seismitoad, F|94/100|[from]move: U-turn
|-damage|p2a: Seismitoad|88/100|[from] Stealth Rock
|move|p1a: Hatterene|Nuzzle|p2a: Seismitoad
|-immune|p2a: Seismitoad
|
|-weather|RainDance|[upkeep]
|-end|p1a: Hatterene|move: Future Sight
|-resisted|p1a: Hatterene
|-damage|p1a: Hatterene|58/100
|-heal|p1a: Hatterene|64/100|[from] item: Leftovers
|upkeep
|turn|12
|
|switch|p1a: Seismitoad|Seismitoad, M|67/100
|move|p2a: Seismitoad|Earth Power|p1a: Seismitoad
|-damage|p1a: Seismitoad|23/100
|
|-weather|RainDance|[upkeep]
|-heal|p1a: Seismitoad|29/100|[from] item: Leftovers
|-fieldend|move: Psychic Terrain
|upkeep
|turn|13
|
|move|p1a: Seismitoad|Protect|p1a: Seismitoad
|-singleturn|p1a: Seismitoad|Protect
|move|p2a: Seismitoad|Earth Power|p1a: Seismitoad
|-activate|p1a: Seismitoad|move: Protect
|
|-weather|RainDance|[upkeep]
|-heal|p1a: Seismitoad|35/100|[from] item: Leftovers
|upkeep
|turn|14
|
|switch|p1a: Hydreigon|Hydreigon, M|100/100
|move|p2a: Seismitoad|Earth Power|p1a: Hydreigon
|-immune|p1a: Hydreigon|[from] ability: Levitate
|
|-weather|RainDance|[upkeep]
|upkeep
|turn|15
|
|switch|p2a: Indeedee|Indeedee, M|65/100 par
|-damage|p2a: Indeedee|53/100 par|[from] Stealth Rock
|-fieldstart|move: Psychic Terrain|[from] ability: Psychic Surge|[of] p2a: Indeedee
|move|p1a: Hydreigon|Substitute|p1a: Hydreigon
|-start|p1a: Hydreigon|Substitute
|-damage|p1a: Hydreigon|76/100
|
|-weather|RainDance|[upkeep]
|-heal|p1a: Hydreigon|82/100|[from] item: Leftovers
|upkeep
|turn|16
|
|move|p1a: Hydreigon|Dark Pulse|p2a: Indeedee
|-supereffective|p2a: Indeedee
|-damage|p2a: Indeedee|0 fnt
|faint|p2a: Indeedee
|
|-weather|RainDance|[upkeep]
|-heal|p1a: Hydreigon|88/100|[from] item: Leftovers
|upkeep
|
|switch|p2a: Hawlucha|Hawlucha, M|100/100
|-damage|p2a: Hawlucha|88/100|[from] Stealth Rock
|-enditem|p2a: Hawlucha|Psychic Seed
|-boost|p2a: Hawlucha|spd|1
|turn|17
|
|move|p2a: Hawlucha|Acrobatics|p1a: Hydreigon
|-end|p1a: Hydreigon|Substitute
|move|p1a: Hydreigon|Flamethrower|p2a: Hawlucha
|-damage|p2a: Hawlucha|75/100
|
|-weather|none
|-heal|p1a: Hydreigon|94/100|[from] item: Leftovers
|upkeep
|turn|18
|
|switch|p1a: Hatterene|Hatterene, F|64/100
|move|p2a: Hawlucha|Swords Dance|p2a: Hawlucha
|-boost|p2a: Hawlucha|atk|2
|
|-heal|p1a: Hatterene|70/100|[from] item: Leftovers
|upkeep
|turn|19
|
|move|p2a: Hawlucha|Acrobatics|p1a: Hatterene
|-damage|p1a: Hatterene|0 fnt
|faint|p1a: Hatterene
|
|-fieldend|move: Psychic Terrain
|upkeep
|
|switch|p1a: Corsola|Corsola-Galar, M|100/100
|turn|20
|
|move|p2a: Hawlucha|Substitute|p2a: Hawlucha
|-start|p2a: Hawlucha|Substitute
|-damage|p2a: Hawlucha|50/100
|move|p1a: Corsola|Haze|p1a: Corsola
|-clearallboost
|
|upkeep
|turn|21
|
|move|p2a: Hawlucha|Swords Dance|p2a: Hawlucha
|-boost|p2a: Hawlucha|atk|2
|move|p1a: Corsola|Night Shade|p2a: Hawlucha
|-end|p2a: Hawlucha|Substitute
|
|upkeep
|turn|22
|
|move|p2a: Hawlucha|Acrobatics|p1a: Corsola
|-damage|p1a: Corsola|48/100
|move|p1a: Corsola|Haze|p1a: Corsola
|-clearallboost
|
|upkeep
|turn|23
|
|move|p2a: Hawlucha|Substitute|p2a: Hawlucha
|-start|p2a: Hawlucha|Substitute
|-damage|p2a: Hawlucha|25/100
|move|p1a: Corsola|Night Shade|p2a: Hawlucha
|-end|p2a: Hawlucha|Substitute
|
|upkeep
|turn|24
|
|move|p2a: Hawlucha|Acrobatics|p1a: Corsola
|-damage|p1a: Corsola|21/100
|-start|p2a: Hawlucha|Disable|Acrobatics|[from] ability: Cursed Body|[of] p1a: Corsola
|move|p1a: Corsola|Strength Sap|p2a: Hawlucha
|-unboost|p2a: Hawlucha|atk|1
|-heal|p1a: Corsola|100/100
|
|upkeep
|turn|25
|
|switch|p2a: Pelipper|Pelipper, F|68/100
|-damage|p2a: Pelipper|43/100|[from] Stealth Rock
|-weather|RainDance|[from] ability: Drizzle|[of] p2a: Pelipper
|move|p1a: Corsola|Night Shade|p2a: Pelipper
|-damage|p2a: Pelipper|12/100
|
|-weather|RainDance|[upkeep]
|upkeep
|turn|26
|
|switch|p1a: Seismitoad|Seismitoad, M|35/100
|move|p2a: Pelipper|Knock Off|p1a: Seismitoad
|-damage|p1a: Seismitoad|21/100
|-enditem|p1a: Seismitoad|Leftovers|[from] move: Knock Off|[of] p2a: Pelipper
|
|-weather|RainDance|[upkeep]
|upkeep
|turn|27
|
|move|p1a: Seismitoad|Scald|p2a: Pelipper
|-resisted|p2a: Pelipper
|-damage|p2a: Pelipper|0 fnt
|faint|p2a: Pelipper
|
|-weather|RainDance|[upkeep]
|upkeep
|
|switch|p2a: Drednaw|Drednaw, F|100/100
|-damage|p2a: Drednaw|88/100|[from] Stealth Rock
|turn|28
|
|move|p2a: Drednaw|Head Smash|p1a: Seismitoad|[miss]
|-miss|p2a: Drednaw|p1a: Seismitoad
|move|p1a: Seismitoad|Scald|p2a: Drednaw
|-damage|p2a: Drednaw|35/100
|-status|p2a: Drednaw|brn
|
|-weather|RainDance|[upkeep]
|-damage|p2a: Drednaw|29/100 brn|[from] brn
|upkeep
|turn|29
|-message|undergrounstar forfeited.
|
|win|Srdevil
|l|☆undergrounstar
|c|☆Srdevil|Gg
|raw|Srdevil's rating: 1418 → 1434(+16 for winning)
|raw|undergrounstar's rating: 1354 → 1338(-16 for losing)
