|ScrapeTime|2020-01-01-17:22:26
|j|☆GiaDesimo
|j|☆diaperbabe29
|player|p1|GiaDesimo|bugcatcher|1849
|player|p2|diaperbabe29|8|1829
|teamsize|p1|6
|teamsize|p2|6
|gametype|singles
|gen|8
|tier|[Gen 8] OU
|rated|
|rule|Sleep Clause Mod: Limit one foe put to sleep
|rule|Species Clause: Limit one of each Pokémon
|rule|OHKO Clause: OHKO moves are banned
|rule|Evasion Moves Clause: Evasion moves are banned
|rule|Endless Battle Clause: Forcing endless battles is banned
|rule|HP Percentage Mod: HP is shown in percentages
|clearpoke
|poke|p1|Kommo-o, F|
|poke|p1|Ferrothorn, F|
|poke|p1|Excadrill, F|
|poke|p1|Conkeldurr, M|
|poke|p1|Mandibuzz, F|
|poke|p1|Gengar, M|
|poke|p2|Clefable, F|
|poke|p2|Corviknight, M|
|poke|p2|Kommo-o, F|
|poke|p2|Rotom-Heat|
|poke|p2|Gastrodon-East, F|
|poke|p2|Ditto|
|rule|Dynamax Clause: You cannot dynamax
|teampreview
|j| Thgghhjuuu
|c|☆GiaDesimo|hf
|c|☆diaperbabe29|gl hf
|
|start
|switch|p1a: Excadrill|Excadrill, F|100/100
|switch|p2a: Kommo-o|Kommo-o, F|100/100
|-ability|p1a: Excadrill|Mold Breaker
|turn|1
|j| Bloodmoneyy
|j| Stall is coming
|
|switch|p1a: Kommo-o|Kommo-o, F|100/100
|move|p2a: Kommo-o|Body Press|p1a: Kommo-o
|-damage|p1a: Kommo-o|78/100
|
|-heal|p1a: Kommo-o|85/100|[from] item: Leftovers
|upkeep
|turn|2
|
|switch|p2a: Clefable|Clefable, F|100/100
|move|p1a: Kommo-o|Stealth Rock|p2a: Clefable
|-sidestart|p2: diaperbabe29|move: Stealth Rock
|
|-heal|p1a: Kommo-o|91/100|[from] item: Leftovers
|upkeep
|turn|3
|
|switch|p1a: Gengar|Gengar, M|100/100
|move|p2a: Clefable|Moonblast|p1a: Gengar
|-resisted|p1a: Gengar
|-damage|p1a: Gengar|53/100
|
|-heal|p1a: Gengar|59/100|[from] item: Black Sludge
|upkeep
|turn|4
|j| DoritoBreath
|
|switch|p1a: Conkeldurr|Conkeldurr, M|100/100
|switch|p2a: Gastrodon|Gastrodon-East, F|100/100
|-damage|p2a: Gastrodon|94/100|[from] Stealth Rock
|
|-heal|p2a: Gastrodon|100/100|[from] item: Leftovers
|-status|p1a: Conkeldurr|brn|[from] item: Flame Orb
|upkeep
|turn|5
|
|move|p1a: Conkeldurr|Facade|p2a: Gastrodon
|-damage|p2a: Gastrodon|20/100
|move|p2a: Gastrodon|Earth Power|p1a: Conkeldurr
|-damage|p1a: Conkeldurr|60/100 brn
|
|-heal|p2a: Gastrodon|26/100|[from] item: Leftovers
|-damage|p1a: Conkeldurr|54/100 brn|[from] brn
|upkeep
|turn|6
|
|move|p1a: Conkeldurr|Drain Punch|p2a: Gastrodon
|-damage|p2a: Gastrodon|0 fnt
|-heal|p1a: Conkeldurr|69/100 brn|[from] drain|[of] p2a: Gastrodon
|faint|p2a: Gastrodon
|
|-damage|p1a: Conkeldurr|62/100 brn|[from] brn
|upkeep
|
|switch|p2a: Clefable|Clefable, F|100/100
|turn|7
|
|switch|p1a: Gengar|Gengar, M|59/100
|move|p2a: Clefable|Moonblast|p1a: Gengar
|-resisted|p1a: Gengar
|-damage|p1a: Gengar|9/100
|-unboost|p1a: Gengar|spa|1
|
|-heal|p1a: Gengar|15/100|[from] item: Black Sludge
|upkeep
|turn|8
|
|switch|p1a: Conkeldurr|Conkeldurr, M|62/100 brn
|switch|p2a: Corviknight|Corviknight, M|100/100
|-damage|p2a: Corviknight|88/100|[from] Stealth Rock
|-ability|p2a: Corviknight|Pressure
|
|-heal|p2a: Corviknight|94/100|[from] item: Leftovers
|-damage|p1a: Conkeldurr|56/100 brn|[from] brn
|upkeep
|turn|9
|
|move|p2a: Corviknight|Brave Bird|p1a: Conkeldurr
|-supereffective|p1a: Conkeldurr
|-damage|p1a: Conkeldurr|0 fnt
|-damage|p2a: Corviknight|77/100|[from] Recoil
|faint|p1a: Conkeldurr
|
|-heal|p2a: Corviknight|83/100|[from] item: Leftovers
|upkeep
|
|switch|p1a: Kommo-o|Kommo-o, F|91/100
|turn|10
|
|move|p2a: Corviknight|Roost|p2a: Corviknight
|-heal|p2a: Corviknight|100/100
|-singleturn|p2a: Corviknight|move: Roost
|move|p1a: Kommo-o|Body Press|p2a: Corviknight
|-supereffective|p2a: Corviknight
|-damage|p2a: Corviknight|43/100
|
|-heal|p2a: Corviknight|49/100|[from] item: Leftovers
|-heal|p1a: Kommo-o|97/100|[from] item: Leftovers
|upkeep
|turn|11
|
|move|p2a: Corviknight|Roost|p2a: Corviknight
|-heal|p2a: Corviknight|99/100
|-singleturn|p2a: Corviknight|move: Roost
|move|p1a: Kommo-o|Body Press|p2a: Corviknight
|-supereffective|p2a: Corviknight
|-damage|p2a: Corviknight|36/100
|
|-heal|p2a: Corviknight|42/100|[from] item: Leftovers
|-heal|p1a: Kommo-o|100/100|[from] item: Leftovers
|upkeep
|turn|12
|
|move|p2a: Corviknight|U-turn|p1a: Kommo-o
|-resisted|p1a: Kommo-o
|-damage|p1a: Kommo-o|96/100
|
|switch|p2a: Clefable|Clefable, F|100/100|[from]move: U-turn
|move|p1a: Kommo-o|Body Press|p2a: Clefable
|-resisted|p2a: Clefable
|-damage|p2a: Clefable|73/100
|
|-heal|p1a: Kommo-o|100/100|[from] item: Leftovers
|upkeep
|turn|13
|
|move|p2a: Clefable|Moonblast|p1a: Kommo-o
|-supereffective|p1a: Kommo-o
|-damage|p1a: Kommo-o|0 fnt
|faint|p1a: Kommo-o
|
|upkeep
|
|switch|p1a: Excadrill|Excadrill, F|100/100
|-ability|p1a: Excadrill|Mold Breaker
|turn|14
|j| pokemon shonen
|j| blvckcooper
|j| Jasmine55
|
|switch|p2a: Kommo-o|Kommo-o, F|100/100
|-damage|p2a: Kommo-o|94/100|[from] Stealth Rock
|move|p1a: Excadrill|Iron Head|p2a: Kommo-o
|-damage|p2a: Kommo-o|66/100
|
|-heal|p2a: Kommo-o|72/100|[from] item: Leftovers
|upkeep
|turn|15
|
|switch|p1a: Mandibuzz|Mandibuzz, F|100/100
|move|p2a: Kommo-o|Stealth Rock|p1a: Mandibuzz
|-sidestart|p1: GiaDesimo|move: Stealth Rock
|
|-heal|p2a: Kommo-o|78/100|[from] item: Leftovers
|upkeep
|turn|16
|
|switch|p2a: Rotom|Rotom-Heat|100/100
|move|p1a: Mandibuzz|Knock Off|p2a: Rotom
|-damage|p2a: Rotom|77/100
|-enditem|p2a: Rotom|Heavy-Duty Boots|[from] move: Knock Off|[of] p1a: Mandibuzz
|
|upkeep
|turn|17
|j| kaao
|
|move|p2a: Rotom|Volt Switch|p1a: Mandibuzz
|-supereffective|p1a: Mandibuzz
|-crit|p1a: Mandibuzz
|-damage|p1a: Mandibuzz|58/100
|j| iticklemysissycock
|
|switch|p2a: Clefable|Clefable, F|73/100|[from]move: Volt Switch
|move|p1a: Mandibuzz|U-turn|p2a: Clefable
|-resisted|p2a: Clefable
|-damage|p2a: Clefable|67/100
|
|switch|p1a: Excadrill|Excadrill, F|100/100|[from]move: U-turn
|-damage|p1a: Excadrill|97/100|[from] Stealth Rock
|-ability|p1a: Excadrill|Mold Breaker
|
|-heal|p1a: Excadrill|100/100|[from] item: Leftovers
|upkeep
|turn|18
|
|switch|p2a: Kommo-o|Kommo-o, F|78/100
|-damage|p2a: Kommo-o|72/100|[from] Stealth Rock
|move|p1a: Excadrill|Iron Head|p2a: Kommo-o
|-damage|p2a: Kommo-o|41/100
|
|-heal|p2a: Kommo-o|47/100|[from] item: Leftovers
|upkeep
|turn|19
|
|switch|p1a: Mandibuzz|Mandibuzz, F|58/100
|move|p2a: Kommo-o|Body Press|p1a: Mandibuzz
|-damage|p1a: Mandibuzz|30/100
|
|-heal|p2a: Kommo-o|53/100|[from] item: Leftovers
|upkeep
|turn|20
|
|move|p2a: Kommo-o|Body Press|p1a: Mandibuzz
|-crit|p1a: Mandibuzz
|-damage|p1a: Mandibuzz|0 fnt
|faint|p1a: Mandibuzz
|
|-heal|p2a: Kommo-o|59/100|[from] item: Leftovers
|upkeep
|
|switch|p1a: Gengar|Gengar, M|15/100
|-damage|p1a: Gengar|3/100|[from] Stealth Rock
|turn|21
|
|switch|p2a: Clefable|Clefable, F|67/100
|move|p1a: Gengar|Shadow Ball|p2a: Clefable
|-crit|p2a: Clefable
|-damage|p2a: Clefable|3/100
|
|-heal|p1a: Gengar|9/100|[from] item: Black Sludge
|upkeep
|turn|22
|
|move|p1a: Gengar|Shadow Ball|p2a: Clefable
|-damage|p2a: Clefable|0 fnt
|faint|p2a: Clefable
|
|-heal|p1a: Gengar|15/100|[from] item: Black Sludge
|upkeep
|
|switch|p2a: Ditto|Ditto|100/100
|-damage|p2a: Ditto|88/100|[from] Stealth Rock
|-transform|p2a: Ditto|p1a: Gengar|[from] ability: Imposter
|turn|23
|
|switch|p1a: Ferrothorn|Ferrothorn, F|100/100
|-damage|p1a: Ferrothorn|94/100|[from] Stealth Rock
|move|p2a: Ditto|Shadow Ball|p1a: Ferrothorn
|-damage|p1a: Ferrothorn|55/100
|-unboost|p1a: Ferrothorn|spd|1
|
|-heal|p1a: Ferrothorn|61/100|[from] item: Leftovers
|upkeep
|turn|24
|
|switch|p2a: Kommo-o|Kommo-o, F|59/100
|-damage|p2a: Kommo-o|53/100|[from] Stealth Rock
|move|p1a: Ferrothorn|Knock Off|p2a: Kommo-o
|-resisted|p2a: Kommo-o
|-damage|p2a: Kommo-o|45/100
|-enditem|p2a: Kommo-o|Leftovers|[from] move: Knock Off|[of] p1a: Ferrothorn
|
|-heal|p1a: Ferrothorn|68/100|[from] item: Leftovers
|upkeep
|turn|25
|
|switch|p1a: Gengar|Gengar, M|15/100
|-damage|p1a: Gengar|3/100|[from] Stealth Rock
|move|p2a: Kommo-o|Flamethrower|p1a: Gengar
|-damage|p1a: Gengar|0 fnt
|faint|p1a: Gengar
|
|upkeep
|
|switch|p1a: Excadrill|Excadrill, F|100/100
|-damage|p1a: Excadrill|97/100|[from] Stealth Rock
|-ability|p1a: Excadrill|Mold Breaker
|turn|26
|
|move|p1a: Excadrill|Iron Head|p2a: Kommo-o
|-damage|p2a: Kommo-o|13/100
|cant|p2a: Kommo-o|flinch
|
|-heal|p1a: Excadrill|100/100|[from] item: Leftovers
|upkeep
|turn|27
|
|move|p1a: Excadrill|Earthquake|p2a: Kommo-o
|-damage|p2a: Kommo-o|0 fnt
|faint|p2a: Kommo-o
|
|upkeep
|
|switch|p2a: Ditto|Ditto|88/100
|-damage|p2a: Ditto|76/100|[from] Stealth Rock
|-transform|p2a: Ditto|p1a: Excadrill|[from] ability: Imposter
|-ability|p2a: Ditto|Mold Breaker
|turn|28
|
|switch|p1a: Ferrothorn|Ferrothorn, F|68/100
|-damage|p1a: Ferrothorn|61/100|[from] Stealth Rock
|move|p2a: Ditto|Earthquake|p1a: Ferrothorn
|-damage|p1a: Ferrothorn|31/100
|
|-heal|p1a: Ferrothorn|37/100|[from] item: Leftovers
|upkeep
|turn|29
|
|switch|p2a: Corviknight|Corviknight, M|42/100
|-damage|p2a: Corviknight|30/100|[from] Stealth Rock
|-ability|p2a: Corviknight|Pressure
|move|p1a: Ferrothorn|Knock Off|p2a: Corviknight
|-damage|p2a: Corviknight|15/100
|-enditem|p2a: Corviknight|Leftovers|[from] move: Knock Off|[of] p1a: Ferrothorn
|
|-heal|p1a: Ferrothorn|44/100|[from] item: Leftovers
|upkeep
|turn|30
|
|move|p2a: Corviknight|Roost|p2a: Corviknight
|-heal|p2a: Corviknight|65/100
|-singleturn|p2a: Corviknight|move: Roost
|move|p1a: Ferrothorn|Leech Seed|p2a: Corviknight
|-start|p2a: Corviknight|move: Leech Seed
|
|-heal|p1a: Ferrothorn|50/100|[from] item: Leftovers
|-damage|p2a: Corviknight|52/100|[from] Leech Seed|[of] p1a: Ferrothorn
|-heal|p1a: Ferrothorn|64/100|[silent]
|upkeep
|turn|31
|
|switch|p1a: Excadrill|Excadrill, F|100/100
|-damage|p1a: Excadrill|97/100|[from] Stealth Rock
|-ability|p1a: Excadrill|Mold Breaker
|move|p2a: Corviknight|Roost|p2a: Corviknight
|-heal|p2a: Corviknight|100/100
|-singleturn|p2a: Corviknight|move: Roost
|
|-heal|p1a: Excadrill|100/100|[from] item: Leftovers
|-damage|p2a: Corviknight|88/100|[from] Leech Seed|[of] p1a: Excadrill
|upkeep
|turn|32
|
|move|p1a: Excadrill|Iron Head|p2a: Corviknight
|-resisted|p2a: Corviknight
|-damage|p2a: Corviknight|73/100
|move|p2a: Corviknight|U-turn|p1a: Excadrill
|-resisted|p1a: Excadrill
|-damage|p1a: Excadrill|91/100
|
|switch|p2a: Ditto|Ditto|76/100|[from]move: U-turn
|-damage|p2a: Ditto|63/100|[from] Stealth Rock
|-transform|p2a: Ditto|p1a: Excadrill|[from] ability: Imposter
|-ability|p2a: Ditto|Mold Breaker
|
|-heal|p1a: Excadrill|97/100|[from] item: Leftovers
|upkeep
|turn|33
|
|switch|p1a: Ferrothorn|Ferrothorn, F|64/100
|-damage|p1a: Ferrothorn|58/100|[from] Stealth Rock
|move|p2a: Ditto|Earthquake|p1a: Ferrothorn
|-damage|p1a: Ferrothorn|27/100
|
|-heal|p1a: Ferrothorn|33/100|[from] item: Leftovers
|upkeep
|turn|34
|
|switch|p2a: Rotom|Rotom-Heat|77/100
|-damage|p2a: Rotom|53/100|[from] Stealth Rock
|move|p1a: Ferrothorn|Knock Off|p2a: Rotom
|-damage|p2a: Rotom|38/100
|
|-heal|p1a: Ferrothorn|40/100|[from] item: Leftovers
|upkeep
|turn|35
|j| amimec
|
|switch|p1a: Excadrill|Excadrill, F|97/100
|-damage|p1a: Excadrill|94/100|[from] Stealth Rock
|-ability|p1a: Excadrill|Mold Breaker
|move|p2a: Rotom|Overheat|p1a: Excadrill
|-supereffective|p1a: Excadrill
|-damage|p1a: Excadrill|0 fnt
|-unboost|p2a: Rotom|spa|2
|faint|p1a: Excadrill
|
|upkeep
|
|switch|p1a: Ferrothorn|Ferrothorn, F|40/100
|-damage|p1a: Ferrothorn|33/100|[from] Stealth Rock
|turn|36
|
|move|p2a: Rotom|Overheat|p1a: Ferrothorn
|-supereffective|p1a: Ferrothorn
|-damage|p1a: Ferrothorn|0 fnt
|-unboost|p2a: Rotom|spa|2
|faint|p1a: Ferrothorn
|
|win|diaperbabe29
