|ScrapeTime|2020-01-01-22:45:24
|j|☆Asuma123
|j|☆AeroMystic
|player|p1|Asuma123|gambler|1073
|player|p2|AeroMystic|265|1099
|teamsize|p1|6
|teamsize|p2|6
|gametype|singles
|gen|8
|tier|[Gen 8] OU
|rated|
|rule|Sleep Clause Mod: Limit one foe put to sleep
|rule|Species Clause: Limit one of each Pokémon
|rule|OHKO Clause: OHKO moves are banned
|rule|Evasion Moves Clause: Evasion moves are banned
|rule|Endless Battle Clause: Forcing endless battles is banned
|rule|HP Percentage Mod: HP is shown in percentages
|clearpoke
|poke|p1|Hydreigon, F|
|poke|p1|Corviknight, F|
|poke|p1|Seismitoad, M|
|poke|p1|Sylveon, F|
|poke|p1|Rotom-Heat|
|poke|p1|Conkeldurr, M|
|poke|p2|Gyarados, M|
|poke|p2|Aegislash, M|
|poke|p2|Sirfetch'd, M|
|poke|p2|Ninetales, F|
|poke|p2|Dragapult, M|
|poke|p2|Roserade, F|
|rule|Dynamax Clause: You cannot dynamax
|teampreview
|
|start
|switch|p1a: Hydreigon|Hydreigon, F|100/100
|switch|p2a: Aegislash|Aegislash, M|100/100
|-item|p2a: Aegislash|Air Balloon
|turn|1
|
|move|p2a: Aegislash|King's Shield|p2a: Aegislash
|-singleturn|p2a: Aegislash|Protect
|move|p1a: Hydreigon|U-turn|p2a: Aegislash
|-activate|p2a: Aegislash|move: Protect
|-unboost|p1a: Hydreigon|atk|1
|
|upkeep
|turn|2
|inactive|Battle timer is ON: inactive players will automatically lose when time's up. (requested by Asuma123)
|
|switch|p2a: Ninetales|Ninetales, F|100/100
|move|p1a: Hydreigon|U-turn|p2a: Ninetales
|-resisted|p2a: Ninetales
|-damage|p2a: Ninetales|93/100
|
|switch|p1a: Conkeldurr|Conkeldurr, M, shiny|100/100|[from]move: U-turn
|
|-status|p1a: Conkeldurr|brn|[from] item: Flame Orb
|upkeep
|turn|3
|
|move|p2a: Ninetales|Psyshock|p1a: Conkeldurr
|-supereffective|p1a: Conkeldurr
|-damage|p1a: Conkeldurr|66/100 brn
|move|p1a: Conkeldurr|Facade|p2a: Ninetales
|-damage|p2a: Ninetales|0 fnt
|faint|p2a: Ninetales
|
|-damage|p1a: Conkeldurr|60/100 brn|[from] brn
|upkeep
|inactive|AeroMystic has 120 seconds left.
|
|switch|p2a: Aegislash|Aegislash, M|100/100
|-item|p2a: Aegislash|Air Balloon
|turn|4
|inactive|AeroMystic has 120 seconds left.
|
|switch|p1a: Corviknight|Corviknight, F, shiny|100/100
|-formechange|p2a: Aegislash|Aegislash-Blade||[from] ability: Stance Change
|move|p2a: Aegislash|Close Combat|p1a: Corviknight
|-damage|p1a: Corviknight|63/100
|-unboost|p2a: Aegislash|def|1
|-unboost|p2a: Aegislash|spd|1
|
|-heal|p1a: Corviknight|69/100|[from] item: Leftovers
|upkeep
|turn|5
|inactive|AeroMystic has 120 seconds left.
|
|move|p1a: Corviknight|U-turn|p2a: Aegislash
|-resisted|p2a: Aegislash
|-damage|p2a: Aegislash|90/100
|-enditem|p2a: Aegislash|Air Balloon
|inactive|Asuma123 has 120 seconds left.
|
|switch|p1a: Sylveon|Sylveon, F|100/100|[from]move: U-turn
|move|p2a: Aegislash|Close Combat|p1a: Sylveon
|-resisted|p1a: Sylveon
|-damage|p1a: Sylveon|68/100
|-unboost|p2a: Aegislash|def|1
|-unboost|p2a: Aegislash|spd|1
|
|-heal|p1a: Sylveon|74/100|[from] item: Leftovers
|upkeep
|turn|6
|inactive|Asuma123 has 120 seconds left.
|inactive|AeroMystic has 120 seconds left.
|
|-formechange|p2a: Aegislash|Aegislash||[from] ability: Stance Change
|move|p2a: Aegislash|King's Shield|p2a: Aegislash
|-singleturn|p2a: Aegislash|Protect
|move|p1a: Sylveon|Mystical Fire|p2a: Aegislash
|-activate|p2a: Aegislash|move: Protect
|
|-heal|p1a: Sylveon|80/100|[from] item: Leftovers
|upkeep
|turn|7
|inactive|Asuma123 has 120 seconds left.
|
|switch|p2a: Gyarados|Gyarados, M|100/100
|-ability|p2a: Gyarados|Intimidate|boost
|-unboost|p1a: Sylveon|atk|1
|move|p1a: Sylveon|Protect||[still]
|-fail|p1a: Sylveon
|
|-heal|p1a: Sylveon|87/100|[from] item: Leftovers
|upkeep
|turn|8
|inactive|AeroMystic has 120 seconds left.
|
|move|p2a: Gyarados|Dragon Dance|p2a: Gyarados
|-boost|p2a: Gyarados|atk|1
|-boost|p2a: Gyarados|spe|1
|move|p1a: Sylveon|Wish|p1a: Sylveon
|
|-heal|p1a: Sylveon|93/100|[from] item: Leftovers
|upkeep
|turn|9
|inactive|Asuma123 has 120 seconds left.
|
|switch|p1a: Hydreigon|Hydreigon, F|100/100
|move|p2a: Gyarados|Dragon Dance|p2a: Gyarados
|-boost|p2a: Gyarados|atk|1
|-boost|p2a: Gyarados|spe|1
|
|upkeep
|turn|10
|inactive|AeroMystic has 90 seconds left.
|
|move|p2a: Gyarados|Crunch|p1a: Hydreigon
|-resisted|p1a: Hydreigon
|-damage|p1a: Hydreigon|72/100
|-unboost|p1a: Hydreigon|def|1
|move|p1a: Hydreigon|Draco Meteor|p2a: Gyarados
|-damage|p2a: Gyarados|32/100
|-unboost|p1a: Hydreigon|spa|2
|
|-heal|p2a: Gyarados|38/100|[from] item: Leftovers
|upkeep
|turn|11
|inactive|Asuma123 has 120 seconds left.
|
|switch|p1a: Seismitoad|Seismitoad, M|100/100
|move|p2a: Gyarados|Waterfall|p1a: Seismitoad
|-immune|p1a: Seismitoad|[from] ability: Water Absorb
|
|-heal|p2a: Gyarados|44/100|[from] item: Leftovers
|upkeep
|turn|12
|inactive|AeroMystic has 90 seconds left.
|
|move|p2a: Gyarados|Crunch|p1a: Seismitoad
|-damage|p1a: Seismitoad|59/100
|move|p1a: Seismitoad|Toxic|p2a: Gyarados
|-status|p2a: Gyarados|tox
|
|-heal|p2a: Gyarados|50/100 tox|[from] item: Leftovers
|-heal|p1a: Seismitoad|65/100|[from] item: Leftovers
|-damage|p2a: Gyarados|44/100 tox|[from] psn
|upkeep
|turn|13
|
|move|p2a: Gyarados|Earthquake|p1a: Seismitoad
|-damage|p1a: Seismitoad|21/100
|move|p1a: Seismitoad|Stealth Rock|p2a: Gyarados
|-sidestart|p2: AeroMystic|move: Stealth Rock
|
|-heal|p2a: Gyarados|50/100 tox|[from] item: Leftovers
|-heal|p1a: Seismitoad|27/100|[from] item: Leftovers
|-damage|p2a: Gyarados|38/100 tox|[from] psn
|upkeep
|turn|14
|
|switch|p1a: Corviknight|Corviknight, F, shiny|69/100
|move|p2a: Gyarados|Crunch|p1a: Corviknight
|-damage|p1a: Corviknight|26/100
|
|-heal|p2a: Gyarados|44/100 tox|[from] item: Leftovers
|-heal|p1a: Corviknight|33/100|[from] item: Leftovers
|-damage|p2a: Gyarados|26/100 tox|[from] psn
|upkeep
|turn|15
|
|switch|p1a: Seismitoad|Seismitoad, M|27/100
|move|p2a: Gyarados|Crunch|p1a: Seismitoad
|-damage|p1a: Seismitoad|0 fnt
|faint|p1a: Seismitoad
|
|-heal|p2a: Gyarados|32/100 tox|[from] item: Leftovers
|-damage|p2a: Gyarados|7/100 tox|[from] psn
|upkeep
|
|switch|p1a: Conkeldurr|Conkeldurr, M, shiny|60/100 brn
|turn|16
|
|move|p1a: Conkeldurr|Mach Punch|p2a: Gyarados
|-resisted|p2a: Gyarados
|-damage|p2a: Gyarados|0 fnt
|faint|p2a: Gyarados
|
|-damage|p1a: Conkeldurr|54/100 brn|[from] brn
|upkeep
|
|switch|p2a: Sirfetch'd|Sirfetch'd, M|100/100
|-damage|p2a: Sirfetch'd|94/100|[from] Stealth Rock
|turn|17
|inactive|Asuma123 has 120 seconds left.
|
|move|p2a: Sirfetch'd|First Impression|p1a: Conkeldurr
|-resisted|p1a: Conkeldurr
|-damage|p1a: Conkeldurr|35/100 brn
|-damage|p2a: Sirfetch'd|85/100|[from] item: Life Orb
|move|p1a: Conkeldurr|Drain Punch|p2a: Sirfetch'd
|-damage|p2a: Sirfetch'd|8/100
|-heal|p1a: Conkeldurr|66/100 brn|[from] drain|[of] p2a: Sirfetch'd
|
|-damage|p1a: Conkeldurr|60/100 brn|[from] brn
|upkeep
|turn|18
|inactive|Asuma123 has 120 seconds left.
|
|move|p2a: Sirfetch'd|Defog|p1a: Conkeldurr
|-unboost|p1a: Conkeldurr|evasion|1
|-sideend|p2: AeroMystic|Stealth Rock|[from] move: Defog|[of] p2a: Sirfetch'd
|move|p1a: Conkeldurr|Earthquake|p2a: Sirfetch'd
|-damage|p2a: Sirfetch'd|0 fnt
|faint|p2a: Sirfetch'd
|
|-damage|p1a: Conkeldurr|54/100 brn|[from] brn
|upkeep
|
|switch|p2a: Roserade|Roserade, F|100/100
|turn|19
|
|move|p2a: Roserade|Leech Seed|p1a: Conkeldurr
|-start|p1a: Conkeldurr|move: Leech Seed
|move|p1a: Conkeldurr|Facade|p2a: Roserade
|-damage|p2a: Roserade|0 fnt
|faint|p2a: Roserade
|
|-damage|p1a: Conkeldurr|48/100 brn|[from] brn
|upkeep
|
|switch|p2a: Dragapult|Dragapult, M|100/100
|turn|20
|
|move|p2a: Dragapult|Dragon Dance|p2a: Dragapult
|-boost|p2a: Dragapult|atk|1
|-boost|p2a: Dragapult|spe|1
|move|p1a: Conkeldurr|Earthquake|p2a: Dragapult
|-damage|p2a: Dragapult|12/100
|
|-damage|p1a: Conkeldurr|35/100 brn|[from] Leech Seed|[of] p2a: Dragapult
|-heal|p2a: Dragapult|28/100|[silent]
|-damage|p1a: Conkeldurr|29/100 brn|[from] brn
|upkeep
|turn|21
|
|move|p2a: Dragapult|Psychic Fangs|p1a: Conkeldurr
|-supereffective|p1a: Conkeldurr
|-damage|p1a: Conkeldurr|0 fnt
|faint|p1a: Conkeldurr
|
|upkeep
|
|switch|p1a: Sylveon|Sylveon, F|93/100
|turn|22
|
|move|p2a: Dragapult|Phantom Force||[still]
|-prepare|p2a: Dragapult|Phantom Force|p1a: Sylveon
|move|p1a: Sylveon|Hyper Voice|p2a: Dragapult|[miss]
|-miss|p1a: Sylveon|p2a: Dragapult
|
|-heal|p1a: Sylveon|99/100|[from] item: Leftovers
|upkeep
|turn|23
|
|move|p2a: Dragapult|Phantom Force|p1a: Sylveon|[from]lockedmove
|-damage|p1a: Sylveon|14/100
|move|p1a: Sylveon|Hyper Voice|p2a: Dragapult
|-supereffective|p2a: Dragapult
|-damage|p2a: Dragapult|0 fnt
|faint|p2a: Dragapult
|
|-heal|p1a: Sylveon|20/100|[from] item: Leftovers
|upkeep
|
|switch|p2a: Aegislash|Aegislash, M|90/100
|turn|24
|
|move|p1a: Sylveon|Mystical Fire|p2a: Aegislash
|-supereffective|p2a: Aegislash
|-damage|p2a: Aegislash|61/100
|-unboost|p2a: Aegislash|spa|1
|-formechange|p2a: Aegislash|Aegislash-Blade||[from] ability: Stance Change
|move|p2a: Aegislash|Iron Head|p1a: Sylveon
|-supereffective|p1a: Sylveon
|-damage|p1a: Sylveon|0 fnt
|faint|p1a: Sylveon
|
|upkeep
|
|switch|p1a: Hydreigon|Hydreigon, F|72/100
|turn|25
|
|-formechange|p2a: Aegislash|Aegislash||[from] ability: Stance Change
|move|p2a: Aegislash|King's Shield|p2a: Aegislash
|-singleturn|p2a: Aegislash|Protect
|move|p1a: Hydreigon|Dark Pulse|p2a: Aegislash
|-activate|p2a: Aegislash|move: Protect
|
|upkeep
|turn|26
|
|move|p1a: Hydreigon|Dark Pulse|p2a: Aegislash
|-supereffective|p2a: Aegislash
|-damage|p2a: Aegislash|0 fnt
|faint|p2a: Aegislash
|
|win|Asuma123
|l|☆AeroMystic
|raw|Asuma123's rating: 1073 → 1106(+33 for winning)
|raw|AeroMystic's rating: 1124 → 1095(-29 for losing)
