|ScrapeTime|2020-01-01-12:45:10
|j|☆bruinsgirl33
|j|☆kkkkami
|player|p1|bruinsgirl33|170|1000
|player|p2|kkkkami|264|1040
|teamsize|p1|6
|teamsize|p2|6
|gametype|singles
|gen|8
|tier|[Gen 8] OU
|rated|
|rule|Sleep Clause Mod: Limit one foe put to sleep
|rule|Species Clause: Limit one of each Pokémon
|rule|OHKO Clause: OHKO moves are banned
|rule|Evasion Moves Clause: Evasion moves are banned
|rule|Endless Battle Clause: Forcing endless battles is banned
|rule|HP Percentage Mod: HP is shown in percentages
|clearpoke
|poke|p1|Hydreigon, F|
|poke|p1|Aegislash, F|
|poke|p1|Milotic, F|
|poke|p1|Rotom-Heat|
|poke|p1|Hippowdon, M|
|poke|p1|Conkeldurr, F|
|poke|p2|Clefable, F|
|poke|p2|Seismitoad, M|
|poke|p2|Mandibuzz, F|
|poke|p2|Dragapult, F|
|poke|p2|Rotom-Heat|
|poke|p2|Ferrothorn, F|
|rule|Dynamax Clause: You cannot dynamax
|teampreview
|inactive|Battle timer is ON: inactive players will automatically lose when time's up. (requested by kkkkami)
|
|start
|switch|p1a: Hydreigon|Hydreigon, F|100/100
|switch|p2a: Seismitoad|Seismitoad, M|100/100
|turn|1
|
|move|p2a: Seismitoad|Protect|p2a: Seismitoad
|-singleturn|p2a: Seismitoad|Protect
|move|p1a: Hydreigon|Substitute|p1a: Hydreigon
|-start|p1a: Hydreigon|Substitute
|-damage|p1a: Hydreigon|76/100
|
|-heal|p1a: Hydreigon|82/100|[from] item: Leftovers
|upkeep
|turn|2
|inactive|kkkkami has 120 seconds left.
|
|switch|p2a: Clefable|Clefable, F|100/100
|move|p1a: Hydreigon|Nasty Plot|p1a: Hydreigon
|-boost|p1a: Hydreigon|spa|2
|
|-heal|p1a: Hydreigon|88/100|[from] item: Leftovers
|upkeep
|turn|3
|
|move|p1a: Hydreigon|Nasty Plot|p1a: Hydreigon
|-boost|p1a: Hydreigon|spa|2
|move|p2a: Clefable|Moonblast|p1a: Hydreigon
|-supereffective|p1a: Hydreigon
|-end|p1a: Hydreigon|Substitute
|
|-heal|p1a: Hydreigon|94/100|[from] item: Leftovers
|upkeep
|turn|4
|inactive|kkkkami has 90 seconds left.
|
|move|p1a: Hydreigon|Flash Cannon|p2a: Clefable
|-supereffective|p2a: Clefable
|-damage|p2a: Clefable|0 fnt
|faint|p2a: Clefable
|
|-heal|p1a: Hydreigon|99/100|[from] item: Leftovers
|upkeep
|inactive|kkkkami has 90 seconds left.
|
|switch|p2a: Dragapult|Dragapult, F|100/100
|turn|5
|inactive|bruinsgirl33 has 120 seconds left.
|
|switch|p1a: Milotic|Milotic, F|100/100
|move|p2a: Dragapult|Draco Meteor|p1a: Milotic
|-damage|p1a: Milotic|38/100
|-unboost|p2a: Dragapult|spa|2
|
|-heal|p1a: Milotic|44/100|[from] item: Leftovers
|upkeep
|turn|6
|inactive|bruinsgirl33 has 90 seconds left.
|inactive|bruinsgirl33 has 60 seconds left.
|inactive|bruinsgirl33 has 30 seconds left.
|
|switch|p2a: Rotom|Rotom-Heat|100/100
|move|p1a: Milotic|Recover|p1a: Milotic
|-heal|p1a: Milotic|94/100
|
|-heal|p1a: Milotic|99/100|[from] item: Leftovers
|upkeep
|turn|7
|inactive|bruinsgirl33 has 30 seconds left.
|inactive|kkkkami has 90 seconds left.
|
|switch|p1a: Hippowdon|Hippowdon, M|100/100
|-weather|Sandstorm|[from] ability: Sand Stream|[of] p1a: Hippowdon
|move|p2a: Rotom|Will-O-Wisp|p1a: Hippowdon
|-status|p1a: Hippowdon|brn
|
|-weather|Sandstorm|[upkeep]
|-damage|p2a: Rotom|94/100|[from] Sandstorm
|-damage|p1a: Hippowdon|94/100 brn|[from] brn
|upkeep
|turn|8
|inactive|bruinsgirl33 has 30 seconds left.
|inactive|kkkkami has 90 seconds left.
|
|switch|p2a: Mandibuzz|Mandibuzz, F|100/100
|move|p1a: Hippowdon|Stealth Rock|p2a: Mandibuzz
|-sidestart|p2: kkkkami|move: Stealth Rock
|
|-weather|Sandstorm|[upkeep]
|-heal|p1a: Hippowdon|100/100 brn|[from] item: Leftovers
|-damage|p1a: Hippowdon|94/100 brn|[from] brn
|upkeep
|turn|9
|inactive|bruinsgirl33 has 30 seconds left.
|inactive|kkkkami has 90 seconds left.
|
|move|p2a: Mandibuzz|Defog|p1a: Hippowdon
|-unboost|p1a: Hippowdon|evasion|1
|-sideend|p2: kkkkami|Stealth Rock|[from] move: Defog|[of] p2a: Mandibuzz
|move|p1a: Hippowdon|Whirlwind|p2a: Mandibuzz
|drag|p2a: Dragapult|Dragapult, F|100/100
|
|-weather|Sandstorm|[upkeep]
|-damage|p2a: Dragapult|95/100|[from] Sandstorm
|-heal|p1a: Hippowdon|100/100 brn|[from] item: Leftovers
|-damage|p1a: Hippowdon|94/100 brn|[from] brn
|upkeep
|turn|10
|inactive|bruinsgirl33 has 30 seconds left.
|inactive|kkkkami has 90 seconds left.
|
|move|p2a: Dragapult|Shadow Ball|p1a: Hippowdon
|-damage|p1a: Hippowdon|56/100 brn
|move|p1a: Hippowdon|Slack Off|p1a: Hippowdon
|-heal|p1a: Hippowdon|100/100 brn
|
|-weather|Sandstorm|[upkeep]
|-damage|p2a: Dragapult|89/100|[from] Sandstorm
|-damage|p1a: Hippowdon|94/100 brn|[from] brn
|upkeep
|turn|11
|inactive|bruinsgirl33 has 30 seconds left.
|inactive|bruinsgirl33 has 20 seconds left.
|inactive|bruinsgirl33 has 15 seconds left.
|
|switch|p2a: Rotom|Rotom-Heat|94/100
|switch|p1a: Rotom|Rotom-Heat|100/100
|
|-weather|none
|upkeep
|turn|12
|inactive|bruinsgirl33 has 25 seconds left this turn.
|inactive|bruinsgirl33 has 20 seconds left.
|inactive|bruinsgirl33 has 15 seconds left.
|
|move|p2a: Rotom|Volt Switch|p1a: Rotom
|-resisted|p1a: Rotom
|-damage|p1a: Rotom|86/100
|inactive|bruinsgirl33 has 20 seconds left this turn.
|
|switch|p2a: Seismitoad|Seismitoad, M|100/100|[from]move: Volt Switch
|move|p1a: Rotom|Trick|p2a: Seismitoad
|-activate|p1a: Rotom|move: Trick|[of] p2a: Seismitoad
|-item|p2a: Seismitoad|Choice Scarf|[from] move: Trick
|-item|p1a: Rotom|Leftovers|[from] move: Trick
|
|-heal|p1a: Rotom|92/100|[from] item: Leftovers
|upkeep
|turn|13
|inactive|bruinsgirl33 has 30 seconds left this turn.
|inactive|bruinsgirl33 has 20 seconds left.
|inactive|bruinsgirl33 has 15 seconds left.
|inactive|bruinsgirl33 has 10 seconds left.
|
|switch|p1a: Hydreigon|Hydreigon, F|99/100
|move|p2a: Seismitoad|Toxic|p1a: Hydreigon|[miss]
|-miss|p2a: Seismitoad|p1a: Hydreigon
|
|-heal|p1a: Hydreigon|100/100|[from] item: Leftovers
|upkeep
|turn|14
|inactive|bruinsgirl33 has 20 seconds left this turn.
|inactive|bruinsgirl33 has 15 seconds left.
|inactive|kkkkami has 60 seconds left.
|
|switch|p2a: Ferrothorn|Ferrothorn, F|100/100
|move|p1a: Hydreigon|Dark Pulse|p2a: Ferrothorn
|-damage|p2a: Ferrothorn|68/100
|
|upkeep
|turn|15
|inactive|bruinsgirl33 has 25 seconds left this turn.
|inactive|bruinsgirl33 has 20 seconds left.
|
|move|p1a: Hydreigon|Substitute|p1a: Hydreigon
|-start|p1a: Hydreigon|Substitute
|-damage|p1a: Hydreigon|76/100
|move|p2a: Ferrothorn|Knock Off|p1a: Hydreigon
|-resisted|p1a: Hydreigon
|-activate|p1a: Hydreigon|move: Substitute|[damage]
|
|-heal|p1a: Hydreigon|82/100|[from] item: Leftovers
|upkeep
|turn|16
|inactive|bruinsgirl33 has 30 seconds left this turn.
|inactive|bruinsgirl33 has 20 seconds left.
|
|move|p1a: Hydreigon|Nasty Plot|p1a: Hydreigon
|-boost|p1a: Hydreigon|spa|2
|move|p2a: Ferrothorn|Gyro Ball|p1a: Hydreigon
|-end|p1a: Hydreigon|Substitute
|
|-heal|p1a: Hydreigon|88/100|[from] item: Leftovers
|upkeep
|turn|17
|inactive|bruinsgirl33 has 30 seconds left this turn.
|
|move|p1a: Hydreigon|Dark Pulse|p2a: Ferrothorn
|-damage|p2a: Ferrothorn|0 fnt
|faint|p2a: Ferrothorn
|
|-heal|p1a: Hydreigon|94/100|[from] item: Leftovers
|upkeep
|inactive|bruinsgirl33 has 30 seconds left this turn.
|
|switch|p2a: Dragapult|Dragapult, F|89/100
|turn|18
|inactive|bruinsgirl33 has 30 seconds left.
|
|switch|p1a: Hippowdon|Hippowdon, M|94/100 brn
|-weather|Sandstorm|[from] ability: Sand Stream|[of] p1a: Hippowdon
|move|p2a: Dragapult|Thunderbolt|p1a: Hippowdon
|-immune|p1a: Hippowdon
|
|-weather|Sandstorm|[upkeep]
|-damage|p2a: Dragapult|83/100|[from] Sandstorm
|-heal|p1a: Hippowdon|100/100 brn|[from] item: Leftovers
|-damage|p1a: Hippowdon|94/100 brn|[from] brn
|upkeep
|turn|19
|inactive|kkkkami has 60 seconds left.
|inactive|bruinsgirl33 has 30 seconds left.
|
|switch|p2a: Mandibuzz|Mandibuzz, F|100/100
|move|p1a: Hippowdon|Whirlwind|p2a: Mandibuzz
|drag|p2a: Rotom|Rotom-Heat|94/100
|
|-weather|Sandstorm|[upkeep]
|-damage|p2a: Rotom|88/100|[from] Sandstorm
|-heal|p1a: Hippowdon|100/100 brn|[from] item: Leftovers
|-damage|p1a: Hippowdon|94/100 brn|[from] brn
|upkeep
|turn|20
|inactive|bruinsgirl33 has 30 seconds left.
|inactive|kkkkami has 60 seconds left.
|
|move|p2a: Rotom|Trick|p1a: Hippowdon
|-activate|p2a: Rotom|move: Trick|[of] p1a: Hippowdon
|-item|p1a: Hippowdon|Choice Scarf|[from] move: Trick
|-item|p2a: Rotom|Leftovers|[from] move: Trick
|move|p1a: Hippowdon|Stealth Rock|p2a: Rotom
|-sidestart|p2: kkkkami|move: Stealth Rock
|
|-weather|Sandstorm|[upkeep]
|-damage|p2a: Rotom|82/100|[from] Sandstorm
|-heal|p2a: Rotom|88/100|[from] item: Leftovers
|-damage|p1a: Hippowdon|88/100 brn|[from] brn
|upkeep
|turn|21
|inactive|kkkkami has 60 seconds left.
|inactive|bruinsgirl33 has 30 seconds left.
|inactive|bruinsgirl33 has 20 seconds left.
|
|switch|p1a: Aegislash|Aegislash, F|100/100
|move|p2a: Rotom|Volt Switch|p1a: Aegislash
|-damage|p1a: Aegislash|77/100
|inactive|bruinsgirl33 has 25 seconds left this turn.
|inactive|kkkkami has 30 seconds left.
|
|switch|p2a: Dragapult|Dragapult, F|83/100|[from]move: Volt Switch
|-damage|p2a: Dragapult|70/100|[from] Stealth Rock
|
|-weather|Sandstorm|[upkeep]
|-damage|p2a: Dragapult|64/100|[from] Sandstorm
|upkeep
|turn|22
|inactive|bruinsgirl33 has 30 seconds left.
|
|-formechange|p1a: Aegislash|Aegislash-Blade||[from] ability: Stance Change
|move|p1a: Aegislash|Shadow Sneak|p2a: Dragapult
|-supereffective|p2a: Dragapult
|-crit|p2a: Dragapult
|-damage|p2a: Dragapult|0 fnt
|faint|p2a: Dragapult
|
|-weather|none
|upkeep
|inactive|bruinsgirl33 has 30 seconds left this turn.
|
|switch|p2a: Mandibuzz|Mandibuzz, F|100/100
|turn|23
|
|switch|p1a: Milotic|Milotic, F|99/100
|move|p2a: Mandibuzz|Knock Off|p1a: Milotic
|-damage|p1a: Milotic|82/100
|-enditem|p1a: Milotic|Leftovers|[from] move: Knock Off|[of] p2a: Mandibuzz
|
|upkeep
|turn|24
|-message|kkkkami forfeited.
|
|win|bruinsgirl33
|l|☆kkkkami
|raw|bruinsgirl33's rating: 1000 → 1045(+45 for winning)
|raw|kkkkami's rating: 1040 → 1022(-18 for losing)
