|ScrapeTime|2020-01-03-00:54:41
|j|☆Shades<3
|j|☆Booffalant
|player|p1|Shades<3|guzma|1201
|player|p2|Booffalant|wattson|1247
|teamsize|p1|6
|teamsize|p2|6
|gametype|singles
|gen|8
|tier|[Gen 8] OU
|rated|
|rule|Sleep Clause Mod: Limit one foe put to sleep
|rule|Species Clause: Limit one of each Pokémon
|rule|OHKO Clause: OHKO moves are banned
|rule|Evasion Moves Clause: Evasion moves are banned
|rule|Endless Battle Clause: Forcing endless battles is banned
|rule|HP Percentage Mod: HP is shown in percentages
|clearpoke
|poke|p1|Gengar, M|
|poke|p1|Corviknight, M|
|poke|p1|Aegislash, M|
|poke|p1|Mandibuzz, F|
|poke|p1|Rotom-Heat|
|poke|p1|Gyarados, M|
|poke|p2|Dragapult, M|
|poke|p2|Aegislash, M|
|poke|p2|Dugtrio, M|
|poke|p2|Quagsire, M|
|poke|p2|Corviknight, F|
|poke|p2|Mandibuzz, F|
|rule|Dynamax Clause: You cannot dynamax
|teampreview
|
|start
|switch|p1a: Rotom|Rotom-Heat|100/100
|switch|p2a: Quagsire|Quagsire, M|100/100
|turn|1
|
|move|p1a: Rotom|Trick|p2a: Quagsire
|-activate|p1a: Rotom|move: Trick|[of] p2a: Quagsire
|-item|p2a: Quagsire|Choice Scarf|[from] move: Trick
|-item|p1a: Rotom|Leftovers|[from] move: Trick
|move|p2a: Quagsire|Scald|p1a: Rotom
|-supereffective|p1a: Rotom
|-damage|p1a: Rotom|56/100
|
|-heal|p1a: Rotom|62/100|[from] item: Leftovers
|upkeep
|turn|2
|
|switch|p1a: Gyarados|Gyarados, M|100/100
|switch|p2a: Dragapult|Dragapult, M|100/100
|
|upkeep
|turn|3
|
|switch|p1a: Rotom|Rotom-Heat|62/100
|move|p2a: Dragapult|Dragon Dance|p2a: Dragapult
|-boost|p2a: Dragapult|atk|1
|-boost|p2a: Dragapult|spe|1
|
|-heal|p1a: Rotom|68/100|[from] item: Leftovers
|upkeep
|turn|4
|
|move|p2a: Dragapult|Dragon Darts|p1a: Rotom
|-damage|p1a: Rotom|13/100
|-crit|p1a: Rotom
|-damage|p1a: Rotom|0 fnt
|-hitcount|p1a: Rotom|2
|faint|p1a: Rotom
|
|upkeep
|
|switch|p1a: Caliber|Aegislash, M, shiny|100/100
|turn|5
|
|move|p2a: Dragapult|Phantom Force||[still]
|-prepare|p2a: Dragapult|Phantom Force|p1a: Caliber
|-formechange|p1a: Caliber|Aegislash-Blade||[from] ability: Stance Change
|move|p1a: Caliber|Shadow Ball|p2a: Dragapult|[miss]
|-miss|p1a: Caliber|p2a: Dragapult
|
|upkeep
|turn|6
|
|switch|p1a: Mandibuzz|Mandibuzz, F|100/100
|move|p2a: Dragapult|Phantom Force|p1a: Mandibuzz|[from]lockedmove
|-resisted|p1a: Mandibuzz
|-damage|p1a: Mandibuzz|72/100
|
|upkeep
|turn|7
|
|move|p2a: Dragapult|Dragon Darts|p1a: Mandibuzz
|-damage|p1a: Mandibuzz|43/100
|-damage|p1a: Mandibuzz|14/100
|-hitcount|p1a: Mandibuzz|2
|move|p1a: Mandibuzz|Knock Off|p2a: Dragapult
|-supereffective|p2a: Dragapult
|-damage|p2a: Dragapult|34/100
|-enditem|p2a: Dragapult|Leftovers|[from] move: Knock Off|[of] p1a: Mandibuzz
|
|upkeep
|turn|8
|
|switch|p1a: Shade|Corviknight, M|100/100
|-ability|p1a: Shade|Pressure
|move|p2a: Dragapult|Dragon Darts|p1a: Shade
|-resisted|p1a: Shade
|-damage|p1a: Shade|82/100
|-resisted|p1a: Shade
|-damage|p1a: Shade|66/100
|-hitcount|p1a: Shade|2
|
|-heal|p1a: Shade|72/100|[from] item: Leftovers
|upkeep
|turn|9
|
|switch|p2a: Aegislash|Aegislash, M|100/100
|move|p1a: Shade|Brave Bird|p2a: Aegislash
|-resisted|p2a: Aegislash
|-damage|p2a: Aegislash|83/100
|-damage|p1a: Shade|68/100|[from] Recoil
|
|-heal|p2a: Aegislash|89/100|[from] item: Leftovers
|-heal|p1a: Shade|74/100|[from] item: Leftovers
|upkeep
|turn|10
|
|move|p2a: Aegislash|Metal Sound|p1a: Shade
|-unboost|p1a: Shade|spd|2
|move|p1a: Shade|Bulk Up|p1a: Shade
|-boost|p1a: Shade|atk|1
|-boost|p1a: Shade|def|1
|
|-heal|p2a: Aegislash|95/100|[from] item: Leftovers
|-heal|p1a: Shade|80/100|[from] item: Leftovers
|upkeep
|turn|11
|
|move|p2a: Aegislash|Metal Sound|p1a: Shade
|-unboost|p1a: Shade|spd|2
|move|p1a: Shade|Roost|p1a: Shade
|-heal|p1a: Shade|100/100
|-singleturn|p1a: Shade|move: Roost
|
|-heal|p2a: Aegislash|100/100|[from] item: Leftovers
|upkeep
|turn|12
|
|switch|p1a: Mandibuzz|Mandibuzz, F|14/100
|-formechange|p2a: Aegislash|Aegislash-Blade||[from] ability: Stance Change
|move|p2a: Aegislash|Shadow Ball|p1a: Mandibuzz
|-resisted|p1a: Mandibuzz
|-damage|p1a: Mandibuzz|0 fnt
|faint|p1a: Mandibuzz
|
|upkeep
|
|switch|p1a: Gyarados|Gyarados, M|100/100
|turn|13
|
|move|p1a: Gyarados|Dragon Dance|p1a: Gyarados
|-boost|p1a: Gyarados|atk|1
|-boost|p1a: Gyarados|spe|1
|move|p2a: Aegislash|Shadow Ball|p1a: Gyarados
|-damage|p1a: Gyarados|53/100
|
|upkeep
|turn|14
|
|move|p1a: Gyarados|Dragon Dance|p1a: Gyarados
|-boost|p1a: Gyarados|atk|1
|-boost|p1a: Gyarados|spe|1
|move|p2a: Aegislash|Shadow Ball|p1a: Gyarados
|-damage|p1a: Gyarados|4/100
|-enditem|p1a: Gyarados|Aguav Berry|[eat]
|-heal|p1a: Gyarados|36/100|[from] item: Aguav Berry
|
|upkeep
|turn|15
|
|-formechange|p2a: Aegislash|Aegislash||[from] ability: Stance Change
|move|p2a: Aegislash|King's Shield|p2a: Aegislash
|-singleturn|p2a: Aegislash|Protect
|move|p1a: Gyarados|Earthquake|p2a: Aegislash
|-activate|p2a: Aegislash|move: Protect
|
|upkeep
|turn|16
|
|move|p1a: Gyarados|Earthquake|p2a: Aegislash
|-supereffective|p2a: Aegislash
|-damage|p2a: Aegislash|0 fnt
|faint|p2a: Aegislash
|-ability|p1a: Gyarados|Moxie|boost
|-boost|p1a: Gyarados|atk|1
|
|upkeep
|
|switch|p2a: Dugtrio|Dugtrio, M|100/100
|turn|17
|
|move|p1a: Gyarados|Waterfall|p2a: Dugtrio
|-supereffective|p2a: Dugtrio
|-enditem|p2a: Dugtrio|Focus Sash
|-damage|p2a: Dugtrio|1/100
|move|p2a: Dugtrio|Stone Edge|p1a: Gyarados
|-supereffective|p1a: Gyarados
|-damage|p1a: Gyarados|0 fnt
|faint|p1a: Gyarados
|
|upkeep
|
|switch|p1a: Cheshire|Gengar, M, shiny|100/100
|turn|18
|
|move|p1a: Cheshire|Shadow Ball|p2a: Dugtrio
|-damage|p2a: Dugtrio|0 fnt
|faint|p2a: Dugtrio
|
|upkeep
|
|switch|p2a: Mandibuzz|Mandibuzz, F|100/100
|turn|19
|
|switch|p1a: Shade|Corviknight, M|100/100
|-ability|p1a: Shade|Pressure
|move|p2a: Mandibuzz|Knock Off|p1a: Shade
|-damage|p1a: Shade|79/100
|-enditem|p1a: Shade|Leftovers|[from] move: Knock Off|[of] p2a: Mandibuzz
|
|upkeep
|turn|20
|
|switch|p2a: Corviknight|Corviknight, F|100/100
|-ability|p2a: Corviknight|Pressure
|move|p1a: Shade|Bulk Up|p1a: Shade
|-boost|p1a: Shade|atk|1
|-boost|p1a: Shade|def|1
|
|upkeep
|turn|21
|
|move|p2a: Corviknight|Bulk Up|p2a: Corviknight
|-boost|p2a: Corviknight|atk|1
|-boost|p2a: Corviknight|def|1
|move|p1a: Shade|Bulk Up|p1a: Shade
|-boost|p1a: Shade|atk|1
|-boost|p1a: Shade|def|1
|
|upkeep
|turn|22
|
|move|p2a: Corviknight|Bulk Up|p2a: Corviknight
|-boost|p2a: Corviknight|atk|1
|-boost|p2a: Corviknight|def|1
|move|p1a: Shade|Brave Bird|p2a: Corviknight
|-resisted|p2a: Corviknight
|-damage|p2a: Corviknight|86/100
|-damage|p1a: Shade|75/100|[from] Recoil
|
|-heal|p2a: Corviknight|93/100|[from] item: Leftovers
|upkeep
|turn|23
|
|move|p2a: Corviknight|Bulk Up|p2a: Corviknight
|-boost|p2a: Corviknight|atk|1
|-boost|p2a: Corviknight|def|1
|move|p1a: Shade|Substitute|p1a: Shade
|-start|p1a: Shade|Substitute
|-damage|p1a: Shade|50/100
|
|-heal|p2a: Corviknight|99/100|[from] item: Leftovers
|upkeep
|turn|24
|
|move|p2a: Corviknight|Bulk Up|p2a: Corviknight
|-boost|p2a: Corviknight|atk|1
|-boost|p2a: Corviknight|def|1
|move|p1a: Shade|Roost|p1a: Shade
|-heal|p1a: Shade|99/100
|-singleturn|p1a: Shade|move: Roost
|
|-heal|p2a: Corviknight|100/100|[from] item: Leftovers
|upkeep
|turn|25
|
|move|p2a: Corviknight|Bulk Up|p2a: Corviknight
|-boost|p2a: Corviknight|atk|1
|-boost|p2a: Corviknight|def|1
|move|p1a: Shade|Bulk Up|p1a: Shade
|-boost|p1a: Shade|atk|1
|-boost|p1a: Shade|def|1
|
|upkeep
|turn|26
|
|move|p2a: Corviknight|Bulk Up|p2a: Corviknight
|-boost|p2a: Corviknight|atk|1
|-boost|p2a: Corviknight|def|1
|move|p1a: Shade|Bulk Up|p1a: Shade
|-boost|p1a: Shade|atk|1
|-boost|p1a: Shade|def|1
|
|upkeep
|turn|27
|
|move|p2a: Corviknight|Brave Bird|p1a: Shade
|-resisted|p1a: Shade
|-activate|p1a: Shade|move: Substitute|[damage]
|-damage|p2a: Corviknight|94/100|[from] Recoil|[of] p1a: Shade
|move|p1a: Shade|Bulk Up|p1a: Shade
|-boost|p1a: Shade|atk|1
|-boost|p1a: Shade|def|1
|
|-heal|p2a: Corviknight|99/100|[from] item: Leftovers
|upkeep
|turn|28
|
|move|p2a: Corviknight|Brave Bird|p1a: Shade
|-resisted|p1a: Shade
|-end|p1a: Shade|Substitute
|-damage|p2a: Corviknight|98/100|[from] Recoil|[of] p1a: Shade
|move|p1a: Shade|Bulk Up|p1a: Shade
|-boost|p1a: Shade|atk|1
|-boost|p1a: Shade|def|1
|
|-heal|p2a: Corviknight|100/100|[from] item: Leftovers
|upkeep
|turn|29
|
|move|p2a: Corviknight|Substitute|p2a: Corviknight
|-start|p2a: Corviknight|Substitute
|-damage|p2a: Corviknight|75/100
|move|p1a: Shade|Brave Bird|p2a: Corviknight
|-resisted|p2a: Corviknight
|-activate|p2a: Corviknight|move: Substitute|[damage]
|-damage|p1a: Shade|95/100|[from] Recoil|[of] p2a: Corviknight
|
|-heal|p2a: Corviknight|82/100|[from] item: Leftovers
|upkeep
|turn|30
|
|move|p2a: Corviknight|Brave Bird|p1a: Shade
|-resisted|p1a: Shade
|-damage|p1a: Shade|80/100
|-damage|p2a: Corviknight|77/100|[from] Recoil
|move|p1a: Shade|Substitute|p1a: Shade
|-start|p1a: Shade|Substitute
|-damage|p1a: Shade|56/100
|
|-heal|p2a: Corviknight|83/100|[from] item: Leftovers
|upkeep
|turn|31
|
|move|p2a: Corviknight|Bulk Up|p2a: Corviknight
|-boost|p2a: Corviknight|atk|0
|-boost|p2a: Corviknight|def|0
|move|p1a: Shade|Roost|p1a: Shade
|-heal|p1a: Shade|100/100
|-singleturn|p1a: Shade|move: Roost
|
|-heal|p2a: Corviknight|89/100|[from] item: Leftovers
|upkeep
|turn|32
|
|move|p2a: Corviknight|Bulk Up|p2a: Corviknight
|-boost|p2a: Corviknight|atk|0
|-boost|p2a: Corviknight|def|0
|move|p1a: Shade|Brave Bird|p2a: Corviknight
|-resisted|p2a: Corviknight
|-end|p2a: Corviknight|Substitute
|-damage|p1a: Shade|98/100|[from] Recoil|[of] p2a: Corviknight
|
|-heal|p2a: Corviknight|96/100|[from] item: Leftovers
|upkeep
|turn|33
|
|move|p2a: Corviknight|Substitute|p2a: Corviknight
|-start|p2a: Corviknight|Substitute
|-damage|p2a: Corviknight|71/100
|move|p1a: Shade|Brave Bird|p2a: Corviknight
|-resisted|p2a: Corviknight
|-activate|p2a: Corviknight|move: Substitute|[damage]
|-damage|p1a: Shade|93/100|[from] Recoil|[of] p2a: Corviknight
|
|-heal|p2a: Corviknight|77/100|[from] item: Leftovers
|upkeep
|turn|34
|
|move|p2a: Corviknight|Brave Bird|p1a: Shade
|-resisted|p1a: Shade
|-activate|p1a: Shade|move: Substitute|[damage]
|-damage|p2a: Corviknight|72/100|[from] Recoil|[of] p1a: Shade
|move|p1a: Shade|Roost|p1a: Shade
|-heal|p1a: Shade|100/100
|-singleturn|p1a: Shade|move: Roost
|
|-heal|p2a: Corviknight|78/100|[from] item: Leftovers
|upkeep
|turn|35
|
|move|p2a: Corviknight|Brave Bird|p1a: Shade
|-resisted|p1a: Shade
|-end|p1a: Shade|Substitute
|-damage|p2a: Corviknight|75/100|[from] Recoil|[of] p1a: Shade
|move|p1a: Shade|Substitute|p1a: Shade
|-start|p1a: Shade|Substitute
|-damage|p1a: Shade|76/100
|
|-heal|p2a: Corviknight|81/100|[from] item: Leftovers
|upkeep
|turn|36
|
|move|p2a: Corviknight|Bulk Up|p2a: Corviknight
|-boost|p2a: Corviknight|atk|0
|-boost|p2a: Corviknight|def|0
|move|p1a: Shade|Roost|p1a: Shade
|-heal|p1a: Shade|100/100
|-singleturn|p1a: Shade|move: Roost
|
|-heal|p2a: Corviknight|87/100|[from] item: Leftovers
|upkeep
|turn|37
|
|move|p2a: Corviknight|Brave Bird|p1a: Shade
|-resisted|p1a: Shade
|-activate|p1a: Shade|move: Substitute|[damage]
|-damage|p2a: Corviknight|82/100|[from] Recoil|[of] p1a: Shade
|move|p1a: Shade|Roost||[still]
|-fail|p1a: Shade|heal
|
|-heal|p2a: Corviknight|89/100|[from] item: Leftovers
|upkeep
|turn|38
|
|move|p2a: Corviknight|Bulk Up|p2a: Corviknight
|-boost|p2a: Corviknight|atk|0
|-boost|p2a: Corviknight|def|0
|move|p1a: Shade|Bulk Up|p1a: Shade
|-boost|p1a: Shade|atk|0
|-boost|p1a: Shade|def|0
|
|-heal|p2a: Corviknight|95/100|[from] item: Leftovers
|upkeep
|turn|39
|
|move|p2a: Corviknight|Bulk Up|p2a: Corviknight
|-boost|p2a: Corviknight|atk|0
|-boost|p2a: Corviknight|def|0
|move|p1a: Shade|Roost||[still]
|-fail|p1a: Shade|heal
|
|-heal|p2a: Corviknight|100/100|[from] item: Leftovers
|upkeep
|turn|40
|
|move|p2a: Corviknight|Brave Bird|p1a: Shade
|-resisted|p1a: Shade
|-end|p1a: Shade|Substitute
|-damage|p2a: Corviknight|97/100|[from] Recoil|[of] p1a: Shade
|move|p1a: Shade|Bulk Up|p1a: Shade
|-boost|p1a: Shade|atk|0
|-boost|p1a: Shade|def|0
|
|-heal|p2a: Corviknight|100/100|[from] item: Leftovers
|upkeep
|turn|41
|
|move|p2a: Corviknight|Bulk Up|p2a: Corviknight
|-boost|p2a: Corviknight|atk|0
|-boost|p2a: Corviknight|def|0
|move|p1a: Shade|Bulk Up|p1a: Shade
|-boost|p1a: Shade|atk|0
|-boost|p1a: Shade|def|0
|
|upkeep
|turn|42
|
|move|p2a: Corviknight|Bulk Up|p2a: Corviknight
|-boost|p2a: Corviknight|atk|0
|-boost|p2a: Corviknight|def|0
|move|p1a: Shade|Substitute|p1a: Shade
|-start|p1a: Shade|Substitute
|-damage|p1a: Shade|76/100
|
|upkeep
|turn|43
|
|move|p2a: Corviknight|Bulk Up|p2a: Corviknight
|-boost|p2a: Corviknight|atk|0
|-boost|p2a: Corviknight|def|0
|move|p1a: Shade|Roost|p1a: Shade
|-heal|p1a: Shade|100/100
|-singleturn|p1a: Shade|move: Roost
|
|upkeep
|turn|44
|
|move|p2a: Corviknight|Bulk Up|p2a: Corviknight
|-boost|p2a: Corviknight|atk|0
|-boost|p2a: Corviknight|def|0
|move|p1a: Shade|Bulk Up|p1a: Shade
|-boost|p1a: Shade|atk|0
|-boost|p1a: Shade|def|0
|
|upkeep
|turn|45
|
|move|p2a: Corviknight|Bulk Up|p2a: Corviknight
|-boost|p2a: Corviknight|atk|0
|-boost|p2a: Corviknight|def|0
|move|p1a: Shade|Brave Bird|p2a: Corviknight
|-resisted|p2a: Corviknight
|-end|p2a: Corviknight|Substitute
|-damage|p1a: Shade|97/100|[from] Recoil|[of] p2a: Corviknight
|
|upkeep
|turn|46
|
|move|p2a: Corviknight|Bulk Up|p2a: Corviknight
|-boost|p2a: Corviknight|atk|0
|-boost|p2a: Corviknight|def|0
|move|p1a: Shade|Bulk Up|p1a: Shade
|-boost|p1a: Shade|atk|0
|-boost|p1a: Shade|def|0
|
|upkeep
|turn|47
|
|move|p2a: Corviknight|Substitute|p2a: Corviknight
|-start|p2a: Corviknight|Substitute
|-damage|p2a: Corviknight|75/100
|move|p1a: Shade|Bulk Up|p1a: Shade
|-boost|p1a: Shade|atk|0
|-boost|p1a: Shade|def|0
|
|-heal|p2a: Corviknight|82/100|[from] item: Leftovers
|upkeep
|turn|48
|
|move|p2a: Corviknight|Roost|p2a: Corviknight
|-heal|p2a: Corviknight|100/100
|-singleturn|p2a: Corviknight|move: Roost
|move|p1a: Shade|Bulk Up|p1a: Shade
|-boost|p1a: Shade|atk|0
|-boost|p1a: Shade|def|0
|
|upkeep
|turn|49
|
|move|p2a: Corviknight|Bulk Up|p2a: Corviknight
|-boost|p2a: Corviknight|atk|0
|-boost|p2a: Corviknight|def|0
|move|p1a: Shade|Bulk Up|p1a: Shade
|-boost|p1a: Shade|atk|0
|-boost|p1a: Shade|def|0
|
|upkeep
|turn|50
|
|move|p2a: Corviknight|Bulk Up|p2a: Corviknight
|-boost|p2a: Corviknight|atk|0
|-boost|p2a: Corviknight|def|0
|move|p1a: Shade|Bulk Up|p1a: Shade
|-boost|p1a: Shade|atk|0
|-boost|p1a: Shade|def|0
|
|upkeep
|turn|51
|
|move|p2a: Corviknight|Bulk Up|p2a: Corviknight
|-boost|p2a: Corviknight|atk|0
|-boost|p2a: Corviknight|def|0
|move|p1a: Shade|Bulk Up|p1a: Shade
|-boost|p1a: Shade|atk|0
|-boost|p1a: Shade|def|0
|
|upkeep
|turn|52
|
|move|p2a: Corviknight|Bulk Up|p2a: Corviknight
|-boost|p2a: Corviknight|atk|0
|-boost|p2a: Corviknight|def|0
|move|p1a: Shade|Bulk Up|p1a: Shade
|-boost|p1a: Shade|atk|0
|-boost|p1a: Shade|def|0
|
|upkeep
|turn|53
|
|move|p2a: Corviknight|Bulk Up|p2a: Corviknight
|-boost|p2a: Corviknight|atk|0
|-boost|p2a: Corviknight|def|0
|move|p1a: Shade|Bulk Up|p1a: Shade
|-boost|p1a: Shade|atk|0
|-boost|p1a: Shade|def|0
|
|upkeep
|turn|54
|
|move|p2a: Corviknight|Bulk Up|p2a: Corviknight
|-boost|p2a: Corviknight|atk|0
|-boost|p2a: Corviknight|def|0
|move|p1a: Shade|Bulk Up|p1a: Shade
|-boost|p1a: Shade|atk|0
|-boost|p1a: Shade|def|0
|
|upkeep
|turn|55
|
|move|p2a: Corviknight|Bulk Up|p2a: Corviknight
|-boost|p2a: Corviknight|atk|0
|-boost|p2a: Corviknight|def|0
|move|p1a: Shade|Bulk Up|p1a: Shade
|-boost|p1a: Shade|atk|0
|-boost|p1a: Shade|def|0
|
|upkeep
|turn|56
|
|move|p2a: Corviknight|Bulk Up|p2a: Corviknight
|-boost|p2a: Corviknight|atk|0
|-boost|p2a: Corviknight|def|0
|move|p1a: Shade|Bulk Up|p1a: Shade
|-boost|p1a: Shade|atk|0
|-boost|p1a: Shade|def|0
|
|upkeep
|turn|57
|
|move|p2a: Corviknight|Bulk Up|p2a: Corviknight
|-boost|p2a: Corviknight|atk|0
|-boost|p2a: Corviknight|def|0
|move|p1a: Shade|Bulk Up|p1a: Shade
|-boost|p1a: Shade|atk|0
|-boost|p1a: Shade|def|0
|
|upkeep
|turn|58
|
|move|p2a: Corviknight|Bulk Up|p2a: Corviknight
|-boost|p2a: Corviknight|atk|0
|-boost|p2a: Corviknight|def|0
|move|p1a: Shade|Bulk Up|p1a: Shade
|-boost|p1a: Shade|atk|0
|-boost|p1a: Shade|def|0
|
|upkeep
|turn|59
|
|move|p2a: Corviknight|Bulk Up|p2a: Corviknight
|-boost|p2a: Corviknight|atk|0
|-boost|p2a: Corviknight|def|0
|move|p1a: Shade|Bulk Up|p1a: Shade
|-boost|p1a: Shade|atk|0
|-boost|p1a: Shade|def|0
|
|upkeep
|turn|60
|c|☆Booffalant|how's your day going?
|
|move|p2a: Corviknight|Bulk Up|p2a: Corviknight
|-boost|p2a: Corviknight|atk|0
|-boost|p2a: Corviknight|def|0
|move|p1a: Shade|Bulk Up|p1a: Shade
|-boost|p1a: Shade|atk|0
|-boost|p1a: Shade|def|0
|
|upkeep
|turn|61
|c|☆Shades<3|Very bulky.
|c|☆Shades<3|How's yours?
|
|move|p2a: Corviknight|Bulk Up|p2a: Corviknight
|-boost|p2a: Corviknight|atk|0
|-boost|p2a: Corviknight|def|0
|move|p1a: Shade|Bulk Up|p1a: Shade
|-boost|p1a: Shade|atk|0
|-boost|p1a: Shade|def|0
|
|upkeep
|turn|62
|c|☆Booffalant|peak pokemon right here
|c|☆Booffalant|having a good day
|
|move|p2a: Corviknight|Bulk Up|p2a: Corviknight
|-boost|p2a: Corviknight|atk|0
|-boost|p2a: Corviknight|def|0
|move|p1a: Shade|Bulk Up|p1a: Shade
|-boost|p1a: Shade|atk|0
|-boost|p1a: Shade|def|0
|
|upkeep
|turn|63
|
|move|p2a: Corviknight|Bulk Up|p2a: Corviknight
|-boost|p2a: Corviknight|atk|0
|-boost|p2a: Corviknight|def|0
|move|p1a: Shade|Bulk Up|p1a: Shade
|-boost|p1a: Shade|atk|0
|-boost|p1a: Shade|def|0
|
|upkeep
|turn|64
|c|☆Shades<3|This is the meta. Bulky burbs.
|
|move|p2a: Corviknight|Substitute|p2a: Corviknight
|-fail|p2a: Corviknight|move: Substitute
|move|p1a: Shade|Bulk Up|p1a: Shade
|-boost|p1a: Shade|atk|0
|-boost|p1a: Shade|def|0
|
|upkeep
|turn|65
|
|move|p2a: Corviknight|Substitute|p2a: Corviknight
|-fail|p2a: Corviknight|move: Substitute
|move|p1a: Shade|Bulk Up|p1a: Shade
|-boost|p1a: Shade|atk|0
|-boost|p1a: Shade|def|0
|
|upkeep
|turn|66
|
|move|p2a: Corviknight|Substitute|p2a: Corviknight
|-fail|p2a: Corviknight|move: Substitute
|move|p1a: Shade|Substitute|p1a: Shade
|-fail|p1a: Shade|move: Substitute
|
|upkeep
|turn|67
|
|move|p2a: Corviknight|Substitute|p2a: Corviknight
|-fail|p2a: Corviknight|move: Substitute
|move|p1a: Shade|Roost|p1a: Shade
|-heal|p1a: Shade|100/100
|-singleturn|p1a: Shade|move: Roost
|
|upkeep
|turn|68
|
|move|p2a: Corviknight|Substitute|p2a: Corviknight
|-fail|p2a: Corviknight|move: Substitute
|move|p1a: Shade|Substitute|p1a: Shade
|-fail|p1a: Shade|move: Substitute
|
|upkeep
|turn|69
|
|move|p2a: Corviknight|Substitute|p2a: Corviknight
|-fail|p2a: Corviknight|move: Substitute
|move|p1a: Shade|Substitute|p1a: Shade
|-fail|p1a: Shade|move: Substitute
|
|upkeep
|turn|70
|
|move|p2a: Corviknight|Substitute|p2a: Corviknight
|-fail|p2a: Corviknight|move: Substitute
|move|p1a: Shade|Substitute|p1a: Shade
|-fail|p1a: Shade|move: Substitute
|
|upkeep
|turn|71
|
|move|p2a: Corviknight|Roost||[still]
|-fail|p2a: Corviknight|heal
|move|p1a: Shade|Substitute|p1a: Shade
|-fail|p1a: Shade|move: Substitute
|
|upkeep
|turn|72
|
|move|p2a: Corviknight|Roost||[still]
|-fail|p2a: Corviknight|heal
|move|p1a: Shade|Substitute|p1a: Shade
|-fail|p1a: Shade|move: Substitute
|
|upkeep
|turn|73
|
|move|p2a: Corviknight|Roost||[still]
|-fail|p2a: Corviknight|heal
|move|p1a: Shade|Substitute|p1a: Shade
|-fail|p1a: Shade|move: Substitute
|
|upkeep
|turn|74
|
|move|p2a: Corviknight|Roost||[still]
|-fail|p2a: Corviknight|heal
|move|p1a: Shade|Substitute|p1a: Shade
|-fail|p1a: Shade|move: Substitute
|
|upkeep
|turn|75
|
|move|p2a: Corviknight|Roost||[still]
|-fail|p2a: Corviknight|heal
|move|p1a: Shade|Substitute|p1a: Shade
|-fail|p1a: Shade|move: Substitute
|
|upkeep
|turn|76
|
|move|p2a: Corviknight|Roost||[still]
|-fail|p2a: Corviknight|heal
|move|p1a: Shade|Substitute|p1a: Shade
|-fail|p1a: Shade|move: Substitute
|
|upkeep
|turn|77
|c|☆Shades<3|You wanna know something funny?
|c|☆Booffalant|yeah?
|c|☆Shades<3|I was born at a young age.
|
|move|p2a: Corviknight|Roost||[still]
|-fail|p2a: Corviknight|heal
|move|p1a: Shade|Substitute|p1a: Shade
|-fail|p1a: Shade|move: Substitute
|
|upkeep
|turn|78
|c|☆Booffalant|damn that's rough
|c|☆Booffalant|i was born at the age of 10
|
|move|p2a: Corviknight|Roost||[still]
|-fail|p2a: Corviknight|heal
|move|p1a: Shade|Substitute|p1a: Shade
|-fail|p1a: Shade|move: Substitute
|
|upkeep
|turn|79
|c|☆Shades<3|wow. some people have such luck.
|
|move|p2a: Corviknight|Brave Bird|p1a: Shade
|-resisted|p1a: Shade
|-activate|p1a: Shade|move: Substitute|[damage]
|-damage|p2a: Corviknight|96/100|[from] Recoil|[of] p1a: Shade
|move|p1a: Shade|Bulk Up|p1a: Shade
|-boost|p1a: Shade|atk|0
|-boost|p1a: Shade|def|0
|
|-heal|p2a: Corviknight|100/100|[from] item: Leftovers
|upkeep
|turn|80
|
|move|p2a: Corviknight|Brave Bird|p1a: Shade
|-resisted|p1a: Shade
|-end|p1a: Shade|Substitute
|-damage|p2a: Corviknight|97/100|[from] Recoil|[of] p1a: Shade
|move|p1a: Shade|Brave Bird|p2a: Corviknight
|-resisted|p2a: Corviknight
|-activate|p2a: Corviknight|move: Substitute|[damage]
|-damage|p1a: Shade|95/100|[from] Recoil|[of] p2a: Corviknight
|
|-heal|p2a: Corviknight|100/100|[from] item: Leftovers
|upkeep
|turn|81
|
|move|p2a: Corviknight|Brave Bird|p1a: Shade
|-resisted|p1a: Shade
|-damage|p1a: Shade|80/100
|-damage|p2a: Corviknight|95/100|[from] Recoil
|move|p1a: Shade|Brave Bird|p2a: Corviknight
|-resisted|p2a: Corviknight
|-end|p2a: Corviknight|Substitute
|-damage|p1a: Shade|77/100|[from] Recoil|[of] p2a: Corviknight
|
|-heal|p2a: Corviknight|100/100|[from] item: Leftovers
|upkeep
|turn|82
|
|move|p2a: Corviknight|Substitute|p2a: Corviknight
|-start|p2a: Corviknight|Substitute
|-damage|p2a: Corviknight|75/100
|move|p1a: Shade|Brave Bird|p2a: Corviknight
|-resisted|p2a: Corviknight
|-activate|p2a: Corviknight|move: Substitute|[damage]
|-damage|p1a: Shade|71/100|[from] Recoil|[of] p2a: Corviknight
|
|-heal|p2a: Corviknight|82/100|[from] item: Leftovers
|upkeep
|turn|83
|
|move|p2a: Corviknight|Roost|p2a: Corviknight
|-heal|p2a: Corviknight|100/100
|-singleturn|p2a: Corviknight|move: Roost
|move|p1a: Shade|Roost|p1a: Shade
|-heal|p1a: Shade|100/100
|-singleturn|p1a: Shade|move: Roost
|
|upkeep
|turn|84
|
|move|p2a: Corviknight|Brave Bird|p1a: Shade
|-resisted|p1a: Shade
|-damage|p1a: Shade|85/100
|-damage|p2a: Corviknight|95/100|[from] Recoil
|move|p1a: Shade|Brave Bird|p2a: Corviknight
|-resisted|p2a: Corviknight
|-end|p2a: Corviknight|Substitute
|-damage|p1a: Shade|82/100|[from] Recoil|[of] p2a: Corviknight
|
|-heal|p2a: Corviknight|100/100|[from] item: Leftovers
|upkeep
|turn|85
|
|move|p2a: Corviknight|Substitute|p2a: Corviknight
|-start|p2a: Corviknight|Substitute
|-damage|p2a: Corviknight|75/100
|move|p1a: Shade|Brave Bird|p2a: Corviknight
|-resisted|p2a: Corviknight
|-activate|p2a: Corviknight|move: Substitute|[damage]
|-damage|p1a: Shade|77/100|[from] Recoil|[of] p2a: Corviknight
|
|-heal|p2a: Corviknight|82/100|[from] item: Leftovers
|upkeep
|turn|86
|
|move|p2a: Corviknight|Roost|p2a: Corviknight
|-heal|p2a: Corviknight|100/100
|-singleturn|p2a: Corviknight|move: Roost
|move|p1a: Shade|Roost|p1a: Shade
|-heal|p1a: Shade|100/100
|-singleturn|p1a: Shade|move: Roost
|
|upkeep
|turn|87
|c|☆Shades<3|this is chaos.
|
|move|p2a: Corviknight|Roost||[still]
|-fail|p2a: Corviknight|heal
|move|p1a: Shade|Roost||[still]
|-fail|p1a: Shade|heal
|
|upkeep
|turn|88
|c|☆Booffalant|this is fine
|
|move|p2a: Corviknight|Brave Bird|p1a: Shade
|-resisted|p1a: Shade
|-damage|p1a: Shade|85/100
|-damage|p2a: Corviknight|95/100|[from] Recoil
|move|p1a: Shade|Roost|p1a: Shade
|-heal|p1a: Shade|100/100
|-singleturn|p1a: Shade|move: Roost
|
|-heal|p2a: Corviknight|100/100|[from] item: Leftovers
|upkeep
|turn|89
|
|move|p2a: Corviknight|Roost||[still]
|-fail|p2a: Corviknight|heal
|move|p1a: Shade|Roost||[still]
|-fail|p1a: Shade|heal
|
|upkeep
|turn|90
|
|move|p2a: Corviknight|Substitute|p2a: Corviknight
|-fail|p2a: Corviknight|move: Substitute
|move|p1a: Shade|Brave Bird|p2a: Corviknight
|-resisted|p2a: Corviknight
|-end|p2a: Corviknight|Substitute
|-damage|p1a: Shade|97/100|[from] Recoil|[of] p2a: Corviknight
|
|upkeep
|turn|91
|
|move|p2a: Corviknight|Substitute|p2a: Corviknight
|-start|p2a: Corviknight|Substitute
|-damage|p2a: Corviknight|75/100
|move|p1a: Shade|Brave Bird|p2a: Corviknight
|-resisted|p2a: Corviknight
|-activate|p2a: Corviknight|move: Substitute|[damage]
|-damage|p1a: Shade|92/100|[from] Recoil|[of] p2a: Corviknight
|
|-heal|p2a: Corviknight|82/100|[from] item: Leftovers
|upkeep
|turn|92
|
|move|p2a: Corviknight|Roost|p2a: Corviknight
|-heal|p2a: Corviknight|100/100
|-singleturn|p2a: Corviknight|move: Roost
|move|p1a: Shade|Roost|p1a: Shade
|-heal|p1a: Shade|100/100
|-singleturn|p1a: Shade|move: Roost
|
|upkeep
|turn|93
|
|move|p2a: Corviknight|Substitute|p2a: Corviknight
|-fail|p2a: Corviknight|move: Substitute
|move|p1a: Shade|Roost||[still]
|-fail|p1a: Shade|heal
|
|upkeep
|turn|94
|
|move|p2a: Corviknight|Roost||[still]
|-fail|p2a: Corviknight|heal
|-activate|p1a: Shade|move: Struggle
|move|p1a: Shade|Struggle|p2a: Corviknight
|-activate|p2a: Corviknight|move: Substitute|[damage]
|-damage|p1a: Shade|75/100|[from] recoil
|
|upkeep
|turn|95
|
|move|p2a: Corviknight|Substitute|p2a: Corviknight
|-fail|p2a: Corviknight|move: Substitute
|-activate|p1a: Shade|move: Struggle
|move|p1a: Shade|Struggle|p2a: Corviknight
|-end|p2a: Corviknight|Substitute
|-damage|p1a: Shade|50/100|[from] recoil
|
|upkeep
|turn|96
|
|move|p2a: Corviknight|Roost||[still]
|-fail|p2a: Corviknight|heal
|-activate|p1a: Shade|move: Struggle
|move|p1a: Shade|Struggle|p2a: Corviknight
|-damage|p2a: Corviknight|92/100
|-damage|p1a: Shade|25/100|[from] recoil
|
|-heal|p2a: Corviknight|98/100|[from] item: Leftovers
|upkeep
|turn|97
|
|-activate|p2a: Corviknight|move: Struggle
|move|p2a: Corviknight|Struggle|p1a: Shade
|-damage|p1a: Shade|17/100
|-damage|p2a: Corviknight|73/100|[from] recoil
|-activate|p1a: Shade|move: Struggle
|move|p1a: Shade|Struggle|p2a: Corviknight
|-damage|p2a: Corviknight|65/100
|-damage|p1a: Shade|0 fnt|[from] recoil
|faint|p1a: Shade
|
|-heal|p2a: Corviknight|71/100|[from] item: Leftovers
|upkeep
|
|switch|p1a: Caliber|Aegislash, M, shiny|100/100
|turn|98
|
|-activate|p2a: Corviknight|move: Struggle
|move|p2a: Corviknight|Struggle|p1a: Caliber
|-damage|p1a: Caliber|66/100
|-damage|p2a: Corviknight|46/100|[from] recoil
|-formechange|p1a: Caliber|Aegislash-Blade||[from] ability: Stance Change
|move|p1a: Caliber|Shadow Ball|p2a: Corviknight
|-damage|p2a: Corviknight|8/100
|
|-heal|p2a: Corviknight|14/100|[from] item: Leftovers
|-heal|p1a: Caliber|72/100|[from] item: Leftovers
|upkeep
|turn|99
|
|-formechange|p1a: Caliber|Aegislash||[from] ability: Stance Change
|move|p1a: Caliber|King's Shield|p1a: Caliber
|-singleturn|p1a: Caliber|Protect
|-activate|p2a: Corviknight|move: Struggle
|move|p2a: Corviknight|Struggle|p1a: Caliber
|-activate|p1a: Caliber|move: Protect
|-unboost|p2a: Corviknight|atk|1
|
|-heal|p2a: Corviknight|20/100|[from] item: Leftovers
|-heal|p1a: Caliber|79/100|[from] item: Leftovers
|upkeep
|turn|100
|
|-activate|p2a: Corviknight|move: Struggle
|move|p2a: Corviknight|Struggle|p1a: Caliber
|-damage|p1a: Caliber|52/100
|-damage|p2a: Corviknight|0 fnt|[from] recoil
|faint|p2a: Corviknight
|-formechange|p1a: Caliber|Aegislash-Blade||[from] ability: Stance Change
|move|p1a: Caliber|Shadow Ball|p2: Corviknight|[notarget]
|-fail|p1a: Caliber
|
|-heal|p1a: Caliber|58/100|[from] item: Leftovers
|upkeep
|c|☆Booffalant|pnew
|c|☆Booffalant|its over
|
|switch|p2a: Quagsire|Quagsire, M|100/100
|turn|101
|c|☆Shades<3|for now xD
|
|move|p2a: Quagsire|Earthquake|p1a: Caliber
|-supereffective|p1a: Caliber
|-damage|p1a: Caliber|0 fnt
|faint|p1a: Caliber
|
|upkeep
|
|switch|p1a: Cheshire|Gengar, M, shiny|100/100
|turn|102
|c|☆Booffalant|gg lol
|
|move|p1a: Cheshire|Sludge Bomb|p2a: Quagsire
|-resisted|p2a: Quagsire
|-damage|p2a: Quagsire|72/100
|-status|p2a: Quagsire|psn
|move|p2a: Quagsire|Earthquake|p1a: Cheshire
|-supereffective|p1a: Cheshire
|-damage|p1a: Cheshire|0 fnt
|faint|p1a: Cheshire
|
|win|Booffalant
|c|☆Shades<3|GG
|l|☆Shades<3
|raw|Shades<3's rating: 1201 → 1180(-21 for losing)
|raw|Booffalant's rating: 1247 → 1269(+22 for winning)
