|ScrapeTime|2020-01-02-06:14:50
|j|☆peachwavy
|j|☆seanisghey
|player|p1|peachwavy|backpackerf|1509
|player|p2|seanisghey|gardenia|1427
|teamsize|p1|6
|teamsize|p2|6
|gametype|singles
|gen|8
|tier|[Gen 8] OU
|rated|
|rule|Sleep Clause Mod: Limit one foe put to sleep
|rule|Species Clause: Limit one of each Pokémon
|rule|OHKO Clause: OHKO moves are banned
|rule|Evasion Moves Clause: Evasion moves are banned
|rule|Endless Battle Clause: Forcing endless battles is banned
|rule|HP Percentage Mod: HP is shown in percentages
|clearpoke
|poke|p1|Excadrill, M|
|poke|p1|Dragapult, M|
|poke|p1|Rotom-Mow|
|poke|p1|Dracovish|
|poke|p1|Ferrothorn, F|
|poke|p1|Grimmsnarl, M|
|poke|p2|Ribombee, M|
|poke|p2|Dracozolt|
|poke|p2|Bisharp, M|
|poke|p2|Ferrothorn, F|
|poke|p2|Excadrill, M|
|poke|p2|Vaporeon, F|
|rule|Dynamax Clause: You cannot dynamax
|teampreview
|inactive|Battle timer is ON: inactive players will automatically lose when time's up. (requested by seanisghey)
|
|start
|switch|p1a: Rotom|Rotom-Mow|100/100
|switch|p2a: Excadrill|Excadrill, M|100/100
|-ability|p2a: Excadrill|Mold Breaker
|-item|p2a: Excadrill|Air Balloon
|turn|1
|
|switch|p2a: Ferrothorn|Ferrothorn, F|100/100
|move|p1a: Rotom|Will-O-Wisp|p2a: Ferrothorn
|-status|p2a: Ferrothorn|brn
|
|-damage|p2a: Ferrothorn|94/100 brn|[from] brn
|upkeep
|turn|2
|
|move|p1a: Rotom|Volt Switch|p2a: Ferrothorn
|-resisted|p2a: Ferrothorn
|-damage|p2a: Ferrothorn|84/100 brn
|
|switch|p1a: Dragapult|Dragapult, M|100/100|[from]move: Volt Switch
|move|p2a: Ferrothorn|Knock Off|p1a: Dragapult
|-supereffective|p1a: Dragapult
|-damage|p1a: Dragapult|71/100
|-enditem|p1a: Dragapult|Expert Belt|[from] move: Knock Off|[of] p2a: Ferrothorn
|
|-damage|p2a: Ferrothorn|78/100 brn|[from] brn
|upkeep
|turn|3
|
|switch|p2a: Vaporeon|Vaporeon, F|100/100
|move|p1a: Dragapult|Fire Blast|p2a: Vaporeon
|-resisted|p2a: Vaporeon
|-damage|p2a: Vaporeon|89/100
|
|-heal|p2a: Vaporeon|95/100|[from] item: Leftovers
|upkeep
|turn|4
|
|move|p1a: Dragapult|U-turn|p2a: Vaporeon
|-damage|p2a: Vaporeon|81/100
|
|switch|p1a: Rotom|Rotom-Mow|100/100|[from]move: U-turn
|move|p2a: Vaporeon|Ice Beam|p1a: Rotom
|-supereffective|p1a: Rotom
|-damage|p1a: Rotom|55/100
|
|-heal|p1a: Rotom|61/100|[from] item: Leftovers
|-heal|p2a: Vaporeon|87/100|[from] item: Leftovers
|upkeep
|turn|5
|
|switch|p2a: Ferrothorn|Ferrothorn, F|78/100 brn
|move|p1a: Rotom|Leaf Storm|p2a: Ferrothorn
|-resisted|p2a: Ferrothorn
|-damage|p2a: Ferrothorn|68/100 brn
|-unboost|p1a: Rotom|spa|2
|
|-heal|p1a: Rotom|67/100|[from] item: Leftovers
|-damage|p2a: Ferrothorn|62/100 brn|[from] brn
|upkeep
|turn|6
|
|move|p1a: Rotom|Volt Switch|p2a: Ferrothorn
|-resisted|p2a: Ferrothorn
|-damage|p2a: Ferrothorn|56/100 brn
|
|switch|p1a: Ferrothorn|Ferrothorn, F|100/100|[from]move: Volt Switch
|move|p2a: Ferrothorn|Stealth Rock|p1a: Ferrothorn
|-sidestart|p1: peachwavy|move: Stealth Rock
|
|-damage|p2a: Ferrothorn|50/100 brn|[from] brn
|upkeep
|turn|7
|
|move|p1a: Ferrothorn|Thunder Wave||[still]
|-fail|p1a: Ferrothorn
|move|p2a: Ferrothorn|Knock Off|p1a: Ferrothorn
|-damage|p1a: Ferrothorn|93/100
|-damage|p2a: Ferrothorn|37/100 brn|[from] ability: Iron Barbs|[of] p1a: Ferrothorn
|-damage|p2a: Ferrothorn|21/100 brn|[from] item: Rocky Helmet|[of] p1a: Ferrothorn
|-enditem|p1a: Ferrothorn|Rocky Helmet|[from] move: Knock Off|[of] p2a: Ferrothorn
|
|-damage|p2a: Ferrothorn|15/100 brn|[from] brn
|upkeep
|turn|8
|
|move|p2a: Ferrothorn|Spikes|p1a: Ferrothorn
|-sidestart|p1: peachwavy|Spikes
|move|p1a: Ferrothorn|Stealth Rock|p2a: Ferrothorn
|-sidestart|p2: seanisghey|move: Stealth Rock
|
|-damage|p2a: Ferrothorn|8/100 brn|[from] brn
|upkeep
|turn|9
|
|move|p2a: Ferrothorn|Spikes|p1a: Ferrothorn
|-sidestart|p1: peachwavy|Spikes
|move|p1a: Ferrothorn|Heavy Slam|p2a: Ferrothorn
|-resisted|p2a: Ferrothorn
|-damage|p2a: Ferrothorn|5/100 brn
|-damage|p1a: Ferrothorn|81/100|[from] ability: Iron Barbs|[of] p2a: Ferrothorn
|-damage|p1a: Ferrothorn|65/100|[from] item: Rocky Helmet|[of] p2a: Ferrothorn
|
|-damage|p2a: Ferrothorn|0 fnt|[from] brn
|faint|p2a: Ferrothorn
|upkeep
|
|switch|p2a: Dracozolt|Dracozolt|100/100
|-damage|p2a: Dracozolt|88/100|[from] Stealth Rock
|turn|10
|
|move|p2a: Dracozolt|Bolt Beak|p1a: Ferrothorn
|-resisted|p1a: Ferrothorn
|-damage|p1a: Ferrothorn|30/100
|-damage|p2a: Dracozolt|76/100|[from] ability: Iron Barbs|[of] p1a: Ferrothorn
|move|p1a: Ferrothorn|Leech Seed|p2a: Dracozolt
|-start|p2a: Dracozolt|move: Leech Seed
|
|-heal|p2a: Dracozolt|82/100|[from] item: Leftovers
|-damage|p2a: Dracozolt|69/100|[from] Leech Seed|[of] p1a: Ferrothorn
|-heal|p1a: Ferrothorn|42/100|[silent]
|upkeep
|turn|11
|
|switch|p1a: Rotom|Rotom-Mow|67/100
|-damage|p1a: Rotom|55/100|[from] Stealth Rock
|move|p2a: Dracozolt|Fire Fang|p1a: Rotom
|-supereffective|p1a: Rotom
|-damage|p1a: Rotom|0 fnt
|faint|p1a: Rotom
|
|-heal|p2a: Dracozolt|76/100|[from] item: Leftovers
|upkeep
|
|switch|p1a: Excadrill|Excadrill, M|100/100
|-damage|p1a: Excadrill|84/100|[from] Spikes
|-damage|p1a: Excadrill|81/100|[from] Stealth Rock
|-ability|p1a: Excadrill|Mold Breaker
|turn|12
|
|move|p1a: Excadrill|Earthquake|p2a: Dracozolt
|-supereffective|p2a: Dracozolt
|-damage|p2a: Dracozolt|0 fnt
|faint|p2a: Dracozolt
|
|upkeep
|
|switch|p2a: Excadrill|Excadrill, M|100/100
|-damage|p2a: Excadrill|97/100|[from] Stealth Rock
|-ability|p2a: Excadrill|Mold Breaker
|-item|p2a: Excadrill|Air Balloon
|turn|13
|
|move|p2a: Excadrill|Earthquake|p1a: Excadrill
|-supereffective|p1a: Excadrill
|-damage|p1a: Excadrill|0 fnt
|faint|p1a: Excadrill
|
|upkeep
|
|switch|p1a: Dragapult|Dragapult, M|71/100
|-damage|p1a: Dragapult|55/100|[from] Spikes
|-damage|p1a: Dragapult|42/100|[from] Stealth Rock
|turn|14
|
|move|p1a: Dragapult|Fire Blast|p2a: Excadrill
|-supereffective|p2a: Excadrill
|-damage|p2a: Excadrill|11/100
|-enditem|p2a: Excadrill|Air Balloon
|move|p2a: Excadrill|Earthquake|p1a: Dragapult
|-damage|p1a: Dragapult|0 fnt
|faint|p1a: Dragapult
|
|upkeep
|
|switch|p1a: Ferrothorn|Ferrothorn, F|42/100
|-damage|p1a: Ferrothorn|36/100|[from] Stealth Rock
|-damage|p1a: Ferrothorn|19/100|[from] Spikes
|turn|15
|-message|peachwavy forfeited.
|
|win|seanisghey
|l|☆peachwavy
|raw|peachwavy's rating: 1509 → 1485(-24 for losing)
|raw|seanisghey's rating: 1427 → 1452(+25 for winning)
