|ScrapeTime|2020-01-01-16:14:57
|j|☆Last Rank
|j|☆Anthony scoot
|player|p1|Last Rank|aetherfoundation|1387
|player|p2|Anthony scoot|7|1366
|teamsize|p1|6
|teamsize|p2|6
|gametype|singles
|gen|8
|tier|[Gen 8] OU
|rated|
|rule|Sleep Clause Mod: Limit one foe put to sleep
|rule|Species Clause: Limit one of each Pokémon
|rule|OHKO Clause: OHKO moves are banned
|rule|Evasion Moves Clause: Evasion moves are banned
|rule|Endless Battle Clause: Forcing endless battles is banned
|rule|HP Percentage Mod: HP is shown in percentages
|clearpoke
|poke|p1|Cloyster, M|
|poke|p1|Dracovish|
|poke|p1|Rotom-Mow|
|poke|p1|Clefable, M|
|poke|p1|Conkeldurr, F|
|poke|p1|Cinderace, M|
|poke|p2|Toxtricity, F|
|poke|p2|Dracovish|
|poke|p2|Cinderace, M|
|poke|p2|Kommo-o, F|
|poke|p2|Seismitoad, M|
|poke|p2|Corviknight, F|
|rule|Dynamax Clause: You cannot dynamax
|teampreview
|inactive|Battle timer is ON: inactive players will automatically lose when time's up. (requested by Anthony scoot)
|
|start
|switch|p1a: Rotom|Rotom-Mow|100/100
|switch|p2a: Toxtricity|Toxtricity, F|100/100
|turn|1
|
|move|p1a: Rotom|Volt Switch|p2a: Toxtricity
|-resisted|p2a: Toxtricity
|-crit|p2a: Toxtricity
|-damage|p2a: Toxtricity|63/100
|
|switch|p1a: Conkeldurr|Conkeldurr, F|100/100|[from]move: Volt Switch
|move|p2a: Toxtricity|Sludge Wave|p1a: Conkeldurr
|-damage|p1a: Conkeldurr|40/100
|
|-heal|p1a: Conkeldurr|46/100|[from] item: Leftovers
|upkeep
|turn|2
|
|move|p1a: Conkeldurr|Mach Punch|p2a: Toxtricity
|-resisted|p2a: Toxtricity
|-damage|p2a: Toxtricity|46/100
|move|p2a: Toxtricity|Sludge Wave|p1a: Conkeldurr
|-damage|p1a: Conkeldurr|0 fnt
|faint|p1a: Conkeldurr
|
|upkeep
|
|switch|p1a: Cinderace|Cinderace, M|100/100
|turn|3
|
|move|p2a: Toxtricity|Sludge Wave|p1a: Cinderace
|-damage|p1a: Cinderace|23/100
|move|p1a: Cinderace|Pyro Ball|p2a: Toxtricity
|-damage|p2a: Toxtricity|0 fnt
|faint|p2a: Toxtricity
|
|upkeep
|
|switch|p2a: Kommo-o|Kommo-o, F|100/100
|turn|4
|
|switch|p2a: Dracovish|Dracovish|100/100
|move|p1a: Cinderace|U-turn|p2a: Dracovish
|-damage|p2a: Dracovish|75/100
|
|switch|p1a: Rotom|Rotom-Mow|100/100|[from]move: U-turn
|
|upkeep
|turn|5
|
|switch|p2a: Seismitoad|Seismitoad, M|100/100
|move|p1a: Rotom|Leaf Storm|p2a: Seismitoad
|-supereffective|p2a: Seismitoad
|-damage|p2a: Seismitoad|0 fnt
|-unboost|p1a: Rotom|spa|2
|faint|p2a: Seismitoad
|
|upkeep
|
|switch|p2a: Cinderace|Cinderace, M|100/100
|turn|6
|
|switch|p1a: Dracovish|Dracovish|100/100
|move|p2a: Cinderace|Pyro Ball|p1a: Dracovish
|-resisted|p1a: Dracovish
|-damage|p1a: Dracovish|86/100
|
|upkeep
|turn|7
|
|move|p1a: Dracovish|Fishious Rend|p2a: Cinderace
|-supereffective|p2a: Cinderace
|-damage|p2a: Cinderace|0 fnt
|faint|p2a: Cinderace
|
|upkeep
|
|switch|p2a: Kommo-o|Kommo-o, F|100/100
|turn|8
|
|switch|p1a: Clefable|Clefable, M|100/100
|move|p2a: Kommo-o|Clangorous Soul|p2a: Kommo-o
|-boost|p2a: Kommo-o|atk|1
|-boost|p2a: Kommo-o|def|1
|-boost|p2a: Kommo-o|spa|1
|-boost|p2a: Kommo-o|spd|1
|-boost|p2a: Kommo-o|spe|1
|-damage|p2a: Kommo-o|67/100
|
|upkeep
|turn|9
|
|move|p2a: Kommo-o|Clangorous Soul|p2a: Kommo-o
|-boost|p2a: Kommo-o|atk|1
|-boost|p2a: Kommo-o|def|1
|-boost|p2a: Kommo-o|spa|1
|-boost|p2a: Kommo-o|spd|1
|-boost|p2a: Kommo-o|spe|1
|-damage|p2a: Kommo-o|34/100
|-enditem|p2a: Kommo-o|Sitrus Berry|[eat]
|-heal|p2a: Kommo-o|59/100|[from] item: Sitrus Berry
|move|p1a: Clefable|Moonblast|p2a: Kommo-o
|-supereffective|p2a: Kommo-o
|-damage|p2a: Kommo-o|0 fnt
|faint|p2a: Kommo-o
|
|upkeep
|
|switch|p2a: Corviknight|Corviknight, F|100/100
|-ability|p2a: Corviknight|Pressure
|turn|10
|
|move|p1a: Clefable|Flamethrower|p2a: Corviknight
|-supereffective|p2a: Corviknight
|-damage|p2a: Corviknight|26/100
|move|p2a: Corviknight|Iron Defense|p2a: Corviknight
|-boost|p2a: Corviknight|def|2
|
|upkeep
|turn|11
|l|☆Anthony scoot
|inactive|Anthony scoot disconnected and has a minute to reconnect!
|player|p2|
|inactive|Last Rank has 120 seconds left.
|inactive|Anthony scoot has 30 seconds to reconnect!
|inactive|Anthony scoot has 20 seconds to reconnect!
|inactive|Anthony scoot has 15 seconds to reconnect!
|inactive|Anthony scoot has 10 seconds to reconnect!
|inactive|Anthony scoot has 5 seconds to reconnect!
|-message|Anthony scoot lost due to inactivity.
|
|win|Last Rank
|raw|Last Rank's rating: 1387 → 1405(+18 for winning)
|raw|Anthony scoot's rating: 1366 → 1347(-19 for losing)
