|ScrapeTime|2020-01-02-15:05:26
|j|☆Horst8910
|j|☆trox995
|player|p1|Horst8910|169|1335
|player|p2|trox995|colress|1394
|teamsize|p1|6
|teamsize|p2|6
|gametype|singles
|gen|8
|tier|[Gen 8] OU
|rated|
|rule|Sleep Clause Mod: Limit one foe put to sleep
|rule|Species Clause: Limit one of each Pokémon
|rule|OHKO Clause: OHKO moves are banned
|rule|Evasion Moves Clause: Evasion moves are banned
|rule|Endless Battle Clause: Forcing endless battles is banned
|rule|HP Percentage Mod: HP is shown in percentages
|clearpoke
|poke|p1|Excadrill, F|
|poke|p1|Tyranitar, M|
|poke|p1|Ferrothorn, F|
|poke|p1|Rotom-Wash|
|poke|p1|Aegislash, F|
|poke|p1|Gastrodon, F|
|poke|p2|Dragapult, M|
|poke|p2|Bisharp, M|
|poke|p2|Conkeldurr, M|
|poke|p2|Hydreigon, F|
|poke|p2|Aegislash, M|
|poke|p2|Excadrill, M|
|rule|Dynamax Clause: You cannot dynamax
|teampreview
|
|start
|switch|p1a: Ferrothorn|Ferrothorn, F|100/100
|switch|p2a: Drill|Excadrill, M|100/100
|-ability|p2a: Drill|Mold Breaker
|turn|1
|inactive|Battle timer is ON: inactive players will automatically lose when time's up. (requested by Horst8910)
|
|move|p2a: Drill|Stealth Rock|p1a: Ferrothorn
|-sidestart|p1: Horst8910|move: Stealth Rock
|move|p1a: Ferrothorn|Spikes|p2a: Drill
|-sidestart|p2: trox995|Spikes
|
|upkeep
|turn|2
|
|move|p2a: Drill|Earthquake|p1a: Ferrothorn
|-damage|p1a: Ferrothorn|72/100
|move|p1a: Ferrothorn|Power Whip|p2a: Drill
|-crit|p2a: Drill
|-damage|p2a: Drill|11/100
|
|-heal|p1a: Ferrothorn|78/100|[from] item: Leftovers
|upkeep
|turn|3
|
|move|p2a: Drill|Rapid Spin|p1a: Ferrothorn
|-resisted|p1a: Ferrothorn
|-damage|p1a: Ferrothorn|73/100
|-damage|p2a: Drill|0 fnt|[from] ability: Iron Barbs|[of] p1a: Ferrothorn
|faint|p2a: Drill
|move|p1a: Ferrothorn|Spikes|p2: Drill
|-sidestart|p2: trox995|Spikes
|
|-heal|p1a: Ferrothorn|79/100|[from] item: Leftovers
|upkeep
|c|☆trox995|Why weren't the spikes removed ?
|
|switch|p2a: Conkeldurr|Conkeldurr, M|100/100
|-damage|p2a: Conkeldurr|84/100|[from] Spikes
|turn|4
|
|move|p1a: Ferrothorn|Protect|p1a: Ferrothorn
|-singleturn|p1a: Ferrothorn|Protect
|move|p2a: Conkeldurr|Earthquake|p1a: Ferrothorn
|-activate|p1a: Ferrothorn|move: Protect
|
|-heal|p1a: Ferrothorn|85/100|[from] item: Leftovers
|-status|p2a: Conkeldurr|brn|[from] item: Flame Orb
|upkeep
|turn|5
|
|move|p2a: Conkeldurr|Earthquake|p1a: Ferrothorn
|-damage|p1a: Ferrothorn|52/100
|move|p1a: Ferrothorn|Power Whip|p2a: Conkeldurr
|-damage|p2a: Conkeldurr|52/100 brn
|
|-heal|p1a: Ferrothorn|59/100|[from] item: Leftovers
|-damage|p2a: Conkeldurr|46/100 brn|[from] brn
|upkeep
|turn|6
|
|move|p1a: Ferrothorn|Protect|p1a: Ferrothorn
|-singleturn|p1a: Ferrothorn|Protect
|move|p2a: Conkeldurr|Drain Punch|p1a: Ferrothorn
|-activate|p1a: Ferrothorn|move: Protect
|
|-heal|p1a: Ferrothorn|65/100|[from] item: Leftovers
|-damage|p2a: Conkeldurr|40/100 brn|[from] brn
|upkeep
|turn|7
|
|switch|p1a: Aegislash|Aegislash, F|100/100
|-damage|p1a: Aegislash|94/100|[from] Stealth Rock
|move|p2a: Conkeldurr|Drain Punch|p1a: Aegislash
|-immune|p1a: Aegislash
|
|-heal|p1a: Aegislash|100/100|[from] item: Leftovers
|-damage|p2a: Conkeldurr|34/100 brn|[from] brn
|upkeep
|turn|8
|
|move|p1a: Aegislash|King's Shield|p1a: Aegislash
|-singleturn|p1a: Aegislash|Protect
|move|p2a: Conkeldurr|Earthquake|p1a: Aegislash
|-activate|p1a: Aegislash|move: Protect
|
|-damage|p2a: Conkeldurr|28/100 brn|[from] brn
|upkeep
|turn|9
|
|-formechange|p1a: Aegislash|Aegislash-Blade||[from] ability: Stance Change
|move|p1a: Aegislash|Shadow Ball|p2a: Conkeldurr
|-damage|p2a: Conkeldurr|0 fnt
|faint|p2a: Conkeldurr
|
|upkeep
|
|switch|p2a: Cutting Edge|Bisharp, M|100/100
|-damage|p2a: Cutting Edge|84/100|[from] Spikes
|turn|10
|
|-formechange|p1a: Aegislash|Aegislash||[from] ability: Stance Change
|move|p1a: Aegislash|King's Shield|p1a: Aegislash
|-singleturn|p1a: Aegislash|Protect
|move|p2a: Cutting Edge|Swords Dance|p2a: Cutting Edge
|-boost|p2a: Cutting Edge|atk|2
|
|upkeep
|turn|11
|
|move|p2a: Cutting Edge|Throat Chop|p1a: Aegislash
|-supereffective|p1a: Aegislash
|-damage|p1a: Aegislash|0 fnt
|faint|p1a: Aegislash
|
|upkeep
|
|switch|p1a: Excadrill|Excadrill, F|100/100
|-damage|p1a: Excadrill|97/100|[from] Stealth Rock
|turn|12
|
|move|p2a: Cutting Edge|Sucker Punch|p1a: Excadrill
|-damage|p1a: Excadrill|0 fnt
|faint|p1a: Excadrill
|
|upkeep
|
|switch|p1a: Gastrodon|Gastrodon, F|100/100
|-damage|p1a: Gastrodon|94/100|[from] Stealth Rock
|turn|13
|
|move|p2a: Cutting Edge|Throat Chop|p1a: Gastrodon
|-damage|p1a: Gastrodon|12/100
|-start|p1a: Gastrodon|Throat Chop|[silent]
|move|p1a: Gastrodon|Scald|p2a: Cutting Edge
|-damage|p2a: Cutting Edge|40/100
|
|-heal|p1a: Gastrodon|19/100|[from] item: Leftovers
|upkeep
|turn|14
|
|move|p2a: Cutting Edge|Throat Chop|p1a: Gastrodon
|-damage|p1a: Gastrodon|0 fnt
|faint|p1a: Gastrodon
|
|upkeep
|
|switch|p1a: Rotom|Rotom-Wash|100/100
|-damage|p1a: Rotom|88/100|[from] Stealth Rock
|turn|15
|
|move|p2a: Cutting Edge|Throat Chop|p1a: Rotom
|-crit|p1a: Rotom
|-damage|p1a: Rotom|0 fnt
|faint|p1a: Rotom
|
|upkeep
|-message|Horst8910 forfeited.
|
|win|trox995
|l|☆Horst8910
