|ScrapeTime|2020-01-02-23:21:53
|j|☆ADM02
|j|☆SofiaHdzMeldendez
|player|p1|ADM02|170|1562
|player|p2|SofiaHdzMeldendez|elesa|1570
|teamsize|p1|6
|teamsize|p2|6
|gametype|singles
|gen|8
|tier|[Gen 8] OU
|rated|
|rule|Sleep Clause Mod: Limit one foe put to sleep
|rule|Species Clause: Limit one of each Pokémon
|rule|OHKO Clause: OHKO moves are banned
|rule|Evasion Moves Clause: Evasion moves are banned
|rule|Endless Battle Clause: Forcing endless battles is banned
|rule|HP Percentage Mod: HP is shown in percentages
|clearpoke
|poke|p1|Weezing-Galar, M|
|poke|p1|Roserade, F|
|poke|p1|Excadrill, F|
|poke|p1|Togekiss, F|
|poke|p1|Dracovish|
|poke|p1|Tyranitar, M|
|poke|p2|Bisharp, M|
|poke|p2|Conkeldurr, M|
|poke|p2|Centiskorch, M|
|poke|p2|Dragapult, M|
|poke|p2|Seismitoad, M|
|poke|p2|Mandibuzz, F|
|rule|Dynamax Clause: You cannot dynamax
|teampreview
|inactive|Battle timer is ON: inactive players will automatically lose when time's up. (requested by ADM02)
|
|start
|switch|p1a: Dracovish|Dracovish|100/100
|switch|p2a: Centiskorch|Centiskorch, M|100/100
|turn|1
|
|switch|p2a: Seismitoad|Seismitoad, M|100/100
|move|p1a: Dracovish|Fishious Rend|p2a: Seismitoad
|-immune|p2a: Seismitoad|[from] ability: Water Absorb
|
|upkeep
|turn|2
|
|switch|p1a: Roserade|Roserade, F|100/100
|switch|p2a: Centiskorch|Centiskorch, M|100/100
|
|upkeep
|turn|3
|
|switch|p1a: Dracovish|Dracovish|100/100
|move|p2a: Centiskorch|Fire Lash|p1a: Dracovish
|-resisted|p1a: Dracovish
|-damage|p1a: Dracovish|91/100
|-unboost|p1a: Dracovish|def|1
|
|upkeep
|turn|4
|
|move|p2a: Centiskorch|Leech Life|p1a: Dracovish
|-damage|p1a: Dracovish|29/100
|move|p1a: Dracovish|Crunch|p2a: Centiskorch
|-damage|p2a: Centiskorch|27/100
|
|upkeep
|turn|5
|
|switch|p1a: Togekiss|Togekiss, F|100/100
|move|p2a: Centiskorch|Fire Lash|p1a: Togekiss
|-damage|p1a: Togekiss|62/100
|-damage|p2a: Centiskorch|10/100|[from] item: Rocky Helmet|[of] p1a: Togekiss
|-unboost|p1a: Togekiss|def|1
|
|upkeep
|turn|6
|
|move|p1a: Togekiss|Air Slash|p2a: Centiskorch|[miss]
|-miss|p1a: Togekiss|p2a: Centiskorch
|move|p2a: Centiskorch|Fire Lash|p1a: Togekiss
|-damage|p1a: Togekiss|9/100
|-damage|p2a: Centiskorch|0 fnt|[from] item: Rocky Helmet|[of] p1a: Togekiss
|-unboost|p1a: Togekiss|def|1
|faint|p2a: Centiskorch
|
|upkeep
|
|switch|p2a: Conkeldurr|Conkeldurr, M|100/100
|turn|7
|
|move|p2a: Conkeldurr|Mach Punch|p1a: Togekiss
|-resisted|p1a: Togekiss
|-damage|p1a: Togekiss|0 fnt
|-damage|p2a: Conkeldurr|84/100|[from] item: Rocky Helmet|[of] p1a: Togekiss
|faint|p1a: Togekiss
|
|-status|p2a: Conkeldurr|brn|[from] item: Flame Orb
|upkeep
|
|switch|p1a: Dracovish|Dracovish|29/100
|turn|8
|
|switch|p1a: Roserade|Roserade, F|100/100
|move|p2a: Conkeldurr|Mach Punch|p1a: Roserade
|-resisted|p1a: Roserade
|-damage|p1a: Roserade|72/100
|
|-heal|p1a: Roserade|78/100|[from] item: Black Sludge
|-damage|p2a: Conkeldurr|78/100 brn|[from] brn
|upkeep
|turn|9
|
|switch|p1a: Weezing|Weezing-Galar, M|100/100
|switch|p2a: Bisharp|Bisharp, M|100/100
|
|upkeep
|turn|10
|
|move|p2a: Bisharp|Iron Head|p1a: Weezing
|-supereffective|p1a: Weezing
|-damage|p1a: Weezing|38/100
|cant|p1a: Weezing|flinch
|
|-heal|p1a: Weezing|44/100|[from] item: Black Sludge
|upkeep
|turn|11
|
|move|p2a: Bisharp|Iron Head|p1a: Weezing
|-supereffective|p1a: Weezing
|-damage|p1a: Weezing|0 fnt
|faint|p1a: Weezing
|
|upkeep
|
|switch|p1a: Excadrill|Excadrill, F|100/100
|-ability|p1a: Excadrill|Mold Breaker
|turn|12
|-message|ADM02 forfeited.
|
|win|SofiaHdzMeldendez
|l|☆ADM02
|raw|ADM02's rating: 1538 → 1520(-18 for losing)
|raw|SofiaHdzMeldendez's rating: 1570 → 1588(+18 for winning)
