|ScrapeTime|2020-01-03-00:26:29
|j|☆Stefbryant24
|j|☆kidusrox
|player|p1|Stefbryant24|unknown|1643
|player|p2|kidusrox|steven|1602
|teamsize|p1|6
|teamsize|p2|6
|gametype|singles
|gen|8
|tier|[Gen 8] OU
|rated|
|rule|Sleep Clause Mod: Limit one foe put to sleep
|rule|Species Clause: Limit one of each Pokémon
|rule|OHKO Clause: OHKO moves are banned
|rule|Evasion Moves Clause: Evasion moves are banned
|rule|Endless Battle Clause: Forcing endless battles is banned
|rule|HP Percentage Mod: HP is shown in percentages
|clearpoke
|poke|p1|Togekiss, M|
|poke|p1|Seismitoad, M|
|poke|p1|Dragapult, M|
|poke|p1|Tyranitar, F|
|poke|p1|Rotom-Heat|
|poke|p1|Corviknight, F|
|poke|p2|Cinderace, F|
|poke|p2|Grimmsnarl, M|
|poke|p2|Excadrill, F|
|poke|p2|Golisopod, F|
|poke|p2|Dragapult, M|
|poke|p2|Hydreigon, F|
|rule|Dynamax Clause: You cannot dynamax
|teampreview
|j| timo_supremo
|c|☆kidusrox|uh oh
|c|☆Stefbryant24|yeeerrrrr
|c|☆kidusrox|it's the gawd
|c|☆Stefbryant24|the gawd is back
|c|☆Stefbryant24|hf
|c| timo_supremo|yup he's back
|c|☆kidusrox|hf
|
|start
|switch|p1a: Corviknight|Corviknight, F|100/100
|switch|p2a: Excadrill|Excadrill, F|100/100
|-ability|p2a: Excadrill|Mold Breaker
|-ability|p1a: Corviknight|Pressure
|turn|1
|
|switch|p2a: Golisopod|Golisopod, F|100/100
|move|p1a: Corviknight|U-turn|p2a: Golisopod
|-damage|p2a: Golisopod|89/100
|-damage|p1a: Corviknight|84/100|[from] item: Rocky Helmet|[of] p2a: Golisopod
|
|switch|p1a: AHSAN219|Togekiss, M|100/100|[from]move: U-turn
|
|upkeep
|turn|2
|c| timo_supremo|hf gl
|
|move|p1a: AHSAN219|Air Slash|p2a: Golisopod
|-supereffective|p2a: Golisopod
|-damage|p2a: Golisopod|0 fnt
|faint|p2a: Golisopod
|
|upkeep
|
|switch|p2a: Excadrill|Excadrill, F|100/100
|-ability|p2a: Excadrill|Mold Breaker
|turn|3
|
|switch|p1a: Corviknight|Corviknight, F|84/100
|-ability|p1a: Corviknight|Pressure
|move|p2a: Excadrill|Stealth Rock|p1a: Corviknight
|-sidestart|p1: Stefbryant24|move: Stealth Rock
|
|-heal|p1a: Corviknight|90/100|[from] item: Leftovers
|upkeep
|turn|4
|
|switch|p2a: Cinderace|Cinderace, F|100/100
|move|p1a: Corviknight|Defog|p2a: Cinderace
|-unboost|p2a: Cinderace|evasion|1
|-sideend|p1: Stefbryant24|Stealth Rock|[from] move: Defog|[of] p1a: Corviknight
|
|-heal|p1a: Corviknight|96/100|[from] item: Leftovers
|upkeep
|turn|5
|
|switch|p1a: Seismitoad|Seismitoad, M|100/100
|move|p2a: Cinderace|Pyro Ball|p1a: Seismitoad
|-resisted|p1a: Seismitoad
|-damage|p1a: Seismitoad|67/100
|-damage|p2a: Cinderace|91/100|[from] item: Life Orb
|
|-heal|p1a: Seismitoad|73/100|[from] item: Leftovers
|upkeep
|turn|6
|
|switch|p2a: Hydreigon|Hydreigon, F|100/100
|move|p1a: Seismitoad|Toxic|p2a: Hydreigon
|-status|p2a: Hydreigon|tox
|
|-heal|p1a: Seismitoad|79/100|[from] item: Leftovers
|-damage|p2a: Hydreigon|94/100 tox|[from] psn
|upkeep
|turn|7
|
|switch|p1a: Tyranitar|Tyranitar, F|100/100
|-weather|Sandstorm|[from] ability: Sand Stream|[of] p1a: Tyranitar
|move|p2a: Hydreigon|Nasty Plot|p2a: Hydreigon
|-boost|p2a: Hydreigon|spa|2
|
|-weather|Sandstorm|[upkeep]
|-damage|p2a: Hydreigon|88/100 tox|[from] Sandstorm
|-heal|p2a: Hydreigon|94/100 tox|[from] item: Leftovers
|-damage|p2a: Hydreigon|82/100 tox|[from] psn
|upkeep
|turn|8
|
|switch|p2a: Excadrill|Excadrill, F|100/100
|-ability|p2a: Excadrill|Mold Breaker
|switch|p1a: Rotom|Rotom-Heat|100/100
|
|-weather|Sandstorm|[upkeep]
|-damage|p1a: Rotom|94/100|[from] Sandstorm
|upkeep
|turn|9
|
|switch|p1a: Corviknight|Corviknight, F|96/100
|-ability|p1a: Corviknight|Pressure
|move|p2a: Excadrill|Earthquake|p1a: Corviknight
|-immune|p1a: Corviknight
|
|-weather|Sandstorm|[upkeep]
|-heal|p1a: Corviknight|100/100|[from] item: Leftovers
|upkeep
|turn|10
|
|move|p2a: Excadrill|Stealth Rock|p1a: Corviknight
|-sidestart|p1: Stefbryant24|move: Stealth Rock
|move|p1a: Corviknight|U-turn|p2a: Excadrill
|-resisted|p2a: Excadrill
|-crit|p2a: Excadrill
|-damage|p2a: Excadrill|86/100
|
|switch|p1a: Seismitoad|Seismitoad, M|79/100|[from]move: U-turn
|-damage|p1a: Seismitoad|73/100|[from] Stealth Rock
|
|-weather|Sandstorm|[upkeep]
|-heal|p1a: Seismitoad|79/100|[from] item: Leftovers
|upkeep
|turn|11
|
|move|p2a: Excadrill|Earthquake|p1a: Seismitoad
|-damage|p1a: Seismitoad|32/100
|move|p1a: Seismitoad|Stealth Rock|p2a: Excadrill
|-sidestart|p2: kidusrox|move: Stealth Rock
|
|-weather|none
|-heal|p1a: Seismitoad|38/100|[from] item: Leftovers
|upkeep
|turn|12
|
|switch|p1a: Corviknight|Corviknight, F|100/100
|-damage|p1a: Corviknight|88/100|[from] Stealth Rock
|-ability|p1a: Corviknight|Pressure
|move|p2a: Excadrill|Earthquake|p1a: Corviknight
|-immune|p1a: Corviknight
|
|-heal|p1a: Corviknight|94/100|[from] item: Leftovers
|upkeep
|turn|13
|
|switch|p2a: Hydreigon|Hydreigon, F|82/100 tox
|-damage|p2a: Hydreigon|70/100 tox|[from] Stealth Rock
|move|p1a: Corviknight|Iron Head|p2a: Hydreigon
|-damage|p2a: Hydreigon|44/100 tox
|
|-heal|p2a: Hydreigon|50/100 tox|[from] item: Leftovers
|-heal|p1a: Corviknight|99/100|[from] item: Leftovers
|-damage|p2a: Hydreigon|44/100 tox|[from] psn
|upkeep
|turn|14
|
|move|p2a: Hydreigon|Dark Pulse|p1a: Corviknight
|-damage|p1a: Corviknight|66/100
|move|p1a: Corviknight|U-turn|p2a: Hydreigon
|-supereffective|p2a: Hydreigon
|-damage|p2a: Hydreigon|11/100 tox
|
|switch|p1a: Tyranitar|Tyranitar, F|100/100|[from]move: U-turn
|-damage|p1a: Tyranitar|88/100|[from] Stealth Rock
|-weather|Sandstorm|[from] ability: Sand Stream|[of] p1a: Tyranitar
|
|-weather|Sandstorm|[upkeep]
|-damage|p2a: Hydreigon|5/100 tox|[from] Sandstorm
|-heal|p2a: Hydreigon|11/100 tox|[from] item: Leftovers
|-heal|p1a: Tyranitar|94/100|[from] item: Leftovers
|-damage|p2a: Hydreigon|0 fnt|[from] psn
|faint|p2a: Hydreigon
|upkeep
|
|switch|p2a: Cinderace|Cinderace, F|91/100
|-damage|p2a: Cinderace|66/100|[from] Stealth Rock
|turn|15
|
|switch|p1a: Dragapult|Dragapult, M|100/100
|-damage|p1a: Dragapult|88/100|[from] Stealth Rock
|move|p2a: Cinderace|Pyro Ball|p1a: Dragapult
|-resisted|p1a: Dragapult
|-damage|p1a: Dragapult|38/100
|-damage|p2a: Cinderace|56/100|[from] item: Life Orb
|
|-weather|Sandstorm|[upkeep]
|-damage|p1a: Dragapult|32/100|[from] Sandstorm
|-damage|p2a: Cinderace|50/100|[from] Sandstorm
|upkeep
|turn|16
|
|move|p1a: Dragapult|Sucker Punch|p2a: Cinderace
|-damage|p2a: Cinderace|3/100
|move|p2a: Cinderace|Sucker Punch||[still]
|-fail|p2a: Cinderace
|
|-weather|Sandstorm|[upkeep]
|-damage|p1a: Dragapult|26/100|[from] Sandstorm
|-damage|p2a: Cinderace|0 fnt|[from] Sandstorm
|faint|p2a: Cinderace
|upkeep
|
|switch|p2a: Grimmsnarl|Grimmsnarl, M|100/100
|-damage|p2a: Grimmsnarl|88/100|[from] Stealth Rock
|turn|17
|
|switch|p1a: Corviknight|Corviknight, F|66/100
|-damage|p1a: Corviknight|54/100|[from] Stealth Rock
|-ability|p1a: Corviknight|Pressure
|move|p2a: Grimmsnarl|Bulk Up|p2a: Grimmsnarl
|-boost|p2a: Grimmsnarl|atk|1
|-boost|p2a: Grimmsnarl|def|1
|
|-weather|Sandstorm|[upkeep]
|-damage|p2a: Grimmsnarl|82/100|[from] Sandstorm
|-heal|p1a: Corviknight|60/100|[from] item: Leftovers
|upkeep
|turn|18
|
|move|p1a: Corviknight|Iron Head|p2a: Grimmsnarl
|-supereffective|p2a: Grimmsnarl
|-damage|p2a: Grimmsnarl|38/100
|move|p2a: Grimmsnarl|Darkest Lariat|p1a: Corviknight
|-damage|p1a: Corviknight|0 fnt
|faint|p1a: Corviknight
|
|-weather|none
|upkeep
|
|switch|p1a: AHSAN219|Togekiss, M|100/100
|-damage|p1a: AHSAN219|76/100|[from] Stealth Rock
|turn|19
|
|move|p1a: AHSAN219|Air Slash|p2a: Grimmsnarl
|-damage|p2a: Grimmsnarl|0 fnt
|faint|p2a: Grimmsnarl
|
|upkeep
|
|switch|p2a: Dragapult|Dragapult, M|100/100
|-damage|p2a: Dragapult|88/100|[from] Stealth Rock
|turn|20
|
|move|p2a: Dragapult|Shadow Ball|p1a: AHSAN219
|-damage|p1a: AHSAN219|26/100
|move|p1a: AHSAN219|Air Slash|p2a: Dragapult
|-damage|p2a: Dragapult|12/100
|
|upkeep
|turn|21
|
|switch|p1a: Tyranitar|Tyranitar, F|94/100
|-damage|p1a: Tyranitar|82/100|[from] Stealth Rock
|-weather|Sandstorm|[from] ability: Sand Stream|[of] p1a: Tyranitar
|move|p2a: Dragapult|Shadow Ball|p1a: Tyranitar
|-resisted|p1a: Tyranitar
|-crit|p1a: Tyranitar
|-damage|p1a: Tyranitar|57/100
|-unboost|p1a: Tyranitar|spd|1
|
|-weather|Sandstorm|[upkeep]
|-damage|p2a: Dragapult|6/100|[from] Sandstorm
|-heal|p1a: Tyranitar|64/100|[from] item: Leftovers
|upkeep
|turn|22
|
|switch|p2a: Excadrill|Excadrill, F|86/100
|-damage|p2a: Excadrill|82/100|[from] Stealth Rock
|-ability|p2a: Excadrill|Mold Breaker
|move|p1a: Tyranitar|Dragon Dance|p1a: Tyranitar
|-boost|p1a: Tyranitar|atk|1
|-boost|p1a: Tyranitar|spe|1
|
|-weather|Sandstorm|[upkeep]
|-heal|p1a: Tyranitar|70/100|[from] item: Leftovers
|upkeep
|turn|23
|
|move|p1a: Tyranitar|Fire Punch|p2a: Excadrill
|-supereffective|p2a: Excadrill
|-damage|p2a: Excadrill|0 fnt
|faint|p2a: Excadrill
|
|-weather|Sandstorm|[upkeep]
|-heal|p1a: Tyranitar|76/100|[from] item: Leftovers
|upkeep
|c|☆kidusrox|gg
|c|☆Stefbryant24|gg
|
|switch|p2a: Dragapult|Dragapult, M|6/100
|-damage|p2a: Dragapult|0 fnt|[from] Stealth Rock
|faint|p2a: Dragapult
|
|win|Stefbryant24
