|ScrapeTime|2020-01-01-23:22:36
|j|☆PaperToadster
|j|☆KonoRipperDa
|player|p1|PaperToadster|206|1203
|player|p2|KonoRipperDa|bugcatcher|1221
|teamsize|p1|6
|teamsize|p2|6
|gametype|singles
|gen|8
|tier|[Gen 8] OU
|rated|
|rule|Sleep Clause Mod: Limit one foe put to sleep
|rule|Species Clause: Limit one of each Pokémon
|rule|OHKO Clause: OHKO moves are banned
|rule|Evasion Moves Clause: Evasion moves are banned
|rule|Endless Battle Clause: Forcing endless battles is banned
|rule|HP Percentage Mod: HP is shown in percentages
|clearpoke
|poke|p1|Seismitoad, F|
|poke|p1|Chandelure, F|
|poke|p1|Arctozolt|
|poke|p1|Mandibuzz, F|
|poke|p1|Togekiss, M|
|poke|p1|Ferrothorn, F|
|poke|p2|Pelipper, M|
|poke|p2|Dracovish|
|poke|p2|Ferrothorn, F|
|poke|p2|Seismitoad, M|
|poke|p2|Corviknight, F|
|poke|p2|Durant, M|
|rule|Dynamax Clause: You cannot dynamax
|teampreview
|
|start
|switch|p1a: Arctozolt|Arctozolt|100/100
|switch|p2a: Pelipper|Pelipper, M|100/100
|-weather|RainDance|[from] ability: Drizzle|[of] p2a: Pelipper
|turn|1
|
|move|p1a: Arctozolt|Freeze-Dry|p2a: Pelipper
|-supereffective|p2a: Pelipper
|-damage|p2a: Pelipper|0 fnt
|-damage|p1a: Arctozolt|91/100|[from] item: Life Orb
|faint|p2a: Pelipper
|
|-weather|RainDance|[upkeep]
|upkeep
|
|switch|p2a: Dracovish|Dracovish|100/100
|turn|2
|
|switch|p1a: Seismitoad|Seismitoad, F|100/100
|move|p2a: Dracovish|Fishious Rend|p1a: Seismitoad
|-immune|p1a: Seismitoad|[from] ability: Water Absorb
|
|-weather|RainDance|[upkeep]
|upkeep
|turn|3
|
|switch|p2a: Ferrothorn|Ferrothorn, F|100/100
|move|p1a: Seismitoad|Stealth Rock|p2a: Ferrothorn
|-sidestart|p2: KonoRipperDa|move: Stealth Rock
|
|-weather|RainDance|[upkeep]
|upkeep
|turn|4
|
|switch|p1a: Togekiss|Togekiss, M|100/100
|move|p2a: Ferrothorn|Toxic|p1a: Togekiss
|-status|p1a: Togekiss|tox
|
|-weather|RainDance|[upkeep]
|-damage|p1a: Togekiss|94/100 tox|[from] psn
|upkeep
|turn|5
|
|switch|p2a: Corviknight|Corviknight, F|100/100
|-damage|p2a: Corviknight|88/100|[from] Stealth Rock
|-ability|p2a: Corviknight|Pressure
|move|p1a: Togekiss|Air Slash|p2a: Corviknight
|-resisted|p2a: Corviknight
|-damage|p2a: Corviknight|78/100
|
|-weather|RainDance|[upkeep]
|-heal|p2a: Corviknight|84/100|[from] item: Leftovers
|-damage|p1a: Togekiss|82/100 tox|[from] psn
|upkeep
|turn|6
|
|switch|p1a: Arctozolt|Arctozolt|91/100
|move|p2a: Corviknight|Iron Defense|p2a: Corviknight
|-boost|p2a: Corviknight|def|2
|
|-weather|RainDance|[upkeep]
|-heal|p2a: Corviknight|91/100|[from] item: Leftovers
|upkeep
|turn|7
|
|move|p1a: Arctozolt|Thunderbolt|p2a: Corviknight
|-supereffective|p2a: Corviknight
|-damage|p2a: Corviknight|36/100
|-damage|p1a: Arctozolt|81/100|[from] item: Life Orb
|move|p2a: Corviknight|Roost|p2a: Corviknight
|-heal|p2a: Corviknight|86/100
|-singleturn|p2a: Corviknight|move: Roost
|
|-weather|RainDance|[upkeep]
|-heal|p2a: Corviknight|92/100|[from] item: Leftovers
|upkeep
|turn|8
|
|switch|p2a: Seismitoad|Seismitoad, M|100/100
|-damage|p2a: Seismitoad|95/100|[from] Stealth Rock
|move|p1a: Arctozolt|Bolt Beak|p2a: Seismitoad
|-immune|p2a: Seismitoad
|
|-weather|none
|upkeep
|turn|9
|
|switch|p1a: Ferrothorn|Ferrothorn, F|100/100
|move|p2a: Seismitoad|Earth Power|p1a: Ferrothorn
|-damage|p1a: Ferrothorn|59/100
|-damage|p2a: Seismitoad|85/100|[from] item: Life Orb
|
|-heal|p1a: Ferrothorn|65/100|[from] item: Leftovers
|upkeep
|turn|10
|
|move|p2a: Seismitoad|Focus Blast|p1a: Ferrothorn
|-supereffective|p1a: Ferrothorn
|-crit|p1a: Ferrothorn
|-damage|p1a: Ferrothorn|0 fnt
|-damage|p2a: Seismitoad|75/100|[from] item: Life Orb
|faint|p1a: Ferrothorn
|
|upkeep
|
|switch|p1a: Chandelure|Chandelure, F|100/100
|turn|11
|
|move|p1a: Chandelure|Energy Ball|p2a: Seismitoad
|-supereffective|p2a: Seismitoad
|-damage|p2a: Seismitoad|0 fnt
|faint|p2a: Seismitoad
|
|upkeep
|
|switch|p2a: Dracovish|Dracovish|100/100
|-damage|p2a: Dracovish|88/100|[from] Stealth Rock
|turn|12
|
|switch|p1a: Seismitoad|Seismitoad, F|100/100
|switch|p2a: Ferrothorn|Ferrothorn, F|100/100
|-damage|p2a: Ferrothorn|95/100|[from] Stealth Rock
|
|upkeep
|turn|13
|
|switch|p1a: Togekiss|Togekiss, M|82/100 tox
|move|p2a: Ferrothorn|Leech Seed|p1a: Togekiss
|-start|p1a: Togekiss|move: Leech Seed
|
|-damage|p1a: Togekiss|70/100 tox|[from] Leech Seed|[of] p2a: Ferrothorn
|-heal|p2a: Ferrothorn|100/100|[silent]
|-damage|p1a: Togekiss|64/100 tox|[from] psn
|upkeep
|turn|14
|
|move|p1a: Togekiss|Thunder Wave|p2a: Ferrothorn
|-status|p2a: Ferrothorn|par
|cant|p2a: Ferrothorn|par
|
|-damage|p1a: Togekiss|51/100 tox|[from] Leech Seed|[of] p2a: Ferrothorn
|-damage|p1a: Togekiss|39/100 tox|[from] psn
|upkeep
|turn|15
|
|switch|p1a: Mandibuzz|Mandibuzz, F|100/100
|move|p2a: Ferrothorn|Spikes|p1a: Mandibuzz
|-sidestart|p1: PaperToadster|Spikes
|
|upkeep
|turn|16
|
|move|p1a: Mandibuzz|Knock Off|p2a: Ferrothorn
|-damage|p2a: Ferrothorn|84/100 par
|-damage|p1a: Mandibuzz|88/100|[from] ability: Iron Barbs|[of] p2a: Ferrothorn
|-enditem|p2a: Ferrothorn|Chople Berry|[from] move: Knock Off|[of] p1a: Mandibuzz
|move|p2a: Ferrothorn|Spikes|p1a: Mandibuzz
|-sidestart|p1: PaperToadster|Spikes
|
|upkeep
|turn|17
|
|move|p1a: Mandibuzz|Defog|p2a: Ferrothorn
|-unboost|p2a: Ferrothorn|evasion|1
|-sideend|p2: KonoRipperDa|Stealth Rock|[from] move: Defog|[of] p1a: Mandibuzz
|-sideend|p1: PaperToadster|Spikes|[from] move: Defog|[of] p1a: Mandibuzz
|move|p2a: Ferrothorn|Leech Seed|p1a: Mandibuzz|[miss]
|-miss|p2a: Ferrothorn|p1a: Mandibuzz
|
|upkeep
|turn|18
|
|move|p1a: Mandibuzz|U-turn|p2a: Ferrothorn
|-damage|p2a: Ferrothorn|77/100 par
|-damage|p1a: Mandibuzz|75/100|[from] ability: Iron Barbs|[of] p2a: Ferrothorn
|
|switch|p1a: Togekiss|Togekiss, M|39/100 tox|[from]move: U-turn
|move|p2a: Ferrothorn|Leech Seed|p1a: Togekiss
|-start|p1a: Togekiss|move: Leech Seed
|
|-damage|p1a: Togekiss|27/100 tox|[from] Leech Seed|[of] p2a: Ferrothorn
|-heal|p2a: Ferrothorn|90/100 par|[silent]
|-damage|p1a: Togekiss|21/100 tox|[from] psn
|upkeep
|turn|19
|
|move|p1a: Togekiss|Air Slash|p2a: Ferrothorn
|-damage|p2a: Ferrothorn|67/100 par
|cant|p2a: Ferrothorn|par
|
|-damage|p1a: Togekiss|8/100 tox|[from] Leech Seed|[of] p2a: Ferrothorn
|-heal|p2a: Ferrothorn|81/100 par|[silent]
|-damage|p1a: Togekiss|0 fnt|[from] psn
|faint|p1a: Togekiss
|upkeep
|
|switch|p1a: Chandelure|Chandelure, F|100/100
|turn|20
|
|switch|p2a: Corviknight|Corviknight, F|92/100
|-ability|p2a: Corviknight|Pressure
|move|p1a: Chandelure|Fire Blast|p2a: Corviknight
|-supereffective|p2a: Corviknight
|-damage|p2a: Corviknight|11/100
|
|-heal|p2a: Corviknight|18/100|[from] item: Leftovers
|upkeep
|turn|21
|
|switch|p1a: Seismitoad|Seismitoad, F|100/100
|move|p2a: Corviknight|Brave Bird|p1a: Seismitoad
|-damage|p1a: Seismitoad|73/100
|-damage|p2a: Corviknight|8/100|[from] Recoil
|
|-heal|p2a: Corviknight|15/100|[from] item: Leftovers
|upkeep
|turn|22
|
|move|p1a: Seismitoad|Scald|p2a: Corviknight
|-damage|p2a: Corviknight|0 fnt
|faint|p2a: Corviknight
|
|upkeep
|
|switch|p2a: Ferrothorn|Ferrothorn, F|81/100 par
|turn|23
|
|switch|p1a: Mandibuzz|Mandibuzz, F|75/100
|cant|p2a: Ferrothorn|par
|
|upkeep
|turn|24
|
|move|p1a: Mandibuzz|Knock Off|p2a: Ferrothorn
|-damage|p2a: Ferrothorn|70/100 par
|-damage|p1a: Mandibuzz|63/100|[from] ability: Iron Barbs|[of] p2a: Ferrothorn
|cant|p2a: Ferrothorn|par
|
|upkeep
|turn|25
|
|move|p2a: Ferrothorn|Toxic|p1a: Mandibuzz
|-status|p1a: Mandibuzz|tox
|move|p1a: Mandibuzz|Whirlwind|p2a: Ferrothorn
|drag|p2a: Dracovish|Dracovish|88/100
|
|-damage|p1a: Mandibuzz|57/100 tox|[from] psn
|upkeep
|turn|26
|
|move|p2a: Dracovish|Crunch|p1a: Mandibuzz
|-resisted|p1a: Mandibuzz
|-damage|p1a: Mandibuzz|47/100 tox
|move|p1a: Mandibuzz|Knock Off|p2a: Dracovish
|-damage|p2a: Dracovish|63/100
|-enditem|p2a: Dracovish|Choice Scarf|[from] move: Knock Off|[of] p1a: Mandibuzz
|
|-damage|p1a: Mandibuzz|35/100 tox|[from] psn
|upkeep
|turn|27
|
|move|p2a: Dracovish|Fishious Rend|p1a: Mandibuzz
|-damage|p1a: Mandibuzz|0 fnt
|faint|p1a: Mandibuzz
|
|upkeep
|
|switch|p1a: Seismitoad|Seismitoad, F|73/100
|turn|28
|
|switch|p2a: Ferrothorn|Ferrothorn, F|70/100 par
|move|p1a: Seismitoad|Stealth Rock|p2a: Ferrothorn
|-sidestart|p2: KonoRipperDa|move: Stealth Rock
|
|upkeep
|turn|29
|
|switch|p1a: Chandelure|Chandelure, F|100/100
|move|p2a: Ferrothorn|Toxic|p1a: Chandelure
|-status|p1a: Chandelure|tox
|
|-damage|p1a: Chandelure|94/100 tox|[from] psn
|upkeep
|turn|30
|
|switch|p2a: Dracovish|Dracovish|63/100
|-damage|p2a: Dracovish|51/100|[from] Stealth Rock
|move|p1a: Chandelure|Shadow Ball|p2a: Dracovish
|-damage|p2a: Dracovish|0 fnt
|faint|p2a: Dracovish
|
|-damage|p1a: Chandelure|82/100 tox|[from] psn
|upkeep
|
|switch|p2a: Durant|Durant, M|100/100
|-damage|p2a: Durant|88/100|[from] Stealth Rock
|turn|31
|
|switch|p1a: Seismitoad|Seismitoad, F|73/100
|move|p2a: Durant|Iron Head|p1a: Seismitoad
|-resisted|p1a: Seismitoad
|-damage|p1a: Seismitoad|49/100
|-damage|p2a: Durant|78/100|[from] item: Life Orb
|
|upkeep
|turn|32
|
|move|p2a: Durant|Superpower|p1a: Seismitoad
|-damage|p1a: Seismitoad|0 fnt
|-unboost|p2a: Durant|atk|1
|-unboost|p2a: Durant|def|1
|-damage|p2a: Durant|69/100|[from] item: Life Orb
|faint|p1a: Seismitoad
|
|upkeep
|
|switch|p1a: Chandelure|Chandelure, F|82/100 tox
|turn|33
|
|move|p1a: Chandelure|Fire Blast|p2a: Durant
|-supereffective|p2a: Durant
|-damage|p2a: Durant|0 fnt
|faint|p2a: Durant
|
|-damage|p1a: Chandelure|76/100 tox|[from] psn
|upkeep
|c|☆KonoRipperDa|thats scarf fuuck
|
|switch|p2a: Ferrothorn|Ferrothorn, F|70/100 par
|-damage|p2a: Ferrothorn|64/100 par|[from] Stealth Rock
|turn|34
|c|☆PaperToadster|yes, it indeed is
|
|move|p1a: Chandelure|Fire Blast|p2a: Ferrothorn
|-supereffective|p2a: Ferrothorn
|-damage|p2a: Ferrothorn|0 fnt
|faint|p2a: Ferrothorn
|
|win|PaperToadster
|c|☆KonoRipperDa|ggs
|c|☆PaperToadster|gg
|l|☆KonoRipperDa
|raw|PaperToadster's rating: 1203 → 1229(+26 for winning)
|raw|KonoRipperDa's rating: 1221 → 1195(-26 for losing)
