|ScrapeTime|2020-01-02-02:54:24
|j|☆redpotatogay
|j|☆CptZounds
|player|p1|redpotatogay|volkner|1140
|player|p2|CptZounds|17|1109
|teamsize|p1|6
|teamsize|p2|6
|gametype|singles
|gen|8
|tier|[Gen 8] OU
|rated|
|rule|Sleep Clause Mod: Limit one foe put to sleep
|rule|Species Clause: Limit one of each Pokémon
|rule|OHKO Clause: OHKO moves are banned
|rule|Evasion Moves Clause: Evasion moves are banned
|rule|Endless Battle Clause: Forcing endless battles is banned
|rule|HP Percentage Mod: HP is shown in percentages
|clearpoke
|poke|p1|Eiscue, M|
|poke|p1|Corviknight, M|
|poke|p1|Rillaboom, M|
|poke|p1|Polteageist|
|poke|p1|Drednaw, F|
|poke|p1|Duraludon, F|
|poke|p2|Hatterene, F|
|poke|p2|Centiskorch, F|
|poke|p2|Sandaconda, M|
|poke|p2|Goodra, M|
|poke|p2|Barraskewda, M|
|poke|p2|Cinccino, M|
|rule|Dynamax Clause: You cannot dynamax
|teampreview
|inactive|Battle timer is ON: inactive players will automatically lose when time's up. (requested by CptZounds)
|
|start
|switch|p1a: Rillaboom|Rillaboom, M|100/100
|switch|p2a: Albel|Cinccino, M|100/100
|turn|1
|
|move|p2a: Albel|U-turn|p1a: Rillaboom
|-supereffective|p1a: Rillaboom
|-damage|p1a: Rillaboom|63/100
|
|switch|p2a: Volvagia|Centiskorch, F|100/100|[from]move: U-turn
|move|p1a: Rillaboom|Drain Punch|p2a: Volvagia
|-resisted|p2a: Volvagia
|-damage|p2a: Volvagia|87/100
|-heal|p1a: Rillaboom|70/100|[from] drain|[of] p2a: Volvagia
|
|-heal|p1a: Rillaboom|76/100|[from] item: Leftovers
|upkeep
|turn|2
|
|switch|p1a: Drednaw|Drednaw, F|100/100
|move|p2a: Volvagia|Fire Lash|p1a: Drednaw
|-resisted|p1a: Drednaw
|-damage|p1a: Drednaw|88/100
|-unboost|p1a: Drednaw|def|1
|
|upkeep
|turn|3
|
|switch|p2a: Albel|Cinccino, M|100/100
|move|p1a: Drednaw|Rock Slide|p2a: Albel
|-damage|p2a: Albel|10/100
|
|upkeep
|turn|4
|
|move|p2a: Albel|Bullet Seed|p1a: Drednaw
|-supereffective|p1a: Drednaw
|-damage|p1a: Drednaw|39/100
|-supereffective|p1a: Drednaw
|-damage|p1a: Drednaw|0 fnt
|-hitcount|p1a: Drednaw|2
|faint|p1a: Drednaw
|
|upkeep
|
|switch|p1a: Corviknight|Corviknight, M|100/100
|turn|5
|
|move|p2a: Albel|U-turn|p1a: Corviknight
|-resisted|p1a: Corviknight
|-damage|p1a: Corviknight|98/100
|
|switch|p2a: Captain|Goodra, M|100/100|[from]move: U-turn
|move|p1a: Corviknight|Body Press|p2a: Captain
|-damage|p2a: Captain|73/100
|-ability|p2a: Captain|Gooey
|-ability|p1a: Corviknight|Mirror Armor
|-unboost|p2a: Captain|spe|1
|
|-heal|p1a: Corviknight|100/100|[from] item: Leftovers
|upkeep
|turn|6
|
|move|p1a: Corviknight|Iron Defense|p1a: Corviknight
|-boost|p1a: Corviknight|def|2
|move|p2a: Captain|Flamethrower|p1a: Corviknight
|-supereffective|p1a: Corviknight
|-damage|p1a: Corviknight|45/100
|
|-heal|p1a: Corviknight|52/100|[from] item: Leftovers
|upkeep
|turn|7
|
|move|p1a: Corviknight|Body Press|p2a: Captain
|-damage|p2a: Captain|11/100
|-ability|p2a: Captain|Gooey
|-ability|p1a: Corviknight|Mirror Armor
|-unboost|p2a: Captain|spe|1
|move|p2a: Captain|Flamethrower|p1a: Corviknight
|-supereffective|p1a: Corviknight
|-damage|p1a: Corviknight|0 fnt
|faint|p1a: Corviknight
|
|upkeep
|
|switch|p1a: Rillaboom|Rillaboom, M|76/100
|turn|8
|
|move|p1a: Rillaboom|Drain Punch|p2a: Captain
|-damage|p2a: Captain|0 fnt
|-heal|p1a: Rillaboom|82/100|[from] drain|[of] p2a: Captain
|-ability|p2a: Captain|Gooey
|-unboost|p1a: Rillaboom|spe|1
|faint|p2a: Captain
|
|-heal|p1a: Rillaboom|88/100|[from] item: Leftovers
|upkeep
|
|switch|p2a: Volvagia|Centiskorch, F|87/100
|turn|9
|
|switch|p1a: Duraludon|Duraludon, F|100/100
|move|p2a: Volvagia|Coil|p2a: Volvagia
|-boost|p2a: Volvagia|atk|1
|-boost|p2a: Volvagia|def|1
|-boost|p2a: Volvagia|accuracy|1
|
|upkeep
|turn|10
|
|move|p1a: Duraludon|Dragon Pulse|p2a: Volvagia
|-damage|p2a: Volvagia|41/100
|-damage|p1a: Duraludon|91/100|[from] item: Life Orb
|move|p2a: Volvagia|Fire Lash|p1a: Duraludon
|-damage|p1a: Duraludon|39/100
|-unboost|p1a: Duraludon|def|1
|
|upkeep
|turn|11
|
|move|p1a: Duraludon|Dragon Pulse|p2a: Volvagia
|-damage|p2a: Volvagia|0 fnt
|-damage|p1a: Duraludon|29/100|[from] item: Life Orb
|faint|p2a: Volvagia
|
|upkeep
|
|switch|p2a: Barraskewda|Barraskewda, M|100/100
|turn|12
|
|move|p1a: Duraludon|Protect|p1a: Duraludon
|-singleturn|p1a: Duraludon|Protect
|move|p2a: Barraskewda|Close Combat|p1a: Duraludon
|-activate|p1a: Duraludon|move: Protect
|
|upkeep
|turn|13
|
|switch|p2a: Albel|Cinccino, M|10/100
|switch|p1a: Rillaboom|Rillaboom, M|88/100
|
|-heal|p1a: Rillaboom|94/100|[from] item: Leftovers
|upkeep
|turn|14
|
|move|p2a: Albel|Tail Slap|p1a: Rillaboom
|-damage|p1a: Rillaboom|85/100
|-damage|p1a: Rillaboom|74/100
|-damage|p1a: Rillaboom|64/100
|-damage|p1a: Rillaboom|54/100
|-damage|p1a: Rillaboom|43/100
|-hitcount|p1a: Rillaboom|5
|move|p1a: Rillaboom|Drum Beating|p2a: Albel
|-damage|p2a: Albel|0 fnt
|faint|p2a: Albel
|
|-heal|p1a: Rillaboom|49/100|[from] item: Leftovers
|upkeep
|inactive|CptZounds has 120 seconds left.
|
|switch|p2a: Qupea|Hatterene, F|100/100
|turn|15
|
|move|p1a: Rillaboom|Drum Beating|p2a: Qupea
|-damage|p2a: Qupea|60/100
|-unboost|p2a: Qupea|spe|1
|move|p2a: Qupea|Calm Mind|p2a: Qupea
|-boost|p2a: Qupea|spa|1
|-boost|p2a: Qupea|spd|1
|
|-heal|p1a: Rillaboom|55/100|[from] item: Leftovers
|upkeep
|turn|16
|
|move|p1a: Rillaboom|Swords Dance|p1a: Rillaboom
|-boost|p1a: Rillaboom|atk|2
|move|p2a: Qupea|Mystical Fire|p1a: Rillaboom
|-supereffective|p1a: Rillaboom
|-damage|p1a: Rillaboom|0 fnt
|-damage|p2a: Qupea|50/100|[from] item: Life Orb
|faint|p1a: Rillaboom
|
|upkeep
|
|switch|p1a: Duraludon|Duraludon, F|29/100
|turn|17
|
|move|p1a: Duraludon|Heavy Slam|p2a: Qupea
|-supereffective|p2a: Qupea
|-damage|p2a: Qupea|0 fnt
|-damage|p1a: Duraludon|19/100|[from] item: Life Orb
|faint|p2a: Qupea
|
|upkeep
|
|switch|p2a: Barraskewda|Barraskewda, M|100/100
|turn|18
|
|move|p1a: Duraludon|Protect|p1a: Duraludon
|-singleturn|p1a: Duraludon|Protect
|move|p2a: Barraskewda|Crunch|p1a: Duraludon
|-activate|p1a: Duraludon|move: Protect
|
|upkeep
|turn|19
|
|move|p2a: Barraskewda|Crunch|p1a: Duraludon
|-damage|p1a: Duraludon|0 fnt
|faint|p1a: Duraludon
|
|upkeep
|
|switch|p1a: Eiscue|Eiscue, M|100/100
|turn|20
|
|move|p2a: Barraskewda|Crunch|p1a: Eiscue
|-activate|p1a: Eiscue|ability: Ice Face
|-damage|p1a: Eiscue|100/100
|-unboost|p1a: Eiscue|def|1
|detailschange|p1a: Eiscue|Eiscue-Noice, M
|move|p1a: Eiscue|Substitute|p1a: Eiscue
|-start|p1a: Eiscue|Substitute
|-damage|p1a: Eiscue|75/100
|
|upkeep
|turn|21
|
|move|p2a: Barraskewda|Crunch|p1a: Eiscue
|-end|p1a: Eiscue|Substitute
|move|p1a: Eiscue|Belly Drum|p1a: Eiscue
|-damage|p1a: Eiscue|25/100
|-setboost|p1a: Eiscue|atk|6|[from] move: Belly Drum
|-enditem|p1a: Eiscue|Salac Berry|[eat]
|-boost|p1a: Eiscue|spe|1
|
|upkeep
|turn|22
|
|move|p1a: Eiscue|Ice Punch|p2a: Barraskewda
|-resisted|p2a: Barraskewda
|-damage|p2a: Barraskewda|0 fnt
|faint|p2a: Barraskewda
|
|upkeep
|
|switch|p2a: Sandaconda|Sandaconda, M|100/100
|turn|23
|
|move|p1a: Eiscue|Ice Punch|p2a: Sandaconda
|-supereffective|p2a: Sandaconda
|-damage|p2a: Sandaconda|0 fnt
|faint|p2a: Sandaconda
|
|win|redpotatogay
|c|☆redpotatogay|gg
|c|☆CptZounds|Gg
|raw|redpotatogay's rating: 1140 → 1163(+23 for winning)
|raw|CptZounds's rating: 1109 → 1087(-22 for losing)
|l|☆CptZounds
