|ScrapeTime|2020-01-02-05:45:36
|j|☆FAGUOSHIBIN
|j|☆ogTFlame
|player|p1|FAGUOSHIBIN|265|1406
|player|p2|ogTFlame|lucas|1483
|teamsize|p1|6
|teamsize|p2|6
|gametype|singles
|gen|8
|tier|[Gen 8] OU
|rated|
|rule|Sleep Clause Mod: Limit one foe put to sleep
|rule|Species Clause: Limit one of each Pokémon
|rule|OHKO Clause: OHKO moves are banned
|rule|Evasion Moves Clause: Evasion moves are banned
|rule|Endless Battle Clause: Forcing endless battles is banned
|rule|HP Percentage Mod: HP is shown in percentages
|clearpoke
|poke|p1|Excadrill, M|
|poke|p1|Seismitoad, F|
|poke|p1|Hydreigon, M|
|poke|p1|Obstagoon, F|
|poke|p1|Clefable, F|
|poke|p1|Cinderace, F|
|poke|p2|Cinderace, F|
|poke|p2|Excadrill, M|
|poke|p2|Rotom-Wash|
|poke|p2|Aegislash, M|
|poke|p2|Gyarados, F|
|poke|p2|Conkeldurr, F|
|rule|Dynamax Clause: You cannot dynamax
|teampreview
|inactive|Battle timer is ON: inactive players will automatically lose when time's up. (requested by ogTFlame)
|
|start
|switch|p1a: Clefable|Clefable, F, shiny|100/100
|switch|p2a: Brody|Conkeldurr, F|100/100
|turn|1
|
|switch|p2a: CLEEEAN|Rotom-Wash|100/100
|move|p1a: Clefable|Moonblast|p2a: CLEEEAN
|-damage|p2a: CLEEEAN|68/100
|
|-heal|p2a: CLEEEAN|74/100|[from] item: Leftovers
|upkeep
|turn|2
|
|switch|p1a: Hydreigon|Hydreigon, M|100/100
|move|p2a: CLEEEAN|Volt Switch|p1a: Hydreigon
|-resisted|p1a: Hydreigon
|-damage|p1a: Hydreigon|87/100
|
|switch|p2a: Brody|Conkeldurr, F|100/100|[from]move: Volt Switch
|
|-status|p2a: Brody|brn|[from] item: Flame Orb
|upkeep
|turn|3
|
|move|p1a: Hydreigon|Draco Meteor|p2a: Brody
|-damage|p2a: Brody|22/100 brn
|-unboost|p1a: Hydreigon|spa|2
|move|p2a: Brody|Drain Punch|p1a: Hydreigon
|-supereffective|p1a: Hydreigon
|-damage|p1a: Hydreigon|0 fnt
|-heal|p2a: Brody|56/100 brn|[from] drain|[of] p1a: Hydreigon
|faint|p1a: Hydreigon
|
|-damage|p2a: Brody|50/100 brn|[from] brn
|upkeep
|
|switch|p1a: Clefable|Clefable, F, shiny|100/100
|turn|4
|
|switch|p2a: SLICE EM UP|Aegislash, M|100/100
|move|p1a: Clefable|Moonblast|p2a: SLICE EM UP
|-resisted|p2a: SLICE EM UP
|-damage|p2a: SLICE EM UP|88/100
|
|-heal|p2a: SLICE EM UP|95/100|[from] item: Leftovers
|upkeep
|turn|5
|
|move|p1a: Clefable|Wish|p1a: Clefable
|-formechange|p2a: SLICE EM UP|Aegislash-Blade||[from] ability: Stance Change
|move|p2a: SLICE EM UP|Iron Head|p1a: Clefable
|-supereffective|p1a: Clefable
|-damage|p1a: Clefable|0 fnt
|faint|p1a: Clefable
|
|-heal|p2a: SLICE EM UP|100/100|[from] item: Leftovers
|upkeep
|
|switch|p1a: Cinderace|Cinderace, F|100/100
|turn|6
|
|-formechange|p2a: SLICE EM UP|Aegislash||[from] ability: Stance Change
|move|p2a: SLICE EM UP|King's Shield|p2a: SLICE EM UP
|-singleturn|p2a: SLICE EM UP|Protect
|move|p1a: Cinderace|Pyro Ball|p2a: SLICE EM UP
|-activate|p2a: SLICE EM UP|move: Protect
|
|upkeep
|turn|7
|
|switch|p2a: Rampage|Gyarados, F|100/100
|move|p1a: Cinderace|U-turn|p2a: Rampage
|-resisted|p2a: Rampage
|-damage|p2a: Rampage|87/100
|
|switch|p1a: Excadrill|Excadrill, M, shiny|100/100|[from]move: U-turn
|-ability|p1a: Excadrill|Mold Breaker
|
|upkeep
|turn|8
|
|move|p1a: Excadrill|Rock Tomb|p2a: Rampage
|-supereffective|p2a: Rampage
|-damage|p2a: Rampage|37/100
|-unboost|p2a: Rampage|spe|1
|move|p2a: Rampage|Earthquake|p1a: Excadrill
|-supereffective|p1a: Excadrill
|-damage|p1a: Excadrill|4/100
|
|upkeep
|turn|9
|
|switch|p2a: SLICE EM UP|Aegislash, M|100/100
|move|p1a: Excadrill|Rock Tomb|p2a: SLICE EM UP
|-resisted|p2a: SLICE EM UP
|-damage|p2a: SLICE EM UP|92/100
|-unboost|p2a: SLICE EM UP|spe|1
|
|-heal|p2a: SLICE EM UP|98/100|[from] item: Leftovers
|upkeep
|turn|10
|
|-formechange|p2a: SLICE EM UP|Aegislash-Blade||[from] ability: Stance Change
|move|p2a: SLICE EM UP|Shadow Sneak|p1a: Excadrill
|-damage|p1a: Excadrill|0 fnt
|faint|p1a: Excadrill
|
|-heal|p2a: SLICE EM UP|100/100|[from] item: Leftovers
|upkeep
|
|switch|p1a: Obstagoon|Obstagoon, F|100/100
|turn|11
|
|move|p1a: Obstagoon|Knock Off|p2a: SLICE EM UP
|-supereffective|p2a: SLICE EM UP
|-damage|p2a: SLICE EM UP|0 fnt
|-enditem|p2a: SLICE EM UP|Leftovers|[from] move: Knock Off|[of] p1a: Obstagoon
|faint|p2a: SLICE EM UP
|
|-status|p1a: Obstagoon|brn|[from] item: Flame Orb
|upkeep
|
|switch|p2a: Brody|Conkeldurr, F|50/100 brn
|turn|12
|
|move|p2a: Brody|Mach Punch|p1a: Obstagoon
|-supereffective|p1a: Obstagoon
|-damage|p1a: Obstagoon|0 fnt
|faint|p1a: Obstagoon
|
|-damage|p2a: Brody|44/100 brn|[from] brn
|upkeep
|
|switch|p1a: Cinderace|Cinderace, F|100/100
|turn|13
|
|switch|p2a: Nesquik|Cinderace, F|100/100
|move|p1a: Cinderace|Pyro Ball|p2a: Nesquik
|-resisted|p2a: Nesquik
|-crit|p2a: Nesquik
|-damage|p2a: Nesquik|37/100
|
|upkeep
|turn|14
|
|move|p2a: Nesquik|Sucker Punch|p1a: Cinderace
|-damage|p1a: Cinderace|70/100
|move|p1a: Cinderace|Pyro Ball|p2a: Nesquik
|-resisted|p2a: Nesquik
|-damage|p2a: Nesquik|0 fnt
|faint|p2a: Nesquik
|
|upkeep
|
|switch|p2a: SHOOTINGSTAR|Excadrill, M|100/100
|-ability|p2a: SHOOTINGSTAR|Mold Breaker
|turn|15
|
|move|p1a: Cinderace|U-turn|p2a: SHOOTINGSTAR
|-resisted|p2a: SHOOTINGSTAR
|-damage|p2a: SHOOTINGSTAR|84/100
|
|switch|p1a: Seismitoad|Seismitoad, F|100/100|[from]move: U-turn
|move|p2a: SHOOTINGSTAR|Earthquake|p1a: Seismitoad
|-damage|p1a: Seismitoad|61/100
|
|-heal|p1a: Seismitoad|67/100|[from] item: Leftovers
|upkeep
|turn|16
|
|move|p2a: SHOOTINGSTAR|Earthquake|p1a: Seismitoad
|-damage|p1a: Seismitoad|31/100
|move|p1a: Seismitoad|Scald|p2a: SHOOTINGSTAR
|-supereffective|p2a: SHOOTINGSTAR
|-damage|p2a: SHOOTINGSTAR|23/100
|-status|p2a: SHOOTINGSTAR|brn
|
|-heal|p1a: Seismitoad|37/100|[from] item: Leftovers
|-damage|p2a: SHOOTINGSTAR|17/100 brn|[from] brn
|upkeep
|turn|17
|
|move|p1a: Seismitoad|Protect|p1a: Seismitoad
|-singleturn|p1a: Seismitoad|Protect
|move|p2a: SHOOTINGSTAR|Earthquake|p1a: Seismitoad
|-activate|p1a: Seismitoad|move: Protect
|
|-heal|p1a: Seismitoad|43/100|[from] item: Leftovers
|-damage|p2a: SHOOTINGSTAR|11/100 brn|[from] brn
|upkeep
|turn|18
|
|move|p2a: SHOOTINGSTAR|Earthquake|p1a: Seismitoad
|-damage|p1a: Seismitoad|25/100
|move|p1a: Seismitoad|Scald|p2a: SHOOTINGSTAR
|-supereffective|p2a: SHOOTINGSTAR
|-damage|p2a: SHOOTINGSTAR|0 fnt
|faint|p2a: SHOOTINGSTAR
|
|-heal|p1a: Seismitoad|31/100|[from] item: Leftovers
|upkeep
|
|switch|p2a: Brody|Conkeldurr, F|44/100 brn
|turn|19
|
|move|p1a: Seismitoad|Protect|p1a: Seismitoad
|-singleturn|p1a: Seismitoad|Protect
|move|p2a: Brody|Mach Punch|p1a: Seismitoad
|-activate|p1a: Seismitoad|move: Protect
|
|-heal|p1a: Seismitoad|38/100|[from] item: Leftovers
|-damage|p2a: Brody|38/100 brn|[from] brn
|upkeep
|turn|20
|
|move|p2a: Brody|Mach Punch|p1a: Seismitoad
|-damage|p1a: Seismitoad|10/100
|move|p1a: Seismitoad|Earth Power|p2a: Brody
|-damage|p2a: Brody|9/100 brn
|
|-heal|p1a: Seismitoad|16/100|[from] item: Leftovers
|-damage|p2a: Brody|3/100 brn|[from] brn
|upkeep
|turn|21
|
|move|p1a: Seismitoad|Protect|p1a: Seismitoad
|-singleturn|p1a: Seismitoad|Protect
|move|p2a: Brody|Mach Punch|p1a: Seismitoad
|-activate|p1a: Seismitoad|move: Protect
|
|-heal|p1a: Seismitoad|22/100|[from] item: Leftovers
|-damage|p2a: Brody|0 fnt|[from] brn
|faint|p2a: Brody
|upkeep
|
|switch|p2a: Rampage|Gyarados, F|37/100
|turn|22
|
|switch|p1a: Cinderace|Cinderace, F|70/100
|move|p2a: Rampage|Earthquake|p1a: Cinderace
|-supereffective|p1a: Cinderace
|-damage|p1a: Cinderace|0 fnt
|faint|p1a: Cinderace
|-ability|p2a: Rampage|Moxie|boost
|-boost|p2a: Rampage|atk|1
|
|upkeep
|c|☆ogTFlame|gg
|
|switch|p1a: Seismitoad|Seismitoad, F|22/100
|turn|23
|
|move|p2a: Rampage|Earthquake|p1a: Seismitoad
|-damage|p1a: Seismitoad|0 fnt
|faint|p1a: Seismitoad
|
|win|ogTFlame
|l|☆FAGUOSHIBIN
|raw|FAGUOSHIBIN's rating: 1406 → 1390(-16 for losing)
|raw|ogTFlame's rating: 1483 → 1499(+16 for winning)
