|ScrapeTime|2020-01-02-11:44:34
|j|☆erkikemelo
|j|☆bebeluzi
|player|p1|erkikemelo|169|1280
|player|p2|bebeluzi|lass-gen4dp|1331
|teamsize|p1|6
|teamsize|p2|6
|gametype|singles
|gen|8
|tier|[Gen 8] OU
|rated|
|rule|Sleep Clause Mod: Limit one foe put to sleep
|rule|Species Clause: Limit one of each Pokémon
|rule|OHKO Clause: OHKO moves are banned
|rule|Evasion Moves Clause: Evasion moves are banned
|rule|Endless Battle Clause: Forcing endless battles is banned
|rule|HP Percentage Mod: HP is shown in percentages
|clearpoke
|poke|p1|Pincurchin, F|
|poke|p1|Slurpuff, M|
|poke|p1|Dragapult, M|
|poke|p1|Mr. Mime-Galar, F|
|poke|p1|Roserade, M|
|poke|p1|Bisharp, M|
|poke|p2|Ditto|
|poke|p2|Dracovish|
|poke|p2|Barraskewda, M|
|poke|p2|Dragapult, F|
|poke|p2|Pelipper, M|
|poke|p2|Ferrothorn, M|
|rule|Dynamax Clause: You cannot dynamax
|teampreview
|j| LeoElby
|inactive|Battle timer is ON: inactive players will automatically lose when time's up. (requested by erkikemelo)
|
|start
|switch|p1a: PorcupineTree|Pincurchin, F|100/100
|switch|p2a: Pas smogon|Ferrothorn, M|100/100
|-fieldstart|move: Electric Terrain|[from] ability: Electric Surge|[of] p1a: PorcupineTree
|-item|p1a: PorcupineTree|Air Balloon
|turn|1
|
|move|p1a: PorcupineTree|Toxic Spikes|p2a: Pas smogon
|-sidestart|p2: bebeluzi|move: Toxic Spikes
|move|p2a: Pas smogon|Stealth Rock|p1a: PorcupineTree
|-sidestart|p1: erkikemelo|move: Stealth Rock
|
|upkeep
|turn|2
|
|move|p1a: PorcupineTree|Toxic Spikes|p2a: Pas smogon
|-sidestart|p2: bebeluzi|move: Toxic Spikes
|move|p2a: Pas smogon|Leech Seed|p1a: PorcupineTree|[miss]
|-miss|p2a: Pas smogon|p1a: PorcupineTree
|
|upkeep
|turn|3
|
|switch|p1a: P!At the disco|Mr. Mime-Galar, F|100/100
|move|p2a: Pas smogon|Leech Seed|p1a: P!At the disco
|-start|p1a: P!At the disco|move: Leech Seed
|
|-damage|p1a: P!At the disco|88/100|[from] Leech Seed|[of] p2a: Pas smogon
|upkeep
|turn|4
|
|move|p1a: P!At the disco|Encore|p2a: Pas smogon
|-start|p2a: Pas smogon|Encore
|move|p2a: Pas smogon|Leech Seed||[still]
|-fail|p2a: Pas smogon
|
|-damage|p1a: P!At the disco|76/100|[from] Leech Seed|[of] p2a: Pas smogon
|upkeep
|turn|5
|
|switch|p2a: David Cage|Pelipper, M|100/100
|-weather|RainDance|[from] ability: Drizzle|[of] p2a: David Cage
|move|p1a: P!At the disco|Rapid Spin|p2a: David Cage
|-damage|p2a: David Cage|96/100
|-end|p1a: P!At the disco|Leech Seed|[from] move: Rapid Spin|[of] p1a: P!At the disco
|-sideend|p1: erkikemelo|Stealth Rock|[from] move: Rapid Spin|[of] p1a: P!At the disco
|-boost|p1a: P!At the disco|spe|1
|
|-weather|RainDance|[upkeep]
|-fieldend|move: Electric Terrain
|upkeep
|turn|6
|
|move|p1a: P!At the disco|Freeze-Dry|p2a: David Cage
|-supereffective|p2a: David Cage
|-damage|p2a: David Cage|0 fnt
|faint|p2a: David Cage
|
|-weather|RainDance|[upkeep]
|upkeep
|
|switch|p2a: Pas smogon|Ferrothorn, M|100/100
|turn|7
|
|switch|p1a: PorcupineTree|Pincurchin, F|100/100
|-fieldstart|move: Electric Terrain|[from] ability: Electric Surge|[of] p1a: PorcupineTree
|-item|p1a: PorcupineTree|Air Balloon
|move|p2a: Pas smogon|Gyro Ball|p1a: PorcupineTree
|-resisted|p1a: PorcupineTree
|-damage|p1a: PorcupineTree|93/100
|-enditem|p1a: PorcupineTree|Air Balloon
|
|-weather|RainDance|[upkeep]
|upkeep
|turn|8
|
|move|p1a: PorcupineTree|Zing Zap|p2a: Pas smogon
|-resisted|p2a: Pas smogon
|-damage|p2a: Pas smogon|87/100
|-damage|p1a: PorcupineTree|81/100|[from] ability: Iron Barbs|[of] p2a: Pas smogon
|-damage|p1a: PorcupineTree|64/100|[from] item: Rocky Helmet|[of] p2a: Pas smogon
|cant|p2a: Pas smogon|flinch
|
|-weather|RainDance|[upkeep]
|upkeep
|turn|9
|inactive|erkikemelo has 120 seconds left.
|
|switch|p1a: Rosalia|Roserade, M|100/100
|move|p2a: Pas smogon|Gyro Ball|p1a: Rosalia
|-damage|p1a: Rosalia|0 fnt
|faint|p1a: Rosalia
|
|-weather|RainDance|[upkeep]
|upkeep
|inactive|erkikemelo has 120 seconds left.
|
|switch|p1a: Metallica|Bisharp, M|100/100
|turn|10
|inactive|bebeluzi has 120 seconds left.
|
|move|p1a: Metallica|Substitute|p1a: Metallica
|-start|p1a: Metallica|Substitute
|-damage|p1a: Metallica|76/100
|move|p2a: Pas smogon|Stealth Rock|p1a: Metallica
|-sidestart|p1: erkikemelo|move: Stealth Rock
|
|-weather|RainDance|[upkeep]
|-heal|p1a: Metallica|82/100|[from] item: Leftovers
|upkeep
|turn|11
|
|move|p1a: Metallica|Swords Dance|p1a: Metallica
|-boost|p1a: Metallica|atk|2
|move|p2a: Pas smogon|Gyro Ball|p1a: Metallica
|-resisted|p1a: Metallica
|-activate|p1a: Metallica|move: Substitute|[damage]
|
|-weather|RainDance|[upkeep]
|-heal|p1a: Metallica|88/100|[from] item: Leftovers
|-fieldend|move: Electric Terrain
|upkeep
|turn|12
|
|move|p1a: Metallica|Iron Head|p2a: Pas smogon
|-resisted|p2a: Pas smogon
|-damage|p2a: Pas smogon|56/100
|-damage|p1a: Metallica|75/100|[from] ability: Iron Barbs|[of] p2a: Pas smogon
|-damage|p1a: Metallica|59/100|[from] item: Rocky Helmet|[of] p2a: Pas smogon
|move|p2a: Pas smogon|Gyro Ball|p1a: Metallica
|-resisted|p1a: Metallica
|-end|p1a: Metallica|Substitute
|
|-weather|none
|-heal|p1a: Metallica|65/100|[from] item: Leftovers
|upkeep
|turn|13
|
|move|p1a: Metallica|Substitute|p1a: Metallica
|-start|p1a: Metallica|Substitute
|-damage|p1a: Metallica|40/100
|move|p2a: Pas smogon|Leech Seed|p1a: Metallica|[miss]
|-miss|p2a: Pas smogon|p1a: Metallica
|
|-heal|p1a: Metallica|46/100|[from] item: Leftovers
|upkeep
|turn|14
|
|move|p1a: Metallica|Swords Dance|p1a: Metallica
|-boost|p1a: Metallica|atk|2
|move|p2a: Pas smogon|Gyro Ball|p1a: Metallica
|-resisted|p1a: Metallica
|-activate|p1a: Metallica|move: Substitute|[damage]
|
|-heal|p1a: Metallica|52/100|[from] item: Leftovers
|upkeep
|turn|15
|
|move|p1a: Metallica|Swords Dance|p1a: Metallica
|-boost|p1a: Metallica|atk|2
|move|p2a: Pas smogon|Gyro Ball|p1a: Metallica
|-resisted|p1a: Metallica
|-end|p1a: Metallica|Substitute
|
|-heal|p1a: Metallica|58/100|[from] item: Leftovers
|upkeep
|turn|16
|
|move|p1a: Metallica|Substitute|p1a: Metallica
|-start|p1a: Metallica|Substitute
|-damage|p1a: Metallica|33/100
|move|p2a: Pas smogon|Gyro Ball|p1a: Metallica
|-resisted|p1a: Metallica
|-activate|p1a: Metallica|move: Substitute|[damage]
|
|-heal|p1a: Metallica|39/100|[from] item: Leftovers
|upkeep
|turn|17
|
|move|p1a: Metallica|Sucker Punch|p2a: Pas smogon
|-damage|p2a: Pas smogon|0 fnt
|-damage|p1a: Metallica|27/100|[from] ability: Iron Barbs|[of] p2a: Pas smogon
|-damage|p1a: Metallica|11/100|[from] item: Rocky Helmet|[of] p2a: Pas smogon
|faint|p2a: Pas smogon
|
|-heal|p1a: Metallica|17/100|[from] item: Leftovers
|upkeep
|
|switch|p2a: Dragonfeu mort|Dragapult, F|100/100
|-status|p2a: Dragonfeu mort|tox
|turn|18
|inactive|bebeluzi has 120 seconds left.
|-message|bebeluzi forfeited.
|
|win|erkikemelo
|l|☆bebeluzi
|raw|erkikemelo's rating: 1280 → 1309(+29 for winning)
|raw|bebeluzi's rating: 1331 → 1308(-23 for losing)
