|ScrapeTime|2020-01-01-05:55:06
|j|☆HunkeyMartini
|j|☆Hdghrdgh
|player|p1|HunkeyMartini|156|1004
|player|p2|Hdghrdgh|101|1044
|teamsize|p1|6
|teamsize|p2|6
|gametype|singles
|gen|8
|tier|[Gen 8] OU
|rated|
|rule|Sleep Clause Mod: Limit one foe put to sleep
|rule|Species Clause: Limit one of each Pokémon
|rule|OHKO Clause: OHKO moves are banned
|rule|Evasion Moves Clause: Evasion moves are banned
|rule|Endless Battle Clause: Forcing endless battles is banned
|rule|HP Percentage Mod: HP is shown in percentages
|clearpoke
|poke|p1|Toxtricity, M|
|poke|p1|Grimmsnarl, M|
|poke|p1|Gyarados, F|
|poke|p1|Ferrothorn, M|
|poke|p1|Rotom-Heat|
|poke|p1|Tyranitar, F|
|poke|p2|Hydreigon, M|
|poke|p2|Seismitoad, F|
|poke|p2|Aegislash, F|
|poke|p2|Clefable, F|
|poke|p2|Corviknight, F|
|poke|p2|Rotom-Heat|
|rule|Dynamax Clause: You cannot dynamax
|teampreview
|
|start
|switch|p1a: Grimmsnarl|Grimmsnarl, M|100/100
|switch|p2a: Rotom|Rotom-Heat|100/100
|turn|1
|
|move|p1a: Grimmsnarl|Light Screen|p1a: Grimmsnarl
|-sidestart|p1: HunkeyMartini|move: Light Screen
|move|p2a: Rotom|Volt Switch|p1a: Grimmsnarl
|-damage|p1a: Grimmsnarl|80/100
|
|switch|p2a: Clefable|Clefable, F|100/100|[from]move: Volt Switch
|
|upkeep
|turn|2
|
|move|p1a: Grimmsnarl|Reflect|p1a: Grimmsnarl
|-sidestart|p1: HunkeyMartini|Reflect
|move|p2a: Clefable|Thunder Wave|p1a: Grimmsnarl
|-status|p1a: Grimmsnarl|par
|
|upkeep
|turn|3
|
|switch|p2a: Rotom|Rotom-Heat|100/100
|switch|p1a: Toxtricity|Toxtricity, M|100/100
|
|upkeep
|turn|4
|
|move|p2a: Rotom|Volt Switch|p1a: Toxtricity
|-resisted|p1a: Toxtricity
|-damage|p1a: Toxtricity|87/100
|
|switch|p2a: Aegislash|Aegislash, F|100/100|[from]move: Volt Switch
|move|p1a: Toxtricity|Boomburst|p2a: Aegislash
|-immune|p2a: Aegislash
|
|upkeep
|turn|5
|
|switch|p1a: Rotom|Rotom-Heat|100/100
|-formechange|p2a: Aegislash|Aegislash-Blade||[from] ability: Stance Change
|move|p2a: Aegislash|Shadow Claw|p1a: Rotom
|-damage|p1a: Rotom|61/100
|
|upkeep
|turn|6
|
|switch|p2a: Seismitoad|Seismitoad, F|100/100
|move|p1a: Rotom|Will-O-Wisp|p2a: Seismitoad
|-status|p2a: Seismitoad|brn
|
|-damage|p2a: Seismitoad|94/100 brn|[from] brn
|upkeep
|turn|7
|
|switch|p1a: Ferrothorn|Ferrothorn, M|100/100
|move|p2a: Seismitoad|Stealth Rock|p1a: Ferrothorn
|-sidestart|p1: HunkeyMartini|move: Stealth Rock
|
|-heal|p2a: Seismitoad|100/100 brn|[from] item: Leftovers
|-damage|p2a: Seismitoad|94/100 brn|[from] brn
|upkeep
|turn|8
|inactive|Battle timer is ON: inactive players will automatically lose when time's up. (requested by Hdghrdgh)
|
|switch|p2a: Rotom|Rotom-Heat|100/100
|move|p1a: Ferrothorn|Gyro Ball|p2a: Rotom
|-resisted|p2a: Rotom
|-damage|p2a: Rotom|80/100
|
|-sideend|p1: HunkeyMartini|move: Light Screen
|upkeep
|turn|9
|
|switch|p1a: Grimmsnarl|Grimmsnarl, M|80/100 par
|-damage|p1a: Grimmsnarl|68/100 par|[from] Stealth Rock
|move|p2a: Rotom|Overheat|p1a: Grimmsnarl
|-damage|p1a: Grimmsnarl|0 fnt
|-unboost|p2a: Rotom|spa|2
|faint|p1a: Grimmsnarl
|
|-sideend|p1: HunkeyMartini|Reflect
|upkeep
|
|switch|p1a: Gyarados|Gyarados, F, shiny|100/100
|-ability|p1a: Gyarados|Intimidate|boost
|-unboost|p2a: Rotom|atk|1
|turn|10
|
|switch|p2a: Corviknight|Corviknight, F|100/100
|-ability|p2a: Corviknight|Pressure
|switch|p1a: Toxtricity|Toxtricity, M|87/100
|-damage|p1a: Toxtricity|75/100|[from] Stealth Rock
|
|upkeep
|turn|11
|
|switch|p2a: Seismitoad|Seismitoad, F|94/100 brn
|move|p1a: Toxtricity|Overdrive|p2a: Seismitoad
|-immune|p2a: Seismitoad
|
|-heal|p2a: Seismitoad|100/100 brn|[from] item: Leftovers
|-damage|p2a: Seismitoad|94/100 brn|[from] brn
|upkeep
|turn|12
|
|switch|p1a: Ferrothorn|Ferrothorn, M|100/100
|-damage|p1a: Ferrothorn|94/100|[from] Stealth Rock
|switch|p2a: Rotom|Rotom-Heat|80/100
|
|-heal|p1a: Ferrothorn|100/100|[from] item: Leftovers
|upkeep
|turn|13
|
|move|p1a: Ferrothorn|Protect|p1a: Ferrothorn
|-singleturn|p1a: Ferrothorn|Protect
|move|p2a: Rotom|Volt Switch|p1a: Ferrothorn
|-activate|p1a: Ferrothorn|move: Protect
|
|upkeep
|turn|14
|
|switch|p1a: Tyranitar|Tyranitar, F|100/100
|-damage|p1a: Tyranitar|88/100|[from] Stealth Rock
|-weather|Sandstorm|[from] ability: Sand Stream|[of] p1a: Tyranitar
|move|p2a: Rotom|Volt Switch|p1a: Tyranitar
|-damage|p1a: Tyranitar|74/100
|
|switch|p2a: Aegislash|Aegislash, F|100/100|[from]move: Volt Switch
|
|-weather|Sandstorm|[upkeep]
|upkeep
|turn|15
|
|-formechange|p2a: Aegislash|Aegislash-Blade||[from] ability: Stance Change
|move|p2a: Aegislash|Close Combat|p1a: Tyranitar
|-supereffective|p1a: Tyranitar
|-damage|p1a: Tyranitar|0 fnt
|-unboost|p2a: Aegislash|def|1
|-unboost|p2a: Aegislash|spd|1
|faint|p1a: Tyranitar
|
|-weather|Sandstorm|[upkeep]
|upkeep
|
|switch|p1a: Gyarados|Gyarados, F, shiny|100/100
|-ability|p1a: Gyarados|Intimidate|boost
|-unboost|p2a: Aegislash|atk|1
|turn|16
|inactive|HunkeyMartini has 120 seconds left.
|
|switch|p2a: Corviknight|Corviknight, F|100/100
|-ability|p2a: Corviknight|Pressure
|move|p1a: Gyarados|Earthquake|p2a: Corviknight
|-immune|p2a: Corviknight
|
|-weather|Sandstorm|[upkeep]
|-damage|p1a: Gyarados|94/100|[from] Sandstorm
|upkeep
|turn|17
|
|move|p1a: Gyarados|Dragon Dance|p1a: Gyarados
|-boost|p1a: Gyarados|atk|1
|-boost|p1a: Gyarados|spe|1
|move|p2a: Corviknight|Brave Bird|p1a: Gyarados
|-damage|p1a: Gyarados|45/100
|-damage|p2a: Corviknight|87/100|[from] Recoil
|
|-weather|Sandstorm|[upkeep]
|-damage|p1a: Gyarados|39/100|[from] Sandstorm
|-heal|p2a: Corviknight|93/100|[from] item: Leftovers
|upkeep
|turn|18
|inactive|HunkeyMartini has 120 seconds left.
|
|move|p1a: Gyarados|Waterfall|p2a: Corviknight
|-damage|p2a: Corviknight|53/100
|move|p2a: Corviknight|Brave Bird|p1a: Gyarados
|-damage|p1a: Gyarados|0 fnt
|-damage|p2a: Corviknight|42/100|[from] Recoil
|faint|p1a: Gyarados
|
|-weather|none
|-heal|p2a: Corviknight|48/100|[from] item: Leftovers
|upkeep
|
|switch|p1a: Rotom|Rotom-Heat|61/100
|-damage|p1a: Rotom|37/100|[from] Stealth Rock
|turn|19
|
|move|p1a: Rotom|Will-O-Wisp|p2a: Corviknight
|-status|p2a: Corviknight|brn
|move|p2a: Corviknight|Body Press|p1a: Rotom
|-damage|p1a: Rotom|22/100
|
|-heal|p2a: Corviknight|55/100 brn|[from] item: Leftovers
|-damage|p2a: Corviknight|48/100 brn|[from] brn
|upkeep
|turn|20
|inactive|HunkeyMartini has 120 seconds left.
|
|switch|p1a: Ferrothorn|Ferrothorn, M|100/100
|-damage|p1a: Ferrothorn|94/100|[from] Stealth Rock
|move|p2a: Corviknight|Body Press|p1a: Ferrothorn
|-supereffective|p1a: Ferrothorn
|-damage|p1a: Ferrothorn|77/100
|-damage|p2a: Corviknight|36/100 brn|[from] ability: Iron Barbs|[of] p1a: Ferrothorn
|
|-heal|p2a: Corviknight|42/100 brn|[from] item: Leftovers
|-heal|p1a: Ferrothorn|84/100|[from] item: Leftovers
|-damage|p2a: Corviknight|36/100 brn|[from] brn
|upkeep
|turn|21
|
|switch|p2a: Aegislash|Aegislash, F|100/100
|move|p1a: Ferrothorn|Leech Seed|p2a: Aegislash
|-start|p2a: Aegislash|move: Leech Seed
|
|-heal|p1a: Ferrothorn|90/100|[from] item: Leftovers
|-damage|p2a: Aegislash|88/100|[from] Leech Seed|[of] p1a: Ferrothorn
|-heal|p1a: Ferrothorn|100/100|[silent]
|upkeep
|turn|22
|
|switch|p2a: Rotom|Rotom-Heat|80/100
|move|p1a: Ferrothorn|Power Whip|p2a: Rotom|[miss]
|-miss|p1a: Ferrothorn|p2a: Rotom
|
|upkeep
|turn|23
|
|move|p2a: Rotom|Overheat|p1a: Ferrothorn
|-supereffective|p1a: Ferrothorn
|-damage|p1a: Ferrothorn|0 fnt
|-unboost|p2a: Rotom|spa|2
|faint|p1a: Ferrothorn
|
|upkeep
|
|switch|p1a: Toxtricity|Toxtricity, M|75/100
|-damage|p1a: Toxtricity|63/100|[from] Stealth Rock
|turn|24
|
|switch|p2a: Corviknight|Corviknight, F|36/100 brn
|-ability|p2a: Corviknight|Pressure
|move|p1a: Toxtricity|Boomburst|p2a: Corviknight
|-resisted|p2a: Corviknight
|-damage|p2a: Corviknight|1/100 brn
|
|-heal|p2a: Corviknight|7/100 brn|[from] item: Leftovers
|-damage|p2a: Corviknight|1/100 brn|[from] brn
|upkeep
|turn|25
|
|move|p1a: Toxtricity|Boomburst|p2a: Corviknight
|-resisted|p2a: Corviknight
|-damage|p2a: Corviknight|0 fnt
|faint|p2a: Corviknight
|
|upkeep
|
|switch|p2a: Aegislash|Aegislash, F|88/100
|turn|26
|
|move|p1a: Toxtricity|Boomburst|p2a: Aegislash
|-immune|p2a: Aegislash
|-formechange|p2a: Aegislash|Aegislash-Blade||[from] ability: Stance Change
|move|p2a: Aegislash|Shadow Claw|p1a: Toxtricity
|-damage|p1a: Toxtricity|0 fnt
|faint|p1a: Toxtricity
|
|upkeep
|
|switch|p1a: Rotom|Rotom-Heat|22/100
|-damage|p1a: Rotom|0 fnt|[from] Stealth Rock
|faint|p1a: Rotom
|
|win|Hdghrdgh
|raw|HunkeyMartini's rating: 1004 → 1000(-4 for losing)
|raw|Hdghrdgh's rating: 1044 → 1073(+29 for winning)
|l|☆HunkeyMartini
