|ScrapeTime|2020-01-03-00:15:24
|j|☆Liam ☉ Nee-san
|j|☆taw
|player|p1|Liam ☉ Nee-san|10|1386
|player|p2|taw|alder|1411
|teamsize|p1|6
|teamsize|p2|6
|gametype|singles
|gen|8
|tier|[Gen 8] OU
|rated|
|rule|Sleep Clause Mod: Limit one foe put to sleep
|rule|Species Clause: Limit one of each Pokémon
|rule|OHKO Clause: OHKO moves are banned
|rule|Evasion Moves Clause: Evasion moves are banned
|rule|Endless Battle Clause: Forcing endless battles is banned
|rule|HP Percentage Mod: HP is shown in percentages
|clearpoke
|poke|p1|Excadrill, M|
|poke|p1|Pelipper, F|
|poke|p1|Ludicolo, F|
|poke|p1|Barraskewda, F|
|poke|p1|Hydreigon, F|
|poke|p1|Ferrothorn, F|
|poke|p2|Lucario, F|
|poke|p2|Gyarados, M|
|poke|p2|Dracozolt|
|poke|p2|Clefable, M|
|poke|p2|Mandibuzz, F|
|poke|p2|Corsola-Galar, F|
|rule|Dynamax Clause: You cannot dynamax
|teampreview
|inactive|Battle timer is ON: inactive players will automatically lose when time's up. (requested by taw)
|
|start
|switch|p1a: Matching Mole|Excadrill, M|100/100
|switch|p2a: Mandibuzz|Mandibuzz, F|100/100
|-ability|p1a: Matching Mole|Mold Breaker
|turn|1
|
|move|p1a: Matching Mole|Stealth Rock|p2a: Mandibuzz
|-sidestart|p2: taw|move: Stealth Rock
|move|p2a: Mandibuzz|Foul Play|p1a: Matching Mole
|-damage|p1a: Matching Mole|25/100
|
|upkeep
|turn|2
|
|move|p1a: Matching Mole|Rock Slide|p2a: Mandibuzz
|-supereffective|p2a: Mandibuzz
|-damage|p2a: Mandibuzz|65/100
|move|p2a: Mandibuzz|Defog|p1a: Matching Mole
|-unboost|p1a: Matching Mole|evasion|1
|-sideend|p2: taw|Stealth Rock|[from] move: Defog|[of] p2a: Mandibuzz
|
|upkeep
|turn|3
|
|move|p1a: Matching Mole|Stealth Rock|p2a: Mandibuzz
|-sidestart|p2: taw|move: Stealth Rock
|move|p2a: Mandibuzz|Foul Play|p1a: Matching Mole
|-damage|p1a: Matching Mole|0 fnt
|faint|p1a: Matching Mole
|
|upkeep
|
|switch|p1a: Tres Hombres|Ludicolo, F, shiny|100/100
|turn|4
|
|switch|p2a: Corsola|Corsola-Galar, F|100/100
|-damage|p2a: Corsola|88/100|[from] Stealth Rock
|move|p1a: Tres Hombres|Ice Beam|p2a: Corsola
|-damage|p2a: Corsola|66/100
|
|upkeep
|turn|5
|
|switch|p1a: Pelli Pepper|Pelipper, F, shiny|100/100
|-weather|RainDance|[from] ability: Drizzle|[of] p1a: Pelli Pepper
|move|p2a: Corsola|Will-O-Wisp|p1a: Pelli Pepper
|-status|p1a: Pelli Pepper|brn
|
|-weather|RainDance|[upkeep]
|-damage|p1a: Pelli Pepper|94/100 brn|[from] brn
|upkeep
|turn|6
|inactive|Liam ☉ Nee-san has 120 seconds left.
|
|move|p1a: Pelli Pepper|Scald|p2a: Corsola
|-damage|p2a: Corsola|46/100
|move|p2a: Corsola|Strength Sap|p1a: Pelli Pepper
|-unboost|p1a: Pelli Pepper|atk|1
|-heal|p2a: Corsola|84/100
|
|-weather|RainDance|[upkeep]
|-damage|p1a: Pelli Pepper|88/100 brn|[from] brn
|upkeep
|turn|7
|
|move|p1a: Pelli Pepper|Scald|p2a: Corsola
|-damage|p2a: Corsola|62/100
|-start|p1a: Pelli Pepper|Disable|Scald|[from] ability: Cursed Body|[of] p2a: Corsola
|-status|p2a: Corsola|brn
|move|p2a: Corsola|Stealth Rock|p1a: Pelli Pepper
|-sidestart|p1: Liam ☉ Nee-san|move: Stealth Rock
|
|-weather|RainDance|[upkeep]
|-damage|p1a: Pelli Pepper|82/100 brn|[from] brn
|-damage|p2a: Corsola|56/100 brn|[from] brn
|upkeep
|turn|8
|
|move|p1a: Pelli Pepper|U-turn|p2a: Corsola
|-resisted|p2a: Corsola
|-damage|p2a: Corsola|55/100 brn
|
|switch|p1a: Tres Hombres|Ludicolo, F, shiny|100/100|[from]move: U-turn
|-damage|p1a: Tres Hombres|88/100|[from] Stealth Rock
|move|p2a: Corsola|Will-O-Wisp|p1a: Tres Hombres
|-status|p1a: Tres Hombres|brn
|
|-weather|RainDance|[upkeep]
|-damage|p1a: Tres Hombres|82/100 brn|[from] brn
|-damage|p2a: Corsola|49/100 brn|[from] brn
|upkeep
|turn|9
|
|move|p1a: Tres Hombres|Hydro Pump|p2a: Corsola|[miss]
|-miss|p1a: Tres Hombres|p2a: Corsola
|move|p2a: Corsola|Strength Sap|p1a: Tres Hombres
|-unboost|p1a: Tres Hombres|atk|1
|-heal|p2a: Corsola|89/100 brn
|
|-weather|RainDance|[upkeep]
|-damage|p1a: Tres Hombres|76/100 brn|[from] brn
|-damage|p2a: Corsola|83/100 brn|[from] brn
|upkeep
|turn|10
|inactive|Liam ☉ Nee-san has 120 seconds left.
|inactive|Liam ☉ Nee-san has 90 seconds left.
|
|move|p1a: Tres Hombres|Hydro Pump|p2a: Corsola
|-damage|p2a: Corsola|25/100 brn
|-start|p1a: Tres Hombres|Disable|Hydro Pump|[from] ability: Cursed Body|[of] p2a: Corsola
|move|p2a: Corsola|Night Shade|p1a: Tres Hombres
|-damage|p1a: Tres Hombres|43/100 brn
|
|-weather|RainDance|[upkeep]
|-damage|p1a: Tres Hombres|37/100 brn|[from] brn
|-damage|p2a: Corsola|19/100 brn|[from] brn
|upkeep
|turn|11
|l|☆Liam ☉ Nee-san
|inactive|Liam ☉ Nee-san disconnected and has a minute to reconnect!
|player|p1|
|inactive|Liam ☉ Nee-san has 30 seconds to reconnect!
|inactive|Liam ☉ Nee-san has 20 seconds to reconnect!
|inactive|Liam ☉ Nee-san has 15 seconds to reconnect!
|inactive|Liam ☉ Nee-san has 10 seconds to reconnect!
|inactive|Liam ☉ Nee-san has 5 seconds to reconnect!
|-message|Liam ☉ Nee-san lost due to inactivity.
|
|win|taw
|inactive|Liam ☉ Nee-san has 20 seconds left this turn.
