|ScrapeTime|2020-01-02-03:35:52
|j|☆Farbol234
|j|☆nerdysamurott 2003
|player|p1|Farbol234|worker|1247
|player|p2|nerdysamurott 2003|rosa|1320
|teamsize|p1|6
|teamsize|p2|6
|gametype|singles
|gen|8
|tier|[Gen 8] OU
|rated|
|rule|Sleep Clause Mod: Limit one foe put to sleep
|rule|Species Clause: Limit one of each Pokémon
|rule|OHKO Clause: OHKO moves are banned
|rule|Evasion Moves Clause: Evasion moves are banned
|rule|Endless Battle Clause: Forcing endless battles is banned
|rule|HP Percentage Mod: HP is shown in percentages
|clearpoke
|poke|p1|Hatterene, F|
|poke|p1|Mandibuzz, F|
|poke|p1|Flapple, F|
|poke|p1|Galvantula, M|
|poke|p1|Dugtrio, F|
|poke|p1|Dragapult, M|
|poke|p2|Seismitoad, M|
|poke|p2|Cinderace, F|
|poke|p2|Aegislash, F|
|poke|p2|Ditto|
|poke|p2|Hatterene, F|
|poke|p2|Hydreigon, F|
|rule|Dynamax Clause: You cannot dynamax
|teampreview
|inactive|Battle timer is ON: inactive players will automatically lose when time's up. (requested by nerdysamurott 2003)
|
|start
|switch|p1a: Galvantula|Galvantula, M|100/100
|switch|p2a: Hatterene|Hatterene, F|100/100
|turn|1
|
|move|p1a: Galvantula|Volt Switch|p2a: Hatterene
|-damage|p2a: Hatterene|72/100
|
|switch|p1a: Dugtrio|Dugtrio, F|100/100|[from]move: Volt Switch
|move|p2a: Hatterene|Trick Room|p2a: Hatterene
|-fieldstart|move: Trick Room|[of] p2a: Hatterene
|
|-heal|p2a: Hatterene|78/100|[from] item: Leftovers
|upkeep
|turn|2
|
|switch|p1a: Hatterene|Hatterene, F|100/100
|move|p2a: Hatterene|Psychic|p1a: Hatterene
|-resisted|p1a: Hatterene
|-damage|p1a: Hatterene|74/100
|
|-heal|p2a: Hatterene|84/100|[from] item: Leftovers
|-heal|p1a: Hatterene|80/100|[from] item: Leftovers
|upkeep
|turn|3
|
|move|p2a: Hatterene|Dazzling Gleam|p1a: Hatterene
|-damage|p1a: Hatterene|28/100
|move|p1a: Hatterene|Calm Mind|p1a: Hatterene
|-boost|p1a: Hatterene|spa|1
|-boost|p1a: Hatterene|spd|1
|
|-heal|p2a: Hatterene|90/100|[from] item: Leftovers
|-heal|p1a: Hatterene|34/100|[from] item: Leftovers
|upkeep
|turn|4
|
|move|p2a: Hatterene|Dazzling Gleam|p1a: Hatterene
|-damage|p1a: Hatterene|1/100
|move|p1a: Hatterene|Draining Kiss|p2a: Hatterene
|-damage|p2a: Hatterene|42/100
|-heal|p1a: Hatterene|37/100|[from] drain|[of] p2a: Hatterene
|
|-heal|p2a: Hatterene|48/100|[from] item: Leftovers
|-heal|p1a: Hatterene|43/100|[from] item: Leftovers
|upkeep
|turn|5
|
|switch|p2a: Aegislash|Aegislash, F|100/100
|move|p1a: Hatterene|Draining Kiss|p2a: Aegislash
|-resisted|p2a: Aegislash
|-damage|p2a: Aegislash|84/100
|-heal|p1a: Hatterene|56/100|[from] drain|[of] p2a: Aegislash
|
|-heal|p1a: Hatterene|62/100|[from] item: Leftovers
|-heal|p2a: Aegislash|90/100|[from] item: Leftovers
|-fieldend|move: Trick Room
|upkeep
|turn|6
|
|switch|p1a: Mandibuzz|Mandibuzz, F|100/100
|move|p2a: Aegislash|Swords Dance|p2a: Aegislash
|-boost|p2a: Aegislash|atk|2
|
|-heal|p2a: Aegislash|96/100|[from] item: Leftovers
|upkeep
|turn|7
|
|switch|p2a: Hatterene|Hatterene, F|48/100
|move|p1a: Mandibuzz|Knock Off|p2a: Hatterene
|-damage|p2a: Hatterene|15/100
|-enditem|p2a: Hatterene|Leftovers|[from] move: Knock Off|[of] p1a: Mandibuzz
|
|upkeep
|turn|8
|
|move|p1a: Mandibuzz|U-turn|p2a: Hatterene
|-damage|p2a: Hatterene|0 fnt
|faint|p2a: Hatterene
|
|switch|p1a: Galvantula|Galvantula, M|100/100|[from]move: U-turn
|
|upkeep
|
|switch|p2a: Hydreigon|Hydreigon, F|100/100
|turn|9
|
|switch|p2a: Cinderace|Cinderace, F, shiny|100/100
|-item|p2a: Cinderace|Air Balloon
|move|p1a: Galvantula|Sticky Web|p2a: Cinderace
|-sidestart|p2: nerdysamurott 2003|move: Sticky Web
|
|upkeep
|turn|10
|
|move|p2a: Cinderace|Court Change|p2a: Cinderace
|-sideend|p2: nerdysamurott 2003|Sticky Web|[silent]
|-sidestart|p1: Farbol234|Sticky Web|[silent]
|-activate|p2a: Cinderace|move: Court Change
|move|p1a: Galvantula|Volt Switch|p2a: Cinderace
|-damage|p2a: Cinderace|54/100
|-enditem|p2a: Cinderace|Air Balloon
|
|switch|p1a: Mandibuzz|Mandibuzz, F|100/100|[from]move: Volt Switch
|
|upkeep
|turn|11
|
|move|p2a: Cinderace|Pyro Ball|p1a: Mandibuzz
|-damage|p1a: Mandibuzz|57/100
|move|p1a: Mandibuzz|Defog|p2a: Cinderace
|-unboost|p2a: Cinderace|evasion|1
|-sideend|p1: Farbol234|Sticky Web|[from] move: Defog|[of] p1a: Mandibuzz
|
|upkeep
|turn|12
|
|move|p2a: Cinderace|Pyro Ball|p1a: Mandibuzz
|-damage|p1a: Mandibuzz|16/100
|move|p1a: Mandibuzz|Roost|p1a: Mandibuzz
|-heal|p1a: Mandibuzz|66/100
|-singleturn|p1a: Mandibuzz|move: Roost
|
|upkeep
|turn|13
|
|move|p2a: Cinderace|High Jump Kick|p1a: Mandibuzz
|-damage|p1a: Mandibuzz|32/100
|move|p1a: Mandibuzz|U-turn|p2a: Cinderace
|-resisted|p2a: Cinderace
|-damage|p2a: Cinderace|44/100
|
|switch|p1a: Dragapult|Dragapult, M|100/100|[from]move: U-turn
|
|upkeep
|turn|14
|
|switch|p2a: Seismitoad|Seismitoad, M|100/100
|move|p1a: Dragapult|Draco Meteor|p2a: Seismitoad
|-damage|p2a: Seismitoad|11/100
|-unboost|p1a: Dragapult|spa|2
|
|-heal|p2a: Seismitoad|17/100|[from] item: Leftovers
|upkeep
|turn|15
|
|move|p1a: Dragapult|Draco Meteor|p2a: Seismitoad|[miss]
|-miss|p1a: Dragapult|p2a: Seismitoad
|move|p2a: Seismitoad|Stealth Rock|p1a: Dragapult
|-sidestart|p1: Farbol234|move: Stealth Rock
|
|-heal|p2a: Seismitoad|23/100|[from] item: Leftovers
|upkeep
|turn|16
|
|switch|p1a: Mandibuzz|Mandibuzz, F|32/100
|switch|p2a: Aegislash|Aegislash, F|96/100
|
|-heal|p2a: Aegislash|100/100|[from] item: Leftovers
|upkeep
|turn|17
|
|move|p1a: Mandibuzz|Roost|p1a: Mandibuzz
|-heal|p1a: Mandibuzz|82/100
|-singleturn|p1a: Mandibuzz|move: Roost
|move|p2a: Aegislash|Swords Dance|p2a: Aegislash
|-boost|p2a: Aegislash|atk|2
|
|upkeep
|turn|18
|
|move|p1a: Mandibuzz|Defog|p2a: Aegislash
|-unboost|p2a: Aegislash|evasion|1
|-sideend|p1: Farbol234|Stealth Rock|[from] move: Defog|[of] p1a: Mandibuzz
|-formechange|p2a: Aegislash|Aegislash-Blade||[from] ability: Stance Change
|move|p2a: Aegislash|Sacred Sword|p1a: Mandibuzz
|-damage|p1a: Mandibuzz|23/100
|
|upkeep
|turn|19
|
|-formechange|p2a: Aegislash|Aegislash||[from] ability: Stance Change
|move|p2a: Aegislash|King's Shield|p2a: Aegislash
|-singleturn|p2a: Aegislash|Protect
|move|p1a: Mandibuzz|U-turn|p2a: Aegislash
|-activate|p2a: Aegislash|move: Protect
|-unboost|p1a: Mandibuzz|atk|1
|
|upkeep
|turn|20
|
|switch|p1a: Dugtrio|Dugtrio, F|100/100
|move|p2a: Aegislash|Swords Dance|p2a: Aegislash
|-boost|p2a: Aegislash|atk|2
|
|upkeep
|turn|21
|
|move|p1a: Dugtrio|Earthquake|p2a: Aegislash
|-supereffective|p2a: Aegislash
|-damage|p2a: Aegislash|31/100
|-formechange|p2a: Aegislash|Aegislash-Blade||[from] ability: Stance Change
|move|p2a: Aegislash|Sacred Sword|p1a: Dugtrio
|-enditem|p1a: Dugtrio|Focus Sash
|-damage|p1a: Dugtrio|1/100
|
|-heal|p2a: Aegislash|38/100|[from] item: Leftovers
|upkeep
|turn|22
|
|move|p1a: Dugtrio|Sucker Punch|p2a: Aegislash
|-supereffective|p2a: Aegislash
|-damage|p2a: Aegislash|0 fnt
|faint|p2a: Aegislash
|
|upkeep
|
|switch|p2a: Ditto|Ditto, shiny|100/100
|-transform|p2a: Ditto|p1a: Dugtrio|[from] ability: Imposter
|turn|23
|
|move|p1a: Dugtrio|Sucker Punch|p2a: Ditto
|-damage|p2a: Ditto|61/100
|move|p2a: Ditto|Stone Edge|p1a: Dugtrio
|-resisted|p1a: Dugtrio
|-damage|p1a: Dugtrio|0 fnt
|faint|p1a: Dugtrio
|
|upkeep
|
|switch|p1a: Flapple|Flapple, F|100/100
|turn|24
|
|move|p2a: Ditto|Stone Edge|p1a: Flapple
|-crit|p1a: Flapple
|-damage|p1a: Flapple|42/100
|move|p1a: Flapple|Dragon Dance|p1a: Flapple
|-boost|p1a: Flapple|atk|1
|-boost|p1a: Flapple|spe|1
|
|upkeep
|turn|25
|
|move|p2a: Ditto|Stone Edge|p1a: Flapple
|-damage|p1a: Flapple|0 fnt
|faint|p1a: Flapple
|
|upkeep
|
|switch|p1a: Galvantula|Galvantula, M|100/100
|turn|26
|
|move|p2a: Ditto|Stone Edge|p1a: Galvantula
|-supereffective|p1a: Galvantula
|-enditem|p1a: Galvantula|Focus Sash
|-damage|p1a: Galvantula|1/100
|move|p1a: Galvantula|Bug Buzz|p2a: Ditto
|-crit|p2a: Ditto
|-damage|p2a: Ditto|0 fnt
|faint|p2a: Ditto
|
|upkeep
|
|switch|p2a: Cinderace|Cinderace, F, shiny|44/100
|turn|27
|
|move|p2a: Cinderace|U-turn|p1a: Galvantula
|-damage|p1a: Galvantula|0 fnt
|faint|p1a: Galvantula
|
|switch|p2a: Hydreigon|Hydreigon, F|100/100|[from]move: U-turn
|
|upkeep
|
|switch|p1a: Hatterene|Hatterene, F|62/100
|turn|28
|
|switch|p2a: Seismitoad|Seismitoad, M|23/100
|move|p1a: Hatterene|Draining Kiss|p2a: Seismitoad
|-damage|p2a: Seismitoad|0 fnt
|-heal|p1a: Hatterene|84/100|[from] drain|[of] p2a: Seismitoad
|faint|p2a: Seismitoad
|
|-heal|p1a: Hatterene|90/100|[from] item: Leftovers
|upkeep
|
|switch|p2a: Cinderace|Cinderace, F, shiny|44/100
|turn|29
|
|switch|p1a: Mandibuzz|Mandibuzz, F|23/100
|move|p2a: Cinderace|Pyro Ball|p1a: Mandibuzz
|-damage|p1a: Mandibuzz|0 fnt
|faint|p1a: Mandibuzz
|
|upkeep
|
|switch|p1a: Dragapult|Dragapult, M|100/100
|turn|30
|
|move|p1a: Dragapult|Draco Meteor|p2a: Cinderace
|-damage|p2a: Cinderace|0 fnt
|-unboost|p1a: Dragapult|spa|2
|faint|p2a: Cinderace
|
|upkeep
|
|switch|p2a: Hydreigon|Hydreigon, F|100/100
|turn|31
|
|switch|p1a: Hatterene|Hatterene, F|90/100
|move|p2a: Hydreigon|Nasty Plot|p2a: Hydreigon
|-boost|p2a: Hydreigon|spa|2
|
|-heal|p1a: Hatterene|96/100|[from] item: Leftovers
|upkeep
|turn|32
|
|move|p2a: Hydreigon|Flash Cannon|p1a: Hatterene
|-supereffective|p1a: Hatterene
|-damage|p1a: Hatterene|0 fnt
|faint|p1a: Hatterene
|
|upkeep
|c|☆Farbol234|OOOF
|c|☆Farbol234|XD
|
|switch|p1a: Dragapult|Dragapult, M|100/100
|turn|33
|c|☆nerdysamurott 2003|gg
|
|move|p1a: Dragapult|Draco Meteor|p2a: Hydreigon
|-supereffective|p2a: Hydreigon
|-damage|p2a: Hydreigon|0 fnt
|-unboost|p1a: Dragapult|spa|2
|faint|p2a: Hydreigon
|
|win|Farbol234
|c|☆Farbol234|GG
|raw|Farbol234's rating: 1247 → 1277(+30 for winning)
|raw|nerdysamurott 2003's rating: 1320 → 1295(-25 for losing)
