|ScrapeTime|2020-01-02-05:44:29
|j|☆Gorm_B
|j|☆Storm Zone
|player|p1|Gorm_B|52|1504
|player|p2|Storm Zone|zinnia|1462
|teamsize|p1|6
|teamsize|p2|6
|gametype|singles
|gen|8
|tier|[Gen 8] OU
|rated|
|rule|Sleep Clause Mod: Limit one foe put to sleep
|rule|Species Clause: Limit one of each Pokémon
|rule|OHKO Clause: OHKO moves are banned
|rule|Evasion Moves Clause: Evasion moves are banned
|rule|Endless Battle Clause: Forcing endless battles is banned
|rule|HP Percentage Mod: HP is shown in percentages
|clearpoke
|poke|p1|Hydreigon, M|
|poke|p1|Toxtricity, F|
|poke|p1|Corviknight, F|
|poke|p1|Tyranitar, F|
|poke|p1|Excadrill, F|
|poke|p1|Toxapex, F|
|poke|p2|Hippowdon, M|
|poke|p2|Tyranitar, M|
|poke|p2|Corviknight, M|
|poke|p2|Jellicent, M|
|poke|p2|Roserade, M|
|poke|p2|Conkeldurr, M|
|rule|Dynamax Clause: You cannot dynamax
|teampreview
|inactive|Battle timer is ON: inactive players will automatically lose when time's up. (requested by Gorm_B)
|
|start
|switch|p1a: Hydreigon|Hydreigon, M|100/100
|switch|p2a: Hades|Hippowdon, M, shiny|100/100
|-weather|Sandstorm|[from] ability: Sand Stream|[of] p2a: Hades
|turn|1
|
|move|p1a: Hydreigon|Draco Meteor|p2a: Hades
|-damage|p2a: Hades|56/100
|-unboost|p1a: Hydreigon|spa|2
|move|p2a: Hades|Stealth Rock|p1a: Hydreigon
|-sidestart|p1: Gorm_B|move: Stealth Rock
|
|-weather|Sandstorm|[upkeep]
|-damage|p1a: Hydreigon|94/100|[from] Sandstorm
|-heal|p2a: Hades|62/100|[from] item: Leftovers
|upkeep
|turn|2
|
|switch|p1a: Alonzo|Corviknight, F|100/100
|-damage|p1a: Alonzo|88/100|[from] Stealth Rock
|-ability|p1a: Alonzo|Pressure
|move|p2a: Hades|Slack Off|p2a: Hades
|-heal|p2a: Hades|100/100
|
|-weather|Sandstorm|[upkeep]
|-heal|p1a: Alonzo|94/100|[from] item: Leftovers
|upkeep
|turn|3
|
|move|p1a: Alonzo|Defog|p2a: Hades
|-unboost|p2a: Hades|evasion|1
|-sideend|p1: Gorm_B|Stealth Rock|[from] move: Defog|[of] p1a: Alonzo
|move|p2a: Hades|Stone Edge|p1a: Alonzo
|-damage|p1a: Alonzo|75/100
|
|-weather|Sandstorm|[upkeep]
|-heal|p1a: Alonzo|81/100|[from] item: Leftovers
|upkeep
|turn|4
|
|move|p1a: Alonzo|Brave Bird|p2a: Hades
|-crit|p2a: Hades
|-damage|p2a: Hades|64/100
|-damage|p1a: Alonzo|69/100|[from] Recoil
|move|p2a: Hades|Stone Edge|p1a: Alonzo
|-damage|p1a: Alonzo|52/100
|
|-weather|Sandstorm|[upkeep]
|-heal|p1a: Alonzo|58/100|[from] item: Leftovers
|-heal|p2a: Hades|70/100|[from] item: Leftovers
|upkeep
|turn|5
|
|move|p1a: Alonzo|Brave Bird|p2a: Hades
|-damage|p2a: Hades|45/100
|-damage|p1a: Alonzo|49/100|[from] Recoil
|move|p2a: Hades|Stone Edge|p1a: Alonzo
|-damage|p1a: Alonzo|33/100
|
|-weather|none
|-heal|p1a: Alonzo|39/100|[from] item: Leftovers
|-heal|p2a: Hades|51/100|[from] item: Leftovers
|upkeep
|turn|6
|
|switch|p1a: Hydreigon|Hydreigon, M|94/100
|move|p2a: Hades|Earthquake|p1a: Hydreigon
|-immune|p1a: Hydreigon|[from] ability: Levitate
|
|-heal|p2a: Hades|58/100|[from] item: Leftovers
|upkeep
|turn|7
|
|move|p1a: Hydreigon|Dark Pulse|p2a: Hades
|-damage|p2a: Hades|30/100
|move|p2a: Hades|Stealth Rock|p1a: Hydreigon
|-sidestart|p1: Gorm_B|move: Stealth Rock
|
|-heal|p2a: Hades|36/100|[from] item: Leftovers
|upkeep
|turn|8
|
|switch|p2a: Extinction|Tyranitar, M, shiny|100/100
|-weather|Sandstorm|[from] ability: Sand Stream|[of] p2a: Extinction
|move|p1a: Hydreigon|Dark Pulse|p2a: Extinction
|-resisted|p2a: Extinction
|-damage|p2a: Extinction|86/100
|
|-weather|Sandstorm|[upkeep]
|-damage|p1a: Hydreigon|88/100|[from] Sandstorm
|upkeep
|turn|9
|
|switch|p1a: Toxapex|Toxapex, F|100/100
|-damage|p1a: Toxapex|88/100|[from] Stealth Rock
|move|p2a: Extinction|Superpower|p1a: Toxapex
|-resisted|p1a: Toxapex
|-damage|p1a: Toxapex|76/100
|-unboost|p2a: Extinction|atk|1
|-unboost|p2a: Extinction|def|1
|
|-weather|Sandstorm|[upkeep]
|-damage|p1a: Toxapex|70/100|[from] Sandstorm
|-heal|p1a: Toxapex|76/100|[from] item: Black Sludge
|upkeep
|turn|10
|
|switch|p2a: Yami|Corviknight, M|100/100
|move|p1a: Toxapex|Toxic|p2a: Yami
|-immune|p2a: Yami
|
|-weather|Sandstorm|[upkeep]
|-damage|p1a: Toxapex|70/100|[from] Sandstorm
|-heal|p1a: Toxapex|76/100|[from] item: Black Sludge
|upkeep
|turn|11
|inactive|Storm Zone has 120 seconds left.
|
|switch|p1a: Alonzo|Corviknight, F|39/100
|-damage|p1a: Alonzo|27/100|[from] Stealth Rock
|-ability|p1a: Alonzo|Pressure
|move|p2a: Yami|Taunt|p1a: Alonzo
|-start|p1a: Alonzo|move: Taunt
|
|-weather|Sandstorm|[upkeep]
|-heal|p1a: Alonzo|33/100|[from] item: Leftovers
|upkeep
|turn|12
|inactive|Gorm_B has 120 seconds left.
|
|switch|p1a: Toxtricity|Toxtricity, F|100/100
|-damage|p1a: Toxtricity|88/100|[from] Stealth Rock
|move|p2a: Yami|Brave Bird|p1a: Toxtricity
|-resisted|p1a: Toxtricity
|-damage|p1a: Toxtricity|57/100
|-damage|p2a: Yami|93/100|[from] Recoil
|
|-weather|none
|-heal|p2a: Yami|99/100|[from] item: Leftovers
|upkeep
|turn|13
|inactive|Storm Zone has 120 seconds left.
|
|move|p1a: Toxtricity|Overdrive|p2a: Yami
|-supereffective|p2a: Yami
|-damage|p2a: Yami|0 fnt
|faint|p2a: Yami
|
|upkeep
|
|switch|p2a: Extinction|Tyranitar, M, shiny|86/100
|-weather|Sandstorm|[from] ability: Sand Stream|[of] p2a: Extinction
|turn|14
|
|switch|p1a: Toxapex|Toxapex, F|100/100
|-damage|p1a: Toxapex|88/100|[from] Stealth Rock
|move|p2a: Extinction|Stone Edge|p1a: Toxapex|[miss]
|-miss|p2a: Extinction|p1a: Toxapex
|
|-weather|Sandstorm|[upkeep]
|-damage|p1a: Toxapex|82/100|[from] Sandstorm
|-heal|p1a: Toxapex|88/100|[from] item: Black Sludge
|upkeep
|turn|15
|
|move|p2a: Extinction|Stone Edge|p1a: Toxapex
|-damage|p1a: Toxapex|58/100
|move|p1a: Toxapex|Scald|p2a: Extinction
|-supereffective|p2a: Extinction
|-crit|p2a: Extinction
|-damage|p2a: Extinction|50/100
|
|-weather|Sandstorm|[upkeep]
|-damage|p1a: Toxapex|52/100|[from] Sandstorm
|-heal|p1a: Toxapex|58/100|[from] item: Black Sludge
|upkeep
|turn|16
|
|switch|p2a: Ashura|Jellicent, M|100/100
|switch|p1a: Alonzo|Corviknight, F|33/100
|-damage|p1a: Alonzo|20/100|[from] Stealth Rock
|-ability|p1a: Alonzo|Pressure
|
|-weather|Sandstorm|[upkeep]
|-damage|p2a: Ashura|94/100|[from] Sandstorm
|-heal|p1a: Alonzo|27/100|[from] item: Leftovers
|-heal|p2a: Ashura|100/100|[from] item: Leftovers
|upkeep
|turn|17
|
|move|p1a: Alonzo|Roost|p1a: Alonzo
|-heal|p1a: Alonzo|77/100
|-singleturn|p1a: Alonzo|move: Roost
|move|p2a: Ashura|Will-O-Wisp|p1a: Alonzo
|-status|p1a: Alonzo|brn
|
|-weather|Sandstorm|[upkeep]
|-damage|p2a: Ashura|94/100|[from] Sandstorm
|-heal|p1a: Alonzo|83/100 brn|[from] item: Leftovers
|-heal|p2a: Ashura|100/100|[from] item: Leftovers
|-damage|p1a: Alonzo|77/100 brn|[from] brn
|upkeep
|turn|18
|
|move|p1a: Alonzo|Roost|p1a: Alonzo
|-heal|p1a: Alonzo|100/100 brn
|-singleturn|p1a: Alonzo|move: Roost
|move|p2a: Ashura|Hex|p1a: Alonzo
|-damage|p1a: Alonzo|69/100 brn
|
|-weather|none
|-heal|p1a: Alonzo|76/100 brn|[from] item: Leftovers
|-damage|p1a: Alonzo|69/100 brn|[from] brn
|upkeep
|turn|19
|
|move|p1a: Alonzo|Defog|p2a: Ashura
|-unboost|p2a: Ashura|evasion|1
|-sideend|p1: Gorm_B|Stealth Rock|[from] move: Defog|[of] p1a: Alonzo
|move|p2a: Ashura|Hex|p1a: Alonzo
|-damage|p1a: Alonzo|41/100 brn
|
|-heal|p1a: Alonzo|47/100 brn|[from] item: Leftovers
|-damage|p1a: Alonzo|41/100 brn|[from] brn
|upkeep
|turn|20
|
|move|p1a: Alonzo|Roost|p1a: Alonzo
|-heal|p1a: Alonzo|91/100 brn
|-singleturn|p1a: Alonzo|move: Roost
|move|p2a: Ashura|Hex|p1a: Alonzo
|-damage|p1a: Alonzo|59/100 brn
|
|-heal|p1a: Alonzo|65/100 brn|[from] item: Leftovers
|-damage|p1a: Alonzo|59/100 brn|[from] brn
|upkeep
|turn|21
|
|switch|p2a: Heihachi|Conkeldurr, M|100/100
|move|p1a: Alonzo|Roost|p1a: Alonzo
|-heal|p1a: Alonzo|100/100 brn
|-singleturn|p1a: Alonzo|move: Roost
|
|-damage|p1a: Alonzo|94/100 brn|[from] brn
|-status|p2a: Heihachi|brn|[from] item: Flame Orb
|upkeep
|turn|22
|
|move|p1a: Alonzo|Brave Bird|p2a: Heihachi
|-supereffective|p2a: Heihachi
|-damage|p2a: Heihachi|67/100 brn
|-damage|p1a: Alonzo|83/100 brn|[from] Recoil
|move|p2a: Heihachi|Drain Punch|p1a: Alonzo
|-damage|p1a: Alonzo|35/100 brn
|-heal|p2a: Heihachi|90/100 brn|[from] drain|[of] p1a: Alonzo
|
|-heal|p1a: Alonzo|42/100 brn|[from] item: Leftovers
|-damage|p1a: Alonzo|35/100 brn|[from] brn
|-damage|p2a: Heihachi|84/100 brn|[from] brn
|upkeep
|turn|23
|
|move|p1a: Alonzo|Roost|p1a: Alonzo
|-heal|p1a: Alonzo|85/100 brn
|-singleturn|p1a: Alonzo|move: Roost
|move|p2a: Heihachi|Drain Punch|p1a: Alonzo
|-supereffective|p1a: Alonzo
|-damage|p1a: Alonzo|0 fnt
|-heal|p2a: Heihachi|100/100 brn|[from] drain|[of] p1a: Alonzo
|faint|p1a: Alonzo
|
|-damage|p2a: Heihachi|94/100 brn|[from] brn
|upkeep
|
|switch|p1a: Toxtricity|Toxtricity, F|57/100
|turn|24
|
|switch|p2a: Hades|Hippowdon, M, shiny|36/100
|-weather|Sandstorm|[from] ability: Sand Stream|[of] p2a: Hades
|move|p1a: Toxtricity|Volt Switch|p2a: Hades
|-immune|p2a: Hades
|
|-weather|Sandstorm|[upkeep]
|-damage|p1a: Toxtricity|51/100|[from] Sandstorm
|-heal|p2a: Hades|42/100|[from] item: Leftovers
|upkeep
|turn|25
|
|switch|p1a: Hydreigon|Hydreigon, M|88/100
|move|p2a: Hades|Stealth Rock|p1a: Hydreigon
|-sidestart|p1: Gorm_B|move: Stealth Rock
|
|-weather|Sandstorm|[upkeep]
|-damage|p1a: Hydreigon|82/100|[from] Sandstorm
|-heal|p2a: Hades|48/100|[from] item: Leftovers
|upkeep
|turn|26
|
|move|p1a: Hydreigon|Dark Pulse|p2a: Hades
|-damage|p2a: Hades|18/100
|move|p2a: Hades|Slack Off|p2a: Hades
|-heal|p2a: Hades|68/100
|
|-weather|Sandstorm|[upkeep]
|-damage|p1a: Hydreigon|76/100|[from] Sandstorm
|-heal|p2a: Hades|74/100|[from] item: Leftovers
|upkeep
|turn|27
|
|move|p1a: Hydreigon|Dark Pulse|p2a: Hades
|-damage|p2a: Hades|45/100
|move|p2a: Hades|Earthquake|p1a: Hydreigon
|-immune|p1a: Hydreigon|[from] ability: Levitate
|
|-weather|Sandstorm|[upkeep]
|-damage|p1a: Hydreigon|70/100|[from] Sandstorm
|-heal|p2a: Hades|52/100|[from] item: Leftovers
|upkeep
|turn|28
|
|move|p1a: Hydreigon|Dark Pulse|p2a: Hades
|-damage|p2a: Hades|20/100
|move|p2a: Hades|Slack Off|p2a: Hades
|-heal|p2a: Hades|70/100
|
|-weather|none
|-heal|p2a: Hades|76/100|[from] item: Leftovers
|upkeep
|turn|29
|
|switch|p1a: Excadrill|Excadrill, F|100/100
|-damage|p1a: Excadrill|97/100|[from] Stealth Rock
|move|p2a: Hades|Stone Edge|p1a: Excadrill
|-resisted|p1a: Excadrill
|-damage|p1a: Excadrill|88/100
|
|-heal|p2a: Hades|82/100|[from] item: Leftovers
|upkeep
|turn|30
|
|switch|p1a: Toxapex|Toxapex, F|92/100
|-damage|p1a: Toxapex|79/100|[from] Stealth Rock
|move|p2a: Hades|Earthquake|p1a: Toxapex
|-supereffective|p1a: Toxapex
|-damage|p1a: Toxapex|29/100
|
|-heal|p2a: Hades|89/100|[from] item: Leftovers
|-heal|p1a: Toxapex|35/100|[from] item: Black Sludge
|upkeep
|turn|31
|
|switch|p2a: Heihachi|Conkeldurr, M|94/100 brn
|move|p1a: Toxapex|Recover|p1a: Toxapex
|-heal|p1a: Toxapex|85/100
|
|-heal|p1a: Toxapex|92/100|[from] item: Black Sludge
|-damage|p2a: Heihachi|88/100 brn|[from] brn
|upkeep
|turn|32
|
|move|p2a: Heihachi|Earthquake|p1a: Toxapex
|-supereffective|p1a: Toxapex
|-damage|p1a: Toxapex|25/100
|move|p1a: Toxapex|Recover|p1a: Toxapex
|-heal|p1a: Toxapex|75/100
|
|-heal|p1a: Toxapex|81/100|[from] item: Black Sludge
|-damage|p2a: Heihachi|82/100 brn|[from] brn
|upkeep
|turn|33
|
|move|p2a: Heihachi|Earthquake|p1a: Toxapex
|-supereffective|p1a: Toxapex
|-damage|p1a: Toxapex|8/100
|move|p1a: Toxapex|Recover|p1a: Toxapex
|-heal|p1a: Toxapex|58/100
|
|-heal|p1a: Toxapex|65/100|[from] item: Black Sludge
|-damage|p2a: Heihachi|76/100 brn|[from] brn
|upkeep
|turn|34
|
|switch|p1a: Hydreigon|Hydreigon, M|70/100
|-damage|p1a: Hydreigon|57/100|[from] Stealth Rock
|move|p2a: Heihachi|Drain Punch|p1a: Hydreigon
|-supereffective|p1a: Hydreigon
|-damage|p1a: Hydreigon|0 fnt
|-heal|p2a: Heihachi|99/100 brn|[from] drain|[of] p1a: Hydreigon
|faint|p1a: Hydreigon
|
|-damage|p2a: Heihachi|93/100 brn|[from] brn
|upkeep
|
|switch|p1a: Toxtricity|Toxtricity, F|51/100
|-damage|p1a: Toxtricity|39/100|[from] Stealth Rock
|turn|35
|
|switch|p2a: Extinction|Tyranitar, M, shiny|50/100
|-weather|Sandstorm|[from] ability: Sand Stream|[of] p2a: Extinction
|move|p1a: Toxtricity|Overdrive|p2a: Extinction
|-damage|p2a: Extinction|1/100
|
|-weather|Sandstorm|[upkeep]
|-damage|p1a: Toxtricity|32/100|[from] Sandstorm
|upkeep
|turn|36
|
|move|p2a: Extinction|Earthquake|p1a: Toxtricity
|-supereffective|p1a: Toxtricity
|-damage|p1a: Toxtricity|0 fnt
|faint|p1a: Toxtricity
|
|-weather|Sandstorm|[upkeep]
|upkeep
|
|switch|p1a: Excadrill|Excadrill, F|88/100
|-damage|p1a: Excadrill|85/100|[from] Stealth Rock
|turn|37
|
|move|p1a: Excadrill|Earthquake|p2a: Extinction
|-supereffective|p2a: Extinction
|-damage|p2a: Extinction|0 fnt
|-damage|p1a: Excadrill|75/100|[from] item: Life Orb
|faint|p2a: Extinction
|
|-weather|Sandstorm|[upkeep]
|upkeep
|
|switch|p2a: Heihachi|Conkeldurr, M|93/100 brn
|turn|38
|
|move|p2a: Heihachi|Mach Punch|p1a: Excadrill
|-supereffective|p1a: Excadrill
|-damage|p1a: Excadrill|0 fnt
|faint|p1a: Excadrill
|
|-weather|Sandstorm|[upkeep]
|-damage|p2a: Heihachi|87/100 brn|[from] Sandstorm
|-damage|p2a: Heihachi|81/100 brn|[from] brn
|upkeep
|
|switch|p1a: Toxapex|Toxapex, F|98/100
|-damage|p1a: Toxapex|85/100|[from] Stealth Rock
|turn|39
|-message|Gorm_B forfeited.
|
|win|Storm Zone
|l|☆Gorm_B
|raw|Gorm_B's rating: 1504 → 1482(-22 for losing)
|raw|Storm Zone's rating: 1463 → 1486(+23 for winning)
