|ScrapeTime|2020-01-01-17:14:51
|j|☆Leoogo
|j|☆hhhhjb
|player|p1|Leoogo|101|1307
|player|p2|hhhhjb|clay|1324
|teamsize|p1|6
|teamsize|p2|6
|gametype|singles
|gen|8
|tier|[Gen 8] OU
|rated|
|rule|Sleep Clause Mod: Limit one foe put to sleep
|rule|Species Clause: Limit one of each Pokémon
|rule|OHKO Clause: OHKO moves are banned
|rule|Evasion Moves Clause: Evasion moves are banned
|rule|Endless Battle Clause: Forcing endless battles is banned
|rule|HP Percentage Mod: HP is shown in percentages
|clearpoke
|poke|p1|Corsola-Galar, M|
|poke|p1|Corviknight, M|
|poke|p1|Hatterene, F|
|poke|p1|Dugtrio, M|
|poke|p1|Quagsire, M|
|poke|p1|Seismitoad, F|
|poke|p2|Seismitoad, M|
|poke|p2|Ferrothorn, M|
|poke|p2|Toxapex, F|
|poke|p2|Conkeldurr, F|
|poke|p2|Corviknight, M|
|poke|p2|Shuckle, F|
|rule|Dynamax Clause: You cannot dynamax
|teampreview
|inactive|Battle timer is ON: inactive players will automatically lose when time's up. (requested by hhhhjb)
|
|start
|switch|p1a: Hatterene|Hatterene, F|100/100
|switch|p2a: Shuckle|Shuckle, F|100/100
|turn|1
|
|move|p1a: Hatterene|Calm Mind|p1a: Hatterene
|-boost|p1a: Hatterene|spa|1
|-boost|p1a: Hatterene|spd|1
|move|p2a: Shuckle|Final Gambit|p1a: Hatterene
|-damage|p1a: Hatterene|24/100
|faint|p2a: Shuckle
|
|-heal|p1a: Hatterene|30/100|[from] item: Leftovers
|upkeep
|
|switch|p2a: Conkeldurr|Conkeldurr, F|100/100
|turn|2
|
|switch|p1a: Quagsire|Quagsire, M|100/100
|move|p2a: Conkeldurr|Thunder Punch|p1a: Quagsire
|-immune|p1a: Quagsire
|
|upkeep
|turn|3
|
|switch|p2a: Ferrothorn|Ferrothorn, M|100/100
|move|p1a: Quagsire|Scald|p2a: Ferrothorn
|-resisted|p2a: Ferrothorn
|-damage|p2a: Ferrothorn|93/100
|-status|p2a: Ferrothorn|brn
|
|-heal|p2a: Ferrothorn|99/100 brn|[from] item: Leftovers
|-damage|p2a: Ferrothorn|93/100 brn|[from] brn
|upkeep
|turn|4
|
|switch|p1a: Hatterene|Hatterene, F|30/100
|move|p2a: Ferrothorn|Gyro Ball|p1a: Hatterene
|-supereffective|p1a: Hatterene
|-damage|p1a: Hatterene|12/100
|
|-heal|p1a: Hatterene|18/100|[from] item: Leftovers
|-heal|p2a: Ferrothorn|99/100 brn|[from] item: Leftovers
|-damage|p2a: Ferrothorn|93/100 brn|[from] brn
|upkeep
|turn|5
|
|move|p1a: Hatterene|Draining Kiss|p2a: Ferrothorn
|-resisted|p2a: Ferrothorn
|-crit|p2a: Ferrothorn
|-damage|p2a: Ferrothorn|74/100 brn
|-heal|p1a: Hatterene|34/100|[from] drain|[of] p2a: Ferrothorn
|-damage|p1a: Hatterene|22/100|[from] ability: Iron Barbs|[of] p2a: Ferrothorn
|move|p2a: Ferrothorn|Gyro Ball|p1a: Hatterene
|-supereffective|p1a: Hatterene
|-damage|p1a: Hatterene|3/100
|
|-heal|p1a: Hatterene|9/100|[from] item: Leftovers
|-heal|p2a: Ferrothorn|80/100 brn|[from] item: Leftovers
|-damage|p2a: Ferrothorn|74/100 brn|[from] brn
|upkeep
|turn|6
|
|move|p1a: Hatterene|Mystical Fire|p2a: Ferrothorn
|-supereffective|p2a: Ferrothorn
|-damage|p2a: Ferrothorn|0 fnt
|faint|p2a: Ferrothorn
|
|-heal|p1a: Hatterene|15/100|[from] item: Leftovers
|upkeep
|
|switch|p2a: Seismitoad|Seismitoad, M|100/100
|turn|7
|
|move|p2a: Seismitoad|Scald|p1a: Hatterene
|-damage|p1a: Hatterene|0 fnt
|faint|p1a: Hatterene
|
|upkeep
|
|switch|p1a: Quagsire|Quagsire, M|100/100
|turn|8
|
|move|p2a: Seismitoad|Toxic|p1a: Quagsire
|-status|p1a: Quagsire|tox
|move|p1a: Quagsire|Toxic|p2a: Seismitoad
|-status|p2a: Seismitoad|tox
|
|-damage|p2a: Seismitoad|94/100 tox|[from] psn
|-damage|p1a: Quagsire|94/100 tox|[from] psn
|upkeep
|turn|9
|
|move|p2a: Seismitoad|Stealth Rock|p1a: Quagsire
|-sidestart|p1: Leoogo|move: Stealth Rock
|move|p1a: Quagsire|Scald|p2a: Seismitoad
|-heal|p2a: Seismitoad|100/100 tox|[from] ability: Water Absorb|[of] p1a: Quagsire
|
|-heal|p1a: Quagsire|100/100 tox|[from] item: Leftovers
|-damage|p2a: Seismitoad|88/100 tox|[from] psn
|-damage|p1a: Quagsire|88/100 tox|[from] psn
|upkeep
|turn|10
|
|switch|p2a: Toxapex|Toxapex, F|100/100
|move|p1a: Quagsire|Earthquake|p2a: Toxapex
|-supereffective|p2a: Toxapex
|-damage|p2a: Toxapex|62/100
|
|-heal|p1a: Quagsire|94/100 tox|[from] item: Leftovers
|-heal|p2a: Toxapex|69/100|[from] item: Black Sludge
|-damage|p1a: Quagsire|76/100 tox|[from] psn
|upkeep
|turn|11
|
|switch|p1a: Corviknight|Corviknight, M|100/100
|-damage|p1a: Corviknight|88/100|[from] Stealth Rock
|-ability|p1a: Corviknight|Pressure
|move|p2a: Toxapex|Recover|p2a: Toxapex
|-heal|p2a: Toxapex|100/100
|
|-heal|p1a: Corviknight|94/100|[from] item: Leftovers
|upkeep
|turn|12
|
|move|p1a: Corviknight|Defog|p2a: Toxapex
|-unboost|p2a: Toxapex|evasion|1
|-sideend|p1: Leoogo|Stealth Rock|[from] move: Defog|[of] p1a: Corviknight
|move|p2a: Toxapex|Scald|p1a: Corviknight
|-damage|p1a: Corviknight|83/100
|-status|p1a: Corviknight|brn
|
|-heal|p1a: Corviknight|89/100 brn|[from] item: Leftovers
|-damage|p1a: Corviknight|83/100 brn|[from] brn
|upkeep
|turn|13
|
|switch|p1a: Seismitoad|Seismitoad, F|100/100
|move|p2a: Toxapex|Toxic|p1a: Seismitoad
|-status|p1a: Seismitoad|tox
|
|-damage|p1a: Seismitoad|94/100 tox|[from] psn
|upkeep
|turn|14
|
|move|p1a: Seismitoad|Scald|p2a: Toxapex
|-resisted|p2a: Toxapex
|-damage|p2a: Toxapex|90/100
|move|p2a: Toxapex|Recover|p2a: Toxapex
|-heal|p2a: Toxapex|100/100
|
|-heal|p1a: Seismitoad|100/100 tox|[from] item: Leftovers
|-damage|p1a: Seismitoad|88/100 tox|[from] psn
|upkeep
|turn|15
|
|switch|p2a: Seismitoad|Seismitoad, M|88/100 tox
|move|p1a: Seismitoad|Earth Power|p2a: Seismitoad
|-damage|p2a: Seismitoad|61/100 tox
|
|-heal|p1a: Seismitoad|94/100 tox|[from] item: Leftovers
|-heal|p2a: Seismitoad|67/100 tox|[from] item: Leftovers
|-damage|p1a: Seismitoad|76/100 tox|[from] psn
|-damage|p2a: Seismitoad|61/100 tox|[from] psn
|upkeep
|turn|16
|
|switch|p1a: Corviknight|Corviknight, M|83/100 brn
|-ability|p1a: Corviknight|Pressure
|move|p2a: Seismitoad|Stealth Rock|p1a: Corviknight
|-sidestart|p1: Leoogo|move: Stealth Rock
|
|-heal|p2a: Seismitoad|67/100 tox|[from] item: Leftovers
|-heal|p1a: Corviknight|89/100 brn|[from] item: Leftovers
|-damage|p2a: Seismitoad|55/100 tox|[from] psn
|-damage|p1a: Corviknight|83/100 brn|[from] brn
|upkeep
|turn|17
|
|switch|p2a: Conkeldurr|Conkeldurr, F|100/100
|move|p1a: Corviknight|Defog|p2a: Conkeldurr
|-unboost|p2a: Conkeldurr|evasion|1
|-sideend|p1: Leoogo|Stealth Rock|[from] move: Defog|[of] p1a: Corviknight
|
|-heal|p1a: Corviknight|89/100 brn|[from] item: Leftovers
|-damage|p1a: Corviknight|83/100 brn|[from] brn
|upkeep
|turn|18
|
|move|p1a: Corviknight|Roost|p1a: Corviknight
|-heal|p1a: Corviknight|100/100 brn
|-singleturn|p1a: Corviknight|move: Roost
|move|p2a: Conkeldurr|Earthquake|p1a: Corviknight
|-supereffective|p1a: Corviknight
|-damage|p1a: Corviknight|34/100 brn
|
|-heal|p1a: Corviknight|41/100 brn|[from] item: Leftovers
|-damage|p1a: Corviknight|34/100 brn|[from] brn
|upkeep
|turn|19
|
|move|p1a: Corviknight|Bulk Up|p1a: Corviknight
|-boost|p1a: Corviknight|atk|1
|-boost|p1a: Corviknight|def|1
|move|p2a: Conkeldurr|Drain Punch|p1a: Corviknight
|-damage|p1a: Corviknight|4/100 brn
|
|-heal|p1a: Corviknight|10/100 brn|[from] item: Leftovers
|-damage|p1a: Corviknight|4/100 brn|[from] brn
|upkeep
|turn|20
|
|move|p2a: Conkeldurr|Mach Punch|p1a: Corviknight
|-damage|p1a: Corviknight|0 fnt
|faint|p1a: Corviknight
|
|upkeep
|
|switch|p1a: Corsola|Corsola-Galar, M|100/100
|turn|21
|
|switch|p2a: Seismitoad|Seismitoad, M|55/100 tox
|move|p1a: Corsola|Will-O-Wisp||[still]
|-fail|p1a: Corsola
|
|-heal|p2a: Seismitoad|61/100 tox|[from] item: Leftovers
|-damage|p2a: Seismitoad|55/100 tox|[from] psn
|upkeep
|turn|22
|
|switch|p1a: Seismitoad|Seismitoad, F|76/100 tox
|move|p2a: Seismitoad|Stealth Rock|p1a: Seismitoad
|-sidestart|p1: Leoogo|move: Stealth Rock
|
|-heal|p2a: Seismitoad|61/100 tox|[from] item: Leftovers
|-heal|p1a: Seismitoad|82/100 tox|[from] item: Leftovers
|-damage|p2a: Seismitoad|49/100 tox|[from] psn
|-damage|p1a: Seismitoad|76/100 tox|[from] psn
|upkeep
|turn|23
|
|switch|p2a: Corviknight|Corviknight, M|100/100
|move|p1a: Seismitoad|Earth Power|p2a: Corviknight
|-immune|p2a: Corviknight
|
|-heal|p1a: Seismitoad|82/100 tox|[from] item: Leftovers
|-damage|p1a: Seismitoad|70/100 tox|[from] psn
|upkeep
|turn|24
|
|switch|p1a: Corsola|Corsola-Galar, M|100/100
|-damage|p1a: Corsola|88/100|[from] Stealth Rock
|move|p2a: Corviknight|U-turn|p1a: Corsola
|-resisted|p1a: Corsola
|-damage|p1a: Corsola|84/100
|
|switch|p2a: Toxapex|Toxapex, F|100/100|[from]move: U-turn
|
|upkeep
|turn|25
|
|move|p2a: Toxapex|Toxic|p1a: Corsola
|-status|p1a: Corsola|tox
|move|p1a: Corsola|Stealth Rock|p2a: Toxapex
|-sidestart|p2: hhhhjb|move: Stealth Rock
|
|-damage|p1a: Corsola|78/100 tox|[from] psn
|upkeep
|turn|26
|
|move|p2a: Toxapex|Toxic|p1a: Corsola
|-fail|p1a: Corsola|tox
|move|p1a: Corsola|Strength Sap|p2a: Toxapex
|-unboost|p2a: Toxapex|atk|1
|-heal|p1a: Corsola|100/100 tox
|
|-damage|p1a: Corsola|88/100 tox|[from] psn
|upkeep
|turn|27
|
|switch|p1a: Seismitoad|Seismitoad, F|70/100 tox
|-damage|p1a: Seismitoad|64/100 tox|[from] Stealth Rock
|move|p2a: Toxapex|Toxic|p1a: Seismitoad
|-fail|p1a: Seismitoad|tox
|
|-heal|p1a: Seismitoad|70/100 tox|[from] item: Leftovers
|-damage|p1a: Seismitoad|64/100 tox|[from] psn
|upkeep
|turn|28
|
|move|p1a: Seismitoad|Scald|p2a: Toxapex
|-resisted|p2a: Toxapex
|-damage|p2a: Toxapex|91/100
|move|p2a: Toxapex|Haze|p2a: Toxapex
|-clearallboost
|
|-heal|p1a: Seismitoad|70/100 tox|[from] item: Leftovers
|-heal|p2a: Toxapex|97/100|[from] item: Black Sludge
|-damage|p1a: Seismitoad|58/100 tox|[from] psn
|upkeep
|turn|29
|
|move|p1a: Seismitoad|Scald|p2a: Toxapex
|-resisted|p2a: Toxapex
|-crit|p2a: Toxapex
|-damage|p2a: Toxapex|81/100
|move|p2a: Toxapex|Toxic|p1a: Seismitoad
|-fail|p1a: Seismitoad|tox
|
|-heal|p1a: Seismitoad|64/100 tox|[from] item: Leftovers
|-heal|p2a: Toxapex|87/100|[from] item: Black Sludge
|-damage|p1a: Seismitoad|46/100 tox|[from] psn
|upkeep
|turn|30
|
|switch|p2a: Seismitoad|Seismitoad, M|49/100 tox
|-damage|p2a: Seismitoad|43/100 tox|[from] Stealth Rock
|move|p1a: Seismitoad|Earth Power|p2a: Seismitoad
|-damage|p2a: Seismitoad|14/100 tox
|
|-heal|p1a: Seismitoad|52/100 tox|[from] item: Leftovers
|-heal|p2a: Seismitoad|20/100 tox|[from] item: Leftovers
|-damage|p1a: Seismitoad|28/100 tox|[from] psn
|-damage|p2a: Seismitoad|14/100 tox|[from] psn
|upkeep
|turn|31
|
|switch|p2a: Toxapex|Toxapex, F|100/100
|-damage|p2a: Toxapex|88/100|[from] Stealth Rock
|move|p1a: Seismitoad|Toxic|p2a: Toxapex
|-immune|p2a: Toxapex
|
|-heal|p1a: Seismitoad|34/100 tox|[from] item: Leftovers
|-heal|p2a: Toxapex|94/100|[from] item: Black Sludge
|-damage|p1a: Seismitoad|4/100 tox|[from] psn
|upkeep
|turn|32
|
|move|p1a: Seismitoad|Scald|p2a: Toxapex
|-resisted|p2a: Toxapex
|-damage|p2a: Toxapex|85/100
|-status|p2a: Toxapex|brn
|move|p2a: Toxapex|Recover|p2a: Toxapex
|-heal|p2a: Toxapex|100/100 brn
|
|-heal|p1a: Seismitoad|10/100 tox|[from] item: Leftovers
|-damage|p1a: Seismitoad|0 fnt|[from] psn
|faint|p1a: Seismitoad
|-damage|p2a: Toxapex|94/100 brn|[from] brn
|upkeep
|
|switch|p1a: Dugtrio|Dugtrio, M|100/100
|-damage|p1a: Dugtrio|94/100|[from] Stealth Rock
|turn|33
|
|move|p1a: Dugtrio|Earthquake|p2a: Toxapex
|-supereffective|p2a: Toxapex
|-damage|p2a: Toxapex|42/100 brn
|move|p2a: Toxapex|Scald|p1a: Dugtrio
|-supereffective|p1a: Dugtrio
|-damage|p1a: Dugtrio|26/100
|
|-heal|p2a: Toxapex|49/100 brn|[from] item: Black Sludge
|-damage|p2a: Toxapex|42/100 brn|[from] brn
|upkeep
|turn|34
|
|move|p1a: Dugtrio|Earthquake|p2a: Toxapex
|-supereffective|p2a: Toxapex
|-damage|p2a: Toxapex|0 fnt
|faint|p2a: Toxapex
|
|upkeep
|
|switch|p2a: Conkeldurr|Conkeldurr, F|100/100
|-damage|p2a: Conkeldurr|94/100|[from] Stealth Rock
|turn|35
|
|switch|p1a: Corsola|Corsola-Galar, M|88/100 tox
|-damage|p1a: Corsola|76/100 tox|[from] Stealth Rock
|move|p2a: Conkeldurr|Earthquake|p1a: Corsola
|-damage|p1a: Corsola|56/100 tox
|
|-damage|p1a: Corsola|50/100 tox|[from] psn
|upkeep
|turn|36
|
|switch|p2a: Seismitoad|Seismitoad, M|14/100 tox
|-damage|p2a: Seismitoad|8/100 tox|[from] Stealth Rock
|move|p1a: Corsola|Strength Sap|p2a: Seismitoad
|-unboost|p2a: Seismitoad|atk|1
|-heal|p1a: Corsola|100/100 tox
|
|-heal|p2a: Seismitoad|14/100 tox|[from] item: Leftovers
|-damage|p2a: Seismitoad|8/100 tox|[from] psn
|-damage|p1a: Corsola|88/100 tox|[from] psn
|upkeep
|turn|37
|
|switch|p2a: Corviknight|Corviknight, M|100/100
|-damage|p2a: Corviknight|88/100|[from] Stealth Rock
|switch|p1a: Quagsire|Quagsire, M|76/100 tox
|-damage|p1a: Quagsire|70/100 tox|[from] Stealth Rock
|
|-heal|p2a: Corviknight|94/100|[from] item: Leftovers
|-heal|p1a: Quagsire|76/100 tox|[from] item: Leftovers
|-damage|p1a: Quagsire|70/100 tox|[from] psn
|upkeep
|turn|38
|
|move|p2a: Corviknight|U-turn|p1a: Quagsire
|-damage|p1a: Quagsire|60/100 tox
|
|switch|p2a: Seismitoad|Seismitoad, M|8/100 tox|[from]move: U-turn
|-damage|p2a: Seismitoad|1/100 tox|[from] Stealth Rock
|move|p1a: Quagsire|Scald|p2a: Seismitoad
|-heal|p2a: Seismitoad|26/100 tox|[from] ability: Water Absorb|[of] p1a: Quagsire
|
|-heal|p2a: Seismitoad|32/100 tox|[from] item: Leftovers
|-heal|p1a: Quagsire|66/100 tox|[from] item: Leftovers
|-damage|p2a: Seismitoad|26/100 tox|[from] psn
|-damage|p1a: Quagsire|54/100 tox|[from] psn
|upkeep
|turn|39
|
|switch|p2a: Corviknight|Corviknight, M|94/100
|-damage|p2a: Corviknight|82/100|[from] Stealth Rock
|move|p1a: Quagsire|Recover|p1a: Quagsire
|-heal|p1a: Quagsire|100/100 tox
|
|-heal|p2a: Corviknight|88/100|[from] item: Leftovers
|-damage|p1a: Quagsire|82/100 tox|[from] psn
|upkeep
|turn|40
|
|move|p2a: Corviknight|Iron Head|p1a: Quagsire
|-resisted|p1a: Quagsire
|-damage|p1a: Quagsire|74/100 tox
|cant|p1a: Quagsire|flinch
|
|-heal|p2a: Corviknight|94/100|[from] item: Leftovers
|-heal|p1a: Quagsire|80/100 tox|[from] item: Leftovers
|-damage|p1a: Quagsire|56/100 tox|[from] psn
|upkeep
|turn|41
|
|move|p2a: Corviknight|U-turn|p1a: Quagsire
|-damage|p1a: Quagsire|44/100 tox
|
|switch|p2a: Seismitoad|Seismitoad, M|26/100 tox|[from]move: U-turn
|-damage|p2a: Seismitoad|20/100 tox|[from] Stealth Rock
|move|p1a: Quagsire|Recover|p1a: Quagsire
|-heal|p1a: Quagsire|94/100 tox
|
|-heal|p2a: Seismitoad|26/100 tox|[from] item: Leftovers
|-heal|p1a: Quagsire|100/100 tox|[from] item: Leftovers
|-damage|p2a: Seismitoad|20/100 tox|[from] psn
|-damage|p1a: Quagsire|70/100 tox|[from] psn
|upkeep
|turn|42
|
|switch|p2a: Corviknight|Corviknight, M|94/100
|-damage|p2a: Corviknight|82/100|[from] Stealth Rock
|switch|p1a: Corsola|Corsola-Galar, M|88/100 tox
|-damage|p1a: Corsola|76/100 tox|[from] Stealth Rock
|
|-heal|p2a: Corviknight|88/100|[from] item: Leftovers
|-damage|p1a: Corsola|70/100 tox|[from] psn
|upkeep
|turn|43
|
|move|p2a: Corviknight|Iron Head|p1a: Corsola
|-damage|p1a: Corsola|58/100 tox
|cant|p1a: Corsola|flinch
|
|-heal|p2a: Corviknight|94/100|[from] item: Leftovers
|-damage|p1a: Corsola|45/100 tox|[from] psn
|upkeep
|turn|44
|
|move|p2a: Corviknight|Iron Head|p1a: Corsola
|-damage|p1a: Corsola|33/100 tox
|move|p1a: Corsola|Strength Sap|p2a: Corviknight
|-ability|p2a: Corviknight|Mirror Armor
|-unboost|p1a: Corsola|atk|1
|-heal|p1a: Corsola|98/100 tox
|
|-heal|p2a: Corviknight|100/100|[from] item: Leftovers
|-damage|p1a: Corsola|80/100 tox|[from] psn
|upkeep
|turn|45
|
|move|p2a: Corviknight|Iron Head|p1a: Corsola
|-damage|p1a: Corsola|67/100 tox
|-start|p2a: Corviknight|Disable|Iron Head|[from] ability: Cursed Body|[of] p1a: Corsola
|move|p1a: Corsola|Will-O-Wisp|p2a: Corviknight|[miss]
|-miss|p1a: Corsola|p2a: Corviknight
|
|-damage|p1a: Corsola|42/100 tox|[from] psn
|upkeep
|turn|46
|
|move|p2a: Corviknight|Roost||[still]
|-fail|p2a: Corviknight|heal
|move|p1a: Corsola|Strength Sap|p2a: Corviknight
|-ability|p2a: Corviknight|Mirror Armor
|-unboost|p1a: Corsola|atk|1
|-heal|p1a: Corsola|100/100 tox
|
|-damage|p1a: Corsola|70/100 tox|[from] psn
|upkeep
|turn|47
|
|move|p2a: Corviknight|Roost||[still]
|-fail|p2a: Corviknight|heal
|move|p1a: Corsola|Will-O-Wisp|p2a: Corviknight
|-status|p2a: Corviknight|brn
|
|-damage|p2a: Corviknight|94/100 brn|[from] brn
|-damage|p1a: Corsola|33/100 tox|[from] psn
|upkeep
|turn|48
|
|switch|p1a: Quagsire|Quagsire, M|70/100 tox
|-damage|p1a: Quagsire|64/100 tox|[from] Stealth Rock
|move|p2a: Corviknight|Roost|p2a: Corviknight
|-heal|p2a: Corviknight|100/100 brn
|-singleturn|p2a: Corviknight|move: Roost
|
|-heal|p1a: Quagsire|70/100 tox|[from] item: Leftovers
|-damage|p2a: Corviknight|94/100 brn|[from] brn
|-damage|p1a: Quagsire|64/100 tox|[from] psn
|-end|p2a: Corviknight|Disable
|upkeep
|turn|49
|
|move|p2a: Corviknight|U-turn|p1a: Quagsire
|-damage|p1a: Quagsire|59/100 tox
|
|switch|p2a: Seismitoad|Seismitoad, M|20/100 tox|[from]move: U-turn
|-damage|p2a: Seismitoad|14/100 tox|[from] Stealth Rock
|move|p1a: Quagsire|Recover|p1a: Quagsire
|-heal|p1a: Quagsire|100/100 tox
|
|-heal|p2a: Seismitoad|20/100 tox|[from] item: Leftovers
|-damage|p2a: Seismitoad|14/100 tox|[from] psn
|-damage|p1a: Quagsire|88/100 tox|[from] psn
|upkeep
|turn|50
|
|switch|p2a: Corviknight|Corviknight, M|94/100 brn
|-damage|p2a: Corviknight|82/100 brn|[from] Stealth Rock
|move|p1a: Quagsire|Scald|p2a: Corviknight
|-damage|p2a: Corviknight|63/100 brn
|
|-heal|p2a: Corviknight|70/100 brn|[from] item: Leftovers
|-heal|p1a: Quagsire|94/100 tox|[from] item: Leftovers
|-damage|p2a: Corviknight|63/100 brn|[from] brn
|-damage|p1a: Quagsire|76/100 tox|[from] psn
|upkeep
|turn|51
|
|switch|p1a: Corsola|Corsola-Galar, M|33/100 tox
|-damage|p1a: Corsola|20/100 tox|[from] Stealth Rock
|move|p2a: Corviknight|Iron Head|p1a: Corsola
|-damage|p1a: Corsola|14/100 tox
|-start|p2a: Corviknight|Disable|Iron Head|[from] ability: Cursed Body|[of] p1a: Corsola
|
|-heal|p2a: Corviknight|70/100 brn|[from] item: Leftovers
|-damage|p2a: Corviknight|63/100 brn|[from] brn
|-damage|p1a: Corsola|8/100 tox|[from] psn
|upkeep
|turn|52
|
|move|p2a: Corviknight|U-turn|p1a: Corsola
|-resisted|p1a: Corsola
|-damage|p1a: Corsola|6/100 tox
|
|switch|p2a: Seismitoad|Seismitoad, M|14/100 tox|[from]move: U-turn
|-damage|p2a: Seismitoad|8/100 tox|[from] Stealth Rock
|move|p1a: Corsola|Strength Sap|p2a: Seismitoad
|-unboost|p2a: Seismitoad|atk|1
|-heal|p1a: Corsola|76/100 tox
|
|-heal|p2a: Seismitoad|14/100 tox|[from] item: Leftovers
|-damage|p2a: Seismitoad|8/100 tox|[from] psn
|-damage|p1a: Corsola|64/100 tox|[from] psn
|upkeep
|turn|53
|
|switch|p2a: Conkeldurr|Conkeldurr, F|94/100
|-damage|p2a: Conkeldurr|88/100|[from] Stealth Rock
|move|p1a: Corsola|Strength Sap|p2a: Conkeldurr
|-unboost|p2a: Conkeldurr|atk|1
|-heal|p1a: Corsola|100/100 tox
|
|-damage|p1a: Corsola|82/100 tox|[from] psn
|upkeep
|turn|54
|
|switch|p2a: Corviknight|Corviknight, M|63/100 brn
|-damage|p2a: Corviknight|51/100 brn|[from] Stealth Rock
|move|p1a: Corsola|Will-O-Wisp|p2a: Corviknight
|-fail|p2a: Corviknight|brn
|
|-heal|p2a: Corviknight|57/100 brn|[from] item: Leftovers
|-damage|p2a: Corviknight|51/100 brn|[from] brn
|-damage|p1a: Corsola|57/100 tox|[from] psn
|upkeep
|turn|55
|
|switch|p1a: Quagsire|Quagsire, M|76/100 tox
|-damage|p1a: Quagsire|70/100 tox|[from] Stealth Rock
|move|p2a: Corviknight|Roost|p2a: Corviknight
|-heal|p2a: Corviknight|100/100 brn
|-singleturn|p2a: Corviknight|move: Roost
|
|-heal|p1a: Quagsire|76/100 tox|[from] item: Leftovers
|-damage|p2a: Corviknight|94/100 brn|[from] brn
|-damage|p1a: Quagsire|70/100 tox|[from] psn
|upkeep
|turn|56
|
|move|p2a: Corviknight|Iron Head|p1a: Quagsire
|-resisted|p1a: Quagsire
|-damage|p1a: Quagsire|65/100 tox
|move|p1a: Quagsire|Earthquake|p2a: Corviknight
|-immune|p2a: Corviknight
|
|-heal|p2a: Corviknight|100/100 brn|[from] item: Leftovers
|-heal|p1a: Quagsire|72/100 tox|[from] item: Leftovers
|-damage|p2a: Corviknight|94/100 brn|[from] brn
|-damage|p1a: Quagsire|59/100 tox|[from] psn
|upkeep
|turn|57
|
|move|p2a: Corviknight|Iron Head|p1a: Quagsire
|-resisted|p1a: Quagsire
|-damage|p1a: Quagsire|55/100 tox
|move|p1a: Quagsire|Recover|p1a: Quagsire
|-heal|p1a: Quagsire|100/100 tox
|
|-heal|p2a: Corviknight|100/100 brn|[from] item: Leftovers
|-damage|p2a: Corviknight|94/100 brn|[from] brn
|-damage|p1a: Quagsire|82/100 tox|[from] psn
|upkeep
|turn|58
|
|switch|p1a: Corsola|Corsola-Galar, M|57/100 tox
|-damage|p1a: Corsola|45/100 tox|[from] Stealth Rock
|move|p2a: Corviknight|U-turn|p1a: Corsola
|-resisted|p1a: Corsola
|-damage|p1a: Corsola|43/100 tox
|inactive|hhhhjb has 120 seconds left.
|
|switch|p2a: Conkeldurr|Conkeldurr, F|88/100|[from]move: U-turn
|-damage|p2a: Conkeldurr|82/100|[from] Stealth Rock
|
|-damage|p1a: Corsola|37/100 tox|[from] psn
|upkeep
|turn|59
|
|switch|p2a: Corviknight|Corviknight, M|94/100 brn
|-damage|p2a: Corviknight|82/100 brn|[from] Stealth Rock
|move|p1a: Corsola|Strength Sap|p2a: Corviknight
|-ability|p2a: Corviknight|Mirror Armor
|-unboost|p1a: Corsola|atk|1
|-heal|p1a: Corsola|100/100 tox
|
|-heal|p2a: Corviknight|88/100 brn|[from] item: Leftovers
|-damage|p2a: Corviknight|82/100 brn|[from] brn
|-damage|p1a: Corsola|88/100 tox|[from] psn
|upkeep
|turn|60
|
|switch|p1a: Quagsire|Quagsire, M|82/100 tox
|-damage|p1a: Quagsire|76/100 tox|[from] Stealth Rock
|move|p2a: Corviknight|Iron Head|p1a: Quagsire
|-resisted|p1a: Quagsire
|-damage|p1a: Quagsire|72/100 tox
|
|-heal|p2a: Corviknight|88/100 brn|[from] item: Leftovers
|-heal|p1a: Quagsire|78/100 tox|[from] item: Leftovers
|-damage|p2a: Corviknight|82/100 brn|[from] brn
|-damage|p1a: Quagsire|72/100 tox|[from] psn
|upkeep
|turn|61
|
|move|p2a: Corviknight|Iron Head|p1a: Quagsire
|-resisted|p1a: Quagsire
|-damage|p1a: Quagsire|67/100 tox
|move|p1a: Quagsire|Earthquake|p2a: Corviknight
|-immune|p2a: Corviknight
|
|-heal|p2a: Corviknight|88/100 brn|[from] item: Leftovers
|-heal|p1a: Quagsire|73/100 tox|[from] item: Leftovers
|-damage|p2a: Corviknight|82/100 brn|[from] brn
|-damage|p1a: Quagsire|61/100 tox|[from] psn
|upkeep
|turn|62
|
|move|p2a: Corviknight|Iron Head|p1a: Quagsire
|-resisted|p1a: Quagsire
|-damage|p1a: Quagsire|57/100 tox
|move|p1a: Quagsire|Earthquake|p2a: Corviknight
|-immune|p2a: Corviknight
|
|-heal|p2a: Corviknight|88/100 brn|[from] item: Leftovers
|-heal|p1a: Quagsire|63/100 tox|[from] item: Leftovers
|-damage|p2a: Corviknight|82/100 brn|[from] brn
|-damage|p1a: Quagsire|45/100 tox|[from] psn
|upkeep
|turn|63
|
|move|p2a: Corviknight|U-turn|p1a: Quagsire
|-damage|p1a: Quagsire|39/100 tox
|
|switch|p2a: Conkeldurr|Conkeldurr, F|82/100|[from]move: U-turn
|-damage|p2a: Conkeldurr|76/100|[from] Stealth Rock
|move|p1a: Quagsire|Recover|p1a: Quagsire
|-heal|p1a: Quagsire|89/100 tox
|
|-heal|p1a: Quagsire|95/100 tox|[from] item: Leftovers
|-damage|p1a: Quagsire|71/100 tox|[from] psn
|upkeep
|turn|64
|
|switch|p1a: Corsola|Corsola-Galar, M|88/100 tox
|-damage|p1a: Corsola|76/100 tox|[from] Stealth Rock
|move|p2a: Conkeldurr|Earthquake|p1a: Corsola
|-damage|p1a: Corsola|55/100 tox
|
|-damage|p1a: Corsola|49/100 tox|[from] psn
|upkeep
|turn|65
|
|switch|p2a: Corviknight|Corviknight, M|82/100 brn
|-damage|p2a: Corviknight|69/100 brn|[from] Stealth Rock
|move|p1a: Corsola|Strength Sap|p2a: Corviknight
|-ability|p2a: Corviknight|Mirror Armor
|-unboost|p1a: Corsola|atk|1
|-heal|p1a: Corsola|100/100 tox
|
|-heal|p2a: Corviknight|75/100 brn|[from] item: Leftovers
|-damage|p2a: Corviknight|69/100 brn|[from] brn
|-damage|p1a: Corsola|88/100 tox|[from] psn
|upkeep
|turn|66
|
|move|p2a: Corviknight|Iron Head|p1a: Corsola
|-damage|p1a: Corsola|82/100 tox
|move|p1a: Corsola|Night Shade|p2a: Corviknight
|-damage|p2a: Corviknight|44/100 brn
|
|-heal|p2a: Corviknight|50/100 brn|[from] item: Leftovers
|-damage|p2a: Corviknight|44/100 brn|[from] brn
|-damage|p1a: Corsola|63/100 tox|[from] psn
|upkeep
|turn|67
|
|switch|p1a: Quagsire|Quagsire, M|71/100 tox
|-damage|p1a: Quagsire|65/100 tox|[from] Stealth Rock
|move|p2a: Corviknight|Roost|p2a: Corviknight
|-heal|p2a: Corviknight|94/100 brn
|-singleturn|p2a: Corviknight|move: Roost
|
|-heal|p2a: Corviknight|100/100 brn|[from] item: Leftovers
|-heal|p1a: Quagsire|71/100 tox|[from] item: Leftovers
|-damage|p2a: Corviknight|94/100 brn|[from] brn
|-damage|p1a: Quagsire|65/100 tox|[from] psn
|upkeep
|turn|68
|
|move|p2a: Corviknight|Iron Head|p1a: Quagsire
|-resisted|p1a: Quagsire
|-damage|p1a: Quagsire|60/100 tox
|cant|p1a: Quagsire|flinch
|
|-heal|p2a: Corviknight|100/100 brn|[from] item: Leftovers
|-heal|p1a: Quagsire|66/100 tox|[from] item: Leftovers
|-damage|p2a: Corviknight|94/100 brn|[from] brn
|-damage|p1a: Quagsire|54/100 tox|[from] psn
|upkeep
|turn|69
|
|move|p2a: Corviknight|U-turn|p1a: Quagsire
|-damage|p1a: Quagsire|49/100 tox
|
|switch|p2a: Conkeldurr|Conkeldurr, F|76/100|[from]move: U-turn
|-damage|p2a: Conkeldurr|70/100|[from] Stealth Rock
|move|p1a: Quagsire|Recover|p1a: Quagsire
|-heal|p1a: Quagsire|99/100 tox
|
|-heal|p1a: Quagsire|100/100 tox|[from] item: Leftovers
|-damage|p1a: Quagsire|82/100 tox|[from] psn
|upkeep
|turn|70
|
|switch|p1a: Corsola|Corsola-Galar, M|63/100 tox
|-damage|p1a: Corsola|51/100 tox|[from] Stealth Rock
|move|p2a: Conkeldurr|Drain Punch|p1a: Corsola
|-immune|p1a: Corsola
|
|-damage|p1a: Corsola|45/100 tox|[from] psn
|upkeep
|turn|71
|
|switch|p2a: Corviknight|Corviknight, M|94/100 brn
|-damage|p2a: Corviknight|82/100 brn|[from] Stealth Rock
|move|p1a: Corsola|Strength Sap|p2a: Corviknight
|-ability|p2a: Corviknight|Mirror Armor
|-unboost|p1a: Corsola|atk|1
|-heal|p1a: Corsola|100/100 tox
|
|-heal|p2a: Corviknight|88/100 brn|[from] item: Leftovers
|-damage|p2a: Corviknight|82/100 brn|[from] brn
|-damage|p1a: Corsola|88/100 tox|[from] psn
|upkeep
|turn|72
|
|switch|p1a: Quagsire|Quagsire, M|82/100 tox
|-damage|p1a: Quagsire|76/100 tox|[from] Stealth Rock
|move|p2a: Corviknight|Iron Head|p1a: Quagsire
|-resisted|p1a: Quagsire
|-crit|p1a: Quagsire
|-damage|p1a: Quagsire|70/100 tox
|
|-heal|p2a: Corviknight|88/100 brn|[from] item: Leftovers
|-heal|p1a: Quagsire|76/100 tox|[from] item: Leftovers
|-damage|p2a: Corviknight|82/100 brn|[from] brn
|-damage|p1a: Quagsire|70/100 tox|[from] psn
|upkeep
|turn|73
|
|move|p2a: Corviknight|Iron Head|p1a: Quagsire
|-resisted|p1a: Quagsire
|-damage|p1a: Quagsire|66/100 tox
|move|p1a: Quagsire|Scald|p2a: Corviknight
|-damage|p2a: Corviknight|66/100 brn
|
|-heal|p2a: Corviknight|72/100 brn|[from] item: Leftovers
|-heal|p1a: Quagsire|72/100 tox|[from] item: Leftovers
|-damage|p2a: Corviknight|66/100 brn|[from] brn
|-damage|p1a: Quagsire|60/100 tox|[from] psn
|upkeep
|turn|74
|
|move|p2a: Corviknight|Iron Head|p1a: Quagsire
|-resisted|p1a: Quagsire
|-damage|p1a: Quagsire|55/100 tox
|move|p1a: Quagsire|Earthquake|p2a: Corviknight
|-immune|p2a: Corviknight
|
|-heal|p2a: Corviknight|72/100 brn|[from] item: Leftovers
|-heal|p1a: Quagsire|61/100 tox|[from] item: Leftovers
|-damage|p2a: Corviknight|66/100 brn|[from] brn
|-damage|p1a: Quagsire|43/100 tox|[from] psn
|upkeep
|turn|75
|
|move|p2a: Corviknight|U-turn|p1a: Quagsire
|-damage|p1a: Quagsire|38/100 tox
|
|switch|p2a: Conkeldurr|Conkeldurr, F|70/100|[from]move: U-turn
|-damage|p2a: Conkeldurr|64/100|[from] Stealth Rock
|move|p1a: Quagsire|Recover|p1a: Quagsire
|-heal|p1a: Quagsire|88/100 tox
|
|-heal|p1a: Quagsire|94/100 tox|[from] item: Leftovers
|-damage|p1a: Quagsire|70/100 tox|[from] psn
|upkeep
|turn|76
|
|switch|p1a: Corsola|Corsola-Galar, M|88/100 tox
|-damage|p1a: Corsola|76/100 tox|[from] Stealth Rock
|move|p2a: Conkeldurr|Thunder Punch|p1a: Corsola
|-damage|p1a: Corsola|58/100 tox
|
|-damage|p1a: Corsola|51/100 tox|[from] psn
|upkeep
|turn|77
|
|switch|p2a: Corviknight|Corviknight, M|66/100 brn
|-damage|p2a: Corviknight|53/100 brn|[from] Stealth Rock
|move|p1a: Corsola|Strength Sap|p2a: Corviknight
|-ability|p2a: Corviknight|Mirror Armor
|-unboost|p1a: Corsola|atk|1
|-heal|p1a: Corsola|100/100 tox
|
|-heal|p2a: Corviknight|59/100 brn|[from] item: Leftovers
|-damage|p2a: Corviknight|53/100 brn|[from] brn
|-damage|p1a: Corsola|88/100 tox|[from] psn
|upkeep
|turn|78
|
|move|p2a: Corviknight|Roost|p2a: Corviknight
|-heal|p2a: Corviknight|100/100 brn
|-singleturn|p2a: Corviknight|move: Roost
|move|p1a: Corsola|Night Shade|p2a: Corviknight
|-damage|p2a: Corviknight|75/100 brn
|
|-heal|p2a: Corviknight|82/100 brn|[from] item: Leftovers
|-damage|p2a: Corviknight|75/100 brn|[from] brn
|-damage|p1a: Corsola|70/100 tox|[from] psn
|upkeep
|turn|79
|inactive|Leoogo has 120 seconds left.
|
|switch|p1a: Quagsire|Quagsire, M|70/100 tox
|-damage|p1a: Quagsire|64/100 tox|[from] Stealth Rock
|move|p2a: Corviknight|Iron Head|p1a: Quagsire
|-resisted|p1a: Quagsire
|-damage|p1a: Quagsire|60/100 tox
|
|-heal|p2a: Corviknight|82/100 brn|[from] item: Leftovers
|-heal|p1a: Quagsire|66/100 tox|[from] item: Leftovers
|-damage|p2a: Corviknight|75/100 brn|[from] brn
|-damage|p1a: Quagsire|60/100 tox|[from] psn
|upkeep
|turn|80
|inactive|Leoogo has 120 seconds left.
|
|move|p2a: Corviknight|U-turn|p1a: Quagsire
|-damage|p1a: Quagsire|54/100 tox
|
|switch|p2a: Seismitoad|Seismitoad, M|8/100 tox|[from]move: U-turn
|-damage|p2a: Seismitoad|2/100 tox|[from] Stealth Rock
|move|p1a: Quagsire|Recover|p1a: Quagsire
|-heal|p1a: Quagsire|100/100 tox
|
|-heal|p2a: Seismitoad|8/100 tox|[from] item: Leftovers
|-damage|p2a: Seismitoad|2/100 tox|[from] psn
|-damage|p1a: Quagsire|88/100 tox|[from] psn
|upkeep
|turn|81
|
|switch|p2a: Corviknight|Corviknight, M|75/100 brn
|-damage|p2a: Corviknight|63/100 brn|[from] Stealth Rock
|switch|p1a: Dugtrio|Dugtrio, M|26/100
|-damage|p1a: Dugtrio|20/100|[from] Stealth Rock
|
|-heal|p2a: Corviknight|69/100 brn|[from] item: Leftovers
|-damage|p2a: Corviknight|63/100 brn|[from] brn
|upkeep
|turn|82
|
|move|p1a: Dugtrio|Stone Edge|p2a: Corviknight
|-damage|p2a: Corviknight|46/100 brn
|move|p2a: Corviknight|Iron Head|p1a: Dugtrio
|-damage|p1a: Dugtrio|0 fnt
|faint|p1a: Dugtrio
|
|-heal|p2a: Corviknight|53/100 brn|[from] item: Leftovers
|-damage|p2a: Corviknight|46/100 brn|[from] brn
|upkeep
|
|switch|p1a: Corsola|Corsola-Galar, M|70/100 tox
|-damage|p1a: Corsola|57/100 tox|[from] Stealth Rock
|turn|83
|
|move|p2a: Corviknight|Roost|p2a: Corviknight
|-heal|p2a: Corviknight|96/100 brn
|-singleturn|p2a: Corviknight|move: Roost
|move|p1a: Corsola|Night Shade|p2a: Corviknight
|-damage|p2a: Corviknight|71/100 brn
|
|-heal|p2a: Corviknight|78/100 brn|[from] item: Leftovers
|-damage|p2a: Corviknight|71/100 brn|[from] brn
|-damage|p1a: Corsola|51/100 tox|[from] psn
|upkeep
|turn|84
|
|move|p2a: Corviknight|Defog|p1a: Corsola
|-unboost|p1a: Corsola|evasion|1
|-sideend|p1: Leoogo|Stealth Rock|[from] move: Defog|[of] p2a: Corviknight
|-sideend|p2: hhhhjb|Stealth Rock|[from] move: Defog|[of] p2a: Corviknight
|move|p1a: Corsola|Strength Sap|p2a: Corviknight
|-ability|p2a: Corviknight|Mirror Armor
|-unboost|p1a: Corsola|atk|1
|-heal|p1a: Corsola|100/100 tox
|
|-heal|p2a: Corviknight|78/100 brn|[from] item: Leftovers
|-damage|p2a: Corviknight|71/100 brn|[from] brn
|-damage|p1a: Corsola|88/100 tox|[from] psn
|upkeep
|turn|85
|
|move|p2a: Corviknight|Defog|p1a: Corsola
|-unboost|p1a: Corsola|evasion|1
|move|p1a: Corsola|Stealth Rock|p2a: Corviknight
|-sidestart|p2: hhhhjb|move: Stealth Rock
|
|-heal|p2a: Corviknight|78/100 brn|[from] item: Leftovers
|-damage|p2a: Corviknight|71/100 brn|[from] brn
|-damage|p1a: Corsola|70/100 tox|[from] psn
|upkeep
|turn|86
|
|switch|p1a: Quagsire|Quagsire, M|88/100 tox
|move|p2a: Corviknight|Defog|p1a: Quagsire
|-unboost|p1a: Quagsire|evasion|1
|-sideend|p2: hhhhjb|Stealth Rock|[from] move: Defog|[of] p2a: Corviknight
|
|-heal|p2a: Corviknight|78/100 brn|[from] item: Leftovers
|-heal|p1a: Quagsire|94/100 tox|[from] item: Leftovers
|-damage|p2a: Corviknight|71/100 brn|[from] brn
|-damage|p1a: Quagsire|88/100 tox|[from] psn
|upkeep
|turn|87
|
|switch|p2a: Seismitoad|Seismitoad, M|2/100 tox
|move|p1a: Quagsire|Scald|p2a: Seismitoad
|-heal|p2a: Seismitoad|27/100 tox|[from] ability: Water Absorb|[of] p1a: Quagsire
|
|-heal|p2a: Seismitoad|33/100 tox|[from] item: Leftovers
|-heal|p1a: Quagsire|94/100 tox|[from] item: Leftovers
|-damage|p2a: Seismitoad|27/100 tox|[from] psn
|-damage|p1a: Quagsire|82/100 tox|[from] psn
|upkeep
|turn|88
|
|switch|p2a: Corviknight|Corviknight, M|71/100 brn
|switch|p1a: Corsola|Corsola-Galar, M|70/100 tox
|
|-heal|p2a: Corviknight|78/100 brn|[from] item: Leftovers
|-damage|p2a: Corviknight|71/100 brn|[from] brn
|-damage|p1a: Corsola|63/100 tox|[from] psn
|upkeep
|turn|89
|
|move|p2a: Corviknight|Defog|p1a: Corsola
|-unboost|p1a: Corsola|evasion|1
|move|p1a: Corsola|Night Shade|p2a: Corviknight
|-damage|p2a: Corviknight|46/100 brn
|
|-heal|p2a: Corviknight|53/100 brn|[from] item: Leftovers
|-damage|p2a: Corviknight|46/100 brn|[from] brn
|-damage|p1a: Corsola|51/100 tox|[from] psn
|upkeep
|turn|90
|
|move|p2a: Corviknight|Roost|p2a: Corviknight
|-heal|p2a: Corviknight|96/100 brn
|-singleturn|p2a: Corviknight|move: Roost
|move|p1a: Corsola|Strength Sap|p2a: Corviknight
|-ability|p2a: Corviknight|Mirror Armor
|-unboost|p1a: Corsola|atk|1
|-heal|p1a: Corsola|100/100 tox
|
|-heal|p2a: Corviknight|100/100 brn|[from] item: Leftovers
|-damage|p2a: Corviknight|94/100 brn|[from] brn
|-damage|p1a: Corsola|82/100 tox|[from] psn
|upkeep
|turn|91
|inactive|hhhhjb has 120 seconds left.
|
|move|p2a: Corviknight|Defog|p1a: Corsola
|-unboost|p1a: Corsola|evasion|1
|move|p1a: Corsola|Stealth Rock|p2a: Corviknight
|-sidestart|p2: hhhhjb|move: Stealth Rock
|
|-heal|p2a: Corviknight|100/100 brn|[from] item: Leftovers
|-damage|p2a: Corviknight|94/100 brn|[from] brn
|-damage|p1a: Corsola|57/100 tox|[from] psn
|upkeep
|turn|92
|inactive|hhhhjb has 120 seconds left.
|
|switch|p1a: Quagsire|Quagsire, M|82/100 tox
|move|p2a: Corviknight|Defog|p1a: Quagsire
|-unboost|p1a: Quagsire|evasion|1
|-sideend|p2: hhhhjb|Stealth Rock|[from] move: Defog|[of] p2a: Corviknight
|
|-heal|p2a: Corviknight|100/100 brn|[from] item: Leftovers
|-heal|p1a: Quagsire|88/100 tox|[from] item: Leftovers
|-damage|p2a: Corviknight|94/100 brn|[from] brn
|-damage|p1a: Quagsire|82/100 tox|[from] psn
|upkeep
|turn|93
|inactive|hhhhjb has 120 seconds left.
|
|move|p2a: Corviknight|Iron Head|p1a: Quagsire
|-resisted|p1a: Quagsire
|-crit|p1a: Quagsire
|-damage|p1a: Quagsire|76/100 tox
|move|p1a: Quagsire|Earthquake|p2a: Corviknight
|-immune|p2a: Corviknight
|
|-heal|p2a: Corviknight|100/100 brn|[from] item: Leftovers
|-heal|p1a: Quagsire|82/100 tox|[from] item: Leftovers
|-damage|p2a: Corviknight|94/100 brn|[from] brn
|-damage|p1a: Quagsire|70/100 tox|[from] psn
|upkeep
|turn|94
|
|move|p2a: Corviknight|Defog|p1a: Quagsire
|-unboost|p1a: Quagsire|evasion|1
|move|p1a: Quagsire|Earthquake|p2a: Corviknight
|-immune|p2a: Corviknight
|
|-heal|p2a: Corviknight|100/100 brn|[from] item: Leftovers
|-heal|p1a: Quagsire|76/100 tox|[from] item: Leftovers
|-damage|p2a: Corviknight|94/100 brn|[from] brn
|-damage|p1a: Quagsire|58/100 tox|[from] psn
|upkeep
|turn|95
|
|move|p2a: Corviknight|Iron Head|p1a: Quagsire
|-resisted|p1a: Quagsire
|-damage|p1a: Quagsire|54/100 tox
|move|p1a: Quagsire|Earthquake|p2a: Corviknight
|-immune|p2a: Corviknight
|
|-heal|p2a: Corviknight|100/100 brn|[from] item: Leftovers
|-heal|p1a: Quagsire|60/100 tox|[from] item: Leftovers
|-damage|p2a: Corviknight|94/100 brn|[from] brn
|-damage|p1a: Quagsire|35/100 tox|[from] psn
|upkeep
|turn|96
|
|move|p2a: Corviknight|Iron Head|p1a: Quagsire
|-resisted|p1a: Quagsire
|-damage|p1a: Quagsire|31/100 tox
|move|p1a: Quagsire|Recover|p1a: Quagsire
|-heal|p1a: Quagsire|81/100 tox
|
|-heal|p2a: Corviknight|100/100 brn|[from] item: Leftovers
|-heal|p1a: Quagsire|87/100 tox|[from] item: Leftovers
|-damage|p2a: Corviknight|94/100 brn|[from] brn
|-damage|p1a: Quagsire|57/100 tox|[from] psn
|upkeep
|turn|97
|
|switch|p1a: Corsola|Corsola-Galar, M|57/100 tox
|move|p2a: Corviknight|U-turn|p1a: Corsola
|-resisted|p1a: Corsola
|-damage|p1a: Corsola|55/100 tox
|
|switch|p2a: Conkeldurr|Conkeldurr, F|64/100|[from]move: U-turn
|
|-damage|p1a: Corsola|49/100 tox|[from] psn
|upkeep
|turn|98
|
|switch|p2a: Corviknight|Corviknight, M|94/100 brn
|move|p1a: Corsola|Strength Sap|p2a: Corviknight
|-ability|p2a: Corviknight|Mirror Armor
|-unboost|p1a: Corsola|atk|1
|-heal|p1a: Corsola|100/100 tox
|
|-heal|p2a: Corviknight|100/100 brn|[from] item: Leftovers
|-damage|p2a: Corviknight|94/100 brn|[from] brn
|-damage|p1a: Corsola|88/100 tox|[from] psn
|upkeep
|turn|99
|inactive|hhhhjb has 90 seconds left.
|
|switch|p1a: Quagsire|Quagsire, M|57/100 tox
|move|p2a: Corviknight|Defog|p1a: Quagsire
|-unboost|p1a: Quagsire|evasion|1
|
|-heal|p2a: Corviknight|100/100 brn|[from] item: Leftovers
|-heal|p1a: Quagsire|63/100 tox|[from] item: Leftovers
|-damage|p2a: Corviknight|94/100 brn|[from] brn
|-damage|p1a: Quagsire|57/100 tox|[from] psn
|upkeep
|turn|100
|inactive|hhhhjb has 90 seconds left.
|
|switch|p1a: Corsola|Corsola-Galar, M|88/100 tox
|move|p2a: Corviknight|Defog|p1a: Corsola
|-unboost|p1a: Corsola|evasion|1
|
|-heal|p2a: Corviknight|100/100 brn|[from] item: Leftovers
|-damage|p2a: Corviknight|94/100 brn|[from] brn
|-damage|p1a: Corsola|82/100 tox|[from] psn
|upkeep
|turn|101
|inactive|hhhhjb has 90 seconds left.
|
|switch|p1a: Quagsire|Quagsire, M|57/100 tox
|move|p2a: Corviknight|Defog|p1a: Quagsire
|-unboost|p1a: Quagsire|evasion|1
|
|-heal|p2a: Corviknight|100/100 brn|[from] item: Leftovers
|-heal|p1a: Quagsire|63/100 tox|[from] item: Leftovers
|-damage|p2a: Corviknight|94/100 brn|[from] brn
|-damage|p1a: Quagsire|57/100 tox|[from] psn
|upkeep
|turn|102
|inactive|hhhhjb has 90 seconds left.
|
|switch|p1a: Corsola|Corsola-Galar, M|82/100 tox
|move|p2a: Corviknight|U-turn|p1a: Corsola
|-resisted|p1a: Corsola
|-damage|p1a: Corsola|80/100 tox
|-start|p2a: Corviknight|Disable|U-turn|[from] ability: Cursed Body|[of] p1a: Corsola
|inactive|hhhhjb has 90 seconds left.
|
|switch|p2a: Seismitoad|Seismitoad, M|27/100 tox|[from]move: U-turn
|
|-heal|p2a: Seismitoad|33/100 tox|[from] item: Leftovers
|-damage|p2a: Seismitoad|27/100 tox|[from] psn
|-damage|p1a: Corsola|74/100 tox|[from] psn
|upkeep
|turn|103
|inactive|hhhhjb has 90 seconds left.
|
|switch|p2a: Corviknight|Corviknight, M|94/100 brn
|move|p1a: Corsola|Stealth Rock|p2a: Corviknight
|-sidestart|p2: hhhhjb|move: Stealth Rock
|
|-heal|p2a: Corviknight|100/100 brn|[from] item: Leftovers
|-damage|p2a: Corviknight|94/100 brn|[from] brn
|-damage|p1a: Corsola|62/100 tox|[from] psn
|upkeep
|turn|104
|inactive|hhhhjb has 90 seconds left.
|
|switch|p1a: Quagsire|Quagsire, M|57/100 tox
|move|p2a: Corviknight|Defog|p1a: Quagsire
|-unboost|p1a: Quagsire|evasion|1
|-sideend|p2: hhhhjb|Stealth Rock|[from] move: Defog|[of] p2a: Corviknight
|
|-heal|p2a: Corviknight|100/100 brn|[from] item: Leftovers
|-heal|p1a: Quagsire|63/100 tox|[from] item: Leftovers
|-damage|p2a: Corviknight|94/100 brn|[from] brn
|-damage|p1a: Quagsire|57/100 tox|[from] psn
|upkeep
|turn|105
|inactive|hhhhjb has 90 seconds left.
|
|switch|p1a: Corsola|Corsola-Galar, M|62/100 tox
|move|p2a: Corviknight|U-turn|p1a: Corsola
|-resisted|p1a: Corsola
|-damage|p1a: Corsola|60/100 tox
|-start|p2a: Corviknight|Disable|U-turn|[from] ability: Cursed Body|[of] p1a: Corsola
|inactive|hhhhjb has 90 seconds left.
|
|switch|p2a: Seismitoad|Seismitoad, M|27/100 tox|[from]move: U-turn
|
|-heal|p2a: Seismitoad|33/100 tox|[from] item: Leftovers
|-damage|p2a: Seismitoad|27/100 tox|[from] psn
|-damage|p1a: Corsola|54/100 tox|[from] psn
|upkeep
|turn|106
|inactive|hhhhjb has 90 seconds left.
|
|switch|p1a: Quagsire|Quagsire, M|57/100 tox
|move|p2a: Seismitoad|Earthquake|p1a: Quagsire
|-damage|p1a: Quagsire|34/100 tox
|
|-heal|p2a: Seismitoad|33/100 tox|[from] item: Leftovers
|-heal|p1a: Quagsire|40/100 tox|[from] item: Leftovers
|-damage|p2a: Seismitoad|21/100 tox|[from] psn
|-damage|p1a: Quagsire|34/100 tox|[from] psn
|upkeep
|turn|107
|
|switch|p2a: Conkeldurr|Conkeldurr, F|64/100
|move|p1a: Quagsire|Recover|p1a: Quagsire
|-heal|p1a: Quagsire|84/100 tox
|
|-heal|p1a: Quagsire|90/100 tox|[from] item: Leftovers
|-damage|p1a: Quagsire|78/100 tox|[from] psn
|upkeep
|turn|108
|
|move|p2a: Conkeldurr|Earthquake|p1a: Quagsire
|-damage|p1a: Quagsire|51/100 tox
|move|p1a: Quagsire|Toxic|p2a: Conkeldurr
|-status|p2a: Conkeldurr|tox
|
|-heal|p1a: Quagsire|57/100 tox|[from] item: Leftovers
|-damage|p2a: Conkeldurr|58/100 tox|[from] psn
|-damage|p1a: Quagsire|39/100 tox|[from] psn
|upkeep
|turn|109
|
|switch|p1a: Corsola|Corsola-Galar, M|54/100 tox
|move|p2a: Conkeldurr|Drain Punch|p1a: Corsola
|-immune|p1a: Corsola
|
|-damage|p2a: Conkeldurr|46/100 tox|[from] psn
|-damage|p1a: Corsola|48/100 tox|[from] psn
|upkeep
|turn|110
|
|switch|p2a: Corviknight|Corviknight, M|94/100 brn
|move|p1a: Corsola|Strength Sap|p2a: Corviknight
|-ability|p2a: Corviknight|Mirror Armor
|-unboost|p1a: Corsola|atk|1
|-heal|p1a: Corsola|100/100 tox
|
|-heal|p2a: Corviknight|100/100 brn|[from] item: Leftovers
|-damage|p2a: Corviknight|94/100 brn|[from] brn
|-damage|p1a: Corsola|88/100 tox|[from] psn
|upkeep
|turn|111
|
|switch|p1a: Quagsire|Quagsire, M|39/100 tox
|move|p2a: Corviknight|Defog|p1a: Quagsire
|-unboost|p1a: Quagsire|evasion|1
|
|-heal|p2a: Corviknight|100/100 brn|[from] item: Leftovers
|-heal|p1a: Quagsire|45/100 tox|[from] item: Leftovers
|-damage|p2a: Corviknight|94/100 brn|[from] brn
|-damage|p1a: Quagsire|39/100 tox|[from] psn
|upkeep
|turn|112
|
|switch|p2a: Conkeldurr|Conkeldurr, F|46/100 tox
|move|p1a: Quagsire|Recover|p1a: Quagsire
|-heal|p1a: Quagsire|89/100 tox
|
|-heal|p1a: Quagsire|95/100 tox|[from] item: Leftovers
|-damage|p2a: Conkeldurr|40/100 tox|[from] psn
|-damage|p1a: Quagsire|83/100 tox|[from] psn
|upkeep
|turn|113
|
|move|p2a: Conkeldurr|Earthquake|p1a: Quagsire
|-damage|p1a: Quagsire|56/100 tox
|move|p1a: Quagsire|Earthquake|p2a: Conkeldurr
|-damage|p2a: Conkeldurr|16/100 tox
|
|-heal|p1a: Quagsire|62/100 tox|[from] item: Leftovers
|-damage|p2a: Conkeldurr|4/100 tox|[from] psn
|-damage|p1a: Quagsire|43/100 tox|[from] psn
|upkeep
|turn|114
|
|move|p2a: Conkeldurr|Drain Punch|p1a: Quagsire
|-damage|p1a: Quagsire|4/100 tox
|-heal|p2a: Conkeldurr|23/100 tox|[from] drain|[of] p1a: Quagsire
|move|p1a: Quagsire|Recover|p1a: Quagsire
|-heal|p1a: Quagsire|54/100 tox
|
|-heal|p1a: Quagsire|60/100 tox|[from] item: Leftovers
|-damage|p2a: Conkeldurr|5/100 tox|[from] psn
|-damage|p1a: Quagsire|36/100 tox|[from] psn
|upkeep
|turn|115
|
|switch|p1a: Corsola|Corsola-Galar, M|88/100 tox
|move|p2a: Conkeldurr|Earthquake|p1a: Corsola
|-damage|p1a: Corsola|67/100 tox
|-start|p2a: Conkeldurr|Disable|Earthquake|[from] ability: Cursed Body|[of] p1a: Corsola
|
|-damage|p2a: Conkeldurr|0 fnt|[from] psn
|faint|p2a: Conkeldurr
|-damage|p1a: Corsola|60/100 tox|[from] psn
|upkeep
|
|switch|p2a: Corviknight|Corviknight, M|94/100 brn
|turn|116
|
|switch|p1a: Quagsire|Quagsire, M|36/100 tox
|move|p2a: Corviknight|Iron Head|p1a: Quagsire
|-resisted|p1a: Quagsire
|-damage|p1a: Quagsire|32/100 tox
|
|-heal|p2a: Corviknight|100/100 brn|[from] item: Leftovers
|-heal|p1a: Quagsire|38/100 tox|[from] item: Leftovers
|-damage|p2a: Corviknight|94/100 brn|[from] brn
|-damage|p1a: Quagsire|32/100 tox|[from] psn
|upkeep
|turn|117
|
|move|p2a: Corviknight|Iron Head|p1a: Quagsire
|-resisted|p1a: Quagsire
|-damage|p1a: Quagsire|28/100 tox
|move|p1a: Quagsire|Recover|p1a: Quagsire
|-heal|p1a: Quagsire|78/100 tox
|
|-heal|p2a: Corviknight|100/100 brn|[from] item: Leftovers
|-heal|p1a: Quagsire|84/100 tox|[from] item: Leftovers
|-damage|p2a: Corviknight|94/100 brn|[from] brn
|-damage|p1a: Quagsire|72/100 tox|[from] psn
|upkeep
|turn|118
|
|switch|p2a: Seismitoad|Seismitoad, M|21/100 tox
|switch|p1a: Corsola|Corsola-Galar, M|60/100 tox
|
|-heal|p2a: Seismitoad|27/100 tox|[from] item: Leftovers
|-damage|p2a: Seismitoad|21/100 tox|[from] psn
|-damage|p1a: Corsola|54/100 tox|[from] psn
|upkeep
|turn|119
|
|switch|p2a: Corviknight|Corviknight, M|94/100 brn
|switch|p1a: Quagsire|Quagsire, M|72/100 tox
|
|-heal|p2a: Corviknight|100/100 brn|[from] item: Leftovers
|-heal|p1a: Quagsire|78/100 tox|[from] item: Leftovers
|-damage|p2a: Corviknight|94/100 brn|[from] brn
|-damage|p1a: Quagsire|72/100 tox|[from] psn
|upkeep
|turn|120
|
|move|p2a: Corviknight|U-turn|p1a: Quagsire
|-crit|p1a: Quagsire
|-damage|p1a: Quagsire|63/100 tox
|
|switch|p2a: Seismitoad|Seismitoad, M|21/100 tox|[from]move: U-turn
|move|p1a: Quagsire|Toxic|p2a: Seismitoad
|-fail|p2a: Seismitoad|tox
|
|-heal|p2a: Seismitoad|27/100 tox|[from] item: Leftovers
|-heal|p1a: Quagsire|70/100 tox|[from] item: Leftovers
|-damage|p2a: Seismitoad|21/100 tox|[from] psn
|-damage|p1a: Quagsire|57/100 tox|[from] psn
|upkeep
|turn|121
|
|switch|p2a: Corviknight|Corviknight, M|94/100 brn
|move|p1a: Quagsire|Recover|p1a: Quagsire
|-heal|p1a: Quagsire|100/100 tox
|
|-heal|p2a: Corviknight|100/100 brn|[from] item: Leftovers
|-damage|p2a: Corviknight|94/100 brn|[from] brn
|-damage|p1a: Quagsire|82/100 tox|[from] psn
|upkeep
|turn|122
|
|switch|p1a: Corsola|Corsola-Galar, M|54/100 tox
|move|p2a: Corviknight|Defog|p1a: Corsola
|-unboost|p1a: Corsola|evasion|1
|
|-heal|p2a: Corviknight|100/100 brn|[from] item: Leftovers
|-damage|p2a: Corviknight|94/100 brn|[from] brn
|-damage|p1a: Corsola|48/100 tox|[from] psn
|upkeep
|turn|123
|
|move|p2a: Corviknight|U-turn|p1a: Corsola
|-resisted|p1a: Corsola
|-damage|p1a: Corsola|46/100 tox
|
|switch|p2a: Seismitoad|Seismitoad, M|21/100 tox|[from]move: U-turn
|move|p1a: Corsola|Night Shade|p2a: Seismitoad
|-damage|p2a: Seismitoad|0 fnt
|faint|p2a: Seismitoad
|
|-damage|p1a: Corsola|34/100 tox|[from] psn
|upkeep
|
|switch|p2a: Corviknight|Corviknight, M|94/100 brn
|turn|124
|
|move|p2a: Corviknight|Iron Head|p1a: Corsola
|-damage|p1a: Corsola|28/100 tox
|move|p1a: Corsola|Strength Sap|p2a: Corviknight
|-ability|p2a: Corviknight|Mirror Armor
|-unboost|p1a: Corsola|atk|1
|-heal|p1a: Corsola|93/100 tox
|
|-heal|p2a: Corviknight|100/100 brn|[from] item: Leftovers
|-damage|p2a: Corviknight|94/100 brn|[from] brn
|-damage|p1a: Corsola|74/100 tox|[from] psn
|upkeep
|turn|125
|
|move|p2a: Corviknight|Iron Head|p1a: Corsola
|-damage|p1a: Corsola|68/100 tox
|move|p1a: Corsola|Night Shade|p2a: Corviknight
|-damage|p2a: Corviknight|69/100 brn
|
|-heal|p2a: Corviknight|75/100 brn|[from] item: Leftovers
|-damage|p2a: Corviknight|69/100 brn|[from] brn
|-damage|p1a: Corsola|43/100 tox|[from] psn
|upkeep
|turn|126
|
|switch|p1a: Quagsire|Quagsire, M|82/100 tox
|move|p2a: Corviknight|U-turn|p1a: Quagsire
|-damage|p1a: Quagsire|78/100 tox
|
|-heal|p2a: Corviknight|75/100 brn|[from] item: Leftovers
|-heal|p1a: Quagsire|84/100 tox|[from] item: Leftovers
|-damage|p2a: Corviknight|69/100 brn|[from] brn
|-damage|p1a: Quagsire|78/100 tox|[from] psn
|upkeep
|turn|127
|
|move|p2a: Corviknight|U-turn|p1a: Quagsire
|-damage|p1a: Quagsire|73/100 tox
|move|p1a: Quagsire|Scald|p2a: Corviknight
|-damage|p2a: Corviknight|51/100 brn
|
|-heal|p2a: Corviknight|57/100 brn|[from] item: Leftovers
|-heal|p1a: Quagsire|79/100 tox|[from] item: Leftovers
|-damage|p2a: Corviknight|51/100 brn|[from] brn
|-damage|p1a: Quagsire|66/100 tox|[from] psn
|upkeep
|turn|128
|
|switch|p1a: Corsola|Corsola-Galar, M|43/100 tox
|move|p2a: Corviknight|U-turn|p1a: Corsola
|-resisted|p1a: Corsola
|-damage|p1a: Corsola|42/100 tox
|-start|p2a: Corviknight|Disable|U-turn|[from] ability: Cursed Body|[of] p1a: Corsola
|
|-heal|p2a: Corviknight|57/100 brn|[from] item: Leftovers
|-damage|p2a: Corviknight|51/100 brn|[from] brn
|-damage|p1a: Corsola|35/100 tox|[from] psn
|upkeep
|turn|129
|inactive|hhhhjb has 60 seconds left.
|
|move|p2a: Corviknight|Roost|p2a: Corviknight
|-heal|p2a: Corviknight|100/100 brn
|-singleturn|p2a: Corviknight|move: Roost
|move|p1a: Corsola|Strength Sap|p2a: Corviknight
|-ability|p2a: Corviknight|Mirror Armor
|-unboost|p1a: Corsola|atk|1
|-heal|p1a: Corsola|100/100 tox
|
|-damage|p2a: Corviknight|94/100 brn|[from] brn
|-damage|p1a: Corsola|88/100 tox|[from] psn
|upkeep
|turn|130
|inactive|hhhhjb has 60 seconds left.
|
|switch|p1a: Quagsire|Quagsire, M|66/100 tox
|move|p2a: Corviknight|Defog|p1a: Quagsire
|-unboost|p1a: Quagsire|evasion|1
|
|-heal|p2a: Corviknight|100/100 brn|[from] item: Leftovers
|-heal|p1a: Quagsire|73/100 tox|[from] item: Leftovers
|-damage|p2a: Corviknight|94/100 brn|[from] brn
|-damage|p1a: Quagsire|66/100 tox|[from] psn
|upkeep
|turn|131
|l|☆Leoogo
|inactive|Leoogo disconnected and has a minute to reconnect!
|player|p1|
|j|☆Leoogo
|inactive|Leoogo reconnected and has 120 seconds left.
|player|p1|Leoogo|101
|
|move|p2a: Corviknight|Defog|p1a: Quagsire
|-unboost|p1a: Quagsire|evasion|1
|move|p1a: Quagsire|Scald|p2a: Corviknight
|-damage|p2a: Corviknight|76/100 brn
|
|-heal|p2a: Corviknight|82/100 brn|[from] item: Leftovers
|-heal|p1a: Quagsire|73/100 tox|[from] item: Leftovers
|-damage|p2a: Corviknight|76/100 brn|[from] brn
|-damage|p1a: Quagsire|60/100 tox|[from] psn
|-end|p2a: Corviknight|Disable
|upkeep
|turn|132
|
|switch|p1a: Corsola|Corsola-Galar, M|88/100 tox
|move|p2a: Corviknight|U-turn|p1a: Corsola
|-resisted|p1a: Corsola
|-damage|p1a: Corsola|86/100 tox
|
|-heal|p2a: Corviknight|82/100 brn|[from] item: Leftovers
|-damage|p2a: Corviknight|76/100 brn|[from] brn
|-damage|p1a: Corsola|80/100 tox|[from] psn
|upkeep
|turn|133
|inactive|Leoogo has 120 seconds left.
|
|switch|p1a: Quagsire|Quagsire, M|60/100 tox
|move|p2a: Corviknight|U-turn|p1a: Quagsire
|-damage|p1a: Quagsire|55/100 tox
|
|-heal|p2a: Corviknight|82/100 brn|[from] item: Leftovers
|-heal|p1a: Quagsire|61/100 tox|[from] item: Leftovers
|-damage|p2a: Corviknight|76/100 brn|[from] brn
|-damage|p1a: Quagsire|55/100 tox|[from] psn
|upkeep
|turn|134
|
|switch|p1a: Corsola|Corsola-Galar, M|80/100 tox
|move|p2a: Corviknight|U-turn|p1a: Corsola
|-resisted|p1a: Corsola
|-damage|p1a: Corsola|79/100 tox
|-start|p2a: Corviknight|Disable|U-turn|[from] ability: Cursed Body|[of] p1a: Corsola
|
|-heal|p2a: Corviknight|82/100 brn|[from] item: Leftovers
|-damage|p2a: Corviknight|76/100 brn|[from] brn
|-damage|p1a: Corsola|72/100 tox|[from] psn
|upkeep
|turn|135
|inactive|Leoogo has 120 seconds left.
|
|switch|p1a: Quagsire|Quagsire, M|55/100 tox
|move|p2a: Corviknight|Defog|p1a: Quagsire
|-unboost|p1a: Quagsire|evasion|1
|
|-heal|p2a: Corviknight|82/100 brn|[from] item: Leftovers
|-heal|p1a: Quagsire|61/100 tox|[from] item: Leftovers
|-damage|p2a: Corviknight|76/100 brn|[from] brn
|-damage|p1a: Quagsire|55/100 tox|[from] psn
|upkeep
|turn|136
|inactive|Leoogo has 120 seconds left.
|c|☆hhhhjb|lol youre so petty
|
|move|p2a: Corviknight|Defog|p1a: Quagsire
|-unboost|p1a: Quagsire|evasion|1
|move|p1a: Quagsire|Scald|p2a: Corviknight
|-damage|p2a: Corviknight|60/100 brn
|
|-heal|p2a: Corviknight|66/100 brn|[from] item: Leftovers
|-heal|p1a: Quagsire|61/100 tox|[from] item: Leftovers
|-damage|p2a: Corviknight|60/100 brn|[from] brn
|-damage|p1a: Quagsire|49/100 tox|[from] psn
|upkeep
|turn|137
|inactive|Leoogo has 120 seconds left.
|
|switch|p1a: Corsola|Corsola-Galar, M|72/100 tox
|move|p2a: Corviknight|Defog|p1a: Corsola
|-unboost|p1a: Corsola|evasion|1
|
|-heal|p2a: Corviknight|66/100 brn|[from] item: Leftovers
|-damage|p2a: Corviknight|60/100 brn|[from] brn
|-damage|p1a: Corsola|66/100 tox|[from] psn
|-end|p2a: Corviknight|Disable
|upkeep
|turn|138
|inactive|Leoogo has 120 seconds left.
|
|move|p2a: Corviknight|Defog|p1a: Corsola
|-unboost|p1a: Corsola|evasion|1
|move|p1a: Corsola|Night Shade|p2a: Corviknight
|-damage|p2a: Corviknight|35/100 brn
|
|-heal|p2a: Corviknight|41/100 brn|[from] item: Leftovers
|-damage|p2a: Corviknight|35/100 brn|[from] brn
|-damage|p1a: Corsola|54/100 tox|[from] psn
|upkeep
|turn|139
|
|move|p2a: Corviknight|Roost|p2a: Corviknight
|-heal|p2a: Corviknight|85/100 brn
|-singleturn|p2a: Corviknight|move: Roost
|move|p1a: Corsola|Night Shade|p2a: Corviknight
|-damage|p2a: Corviknight|60/100 brn
|
|-heal|p2a: Corviknight|66/100 brn|[from] item: Leftovers
|-damage|p2a: Corviknight|60/100 brn|[from] brn
|-damage|p1a: Corsola|35/100 tox|[from] psn
|upkeep
|turn|140
|inactive|hhhhjb has 30 seconds left.
|
|switch|p1a: Quagsire|Quagsire, M|49/100 tox
|move|p2a: Corviknight|U-turn|p1a: Quagsire
|-damage|p1a: Quagsire|44/100 tox
|
|-heal|p2a: Corviknight|66/100 brn|[from] item: Leftovers
|-heal|p1a: Quagsire|50/100 tox|[from] item: Leftovers
|-damage|p2a: Corviknight|60/100 brn|[from] brn
|-damage|p1a: Quagsire|44/100 tox|[from] psn
|upkeep
|turn|141
|inactive|hhhhjb has 30 seconds left.
|
|move|p2a: Corviknight|U-turn|p1a: Quagsire
|-damage|p1a: Quagsire|39/100 tox
|move|p1a: Quagsire|Recover|p1a: Quagsire
|-heal|p1a: Quagsire|89/100 tox
|
|-heal|p2a: Corviknight|66/100 brn|[from] item: Leftovers
|-heal|p1a: Quagsire|95/100 tox|[from] item: Leftovers
|-damage|p2a: Corviknight|60/100 brn|[from] brn
|-damage|p1a: Quagsire|83/100 tox|[from] psn
|upkeep
|turn|142
|inactive|hhhhjb has 30 seconds left this turn.
|
|switch|p1a: Corsola|Corsola-Galar, M|35/100 tox
|move|p2a: Corviknight|U-turn|p1a: Corsola
|-resisted|p1a: Corsola
|-damage|p1a: Corsola|34/100 tox
|
|-heal|p2a: Corviknight|66/100 brn|[from] item: Leftovers
|-damage|p2a: Corviknight|60/100 brn|[from] brn
|-damage|p1a: Corsola|27/100 tox|[from] psn
|upkeep
|turn|143
|inactive|hhhhjb has 30 seconds left this turn.
|
|switch|p1a: Quagsire|Quagsire, M|83/100 tox
|move|p2a: Corviknight|Defog|p1a: Quagsire
|-unboost|p1a: Quagsire|evasion|1
|
|-heal|p2a: Corviknight|66/100 brn|[from] item: Leftovers
|-heal|p1a: Quagsire|89/100 tox|[from] item: Leftovers
|-damage|p2a: Corviknight|60/100 brn|[from] brn
|-damage|p1a: Quagsire|83/100 tox|[from] psn
|upkeep
|turn|144
|inactive|hhhhjb has 30 seconds left this turn.
|inactive|hhhhjb has 20 seconds left.
|
|move|p2a: Corviknight|U-turn|p1a: Quagsire
|-crit|p1a: Quagsire
|-damage|p1a: Quagsire|75/100 tox
|move|p1a: Quagsire|Scald|p2a: Corviknight
|-damage|p2a: Corviknight|41/100 brn
|
|-heal|p2a: Corviknight|47/100 brn|[from] item: Leftovers
|-heal|p1a: Quagsire|81/100 tox|[from] item: Leftovers
|-damage|p2a: Corviknight|41/100 brn|[from] brn
|-damage|p1a: Quagsire|69/100 tox|[from] psn
|upkeep
|turn|145
|inactive|hhhhjb has 25 seconds left this turn.
|
|switch|p1a: Corsola|Corsola-Galar, M|27/100 tox
|move|p2a: Corviknight|U-turn|p1a: Corsola
|-resisted|p1a: Corsola
|-damage|p1a: Corsola|25/100 tox
|
|-heal|p2a: Corviknight|47/100 brn|[from] item: Leftovers
|-damage|p2a: Corviknight|41/100 brn|[from] brn
|-damage|p1a: Corsola|19/100 tox|[from] psn
|upkeep
|turn|146
|inactive|hhhhjb has 30 seconds left this turn.
|
|switch|p1a: Quagsire|Quagsire, M|69/100 tox
|move|p2a: Corviknight|U-turn|p1a: Quagsire
|-damage|p1a: Quagsire|64/100 tox
|
|-heal|p2a: Corviknight|47/100 brn|[from] item: Leftovers
|-heal|p1a: Quagsire|70/100 tox|[from] item: Leftovers
|-damage|p2a: Corviknight|41/100 brn|[from] brn
|-damage|p1a: Quagsire|64/100 tox|[from] psn
|upkeep
|turn|147
|inactive|hhhhjb has 30 seconds left.
|
|move|p2a: Corviknight|U-turn|p1a: Quagsire
|-damage|p1a: Quagsire|59/100 tox
|move|p1a: Quagsire|Scald|p2a: Corviknight
|-damage|p2a: Corviknight|23/100 brn
|
|-heal|p2a: Corviknight|29/100 brn|[from] item: Leftovers
|-heal|p1a: Quagsire|65/100 tox|[from] item: Leftovers
|-damage|p2a: Corviknight|23/100 brn|[from] brn
|-damage|p1a: Quagsire|53/100 tox|[from] psn
|upkeep
|turn|148
|
|switch|p1a: Corsola|Corsola-Galar, M|19/100 tox
|move|p2a: Corviknight|Roost|p2a: Corviknight
|-heal|p2a: Corviknight|73/100 brn
|-singleturn|p2a: Corviknight|move: Roost
|
|-heal|p2a: Corviknight|79/100 brn|[from] item: Leftovers
|-damage|p2a: Corviknight|73/100 brn|[from] brn
|-damage|p1a: Corsola|13/100 tox|[from] psn
|upkeep
|turn|149
|
|switch|p1a: Quagsire|Quagsire, M|53/100 tox
|move|p2a: Corviknight|U-turn|p1a: Quagsire
|-damage|p1a: Quagsire|47/100 tox
|
|-heal|p2a: Corviknight|79/100 brn|[from] item: Leftovers
|-heal|p1a: Quagsire|54/100 tox|[from] item: Leftovers
|-damage|p2a: Corviknight|73/100 brn|[from] brn
|-damage|p1a: Quagsire|47/100 tox|[from] psn
|upkeep
|turn|150
|
|switch|p1a: Corsola|Corsola-Galar, M|13/100 tox
|move|p2a: Corviknight|U-turn|p1a: Corsola
|-resisted|p1a: Corsola
|-damage|p1a: Corsola|11/100 tox
|
|-heal|p2a: Corviknight|79/100 brn|[from] item: Leftovers
|-damage|p2a: Corviknight|73/100 brn|[from] brn
|-damage|p1a: Corsola|5/100 tox|[from] psn
|upkeep
|turn|151
|
|switch|p1a: Quagsire|Quagsire, M|47/100 tox
|move|p2a: Corviknight|Defog|p1a: Quagsire
|-unboost|p1a: Quagsire|evasion|1
|
|-heal|p2a: Corviknight|79/100 brn|[from] item: Leftovers
|-heal|p1a: Quagsire|54/100 tox|[from] item: Leftovers
|-damage|p2a: Corviknight|73/100 brn|[from] brn
|-damage|p1a: Quagsire|47/100 tox|[from] psn
|upkeep
|turn|152
|inactive|hhhhjb has 30 seconds left.
|
|move|p2a: Corviknight|Defog|p1a: Quagsire
|-unboost|p1a: Quagsire|evasion|1
|move|p1a: Quagsire|Recover|p1a: Quagsire
|-heal|p1a: Quagsire|97/100 tox
|
|-heal|p2a: Corviknight|79/100 brn|[from] item: Leftovers
|-heal|p1a: Quagsire|100/100 tox|[from] item: Leftovers
|-damage|p2a: Corviknight|73/100 brn|[from] brn
|-damage|p1a: Quagsire|88/100 tox|[from] psn
|upkeep
|turn|153
|inactive|hhhhjb has 30 seconds left.
|
|move|p2a: Corviknight|Defog|p1a: Quagsire
|-unboost|p1a: Quagsire|evasion|1
|move|p1a: Quagsire|Scald|p2a: Corviknight
|-damage|p2a: Corviknight|57/100 brn
|
|-heal|p2a: Corviknight|63/100 brn|[from] item: Leftovers
|-heal|p1a: Quagsire|94/100 tox|[from] item: Leftovers
|-damage|p2a: Corviknight|57/100 brn|[from] brn
|-damage|p1a: Quagsire|76/100 tox|[from] psn
|upkeep
|turn|154
|inactive|hhhhjb has 30 seconds left.
|
|move|p2a: Corviknight|Defog|p1a: Quagsire
|-unboost|p1a: Quagsire|evasion|1
|move|p1a: Quagsire|Scald|p2a: Corviknight
|-damage|p2a: Corviknight|40/100 brn
|
|-heal|p2a: Corviknight|46/100 brn|[from] item: Leftovers
|-heal|p1a: Quagsire|82/100 tox|[from] item: Leftovers
|-damage|p2a: Corviknight|40/100 brn|[from] brn
|-damage|p1a: Quagsire|58/100 tox|[from] psn
|upkeep
|turn|155
|
|move|p2a: Corviknight|Roost|p2a: Corviknight
|-heal|p2a: Corviknight|90/100 brn
|-singleturn|p2a: Corviknight|move: Roost
|move|p1a: Quagsire|Scald|p2a: Corviknight
|-damage|p2a: Corviknight|72/100 brn
|
|-heal|p2a: Corviknight|78/100 brn|[from] item: Leftovers
|-heal|p1a: Quagsire|64/100 tox|[from] item: Leftovers
|-damage|p2a: Corviknight|72/100 brn|[from] brn
|-damage|p1a: Quagsire|33/100 tox|[from] psn
|upkeep
|turn|156
|
|switch|p1a: Corsola|Corsola-Galar, M|5/100 tox
|move|p2a: Corviknight|U-turn|p1a: Corsola
|-resisted|p1a: Corsola
|-damage|p1a: Corsola|3/100 tox
|
|-heal|p2a: Corviknight|78/100 brn|[from] item: Leftovers
|-damage|p2a: Corviknight|72/100 brn|[from] brn
|-damage|p1a: Corsola|0 fnt|[from] psn
|faint|p1a: Corsola
|upkeep
|
|switch|p1a: Quagsire|Quagsire, M|33/100 tox
|turn|157
|c|☆hhhhjb|too easy
|c|☆hhhhjb|how embarrassing is it to play so petty and still lose?
|inactive|Leoogo has 120 seconds left.
|
|move|p2a: Corviknight|U-turn|p1a: Quagsire
|-damage|p1a: Quagsire|28/100 tox
|move|p1a: Quagsire|Scald|p2a: Corviknight
|-damage|p2a: Corviknight|56/100 brn
|
|-heal|p2a: Corviknight|62/100 brn|[from] item: Leftovers
|-heal|p1a: Quagsire|34/100 tox|[from] item: Leftovers
|-damage|p2a: Corviknight|56/100 brn|[from] brn
|-damage|p1a: Quagsire|28/100 tox|[from] psn
|upkeep
|turn|158
|
|move|p2a: Corviknight|Roost|p2a: Corviknight
|-heal|p2a: Corviknight|100/100 brn
|-singleturn|p2a: Corviknight|move: Roost
|move|p1a: Quagsire|Earthquake|p2a: Corviknight
|-supereffective|p2a: Corviknight
|-damage|p2a: Corviknight|64/100 brn
|
|-heal|p2a: Corviknight|71/100 brn|[from] item: Leftovers
|-heal|p1a: Quagsire|34/100 tox|[from] item: Leftovers
|-damage|p2a: Corviknight|64/100 brn|[from] brn
|-damage|p1a: Quagsire|22/100 tox|[from] psn
|upkeep
|turn|159
|
|move|p2a: Corviknight|Roost|p2a: Corviknight
|-heal|p2a: Corviknight|100/100 brn
|-singleturn|p2a: Corviknight|move: Roost
|move|p1a: Quagsire|Earthquake|p2a: Corviknight
|-supereffective|p2a: Corviknight
|-damage|p2a: Corviknight|64/100 brn
|
|-heal|p2a: Corviknight|70/100 brn|[from] item: Leftovers
|-heal|p1a: Quagsire|28/100 tox|[from] item: Leftovers
|-damage|p2a: Corviknight|64/100 brn|[from] brn
|-damage|p1a: Quagsire|10/100 tox|[from] psn
|upkeep
|turn|160
|
|move|p2a: Corviknight|Roost|p2a: Corviknight
|-heal|p2a: Corviknight|100/100 brn
|-singleturn|p2a: Corviknight|move: Roost
|move|p1a: Quagsire|Earthquake|p2a: Corviknight
|-supereffective|p2a: Corviknight
|-damage|p2a: Corviknight|67/100 brn
|
|-heal|p2a: Corviknight|73/100 brn|[from] item: Leftovers
|-heal|p1a: Quagsire|16/100 tox|[from] item: Leftovers
|-damage|p2a: Corviknight|67/100 brn|[from] brn
|-damage|p1a: Quagsire|0 fnt|[from] psn
|faint|p1a: Quagsire
|
|win|hhhhjb
|upkeep
|c|☆hhhhjb|too easy man
|c|☆hhhhjb|learn how to play
|raw|Leoogo's rating: 1307 → 1288(-19 for losing)
|raw|hhhhjb's rating: 1324 → 1343(+19 for winning)
|l|☆hhhhjb
