|ScrapeTime|2020-01-01-19:34:31
|j|☆gothboidick
|j|☆Pokemonlad2007
|player|p1|gothboidick|hilbert|1025
|player|p2|Pokemonlad2007|ghetsis|1000
|teamsize|p1|6
|teamsize|p2|6
|gametype|singles
|gen|8
|tier|[Gen 8] OU
|rated|
|rule|Sleep Clause Mod: Limit one foe put to sleep
|rule|Species Clause: Limit one of each Pokémon
|rule|OHKO Clause: OHKO moves are banned
|rule|Evasion Moves Clause: Evasion moves are banned
|rule|Endless Battle Clause: Forcing endless battles is banned
|rule|HP Percentage Mod: HP is shown in percentages
|clearpoke
|poke|p1|Dragapult, M|
|poke|p1|Ferrothorn, F|
|poke|p1|Cinderace, F|
|poke|p1|Corsola-Galar, M|
|poke|p1|Excadrill, F|
|poke|p1|Pelipper, F|
|poke|p2|Corviknight, F|
|poke|p2|Tyranitar, F|
|poke|p2|Gyarados, M|
|poke|p2|Mimikyu, F|
|poke|p2|Grimmsnarl, M|
|poke|p2|Clefable, M|
|rule|Dynamax Clause: You cannot dynamax
|teampreview
|
|start
|switch|p1a: Ferrothorn|Ferrothorn, F, shiny|100/100
|switch|p2a: Corviknight|Corviknight, F|100/100
|-ability|p2a: Corviknight|Pressure
|turn|1
|
|move|p2a: Corviknight|Steel Beam|p1a: Ferrothorn
|-resisted|p1a: Ferrothorn
|-damage|p1a: Ferrothorn|88/100
|-damage|p2a: Corviknight|50/100|[from] mindblown
|move|p1a: Ferrothorn|Stealth Rock|p2a: Corviknight
|-sidestart|p2: Pokemonlad2007|move: Stealth Rock
|
|-heal|p2a: Corviknight|57/100|[from] item: Leftovers
|-heal|p1a: Ferrothorn|94/100|[from] item: Leftovers
|upkeep
|turn|2
|
|move|p2a: Corviknight|Brave Bird|p1a: Ferrothorn
|-damage|p1a: Ferrothorn|63/100
|-damage|p2a: Corviknight|44/100|[from] ability: Iron Barbs|[of] p1a: Ferrothorn
|-damage|p2a: Corviknight|37/100|[from] Recoil
|move|p1a: Ferrothorn|Leech Seed|p2a: Corviknight|[miss]
|-miss|p1a: Ferrothorn|p2a: Corviknight
|
|-heal|p2a: Corviknight|43/100|[from] item: Leftovers
|-heal|p1a: Ferrothorn|69/100|[from] item: Leftovers
|upkeep
|turn|3
|
|move|p2a: Corviknight|Steel Beam|p1a: Ferrothorn
|-resisted|p1a: Ferrothorn
|-damage|p1a: Ferrothorn|56/100
|-damage|p2a: Corviknight|0 fnt|[from] mindblown
|faint|p2a: Corviknight
|move|p1a: Ferrothorn|Spikes|p2: Corviknight
|-sidestart|p2: Pokemonlad2007|Spikes
|
|-heal|p1a: Ferrothorn|62/100|[from] item: Leftovers
|upkeep
|
|switch|p2a: Clefable|Clefable, M|100/100
|turn|4
|
|switch|p1a: Pelipper|Pelipper, F|100/100
|-weather|RainDance|[from] ability: Drizzle|[of] p1a: Pelipper
|move|p2a: Clefable|Fire Blast|p1a: Pelipper
|-resisted|p1a: Pelipper
|-damage|p1a: Pelipper|90/100
|
|-weather|RainDance|[upkeep]
|upkeep
|turn|5
|
|move|p2a: Clefable|Bounce||[still]
|-prepare|p2a: Clefable|Bounce|p1a: Pelipper
|move|p1a: Pelipper|Hurricane|p2a: Clefable
|-damage|p2a: Clefable|32/100
|-start|p2a: Clefable|confusion
|
|-weather|RainDance|[upkeep]
|-heal|p2a: Clefable|38/100|[from] item: Leftovers
|upkeep
|turn|6
|
|-activate|p2a: Clefable|confusion
|move|p2a: Clefable|Bounce|p1a: Pelipper|[from]lockedmove
|-damage|p1a: Pelipper|71/100
|-status|p1a: Pelipper|par
|cant|p1a: Pelipper|par
|
|-weather|RainDance|[upkeep]
|-heal|p2a: Clefable|44/100|[from] item: Leftovers
|upkeep
|turn|7
|
|-activate|p2a: Clefable|confusion
|-damage|p2a: Clefable|35/100|[from] confusion
|cant|p1a: Pelipper|par
|
|-weather|RainDance|[upkeep]
|-heal|p2a: Clefable|41/100|[from] item: Leftovers
|upkeep
|turn|8
|
|-activate|p2a: Clefable|confusion
|-damage|p2a: Clefable|32/100|[from] confusion
|move|p1a: Pelipper|Hurricane|p2a: Clefable
|-damage|p2a: Clefable|0 fnt
|faint|p2a: Clefable
|
|-weather|none
|upkeep
|
|switch|p2a: Mimikyu|Mimikyu, F|100/100
|-damage|p2a: Mimikyu|88/100|[from] Spikes
|-damage|p2a: Mimikyu|76/100|[from] Stealth Rock
|turn|9
|
|move|p2a: Mimikyu|Wood Hammer|p1a: Pelipper
|-damage|p1a: Pelipper|40/100 par
|-damage|p2a: Mimikyu|67/100|[from] Recoil
|move|p1a: Pelipper|Hurricane|p2a: Mimikyu
|-activate|p2a: Mimikyu|ability: Disguise
|-damage|p2a: Mimikyu|67/100
|detailschange|p2a: Mimikyu|Mimikyu-Busted, F
|-damage|p2a: Mimikyu|55/100|[from] ability: Disguise|[of] p2a: Mimikyu
|
|-heal|p2a: Mimikyu|61/100|[from] item: Leftovers
|upkeep
|turn|10
|
|move|p2a: Mimikyu|Play Rough|p1a: Pelipper
|-damage|p1a: Pelipper|8/100 par
|move|p1a: Pelipper|Hurricane|p2a: Mimikyu|[miss]
|-miss|p1a: Pelipper|p2a: Mimikyu
|
|-heal|p2a: Mimikyu|67/100|[from] item: Leftovers
|upkeep
|turn|11
|
|switch|p1a: Cinderace|Cinderace, F|100/100
|move|p2a: Mimikyu|Play Rough|p1a: Cinderace
|-resisted|p1a: Cinderace
|-damage|p1a: Cinderace|78/100
|-unboost|p1a: Cinderace|atk|1
|
|-heal|p2a: Mimikyu|73/100|[from] item: Leftovers
|upkeep
|turn|12
|
|move|p1a: Cinderace|Pyro Ball|p2a: Mimikyu
|-damage|p2a: Mimikyu|28/100
|move|p2a: Mimikyu|Will-O-Wisp|p1a: Cinderace
|-immune|p1a: Cinderace
|
|-heal|p2a: Mimikyu|34/100|[from] item: Leftovers
|upkeep
|turn|13
|
|move|p1a: Cinderace|Pyro Ball|p2a: Mimikyu
|-damage|p2a: Mimikyu|0 fnt
|faint|p2a: Mimikyu
|
|upkeep
|inactive|Battle timer is ON: inactive players will automatically lose when time's up. (requested by gothboidick)
|inactive|Pokemonlad2007 has 120 seconds left.
|
|switch|p2a: Tyranitar|Tyranitar, F|100/100
|-damage|p2a: Tyranitar|88/100|[from] Stealth Rock
|-damage|p2a: Tyranitar|76/100|[from] Spikes
|-weather|Sandstorm|[from] ability: Sand Stream|[of] p2a: Tyranitar
|turn|14
|
|switch|p1a: Pelipper|Pelipper, F|8/100 par
|-weather|RainDance|[from] ability: Drizzle|[of] p1a: Pelipper
|move|p2a: Tyranitar|Thunderbolt|p1a: Pelipper
|-supereffective|p1a: Pelipper
|-damage|p1a: Pelipper|0 fnt
|faint|p1a: Pelipper
|
|-weather|RainDance|[upkeep]
|-heal|p2a: Tyranitar|82/100|[from] item: Leftovers
|upkeep
|
|switch|p1a: Cinderace|Cinderace, F|78/100
|turn|15
|
|move|p1a: Cinderace|High Jump Kick|p2a: Tyranitar
|-supereffective|p2a: Tyranitar
|-damage|p2a: Tyranitar|0 fnt
|faint|p2a: Tyranitar
|
|-weather|RainDance|[upkeep]
|upkeep
|
|switch|p2a: Gyarados|Gyarados, M, shiny|100/100
|-damage|p2a: Gyarados|76/100|[from] Stealth Rock
|-ability|p2a: Gyarados|Intimidate|boost
|-unboost|p1a: Cinderace|atk|1
|turn|16
|
|switch|p1a: Dragapult|Dragapult, M|100/100
|move|p2a: Gyarados|Hydro Pump|p1a: Dragapult|[miss]
|-miss|p2a: Gyarados|p1a: Dragapult
|
|-weather|RainDance|[upkeep]
|-heal|p2a: Gyarados|82/100|[from] item: Leftovers
|upkeep
|turn|17
|
|move|p1a: Dragapult|Thunderbolt|p2a: Gyarados
|-supereffective|p2a: Gyarados
|-crit|p2a: Gyarados
|-damage|p2a: Gyarados|0 fnt
|-damage|p1a: Dragapult|91/100|[from] item: Life Orb
|faint|p2a: Gyarados
|
|-weather|RainDance|[upkeep]
|upkeep
|
|switch|p2a: Grimmsnarl|Grimmsnarl, M|100/100
|-damage|p2a: Grimmsnarl|88/100|[from] Spikes
|-damage|p2a: Grimmsnarl|76/100|[from] Stealth Rock
|turn|18
|
|move|p1a: Dragapult|Thunderbolt|p2a: Grimmsnarl
|-damage|p2a: Grimmsnarl|37/100
|-damage|p1a: Dragapult|81/100|[from] item: Life Orb
|move|p2a: Grimmsnarl|Throat Chop|p1a: Dragapult
|-supereffective|p1a: Dragapult
|-damage|p1a: Dragapult|0 fnt
|faint|p1a: Dragapult
|
|-weather|none
|-heal|p2a: Grimmsnarl|43/100|[from] item: Leftovers
|upkeep
|
|switch|p1a: Cinderace|Cinderace, F|78/100
|turn|19
|
|move|p1a: Cinderace|Pyro Ball|p2a: Grimmsnarl
|-damage|p2a: Grimmsnarl|0 fnt
|faint|p2a: Grimmsnarl
|
|win|gothboidick
|l|☆gothboidick
