|ScrapeTime|2020-01-01-20:45:07
|j|☆DabiYtm
|j|☆Wu Warrior2
|player|p1|DabiYtm|102|1113
|player|p2|Wu Warrior2|126|1148
|teamsize|p1|6
|teamsize|p2|6
|gametype|singles
|gen|8
|tier|[Gen 8] OU
|rated|
|rule|Sleep Clause Mod: Limit one foe put to sleep
|rule|Species Clause: Limit one of each Pokémon
|rule|OHKO Clause: OHKO moves are banned
|rule|Evasion Moves Clause: Evasion moves are banned
|rule|Endless Battle Clause: Forcing endless battles is banned
|rule|HP Percentage Mod: HP is shown in percentages
|clearpoke
|poke|p1|Excadrill, F|
|poke|p1|Grimmsnarl, M|
|poke|p1|Dragapult, M|
|poke|p1|Toxapex, F|
|poke|p1|Rotom-Wash|
|poke|p1|Ditto|
|poke|p2|Clefable, M|
|poke|p2|Inteleon, F|
|poke|p2|Toxtricity, M|
|poke|p2|Dracovish|
|poke|p2|Whimsicott, M|
|poke|p2|Excadrill, F|
|rule|Dynamax Clause: You cannot dynamax
|teampreview
|inactive|Battle timer is ON: inactive players will automatically lose when time's up. (requested by Wu Warrior2)
|inactive|DabiYtm has 120 seconds left.
|
|start
|switch|p1a: Excadrill|Excadrill, F|100/100
|switch|p2a: Inteleon|Inteleon, F|100/100
|-ability|p1a: Excadrill|Mold Breaker
|turn|1
|inactive|DabiYtm has 120 seconds left.
|
|switch|p1a: Rotom|Rotom-Wash|100/100
|move|p2a: Inteleon|Reflect|p2a: Inteleon
|-sidestart|p2: Wu Warrior2|Reflect
|
|upkeep
|turn|2
|inactive|DabiYtm has 90 seconds left.
|
|move|p2a: Inteleon|Light Screen|p2a: Inteleon
|-sidestart|p2: Wu Warrior2|move: Light Screen
|move|p1a: Rotom|Thunderbolt|p2a: Inteleon
|-supereffective|p2a: Inteleon
|-damage|p2a: Inteleon|54/100
|
|upkeep
|turn|3
|
|move|p2a: Inteleon|U-turn|p1a: Rotom
|-damage|p1a: Rotom|88/100
|
|switch|p2a: Excadrill|Excadrill, F|100/100|[from]move: U-turn
|-ability|p2a: Excadrill|Mold Breaker
|move|p1a: Rotom|Will-O-Wisp|p2a: Excadrill
|-status|p2a: Excadrill|brn
|
|-damage|p2a: Excadrill|94/100 brn|[from] brn
|upkeep
|turn|4
|
|switch|p2a: Whimsicott|Whimsicott, M|100/100
|move|p1a: Rotom|Hydro Pump|p2a: Whimsicott|[miss]
|-miss|p1a: Rotom|p2a: Whimsicott
|
|upkeep
|turn|5
|
|switch|p1a: Toxapex|Toxapex, F|100/100
|move|p2a: Whimsicott|Substitute|p2a: Whimsicott
|-start|p2a: Whimsicott|Substitute
|-damage|p2a: Whimsicott|76/100
|
|-heal|p2a: Whimsicott|82/100|[from] item: Leftovers
|upkeep
|turn|6
|inactive|DabiYtm has 60 seconds left.
|
|switch|p1a: Dragapult|Dragapult, M|100/100
|move|p2a: Whimsicott|Leech Seed|p1a: Dragapult
|-start|p1a: Dragapult|move: Leech Seed
|
|-heal|p2a: Whimsicott|88/100|[from] item: Leftovers
|-damage|p1a: Dragapult|88/100|[from] Leech Seed|[of] p2a: Whimsicott
|-heal|p2a: Whimsicott|100/100|[silent]
|upkeep
|turn|7
|
|move|p1a: Dragapult|Fire Blast|p2a: Whimsicott
|-supereffective|p2a: Whimsicott
|-damage|p2a: Whimsicott|0 fnt
|faint|p2a: Whimsicott
|
|upkeep
|inactive|Wu Warrior2 has 120 seconds left.
|
|switch|p2a: Clefable|Clefable, M|100/100
|turn|8
|inactive|DabiYtm has 60 seconds left.
|
|switch|p1a: Excadrill|Excadrill, F|100/100
|-ability|p1a: Excadrill|Mold Breaker
|switch|p2a: Toxtricity|Toxtricity, M|100/100
|
|-sideend|p2: Wu Warrior2|Reflect
|upkeep
|turn|9
|inactive|DabiYtm has 60 seconds left.
|
|move|p2a: Toxtricity|Boomburst|p1a: Excadrill
|-resisted|p1a: Excadrill
|-damage|p1a: Excadrill|61/100
|move|p1a: Excadrill|Earthquake|p2a: Toxtricity
|-supereffective|p2a: Toxtricity
|-damage|p2a: Toxtricity|0 fnt
|faint|p2a: Toxtricity
|
|-sideend|p2: Wu Warrior2|move: Light Screen
|upkeep
|inactive|Wu Warrior2 has 120 seconds left.
|
|switch|p2a: Dracovish|Dracovish|100/100
|turn|10
|
|switch|p1a: Grimmsnarl|Grimmsnarl, M|100/100
|move|p2a: Dracovish|Dragon Rush|p1a: Grimmsnarl
|-immune|p1a: Grimmsnarl
|
|upkeep
|turn|11
|
|switch|p2a: Inteleon|Inteleon, F|54/100
|move|p1a: Grimmsnarl|Spirit Break|p2a: Inteleon
|-damage|p2a: Inteleon|0 fnt
|-damage|p1a: Grimmsnarl|91/100|[from] item: Life Orb
|faint|p2a: Inteleon
|
|upkeep
|
|switch|p2a: Clefable|Clefable, M|100/100
|turn|12
|
|switch|p1a: Excadrill|Excadrill, F|61/100
|-ability|p1a: Excadrill|Mold Breaker
|move|p2a: Clefable|Moonblast|p1a: Excadrill
|-resisted|p1a: Excadrill
|-damage|p1a: Excadrill|36/100
|
|upkeep
|turn|13
|
|switch|p2a: Excadrill|Excadrill, F|94/100 brn
|-ability|p2a: Excadrill|Mold Breaker
|move|p1a: Excadrill|Stealth Rock|p2a: Excadrill
|-sidestart|p2: Wu Warrior2|move: Stealth Rock
|
|-damage|p2a: Excadrill|88/100 brn|[from] brn
|upkeep
|turn|14
|inactive|DabiYtm has 30 seconds left.
|inactive|DabiYtm has 20 seconds left.
|
|switch|p1a: Rotom|Rotom-Wash|88/100
|move|p2a: Excadrill|Rapid Spin|p1a: Rotom
|-damage|p1a: Rotom|80/100
|-sideend|p2: Wu Warrior2|Stealth Rock|[from] move: Rapid Spin|[of] p2a: Excadrill
|-boost|p2a: Excadrill|spe|1
|
|-damage|p2a: Excadrill|82/100 brn|[from] brn
|upkeep
|turn|15
|inactive|DabiYtm has 30 seconds left this turn.
|
|move|p2a: Excadrill|Earthquake|p1a: Rotom
|-supereffective|p1a: Rotom
|-damage|p1a: Rotom|34/100
|move|p1a: Rotom|Hydro Pump|p2a: Excadrill
|-supereffective|p2a: Excadrill
|-damage|p2a: Excadrill|0 fnt
|faint|p2a: Excadrill
|
|upkeep
|inactive|DabiYtm has 30 seconds left this turn.
|
|switch|p2a: Dracovish|Dracovish|100/100
|turn|16
|inactive|DabiYtm has 30 seconds left.
|
|switch|p1a: Grimmsnarl|Grimmsnarl, M|91/100
|move|p2a: Dracovish|Dragon Rush|p1a: Grimmsnarl
|-immune|p1a: Grimmsnarl
|
|upkeep
|turn|17
|
|move|p2a: Dracovish|Dragon Rush|p1a: Grimmsnarl
|-immune|p1a: Grimmsnarl
|move|p1a: Grimmsnarl|Spirit Break|p2a: Dracovish
|-supereffective|p2a: Dracovish
|-damage|p2a: Dracovish|3/100
|-unboost|p2a: Dracovish|spa|1
|-damage|p1a: Grimmsnarl|81/100|[from] item: Life Orb
|
|upkeep
|turn|18
|
|move|p1a: Grimmsnarl|Substitute|p1a: Grimmsnarl
|-start|p1a: Grimmsnarl|Substitute
|-damage|p1a: Grimmsnarl|56/100
|move|p2a: Dracovish|Fishious Rend|p1a: Grimmsnarl
|-end|p1a: Grimmsnarl|Substitute
|
|upkeep
|turn|19
|
|move|p2a: Dracovish|Fishious Rend|p1a: Grimmsnarl
|-damage|p1a: Grimmsnarl|0 fnt
|faint|p1a: Grimmsnarl
|
|upkeep
|
|switch|p1a: Dragapult|Dragapult, M|88/100
|turn|20
|
|move|p1a: Dragapult|Draco Meteor|p2a: Dracovish
|-supereffective|p2a: Dracovish
|-damage|p2a: Dracovish|0 fnt
|-unboost|p1a: Dragapult|spa|2
|faint|p2a: Dracovish
|
|upkeep
|
|switch|p2a: Clefable|Clefable, M|100/100
|turn|21
|inactive|DabiYtm has 60 seconds left.
|
|switch|p1a: Toxapex|Toxapex, F|100/100
|move|p2a: Clefable|Calm Mind|p2a: Clefable
|-boost|p2a: Clefable|spa|1
|-boost|p2a: Clefable|spd|1
|
|upkeep
|turn|22
|inactive|DabiYtm has 60 seconds left.
|
|move|p2a: Clefable|Calm Mind|p2a: Clefable
|-boost|p2a: Clefable|spa|1
|-boost|p2a: Clefable|spd|1
|move|p1a: Toxapex|Toxic|p2a: Clefable
|-status|p2a: Clefable|tox
|
|upkeep
|turn|23
|
|move|p2a: Clefable|Moonblast|p1a: Toxapex
|-resisted|p1a: Toxapex
|-damage|p1a: Toxapex|80/100
|-unboost|p1a: Toxapex|spa|1
|move|p1a: Toxapex|Haze|p1a: Toxapex
|-clearallboost
|
|-heal|p1a: Toxapex|86/100|[from] item: Black Sludge
|upkeep
|turn|24
|inactive|Wu Warrior2 has 120 seconds left.
|inactive|Wu Warrior2 has 90 seconds left.
|inactive|Wu Warrior2 has 60 seconds left.
|inactive|Wu Warrior2 has 30 seconds left.
|inactive|Wu Warrior2 has 20 seconds left.
|inactive|Wu Warrior2 has 15 seconds left.
|inactive|Wu Warrior2 has 10 seconds left.
|inactive|Wu Warrior2 has 5 seconds left.
|-message|Wu Warrior2 lost due to inactivity.
|
|win|DabiYtm
|raw|DabiYtm's rating: 1113 → 1139(+26 for winning)
|raw|Wu Warrior2's rating: 1121 → 1096(-25 for losing)
