|ScrapeTime|2020-01-01-17:05:25
|j|☆the avalanche65
|j|☆GO98
|player|p1|the avalanche65|76|1162
|player|p2|GO98|gladion|1177
|teamsize|p1|6
|teamsize|p2|6
|gametype|singles
|gen|8
|tier|[Gen 8] OU
|rated|
|rule|Sleep Clause Mod: Limit one foe put to sleep
|rule|Species Clause: Limit one of each Pokémon
|rule|OHKO Clause: OHKO moves are banned
|rule|Evasion Moves Clause: Evasion moves are banned
|rule|Endless Battle Clause: Forcing endless battles is banned
|rule|HP Percentage Mod: HP is shown in percentages
|clearpoke
|poke|p1|Dragapult, M|
|poke|p1|Hatterene, F|
|poke|p1|Corsola-Galar, F|
|poke|p1|Toxtricity-Low-Key, M|
|poke|p1|Barraskewda, F|
|poke|p1|Corviknight, M|
|poke|p2|Corsola-Galar, M|
|poke|p2|Dracovish|
|poke|p2|Ferrothorn, F|
|poke|p2|Tyranitar, M|
|poke|p2|Pincurchin, M|
|poke|p2|Rotom-Wash|
|rule|Dynamax Clause: You cannot dynamax
|teampreview
|
|start
|switch|p1a: Hatterene|Hatterene, F|100/100
|switch|p2a: Pincurchin|Pincurchin, M|100/100
|-fieldstart|move: Electric Terrain|[from] ability: Electric Surge|[of] p2a: Pincurchin
|turn|1
|
|move|p1a: Hatterene|Dazzling Gleam|p2a: Pincurchin
|-damage|p2a: Pincurchin|29/100
|move|p2a: Pincurchin|Zing Zap|p1a: Hatterene
|-crit|p1a: Hatterene
|-damage|p1a: Hatterene|21/100
|
|upkeep
|turn|2
|
|move|p1a: Hatterene|Dazzling Gleam|p2a: Pincurchin
|-damage|p2a: Pincurchin|0 fnt
|faint|p2a: Pincurchin
|
|upkeep
|
|switch|p2a: Drako|Dracovish|100/100
|turn|3
|
|move|p2a: Drako|Fishious Rend|p1a: Hatterene
|-damage|p1a: Hatterene|0 fnt
|faint|p1a: Hatterene
|
|upkeep
|inactive|Battle timer is ON: inactive players will automatically lose when time's up. (requested by GO98)
|
|switch|p1a: Toxtricity|Toxtricity-Low-Key, M|100/100
|turn|4
|
|move|p1a: Toxtricity|Overdrive|p2a: Drako
|-crit|p2a: Drako
|-damage|p2a: Drako|0 fnt
|faint|p2a: Drako
|
|upkeep
|
|switch|p2a: Corsola|Corsola-Galar, M|100/100
|turn|5
|
|move|p1a: Toxtricity|Overdrive|p2a: Corsola
|-damage|p2a: Corsola|63/100
|move|p2a: Corsola|Light Screen|p2a: Corsola
|-sidestart|p2: GO98|move: Light Screen
|
|-fieldend|move: Electric Terrain
|upkeep
|turn|6
|
|switch|p1a: Barraskewda|Barraskewda, F|100/100
|move|p2a: Corsola|Strength Sap|p1a: Barraskewda
|-unboost|p1a: Barraskewda|atk|1
|-heal|p2a: Corsola|100/100
|
|upkeep
|turn|7
|
|switch|p1a: Corviknight|Corviknight, M|100/100
|-ability|p1a: Corviknight|Pressure
|move|p2a: Corsola|Reflect|p2a: Corsola
|-sidestart|p2: GO98|Reflect
|
|upkeep
|turn|8
|
|move|p1a: Corviknight|Taunt|p2a: Corsola
|-start|p2a: Corsola|move: Taunt
|cant|p2a: Corsola|move: Taunt|Strength Sap
|
|upkeep
|turn|9
|
|move|p1a: Corviknight|Bulk Up|p1a: Corviknight
|-boost|p1a: Corviknight|atk|1
|-boost|p1a: Corviknight|def|1
|move|p2a: Corsola|Night Shade|p1a: Corviknight
|-damage|p1a: Corviknight|75/100
|
|-heal|p1a: Corviknight|82/100|[from] item: Leftovers
|-sideend|p2: GO98|move: Light Screen
|upkeep
|turn|10
|
|switch|p2a: Rotom|Rotom-Wash|100/100
|move|p1a: Corviknight|Bulk Up|p1a: Corviknight
|-boost|p1a: Corviknight|atk|1
|-boost|p1a: Corviknight|def|1
|
|-heal|p1a: Corviknight|88/100|[from] item: Leftovers
|upkeep
|turn|11
|
|move|p2a: Rotom|Discharge|p1a: Corviknight
|-supereffective|p1a: Corviknight
|-damage|p1a: Corviknight|38/100
|move|p1a: Corviknight|Roost|p1a: Corviknight
|-heal|p1a: Corviknight|88/100
|-singleturn|p1a: Corviknight|move: Roost
|
|-heal|p1a: Corviknight|95/100|[from] item: Leftovers
|-sideend|p2: GO98|Reflect
|upkeep
|turn|12
|
|switch|p1a: Corsola|Corsola-Galar, F|100/100
|move|p2a: Rotom|Discharge|p1a: Corsola
|-damage|p1a: Corsola|83/100
|-status|p1a: Corsola|par
|
|upkeep
|turn|13
|
|switch|p2a: Ferrothorn|Ferrothorn, F|100/100
|move|p1a: Corsola|Will-O-Wisp|p2a: Ferrothorn|[miss]
|-miss|p1a: Corsola|p2a: Ferrothorn
|
|upkeep
|turn|14
|
|switch|p1a: Corviknight|Corviknight, M|95/100
|-ability|p1a: Corviknight|Pressure
|move|p2a: Ferrothorn|Leech Seed|p1a: Corviknight
|-start|p1a: Corviknight|move: Leech Seed
|
|-heal|p1a: Corviknight|100/100|[from] item: Leftovers
|-damage|p1a: Corviknight|88/100|[from] Leech Seed|[of] p2a: Ferrothorn
|upkeep
|turn|15
|
|switch|p1a: Corsola|Corsola-Galar, F|83/100 par
|move|p2a: Ferrothorn|Stealth Rock|p1a: Corsola
|-sidestart|p1: the avalanche65|move: Stealth Rock
|
|upkeep
|turn|16
|
|cant|p1a: Corsola|par
|move|p2a: Ferrothorn|Gyro Ball|p1a: Corsola
|-damage|p1a: Corsola|74/100 par
|-start|p2a: Ferrothorn|Disable|Gyro Ball|[from] ability: Cursed Body|[of] p1a: Corsola
|
|upkeep
|turn|17
|
|move|p1a: Corsola|Will-O-Wisp|p2a: Ferrothorn
|-status|p2a: Ferrothorn|brn
|move|p2a: Ferrothorn|Leech Seed|p1a: Corsola
|-start|p1a: Corsola|move: Leech Seed
|
|-damage|p1a: Corsola|62/100 par|[from] Leech Seed|[of] p2a: Ferrothorn
|-damage|p2a: Ferrothorn|94/100 brn|[from] brn
|upkeep
|turn|18
|
|switch|p1a: Barraskewda|Barraskewda, F|100/100
|-damage|p1a: Barraskewda|88/100|[from] Stealth Rock
|switch|p2a: Rotom|Rotom-Wash|100/100
|
|upkeep
|turn|19
|
|switch|p1a: Corsola|Corsola-Galar, F|62/100 par
|-damage|p1a: Corsola|50/100 par|[from] Stealth Rock
|move|p2a: Rotom|Foul Play|p1a: Corsola
|-supereffective|p1a: Corsola
|-damage|p1a: Corsola|37/100 par
|
|upkeep
|turn|20
|
|switch|p2a: Ferrothorn|Ferrothorn, F|94/100 brn
|move|p1a: Corsola|Stealth Rock|p2a: Ferrothorn
|-sidestart|p2: GO98|move: Stealth Rock
|
|-heal|p2a: Ferrothorn|100/100 brn|[from] item: Leftovers
|-damage|p2a: Ferrothorn|94/100 brn|[from] brn
|upkeep
|turn|21
|
|move|p1a: Corsola|Hex|p2a: Ferrothorn
|-damage|p2a: Ferrothorn|70/100 brn
|move|p2a: Ferrothorn|Leech Seed|p1a: Corsola|[miss]
|-miss|p2a: Ferrothorn|p1a: Corsola
|
|-heal|p2a: Ferrothorn|76/100 brn|[from] item: Leftovers
|-damage|p2a: Ferrothorn|70/100 brn|[from] brn
|upkeep
|turn|22
|
|switch|p1a: Barraskewda|Barraskewda, F|88/100
|-damage|p1a: Barraskewda|76/100|[from] Stealth Rock
|move|p2a: Ferrothorn|Leech Seed|p1a: Barraskewda|[miss]
|-miss|p2a: Ferrothorn|p1a: Barraskewda
|
|-heal|p2a: Ferrothorn|76/100 brn|[from] item: Leftovers
|-damage|p2a: Ferrothorn|70/100 brn|[from] brn
|upkeep
|turn|23
|
|move|p1a: Barraskewda|Close Combat|p2a: Ferrothorn
|-supereffective|p2a: Ferrothorn
|-damage|p2a: Ferrothorn|0 fnt
|-damage|p1a: Barraskewda|64/100|[from] ability: Iron Barbs|[of] p2a: Ferrothorn
|-unboost|p1a: Barraskewda|def|1
|-unboost|p1a: Barraskewda|spd|1
|faint|p2a: Ferrothorn
|
|upkeep
|
|switch|p2a: Corsola|Corsola-Galar, M|100/100
|-damage|p2a: Corsola|88/100|[from] Stealth Rock
|turn|24
|
|switch|p1a: Corsola|Corsola-Galar, F|37/100 par
|-damage|p1a: Corsola|24/100 par|[from] Stealth Rock
|move|p2a: Corsola|Night Shade|p1a: Corsola
|-damage|p1a: Corsola|0 fnt
|faint|p1a: Corsola
|
|upkeep
|
|switch|p1a: Barraskewda|Barraskewda, F|64/100
|-damage|p1a: Barraskewda|52/100|[from] Stealth Rock
|turn|25
|
|move|p1a: Barraskewda|Crunch|p2a: Corsola
|-supereffective|p2a: Corsola
|-damage|p2a: Corsola|33/100
|-start|p1a: Barraskewda|Disable|Crunch|[from] ability: Cursed Body|[of] p2a: Corsola
|move|p2a: Corsola|Night Shade|p1a: Barraskewda
|-damage|p1a: Barraskewda|14/100
|
|upkeep
|turn|26
|
|switch|p1a: Toxtricity|Toxtricity-Low-Key, M|100/100
|-damage|p1a: Toxtricity|88/100|[from] Stealth Rock
|move|p2a: Corsola|Strength Sap|p1a: Toxtricity
|-unboost|p1a: Toxtricity|atk|1
|-heal|p2a: Corsola|96/100
|
|upkeep
|turn|27
|
|move|p1a: Toxtricity|Overdrive|p2a: Corsola
|-damage|p2a: Corsola|66/100
|-start|p1a: Toxtricity|Disable|Overdrive|[from] ability: Cursed Body|[of] p2a: Corsola
|move|p2a: Corsola|Light Screen|p2a: Corsola
|-sidestart|p2: GO98|move: Light Screen
|
|upkeep
|turn|28
|
|switch|p1a: Barraskewda|Barraskewda, F|14/100
|-damage|p1a: Barraskewda|2/100|[from] Stealth Rock
|move|p2a: Corsola|Night Shade|p1a: Barraskewda
|-damage|p1a: Barraskewda|0 fnt
|faint|p1a: Barraskewda
|
|upkeep
|
|switch|p1a: Dragapult|Dragapult, M|100/100
|-damage|p1a: Dragapult|88/100|[from] Stealth Rock
|turn|29
|
|switch|p2a: Tyranitar|Tyranitar, M|100/100
|-damage|p2a: Tyranitar|88/100|[from] Stealth Rock
|-weather|Sandstorm|[from] ability: Sand Stream|[of] p2a: Tyranitar
|move|p1a: Dragapult|Dragon Dance|p1a: Dragapult
|-boost|p1a: Dragapult|atk|1
|-boost|p1a: Dragapult|spe|1
|
|-weather|Sandstorm|[upkeep]
|-damage|p1a: Dragapult|82/100|[from] Sandstorm
|upkeep
|turn|30
|
|move|p1a: Dragapult|Dragon Darts|p2a: Tyranitar
|-damage|p2a: Tyranitar|43/100
|-damage|p2a: Tyranitar|3/100
|-hitcount|p2a: Tyranitar|2
|-damage|p1a: Dragapult|72/100|[from] item: Life Orb
|move|p2a: Tyranitar|Crunch|p1a: Dragapult
|-supereffective|p1a: Dragapult
|-damage|p1a: Dragapult|0 fnt
|faint|p1a: Dragapult
|
|-weather|Sandstorm|[upkeep]
|upkeep
|
|switch|p1a: Corviknight|Corviknight, M|88/100
|-damage|p1a: Corviknight|75/100|[from] Stealth Rock
|-ability|p1a: Corviknight|Pressure
|turn|31
|
|move|p1a: Corviknight|Bulk Up|p1a: Corviknight
|-boost|p1a: Corviknight|atk|1
|-boost|p1a: Corviknight|def|1
|move|p2a: Tyranitar|Superpower|p1a: Corviknight
|-damage|p1a: Corviknight|48/100
|-unboost|p2a: Tyranitar|atk|1
|-unboost|p2a: Tyranitar|def|1
|
|-weather|Sandstorm|[upkeep]
|-heal|p1a: Corviknight|55/100|[from] item: Leftovers
|-sideend|p2: GO98|move: Light Screen
|upkeep
|turn|32
|
|move|p1a: Corviknight|Roost|p1a: Corviknight
|-heal|p1a: Corviknight|100/100
|-singleturn|p1a: Corviknight|move: Roost
|move|p2a: Tyranitar|Rock Slide|p1a: Corviknight
|-resisted|p1a: Corviknight
|-damage|p1a: Corviknight|93/100
|
|-weather|Sandstorm|[upkeep]
|-heal|p1a: Corviknight|99/100|[from] item: Leftovers
|upkeep
|turn|33
|
|switch|p2a: Rotom|Rotom-Wash|100/100
|-damage|p2a: Rotom|88/100|[from] Stealth Rock
|move|p1a: Corviknight|Bulk Up|p1a: Corviknight
|-boost|p1a: Corviknight|atk|1
|-boost|p1a: Corviknight|def|1
|
|-weather|none
|-heal|p1a: Corviknight|100/100|[from] item: Leftovers
|upkeep
|turn|34
|
|move|p2a: Rotom|Foul Play|p1a: Corviknight
|-damage|p1a: Corviknight|85/100
|move|p1a: Corviknight|Brave Bird|p2a: Rotom
|-resisted|p2a: Rotom
|-damage|p2a: Rotom|36/100
|-damage|p1a: Corviknight|75/100|[from] Recoil
|
|-heal|p1a: Corviknight|81/100|[from] item: Leftovers
|upkeep
|turn|35
|
|switch|p2a: Tyranitar|Tyranitar, M|3/100
|-damage|p2a: Tyranitar|0 fnt|[from] Stealth Rock
|faint|p2a: Tyranitar
|move|p1a: Corviknight|Brave Bird|p2: Tyranitar|[notarget]
|-fail|p1a: Corviknight
|
|-heal|p1a: Corviknight|87/100|[from] item: Leftovers
|upkeep
|
|switch|p2a: Corsola|Corsola-Galar, M|66/100
|-damage|p2a: Corsola|54/100|[from] Stealth Rock
|turn|36
|
|move|p1a: Corviknight|Taunt|p2a: Corsola
|-start|p2a: Corsola|move: Taunt
|cant|p2a: Corsola|move: Taunt|Strength Sap
|
|-heal|p1a: Corviknight|94/100|[from] item: Leftovers
|upkeep
|turn|37
|
|move|p1a: Corviknight|Bulk Up|p1a: Corviknight
|-boost|p1a: Corviknight|atk|1
|-boost|p1a: Corviknight|def|1
|move|p2a: Corsola|Night Shade|p1a: Corviknight
|-damage|p1a: Corviknight|69/100
|
|-heal|p1a: Corviknight|75/100|[from] item: Leftovers
|upkeep
|turn|38
|
|move|p1a: Corviknight|Roost|p1a: Corviknight
|-heal|p1a: Corviknight|100/100
|-singleturn|p1a: Corviknight|move: Roost
|move|p2a: Corsola|Night Shade|p1a: Corviknight
|-damage|p1a: Corviknight|75/100
|
|-heal|p1a: Corviknight|82/100|[from] item: Leftovers
|-end|p2a: Corsola|move: Taunt
|upkeep
|turn|39
|
|move|p1a: Corviknight|Taunt|p2a: Corsola
|-start|p2a: Corsola|move: Taunt
|move|p2a: Corsola|Night Shade|p1a: Corviknight
|-damage|p1a: Corviknight|57/100
|
|-heal|p1a: Corviknight|63/100|[from] item: Leftovers
|upkeep
|turn|40
|
|move|p1a: Corviknight|Roost|p1a: Corviknight
|-heal|p1a: Corviknight|100/100
|-singleturn|p1a: Corviknight|move: Roost
|move|p2a: Corsola|Night Shade|p1a: Corviknight
|-damage|p1a: Corviknight|75/100
|
|-heal|p1a: Corviknight|82/100|[from] item: Leftovers
|upkeep
|turn|41
|
|switch|p2a: Rotom|Rotom-Wash|36/100
|-damage|p2a: Rotom|23/100|[from] Stealth Rock
|move|p1a: Corviknight|Bulk Up|p1a: Corviknight
|-boost|p1a: Corviknight|atk|1
|-boost|p1a: Corviknight|def|1
|
|-heal|p1a: Corviknight|88/100|[from] item: Leftovers
|upkeep
|turn|42
|
|move|p2a: Rotom|Discharge|p1a: Corviknight
|-supereffective|p1a: Corviknight
|-damage|p1a: Corviknight|42/100
|-status|p1a: Corviknight|par
|cant|p1a: Corviknight|par
|
|-heal|p1a: Corviknight|49/100 par|[from] item: Leftovers
|upkeep
|turn|43
|
|move|p2a: Rotom|Discharge|p1a: Corviknight
|-supereffective|p1a: Corviknight
|-damage|p1a: Corviknight|0 fnt
|faint|p1a: Corviknight
|
|upkeep
|
|switch|p1a: Toxtricity|Toxtricity-Low-Key, M|88/100
|-damage|p1a: Toxtricity|76/100|[from] Stealth Rock
|turn|44
|
|move|p2a: Rotom|Discharge|p1a: Toxtricity
|-resisted|p1a: Toxtricity
|-damage|p1a: Toxtricity|49/100
|move|p1a: Toxtricity|Hex|p2a: Rotom
|-damage|p2a: Rotom|0 fnt
|faint|p2a: Rotom
|
|upkeep
|
|switch|p2a: Corsola|Corsola-Galar, M|54/100
|-damage|p2a: Corsola|41/100|[from] Stealth Rock
|turn|45
|
|move|p1a: Toxtricity|Hex|p2a: Corsola
|-supereffective|p2a: Corsola
|-damage|p2a: Corsola|15/100
|move|p2a: Corsola|Strength Sap|p1a: Toxtricity
|-unboost|p1a: Toxtricity|atk|1
|-heal|p2a: Corsola|77/100
|
|upkeep
|turn|46
|
|move|p1a: Toxtricity|Hex|p2a: Corsola
|-supereffective|p2a: Corsola
|-damage|p2a: Corsola|52/100
|move|p2a: Corsola|Night Shade|p1a: Toxtricity
|-damage|p1a: Toxtricity|15/100
|
|upkeep
|turn|47
|
|move|p1a: Toxtricity|Hex|p2a: Corsola
|-supereffective|p2a: Corsola
|-damage|p2a: Corsola|25/100
|move|p2a: Corsola|Strength Sap|p1a: Toxtricity
|-unboost|p1a: Toxtricity|atk|1
|-heal|p2a: Corsola|67/100
|
|upkeep
|turn|48
|
|move|p1a: Toxtricity|Hex|p2a: Corsola
|-supereffective|p2a: Corsola
|-damage|p2a: Corsola|39/100
|move|p2a: Corsola|Night Shade|p1a: Toxtricity
|-damage|p1a: Toxtricity|0 fnt
|faint|p1a: Toxtricity
|
|win|GO98
