|ScrapeTime|2020-01-01-19:05:26
|j|☆BrunoMinor
|j|☆ZenBuster
|player|p1|BrunoMinor|wallace|1302
|player|p2|ZenBuster|ryuki|1348
|teamsize|p1|6
|teamsize|p2|6
|gametype|singles
|gen|8
|tier|[Gen 8] OU
|rated|
|rule|Sleep Clause Mod: Limit one foe put to sleep
|rule|Species Clause: Limit one of each Pokémon
|rule|OHKO Clause: OHKO moves are banned
|rule|Evasion Moves Clause: Evasion moves are banned
|rule|Endless Battle Clause: Forcing endless battles is banned
|rule|HP Percentage Mod: HP is shown in percentages
|clearpoke
|poke|p1|Excadrill, F|
|poke|p1|Toxapex, M|
|poke|p1|Clefable, F|
|poke|p1|Hydreigon, M|
|poke|p1|Conkeldurr, F|
|poke|p1|Dragapult, M|
|poke|p2|Toxtricity, M|
|poke|p2|Cinderace, F|
|poke|p2|Conkeldurr, M|
|poke|p2|Hydreigon, M|
|poke|p2|Corviknight, M|
|poke|p2|Seismitoad, F|
|rule|Dynamax Clause: You cannot dynamax
|teampreview
|inactive|Battle timer is ON: inactive players will automatically lose when time's up. (requested by ZenBuster)
|
|start
|switch|p1a: Excadrill|Excadrill, F|100/100
|switch|p2a: PurpleHazy|Toxtricity, M|100/100
|-ability|p1a: Excadrill|Mold Breaker
|turn|1
|
|switch|p2a: Corviknight|Corviknight, M, shiny|100/100
|-ability|p2a: Corviknight|Pressure
|move|p1a: Excadrill|Stealth Rock|p2a: Corviknight
|-sidestart|p2: ZenBuster|move: Stealth Rock
|
|upkeep
|turn|2
|
|switch|p1a: Dragapult|Dragapult, M|100/100
|move|p2a: Corviknight|Brave Bird|p1a: Dragapult
|-damage|p1a: Dragapult|54/100
|-damage|p2a: Corviknight|88/100|[from] Recoil
|
|-heal|p1a: Dragapult|60/100|[from] item: Leftovers
|-heal|p2a: Corviknight|94/100|[from] item: Leftovers
|upkeep
|turn|3
|
|move|p1a: Dragapult|Dragon Dance|p1a: Dragapult
|-boost|p1a: Dragapult|atk|1
|-boost|p1a: Dragapult|spe|1
|move|p2a: Corviknight|Brave Bird|p1a: Dragapult
|-damage|p1a: Dragapult|9/100
|-damage|p2a: Corviknight|81/100|[from] Recoil
|
|-heal|p1a: Dragapult|15/100|[from] item: Leftovers
|-heal|p2a: Corviknight|87/100|[from] item: Leftovers
|upkeep
|turn|4
|
|move|p1a: Dragapult|Phantom Force||[still]
|-prepare|p1a: Dragapult|Phantom Force|p2a: Corviknight
|move|p2a: Corviknight|Brave Bird|p1a: Dragapult|[miss]
|-miss|p2a: Corviknight|p1a: Dragapult
|
|-heal|p1a: Dragapult|21/100|[from] item: Leftovers
|-heal|p2a: Corviknight|93/100|[from] item: Leftovers
|upkeep
|turn|5
|
|move|p1a: Dragapult|Phantom Force|p2a: Corviknight|[from]lockedmove
|-damage|p2a: Corviknight|28/100
|move|p2a: Corviknight|Brave Bird|p1a: Dragapult
|-damage|p1a: Dragapult|0 fnt
|-damage|p2a: Corviknight|23/100|[from] Recoil
|faint|p1a: Dragapult
|
|-heal|p2a: Corviknight|29/100|[from] item: Leftovers
|upkeep
|
|switch|p1a: Clefable|Clefable, F|100/100
|turn|6
|
|switch|p2a: PurpleHazy|Toxtricity, M|100/100
|-damage|p2a: PurpleHazy|88/100|[from] Stealth Rock
|move|p1a: Clefable|Ice Beam|p2a: PurpleHazy
|-damage|p2a: PurpleHazy|33/100
|
|upkeep
|turn|7
|
|switch|p1a: Excadrill|Excadrill, F|100/100
|-ability|p1a: Excadrill|Mold Breaker
|move|p2a: PurpleHazy|Boomburst|p1a: Excadrill
|-resisted|p1a: Excadrill
|-damage|p1a: Excadrill|42/100
|
|upkeep
|turn|8
|
|switch|p1a: Toxapex|Toxapex, M|100/100
|switch|p2a: Seismitoad|Seismitoad, F, shiny|100/100
|-damage|p2a: Seismitoad|94/100|[from] Stealth Rock
|
|-heal|p2a: Seismitoad|100/100|[from] item: Leftovers
|upkeep
|turn|9
|
|switch|p2a: Corviknight|Corviknight, M, shiny|29/100
|-damage|p2a: Corviknight|16/100|[from] Stealth Rock
|-ability|p2a: Corviknight|Pressure
|switch|p1a: Hydreigon|Hydreigon, M|100/100
|
|-heal|p2a: Corviknight|22/100|[from] item: Leftovers
|upkeep
|turn|10
|
|switch|p2a: Conkeldurr|Conkeldurr, M, shiny|100/100
|-damage|p2a: Conkeldurr|94/100|[from] Stealth Rock
|move|p1a: Hydreigon|Substitute|p1a: Hydreigon
|-start|p1a: Hydreigon|Substitute
|-damage|p1a: Hydreigon|76/100
|
|-heal|p1a: Hydreigon|82/100|[from] item: Leftovers
|-status|p2a: Conkeldurr|brn|[from] item: Flame Orb
|upkeep
|turn|11
|
|move|p2a: Conkeldurr|Mach Punch|p1a: Hydreigon
|-supereffective|p1a: Hydreigon
|-end|p1a: Hydreigon|Substitute
|move|p1a: Hydreigon|Nasty Plot|p1a: Hydreigon
|-boost|p1a: Hydreigon|spa|2
|
|-heal|p1a: Hydreigon|88/100|[from] item: Leftovers
|-damage|p2a: Conkeldurr|88/100 brn|[from] brn
|upkeep
|turn|12
|
|move|p2a: Conkeldurr|Mach Punch|p1a: Hydreigon
|-supereffective|p1a: Hydreigon
|-damage|p1a: Hydreigon|3/100
|move|p1a: Hydreigon|Dark Pulse|p2a: Conkeldurr
|-resisted|p2a: Conkeldurr
|-damage|p2a: Conkeldurr|42/100 brn
|
|-heal|p1a: Hydreigon|9/100|[from] item: Leftovers
|-damage|p2a: Conkeldurr|36/100 brn|[from] brn
|upkeep
|turn|13
|
|switch|p1a: Toxapex|Toxapex, M|100/100
|move|p2a: Conkeldurr|Mach Punch|p1a: Toxapex
|-resisted|p1a: Toxapex
|-damage|p1a: Toxapex|90/100
|
|-heal|p1a: Toxapex|96/100|[from] item: Black Sludge
|-damage|p2a: Conkeldurr|29/100 brn|[from] brn
|upkeep
|turn|14
|
|switch|p1a: Hydreigon|Hydreigon, M|9/100
|move|p2a: Conkeldurr|Earthquake|p1a: Hydreigon
|-immune|p1a: Hydreigon|[from] ability: Levitate
|
|-heal|p1a: Hydreigon|15/100|[from] item: Leftovers
|-damage|p2a: Conkeldurr|23/100 brn|[from] brn
|upkeep
|turn|15
|
|switch|p1a: Toxapex|Toxapex, M|100/100
|move|p2a: Conkeldurr|Drain Punch|p1a: Toxapex
|-resisted|p1a: Toxapex
|-damage|p1a: Toxapex|79/100
|-heal|p2a: Conkeldurr|31/100 brn|[from] drain|[of] p1a: Toxapex
|
|-heal|p1a: Toxapex|85/100|[from] item: Black Sludge
|-damage|p2a: Conkeldurr|25/100 brn|[from] brn
|upkeep
|turn|16
|
|move|p1a: Toxapex|Baneful Bunker|p1a: Toxapex
|-singleturn|p1a: Toxapex|move: Protect
|move|p2a: Conkeldurr|Ice Punch|p1a: Toxapex
|-activate|p1a: Toxapex|move: Protect
|
|-heal|p1a: Toxapex|91/100|[from] item: Black Sludge
|-damage|p2a: Conkeldurr|19/100 brn|[from] brn
|upkeep
|turn|17
|
|move|p2a: Conkeldurr|Earthquake|p1a: Toxapex
|-supereffective|p1a: Toxapex
|-damage|p1a: Toxapex|14/100
|move|p1a: Toxapex|Recover|p1a: Toxapex
|-heal|p1a: Toxapex|64/100
|
|-heal|p1a: Toxapex|71/100|[from] item: Black Sludge
|-damage|p2a: Conkeldurr|13/100 brn|[from] brn
|upkeep
|turn|18
|
|move|p1a: Toxapex|Baneful Bunker|p1a: Toxapex
|-singleturn|p1a: Toxapex|move: Protect
|move|p2a: Conkeldurr|Earthquake|p1a: Toxapex
|-activate|p1a: Toxapex|move: Protect
|
|-heal|p1a: Toxapex|77/100|[from] item: Black Sludge
|-damage|p2a: Conkeldurr|7/100 brn|[from] brn
|upkeep
|turn|19
|
|move|p2a: Conkeldurr|Drain Punch|p1a: Toxapex
|-resisted|p1a: Toxapex
|-damage|p1a: Toxapex|57/100
|-heal|p2a: Conkeldurr|15/100 brn|[from] drain|[of] p1a: Toxapex
|move|p1a: Toxapex|Recover|p1a: Toxapex
|-heal|p1a: Toxapex|100/100
|
|-damage|p2a: Conkeldurr|8/100 brn|[from] brn
|upkeep
|turn|20
|
|switch|p2a: PurpleHazy|Toxtricity, M|33/100
|-damage|p2a: PurpleHazy|21/100|[from] Stealth Rock
|move|p1a: Toxapex|Baneful Bunker||[still]
|-fail|p1a: Toxapex
|
|upkeep
|turn|21
|
|move|p1a: Toxapex|Baneful Bunker|p1a: Toxapex
|-singleturn|p1a: Toxapex|move: Protect
|move|p2a: PurpleHazy|Boomburst|p1a: Toxapex
|-activate|p1a: Toxapex|move: Protect
|
|upkeep
|turn|22
|
|move|p2a: PurpleHazy|Boomburst|p1a: Toxapex
|-damage|p1a: Toxapex|29/100
|move|p1a: Toxapex|Scald|p2a: PurpleHazy
|-damage|p2a: PurpleHazy|0 fnt
|faint|p2a: PurpleHazy
|
|-heal|p1a: Toxapex|35/100|[from] item: Black Sludge
|upkeep
|
|switch|p2a: D4C|Cinderace, F, shiny|100/100
|turn|23
|
|move|p1a: Toxapex|Baneful Bunker|p1a: Toxapex
|-singleturn|p1a: Toxapex|move: Protect
|move|p2a: D4C|Court Change|p2a: D4C
|-sideend|p2: ZenBuster|Stealth Rock|[silent]
|-sidestart|p1: BrunoMinor|Stealth Rock|[silent]
|-activate|p2a: D4C|move: Court Change
|
|-heal|p1a: Toxapex|41/100|[from] item: Black Sludge
|upkeep
|turn|24
|
|move|p2a: D4C|U-turn|p1a: Toxapex
|-resisted|p1a: Toxapex
|-damage|p1a: Toxapex|35/100
|
|switch|p2a: Corviknight|Corviknight, M, shiny|22/100|[from]move: U-turn
|-ability|p2a: Corviknight|Pressure
|move|p1a: Toxapex|Recover|p1a: Toxapex
|-heal|p1a: Toxapex|85/100
|
|-heal|p2a: Corviknight|28/100|[from] item: Leftovers
|-heal|p1a: Toxapex|91/100|[from] item: Black Sludge
|upkeep
|turn|25
|
|move|p2a: Corviknight|Roost|p2a: Corviknight
|-heal|p2a: Corviknight|78/100
|-singleturn|p2a: Corviknight|move: Roost
|move|p1a: Toxapex|Scald|p2a: Corviknight
|-damage|p2a: Corviknight|67/100
|
|-heal|p2a: Corviknight|73/100|[from] item: Leftovers
|-heal|p1a: Toxapex|97/100|[from] item: Black Sludge
|upkeep
|turn|26
|
|switch|p1a: Excadrill|Excadrill, F|42/100
|-damage|p1a: Excadrill|39/100|[from] Stealth Rock
|-ability|p1a: Excadrill|Mold Breaker
|move|p2a: Corviknight|Substitute|p2a: Corviknight
|-start|p2a: Corviknight|Substitute
|-damage|p2a: Corviknight|48/100
|
|-heal|p2a: Corviknight|54/100|[from] item: Leftovers
|upkeep
|turn|27
|
|move|p1a: Excadrill|Rapid Spin|p2a: Corviknight
|-resisted|p2a: Corviknight
|-activate|p2a: Corviknight|move: Substitute|[damage]
|-sideend|p1: BrunoMinor|Stealth Rock|[from] move: Rapid Spin|[of] p1a: Excadrill
|-boost|p1a: Excadrill|spe|1
|move|p2a: Corviknight|Brave Bird|p1a: Excadrill
|-resisted|p1a: Excadrill
|-damage|p1a: Excadrill|13/100
|-damage|p2a: Corviknight|46/100|[from] Recoil
|
|-heal|p2a: Corviknight|52/100|[from] item: Leftovers
|upkeep
|turn|28
|inactive|BrunoMinor has 120 seconds left.
|
|switch|p1a: Clefable|Clefable, F|100/100
|move|p2a: Corviknight|Brave Bird|p1a: Clefable
|-damage|p1a: Clefable|57/100
|-damage|p2a: Corviknight|38/100|[from] Recoil
|
|-heal|p2a: Corviknight|44/100|[from] item: Leftovers
|upkeep
|turn|29
|
|move|p2a: Corviknight|Brave Bird|p1a: Clefable
|-damage|p1a: Clefable|12/100
|-damage|p2a: Corviknight|29/100|[from] Recoil
|move|p1a: Clefable|Thunderbolt|p2a: Corviknight
|-supereffective|p2a: Corviknight
|-end|p2a: Corviknight|Substitute
|
|-heal|p2a: Corviknight|35/100|[from] item: Leftovers
|upkeep
|turn|30
|inactive|BrunoMinor has 120 seconds left.
|
|switch|p1a: Excadrill|Excadrill, F|13/100
|-ability|p1a: Excadrill|Mold Breaker
|move|p2a: Corviknight|Roost|p2a: Corviknight
|-heal|p2a: Corviknight|85/100
|-singleturn|p2a: Corviknight|move: Roost
|
|-heal|p2a: Corviknight|91/100|[from] item: Leftovers
|upkeep
|turn|31
|
|move|p1a: Excadrill|Stealth Rock|p2a: Corviknight
|-sidestart|p2: ZenBuster|move: Stealth Rock
|move|p2a: Corviknight|Substitute|p2a: Corviknight
|-start|p2a: Corviknight|Substitute
|-damage|p2a: Corviknight|67/100
|
|-heal|p2a: Corviknight|73/100|[from] item: Leftovers
|upkeep
|turn|32
|
|move|p1a: Excadrill|Iron Head|p2a: Corviknight
|-resisted|p2a: Corviknight
|-activate|p2a: Corviknight|move: Substitute|[damage]
|move|p2a: Corviknight|Brave Bird|p1a: Excadrill
|-resisted|p1a: Excadrill
|-crit|p1a: Excadrill
|-damage|p1a: Excadrill|0 fnt
|-damage|p2a: Corviknight|69/100|[from] Recoil
|faint|p1a: Excadrill
|
|-heal|p2a: Corviknight|75/100|[from] item: Leftovers
|upkeep
|
|switch|p1a: Conkeldurr|Conkeldurr, F|100/100
|turn|33
|
|move|p1a: Conkeldurr|Mach Punch|p2a: Corviknight
|-end|p2a: Corviknight|Substitute
|move|p2a: Corviknight|Brave Bird|p1a: Conkeldurr
|-supereffective|p1a: Conkeldurr
|-damage|p1a: Conkeldurr|34/100
|-damage|p2a: Corviknight|52/100|[from] Recoil
|
|-heal|p2a: Corviknight|58/100|[from] item: Leftovers
|-status|p1a: Conkeldurr|brn|[from] item: Flame Orb
|upkeep
|turn|34
|
|move|p1a: Conkeldurr|Mach Punch|p2a: Corviknight
|-damage|p2a: Corviknight|27/100
|move|p2a: Corviknight|Brave Bird|p1a: Conkeldurr
|-supereffective|p1a: Conkeldurr
|-damage|p1a: Conkeldurr|0 fnt
|-damage|p2a: Corviknight|15/100|[from] Recoil
|faint|p1a: Conkeldurr
|
|-heal|p2a: Corviknight|21/100|[from] item: Leftovers
|upkeep
|
|switch|p1a: Hydreigon|Hydreigon, M|15/100
|turn|35
|
|move|p1a: Hydreigon|Dark Pulse|p2a: Corviknight
|-damage|p2a: Corviknight|0 fnt
|faint|p2a: Corviknight
|
|-heal|p1a: Hydreigon|21/100|[from] item: Leftovers
|upkeep
|
|switch|p2a: D4C|Cinderace, F, shiny|100/100
|turn|36
|
|switch|p1a: Toxapex|Toxapex, M|100/100
|move|p2a: D4C|U-turn|p1a: Toxapex
|-resisted|p1a: Toxapex
|-damage|p1a: Toxapex|93/100
|
|switch|p2a: Seismitoad|Seismitoad, F, shiny|100/100|[from]move: U-turn
|-damage|p2a: Seismitoad|94/100|[from] Stealth Rock
|
|-heal|p2a: Seismitoad|100/100|[from] item: Leftovers
|-heal|p1a: Toxapex|99/100|[from] item: Black Sludge
|upkeep
|turn|37
|
|move|p1a: Toxapex|Baneful Bunker|p1a: Toxapex
|-singleturn|p1a: Toxapex|move: Protect
|move|p2a: Seismitoad|Earthquake|p1a: Toxapex
|-activate|p1a: Toxapex|move: Protect
|
|-heal|p1a: Toxapex|100/100|[from] item: Black Sludge
|upkeep
|turn|38
|
|move|p2a: Seismitoad|Earthquake|p1a: Toxapex
|-supereffective|p1a: Toxapex
|-damage|p1a: Toxapex|56/100
|move|p1a: Toxapex|Recover|p1a: Toxapex
|-heal|p1a: Toxapex|100/100
|
|upkeep
|turn|39
|
|switch|p2a: D4C|Cinderace, F, shiny|100/100
|move|p1a: Toxapex|Baneful Bunker||[still]
|-fail|p1a: Toxapex
|
|upkeep
|turn|40
|
|move|p1a: Toxapex|Baneful Bunker|p1a: Toxapex
|-singleturn|p1a: Toxapex|move: Protect
|move|p2a: D4C|Court Change|p2a: D4C
|-sideend|p2: ZenBuster|Stealth Rock|[silent]
|-sidestart|p1: BrunoMinor|Stealth Rock|[silent]
|-activate|p2a: D4C|move: Court Change
|
|upkeep
|turn|41
|
|move|p2a: D4C|U-turn|p1a: Toxapex
|-resisted|p1a: Toxapex
|-damage|p1a: Toxapex|94/100
|
|switch|p2a: Seismitoad|Seismitoad, F, shiny|100/100|[from]move: U-turn
|move|p1a: Toxapex|Recover|p1a: Toxapex
|-heal|p1a: Toxapex|100/100
|
|upkeep
|turn|42
|
|move|p1a: Toxapex|Baneful Bunker|p1a: Toxapex
|-singleturn|p1a: Toxapex|move: Protect
|move|p2a: Seismitoad|Earthquake|p1a: Toxapex
|-activate|p1a: Toxapex|move: Protect
|
|upkeep
|turn|43
|
|switch|p1a: Hydreigon|Hydreigon, M|21/100
|-damage|p1a: Hydreigon|9/100|[from] Stealth Rock
|move|p2a: Seismitoad|Earthquake|p1a: Hydreigon
|-immune|p1a: Hydreigon|[from] ability: Levitate
|
|-heal|p1a: Hydreigon|15/100|[from] item: Leftovers
|upkeep
|turn|44
|
|move|p1a: Hydreigon|Dark Pulse|p2a: Seismitoad
|-damage|p2a: Seismitoad|57/100
|move|p2a: Seismitoad|Scald|p1a: Hydreigon
|-resisted|p1a: Hydreigon
|-damage|p1a: Hydreigon|3/100
|-status|p1a: Hydreigon|brn
|
|-heal|p1a: Hydreigon|9/100 brn|[from] item: Leftovers
|-heal|p2a: Seismitoad|63/100|[from] item: Leftovers
|-damage|p1a: Hydreigon|3/100 brn|[from] brn
|upkeep
|turn|45
|
|move|p1a: Hydreigon|Dark Pulse|p2a: Seismitoad
|-damage|p2a: Seismitoad|24/100
|cant|p2a: Seismitoad|flinch
|
|-heal|p1a: Hydreigon|9/100 brn|[from] item: Leftovers
|-heal|p2a: Seismitoad|30/100|[from] item: Leftovers
|-damage|p1a: Hydreigon|3/100 brn|[from] brn
|upkeep
|turn|46
|
|switch|p2a: Hydreigon|Hydreigon, M, shiny|100/100
|move|p1a: Hydreigon|Dark Pulse|p2a: Hydreigon
|-resisted|p2a: Hydreigon
|-damage|p2a: Hydreigon|79/100
|
|-heal|p1a: Hydreigon|9/100 brn|[from] item: Leftovers
|-damage|p1a: Hydreigon|3/100 brn|[from] brn
|upkeep
|turn|47
|
|move|p2a: Hydreigon|Flash Cannon|p1a: Hydreigon
|-damage|p1a: Hydreigon|0 fnt
|faint|p1a: Hydreigon
|
|upkeep
|
|switch|p1a: Toxapex|Toxapex, M|100/100
|-damage|p1a: Toxapex|88/100|[from] Stealth Rock
|turn|48
|
|switch|p2a: Seismitoad|Seismitoad, F, shiny|30/100
|switch|p1a: Clefable|Clefable, F|12/100
|
|-heal|p2a: Seismitoad|36/100|[from] item: Leftovers
|upkeep
|turn|49
|
|switch|p2a: D4C|Cinderace, F, shiny|100/100
|move|p1a: Clefable|Moonblast|p2a: D4C
|-resisted|p2a: D4C
|-damage|p2a: D4C|57/100
|
|upkeep
|turn|50
|
|switch|p1a: Toxapex|Toxapex, M|100/100
|-damage|p1a: Toxapex|88/100|[from] Stealth Rock
|move|p2a: D4C|Pyro Ball|p1a: Toxapex|[miss]
|-miss|p2a: D4C|p1a: Toxapex
|
|-heal|p1a: Toxapex|94/100|[from] item: Black Sludge
|upkeep
|turn|51
|
|move|p2a: D4C|Pyro Ball|p1a: Toxapex
|-resisted|p1a: Toxapex
|-damage|p1a: Toxapex|77/100
|move|p1a: Toxapex|Scald|p2a: D4C
|-supereffective|p2a: D4C
|-damage|p2a: D4C|7/100
|
|-heal|p1a: Toxapex|83/100|[from] item: Black Sludge
|upkeep
|turn|52
|
|switch|p2a: Conkeldurr|Conkeldurr, M, shiny|8/100 brn
|switch|p1a: Clefable|Clefable, F|12/100
|
|-damage|p2a: Conkeldurr|2/100 brn|[from] brn
|upkeep
|turn|53
|
|switch|p1a: Toxapex|Toxapex, M|100/100
|-damage|p1a: Toxapex|88/100|[from] Stealth Rock
|switch|p2a: Seismitoad|Seismitoad, F, shiny|36/100
|
|-heal|p2a: Seismitoad|42/100|[from] item: Leftovers
|-heal|p1a: Toxapex|94/100|[from] item: Black Sludge
|upkeep
|turn|54
|
|move|p1a: Toxapex|Baneful Bunker|p1a: Toxapex
|-singleturn|p1a: Toxapex|move: Protect
|move|p2a: Seismitoad|Earthquake|p1a: Toxapex
|-activate|p1a: Toxapex|move: Protect
|
|-heal|p2a: Seismitoad|48/100|[from] item: Leftovers
|-heal|p1a: Toxapex|100/100|[from] item: Black Sludge
|upkeep
|turn|55
|
|move|p2a: Seismitoad|Earthquake|p1a: Toxapex
|-supereffective|p1a: Toxapex
|-damage|p1a: Toxapex|61/100
|move|p1a: Toxapex|Recover|p1a: Toxapex
|-heal|p1a: Toxapex|100/100
|
|-heal|p2a: Seismitoad|54/100|[from] item: Leftovers
|upkeep
|turn|56
|
|move|p1a: Toxapex|Baneful Bunker|p1a: Toxapex
|-singleturn|p1a: Toxapex|move: Protect
|move|p2a: Seismitoad|Earthquake|p1a: Toxapex
|-activate|p1a: Toxapex|move: Protect
|
|-heal|p2a: Seismitoad|60/100|[from] item: Leftovers
|upkeep
|turn|57
|
|move|p2a: Seismitoad|Grass Knot|p1a: Toxapex
|-damage|p1a: Toxapex|94/100
|move|p1a: Toxapex|Recover|p1a: Toxapex
|-heal|p1a: Toxapex|100/100
|
|-heal|p2a: Seismitoad|66/100|[from] item: Leftovers
|upkeep
|turn|58
|
|move|p2a: Seismitoad|Earthquake|p1a: Toxapex
|-supereffective|p1a: Toxapex
|-damage|p1a: Toxapex|58/100
|move|p1a: Toxapex|Haze|p1a: Toxapex
|-clearallboost
|
|-heal|p2a: Seismitoad|72/100|[from] item: Leftovers
|-heal|p1a: Toxapex|65/100|[from] item: Black Sludge
|upkeep
|turn|59
|
|move|p2a: Seismitoad|Grass Knot|p1a: Toxapex
|-damage|p1a: Toxapex|58/100
|move|p1a: Toxapex|Recover|p1a: Toxapex
|-heal|p1a: Toxapex|100/100
|
|-heal|p2a: Seismitoad|78/100|[from] item: Leftovers
|upkeep
|turn|60
|
|move|p1a: Toxapex|Baneful Bunker|p1a: Toxapex
|-singleturn|p1a: Toxapex|move: Protect
|move|p2a: Seismitoad|Scald|p1a: Toxapex
|-activate|p1a: Toxapex|move: Protect
|
|-heal|p2a: Seismitoad|84/100|[from] item: Leftovers
|upkeep
|turn|61
|
|move|p2a: Seismitoad|Scald|p1a: Toxapex
|-resisted|p1a: Toxapex
|-damage|p1a: Toxapex|93/100
|-status|p1a: Toxapex|brn
|move|p1a: Toxapex|Recover|p1a: Toxapex
|-heal|p1a: Toxapex|100/100 brn
|
|-heal|p2a: Seismitoad|90/100|[from] item: Leftovers
|-damage|p1a: Toxapex|94/100 brn|[from] brn
|upkeep
|turn|62
|
|move|p1a: Toxapex|Baneful Bunker|p1a: Toxapex
|-singleturn|p1a: Toxapex|move: Protect
|move|p2a: Seismitoad|Scald|p1a: Toxapex
|-activate|p1a: Toxapex|move: Protect
|
|-heal|p2a: Seismitoad|96/100|[from] item: Leftovers
|-heal|p1a: Toxapex|100/100 brn|[from] item: Black Sludge
|-damage|p1a: Toxapex|94/100 brn|[from] brn
|upkeep
|turn|63
|
|move|p2a: Seismitoad|Scald|p1a: Toxapex
|-resisted|p1a: Toxapex
|-damage|p1a: Toxapex|85/100 brn
|move|p1a: Toxapex|Recover|p1a: Toxapex
|-heal|p1a: Toxapex|100/100 brn
|
|-heal|p2a: Seismitoad|100/100|[from] item: Leftovers
|-damage|p1a: Toxapex|94/100 brn|[from] brn
|upkeep
|turn|64
|
|switch|p1a: Clefable|Clefable, F|12/100
|move|p2a: Seismitoad|Grass Knot|p1a: Clefable
|-damage|p1a: Clefable|2/100
|
|upkeep
|turn|65
|
|move|p2a: Seismitoad|Scald|p1a: Clefable
|-damage|p1a: Clefable|0 fnt
|faint|p1a: Clefable
|
|upkeep
|c|☆BrunoMinor|gg
|-message|BrunoMinor forfeited.
|
|win|ZenBuster
|l|☆BrunoMinor
|raw|BrunoMinor's rating: 1302 → 1283(-19 for losing)
|raw|ZenBuster's rating: 1323 → 1342(+19 for winning)
