|ScrapeTime|2020-01-03-00:35:20
|j|☆MadMax18896
|j|☆PilferPotions
|player|p1|MadMax18896|266|1074
|player|p2|PilferPotions|226|1107
|teamsize|p1|6
|teamsize|p2|6
|gametype|singles
|gen|8
|tier|[Gen 8] OU
|rated|
|rule|Sleep Clause Mod: Limit one foe put to sleep
|rule|Species Clause: Limit one of each Pokémon
|rule|OHKO Clause: OHKO moves are banned
|rule|Evasion Moves Clause: Evasion moves are banned
|rule|Endless Battle Clause: Forcing endless battles is banned
|rule|HP Percentage Mod: HP is shown in percentages
|clearpoke
|poke|p1|Pelipper, F|
|poke|p1|Barraskewda, F|
|poke|p1|Seismitoad, M|
|poke|p1|Dracovish|
|poke|p1|Ferrothorn, F|
|poke|p1|Drednaw, F|
|poke|p2|Corviknight, F|
|poke|p2|Clefable, M|
|poke|p2|Dragapult, F|
|poke|p2|Dracovish|
|poke|p2|Grimmsnarl, M|
|poke|p2|Ferrothorn, F|
|rule|Dynamax Clause: You cannot dynamax
|teampreview
|inactive|Battle timer is ON: inactive players will automatically lose when time's up. (requested by MadMax18896)
|
|start
|switch|p1a: Pelipper|Pelipper, F|100/100
|switch|p2a: Clefable|Clefable, M|100/100
|-weather|RainDance|[from] ability: Drizzle|[of] p1a: Pelipper
|turn|1
|j| mckoner
|
|move|p1a: Pelipper|U-turn|p2a: Clefable
|-resisted|p2a: Clefable
|-damage|p2a: Clefable|96/100
|
|switch|p1a: Drednaw|Drednaw, F|100/100|[from]move: U-turn
|move|p2a: Clefable|Thunderbolt|p1a: Drednaw
|-supereffective|p1a: Drednaw
|-damage|p1a: Drednaw|0 fnt
|faint|p1a: Drednaw
|
|-weather|RainDance|[upkeep]
|upkeep
|
|switch|p1a: Ferrothorn|Ferrothorn, F|100/100
|turn|2
|l| mckoner
|
|move|p2a: Clefable|Flamethrower|p1a: Ferrothorn
|-supereffective|p1a: Ferrothorn
|-damage|p1a: Ferrothorn|40/100
|move|p1a: Ferrothorn|Spikes|p2a: Clefable
|-sidestart|p2: PilferPotions|Spikes
|
|-weather|RainDance|[upkeep]
|-heal|p1a: Ferrothorn|46/100|[from] item: Leftovers
|upkeep
|turn|3
|
|switch|p1a: Seismitoad|Seismitoad, M|100/100
|move|p2a: Clefable|Flamethrower|p1a: Seismitoad
|-resisted|p1a: Seismitoad
|-damage|p1a: Seismitoad|92/100
|
|-weather|RainDance|[upkeep]
|-heal|p1a: Seismitoad|98/100|[from] item: Leftovers
|upkeep
|turn|4
|
|switch|p2a: Corviknight|Corviknight, F|100/100
|-ability|p2a: Corviknight|Pressure
|move|p1a: Seismitoad|Stealth Rock|p2a: Corviknight
|-sidestart|p2: PilferPotions|move: Stealth Rock
|
|-weather|RainDance|[upkeep]
|-heal|p1a: Seismitoad|100/100|[from] item: Leftovers
|upkeep
|turn|5
|
|move|p2a: Corviknight|Defog|p1a: Seismitoad
|-unboost|p1a: Seismitoad|evasion|1
|-sideend|p2: PilferPotions|Spikes|[from] move: Defog|[of] p2a: Corviknight
|-sideend|p2: PilferPotions|Stealth Rock|[from] move: Defog|[of] p2a: Corviknight
|move|p1a: Seismitoad|Scald|p2a: Corviknight
|-damage|p2a: Corviknight|63/100
|-status|p2a: Corviknight|brn
|
|-weather|RainDance|[upkeep]
|-heal|p2a: Corviknight|69/100 brn|[from] item: Leftovers
|-damage|p2a: Corviknight|63/100 brn|[from] brn
|upkeep
|turn|6
|
|switch|p2a: Ferrothorn|Ferrothorn, F|100/100
|move|p1a: Seismitoad|Scald|p2a: Ferrothorn
|-resisted|p2a: Ferrothorn
|-damage|p2a: Ferrothorn|85/100
|
|-weather|RainDance|[upkeep]
|-heal|p2a: Ferrothorn|91/100|[from] item: Leftovers
|upkeep
|turn|7
|
|move|p1a: Seismitoad|Stealth Rock|p2a: Ferrothorn
|-sidestart|p2: PilferPotions|move: Stealth Rock
|move|p2a: Ferrothorn|Toxic|p1a: Seismitoad
|-status|p1a: Seismitoad|tox
|
|-weather|RainDance|[upkeep]
|-heal|p2a: Ferrothorn|98/100|[from] item: Leftovers
|-damage|p1a: Seismitoad|94/100 tox|[from] psn
|upkeep
|turn|8
|
|switch|p1a: Ferrothorn|Ferrothorn, F|46/100
|move|p2a: Ferrothorn|Stealth Rock|p1a: Ferrothorn
|-sidestart|p1: MadMax18896|move: Stealth Rock
|
|-weather|none
|-heal|p2a: Ferrothorn|100/100|[from] item: Leftovers
|-heal|p1a: Ferrothorn|52/100|[from] item: Leftovers
|upkeep
|turn|9
|
|switch|p2a: Clefable|Clefable, M|96/100
|move|p1a: Ferrothorn|Knock Off|p2a: Clefable
|-resisted|p2a: Clefable
|-damage|p2a: Clefable|84/100
|-enditem|p2a: Clefable|Life Orb|[from] move: Knock Off|[of] p1a: Ferrothorn
|
|-heal|p1a: Ferrothorn|59/100|[from] item: Leftovers
|upkeep
|turn|10
|
|move|p2a: Clefable|Flamethrower|p1a: Ferrothorn
|-supereffective|p1a: Ferrothorn
|-damage|p1a: Ferrothorn|0 fnt
|faint|p1a: Ferrothorn
|
|upkeep
|
|switch|p1a: Pelipper|Pelipper, F|100/100
|-damage|p1a: Pelipper|75/100|[from] Stealth Rock
|-weather|RainDance|[from] ability: Drizzle|[of] p1a: Pelipper
|turn|11
|
|move|p1a: Pelipper|U-turn|p2a: Clefable
|-resisted|p2a: Clefable
|-damage|p2a: Clefable|79/100
|
|switch|p1a: Seismitoad|Seismitoad, M|94/100 tox|[from]move: U-turn
|-damage|p1a: Seismitoad|88/100 tox|[from] Stealth Rock
|move|p2a: Clefable|Moonblast|p1a: Seismitoad
|-damage|p1a: Seismitoad|43/100 tox
|
|-weather|RainDance|[upkeep]
|-heal|p1a: Seismitoad|49/100 tox|[from] item: Leftovers
|-damage|p1a: Seismitoad|43/100 tox|[from] psn
|upkeep
|turn|12
|
|move|p1a: Seismitoad|Scald|p2a: Clefable
|-damage|p2a: Clefable|46/100
|move|p2a: Clefable|Moonblast|p1a: Seismitoad
|-damage|p1a: Seismitoad|0 fnt
|faint|p1a: Seismitoad
|
|-weather|RainDance|[upkeep]
|upkeep
|
|switch|p1a: Barraskewda|Barraskewda, F|100/100
|-damage|p1a: Barraskewda|88/100|[from] Stealth Rock
|turn|13
|
|move|p1a: Barraskewda|Psychic Fangs|p2a: Clefable
|-damage|p2a: Clefable|0 fnt
|faint|p2a: Clefable
|
|-weather|RainDance|[upkeep]
|upkeep
|
|switch|p2a: Corviknight|Corviknight, F|63/100 brn
|-damage|p2a: Corviknight|50/100 brn|[from] Stealth Rock
|-ability|p2a: Corviknight|Pressure
|turn|14
|
|switch|p1a: Dracovish|Dracovish|100/100
|-damage|p1a: Dracovish|88/100|[from] Stealth Rock
|move|p2a: Corviknight|Roost|p2a: Corviknight
|-heal|p2a: Corviknight|100/100 brn
|-singleturn|p2a: Corviknight|move: Roost
|
|-weather|RainDance|[upkeep]
|-damage|p2a: Corviknight|94/100 brn|[from] brn
|upkeep
|turn|15
|
|switch|p2a: Dracovish|Dracovish|100/100
|-damage|p2a: Dracovish|88/100|[from] Stealth Rock
|move|p1a: Dracovish|Fishious Rend|p2a: Dracovish
|-resisted|p2a: Dracovish
|-crit|p2a: Dracovish
|-damage|p2a: Dracovish|0 fnt
|faint|p2a: Dracovish
|
|-weather|RainDance|[upkeep]
|upkeep
|
|switch|p2a: Dragapult|Dragapult, F|100/100
|-damage|p2a: Dragapult|88/100|[from] Stealth Rock
|turn|16
|
|switch|p1a: Pelipper|Pelipper, F|75/100
|-damage|p1a: Pelipper|50/100|[from] Stealth Rock
|move|p2a: Dragapult|Draco Meteor|p1a: Pelipper|[miss]
|-miss|p2a: Dragapult|p1a: Pelipper
|
|-weather|RainDance|[upkeep]
|upkeep
|turn|17
|
|switch|p2a: Ferrothorn|Ferrothorn, F|100/100
|-damage|p2a: Ferrothorn|94/100|[from] Stealth Rock
|move|p1a: Pelipper|Knock Off|p2a: Ferrothorn
|-damage|p2a: Ferrothorn|87/100
|-damage|p1a: Pelipper|38/100|[from] ability: Iron Barbs|[of] p2a: Ferrothorn
|-enditem|p2a: Ferrothorn|Leftovers|[from] move: Knock Off|[of] p1a: Pelipper
|
|-weather|RainDance|[upkeep]
|upkeep
|turn|18
|
|move|p1a: Pelipper|Roost|p1a: Pelipper
|-heal|p1a: Pelipper|88/100
|-singleturn|p1a: Pelipper|move: Roost
|move|p2a: Ferrothorn|Toxic|p1a: Pelipper
|-status|p1a: Pelipper|tox
|
|-weather|none
|-damage|p1a: Pelipper|82/100 tox|[from] psn
|upkeep
|turn|19
|
|move|p1a: Pelipper|U-turn|p2a: Ferrothorn
|-damage|p2a: Ferrothorn|82/100
|-damage|p1a: Pelipper|70/100 tox|[from] ability: Iron Barbs|[of] p2a: Ferrothorn
|
|switch|p1a: Barraskewda|Barraskewda, F|88/100|[from]move: U-turn
|-damage|p1a: Barraskewda|75/100|[from] Stealth Rock
|move|p2a: Ferrothorn|Leech Seed|p1a: Barraskewda
|-start|p1a: Barraskewda|move: Leech Seed
|
|-damage|p1a: Barraskewda|63/100|[from] Leech Seed|[of] p2a: Ferrothorn
|-heal|p2a: Ferrothorn|91/100|[silent]
|upkeep
|turn|20
|
|switch|p2a: Dragapult|Dragapult, F|88/100
|-damage|p2a: Dragapult|76/100|[from] Stealth Rock
|move|p1a: Barraskewda|Close Combat|p2a: Dragapult
|-immune|p2a: Dragapult
|
|-damage|p1a: Barraskewda|50/100|[from] Leech Seed|[of] p2a: Dragapult
|-heal|p2a: Dragapult|86/100|[silent]
|upkeep
|turn|21
|
|switch|p1a: Pelipper|Pelipper, F|70/100 tox
|-damage|p1a: Pelipper|45/100 tox|[from] Stealth Rock
|-weather|RainDance|[from] ability: Drizzle|[of] p1a: Pelipper
|move|p2a: Dragapult|Shadow Ball|p1a: Pelipper
|-damage|p1a: Pelipper|0 fnt
|faint|p1a: Pelipper
|
|-weather|RainDance|[upkeep]
|upkeep
|
|switch|p1a: Dracovish|Dracovish|88/100
|-damage|p1a: Dracovish|76/100|[from] Stealth Rock
|turn|22
|
|switch|p2a: Corviknight|Corviknight, F|94/100 brn
|-damage|p2a: Corviknight|82/100 brn|[from] Stealth Rock
|-ability|p2a: Corviknight|Pressure
|move|p1a: Dracovish|Fishious Rend|p2a: Corviknight
|-damage|p2a: Corviknight|0 fnt
|faint|p2a: Corviknight
|
|-weather|RainDance|[upkeep]
|upkeep
|
|switch|p2a: Grimmsnarl|Grimmsnarl, M|100/100
|-damage|p2a: Grimmsnarl|88/100|[from] Stealth Rock
|turn|23
|
|move|p2a: Grimmsnarl|Substitute|p2a: Grimmsnarl
|-start|p2a: Grimmsnarl|Substitute
|-damage|p2a: Grimmsnarl|63/100
|move|p1a: Dracovish|Fishious Rend|p2a: Grimmsnarl
|-end|p2a: Grimmsnarl|Substitute
|
|-weather|RainDance|[upkeep]
|-heal|p2a: Grimmsnarl|69/100|[from] item: Leftovers
|upkeep
|turn|24
|
|move|p2a: Grimmsnarl|Substitute|p2a: Grimmsnarl
|-start|p2a: Grimmsnarl|Substitute
|-damage|p2a: Grimmsnarl|44/100
|move|p1a: Dracovish|Fishious Rend|p2a: Grimmsnarl
|-end|p2a: Grimmsnarl|Substitute
|
|-weather|RainDance|[upkeep]
|-heal|p2a: Grimmsnarl|50/100|[from] item: Leftovers
|upkeep
|turn|25
|
|move|p2a: Grimmsnarl|Substitute|p2a: Grimmsnarl
|-start|p2a: Grimmsnarl|Substitute
|-damage|p2a: Grimmsnarl|26/100
|move|p1a: Dracovish|Fishious Rend|p2a: Grimmsnarl
|-end|p2a: Grimmsnarl|Substitute
|
|-weather|RainDance|[upkeep]
|-heal|p2a: Grimmsnarl|32/100|[from] item: Leftovers
|upkeep
|turn|26
|
|move|p2a: Grimmsnarl|Substitute|p2a: Grimmsnarl
|-start|p2a: Grimmsnarl|Substitute
|-damage|p2a: Grimmsnarl|7/100
|move|p1a: Dracovish|Fishious Rend|p2a: Grimmsnarl
|-end|p2a: Grimmsnarl|Substitute
|
|-weather|RainDance|[upkeep]
|-heal|p2a: Grimmsnarl|13/100|[from] item: Leftovers
|upkeep
|turn|27
|
|move|p2a: Grimmsnarl|Thunder Wave|p1a: Dracovish
|-status|p1a: Dracovish|par
|move|p1a: Dracovish|Fishious Rend|p2a: Grimmsnarl
|-damage|p2a: Grimmsnarl|0 fnt
|faint|p2a: Grimmsnarl
|
|-weather|RainDance|[upkeep]
|upkeep
|
|switch|p2a: Ferrothorn|Ferrothorn, F|91/100
|-damage|p2a: Ferrothorn|85/100|[from] Stealth Rock
|turn|28
|
|move|p1a: Dracovish|Fishious Rend|p2a: Ferrothorn
|-resisted|p2a: Ferrothorn
|-damage|p2a: Ferrothorn|13/100
|-damage|p1a: Dracovish|63/100 par|[from] ability: Iron Barbs|[of] p2a: Ferrothorn
|move|p2a: Ferrothorn|Leech Seed|p1a: Dracovish
|-start|p1a: Dracovish|move: Leech Seed
|
|-weather|none
|-damage|p1a: Dracovish|51/100 par|[from] Leech Seed|[of] p2a: Ferrothorn
|-heal|p2a: Ferrothorn|24/100|[silent]
|upkeep
|turn|29
|
|move|p1a: Dracovish|Fishious Rend|p2a: Ferrothorn
|-resisted|p2a: Ferrothorn
|-damage|p2a: Ferrothorn|0 fnt
|-damage|p1a: Dracovish|38/100 par|[from] ability: Iron Barbs|[of] p2a: Ferrothorn
|faint|p2a: Ferrothorn
|
|upkeep
|
|switch|p2a: Dragapult|Dragapult, F|86/100
|-damage|p2a: Dragapult|74/100|[from] Stealth Rock
|turn|30
|
|move|p2a: Dragapult|Thunderbolt|p1a: Dracovish
|-damage|p1a: Dracovish|0 fnt
|faint|p1a: Dracovish
|
|upkeep
|
|switch|p1a: Barraskewda|Barraskewda, F|50/100
|-damage|p1a: Barraskewda|38/100|[from] Stealth Rock
|turn|31
|
|move|p2a: Dragapult|Thunderbolt|p1a: Barraskewda
|-supereffective|p1a: Barraskewda
|-damage|p1a: Barraskewda|0 fnt
|faint|p1a: Barraskewda
|
|win|PilferPotions
|raw|MadMax18896's rating: 1074 → 1055(-19 for losing)
|raw|PilferPotions's rating: 1107 → 1130(+23 for winning)
