|ScrapeTime|2020-01-03-01:38:57
|j|☆Gallery kings
|j|☆tsxyz
|player|p1|Gallery kings|141|1114
|player|p2|tsxyz|gambler|1117
|teamsize|p1|6
|teamsize|p2|6
|gametype|singles
|gen|8
|tier|[Gen 8] OU
|rated|
|rule|Sleep Clause Mod: Limit one foe put to sleep
|rule|Species Clause: Limit one of each Pokémon
|rule|OHKO Clause: OHKO moves are banned
|rule|Evasion Moves Clause: Evasion moves are banned
|rule|Endless Battle Clause: Forcing endless battles is banned
|rule|HP Percentage Mod: HP is shown in percentages
|clearpoke
|poke|p1|Obstagoon, M|
|poke|p1|Mew|
|poke|p1|Shiinotic, M|
|poke|p1|Ditto|
|poke|p1|Gyarados, M|
|poke|p1|Corsola-Galar, F|
|poke|p2|Crawdaunt, F|
|poke|p2|Drapion, M|
|poke|p2|Hawlucha, M|
|poke|p2|Corviknight, F|
|poke|p2|Hydreigon, F|
|poke|p2|Gastrodon, F|
|rule|Dynamax Clause: You cannot dynamax
|teampreview
|inactive|Battle timer is ON: inactive players will automatically lose when time's up. (requested by tsxyz)
|
|start
|switch|p1a: Mew|Mew|100/100
|switch|p2a: Crawdaunt|Crawdaunt, F|100/100
|turn|1
|
|move|p1a: Mew|Stealth Rock|p2a: Crawdaunt
|-sidestart|p2: tsxyz|move: Stealth Rock
|move|p2a: Crawdaunt|Dragon Dance|p2a: Crawdaunt
|-boost|p2a: Crawdaunt|atk|1
|-boost|p2a: Crawdaunt|spe|1
|
|upkeep
|turn|2
|
|move|p2a: Crawdaunt|Knock Off|p1a: Mew
|-supereffective|p1a: Mew
|-damage|p1a: Mew|0 fnt
|-enditem|p1a: Mew|Leftovers|[from] move: Knock Off|[of] p2a: Crawdaunt
|faint|p1a: Mew
|
|upkeep
|
|switch|p1a: Shiinotic|Shiinotic, M, shiny|100/100
|turn|3
|
|move|p2a: Crawdaunt|Knock Off|p1a: Shiinotic
|-resisted|p1a: Shiinotic
|-damage|p1a: Shiinotic|39/100
|-damage|p2a: Crawdaunt|84/100|[from] item: Rocky Helmet|[of] p1a: Shiinotic
|-enditem|p1a: Shiinotic|Rocky Helmet|[from] move: Knock Off|[of] p2a: Crawdaunt
|move|p1a: Shiinotic|Spore|p2a: Crawdaunt
|-status|p2a: Crawdaunt|slp|[from] move: Spore
|
|upkeep
|turn|4
|
|switch|p2a: Hydreigon|Hydreigon, F|100/100
|-damage|p2a: Hydreigon|88/100|[from] Stealth Rock
|move|p1a: Shiinotic|Strength Sap|p2a: Hydreigon
|-unboost|p2a: Hydreigon|atk|1
|-heal|p1a: Shiinotic|98/100
|
|upkeep
|turn|5
|
|switch|p1a: Ditto|Ditto, shiny|100/100
|-transform|p1a: Ditto|p2a: Hydreigon|[from] ability: Imposter
|move|p2a: Hydreigon|Flamethrower|p1a: Ditto
|-resisted|p1a: Ditto
|-damage|p1a: Ditto|80/100
|
|upkeep
|turn|6
|
|switch|p2a: Crawdaunt|Crawdaunt, F|84/100 slp
|-damage|p2a: Crawdaunt|72/100 slp|[from] Stealth Rock
|move|p1a: Ditto|Dragon Pulse|p2a: Crawdaunt
|-damage|p2a: Crawdaunt|0 fnt
|faint|p2a: Crawdaunt
|
|upkeep
|
|switch|p2a: Gastrodon|Gastrodon, F|100/100
|-damage|p2a: Gastrodon|94/100|[from] Stealth Rock
|turn|7
|
|switch|p1a: Shiinotic|Shiinotic, M, shiny|98/100
|move|p2a: Gastrodon|Scald|p1a: Shiinotic
|-resisted|p1a: Shiinotic
|-damage|p1a: Shiinotic|85/100
|
|upkeep
|turn|8
|
|switch|p2a: Corviknight|Corviknight, F|100/100
|-damage|p2a: Corviknight|88/100|[from] Stealth Rock
|move|p1a: Shiinotic|Spore|p2a: Corviknight
|-status|p2a: Corviknight|slp|[from] move: Spore
|
|-heal|p2a: Corviknight|94/100 slp|[from] item: Leftovers
|upkeep
|turn|9
|
|cant|p2a: Corviknight|slp
|move|p1a: Shiinotic|Leech Seed|p2a: Corviknight
|-start|p2a: Corviknight|move: Leech Seed
|
|-heal|p2a: Corviknight|100/100 slp|[from] item: Leftovers
|-damage|p2a: Corviknight|88/100 slp|[from] Leech Seed|[of] p1a: Shiinotic
|-heal|p1a: Shiinotic|98/100|[silent]
|upkeep
|turn|10
|
|switch|p1a: Corsola|Corsola-Galar, F|100/100
|-curestatus|p2a: Corviknight|slp|[msg]
|move|p2a: Corviknight|Agility|p2a: Corviknight
|-boost|p2a: Corviknight|spe|2
|
|-heal|p2a: Corviknight|94/100|[from] item: Leftovers
|-damage|p2a: Corviknight|82/100|[from] Leech Seed|[of] p1a: Corsola
|upkeep
|turn|11
|
|move|p2a: Corviknight|Iron Head|p1a: Corsola
|-damage|p1a: Corsola|64/100
|move|p1a: Corsola|Scald|p2a: Corviknight
|-damage|p2a: Corviknight|63/100
|-status|p2a: Corviknight|brn
|
|-heal|p2a: Corviknight|69/100 brn|[from] item: Leftovers
|-heal|p1a: Corsola|70/100|[from] item: Leftovers
|-damage|p2a: Corviknight|57/100 brn|[from] Leech Seed|[of] p1a: Corsola
|-heal|p1a: Corsola|83/100|[silent]
|-damage|p2a: Corviknight|50/100 brn|[from] brn
|upkeep
|turn|12
|
|switch|p1a: Gyarados|Gyarados, M, shiny|100/100
|move|p2a: Corviknight|Iron Head|p1a: Gyarados
|-resisted|p1a: Gyarados
|-damage|p1a: Gyarados|89/100
|
|-heal|p2a: Corviknight|57/100 brn|[from] item: Leftovers
|-damage|p2a: Corviknight|44/100 brn|[from] Leech Seed|[of] p1a: Gyarados
|-heal|p1a: Gyarados|100/100|[silent]
|-damage|p2a: Corviknight|38/100 brn|[from] brn
|upkeep
|turn|13
|
|switch|p2a: Gastrodon|Gastrodon, F|94/100
|-damage|p2a: Gastrodon|88/100|[from] Stealth Rock
|move|p1a: Gyarados|Dragon Dance|p1a: Gyarados
|-boost|p1a: Gyarados|atk|1
|-boost|p1a: Gyarados|spe|1
|
|upkeep
|turn|14
|
|move|p1a: Gyarados|Power Whip|p2a: Gastrodon|[miss]
|-miss|p1a: Gyarados|p2a: Gastrodon
|move|p2a: Gastrodon|Sludge Wave|p1a: Gyarados
|-damage|p1a: Gyarados|73/100
|
|upkeep
|turn|15
|
|move|p1a: Gyarados|Dragon Dance|p1a: Gyarados
|-boost|p1a: Gyarados|atk|1
|-boost|p1a: Gyarados|spe|1
|move|p2a: Gastrodon|Sludge Wave|p1a: Gyarados
|-damage|p1a: Gyarados|45/100
|
|upkeep
|turn|16
|
|move|p1a: Gyarados|Power Whip|p2a: Gastrodon
|-supereffective|p2a: Gastrodon
|-damage|p2a: Gastrodon|0 fnt
|-damage|p1a: Gyarados|35/100|[from] item: Life Orb
|faint|p2a: Gastrodon
|-ability|p1a: Gyarados|Moxie|boost
|-boost|p1a: Gyarados|atk|1
|
|upkeep
|
|switch|p2a: Corviknight|Corviknight, F|38/100 brn
|-damage|p2a: Corviknight|25/100 brn|[from] Stealth Rock
|turn|17
|
|move|p1a: Gyarados|Waterfall|p2a: Corviknight
|-damage|p2a: Corviknight|0 fnt
|-damage|p1a: Gyarados|25/100|[from] item: Life Orb
|faint|p2a: Corviknight
|-ability|p1a: Gyarados|Moxie|boost
|-boost|p1a: Gyarados|atk|1
|
|upkeep
|
|switch|p2a: Hydreigon|Hydreigon, F|88/100
|-damage|p2a: Hydreigon|76/100|[from] Stealth Rock
|turn|18
|
|move|p1a: Gyarados|Waterfall|p2a: Hydreigon
|-resisted|p2a: Hydreigon
|-damage|p2a: Hydreigon|0 fnt
|-damage|p1a: Gyarados|15/100|[from] item: Life Orb
|faint|p2a: Hydreigon
|-ability|p1a: Gyarados|Moxie|boost
|-boost|p1a: Gyarados|atk|1
|
|upkeep
|
|switch|p2a: Hawlucha|Hawlucha, M|100/100
|-damage|p2a: Hawlucha|88/100|[from] Stealth Rock
|-ability|p2a: Hawlucha|Mold Breaker
|turn|19
|
|move|p1a: Gyarados|Waterfall|p2a: Hawlucha
|-damage|p2a: Hawlucha|0 fnt
|-damage|p1a: Gyarados|5/100|[from] item: Life Orb
|faint|p2a: Hawlucha
|-ability|p1a: Gyarados|Moxie|boost
|-boost|p1a: Gyarados|atk|1
|
|upkeep
|
|switch|p2a: Drapion|Drapion, M|100/100
|-damage|p2a: Drapion|88/100|[from] Stealth Rock
|turn|20
|
|move|p1a: Gyarados|Earthquake|p2a: Drapion
|-supereffective|p2a: Drapion
|-damage|p2a: Drapion|0 fnt
|-damage|p1a: Gyarados|0 fnt|[from] item: Life Orb
|faint|p2a: Drapion
|faint|p1a: Gyarados
|
|win|Gallery kings
|l|☆tsxyz
|raw|Gallery kings's rating: 1114 → 1138(+24 for winning)
|raw|tsxyz's rating: 1094 → 1071(-23 for losing)
