|ScrapeTime|2020-01-01-09:25:50
|j|☆Thinning the herd
|j|☆ZL4T4N
|player|p1|Thinning the herd|gentleman|1555
|player|p2|ZL4T4N|theroyal|1543
|teamsize|p1|6
|teamsize|p2|6
|gametype|singles
|gen|8
|tier|[Gen 8] OU
|rated|
|rule|Sleep Clause Mod: Limit one foe put to sleep
|rule|Species Clause: Limit one of each Pokémon
|rule|OHKO Clause: OHKO moves are banned
|rule|Evasion Moves Clause: Evasion moves are banned
|rule|Endless Battle Clause: Forcing endless battles is banned
|rule|HP Percentage Mod: HP is shown in percentages
|clearpoke
|poke|p1|Vaporeon, M|
|poke|p1|Ferrothorn, M|
|poke|p1|Toxtricity, F|
|poke|p1|Mr. Rime, M|
|poke|p1|Dugtrio, M|
|poke|p1|Inteleon, M|
|poke|p2|Cinderace, M|
|poke|p2|Hydreigon, M|
|poke|p2|Clefable, F|
|poke|p2|Corviknight, F|
|poke|p2|Dracozolt|
|poke|p2|Seismitoad, M|
|rule|Dynamax Clause: You cannot dynamax
|teampreview
|inactive|Battle timer is ON: inactive players will automatically lose when time's up. (requested by ZL4T4N)
|
|start
|switch|p1a: Inteleon|Inteleon, M|100/100
|switch|p2a: Cinderace|Cinderace, M|100/100
|turn|1
|inactive|ZL4T4N has 120 seconds left.
|
|switch|p2a: Seismitoad|Seismitoad, M|100/100
|move|p1a: Inteleon|U-turn|p2a: Seismitoad
|-damage|p2a: Seismitoad|91/100
|
|switch|p1a: Ferrothorn|Ferrothorn, M|100/100|[from]move: U-turn
|
|-heal|p2a: Seismitoad|97/100|[from] item: Leftovers
|upkeep
|turn|2
|inactive|ZL4T4N has 120 seconds left.
|
|switch|p2a: Cinderace|Cinderace, M|100/100
|move|p1a: Ferrothorn|Leech Seed|p2a: Cinderace
|-start|p2a: Cinderace|move: Leech Seed
|
|-damage|p2a: Cinderace|88/100|[from] Leech Seed|[of] p1a: Ferrothorn
|upkeep
|turn|3
|
|move|p1a: Ferrothorn|Protect|p1a: Ferrothorn
|-singleturn|p1a: Ferrothorn|Protect
|move|p2a: Cinderace|Pyro Ball|p1a: Ferrothorn
|-activate|p1a: Ferrothorn|move: Protect
|
|-damage|p2a: Cinderace|76/100|[from] Leech Seed|[of] p1a: Ferrothorn
|upkeep
|turn|4
|
|switch|p1a: Vaporeon|Vaporeon, M|100/100
|move|p2a: Cinderace|U-turn|p1a: Vaporeon
|-damage|p1a: Vaporeon|83/100
|
|switch|p2a: Hydreigon|Hydreigon, M|100/100|[from]move: U-turn
|
|-heal|p1a: Vaporeon|89/100|[from] item: Leftovers
|upkeep
|turn|5
|
|move|p2a: Hydreigon|Substitute|p2a: Hydreigon
|-start|p2a: Hydreigon|Substitute
|-damage|p2a: Hydreigon|76/100
|move|p1a: Vaporeon|Ice Beam|p2a: Hydreigon
|-supereffective|p2a: Hydreigon
|-end|p2a: Hydreigon|Substitute
|
|-heal|p2a: Hydreigon|82/100|[from] item: Leftovers
|-heal|p1a: Vaporeon|96/100|[from] item: Leftovers
|upkeep
|turn|6
|
|move|p2a: Hydreigon|Nasty Plot|p2a: Hydreigon
|-boost|p2a: Hydreigon|spa|2
|move|p1a: Vaporeon|Wish|p1a: Vaporeon
|
|-heal|p2a: Hydreigon|88/100|[from] item: Leftovers
|-heal|p1a: Vaporeon|100/100|[from] item: Leftovers
|upkeep
|turn|7
|
|move|p2a: Hydreigon|Substitute|p2a: Hydreigon
|-start|p2a: Hydreigon|Substitute
|-damage|p2a: Hydreigon|63/100
|move|p1a: Vaporeon|Ice Beam|p2a: Hydreigon
|-supereffective|p2a: Hydreigon
|-end|p2a: Hydreigon|Substitute
|
|-heal|p2a: Hydreigon|69/100|[from] item: Leftovers
|upkeep
|turn|8
|
|move|p2a: Hydreigon|Dark Pulse|p1a: Vaporeon
|-damage|p1a: Vaporeon|34/100
|move|p1a: Vaporeon|Ice Beam|p2a: Hydreigon
|-supereffective|p2a: Hydreigon
|-damage|p2a: Hydreigon|14/100
|
|-heal|p2a: Hydreigon|20/100|[from] item: Leftovers
|-heal|p1a: Vaporeon|40/100|[from] item: Leftovers
|upkeep
|turn|9
|
|move|p1a: Vaporeon|Protect|p1a: Vaporeon
|-singleturn|p1a: Vaporeon|Protect
|move|p2a: Hydreigon|Dark Pulse|p1a: Vaporeon
|-activate|p1a: Vaporeon|move: Protect
|
|-heal|p2a: Hydreigon|26/100|[from] item: Leftovers
|-heal|p1a: Vaporeon|47/100|[from] item: Leftovers
|upkeep
|turn|10
|
|switch|p1a: Mr. Rime|Mr. Rime, M|100/100
|move|p2a: Hydreigon|Dark Pulse|p1a: Mr. Rime
|-supereffective|p1a: Mr. Rime
|-damage|p1a: Mr. Rime|0 fnt
|faint|p1a: Mr. Rime
|
|-heal|p2a: Hydreigon|32/100|[from] item: Leftovers
|upkeep
|
|switch|p1a: Inteleon|Inteleon, M|100/100
|turn|11
|
|switch|p2a: Seismitoad|Seismitoad, M|97/100
|move|p1a: Inteleon|Ice Beam|p2a: Seismitoad
|-damage|p2a: Seismitoad|61/100
|
|-heal|p2a: Seismitoad|67/100|[from] item: Leftovers
|upkeep
|turn|12
|
|move|p1a: Inteleon|Ice Beam|p2a: Seismitoad
|-damage|p2a: Seismitoad|32/100
|move|p2a: Seismitoad|Stealth Rock|p1a: Inteleon
|-sidestart|p1: Thinning the herd|move: Stealth Rock
|
|-heal|p2a: Seismitoad|38/100|[from] item: Leftovers
|upkeep
|turn|13
|
|switch|p1a: Ferrothorn|Ferrothorn, M|100/100
|-damage|p1a: Ferrothorn|94/100|[from] Stealth Rock
|move|p2a: Seismitoad|Earthquake|p1a: Ferrothorn
|-damage|p1a: Ferrothorn|74/100
|
|-heal|p2a: Seismitoad|44/100|[from] item: Leftovers
|-heal|p1a: Ferrothorn|81/100|[from] item: Leftovers
|upkeep
|turn|14
|
|switch|p2a: Cinderace|Cinderace, M|76/100
|move|p1a: Ferrothorn|Stealth Rock|p2a: Cinderace
|-sidestart|p2: ZL4T4N|move: Stealth Rock
|
|-heal|p1a: Ferrothorn|87/100|[from] item: Leftovers
|upkeep
|turn|15
|
|switch|p1a: Inteleon|Inteleon, M|100/100
|-damage|p1a: Inteleon|88/100|[from] Stealth Rock
|move|p2a: Cinderace|Pyro Ball|p1a: Inteleon|[miss]
|-miss|p2a: Cinderace|p1a: Inteleon
|
|upkeep
|turn|16
|
|switch|p2a: Clefable|Clefable, F|100/100
|move|p1a: Inteleon|U-turn|p2a: Clefable
|-resisted|p2a: Clefable
|-damage|p2a: Clefable|95/100
|
|switch|p1a: Toxtricity|Toxtricity, F|100/100|[from]move: U-turn
|-damage|p1a: Toxtricity|88/100|[from] Stealth Rock
|
|-heal|p2a: Clefable|100/100|[from] item: Leftovers
|upkeep
|turn|17
|
|move|p1a: Toxtricity|Shift Gear|p1a: Toxtricity
|-boost|p1a: Toxtricity|spe|2
|-boost|p1a: Toxtricity|atk|1
|move|p2a: Clefable|Flamethrower|p1a: Toxtricity
|-damage|p1a: Toxtricity|56/100
|
|upkeep
|turn|18
|
|move|p1a: Toxtricity|Shift Gear|p1a: Toxtricity
|-boost|p1a: Toxtricity|spe|2
|-boost|p1a: Toxtricity|atk|1
|move|p2a: Clefable|Flamethrower|p1a: Toxtricity
|-damage|p1a: Toxtricity|22/100
|
|upkeep
|turn|19
|
|move|p1a: Toxtricity|Poison Jab|p2a: Clefable
|-supereffective|p2a: Clefable
|-damage|p2a: Clefable|0 fnt
|-damage|p1a: Toxtricity|13/100|[from] item: Life Orb
|faint|p2a: Clefable
|
|upkeep
|
|switch|p2a: Cinderace|Cinderace, M|76/100
|turn|20
|
|move|p2a: Cinderace|Sucker Punch|p1a: Toxtricity
|-damage|p1a: Toxtricity|0 fnt
|faint|p1a: Toxtricity
|
|upkeep
|
|switch|p1a: Dugtrio|Dugtrio, M|100/100
|-damage|p1a: Dugtrio|94/100|[from] Stealth Rock
|turn|21
|
|move|p2a: Cinderace|Sucker Punch|p1a: Dugtrio
|-damage|p1a: Dugtrio|31/100
|move|p1a: Dugtrio|Earthquake|p2a: Cinderace
|-supereffective|p2a: Cinderace
|-damage|p2a: Cinderace|0 fnt
|faint|p2a: Cinderace
|
|upkeep
|
|switch|p2a: Corviknight|Corviknight, F|100/100
|-damage|p2a: Corviknight|88/100|[from] Stealth Rock
|-ability|p2a: Corviknight|Pressure
|turn|22
|
|switch|p1a: Vaporeon|Vaporeon, M|47/100
|-damage|p1a: Vaporeon|34/100|[from] Stealth Rock
|move|p2a: Corviknight|U-turn|p1a: Vaporeon
|-damage|p1a: Vaporeon|23/100
|
|switch|p2a: Hydreigon|Hydreigon, M|32/100|[from]move: U-turn
|-damage|p2a: Hydreigon|20/100|[from] Stealth Rock
|
|-heal|p2a: Hydreigon|26/100|[from] item: Leftovers
|-heal|p1a: Vaporeon|29/100|[from] item: Leftovers
|upkeep
|turn|23
|
|switch|p1a: Inteleon|Inteleon, M|88/100
|-damage|p1a: Inteleon|76/100|[from] Stealth Rock
|move|p2a: Hydreigon|Dark Pulse|p1a: Inteleon
|-damage|p1a: Inteleon|6/100
|
|-heal|p2a: Hydreigon|32/100|[from] item: Leftovers
|upkeep
|turn|24
|
|switch|p2a: Dracozolt|Dracozolt|100/100
|-damage|p2a: Dracozolt|88/100|[from] Stealth Rock
|move|p1a: Inteleon|Ice Beam|p2a: Dracozolt
|-supereffective|p2a: Dracozolt
|-damage|p2a: Dracozolt|0 fnt
|faint|p2a: Dracozolt
|
|upkeep
|
|switch|p2a: Corviknight|Corviknight, F|88/100
|-damage|p2a: Corviknight|75/100|[from] Stealth Rock
|-ability|p2a: Corviknight|Pressure
|turn|25
|
|move|p1a: Inteleon|Ice Beam|p2a: Corviknight
|-damage|p2a: Corviknight|47/100
|move|p2a: Corviknight|U-turn|p1a: Inteleon
|-damage|p1a: Inteleon|0 fnt
|faint|p1a: Inteleon
|
|switch|p2a: Hydreigon|Hydreigon, M|32/100|[from]move: U-turn
|-damage|p2a: Hydreigon|20/100|[from] Stealth Rock
|
|-heal|p2a: Hydreigon|26/100|[from] item: Leftovers
|upkeep
|
|switch|p1a: Dugtrio|Dugtrio, M|31/100
|-damage|p1a: Dugtrio|25/100|[from] Stealth Rock
|turn|26
|
|switch|p2a: Seismitoad|Seismitoad, M|44/100
|-damage|p2a: Seismitoad|38/100|[from] Stealth Rock
|move|p1a: Dugtrio|Screech|p2a: Seismitoad
|-unboost|p2a: Seismitoad|def|2
|
|-heal|p2a: Seismitoad|44/100|[from] item: Leftovers
|upkeep
|turn|27
|
|move|p1a: Dugtrio|Earthquake|p2a: Seismitoad
|-damage|p2a: Seismitoad|0 fnt
|faint|p2a: Seismitoad
|
|upkeep
|
|switch|p2a: Corviknight|Corviknight, F|47/100
|-damage|p2a: Corviknight|35/100|[from] Stealth Rock
|-ability|p2a: Corviknight|Pressure
|turn|28
|
|switch|p1a: Vaporeon|Vaporeon, M|29/100
|-damage|p1a: Vaporeon|17/100|[from] Stealth Rock
|move|p2a: Corviknight|Roost|p2a: Corviknight
|-heal|p2a: Corviknight|85/100
|-singleturn|p2a: Corviknight|move: Roost
|
|-heal|p2a: Corviknight|91/100|[from] item: Leftovers
|-heal|p1a: Vaporeon|23/100|[from] item: Leftovers
|upkeep
|turn|29
|
|move|p2a: Corviknight|Brave Bird|p1a: Vaporeon
|-damage|p1a: Vaporeon|0 fnt
|-damage|p2a: Corviknight|82/100|[from] Recoil
|faint|p1a: Vaporeon
|
|-heal|p2a: Corviknight|89/100|[from] item: Leftovers
|upkeep
|
|switch|p1a: Ferrothorn|Ferrothorn, M|87/100
|-damage|p1a: Ferrothorn|81/100|[from] Stealth Rock
|turn|30
|
|switch|p2a: Hydreigon|Hydreigon, M|26/100
|-damage|p2a: Hydreigon|14/100|[from] Stealth Rock
|move|p1a: Ferrothorn|Leech Seed|p2a: Hydreigon
|-start|p2a: Hydreigon|move: Leech Seed
|
|-heal|p2a: Hydreigon|20/100|[from] item: Leftovers
|-heal|p1a: Ferrothorn|87/100|[from] item: Leftovers
|-damage|p2a: Hydreigon|8/100|[from] Leech Seed|[of] p1a: Ferrothorn
|-heal|p1a: Ferrothorn|98/100|[silent]
|upkeep
|turn|31
|
|move|p2a: Hydreigon|Dark Pulse|p1a: Ferrothorn
|-damage|p1a: Ferrothorn|65/100
|cant|p1a: Ferrothorn|flinch
|
|-heal|p2a: Hydreigon|14/100|[from] item: Leftovers
|-heal|p1a: Ferrothorn|71/100|[from] item: Leftovers
|-damage|p2a: Hydreigon|1/100|[from] Leech Seed|[of] p1a: Ferrothorn
|-heal|p1a: Ferrothorn|83/100|[silent]
|upkeep
|turn|32
|
|move|p2a: Hydreigon|Dark Pulse|p1a: Ferrothorn
|-damage|p1a: Ferrothorn|52/100
|move|p1a: Ferrothorn|Leech Seed||[still]
|-fail|p1a: Ferrothorn
|
|-heal|p2a: Hydreigon|8/100|[from] item: Leftovers
|-heal|p1a: Ferrothorn|58/100|[from] item: Leftovers
|-damage|p2a: Hydreigon|0 fnt|[from] Leech Seed|[of] p1a: Ferrothorn
|-heal|p1a: Ferrothorn|65/100|[silent]
|faint|p2a: Hydreigon
|upkeep
|
|switch|p2a: Corviknight|Corviknight, F|89/100
|-damage|p2a: Corviknight|76/100|[from] Stealth Rock
|-ability|p2a: Corviknight|Pressure
|turn|33
|
|move|p2a: Corviknight|Brave Bird|p1a: Ferrothorn
|-damage|p1a: Ferrothorn|41/100
|-damage|p2a: Corviknight|64/100|[from] ability: Iron Barbs|[of] p1a: Ferrothorn
|-damage|p2a: Corviknight|57/100|[from] Recoil
|move|p1a: Ferrothorn|Leech Seed|p2a: Corviknight
|-start|p2a: Corviknight|move: Leech Seed
|
|-heal|p2a: Corviknight|63/100|[from] item: Leftovers
|-heal|p1a: Ferrothorn|48/100|[from] item: Leftovers
|-damage|p2a: Corviknight|51/100|[from] Leech Seed|[of] p1a: Ferrothorn
|-heal|p1a: Ferrothorn|62/100|[silent]
|upkeep
|turn|34
|inactive|Thinning the herd has 120 seconds left.
|
|move|p1a: Ferrothorn|Protect|p1a: Ferrothorn
|-singleturn|p1a: Ferrothorn|Protect
|move|p2a: Corviknight|Roost|p2a: Corviknight
|-heal|p2a: Corviknight|100/100
|-singleturn|p2a: Corviknight|move: Roost
|
|-heal|p1a: Ferrothorn|68/100|[from] item: Leftovers
|-damage|p2a: Corviknight|88/100|[from] Leech Seed|[of] p1a: Ferrothorn
|-heal|p1a: Ferrothorn|82/100|[silent]
|upkeep
|turn|35
|inactive|Thinning the herd has 120 seconds left.
|
|move|p2a: Corviknight|Brave Bird|p1a: Ferrothorn
|-damage|p1a: Ferrothorn|57/100
|-damage|p2a: Corviknight|75/100|[from] ability: Iron Barbs|[of] p1a: Ferrothorn
|-damage|p2a: Corviknight|68/100|[from] Recoil
|move|p1a: Ferrothorn|Stealth Rock||[still]
|-fail|p1a: Ferrothorn
|
|-heal|p2a: Corviknight|74/100|[from] item: Leftovers
|-heal|p1a: Ferrothorn|64/100|[from] item: Leftovers
|-damage|p2a: Corviknight|62/100|[from] Leech Seed|[of] p1a: Ferrothorn
|-heal|p1a: Ferrothorn|78/100|[silent]
|upkeep
|turn|36
|inactive|Thinning the herd has 120 seconds left.
|
|switch|p1a: Dugtrio|Dugtrio, M|25/100
|-damage|p1a: Dugtrio|19/100|[from] Stealth Rock
|move|p2a: Corviknight|Roost|p2a: Corviknight
|-heal|p2a: Corviknight|100/100
|-singleturn|p2a: Corviknight|move: Roost
|
|-damage|p2a: Corviknight|88/100|[from] Leech Seed|[of] p1a: Dugtrio
|-heal|p1a: Dugtrio|42/100|[silent]
|upkeep
|turn|37
|inactive|Thinning the herd has 120 seconds left.
|
|switch|p1a: Ferrothorn|Ferrothorn, M|78/100
|-damage|p1a: Ferrothorn|72/100|[from] Stealth Rock
|move|p2a: Corviknight|Brave Bird|p1a: Ferrothorn
|-damage|p1a: Ferrothorn|48/100
|-damage|p2a: Corviknight|75/100|[from] ability: Iron Barbs|[of] p1a: Ferrothorn
|-damage|p2a: Corviknight|69/100|[from] Recoil
|
|-heal|p2a: Corviknight|75/100|[from] item: Leftovers
|-heal|p1a: Ferrothorn|54/100|[from] item: Leftovers
|-damage|p2a: Corviknight|62/100|[from] Leech Seed|[of] p1a: Ferrothorn
|-heal|p1a: Ferrothorn|69/100|[silent]
|upkeep
|turn|38
|
|move|p2a: Corviknight|Roost|p2a: Corviknight
|-heal|p2a: Corviknight|100/100
|-singleturn|p2a: Corviknight|move: Roost
|move|p1a: Ferrothorn|Power Whip|p2a: Corviknight
|-resisted|p2a: Corviknight
|-damage|p2a: Corviknight|87/100
|
|-heal|p2a: Corviknight|93/100|[from] item: Leftovers
|-heal|p1a: Ferrothorn|75/100|[from] item: Leftovers
|-damage|p2a: Corviknight|81/100|[from] Leech Seed|[of] p1a: Ferrothorn
|-heal|p1a: Ferrothorn|89/100|[silent]
|upkeep
|turn|39
|
|move|p1a: Ferrothorn|Protect|p1a: Ferrothorn
|-singleturn|p1a: Ferrothorn|Protect
|move|p2a: Corviknight|Brave Bird|p1a: Ferrothorn
|-activate|p1a: Ferrothorn|move: Protect
|
|-heal|p2a: Corviknight|87/100|[from] item: Leftovers
|-heal|p1a: Ferrothorn|95/100|[from] item: Leftovers
|-damage|p2a: Corviknight|75/100|[from] Leech Seed|[of] p1a: Ferrothorn
|-heal|p1a: Ferrothorn|100/100|[silent]
|upkeep
|turn|40
|
|move|p2a: Corviknight|Brave Bird|p1a: Ferrothorn
|-damage|p1a: Ferrothorn|78/100
|-damage|p2a: Corviknight|62/100|[from] ability: Iron Barbs|[of] p1a: Ferrothorn
|-damage|p2a: Corviknight|56/100|[from] Recoil
|move|p1a: Ferrothorn|Stealth Rock||[still]
|-fail|p1a: Ferrothorn
|
|-heal|p2a: Corviknight|62/100|[from] item: Leftovers
|-heal|p1a: Ferrothorn|84/100|[from] item: Leftovers
|-damage|p2a: Corviknight|49/100|[from] Leech Seed|[of] p1a: Ferrothorn
|-heal|p1a: Ferrothorn|99/100|[silent]
|upkeep
|turn|41
|
|switch|p1a: Dugtrio|Dugtrio, M|42/100
|-damage|p1a: Dugtrio|36/100|[from] Stealth Rock
|move|p2a: Corviknight|Brave Bird|p1a: Dugtrio
|-damage|p1a: Dugtrio|0 fnt
|-damage|p2a: Corviknight|43/100|[from] Recoil
|faint|p1a: Dugtrio
|
|-heal|p2a: Corviknight|49/100|[from] item: Leftovers
|upkeep
|
|switch|p1a: Ferrothorn|Ferrothorn, M|99/100
|-damage|p1a: Ferrothorn|92/100|[from] Stealth Rock
|turn|42
|
|move|p1a: Ferrothorn|Protect|p1a: Ferrothorn
|-singleturn|p1a: Ferrothorn|Protect
|move|p2a: Corviknight|Roost|p2a: Corviknight
|-heal|p2a: Corviknight|99/100
|-singleturn|p2a: Corviknight|move: Roost
|
|-heal|p2a: Corviknight|100/100|[from] item: Leftovers
|-heal|p1a: Ferrothorn|99/100|[from] item: Leftovers
|-damage|p2a: Corviknight|88/100|[from] Leech Seed|[of] p1a: Ferrothorn
|-heal|p1a: Ferrothorn|100/100|[silent]
|upkeep
|turn|43
|-message|Thinning the herd forfeited.
|
|win|ZL4T4N
|l|☆Thinning the herd
|raw|Thinning the herd's rating: 1555 → 1534(-21 for losing)
|raw|ZL4T4N's rating: 1543 → 1564(+21 for winning)
