|ScrapeTime|2020-01-01-09:42:26
|j|☆uriah.urgelia1999
|j|☆venusz
|player|p1|uriah.urgelia1999|265|1333
|player|p2|venusz|124|1352
|teamsize|p1|6
|teamsize|p2|6
|gametype|singles
|gen|8
|tier|[Gen 8] OU
|rated|
|rule|Sleep Clause Mod: Limit one foe put to sleep
|rule|Species Clause: Limit one of each Pokémon
|rule|OHKO Clause: OHKO moves are banned
|rule|Evasion Moves Clause: Evasion moves are banned
|rule|Endless Battle Clause: Forcing endless battles is banned
|rule|HP Percentage Mod: HP is shown in percentages
|clearpoke
|poke|p1|Clefable, M|
|poke|p1|Sigilyph, F|
|poke|p1|Boltund, F|
|poke|p1|Dragapult, F|
|poke|p1|Gastrodon, F|
|poke|p1|Ferrothorn, M|
|poke|p2|Centiskorch, M|
|poke|p2|Ferrothorn, M|
|poke|p2|Toxapex, M|
|poke|p2|Hippowdon, M|
|poke|p2|Dragapult, M|
|poke|p2|Toxtricity-Low-Key, M|
|rule|Dynamax Clause: You cannot dynamax
|teampreview
|inactive|Battle timer is ON: inactive players will automatically lose when time's up. (requested by venusz)
|
|start
|switch|p1a: Ferrothorn|Ferrothorn, M|100/100
|switch|p2a: Ferrothorn|Ferrothorn, M|100/100
|turn|1
|
|switch|p2a: Centiskorch|Centiskorch, M|100/100
|move|p1a: Ferrothorn|Stealth Rock|p2a: Centiskorch
|-sidestart|p2: venusz|move: Stealth Rock
|
|upkeep
|turn|2
|
|switch|p1a: Dragapult|Dragapult, F|100/100
|move|p2a: Centiskorch|Knock Off|p1a: Dragapult
|-supereffective|p1a: Dragapult
|-damage|p1a: Dragapult|26/100
|-enditem|p1a: Dragapult|Choice Scarf|[from] move: Knock Off|[of] p2a: Centiskorch
|
|upkeep
|turn|3
|
|move|p1a: Dragapult|Dragon Darts|p2a: Centiskorch
|-damage|p2a: Centiskorch|72/100
|-damage|p2a: Centiskorch|43/100
|-hitcount|p2a: Centiskorch|2
|move|p2a: Centiskorch|Knock Off|p1a: Dragapult
|-supereffective|p1a: Dragapult
|-damage|p1a: Dragapult|0 fnt
|faint|p1a: Dragapult
|
|upkeep
|
|switch|p1a: Sigilyph|Sigilyph, F|100/100
|turn|4
|
|move|p1a: Sigilyph|Shadow Ball|p2a: Centiskorch
|-damage|p2a: Centiskorch|22/100
|move|p2a: Centiskorch|Knock Off|p1a: Sigilyph
|-supereffective|p1a: Sigilyph
|-damage|p1a: Sigilyph|33/100
|-enditem|p1a: Sigilyph|Life Orb|[from] move: Knock Off|[of] p2a: Centiskorch
|
|upkeep
|turn|5
|
|move|p1a: Sigilyph|Psyshock|p2a: Centiskorch
|-damage|p2a: Centiskorch|0 fnt
|faint|p2a: Centiskorch
|
|upkeep
|
|switch|p2a: Toxtricity|Toxtricity-Low-Key, M|100/100
|-damage|p2a: Toxtricity|88/100|[from] Stealth Rock
|turn|6
|
|switch|p1a: Ferrothorn|Ferrothorn, M|100/100
|move|p2a: Toxtricity|Boomburst|p1a: Ferrothorn
|-resisted|p1a: Ferrothorn
|-damage|p1a: Ferrothorn|77/100
|
|upkeep
|turn|7
|
|switch|p2a: Toxapex|Toxapex, M|100/100
|-damage|p2a: Toxapex|88/100|[from] Stealth Rock
|move|p1a: Ferrothorn|Gyro Ball|p2a: Toxapex
|-resisted|p2a: Toxapex
|-damage|p2a: Toxapex|82/100
|
|-heal|p2a: Toxapex|88/100|[from] item: Black Sludge
|upkeep
|turn|8
|
|switch|p1a: Sigilyph|Sigilyph, F|33/100
|move|p2a: Toxapex|Scald|p1a: Sigilyph
|-damage|p1a: Sigilyph|8/100
|
|-heal|p2a: Toxapex|95/100|[from] item: Black Sludge
|upkeep
|turn|9
|
|move|p1a: Sigilyph|Roost|p1a: Sigilyph
|-heal|p1a: Sigilyph|58/100
|-singleturn|p1a: Sigilyph|move: Roost
|move|p2a: Toxapex|Scald|p1a: Sigilyph
|-damage|p1a: Sigilyph|34/100
|-status|p1a: Sigilyph|brn
|
|-heal|p2a: Toxapex|100/100|[from] item: Black Sludge
|upkeep
|turn|10
|
|switch|p2a: Toxtricity|Toxtricity-Low-Key, M|88/100
|-damage|p2a: Toxtricity|76/100|[from] Stealth Rock
|move|p1a: Sigilyph|Roost|p1a: Sigilyph
|-heal|p1a: Sigilyph|84/100 brn
|-singleturn|p1a: Sigilyph|move: Roost
|
|upkeep
|turn|11
|
|switch|p1a: Ferrothorn|Ferrothorn, M|77/100
|move|p2a: Toxtricity|Volt Switch|p1a: Ferrothorn
|-resisted|p1a: Ferrothorn
|-damage|p1a: Ferrothorn|63/100
|
|switch|p2a: Dragapult|Dragapult, M|100/100|[from]move: Volt Switch
|-damage|p2a: Dragapult|88/100|[from] Stealth Rock
|
|upkeep
|turn|12
|
|move|p2a: Dragapult|Fire Blast|p1a: Ferrothorn|[miss]
|-miss|p2a: Dragapult|p1a: Ferrothorn
|move|p1a: Ferrothorn|Gyro Ball|p2a: Dragapult
|-damage|p2a: Dragapult|14/100
|
|upkeep
|turn|13
|
|switch|p1a: Gastrodon|Gastrodon, F|100/100
|move|p2a: Dragapult|Fire Blast|p1a: Gastrodon
|-resisted|p1a: Gastrodon
|-damage|p1a: Gastrodon|84/100
|-damage|p2a: Dragapult|4/100|[from] item: Life Orb
|
|-heal|p1a: Gastrodon|90/100|[from] item: Leftovers
|upkeep
|turn|14
|
|move|p2a: Dragapult|Draco Meteor|p1a: Gastrodon
|-damage|p1a: Gastrodon|33/100
|-unboost|p2a: Dragapult|spa|2
|-damage|p2a: Dragapult|0 fnt|[from] item: Life Orb
|faint|p2a: Dragapult
|move|p1a: Gastrodon|Earth Power|p2: Dragapult|[notarget]
|-fail|p1a: Gastrodon
|
|-heal|p1a: Gastrodon|39/100|[from] item: Leftovers
|upkeep
|
|switch|p2a: Ferrothorn|Ferrothorn, M|100/100
|-damage|p2a: Ferrothorn|94/100|[from] Stealth Rock
|turn|15
|
|move|p1a: Gastrodon|Recover|p1a: Gastrodon
|-heal|p1a: Gastrodon|89/100
|move|p2a: Ferrothorn|Power Whip|p1a: Gastrodon
|-supereffective|p1a: Gastrodon
|-damage|p1a: Gastrodon|0 fnt
|faint|p1a: Gastrodon
|
|-heal|p2a: Ferrothorn|100/100|[from] item: Leftovers
|upkeep
|
|switch|p1a: Clefable|Clefable, M|100/100
|turn|16
|
|switch|p2a: Toxtricity|Toxtricity-Low-Key, M|76/100
|-damage|p2a: Toxtricity|63/100|[from] Stealth Rock
|move|p1a: Clefable|Flamethrower|p2a: Toxtricity
|-damage|p2a: Toxtricity|5/100
|
|upkeep
|turn|17
|
|switch|p1a: Boltund|Boltund, F|100/100
|move|p2a: Toxtricity|Boomburst|p1a: Boltund
|-damage|p1a: Boltund|0 fnt
|faint|p1a: Boltund
|
|upkeep
|
|switch|p1a: Ferrothorn|Ferrothorn, M|63/100
|turn|18
|
|move|p2a: Toxtricity|Boomburst|p1a: Ferrothorn
|-resisted|p1a: Ferrothorn
|-damage|p1a: Ferrothorn|39/100
|move|p1a: Ferrothorn|Body Press|p2a: Toxtricity
|-resisted|p2a: Toxtricity
|-damage|p2a: Toxtricity|0 fnt
|faint|p2a: Toxtricity
|
|upkeep
|
|switch|p2a: Toxapex|Toxapex, M|100/100
|-damage|p2a: Toxapex|88/100|[from] Stealth Rock
|turn|19
|
|move|p2a: Toxapex|Scald|p1a: Ferrothorn
|-resisted|p1a: Ferrothorn
|-damage|p1a: Ferrothorn|32/100
|move|p1a: Ferrothorn|Leech Seed|p2a: Toxapex
|-start|p2a: Toxapex|move: Leech Seed
|
|-heal|p2a: Toxapex|94/100|[from] item: Black Sludge
|-damage|p2a: Toxapex|82/100|[from] Leech Seed|[of] p1a: Ferrothorn
|-heal|p1a: Ferrothorn|43/100|[silent]
|upkeep
|turn|20
|
|move|p2a: Toxapex|Scald|p1a: Ferrothorn
|-resisted|p1a: Ferrothorn
|-damage|p1a: Ferrothorn|36/100
|move|p1a: Ferrothorn|Body Press|p2a: Toxapex
|-resisted|p2a: Toxapex
|-damage|p2a: Toxapex|73/100
|
|-heal|p2a: Toxapex|79/100|[from] item: Black Sludge
|-damage|p2a: Toxapex|67/100|[from] Leech Seed|[of] p1a: Ferrothorn
|-heal|p1a: Ferrothorn|47/100|[silent]
|upkeep
|turn|21
|
|move|p2a: Toxapex|Scald|p1a: Ferrothorn
|-resisted|p1a: Ferrothorn
|-damage|p1a: Ferrothorn|39/100
|move|p1a: Ferrothorn|Body Press|p2a: Toxapex
|-resisted|p2a: Toxapex
|-damage|p2a: Toxapex|58/100
|
|-heal|p2a: Toxapex|65/100|[from] item: Black Sludge
|-damage|p2a: Toxapex|52/100|[from] Leech Seed|[of] p1a: Ferrothorn
|-heal|p1a: Ferrothorn|50/100|[silent]
|upkeep
|turn|22
|
|move|p2a: Toxapex|Scald|p1a: Ferrothorn
|-resisted|p1a: Ferrothorn
|-damage|p1a: Ferrothorn|42/100
|move|p1a: Ferrothorn|Body Press|p2a: Toxapex
|-resisted|p2a: Toxapex
|-damage|p2a: Toxapex|43/100
|
|-heal|p2a: Toxapex|50/100|[from] item: Black Sludge
|-damage|p2a: Toxapex|37/100|[from] Leech Seed|[of] p1a: Ferrothorn
|-heal|p1a: Ferrothorn|53/100|[silent]
|upkeep
|turn|23
|
|move|p2a: Toxapex|Recover|p2a: Toxapex
|-heal|p2a: Toxapex|87/100
|move|p1a: Ferrothorn|Body Press|p2a: Toxapex
|-resisted|p2a: Toxapex
|-damage|p2a: Toxapex|78/100
|
|-heal|p2a: Toxapex|84/100|[from] item: Black Sludge
|-damage|p2a: Toxapex|72/100|[from] Leech Seed|[of] p1a: Ferrothorn
|-heal|p1a: Ferrothorn|64/100|[silent]
|upkeep
|turn|24
|
|switch|p1a: Clefable|Clefable, M|100/100
|move|p2a: Toxapex|Scald|p1a: Clefable
|-damage|p1a: Clefable|85/100
|-status|p1a: Clefable|brn
|
|-heal|p2a: Toxapex|78/100|[from] item: Black Sludge
|-damage|p2a: Toxapex|65/100|[from] Leech Seed|[of] p1a: Clefable
|-heal|p1a: Clefable|95/100 brn|[silent]
|upkeep
|turn|25
|
|switch|p2a: Hippowdon|Hippowdon, M|100/100
|-damage|p2a: Hippowdon|94/100|[from] Stealth Rock
|-weather|Sandstorm|[from] ability: Sand Stream|[of] p2a: Hippowdon
|move|p1a: Clefable|Thunderbolt|p2a: Hippowdon
|-immune|p2a: Hippowdon
|
|-weather|Sandstorm|[upkeep]
|-heal|p2a: Hippowdon|100/100|[from] item: Leftovers
|upkeep
|turn|26
|
|switch|p1a: Ferrothorn|Ferrothorn, M|64/100
|move|p2a: Hippowdon|Earthquake|p1a: Ferrothorn
|-damage|p1a: Ferrothorn|43/100
|
|-weather|Sandstorm|[upkeep]
|upkeep
|turn|27
|
|move|p2a: Hippowdon|Earthquake|p1a: Ferrothorn
|-damage|p1a: Ferrothorn|19/100
|move|p1a: Ferrothorn|Leech Seed|p2a: Hippowdon
|-start|p2a: Hippowdon|move: Leech Seed
|
|-weather|Sandstorm|[upkeep]
|-damage|p2a: Hippowdon|88/100|[from] Leech Seed|[of] p1a: Ferrothorn
|-heal|p1a: Ferrothorn|33/100|[silent]
|upkeep
|turn|28
|
|move|p2a: Hippowdon|Earthquake|p1a: Ferrothorn
|-damage|p1a: Ferrothorn|13/100
|move|p1a: Ferrothorn|Body Press|p2a: Hippowdon
|-damage|p2a: Hippowdon|72/100
|
|-weather|Sandstorm|[upkeep]
|-heal|p2a: Hippowdon|78/100|[from] item: Leftovers
|-damage|p2a: Hippowdon|66/100|[from] Leech Seed|[of] p1a: Ferrothorn
|-heal|p1a: Ferrothorn|27/100|[silent]
|upkeep
|turn|29
|
|switch|p2a: Ferrothorn|Ferrothorn, M|100/100
|-damage|p2a: Ferrothorn|94/100|[from] Stealth Rock
|move|p1a: Ferrothorn|Body Press|p2a: Ferrothorn
|-supereffective|p2a: Ferrothorn
|-damage|p2a: Ferrothorn|48/100
|-damage|p1a: Ferrothorn|15/100|[from] ability: Iron Barbs|[of] p2a: Ferrothorn
|
|-weather|none
|-heal|p2a: Ferrothorn|54/100|[from] item: Leftovers
|upkeep
|turn|30
|
|switch|p1a: Clefable|Clefable, M|95/100 brn
|move|p2a: Ferrothorn|Protect||[still]
|-fail|p2a: Ferrothorn
|
|-heal|p2a: Ferrothorn|61/100|[from] item: Leftovers
|upkeep
|turn|31
|
|move|p2a: Ferrothorn|Protect|p2a: Ferrothorn
|-singleturn|p2a: Ferrothorn|Protect
|move|p1a: Clefable|Flamethrower|p2a: Ferrothorn
|-activate|p2a: Ferrothorn|move: Protect
|
|-heal|p2a: Ferrothorn|67/100|[from] item: Leftovers
|upkeep
|turn|32
|
|switch|p2a: Toxapex|Toxapex, M|99/100
|-damage|p2a: Toxapex|86/100|[from] Stealth Rock
|move|p1a: Clefable|Flamethrower|p2a: Toxapex
|-resisted|p2a: Toxapex
|-damage|p2a: Toxapex|72/100
|
|-heal|p2a: Toxapex|78/100|[from] item: Black Sludge
|upkeep
|turn|33
|
|move|p1a: Clefable|Thunderbolt|p2a: Toxapex
|-supereffective|p2a: Toxapex
|-crit|p2a: Toxapex
|-damage|p2a: Toxapex|0 fnt
|faint|p2a: Toxapex
|
|upkeep
|-message|venusz forfeited.
|
|win|uriah.urgelia1999
|raw|uriah.urgelia1999's rating: 1333 → 1354(+21 for winning)
|raw|venusz's rating: 1352 → 1331(-21 for losing)
|l|☆venusz
