|ScrapeTime|2020-01-02-02:16:50
|j|☆fh20091477
|j|☆4G3NC Benita Lord
|player|p1|fh20091477|26|1444
|player|p2|4G3NC Benita Lord|1|1415
|teamsize|p1|6
|teamsize|p2|6
|gametype|singles
|gen|8
|tier|[Gen 8] OU
|rated|
|rule|Sleep Clause Mod: Limit one foe put to sleep
|rule|Species Clause: Limit one of each Pokémon
|rule|OHKO Clause: OHKO moves are banned
|rule|Evasion Moves Clause: Evasion moves are banned
|rule|Endless Battle Clause: Forcing endless battles is banned
|rule|HP Percentage Mod: HP is shown in percentages
|clearpoke
|poke|p1|Dragapult, M|
|poke|p1|Seismitoad, M|
|poke|p1|Corviknight, F|
|poke|p1|Obstagoon, F|
|poke|p1|Dracovish|
|poke|p1|Arcanine, M|
|poke|p2|Corviknight, M|
|poke|p2|Dugtrio, M|
|poke|p2|Snorlax, M|
|poke|p2|Toxapex, F|
|poke|p2|Ferrothorn, F|
|poke|p2|Dragapult, F|
|rule|Dynamax Clause: You cannot dynamax
|teampreview
|inactive|Battle timer is ON: inactive players will automatically lose when time's up. (requested by fh20091477)
|
|start
|switch|p1a: Arcanine|Arcanine, M|100/100
|switch|p2a: Dragapult|Dragapult, F|100/100
|-ability|p1a: Arcanine|Intimidate|boost
|-fail|p2a: Dragapult|unboost|[from] ability: Clear Body|[of] p2a: Dragapult
|turn|1
|
|switch|p2a: Snorlax|Snorlax, M, shiny|100/100
|move|p1a: Arcanine|Will-O-Wisp|p2a: Snorlax
|-status|p2a: Snorlax|brn
|
|-damage|p2a: Snorlax|94/100 brn|[from] brn
|upkeep
|turn|2
|
|switch|p1a: Obstagoon|Obstagoon, F|100/100
|move|p2a: Snorlax|Body Slam|p1a: Obstagoon
|-damage|p1a: Obstagoon|84/100
|
|-heal|p2a: Snorlax|100/100 brn|[from] item: Leftovers
|-damage|p2a: Snorlax|94/100 brn|[from] brn
|-status|p1a: Obstagoon|brn|[from] item: Flame Orb
|upkeep
|turn|3
|
|switch|p2a: Corviknight|Corviknight, M|100/100
|-ability|p2a: Corviknight|Pressure
|move|p1a: Obstagoon|Knock Off|p2a: Corviknight
|-damage|p2a: Corviknight|52/100
|-enditem|p2a: Corviknight|Leftovers|[from] move: Knock Off|[of] p1a: Obstagoon
|
|-damage|p1a: Obstagoon|78/100 brn|[from] brn
|upkeep
|turn|4
|
|switch|p1a: Dragapult|Dragapult, M|100/100
|switch|p2a: Dragapult|Dragapult, F|100/100
|
|upkeep
|turn|5
|inactive|4G3NC Benita Lord has 120 seconds left.
|
|switch|p2a: Snorlax|Snorlax, M, shiny|94/100 brn
|move|p1a: Dragapult|Shadow Ball|p2a: Snorlax
|-immune|p2a: Snorlax
|
|-heal|p2a: Snorlax|100/100 brn|[from] item: Leftovers
|-damage|p2a: Snorlax|94/100 brn|[from] brn
|upkeep
|turn|6
|inactive|4G3NC Benita Lord has 120 seconds left.
|
|switch|p1a: Seismitoad|Seismitoad, M|100/100
|switch|p2a: Corviknight|Corviknight, M|52/100
|-ability|p2a: Corviknight|Pressure
|
|upkeep
|turn|7
|
|move|p2a: Corviknight|U-turn|p1a: Seismitoad
|-crit|p1a: Seismitoad
|-damage|p1a: Seismitoad|83/100
|
|switch|p2a: Snorlax|Snorlax, M, shiny|94/100 brn|[from]move: U-turn
|move|p1a: Seismitoad|Stealth Rock|p2a: Snorlax
|-sidestart|p2: 4G3NC Benita Lord|move: Stealth Rock
|
|-heal|p1a: Seismitoad|89/100|[from] item: Leftovers
|-heal|p2a: Snorlax|100/100 brn|[from] item: Leftovers
|-damage|p2a: Snorlax|94/100 brn|[from] brn
|upkeep
|turn|8
|
|switch|p1a: Obstagoon|Obstagoon, F|78/100 brn
|move|p2a: Snorlax|Curse|p2a: Snorlax
|-unboost|p2a: Snorlax|spe|1
|-boost|p2a: Snorlax|atk|1
|-boost|p2a: Snorlax|def|1
|
|-heal|p2a: Snorlax|100/100 brn|[from] item: Leftovers
|-damage|p1a: Obstagoon|72/100 brn|[from] brn
|-damage|p2a: Snorlax|94/100 brn|[from] brn
|upkeep
|turn|9
|
|switch|p2a: Corviknight|Corviknight, M|52/100
|-damage|p2a: Corviknight|40/100|[from] Stealth Rock
|-ability|p2a: Corviknight|Pressure
|move|p1a: Obstagoon|Knock Off|p2a: Corviknight
|-damage|p2a: Corviknight|10/100
|
|-damage|p1a: Obstagoon|66/100 brn|[from] brn
|upkeep
|turn|10
|
|move|p1a: Obstagoon|Knock Off|p2a: Corviknight
|-damage|p2a: Corviknight|0 fnt
|faint|p2a: Corviknight
|
|-damage|p1a: Obstagoon|60/100 brn|[from] brn
|upkeep
|
|switch|p2a: Dugtrio|Dugtrio, M, shiny|100/100
|-damage|p2a: Dugtrio|94/100|[from] Stealth Rock
|turn|11
|
|move|p2a: Dugtrio|Earthquake|p1a: Obstagoon
|-crit|p1a: Obstagoon
|-damage|p1a: Obstagoon|0 fnt
|faint|p1a: Obstagoon
|
|upkeep
|
|switch|p1a: Seismitoad|Seismitoad, M|89/100
|turn|12
|
|switch|p2a: Ferrothorn|Ferrothorn, F|100/100
|-damage|p2a: Ferrothorn|94/100|[from] Stealth Rock
|move|p1a: Seismitoad|Scald|p2a: Ferrothorn
|-resisted|p2a: Ferrothorn
|-damage|p2a: Ferrothorn|83/100
|
|-heal|p1a: Seismitoad|95/100|[from] item: Leftovers
|-heal|p2a: Ferrothorn|90/100|[from] item: Leftovers
|upkeep
|turn|13
|
|switch|p1a: Arcanine|Arcanine, M|100/100
|-ability|p1a: Arcanine|Intimidate|boost
|-unboost|p2a: Ferrothorn|atk|1
|move|p2a: Ferrothorn|Leech Seed|p1a: Arcanine
|-start|p1a: Arcanine|move: Leech Seed
|
|-heal|p2a: Ferrothorn|96/100|[from] item: Leftovers
|-damage|p1a: Arcanine|88/100|[from] Leech Seed|[of] p2a: Ferrothorn
|-heal|p2a: Ferrothorn|100/100|[silent]
|upkeep
|turn|14
|
|switch|p2a: Dragapult|Dragapult, F|100/100
|-damage|p2a: Dragapult|88/100|[from] Stealth Rock
|move|p1a: Arcanine|Will-O-Wisp|p2a: Dragapult
|-status|p2a: Dragapult|brn
|
|-damage|p1a: Arcanine|76/100|[from] Leech Seed|[of] p2a: Dragapult
|-heal|p2a: Dragapult|100/100 brn|[silent]
|-damage|p2a: Dragapult|95/100 brn|[from] brn
|upkeep
|turn|15
|
|switch|p1a: Corviknight|Corviknight, F|100/100
|move|p2a: Dragapult|Shadow Ball|p1a: Corviknight
|-damage|p1a: Corviknight|61/100
|
|-heal|p1a: Corviknight|67/100|[from] item: Leftovers
|-damage|p2a: Dragapult|89/100 brn|[from] brn
|upkeep
|turn|16
|
|switch|p2a: Toxapex|Toxapex, F|100/100
|-damage|p2a: Toxapex|88/100|[from] Stealth Rock
|move|p1a: Corviknight|Taunt|p2a: Toxapex
|-start|p2a: Toxapex|move: Taunt
|
|-heal|p1a: Corviknight|74/100|[from] item: Leftovers
|-heal|p2a: Toxapex|94/100|[from] item: Black Sludge
|upkeep
|turn|17
|
|switch|p1a: Seismitoad|Seismitoad, M|95/100
|switch|p2a: Ferrothorn|Ferrothorn, F|100/100
|-damage|p2a: Ferrothorn|94/100|[from] Stealth Rock
|
|-heal|p1a: Seismitoad|100/100|[from] item: Leftovers
|-heal|p2a: Ferrothorn|100/100|[from] item: Leftovers
|upkeep
|turn|18
|
|switch|p1a: Corviknight|Corviknight, F|74/100
|move|p2a: Ferrothorn|Spikes|p1a: Corviknight
|-sidestart|p1: fh20091477|Spikes
|
|-heal|p1a: Corviknight|80/100|[from] item: Leftovers
|upkeep
|turn|19
|
|switch|p2a: Toxapex|Toxapex, F|100/100
|-damage|p2a: Toxapex|88/100|[from] Stealth Rock
|move|p1a: Corviknight|Taunt|p2a: Toxapex
|-start|p2a: Toxapex|move: Taunt
|
|-heal|p1a: Corviknight|86/100|[from] item: Leftovers
|-heal|p2a: Toxapex|94/100|[from] item: Black Sludge
|upkeep
|turn|20
|
|switch|p1a: Arcanine|Arcanine, M|76/100
|-damage|p1a: Arcanine|64/100|[from] Spikes
|-ability|p1a: Arcanine|Intimidate|boost
|-unboost|p2a: Toxapex|atk|1
|switch|p2a: Snorlax|Snorlax, M, shiny|94/100 brn
|-damage|p2a: Snorlax|82/100 brn|[from] Stealth Rock
|
|-heal|p2a: Snorlax|88/100 brn|[from] item: Leftovers
|-damage|p2a: Snorlax|82/100 brn|[from] brn
|upkeep
|turn|21
|inactive|4G3NC Benita Lord has 120 seconds left.
|
|move|p1a: Arcanine|Burn Up|p2a: Snorlax
|-damage|p2a: Snorlax|72/100 brn
|-start|p1a: Arcanine|typechange|???|[from] move: Burn Up
|move|p2a: Snorlax|Rest|p2a: Snorlax
|-status|p2a: Snorlax|slp|[from] move: Rest
|-heal|p2a: Snorlax|100/100 slp|[silent]
|
|upkeep
|turn|22
|inactive|fh20091477 has 120 seconds left.
|
|switch|p1a: Dracovish|Dracovish|100/100
|-damage|p1a: Dracovish|88/100|[from] Spikes
|switch|p2a: Toxapex|Toxapex, F|100/100
|-damage|p2a: Toxapex|88/100|[from] Stealth Rock
|
|-heal|p2a: Toxapex|94/100|[from] item: Black Sludge
|upkeep
|turn|23
|inactive|fh20091477 has 120 seconds left.
|
|move|p1a: Dracovish|Psychic Fangs|p2a: Toxapex
|-supereffective|p2a: Toxapex
|-damage|p2a: Toxapex|52/100
|move|p2a: Toxapex|Scald|p1a: Dracovish
|-resisted|p1a: Dracovish
|-damage|p1a: Dracovish|83/100
|
|-heal|p2a: Toxapex|58/100|[from] item: Black Sludge
|upkeep
|turn|24
|inactive|4G3NC Benita Lord has 120 seconds left.
|
|switch|p1a: Seismitoad|Seismitoad, M|100/100
|-damage|p1a: Seismitoad|88/100|[from] Spikes
|move|p2a: Toxapex|Scald|p1a: Seismitoad
|-heal|p1a: Seismitoad|100/100|[from] ability: Water Absorb|[of] p2a: Toxapex
|
|-heal|p2a: Toxapex|65/100|[from] item: Black Sludge
|upkeep
|turn|25
|inactive|4G3NC Benita Lord has 120 seconds left.
|
|move|p1a: Seismitoad|Earthquake|p2a: Toxapex
|-supereffective|p2a: Toxapex
|-damage|p2a: Toxapex|30/100
|move|p2a: Toxapex|Toxic Spikes|p1a: Seismitoad
|-sidestart|p1: fh20091477|move: Toxic Spikes
|
|-heal|p2a: Toxapex|37/100|[from] item: Black Sludge
|upkeep
|turn|26
|
|move|p1a: Seismitoad|Earthquake|p2a: Toxapex
|-supereffective|p2a: Toxapex
|-damage|p2a: Toxapex|2/100
|move|p2a: Toxapex|Recover|p2a: Toxapex
|-heal|p2a: Toxapex|52/100
|
|-heal|p2a: Toxapex|59/100|[from] item: Black Sludge
|upkeep
|turn|27
|
|switch|p1a: Corviknight|Corviknight, F|86/100
|switch|p2a: Ferrothorn|Ferrothorn, F|100/100
|-damage|p2a: Ferrothorn|94/100|[from] Stealth Rock
|
|-heal|p1a: Corviknight|92/100|[from] item: Leftovers
|-heal|p2a: Ferrothorn|100/100|[from] item: Leftovers
|upkeep
|turn|28
|
|switch|p2a: Toxapex|Toxapex, F|92/100
|-damage|p2a: Toxapex|79/100|[from] Stealth Rock
|move|p1a: Corviknight|Taunt|p2a: Toxapex
|-start|p2a: Toxapex|move: Taunt
|
|-heal|p1a: Corviknight|99/100|[from] item: Leftovers
|-heal|p2a: Toxapex|86/100|[from] item: Black Sludge
|upkeep
|turn|29
|
|switch|p2a: Ferrothorn|Ferrothorn, F|100/100
|-damage|p2a: Ferrothorn|94/100|[from] Stealth Rock
|move|p1a: Corviknight|Defog|p2a: Ferrothorn
|-unboost|p2a: Ferrothorn|evasion|1
|-sideend|p2: 4G3NC Benita Lord|Stealth Rock|[from] move: Defog|[of] p1a: Corviknight
|-sideend|p1: fh20091477|Spikes|[from] move: Defog|[of] p1a: Corviknight
|-sideend|p1: fh20091477|Toxic Spikes|[from] move: Defog|[of] p1a: Corviknight
|
|-heal|p1a: Corviknight|100/100|[from] item: Leftovers
|-heal|p2a: Ferrothorn|100/100|[from] item: Leftovers
|upkeep
|turn|30
|
|switch|p2a: Dragapult|Dragapult, F|89/100 brn
|move|p1a: Corviknight|Taunt|p2a: Dragapult
|-start|p2a: Dragapult|move: Taunt
|
|-damage|p2a: Dragapult|83/100 brn|[from] brn
|upkeep
|turn|31
|
|switch|p2a: Toxapex|Toxapex, F|100/100
|move|p1a: Corviknight|Roost||[still]
|-fail|p1a: Corviknight|heal
|
|upkeep
|turn|32
|
|switch|p2a: Snorlax|Snorlax, M, shiny|100/100 slp
|move|p1a: Corviknight|Taunt|p2a: Snorlax
|-start|p2a: Snorlax|move: Taunt
|
|upkeep
|turn|33
|
|switch|p1a: Dracovish|Dracovish|83/100
|switch|p2a: Ferrothorn|Ferrothorn, F|100/100
|
|upkeep
|turn|34
|
|switch|p1a: Arcanine|Arcanine, M|64/100
|-ability|p1a: Arcanine|Intimidate|boost
|-unboost|p2a: Ferrothorn|atk|1
|move|p2a: Ferrothorn|Leech Seed|p1a: Arcanine|[miss]
|-miss|p2a: Ferrothorn|p1a: Arcanine
|
|upkeep
|turn|35
|
|switch|p2a: Toxapex|Toxapex, F|100/100
|move|p1a: Arcanine|Will-O-Wisp|p2a: Toxapex
|-status|p2a: Toxapex|brn
|
|-damage|p2a: Toxapex|94/100 brn|[from] brn
|upkeep
|turn|36
|
|switch|p1a: Corviknight|Corviknight, F|100/100
|switch|p2a: Snorlax|Snorlax, M, shiny|100/100 slp
|
|upkeep
|turn|37
|
|switch|p2a: Toxapex|Toxapex, F|100/100 brn
|move|p1a: Corviknight|Taunt|p2a: Toxapex
|-start|p2a: Toxapex|move: Taunt
|
|-damage|p2a: Toxapex|94/100 brn|[from] brn
|upkeep
|turn|38
|
|switch|p1a: Seismitoad|Seismitoad, M|100/100
|switch|p2a: Dugtrio|Dugtrio, M, shiny|94/100
|
|upkeep
|turn|39
|
|switch|p2a: Snorlax|Snorlax, M, shiny|100/100 slp
|move|p1a: Seismitoad|Earthquake|p2a: Snorlax
|-damage|p2a: Snorlax|74/100 slp
|
|-heal|p2a: Snorlax|80/100 slp|[from] item: Leftovers
|upkeep
|turn|40
|
|move|p1a: Seismitoad|Stealth Rock|p2a: Snorlax
|-sidestart|p2: 4G3NC Benita Lord|move: Stealth Rock
|cant|p2a: Snorlax|slp
|
|-heal|p2a: Snorlax|86/100 slp|[from] item: Leftovers
|upkeep
|turn|41
|
|switch|p1a: Corviknight|Corviknight, F|100/100
|cant|p2a: Snorlax|slp
|
|-heal|p2a: Snorlax|92/100 slp|[from] item: Leftovers
|upkeep
|turn|42
|
|move|p1a: Corviknight|Taunt|p2a: Snorlax
|-start|p2a: Snorlax|move: Taunt
|-curestatus|p2a: Snorlax|slp|[msg]
|move|p2a: Snorlax|Body Slam|p1a: Corviknight
|-resisted|p1a: Corviknight
|-damage|p1a: Corviknight|87/100
|
|-heal|p1a: Corviknight|94/100|[from] item: Leftovers
|-heal|p2a: Snorlax|98/100|[from] item: Leftovers
|upkeep
|turn|43
|
|switch|p1a: Seismitoad|Seismitoad, M|100/100
|move|p2a: Snorlax|Body Slam|p1a: Seismitoad
|-damage|p1a: Seismitoad|74/100
|
|-heal|p1a: Seismitoad|80/100|[from] item: Leftovers
|-heal|p2a: Snorlax|100/100|[from] item: Leftovers
|upkeep
|turn|44
|
|switch|p2a: Ferrothorn|Ferrothorn, F|100/100
|-damage|p2a: Ferrothorn|94/100|[from] Stealth Rock
|move|p1a: Seismitoad|Toxic|p2a: Ferrothorn
|-immune|p2a: Ferrothorn
|
|-heal|p1a: Seismitoad|86/100|[from] item: Leftovers
|-heal|p2a: Ferrothorn|100/100|[from] item: Leftovers
|upkeep
|turn|45
|
|switch|p1a: Arcanine|Arcanine, M|64/100
|-ability|p1a: Arcanine|Intimidate|boost
|-unboost|p2a: Ferrothorn|atk|1
|switch|p2a: Snorlax|Snorlax, M, shiny|100/100
|-damage|p2a: Snorlax|88/100|[from] Stealth Rock
|
|-heal|p2a: Snorlax|94/100|[from] item: Leftovers
|upkeep
|turn|46
|
|switch|p2a: Toxapex|Toxapex, F|100/100 brn
|-damage|p2a: Toxapex|88/100 brn|[from] Stealth Rock
|move|p1a: Arcanine|Will-O-Wisp|p2a: Toxapex
|-fail|p2a: Toxapex|brn
|
|-heal|p2a: Toxapex|94/100 brn|[from] item: Black Sludge
|-damage|p2a: Toxapex|88/100 brn|[from] brn
|upkeep
|turn|47
|
|switch|p1a: Corviknight|Corviknight, F|94/100
|move|p2a: Toxapex|Toxic Spikes|p1a: Corviknight
|-sidestart|p1: fh20091477|move: Toxic Spikes
|
|-heal|p1a: Corviknight|99/100|[from] item: Leftovers
|-heal|p2a: Toxapex|94/100 brn|[from] item: Black Sludge
|-damage|p2a: Toxapex|88/100 brn|[from] brn
|upkeep
|turn|48
|
|move|p1a: Corviknight|Taunt|p2a: Toxapex
|-start|p2a: Toxapex|move: Taunt
|move|p2a: Toxapex|Scald|p1a: Corviknight
|-damage|p1a: Corviknight|86/100
|
|-heal|p1a: Corviknight|92/100|[from] item: Leftovers
|-heal|p2a: Toxapex|94/100 brn|[from] item: Black Sludge
|-damage|p2a: Toxapex|88/100 brn|[from] brn
|upkeep
|turn|49
|
|switch|p2a: Ferrothorn|Ferrothorn, F|100/100
|-damage|p2a: Ferrothorn|94/100|[from] Stealth Rock
|move|p1a: Corviknight|Defog|p2a: Ferrothorn
|-unboost|p2a: Ferrothorn|evasion|1
|-sideend|p2: 4G3NC Benita Lord|Stealth Rock|[from] move: Defog|[of] p1a: Corviknight
|-sideend|p1: fh20091477|Toxic Spikes|[from] move: Defog|[of] p1a: Corviknight
|
|-heal|p1a: Corviknight|99/100|[from] item: Leftovers
|-heal|p2a: Ferrothorn|100/100|[from] item: Leftovers
|upkeep
|turn|50
|
|switch|p2a: Snorlax|Snorlax, M, shiny|94/100
|move|p1a: Corviknight|Taunt|p2a: Snorlax
|-start|p2a: Snorlax|move: Taunt
|
|-heal|p1a: Corviknight|100/100|[from] item: Leftovers
|-heal|p2a: Snorlax|99/100|[from] item: Leftovers
|upkeep
|turn|51
|
|move|p1a: Corviknight|Brave Bird|p2a: Snorlax
|-damage|p2a: Snorlax|67/100
|-damage|p1a: Corviknight|86/100|[from] Recoil
|move|p2a: Snorlax|Body Slam|p1a: Corviknight
|-resisted|p1a: Corviknight
|-damage|p1a: Corviknight|73/100
|
|-heal|p1a: Corviknight|79/100|[from] item: Leftovers
|-heal|p2a: Snorlax|73/100|[from] item: Leftovers
|upkeep
|turn|52
|
|switch|p1a: Seismitoad|Seismitoad, M|86/100
|move|p2a: Snorlax|Body Slam|p1a: Seismitoad
|-damage|p1a: Seismitoad|60/100
|
|-heal|p1a: Seismitoad|66/100|[from] item: Leftovers
|-heal|p2a: Snorlax|79/100|[from] item: Leftovers
|-end|p2a: Snorlax|move: Taunt
|upkeep
|turn|53
|
|move|p1a: Seismitoad|Toxic|p2a: Snorlax
|-status|p2a: Snorlax|tox
|move|p2a: Snorlax|Curse|p2a: Snorlax
|-unboost|p2a: Snorlax|spe|1
|-boost|p2a: Snorlax|atk|1
|-boost|p2a: Snorlax|def|1
|
|-heal|p1a: Seismitoad|72/100|[from] item: Leftovers
|-heal|p2a: Snorlax|85/100 tox|[from] item: Leftovers
|-damage|p2a: Snorlax|79/100 tox|[from] psn
|upkeep
|turn|54
|
|switch|p1a: Corviknight|Corviknight, F|79/100
|move|p2a: Snorlax|Body Slam|p1a: Corviknight
|-resisted|p1a: Corviknight
|-damage|p1a: Corviknight|59/100
|
|-heal|p1a: Corviknight|66/100|[from] item: Leftovers
|-heal|p2a: Snorlax|85/100 tox|[from] item: Leftovers
|-damage|p2a: Snorlax|73/100 tox|[from] psn
|upkeep
|turn|55
|
|switch|p2a: Dragapult|Dragapult, F|83/100 brn
|move|p1a: Corviknight|Taunt|p2a: Dragapult
|-start|p2a: Dragapult|move: Taunt
|
|-heal|p1a: Corviknight|72/100|[from] item: Leftovers
|-damage|p2a: Dragapult|77/100 brn|[from] brn
|upkeep
|turn|56
|
|move|p2a: Dragapult|Fire Blast|p1a: Corviknight
|-supereffective|p1a: Corviknight
|-damage|p1a: Corviknight|0 fnt
|faint|p1a: Corviknight
|
|-damage|p2a: Dragapult|71/100 brn|[from] brn
|upkeep
|-message|fh20091477 forfeited.
|
|win|4G3NC Benita Lord
|l|☆fh20091477
|raw|fh20091477's rating: 1444 → 1422(-22 for losing)
|raw|4G3NC Benita Lord's rating: 1404 → 1427(+23 for winning)
