|ScrapeTime|2020-01-02-09:15:19
|j|☆Zoro0403
|j|☆bouncing_fish#9297
|player|p1|Zoro0403|170|1092
|player|p2|bouncing_fish#9297|cynthia|1075
|teamsize|p1|6
|teamsize|p2|6
|gametype|singles
|gen|8
|tier|[Gen 8] OU
|rated|
|rule|Sleep Clause Mod: Limit one foe put to sleep
|rule|Species Clause: Limit one of each Pokémon
|rule|OHKO Clause: OHKO moves are banned
|rule|Evasion Moves Clause: Evasion moves are banned
|rule|Endless Battle Clause: Forcing endless battles is banned
|rule|HP Percentage Mod: HP is shown in percentages
|clearpoke
|poke|p1|Corviknight, F|
|poke|p1|Salazzle, F|
|poke|p1|Reuniclus, F|
|poke|p1|Quagsire, F|
|poke|p1|Whimsicott, M|
|poke|p1|Mandibuzz, F|
|poke|p2|Cinderace, M|
|poke|p2|Cloyster, M|
|poke|p2|Pyukumuku, M|
|poke|p2|Rotom-Mow|
|poke|p2|Grimmsnarl, M|
|poke|p2|Rhyperior, F|
|rule|Dynamax Clause: You cannot dynamax
|teampreview
|
|start
|switch|p1a: Reuniclus|Reuniclus, F|100/100
|switch|p2a: Pyukumuku|Pyukumuku, M|100/100
|turn|1
|
|move|p1a: Reuniclus|Calm Mind|p1a: Reuniclus
|-boost|p1a: Reuniclus|spa|1
|-boost|p1a: Reuniclus|spd|1
|move|p2a: Pyukumuku|Toxic|p1a: Reuniclus
|-status|p1a: Reuniclus|tox
|
|upkeep
|turn|2
|
|move|p1a: Reuniclus|Calm Mind|p1a: Reuniclus
|-boost|p1a: Reuniclus|spa|1
|-boost|p1a: Reuniclus|spd|1
|move|p2a: Pyukumuku|Spite|p1a: Reuniclus
|-activate|p1a: Reuniclus|move: Spite|Calm Mind|4
|
|upkeep
|turn|3
|
|move|p1a: Reuniclus|Calm Mind|p1a: Reuniclus
|-boost|p1a: Reuniclus|spa|1
|-boost|p1a: Reuniclus|spd|1
|move|p2a: Pyukumuku|Spite|p1a: Reuniclus
|-activate|p1a: Reuniclus|move: Spite|Calm Mind|4
|
|upkeep
|turn|4
|inactive|Battle timer is ON: inactive players will automatically lose when time's up. (requested by Zoro0403)
|
|move|p1a: Reuniclus|Acid Armor|p1a: Reuniclus
|-boost|p1a: Reuniclus|def|2
|move|p2a: Pyukumuku|Spite|p1a: Reuniclus
|-activate|p1a: Reuniclus|move: Spite|Acid Armor|4
|
|upkeep
|turn|5
|
|move|p1a: Reuniclus|Acid Armor|p1a: Reuniclus
|-boost|p1a: Reuniclus|def|2
|move|p2a: Pyukumuku|Spite|p1a: Reuniclus
|-activate|p1a: Reuniclus|move: Spite|Acid Armor|4
|
|upkeep
|turn|6
|
|move|p1a: Reuniclus|Acid Armor|p1a: Reuniclus
|-boost|p1a: Reuniclus|def|2
|move|p2a: Pyukumuku|Spite|p1a: Reuniclus
|-activate|p1a: Reuniclus|move: Spite|Acid Armor|4
|
|upkeep
|turn|7
|
|move|p1a: Reuniclus|Calm Mind|p1a: Reuniclus
|-boost|p1a: Reuniclus|spa|1
|-boost|p1a: Reuniclus|spd|1
|move|p2a: Pyukumuku|Recover||[still]
|-fail|p2a: Pyukumuku|heal
|
|upkeep
|turn|8
|
|move|p1a: Reuniclus|Calm Mind|p1a: Reuniclus
|-boost|p1a: Reuniclus|spa|1
|-boost|p1a: Reuniclus|spd|1
|move|p2a: Pyukumuku|Spite|p1a: Reuniclus
|-activate|p1a: Reuniclus|move: Spite|Calm Mind|4
|
|upkeep
|turn|9
|
|move|p1a: Reuniclus|Calm Mind|p1a: Reuniclus
|-boost|p1a: Reuniclus|spa|1
|-boost|p1a: Reuniclus|spd|1
|move|p2a: Pyukumuku|Recover||[still]
|-fail|p2a: Pyukumuku|heal
|
|upkeep
|turn|10
|
|move|p1a: Reuniclus|Flash Cannon|p2a: Pyukumuku
|-resisted|p2a: Pyukumuku
|-damage|p2a: Pyukumuku|91/100
|move|p2a: Pyukumuku|Recover|p2a: Pyukumuku
|-heal|p2a: Pyukumuku|100/100
|
|upkeep
|turn|11
|
|move|p1a: Reuniclus|Calm Mind|p1a: Reuniclus
|-boost|p1a: Reuniclus|spa|0
|-boost|p1a: Reuniclus|spd|0
|move|p2a: Pyukumuku|Spite|p1a: Reuniclus
|-activate|p1a: Reuniclus|move: Spite|Calm Mind|4
|
|upkeep
|turn|12
|
|move|p1a: Reuniclus|Calm Mind|p1a: Reuniclus
|-boost|p1a: Reuniclus|spa|0
|-boost|p1a: Reuniclus|spd|0
|move|p2a: Pyukumuku|Spite|p1a: Reuniclus
|-activate|p1a: Reuniclus|move: Spite|Calm Mind|4
|
|upkeep
|turn|13
|
|move|p1a: Reuniclus|Calm Mind|p1a: Reuniclus
|-boost|p1a: Reuniclus|spa|0
|-boost|p1a: Reuniclus|spd|0
|move|p2a: Pyukumuku|Spite|p1a: Reuniclus
|-activate|p1a: Reuniclus|move: Spite|Calm Mind|3
|
|upkeep
|turn|14
|
|move|p1a: Reuniclus|Acid Armor|p1a: Reuniclus
|-boost|p1a: Reuniclus|def|0
|move|p2a: Pyukumuku|Spite|p1a: Reuniclus
|-activate|p1a: Reuniclus|move: Spite|Acid Armor|4
|
|upkeep
|turn|15
|
|move|p1a: Reuniclus|Acid Armor|p1a: Reuniclus
|-boost|p1a: Reuniclus|def|0
|move|p2a: Pyukumuku|Spite|p1a: Reuniclus
|-activate|p1a: Reuniclus|move: Spite|Acid Armor|4
|
|upkeep
|turn|16
|
|move|p1a: Reuniclus|Acid Armor|p1a: Reuniclus
|-boost|p1a: Reuniclus|def|0
|move|p2a: Pyukumuku|Spite|p1a: Reuniclus
|-activate|p1a: Reuniclus|move: Spite|Acid Armor|4
|
|upkeep
|turn|17
|
|move|p1a: Reuniclus|Acid Armor|p1a: Reuniclus
|-boost|p1a: Reuniclus|def|0
|move|p2a: Pyukumuku|Spite|p1a: Reuniclus
|-activate|p1a: Reuniclus|move: Spite|Acid Armor|1
|
|upkeep
|turn|18
|
|move|p1a: Reuniclus|Recover||[still]
|-fail|p1a: Reuniclus|heal
|move|p2a: Pyukumuku|Spite|p1a: Reuniclus
|-activate|p1a: Reuniclus|move: Spite|Recover|4
|
|upkeep
|turn|19
|
|move|p1a: Reuniclus|Recover||[still]
|-fail|p1a: Reuniclus|heal
|move|p2a: Pyukumuku|Spite|p1a: Reuniclus
|-activate|p1a: Reuniclus|move: Spite|Recover|4
|
|upkeep
|turn|20
|
|move|p1a: Reuniclus|Flash Cannon|p2a: Pyukumuku
|-resisted|p2a: Pyukumuku
|-damage|p2a: Pyukumuku|91/100
|move|p2a: Pyukumuku|Spite|p1a: Reuniclus
|-activate|p1a: Reuniclus|move: Spite|Flash Cannon|4
|
|upkeep
|turn|21
|
|move|p1a: Reuniclus|Flash Cannon|p2a: Pyukumuku
|-resisted|p2a: Pyukumuku
|-damage|p2a: Pyukumuku|82/100
|move|p2a: Pyukumuku|Soak|p1a: Reuniclus
|-start|p1a: Reuniclus|typechange|Water
|
|upkeep
|turn|22
|
|move|p1a: Reuniclus|Flash Cannon|p2a: Pyukumuku
|-resisted|p2a: Pyukumuku
|-damage|p2a: Pyukumuku|72/100
|move|p2a: Pyukumuku|Soak|p1a: Reuniclus
|-fail|p1a: Reuniclus
|
|upkeep
|turn|23
|
|move|p1a: Reuniclus|Flash Cannon|p2a: Pyukumuku
|-resisted|p2a: Pyukumuku
|-damage|p2a: Pyukumuku|62/100
|move|p2a: Pyukumuku|Soak|p1a: Reuniclus
|-fail|p1a: Reuniclus
|
|upkeep
|turn|24
|
|move|p1a: Reuniclus|Flash Cannon|p2a: Pyukumuku
|-resisted|p2a: Pyukumuku
|-damage|p2a: Pyukumuku|53/100
|move|p2a: Pyukumuku|Soak|p1a: Reuniclus
|-fail|p1a: Reuniclus
|
|upkeep
|turn|25
|
|move|p1a: Reuniclus|Flash Cannon|p2a: Pyukumuku
|-resisted|p2a: Pyukumuku
|-damage|p2a: Pyukumuku|44/100
|move|p2a: Pyukumuku|Recover|p2a: Pyukumuku
|-heal|p2a: Pyukumuku|94/100
|
|upkeep
|turn|26
|
|move|p1a: Reuniclus|Flash Cannon|p2a: Pyukumuku
|-resisted|p2a: Pyukumuku
|-damage|p2a: Pyukumuku|85/100
|-unboost|p2a: Pyukumuku|spd|1
|move|p2a: Pyukumuku|Soak|p1a: Reuniclus
|-fail|p1a: Reuniclus
|
|upkeep
|turn|27
|
|move|p1a: Reuniclus|Flash Cannon|p2a: Pyukumuku
|-resisted|p2a: Pyukumuku
|-damage|p2a: Pyukumuku|71/100
|move|p2a: Pyukumuku|Soak|p1a: Reuniclus
|-fail|p1a: Reuniclus
|
|upkeep
|turn|28
|
|move|p1a: Reuniclus|Flash Cannon|p2a: Pyukumuku
|-resisted|p2a: Pyukumuku
|-damage|p2a: Pyukumuku|57/100
|move|p2a: Pyukumuku|Soak|p1a: Reuniclus
|-fail|p1a: Reuniclus
|
|upkeep
|turn|29
|
|move|p1a: Reuniclus|Flash Cannon|p2a: Pyukumuku
|-resisted|p2a: Pyukumuku
|-damage|p2a: Pyukumuku|43/100
|move|p2a: Pyukumuku|Recover|p2a: Pyukumuku
|-heal|p2a: Pyukumuku|93/100
|
|upkeep
|turn|30
|
|move|p1a: Reuniclus|Flash Cannon|p2a: Pyukumuku
|-resisted|p2a: Pyukumuku
|-crit|p2a: Pyukumuku
|-damage|p2a: Pyukumuku|72/100
|-unboost|p2a: Pyukumuku|spd|1
|move|p2a: Pyukumuku|Soak|p1a: Reuniclus
|-fail|p1a: Reuniclus
|
|upkeep
|turn|31
|
|move|p1a: Reuniclus|Recover||[still]
|-fail|p1a: Reuniclus|heal
|move|p2a: Pyukumuku|Soak|p1a: Reuniclus
|-fail|p1a: Reuniclus
|
|upkeep
|turn|32
|
|move|p1a: Reuniclus|Recover||[still]
|-fail|p1a: Reuniclus|heal
|move|p2a: Pyukumuku|Soak|p1a: Reuniclus
|-fail|p1a: Reuniclus
|
|upkeep
|turn|33
|
|move|p1a: Reuniclus|Recover||[still]
|-fail|p1a: Reuniclus|heal
|move|p2a: Pyukumuku|Soak|p1a: Reuniclus
|-fail|p1a: Reuniclus
|
|upkeep
|turn|34
|
|move|p1a: Reuniclus|Recover||[still]
|-fail|p1a: Reuniclus|heal
|move|p2a: Pyukumuku|Soak|p1a: Reuniclus
|-fail|p1a: Reuniclus
|
|upkeep
|turn|35
|
|move|p1a: Reuniclus|Recover||[still]
|-fail|p1a: Reuniclus|heal
|move|p2a: Pyukumuku|Soak|p1a: Reuniclus
|-fail|p1a: Reuniclus
|
|upkeep
|turn|36
|
|move|p1a: Reuniclus|Recover||[still]
|-fail|p1a: Reuniclus|heal
|move|p2a: Pyukumuku|Soak|p1a: Reuniclus
|-fail|p1a: Reuniclus
|
|upkeep
|turn|37
|
|-activate|p1a: Reuniclus|move: Struggle
|move|p1a: Reuniclus|Struggle|p2a: Pyukumuku
|-damage|p2a: Pyukumuku|69/100
|-damage|p1a: Reuniclus|75/100 tox|[from] recoil
|move|p2a: Pyukumuku|Soak|p1a: Reuniclus
|-fail|p1a: Reuniclus
|
|-heal|p1a: Reuniclus|82/100 tox|[from] item: Leftovers
|upkeep
|turn|38
|c|☆bouncing_fish#9297|Nerd
|
|-activate|p1a: Reuniclus|move: Struggle
|move|p1a: Reuniclus|Struggle|p2a: Pyukumuku
|-damage|p2a: Pyukumuku|65/100
|-damage|p1a: Reuniclus|57/100 tox|[from] recoil
|move|p2a: Pyukumuku|Soak|p1a: Reuniclus
|-fail|p1a: Reuniclus
|
|-heal|p1a: Reuniclus|63/100 tox|[from] item: Leftovers
|upkeep
|turn|39
|
|-activate|p1a: Reuniclus|move: Struggle
|move|p1a: Reuniclus|Struggle|p2a: Pyukumuku
|-damage|p2a: Pyukumuku|61/100
|-damage|p1a: Reuniclus|38/100 tox|[from] recoil
|move|p2a: Pyukumuku|Soak|p1a: Reuniclus
|-fail|p1a: Reuniclus
|
|-heal|p1a: Reuniclus|44/100 tox|[from] item: Leftovers
|upkeep
|turn|40
|
|-activate|p1a: Reuniclus|move: Struggle
|move|p1a: Reuniclus|Struggle|p2a: Pyukumuku
|-crit|p2a: Pyukumuku
|-damage|p2a: Pyukumuku|55/100
|-damage|p1a: Reuniclus|19/100 tox|[from] recoil
|move|p2a: Pyukumuku|Soak|p1a: Reuniclus
|-fail|p1a: Reuniclus
|
|-heal|p1a: Reuniclus|25/100 tox|[from] item: Leftovers
|upkeep
|turn|41
|
|-activate|p1a: Reuniclus|move: Struggle
|move|p1a: Reuniclus|Struggle|p2a: Pyukumuku
|-damage|p2a: Pyukumuku|51/100
|-damage|p1a: Reuniclus|0 fnt|[from] recoil
|faint|p1a: Reuniclus
|move|p2a: Pyukumuku|Recover|p2a: Pyukumuku
|-heal|p2a: Pyukumuku|100/100
|
|upkeep
|
|switch|p1a: Salazzle|Salazzle, F|100/100
|turn|42
|
|move|p1a: Salazzle|Taunt|p2a: Pyukumuku
|-start|p2a: Pyukumuku|move: Taunt
|cant|p2a: Pyukumuku|move: Taunt|Soak
|
|upkeep
|turn|43
|
|switch|p2a: Cloyster|Cloyster, M|100/100
|move|p1a: Salazzle|Substitute|p1a: Salazzle
|-start|p1a: Salazzle|Substitute
|-damage|p1a: Salazzle|75/100
|
|-heal|p1a: Salazzle|82/100|[from] item: Black Sludge
|upkeep
|turn|44
|
|move|p1a: Salazzle|Taunt|p2a: Cloyster
|-start|p2a: Cloyster|move: Taunt
|cant|p2a: Cloyster|move: Taunt|Shell Smash
|
|-heal|p1a: Salazzle|88/100|[from] item: Black Sludge
|upkeep
|turn|45
|
|move|p1a: Salazzle|Toxic|p2a: Cloyster
|-status|p2a: Cloyster|tox
|move|p2a: Cloyster|Rock Blast|p1a: Salazzle|[miss]
|-miss|p2a: Cloyster|p1a: Salazzle
|
|-heal|p1a: Salazzle|94/100|[from] item: Black Sludge
|-damage|p2a: Cloyster|94/100 tox|[from] psn
|upkeep
|turn|46
|
|move|p1a: Salazzle|Protect|p1a: Salazzle
|-singleturn|p1a: Salazzle|Protect
|move|p2a: Cloyster|Rock Blast|p1a: Salazzle
|-activate|p1a: Salazzle|move: Protect
|
|-heal|p1a: Salazzle|99/100|[from] item: Black Sludge
|-damage|p2a: Cloyster|82/100 tox|[from] psn
|-end|p2a: Cloyster|move: Taunt
|upkeep
|turn|47
|
|switch|p2a: Grimmsnarl|Grimmsnarl, M|100/100
|move|p1a: Salazzle|Taunt|p2a: Grimmsnarl
|-start|p2a: Grimmsnarl|move: Taunt
|
|-heal|p1a: Salazzle|100/100|[from] item: Black Sludge
|upkeep
|turn|48
|inactive|bouncing_fish#9297 has 120 seconds left.
|
|switch|p2a: Cloyster|Cloyster, M|82/100 tox
|move|p1a: Salazzle|Toxic|p2a: Cloyster
|-fail|p2a: Cloyster|tox
|
|-damage|p2a: Cloyster|76/100 tox|[from] psn
|upkeep
|turn|49
|inactive|bouncing_fish#9297 has 120 seconds left.
|
|move|p1a: Salazzle|Taunt|p2a: Cloyster
|-start|p2a: Cloyster|move: Taunt
|cant|p2a: Cloyster|move: Taunt|Shell Smash
|
|-damage|p2a: Cloyster|63/100 tox|[from] psn
|upkeep
|turn|50
|inactive|bouncing_fish#9297 has 120 seconds left.
|
|move|p1a: Salazzle|Protect|p1a: Salazzle
|-singleturn|p1a: Salazzle|Protect
|move|p2a: Cloyster|Rock Blast|p1a: Salazzle
|-activate|p1a: Salazzle|move: Protect
|
|-damage|p2a: Cloyster|44/100 tox|[from] psn
|upkeep
|turn|51
|
|move|p1a: Salazzle|Protect||[still]
|-fail|p1a: Salazzle
|move|p2a: Cloyster|Rock Blast|p1a: Salazzle
|-supereffective|p1a: Salazzle
|-activate|p1a: Salazzle|move: Substitute|[damage]
|-supereffective|p1a: Salazzle
|-end|p1a: Salazzle|Substitute
|-supereffective|p1a: Salazzle
|-damage|p1a: Salazzle|78/100
|-supereffective|p1a: Salazzle
|-damage|p1a: Salazzle|56/100
|-supereffective|p1a: Salazzle
|-damage|p1a: Salazzle|33/100
|-hitcount|p1a: Salazzle|5
|
|-heal|p1a: Salazzle|40/100|[from] item: Black Sludge
|-damage|p2a: Cloyster|20/100 tox|[from] psn
|-end|p2a: Cloyster|move: Taunt
|upkeep
|turn|52
|
|move|p1a: Salazzle|Protect|p1a: Salazzle
|-singleturn|p1a: Salazzle|Protect
|move|p2a: Cloyster|Rock Blast|p1a: Salazzle
|-activate|p1a: Salazzle|move: Protect
|
|-heal|p1a: Salazzle|46/100|[from] item: Black Sludge
|-damage|p2a: Cloyster|0 fnt|[from] psn
|faint|p2a: Cloyster
|upkeep
|inactive|bouncing_fish#9297 has 90 seconds left.
|
|switch|p2a: Rhyperior|Rhyperior, F|100/100
|turn|53
|
|move|p1a: Salazzle|Toxic|p2a: Rhyperior
|-status|p2a: Rhyperior|tox
|move|p2a: Rhyperior|Earthquake|p1a: Salazzle
|-supereffective|p1a: Salazzle
|-damage|p1a: Salazzle|0 fnt
|faint|p1a: Salazzle
|
|-damage|p2a: Rhyperior|94/100 tox|[from] psn
|upkeep
|
|switch|p1a: Whimsicott|Whimsicott, M|100/100
|turn|54
|
|move|p1a: Whimsicott|Tailwind|p1a: Whimsicott
|-sidestart|p1: Zoro0403|move: Tailwind
|move|p2a: Rhyperior|Fire Punch|p1a: Whimsicott
|-supereffective|p1a: Whimsicott
|-damage|p1a: Whimsicott|25/100
|
|-heal|p2a: Rhyperior|100/100 tox|[from] item: Leftovers
|-damage|p2a: Rhyperior|88/100 tox|[from] psn
|upkeep
|turn|55
|
|move|p1a: Whimsicott|Memento|p2a: Rhyperior
|-unboost|p2a: Rhyperior|atk|2
|-unboost|p2a: Rhyperior|spa|2
|faint|p1a: Whimsicott
|move|p2a: Rhyperior|Fire Punch|p1: Whimsicott|[notarget]
|-fail|p2a: Rhyperior
|
|-heal|p2a: Rhyperior|94/100 tox|[from] item: Leftovers
|-damage|p2a: Rhyperior|76/100 tox|[from] psn
|upkeep
|
|switch|p1a: Mandibuzz|Mandibuzz, F|100/100
|turn|56
|
|move|p1a: Mandibuzz|Knock Off|p2a: Rhyperior
|-damage|p2a: Rhyperior|61/100 tox
|-enditem|p2a: Rhyperior|Leftovers|[from] move: Knock Off|[of] p1a: Mandibuzz
|move|p2a: Rhyperior|Rock Wrecker|p1a: Mandibuzz
|-supereffective|p1a: Mandibuzz
|-crit|p1a: Mandibuzz
|-damage|p1a: Mandibuzz|0 fnt
|-mustrecharge|p2a: Rhyperior
|faint|p1a: Mandibuzz
|
|-damage|p2a: Rhyperior|36/100 tox|[from] psn
|upkeep
|
|switch|p1a: Quagsire|Quagsire, F|100/100
|turn|57
|
|move|p1a: Quagsire|Scald|p2a: Rhyperior
|-supereffective|p2a: Rhyperior
|-damage|p2a: Rhyperior|0 fnt
|faint|p2a: Rhyperior
|
|-sideend|p1: Zoro0403|move: Tailwind
|upkeep
|
|switch|p2a: Rotom|Rotom-Mow|100/100
|turn|58
|
|switch|p1a: Corviknight|Corviknight, F|100/100
|-ability|p1a: Corviknight|Pressure
|move|p2a: Rotom|Leaf Storm|p1a: Corviknight|[miss]
|-miss|p2a: Rotom|p1a: Corviknight
|
|upkeep
|turn|59
|
|move|p2a: Rotom|Thunderbolt|p1a: Corviknight
|-supereffective|p1a: Corviknight
|-damage|p1a: Corviknight|30/100
|move|p1a: Corviknight|Bulk Up|p1a: Corviknight
|-boost|p1a: Corviknight|atk|1
|-boost|p1a: Corviknight|def|1
|
|upkeep
|turn|60
|-message|Zoro0403 forfeited.
|
|win|bouncing_fish#9297
|l|☆Zoro0403
|raw|Zoro0403's rating: 1092 → 1067(-25 for losing)
|raw|bouncing_fish#9297's rating: 1076 → 1106(+30 for winning)
