|ScrapeTime|2020-01-01-06:15:56
|j|☆rowcla
|j|☆RaichuGirl
|player|p1|rowcla|266|
|player|p2|RaichuGirl|dawn|
|teamsize|p1|6
|teamsize|p2|6
|gametype|singles
|gen|8
|tier|[Gen 8] OU
|rule|Sleep Clause Mod: Limit one foe put to sleep
|rule|Species Clause: Limit one of each Pokémon
|rule|OHKO Clause: OHKO moves are banned
|rule|Evasion Moves Clause: Evasion moves are banned
|rule|Endless Battle Clause: Forcing endless battles is banned
|rule|HP Percentage Mod: HP is shown in percentages
|clearpoke
|poke|p1|Corviknight, M|
|poke|p1|Ribombee, M|
|poke|p1|Mew|
|poke|p1|Hydreigon, F|
|poke|p1|Rotom-Wash|
|poke|p1|Toxtricity, F|
|poke|p2|Ditto|
|poke|p2|Ferrothorn, M|
|poke|p2|Polteageist|
|poke|p2|Dracozolt|
|poke|p2|Gastrodon, M|
|poke|p2|Excadrill, M|
|rule|Dynamax Clause: You cannot dynamax
|teampreview
|c|☆RaichuGirl|This is the first time it's come down to the 3rd game for me! Very exciting!
|c|☆rowcla|still mega salty about Stun Spore missing (again)
|c|☆rowcla|Swear to god, it's hit like once out of 6 times in this league
|l|☆RaichuGirl
|player|p2|
|j|☆RaichuGirl
|player|p2|RaichuGirl|dawn
|c|☆RaichuGirl|I feel that way about bolt break
|c|☆RaichuGirl|It's hit more than once, but still missed way more than the 80% says it should
|
|start
|switch|p1a: Mew|Mew|100/100
|switch|p2a: Excadrill|Excadrill, M|100/100
|-ability|p2a: Excadrill|Mold Breaker
|turn|1
|l|☆rowcla
|player|p1|
|j|☆rowcla
|player|p1|rowcla|266
|
|switch|p2a: Gastrodon|Gastrodon, M|100/100
|move|p1a: Mew|Stealth Rock|p2a: Gastrodon
|-sidestart|p2: RaichuGirl|move: Stealth Rock
|
|upkeep
|turn|2
|
|switch|p1a: Rotom|Rotom-Wash|100/100
|move|p2a: Gastrodon|Scald|p1a: Rotom
|-resisted|p1a: Rotom
|-damage|p1a: Rotom|87/100
|
|upkeep
|turn|3
|
|move|p1a: Rotom|Trick|p2a: Gastrodon
|-activate|p1a: Rotom|move: Trick|[of] p2a: Gastrodon
|-item|p2a: Gastrodon|Choice Scarf|[from] move: Trick
|-item|p1a: Rotom|Leftovers|[from] move: Trick
|move|p2a: Gastrodon|Sludge Bomb|p1a: Rotom
|-damage|p1a: Rotom|68/100
|
|-heal|p1a: Rotom|74/100|[from] item: Leftovers
|upkeep
|turn|4
|
|switch|p1a: Toxtricity|Toxtricity, F|100/100
|switch|p2a: Excadrill|Excadrill, M|100/100
|-ability|p2a: Excadrill|Mold Breaker
|
|upkeep
|turn|5
|
|switch|p1a: Mew|Mew|100/100
|move|p2a: Excadrill|Earthquake|p1a: Mew
|-damage|p1a: Mew|37/100
|
|upkeep
|turn|6
|
|switch|p2a: Gastrodon|Gastrodon, M|100/100
|-damage|p2a: Gastrodon|94/100|[from] Stealth Rock
|move|p1a: Mew|Flare Blitz|p2a: Gastrodon
|-resisted|p2a: Gastrodon
|-damage|p2a: Gastrodon|68/100
|-damage|p1a: Mew|27/100|[from] Recoil
|
|upkeep
|turn|7
|
|switch|p1a: Hydreigon|Hydreigon, F|100/100
|move|p2a: Gastrodon|Scald|p1a: Hydreigon
|-resisted|p1a: Hydreigon
|-damage|p1a: Hydreigon|94/100
|-status|p1a: Hydreigon|brn
|
|-damage|p1a: Hydreigon|88/100 brn|[from] brn
|upkeep
|turn|8
|
|switch|p2a: Ditto|Ditto|100/100
|-damage|p2a: Ditto|88/100|[from] Stealth Rock
|-transform|p2a: Ditto|p1a: Hydreigon|[from] ability: Imposter
|move|p1a: Hydreigon|U-turn|p2a: Ditto
|-supereffective|p2a: Ditto
|-damage|p2a: Ditto|69/100
|
|switch|p1a: Ribombee|Ribombee, M|100/100|[from]move: U-turn
|
|upkeep
|turn|9
|
|move|p2a: Ditto|U-turn|p1a: Ribombee
|-resisted|p1a: Ribombee
|-damage|p1a: Ribombee|86/100
|
|switch|p2a: Excadrill|Excadrill, M|100/100|[from]move: U-turn
|-ability|p2a: Excadrill|Mold Breaker
|move|p1a: Ribombee|U-turn|p2a: Excadrill
|-resisted|p2a: Excadrill
|-damage|p2a: Excadrill|91/100
|
|switch|p1a: Mew|Mew|27/100|[from]move: U-turn
|
|upkeep
|turn|10
|
|switch|p2a: Gastrodon|Gastrodon, M|68/100
|-damage|p2a: Gastrodon|62/100|[from] Stealth Rock
|move|p1a: Mew|Psychic Fangs|p2a: Gastrodon
|-damage|p2a: Gastrodon|0 fnt
|faint|p2a: Gastrodon
|
|upkeep
|
|switch|p2a: Ditto|Ditto|69/100
|-damage|p2a: Ditto|57/100|[from] Stealth Rock
|-transform|p2a: Ditto|p1a: Mew|[from] ability: Imposter
|turn|11
|
|switch|p1a: Corviknight|Corviknight, M|100/100
|-ability|p1a: Corviknight|Pressure
|move|p2a: Ditto|U-turn|p1a: Corviknight
|-resisted|p1a: Corviknight
|-damage|p1a: Corviknight|98/100
|
|switch|p2a: Excadrill|Excadrill, M|91/100|[from]move: U-turn
|-ability|p2a: Excadrill|Mold Breaker
|
|-heal|p1a: Corviknight|100/100|[from] item: Leftovers
|upkeep
|turn|12
|
|move|p2a: Excadrill|Rapid Spin|p1a: Corviknight
|-resisted|p1a: Corviknight
|-damage|p1a: Corviknight|94/100
|-sideend|p2: RaichuGirl|Stealth Rock|[from] move: Rapid Spin|[of] p2a: Excadrill
|-boost|p2a: Excadrill|spe|1
|move|p1a: Corviknight|U-turn|p2a: Excadrill
|-resisted|p2a: Excadrill
|-damage|p2a: Excadrill|81/100
|c|☆RaichuGirl|test
|c|☆rowcla|thinking
|c|☆RaichuGirl|Sorry, just making sure i didn't drop out again
|
|switch|p1a: Rotom|Rotom-Wash|74/100|[from]move: U-turn
|
|-heal|p1a: Rotom|80/100|[from] item: Leftovers
|upkeep
|turn|13
|
|switch|p1a: Corviknight|Corviknight, M|94/100
|-ability|p1a: Corviknight|Pressure
|move|p2a: Excadrill|Earthquake|p1a: Corviknight
|-immune|p1a: Corviknight
|
|-heal|p1a: Corviknight|100/100|[from] item: Leftovers
|upkeep
|turn|14
|
|move|p2a: Excadrill|Brick Break|p1a: Corviknight
|-damage|p1a: Corviknight|82/100
|move|p1a: Corviknight|Brave Bird|p2a: Excadrill
|-resisted|p2a: Excadrill
|-damage|p2a: Excadrill|53/100
|-damage|p1a: Corviknight|74/100|[from] Recoil
|
|-heal|p1a: Corviknight|80/100|[from] item: Leftovers
|upkeep
|turn|15
|
|switch|p2a: Dracozolt|Dracozolt|100/100
|move|p1a: Corviknight|Brave Bird|p2a: Dracozolt
|-resisted|p2a: Dracozolt
|-damage|p2a: Dracozolt|79/100
|-damage|p1a: Corviknight|75/100|[from] Recoil
|
|-heal|p2a: Dracozolt|86/100|[from] item: Leftovers
|-heal|p1a: Corviknight|81/100|[from] item: Leftovers
|upkeep
|turn|16
|
|move|p2a: Dracozolt|Bolt Beak|p1a: Corviknight
|-supereffective|p1a: Corviknight
|-damage|p1a: Corviknight|0 fnt
|faint|p1a: Corviknight
|
|-heal|p2a: Dracozolt|92/100|[from] item: Leftovers
|upkeep
|
|switch|p1a: Ribombee|Ribombee, M|86/100
|turn|17
|
|switch|p2a: Ditto|Ditto|57/100
|-transform|p2a: Ditto|p1a: Ribombee|[from] ability: Imposter
|move|p1a: Ribombee|Moonblast|p2a: Ditto
|-damage|p2a: Ditto|0 fnt
|faint|p2a: Ditto
|
|upkeep
|
|switch|p2a: Ferrothorn|Ferrothorn, M|100/100
|turn|18
|
|switch|p1a: Rotom|Rotom-Wash|80/100
|move|p2a: Ferrothorn|Stealth Rock|p1a: Rotom
|-sidestart|p1: rowcla|move: Stealth Rock
|
|-heal|p1a: Rotom|86/100|[from] item: Leftovers
|upkeep
|turn|19
|
|move|p1a: Rotom|Thunder Wave|p2a: Ferrothorn
|-status|p2a: Ferrothorn|par
|move|p2a: Ferrothorn|Leech Seed|p1a: Rotom|[miss]
|-miss|p2a: Ferrothorn|p1a: Rotom
|
|-heal|p1a: Rotom|92/100|[from] item: Leftovers
|upkeep
|turn|20
|
|move|p1a: Rotom|Volt Switch|p2a: Ferrothorn
|-resisted|p2a: Ferrothorn
|-crit|p2a: Ferrothorn
|-damage|p2a: Ferrothorn|83/100 par
|
|switch|p1a: Toxtricity|Toxtricity, F|100/100|[from]move: Volt Switch
|-damage|p1a: Toxtricity|88/100|[from] Stealth Rock
|move|p2a: Ferrothorn|Knock Off|p1a: Toxtricity
|-damage|p1a: Toxtricity|60/100
|-enditem|p1a: Toxtricity|Choice Specs|[from] move: Knock Off|[of] p2a: Ferrothorn
|
|-heal|p2a: Ferrothorn|89/100 par|[from] item: Leftovers
|upkeep
|turn|21
|
|move|p1a: Toxtricity|Boomburst|p2a: Ferrothorn
|-resisted|p2a: Ferrothorn
|-damage|p2a: Ferrothorn|62/100 par
|move|p2a: Ferrothorn|Leech Seed|p1a: Toxtricity
|-start|p1a: Toxtricity|move: Leech Seed
|
|-heal|p2a: Ferrothorn|68/100 par|[from] item: Leftovers
|-damage|p1a: Toxtricity|47/100|[from] Leech Seed|[of] p2a: Ferrothorn
|-heal|p2a: Ferrothorn|79/100 par|[silent]
|upkeep
|turn|22
|
|move|p1a: Toxtricity|Volt Switch|p2a: Ferrothorn
|-resisted|p2a: Ferrothorn
|-damage|p2a: Ferrothorn|65/100 par
|
|switch|p1a: Hydreigon|Hydreigon, F|88/100 brn|[from]move: Volt Switch
|-damage|p1a: Hydreigon|76/100 brn|[from] Stealth Rock
|move|p2a: Ferrothorn|Knock Off|p1a: Hydreigon
|-resisted|p1a: Hydreigon
|-damage|p1a: Hydreigon|65/100 brn
|-enditem|p1a: Hydreigon|Assault Vest|[from] move: Knock Off|[of] p2a: Ferrothorn
|
|-heal|p2a: Ferrothorn|71/100 par|[from] item: Leftovers
|-damage|p1a: Hydreigon|58/100 brn|[from] brn
|upkeep
|turn|23
|
|move|p1a: Hydreigon|Dark Pulse|p2a: Ferrothorn
|-damage|p2a: Ferrothorn|43/100 par
|cant|p2a: Ferrothorn|par
|
|-heal|p2a: Ferrothorn|49/100 par|[from] item: Leftovers
|-damage|p1a: Hydreigon|52/100 brn|[from] brn
|upkeep
|turn|24
|
|move|p1a: Hydreigon|Dark Pulse|p2a: Ferrothorn
|-damage|p2a: Ferrothorn|22/100 par
|move|p2a: Ferrothorn|Leech Seed|p1a: Hydreigon
|-start|p1a: Hydreigon|move: Leech Seed
|
|-heal|p2a: Ferrothorn|29/100 par|[from] item: Leftovers
|-damage|p1a: Hydreigon|40/100 brn|[from] Leech Seed|[of] p2a: Ferrothorn
|-heal|p2a: Ferrothorn|41/100 par|[silent]
|-damage|p1a: Hydreigon|34/100 brn|[from] brn
|upkeep
|turn|25
|
|move|p1a: Hydreigon|Dark Pulse|p2a: Ferrothorn
|-damage|p2a: Ferrothorn|14/100 par
|move|p2a: Ferrothorn|Knock Off|p1a: Hydreigon
|-resisted|p1a: Hydreigon
|-damage|p1a: Hydreigon|26/100 brn
|
|-heal|p2a: Ferrothorn|20/100 par|[from] item: Leftovers
|-damage|p1a: Hydreigon|14/100 brn|[from] Leech Seed|[of] p2a: Ferrothorn
|-heal|p2a: Ferrothorn|32/100 par|[silent]
|-damage|p1a: Hydreigon|8/100 brn|[from] brn
|upkeep
|turn|26
|
|move|p1a: Hydreigon|Dark Pulse|p2a: Ferrothorn
|-damage|p2a: Ferrothorn|1/100 par
|cant|p2a: Ferrothorn|par
|
|-heal|p2a: Ferrothorn|8/100 par|[from] item: Leftovers
|-damage|p1a: Hydreigon|0 fnt|[from] Leech Seed|[of] p2a: Ferrothorn
|-heal|p2a: Ferrothorn|14/100 par|[silent]
|faint|p1a: Hydreigon
|upkeep
|
|switch|p1a: Toxtricity|Toxtricity, F|47/100
|-damage|p1a: Toxtricity|35/100|[from] Stealth Rock
|turn|27
|
|move|p1a: Toxtricity|Boomburst|p2a: Ferrothorn
|-resisted|p2a: Ferrothorn
|-damage|p2a: Ferrothorn|0 fnt
|faint|p2a: Ferrothorn
|
|upkeep
|
|switch|p2a: Excadrill|Excadrill, M|53/100
|-ability|p2a: Excadrill|Mold Breaker
|turn|28
|
|move|p2a: Excadrill|Earthquake|p1a: Toxtricity
|-supereffective|p1a: Toxtricity
|-damage|p1a: Toxtricity|0 fnt
|faint|p1a: Toxtricity
|
|upkeep
|
|switch|p1a: Mew|Mew|27/100
|-damage|p1a: Mew|14/100|[from] Stealth Rock
|turn|29
|
|switch|p2a: Polteageist|Polteageist|100/100
|move|p1a: Mew|Psychic Fangs|p2a: Polteageist
|-damage|p2a: Polteageist|4/100
|-ability|p2a: Polteageist|Weak Armor|boost
|-unboost|p2a: Polteageist|def|1
|-boost|p2a: Polteageist|spe|2
|
|upkeep
|turn|30
|
|move|p2a: Polteageist|Shadow Ball|p1a: Mew
|-supereffective|p1a: Mew
|-damage|p1a: Mew|0 fnt
|faint|p1a: Mew
|
|upkeep
|
|switch|p1a: Rotom|Rotom-Wash|92/100
|-damage|p1a: Rotom|80/100|[from] Stealth Rock
|turn|31
|
|move|p2a: Polteageist|Giga Drain|p1a: Rotom
|-supereffective|p1a: Rotom
|-damage|p1a: Rotom|25/100
|-heal|p2a: Polteageist|36/100|[from] drain|[of] p1a: Rotom
|move|p1a: Rotom|Hydro Pump|p2a: Polteageist
|-damage|p2a: Polteageist|0 fnt
|faint|p2a: Polteageist
|
|-heal|p1a: Rotom|31/100|[from] item: Leftovers
|upkeep
|
|switch|p2a: Excadrill|Excadrill, M|53/100
|-ability|p2a: Excadrill|Mold Breaker
|turn|32
|
|move|p1a: Rotom|Hydro Pump|p2a: Excadrill
|-supereffective|p2a: Excadrill
|-damage|p2a: Excadrill|0 fnt
|faint|p2a: Excadrill
|
|-heal|p1a: Rotom|36/100|[from] item: Leftovers
|upkeep
|c|☆rowcla|lol?
|
|switch|p2a: Dracozolt|Dracozolt|92/100
|turn|33
|
|move|p1a: Rotom|Hydro Pump|p2a: Dracozolt|[miss]
|-miss|p1a: Rotom|p2a: Dracozolt
|move|p2a: Dracozolt|Substitute|p2a: Dracozolt
|-start|p2a: Dracozolt|Substitute
|-damage|p2a: Dracozolt|67/100
|
|-heal|p1a: Rotom|42/100|[from] item: Leftovers
|-heal|p2a: Dracozolt|73/100|[from] item: Leftovers
|upkeep
|turn|34
|
|move|p1a: Rotom|Hydro Pump|p2a: Dracozolt
|-resisted|p2a: Dracozolt
|-end|p2a: Dracozolt|Substitute
|move|p2a: Dracozolt|Bolt Beak|p1a: Rotom
|-damage|p1a: Rotom|0 fnt
|faint|p1a: Rotom
|
|-heal|p2a: Dracozolt|79/100|[from] item: Leftovers
|upkeep
|
|switch|p1a: Ribombee|Ribombee, M|86/100
|-damage|p1a: Ribombee|61/100|[from] Stealth Rock
|turn|35
|c|☆rowcla|let me uhh, quickly verify this kills
|
|move|p1a: Ribombee|Moonblast|p2a: Dracozolt
|-supereffective|p2a: Dracozolt
|-damage|p2a: Dracozolt|0 fnt
|faint|p2a: Dracozolt
|
|win|rowcla
|c|☆rowcla|ggs
|c|☆RaichuGirl|gg
