|ScrapeTime|2020-01-02-03:15:09
|j|☆Party Brock
|j|☆heylilboom
|player|p1|Party Brock|brock|1191
|player|p2|heylilboom|170|1221
|teamsize|p1|6
|teamsize|p2|6
|gametype|singles
|gen|8
|tier|[Gen 8] OU
|rated|
|rule|Sleep Clause Mod: Limit one foe put to sleep
|rule|Species Clause: Limit one of each Pokémon
|rule|OHKO Clause: OHKO moves are banned
|rule|Evasion Moves Clause: Evasion moves are banned
|rule|Endless Battle Clause: Forcing endless battles is banned
|rule|HP Percentage Mod: HP is shown in percentages
|clearpoke
|poke|p1|Dragapult, F|
|poke|p1|Conkeldurr, M|
|poke|p1|Excadrill, M|
|poke|p1|Togekiss, F|
|poke|p1|Gardevoir, F|
|poke|p1|Gengar, M|
|poke|p2|Pelipper, F|
|poke|p2|Dracovish|
|poke|p2|Ferrothorn, M|
|poke|p2|Mantine, M|
|poke|p2|Barraskewda, M|
|poke|p2|Dracozolt|
|rule|Dynamax Clause: You cannot dynamax
|teampreview
|
|start
|switch|p1a: Gardevoir|Gardevoir, F|100/100
|switch|p2a: Ferrothorn|Ferrothorn, M|100/100
|-ability|p1a: Gardevoir|Iron Barbs|[from] ability: Trace|[of] p2a: Ferrothorn
|turn|1
|
|move|p1a: Gardevoir|Focus Blast|p2a: Ferrothorn|[miss]
|-miss|p1a: Gardevoir|p2a: Ferrothorn
|move|p2a: Ferrothorn|Gyro Ball|p1a: Gardevoir
|-supereffective|p1a: Gardevoir
|-damage|p1a: Gardevoir|0 fnt
|-damage|p2a: Ferrothorn|88/100|[from] ability: Iron Barbs|[of] p1a: Gardevoir
|faint|p1a: Gardevoir
|
|-heal|p2a: Ferrothorn|94/100|[from] item: Leftovers
|upkeep
|
|switch|p1a: Dragapult|Dragapult, F|100/100
|turn|2
|
|switch|p2a: Pelipper|Pelipper, F|100/100
|-weather|RainDance|[from] ability: Drizzle|[of] p2a: Pelipper
|move|p1a: Dragapult|U-turn|p2a: Pelipper
|-resisted|p2a: Pelipper
|-damage|p2a: Pelipper|90/100
|-damage|p1a: Dragapult|91/100|[from] item: Life Orb
|
|switch|p1a: Gengar|Gengar, M, shiny|100/100|[from]move: U-turn
|
|-weather|RainDance|[upkeep]
|upkeep
|turn|3
|
|switch|p2a: Dracozolt|Dracozolt|100/100
|move|p1a: Gengar|Shadow Ball|p2a: Dracozolt
|-damage|p2a: Dracozolt|41/100
|
|-weather|RainDance|[upkeep]
|upkeep
|turn|4
|
|switch|p2a: Mantine|Mantine, M|100/100
|move|p1a: Gengar|Shadow Ball|p2a: Mantine
|-damage|p2a: Mantine|68/100
|
|-weather|RainDance|[upkeep]
|upkeep
|turn|5
|
|move|p2a: Mantine|Hurricane|p1a: Gengar
|-enditem|p1a: Gengar|Focus Sash
|-damage|p1a: Gengar|1/100
|-start|p1a: Gengar|confusion
|-damage|p2a: Mantine|58/100|[from] item: Life Orb
|-activate|p1a: Gengar|confusion
|move|p1a: Gengar|Taunt|p2a: Mantine
|-start|p2a: Mantine|move: Taunt
|
|-weather|RainDance|[upkeep]
|upkeep
|turn|6
|
|move|p2a: Mantine|Surf|p1a: Gengar
|-damage|p1a: Gengar|0 fnt
|-damage|p2a: Mantine|48/100|[from] item: Life Orb
|faint|p1a: Gengar
|
|-weather|RainDance|[upkeep]
|upkeep
|c|☆heylilboom|yo bruh u stupid or something?
|
|switch|p1a: Dragapult|Dragapult, F|91/100
|turn|7
|
|move|p2a: Mantine|Hurricane|p1a: Dragapult
|-damage|p1a: Dragapult|17/100
|-damage|p2a: Mantine|38/100|[from] item: Life Orb
|move|p1a: Dragapult|Shadow Ball|p2a: Mantine
|-damage|p2a: Mantine|0 fnt
|-damage|p1a: Dragapult|7/100|[from] item: Life Orb
|faint|p2a: Mantine
|
|-weather|RainDance|[upkeep]
|upkeep
|
|switch|p2a: Ferrothorn|Ferrothorn, M|94/100
|turn|8
|
|move|p1a: Dragapult|Flamethrower|p2a: Ferrothorn
|-supereffective|p2a: Ferrothorn
|-damage|p2a: Ferrothorn|53/100
|-damage|p1a: Dragapult|0 fnt|[from] item: Life Orb
|faint|p1a: Dragapult
|move|p2a: Ferrothorn|Stealth Rock|p1: Dragapult
|-sidestart|p1: Party Brock|move: Stealth Rock
|
|-weather|RainDance|[upkeep]
|-heal|p2a: Ferrothorn|59/100|[from] item: Leftovers
|upkeep
|
|switch|p1a: Conkeldurr|Conkeldurr, M|100/100
|-damage|p1a: Conkeldurr|94/100|[from] Stealth Rock
|turn|9
|
|move|p1a: Conkeldurr|Bulk Up|p1a: Conkeldurr
|-boost|p1a: Conkeldurr|atk|1
|-boost|p1a: Conkeldurr|def|1
|move|p2a: Ferrothorn|Thunder Wave|p1a: Conkeldurr
|-status|p1a: Conkeldurr|par
|
|-weather|none
|-heal|p2a: Ferrothorn|65/100|[from] item: Leftovers
|upkeep
|turn|10
|
|switch|p2a: Pelipper|Pelipper, F|90/100
|-weather|RainDance|[from] ability: Drizzle|[of] p2a: Pelipper
|move|p1a: Conkeldurr|Bulk Up|p1a: Conkeldurr
|-boost|p1a: Conkeldurr|atk|1
|-boost|p1a: Conkeldurr|def|1
|
|-weather|RainDance|[upkeep]
|upkeep
|turn|11
|
|move|p2a: Pelipper|Hurricane|p1a: Conkeldurr
|-supereffective|p1a: Conkeldurr
|-damage|p1a: Conkeldurr|25/100 par
|-start|p1a: Conkeldurr|confusion
|-activate|p1a: Conkeldurr|confusion
|move|p1a: Conkeldurr|Payback|p2a: Pelipper
|-damage|p2a: Pelipper|0 fnt
|faint|p2a: Pelipper
|
|-weather|RainDance|[upkeep]
|upkeep
|
|switch|p2a: Barraskewda|Barraskewda, M|100/100
|turn|12
|
|-activate|p1a: Conkeldurr|confusion
|move|p1a: Conkeldurr|Mach Punch|p2a: Barraskewda
|-damage|p2a: Barraskewda|0 fnt
|faint|p2a: Barraskewda
|
|-weather|RainDance|[upkeep]
|upkeep
|c|☆heylilboom|ez win
|
|switch|p2a: Dracovish|Dracovish|100/100
|turn|13
|c|☆heylilboom|nvm
|c|☆Party Brock|me not english
|
|-activate|p1a: Conkeldurr|confusion
|move|p1a: Conkeldurr|Mach Punch|p2a: Dracovish
|-damage|p2a: Dracovish|28/100
|move|p2a: Dracovish|Fishious Rend|p1a: Conkeldurr
|-damage|p1a: Conkeldurr|0 fnt
|-damage|p2a: Dracovish|11/100|[from] item: Rocky Helmet|[of] p1a: Conkeldurr
|faint|p1a: Conkeldurr
|
|-weather|RainDance|[upkeep]
|upkeep
|
|switch|p1a: Excadrill|Excadrill, M|100/100
|-damage|p1a: Excadrill|97/100|[from] Stealth Rock
|-ability|p1a: Excadrill|Mold Breaker
|turn|14
|c|☆heylilboom|espanol?
|
|move|p1a: Excadrill|Earthquake|p2a: Dracovish
|-damage|p2a: Dracovish|0 fnt
|faint|p2a: Dracovish
|
|-weather|RainDance|[upkeep]
|upkeep
|
|switch|p2a: Ferrothorn|Ferrothorn, M|65/100
|turn|15
|
|move|p1a: Excadrill|Earthquake|p2a: Ferrothorn
|-damage|p2a: Ferrothorn|23/100
|move|p2a: Ferrothorn|Power Whip|p1a: Excadrill
|-damage|p1a: Excadrill|41/100
|
|-weather|RainDance|[upkeep]
|-heal|p2a: Ferrothorn|29/100|[from] item: Leftovers
|upkeep
|turn|16
|
|move|p1a: Excadrill|Earthquake|p2a: Ferrothorn
|-damage|p2a: Ferrothorn|0 fnt
|faint|p2a: Ferrothorn
|
|-weather|RainDance|[upkeep]
|upkeep
|
|switch|p2a: Dracozolt|Dracozolt|41/100
|turn|17
|-message|heylilboom forfeited.
|
|win|Party Brock
|l|☆heylilboom
|raw|Party Brock's rating: 1191 → 1218(+27 for winning)
|raw|heylilboom's rating: 1221 → 1194(-27 for losing)
