|ScrapeTime|2020-01-02-03:29:02
|j|☆jjv4bluckh
|j|☆Tyranitar Forever
|player|p1|jjv4bluckh|169|1036
|player|p2|Tyranitar Forever|silver|1066
|teamsize|p1|6
|teamsize|p2|6
|gametype|singles
|gen|8
|tier|[Gen 8] OU
|rated|
|rule|Sleep Clause Mod: Limit one foe put to sleep
|rule|Species Clause: Limit one of each Pokémon
|rule|OHKO Clause: OHKO moves are banned
|rule|Evasion Moves Clause: Evasion moves are banned
|rule|Endless Battle Clause: Forcing endless battles is banned
|rule|HP Percentage Mod: HP is shown in percentages
|clearpoke
|poke|p1|Accelgor, M|
|poke|p1|Cinderace, M|
|poke|p1|Lucario, M|
|poke|p1|Corviknight, F|
|poke|p1|Dragapult, F|
|poke|p1|Hydreigon, M|
|poke|p2|Dracovish|
|poke|p2|Dragapult, F|
|poke|p2|Hydreigon, F|
|poke|p2|Cinderace, F|
|poke|p2|Toxtricity, M|
|poke|p2|Bisharp, M|
|rule|Dynamax Clause: You cannot dynamax
|teampreview
|c|☆Tyranitar Forever|You Copied Three Pokemons That Is Mine
|
|start
|switch|p1a: Hydreigon|Hydreigon, M|100/100
|switch|p2a: Hydreigon|Hydreigon, F|100/100
|turn|1
|
|switch|p2a: Bisharp|Bisharp, M|100/100
|move|p1a: Hydreigon|Dragon Pulse|p2a: Bisharp
|-resisted|p2a: Bisharp
|-damage|p2a: Bisharp|44/100
|-damage|p1a: Hydreigon|91/100|[from] item: Life Orb
|
|upkeep
|turn|2
|
|move|p1a: Hydreigon|Earthquake|p2a: Bisharp
|-supereffective|p2a: Bisharp
|-damage|p2a: Bisharp|0 fnt
|-damage|p1a: Hydreigon|81/100|[from] item: Life Orb
|faint|p2a: Bisharp
|
|upkeep
|
|switch|p2a: Toxtricity|Toxtricity, M|100/100
|turn|3
|
|move|p1a: Hydreigon|Earthquake|p2a: Toxtricity
|-supereffective|p2a: Toxtricity
|-damage|p2a: Toxtricity|0 fnt
|-damage|p1a: Hydreigon|71/100|[from] item: Life Orb
|faint|p2a: Toxtricity
|
|upkeep
|
|switch|p2a: Cinderace|Cinderace, F|100/100
|turn|4
|
|move|p2a: Cinderace|Court Change||[still]
|-fail|p2a: Cinderace
|move|p1a: Hydreigon|Earthquake|p2a: Cinderace
|-supereffective|p2a: Cinderace
|-damage|p2a: Cinderace|6/100
|-damage|p1a: Hydreigon|61/100|[from] item: Life Orb
|
|upkeep
|turn|5
|c|☆Tyranitar Forever|Bitch
|
|move|p2a: Cinderace|High Jump Kick|p1a: Hydreigon
|-supereffective|p1a: Hydreigon
|-damage|p1a: Hydreigon|0 fnt
|faint|p1a: Hydreigon
|
|upkeep
|
|switch|p1a: Dragapult|Dragapult, F|100/100
|turn|6
|
|move|p1a: Dragapult|Dragon Darts|p2a: Cinderace
|-damage|p2a: Cinderace|0 fnt
|-hitcount|p2a: Cinderace|1
|faint|p2a: Cinderace
|
|upkeep
|
|switch|p2a: Hydreigon|Hydreigon, F|100/100
|turn|7
|
|move|p1a: Dragapult|Dragon Darts|p2a: Hydreigon
|-supereffective|p2a: Hydreigon
|-damage|p2a: Hydreigon|38/100
|-supereffective|p2a: Hydreigon
|-crit|p2a: Hydreigon
|-damage|p2a: Hydreigon|0 fnt
|-hitcount|p2a: Hydreigon|2
|faint|p2a: Hydreigon
|
|upkeep
|
|switch|p2a: Dragapult|Dragapult, F|100/100
|turn|8
|
|move|p2a: Dragapult|Draco Meteor|p1a: Dragapult
|-supereffective|p1a: Dragapult
|-damage|p1a: Dragapult|0 fnt
|-unboost|p2a: Dragapult|spa|2
|faint|p1a: Dragapult
|
|upkeep
|
|switch|p1a: Lucario|Lucario, M|100/100
|turn|9
|
|move|p1a: Lucario|Bullet Punch|p2a: Dragapult
|-damage|p2a: Dragapult|77/100
|move|p2a: Dragapult|Draco Meteor|p1a: Lucario
|-resisted|p1a: Lucario
|-crit|p1a: Lucario
|-damage|p1a: Lucario|10/100
|-unboost|p2a: Dragapult|spa|2
|
|-heal|p1a: Lucario|16/100|[from] item: Leftovers
|upkeep
|turn|10
|
|move|p2a: Dragapult|Draco Meteor|p1a: Lucario
|-resisted|p1a: Lucario
|-damage|p1a: Lucario|0 fnt
|-unboost|p2a: Dragapult|spa|2
|faint|p1a: Lucario
|
|upkeep
|c|☆Tyranitar Forever|BITCH
|
|switch|p1a: Corviknight|Corviknight, F|100/100
|turn|11
|
|move|p2a: Dragapult|Draco Meteor|p1a: Corviknight
|-resisted|p1a: Corviknight
|-damage|p1a: Corviknight|91/100
|move|p1a: Corviknight|Steel Wing|p2a: Dragapult
|-damage|p2a: Dragapult|24/100
|-damage|p1a: Corviknight|81/100|[from] item: Life Orb
|
|upkeep
|turn|12
|
|move|p2a: Dragapult|Draco Meteor|p1a: Corviknight|[miss]
|-miss|p2a: Dragapult|p1a: Corviknight
|move|p1a: Corviknight|Brave Bird|p2a: Dragapult
|-damage|p2a: Dragapult|0 fnt
|-damage|p1a: Corviknight|75/100|[from] Recoil
|-damage|p1a: Corviknight|65/100|[from] item: Life Orb
|faint|p2a: Dragapult
|
|upkeep
|c|☆Tyranitar Forever|NOOOOOOOO!
|
|switch|p2a: Dracovish|Dracovish|100/100
|turn|13
|
|move|p2a: Dracovish|Fishious Rend|p1a: Corviknight
|-damage|p1a: Corviknight|0 fnt
|faint|p1a: Corviknight
|
|upkeep
|
|switch|p1a: Accelgor|Accelgor, M|100/100
|turn|14
|
|move|p1a: Accelgor|Facade|p2a: Dracovish
|-damage|p2a: Dracovish|84/100
|move|p2a: Dracovish|Fishious Rend|p1a: Accelgor
|-damage|p1a: Accelgor|0 fnt
|faint|p1a: Accelgor
|
|upkeep
|
|switch|p1a: Cinderace|Cinderace, M|100/100
|turn|15
|c|☆Tyranitar Forever|FINISH HIM
|
|move|p1a: Cinderace|Pyro Ball|p2a: Dracovish
|-resisted|p2a: Dracovish
|-damage|p2a: Dracovish|64/100
|move|p2a: Dracovish|Fishious Rend|p1a: Cinderace
|-supereffective|p1a: Cinderace
|-crit|p1a: Cinderace
|-damage|p1a: Cinderace|0 fnt
|faint|p1a: Cinderace
|
|win|Tyranitar Forever
|c|☆Tyranitar Forever|FATALITY!
|raw|jjv4bluckh's rating: 1036 → 1021(-15 for losing)
|raw|Tyranitar Forever's rating: 1046 → 1078(+32 for winning)
|l|☆jjv4bluckh
|c|☆Tyranitar Forever|Thankyou Dracovish
