|ScrapeTime|2020-01-03-01:26:38
|j|☆Charmalane
|j|☆dktz
|player|p1|Charmalane|92|1557
|player|p2|dktz|99|1597
|teamsize|p1|6
|teamsize|p2|6
|gametype|singles
|gen|8
|tier|[Gen 8] OU
|rated|
|rule|Sleep Clause Mod: Limit one foe put to sleep
|rule|Species Clause: Limit one of each Pokémon
|rule|OHKO Clause: OHKO moves are banned
|rule|Evasion Moves Clause: Evasion moves are banned
|rule|Endless Battle Clause: Forcing endless battles is banned
|rule|HP Percentage Mod: HP is shown in percentages
|clearpoke
|poke|p1|Milotic, F|
|poke|p1|Ditto|
|poke|p1|Bisharp, F|
|poke|p1|Dragapult, M|
|poke|p1|Ferrothorn, M|
|poke|p1|Claydol|
|poke|p2|Sirfetch'd, M|
|poke|p2|Dragapult, M|
|poke|p2|Seismitoad, M|
|poke|p2|Corviknight, M|
|poke|p2|Grimmsnarl, M|
|poke|p2|Rotom-Heat|
|rule|Dynamax Clause: You cannot dynamax
|teampreview
|
|start
|switch|p1a: Kat Kraydel|Claydol|100/100
|switch|p2a: Rotom|Rotom-Heat|100/100
|turn|1
|
|move|p2a: Rotom|Nasty Plot|p2a: Rotom
|-boost|p2a: Rotom|spa|2
|move|p1a: Kat Kraydel|Stealth Rock|p2a: Rotom
|-sidestart|p2: dktz|move: Stealth Rock
|
|upkeep
|turn|2
|inactive|Battle timer is ON: inactive players will automatically lose when time's up. (requested by Charmalane)
|
|move|p2a: Rotom|Overheat|p1a: Kat Kraydel
|-damage|p1a: Kat Kraydel|23/100
|-unboost|p2a: Rotom|spa|2
|-enditem|p1a: Kat Kraydel|Sitrus Berry|[eat]
|-heal|p1a: Kat Kraydel|48/100|[from] item: Sitrus Berry
|move|p1a: Kat Kraydel|Teleport|p1a: Kat Kraydel
|
|switch|p1a: Disk|Dragapult, M|100/100|[from]move: Teleport
|
|upkeep
|turn|3
|
|switch|p1a: Kalle Demos|Ferrothorn, M|100/100
|move|p2a: Rotom|Thunder Wave|p1a: Kalle Demos|[miss]
|-miss|p2a: Rotom|p1a: Kalle Demos
|
|upkeep
|turn|4
|
|switch|p1a: Kat Kraydel|Claydol|48/100
|move|p2a: Rotom|Overheat|p1a: Kat Kraydel
|-damage|p1a: Kat Kraydel|3/100
|-unboost|p2a: Rotom|spa|2
|
|upkeep
|turn|5
|
|move|p2a: Rotom|Overheat|p1a: Kat Kraydel
|-damage|p1a: Kat Kraydel|0 fnt
|-unboost|p2a: Rotom|spa|2
|faint|p1a: Kat Kraydel
|
|upkeep
|
|switch|p1a: Disk|Dragapult, M|100/100
|turn|6
|
|move|p1a: Disk|Draco Meteor|p2a: Rotom
|-damage|p2a: Rotom|18/100
|-unboost|p1a: Disk|spa|2
|move|p2a: Rotom|Thunder Wave|p1a: Disk
|-status|p1a: Disk|par
|
|upkeep
|turn|7
|
|switch|p1a: Mizu|Milotic, F|100/100
|move|p2a: Rotom|Volt Switch|p1a: Mizu
|-supereffective|p1a: Mizu
|-damage|p1a: Mizu|88/100
|
|switch|p2a: Corviknight|Corviknight, M|100/100|[from]move: Volt Switch
|-damage|p2a: Corviknight|88/100|[from] Stealth Rock
|-ability|p2a: Corviknight|Pressure
|
|-heal|p1a: Mizu|94/100|[from] item: Leftovers
|-heal|p2a: Corviknight|94/100|[from] item: Leftovers
|upkeep
|turn|8
|
|move|p1a: Mizu|Scald|p2a: Corviknight
|-damage|p2a: Corviknight|72/100
|move|p2a: Corviknight|U-turn|p1a: Mizu
|-damage|p1a: Mizu|83/100
|
|switch|p2a: Seismitoad|Seismitoad, M|100/100|[from]move: U-turn
|-damage|p2a: Seismitoad|94/100|[from] Stealth Rock
|
|-heal|p1a: Mizu|89/100|[from] item: Leftovers
|-heal|p2a: Seismitoad|100/100|[from] item: Leftovers
|upkeep
|turn|9
|
|switch|p1a: Kalle Demos|Ferrothorn, M|100/100
|move|p2a: Seismitoad|Toxic|p1a: Kalle Demos
|-immune|p1a: Kalle Demos
|
|upkeep
|turn|10
|
|switch|p2a: Corviknight|Corviknight, M|72/100
|-damage|p2a: Corviknight|60/100|[from] Stealth Rock
|-ability|p2a: Corviknight|Pressure
|move|p1a: Kalle Demos|Leech Seed|p2a: Corviknight
|-start|p2a: Corviknight|move: Leech Seed
|
|-heal|p2a: Corviknight|66/100|[from] item: Leftovers
|-damage|p2a: Corviknight|54/100|[from] Leech Seed|[of] p1a: Kalle Demos
|upkeep
|turn|11
|
|move|p2a: Corviknight|Roost|p2a: Corviknight
|-heal|p2a: Corviknight|100/100
|-singleturn|p2a: Corviknight|move: Roost
|move|p1a: Kalle Demos|Spikes|p2a: Corviknight
|-sidestart|p2: dktz|Spikes
|
|-damage|p2a: Corviknight|88/100|[from] Leech Seed|[of] p1a: Kalle Demos
|upkeep
|turn|12
|
|switch|p1a: Undyne|Bisharp, F|100/100
|move|p2a: Corviknight|Defog|p1a: Undyne
|-unboost|p1a: Undyne|evasion|1
|-ability|p1a: Undyne|Defiant
|-boost|p1a: Undyne|atk|2
|-sideend|p2: dktz|Spikes|[from] move: Defog|[of] p2a: Corviknight
|-sideend|p2: dktz|Stealth Rock|[from] move: Defog|[of] p2a: Corviknight
|
|-heal|p2a: Corviknight|94/100|[from] item: Leftovers
|-damage|p2a: Corviknight|82/100|[from] Leech Seed|[of] p1a: Undyne
|upkeep
|turn|13
|
|move|p1a: Undyne|Throat Chop|p2a: Corviknight
|-damage|p2a: Corviknight|16/100
|-start|p2a: Corviknight|Throat Chop|[silent]
|move|p2a: Corviknight|U-turn|p1a: Undyne
|-damage|p1a: Undyne|83/100
|
|switch|p2a: Seismitoad|Seismitoad, M|100/100|[from]move: U-turn
|
|upkeep
|turn|14
|
|switch|p1a: Kalle Demos|Ferrothorn, M|100/100
|move|p2a: Seismitoad|Earthquake|p1a: Kalle Demos
|-crit|p1a: Kalle Demos
|-damage|p1a: Kalle Demos|70/100
|
|-heal|p1a: Kalle Demos|76/100|[from] item: Leftovers
|upkeep
|turn|15
|inactive|Charmalane has 120 seconds left.
|
|switch|p2a: Corviknight|Corviknight, M|16/100
|-ability|p2a: Corviknight|Pressure
|move|p1a: Kalle Demos|Leech Seed|p2a: Corviknight
|-start|p2a: Corviknight|move: Leech Seed
|
|-heal|p2a: Corviknight|22/100|[from] item: Leftovers
|-heal|p1a: Kalle Demos|82/100|[from] item: Leftovers
|-damage|p2a: Corviknight|10/100|[from] Leech Seed|[of] p1a: Kalle Demos
|-heal|p1a: Kalle Demos|97/100|[silent]
|upkeep
|turn|16
|inactive|Charmalane has 120 seconds left.
|
|switch|p1a: Undyne|Bisharp, F|83/100
|move|p2a: Corviknight|Roost|p2a: Corviknight
|-heal|p2a: Corviknight|60/100
|-singleturn|p2a: Corviknight|move: Roost
|
|-heal|p2a: Corviknight|66/100|[from] item: Leftovers
|-damage|p2a: Corviknight|54/100|[from] Leech Seed|[of] p1a: Undyne
|-heal|p1a: Undyne|100/100|[silent]
|upkeep
|turn|17
|
|switch|p2a: Seismitoad|Seismitoad, M|100/100
|move|p1a: Undyne|Swords Dance|p1a: Undyne
|-boost|p1a: Undyne|atk|2
|
|upkeep
|turn|18
|
|switch|p1a: Kalle Demos|Ferrothorn, M|97/100
|move|p2a: Seismitoad|Earthquake|p1a: Kalle Demos
|-damage|p1a: Kalle Demos|77/100
|
|-heal|p1a: Kalle Demos|84/100|[from] item: Leftovers
|upkeep
|turn|19
|
|switch|p2a: Corviknight|Corviknight, M|54/100
|-ability|p2a: Corviknight|Pressure
|move|p1a: Kalle Demos|Spikes|p2a: Corviknight
|-sidestart|p2: dktz|Spikes
|
|-heal|p2a: Corviknight|60/100|[from] item: Leftovers
|-heal|p1a: Kalle Demos|90/100|[from] item: Leftovers
|upkeep
|turn|20
|
|move|p2a: Corviknight|Roost|p2a: Corviknight
|-heal|p2a: Corviknight|100/100
|-singleturn|p2a: Corviknight|move: Roost
|move|p1a: Kalle Demos|Leech Seed|p2a: Corviknight
|-start|p2a: Corviknight|move: Leech Seed
|
|-heal|p1a: Kalle Demos|96/100|[from] item: Leftovers
|-damage|p2a: Corviknight|88/100|[from] Leech Seed|[of] p1a: Kalle Demos
|-heal|p1a: Kalle Demos|100/100|[silent]
|upkeep
|turn|21
|
|switch|p2a: Dragapult|Dragapult, M|100/100
|-damage|p2a: Dragapult|88/100|[from] Spikes
|switch|p1a: Undyne|Bisharp, F|100/100
|
|-heal|p2a: Dragapult|94/100|[from] item: Leftovers
|upkeep
|turn|22
|
|switch|p1a: Dupes|Ditto, shiny|100/100
|-transform|p1a: Dupes|p2a: Dragapult|[from] ability: Imposter
|move|p2a: Dragapult|Substitute|p2a: Dragapult
|-start|p2a: Dragapult|Substitute
|-damage|p2a: Dragapult|69/100
|
|-heal|p2a: Dragapult|76/100|[from] item: Leftovers
|upkeep
|turn|23
|
|switch|p2a: Grimmsnarl|Grimmsnarl, M|100/100
|-damage|p2a: Grimmsnarl|88/100|[from] Spikes
|move|p1a: Dupes|Hex|p2a: Grimmsnarl
|-resisted|p2a: Grimmsnarl
|-damage|p2a: Grimmsnarl|74/100
|
|-heal|p2a: Grimmsnarl|80/100|[from] item: Leftovers
|upkeep
|turn|24
|
|switch|p1a: Kalle Demos|Ferrothorn, M|100/100
|move|p2a: Grimmsnarl|Bulk Up|p2a: Grimmsnarl
|-boost|p2a: Grimmsnarl|atk|1
|-boost|p2a: Grimmsnarl|def|1
|
|-heal|p2a: Grimmsnarl|86/100|[from] item: Leftovers
|upkeep
|turn|25
|
|move|p2a: Grimmsnarl|Bulk Up|p2a: Grimmsnarl
|-boost|p2a: Grimmsnarl|atk|1
|-boost|p2a: Grimmsnarl|def|1
|move|p1a: Kalle Demos|Leech Seed|p2a: Grimmsnarl
|-start|p2a: Grimmsnarl|move: Leech Seed
|
|-heal|p2a: Grimmsnarl|92/100|[from] item: Leftovers
|-damage|p2a: Grimmsnarl|79/100|[from] Leech Seed|[of] p1a: Kalle Demos
|upkeep
|turn|26
|
|move|p2a: Grimmsnarl|Bulk Up|p2a: Grimmsnarl
|-boost|p2a: Grimmsnarl|atk|1
|-boost|p2a: Grimmsnarl|def|1
|move|p1a: Kalle Demos|Spikes|p2a: Grimmsnarl
|-sidestart|p2: dktz|Spikes
|
|-heal|p2a: Grimmsnarl|86/100|[from] item: Leftovers
|-damage|p2a: Grimmsnarl|73/100|[from] Leech Seed|[of] p1a: Kalle Demos
|upkeep
|turn|27
|
|move|p2a: Grimmsnarl|Darkest Lariat|p1a: Kalle Demos
|-damage|p1a: Kalle Demos|29/100
|-damage|p2a: Grimmsnarl|61/100|[from] ability: Iron Barbs|[of] p1a: Kalle Demos
|move|p1a: Kalle Demos|Spikes|p2a: Grimmsnarl
|-sidestart|p2: dktz|Spikes
|
|-heal|p2a: Grimmsnarl|67/100|[from] item: Leftovers
|-heal|p1a: Kalle Demos|36/100|[from] item: Leftovers
|-damage|p2a: Grimmsnarl|54/100|[from] Leech Seed|[of] p1a: Kalle Demos
|-heal|p1a: Kalle Demos|50/100|[silent]
|upkeep
|turn|28
|
|move|p1a: Kalle Demos|Protect|p1a: Kalle Demos
|-singleturn|p1a: Kalle Demos|Protect
|move|p2a: Grimmsnarl|Darkest Lariat|p1a: Kalle Demos
|-activate|p1a: Kalle Demos|move: Protect
|
|-heal|p2a: Grimmsnarl|60/100|[from] item: Leftovers
|-heal|p1a: Kalle Demos|56/100|[from] item: Leftovers
|-damage|p2a: Grimmsnarl|48/100|[from] Leech Seed|[of] p1a: Kalle Demos
|-heal|p1a: Kalle Demos|70/100|[silent]
|upkeep
|turn|29
|
|switch|p1a: Dupes|Ditto, shiny|100/100
|-transform|p1a: Dupes|p2a: Grimmsnarl|[from] ability: Imposter
|move|p2a: Grimmsnarl|Darkest Lariat|p1a: Dupes
|-resisted|p1a: Dupes
|-damage|p1a: Dupes|51/100
|
|-heal|p2a: Grimmsnarl|54/100|[from] item: Leftovers
|-damage|p2a: Grimmsnarl|42/100|[from] Leech Seed|[of] p1a: Dupes
|-heal|p1a: Dupes|67/100|[silent]
|upkeep
|turn|30
|
|switch|p2a: Corviknight|Corviknight, M|88/100
|-ability|p2a: Corviknight|Pressure
|move|p1a: Dupes|Darkest Lariat|p2a: Corviknight
|-damage|p2a: Corviknight|5/100
|
|-heal|p2a: Corviknight|12/100|[from] item: Leftovers
|upkeep
|turn|31
|
|move|p1a: Dupes|Darkest Lariat|p2a: Corviknight
|-damage|p2a: Corviknight|0 fnt
|faint|p2a: Corviknight
|
|upkeep
|
|switch|p2a: Sirfetch'd|Sirfetch'd, M|100/100
|-damage|p2a: Sirfetch'd|76/100|[from] Spikes
|turn|32
|
|switch|p1a: Disk|Dragapult, M|100/100 par
|move|p2a: Sirfetch'd|Close Combat|p1a: Disk
|-damage|p1a: Disk|0 fnt
|-unboost|p2a: Sirfetch'd|def|1
|-unboost|p2a: Sirfetch'd|spd|1
|faint|p1a: Disk
|
|upkeep
|
|switch|p1a: Dupes|Ditto, shiny|67/100
|-transform|p1a: Dupes|p2a: Sirfetch'd|[from] ability: Imposter
|turn|33
|
|switch|p2a: Rotom|Rotom-Heat|18/100
|move|p1a: Dupes|Close Combat|p2a: Rotom
|-damage|p2a: Rotom|0 fnt
|-unboost|p1a: Dupes|def|1
|-unboost|p1a: Dupes|spd|1
|faint|p2a: Rotom
|
|upkeep
|
|switch|p2a: Dragapult|Dragapult, M|76/100
|-damage|p2a: Dragapult|51/100|[from] Spikes
|turn|34
|inactive|Charmalane has 120 seconds left.
|
|switch|p1a: Mizu|Milotic, F|89/100
|move|p2a: Dragapult|Substitute|p2a: Dragapult
|-start|p2a: Dragapult|Substitute
|-damage|p2a: Dragapult|26/100
|
|-heal|p2a: Dragapult|32/100|[from] item: Leftovers
|-heal|p1a: Mizu|95/100|[from] item: Leftovers
|upkeep
|turn|35
|inactive|Charmalane has 120 seconds left.
|
|move|p2a: Dragapult|Will-O-Wisp|p1a: Mizu
|-status|p1a: Mizu|brn
|move|p1a: Mizu|Scald|p2a: Dragapult
|-resisted|p2a: Dragapult
|-crit|p2a: Dragapult
|-end|p2a: Dragapult|Substitute
|
|-heal|p2a: Dragapult|38/100|[from] item: Leftovers
|-heal|p1a: Mizu|100/100 brn|[from] item: Leftovers
|-damage|p1a: Mizu|94/100 brn|[from] brn
|upkeep
|turn|36
|
|move|p2a: Dragapult|Substitute|p2a: Dragapult
|-start|p2a: Dragapult|Substitute
|-damage|p2a: Dragapult|13/100
|move|p1a: Mizu|Scald|p2a: Dragapult
|-resisted|p2a: Dragapult
|-activate|p2a: Dragapult|move: Substitute|[damage]
|
|-heal|p2a: Dragapult|19/100|[from] item: Leftovers
|-heal|p1a: Mizu|100/100 brn|[from] item: Leftovers
|-damage|p1a: Mizu|94/100 brn|[from] brn
|upkeep
|turn|37
|
|move|p2a: Dragapult|Hex|p1a: Mizu
|-damage|p1a: Mizu|57/100 brn
|move|p1a: Mizu|Ice Beam|p2a: Dragapult
|-supereffective|p2a: Dragapult
|-end|p2a: Dragapult|Substitute
|
|-heal|p2a: Dragapult|25/100|[from] item: Leftovers
|-heal|p1a: Mizu|63/100 brn|[from] item: Leftovers
|-damage|p1a: Mizu|57/100 brn|[from] brn
|upkeep
|turn|38
|
|move|p2a: Dragapult|Hex|p1a: Mizu
|-damage|p1a: Mizu|19/100 brn
|move|p1a: Mizu|Scald|p2a: Dragapult
|-resisted|p2a: Dragapult
|-damage|p2a: Dragapult|6/100
|-status|p2a: Dragapult|brn
|
|-heal|p2a: Dragapult|13/100 brn|[from] item: Leftovers
|-heal|p1a: Mizu|25/100 brn|[from] item: Leftovers
|-damage|p2a: Dragapult|6/100 brn|[from] brn
|-damage|p1a: Mizu|19/100 brn|[from] brn
|upkeep
|turn|39
|
|move|p2a: Dragapult|Hex|p1a: Mizu
|-damage|p1a: Mizu|0 fnt
|faint|p1a: Mizu
|
|-heal|p2a: Dragapult|13/100 brn|[from] item: Leftovers
|-damage|p2a: Dragapult|6/100 brn|[from] brn
|upkeep
|
|switch|p1a: Dupes|Ditto, shiny|67/100
|-transform|p1a: Dupes|p2a: Dragapult|[from] ability: Imposter
|turn|40
|
|move|p1a: Dupes|Hex|p2a: Dragapult
|-supereffective|p2a: Dragapult
|-damage|p2a: Dragapult|0 fnt
|faint|p2a: Dragapult
|
|upkeep
|
|switch|p2a: Seismitoad|Seismitoad, M|100/100
|-damage|p2a: Seismitoad|76/100|[from] Spikes
|turn|41
|
|switch|p1a: Kalle Demos|Ferrothorn, M|70/100
|switch|p2a: Sirfetch'd|Sirfetch'd, M|76/100
|-damage|p2a: Sirfetch'd|51/100|[from] Spikes
|
|-heal|p1a: Kalle Demos|76/100|[from] item: Leftovers
|upkeep
|turn|42
|
|move|p1a: Kalle Demos|Protect|p1a: Kalle Demos
|-singleturn|p1a: Kalle Demos|Protect
|move|p2a: Sirfetch'd|Close Combat|p1a: Kalle Demos
|-activate|p1a: Kalle Demos|move: Protect
|
|-heal|p1a: Kalle Demos|82/100|[from] item: Leftovers
|upkeep
|turn|43
|
|switch|p1a: Undyne|Bisharp, F|100/100
|move|p2a: Sirfetch'd|Close Combat|p1a: Undyne
|-supereffective|p1a: Undyne
|-damage|p1a: Undyne|0 fnt
|-unboost|p2a: Sirfetch'd|def|1
|-unboost|p2a: Sirfetch'd|spd|1
|faint|p1a: Undyne
|
|upkeep
|
|switch|p1a: Dupes|Ditto, shiny|67/100
|-transform|p1a: Dupes|p2a: Sirfetch'd|[from] ability: Imposter
|turn|44
|
|switch|p2a: Grimmsnarl|Grimmsnarl, M|42/100
|-damage|p2a: Grimmsnarl|17/100|[from] Spikes
|move|p1a: Dupes|Close Combat|p2a: Grimmsnarl
|-damage|p2a: Grimmsnarl|0 fnt
|-unboost|p1a: Dupes|def|1
|-unboost|p1a: Dupes|spd|1
|faint|p2a: Grimmsnarl
|
|upkeep
|
|switch|p2a: Seismitoad|Seismitoad, M|76/100
|-damage|p2a: Seismitoad|51/100|[from] Spikes
|turn|45
|
|switch|p1a: Kalle Demos|Ferrothorn, M|82/100
|move|p2a: Seismitoad|Scald|p1a: Kalle Demos
|-resisted|p1a: Kalle Demos
|-crit|p1a: Kalle Demos
|-damage|p1a: Kalle Demos|68/100
|
|-heal|p2a: Seismitoad|57/100|[from] item: Leftovers
|-heal|p1a: Kalle Demos|74/100|[from] item: Leftovers
|upkeep
|turn|46
|
|move|p2a: Seismitoad|Stealth Rock|p1a: Kalle Demos
|-sidestart|p1: Charmalane|move: Stealth Rock
|move|p1a: Kalle Demos|Gyro Ball|p2a: Seismitoad
|-resisted|p2a: Seismitoad
|-damage|p2a: Seismitoad|45/100
|
|-heal|p2a: Seismitoad|51/100|[from] item: Leftovers
|-heal|p1a: Kalle Demos|81/100|[from] item: Leftovers
|upkeep
|turn|47
|
|move|p2a: Seismitoad|Scald|p1a: Kalle Demos
|-resisted|p1a: Kalle Demos
|-damage|p1a: Kalle Demos|71/100
|move|p1a: Kalle Demos|Leech Seed|p2a: Seismitoad
|-start|p2a: Seismitoad|move: Leech Seed
|
|-heal|p2a: Seismitoad|58/100|[from] item: Leftovers
|-heal|p1a: Kalle Demos|77/100|[from] item: Leftovers
|-damage|p2a: Seismitoad|45/100|[from] Leech Seed|[of] p1a: Kalle Demos
|-heal|p1a: Kalle Demos|92/100|[silent]
|upkeep
|turn|48
|
|move|p2a: Seismitoad|Scald|p1a: Kalle Demos
|-resisted|p1a: Kalle Demos
|-damage|p1a: Kalle Demos|83/100
|-status|p1a: Kalle Demos|brn
|move|p1a: Kalle Demos|Gyro Ball|p2a: Seismitoad
|-resisted|p2a: Seismitoad
|-damage|p2a: Seismitoad|40/100
|
|-heal|p2a: Seismitoad|46/100|[from] item: Leftovers
|-heal|p1a: Kalle Demos|89/100 brn|[from] item: Leftovers
|-damage|p2a: Seismitoad|33/100|[from] Leech Seed|[of] p1a: Kalle Demos
|-heal|p1a: Kalle Demos|100/100 brn|[silent]
|-damage|p1a: Kalle Demos|94/100 brn|[from] brn
|upkeep
|turn|49
|
|switch|p2a: Sirfetch'd|Sirfetch'd, M|51/100
|-damage|p2a: Sirfetch'd|26/100|[from] Spikes
|move|p1a: Kalle Demos|Gyro Ball|p2a: Sirfetch'd
|-damage|p2a: Sirfetch'd|7/100
|
|-heal|p1a: Kalle Demos|100/100 brn|[from] item: Leftovers
|-damage|p1a: Kalle Demos|94/100 brn|[from] brn
|upkeep
|turn|50
|
|move|p2a: Sirfetch'd|Close Combat|p1a: Kalle Demos
|-supereffective|p1a: Kalle Demos
|-damage|p1a: Kalle Demos|0 fnt
|-damage|p2a: Sirfetch'd|0 fnt|[from] ability: Iron Barbs|[of] p1a: Kalle Demos
|faint|p1a: Kalle Demos
|faint|p2a: Sirfetch'd
|
|upkeep
|
|switch|p2a: Seismitoad|Seismitoad, M|33/100
|switch|p1a: Dupes|Ditto, shiny|67/100
|-damage|p2a: Seismitoad|8/100|[from] Spikes
|-damage|p1a: Dupes|55/100|[from] Stealth Rock
|-transform|p1a: Dupes|p2a: Seismitoad|[from] ability: Imposter
|turn|51
|c|☆Charmalane|gg
|
|move|p1a: Dupes|Earthquake|p2a: Seismitoad
|-damage|p2a: Seismitoad|0 fnt
|faint|p2a: Seismitoad
|
|win|Charmalane
|l|☆dktz
|raw|Charmalane's rating: 1530 → 1554(+24 for winning)
|raw|dktz's rating: 1597 → 1575(-22 for losing)
