|ScrapeTime|2020-01-01-14:45:46
|j|☆Sho_lc
|j|☆Pridel
|player|p1|Sho_lc|marlon|1400
|player|p2|Pridel|169|1345
|teamsize|p1|6
|teamsize|p2|6
|gametype|singles
|gen|8
|tier|[Gen 8] OU
|rated|
|rule|Sleep Clause Mod: Limit one foe put to sleep
|rule|Species Clause: Limit one of each Pokémon
|rule|OHKO Clause: OHKO moves are banned
|rule|Evasion Moves Clause: Evasion moves are banned
|rule|Endless Battle Clause: Forcing endless battles is banned
|rule|HP Percentage Mod: HP is shown in percentages
|clearpoke
|poke|p1|Mandibuzz, F|
|poke|p1|Clefable, M|
|poke|p1|Dragapult, M|
|poke|p1|Seismitoad, F|
|poke|p1|Toxapex, F|
|poke|p1|Conkeldurr, M|
|poke|p2|Clefable, F|
|poke|p2|Corviknight, M|
|poke|p2|Toxtricity, M|
|poke|p2|Dracovish|
|poke|p2|Ferrothorn, M|
|poke|p2|Cinderace, M|
|rule|Dynamax Clause: You cannot dynamax
|teampreview
|inactive|Battle timer is ON: inactive players will automatically lose when time's up. (requested by Sho_lc)
|
|start
|switch|p1a: Seismitoad|Seismitoad, F|100/100
|switch|p2a: Clefable|Clefable, F|100/100
|turn|1
|
|move|p2a: Clefable|Moonblast|p1a: Seismitoad
|-damage|p1a: Seismitoad|46/100
|move|p1a: Seismitoad|Stealth Rock|p2a: Clefable
|-sidestart|p2: Pridel|move: Stealth Rock
|
|-heal|p1a: Seismitoad|52/100|[from] item: Leftovers
|upkeep
|turn|2
|
|switch|p1a: Toxapex|Toxapex, F|100/100
|move|p2a: Clefable|Moonblast|p1a: Toxapex
|-resisted|p1a: Toxapex
|-damage|p1a: Toxapex|76/100
|-unboost|p1a: Toxapex|spa|1
|
|upkeep
|turn|3
|
|move|p2a: Clefable|Thunderbolt|p1a: Toxapex
|-supereffective|p1a: Toxapex
|-damage|p1a: Toxapex|19/100
|move|p1a: Toxapex|Recover|p1a: Toxapex
|-heal|p1a: Toxapex|69/100
|
|upkeep
|turn|4
|inactive|Sho_lc has 120 seconds left.
|
|move|p2a: Clefable|Moonblast|p1a: Toxapex
|-resisted|p1a: Toxapex
|-damage|p1a: Toxapex|44/100
|move|p1a: Toxapex|Scald|p2a: Clefable
|-damage|p2a: Clefable|89/100
|-status|p2a: Clefable|brn
|
|upkeep
|turn|5
|inactive|Sho_lc has 120 seconds left.
|
|move|p2a: Clefable|Moonblast|p1a: Toxapex
|-resisted|p1a: Toxapex
|-damage|p1a: Toxapex|20/100
|-unboost|p1a: Toxapex|spa|1
|move|p1a: Toxapex|Scald|p2a: Clefable
|-damage|p2a: Clefable|79/100 brn
|
|upkeep
|turn|6
|
|move|p2a: Clefable|Moonblast|p1a: Toxapex
|-resisted|p1a: Toxapex
|-damage|p1a: Toxapex|0 fnt
|faint|p1a: Toxapex
|
|upkeep
|
|switch|p1a: Clefable|Clefable, M|100/100
|turn|7
|
|switch|p2a: Toxtricity|Toxtricity, M|100/100
|-damage|p2a: Toxtricity|88/100|[from] Stealth Rock
|move|p1a: Clefable|Moonblast|p2a: Toxtricity
|-resisted|p2a: Toxtricity
|-damage|p2a: Toxtricity|44/100
|-unboost|p2a: Toxtricity|spa|1
|
|upkeep
|turn|8
|
|switch|p1a: Dragapult|Dragapult, M|100/100
|move|p2a: Toxtricity|Sludge Wave|p1a: Dragapult
|-resisted|p1a: Dragapult
|-damage|p1a: Dragapult|69/100
|
|upkeep
|turn|9
|
|switch|p2a: Ferrothorn|Ferrothorn, M|100/100
|-damage|p2a: Ferrothorn|94/100|[from] Stealth Rock
|move|p1a: Dragapult|U-turn|p2a: Ferrothorn
|-damage|p2a: Ferrothorn|83/100
|-damage|p1a: Dragapult|57/100|[from] ability: Iron Barbs|[of] p2a: Ferrothorn
|
|switch|p1a: Conkeldurr|Conkeldurr, M|100/100|[from]move: U-turn
|
|-heal|p2a: Ferrothorn|90/100|[from] item: Leftovers
|-status|p1a: Conkeldurr|brn|[from] item: Flame Orb
|upkeep
|turn|10
|
|move|p1a: Conkeldurr|Earthquake|p2a: Ferrothorn
|-damage|p2a: Ferrothorn|57/100
|move|p2a: Ferrothorn|Leech Seed|p1a: Conkeldurr
|-start|p1a: Conkeldurr|move: Leech Seed
|
|-heal|p2a: Ferrothorn|63/100|[from] item: Leftovers
|-damage|p1a: Conkeldurr|88/100 brn|[from] Leech Seed|[of] p2a: Ferrothorn
|-heal|p2a: Ferrothorn|78/100|[silent]
|-damage|p1a: Conkeldurr|82/100 brn|[from] brn
|upkeep
|turn|11
|
|switch|p2a: Corviknight|Corviknight, M|100/100
|-damage|p2a: Corviknight|88/100|[from] Stealth Rock
|-ability|p2a: Corviknight|Pressure
|move|p1a: Conkeldurr|Drain Punch|p2a: Corviknight
|-damage|p2a: Corviknight|48/100
|-heal|p1a: Conkeldurr|100/100 brn|[from] drain|[of] p2a: Corviknight
|
|-heal|p2a: Corviknight|54/100|[from] item: Leftovers
|-damage|p1a: Conkeldurr|88/100 brn|[from] Leech Seed|[of] p2a: Corviknight
|-heal|p2a: Corviknight|67/100|[silent]
|-damage|p1a: Conkeldurr|82/100 brn|[from] brn
|upkeep
|turn|12
|
|switch|p1a: Clefable|Clefable, M|100/100
|move|p2a: Corviknight|Brave Bird|p1a: Clefable
|-damage|p1a: Clefable|58/100
|-damage|p2a: Corviknight|53/100|[from] Recoil
|
|-heal|p2a: Corviknight|60/100|[from] item: Leftovers
|upkeep
|turn|13
|
|move|p2a: Corviknight|U-turn|p1a: Clefable
|-resisted|p1a: Clefable
|-damage|p1a: Clefable|50/100
|
|switch|p2a: Cinderace|Cinderace, M|100/100|[from]move: U-turn
|move|p1a: Clefable|Moonlight|p1a: Clefable
|-heal|p1a: Clefable|99/100
|
|upkeep
|turn|14
|
|move|p2a: Cinderace|Pyro Ball|p1a: Clefable
|-damage|p1a: Clefable|36/100
|move|p1a: Clefable|Moonlight|p1a: Clefable
|-heal|p1a: Clefable|86/100
|
|upkeep
|turn|15
|
|switch|p1a: Seismitoad|Seismitoad, F|52/100
|move|p2a: Cinderace|Court Change|p2a: Cinderace
|-sideend|p2: Pridel|Stealth Rock|[silent]
|-sidestart|p1: Sho_lc|Stealth Rock|[silent]
|-activate|p2a: Cinderace|move: Court Change
|
|-heal|p1a: Seismitoad|58/100|[from] item: Leftovers
|upkeep
|turn|16
|
|switch|p2a: Toxtricity|Toxtricity, M|44/100
|move|p1a: Seismitoad|Stealth Rock|p2a: Toxtricity
|-sidestart|p2: Pridel|move: Stealth Rock
|
|-heal|p1a: Seismitoad|64/100|[from] item: Leftovers
|upkeep
|turn|17
|
|switch|p1a: Dragapult|Dragapult, M|57/100
|-damage|p1a: Dragapult|45/100|[from] Stealth Rock
|move|p2a: Toxtricity|Volt Switch|p1a: Dragapult
|-resisted|p1a: Dragapult
|-damage|p1a: Dragapult|8/100
|-message|Sho_lc forfeited.
|
|win|Pridel
|l|☆Sho_lc
|raw|Sho_lc's rating: 1400 → 1377(-23 for losing)
|raw|Pridel's rating: 1345 → 1368(+23 for winning)
