|ScrapeTime|2020-01-02-01:44:47
|j|☆AKStylez--
|j|☆Brentsama
|player|p1|AKStylez--|266|1083
|player|p2|Brentsama|veteran|1083
|teamsize|p1|6
|teamsize|p2|6
|gametype|singles
|gen|8
|tier|[Gen 8] OU
|rated|
|rule|Sleep Clause Mod: Limit one foe put to sleep
|rule|Species Clause: Limit one of each Pokémon
|rule|OHKO Clause: OHKO moves are banned
|rule|Evasion Moves Clause: Evasion moves are banned
|rule|Endless Battle Clause: Forcing endless battles is banned
|rule|HP Percentage Mod: HP is shown in percentages
|clearpoke
|poke|p1|Sylveon, F|
|poke|p1|Milotic, M|
|poke|p1|Haxorus, M|
|poke|p1|Ninetales, F|
|poke|p1|Corviknight, F|
|poke|p1|Ribombee, M|
|poke|p2|Hippowdon, M|
|poke|p2|Excadrill, M|
|poke|p2|Gyarados, F|
|poke|p2|Toxapex, F|
|poke|p2|Dracovish|
|poke|p2|Chandelure, M|
|rule|Dynamax Clause: You cannot dynamax
|teampreview
|
|start
|switch|p1a: Ribombee|Ribombee, M|100/100
|switch|p2a: Dracovish|Dracovish|100/100
|turn|1
|
|switch|p2a: Hippowdon|Hippowdon, M|100/100
|-weather|Sandstorm|[from] ability: Sand Stream|[of] p2a: Hippowdon
|move|p1a: Ribombee|Quiver Dance|p1a: Ribombee
|-boost|p1a: Ribombee|spa|1
|-boost|p1a: Ribombee|spd|1
|-boost|p1a: Ribombee|spe|1
|
|-weather|Sandstorm|[upkeep]
|-damage|p1a: Ribombee|94/100|[from] Sandstorm
|upkeep
|turn|2
|
|move|p1a: Ribombee|Bug Buzz|p2a: Hippowdon
|-damage|p2a: Hippowdon|49/100
|move|p2a: Hippowdon|Whirlwind|p1a: Ribombee
|drag|p1a: Haxorus|Haxorus, M, shiny|100/100
|-ability|p1a: Haxorus|Mold Breaker
|
|-weather|Sandstorm|[upkeep]
|-damage|p1a: Haxorus|94/100|[from] Sandstorm
|-heal|p2a: Hippowdon|55/100|[from] item: Leftovers
|upkeep
|turn|3
|
|switch|p2a: Toxapex|Toxapex, F|100/100
|move|p1a: Haxorus|Dragon Dance|p1a: Haxorus
|-boost|p1a: Haxorus|atk|1
|-boost|p1a: Haxorus|spe|1
|
|-weather|Sandstorm|[upkeep]
|-damage|p1a: Haxorus|88/100|[from] Sandstorm
|-damage|p2a: Toxapex|95/100|[from] Sandstorm
|-heal|p2a: Toxapex|100/100|[from] item: Black Sludge
|upkeep
|turn|4
|
|move|p2a: Toxapex|Baneful Bunker|p2a: Toxapex
|-singleturn|p2a: Toxapex|move: Protect
|move|p1a: Haxorus|Earthquake|p2a: Toxapex
|-activate|p2a: Toxapex|move: Protect
|
|-weather|Sandstorm|[upkeep]
|-damage|p1a: Haxorus|82/100|[from] Sandstorm
|-damage|p2a: Toxapex|95/100|[from] Sandstorm
|-heal|p2a: Toxapex|100/100|[from] item: Black Sludge
|upkeep
|turn|5
|
|switch|p2a: Gyarados|Gyarados, F|100/100
|move|p1a: Haxorus|Dragon Claw|p2a: Gyarados
|-damage|p2a: Gyarados|0 fnt
|faint|p2a: Gyarados
|
|-weather|none
|upkeep
|-message|Brentsama forfeited.
|
|win|AKStylez--
|l|☆Brentsama
|raw|AKStylez--'s rating: 1083 → 1111(+28 for winning)
|raw|Brentsama's rating: 1083 → 1060(-23 for losing)
