|ScrapeTime|2020-01-01-13:25:20
|j|☆DyezL
|j|☆Lemmy
|player|p1|DyezL|2|1500
|player|p2|Lemmy|180|1455
|teamsize|p1|6
|teamsize|p2|6
|gametype|singles
|gen|8
|tier|[Gen 8] OU
|rated|
|rule|Sleep Clause Mod: Limit one foe put to sleep
|rule|Species Clause: Limit one of each Pokémon
|rule|OHKO Clause: OHKO moves are banned
|rule|Evasion Moves Clause: Evasion moves are banned
|rule|Endless Battle Clause: Forcing endless battles is banned
|rule|HP Percentage Mod: HP is shown in percentages
|clearpoke
|poke|p1|Tyranitar, M|
|poke|p1|Gastrodon, F|
|poke|p1|Toxapex, M|
|poke|p1|Corviknight, F|
|poke|p1|Ditto|
|poke|p1|Hatterene, F|
|poke|p2|Toxapex, M|
|poke|p2|Toxtricity, F|
|poke|p2|Hydreigon, F|
|poke|p2|Corviknight, M|
|poke|p2|Clefable, F|
|poke|p2|Conkeldurr, M|
|rule|Dynamax Clause: You cannot dynamax
|teampreview
|
|start
|switch|p1a: Hatterene|Hatterene, F|100/100
|switch|p2a: Toxtricity|Toxtricity, F|100/100
|turn|1
|
|switch|p1a: Tyranitar|Tyranitar, M|100/100
|-weather|Sandstorm|[from] ability: Sand Stream|[of] p1a: Tyranitar
|move|p2a: Toxtricity|Volt Switch|p1a: Tyranitar
|-damage|p1a: Tyranitar|87/100
|
|switch|p2a: Conkeldurr|Conkeldurr, M|100/100|[from]move: Volt Switch
|
|-weather|Sandstorm|[upkeep]
|-damage|p2a: Conkeldurr|94/100|[from] Sandstorm
|-status|p2a: Conkeldurr|brn|[from] item: Flame Orb
|upkeep
|turn|2
|
|switch|p1a: Toxapex|Toxapex, M|100/100
|move|p2a: Conkeldurr|Earthquake|p1a: Toxapex
|-supereffective|p1a: Toxapex
|-damage|p1a: Toxapex|29/100
|
|-weather|Sandstorm|[upkeep]
|-damage|p2a: Conkeldurr|88/100 brn|[from] Sandstorm
|-damage|p1a: Toxapex|23/100|[from] Sandstorm
|-heal|p1a: Toxapex|29/100|[from] item: Black Sludge
|-damage|p2a: Conkeldurr|82/100 brn|[from] brn
|upkeep
|turn|3
|
|move|p1a: Toxapex|Baneful Bunker|p1a: Toxapex
|-singleturn|p1a: Toxapex|move: Protect
|move|p2a: Conkeldurr|Close Combat|p1a: Toxapex
|-activate|p1a: Toxapex|move: Protect
|
|-weather|Sandstorm|[upkeep]
|-damage|p2a: Conkeldurr|75/100 brn|[from] Sandstorm
|-damage|p1a: Toxapex|23/100|[from] Sandstorm
|-heal|p1a: Toxapex|29/100|[from] item: Black Sludge
|-damage|p2a: Conkeldurr|69/100 brn|[from] brn
|upkeep
|turn|4
|
|switch|p1a: Corviknight|Corviknight, F|100/100
|-ability|p1a: Corviknight|Pressure
|move|p2a: Conkeldurr|Earthquake|p1a: Corviknight
|-immune|p1a: Corviknight
|
|-weather|Sandstorm|[upkeep]
|-damage|p2a: Conkeldurr|63/100 brn|[from] Sandstorm
|-damage|p2a: Conkeldurr|57/100 brn|[from] brn
|upkeep
|turn|5
|
|switch|p2a: Toxtricity|Toxtricity, F|100/100
|move|p1a: Corviknight|Body Press|p2a: Toxtricity
|-resisted|p2a: Toxtricity
|-damage|p2a: Toxtricity|81/100
|
|-weather|none
|upkeep
|turn|6
|
|switch|p1a: Tyranitar|Tyranitar, M|87/100
|-weather|Sandstorm|[from] ability: Sand Stream|[of] p1a: Tyranitar
|move|p2a: Toxtricity|Boomburst|p1a: Tyranitar
|-resisted|p1a: Tyranitar
|-damage|p1a: Tyranitar|75/100
|
|-weather|Sandstorm|[upkeep]
|-damage|p2a: Toxtricity|74/100|[from] Sandstorm
|upkeep
|turn|7
|
|switch|p2a: Conkeldurr|Conkeldurr, M|57/100 brn
|move|p1a: Tyranitar|Body Slam|p2a: Conkeldurr
|-damage|p2a: Conkeldurr|29/100 brn
|
|-weather|Sandstorm|[upkeep]
|-damage|p2a: Conkeldurr|23/100 brn|[from] Sandstorm
|-damage|p2a: Conkeldurr|17/100 brn|[from] brn
|upkeep
|turn|8
|
|switch|p1a: Corviknight|Corviknight, F|100/100
|-ability|p1a: Corviknight|Pressure
|move|p2a: Conkeldurr|Mach Punch|p1a: Corviknight
|-damage|p1a: Corviknight|80/100
|-damage|p2a: Conkeldurr|0 fnt|[from] item: Rocky Helmet|[of] p1a: Corviknight
|faint|p2a: Conkeldurr
|
|-weather|Sandstorm|[upkeep]
|upkeep
|
|switch|p2a: Toxtricity|Toxtricity, F|74/100
|turn|9
|
|switch|p1a: Tyranitar|Tyranitar, M|75/100
|move|p2a: Toxtricity|Overdrive|p1a: Tyranitar
|-damage|p1a: Tyranitar|56/100
|
|-weather|Sandstorm|[upkeep]
|-damage|p2a: Toxtricity|68/100|[from] Sandstorm
|upkeep
|turn|10
|
|switch|p2a: Corviknight|Corviknight, M|100/100
|-ability|p2a: Corviknight|Pressure
|move|p1a: Tyranitar|Body Slam|p2a: Corviknight
|-resisted|p2a: Corviknight
|-damage|p2a: Corviknight|90/100
|
|-weather|none
|-heal|p2a: Corviknight|96/100|[from] item: Leftovers
|upkeep
|turn|11
|
|switch|p1a: Ditto|Ditto|100/100
|-transform|p1a: Ditto|p2a: Corviknight|[from] ability: Imposter
|-ability|p1a: Ditto|Pressure
|move|p2a: Corviknight|U-turn|p1a: Ditto
|-resisted|p1a: Ditto
|-damage|p1a: Ditto|96/100
|
|switch|p2a: Toxtricity|Toxtricity, F|68/100|[from]move: U-turn
|
|upkeep
|turn|12
|
|switch|p1a: Tyranitar|Tyranitar, M|56/100
|-weather|Sandstorm|[from] ability: Sand Stream|[of] p1a: Tyranitar
|move|p2a: Toxtricity|Volt Switch|p1a: Tyranitar
|-crit|p1a: Tyranitar
|-damage|p1a: Tyranitar|34/100
|
|switch|p2a: Corviknight|Corviknight, M|96/100|[from]move: Volt Switch
|-ability|p2a: Corviknight|Pressure
|
|-weather|Sandstorm|[upkeep]
|-heal|p2a: Corviknight|100/100|[from] item: Leftovers
|upkeep
|turn|13
|
|switch|p1a: Toxapex|Toxapex, M|62/100
|move|p2a: Corviknight|U-turn|p1a: Toxapex
|-resisted|p1a: Toxapex
|-damage|p1a: Toxapex|58/100
|
|switch|p2a: Toxtricity|Toxtricity, F|68/100|[from]move: U-turn
|
|-weather|Sandstorm|[upkeep]
|-damage|p2a: Toxtricity|62/100|[from] Sandstorm
|-damage|p1a: Toxapex|51/100|[from] Sandstorm
|-heal|p1a: Toxapex|58/100|[from] item: Black Sludge
|upkeep
|turn|14
|
|move|p1a: Toxapex|Baneful Bunker|p1a: Toxapex
|-singleturn|p1a: Toxapex|move: Protect
|move|p2a: Toxtricity|Boomburst|p1a: Toxapex
|-activate|p1a: Toxapex|move: Protect
|
|-weather|Sandstorm|[upkeep]
|-damage|p2a: Toxtricity|56/100|[from] Sandstorm
|-damage|p1a: Toxapex|51/100|[from] Sandstorm
|-heal|p1a: Toxapex|58/100|[from] item: Black Sludge
|upkeep
|turn|15
|
|switch|p1a: Gastrodon|Gastrodon, F|100/100
|move|p2a: Toxtricity|Boomburst|p1a: Gastrodon
|-damage|p1a: Gastrodon|26/100
|
|-weather|Sandstorm|[upkeep]
|-damage|p2a: Toxtricity|50/100|[from] Sandstorm
|-heal|p1a: Gastrodon|32/100|[from] item: Leftovers
|upkeep
|turn|16
|
|move|p1a: Gastrodon|Protect|p1a: Gastrodon
|-singleturn|p1a: Gastrodon|Protect
|move|p2a: Toxtricity|Boomburst|p1a: Gastrodon
|-activate|p1a: Gastrodon|move: Protect
|
|-weather|none
|-heal|p1a: Gastrodon|39/100|[from] item: Leftovers
|upkeep
|turn|17
|
|switch|p1a: Tyranitar|Tyranitar, M|34/100
|-weather|Sandstorm|[from] ability: Sand Stream|[of] p1a: Tyranitar
|move|p2a: Toxtricity|Boomburst|p1a: Tyranitar
|-resisted|p1a: Tyranitar
|-damage|p1a: Tyranitar|23/100
|
|-weather|Sandstorm|[upkeep]
|-damage|p2a: Toxtricity|43/100|[from] Sandstorm
|upkeep
|turn|18
|
|switch|p2a: Corviknight|Corviknight, M|100/100
|-ability|p2a: Corviknight|Pressure
|move|p1a: Tyranitar|Body Slam|p2a: Corviknight
|-resisted|p2a: Corviknight
|-damage|p2a: Corviknight|90/100
|
|-weather|Sandstorm|[upkeep]
|-heal|p2a: Corviknight|97/100|[from] item: Leftovers
|upkeep
|turn|19
|
|switch|p1a: Corviknight|Corviknight, F|80/100
|-ability|p1a: Corviknight|Pressure
|move|p2a: Corviknight|U-turn|p1a: Corviknight
|-resisted|p1a: Corviknight
|-damage|p1a: Corviknight|78/100
|-damage|p2a: Corviknight|80/100|[from] item: Rocky Helmet|[of] p1a: Corviknight
|
|switch|p2a: Clefable|Clefable, F|100/100|[from]move: U-turn
|
|-weather|Sandstorm|[upkeep]
|upkeep
|turn|20
|
|switch|p1a: Hatterene|Hatterene, F|100/100
|move|p2a: Clefable|Wish|p2a: Clefable
|
|-weather|Sandstorm|[upkeep]
|-damage|p1a: Hatterene|95/100|[from] Sandstorm
|upkeep
|turn|21
|
|move|p2a: Clefable|Moonblast|p1a: Hatterene
|-damage|p1a: Hatterene|63/100
|move|p1a: Hatterene|Psychic|p2a: Clefable
|-damage|p2a: Clefable|45/100
|
|-weather|none
|-heal|p2a: Clefable|95/100|[from] move: Wish|[wisher] Clefable
|-heal|p2a: Clefable|100/100|[from] item: Leftovers
|upkeep
|turn|22
|
|move|p2a: Clefable|Moonblast|p1a: Hatterene
|-damage|p1a: Hatterene|33/100
|-unboost|p1a: Hatterene|spa|1
|move|p1a: Hatterene|Psychic|p2a: Clefable
|-damage|p2a: Clefable|64/100
|
|-heal|p2a: Clefable|70/100|[from] item: Leftovers
|upkeep
|turn|23
|
|switch|p1a: Ditto|Ditto|96/100
|-transform|p1a: Ditto|p2a: Clefable|[from] ability: Imposter
|move|p2a: Clefable|Wish|p2a: Clefable
|
|-heal|p2a: Clefable|76/100|[from] item: Leftovers
|upkeep
|turn|24
|
|switch|p2a: Toxtricity|Toxtricity, F|43/100
|move|p1a: Ditto|Wish|p1a: Ditto
|
|-heal|p2a: Toxtricity|100/100|[from] move: Wish|[wisher] Clefable
|upkeep
|turn|25
|
|switch|p1a: Tyranitar|Tyranitar, M|23/100
|-weather|Sandstorm|[from] ability: Sand Stream|[of] p1a: Tyranitar
|move|p2a: Toxtricity|Boomburst|p1a: Tyranitar
|-resisted|p1a: Tyranitar
|-damage|p1a: Tyranitar|11/100
|
|-weather|Sandstorm|[upkeep]
|-damage|p2a: Toxtricity|94/100|[from] Sandstorm
|-heal|p1a: Tyranitar|48/100|[from] move: Wish|[wisher] Ditto
|upkeep
|turn|26
|
|switch|p2a: Corviknight|Corviknight, M|80/100
|-ability|p2a: Corviknight|Pressure
|move|p1a: Tyranitar|Body Slam|p2a: Corviknight
|-resisted|p2a: Corviknight
|-damage|p2a: Corviknight|69/100
|
|-weather|Sandstorm|[upkeep]
|-heal|p2a: Corviknight|75/100|[from] item: Leftovers
|upkeep
|turn|27
|
|switch|p1a: Toxapex|Toxapex, M|91/100
|move|p2a: Corviknight|Roost|p2a: Corviknight
|-heal|p2a: Corviknight|100/100
|-singleturn|p2a: Corviknight|move: Roost
|
|-weather|Sandstorm|[upkeep]
|-damage|p1a: Toxapex|85/100|[from] Sandstorm
|-heal|p1a: Toxapex|91/100|[from] item: Black Sludge
|upkeep
|turn|28
|
|switch|p2a: Toxtricity|Toxtricity, F|94/100
|move|p1a: Toxapex|Scald|p2a: Toxtricity
|-damage|p2a: Toxtricity|68/100
|-status|p2a: Toxtricity|brn
|
|-weather|Sandstorm|[upkeep]
|-damage|p2a: Toxtricity|61/100 brn|[from] Sandstorm
|-damage|p1a: Toxapex|85/100|[from] Sandstorm
|-heal|p1a: Toxapex|91/100|[from] item: Black Sludge
|-damage|p2a: Toxtricity|55/100 brn|[from] brn
|upkeep
|turn|29
|
|move|p1a: Toxapex|Baneful Bunker|p1a: Toxapex
|-singleturn|p1a: Toxapex|move: Protect
|move|p2a: Toxtricity|Volt Switch|p1a: Toxapex
|-activate|p1a: Toxapex|move: Protect
|
|-weather|none
|-heal|p1a: Toxapex|97/100|[from] item: Black Sludge
|-damage|p2a: Toxtricity|49/100 brn|[from] brn
|upkeep
|turn|30
|
|switch|p2a: Hydreigon|Hydreigon, F|100/100
|switch|p1a: Gastrodon|Gastrodon, F|39/100
|
|-heal|p1a: Gastrodon|45/100|[from] item: Leftovers
|upkeep
|turn|31
|
|move|p1a: Gastrodon|Protect|p1a: Gastrodon
|-singleturn|p1a: Gastrodon|Protect
|move|p2a: Hydreigon|Dark Pulse|p1a: Gastrodon
|-activate|p1a: Gastrodon|move: Protect
|
|-heal|p1a: Gastrodon|51/100|[from] item: Leftovers
|upkeep
|turn|32
|
|switch|p1a: Tyranitar|Tyranitar, M|48/100
|-weather|Sandstorm|[from] ability: Sand Stream|[of] p1a: Tyranitar
|move|p2a: Hydreigon|Dark Pulse|p1a: Tyranitar
|-resisted|p1a: Tyranitar
|-damage|p1a: Tyranitar|43/100
|
|-weather|Sandstorm|[upkeep]
|-damage|p2a: Hydreigon|94/100|[from] Sandstorm
|upkeep
|turn|33
|
|switch|p2a: Toxapex|Toxapex, M|100/100
|move|p1a: Tyranitar|Body Press|p2a: Toxapex
|-resisted|p2a: Toxapex
|-crit|p2a: Toxapex
|-damage|p2a: Toxapex|92/100
|
|-weather|Sandstorm|[upkeep]
|-damage|p2a: Toxapex|85/100|[from] Sandstorm
|-heal|p2a: Toxapex|92/100|[from] item: Black Sludge
|upkeep
|turn|34
|
|switch|p1a: Toxapex|Toxapex, M|100/100
|move|p2a: Toxapex|Scald|p1a: Toxapex
|-resisted|p1a: Toxapex
|-damage|p1a: Toxapex|94/100
|
|-weather|Sandstorm|[upkeep]
|-damage|p2a: Toxapex|85/100|[from] Sandstorm
|-damage|p1a: Toxapex|87/100|[from] Sandstorm
|-heal|p2a: Toxapex|92/100|[from] item: Black Sludge
|-heal|p1a: Toxapex|94/100|[from] item: Black Sludge
|upkeep
|turn|35
|
|switch|p2a: Toxtricity|Toxtricity, F|49/100 brn
|move|p1a: Toxapex|Scald|p2a: Toxtricity
|-damage|p2a: Toxtricity|21/100 brn
|
|-weather|Sandstorm|[upkeep]
|-damage|p2a: Toxtricity|15/100 brn|[from] Sandstorm
|-damage|p1a: Toxapex|87/100|[from] Sandstorm
|-heal|p1a: Toxapex|94/100|[from] item: Black Sludge
|-damage|p2a: Toxtricity|9/100 brn|[from] brn
|upkeep
|turn|36
|
|switch|p2a: Clefable|Clefable, F|76/100
|move|p1a: Toxapex|Baneful Bunker||[still]
|-fail|p1a: Toxapex
|
|-weather|none
|-heal|p2a: Clefable|82/100|[from] item: Leftovers
|-heal|p1a: Toxapex|99/100|[from] item: Black Sludge
|upkeep
|turn|37
|
|switch|p1a: Ditto|Ditto|96/100
|-transform|p1a: Ditto|p2a: Clefable|[from] ability: Imposter
|move|p2a: Clefable|Wish|p2a: Clefable
|
|-heal|p2a: Clefable|88/100|[from] item: Leftovers
|upkeep
|turn|38
|
|move|p1a: Ditto|Moonblast|p2a: Clefable
|-damage|p2a: Clefable|68/100
|-unboost|p2a: Clefable|spa|1
|move|p2a: Clefable|Thunder Wave|p1a: Ditto
|-status|p1a: Ditto|par
|
|-heal|p2a: Clefable|100/100|[from] move: Wish|[wisher] Clefable
|upkeep
|turn|39
|
|move|p2a: Clefable|Wish|p2a: Clefable
|move|p1a: Ditto|Moonblast|p2a: Clefable
|-damage|p2a: Clefable|78/100
|
|-heal|p2a: Clefable|84/100|[from] item: Leftovers
|upkeep
|turn|40
|
|switch|p2a: Toxtricity|Toxtricity, F|9/100 brn
|cant|p1a: Ditto|par
|
|-heal|p2a: Toxtricity|76/100 brn|[from] move: Wish|[wisher] Clefable
|-damage|p2a: Toxtricity|70/100 brn|[from] brn
|upkeep
|turn|41
|
|switch|p1a: Tyranitar|Tyranitar, M|43/100
|-weather|Sandstorm|[from] ability: Sand Stream|[of] p1a: Tyranitar
|move|p2a: Toxtricity|Overdrive|p1a: Tyranitar
|-damage|p1a: Tyranitar|23/100
|
|-weather|Sandstorm|[upkeep]
|-damage|p2a: Toxtricity|64/100 brn|[from] Sandstorm
|-damage|p2a: Toxtricity|58/100 brn|[from] brn
|upkeep
|turn|42
|
|switch|p1a: Gastrodon|Gastrodon, F|51/100
|move|p2a: Toxtricity|Overdrive|p1a: Gastrodon
|-immune|p1a: Gastrodon
|
|-weather|Sandstorm|[upkeep]
|-damage|p2a: Toxtricity|52/100 brn|[from] Sandstorm
|-heal|p1a: Gastrodon|57/100|[from] item: Leftovers
|-damage|p2a: Toxtricity|46/100 brn|[from] brn
|upkeep
|turn|43
|-message|Lemmy forfeited.
|
|win|DyezL
|l|☆Lemmy
|raw|DyezL's rating: 1500 → 1517(+17 for winning)
|raw|Lemmy's rating: 1451 → 1434(-17 for losing)
