|ScrapeTime|2020-01-03-00:38:52
|j|☆qpropl
|j|☆Bionick511
|player|p1|qpropl|galacticgrunt|1086
|player|p2|Bionick511|169|1098
|teamsize|p1|6
|teamsize|p2|6
|gametype|singles
|gen|8
|tier|[Gen 8] OU
|rated|
|rule|Sleep Clause Mod: Limit one foe put to sleep
|rule|Species Clause: Limit one of each Pokémon
|rule|OHKO Clause: OHKO moves are banned
|rule|Evasion Moves Clause: Evasion moves are banned
|rule|Endless Battle Clause: Forcing endless battles is banned
|rule|HP Percentage Mod: HP is shown in percentages
|clearpoke
|poke|p1|Tyranitar, M|
|poke|p1|Gigalith, F|
|poke|p1|Hippowdon, F|
|poke|p1|Excadrill, M|
|poke|p1|Sandaconda, M|
|poke|p1|Gastrodon-East, M|
|poke|p2|Sigilyph, M|
|poke|p2|Rotom-Wash|
|poke|p2|Ferrothorn, F|
|poke|p2|Excadrill, M|
|poke|p2|Kommo-o, M|
|poke|p2|Mimikyu, M|
|rule|Dynamax Clause: You cannot dynamax
|teampreview
|inactive|Battle timer is ON: inactive players will automatically lose when time's up. (requested by qpropl)
|
|start
|switch|p1a: Hippowdon|Hippowdon, F|100/100
|switch|p2a: Ferrothorn|Ferrothorn, F|100/100
|-weather|Sandstorm|[from] ability: Sand Stream|[of] p1a: Hippowdon
|turn|1
|
|move|p1a: Hippowdon|Superpower|p2a: Ferrothorn
|-supereffective|p2a: Ferrothorn
|-crit|p2a: Ferrothorn
|-damage|p2a: Ferrothorn|0 fnt
|-damage|p1a: Hippowdon|88/100|[from] ability: Iron Barbs|[of] p2a: Ferrothorn
|-damage|p1a: Hippowdon|72/100|[from] item: Rocky Helmet|[of] p2a: Ferrothorn
|-unboost|p1a: Hippowdon|atk|1
|-unboost|p1a: Hippowdon|def|1
|faint|p2a: Ferrothorn
|
|-weather|Sandstorm|[upkeep]
|upkeep
|inactive|Bionick511 has 120 seconds left.
|
|switch|p2a: Sigilyph|Sigilyph, M|100/100
|turn|2
|
|move|p2a: Sigilyph|Cosmic Power|p2a: Sigilyph
|-boost|p2a: Sigilyph|def|1
|-boost|p2a: Sigilyph|spd|1
|move|p1a: Hippowdon|Heavy Slam|p2a: Sigilyph
|-damage|p2a: Sigilyph|83/100
|
|-weather|Sandstorm|[upkeep]
|-heal|p2a: Sigilyph|89/100|[from] item: Leftovers
|upkeep
|turn|3
|
|switch|p1a: Sandaconda|Sandaconda, M|100/100
|move|p2a: Sigilyph|Cosmic Power|p2a: Sigilyph
|-boost|p2a: Sigilyph|def|1
|-boost|p2a: Sigilyph|spd|1
|
|-weather|Sandstorm|[upkeep]
|-heal|p2a: Sigilyph|95/100|[from] item: Leftovers
|upkeep
|turn|4
|
|move|p1a: Sandaconda|Glare|p2a: Sigilyph
|-status|p2a: Sigilyph|par
|move|p2a: Sigilyph|Cosmic Power|p2a: Sigilyph
|-boost|p2a: Sigilyph|def|1
|-boost|p2a: Sigilyph|spd|1
|
|-weather|Sandstorm|[upkeep]
|-heal|p2a: Sigilyph|100/100 par|[from] item: Leftovers
|upkeep
|turn|5
|inactive|Bionick511 has 120 seconds left.
|
|move|p1a: Sandaconda|Coil|p1a: Sandaconda
|-boost|p1a: Sandaconda|atk|1
|-boost|p1a: Sandaconda|def|1
|-boost|p1a: Sandaconda|accuracy|1
|cant|p2a: Sigilyph|par
|
|-weather|none
|upkeep
|turn|6
|
|move|p1a: Sandaconda|Coil|p1a: Sandaconda
|-boost|p1a: Sandaconda|atk|1
|-boost|p1a: Sandaconda|def|1
|-boost|p1a: Sandaconda|accuracy|1
|cant|p2a: Sigilyph|par
|
|upkeep
|turn|7
|
|move|p1a: Sandaconda|Coil|p1a: Sandaconda
|-boost|p1a: Sandaconda|atk|1
|-boost|p1a: Sandaconda|def|1
|-boost|p1a: Sandaconda|accuracy|1
|move|p2a: Sigilyph|Cosmic Power|p2a: Sigilyph
|-boost|p2a: Sigilyph|def|1
|-boost|p2a: Sigilyph|spd|1
|
|upkeep
|turn|8
|
|move|p1a: Sandaconda|Coil|p1a: Sandaconda
|-boost|p1a: Sandaconda|atk|1
|-boost|p1a: Sandaconda|def|1
|-boost|p1a: Sandaconda|accuracy|1
|cant|p2a: Sigilyph|par
|
|upkeep
|turn|9
|
|move|p1a: Sandaconda|Coil|p1a: Sandaconda
|-boost|p1a: Sandaconda|atk|1
|-boost|p1a: Sandaconda|def|1
|-boost|p1a: Sandaconda|accuracy|1
|move|p2a: Sigilyph|Stored Power|p1a: Sandaconda|[miss]
|-miss|p2a: Sigilyph|p1a: Sandaconda
|
|upkeep
|turn|10
|
|move|p1a: Sandaconda|Dragon Rush|p2a: Sigilyph
|-damage|p2a: Sigilyph|58/100 par
|move|p2a: Sigilyph|Stored Power|p1a: Sandaconda
|-damage|p1a: Sandaconda|0 fnt
|faint|p1a: Sandaconda
|
|-heal|p2a: Sigilyph|64/100 par|[from] item: Leftovers
|upkeep
|
|switch|p1a: Gigalith|Gigalith, F|100/100
|-weather|Sandstorm|[from] ability: Sand Stream|[of] p1a: Gigalith
|turn|11
|
|move|p2a: Sigilyph|Cosmic Power|p2a: Sigilyph
|-boost|p2a: Sigilyph|def|1
|-boost|p2a: Sigilyph|spd|1
|move|p1a: Gigalith|Stealth Rock|p2a: Sigilyph
|-sidestart|p2: Bionick511|move: Stealth Rock
|
|-weather|Sandstorm|[upkeep]
|-heal|p2a: Sigilyph|70/100 par|[from] item: Leftovers
|upkeep
|turn|12
|
|move|p2a: Sigilyph|Cosmic Power|p2a: Sigilyph
|-boost|p2a: Sigilyph|def|1
|-boost|p2a: Sigilyph|spd|1
|move|p1a: Gigalith|Stone Edge|p2a: Sigilyph
|-supereffective|p2a: Sigilyph
|-damage|p2a: Sigilyph|42/100 par
|
|-weather|Sandstorm|[upkeep]
|-heal|p2a: Sigilyph|48/100 par|[from] item: Leftovers
|upkeep
|turn|13
|
|move|p2a: Sigilyph|Roost|p2a: Sigilyph
|-heal|p2a: Sigilyph|98/100 par
|-singleturn|p2a: Sigilyph|move: Roost
|move|p1a: Gigalith|Stone Edge|p2a: Sigilyph
|-crit|p2a: Sigilyph
|-damage|p2a: Sigilyph|2/100 par
|
|-weather|Sandstorm|[upkeep]
|-heal|p2a: Sigilyph|8/100 par|[from] item: Leftovers
|upkeep
|turn|14
|
|cant|p2a: Sigilyph|par
|move|p1a: Gigalith|Stone Edge|p2a: Sigilyph|[miss]
|-miss|p1a: Gigalith|p2a: Sigilyph
|
|-weather|Sandstorm|[upkeep]
|-heal|p2a: Sigilyph|14/100 par|[from] item: Leftovers
|upkeep
|turn|15
|
|move|p2a: Sigilyph|Roost|p2a: Sigilyph
|-heal|p2a: Sigilyph|64/100 par
|-singleturn|p2a: Sigilyph|move: Roost
|move|p1a: Gigalith|Stone Edge|p2a: Sigilyph
|-damage|p2a: Sigilyph|49/100 par
|
|-weather|Sandstorm|[upkeep]
|-heal|p2a: Sigilyph|55/100 par|[from] item: Leftovers
|upkeep
|turn|16
|
|move|p2a: Sigilyph|Roost|p2a: Sigilyph
|-heal|p2a: Sigilyph|100/100 par
|-singleturn|p2a: Sigilyph|move: Roost
|move|p1a: Gigalith|Earthquake|p2a: Sigilyph
|-damage|p2a: Sigilyph|90/100 par
|
|-weather|Sandstorm|[upkeep]
|-heal|p2a: Sigilyph|96/100 par|[from] item: Leftovers
|upkeep
|turn|17
|
|move|p2a: Sigilyph|Stored Power|p1a: Gigalith
|-damage|p1a: Gigalith|16/100
|move|p1a: Gigalith|Stone Edge|p2a: Sigilyph
|-supereffective|p2a: Sigilyph
|-damage|p2a: Sigilyph|65/100 par
|
|-weather|Sandstorm|[upkeep]
|-heal|p2a: Sigilyph|71/100 par|[from] item: Leftovers
|upkeep
|turn|18
|
|move|p2a: Sigilyph|Stored Power|p1a: Gigalith
|-damage|p1a: Gigalith|0 fnt
|faint|p1a: Gigalith
|
|-weather|none
|-heal|p2a: Sigilyph|77/100 par|[from] item: Leftovers
|upkeep
|inactive|qpropl has 120 seconds left.
|
|switch|p1a: Tyranitar|Tyranitar, M|100/100
|-weather|Sandstorm|[from] ability: Sand Stream|[of] p1a: Tyranitar
|turn|19
|
|move|p1a: Tyranitar|Crunch|p2a: Sigilyph
|-supereffective|p2a: Sigilyph
|-damage|p2a: Sigilyph|53/100 par
|move|p2a: Sigilyph|Dazzling Gleam|p1a: Tyranitar
|-supereffective|p1a: Tyranitar
|-damage|p1a: Tyranitar|83/100
|
|-weather|Sandstorm|[upkeep]
|-heal|p2a: Sigilyph|59/100 par|[from] item: Leftovers
|upkeep
|turn|20
|
|move|p1a: Tyranitar|Rock Slide|p2a: Sigilyph
|-supereffective|p2a: Sigilyph
|-damage|p2a: Sigilyph|40/100 par
|cant|p2a: Sigilyph|flinch
|
|-weather|Sandstorm|[upkeep]
|-heal|p2a: Sigilyph|46/100 par|[from] item: Leftovers
|upkeep
|turn|21
|
|move|p1a: Tyranitar|Rock Slide|p2a: Sigilyph
|-supereffective|p2a: Sigilyph
|-damage|p2a: Sigilyph|26/100 par
|cant|p2a: Sigilyph|flinch
|
|-weather|Sandstorm|[upkeep]
|-heal|p2a: Sigilyph|32/100 par|[from] item: Leftovers
|upkeep
|turn|22
|
|move|p1a: Tyranitar|Crunch|p2a: Sigilyph
|-supereffective|p2a: Sigilyph
|-damage|p2a: Sigilyph|9/100 par
|-unboost|p2a: Sigilyph|def|1
|move|p2a: Sigilyph|Roost|p2a: Sigilyph
|-heal|p2a: Sigilyph|59/100 par
|-singleturn|p2a: Sigilyph|move: Roost
|
|-weather|Sandstorm|[upkeep]
|-heal|p2a: Sigilyph|65/100 par|[from] item: Leftovers
|upkeep
|turn|23
|
|move|p1a: Tyranitar|Crunch|p2a: Sigilyph
|-supereffective|p2a: Sigilyph
|-damage|p2a: Sigilyph|38/100 par
|move|p2a: Sigilyph|Roost|p2a: Sigilyph
|-heal|p2a: Sigilyph|88/100 par
|-singleturn|p2a: Sigilyph|move: Roost
|
|-weather|none
|-heal|p2a: Sigilyph|94/100 par|[from] item: Leftovers
|upkeep
|turn|24
|
|move|p1a: Tyranitar|Crunch|p2a: Sigilyph
|-supereffective|p2a: Sigilyph
|-damage|p2a: Sigilyph|67/100 par
|cant|p2a: Sigilyph|par
|
|-heal|p2a: Sigilyph|73/100 par|[from] item: Leftovers
|upkeep
|turn|25
|
|move|p1a: Tyranitar|Crunch|p2a: Sigilyph
|-supereffective|p2a: Sigilyph
|-damage|p2a: Sigilyph|49/100 par
|-unboost|p2a: Sigilyph|def|1
|cant|p2a: Sigilyph|par
|
|-heal|p2a: Sigilyph|55/100 par|[from] item: Leftovers
|upkeep
|turn|26
|
|move|p1a: Tyranitar|Crunch|p2a: Sigilyph
|-supereffective|p2a: Sigilyph
|-damage|p2a: Sigilyph|24/100 par
|-unboost|p2a: Sigilyph|def|1
|move|p2a: Sigilyph|Roost|p2a: Sigilyph
|-heal|p2a: Sigilyph|74/100 par
|-singleturn|p2a: Sigilyph|move: Roost
|
|-heal|p2a: Sigilyph|80/100 par|[from] item: Leftovers
|upkeep
|turn|27
|
|move|p1a: Tyranitar|Crunch|p2a: Sigilyph
|-supereffective|p2a: Sigilyph
|-damage|p2a: Sigilyph|44/100 par
|cant|p2a: Sigilyph|par
|
|-heal|p2a: Sigilyph|50/100 par|[from] item: Leftovers
|upkeep
|turn|28
|
|move|p1a: Tyranitar|Crunch|p2a: Sigilyph
|-supereffective|p2a: Sigilyph
|-damage|p2a: Sigilyph|15/100 par
|move|p2a: Sigilyph|Roost|p2a: Sigilyph
|-heal|p2a: Sigilyph|65/100 par
|-singleturn|p2a: Sigilyph|move: Roost
|
|-heal|p2a: Sigilyph|71/100 par|[from] item: Leftovers
|upkeep
|turn|29
|
|move|p1a: Tyranitar|Crunch|p2a: Sigilyph
|-supereffective|p2a: Sigilyph
|-damage|p2a: Sigilyph|39/100 par
|move|p2a: Sigilyph|Cosmic Power|p2a: Sigilyph
|-boost|p2a: Sigilyph|def|1
|-boost|p2a: Sigilyph|spd|0
|
|-heal|p2a: Sigilyph|45/100 par|[from] item: Leftovers
|upkeep
|turn|30
|
|move|p1a: Tyranitar|Crunch|p2a: Sigilyph
|-supereffective|p2a: Sigilyph
|-damage|p2a: Sigilyph|18/100 par
|cant|p2a: Sigilyph|par
|
|-heal|p2a: Sigilyph|24/100 par|[from] item: Leftovers
|upkeep
|turn|31
|
|move|p1a: Tyranitar|Crunch|p2a: Sigilyph
|-supereffective|p2a: Sigilyph
|-damage|p2a: Sigilyph|0 fnt
|faint|p2a: Sigilyph
|
|upkeep
|
|switch|p2a: Kommo-o|Kommo-o, M|100/100
|-damage|p2a: Kommo-o|94/100|[from] Stealth Rock
|turn|32
|
|switch|p1a: Hippowdon|Hippowdon, F|72/100
|-weather|Sandstorm|[from] ability: Sand Stream|[of] p1a: Hippowdon
|move|p2a: Kommo-o|Autotomize|p2a: Kommo-o
|-boost|p2a: Kommo-o|spe|2
|-start|p2a: Kommo-o|Autotomize
|
|-weather|Sandstorm|[upkeep]
|-damage|p2a: Kommo-o|88/100|[from] Sandstorm
|upkeep
|turn|33
|
|move|p2a: Kommo-o|Boomburst|p1a: Hippowdon
|-damage|p1a: Hippowdon|44/100
|-enditem|p2a: Kommo-o|Throat Spray
|-boost|p2a: Kommo-o|spa|1
|move|p1a: Hippowdon|Stone Edge|p2a: Kommo-o
|-resisted|p2a: Kommo-o
|-damage|p2a: Kommo-o|71/100
|
|-weather|Sandstorm|[upkeep]
|-damage|p2a: Kommo-o|65/100|[from] Sandstorm
|upkeep
|turn|34
|
|move|p2a: Kommo-o|Boomburst|p1a: Hippowdon
|-damage|p1a: Hippowdon|1/100
|move|p1a: Hippowdon|Superpower|p2a: Kommo-o
|-damage|p2a: Kommo-o|24/100
|-unboost|p1a: Hippowdon|atk|1
|-unboost|p1a: Hippowdon|def|1
|
|-weather|Sandstorm|[upkeep]
|-damage|p2a: Kommo-o|18/100|[from] Sandstorm
|upkeep
|turn|35
|
|move|p2a: Kommo-o|Boomburst|p1a: Hippowdon
|-damage|p1a: Hippowdon|0 fnt
|faint|p1a: Hippowdon
|
|-weather|Sandstorm|[upkeep]
|-damage|p2a: Kommo-o|11/100|[from] Sandstorm
|upkeep
|
|switch|p1a: Excadrill|Excadrill, M|100/100
|turn|36
|
|move|p1a: Excadrill|Poison Jab|p2a: Kommo-o
|-damage|p2a: Kommo-o|0 fnt
|faint|p2a: Kommo-o
|
|-weather|none
|upkeep
|
|switch|p2a: Rotom|Rotom-Wash|100/100
|-damage|p2a: Rotom|88/100|[from] Stealth Rock
|turn|37
|
|switch|p1a: Gastrodon|Gastrodon-East, M|100/100
|move|p2a: Rotom|Hydro Pump|p1a: Gastrodon
|-damage|p1a: Gastrodon|50/100
|
|-heal|p1a: Gastrodon|57/100|[from] item: Leftovers
|upkeep
|turn|38
|
|move|p2a: Rotom|Hydro Pump|p1a: Gastrodon|[miss]
|-miss|p2a: Rotom|p1a: Gastrodon
|move|p1a: Gastrodon|Ice Beam|p2a: Rotom
|-resisted|p2a: Rotom
|-damage|p2a: Rotom|76/100
|
|-heal|p1a: Gastrodon|63/100|[from] item: Leftovers
|upkeep
|turn|39
|
|move|p2a: Rotom|Hydro Pump|p1a: Gastrodon
|-damage|p1a: Gastrodon|15/100
|move|p1a: Gastrodon|Ice Beam|p2a: Rotom
|-resisted|p2a: Rotom
|-damage|p2a: Rotom|64/100
|
|-heal|p1a: Gastrodon|21/100|[from] item: Leftovers
|upkeep
|turn|40
|
|move|p2a: Rotom|Hydro Pump|p1a: Gastrodon
|-damage|p1a: Gastrodon|0 fnt
|faint|p1a: Gastrodon
|
|upkeep
|
|switch|p1a: Tyranitar|Tyranitar, M|83/100
|-weather|Sandstorm|[from] ability: Sand Stream|[of] p1a: Tyranitar
|turn|41
|
|move|p2a: Rotom|Hydro Pump|p1a: Tyranitar
|-supereffective|p1a: Tyranitar
|-damage|p1a: Tyranitar|41/100
|move|p1a: Tyranitar|Rock Slide|p2a: Rotom|[miss]
|-miss|p1a: Tyranitar|p2a: Rotom
|
|-weather|Sandstorm|[upkeep]
|-damage|p2a: Rotom|58/100|[from] Sandstorm
|upkeep
|turn|42
|
|move|p2a: Rotom|Hydro Pump|p1a: Tyranitar|[miss]
|-miss|p2a: Rotom|p1a: Tyranitar
|move|p1a: Tyranitar|Rock Slide|p2a: Rotom
|-damage|p2a: Rotom|4/100
|
|-weather|Sandstorm|[upkeep]
|-damage|p2a: Rotom|0 fnt|[from] Sandstorm
|faint|p2a: Rotom
|upkeep
|
|switch|p2a: Excadrill|Excadrill, M|100/100
|-damage|p2a: Excadrill|97/100|[from] Stealth Rock
|-ability|p2a: Excadrill|Mold Breaker
|turn|43
|
|move|p2a: Excadrill|Earthquake|p1a: Tyranitar
|-supereffective|p1a: Tyranitar
|-damage|p1a: Tyranitar|0 fnt
|faint|p1a: Tyranitar
|
|-weather|Sandstorm|[upkeep]
|upkeep
|
|switch|p1a: Excadrill|Excadrill, M|100/100
|turn|44
|
|move|p1a: Excadrill|Earthquake|p2a: Excadrill
|-supereffective|p2a: Excadrill
|-damage|p2a: Excadrill|0 fnt
|faint|p2a: Excadrill
|
|-weather|Sandstorm|[upkeep]
|upkeep
|
|switch|p2a: Mimikyu|Mimikyu, M|100/100
|-damage|p2a: Mimikyu|88/100|[from] Stealth Rock
|turn|45
|
|move|p1a: Excadrill|Earthquake|p2a: Mimikyu
|-activate|p2a: Mimikyu|ability: Disguise
|-damage|p2a: Mimikyu|88/100
|detailschange|p2a: Mimikyu|Mimikyu-Busted, M
|-damage|p2a: Mimikyu|76/100|[from] ability: Disguise|[of] p2a: Mimikyu
|move|p2a: Mimikyu|Substitute|p2a: Mimikyu
|-start|p2a: Mimikyu|Substitute
|-damage|p2a: Mimikyu|51/100
|
|-weather|none
|upkeep
|turn|46
|
|move|p2a: Mimikyu|Swords Dance|p2a: Mimikyu
|-boost|p2a: Mimikyu|atk|2
|move|p1a: Excadrill|Earthquake|p2a: Mimikyu
|-end|p2a: Mimikyu|Substitute
|
|upkeep
|turn|47
|
|move|p2a: Mimikyu|Shadow Sneak|p1a: Excadrill
|-damage|p1a: Excadrill|37/100
|-damage|p2a: Mimikyu|41/100|[from] item: Life Orb
|move|p1a: Excadrill|Earthquake|p2a: Mimikyu
|-damage|p2a: Mimikyu|0 fnt
|faint|p2a: Mimikyu
|
|win|qpropl
|c|☆qpropl|Gg
|raw|qpropl's rating: 1086 → 1116(+30 for winning)
|raw|Bionick511's rating: 1121 → 1094(-27 for losing)
|l|☆Bionick511
