|ScrapeTime|2020-01-02-01:52:26
|j|☆Haslslsls
|j|☆mattispr1
|player|p1|Haslslsls|ash|1070
|player|p2|mattispr1|290|1080
|teamsize|p1|6
|teamsize|p2|6
|gametype|singles
|gen|8
|tier|[Gen 8] OU
|rated|
|rule|Sleep Clause Mod: Limit one foe put to sleep
|rule|Species Clause: Limit one of each Pokémon
|rule|OHKO Clause: OHKO moves are banned
|rule|Evasion Moves Clause: Evasion moves are banned
|rule|Endless Battle Clause: Forcing endless battles is banned
|rule|HP Percentage Mod: HP is shown in percentages
|clearpoke
|poke|p1|Sylveon, F|
|poke|p1|Bisharp, F|
|poke|p1|Rotom-Heat|
|poke|p1|Mew|
|poke|p1|Eldegoss, M|
|poke|p1|Jellicent, F|
|poke|p2|Dracovish|
|poke|p2|Tyranitar, M|
|poke|p2|Pelipper, M|
|poke|p2|Hawlucha, F|
|poke|p2|Gyarados, M|
|poke|p2|Corviknight, F|
|rule|Dynamax Clause: You cannot dynamax
|teampreview
|inactive|Battle timer is ON: inactive players will automatically lose when time's up. (requested by Haslslsls)
|
|start
|switch|p1a: Rotom|Rotom-Heat|100/100
|switch|p2a: Pelipper|Pelipper, M, shiny|100/100
|turn|1
|
|move|p1a: Rotom|Volt Switch|p2a: Pelipper
|-supereffective|p2a: Pelipper
|-enditem|p2a: Pelipper|Focus Sash
|-damage|p2a: Pelipper|1/100
|
|switch|p1a: Jellicent|Jellicent, F, shiny|100/100|[from]move: Volt Switch
|move|p2a: Pelipper|Tailwind|p2a: Pelipper
|-sidestart|p2: mattispr1|move: Tailwind
|
|upkeep
|turn|2
|
|move|p2a: Pelipper|U-turn|p1a: Jellicent
|-resisted|p1a: Jellicent
|-damage|p1a: Jellicent|98/100
|
|switch|p2a: Dracovish|Dracovish|100/100|[from]move: U-turn
|move|p1a: Jellicent|Will-O-Wisp|p2a: Dracovish
|-status|p2a: Dracovish|brn
|
|-heal|p1a: Jellicent|100/100|[from] item: Leftovers
|-damage|p2a: Dracovish|94/100 brn|[from] brn
|upkeep
|turn|3
|
|move|p2a: Dracovish|Fishious Rend|p1a: Jellicent
|-immune|p1a: Jellicent|[from] ability: Water Absorb
|move|p1a: Jellicent|Hex|p2a: Dracovish
|-damage|p2a: Dracovish|46/100 brn
|
|-damage|p2a: Dracovish|39/100 brn|[from] brn
|upkeep
|turn|4
|
|move|p2a: Dracovish|Fishious Rend|p1a: Jellicent
|-immune|p1a: Jellicent|[from] ability: Water Absorb
|move|p1a: Jellicent|Hex|p2a: Dracovish
|-damage|p2a: Dracovish|0 fnt
|faint|p2a: Dracovish
|
|-sideend|p2: mattispr1|move: Tailwind
|upkeep
|
|switch|p2a: Tyranitar|Tyranitar, M|100/100
|-weather|Sandstorm|[from] ability: Sand Stream|[of] p2a: Tyranitar
|turn|5
|
|move|p2a: Tyranitar|Iron Head|p1a: Jellicent
|-resisted|p1a: Jellicent
|-damage|p1a: Jellicent|88/100
|cant|p1a: Jellicent|flinch
|
|-weather|Sandstorm|[upkeep]
|-damage|p1a: Jellicent|82/100|[from] Sandstorm
|-heal|p1a: Jellicent|88/100|[from] item: Leftovers
|upkeep
|turn|6
|
|move|p2a: Tyranitar|Earthquake|p1a: Jellicent
|-damage|p1a: Jellicent|56/100
|move|p1a: Jellicent|Will-O-Wisp|p2a: Tyranitar|[miss]
|-miss|p1a: Jellicent|p2a: Tyranitar
|
|-weather|Sandstorm|[upkeep]
|-damage|p1a: Jellicent|50/100|[from] Sandstorm
|-heal|p1a: Jellicent|56/100|[from] item: Leftovers
|upkeep
|turn|7
|
|move|p2a: Tyranitar|Earthquake|p1a: Jellicent
|-damage|p1a: Jellicent|24/100
|move|p1a: Jellicent|Will-O-Wisp|p2a: Tyranitar
|-status|p2a: Tyranitar|brn
|
|-weather|Sandstorm|[upkeep]
|-damage|p1a: Jellicent|18/100|[from] Sandstorm
|-heal|p1a: Jellicent|24/100|[from] item: Leftovers
|-damage|p2a: Tyranitar|94/100 brn|[from] brn
|upkeep
|turn|8
|
|move|p2a: Tyranitar|Earthquake|p1a: Jellicent
|-damage|p1a: Jellicent|10/100
|move|p1a: Jellicent|Recover|p1a: Jellicent
|-heal|p1a: Jellicent|60/100
|
|-weather|Sandstorm|[upkeep]
|-damage|p1a: Jellicent|54/100|[from] Sandstorm
|-heal|p1a: Jellicent|60/100|[from] item: Leftovers
|-damage|p2a: Tyranitar|88/100 brn|[from] brn
|upkeep
|turn|9
|
|move|p2a: Tyranitar|Earthquake|p1a: Jellicent
|-damage|p1a: Jellicent|46/100
|move|p1a: Jellicent|Recover|p1a: Jellicent
|-heal|p1a: Jellicent|96/100
|
|-weather|none
|-heal|p1a: Jellicent|100/100|[from] item: Leftovers
|-damage|p2a: Tyranitar|82/100 brn|[from] brn
|upkeep
|turn|10
|c|☆mattispr1|crap I am choiced
|
|move|p2a: Tyranitar|Earthquake|p1a: Jellicent
|-damage|p1a: Jellicent|86/100
|move|p1a: Jellicent|Scald|p2a: Tyranitar
|-supereffective|p2a: Tyranitar
|-damage|p2a: Tyranitar|41/100 brn
|
|-heal|p1a: Jellicent|92/100|[from] item: Leftovers
|-damage|p2a: Tyranitar|35/100 brn|[from] brn
|upkeep
|turn|11
|
|move|p2a: Tyranitar|Ice Punch|p1a: Jellicent
|-resisted|p1a: Jellicent
|-damage|p1a: Jellicent|86/100
|move|p1a: Jellicent|Scald|p2a: Tyranitar
|-supereffective|p2a: Tyranitar
|-damage|p2a: Tyranitar|0 fnt
|faint|p2a: Tyranitar
|
|-heal|p1a: Jellicent|93/100|[from] item: Leftovers
|upkeep
|inactive|mattispr1 has 120 seconds left.
|
|switch|p2a: Pelipper|Pelipper, M, shiny|1/100
|turn|12
|c|☆Haslslsls|Put the game down and play Digimon
|
|move|p2a: Pelipper|Tailwind|p2a: Pelipper
|-sidestart|p2: mattispr1|move: Tailwind
|move|p1a: Jellicent|Scald|p2a: Pelipper
|-resisted|p2a: Pelipper
|-damage|p2a: Pelipper|0 fnt
|faint|p2a: Pelipper
|
|-heal|p1a: Jellicent|99/100|[from] item: Leftovers
|upkeep
|inactive|mattispr1 has 120 seconds left.
|
|switch|p2a: Corviknight|Corviknight, F|100/100
|turn|13
|
|move|p2a: Corviknight|Brave Bird|p1a: Jellicent
|-damage|p1a: Jellicent|70/100
|-damage|p2a: Corviknight|91/100|[from] Recoil
|move|p1a: Jellicent|Will-O-Wisp|p2a: Corviknight
|-status|p2a: Corviknight|brn
|
|-heal|p1a: Jellicent|76/100|[from] item: Leftovers
|-damage|p2a: Corviknight|85/100 brn|[from] brn
|upkeep
|turn|14
|inactive|mattispr1 has 120 seconds left.
|
|move|p2a: Corviknight|Brave Bird|p1a: Jellicent
|-damage|p1a: Jellicent|63/100
|-damage|p2a: Corviknight|80/100 brn|[from] Recoil
|move|p1a: Jellicent|Hex|p2a: Corviknight
|-damage|p2a: Corviknight|41/100 brn
|
|-heal|p1a: Jellicent|69/100|[from] item: Leftovers
|-damage|p2a: Corviknight|35/100 brn|[from] brn
|upkeep
|turn|15
|inactive|mattispr1 has 120 seconds left.
|
|switch|p1a: Rotom|Rotom-Heat|100/100
|move|p2a: Corviknight|Roost|p2a: Corviknight
|-heal|p2a: Corviknight|85/100 brn
|-singleturn|p2a: Corviknight|move: Roost
|
|-damage|p2a: Corviknight|79/100 brn|[from] brn
|-sideend|p2: mattispr1|move: Tailwind
|upkeep
|turn|16
|inactive|mattispr1 has 120 seconds left.
|
|move|p1a: Rotom|Nasty Plot|p1a: Rotom
|-boost|p1a: Rotom|spa|2
|move|p2a: Corviknight|Tailwind|p2a: Corviknight
|-sidestart|p2: mattispr1|move: Tailwind
|
|-damage|p2a: Corviknight|73/100 brn|[from] brn
|upkeep
|turn|17
|inactive|mattispr1 has 120 seconds left.
|
|move|p2a: Corviknight|Iron Head|p1a: Rotom
|-resisted|p1a: Rotom
|-damage|p1a: Rotom|97/100
|cant|p1a: Rotom|flinch
|
|-damage|p2a: Corviknight|67/100 brn|[from] brn
|upkeep
|turn|18
|
|move|p2a: Corviknight|Brave Bird|p1a: Rotom
|-resisted|p1a: Rotom
|-damage|p1a: Rotom|84/100
|-damage|p2a: Corviknight|64/100 brn|[from] Recoil
|move|p1a: Rotom|Nasty Plot|p1a: Rotom
|-boost|p1a: Rotom|spa|2
|
|-damage|p2a: Corviknight|58/100 brn|[from] brn
|upkeep
|turn|19
|inactive|mattispr1 has 120 seconds left.
|
|move|p2a: Corviknight|Brave Bird|p1a: Rotom
|-resisted|p1a: Rotom
|-damage|p1a: Rotom|71/100
|-damage|p2a: Corviknight|55/100 brn|[from] Recoil
|move|p1a: Rotom|Overheat|p2a: Corviknight
|-supereffective|p2a: Corviknight
|-damage|p2a: Corviknight|0 fnt
|-unboost|p1a: Rotom|spa|2
|faint|p2a: Corviknight
|
|-sideend|p2: mattispr1|move: Tailwind
|upkeep
|inactive|mattispr1 has 120 seconds left.
|
|switch|p2a: Gyarados|Gyarados, M|100/100
|turn|20
|
|move|p1a: Rotom|Volt Switch|p2a: Gyarados
|-supereffective|p2a: Gyarados
|-enditem|p2a: Gyarados|Wacan Berry|[eat]
|-enditem|p2a: Gyarados|Wacan Berry|[weaken]
|-damage|p2a: Gyarados|0 fnt
|faint|p2a: Gyarados
|
|switch|p1a: Jellicent|Jellicent, F, shiny|69/100|[from]move: Volt Switch
|
|-heal|p1a: Jellicent|75/100|[from] item: Leftovers
|upkeep
|inactive|mattispr1 has 120 seconds left.
|
|switch|p2a: Hawlucha|Hawlucha, F|100/100
|turn|21
|inactive|mattispr1 has 120 seconds left.
|
|move|p2a: Hawlucha|Stone Edge|p1a: Jellicent
|-damage|p1a: Jellicent|53/100
|move|p1a: Jellicent|Will-O-Wisp|p2a: Hawlucha
|-status|p2a: Hawlucha|brn
|
|-heal|p1a: Jellicent|59/100|[from] item: Leftovers
|-damage|p2a: Hawlucha|94/100 brn|[from] brn
|upkeep
|turn|22
|inactive|mattispr1 has 120 seconds left.
|c|☆Haslslsls|Go play yugioh
|
|move|p2a: Hawlucha|Poison Jab|p1a: Jellicent
|-resisted|p1a: Jellicent
|-damage|p1a: Jellicent|55/100
|move|p1a: Jellicent|Hex|p2a: Hawlucha
|-damage|p2a: Hawlucha|49/100 brn
|
|-heal|p1a: Jellicent|61/100|[from] item: Leftovers
|-damage|p2a: Hawlucha|43/100 brn|[from] brn
|upkeep
|turn|23
|inactive|mattispr1 has 120 seconds left.
|
|move|p2a: Hawlucha|Poison Jab|p1a: Jellicent
|-resisted|p1a: Jellicent
|-damage|p1a: Jellicent|57/100
|move|p1a: Jellicent|Recover|p1a: Jellicent
|-heal|p1a: Jellicent|100/100
|
|-damage|p2a: Hawlucha|37/100 brn|[from] brn
|upkeep
|turn|24
|inactive|mattispr1 has 120 seconds left.
|inactive|mattispr1 has 90 seconds left.
|
|move|p2a: Hawlucha|Flying Press|p1a: Jellicent
|-immune|p1a: Jellicent
|move|p1a: Jellicent|Hex|p2a: Hawlucha
|-damage|p2a: Hawlucha|0 fnt
|faint|p2a: Hawlucha
|
|win|Haslslsls
|raw|Haslslsls's rating: 1070 → 1100(+30 for winning)
|raw|mattispr1's rating: 1080 → 1057(-23 for losing)
|l|☆mattispr1
