|ScrapeTime|2020-01-02-05:15:46
|j|☆diaperbabe29
|j|☆Like a bubble
|player|p1|diaperbabe29|8|1752
|player|p2|Like a bubble|192|1540
|teamsize|p1|6
|teamsize|p2|6
|gametype|singles
|gen|8
|tier|[Gen 8] OU
|rated|
|rule|Sleep Clause Mod: Limit one foe put to sleep
|rule|Species Clause: Limit one of each Pokémon
|rule|OHKO Clause: OHKO moves are banned
|rule|Evasion Moves Clause: Evasion moves are banned
|rule|Endless Battle Clause: Forcing endless battles is banned
|rule|HP Percentage Mod: HP is shown in percentages
|clearpoke
|poke|p1|Clefable, M|
|poke|p1|Corviknight, F|
|poke|p1|Hydreigon, M|
|poke|p1|Aegislash, M|
|poke|p1|Seismitoad, F|
|poke|p1|Conkeldurr, M|
|poke|p2|Shuckle, F|
|poke|p2|Obstagoon, F|
|poke|p2|Mimikyu, F|
|poke|p2|Cloyster, M|
|poke|p2|Dracovish|
|poke|p2|Dragapult, F|
|rule|Dynamax Clause: You cannot dynamax
|teampreview
|
|start
|switch|p1a: Seismitoad|Seismitoad, F|100/100
|switch|p2a: Shuckle|Shuckle, F|100/100
|turn|1
|
|move|p1a: Seismitoad|Stealth Rock|p2a: Shuckle
|-sidestart|p2: Like a bubble|move: Stealth Rock
|move|p2a: Shuckle|Encore|p1a: Seismitoad
|-start|p1a: Seismitoad|Encore
|
|upkeep
|turn|2
|
|switch|p1a: Conkeldurr|Conkeldurr, M|100/100
|move|p2a: Shuckle|Sticky Web|p1a: Conkeldurr
|-sidestart|p1: diaperbabe29|move: Sticky Web
|
|-status|p1a: Conkeldurr|brn|[from] item: Flame Orb
|upkeep
|turn|3
|
|move|p1a: Conkeldurr|Drain Punch|p2a: Shuckle
|-damage|p2a: Shuckle|54/100
|move|p2a: Shuckle|Stealth Rock|p1a: Conkeldurr
|-sidestart|p1: diaperbabe29|move: Stealth Rock
|
|-damage|p1a: Conkeldurr|94/100 brn|[from] brn
|upkeep
|turn|4
|
|move|p1a: Conkeldurr|Drain Punch|p2a: Shuckle
|-damage|p2a: Shuckle|7/100
|-heal|p1a: Conkeldurr|100/100 brn|[from] drain|[of] p2a: Shuckle
|move|p2a: Shuckle|Encore|p1a: Conkeldurr
|-start|p1a: Conkeldurr|Encore
|
|-damage|p1a: Conkeldurr|94/100 brn|[from] brn
|upkeep
|turn|5
|
|move|p1a: Conkeldurr|Drain Punch|p2a: Shuckle
|-damage|p2a: Shuckle|0 fnt
|-heal|p1a: Conkeldurr|97/100 brn|[from] drain|[of] p2a: Shuckle
|faint|p2a: Shuckle
|
|-damage|p1a: Conkeldurr|90/100 brn|[from] brn
|upkeep
|
|switch|p2a: Dragapult|Dragapult, F|100/100
|-damage|p2a: Dragapult|88/100|[from] Stealth Rock
|turn|6
|
|switch|p1a: Clefable|Clefable, M|100/100
|-activate|p1a: Clefable|move: Sticky Web
|-unboost|p1a: Clefable|spe|1
|move|p2a: Dragapult|Dragon Dance|p2a: Dragapult
|-boost|p2a: Dragapult|atk|1
|-boost|p2a: Dragapult|spe|1
|
|upkeep
|turn|7
|
|move|p2a: Dragapult|Phantom Force||[still]
|-prepare|p2a: Dragapult|Phantom Force|p1a: Clefable
|move|p1a: Clefable|Moonblast|p2a: Dragapult|[miss]
|-miss|p1a: Clefable|p2a: Dragapult
|
|upkeep
|turn|8
|
|move|p2a: Dragapult|Phantom Force|p1a: Clefable|[from]lockedmove
|-damage|p1a: Clefable|0 fnt
|-damage|p2a: Dragapult|78/100|[from] item: Life Orb
|faint|p1a: Clefable
|
|upkeep
|
|switch|p1a: Corviknight|Corviknight, F|100/100
|-damage|p1a: Corviknight|88/100|[from] Stealth Rock
|-ability|p1a: Corviknight|Pressure
|turn|9
|
|move|p2a: Dragapult|Phantom Force||[still]
|-prepare|p2a: Dragapult|Phantom Force|p1a: Corviknight
|move|p1a: Corviknight|Brave Bird|p2a: Dragapult|[miss]
|-miss|p1a: Corviknight|p2a: Dragapult
|
|-heal|p1a: Corviknight|94/100|[from] item: Leftovers
|upkeep
|turn|10
|
|move|p2a: Dragapult|Phantom Force|p1a: Corviknight|[from]lockedmove
|-damage|p1a: Corviknight|41/100
|-damage|p2a: Dragapult|69/100|[from] item: Life Orb
|move|p1a: Corviknight|Roost|p1a: Corviknight
|-heal|p1a: Corviknight|91/100
|-singleturn|p1a: Corviknight|move: Roost
|
|-heal|p1a: Corviknight|97/100|[from] item: Leftovers
|upkeep
|turn|11
|
|move|p2a: Dragapult|Dragon Dance|p2a: Dragapult
|-boost|p2a: Dragapult|atk|1
|-boost|p2a: Dragapult|spe|1
|move|p1a: Corviknight|Brave Bird|p2a: Dragapult
|-damage|p2a: Dragapult|23/100
|-damage|p1a: Corviknight|85/100|[from] Recoil
|
|-heal|p1a: Corviknight|91/100|[from] item: Leftovers
|upkeep
|turn|12
|
|move|p2a: Dragapult|Phantom Force||[still]
|-prepare|p2a: Dragapult|Phantom Force|p1a: Corviknight
|move|p1a: Corviknight|Brave Bird|p2a: Dragapult|[miss]
|-miss|p1a: Corviknight|p2a: Dragapult
|
|-heal|p1a: Corviknight|97/100|[from] item: Leftovers
|upkeep
|turn|13
|
|move|p2a: Dragapult|Phantom Force|p1a: Corviknight|[from]lockedmove
|-damage|p1a: Corviknight|19/100
|-damage|p2a: Dragapult|13/100|[from] item: Life Orb
|move|p1a: Corviknight|Roost|p1a: Corviknight
|-heal|p1a: Corviknight|69/100
|-singleturn|p1a: Corviknight|move: Roost
|
|-heal|p1a: Corviknight|76/100|[from] item: Leftovers
|upkeep
|turn|14
|
|move|p2a: Dragapult|Dragon Dance|p2a: Dragapult
|-boost|p2a: Dragapult|atk|1
|-boost|p2a: Dragapult|spe|1
|move|p1a: Corviknight|Roost|p1a: Corviknight
|-heal|p1a: Corviknight|100/100
|-singleturn|p1a: Corviknight|move: Roost
|
|upkeep
|turn|15
|
|move|p2a: Dragapult|Phantom Force||[still]
|-prepare|p2a: Dragapult|Phantom Force|p1a: Corviknight
|move|p1a: Corviknight|Brave Bird|p2a: Dragapult|[miss]
|-miss|p1a: Corviknight|p2a: Dragapult
|
|upkeep
|turn|16
|
|move|p2a: Dragapult|Phantom Force|p1a: Corviknight|[from]lockedmove
|-damage|p1a: Corviknight|2/100
|-damage|p2a: Dragapult|3/100|[from] item: Life Orb
|move|p1a: Corviknight|Roost|p1a: Corviknight
|-heal|p1a: Corviknight|52/100
|-singleturn|p1a: Corviknight|move: Roost
|
|-heal|p1a: Corviknight|58/100|[from] item: Leftovers
|upkeep
|turn|17
|
|move|p2a: Dragapult|Phantom Force||[still]
|-prepare|p2a: Dragapult|Phantom Force|p1a: Corviknight
|move|p1a: Corviknight|Roost|p1a: Corviknight
|-heal|p1a: Corviknight|100/100
|-singleturn|p1a: Corviknight|move: Roost
|
|upkeep
|turn|18
|
|move|p2a: Dragapult|Phantom Force|p1a: Corviknight|[from]lockedmove
|-damage|p1a: Corviknight|9/100
|-damage|p2a: Dragapult|0 fnt|[from] item: Life Orb
|faint|p2a: Dragapult
|move|p1a: Corviknight|Roost|p1a: Corviknight
|-heal|p1a: Corviknight|59/100
|-singleturn|p1a: Corviknight|move: Roost
|
|-heal|p1a: Corviknight|65/100|[from] item: Leftovers
|upkeep
|
|switch|p2a: Obstagoon|Obstagoon, F|100/100
|-damage|p2a: Obstagoon|88/100|[from] Stealth Rock
|turn|19
|
|move|p2a: Obstagoon|Taunt|p1a: Corviknight
|-start|p1a: Corviknight|move: Taunt
|cant|p1a: Corviknight|move: Taunt|Roost
|
|-heal|p1a: Corviknight|71/100|[from] item: Leftovers
|-status|p2a: Obstagoon|brn|[from] item: Flame Orb
|upkeep
|turn|20
|
|move|p2a: Obstagoon|Knock Off|p1a: Corviknight
|-damage|p1a: Corviknight|35/100
|-enditem|p1a: Corviknight|Leftovers|[from] move: Knock Off|[of] p2a: Obstagoon
|move|p1a: Corviknight|U-turn|p2a: Obstagoon
|-supereffective|p2a: Obstagoon
|-damage|p2a: Obstagoon|59/100 brn
|
|switch|p1a: Hydreigon|Hydreigon, M|100/100|[from]move: U-turn
|-damage|p1a: Hydreigon|88/100|[from] Stealth Rock
|
|-damage|p2a: Obstagoon|53/100 brn|[from] brn
|upkeep
|turn|21
|
|move|p1a: Hydreigon|Draco Meteor|p2a: Obstagoon
|-damage|p2a: Obstagoon|0 fnt
|-unboost|p1a: Hydreigon|spa|2
|-damage|p1a: Hydreigon|78/100|[from] item: Life Orb
|faint|p2a: Obstagoon
|
|upkeep
|
|switch|p2a: Mimikyu|Mimikyu, F|100/100
|-damage|p2a: Mimikyu|88/100|[from] Stealth Rock
|turn|22
|
|move|p1a: Hydreigon|Flash Cannon|p2a: Mimikyu
|-activate|p2a: Mimikyu|ability: Disguise
|-damage|p2a: Mimikyu|88/100
|detailschange|p2a: Mimikyu|Mimikyu-Busted, F
|-damage|p2a: Mimikyu|76/100|[from] ability: Disguise|[of] p2a: Mimikyu
|-damage|p1a: Hydreigon|68/100|[from] item: Life Orb
|move|p2a: Mimikyu|Swords Dance|p2a: Mimikyu
|-boost|p2a: Mimikyu|atk|2
|
|upkeep
|turn|23
|
|switch|p1a: Corviknight|Corviknight, F|35/100
|-damage|p1a: Corviknight|22/100|[from] Stealth Rock
|-ability|p1a: Corviknight|Pressure
|move|p2a: Mimikyu|Play Rough|p1a: Corviknight
|-resisted|p1a: Corviknight
|-damage|p1a: Corviknight|2/100
|
|upkeep
|turn|24
|
|move|p2a: Mimikyu|Shadow Sneak|p1a: Corviknight
|-damage|p1a: Corviknight|0 fnt
|faint|p1a: Corviknight
|
|upkeep
|
|switch|p1a: Hydreigon|Hydreigon, M|68/100
|-damage|p1a: Hydreigon|56/100|[from] Stealth Rock
|turn|25
|
|move|p2a: Mimikyu|Shadow Sneak|p1a: Hydreigon
|-resisted|p1a: Hydreigon
|-damage|p1a: Hydreigon|36/100
|move|p1a: Hydreigon|Flash Cannon|p2a: Mimikyu
|-supereffective|p2a: Mimikyu
|-damage|p2a: Mimikyu|0 fnt
|-damage|p1a: Hydreigon|26/100|[from] item: Life Orb
|faint|p2a: Mimikyu
|
|upkeep
|
|switch|p2a: Dracovish|Dracovish|100/100
|-damage|p2a: Dracovish|88/100|[from] Stealth Rock
|turn|26
|
|switch|p1a: Seismitoad|Seismitoad, F|100/100
|-damage|p1a: Seismitoad|94/100|[from] Stealth Rock
|-activate|p1a: Seismitoad|move: Sticky Web
|-unboost|p1a: Seismitoad|spe|1
|move|p2a: Dracovish|Psychic Fangs|p1a: Seismitoad
|-damage|p1a: Seismitoad|59/100
|
|-heal|p1a: Seismitoad|65/100|[from] item: Leftovers
|upkeep
|turn|27
|
|move|p2a: Dracovish|Psychic Fangs|p1a: Seismitoad
|-damage|p1a: Seismitoad|27/100
|move|p1a: Seismitoad|Toxic|p2a: Dracovish
|-status|p2a: Dracovish|tox
|
|-heal|p1a: Seismitoad|33/100|[from] item: Leftovers
|-damage|p2a: Dracovish|82/100 tox|[from] psn
|upkeep
|turn|28
|
|switch|p2a: Cloyster|Cloyster, M|100/100
|-damage|p2a: Cloyster|76/100|[from] Stealth Rock
|switch|p1a: Aegislash|Aegislash, M|100/100
|-damage|p1a: Aegislash|94/100|[from] Stealth Rock
|-activate|p1a: Aegislash|move: Sticky Web
|-unboost|p1a: Aegislash|spe|1
|
|upkeep
|turn|29
|
|move|p2a: Cloyster|Shell Smash|p2a: Cloyster
|-unboost|p2a: Cloyster|def|1
|-unboost|p2a: Cloyster|spd|1
|-boost|p2a: Cloyster|atk|2
|-boost|p2a: Cloyster|spa|2
|-boost|p2a: Cloyster|spe|2
|-formechange|p1a: Aegislash|Aegislash-Blade||[from] ability: Stance Change
|move|p1a: Aegislash|Shadow Ball|p2a: Cloyster
|-damage|p2a: Cloyster|0 fnt
|faint|p2a: Cloyster
|
|upkeep
|-message|Like a bubble forfeited.
|
|win|diaperbabe29
|l|☆Like a bubble
|raw|diaperbabe29's rating: 1752 → 1761(+9 for winning)
|raw|Like a bubble's rating: 1540 → 1531(-9 for losing)
