|ScrapeTime|2020-01-01-12:11:53
|j|☆porrompompom
|j|☆randorosu123
|player|p1|porrompompom|169|1849
|player|p2|randorosu123|1|1552
|teamsize|p1|6
|teamsize|p2|6
|gametype|singles
|gen|8
|tier|[Gen 8] OU
|rated|
|rule|Sleep Clause Mod: Limit one foe put to sleep
|rule|Species Clause: Limit one of each Pokémon
|rule|OHKO Clause: OHKO moves are banned
|rule|Evasion Moves Clause: Evasion moves are banned
|rule|Endless Battle Clause: Forcing endless battles is banned
|rule|HP Percentage Mod: HP is shown in percentages
|clearpoke
|poke|p1|Pelipper, M|
|poke|p1|Dracovish|
|poke|p1|Barraskewda, F|
|poke|p1|Ferrothorn, F|
|poke|p1|Heliolisk, M|
|poke|p1|Corviknight, M|
|poke|p2|Heliolisk, M|
|poke|p2|Pelipper, F|
|poke|p2|Dracovish|
|poke|p2|Barraskewda, F|
|poke|p2|Gyarados, M|
|poke|p2|Ferrothorn, F|
|rule|Dynamax Clause: You cannot dynamax
|teampreview
|c|☆porrompompom|uh someone liked mine
|
|start
|switch|p1a: Heliolisk|Heliolisk, M|100/100
|switch|p2a: Barraskewda|Barraskewda, F|100/100
|turn|1
|
|switch|p1a: Pelipper|Pelipper, M|100/100
|-weather|RainDance|[from] ability: Drizzle|[of] p1a: Pelipper
|move|p2a: Barraskewda|Close Combat|p1a: Pelipper
|-resisted|p1a: Pelipper
|-damage|p1a: Pelipper|75/100
|-unboost|p2a: Barraskewda|def|1
|-unboost|p2a: Barraskewda|spd|1
|
|-weather|RainDance|[upkeep]
|upkeep
|turn|2
|
|switch|p2a: Heliolisk|Heliolisk, M|100/100
|move|p1a: Pelipper|U-turn|p2a: Heliolisk
|-damage|p2a: Heliolisk|79/100
|
|switch|p1a: Barraskewda|Barraskewda, F|100/100|[from]move: U-turn
|
|-weather|RainDance|[upkeep]
|-heal|p2a: Heliolisk|91/100|[from] ability: Dry Skin
|upkeep
|turn|3
|
|switch|p2a: Pelipper|Pelipper, F|100/100
|move|p1a: Barraskewda|Liquidation|p2a: Pelipper
|-resisted|p2a: Pelipper
|-damage|p2a: Pelipper|59/100
|
|-weather|RainDance|[upkeep]
|upkeep
|turn|4
|
|move|p1a: Barraskewda|Liquidation|p2a: Pelipper
|-resisted|p2a: Pelipper
|-damage|p2a: Pelipper|20/100
|move|p2a: Pelipper|U-turn|p1a: Barraskewda
|-damage|p1a: Barraskewda|84/100
|
|switch|p2a: Heliolisk|Heliolisk, M|91/100|[from]move: U-turn
|
|-weather|RainDance|[upkeep]
|-heal|p2a: Heliolisk|100/100|[from] ability: Dry Skin
|upkeep
|turn|5
|
|switch|p1a: Ferrothorn|Ferrothorn, F|100/100
|move|p2a: Heliolisk|Volt Switch|p1a: Ferrothorn
|-resisted|p1a: Ferrothorn
|-crit|p1a: Ferrothorn
|-damage|p1a: Ferrothorn|79/100
|-damage|p2a: Heliolisk|91/100|[from] item: Life Orb
|
|switch|p2a: Barraskewda|Barraskewda, F|100/100|[from]move: Volt Switch
|
|-weather|RainDance|[upkeep]
|-heal|p1a: Ferrothorn|85/100|[from] item: Leftovers
|upkeep
|turn|6
|
|switch|p1a: Pelipper|Pelipper, M|75/100
|move|p2a: Barraskewda|Close Combat|p1a: Pelipper
|-resisted|p1a: Pelipper
|-damage|p1a: Pelipper|49/100
|-unboost|p2a: Barraskewda|def|1
|-unboost|p2a: Barraskewda|spd|1
|
|-weather|RainDance|[upkeep]
|upkeep
|turn|7
|
|switch|p2a: Heliolisk|Heliolisk, M|91/100
|move|p1a: Pelipper|U-turn|p2a: Heliolisk
|-damage|p2a: Heliolisk|70/100
|
|switch|p1a: Barraskewda|Barraskewda, F|84/100|[from]move: U-turn
|
|-weather|RainDance|[upkeep]
|-heal|p2a: Heliolisk|83/100|[from] ability: Dry Skin
|upkeep
|turn|8
|
|switch|p2a: Pelipper|Pelipper, F|20/100
|move|p1a: Barraskewda|Psychic Fangs|p2a: Pelipper
|-crit|p2a: Pelipper
|-damage|p2a: Pelipper|0 fnt
|faint|p2a: Pelipper
|
|-weather|none
|upkeep
|
|switch|p2a: Heliolisk|Heliolisk, M|83/100
|turn|9
|inactive|Battle timer is ON: inactive players will automatically lose when time's up. (requested by randorosu123)
|
|move|p1a: Barraskewda|Psychic Fangs|p2a: Heliolisk
|-damage|p2a: Heliolisk|0 fnt
|faint|p2a: Heliolisk
|
|upkeep
|
|switch|p2a: Ferrothorn|Ferrothorn, F|100/100
|turn|10
|
|switch|p1a: Corviknight|Corviknight, M|100/100
|-ability|p1a: Corviknight|Pressure
|move|p2a: Ferrothorn|Knock Off|p1a: Corviknight
|-damage|p1a: Corviknight|82/100
|-enditem|p1a: Corviknight|Leftovers|[from] move: Knock Off|[of] p2a: Ferrothorn
|
|upkeep
|turn|11
|
|move|p1a: Corviknight|Brave Bird|p2a: Ferrothorn
|-damage|p2a: Ferrothorn|78/100
|-damage|p1a: Corviknight|69/100|[from] ability: Iron Barbs|[of] p2a: Ferrothorn
|-damage|p1a: Corviknight|63/100|[from] Recoil
|move|p2a: Ferrothorn|Leech Seed|p1a: Corviknight
|-start|p1a: Corviknight|move: Leech Seed
|
|-heal|p2a: Ferrothorn|84/100|[from] item: Leftovers
|-damage|p1a: Corviknight|51/100|[from] Leech Seed|[of] p2a: Ferrothorn
|-heal|p2a: Ferrothorn|98/100|[silent]
|upkeep
|turn|12
|
|switch|p2a: Gyarados|Gyarados, M|100/100
|move|p1a: Corviknight|Roost|p1a: Corviknight
|-heal|p1a: Corviknight|100/100
|-singleturn|p1a: Corviknight|move: Roost
|
|-damage|p1a: Corviknight|88/100|[from] Leech Seed|[of] p2a: Gyarados
|upkeep
|turn|13
|
|switch|p2a: Barraskewda|Barraskewda, F|100/100
|move|p1a: Corviknight|U-turn|p2a: Barraskewda
|-crit|p2a: Barraskewda
|-damage|p2a: Barraskewda|61/100
|
|switch|p1a: Dracovish|Dracovish|100/100|[from]move: U-turn
|
|upkeep
|turn|14
|
|move|p1a: Dracovish|Fishious Rend|p2a: Barraskewda
|-resisted|p2a: Barraskewda
|-damage|p2a: Barraskewda|0 fnt
|faint|p2a: Barraskewda
|
|upkeep
|
|switch|p2a: Ferrothorn|Ferrothorn, F|98/100
|turn|15
|
|switch|p1a: Corviknight|Corviknight, M|88/100
|-ability|p1a: Corviknight|Pressure
|move|p2a: Ferrothorn|Knock Off|p1a: Corviknight
|-crit|p1a: Corviknight
|-damage|p1a: Corviknight|72/100
|
|-heal|p2a: Ferrothorn|100/100|[from] item: Leftovers
|upkeep
|turn|16
|
|move|p1a: Corviknight|Brave Bird|p2a: Ferrothorn
|-damage|p2a: Ferrothorn|80/100
|-damage|p1a: Corviknight|59/100|[from] ability: Iron Barbs|[of] p2a: Ferrothorn
|-damage|p1a: Corviknight|53/100|[from] Recoil
|move|p2a: Ferrothorn|Leech Seed|p1a: Corviknight
|-start|p1a: Corviknight|move: Leech Seed
|
|-heal|p2a: Ferrothorn|86/100|[from] item: Leftovers
|-damage|p1a: Corviknight|41/100|[from] Leech Seed|[of] p2a: Ferrothorn
|-heal|p2a: Ferrothorn|99/100|[silent]
|upkeep
|turn|17
|j| TheLindomar
|l| TheLindomar
|
|switch|p2a: Gyarados|Gyarados, M|100/100
|move|p1a: Corviknight|Roost|p1a: Corviknight
|-heal|p1a: Corviknight|91/100
|-singleturn|p1a: Corviknight|move: Roost
|
|-damage|p1a: Corviknight|79/100|[from] Leech Seed|[of] p2a: Gyarados
|upkeep
|turn|18
|
|move|p2a: Gyarados|Dragon Dance|p2a: Gyarados
|-boost|p2a: Gyarados|atk|1
|-boost|p2a: Gyarados|spe|1
|move|p1a: Corviknight|U-turn|p2a: Gyarados
|-resisted|p2a: Gyarados
|-damage|p2a: Gyarados|91/100
|
|switch|p1a: Ferrothorn|Ferrothorn, F|85/100|[from]move: U-turn
|
|-heal|p1a: Ferrothorn|91/100|[from] item: Leftovers
|upkeep
|turn|19
|
|move|p2a: Gyarados|Earthquake|p1a: Ferrothorn
|-damage|p1a: Ferrothorn|61/100
|move|p1a: Ferrothorn|Power Whip|p2a: Gyarados
|-damage|p2a: Gyarados|42/100
|
|-heal|p1a: Ferrothorn|67/100|[from] item: Leftovers
|upkeep
|turn|20
|
|switch|p2a: Ferrothorn|Ferrothorn, F|99/100
|move|p1a: Ferrothorn|Power Whip|p2a: Ferrothorn
|-resisted|p2a: Ferrothorn
|-damage|p2a: Ferrothorn|94/100
|-damage|p1a: Ferrothorn|54/100|[from] ability: Iron Barbs|[of] p2a: Ferrothorn
|
|-heal|p1a: Ferrothorn|60/100|[from] item: Leftovers
|-heal|p2a: Ferrothorn|100/100|[from] item: Leftovers
|upkeep
|turn|21
|
|switch|p1a: Corviknight|Corviknight, M|79/100
|-ability|p1a: Corviknight|Pressure
|move|p2a: Ferrothorn|Leech Seed|p1a: Corviknight
|-start|p1a: Corviknight|move: Leech Seed
|
|-damage|p1a: Corviknight|67/100|[from] Leech Seed|[of] p2a: Ferrothorn
|upkeep
|turn|22
|
|move|p1a: Corviknight|Brave Bird|p2a: Ferrothorn
|-damage|p2a: Ferrothorn|77/100
|-damage|p1a: Corviknight|54/100|[from] ability: Iron Barbs|[of] p2a: Ferrothorn
|-damage|p1a: Corviknight|48/100|[from] Recoil
|move|p2a: Ferrothorn|Spikes|p1a: Corviknight
|-sidestart|p1: porrompompom|Spikes
|
|-heal|p2a: Ferrothorn|84/100|[from] item: Leftovers
|-damage|p1a: Corviknight|35/100|[from] Leech Seed|[of] p2a: Ferrothorn
|-heal|p2a: Ferrothorn|98/100|[silent]
|upkeep
|turn|23
|
|switch|p2a: Gyarados|Gyarados, M|42/100
|move|p1a: Corviknight|Brave Bird|p2a: Gyarados
|-damage|p2a: Gyarados|0 fnt
|-damage|p1a: Corviknight|24/100|[from] Recoil
|faint|p2a: Gyarados
|
|upkeep
|
|switch|p2a: Dracovish|Dracovish|100/100
|turn|24
|
|switch|p1a: Dracovish|Dracovish|100/100
|-damage|p1a: Dracovish|88/100|[from] Spikes
|move|p2a: Dracovish|Crunch|p1a: Dracovish
|-damage|p1a: Dracovish|27/100
|
|upkeep
|turn|25
|
|move|p1a: Dracovish|Crunch|p2a: Dracovish
|-damage|p2a: Dracovish|68/100
|move|p2a: Dracovish|Crunch|p1a: Dracovish
|-damage|p1a: Dracovish|0 fnt
|faint|p1a: Dracovish
|
|upkeep
|
|switch|p1a: Pelipper|Pelipper, M|49/100
|-weather|RainDance|[from] ability: Drizzle|[of] p1a: Pelipper
|turn|26
|
|move|p2a: Dracovish|Crunch|p1a: Pelipper
|-damage|p1a: Pelipper|8/100
|move|p1a: Pelipper|Roost|p1a: Pelipper
|-heal|p1a: Pelipper|58/100
|-singleturn|p1a: Pelipper|move: Roost
|
|-weather|RainDance|[upkeep]
|upkeep
|turn|27
|-message|randorosu123 forfeited.
|
|win|porrompompom
|l|☆randorosu123
|raw|porrompompom's rating: 1849 → 1855(+6 for winning)
|raw|randorosu123's rating: 1552 → 1546(-6 for losing)
