|ScrapeTime|2020-01-02-10:55:30
|j|☆kingslayers
|j|☆Zololl
|player|p1|kingslayers|benga|1211
|player|p2|Zololl|pokemonranger-gen4|1186
|teamsize|p1|6
|teamsize|p2|6
|gametype|singles
|gen|8
|tier|[Gen 8] OU
|rated|
|rule|Sleep Clause Mod: Limit one foe put to sleep
|rule|Species Clause: Limit one of each Pokémon
|rule|OHKO Clause: OHKO moves are banned
|rule|Evasion Moves Clause: Evasion moves are banned
|rule|Endless Battle Clause: Forcing endless battles is banned
|rule|HP Percentage Mod: HP is shown in percentages
|clearpoke
|poke|p1|Gyarados, F|
|poke|p1|Dracovish|
|poke|p1|Ditto|
|poke|p1|Rotom-Wash|
|poke|p1|Seismitoad, F|
|poke|p1|Pelipper, F|
|poke|p2|Togekiss, F|
|poke|p2|Excadrill, M|
|poke|p2|Rotom-Wash|
|poke|p2|Hydreigon, M|
|poke|p2|Quagsire, F|
|poke|p2|Grimmsnarl, M|
|rule|Dynamax Clause: You cannot dynamax
|teampreview
|
|start
|switch|p1a: Pelipper|Pelipper, F|100/100
|switch|p2a: Grimmsnarl|Grimmsnarl, M|100/100
|-weather|RainDance|[from] ability: Drizzle|[of] p1a: Pelipper
|turn|1
|inactive|Battle timer is ON: inactive players will automatically lose when time's up. (requested by Zololl)
|
|move|p2a: Grimmsnarl|Thunder Wave|p1a: Pelipper|[miss]
|-miss|p2a: Grimmsnarl|p1a: Pelipper
|move|p1a: Pelipper|Knock Off|p2a: Grimmsnarl
|-resisted|p2a: Grimmsnarl
|-damage|p2a: Grimmsnarl|97/100
|-enditem|p2a: Grimmsnarl|Leftovers|[from] move: Knock Off|[of] p1a: Pelipper
|
|-weather|RainDance|[upkeep]
|upkeep
|turn|2
|
|move|p2a: Grimmsnarl|Thunder Wave|p1a: Pelipper
|-status|p1a: Pelipper|par
|move|p1a: Pelipper|Scald|p2a: Grimmsnarl
|-damage|p2a: Grimmsnarl|51/100
|
|-weather|RainDance|[upkeep]
|upkeep
|turn|3
|
|switch|p1a: Seismitoad|Seismitoad, F|100/100
|move|p2a: Grimmsnarl|Spirit Break|p1a: Seismitoad
|-damage|p1a: Seismitoad|47/100
|-unboost|p1a: Seismitoad|spa|1
|
|-weather|RainDance|[upkeep]
|-heal|p1a: Seismitoad|53/100|[from] item: Leftovers
|upkeep
|turn|4
|
|move|p1a: Seismitoad|Drain Punch|p2a: Grimmsnarl
|-damage|p2a: Grimmsnarl|24/100
|-heal|p1a: Seismitoad|68/100|[from] drain|[of] p2a: Grimmsnarl
|move|p2a: Grimmsnarl|Spirit Break|p1a: Seismitoad
|-crit|p1a: Seismitoad
|-damage|p1a: Seismitoad|0 fnt
|faint|p1a: Seismitoad
|
|-weather|RainDance|[upkeep]
|upkeep
|
|switch|p1a: Dracovish|Dracovish|100/100
|turn|5
|
|move|p2a: Grimmsnarl|Thunder Wave|p1a: Dracovish
|-status|p1a: Dracovish|par
|move|p1a: Dracovish|Fishious Rend|p2a: Grimmsnarl
|-damage|p2a: Grimmsnarl|0 fnt
|faint|p2a: Grimmsnarl
|
|-weather|RainDance|[upkeep]
|upkeep
|
|switch|p2a: Swish|Rotom-Wash|100/100
|turn|6
|
|move|p2a: Swish|Trick|p1a: Dracovish
|-activate|p2a: Swish|move: Trick|[of] p1a: Dracovish
|-item|p1a: Dracovish|Toxic Orb|[from] move: Trick
|-item|p2a: Swish|Choice Band|[from] move: Trick
|move|p1a: Dracovish|Fishious Rend|p2a: Swish
|-resisted|p2a: Swish
|-damage|p2a: Swish|47/100
|
|-weather|RainDance|[upkeep]
|upkeep
|turn|7
|
|move|p2a: Swish|Thunderbolt|p1a: Dracovish
|-damage|p1a: Dracovish|52/100 par
|cant|p1a: Dracovish|par
|
|-weather|RainDance|[upkeep]
|upkeep
|turn|8
|
|move|p2a: Swish|Thunderbolt|p1a: Dracovish
|-damage|p1a: Dracovish|0 fnt
|faint|p1a: Dracovish
|
|-weather|none
|upkeep
|
|switch|p1a: Pelipper|Pelipper, F|100/100 par
|-weather|RainDance|[from] ability: Drizzle|[of] p1a: Pelipper
|turn|9
|
|move|p2a: Swish|Thunderbolt|p1a: Pelipper
|-supereffective|p1a: Pelipper
|-damage|p1a: Pelipper|0 fnt
|faint|p1a: Pelipper
|
|-weather|RainDance|[upkeep]
|upkeep
|
|switch|p1a: Rotom|Rotom-Wash|100/100
|turn|10
|
|switch|p2a: Basse|Quagsire, F, shiny|100/100
|move|p1a: Rotom|Volt Switch|p2a: Basse
|-immune|p2a: Basse
|
|-weather|RainDance|[upkeep]
|upkeep
|turn|11
|
|switch|p1a: Ditto|Ditto|100/100
|-transform|p1a: Ditto|p2a: Basse|[from] ability: Imposter
|move|p2a: Basse|Toxic|p1a: Ditto
|-status|p1a: Ditto|tox
|
|-weather|RainDance|[upkeep]
|-damage|p1a: Ditto|95/100 tox|[from] psn
|upkeep
|turn|12
|inactive|Zololl has 120 seconds left.
|
|switch|p2a: Animak|Excadrill, M|100/100
|-ability|p2a: Animak|Mold Breaker
|move|p1a: Ditto|Toxic|p2a: Animak
|-immune|p2a: Animak
|
|-weather|RainDance|[upkeep]
|-damage|p1a: Ditto|83/100 tox|[from] psn
|upkeep
|turn|13
|inactive|Zololl has 120 seconds left.
|
|switch|p1a: Rotom|Rotom-Wash|100/100
|move|p2a: Animak|Stealth Rock|p1a: Rotom
|-sidestart|p1: kingslayers|move: Stealth Rock
|
|-weather|RainDance|[upkeep]
|upkeep
|turn|14
|
|move|p1a: Rotom|Hydro Pump|p2a: Animak
|-supereffective|p2a: Animak
|-damage|p2a: Animak|0 fnt
|faint|p2a: Animak
|
|-weather|RainDance|[upkeep]
|upkeep
|inactive|Zololl has 120 seconds left.
|
|switch|p2a: Drache|Hydreigon, M|100/100
|turn|15
|inactive|Zololl has 120 seconds left.
|
|move|p1a: Rotom|Hydro Pump|p2a: Drache
|-resisted|p2a: Drache
|-damage|p2a: Drache|61/100
|move|p2a: Drache|Draco Meteor|p1a: Rotom
|-damage|p1a: Rotom|18/100
|-unboost|p2a: Drache|spa|2
|
|-weather|RainDance|[upkeep]
|-heal|p2a: Drache|67/100|[from] item: Leftovers
|upkeep
|turn|16
|inactive|Zololl has 120 seconds left.
|
|move|p1a: Rotom|Hydro Pump|p2a: Drache
|-resisted|p2a: Drache
|-damage|p2a: Drache|23/100
|move|p2a: Drache|Nasty Plot|p2a: Drache
|-boost|p2a: Drache|spa|2
|
|-weather|none
|-heal|p2a: Drache|29/100|[from] item: Leftovers
|upkeep
|turn|17
|inactive|Zololl has 120 seconds left.
|
|move|p1a: Rotom|Hydro Pump|p2a: Drache
|-resisted|p2a: Drache
|-damage|p2a: Drache|0 fnt
|faint|p2a: Drache
|
|upkeep
|
|switch|p2a: Basse|Quagsire, F, shiny|100/100
|turn|18
|inactive|Zololl has 120 seconds left.
|
|switch|p1a: Ditto|Ditto|83/100 tox
|-damage|p1a: Ditto|71/100 tox|[from] Stealth Rock
|-transform|p1a: Ditto|p2a: Basse|[from] ability: Imposter
|move|p2a: Basse|Toxic|p1a: Ditto
|-fail|p1a: Ditto|tox
|
|-damage|p1a: Ditto|65/100 tox|[from] psn
|upkeep
|turn|19
|
|move|p1a: Ditto|Toxic|p2a: Basse
|-status|p2a: Basse|tox
|move|p2a: Basse|Ancient Power|p1a: Ditto
|-resisted|p1a: Ditto
|-damage|p1a: Ditto|55/100 tox
|
|-damage|p1a: Ditto|43/100 tox|[from] psn
|-damage|p2a: Basse|94/100 tox|[from] psn
|upkeep
|turn|20
|
|switch|p1a: Rotom|Rotom-Wash|18/100
|-damage|p1a: Rotom|5/100|[from] Stealth Rock
|move|p2a: Basse|Toxic|p1a: Rotom
|-status|p1a: Rotom|tox
|
|-damage|p1a: Rotom|0 fnt|[from] psn
|faint|p1a: Rotom
|-damage|p2a: Basse|82/100 tox|[from] psn
|upkeep
|
|switch|p1a: Gyarados|Gyarados, F|100/100
|-damage|p1a: Gyarados|76/100|[from] Stealth Rock
|turn|21
|
|move|p1a: Gyarados|Dragon Dance|p1a: Gyarados
|-boost|p1a: Gyarados|atk|1
|-boost|p1a: Gyarados|spe|1
|move|p2a: Basse|Toxic|p1a: Gyarados
|-status|p1a: Gyarados|tox
|
|-heal|p1a: Gyarados|82/100 tox|[from] item: Leftovers
|-damage|p1a: Gyarados|76/100 tox|[from] psn
|-damage|p2a: Basse|64/100 tox|[from] psn
|upkeep
|turn|22
|inactive|kingslayers has 120 seconds left.
|
|switch|p2a: Brezzy|Togekiss, F|100/100
|move|p1a: Gyarados|Earthquake|p2a: Brezzy
|-immune|p2a: Brezzy
|
|-heal|p1a: Gyarados|82/100 tox|[from] item: Leftovers
|-damage|p1a: Gyarados|70/100 tox|[from] psn
|upkeep
|turn|23
|inactive|kingslayers has 120 seconds left.
|
|move|p1a: Gyarados|Bounce||[still]
|-prepare|p1a: Gyarados|Bounce|p2a: Brezzy
|move|p2a: Brezzy|Air Slash|p1a: Gyarados|[miss]
|-miss|p2a: Brezzy|p1a: Gyarados
|
|-heal|p1a: Gyarados|76/100 tox|[from] item: Leftovers
|-damage|p1a: Gyarados|58/100 tox|[from] psn
|upkeep
|turn|24
|
|move|p1a: Gyarados|Bounce|p2a: Brezzy|[from]lockedmove
|-damage|p2a: Brezzy|26/100
|move|p2a: Brezzy|Nasty Plot|p2a: Brezzy
|-boost|p2a: Brezzy|spa|2
|
|-heal|p1a: Gyarados|64/100 tox|[from] item: Leftovers
|-heal|p2a: Brezzy|32/100|[from] item: Leftovers
|-damage|p1a: Gyarados|39/100 tox|[from] psn
|upkeep
|turn|25
|
|move|p1a: Gyarados|Waterfall|p2a: Brezzy
|-damage|p2a: Brezzy|0 fnt
|faint|p2a: Brezzy
|-ability|p1a: Gyarados|Moxie|boost
|-boost|p1a: Gyarados|atk|1
|
|-heal|p1a: Gyarados|46/100 tox|[from] item: Leftovers
|-damage|p1a: Gyarados|15/100 tox|[from] psn
|upkeep
|
|switch|p2a: Basse|Quagsire, F, shiny|64/100 tox
|turn|26
|
|move|p1a: Gyarados|Earthquake|p2a: Basse
|-crit|p2a: Basse
|-damage|p2a: Basse|29/100 tox
|move|p2a: Basse|Recover|p2a: Basse
|-heal|p2a: Basse|79/100 tox
|
|-heal|p1a: Gyarados|21/100 tox|[from] item: Leftovers
|-damage|p1a: Gyarados|0 fnt|[from] psn
|faint|p1a: Gyarados
|-damage|p2a: Basse|73/100 tox|[from] psn
|upkeep
|
|switch|p1a: Ditto|Ditto|43/100 tox
|-damage|p1a: Ditto|31/100 tox|[from] Stealth Rock
|-transform|p1a: Ditto|p2a: Basse|[from] ability: Imposter
|turn|27
|
|move|p1a: Ditto|Ancient Power|p2a: Basse
|-resisted|p2a: Basse
|-damage|p2a: Basse|67/100 tox
|move|p2a: Basse|Ancient Power|p1a: Ditto
|-resisted|p1a: Ditto
|-damage|p1a: Ditto|22/100 tox
|
|-damage|p1a: Ditto|16/100 tox|[from] psn
|-damage|p2a: Basse|55/100 tox|[from] psn
|upkeep
|turn|28
|
|move|p1a: Ditto|Ancient Power|p2a: Basse
|-resisted|p2a: Basse
|-damage|p2a: Basse|49/100 tox
|-boost|p1a: Ditto|atk|1
|-boost|p1a: Ditto|def|1
|-boost|p1a: Ditto|spa|1
|-boost|p1a: Ditto|spd|1
|-boost|p1a: Ditto|spe|1
|move|p2a: Basse|Earthquake|p1a: Ditto
|-damage|p1a: Ditto|0 fnt
|faint|p1a: Ditto
|
|win|Zololl
|raw|kingslayers's rating: 1211 → 1184(-27 for losing)
|raw|Zololl's rating: 1187 → 1214(+27 for winning)
|l|☆kingslayers
