|ScrapeTime|2020-01-01-11:59:45
|j|☆dallyranks
|j|☆vqe
|player|p1|dallyranks|ingo|1421
|player|p2|vqe|101|1417
|teamsize|p1|6
|teamsize|p2|6
|gametype|singles
|gen|8
|tier|[Gen 8] OU
|rated|
|rule|Sleep Clause Mod: Limit one foe put to sleep
|rule|Species Clause: Limit one of each Pokémon
|rule|OHKO Clause: OHKO moves are banned
|rule|Evasion Moves Clause: Evasion moves are banned
|rule|Endless Battle Clause: Forcing endless battles is banned
|rule|HP Percentage Mod: HP is shown in percentages
|clearpoke
|poke|p1|Rotom-Heat|
|poke|p1|Seismitoad, F|
|poke|p1|Mandibuzz, F|
|poke|p1|Mimikyu, F|
|poke|p1|Aegislash, F|
|poke|p1|Noivern, M|
|poke|p2|Hatterene, F|
|poke|p2|Vaporeon, F|
|poke|p2|Aegislash, F|
|poke|p2|Mandibuzz, F|
|poke|p2|Dragapult, F|
|poke|p2|Dugtrio, M|
|rule|Dynamax Clause: You cannot dynamax
|teampreview
|
|start
|switch|p1a: Seismitoad|Seismitoad, F|100/100
|switch|p2a: Mandibuzz|Mandibuzz, F|100/100
|turn|1
|
|move|p2a: Mandibuzz|Knock Off|p1a: Seismitoad
|-damage|p1a: Seismitoad|84/100
|-enditem|p1a: Seismitoad|Chesto Berry|[from] move: Knock Off|[of] p2a: Mandibuzz
|move|p1a: Seismitoad|Stealth Rock|p2a: Mandibuzz
|-sidestart|p2: vqe|move: Stealth Rock
|
|upkeep
|turn|2
|
|switch|p1a: Rotom|Rotom-Heat|100/100
|move|p2a: Mandibuzz|Defog|p1a: Rotom
|-unboost|p1a: Rotom|evasion|1
|-sideend|p2: vqe|Stealth Rock|[from] move: Defog|[of] p2a: Mandibuzz
|
|upkeep
|turn|3
|
|move|p2a: Mandibuzz|Roost||[still]
|-fail|p2a: Mandibuzz|heal
|move|p1a: Rotom|Volt Switch|p2a: Mandibuzz
|-supereffective|p2a: Mandibuzz
|-damage|p2a: Mandibuzz|29/100
|
|switch|p1a: Noivern|Noivern, M|100/100|[from]move: Volt Switch
|
|-heal|p2a: Mandibuzz|35/100|[from] item: Leftovers
|upkeep
|turn|4
|inactive|Battle timer is ON: inactive players will automatically lose when time's up. (requested by vqe)
|
|switch|p2a: Hatterene|Hatterene, F|100/100
|move|p1a: Noivern|Draco Meteor|p2a: Hatterene
|-immune|p2a: Hatterene
|
|upkeep
|turn|5
|
|switch|p1a: Aegislash|Aegislash, F|100/100
|move|p2a: Hatterene|Mystical Fire|p1a: Aegislash
|-supereffective|p1a: Aegislash
|-crit|p1a: Aegislash
|-damage|p1a: Aegislash|38/100
|-enditem|p1a: Aegislash|Weakness Policy
|-boost|p1a: Aegislash|atk|2
|-boost|p1a: Aegislash|spa|2
|-unboost|p1a: Aegislash|spa|1
|
|upkeep
|turn|6
|
|switch|p2a: Vaporeon|Vaporeon, F|100/100
|-formechange|p1a: Aegislash|Aegislash-Blade||[from] ability: Stance Change
|move|p1a: Aegislash|Shadow Ball|p2a: Vaporeon
|-damage|p2a: Vaporeon|42/100
|
|-heal|p2a: Vaporeon|48/100|[from] item: Leftovers
|upkeep
|turn|7
|inactive|dallyranks has 120 seconds left.
|inactive|dallyranks has 90 seconds left.
|
|-formechange|p1a: Aegislash|Aegislash||[from] ability: Stance Change
|move|p1a: Aegislash|King's Shield|p1a: Aegislash
|-singleturn|p1a: Aegislash|Protect
|move|p2a: Vaporeon|Wish|p2a: Vaporeon
|
|-heal|p2a: Vaporeon|54/100|[from] item: Leftovers
|upkeep
|turn|8
|
|move|p2a: Vaporeon|Protect|p2a: Vaporeon
|-singleturn|p2a: Vaporeon|Protect
|-formechange|p1a: Aegislash|Aegislash-Blade||[from] ability: Stance Change
|move|p1a: Aegislash|Shadow Ball|p2a: Vaporeon
|-activate|p2a: Vaporeon|move: Protect
|
|-heal|p2a: Vaporeon|100/100|[from] move: Wish|[wisher] Vaporeon
|upkeep
|turn|9
|
|-formechange|p1a: Aegislash|Aegislash||[from] ability: Stance Change
|move|p1a: Aegislash|King's Shield|p1a: Aegislash
|-singleturn|p1a: Aegislash|Protect
|move|p2a: Vaporeon|Scald|p1a: Aegislash
|-activate|p1a: Aegislash|move: Protect
|
|upkeep
|turn|10
|
|move|p2a: Vaporeon|Scald|p1a: Aegislash
|-damage|p1a: Aegislash|15/100
|-formechange|p1a: Aegislash|Aegislash-Blade||[from] ability: Stance Change
|move|p1a: Aegislash|Shadow Ball|p2a: Vaporeon
|-damage|p2a: Vaporeon|49/100
|
|-heal|p2a: Vaporeon|55/100|[from] item: Leftovers
|upkeep
|turn|11
|
|switch|p1a: Seismitoad|Seismitoad, F|84/100
|move|p2a: Vaporeon|Scald|p1a: Seismitoad
|-heal|p1a: Seismitoad|100/100|[from] ability: Water Absorb|[of] p2a: Vaporeon
|
|-heal|p2a: Vaporeon|61/100|[from] item: Leftovers
|upkeep
|turn|12
|
|switch|p2a: Hatterene|Hatterene, F|100/100
|move|p1a: Seismitoad|Stealth Rock|p2a: Hatterene
|move|p2a: Hatterene|Stealth Rock|p1a: Seismitoad|[from]Magic Bounce
|-sidestart|p1: dallyranks|move: Stealth Rock
|
|upkeep
|turn|13
|inactive|dallyranks has 60 seconds left.
|inactive|dallyranks has 30 seconds left.
|inactive|dallyranks has 20 seconds left.
|
|move|p1a: Seismitoad|Scald|p2a: Hatterene
|-damage|p2a: Hatterene|76/100
|move|p2a: Hatterene|Psychic|p1a: Seismitoad
|-damage|p1a: Seismitoad|55/100
|
|-heal|p2a: Hatterene|82/100|[from] item: Leftovers
|upkeep
|turn|14
|inactive|dallyranks has 30 seconds left this turn.
|inactive|dallyranks has 20 seconds left.
|inactive|vqe has 120 seconds left.
|
|switch|p1a: Noivern|Noivern, M|100/100
|-damage|p1a: Noivern|75/100|[from] Stealth Rock
|move|p2a: Hatterene|Draining Kiss|p1a: Noivern
|-supereffective|p1a: Noivern
|-damage|p1a: Noivern|13/100
|-heal|p2a: Hatterene|100/100|[from] drain|[of] p1a: Noivern
|
|upkeep
|turn|15
|inactive|dallyranks has 30 seconds left this turn.
|inactive|dallyranks has 20 seconds left.
|-message|dallyranks forfeited.
|
|win|vqe
|inactive|dallyranks has 25 seconds left this turn.
|l|☆dallyranks
|raw|dallyranks's rating: 1422 → 1401(-21 for losing)
|raw|vqe's rating: 1417 → 1437(+20 for winning)
