|ScrapeTime|2020-01-02-09:35:33
|j|☆DDHmemeteamtesting
|j|☆PastisLandais3000
|player|p1|DDHmemeteamtesting|148|1262
|player|p2|PastisLandais3000|hiker-gen4|1245
|teamsize|p1|6
|teamsize|p2|6
|gametype|singles
|gen|8
|tier|[Gen 8] OU
|rated|
|rule|Sleep Clause Mod: Limit one foe put to sleep
|rule|Species Clause: Limit one of each Pokémon
|rule|OHKO Clause: OHKO moves are banned
|rule|Evasion Moves Clause: Evasion moves are banned
|rule|Endless Battle Clause: Forcing endless battles is banned
|rule|HP Percentage Mod: HP is shown in percentages
|clearpoke
|poke|p1|Tyranitar, F|
|poke|p1|Clefable, M|
|poke|p1|Corviknight, M|
|poke|p1|Dugtrio, M|
|poke|p1|Vaporeon, M|
|poke|p1|Gengar, F|
|poke|p2|Hawlucha, M|
|poke|p2|Ditto|
|poke|p2|Kommo-o, F|
|poke|p2|Grimmsnarl, M|
|poke|p2|Excadrill, F|
|poke|p2|Cloyster, F|
|rule|Dynamax Clause: You cannot dynamax
|teampreview
|
|start
|switch|p1a: Gengar|Gengar, F|100/100
|switch|p2a: Excadrill|Excadrill, F|100/100
|-ability|p2a: Excadrill|Mold Breaker
|turn|1
|
|switch|p1a: Corviknight|Corviknight, M|100/100
|-ability|p1a: Corviknight|Pressure
|move|p2a: Excadrill|Earthquake|p1a: Corviknight
|-immune|p1a: Corviknight
|
|upkeep
|turn|2
|
|move|p2a: Excadrill|Stealth Rock|p1a: Corviknight
|-sidestart|p1: DDHmemeteamtesting|move: Stealth Rock
|move|p1a: Corviknight|Body Press|p2a: Excadrill
|-supereffective|p2a: Excadrill
|-damage|p2a: Excadrill|35/100
|
|upkeep
|turn|3
|
|switch|p2a: Hawlucha|Hawlucha, M|100/100
|move|p1a: Corviknight|Defog|p2a: Hawlucha
|-unboost|p2a: Hawlucha|evasion|1
|-sideend|p1: DDHmemeteamtesting|Stealth Rock|[from] move: Defog|[of] p1a: Corviknight
|-enditem|p2a: Hawlucha|White Herb
|-clearnegativeboost|p2a: Hawlucha|[silent]
|
|upkeep
|turn|4
|
|move|p2a: Hawlucha|Swords Dance|p2a: Hawlucha
|-boost|p2a: Hawlucha|atk|2
|move|p1a: Corviknight|U-turn|p2a: Hawlucha
|-resisted|p2a: Hawlucha
|-damage|p2a: Hawlucha|95/100
|
|switch|p1a: Vaporeon|Vaporeon, M|100/100|[from]move: U-turn
|
|upkeep
|turn|5
|
|move|p2a: Hawlucha|Close Combat|p1a: Vaporeon
|-damage|p1a: Vaporeon|21/100
|-unboost|p2a: Hawlucha|def|1
|-unboost|p2a: Hawlucha|spd|1
|move|p1a: Vaporeon|Yawn|p2a: Hawlucha
|-start|p2a: Hawlucha|move: Yawn|[of] p1a: Vaporeon
|
|-heal|p1a: Vaporeon|27/100|[from] item: Leftovers
|upkeep
|turn|6
|
|move|p1a: Vaporeon|Protect|p1a: Vaporeon
|-singleturn|p1a: Vaporeon|Protect
|move|p2a: Hawlucha|Throat Chop|p1a: Vaporeon
|-activate|p1a: Vaporeon|move: Protect
|
|-heal|p1a: Vaporeon|33/100|[from] item: Leftovers
|-end|p2a: Hawlucha|move: Yawn|[silent]
|-status|p2a: Hawlucha|slp
|upkeep
|turn|7
|
|cant|p2a: Hawlucha|slp
|move|p1a: Vaporeon|Wish|p1a: Vaporeon
|
|-heal|p1a: Vaporeon|39/100|[from] item: Leftovers
|upkeep
|turn|8
|
|cant|p2a: Hawlucha|slp
|move|p1a: Vaporeon|Scald|p2a: Hawlucha
|-damage|p2a: Hawlucha|16/100 slp
|
|-heal|p1a: Vaporeon|89/100|[from] move: Wish|[wisher] Vaporeon
|-heal|p1a: Vaporeon|95/100|[from] item: Leftovers
|upkeep
|turn|9
|
|cant|p2a: Hawlucha|slp
|move|p1a: Vaporeon|Scald|p2a: Hawlucha
|-damage|p2a: Hawlucha|0 fnt
|faint|p2a: Hawlucha
|
|-heal|p1a: Vaporeon|100/100|[from] item: Leftovers
|upkeep
|
|switch|p2a: Grimmsnarl|Grimmsnarl, M|100/100
|turn|10
|
|move|p2a: Grimmsnarl|Taunt|p1a: Vaporeon
|-start|p1a: Vaporeon|move: Taunt
|move|p1a: Vaporeon|Scald|p2a: Grimmsnarl
|-damage|p2a: Grimmsnarl|62/100
|-status|p2a: Grimmsnarl|brn
|
|-damage|p2a: Grimmsnarl|56/100 brn|[from] brn
|upkeep
|turn|11
|
|switch|p1a: Dugtrio|Dugtrio, M|100/100
|move|p2a: Grimmsnarl|Reflect|p2a: Grimmsnarl
|-sidestart|p2: PastisLandais3000|Reflect
|
|-damage|p2a: Grimmsnarl|50/100 brn|[from] brn
|upkeep
|turn|12
|
|move|p2a: Grimmsnarl|Light Screen|p2a: Grimmsnarl
|-sidestart|p2: PastisLandais3000|move: Light Screen
|move|p1a: Dugtrio|Earthquake|p2a: Grimmsnarl
|-damage|p2a: Grimmsnarl|23/100 brn
|
|-damage|p2a: Grimmsnarl|17/100 brn|[from] brn
|upkeep
|turn|13
|
|move|p1a: Dugtrio|Earthquake|p2a: Grimmsnarl
|-damage|p2a: Grimmsnarl|0 fnt
|faint|p2a: Grimmsnarl
|
|upkeep
|
|switch|p2a: Cloyster|Cloyster, F|100/100
|turn|14
|
|switch|p1a: Vaporeon|Vaporeon, M|100/100
|move|p2a: Cloyster|Shell Smash|p2a: Cloyster
|-unboost|p2a: Cloyster|def|1
|-unboost|p2a: Cloyster|spd|1
|-boost|p2a: Cloyster|atk|2
|-boost|p2a: Cloyster|spa|2
|-boost|p2a: Cloyster|spe|2
|
|upkeep
|turn|15
|
|move|p2a: Cloyster|Rock Blast|p1a: Vaporeon|[miss]
|-miss|p2a: Cloyster|p1a: Vaporeon
|move|p1a: Vaporeon|Yawn|p2a: Cloyster
|-start|p2a: Cloyster|move: Yawn|[of] p1a: Vaporeon
|
|upkeep
|turn|16
|
|switch|p2a: Kommo-o|Kommo-o, F|100/100
|move|p1a: Vaporeon|Protect||[still]
|-fail|p1a: Vaporeon
|
|upkeep
|turn|17
|
|move|p2a: Kommo-o|Clanging Scales|p1a: Vaporeon
|-damage|p1a: Vaporeon|64/100
|-unboost|p2a: Kommo-o|def|1
|-enditem|p2a: Kommo-o|Throat Spray
|-boost|p2a: Kommo-o|spa|1
|move|p1a: Vaporeon|Yawn|p2a: Kommo-o
|-start|p2a: Kommo-o|move: Yawn|[of] p1a: Vaporeon
|
|-heal|p1a: Vaporeon|70/100|[from] item: Leftovers
|upkeep
|turn|18
|
|switch|p2a: Cloyster|Cloyster, F|100/100
|move|p1a: Vaporeon|Wish|p1a: Vaporeon
|
|-heal|p1a: Vaporeon|76/100|[from] item: Leftovers
|-sideend|p2: PastisLandais3000|Reflect
|upkeep
|turn|19
|
|move|p2a: Cloyster|Shell Smash|p2a: Cloyster
|-unboost|p2a: Cloyster|def|1
|-unboost|p2a: Cloyster|spd|1
|-boost|p2a: Cloyster|atk|2
|-boost|p2a: Cloyster|spa|2
|-boost|p2a: Cloyster|spe|2
|move|p1a: Vaporeon|Yawn|p2a: Cloyster
|-start|p2a: Cloyster|move: Yawn|[of] p1a: Vaporeon
|
|-heal|p1a: Vaporeon|100/100|[from] move: Wish|[wisher] Vaporeon
|-sideend|p2: PastisLandais3000|move: Light Screen
|upkeep
|turn|20
|
|move|p2a: Cloyster|Rock Blast|p1a: Vaporeon
|-damage|p1a: Vaporeon|89/100
|-damage|p1a: Vaporeon|78/100
|-damage|p1a: Vaporeon|67/100
|-damage|p1a: Vaporeon|55/100
|-damage|p1a: Vaporeon|43/100
|-hitcount|p1a: Vaporeon|5
|move|p1a: Vaporeon|Scald|p2a: Cloyster
|-resisted|p2a: Cloyster
|-damage|p2a: Cloyster|42/100
|
|-heal|p1a: Vaporeon|50/100|[from] item: Leftovers
|-end|p2a: Cloyster|move: Yawn|[silent]
|-status|p2a: Cloyster|slp
|upkeep
|turn|21
|-message|PastisLandais3000 forfeited.
|
|win|DDHmemeteamtesting
|raw|DDHmemeteamtesting's rating: 1262 → 1284(+22 for winning)
|raw|PastisLandais3000's rating: 1218 → 1196(-22 for losing)
|l|☆PastisLandais3000
