|ScrapeTime|2020-01-02-09:54:50
|j|☆DaZb0n3z
|j|☆kevinaigrette
|player|p1|DaZb0n3z|169|1304
|player|p2|kevinaigrette|2|1274
|teamsize|p1|6
|teamsize|p2|6
|gametype|singles
|gen|8
|tier|[Gen 8] OU
|rated|
|rule|Sleep Clause Mod: Limit one foe put to sleep
|rule|Species Clause: Limit one of each Pokémon
|rule|OHKO Clause: OHKO moves are banned
|rule|Evasion Moves Clause: Evasion moves are banned
|rule|Endless Battle Clause: Forcing endless battles is banned
|rule|HP Percentage Mod: HP is shown in percentages
|clearpoke
|poke|p1|Seismitoad, F|
|poke|p1|Centiskorch, F|
|poke|p1|Dragapult, M|
|poke|p1|Conkeldurr, F|
|poke|p1|Corviknight, F|
|poke|p1|Rotom-Wash|
|poke|p2|Dragapult, M|
|poke|p2|Conkeldurr, F|
|poke|p2|Hatterene, F|
|poke|p2|Rotom-Wash|
|poke|p2|Bisharp, M|
|poke|p2|Hydreigon, F|
|rule|Dynamax Clause: You cannot dynamax
|teampreview
|
|start
|switch|p1a: Centiskorch|Centiskorch, F|100/100
|switch|p2a: Conkeldurr|Conkeldurr, F|100/100
|turn|1
|inactive|Battle timer is ON: inactive players will automatically lose when time's up. (requested by kevinaigrette)
|inactive|DaZb0n3z has 120 seconds left.
|
|move|p1a: Centiskorch|Knock Off|p2a: Conkeldurr
|-resisted|p2a: Conkeldurr
|-damage|p2a: Conkeldurr|90/100
|-enditem|p2a: Conkeldurr|Flame Orb|[from] move: Knock Off|[of] p1a: Centiskorch
|move|p2a: Conkeldurr|Power-Up Punch|p1a: Centiskorch
|-resisted|p1a: Centiskorch
|-crit|p1a: Centiskorch
|-damage|p1a: Centiskorch|80/100
|-boost|p2a: Conkeldurr|atk|1
|
|upkeep
|turn|2
|
|switch|p1a: Corviknight|Corviknight, F|100/100
|-ability|p1a: Corviknight|Pressure
|move|p2a: Conkeldurr|Earthquake|p1a: Corviknight
|-immune|p1a: Corviknight
|
|upkeep
|turn|3
|
|move|p1a: Corviknight|Brave Bird|p2a: Conkeldurr
|-supereffective|p2a: Conkeldurr
|-damage|p2a: Conkeldurr|25/100
|-damage|p1a: Corviknight|78/100|[from] Recoil
|move|p2a: Conkeldurr|Power-Up Punch|p1a: Corviknight
|-damage|p1a: Corviknight|52/100
|-boost|p2a: Conkeldurr|atk|1
|
|-heal|p1a: Corviknight|59/100|[from] item: Leftovers
|upkeep
|turn|4
|
|switch|p1a: Dragapult|Dragapult, M|100/100
|move|p2a: Conkeldurr|Mach Punch|p1a: Dragapult
|-immune|p1a: Dragapult
|
|upkeep
|turn|5
|
|switch|p2a: Hydreigon|Hydreigon, F|100/100
|move|p1a: Dragapult|Shadow Ball|p2a: Hydreigon
|-resisted|p2a: Hydreigon
|-damage|p2a: Hydreigon|73/100
|
|upkeep
|turn|6
|inactive|kevinaigrette has 120 seconds left.
|inactive|DaZb0n3z has 120 seconds left.
|
|switch|p1a: Conkeldurr|Conkeldurr, F|100/100
|move|p2a: Hydreigon|Draco Meteor|p1a: Conkeldurr
|-damage|p1a: Conkeldurr|31/100
|-unboost|p2a: Hydreigon|spa|2
|
|-status|p1a: Conkeldurr|brn|[from] item: Flame Orb
|upkeep
|turn|7
|inactive|kevinaigrette has 120 seconds left.
|
|switch|p2a: Conkeldurr|Conkeldurr, F|25/100
|switch|p1a: Centiskorch|Centiskorch, F|80/100
|
|upkeep
|turn|8
|inactive|kevinaigrette has 120 seconds left.
|
|move|p1a: Centiskorch|Fire Lash|p2a: Conkeldurr
|-damage|p2a: Conkeldurr|0 fnt
|faint|p2a: Conkeldurr
|
|upkeep
|inactive|kevinaigrette has 120 seconds left.
|
|switch|p2a: Rotom|Rotom-Wash|100/100
|turn|9
|inactive|DaZb0n3z has 90 seconds left.
|inactive|kevinaigrette has 90 seconds left.
|
|switch|p1a: Seismitoad|Seismitoad, F|100/100
|move|p2a: Rotom|Volt Switch|p1a: Seismitoad
|-immune|p1a: Seismitoad
|
|upkeep
|turn|10
|inactive|kevinaigrette has 90 seconds left.
|
|switch|p2a: Hatterene|Hatterene, F|100/100
|move|p1a: Seismitoad|Scald|p2a: Hatterene
|-damage|p2a: Hatterene|75/100
|
|upkeep
|turn|11
|
|move|p1a: Seismitoad|Earthquake|p2a: Hatterene
|-damage|p2a: Hatterene|37/100
|move|p2a: Hatterene|Calm Mind|p2a: Hatterene
|-boost|p2a: Hatterene|spa|1
|-boost|p2a: Hatterene|spd|1
|
|upkeep
|turn|12
|
|move|p1a: Seismitoad|Earthquake|p2a: Hatterene
|-damage|p2a: Hatterene|0 fnt
|faint|p2a: Hatterene
|
|upkeep
|
|switch|p2a: Dragapult|Dragapult, M|100/100
|turn|13
|inactive|DaZb0n3z has 90 seconds left.
|
|switch|p1a: Corviknight|Corviknight, F|59/100
|-ability|p1a: Corviknight|Pressure
|move|p2a: Dragapult|Dragon Dance|p2a: Dragapult
|-boost|p2a: Dragapult|atk|1
|-boost|p2a: Dragapult|spe|1
|
|-heal|p1a: Corviknight|65/100|[from] item: Leftovers
|upkeep
|turn|14
|
|move|p2a: Dragapult|U-turn|p1a: Corviknight
|-resisted|p1a: Corviknight
|-damage|p1a: Corviknight|59/100
|
|switch|p2a: Rotom|Rotom-Wash|100/100|[from]move: U-turn
|move|p1a: Corviknight|Brave Bird|p2a: Rotom
|-resisted|p2a: Rotom
|-damage|p2a: Rotom|76/100
|-damage|p1a: Corviknight|54/100|[from] Recoil
|
|-heal|p1a: Corviknight|61/100|[from] item: Leftovers
|upkeep
|turn|15
|
|move|p2a: Rotom|Hydro Pump|p1a: Corviknight|[miss]
|-miss|p2a: Rotom|p1a: Corviknight
|move|p1a: Corviknight|Roost|p1a: Corviknight
|-heal|p1a: Corviknight|100/100
|-singleturn|p1a: Corviknight|move: Roost
|
|upkeep
|turn|16
|
|switch|p2a: Dragapult|Dragapult, M|100/100
|switch|p1a: Seismitoad|Seismitoad, F|100/100
|
|upkeep
|turn|17
|
|switch|p1a: Centiskorch|Centiskorch, F|80/100
|move|p2a: Dragapult|Dragon Dance|p2a: Dragapult
|-boost|p2a: Dragapult|atk|1
|-boost|p2a: Dragapult|spe|1
|
|upkeep
|turn|18
|
|move|p2a: Dragapult|Dragon Dance|p2a: Dragapult
|-boost|p2a: Dragapult|atk|1
|-boost|p2a: Dragapult|spe|1
|move|p1a: Centiskorch|Knock Off|p2a: Dragapult
|-supereffective|p2a: Dragapult
|-damage|p2a: Dragapult|31/100
|-enditem|p2a: Dragapult|Leftovers|[from] move: Knock Off|[of] p1a: Centiskorch
|
|upkeep
|turn|19
|inactive|kevinaigrette has 60 seconds left.
|
|move|p2a: Dragapult|Phantom Force||[still]
|-prepare|p2a: Dragapult|Phantom Force|p1a: Centiskorch
|move|p1a: Centiskorch|Knock Off|p2a: Dragapult|[miss]
|-miss|p1a: Centiskorch|p2a: Dragapult
|
|upkeep
|turn|20
|
|move|p2a: Dragapult|Phantom Force|p1a: Centiskorch|[from]lockedmove
|-damage|p1a: Centiskorch|0 fnt
|faint|p1a: Centiskorch
|
|upkeep
|
|switch|p1a: Corviknight|Corviknight, F|100/100
|-ability|p1a: Corviknight|Pressure
|turn|21
|
|move|p2a: Dragapult|U-turn|p1a: Corviknight
|-resisted|p1a: Corviknight
|-damage|p1a: Corviknight|92/100
|
|switch|p2a: Bisharp|Bisharp, M|100/100|[from]move: U-turn
|move|p1a: Corviknight|Brave Bird|p2a: Bisharp
|-resisted|p2a: Bisharp
|-damage|p2a: Bisharp|82/100
|-damage|p1a: Corviknight|87/100|[from] Recoil
|
|-heal|p1a: Corviknight|93/100|[from] item: Leftovers
|upkeep
|turn|22
|
|move|p2a: Bisharp|Thunder Wave|p1a: Corviknight
|-status|p1a: Corviknight|par
|move|p1a: Corviknight|Taunt|p2a: Bisharp
|-start|p2a: Bisharp|move: Taunt
|
|-heal|p1a: Corviknight|99/100 par|[from] item: Leftovers
|upkeep
|turn|23
|inactive|DaZb0n3z has 90 seconds left.
|
|switch|p1a: Seismitoad|Seismitoad, F|100/100
|move|p2a: Bisharp|Iron Head|p1a: Seismitoad
|-resisted|p1a: Seismitoad
|-damage|p1a: Seismitoad|83/100
|
|-heal|p1a: Seismitoad|89/100|[from] item: Leftovers
|upkeep
|turn|24
|inactive|DaZb0n3z has 90 seconds left.
|
|switch|p2a: Rotom|Rotom-Wash|76/100
|move|p1a: Seismitoad|Stealth Rock|p2a: Rotom
|-sidestart|p2: kevinaigrette|move: Stealth Rock
|
|-heal|p1a: Seismitoad|95/100|[from] item: Leftovers
|upkeep
|turn|25
|inactive|kevinaigrette has 60 seconds left.
|
|move|p2a: Rotom|Trick|p1a: Seismitoad
|-activate|p2a: Rotom|move: Trick|[of] p1a: Seismitoad
|-item|p1a: Seismitoad|Choice Scarf|[from] move: Trick
|-item|p2a: Rotom|Leftovers|[from] move: Trick
|move|p1a: Seismitoad|Toxic|p2a: Rotom
|-status|p2a: Rotom|tox
|
|-heal|p2a: Rotom|82/100 tox|[from] item: Leftovers
|-damage|p2a: Rotom|76/100 tox|[from] psn
|upkeep
|turn|26
|inactive|DaZb0n3z has 90 seconds left.
|
|switch|p1a: Rotom|Rotom-Wash|100/100
|move|p2a: Rotom|Light Screen|p2a: Rotom
|-sidestart|p2: kevinaigrette|move: Light Screen
|
|-heal|p2a: Rotom|82/100 tox|[from] item: Leftovers
|-damage|p2a: Rotom|69/100 tox|[from] psn
|upkeep
|turn|27
|inactive|kevinaigrette has 60 seconds left.
|
|move|p1a: Rotom|Hydro Pump|p2a: Rotom
|-resisted|p2a: Rotom
|-damage|p2a: Rotom|57/100 tox
|move|p2a: Rotom|Volt Switch|p1a: Rotom
|-damage|p1a: Rotom|69/100
|
|switch|p2a: Bisharp|Bisharp, M|82/100|[from]move: Volt Switch
|-damage|p2a: Bisharp|76/100|[from] Stealth Rock
|
|upkeep
|turn|28
|inactive|DaZb0n3z has 90 seconds left.
|
|switch|p1a: Conkeldurr|Conkeldurr, F|31/100 brn
|move|p2a: Bisharp|Swords Dance|p2a: Bisharp
|-boost|p2a: Bisharp|atk|2
|
|-damage|p1a: Conkeldurr|25/100 brn|[from] brn
|upkeep
|turn|29
|
|move|p2a: Bisharp|Sucker Punch|p1a: Conkeldurr
|-resisted|p1a: Conkeldurr
|-damage|p1a: Conkeldurr|0 fnt
|faint|p1a: Conkeldurr
|
|upkeep
|
|switch|p1a: Rotom|Rotom-Wash|69/100
|turn|30
|
|move|p1a: Rotom|Trick|p2a: Bisharp
|-activate|p1a: Rotom|move: Trick|[of] p2a: Bisharp
|-item|p2a: Bisharp|Choice Scarf|[from] move: Trick
|-item|p1a: Rotom|Focus Sash|[from] move: Trick
|move|p2a: Bisharp|Swords Dance|p2a: Bisharp
|-boost|p2a: Bisharp|atk|2
|
|-sideend|p2: kevinaigrette|move: Light Screen
|upkeep
|turn|31
|
|switch|p2a: Rotom|Rotom-Wash|57/100 tox
|-damage|p2a: Rotom|44/100 tox|[from] Stealth Rock
|move|p1a: Rotom|Volt Switch|p2a: Rotom
|-damage|p2a: Rotom|6/100 tox
|
|switch|p1a: Seismitoad|Seismitoad, F|95/100|[from]move: Volt Switch
|
|-heal|p2a: Rotom|13/100 tox|[from] item: Leftovers
|-damage|p2a: Rotom|6/100 tox|[from] psn
|upkeep
|turn|32
|inactive|kevinaigrette has 60 seconds left.
|
|move|p2a: Rotom|Light Screen|p2a: Rotom
|-sidestart|p2: kevinaigrette|move: Light Screen
|move|p1a: Seismitoad|Scald|p2a: Rotom
|-resisted|p2a: Rotom
|-damage|p2a: Rotom|0 fnt
|faint|p2a: Rotom
|
|upkeep
|inactive|kevinaigrette has 60 seconds left.
|
|switch|p2a: Dragapult|Dragapult, M|31/100
|-damage|p2a: Dragapult|19/100|[from] Stealth Rock
|turn|33
|inactive|kevinaigrette has 60 seconds left.
|
|switch|p1a: Corviknight|Corviknight, F|99/100 par
|-ability|p1a: Corviknight|Pressure
|move|p2a: Dragapult|Dragon Dance|p2a: Dragapult
|-boost|p2a: Dragapult|atk|1
|-boost|p2a: Dragapult|spe|1
|
|-heal|p1a: Corviknight|100/100 par|[from] item: Leftovers
|upkeep
|turn|34
|inactive|kevinaigrette has 60 seconds left.
|
|move|p2a: Dragapult|Phantom Force||[still]
|-prepare|p2a: Dragapult|Phantom Force|p1a: Corviknight
|move|p1a: Corviknight|Brave Bird|p2a: Dragapult|[miss]
|-miss|p1a: Corviknight|p2a: Dragapult
|
|upkeep
|turn|35
|
|move|p2a: Dragapult|Phantom Force|p1a: Corviknight|[from]lockedmove
|-damage|p1a: Corviknight|58/100 par
|move|p1a: Corviknight|Brave Bird|p2a: Dragapult
|-damage|p2a: Dragapult|0 fnt
|-damage|p1a: Corviknight|53/100 par|[from] Recoil
|faint|p2a: Dragapult
|
|-heal|p1a: Corviknight|60/100 par|[from] item: Leftovers
|upkeep
|
|switch|p2a: Bisharp|Bisharp, M|76/100
|-damage|p2a: Bisharp|70/100|[from] Stealth Rock
|turn|36
|inactive|DaZb0n3z has 90 seconds left.
|
|move|p2a: Bisharp|Swords Dance|p2a: Bisharp
|-boost|p2a: Bisharp|atk|2
|cant|p1a: Corviknight|par
|
|-heal|p1a: Corviknight|66/100 par|[from] item: Leftovers
|-sideend|p2: kevinaigrette|move: Light Screen
|upkeep
|turn|37
|-message|kevinaigrette forfeited.
|
|win|DaZb0n3z
|l|☆kevinaigrette
|raw|DaZb0n3z's rating: 1304 → 1322(+18 for winning)
|raw|kevinaigrette's rating: 1275 → 1252(-23 for losing)
