|ScrapeTime|2020-01-02-05:24:36
|j|‽cellgenesis
|j|☆gyhfght
|player|p1|cellgenesis|266|1443
|player|p2|gyhfght|drayden|1500
|teamsize|p1|6
|teamsize|p2|6
|gametype|singles
|gen|8
|tier|[Gen 8] OU
|rated|
|rule|Sleep Clause Mod: Limit one foe put to sleep
|rule|Species Clause: Limit one of each Pokémon
|rule|OHKO Clause: OHKO moves are banned
|rule|Evasion Moves Clause: Evasion moves are banned
|rule|Endless Battle Clause: Forcing endless battles is banned
|rule|HP Percentage Mod: HP is shown in percentages
|clearpoke
|poke|p1|Grimmsnarl, M|
|poke|p1|Polteageist|
|poke|p1|Kommo-o, F|
|poke|p1|Toxapex, F|
|poke|p1|Ferrothorn, M|
|poke|p1|Tyranitar, F|
|poke|p2|Corviknight, F|
|poke|p2|Sylveon, F|
|poke|p2|Rotom-Heat|
|poke|p2|Ferrothorn, F|
|poke|p2|Conkeldurr, M|
|poke|p2|Dragapult, M|
|rule|Dynamax Clause: You cannot dynamax
|teampreview
|inactive|Battle timer is ON: inactive players will automatically lose when time's up. (requested by gyhfght)
|
|start
|switch|p1a: Kommo-o|Kommo-o, F, shiny|100/100
|switch|p2a: Rotom|Rotom-Heat|100/100
|turn|1
|
|move|p2a: Rotom|Will-O-Wisp|p1a: Kommo-o
|-status|p1a: Kommo-o|brn
|move|p1a: Kommo-o|Stealth Rock|p2a: Rotom
|-sidestart|p2: gyhfght|move: Stealth Rock
|
|-damage|p1a: Kommo-o|94/100 brn|[from] brn
|upkeep
|turn|2
|
|move|p2a: Rotom|Volt Switch|p1a: Kommo-o
|-resisted|p1a: Kommo-o
|-damage|p1a: Kommo-o|83/100 brn
|
|switch|p2a: Corviknight|Corviknight, F|100/100|[from]move: Volt Switch
|-damage|p2a: Corviknight|88/100|[from] Stealth Rock
|-ability|p2a: Corviknight|Pressure
|move|p1a: Kommo-o|Dragon Tail|p2a: Corviknight
|-resisted|p2a: Corviknight
|-damage|p2a: Corviknight|84/100
|drag|p2a: Ferrothorn|Ferrothorn, F|100/100
|-damage|p2a: Ferrothorn|94/100|[from] Stealth Rock
|
|-heal|p1a: Kommo-o|89/100 brn|[from] item: Leftovers
|-heal|p2a: Ferrothorn|100/100|[from] item: Leftovers
|-damage|p1a: Kommo-o|83/100 brn|[from] brn
|upkeep
|turn|3
|
|move|p1a: Kommo-o|Body Press|p2a: Ferrothorn
|-supereffective|p2a: Ferrothorn
|-damage|p2a: Ferrothorn|67/100
|-damage|p1a: Kommo-o|71/100 brn|[from] ability: Iron Barbs|[of] p2a: Ferrothorn
|move|p2a: Ferrothorn|Stealth Rock|p1a: Kommo-o
|-sidestart|p1: cellgenesis|move: Stealth Rock
|
|-heal|p1a: Kommo-o|77/100 brn|[from] item: Leftovers
|-heal|p2a: Ferrothorn|73/100|[from] item: Leftovers
|-damage|p1a: Kommo-o|71/100 brn|[from] brn
|upkeep
|turn|4
|inactive|cellgenesis has 120 seconds left.
|
|move|p2a: Ferrothorn|Protect|p2a: Ferrothorn
|-singleturn|p2a: Ferrothorn|Protect
|move|p1a: Kommo-o|Substitute|p1a: Kommo-o
|-start|p1a: Kommo-o|Substitute
|-damage|p1a: Kommo-o|46/100 brn
|
|-heal|p1a: Kommo-o|52/100 brn|[from] item: Leftovers
|-heal|p2a: Ferrothorn|79/100|[from] item: Leftovers
|-damage|p1a: Kommo-o|46/100 brn|[from] brn
|upkeep
|turn|5
|
|switch|p2a: Corviknight|Corviknight, F|84/100
|-damage|p2a: Corviknight|72/100|[from] Stealth Rock
|-ability|p2a: Corviknight|Pressure
|move|p1a: Kommo-o|Body Press|p2a: Corviknight
|-damage|p2a: Corviknight|56/100
|
|-heal|p1a: Kommo-o|52/100 brn|[from] item: Leftovers
|-heal|p2a: Corviknight|62/100|[from] item: Leftovers
|-damage|p1a: Kommo-o|46/100 brn|[from] brn
|upkeep
|turn|6
|
|move|p1a: Kommo-o|Body Press|p2a: Corviknight
|-damage|p2a: Corviknight|48/100
|move|p2a: Corviknight|Roost|p2a: Corviknight
|-heal|p2a: Corviknight|98/100
|-singleturn|p2a: Corviknight|move: Roost
|
|-heal|p1a: Kommo-o|52/100 brn|[from] item: Leftovers
|-heal|p2a: Corviknight|100/100|[from] item: Leftovers
|-damage|p1a: Kommo-o|46/100 brn|[from] brn
|upkeep
|turn|7
|
|move|p2a: Corviknight|Brave Bird|p1a: Kommo-o
|-supereffective|p1a: Kommo-o
|-end|p1a: Kommo-o|Substitute
|-damage|p2a: Corviknight|93/100|[from] Recoil|[of] p1a: Kommo-o
|move|p1a: Kommo-o|Dragon Tail|p2a: Corviknight
|-resisted|p2a: Corviknight
|-damage|p2a: Corviknight|89/100
|drag|p2a: Ferrothorn|Ferrothorn, F|79/100
|-damage|p2a: Ferrothorn|73/100|[from] Stealth Rock
|
|-heal|p1a: Kommo-o|52/100 brn|[from] item: Leftovers
|-heal|p2a: Ferrothorn|79/100|[from] item: Leftovers
|-damage|p1a: Kommo-o|46/100 brn|[from] brn
|upkeep
|turn|8
|
|switch|p2a: Sylveon|Sylveon, F|100/100
|-damage|p2a: Sylveon|88/100|[from] Stealth Rock
|move|p1a: Kommo-o|Body Press|p2a: Sylveon
|-resisted|p2a: Sylveon
|-damage|p2a: Sylveon|74/100
|
|-heal|p1a: Kommo-o|52/100 brn|[from] item: Leftovers
|-heal|p2a: Sylveon|80/100|[from] item: Leftovers
|-damage|p1a: Kommo-o|46/100 brn|[from] brn
|upkeep
|turn|9
|
|switch|p1a: Ferrothorn|Ferrothorn, M|100/100
|-damage|p1a: Ferrothorn|94/100|[from] Stealth Rock
|switch|p2a: Conkeldurr|Conkeldurr, M|100/100
|-damage|p2a: Conkeldurr|94/100|[from] Stealth Rock
|
|-heal|p1a: Ferrothorn|100/100|[from] item: Leftovers
|-status|p2a: Conkeldurr|brn|[from] item: Flame Orb
|upkeep
|turn|10
|
|move|p2a: Conkeldurr|Earthquake|p1a: Ferrothorn
|-damage|p1a: Ferrothorn|50/100
|move|p1a: Ferrothorn|Leech Seed|p2a: Conkeldurr
|-start|p2a: Conkeldurr|move: Leech Seed
|
|-heal|p1a: Ferrothorn|56/100|[from] item: Leftovers
|-damage|p2a: Conkeldurr|82/100 brn|[from] Leech Seed|[of] p1a: Ferrothorn
|-heal|p1a: Ferrothorn|71/100|[silent]
|-damage|p2a: Conkeldurr|76/100 brn|[from] brn
|upkeep
|turn|11
|
|move|p2a: Conkeldurr|Drain Punch|p1a: Ferrothorn
|-supereffective|p1a: Ferrothorn
|-damage|p1a: Ferrothorn|0 fnt
|-heal|p2a: Conkeldurr|100/100 brn|[from] drain|[of] p1a: Ferrothorn
|-damage|p2a: Conkeldurr|88/100 brn|[from] ability: Iron Barbs|[of] p1a: Ferrothorn
|faint|p1a: Ferrothorn
|
|-damage|p2a: Conkeldurr|82/100 brn|[from] brn
|upkeep
|
|switch|p1a: Polteageist|Polteageist|100/100
|-damage|p1a: Polteageist|88/100|[from] Stealth Rock
|turn|12
|
|switch|p2a: Sylveon|Sylveon, F|80/100
|-damage|p2a: Sylveon|68/100|[from] Stealth Rock
|move|p1a: Polteageist|Shell Smash|p1a: Polteageist
|-unboost|p1a: Polteageist|def|1
|-unboost|p1a: Polteageist|spd|1
|-boost|p1a: Polteageist|atk|2
|-boost|p1a: Polteageist|spa|2
|-boost|p1a: Polteageist|spe|2
|-enditem|p1a: Polteageist|White Herb
|-clearnegativeboost|p1a: Polteageist|[silent]
|
|-heal|p2a: Sylveon|74/100|[from] item: Leftovers
|upkeep
|turn|13
|
|move|p2a: Sylveon|Protect|p2a: Sylveon
|-singleturn|p2a: Sylveon|Protect
|move|p1a: Polteageist|Shadow Ball|p2a: Sylveon
|-activate|p2a: Sylveon|move: Protect
|
|-heal|p2a: Sylveon|80/100|[from] item: Leftovers
|upkeep
|turn|14
|
|move|p1a: Polteageist|Shadow Ball|p2a: Sylveon
|-damage|p2a: Sylveon|45/100
|move|p2a: Sylveon|Wish|p2a: Sylveon
|
|-heal|p2a: Sylveon|51/100|[from] item: Leftovers
|upkeep
|turn|15
|
|move|p1a: Polteageist|Strength Sap|p2a: Sylveon
|-unboost|p2a: Sylveon|atk|1
|-heal|p1a: Polteageist|100/100
|move|p2a: Sylveon|Hyper Voice|p1a: Polteageist
|-damage|p1a: Polteageist|64/100
|
|-heal|p2a: Sylveon|100/100|[from] move: Wish|[wisher] Sylveon
|upkeep
|turn|16
|
|move|p1a: Polteageist|Giga Drain|p2a: Sylveon
|-damage|p2a: Sylveon|78/100
|-heal|p1a: Polteageist|78/100|[from] drain|[of] p2a: Sylveon
|move|p2a: Sylveon|Wish|p2a: Sylveon
|
|-heal|p2a: Sylveon|85/100|[from] item: Leftovers
|upkeep
|turn|17
|
|move|p1a: Polteageist|Shell Smash|p1a: Polteageist
|-unboost|p1a: Polteageist|def|1
|-unboost|p1a: Polteageist|spd|1
|-boost|p1a: Polteageist|atk|2
|-boost|p1a: Polteageist|spa|2
|-boost|p1a: Polteageist|spe|2
|move|p2a: Sylveon|Hyper Voice|p1a: Polteageist
|-damage|p1a: Polteageist|21/100
|
|-heal|p2a: Sylveon|100/100|[from] move: Wish|[wisher] Sylveon
|upkeep
|turn|18
|
|move|p1a: Polteageist|Shadow Ball|p2a: Sylveon
|-damage|p2a: Sylveon|43/100
|move|p2a: Sylveon|Hyper Voice|p1a: Polteageist
|-damage|p1a: Polteageist|0 fnt
|faint|p1a: Polteageist
|
|-heal|p2a: Sylveon|49/100|[from] item: Leftovers
|upkeep
|
|switch|p1a: Tyranitar|Tyranitar, F|100/100
|-damage|p1a: Tyranitar|88/100|[from] Stealth Rock
|-weather|Sandstorm|[from] ability: Sand Stream|[of] p1a: Tyranitar
|turn|19
|
|switch|p2a: Ferrothorn|Ferrothorn, F|79/100
|-damage|p2a: Ferrothorn|73/100|[from] Stealth Rock
|move|p1a: Tyranitar|Stone Edge|p2a: Ferrothorn
|-resisted|p2a: Ferrothorn
|-damage|p2a: Ferrothorn|52/100
|
|-weather|Sandstorm|[upkeep]
|-heal|p2a: Ferrothorn|58/100|[from] item: Leftovers
|upkeep
|turn|20
|
|move|p1a: Tyranitar|Fire Punch|p2a: Ferrothorn
|-supereffective|p2a: Ferrothorn
|-crit|p2a: Ferrothorn
|-damage|p2a: Ferrothorn|0 fnt
|-damage|p1a: Tyranitar|76/100|[from] ability: Iron Barbs|[of] p2a: Ferrothorn
|faint|p2a: Ferrothorn
|
|-weather|Sandstorm|[upkeep]
|upkeep
|
|switch|p2a: Conkeldurr|Conkeldurr, M|82/100 brn
|-damage|p2a: Conkeldurr|76/100 brn|[from] Stealth Rock
|turn|21
|
|switch|p1a: Toxapex|Toxapex, F|100/100
|-damage|p1a: Toxapex|88/100|[from] Stealth Rock
|move|p2a: Conkeldurr|Earthquake|p1a: Toxapex
|-supereffective|p1a: Toxapex
|-damage|p1a: Toxapex|15/100
|
|-weather|Sandstorm|[upkeep]
|-damage|p2a: Conkeldurr|70/100 brn|[from] Sandstorm
|-damage|p1a: Toxapex|9/100|[from] Sandstorm
|-heal|p1a: Toxapex|15/100|[from] item: Black Sludge
|-damage|p2a: Conkeldurr|64/100 brn|[from] brn
|upkeep
|turn|22
|
|move|p2a: Conkeldurr|Earthquake|p1a: Toxapex
|-supereffective|p1a: Toxapex
|-damage|p1a: Toxapex|0 fnt
|faint|p1a: Toxapex
|
|-weather|Sandstorm|[upkeep]
|-damage|p2a: Conkeldurr|58/100 brn|[from] Sandstorm
|-damage|p2a: Conkeldurr|52/100 brn|[from] brn
|upkeep
|
|switch|p1a: Grimmsnarl|Grimmsnarl, M|100/100
|-damage|p1a: Grimmsnarl|88/100|[from] Stealth Rock
|turn|23
|
|switch|p2a: Corviknight|Corviknight, F|89/100
|-damage|p2a: Corviknight|76/100|[from] Stealth Rock
|-ability|p2a: Corviknight|Pressure
|move|p1a: Grimmsnarl|Reflect|p1a: Grimmsnarl
|-sidestart|p1: cellgenesis|Reflect
|
|-weather|none
|-heal|p2a: Corviknight|83/100|[from] item: Leftovers
|upkeep
|turn|24
|
|move|p1a: Grimmsnarl|Thunder Wave|p2a: Corviknight
|-status|p2a: Corviknight|par
|move|p2a: Corviknight|Defog|p1a: Grimmsnarl
|-unboost|p1a: Grimmsnarl|evasion|1
|-sideend|p1: cellgenesis|Reflect
|-sideend|p1: cellgenesis|Stealth Rock|[from] move: Defog|[of] p2a: Corviknight
|-sideend|p2: gyhfght|Stealth Rock|[from] move: Defog|[of] p2a: Corviknight
|
|-heal|p2a: Corviknight|89/100 par|[from] item: Leftovers
|upkeep
|turn|25
|
|move|p1a: Grimmsnarl|Reflect|p1a: Grimmsnarl
|-sidestart|p1: cellgenesis|Reflect
|move|p2a: Corviknight|Brave Bird|p1a: Grimmsnarl
|-damage|p1a: Grimmsnarl|67/100
|-damage|p2a: Corviknight|82/100 par|[from] Recoil
|
|-heal|p2a: Corviknight|88/100 par|[from] item: Leftovers
|upkeep
|turn|26
|
|switch|p1a: Tyranitar|Tyranitar, F|76/100
|-weather|Sandstorm|[from] ability: Sand Stream|[of] p1a: Tyranitar
|move|p2a: Corviknight|Defog|p1a: Tyranitar
|-unboost|p1a: Tyranitar|evasion|1
|-sideend|p1: cellgenesis|Reflect
|
|-weather|Sandstorm|[upkeep]
|-heal|p2a: Corviknight|95/100 par|[from] item: Leftovers
|upkeep
|turn|27
|
|switch|p2a: Rotom|Rotom-Heat|100/100
|move|p1a: Tyranitar|Fire Punch|p2a: Rotom
|-resisted|p2a: Rotom
|-damage|p2a: Rotom|84/100
|
|-weather|Sandstorm|[upkeep]
|-damage|p2a: Rotom|78/100|[from] Sandstorm
|upkeep
|turn|28
|
|switch|p1a: Kommo-o|Kommo-o, F, shiny|46/100 brn
|move|p2a: Rotom|Will-O-Wisp|p1a: Kommo-o
|-fail|p1a: Kommo-o|brn
|
|-weather|Sandstorm|[upkeep]
|-damage|p2a: Rotom|72/100|[from] Sandstorm
|-damage|p1a: Kommo-o|40/100 brn|[from] Sandstorm
|-heal|p1a: Kommo-o|46/100 brn|[from] item: Leftovers
|-damage|p1a: Kommo-o|40/100 brn|[from] brn
|upkeep
|turn|29
|
|move|p2a: Rotom|Volt Switch|p1a: Kommo-o
|-resisted|p1a: Kommo-o
|-damage|p1a: Kommo-o|28/100 brn
|
|switch|p2a: Conkeldurr|Conkeldurr, M|52/100 brn|[from]move: Volt Switch
|move|p1a: Kommo-o|Stealth Rock|p2a: Conkeldurr
|-sidestart|p2: gyhfght|move: Stealth Rock
|
|-weather|Sandstorm|[upkeep]
|-damage|p1a: Kommo-o|22/100 brn|[from] Sandstorm
|-damage|p2a: Conkeldurr|46/100 brn|[from] Sandstorm
|-heal|p1a: Kommo-o|28/100 brn|[from] item: Leftovers
|-damage|p1a: Kommo-o|22/100 brn|[from] brn
|-damage|p2a: Conkeldurr|40/100 brn|[from] brn
|upkeep
|turn|30
|
|move|p1a: Kommo-o|Body Press|p2a: Conkeldurr
|-damage|p2a: Conkeldurr|21/100 brn
|move|p2a: Conkeldurr|Drain Punch|p1a: Kommo-o
|-damage|p1a: Kommo-o|0 fnt
|-heal|p2a: Conkeldurr|30/100 brn|[from] drain|[of] p1a: Kommo-o
|faint|p1a: Kommo-o
|
|-weather|none
|-damage|p2a: Conkeldurr|24/100 brn|[from] brn
|upkeep
|
|switch|p1a: Grimmsnarl|Grimmsnarl, M|67/100
|turn|31
|
|switch|p2a: Rotom|Rotom-Heat|72/100
|move|p1a: Grimmsnarl|Reflect|p1a: Grimmsnarl
|-sidestart|p1: cellgenesis|Reflect
|
|upkeep
|turn|32
|
|move|p2a: Rotom|Will-O-Wisp|p1a: Grimmsnarl
|-status|p1a: Grimmsnarl|brn
|move|p1a: Grimmsnarl|Spirit Break|p2a: Rotom
|-resisted|p2a: Rotom
|-damage|p2a: Rotom|61/100
|-unboost|p2a: Rotom|spa|1
|
|-damage|p1a: Grimmsnarl|61/100 brn|[from] brn
|upkeep
|turn|33
|
|switch|p1a: Tyranitar|Tyranitar, F|76/100
|-weather|Sandstorm|[from] ability: Sand Stream|[of] p1a: Tyranitar
|move|p2a: Rotom|Nasty Plot|p2a: Rotom
|-boost|p2a: Rotom|spa|2
|
|-weather|Sandstorm|[upkeep]
|-damage|p2a: Rotom|55/100|[from] Sandstorm
|upkeep
|turn|34
|
|move|p2a: Rotom|Will-O-Wisp|p1a: Tyranitar
|-status|p1a: Tyranitar|brn
|move|p1a: Tyranitar|Stone Edge|p2a: Rotom
|-supereffective|p2a: Rotom
|-damage|p2a: Rotom|0 fnt
|faint|p2a: Rotom
|
|-weather|Sandstorm|[upkeep]
|-damage|p1a: Tyranitar|70/100 brn|[from] brn
|upkeep
|
|switch|p2a: Conkeldurr|Conkeldurr, M|24/100 brn
|-damage|p2a: Conkeldurr|18/100 brn|[from] Stealth Rock
|turn|35
|
|move|p2a: Conkeldurr|Mach Punch|p1a: Tyranitar
|-supereffective|p1a: Tyranitar
|-crit|p1a: Tyranitar
|-damage|p1a: Tyranitar|0 fnt
|faint|p1a: Tyranitar
|
|-weather|Sandstorm|[upkeep]
|-damage|p2a: Conkeldurr|12/100 brn|[from] Sandstorm
|-damage|p2a: Conkeldurr|6/100 brn|[from] brn
|upkeep
|-message|cellgenesis forfeited.
|
|win|gyhfght
|l|‽cellgenesis
