|ScrapeTime|2020-01-01-18:05:01
|j|☆monikaisHOT
|j|☆D47K/H347T
|player|p1|monikaisHOT|101|1279
|player|p2|D47K/H347T|plasmagruntf-gen5bw|1241
|teamsize|p1|6
|teamsize|p2|6
|gametype|singles
|gen|8
|tier|[Gen 8] OU
|rated|
|rule|Sleep Clause Mod: Limit one foe put to sleep
|rule|Species Clause: Limit one of each Pokémon
|rule|OHKO Clause: OHKO moves are banned
|rule|Evasion Moves Clause: Evasion moves are banned
|rule|Endless Battle Clause: Forcing endless battles is banned
|rule|HP Percentage Mod: HP is shown in percentages
|clearpoke
|poke|p1|Pelipper, F|
|poke|p1|Dracovish|
|poke|p1|Ferrothorn, M|
|poke|p1|Barraskewda, F|
|poke|p1|Rotom-Wash|
|poke|p1|Excadrill, F|
|poke|p2|Hatterene, F|
|poke|p2|Jellicent, M|
|poke|p2|Hydreigon, M|
|poke|p2|Ninjask, F|
|poke|p2|Tsareena, F|
|poke|p2|Mimikyu, M|
|rule|Dynamax Clause: You cannot dynamax
|teampreview
|
|start
|switch|p1a: Rotom|Rotom-Wash|100/100
|switch|p2a: Strife|Hydreigon, M|100/100
|turn|1
|inactive|Battle timer is ON: inactive players will automatically lose when time's up. (requested by D47K/H347T)
|
|move|p2a: Strife|Dark Pulse|p1a: Rotom
|-damage|p1a: Rotom|60/100
|cant|p1a: Rotom|flinch
|
|upkeep
|turn|2
|
|move|p2a: Strife|Dark Pulse|p1a: Rotom
|-damage|p1a: Rotom|16/100
|move|p1a: Rotom|Trick|p2a: Strife
|-activate|p1a: Rotom|move: Trick|[of] p2a: Strife
|-item|p2a: Strife|Choice Scarf|[from] move: Trick
|-item|p1a: Rotom|Choice Scarf|[from] move: Trick
|
|upkeep
|turn|3
|
|switch|p1a: Ferrothorn|Ferrothorn, M|100/100
|move|p2a: Strife|Dark Pulse|p1a: Ferrothorn
|-damage|p1a: Ferrothorn|77/100
|
|-heal|p1a: Ferrothorn|83/100|[from] item: Leftovers
|upkeep
|turn|4
|
|switch|p2a: Poivreine|Tsareena, F, shiny|100/100
|move|p1a: Ferrothorn|Spikes|p2a: Poivreine
|-sidestart|p2: D47K/H347T|Spikes
|
|-heal|p1a: Ferrothorn|89/100|[from] item: Leftovers
|upkeep
|turn|5
|
|switch|p1a: Pelipper|Pelipper, F|100/100
|-weather|RainDance|[from] ability: Drizzle|[of] p1a: Pelipper
|move|p2a: Poivreine|High Jump Kick|p1a: Pelipper
|-resisted|p1a: Pelipper
|-damage|p1a: Pelipper|88/100
|
|-weather|RainDance|[upkeep]
|upkeep
|turn|6
|
|move|p2a: Poivreine|Rapid Spin|p1a: Pelipper
|-damage|p1a: Pelipper|77/100
|-sideend|p2: D47K/H347T|Spikes|[from] move: Rapid Spin|[of] p2a: Poivreine
|-boost|p2a: Poivreine|spe|1
|move|p1a: Pelipper|Scald|p2a: Poivreine
|-resisted|p2a: Poivreine
|-damage|p2a: Poivreine|91/100
|-status|p2a: Poivreine|brn
|
|-weather|RainDance|[upkeep]
|-damage|p2a: Poivreine|85/100 brn|[from] brn
|upkeep
|turn|7
|
|move|p2a: Poivreine|Power Whip|p1a: Pelipper
|-damage|p1a: Pelipper|59/100
|move|p1a: Pelipper|Hurricane|p2a: Poivreine
|-supereffective|p2a: Poivreine
|-damage|p2a: Poivreine|46/100 brn
|
|-weather|RainDance|[upkeep]
|-damage|p2a: Poivreine|40/100 brn|[from] brn
|upkeep
|turn|8
|
|move|p2a: Poivreine|Power Whip|p1a: Pelipper
|-damage|p1a: Pelipper|42/100
|move|p1a: Pelipper|Hurricane|p2a: Poivreine
|-supereffective|p2a: Poivreine
|-damage|p2a: Poivreine|3/100 brn
|
|-weather|RainDance|[upkeep]
|-damage|p2a: Poivreine|0 fnt|[from] brn
|faint|p2a: Poivreine
|upkeep
|
|switch|p2a: Strife|Hydreigon, M|100/100
|turn|9
|
|switch|p1a: Ferrothorn|Ferrothorn, M|89/100
|move|p2a: Strife|Dark Pulse|p1a: Ferrothorn
|-damage|p1a: Ferrothorn|63/100
|
|-weather|RainDance|[upkeep]
|-heal|p1a: Ferrothorn|69/100|[from] item: Leftovers
|upkeep
|turn|10
|
|move|p2a: Strife|Dark Pulse|p1a: Ferrothorn
|-damage|p1a: Ferrothorn|45/100
|move|p1a: Ferrothorn|Leech Seed|p2a: Strife
|-start|p2a: Strife|move: Leech Seed
|
|-weather|RainDance|[upkeep]
|-heal|p1a: Ferrothorn|51/100|[from] item: Leftovers
|-damage|p2a: Strife|88/100|[from] Leech Seed|[of] p1a: Ferrothorn
|-heal|p1a: Ferrothorn|63/100|[silent]
|upkeep
|turn|11
|
|switch|p2a: Pringles|Jellicent, M|100/100
|move|p1a: Ferrothorn|Protect||[still]
|-fail|p1a: Ferrothorn
|
|-weather|RainDance|[upkeep]
|-heal|p1a: Ferrothorn|69/100|[from] item: Leftovers
|upkeep
|turn|12
|
|move|p2a: Pringles|Will-O-Wisp|p1a: Ferrothorn
|-status|p1a: Ferrothorn|brn
|move|p1a: Ferrothorn|Leech Seed|p2a: Pringles
|-start|p2a: Pringles|move: Leech Seed
|
|-weather|none
|-heal|p1a: Ferrothorn|75/100 brn|[from] item: Leftovers
|-damage|p2a: Pringles|88/100|[from] Leech Seed|[of] p1a: Ferrothorn
|-heal|p1a: Ferrothorn|89/100 brn|[silent]
|-damage|p1a: Ferrothorn|83/100 brn|[from] brn
|upkeep
|turn|13
|
|switch|p2a: Strife|Hydreigon, M|88/100
|move|p1a: Ferrothorn|Spikes|p2a: Strife
|-sidestart|p2: D47K/H347T|Spikes
|
|-heal|p1a: Ferrothorn|89/100 brn|[from] item: Leftovers
|-damage|p1a: Ferrothorn|83/100 brn|[from] brn
|upkeep
|turn|14
|
|move|p1a: Ferrothorn|Protect|p1a: Ferrothorn
|-singleturn|p1a: Ferrothorn|Protect
|move|p2a: Strife|Dark Pulse|p1a: Ferrothorn
|-activate|p1a: Ferrothorn|move: Protect
|
|-heal|p1a: Ferrothorn|89/100 brn|[from] item: Leftovers
|-damage|p1a: Ferrothorn|83/100 brn|[from] brn
|upkeep
|turn|15
|
|switch|p2a: Pringles|Jellicent, M|88/100
|-damage|p2a: Pringles|76/100|[from] Spikes
|move|p1a: Ferrothorn|Leech Seed|p2a: Pringles
|-start|p2a: Pringles|move: Leech Seed
|
|-heal|p2a: Pringles|82/100|[from] item: Leftovers
|-heal|p1a: Ferrothorn|89/100 brn|[from] item: Leftovers
|-damage|p2a: Pringles|70/100|[from] Leech Seed|[of] p1a: Ferrothorn
|-heal|p1a: Ferrothorn|100/100 brn|[silent]
|-damage|p1a: Ferrothorn|94/100 brn|[from] brn
|upkeep
|turn|16
|
|switch|p2a: Strife|Hydreigon, M|88/100
|move|p1a: Ferrothorn|Spikes|p2a: Strife
|-sidestart|p2: D47K/H347T|Spikes
|
|-heal|p1a: Ferrothorn|100/100 brn|[from] item: Leftovers
|-damage|p1a: Ferrothorn|94/100 brn|[from] brn
|upkeep
|turn|17
|
|move|p2a: Strife|Flamethrower|p1a: Ferrothorn
|-supereffective|p1a: Ferrothorn
|-damage|p1a: Ferrothorn|18/100 brn
|move|p1a: Ferrothorn|Leech Seed|p2a: Strife
|-start|p2a: Strife|move: Leech Seed
|
|-heal|p1a: Ferrothorn|24/100 brn|[from] item: Leftovers
|-damage|p2a: Strife|76/100|[from] Leech Seed|[of] p1a: Ferrothorn
|-heal|p1a: Ferrothorn|36/100 brn|[silent]
|-damage|p1a: Ferrothorn|29/100 brn|[from] brn
|upkeep
|turn|18
|
|switch|p2a: Pringles|Jellicent, M|70/100
|-damage|p2a: Pringles|53/100|[from] Spikes
|move|p1a: Ferrothorn|Protect||[still]
|-fail|p1a: Ferrothorn
|
|-heal|p2a: Pringles|59/100|[from] item: Leftovers
|-heal|p1a: Ferrothorn|36/100 brn|[from] item: Leftovers
|-damage|p1a: Ferrothorn|29/100 brn|[from] brn
|upkeep
|turn|19
|
|move|p2a: Pringles|Hex|p1a: Ferrothorn
|-damage|p1a: Ferrothorn|5/100 brn
|move|p1a: Ferrothorn|Leech Seed|p2a: Pringles|[miss]
|-miss|p1a: Ferrothorn|p2a: Pringles
|
|-heal|p2a: Pringles|65/100|[from] item: Leftovers
|-heal|p1a: Ferrothorn|12/100 brn|[from] item: Leftovers
|-damage|p1a: Ferrothorn|5/100 brn|[from] brn
|upkeep
|turn|20
|
|move|p1a: Ferrothorn|Protect|p1a: Ferrothorn
|-singleturn|p1a: Ferrothorn|Protect
|move|p2a: Pringles|Hex|p1a: Ferrothorn
|-activate|p1a: Ferrothorn|move: Protect
|
|-heal|p2a: Pringles|72/100|[from] item: Leftovers
|-heal|p1a: Ferrothorn|12/100 brn|[from] item: Leftovers
|-damage|p1a: Ferrothorn|5/100 brn|[from] brn
|upkeep
|turn|21
|
|switch|p1a: Pelipper|Pelipper, F|42/100
|-weather|RainDance|[from] ability: Drizzle|[of] p1a: Pelipper
|move|p2a: Pringles|Hex|p1a: Pelipper
|-damage|p1a: Pelipper|13/100
|
|-weather|RainDance|[upkeep]
|-heal|p2a: Pringles|78/100|[from] item: Leftovers
|upkeep
|turn|22
|
|move|p1a: Pelipper|Roost|p1a: Pelipper
|-heal|p1a: Pelipper|63/100
|-singleturn|p1a: Pelipper|move: Roost
|move|p2a: Pringles|Hex|p1a: Pelipper
|-damage|p1a: Pelipper|37/100
|
|-weather|RainDance|[upkeep]
|-heal|p2a: Pringles|84/100|[from] item: Leftovers
|upkeep
|turn|23
|
|move|p1a: Pelipper|Roost|p1a: Pelipper
|-heal|p1a: Pelipper|87/100
|-singleturn|p1a: Pelipper|move: Roost
|move|p2a: Pringles|Will-O-Wisp|p1a: Pelipper
|-status|p1a: Pelipper|brn
|
|-weather|RainDance|[upkeep]
|-heal|p2a: Pringles|90/100|[from] item: Leftovers
|-damage|p1a: Pelipper|81/100 brn|[from] brn
|upkeep
|turn|24
|
|move|p1a: Pelipper|U-turn|p2a: Pringles
|-resisted|p2a: Pringles
|-damage|p2a: Pringles|89/100
|
|switch|p1a: Excadrill|Excadrill, F|100/100|[from]move: U-turn
|-ability|p1a: Excadrill|Mold Breaker
|move|p2a: Pringles|Hex|p1a: Excadrill
|-damage|p1a: Excadrill|74/100
|
|-weather|RainDance|[upkeep]
|-heal|p1a: Excadrill|80/100|[from] item: Leftovers
|-heal|p2a: Pringles|95/100|[from] item: Leftovers
|upkeep
|turn|25
|
|move|p1a: Excadrill|Earthquake|p2a: Pringles
|-damage|p2a: Pringles|54/100
|move|p2a: Pringles|Strength Sap|p1a: Excadrill
|-unboost|p1a: Excadrill|atk|1
|-heal|p2a: Pringles|100/100
|
|-weather|RainDance|[upkeep]
|-heal|p1a: Excadrill|86/100|[from] item: Leftovers
|upkeep
|turn|26
|
|move|p1a: Excadrill|Stealth Rock|p2a: Pringles
|-sidestart|p2: D47K/H347T|move: Stealth Rock
|move|p2a: Pringles|Scald|p1a: Excadrill
|-supereffective|p1a: Excadrill
|-damage|p1a: Excadrill|0 fnt
|faint|p1a: Excadrill
|
|-weather|RainDance|[upkeep]
|upkeep
|
|switch|p1a: Rotom|Rotom-Wash|16/100
|turn|27
|
|switch|p2a: Strife|Hydreigon, M|76/100
|-damage|p2a: Strife|64/100|[from] Stealth Rock
|move|p1a: Rotom|Trick|p2a: Strife
|-activate|p1a: Rotom|move: Trick|[of] p2a: Strife
|-item|p2a: Strife|Choice Scarf|[from] move: Trick
|-item|p1a: Rotom|Choice Scarf|[from] move: Trick
|
|-weather|RainDance|[upkeep]
|upkeep
|turn|28
|
|switch|p1a: Ferrothorn|Ferrothorn, M|5/100 brn
|move|p2a: Strife|Dark Pulse|p1a: Ferrothorn
|-damage|p1a: Ferrothorn|0 fnt
|faint|p1a: Ferrothorn
|
|-weather|none
|upkeep
|
|switch|p1a: Pelipper|Pelipper, F|81/100 brn
|-weather|RainDance|[from] ability: Drizzle|[of] p1a: Pelipper
|turn|29
|
|move|p2a: Strife|Dark Pulse|p1a: Pelipper
|-damage|p1a: Pelipper|20/100 brn
|cant|p1a: Pelipper|flinch
|
|-weather|RainDance|[upkeep]
|-damage|p1a: Pelipper|14/100 brn|[from] brn
|upkeep
|turn|30
|
|move|p2a: Strife|Dark Pulse|p1a: Pelipper
|-damage|p1a: Pelipper|0 fnt
|faint|p1a: Pelipper
|
|-weather|RainDance|[upkeep]
|upkeep
|
|switch|p1a: Barraskewda|Barraskewda, F|100/100
|turn|31
|
|move|p1a: Barraskewda|Close Combat|p2a: Strife
|-supereffective|p2a: Strife
|-damage|p2a: Strife|0 fnt
|-unboost|p1a: Barraskewda|def|1
|-unboost|p1a: Barraskewda|spd|1
|faint|p2a: Strife
|
|-weather|RainDance|[upkeep]
|upkeep
|
|switch|p2a: Serpichu|Mimikyu, M|100/100
|-damage|p2a: Serpichu|88/100|[from] Stealth Rock
|-damage|p2a: Serpichu|72/100|[from] Spikes
|turn|32
|
|switch|p1a: Rotom|Rotom-Wash|16/100
|move|p2a: Serpichu|Shadow Claw|p1a: Rotom
|-damage|p1a: Rotom|0 fnt
|-damage|p2a: Serpichu|62/100|[from] item: Life Orb
|faint|p1a: Rotom
|
|-weather|RainDance|[upkeep]
|upkeep
|
|switch|p1a: Barraskewda|Barraskewda, F|100/100
|turn|33
|
|move|p1a: Barraskewda|Liquidation|p2a: Serpichu
|-activate|p2a: Serpichu|ability: Disguise
|-damage|p2a: Serpichu|62/100
|detailschange|p2a: Serpichu|Mimikyu-Busted, M
|-damage|p2a: Serpichu|50/100|[from] ability: Disguise|[of] p2a: Serpichu
|move|p2a: Serpichu|Shadow Claw|p1a: Barraskewda
|-damage|p1a: Barraskewda|27/100
|-damage|p2a: Serpichu|40/100|[from] item: Life Orb
|
|-weather|RainDance|[upkeep]
|upkeep
|turn|34
|
|switch|p2a: Pringles|Jellicent, M|100/100
|-damage|p2a: Pringles|88/100|[from] Stealth Rock
|-damage|p2a: Pringles|72/100|[from] Spikes
|move|p1a: Barraskewda|Liquidation|p2a: Pringles
|-heal|p2a: Pringles|97/100|[from] ability: Water Absorb|[of] p1a: Barraskewda
|
|-weather|RainDance|[upkeep]
|-heal|p2a: Pringles|100/100|[from] item: Leftovers
|upkeep
|turn|35
|-message|monikaisHOT forfeited.
|
|win|D47K/H347T
|l|☆monikaisHOT
|raw|monikaisHOT's rating: 1279 → 1252(-27 for losing)
|raw|D47K/H347T's rating: 1241 → 1269(+28 for winning)
