|ScrapeTime|2020-01-01-11:05:54
|j|☆keaty
|j|☆huaihuai
|player|p1|keaty|1|1037
|player|p2|huaihuai|unknown|1000
|teamsize|p1|6
|teamsize|p2|6
|gametype|singles
|gen|8
|tier|[Gen 8] OU
|rated|
|rule|Sleep Clause Mod: Limit one foe put to sleep
|rule|Species Clause: Limit one of each Pokémon
|rule|OHKO Clause: OHKO moves are banned
|rule|Evasion Moves Clause: Evasion moves are banned
|rule|Endless Battle Clause: Forcing endless battles is banned
|rule|HP Percentage Mod: HP is shown in percentages
|clearpoke
|poke|p1|Dragapult, F|
|poke|p1|Cinderace, F|
|poke|p1|Hydreigon, F|
|poke|p1|Rotom-Wash|
|poke|p1|Corviknight, M|
|poke|p1|Corsola-Galar, M|
|poke|p2|Onix, M|
|poke|p2|Accelgor, F|
|poke|p2|Wobbuffet, M|
|poke|p2|Dragapult, F|
|poke|p2|Dracovish|
|poke|p2|Quagsire, F|
|rule|Dynamax Clause: You cannot dynamax
|teampreview
|
|start
|switch|p1a: Corsola|Corsola-Galar, M|100/100
|switch|p2a: Quagsire|Quagsire, F|100/100
|turn|1
|
|move|p2a: Quagsire|Earthquake|p1a: Corsola
|-damage|p1a: Corsola|76/100
|-start|p2a: Quagsire|Disable|Earthquake|[from] ability: Cursed Body|[of] p1a: Corsola
|move|p1a: Corsola|Stealth Rock|p2a: Quagsire
|-sidestart|p2: huaihuai|move: Stealth Rock
|
|upkeep
|turn|2
|
|move|p2a: Quagsire|Stone Edge|p1a: Corsola
|-damage|p1a: Corsola|61/100
|move|p1a: Corsola|Will-O-Wisp|p2a: Quagsire
|-status|p2a: Quagsire|brn
|
|-damage|p2a: Quagsire|94/100 brn|[from] brn
|upkeep
|turn|3
|
|move|p2a: Quagsire|Stone Edge|p1a: Corsola
|-crit|p1a: Corsola
|-damage|p1a: Corsola|50/100
|move|p1a: Corsola|Night Shade|p2a: Quagsire
|-damage|p2a: Quagsire|69/100 brn
|
|-heal|p2a: Quagsire|75/100 brn|[from] item: Leftovers
|-damage|p2a: Quagsire|69/100 brn|[from] brn
|upkeep
|turn|4
|
|move|p2a: Quagsire|Scald|p1a: Corsola
|-damage|p1a: Corsola|40/100
|move|p1a: Corsola|Night Shade|p2a: Quagsire
|-damage|p2a: Quagsire|44/100 brn
|
|-heal|p2a: Quagsire|50/100 brn|[from] item: Leftovers
|-damage|p2a: Quagsire|44/100 brn|[from] brn
|-end|p2a: Quagsire|Disable
|upkeep
|turn|5
|
|move|p2a: Quagsire|Recover|p2a: Quagsire
|-heal|p2a: Quagsire|94/100 brn
|move|p1a: Corsola|Night Shade|p2a: Quagsire
|-damage|p2a: Quagsire|68/100 brn
|
|-heal|p2a: Quagsire|74/100 brn|[from] item: Leftovers
|-damage|p2a: Quagsire|68/100 brn|[from] brn
|upkeep
|turn|6
|
|move|p2a: Quagsire|Earthquake|p1a: Corsola
|-crit|p1a: Corsola
|-damage|p1a: Corsola|21/100
|move|p1a: Corsola|Strength Sap|p2a: Quagsire
|-unboost|p2a: Quagsire|atk|1
|-heal|p1a: Corsola|100/100
|
|-heal|p2a: Quagsire|74/100 brn|[from] item: Leftovers
|-damage|p2a: Quagsire|68/100 brn|[from] brn
|upkeep
|turn|7
|
|move|p2a: Quagsire|Scald|p1a: Corsola
|-damage|p1a: Corsola|90/100
|move|p1a: Corsola|Night Shade|p2a: Quagsire
|-damage|p2a: Quagsire|43/100 brn
|
|-heal|p2a: Quagsire|49/100 brn|[from] item: Leftovers
|-damage|p2a: Quagsire|43/100 brn|[from] brn
|upkeep
|turn|8
|
|switch|p1a: Hydreigon|Hydreigon, F|100/100
|move|p2a: Quagsire|Recover|p2a: Quagsire
|-heal|p2a: Quagsire|93/100 brn
|
|-heal|p2a: Quagsire|99/100 brn|[from] item: Leftovers
|-damage|p2a: Quagsire|93/100 brn|[from] brn
|upkeep
|turn|9
|
|move|p1a: Hydreigon|Substitute|p1a: Hydreigon
|-start|p1a: Hydreigon|Substitute
|-damage|p1a: Hydreigon|76/100
|move|p2a: Quagsire|Stone Edge|p1a: Hydreigon
|-activate|p1a: Hydreigon|move: Substitute|[damage]
|
|-heal|p2a: Quagsire|99/100 brn|[from] item: Leftovers
|-damage|p2a: Quagsire|93/100 brn|[from] brn
|upkeep
|turn|10
|
|move|p1a: Hydreigon|Nasty Plot|p1a: Hydreigon
|-boost|p1a: Hydreigon|spa|2
|move|p2a: Quagsire|Earthquake|p1a: Hydreigon
|-immune|p1a: Hydreigon|[from] ability: Levitate
|
|-heal|p2a: Quagsire|99/100 brn|[from] item: Leftovers
|-damage|p2a: Quagsire|93/100 brn|[from] brn
|upkeep
|turn|11
|
|move|p1a: Hydreigon|Nasty Plot|p1a: Hydreigon
|-boost|p1a: Hydreigon|spa|2
|move|p2a: Quagsire|Stone Edge|p1a: Hydreigon
|-activate|p1a: Hydreigon|move: Substitute|[damage]
|
|-heal|p2a: Quagsire|99/100 brn|[from] item: Leftovers
|-damage|p2a: Quagsire|93/100 brn|[from] brn
|upkeep
|turn|12
|
|move|p1a: Hydreigon|Nasty Plot|p1a: Hydreigon
|-boost|p1a: Hydreigon|spa|2
|move|p2a: Quagsire|Stone Edge|p1a: Hydreigon|[miss]
|-miss|p2a: Quagsire|p1a: Hydreigon
|
|-heal|p2a: Quagsire|99/100 brn|[from] item: Leftovers
|-damage|p2a: Quagsire|93/100 brn|[from] brn
|upkeep
|turn|13
|
|move|p1a: Hydreigon|Nasty Plot|p1a: Hydreigon
|-boost|p1a: Hydreigon|spa|0
|move|p2a: Quagsire|Stone Edge|p1a: Hydreigon
|-end|p1a: Hydreigon|Substitute
|
|-heal|p2a: Quagsire|99/100 brn|[from] item: Leftovers
|-damage|p2a: Quagsire|93/100 brn|[from] brn
|upkeep
|turn|14
|c|☆keaty|gg easy
|
|move|p1a: Hydreigon|Dark Pulse|p2a: Quagsire
|-crit|p2a: Quagsire
|-damage|p2a: Quagsire|0 fnt
|faint|p2a: Quagsire
|
|upkeep
|
|switch|p2a: Wobbuffet|Wobbuffet, M|100/100
|-damage|p2a: Wobbuffet|88/100|[from] Stealth Rock
|turn|15
|
|move|p1a: Hydreigon|Dark Pulse|p2a: Wobbuffet
|-supereffective|p2a: Wobbuffet
|-damage|p2a: Wobbuffet|0 fnt
|faint|p2a: Wobbuffet
|
|upkeep
|
|switch|p2a: Accelgor|Accelgor, F|100/100
|-damage|p2a: Accelgor|75/100|[from] Stealth Rock
|turn|16
|
|move|p2a: Accelgor|Final Gambit|p1a: Hydreigon
|-damage|p1a: Hydreigon|0 fnt
|faint|p2a: Accelgor
|faint|p1a: Hydreigon
|
|upkeep
|
|switch|p2a: Dragapult|Dragapult, F|100/100
|switch|p1a: Rotom|Rotom-Wash|100/100
|-damage|p2a: Dragapult|88/100|[from] Stealth Rock
|turn|17
|
|move|p2a: Dragapult|Dragon Dance|p2a: Dragapult
|-boost|p2a: Dragapult|atk|1
|-boost|p2a: Dragapult|spe|1
|move|p1a: Rotom|Will-O-Wisp|p2a: Dragapult
|-status|p2a: Dragapult|brn
|
|-damage|p2a: Dragapult|82/100 brn|[from] brn
|upkeep
|turn|18
|
|move|p2a: Dragapult|Dragon Darts|p1a: Rotom
|-damage|p1a: Rotom|74/100
|-damage|p1a: Rotom|45/100
|-hitcount|p1a: Rotom|2
|move|p1a: Rotom|Thunderbolt|p2a: Dragapult
|-resisted|p2a: Dragapult
|-damage|p2a: Dragapult|59/100 brn
|
|-heal|p1a: Rotom|52/100|[from] item: Leftovers
|-damage|p2a: Dragapult|53/100 brn|[from] brn
|upkeep
|turn|19
|
|move|p2a: Dragapult|Dragon Darts|p1a: Rotom
|-damage|p1a: Rotom|25/100
|-damage|p1a: Rotom|0 fnt
|-hitcount|p1a: Rotom|2
|faint|p1a: Rotom
|
|-damage|p2a: Dragapult|47/100 brn|[from] brn
|upkeep
|
|switch|p1a: Dragapult|Dragapult, F|100/100
|turn|20
|
|move|p2a: Dragapult|Dragon Darts|p1a: Dragapult
|-supereffective|p1a: Dragapult
|-damage|p1a: Dragapult|41/100
|-supereffective|p1a: Dragapult
|-damage|p1a: Dragapult|0 fnt
|-hitcount|p1a: Dragapult|2
|faint|p1a: Dragapult
|
|-damage|p2a: Dragapult|41/100 brn|[from] brn
|upkeep
|
|switch|p1a: Corsola|Corsola-Galar, M|90/100
|turn|21
|
|move|p2a: Dragapult|Dragon Darts|p1a: Corsola
|-damage|p1a: Corsola|76/100
|-damage|p1a: Corsola|63/100
|-hitcount|p1a: Corsola|2
|move|p1a: Corsola|Night Shade|p2a: Dragapult
|-damage|p2a: Dragapult|13/100 brn
|-enditem|p2a: Dragapult|Mago Berry|[eat]
|-heal|p2a: Dragapult|46/100 brn|[from] item: Mago Berry
|
|-damage|p2a: Dragapult|40/100 brn|[from] brn
|upkeep
|turn|22
|
|move|p2a: Dragapult|Phantom Force||[still]
|-prepare|p2a: Dragapult|Phantom Force|p1a: Corsola
|move|p1a: Corsola|Night Shade|p2a: Dragapult|[miss]
|-miss|p1a: Corsola|p2a: Dragapult
|
|-damage|p2a: Dragapult|34/100 brn|[from] brn
|upkeep
|turn|23
|
|move|p2a: Dragapult|Phantom Force|p1a: Corsola|[from]lockedmove
|-supereffective|p1a: Corsola
|-damage|p1a: Corsola|15/100
|-start|p2a: Dragapult|Disable|Phantom Force|[from] ability: Cursed Body|[of] p1a: Corsola
|move|p1a: Corsola|Night Shade|p2a: Dragapult
|-damage|p2a: Dragapult|7/100 brn
|
|-damage|p2a: Dragapult|1/100 brn|[from] brn
|upkeep
|turn|24
|
|move|p2a: Dragapult|Dragon Darts|p1a: Corsola
|-damage|p1a: Corsola|2/100
|-damage|p1a: Corsola|0 fnt
|-hitcount|p1a: Corsola|2
|faint|p1a: Corsola
|
|-damage|p2a: Dragapult|0 fnt|[from] brn
|faint|p2a: Dragapult
|upkeep
|
|switch|p2a: Dracovish|Dracovish|100/100
|switch|p1a: Corviknight|Corviknight, M|100/100
|-damage|p2a: Dracovish|88/100|[from] Stealth Rock
|-ability|p1a: Corviknight|Pressure
|turn|25
|
|move|p2a: Dracovish|Fishious Rend|p1a: Corviknight
|-damage|p1a: Corviknight|5/100
|move|p1a: Corviknight|Bulk Up|p1a: Corviknight
|-boost|p1a: Corviknight|atk|1
|-boost|p1a: Corviknight|def|1
|
|-heal|p1a: Corviknight|11/100|[from] item: Leftovers
|upkeep
|turn|26
|
|move|p2a: Dracovish|Fishious Rend|p1a: Corviknight
|-damage|p1a: Corviknight|0 fnt
|faint|p1a: Corviknight
|
|upkeep
|
|switch|p1a: Cinderace|Cinderace, F|100/100
|turn|27
|
|move|p2a: Dracovish|Fishious Rend|p1a: Cinderace
|-supereffective|p1a: Cinderace
|-damage|p1a: Cinderace|0 fnt
|faint|p1a: Cinderace
|
|win|huaihuai
|raw|keaty's rating: 1037 → 1020(-17 for losing)
|raw|huaihuai's rating: 1000 → 1044(+44 for winning)
|l|☆keaty
