|ScrapeTime|2020-01-01-08:45:21
|j|☆idgafatns
|j|☆ArcherLegend
|player|p1|idgafatns|265|1333
|player|p2|ArcherLegend|archer|1376
|teamsize|p1|6
|teamsize|p2|6
|gametype|singles
|gen|8
|tier|[Gen 8] OU
|rated|
|rule|Sleep Clause Mod: Limit one foe put to sleep
|rule|Species Clause: Limit one of each Pokémon
|rule|OHKO Clause: OHKO moves are banned
|rule|Evasion Moves Clause: Evasion moves are banned
|rule|Endless Battle Clause: Forcing endless battles is banned
|rule|HP Percentage Mod: HP is shown in percentages
|clearpoke
|poke|p1|Pelipper, F|
|poke|p1|Dragapult, M|
|poke|p1|Mantine, M|
|poke|p1|Dracovish|
|poke|p1|Ditto|
|poke|p1|Ferrothorn, M|
|poke|p2|Chandelure, F|
|poke|p2|Gastrodon-East, M|
|poke|p2|Shiinotic, F|
|poke|p2|Hatterene, F|
|poke|p2|Cramorant, M|
|poke|p2|Dracozolt|
|rule|Dynamax Clause: You cannot dynamax
|teampreview
|
|start
|switch|p1a: Pelipper|Pelipper, F|100/100
|switch|p2a: Chandelure|Chandelure, F|100/100
|-weather|RainDance|[from] ability: Drizzle|[of] p1a: Pelipper
|turn|1
|c|☆ArcherLegend|Good luck!
|
|switch|p1a: Mantine|Mantine, M|100/100
|move|p2a: Chandelure|Substitute|p2a: Chandelure
|-start|p2a: Chandelure|Substitute
|-damage|p2a: Chandelure|76/100
|
|-weather|RainDance|[upkeep]
|-heal|p2a: Chandelure|82/100|[from] item: Leftovers
|upkeep
|turn|2
|
|move|p1a: Mantine|Surf|p2a: Chandelure
|-supereffective|p2a: Chandelure
|-end|p2a: Chandelure|Substitute
|move|p2a: Chandelure|Shadow Ball|p1a: Mantine
|-crit|p1a: Mantine
|-damage|p1a: Mantine|44/100
|
|-weather|RainDance|[upkeep]
|-heal|p2a: Chandelure|88/100|[from] item: Leftovers
|upkeep
|turn|3
|
|switch|p2a: Gastrodon|Gastrodon-East, M|100/100
|move|p1a: Mantine|Surf|p2a: Gastrodon
|-ability|p2a: Gastrodon|Storm Drain|boost
|-boost|p2a: Gastrodon|spa|1
|
|-weather|RainDance|[upkeep]
|upkeep
|turn|4
|
|switch|p1a: Ferrothorn|Ferrothorn, M|100/100
|move|p2a: Gastrodon|Scald|p1a: Ferrothorn
|-resisted|p1a: Ferrothorn
|-damage|p1a: Ferrothorn|75/100
|
|-weather|RainDance|[upkeep]
|-heal|p1a: Ferrothorn|82/100|[from] item: Leftovers
|upkeep
|turn|5
|
|switch|p2a: Chandelure|Chandelure, F|88/100
|move|p1a: Ferrothorn|Leech Seed|p2a: Chandelure
|-start|p2a: Chandelure|move: Leech Seed
|
|-weather|RainDance|[upkeep]
|-heal|p2a: Chandelure|94/100|[from] item: Leftovers
|-heal|p1a: Ferrothorn|88/100|[from] item: Leftovers
|-damage|p2a: Chandelure|82/100|[from] Leech Seed|[of] p1a: Ferrothorn
|-heal|p1a: Ferrothorn|97/100|[silent]
|upkeep
|turn|6
|
|switch|p2a: Shiinotic|Shiinotic, F, shiny|100/100
|switch|p1a: Dragapult|Dragapult, M|100/100
|
|-weather|RainDance|[upkeep]
|upkeep
|turn|7
|
|switch|p1a: Ferrothorn|Ferrothorn, M|97/100
|move|p2a: Shiinotic|Spore|p1a: Ferrothorn
|-immune|p1a: Ferrothorn
|
|-weather|RainDance|[upkeep]
|-heal|p1a: Ferrothorn|100/100|[from] item: Leftovers
|upkeep
|turn|8
|
|switch|p2a: Hatterene|Hatterene, F|100/100
|move|p1a: Ferrothorn|Stealth Rock|p2a: Hatterene
|move|p2a: Hatterene|Stealth Rock|p1a: Ferrothorn|[from]Magic Bounce
|-sidestart|p1: idgafatns|move: Stealth Rock
|
|-weather|none
|upkeep
|turn|9
|
|switch|p1a: Pelipper|Pelipper, F|100/100
|-damage|p1a: Pelipper|76/100|[from] Stealth Rock
|-weather|RainDance|[from] ability: Drizzle|[of] p1a: Pelipper
|move|p2a: Hatterene|Mystical Fire|p1a: Pelipper
|-resisted|p1a: Pelipper
|-damage|p1a: Pelipper|65/100
|-unboost|p1a: Pelipper|spa|1
|
|-weather|RainDance|[upkeep]
|upkeep
|turn|10
|
|move|p1a: Pelipper|Scald|p2a: Hatterene
|-damage|p2a: Hatterene|84/100
|-status|p2a: Hatterene|brn
|move|p2a: Hatterene|Psychic|p1a: Pelipper
|-damage|p1a: Pelipper|0 fnt
|faint|p1a: Pelipper
|
|-weather|RainDance|[upkeep]
|-damage|p2a: Hatterene|78/100 brn|[from] brn
|upkeep
|
|switch|p1a: Dracovish|Dracovish|100/100
|-damage|p1a: Dracovish|88/100|[from] Stealth Rock
|turn|11
|
|switch|p2a: Gastrodon|Gastrodon-East, M|100/100
|move|p1a: Dracovish|Fishious Rend|p2a: Gastrodon
|-ability|p2a: Gastrodon|Storm Drain|boost
|-boost|p2a: Gastrodon|spa|1
|
|-weather|RainDance|[upkeep]
|upkeep
|turn|12
|
|switch|p1a: Ditto|Ditto|100/100
|-damage|p1a: Ditto|88/100|[from] Stealth Rock
|-transform|p1a: Ditto|p2a: Gastrodon|[from] ability: Imposter
|move|p2a: Gastrodon|Ice Beam|p1a: Ditto
|-damage|p1a: Ditto|48/100
|
|-weather|RainDance|[upkeep]
|upkeep
|turn|13
|inactive|Battle timer is ON: inactive players will automatically lose when time's up. (requested by idgafatns)
|
|move|p1a: Ditto|Recover|p1a: Ditto
|-heal|p1a: Ditto|98/100
|move|p2a: Gastrodon|Clear Smog|p1a: Ditto
|-resisted|p1a: Ditto
|-damage|p1a: Ditto|87/100
|-clearboost|p1a: Ditto
|
|-weather|RainDance|[upkeep]
|upkeep
|turn|14
|
|switch|p1a: Ferrothorn|Ferrothorn, M|100/100
|-damage|p1a: Ferrothorn|94/100|[from] Stealth Rock
|move|p2a: Gastrodon|Ice Beam|p1a: Ferrothorn
|-damage|p1a: Ferrothorn|71/100
|
|-weather|RainDance|[upkeep]
|-heal|p1a: Ferrothorn|77/100|[from] item: Leftovers
|upkeep
|turn|15
|
|switch|p2a: Hatterene|Hatterene, F|78/100 brn
|switch|p1a: Ditto|Ditto|87/100
|-damage|p1a: Ditto|75/100|[from] Stealth Rock
|-transform|p1a: Ditto|p2a: Hatterene|[from] ability: Imposter
|
|-weather|RainDance|[upkeep]
|-damage|p2a: Hatterene|72/100 brn|[from] brn
|upkeep
|turn|16
|
|move|p1a: Ditto|Shadow Ball|p2a: Hatterene
|-supereffective|p2a: Hatterene
|-damage|p2a: Hatterene|25/100 brn
|move|p2a: Hatterene|Giga Drain|p1a: Ditto
|-damage|p1a: Ditto|44/100
|-heal|p2a: Hatterene|40/100 brn|[from] drain|[of] p1a: Ditto
|
|-weather|none
|-damage|p2a: Hatterene|34/100 brn|[from] brn
|upkeep
|turn|17
|
|move|p1a: Ditto|Shadow Ball|p2a: Hatterene
|-supereffective|p2a: Hatterene
|-damage|p2a: Hatterene|0 fnt
|faint|p2a: Hatterene
|
|upkeep
|
|switch|p2a: Dracozolt|Dracozolt|100/100
|turn|18
|
|switch|p1a: Ferrothorn|Ferrothorn, M|77/100
|-damage|p1a: Ferrothorn|71/100|[from] Stealth Rock
|move|p2a: Dracozolt|Bolt Beak|p1a: Ferrothorn
|-resisted|p1a: Ferrothorn
|-damage|p1a: Ferrothorn|39/100
|-damage|p2a: Dracozolt|88/100|[from] ability: Iron Barbs|[of] p1a: Ferrothorn
|
|-heal|p1a: Ferrothorn|45/100|[from] item: Leftovers
|upkeep
|turn|19
|
|switch|p2a: Chandelure|Chandelure, F|82/100
|move|p1a: Ferrothorn|Stealth Rock|p2a: Chandelure
|-sidestart|p2: ArcherLegend|move: Stealth Rock
|
|-heal|p2a: Chandelure|88/100|[from] item: Leftovers
|-heal|p1a: Ferrothorn|51/100|[from] item: Leftovers
|upkeep
|turn|20
|
|switch|p1a: Dragapult|Dragapult, M|100/100
|-damage|p1a: Dragapult|88/100|[from] Stealth Rock
|move|p2a: Chandelure|Substitute|p2a: Chandelure
|-start|p2a: Chandelure|Substitute
|-damage|p2a: Chandelure|63/100
|
|-heal|p1a: Dragapult|94/100|[from] item: Leftovers
|-heal|p2a: Chandelure|69/100|[from] item: Leftovers
|upkeep
|turn|21
|
|move|p1a: Dragapult|Dragon Darts|p2a: Chandelure
|-damage|p2a: Chandelure|32/100
|-damage|p2a: Chandelure|0 fnt
|-hitcount|p2a: Chandelure|2
|faint|p2a: Chandelure
|
|-heal|p1a: Dragapult|99/100|[from] item: Leftovers
|upkeep
|
|switch|p2a: Shiinotic|Shiinotic, F, shiny|100/100
|-damage|p2a: Shiinotic|88/100|[from] Stealth Rock
|turn|22
|
|switch|p1a: Mantine|Mantine, M|44/100
|-damage|p1a: Mantine|19/100|[from] Stealth Rock
|move|p2a: Shiinotic|Moonblast|p1a: Mantine
|-damage|p1a: Mantine|0 fnt
|faint|p1a: Mantine
|
|-heal|p2a: Shiinotic|94/100|[from] item: Leftovers
|upkeep
|
|switch|p1a: Ferrothorn|Ferrothorn, M|51/100
|-damage|p1a: Ferrothorn|45/100|[from] Stealth Rock
|turn|23
|
|move|p2a: Shiinotic|Protect|p2a: Shiinotic
|-singleturn|p2a: Shiinotic|Protect
|move|p1a: Ferrothorn|Spikes|p2a: Shiinotic
|-sidestart|p2: ArcherLegend|Spikes
|
|-heal|p2a: Shiinotic|100/100|[from] item: Leftovers
|-heal|p1a: Ferrothorn|51/100|[from] item: Leftovers
|upkeep
|turn|24
|
|move|p2a: Shiinotic|Moonblast|p1a: Ferrothorn
|-resisted|p1a: Ferrothorn
|-damage|p1a: Ferrothorn|39/100
|move|p1a: Ferrothorn|Spikes|p2a: Shiinotic
|-sidestart|p2: ArcherLegend|Spikes
|
|-heal|p1a: Ferrothorn|45/100|[from] item: Leftovers
|upkeep
|turn|25
|
|move|p2a: Shiinotic|Moonblast|p1a: Ferrothorn
|-resisted|p1a: Ferrothorn
|-damage|p1a: Ferrothorn|33/100
|move|p1a: Ferrothorn|Spikes|p2a: Shiinotic
|-sidestart|p2: ArcherLegend|Spikes
|
|-heal|p1a: Ferrothorn|40/100|[from] item: Leftovers
|upkeep
|turn|26
|
|switch|p1a: Ditto|Ditto|44/100
|-damage|p1a: Ditto|31/100|[from] Stealth Rock
|-transform|p1a: Ditto|p2a: Shiinotic|[from] ability: Imposter
|move|p2a: Shiinotic|Moonblast|p1a: Ditto
|-damage|p1a: Ditto|0 fnt
|faint|p1a: Ditto
|
|upkeep
|
|switch|p1a: Dracovish|Dracovish|88/100
|-damage|p1a: Dracovish|76/100|[from] Stealth Rock
|turn|27
|
|move|p1a: Dracovish|Fishious Rend|p2a: Shiinotic
|-resisted|p2a: Shiinotic
|-damage|p2a: Shiinotic|54/100
|move|p2a: Shiinotic|Strength Sap|p1a: Dracovish
|-unboost|p1a: Dracovish|atk|1
|-heal|p2a: Shiinotic|100/100
|
|upkeep
|turn|28
|
|move|p1a: Dracovish|Fishious Rend|p2a: Shiinotic
|-resisted|p2a: Shiinotic
|-damage|p2a: Shiinotic|70/100
|move|p2a: Shiinotic|Moonblast|p1a: Dracovish
|-supereffective|p1a: Dracovish
|-crit|p1a: Dracovish
|-damage|p1a: Dracovish|0 fnt
|faint|p1a: Dracovish
|
|-heal|p2a: Shiinotic|76/100|[from] item: Leftovers
|upkeep
|
|switch|p1a: Dragapult|Dragapult, M|99/100
|-damage|p1a: Dragapult|88/100|[from] Stealth Rock
|turn|29
|
|move|p1a: Dragapult|Dragon Dance|p1a: Dragapult
|-boost|p1a: Dragapult|atk|1
|-boost|p1a: Dragapult|spe|1
|move|p2a: Shiinotic|Spore|p1a: Dragapult
|-status|p1a: Dragapult|slp|[from] move: Spore
|
|-heal|p1a: Dragapult|94/100 slp|[from] item: Leftovers
|-heal|p2a: Shiinotic|82/100|[from] item: Leftovers
|upkeep
|turn|30
|
|cant|p1a: Dragapult|slp
|move|p2a: Shiinotic|Strength Sap|p1a: Dragapult
|-unboost|p1a: Dragapult|atk|1
|-heal|p2a: Shiinotic|100/100
|
|-heal|p1a: Dragapult|99/100 slp|[from] item: Leftovers
|upkeep
|turn|31
|
|-curestatus|p1a: Dragapult|slp|[msg]
|move|p1a: Dragapult|Substitute|p1a: Dragapult
|-start|p1a: Dragapult|Substitute
|-damage|p1a: Dragapult|75/100
|move|p2a: Shiinotic|Moonblast|p1a: Dragapult
|-supereffective|p1a: Dragapult
|-end|p1a: Dragapult|Substitute
|
|-heal|p1a: Dragapult|81/100|[from] item: Leftovers
|upkeep
|turn|32
|
|move|p2a: Shiinotic|Protect|p2a: Shiinotic
|-singleturn|p2a: Shiinotic|Protect
|move|p1a: Dragapult|Phantom Force||[still]
|-prepare|p1a: Dragapult|Phantom Force|p2a: Shiinotic
|
|-heal|p1a: Dragapult|87/100|[from] item: Leftovers
|upkeep
|turn|33
|
|move|p1a: Dragapult|Phantom Force|p2a: Shiinotic|[from]lockedmove
|-damage|p2a: Shiinotic|58/100
|move|p2a: Shiinotic|Spore|p1a: Dragapult
|-status|p1a: Dragapult|slp|[from] move: Spore
|
|-heal|p1a: Dragapult|93/100 slp|[from] item: Leftovers
|-heal|p2a: Shiinotic|64/100|[from] item: Leftovers
|upkeep
|turn|34
|
|cant|p1a: Dragapult|slp
|move|p2a: Shiinotic|Moonblast|p1a: Dragapult
|-supereffective|p1a: Dragapult
|-damage|p1a: Dragapult|18/100 slp
|-unboost|p1a: Dragapult|spa|1
|
|-heal|p1a: Dragapult|24/100 slp|[from] item: Leftovers
|-heal|p2a: Shiinotic|70/100|[from] item: Leftovers
|upkeep
|turn|35
|
|-curestatus|p1a: Dragapult|slp|[msg]
|move|p1a: Dragapult|Phantom Force||[still]
|-prepare|p1a: Dragapult|Phantom Force|p2a: Shiinotic
|move|p2a: Shiinotic|Moonblast|p1a: Dragapult|[miss]
|-miss|p2a: Shiinotic|p1a: Dragapult
|
|-heal|p1a: Dragapult|30/100|[from] item: Leftovers
|-heal|p2a: Shiinotic|76/100|[from] item: Leftovers
|upkeep
|turn|36
|
|move|p1a: Dragapult|Phantom Force|p2a: Shiinotic|[from]lockedmove
|-damage|p2a: Shiinotic|35/100
|move|p2a: Shiinotic|Moonblast|p1a: Dragapult
|-supereffective|p1a: Dragapult
|-damage|p1a: Dragapult|0 fnt
|faint|p1a: Dragapult
|
|-heal|p2a: Shiinotic|41/100|[from] item: Leftovers
|upkeep
|
|switch|p1a: Ferrothorn|Ferrothorn, M|40/100
|-damage|p1a: Ferrothorn|33/100|[from] Stealth Rock
|turn|37
|
|move|p2a: Shiinotic|Protect|p2a: Shiinotic
|-singleturn|p2a: Shiinotic|Protect
|move|p1a: Ferrothorn|Body Press|p2a: Shiinotic
|-activate|p2a: Shiinotic|move: Protect
|
|-heal|p2a: Shiinotic|47/100|[from] item: Leftovers
|-heal|p1a: Ferrothorn|40/100|[from] item: Leftovers
|upkeep
|turn|38
|
|move|p2a: Shiinotic|Strength Sap|p1a: Ferrothorn
|-unboost|p1a: Ferrothorn|atk|1
|-heal|p2a: Shiinotic|100/100
|move|p1a: Ferrothorn|Body Press|p2a: Shiinotic
|-resisted|p2a: Shiinotic
|-damage|p2a: Shiinotic|86/100
|
|-heal|p2a: Shiinotic|92/100|[from] item: Leftovers
|-heal|p1a: Ferrothorn|46/100|[from] item: Leftovers
|upkeep
|turn|39
|c|☆ArcherLegend|gg
|
|move|p2a: Shiinotic|Moonblast|p1a: Ferrothorn
|-resisted|p1a: Ferrothorn
|-damage|p1a: Ferrothorn|34/100
|move|p1a: Ferrothorn|Body Press|p2a: Shiinotic
|-resisted|p2a: Shiinotic
|-damage|p2a: Shiinotic|79/100
|
|-heal|p2a: Shiinotic|85/100|[from] item: Leftovers
|-heal|p1a: Ferrothorn|40/100|[from] item: Leftovers
|upkeep
|turn|40
|-message|idgafatns forfeited.
|
|win|ArcherLegend
|l|☆idgafatns
|raw|idgafatns's rating: 1333 → 1315(-18 for losing)
|raw|ArcherLegend's rating: 1376 → 1393(+17 for winning)
