|ScrapeTime|2020-01-02-14:56:41
|j|☆Ggggggggghg
|j|☆WavpirLPB
|player|p1|Ggggggggghg|1|1282
|player|p2|WavpirLPB|204|1246
|teamsize|p1|6
|teamsize|p2|6
|gametype|singles
|gen|8
|tier|[Gen 8] OU
|rated|
|rule|Sleep Clause Mod: Limit one foe put to sleep
|rule|Species Clause: Limit one of each Pokémon
|rule|OHKO Clause: OHKO moves are banned
|rule|Evasion Moves Clause: Evasion moves are banned
|rule|Endless Battle Clause: Forcing endless battles is banned
|rule|HP Percentage Mod: HP is shown in percentages
|clearpoke
|poke|p1|Grimmsnarl, M|
|poke|p1|Bronzong|
|poke|p1|Araquanid, F|
|poke|p1|Corviknight, M|
|poke|p1|Toxicroak, M|
|poke|p1|Chandelure, M|
|poke|p2|Dragapult, M|
|poke|p2|Rotom-Heat|
|poke|p2|Conkeldurr, M|
|poke|p2|Corviknight, M|
|poke|p2|Seismitoad, M|
|poke|p2|Clefable, M|
|rule|Dynamax Clause: You cannot dynamax
|teampreview
|inactive|Battle timer is ON: inactive players will automatically lose when time's up. (requested by Ggggggggghg)
|
|start
|switch|p1a: Araquanid|Araquanid, F|100/100
|switch|p2a: Ouais|Seismitoad, M|100/100
|turn|1
|
|move|p2a: Ouais|Toxic|p1a: Araquanid
|-status|p1a: Araquanid|tox
|move|p1a: Araquanid|Infestation|p2a: Ouais
|-damage|p2a: Ouais|96/100
|-activate|p2a: Ouais|move: Infestation|[of] p1a: Araquanid
|
|-heal|p2a: Ouais|100/100|[from] item: Leftovers
|-damage|p1a: Araquanid|94/100 tox|[from] psn
|-damage|p2a: Ouais|88/100|[from] move: Infestation|[partiallytrapped]
|upkeep
|turn|2
|
|move|p2a: Ouais|Stealth Rock|p1a: Araquanid
|-sidestart|p1: Ggggggggghg|move: Stealth Rock
|move|p1a: Araquanid|Giga Drain|p2a: Ouais
|-supereffective|p2a: Ouais
|-damage|p2a: Ouais|50/100
|-heal|p1a: Araquanid|100/100 tox|[from] drain|[of] p2a: Ouais
|
|-heal|p2a: Ouais|56/100|[from] item: Leftovers
|-damage|p1a: Araquanid|88/100 tox|[from] psn
|-damage|p2a: Ouais|43/100|[from] move: Infestation|[partiallytrapped]
|upkeep
|turn|3
|
|move|p2a: Ouais|Earthquake|p1a: Araquanid
|-resisted|p1a: Araquanid
|-damage|p1a: Araquanid|75/100 tox
|move|p1a: Araquanid|Giga Drain|p2a: Ouais
|-supereffective|p2a: Ouais
|-damage|p2a: Ouais|4/100
|-heal|p1a: Araquanid|99/100 tox|[from] drain|[of] p2a: Ouais
|
|-heal|p2a: Ouais|10/100|[from] item: Leftovers
|-heal|p1a: Araquanid|100/100 tox|[from] item: Leftovers
|-damage|p1a: Araquanid|82/100 tox|[from] psn
|-damage|p2a: Ouais|0 fnt|[from] move: Infestation|[partiallytrapped]
|faint|p2a: Ouais
|upkeep
|
|switch|p2a: Fuck le 17|Dragapult, M|100/100
|turn|4
|
|move|p2a: Fuck le 17|U-turn|p1a: Araquanid
|-damage|p1a: Araquanid|69/100 tox
|
|switch|p2a: Pente Noire|Corviknight, M|100/100|[from]move: U-turn
|-ability|p2a: Pente Noire|Pressure
|move|p1a: Araquanid|Liquidation|p2a: Pente Noire
|-damage|p2a: Pente Noire|63/100
|
|-heal|p2a: Pente Noire|70/100|[from] item: Leftovers
|-heal|p1a: Araquanid|75/100 tox|[from] item: Leftovers
|-damage|p1a: Araquanid|50/100 tox|[from] psn
|upkeep
|turn|5
|
|switch|p1a: Corviknight|Corviknight, M|100/100
|-damage|p1a: Corviknight|88/100|[from] Stealth Rock
|-ability|p1a: Corviknight|Pressure
|move|p2a: Pente Noire|Roost|p2a: Pente Noire
|-heal|p2a: Pente Noire|100/100
|-singleturn|p2a: Pente Noire|move: Roost
|
|-heal|p1a: Corviknight|94/100|[from] item: Leftovers
|upkeep
|turn|6
|
|move|p2a: Pente Noire|Taunt|p1a: Corviknight
|-start|p1a: Corviknight|move: Taunt
|cant|p1a: Corviknight|move: Taunt|Defog
|
|-heal|p1a: Corviknight|99/100|[from] item: Leftovers
|upkeep
|turn|7
|
|move|p2a: Pente Noire|Bulk Up|p2a: Pente Noire
|-boost|p2a: Pente Noire|atk|1
|-boost|p2a: Pente Noire|def|1
|move|p1a: Corviknight|U-turn|p2a: Pente Noire
|-resisted|p2a: Pente Noire
|-damage|p2a: Pente Noire|99/100
|
|switch|p1a: Chandelure|Chandelure, M|100/100|[from]move: U-turn
|-damage|p1a: Chandelure|76/100|[from] Stealth Rock
|
|-heal|p2a: Pente Noire|100/100|[from] item: Leftovers
|upkeep
|turn|8
|
|switch|p2a: Où je vais|Rotom-Heat|100/100
|move|p1a: Chandelure|Fire Blast|p2a: Où je vais
|-resisted|p2a: Où je vais
|-damage|p2a: Où je vais|68/100
|
|upkeep
|turn|9
|
|switch|p1a: Bronzong|Bronzong|100/100
|-damage|p1a: Bronzong|94/100|[from] Stealth Rock
|move|p2a: Où je vais|Volt Switch|p1a: Bronzong
|-damage|p1a: Bronzong|77/100
|
|switch|p2a: Fuck le 17|Dragapult, M|100/100|[from]move: Volt Switch
|
|-heal|p1a: Bronzong|83/100|[from] item: Leftovers
|upkeep
|turn|10
|
|move|p2a: Fuck le 17|Fire Blast|p1a: Bronzong|[miss]
|-miss|p2a: Fuck le 17|p1a: Bronzong
|move|p1a: Bronzong|Stealth Rock|p2a: Fuck le 17
|-sidestart|p2: WavpirLPB|move: Stealth Rock
|
|-heal|p1a: Bronzong|89/100|[from] item: Leftovers
|upkeep
|turn|11
|c|☆WavpirLPB|wppww
|c|☆WavpirLPB|wlpslfdjheioarzgfheruzgh
|
|switch|p2a: Ghetto|Conkeldurr, M|100/100
|-damage|p2a: Ghetto|94/100|[from] Stealth Rock
|move|p1a: Bronzong|Iron Head|p2a: Ghetto
|-crit|p2a: Ghetto
|-damage|p2a: Ghetto|62/100
|
|-heal|p1a: Bronzong|95/100|[from] item: Leftovers
|-status|p2a: Ghetto|brn|[from] item: Flame Orb
|upkeep
|turn|12
|c|☆WavpirLPB|ravafté
|
|switch|p1a: Chandelure|Chandelure, M|76/100
|-damage|p1a: Chandelure|51/100|[from] Stealth Rock
|move|p2a: Ghetto|Defog|p1a: Chandelure
|-unboost|p1a: Chandelure|evasion|1
|-sideend|p1: Ggggggggghg|Stealth Rock|[from] move: Defog|[of] p2a: Ghetto
|-sideend|p2: WavpirLPB|Stealth Rock|[from] move: Defog|[of] p2a: Ghetto
|
|-damage|p2a: Ghetto|56/100 brn|[from] brn
|upkeep
|turn|13
|
|switch|p2a: Petit Coeur|Clefable, M|100/100
|move|p1a: Chandelure|Psychic|p2a: Petit Coeur
|-damage|p2a: Petit Coeur|76/100
|
|-heal|p2a: Petit Coeur|82/100|[from] item: Leftovers
|upkeep
|turn|14
|
|switch|p1a: Bronzong|Bronzong|95/100
|switch|p2a: Fuck le 17|Dragapult, M|100/100
|
|-heal|p1a: Bronzong|100/100|[from] item: Leftovers
|upkeep
|turn|15
|
|move|p2a: Fuck le 17|Shadow Ball|p1a: Bronzong
|-supereffective|p1a: Bronzong
|-damage|p1a: Bronzong|35/100
|move|p1a: Bronzong|Stealth Rock|p2a: Fuck le 17
|-sidestart|p2: WavpirLPB|move: Stealth Rock
|
|-heal|p1a: Bronzong|41/100|[from] item: Leftovers
|upkeep
|turn|16
|
|switch|p1a: Araquanid|Araquanid, F|50/100 tox
|move|p2a: Fuck le 17|Shadow Ball|p1a: Araquanid
|-damage|p1a: Araquanid|10/100 tox
|
|-heal|p1a: Araquanid|17/100 tox|[from] item: Leftovers
|-damage|p1a: Araquanid|10/100 tox|[from] psn
|upkeep
|turn|17
|
|move|p2a: Fuck le 17|Shadow Ball|p1a: Araquanid
|-damage|p1a: Araquanid|0 fnt
|faint|p1a: Araquanid
|
|upkeep
|
|switch|p1a: Chandelure|Chandelure, M|51/100
|turn|18
|
|switch|p2a: Petit Coeur|Clefable, M|82/100
|move|p1a: Chandelure|Shadow Ball|p2a: Petit Coeur
|-damage|p2a: Petit Coeur|47/100
|
|-heal|p2a: Petit Coeur|53/100|[from] item: Leftovers
|upkeep
|turn|19
|
|switch|p1a: Bronzong|Bronzong|41/100
|move|p2a: Petit Coeur|Protect||[still]
|-fail|p2a: Petit Coeur
|
|-heal|p2a: Petit Coeur|59/100|[from] item: Leftovers
|-heal|p1a: Bronzong|47/100|[from] item: Leftovers
|upkeep
|turn|20
|
|switch|p2a: Fuck le 17|Dragapult, M|100/100
|-damage|p2a: Fuck le 17|88/100|[from] Stealth Rock
|move|p1a: Bronzong|Iron Head|p2a: Fuck le 17
|-damage|p2a: Fuck le 17|56/100
|
|-heal|p1a: Bronzong|53/100|[from] item: Leftovers
|upkeep
|turn|21
|
|switch|p1a: Grimmsnarl|Grimmsnarl, M|100/100
|move|p2a: Fuck le 17|Shadow Ball|p1a: Grimmsnarl
|-resisted|p1a: Grimmsnarl
|-damage|p1a: Grimmsnarl|81/100
|-unboost|p1a: Grimmsnarl|spd|1
|
|upkeep
|turn|22
|
|switch|p2a: Où je vais|Rotom-Heat|68/100
|-damage|p2a: Où je vais|44/100|[from] Stealth Rock
|move|p1a: Grimmsnarl|Spirit Break|p2a: Où je vais
|-resisted|p2a: Où je vais
|-damage|p2a: Où je vais|29/100
|-unboost|p2a: Où je vais|spa|1
|
|upkeep
|turn|23
|c|☆WavpirLPB|BAISE TA GRAND MERE FILS DE PUTEZ
|inactive|WavpirLPB has 120 seconds left.
|
|move|p1a: Grimmsnarl|Sucker Punch|p2a: Où je vais
|-damage|p2a: Où je vais|0 fnt
|faint|p2a: Où je vais
|
|upkeep
|c|☆Ggggggggghg|Rage d'être si médiocre ?
|c|☆WavpirLPB|JTE BAISE
|c|☆WavpirLPB|grosse merde de chanceux
|c|☆Ggggggggghg|On voit ça
|inactive|WavpirLPB has 90 seconds left.
|c|☆WavpirLPB|t'es nul à chier
|c|☆WavpirLPB|tu gagnes grâce au haxx
|c|☆WavpirLPB|fils de pute
|c|☆Ggggggggghg|Oui oui
|c|☆Ggggggggghg|Bien sur
|c|☆WavpirLPB|t'es nul
|c|☆WavpirLPB|viens gen7ou
|c|☆WavpirLPB|jte lave le cul
|c|☆Ggggggggghg|Arretes de chialer
|c|☆WavpirLPB|pédale
|inactive|WavpirLPB has 60 seconds left.
|c|☆Ggggggggghg|Et joues
|c|☆WavpirLPB|viens gen7ou
|c|☆WavpirLPB|salope
|c|☆Ggggggggghg|Lol
|
|switch|p2a: Petit Coeur|Clefable, M|59/100
|turn|24
|
|switch|p1a: Bronzong|Bronzong|53/100
|switch|p2a: Fuck le 17|Dragapult, M|56/100
|-damage|p2a: Fuck le 17|44/100|[from] Stealth Rock
|
|-heal|p1a: Bronzong|60/100|[from] item: Leftovers
|upkeep
|turn|25
|
|switch|p1a: Grimmsnarl|Grimmsnarl, M|81/100
|move|p2a: Fuck le 17|Shadow Ball|p1a: Grimmsnarl
|-resisted|p1a: Grimmsnarl
|-damage|p1a: Grimmsnarl|63/100
|
|upkeep
|turn|26
|
|switch|p2a: Petit Coeur|Clefable, M|59/100
|move|p1a: Grimmsnarl|Spirit Break|p2a: Petit Coeur
|-damage|p2a: Petit Coeur|29/100
|-unboost|p2a: Petit Coeur|spa|1
|
|-heal|p2a: Petit Coeur|35/100|[from] item: Leftovers
|upkeep
|turn|27
|c|☆WavpirLPB|aller
|c|☆WavpirLPB|nique bien ta mère
|
|move|p1a: Grimmsnarl|Spirit Break|p2a: Petit Coeur
|-damage|p2a: Petit Coeur|9/100
|-unboost|p2a: Petit Coeur|spa|1
|move|p2a: Petit Coeur|Wish|p2a: Petit Coeur
|
|-heal|p2a: Petit Coeur|15/100|[from] item: Leftovers
|upkeep
|turn|28
|c|☆WavpirLPB|gtlikoethjguiezrbgfaze^r
|
|move|p2a: Petit Coeur|Protect|p2a: Petit Coeur
|-singleturn|p2a: Petit Coeur|Protect
|move|p1a: Grimmsnarl|Spirit Break|p2a: Petit Coeur
|-activate|p2a: Petit Coeur|move: Protect
|
|-heal|p2a: Petit Coeur|65/100|[from] move: Wish|[wisher] Petit Coeur
|-heal|p2a: Petit Coeur|71/100|[from] item: Leftovers
|upkeep
|turn|29
|
|move|p2a: Petit Coeur|Thunder Wave|p1a: Grimmsnarl
|-status|p1a: Grimmsnarl|par
|move|p1a: Grimmsnarl|Spirit Break|p2a: Petit Coeur
|-damage|p2a: Petit Coeur|43/100
|-unboost|p2a: Petit Coeur|spa|1
|
|-heal|p2a: Petit Coeur|49/100|[from] item: Leftovers
|upkeep
|turn|30
|
|move|p1a: Grimmsnarl|Rest|p1a: Grimmsnarl
|-status|p1a: Grimmsnarl|slp|[from] move: Rest
|-heal|p1a: Grimmsnarl|100/100 slp|[silent]
|-enditem|p1a: Grimmsnarl|Chesto Berry|[eat]
|-curestatus|p1a: Grimmsnarl|slp|[msg]
|move|p2a: Petit Coeur|Wish|p2a: Petit Coeur
|
|-heal|p2a: Petit Coeur|56/100|[from] item: Leftovers
|upkeep
|turn|31
|inactive|WavpirLPB has 90 seconds left.
|c|☆WavpirLPB|ton set cancer de merde
|
|switch|p1a: Bronzong|Bronzong|60/100
|move|p2a: Petit Coeur|Thunder Wave|p1a: Bronzong
|-status|p1a: Bronzong|par
|
|-heal|p2a: Petit Coeur|100/100|[from] move: Wish|[wisher] Petit Coeur
|-heal|p1a: Bronzong|66/100 par|[from] item: Leftovers
|upkeep
|turn|32
|inactive|WavpirLPB has 90 seconds left.
|c|☆Ggggggggghg|Le mec t wave
|c|☆Ggggggggghg|Et chiale
|c|☆Ggggggggghg|Ouin
|c|☆WavpirLPB|viens duel
|c|☆WavpirLPB|après
|
|switch|p2a: Ghetto|Conkeldurr, M|56/100 brn
|-damage|p2a: Ghetto|50/100 brn|[from] Stealth Rock
|move|p1a: Bronzong|Iron Head|p2a: Ghetto
|-damage|p2a: Ghetto|29/100 brn
|
|-heal|p1a: Bronzong|72/100 par|[from] item: Leftovers
|-damage|p2a: Ghetto|23/100 brn|[from] brn
|upkeep
|turn|33
|c|☆WavpirLPB|ptite pute
|inactive|WavpirLPB has 90 seconds left.
|
|switch|p1a: Toxicroak|Toxicroak, M|100/100
|move|p2a: Ghetto|Drain Punch|p1a: Toxicroak
|-resisted|p1a: Toxicroak
|-damage|p1a: Toxicroak|43/100
|-heal|p2a: Ghetto|44/100 brn|[from] drain|[of] p1a: Toxicroak
|
|-heal|p1a: Toxicroak|49/100|[from] item: Leftovers
|-damage|p2a: Ghetto|38/100 brn|[from] brn
|upkeep
|turn|34
|
|switch|p2a: Pente Noire|Corviknight, M|100/100
|-damage|p2a: Pente Noire|88/100|[from] Stealth Rock
|-ability|p2a: Pente Noire|Pressure
|move|p1a: Toxicroak|Cross Chop|p2a: Pente Noire
|-damage|p2a: Pente Noire|50/100
|
|-heal|p1a: Toxicroak|56/100|[from] item: Leftovers
|-heal|p2a: Pente Noire|57/100|[from] item: Leftovers
|upkeep
|turn|35
|
|move|p1a: Toxicroak|Thunder Punch|p2a: Pente Noire
|-supereffective|p2a: Pente Noire
|-damage|p2a: Pente Noire|17/100
|move|p2a: Pente Noire|Iron Head|p1a: Toxicroak
|-damage|p1a: Toxicroak|17/100
|
|-heal|p1a: Toxicroak|23/100|[from] item: Leftovers
|-heal|p2a: Pente Noire|23/100|[from] item: Leftovers
|upkeep
|turn|36
|
|move|p1a: Toxicroak|Thunder Punch|p2a: Pente Noire
|-supereffective|p2a: Pente Noire
|-damage|p2a: Pente Noire|0 fnt
|faint|p2a: Pente Noire
|
|-heal|p1a: Toxicroak|29/100|[from] item: Leftovers
|upkeep
|c|☆Ggggggggghg|Le haxx est présent
|
|switch|p2a: Ghetto|Conkeldurr, M|38/100 brn
|-damage|p2a: Ghetto|32/100 brn|[from] Stealth Rock
|turn|37
|c|☆WavpirLPB|ta gueule
|c|☆WavpirLPB|genre ferme ta guele
|c|☆WavpirLPB|pucelle
|
|switch|p1a: Chandelure|Chandelure, M|51/100
|move|p2a: Ghetto|Mach Punch|p1a: Chandelure
|-immune|p1a: Chandelure
|
|-damage|p2a: Ghetto|26/100 brn|[from] brn
|upkeep
|turn|38
|c|☆WavpirLPB|jte défonce quand jveux
|c|☆WavpirLPB|viens gen7ou juste après
|c|☆Ggggggggghg|Le haxx est présent
|c|☆Ggggggggghg|Olala
|c|☆Ggggggggghg|Comment je haxx trop
|c|☆WavpirLPB|FILS
|c|☆WavpirLPB|DFE
|c|☆WavpirLPB|PUTE
|inactive|Ggggggggghg has 120 seconds left.
|
|switch|p2a: Petit Coeur|Clefable, M|100/100
|move|p1a: Chandelure|Fire Blast|p2a: Petit Coeur
|-damage|p2a: Petit Coeur|56/100
|
|-heal|p2a: Petit Coeur|62/100|[from] item: Leftovers
|upkeep
|turn|39
|c|☆WavpirLPB|REGARDE LES PREMIERS TOUR
|c|☆WavpirLPB|ESPECE D4AUTISTE
|inactive|Ggggggggghg has 120 seconds left.
|
|switch|p1a: Bronzong|Bronzong|72/100 par
|move|p2a: Petit Coeur|Moonblast|p1a: Bronzong
|-resisted|p1a: Bronzong
|-damage|p1a: Bronzong|62/100 par
|-unboost|p1a: Bronzong|spa|1
|
|-heal|p2a: Petit Coeur|68/100|[from] item: Leftovers
|-heal|p1a: Bronzong|68/100 par|[from] item: Leftovers
|upkeep
|turn|40
|
|switch|p2a: Ghetto|Conkeldurr, M|26/100 brn
|-damage|p2a: Ghetto|20/100 brn|[from] Stealth Rock
|move|p1a: Bronzong|Iron Head|p2a: Ghetto
|-damage|p2a: Ghetto|0 fnt
|faint|p2a: Ghetto
|
|-heal|p1a: Bronzong|74/100 par|[from] item: Leftovers
|upkeep
|c|☆WavpirLPB|C QUANF
|c|☆WavpirLPB|G UNE PARA
|c|☆WavpirLPB|FISlp^sdorefzhnbg
|
|switch|p2a: Fuck le 17|Dragapult, M|44/100
|-damage|p2a: Fuck le 17|31/100|[from] Stealth Rock
|turn|41
|c|☆Ggggggggghg|Lol
|c|☆Ggggggggghg|Jai heatproof de toute manière
|c|☆Ggggggggghg|Ya rien eu
|inactive|Ggggggggghg has 120 seconds left.
|c|☆Ggggggggghg|Chialeuse de merde
|c|☆WavpirLPB|viens duel juste
|c|☆WavpirLPB|après
|
|switch|p1a: Grimmsnarl|Grimmsnarl, M|100/100
|move|p2a: Fuck le 17|Fire Blast|p1a: Grimmsnarl
|-damage|p1a: Grimmsnarl|66/100
|
|upkeep
|turn|42
|c|☆WavpirLPB|au lieu de fuir
|c|☆WavpirLPB|t'as 38% de gxe en gen7ou
|c|☆WavpirLPB|avec 1101 d'elo
|c|☆WavpirLPB|jte pète le cul quand jveux
|c|☆WavpirLPB|p
|c|☆WavpirLPB|d
|
|move|p2a: Fuck le 17|Fire Blast|p1a: Grimmsnarl
|-damage|p1a: Grimmsnarl|28/100
|move|p1a: Grimmsnarl|Spirit Break|p2a: Fuck le 17
|-supereffective|p2a: Fuck le 17
|-damage|p2a: Fuck le 17|0 fnt
|faint|p2a: Fuck le 17
|
|upkeep
|
|switch|p2a: Petit Coeur|Clefable, M|68/100
|turn|43
|c|☆Ggggggggghg|Desole mon petit mais jai rien a prouver moi
|c|☆WavpirLPB|si
|c|☆Ggggggggghg|Jmen branle de ton ego
|c|☆WavpirLPB|viens juste après
|c|☆Ggggggggghg|De fragile
|c|☆WavpirLPB|salope
|inactive|Ggggggggghg has 120 seconds left.
|c|☆WavpirLPB|t'as peur
|
|switch|p1a: Bronzong|Bronzong|74/100 par
|move|p2a: Petit Coeur|Moonblast|p1a: Bronzong
|-resisted|p1a: Bronzong
|-damage|p1a: Bronzong|64/100 par
|
|-heal|p2a: Petit Coeur|74/100|[from] item: Leftovers
|-heal|p1a: Bronzong|71/100 par|[from] item: Leftovers
|upkeep
|turn|44
|c|☆WavpirLPB|pédale
|c|☆Ggggggggghg|Gg !
|inactive|Ggggggggghg has 120 seconds left.
|c|☆WavpirLPB|noob
|c|☆Ggggggggghg|Un plaisir
|
|move|p2a: Petit Coeur|Moonblast|p1a: Bronzong
|-resisted|p1a: Bronzong
|-damage|p1a: Bronzong|61/100 par
|move|p1a: Bronzong|Iron Head|p2a: Petit Coeur
|-supereffective|p2a: Petit Coeur
|-damage|p2a: Petit Coeur|32/100
|
|-heal|p2a: Petit Coeur|38/100|[from] item: Leftovers
|-heal|p1a: Bronzong|67/100 par|[from] item: Leftovers
|upkeep
|turn|45
|c|☆WavpirLPB|suice ma teub
|inactive|WavpirLPB has 90 seconds left.
|c|☆WavpirLPB|je prend ta mère en levrette
|
|move|p2a: Petit Coeur|Protect|p2a: Petit Coeur
|-singleturn|p2a: Petit Coeur|Protect
|cant|p1a: Bronzong|par
|
|-heal|p2a: Petit Coeur|44/100|[from] item: Leftovers
|-heal|p1a: Bronzong|73/100 par|[from] item: Leftovers
|upkeep
|turn|46
|inactive|WavpirLPB has 90 seconds left.
|
|move|p2a: Petit Coeur|Wish|p2a: Petit Coeur
|move|p1a: Bronzong|Iron Head|p2a: Petit Coeur
|-supereffective|p2a: Petit Coeur
|-damage|p2a: Petit Coeur|0 fnt
|faint|p2a: Petit Coeur
|
|win|Ggggggggghg
|l|☆WavpirLPB
|raw|Ggggggggghg's rating: 1282 → 1304(+22 for winning)
|raw|WavpirLPB's rating: 1246 → 1223(-23 for losing)
