|ScrapeTime|2020-01-01-22:24:36
|j|☆this is jho
|j|☆Rylik
|player|p1|this is jho|lucas|1615
|player|p2|Rylik|266|1594
|teamsize|p1|6
|teamsize|p2|6
|gametype|singles
|gen|8
|tier|[Gen 8] OU
|rated|
|rule|Sleep Clause Mod: Limit one foe put to sleep
|rule|Species Clause: Limit one of each Pokémon
|rule|OHKO Clause: OHKO moves are banned
|rule|Evasion Moves Clause: Evasion moves are banned
|rule|Endless Battle Clause: Forcing endless battles is banned
|rule|HP Percentage Mod: HP is shown in percentages
|clearpoke
|poke|p1|Obstagoon, M|
|poke|p1|Corviknight, M|
|poke|p1|Dragapult, F|
|poke|p1|Seismitoad, M|
|poke|p1|Rotom-Heat|
|poke|p1|Sylveon, F|
|poke|p2|Seismitoad, F|
|poke|p2|Rotom-Heat|
|poke|p2|Corviknight, F|
|poke|p2|Crawdaunt, M|
|poke|p2|Aegislash, F|
|poke|p2|Clefable, F|
|rule|Dynamax Clause: You cannot dynamax
|teampreview
|
|start
|switch|p1a: Obstagoon|Obstagoon, M|100/100
|switch|p2a: Seismitoad|Seismitoad, F|100/100
|turn|1
|
|move|p1a: Obstagoon|Facade|p2a: Seismitoad
|-damage|p2a: Seismitoad|80/100
|move|p2a: Seismitoad|Stealth Rock|p1a: Obstagoon
|-sidestart|p1: this is jho|move: Stealth Rock
|
|-heal|p2a: Seismitoad|86/100|[from] item: Leftovers
|-status|p1a: Obstagoon|brn|[from] item: Flame Orb
|upkeep
|turn|2
|
|switch|p2a: Corviknight|Corviknight, F|100/100
|-ability|p2a: Corviknight|Pressure
|move|p1a: Obstagoon|Switcheroo|p2a: Corviknight
|-activate|p1a: Obstagoon|move: Trick|[of] p2a: Corviknight
|-item|p2a: Corviknight|Flame Orb|[from] move: Switcheroo
|-item|p1a: Obstagoon|Leftovers|[from] move: Switcheroo
|
|-damage|p1a: Obstagoon|94/100 brn|[from] brn
|-status|p2a: Corviknight|brn|[from] item: Flame Orb
|upkeep
|turn|3
|j| Aphro Glitch
|
|switch|p1a: Corviknight|Corviknight, M|100/100
|-damage|p1a: Corviknight|88/100|[from] Stealth Rock
|-ability|p1a: Corviknight|Pressure
|move|p2a: Corviknight|U-turn|p1a: Corviknight
|-resisted|p1a: Corviknight
|-damage|p1a: Corviknight|87/100
|l| Aphro Glitch
|
|switch|p2a: Crawdaunt|Crawdaunt, M|100/100|[from]move: U-turn
|
|-heal|p1a: Corviknight|93/100|[from] item: Leftovers
|upkeep
|turn|4
|
|move|p2a: Crawdaunt|Knock Off|p1a: Corviknight
|-damage|p1a: Corviknight|18/100
|-enditem|p1a: Corviknight|Leftovers|[from] move: Knock Off|[of] p2a: Crawdaunt
|-damage|p2a: Crawdaunt|91/100|[from] item: Life Orb
|move|p1a: Corviknight|Roost|p1a: Corviknight
|-heal|p1a: Corviknight|68/100
|-singleturn|p1a: Corviknight|move: Roost
|
|upkeep
|turn|5
|
|switch|p1a: Seismitoad|Seismitoad, M|100/100
|-damage|p1a: Seismitoad|94/100|[from] Stealth Rock
|move|p2a: Crawdaunt|Crabhammer|p1a: Seismitoad
|-heal|p1a: Seismitoad|100/100|[from] ability: Water Absorb|[of] p2a: Crawdaunt
|
|upkeep
|turn|6
|
|move|p2a: Crawdaunt|Knock Off|p1a: Seismitoad
|-damage|p1a: Seismitoad|38/100
|-enditem|p1a: Seismitoad|Leftovers|[from] move: Knock Off|[of] p2a: Crawdaunt
|-damage|p2a: Crawdaunt|81/100|[from] item: Life Orb
|move|p1a: Seismitoad|Toxic|p2a: Crawdaunt
|-status|p2a: Crawdaunt|tox
|
|-damage|p2a: Crawdaunt|75/100 tox|[from] psn
|upkeep
|turn|7
|
|move|p1a: Seismitoad|Protect|p1a: Seismitoad
|-singleturn|p1a: Seismitoad|Protect
|move|p2a: Crawdaunt|Knock Off|p1a: Seismitoad
|-activate|p1a: Seismitoad|move: Protect
|
|-damage|p2a: Crawdaunt|63/100 tox|[from] psn
|upkeep
|turn|8
|
|switch|p1a: Corviknight|Corviknight, M|68/100
|-damage|p1a: Corviknight|56/100|[from] Stealth Rock
|-ability|p1a: Corviknight|Pressure
|move|p2a: Crawdaunt|Knock Off|p1a: Corviknight
|-damage|p1a: Corviknight|8/100
|-damage|p2a: Crawdaunt|53/100 tox|[from] item: Life Orb
|
|-damage|p2a: Crawdaunt|35/100 tox|[from] psn
|upkeep
|turn|9
|
|move|p2a: Crawdaunt|Knock Off|p1a: Corviknight
|-damage|p1a: Corviknight|0 fnt
|-damage|p2a: Crawdaunt|26/100 tox|[from] item: Life Orb
|faint|p1a: Corviknight
|
|-damage|p2a: Crawdaunt|2/100 tox|[from] psn
|upkeep
|
|switch|p1a: Rotom|Rotom-Heat|100/100
|turn|10
|
|switch|p1a: Seismitoad|Seismitoad, M|38/100
|-damage|p1a: Seismitoad|32/100|[from] Stealth Rock
|switch|p2a: Seismitoad|Seismitoad, F|86/100
|
|-heal|p2a: Seismitoad|92/100|[from] item: Leftovers
|upkeep
|turn|11
|
|move|p1a: Seismitoad|Stealth Rock|p2a: Seismitoad
|-sidestart|p2: Rylik|move: Stealth Rock
|move|p2a: Seismitoad|Earthquake|p1a: Seismitoad
|-damage|p1a: Seismitoad|6/100
|
|-heal|p2a: Seismitoad|98/100|[from] item: Leftovers
|upkeep
|turn|12
|
|move|p1a: Seismitoad|Protect|p1a: Seismitoad
|-singleturn|p1a: Seismitoad|Protect
|move|p2a: Seismitoad|Earthquake|p1a: Seismitoad
|-activate|p1a: Seismitoad|move: Protect
|
|-heal|p2a: Seismitoad|100/100|[from] item: Leftovers
|upkeep
|turn|13
|
|move|p1a: Seismitoad|Toxic|p2a: Seismitoad|[miss]
|-miss|p1a: Seismitoad|p2a: Seismitoad
|move|p2a: Seismitoad|Earthquake|p1a: Seismitoad
|-damage|p1a: Seismitoad|0 fnt
|faint|p1a: Seismitoad
|
|upkeep
|
|switch|p1a: Obstagoon|Obstagoon, M|94/100 brn
|-damage|p1a: Obstagoon|82/100 brn|[from] Stealth Rock
|turn|14
|
|switch|p2a: Crawdaunt|Crawdaunt, M|2/100 tox
|-damage|p2a: Crawdaunt|0 fnt|[from] Stealth Rock
|faint|p2a: Crawdaunt
|move|p1a: Obstagoon|Knock Off|p2: Crawdaunt|[notarget]
|-fail|p1a: Obstagoon
|
|-heal|p1a: Obstagoon|88/100 brn|[from] item: Leftovers
|-damage|p1a: Obstagoon|82/100 brn|[from] brn
|upkeep
|
|switch|p2a: Clefable|Clefable, F|100/100
|turn|15
|
|switch|p1a: Sylveon|Sylveon, F|100/100
|-damage|p1a: Sylveon|88/100|[from] Stealth Rock
|move|p2a: Clefable|Moonblast|p1a: Sylveon
|-damage|p1a: Sylveon|69/100
|
|-heal|p1a: Sylveon|75/100|[from] item: Leftovers
|upkeep
|turn|16
|
|move|p1a: Sylveon|Wish|p1a: Sylveon
|move|p2a: Clefable|Thunder Wave|p1a: Sylveon
|-status|p1a: Sylveon|par
|
|-heal|p1a: Sylveon|81/100 par|[from] item: Leftovers
|upkeep
|turn|17
|
|move|p2a: Clefable|Wish|p2a: Clefable
|move|p1a: Sylveon|Hyper Voice|p2a: Clefable
|-damage|p2a: Clefable|70/100
|
|-heal|p1a: Sylveon|100/100 par|[from] move: Wish|[wisher] Sylveon
|-heal|p2a: Clefable|76/100|[from] item: Leftovers
|upkeep
|turn|18
|
|switch|p1a: Rotom|Rotom-Heat|100/100
|move|p2a: Clefable|Moonblast|p1a: Rotom
|-resisted|p1a: Rotom
|-damage|p1a: Rotom|85/100
|
|-heal|p2a: Clefable|100/100|[from] move: Wish|[wisher] Clefable
|upkeep
|turn|19
|
|switch|p1a: Obstagoon|Obstagoon, M|82/100 brn
|-damage|p1a: Obstagoon|70/100 brn|[from] Stealth Rock
|move|p2a: Clefable|Wish|p2a: Clefable
|
|-heal|p1a: Obstagoon|76/100 brn|[from] item: Leftovers
|-damage|p1a: Obstagoon|70/100 brn|[from] brn
|upkeep
|turn|20
|
|switch|p1a: Rotom|Rotom-Heat|85/100
|move|p2a: Clefable|Moonblast|p1a: Rotom
|-resisted|p1a: Rotom
|-damage|p1a: Rotom|67/100
|
|upkeep
|turn|21
|
|move|p1a: Rotom|Thunder Wave|p2a: Clefable|[miss]
|-miss|p1a: Rotom|p2a: Clefable
|move|p2a: Clefable|Wish|p2a: Clefable
|
|upkeep
|turn|22
|
|switch|p1a: Obstagoon|Obstagoon, M|70/100 brn
|-damage|p1a: Obstagoon|58/100 brn|[from] Stealth Rock
|switch|p2a: Seismitoad|Seismitoad, F|100/100
|-damage|p2a: Seismitoad|94/100|[from] Stealth Rock
|
|-heal|p2a: Seismitoad|100/100|[from] move: Wish|[wisher] Clefable
|-heal|p1a: Obstagoon|64/100 brn|[from] item: Leftovers
|-damage|p1a: Obstagoon|58/100 brn|[from] brn
|upkeep
|turn|23
|
|move|p1a: Obstagoon|Knock Off|p2a: Seismitoad
|-damage|p2a: Seismitoad|58/100
|-enditem|p2a: Seismitoad|Leftovers|[from] move: Knock Off|[of] p1a: Obstagoon
|move|p2a: Seismitoad|Earthquake|p1a: Obstagoon
|-damage|p1a: Obstagoon|26/100 brn
|
|-heal|p1a: Obstagoon|33/100 brn|[from] item: Leftovers
|-damage|p1a: Obstagoon|26/100 brn|[from] brn
|upkeep
|turn|24
|
|move|p1a: Obstagoon|Facade|p2a: Seismitoad
|-damage|p2a: Seismitoad|0 fnt
|faint|p2a: Seismitoad
|
|-heal|p1a: Obstagoon|33/100 brn|[from] item: Leftovers
|-damage|p1a: Obstagoon|26/100 brn|[from] brn
|upkeep
|
|switch|p2a: Rotom|Rotom-Heat|100/100
|-damage|p2a: Rotom|76/100|[from] Stealth Rock
|turn|25
|
|switch|p1a: Rotom|Rotom-Heat|67/100
|move|p2a: Rotom|Volt Switch|p1a: Rotom
|-resisted|p1a: Rotom
|-damage|p1a: Rotom|53/100
|
|switch|p2a: Clefable|Clefable, F|100/100|[from]move: Volt Switch
|
|upkeep
|turn|26
|
|move|p1a: Rotom|Nasty Plot|p1a: Rotom
|-boost|p1a: Rotom|spa|2
|move|p2a: Clefable|Wish|p2a: Clefable
|
|upkeep
|turn|27
|
|switch|p2a: Rotom|Rotom-Heat|76/100
|-damage|p2a: Rotom|51/100|[from] Stealth Rock
|move|p1a: Rotom|Nasty Plot|p1a: Rotom
|-boost|p1a: Rotom|spa|2
|
|-heal|p2a: Rotom|100/100|[from] move: Wish|[wisher] Clefable
|upkeep
|turn|28
|
|move|p2a: Rotom|Overheat|p1a: Rotom
|-resisted|p1a: Rotom
|-damage|p1a: Rotom|30/100
|-unboost|p2a: Rotom|spa|2
|move|p1a: Rotom|Overheat|p2a: Rotom|[miss]
|-miss|p1a: Rotom|p2a: Rotom
|
|upkeep
|turn|29
|
|move|p2a: Rotom|Overheat|p1a: Rotom
|-resisted|p1a: Rotom
|-damage|p1a: Rotom|18/100
|-unboost|p2a: Rotom|spa|2
|move|p1a: Rotom|Overheat|p2a: Rotom
|-resisted|p2a: Rotom
|-damage|p2a: Rotom|25/100
|-unboost|p1a: Rotom|spa|2
|
|upkeep
|turn|30
|
|move|p2a: Rotom|Overheat|p1a: Rotom
|-resisted|p1a: Rotom
|-damage|p1a: Rotom|10/100
|-unboost|p2a: Rotom|spa|2
|move|p1a: Rotom|Overheat|p2a: Rotom
|-resisted|p2a: Rotom
|-damage|p2a: Rotom|0 fnt
|-unboost|p1a: Rotom|spa|2
|faint|p2a: Rotom
|
|upkeep
|
|switch|p2a: Aegislash|Aegislash, F|100/100
|-damage|p2a: Aegislash|94/100|[from] Stealth Rock
|turn|31
|
|-formechange|p2a: Aegislash|Aegislash-Blade||[from] ability: Stance Change
|move|p2a: Aegislash|Shadow Sneak|p1a: Rotom
|-damage|p1a: Rotom|0 fnt
|faint|p1a: Rotom
|
|upkeep
|
|switch|p1a: Obstagoon|Obstagoon, M|26/100 brn
|-damage|p1a: Obstagoon|14/100 brn|[from] Stealth Rock
|turn|32
|
|switch|p2a: Corviknight|Corviknight, F|100/100 brn
|-damage|p2a: Corviknight|88/100 brn|[from] Stealth Rock
|-ability|p2a: Corviknight|Pressure
|move|p1a: Obstagoon|Knock Off|p2a: Corviknight
|-damage|p2a: Corviknight|44/100 brn
|-enditem|p2a: Corviknight|Flame Orb|[from] move: Knock Off|[of] p1a: Obstagoon
|
|-heal|p1a: Obstagoon|20/100 brn|[from] item: Leftovers
|-damage|p1a: Obstagoon|14/100 brn|[from] brn
|-damage|p2a: Corviknight|37/100 brn|[from] brn
|upkeep
|turn|33
|
|move|p1a: Obstagoon|Close Combat|p2a: Corviknight
|-damage|p2a: Corviknight|0 fnt
|-unboost|p1a: Obstagoon|def|1
|-unboost|p1a: Obstagoon|spd|1
|faint|p2a: Corviknight
|
|-heal|p1a: Obstagoon|20/100 brn|[from] item: Leftovers
|-damage|p1a: Obstagoon|14/100 brn|[from] brn
|upkeep
|
|switch|p2a: Clefable|Clefable, F|100/100
|turn|34
|
|switch|p1a: Sylveon|Sylveon, F|100/100 par
|-damage|p1a: Sylveon|88/100 par|[from] Stealth Rock
|move|p2a: Clefable|Moonblast|p1a: Sylveon
|-damage|p1a: Sylveon|68/100 par
|
|-heal|p1a: Sylveon|74/100 par|[from] item: Leftovers
|upkeep
|turn|35
|
|switch|p2a: Aegislash|Aegislash, F|94/100
|-damage|p2a: Aegislash|88/100|[from] Stealth Rock
|move|p1a: Sylveon|Wish|p1a: Sylveon
|
|-heal|p1a: Sylveon|80/100 par|[from] item: Leftovers
|upkeep
|turn|36
|
|switch|p1a: Dragapult|Dragapult, F|100/100
|-damage|p1a: Dragapult|88/100|[from] Stealth Rock
|-formechange|p2a: Aegislash|Aegislash-Blade||[from] ability: Stance Change
|move|p2a: Aegislash|Iron Head|p1a: Dragapult
|-damage|p1a: Dragapult|0 fnt
|faint|p1a: Dragapult
|
|upkeep
|
|switch|p1a: Obstagoon|Obstagoon, M|14/100 brn
|-damage|p1a: Obstagoon|2/100 brn|[from] Stealth Rock
|turn|37
|
|move|p1a: Obstagoon|Knock Off|p2a: Aegislash
|-supereffective|p2a: Aegislash
|-damage|p2a: Aegislash|0 fnt
|-enditem|p2a: Aegislash|Choice Band|[from] move: Knock Off|[of] p1a: Obstagoon
|faint|p2a: Aegislash
|
|-heal|p1a: Obstagoon|8/100 brn|[from] item: Leftovers
|-damage|p1a: Obstagoon|2/100 brn|[from] brn
|upkeep
|
|switch|p2a: Clefable|Clefable, F|100/100
|turn|38
|
|move|p1a: Obstagoon|Facade|p2a: Clefable
|-damage|p2a: Clefable|18/100
|move|p2a: Clefable|Moonblast|p1a: Obstagoon
|-supereffective|p1a: Obstagoon
|-damage|p1a: Obstagoon|0 fnt
|faint|p1a: Obstagoon
|
|-heal|p2a: Clefable|24/100|[from] item: Leftovers
|upkeep
|
|switch|p1a: Sylveon|Sylveon, F|80/100 par
|-damage|p1a: Sylveon|68/100 par|[from] Stealth Rock
|turn|39
|
|move|p2a: Clefable|Protect|p2a: Clefable
|-singleturn|p2a: Clefable|Protect
|move|p1a: Sylveon|Mystical Fire|p2a: Clefable
|-activate|p2a: Clefable|move: Protect
|
|-heal|p2a: Clefable|30/100|[from] item: Leftovers
|-heal|p1a: Sylveon|74/100 par|[from] item: Leftovers
|upkeep
|turn|40
|
|move|p2a: Clefable|Wish|p2a: Clefable
|move|p1a: Sylveon|Mystical Fire|p2a: Clefable
|-damage|p2a: Clefable|16/100
|-unboost|p2a: Clefable|spa|1
|
|-heal|p2a: Clefable|22/100|[from] item: Leftovers
|-heal|p1a: Sylveon|80/100 par|[from] item: Leftovers
|upkeep
|turn|41
|
|move|p2a: Clefable|Moonblast|p1a: Sylveon
|-damage|p1a: Sylveon|69/100 par
|move|p1a: Sylveon|Mystical Fire|p2a: Clefable
|-damage|p2a: Clefable|7/100
|-unboost|p2a: Clefable|spa|1
|
|-heal|p2a: Clefable|57/100|[from] move: Wish|[wisher] Clefable
|-heal|p2a: Clefable|63/100|[from] item: Leftovers
|-heal|p1a: Sylveon|75/100 par|[from] item: Leftovers
|upkeep
|turn|42
|
|move|p2a: Clefable|Wish|p2a: Clefable
|cant|p1a: Sylveon|par
|
|-heal|p2a: Clefable|69/100|[from] item: Leftovers
|-heal|p1a: Sylveon|81/100 par|[from] item: Leftovers
|upkeep
|turn|43
|
|move|p2a: Clefable|Moonblast|p1a: Sylveon
|-damage|p1a: Sylveon|72/100 par
|-unboost|p1a: Sylveon|spa|1
|cant|p1a: Sylveon|par
|
|-heal|p2a: Clefable|100/100|[from] move: Wish|[wisher] Clefable
|-heal|p1a: Sylveon|78/100 par|[from] item: Leftovers
|upkeep
|turn|44
|
|move|p2a: Clefable|Wish|p2a: Clefable
|move|p1a: Sylveon|Mystical Fire|p2a: Clefable
|-crit|p2a: Clefable
|-damage|p2a: Clefable|80/100
|-unboost|p2a: Clefable|spa|1
|
|-heal|p2a: Clefable|86/100|[from] item: Leftovers
|-heal|p1a: Sylveon|85/100 par|[from] item: Leftovers
|upkeep
|turn|45
|
|move|p2a: Clefable|Moonblast|p1a: Sylveon
|-damage|p1a: Sylveon|77/100 par
|-unboost|p1a: Sylveon|spa|1
|move|p1a: Sylveon|Mystical Fire|p2a: Clefable
|-damage|p2a: Clefable|79/100
|-unboost|p2a: Clefable|spa|1
|
|-heal|p2a: Clefable|100/100|[from] move: Wish|[wisher] Clefable
|-heal|p1a: Sylveon|83/100 par|[from] item: Leftovers
|upkeep
|turn|46
|
|move|p2a: Clefable|Moonblast|p1a: Sylveon
|-damage|p1a: Sylveon|77/100 par
|cant|p1a: Sylveon|par
|
|-heal|p1a: Sylveon|83/100 par|[from] item: Leftovers
|upkeep
|turn|47
|
|move|p2a: Clefable|Thunder Wave|p1a: Sylveon
|-fail|p1a: Sylveon|par
|move|p1a: Sylveon|Mystical Fire|p2a: Clefable
|-damage|p2a: Clefable|93/100
|-unboost|p2a: Clefable|spa|1
|
|-heal|p2a: Clefable|99/100|[from] item: Leftovers
|-heal|p1a: Sylveon|90/100 par|[from] item: Leftovers
|upkeep
|turn|48
|
|move|p2a: Clefable|Thunder Wave|p1a: Sylveon|[miss]
|-miss|p2a: Clefable|p1a: Sylveon
|move|p1a: Sylveon|Mystical Fire|p2a: Clefable
|-damage|p2a: Clefable|91/100
|-unboost|p2a: Clefable|spa|1
|
|-heal|p2a: Clefable|97/100|[from] item: Leftovers
|-heal|p1a: Sylveon|96/100 par|[from] item: Leftovers
|upkeep
|turn|49
|
|move|p2a: Clefable|Thunder Wave|p1a: Sylveon
|-fail|p1a: Sylveon|par
|cant|p1a: Sylveon|par
|
|-heal|p2a: Clefable|100/100|[from] item: Leftovers
|-heal|p1a: Sylveon|100/100 par|[from] item: Leftovers
|upkeep
|turn|50
|
|move|p2a: Clefable|Thunder Wave|p1a: Sylveon
|-fail|p1a: Sylveon|par
|move|p1a: Sylveon|Mystical Fire|p2a: Clefable
|-damage|p2a: Clefable|93/100
|
|-heal|p2a: Clefable|99/100|[from] item: Leftovers
|upkeep
|turn|51
|
|move|p2a: Clefable|Thunder Wave|p1a: Sylveon
|-fail|p1a: Sylveon|par
|move|p1a: Sylveon|Mystical Fire|p2a: Clefable
|-damage|p2a: Clefable|92/100
|
|-heal|p2a: Clefable|98/100|[from] item: Leftovers
|upkeep
|turn|52
|
|move|p2a: Clefable|Thunder Wave|p1a: Sylveon
|-fail|p1a: Sylveon|par
|cant|p1a: Sylveon|par
|
|-heal|p2a: Clefable|100/100|[from] item: Leftovers
|upkeep
|turn|53
|
|move|p2a: Clefable|Thunder Wave|p1a: Sylveon
|-fail|p1a: Sylveon|par
|move|p1a: Sylveon|Mystical Fire|p2a: Clefable
|-damage|p2a: Clefable|93/100
|
|-heal|p2a: Clefable|99/100|[from] item: Leftovers
|upkeep
|turn|54
|
|move|p2a: Clefable|Thunder Wave|p1a: Sylveon
|-fail|p1a: Sylveon|par
|move|p1a: Sylveon|Mystical Fire|p2a: Clefable
|-damage|p2a: Clefable|92/100
|
|-heal|p2a: Clefable|98/100|[from] item: Leftovers
|upkeep
|turn|55
|
|move|p2a: Clefable|Thunder Wave|p1a: Sylveon|[miss]
|-miss|p2a: Clefable|p1a: Sylveon
|move|p1a: Sylveon|Mystical Fire|p2a: Clefable
|-damage|p2a: Clefable|91/100
|
|-heal|p2a: Clefable|97/100|[from] item: Leftovers
|upkeep
|turn|56
|
|move|p2a: Clefable|Thunder Wave|p1a: Sylveon
|-fail|p1a: Sylveon|par
|move|p1a: Sylveon|Mystical Fire|p2a: Clefable
|-damage|p2a: Clefable|90/100
|
|-heal|p2a: Clefable|96/100|[from] item: Leftovers
|upkeep
|turn|57
|
|move|p2a: Clefable|Thunder Wave|p1a: Sylveon
|-fail|p1a: Sylveon|par
|move|p1a: Sylveon|Mystical Fire|p2a: Clefable
|-damage|p2a: Clefable|89/100
|
|-heal|p2a: Clefable|95/100|[from] item: Leftovers
|upkeep
|turn|58
|
|move|p2a: Clefable|Thunder Wave|p1a: Sylveon
|-fail|p1a: Sylveon|par
|move|p1a: Sylveon|Mystical Fire|p2a: Clefable
|-damage|p2a: Clefable|88/100
|
|-heal|p2a: Clefable|94/100|[from] item: Leftovers
|upkeep
|turn|59
|
|move|p2a: Clefable|Thunder Wave|p1a: Sylveon
|-fail|p1a: Sylveon|par
|move|p1a: Sylveon|Mystical Fire|p2a: Clefable
|-damage|p2a: Clefable|86/100
|
|-heal|p2a: Clefable|92/100|[from] item: Leftovers
|upkeep
|turn|60
|
|move|p2a: Clefable|Thunder Wave|p1a: Sylveon|[miss]
|-miss|p2a: Clefable|p1a: Sylveon
|cant|p1a: Sylveon|par
|
|-heal|p2a: Clefable|98/100|[from] item: Leftovers
|upkeep
|turn|61
|
|move|p2a: Clefable|Thunder Wave|p1a: Sylveon
|-fail|p1a: Sylveon|par
|cant|p1a: Sylveon|par
|
|-heal|p2a: Clefable|100/100|[from] item: Leftovers
|upkeep
|turn|62
|
|move|p2a: Clefable|Thunder Wave|p1a: Sylveon
|-fail|p1a: Sylveon|par
|move|p1a: Sylveon|Hyper Voice|p2a: Clefable
|-damage|p2a: Clefable|85/100
|
|-heal|p2a: Clefable|91/100|[from] item: Leftovers
|upkeep
|turn|63
|
|move|p2a: Clefable|Thunder Wave|p1a: Sylveon|[miss]
|-miss|p2a: Clefable|p1a: Sylveon
|move|p1a: Sylveon|Hyper Voice|p2a: Clefable
|-crit|p2a: Clefable
|-damage|p2a: Clefable|46/100
|
|-heal|p2a: Clefable|52/100|[from] item: Leftovers
|upkeep
|turn|64
|
|move|p2a: Clefable|Wish|p2a: Clefable
|cant|p1a: Sylveon|par
|
|-heal|p2a: Clefable|58/100|[from] item: Leftovers
|upkeep
|turn|65
|
|move|p2a: Clefable|Protect|p2a: Clefable
|-singleturn|p2a: Clefable|Protect
|cant|p1a: Sylveon|par
|
|-heal|p2a: Clefable|100/100|[from] move: Wish|[wisher] Clefable
|upkeep
|turn|66
|
|move|p2a: Clefable|Thunder Wave|p1a: Sylveon
|-fail|p1a: Sylveon|par
|move|p1a: Sylveon|Hyper Voice|p2a: Clefable
|-damage|p2a: Clefable|85/100
|
|-heal|p2a: Clefable|91/100|[from] item: Leftovers
|upkeep
|turn|67
|
|move|p2a: Clefable|Thunder Wave|p1a: Sylveon
|-fail|p1a: Sylveon|par
|move|p1a: Sylveon|Hyper Voice|p2a: Clefable
|-damage|p2a: Clefable|76/100
|
|-heal|p2a: Clefable|82/100|[from] item: Leftovers
|upkeep
|turn|68
|
|move|p2a: Clefable|Thunder Wave|p1a: Sylveon
|-fail|p1a: Sylveon|par
|move|p1a: Sylveon|Hyper Voice|p2a: Clefable
|-damage|p2a: Clefable|66/100
|
|-heal|p2a: Clefable|72/100|[from] item: Leftovers
|upkeep
|turn|69
|
|move|p2a: Clefable|Thunder Wave|p1a: Sylveon
|-fail|p1a: Sylveon|par
|move|p1a: Sylveon|Hyper Voice|p2a: Clefable
|-damage|p2a: Clefable|56/100
|
|-heal|p2a: Clefable|62/100|[from] item: Leftovers
|upkeep
|turn|70
|
|move|p2a: Clefable|Wish|p2a: Clefable
|move|p1a: Sylveon|Hyper Voice|p2a: Clefable
|-damage|p2a: Clefable|46/100
|
|-heal|p2a: Clefable|52/100|[from] item: Leftovers
|upkeep
|turn|71
|
|move|p2a: Clefable|Thunder Wave|p1a: Sylveon
|-fail|p1a: Sylveon|par
|move|p1a: Sylveon|Hyper Voice|p2a: Clefable
|-damage|p2a: Clefable|36/100
|
|-heal|p2a: Clefable|86/100|[from] move: Wish|[wisher] Clefable
|-heal|p2a: Clefable|92/100|[from] item: Leftovers
|upkeep
|turn|72
|
|move|p2a: Clefable|Thunder Wave|p1a: Sylveon
|-fail|p1a: Sylveon|par
|move|p1a: Sylveon|Hyper Voice|p2a: Clefable
|-damage|p2a: Clefable|76/100
|
|-heal|p2a: Clefable|82/100|[from] item: Leftovers
|upkeep
|turn|73
|
|move|p2a: Clefable|Thunder Wave|p1a: Sylveon
|-fail|p1a: Sylveon|par
|move|p1a: Sylveon|Hyper Voice|p2a: Clefable
|-damage|p2a: Clefable|67/100
|
|-heal|p2a: Clefable|73/100|[from] item: Leftovers
|upkeep
|turn|74
|
|move|p2a: Clefable|Thunder Wave|p1a: Sylveon
|-fail|p1a: Sylveon|par
|move|p1a: Sylveon|Hyper Voice|p2a: Clefable
|-damage|p2a: Clefable|57/100
|
|-heal|p2a: Clefable|63/100|[from] item: Leftovers
|upkeep
|turn|75
|
|move|p2a: Clefable|Wish|p2a: Clefable
|move|p1a: Sylveon|Hyper Voice|p2a: Clefable
|-damage|p2a: Clefable|48/100
|
|-heal|p2a: Clefable|54/100|[from] item: Leftovers
|upkeep
|turn|76
|
|move|p2a: Clefable|Thunder Wave|p1a: Sylveon
|-fail|p1a: Sylveon|par
|cant|p1a: Sylveon|par
|
|-heal|p2a: Clefable|100/100|[from] move: Wish|[wisher] Clefable
|upkeep
|turn|77
|
|move|p2a: Clefable|Thunder Wave|p1a: Sylveon|[miss]
|-miss|p2a: Clefable|p1a: Sylveon
|move|p1a: Sylveon|Hyper Voice|p2a: Clefable
|-damage|p2a: Clefable|85/100
|
|-heal|p2a: Clefable|91/100|[from] item: Leftovers
|upkeep
|turn|78
|
|move|p2a: Clefable|Thunder Wave|p1a: Sylveon
|-fail|p1a: Sylveon|par
|move|p1a: Sylveon|Hyper Voice|p2a: Clefable
|-damage|p2a: Clefable|77/100
|
|-heal|p2a: Clefable|83/100|[from] item: Leftovers
|upkeep
|turn|79
|
|move|p2a: Clefable|Thunder Wave|p1a: Sylveon
|-fail|p1a: Sylveon|par
|move|p1a: Sylveon|Hyper Voice|p2a: Clefable
|-damage|p2a: Clefable|67/100
|
|-heal|p2a: Clefable|73/100|[from] item: Leftovers
|upkeep
|turn|80
|
|move|p1a: Sylveon|Protect|p1a: Sylveon
|-singleturn|p1a: Sylveon|Protect
|move|p2a: Clefable|Wish|p2a: Clefable
|
|-heal|p2a: Clefable|79/100|[from] item: Leftovers
|upkeep
|turn|81
|
|move|p1a: Sylveon|Protect||[still]
|-fail|p1a: Sylveon
|move|p2a: Clefable|Thunder Wave|p1a: Sylveon
|-fail|p1a: Sylveon|par
|
|-heal|p2a: Clefable|100/100|[from] move: Wish|[wisher] Clefable
|upkeep
|turn|82
|
|move|p1a: Sylveon|Protect|p1a: Sylveon
|-singleturn|p1a: Sylveon|Protect
|move|p2a: Clefable|Thunder Wave|p1a: Sylveon
|-activate|p1a: Sylveon|move: Protect
|
|upkeep
|turn|83
|
|move|p2a: Clefable|Protect|p2a: Clefable
|-singleturn|p2a: Clefable|Protect
|move|p1a: Sylveon|Protect||[still]
|-fail|p1a: Sylveon
|
|upkeep
|turn|84
|
|move|p2a: Clefable|Protect||[still]
|-fail|p2a: Clefable
|cant|p1a: Sylveon|par
|
|upkeep
|turn|85
|
|move|p2a: Clefable|Protect|p2a: Clefable
|-singleturn|p2a: Clefable|Protect
|move|p1a: Sylveon|Protect||[still]
|-fail|p1a: Sylveon
|
|upkeep
|turn|86
|
|move|p2a: Clefable|Protect||[still]
|-fail|p2a: Clefable
|move|p1a: Sylveon|Protect||[still]
|-fail|p1a: Sylveon
|
|upkeep
|turn|87
|
|move|p2a: Clefable|Protect|p2a: Clefable
|-singleturn|p2a: Clefable|Protect
|move|p1a: Sylveon|Protect||[still]
|-fail|p1a: Sylveon
|
|upkeep
|turn|88
|
|move|p2a: Clefable|Protect||[still]
|-fail|p2a: Clefable
|move|p1a: Sylveon|Protect||[still]
|-fail|p1a: Sylveon
|
|upkeep
|turn|89
|
|move|p2a: Clefable|Protect|p2a: Clefable
|-singleturn|p2a: Clefable|Protect
|move|p1a: Sylveon|Protect||[still]
|-fail|p1a: Sylveon
|
|upkeep
|turn|90
|
|move|p2a: Clefable|Protect||[still]
|-fail|p2a: Clefable
|move|p1a: Sylveon|Protect||[still]
|-fail|p1a: Sylveon
|
|upkeep
|turn|91
|
|move|p2a: Clefable|Protect|p2a: Clefable
|-singleturn|p2a: Clefable|Protect
|move|p1a: Sylveon|Protect||[still]
|-fail|p1a: Sylveon
|
|upkeep
|turn|92
|
|move|p2a: Clefable|Protect|p2a: Clefable
|-singleturn|p2a: Clefable|Protect
|move|p1a: Sylveon|Protect||[still]
|-fail|p1a: Sylveon
|
|upkeep
|turn|93
|
|move|p2a: Clefable|Protect||[still]
|-fail|p2a: Clefable
|move|p1a: Sylveon|Protect||[still]
|-fail|p1a: Sylveon
|
|upkeep
|turn|94
|
|move|p2a: Clefable|Protect|p2a: Clefable
|-singleturn|p2a: Clefable|Protect
|move|p1a: Sylveon|Protect||[still]
|-fail|p1a: Sylveon
|
|upkeep
|turn|95
|
|move|p2a: Clefable|Protect||[still]
|-fail|p2a: Clefable
|cant|p1a: Sylveon|par
|
|upkeep
|turn|96
|
|move|p2a: Clefable|Protect|p2a: Clefable
|-singleturn|p2a: Clefable|Protect
|move|p1a: Sylveon|Protect||[still]
|-fail|p1a: Sylveon
|
|upkeep
|turn|97
|
|move|p1a: Sylveon|Protect|p1a: Sylveon
|-singleturn|p1a: Sylveon|Protect
|move|p2a: Clefable|Moonblast|p1a: Sylveon
|-activate|p1a: Sylveon|move: Protect
|
|upkeep
|turn|98
|
|move|p2a: Clefable|Wish|p2a: Clefable
|move|p1a: Sylveon|Wish|p1a: Sylveon
|
|upkeep
|turn|99
|
|move|p2a: Clefable|Wish||[still]
|-fail|p2a: Clefable
|move|p1a: Sylveon|Wish||[still]
|-fail|p1a: Sylveon
|
|upkeep
|turn|100
|
|move|p2a: Clefable|Moonblast|p1a: Sylveon
|-damage|p1a: Sylveon|95/100 par
|-unboost|p1a: Sylveon|spa|1
|move|p1a: Sylveon|Wish|p1a: Sylveon
|
|-heal|p1a: Sylveon|100/100 par|[from] item: Leftovers
|upkeep
|turn|101
|c|☆this is jho|can i get like
|c|☆this is jho|10 paras
|
|move|p2a: Clefable|Moonblast|p1a: Sylveon
|-damage|p1a: Sylveon|96/100 par
|move|p1a: Sylveon|Wish||[still]
|-fail|p1a: Sylveon
|
|-heal|p1a: Sylveon|100/100 par|[from] move: Wish|[wisher] Sylveon
|upkeep
|turn|102
|
|move|p2a: Clefable|Moonblast|p1a: Sylveon
|-damage|p1a: Sylveon|96/100 par
|-unboost|p1a: Sylveon|spa|1
|move|p1a: Sylveon|Wish|p1a: Sylveon
|
|-heal|p1a: Sylveon|100/100 par|[from] item: Leftovers
|upkeep
|turn|103
|
|move|p2a: Clefable|Wish|p2a: Clefable
|move|p1a: Sylveon|Wish||[still]
|-fail|p1a: Sylveon
|
|upkeep
|turn|104
|
|move|p2a: Clefable|Moonblast|p1a: Sylveon
|-damage|p1a: Sylveon|96/100 par
|-unboost|p1a: Sylveon|spa|1
|cant|p1a: Sylveon|par
|
|-heal|p1a: Sylveon|100/100 par|[from] item: Leftovers
|upkeep
|turn|105
|
|move|p2a: Clefable|Moonblast|p1a: Sylveon
|-damage|p1a: Sylveon|96/100 par
|move|p1a: Sylveon|Wish|p1a: Sylveon
|
|-heal|p1a: Sylveon|100/100 par|[from] item: Leftovers
|upkeep
|turn|106
|
|move|p2a: Clefable|Moonblast|p1a: Sylveon
|-damage|p1a: Sylveon|96/100 par
|cant|p1a: Sylveon|par
|
|-heal|p1a: Sylveon|100/100 par|[from] move: Wish|[wisher] Sylveon
|upkeep
|turn|107
|
|move|p2a: Clefable|Moonblast|p1a: Sylveon
|-damage|p1a: Sylveon|96/100 par
|-unboost|p1a: Sylveon|spa|1
|cant|p1a: Sylveon|par
|
|-heal|p1a: Sylveon|100/100 par|[from] item: Leftovers
|upkeep
|turn|108
|
|move|p2a: Clefable|Moonblast|p1a: Sylveon
|-damage|p1a: Sylveon|96/100 par
|move|p1a: Sylveon|Wish|p1a: Sylveon
|
|-heal|p1a: Sylveon|100/100 par|[from] item: Leftovers
|upkeep
|turn|109
|
|move|p2a: Clefable|Moonblast|p1a: Sylveon
|-damage|p1a: Sylveon|96/100 par
|cant|p1a: Sylveon|par
|
|-heal|p1a: Sylveon|100/100 par|[from] move: Wish|[wisher] Sylveon
|upkeep
|turn|110
|
|move|p2a: Clefable|Wish|p2a: Clefable
|move|p1a: Sylveon|Wish|p1a: Sylveon
|
|upkeep
|turn|111
|
|move|p2a: Clefable|Moonblast|p1a: Sylveon
|-damage|p1a: Sylveon|96/100 par
|cant|p1a: Sylveon|par
|
|-heal|p1a: Sylveon|100/100 par|[from] move: Wish|[wisher] Sylveon
|upkeep
|turn|112
|
|move|p2a: Clefable|Moonblast|p1a: Sylveon
|-damage|p1a: Sylveon|96/100 par
|move|p1a: Sylveon|Wish|p1a: Sylveon
|
|-heal|p1a: Sylveon|100/100 par|[from] item: Leftovers
|upkeep
|turn|113
|
|move|p2a: Clefable|Moonblast|p1a: Sylveon
|-damage|p1a: Sylveon|96/100 par
|move|p1a: Sylveon|Wish||[still]
|-fail|p1a: Sylveon
|
|-heal|p1a: Sylveon|100/100 par|[from] move: Wish|[wisher] Sylveon
|upkeep
|turn|114
|
|move|p2a: Clefable|Moonblast|p1a: Sylveon
|-damage|p1a: Sylveon|96/100 par
|cant|p1a: Sylveon|par
|
|-heal|p1a: Sylveon|100/100 par|[from] item: Leftovers
|upkeep
|turn|115
|
|move|p2a: Clefable|Moonblast|p1a: Sylveon
|-damage|p1a: Sylveon|96/100 par
|move|p1a: Sylveon|Wish|p1a: Sylveon
|
|-heal|p1a: Sylveon|100/100 par|[from] item: Leftovers
|upkeep
|turn|116
|c|☆this is jho|gg
|
|move|p2a: Clefable|Wish|p2a: Clefable
|move|p1a: Sylveon|Wish||[still]
|-fail|p1a: Sylveon
|
|upkeep
|turn|117
|
|-activate|p2a: Clefable|move: Struggle
|move|p2a: Clefable|Struggle|p1a: Sylveon
|-damage|p1a: Sylveon|92/100 par
|-damage|p2a: Clefable|75/100|[from] recoil
|move|p1a: Sylveon|Wish|p1a: Sylveon
|
|-heal|p2a: Clefable|100/100|[from] move: Wish|[wisher] Clefable
|-heal|p1a: Sylveon|98/100 par|[from] item: Leftovers
|upkeep
|turn|118
|
|-activate|p2a: Clefable|move: Struggle
|move|p2a: Clefable|Struggle|p1a: Sylveon
|-damage|p1a: Sylveon|90/100 par
|-damage|p2a: Clefable|75/100|[from] recoil
|-activate|p1a: Sylveon|move: Struggle
|move|p1a: Sylveon|Struggle|p2a: Clefable
|-damage|p2a: Clefable|70/100
|-damage|p1a: Sylveon|65/100 par|[from] recoil
|
|-heal|p1a: Sylveon|100/100 par|[from] move: Wish|[wisher] Sylveon
|-heal|p2a: Clefable|76/100|[from] item: Leftovers
|upkeep
|turn|119
|
|-activate|p2a: Clefable|move: Struggle
|move|p2a: Clefable|Struggle|p1a: Sylveon
|-damage|p1a: Sylveon|93/100 par
|-damage|p2a: Clefable|50/100|[from] recoil
|cant|p1a: Sylveon|par
|
|-heal|p2a: Clefable|57/100|[from] item: Leftovers
|-heal|p1a: Sylveon|99/100 par|[from] item: Leftovers
|upkeep
|turn|120
|
|-activate|p2a: Clefable|move: Struggle
|move|p2a: Clefable|Struggle|p1a: Sylveon
|-damage|p1a: Sylveon|92/100 par
|-damage|p2a: Clefable|31/100|[from] recoil
|-activate|p1a: Sylveon|move: Struggle
|move|p1a: Sylveon|Struggle|p2a: Clefable
|-damage|p2a: Clefable|25/100
|-damage|p1a: Sylveon|67/100 par|[from] recoil
|
|-heal|p2a: Clefable|31/100|[from] item: Leftovers
|-heal|p1a: Sylveon|73/100 par|[from] item: Leftovers
|upkeep
|turn|121
|
|-activate|p2a: Clefable|move: Struggle
|move|p2a: Clefable|Struggle|p1a: Sylveon
|-crit|p1a: Sylveon
|-damage|p1a: Sylveon|60/100 par
|-damage|p2a: Clefable|6/100|[from] recoil
|-activate|p1a: Sylveon|move: Struggle
|move|p1a: Sylveon|Struggle|p2a: Clefable
|-damage|p2a: Clefable|1/100
|-damage|p1a: Sylveon|35/100 par|[from] recoil
|
|-heal|p2a: Clefable|7/100|[from] item: Leftovers
|-heal|p1a: Sylveon|41/100 par|[from] item: Leftovers
|upkeep
|turn|122
|
|-activate|p2a: Clefable|move: Struggle
|move|p2a: Clefable|Struggle|p1a: Sylveon
|-damage|p1a: Sylveon|32/100 par
|-damage|p2a: Clefable|0 fnt|[from] recoil
|faint|p2a: Clefable
|
|win|this is jho
|raw|this is jho's rating: 1615 → 1633(+18 for winning)
|raw|Rylik's rating: 1594 → 1576(-18 for losing)
