|ScrapeTime|2020-01-01-06:25:06
|j|☆Linden_tham’sfarts
|j|☆dadio4
|player|p1|Linden_tham’sfarts|swimmerf|
|player|p2|dadio4|proton|
|teamsize|p1|6
|teamsize|p2|6
|gametype|singles
|gen|8
|tier|[Gen 8] OU
|rule|Sleep Clause Mod: Limit one foe put to sleep
|rule|Species Clause: Limit one of each Pokémon
|rule|OHKO Clause: OHKO moves are banned
|rule|Evasion Moves Clause: Evasion moves are banned
|rule|Endless Battle Clause: Forcing endless battles is banned
|rule|HP Percentage Mod: HP is shown in percentages
|clearpoke
|poke|p1|Hatterene, F|
|poke|p1|Bisharp, M|
|poke|p1|Gengar, F|
|poke|p1|Tsareena, F|
|poke|p1|Seismitoad, F|
|poke|p1|Rotom-Heat|
|poke|p2|Cinderace, F|
|poke|p2|Ferrothorn, F|
|poke|p2|Toxapex, M|
|poke|p2|Corsola-Galar, M|
|poke|p2|Hatterene, F|
|poke|p2|Excadrill, M|
|rule|Dynamax Clause: You cannot dynamax
|teampreview
|inactive|Battle timer is ON: inactive players will automatically lose when time's up. (requested by dadio4)
|inactive|Linden_tham’sfarts has 270 seconds left.
|inactive|Linden_tham’sfarts has 240 seconds left.
|inactive|Linden_tham’sfarts has 210 seconds left.
|inactive|Linden_tham’sfarts has 180 seconds left.
|inactive|Linden_tham’sfarts has 150 seconds left.
|inactive|Linden_tham’sfarts has 120 seconds left.
|inactive|Linden_tham’sfarts has 90 seconds left.
|c|☆dadio4|Uh
|
|start
|switch|p1a: Linden_tham|Seismitoad, F, shiny|100/100
|switch|p2a: Cinderace|Cinderace, F|100/100
|turn|1
|
|move|p2a: Cinderace|U-turn|p1a: Linden_tham
|-damage|p1a: Linden_tham|76/100
|
|switch|p2a: Hatterene|Hatterene, F|100/100|[from]move: U-turn
|move|p1a: Linden_tham|Scald|p2a: Hatterene
|-damage|p2a: Hatterene|77/100
|
|-heal|p1a: Linden_tham|82/100|[from] item: Leftovers
|-heal|p2a: Hatterene|83/100|[from] item: Leftovers
|upkeep
|turn|2
|inactive|Linden_tham’sfarts has 150 seconds left.
|
|move|p1a: Linden_tham|Stealth Rock|p2a: Hatterene
|move|p2a: Hatterene|Stealth Rock|p1a: Linden_tham|[from]Magic Bounce
|-sidestart|p1: Linden_tham’sfarts|move: Stealth Rock
|move|p2a: Hatterene|Calm Mind|p2a: Hatterene
|-boost|p2a: Hatterene|spa|1
|-boost|p2a: Hatterene|spd|1
|
|-heal|p1a: Linden_tham|88/100|[from] item: Leftovers
|-heal|p2a: Hatterene|89/100|[from] item: Leftovers
|upkeep
|turn|3
|
|move|p1a: Linden_tham|Earthquake|p2a: Hatterene
|-damage|p2a: Hatterene|63/100
|move|p2a: Hatterene|Calm Mind|p2a: Hatterene
|-boost|p2a: Hatterene|spa|1
|-boost|p2a: Hatterene|spd|1
|
|-heal|p1a: Linden_tham|94/100|[from] item: Leftovers
|-heal|p2a: Hatterene|69/100|[from] item: Leftovers
|upkeep
|turn|4
|
|switch|p1a: Butterknife baby|Bisharp, M, shiny|100/100
|-damage|p1a: Butterknife baby|95/100|[from] Stealth Rock
|move|p2a: Hatterene|Psychic|p1a: Butterknife baby
|-immune|p1a: Butterknife baby
|
|-heal|p2a: Hatterene|75/100|[from] item: Leftovers
|upkeep
|turn|5
|
|move|p1a: Butterknife baby|Sucker Punch|p2a: Hatterene
|-damage|p2a: Hatterene|41/100
|move|p2a: Hatterene|Mystical Fire|p1a: Butterknife baby
|-supereffective|p1a: Butterknife baby
|-damage|p1a: Butterknife baby|0 fnt
|faint|p1a: Butterknife baby
|
|-heal|p2a: Hatterene|47/100|[from] item: Leftovers
|upkeep
|inactive|Linden_tham’sfarts has 120 seconds left.
|
|switch|p1a: Fatty|Gengar, F, shiny|100/100
|-damage|p1a: Fatty|88/100|[from] Stealth Rock
|turn|6
|
|move|p1a: Fatty|Sludge Wave|p2a: Hatterene
|-supereffective|p2a: Hatterene
|-damage|p2a: Hatterene|0 fnt
|faint|p2a: Hatterene
|
|upkeep
|
|switch|p2a: Excadrill|Excadrill, M|100/100
|-ability|p2a: Excadrill|Mold Breaker
|turn|7
|
|switch|p1a: Linden_tham|Seismitoad, F, shiny|94/100
|-damage|p1a: Linden_tham|88/100|[from] Stealth Rock
|move|p2a: Excadrill|Earthquake|p1a: Linden_tham
|-damage|p1a: Linden_tham|50/100
|
|-heal|p1a: Linden_tham|57/100|[from] item: Leftovers
|upkeep
|turn|8
|
|move|p2a: Excadrill|Earthquake|p1a: Linden_tham
|-damage|p1a: Linden_tham|16/100
|move|p1a: Linden_tham|Scald|p2a: Excadrill
|-supereffective|p2a: Excadrill
|-crit|p2a: Excadrill
|-damage|p2a: Excadrill|1/100
|-status|p2a: Excadrill|brn
|
|-heal|p1a: Linden_tham|22/100|[from] item: Leftovers
|-damage|p2a: Excadrill|0 fnt|[from] brn
|faint|p2a: Excadrill
|upkeep
|
|switch|p2a: Cinderace|Cinderace, F|100/100
|turn|9
|inactive|Linden_tham’sfarts has 150 seconds left.
|
|switch|p1a: Fatty|Gengar, F, shiny|88/100
|-damage|p1a: Fatty|76/100|[from] Stealth Rock
|move|p2a: Cinderace|U-turn|p1a: Fatty
|-resisted|p1a: Fatty
|-damage|p1a: Fatty|58/100
|
|switch|p2a: Toxapex|Toxapex, M|100/100|[from]move: U-turn
|
|upkeep
|turn|10
|
|move|p1a: Fatty|Shadow Ball|p2a: Toxapex
|-damage|p2a: Toxapex|73/100
|move|p2a: Toxapex|Toxic Spikes|p1a: Fatty
|-sidestart|p1: Linden_tham’sfarts|move: Toxic Spikes
|
|-heal|p2a: Toxapex|79/100|[from] item: Black Sludge
|upkeep
|turn|11
|
|move|p1a: Fatty|Shadow Ball|p2a: Toxapex
|-damage|p2a: Toxapex|54/100
|move|p2a: Toxapex|Toxic Spikes|p1a: Fatty
|-sidestart|p1: Linden_tham’sfarts|move: Toxic Spikes
|
|-heal|p2a: Toxapex|60/100|[from] item: Black Sludge
|upkeep
|turn|12
|
|move|p2a: Toxapex|Baneful Bunker|p2a: Toxapex
|-singleturn|p2a: Toxapex|move: Protect
|move|p1a: Fatty|Shadow Ball|p2a: Toxapex
|-activate|p2a: Toxapex|move: Protect
|
|-heal|p2a: Toxapex|66/100|[from] item: Black Sludge
|upkeep
|turn|13
|
|move|p1a: Fatty|Shadow Ball|p2a: Toxapex
|-damage|p2a: Toxapex|39/100
|move|p2a: Toxapex|Recover|p2a: Toxapex
|-heal|p2a: Toxapex|89/100
|
|-heal|p2a: Toxapex|96/100|[from] item: Black Sludge
|upkeep
|turn|14
|
|move|p2a: Toxapex|Baneful Bunker|p2a: Toxapex
|-singleturn|p2a: Toxapex|move: Protect
|move|p1a: Fatty|Shadow Ball|p2a: Toxapex
|-activate|p2a: Toxapex|move: Protect
|
|-heal|p2a: Toxapex|100/100|[from] item: Black Sludge
|upkeep
|turn|15
|inactive|Linden_tham’sfarts has 150 seconds left.
|
|switch|p1a: Tsareena|Tsareena, F, shiny|100/100
|-damage|p1a: Tsareena|88/100|[from] Stealth Rock
|-status|p1a: Tsareena|tox
|move|p2a: Toxapex|Toxic|p1a: Tsareena
|-fail|p1a: Tsareena|tox
|
|-damage|p1a: Tsareena|82/100 tox|[from] psn
|upkeep
|turn|16
|inactive|Linden_tham’sfarts has 150 seconds left.
|
|switch|p2a: Cinderace|Cinderace, F|100/100
|move|p1a: Tsareena|Aromatherapy|p1a: Tsareena
|-activate|p1a: Tsareena|move: Aromatherapy
|-curestatus|p1a: Tsareena|tox|[msg]
|
|upkeep
|turn|17
|inactive|Linden_tham’sfarts has 150 seconds left.
|
|switch|p1a: Fatty|Gengar, F, shiny|58/100
|-damage|p1a: Fatty|46/100|[from] Stealth Rock
|-sideend|p1: Linden_tham’sfarts|move: Toxic Spikes|[of] p1a: Fatty
|move|p2a: Cinderace|Pyro Ball|p1a: Fatty
|-damage|p1a: Fatty|0 fnt
|faint|p1a: Fatty
|
|upkeep
|
|switch|p1a: Linden_tham|Seismitoad, F, shiny|22/100
|-damage|p1a: Linden_tham|16/100|[from] Stealth Rock
|turn|18
|inactive|Linden_tham’sfarts has 150 seconds left.
|
|switch|p2a: Ferrothorn|Ferrothorn, F|100/100
|switch|p1a: Ronald|Rotom-Heat, shiny|100/100
|
|upkeep
|turn|19
|inactive|Linden_tham’sfarts has 150 seconds left.
|
|move|p2a: Ferrothorn|Protect|p2a: Ferrothorn
|-singleturn|p2a: Ferrothorn|Protect
|move|p1a: Ronald|Overheat|p2a: Ferrothorn
|-activate|p2a: Ferrothorn|move: Protect
|
|upkeep
|turn|20
|inactive|Linden_tham’sfarts has 150 seconds left.
|
|switch|p2a: Toxapex|Toxapex, M|100/100
|move|p1a: Ronald|Will-O-Wisp|p2a: Toxapex
|-status|p2a: Toxapex|brn
|
|-damage|p2a: Toxapex|94/100 brn|[from] brn
|upkeep
|turn|21
|
|move|p1a: Ronald|Thunderbolt|p2a: Toxapex
|-supereffective|p2a: Toxapex
|-damage|p2a: Toxapex|51/100 brn
|move|p2a: Toxapex|Toxic|p1a: Ronald
|-status|p1a: Ronald|tox
|
|-heal|p2a: Toxapex|57/100 brn|[from] item: Black Sludge
|-damage|p1a: Ronald|95/100 tox|[from] psn
|-damage|p2a: Toxapex|51/100 brn|[from] brn
|upkeep
|turn|22
|
|move|p1a: Ronald|Thunderbolt|p2a: Toxapex
|-supereffective|p2a: Toxapex
|-damage|p2a: Toxapex|7/100 brn
|move|p2a: Toxapex|Recover|p2a: Toxapex
|-heal|p2a: Toxapex|57/100 brn
|
|-heal|p2a: Toxapex|63/100 brn|[from] item: Black Sludge
|-damage|p1a: Ronald|83/100 tox|[from] psn
|-damage|p2a: Toxapex|57/100 brn|[from] brn
|upkeep
|turn|23
|
|move|p2a: Toxapex|Baneful Bunker|p2a: Toxapex
|-singleturn|p2a: Toxapex|move: Protect
|move|p1a: Ronald|Thunderbolt|p2a: Toxapex
|-activate|p2a: Toxapex|move: Protect
|
|-heal|p2a: Toxapex|63/100 brn|[from] item: Black Sludge
|-damage|p1a: Ronald|65/100 tox|[from] psn
|-damage|p2a: Toxapex|57/100 brn|[from] brn
|upkeep
|turn|24
|
|switch|p2a: Corsola|Corsola-Galar, M|100/100
|move|p1a: Ronald|Thunderbolt|p2a: Corsola
|-damage|p2a: Corsola|84/100
|
|-damage|p1a: Ronald|41/100 tox|[from] psn
|upkeep
|turn|25
|
|switch|p1a: Tsareena|Tsareena, F, shiny|82/100
|-damage|p1a: Tsareena|70/100|[from] Stealth Rock
|move|p2a: Corsola|Substitute|p2a: Corsola
|-start|p2a: Corsola|Substitute
|-damage|p2a: Corsola|60/100
|
|upkeep
|turn|26
|
|move|p1a: Tsareena|Aromatherapy|p1a: Tsareena
|-activate|p1a: Tsareena|move: Aromatherapy
|-curestatus|p1: Ronald|tox|[msg]
|move|p2a: Corsola|Strength Sap|p1a: Tsareena
|-unboost|p1a: Tsareena|atk|1
|-heal|p2a: Corsola|100/100
|
|upkeep
|turn|27
|
|switch|p2a: Toxapex|Toxapex, M|90/100 brn
|move|p1a: Tsareena|Rapid Spin|p2a: Toxapex
|-damage|p2a: Toxapex|79/100 brn
|-sideend|p1: Linden_tham’sfarts|Stealth Rock|[from] move: Rapid Spin|[of] p1a: Tsareena
|-boost|p1a: Tsareena|spe|1
|-damage|p1a: Tsareena|60/100|[from] item: Life Orb
|
|-heal|p2a: Toxapex|85/100 brn|[from] item: Black Sludge
|-damage|p2a: Toxapex|79/100 brn|[from] brn
|upkeep
|turn|28
|
|move|p1a: Tsareena|Power Whip|p2a: Toxapex|[miss]
|-miss|p1a: Tsareena|p2a: Toxapex
|move|p2a: Toxapex|Toxic|p1a: Tsareena
|-status|p1a: Tsareena|tox
|
|-heal|p2a: Toxapex|85/100 brn|[from] item: Black Sludge
|-damage|p1a: Tsareena|54/100 tox|[from] psn
|-damage|p2a: Toxapex|79/100 brn|[from] brn
|upkeep
|turn|29
|
|switch|p2a: Corsola|Corsola-Galar, M|100/100
|move|p1a: Tsareena|Aromatherapy|p1a: Tsareena
|-activate|p1a: Tsareena|move: Aromatherapy
|-curestatus|p1a: Tsareena|tox|[msg]
|
|upkeep
|turn|30
|
|move|p1a: Tsareena|Power Whip|p2a: Corsola
|-damage|p2a: Corsola|63/100
|-start|p1a: Tsareena|Disable|Power Whip|[from] ability: Cursed Body|[of] p2a: Corsola
|-damage|p1a: Tsareena|44/100|[from] item: Life Orb
|move|p2a: Corsola|Strength Sap|p1a: Tsareena
|-unboost|p1a: Tsareena|atk|1
|-heal|p2a: Corsola|100/100
|
|upkeep
|turn|31
|inactive|dadio4 has 270 seconds left.
|
|switch|p1a: haterosecksual|Hatterene, F|100/100
|move|p2a: Corsola|Substitute|p2a: Corsola
|-start|p2a: Corsola|Substitute
|-damage|p2a: Corsola|76/100
|
|upkeep
|turn|32
|
|switch|p2a: Cinderace|Cinderace, F|100/100
|move|p1a: haterosecksual|Calm Mind|p1a: haterosecksual
|-boost|p1a: haterosecksual|spa|1
|-boost|p1a: haterosecksual|spd|1
|
|upkeep
|turn|33
|
|move|p2a: Cinderace|Gunk Shot|p1a: haterosecksual
|-supereffective|p1a: haterosecksual
|-damage|p1a: haterosecksual|9/100
|move|p1a: haterosecksual|Calm Mind|p1a: haterosecksual
|-boost|p1a: haterosecksual|spa|1
|-boost|p1a: haterosecksual|spd|1
|
|-heal|p1a: haterosecksual|15/100|[from] item: Leftovers
|upkeep
|turn|34
|
|move|p2a: Cinderace|Gunk Shot|p1a: haterosecksual
|-supereffective|p1a: haterosecksual
|-damage|p1a: haterosecksual|0 fnt
|faint|p1a: haterosecksual
|
|upkeep
|
|switch|p1a: Linden_tham|Seismitoad, F, shiny|16/100
|turn|35
|
|switch|p2a: Corsola|Corsola-Galar, M|76/100
|move|p1a: Linden_tham|Earthquake|p2a: Corsola
|-damage|p2a: Corsola|51/100
|
|-heal|p1a: Linden_tham|22/100|[from] item: Leftovers
|upkeep
|turn|36
|inactive|Linden_tham’sfarts has 180 seconds left.
|
|move|p1a: Linden_tham|Toxic|p2a: Corsola
|-status|p2a: Corsola|tox
|move|p2a: Corsola|Substitute|p2a: Corsola
|-start|p2a: Corsola|Substitute
|-damage|p2a: Corsola|27/100 tox
|
|-heal|p1a: Linden_tham|28/100|[from] item: Leftovers
|-damage|p2a: Corsola|20/100 tox|[from] psn
|upkeep
|turn|37
|inactive|Linden_tham’sfarts has 180 seconds left.
|
|move|p1a: Linden_tham|Stealth Rock|p2a: Corsola
|-sidestart|p2: dadio4|move: Stealth Rock
|move|p2a: Corsola|Strength Sap|p1a: Linden_tham
|-unboost|p1a: Linden_tham|atk|1
|-heal|p2a: Corsola|90/100 tox
|
|-heal|p1a: Linden_tham|34/100|[from] item: Leftovers
|-damage|p2a: Corsola|78/100 tox|[from] psn
|upkeep
|turn|38
|inactive|Linden_tham’sfarts has 180 seconds left.
|
|move|p1a: Linden_tham|Scald|p2a: Corsola
|-activate|p2a: Corsola|move: Substitute|[damage]
|move|p2a: Corsola|Strength Sap|p1a: Linden_tham
|-unboost|p1a: Linden_tham|atk|1
|-heal|p2a: Corsola|100/100 tox
|
|-heal|p1a: Linden_tham|40/100|[from] item: Leftovers
|-damage|p2a: Corsola|82/100 tox|[from] psn
|upkeep
|turn|39
|inactive|Linden_tham’sfarts has 180 seconds left.
|
|move|p1a: Linden_tham|Scald|p2a: Corsola
|-end|p2a: Corsola|Substitute
|move|p2a: Corsola|Strength Sap|p1a: Linden_tham
|-unboost|p1a: Linden_tham|atk|1
|-heal|p2a: Corsola|100/100 tox
|
|-heal|p1a: Linden_tham|46/100|[from] item: Leftovers
|-damage|p2a: Corsola|76/100 tox|[from] psn
|upkeep
|turn|40
|inactive|Linden_tham’sfarts has 180 seconds left.
|
|move|p1a: Linden_tham|Scald|p2a: Corsola
|-damage|p2a: Corsola|63/100 tox
|move|p2a: Corsola|Strength Sap|p1a: Linden_tham
|-unboost|p1a: Linden_tham|atk|1
|-heal|p2a: Corsola|91/100 tox
|
|-heal|p1a: Linden_tham|52/100|[from] item: Leftovers
|-damage|p2a: Corsola|60/100 tox|[from] psn
|upkeep
|turn|41
|inactive|Linden_tham’sfarts has 180 seconds left.
|
|move|p1a: Linden_tham|Scald|p2a: Corsola
|-damage|p2a: Corsola|47/100 tox
|move|p2a: Corsola|Substitute|p2a: Corsola
|-start|p2a: Corsola|Substitute
|-damage|p2a: Corsola|22/100 tox
|
|-heal|p1a: Linden_tham|58/100|[from] item: Leftovers
|-damage|p2a: Corsola|0 fnt|[from] psn
|faint|p2a: Corsola
|upkeep
|
|switch|p2a: Ferrothorn|Ferrothorn, F|100/100
|-damage|p2a: Ferrothorn|95/100|[from] Stealth Rock
|turn|42
|inactive|Linden_tham’sfarts has 180 seconds left.
|
|switch|p1a: Ronald|Rotom-Heat, shiny|41/100
|move|p2a: Ferrothorn|Stealth Rock|p1a: Ronald
|-sidestart|p1: Linden_tham’sfarts|move: Stealth Rock
|
|upkeep
|turn|43
|
|move|p2a: Ferrothorn|Protect|p2a: Ferrothorn
|-singleturn|p2a: Ferrothorn|Protect
|move|p1a: Ronald|Overheat|p2a: Ferrothorn
|-activate|p2a: Ferrothorn|move: Protect
|
|upkeep
|turn|44
|
|switch|p2a: Toxapex|Toxapex, M|100/100 brn
|-damage|p2a: Toxapex|88/100 brn|[from] Stealth Rock
|move|p1a: Ronald|Will-O-Wisp|p2a: Toxapex
|-fail|p2a: Toxapex|brn
|
|-heal|p2a: Toxapex|94/100 brn|[from] item: Black Sludge
|-damage|p2a: Toxapex|88/100 brn|[from] brn
|upkeep
|turn|45
|
|move|p2a: Toxapex|Baneful Bunker|p2a: Toxapex
|-singleturn|p2a: Toxapex|move: Protect
|move|p1a: Ronald|Thunderbolt|p2a: Toxapex
|-activate|p2a: Toxapex|move: Protect
|
|-heal|p2a: Toxapex|94/100 brn|[from] item: Black Sludge
|-damage|p2a: Toxapex|88/100 brn|[from] brn
|upkeep
|turn|46
|
|move|p1a: Ronald|Thunderbolt|p2a: Toxapex
|-supereffective|p2a: Toxapex
|-damage|p2a: Toxapex|50/100 brn
|move|p2a: Toxapex|Toxic|p1a: Ronald
|-status|p1a: Ronald|tox
|
|-heal|p2a: Toxapex|56/100 brn|[from] item: Black Sludge
|-damage|p1a: Ronald|35/100 tox|[from] psn
|-damage|p2a: Toxapex|50/100 brn|[from] brn
|upkeep
|turn|47
|
|move|p2a: Toxapex|Baneful Bunker|p2a: Toxapex
|-singleturn|p2a: Toxapex|move: Protect
|move|p1a: Ronald|Thunderbolt|p2a: Toxapex
|-activate|p2a: Toxapex|move: Protect
|
|-heal|p2a: Toxapex|56/100 brn|[from] item: Black Sludge
|-damage|p1a: Ronald|23/100 tox|[from] psn
|-damage|p2a: Toxapex|50/100 brn|[from] brn
|upkeep
|turn|48
|
|move|p1a: Ronald|Volt Switch|p2a: Toxapex
|-supereffective|p2a: Toxapex
|-damage|p2a: Toxapex|16/100 brn
|
|switch|p1a: Tsareena|Tsareena, F, shiny|44/100|[from]move: Volt Switch
|-damage|p1a: Tsareena|32/100|[from] Stealth Rock
|move|p2a: Toxapex|Recover|p2a: Toxapex
|-heal|p2a: Toxapex|66/100 brn
|
|-heal|p2a: Toxapex|72/100 brn|[from] item: Black Sludge
|-damage|p2a: Toxapex|66/100 brn|[from] brn
|upkeep
|turn|49
|
|switch|p2a: Ferrothorn|Ferrothorn, F|95/100
|-damage|p2a: Ferrothorn|89/100|[from] Stealth Rock
|move|p1a: Tsareena|Power Whip|p2a: Ferrothorn
|-resisted|p2a: Ferrothorn
|-damage|p2a: Ferrothorn|77/100
|-damage|p1a: Tsareena|20/100|[from] ability: Iron Barbs|[of] p2a: Ferrothorn
|-damage|p1a: Tsareena|3/100|[from] item: Rocky Helmet|[of] p2a: Ferrothorn
|-damage|p1a: Tsareena|0 fnt|[from] item: Life Orb
|faint|p1a: Tsareena
|
|upkeep
|
|switch|p1a: Ronald|Rotom-Heat, shiny|23/100 tox
|turn|50
|
|switch|p2a: Toxapex|Toxapex, M|99/100 brn
|-damage|p2a: Toxapex|86/100 brn|[from] Stealth Rock
|move|p1a: Ronald|Overheat|p2a: Toxapex
|-resisted|p2a: Toxapex
|-damage|p2a: Toxapex|71/100 brn
|-unboost|p1a: Ronald|spa|2
|
|-heal|p2a: Toxapex|77/100 brn|[from] item: Black Sludge
|-damage|p1a: Ronald|17/100 tox|[from] psn
|-damage|p2a: Toxapex|71/100 brn|[from] brn
|upkeep
|turn|51
|-message|Linden_tham’sfarts forfeited.
|
|win|dadio4
|l|☆Linden_tham’sfarts
