|ScrapeTime|2020-01-01-16:45:03
|j|☆PixL Toshy
|j|☆SansCranberry
|player|p1|PixL Toshy|266|1132
|player|p2|SansCranberry|teamrocket|1115
|teamsize|p1|6
|teamsize|p2|6
|gametype|singles
|gen|8
|tier|[Gen 8] OU
|rated|
|rule|Sleep Clause Mod: Limit one foe put to sleep
|rule|Species Clause: Limit one of each Pokémon
|rule|OHKO Clause: OHKO moves are banned
|rule|Evasion Moves Clause: Evasion moves are banned
|rule|Endless Battle Clause: Forcing endless battles is banned
|rule|HP Percentage Mod: HP is shown in percentages
|clearpoke
|poke|p1|Cinderace, M|
|poke|p1|Crawdaunt, F|
|poke|p1|Runerigus, M|
|poke|p1|Conkeldurr, F|
|poke|p1|Hatterene, F|
|poke|p1|Vikavolt, F|
|poke|p2|Corsola-Galar, F|
|poke|p2|Corviknight, M|
|poke|p2|Mimikyu, F|
|poke|p2|Gyarados, F|
|poke|p2|Toxtricity, F|
|poke|p2|Hydreigon, F|
|rule|Dynamax Clause: You cannot dynamax
|teampreview
|
|start
|switch|p1a: Hatterene|Hatterene, F|100/100
|switch|p2a: Corsola|Corsola-Galar, F|100/100
|turn|1
|inactive|Battle timer is ON: inactive players will automatically lose when time's up. (requested by PixL Toshy)
|
|switch|p1a: Crawdaunt|Crawdaunt, F|100/100
|move|p2a: Corsola|Stealth Rock|p1a: Crawdaunt
|-sidestart|p1: PixL Toshy|move: Stealth Rock
|
|upkeep
|turn|2
|
|move|p1a: Crawdaunt|Knock Off|p2a: Corsola
|-supereffective|p2a: Corsola
|-damage|p2a: Corsola|9/100
|-enditem|p2a: Corsola|Eviolite|[from] move: Knock Off|[of] p1a: Crawdaunt
|-damage|p1a: Crawdaunt|90/100|[from] item: Life Orb
|move|p2a: Corsola|Will-O-Wisp|p1a: Crawdaunt
|-status|p1a: Crawdaunt|brn
|
|-damage|p1a: Crawdaunt|84/100 brn|[from] brn
|upkeep
|turn|3
|
|switch|p2a: Hydreigon|Hydreigon, F|100/100
|move|p1a: Crawdaunt|Knock Off|p2a: Hydreigon
|-resisted|p2a: Hydreigon
|-damage|p2a: Hydreigon|74/100
|-enditem|p2a: Hydreigon|Life Orb|[from] move: Knock Off|[of] p1a: Crawdaunt
|-damage|p1a: Crawdaunt|74/100 brn|[from] item: Life Orb
|
|-damage|p1a: Crawdaunt|68/100 brn|[from] brn
|upkeep
|turn|4
|
|switch|p1a: Runerigus|Runerigus, M|100/100
|-damage|p1a: Runerigus|94/100|[from] Stealth Rock
|move|p2a: Hydreigon|Nasty Plot|p2a: Hydreigon
|-boost|p2a: Hydreigon|spa|2
|
|upkeep
|turn|5
|
|move|p2a: Hydreigon|Dark Pulse|p1a: Runerigus
|-supereffective|p1a: Runerigus
|-damage|p1a: Runerigus|0 fnt
|faint|p1a: Runerigus
|
|upkeep
|
|switch|p1a: Cinderace|Cinderace, M|100/100
|turn|6
|
|switch|p2a: Corsola|Corsola-Galar, F|9/100
|move|p1a: Cinderace|High Jump Kick|p2a: Corsola
|-immune|p2a: Corsola
|-damage|p1a: Cinderace|50/100|[from] highjumpkick
|
|upkeep
|turn|7
|
|move|p1a: Cinderace|Iron Head|p2a: Corsola
|-damage|p2a: Corsola|0 fnt
|faint|p2a: Corsola
|
|upkeep
|
|switch|p2a: Toxtricity|Toxtricity, F|100/100
|turn|8
|
|switch|p1a: Crawdaunt|Crawdaunt, F|68/100 brn
|-damage|p1a: Crawdaunt|56/100 brn|[from] Stealth Rock
|move|p2a: Toxtricity|Boomburst|p1a: Crawdaunt
|-damage|p1a: Crawdaunt|0 fnt
|faint|p1a: Crawdaunt
|
|upkeep
|
|switch|p1a: Hatterene|Hatterene, F|100/100
|-damage|p1a: Hatterene|88/100|[from] Stealth Rock
|turn|9
|
|switch|p2a: Corviknight|Corviknight, M|100/100
|move|p1a: Hatterene|Trick Room|p1a: Hatterene
|-fieldstart|move: Trick Room|[of] p1a: Hatterene
|
|upkeep
|turn|10
|
|move|p1a: Hatterene|Mystical Fire|p2a: Corviknight
|-supereffective|p2a: Corviknight
|-damage|p2a: Corviknight|22/100
|-ability|p2a: Corviknight|Mirror Armor
|-unboost|p1a: Hatterene|spa|1
|-damage|p1a: Hatterene|78/100|[from] item: Life Orb
|move|p2a: Corviknight|Brave Bird|p1a: Hatterene
|-damage|p1a: Hatterene|34/100
|-damage|p2a: Corviknight|11/100|[from] Recoil
|
|upkeep
|turn|11
|inactive|SansCranberry has 120 seconds left.
|
|move|p1a: Hatterene|Mystical Fire|p2a: Corviknight
|-supereffective|p2a: Corviknight
|-damage|p2a: Corviknight|0 fnt
|-damage|p1a: Hatterene|24/100|[from] item: Life Orb
|faint|p2a: Corviknight
|
|upkeep
|inactive|SansCranberry has 120 seconds left.
|
|switch|p2a: Mimikyu|Mimikyu, F|100/100
|turn|12
|
|move|p2a: Mimikyu|Shadow Sneak|p1a: Hatterene
|-supereffective|p1a: Hatterene
|-damage|p1a: Hatterene|0 fnt
|-damage|p2a: Mimikyu|91/100|[from] item: Life Orb
|faint|p1a: Hatterene
|
|upkeep
|
|switch|p1a: Vikavolt|Vikavolt, F|100/100
|-damage|p1a: Vikavolt|76/100|[from] Stealth Rock
|turn|13
|
|move|p1a: Vikavolt|Volt Switch|p2a: Mimikyu
|-activate|p2a: Mimikyu|ability: Disguise
|-damage|p2a: Mimikyu|91/100
|detailschange|p2a: Mimikyu|Mimikyu-Busted, F
|-damage|p2a: Mimikyu|78/100|[from] ability: Disguise|[of] p2a: Mimikyu
|
|switch|p1a: Conkeldurr|Conkeldurr, F|100/100|[from]move: Volt Switch
|-damage|p1a: Conkeldurr|94/100|[from] Stealth Rock
|move|p2a: Mimikyu|Swords Dance|p2a: Mimikyu
|-boost|p2a: Mimikyu|atk|2
|
|-fieldend|move: Trick Room
|-status|p1a: Conkeldurr|brn|[from] item: Flame Orb
|upkeep
|turn|14
|
|move|p2a: Mimikyu|Play Rough|p1a: Conkeldurr
|-supereffective|p1a: Conkeldurr
|-damage|p1a: Conkeldurr|0 fnt
|-damage|p2a: Mimikyu|68/100|[from] item: Life Orb
|faint|p1a: Conkeldurr
|
|upkeep
|
|switch|p1a: Cinderace|Cinderace, M|50/100
|turn|15
|
|move|p2a: Mimikyu|Shadow Sneak|p1a: Cinderace
|-damage|p1a: Cinderace|0 fnt
|-damage|p2a: Mimikyu|58/100|[from] item: Life Orb
|faint|p1a: Cinderace
|
|upkeep
|c|☆PixL Toshy|wp
|inactive|PixL Toshy has 120 seconds left.
|-message|PixL Toshy forfeited.
|
|win|SansCranberry
|l|☆PixL Toshy
|c|☆SansCranberry|gg
|raw|PixL Toshy's rating: 1132 → 1106(-26 for losing)
|raw|SansCranberry's rating: 1115 → 1141(+26 for winning)
