|ScrapeTime|2020-01-01-17:04:44
|j|☆innerbeam
|j|☆Shooriken
|player|p1|innerbeam|blackbelt-gen4dp|1653
|player|p2|Shooriken|252|1664
|teamsize|p1|6
|teamsize|p2|6
|gametype|singles
|gen|8
|tier|[Gen 8] OU
|rated|
|rule|Sleep Clause Mod: Limit one foe put to sleep
|rule|Species Clause: Limit one of each Pokémon
|rule|OHKO Clause: OHKO moves are banned
|rule|Evasion Moves Clause: Evasion moves are banned
|rule|Endless Battle Clause: Forcing endless battles is banned
|rule|HP Percentage Mod: HP is shown in percentages
|clearpoke
|poke|p1|Cinderace, F|
|poke|p1|Dragapult, M|
|poke|p1|Morpeko, M|
|poke|p1|Sirfetch'd, M|
|poke|p1|Mew|
|poke|p1|Ditto|
|poke|p2|Dracovish|
|poke|p2|Hydreigon, M|
|poke|p2|Aegislash, M|
|poke|p2|Rotom-Wash|
|poke|p2|Clefable, F|
|poke|p2|Conkeldurr, M|
|rule|Dynamax Clause: You cannot dynamax
|teampreview
|c|☆Shooriken|hf
|
|start
|switch|p1a: Mew|Mew|100/100
|switch|p2a: Dracovish|Dracovish|100/100
|turn|1
|
|move|p1a: Mew|Stealth Rock|p2a: Dracovish
|-sidestart|p2: Shooriken|move: Stealth Rock
|move|p2a: Dracovish|Fishious Rend|p1a: Mew
|-damage|p1a: Mew|35/100
|
|upkeep
|turn|2
|
|switch|p2a: Aegislash|Aegislash, M|100/100
|-damage|p2a: Aegislash|94/100|[from] Stealth Rock
|move|p1a: Mew|Spikes|p2a: Aegislash
|-sidestart|p2: Shooriken|Spikes
|
|upkeep
|turn|3
|j| mikmer
|
|-formechange|p2a: Aegislash|Aegislash-Blade||[from] ability: Stance Change
|move|p2a: Aegislash|Shadow Sneak|p1a: Mew
|-supereffective|p1a: Mew
|-enditem|p1a: Mew|Kasib Berry|[eat]
|-enditem|p1a: Mew|Kasib Berry|[weaken]
|-damage|p1a: Mew|18/100
|move|p1a: Mew|Spikes|p2a: Aegislash
|-sidestart|p2: Shooriken|Spikes
|
|upkeep
|turn|4
|
|move|p2a: Aegislash|Shadow Sneak|p1a: Mew
|-supereffective|p1a: Mew
|-damage|p1a: Mew|0 fnt
|faint|p1a: Mew
|
|upkeep
|
|switch|p1a: Dragapult|Dragapult, M|100/100
|turn|5
|
|-formechange|p2a: Aegislash|Aegislash||[from] ability: Stance Change
|move|p2a: Aegislash|King's Shield|p2a: Aegislash
|-singleturn|p2a: Aegislash|Protect
|move|p1a: Dragapult|Shadow Ball|p2a: Aegislash
|-activate|p2a: Aegislash|move: Protect
|
|upkeep
|turn|6
|
|move|p1a: Dragapult|Shadow Ball|p2a: Aegislash
|-supereffective|p2a: Aegislash
|-damage|p2a: Aegislash|8/100
|-formechange|p2a: Aegislash|Aegislash-Blade||[from] ability: Stance Change
|move|p2a: Aegislash|Shadow Ball|p1a: Dragapult
|-supereffective|p1a: Dragapult
|-damage|p1a: Dragapult|0 fnt
|faint|p1a: Dragapult
|
|upkeep
|
|switch|p1a: Morpeko|Morpeko, M|100/100
|turn|7
|
|move|p2a: Aegislash|Shadow Sneak|p1a: Morpeko
|-resisted|p1a: Morpeko
|-damage|p1a: Morpeko|76/100
|move|p1a: Morpeko|Aura Wheel|p2a: Aegislash
|-damage|p2a: Aegislash|0 fnt
|-boost|p1a: Morpeko|spe|1
|-damage|p1a: Morpeko|67/100|[from] item: Life Orb
|faint|p2a: Aegislash
|
|-formechange|p1a: Morpeko|Morpeko-Hangry||[from] ability: Hunger Switch
|upkeep
|
|switch|p2a: Conkeldurr|Conkeldurr, M|100/100
|-damage|p2a: Conkeldurr|94/100|[from] Stealth Rock
|-damage|p2a: Conkeldurr|78/100|[from] Spikes
|turn|8
|
|move|p1a: Morpeko|Protect|p1a: Morpeko
|-singleturn|p1a: Morpeko|Protect
|move|p2a: Conkeldurr|Defog|p1a: Morpeko
|-activate|p1a: Morpeko|move: Protect
|
|-status|p2a: Conkeldurr|brn|[from] item: Flame Orb
|-formechange|p1a: Morpeko|Morpeko||[from] ability: Hunger Switch
|upkeep
|turn|9
|
|move|p2a: Conkeldurr|Mach Punch|p1a: Morpeko
|-supereffective|p1a: Morpeko
|-damage|p1a: Morpeko|0 fnt
|faint|p1a: Morpeko
|
|-damage|p2a: Conkeldurr|72/100 brn|[from] brn
|upkeep
|
|switch|p1a: Sirfetch'd|Sirfetch'd, M|100/100
|turn|10
|c|☆Shooriken|poor morpeko
|
|switch|p2a: Clefable|Clefable, F|100/100
|move|p1a: Sirfetch'd|Close Combat|p2a: Clefable
|-resisted|p2a: Clefable
|-crit|p2a: Clefable
|-damage|p2a: Clefable|54/100
|-unboost|p1a: Sirfetch'd|def|1
|-unboost|p1a: Sirfetch'd|spd|1
|
|-heal|p2a: Clefable|60/100|[from] item: Leftovers
|upkeep
|turn|11
|
|move|p2a: Clefable|Protect|p2a: Clefable
|-singleturn|p2a: Clefable|Protect
|move|p1a: Sirfetch'd|Poison Jab|p2a: Clefable
|-activate|p2a: Clefable|move: Protect
|
|-heal|p2a: Clefable|66/100|[from] item: Leftovers
|upkeep
|turn|12
|c|☆innerbeam|It defences suck
|
|move|p1a: Sirfetch'd|Poison Jab|p2a: Clefable
|-supereffective|p2a: Clefable
|-crit|p2a: Clefable
|-damage|p2a: Clefable|0 fnt
|faint|p2a: Clefable
|
|upkeep
|c|☆Shooriken|ik
|c|☆Shooriken|wow
|c|☆Shooriken|double crit
|
|switch|p2a: Dracovish|Dracovish|100/100
|-damage|p2a: Dracovish|88/100|[from] Stealth Rock
|-damage|p2a: Dracovish|72/100|[from] Spikes
|turn|13
|l| mikmer
|c|☆innerbeam|I am using leek
|c|☆Shooriken|oh
|c|☆Shooriken|makes sense
|
|switch|p1a: Cinderace|Cinderace, F|100/100
|move|p2a: Dracovish|Psychic Fangs|p1a: Cinderace
|-damage|p1a: Cinderace|15/100
|
|upkeep
|turn|14
|
|switch|p2a: Rotom|Rotom-Wash|100/100
|-damage|p2a: Rotom|88/100|[from] Stealth Rock
|move|p1a: Cinderace|High Jump Kick|p2a: Rotom
|-damage|p2a: Rotom|42/100
|
|upkeep
|turn|15
|
|move|p2a: Rotom|Volt Switch|p1a: Cinderace
|-damage|p1a: Cinderace|0 fnt
|faint|p1a: Cinderace
|
|switch|p2a: Hydreigon|Hydreigon, M|100/100|[from]move: Volt Switch
|-damage|p2a: Hydreigon|88/100|[from] Stealth Rock
|
|-heal|p2a: Hydreigon|94/100|[from] item: Leftovers
|upkeep
|
|switch|p1a: Sirfetch'd|Sirfetch'd, M|100/100
|turn|16
|
|switch|p2a: Rotom|Rotom-Wash|42/100
|-damage|p2a: Rotom|30/100|[from] Stealth Rock
|move|p1a: Sirfetch'd|Close Combat|p2a: Rotom
|-damage|p2a: Rotom|0 fnt
|-unboost|p1a: Sirfetch'd|def|1
|-unboost|p1a: Sirfetch'd|spd|1
|faint|p2a: Rotom
|
|upkeep
|
|switch|p2a: Dracovish|Dracovish|72/100
|-damage|p2a: Dracovish|59/100|[from] Stealth Rock
|-damage|p2a: Dracovish|43/100|[from] Spikes
|turn|17
|
|move|p2a: Dracovish|Psychic Fangs|p1a: Sirfetch'd
|-supereffective|p1a: Sirfetch'd
|-damage|p1a: Sirfetch'd|0 fnt
|faint|p1a: Sirfetch'd
|
|upkeep
|
|switch|p1a: Ditto|Ditto|100/100
|-transform|p1a: Ditto|p2a: Dracovish|[from] ability: Imposter
|turn|18
|
|move|p1a: Ditto|Fishious Rend|p2a: Dracovish
|-resisted|p2a: Dracovish
|-damage|p2a: Dracovish|13/100
|move|p2a: Dracovish|Psychic Fangs|p1a: Ditto
|-damage|p1a: Ditto|41/100
|
|upkeep
|turn|19
|c|☆Shooriken|gg
|
|move|p1a: Ditto|Fishious Rend|p2a: Dracovish
|-resisted|p2a: Dracovish
|-damage|p2a: Dracovish|0 fnt
|faint|p2a: Dracovish
|
|upkeep
|
|switch|p2a: Conkeldurr|Conkeldurr, M|72/100 brn
|-damage|p2a: Conkeldurr|55/100 brn|[from] Spikes
|-damage|p2a: Conkeldurr|49/100 brn|[from] Stealth Rock
|turn|20
|c|☆innerbeam|gg
|
|move|p2a: Conkeldurr|Mach Punch|p1a: Ditto
|-damage|p1a: Ditto|2/100
|move|p1a: Ditto|Fishious Rend|p2a: Conkeldurr
|-damage|p2a: Conkeldurr|0 fnt
|faint|p2a: Conkeldurr
|
|upkeep
|
|switch|p2a: Hydreigon|Hydreigon, M|94/100
|-damage|p2a: Hydreigon|82/100|[from] Stealth Rock
|turn|21
|
|move|p1a: Ditto|Fishious Rend|p2a: Hydreigon
|-resisted|p2a: Hydreigon
|-damage|p2a: Hydreigon|14/100
|move|p2a: Hydreigon|Dark Pulse|p1a: Ditto
|-damage|p1a: Ditto|0 fnt
|faint|p1a: Ditto
|
|win|Shooriken
|c|☆Shooriken|close
|raw|innerbeam's rating: 1653 → 1634(-19 for losing)
|raw|Shooriken's rating: 1664 → 1683(+19 for winning)
|c|☆Shooriken|imagine
|c|☆Shooriken|if
|c|☆Shooriken|that
|c|☆innerbeam|Yeah gg
|c|☆Shooriken|crit
