|ScrapeTime|2020-01-02-07:44:43
|j|☆JTD783
|j|☆GoukazaruSD
|player|p1|JTD783|80|1569
|player|p2|GoukazaruSD|ryuki|1510
|teamsize|p1|6
|teamsize|p2|6
|gametype|singles
|gen|8
|tier|[Gen 8] OU
|rated|
|rule|Sleep Clause Mod: Limit one foe put to sleep
|rule|Species Clause: Limit one of each Pokémon
|rule|OHKO Clause: OHKO moves are banned
|rule|Evasion Moves Clause: Evasion moves are banned
|rule|Endless Battle Clause: Forcing endless battles is banned
|rule|HP Percentage Mod: HP is shown in percentages
|clearpoke
|poke|p1|Pelipper, M|
|poke|p1|Crawdaunt, M|
|poke|p1|Ferrothorn, M|
|poke|p1|Heliolisk, F|
|poke|p1|Mantine, M|
|poke|p1|Grimmsnarl, M|
|poke|p2|Hippowdon, M|
|poke|p2|Rotom-Wash|
|poke|p2|Excadrill, M|
|poke|p2|Ferrothorn, M|
|poke|p2|Mandibuzz, F|
|poke|p2|Dragapult, M|
|rule|Dynamax Clause: You cannot dynamax
|teampreview
|j| dasjflkadsfadsf
|inactive|Battle timer is ON: inactive players will automatically lose when time's up. (requested by GoukazaruSD)
|
|start
|switch|p1a: rain drop|Pelipper, M|100/100
|switch|p2a: Rotom|Rotom-Wash|100/100
|-weather|RainDance|[from] ability: Drizzle|[of] p1a: rain drop
|turn|1
|
|switch|p1a: tHorny|Ferrothorn, M|100/100
|move|p2a: Rotom|Volt Switch|p1a: tHorny
|-resisted|p1a: tHorny
|-damage|p1a: tHorny|87/100
|
|switch|p2a: Ferrothorn|Ferrothorn, M|100/100|[from]move: Volt Switch
|
|-weather|RainDance|[upkeep]
|-heal|p1a: tHorny|93/100|[from] item: Leftovers
|upkeep
|turn|2
|
|move|p2a: Ferrothorn|Knock Off|p1a: tHorny
|-damage|p1a: tHorny|81/100
|-damage|p2a: Ferrothorn|88/100|[from] ability: Iron Barbs|[of] p1a: tHorny
|-enditem|p1a: tHorny|Leftovers|[from] move: Knock Off|[of] p2a: Ferrothorn
|move|p1a: tHorny|Knock Off|p2a: Ferrothorn
|-damage|p2a: Ferrothorn|74/100
|-damage|p1a: tHorny|68/100|[from] ability: Iron Barbs|[of] p2a: Ferrothorn
|-enditem|p2a: Ferrothorn|Leftovers|[from] move: Knock Off|[of] p1a: tHorny
|
|-weather|RainDance|[upkeep]
|upkeep
|turn|3
|
|move|p2a: Ferrothorn|Spikes|p1a: tHorny
|-sidestart|p1: JTD783|Spikes
|move|p1a: tHorny|Stealth Rock|p2a: Ferrothorn
|-sidestart|p2: GoukazaruSD|move: Stealth Rock
|
|-weather|RainDance|[upkeep]
|upkeep
|turn|4
|
|switch|p1a: clever girl|Heliolisk, F|100/100
|-damage|p1a: clever girl|88/100|[from] Spikes
|move|p2a: Ferrothorn|Spikes|p1a: clever girl
|-sidestart|p1: JTD783|Spikes
|
|-weather|RainDance|[upkeep]
|-heal|p1a: clever girl|100/100|[from] ability: Dry Skin
|upkeep
|turn|5
|
|move|p1a: clever girl|Focus Blast|p2a: Ferrothorn
|-supereffective|p2a: Ferrothorn
|-damage|p2a: Ferrothorn|0 fnt
|-damage|p1a: clever girl|91/100|[from] item: Life Orb
|faint|p2a: Ferrothorn
|
|-weather|RainDance|[upkeep]
|-heal|p1a: clever girl|100/100|[from] ability: Dry Skin
|upkeep
|
|switch|p2a: Hippowdon|Hippowdon, M|100/100
|-damage|p2a: Hippowdon|94/100|[from] Stealth Rock
|-weather|Sandstorm|[from] ability: Sand Stream|[of] p2a: Hippowdon
|turn|6
|
|move|p1a: clever girl|Grass Knot|p2a: Hippowdon
|-supereffective|p2a: Hippowdon
|-damage|p2a: Hippowdon|5/100
|-damage|p1a: clever girl|91/100|[from] item: Life Orb
|move|p2a: Hippowdon|Earthquake|p1a: clever girl
|-supereffective|p1a: clever girl
|-damage|p1a: clever girl|0 fnt
|faint|p1a: clever girl
|
|-weather|Sandstorm|[upkeep]
|-heal|p2a: Hippowdon|11/100|[from] item: Leftovers
|upkeep
|
|switch|p1a: rain drop|Pelipper, M|100/100
|-weather|RainDance|[from] ability: Drizzle|[of] p1a: rain drop
|turn|7
|
|switch|p2a: Rotom|Rotom-Wash|100/100
|-damage|p2a: Rotom|88/100|[from] Stealth Rock
|move|p1a: rain drop|U-turn|p2a: Rotom
|-damage|p2a: Rotom|76/100
|
|switch|p1a: >screeching|Grimmsnarl, M|100/100|[from]move: U-turn
|-damage|p1a: >screeching|84/100|[from] Spikes
|
|-weather|RainDance|[upkeep]
|upkeep
|turn|8
|
|move|p1a: >screeching|Bulk Up|p1a: >screeching
|-boost|p1a: >screeching|atk|1
|-boost|p1a: >screeching|def|1
|move|p2a: Rotom|Volt Switch|p1a: >screeching
|-damage|p1a: >screeching|44/100
|
|switch|p2a: Mandibuzz|Mandibuzz, F|100/100|[from]move: Volt Switch
|
|-weather|RainDance|[upkeep]
|upkeep
|turn|9
|
|move|p1a: >screeching|Spirit Break|p2a: Mandibuzz
|-supereffective|p2a: Mandibuzz
|-damage|p2a: Mandibuzz|0 fnt
|-damage|p1a: >screeching|34/100|[from] item: Life Orb
|faint|p2a: Mandibuzz
|
|-weather|RainDance|[upkeep]
|upkeep
|
|switch|p2a: Rotom|Rotom-Wash|76/100
|-damage|p2a: Rotom|64/100|[from] Stealth Rock
|turn|10
|inactive|JTD783 has 120 seconds left.
|
|move|p1a: >screeching|Sucker Punch|p2a: Rotom
|-damage|p2a: Rotom|0 fnt
|-damage|p1a: >screeching|24/100|[from] item: Life Orb
|faint|p2a: Rotom
|
|-weather|RainDance|[upkeep]
|upkeep
|
|switch|p2a: Hippowdon|Hippowdon, M|11/100
|-damage|p2a: Hippowdon|5/100|[from] Stealth Rock
|-weather|Sandstorm|[from] ability: Sand Stream|[of] p2a: Hippowdon
|turn|11
|
|move|p1a: >screeching|Darkest Lariat|p2a: Hippowdon
|-damage|p2a: Hippowdon|0 fnt
|-damage|p1a: >screeching|14/100|[from] item: Life Orb
|faint|p2a: Hippowdon
|
|-weather|Sandstorm|[upkeep]
|-damage|p1a: >screeching|8/100|[from] Sandstorm
|upkeep
|
|switch|p2a: Excadrill|Excadrill, M|100/100
|-damage|p2a: Excadrill|97/100|[from] Stealth Rock
|turn|12
|inactive|JTD783 has 120 seconds left.
|
|move|p2a: Excadrill|Swords Dance|p2a: Excadrill
|-boost|p2a: Excadrill|atk|2
|move|p1a: >screeching|Darkest Lariat|p2a: Excadrill
|-damage|p2a: Excadrill|0 fnt
|-damage|p1a: >screeching|0 fnt|[from] item: Life Orb
|faint|p2a: Excadrill
|faint|p1a: >screeching
|
|-weather|Sandstorm|[upkeep]
|upkeep
|
|switch|p2a: Dragapult|Dragapult, M|100/100
|switch|p1a: rain drop|Pelipper, M|100/100
|-damage|p2a: Dragapult|88/100|[from] Stealth Rock
|-weather|RainDance|[from] ability: Drizzle|[of] p1a: rain drop
|turn|13
|
|move|p2a: Dragapult|Thunderbolt|p1a: rain drop
|-supereffective|p1a: rain drop
|-damage|p1a: rain drop|0 fnt
|faint|p1a: rain drop
|
|-weather|RainDance|[upkeep]
|upkeep
|c|☆GoukazaruSD|Lucky
|inactive|JTD783 has 120 seconds left.
|c|☆GoukazaruSD|Grimmsnarl ofen
|inactive|JTD783 has 90 seconds left.
|c|☆GoukazaruSD|Noob
|
|switch|p1a: ray lmao|Mantine, M|100/100
|turn|14
|
|move|p1a: ray lmao|Hurricane|p2a: Dragapult
|-damage|p2a: Dragapult|0 fnt
|faint|p2a: Dragapult
|
|win|JTD783
|c|☆JTD783|gg
|raw|JTD783's rating: 1569 → 1585(+16 for winning)
|raw|GoukazaruSD's rating: 1510 → 1493(-17 for losing)
|c|☆GoukazaruSD|No gg loser
|l|☆GoukazaruSD
