|ScrapeTime|2020-01-01-21:26:41
|j|☆KURO_4_
|j|☆recique
|player|p1|KURO_4_|263|1249
|player|p2|recique|acetrainer-gen4dp|1274
|teamsize|p1|6
|teamsize|p2|6
|gametype|singles
|gen|8
|tier|[Gen 8] OU
|rated|
|rule|Sleep Clause Mod: Limit one foe put to sleep
|rule|Species Clause: Limit one of each Pokémon
|rule|OHKO Clause: OHKO moves are banned
|rule|Evasion Moves Clause: Evasion moves are banned
|rule|Endless Battle Clause: Forcing endless battles is banned
|rule|HP Percentage Mod: HP is shown in percentages
|clearpoke
|poke|p1|Pelipper, M|
|poke|p1|Barraskewda, F|
|poke|p1|Rotom-Heat|
|poke|p1|Mandibuzz, F|
|poke|p1|Goodra, M|
|poke|p1|Weavile, M|
|poke|p2|Dragapult, F|
|poke|p2|Lucario, F|
|poke|p2|Toxtricity, F|
|poke|p2|Grimmsnarl, M|
|poke|p2|Araquanid, F|
|poke|p2|Cinderace, M|
|rule|Dynamax Clause: You cannot dynamax
|teampreview
|inactive|Battle timer is ON: inactive players will automatically lose when time's up. (requested by KURO_4_)
|
|start
|switch|p1a: Rotom|Rotom-Heat|100/100
|switch|p2a: Grimmsnarl|Grimmsnarl, M|100/100
|turn|1
|
|switch|p2a: Cinderace|Cinderace, M|100/100
|move|p1a: Rotom|Volt Switch|p2a: Cinderace
|-damage|p2a: Cinderace|55/100
|
|switch|p1a: Pelipper|Pelipper, M|100/100|[from]move: Volt Switch
|-weather|RainDance|[from] ability: Drizzle|[of] p1a: Pelipper
|
|-weather|RainDance|[upkeep]
|upkeep
|turn|2
|
|switch|p2a: Nightmare|Araquanid, F, shiny|100/100
|move|p1a: Pelipper|Tailwind|p1a: Pelipper
|-sidestart|p1: KURO_4_|move: Tailwind
|
|-weather|RainDance|[upkeep]
|upkeep
|turn|3
|
|move|p1a: Pelipper|Hurricane|p2a: Nightmare
|-supereffective|p2a: Nightmare
|-damage|p2a: Nightmare|18/100
|-start|p2a: Nightmare|confusion
|-activate|p2a: Nightmare|confusion
|move|p2a: Nightmare|Sticky Web|p1a: Pelipper
|-sidestart|p1: KURO_4_|move: Sticky Web
|
|-weather|RainDance|[upkeep]
|upkeep
|turn|4
|
|switch|p2a: Toxtricity|Toxtricity, F|100/100
|move|p1a: Pelipper|Hurricane|p2a: Toxtricity
|-resisted|p2a: Toxtricity
|-damage|p2a: Toxtricity|61/100
|-start|p2a: Toxtricity|confusion
|
|-weather|RainDance|[upkeep]
|upkeep
|turn|5
|
|switch|p1a: Goodra|Goodra, M|100/100
|-activate|p1a: Goodra|move: Sticky Web
|-unboost|p1a: Goodra|spe|1
|-activate|p2a: Toxtricity|confusion
|-damage|p2a: Toxtricity|49/100|[from] confusion
|
|-weather|RainDance|[upkeep]
|-sideend|p1: KURO_4_|move: Tailwind
|upkeep
|turn|6
|c|☆KURO_4_|rip
|c|☆KURO_4_|hax
|
|switch|p2a: Grimmsnarl|Grimmsnarl, M|100/100
|move|p1a: Goodra|Dragon Pulse|p2a: Grimmsnarl
|-immune|p2a: Grimmsnarl
|
|-weather|RainDance|[upkeep]
|upkeep
|turn|7
|
|switch|p1a: Mandibuzz|Mandibuzz, F|100/100
|move|p2a: Grimmsnarl|Bulk Up|p2a: Grimmsnarl
|-boost|p2a: Grimmsnarl|atk|1
|-boost|p2a: Grimmsnarl|def|1
|
|-weather|RainDance|[upkeep]
|upkeep
|turn|8
|
|move|p1a: Mandibuzz|Defog|p2a: Grimmsnarl
|-unboost|p2a: Grimmsnarl|evasion|1
|-sideend|p1: KURO_4_|Sticky Web|[from] move: Defog|[of] p1a: Mandibuzz
|move|p2a: Grimmsnarl|Spirit Break|p1a: Mandibuzz
|-supereffective|p1a: Mandibuzz
|-damage|p1a: Mandibuzz|32/100
|-unboost|p1a: Mandibuzz|spa|1
|
|-weather|none
|-heal|p1a: Mandibuzz|38/100|[from] item: Leftovers
|upkeep
|turn|9
|inactive|KURO_4_ has 120 seconds left.
|inactive|KURO_4_ has 90 seconds left.
|
|switch|p1a: Rotom|Rotom-Heat|100/100
|move|p2a: Grimmsnarl|Spirit Break|p1a: Rotom
|-resisted|p1a: Rotom
|-damage|p1a: Rotom|63/100
|-unboost|p1a: Rotom|spa|1
|-enditem|p1a: Rotom|Eject Pack
|
|switch|p1a: Pelipper|Pelipper, M|100/100
|-weather|RainDance|[from] ability: Drizzle|[of] p1a: Pelipper
|
|-weather|RainDance|[upkeep]
|upkeep
|turn|10
|
|move|p1a: Pelipper|Hurricane|p2a: Grimmsnarl
|-damage|p2a: Grimmsnarl|48/100
|move|p2a: Grimmsnarl|Power Whip|p1a: Pelipper
|-damage|p1a: Pelipper|37/100
|
|-weather|RainDance|[upkeep]
|-heal|p2a: Grimmsnarl|54/100|[from] item: Leftovers
|upkeep
|turn|11
|
|move|p2a: Grimmsnarl|Sucker Punch|p1a: Pelipper
|-damage|p1a: Pelipper|0 fnt
|faint|p1a: Pelipper
|
|-weather|RainDance|[upkeep]
|-heal|p2a: Grimmsnarl|60/100|[from] item: Leftovers
|upkeep
|inactive|KURO_4_ has 60 seconds left.
|
|switch|p1a: Goodra|Goodra, M|100/100
|turn|12
|
|move|p2a: Grimmsnarl|Sucker Punch|p1a: Goodra
|-damage|p1a: Goodra|34/100
|move|p1a: Goodra|Sludge Bomb|p2a: Grimmsnarl
|-supereffective|p2a: Grimmsnarl
|-damage|p2a: Grimmsnarl|0 fnt
|faint|p2a: Grimmsnarl
|
|-weather|RainDance|[upkeep]
|upkeep
|
|switch|p2a: Dart|Dragapult, F|100/100
|turn|13
|
|move|p2a: Dart|Dragon Darts|p1a: Goodra
|-supereffective|p1a: Goodra
|-damage|p1a: Goodra|0 fnt
|-hitcount|p1a: Goodra|1
|faint|p1a: Goodra
|
|-weather|RainDance|[upkeep]
|upkeep
|
|switch|p1a: Barraskewda|Barraskewda, F|100/100
|turn|14
|
|switch|p2a: Nightmare|Araquanid, F, shiny|18/100
|move|p1a: Barraskewda|Drill Run|p2a: Nightmare
|-resisted|p2a: Nightmare
|-damage|p2a: Nightmare|0 fnt
|-damage|p1a: Barraskewda|91/100|[from] item: Life Orb
|faint|p2a: Nightmare
|
|-weather|RainDance|[upkeep]
|upkeep
|
|switch|p2a: Cinderace|Cinderace, M|55/100
|turn|15
|
|move|p2a: Cinderace|Sucker Punch|p1a: Barraskewda
|-damage|p1a: Barraskewda|43/100
|move|p1a: Barraskewda|Liquidation|p2a: Cinderace
|-supereffective|p2a: Cinderace
|-damage|p2a: Cinderace|0 fnt
|-damage|p1a: Barraskewda|34/100|[from] item: Life Orb
|faint|p2a: Cinderace
|
|-weather|RainDance|[upkeep]
|upkeep
|
|switch|p2a: Dart|Dragapult, F|100/100
|turn|16
|
|move|p1a: Barraskewda|Drill Run|p2a: Dart
|-damage|p2a: Dart|48/100
|-damage|p1a: Barraskewda|24/100|[from] item: Life Orb
|move|p2a: Dart|Dragon Dance|p2a: Dart
|-boost|p2a: Dart|atk|1
|-boost|p2a: Dart|spe|1
|
|-weather|none
|upkeep
|turn|17
|inactive|KURO_4_ has 90 seconds left.
|
|move|p2a: Dart|Dragon Darts|p1a: Barraskewda
|-damage|p1a: Barraskewda|0 fnt
|-hitcount|p1a: Barraskewda|1
|faint|p1a: Barraskewda
|
|upkeep
|inactive|KURO_4_ has 90 seconds left.
|
|switch|p1a: Weavile|Weavile, M|100/100
|-ability|p1a: Weavile|Pressure
|turn|18
|
|move|p2a: Dart|Sucker Punch|p1a: Weavile
|-resisted|p1a: Weavile
|-damage|p1a: Weavile|67/100
|move|p1a: Weavile|Ice Shard|p2a: Dart
|-supereffective|p2a: Dart
|-damage|p2a: Dart|0 fnt
|faint|p2a: Dart
|
|upkeep
|
|switch|p2a: Pan|Lucario, F|100/100
|turn|19
|
|switch|p1a: Mandibuzz|Mandibuzz, F|38/100
|move|p2a: Pan|Aura Sphere|p1a: Mandibuzz
|-damage|p1a: Mandibuzz|0 fnt
|faint|p1a: Mandibuzz
|
|upkeep
|c|☆recique|gg
|
|switch|p1a: Rotom|Rotom-Heat|63/100
|turn|20
|
|move|p2a: Pan|Aura Sphere|p1a: Rotom
|-damage|p1a: Rotom|0 fnt
|faint|p1a: Rotom
|
|upkeep
|c|☆KURO_4_|specs?
|
|switch|p1a: Weavile|Weavile, M|67/100
|-ability|p1a: Weavile|Pressure
|turn|21
|c|☆recique|yes
|inactive|KURO_4_ has 120 seconds left.
|c|☆KURO_4_|nice
|
|move|p1a: Weavile|Endure|p1a: Weavile
|-singleturn|p1a: Weavile|move: Endure
|move|p2a: Pan|Aura Sphere|p1a: Weavile
|-supereffective|p1a: Weavile
|-activate|p1a: Weavile|move: Endure
|-damage|p1a: Weavile|1/100
|-enditem|p1a: Weavile|Weakness Policy
|-boost|p1a: Weavile|atk|2
|-boost|p1a: Weavile|spa|2
|
|upkeep
|turn|22
|
|move|p1a: Weavile|Low Kick|p2a: Pan
|-supereffective|p2a: Pan
|-damage|p2a: Pan|0 fnt
|faint|p2a: Pan
|
|upkeep
|
|switch|p2a: Toxtricity|Toxtricity, F|49/100
|turn|23
|c|☆KURO_4_|gg
|
|move|p1a: Weavile|Ice Shard|p2a: Toxtricity
|-damage|p2a: Toxtricity|0 fnt
|faint|p2a: Toxtricity
|
|win|KURO_4_
|c|☆recique|gg
|l|☆recique
|raw|KURO_4_'s rating: 1249 → 1278(+29 for winning)
|raw|recique's rating: 1302 → 1279(-23 for losing)
