|ScrapeTime|2020-01-02-07:24:57
|j|☆Circusroyale
|j|☆That one idoit
|player|p1|Circusroyale|beauty-gen2jp|1192
|player|p2|That one idoit|burglar|1188
|teamsize|p1|6
|teamsize|p2|6
|gametype|singles
|gen|8
|tier|[Gen 8] OU
|rated|
|rule|Sleep Clause Mod: Limit one foe put to sleep
|rule|Species Clause: Limit one of each Pokémon
|rule|OHKO Clause: OHKO moves are banned
|rule|Evasion Moves Clause: Evasion moves are banned
|rule|Endless Battle Clause: Forcing endless battles is banned
|rule|HP Percentage Mod: HP is shown in percentages
|clearpoke
|poke|p1|Pincurchin, M|
|poke|p1|Hawlucha, M|
|poke|p1|Toxtricity, F|
|poke|p1|Corviknight, M|
|poke|p1|Dracozolt|
|poke|p1|Seismitoad, M|
|poke|p2|Toxtricity, M|
|poke|p2|Seismitoad, M|
|poke|p2|Pincurchin, F|
|poke|p2|Hawlucha, F|
|poke|p2|Mandibuzz, F|
|poke|p2|Sableye, F|
|rule|Dynamax Clause: You cannot dynamax
|teampreview
|
|start
|switch|p1a: Seismitoad|Seismitoad, M, shiny|100/100
|switch|p2a: Sableye|Sableye, F|100/100
|turn|1
|
|move|p2a: Sableye|Taunt|p1a: Seismitoad
|-start|p1a: Seismitoad|move: Taunt
|cant|p1a: Seismitoad|move: Taunt|Toxic
|
|upkeep
|turn|2
|
|switch|p2a: Seismitoad|Seismitoad, M|100/100
|move|p1a: Seismitoad|Scald|p2a: Seismitoad
|-immune|p2a: Seismitoad|[from] ability: Water Absorb
|
|upkeep
|turn|3
|
|switch|p1a: Corviknight|Corviknight, M|100/100
|-ability|p1a: Corviknight|Pressure
|move|p2a: Seismitoad|Stealth Rock|p1a: Corviknight
|-sidestart|p1: Circusroyale|move: Stealth Rock
|
|upkeep
|turn|4
|
|switch|p2a: Toxtricity|Toxtricity, M|100/100
|move|p1a: Corviknight|Defog|p2a: Toxtricity
|-unboost|p2a: Toxtricity|evasion|1
|-sideend|p1: Circusroyale|Stealth Rock|[from] move: Defog|[of] p1a: Corviknight
|
|upkeep
|turn|5
|inactive|Battle timer is ON: inactive players will automatically lose when time's up. (requested by That one idoit)
|
|switch|p1a: Pincurchin|Pincurchin, M|100/100
|-fieldstart|move: Electric Terrain|[from] ability: Electric Surge|[of] p1a: Pincurchin
|move|p2a: Toxtricity|Boomburst|p1a: Pincurchin
|-damage|p1a: Pincurchin|0 fnt
|faint|p1a: Pincurchin
|
|upkeep
|inactive|Circusroyale has 120 seconds left.
|
|switch|p1a: Dracozolt|Dracozolt|100/100
|turn|6
|
|switch|p2a: Seismitoad|Seismitoad, M|100/100
|move|p1a: Dracozolt|Bolt Beak|p2a: Seismitoad
|-immune|p2a: Seismitoad
|
|upkeep
|turn|7
|inactive|Circusroyale has 120 seconds left.
|
|move|p1a: Dracozolt|Substitute|p1a: Dracozolt
|-start|p1a: Dracozolt|Substitute
|-damage|p1a: Dracozolt|76/100
|move|p2a: Seismitoad|Scald|p1a: Dracozolt
|-resisted|p1a: Dracozolt
|-activate|p1a: Dracozolt|move: Substitute|[damage]
|
|-heal|p1a: Dracozolt|82/100|[from] item: Leftovers
|upkeep
|turn|8
|inactive|Circusroyale has 120 seconds left.
|
|move|p1a: Dracozolt|Dragon Claw|p2a: Seismitoad
|-damage|p2a: Seismitoad|57/100
|move|p2a: Seismitoad|Scald|p1a: Dracozolt
|-resisted|p1a: Dracozolt
|-end|p1a: Dracozolt|Substitute
|
|-heal|p1a: Dracozolt|88/100|[from] item: Leftovers
|-heal|p2a: Seismitoad|63/100|[from] item: Leftovers
|upkeep
|turn|9
|inactive|That one idoit has 120 seconds left.
|
|move|p1a: Dracozolt|Substitute|p1a: Dracozolt
|-start|p1a: Dracozolt|Substitute
|-damage|p1a: Dracozolt|63/100
|move|p2a: Seismitoad|Scald|p1a: Dracozolt
|-resisted|p1a: Dracozolt
|-activate|p1a: Dracozolt|move: Substitute|[damage]
|
|-heal|p1a: Dracozolt|69/100|[from] item: Leftovers
|-heal|p2a: Seismitoad|69/100|[from] item: Leftovers
|upkeep
|turn|10
|inactive|That one idoit has 120 seconds left.
|
|move|p1a: Dracozolt|Dragon Claw|p2a: Seismitoad
|-crit|p2a: Seismitoad
|-damage|p2a: Seismitoad|10/100
|move|p2a: Seismitoad|Scald|p1a: Dracozolt
|-resisted|p1a: Dracozolt
|-end|p1a: Dracozolt|Substitute
|
|-heal|p1a: Dracozolt|76/100|[from] item: Leftovers
|-heal|p2a: Seismitoad|16/100|[from] item: Leftovers
|upkeep
|turn|11
|inactive|That one idoit has 120 seconds left.
|
|move|p1a: Dracozolt|Substitute|p1a: Dracozolt
|-start|p1a: Dracozolt|Substitute
|-damage|p1a: Dracozolt|51/100
|move|p2a: Seismitoad|Stealth Rock|p1a: Dracozolt
|-sidestart|p1: Circusroyale|move: Stealth Rock
|
|-heal|p1a: Dracozolt|57/100|[from] item: Leftovers
|-heal|p2a: Seismitoad|22/100|[from] item: Leftovers
|upkeep
|turn|12
|
|move|p1a: Dracozolt|Dragon Claw|p2a: Seismitoad
|-crit|p2a: Seismitoad
|-damage|p2a: Seismitoad|0 fnt
|faint|p2a: Seismitoad
|
|-heal|p1a: Dracozolt|63/100|[from] item: Leftovers
|-fieldend|move: Electric Terrain
|upkeep
|
|switch|p2a: Toxtricity|Toxtricity, M|100/100
|turn|13
|
|move|p2a: Toxtricity|Boomburst|p1a: Dracozolt
|-damage|p1a: Dracozolt|0 fnt
|faint|p1a: Dracozolt
|
|upkeep
|
|switch|p1a: Blap|Toxtricity, F|100/100
|-damage|p1a: Blap|88/100|[from] Stealth Rock
|turn|14
|
|move|p1a: Blap|Boomburst|p2a: Toxtricity
|-damage|p2a: Toxtricity|58/100
|move|p2a: Toxtricity|Boomburst|p1a: Blap
|-damage|p1a: Blap|21/100
|
|upkeep
|turn|15
|
|switch|p2a: Sableye|Sableye, F|100/100
|move|p1a: Blap|Boomburst|p2a: Sableye
|-immune|p2a: Sableye
|
|upkeep
|turn|16
|
|switch|p1a: Corviknight|Corviknight, M|100/100
|-damage|p1a: Corviknight|88/100|[from] Stealth Rock
|-ability|p1a: Corviknight|Pressure
|move|p2a: Sableye|Will-O-Wisp|p1a: Corviknight
|-status|p1a: Corviknight|brn
|
|-heal|p1a: Corviknight|94/100 brn|[from] item: Leftovers
|-damage|p1a: Corviknight|88/100 brn|[from] brn
|upkeep
|turn|17
|
|move|p2a: Sableye|Taunt|p1a: Corviknight
|-start|p1a: Corviknight|move: Taunt
|move|p1a: Corviknight|Brave Bird|p2a: Sableye
|-crit|p2a: Sableye
|-damage|p2a: Sableye|65/100
|-damage|p1a: Corviknight|79/100 brn|[from] Recoil
|
|-heal|p1a: Corviknight|85/100 brn|[from] item: Leftovers
|-heal|p2a: Sableye|71/100|[from] item: Leftovers
|-damage|p1a: Corviknight|79/100 brn|[from] brn
|upkeep
|turn|18
|inactive|Circusroyale has 120 seconds left.
|
|move|p1a: Corviknight|U-turn|p2a: Sableye
|-damage|p2a: Sableye|62/100
|
|switch|p1a: Seismitoad|Seismitoad, M, shiny|100/100|[from]move: U-turn
|-damage|p1a: Seismitoad|94/100|[from] Stealth Rock
|move|p2a: Sableye|Knock Off|p1a: Seismitoad
|-damage|p1a: Seismitoad|76/100
|-enditem|p1a: Seismitoad|Leftovers|[from] move: Knock Off|[of] p2a: Sableye
|
|-heal|p2a: Sableye|68/100|[from] item: Leftovers
|upkeep
|turn|19
|
|move|p2a: Sableye|Taunt|p1a: Seismitoad
|-start|p1a: Seismitoad|move: Taunt
|cant|p1a: Seismitoad|move: Taunt|Toxic
|
|-heal|p2a: Sableye|75/100|[from] item: Leftovers
|upkeep
|turn|20
|
|move|p1a: Seismitoad|Scald|p2a: Sableye
|-damage|p2a: Sableye|49/100
|move|p2a: Sableye|Knock Off|p1a: Seismitoad
|-damage|p1a: Seismitoad|64/100
|
|-heal|p2a: Sableye|55/100|[from] item: Leftovers
|upkeep
|turn|21
|inactive|Circusroyale has 120 seconds left.
|
|move|p2a: Sableye|Will-O-Wisp|p1a: Seismitoad
|-status|p1a: Seismitoad|brn
|move|p1a: Seismitoad|Scald|p2a: Sableye
|-damage|p2a: Sableye|25/100
|-status|p2a: Sableye|brn
|
|-heal|p2a: Sableye|31/100 brn|[from] item: Leftovers
|-damage|p1a: Seismitoad|58/100 brn|[from] brn
|-damage|p2a: Sableye|25/100 brn|[from] brn
|-end|p1a: Seismitoad|move: Taunt
|upkeep
|turn|22
|inactive|Circusroyale has 120 seconds left.
|
|move|p2a: Sableye|Recover|p2a: Sableye
|-heal|p2a: Sableye|75/100 brn
|move|p1a: Seismitoad|Scald|p2a: Sableye
|-damage|p2a: Sableye|45/100 brn
|
|-heal|p2a: Sableye|51/100 brn|[from] item: Leftovers
|-damage|p1a: Seismitoad|52/100 brn|[from] brn
|-damage|p2a: Sableye|45/100 brn|[from] brn
|upkeep
|turn|23
|
|move|p2a: Sableye|Recover|p2a: Sableye
|-heal|p2a: Sableye|95/100 brn
|move|p1a: Seismitoad|Stealth Rock|p2a: Sableye
|-sidestart|p2: That one idoit|move: Stealth Rock
|
|-heal|p2a: Sableye|100/100 brn|[from] item: Leftovers
|-damage|p1a: Seismitoad|46/100 brn|[from] brn
|-damage|p2a: Sableye|94/100 brn|[from] brn
|upkeep
|turn|24
|
|move|p1a: Seismitoad|Scald|p2a: Sableye
|-damage|p2a: Sableye|68/100 brn
|move|p2a: Sableye|Knock Off|p1a: Seismitoad
|-damage|p1a: Seismitoad|40/100 brn
|
|-heal|p2a: Sableye|74/100 brn|[from] item: Leftovers
|-damage|p1a: Seismitoad|34/100 brn|[from] brn
|-damage|p2a: Sableye|68/100 brn|[from] brn
|upkeep
|turn|25
|inactive|That one idoit has 120 seconds left.
|
|move|p2a: Sableye|Recover|p2a: Sableye
|-heal|p2a: Sableye|100/100 brn
|move|p1a: Seismitoad|Scald|p2a: Sableye
|-damage|p2a: Sableye|71/100 brn
|
|-heal|p2a: Sableye|77/100 brn|[from] item: Leftovers
|-damage|p1a: Seismitoad|28/100 brn|[from] brn
|-damage|p2a: Sableye|71/100 brn|[from] brn
|upkeep
|turn|26
|inactive|That one idoit has 120 seconds left.
|inactive|Circusroyale has 120 seconds left.
|
|move|p1a: Seismitoad|Scald|p2a: Sableye
|-damage|p2a: Sableye|43/100 brn
|move|p2a: Sableye|Knock Off|p1a: Seismitoad
|-damage|p1a: Seismitoad|21/100 brn
|
|-heal|p2a: Sableye|50/100 brn|[from] item: Leftovers
|-damage|p1a: Seismitoad|15/100 brn|[from] brn
|-damage|p2a: Sableye|43/100 brn|[from] brn
|upkeep
|turn|27
|inactive|Circusroyale has 120 seconds left.
|inactive|That one idoit has 120 seconds left.
|
|switch|p1a: Hawlucha|Hawlucha, M|100/100
|-damage|p1a: Hawlucha|88/100|[from] Stealth Rock
|move|p2a: Sableye|Recover|p2a: Sableye
|-heal|p2a: Sableye|93/100 brn
|
|-heal|p2a: Sableye|99/100 brn|[from] item: Leftovers
|-damage|p2a: Sableye|93/100 brn|[from] brn
|upkeep
|turn|28
|inactive|Circusroyale has 120 seconds left.
|
|move|p2a: Sableye|Taunt|p1a: Hawlucha
|-start|p1a: Hawlucha|move: Taunt
|move|p1a: Hawlucha|Acrobatics|p2a: Sableye
|-damage|p2a: Sableye|61/100 brn
|
|-heal|p2a: Sableye|68/100 brn|[from] item: Leftovers
|-damage|p2a: Sableye|61/100 brn|[from] brn
|upkeep
|turn|29
|inactive|Circusroyale has 120 seconds left.
|
|move|p2a: Sableye|Will-O-Wisp|p1a: Hawlucha
|-status|p1a: Hawlucha|brn
|move|p1a: Hawlucha|Acrobatics|p2a: Sableye
|-damage|p2a: Sableye|45/100 brn
|
|-heal|p2a: Sableye|51/100 brn|[from] item: Leftovers
|-damage|p1a: Hawlucha|82/100 brn|[from] brn
|-damage|p2a: Sableye|45/100 brn|[from] brn
|upkeep
|turn|30
|inactive|That one idoit has 120 seconds left.
|
|switch|p1a: Blap|Toxtricity, F|21/100
|-damage|p1a: Blap|9/100|[from] Stealth Rock
|move|p2a: Sableye|Recover|p2a: Sableye
|-heal|p2a: Sableye|95/100 brn
|
|-heal|p2a: Sableye|100/100 brn|[from] item: Leftovers
|-damage|p2a: Sableye|94/100 brn|[from] brn
|upkeep
|turn|31
|inactive|That one idoit has 120 seconds left.
|
|switch|p2a: Mandibuzz|Mandibuzz, F|100/100
|-damage|p2a: Mandibuzz|76/100|[from] Stealth Rock
|move|p1a: Blap|Overdrive|p2a: Mandibuzz
|-supereffective|p2a: Mandibuzz
|-damage|p2a: Mandibuzz|15/100
|
|-heal|p2a: Mandibuzz|21/100|[from] item: Leftovers
|upkeep
|turn|32
|inactive|That one idoit has 120 seconds left.
|
|move|p1a: Blap|Overdrive|p2a: Mandibuzz
|-supereffective|p2a: Mandibuzz
|-damage|p2a: Mandibuzz|0 fnt
|faint|p2a: Mandibuzz
|
|upkeep
|
|switch|p2a: Toxtricity|Toxtricity, M|58/100
|-damage|p2a: Toxtricity|46/100|[from] Stealth Rock
|turn|33
|
|move|p1a: Blap|Overdrive|p2a: Toxtricity
|-resisted|p2a: Toxtricity
|-damage|p2a: Toxtricity|27/100
|move|p2a: Toxtricity|Volt Switch|p1a: Blap
|-resisted|p1a: Blap
|-damage|p1a: Blap|0 fnt
|faint|p1a: Blap
|inactive|That one idoit has 120 seconds left.
|
|switch|p2a: Sableye|Sableye, F|94/100 brn|[from]move: Volt Switch
|-damage|p2a: Sableye|82/100 brn|[from] Stealth Rock
|
|-heal|p2a: Sableye|88/100 brn|[from] item: Leftovers
|-damage|p2a: Sableye|82/100 brn|[from] brn
|upkeep
|inactive|Circusroyale has 90 seconds left.
|
|switch|p1a: Hawlucha|Hawlucha, M|82/100 brn
|-damage|p1a: Hawlucha|70/100 brn|[from] Stealth Rock
|turn|34
|
|move|p2a: Sableye|Taunt|p1a: Hawlucha
|-start|p1a: Hawlucha|move: Taunt
|cant|p1a: Hawlucha|move: Taunt|Taunt
|
|-heal|p2a: Sableye|88/100 brn|[from] item: Leftovers
|-damage|p1a: Hawlucha|63/100 brn|[from] brn
|-damage|p2a: Sableye|82/100 brn|[from] brn
|upkeep
|turn|35
|inactive|That one idoit has 120 seconds left.
|
|switch|p1a: Corviknight|Corviknight, M|79/100 brn
|-damage|p1a: Corviknight|67/100 brn|[from] Stealth Rock
|-ability|p1a: Corviknight|Pressure
|move|p2a: Sableye|Will-O-Wisp|p1a: Corviknight|[miss]
|-miss|p2a: Sableye|p1a: Corviknight
|
|-heal|p1a: Corviknight|73/100 brn|[from] item: Leftovers
|-heal|p2a: Sableye|88/100 brn|[from] item: Leftovers
|-damage|p1a: Corviknight|67/100 brn|[from] brn
|-damage|p2a: Sableye|82/100 brn|[from] brn
|upkeep
|turn|36
|inactive|Circusroyale has 90 seconds left.
|
|move|p2a: Sableye|Taunt|p1a: Corviknight
|-start|p1a: Corviknight|move: Taunt
|move|p1a: Corviknight|Brave Bird|p2a: Sableye
|-damage|p2a: Sableye|57/100 brn
|-damage|p1a: Corviknight|61/100 brn|[from] Recoil
|
|-heal|p1a: Corviknight|67/100 brn|[from] item: Leftovers
|-heal|p2a: Sableye|63/100 brn|[from] item: Leftovers
|-damage|p1a: Corviknight|61/100 brn|[from] brn
|-damage|p2a: Sableye|57/100 brn|[from] brn
|upkeep
|turn|37
|inactive|Circusroyale has 90 seconds left.
|
|move|p2a: Sableye|Will-O-Wisp|p1a: Corviknight|[miss]
|-miss|p2a: Sableye|p1a: Corviknight
|move|p1a: Corviknight|Brave Bird|p2a: Sableye
|-damage|p2a: Sableye|34/100 brn
|-damage|p1a: Corviknight|55/100 brn|[from] Recoil
|
|-heal|p1a: Corviknight|61/100 brn|[from] item: Leftovers
|-heal|p2a: Sableye|41/100 brn|[from] item: Leftovers
|-damage|p1a: Corviknight|55/100 brn|[from] brn
|-damage|p2a: Sableye|34/100 brn|[from] brn
|upkeep
|turn|38
|inactive|Circusroyale has 90 seconds left.
|
|move|p1a: Corviknight|Brave Bird|p2a: Sableye
|-damage|p2a: Sableye|10/100 brn
|-damage|p1a: Corviknight|49/100 brn|[from] Recoil
|move|p2a: Sableye|Knock Off|p1a: Corviknight
|-damage|p1a: Corviknight|39/100 brn
|-enditem|p1a: Corviknight|Leftovers|[from] move: Knock Off|[of] p2a: Sableye
|
|-heal|p2a: Sableye|16/100 brn|[from] item: Leftovers
|-damage|p1a: Corviknight|33/100 brn|[from] brn
|-damage|p2a: Sableye|10/100 brn|[from] brn
|-end|p1a: Corviknight|move: Taunt
|upkeep
|turn|39
|inactive|Circusroyale has 90 seconds left.
|
|move|p2a: Sableye|Taunt|p1a: Corviknight
|-start|p1a: Corviknight|move: Taunt
|cant|p1a: Corviknight|move: Taunt|Roost
|
|-heal|p2a: Sableye|16/100 brn|[from] item: Leftovers
|-damage|p1a: Corviknight|27/100 brn|[from] brn
|-damage|p2a: Sableye|10/100 brn|[from] brn
|upkeep
|turn|40
|
|move|p2a: Sableye|Recover|p2a: Sableye
|-heal|p2a: Sableye|60/100 brn
|move|p1a: Corviknight|Brave Bird|p2a: Sableye
|-damage|p2a: Sableye|34/100 brn
|-damage|p1a: Corviknight|21/100 brn|[from] Recoil
|
|-heal|p2a: Sableye|41/100 brn|[from] item: Leftovers
|-damage|p1a: Corviknight|15/100 brn|[from] brn
|-damage|p2a: Sableye|34/100 brn|[from] brn
|upkeep
|turn|41
|
|move|p2a: Sableye|Recover|p2a: Sableye
|-heal|p2a: Sableye|84/100 brn
|move|p1a: Corviknight|Brave Bird|p2a: Sableye
|-damage|p2a: Sableye|62/100 brn
|-damage|p1a: Corviknight|10/100 brn|[from] Recoil
|
|-heal|p2a: Sableye|68/100 brn|[from] item: Leftovers
|-damage|p1a: Corviknight|4/100 brn|[from] brn
|-damage|p2a: Sableye|62/100 brn|[from] brn
|-end|p1a: Corviknight|move: Taunt
|upkeep
|turn|42
|inactive|Circusroyale has 90 seconds left.
|
|move|p2a: Sableye|Taunt|p1a: Corviknight
|-start|p1a: Corviknight|move: Taunt
|move|p1a: Corviknight|Brave Bird|p2a: Sableye
|-damage|p2a: Sableye|39/100 brn
|-damage|p1a: Corviknight|0 fnt|[from] Recoil
|faint|p1a: Corviknight
|
|-heal|p2a: Sableye|46/100 brn|[from] item: Leftovers
|-damage|p2a: Sableye|39/100 brn|[from] brn
|upkeep
|
|switch|p1a: Seismitoad|Seismitoad, M, shiny|15/100 brn
|-damage|p1a: Seismitoad|9/100 brn|[from] Stealth Rock
|turn|43
|
|move|p2a: Sableye|Recover|p2a: Sableye
|-heal|p2a: Sableye|89/100 brn
|move|p1a: Seismitoad|Scald|p2a: Sableye
|-damage|p2a: Sableye|60/100 brn
|
|-heal|p2a: Sableye|66/100 brn|[from] item: Leftovers
|-damage|p1a: Seismitoad|3/100 brn|[from] brn
|-damage|p2a: Sableye|60/100 brn|[from] brn
|upkeep
|turn|44
|inactive|That one idoit has 120 seconds left.
|inactive|Circusroyale has 90 seconds left.
|-message|Circusroyale forfeited.
|
|win|That one idoit
|l|☆Circusroyale
|raw|Circusroyale's rating: 1192 → 1167(-25 for losing)
|raw|That one idoit's rating: 1188 → 1213(+25 for winning)
