|ScrapeTime|2020-01-02-02:38:52
|j|‽FerZs
|j|☆Soy Hot Pocket
|player|p1|FerZs|cynthia|1369
|player|p2|Soy Hot Pocket|ash|1321
|teamsize|p1|6
|teamsize|p2|6
|gametype|singles
|gen|8
|tier|[Gen 8] OU
|rated|
|rule|Sleep Clause Mod: Limit one foe put to sleep
|rule|Species Clause: Limit one of each Pokémon
|rule|OHKO Clause: OHKO moves are banned
|rule|Evasion Moves Clause: Evasion moves are banned
|rule|Endless Battle Clause: Forcing endless battles is banned
|rule|HP Percentage Mod: HP is shown in percentages
|clearpoke
|poke|p1|Toxapex, M|
|poke|p1|Mandibuzz, F|
|poke|p1|Dragapult, M|
|poke|p1|Ferrothorn, M|
|poke|p1|Excadrill, F|
|poke|p1|Gardevoir, F|
|poke|p2|Gyarados, M|
|poke|p2|Avalugg, M|
|poke|p2|Boltund, F|
|poke|p2|Heliolisk, M|
|poke|p2|Perrserker, M|
|poke|p2|Falinks|
|rule|Dynamax Clause: You cannot dynamax
|teampreview
|j| blushyy⍣
|c| blushyy⍣|--slow line--
|j| elbibimos
|j| holisticplant2020
|j| Ignis+Trueblade
|j| champ watcher
|inactive|Battle timer is ON: inactive players will automatically lose when time's up. (requested by FerZs)
|j| blaspy
|j| DORAGON KUROWWW
|j| nice smogon nerd
|c| elbibimos|so how do we now come to be
|j| Zucchiking
|j| SLS10
|c| elbibimos|afraid of sunlight
|
|start
|switch|p1a: Toxapex|Toxapex, M|100/100
|switch|p2a: NO NOT THE PUPPER|Boltund, F|100/100
|turn|1
|c| Ignis+Trueblade|Does anybody unironically like Perrserker
|c| blushyy⍣|i kinda like it
|c| Zucchiking|no
|c| DORAGON KUROWWW|so apparently you cant say puss* , but you can say ass
|c| blushyy⍣|donkeys > cats
|j| HanakoToast
|inactive|FerZs has 120 seconds left.
|inactive|Soy Hot Pocket has 120 seconds left.
|c| DORAGON KUROWWW|zarel is homophobic
|c| blushyy⍣|wouldnt that be heterophobic
|c| Ignis+Trueblade|>tits isn't automuted
|c| Ignis+Trueblade|Haha yes
|
|switch|p2a: omgon ban|Heliolisk, M|100/100
|move|p1a: Toxapex|Toxic|p2a: omgon ban
|-status|p2a: omgon ban|tox
|
|-damage|p2a: omgon ban|94/100 tox|[from] psn
|upkeep
|turn|2
|inactive|Soy Hot Pocket has 120 seconds left.
|c| DORAGON KUROWWW|tits and ass
|j| New Gorilla
|c| DORAGON KUROWWW|but no puss*
|c| elbibimos|the way of the world
|j| Aunty Draculina
|
|switch|p1a: Ferrothorn|Ferrothorn, M|100/100
|move|p2a: omgon ban|Focus Blast|p1a: Ferrothorn
|-supereffective|p1a: Ferrothorn
|-damage|p1a: Ferrothorn|14/100
|
|-heal|p1a: Ferrothorn|20/100|[from] item: Leftovers
|-damage|p2a: omgon ban|82/100 tox|[from] psn
|upkeep
|turn|3
|c| DORAGON KUROWWW|thats a bad word
|c| blushyy⍣|donk
|
|switch|p2a: NO NOT THE PUPPER|Boltund, F|100/100
|move|p1a: Ferrothorn|Protect||[still]
|-fail|p1a: Ferrothorn
|
|-heal|p1a: Ferrothorn|27/100|[from] item: Leftovers
|upkeep
|turn|4
|
|move|p1a: Ferrothorn|Protect|p1a: Ferrothorn
|-singleturn|p1a: Ferrothorn|Protect
|move|p2a: NO NOT THE PUPPER|Fire Fang|p1a: Ferrothorn
|-activate|p1a: Ferrothorn|move: Protect
|
|-heal|p1a: Ferrothorn|33/100|[from] item: Leftovers
|upkeep
|turn|5
|c| blaspy|titty
|c| blaspy|hehe
|inactive|Soy Hot Pocket has 120 seconds left.
|l| holisticplant2020
|inactive|FerZs has 120 seconds left.
|c| DORAGON KUROWWW|gay ferro user
|
|switch|p1a: Toxapex|Toxapex, M|100/100
|move|p2a: NO NOT THE PUPPER|Fire Fang|p1a: Toxapex
|-resisted|p1a: Toxapex
|-damage|p1a: Toxapex|92/100
|
|-heal|p1a: Toxapex|99/100|[from] item: Black Sludge
|upkeep
|turn|6
|c| Aunty Draculina|to be fair
|c| DORAGON KUROWWW|boobies
|c| Aunty Draculina|a tit is a kind of bird
|c| elbibimos|its the stallman
|
|switch|p2a: omgon ban|Heliolisk, M|82/100 tox
|move|p1a: Toxapex|Scald|p2a: omgon ban
|-heal|p2a: omgon ban|100/100 tox|[from] ability: Dry Skin|[of] p1a: Toxapex
|
|-heal|p1a: Toxapex|100/100|[from] item: Black Sludge
|-damage|p2a: omgon ban|94/100 tox|[from] psn
|upkeep
|turn|7
|c| Aunty Draculina|and an ass is a donkey
|inactive|FerZs has 120 seconds left.
|c| blaspy|yeah
|c| blushyy⍣|slurp
|c| elbibimos|ca
|
|switch|p1a: Dragapult|Dragapult, M|100/100
|move|p2a: omgon ban|Dark Pulse|p1a: Dragapult
|-supereffective|p1a: Dragapult
|-damage|p1a: Dragapult|8/100
|
|-damage|p2a: omgon ban|82/100 tox|[from] psn
|upkeep
|turn|8
|c| elbibimos|t
|c| DORAGON KUROWWW|puss* is cat
|c| blaspy|and a name for cat is
|c| blushyy⍣|DONK
|inactive|FerZs has 120 seconds left.
|c| blaspy|a puss
|c| blaspy|so uh
|c| nice smogon nerd|these are some amazing donks
|c| Ignis+Trueblade|But can you say c*ck
|n|!Aunty Draculina|auntydraculina
|c| blaspy|cock
|inactive|Soy Hot Pocket has 120 seconds left.
|c| elbibimos|this is low elo stall boi
|c|☆Soy Hot Pocket|epic feeling of no switchins to this
|c| elbibimos|most donkable man on earth
|j| Y0shin
|c|☆Soy Hot Pocket|>stall
|c|☆Soy Hot Pocket|is this
|c|☆Soy Hot Pocket|troll post
|c|☆Soy Hot Pocket|I can't tell
|
|switch|p2a: im coom|Perrserker, M|100/100
|move|p1a: Dragapult|Draco Meteor|p2a: im coom
|-resisted|p2a: im coom
|-crit|p2a: im coom
|-damage|p2a: im coom|12/100
|-unboost|p1a: Dragapult|spa|2
|
|upkeep
|turn|9
|c|☆Soy Hot Pocket|ow
|c| Y0shin|what is a c*nny then
|c| blushyy⍣|balk
|inactive|FerZs has 120 seconds left.
|
|switch|p1a: Ferrothorn|Ferrothorn, M|33/100
|move|p2a: im coom|Iron Head|p1a: Ferrothorn
|-resisted|p1a: Ferrothorn
|-damage|p1a: Ferrothorn|11/100
|-damage|p2a: im coom|0 fnt|[from] ability: Iron Barbs|[of] p1a: Ferrothorn
|faint|p2a: im coom
|
|-heal|p1a: Ferrothorn|17/100|[from] item: Leftovers
|upkeep
|
|switch|p2a: HanakoShrimp|Gyarados, M|100/100
|turn|10
|c| Ignis+Trueblade|This team is uh
|c| elbibimos|ferro mandi and pex qualifies for me tbh
|c| Ignis+Trueblade|Semi-Stall right
|
|move|p2a: HanakoShrimp|Dragon Dance|p2a: HanakoShrimp
|-boost|p2a: HanakoShrimp|atk|1
|-boost|p2a: HanakoShrimp|spe|1
|move|p1a: Ferrothorn|Leech Seed|p2a: HanakoShrimp
|-start|p2a: HanakoShrimp|move: Leech Seed
|
|-heal|p1a: Ferrothorn|23/100|[from] item: Leftovers
|-damage|p2a: HanakoShrimp|88/100|[from] Leech Seed|[of] p1a: Ferrothorn
|-heal|p1a: Ferrothorn|35/100|[silent]
|upkeep
|turn|11
|c| DORAGON KUROWWW|its balance
|
|move|p2a: HanakoShrimp|Dragon Dance|p2a: HanakoShrimp
|-boost|p2a: HanakoShrimp|atk|1
|-boost|p2a: HanakoShrimp|spe|1
|move|p1a: Ferrothorn|Stealth Rock|p2a: HanakoShrimp
|-sidestart|p2: Soy Hot Pocket|move: Stealth Rock
|
|-heal|p1a: Ferrothorn|41/100|[from] item: Leftovers
|-damage|p2a: HanakoShrimp|76/100|[from] Leech Seed|[of] p1a: Ferrothorn
|-heal|p1a: Ferrothorn|53/100|[silent]
|upkeep
|turn|12
|
|move|p1a: Ferrothorn|Protect|p1a: Ferrothorn
|-singleturn|p1a: Ferrothorn|Protect
|move|p2a: HanakoShrimp|Earthquake|p1a: Ferrothorn
|-activate|p1a: Ferrothorn|move: Protect
|
|-heal|p1a: Ferrothorn|59/100|[from] item: Leftovers
|-damage|p2a: HanakoShrimp|63/100|[from] Leech Seed|[of] p1a: Ferrothorn
|-heal|p1a: Ferrothorn|71/100|[silent]
|upkeep
|turn|13
|c| DORAGON KUROWWW|the gay one
|c| DORAGON KUROWWW|but its balance
|c| elbibimos|rocks up she wins
|c| elbibimos|you got fiddled
|c| elbibimos|eq does 0 now
|
|move|p2a: HanakoShrimp|Earthquake|p1a: Ferrothorn
|-damage|p1a: Ferrothorn|34/100
|move|p1a: Ferrothorn|Gyro Ball|p2a: HanakoShrimp
|-resisted|p2a: HanakoShrimp
|-crit|p2a: HanakoShrimp
|-damage|p2a: HanakoShrimp|17/100
|
|-heal|p1a: Ferrothorn|41/100|[from] item: Leftovers
|-damage|p2a: HanakoShrimp|4/100|[from] Leech Seed|[of] p1a: Ferrothorn
|-heal|p1a: Ferrothorn|52/100|[silent]
|upkeep
|turn|14
|c| elbibimos|0
|c|☆Soy Hot Pocket|god I hate ferrothorn
|
|move|p1a: Ferrothorn|Protect|p1a: Ferrothorn
|-singleturn|p1a: Ferrothorn|Protect
|move|p2a: HanakoShrimp|Waterfall|p1a: Ferrothorn
|-activate|p1a: Ferrothorn|move: Protect
|
|-heal|p1a: Ferrothorn|58/100|[from] item: Leftovers
|-damage|p2a: HanakoShrimp|0 fnt|[from] Leech Seed|[of] p1a: Ferrothorn
|-heal|p1a: Ferrothorn|62/100|[silent]
|faint|p2a: HanakoShrimp
|upkeep
|c| DORAGON KUROWWW|/me fiddles FerZs ass
|c| elbibimos|>no dd for style
|
|switch|p2a: NO NOT THE PUPPER|Boltund, F|100/100
|-damage|p2a: NO NOT THE PUPPER|88/100|[from] Stealth Rock
|turn|15
|
|switch|p1a: Dragapult|Dragapult, M|8/100
|move|p2a: NO NOT THE PUPPER|Fire Fang|p1a: Dragapult
|-resisted|p1a: Dragapult
|-damage|p1a: Dragapult|0 fnt
|faint|p1a: Dragapult
|
|upkeep
|c| Y0shin|was balancemax a needed evil y/n
|c| blushyy⍣|n
|c| DORAGON KUROWWW|//
|c|☆Soy Hot Pocket|n
|
|switch|p1a: Excadrill|Excadrill, F|100/100
|turn|16
|
|switch|p2a: >physical|Avalugg, M|100/100
|move|p1a: Excadrill|Earthquake|p2a: >physical
|-damage|p2a: >physical|79/100
|
|upkeep
|turn|17
|c| blushyy⍣|cute damage
|c| Y0shin|its pretty funny when you dmax on cart and people dc instantly
|c| DORAGON KUROWWW|>made corvinight ten times worse
|c| elbibimos|eq the toxapex
|
|move|p1a: Excadrill|Iron Head|p2a: >physical
|-supereffective|p2a: >physical
|-damage|p2a: >physical|47/100
|move|p2a: >physical|Body Press|p1a: Excadrill
|-supereffective|p1a: Excadrill
|-enditem|p1a: Excadrill|Focus Sash
|-damage|p1a: Excadrill|1/100
|
|upkeep
|turn|18
|c| DORAGON KUROWWW|good thing its gone
|
|move|p1a: Excadrill|Iron Head|p2a: >physical
|-supereffective|p2a: >physical
|-damage|p2a: >physical|10/100
|move|p2a: >physical|Recover|p2a: >physical
|-heal|p2a: >physical|60/100
|
|upkeep
|turn|19
|
|move|p1a: Excadrill|Iron Head|p2a: >physical
|-supereffective|p2a: >physical
|-damage|p2a: >physical|24/100
|move|p2a: >physical|Recover|p2a: >physical
|-heal|p2a: >physical|74/100
|
|upkeep
|turn|20
|c| blushyy⍣|avalugg is based
|c| elbibimos|flinch here
|
|move|p1a: Excadrill|Iron Head|p2a: >physical
|-supereffective|p2a: >physical
|-damage|p2a: >physical|37/100
|move|p2a: >physical|Body Press|p1a: Excadrill
|-supereffective|p1a: Excadrill
|-damage|p1a: Excadrill|0 fnt
|faint|p1a: Excadrill
|
|upkeep
|j| Back2daBooper
|
|switch|p1a: Gardevoir|Gardevoir, F|100/100
|-ability|p1a: Gardevoir|Own Tempo|[from] ability: Trace|[of] p2a: >physical
|turn|21
|c| DORAGON KUROWWW|a table
|c| blushyy⍣|wtf my tempo
|c| blaspy|a mere table
|
|move|p1a: Gardevoir|Focus Blast|p2a: >physical
|-supereffective|p2a: >physical
|-damage|p2a: >physical|0 fnt
|faint|p2a: >physical
|
|upkeep
|c| blushyy⍣|a bit overkill
|
|switch|p2a: NO NOT THE PUPPER|Boltund, F|88/100
|-damage|p2a: NO NOT THE PUPPER|76/100|[from] Stealth Rock
|turn|22
|c| Y0shin|wtf hitting
|
|switch|p1a: Ferrothorn|Ferrothorn, M|62/100
|move|p2a: NO NOT THE PUPPER|Fire Fang|p1a: Ferrothorn
|-supereffective|p1a: Ferrothorn
|-damage|p1a: Ferrothorn|0 fnt
|-damage|p2a: NO NOT THE PUPPER|64/100|[from] ability: Iron Barbs|[of] p1a: Ferrothorn
|faint|p1a: Ferrothorn
|
|upkeep
|c| elbibimos|gg ez
|
|switch|p1a: Gardevoir|Gardevoir, F|100/100
|-ability|p1a: Gardevoir|Strong Jaw|[from] ability: Trace|[of] p2a: NO NOT THE PUPPER
|turn|23
|c| blushyy⍣|donk
|c| DORAGON KUROWWW|based pupperino
|c| blaspy|don't hurt the pupper
|c| nice smogon nerd|NOOOO NOT THE DURINO
|c| elbibimos|now all you gotta do
|c| DORAGON KUROWWW|DO NOT HARM MY PUPPERINO
|c| blushyy⍣|why tf does this dog not get ice fang
|c| elbibimos|is get rid of this furry
|c| blushyy⍣|it couldve been decent if it did
|c| nice smogon nerd|uh
|inactive|Soy Hot Pocket has 120 seconds left.
|c| nice smogon nerd|prs understandu
|c| Ignis+Trueblade|This dog is honestly one of the worst mons in the series
|
|switch|p2a: shoot my shot|Falinks|100/100
|-damage|p2a: shoot my shot|95/100|[from] Stealth Rock
|move|p1a: Gardevoir|Psyshock|p2a: shoot my shot
|-supereffective|p2a: shoot my shot
|-damage|p2a: shoot my shot|0 fnt
|faint|p2a: shoot my shot
|
|upkeep
|c| Y0shin|I wanna say "doubles" but I cant think of a good reason
|c| Zucchiking|haha imagine if gardevoir bit your benis
|c| blushyy⍣|yeah its awful
|
|switch|p2a: omgon ban|Heliolisk, M|82/100 tox
|-damage|p2a: omgon ban|70/100 tox|[from] Stealth Rock
|turn|24
|c| Ignis+Trueblade|Its design is so
|c| Zucchiking|with strong jaw
|c| DORAGON KUROWWW|nah reddit penguin exists
|c| Ignis+Trueblade|Ahhhh
|c| nice smogon nerd|i just wish it actually looked like a dog breed
|c| Ignis+Trueblade|Its movepool sucks
|c| nice smogon nerd|and not some sort of dog plush toy
|
|move|p2a: omgon ban|Thunderbolt|p1a: Gardevoir
|-damage|p1a: Gardevoir|32/100
|-status|p1a: Gardevoir|par
|move|p1a: Gardevoir|Psyshock|p2a: omgon ban
|-damage|p2a: omgon ban|0 fnt
|faint|p2a: omgon ban
|
|-heal|p1a: Gardevoir|38/100 par|[from] item: Leftovers
|upkeep
|c|☆Soy Hot Pocket|ok it's not scarf
|c| DORAGON KUROWWW|its bolt the disney dog
|
|switch|p2a: NO NOT THE PUPPER|Boltund, F|64/100
|-damage|p2a: NO NOT THE PUPPER|52/100|[from] Stealth Rock
|turn|25
|c|☆Soy Hot Pocket|good
|
|move|p2a: NO NOT THE PUPPER|Thunder Fang|p1a: Gardevoir
|-damage|p1a: Gardevoir|0 fnt
|faint|p1a: Gardevoir
|
|upkeep
|c| blushyy⍣|every pokemon thats just "my moms ___" is automatically bad
|
|switch|p1a: Toxapex|Toxapex, M|100/100
|turn|26
|
|move|p2a: NO NOT THE PUPPER|Thunder Fang|p1a: Toxapex
|-supereffective|p1a: Toxapex
|-damage|p1a: Toxapex|49/100
|move|p1a: Toxapex|Scald|p2a: NO NOT THE PUPPER
|-damage|p2a: NO NOT THE PUPPER|21/100
|
|-heal|p1a: Toxapex|55/100|[from] item: Black Sludge
|upkeep
|turn|27
|c| DORAGON KUROWWW|pupper sweep
|c| elbibimos|is this band
|c|☆Soy Hot Pocket|jesus
|c| blushyy⍣|can this pupper win??
|c| Y0shin|>still no cries for gen 8 mons
|c| Ignis+Trueblade|Pocket Monsters
|c| blaspy|kill pex here
|c|☆Soy Hot Pocket|fucking pex
|
|switch|p1a: Mandibuzz|Mandibuzz, F|100/100
|move|p2a: NO NOT THE PUPPER|Thunder Fang|p1a: Mandibuzz
|-supereffective|p1a: Mandibuzz
|-damage|p1a: Mandibuzz|32/100
|-status|p1a: Mandibuzz|par
|
|upkeep
|turn|28
|c| nice smogon nerd|c-crit here
|c| HanakoToast|CANT EVEN 2HKO
|c| Ignis+Trueblade|HAHA PEX
|c| Ignis+Trueblade|Nice
|c|☆Soy Hot Pocket|this is adamant
|c|☆Soy Hot Pocket|spoiler: scarf
|
|move|p2a: NO NOT THE PUPPER|Thunder Fang|p1a: Mandibuzz
|-supereffective|p1a: Mandibuzz
|-damage|p1a: Mandibuzz|0 fnt
|faint|p1a: Mandibuzz
|
|upkeep
|c| blushyy⍣|fast
|c| DORAGON KUROWWW|>scarf
|
|switch|p1a: Toxapex|Toxapex, M|88/100
|turn|29
|c| Ignis+Trueblade|>Scarf
|c| HanakoToast|adamant strong jaw
|c| nice smogon nerd|okay
|c| Zucchiking|el max defense urchin
|c| Ignis+Trueblade|It's already fast enough
|c| HanakoToast|>scarf
|c| nice smogon nerd|just paralyze here
|c| elbibimos|flunch
|c|☆Soy Hot Pocket|it's not
|c| Ignis+Trueblade|Just run CBT
|c|☆Soy Hot Pocket|this team gets fucking dabbed on by dragapult
|
|move|p2a: NO NOT THE PUPPER|Thunder Fang|p1a: Toxapex
|-supereffective|p1a: Toxapex
|-damage|p1a: Toxapex|31/100
|move|p1a: Toxapex|Scald|p2a: NO NOT THE PUPPER
|-damage|p2a: NO NOT THE PUPPER|0 fnt
|faint|p2a: NO NOT THE PUPPER
|
|win|FerZs
|c| DORAGON KUROWWW|you wont kill pult so why bother outspeeding it
|c|☆Soy Hot Pocket|>no flinch
|c| blushyy⍣|hacker
|raw|FerZs's rating: 1369 → 1386(+17 for winning)
|raw|Soy Hot Pocket's rating: 1321 → 1304(-17 for losing)
|c|☆Soy Hot Pocket|cringe
|c| elbibimos|>no flunch
|l| Y0shin
|c| elbibimos|low elo stall is cancer
|l| blushyy⍣
|c|☆Soy Hot Pocket|https://play.pokemonshowdown.com/battle-gen8ou-1039462616
|l| Zucchiking
|l|☆Soy Hot Pocket
|l| elbibimos
|l| DORAGON KUROWWW
|l| champ watcher
