|ScrapeTime|2020-01-01-05:15:58
|j|☆profafr
|j|☆gomi5556
|player|p1|profafr|dragontamer|1240
|player|p2|gomi5556|waitress|1242
|teamsize|p1|6
|teamsize|p2|6
|gametype|singles
|gen|8
|tier|[Gen 8] OU
|rated|
|rule|Sleep Clause Mod: Limit one foe put to sleep
|rule|Species Clause: Limit one of each Pokémon
|rule|OHKO Clause: OHKO moves are banned
|rule|Evasion Moves Clause: Evasion moves are banned
|rule|Endless Battle Clause: Forcing endless battles is banned
|rule|HP Percentage Mod: HP is shown in percentages
|clearpoke
|poke|p1|Gengar, M|
|poke|p1|Dracovish|
|poke|p1|Clefable, M|
|poke|p1|Bisharp, F|
|poke|p1|Ferrothorn, M|
|poke|p1|Dragapult, F|
|poke|p2|Hydreigon, M|
|poke|p2|Aegislash, F|
|poke|p2|Seismitoad, M|
|poke|p2|Mandibuzz, F|
|poke|p2|Dragapult, M|
|poke|p2|Crawdaunt, M|
|rule|Dynamax Clause: You cannot dynamax
|teampreview
|
|start
|switch|p1a: Dragapult|Dragapult, F|100/100
|switch|p2a: Mandibuzz|Mandibuzz, F|100/100
|turn|1
|
|move|p1a: Dragapult|Substitute|p1a: Dragapult
|-start|p1a: Dragapult|Substitute
|-damage|p1a: Dragapult|76/100
|move|p2a: Mandibuzz|Foul Play|p1a: Dragapult
|-supereffective|p1a: Dragapult
|-end|p1a: Dragapult|Substitute
|
|-heal|p1a: Dragapult|82/100|[from] item: Leftovers
|upkeep
|turn|2
|
|move|p1a: Dragapult|Substitute|p1a: Dragapult
|-start|p1a: Dragapult|Substitute
|-damage|p1a: Dragapult|57/100
|move|p2a: Mandibuzz|Foul Play|p1a: Dragapult
|-supereffective|p1a: Dragapult
|-end|p1a: Dragapult|Substitute
|
|-heal|p1a: Dragapult|63/100|[from] item: Leftovers
|upkeep
|turn|3
|
|move|p1a: Dragapult|Disable|p2a: Mandibuzz
|-start|p2a: Mandibuzz|Disable|Foul Play
|cant|p2a: Mandibuzz|Disable|Foul Play
|
|-heal|p1a: Dragapult|69/100|[from] item: Leftovers
|upkeep
|turn|4
|
|move|p1a: Dragapult|Substitute|p1a: Dragapult
|-start|p1a: Dragapult|Substitute
|-damage|p1a: Dragapult|44/100
|move|p2a: Mandibuzz|U-turn|p1a: Dragapult
|-resisted|p1a: Dragapult
|-activate|p1a: Dragapult|move: Substitute|[damage]
|
|switch|p2a: Dragapult|Dragapult, M|100/100|[from]move: U-turn
|
|-heal|p1a: Dragapult|50/100|[from] item: Leftovers
|upkeep
|turn|5
|
|move|p1a: Dragapult|Hex|p2a: Dragapult
|-supereffective|p2a: Dragapult
|-damage|p2a: Dragapult|34/100
|move|p2a: Dragapult|Draco Meteor|p1a: Dragapult
|-supereffective|p1a: Dragapult
|-damage|p1a: Dragapult|0 fnt
|-unboost|p2a: Dragapult|spa|2
|faint|p1a: Dragapult
|
|upkeep
|
|switch|p1a: Gengar|Gengar, M|100/100
|turn|6
|
|switch|p2a: Mandibuzz|Mandibuzz, F|100/100
|move|p1a: Gengar|Hypnosis|p2a: Mandibuzz|[miss]
|-miss|p1a: Gengar|p2a: Mandibuzz
|-enditem|p1a: Gengar|Blunder Policy
|-boost|p1a: Gengar|spe|2
|
|upkeep
|turn|7
|
|switch|p2a: Aegislash|Aegislash, F|100/100
|move|p1a: Gengar|Dazzling Gleam|p2a: Aegislash
|-resisted|p2a: Aegislash
|-damage|p2a: Aegislash|90/100
|
|upkeep
|turn|8
|
|move|p1a: Gengar|Shadow Ball|p2a: Aegislash
|-supereffective|p2a: Aegislash
|-crit|p2a: Aegislash
|-damage|p2a: Aegislash|0 fnt
|faint|p2a: Aegislash
|
|upkeep
|
|switch|p2a: Crawdaunt|Crawdaunt, M|100/100
|turn|9
|c|☆profafr|!dt crawdaunt
|raw|UU  Crawdaunt  Hyper CutterShell ArmorAdaptabilityHP63 Atk120 Def85 SpA90 SpD55 Spe55 BST468 
|raw|Dex#: 342 |&ThickSpaceGen: 3 |&ThickSpaceHeight: 1.1 m |&ThickSpaceWeight: 32.8 kg (60 BP) |&ThickSpaceDex Colour: Red |&ThickSpaceEgg Group(s): Water 1, Water 3 |&ThickSpaceDoes Not Evolve

|
|move|p2a: Crawdaunt|Aqua Jet|p1a: Gengar
|-damage|p1a: Gengar|15/100
|move|p1a: Gengar|Dazzling Gleam|p2a: Crawdaunt
|-supereffective|p2a: Crawdaunt
|-crit|p2a: Crawdaunt
|-damage|p2a: Crawdaunt|0 fnt
|faint|p2a: Crawdaunt
|
|upkeep
|
|switch|p2a: Seismitoad|Seismitoad, M|100/100
|turn|10
|
|move|p1a: Gengar|Hypnosis|p2a: Seismitoad
|-status|p2a: Seismitoad|slp|[from] move: Hypnosis
|cant|p2a: Seismitoad|slp
|
|upkeep
|turn|11
|
|move|p1a: Gengar|Nasty Plot|p1a: Gengar
|-boost|p1a: Gengar|spa|2
|cant|p2a: Seismitoad|slp
|
|upkeep
|turn|12
|
|move|p1a: Gengar|Shadow Ball|p2a: Seismitoad
|-damage|p2a: Seismitoad|16/100 slp
|cant|p2a: Seismitoad|slp
|
|-heal|p2a: Seismitoad|22/100 slp|[from] item: Leftovers
|upkeep
|turn|13
|
|move|p1a: Gengar|Shadow Ball|p2a: Seismitoad
|-damage|p2a: Seismitoad|0 fnt
|faint|p2a: Seismitoad
|
|upkeep
|
|switch|p2a: Mandibuzz|Mandibuzz, F|100/100
|turn|14
|
|move|p1a: Gengar|Dazzling Gleam|p2a: Mandibuzz
|-supereffective|p2a: Mandibuzz
|-crit|p2a: Mandibuzz
|-damage|p2a: Mandibuzz|0 fnt
|faint|p2a: Mandibuzz
|
|upkeep
|
|switch|p2a: Dragapult|Dragapult, M|34/100
|turn|15
|
|move|p1a: Gengar|Shadow Ball|p2a: Dragapult
|-supereffective|p2a: Dragapult
|-crit|p2a: Dragapult
|-damage|p2a: Dragapult|0 fnt
|faint|p2a: Dragapult
|
|upkeep
|
|switch|p2a: Hydreigon|Hydreigon, M|100/100
|turn|16
|
|move|p1a: Gengar|Dazzling Gleam|p2a: Hydreigon
|-supereffective|p2a: Hydreigon
|-damage|p2a: Hydreigon|0 fnt
|faint|p2a: Hydreigon
|
|win|profafr
|l|☆gomi5556
|raw|profafr's rating: 1240 → 1265(+25 for winning)
|raw|gomi5556's rating: 1242 → 1217(-25 for losing)
