|ScrapeTime|2020-01-02-13:55:08
|j|☆El Pipi 37
|j|☆Enculados
|player|p1|El Pipi 37|lucas|1343
|player|p2|Enculados|1|1283
|teamsize|p1|6
|teamsize|p2|6
|gametype|singles
|gen|8
|tier|[Gen 8] OU
|rated|
|rule|Sleep Clause Mod: Limit one foe put to sleep
|rule|Species Clause: Limit one of each Pokémon
|rule|OHKO Clause: OHKO moves are banned
|rule|Evasion Moves Clause: Evasion moves are banned
|rule|Endless Battle Clause: Forcing endless battles is banned
|rule|HP Percentage Mod: HP is shown in percentages
|clearpoke
|poke|p1|Bisharp, M|
|poke|p1|Conkeldurr, M|
|poke|p1|Dragapult, F|
|poke|p1|Salazzle, F|
|poke|p1|Clefable, F|
|poke|p1|Jellicent, F|
|poke|p2|Clefable, M|
|poke|p2|Corviknight, M|
|poke|p2|Toxapex, F|
|poke|p2|Corsola-Galar, M|
|poke|p2|Gastrodon, M|
|poke|p2|Dragapult, M|
|rule|Dynamax Clause: You cannot dynamax
|teampreview
|inactive|Battle timer is ON: inactive players will automatically lose when time's up. (requested by Enculados)
|
|start
|switch|p1a: Clefable|Clefable, F|100/100
|switch|p2a: Dragapult|Dragapult, M|100/100
|turn|1
|
|move|p2a: Dragapult|U-turn|p1a: Clefable
|-resisted|p1a: Clefable
|-damage|p1a: Clefable|91/100
|
|switch|p2a: Corviknight|Corviknight, M|100/100|[from]move: U-turn
|-ability|p2a: Corviknight|Pressure
|move|p1a: Clefable|Stealth Rock|p2a: Corviknight
|-sidestart|p2: Enculados|move: Stealth Rock
|
|upkeep
|turn|2
|
|move|p2a: Corviknight|Defog|p1a: Clefable
|-unboost|p1a: Clefable|evasion|1
|-sideend|p2: Enculados|Stealth Rock|[from] move: Defog|[of] p2a: Corviknight
|move|p1a: Clefable|Fire Blast|p2a: Corviknight
|-supereffective|p2a: Corviknight
|-damage|p2a: Corviknight|31/100
|
|-heal|p2a: Corviknight|37/100|[from] item: Leftovers
|upkeep
|turn|3
|inactive|Enculados has 120 seconds left.
|
|switch|p2a: Gastrodon|Gastrodon, M|100/100
|move|p1a: Clefable|Stealth Rock|p2a: Gastrodon
|-sidestart|p2: Enculados|move: Stealth Rock
|
|upkeep
|turn|4
|
|move|p1a: Clefable|Grass Knot|p2a: Gastrodon
|-supereffective|p2a: Gastrodon
|-damage|p2a: Gastrodon|36/100
|move|p2a: Gastrodon|Clear Smog|p1a: Clefable
|-supereffective|p1a: Clefable
|-crit|p1a: Clefable
|-damage|p1a: Clefable|62/100
|-clearboost|p1a: Clefable
|
|-heal|p2a: Gastrodon|42/100|[from] item: Leftovers
|upkeep
|turn|5
|
|switch|p2a: Corsola|Corsola-Galar, M|100/100
|-damage|p2a: Corsola|88/100|[from] Stealth Rock
|move|p1a: Clefable|Grass Knot|p2a: Corsola
|-crit|p2a: Corsola
|-damage|p2a: Corsola|83/100
|
|upkeep
|turn|6
|
|move|p1a: Clefable|Moonblast|p2a: Corsola
|-damage|p2a: Corsola|63/100
|-unboost|p2a: Corsola|spa|1
|move|p2a: Corsola|Night Shade|p1a: Clefable
|-damage|p1a: Clefable|37/100
|
|upkeep
|turn|7
|
|switch|p1a: Jellicent|Jellicent, F|100/100
|move|p2a: Corsola|Will-O-Wisp|p1a: Jellicent|[miss]
|-miss|p2a: Corsola|p1a: Jellicent
|
|upkeep
|turn|8
|
|move|p1a: Jellicent|Shadow Ball|p2a: Corsola
|-supereffective|p2a: Corsola
|-damage|p2a: Corsola|29/100
|-unboost|p2a: Corsola|spd|1
|move|p2a: Corsola|Strength Sap|p1a: Jellicent
|-unboost|p1a: Jellicent|atk|1
|-heal|p2a: Corsola|64/100
|
|upkeep
|turn|9
|inactive|Enculados has 120 seconds left.
|
|switch|p2a: Toxapex|Toxapex, F|100/100
|-damage|p2a: Toxapex|88/100|[from] Stealth Rock
|move|p1a: Jellicent|Shadow Ball|p2a: Toxapex
|-damage|p2a: Toxapex|60/100
|
|-heal|p2a: Toxapex|66/100|[from] item: Black Sludge
|upkeep
|turn|10
|inactive|Enculados has 120 seconds left.
|inactive|El Pipi 37 has 120 seconds left.
|
|switch|p1a: Salazzle|Salazzle, F|100/100
|move|p2a: Toxapex|Toxic|p1a: Salazzle
|-immune|p1a: Salazzle
|
|-heal|p2a: Toxapex|73/100|[from] item: Black Sludge
|upkeep
|turn|11
|inactive|El Pipi 37 has 120 seconds left.
|inactive|Enculados has 120 seconds left.
|
|switch|p2a: Clefable|Clefable, M|100/100
|move|p1a: Salazzle|Toxic|p2a: Clefable
|-status|p2a: Clefable|tox
|
|upkeep
|turn|12
|inactive|Enculados has 120 seconds left.
|inactive|El Pipi 37 has 90 seconds left.
|
|switch|p1a: Conkeldurr|Conkeldurr, M|100/100
|move|p2a: Clefable|Wish|p2a: Clefable
|
|-status|p1a: Conkeldurr|brn|[from] item: Flame Orb
|upkeep
|turn|13
|
|switch|p1a: Salazzle|Salazzle, F|100/100
|move|p2a: Clefable|Calm Mind|p2a: Clefable
|-boost|p2a: Clefable|spa|1
|-boost|p2a: Clefable|spd|1
|
|upkeep
|turn|14
|
|move|p1a: Salazzle|Sludge Wave|p2a: Clefable
|-supereffective|p2a: Clefable
|-damage|p2a: Clefable|43/100 tox
|move|p2a: Clefable|Calm Mind|p2a: Clefable
|-boost|p2a: Clefable|spa|1
|-boost|p2a: Clefable|spd|1
|
|-heal|p2a: Clefable|49/100 tox|[from] item: Leftovers
|upkeep
|turn|15
|inactive|El Pipi 37 has 90 seconds left.
|
|move|p1a: Salazzle|Sludge Wave|p2a: Clefable
|-supereffective|p2a: Clefable
|-damage|p2a: Clefable|6/100 tox
|move|p2a: Clefable|Moonblast|p1a: Salazzle
|-resisted|p1a: Salazzle
|-damage|p1a: Salazzle|73/100
|
|-heal|p2a: Clefable|12/100 tox|[from] item: Leftovers
|upkeep
|turn|16
|
|switch|p2a: Corviknight|Corviknight, M|37/100
|-damage|p2a: Corviknight|25/100|[from] Stealth Rock
|-ability|p2a: Corviknight|Pressure
|move|p1a: Salazzle|Sludge Wave|p2a: Corviknight
|-immune|p2a: Corviknight
|
|-heal|p2a: Corviknight|31/100|[from] item: Leftovers
|upkeep
|turn|17
|inactive|El Pipi 37 has 90 seconds left.
|
|switch|p1a: Conkeldurr|Conkeldurr, M|100/100 brn
|switch|p2a: Clefable|Clefable, M|12/100 tox
|
|-heal|p2a: Clefable|18/100 tox|[from] item: Leftovers
|-damage|p1a: Conkeldurr|94/100 brn|[from] brn
|upkeep
|turn|18
|
|move|p2a: Clefable|Wish|p2a: Clefable
|move|p1a: Conkeldurr|Earthquake|p2a: Clefable
|-damage|p2a: Clefable|0 fnt
|faint|p2a: Clefable
|
|-damage|p1a: Conkeldurr|88/100 brn|[from] brn
|upkeep
|
|switch|p2a: Gastrodon|Gastrodon, M|42/100
|-damage|p2a: Gastrodon|36/100|[from] Stealth Rock
|turn|19
|inactive|El Pipi 37 has 90 seconds left.
|-message|Enculados forfeited.
|
|win|El Pipi 37
|l|☆Enculados
|raw|El Pipi 37's rating: 1343 → 1360(+17 for winning)
|raw|Enculados's rating: 1283 → 1262(-21 for losing)
