|ScrapeTime|2020-01-02-04:56:33
|j|☆Mad Scrub
|j|☆SofiaHdzMeldendez
|player|p1|Mad Scrub|rosa|1441
|player|p2|SofiaHdzMeldendez|elesa|1416
|teamsize|p1|6
|teamsize|p2|6
|gametype|singles
|gen|8
|tier|[Gen 8] OU
|rated|
|rule|Sleep Clause Mod: Limit one foe put to sleep
|rule|Species Clause: Limit one of each Pokémon
|rule|OHKO Clause: OHKO moves are banned
|rule|Evasion Moves Clause: Evasion moves are banned
|rule|Endless Battle Clause: Forcing endless battles is banned
|rule|HP Percentage Mod: HP is shown in percentages
|clearpoke
|poke|p1|Seismitoad, M|
|poke|p1|Sylveon, M|
|poke|p1|Corviknight, M|
|poke|p1|Rotom-Heat|
|poke|p1|Dragapult, M|
|poke|p1|Dracovish|
|poke|p2|Bisharp, M|
|poke|p2|Conkeldurr, M|
|poke|p2|Centiskorch, M|
|poke|p2|Dragapult, M|
|poke|p2|Seismitoad, M|
|poke|p2|Mandibuzz, F|
|rule|Dynamax Clause: You cannot dynamax
|teampreview
|
|start
|switch|p1a: Seismitoad|Seismitoad, M|100/100
|switch|p2a: Centiskorch|Centiskorch, M|100/100
|turn|1
|
|move|p2a: Centiskorch|Power Whip|p1a: Seismitoad
|-supereffective|p1a: Seismitoad
|-damage|p1a: Seismitoad|0 fnt
|faint|p1a: Seismitoad
|
|upkeep
|
|switch|p1a: Dracovish|Dracovish|100/100
|turn|2
|
|switch|p2a: Seismitoad|Seismitoad, M|100/100
|move|p1a: Dracovish|Crunch|p2a: Seismitoad
|-damage|p2a: Seismitoad|63/100
|
|-heal|p2a: Seismitoad|69/100|[from] item: Leftovers
|upkeep
|turn|3
|
|switch|p1a: Dragapult|Dragapult, M|100/100
|move|p2a: Seismitoad|Scald|p1a: Dragapult
|-resisted|p1a: Dragapult
|-damage|p1a: Dragapult|83/100
|
|-heal|p2a: Seismitoad|75/100|[from] item: Leftovers
|upkeep
|turn|4
|
|switch|p2a: Mandibuzz|Mandibuzz, F|100/100
|move|p1a: Dragapult|Draco Meteor|p2a: Mandibuzz
|-damage|p2a: Mandibuzz|48/100
|-unboost|p1a: Dragapult|spa|2
|
|upkeep
|turn|5
|
|switch|p1a: Rotom|Rotom-Heat|100/100
|move|p2a: Mandibuzz|Roost|p2a: Mandibuzz
|-heal|p2a: Mandibuzz|98/100
|-singleturn|p2a: Mandibuzz|move: Roost
|
|upkeep
|turn|6
|
|switch|p2a: Seismitoad|Seismitoad, M|75/100
|move|p1a: Rotom|Thunder Wave|p2a: Seismitoad
|-immune|p2a: Seismitoad
|
|-heal|p2a: Seismitoad|81/100|[from] item: Leftovers
|upkeep
|turn|7
|
|switch|p1a: Dragapult|Dragapult, M|83/100
|move|p2a: Seismitoad|Toxic|p1a: Dragapult
|-status|p1a: Dragapult|tox
|
|-heal|p2a: Seismitoad|87/100|[from] item: Leftovers
|-damage|p1a: Dragapult|77/100 tox|[from] psn
|upkeep
|turn|8
|
|switch|p2a: Conkeldurr|Conkeldurr, M|100/100
|move|p1a: Dragapult|Thunderbolt|p2a: Conkeldurr
|-damage|p2a: Conkeldurr|57/100
|
|-damage|p1a: Dragapult|65/100 tox|[from] psn
|-status|p2a: Conkeldurr|brn|[from] item: Flame Orb
|upkeep
|turn|9
|
|switch|p1a: Corviknight|Corviknight, M|100/100
|-ability|p1a: Corviknight|Pressure
|switch|p2a: Seismitoad|Seismitoad, M|87/100
|
|-heal|p2a: Seismitoad|93/100|[from] item: Leftovers
|upkeep
|turn|10
|
|move|p2a: Seismitoad|Scald|p1a: Corviknight
|-crit|p1a: Corviknight
|-damage|p1a: Corviknight|66/100
|move|p1a: Corviknight|Brave Bird|p2a: Seismitoad
|-damage|p2a: Seismitoad|65/100
|-damage|p1a: Corviknight|56/100|[from] Recoil
|
|-heal|p2a: Seismitoad|71/100|[from] item: Leftovers
|-heal|p1a: Corviknight|62/100|[from] item: Leftovers
|upkeep
|turn|11
|
|move|p2a: Seismitoad|Scald|p1a: Corviknight
|-damage|p1a: Corviknight|39/100
|move|p1a: Corviknight|Brave Bird|p2a: Seismitoad
|-damage|p2a: Seismitoad|45/100
|-damage|p1a: Corviknight|30/100|[from] Recoil
|
|-heal|p2a: Seismitoad|51/100|[from] item: Leftovers
|-heal|p1a: Corviknight|36/100|[from] item: Leftovers
|upkeep
|turn|12
|
|move|p2a: Seismitoad|Scald|p1a: Corviknight
|-damage|p1a: Corviknight|13/100
|move|p1a: Corviknight|Roost|p1a: Corviknight
|-heal|p1a: Corviknight|63/100
|-singleturn|p1a: Corviknight|move: Roost
|
|-heal|p2a: Seismitoad|58/100|[from] item: Leftovers
|-heal|p1a: Corviknight|69/100|[from] item: Leftovers
|upkeep
|turn|13
|
|switch|p1a: Dragapult|Dragapult, M|65/100 tox
|move|p2a: Seismitoad|Scald|p1a: Dragapult
|-resisted|p1a: Dragapult
|-crit|p1a: Dragapult
|-damage|p1a: Dragapult|39/100 tox
|
|-heal|p2a: Seismitoad|64/100|[from] item: Leftovers
|-damage|p1a: Dragapult|33/100 tox|[from] psn
|upkeep
|turn|14
|
|switch|p2a: Mandibuzz|Mandibuzz, F|98/100
|move|p1a: Dragapult|Draco Meteor|p2a: Mandibuzz
|-crit|p2a: Mandibuzz
|-damage|p2a: Mandibuzz|28/100
|-unboost|p1a: Dragapult|spa|2
|
|-damage|p1a: Dragapult|21/100 tox|[from] psn
|upkeep
|turn|15
|
|switch|p1a: Rotom|Rotom-Heat|100/100
|move|p2a: Mandibuzz|Roost|p2a: Mandibuzz
|-heal|p2a: Mandibuzz|78/100
|-singleturn|p2a: Mandibuzz|move: Roost
|
|upkeep
|turn|16
|
|switch|p2a: Seismitoad|Seismitoad, M|64/100
|move|p1a: Rotom|Nasty Plot|p1a: Rotom
|-boost|p1a: Rotom|spa|2
|
|-heal|p2a: Seismitoad|70/100|[from] item: Leftovers
|upkeep
|turn|17
|
|move|p1a: Rotom|Overheat|p2a: Seismitoad
|-resisted|p2a: Seismitoad
|-damage|p2a: Seismitoad|21/100
|-unboost|p1a: Rotom|spa|2
|move|p2a: Seismitoad|Stealth Rock|p1a: Rotom
|-sidestart|p1: Mad Scrub|move: Stealth Rock
|
|-heal|p2a: Seismitoad|27/100|[from] item: Leftovers
|upkeep
|turn|18
|
|move|p1a: Rotom|Nasty Plot|p1a: Rotom
|-boost|p1a: Rotom|spa|2
|move|p2a: Seismitoad|Scald|p1a: Rotom
|-supereffective|p1a: Rotom
|-damage|p1a: Rotom|62/100
|
|-heal|p2a: Seismitoad|33/100|[from] item: Leftovers
|upkeep
|turn|19
|
|move|p1a: Rotom|Overheat|p2a: Seismitoad
|-resisted|p2a: Seismitoad
|-damage|p2a: Seismitoad|0 fnt
|-unboost|p1a: Rotom|spa|2
|faint|p2a: Seismitoad
|
|upkeep
|
|switch|p2a: Dragapult|Dragapult, M|100/100
|turn|20
|
|switch|p1a: Sylveon|Sylveon, M|100/100
|-damage|p1a: Sylveon|88/100|[from] Stealth Rock
|move|p2a: Dragapult|Shadow Ball|p1a: Sylveon
|-damage|p1a: Sylveon|60/100
|
|-heal|p1a: Sylveon|66/100|[from] item: Leftovers
|upkeep
|turn|21
|
|switch|p2a: Centiskorch|Centiskorch, M|100/100
|move|p1a: Sylveon|Wish|p1a: Sylveon
|
|-heal|p1a: Sylveon|73/100|[from] item: Leftovers
|upkeep
|turn|22
|
|switch|p1a: Dracovish|Dracovish|100/100
|-damage|p1a: Dracovish|88/100|[from] Stealth Rock
|move|p2a: Centiskorch|Fire Lash|p1a: Dracovish
|-resisted|p1a: Dracovish
|-damage|p1a: Dracovish|78/100
|-unboost|p1a: Dracovish|def|1
|
|-heal|p1a: Dracovish|100/100|[from] move: Wish|[wisher] Sylveon
|upkeep
|turn|23
|
|switch|p2a: Mandibuzz|Mandibuzz, F|78/100
|move|p1a: Dracovish|Fishious Rend|p2a: Mandibuzz
|-damage|p2a: Mandibuzz|0 fnt
|faint|p2a: Mandibuzz
|
|upkeep
|
|switch|p2a: Conkeldurr|Conkeldurr, M|57/100 brn
|turn|24
|
|move|p2a: Conkeldurr|Mach Punch|p1a: Dracovish
|-damage|p1a: Dracovish|39/100
|move|p1a: Dracovish|Fishious Rend|p2a: Conkeldurr
|-damage|p2a: Conkeldurr|0 fnt
|faint|p2a: Conkeldurr
|
|upkeep
|
|switch|p2a: Bisharp|Bisharp, M|100/100
|turn|25
|
|switch|p1a: Corviknight|Corviknight, M|69/100
|-damage|p1a: Corviknight|57/100|[from] Stealth Rock
|-ability|p1a: Corviknight|Pressure
|move|p2a: Bisharp|Throat Chop|p1a: Corviknight
|-damage|p1a: Corviknight|31/100
|-start|p1a: Corviknight|Throat Chop|[silent]
|
|-heal|p1a: Corviknight|37/100|[from] item: Leftovers
|upkeep
|turn|26
|
|move|p2a: Bisharp|Swords Dance|p2a: Bisharp
|-boost|p2a: Bisharp|atk|2
|move|p1a: Corviknight|Roost|p1a: Corviknight
|-heal|p1a: Corviknight|87/100
|-singleturn|p1a: Corviknight|move: Roost
|
|-heal|p1a: Corviknight|93/100|[from] item: Leftovers
|-end|p1a: Corviknight|Throat Chop|[silent]
|upkeep
|turn|27
|
|move|p2a: Bisharp|Throat Chop|p1a: Corviknight
|-damage|p1a: Corviknight|44/100
|-start|p1a: Corviknight|Throat Chop|[silent]
|move|p1a: Corviknight|Body Press|p2a: Bisharp
|-supereffective|p2a: Bisharp
|-enditem|p2a: Bisharp|Focus Sash
|-damage|p2a: Bisharp|1/100
|
|-heal|p1a: Corviknight|51/100|[from] item: Leftovers
|upkeep
|turn|28
|
|move|p2a: Bisharp|Throat Chop|p1a: Corviknight
|-damage|p1a: Corviknight|0 fnt
|faint|p1a: Corviknight
|
|upkeep
|
|switch|p1a: Rotom|Rotom-Heat|62/100
|turn|29
|
|move|p2a: Bisharp|Throat Chop|p1a: Rotom
|-damage|p1a: Rotom|0 fnt
|faint|p1a: Rotom
|
|upkeep
|
|switch|p1a: Sylveon|Sylveon, M|73/100
|-damage|p1a: Sylveon|60/100|[from] Stealth Rock
|turn|30
|
|move|p1a: Sylveon|Protect|p1a: Sylveon
|-singleturn|p1a: Sylveon|Protect
|move|p2a: Bisharp|Iron Head|p1a: Sylveon
|-activate|p1a: Sylveon|move: Protect
|
|-heal|p1a: Sylveon|66/100|[from] item: Leftovers
|upkeep
|turn|31
|
|move|p2a: Bisharp|Iron Head|p1a: Sylveon
|-supereffective|p1a: Sylveon
|-damage|p1a: Sylveon|0 fnt
|faint|p1a: Sylveon
|
|upkeep
|
|switch|p1a: Dragapult|Dragapult, M|21/100 tox
|-damage|p1a: Dragapult|9/100 tox|[from] Stealth Rock
|turn|32
|
|move|p2a: Bisharp|Sucker Punch|p1a: Dragapult
|-supereffective|p1a: Dragapult
|-damage|p1a: Dragapult|0 fnt
|faint|p1a: Dragapult
|
|upkeep
|c|☆Mad Scrub|gg
|-message|Mad Scrub forfeited.
|
|win|SofiaHdzMeldendez
|l|☆Mad Scrub
|c|☆SofiaHdzMeldendez|gg
|raw|Mad Scrub's rating: 1441 → 1418(-23 for losing)
|raw|SofiaHdzMeldendez's rating: 1392 → 1415(+23 for winning)
