|ScrapeTime|2020-01-01-14:34:36
|j|☆TioMate
|j|☆R͜͡ada✘ord♂️
|player|p1|TioMate|52|1024
|player|p2|R͜͡ada✘ord♂️|ryuki|1023
|teamsize|p1|6
|teamsize|p2|6
|gametype|singles
|gen|8
|tier|[Gen 8] OU
|rated|
|rule|Sleep Clause Mod: Limit one foe put to sleep
|rule|Species Clause: Limit one of each Pokémon
|rule|OHKO Clause: OHKO moves are banned
|rule|Evasion Moves Clause: Evasion moves are banned
|rule|Endless Battle Clause: Forcing endless battles is banned
|rule|HP Percentage Mod: HP is shown in percentages
|clearpoke
|poke|p1|Torkoal, F|
|poke|p1|Bellossom, M|
|poke|p1|Cherrim, M|
|poke|p1|Centiskorch, F|
|poke|p1|Ninetales, F|
|poke|p1|Arcanine, F|
|poke|p2|Centiskorch, M|
|poke|p2|Sandaconda, M|
|poke|p2|Shiftry, M|
|poke|p2|Sirfetch'd, M|
|poke|p2|Golisopod, M|
|poke|p2|Dracozolt|
|rule|Dynamax Clause: You cannot dynamax
|teampreview
|
|start
|switch|p1a: Torkoal|Torkoal, F|100/100
|switch|p2a: el samurai|Golisopod, M|100/100
|-weather|SunnyDay|[from] ability: Drought|[of] p1a: Torkoal
|turn|1
|
|move|p2a: el samurai|Liquidation|p1a: Torkoal
|-supereffective|p1a: Torkoal
|-damage|p1a: Torkoal|69/100
|-damage|p2a: el samurai|91/100|[from] item: Life Orb
|move|p1a: Torkoal|Stealth Rock|p2a: el samurai
|-sidestart|p2: R͜͡ada✘ord♂️|move: Stealth Rock
|
|-weather|SunnyDay|[upkeep]
|upkeep
|turn|2
|inactive|Battle timer is ON: inactive players will automatically lose when time's up. (requested by TioMate)
|
|move|p2a: el samurai|Liquidation|p1a: Torkoal
|-supereffective|p1a: Torkoal
|-damage|p1a: Torkoal|36/100
|-damage|p2a: el samurai|81/100|[from] item: Life Orb
|move|p1a: Torkoal|Yawn|p2a: el samurai
|-start|p2a: el samurai|move: Yawn|[of] p1a: Torkoal
|
|-weather|SunnyDay|[upkeep]
|upkeep
|turn|3
|
|switch|p1a: Sun|Bellossom, M|100/100
|move|p2a: el samurai|Liquidation|p1a: Sun
|-resisted|p1a: Sun
|-crit|p1a: Sun
|-damage|p1a: Sun|73/100
|-unboost|p1a: Sun|def|1
|-damage|p2a: el samurai|71/100|[from] item: Life Orb
|
|-weather|SunnyDay|[upkeep]
|-heal|p1a: Sun|79/100|[from] item: Leftovers
|-end|p2a: el samurai|move: Yawn|[silent]
|-status|p2a: el samurai|slp
|upkeep
|turn|4
|
|cant|p2a: el samurai|slp
|move|p1a: Sun|Quiver Dance|p1a: Sun
|-boost|p1a: Sun|spa|1
|-boost|p1a: Sun|spd|1
|-boost|p1a: Sun|spe|1
|
|-weather|SunnyDay|[upkeep]
|-heal|p1a: Sun|85/100|[from] item: Leftovers
|upkeep
|turn|5
|
|cant|p2a: el samurai|slp
|move|p1a: Sun|Quiver Dance|p1a: Sun
|-boost|p1a: Sun|spa|1
|-boost|p1a: Sun|spd|1
|-boost|p1a: Sun|spe|1
|
|-weather|SunnyDay|[upkeep]
|-heal|p1a: Sun|91/100|[from] item: Leftovers
|upkeep
|turn|6
|
|cant|p2a: el samurai|slp
|move|p1a: Sun|Giga Drain|p2a: el samurai
|-damage|p2a: el samurai|2/100 slp
|-heal|p1a: Sun|100/100|[from] drain|[of] p2a: el samurai
|-activate|p2a: el samurai|ability: Emergency Exit
|
|switch|p2a: mil pies|Centiskorch, M|100/100
|-damage|p2a: mil pies|51/100|[from] Stealth Rock
|
|-weather|SunnyDay|[upkeep]
|upkeep
|turn|7
|
|switch|p1a: Lampião de fogo|Centiskorch, F|100/100
|move|p2a: mil pies|Fire Lash|p1a: Lampião de fogo
|-start|p1a: Lampião de fogo|ability: Flash Fire
|
|-weather|SunnyDay|[upkeep]
|upkeep
|turn|8
|inactive|R͜͡ada✘ord♂️ has 120 seconds left.
|
|move|p1a: Lampião de fogo|Knock Off|p2a: mil pies
|-damage|p2a: mil pies|22/100
|-enditem|p2a: mil pies|Charcoal|[from] move: Knock Off|[of] p1a: Lampião de fogo
|move|p2a: mil pies|Knock Off|p1a: Lampião de fogo
|-damage|p1a: Lampião de fogo|61/100
|-enditem|p1a: Lampião de fogo|Heavy-Duty Boots|[from] move: Knock Off|[of] p2a: mil pies
|
|-weather|none
|upkeep
|turn|9
|inactive|R͜͡ada✘ord♂️ has 120 seconds left.
|
|move|p1a: Lampião de fogo|Knock Off|p2a: mil pies
|-crit|p2a: mil pies
|-damage|p2a: mil pies|0 fnt
|faint|p2a: mil pies
|
|upkeep
|inactive|R͜͡ada✘ord♂️ has 120 seconds left.
|
|switch|p2a: la constriptor|Sandaconda, M|100/100
|-damage|p2a: la constriptor|95/100|[from] Stealth Rock
|turn|10
|inactive|TioMate has 120 seconds left.
|
|-end|p1a: Lampião de fogo|ability: Flash Fire|[silent]
|switch|p1a: Torkoal|Torkoal, F|36/100
|-weather|SunnyDay|[from] ability: Drought|[of] p1a: Torkoal
|move|p2a: la constriptor|Earthquake|p1a: Torkoal
|-supereffective|p1a: Torkoal
|-damage|p1a: Torkoal|0 fnt
|-damage|p2a: la constriptor|85/100|[from] item: Life Orb
|faint|p1a: Torkoal
|
|-weather|SunnyDay|[upkeep]
|upkeep
|
|switch|p1a: Raposo|Ninetales, F|100/100
|turn|11
|inactive|R͜͡ada✘ord♂️ has 120 seconds left.
|
|move|p1a: Raposo|Solar Beam||[still]
|-prepare|p1a: Raposo|Solar Beam|p2a: la constriptor
|-anim|p1a: Raposo|Solar Beam|p2a: la constriptor
|-supereffective|p2a: la constriptor
|-damage|p2a: la constriptor|0 fnt
|faint|p2a: la constriptor
|
|-weather|SunnyDay|[upkeep]
|upkeep
|inactive|R͜͡ada✘ord♂️ has 120 seconds left.
|
|switch|p2a: el samurai|Golisopod, M|2/100 slp
|-damage|p2a: el samurai|0 fnt|[from] Stealth Rock
|faint|p2a: el samurai
|inactive|R͜͡ada✘ord♂️ has 120 seconds left.
|
|switch|p2a: mr.chispas|Dracozolt|100/100
|-damage|p2a: mr.chispas|88/100|[from] Stealth Rock
|turn|12
|
|move|p1a: Raposo|Solar Beam||[still]
|-prepare|p1a: Raposo|Solar Beam|p2a: mr.chispas
|-anim|p1a: Raposo|Solar Beam|p2a: mr.chispas
|-resisted|p2a: mr.chispas
|-crit|p2a: mr.chispas
|-damage|p2a: mr.chispas|49/100
|move|p2a: mr.chispas|Earthquake|p1a: Raposo
|-supereffective|p1a: Raposo
|-damage|p1a: Raposo|0 fnt
|faint|p1a: Raposo
|
|-weather|SunnyDay|[upkeep]
|upkeep
|inactive|TioMate has 120 seconds left.
|
|switch|p1a: Lampião de fogo|Centiskorch, F|61/100
|turn|13
|inactive|R͜͡ada✘ord♂️ has 120 seconds left.
|
|move|p2a: mr.chispas|Earthquake|p1a: Lampião de fogo|[miss]
|-miss|p2a: mr.chispas|p1a: Lampião de fogo
|-enditem|p2a: mr.chispas|Blunder Policy
|-boost|p2a: mr.chispas|spe|2
|move|p1a: Lampião de fogo|Knock Off|p2a: mr.chispas
|-damage|p2a: mr.chispas|33/100
|
|-weather|SunnyDay|[upkeep]
|upkeep
|turn|14
|
|move|p2a: mr.chispas|Earthquake|p1a: Lampião de fogo
|-damage|p1a: Lampião de fogo|5/100
|move|p1a: Lampião de fogo|Fire Lash|p2a: mr.chispas
|-resisted|p2a: mr.chispas
|-damage|p2a: mr.chispas|8/100
|-unboost|p2a: mr.chispas|def|1
|
|-weather|SunnyDay|[upkeep]
|upkeep
|turn|15
|
|move|p2a: mr.chispas|Bolt Beak|p1a: Lampião de fogo
|-damage|p1a: Lampião de fogo|0 fnt
|faint|p1a: Lampião de fogo
|
|-weather|SunnyDay|[upkeep]
|upkeep
|
|switch|p1a: Catioro|Arcanine, F|100/100
|turn|16
|
|move|p1a: Catioro|Extreme Speed|p2a: mr.chispas
|-damage|p2a: mr.chispas|0 fnt
|-damage|p1a: Catioro|91/100|[from] item: Life Orb
|faint|p2a: mr.chispas
|
|-weather|SunnyDay|[upkeep]
|upkeep
|
|switch|p2a: el caballeroso|Sirfetch'd, M|100/100
|-damage|p2a: el caballeroso|94/100|[from] Stealth Rock
|turn|17
|-message|R͜͡ada✘ord♂️ forfeited.
|
|win|TioMate
|l|☆R͜͡ada✘ord♂️
|raw|TioMate's rating: 1025 → 1061(+36 for winning)
|raw|R͜͡ada✘ord♂️'s rating: 1023 → 1009(-14 for losing)
