|ScrapeTime|2020-01-01-10:15:03
|j|☆uriah.urgelia1999
|j|☆monkeygeh
|player|p1|uriah.urgelia1999|265|1352
|player|p2|monkeygeh|skyla|1418
|teamsize|p1|6
|teamsize|p2|6
|gametype|singles
|gen|8
|tier|[Gen 8] OU
|rated|
|rule|Sleep Clause Mod: Limit one foe put to sleep
|rule|Species Clause: Limit one of each Pokémon
|rule|OHKO Clause: OHKO moves are banned
|rule|Evasion Moves Clause: Evasion moves are banned
|rule|Endless Battle Clause: Forcing endless battles is banned
|rule|HP Percentage Mod: HP is shown in percentages
|clearpoke
|poke|p1|Clefable, M|
|poke|p1|Sigilyph, M|
|poke|p1|Boltund, M|
|poke|p1|Dragapult, F|
|poke|p1|Gastrodon, M|
|poke|p1|Ferrothorn, M|
|poke|p2|Togekiss, M|
|poke|p2|Bisharp, M|
|poke|p2|Toxtricity, M|
|poke|p2|Dragapult, M|
|poke|p2|Excadrill, F|
|poke|p2|Seismitoad, F|
|rule|Dynamax Clause: You cannot dynamax
|teampreview
|
|start
|switch|p1a: Ferrothorn|Ferrothorn, M|100/100
|switch|p2a: Excadrill|Excadrill, F|100/100
|-ability|p2a: Excadrill|Mold Breaker
|turn|1
|
|move|p2a: Excadrill|Stealth Rock|p1a: Ferrothorn
|-sidestart|p1: uriah.urgelia1999|move: Stealth Rock
|move|p1a: Ferrothorn|Stealth Rock|p2a: Excadrill
|-sidestart|p2: monkeygeh|move: Stealth Rock
|
|upkeep
|turn|2
|
|move|p2a: Excadrill|Rapid Spin|p1a: Ferrothorn
|-resisted|p1a: Ferrothorn
|-damage|p1a: Ferrothorn|95/100
|-damage|p2a: Excadrill|88/100|[from] ability: Iron Barbs|[of] p1a: Ferrothorn
|-damage|p2a: Excadrill|71/100|[from] item: Rocky Helmet|[of] p1a: Ferrothorn
|-sideend|p2: monkeygeh|Stealth Rock|[from] move: Rapid Spin|[of] p2a: Excadrill
|-boost|p2a: Excadrill|spe|1
|move|p1a: Ferrothorn|Body Press|p2a: Excadrill
|-supereffective|p2a: Excadrill
|-damage|p2a: Excadrill|0 fnt
|faint|p2a: Excadrill
|
|upkeep
|
|switch|p2a: Togekiss|Togekiss, M|100/100
|turn|3
|
|switch|p1a: Boltund|Boltund, M|100/100
|move|p2a: Togekiss|Fire Blast|p1a: Boltund|[miss]
|-miss|p2a: Togekiss|p1a: Boltund
|
|upkeep
|turn|4
|
|switch|p2a: Seismitoad|Seismitoad, F|100/100
|move|p1a: Boltund|Nuzzle|p2a: Seismitoad
|-immune|p2a: Seismitoad
|
|upkeep
|turn|5
|
|switch|p1a: Sigilyph|Sigilyph, M|100/100
|switch|p2a: Togekiss|Togekiss, M|100/100
|
|upkeep
|turn|6
|
|move|p1a: Sigilyph|Ice Beam|p2a: Togekiss
|-supereffective|p2a: Togekiss
|-damage|p2a: Togekiss|30/100
|move|p2a: Togekiss|Air Slash|p1a: Sigilyph
|-damage|p1a: Sigilyph|19/100
|
|upkeep
|turn|7
|
|switch|p2a: Bisharp|Bisharp, M|100/100
|move|p1a: Sigilyph|Shadow Ball|p2a: Bisharp
|-resisted|p2a: Bisharp
|-damage|p2a: Bisharp|77/100
|-unboost|p2a: Bisharp|spd|1
|-ability|p2a: Bisharp|Defiant
|-boost|p2a: Bisharp|atk|2
|
|-heal|p2a: Bisharp|83/100|[from] item: Leftovers
|upkeep
|turn|8
|inactive|Battle timer is ON: inactive players will automatically lose when time's up. (requested by uriah.urgelia1999)
|
|switch|p1a: Ferrothorn|Ferrothorn, M|95/100
|-damage|p1a: Ferrothorn|89/100|[from] Stealth Rock
|move|p2a: Bisharp|Sucker Punch||[still]
|-fail|p2a: Bisharp
|
|-heal|p2a: Bisharp|89/100|[from] item: Leftovers
|upkeep
|turn|9
|
|move|p2a: Bisharp|Swords Dance|p2a: Bisharp
|-boost|p2a: Bisharp|atk|2
|move|p1a: Ferrothorn|Body Press|p2a: Bisharp
|-supereffective|p2a: Bisharp
|-damage|p2a: Bisharp|0 fnt
|faint|p2a: Bisharp
|
|upkeep
|
|switch|p2a: Togekiss|Togekiss, M|30/100
|turn|10
|
|switch|p1a: Gastrodon|Gastrodon, M|100/100
|-damage|p1a: Gastrodon|94/100|[from] Stealth Rock
|move|p2a: Togekiss|Fire Blast|p1a: Gastrodon
|-resisted|p1a: Gastrodon
|-damage|p1a: Gastrodon|78/100
|
|-heal|p1a: Gastrodon|84/100|[from] item: Leftovers
|upkeep
|turn|11
|
|switch|p2a: Seismitoad|Seismitoad, F|100/100
|move|p1a: Gastrodon|Clear Smog|p2a: Seismitoad
|-resisted|p2a: Seismitoad
|-damage|p2a: Seismitoad|95/100
|-clearboost|p2a: Seismitoad
|
|-heal|p2a: Seismitoad|100/100|[from] item: Leftovers
|-heal|p1a: Gastrodon|90/100|[from] item: Leftovers
|upkeep
|turn|12
|
|switch|p1a: Ferrothorn|Ferrothorn, M|89/100
|-damage|p1a: Ferrothorn|83/100|[from] Stealth Rock
|move|p2a: Seismitoad|Toxic|p1a: Ferrothorn
|-immune|p1a: Ferrothorn
|
|upkeep
|turn|13
|
|switch|p2a: Togekiss|Togekiss, M|30/100
|move|p1a: Ferrothorn|Stealth Rock|p2a: Togekiss
|-sidestart|p2: monkeygeh|move: Stealth Rock
|
|upkeep
|turn|14
|
|move|p2a: Togekiss|Aura Sphere|p1a: Ferrothorn
|-supereffective|p1a: Ferrothorn
|-damage|p1a: Ferrothorn|15/100
|move|p1a: Ferrothorn|Gyro Ball|p2a: Togekiss
|-supereffective|p2a: Togekiss
|-damage|p2a: Togekiss|0 fnt
|faint|p2a: Togekiss
|
|upkeep
|
|switch|p2a: Toxtricity|Toxtricity, M|100/100
|-damage|p2a: Toxtricity|88/100|[from] Stealth Rock
|turn|15
|
|move|p2a: Toxtricity|Boomburst|p1a: Ferrothorn
|-resisted|p1a: Ferrothorn
|-damage|p1a: Ferrothorn|0 fnt
|faint|p1a: Ferrothorn
|
|upkeep
|
|switch|p1a: Dragapult|Dragapult, F|100/100
|-damage|p1a: Dragapult|88/100|[from] Stealth Rock
|turn|16
|
|switch|p2a: Dragapult|Dragapult, M|100/100
|-damage|p2a: Dragapult|88/100|[from] Stealth Rock
|move|p1a: Dragapult|Dragon Darts|p2a: Dragapult
|-supereffective|p2a: Dragapult
|-damage|p2a: Dragapult|22/100
|-supereffective|p2a: Dragapult
|-damage|p2a: Dragapult|0 fnt
|-hitcount|p2a: Dragapult|2
|faint|p2a: Dragapult
|
|upkeep
|
|switch|p2a: Seismitoad|Seismitoad, F|100/100
|-damage|p2a: Seismitoad|94/100|[from] Stealth Rock
|turn|17
|
|switch|p1a: Clefable|Clefable, M|100/100
|move|p2a: Seismitoad|Toxic|p1a: Clefable
|-status|p1a: Clefable|tox
|
|-heal|p2a: Seismitoad|100/100|[from] item: Leftovers
|upkeep
|turn|18
|
|move|p2a: Seismitoad|Protect|p2a: Seismitoad
|-singleturn|p2a: Seismitoad|Protect
|move|p1a: Clefable|Moonblast|p2a: Seismitoad
|-activate|p2a: Seismitoad|move: Protect
|
|upkeep
|turn|19
|
|move|p2a: Seismitoad|Scald|p1a: Clefable
|-damage|p1a: Clefable|81/100 tox
|move|p1a: Clefable|Wish|p1a: Clefable
|
|upkeep
|turn|20
|
|switch|p2a: Toxtricity|Toxtricity, M|88/100
|-damage|p2a: Toxtricity|76/100|[from] Stealth Rock
|switch|p1a: Sigilyph|Sigilyph, M|19/100
|
|-heal|p1a: Sigilyph|85/100|[from] move: Wish|[wisher] Clefable
|upkeep
|turn|21
|
|move|p2a: Toxtricity|Boomburst|p1a: Sigilyph
|-damage|p1a: Sigilyph|0 fnt
|faint|p1a: Sigilyph
|
|upkeep
|
|switch|p1a: Dragapult|Dragapult, F|88/100
|-damage|p1a: Dragapult|76/100|[from] Stealth Rock
|turn|22
|
|switch|p2a: Seismitoad|Seismitoad, F|100/100
|-damage|p2a: Seismitoad|94/100|[from] Stealth Rock
|move|p1a: Dragapult|Dragon Darts|p2a: Seismitoad
|-damage|p2a: Seismitoad|77/100
|-damage|p2a: Seismitoad|60/100
|-hitcount|p2a: Seismitoad|2
|
|-heal|p2a: Seismitoad|66/100|[from] item: Leftovers
|upkeep
|turn|23
|
|switch|p1a: Clefable|Clefable, M|81/100 tox
|switch|p2a: Toxtricity|Toxtricity, M|76/100
|-damage|p2a: Toxtricity|63/100|[from] Stealth Rock
|
|upkeep
|turn|24
|
|switch|p1a: Gastrodon|Gastrodon, M|90/100
|-damage|p1a: Gastrodon|84/100|[from] Stealth Rock
|move|p2a: Toxtricity|Sludge Wave|p1a: Gastrodon
|-resisted|p1a: Gastrodon
|-damage|p1a: Gastrodon|70/100
|
|-heal|p1a: Gastrodon|76/100|[from] item: Leftovers
|upkeep
|turn|25
|
|switch|p2a: Seismitoad|Seismitoad, F|66/100
|-damage|p2a: Seismitoad|60/100|[from] Stealth Rock
|move|p1a: Gastrodon|Earth Power|p2a: Seismitoad
|-damage|p2a: Seismitoad|31/100
|
|-heal|p2a: Seismitoad|37/100|[from] item: Leftovers
|-heal|p1a: Gastrodon|82/100|[from] item: Leftovers
|upkeep
|turn|26
|
|move|p2a: Seismitoad|Power Whip|p1a: Gastrodon
|-supereffective|p1a: Gastrodon
|-damage|p1a: Gastrodon|0 fnt
|faint|p1a: Gastrodon
|
|-heal|p2a: Seismitoad|43/100|[from] item: Leftovers
|upkeep
|c|☆uriah.urgelia1999|lmao
|c|☆monkeygeh|oof
|c|☆uriah.urgelia1999|literally
|c|☆uriah.urgelia1999|EVERYTHING
|c|☆uriah.urgelia1999|gets that move this gen
|
|switch|p1a: Clefable|Clefable, M|81/100 tox
|turn|27
|c|☆monkeygeh|the toad
|
|switch|p2a: Toxtricity|Toxtricity, M|63/100
|-damage|p2a: Toxtricity|51/100|[from] Stealth Rock
|move|p1a: Clefable|Moonblast|p2a: Toxtricity
|-resisted|p2a: Toxtricity
|-damage|p2a: Toxtricity|8/100
|
|upkeep
|turn|28
|
|switch|p1a: Boltund|Boltund, M|100/100
|move|p2a: Toxtricity|Sludge Wave|p1a: Boltund
|-damage|p1a: Boltund|24/100
|
|upkeep
|turn|29
|
|move|p2a: Toxtricity|Sludge Wave|p1a: Boltund
|-damage|p1a: Boltund|0 fnt
|faint|p1a: Boltund
|
|upkeep
|
|switch|p1a: Dragapult|Dragapult, F|76/100
|-damage|p1a: Dragapult|64/100|[from] Stealth Rock
|turn|30
|
|move|p1a: Dragapult|Dragon Darts|p2a: Toxtricity
|-damage|p2a: Toxtricity|0 fnt
|-hitcount|p2a: Toxtricity|1
|faint|p2a: Toxtricity
|
|upkeep
|
|switch|p2a: Seismitoad|Seismitoad, F|43/100
|-damage|p2a: Seismitoad|37/100|[from] Stealth Rock
|turn|31
|
|move|p2a: Seismitoad|Protect|p2a: Seismitoad
|-singleturn|p2a: Seismitoad|Protect
|move|p1a: Dragapult|Dragon Darts|p2a: Seismitoad
|-activate|p2a: Seismitoad|move: Protect
|
|-heal|p2a: Seismitoad|43/100|[from] item: Leftovers
|upkeep
|turn|32
|
|move|p1a: Dragapult|Dragon Darts|p2a: Seismitoad
|-damage|p2a: Seismitoad|24/100
|-damage|p2a: Seismitoad|8/100
|-hitcount|p2a: Seismitoad|2
|move|p2a: Seismitoad|Scald|p1a: Dragapult
|-resisted|p1a: Dragapult
|-damage|p1a: Dragapult|50/100
|-status|p1a: Dragapult|brn
|
|-heal|p2a: Seismitoad|14/100|[from] item: Leftovers
|-damage|p1a: Dragapult|44/100 brn|[from] brn
|upkeep
|turn|33
|
|switch|p1a: Clefable|Clefable, M|81/100 tox
|move|p2a: Seismitoad|Protect||[still]
|-fail|p2a: Seismitoad
|
|-heal|p2a: Seismitoad|20/100|[from] item: Leftovers
|upkeep
|turn|34
|
|move|p2a: Seismitoad|Protect|p2a: Seismitoad
|-singleturn|p2a: Seismitoad|Protect
|move|p1a: Clefable|Moonblast|p2a: Seismitoad
|-activate|p2a: Seismitoad|move: Protect
|
|-heal|p2a: Seismitoad|26/100|[from] item: Leftovers
|upkeep
|turn|35
|
|move|p2a: Seismitoad|Protect||[still]
|-fail|p2a: Seismitoad
|move|p1a: Clefable|Moonblast|p2a: Seismitoad
|-damage|p2a: Seismitoad|0 fnt
|faint|p2a: Seismitoad
|
|win|uriah.urgelia1999
|raw|uriah.urgelia1999's rating: 1352 → 1376(+24 for winning)
|raw|monkeygeh's rating: 1418 → 1394(-24 for losing)
|l|☆monkeygeh
