|ScrapeTime|2020-01-01-09:25:36
|j|☆aimoqiujiao
|j|☆Gurtbilbo
|player|p1|aimoqiujiao|285|1181
|player|p2|Gurtbilbo|110|1214
|teamsize|p1|6
|teamsize|p2|6
|gametype|singles
|gen|8
|tier|[Gen 8] OU
|rated|
|rule|Sleep Clause Mod: Limit one foe put to sleep
|rule|Species Clause: Limit one of each Pokémon
|rule|OHKO Clause: OHKO moves are banned
|rule|Evasion Moves Clause: Evasion moves are banned
|rule|Endless Battle Clause: Forcing endless battles is banned
|rule|HP Percentage Mod: HP is shown in percentages
|clearpoke
|poke|p1|Bisharp, F|
|poke|p1|Dracovish|
|poke|p1|Togekiss, F|
|poke|p1|Barraskewda, M|
|poke|p1|Pelipper, F|
|poke|p1|Mamoswine, F|
|poke|p2|Grimmsnarl, M|
|poke|p2|Toxapex, M|
|poke|p2|Cinderace, M|
|poke|p2|Rillaboom, F|
|poke|p2|Hippowdon, M|
|poke|p2|Rotom-Wash|
|rule|Dynamax Clause: You cannot dynamax
|teampreview
|inactive|Battle timer is ON: inactive players will automatically lose when time's up. (requested by aimoqiujiao)
|
|start
|switch|p1a: Mamoswine|Mamoswine, F|100/100
|switch|p2a: Toxapex|Toxapex, M|100/100
|turn|1
|
|move|p1a: Mamoswine|Earthquake|p2a: Toxapex
|-supereffective|p2a: Toxapex
|-damage|p2a: Toxapex|39/100
|move|p2a: Toxapex|Toxic Spikes|p1a: Mamoswine
|-sidestart|p1: aimoqiujiao|move: Toxic Spikes
|
|-heal|p2a: Toxapex|45/100|[from] item: Black Sludge
|upkeep
|turn|2
|
|switch|p2a: Rotom|Rotom-Wash|100/100
|move|p1a: Mamoswine|Freeze-Dry|p2a: Rotom
|-supereffective|p2a: Rotom
|-damage|p2a: Rotom|55/100
|
|upkeep
|turn|3
|
|move|p2a: Rotom|Hydro Pump|p1a: Mamoswine
|-supereffective|p1a: Mamoswine
|-enditem|p1a: Mamoswine|Focus Sash
|-damage|p1a: Mamoswine|1/100
|move|p1a: Mamoswine|Stealth Rock|p2a: Rotom
|-sidestart|p2: Gurtbilbo|move: Stealth Rock
|
|upkeep
|turn|4
|
|move|p2a: Rotom|Hydro Pump|p1a: Mamoswine
|-supereffective|p1a: Mamoswine
|-damage|p1a: Mamoswine|0 fnt
|faint|p1a: Mamoswine
|
|upkeep
|
|switch|p1a: Bisharp|Bisharp, F|100/100
|turn|5
|
|switch|p2a: Toxapex|Toxapex, M|78/100
|-damage|p2a: Toxapex|66/100|[from] Stealth Rock
|move|p1a: Bisharp|Throat Chop|p2a: Toxapex
|-damage|p2a: Toxapex|41/100
|-start|p2a: Toxapex|Throat Chop|[silent]
|
|-heal|p2a: Toxapex|47/100|[from] item: Black Sludge
|upkeep
|turn|6
|
|switch|p1a: Pelipper|Pelipper, F|100/100
|-weather|RainDance|[from] ability: Drizzle|[of] p1a: Pelipper
|move|p2a: Toxapex|Recover|p2a: Toxapex
|-heal|p2a: Toxapex|97/100
|
|-weather|RainDance|[upkeep]
|-heal|p2a: Toxapex|100/100|[from] item: Black Sludge
|-end|p2a: Toxapex|Throat Chop|[silent]
|upkeep
|turn|7
|
|move|p1a: Pelipper|U-turn|p2a: Toxapex
|-resisted|p2a: Toxapex
|-damage|p2a: Toxapex|98/100
|
|switch|p1a: Togekiss|Togekiss, F|100/100|[from]move: U-turn
|move|p2a: Toxapex|Toxic Spikes|p1a: Togekiss
|-sidestart|p1: aimoqiujiao|move: Toxic Spikes
|
|-weather|RainDance|[upkeep]
|-heal|p2a: Toxapex|100/100|[from] item: Black Sludge
|upkeep
|turn|8
|
|move|p1a: Togekiss|Thunder Wave|p2a: Toxapex
|-status|p2a: Toxapex|par
|move|p2a: Toxapex|Haze|p2a: Toxapex
|-clearallboost
|
|-weather|RainDance|[upkeep]
|upkeep
|turn|9
|
|switch|p2a: Rotom|Rotom-Wash|55/100
|-damage|p2a: Rotom|42/100|[from] Stealth Rock
|move|p1a: Togekiss|Ancient Power|p2a: Rotom
|-damage|p2a: Rotom|18/100
|-boost|p1a: Togekiss|atk|1
|-boost|p1a: Togekiss|def|1
|-boost|p1a: Togekiss|spa|1
|-boost|p1a: Togekiss|spd|1
|-boost|p1a: Togekiss|spe|1
|
|-weather|RainDance|[upkeep]
|upkeep
|turn|10
|
|move|p1a: Togekiss|Ancient Power|p2a: Rotom
|-damage|p2a: Rotom|0 fnt
|faint|p2a: Rotom
|
|-weather|RainDance|[upkeep]
|upkeep
|
|switch|p2a: Toxapex|Toxapex, M|100/100 par
|-damage|p2a: Toxapex|88/100 par|[from] Stealth Rock
|turn|11
|
|move|p1a: Togekiss|Air Slash|p2a: Toxapex
|-damage|p2a: Toxapex|43/100 par
|cant|p2a: Toxapex|par
|
|-weather|RainDance|[upkeep]
|-heal|p2a: Toxapex|50/100 par|[from] item: Black Sludge
|upkeep
|turn|12
|
|move|p1a: Togekiss|Air Slash|p2a: Toxapex
|-damage|p2a: Toxapex|5/100 par
|move|p2a: Toxapex|Recover|p2a: Toxapex
|-heal|p2a: Toxapex|55/100 par
|
|-weather|RainDance|[upkeep]
|-heal|p2a: Toxapex|61/100 par|[from] item: Black Sludge
|upkeep
|turn|13
|
|move|p1a: Togekiss|Air Slash|p2a: Toxapex
|-damage|p2a: Toxapex|19/100 par
|cant|p2a: Toxapex|flinch
|
|-weather|none
|-heal|p2a: Toxapex|25/100 par|[from] item: Black Sludge
|upkeep
|turn|14
|
|switch|p2a: Hippowdon|Hippowdon, M|100/100
|-damage|p2a: Hippowdon|94/100|[from] Stealth Rock
|-weather|Sandstorm|[from] ability: Sand Stream|[of] p2a: Hippowdon
|move|p1a: Togekiss|Ancient Power|p2a: Hippowdon
|-resisted|p2a: Hippowdon
|-damage|p2a: Hippowdon|80/100
|
|-weather|Sandstorm|[upkeep]
|-damage|p1a: Togekiss|94/100|[from] Sandstorm
|-heal|p1a: Togekiss|100/100|[from] item: Leftovers
|-heal|p2a: Hippowdon|86/100|[from] item: Leftovers
|upkeep
|turn|15
|
|move|p1a: Togekiss|Air Slash|p2a: Hippowdon
|-damage|p2a: Hippowdon|30/100
|cant|p2a: Hippowdon|flinch
|
|-weather|Sandstorm|[upkeep]
|-damage|p1a: Togekiss|94/100|[from] Sandstorm
|-heal|p1a: Togekiss|100/100|[from] item: Leftovers
|-heal|p2a: Hippowdon|36/100|[from] item: Leftovers
|upkeep
|turn|16
|
|move|p1a: Togekiss|Air Slash|p2a: Hippowdon
|-damage|p2a: Hippowdon|0 fnt
|faint|p2a: Hippowdon
|
|-weather|Sandstorm|[upkeep]
|-damage|p1a: Togekiss|94/100|[from] Sandstorm
|-heal|p1a: Togekiss|100/100|[from] item: Leftovers
|upkeep
|
|switch|p2a: Cinderace|Cinderace, M|100/100
|turn|17
|
|move|p1a: Togekiss|Ancient Power|p2a: Cinderace
|-supereffective|p2a: Cinderace
|-damage|p2a: Cinderace|20/100
|move|p2a: Cinderace|Pyro Ball|p1a: Togekiss
|-damage|p1a: Togekiss|36/100
|
|-weather|Sandstorm|[upkeep]
|-damage|p1a: Togekiss|29/100|[from] Sandstorm
|-damage|p2a: Cinderace|14/100|[from] Sandstorm
|-heal|p1a: Togekiss|36/100|[from] item: Leftovers
|upkeep
|turn|18
|
|move|p1a: Togekiss|Ancient Power|p2a: Cinderace
|-supereffective|p2a: Cinderace
|-crit|p2a: Cinderace
|-damage|p2a: Cinderace|0 fnt
|faint|p2a: Cinderace
|
|-weather|none
|-heal|p1a: Togekiss|42/100|[from] item: Leftovers
|upkeep
|
|switch|p2a: Rillaboom|Rillaboom, F|100/100
|-damage|p2a: Rillaboom|88/100|[from] Stealth Rock
|turn|19
|
|move|p1a: Togekiss|Air Slash|p2a: Rillaboom
|-supereffective|p2a: Rillaboom
|-damage|p2a: Rillaboom|0 fnt
|faint|p2a: Rillaboom
|
|-heal|p1a: Togekiss|48/100|[from] item: Leftovers
|upkeep
|
|switch|p2a: Grimmsnarl|Grimmsnarl, M|100/100
|-damage|p2a: Grimmsnarl|88/100|[from] Stealth Rock
|turn|20
|
|move|p2a: Grimmsnarl|Thunder Wave|p1a: Togekiss
|-status|p1a: Togekiss|par
|move|p1a: Togekiss|Air Slash|p2a: Grimmsnarl
|-damage|p2a: Grimmsnarl|30/100
|
|-heal|p1a: Togekiss|54/100 par|[from] item: Leftovers
|upkeep
|turn|21
|
|move|p1a: Togekiss|Air Slash|p2a: Grimmsnarl
|-damage|p2a: Grimmsnarl|0 fnt
|faint|p2a: Grimmsnarl
|
|-heal|p1a: Togekiss|60/100 par|[from] item: Leftovers
|upkeep
|-message|Gurtbilbo forfeited.
|
|win|aimoqiujiao
|l|☆Gurtbilbo
|raw|aimoqiujiao's rating: 1181 → 1209(+28 for winning)
|raw|Gurtbilbo's rating: 1215 → 1188(-27 for losing)
