|ScrapeTime|2020-01-01-19:38:27
|j|☆GEN 8 JESUS
|j|☆Vukalo
|player|p1|GEN 8 JESUS|baker|1794
|player|p2|Vukalo|clair|1584
|teamsize|p1|6
|teamsize|p2|6
|gametype|singles
|gen|8
|tier|[Gen 8] OU
|rated|
|rule|Sleep Clause Mod: Limit one foe put to sleep
|rule|Species Clause: Limit one of each Pokémon
|rule|OHKO Clause: OHKO moves are banned
|rule|Evasion Moves Clause: Evasion moves are banned
|rule|Endless Battle Clause: Forcing endless battles is banned
|rule|HP Percentage Mod: HP is shown in percentages
|clearpoke
|poke|p1|Rotom-Mow|
|poke|p1|Sylveon, M|
|poke|p1|Hippowdon, F|
|poke|p1|Excadrill, M|
|poke|p1|Toxapex, M|
|poke|p1|Kommo-o, F|
|poke|p2|Toxtricity, F|
|poke|p2|Corviknight, F|
|poke|p2|Dragapult, M|
|poke|p2|Grimmsnarl, M|
|poke|p2|Crawdaunt, M|
|poke|p2|Excadrill, M|
|rule|Dynamax Clause: You cannot dynamax
|teampreview
|j| MilkTeass
|inactive|Battle timer is ON: inactive players will automatically lose when time's up. (requested by Vukalo)
|
|start
|switch|p1a: Hippowdon|Hippowdon, F|100/100
|switch|p2a: Crawdaunt|Crawdaunt, M|100/100
|-weather|Sandstorm|[from] ability: Sand Stream|[of] p1a: Hippowdon
|turn|1
|
|switch|p1a: Toxapex|Toxapex, M|100/100
|move|p2a: Crawdaunt|Swords Dance|p2a: Crawdaunt
|-boost|p2a: Crawdaunt|atk|2
|
|-weather|Sandstorm|[upkeep]
|-damage|p2a: Crawdaunt|95/100|[from] Sandstorm
|-damage|p1a: Toxapex|94/100|[from] Sandstorm
|-heal|p1a: Toxapex|100/100|[from] item: Black Sludge
|upkeep
|turn|2
|
|move|p1a: Toxapex|Baneful Bunker|p1a: Toxapex
|-singleturn|p1a: Toxapex|move: Protect
|move|p2a: Crawdaunt|Knock Off|p1a: Toxapex
|-activate|p1a: Toxapex|move: Protect
|-status|p2a: Crawdaunt|psn
|
|-weather|Sandstorm|[upkeep]
|-damage|p2a: Crawdaunt|89/100 psn|[from] Sandstorm
|-damage|p1a: Toxapex|94/100|[from] Sandstorm
|-heal|p1a: Toxapex|100/100|[from] item: Black Sludge
|-damage|p2a: Crawdaunt|76/100 psn|[from] psn
|upkeep
|turn|3
|
|switch|p1a: Sylveon|Sylveon, M|100/100
|move|p2a: Crawdaunt|Knock Off|p1a: Sylveon
|-resisted|p1a: Sylveon
|-damage|p1a: Sylveon|0 fnt
|-enditem|p1a: Sylveon|Leftovers|[from] move: Knock Off|[of] p2a: Crawdaunt
|-damage|p2a: Crawdaunt|67/100 psn|[from] item: Life Orb
|faint|p1a: Sylveon
|
|-weather|Sandstorm|[upkeep]
|-damage|p2a: Crawdaunt|61/100 psn|[from] Sandstorm
|-damage|p2a: Crawdaunt|48/100 psn|[from] psn
|upkeep
|
|switch|p1a: Rotom|Rotom-Mow|100/100
|turn|4
|j| Sparkesques
|j| Baryl Joestar
|
|switch|p1a: Toxapex|Toxapex, M|100/100
|move|p2a: Crawdaunt|Aqua Jet|p1a: Toxapex
|-resisted|p1a: Toxapex
|-damage|p1a: Toxapex|79/100
|-damage|p2a: Crawdaunt|39/100 psn|[from] item: Life Orb
|
|-weather|Sandstorm|[upkeep]
|-damage|p2a: Crawdaunt|33/100 psn|[from] Sandstorm
|-damage|p1a: Toxapex|73/100|[from] Sandstorm
|-heal|p1a: Toxapex|79/100|[from] item: Black Sludge
|-damage|p2a: Crawdaunt|20/100 psn|[from] psn
|upkeep
|turn|5
|
|move|p1a: Toxapex|Baneful Bunker|p1a: Toxapex
|-singleturn|p1a: Toxapex|move: Protect
|move|p2a: Crawdaunt|Knock Off|p1a: Toxapex
|-activate|p1a: Toxapex|move: Protect
|
|-weather|Sandstorm|[upkeep]
|-damage|p2a: Crawdaunt|14/100 psn|[from] Sandstorm
|-damage|p1a: Toxapex|73/100|[from] Sandstorm
|-heal|p1a: Toxapex|79/100|[from] item: Black Sludge
|-damage|p2a: Crawdaunt|2/100 psn|[from] psn
|upkeep
|turn|6
|c|☆GEN 8 JESUS|i kinda did the math wrong
|c|☆GEN 8 JESUS|and thought it would be dead
|c|☆GEN 8 JESUS|this was a poor decision
|
|move|p1a: Toxapex|Baneful Bunker||[still]
|-fail|p1a: Toxapex
|move|p2a: Crawdaunt|Knock Off|p1a: Toxapex
|-damage|p1a: Toxapex|0 fnt
|-enditem|p1a: Toxapex|Black Sludge|[from] move: Knock Off|[of] p2a: Crawdaunt
|-damage|p2a: Crawdaunt|0 fnt|[from] item: Life Orb
|faint|p1a: Toxapex
|faint|p2a: Crawdaunt
|
|-weather|Sandstorm|[upkeep]
|upkeep
|
|switch|p2a: Excadrill|Excadrill, M|100/100
|switch|p1a: Hippowdon|Hippowdon, F|100/100
|-ability|p2a: Excadrill|Mold Breaker
|turn|7
|
|switch|p2a: Corviknight|Corviknight, F|100/100
|-ability|p2a: Corviknight|Pressure
|move|p1a: Hippowdon|Earthquake|p2a: Corviknight
|-immune|p2a: Corviknight
|
|-weather|Sandstorm|[upkeep]
|upkeep
|turn|8
|j| ConnorTeamTest
|
|move|p2a: Corviknight|Bulk Up|p2a: Corviknight
|-boost|p2a: Corviknight|atk|1
|-boost|p2a: Corviknight|def|1
|move|p1a: Hippowdon|Stealth Rock|p2a: Corviknight
|-sidestart|p2: Vukalo|move: Stealth Rock
|
|-weather|none
|upkeep
|turn|9
|
|move|p2a: Corviknight|Defog|p1a: Hippowdon
|-unboost|p1a: Hippowdon|evasion|1
|-sideend|p2: Vukalo|Stealth Rock|[from] move: Defog|[of] p2a: Corviknight
|move|p1a: Hippowdon|Whirlwind|p2a: Corviknight
|drag|p2a: Excadrill|Excadrill, M|100/100
|-ability|p2a: Excadrill|Mold Breaker
|
|upkeep
|turn|10
|
|switch|p2a: Corviknight|Corviknight, F|100/100
|-ability|p2a: Corviknight|Pressure
|move|p1a: Hippowdon|Stealth Rock|p2a: Corviknight
|-sidestart|p2: Vukalo|move: Stealth Rock
|
|upkeep
|turn|11
|
|switch|p1a: Rotom|Rotom-Mow|100/100
|move|p2a: Corviknight|Defog|p1a: Rotom
|-unboost|p1a: Rotom|evasion|1
|-sideend|p2: Vukalo|Stealth Rock|[from] move: Defog|[of] p2a: Corviknight
|
|upkeep
|turn|12
|j| IndigoKoala
|
|switch|p2a: Toxtricity|Toxtricity, F|100/100
|move|p1a: Rotom|Discharge|p2a: Toxtricity
|-resisted|p2a: Toxtricity
|-damage|p2a: Toxtricity|74/100
|
|upkeep
|turn|13
|
|move|p1a: Rotom|Leaf Storm|p2a: Toxtricity
|-resisted|p2a: Toxtricity
|-damage|p2a: Toxtricity|32/100
|-unboost|p1a: Rotom|spa|2
|move|p2a: Toxtricity|Shift Gear|p2a: Toxtricity
|-boost|p2a: Toxtricity|spe|2
|-boost|p2a: Toxtricity|atk|1
|
|upkeep
|turn|14
|
|switch|p1a: Excadrill|Excadrill, M|100/100
|move|p2a: Toxtricity|Boomburst|p1a: Excadrill
|-resisted|p1a: Excadrill
|-damage|p1a: Excadrill|58/100
|-enditem|p2a: Toxtricity|Throat Spray
|-boost|p2a: Toxtricity|spa|1
|
|upkeep
|turn|15
|-message|GEN 8 JESUS forfeited.
|
|win|Vukalo
|l|☆GEN 8 JESUS
|raw|GEN 8 JESUS's rating: 1794 → 1762(-32 for losing)
|raw|Vukalo's rating: 1565 → 1597(+32 for winning)
|l| Baryl Joestar
