|ScrapeTime|2020-01-01-13:15:05
|j|☆Lulaiki
|j|☆ykhff
|player|p1|Lulaiki|1|1073
|player|p2|ykhff|blue|1106
|teamsize|p1|6
|teamsize|p2|6
|gametype|singles
|gen|8
|tier|[Gen 8] OU
|rated|
|rule|Sleep Clause Mod: Limit one foe put to sleep
|rule|Species Clause: Limit one of each Pokémon
|rule|OHKO Clause: OHKO moves are banned
|rule|Evasion Moves Clause: Evasion moves are banned
|rule|Endless Battle Clause: Forcing endless battles is banned
|rule|HP Percentage Mod: HP is shown in percentages
|clearpoke
|poke|p1|Mandibuzz, F|
|poke|p1|Conkeldurr, F|
|poke|p1|Seismitoad, M|
|poke|p1|Dragapult, F|
|poke|p1|Clefable, M|
|poke|p1|Cinderace, M|
|poke|p2|Barraskewda, F|
|poke|p2|Pelipper, F|
|poke|p2|Ferrothorn, M|
|poke|p2|Dracovish|
|poke|p2|Dragapult, M|
|poke|p2|Hatterene, F|
|rule|Dynamax Clause: You cannot dynamax
|teampreview
|
|start
|switch|p1a: Clefable|Clefable, M|100/100
|switch|p2a: Draymond Green|Pelipper, F|100/100
|-weather|RainDance|[from] ability: Drizzle|[of] p2a: Draymond Green
|turn|1
|inactive|Battle timer is ON: inactive players will automatically lose when time's up. (requested by ykhff)
|
|move|p1a: Clefable|Thunderbolt|p2a: Draymond Green
|-supereffective|p2a: Draymond Green
|-damage|p2a: Draymond Green|0 fnt
|faint|p2a: Draymond Green
|
|-weather|RainDance|[upkeep]
|upkeep
|
|switch|p2a: Kevin Durant|Dracovish|100/100
|turn|2
|
|switch|p2a: Klay Thompson|Dragapult, M|100/100
|switch|p1a: Seismitoad|Seismitoad, M|100/100
|
|-weather|RainDance|[upkeep]
|upkeep
|turn|3
|
|move|p2a: Klay Thompson|Draco Meteor|p1a: Seismitoad
|-damage|p1a: Seismitoad|40/100
|-unboost|p2a: Klay Thompson|spa|2
|move|p1a: Seismitoad|Earthquake|p2a: Klay Thompson
|-damage|p2a: Klay Thompson|57/100
|
|-weather|RainDance|[upkeep]
|-heal|p1a: Seismitoad|46/100|[from] item: Leftovers
|upkeep
|turn|4
|
|switch|p2a: Andre Iguodala|Ferrothorn, M|100/100
|switch|p1a: Clefable|Clefable, M|100/100
|
|-weather|RainDance|[upkeep]
|upkeep
|turn|5
|
|move|p1a: Clefable|Flamethrower|p2a: Andre Iguodala
|-supereffective|p2a: Andre Iguodala
|-damage|p2a: Andre Iguodala|40/100
|move|p2a: Andre Iguodala|Gyro Ball|p1a: Clefable
|-supereffective|p1a: Clefable
|-damage|p1a: Clefable|23/100
|
|-weather|RainDance|[upkeep]
|-heal|p2a: Andre Iguodala|46/100|[from] item: Leftovers
|upkeep
|turn|6
|
|move|p1a: Clefable|Moonlight|p1a: Clefable
|-heal|p1a: Clefable|48/100
|move|p2a: Andre Iguodala|Gyro Ball|p1a: Clefable
|-supereffective|p1a: Clefable
|-crit|p1a: Clefable
|-damage|p1a: Clefable|0 fnt
|faint|p1a: Clefable
|
|-weather|RainDance|[upkeep]
|-heal|p2a: Andre Iguodala|52/100|[from] item: Leftovers
|upkeep
|
|switch|p1a: Cinderace|Cinderace, M|100/100
|turn|7
|
|switch|p2a: Kevin Durant|Dracovish|100/100
|move|p1a: Cinderace|U-turn|p2a: Kevin Durant
|-damage|p2a: Kevin Durant|62/100
|
|switch|p1a: Dragapult|Dragapult, F|100/100|[from]move: U-turn
|
|-weather|RainDance|[upkeep]
|upkeep
|turn|8
|
|move|p1a: Dragapult|Draco Meteor|p2a: Kevin Durant
|-supereffective|p2a: Kevin Durant
|-damage|p2a: Kevin Durant|0 fnt
|-unboost|p1a: Dragapult|spa|2
|faint|p2a: Kevin Durant
|
|-weather|none
|upkeep
|
|switch|p2a: Shaun Livingston|Hatterene, F|100/100
|turn|9
|
|switch|p1a: Cinderace|Cinderace, M|100/100
|move|p2a: Shaun Livingston|Trick Room|p2a: Shaun Livingston
|-fieldstart|move: Trick Room|[of] p2a: Shaun Livingston
|
|upkeep
|turn|10
|
|move|p2a: Shaun Livingston|Psychic|p1a: Cinderace
|-damage|p1a: Cinderace|18/100
|move|p1a: Cinderace|Iron Head|p2a: Shaun Livingston
|-supereffective|p2a: Shaun Livingston
|-damage|p2a: Shaun Livingston|14/100
|
|upkeep
|turn|11
|
|switch|p1a: Mandibuzz|Mandibuzz, F|100/100
|move|p2a: Shaun Livingston|Dazzling Gleam|p1a: Mandibuzz
|-supereffective|p1a: Mandibuzz
|-damage|p1a: Mandibuzz|8/100
|
|upkeep
|turn|12
|
|move|p2a: Shaun Livingston|Dazzling Gleam|p1a: Mandibuzz
|-supereffective|p1a: Mandibuzz
|-damage|p1a: Mandibuzz|0 fnt
|faint|p1a: Mandibuzz
|
|upkeep
|
|switch|p1a: Conkeldurr|Conkeldurr, F|100/100
|turn|13
|
|switch|p2a: Klay Thompson|Dragapult, M|57/100
|move|p1a: Conkeldurr|Mach Punch|p2a: Klay Thompson
|-immune|p2a: Klay Thompson
|
|-fieldend|move: Trick Room
|-status|p1a: Conkeldurr|brn|[from] item: Flame Orb
|upkeep
|turn|14
|
|switch|p1a: Seismitoad|Seismitoad, M|46/100
|move|p2a: Klay Thompson|Draco Meteor|p1a: Seismitoad
|-damage|p1a: Seismitoad|0 fnt
|-unboost|p2a: Klay Thompson|spa|2
|faint|p1a: Seismitoad
|
|upkeep
|
|switch|p1a: Dragapult|Dragapult, F|100/100
|turn|15
|
|switch|p2a: Andre Iguodala|Ferrothorn, M|52/100
|move|p1a: Dragapult|Shadow Ball|p2a: Andre Iguodala
|-damage|p2a: Andre Iguodala|22/100
|
|-heal|p2a: Andre Iguodala|28/100|[from] item: Leftovers
|upkeep
|turn|16
|
|move|p1a: Dragapult|Shadow Ball|p2a: Andre Iguodala
|-damage|p2a: Andre Iguodala|0 fnt
|faint|p2a: Andre Iguodala
|
|upkeep
|
|switch|p2a: Stephen Curry|Barraskewda, F|100/100
|turn|17
|
|move|p1a: Dragapult|Shadow Ball|p2a: Stephen Curry
|-damage|p2a: Stephen Curry|20/100
|move|p2a: Stephen Curry|Crunch|p1a: Dragapult
|-supereffective|p1a: Dragapult
|-damage|p1a: Dragapult|0 fnt
|faint|p1a: Dragapult
|
|upkeep
|
|switch|p1a: Conkeldurr|Conkeldurr, F|100/100 brn
|turn|18
|
|switch|p2a: Klay Thompson|Dragapult, M|57/100
|move|p1a: Conkeldurr|Mach Punch|p2a: Klay Thompson
|-immune|p2a: Klay Thompson
|
|-damage|p1a: Conkeldurr|94/100 brn|[from] brn
|upkeep
|turn|19
|inactive|ykhff has 120 seconds left.
|
|switch|p2a: Shaun Livingston|Hatterene, F|14/100
|move|p1a: Conkeldurr|Thunder Punch|p2a: Shaun Livingston
|-damage|p2a: Shaun Livingston|0 fnt
|faint|p2a: Shaun Livingston
|
|-damage|p1a: Conkeldurr|88/100 brn|[from] brn
|upkeep
|inactive|ykhff has 120 seconds left.
|
|switch|p2a: Klay Thompson|Dragapult, M|57/100
|turn|20
|inactive|ykhff has 120 seconds left.
|inactive|ykhff has 90 seconds left.
|
|move|p2a: Klay Thompson|Draco Meteor|p1a: Conkeldurr
|-damage|p1a: Conkeldurr|0 fnt
|-unboost|p2a: Klay Thompson|spa|2
|faint|p1a: Conkeldurr
|
|upkeep
|
|switch|p1a: Cinderace|Cinderace, M|18/100
|turn|21
|
|switch|p2a: Stephen Curry|Barraskewda, F|20/100
|move|p1a: Cinderace|Iron Head|p2a: Stephen Curry
|-resisted|p2a: Stephen Curry
|-damage|p2a: Stephen Curry|0 fnt
|faint|p2a: Stephen Curry
|
|upkeep
|
|switch|p2a: Klay Thompson|Dragapult, M|57/100
|turn|22
|
|move|p2a: Klay Thompson|Shadow Ball|p1a: Cinderace
|-damage|p1a: Cinderace|0 fnt
|faint|p1a: Cinderace
|
|win|ykhff
|raw|Lulaiki's rating: 1073 → 1054(-19 for losing)
|raw|ykhff's rating: 1106 → 1128(+22 for winning)
|c|☆ykhff|gg
|l|☆Lulaiki
