|ScrapeTime|2020-01-02-08:14:43
|j|☆tigawqe
|j|☆usualranger5
|player|p1|tigawqe|170|1308
|player|p2|usualranger5|169|1333
|teamsize|p1|6
|teamsize|p2|6
|gametype|singles
|gen|8
|tier|[Gen 8] OU
|rated|
|rule|Sleep Clause Mod: Limit one foe put to sleep
|rule|Species Clause: Limit one of each Pokémon
|rule|OHKO Clause: OHKO moves are banned
|rule|Evasion Moves Clause: Evasion moves are banned
|rule|Endless Battle Clause: Forcing endless battles is banned
|rule|HP Percentage Mod: HP is shown in percentages
|clearpoke
|poke|p1|Cinderace, M|
|poke|p1|Clefable, F|
|poke|p1|Dragapult, F|
|poke|p1|Seismitoad, F|
|poke|p1|Hydreigon, M|
|poke|p1|Dracozolt|
|poke|p2|Diggersby, M|
|poke|p2|Dragapult, M|
|poke|p2|Quagsire, M|
|poke|p2|Copperajah, M|
|poke|p2|Araquanid, M|
|poke|p2|Eldegoss, F|
|rule|Dynamax Clause: You cannot dynamax
|teampreview
|inactive|Battle timer is ON: inactive players will automatically lose when time's up. (requested by usualranger5)
|
|start
|switch|p1a: Dracozolt|Dracozolt|100/100
|switch|p2a: Eldegoss|Eldegoss, F|100/100
|turn|1
|
|switch|p2a: Quagsire|Quagsire, M|100/100
|move|p1a: Dracozolt|Dragon Claw|p2a: Quagsire|[miss]
|-miss|p1a: Dracozolt|p2a: Quagsire
|-enditem|p1a: Dracozolt|Blunder Policy
|-boost|p1a: Dracozolt|spe|2
|
|upkeep
|turn|2
|
|switch|p1a: Seismitoad|Seismitoad, F|100/100
|move|p2a: Quagsire|Toxic|p1a: Seismitoad
|-status|p1a: Seismitoad|tox
|
|-damage|p1a: Seismitoad|94/100 tox|[from] psn
|upkeep
|turn|3
|
|switch|p2a: Eldegoss|Eldegoss, F|100/100
|move|p1a: Seismitoad|Stealth Rock|p2a: Eldegoss
|-sidestart|p2: usualranger5|move: Stealth Rock
|
|-heal|p1a: Seismitoad|100/100 tox|[from] item: Leftovers
|-damage|p1a: Seismitoad|88/100 tox|[from] psn
|upkeep
|turn|4
|
|switch|p1a: Hydreigon|Hydreigon, M|100/100
|move|p2a: Eldegoss|Leech Seed|p1a: Hydreigon
|-start|p1a: Hydreigon|move: Leech Seed
|
|-damage|p1a: Hydreigon|88/100|[from] Leech Seed|[of] p2a: Eldegoss
|upkeep
|turn|5
|
|switch|p1a: Cinderace|Cinderace, M|100/100
|move|p2a: Eldegoss|Rapid Spin|p1a: Cinderace
|-damage|p1a: Cinderace|94/100
|-sideend|p2: usualranger5|Stealth Rock|[from] move: Rapid Spin|[of] p2a: Eldegoss
|-boost|p2a: Eldegoss|spe|1
|
|upkeep
|turn|6
|
|switch|p2a: Quagsire|Quagsire, M|100/100
|move|p1a: Cinderace|U-turn|p2a: Quagsire
|-damage|p2a: Quagsire|86/100
|-damage|p1a: Cinderace|77/100|[from] item: Rocky Helmet|[of] p2a: Quagsire
|
|switch|p1a: Hydreigon|Hydreigon, M|88/100|[from]move: U-turn
|
|-heal|p1a: Hydreigon|94/100|[from] item: Leftovers
|upkeep
|turn|7
|
|switch|p2a: Eldegoss|Eldegoss, F|100/100
|move|p1a: Hydreigon|Substitute|p1a: Hydreigon
|-start|p1a: Hydreigon|Substitute
|-damage|p1a: Hydreigon|69/100
|
|-heal|p1a: Hydreigon|76/100|[from] item: Leftovers
|upkeep
|turn|8
|
|switch|p2a: Dragapult|Dragapult, M|100/100
|move|p1a: Hydreigon|Nasty Plot|p1a: Hydreigon
|-boost|p1a: Hydreigon|spa|2
|
|-heal|p1a: Hydreigon|82/100|[from] item: Leftovers
|upkeep
|turn|9
|
|move|p2a: Dragapult|Dragon Darts|p1a: Hydreigon
|-supereffective|p1a: Hydreigon
|-damage|p1a: Hydreigon|17/100
|-supereffective|p1a: Hydreigon
|-damage|p1a: Hydreigon|0 fnt
|-hitcount|p1a: Hydreigon|2
|-damage|p2a: Dragapult|91/100|[from] item: Life Orb
|faint|p1a: Hydreigon
|
|upkeep
|
|switch|p1a: Dragapult|Dragapult, F|100/100
|turn|10
|
|switch|p2a: Eldegoss|Eldegoss, F|100/100
|move|p1a: Dragapult|U-turn|p2a: Eldegoss
|-supereffective|p2a: Eldegoss
|-damage|p2a: Eldegoss|23/100
|
|switch|p1a: Cinderace|Cinderace, M|77/100|[from]move: U-turn
|
|-heal|p2a: Eldegoss|30/100|[from] item: Leftovers
|upkeep
|turn|11
|
|switch|p2a: Quagsire|Quagsire, M|86/100
|move|p1a: Cinderace|Pyro Ball|p2a: Quagsire
|-resisted|p2a: Quagsire
|-damage|p2a: Quagsire|66/100
|
|upkeep
|turn|12
|
|move|p1a: Cinderace|U-turn|p2a: Quagsire
|-damage|p2a: Quagsire|52/100
|-damage|p1a: Cinderace|61/100|[from] item: Rocky Helmet|[of] p2a: Quagsire
|
|switch|p1a: Seismitoad|Seismitoad, F|88/100 tox|[from]move: U-turn
|move|p2a: Quagsire|Toxic|p1a: Seismitoad
|-fail|p1a: Seismitoad|tox
|
|-heal|p1a: Seismitoad|94/100 tox|[from] item: Leftovers
|-damage|p1a: Seismitoad|88/100 tox|[from] psn
|upkeep
|turn|13
|
|move|p1a: Seismitoad|Stealth Rock|p2a: Quagsire
|-sidestart|p2: usualranger5|move: Stealth Rock
|move|p2a: Quagsire|Recover|p2a: Quagsire
|-heal|p2a: Quagsire|100/100
|
|-heal|p1a: Seismitoad|94/100 tox|[from] item: Leftovers
|-damage|p1a: Seismitoad|82/100 tox|[from] psn
|upkeep
|turn|14
|
|switch|p2a: Blue Beetle|Araquanid, M|100/100
|-damage|p2a: Blue Beetle|76/100|[from] Stealth Rock
|move|p1a: Seismitoad|Earthquake|p2a: Blue Beetle
|-resisted|p2a: Blue Beetle
|-crit|p2a: Blue Beetle
|-damage|p2a: Blue Beetle|51/100
|
|-heal|p1a: Seismitoad|88/100 tox|[from] item: Leftovers
|-heal|p2a: Blue Beetle|57/100|[from] item: Leftovers
|-damage|p1a: Seismitoad|70/100 tox|[from] psn
|upkeep
|turn|15
|
|switch|p1a: Dracozolt|Dracozolt|100/100
|move|p2a: Blue Beetle|Infestation|p1a: Dracozolt
|-damage|p1a: Dracozolt|96/100
|-activate|p1a: Dracozolt|move: Infestation|[of] p2a: Blue Beetle
|
|-heal|p2a: Blue Beetle|63/100|[from] item: Leftovers
|-damage|p1a: Dracozolt|83/100|[from] move: Infestation|[partiallytrapped]
|upkeep
|turn|16
|
|switch|p2a: Quagsire|Quagsire, M|100/100
|-damage|p2a: Quagsire|94/100|[from] Stealth Rock
|move|p1a: Dracozolt|Bolt Beak|p2a: Quagsire
|-immune|p2a: Quagsire
|
|-end|p1a: Dracozolt|Infestation|[partiallytrapped]|[silent]
|upkeep
|turn|17
|
|switch|p2a: Eldegoss|Eldegoss, F|63/100
|-damage|p2a: Eldegoss|50/100|[from] Stealth Rock
|move|p1a: Dracozolt|Dragon Claw|p2a: Eldegoss
|-damage|p2a: Eldegoss|0 fnt
|faint|p2a: Eldegoss
|
|upkeep
|
|switch|p2a: Diggersby|Diggersby, M, shiny|100/100
|-damage|p2a: Diggersby|94/100|[from] Stealth Rock
|turn|18
|
|move|p2a: Diggersby|Earthquake|p1a: Dracozolt
|-supereffective|p1a: Dracozolt
|-damage|p1a: Dracozolt|0 fnt
|faint|p1a: Dracozolt
|
|upkeep
|
|switch|p1a: Seismitoad|Seismitoad, F|70/100 tox
|turn|19
|
|move|p2a: Diggersby|Earthquake|p1a: Seismitoad
|-damage|p1a: Seismitoad|5/100 tox
|move|p1a: Seismitoad|Earthquake|p2a: Diggersby
|-damage|p2a: Diggersby|47/100
|
|-heal|p1a: Seismitoad|11/100 tox|[from] item: Leftovers
|-damage|p1a: Seismitoad|5/100 tox|[from] psn
|upkeep
|turn|20
|
|move|p2a: Diggersby|Earthquake|p1a: Seismitoad
|-damage|p1a: Seismitoad|0 fnt
|faint|p1a: Seismitoad
|
|upkeep
|
|switch|p1a: Dragapult|Dragapult, F|100/100
|turn|21
|
|switch|p2a: Copperajah|Copperajah, M|100/100
|-damage|p2a: Copperajah|94/100|[from] Stealth Rock
|move|p1a: Dragapult|Dragon Darts|p2a: Copperajah
|-resisted|p2a: Copperajah
|-damage|p2a: Copperajah|74/100
|-resisted|p2a: Copperajah
|-crit|p2a: Copperajah
|-damage|p2a: Copperajah|43/100
|-hitcount|p2a: Copperajah|2
|
|upkeep
|turn|22
|
|move|p1a: Dragapult|Dragon Darts|p2a: Copperajah
|-resisted|p2a: Copperajah
|-damage|p2a: Copperajah|22/100
|-resisted|p2a: Copperajah
|-damage|p2a: Copperajah|1/100
|-hitcount|p2a: Copperajah|2
|move|p2a: Copperajah|Iron Head|p1a: Dragapult
|-damage|p1a: Dragapult|0 fnt
|faint|p1a: Dragapult
|
|upkeep
|
|switch|p1a: Cinderace|Cinderace, M|61/100
|turn|23
|
|switch|p2a: Quagsire|Quagsire, M|94/100
|-damage|p2a: Quagsire|88/100|[from] Stealth Rock
|move|p1a: Cinderace|U-turn|p2a: Quagsire
|-damage|p2a: Quagsire|72/100
|-damage|p1a: Cinderace|44/100|[from] item: Rocky Helmet|[of] p2a: Quagsire
|
|switch|p1a: Clefable|Clefable, F|100/100|[from]move: U-turn
|
|upkeep
|turn|24
|
|switch|p2a: Copperajah|Copperajah, M|1/100
|-damage|p2a: Copperajah|0 fnt|[from] Stealth Rock
|faint|p2a: Copperajah
|move|p1a: Clefable|Moonblast|p2: Copperajah|[notarget]
|-fail|p1a: Clefable
|
|upkeep
|
|switch|p2a: Diggersby|Diggersby, M, shiny|47/100
|-damage|p2a: Diggersby|41/100|[from] Stealth Rock
|turn|25
|
|move|p2a: Diggersby|Earthquake|p1a: Clefable
|-damage|p1a: Clefable|0 fnt
|faint|p1a: Clefable
|
|upkeep
|
|switch|p1a: Cinderace|Cinderace, M|44/100
|turn|26
|
|switch|p2a: Quagsire|Quagsire, M|72/100
|-damage|p2a: Quagsire|66/100|[from] Stealth Rock
|move|p1a: Cinderace|Pyro Ball|p2a: Quagsire
|-resisted|p2a: Quagsire
|-damage|p2a: Quagsire|48/100
|
|upkeep
|turn|27
|-message|tigawqe forfeited.
|
|win|usualranger5
|raw|tigawqe's rating: 1308 → 1289(-19 for losing)
|raw|usualranger5's rating: 1334 → 1352(+18 for winning)
|l|☆tigawqe
