|ScrapeTime|2020-01-01-22:16:57
|j|☆TheLindomar
|j|☆Xander Sherlock
|player|p1|TheLindomar|163|1546
|player|p2|Xander Sherlock|162|1507
|teamsize|p1|6
|teamsize|p2|6
|gametype|singles
|gen|8
|tier|[Gen 8] OU
|rated|
|rule|Sleep Clause Mod: Limit one foe put to sleep
|rule|Species Clause: Limit one of each Pokémon
|rule|OHKO Clause: OHKO moves are banned
|rule|Evasion Moves Clause: Evasion moves are banned
|rule|Endless Battle Clause: Forcing endless battles is banned
|rule|HP Percentage Mod: HP is shown in percentages
|clearpoke
|poke|p1|Crawdaunt, M|
|poke|p1|Mamoswine, M|
|poke|p1|Hatterene, F|
|poke|p1|Rotom-Mow|
|poke|p1|Aegislash, M|
|poke|p1|Cinderace, M|
|poke|p2|Obstagoon, M|
|poke|p2|Togekiss, M|
|poke|p2|Seismitoad, F|
|poke|p2|Aegislash, M|
|poke|p2|Conkeldurr, F|
|poke|p2|Dragapult, F|
|rule|Dynamax Clause: You cannot dynamax
|teampreview
|inactive|Battle timer is ON: inactive players will automatically lose when time's up. (requested by Xander Sherlock)
|
|start
|switch|p1a: Crawdaunt|Crawdaunt, M|100/100
|switch|p2a: Dragapult|Dragapult, F|100/100
|turn|1
|
|switch|p1a: Aegislash|Aegislash, M, shiny|100/100
|move|p2a: Dragapult|Will-O-Wisp|p1a: Aegislash
|-status|p1a: Aegislash|brn
|
|-damage|p1a: Aegislash|94/100 brn|[from] brn
|upkeep
|turn|2
|
|switch|p1a: Hatterene|Hatterene, F, shiny|100/100
|move|p2a: Dragapult|Hex|p1a: Hatterene
|-supereffective|p1a: Hatterene
|-damage|p1a: Hatterene|43/100
|
|upkeep
|turn|3
|
|move|p2a: Dragapult|Hex|p1a: Hatterene
|-supereffective|p1a: Hatterene
|-damage|p1a: Hatterene|0 fnt
|faint|p1a: Hatterene
|
|upkeep
|
|switch|p1a: Mamoswine|Mamoswine, M|100/100
|turn|4
|
|move|p1a: Mamoswine|Ice Shard|p2a: Dragapult
|-supereffective|p2a: Dragapult
|-damage|p2a: Dragapult|51/100
|move|p2a: Dragapult|Will-O-Wisp|p1a: Mamoswine
|-status|p1a: Mamoswine|brn
|
|-heal|p2a: Dragapult|57/100|[from] item: Leftovers
|-damage|p1a: Mamoswine|94/100 brn|[from] brn
|upkeep
|turn|5
|
|switch|p2a: Conkeldurr|Conkeldurr, F|100/100
|move|p1a: Mamoswine|Stealth Rock|p2a: Conkeldurr
|-sidestart|p2: Xander Sherlock|move: Stealth Rock
|
|-damage|p1a: Mamoswine|88/100 brn|[from] brn
|-status|p2a: Conkeldurr|brn|[from] item: Flame Orb
|upkeep
|turn|6
|
|move|p1a: Mamoswine|Earthquake|p2a: Conkeldurr
|-damage|p2a: Conkeldurr|76/100 brn
|move|p2a: Conkeldurr|Defog|p1a: Mamoswine
|-unboost|p1a: Mamoswine|evasion|1
|-sideend|p2: Xander Sherlock|Stealth Rock|[from] move: Defog|[of] p2a: Conkeldurr
|
|-damage|p1a: Mamoswine|82/100 brn|[from] brn
|-damage|p2a: Conkeldurr|70/100 brn|[from] brn
|upkeep
|turn|7
|
|move|p1a: Mamoswine|Stealth Rock|p2a: Conkeldurr
|-sidestart|p2: Xander Sherlock|move: Stealth Rock
|move|p2a: Conkeldurr|Drain Punch|p1a: Mamoswine
|-supereffective|p1a: Mamoswine
|-damage|p1a: Mamoswine|0 fnt
|-heal|p2a: Conkeldurr|100/100 brn|[from] drain|[of] p1a: Mamoswine
|faint|p1a: Mamoswine
|
|-damage|p2a: Conkeldurr|94/100 brn|[from] brn
|upkeep
|
|switch|p1a: Rotom|Rotom-Mow|100/100
|turn|8
|
|move|p1a: Rotom|Leaf Storm|p2a: Conkeldurr
|-damage|p2a: Conkeldurr|25/100 brn
|-unboost|p1a: Rotom|spa|2
|move|p2a: Conkeldurr|Drain Punch|p1a: Rotom
|-damage|p1a: Rotom|7/100
|-heal|p2a: Conkeldurr|52/100 brn|[from] drain|[of] p1a: Rotom
|
|-damage|p2a: Conkeldurr|46/100 brn|[from] brn
|upkeep
|turn|9
|
|switch|p1a: Aegislash|Aegislash, M, shiny|94/100 brn
|move|p2a: Conkeldurr|Mach Punch|p1a: Aegislash
|-immune|p1a: Aegislash
|
|-heal|p1a: Aegislash|100/100 brn|[from] item: Leftovers
|-damage|p2a: Conkeldurr|40/100 brn|[from] brn
|-damage|p1a: Aegislash|94/100 brn|[from] brn
|upkeep
|turn|10
|
|move|p2a: Conkeldurr|Earthquake|p1a: Aegislash
|-supereffective|p1a: Aegislash
|-damage|p1a: Aegislash|7/100 brn
|-formechange|p1a: Aegislash|Aegislash-Blade||[from] ability: Stance Change
|move|p1a: Aegislash|Shadow Ball|p2a: Conkeldurr
|-damage|p2a: Conkeldurr|0 fnt
|faint|p2a: Conkeldurr
|
|-heal|p1a: Aegislash|13/100 brn|[from] item: Leftovers
|-damage|p1a: Aegislash|7/100 brn|[from] brn
|upkeep
|
|switch|p2a: Obstagoon|Obstagoon, M|100/100
|-damage|p2a: Obstagoon|88/100|[from] Stealth Rock
|turn|11
|
|move|p2a: Obstagoon|Bulk Up|p2a: Obstagoon
|-boost|p2a: Obstagoon|atk|1
|-boost|p2a: Obstagoon|def|1
|move|p1a: Aegislash|Flash Cannon|p2a: Obstagoon
|-damage|p2a: Obstagoon|32/100
|
|-heal|p1a: Aegislash|13/100 brn|[from] item: Leftovers
|-damage|p1a: Aegislash|7/100 brn|[from] brn
|-status|p2a: Obstagoon|brn|[from] item: Flame Orb
|upkeep
|turn|12
|
|move|p2a: Obstagoon|Knock Off|p1a: Aegislash
|-supereffective|p1a: Aegislash
|-damage|p1a: Aegislash|0 fnt
|-enditem|p1a: Aegislash|Leftovers|[from] move: Knock Off|[of] p2a: Obstagoon
|faint|p1a: Aegislash
|
|-damage|p2a: Obstagoon|26/100 brn|[from] brn
|upkeep
|
|switch|p1a: Cinderace|Cinderace, M|100/100
|turn|13
|
|move|p1a: Cinderace|U-turn|p2a: Obstagoon
|-supereffective|p2a: Obstagoon
|-damage|p2a: Obstagoon|0 fnt
|faint|p2a: Obstagoon
|
|switch|p1a: Rotom|Rotom-Mow|7/100|[from]move: U-turn
|
|upkeep
|
|switch|p2a: Aegislash|Aegislash, M|100/100
|-damage|p2a: Aegislash|94/100|[from] Stealth Rock
|-item|p2a: Aegislash|Air Balloon
|turn|14
|
|switch|p1a: Crawdaunt|Crawdaunt, M|100/100
|-formechange|p2a: Aegislash|Aegislash-Blade||[from] ability: Stance Change
|move|p2a: Aegislash|Shadow Sneak|p1a: Crawdaunt
|-resisted|p1a: Crawdaunt
|-damage|p1a: Crawdaunt|83/100
|
|upkeep
|turn|15
|
|move|p1a: Crawdaunt|Knock Off|p2a: Aegislash
|-supereffective|p2a: Aegislash
|-damage|p2a: Aegislash|0 fnt
|-enditem|p2a: Aegislash|Air Balloon
|faint|p2a: Aegislash
|
|upkeep
|
|switch|p2a: Seismitoad|Seismitoad, F|100/100
|-damage|p2a: Seismitoad|94/100|[from] Stealth Rock
|turn|16
|
|move|p1a: Crawdaunt|Knock Off|p2a: Seismitoad
|-damage|p2a: Seismitoad|22/100
|-enditem|p2a: Seismitoad|Leftovers|[from] move: Knock Off|[of] p1a: Crawdaunt
|move|p2a: Seismitoad|Stealth Rock|p1a: Crawdaunt
|-sidestart|p1: TheLindomar|move: Stealth Rock
|
|upkeep
|turn|17
|
|move|p1a: Crawdaunt|Knock Off|p2a: Seismitoad
|-damage|p2a: Seismitoad|0 fnt
|faint|p2a: Seismitoad
|
|upkeep
|
|switch|p2a: Togekiss|Togekiss, M|100/100
|-damage|p2a: Togekiss|76/100|[from] Stealth Rock
|turn|18
|
|switch|p1a: Rotom|Rotom-Mow|7/100
|-damage|p1a: Rotom|0 fnt|[from] Stealth Rock
|faint|p1a: Rotom
|move|p2a: Togekiss|Air Slash|p1: Rotom|[notarget]
|-fail|p2a: Togekiss
|
|-heal|p2a: Togekiss|82/100|[from] item: Leftovers
|upkeep
|
|switch|p1a: Cinderace|Cinderace, M|100/100
|turn|19
|
|switch|p2a: Dragapult|Dragapult, F|57/100
|-damage|p2a: Dragapult|44/100|[from] Stealth Rock
|move|p1a: Cinderace|Pyro Ball|p2a: Dragapult
|-resisted|p2a: Dragapult
|-damage|p2a: Dragapult|6/100
|
|-heal|p2a: Dragapult|12/100|[from] item: Leftovers
|upkeep
|turn|20
|
|move|p2a: Dragapult|Will-O-Wisp|p1a: Cinderace
|-immune|p1a: Cinderace
|move|p1a: Cinderace|Pyro Ball|p2a: Dragapult
|-resisted|p2a: Dragapult
|-damage|p2a: Dragapult|0 fnt
|faint|p2a: Dragapult
|
|upkeep
|
|switch|p2a: Togekiss|Togekiss, M|82/100
|-damage|p2a: Togekiss|57/100|[from] Stealth Rock
|turn|21
|-message|Xander Sherlock forfeited.
|
|win|TheLindomar
|l|☆Xander Sherlock
|raw|TheLindomar's rating: 1546 → 1565(+19 for winning)
|raw|Xander Sherlock's rating: 1524 → 1505(-19 for losing)
