|ScrapeTime|2020-01-01-20:12:34
|j|☆AG_Guardian
|j|☆AJ90K
|player|p1|AG_Guardian|1|
|player|p2|AJ90K|169|
|teamsize|p1|6
|teamsize|p2|6
|gametype|singles
|gen|8
|tier|[Gen 8] OU
|rule|Sleep Clause Mod: Limit one foe put to sleep
|rule|Species Clause: Limit one of each Pokémon
|rule|OHKO Clause: OHKO moves are banned
|rule|Evasion Moves Clause: Evasion moves are banned
|rule|Endless Battle Clause: Forcing endless battles is banned
|rule|HP Percentage Mod: HP is shown in percentages
|clearpoke
|poke|p1|Ferrothorn, F|
|poke|p1|Toxapex, F|
|poke|p1|Grimmsnarl, M|
|poke|p1|Rhyperior, F|
|poke|p1|Corsola-Galar, M|
|poke|p1|Corviknight, M|
|poke|p2|Hippowdon, M|
|poke|p2|Drampa, F|
|poke|p2|Weezing-Galar, F|
|poke|p2|Gastrodon-East, F|
|poke|p2|Appletun, F|
|poke|p2|Mandibuzz, F|
|rule|Dynamax Clause: You cannot dynamax
|teampreview
|
|start
|switch|p1a: Grimmsnarl|Grimmsnarl, M|100/100
|switch|p2a: Hippowdon|Hippowdon, M|100/100
|-weather|Sandstorm|[from] ability: Sand Stream|[of] p2a: Hippowdon
|turn|1
|
|move|p1a: Grimmsnarl|Taunt|p2a: Hippowdon
|-start|p2a: Hippowdon|move: Taunt
|cant|p2a: Hippowdon|move: Taunt|Stealth Rock
|
|-weather|Sandstorm|[upkeep]
|-damage|p1a: Grimmsnarl|94/100|[from] Sandstorm
|upkeep
|turn|2
|
|move|p1a: Grimmsnarl|Reflect|p1a: Grimmsnarl
|-sidestart|p1: AG_Guardian|Reflect
|move|p2a: Hippowdon|Earthquake|p1a: Grimmsnarl
|-damage|p1a: Grimmsnarl|78/100
|
|-weather|Sandstorm|[upkeep]
|-damage|p1a: Grimmsnarl|72/100|[from] Sandstorm
|upkeep
|turn|3
|
|move|p1a: Grimmsnarl|Light Screen|p1a: Grimmsnarl
|-sidestart|p1: AG_Guardian|move: Light Screen
|move|p2a: Hippowdon|Earthquake|p1a: Grimmsnarl
|-damage|p1a: Grimmsnarl|57/100
|
|-weather|Sandstorm|[upkeep]
|-damage|p1a: Grimmsnarl|51/100|[from] Sandstorm
|-end|p2a: Hippowdon|move: Taunt
|upkeep
|turn|4
|
|switch|p1a: Toxapex|Toxapex, F|100/100
|switch|p2a: Mandibuzz|Mandibuzz, F|100/100
|
|-weather|Sandstorm|[upkeep]
|-damage|p1a: Toxapex|94/100|[from] Sandstorm
|-heal|p1a: Toxapex|100/100|[from] item: Black Sludge
|upkeep
|turn|5
|
|move|p1a: Toxapex|Baneful Bunker|p1a: Toxapex
|-singleturn|p1a: Toxapex|move: Protect
|move|p2a: Mandibuzz|Knock Off|p1a: Toxapex
|-activate|p1a: Toxapex|move: Protect
|-status|p2a: Mandibuzz|psn
|
|-weather|none
|-damage|p2a: Mandibuzz|88/100 psn|[from] psn
|upkeep
|turn|6
|
|switch|p1a: Rhyperior|Rhyperior, F|100/100
|move|p2a: Mandibuzz|Knock Off|p1a: Rhyperior
|-damage|p1a: Rhyperior|93/100
|-enditem|p1a: Rhyperior|King's Rock|[from] move: Knock Off|[of] p2a: Mandibuzz
|
|-damage|p2a: Mandibuzz|75/100 psn|[from] psn
|upkeep
|turn|7
|
|switch|p2a: Hippowdon|Hippowdon, M|100/100
|-weather|Sandstorm|[from] ability: Sand Stream|[of] p2a: Hippowdon
|move|p1a: Rhyperior|Stealth Rock|p2a: Hippowdon
|-sidestart|p2: AJ90K|move: Stealth Rock
|
|-weather|Sandstorm|[upkeep]
|upkeep
|turn|8
|
|switch|p1a: Toxapex|Toxapex, F|100/100
|move|p2a: Hippowdon|Stealth Rock|p1a: Toxapex
|-sidestart|p1: AG_Guardian|move: Stealth Rock
|
|-weather|Sandstorm|[upkeep]
|-damage|p1a: Toxapex|94/100|[from] Sandstorm
|-heal|p1a: Toxapex|100/100|[from] item: Black Sludge
|upkeep
|turn|9
|
|move|p1a: Toxapex|Toxic Spikes|p2a: Hippowdon
|-sidestart|p2: AJ90K|move: Toxic Spikes
|move|p2a: Hippowdon|Whirlwind|p1a: Toxapex
|drag|p1a: Corsola|Corsola-Galar, M|100/100
|-damage|p1a: Corsola|88/100|[from] Stealth Rock
|
|-weather|Sandstorm|[upkeep]
|-damage|p1a: Corsola|82/100|[from] Sandstorm
|-sideend|p1: AG_Guardian|Reflect
|upkeep
|turn|10
|
|move|p1a: Corsola|Will-O-Wisp|p2a: Hippowdon
|-status|p2a: Hippowdon|brn
|move|p2a: Hippowdon|Whirlwind|p1a: Corsola
|drag|p1a: Toxapex|Toxapex, F|100/100
|-damage|p1a: Toxapex|88/100|[from] Stealth Rock
|
|-weather|Sandstorm|[upkeep]
|-damage|p1a: Toxapex|82/100|[from] Sandstorm
|-heal|p1a: Toxapex|88/100|[from] item: Black Sludge
|-damage|p2a: Hippowdon|94/100 brn|[from] brn
|-sideend|p1: AG_Guardian|move: Light Screen
|upkeep
|turn|11
|
|move|p1a: Toxapex|Scald|p2a: Hippowdon
|-supereffective|p2a: Hippowdon
|-damage|p2a: Hippowdon|55/100 brn
|move|p2a: Hippowdon|Whirlwind|p1a: Toxapex
|drag|p1a: Ferrothorn|Ferrothorn, F|100/100
|-damage|p1a: Ferrothorn|95/100|[from] Stealth Rock
|
|-weather|none
|-heal|p2a: Hippowdon|61/100 brn|[from] item: Leftovers
|-damage|p2a: Hippowdon|55/100 brn|[from] brn
|upkeep
|turn|12
|
|switch|p2a: Drampa|Drampa, F|100/100
|-status|p2a: Drampa|psn
|-damage|p2a: Drampa|88/100 psn|[from] Stealth Rock
|move|p1a: Ferrothorn|Leech Seed|p2a: Drampa
|-ability|p2a: Drampa|Sap Sipper|boost
|-boost|p2a: Drampa|atk|1
|
|-damage|p2a: Drampa|76/100 psn|[from] psn
|upkeep
|turn|13
|
|switch|p2a: Weezing|Weezing-Galar, F|100/100
|-damage|p2a: Weezing|88/100|[from] Stealth Rock
|move|p1a: Ferrothorn|Spikes|p2a: Weezing
|-sidestart|p2: AJ90K|Spikes
|
|-heal|p2a: Weezing|94/100|[from] item: Black Sludge
|upkeep
|turn|14
|
|move|p2a: Weezing|Aromatherapy|p2a: Weezing
|-activate|p2a: Weezing|move: Aromatherapy
|-curestatus|p2: Hippowdon|brn|[msg]
|-curestatus|p2: Drampa|psn|[msg]
|-curestatus|p2: Mandibuzz|psn|[msg]
|move|p1a: Ferrothorn|Knock Off|p2a: Weezing
|-resisted|p2a: Weezing
|-damage|p2a: Weezing|87/100
|-enditem|p2a: Weezing|Black Sludge|[from] move: Knock Off|[of] p1a: Ferrothorn
|
|upkeep
|turn|15
|
|move|p2a: Weezing|Will-O-Wisp|p1a: Ferrothorn
|-status|p1a: Ferrothorn|brn
|move|p1a: Ferrothorn|Gyro Ball|p2a: Weezing
|-supereffective|p2a: Weezing
|-damage|p2a: Weezing|66/100
|
|-damage|p1a: Ferrothorn|89/100 brn|[from] brn
|upkeep
|turn|16
|
|switch|p2a: Mandibuzz|Mandibuzz, F|75/100
|move|p1a: Ferrothorn|Leech Seed|p2a: Mandibuzz
|-start|p2a: Mandibuzz|move: Leech Seed
|
|-damage|p2a: Mandibuzz|63/100|[from] Leech Seed|[of] p1a: Ferrothorn
|-heal|p1a: Ferrothorn|100/100 brn|[silent]
|-damage|p1a: Ferrothorn|95/100 brn|[from] brn
|upkeep
|turn|17
|
|move|p2a: Mandibuzz|Roost|p2a: Mandibuzz
|-heal|p2a: Mandibuzz|100/100
|-singleturn|p2a: Mandibuzz|move: Roost
|move|p1a: Ferrothorn|Spikes|p2a: Mandibuzz
|-sidestart|p2: AJ90K|Spikes
|
|-damage|p2a: Mandibuzz|88/100|[from] Leech Seed|[of] p1a: Ferrothorn
|-heal|p1a: Ferrothorn|100/100 brn|[silent]
|-damage|p1a: Ferrothorn|95/100 brn|[from] brn
|upkeep
|turn|18
|
|move|p2a: Mandibuzz|Defog|p1a: Ferrothorn
|-unboost|p1a: Ferrothorn|evasion|1
|-sideend|p1: AG_Guardian|Stealth Rock|[from] move: Defog|[of] p2a: Mandibuzz
|-sideend|p2: AJ90K|Spikes|[from] move: Defog|[of] p2a: Mandibuzz
|-sideend|p2: AJ90K|Toxic Spikes|[from] move: Defog|[of] p2a: Mandibuzz
|-sideend|p2: AJ90K|Stealth Rock|[from] move: Defog|[of] p2a: Mandibuzz
|move|p1a: Ferrothorn|Leech Seed||[still]
|-fail|p1a: Ferrothorn
|
|-damage|p2a: Mandibuzz|75/100|[from] Leech Seed|[of] p1a: Ferrothorn
|-heal|p1a: Ferrothorn|100/100 brn|[silent]
|-damage|p1a: Ferrothorn|95/100 brn|[from] brn
|upkeep
|turn|19
|
|switch|p2a: Drampa|Drampa, F|76/100
|move|p1a: Ferrothorn|Spikes|p2a: Drampa
|-sidestart|p2: AJ90K|Spikes
|
|-damage|p1a: Ferrothorn|89/100 brn|[from] brn
|upkeep
|turn|20
|
|move|p2a: Drampa|Substitute|p2a: Drampa
|-start|p2a: Drampa|Substitute
|-damage|p2a: Drampa|51/100
|move|p1a: Ferrothorn|Spikes|p2a: Drampa
|-sidestart|p2: AJ90K|Spikes
|
|-damage|p1a: Ferrothorn|83/100 brn|[from] brn
|upkeep
|turn|21
|
|move|p2a: Drampa|Flamethrower|p1a: Ferrothorn
|-supereffective|p1a: Ferrothorn
|-crit|p1a: Ferrothorn
|-damage|p1a: Ferrothorn|0 fnt
|faint|p1a: Ferrothorn
|
|upkeep
|
|switch|p1a: Toxapex|Toxapex, F|100/100
|turn|22
|
|move|p1a: Toxapex|Baneful Bunker|p1a: Toxapex
|-singleturn|p1a: Toxapex|move: Protect
|move|p2a: Drampa|Calm Mind|p2a: Drampa
|-boost|p2a: Drampa|spa|1
|-boost|p2a: Drampa|spd|1
|
|upkeep
|turn|23
|
|switch|p1a: Corsola|Corsola-Galar, M|82/100
|move|p2a: Drampa|Calm Mind|p2a: Drampa
|-boost|p2a: Drampa|spa|1
|-boost|p2a: Drampa|spd|1
|
|upkeep
|turn|24
|
|move|p2a: Drampa|Calm Mind|p2a: Drampa
|-boost|p2a: Drampa|spa|1
|-boost|p2a: Drampa|spd|1
|move|p1a: Corsola|Haze|p1a: Corsola
|-clearallboost
|
|upkeep
|turn|25
|
|switch|p1a: Toxapex|Toxapex, F|100/100
|move|p2a: Drampa|Shadow Ball|p1a: Toxapex
|-damage|p1a: Toxapex|78/100
|
|-heal|p1a: Toxapex|85/100|[from] item: Black Sludge
|upkeep
|turn|26
|
|move|p2a: Drampa|Calm Mind|p2a: Drampa
|-boost|p2a: Drampa|spa|1
|-boost|p2a: Drampa|spd|1
|move|p1a: Toxapex|Toxic Spikes|p2a: Drampa
|-sidestart|p2: AJ90K|move: Toxic Spikes
|
|-heal|p1a: Toxapex|91/100|[from] item: Black Sludge
|upkeep
|turn|27
|
|move|p2a: Drampa|Calm Mind|p2a: Drampa
|-boost|p2a: Drampa|spa|1
|-boost|p2a: Drampa|spd|1
|move|p1a: Toxapex|Scald|p2a: Drampa
|-resisted|p2a: Drampa
|-activate|p2a: Drampa|move: Substitute|[damage]
|
|-heal|p1a: Toxapex|97/100|[from] item: Black Sludge
|upkeep
|turn|28
|
|switch|p1a: Corsola|Corsola-Galar, M|82/100
|move|p2a: Drampa|Shadow Ball|p1a: Corsola
|-supereffective|p1a: Corsola
|-damage|p1a: Corsola|20/100
|
|upkeep
|turn|29
|
|move|p2a: Drampa|Shadow Ball|p1a: Corsola
|-supereffective|p1a: Corsola
|-damage|p1a: Corsola|0 fnt
|-start|p2a: Drampa|Disable|Shadow Ball|[from] ability: Cursed Body|[of] p1a: Corsola
|faint|p1a: Corsola
|
|upkeep
|
|switch|p1a: Corviknight|Corviknight, M|100/100
|-ability|p1a: Corviknight|Pressure
|turn|30
|
|move|p1a: Corviknight|Substitute|p1a: Corviknight
|-start|p1a: Corviknight|Substitute
|-damage|p1a: Corviknight|75/100
|move|p2a: Drampa|Flamethrower|p1a: Corviknight
|-supereffective|p1a: Corviknight
|-end|p1a: Corviknight|Substitute
|
|-heal|p1a: Corviknight|82/100|[from] item: Leftovers
|upkeep
|turn|31
|
|move|p1a: Corviknight|Brave Bird|p2a: Drampa
|-end|p2a: Drampa|Substitute
|-damage|p1a: Corviknight|77/100|[from] Recoil|[of] p2a: Drampa
|move|p2a: Drampa|Flamethrower|p1a: Corviknight
|-supereffective|p1a: Corviknight
|-damage|p1a: Corviknight|0 fnt
|faint|p1a: Corviknight
|
|upkeep
|
|switch|p1a: Toxapex|Toxapex, F|100/100
|turn|32
|
|move|p2a: Drampa|Substitute|p2a: Drampa
|-start|p2a: Drampa|Substitute
|-damage|p2a: Drampa|26/100
|-enditem|p2a: Drampa|Sitrus Berry|[eat]
|-heal|p2a: Drampa|51/100|[from] item: Sitrus Berry
|move|p1a: Toxapex|Scald|p2a: Drampa
|-resisted|p2a: Drampa
|-activate|p2a: Drampa|move: Substitute|[damage]
|
|-end|p2a: Drampa|Disable
|upkeep
|turn|33
|
|move|p2a: Drampa|Calm Mind|p2a: Drampa
|-boost|p2a: Drampa|spa|1
|-boost|p2a: Drampa|spd|1
|move|p1a: Toxapex|Scald|p2a: Drampa
|-resisted|p2a: Drampa
|-activate|p2a: Drampa|move: Substitute|[damage]
|
|upkeep
|turn|34
|
|move|p2a: Drampa|Shadow Ball|p1a: Toxapex
|-damage|p1a: Toxapex|36/100
|move|p1a: Toxapex|Scald|p2a: Drampa
|-resisted|p2a: Drampa
|-activate|p2a: Drampa|move: Substitute|[damage]
|
|-heal|p1a: Toxapex|43/100|[from] item: Black Sludge
|upkeep
|turn|35
|
|move|p2a: Drampa|Shadow Ball|p1a: Toxapex
|-damage|p1a: Toxapex|0 fnt
|faint|p1a: Toxapex
|
|upkeep
|
|switch|p1a: Rhyperior|Rhyperior, F|93/100
|turn|36
|
|move|p1a: Rhyperior|Rock Blast|p2a: Drampa
|-end|p2a: Drampa|Substitute
|-damage|p2a: Drampa|39/100
|-damage|p2a: Drampa|27/100
|-hitcount|p2a: Drampa|3
|move|p2a: Drampa|Shadow Ball|p1a: Rhyperior
|-damage|p1a: Rhyperior|24/100
|-unboost|p1a: Rhyperior|spd|1
|
|upkeep
|turn|37
|
|switch|p2a: Appletun|Appletun, F|100/100
|-status|p2a: Appletun|psn
|-damage|p2a: Appletun|84/100 psn|[from] Spikes
|move|p1a: Rhyperior|Rock Blast|p2a: Appletun
|-damage|p2a: Appletun|75/100 psn
|-damage|p2a: Appletun|66/100 psn
|-hitcount|p2a: Appletun|2
|
|-damage|p2a: Appletun|53/100 psn|[from] psn
|upkeep
|turn|38
|
|move|p1a: Rhyperior|Megahorn|p2a: Appletun
|-supereffective|p2a: Appletun
|-damage|p2a: Appletun|0 fnt
|faint|p2a: Appletun
|
|upkeep
|
|switch|p2a: Mandibuzz|Mandibuzz, F|75/100
|turn|39
|
|move|p2a: Mandibuzz|Defog|p1a: Rhyperior
|-unboost|p1a: Rhyperior|evasion|1
|-sideend|p2: AJ90K|Spikes|[from] move: Defog|[of] p2a: Mandibuzz
|-sideend|p2: AJ90K|Toxic Spikes|[from] move: Defog|[of] p2a: Mandibuzz
|move|p1a: Rhyperior|Rock Blast|p2a: Mandibuzz
|-supereffective|p2a: Mandibuzz
|-damage|p2a: Mandibuzz|57/100
|-supereffective|p2a: Mandibuzz
|-crit|p2a: Mandibuzz
|-damage|p2a: Mandibuzz|25/100
|-hitcount|p2a: Mandibuzz|2
|
|upkeep
|turn|40
|
|switch|p2a: Weezing|Weezing-Galar, F|66/100
|move|p1a: Rhyperior|Rock Blast|p2a: Weezing
|-damage|p2a: Weezing|58/100
|-damage|p2a: Weezing|50/100
|-hitcount|p2a: Weezing|2
|
|upkeep
|turn|41
|
|move|p2a: Weezing|Strange Steam|p1a: Rhyperior
|-damage|p1a: Rhyperior|0 fnt
|faint|p1a: Rhyperior
|
|upkeep
|
|switch|p1a: Grimmsnarl|Grimmsnarl, M|51/100
|turn|42
|
|move|p1a: Grimmsnarl|Darkest Lariat|p2a: Weezing
|-resisted|p2a: Weezing
|-damage|p2a: Weezing|39/100
|move|p2a: Weezing|Will-O-Wisp|p1a: Grimmsnarl
|-status|p1a: Grimmsnarl|brn
|
|-damage|p1a: Grimmsnarl|45/100 brn|[from] brn
|upkeep
|turn|43
|
|switch|p2a: Gastrodon|Gastrodon-East, F|100/100
|move|p1a: Grimmsnarl|Light Screen|p1a: Grimmsnarl
|-sidestart|p1: AG_Guardian|move: Light Screen
|
|-damage|p1a: Grimmsnarl|39/100 brn|[from] brn
|upkeep
|turn|44
|
|switch|p2a: Hippowdon|Hippowdon, M|55/100
|-weather|Sandstorm|[from] ability: Sand Stream|[of] p2a: Hippowdon
|move|p1a: Grimmsnarl|Darkest Lariat|p2a: Hippowdon
|-damage|p2a: Hippowdon|46/100
|
|-weather|Sandstorm|[upkeep]
|-damage|p1a: Grimmsnarl|33/100 brn|[from] Sandstorm
|-heal|p2a: Hippowdon|52/100|[from] item: Leftovers
|-damage|p1a: Grimmsnarl|27/100 brn|[from] brn
|upkeep
|turn|45
|
|move|p1a: Grimmsnarl|Darkest Lariat|p2a: Hippowdon
|-damage|p2a: Hippowdon|43/100
|move|p2a: Hippowdon|Slack Off|p2a: Hippowdon
|-heal|p2a: Hippowdon|93/100
|
|-weather|Sandstorm|[upkeep]
|-damage|p1a: Grimmsnarl|21/100 brn|[from] Sandstorm
|-heal|p2a: Hippowdon|99/100|[from] item: Leftovers
|-damage|p1a: Grimmsnarl|15/100 brn|[from] brn
|upkeep
|turn|46
|
|move|p1a: Grimmsnarl|Darkest Lariat|p2a: Hippowdon
|-damage|p2a: Hippowdon|90/100
|move|p2a: Hippowdon|Slack Off|p2a: Hippowdon
|-heal|p2a: Hippowdon|100/100
|
|-weather|Sandstorm|[upkeep]
|-damage|p1a: Grimmsnarl|9/100 brn|[from] Sandstorm
|-damage|p1a: Grimmsnarl|3/100 brn|[from] brn
|upkeep
|turn|47
|
|move|p1a: Grimmsnarl|Darkest Lariat|p2a: Hippowdon
|-damage|p2a: Hippowdon|92/100
|move|p2a: Hippowdon|Slack Off|p2a: Hippowdon
|-heal|p2a: Hippowdon|100/100
|
|-weather|Sandstorm|[upkeep]
|-damage|p1a: Grimmsnarl|0 fnt|[from] Sandstorm
|faint|p1a: Grimmsnarl
|
|win|AJ90K
|upkeep
