|ScrapeTime|2020-01-02-00:07:01
|j|☆Rohse
|j|☆Metalmadness460
|player|p1|Rohse|shelly-gen3|1105
|player|p2|Metalmadness460|274|1096
|teamsize|p1|6
|teamsize|p2|6
|gametype|singles
|gen|8
|tier|[Gen 8] OU
|rated|
|rule|Sleep Clause Mod: Limit one foe put to sleep
|rule|Species Clause: Limit one of each Pokémon
|rule|OHKO Clause: OHKO moves are banned
|rule|Evasion Moves Clause: Evasion moves are banned
|rule|Endless Battle Clause: Forcing endless battles is banned
|rule|HP Percentage Mod: HP is shown in percentages
|clearpoke
|poke|p1|Mr. Rime, F|
|poke|p1|Grimmsnarl, M|
|poke|p1|Dracozolt|
|poke|p1|Dragapult, M|
|poke|p1|Cinderace, F|
|poke|p1|Excadrill, F|
|poke|p2|Cinderace, M|
|poke|p2|Gallade, M|
|poke|p2|Gengar, M|
|poke|p2|Excadrill, M|
|poke|p2|Tyranitar, M|
|poke|p2|Leafeon, M|
|rule|Dynamax Clause: You cannot dynamax
|teampreview
|inactive|Battle timer is ON: inactive players will automatically lose when time's up. (requested by Metalmadness460)
|
|start
|switch|p1a: SMALL DRILL|Excadrill, F|100/100
|switch|p2a: Leafeon|Leafeon, M|100/100
|-ability|p1a: SMALL DRILL|Mold Breaker
|turn|1
|
|move|p2a: Leafeon|Swords Dance|p2a: Leafeon
|-boost|p2a: Leafeon|atk|2
|move|p1a: SMALL DRILL|Rock Tomb|p2a: Leafeon
|-damage|p2a: Leafeon|80/100
|-unboost|p2a: Leafeon|spe|1
|
|upkeep
|turn|2
|
|move|p1a: SMALL DRILL|Stealth Rock|p2a: Leafeon
|-sidestart|p2: Metalmadness460|move: Stealth Rock
|move|p2a: Leafeon|Leaf Blade|p1a: SMALL DRILL
|-enditem|p1a: SMALL DRILL|Focus Sash
|-damage|p1a: SMALL DRILL|1/100
|
|upkeep
|turn|3
|
|move|p1a: SMALL DRILL|Earthquake|p2a: Leafeon
|-resisted|p2a: Leafeon
|-damage|p2a: Leafeon|51/100
|move|p2a: Leafeon|Leaf Blade|p1a: SMALL DRILL
|-damage|p1a: SMALL DRILL|0 fnt
|faint|p1a: SMALL DRILL
|
|upkeep
|
|switch|p1a: Bolt|Dracozolt, shiny|100/100
|turn|4
|
|move|p1a: Bolt|Fire Fang|p2a: Leafeon
|-supereffective|p2a: Leafeon
|-damage|p2a: Leafeon|0 fnt
|faint|p2a: Leafeon
|
|upkeep
|
|switch|p2a: Tyranitar|Tyranitar, M|100/100
|-damage|p2a: Tyranitar|88/100|[from] Stealth Rock
|-weather|Sandstorm|[from] ability: Sand Stream|[of] p2a: Tyranitar
|turn|5
|
|switch|p1a: Grim Tale|Grimmsnarl, M|100/100
|move|p2a: Tyranitar|Earthquake|p1a: Grim Tale
|-damage|p1a: Grim Tale|56/100
|
|-weather|Sandstorm|[upkeep]
|-damage|p1a: Grim Tale|50/100|[from] Sandstorm
|upkeep
|turn|6
|
|move|p1a: Grim Tale|Reflect|p1a: Grim Tale
|-sidestart|p1: Rohse|Reflect
|move|p2a: Tyranitar|Earthquake|p1a: Grim Tale
|-damage|p1a: Grim Tale|25/100
|
|-weather|Sandstorm|[upkeep]
|-damage|p1a: Grim Tale|19/100|[from] Sandstorm
|upkeep
|turn|7
|
|move|p2a: Tyranitar|Earthquake|p1a: Grim Tale
|-damage|p1a: Grim Tale|0 fnt
|faint|p1a: Grim Tale
|
|-weather|Sandstorm|[upkeep]
|upkeep
|
|switch|p1a: Bolt|Dracozolt, shiny|100/100
|turn|8
|
|move|p1a: Bolt|Earthquake|p2a: Tyranitar
|-supereffective|p2a: Tyranitar
|-damage|p2a: Tyranitar|11/100
|move|p2a: Tyranitar|Earthquake|p1a: Bolt
|-supereffective|p1a: Bolt
|-damage|p1a: Bolt|60/100
|
|-weather|Sandstorm|[upkeep]
|-damage|p1a: Bolt|54/100|[from] Sandstorm
|upkeep
|turn|9
|
|move|p1a: Bolt|Fire Fang|p2a: Tyranitar
|-resisted|p2a: Tyranitar
|-damage|p2a: Tyranitar|0 fnt
|faint|p2a: Tyranitar
|
|-weather|none
|upkeep
|
|switch|p2a: Excadrill|Excadrill, M|100/100
|-damage|p2a: Excadrill|97/100|[from] Stealth Rock
|turn|10
|
|move|p2a: Excadrill|Earthquake|p1a: Bolt
|-supereffective|p1a: Bolt
|-damage|p1a: Bolt|0 fnt
|-damage|p2a: Excadrill|87/100|[from] item: Life Orb
|faint|p1a: Bolt
|
|upkeep
|
|switch|p1a: Cinder bunny|Cinderace, F|100/100
|turn|11
|
|move|p1a: Cinder bunny|Pyro Ball|p2a: Excadrill
|-supereffective|p2a: Excadrill
|-damage|p2a: Excadrill|0 fnt
|faint|p2a: Excadrill
|
|upkeep
|
|switch|p2a: Cinderace|Cinderace, M|100/100
|-damage|p2a: Cinderace|76/100|[from] Stealth Rock
|turn|12
|
|move|p1a: Cinder bunny|Taunt|p2a: Cinderace
|-start|p2a: Cinderace|move: Taunt
|move|p2a: Cinderace|High Jump Kick|p1a: Cinder bunny
|-crit|p1a: Cinder bunny
|-damage|p1a: Cinder bunny|11/100
|
|upkeep
|turn|13
|
|switch|p1a: Dragapult|Dragapult, M|100/100
|move|p2a: Cinderace|Sucker Punch||[still]
|-fail|p2a: Cinderace
|
|-sideend|p1: Rohse|Reflect
|upkeep
|turn|14
|
|move|p2a: Cinderace|Sucker Punch|p1a: Dragapult
|-supereffective|p1a: Dragapult
|-damage|p1a: Dragapult|37/100
|move|p1a: Dragapult|Dragon Darts|p2a: Cinderace
|-damage|p2a: Cinderace|27/100
|-damage|p2a: Cinderace|0 fnt
|-hitcount|p2a: Cinderace|2
|-damage|p1a: Dragapult|28/100|[from] item: Life Orb
|faint|p2a: Cinderace
|
|upkeep
|
|switch|p2a: Gengar|Gengar, M|100/100
|-damage|p2a: Gengar|88/100|[from] Stealth Rock
|turn|15
|c|☆Metalmadness460|gg
|
|move|p2a: Gengar|Shadow Ball|p1a: Dragapult
|-supereffective|p1a: Dragapult
|-damage|p1a: Dragapult|0 fnt
|faint|p1a: Dragapult
|
|upkeep
|
|switch|p1a: Al Capone|Mr. Rime, F|100/100
|turn|16
|
|move|p2a: Gengar|Shadow Ball|p1a: Al Capone
|-supereffective|p1a: Al Capone
|-damage|p1a: Al Capone|8/100
|move|p1a: Al Capone|Psychic|p2a: Gengar
|-supereffective|p2a: Gengar
|-damage|p2a: Gengar|0 fnt
|-damage|p1a: Al Capone|0 fnt|[from] item: Life Orb
|faint|p2a: Gengar
|faint|p1a: Al Capone
|
|upkeep
|
|switch|p2a: Gallade|Gallade, M|100/100
|switch|p1a: Cinder bunny|Cinderace, F|11/100
|-damage|p2a: Gallade|94/100|[from] Stealth Rock
|turn|17
|c|☆Metalmadness460|you win :)
|
|move|p1a: Cinder bunny|Pyro Ball|p2a: Gallade
|-damage|p2a: Gallade|0 fnt
|faint|p2a: Gallade
|
|win|Rohse
|l|☆Metalmadness460
|raw|Rohse's rating: 1105 → 1130(+25 for winning)
|raw|Metalmadness460's rating: 1097 → 1073(-24 for losing)
