|ScrapeTime|2020-01-02-02:55:06
|j|☆Dovahhkiin64
|j|☆malk gen 8
|player|p1|Dovahhkiin64|169|1669
|player|p2|malk gen 8|265|1735
|teamsize|p1|6
|teamsize|p2|6
|gametype|singles
|gen|8
|tier|[Gen 8] OU
|rated|
|rule|Sleep Clause Mod: Limit one foe put to sleep
|rule|Species Clause: Limit one of each Pokémon
|rule|OHKO Clause: OHKO moves are banned
|rule|Evasion Moves Clause: Evasion moves are banned
|rule|Endless Battle Clause: Forcing endless battles is banned
|rule|HP Percentage Mod: HP is shown in percentages
|clearpoke
|poke|p1|Shiftry, F|
|poke|p1|Chandelure, F|
|poke|p1|Torkoal, F|
|poke|p1|Heliolisk, F|
|poke|p1|Haxorus, F|
|poke|p1|Corviknight, F|
|poke|p2|Grimmsnarl, M|
|poke|p2|Ferrothorn, F|
|poke|p2|Gallade, M|
|poke|p2|Dracovish|
|poke|p2|Excadrill, F|
|poke|p2|Rotom-Mow|
|rule|Dynamax Clause: You cannot dynamax
|teampreview
|
|start
|switch|p1a: Torkoal|Torkoal, F|100/100
|switch|p2a: Gallade|Gallade, M|100/100
|-weather|SunnyDay|[from] ability: Drought|[of] p1a: Torkoal
|turn|1
|
|switch|p1a: Chandelure|Chandelure, F|100/100
|move|p2a: Gallade|Swords Dance|p2a: Gallade
|-boost|p2a: Gallade|atk|2
|
|-weather|SunnyDay|[upkeep]
|upkeep
|turn|2
|
|move|p2a: Gallade|Shadow Sneak|p1a: Chandelure
|-supereffective|p1a: Chandelure
|-damage|p1a: Chandelure|24/100
|move|p1a: Chandelure|Flamethrower|p2a: Gallade
|-damage|p2a: Gallade|0 fnt
|faint|p2a: Gallade
|
|-weather|SunnyDay|[upkeep]
|upkeep
|
|switch|p2a: Dracovish|Dracovish|100/100
|turn|3
|
|switch|p2a: Ferrothorn|Ferrothorn, F|100/100
|move|p1a: Chandelure|Flamethrower|p2a: Ferrothorn
|-supereffective|p2a: Ferrothorn
|-damage|p2a: Ferrothorn|0 fnt
|faint|p2a: Ferrothorn
|
|-weather|SunnyDay|[upkeep]
|upkeep
|
|switch|p2a: Excadrill|Excadrill, F|100/100
|-ability|p2a: Excadrill|Mold Breaker
|turn|4
|
|move|p2a: Excadrill|Iron Head|p1a: Chandelure
|-resisted|p1a: Chandelure
|-damage|p1a: Chandelure|0 fnt
|faint|p1a: Chandelure
|
|-weather|SunnyDay|[upkeep]
|upkeep
|
|switch|p1a: Shiftry|Shiftry, F|100/100
|turn|5
|
|move|p1a: Shiftry|Growth|p1a: Shiftry
|-boost|p1a: Shiftry|atk|2
|-boost|p1a: Shiftry|spa|2
|move|p2a: Excadrill|Iron Head|p1a: Shiftry
|-damage|p1a: Shiftry|35/100
|
|-weather|SunnyDay|[upkeep]
|upkeep
|turn|6
|
|move|p1a: Shiftry|Dark Pulse|p2a: Excadrill
|-damage|p2a: Excadrill|6/100
|-damage|p1a: Shiftry|25/100|[from] item: Life Orb
|move|p2a: Excadrill|Iron Head|p1a: Shiftry
|-damage|p1a: Shiftry|0 fnt
|faint|p1a: Shiftry
|
|-weather|SunnyDay|[upkeep]
|upkeep
|
|switch|p1a: Haxorus|Haxorus, F|100/100
|-ability|p1a: Haxorus|Mold Breaker
|turn|7
|
|move|p2a: Excadrill|Iron Head|p1a: Haxorus
|-damage|p1a: Haxorus|42/100
|move|p1a: Haxorus|Close Combat|p2a: Excadrill
|-supereffective|p2a: Excadrill
|-damage|p2a: Excadrill|0 fnt
|-unboost|p1a: Haxorus|def|1
|-unboost|p1a: Haxorus|spd|1
|-damage|p1a: Haxorus|32/100|[from] item: Life Orb
|faint|p2a: Excadrill
|
|-weather|SunnyDay|[upkeep]
|upkeep
|
|switch|p2a: Grimmsnarl|Grimmsnarl, M|100/100
|turn|8
|
|move|p2a: Grimmsnarl|Bulk Up|p2a: Grimmsnarl
|-boost|p2a: Grimmsnarl|atk|1
|-boost|p2a: Grimmsnarl|def|1
|move|p1a: Haxorus|Poison Jab|p2a: Grimmsnarl
|-supereffective|p2a: Grimmsnarl
|-damage|p2a: Grimmsnarl|32/100
|-damage|p1a: Haxorus|22/100|[from] item: Life Orb
|
|-weather|none
|-heal|p2a: Grimmsnarl|38/100|[from] item: Leftovers
|upkeep
|turn|9
|
|move|p2a: Grimmsnarl|Thunder Wave|p1a: Haxorus
|-status|p1a: Haxorus|par
|move|p1a: Haxorus|Poison Jab|p2a: Grimmsnarl
|-supereffective|p2a: Grimmsnarl
|-damage|p2a: Grimmsnarl|0 fnt
|-damage|p1a: Haxorus|12/100 par|[from] item: Life Orb
|faint|p2a: Grimmsnarl
|
|upkeep
|
|switch|p2a: Rotom|Rotom-Mow|100/100
|turn|10
|
|move|p2a: Rotom|Substitute|p2a: Rotom
|-start|p2a: Rotom|Substitute
|-damage|p2a: Rotom|76/100
|move|p1a: Haxorus|Poison Jab|p2a: Rotom
|-supereffective|p2a: Rotom
|-end|p2a: Rotom|Substitute
|-damage|p1a: Haxorus|3/100 par|[from] item: Life Orb
|
|-heal|p2a: Rotom|82/100|[from] item: Leftovers
|upkeep
|turn|11
|
|move|p2a: Rotom|Substitute|p2a: Rotom
|-start|p2a: Rotom|Substitute
|-damage|p2a: Rotom|57/100
|cant|p1a: Haxorus|par
|
|-heal|p2a: Rotom|63/100|[from] item: Leftovers
|upkeep
|turn|12
|
|move|p2a: Rotom|Discharge|p1a: Haxorus
|-resisted|p1a: Haxorus
|-damage|p1a: Haxorus|0 fnt
|faint|p1a: Haxorus
|
|-heal|p2a: Rotom|69/100|[from] item: Leftovers
|upkeep
|
|switch|p1a: Heliolisk|Heliolisk, F|100/100
|turn|13
|
|move|p1a: Heliolisk|Hyper Voice|p2a: Rotom
|-damage|p2a: Rotom|0 fnt
|-damage|p1a: Heliolisk|91/100|[from] item: Life Orb
|faint|p2a: Rotom
|
|upkeep
|
|switch|p2a: Dracovish|Dracovish|100/100
|turn|14
|
|switch|p1a: Torkoal|Torkoal, F|100/100
|-weather|SunnyDay|[from] ability: Drought|[of] p1a: Torkoal
|move|p2a: Dracovish|Fishious Rend|p1a: Torkoal
|-supereffective|p1a: Torkoal
|-damage|p1a: Torkoal|21/100
|
|-weather|SunnyDay|[upkeep]
|upkeep
|turn|15
|
|move|p2a: Dracovish|Fishious Rend|p1a: Torkoal
|-supereffective|p1a: Torkoal
|-damage|p1a: Torkoal|0 fnt
|faint|p1a: Torkoal
|
|-weather|SunnyDay|[upkeep]
|upkeep
|
|switch|p1a: Heliolisk|Heliolisk, F|91/100
|turn|16
|
|move|p1a: Heliolisk|Hyper Voice|p2a: Dracovish
|-damage|p2a: Dracovish|0 fnt
|-damage|p1a: Heliolisk|81/100|[from] item: Life Orb
|faint|p2a: Dracovish
|
|win|Dovahhkiin64
|l|☆malk gen 8
|c|☆Dovahhkiin64|gg
|raw|Dovahhkiin64's rating: 1669 → 1693(+24 for winning)
|raw|malk gen 8's rating: 1735 → 1711(-24 for losing)
