|ScrapeTime|2020-01-01-14:05:30
|j|☆stavo cor libanese
|j|☆Dawnmoon昼月.
|player|p1|stavo cor libanese|fisherman|1877
|player|p2|Dawnmoon昼月.|gambler|1865
|teamsize|p1|6
|teamsize|p2|6
|gametype|singles
|gen|8
|tier|[Gen 8] OU
|rated|
|rule|Sleep Clause Mod: Limit one foe put to sleep
|rule|Species Clause: Limit one of each Pokémon
|rule|OHKO Clause: OHKO moves are banned
|rule|Evasion Moves Clause: Evasion moves are banned
|rule|Endless Battle Clause: Forcing endless battles is banned
|rule|HP Percentage Mod: HP is shown in percentages
|clearpoke
|poke|p1|Obstagoon, M|
|poke|p1|Reuniclus, F|
|poke|p1|Kommo-o, M|
|poke|p1|Clefable, F|
|poke|p1|Rotom-Heat|
|poke|p1|Gastrodon, M|
|poke|p2|Toxapex, M|
|poke|p2|Chandelure, F|
|poke|p2|Dugtrio, F|
|poke|p2|Hatterene, F|
|poke|p2|Corviknight, M|
|poke|p2|Ditto|
|rule|Dynamax Clause: You cannot dynamax
|teampreview
|c|☆stavo cor libanese|mi fate diventare strabico
|inactive|Battle timer is ON: inactive players will automatically lose when time's up. (requested by stavo cor libanese)
|j| TheLindomar
|inactive|stavo cor libanese has 120 seconds left.
|c|☆stavo cor libanese|ah questo
|c|☆stavo cor libanese|too ricordi?
|c|☆stavo cor libanese|fregene estate 2015
|c|☆stavo cor libanese|ok anto al timone
|j| Oman p
|j| Laniekea
|inactive|stavo cor libanese has 90 seconds left.
|c|☆stavo cor libanese|anto chi
|
|start
|switch|p1a: Rotom|Rotom-Heat|100/100
|switch|p2a: Spirit of fire.|Chandelure, F, shiny|100/100
|turn|1
|j| subgenio
|c|☆stavo cor libanese|va che questo
|j| shittyteammaker
|c|☆stavo cor libanese|ha psichico palla ombra fire eball
|c|☆stavo cor libanese|non preme mai la firr
|c|☆stavo cor libanese|xfftt
|inactive|stavo cor libanese has 120 seconds left.
|l| Laniekea
|l| subgenio
|
|move|p1a: Rotom|Trick|p2a: Spirit of fire.
|-activate|p1a: Rotom|move: Trick|[of] p2a: Spirit of fire.
|-item|p2a: Spirit of fire.|Choice Scarf|[from] move: Trick
|-item|p1a: Rotom|Choice Specs|[from] move: Trick
|move|p2a: Spirit of fire.|Psychic|p1a: Rotom
|-damage|p1a: Rotom|63/100
|
|upkeep
|turn|2
|
|switch|p2a: Jaeger.|Dugtrio, F|100/100
|move|p1a: Rotom|Volt Switch|p2a: Jaeger.
|-immune|p2a: Jaeger.
|
|upkeep
|turn|3
|inactive|stavo cor libanese has 120 seconds left.
|j| Explosion Badger
|j| RafaelOP37
|j| amimec
|
|switch|p1a: Reuniclus|Reuniclus, F|100/100
|move|p2a: Jaeger.|Stealth Rock|p1a: Reuniclus
|-sidestart|p1: stavo cor libanese|move: Stealth Rock
|
|upkeep
|turn|4
|l| RafaelOP37
|
|switch|p2a: Condemnation Wings|Corviknight, M|100/100
|move|p1a: Reuniclus|Psychic|p2a: Condemnation Wings
|-resisted|p2a: Condemnation Wings
|-damage|p2a: Condemnation Wings|84/100
|
|-heal|p2a: Condemnation Wings|90/100|[from] item: Leftovers
|upkeep
|turn|5
|
|move|p2a: Condemnation Wings|U-turn|p1a: Reuniclus
|-supereffective|p1a: Reuniclus
|-damage|p1a: Reuniclus|77/100
|
|switch|p2a: Jaeger.|Dugtrio, F|100/100|[from]move: U-turn
|move|p1a: Reuniclus|Thunder|p2a: Jaeger.
|-immune|p2a: Jaeger.
|
|upkeep
|turn|6
|
|switch|p2a: Walpurgisnacht.|Hatterene, F|100/100
|move|p1a: Reuniclus|Recover|p1a: Reuniclus
|-heal|p1a: Reuniclus|100/100
|
|upkeep
|turn|7
|inactive|stavo cor libanese has 120 seconds left.
|
|move|p2a: Walpurgisnacht.|Psyshock|p1a: Reuniclus
|-resisted|p1a: Reuniclus
|-damage|p1a: Reuniclus|84/100
|move|p1a: Reuniclus|Thunder|p2a: Walpurgisnacht.
|-damage|p2a: Walpurgisnacht.|59/100
|
|-heal|p2a: Walpurgisnacht.|65/100|[from] item: Leftovers
|upkeep
|turn|8
|inactive|stavo cor libanese has 120 seconds left.
|
|move|p2a: Walpurgisnacht.|Draining Kiss|p1a: Reuniclus
|-damage|p1a: Reuniclus|58/100
|-heal|p2a: Walpurgisnacht.|92/100|[from] drain|[of] p1a: Reuniclus
|move|p1a: Reuniclus|Energy Ball|p2a: Walpurgisnacht.
|-damage|p2a: Walpurgisnacht.|54/100
|
|-heal|p2a: Walpurgisnacht.|60/100|[from] item: Leftovers
|upkeep
|turn|9
|
|move|p2a: Walpurgisnacht.|Calm Mind|p2a: Walpurgisnacht.
|-boost|p2a: Walpurgisnacht.|spa|1
|-boost|p2a: Walpurgisnacht.|spd|1
|move|p1a: Reuniclus|Recover|p1a: Reuniclus
|-heal|p1a: Reuniclus|100/100
|
|-heal|p2a: Walpurgisnacht.|66/100|[from] item: Leftovers
|upkeep
|turn|10
|
|switch|p1a: Gastrodon|Gastrodon, M|100/100
|-damage|p1a: Gastrodon|94/100|[from] Stealth Rock
|move|p2a: Walpurgisnacht.|Psyshock|p1a: Gastrodon
|-damage|p1a: Gastrodon|17/100
|
|-heal|p1a: Gastrodon|24/100|[from] item: Leftovers
|-heal|p2a: Walpurgisnacht.|72/100|[from] item: Leftovers
|upkeep
|turn|11
|
|switch|p1a: Obstagoon|Obstagoon, M|100/100
|-damage|p1a: Obstagoon|88/100|[from] Stealth Rock
|move|p2a: Walpurgisnacht.|Psyshock|p1a: Obstagoon
|-immune|p1a: Obstagoon
|
|-heal|p2a: Walpurgisnacht.|78/100|[from] item: Leftovers
|-status|p1a: Obstagoon|brn|[from] item: Flame Orb
|upkeep
|turn|12
|j| ahhhaaaaa
|j| RafaelOP37
|
|switch|p2a: Jaeger.|Dugtrio, F|100/100
|move|p1a: Obstagoon|Switcheroo|p2a: Jaeger.
|-activate|p1a: Obstagoon|move: Trick|[of] p2a: Jaeger.
|-item|p2a: Jaeger.|Flame Orb|[from] move: Switcheroo
|-item|p1a: Obstagoon|Focus Sash|[from] move: Switcheroo
|
|-damage|p1a: Obstagoon|82/100 brn|[from] brn
|-status|p2a: Jaeger.|brn|[from] item: Flame Orb
|upkeep
|turn|13
|l| RafaelOP37
|c|☆Dawnmoon昼月.|well done
|j| Zombini62
|inactive|stavo cor libanese has 120 seconds left.
|
|move|p2a: Jaeger.|Earthquake|p1a: Obstagoon
|-damage|p1a: Obstagoon|61/100 brn
|move|p1a: Obstagoon|Knock Off|p2a: Jaeger.
|-damage|p2a: Jaeger.|0 fnt
|-enditem|p2a: Jaeger.|Flame Orb|[from] move: Knock Off|[of] p1a: Obstagoon
|faint|p2a: Jaeger.
|
|-damage|p1a: Obstagoon|55/100 brn|[from] brn
|upkeep
|c|☆stavo cor libanese|ez
|
|switch|p2a: Spirit of fire.|Chandelure, F, shiny|100/100
|turn|14
|c|☆stavo cor libanese|è scarfone
|inactive|stavo cor libanese has 120 seconds left.
|c|☆stavo cor libanese|e metti
|c|☆stavo cor libanese|coso
|c|☆stavo cor libanese|xd
|
|switch|p1a: Kommo-o|Kommo-o, M|100/100
|-damage|p1a: Kommo-o|94/100|[from] Stealth Rock
|move|p2a: Spirit of fire.|Fire Blast|p1a: Kommo-o
|-resisted|p1a: Kommo-o
|-damage|p1a: Kommo-o|62/100
|-status|p1a: Kommo-o|brn
|
|-heal|p1a: Kommo-o|69/100 brn|[from] item: Leftovers
|-damage|p1a: Kommo-o|62/100 brn|[from] brn
|upkeep
|turn|15
|inactive|stavo cor libanese has 120 seconds left.
|c|☆Dawnmoon昼月.|sorry
|l| ahhhaaaaa
|j| itassis
|inactive|stavo cor libanese has 90 seconds left.
|
|switch|p2a: Walpurgisnacht.|Hatterene, F|78/100
|switch|p1a: Clefable|Clefable, F|100/100
|
|-heal|p2a: Walpurgisnacht.|84/100|[from] item: Leftovers
|upkeep
|turn|16
|
|switch|p1a: Rotom|Rotom-Heat|63/100
|-damage|p1a: Rotom|38/100|[from] Stealth Rock
|switch|p2a: Condemnation Wings|Corviknight, M|90/100
|
|-heal|p2a: Condemnation Wings|96/100|[from] item: Leftovers
|upkeep
|turn|17
|j| aleixito
|
|switch|p2a: Blazblue.|Ditto, shiny|100/100
|-transform|p2a: Blazblue.|p1a: Rotom|[from] ability: Imposter
|move|p1a: Rotom|Volt Switch|p2a: Blazblue.
|-resisted|p2a: Blazblue.
|-damage|p2a: Blazblue.|81/100
|j| DaveDobbs
|
|switch|p1a: Clefable|Clefable, F|100/100|[from]move: Volt Switch
|
|upkeep
|turn|18
|
|move|p1a: Clefable|Protect|p1a: Clefable
|-singleturn|p1a: Clefable|Protect
|move|p2a: Blazblue.|Trick|p1a: Clefable
|-activate|p1a: Clefable|move: Protect
|
|upkeep
|turn|19
|
|switch|p2a: Condemnation Wings|Corviknight, M|96/100
|switch|p1a: Kommo-o|Kommo-o, M|62/100 brn
|-damage|p1a: Kommo-o|56/100 brn|[from] Stealth Rock
|
|-heal|p1a: Kommo-o|62/100 brn|[from] item: Leftovers
|-heal|p2a: Condemnation Wings|100/100|[from] item: Leftovers
|-damage|p1a: Kommo-o|56/100 brn|[from] brn
|upkeep
|turn|20
|j| ZentDaRiolu
|l| ZentDaRiolu
|
|switch|p1a: Gastrodon|Gastrodon, M|24/100
|-damage|p1a: Gastrodon|17/100|[from] Stealth Rock
|move|p2a: Condemnation Wings|Brave Bird|p1a: Gastrodon
|-damage|p1a: Gastrodon|0 fnt
|-damage|p2a: Condemnation Wings|94/100|[from] Recoil
|faint|p1a: Gastrodon
|
|-heal|p2a: Condemnation Wings|100/100|[from] item: Leftovers
|upkeep
|l| TheLindomar
|c|☆stavo cor libanese|ma
|c|☆stavo cor libanese|chi cazzo
|c|☆stavo cor libanese|ha clickato
|inactive|stavo cor libanese has 60 seconds left.
|c|☆stavo cor libanese|non io
|j| DevilishGreg
|c|☆stavo cor libanese|...
|
|switch|p1a: Reuniclus|Reuniclus, F|100/100
|turn|21
|c|☆stavo cor libanese|sul serio
|c| DaveDobbs|battle puta
|
|move|p2a: Condemnation Wings|U-turn|p1a: Reuniclus
|-supereffective|p1a: Reuniclus
|-damage|p1a: Reuniclus|81/100
|
|switch|p2a: Blazblue.|Ditto, shiny|81/100|[from]move: U-turn
|-transform|p2a: Blazblue.|p1a: Reuniclus|[from] ability: Imposter
|move|p1a: Reuniclus|Psychic|p2a: Blazblue.
|-resisted|p2a: Blazblue.
|-damage|p2a: Blazblue.|46/100
|
|upkeep
|turn|22
|
|move|p2a: Blazblue.|Recover|p2a: Blazblue.
|-heal|p2a: Blazblue.|96/100
|move|p1a: Reuniclus|Thunder|p2a: Blazblue.
|-damage|p2a: Blazblue.|42/100
|
|upkeep
|turn|23
|j| twinkile ♡
|inactive|stavo cor libanese has 60 seconds left.
|c|☆stavo cor libanese|dai non accetto
|c|☆stavo cor libanese|di perdere da questo.
|j| Just a Game Bro
|j| H.M.N.I.P
|j| szystest
|
|switch|p2a: Spirit of fire.|Chandelure, F, shiny|100/100
|move|p1a: Reuniclus|Recover|p1a: Reuniclus
|-heal|p1a: Reuniclus|100/100
|
|upkeep
|turn|24
|c|☆stavo cor libanese|...
|
|switch|p1a: Clefable|Clefable, F|100/100
|move|p2a: Spirit of fire.|Fire Blast|p1a: Clefable
|-crit|p1a: Clefable
|-damage|p1a: Clefable|5/100
|
|-heal|p1a: Clefable|11/100|[from] item: Leftovers
|upkeep
|turn|25
|
|move|p1a: Clefable|Protect|p1a: Clefable
|-singleturn|p1a: Clefable|Protect
|move|p2a: Spirit of fire.|Fire Blast|p1a: Clefable
|-activate|p1a: Clefable|move: Protect
|
|-heal|p1a: Clefable|17/100|[from] item: Leftovers
|upkeep
|turn|26
|c|☆stavo cor libanese|lasciate
|c|☆stavo cor libanese|fare.
|
|switch|p1a: Kommo-o|Kommo-o, M|56/100 brn
|-damage|p1a: Kommo-o|50/100 brn|[from] Stealth Rock
|move|p2a: Spirit of fire.|Fire Blast|p1a: Kommo-o
|-resisted|p1a: Kommo-o
|-damage|p1a: Kommo-o|18/100 brn
|
|-heal|p1a: Kommo-o|24/100 brn|[from] item: Leftovers
|-damage|p1a: Kommo-o|18/100 brn|[from] brn
|upkeep
|turn|27
|
|move|p2a: Spirit of fire.|Fire Blast|p1a: Kommo-o|[miss]
|-miss|p2a: Spirit of fire.|p1a: Kommo-o
|move|p1a: Kommo-o|Stealth Rock|p2a: Spirit of fire.
|-sidestart|p2: Dawnmoon昼月.|move: Stealth Rock
|
|-heal|p1a: Kommo-o|24/100 brn|[from] item: Leftovers
|-damage|p1a: Kommo-o|18/100 brn|[from] brn
|upkeep
|turn|28
|
|move|p1a: Kommo-o|Protect|p1a: Kommo-o
|-singleturn|p1a: Kommo-o|Protect
|move|p2a: Spirit of fire.|Fire Blast|p1a: Kommo-o
|-activate|p1a: Kommo-o|move: Protect
|
|-heal|p1a: Kommo-o|24/100 brn|[from] item: Leftovers
|-damage|p1a: Kommo-o|18/100 brn|[from] brn
|upkeep
|turn|29
|j| Dugtriostan
|
|move|p1a: Kommo-o|Protect||[still]
|-fail|p1a: Kommo-o
|move|p2a: Spirit of fire.|Fire Blast|p1a: Kommo-o|[miss]
|-miss|p2a: Spirit of fire.|p1a: Kommo-o
|
|-heal|p1a: Kommo-o|24/100 brn|[from] item: Leftovers
|-damage|p1a: Kommo-o|18/100 brn|[from] brn
|upkeep
|turn|30
|j| Ichipanomi
|inactive|stavo cor libanese has 90 seconds left.
|
|switch|p2a: Condemnation Wings|Corviknight, M|100/100
|-damage|p2a: Condemnation Wings|88/100|[from] Stealth Rock
|switch|p1a: Reuniclus|Reuniclus, F|100/100
|
|-heal|p2a: Condemnation Wings|94/100|[from] item: Leftovers
|upkeep
|turn|31
|c| Dugtriostan|聚队怒抄啊啊啊啊啊啊啊啊啊啊啊啊啊啊啊啊啊啊啊啊啊啊啊啊啊啊啊啊啊啊啊啊啊啊啊啊
|
|move|p2a: Condemnation Wings|U-turn|p1a: Reuniclus
|-supereffective|p1a: Reuniclus
|-damage|p1a: Reuniclus|78/100
|
|switch|p2a: Spirit of fire.|Chandelure, F, shiny|100/100|[from]move: U-turn
|-damage|p2a: Spirit of fire.|76/100|[from] Stealth Rock
|move|p1a: Reuniclus|Thunder|p2a: Spirit of fire.|[miss]
|-miss|p1a: Reuniclus|p2a: Spirit of fire.
|
|upkeep
|turn|32
|
|switch|p1a: Obstagoon|Obstagoon, M|55/100 brn
|-damage|p1a: Obstagoon|43/100 brn|[from] Stealth Rock
|move|p2a: Spirit of fire.|Energy Ball|p1a: Obstagoon
|-damage|p1a: Obstagoon|0 fnt
|faint|p1a: Obstagoon
|
|upkeep
|
|switch|p1a: Reuniclus|Reuniclus, F|78/100
|turn|33
|
|move|p2a: Spirit of fire.|Energy Ball|p1a: Reuniclus
|-damage|p1a: Reuniclus|42/100
|move|p1a: Reuniclus|Thunder|p2a: Spirit of fire.
|-damage|p2a: Spirit of fire.|14/100
|
|upkeep
|turn|34
|
|switch|p2a: Walpurgisnacht.|Hatterene, F|84/100
|-damage|p2a: Walpurgisnacht.|72/100|[from] Stealth Rock
|move|p1a: Reuniclus|Recover|p1a: Reuniclus
|-heal|p1a: Reuniclus|92/100
|
|-heal|p2a: Walpurgisnacht.|78/100|[from] item: Leftovers
|upkeep
|turn|35
|
|move|p2a: Walpurgisnacht.|Calm Mind|p2a: Walpurgisnacht.
|-boost|p2a: Walpurgisnacht.|spa|1
|-boost|p2a: Walpurgisnacht.|spd|1
|move|p1a: Reuniclus|Thunder|p2a: Walpurgisnacht.
|-crit|p2a: Walpurgisnacht.
|-damage|p2a: Walpurgisnacht.|15/100
|
|-heal|p2a: Walpurgisnacht.|21/100|[from] item: Leftovers
|upkeep
|turn|36
|
|switch|p1a: Kommo-o|Kommo-o, M|18/100 brn
|-damage|p1a: Kommo-o|11/100 brn|[from] Stealth Rock
|move|p2a: Walpurgisnacht.|Draining Kiss|p1a: Kommo-o
|-supereffective|p1a: Kommo-o
|-damage|p1a: Kommo-o|0 fnt
|-heal|p2a: Walpurgisnacht.|30/100|[from] drain|[of] p1a: Kommo-o
|faint|p1a: Kommo-o
|
|-heal|p2a: Walpurgisnacht.|36/100|[from] item: Leftovers
|upkeep
|
|switch|p1a: Rotom|Rotom-Heat|38/100
|-damage|p1a: Rotom|13/100|[from] Stealth Rock
|turn|37
|j| SfizidiCalabria
|
|switch|p2a: Thin red line.|Toxapex, M, shiny|100/100
|-damage|p2a: Thin red line.|88/100|[from] Stealth Rock
|move|p1a: Rotom|Overheat|p2a: Thin red line.
|-resisted|p2a: Thin red line.
|-damage|p2a: Thin red line.|59/100
|-unboost|p1a: Rotom|spa|2
|
|-heal|p2a: Thin red line.|65/100|[from] item: Black Sludge
|upkeep
|turn|38
|
|switch|p1a: Reuniclus|Reuniclus, F|92/100
|move|p2a: Thin red line.|Scald|p1a: Reuniclus
|-damage|p1a: Reuniclus|76/100
|-status|p1a: Reuniclus|brn
|
|-heal|p2a: Thin red line.|71/100|[from] item: Black Sludge
|upkeep
|turn|39
|j| TheLindomar
|
|move|p2a: Thin red line.|Scald|p1a: Reuniclus
|-damage|p1a: Reuniclus|61/100 brn
|move|p1a: Reuniclus|Recover|p1a: Reuniclus
|-heal|p1a: Reuniclus|100/100 brn
|
|-heal|p2a: Thin red line.|77/100|[from] item: Black Sludge
|upkeep
|turn|40
|
|move|p2a: Thin red line.|Recover|p2a: Thin red line.
|-heal|p2a: Thin red line.|100/100
|move|p1a: Reuniclus|Psychic|p2a: Thin red line.
|-supereffective|p2a: Thin red line.
|-damage|p2a: Thin red line.|18/100
|
|-heal|p2a: Thin red line.|24/100|[from] item: Black Sludge
|upkeep
|turn|41
|
|move|p2a: Thin red line.|Scald|p1a: Reuniclus
|-damage|p1a: Reuniclus|85/100 brn
|move|p1a: Reuniclus|Psychic|p2a: Thin red line.
|-supereffective|p2a: Thin red line.
|-damage|p2a: Thin red line.|0 fnt
|faint|p2a: Thin red line.
|
|upkeep
|
|switch|p2a: Walpurgisnacht.|Hatterene, F|36/100
|-damage|p2a: Walpurgisnacht.|24/100|[from] Stealth Rock
|turn|42
|
|move|p2a: Walpurgisnacht.|Draining Kiss|p1a: Reuniclus
|-damage|p1a: Reuniclus|58/100 brn
|-heal|p2a: Walpurgisnacht.|51/100|[from] drain|[of] p1a: Reuniclus
|move|p1a: Reuniclus|Thunder|p2a: Walpurgisnacht.
|-damage|p2a: Walpurgisnacht.|9/100
|
|-heal|p2a: Walpurgisnacht.|15/100|[from] item: Leftovers
|upkeep
|turn|43
|
|move|p2a: Walpurgisnacht.|Draining Kiss|p1a: Reuniclus
|-damage|p1a: Reuniclus|32/100 brn
|-heal|p2a: Walpurgisnacht.|41/100|[from] drain|[of] p1a: Reuniclus
|move|p1a: Reuniclus|Thunder|p2a: Walpurgisnacht.|[miss]
|-miss|p1a: Reuniclus|p2a: Walpurgisnacht.
|
|-heal|p2a: Walpurgisnacht.|47/100|[from] item: Leftovers
|upkeep
|turn|44
|j| k7
|c|☆stavo cor libanese|porco
|c|☆stavo cor libanese|dio
|
|move|p2a: Walpurgisnacht.|Calm Mind|p2a: Walpurgisnacht.
|-boost|p2a: Walpurgisnacht.|spa|1
|-boost|p2a: Walpurgisnacht.|spd|1
|move|p1a: Reuniclus|Thunder|p2a: Walpurgisnacht.
|-damage|p2a: Walpurgisnacht.|15/100
|-status|p2a: Walpurgisnacht.|par
|
|-heal|p2a: Walpurgisnacht.|21/100 par|[from] item: Leftovers
|upkeep
|turn|45
|
|move|p1a: Reuniclus|Energy Ball|p2a: Walpurgisnacht.
|-damage|p2a: Walpurgisnacht.|0 fnt
|faint|p2a: Walpurgisnacht.
|
|upkeep
|
|switch|p2a: Condemnation Wings|Corviknight, M|94/100
|-damage|p2a: Condemnation Wings|82/100|[from] Stealth Rock
|turn|46
|j| grammar R us
|
|move|p2a: Condemnation Wings|Defog|p1a: Reuniclus
|-unboost|p1a: Reuniclus|evasion|1
|-sideend|p1: stavo cor libanese|Stealth Rock|[from] move: Defog|[of] p2a: Condemnation Wings
|-sideend|p2: Dawnmoon昼月.|Stealth Rock|[from] move: Defog|[of] p2a: Condemnation Wings
|move|p1a: Reuniclus|Recover|p1a: Reuniclus
|-heal|p1a: Reuniclus|82/100 brn
|
|-heal|p2a: Condemnation Wings|88/100|[from] item: Leftovers
|upkeep
|turn|47
|
|move|p2a: Condemnation Wings|U-turn|p1a: Reuniclus
|-supereffective|p1a: Reuniclus
|-damage|p1a: Reuniclus|63/100 brn
|
|switch|p2a: Blazblue.|Ditto, shiny|42/100|[from]move: U-turn
|-transform|p2a: Blazblue.|p1a: Reuniclus|[from] ability: Imposter
|move|p1a: Reuniclus|Thunder|p2a: Blazblue.
|-damage|p2a: Blazblue.|0 fnt
|faint|p2a: Blazblue.
|
|upkeep
|
|switch|p2a: Spirit of fire.|Chandelure, F, shiny|14/100
|turn|48
|
|move|p2a: Spirit of fire.|Shadow Ball|p1a: Reuniclus
|-supereffective|p1a: Reuniclus
|-damage|p1a: Reuniclus|0 fnt
|faint|p1a: Reuniclus
|
|upkeep
|
|switch|p1a: Clefable|Clefable, F|17/100
|turn|49
|
|move|p1a: Clefable|Protect|p1a: Clefable
|-singleturn|p1a: Clefable|Protect
|move|p2a: Spirit of fire.|Shadow Ball|p1a: Clefable
|-activate|p1a: Clefable|move: Protect
|
|-heal|p1a: Clefable|23/100|[from] item: Leftovers
|upkeep
|turn|50
|
|move|p1a: Clefable|Protect|p1a: Clefable
|-singleturn|p1a: Clefable|Protect
|move|p2a: Spirit of fire.|Shadow Ball|p1a: Clefable
|-activate|p1a: Clefable|move: Protect
|
|-heal|p1a: Clefable|29/100|[from] item: Leftovers
|upkeep
|turn|51
|
|switch|p1a: Rotom|Rotom-Heat|13/100
|move|p2a: Spirit of fire.|Shadow Ball|p1a: Rotom
|-damage|p1a: Rotom|0 fnt
|faint|p1a: Rotom
|
|upkeep
|
|switch|p1a: Clefable|Clefable, F|29/100
|turn|52
|
|move|p1a: Clefable|Protect|p1a: Clefable
|-singleturn|p1a: Clefable|Protect
|move|p2a: Spirit of fire.|Shadow Ball|p1a: Clefable
|-activate|p1a: Clefable|move: Protect
|
|-heal|p1a: Clefable|36/100|[from] item: Leftovers
|upkeep
|turn|53
|
|move|p1a: Clefable|Protect||[still]
|-fail|p1a: Clefable
|move|p2a: Spirit of fire.|Shadow Ball|p1a: Clefable
|-damage|p1a: Clefable|0 fnt
|faint|p1a: Clefable
|
|win|Dawnmoon昼月.
|raw|stavo cor libanese's rating: 1894 → 1873(-21 for losing)
|raw|Dawnmoon昼月.'s rating: 1866 → 1887(+21 for winning)
