|ScrapeTime|2020-01-03-01:46:24
|j|☆Charmalane
|j|☆Stanefix
|player|p1|Charmalane|92|1552
|player|p2|Stanefix|1|1484
|teamsize|p1|6
|teamsize|p2|6
|gametype|singles
|gen|8
|tier|[Gen 8] OU
|rated|
|rule|Sleep Clause Mod: Limit one foe put to sleep
|rule|Species Clause: Limit one of each Pokémon
|rule|OHKO Clause: OHKO moves are banned
|rule|Evasion Moves Clause: Evasion moves are banned
|rule|Endless Battle Clause: Forcing endless battles is banned
|rule|HP Percentage Mod: HP is shown in percentages
|clearpoke
|poke|p1|Milotic, F|
|poke|p1|Ditto|
|poke|p1|Bisharp, F|
|poke|p1|Dragapult, M|
|poke|p1|Ferrothorn, M|
|poke|p1|Claydol|
|poke|p2|Grimmsnarl, M|
|poke|p2|Aegislash, M|
|poke|p2|Excadrill, F|
|poke|p2|Dragapult, M|
|poke|p2|Hawlucha, F|
|poke|p2|Gyarados, M|
|rule|Dynamax Clause: You cannot dynamax
|teampreview
|
|start
|switch|p1a: Kat Kraydel|Claydol|100/100
|switch|p2a: Wishful Thinking|Excadrill, F|100/100
|-ability|p2a: Wishful Thinking|Mold Breaker
|turn|1
|inactive|Battle timer is ON: inactive players will automatically lose when time's up. (requested by Charmalane)
|inactive|Stanefix has 120 seconds left.
|inactive|Stanefix has 90 seconds left.
|inactive|Stanefix has 60 seconds left.
|
|move|p2a: Wishful Thinking|Earthquake|p1a: Kat Kraydel
|-damage|p1a: Kat Kraydel|58/100
|move|p1a: Kat Kraydel|Stealth Rock|p2a: Wishful Thinking
|-sidestart|p2: Stanefix|move: Stealth Rock
|
|upkeep
|turn|2
|
|move|p2a: Wishful Thinking|Rapid Spin|p1a: Kat Kraydel
|-damage|p1a: Kat Kraydel|44/100
|-sideend|p2: Stanefix|Stealth Rock|[from] move: Rapid Spin|[of] p2a: Wishful Thinking
|-boost|p2a: Wishful Thinking|spe|1
|-enditem|p1a: Kat Kraydel|Sitrus Berry|[eat]
|-heal|p1a: Kat Kraydel|69/100|[from] item: Sitrus Berry
|move|p1a: Kat Kraydel|Earthquake|p2a: Wishful Thinking
|-supereffective|p2a: Wishful Thinking
|-damage|p2a: Wishful Thinking|28/100
|
|upkeep
|turn|3
|
|move|p2a: Wishful Thinking|Stealth Rock|p1a: Kat Kraydel
|-sidestart|p1: Charmalane|move: Stealth Rock
|move|p1a: Kat Kraydel|Stealth Rock|p2a: Wishful Thinking
|-sidestart|p2: Stanefix|move: Stealth Rock
|
|upkeep
|turn|4
|
|move|p2a: Wishful Thinking|Rapid Spin|p1a: Kat Kraydel
|-damage|p1a: Kat Kraydel|54/100
|-sideend|p2: Stanefix|Stealth Rock|[from] move: Rapid Spin|[of] p2a: Wishful Thinking
|-boost|p2a: Wishful Thinking|spe|1
|move|p1a: Kat Kraydel|Rapid Spin|p2a: Wishful Thinking
|-resisted|p2a: Wishful Thinking
|-damage|p2a: Wishful Thinking|22/100
|-sideend|p1: Charmalane|Stealth Rock|[from] move: Rapid Spin|[of] p1a: Kat Kraydel
|-boost|p1a: Kat Kraydel|spe|1
|
|upkeep
|turn|5
|
|move|p2a: Wishful Thinking|Stealth Rock|p1a: Kat Kraydel
|-sidestart|p1: Charmalane|move: Stealth Rock
|move|p1a: Kat Kraydel|Rapid Spin|p2a: Wishful Thinking
|-resisted|p2a: Wishful Thinking
|-damage|p2a: Wishful Thinking|16/100
|-sideend|p1: Charmalane|Stealth Rock|[from] move: Rapid Spin|[of] p1a: Kat Kraydel
|-boost|p1a: Kat Kraydel|spe|1
|
|upkeep
|turn|6
|inactive|Stanefix has 120 seconds left.
|
|move|p2a: Wishful Thinking|Earthquake|p1a: Kat Kraydel
|-damage|p1a: Kat Kraydel|14/100
|move|p1a: Kat Kraydel|Stealth Rock|p2a: Wishful Thinking
|-sidestart|p2: Stanefix|move: Stealth Rock
|
|upkeep
|turn|7
|inactive|Stanefix has 120 seconds left.
|
|switch|p1a: Kalle Demos|Ferrothorn, M|100/100
|move|p2a: Wishful Thinking|Earthquake|p1a: Kalle Demos
|-crit|p1a: Kalle Demos
|-damage|p1a: Kalle Demos|50/100
|
|-heal|p1a: Kalle Demos|56/100|[from] item: Leftovers
|upkeep
|turn|8
|
|move|p2a: Wishful Thinking|Rapid Spin|p1a: Kalle Demos
|-resisted|p1a: Kalle Demos
|-damage|p1a: Kalle Demos|51/100
|-damage|p2a: Wishful Thinking|3/100|[from] ability: Iron Barbs|[of] p1a: Kalle Demos
|-sideend|p2: Stanefix|Stealth Rock|[from] move: Rapid Spin|[of] p2a: Wishful Thinking
|-boost|p2a: Wishful Thinking|spe|1
|move|p1a: Kalle Demos|Spikes|p2a: Wishful Thinking
|-sidestart|p2: Stanefix|Spikes
|
|-heal|p1a: Kalle Demos|57/100|[from] item: Leftovers
|upkeep
|turn|9
|
|move|p2a: Wishful Thinking|Stealth Rock|p1a: Kalle Demos
|-sidestart|p1: Charmalane|move: Stealth Rock
|move|p1a: Kalle Demos|Spikes|p2a: Wishful Thinking
|-sidestart|p2: Stanefix|Spikes
|
|-heal|p1a: Kalle Demos|63/100|[from] item: Leftovers
|upkeep
|turn|10
|
|move|p2a: Wishful Thinking|Earthquake|p1a: Kalle Demos
|-damage|p1a: Kalle Demos|31/100
|move|p1a: Kalle Demos|Spikes|p2a: Wishful Thinking
|-sidestart|p2: Stanefix|Spikes
|
|-heal|p1a: Kalle Demos|37/100|[from] item: Leftovers
|upkeep
|turn|11
|
|move|p1a: Kalle Demos|Protect|p1a: Kalle Demos
|-singleturn|p1a: Kalle Demos|Protect
|move|p2a: Wishful Thinking|Earthquake|p1a: Kalle Demos
|-activate|p1a: Kalle Demos|move: Protect
|
|-heal|p1a: Kalle Demos|43/100|[from] item: Leftovers
|upkeep
|turn|12
|
|move|p2a: Wishful Thinking|Earthquake|p1a: Kalle Demos
|-damage|p1a: Kalle Demos|12/100
|move|p1a: Kalle Demos|Leech Seed|p2a: Wishful Thinking
|-start|p2a: Wishful Thinking|move: Leech Seed
|
|-heal|p1a: Kalle Demos|18/100|[from] item: Leftovers
|-damage|p2a: Wishful Thinking|0 fnt|[from] Leech Seed|[of] p1a: Kalle Demos
|-heal|p1a: Kalle Demos|21/100|[silent]
|faint|p2a: Wishful Thinking
|upkeep
|
|switch|p2a: Afterlife|Hawlucha, F|100/100
|turn|13
|
|move|p2a: Afterlife|Substitute|p2a: Afterlife
|-start|p2a: Afterlife|Substitute
|-damage|p2a: Afterlife|76/100
|move|p1a: Kalle Demos|Gyro Ball|p2a: Afterlife
|-end|p2a: Afterlife|Substitute
|
|-heal|p1a: Kalle Demos|27/100|[from] item: Leftovers
|upkeep
|turn|14
|
|move|p2a: Afterlife|Close Combat|p1a: Kalle Demos
|-supereffective|p1a: Kalle Demos
|-damage|p1a: Kalle Demos|0 fnt
|-damage|p2a: Afterlife|63/100|[from] ability: Iron Barbs|[of] p1a: Kalle Demos
|-unboost|p2a: Afterlife|def|1
|-unboost|p2a: Afterlife|spd|1
|-enditem|p2a: Afterlife|White Herb
|-clearnegativeboost|p2a: Afterlife|[silent]
|faint|p1a: Kalle Demos
|
|upkeep
|
|switch|p1a: Mizu|Milotic, F|100/100
|-damage|p1a: Mizu|88/100|[from] Stealth Rock
|turn|15
|
|move|p2a: Afterlife|Swords Dance|p2a: Afterlife
|-boost|p2a: Afterlife|atk|2
|move|p1a: Mizu|Ice Beam|p2a: Afterlife
|-supereffective|p2a: Afterlife
|-damage|p2a: Afterlife|0 fnt
|faint|p2a: Afterlife
|
|-heal|p1a: Mizu|94/100|[from] item: Leftovers
|upkeep
|
|switch|p2a: Evil Spider|Grimmsnarl, M|100/100
|-damage|p2a: Evil Spider|76/100|[from] Spikes
|turn|16
|
|move|p2a: Evil Spider|Light Screen|p2a: Evil Spider
|-sidestart|p2: Stanefix|move: Light Screen
|move|p1a: Mizu|Scald|p2a: Evil Spider
|-damage|p2a: Evil Spider|61/100
|
|-heal|p1a: Mizu|99/100|[from] item: Leftovers
|upkeep
|turn|17
|
|move|p2a: Evil Spider|Reflect|p2a: Evil Spider
|-sidestart|p2: Stanefix|Reflect
|move|p1a: Mizu|Scald|p2a: Evil Spider
|-damage|p2a: Evil Spider|45/100
|
|-heal|p1a: Mizu|100/100|[from] item: Leftovers
|upkeep
|turn|18
|
|move|p2a: Evil Spider|Taunt|p1a: Mizu
|-start|p1a: Mizu|move: Taunt
|move|p1a: Mizu|Scald|p2a: Evil Spider
|-damage|p2a: Evil Spider|30/100
|
|upkeep
|turn|19
|
|switch|p2a: Dragapult|Dragapult, M|100/100
|-damage|p2a: Dragapult|76/100|[from] Spikes
|move|p1a: Mizu|Scald|p2a: Dragapult
|-resisted|p2a: Dragapult
|-damage|p2a: Dragapult|67/100
|-status|p2a: Dragapult|brn
|
|-damage|p2a: Dragapult|61/100 brn|[from] brn
|upkeep
|turn|20
|
|switch|p1a: Kat Kraydel|Claydol|14/100
|-damage|p1a: Kat Kraydel|8/100|[from] Stealth Rock
|move|p2a: Dragapult|Dragon Darts|p1a: Kat Kraydel
|-damage|p1a: Kat Kraydel|0 fnt
|-hitcount|p1a: Kat Kraydel|1
|faint|p1a: Kat Kraydel
|
|-damage|p2a: Dragapult|55/100 brn|[from] brn
|upkeep
|inactive|Charmalane has 120 seconds left.
|
|switch|p1a: Undyne|Bisharp, F|100/100
|-damage|p1a: Undyne|95/100|[from] Stealth Rock
|turn|21
|
|move|p2a: Dragapult|Dragon Darts|p1a: Undyne
|-resisted|p1a: Undyne
|-damage|p1a: Undyne|84/100
|-resisted|p1a: Undyne
|-damage|p1a: Undyne|74/100
|-hitcount|p1a: Undyne|2
|move|p1a: Undyne|Swords Dance|p1a: Undyne
|-boost|p1a: Undyne|atk|2
|
|-damage|p2a: Dragapult|49/100 brn|[from] brn
|upkeep
|turn|22
|
|move|p2a: Dragapult|Dragon Darts|p1a: Undyne
|-resisted|p1a: Undyne
|-damage|p1a: Undyne|64/100
|-resisted|p1a: Undyne
|-damage|p1a: Undyne|53/100
|-hitcount|p1a: Undyne|2
|move|p1a: Undyne|Swords Dance|p1a: Undyne
|-boost|p1a: Undyne|atk|2
|
|-damage|p2a: Dragapult|43/100 brn|[from] brn
|upkeep
|turn|23
|
|move|p1a: Undyne|Sucker Punch||[still]
|-fail|p1a: Undyne
|move|p2a: Dragapult|Substitute|p2a: Dragapult
|-start|p2a: Dragapult|Substitute
|-damage|p2a: Dragapult|18/100 brn
|
|-damage|p2a: Dragapult|12/100 brn|[from] brn
|-sideend|p2: Stanefix|move: Light Screen
|upkeep
|turn|24
|
|move|p2a: Dragapult|Dragon Darts|p1a: Undyne
|-resisted|p1a: Undyne
|-damage|p1a: Undyne|42/100
|-resisted|p1a: Undyne
|-damage|p1a: Undyne|31/100
|-hitcount|p1a: Undyne|2
|move|p1a: Undyne|Throat Chop|p2a: Dragapult
|-supereffective|p2a: Dragapult
|-end|p2a: Dragapult|Substitute
|
|-damage|p2a: Dragapult|6/100 brn|[from] brn
|-sideend|p2: Stanefix|Reflect
|upkeep
|turn|25
|
|move|p1a: Undyne|Sucker Punch|p2a: Dragapult
|-supereffective|p2a: Dragapult
|-damage|p2a: Dragapult|0 fnt
|faint|p2a: Dragapult
|
|upkeep
|
|switch|p2a: Evil Spider|Grimmsnarl, M|30/100
|-damage|p2a: Evil Spider|5/100|[from] Spikes
|turn|26
|
|move|p2a: Evil Spider|Thunder Wave|p1a: Undyne
|-hint|Since gen 7, Dark is immune to Prankster moves.
|-immune|p1a: Undyne
|move|p1a: Undyne|Throat Chop|p2a: Evil Spider
|-resisted|p2a: Evil Spider
|-damage|p2a: Evil Spider|0 fnt
|faint|p2a: Evil Spider
|
|upkeep
|
|switch|p2a: Soaked|Gyarados, M|100/100
|turn|27
|
|move|p2a: Soaked|Dragon Dance|p2a: Soaked
|-boost|p2a: Soaked|atk|1
|-boost|p2a: Soaked|spe|1
|move|p1a: Undyne|Throat Chop|p2a: Soaked
|-damage|p2a: Soaked|0 fnt
|faint|p2a: Soaked
|
|upkeep
|l|☆Stanefix
|inactive|Stanefix disconnected and has a minute to reconnect!
|player|p2|
|inactive|Stanefix has 30 seconds to reconnect!
|inactive|Stanefix has 20 seconds to reconnect!
|inactive|Stanefix has 15 seconds to reconnect!
|inactive|Stanefix has 10 seconds to reconnect!
|inactive|Stanefix has 5 seconds to reconnect!
|-message|Stanefix lost due to inactivity.
|
|win|Charmalane
