|ScrapeTime|2020-01-01-06:25:01
|j|☆A Surfing-Raichu
|j|☆SSSSSSlizard
|player|p1|A Surfing-Raichu|drayden|1267
|player|p2|SSSSSSlizard|2|1243
|teamsize|p1|6
|teamsize|p2|6
|gametype|singles
|gen|8
|tier|[Gen 8] OU
|rated|
|rule|Sleep Clause Mod: Limit one foe put to sleep
|rule|Species Clause: Limit one of each Pokémon
|rule|OHKO Clause: OHKO moves are banned
|rule|Evasion Moves Clause: Evasion moves are banned
|rule|Endless Battle Clause: Forcing endless battles is banned
|rule|HP Percentage Mod: HP is shown in percentages
|clearpoke
|poke|p1|Weavile, F|
|poke|p1|Clefable, F|
|poke|p1|Galvantula, M|
|poke|p1|Dracovish|
|poke|p1|Chandelure, M|
|poke|p1|Bisharp, M|
|poke|p2|Torkoal, F|
|poke|p2|Cinderace, F|
|poke|p2|Heliolisk, M|
|poke|p2|Rotom-Wash|
|poke|p2|Mamoswine, F|
|poke|p2|Corsola-Galar, F|
|rule|Dynamax Clause: You cannot dynamax
|teampreview
|inactive|Battle timer is ON: inactive players will automatically lose when time's up. (requested by A Surfing-Raichu)
|
|start
|switch|p1a: Weavile|Weavile, F|100/100
|switch|p2a: Torkoal|Torkoal, F|100/100
|-ability|p1a: Weavile|Pressure
|-weather|SunnyDay|[from] ability: Drought|[of] p2a: Torkoal
|turn|1
|
|move|p1a: Weavile|Swords Dance|p1a: Weavile
|-boost|p1a: Weavile|atk|2
|move|p2a: Torkoal|Lava Plume|p1a: Weavile
|-supereffective|p1a: Weavile
|-damage|p1a: Weavile|6/100
|
|-weather|SunnyDay|[upkeep]
|upkeep
|turn|2
|
|move|p1a: Weavile|Beat Up|p2a: Torkoal
|-damage|p2a: Torkoal|91/100
|-damage|p2a: Torkoal|85/100
|-damage|p2a: Torkoal|78/100
|-damage|p2a: Torkoal|70/100
|-damage|p2a: Torkoal|65/100
|-damage|p2a: Torkoal|55/100
|-hitcount|p2a: Torkoal|6
|move|p2a: Torkoal|Lava Plume|p1a: Weavile
|-supereffective|p1a: Weavile
|-damage|p1a: Weavile|0 fnt
|faint|p1a: Weavile
|
|-weather|SunnyDay|[upkeep]
|upkeep
|
|switch|p1a: Galvantula|Galvantula, M|100/100
|turn|3
|
|move|p1a: Galvantula|Sticky Web|p2a: Torkoal
|-sidestart|p2: SSSSSSlizard|move: Sticky Web
|move|p2a: Torkoal|Rapid Spin|p1a: Galvantula
|-damage|p1a: Galvantula|84/100
|-sideend|p2: SSSSSSlizard|Sticky Web|[from] move: Rapid Spin|[of] p2a: Torkoal
|-boost|p2a: Torkoal|spe|1
|
|-weather|SunnyDay|[upkeep]
|upkeep
|turn|4
|
|switch|p2a: Heliolisk|Heliolisk, M|100/100
|move|p1a: Galvantula|Thunder Wave|p2a: Heliolisk
|-immune|p2a: Heliolisk
|
|-weather|SunnyDay|[upkeep]
|-damage|p2a: Heliolisk|88/100|[from] ability: Solar Power|[of] p2a: Heliolisk
|upkeep
|turn|5
|
|move|p2a: Heliolisk|Hyper Voice|p1a: Galvantula
|-damage|p1a: Galvantula|0 fnt
|faint|p1a: Galvantula
|
|-weather|SunnyDay|[upkeep]
|-damage|p2a: Heliolisk|76/100|[from] ability: Solar Power|[of] p2a: Heliolisk
|upkeep
|inactive|A Surfing-Raichu has 120 seconds left.
|
|switch|p1a: Chandelure|Chandelure, M|100/100
|turn|6
|
|switch|p2a: Rotom|Rotom-Wash|100/100
|move|p1a: Chandelure|Fire Blast|p2a: Rotom
|-resisted|p2a: Rotom
|-damage|p2a: Rotom|62/100
|
|-weather|SunnyDay|[upkeep]
|-heal|p2a: Rotom|68/100|[from] item: Leftovers
|upkeep
|turn|7
|
|switch|p2a: Cinderace|Cinderace, F|100/100
|move|p1a: Chandelure|Energy Ball|p2a: Cinderace
|-resisted|p2a: Cinderace
|-damage|p2a: Cinderace|75/100
|
|-weather|SunnyDay|[upkeep]
|upkeep
|turn|8
|
|switch|p1a: Clefable|Clefable, F|100/100
|move|p2a: Cinderace|Sucker Punch||[still]
|-fail|p2a: Cinderace
|
|-weather|none
|upkeep
|turn|9
|
|switch|p2a: Torkoal|Torkoal, F|55/100
|-weather|SunnyDay|[from] ability: Drought|[of] p2a: Torkoal
|move|p1a: Clefable|Wish|p1a: Clefable
|
|-weather|SunnyDay|[upkeep]
|upkeep
|turn|10
|
|switch|p2a: Cinderace|Cinderace, F|75/100
|move|p1a: Clefable|Thunder Wave|p2a: Cinderace
|-status|p2a: Cinderace|par
|
|-weather|SunnyDay|[upkeep]
|upkeep
|turn|11
|
|move|p1a: Clefable|Fire Blast|p2a: Cinderace
|-resisted|p2a: Cinderace
|-damage|p2a: Cinderace|35/100 par
|move|p2a: Cinderace|Pyro Ball|p1a: Clefable|[miss]
|-miss|p2a: Cinderace|p1a: Clefable
|
|-weather|SunnyDay|[upkeep]
|upkeep
|turn|12
|
|move|p1a: Clefable|Fire Blast|p2a: Cinderace
|-resisted|p2a: Cinderace
|-damage|p2a: Cinderace|0 fnt
|faint|p2a: Cinderace
|
|-weather|SunnyDay|[upkeep]
|upkeep
|
|switch|p2a: Heliolisk|Heliolisk, M|76/100
|turn|13
|
|move|p2a: Heliolisk|Thunderbolt|p1a: Clefable
|-damage|p1a: Clefable|0 fnt
|faint|p1a: Clefable
|
|-weather|SunnyDay|[upkeep]
|-damage|p2a: Heliolisk|63/100|[from] ability: Solar Power|[of] p2a: Heliolisk
|upkeep
|
|switch|p1a: Chandelure|Chandelure, M|100/100
|turn|14
|
|move|p2a: Heliolisk|Thunderbolt|p1a: Chandelure
|-enditem|p1a: Chandelure|Focus Sash
|-damage|p1a: Chandelure|1/100
|move|p1a: Chandelure|Fire Blast|p2a: Heliolisk
|-damage|p2a: Heliolisk|0 fnt
|faint|p2a: Heliolisk
|
|-weather|SunnyDay|[upkeep]
|upkeep
|
|switch|p2a: Mamoswine|Mamoswine, F|100/100
|turn|15
|
|move|p2a: Mamoswine|Ice Shard|p1a: Chandelure
|-resisted|p1a: Chandelure
|-damage|p1a: Chandelure|0 fnt
|-damage|p2a: Mamoswine|91/100|[from] item: Life Orb
|faint|p1a: Chandelure
|
|-weather|SunnyDay|[upkeep]
|upkeep
|
|switch|p1a: Dracovish|Dracovish|100/100
|turn|16
|
|switch|p2a: Corsola|Corsola-Galar, F|100/100
|move|p1a: Dracovish|Substitute|p1a: Dracovish
|-start|p1a: Dracovish|Substitute
|-damage|p1a: Dracovish|76/100
|
|-weather|none
|upkeep
|turn|17
|
|move|p1a: Dracovish|Fishious Rend|p2a: Corsola
|-damage|p2a: Corsola|37/100
|-start|p1a: Dracovish|Disable|Fishious Rend|[from] ability: Cursed Body|[of] p2a: Corsola
|move|p2a: Corsola|Hex|p1a: Dracovish
|-activate|p1a: Dracovish|move: Substitute|[damage]
|
|upkeep
|turn|18
|
|move|p1a: Dracovish|Psychic Fangs|p2a: Corsola
|-damage|p2a: Corsola|15/100
|move|p2a: Corsola|Hex|p1a: Dracovish
|-end|p1a: Dracovish|Substitute
|
|upkeep
|turn|19
|
|move|p1a: Dracovish|Substitute|p1a: Dracovish
|-start|p1a: Dracovish|Substitute
|-damage|p1a: Dracovish|51/100
|move|p2a: Corsola|Strength Sap||[still]
|-fail|p2a: Corsola
|
|upkeep
|turn|20
|-message|SSSSSSlizard forfeited.
|
|win|A Surfing-Raichu
|l|☆SSSSSSlizard
