|ScrapeTime|2020-01-01-18:56:38
|j|☆KFC Chizza
|j|☆GEN 8 JESUS
|player|p1|KFC Chizza|167|1761
|player|p2|GEN 8 JESUS|baker|1791
|teamsize|p1|6
|teamsize|p2|6
|gametype|singles
|gen|8
|tier|[Gen 8] OU
|rated|
|rule|Sleep Clause Mod: Limit one foe put to sleep
|rule|Species Clause: Limit one of each Pokémon
|rule|OHKO Clause: OHKO moves are banned
|rule|Evasion Moves Clause: Evasion moves are banned
|rule|Endless Battle Clause: Forcing endless battles is banned
|rule|HP Percentage Mod: HP is shown in percentages
|clearpoke
|poke|p1|Hydreigon, M|
|poke|p1|Cinderace, M|
|poke|p1|Corviknight, M|
|poke|p1|Milotic, M|
|poke|p1|Clefable, F|
|poke|p1|Dugtrio, M|
|poke|p2|Rotom-Mow|
|poke|p2|Sylveon, M|
|poke|p2|Hippowdon, F|
|poke|p2|Excadrill, F|
|poke|p2|Toxapex, F|
|poke|p2|Kommo-o, M|
|rule|Dynamax Clause: You cannot dynamax
|teampreview
|j| yoshiguy15
|inactive|Battle timer is ON: inactive players will automatically lose when time's up. (requested by KFC Chizza)
|
|start
|switch|p1a: Cinderace|Cinderace, M, shiny|100/100
|switch|p2a: Hippowdon|Hippowdon, F|100/100
|-weather|Sandstorm|[from] ability: Sand Stream|[of] p2a: Hippowdon
|turn|1
|j| gueladio
|
|move|p1a: Cinderace|U-turn|p2a: Hippowdon
|-damage|p2a: Hippowdon|81/100
|
|switch|p1a: Corviknight|Corviknight, M|100/100|[from]move: U-turn
|-ability|p1a: Corviknight|Pressure
|move|p2a: Hippowdon|Stealth Rock|p1a: Corviknight
|-sidestart|p1: KFC Chizza|move: Stealth Rock
|
|-weather|Sandstorm|[upkeep]
|upkeep
|turn|2
|
|switch|p2a: Rotom|Rotom-Mow|100/100
|move|p1a: Corviknight|Defog|p2a: Rotom
|-unboost|p2a: Rotom|evasion|1
|-sideend|p1: KFC Chizza|Stealth Rock|[from] move: Defog|[of] p1a: Corviknight
|
|-weather|Sandstorm|[upkeep]
|-damage|p2a: Rotom|94/100|[from] Sandstorm
|-heal|p2a: Rotom|100/100|[from] item: Leftovers
|upkeep
|turn|3
|
|move|p2a: Rotom|Discharge|p1a: Corviknight
|-supereffective|p1a: Corviknight
|-damage|p1a: Corviknight|49/100
|-status|p1a: Corviknight|par
|move|p1a: Corviknight|U-turn|p2a: Rotom
|-supereffective|p2a: Rotom
|-damage|p2a: Rotom|63/100
|
|switch|p1a: Cinderace|Cinderace, M, shiny|100/100|[from]move: U-turn
|
|-weather|Sandstorm|[upkeep]
|-damage|p1a: Cinderace|95/100|[from] Sandstorm
|-damage|p2a: Rotom|57/100|[from] Sandstorm
|-heal|p2a: Rotom|63/100|[from] item: Leftovers
|upkeep
|turn|4
|j|‽MegaStarUniverse
|j| 1% pure evil
|inactive|GEN 8 JESUS has 120 seconds left.
|j| 999Elo4Ever
|inactive|GEN 8 JESUS has 90 seconds left.
|j| ILoveKehlani
|inactive|GEN 8 JESUS has 60 seconds left.
|inactive|GEN 8 JESUS has 30 seconds left.
|inactive|GEN 8 JESUS has 20 seconds left.
|
|switch|p2a: Toxapex|Toxapex, F|100/100
|move|p1a: Cinderace|U-turn|p2a: Toxapex
|-resisted|p2a: Toxapex
|-damage|p2a: Toxapex|91/100
|inactive|GEN 8 JESUS has 25 seconds left this turn.
|j| Ayvee
|
|switch|p1a: Dugtrio|Dugtrio, M|100/100|[from]move: U-turn
|
|-weather|Sandstorm|[upkeep]
|-damage|p2a: Toxapex|84/100|[from] Sandstorm
|-heal|p2a: Toxapex|91/100|[from] item: Black Sludge
|upkeep
|turn|5
|inactive|GEN 8 JESUS has 30 seconds left.
|inactive|GEN 8 JESUS has 20 seconds left.
|c| Ayvee|you from trinidad KFC chizza?
|inactive|GEN 8 JESUS has 15 seconds left.
|inactive|GEN 8 JESUS has 10 seconds left.
|
|move|p2a: Toxapex|Baneful Bunker|p2a: Toxapex
|-singleturn|p2a: Toxapex|move: Protect
|move|p1a: Dugtrio|Earthquake|p2a: Toxapex
|-activate|p2a: Toxapex|move: Protect
|
|-weather|Sandstorm|[upkeep]
|-damage|p2a: Toxapex|84/100|[from] Sandstorm
|-heal|p2a: Toxapex|91/100|[from] item: Black Sludge
|upkeep
|turn|6
|inactive|GEN 8 JESUS has 20 seconds left this turn.
|c|☆KFC Chizza|no bro
|inactive|GEN 8 JESUS has 15 seconds left.
|inactive|GEN 8 JESUS has 10 seconds left.
|
|move|p1a: Dugtrio|Earthquake|p2a: Toxapex
|-supereffective|p2a: Toxapex
|-damage|p2a: Toxapex|37/100
|move|p2a: Toxapex|Scald|p1a: Dugtrio
|-supereffective|p1a: Dugtrio
|-damage|p1a: Dugtrio|35/100
|
|-weather|Sandstorm|[upkeep]
|-damage|p2a: Toxapex|30/100|[from] Sandstorm
|-heal|p2a: Toxapex|37/100|[from] item: Black Sludge
|upkeep
|turn|7
|inactive|GEN 8 JESUS has 20 seconds left this turn.
|
|move|p2a: Toxapex|Baneful Bunker|p2a: Toxapex
|-singleturn|p2a: Toxapex|move: Protect
|move|p1a: Dugtrio|Stealth Rock|p2a: Toxapex
|-sidestart|p2: GEN 8 JESUS|move: Stealth Rock
|
|-weather|Sandstorm|[upkeep]
|-damage|p2a: Toxapex|30/100|[from] Sandstorm
|-heal|p2a: Toxapex|37/100|[from] item: Black Sludge
|upkeep
|turn|8
|inactive|GEN 8 JESUS has 30 seconds left this turn.
|c|☆GEN 8 JESUS|what
|c|☆GEN 8 JESUS|the fuck
|c|☆GEN 8 JESUS|why
|inactive|GEN 8 JESUS has 20 seconds left.
|inactive|GEN 8 JESUS has 15 seconds left.
|j| Stall is coming
|c|☆GEN 8 JESUS|baneful bunker didnt even make sense
|inactive|GEN 8 JESUS has 10 seconds left.
|c|☆GEN 8 JESUS|whyd u click that
|
|move|p2a: Toxapex|Baneful Bunker||[still]
|-fail|p2a: Toxapex
|move|p1a: Dugtrio|Earthquake|p2a: Toxapex
|-supereffective|p2a: Toxapex
|-damage|p2a: Toxapex|0 fnt
|faint|p2a: Toxapex
|
|-weather|none
|upkeep
|inactive|GEN 8 JESUS has 15 seconds left this turn.
|
|switch|p2a: Hippowdon|Hippowdon, F|81/100
|-damage|p2a: Hippowdon|75/100|[from] Stealth Rock
|-weather|Sandstorm|[from] ability: Sand Stream|[of] p2a: Hippowdon
|turn|9
|inactive|GEN 8 JESUS has 25 seconds left this turn.
|j| Power-and-Finesse
|c|☆KFC Chizza|Experience
|c|☆GEN 8 JESUS|u risked everything for absolutely no reason
|j| Broutpassa
|c|☆KFC Chizza|High Risk high reward
|c| yoshiguy15|its predictable
|inactive|KFC Chizza has 120 seconds left.
|j| blvckcooper
|
|switch|p1a: Corviknight|Corviknight, M|49/100 par
|-ability|p1a: Corviknight|Pressure
|move|p2a: Hippowdon|Stealth Rock|p1a: Corviknight
|-sidestart|p1: KFC Chizza|move: Stealth Rock
|
|-weather|Sandstorm|[upkeep]
|-heal|p1a: Corviknight|55/100 par|[from] item: Leftovers
|upkeep
|turn|10
|inactive|GEN 8 JESUS has 30 seconds left.
|c| Ayvee|he could have kept momentum even if he lost dugtrio though
|
|switch|p2a: Rotom|Rotom-Mow|63/100
|-damage|p2a: Rotom|51/100|[from] Stealth Rock
|move|p1a: Corviknight|Roost|p1a: Corviknight
|-heal|p1a: Corviknight|100/100 par
|-singleturn|p1a: Corviknight|move: Roost
|
|-weather|Sandstorm|[upkeep]
|-damage|p2a: Rotom|44/100|[from] Sandstorm
|-heal|p2a: Rotom|51/100|[from] item: Leftovers
|upkeep
|turn|11
|c| yoshiguy15|yup
|inactive|KFC Chizza has 120 seconds left.
|inactive|GEN 8 JESUS has 30 seconds left.
|
|move|p2a: Rotom|Volt Switch|p1a: Corviknight
|-supereffective|p1a: Corviknight
|-damage|p1a: Corviknight|51/100 par
|
|switch|p2a: Excadrill|Excadrill, F|100/100|[from]move: Volt Switch
|-damage|p2a: Excadrill|97/100|[from] Stealth Rock
|move|p1a: Corviknight|U-turn|p2a: Excadrill
|-resisted|p2a: Excadrill
|-damage|p2a: Excadrill|87/100
|l| Power-and-Finesse
|inactive|KFC Chizza has 120 seconds left.
|
|switch|p1a: Milotic|Milotic, M|100/100|[from]move: U-turn
|-damage|p1a: Milotic|88/100|[from] Stealth Rock
|
|-weather|Sandstorm|[upkeep]
|-damage|p1a: Milotic|82/100|[from] Sandstorm
|-heal|p1a: Milotic|88/100|[from] item: Leftovers
|upkeep
|turn|12
|
|switch|p2a: Sylveon|Sylveon, M|100/100
|-damage|p2a: Sylveon|88/100|[from] Stealth Rock
|switch|p1a: Corviknight|Corviknight, M|51/100 par
|-damage|p1a: Corviknight|38/100 par|[from] Stealth Rock
|-ability|p1a: Corviknight|Pressure
|
|-weather|Sandstorm|[upkeep]
|-damage|p2a: Sylveon|82/100|[from] Sandstorm
|-heal|p2a: Sylveon|88/100|[from] item: Leftovers
|-heal|p1a: Corviknight|45/100 par|[from] item: Leftovers
|upkeep
|turn|13
|
|move|p2a: Sylveon|Mystical Fire|p1a: Corviknight
|-supereffective|p1a: Corviknight
|-damage|p1a: Corviknight|14/100 par
|-unboost|p1a: Corviknight|spa|1
|move|p1a: Corviknight|Roost|p1a: Corviknight
|-heal|p1a: Corviknight|64/100 par
|-singleturn|p1a: Corviknight|move: Roost
|
|-weather|Sandstorm|[upkeep]
|-damage|p2a: Sylveon|82/100|[from] Sandstorm
|-heal|p2a: Sylveon|88/100|[from] item: Leftovers
|-heal|p1a: Corviknight|70/100 par|[from] item: Leftovers
|upkeep
|turn|14
|
|move|p2a: Sylveon|Wish|p2a: Sylveon
|move|p1a: Corviknight|Roost|p1a: Corviknight
|-heal|p1a: Corviknight|100/100 par
|-singleturn|p1a: Corviknight|move: Roost
|
|-weather|Sandstorm|[upkeep]
|-damage|p2a: Sylveon|82/100|[from] Sandstorm
|-heal|p2a: Sylveon|88/100|[from] item: Leftovers
|upkeep
|turn|15
|j| Pablochu
|j| flameengo
|
|switch|p2a: Rotom|Rotom-Mow|51/100
|-damage|p2a: Rotom|38/100|[from] Stealth Rock
|move|p1a: Corviknight|U-turn|p2a: Rotom
|-supereffective|p2a: Rotom
|-damage|p2a: Rotom|0 fnt
|faint|p2a: Rotom
|l| blvckcooper
|c|☆GEN 8 JESUS|oh
|-message|GEN 8 JESUS forfeited.
|
|win|KFC Chizza
|l|☆GEN 8 JESUS
|c|☆KFC Chizza|Gg
|l| Pablochu
|l| Stall is coming
|raw|KFC Chizza's rating: 1761 → 1783(+22 for winning)
|raw|GEN 8 JESUS's rating: 1791 → 1770(-21 for losing)
|c| yoshiguy15|well play
|l| Broutpassa
|j| Seagate16TB
|l| flameengo
|l| yoshiguy15
|l| 1% pure evil
|l| gueladio
|j| Pablochu
|l| 999Elo4Ever
|l| Seagate16TB
