|ScrapeTime|2020-01-02-08:15:46
|j|☆Peacemann
|j|☆Showdown Guzma
|player|p1|Peacemann|musician|1509
|player|p2|Showdown Guzma|70|1397
|teamsize|p1|6
|teamsize|p2|6
|gametype|singles
|gen|8
|tier|[Gen 8] OU
|rated|
|rule|Sleep Clause Mod: Limit one foe put to sleep
|rule|Species Clause: Limit one of each Pokémon
|rule|OHKO Clause: OHKO moves are banned
|rule|Evasion Moves Clause: Evasion moves are banned
|rule|Endless Battle Clause: Forcing endless battles is banned
|rule|HP Percentage Mod: HP is shown in percentages
|clearpoke
|poke|p1|Seismitoad, F|
|poke|p1|Durant, F|
|poke|p1|Hydreigon, F|
|poke|p1|Excadrill, F|
|poke|p1|Dragapult, M|
|poke|p1|Machamp, F|
|poke|p2|Grimmsnarl, M|
|poke|p2|Corviknight, M|
|poke|p2|Seismitoad, M|
|poke|p2|Rotom-Heat|
|poke|p2|Dragapult, F|
|poke|p2|Roserade, F|
|rule|Dynamax Clause: You cannot dynamax
|teampreview
|j| Aquamkw
|
|start
|switch|p1a: Mon Fils|Durant, F|100/100
|switch|p2a: Roserade|Roserade, F|100/100
|turn|1
|
|switch|p2a: Corviknight|Corviknight, M|100/100
|-ability|p2a: Corviknight|Pressure
|move|p1a: Mon Fils|First Impression|p2a: Corviknight
|-resisted|p2a: Corviknight
|-damage|p2a: Corviknight|82/100
|
|-heal|p2a: Corviknight|88/100|[from] item: Leftovers
|upkeep
|turn|2
|
|switch|p1a: Kawhi FILS CADET|Machamp, F|100/100
|move|p2a: Corviknight|U-turn|p1a: Kawhi FILS CADET
|-resisted|p1a: Kawhi FILS CADET
|-damage|p1a: Kawhi FILS CADET|93/100
|
|switch|p2a: Yung Threat|Grimmsnarl, M|100/100|[from]move: U-turn
|
|-status|p1a: Kawhi FILS CADET|brn|[from] item: Flame Orb
|upkeep
|turn|3
|inactive|Battle timer is ON: inactive players will automatically lose when time's up. (requested by Peacemann)
|
|move|p2a: Yung Threat|Spirit Break|p1a: Kawhi FILS CADET
|-supereffective|p1a: Kawhi FILS CADET
|-damage|p1a: Kawhi FILS CADET|5/100 brn
|-unboost|p1a: Kawhi FILS CADET|spa|1
|move|p1a: Kawhi FILS CADET|Close Combat|p2a: Yung Threat
|-damage|p2a: Yung Threat|0 fnt
|-unboost|p1a: Kawhi FILS CADET|def|1
|-unboost|p1a: Kawhi FILS CADET|spd|1
|faint|p2a: Yung Threat
|
|-damage|p1a: Kawhi FILS CADET|0 fnt|[from] brn
|faint|p1a: Kawhi FILS CADET
|upkeep
|
|switch|p2a: Corviknight|Corviknight, M|88/100
|switch|p1a: La6T|Hydreigon, F|100/100
|-ability|p2a: Corviknight|Pressure
|turn|4
|
|move|p1a: La6T|Dark Pulse|p2a: Corviknight
|-damage|p2a: Corviknight|55/100
|move|p2a: Corviknight|U-turn|p1a: La6T
|-supereffective|p1a: La6T
|-damage|p1a: La6T|68/100
|
|switch|p2a: Roserade|Roserade, F|100/100|[from]move: U-turn
|
|-heal|p1a: La6T|75/100|[from] item: Leftovers
|upkeep
|turn|5
|
|switch|p2a: Rotom|Rotom-Heat|100/100
|move|p1a: La6T|Dark Pulse|p2a: Rotom
|-damage|p2a: Rotom|45/100
|
|-heal|p1a: La6T|81/100|[from] item: Leftovers
|upkeep
|turn|6
|
|move|p2a: Rotom|Volt Switch|p1a: La6T
|-resisted|p1a: La6T
|-damage|p1a: La6T|62/100
|
|switch|p2a: Roserade|Roserade, F|100/100|[from]move: Volt Switch
|move|p1a: La6T|Dark Pulse|p2a: Roserade
|-damage|p2a: Roserade|67/100
|
|-heal|p1a: La6T|68/100|[from] item: Leftovers
|upkeep
|turn|7
|
|move|p1a: La6T|Substitute|p1a: La6T
|-start|p1a: La6T|Substitute
|-damage|p1a: La6T|44/100
|move|p2a: Roserade|Dazzling Gleam|p1a: La6T
|-supereffective|p1a: La6T
|-end|p1a: La6T|Substitute
|
|-heal|p1a: La6T|50/100|[from] item: Leftovers
|upkeep
|turn|8
|
|move|p1a: La6T|Dark Pulse|p2a: Roserade
|-damage|p2a: Roserade|35/100
|move|p2a: Roserade|Giga Drain|p1a: La6T
|-resisted|p1a: La6T
|-crit|p1a: La6T
|-damage|p1a: La6T|14/100
|-heal|p2a: Roserade|57/100|[from] drain|[of] p1a: La6T
|
|-heal|p1a: La6T|20/100|[from] item: Leftovers
|upkeep
|turn|9
|c|☆Peacemann|tss
|c|☆Peacemann|that mattered af
|
|move|p1a: La6T|Dark Pulse|p2a: Roserade
|-damage|p2a: Roserade|25/100
|cant|p2a: Roserade|flinch
|
|-heal|p1a: La6T|27/100|[from] item: Leftovers
|upkeep
|turn|10
|c|☆Peacemann|nvm
|
|move|p1a: La6T|Substitute|p1a: La6T
|-start|p1a: La6T|Substitute
|-damage|p1a: La6T|2/100
|move|p2a: Roserade|Sludge Bomb|p1a: La6T
|-end|p1a: La6T|Substitute
|
|-heal|p1a: La6T|8/100|[from] item: Leftovers
|upkeep
|turn|11
|
|switch|p2a: Corviknight|Corviknight, M|55/100
|-ability|p2a: Corviknight|Pressure
|move|p1a: La6T|Dark Pulse|p2a: Corviknight
|-damage|p2a: Corviknight|22/100
|
|-heal|p1a: La6T|14/100|[from] item: Leftovers
|-heal|p2a: Corviknight|28/100|[from] item: Leftovers
|upkeep
|turn|12
|
|move|p1a: La6T|Dark Pulse|p2a: Corviknight
|-damage|p2a: Corviknight|0 fnt
|faint|p2a: Corviknight
|
|-heal|p1a: La6T|20/100|[from] item: Leftovers
|upkeep
|
|switch|p2a: Spirit|Dragapult, F|100/100
|turn|13
|
|switch|p1a: SosaChamberlain|Excadrill, F|100/100
|-ability|p1a: SosaChamberlain|Mold Breaker
|move|p2a: Spirit|U-turn|p1a: SosaChamberlain
|-resisted|p1a: SosaChamberlain
|-damage|p1a: SosaChamberlain|89/100
|
|switch|p2a: Seismitoad|Seismitoad, M|100/100|[from]move: U-turn
|
|upkeep
|turn|14
|
|switch|p1a: La6T|Hydreigon, F|20/100
|move|p2a: Seismitoad|Stealth Rock|p1a: La6T
|-sidestart|p1: Peacemann|move: Stealth Rock
|
|-heal|p1a: La6T|26/100|[from] item: Leftovers
|upkeep
|turn|15
|
|move|p1a: La6T|Substitute|p1a: La6T
|-start|p1a: La6T|Substitute
|-damage|p1a: La6T|1/100
|move|p2a: Seismitoad|Scald|p1a: La6T
|-resisted|p1a: La6T
|-activate|p1a: La6T|move: Substitute|[damage]
|
|-heal|p1a: La6T|8/100|[from] item: Leftovers
|upkeep
|turn|16
|
|move|p1a: La6T|Nasty Plot|p1a: La6T
|-boost|p1a: La6T|spa|2
|move|p2a: Seismitoad|Scald|p1a: La6T
|-resisted|p1a: La6T
|-end|p1a: La6T|Substitute
|
|-heal|p1a: La6T|14/100|[from] item: Leftovers
|upkeep
|turn|17
|
|move|p1a: La6T|Dark Pulse|p2a: Seismitoad
|-damage|p2a: Seismitoad|22/100
|move|p2a: Seismitoad|Scald|p1a: La6T
|-resisted|p1a: La6T
|-damage|p1a: La6T|1/100
|
|-heal|p1a: La6T|7/100|[from] item: Leftovers
|-heal|p2a: Seismitoad|28/100|[from] item: Leftovers
|upkeep
|turn|18
|
|move|p1a: La6T|Dark Pulse|p2a: Seismitoad
|-damage|p2a: Seismitoad|0 fnt
|faint|p2a: Seismitoad
|
|-heal|p1a: La6T|13/100|[from] item: Leftovers
|upkeep
|
|switch|p2a: Spirit|Dragapult, F|100/100
|turn|19
|
|switch|p1a: SosaChamberlain|Excadrill, F|89/100
|-damage|p1a: SosaChamberlain|86/100|[from] Stealth Rock
|-ability|p1a: SosaChamberlain|Mold Breaker
|move|p2a: Spirit|Shadow Ball|p1a: SosaChamberlain
|-damage|p1a: SosaChamberlain|36/100
|
|upkeep
|turn|20
|
|move|p2a: Spirit|Shadow Ball|p1a: SosaChamberlain
|-damage|p1a: SosaChamberlain|0 fnt
|faint|p1a: SosaChamberlain
|
|upkeep
|
|switch|p1a: GUEZ|Dragapult, M|100/100
|-damage|p1a: GUEZ|88/100|[from] Stealth Rock
|turn|21
|
|move|p1a: GUEZ|Shadow Ball|p2a: Spirit
|-supereffective|p2a: Spirit
|-damage|p2a: Spirit|0 fnt
|faint|p2a: Spirit
|
|upkeep
|
|switch|p2a: Rotom|Rotom-Heat|45/100
|turn|22
|
|move|p1a: GUEZ|Shadow Ball|p2a: Rotom
|-damage|p2a: Rotom|0 fnt
|faint|p2a: Rotom
|
|upkeep
|c|☆Showdown Guzma|gg
|
|switch|p2a: Roserade|Roserade, F|25/100
|turn|23
|c|☆Peacemann|ik
|
|move|p1a: GUEZ|Shadow Ball|p2a: Roserade
|-damage|p2a: Roserade|0 fnt
|faint|p2a: Roserade
|
|win|Peacemann
|raw|Peacemann's rating: 1510 → 1523(+13 for winning)
|raw|Showdown Guzma's rating: 1397 → 1383(-14 for losing)
|c|☆Showdown Guzma|okay dude lol
|l| Aquamkw
|j| Aquamkw
|l| Aquamkw
|j| Aquamkw
|l| Aquamkw
|j| Aquamkw
|l| Aquamkw
|l|☆Showdown Guzma
