|ScrapeTime|2020-01-02-15:48:52
|j|☆Pedroo09
|j|☆kinori3
|player|p1|Pedroo09|acetrainer-gen4dp|1011
|player|p2|kinori3|266|1021
|teamsize|p1|6
|teamsize|p2|6
|gametype|singles
|gen|8
|tier|[Gen 8] OU
|rated|
|rule|Sleep Clause Mod: Limit one foe put to sleep
|rule|Species Clause: Limit one of each Pokémon
|rule|OHKO Clause: OHKO moves are banned
|rule|Evasion Moves Clause: Evasion moves are banned
|rule|Endless Battle Clause: Forcing endless battles is banned
|rule|HP Percentage Mod: HP is shown in percentages
|clearpoke
|poke|p1|Seismitoad, M|
|poke|p1|Gourgeist-*, M|
|poke|p1|Accelgor, M|
|poke|p1|Togekiss, M|
|poke|p1|Rhyperior, M|
|poke|p1|Hippowdon, M|
|poke|p2|Cottonee, L1, F|
|poke|p2|Solosis, L1, F|
|poke|p2|Excadrill, M|
|poke|p2|Tyranitar, F|
|poke|p2|Togekiss, F|
|poke|p2|Yamask, L1, F|
|rule|Dynamax Clause: You cannot dynamax
|teampreview
|
|start
|switch|p1a: Hippowdon|Hippowdon, M|100/100
|switch|p2a: Solosis|Solosis, L1, F|100/100
|-weather|Sandstorm|[from] ability: Sand Stream|[of] p1a: Hippowdon
|turn|1
|
|move|p1a: Hippowdon|Hyper Beam|p2a: Solosis
|-enditem|p2a: Solosis|Focus Sash
|-damage|p2a: Solosis|9/100
|-mustrecharge|p1a: Hippowdon
|move|p2a: Solosis|Trick Room|p2a: Solosis
|-fieldstart|move: Trick Room|[of] p2a: Solosis
|
|-weather|Sandstorm|[upkeep]
|upkeep
|turn|2
|
|move|p2a: Solosis|Endeavor|p1a: Hippowdon
|-damage|p1a: Hippowdon|1/100
|-enditem|p1a: Hippowdon|Figy Berry|[eat]
|-heal|p1a: Hippowdon|34/100|[from] item: Figy Berry
|cant|p1a: Hippowdon|recharge
|
|-weather|Sandstorm|[upkeep]
|upkeep
|turn|3
|
|move|p2a: Solosis|Pain Split|p1a: Hippowdon
|-sethp|p1a: Hippowdon|17/100|[from] move: Pain Split|[silent]
|-sethp|p2a: Solosis|100/100|[from] move: Pain Split
|move|p1a: Hippowdon|Iron Tail|p2a: Solosis|[miss]
|-miss|p1a: Hippowdon|p2a: Solosis
|
|-weather|Sandstorm|[upkeep]
|upkeep
|turn|4
|
|move|p2a: Solosis|Pain Split|p1a: Hippowdon
|-sethp|p1a: Hippowdon|10/100|[from] move: Pain Split|[silent]
|-sethp|p2a: Solosis|100/100|[from] move: Pain Split
|move|p1a: Hippowdon|Iron Tail|p2a: Solosis
|-damage|p2a: Solosis|0 fnt
|faint|p2a: Solosis
|
|-weather|Sandstorm|[upkeep]
|upkeep
|
|switch|p2a: Yamask|Yamask, L1, F|100/100
|turn|5
|
|move|p2a: Yamask|Toxic Spikes|p1a: Hippowdon
|-sidestart|p1: Pedroo09|move: Toxic Spikes
|move|p1a: Hippowdon|Dig||[still]
|-prepare|p1a: Hippowdon|Dig|p2a: Yamask
|
|-weather|none
|-fieldend|move: Trick Room
|upkeep
|turn|6
|
|move|p1a: Hippowdon|Dig|p2a: Yamask|[from]lockedmove
|-enditem|p2a: Yamask|Focus Sash
|-damage|p2a: Yamask|9/100
|-activate|p2a: Yamask|ability: Mummy|Sand Stream|[of] p1a: Hippowdon
|move|p2a: Yamask|Trick Room|p2a: Yamask
|-fieldstart|move: Trick Room|[of] p2a: Yamask
|
|upkeep
|turn|7
|
|move|p2a: Yamask|Toxic Spikes|p1a: Hippowdon
|-sidestart|p1: Pedroo09|move: Toxic Spikes
|move|p1a: Hippowdon|Dig||[still]
|-prepare|p1a: Hippowdon|Dig|p2a: Yamask
|
|upkeep
|turn|8
|
|move|p2a: Yamask|Endure|p2a: Yamask
|-singleturn|p2a: Yamask|move: Endure
|move|p1a: Hippowdon|Dig|p2a: Yamask|[from]lockedmove
|-activate|p2a: Yamask|move: Endure
|-damage|p2a: Yamask|9/100
|
|upkeep
|turn|9
|
|move|p2a: Yamask|Destiny Bond|p2a: Yamask
|-singlemove|p2a: Yamask|Destiny Bond
|move|p1a: Hippowdon|Dig||[still]
|-prepare|p1a: Hippowdon|Dig|p2a: Yamask
|
|upkeep
|turn|10
|
|move|p2a: Yamask|Destiny Bond||[still]
|-fail|p2a: Yamask
|move|p1a: Hippowdon|Dig|p2a: Yamask|[from]lockedmove
|-damage|p2a: Yamask|0 fnt
|faint|p2a: Yamask
|
|-fieldend|move: Trick Room
|upkeep
|
|switch|p2a: Togekiss|Togekiss, F|100/100
|turn|11
|
|move|p2a: Togekiss|Air Slash|p1a: Hippowdon
|-damage|p1a: Hippowdon|0 fnt
|faint|p1a: Hippowdon
|
|upkeep
|
|switch|p1a: Rhyperior|Rhyperior, M|100/100
|-status|p1a: Rhyperior|tox
|turn|12
|
|switch|p2a: Tyranitar|Tyranitar, F|100/100
|-weather|Sandstorm|[from] ability: Sand Stream|[of] p2a: Tyranitar
|move|p1a: Rhyperior|Iron Tail|p2a: Tyranitar|[miss]
|-miss|p1a: Rhyperior|p2a: Tyranitar
|
|-weather|Sandstorm|[upkeep]
|-damage|p1a: Rhyperior|94/100 tox|[from] psn
|upkeep
|turn|13
|
|switch|p1a: Seismitoad|Seismitoad, M|100/100
|-status|p1a: Seismitoad|tox
|move|p2a: Tyranitar|Earthquake|p1a: Seismitoad
|-damage|p1a: Seismitoad|67/100 tox
|
|-weather|Sandstorm|[upkeep]
|-damage|p1a: Seismitoad|61/100 tox|[from] psn
|upkeep
|turn|14
|
|move|p1a: Seismitoad|Hydro Pump|p2a: Tyranitar
|-supereffective|p2a: Tyranitar
|-damage|p2a: Tyranitar|64/100
|move|p2a: Tyranitar|Rock Slide|p1a: Seismitoad
|-resisted|p1a: Seismitoad
|-damage|p1a: Seismitoad|42/100 tox
|
|-weather|Sandstorm|[upkeep]
|-heal|p2a: Tyranitar|71/100|[from] item: Leftovers
|-damage|p1a: Seismitoad|30/100 tox|[from] psn
|upkeep
|turn|15
|
|move|p1a: Seismitoad|Drain Punch|p2a: Tyranitar
|-supereffective|p2a: Tyranitar
|-damage|p2a: Tyranitar|11/100
|-heal|p1a: Seismitoad|62/100 tox|[from] drain|[of] p2a: Tyranitar
|move|p2a: Tyranitar|Earthquake|p1a: Seismitoad
|-damage|p1a: Seismitoad|24/100 tox
|-enditem|p1a: Seismitoad|Figy Berry|[eat]
|-heal|p1a: Seismitoad|57/100 tox|[from] item: Figy Berry
|
|-weather|Sandstorm|[upkeep]
|-heal|p2a: Tyranitar|17/100|[from] item: Leftovers
|-damage|p1a: Seismitoad|39/100 tox|[from] psn
|upkeep
|turn|16
|
|move|p1a: Seismitoad|Drain Punch|p2a: Tyranitar
|-supereffective|p2a: Tyranitar
|-damage|p2a: Tyranitar|0 fnt
|-heal|p1a: Seismitoad|48/100 tox|[from] drain|[of] p2a: Tyranitar
|faint|p2a: Tyranitar
|
|-weather|none
|-damage|p1a: Seismitoad|23/100 tox|[from] psn
|upkeep
|
|switch|p2a: Excadrill|Excadrill, M|100/100
|turn|17
|
|move|p2a: Excadrill|Iron Head|p1a: Seismitoad
|-resisted|p1a: Seismitoad
|-crit|p1a: Seismitoad
|-damage|p1a: Seismitoad|0 fnt
|faint|p1a: Seismitoad
|
|upkeep
|
|switch|p1a: Togekiss|Togekiss, M|100/100
|turn|18
|
|move|p2a: Excadrill|Iron Head|p1a: Togekiss
|-supereffective|p1a: Togekiss
|-damage|p1a: Togekiss|15/100
|-enditem|p1a: Togekiss|Figy Berry|[eat]
|-heal|p1a: Togekiss|48/100|[from] item: Figy Berry
|move|p1a: Togekiss|Aura Sphere|p2a: Excadrill
|-supereffective|p2a: Excadrill
|-damage|p2a: Excadrill|44/100
|
|-heal|p2a: Excadrill|50/100|[from] item: Leftovers
|upkeep
|turn|19
|
|move|p2a: Excadrill|Iron Head|p1a: Togekiss
|-supereffective|p1a: Togekiss
|-damage|p1a: Togekiss|0 fnt
|faint|p1a: Togekiss
|
|-heal|p2a: Excadrill|56/100|[from] item: Leftovers
|upkeep
|
|switch|p1a: Gourgeist|Gourgeist, M, shiny|100/100
|-status|p1a: Gourgeist|tox
|turn|20
|
|move|p2a: Excadrill|Swords Dance|p2a: Excadrill
|-boost|p2a: Excadrill|atk|2
|move|p1a: Gourgeist|Power Whip|p2a: Excadrill
|-damage|p2a: Excadrill|1/100
|
|-heal|p2a: Excadrill|7/100|[from] item: Leftovers
|-damage|p1a: Gourgeist|94/100 tox|[from] psn
|upkeep
|turn|21
|
|move|p2a: Excadrill|Earthquake|p1a: Gourgeist
|-resisted|p1a: Gourgeist
|-damage|p1a: Gourgeist|48/100 tox
|move|p1a: Gourgeist|Shadow Ball|p2a: Excadrill
|-damage|p2a: Excadrill|0 fnt
|faint|p2a: Excadrill
|
|-damage|p1a: Gourgeist|36/100 tox|[from] psn
|upkeep
|
|switch|p2a: Cottonee|Cottonee, L1, F|100/100
|turn|22
|
|move|p2a: Cottonee|Leech Seed|p1a: Gourgeist
|-immune|p1a: Gourgeist
|move|p1a: Gourgeist|Destiny Bond|p1a: Gourgeist
|-singlemove|p1a: Gourgeist|Destiny Bond
|
|-damage|p1a: Gourgeist|17/100 tox|[from] psn
|upkeep
|-enditem|p1a: Gourgeist|Figy Berry|[eat]
|-heal|p1a: Gourgeist|50/100 tox|[from] item: Figy Berry
|turn|23
|
|move|p2a: Cottonee|Encore|p1a: Gourgeist
|-start|p1a: Gourgeist|Encore
|move|p1a: Gourgeist|Destiny Bond||[still]
|-fail|p1a: Gourgeist
|
|-damage|p1a: Gourgeist|26/100 tox|[from] psn
|upkeep
|turn|24
|
|move|p1a: Gourgeist|Destiny Bond|p1a: Gourgeist
|-singlemove|p1a: Gourgeist|Destiny Bond
|move|p2a: Cottonee|Endeavor|p1a: Gourgeist
|-immune|p1a: Gourgeist
|
|-damage|p1a: Gourgeist|0 fnt|[from] psn
|faint|p1a: Gourgeist
|upkeep
|
|switch|p1a: Rhyperior|Rhyperior, M|94/100 tox
|turn|25
|
|move|p2a: Cottonee|Leech Seed|p1a: Rhyperior
|-start|p1a: Rhyperior|move: Leech Seed
|move|p1a: Rhyperior|Earthquake|p2a: Cottonee
|-resisted|p2a: Cottonee
|-enditem|p2a: Cottonee|Focus Sash
|-damage|p2a: Cottonee|9/100
|
|-damage|p1a: Rhyperior|82/100 tox|[from] Leech Seed|[of] p2a: Cottonee
|-heal|p2a: Cottonee|100/100|[silent]
|-damage|p1a: Rhyperior|76/100 tox|[from] psn
|upkeep
|turn|26
|
|move|p2a: Cottonee|Substitute|p2a: Cottonee
|-start|p2a: Cottonee|Substitute
|-damage|p2a: Cottonee|75/100
|move|p1a: Rhyperior|Iron Tail|p2a: Cottonee
|-supereffective|p2a: Cottonee
|-end|p2a: Cottonee|Substitute
|
|-damage|p1a: Rhyperior|64/100 tox|[from] Leech Seed|[of] p2a: Cottonee
|-heal|p2a: Cottonee|100/100|[silent]
|-damage|p1a: Rhyperior|52/100 tox|[from] psn
|upkeep
|turn|27
|
|move|p2a: Cottonee|Substitute|p2a: Cottonee
|-start|p2a: Cottonee|Substitute
|-damage|p2a: Cottonee|75/100
|move|p1a: Rhyperior|Iron Tail|p2a: Cottonee
|-supereffective|p2a: Cottonee
|-end|p2a: Cottonee|Substitute
|
|-damage|p1a: Rhyperior|39/100 tox|[from] Leech Seed|[of] p2a: Cottonee
|-heal|p2a: Cottonee|100/100|[silent]
|-damage|p1a: Rhyperior|21/100 tox|[from] psn
|upkeep
|-enditem|p1a: Rhyperior|Figy Berry|[eat]
|-heal|p1a: Rhyperior|54/100 tox|[from] item: Figy Berry
|turn|28
|
|move|p2a: Cottonee|Substitute|p2a: Cottonee
|-start|p2a: Cottonee|Substitute
|-damage|p2a: Cottonee|75/100
|move|p1a: Rhyperior|Iron Tail|p2a: Cottonee
|-supereffective|p2a: Cottonee
|-end|p2a: Cottonee|Substitute
|
|-damage|p1a: Rhyperior|42/100 tox|[from] Leech Seed|[of] p2a: Cottonee
|-heal|p2a: Cottonee|100/100|[silent]
|-damage|p1a: Rhyperior|18/100 tox|[from] psn
|upkeep
|turn|29
|
|move|p2a: Cottonee|Substitute|p2a: Cottonee
|-start|p2a: Cottonee|Substitute
|-damage|p2a: Cottonee|75/100
|move|p1a: Rhyperior|Iron Tail|p2a: Cottonee|[miss]
|-miss|p1a: Rhyperior|p2a: Cottonee
|
|-damage|p1a: Rhyperior|5/100 tox|[from] Leech Seed|[of] p2a: Cottonee
|-heal|p2a: Cottonee|100/100|[silent]
|-damage|p1a: Rhyperior|0 fnt|[from] psn
|faint|p1a: Rhyperior
|upkeep
|
|switch|p1a: Accelgor|Accelgor, M, shiny|100/100
|-status|p1a: Accelgor|tox
|turn|30
|
|move|p2a: Cottonee|Leech Seed|p1a: Accelgor
|-start|p1a: Accelgor|move: Leech Seed
|move|p1a: Accelgor|Agility|p1a: Accelgor
|-boost|p1a: Accelgor|spe|2
|
|-damage|p1a: Accelgor|88/100 tox|[from] Leech Seed|[of] p2a: Cottonee
|-damage|p1a: Accelgor|82/100 tox|[from] psn
|upkeep
|turn|31
|
|move|p2a: Cottonee|Encore|p1a: Accelgor
|-start|p1a: Accelgor|Encore
|move|p1a: Accelgor|Agility|p1a: Accelgor
|-boost|p1a: Accelgor|spe|2
|
|-damage|p1a: Accelgor|70/100 tox|[from] Leech Seed|[of] p2a: Cottonee
|-damage|p1a: Accelgor|57/100 tox|[from] psn
|upkeep
|turn|32
|
|move|p1a: Accelgor|Agility|p1a: Accelgor
|-boost|p1a: Accelgor|spe|2
|move|p2a: Cottonee|Endeavor|p1a: Accelgor
|-damage|p1a: Accelgor|4/100 tox
|-enditem|p1a: Accelgor|Figy Berry|[eat]
|-heal|p1a: Accelgor|37/100 tox|[from] item: Figy Berry
|
|-damage|p1a: Accelgor|25/100 tox|[from] Leech Seed|[of] p2a: Cottonee
|-damage|p1a: Accelgor|6/100 tox|[from] psn
|upkeep
|turn|33
|
|move|p2a: Cottonee|Leech Seed||[still]
|-fail|p2a: Cottonee
|move|p1a: Accelgor|Agility|p1a: Accelgor
|-boost|p1a: Accelgor|spe|0
|
|-damage|p1a: Accelgor|0 fnt|[from] Leech Seed|[of] p2a: Cottonee
|faint|p1a: Accelgor
|
|win|kinori3
|upkeep
|raw|Pedroo09's rating: 1011 → 1000(-11 for losing)
|raw|kinori3's rating: 1021 → 1056(+35 for winning)
|c|☆kinori3|gg
|l|☆Pedroo09
