|ScrapeTime|2020-01-02-23:55:29
|j|☆Looney Tounssss
|j|☆phys2000
|player|p1|Looney Tounssss|red|1600
|player|p2|phys2000|170|1500
|teamsize|p1|6
|teamsize|p2|6
|gametype|singles
|gen|8
|tier|[Gen 8] OU
|rated|
|rule|Sleep Clause Mod: Limit one foe put to sleep
|rule|Species Clause: Limit one of each Pokémon
|rule|OHKO Clause: OHKO moves are banned
|rule|Evasion Moves Clause: Evasion moves are banned
|rule|Endless Battle Clause: Forcing endless battles is banned
|rule|HP Percentage Mod: HP is shown in percentages
|clearpoke
|poke|p1|Drapion, M|
|poke|p1|Seismitoad, F|
|poke|p1|Conkeldurr, M|
|poke|p1|Cinderace, M|
|poke|p1|Rapidash-Galar, M|
|poke|p1|Dragapult, F|
|poke|p2|Aegislash, M|
|poke|p2|Hydreigon, M|
|poke|p2|Sylveon, F|
|poke|p2|Corviknight, M|
|poke|p2|Dugtrio, F|
|poke|p2|Seismitoad, F|
|rule|Dynamax Clause: You cannot dynamax
|teampreview
|inactive|Battle timer is ON: inactive players will automatically lose when time's up. (requested by phys2000)
|l|☆phys2000
|inactive|phys2000 disconnected and has a minute to reconnect!
|player|p2|
|j| Testingstuff357
|j|☆phys2000
|inactive|phys2000 reconnected and has 145 seconds left.
|player|p2|phys2000|170
|c|☆phys2000|T
|c|☆Looney Tounssss|G
|inactive|phys2000 has 120 seconds left.
|
|start
|switch|p1a: Cinderace|Cinderace, M|100/100
|switch|p2a: Sylveon|Sylveon, F|100/100
|turn|1
|
|switch|p2a: Seismitoad|Seismitoad, F|100/100
|move|p1a: Cinderace|Pyro Ball|p2a: Seismitoad
|-resisted|p2a: Seismitoad
|-damage|p2a: Seismitoad|80/100
|-status|p2a: Seismitoad|brn
|
|-heal|p2a: Seismitoad|86/100 brn|[from] item: Leftovers
|-damage|p2a: Seismitoad|80/100 brn|[from] brn
|upkeep
|turn|2
|
|move|p1a: Cinderace|U-turn|p2a: Seismitoad
|-damage|p2a: Seismitoad|64/100 brn
|
|switch|p1a: Seismitoad|Seismitoad, F|100/100|[from]move: U-turn
|move|p2a: Seismitoad|Stealth Rock|p1a: Seismitoad
|-sidestart|p1: Looney Tounssss|move: Stealth Rock
|
|-heal|p2a: Seismitoad|70/100 brn|[from] item: Leftovers
|-damage|p2a: Seismitoad|64/100 brn|[from] brn
|upkeep
|turn|3
|
|move|p1a: Seismitoad|Stealth Rock|p2a: Seismitoad
|-sidestart|p2: phys2000|move: Stealth Rock
|move|p2a: Seismitoad|Toxic|p1a: Seismitoad|[miss]
|-miss|p2a: Seismitoad|p1a: Seismitoad
|
|-heal|p2a: Seismitoad|70/100 brn|[from] item: Leftovers
|-damage|p2a: Seismitoad|64/100 brn|[from] brn
|upkeep
|turn|4
|c|☆Looney Tounssss|gg
|
|move|p1a: Seismitoad|Grass Knot|p2a: Seismitoad
|-supereffective|p2a: Seismitoad
|-damage|p2a: Seismitoad|0 fnt
|faint|p2a: Seismitoad
|
|upkeep
|
|switch|p2a: Hydreigon|Hydreigon, M|100/100
|-damage|p2a: Hydreigon|88/100|[from] Stealth Rock
|turn|5
|
|switch|p1a: Conkeldurr|Conkeldurr, M|100/100
|-damage|p1a: Conkeldurr|94/100|[from] Stealth Rock
|move|p2a: Hydreigon|Draco Meteor|p1a: Conkeldurr
|-damage|p1a: Conkeldurr|0 fnt
|-unboost|p2a: Hydreigon|spa|2
|-damage|p2a: Hydreigon|78/100|[from] item: Life Orb
|faint|p1a: Conkeldurr
|
|upkeep
|
|switch|p1a: Dragapult|Dragapult, F|100/100
|-damage|p1a: Dragapult|88/100|[from] Stealth Rock
|turn|6
|
|switch|p2a: Sylveon|Sylveon, F|100/100
|-damage|p2a: Sylveon|88/100|[from] Stealth Rock
|move|p1a: Dragapult|Dragon Dance|p1a: Dragapult
|-boost|p1a: Dragapult|atk|1
|-boost|p1a: Dragapult|spe|1
|
|-heal|p1a: Dragapult|94/100|[from] item: Leftovers
|-heal|p2a: Sylveon|94/100|[from] item: Leftovers
|upkeep
|turn|7
|
|move|p1a: Dragapult|Substitute|p1a: Dragapult
|-start|p1a: Dragapult|Substitute
|-damage|p1a: Dragapult|69/100
|move|p2a: Sylveon|Hyper Voice|p1a: Dragapult
|-supereffective|p1a: Dragapult
|-damage|p1a: Dragapult|0 fnt
|faint|p1a: Dragapult
|
|-heal|p2a: Sylveon|99/100|[from] item: Leftovers
|upkeep
|
|switch|p1a: Cinderace|Cinderace, M|100/100
|turn|8
|
|switch|p2a: Hydreigon|Hydreigon, M|78/100
|-damage|p2a: Hydreigon|66/100|[from] Stealth Rock
|move|p1a: Cinderace|Pyro Ball|p2a: Hydreigon
|-resisted|p2a: Hydreigon
|-damage|p2a: Hydreigon|35/100
|
|upkeep
|turn|9
|
|move|p1a: Cinderace|U-turn|p2a: Hydreigon
|-supereffective|p2a: Hydreigon
|-damage|p2a: Hydreigon|0 fnt
|faint|p2a: Hydreigon
|
|switch|p1a: Seismitoad|Seismitoad, F|100/100|[from]move: U-turn
|-damage|p1a: Seismitoad|94/100|[from] Stealth Rock
|
|-heal|p1a: Seismitoad|100/100|[from] item: Leftovers
|upkeep
|
|switch|p2a: Sylveon|Sylveon, F|99/100
|-damage|p2a: Sylveon|88/100|[from] Stealth Rock
|turn|10
|
|move|p1a: Seismitoad|Scald|p2a: Sylveon
|-damage|p2a: Sylveon|68/100
|-status|p2a: Sylveon|brn
|move|p2a: Sylveon|Hyper Voice|p1a: Seismitoad
|-damage|p1a: Seismitoad|61/100
|
|-heal|p1a: Seismitoad|67/100|[from] item: Leftovers
|-heal|p2a: Sylveon|74/100 brn|[from] item: Leftovers
|-damage|p2a: Sylveon|68/100 brn|[from] brn
|upkeep
|turn|11
|
|move|p1a: Seismitoad|Earth Power|p2a: Sylveon
|-damage|p2a: Sylveon|44/100 brn
|move|p2a: Sylveon|Hyper Voice|p1a: Seismitoad
|-damage|p1a: Seismitoad|22/100
|
|-heal|p1a: Seismitoad|29/100|[from] item: Leftovers
|-heal|p2a: Sylveon|50/100 brn|[from] item: Leftovers
|-damage|p2a: Sylveon|44/100 brn|[from] brn
|upkeep
|turn|12
|
|switch|p1a: Cinderace|Cinderace, M|100/100
|move|p2a: Sylveon|Wish|p2a: Sylveon
|
|-heal|p2a: Sylveon|50/100 brn|[from] item: Leftovers
|-damage|p2a: Sylveon|44/100 brn|[from] brn
|upkeep
|turn|13
|
|move|p2a: Sylveon|Protect|p2a: Sylveon
|-singleturn|p2a: Sylveon|Protect
|move|p1a: Cinderace|Pyro Ball|p2a: Sylveon
|-activate|p2a: Sylveon|move: Protect
|
|-heal|p2a: Sylveon|94/100 brn|[from] move: Wish|[wisher] Sylveon
|-heal|p2a: Sylveon|99/100 brn|[from] item: Leftovers
|-damage|p2a: Sylveon|94/100 brn|[from] brn
|upkeep
|turn|14
|
|switch|p2a: Corviknight|Corviknight, M|100/100
|-damage|p2a: Corviknight|88/100|[from] Stealth Rock
|-ability|p2a: Corviknight|Pressure
|move|p1a: Cinderace|Pyro Ball|p2a: Corviknight
|-supereffective|p2a: Corviknight
|-damage|p2a: Corviknight|9/100
|
|-heal|p2a: Corviknight|16/100|[from] item: Leftovers
|upkeep
|turn|15
|
|move|p1a: Cinderace|Pyro Ball|p2a: Corviknight
|-supereffective|p2a: Corviknight
|-damage|p2a: Corviknight|0 fnt
|faint|p2a: Corviknight
|
|upkeep
|
|switch|p2a: Dugtrio|Dugtrio, F|100/100
|-damage|p2a: Dugtrio|95/100|[from] Stealth Rock
|turn|16
|
|move|p1a: Cinderace|Sucker Punch|p2a: Dugtrio
|-damage|p2a: Dugtrio|33/100
|move|p2a: Dugtrio|Earthquake|p1a: Cinderace
|-supereffective|p1a: Cinderace
|-damage|p1a: Cinderace|0 fnt
|faint|p1a: Cinderace
|
|upkeep
|
|switch|p1a: Rapidash|Rapidash-Galar, M|100/100
|-damage|p1a: Rapidash|88/100|[from] Stealth Rock
|turn|17
|
|switch|p2a: Aegislash|Aegislash, M|100/100
|-damage|p2a: Aegislash|94/100|[from] Stealth Rock
|move|p1a: Rapidash|Zen Headbutt|p2a: Aegislash
|-resisted|p2a: Aegislash
|-damage|p2a: Aegislash|77/100
|
|upkeep
|turn|18
|
|switch|p1a: Drapion|Drapion, M|100/100
|-damage|p1a: Drapion|88/100|[from] Stealth Rock
|-formechange|p2a: Aegislash|Aegislash-Blade||[from] ability: Stance Change
|move|p2a: Aegislash|Flash Cannon|p1a: Drapion
|-crit|p1a: Drapion
|-damage|p1a: Drapion|0 fnt
|faint|p1a: Drapion
|
|upkeep
|c|☆phys2000|G
|
|switch|p1a: Rapidash|Rapidash-Galar, M|88/100
|-damage|p1a: Rapidash|76/100|[from] Stealth Rock
|-ability|p1a: Rapidash|Anticipation
|turn|19
|
|switch|p2a: Dugtrio|Dugtrio, F|33/100
|-damage|p2a: Dugtrio|27/100|[from] Stealth Rock
|move|p1a: Rapidash|Healing Wish|p1a: Rapidash
|faint|p1a: Rapidash
|
|upkeep
|
|switch|p1a: Seismitoad|Seismitoad, F|29/100
|-heal|p1a: Seismitoad|100/100|[from] move: Healing Wish
|-damage|p1a: Seismitoad|94/100|[from] Stealth Rock
|turn|20
|
|move|p2a: Dugtrio|Earthquake|p1a: Seismitoad
|-damage|p1a: Seismitoad|49/100
|move|p1a: Seismitoad|Scald|p2a: Dugtrio
|-supereffective|p2a: Dugtrio
|-damage|p2a: Dugtrio|0 fnt
|faint|p2a: Dugtrio
|
|-heal|p1a: Seismitoad|55/100|[from] item: Leftovers
|upkeep
|
|switch|p2a: Sylveon|Sylveon, F|94/100 brn
|-damage|p2a: Sylveon|81/100 brn|[from] Stealth Rock
|turn|21
|
|move|p1a: Seismitoad|Earth Power|p2a: Sylveon
|-damage|p2a: Sylveon|56/100 brn
|move|p2a: Sylveon|Hyper Voice|p1a: Seismitoad
|-damage|p1a: Seismitoad|12/100
|
|-heal|p1a: Seismitoad|18/100|[from] item: Leftovers
|-heal|p2a: Sylveon|62/100 brn|[from] item: Leftovers
|-damage|p2a: Sylveon|56/100 brn|[from] brn
|upkeep
|turn|22
|
|move|p1a: Seismitoad|Earth Power|p2a: Sylveon
|-damage|p2a: Sylveon|32/100 brn
|-unboost|p2a: Sylveon|spd|1
|move|p2a: Sylveon|Hyper Voice|p1a: Seismitoad
|-damage|p1a: Seismitoad|0 fnt
|faint|p1a: Seismitoad
|
|win|phys2000
|l|☆Looney Tounssss
|c|☆phys2000|Lol
