|ScrapeTime|2020-01-01-22:04:38
|j|☆MasterP86
|j|☆drafteur noir
|player|p1|MasterP86|crasherwake|1099
|player|p2|drafteur noir|burgh|1044
|teamsize|p1|6
|teamsize|p2|6
|gametype|singles
|gen|8
|tier|[Gen 8] OU
|rated|
|rule|Sleep Clause Mod: Limit one foe put to sleep
|rule|Species Clause: Limit one of each Pokémon
|rule|OHKO Clause: OHKO moves are banned
|rule|Evasion Moves Clause: Evasion moves are banned
|rule|Endless Battle Clause: Forcing endless battles is banned
|rule|HP Percentage Mod: HP is shown in percentages
|clearpoke
|poke|p1|Dracovish|
|poke|p1|Rotom-Wash|
|poke|p1|Barraskewda, F|
|poke|p1|Pelipper, M|
|poke|p1|Seismitoad, M|
|poke|p1|Bronzong|
|poke|p2|Cinderace, F|
|poke|p2|Duraludon, M|
|poke|p2|Gardevoir, F|
|poke|p2|Scrafty, M|
|poke|p2|Roserade, M|
|poke|p2|Gastrodon, F|
|rule|Dynamax Clause: You cannot dynamax
|teampreview
|j| Poney666
|
|start
|switch|p1a: Pelipper|Pelipper, M|100/100
|switch|p2a: Duraludon|Duraludon, M|100/100
|-weather|RainDance|[from] ability: Drizzle|[of] p1a: Pelipper
|turn|1
|l|☆MasterP86
|player|p1|
|j|☆MasterP86
|player|p1|MasterP86|crasherwake
|inactive|Battle timer is ON: inactive players will automatically lose when time's up. (requested by drafteur noir)
|
|move|p2a: Duraludon|Stealth Rock|p1a: Pelipper
|-sidestart|p1: MasterP86|move: Stealth Rock
|move|p1a: Pelipper|Hurricane|p2a: Duraludon
|-resisted|p2a: Duraludon
|-damage|p2a: Duraludon|60/100
|
|-weather|RainDance|[upkeep]
|upkeep
|turn|2
|
|move|p2a: Duraludon|Draco Meteor|p1a: Pelipper
|-damage|p1a: Pelipper|3/100
|-unboost|p2a: Duraludon|spa|2
|move|p1a: Pelipper|Ice Beam|p2a: Duraludon
|-damage|p2a: Duraludon|16/100
|
|-weather|RainDance|[upkeep]
|upkeep
|turn|3
|
|move|p2a: Duraludon|Solar Beam||[still]
|-prepare|p2a: Duraludon|Solar Beam|p1a: Pelipper
|-enditem|p2a: Duraludon|Power Herb
|-anim|p2a: Duraludon|Solar Beam|p1a: Pelipper
|-damage|p1a: Pelipper|0 fnt
|faint|p1a: Pelipper
|
|-weather|RainDance|[upkeep]
|upkeep
|
|switch|p1a: Barraskewda|Barraskewda, F|100/100
|-damage|p1a: Barraskewda|88/100|[from] Stealth Rock
|turn|4
|
|move|p1a: Barraskewda|Liquidation|p2a: Duraludon
|-resisted|p2a: Duraludon
|-damage|p2a: Duraludon|0 fnt
|faint|p2a: Duraludon
|
|-weather|RainDance|[upkeep]
|upkeep
|
|switch|p2a: Gastrodon|Gastrodon, F|100/100
|turn|5
|
|move|p1a: Barraskewda|Liquidation|p2a: Gastrodon
|-ability|p2a: Gastrodon|Storm Drain|boost
|-boost|p2a: Gastrodon|spa|1
|move|p2a: Gastrodon|Acid Armor|p2a: Gastrodon
|-boost|p2a: Gastrodon|def|2
|
|-weather|RainDance|[upkeep]
|upkeep
|turn|6
|
|switch|p1a: Dracovish|Dracovish|100/100
|-damage|p1a: Dracovish|88/100|[from] Stealth Rock
|move|p2a: Gastrodon|Scald|p1a: Dracovish
|-resisted|p1a: Dracovish
|-damage|p1a: Dracovish|69/100
|-status|p1a: Dracovish|brn
|
|-weather|RainDance|[upkeep]
|-damage|p1a: Dracovish|63/100 brn|[from] brn
|upkeep
|turn|7
|
|move|p1a: Dracovish|Ice Fang|p2a: Gastrodon
|-crit|p2a: Gastrodon
|-damage|p2a: Gastrodon|78/100
|move|p2a: Gastrodon|Acid Armor|p2a: Gastrodon
|-boost|p2a: Gastrodon|def|2
|
|-weather|RainDance|[upkeep]
|-heal|p2a: Gastrodon|85/100|[from] item: Leftovers
|-damage|p1a: Dracovish|57/100 brn|[from] brn
|upkeep
|turn|8
|
|move|p1a: Dracovish|Ice Fang|p2a: Gastrodon
|-damage|p2a: Gastrodon|79/100
|move|p2a: Gastrodon|Ice Beam|p1a: Dracovish
|-damage|p1a: Dracovish|22/100 brn
|
|-weather|none
|-heal|p2a: Gastrodon|85/100|[from] item: Leftovers
|-damage|p1a: Dracovish|15/100 brn|[from] brn
|upkeep
|turn|9
|-message|MasterP86 forfeited.
|
|win|drafteur noir
|l|☆MasterP86
|raw|MasterP86's rating: 1074 → 1051(-23 for losing)
|raw|drafteur noir's rating: 1044 → 1081(+37 for winning)
|l| Poney666
