|ScrapeTime|2020-01-01-16:54:36
|j|☆Rohse
|j|☆newjon
|player|p1|Rohse|shelly-gen3|1187
|player|p2|newjon|1|1149
|teamsize|p1|6
|teamsize|p2|6
|gametype|singles
|gen|8
|tier|[Gen 8] OU
|rated|
|rule|Sleep Clause Mod: Limit one foe put to sleep
|rule|Species Clause: Limit one of each Pokémon
|rule|OHKO Clause: OHKO moves are banned
|rule|Evasion Moves Clause: Evasion moves are banned
|rule|Endless Battle Clause: Forcing endless battles is banned
|rule|HP Percentage Mod: HP is shown in percentages
|clearpoke
|poke|p1|Mr. Rime, M|
|poke|p1|Grimmsnarl, M|
|poke|p1|Dracozolt|
|poke|p1|Dragapult, F|
|poke|p1|Cinderace, F|
|poke|p1|Excadrill, F|
|poke|p2|Clefable, F|
|poke|p2|Aegislash, M|
|poke|p2|Rotom-Heat|
|poke|p2|Corviknight, F|
|poke|p2|Dragapult, F|
|poke|p2|Hydreigon, M|
|rule|Dynamax Clause: You cannot dynamax
|teampreview
|inactive|Battle timer is ON: inactive players will automatically lose when time's up. (requested by Rohse)
|
|start
|switch|p1a: SMALL DRILL|Excadrill, F|100/100
|switch|p2a: Aegislash|Aegislash, M|100/100
|-ability|p1a: SMALL DRILL|Mold Breaker
|turn|1
|
|move|p1a: SMALL DRILL|Stealth Rock|p2a: Aegislash
|-sidestart|p2: newjon|move: Stealth Rock
|move|p2a: Aegislash|Substitute|p2a: Aegislash
|-start|p2a: Aegislash|Substitute
|-damage|p2a: Aegislash|75/100
|
|-heal|p2a: Aegislash|82/100|[from] item: Leftovers
|upkeep
|turn|2
|
|move|p1a: SMALL DRILL|Earthquake|p2a: Aegislash
|-supereffective|p2a: Aegislash
|-end|p2a: Aegislash|Substitute
|-formechange|p2a: Aegislash|Aegislash-Blade||[from] ability: Stance Change
|move|p2a: Aegislash|Shadow Ball|p1a: SMALL DRILL
|-damage|p1a: SMALL DRILL|37/100
|
|-heal|p2a: Aegislash|88/100|[from] item: Leftovers
|upkeep
|turn|3
|
|-formechange|p2a: Aegislash|Aegislash||[from] ability: Stance Change
|move|p2a: Aegislash|King's Shield|p2a: Aegislash
|-singleturn|p2a: Aegislash|Protect
|move|p1a: SMALL DRILL|Rock Tomb|p2a: Aegislash
|-activate|p2a: Aegislash|move: Protect
|
|-heal|p2a: Aegislash|94/100|[from] item: Leftovers
|upkeep
|turn|4
|
|move|p2a: Aegislash|King's Shield||[still]
|-fail|p2a: Aegislash
|move|p1a: SMALL DRILL|Earthquake|p2a: Aegislash
|-supereffective|p2a: Aegislash
|-damage|p2a: Aegislash|8/100
|
|-heal|p2a: Aegislash|14/100|[from] item: Leftovers
|upkeep
|turn|5
|
|move|p2a: Aegislash|King's Shield|p2a: Aegislash
|-singleturn|p2a: Aegislash|Protect
|move|p1a: SMALL DRILL|Earthquake|p2a: Aegislash
|-activate|p2a: Aegislash|move: Protect
|
|-heal|p2a: Aegislash|21/100|[from] item: Leftovers
|upkeep
|turn|6
|
|switch|p2a: Corviknight|Corviknight, F|100/100
|-damage|p2a: Corviknight|88/100|[from] Stealth Rock
|-ability|p2a: Corviknight|Pressure
|move|p1a: SMALL DRILL|Earthquake|p2a: Corviknight
|-immune|p2a: Corviknight
|
|-heal|p2a: Corviknight|94/100|[from] item: Leftovers
|upkeep
|turn|7
|
|switch|p1a: Grim Tale|Grimmsnarl, M|100/100
|move|p2a: Corviknight|Body Press|p1a: Grim Tale
|-damage|p1a: Grim Tale|72/100
|
|-heal|p2a: Corviknight|100/100|[from] item: Leftovers
|upkeep
|turn|8
|
|move|p1a: Grim Tale|Reflect|p1a: Grim Tale
|-sidestart|p1: Rohse|Reflect
|move|p2a: Corviknight|Defog|p1a: Grim Tale
|-unboost|p1a: Grim Tale|evasion|1
|-sideend|p1: Rohse|Reflect
|-sideend|p2: newjon|Stealth Rock|[from] move: Defog|[of] p2a: Corviknight
|
|upkeep
|turn|9
|inactive|Rohse has 120 seconds left.
|inactive|newjon has 120 seconds left.
|
|move|p1a: Grim Tale|Reflect|p1a: Grim Tale
|-sidestart|p1: Rohse|Reflect
|move|p2a: Corviknight|Body Press|p1a: Grim Tale
|-damage|p1a: Grim Tale|58/100
|
|upkeep
|turn|10
|
|move|p1a: Grim Tale|Thunder Wave|p2a: Corviknight
|-status|p2a: Corviknight|par
|move|p2a: Corviknight|Defog|p1a: Grim Tale
|-unboost|p1a: Grim Tale|evasion|1
|-sideend|p1: Rohse|Reflect
|
|upkeep
|turn|11
|
|switch|p2a: Hydreigon|Hydreigon, M|100/100
|move|p1a: Grim Tale|Reflect|p1a: Grim Tale
|-sidestart|p1: Rohse|Reflect
|
|upkeep
|turn|12
|
|move|p2a: Hydreigon|Substitute|p2a: Hydreigon
|-start|p2a: Hydreigon|Substitute
|-damage|p2a: Hydreigon|76/100
|move|p1a: Grim Tale|Spirit Break|p2a: Hydreigon
|-supereffective|p2a: Hydreigon
|-end|p2a: Hydreigon|Substitute
|
|-heal|p2a: Hydreigon|82/100|[from] item: Leftovers
|upkeep
|turn|13
|
|move|p1a: Grim Tale|Light Screen|p1a: Grim Tale
|-sidestart|p1: Rohse|move: Light Screen
|move|p2a: Hydreigon|Substitute|p2a: Hydreigon
|-start|p2a: Hydreigon|Substitute
|-damage|p2a: Hydreigon|57/100
|
|-heal|p2a: Hydreigon|63/100|[from] item: Leftovers
|upkeep
|turn|14
|
|move|p2a: Hydreigon|Nasty Plot|p2a: Hydreigon
|-boost|p2a: Hydreigon|spa|2
|move|p1a: Grim Tale|Spirit Break|p2a: Hydreigon
|-supereffective|p2a: Hydreigon
|-end|p2a: Hydreigon|Substitute
|
|-heal|p2a: Hydreigon|69/100|[from] item: Leftovers
|upkeep
|turn|15
|
|move|p2a: Hydreigon|Flash Cannon|p1a: Grim Tale
|-supereffective|p1a: Grim Tale
|-damage|p1a: Grim Tale|19/100
|move|p1a: Grim Tale|Spirit Break|p2a: Hydreigon
|-supereffective|p2a: Hydreigon
|-damage|p2a: Hydreigon|0 fnt
|faint|p2a: Hydreigon
|
|upkeep
|
|switch|p2a: Aegislash|Aegislash, M|21/100
|turn|16
|
|move|p1a: Grim Tale|Thunder Wave|p2a: Aegislash
|-status|p2a: Aegislash|par
|move|p2a: Aegislash|Metal Sound|p1a: Grim Tale
|-unboost|p1a: Grim Tale|spd|2
|
|-heal|p2a: Aegislash|27/100 par|[from] item: Leftovers
|upkeep
|turn|17
|
|move|p1a: Grim Tale|Spirit Break|p2a: Aegislash
|-resisted|p2a: Aegislash
|-damage|p2a: Aegislash|14/100 par
|-unboost|p2a: Aegislash|spa|1
|-formechange|p2a: Aegislash|Aegislash-Blade||[from] ability: Stance Change
|move|p2a: Aegislash|Shadow Ball|p1a: Grim Tale
|-resisted|p1a: Grim Tale
|-damage|p1a: Grim Tale|7/100
|
|-heal|p2a: Aegislash|21/100 par|[from] item: Leftovers
|upkeep
|turn|18
|
|-formechange|p2a: Aegislash|Aegislash||[from] ability: Stance Change
|move|p2a: Aegislash|King's Shield|p2a: Aegislash
|-singleturn|p2a: Aegislash|Protect
|move|p1a: Grim Tale|Spirit Break|p2a: Aegislash
|-activate|p2a: Aegislash|move: Protect
|
|-heal|p2a: Aegislash|27/100 par|[from] item: Leftovers
|-sideend|p1: Rohse|Reflect
|upkeep
|turn|19
|
|switch|p2a: Corviknight|Corviknight, F|100/100 par
|-ability|p2a: Corviknight|Pressure
|move|p1a: Grim Tale|Reflect|p1a: Grim Tale
|-sidestart|p1: Rohse|Reflect
|
|upkeep
|turn|20
|
|move|p1a: Grim Tale|Spirit Break|p2a: Corviknight
|-resisted|p2a: Corviknight
|-damage|p2a: Corviknight|90/100 par
|-unboost|p2a: Corviknight|spa|1
|move|p2a: Corviknight|Body Press|p1a: Grim Tale
|-damage|p1a: Grim Tale|0 fnt
|faint|p1a: Grim Tale
|
|-heal|p2a: Corviknight|96/100 par|[from] item: Leftovers
|-sideend|p1: Rohse|move: Light Screen
|upkeep
|
|switch|p1a: Al Capone|Mr. Rime, M|100/100
|turn|21
|
|move|p1a: Al Capone|Nasty Plot|p1a: Al Capone
|-boost|p1a: Al Capone|spa|2
|cant|p2a: Corviknight|par
|
|-heal|p2a: Corviknight|100/100 par|[from] item: Leftovers
|upkeep
|turn|22
|
|move|p1a: Al Capone|Rapid Spin|p2a: Corviknight
|-resisted|p2a: Corviknight
|-damage|p2a: Corviknight|97/100 par
|-boost|p1a: Al Capone|spe|1
|-damage|p1a: Al Capone|91/100|[from] item: Life Orb
|move|p2a: Corviknight|Body Press|p1a: Al Capone
|-damage|p1a: Al Capone|73/100
|
|-heal|p2a: Corviknight|100/100 par|[from] item: Leftovers
|upkeep
|turn|23
|
|move|p1a: Al Capone|Nasty Plot|p1a: Al Capone
|-boost|p1a: Al Capone|spa|2
|move|p2a: Corviknight|Body Press|p1a: Al Capone
|-damage|p1a: Al Capone|57/100
|
|upkeep
|turn|24
|
|move|p1a: Al Capone|Rapid Spin|p2a: Corviknight
|-resisted|p2a: Corviknight
|-damage|p2a: Corviknight|97/100 par
|-boost|p1a: Al Capone|spe|1
|-damage|p1a: Al Capone|47/100|[from] item: Life Orb
|move|p2a: Corviknight|Defog|p1a: Al Capone
|-unboost|p1a: Al Capone|evasion|1
|-sideend|p1: Rohse|Reflect
|
|-heal|p2a: Corviknight|100/100 par|[from] item: Leftovers
|upkeep
|turn|25
|
|move|p1a: Al Capone|Ice Beam|p2a: Corviknight
|-damage|p2a: Corviknight|0 fnt
|-damage|p1a: Al Capone|37/100|[from] item: Life Orb
|faint|p2a: Corviknight
|
|upkeep
|
|switch|p2a: Dragapult|Dragapult, F|100/100
|turn|26
|
|move|p1a: Al Capone|Ice Beam|p2a: Dragapult
|-supereffective|p2a: Dragapult
|-damage|p2a: Dragapult|0 fnt
|-damage|p1a: Al Capone|27/100|[from] item: Life Orb
|faint|p2a: Dragapult
|
|upkeep
|
|switch|p2a: Rotom|Rotom-Heat|100/100
|turn|27
|c|☆Rohse|Gg
|
|move|p1a: Al Capone|Psychic|p2a: Rotom
|-damage|p2a: Rotom|0 fnt
|-damage|p1a: Al Capone|17/100|[from] item: Life Orb
|faint|p2a: Rotom
|
|upkeep
|
|switch|p2a: Clefable|Clefable, F|100/100
|turn|28
|
|move|p1a: Al Capone|Ice Beam|p2a: Clefable
|-damage|p2a: Clefable|0 fnt
|-damage|p1a: Al Capone|7/100|[from] item: Life Orb
|faint|p2a: Clefable
|
|upkeep
|-message|newjon forfeited.
|
|win|Rohse
|l|☆newjon
|raw|Rohse's rating: 1187 → 1210(+23 for winning)
|raw|newjon's rating: 1149 → 1127(-22 for losing)
