|ScrapeTime|2020-01-01-06:45:54
|j|☆Charararaxd
|j|☆kbjgyufyi
|player|p1|Charararaxd|262|1298
|player|p2|kbjgyufyi|101|1314
|teamsize|p1|6
|teamsize|p2|6
|gametype|singles
|gen|8
|tier|[Gen 8] OU
|rated|
|rule|Sleep Clause Mod: Limit one foe put to sleep
|rule|Species Clause: Limit one of each Pokémon
|rule|OHKO Clause: OHKO moves are banned
|rule|Evasion Moves Clause: Evasion moves are banned
|rule|Endless Battle Clause: Forcing endless battles is banned
|rule|HP Percentage Mod: HP is shown in percentages
|clearpoke
|poke|p1|Cinderace, M|
|poke|p1|Togekiss, F|
|poke|p1|Dracovish|
|poke|p1|Toxtricity-Low-Key, M|
|poke|p1|Aegislash, F|
|poke|p1|Ferrothorn, F|
|poke|p2|Hydreigon, M|
|poke|p2|Mimikyu, F|
|poke|p2|Dragapult, F|
|poke|p2|Mew|
|poke|p2|Cinderace, M|
|poke|p2|Toxtricity, M|
|rule|Dynamax Clause: You cannot dynamax
|teampreview
|inactive|Battle timer is ON: inactive players will automatically lose when time's up. (requested by Charararaxd)
|
|start
|switch|p1a: Aegislash|Aegislash, F|100/100
|switch|p2a: Mew|Mew|100/100
|turn|1
|
|-formechange|p1a: Aegislash|Aegislash-Blade||[from] ability: Stance Change
|move|p1a: Aegislash|Shadow Sneak|p2a: Mew
|-supereffective|p2a: Mew
|-damage|p2a: Mew|46/100
|-enditem|p2a: Mew|Red Card|[of] p1a: Aegislash
|-damage|p1a: Aegislash|91/100|[from] item: Life Orb
|drag|p1a: Ferrothorn|Ferrothorn, F|100/100
|move|p2a: Mew|Stealth Rock|p1a: Ferrothorn
|-sidestart|p1: Charararaxd|move: Stealth Rock
|
|upkeep
|turn|2
|
|move|p2a: Mew|Taunt|p1a: Ferrothorn
|-start|p1a: Ferrothorn|move: Taunt
|move|p1a: Ferrothorn|Knock Off|p2a: Mew
|-supereffective|p2a: Mew
|-damage|p2a: Mew|22/100
|
|upkeep
|turn|3
|
|move|p2a: Mew|Spikes|p1a: Ferrothorn
|-sidestart|p1: Charararaxd|Spikes
|move|p1a: Ferrothorn|Knock Off|p2a: Mew
|-supereffective|p2a: Mew
|-crit|p2a: Mew
|-damage|p2a: Mew|0 fnt
|faint|p2a: Mew
|
|upkeep
|
|switch|p2a: Cinderace|Cinderace, M|100/100
|turn|4
|
|switch|p1a: Cinderace|Cinderace, M|100/100
|move|p2a: Cinderace|Pyro Ball|p1a: Cinderace|[miss]
|-miss|p2a: Cinderace|p1a: Cinderace
|
|upkeep
|turn|5
|
|move|p2a: Cinderace|Taunt|p1a: Cinderace
|-start|p1a: Cinderace|move: Taunt
|cant|p1a: Cinderace|move: Taunt|Court Change
|
|upkeep
|turn|6
|
|switch|p1a: Togekiss|Togekiss, F|100/100
|-damage|p1a: Togekiss|76/100|[from] Stealth Rock
|move|p2a: Cinderace|Pyro Ball|p1a: Togekiss
|-damage|p1a: Togekiss|0 fnt
|-damage|p2a: Cinderace|91/100|[from] item: Life Orb
|faint|p1a: Togekiss
|
|upkeep
|inactive|Charararaxd has 120 seconds left.
|
|switch|p1a: Dracovish|Dracovish|100/100
|-damage|p1a: Dracovish|88/100|[from] Stealth Rock
|-damage|p1a: Dracovish|76/100|[from] Spikes
|turn|7
|inactive|kbjgyufyi has 120 seconds left.
|
|switch|p2a: Hydreigon|Hydreigon, M|100/100
|move|p1a: Dracovish|Fishious Rend|p2a: Hydreigon
|-resisted|p2a: Hydreigon
|-damage|p2a: Hydreigon|35/100
|
|upkeep
|turn|8
|
|move|p1a: Dracovish|Fishious Rend|p2a: Hydreigon
|-resisted|p2a: Hydreigon
|-damage|p2a: Hydreigon|0 fnt
|faint|p2a: Hydreigon
|
|upkeep
|
|switch|p2a: Dragapult|Dragapult, F|100/100
|turn|9
|
|move|p2a: Dragapult|Will-O-Wisp|p1a: Dracovish
|-status|p1a: Dracovish|brn
|move|p1a: Dracovish|Fishious Rend|p2a: Dragapult
|-resisted|p2a: Dragapult
|-damage|p2a: Dragapult|84/100
|
|-heal|p2a: Dragapult|90/100|[from] item: Leftovers
|-damage|p1a: Dracovish|69/100 brn|[from] brn
|upkeep
|turn|10
|
|switch|p1a: Cinderace|Cinderace, M|100/100
|move|p2a: Dragapult|Substitute|p2a: Dragapult
|-start|p2a: Dragapult|Substitute
|-damage|p2a: Dragapult|65/100
|
|-heal|p2a: Dragapult|72/100|[from] item: Leftovers
|upkeep
|turn|11
|
|move|p2a: Dragapult|Hex|p1a: Cinderace
|-damage|p1a: Cinderace|61/100
|move|p1a: Cinderace|Court Change|p1a: Cinderace
|-sideend|p1: Charararaxd|Spikes|[silent]
|-sidestart|p2: kbjgyufyi|Spikes|[silent]
|-sideend|p1: Charararaxd|Stealth Rock|[silent]
|-sidestart|p2: kbjgyufyi|Stealth Rock|[silent]
|-activate|p1a: Cinderace|move: Court Change
|
|-heal|p2a: Dragapult|78/100|[from] item: Leftovers
|upkeep
|turn|12
|
|move|p2a: Dragapult|Hex|p1a: Cinderace
|-crit|p1a: Cinderace
|-damage|p1a: Cinderace|8/100
|move|p1a: Cinderace|U-turn|p2a: Dragapult
|-resisted|p2a: Dragapult
|-activate|p2a: Dragapult|move: Substitute|[damage]
|
|switch|p1a: Toxtricity|Toxtricity-Low-Key, M|100/100|[from]move: U-turn
|
|-heal|p2a: Dragapult|84/100|[from] item: Leftovers
|upkeep
|turn|13
|
|move|p2a: Dragapult|Will-O-Wisp|p1a: Toxtricity
|-status|p1a: Toxtricity|brn
|move|p1a: Toxtricity|Overdrive|p2a: Dragapult
|-resisted|p2a: Dragapult
|-damage|p2a: Dragapult|32/100
|
|-heal|p2a: Dragapult|39/100|[from] item: Leftovers
|-damage|p1a: Toxtricity|94/100 brn|[from] brn
|upkeep
|turn|14
|
|move|p2a: Dragapult|Disable|p1a: Toxtricity
|-start|p1a: Toxtricity|Disable|Overdrive
|cant|p1a: Toxtricity|Disable|Overdrive
|
|-heal|p2a: Dragapult|45/100|[from] item: Leftovers
|-damage|p1a: Toxtricity|88/100 brn|[from] brn
|upkeep
|turn|15
|
|switch|p1a: Ferrothorn|Ferrothorn, F|100/100
|move|p2a: Dragapult|Hex|p1a: Ferrothorn
|-damage|p1a: Ferrothorn|77/100
|
|-heal|p2a: Dragapult|51/100|[from] item: Leftovers
|-heal|p1a: Ferrothorn|84/100|[from] item: Leftovers
|upkeep
|turn|16
|
|switch|p1a: Toxtricity|Toxtricity-Low-Key, M|88/100 brn
|move|p2a: Dragapult|Will-O-Wisp|p1a: Toxtricity
|-fail|p1a: Toxtricity|brn
|
|-heal|p2a: Dragapult|57/100|[from] item: Leftovers
|-damage|p1a: Toxtricity|82/100 brn|[from] brn
|upkeep
|turn|17
|
|move|p2a: Dragapult|Hex|p1a: Toxtricity
|-crit|p1a: Toxtricity
|-damage|p1a: Toxtricity|0 fnt
|faint|p1a: Toxtricity
|
|-heal|p2a: Dragapult|64/100|[from] item: Leftovers
|upkeep
|c|☆Charararaxd|whyt
|c|☆Charararaxd|whyyy
|c|☆kbjgyufyi|you werent killing it like that anyway
|c|☆Charararaxd|but it woulda killed
|inactive|Charararaxd has 120 seconds left.
|
|switch|p1a: Dracovish|Dracovish|69/100 brn
|turn|18
|c|☆kbjgyufyi|no it wouldnt
|c|☆kbjgyufyi|the last one did 51
|
|move|p2a: Dragapult|Hex|p1a: Dracovish
|-damage|p1a: Dracovish|6/100 brn
|move|p1a: Dracovish|Dragon Rush|p2a: Dragapult
|-supereffective|p2a: Dragapult
|-end|p2a: Dragapult|Substitute
|
|-heal|p2a: Dragapult|70/100|[from] item: Leftovers
|-damage|p1a: Dracovish|0 fnt|[from] brn
|faint|p1a: Dracovish
|upkeep
|inactive|Charararaxd has 120 seconds left.
|c|☆Charararaxd|you were at like 48
|
|switch|p1a: Aegislash|Aegislash, F|91/100
|turn|19
|c|☆kbjgyufyi|it was 58
|c|☆Charararaxd|you might be right im kinda r
|c|☆kbjgyufyi|youre making up things in your head to blame the game for you losing
|
|-formechange|p1a: Aegislash|Aegislash-Blade||[from] ability: Stance Change
|move|p1a: Aegislash|Shadow Sneak|p2a: Dragapult
|-supereffective|p2a: Dragapult
|-damage|p2a: Dragapult|0 fnt
|-damage|p1a: Aegislash|81/100|[from] item: Life Orb
|faint|p2a: Dragapult
|
|upkeep
|c|☆Charararaxd|ok calm down
|
|switch|p2a: Cinderace|Cinderace, M|91/100
|-damage|p2a: Cinderace|78/100|[from] Spikes
|-damage|p2a: Cinderace|53/100|[from] Stealth Rock
|turn|20
|
|move|p1a: Aegislash|Shadow Sneak|p2a: Cinderace
|-damage|p2a: Cinderace|9/100
|-damage|p1a: Aegislash|71/100|[from] item: Life Orb
|move|p2a: Cinderace|Pyro Ball|p1a: Aegislash
|-supereffective|p1a: Aegislash
|-crit|p1a: Aegislash
|-damage|p1a: Aegislash|0 fnt
|-damage|p2a: Cinderace|0 fnt|[from] item: Life Orb
|faint|p1a: Aegislash
|faint|p2a: Cinderace
|
|upkeep
|c|☆kbjgyufyi|youre the one who started complaining
|
|switch|p2a: Toxtricity|Toxtricity, M|100/100
|switch|p1a: Cinderace|Cinderace, M|8/100
|-damage|p2a: Toxtricity|88/100|[from] Stealth Rock
|-damage|p2a: Toxtricity|76/100|[from] Spikes
|turn|21
|
|move|p2a: Toxtricity|Boomburst|p1a: Cinderace
|-damage|p1a: Cinderace|0 fnt
|faint|p1a: Cinderace
|
|upkeep
|
|switch|p1a: Ferrothorn|Ferrothorn, F|84/100
|turn|22
|
|move|p2a: Toxtricity|Boomburst|p1a: Ferrothorn
|-resisted|p1a: Ferrothorn
|-damage|p1a: Ferrothorn|61/100
|move|p1a: Ferrothorn|Leech Seed|p2a: Toxtricity
|-start|p2a: Toxtricity|move: Leech Seed
|
|-heal|p1a: Ferrothorn|67/100|[from] item: Leftovers
|-damage|p2a: Toxtricity|63/100|[from] Leech Seed|[of] p1a: Ferrothorn
|-heal|p1a: Ferrothorn|77/100|[silent]
|upkeep
|turn|23
|
|move|p2a: Toxtricity|Boomburst|p1a: Ferrothorn
|-resisted|p1a: Ferrothorn
|-damage|p1a: Ferrothorn|53/100
|move|p1a: Ferrothorn|Knock Off|p2a: Toxtricity
|-damage|p2a: Toxtricity|28/100
|-enditem|p2a: Toxtricity|Choice Scarf|[from] move: Knock Off|[of] p1a: Ferrothorn
|
|-heal|p1a: Ferrothorn|60/100|[from] item: Leftovers
|-damage|p2a: Toxtricity|16/100|[from] Leech Seed|[of] p1a: Ferrothorn
|-heal|p1a: Ferrothorn|70/100|[silent]
|upkeep
|turn|24
|
|move|p1a: Ferrothorn|Protect|p1a: Ferrothorn
|-singleturn|p1a: Ferrothorn|Protect
|move|p2a: Toxtricity|Boomburst|p1a: Ferrothorn
|-activate|p1a: Ferrothorn|move: Protect
|
|-heal|p1a: Ferrothorn|76/100|[from] item: Leftovers
|-damage|p2a: Toxtricity|3/100|[from] Leech Seed|[of] p1a: Ferrothorn
|-heal|p1a: Ferrothorn|86/100|[silent]
|upkeep
|turn|25
|
|move|p1a: Ferrothorn|Protect||[still]
|-fail|p1a: Ferrothorn
|move|p2a: Toxtricity|Boomburst|p1a: Ferrothorn
|-resisted|p1a: Ferrothorn
|-damage|p1a: Ferrothorn|62/100
|
|-heal|p1a: Ferrothorn|69/100|[from] item: Leftovers
|-damage|p2a: Toxtricity|0 fnt|[from] Leech Seed|[of] p1a: Ferrothorn
|-heal|p1a: Ferrothorn|71/100|[silent]
|faint|p2a: Toxtricity
|upkeep
|
|switch|p2a: Mimikyu|Mimikyu, F|100/100
|-damage|p2a: Mimikyu|88/100|[from] Spikes
|-damage|p2a: Mimikyu|76/100|[from] Stealth Rock
|turn|26
|
|move|p2a: Mimikyu|Swords Dance|p2a: Mimikyu
|-boost|p2a: Mimikyu|atk|2
|move|p1a: Ferrothorn|Knock Off|p2a: Mimikyu
|-activate|p2a: Mimikyu|ability: Disguise
|-damage|p2a: Mimikyu|76/100
|-enditem|p2a: Mimikyu|Life Orb|[from] move: Knock Off|[of] p1a: Ferrothorn
|detailschange|p2a: Mimikyu|Mimikyu-Busted, F
|-damage|p2a: Mimikyu|63/100|[from] ability: Disguise|[of] p2a: Mimikyu
|
|-heal|p1a: Ferrothorn|77/100|[from] item: Leftovers
|upkeep
|turn|27
|
|move|p2a: Mimikyu|Swords Dance|p2a: Mimikyu
|-boost|p2a: Mimikyu|atk|2
|move|p1a: Ferrothorn|Leech Seed|p2a: Mimikyu
|-start|p2a: Mimikyu|move: Leech Seed
|
|-heal|p1a: Ferrothorn|83/100|[from] item: Leftovers
|-damage|p2a: Mimikyu|51/100|[from] Leech Seed|[of] p1a: Ferrothorn
|-heal|p1a: Ferrothorn|92/100|[silent]
|upkeep
|turn|28
|
|move|p2a: Mimikyu|Swords Dance|p2a: Mimikyu
|-boost|p2a: Mimikyu|atk|2
|move|p1a: Ferrothorn|Knock Off|p2a: Mimikyu
|-damage|p2a: Mimikyu|26/100
|
|-heal|p1a: Ferrothorn|99/100|[from] item: Leftovers
|-damage|p2a: Mimikyu|14/100|[from] Leech Seed|[of] p1a: Ferrothorn
|-heal|p1a: Ferrothorn|100/100|[silent]
|upkeep
|turn|29
|
|move|p1a: Ferrothorn|Protect|p1a: Ferrothorn
|-singleturn|p1a: Ferrothorn|Protect
|move|p2a: Mimikyu|Shadow Claw|p1a: Ferrothorn
|-activate|p1a: Ferrothorn|move: Protect
|
|-damage|p2a: Mimikyu|2/100|[from] Leech Seed|[of] p1a: Ferrothorn
|upkeep
|turn|30
|
|move|p1a: Ferrothorn|Protect||[still]
|-fail|p1a: Ferrothorn
|move|p2a: Mimikyu|Shadow Claw|p1a: Ferrothorn
|-damage|p1a: Ferrothorn|40/100
|-damage|p2a: Mimikyu|0 fnt|[from] ability: Iron Barbs|[of] p1a: Ferrothorn
|faint|p2a: Mimikyu
|
|win|Charararaxd
|raw|Charararaxd's rating: 1298 → 1324(+26 for winning)
|raw|kbjgyufyi's rating: 1314 → 1293(-21 for losing)
|l|☆kbjgyufyi
