|ScrapeTime|2020-01-02-02:41:04
|j|☆YoungsterNine
|j|☆Nightslash4
|player|p1|YoungsterNine|283|1255
|player|p2|Nightslash4|238|1204
|teamsize|p1|6
|teamsize|p2|6
|gametype|singles
|gen|8
|tier|[Gen 8] OU
|rated|
|rule|Sleep Clause Mod: Limit one foe put to sleep
|rule|Species Clause: Limit one of each Pokémon
|rule|OHKO Clause: OHKO moves are banned
|rule|Evasion Moves Clause: Evasion moves are banned
|rule|Endless Battle Clause: Forcing endless battles is banned
|rule|HP Percentage Mod: HP is shown in percentages
|clearpoke
|poke|p1|Kommo-o, M|
|poke|p1|Sylveon, F|
|poke|p1|Drapion, M|
|poke|p1|Gyarados, M|
|poke|p1|Mamoswine, M|
|poke|p1|Corviknight, F|
|poke|p2|Pelipper, M|
|poke|p2|Seismitoad, F|
|poke|p2|Ferrothorn, F|
|poke|p2|Dracovish|
|poke|p2|Frosmoth, M|
|poke|p2|Dragapult, M|
|rule|Dynamax Clause: You cannot dynamax
|teampreview
|
|start
|switch|p1a: Mamoswine|Mamoswine, M|100/100
|switch|p2a: Pelipper|Pelipper, M|100/100
|-weather|RainDance|[from] ability: Drizzle|[of] p2a: Pelipper
|turn|1
|
|move|p1a: Mamoswine|Stealth Rock|p2a: Pelipper
|-sidestart|p2: Nightslash4|move: Stealth Rock
|move|p2a: Pelipper|U-turn|p1a: Mamoswine
|-crit|p1a: Mamoswine
|-damage|p1a: Mamoswine|83/100
|
|switch|p2a: Dracovish|Dracovish|100/100|[from]move: U-turn
|-damage|p2a: Dracovish|88/100|[from] Stealth Rock
|
|-weather|RainDance|[upkeep]
|upkeep
|turn|2
|
|move|p1a: Mamoswine|Ice Shard|p2a: Dracovish
|-damage|p2a: Dracovish|67/100
|move|p2a: Dracovish|Fishious Rend|p1a: Mamoswine
|-supereffective|p1a: Mamoswine
|-damage|p1a: Mamoswine|0 fnt
|faint|p1a: Mamoswine
|
|-weather|RainDance|[upkeep]
|upkeep
|
|switch|p1a: Gyarados|Gyarados, M|100/100
|-ability|p1a: Gyarados|Intimidate|boost
|-unboost|p2a: Dracovish|atk|1
|turn|3
|
|switch|p2a: Dragapult|Dragapult, M|100/100
|-damage|p2a: Dragapult|88/100|[from] Stealth Rock
|switch|p1a: Corviknight|Corviknight, F|100/100
|-ability|p1a: Corviknight|Pressure
|
|-weather|RainDance|[upkeep]
|upkeep
|turn|4
|
|switch|p1a: Sylveon|Sylveon, F|100/100
|move|p2a: Dragapult|Thunderbolt|p1a: Sylveon
|-damage|p1a: Sylveon|81/100
|
|-weather|RainDance|[upkeep]
|-heal|p1a: Sylveon|87/100|[from] item: Leftovers
|upkeep
|turn|5
|
|switch|p2a: Ferrothorn|Ferrothorn, F|100/100
|-damage|p2a: Ferrothorn|94/100|[from] Stealth Rock
|move|p1a: Sylveon|Hyper Voice|p2a: Ferrothorn
|-resisted|p2a: Ferrothorn
|-damage|p2a: Ferrothorn|78/100
|
|-weather|RainDance|[upkeep]
|-heal|p1a: Sylveon|93/100|[from] item: Leftovers
|upkeep
|turn|6
|
|move|p1a: Sylveon|Wish|p1a: Sylveon
|move|p2a: Ferrothorn|Leech Seed|p1a: Sylveon
|-start|p1a: Sylveon|move: Leech Seed
|
|-weather|RainDance|[upkeep]
|-heal|p1a: Sylveon|99/100|[from] item: Leftovers
|-damage|p1a: Sylveon|87/100|[from] Leech Seed|[of] p2a: Ferrothorn
|-heal|p2a: Ferrothorn|92/100|[silent]
|upkeep
|turn|7
|
|switch|p1a: Kommo-o|Kommo-o, M|100/100
|move|p2a: Ferrothorn|Spikes|p1a: Kommo-o
|-sidestart|p1: YoungsterNine|Spikes
|
|-weather|RainDance|[upkeep]
|upkeep
|turn|8
|
|switch|p2a: Dragapult|Dragapult, M|88/100
|-damage|p2a: Dragapult|76/100|[from] Stealth Rock
|move|p1a: Kommo-o|Clangorous Soul|p1a: Kommo-o
|-boost|p1a: Kommo-o|atk|1
|-boost|p1a: Kommo-o|def|1
|-boost|p1a: Kommo-o|spa|1
|-boost|p1a: Kommo-o|spd|1
|-boost|p1a: Kommo-o|spe|1
|-damage|p1a: Kommo-o|67/100
|-enditem|p1a: Kommo-o|Throat Spray
|-boost|p1a: Kommo-o|spa|1
|
|-weather|none
|upkeep
|turn|9
|
|move|p2a: Dragapult|Draco Meteor|p1a: Kommo-o
|-supereffective|p1a: Kommo-o
|-damage|p1a: Kommo-o|0 fnt
|-unboost|p2a: Dragapult|spa|2
|faint|p1a: Kommo-o
|
|upkeep
|
|switch|p1a: Sylveon|Sylveon, F|87/100
|-damage|p1a: Sylveon|74/100|[from] Spikes
|turn|10
|
|switch|p2a: Pelipper|Pelipper, M|100/100
|-damage|p2a: Pelipper|75/100|[from] Stealth Rock
|-weather|RainDance|[from] ability: Drizzle|[of] p2a: Pelipper
|move|p1a: Sylveon|Wish|p1a: Sylveon
|
|-weather|RainDance|[upkeep]
|-heal|p1a: Sylveon|80/100|[from] item: Leftovers
|upkeep
|turn|11
|
|move|p2a: Pelipper|U-turn|p1a: Sylveon
|-resisted|p1a: Sylveon
|-damage|p1a: Sylveon|76/100
|
|switch|p2a: Frosmoth|Frosmoth, M|100/100|[from]move: U-turn
|move|p1a: Sylveon|Hyper Voice|p2a: Frosmoth
|-damage|p2a: Frosmoth|76/100
|
|-weather|RainDance|[upkeep]
|-heal|p1a: Sylveon|100/100|[from] move: Wish|[wisher] Sylveon
|upkeep
|turn|12
|
|move|p2a: Frosmoth|Quiver Dance|p2a: Frosmoth
|-boost|p2a: Frosmoth|spa|1
|-boost|p2a: Frosmoth|spd|1
|-boost|p2a: Frosmoth|spe|1
|move|p1a: Sylveon|Calm Mind|p1a: Sylveon
|-boost|p1a: Sylveon|spa|1
|-boost|p1a: Sylveon|spd|1
|
|-weather|RainDance|[upkeep]
|upkeep
|turn|13
|
|move|p2a: Frosmoth|Hurricane|p1a: Sylveon
|-damage|p1a: Sylveon|76/100
|-start|p1a: Sylveon|confusion
|-activate|p1a: Sylveon|confusion
|-damage|p1a: Sylveon|72/100|[from] confusion
|
|-weather|RainDance|[upkeep]
|-heal|p1a: Sylveon|78/100|[from] item: Leftovers
|upkeep
|turn|14
|
|move|p2a: Frosmoth|Ice Beam|p1a: Sylveon
|-damage|p1a: Sylveon|47/100
|-end|p1a: Sylveon|confusion
|move|p1a: Sylveon|Mystical Fire|p2a: Frosmoth
|-supereffective|p2a: Frosmoth
|-damage|p2a: Frosmoth|53/100
|-unboost|p2a: Frosmoth|spa|1
|
|-weather|RainDance|[upkeep]
|-heal|p1a: Sylveon|53/100|[from] item: Leftovers
|upkeep
|turn|15
|
|move|p2a: Frosmoth|Quiver Dance|p2a: Frosmoth
|-boost|p2a: Frosmoth|spa|1
|-boost|p2a: Frosmoth|spd|1
|-boost|p2a: Frosmoth|spe|1
|move|p1a: Sylveon|Wish|p1a: Sylveon
|
|-weather|RainDance|[upkeep]
|-heal|p1a: Sylveon|59/100|[from] item: Leftovers
|upkeep
|turn|16
|
|move|p2a: Frosmoth|Ice Beam|p1a: Sylveon
|-damage|p1a: Sylveon|26/100
|move|p1a: Sylveon|Calm Mind|p1a: Sylveon
|-boost|p1a: Sylveon|spa|1
|-boost|p1a: Sylveon|spd|1
|
|-weather|RainDance|[upkeep]
|-heal|p1a: Sylveon|76/100|[from] move: Wish|[wisher] Sylveon
|-heal|p1a: Sylveon|82/100|[from] item: Leftovers
|upkeep
|turn|17
|
|move|p2a: Frosmoth|Hurricane|p1a: Sylveon
|-crit|p1a: Sylveon
|-damage|p1a: Sylveon|26/100
|move|p1a: Sylveon|Mystical Fire|p2a: Frosmoth
|-supereffective|p2a: Frosmoth
|-damage|p2a: Frosmoth|30/100
|-unboost|p2a: Frosmoth|spa|1
|
|-weather|none
|-heal|p1a: Sylveon|32/100|[from] item: Leftovers
|upkeep
|turn|18
|
|move|p2a: Frosmoth|Ice Beam|p1a: Sylveon
|-damage|p1a: Sylveon|14/100
|move|p1a: Sylveon|Wish|p1a: Sylveon
|
|-heal|p1a: Sylveon|20/100|[from] item: Leftovers
|upkeep
|turn|19
|
|move|p2a: Frosmoth|Ice Beam|p1a: Sylveon
|-damage|p1a: Sylveon|3/100
|move|p1a: Sylveon|Calm Mind|p1a: Sylveon
|-boost|p1a: Sylveon|spa|1
|-boost|p1a: Sylveon|spd|1
|
|-heal|p1a: Sylveon|53/100|[from] move: Wish|[wisher] Sylveon
|-heal|p1a: Sylveon|59/100|[from] item: Leftovers
|upkeep
|turn|20
|
|move|p2a: Frosmoth|Quiver Dance|p2a: Frosmoth
|-boost|p2a: Frosmoth|spa|1
|-boost|p2a: Frosmoth|spd|1
|-boost|p2a: Frosmoth|spe|1
|move|p1a: Sylveon|Wish|p1a: Sylveon
|
|-heal|p1a: Sylveon|65/100|[from] item: Leftovers
|upkeep
|turn|21
|
|move|p2a: Frosmoth|Ice Beam|p1a: Sylveon
|-damage|p1a: Sylveon|48/100
|move|p1a: Sylveon|Mystical Fire|p2a: Frosmoth
|-supereffective|p2a: Frosmoth
|-damage|p2a: Frosmoth|0 fnt
|faint|p2a: Frosmoth
|
|-heal|p1a: Sylveon|98/100|[from] move: Wish|[wisher] Sylveon
|-heal|p1a: Sylveon|100/100|[from] item: Leftovers
|upkeep
|
|switch|p2a: Pelipper|Pelipper, M|75/100
|-damage|p2a: Pelipper|50/100|[from] Stealth Rock
|-weather|RainDance|[from] ability: Drizzle|[of] p2a: Pelipper
|turn|22
|
|move|p2a: Pelipper|U-turn|p1a: Sylveon
|-resisted|p1a: Sylveon
|-damage|p1a: Sylveon|96/100
|
|switch|p2a: Ferrothorn|Ferrothorn, F|92/100|[from]move: U-turn
|-damage|p2a: Ferrothorn|86/100|[from] Stealth Rock
|move|p1a: Sylveon|Hyper Voice|p2a: Ferrothorn
|-resisted|p2a: Ferrothorn
|-damage|p2a: Ferrothorn|50/100
|
|-weather|RainDance|[upkeep]
|-heal|p1a: Sylveon|100/100|[from] item: Leftovers
|upkeep
|turn|23
|
|move|p1a: Sylveon|Mystical Fire|p2a: Ferrothorn
|-supereffective|p2a: Ferrothorn
|-damage|p2a: Ferrothorn|0 fnt
|faint|p2a: Ferrothorn
|
|-weather|RainDance|[upkeep]
|upkeep
|
|switch|p2a: Dracovish|Dracovish|67/100
|-damage|p2a: Dracovish|55/100|[from] Stealth Rock
|turn|24
|
|switch|p1a: Drapion|Drapion, M|100/100
|-damage|p1a: Drapion|88/100|[from] Spikes
|move|p2a: Dracovish|Fishious Rend|p1a: Drapion
|-damage|p1a: Drapion|0 fnt
|faint|p1a: Drapion
|
|-weather|RainDance|[upkeep]
|upkeep
|
|switch|p1a: Gyarados|Gyarados, M|100/100
|-ability|p1a: Gyarados|Intimidate|boost
|-unboost|p2a: Dracovish|atk|1
|turn|25
|
|move|p2a: Dracovish|Fishious Rend|p1a: Gyarados
|-resisted|p1a: Gyarados
|-damage|p1a: Gyarados|24/100
|move|p1a: Gyarados|Dragon Dance|p1a: Gyarados
|-boost|p1a: Gyarados|atk|1
|-boost|p1a: Gyarados|spe|1
|
|-weather|RainDance|[upkeep]
|-heal|p1a: Gyarados|30/100|[from] item: Leftovers
|upkeep
|turn|26
|
|switch|p2a: Seismitoad|Seismitoad, F|100/100
|-damage|p2a: Seismitoad|95/100|[from] Stealth Rock
|move|p1a: Gyarados|Bounce||[still]
|-prepare|p1a: Gyarados|Bounce|p2a: Seismitoad
|
|-weather|RainDance|[upkeep]
|-heal|p1a: Gyarados|36/100|[from] item: Leftovers
|upkeep
|turn|27
|
|move|p2a: Seismitoad|Stealth Rock|p1a: Gyarados
|-sidestart|p1: YoungsterNine|move: Stealth Rock
|move|p1a: Gyarados|Bounce|p2a: Seismitoad|[from]lockedmove
|-damage|p2a: Seismitoad|10/100
|
|-weather|RainDance|[upkeep]
|-heal|p1a: Gyarados|42/100|[from] item: Leftovers
|upkeep
|turn|28
|
|move|p2a: Seismitoad|Hydro Pump|p1a: Gyarados|[miss]
|-miss|p2a: Seismitoad|p1a: Gyarados
|move|p1a: Gyarados|Bounce||[still]
|-prepare|p1a: Gyarados|Bounce|p2a: Seismitoad
|
|-weather|RainDance|[upkeep]
|-heal|p1a: Gyarados|49/100|[from] item: Leftovers
|upkeep
|turn|29
|
|move|p2a: Seismitoad|Hydro Pump|p1a: Gyarados|[miss]
|-miss|p2a: Seismitoad|p1a: Gyarados
|move|p1a: Gyarados|Bounce|p2a: Seismitoad|[from]lockedmove
|-damage|p2a: Seismitoad|0 fnt
|faint|p2a: Seismitoad
|
|-weather|none
|-heal|p1a: Gyarados|55/100|[from] item: Leftovers
|upkeep
|
|switch|p2a: Dragapult|Dragapult, M|76/100
|-damage|p2a: Dragapult|64/100|[from] Stealth Rock
|turn|30
|
|switch|p1a: Sylveon|Sylveon, F|100/100
|-damage|p1a: Sylveon|88/100|[from] Stealth Rock
|-damage|p1a: Sylveon|76/100|[from] Spikes
|move|p2a: Dragapult|Thunderbolt|p1a: Sylveon
|-damage|p1a: Sylveon|58/100
|
|-heal|p1a: Sylveon|64/100|[from] item: Leftovers
|upkeep
|turn|31
|
|switch|p2a: Pelipper|Pelipper, M|50/100
|-damage|p2a: Pelipper|25/100|[from] Stealth Rock
|-weather|RainDance|[from] ability: Drizzle|[of] p2a: Pelipper
|move|p1a: Sylveon|Hyper Voice|p2a: Pelipper
|-damage|p2a: Pelipper|0 fnt
|faint|p2a: Pelipper
|
|-weather|RainDance|[upkeep]
|-heal|p1a: Sylveon|70/100|[from] item: Leftovers
|upkeep
|
|switch|p2a: Dracovish|Dracovish|55/100
|-damage|p2a: Dracovish|42/100|[from] Stealth Rock
|turn|32
|
|switch|p1a: Gyarados|Gyarados, M|55/100
|-damage|p1a: Gyarados|30/100|[from] Stealth Rock
|-ability|p1a: Gyarados|Intimidate|boost
|-unboost|p2a: Dracovish|atk|1
|move|p2a: Dracovish|Fishious Rend|p1a: Gyarados
|-resisted|p1a: Gyarados
|-damage|p1a: Gyarados|0 fnt
|faint|p1a: Gyarados
|
|-weather|RainDance|[upkeep]
|upkeep
|
|switch|p1a: Corviknight|Corviknight, F|100/100
|-damage|p1a: Corviknight|88/100|[from] Stealth Rock
|-ability|p1a: Corviknight|Pressure
|turn|33
|
|move|p2a: Dracovish|Fishious Rend|p1a: Corviknight
|-damage|p1a: Corviknight|19/100
|-damage|p2a: Dracovish|26/100|[from] item: Rocky Helmet|[of] p1a: Corviknight
|move|p1a: Corviknight|Brave Bird|p2a: Dracovish
|-damage|p2a: Dracovish|0 fnt
|-damage|p1a: Corviknight|13/100|[from] Recoil
|faint|p2a: Dracovish
|
|-weather|RainDance|[upkeep]
|upkeep
|
|switch|p2a: Dragapult|Dragapult, M|64/100
|-damage|p2a: Dragapult|51/100|[from] Stealth Rock
|turn|34
|
|move|p2a: Dragapult|Shadow Ball|p1a: Corviknight
|-damage|p1a: Corviknight|0 fnt
|faint|p1a: Corviknight
|
|-weather|RainDance|[upkeep]
|upkeep
|
|switch|p1a: Sylveon|Sylveon, F|70/100
|-damage|p1a: Sylveon|57/100|[from] Stealth Rock
|-damage|p1a: Sylveon|45/100|[from] Spikes
|turn|35
|
|move|p2a: Dragapult|Shadow Ball|p1a: Sylveon
|-crit|p1a: Sylveon
|-damage|p1a: Sylveon|10/100
|move|p1a: Sylveon|Hyper Voice|p2a: Dragapult
|-supereffective|p2a: Dragapult
|-damage|p2a: Dragapult|0 fnt
|faint|p2a: Dragapult
|
|win|YoungsterNine
|l|☆Nightslash4
|raw|YoungsterNine's rating: 1255 → 1276(+21 for winning)
|raw|Nightslash4's rating: 1204 → 1183(-21 for losing)
