|ScrapeTime|2020-01-01-07:04:43
|j|☆LaxativeCement
|j|☆Spaapin
|player|p1|LaxativeCement|lucas|1577
|player|p2|Spaapin|260|1554
|teamsize|p1|6
|teamsize|p2|6
|gametype|singles
|gen|8
|tier|[Gen 8] OU
|rated|
|rule|Sleep Clause Mod: Limit one foe put to sleep
|rule|Species Clause: Limit one of each Pokémon
|rule|OHKO Clause: OHKO moves are banned
|rule|Evasion Moves Clause: Evasion moves are banned
|rule|Endless Battle Clause: Forcing endless battles is banned
|rule|HP Percentage Mod: HP is shown in percentages
|clearpoke
|poke|p1|Cinderace, F|
|poke|p1|Excadrill, M|
|poke|p1|Rotom-Wash|
|poke|p1|Aegislash, M|
|poke|p1|Gyarados, F|
|poke|p1|Conkeldurr, F|
|poke|p2|Dragapult, M|
|poke|p2|Conkeldurr, M|
|poke|p2|Corviknight, F|
|poke|p2|Clefable, F|
|poke|p2|Ditto|
|poke|p2|Excadrill, M|
|rule|Dynamax Clause: You cannot dynamax
|teampreview
|inactive|Battle timer is ON: inactive players will automatically lose when time's up. (requested by LaxativeCement)
|
|start
|switch|p1a: CLEEEAN|Rotom-Wash|100/100
|switch|p2a: Dragapult|Dragapult, M|100/100
|turn|1
|
|move|p2a: Dragapult|Substitute|p2a: Dragapult
|-start|p2a: Dragapult|Substitute
|-damage|p2a: Dragapult|76/100
|move|p1a: CLEEEAN|Will-O-Wisp||[still]
|-fail|p1a: CLEEEAN
|
|-heal|p2a: Dragapult|82/100|[from] item: Leftovers
|upkeep
|turn|2
|
|move|p2a: Dragapult|Will-O-Wisp|p1a: CLEEEAN
|-status|p1a: CLEEEAN|brn
|move|p1a: CLEEEAN|Hex|p2a: Dragapult
|-supereffective|p2a: Dragapult
|-end|p2a: Dragapult|Substitute
|
|-heal|p2a: Dragapult|88/100|[from] item: Leftovers
|-damage|p1a: CLEEEAN|94/100 brn|[from] brn
|upkeep
|turn|3
|j| FCC Chairman
|
|move|p2a: Dragapult|Disable|p1a: CLEEEAN
|-start|p1a: CLEEEAN|Disable|Hex
|cant|p1a: CLEEEAN|Disable|Hex
|
|-heal|p2a: Dragapult|94/100|[from] item: Leftovers
|-heal|p1a: CLEEEAN|100/100 brn|[from] item: Leftovers
|-damage|p1a: CLEEEAN|94/100 brn|[from] brn
|upkeep
|turn|4
|j| FM Blood
|
|move|p2a: Dragapult|Substitute|p2a: Dragapult
|-start|p2a: Dragapult|Substitute
|-damage|p2a: Dragapult|69/100
|move|p1a: CLEEEAN|Volt Switch|p2a: Dragapult
|-resisted|p2a: Dragapult
|-activate|p2a: Dragapult|move: Substitute|[damage]
|l| FM Blood
|
|switch|p1a: Brody|Conkeldurr, F|100/100|[from]move: Volt Switch
|
|-heal|p2a: Dragapult|75/100|[from] item: Leftovers
|-status|p1a: Brody|brn|[from] item: Flame Orb
|upkeep
|turn|5
|
|move|p2a: Dragapult|Hex|p1a: Brody
|-damage|p1a: Brody|34/100 brn
|move|p1a: Brody|Earthquake|p2a: Dragapult
|-end|p2a: Dragapult|Substitute
|
|-heal|p2a: Dragapult|81/100|[from] item: Leftovers
|-damage|p1a: Brody|28/100 brn|[from] brn
|upkeep
|turn|6
|
|switch|p1a: SLICE EM UP|Aegislash, M|100/100
|move|p2a: Dragapult|Hex|p1a: SLICE EM UP
|-supereffective|p1a: SLICE EM UP
|-damage|p1a: SLICE EM UP|57/100
|
|-heal|p2a: Dragapult|87/100|[from] item: Leftovers
|-heal|p1a: SLICE EM UP|63/100|[from] item: Leftovers
|upkeep
|turn|7
|
|switch|p2a: Corviknight|Corviknight, F|100/100
|-formechange|p1a: SLICE EM UP|Aegislash-Blade||[from] ability: Stance Change
|move|p1a: SLICE EM UP|Iron Head|p2a: Corviknight
|-resisted|p2a: Corviknight
|-damage|p2a: Corviknight|79/100
|
|-heal|p2a: Corviknight|86/100|[from] item: Leftovers
|-heal|p1a: SLICE EM UP|70/100|[from] item: Leftovers
|upkeep
|turn|8
|
|-formechange|p1a: SLICE EM UP|Aegislash||[from] ability: Stance Change
|move|p1a: SLICE EM UP|King's Shield|p1a: SLICE EM UP
|-singleturn|p1a: SLICE EM UP|Protect
|move|p2a: Corviknight|U-turn|p1a: SLICE EM UP
|-activate|p1a: SLICE EM UP|move: Protect
|-ability|p2a: Corviknight|Mirror Armor
|-unboost|p1a: SLICE EM UP|atk|1
|
|-heal|p2a: Corviknight|92/100|[from] item: Leftovers
|-heal|p1a: SLICE EM UP|76/100|[from] item: Leftovers
|upkeep
|turn|9
|
|move|p2a: Corviknight|U-turn|p1a: SLICE EM UP
|-resisted|p1a: SLICE EM UP
|-damage|p1a: SLICE EM UP|73/100
|
|switch|p2a: Conkeldurr|Conkeldurr, M|100/100|[from]move: U-turn
|-formechange|p1a: SLICE EM UP|Aegislash-Blade||[from] ability: Stance Change
|move|p1a: SLICE EM UP|Iron Head|p2a: Conkeldurr
|-damage|p2a: Conkeldurr|74/100
|
|-heal|p1a: SLICE EM UP|79/100|[from] item: Leftovers
|-status|p2a: Conkeldurr|brn|[from] item: Flame Orb
|upkeep
|turn|10
|
|-formechange|p1a: SLICE EM UP|Aegislash||[from] ability: Stance Change
|move|p1a: SLICE EM UP|King's Shield|p1a: SLICE EM UP
|-singleturn|p1a: SLICE EM UP|Protect
|move|p2a: Conkeldurr|Earthquake|p1a: SLICE EM UP
|-activate|p1a: SLICE EM UP|move: Protect
|
|-heal|p1a: SLICE EM UP|85/100|[from] item: Leftovers
|-damage|p2a: Conkeldurr|68/100 brn|[from] brn
|upkeep
|turn|11
|
|switch|p1a: CLEEEAN|Rotom-Wash|94/100 brn
|move|p2a: Conkeldurr|Facade|p1a: CLEEEAN
|-damage|p1a: CLEEEAN|3/100 brn
|
|-heal|p1a: CLEEEAN|9/100 brn|[from] item: Leftovers
|-damage|p1a: CLEEEAN|3/100 brn|[from] brn
|-damage|p2a: Conkeldurr|62/100 brn|[from] brn
|upkeep
|turn|12
|
|switch|p1a: SLICE EM UP|Aegislash, M|85/100
|move|p2a: Conkeldurr|Mach Punch|p1a: SLICE EM UP
|-immune|p1a: SLICE EM UP
|
|-heal|p1a: SLICE EM UP|92/100|[from] item: Leftovers
|-damage|p2a: Conkeldurr|56/100 brn|[from] brn
|upkeep
|turn|13
|
|switch|p2a: Corviknight|Corviknight, F|92/100
|move|p1a: SLICE EM UP|King's Shield||[still]
|-fail|p1a: SLICE EM UP
|
|-heal|p2a: Corviknight|98/100|[from] item: Leftovers
|-heal|p1a: SLICE EM UP|98/100|[from] item: Leftovers
|upkeep
|turn|14
|
|move|p2a: Corviknight|Brave Bird|p1a: SLICE EM UP
|-resisted|p1a: SLICE EM UP
|-damage|p1a: SLICE EM UP|84/100
|-damage|p2a: Corviknight|94/100|[from] Recoil
|move|p1a: SLICE EM UP|Swords Dance|p1a: SLICE EM UP
|-boost|p1a: SLICE EM UP|atk|2
|
|-heal|p2a: Corviknight|100/100|[from] item: Leftovers
|-heal|p1a: SLICE EM UP|90/100|[from] item: Leftovers
|upkeep
|turn|15
|
|move|p2a: Corviknight|Brave Bird|p1a: SLICE EM UP
|-resisted|p1a: SLICE EM UP
|-damage|p1a: SLICE EM UP|76/100
|-damage|p2a: Corviknight|97/100|[from] Recoil
|move|p1a: SLICE EM UP|Swords Dance|p1a: SLICE EM UP
|-boost|p1a: SLICE EM UP|atk|2
|
|-heal|p2a: Corviknight|100/100|[from] item: Leftovers
|-heal|p1a: SLICE EM UP|82/100|[from] item: Leftovers
|upkeep
|turn|16
|j| Celtis Laddering
|
|move|p2a: Corviknight|Brave Bird|p1a: SLICE EM UP
|-resisted|p1a: SLICE EM UP
|-damage|p1a: SLICE EM UP|67/100
|-damage|p2a: Corviknight|96/100|[from] Recoil
|move|p1a: SLICE EM UP|Swords Dance|p1a: SLICE EM UP
|-boost|p1a: SLICE EM UP|atk|2
|
|-heal|p2a: Corviknight|100/100|[from] item: Leftovers
|-heal|p1a: SLICE EM UP|73/100|[from] item: Leftovers
|upkeep
|turn|17
|
|move|p2a: Corviknight|U-turn|p1a: SLICE EM UP
|-resisted|p1a: SLICE EM UP
|-crit|p1a: SLICE EM UP
|-damage|p1a: SLICE EM UP|69/100
|inactive|Spaapin has 120 seconds left.
|
|switch|p2a: Clefable|Clefable, F|100/100|[from]move: U-turn
|-formechange|p1a: SLICE EM UP|Aegislash-Blade||[from] ability: Stance Change
|move|p1a: SLICE EM UP|Iron Head|p2a: Clefable
|-supereffective|p2a: Clefable
|-damage|p2a: Clefable|0 fnt
|faint|p2a: Clefable
|
|-heal|p1a: SLICE EM UP|75/100|[from] item: Leftovers
|upkeep
|
|switch|p2a: Ditto|Ditto|100/100
|-transform|p2a: Ditto|p1a: SLICE EM UP|[from] ability: Imposter
|turn|18
|j| Idiotchamp
|
|-formechange|p1a: SLICE EM UP|Aegislash||[from] ability: Stance Change
|move|p1a: SLICE EM UP|King's Shield|p1a: SLICE EM UP
|-singleturn|p1a: SLICE EM UP|Protect
|move|p2a: Ditto|Shadow Sneak|p1a: SLICE EM UP
|-activate|p1a: SLICE EM UP|move: Protect
|-unboost|p2a: Ditto|atk|1
|
|-heal|p1a: SLICE EM UP|81/100|[from] item: Leftovers
|upkeep
|turn|19
|
|switch|p1a: CLEEEAN|Rotom-Wash|3/100 brn
|move|p2a: Ditto|Shadow Sneak|p1a: CLEEEAN
|-crit|p1a: CLEEEAN
|-damage|p1a: CLEEEAN|0 fnt
|faint|p1a: CLEEEAN
|
|upkeep
|inactive|LaxativeCement has 120 seconds left.
|
|switch|p1a: Nesquik|Cinderace, F|100/100
|turn|20
|
|move|p1a: Nesquik|Sucker Punch|p2a: Ditto
|-supereffective|p2a: Ditto
|-damage|p2a: Ditto|18/100
|move|p2a: Ditto|Shadow Sneak|p1a: Nesquik
|-damage|p1a: Nesquik|0 fnt
|faint|p1a: Nesquik
|
|upkeep
|
|switch|p1a: SHOOTINGSTAR|Excadrill, M|100/100
|-ability|p1a: SHOOTINGSTAR|Mold Breaker
|turn|21
|
|move|p2a: Ditto|Shadow Sneak|p1a: SHOOTINGSTAR
|-crit|p1a: SHOOTINGSTAR
|-enditem|p1a: SHOOTINGSTAR|Focus Sash
|-damage|p1a: SHOOTINGSTAR|1/100
|move|p1a: SHOOTINGSTAR|Earthquake|p2a: Ditto
|-supereffective|p2a: Ditto
|-damage|p2a: Ditto|0 fnt
|faint|p2a: Ditto
|
|upkeep
|
|switch|p2a: Corviknight|Corviknight, F|100/100
|turn|22
|
|move|p1a: SHOOTINGSTAR|Stealth Rock|p2a: Corviknight
|-sidestart|p2: Spaapin|move: Stealth Rock
|move|p2a: Corviknight|U-turn|p1a: SHOOTINGSTAR
|-resisted|p1a: SHOOTINGSTAR
|-damage|p1a: SHOOTINGSTAR|0 fnt
|faint|p1a: SHOOTINGSTAR
|
|switch|p2a: Conkeldurr|Conkeldurr, M|56/100 brn|[from]move: U-turn
|-damage|p2a: Conkeldurr|50/100 brn|[from] Stealth Rock
|
|-damage|p2a: Conkeldurr|44/100 brn|[from] brn
|upkeep
|
|switch|p1a: SLICE EM UP|Aegislash, M|81/100
|turn|23
|
|-formechange|p1a: SLICE EM UP|Aegislash-Blade||[from] ability: Stance Change
|move|p1a: SLICE EM UP|Iron Head|p2a: Conkeldurr
|-damage|p2a: Conkeldurr|5/100 brn
|move|p2a: Conkeldurr|Earthquake|p1a: SLICE EM UP
|-supereffective|p1a: SLICE EM UP
|-damage|p1a: SLICE EM UP|0 fnt
|faint|p1a: SLICE EM UP
|
|-damage|p2a: Conkeldurr|0 fnt|[from] brn
|faint|p2a: Conkeldurr
|upkeep
|
|switch|p1a: Rampage|Gyarados, F|100/100
|switch|p2a: Corviknight|Corviknight, F|100/100
|-damage|p2a: Corviknight|88/100|[from] Stealth Rock
|turn|24
|
|move|p1a: Rampage|Dragon Dance|p1a: Rampage
|-boost|p1a: Rampage|atk|1
|-boost|p1a: Rampage|spe|1
|move|p2a: Corviknight|Defog|p1a: Rampage
|-unboost|p1a: Rampage|evasion|1
|-sideend|p2: Spaapin|Stealth Rock|[from] move: Defog|[of] p2a: Corviknight
|
|-heal|p2a: Corviknight|94/100|[from] item: Leftovers
|upkeep
|turn|25
|
|move|p1a: Rampage|Dragon Dance|p1a: Rampage
|-boost|p1a: Rampage|atk|1
|-boost|p1a: Rampage|spe|1
|move|p2a: Corviknight|Brave Bird|p1a: Rampage
|-damage|p1a: Rampage|52/100
|-damage|p2a: Corviknight|81/100|[from] Recoil
|
|-heal|p2a: Corviknight|87/100|[from] item: Leftovers
|upkeep
|turn|26
|
|move|p1a: Rampage|Waterfall|p2a: Corviknight
|-damage|p2a: Corviknight|25/100
|move|p2a: Corviknight|Brave Bird|p1a: Rampage
|-damage|p1a: Rampage|8/100
|-damage|p2a: Corviknight|13/100|[from] Recoil
|
|-heal|p2a: Corviknight|20/100|[from] item: Leftovers
|upkeep
|turn|27
|
|move|p1a: Rampage|Waterfall|p2a: Corviknight
|-damage|p2a: Corviknight|0 fnt
|faint|p2a: Corviknight
|-ability|p1a: Rampage|Moxie|boost
|-boost|p1a: Rampage|atk|1
|
|upkeep
|
|switch|p2a: Excadrill|Excadrill, M|100/100
|-ability|p2a: Excadrill|Mold Breaker
|turn|28
|
|move|p1a: Rampage|Waterfall|p2a: Excadrill
|-supereffective|p2a: Excadrill
|-enditem|p2a: Excadrill|Focus Sash
|-damage|p2a: Excadrill|1/100
|move|p2a: Excadrill|Rapid Spin|p1a: Rampage
|-damage|p1a: Rampage|0 fnt
|-boost|p2a: Excadrill|spe|1
|faint|p1a: Rampage
|
|upkeep
|
|switch|p1a: Brody|Conkeldurr, F|28/100 brn
|turn|29
|
|move|p1a: Brody|Mach Punch|p2a: Excadrill
|-supereffective|p2a: Excadrill
|-damage|p2a: Excadrill|0 fnt
|faint|p2a: Excadrill
|
|-damage|p1a: Brody|22/100 brn|[from] brn
|upkeep
|
|switch|p2a: Dragapult|Dragapult, M|87/100
|turn|30
|
|move|p2a: Dragapult|Hex|p1a: Brody
|-damage|p1a: Brody|0 fnt
|faint|p1a: Brody
|
|win|Spaapin
|raw|LaxativeCement's rating: 1577 → 1555(-22 for losing)
|raw|Spaapin's rating: 1555 → 1576(+21 for winning)
