|ScrapeTime|2020-01-02-13:42:26
|j|☆Tezwin
|j|☆Bobguy355
|player|p1|Tezwin|steven|1273
|player|p2|Bobguy355|101|1281
|teamsize|p1|6
|teamsize|p2|6
|gametype|singles
|gen|8
|tier|[Gen 8] OU
|rated|
|rule|Sleep Clause Mod: Limit one foe put to sleep
|rule|Species Clause: Limit one of each Pokémon
|rule|OHKO Clause: OHKO moves are banned
|rule|Evasion Moves Clause: Evasion moves are banned
|rule|Endless Battle Clause: Forcing endless battles is banned
|rule|HP Percentage Mod: HP is shown in percentages
|clearpoke
|poke|p1|Seismitoad, M|
|poke|p1|Dracovish|
|poke|p1|Excadrill, M|
|poke|p1|Rotom-Heat|
|poke|p1|Grimmsnarl, M|
|poke|p1|Dragapult, M|
|poke|p2|Cinderace, F|
|poke|p2|Rotom-Wash|
|poke|p2|Dragapult, M|
|poke|p2|Ferrothorn, M|
|poke|p2|Mimikyu, M|
|poke|p2|Dracovish|
|rule|Dynamax Clause: You cannot dynamax
|teampreview
|
|start
|switch|p1a: ÇA CHAUFFE!!!|Rotom-Heat|100/100
|switch|p2a: Dracovish|Dracovish|100/100
|turn|1
|
|switch|p1a: Gronouille|Seismitoad, M, shiny|100/100
|move|p2a: Dracovish|Psychic Fangs|p1a: Gronouille
|-damage|p1a: Gronouille|75/100
|
|-heal|p1a: Gronouille|81/100|[from] item: Leftovers
|upkeep
|turn|2
|
|switch|p2a: Ferrothorn|Ferrothorn, M|100/100
|move|p1a: Gronouille|Stealth Rock|p2a: Ferrothorn
|-sidestart|p2: Bobguy355|move: Stealth Rock
|
|-heal|p1a: Gronouille|87/100|[from] item: Leftovers
|upkeep
|turn|3
|
|switch|p1a: ÇA CHAUFFE!!!|Rotom-Heat|100/100
|move|p2a: Ferrothorn|Stealth Rock|p1a: ÇA CHAUFFE!!!
|-sidestart|p1: Tezwin|move: Stealth Rock
|
|upkeep
|turn|4
|
|switch|p2a: Dracovish|Dracovish|100/100
|-damage|p2a: Dracovish|88/100|[from] Stealth Rock
|move|p1a: ÇA CHAUFFE!!!|Volt Switch|p2a: Dracovish
|-damage|p2a: Dracovish|54/100
|
|switch|p1a: Gronouille|Seismitoad, M, shiny|87/100|[from]move: Volt Switch
|-damage|p1a: Gronouille|81/100|[from] Stealth Rock
|
|-heal|p1a: Gronouille|87/100|[from] item: Leftovers
|upkeep
|turn|5
|inactive|Battle timer is ON: inactive players will automatically lose when time's up. (requested by Tezwin)
|
|switch|p2a: Ferrothorn|Ferrothorn, M|100/100
|-damage|p2a: Ferrothorn|94/100|[from] Stealth Rock
|move|p1a: Gronouille|Scald|p2a: Ferrothorn
|-resisted|p2a: Ferrothorn
|-damage|p2a: Ferrothorn|87/100
|
|-heal|p1a: Gronouille|93/100|[from] item: Leftovers
|-heal|p2a: Ferrothorn|93/100|[from] item: Leftovers
|upkeep
|turn|6
|
|switch|p1a: ÇA CHAUFFE!!!|Rotom-Heat|100/100
|switch|p2a: Rotom|Rotom-Wash|100/100
|-damage|p2a: Rotom|88/100|[from] Stealth Rock
|
|upkeep
|turn|7
|
|switch|p1a: Gronouille|Seismitoad, M, shiny|93/100
|-damage|p1a: Gronouille|87/100|[from] Stealth Rock
|move|p2a: Rotom|Will-O-Wisp|p1a: Gronouille|[miss]
|-miss|p2a: Rotom|p1a: Gronouille
|
|-heal|p1a: Gronouille|93/100|[from] item: Leftovers
|upkeep
|turn|8
|
|move|p2a: Rotom|Will-O-Wisp|p1a: Gronouille
|-status|p1a: Gronouille|brn
|move|p1a: Gronouille|Toxic|p2a: Rotom
|-status|p2a: Rotom|tox
|
|-heal|p1a: Gronouille|99/100 brn|[from] item: Leftovers
|-damage|p2a: Rotom|82/100 tox|[from] psn
|-damage|p1a: Gronouille|93/100 brn|[from] brn
|upkeep
|turn|9
|
|switch|p2a: Dragapult|Dragapult, M|100/100
|-damage|p2a: Dragapult|88/100|[from] Stealth Rock
|move|p1a: Gronouille|Scald|p2a: Dragapult
|-resisted|p2a: Dragapult
|-damage|p2a: Dragapult|73/100
|
|-heal|p1a: Gronouille|99/100 brn|[from] item: Leftovers
|-damage|p1a: Gronouille|93/100 brn|[from] brn
|upkeep
|turn|10
|
|move|p2a: Dragapult|Shadow Ball|p1a: Gronouille
|-damage|p1a: Gronouille|35/100 brn
|move|p1a: Gronouille|Toxic|p2a: Dragapult
|-status|p2a: Dragapult|tox
|
|-heal|p1a: Gronouille|41/100 brn|[from] item: Leftovers
|-damage|p2a: Dragapult|67/100 tox|[from] psn
|-damage|p1a: Gronouille|35/100 brn|[from] brn
|upkeep
|turn|11
|
|switch|p2a: Ferrothorn|Ferrothorn, M|93/100
|-damage|p2a: Ferrothorn|87/100|[from] Stealth Rock
|switch|p1a: Dracula|Grimmsnarl, M, shiny|100/100
|-damage|p1a: Dracula|88/100|[from] Stealth Rock
|
|-heal|p2a: Ferrothorn|93/100|[from] item: Leftovers
|upkeep
|turn|12
|
|move|p1a: Dracula|Taunt|p2a: Ferrothorn
|-start|p2a: Ferrothorn|move: Taunt
|cant|p2a: Ferrothorn|move: Taunt|Leech Seed
|
|-heal|p2a: Ferrothorn|99/100|[from] item: Leftovers
|upkeep
|turn|13
|
|move|p1a: Dracula|Reflect|p1a: Dracula
|-sidestart|p1: Tezwin|Reflect
|move|p2a: Ferrothorn|Gyro Ball|p1a: Dracula
|-supereffective|p1a: Dracula
|-damage|p1a: Dracula|36/100
|
|-heal|p2a: Ferrothorn|100/100|[from] item: Leftovers
|upkeep
|turn|14
|
|switch|p1a: Freddy|Excadrill, M|100/100
|-damage|p1a: Freddy|97/100|[from] Stealth Rock
|-ability|p1a: Freddy|Mold Breaker
|move|p2a: Ferrothorn|Gyro Ball|p1a: Freddy
|-resisted|p1a: Freddy
|-damage|p1a: Freddy|80/100
|
|-heal|p1a: Freddy|86/100|[from] item: Leftovers
|-end|p2a: Ferrothorn|move: Taunt
|upkeep
|turn|15
|
|move|p1a: Freddy|Rapid Spin|p2a: Ferrothorn
|-resisted|p2a: Ferrothorn
|-damage|p2a: Ferrothorn|94/100
|-damage|p1a: Freddy|74/100|[from] ability: Iron Barbs|[of] p2a: Ferrothorn
|-sideend|p1: Tezwin|Stealth Rock|[from] move: Rapid Spin|[of] p1a: Freddy
|-boost|p1a: Freddy|spe|1
|move|p2a: Ferrothorn|Power Whip|p1a: Freddy
|-damage|p1a: Freddy|45/100
|
|-heal|p1a: Freddy|51/100|[from] item: Leftovers
|-heal|p2a: Ferrothorn|99/100|[from] item: Leftovers
|upkeep
|turn|16
|
|move|p1a: Freddy|Swords Dance|p1a: Freddy
|-boost|p1a: Freddy|atk|2
|move|p2a: Ferrothorn|Power Whip|p1a: Freddy
|-damage|p1a: Freddy|25/100
|
|-heal|p1a: Freddy|31/100|[from] item: Leftovers
|-heal|p2a: Ferrothorn|100/100|[from] item: Leftovers
|upkeep
|turn|17
|
|move|p1a: Freddy|Earthquake|p2a: Ferrothorn
|-damage|p2a: Ferrothorn|19/100
|move|p2a: Ferrothorn|Power Whip|p1a: Freddy
|-damage|p1a: Freddy|4/100
|
|-heal|p1a: Freddy|10/100|[from] item: Leftovers
|-heal|p2a: Ferrothorn|25/100|[from] item: Leftovers
|upkeep
|turn|18
|
|move|p1a: Freddy|Earthquake|p2a: Ferrothorn
|-damage|p2a: Ferrothorn|0 fnt
|faint|p2a: Ferrothorn
|
|-heal|p1a: Freddy|16/100|[from] item: Leftovers
|upkeep
|
|switch|p2a: Mimikyu|Mimikyu, M|100/100
|-damage|p2a: Mimikyu|88/100|[from] Stealth Rock
|turn|19
|
|move|p2a: Mimikyu|Shadow Sneak|p1a: Freddy
|-damage|p1a: Freddy|0 fnt
|-damage|p2a: Mimikyu|78/100|[from] item: Life Orb
|faint|p1a: Freddy
|
|upkeep
|
|switch|p1a: Dracula|Grimmsnarl, M, shiny|36/100
|turn|20
|
|move|p1a: Dracula|Taunt|p2a: Mimikyu
|-start|p2a: Mimikyu|move: Taunt
|move|p2a: Mimikyu|Play Rough|p1a: Dracula
|-supereffective|p1a: Dracula
|-damage|p1a: Dracula|0 fnt
|-damage|p2a: Mimikyu|68/100|[from] item: Life Orb
|faint|p1a: Dracula
|
|-sideend|p1: Tezwin|Reflect
|upkeep
|
|switch|p1a: ÇA CHAUFFE!!!|Rotom-Heat|100/100
|turn|21
|
|switch|p2a: Rotom|Rotom-Wash|82/100 tox
|-damage|p2a: Rotom|70/100 tox|[from] Stealth Rock
|move|p1a: ÇA CHAUFFE!!!|Will-O-Wisp||[still]
|-fail|p1a: ÇA CHAUFFE!!!
|
|-damage|p2a: Rotom|64/100 tox|[from] psn
|upkeep
|turn|22
|
|move|p1a: ÇA CHAUFFE!!!|Volt Switch|p2a: Rotom
|-damage|p2a: Rotom|38/100 tox
|
|switch|p1a: Une sardine|Dracovish|100/100|[from]move: Volt Switch
|move|p2a: Rotom|Hydro Pump|p1a: Une sardine
|-resisted|p1a: Une sardine
|-damage|p1a: Une sardine|88/100
|
|-damage|p2a: Rotom|26/100 tox|[from] psn
|upkeep
|turn|23
|
|switch|p1a: Gronouille|Seismitoad, M, shiny|35/100 brn
|move|p2a: Rotom|Thunder Wave|p1a: Gronouille
|-immune|p1a: Gronouille
|
|-heal|p1a: Gronouille|41/100 brn|[from] item: Leftovers
|-damage|p2a: Rotom|8/100 tox|[from] psn
|-damage|p1a: Gronouille|35/100 brn|[from] brn
|upkeep
|-enditem|p2a: Rotom|Iapapa Berry|[eat]
|-heal|p2a: Rotom|41/100 tox|[from] item: Iapapa Berry
|turn|24
|
|switch|p2a: Dragapult|Dragapult, M|67/100 tox
|-damage|p2a: Dragapult|55/100 tox|[from] Stealth Rock
|move|p1a: Gronouille|Scald|p2a: Dragapult
|-resisted|p2a: Dragapult
|-damage|p2a: Dragapult|39/100 tox
|
|-heal|p1a: Gronouille|41/100 brn|[from] item: Leftovers
|-damage|p2a: Dragapult|33/100 tox|[from] psn
|-damage|p1a: Gronouille|35/100 brn|[from] brn
|upkeep
|turn|25
|
|move|p2a: Dragapult|Draco Meteor|p1a: Gronouille
|-damage|p1a: Gronouille|0 fnt
|-unboost|p2a: Dragapult|spa|2
|faint|p1a: Gronouille
|
|-damage|p2a: Dragapult|21/100 tox|[from] psn
|upkeep
|
|switch|p1a: Une sardine|Dracovish|88/100
|turn|26
|
|move|p2a: Dragapult|Draco Meteor|p1a: Une sardine
|-supereffective|p1a: Une sardine
|-damage|p1a: Une sardine|0 fnt
|-unboost|p2a: Dragapult|spa|2
|faint|p1a: Une sardine
|
|-damage|p2a: Dragapult|3/100 tox|[from] psn
|upkeep
|
|switch|p1a: Le Génie!|Dragapult, M|100/100
|turn|27
|
|move|p1a: Le Génie!|Shadow Ball|p2a: Dragapult
|-supereffective|p2a: Dragapult
|-damage|p2a: Dragapult|0 fnt
|faint|p2a: Dragapult
|
|upkeep
|
|switch|p2a: Mimikyu|Mimikyu, M|68/100
|-damage|p2a: Mimikyu|56/100|[from] Stealth Rock
|turn|28
|
|move|p1a: Le Génie!|Shadow Ball|p2a: Mimikyu
|-crit|p2a: Mimikyu
|-activate|p2a: Mimikyu|ability: Disguise
|-damage|p2a: Mimikyu|56/100
|detailschange|p2a: Mimikyu|Mimikyu-Busted, M
|-damage|p2a: Mimikyu|44/100|[from] ability: Disguise|[of] p2a: Mimikyu
|move|p2a: Mimikyu|Shadow Claw|p1a: Le Génie!
|-supereffective|p1a: Le Génie!
|-damage|p1a: Le Génie!|1/100
|-damage|p2a: Mimikyu|34/100|[from] item: Life Orb
|
|upkeep
|turn|29
|
|switch|p1a: ÇA CHAUFFE!!!|Rotom-Heat|100/100
|move|p2a: Mimikyu|Shadow Sneak|p1a: ÇA CHAUFFE!!!
|-damage|p1a: ÇA CHAUFFE!!!|79/100
|-damage|p2a: Mimikyu|24/100|[from] item: Life Orb
|
|upkeep
|turn|30
|
|switch|p2a: Cinderace|Cinderace, F|100/100
|move|p1a: ÇA CHAUFFE!!!|Volt Switch|p2a: Cinderace
|-damage|p2a: Cinderace|62/100
|
|switch|p1a: Le Génie!|Dragapult, M|1/100|[from]move: Volt Switch
|
|upkeep
|turn|31
|
|move|p1a: Le Génie!|Shadow Ball|p2a: Cinderace
|-damage|p2a: Cinderace|0 fnt
|faint|p2a: Cinderace
|
|upkeep
|
|switch|p2a: Rotom|Rotom-Wash|41/100 tox
|-damage|p2a: Rotom|29/100 tox|[from] Stealth Rock
|turn|32
|
|move|p1a: Le Génie!|Shadow Ball|p2a: Rotom
|-damage|p2a: Rotom|0 fnt
|faint|p2a: Rotom
|
|upkeep
|
|switch|p2a: Mimikyu|Mimikyu-Busted, M|24/100
|-damage|p2a: Mimikyu|11/100|[from] Stealth Rock
|turn|33
|
|switch|p1a: ÇA CHAUFFE!!!|Rotom-Heat|79/100
|move|p2a: Mimikyu|Shadow Claw|p1a: ÇA CHAUFFE!!!
|-damage|p1a: ÇA CHAUFFE!!!|38/100
|-damage|p2a: Mimikyu|1/100|[from] item: Life Orb
|
|upkeep
|turn|34
|
|move|p2a: Mimikyu|Shadow Claw|p1a: ÇA CHAUFFE!!!
|-damage|p1a: ÇA CHAUFFE!!!|0 fnt
|-damage|p2a: Mimikyu|0 fnt|[from] item: Life Orb
|faint|p1a: ÇA CHAUFFE!!!
|faint|p2a: Mimikyu
|
|upkeep
|
|switch|p2a: Dracovish|Dracovish|54/100
|switch|p1a: Le Génie!|Dragapult, M|1/100
|-damage|p2a: Dracovish|42/100|[from] Stealth Rock
|turn|35
|
|move|p1a: Le Génie!|Shadow Ball|p2a: Dracovish
|-damage|p2a: Dracovish|0 fnt
|faint|p2a: Dracovish
|
|win|Tezwin
|raw|Tezwin's rating: 1274 → 1299(+25 for winning)
|raw|Bobguy355's rating: 1281 → 1255(-26 for losing)
|l|☆Bobguy355
