|ScrapeTime|2020-01-01-16:35:37
|j|☆xthepvpkillerx
|j|☆philip609
|player|p1|xthepvpkillerx|2|1026
|player|p2|philip609|2|1029
|teamsize|p1|6
|teamsize|p2|6
|gametype|singles
|gen|8
|tier|[Gen 8] OU
|rated|
|rule|Sleep Clause Mod: Limit one foe put to sleep
|rule|Species Clause: Limit one of each Pokémon
|rule|OHKO Clause: OHKO moves are banned
|rule|Evasion Moves Clause: Evasion moves are banned
|rule|Endless Battle Clause: Forcing endless battles is banned
|rule|HP Percentage Mod: HP is shown in percentages
|clearpoke
|poke|p1|Dragapult, M|
|poke|p1|Toxapex, M|
|poke|p1|Corviknight, M|
|poke|p1|Clefable, M|
|poke|p1|Rotom-Heat|
|poke|p1|Tyranitar, F|
|poke|p2|Appletun, M|
|poke|p2|Weezing-Galar, M|
|poke|p2|Cinderace, M|
|poke|p2|Eiscue, F|
|poke|p2|Goodra, M|
|poke|p2|Vaporeon, F|
|rule|Dynamax Clause: You cannot dynamax
|teampreview
|
|start
|switch|p1a: Clefable|Clefable, M|100/100
|switch|p2a: Etika|Cinderace, M|100/100
|turn|1
|
|move|p2a: Etika|Gunk Shot|p1a: Clefable
|-supereffective|p1a: Clefable
|-damage|p1a: Clefable|11/100
|move|p1a: Clefable|Thunderbolt|p2a: Etika
|-damage|p2a: Etika|47/100
|
|upkeep
|turn|2
|
|switch|p1a: Tyranitar|Tyranitar, F|100/100
|-weather|Sandstorm|[from] ability: Sand Stream|[of] p1a: Tyranitar
|move|p2a: Etika|Pyro Ball|p1a: Tyranitar
|-resisted|p1a: Tyranitar
|-damage|p1a: Tyranitar|78/100
|
|-weather|Sandstorm|[upkeep]
|-damage|p2a: Etika|41/100|[from] Sandstorm
|-heal|p1a: Tyranitar|84/100|[from] item: Leftovers
|upkeep
|turn|3
|
|switch|p2a: Weezing|Weezing-Galar, M|100/100
|move|p1a: Tyranitar|Stealth Rock|p2a: Weezing
|-sidestart|p2: philip609|move: Stealth Rock
|
|-weather|Sandstorm|[upkeep]
|-damage|p2a: Weezing|95/100|[from] Sandstorm
|-heal|p2a: Weezing|100/100|[from] item: Black Sludge
|-heal|p1a: Tyranitar|91/100|[from] item: Leftovers
|upkeep
|turn|4
|
|switch|p1a: Corviknight|Corviknight, M|100/100
|-ability|p1a: Corviknight|Pressure
|move|p2a: Weezing|Will-O-Wisp|p1a: Corviknight
|-status|p1a: Corviknight|brn
|
|-weather|Sandstorm|[upkeep]
|-damage|p2a: Weezing|95/100|[from] Sandstorm
|-heal|p2a: Weezing|100/100|[from] item: Black Sludge
|-damage|p1a: Corviknight|94/100 brn|[from] brn
|upkeep
|turn|5
|
|move|p1a: Corviknight|Defog|p2a: Weezing
|-unboost|p2a: Weezing|evasion|1
|-sideend|p2: philip609|Stealth Rock|[from] move: Defog|[of] p1a: Corviknight
|move|p2a: Weezing|Taunt|p1a: Corviknight
|-start|p1a: Corviknight|move: Taunt
|
|-weather|Sandstorm|[upkeep]
|-damage|p2a: Weezing|95/100|[from] Sandstorm
|-heal|p1a: Corviknight|100/100 brn|[from] item: Leftovers
|-heal|p2a: Weezing|100/100|[from] item: Black Sludge
|-damage|p1a: Corviknight|94/100 brn|[from] brn
|upkeep
|turn|6
|
|switch|p2a: Beefstew1997|Goodra, M, shiny|100/100
|move|p1a: Corviknight|Brave Bird|p2a: Beefstew1997
|-damage|p2a: Beefstew1997|79/100
|-damage|p1a: Corviknight|87/100 brn|[from] Recoil
|
|-weather|none
|-heal|p1a: Corviknight|94/100 brn|[from] item: Leftovers
|-damage|p1a: Corviknight|87/100 brn|[from] brn
|upkeep
|turn|7
|
|move|p2a: Beefstew1997|Thunderbolt|p1a: Corviknight
|-supereffective|p1a: Corviknight
|-damage|p1a: Corviknight|51/100 brn
|move|p1a: Corviknight|U-turn|p2a: Beefstew1997
|-damage|p2a: Beefstew1997|72/100
|
|switch|p1a: Toxapex|Toxapex, M|100/100|[from]move: U-turn
|
|upkeep
|turn|8
|
|switch|p2a: Weezing|Weezing-Galar, M|100/100
|move|p1a: Toxapex|Toxic|p2a: Weezing
|-immune|p2a: Weezing
|
|upkeep
|turn|9
|
|switch|p1a: Dragapult|Dragapult, M|100/100
|move|p2a: Weezing|Taunt|p1a: Dragapult
|-start|p1a: Dragapult|move: Taunt
|
|upkeep
|turn|10
|
|switch|p1a: Rotom|Rotom-Heat|100/100
|switch|p2a: Vaporeon|Vaporeon, F|100/100
|
|upkeep
|turn|11
|
|move|p1a: Rotom|Volt Switch|p2a: Vaporeon
|-supereffective|p2a: Vaporeon
|-damage|p2a: Vaporeon|66/100
|
|switch|p1a: Toxapex|Toxapex, M|100/100|[from]move: Volt Switch
|move|p2a: Vaporeon|Wish|p2a: Vaporeon
|
|-heal|p2a: Vaporeon|72/100|[from] item: Leftovers
|upkeep
|turn|12
|
|switch|p2a: ThiccSalt|Appletun, M, shiny|100/100
|move|p1a: Toxapex|Toxic|p2a: ThiccSalt
|-status|p2a: ThiccSalt|tox
|
|-damage|p2a: ThiccSalt|94/100 tox|[from] psn
|upkeep
|turn|13
|
|move|p1a: Toxapex|Scald|p2a: ThiccSalt
|-resisted|p2a: ThiccSalt
|-damage|p2a: ThiccSalt|91/100 tox
|move|p2a: ThiccSalt|Light Screen|p2a: ThiccSalt
|-sidestart|p2: philip609|move: Light Screen
|
|-damage|p2a: ThiccSalt|78/100 tox|[from] psn
|upkeep
|turn|14
|
|switch|p1a: Clefable|Clefable, M|11/100
|switch|p2a: Weezing|Weezing-Galar, M|100/100
|
|upkeep
|turn|15
|
|move|p1a: Clefable|Moonlight|p1a: Clefable
|-heal|p1a: Clefable|61/100
|move|p2a: Weezing|Strange Steam|p1a: Clefable|[miss]
|-miss|p2a: Weezing|p1a: Clefable
|
|upkeep
|turn|16
|
|move|p1a: Clefable|Moonlight|p1a: Clefable
|-heal|p1a: Clefable|100/100
|move|p2a: Weezing|Taunt|p1a: Clefable
|-start|p1a: Clefable|move: Taunt
|
|upkeep
|turn|17
|
|switch|p1a: Dragapult|Dragapult, M|100/100
|move|p2a: Weezing|Aromatherapy|p2a: Weezing
|-activate|p2a: Weezing|move: Aromatherapy
|-curestatus|p2: ThiccSalt|tox|[msg]
|
|upkeep
|turn|18
|
|move|p1a: Dragapult|Thunderbolt|p2a: Weezing
|-damage|p2a: Weezing|46/100
|move|p2a: Weezing|Strange Steam|p1a: Dragapult
|-supereffective|p1a: Dragapult
|-damage|p1a: Dragapult|32/100
|
|-heal|p2a: Weezing|52/100|[from] item: Black Sludge
|upkeep
|turn|19
|
|move|p1a: Dragapult|Thunderbolt|p2a: Weezing
|-damage|p2a: Weezing|1/100
|move|p2a: Weezing|Strange Steam|p1a: Dragapult
|-supereffective|p1a: Dragapult
|-damage|p1a: Dragapult|0 fnt
|faint|p1a: Dragapult
|
|-heal|p2a: Weezing|7/100|[from] item: Black Sludge
|upkeep
|
|switch|p1a: Rotom|Rotom-Heat|100/100
|turn|20
|
|switch|p2a: Beefstew1997|Goodra, M, shiny|72/100
|move|p1a: Rotom|Volt Switch|p2a: Beefstew1997
|-resisted|p2a: Beefstew1997
|-damage|p2a: Beefstew1997|69/100
|
|switch|p1a: Tyranitar|Tyranitar, F|91/100|[from]move: Volt Switch
|-weather|Sandstorm|[from] ability: Sand Stream|[of] p1a: Tyranitar
|
|-weather|Sandstorm|[upkeep]
|-damage|p2a: Beefstew1997|63/100|[from] Sandstorm
|-heal|p1a: Tyranitar|97/100|[from] item: Leftovers
|-sideend|p2: philip609|move: Light Screen
|upkeep
|turn|21
|
|switch|p2a: ThiccSalt|Appletun, M, shiny|78/100
|move|p1a: Tyranitar|Stealth Rock|p2a: ThiccSalt
|-sidestart|p2: philip609|move: Stealth Rock
|
|-weather|Sandstorm|[upkeep]
|-damage|p2a: ThiccSalt|72/100|[from] Sandstorm
|-heal|p1a: Tyranitar|100/100|[from] item: Leftovers
|upkeep
|turn|22
|
|switch|p1a: Clefable|Clefable, M|100/100
|move|p2a: ThiccSalt|Reflect|p2a: ThiccSalt
|-sidestart|p2: philip609|Reflect
|
|-weather|Sandstorm|[upkeep]
|-damage|p2a: ThiccSalt|66/100|[from] Sandstorm
|upkeep
|turn|23
|
|switch|p2a: Vaporeon|Vaporeon, F|72/100
|-damage|p2a: Vaporeon|59/100|[from] Stealth Rock
|move|p1a: Clefable|Flamethrower|p2a: Vaporeon
|-resisted|p2a: Vaporeon
|-damage|p2a: Vaporeon|50/100
|
|-weather|Sandstorm|[upkeep]
|-damage|p2a: Vaporeon|43/100|[from] Sandstorm
|-heal|p2a: Vaporeon|50/100|[from] item: Leftovers
|upkeep
|turn|24
|
|switch|p1a: Rotom|Rotom-Heat|100/100
|move|p2a: Vaporeon|Wish|p2a: Vaporeon
|
|-weather|none
|-heal|p2a: Vaporeon|56/100|[from] item: Leftovers
|upkeep
|turn|25
|
|move|p2a: Vaporeon|Protect|p2a: Vaporeon
|-singleturn|p2a: Vaporeon|Protect
|move|p1a: Rotom|Volt Switch|p2a: Vaporeon
|-activate|p2a: Vaporeon|move: Protect
|
|-heal|p2a: Vaporeon|100/100|[from] move: Wish|[wisher] Vaporeon
|upkeep
|turn|26
|
|move|p1a: Rotom|Volt Switch|p2a: Vaporeon
|-supereffective|p2a: Vaporeon
|-damage|p2a: Vaporeon|68/100
|
|switch|p1a: Toxapex|Toxapex, M|100/100|[from]move: Volt Switch
|move|p2a: Vaporeon|Scald|p1a: Toxapex
|-resisted|p1a: Toxapex
|-damage|p1a: Toxapex|87/100
|
|-heal|p2a: Vaporeon|74/100|[from] item: Leftovers
|-heal|p1a: Toxapex|93/100|[from] item: Black Sludge
|upkeep
|turn|27
|
|move|p2a: Vaporeon|Wish|p2a: Vaporeon
|move|p1a: Toxapex|Toxic|p2a: Vaporeon
|-status|p2a: Vaporeon|tox
|
|-heal|p2a: Vaporeon|80/100 tox|[from] item: Leftovers
|-heal|p1a: Toxapex|99/100|[from] item: Black Sludge
|-damage|p2a: Vaporeon|74/100 tox|[from] psn
|upkeep
|turn|28
|
|switch|p2a: ThiccSalt|Appletun, M, shiny|66/100
|-damage|p2a: ThiccSalt|54/100|[from] Stealth Rock
|switch|p1a: Rotom|Rotom-Heat|100/100
|
|-heal|p2a: ThiccSalt|100/100|[from] move: Wish|[wisher] Vaporeon
|upkeep
|turn|29
|
|move|p1a: Rotom|Overheat|p2a: ThiccSalt
|-damage|p2a: ThiccSalt|70/100
|-unboost|p1a: Rotom|spa|2
|move|p2a: ThiccSalt|Light Screen|p2a: ThiccSalt
|-sidestart|p2: philip609|move: Light Screen
|
|-sideend|p2: philip609|Reflect
|upkeep
|turn|30
|
|move|p1a: Rotom|Overheat|p2a: ThiccSalt
|-damage|p2a: ThiccSalt|63/100
|-unboost|p1a: Rotom|spa|2
|move|p2a: ThiccSalt|Recover|p2a: ThiccSalt
|-heal|p2a: ThiccSalt|100/100
|
|upkeep
|turn|31
|
|switch|p1a: Corviknight|Corviknight, M|51/100 brn
|-ability|p1a: Corviknight|Pressure
|move|p2a: ThiccSalt|Apple Acid|p1a: Corviknight
|-resisted|p1a: Corviknight
|-damage|p1a: Corviknight|46/100 brn
|-unboost|p1a: Corviknight|spd|1
|
|-heal|p1a: Corviknight|52/100 brn|[from] item: Leftovers
|-damage|p1a: Corviknight|46/100 brn|[from] brn
|upkeep
|turn|32
|
|move|p1a: Corviknight|Brave Bird|p2a: ThiccSalt
|-supereffective|p2a: ThiccSalt
|-damage|p2a: ThiccSalt|76/100
|-damage|p1a: Corviknight|37/100 brn|[from] Recoil
|move|p2a: ThiccSalt|Reflect|p2a: ThiccSalt
|-sidestart|p2: philip609|Reflect
|
|-heal|p1a: Corviknight|43/100 brn|[from] item: Leftovers
|-damage|p1a: Corviknight|37/100 brn|[from] brn
|upkeep
|turn|33
|
|move|p1a: Corviknight|Roost|p1a: Corviknight
|-heal|p1a: Corviknight|87/100 brn
|-singleturn|p1a: Corviknight|move: Roost
|move|p2a: ThiccSalt|Apple Acid|p1a: Corviknight
|-resisted|p1a: Corviknight
|-damage|p1a: Corviknight|71/100 brn
|-unboost|p1a: Corviknight|spd|1
|
|-heal|p1a: Corviknight|78/100 brn|[from] item: Leftovers
|-damage|p1a: Corviknight|71/100 brn|[from] brn
|upkeep
|turn|34
|
|move|p1a: Corviknight|Roost|p1a: Corviknight
|-heal|p1a: Corviknight|100/100 brn
|-singleturn|p1a: Corviknight|move: Roost
|move|p2a: ThiccSalt|Apple Acid|p1a: Corviknight
|-resisted|p1a: Corviknight
|-damage|p1a: Corviknight|77/100 brn
|-unboost|p1a: Corviknight|spd|1
|
|-heal|p1a: Corviknight|83/100 brn|[from] item: Leftovers
|-damage|p1a: Corviknight|77/100 brn|[from] brn
|upkeep
|turn|35
|
|move|p1a: Corviknight|Defog|p2a: ThiccSalt
|-unboost|p2a: ThiccSalt|evasion|1
|-sideend|p2: philip609|Reflect
|-sideend|p2: philip609|move: Light Screen
|-sideend|p2: philip609|Stealth Rock|[from] move: Defog|[of] p1a: Corviknight
|move|p2a: ThiccSalt|Apple Acid|p1a: Corviknight
|-resisted|p1a: Corviknight
|-damage|p1a: Corviknight|63/100 brn
|-unboost|p1a: Corviknight|spd|1
|
|-heal|p1a: Corviknight|69/100 brn|[from] item: Leftovers
|-damage|p1a: Corviknight|63/100 brn|[from] brn
|upkeep
|turn|36
|
|move|p1a: Corviknight|U-turn|p2a: ThiccSalt
|-supereffective|p2a: ThiccSalt
|-damage|p2a: ThiccSalt|67/100
|
|switch|p1a: Clefable|Clefable, M|100/100|[from]move: U-turn
|move|p2a: ThiccSalt|Reflect|p2a: ThiccSalt
|-sidestart|p2: philip609|Reflect
|
|upkeep
|turn|37
|
|move|p1a: Clefable|Flamethrower|p2a: ThiccSalt
|-damage|p2a: ThiccSalt|49/100
|move|p2a: ThiccSalt|Light Screen|p2a: ThiccSalt
|-sidestart|p2: philip609|move: Light Screen
|
|upkeep
|turn|38
|
|move|p1a: Clefable|Flamethrower|p2a: ThiccSalt
|-damage|p2a: ThiccSalt|39/100
|move|p2a: ThiccSalt|Recover|p2a: ThiccSalt
|-heal|p2a: ThiccSalt|89/100
|
|upkeep
|turn|39
|
|move|p1a: Clefable|Flamethrower|p2a: ThiccSalt
|-damage|p2a: ThiccSalt|80/100
|move|p2a: ThiccSalt|Apple Acid|p1a: Clefable
|-damage|p1a: Clefable|71/100
|-unboost|p1a: Clefable|spd|1
|
|upkeep
|turn|40
|
|move|p1a: Clefable|Moonlight|p1a: Clefable
|-heal|p1a: Clefable|100/100
|move|p2a: ThiccSalt|Apple Acid|p1a: Clefable
|-damage|p1a: Clefable|58/100
|-unboost|p1a: Clefable|spd|1
|
|upkeep
|turn|41
|
|move|p1a: Clefable|Moonlight|p1a: Clefable
|-heal|p1a: Clefable|100/100
|move|p2a: ThiccSalt|Apple Acid|p1a: Clefable
|-damage|p1a: Clefable|50/100
|-unboost|p1a: Clefable|spd|1
|
|upkeep
|turn|42
|
|move|p1a: Clefable|Moonlight|p1a: Clefable
|-heal|p1a: Clefable|99/100
|move|p2a: ThiccSalt|Apple Acid|p1a: Clefable
|-crit|p1a: Clefable
|-damage|p1a: Clefable|0 fnt
|faint|p1a: Clefable
|
|upkeep
|
|switch|p1a: Rotom|Rotom-Heat|100/100
|turn|43
|
|move|p1a: Rotom|Trick|p2a: ThiccSalt
|-activate|p1a: Rotom|move: Trick|[of] p2a: ThiccSalt
|-item|p2a: ThiccSalt|Choice Scarf|[from] move: Trick
|-item|p1a: Rotom|Light Clay|[from] move: Trick
|move|p2a: ThiccSalt|Apple Acid|p1a: Rotom
|-resisted|p1a: Rotom
|-damage|p1a: Rotom|83/100
|-unboost|p1a: Rotom|spd|1
|
|-sideend|p2: philip609|Reflect
|upkeep
|turn|44
|
|move|p1a: Rotom|Will-O-Wisp|p2a: ThiccSalt
|-status|p2a: ThiccSalt|brn
|move|p2a: ThiccSalt|Apple Acid|p1a: Rotom
|-resisted|p1a: Rotom
|-damage|p1a: Rotom|55/100
|-unboost|p1a: Rotom|spd|1
|
|-damage|p2a: ThiccSalt|74/100 brn|[from] brn
|-sideend|p2: philip609|move: Light Screen
|upkeep
|turn|45
|
|move|p1a: Rotom|Volt Switch|p2a: ThiccSalt
|-resisted|p2a: ThiccSalt
|-damage|p2a: ThiccSalt|66/100 brn
|
|switch|p1a: Tyranitar|Tyranitar, F|100/100|[from]move: Volt Switch
|-weather|Sandstorm|[from] ability: Sand Stream|[of] p1a: Tyranitar
|move|p2a: ThiccSalt|Apple Acid|p1a: Tyranitar
|-supereffective|p1a: Tyranitar
|-damage|p1a: Tyranitar|73/100
|-unboost|p1a: Tyranitar|spd|1
|
|-weather|Sandstorm|[upkeep]
|-damage|p2a: ThiccSalt|60/100 brn|[from] Sandstorm
|-heal|p1a: Tyranitar|79/100|[from] item: Leftovers
|-damage|p2a: ThiccSalt|54/100 brn|[from] brn
|upkeep
|turn|46
|
|move|p2a: ThiccSalt|Apple Acid|p1a: Tyranitar
|-supereffective|p1a: Tyranitar
|-damage|p1a: Tyranitar|42/100
|-unboost|p1a: Tyranitar|spd|1
|move|p1a: Tyranitar|Flamethrower|p2a: ThiccSalt
|-damage|p2a: ThiccSalt|44/100 brn
|
|-weather|Sandstorm|[upkeep]
|-damage|p2a: ThiccSalt|38/100 brn|[from] Sandstorm
|-heal|p1a: Tyranitar|49/100|[from] item: Leftovers
|-damage|p2a: ThiccSalt|32/100 brn|[from] brn
|upkeep
|turn|47
|
|-activate|p2a: ThiccSalt|move: Struggle
|move|p2a: ThiccSalt|Struggle|p1a: Tyranitar
|-damage|p1a: Tyranitar|45/100
|-damage|p2a: ThiccSalt|7/100 brn|[from] recoil
|move|p1a: Tyranitar|Earthquake|p2a: ThiccSalt
|-resisted|p2a: ThiccSalt
|-damage|p2a: ThiccSalt|0 fnt
|faint|p2a: ThiccSalt
|
|-weather|Sandstorm|[upkeep]
|-heal|p1a: Tyranitar|51/100|[from] item: Leftovers
|upkeep
|
|switch|p2a: Etika|Cinderace, M|41/100
|turn|48
|
|switch|p1a: Rotom|Rotom-Heat|55/100
|move|p2a: Etika|High Jump Kick|p1a: Rotom
|-damage|p1a: Rotom|0 fnt
|faint|p1a: Rotom
|
|-weather|Sandstorm|[upkeep]
|-damage|p2a: Etika|35/100|[from] Sandstorm
|upkeep
|
|switch|p1a: Toxapex|Toxapex, M|100/100
|turn|49
|
|switch|p2a: Vaporeon|Vaporeon, F|74/100 tox
|move|p1a: Toxapex|Scald|p2a: Vaporeon
|-heal|p2a: Vaporeon|99/100 tox|[from] ability: Water Absorb|[of] p1a: Toxapex
|
|-weather|none
|-heal|p2a: Vaporeon|100/100 tox|[from] item: Leftovers
|-damage|p2a: Vaporeon|94/100 tox|[from] psn
|upkeep
|turn|50
|
|move|p2a: Vaporeon|Scald|p1a: Toxapex
|-resisted|p1a: Toxapex
|-damage|p1a: Toxapex|88/100
|-status|p1a: Toxapex|brn
|move|p1a: Toxapex|Toxic|p2a: Vaporeon
|-fail|p2a: Vaporeon|tox
|
|-heal|p2a: Vaporeon|100/100 tox|[from] item: Leftovers
|-heal|p1a: Toxapex|94/100 brn|[from] item: Black Sludge
|-damage|p2a: Vaporeon|88/100 tox|[from] psn
|-damage|p1a: Toxapex|88/100 brn|[from] brn
|upkeep
|turn|51
|
|switch|p1a: Corviknight|Corviknight, M|63/100 brn
|-ability|p1a: Corviknight|Pressure
|move|p2a: Vaporeon|Wish|p2a: Vaporeon
|
|-heal|p1a: Corviknight|69/100 brn|[from] item: Leftovers
|-heal|p2a: Vaporeon|94/100 tox|[from] item: Leftovers
|-damage|p1a: Corviknight|63/100 brn|[from] brn
|-damage|p2a: Vaporeon|75/100 tox|[from] psn
|upkeep
|turn|52
|
|switch|p2a: Beefstew1997|Goodra, M, shiny|63/100
|move|p1a: Corviknight|Brave Bird|p2a: Beefstew1997
|-damage|p2a: Beefstew1997|40/100
|-damage|p1a: Corviknight|56/100 brn|[from] Recoil
|
|-heal|p2a: Beefstew1997|99/100|[from] move: Wish|[wisher] Vaporeon
|-heal|p1a: Corviknight|62/100 brn|[from] item: Leftovers
|-damage|p1a: Corviknight|56/100 brn|[from] brn
|upkeep
|turn|53
|-message|xthepvpkillerx forfeited.
|
|win|philip609
|l|☆xthepvpkillerx
|raw|xthepvpkillerx's rating: 1027 → 1013(-14 for losing)
|raw|philip609's rating: 1029 → 1065(+36 for winning)
