|ScrapeTime|2020-01-02-12:04:38
|j|☆Pitouz
|j|☆JonLieuson
|player|p1|Pitouz|101|1271
|player|p2|JonLieuson|hilda-dueldisk|1267
|teamsize|p1|6
|teamsize|p2|6
|gametype|singles
|gen|8
|tier|[Gen 8] OU
|rated|
|rule|Sleep Clause Mod: Limit one foe put to sleep
|rule|Species Clause: Limit one of each Pokémon
|rule|OHKO Clause: OHKO moves are banned
|rule|Evasion Moves Clause: Evasion moves are banned
|rule|Endless Battle Clause: Forcing endless battles is banned
|rule|HP Percentage Mod: HP is shown in percentages
|clearpoke
|poke|p1|Hydreigon, F|
|poke|p1|Dragapult, F|
|poke|p1|Ferrothorn, F|
|poke|p1|Clefable, F|
|poke|p1|Cinderace, M|
|poke|p1|Corviknight, M|
|poke|p2|Hatterene, F|
|poke|p2|Dracovish|
|poke|p2|Cinderace, F|
|poke|p2|Corsola-Galar, M|
|poke|p2|Seismitoad, M|
|poke|p2|Corviknight, M|
|rule|Dynamax Clause: You cannot dynamax
|teampreview
|inactive|Battle timer is ON: inactive players will automatically lose when time's up. (requested by Pitouz)
|
|start
|switch|p1a: Cinderace|Cinderace, M|100/100
|switch|p2a: Cinderace|Cinderace, F|100/100
|turn|1
|
|move|p2a: Cinderace|Pyro Ball|p1a: Cinderace
|-resisted|p1a: Cinderace
|-damage|p1a: Cinderace|58/100
|move|p1a: Cinderace|U-turn|p2a: Cinderace
|-resisted|p2a: Cinderace
|-damage|p2a: Cinderace|84/100
|
|switch|p1a: Hydreigon|Hydreigon, F|100/100|[from]move: U-turn
|
|upkeep
|turn|2
|
|move|p2a: Cinderace|U-turn|p1a: Hydreigon
|-supereffective|p1a: Hydreigon
|-damage|p1a: Hydreigon|48/100
|
|switch|p2a: Dracovish|Dracovish|100/100|[from]move: U-turn
|move|p1a: Hydreigon|Substitute|p1a: Hydreigon
|-start|p1a: Hydreigon|Substitute
|-damage|p1a: Hydreigon|23/100
|
|-heal|p1a: Hydreigon|29/100|[from] item: Leftovers
|upkeep
|turn|3
|
|move|p2a: Dracovish|Fishious Rend|p1a: Hydreigon
|-resisted|p1a: Hydreigon
|-end|p1a: Hydreigon|Substitute
|move|p1a: Hydreigon|Dark Pulse|p2a: Dracovish
|-damage|p2a: Dracovish|51/100
|
|-heal|p1a: Hydreigon|35/100|[from] item: Leftovers
|upkeep
|turn|4
|
|switch|p2a: Cinderace|Cinderace, F|84/100
|switch|p1a: Ferrothorn|Ferrothorn, F|100/100
|
|upkeep
|turn|5
|
|switch|p1a: Dragapult|Dragapult, F|100/100
|move|p2a: Cinderace|Pyro Ball|p1a: Dragapult
|-resisted|p1a: Dragapult
|-damage|p1a: Dragapult|61/100
|
|upkeep
|turn|6
|
|move|p2a: Cinderace|Sucker Punch|p1a: Dragapult
|-supereffective|p1a: Dragapult
|-damage|p1a: Dragapult|0 fnt
|faint|p1a: Dragapult
|
|upkeep
|-message|Pitouz forfeited.
|
|win|JonLieuson
|l|☆Pitouz
|raw|Pitouz's rating: 1271 → 1246(-25 for losing)
|raw|JonLieuson's rating: 1267 → 1292(+25 for winning)
