|ScrapeTime|2020-01-02-13:25:35
|j|☆Nekron01
|j|☆DabiYtm
|player|p1|Nekron01|2|1117
|player|p2|DabiYtm|2|1077
|teamsize|p1|6
|teamsize|p2|6
|gametype|singles
|gen|8
|tier|[Gen 8] OU
|rated|
|rule|Sleep Clause Mod: Limit one foe put to sleep
|rule|Species Clause: Limit one of each Pokémon
|rule|OHKO Clause: OHKO moves are banned
|rule|Evasion Moves Clause: Evasion moves are banned
|rule|Endless Battle Clause: Forcing endless battles is banned
|rule|HP Percentage Mod: HP is shown in percentages
|clearpoke
|poke|p1|Cramorant, M|
|poke|p1|Eiscue, M|
|poke|p1|Sirfetch'd, F|
|poke|p1|Toxtricity, F|
|poke|p1|Indeedee, M|
|poke|p1|Appletun, M|
|poke|p2|Cinderace, M|
|poke|p2|Grimmsnarl, M|
|poke|p2|Dragapult, M|
|poke|p2|Ferrothorn, M|
|poke|p2|Seismitoad, M|
|poke|p2|Rotom-Wash|
|rule|Dynamax Clause: You cannot dynamax
|teampreview
|
|start
|switch|p1a: Cramorant|Cramorant, M|100/100
|switch|p2a: XxDarkPicots38xX|Ferrothorn, M|100/100
|turn|1
|
|move|p1a: Cramorant|Surf|p2a: XxDarkPicots38xX
|-resisted|p2a: XxDarkPicots38xX
|-damage|p2a: XxDarkPicots38xX|90/100
|-formechange|p1a: Cramorant|Cramorant-Gulping|
|move|p2a: XxDarkPicots38xX|Spikes|p1a: Cramorant
|-sidestart|p1: Nekron01|Spikes
|
|-heal|p2a: XxDarkPicots38xX|97/100|[from] item: Leftovers
|upkeep
|turn|2
|
|switch|p2a: Je lave ton cul|Rotom-Wash|100/100
|move|p1a: Cramorant|Stockpile|p1a: Cramorant
|-start|p1a: Cramorant|stockpile1
|-boost|p1a: Cramorant|def|1
|-boost|p1a: Cramorant|spd|1
|
|upkeep
|turn|3
|
|switch|p1a: Appletun|Appletun, M|100/100
|-damage|p1a: Appletun|88/100|[from] Spikes
|move|p2a: Je lave ton cul|Thunderbolt|p1a: Appletun
|-resisted|p1a: Appletun
|-damage|p1a: Appletun|80/100
|
|upkeep
|turn|4
|
|move|p2a: Je lave ton cul|Volt Switch|p1a: Appletun
|-resisted|p1a: Appletun
|-damage|p1a: Appletun|74/100
|
|switch|p2a: Daron pas content|Grimmsnarl, M|100/100|[from]move: Volt Switch
|move|p1a: Appletun|Dragon Pulse|p2a: Daron pas content
|-immune|p2a: Daron pas content
|
|upkeep
|turn|5
|
|move|p2a: Daron pas content|Spirit Break|p1a: Appletun
|-supereffective|p1a: Appletun
|-damage|p1a: Appletun|17/100
|-unboost|p1a: Appletun|spa|1
|-enditem|p1a: Appletun|Sitrus Berry|[eat]
|-heal|p1a: Appletun|67/100|[from] item: Sitrus Berry
|-damage|p2a: Daron pas content|91/100|[from] item: Life Orb
|move|p1a: Appletun|Apple Acid|p2a: Daron pas content
|-damage|p2a: Daron pas content|75/100
|-unboost|p2a: Daron pas content|spd|1
|
|upkeep
|turn|6
|
|move|p2a: Daron pas content|Substitute|p2a: Daron pas content
|-start|p2a: Daron pas content|Substitute
|-damage|p2a: Daron pas content|50/100
|move|p1a: Appletun|Recycle|p1a: Appletun
|-item|p1a: Appletun|Sitrus Berry|[from] move: Recycle
|
|upkeep
|turn|7
|
|move|p2a: Daron pas content|Spirit Break|p1a: Appletun
|-supereffective|p1a: Appletun
|-damage|p1a: Appletun|9/100
|-unboost|p1a: Appletun|spa|1
|-enditem|p1a: Appletun|Sitrus Berry|[eat]
|-heal|p1a: Appletun|59/100|[from] item: Sitrus Berry
|-damage|p2a: Daron pas content|40/100|[from] item: Life Orb
|move|p1a: Appletun|Iron Defense|p1a: Appletun
|-boost|p1a: Appletun|def|2
|
|upkeep
|turn|8
|
|move|p2a: Daron pas content|Spirit Break|p1a: Appletun
|-supereffective|p1a: Appletun
|-crit|p1a: Appletun
|-damage|p1a: Appletun|0 fnt
|-damage|p2a: Daron pas content|30/100|[from] item: Life Orb
|faint|p1a: Appletun
|
|upkeep
|
|switch|p1a: Toxtricity|Toxtricity, F|100/100
|-damage|p1a: Toxtricity|88/100|[from] Spikes
|turn|9
|
|switch|p2a: G BCP D'AKNEE|Seismitoad, M, shiny|100/100
|move|p1a: Toxtricity|Boomburst|p2a: G BCP D'AKNEE
|-damage|p2a: G BCP D'AKNEE|32/100
|
|upkeep
|turn|10
|
|move|p1a: Toxtricity|Boomburst|p2a: G BCP D'AKNEE
|-damage|p2a: G BCP D'AKNEE|0 fnt
|faint|p2a: G BCP D'AKNEE
|
|upkeep
|
|switch|p2a: Titouan le footbal|Cinderace, M|100/100
|turn|11
|
|switch|p1a: Cramorant|Cramorant, M|100/100
|move|p2a: Titouan le footbal|Pyro Ball|p1a: Cramorant
|-resisted|p1a: Cramorant
|-damage|p1a: Cramorant|58/100
|
|-heal|p1a: Cramorant|64/100|[from] item: Leftovers
|upkeep
|turn|12
|
|switch|p2a: Je lave ton cul|Rotom-Wash|100/100
|move|p1a: Cramorant|Surf|p2a: Je lave ton cul
|-resisted|p2a: Je lave ton cul
|-damage|p2a: Je lave ton cul|86/100
|-formechange|p1a: Cramorant|Cramorant-Gulping|
|
|-heal|p1a: Cramorant|70/100|[from] item: Leftovers
|upkeep
|turn|13
|inactive|Battle timer is ON: inactive players will automatically lose when time's up. (requested by DabiYtm)
|
|switch|p1a: Toxtricity|Toxtricity, F|88/100
|-damage|p1a: Toxtricity|76/100|[from] Spikes
|move|p2a: Je lave ton cul|Volt Switch|p1a: Toxtricity
|-resisted|p1a: Toxtricity
|-damage|p1a: Toxtricity|56/100
|
|switch|p2a: XxDarkProBG24xX|Dragapult, M|100/100|[from]move: Volt Switch
|
|upkeep
|turn|14
|
|move|p2a: XxDarkProBG24xX|Draco Meteor|p1a: Toxtricity
|-damage|p1a: Toxtricity|0 fnt
|-unboost|p2a: XxDarkProBG24xX|spa|2
|faint|p1a: Toxtricity
|
|upkeep
|
|switch|p1a: Cramorant|Cramorant, M|70/100
|turn|15
|
|switch|p2a: Je lave ton cul|Rotom-Wash|86/100
|move|p1a: Cramorant|Defog|p2a: Je lave ton cul
|-unboost|p2a: Je lave ton cul|evasion|1
|-sideend|p1: Nekron01|Spikes|[from] move: Defog|[of] p1a: Cramorant
|
|-heal|p1a: Cramorant|76/100|[from] item: Leftovers
|upkeep
|turn|16
|
|switch|p1a: Indeedee|Indeedee, M|100/100
|-fieldstart|move: Psychic Terrain|[from] ability: Psychic Surge|[of] p1a: Indeedee
|move|p2a: Je lave ton cul|Volt Switch|p1a: Indeedee
|-damage|p1a: Indeedee|64/100
|
|switch|p2a: Daron pas content|Grimmsnarl, M|30/100|[from]move: Volt Switch
|
|upkeep
|turn|17
|
|move|p1a: Indeedee|Energy Ball|p2a: Daron pas content
|-damage|p2a: Daron pas content|5/100
|move|p2a: Daron pas content|Darkest Lariat|p1a: Indeedee
|-supereffective|p1a: Indeedee
|-damage|p1a: Indeedee|0 fnt
|-damage|p2a: Daron pas content|0 fnt|[from] item: Life Orb
|faint|p1a: Indeedee
|faint|p2a: Daron pas content
|
|upkeep
|
|switch|p1a: Sirfetch'd|Sirfetch'd, F|100/100
|switch|p2a: XxDarkPicots38xX|Ferrothorn, M|97/100
|turn|18
|inactive|DabiYtm has 120 seconds left.
|
|move|p1a: Sirfetch'd|Knock Off|p2a: XxDarkPicots38xX
|-damage|p2a: XxDarkPicots38xX|58/100
|-damage|p1a: Sirfetch'd|88/100|[from] ability: Iron Barbs|[of] p2a: XxDarkPicots38xX
|-enditem|p2a: XxDarkPicots38xX|Leftovers|[from] move: Knock Off|[of] p1a: Sirfetch'd
|move|p2a: XxDarkPicots38xX|Knock Off|p1a: Sirfetch'd
|-resisted|p1a: Sirfetch'd
|-crit|p1a: Sirfetch'd
|-damage|p1a: Sirfetch'd|68/100
|-enditem|p1a: Sirfetch'd|Choice Band|[from] move: Knock Off|[of] p2a: XxDarkPicots38xX
|
|upkeep
|turn|19
|inactive|DabiYtm has 120 seconds left.
|
|move|p1a: Sirfetch'd|Close Combat|p2a: XxDarkPicots38xX
|-supereffective|p2a: XxDarkPicots38xX
|-damage|p2a: XxDarkPicots38xX|0 fnt
|-damage|p1a: Sirfetch'd|55/100|[from] ability: Iron Barbs|[of] p2a: XxDarkPicots38xX
|-unboost|p1a: Sirfetch'd|def|1
|-unboost|p1a: Sirfetch'd|spd|1
|faint|p2a: XxDarkPicots38xX
|
|upkeep
|inactive|DabiYtm has 120 seconds left.
|
|switch|p2a: XxDarkProBG24xX|Dragapult, M|100/100
|turn|20
|inactive|DabiYtm has 120 seconds left.
|
|move|p2a: XxDarkProBG24xX|Draco Meteor|p1a: Sirfetch'd
|-damage|p1a: Sirfetch'd|0 fnt
|-unboost|p2a: XxDarkProBG24xX|spa|2
|faint|p1a: Sirfetch'd
|
|-fieldend|move: Psychic Terrain
|upkeep
|
|switch|p1a: Cramorant|Cramorant, M|76/100
|turn|21
|inactive|DabiYtm has 120 seconds left.
|
|switch|p2a: Je lave ton cul|Rotom-Wash|86/100
|move|p1a: Cramorant|Stockpile|p1a: Cramorant
|-start|p1a: Cramorant|stockpile1
|-boost|p1a: Cramorant|def|1
|-boost|p1a: Cramorant|spd|1
|
|-heal|p1a: Cramorant|82/100|[from] item: Leftovers
|upkeep
|turn|22
|
|move|p2a: Je lave ton cul|Thunderbolt|p1a: Cramorant
|-supereffective|p1a: Cramorant
|-damage|p1a: Cramorant|11/100
|move|p1a: Cramorant|Stockpile|p1a: Cramorant
|-start|p1a: Cramorant|stockpile2
|-boost|p1a: Cramorant|def|1
|-boost|p1a: Cramorant|spd|1
|
|-heal|p1a: Cramorant|17/100|[from] item: Leftovers
|upkeep
|turn|23
|
|move|p2a: Je lave ton cul|Volt Switch|p1a: Cramorant
|-supereffective|p1a: Cramorant
|-damage|p1a: Cramorant|0 fnt
|faint|p1a: Cramorant
|
|switch|p2a: Titouan le footbal|Cinderace, M|100/100|[from]move: Volt Switch
|
|upkeep
|
|switch|p1a: Eiscue|Eiscue, M|100/100
|turn|24
|
|move|p2a: Titouan le footbal|Pyro Ball|p1a: Eiscue
|-crit|p1a: Eiscue
|-activate|p1a: Eiscue|ability: Ice Face
|-damage|p1a: Eiscue|100/100
|detailschange|p1a: Eiscue|Eiscue-Noice, M
|move|p1a: Eiscue|Belly Drum|p1a: Eiscue
|-damage|p1a: Eiscue|51/100
|-setboost|p1a: Eiscue|atk|6|[from] move: Belly Drum
|
|upkeep
|turn|25
|
|move|p1a: Eiscue|Liquidation|p2a: Titouan le footbal
|-supereffective|p2a: Titouan le footbal
|-damage|p2a: Titouan le footbal|0 fnt
|faint|p2a: Titouan le footbal
|
|upkeep
|
|switch|p2a: XxDarkProBG24xX|Dragapult, M|100/100
|turn|26
|
|move|p2a: XxDarkProBG24xX|Fire Blast|p1a: Eiscue
|-supereffective|p1a: Eiscue
|-damage|p1a: Eiscue|0 fnt
|faint|p1a: Eiscue
|
|win|DabiYtm
|raw|Nekron01's rating: 1117 → 1089(-28 for losing)
|raw|DabiYtm's rating: 1077 → 1109(+32 for winning)
