|ScrapeTime|2020-01-01-21:51:14
|j|☆Pabloxty
|j|☆Alder Ego
|player|p1|Pabloxty|1|1224
|player|p2|Alder Ego|alder|1259
|teamsize|p1|6
|teamsize|p2|6
|gametype|singles
|gen|8
|tier|[Gen 8] OU
|rated|
|rule|Sleep Clause Mod: Limit one foe put to sleep
|rule|Species Clause: Limit one of each Pokémon
|rule|OHKO Clause: OHKO moves are banned
|rule|Evasion Moves Clause: Evasion moves are banned
|rule|Endless Battle Clause: Forcing endless battles is banned
|rule|HP Percentage Mod: HP is shown in percentages
|clearpoke
|poke|p1|Dracovish|
|poke|p1|Dragapult, M|
|poke|p1|Corviknight, F|
|poke|p1|Cinderace, F|
|poke|p1|Weezing-Galar, M|
|poke|p1|Obstagoon, F|
|poke|p2|Unfezant, M|
|poke|p2|Dracovish|
|poke|p2|Ferrothorn, F|
|poke|p2|Rotom-Wash|
|poke|p2|Clefable, M|
|poke|p2|Mandibuzz, F|
|rule|Dynamax Clause: You cannot dynamax
|teampreview
|inactive|Battle timer is ON: inactive players will automatically lose when time's up. (requested by Pabloxty)
|
|start
|switch|p1a: Cinderace|Cinderace, F|100/100
|switch|p2a: Rotom|Rotom-Wash|100/100
|turn|1
|
|move|p1a: Cinderace|U-turn|p2a: Rotom
|-damage|p2a: Rotom|72/100
|
|switch|p1a: Dragapult|Dragapult, M|100/100|[from]move: U-turn
|move|p2a: Rotom|Volt Switch|p1a: Dragapult
|-resisted|p1a: Dragapult
|-damage|p1a: Dragapult|82/100
|
|switch|p2a: Clefable|Clefable, M|100/100|[from]move: Volt Switch
|
|-heal|p1a: Dragapult|88/100|[from] item: Leftovers
|upkeep
|turn|2
|
|move|p1a: Dragapult|Substitute|p1a: Dragapult
|-start|p1a: Dragapult|Substitute
|-damage|p1a: Dragapult|63/100
|move|p2a: Clefable|Wish|p2a: Clefable
|
|-heal|p1a: Dragapult|69/100|[from] item: Leftovers
|upkeep
|turn|3
|
|move|p1a: Dragapult|Will-O-Wisp|p2a: Clefable
|-status|p2a: Clefable|brn
|move|p2a: Clefable|Moonblast|p1a: Dragapult
|-supereffective|p1a: Dragapult
|-end|p1a: Dragapult|Substitute
|
|-heal|p1a: Dragapult|76/100|[from] item: Leftovers
|upkeep
|turn|4
|
|move|p1a: Dragapult|Disable|p2a: Clefable
|-start|p2a: Clefable|Disable|Moonblast
|cant|p2a: Clefable|Disable|Moonblast
|
|-heal|p1a: Dragapult|82/100|[from] item: Leftovers
|upkeep
|turn|5
|
|move|p1a: Dragapult|Substitute|p1a: Dragapult
|-start|p1a: Dragapult|Substitute
|-damage|p1a: Dragapult|57/100
|move|p2a: Clefable|Wish|p2a: Clefable
|
|-heal|p1a: Dragapult|63/100|[from] item: Leftovers
|upkeep
|turn|6
|
|move|p1a: Dragapult|Hex|p2a: Clefable
|-damage|p2a: Clefable|62/100 brn
|move|p2a: Clefable|Flamethrower|p1a: Dragapult
|-resisted|p1a: Dragapult
|-activate|p1a: Dragapult|move: Substitute|[damage]
|
|-heal|p2a: Clefable|100/100 brn|[from] move: Wish|[wisher] Clefable
|-heal|p1a: Dragapult|69/100|[from] item: Leftovers
|upkeep
|turn|7
|
|move|p1a: Dragapult|Hex|p2a: Clefable
|-damage|p2a: Clefable|63/100 brn
|move|p2a: Clefable|Wish|p2a: Clefable
|
|-heal|p1a: Dragapult|75/100|[from] item: Leftovers
|-heal|p2a: Clefable|69/100 brn|[from] item: Leftovers
|-end|p2a: Clefable|Disable
|upkeep
|turn|8
|
|move|p2a: Clefable|Protect|p2a: Clefable
|-singleturn|p2a: Clefable|Protect
|move|p1a: Dragapult|Hex|p2a: Clefable
|-activate|p2a: Clefable|move: Protect
|
|-heal|p2a: Clefable|100/100 brn|[from] move: Wish|[wisher] Clefable
|-heal|p1a: Dragapult|81/100|[from] item: Leftovers
|upkeep
|turn|9
|
|move|p1a: Dragapult|Hex|p2a: Clefable
|-damage|p2a: Clefable|63/100 brn
|move|p2a: Clefable|Flamethrower|p1a: Dragapult
|-resisted|p1a: Dragapult
|-end|p1a: Dragapult|Substitute
|
|-heal|p1a: Dragapult|88/100|[from] item: Leftovers
|-heal|p2a: Clefable|69/100 brn|[from] item: Leftovers
|upkeep
|turn|10
|
|switch|p1a: Corviknight|Corviknight, F|100/100
|-ability|p1a: Corviknight|Pressure
|move|p2a: Clefable|Wish|p2a: Clefable
|
|-heal|p2a: Clefable|75/100 brn|[from] item: Leftovers
|upkeep
|turn|11
|
|switch|p2a: Rotom|Rotom-Wash|72/100
|move|p1a: Corviknight|Brave Bird|p2a: Rotom
|-resisted|p2a: Rotom
|-damage|p2a: Rotom|47/100
|-damage|p1a: Corviknight|96/100|[from] Recoil
|
|-heal|p2a: Rotom|100/100|[from] move: Wish|[wisher] Clefable
|-heal|p1a: Corviknight|100/100|[from] item: Leftovers
|upkeep
|turn|12
|
|move|p2a: Rotom|Volt Switch|p1a: Corviknight
|-supereffective|p1a: Corviknight
|-damage|p1a: Corviknight|52/100
|
|switch|p2a: Ferrothorn|Ferrothorn, F|100/100|[from]move: Volt Switch
|move|p1a: Corviknight|U-turn|p2a: Ferrothorn
|-damage|p2a: Ferrothorn|92/100
|-damage|p1a: Corviknight|39/100|[from] ability: Iron Barbs|[of] p2a: Ferrothorn
|
|switch|p1a: Cinderace|Cinderace, F|100/100|[from]move: U-turn
|
|-heal|p2a: Ferrothorn|98/100|[from] item: Leftovers
|upkeep
|turn|13
|
|move|p2a: Ferrothorn|Protect|p2a: Ferrothorn
|-singleturn|p2a: Ferrothorn|Protect
|move|p1a: Cinderace|Pyro Ball|p2a: Ferrothorn
|-activate|p2a: Ferrothorn|move: Protect
|
|-heal|p2a: Ferrothorn|100/100|[from] item: Leftovers
|upkeep
|turn|14
|
|switch|p2a: Dracovish|Dracovish|100/100
|move|p1a: Cinderace|High Jump Kick|p2a: Dracovish
|-damage|p2a: Dracovish|57/100
|
|upkeep
|turn|15
|inactive|Pabloxty has 120 seconds left.
|
|switch|p1a: Weezing|Weezing-Galar, M|100/100
|move|p2a: Dracovish|Fishious Rend|p1a: Weezing
|-damage|p1a: Weezing|9/100
|
|-heal|p1a: Weezing|15/100|[from] item: Leftovers
|upkeep
|turn|16
|inactive|Pabloxty has 120 seconds left.
|
|move|p2a: Dracovish|Fishious Rend|p1a: Weezing
|-damage|p1a: Weezing|0 fnt
|faint|p1a: Weezing
|
|upkeep
|
|switch|p1a: Obstagoon|Obstagoon, F|100/100
|turn|17
|
|switch|p2a: Ferrothorn|Ferrothorn, F|100/100
|move|p1a: Obstagoon|Obstruct||[still]
|-fail|p1a: Obstagoon
|
|upkeep
|turn|18
|
|move|p1a: Obstagoon|Parting Shot|p2a: Ferrothorn
|-unboost|p2a: Ferrothorn|atk|1
|-unboost|p2a: Ferrothorn|spa|1
|
|switch|p1a: Cinderace|Cinderace, F|100/100|[from]move: Parting Shot
|move|p2a: Ferrothorn|Leech Seed|p1a: Cinderace
|-start|p1a: Cinderace|move: Leech Seed
|
|-damage|p1a: Cinderace|88/100|[from] Leech Seed|[of] p2a: Ferrothorn
|upkeep
|turn|19
|
|switch|p1a: Dragapult|Dragapult, M|88/100
|move|p2a: Ferrothorn|Protect||[still]
|-fail|p2a: Ferrothorn
|
|-heal|p1a: Dragapult|94/100|[from] item: Leftovers
|upkeep
|turn|20
|
|move|p1a: Dragapult|Substitute|p1a: Dragapult
|-start|p1a: Dragapult|Substitute
|-damage|p1a: Dragapult|69/100
|move|p2a: Ferrothorn|Leech Seed||[still]
|-fail|p2a: Ferrothorn
|
|-heal|p1a: Dragapult|75/100|[from] item: Leftovers
|upkeep
|turn|21
|
|move|p1a: Dragapult|Will-O-Wisp|p2a: Ferrothorn|[miss]
|-miss|p1a: Dragapult|p2a: Ferrothorn
|move|p2a: Ferrothorn|Power Whip|p1a: Dragapult
|-resisted|p1a: Dragapult
|-activate|p1a: Dragapult|move: Substitute|[damage]
|
|-heal|p1a: Dragapult|81/100|[from] item: Leftovers
|upkeep
|turn|22
|
|move|p1a: Dragapult|Will-O-Wisp|p2a: Ferrothorn
|-status|p2a: Ferrothorn|brn
|move|p2a: Ferrothorn|Power Whip|p1a: Dragapult|[miss]
|-miss|p2a: Ferrothorn|p1a: Dragapult
|
|-heal|p1a: Dragapult|87/100|[from] item: Leftovers
|-damage|p2a: Ferrothorn|94/100 brn|[from] brn
|upkeep
|turn|23
|
|switch|p2a: Clefable|Clefable, M|75/100 brn
|move|p1a: Dragapult|Disable||[still]
|-fail|p1a: Dragapult
|
|-heal|p1a: Dragapult|93/100|[from] item: Leftovers
|-heal|p2a: Clefable|81/100 brn|[from] item: Leftovers
|upkeep
|turn|24
|
|move|p1a: Dragapult|Hex|p2a: Clefable
|-damage|p2a: Clefable|43/100 brn
|move|p2a: Clefable|Wish|p2a: Clefable
|
|-heal|p1a: Dragapult|99/100|[from] item: Leftovers
|-heal|p2a: Clefable|49/100 brn|[from] item: Leftovers
|upkeep
|turn|25
|
|move|p1a: Dragapult|Hex|p2a: Clefable
|-damage|p2a: Clefable|12/100 brn
|move|p2a: Clefable|Moonblast|p1a: Dragapult
|-supereffective|p1a: Dragapult
|-end|p1a: Dragapult|Substitute
|
|-heal|p2a: Clefable|62/100 brn|[from] move: Wish|[wisher] Clefable
|-heal|p1a: Dragapult|100/100|[from] item: Leftovers
|-heal|p2a: Clefable|68/100 brn|[from] item: Leftovers
|upkeep
|turn|26
|
|move|p2a: Clefable|Protect|p2a: Clefable
|-singleturn|p2a: Clefable|Protect
|move|p1a: Dragapult|Disable|p2a: Clefable
|-activate|p2a: Clefable|move: Protect
|
|-heal|p2a: Clefable|74/100 brn|[from] item: Leftovers
|upkeep
|turn|27
|
|move|p1a: Dragapult|Substitute|p1a: Dragapult
|-start|p1a: Dragapult|Substitute
|-damage|p1a: Dragapult|76/100
|move|p2a: Clefable|Wish|p2a: Clefable
|
|-heal|p1a: Dragapult|82/100|[from] item: Leftovers
|-heal|p2a: Clefable|80/100 brn|[from] item: Leftovers
|upkeep
|turn|28
|
|move|p2a: Clefable|Protect|p2a: Clefable
|-singleturn|p2a: Clefable|Protect
|move|p1a: Dragapult|Hex|p2a: Clefable
|-activate|p2a: Clefable|move: Protect
|
|-heal|p2a: Clefable|100/100 brn|[from] move: Wish|[wisher] Clefable
|-heal|p1a: Dragapult|88/100|[from] item: Leftovers
|upkeep
|turn|29
|
|move|p1a: Dragapult|Hex|p2a: Clefable
|-damage|p2a: Clefable|68/100 brn
|move|p2a: Clefable|Wish|p2a: Clefable
|
|-heal|p1a: Dragapult|94/100|[from] item: Leftovers
|-heal|p2a: Clefable|74/100 brn|[from] item: Leftovers
|upkeep
|turn|30
|
|move|p1a: Dragapult|Hex|p2a: Clefable
|-damage|p2a: Clefable|37/100 brn
|move|p2a: Clefable|Moonblast|p1a: Dragapult
|-supereffective|p1a: Dragapult
|-crit|p1a: Dragapult
|-end|p1a: Dragapult|Substitute
|
|-heal|p2a: Clefable|87/100 brn|[from] move: Wish|[wisher] Clefable
|-heal|p1a: Dragapult|99/100|[from] item: Leftovers
|-heal|p2a: Clefable|93/100 brn|[from] item: Leftovers
|upkeep
|turn|31
|
|move|p2a: Clefable|Protect|p2a: Clefable
|-singleturn|p2a: Clefable|Protect
|move|p1a: Dragapult|Disable|p2a: Clefable
|-activate|p2a: Clefable|move: Protect
|
|-heal|p1a: Dragapult|100/100|[from] item: Leftovers
|-heal|p2a: Clefable|99/100 brn|[from] item: Leftovers
|upkeep
|turn|32
|
|switch|p1a: Corviknight|Corviknight, F|39/100
|-ability|p1a: Corviknight|Pressure
|move|p2a: Clefable|Moonblast|p1a: Corviknight
|-resisted|p1a: Corviknight
|-damage|p1a: Corviknight|27/100
|
|-heal|p1a: Corviknight|33/100|[from] item: Leftovers
|-heal|p2a: Clefable|100/100 brn|[from] item: Leftovers
|upkeep
|turn|33
|
|move|p1a: Corviknight|Roost|p1a: Corviknight
|-heal|p1a: Corviknight|83/100
|-singleturn|p1a: Corviknight|move: Roost
|move|p2a: Clefable|Flamethrower|p1a: Corviknight
|-supereffective|p1a: Corviknight
|-damage|p1a: Corviknight|51/100
|
|-heal|p1a: Corviknight|58/100|[from] item: Leftovers
|upkeep
|turn|34
|
|switch|p2a: Rotom|Rotom-Wash|100/100
|move|p1a: Corviknight|Roost|p1a: Corviknight
|-heal|p1a: Corviknight|100/100
|-singleturn|p1a: Corviknight|move: Roost
|
|upkeep
|turn|35
|
|move|p2a: Rotom|Volt Switch|p1a: Corviknight
|-supereffective|p1a: Corviknight
|-damage|p1a: Corviknight|52/100
|
|switch|p2a: Dracovish|Dracovish|57/100|[from]move: Volt Switch
|move|p1a: Corviknight|Roost|p1a: Corviknight
|-heal|p1a: Corviknight|100/100
|-singleturn|p1a: Corviknight|move: Roost
|
|upkeep
|turn|36
|
|move|p2a: Dracovish|Fishious Rend|p1a: Corviknight
|-damage|p1a: Corviknight|29/100
|move|p1a: Corviknight|U-turn|p2a: Dracovish
|-damage|p2a: Dracovish|41/100
|
|switch|p1a: Dragapult|Dragapult, M|100/100|[from]move: U-turn
|
|upkeep
|turn|37
|
|move|p1a: Dragapult|Hex|p2a: Dracovish
|-damage|p2a: Dracovish|9/100
|move|p2a: Dracovish|Fishious Rend|p1a: Dragapult
|-resisted|p1a: Dragapult
|-damage|p1a: Dragapult|67/100
|
|-heal|p1a: Dragapult|74/100|[from] item: Leftovers
|upkeep
|turn|38
|
|move|p1a: Dragapult|Hex|p2a: Dracovish
|-damage|p2a: Dracovish|0 fnt
|faint|p2a: Dracovish
|
|-heal|p1a: Dragapult|80/100|[from] item: Leftovers
|upkeep
|
|switch|p2a: Clefable|Clefable, M|100/100 brn
|turn|39
|
|move|p1a: Dragapult|Substitute|p1a: Dragapult
|-start|p1a: Dragapult|Substitute
|-damage|p1a: Dragapult|55/100
|move|p2a: Clefable|Wish|p2a: Clefable
|
|-heal|p1a: Dragapult|61/100|[from] item: Leftovers
|upkeep
|turn|40
|
|move|p1a: Dragapult|Disable|p2a: Clefable
|-start|p2a: Clefable|Disable|Wish
|move|p2a: Clefable|Moonblast|p1a: Dragapult
|-supereffective|p1a: Dragapult
|-end|p1a: Dragapult|Substitute
|
|-heal|p1a: Dragapult|67/100|[from] item: Leftovers
|upkeep
|turn|41
|
|switch|p1a: Corviknight|Corviknight, F|29/100
|-ability|p1a: Corviknight|Pressure
|move|p2a: Clefable|Moonblast|p1a: Corviknight
|-resisted|p1a: Corviknight
|-damage|p1a: Corviknight|16/100
|
|-heal|p1a: Corviknight|23/100|[from] item: Leftovers
|upkeep
|turn|42
|
|switch|p2a: Rotom|Rotom-Wash|100/100
|move|p1a: Corviknight|Roost|p1a: Corviknight
|-heal|p1a: Corviknight|73/100
|-singleturn|p1a: Corviknight|move: Roost
|
|-heal|p1a: Corviknight|79/100|[from] item: Leftovers
|upkeep
|turn|43
|
|move|p2a: Rotom|Volt Switch|p1a: Corviknight
|-supereffective|p1a: Corviknight
|-damage|p1a: Corviknight|30/100
|
|switch|p2a: Ferrothorn|Ferrothorn, F|94/100 brn|[from]move: Volt Switch
|move|p1a: Corviknight|Roost|p1a: Corviknight
|-heal|p1a: Corviknight|80/100
|-singleturn|p1a: Corviknight|move: Roost
|
|-heal|p1a: Corviknight|87/100|[from] item: Leftovers
|-heal|p2a: Ferrothorn|100/100 brn|[from] item: Leftovers
|-damage|p2a: Ferrothorn|94/100 brn|[from] brn
|upkeep
|turn|44
|
|switch|p1a: Cinderace|Cinderace, F|88/100
|move|p2a: Ferrothorn|Thunder Wave|p1a: Cinderace
|-status|p1a: Cinderace|par
|
|-heal|p2a: Ferrothorn|100/100 brn|[from] item: Leftovers
|-damage|p2a: Ferrothorn|94/100 brn|[from] brn
|upkeep
|turn|45
|
|move|p2a: Ferrothorn|Protect|p2a: Ferrothorn
|-singleturn|p2a: Ferrothorn|Protect
|cant|p1a: Cinderace|par
|
|-heal|p2a: Ferrothorn|100/100 brn|[from] item: Leftovers
|-damage|p2a: Ferrothorn|94/100 brn|[from] brn
|upkeep
|turn|46
|
|switch|p2a: Rotom|Rotom-Wash|100/100
|cant|p1a: Cinderace|par
|
|upkeep
|turn|47
|
|switch|p1a: Dracovish|Dracovish|100/100
|move|p2a: Rotom|Volt Switch|p1a: Dracovish
|-damage|p1a: Dracovish|61/100
|
|switch|p2a: Ferrothorn|Ferrothorn, F|94/100 brn|[from]move: Volt Switch
|
|-heal|p2a: Ferrothorn|100/100 brn|[from] item: Leftovers
|-damage|p2a: Ferrothorn|94/100 brn|[from] brn
|upkeep
|turn|48
|
|switch|p1a: Corviknight|Corviknight, F|87/100
|-ability|p1a: Corviknight|Pressure
|move|p2a: Ferrothorn|Leech Seed|p1a: Corviknight|[miss]
|-miss|p2a: Ferrothorn|p1a: Corviknight
|
|-heal|p1a: Corviknight|93/100|[from] item: Leftovers
|-heal|p2a: Ferrothorn|100/100 brn|[from] item: Leftovers
|-damage|p2a: Ferrothorn|94/100 brn|[from] brn
|upkeep
|turn|49
|
|move|p1a: Corviknight|Brave Bird|p2a: Ferrothorn
|-damage|p2a: Ferrothorn|74/100 brn
|-damage|p1a: Corviknight|80/100|[from] ability: Iron Barbs|[of] p2a: Ferrothorn
|-damage|p1a: Corviknight|75/100|[from] Recoil
|move|p2a: Ferrothorn|Leech Seed|p1a: Corviknight
|-start|p1a: Corviknight|move: Leech Seed
|
|-heal|p1a: Corviknight|81/100|[from] item: Leftovers
|-heal|p2a: Ferrothorn|81/100 brn|[from] item: Leftovers
|-damage|p1a: Corviknight|68/100|[from] Leech Seed|[of] p2a: Ferrothorn
|-heal|p2a: Ferrothorn|95/100 brn|[silent]
|-damage|p2a: Ferrothorn|89/100 brn|[from] brn
|upkeep
|turn|50
|
|move|p2a: Ferrothorn|Protect|p2a: Ferrothorn
|-singleturn|p2a: Ferrothorn|Protect
|move|p1a: Corviknight|Roost|p1a: Corviknight
|-heal|p1a: Corviknight|100/100
|-singleturn|p1a: Corviknight|move: Roost
|
|-heal|p2a: Ferrothorn|95/100 brn|[from] item: Leftovers
|-damage|p1a: Corviknight|88/100|[from] Leech Seed|[of] p2a: Ferrothorn
|-heal|p2a: Ferrothorn|100/100 brn|[silent]
|-damage|p2a: Ferrothorn|94/100 brn|[from] brn
|upkeep
|turn|51
|
|switch|p1a: Cinderace|Cinderace, F|88/100 par
|switch|p2a: Rotom|Rotom-Wash|100/100
|
|upkeep
|turn|52
|
|move|p2a: Rotom|Volt Switch|p1a: Cinderace
|-damage|p1a: Cinderace|46/100 par
|
|switch|p2a: Clefable|Clefable, M|100/100 brn|[from]move: Volt Switch
|move|p1a: Cinderace|Pyro Ball|p2a: Clefable
|-damage|p2a: Clefable|39/100 brn
|
|-heal|p2a: Clefable|45/100 brn|[from] item: Leftovers
|upkeep
|turn|53
|
|move|p2a: Clefable|Protect|p2a: Clefable
|-singleturn|p2a: Clefable|Protect
|cant|p1a: Cinderace|par
|
|-heal|p2a: Clefable|51/100 brn|[from] item: Leftovers
|upkeep
|turn|54
|
|switch|p2a: Rotom|Rotom-Wash|100/100
|move|p1a: Cinderace|Pyro Ball|p2a: Rotom
|-resisted|p2a: Rotom
|-damage|p2a: Rotom|63/100
|
|-heal|p2a: Rotom|69/100|[from] item: Leftovers
|upkeep
|turn|55
|
|switch|p1a: Dragapult|Dragapult, M|67/100
|move|p2a: Rotom|Hydro Pump|p1a: Dragapult
|-resisted|p1a: Dragapult
|-damage|p1a: Dragapult|34/100
|
|-heal|p1a: Dragapult|40/100|[from] item: Leftovers
|-heal|p2a: Rotom|76/100|[from] item: Leftovers
|upkeep
|turn|56
|
|move|p1a: Dragapult|Substitute|p1a: Dragapult
|-start|p1a: Dragapult|Substitute
|-damage|p1a: Dragapult|15/100
|move|p2a: Rotom|Volt Switch|p1a: Dragapult
|-resisted|p1a: Dragapult
|-activate|p1a: Dragapult|move: Substitute|[damage]
|
|switch|p2a: Clefable|Clefable, M|51/100 brn|[from]move: Volt Switch
|
|-heal|p1a: Dragapult|21/100|[from] item: Leftovers
|-heal|p2a: Clefable|57/100 brn|[from] item: Leftovers
|upkeep
|turn|57
|
|move|p1a: Dragapult|Hex|p2a: Clefable
|-damage|p2a: Clefable|21/100 brn
|move|p2a: Clefable|Wish|p2a: Clefable
|
|-heal|p1a: Dragapult|27/100|[from] item: Leftovers
|-heal|p2a: Clefable|27/100 brn|[from] item: Leftovers
|upkeep
|turn|58
|
|move|p2a: Clefable|Protect|p2a: Clefable
|-singleturn|p2a: Clefable|Protect
|move|p1a: Dragapult|Hex|p2a: Clefable
|-activate|p2a: Clefable|move: Protect
|
|-heal|p2a: Clefable|77/100 brn|[from] move: Wish|[wisher] Clefable
|-heal|p1a: Dragapult|33/100|[from] item: Leftovers
|-heal|p2a: Clefable|83/100 brn|[from] item: Leftovers
|upkeep
|turn|59
|
|move|p1a: Dragapult|Hex|p2a: Clefable
|-damage|p2a: Clefable|46/100 brn
|move|p2a: Clefable|Wish|p2a: Clefable
|
|-heal|p1a: Dragapult|40/100|[from] item: Leftovers
|-heal|p2a: Clefable|52/100 brn|[from] item: Leftovers
|upkeep
|turn|60
|
|move|p1a: Dragapult|Disable|p2a: Clefable
|-start|p2a: Clefable|Disable|Wish
|move|p2a: Clefable|Moonblast|p1a: Dragapult
|-supereffective|p1a: Dragapult
|-end|p1a: Dragapult|Substitute
|
|-heal|p2a: Clefable|100/100 brn|[from] move: Wish|[wisher] Clefable
|-heal|p1a: Dragapult|46/100|[from] item: Leftovers
|upkeep
|turn|61
|
|switch|p1a: Corviknight|Corviknight, F|88/100
|-ability|p1a: Corviknight|Pressure
|move|p2a: Clefable|Moonblast|p1a: Corviknight
|-resisted|p1a: Corviknight
|-damage|p1a: Corviknight|76/100
|
|-heal|p1a: Corviknight|82/100|[from] item: Leftovers
|upkeep
|turn|62
|
|switch|p2a: Rotom|Rotom-Wash|76/100
|move|p1a: Corviknight|Brave Bird|p2a: Rotom
|-resisted|p2a: Rotom
|-crit|p2a: Rotom
|-damage|p2a: Rotom|40/100
|-damage|p1a: Corviknight|75/100|[from] Recoil
|
|-heal|p2a: Rotom|46/100|[from] item: Leftovers
|-heal|p1a: Corviknight|81/100|[from] item: Leftovers
|upkeep
|turn|63
|
|move|p2a: Rotom|Volt Switch|p1a: Corviknight
|-supereffective|p1a: Corviknight
|-damage|p1a: Corviknight|30/100
|
|switch|p2a: Ferrothorn|Ferrothorn, F|94/100 brn|[from]move: Volt Switch
|move|p1a: Corviknight|Roost|p1a: Corviknight
|-heal|p1a: Corviknight|80/100
|-singleturn|p1a: Corviknight|move: Roost
|
|-heal|p1a: Corviknight|86/100|[from] item: Leftovers
|-heal|p2a: Ferrothorn|100/100 brn|[from] item: Leftovers
|-damage|p2a: Ferrothorn|94/100 brn|[from] brn
|upkeep
|turn|64
|
|move|p1a: Corviknight|Brave Bird|p2a: Ferrothorn
|-damage|p2a: Ferrothorn|74/100 brn
|-damage|p1a: Corviknight|73/100|[from] ability: Iron Barbs|[of] p2a: Ferrothorn
|-damage|p1a: Corviknight|68/100|[from] Recoil
|move|p2a: Ferrothorn|Leech Seed|p1a: Corviknight
|-start|p1a: Corviknight|move: Leech Seed
|
|-heal|p1a: Corviknight|74/100|[from] item: Leftovers
|-heal|p2a: Ferrothorn|81/100 brn|[from] item: Leftovers
|-damage|p1a: Corviknight|61/100|[from] Leech Seed|[of] p2a: Ferrothorn
|-heal|p2a: Ferrothorn|95/100 brn|[silent]
|-damage|p2a: Ferrothorn|89/100 brn|[from] brn
|upkeep
|turn|65
|
|switch|p2a: Rotom|Rotom-Wash|46/100
|move|p1a: Corviknight|Roost|p1a: Corviknight
|-heal|p1a: Corviknight|100/100
|-singleturn|p1a: Corviknight|move: Roost
|
|-heal|p2a: Rotom|52/100|[from] item: Leftovers
|-damage|p1a: Corviknight|88/100|[from] Leech Seed|[of] p2a: Rotom
|-heal|p2a: Rotom|73/100|[silent]
|upkeep
|turn|66
|
|move|p2a: Rotom|Thunderbolt|p1a: Corviknight
|-supereffective|p1a: Corviknight
|-damage|p1a: Corviknight|19/100
|move|p1a: Corviknight|Roost|p1a: Corviknight
|-heal|p1a: Corviknight|69/100
|-singleturn|p1a: Corviknight|move: Roost
|
|-heal|p2a: Rotom|79/100|[from] item: Leftovers
|-heal|p1a: Corviknight|75/100|[from] item: Leftovers
|-damage|p1a: Corviknight|63/100|[from] Leech Seed|[of] p2a: Rotom
|-heal|p2a: Rotom|99/100|[silent]
|upkeep
|turn|67
|
|switch|p1a: Obstagoon|Obstagoon, F|100/100
|move|p2a: Rotom|Volt Switch|p1a: Obstagoon
|-damage|p1a: Obstagoon|77/100
|
|switch|p2a: Unfezant|Unfezant, M|100/100|[from]move: Volt Switch
|
|-heal|p1a: Obstagoon|83/100|[from] item: Leftovers
|upkeep
|turn|68
|
|move|p1a: Obstagoon|Obstruct|p1a: Obstagoon
|-singleturn|p1a: Obstagoon|Protect
|move|p2a: Unfezant|Brave Bird|p1a: Obstagoon
|-activate|p1a: Obstagoon|move: Protect
|-unboost|p2a: Unfezant|def|2
|
|-heal|p1a: Obstagoon|89/100|[from] item: Leftovers
|upkeep
|turn|69
|
|move|p2a: Unfezant|U-turn|p1a: Obstagoon
|-supereffective|p1a: Obstagoon
|-crit|p1a: Obstagoon
|-damage|p1a: Obstagoon|35/100
|
|switch|p2a: Ferrothorn|Ferrothorn, F|89/100 brn|[from]move: U-turn
|move|p1a: Obstagoon|Knock Off|p2a: Ferrothorn
|-damage|p2a: Ferrothorn|72/100 brn
|-damage|p1a: Obstagoon|22/100|[from] ability: Iron Barbs|[of] p2a: Ferrothorn
|-enditem|p2a: Ferrothorn|Leftovers|[from] move: Knock Off|[of] p1a: Obstagoon
|
|-heal|p1a: Obstagoon|28/100|[from] item: Leftovers
|-damage|p2a: Ferrothorn|65/100 brn|[from] brn
|upkeep
|turn|70
|
|move|p1a: Obstagoon|Obstruct|p1a: Obstagoon
|-singleturn|p1a: Obstagoon|Protect
|move|p2a: Ferrothorn|Leech Seed|p1a: Obstagoon
|-activate|p1a: Obstagoon|move: Protect
|
|-heal|p1a: Obstagoon|35/100|[from] item: Leftovers
|-damage|p2a: Ferrothorn|59/100 brn|[from] brn
|upkeep
|turn|71
|
|move|p1a: Obstagoon|Parting Shot|p2a: Ferrothorn
|-unboost|p2a: Ferrothorn|atk|1
|-unboost|p2a: Ferrothorn|spa|1
|
|switch|p1a: Corviknight|Corviknight, F|63/100|[from]move: Parting Shot
|-ability|p1a: Corviknight|Pressure
|move|p2a: Ferrothorn|Leech Seed|p1a: Corviknight|[miss]
|-miss|p2a: Ferrothorn|p1a: Corviknight
|
|-heal|p1a: Corviknight|69/100|[from] item: Leftovers
|-damage|p2a: Ferrothorn|53/100 brn|[from] brn
|upkeep
|turn|72
|
|move|p1a: Corviknight|Brave Bird|p2a: Ferrothorn
|-damage|p2a: Ferrothorn|32/100 brn
|-damage|p1a: Corviknight|57/100|[from] ability: Iron Barbs|[of] p2a: Ferrothorn
|-damage|p1a: Corviknight|50/100|[from] Recoil
|move|p2a: Ferrothorn|Leech Seed|p1a: Corviknight
|-start|p1a: Corviknight|move: Leech Seed
|
|-heal|p1a: Corviknight|57/100|[from] item: Leftovers
|-damage|p1a: Corviknight|44/100|[from] Leech Seed|[of] p2a: Ferrothorn
|-heal|p2a: Ferrothorn|46/100 brn|[silent]
|-damage|p2a: Ferrothorn|40/100 brn|[from] brn
|upkeep
|turn|73
|
|switch|p1a: Cinderace|Cinderace, F|46/100 par
|move|p2a: Ferrothorn|Protect||[still]
|-fail|p2a: Ferrothorn
|
|-damage|p2a: Ferrothorn|34/100 brn|[from] brn
|upkeep
|turn|74
|
|switch|p2a: Rotom|Rotom-Wash|99/100
|move|p1a: Cinderace|Pyro Ball|p2a: Rotom
|-resisted|p2a: Rotom
|-damage|p2a: Rotom|64/100
|
|-heal|p2a: Rotom|70/100|[from] item: Leftovers
|upkeep
|turn|75
|inactive|Alder Ego has 120 seconds left.
|
|switch|p1a: Dracovish|Dracovish|61/100
|move|p2a: Rotom|Thunderbolt|p1a: Dracovish
|-damage|p1a: Dracovish|6/100
|
|-heal|p2a: Rotom|76/100|[from] item: Leftovers
|upkeep
|turn|76
|inactive|Alder Ego has 120 seconds left.
|inactive|Pabloxty has 120 seconds left.
|
|move|p1a: Dracovish|Outrage|p2a: Rotom
|-damage|p2a: Rotom|5/100
|move|p2a: Rotom|Volt Switch|p1a: Dracovish
|-damage|p1a: Dracovish|0 fnt
|faint|p1a: Dracovish
|inactive|Alder Ego has 120 seconds left.
|
|switch|p2a: Unfezant|Unfezant, M|100/100|[from]move: Volt Switch
|
|upkeep
|
|switch|p1a: Corviknight|Corviknight, F|44/100
|-ability|p1a: Corviknight|Pressure
|turn|77
|
|move|p2a: Unfezant|U-turn|p1a: Corviknight
|-resisted|p1a: Corviknight
|-crit|p1a: Corviknight
|-damage|p1a: Corviknight|39/100
|
|switch|p2a: Rotom|Rotom-Wash|5/100|[from]move: U-turn
|move|p1a: Corviknight|Roost|p1a: Corviknight
|-heal|p1a: Corviknight|89/100
|-singleturn|p1a: Corviknight|move: Roost
|
|-heal|p2a: Rotom|11/100|[from] item: Leftovers
|-heal|p1a: Corviknight|95/100|[from] item: Leftovers
|upkeep
|turn|78
|
|move|p2a: Rotom|Thunderbolt|p1a: Corviknight
|-supereffective|p1a: Corviknight
|-damage|p1a: Corviknight|24/100
|move|p1a: Corviknight|Roost|p1a: Corviknight
|-heal|p1a: Corviknight|74/100
|-singleturn|p1a: Corviknight|move: Roost
|
|-heal|p2a: Rotom|17/100|[from] item: Leftovers
|-heal|p1a: Corviknight|80/100|[from] item: Leftovers
|upkeep
|turn|79
|
|switch|p1a: Dragapult|Dragapult, M|46/100
|move|p2a: Rotom|Thunderbolt|p1a: Dragapult
|-resisted|p1a: Dragapult
|-damage|p1a: Dragapult|20/100
|-status|p1a: Dragapult|par
|
|-heal|p2a: Rotom|23/100|[from] item: Leftovers
|-heal|p1a: Dragapult|27/100 par|[from] item: Leftovers
|upkeep
|turn|80
|
|move|p2a: Rotom|Hydro Pump|p1a: Dragapult
|-resisted|p1a: Dragapult
|-damage|p1a: Dragapult|0 fnt
|faint|p1a: Dragapult
|
|-heal|p2a: Rotom|30/100|[from] item: Leftovers
|upkeep
|c|☆Pabloxty|Come on
|
|switch|p1a: Obstagoon|Obstagoon, F|35/100
|turn|81
|
|move|p2a: Rotom|Volt Switch|p1a: Obstagoon
|-crit|p1a: Obstagoon
|-damage|p1a: Obstagoon|0 fnt
|faint|p1a: Obstagoon
|c|☆Pabloxty|...
|-message|Pabloxty forfeited.
|
|win|Alder Ego
|l|☆Pabloxty
|raw|Pabloxty's rating: 1204 → 1181(-23 for losing)
|raw|Alder Ego's rating: 1232 → 1255(+23 for winning)
