|ScrapeTime|2020-01-01-19:24:25
|j|☆CJSC
|j|☆Adrianix243
|player|p1|CJSC|rosa|1054
|player|p2|Adrianix243|ingo|1029
|teamsize|p1|6
|teamsize|p2|6
|gametype|singles
|gen|8
|tier|[Gen 8] OU
|rated|
|rule|Sleep Clause Mod: Limit one foe put to sleep
|rule|Species Clause: Limit one of each Pokémon
|rule|OHKO Clause: OHKO moves are banned
|rule|Evasion Moves Clause: Evasion moves are banned
|rule|Endless Battle Clause: Forcing endless battles is banned
|rule|HP Percentage Mod: HP is shown in percentages
|clearpoke
|poke|p1|Machamp, M|
|poke|p1|Gyarados, F|
|poke|p1|Cinderace, M|
|poke|p1|Excadrill, M|
|poke|p1|Grimmsnarl, M|
|poke|p1|Hydreigon, F|
|poke|p2|Grimmsnarl, M|
|poke|p2|Dracozolt|
|poke|p2|Clefable, F|
|poke|p2|Pelipper, M|
|poke|p2|Dragapult, M|
|poke|p2|Toxtricity, M|
|rule|Dynamax Clause: You cannot dynamax
|teampreview
|
|start
|switch|p1a: Cinderace|Cinderace, M|100/100
|switch|p2a: Grimmsnarl|Grimmsnarl, M|100/100
|turn|1
|
|move|p2a: Grimmsnarl|Reflect|p2a: Grimmsnarl
|-sidestart|p2: Adrianix243|Reflect
|move|p1a: Cinderace|Gunk Shot|p2a: Grimmsnarl
|-supereffective|p2a: Grimmsnarl
|-damage|p2a: Grimmsnarl|27/100
|-status|p2a: Grimmsnarl|psn
|
|-damage|p2a: Grimmsnarl|15/100 psn|[from] psn
|upkeep
|turn|2
|
|move|p2a: Grimmsnarl|Light Screen|p2a: Grimmsnarl
|-sidestart|p2: Adrianix243|move: Light Screen
|move|p1a: Cinderace|Gunk Shot|p2a: Grimmsnarl
|-supereffective|p2a: Grimmsnarl
|-damage|p2a: Grimmsnarl|0 fnt
|faint|p2a: Grimmsnarl
|
|upkeep
|
|switch|p2a: Pelipper|Pelipper, M|100/100
|-weather|RainDance|[from] ability: Drizzle|[of] p2a: Pelipper
|turn|3
|
|switch|p1a: Gyarados|Gyarados, F|100/100
|-ability|p1a: Gyarados|Intimidate|boost
|-unboost|p2a: Pelipper|atk|1
|move|p2a: Pelipper|Tailwind|p2a: Pelipper
|-sidestart|p2: Adrianix243|move: Tailwind
|
|-weather|RainDance|[upkeep]
|upkeep
|turn|4
|
|switch|p1a: Excadrill|Excadrill, M|100/100
|-ability|p1a: Excadrill|Mold Breaker
|move|p2a: Pelipper|Hurricane|p1a: Excadrill
|-resisted|p1a: Excadrill
|-damage|p1a: Excadrill|68/100
|
|-weather|RainDance|[upkeep]
|upkeep
|turn|5
|
|switch|p1a: Hydreigon|Hydreigon, F|100/100
|move|p2a: Pelipper|Hydro Pump|p1a: Hydreigon
|-resisted|p1a: Hydreigon
|-damage|p1a: Hydreigon|64/100
|
|-weather|RainDance|[upkeep]
|upkeep
|turn|6
|
|move|p2a: Pelipper|Ice Beam|p1a: Hydreigon
|-supereffective|p1a: Hydreigon
|-damage|p1a: Hydreigon|19/100
|move|p1a: Hydreigon|Draco Meteor|p2a: Pelipper
|-damage|p2a: Pelipper|54/100
|-unboost|p1a: Hydreigon|spa|2
|
|-weather|RainDance|[upkeep]
|-heal|p2a: Pelipper|60/100|[from] item: Leftovers
|-sideend|p2: Adrianix243|move: Tailwind
|upkeep
|turn|7
|
|move|p1a: Hydreigon|Draco Meteor|p2a: Pelipper
|-damage|p2a: Pelipper|38/100
|-unboost|p1a: Hydreigon|spa|2
|move|p2a: Pelipper|Tailwind|p2a: Pelipper
|-sidestart|p2: Adrianix243|move: Tailwind
|
|-weather|none
|-heal|p2a: Pelipper|44/100|[from] item: Leftovers
|upkeep
|turn|8
|
|move|p2a: Pelipper|Ice Beam|p1a: Hydreigon
|-supereffective|p1a: Hydreigon
|-damage|p1a: Hydreigon|0 fnt
|faint|p1a: Hydreigon
|
|-heal|p2a: Pelipper|50/100|[from] item: Leftovers
|-sideend|p2: Adrianix243|Reflect
|upkeep
|
|switch|p1a: Grimmsnarl|Grimmsnarl, M|100/100
|turn|9
|
|move|p1a: Grimmsnarl|Bulk Up|p1a: Grimmsnarl
|-boost|p1a: Grimmsnarl|atk|1
|-boost|p1a: Grimmsnarl|def|1
|move|p2a: Pelipper|Hurricane|p1a: Grimmsnarl
|-damage|p1a: Grimmsnarl|49/100
|-start|p1a: Grimmsnarl|confusion
|
|-heal|p2a: Pelipper|57/100|[from] item: Leftovers
|-sideend|p2: Adrianix243|move: Light Screen
|upkeep
|turn|10
|
|move|p2a: Pelipper|Hydro Pump|p1a: Grimmsnarl
|-damage|p1a: Grimmsnarl|0 fnt
|faint|p1a: Grimmsnarl
|
|-heal|p2a: Pelipper|63/100|[from] item: Leftovers
|-sideend|p2: Adrianix243|move: Tailwind
|upkeep
|
|switch|p1a: Gyarados|Gyarados, F|100/100
|-ability|p1a: Gyarados|Intimidate|boost
|-unboost|p2a: Pelipper|atk|1
|turn|11
|
|move|p1a: Gyarados|Dragon Dance|p1a: Gyarados
|-boost|p1a: Gyarados|atk|1
|-boost|p1a: Gyarados|spe|1
|move|p2a: Pelipper|Tailwind|p2a: Pelipper
|-sidestart|p2: Adrianix243|move: Tailwind
|
|-heal|p2a: Pelipper|69/100|[from] item: Leftovers
|upkeep
|turn|12
|
|switch|p2a: Toxtricity|Toxtricity, M|100/100
|move|p1a: Gyarados|Dragon Dance|p1a: Gyarados
|-boost|p1a: Gyarados|atk|1
|-boost|p1a: Gyarados|spe|1
|
|upkeep
|turn|13
|
|switch|p1a: Excadrill|Excadrill, M|68/100
|-ability|p1a: Excadrill|Mold Breaker
|move|p2a: Toxtricity|Overdrive|p1a: Excadrill
|-immune|p1a: Excadrill
|
|upkeep
|turn|14
|
|switch|p1a: Machamp|Machamp, M|100/100
|move|p2a: Toxtricity|Boomburst|p1a: Machamp
|-damage|p1a: Machamp|58/100
|-enditem|p2a: Toxtricity|Throat Spray
|-boost|p2a: Toxtricity|spa|1
|
|-sideend|p2: Adrianix243|move: Tailwind
|upkeep
|turn|15
|
|move|p2a: Toxtricity|Shift Gear|p2a: Toxtricity
|-boost|p2a: Toxtricity|spe|2
|-boost|p2a: Toxtricity|atk|1
|move|p1a: Machamp|Knock Off|p2a: Toxtricity
|-damage|p2a: Toxtricity|68/100
|
|upkeep
|turn|16
|-message|CJSC forfeited.
|
|win|Adrianix243
|l|☆CJSC
|c|☆Adrianix243|wow
