|ScrapeTime|2020-01-01-21:25:04
|j|☆Looole
|j|☆vinse_cycle
|player|p1|Looole|dawn|1398
|player|p2|vinse_cycle|196|1434
|teamsize|p1|6
|teamsize|p2|6
|gametype|singles
|gen|8
|tier|[Gen 8] OU
|rated|
|rule|Sleep Clause Mod: Limit one foe put to sleep
|rule|Species Clause: Limit one of each Pokémon
|rule|OHKO Clause: OHKO moves are banned
|rule|Evasion Moves Clause: Evasion moves are banned
|rule|Endless Battle Clause: Forcing endless battles is banned
|rule|HP Percentage Mod: HP is shown in percentages
|clearpoke
|poke|p1|Pelipper, F|
|poke|p1|Ferrothorn, M|
|poke|p1|Dragapult, F|
|poke|p1|Barraskewda, M|
|poke|p1|Corviknight, F|
|poke|p1|Dracovish|
|poke|p2|Obstagoon, M|
|poke|p2|Hatterene, F|
|poke|p2|Toxapex, M|
|poke|p2|Conkeldurr, F|
|poke|p2|Dragapult, M|
|poke|p2|Seismitoad, M|
|rule|Dynamax Clause: You cannot dynamax
|teampreview
|
|start
|switch|p1a: Ferrothorn|Ferrothorn, M|100/100
|switch|p2a: Dragapult|Dragapult, M|100/100
|turn|1
|
|switch|p1a: Pelipper|Pelipper, F|100/100
|-weather|RainDance|[from] ability: Drizzle|[of] p1a: Pelipper
|move|p2a: Dragapult|Shadow Ball|p1a: Pelipper
|-damage|p1a: Pelipper|26/100
|
|-weather|RainDance|[upkeep]
|upkeep
|turn|2
|
|switch|p1a: Ferrothorn|Ferrothorn, M|100/100
|move|p2a: Dragapult|Shadow Ball|p1a: Ferrothorn
|-damage|p1a: Ferrothorn|59/100
|
|-weather|RainDance|[upkeep]
|-heal|p1a: Ferrothorn|65/100|[from] item: Leftovers
|upkeep
|turn|3
|
|switch|p2a: Toxapex|Toxapex, M|100/100
|move|p1a: Ferrothorn|Gyro Ball|p2a: Toxapex
|-resisted|p2a: Toxapex
|-damage|p2a: Toxapex|94/100
|
|-weather|RainDance|[upkeep]
|-heal|p2a: Toxapex|99/100|[from] item: Black Sludge
|-heal|p1a: Ferrothorn|71/100|[from] item: Leftovers
|upkeep
|turn|4
|
|move|p2a: Toxapex|Toxic Spikes|p1a: Ferrothorn
|-sidestart|p1: Looole|move: Toxic Spikes
|move|p1a: Ferrothorn|Leech Seed|p2a: Toxapex
|-start|p2a: Toxapex|move: Leech Seed
|
|-weather|RainDance|[upkeep]
|-heal|p2a: Toxapex|100/100|[from] item: Black Sludge
|-heal|p1a: Ferrothorn|77/100|[from] item: Leftovers
|-damage|p2a: Toxapex|88/100|[from] Leech Seed|[of] p1a: Ferrothorn
|-heal|p1a: Ferrothorn|88/100|[silent]
|upkeep
|turn|5
|
|switch|p1a: Corviknight|Corviknight, F|100/100
|-ability|p1a: Corviknight|Pressure
|move|p2a: Toxapex|Toxic Spikes|p1a: Corviknight
|-sidestart|p1: Looole|move: Toxic Spikes
|
|-weather|RainDance|[upkeep]
|-heal|p2a: Toxapex|94/100|[from] item: Black Sludge
|-damage|p2a: Toxapex|82/100|[from] Leech Seed|[of] p1a: Corviknight
|upkeep
|turn|6
|
|switch|p2a: Dragapult|Dragapult, M|100/100
|move|p1a: Corviknight|Defog|p2a: Dragapult
|-unboost|p2a: Dragapult|evasion|1
|-sideend|p1: Looole|Toxic Spikes|[from] move: Defog|[of] p1a: Corviknight
|
|-weather|RainDance|[upkeep]
|upkeep
|turn|7
|
|move|p2a: Dragapult|Shadow Ball|p1a: Corviknight
|-damage|p1a: Corviknight|65/100
|move|p1a: Corviknight|Roost|p1a: Corviknight
|-heal|p1a: Corviknight|100/100
|-singleturn|p1a: Corviknight|move: Roost
|
|-weather|RainDance|[upkeep]
|upkeep
|turn|8
|
|switch|p2a: Toxapex|Toxapex, M|100/100
|move|p1a: Corviknight|U-turn|p2a: Toxapex
|-resisted|p2a: Toxapex
|-crit|p2a: Toxapex
|-damage|p2a: Toxapex|92/100
|
|switch|p1a: Dragapult|Dragapult, F|100/100|[from]move: U-turn
|
|-weather|none
|-heal|p2a: Toxapex|98/100|[from] item: Black Sludge
|upkeep
|turn|9
|
|move|p1a: Dragapult|Shadow Ball|p2a: Toxapex
|-damage|p2a: Toxapex|65/100
|-unboost|p2a: Toxapex|spd|1
|move|p2a: Toxapex|Toxic Spikes|p1a: Dragapult
|-sidestart|p1: Looole|move: Toxic Spikes
|
|-heal|p2a: Toxapex|72/100|[from] item: Black Sludge
|upkeep
|turn|10
|
|switch|p2a: Obstagoon|Obstagoon, M|100/100
|move|p1a: Dragapult|Shadow Ball|p2a: Obstagoon
|-immune|p2a: Obstagoon
|
|-status|p2a: Obstagoon|brn|[from] item: Flame Orb
|upkeep
|turn|11
|
|switch|p1a: Ferrothorn|Ferrothorn, M|88/100
|move|p2a: Obstagoon|Knock Off|p1a: Ferrothorn
|-damage|p1a: Ferrothorn|57/100
|-damage|p2a: Obstagoon|88/100 brn|[from] ability: Iron Barbs|[of] p1a: Ferrothorn
|-enditem|p1a: Ferrothorn|Leftovers|[from] move: Knock Off|[of] p2a: Obstagoon
|
|-damage|p2a: Obstagoon|82/100 brn|[from] brn
|upkeep
|turn|12
|
|switch|p2a: Toxapex|Toxapex, M|100/100
|switch|p1a: Pelipper|Pelipper, F|26/100
|-weather|RainDance|[from] ability: Drizzle|[of] p1a: Pelipper
|
|-weather|RainDance|[upkeep]
|upkeep
|turn|13
|
|move|p1a: Pelipper|Roost|p1a: Pelipper
|-heal|p1a: Pelipper|76/100
|-singleturn|p1a: Pelipper|move: Roost
|move|p2a: Toxapex|Toxic Spikes|p1a: Pelipper
|-sidestart|p1: Looole|move: Toxic Spikes
|
|-weather|RainDance|[upkeep]
|upkeep
|turn|14
|
|move|p1a: Pelipper|Knock Off|p2a: Toxapex
|-damage|p2a: Toxapex|90/100
|-enditem|p2a: Toxapex|Black Sludge|[from] move: Knock Off|[of] p1a: Pelipper
|move|p2a: Toxapex|Scald|p1a: Pelipper
|-resisted|p1a: Pelipper
|-damage|p1a: Pelipper|58/100
|
|-weather|RainDance|[upkeep]
|upkeep
|turn|15
|
|move|p1a: Pelipper|Roost|p1a: Pelipper
|-heal|p1a: Pelipper|100/100
|-singleturn|p1a: Pelipper|move: Roost
|move|p2a: Toxapex|Scald|p1a: Pelipper
|-resisted|p1a: Pelipper
|-damage|p1a: Pelipper|84/100
|
|-weather|RainDance|[upkeep]
|upkeep
|turn|16
|
|move|p1a: Pelipper|Scald|p2a: Toxapex
|-resisted|p2a: Toxapex
|-damage|p2a: Toxapex|78/100
|move|p2a: Toxapex|Scald|p1a: Pelipper
|-resisted|p1a: Pelipper
|-damage|p1a: Pelipper|66/100
|
|-weather|RainDance|[upkeep]
|upkeep
|turn|17
|
|move|p1a: Pelipper|Scald|p2a: Toxapex
|-resisted|p2a: Toxapex
|-damage|p2a: Toxapex|65/100
|move|p2a: Toxapex|Scald|p1a: Pelipper
|-resisted|p1a: Pelipper
|-damage|p1a: Pelipper|48/100
|
|-weather|RainDance|[upkeep]
|upkeep
|turn|18
|
|move|p1a: Pelipper|Scald|p2a: Toxapex
|-resisted|p2a: Toxapex
|-damage|p2a: Toxapex|53/100
|-status|p2a: Toxapex|brn
|move|p2a: Toxapex|Scald|p1a: Pelipper
|-resisted|p1a: Pelipper
|-damage|p1a: Pelipper|29/100
|
|-weather|RainDance|[upkeep]
|-damage|p2a: Toxapex|47/100 brn|[from] brn
|upkeep
|turn|19
|
|move|p1a: Pelipper|Roost|p1a: Pelipper
|-heal|p1a: Pelipper|79/100
|-singleturn|p1a: Pelipper|move: Roost
|move|p2a: Toxapex|Recover|p2a: Toxapex
|-heal|p2a: Toxapex|97/100 brn
|
|-weather|none
|-damage|p2a: Toxapex|90/100 brn|[from] brn
|upkeep
|turn|20
|
|move|p1a: Pelipper|Roost|p1a: Pelipper
|-heal|p1a: Pelipper|100/100
|-singleturn|p1a: Pelipper|move: Roost
|move|p2a: Toxapex|Scald|p1a: Pelipper
|-resisted|p1a: Pelipper
|-damage|p1a: Pelipper|88/100
|-status|p1a: Pelipper|brn
|
|-damage|p1a: Pelipper|82/100 brn|[from] brn
|-damage|p2a: Toxapex|84/100 brn|[from] brn
|upkeep
|turn|21
|
|move|p1a: Pelipper|U-turn|p2a: Toxapex
|-resisted|p2a: Toxapex
|-damage|p2a: Toxapex|82/100 brn
|
|switch|p1a: Corviknight|Corviknight, F|100/100|[from]move: U-turn
|-ability|p1a: Corviknight|Pressure
|move|p2a: Toxapex|Scald|p1a: Corviknight
|-damage|p1a: Corviknight|88/100
|
|-heal|p1a: Corviknight|94/100|[from] item: Leftovers
|-damage|p2a: Toxapex|76/100 brn|[from] brn
|upkeep
|turn|22
|
|move|p1a: Corviknight|Defog|p2a: Toxapex
|-unboost|p2a: Toxapex|evasion|1
|-sideend|p1: Looole|Toxic Spikes|[from] move: Defog|[of] p1a: Corviknight
|move|p2a: Toxapex|Scald|p1a: Corviknight
|-damage|p1a: Corviknight|82/100
|-status|p1a: Corviknight|brn
|
|-heal|p1a: Corviknight|88/100 brn|[from] item: Leftovers
|-damage|p1a: Corviknight|82/100 brn|[from] brn
|-damage|p2a: Toxapex|70/100 brn|[from] brn
|upkeep
|turn|23
|
|move|p1a: Corviknight|Brave Bird|p2a: Toxapex
|-damage|p2a: Toxapex|55/100 brn
|-damage|p1a: Corviknight|78/100 brn|[from] Recoil
|move|p2a: Toxapex|Toxic Spikes|p1a: Corviknight
|-sidestart|p1: Looole|move: Toxic Spikes
|
|-heal|p1a: Corviknight|84/100 brn|[from] item: Leftovers
|-damage|p1a: Corviknight|78/100 brn|[from] brn
|-damage|p2a: Toxapex|49/100 brn|[from] brn
|upkeep
|turn|24
|
|switch|p2a: Dragapult|Dragapult, M|100/100
|move|p1a: Corviknight|Defog|p2a: Dragapult
|-unboost|p2a: Dragapult|evasion|1
|-sideend|p1: Looole|Toxic Spikes|[from] move: Defog|[of] p1a: Corviknight
|
|-heal|p1a: Corviknight|84/100 brn|[from] item: Leftovers
|-damage|p1a: Corviknight|78/100 brn|[from] brn
|upkeep
|turn|25
|
|switch|p1a: Pelipper|Pelipper, F|82/100 brn
|-weather|RainDance|[from] ability: Drizzle|[of] p1a: Pelipper
|move|p2a: Dragapult|Shadow Ball|p1a: Pelipper
|-damage|p1a: Pelipper|10/100 brn
|
|-weather|RainDance|[upkeep]
|-damage|p1a: Pelipper|4/100 brn|[from] brn
|upkeep
|turn|26
|
|move|p2a: Dragapult|Shadow Ball|p1a: Pelipper
|-damage|p1a: Pelipper|0 fnt
|faint|p1a: Pelipper
|
|-weather|RainDance|[upkeep]
|upkeep
|
|switch|p1a: Dragapult|Dragapult, F|100/100
|turn|27
|
|switch|p2a: Hatterene|Hatterene, F|100/100
|move|p1a: Dragapult|Draco Meteor|p2a: Hatterene
|-immune|p2a: Hatterene
|
|-weather|RainDance|[upkeep]
|upkeep
|turn|28
|
|switch|p1a: Ferrothorn|Ferrothorn, M|57/100
|move|p2a: Hatterene|Trick Room|p2a: Hatterene
|-fieldstart|move: Trick Room|[of] p2a: Hatterene
|
|-weather|RainDance|[upkeep]
|upkeep
|turn|29
|
|move|p1a: Ferrothorn|Gyro Ball|p2a: Hatterene
|-supereffective|p2a: Hatterene
|-damage|p2a: Hatterene|59/100
|move|p2a: Hatterene|Mystical Fire|p1a: Ferrothorn
|-supereffective|p1a: Ferrothorn
|-damage|p1a: Ferrothorn|4/100
|-unboost|p1a: Ferrothorn|spa|1
|
|-weather|RainDance|[upkeep]
|-heal|p2a: Hatterene|65/100|[from] item: Leftovers
|upkeep
|turn|30
|
|move|p1a: Ferrothorn|Gyro Ball|p2a: Hatterene
|-supereffective|p2a: Hatterene
|-damage|p2a: Hatterene|27/100
|move|p2a: Hatterene|Mystical Fire|p1a: Ferrothorn
|-supereffective|p1a: Ferrothorn
|-damage|p1a: Ferrothorn|0 fnt
|faint|p1a: Ferrothorn
|
|-weather|RainDance|[upkeep]
|-heal|p2a: Hatterene|33/100|[from] item: Leftovers
|upkeep
|inactive|Battle timer is ON: inactive players will automatically lose when time's up. (requested by vinse_cycle)
|
|switch|p1a: Barraskewda|Barraskewda, M|100/100
|turn|31
|
|move|p1a: Barraskewda|Aqua Jet|p2a: Hatterene
|-damage|p2a: Hatterene|0 fnt
|-damage|p1a: Barraskewda|91/100|[from] item: Life Orb
|faint|p2a: Hatterene
|
|-weather|RainDance|[upkeep]
|upkeep
|
|switch|p2a: Dragapult|Dragapult, M|100/100
|turn|32
|
|switch|p1a: Corviknight|Corviknight, F|78/100 brn
|-ability|p1a: Corviknight|Pressure
|move|p2a: Dragapult|Shadow Ball|p1a: Corviknight
|-crit|p1a: Corviknight
|-damage|p1a: Corviknight|21/100 brn
|
|-weather|none
|-heal|p1a: Corviknight|28/100 brn|[from] item: Leftovers
|-damage|p1a: Corviknight|21/100 brn|[from] brn
|-fieldend|move: Trick Room
|upkeep
|turn|33
|
|move|p2a: Dragapult|Shadow Ball|p1a: Corviknight
|-damage|p1a: Corviknight|0 fnt
|faint|p1a: Corviknight
|
|upkeep
|
|switch|p1a: Dragapult|Dragapult, F|100/100
|turn|34
|
|switch|p2a: Toxapex|Toxapex, M|82/100 brn
|move|p1a: Dragapult|Shadow Ball|p2a: Toxapex
|-damage|p2a: Toxapex|50/100 brn
|-unboost|p2a: Toxapex|spd|1
|
|-damage|p2a: Toxapex|44/100 brn|[from] brn
|upkeep
|turn|35
|
|switch|p2a: Obstagoon|Obstagoon, M|82/100 brn
|move|p1a: Dragapult|Shadow Ball|p2a: Obstagoon
|-immune|p2a: Obstagoon
|
|-damage|p2a: Obstagoon|76/100 brn|[from] brn
|upkeep
|turn|36
|-message|Looole forfeited.
|
|win|vinse_cycle
|l|☆Looole
|raw|Looole's rating: 1398 → 1380(-18 for losing)
|raw|vinse_cycle's rating: 1434 → 1452(+18 for winning)
