|ScrapeTime|2020-01-01-21:44:50
|j|☆GrimJester
|j|☆Garchomplte
|player|p1|GrimJester|harlequin|1551
|player|p2|Garchomplte|brock|1660
|teamsize|p1|6
|teamsize|p2|6
|gametype|singles
|gen|8
|tier|[Gen 8] OU
|rated|
|rule|Sleep Clause Mod: Limit one foe put to sleep
|rule|Species Clause: Limit one of each Pokémon
|rule|OHKO Clause: OHKO moves are banned
|rule|Evasion Moves Clause: Evasion moves are banned
|rule|Endless Battle Clause: Forcing endless battles is banned
|rule|HP Percentage Mod: HP is shown in percentages
|clearpoke
|poke|p1|Togekiss, F|
|poke|p1|Silvally-*|
|poke|p1|Excadrill, F|
|poke|p1|Tyranitar, M|
|poke|p1|Rotom-Wash|
|poke|p1|Corviknight, M|
|poke|p2|Hippowdon, F|
|poke|p2|Seismitoad, F|
|poke|p2|Mandibuzz, F|
|poke|p2|Bronzong|
|poke|p2|Toxapex, F|
|poke|p2|Toxtricity, M|
|rule|Dynamax Clause: You cannot dynamax
|teampreview
|inactive|Battle timer is ON: inactive players will automatically lose when time's up. (requested by Garchomplte)
|j| psydukk++!
|c| psydukk++!|yo garchomplte
|c| psydukk++!|add a drill
|c| psydukk++!|to ur team
|c|☆Garchomplte|Whats up
|inactive|GrimJester has 120 seconds left.
|c|☆Garchomplte|Replace what tho
|inactive|GrimJester has 90 seconds left.
|
|start
|switch|p1a: Rotom|Rotom-Wash|100/100
|switch|p2a: Hippowdon|Hippowdon, F|100/100
|-weather|Sandstorm|[from] ability: Sand Stream|[of] p2a: Hippowdon
|turn|1
|
|switch|p2a: Seismitoad|Seismitoad, F|100/100
|move|p1a: Rotom|Nasty Plot|p1a: Rotom
|-boost|p1a: Rotom|spa|2
|
|-weather|Sandstorm|[upkeep]
|-damage|p1a: Rotom|95/100|[from] Sandstorm
|-heal|p1a: Rotom|100/100|[from] item: Leftovers
|upkeep
|turn|2
|
|switch|p1a: Silvally|Silvally-Grass|100/100
|move|p2a: Seismitoad|Toxic|p1a: Silvally
|-status|p1a: Silvally|tox
|
|-weather|Sandstorm|[upkeep]
|-damage|p1a: Silvally|94/100 tox|[from] Sandstorm
|-damage|p1a: Silvally|88/100 tox|[from] psn
|upkeep
|turn|3
|
|switch|p2a: Bronzong|Bronzong|100/100
|move|p1a: Silvally|Parting Shot|p2a: Bronzong
|-unboost|p2a: Bronzong|atk|1
|-unboost|p2a: Bronzong|spa|1
|
|switch|p1a: Rotom|Rotom-Wash|100/100|[from]move: Parting Shot
|
|-weather|Sandstorm|[upkeep]
|-damage|p1a: Rotom|95/100|[from] Sandstorm
|-heal|p1a: Rotom|100/100|[from] item: Leftovers
|upkeep
|turn|4
|
|switch|p2a: Seismitoad|Seismitoad, F|100/100
|move|p1a: Rotom|Volt Switch|p2a: Seismitoad
|-immune|p2a: Seismitoad
|
|-weather|Sandstorm|[upkeep]
|-damage|p1a: Rotom|95/100|[from] Sandstorm
|-heal|p1a: Rotom|100/100|[from] item: Leftovers
|upkeep
|turn|5
|
|move|p1a: Rotom|Will-O-Wisp|p2a: Seismitoad
|-status|p2a: Seismitoad|brn
|move|p2a: Seismitoad|Stealth Rock|p1a: Rotom
|-sidestart|p1: GrimJester|move: Stealth Rock
|
|-weather|none
|-damage|p2a: Seismitoad|94/100 brn|[from] brn
|upkeep
|turn|6
|
|switch|p1a: Corviknight|Corviknight, M|100/100
|-damage|p1a: Corviknight|88/100|[from] Stealth Rock
|-ability|p1a: Corviknight|Pressure
|move|p2a: Seismitoad|Scald|p1a: Corviknight
|-damage|p1a: Corviknight|71/100
|
|-heal|p1a: Corviknight|77/100|[from] item: Leftovers
|-heal|p2a: Seismitoad|100/100 brn|[from] item: Leftovers
|-damage|p2a: Seismitoad|94/100 brn|[from] brn
|upkeep
|turn|7
|
|switch|p2a: Toxtricity|Toxtricity, M|100/100
|move|p1a: Corviknight|Body Press|p2a: Toxtricity
|-resisted|p2a: Toxtricity
|-damage|p2a: Toxtricity|84/100
|
|-heal|p1a: Corviknight|83/100|[from] item: Leftovers
|upkeep
|turn|8
|
|switch|p1a: Excadrill|Excadrill, F|100/100
|-damage|p1a: Excadrill|97/100|[from] Stealth Rock
|move|p2a: Toxtricity|Boomburst|p1a: Excadrill
|-resisted|p1a: Excadrill
|-crit|p1a: Excadrill
|-damage|p1a: Excadrill|14/100
|
|-heal|p1a: Excadrill|20/100|[from] item: Leftovers
|upkeep
|turn|9
|
|switch|p2a: Hippowdon|Hippowdon, F|100/100
|-weather|Sandstorm|[from] ability: Sand Stream|[of] p2a: Hippowdon
|move|p1a: Excadrill|Rapid Spin|p2a: Hippowdon
|-damage|p2a: Hippowdon|89/100
|-sideend|p1: GrimJester|Stealth Rock|[from] move: Rapid Spin|[of] p1a: Excadrill
|-boost|p1a: Excadrill|spe|1
|
|-weather|Sandstorm|[upkeep]
|-heal|p1a: Excadrill|27/100|[from] item: Leftovers
|-heal|p2a: Hippowdon|95/100|[from] item: Leftovers
|upkeep
|turn|10
|
|switch|p1a: Rotom|Rotom-Wash|100/100
|move|p2a: Hippowdon|Earthquake|p1a: Rotom
|-immune|p1a: Rotom|[from] ability: Levitate
|
|-weather|Sandstorm|[upkeep]
|-damage|p1a: Rotom|95/100|[from] Sandstorm
|-heal|p1a: Rotom|100/100|[from] item: Leftovers
|-heal|p2a: Hippowdon|100/100|[from] item: Leftovers
|upkeep
|turn|11
|
|switch|p1a: Togekiss|Togekiss, F|100/100
|switch|p2a: Seismitoad|Seismitoad, F|94/100 brn
|
|-weather|Sandstorm|[upkeep]
|-damage|p1a: Togekiss|94/100|[from] Sandstorm
|-heal|p1a: Togekiss|100/100|[from] item: Leftovers
|-heal|p2a: Seismitoad|100/100 brn|[from] item: Leftovers
|-damage|p2a: Seismitoad|94/100 brn|[from] brn
|upkeep
|turn|12
|
|move|p1a: Togekiss|Substitute|p1a: Togekiss
|-start|p1a: Togekiss|Substitute
|-damage|p1a: Togekiss|76/100
|move|p2a: Seismitoad|Toxic||[still]
|-fail|p2a: Seismitoad
|
|-weather|Sandstorm|[upkeep]
|-damage|p1a: Togekiss|70/100|[from] Sandstorm
|-heal|p1a: Togekiss|76/100|[from] item: Leftovers
|-heal|p2a: Seismitoad|100/100 brn|[from] item: Leftovers
|-damage|p2a: Seismitoad|94/100 brn|[from] brn
|upkeep
|turn|13
|
|move|p1a: Togekiss|Nasty Plot|p1a: Togekiss
|-boost|p1a: Togekiss|spa|2
|move|p2a: Seismitoad|Stealth Rock|p1a: Togekiss
|-sidestart|p1: GrimJester|move: Stealth Rock
|
|-weather|none
|-heal|p1a: Togekiss|82/100|[from] item: Leftovers
|-heal|p2a: Seismitoad|100/100 brn|[from] item: Leftovers
|-damage|p2a: Seismitoad|94/100 brn|[from] brn
|upkeep
|turn|14
|
|switch|p2a: Bronzong|Bronzong|100/100
|move|p1a: Togekiss|Nasty Plot|p1a: Togekiss
|-boost|p1a: Togekiss|spa|2
|
|-heal|p1a: Togekiss|88/100|[from] item: Leftovers
|upkeep
|turn|15
|
|move|p1a: Togekiss|Flamethrower|p2a: Bronzong
|-supereffective|p2a: Bronzong
|-crit|p2a: Bronzong
|-damage|p2a: Bronzong|18/100
|move|p2a: Bronzong|Heavy Slam|p1a: Togekiss
|-supereffective|p1a: Togekiss
|-end|p1a: Togekiss|Substitute
|
|-heal|p1a: Togekiss|94/100|[from] item: Leftovers
|-heal|p2a: Bronzong|24/100|[from] item: Leftovers
|upkeep
|turn|16
|
|move|p2a: Bronzong|Protect|p2a: Bronzong
|-singleturn|p2a: Bronzong|Protect
|move|p1a: Togekiss|Flamethrower|p2a: Bronzong
|-activate|p2a: Bronzong|move: Protect
|
|-heal|p1a: Togekiss|99/100|[from] item: Leftovers
|-heal|p2a: Bronzong|30/100|[from] item: Leftovers
|upkeep
|turn|17
|
|move|p1a: Togekiss|Flamethrower|p2a: Bronzong
|-supereffective|p2a: Bronzong
|-damage|p2a: Bronzong|0 fnt
|faint|p2a: Bronzong
|
|-heal|p1a: Togekiss|100/100|[from] item: Leftovers
|upkeep
|
|switch|p2a: Toxtricity|Toxtricity, M|84/100
|turn|18
|
|move|p1a: Togekiss|Flamethrower|p2a: Toxtricity
|-damage|p2a: Toxtricity|0 fnt
|faint|p2a: Toxtricity
|
|upkeep
|c|☆Garchomplte|Fucking crit
|
|switch|p2a: Toxapex|Toxapex, F|100/100
|turn|19
|c|☆GrimJester|The opposing Toxtricity used Boomburst!
|c|☆GrimJester|It's not very effective...
|c|☆GrimJester|A critical hit!
|c|☆GrimJester|(Excadrill lost 83.1% of its health!)
|c|☆Garchomplte|?
|
|move|p1a: Togekiss|Substitute|p1a: Togekiss
|-start|p1a: Togekiss|Substitute
|-damage|p1a: Togekiss|76/100
|move|p2a: Toxapex|Haze|p2a: Toxapex
|-clearallboost
|
|-heal|p1a: Togekiss|82/100|[from] item: Leftovers
|upkeep
|turn|20
|c|☆Garchomplte|drill doesnt do shit
|c|☆Garchomplte|Toge won cuz of thr crit
|c|☆GrimJester|it is what it is my g
|c|☆GrimJester|that's tough for u
|
|move|p1a: Togekiss|Nasty Plot|p1a: Togekiss
|-boost|p1a: Togekiss|spa|2
|move|p2a: Toxapex|Haze|p2a: Toxapex
|-clearallboost
|
|-heal|p1a: Togekiss|88/100|[from] item: Leftovers
|upkeep
|turn|21
|
|move|p1a: Togekiss|Nasty Plot|p1a: Togekiss
|-boost|p1a: Togekiss|spa|2
|move|p2a: Toxapex|Haze|p2a: Toxapex
|-clearallboost
|
|-heal|p1a: Togekiss|94/100|[from] item: Leftovers
|upkeep
|turn|22
|
|move|p1a: Togekiss|Nasty Plot|p1a: Togekiss
|-boost|p1a: Togekiss|spa|2
|move|p2a: Toxapex|Haze|p2a: Toxapex
|-clearallboost
|
|-heal|p1a: Togekiss|99/100|[from] item: Leftovers
|upkeep
|turn|23
|
|move|p1a: Togekiss|Air Slash|p2a: Toxapex
|-damage|p2a: Toxapex|71/100
|move|p2a: Toxapex|Haze|p2a: Toxapex
|-clearallboost
|
|-heal|p1a: Togekiss|100/100|[from] item: Leftovers
|-heal|p2a: Toxapex|77/100|[from] item: Black Sludge
|upkeep
|turn|24
|
|move|p1a: Togekiss|Air Slash|p2a: Toxapex
|-damage|p2a: Toxapex|46/100
|move|p2a: Toxapex|Haze|p2a: Toxapex
|-clearallboost
|
|-heal|p2a: Toxapex|52/100|[from] item: Black Sludge
|upkeep
|turn|25
|
|move|p1a: Togekiss|Air Slash|p2a: Toxapex
|-damage|p2a: Toxapex|23/100
|move|p2a: Toxapex|Haze|p2a: Toxapex
|-clearallboost
|
|-heal|p2a: Toxapex|29/100|[from] item: Black Sludge
|upkeep
|turn|26
|
|switch|p2a: Hippowdon|Hippowdon, F|100/100
|-weather|Sandstorm|[from] ability: Sand Stream|[of] p2a: Hippowdon
|move|p1a: Togekiss|Air Slash|p2a: Hippowdon
|-damage|p2a: Hippowdon|70/100
|
|-weather|Sandstorm|[upkeep]
|-damage|p1a: Togekiss|94/100|[from] Sandstorm
|-heal|p1a: Togekiss|100/100|[from] item: Leftovers
|-heal|p2a: Hippowdon|77/100|[from] item: Leftovers
|upkeep
|turn|27
|
|move|p1a: Togekiss|Nasty Plot|p1a: Togekiss
|-boost|p1a: Togekiss|spa|2
|move|p2a: Hippowdon|Whirlwind|p1a: Togekiss
|drag|p1a: Rotom|Rotom-Wash|100/100
|-damage|p1a: Rotom|88/100|[from] Stealth Rock
|
|-weather|Sandstorm|[upkeep]
|-damage|p1a: Rotom|82/100|[from] Sandstorm
|-heal|p1a: Rotom|88/100|[from] item: Leftovers
|-heal|p2a: Hippowdon|83/100|[from] item: Leftovers
|upkeep
|turn|28
|
|switch|p2a: Seismitoad|Seismitoad, F|94/100 brn
|move|p1a: Rotom|Will-O-Wisp|p2a: Seismitoad
|-fail|p2a: Seismitoad|brn
|
|-weather|Sandstorm|[upkeep]
|-damage|p1a: Rotom|82/100|[from] Sandstorm
|-heal|p1a: Rotom|88/100|[from] item: Leftovers
|-heal|p2a: Seismitoad|100/100 brn|[from] item: Leftovers
|-damage|p2a: Seismitoad|94/100 brn|[from] brn
|upkeep
|turn|29
|
|switch|p1a: Silvally|Silvally-Grass|88/100 tox
|-damage|p1a: Silvally|76/100 tox|[from] Stealth Rock
|switch|p2a: Mandibuzz|Mandibuzz, F|100/100
|
|-weather|Sandstorm|[upkeep]
|-damage|p1a: Silvally|70/100 tox|[from] Sandstorm
|-damage|p1a: Silvally|64/100 tox|[from] psn
|upkeep
|turn|30
|
|move|p1a: Silvally|Parting Shot|p2a: Mandibuzz
|-unboost|p2a: Mandibuzz|atk|1
|-unboost|p2a: Mandibuzz|spa|1
|
|switch|p1a: Togekiss|Togekiss, F|100/100|[from]move: Parting Shot
|-damage|p1a: Togekiss|76/100|[from] Stealth Rock
|move|p2a: Mandibuzz|Knock Off|p1a: Togekiss
|-resisted|p1a: Togekiss
|-damage|p1a: Togekiss|66/100
|-enditem|p1a: Togekiss|Leftovers|[from] move: Knock Off|[of] p2a: Mandibuzz
|
|-weather|none
|upkeep
|turn|31
|
|switch|p2a: Hippowdon|Hippowdon, F|83/100
|-weather|Sandstorm|[from] ability: Sand Stream|[of] p2a: Hippowdon
|move|p1a: Togekiss|Nasty Plot|p1a: Togekiss
|-boost|p1a: Togekiss|spa|2
|
|-weather|Sandstorm|[upkeep]
|-damage|p1a: Togekiss|60/100|[from] Sandstorm
|-heal|p2a: Hippowdon|89/100|[from] item: Leftovers
|upkeep
|turn|32
|c| psydukk++!|what does
|
|move|p1a: Togekiss|Air Slash|p2a: Hippowdon
|-damage|p2a: Hippowdon|30/100
|cant|p2a: Hippowdon|flinch
|
|-weather|Sandstorm|[upkeep]
|-damage|p1a: Togekiss|54/100|[from] Sandstorm
|-heal|p2a: Hippowdon|36/100|[from] item: Leftovers
|upkeep
|turn|33
|c| psydukk++!|bronzong do
|c|☆Garchomplte|Check hat and clef
|
|switch|p2a: Seismitoad|Seismitoad, F|94/100 brn
|move|p1a: Togekiss|Air Slash|p2a: Seismitoad
|-damage|p2a: Seismitoad|14/100 brn
|
|-weather|Sandstorm|[upkeep]
|-damage|p1a: Togekiss|48/100|[from] Sandstorm
|-heal|p2a: Seismitoad|20/100 brn|[from] item: Leftovers
|-damage|p2a: Seismitoad|14/100 brn|[from] brn
|upkeep
|turn|34
|
|move|p1a: Togekiss|Substitute|p1a: Togekiss
|-start|p1a: Togekiss|Substitute
|-damage|p1a: Togekiss|23/100
|move|p2a: Seismitoad|Scald|p1a: Togekiss
|-activate|p1a: Togekiss|move: Substitute|[damage]
|
|-weather|Sandstorm|[upkeep]
|-damage|p1a: Togekiss|17/100|[from] Sandstorm
|-heal|p2a: Seismitoad|20/100 brn|[from] item: Leftovers
|-damage|p2a: Seismitoad|14/100 brn|[from] brn
|upkeep
|turn|35
|
|move|p1a: Togekiss|Flamethrower|p2a: Seismitoad
|-resisted|p2a: Seismitoad
|-damage|p2a: Seismitoad|0 fnt
|faint|p2a: Seismitoad
|
|-weather|none
|upkeep
|
|switch|p2a: Toxapex|Toxapex, F|62/100
|turn|36
|
|move|p1a: Togekiss|Air Slash|p2a: Toxapex
|-damage|p2a: Toxapex|1/100
|cant|p2a: Toxapex|flinch
|
|-heal|p2a: Toxapex|7/100|[from] item: Black Sludge
|upkeep
|turn|37
|
|switch|p2a: Hippowdon|Hippowdon, F|36/100
|-weather|Sandstorm|[from] ability: Sand Stream|[of] p2a: Hippowdon
|move|p1a: Togekiss|Air Slash|p2a: Hippowdon
|-damage|p2a: Hippowdon|0 fnt
|faint|p2a: Hippowdon
|
|-weather|Sandstorm|[upkeep]
|-damage|p1a: Togekiss|11/100|[from] Sandstorm
|upkeep
|c|☆Garchomplte|What does a shit player do tho
|c|☆Garchomplte|they luck
|
|switch|p2a: Toxapex|Toxapex, F|40/100
|turn|38
|c|☆GrimJester|lmao
|c|☆GrimJester|easy game
|c|☆GrimJester|mad kid
|
|move|p1a: Togekiss|Air Slash|p2a: Toxapex
|-damage|p2a: Toxapex|0 fnt
|faint|p2a: Toxapex
|
|-weather|Sandstorm|[upkeep]
|-damage|p1a: Togekiss|5/100|[from] Sandstorm
|upkeep
|c|☆Garchomplte|You lost
|
|switch|p2a: Mandibuzz|Mandibuzz, F|100/100
|turn|39
|c|☆GrimJester|Really?
|c|☆Garchomplte|Try this
|c|☆Garchomplte|digimon.com
|c|☆GrimJester|why do all my mons live?
|c|☆GrimJester|and yours die?
|j| Dhdux
|
|move|p1a: Togekiss|Air Slash|p2a: Mandibuzz
|-damage|p2a: Mandibuzz|56/100
|move|p2a: Mandibuzz|Roost|p2a: Mandibuzz
|-heal|p2a: Mandibuzz|100/100
|-singleturn|p2a: Mandibuzz|move: Roost
|
|-weather|Sandstorm|[upkeep]
|-damage|p1a: Togekiss|0 fnt|[from] Sandstorm
|faint|p1a: Togekiss
|upkeep
|c| psydukk++!|yo grimjester
|c|☆Garchomplte|Well I’m not mexican so who rlly wom
|c|☆Garchomplte|lucky kid
|
|switch|p1a: Tyranitar|Tyranitar, M|100/100
|-damage|p1a: Tyranitar|88/100|[from] Stealth Rock
|turn|40
|c| psydukk++!|why dont u lick the long side of the dong
|
|move|p1a: Tyranitar|Stone Edge|p2a: Mandibuzz
|-supereffective|p2a: Mandibuzz
|-damage|p2a: Mandibuzz|13/100
|move|p2a: Mandibuzz|Knock Off|p1a: Tyranitar
|-resisted|p1a: Tyranitar
|-damage|p1a: Tyranitar|77/100
|-enditem|p1a: Tyranitar|Shed Shell|[from] move: Knock Off|[of] p2a: Mandibuzz
|
|-weather|Sandstorm|[upkeep]
|upkeep
|turn|41
|c| psydukk++!|stupid bitch
|
|move|p1a: Tyranitar|Fire Punch|p2a: Mandibuzz
|-damage|p2a: Mandibuzz|0 fnt
|faint|p2a: Mandibuzz
|
|win|GrimJester
|c|☆GrimJester|easy game
|c|☆GrimJester|bad kid
|c|☆Garchomplte|Lucky bads
