|ScrapeTime|2020-01-01-14:45:36
|j|☆oiponabys
|j|☆overloadice
|player|p1|oiponabys|preschooler|1468
|player|p2|overloadice|266|1440
|teamsize|p1|6
|teamsize|p2|6
|gametype|singles
|gen|8
|tier|[Gen 8] OU
|rated|
|rule|Sleep Clause Mod: Limit one foe put to sleep
|rule|Species Clause: Limit one of each Pokémon
|rule|OHKO Clause: OHKO moves are banned
|rule|Evasion Moves Clause: Evasion moves are banned
|rule|Endless Battle Clause: Forcing endless battles is banned
|rule|HP Percentage Mod: HP is shown in percentages
|clearpoke
|poke|p1|Seismitoad, M|
|poke|p1|Leafeon, F|
|poke|p1|Torkoal, M|
|poke|p1|Cinderace, M|
|poke|p1|Sylveon, M|
|poke|p1|Hydreigon, F|
|poke|p2|Sirfetch'd, F|
|poke|p2|Dragapult, F|
|poke|p2|Snorlax, F|
|poke|p2|Seismitoad, F|
|poke|p2|Rotom-Heat|
|poke|p2|Corviknight, M|
|rule|Dynamax Clause: You cannot dynamax
|teampreview
|
|start
|switch|p1a: Seismitoad|Seismitoad, M|100/100
|switch|p2a: Rotom|Rotom-Heat|100/100
|turn|1
|
|switch|p2a: Snorlax|Snorlax, F|100/100
|move|p1a: Seismitoad|Toxic|p2a: Snorlax
|-status|p2a: Snorlax|tox
|
|-damage|p2a: Snorlax|94/100 tox|[from] psn
|upkeep
|turn|2
|
|move|p1a: Seismitoad|Stealth Rock|p2a: Snorlax
|-sidestart|p2: overloadice|move: Stealth Rock
|move|p2a: Snorlax|Body Slam|p1a: Seismitoad
|-damage|p1a: Seismitoad|77/100
|-status|p1a: Seismitoad|par
|
|-heal|p2a: Snorlax|100/100 tox|[from] item: Leftovers
|-heal|p1a: Seismitoad|83/100 par|[from] item: Leftovers
|-damage|p2a: Snorlax|88/100 tox|[from] psn
|upkeep
|turn|3
|
|switch|p2a: Corviknight|Corviknight, M|100/100
|-damage|p2a: Corviknight|88/100|[from] Stealth Rock
|-ability|p2a: Corviknight|Pressure
|move|p1a: Seismitoad|Toxic|p2a: Corviknight
|-immune|p2a: Corviknight
|
|-heal|p2a: Corviknight|94/100|[from] item: Leftovers
|-heal|p1a: Seismitoad|89/100 par|[from] item: Leftovers
|upkeep
|turn|4
|
|switch|p1a: Torkoal|Torkoal, M|100/100
|-weather|SunnyDay|[from] ability: Drought|[of] p1a: Torkoal
|move|p2a: Corviknight|Defog|p1a: Torkoal
|-unboost|p1a: Torkoal|evasion|1
|-sideend|p2: overloadice|Stealth Rock|[from] move: Defog|[of] p2a: Corviknight
|
|-weather|SunnyDay|[upkeep]
|-heal|p2a: Corviknight|100/100|[from] item: Leftovers
|upkeep
|turn|5
|
|move|p2a: Corviknight|U-turn|p1a: Torkoal
|-resisted|p1a: Torkoal
|-damage|p1a: Torkoal|96/100
|
|switch|p2a: Rotom|Rotom-Heat|100/100|[from]move: U-turn
|move|p1a: Torkoal|Yawn|p2a: Rotom
|-start|p2a: Rotom|move: Yawn|[of] p1a: Torkoal
|
|-weather|SunnyDay|[upkeep]
|upkeep
|turn|6
|
|move|p2a: Rotom|Volt Switch|p1a: Torkoal
|-crit|p1a: Torkoal
|-damage|p1a: Torkoal|45/100
|
|switch|p2a: Seismitoad|Seismitoad, F|100/100|[from]move: Volt Switch
|move|p1a: Torkoal|Yawn|p2a: Seismitoad
|-start|p2a: Seismitoad|move: Yawn|[of] p1a: Torkoal
|
|-weather|SunnyDay|[upkeep]
|upkeep
|turn|7
|
|switch|p2a: Rotom|Rotom-Heat|100/100
|switch|p1a: Leafeon|Leafeon, F|100/100
|
|-weather|SunnyDay|[upkeep]
|upkeep
|turn|8
|
|switch|p1a: Hydreigon|Hydreigon, F|100/100
|move|p2a: Rotom|Overheat|p1a: Hydreigon
|-resisted|p1a: Hydreigon
|-damage|p1a: Hydreigon|64/100
|-unboost|p2a: Rotom|spa|2
|
|-weather|SunnyDay|[upkeep]
|-heal|p1a: Hydreigon|70/100|[from] item: Leftovers
|upkeep
|turn|9
|
|switch|p2a: Snorlax|Snorlax, F|88/100 tox
|move|p1a: Hydreigon|Nasty Plot|p1a: Hydreigon
|-boost|p1a: Hydreigon|spa|2
|
|-weather|SunnyDay|[upkeep]
|-heal|p1a: Hydreigon|76/100|[from] item: Leftovers
|-heal|p2a: Snorlax|94/100 tox|[from] item: Leftovers
|-damage|p2a: Snorlax|88/100 tox|[from] psn
|upkeep
|turn|10
|
|move|p1a: Hydreigon|Substitute|p1a: Hydreigon
|-start|p1a: Hydreigon|Substitute
|-damage|p1a: Hydreigon|51/100
|move|p2a: Snorlax|Body Slam|p1a: Hydreigon
|-end|p1a: Hydreigon|Substitute
|
|-weather|SunnyDay|[upkeep]
|-heal|p1a: Hydreigon|57/100|[from] item: Leftovers
|-heal|p2a: Snorlax|94/100 tox|[from] item: Leftovers
|-damage|p2a: Snorlax|82/100 tox|[from] psn
|upkeep
|turn|11
|
|move|p1a: Hydreigon|Dark Pulse|p2a: Snorlax
|-crit|p2a: Snorlax
|-damage|p2a: Snorlax|17/100 tox
|move|p2a: Snorlax|Body Slam|p1a: Hydreigon
|-damage|p1a: Hydreigon|22/100
|
|-weather|none
|-heal|p1a: Hydreigon|28/100|[from] item: Leftovers
|-heal|p2a: Snorlax|23/100 tox|[from] item: Leftovers
|-damage|p2a: Snorlax|5/100 tox|[from] psn
|upkeep
|turn|12
|
|move|p1a: Hydreigon|Dark Pulse|p2a: Snorlax
|-damage|p2a: Snorlax|0 fnt
|faint|p2a: Snorlax
|
|-heal|p1a: Hydreigon|34/100|[from] item: Leftovers
|upkeep
|
|switch|p2a: Sirfetch'd|Sirfetch'd, F|100/100
|turn|13
|
|switch|p1a: Sylveon|Sylveon, M|100/100
|move|p2a: Sirfetch'd|First Impression|p1a: Sylveon
|-resisted|p1a: Sylveon
|-damage|p1a: Sylveon|68/100
|
|-heal|p1a: Sylveon|74/100|[from] item: Leftovers
|upkeep
|turn|14
|
|switch|p2a: Rotom|Rotom-Heat|100/100
|move|p1a: Sylveon|Wish|p1a: Sylveon
|
|-heal|p1a: Sylveon|80/100|[from] item: Leftovers
|upkeep
|turn|15
|
|switch|p1a: Hydreigon|Hydreigon, F|34/100
|move|p2a: Rotom|Volt Switch|p1a: Hydreigon
|-resisted|p1a: Hydreigon
|-damage|p1a: Hydreigon|20/100
|
|switch|p2a: Sirfetch'd|Sirfetch'd, F|100/100|[from]move: Volt Switch
|
|-heal|p1a: Hydreigon|80/100|[from] move: Wish|[wisher] Sylveon
|-heal|p1a: Hydreigon|86/100|[from] item: Leftovers
|upkeep
|turn|16
|
|switch|p1a: Sylveon|Sylveon, M|80/100
|move|p2a: Sirfetch'd|First Impression|p1a: Sylveon
|-resisted|p1a: Sylveon
|-damage|p1a: Sylveon|50/100
|
|-heal|p1a: Sylveon|57/100|[from] item: Leftovers
|upkeep
|turn|17
|
|switch|p2a: Rotom|Rotom-Heat|100/100
|move|p1a: Sylveon|Wish|p1a: Sylveon
|
|-heal|p1a: Sylveon|63/100|[from] item: Leftovers
|upkeep
|turn|18
|
|move|p1a: Sylveon|Protect|p1a: Sylveon
|-singleturn|p1a: Sylveon|Protect
|move|p2a: Rotom|Trick|p1a: Sylveon
|-activate|p1a: Sylveon|move: Protect
|
|-heal|p1a: Sylveon|100/100|[from] move: Wish|[wisher] Sylveon
|upkeep
|turn|19
|j| RIN-Alola
|
|move|p2a: Rotom|Trick|p1a: Sylveon
|-activate|p2a: Rotom|move: Trick|[of] p1a: Sylveon
|-item|p1a: Sylveon|Choice Scarf|[from] move: Trick
|-item|p2a: Rotom|Leftovers|[from] move: Trick
|move|p1a: Sylveon|Hyper Voice|p2a: Rotom
|-resisted|p2a: Rotom
|-damage|p2a: Rotom|80/100
|
|-heal|p2a: Rotom|86/100|[from] item: Leftovers
|upkeep
|turn|20
|
|move|p2a: Rotom|Thunder Wave|p1a: Sylveon
|-status|p1a: Sylveon|par
|move|p1a: Sylveon|Hyper Voice|p2a: Rotom
|-resisted|p2a: Rotom
|-damage|p2a: Rotom|63/100
|
|-heal|p2a: Rotom|69/100|[from] item: Leftovers
|upkeep
|turn|21
|
|move|p2a: Rotom|Volt Switch|p1a: Sylveon
|-damage|p1a: Sylveon|87/100 par
|
|switch|p2a: Corviknight|Corviknight, M|100/100|[from]move: Volt Switch
|-ability|p2a: Corviknight|Pressure
|move|p1a: Sylveon|Hyper Voice|p2a: Corviknight
|-resisted|p2a: Corviknight
|-damage|p2a: Corviknight|86/100
|
|-heal|p2a: Corviknight|92/100|[from] item: Leftovers
|upkeep
|turn|22
|
|switch|p1a: Torkoal|Torkoal, M|45/100
|-weather|SunnyDay|[from] ability: Drought|[of] p1a: Torkoal
|move|p2a: Corviknight|U-turn|p1a: Torkoal
|-resisted|p1a: Torkoal
|-damage|p1a: Torkoal|40/100
|
|switch|p2a: Rotom|Rotom-Heat|69/100|[from]move: U-turn
|
|-weather|SunnyDay|[upkeep]
|-heal|p2a: Rotom|75/100|[from] item: Leftovers
|upkeep
|turn|23
|
|move|p2a: Rotom|Volt Switch|p1a: Torkoal
|-damage|p1a: Torkoal|5/100
|
|switch|p2a: Seismitoad|Seismitoad, F|100/100|[from]move: Volt Switch
|move|p1a: Torkoal|Lava Plume|p2a: Seismitoad
|-resisted|p2a: Seismitoad
|-damage|p2a: Seismitoad|82/100
|-status|p2a: Seismitoad|brn
|
|-weather|SunnyDay|[upkeep]
|-heal|p2a: Seismitoad|88/100 brn|[from] item: Leftovers
|-damage|p2a: Seismitoad|82/100 brn|[from] brn
|upkeep
|turn|24
|
|move|p2a: Seismitoad|Stealth Rock|p1a: Torkoal
|-sidestart|p1: oiponabys|move: Stealth Rock
|move|p1a: Torkoal|Rapid Spin|p2a: Seismitoad
|-damage|p2a: Seismitoad|75/100 brn
|-sideend|p1: oiponabys|Stealth Rock|[from] move: Rapid Spin|[of] p1a: Torkoal
|-boost|p1a: Torkoal|spe|1
|
|-weather|SunnyDay|[upkeep]
|-heal|p2a: Seismitoad|81/100 brn|[from] item: Leftovers
|-damage|p2a: Seismitoad|75/100 brn|[from] brn
|upkeep
|turn|25
|
|move|p2a: Seismitoad|Stealth Rock|p1a: Torkoal
|-sidestart|p1: oiponabys|move: Stealth Rock
|move|p1a: Torkoal|Rapid Spin|p2a: Seismitoad
|-damage|p2a: Seismitoad|69/100 brn
|-sideend|p1: oiponabys|Stealth Rock|[from] move: Rapid Spin|[of] p1a: Torkoal
|-boost|p1a: Torkoal|spe|1
|
|-weather|SunnyDay|[upkeep]
|-heal|p2a: Seismitoad|75/100 brn|[from] item: Leftovers
|-damage|p2a: Seismitoad|69/100 brn|[from] brn
|upkeep
|turn|26
|
|move|p2a: Seismitoad|Stealth Rock|p1a: Torkoal
|-sidestart|p1: oiponabys|move: Stealth Rock
|move|p1a: Torkoal|Rapid Spin|p2a: Seismitoad
|-damage|p2a: Seismitoad|62/100 brn
|-sideend|p1: oiponabys|Stealth Rock|[from] move: Rapid Spin|[of] p1a: Torkoal
|-boost|p1a: Torkoal|spe|1
|
|-weather|SunnyDay|[upkeep]
|-heal|p2a: Seismitoad|68/100 brn|[from] item: Leftovers
|-damage|p2a: Seismitoad|62/100 brn|[from] brn
|upkeep
|turn|27
|
|switch|p1a: Leafeon|Leafeon, F|100/100
|move|p2a: Seismitoad|Stealth Rock|p1a: Leafeon
|-sidestart|p1: oiponabys|move: Stealth Rock
|
|-weather|SunnyDay|[upkeep]
|-heal|p2a: Seismitoad|68/100 brn|[from] item: Leftovers
|-damage|p2a: Seismitoad|62/100 brn|[from] brn
|upkeep
|turn|28
|
|move|p2a: Seismitoad|Protect|p2a: Seismitoad
|-singleturn|p2a: Seismitoad|Protect
|move|p1a: Leafeon|Weather Ball|p2a: Seismitoad
|-activate|p2a: Seismitoad|move: Protect
|
|-weather|SunnyDay|[upkeep]
|-heal|p2a: Seismitoad|68/100 brn|[from] item: Leftovers
|-damage|p2a: Seismitoad|62/100 brn|[from] brn
|upkeep
|turn|29
|
|switch|p2a: Rotom|Rotom-Heat|75/100
|move|p1a: Leafeon|Leaf Blade|p2a: Rotom
|-resisted|p2a: Rotom
|-damage|p2a: Rotom|49/100
|-damage|p1a: Leafeon|91/100|[from] item: Life Orb
|
|-weather|none
|-heal|p2a: Rotom|55/100|[from] item: Leftovers
|upkeep
|turn|30
|
|move|p2a: Rotom|Volt Switch|p1a: Leafeon
|-resisted|p1a: Leafeon
|-damage|p1a: Leafeon|69/100
|
|switch|p2a: Dragapult|Dragapult, F|100/100|[from]move: Volt Switch
|move|p1a: Leafeon|Swords Dance|p1a: Leafeon
|-boost|p1a: Leafeon|atk|2
|
|upkeep
|turn|31
|
|move|p2a: Dragapult|Flamethrower|p1a: Leafeon
|-supereffective|p1a: Leafeon
|-damage|p1a: Leafeon|0 fnt
|faint|p1a: Leafeon
|
|upkeep
|
|switch|p1a: Hydreigon|Hydreigon, F|86/100
|-damage|p1a: Hydreigon|74/100|[from] Stealth Rock
|turn|32
|l|☆overloadice
|player|p2|
|j|☆overloadice
|player|p2|overloadice|266
|
|move|p2a: Dragapult|Flamethrower|p1a: Hydreigon
|-resisted|p1a: Hydreigon
|-damage|p1a: Hydreigon|52/100
|move|p1a: Hydreigon|Substitute|p1a: Hydreigon
|-start|p1a: Hydreigon|Substitute
|-damage|p1a: Hydreigon|27/100
|
|-heal|p1a: Hydreigon|33/100|[from] item: Leftovers
|upkeep
|turn|33
|inactive|Battle timer is ON: inactive players will automatically lose when time's up. (requested by overloadice)
|inactive|oiponabys has 120 seconds left.
|
|move|p2a: Dragapult|Flamethrower|p1a: Hydreigon
|-resisted|p1a: Hydreigon
|-damage|p1a: Hydreigon|10/100
|move|p1a: Hydreigon|Dark Pulse|p2a: Dragapult
|-supereffective|p2a: Dragapult
|-damage|p2a: Dragapult|0 fnt
|faint|p2a: Dragapult
|
|-heal|p1a: Hydreigon|16/100|[from] item: Leftovers
|upkeep
|
|switch|p2a: Rotom|Rotom-Heat|55/100
|turn|34
|
|move|p1a: Hydreigon|Flash Cannon|p2a: Rotom
|-resisted|p2a: Rotom
|-damage|p2a: Rotom|48/100
|move|p2a: Rotom|Overheat|p1a: Hydreigon
|-resisted|p1a: Hydreigon
|-end|p1a: Hydreigon|Substitute
|-unboost|p2a: Rotom|spa|2
|
|-heal|p1a: Hydreigon|22/100|[from] item: Leftovers
|-heal|p2a: Rotom|54/100|[from] item: Leftovers
|upkeep
|turn|35
|
|move|p1a: Hydreigon|Dark Pulse|p2a: Rotom
|-damage|p2a: Rotom|9/100
|move|p2a: Rotom|Volt Switch|p1a: Hydreigon
|-resisted|p1a: Hydreigon
|-damage|p1a: Hydreigon|16/100
|
|switch|p2a: Sirfetch'd|Sirfetch'd, F|100/100|[from]move: Volt Switch
|
|-heal|p1a: Hydreigon|22/100|[from] item: Leftovers
|upkeep
|turn|36
|
|switch|p1a: Cinderace|Cinderace, M|100/100
|-damage|p1a: Cinderace|76/100|[from] Stealth Rock
|move|p2a: Sirfetch'd|Close Combat|p1a: Cinderace
|-damage|p1a: Cinderace|0 fnt
|-unboost|p2a: Sirfetch'd|def|1
|-unboost|p2a: Sirfetch'd|spd|1
|faint|p1a: Cinderace
|
|upkeep
|-message|oiponabys forfeited.
|
|win|overloadice
|l|☆oiponabys
|raw|oiponabys's rating: 1468 → 1446(-22 for losing)
|raw|overloadice's rating: 1440 → 1462(+22 for winning)
|l|☆overloadice
