|ScrapeTime|2020-01-01-14:15:19
|j|☆Separation
|j|☆aaaaamn
|player|p1|Separation|bellelba|1427
|player|p2|aaaaamn|205|1332
|teamsize|p1|6
|teamsize|p2|6
|gametype|singles
|gen|8
|tier|[Gen 8] OU
|rated|
|rule|Sleep Clause Mod: Limit one foe put to sleep
|rule|Species Clause: Limit one of each Pokémon
|rule|OHKO Clause: OHKO moves are banned
|rule|Evasion Moves Clause: Evasion moves are banned
|rule|Endless Battle Clause: Forcing endless battles is banned
|rule|HP Percentage Mod: HP is shown in percentages
|clearpoke
|poke|p1|Cramorant, M|
|poke|p1|Ferrothorn, F|
|poke|p1|Toxtricity, M|
|poke|p1|Corviknight, M|
|poke|p1|Pangoro, F|
|poke|p1|Seismitoad, F|
|poke|p2|Clefable, F|
|poke|p2|Dragapult, M|
|poke|p2|Dracozolt|
|poke|p2|Corviknight, F|
|poke|p2|Dugtrio, M|
|poke|p2|Dracovish|
|rule|Dynamax Clause: You cannot dynamax
|teampreview
|
|start
|switch|p1a: Corviknight|Corviknight, M|100/100
|switch|p2a: Dracovish|Dracovish, shiny|100/100
|turn|1
|
|switch|p2a: Corviknight|Corviknight, F|100/100
|-ability|p2a: Corviknight|Pressure
|switch|p1a: Seismitoad|Seismitoad, F|100/100
|
|upkeep
|turn|2
|
|move|p1a: Seismitoad|Scald|p2a: Corviknight
|-damage|p2a: Corviknight|82/100
|move|p2a: Corviknight|U-turn|p1a: Seismitoad
|-damage|p1a: Seismitoad|91/100
|
|switch|p2a: Dracozolt|Dracozolt, shiny|100/100|[from]move: U-turn
|
|-heal|p1a: Seismitoad|97/100|[from] item: Leftovers
|upkeep
|turn|3
|
|move|p2a: Dracozolt|Substitute|p2a: Dracozolt
|-start|p2a: Dracozolt|Substitute
|-damage|p2a: Dracozolt|76/100
|move|p1a: Seismitoad|Stealth Rock|p2a: Dracozolt
|-sidestart|p2: aaaaamn|move: Stealth Rock
|
|-heal|p2a: Dracozolt|82/100|[from] item: Leftovers
|-heal|p1a: Seismitoad|100/100|[from] item: Leftovers
|upkeep
|turn|4
|
|move|p2a: Dracozolt|Outrage|p1a: Seismitoad
|-crit|p1a: Seismitoad
|-damage|p1a: Seismitoad|15/100
|move|p1a: Seismitoad|Earth Power|p2a: Dracozolt
|-supereffective|p2a: Dracozolt
|-end|p2a: Dracozolt|Substitute
|
|-heal|p2a: Dracozolt|88/100|[from] item: Leftovers
|-heal|p1a: Seismitoad|22/100|[from] item: Leftovers
|upkeep
|turn|5
|
|switch|p1a: Ferrothorn|Ferrothorn, F|100/100
|move|p2a: Dracozolt|Outrage|p1a: Ferrothorn|[from]lockedmove
|-resisted|p1a: Ferrothorn
|-damage|p1a: Ferrothorn|74/100
|-damage|p2a: Dracozolt|76/100|[from] ability: Iron Barbs|[of] p1a: Ferrothorn
|-start|p2a: Dracozolt|confusion|[fatigue]
|
|-heal|p2a: Dracozolt|82/100|[from] item: Leftovers
|-heal|p1a: Ferrothorn|80/100|[from] item: Leftovers
|upkeep
|turn|6
|
|switch|p2a: Corviknight|Corviknight, F|82/100
|-damage|p2a: Corviknight|70/100|[from] Stealth Rock
|-ability|p2a: Corviknight|Pressure
|switch|p1a: Toxtricity|Toxtricity, M|100/100
|
|-heal|p2a: Corviknight|76/100|[from] item: Leftovers
|upkeep
|turn|7
|
|switch|p2a: Dugtrio|Dugtrio, M|100/100
|-damage|p2a: Dugtrio|94/100|[from] Stealth Rock
|move|p1a: Toxtricity|Boomburst|p2a: Dugtrio
|-damage|p2a: Dugtrio|0 fnt
|faint|p2a: Dugtrio
|
|upkeep
|
|switch|p2a: Dragapult|Dragapult, M|100/100
|-damage|p2a: Dragapult|88/100|[from] Stealth Rock
|turn|8
|
|switch|p1a: Corviknight|Corviknight, M|100/100
|move|p2a: Dragapult|Fire Blast|p1a: Corviknight
|-supereffective|p1a: Corviknight
|-damage|p1a: Corviknight|26/100
|
|-heal|p1a: Corviknight|32/100|[from] item: Leftovers
|upkeep
|turn|9
|
|switch|p2a: Dracozolt|Dracozolt, shiny|82/100
|-damage|p2a: Dracozolt|69/100|[from] Stealth Rock
|switch|p1a: Cramorant|Cramorant, M|100/100
|
|-heal|p2a: Dracozolt|76/100|[from] item: Leftovers
|upkeep
|turn|10
|
|switch|p1a: Toxtricity|Toxtricity, M|100/100
|move|p2a: Dracozolt|Substitute|p2a: Dracozolt
|-start|p2a: Dracozolt|Substitute
|-damage|p2a: Dracozolt|51/100
|
|-heal|p2a: Dracozolt|57/100|[from] item: Leftovers
|upkeep
|turn|11
|
|switch|p2a: Dragapult|Dragapult, M|88/100
|-damage|p2a: Dragapult|76/100|[from] Stealth Rock
|move|p1a: Toxtricity|Boomburst|p2a: Dragapult
|-immune|p2a: Dragapult
|
|upkeep
|turn|12
|
|switch|p1a: Cramorant|Cramorant, M|100/100
|move|p2a: Dragapult|U-turn|p1a: Cramorant
|-resisted|p1a: Cramorant
|-damage|p1a: Cramorant|85/100
|
|switch|p2a: Dracozolt|Dracozolt, shiny|57/100|[from]move: U-turn
|-damage|p2a: Dracozolt|44/100|[from] Stealth Rock
|
|-heal|p2a: Dracozolt|51/100|[from] item: Leftovers
|upkeep
|turn|13
|
|move|p1a: Cramorant|Surf|p2a: Dracozolt
|-resisted|p2a: Dracozolt
|-damage|p2a: Dracozolt|25/100
|-formechange|p1a: Cramorant|Cramorant-Gulping|
|move|p2a: Dracozolt|Bolt Beak|p1a: Cramorant|[miss]
|-miss|p2a: Dracozolt|p1a: Cramorant
|
|-heal|p2a: Dracozolt|32/100|[from] item: Leftovers
|upkeep
|turn|14
|
|move|p1a: Cramorant|Air Slash|p2a: Dracozolt|[miss]
|-miss|p1a: Cramorant|p2a: Dracozolt
|move|p2a: Dracozolt|Substitute|p2a: Dracozolt
|-start|p2a: Dracozolt|Substitute
|-damage|p2a: Dracozolt|7/100
|
|-heal|p2a: Dracozolt|13/100|[from] item: Leftovers
|upkeep
|turn|15
|
|move|p1a: Cramorant|Endure|p1a: Cramorant
|-singleturn|p1a: Cramorant|move: Endure
|move|p2a: Dracozolt|Outrage|p1a: Cramorant
|-formechange|p1a: Cramorant|Cramorant|
|-damage|p2a: Dracozolt|0 fnt|[from] ability: Gulp Missile|[of] p1a: Cramorant
|-activate|p1a: Cramorant|move: Endure
|-damage|p1a: Cramorant|1/100
|faint|p2a: Dracozolt
|
|upkeep
|
|switch|p2a: Corviknight|Corviknight, F|76/100
|-damage|p2a: Corviknight|63/100|[from] Stealth Rock
|-ability|p2a: Corviknight|Pressure
|turn|16
|
|move|p1a: Cramorant|Surf|p2a: Corviknight
|-damage|p2a: Corviknight|33/100
|-formechange|p1a: Cramorant|Cramorant-Gorging|
|move|p2a: Corviknight|Roost|p2a: Corviknight
|-heal|p2a: Corviknight|83/100
|-singleturn|p2a: Corviknight|move: Roost
|
|-heal|p2a: Corviknight|89/100|[from] item: Leftovers
|upkeep
|turn|17
|
|move|p1a: Cramorant|Endure|p1a: Cramorant
|-singleturn|p1a: Cramorant|move: Endure
|move|p2a: Corviknight|U-turn|p1a: Cramorant
|-resisted|p1a: Cramorant
|-formechange|p1a: Cramorant|Cramorant|
|-damage|p2a: Corviknight|64/100|[from] ability: Gulp Missile|[of] p1a: Cramorant
|-status|p2a: Corviknight|par
|-activate|p1a: Cramorant|move: Endure
|-damage|p1a: Cramorant|1/100
|
|switch|p2a: Dragapult|Dragapult, M|76/100|[from]move: U-turn
|-damage|p2a: Dragapult|64/100|[from] Stealth Rock
|
|upkeep
|turn|18
|
|switch|p1a: Pangoro|Pangoro, F|100/100
|move|p2a: Dragapult|U-turn|p1a: Pangoro
|-damage|p1a: Pangoro|79/100
|
|switch|p2a: Clefable|Clefable, F|100/100|[from]move: U-turn
|
|upkeep
|turn|19
|
|move|p1a: Pangoro|Gunk Shot|p2a: Clefable
|-supereffective|p2a: Clefable
|-damage|p2a: Clefable|12/100
|move|p2a: Clefable|Moonblast|p1a: Pangoro
|-supereffective|p1a: Pangoro
|-damage|p1a: Pangoro|0 fnt
|faint|p1a: Pangoro
|
|upkeep
|
|switch|p1a: Cramorant|Cramorant, M|1/100
|turn|20
|
|move|p1a: Cramorant|Surf|p2a: Clefable
|-damage|p2a: Clefable|0 fnt
|-formechange|p1a: Cramorant|Cramorant-Gorging|
|faint|p2a: Clefable
|
|upkeep
|
|switch|p2a: Corviknight|Corviknight, F|64/100 par
|-damage|p2a: Corviknight|51/100 par|[from] Stealth Rock
|-ability|p2a: Corviknight|Pressure
|turn|21
|
|move|p1a: Cramorant|Surf|p2a: Corviknight
|-damage|p2a: Corviknight|21/100 par
|move|p2a: Corviknight|Roost|p2a: Corviknight
|-heal|p2a: Corviknight|71/100 par
|-singleturn|p2a: Corviknight|move: Roost
|
|-heal|p2a: Corviknight|77/100 par|[from] item: Leftovers
|upkeep
|turn|22
|
|move|p1a: Cramorant|Surf|p2a: Corviknight
|-damage|p2a: Corviknight|49/100 par
|move|p2a: Corviknight|U-turn|p1a: Cramorant
|-resisted|p1a: Cramorant
|-formechange|p1a: Cramorant|Cramorant|
|-damage|p2a: Corviknight|24/100 par|[from] ability: Gulp Missile|[of] p1a: Cramorant
|-damage|p1a: Cramorant|0 fnt
|faint|p1a: Cramorant
|
|switch|p2a: Dragapult|Dragapult, M|64/100|[from]move: U-turn
|-damage|p2a: Dragapult|51/100|[from] Stealth Rock
|
|upkeep
|
|switch|p1a: Toxtricity|Toxtricity, M|100/100
|turn|23
|
|switch|p1a: Ferrothorn|Ferrothorn, F|80/100
|move|p2a: Dragapult|Draco Meteor|p1a: Ferrothorn
|-resisted|p1a: Ferrothorn
|-damage|p1a: Ferrothorn|46/100
|-unboost|p2a: Dragapult|spa|2
|
|-heal|p1a: Ferrothorn|52/100|[from] item: Leftovers
|upkeep
|turn|24
|
|switch|p2a: Corviknight|Corviknight, F|24/100 par
|-damage|p2a: Corviknight|11/100 par|[from] Stealth Rock
|-ability|p2a: Corviknight|Pressure
|move|p1a: Ferrothorn|Knock Off|p2a: Corviknight
|-crit|p2a: Corviknight
|-damage|p2a: Corviknight|0 fnt
|-enditem|p2a: Corviknight|Leftovers|[from] move: Knock Off|[of] p1a: Ferrothorn
|faint|p2a: Corviknight
|
|-heal|p1a: Ferrothorn|59/100|[from] item: Leftovers
|upkeep
|
|switch|p2a: Dragapult|Dragapult, M|51/100
|-damage|p2a: Dragapult|39/100|[from] Stealth Rock
|turn|25
|
|switch|p1a: Corviknight|Corviknight, M|32/100
|move|p2a: Dragapult|Fire Blast|p1a: Corviknight
|-supereffective|p1a: Corviknight
|-damage|p1a: Corviknight|0 fnt
|faint|p1a: Corviknight
|
|upkeep
|
|switch|p1a: Toxtricity|Toxtricity, M|100/100
|turn|26
|
|move|p2a: Dragapult|Fire Blast|p1a: Toxtricity
|-damage|p1a: Toxtricity|32/100
|move|p1a: Toxtricity|Overdrive|p2a: Dragapult
|-resisted|p2a: Dragapult
|-damage|p2a: Dragapult|0 fnt
|faint|p2a: Dragapult
|
|upkeep
|
|switch|p2a: Dracovish|Dracovish, shiny|100/100
|-damage|p2a: Dracovish|88/100|[from] Stealth Rock
|turn|27
|
|move|p2a: Dracovish|Psychic Fangs|p1a: Toxtricity
|-supereffective|p1a: Toxtricity
|-damage|p1a: Toxtricity|0 fnt
|faint|p1a: Toxtricity
|
|upkeep
|
|switch|p1a: Ferrothorn|Ferrothorn, F|59/100
|turn|28
|
|move|p2a: Dracovish|Psychic Fangs|p1a: Ferrothorn
|-resisted|p1a: Ferrothorn
|-damage|p1a: Ferrothorn|49/100
|-damage|p2a: Dracovish|76/100|[from] ability: Iron Barbs|[of] p1a: Ferrothorn
|move|p1a: Ferrothorn|Thunder Wave|p2a: Dracovish
|-status|p2a: Dracovish|par
|
|-heal|p1a: Ferrothorn|56/100|[from] item: Leftovers
|upkeep
|turn|29
|-message|aaaaamn forfeited.
|
|win|Separation
|raw|Separation's rating: 1427 → 1442(+15 for winning)
|raw|aaaaamn's rating: 1333 → 1318(-15 for losing)
|l|☆aaaaamn
