|ScrapeTime|2020-01-02-08:15:49
|j|☆malk gen 8
|j|☆IthinkI'm
|player|p1|malk gen 8|265|1803
|player|p2|IthinkI'm|pokemonbreeder|1850
|teamsize|p1|6
|teamsize|p2|6
|gametype|singles
|gen|8
|tier|[Gen 8] OU
|rated|
|rule|Sleep Clause Mod: Limit one foe put to sleep
|rule|Species Clause: Limit one of each Pokémon
|rule|OHKO Clause: OHKO moves are banned
|rule|Evasion Moves Clause: Evasion moves are banned
|rule|Endless Battle Clause: Forcing endless battles is banned
|rule|HP Percentage Mod: HP is shown in percentages
|clearpoke
|poke|p1|Corviknight, F|
|poke|p1|Grimmsnarl, M|
|poke|p1|Cloyster, F|
|poke|p1|Gengar, F|
|poke|p1|Gyarados, M|
|poke|p1|Cinderace, F|
|poke|p2|Cloyster, F|
|poke|p2|Mimikyu, M|
|poke|p2|Bisharp, F|
|poke|p2|Rhyperior, M|
|poke|p2|Conkeldurr, M|
|poke|p2|Excadrill, F|
|rule|Dynamax Clause: You cannot dynamax
|teampreview
|j| Narmanitan
|j| LeAustin
|
|start
|switch|p1a: Cloyster|Cloyster, F|100/100
|switch|p2a: Rhyperior|Rhyperior, M|100/100
|turn|1
|
|move|p1a: Cloyster|Shell Smash|p1a: Cloyster
|-unboost|p1a: Cloyster|def|1
|-unboost|p1a: Cloyster|spd|1
|-boost|p1a: Cloyster|atk|2
|-boost|p1a: Cloyster|spa|2
|-boost|p1a: Cloyster|spe|2
|-enditem|p1a: Cloyster|White Herb
|-clearnegativeboost|p1a: Cloyster|[silent]
|move|p2a: Rhyperior|Body Press|p1a: Cloyster
|-supereffective|p1a: Cloyster
|-damage|p1a: Cloyster|44/100
|
|upkeep
|turn|2
|
|move|p1a: Cloyster|Icicle Spear|p2a: Rhyperior
|-supereffective|p2a: Rhyperior
|-damage|p2a: Rhyperior|85/100
|-supereffective|p2a: Rhyperior
|-damage|p2a: Rhyperior|70/100
|-supereffective|p2a: Rhyperior
|-damage|p2a: Rhyperior|53/100
|-supereffective|p2a: Rhyperior
|-damage|p2a: Rhyperior|37/100
|-supereffective|p2a: Rhyperior
|-damage|p2a: Rhyperior|20/100
|-hitcount|p2a: Rhyperior|5
|move|p2a: Rhyperior|Body Press|p1a: Cloyster
|-supereffective|p1a: Cloyster
|-damage|p1a: Cloyster|0 fnt
|faint|p1a: Cloyster
|
|-heal|p2a: Rhyperior|27/100|[from] item: Leftovers
|upkeep
|j| Master Origami
|
|switch|p1a: Corviknight|Corviknight, F|100/100
|-ability|p1a: Corviknight|Pressure
|turn|3
|j| DOM3NICO3
|j| Mudkipfromthefutur
|
|move|p1a: Corviknight|Bulk Up|p1a: Corviknight
|-boost|p1a: Corviknight|atk|1
|-boost|p1a: Corviknight|def|1
|move|p2a: Rhyperior|Iron Defense|p2a: Rhyperior
|-boost|p2a: Rhyperior|def|2
|
|-heal|p2a: Rhyperior|33/100|[from] item: Leftovers
|upkeep
|turn|4
|
|move|p1a: Corviknight|Bulk Up|p1a: Corviknight
|-boost|p1a: Corviknight|atk|1
|-boost|p1a: Corviknight|def|1
|move|p2a: Rhyperior|Iron Defense|p2a: Rhyperior
|-boost|p2a: Rhyperior|def|2
|
|-heal|p2a: Rhyperior|39/100|[from] item: Leftovers
|upkeep
|turn|5
|
|move|p1a: Corviknight|Bulk Up|p1a: Corviknight
|-boost|p1a: Corviknight|atk|1
|-boost|p1a: Corviknight|def|1
|move|p2a: Rhyperior|Iron Defense|p2a: Rhyperior
|-boost|p2a: Rhyperior|def|2
|
|-heal|p2a: Rhyperior|45/100|[from] item: Leftovers
|upkeep
|turn|6
|
|move|p1a: Corviknight|Bulk Up|p1a: Corviknight
|-boost|p1a: Corviknight|atk|1
|-boost|p1a: Corviknight|def|1
|move|p2a: Rhyperior|Body Press|p1a: Corviknight
|-damage|p1a: Corviknight|69/100
|
|-heal|p1a: Corviknight|75/100|[from] item: Leftovers
|-heal|p2a: Rhyperior|52/100|[from] item: Leftovers
|upkeep
|turn|7
|
|move|p1a: Corviknight|Bulk Up|p1a: Corviknight
|-boost|p1a: Corviknight|atk|1
|-boost|p1a: Corviknight|def|1
|move|p2a: Rhyperior|Body Press|p1a: Corviknight
|-damage|p1a: Corviknight|45/100
|
|-heal|p1a: Corviknight|51/100|[from] item: Leftovers
|-heal|p2a: Rhyperior|58/100|[from] item: Leftovers
|upkeep
|turn|8
|j| mouse de frank
|
|move|p1a: Corviknight|Agility|p1a: Corviknight
|-boost|p1a: Corviknight|spe|2
|move|p2a: Rhyperior|Body Press|p1a: Corviknight
|-damage|p1a: Corviknight|22/100
|
|-heal|p1a: Corviknight|28/100|[from] item: Leftovers
|-heal|p2a: Rhyperior|64/100|[from] item: Leftovers
|upkeep
|turn|9
|
|move|p1a: Corviknight|Power Trip|p2a: Rhyperior
|-damage|p2a: Rhyperior|42/100
|move|p2a: Rhyperior|Body Press|p1a: Corviknight
|-damage|p1a: Corviknight|2/100
|
|-heal|p1a: Corviknight|8/100|[from] item: Leftovers
|-heal|p2a: Rhyperior|48/100|[from] item: Leftovers
|upkeep
|turn|10
|c| Narmanitan|??????????????????????????????
|
|move|p1a: Corviknight|Roost|p1a: Corviknight
|-heal|p1a: Corviknight|58/100
|-singleturn|p1a: Corviknight|move: Roost
|move|p2a: Rhyperior|Body Press|p1a: Corviknight
|-supereffective|p1a: Corviknight
|-damage|p1a: Corviknight|0 fnt
|faint|p1a: Corviknight
|
|-heal|p2a: Rhyperior|54/100|[from] item: Leftovers
|upkeep
|-message|malk gen 8 forfeited.
|
|win|IthinkI'm
|l|☆malk gen 8
|raw|malk gen 8's rating: 1803 → 1786(-17 for losing)
|raw|IthinkI'm's rating: 1850 → 1868(+18 for winning)
|c| Narmanitan|you gave it your all
