|ScrapeTime|2020-01-01-21:18:57
|j|☆Harzen
|j|☆Un Joueur Lambda
|player|p1|Harzen|hiker-gen4|1330
|player|p2|Un Joueur Lambda|293|1349
|teamsize|p1|6
|teamsize|p2|6
|gametype|singles
|gen|8
|tier|[Gen 8] OU
|rated|
|rule|Sleep Clause Mod: Limit one foe put to sleep
|rule|Species Clause: Limit one of each Pokémon
|rule|OHKO Clause: OHKO moves are banned
|rule|Evasion Moves Clause: Evasion moves are banned
|rule|Endless Battle Clause: Forcing endless battles is banned
|rule|HP Percentage Mod: HP is shown in percentages
|clearpoke
|poke|p1|Aegislash, M|
|poke|p1|Corsola-Galar, F|
|poke|p1|Ditto|
|poke|p1|Grimmsnarl, M|
|poke|p1|Cinderace, M|
|poke|p1|Corviknight, M|
|poke|p2|Hippowdon, F|
|poke|p2|Salazzle, F|
|poke|p2|Milotic, M|
|poke|p2|Dragapult, F|
|poke|p2|Dracovish|
|poke|p2|Heliolisk, M|
|rule|Dynamax Clause: You cannot dynamax
|teampreview
|inactive|Battle timer is ON: inactive players will automatically lose when time's up. (requested by Un Joueur Lambda)
|
|start
|switch|p1a: Corviknight|Corviknight, M|100/100
|switch|p2a: Heliolisk|Heliolisk, M|100/100
|turn|1
|
|switch|p1a: Corsola|Corsola-Galar, F|100/100
|move|p2a: Heliolisk|Thunderbolt|p1a: Corsola
|-damage|p1a: Corsola|73/100
|-start|p2a: Heliolisk|Disable|Thunderbolt|[from] ability: Cursed Body|[of] p1a: Corsola
|
|upkeep
|turn|2
|
|move|p2a: Heliolisk|Volt Switch|p1a: Corsola
|-damage|p1a: Corsola|50/100
|
|switch|p2a: Milotic|Milotic, M|100/100|[from]move: Volt Switch
|move|p1a: Corsola|Stealth Rock|p2a: Milotic
|-sidestart|p2: Un Joueur Lambda|move: Stealth Rock
|
|upkeep
|turn|3
|
|move|p2a: Milotic|Scald|p1a: Corsola
|-damage|p1a: Corsola|33/100
|-status|p1a: Corsola|brn
|move|p1a: Corsola|Strength Sap|p2a: Milotic
|-unboost|p2a: Milotic|atk|1
|-heal|p1a: Corsola|67/100 brn
|
|-damage|p1a: Corsola|61/100 brn|[from] brn
|upkeep
|turn|4
|
|move|p2a: Milotic|Scald|p1a: Corsola
|-damage|p1a: Corsola|42/100 brn
|-start|p2a: Milotic|Disable|Scald|[from] ability: Cursed Body|[of] p1a: Corsola
|move|p1a: Corsola|Night Shade|p2a: Milotic
|-damage|p2a: Milotic|75/100
|
|-heal|p2a: Milotic|81/100|[from] item: Leftovers
|-damage|p1a: Corsola|36/100 brn|[from] brn
|upkeep
|turn|5
|
|move|p1a: Corsola|Strength Sap|p2a: Milotic
|-unboost|p2a: Milotic|atk|1
|-heal|p1a: Corsola|59/100 brn
|move|p2a: Milotic|Mirror Coat||[still]
|-fail|p2a: Milotic
|
|-heal|p2a: Milotic|87/100|[from] item: Leftovers
|-damage|p1a: Corsola|53/100 brn|[from] brn
|upkeep
|turn|6
|
|move|p1a: Corsola|Strength Sap|p2a: Milotic
|-unboost|p2a: Milotic|atk|1
|-heal|p1a: Corsola|70/100 brn
|move|p2a: Milotic|Mirror Coat||[still]
|-fail|p2a: Milotic
|
|-heal|p2a: Milotic|93/100|[from] item: Leftovers
|-damage|p1a: Corsola|64/100 brn|[from] brn
|upkeep
|turn|7
|
|switch|p1a: Grimmsnarl|Grimmsnarl, M|100/100
|move|p2a: Milotic|Mirror Coat|p1a: Grimmsnarl
|-immune|p1a: Grimmsnarl
|
|-heal|p2a: Milotic|99/100|[from] item: Leftovers
|-end|p2a: Milotic|Disable
|upkeep
|turn|8
|
|switch|p2a: Hippowdon|Hippowdon, F|100/100
|-damage|p2a: Hippowdon|94/100|[from] Stealth Rock
|-weather|Sandstorm|[from] ability: Sand Stream|[of] p2a: Hippowdon
|move|p1a: Grimmsnarl|Substitute|p1a: Grimmsnarl
|-start|p1a: Grimmsnarl|Substitute
|-damage|p1a: Grimmsnarl|76/100
|
|-weather|Sandstorm|[upkeep]
|-damage|p1a: Grimmsnarl|70/100|[from] Sandstorm
|-heal|p1a: Grimmsnarl|76/100|[from] item: Leftovers
|upkeep
|turn|9
|
|move|p1a: Grimmsnarl|Spirit Break|p2a: Hippowdon
|-damage|p2a: Hippowdon|76/100
|-unboost|p2a: Hippowdon|spa|1
|move|p2a: Hippowdon|Stealth Rock|p1a: Grimmsnarl
|-sidestart|p1: Harzen|move: Stealth Rock
|
|-weather|Sandstorm|[upkeep]
|-damage|p1a: Grimmsnarl|70/100|[from] Sandstorm
|-heal|p1a: Grimmsnarl|76/100|[from] item: Leftovers
|upkeep
|turn|10
|
|move|p1a: Grimmsnarl|Spirit Break|p2a: Hippowdon
|-damage|p2a: Hippowdon|57/100
|-unboost|p2a: Hippowdon|spa|1
|move|p2a: Hippowdon|Earthquake|p1a: Grimmsnarl
|-end|p1a: Grimmsnarl|Substitute
|
|-weather|Sandstorm|[upkeep]
|-damage|p1a: Grimmsnarl|70/100|[from] Sandstorm
|-heal|p1a: Grimmsnarl|76/100|[from] item: Leftovers
|upkeep
|turn|11
|
|move|p1a: Grimmsnarl|Bulk Up|p1a: Grimmsnarl
|-boost|p1a: Grimmsnarl|atk|1
|-boost|p1a: Grimmsnarl|def|1
|move|p2a: Hippowdon|Slack Off|p2a: Hippowdon
|-heal|p2a: Hippowdon|100/100
|
|-weather|Sandstorm|[upkeep]
|-damage|p1a: Grimmsnarl|70/100|[from] Sandstorm
|-heal|p1a: Grimmsnarl|76/100|[from] item: Leftovers
|upkeep
|turn|12
|
|move|p1a: Grimmsnarl|Bulk Up|p1a: Grimmsnarl
|-boost|p1a: Grimmsnarl|atk|1
|-boost|p1a: Grimmsnarl|def|1
|move|p2a: Hippowdon|Whirlwind|p1a: Grimmsnarl
|drag|p1a: Ditto|Ditto|100/100
|-damage|p1a: Ditto|88/100|[from] Stealth Rock
|-transform|p1a: Ditto|p2a: Hippowdon|[from] ability: Imposter
|
|-weather|none
|upkeep
|turn|13
|
|move|p2a: Hippowdon|Earthquake|p1a: Ditto
|-damage|p1a: Ditto|61/100
|move|p1a: Ditto|Whirlwind|p2a: Hippowdon
|drag|p2a: Dracovish|Dracovish|100/100
|-damage|p2a: Dracovish|88/100|[from] Stealth Rock
|
|upkeep
|turn|14
|c|☆Un Joueur Lambda|thx
|c|☆Harzen|lol
|
|switch|p1a: Corviknight|Corviknight, M|100/100
|-damage|p1a: Corviknight|88/100|[from] Stealth Rock
|move|p2a: Dracovish|Fishious Rend|p1a: Corviknight
|-damage|p1a: Corviknight|0 fnt
|-damage|p2a: Dracovish|72/100|[from] item: Rocky Helmet|[of] p1a: Corviknight
|faint|p1a: Corviknight
|
|upkeep
|
|switch|p1a: Ditto|Ditto|61/100
|-damage|p1a: Ditto|48/100|[from] Stealth Rock
|-transform|p1a: Ditto|p2a: Dracovish|[from] ability: Imposter
|turn|15
|
|switch|p2a: Heliolisk|Heliolisk, M|100/100
|-damage|p2a: Heliolisk|88/100|[from] Stealth Rock
|move|p1a: Ditto|Crunch|p2a: Heliolisk
|-damage|p2a: Heliolisk|14/100
|
|upkeep
|turn|16
|
|move|p1a: Ditto|Crunch|p2a: Heliolisk
|-damage|p2a: Heliolisk|0 fnt
|faint|p2a: Heliolisk
|
|upkeep
|
|switch|p2a: Hippowdon|Hippowdon, F|100/100
|-damage|p2a: Hippowdon|94/100|[from] Stealth Rock
|-weather|Sandstorm|[from] ability: Sand Stream|[of] p2a: Hippowdon
|turn|17
|
|switch|p1a: Corsola|Corsola-Galar, F|64/100 brn
|-damage|p1a: Corsola|52/100 brn|[from] Stealth Rock
|move|p2a: Hippowdon|Earthquake|p1a: Corsola
|-damage|p1a: Corsola|30/100 brn
|
|-weather|Sandstorm|[upkeep]
|-damage|p1a: Corsola|23/100 brn|[from] Sandstorm
|-damage|p1a: Corsola|17/100 brn|[from] brn
|upkeep
|turn|18
|
|switch|p2a: Salazzle|Salazzle, F|100/100
|-damage|p2a: Salazzle|76/100|[from] Stealth Rock
|move|p1a: Corsola|Strength Sap|p2a: Salazzle
|-unboost|p2a: Salazzle|atk|1
|-heal|p1a: Corsola|54/100 brn
|
|-weather|Sandstorm|[upkeep]
|-damage|p2a: Salazzle|69/100|[from] Sandstorm
|-damage|p1a: Corsola|48/100 brn|[from] Sandstorm
|-heal|p2a: Salazzle|76/100|[from] item: Black Sludge
|-damage|p1a: Corsola|42/100 brn|[from] brn
|upkeep
|turn|19
|
|move|p2a: Salazzle|Substitute|p2a: Salazzle
|-start|p2a: Salazzle|Substitute
|-damage|p2a: Salazzle|51/100
|move|p1a: Corsola|Strength Sap||[still]
|-fail|p1a: Corsola
|
|-weather|Sandstorm|[upkeep]
|-damage|p2a: Salazzle|45/100|[from] Sandstorm
|-damage|p1a: Corsola|35/100 brn|[from] Sandstorm
|-heal|p2a: Salazzle|51/100|[from] item: Black Sludge
|-damage|p1a: Corsola|29/100 brn|[from] brn
|upkeep
|turn|20
|
|move|p2a: Salazzle|Sludge Bomb|p1a: Corsola
|-resisted|p1a: Corsola
|-damage|p1a: Corsola|15/100 brn
|-start|p2a: Salazzle|Disable|Sludge Bomb|[from] ability: Cursed Body|[of] p1a: Corsola
|move|p1a: Corsola|Night Shade|p2a: Salazzle
|-end|p2a: Salazzle|Substitute
|
|-weather|Sandstorm|[upkeep]
|-damage|p2a: Salazzle|45/100|[from] Sandstorm
|-damage|p1a: Corsola|9/100 brn|[from] Sandstorm
|-heal|p2a: Salazzle|51/100|[from] item: Black Sludge
|-damage|p1a: Corsola|2/100 brn|[from] brn
|upkeep
|turn|21
|
|move|p2a: Salazzle|Flamethrower|p1a: Corsola
|-damage|p1a: Corsola|0 fnt
|faint|p1a: Corsola
|
|-weather|none
|-heal|p2a: Salazzle|57/100|[from] item: Black Sludge
|upkeep
|
|switch|p1a: Cinderace|Cinderace, M|100/100
|-damage|p1a: Cinderace|76/100|[from] Stealth Rock
|turn|22
|
|switch|p2a: Hippowdon|Hippowdon, F|94/100
|-damage|p2a: Hippowdon|88/100|[from] Stealth Rock
|-weather|Sandstorm|[from] ability: Sand Stream|[of] p2a: Hippowdon
|move|p1a: Cinderace|Pyro Ball|p2a: Hippowdon
|-damage|p2a: Hippowdon|51/100
|-damage|p1a: Cinderace|66/100|[from] item: Life Orb
|
|-weather|Sandstorm|[upkeep]
|-damage|p1a: Cinderace|60/100|[from] Sandstorm
|upkeep
|turn|23
|inactive|Un Joueur Lambda has 120 seconds left.
|
|move|p1a: Cinderace|U-turn|p2a: Hippowdon
|-damage|p2a: Hippowdon|35/100
|-damage|p1a: Cinderace|43/100|[from] item: Rocky Helmet|[of] p2a: Hippowdon
|-damage|p1a: Cinderace|33/100|[from] item: Life Orb
|
|switch|p1a: Ditto|Ditto|48/100|[from]move: U-turn
|-damage|p1a: Ditto|36/100|[from] Stealth Rock
|-transform|p1a: Ditto|p2a: Hippowdon|[from] ability: Imposter
|move|p2a: Hippowdon|Slack Off|p2a: Hippowdon
|-heal|p2a: Hippowdon|85/100
|
|-weather|Sandstorm|[upkeep]
|upkeep
|turn|24
|inactive|Un Joueur Lambda has 90 seconds left.
|
|move|p1a: Ditto|Slack Off|p1a: Ditto
|-heal|p1a: Ditto|86/100
|move|p2a: Hippowdon|Earthquake|p1a: Ditto
|-damage|p1a: Ditto|58/100
|
|-weather|Sandstorm|[upkeep]
|upkeep
|turn|25
|
|switch|p2a: Dracovish|Dracovish|72/100
|-damage|p2a: Dracovish|59/100|[from] Stealth Rock
|move|p1a: Ditto|Slack Off|p1a: Ditto
|-heal|p1a: Ditto|100/100
|
|-weather|Sandstorm|[upkeep]
|-damage|p2a: Dracovish|53/100|[from] Sandstorm
|upkeep
|turn|26
|
|switch|p1a: Grimmsnarl|Grimmsnarl, M|76/100
|-damage|p1a: Grimmsnarl|63/100|[from] Stealth Rock
|move|p2a: Dracovish|Fishious Rend|p1a: Grimmsnarl
|-damage|p1a: Grimmsnarl|0 fnt
|faint|p1a: Grimmsnarl
|
|-weather|none
|upkeep
|
|switch|p1a: Ditto|Ditto|100/100
|-damage|p1a: Ditto|88/100|[from] Stealth Rock
|-transform|p1a: Ditto|p2a: Dracovish|[from] ability: Imposter
|turn|27
|
|move|p1a: Ditto|Fishious Rend|p2a: Dracovish
|-resisted|p2a: Dracovish
|-damage|p2a: Dracovish|27/100
|move|p2a: Dracovish|Fishious Rend|p1a: Ditto
|-resisted|p1a: Ditto
|-damage|p1a: Ditto|73/100
|
|upkeep
|turn|28
|inactive|Un Joueur Lambda has 120 seconds left.
|
|switch|p2a: Milotic|Milotic, M|99/100
|-damage|p2a: Milotic|87/100|[from] Stealth Rock
|move|p1a: Ditto|Fishious Rend|p2a: Milotic
|-resisted|p2a: Milotic
|-damage|p2a: Milotic|32/100
|
|-heal|p2a: Milotic|38/100|[from] item: Leftovers
|upkeep
|turn|29
|inactive|Un Joueur Lambda has 120 seconds left.
|
|move|p1a: Ditto|Fishious Rend|p2a: Milotic
|-resisted|p2a: Milotic
|-damage|p2a: Milotic|0 fnt
|faint|p2a: Milotic
|
|upkeep
|inactive|Un Joueur Lambda has 120 seconds left.
|
|switch|p2a: Hippowdon|Hippowdon, F|85/100
|-damage|p2a: Hippowdon|79/100|[from] Stealth Rock
|-weather|Sandstorm|[from] ability: Sand Stream|[of] p2a: Hippowdon
|turn|30
|
|move|p1a: Ditto|Fishious Rend|p2a: Hippowdon
|-supereffective|p2a: Hippowdon
|-damage|p2a: Hippowdon|0 fnt
|-damage|p1a: Ditto|57/100|[from] item: Rocky Helmet|[of] p2a: Hippowdon
|faint|p2a: Hippowdon
|
|-weather|Sandstorm|[upkeep]
|-damage|p1a: Ditto|51/100|[from] Sandstorm
|upkeep
|
|switch|p2a: Dracovish|Dracovish|27/100
|-damage|p2a: Dracovish|15/100|[from] Stealth Rock
|turn|31
|
|move|p1a: Ditto|Fishious Rend|p2a: Dracovish
|-resisted|p2a: Dracovish
|-damage|p2a: Dracovish|0 fnt
|faint|p2a: Dracovish
|
|-weather|Sandstorm|[upkeep]
|-damage|p1a: Ditto|45/100|[from] Sandstorm
|upkeep
|inactive|Un Joueur Lambda has 120 seconds left.
|
|switch|p2a: Salazzle|Salazzle, F|57/100
|-damage|p2a: Salazzle|32/100|[from] Stealth Rock
|turn|32
|inactive|Un Joueur Lambda has 120 seconds left.
|
|-activate|p1a: Ditto|move: Struggle
|move|p1a: Ditto|Struggle|p2a: Salazzle
|-damage|p2a: Salazzle|5/100
|-damage|p1a: Ditto|20/100|[from] recoil
|move|p2a: Salazzle|Flamethrower|p1a: Ditto
|-resisted|p1a: Ditto
|-damage|p1a: Ditto|6/100
|
|-weather|Sandstorm|[upkeep]
|-damage|p1a: Ditto|0 fnt|[from] Sandstorm
|-damage|p2a: Salazzle|0 fnt|[from] Sandstorm
|faint|p1a: Ditto
|faint|p2a: Salazzle
|upkeep
|
|switch|p2a: Dragapult|Dragapult, F|100/100
|switch|p1a: Aegislash|Aegislash, M|100/100
|-damage|p2a: Dragapult|88/100|[from] Stealth Rock
|-damage|p1a: Aegislash|94/100|[from] Stealth Rock
|turn|33
|inactive|Un Joueur Lambda has 120 seconds left.
|
|-formechange|p1a: Aegislash|Aegislash-Blade||[from] ability: Stance Change
|move|p1a: Aegislash|Shadow Sneak|p2a: Dragapult
|-supereffective|p2a: Dragapult
|-damage|p2a: Dragapult|6/100
|-damage|p1a: Aegislash|84/100|[from] item: Life Orb
|move|p2a: Dragapult|Phantom Force||[still]
|-prepare|p2a: Dragapult|Phantom Force|p1a: Aegislash
|
|-weather|Sandstorm|[upkeep]
|-damage|p2a: Dragapult|0 fnt|[from] Sandstorm
|faint|p2a: Dragapult
|
|win|Harzen
|upkeep
|l|☆Un Joueur Lambda
|raw|Harzen's rating: 1312 → 1334(+22 for winning)
|raw|Un Joueur Lambda's rating: 1349 → 1327(-22 for losing)
