|ScrapeTime|2020-01-02-01:04:38
|j|☆Mithrellan
|j|☆Draco76
|player|p1|Mithrellan|waiter-gen4dp|1236
|player|p2|Draco76|153|1238
|teamsize|p1|6
|teamsize|p2|6
|gametype|singles
|gen|8
|tier|[Gen 8] OU
|rated|
|rule|Sleep Clause Mod: Limit one foe put to sleep
|rule|Species Clause: Limit one of each Pokémon
|rule|OHKO Clause: OHKO moves are banned
|rule|Evasion Moves Clause: Evasion moves are banned
|rule|Endless Battle Clause: Forcing endless battles is banned
|rule|HP Percentage Mod: HP is shown in percentages
|clearpoke
|poke|p1|Charizard, F|
|poke|p1|Torkoal, M|
|poke|p1|Seismitoad, F|
|poke|p1|Dugtrio, F|
|poke|p1|Shiftry, F|
|poke|p1|Cinderace, M|
|poke|p2|Cinderace, M|
|poke|p2|Corviknight, F|
|poke|p2|Grimmsnarl, M|
|poke|p2|Toxapex, M|
|poke|p2|Ferrothorn, M|
|poke|p2|Dragapult, F|
|rule|Dynamax Clause: You cannot dynamax
|teampreview
|inactive|Battle timer is ON: inactive players will automatically lose when time's up. (requested by Draco76)
|
|start
|switch|p1a: Seismitoad|Seismitoad, F|100/100
|switch|p2a: Dragapult|Dragapult, F|100/100
|turn|1
|
|move|p2a: Dragapult|Draco Meteor|p1a: Seismitoad
|-damage|p1a: Seismitoad|43/100
|-unboost|p2a: Dragapult|spa|2
|move|p1a: Seismitoad|Scald|p2a: Dragapult
|-resisted|p2a: Dragapult
|-damage|p2a: Dragapult|85/100
|
|-heal|p1a: Seismitoad|49/100|[from] item: Leftovers
|upkeep
|turn|2
|
|switch|p1a: Torkoal|Torkoal, M|100/100
|-weather|SunnyDay|[from] ability: Drought|[of] p1a: Torkoal
|move|p2a: Dragapult|Draco Meteor|p1a: Torkoal
|-damage|p1a: Torkoal|48/100
|-unboost|p2a: Dragapult|spa|2
|
|-weather|SunnyDay|[upkeep]
|upkeep
|turn|3
|
|switch|p2a: Toxapex|Toxapex, M|100/100
|switch|p1a: Charizard|Charizard, F|100/100
|
|-weather|SunnyDay|[upkeep]
|-damage|p1a: Charizard|88/100|[from] ability: Solar Power|[of] p1a: Charizard
|upkeep
|turn|4
|
|move|p1a: Charizard|Air Slash|p2a: Toxapex
|-damage|p2a: Toxapex|36/100
|move|p2a: Toxapex|Toxic|p1a: Charizard
|-status|p1a: Charizard|tox
|
|-weather|SunnyDay|[upkeep]
|-damage|p1a: Charizard|76/100 tox|[from] ability: Solar Power|[of] p1a: Charizard
|-heal|p2a: Toxapex|42/100|[from] item: Black Sludge
|-damage|p1a: Charizard|70/100 tox|[from] psn
|upkeep
|turn|5
|
|switch|p1a: Dugtrio|Dugtrio, F|100/100
|switch|p2a: Corviknight|Corviknight, F|100/100
|-ability|p2a: Corviknight|Pressure
|
|-weather|SunnyDay|[upkeep]
|upkeep
|turn|6
|
|switch|p1a: Cinderace|Cinderace, M|100/100
|move|p2a: Corviknight|Brave Bird|p1a: Cinderace
|-damage|p1a: Cinderace|46/100
|-damage|p2a: Corviknight|87/100|[from] Recoil
|
|-weather|SunnyDay|[upkeep]
|-heal|p2a: Corviknight|93/100|[from] item: Leftovers
|upkeep
|turn|7
|
|switch|p2a: Toxapex|Toxapex, M|75/100
|move|p1a: Cinderace|Pyro Ball|p2a: Toxapex
|-resisted|p2a: Toxapex
|-damage|p2a: Toxapex|50/100
|
|-weather|SunnyDay|[upkeep]
|-heal|p2a: Toxapex|56/100|[from] item: Black Sludge
|upkeep
|turn|8
|
|switch|p1a: Dugtrio|Dugtrio, F|100/100
|switch|p2a: Corviknight|Corviknight, F|93/100
|-ability|p2a: Corviknight|Pressure
|
|-weather|SunnyDay|[upkeep]
|-heal|p2a: Corviknight|99/100|[from] item: Leftovers
|upkeep
|turn|9
|
|switch|p1a: Charizard|Charizard, F|70/100 tox
|move|p2a: Corviknight|Brave Bird|p1a: Charizard
|-damage|p1a: Charizard|17/100 tox
|-damage|p2a: Corviknight|87/100|[from] Recoil
|
|-weather|none
|-heal|p2a: Corviknight|93/100|[from] item: Leftovers
|-damage|p1a: Charizard|11/100 tox|[from] psn
|upkeep
|turn|10
|
|switch|p2a: Dragapult|Dragapult, F|85/100
|move|p1a: Charizard|Fire Blast|p2a: Dragapult
|-resisted|p2a: Dragapult
|-damage|p2a: Dragapult|35/100
|
|-damage|p1a: Charizard|0 fnt|[from] psn
|faint|p1a: Charizard
|upkeep
|
|switch|p1a: Dugtrio|Dugtrio, F|100/100
|turn|11
|
|switch|p2a: Corviknight|Corviknight, F|93/100
|-ability|p2a: Corviknight|Pressure
|move|p1a: Dugtrio|Sucker Punch||[still]
|-fail|p1a: Dugtrio
|
|-heal|p2a: Corviknight|99/100|[from] item: Leftovers
|upkeep
|turn|12
|
|switch|p1a: Torkoal|Torkoal, M|48/100
|-weather|SunnyDay|[from] ability: Drought|[of] p1a: Torkoal
|move|p2a: Corviknight|Bulk Up|p2a: Corviknight
|-boost|p2a: Corviknight|atk|1
|-boost|p2a: Corviknight|def|1
|
|-weather|SunnyDay|[upkeep]
|-heal|p2a: Corviknight|100/100|[from] item: Leftovers
|upkeep
|turn|13
|inactive|Mithrellan has 120 seconds left.
|inactive|Draco76 has 120 seconds left.
|
|switch|p2a: Toxapex|Toxapex, M|89/100
|move|p1a: Torkoal|Lava Plume|p2a: Toxapex
|-resisted|p2a: Toxapex
|-damage|p2a: Toxapex|74/100
|-status|p2a: Toxapex|brn
|
|-weather|SunnyDay|[upkeep]
|-heal|p2a: Toxapex|80/100 brn|[from] item: Black Sludge
|-damage|p2a: Toxapex|74/100 brn|[from] brn
|upkeep
|turn|14
|inactive|Draco76 has 120 seconds left.
|
|switch|p1a: Shiftry|Shiftry, F|100/100
|move|p2a: Toxapex|Scald|p1a: Shiftry
|-resisted|p1a: Shiftry
|-damage|p1a: Shiftry|93/100
|-status|p1a: Shiftry|brn
|
|-weather|SunnyDay|[upkeep]
|-heal|p2a: Toxapex|80/100 brn|[from] item: Black Sludge
|-damage|p1a: Shiftry|87/100 brn|[from] brn
|-damage|p2a: Toxapex|74/100 brn|[from] brn
|upkeep
|turn|15
|
|switch|p2a: Corviknight|Corviknight, F|100/100
|-ability|p2a: Corviknight|Pressure
|move|p1a: Shiftry|Growth|p1a: Shiftry
|-boost|p1a: Shiftry|atk|2
|-boost|p1a: Shiftry|spa|2
|
|-weather|SunnyDay|[upkeep]
|-damage|p1a: Shiftry|81/100 brn|[from] brn
|upkeep
|turn|16
|inactive|Draco76 has 120 seconds left.
|
|switch|p2a: Toxapex|Toxapex, M|100/100 brn
|move|p1a: Shiftry|Heat Wave|p2a: Toxapex
|-resisted|p2a: Toxapex
|-damage|p2a: Toxapex|68/100 brn
|-damage|p1a: Shiftry|71/100 brn|[from] item: Life Orb
|
|-weather|SunnyDay|[upkeep]
|-heal|p2a: Toxapex|74/100 brn|[from] item: Black Sludge
|-damage|p1a: Shiftry|65/100 brn|[from] brn
|-damage|p2a: Toxapex|68/100 brn|[from] brn
|upkeep
|turn|17
|
|move|p1a: Shiftry|Throat Chop|p2a: Toxapex
|-damage|p2a: Toxapex|41/100 brn
|-start|p2a: Toxapex|Throat Chop|[silent]
|-damage|p1a: Shiftry|55/100 brn|[from] item: Life Orb
|move|p2a: Toxapex|Recover|p2a: Toxapex
|-heal|p2a: Toxapex|91/100 brn
|
|-weather|SunnyDay|[upkeep]
|-heal|p2a: Toxapex|97/100 brn|[from] item: Black Sludge
|-damage|p1a: Shiftry|48/100 brn|[from] brn
|-damage|p2a: Toxapex|91/100 brn|[from] brn
|upkeep
|turn|18
|
|move|p1a: Shiftry|Growth|p1a: Shiftry
|-boost|p1a: Shiftry|atk|2
|-boost|p1a: Shiftry|spa|2
|move|p2a: Toxapex|Haze|p2a: Toxapex
|-clearallboost
|
|-weather|SunnyDay|[upkeep]
|-heal|p2a: Toxapex|97/100 brn|[from] item: Black Sludge
|-damage|p1a: Shiftry|42/100 brn|[from] brn
|-damage|p2a: Toxapex|91/100 brn|[from] brn
|-end|p2a: Toxapex|Throat Chop|[silent]
|upkeep
|turn|19
|
|switch|p1a: Dugtrio|Dugtrio, F|100/100
|switch|p2a: Corviknight|Corviknight, F|100/100
|-ability|p2a: Corviknight|Pressure
|
|-weather|none
|upkeep
|turn|20
|-message|Mithrellan forfeited.
|
|win|Draco76
|l|☆Mithrellan
|raw|Mithrellan's rating: 1265 → 1239(-26 for losing)
|raw|Draco76's rating: 1260 → 1285(+25 for winning)
