|ScrapeTime|2020-01-01-23:20:50
|j|☆4G3NC N33T
|j|☆vcdestruiuomeuovo
|player|p1|4G3NC N33T|burglar|1283
|player|p2|vcdestruiuomeuovo|161|1274
|teamsize|p1|6
|teamsize|p2|6
|gametype|singles
|gen|8
|tier|[Gen 8] OU
|rated|
|rule|Sleep Clause Mod: Limit one foe put to sleep
|rule|Species Clause: Limit one of each Pokémon
|rule|OHKO Clause: OHKO moves are banned
|rule|Evasion Moves Clause: Evasion moves are banned
|rule|Endless Battle Clause: Forcing endless battles is banned
|rule|HP Percentage Mod: HP is shown in percentages
|clearpoke
|poke|p1|Golurk|
|poke|p1|Golisopod, M|
|poke|p1|Ferrothorn, F|
|poke|p1|Toxtricity-Low-Key, M|
|poke|p1|Mandibuzz, F|
|poke|p1|Sirfetch'd, M|
|poke|p2|Mew|
|poke|p2|Bisharp, M|
|poke|p2|Dragapult, F|
|poke|p2|Conkeldurr, F|
|poke|p2|Gyarados, F|
|poke|p2|Cloyster, F|
|rule|Dynamax Clause: You cannot dynamax
|teampreview
|
|start
|switch|p1a: 00Pod|Golisopod, M, shiny|100/100
|switch|p2a: Mew|Mew|100/100
|turn|1
|
|switch|p2a: Gyarados|Gyarados, F|100/100
|move|p1a: 00Pod|First Impression|p2a: Gyarados
|-resisted|p2a: Gyarados
|-damage|p2a: Gyarados|56/100
|
|upkeep
|turn|2
|
|switch|p2a: Conkeldurr|Conkeldurr, F|100/100
|switch|p1a: 00Ferra|Ferrothorn, F|100/100
|
|-status|p2a: Conkeldurr|brn|[from] item: Flame Orb
|upkeep
|turn|3
|
|switch|p1a: 00Lurk|Golurk|100/100
|move|p2a: Conkeldurr|Bulk Up|p2a: Conkeldurr
|-boost|p2a: Conkeldurr|atk|1
|-boost|p2a: Conkeldurr|def|1
|
|-damage|p2a: Conkeldurr|95/100 brn|[from] brn
|upkeep
|turn|4
|
|move|p2a: Conkeldurr|Earthquake|p1a: 00Lurk
|-damage|p1a: 00Lurk|3/100
|move|p1a: 00Lurk|Earthquake|p2a: Conkeldurr
|-damage|p2a: Conkeldurr|57/100 brn
|
|-damage|p2a: Conkeldurr|51/100 brn|[from] brn
|upkeep
|turn|5
|
|switch|p1a: 00Buzz|Mandibuzz, F|100/100
|move|p2a: Conkeldurr|Earthquake|p1a: 00Buzz
|-immune|p1a: 00Buzz
|
|-damage|p2a: Conkeldurr|45/100 brn|[from] brn
|upkeep
|turn|6
|
|switch|p1a: 00Lurk|Golurk|3/100
|move|p2a: Conkeldurr|Drain Punch|p1a: 00Lurk
|-immune|p1a: 00Lurk
|
|-damage|p2a: Conkeldurr|39/100 brn|[from] brn
|upkeep
|turn|7
|
|move|p2a: Conkeldurr|Earthquake|p1a: 00Lurk
|-damage|p1a: 00Lurk|0 fnt
|faint|p1a: 00Lurk
|
|-damage|p2a: Conkeldurr|33/100 brn|[from] brn
|upkeep
|
|switch|p1a: 00Pod|Golisopod, M, shiny|100/100
|turn|8
|
|move|p2a: Conkeldurr|Drain Punch|p1a: 00Pod
|-resisted|p1a: 00Pod
|-damage|p1a: 00Pod|62/100
|-heal|p2a: Conkeldurr|52/100 brn|[from] drain|[of] p1a: 00Pod
|move|p1a: 00Pod|Close Combat|p2a: Conkeldurr
|-damage|p2a: Conkeldurr|7/100 brn
|-unboost|p1a: 00Pod|def|1
|-unboost|p1a: 00Pod|spd|1
|
|-damage|p2a: Conkeldurr|1/100 brn|[from] brn
|upkeep
|turn|9
|
|switch|p1a: 00Buzz|Mandibuzz, F|100/100
|move|p2a: Conkeldurr|Drain Punch|p1a: 00Buzz
|-damage|p1a: 00Buzz|29/100
|-heal|p2a: Conkeldurr|42/100 brn|[from] drain|[of] p1a: 00Buzz
|
|-heal|p1a: 00Buzz|35/100|[from] item: Leftovers
|-damage|p2a: Conkeldurr|36/100 brn|[from] brn
|upkeep
|turn|10
|
|switch|p1a: 00Tric|Toxtricity-Low-Key, M|100/100
|move|p2a: Conkeldurr|Drain Punch|p1a: 00Tric
|-resisted|p1a: 00Tric
|-damage|p1a: 00Tric|26/100
|-heal|p2a: Conkeldurr|66/100 brn|[from] drain|[of] p1a: 00Tric
|
|-damage|p2a: Conkeldurr|60/100 brn|[from] brn
|upkeep
|turn|11
|
|move|p2a: Conkeldurr|Mach Punch|p1a: 00Tric
|-resisted|p1a: 00Tric
|-damage|p1a: 00Tric|0 fnt
|faint|p1a: 00Tric
|
|-damage|p2a: Conkeldurr|54/100 brn|[from] brn
|upkeep
|
|switch|p1a: 00Fetch|Sirfetch'd, M|100/100
|turn|12
|
|move|p2a: Conkeldurr|Mach Punch|p1a: 00Fetch
|-damage|p1a: 00Fetch|30/100
|move|p1a: 00Fetch|Close Combat|p2a: Conkeldurr
|-damage|p2a: Conkeldurr|0 fnt
|-unboost|p1a: 00Fetch|def|1
|-unboost|p1a: 00Fetch|spd|1
|faint|p2a: Conkeldurr
|
|upkeep
|
|switch|p2a: Gyarados|Gyarados, F|56/100
|turn|13
|
|move|p2a: Gyarados|Dragon Dance|p2a: Gyarados
|-boost|p2a: Gyarados|atk|1
|-boost|p2a: Gyarados|spe|1
|move|p1a: 00Fetch|Close Combat|p2a: Gyarados
|-resisted|p2a: Gyarados
|-damage|p2a: Gyarados|0 fnt
|-unboost|p1a: 00Fetch|def|1
|-unboost|p1a: 00Fetch|spd|1
|faint|p2a: Gyarados
|
|upkeep
|
|switch|p2a: Mew|Mew|100/100
|turn|14
|
|switch|p1a: 00Buzz|Mandibuzz, F|35/100
|move|p2a: Mew|Stealth Rock|p1a: 00Buzz
|-sidestart|p1: 4G3NC N33T|move: Stealth Rock
|
|-heal|p1a: 00Buzz|42/100|[from] item: Leftovers
|upkeep
|turn|15
|
|move|p2a: Mew|Taunt|p1a: 00Buzz
|-start|p1a: 00Buzz|move: Taunt
|cant|p1a: 00Buzz|move: Taunt|Roost
|
|-heal|p1a: 00Buzz|48/100|[from] item: Leftovers
|upkeep
|turn|16
|
|move|p2a: Mew|Spikes|p1a: 00Buzz
|-sidestart|p1: 4G3NC N33T|Spikes
|move|p1a: 00Buzz|Foul Play|p2a: Mew
|-supereffective|p2a: Mew
|-damage|p2a: Mew|17/100
|
|-heal|p1a: 00Buzz|54/100|[from] item: Leftovers
|upkeep
|turn|17
|
|move|p2a: Mew|Spikes|p1a: 00Buzz
|-sidestart|p1: 4G3NC N33T|Spikes
|move|p1a: 00Buzz|Foul Play|p2a: Mew
|-supereffective|p2a: Mew
|-damage|p2a: Mew|0 fnt
|faint|p2a: Mew
|
|-heal|p1a: 00Buzz|60/100|[from] item: Leftovers
|-end|p1a: 00Buzz|move: Taunt
|upkeep
|
|switch|p2a: Cloyster|Cloyster, F|100/100
|turn|18
|
|move|p2a: Cloyster|Shell Smash|p2a: Cloyster
|-unboost|p2a: Cloyster|def|1
|-unboost|p2a: Cloyster|spd|1
|-boost|p2a: Cloyster|atk|2
|-boost|p2a: Cloyster|spa|2
|-boost|p2a: Cloyster|spe|2
|move|p1a: 00Buzz|Taunt|p2a: Cloyster
|-start|p2a: Cloyster|move: Taunt
|
|-heal|p1a: 00Buzz|67/100|[from] item: Leftovers
|upkeep
|turn|19
|
|switch|p1a: 00Ferra|Ferrothorn, F|100/100
|-damage|p1a: 00Ferra|84/100|[from] Spikes
|-damage|p1a: 00Ferra|78/100|[from] Stealth Rock
|move|p2a: Cloyster|Icicle Spear|p1a: 00Ferra
|-damage|p1a: 00Ferra|63/100
|-damage|p1a: 00Ferra|48/100
|-damage|p1a: 00Ferra|35/100
|-damage|p1a: 00Ferra|21/100
|-damage|p1a: 00Ferra|8/100
|-hitcount|p1a: 00Ferra|5
|
|-heal|p1a: 00Ferra|14/100|[from] item: Leftovers
|upkeep
|turn|20
|
|move|p2a: Cloyster|Icicle Spear|p1a: 00Ferra
|-damage|p1a: 00Ferra|0 fnt
|-hitcount|p1a: 00Ferra|1
|faint|p1a: 00Ferra
|
|upkeep
|
|switch|p1a: 00Fetch|Sirfetch'd, M|30/100
|-damage|p1a: 00Fetch|24/100|[from] Stealth Rock
|-damage|p1a: 00Fetch|8/100|[from] Spikes
|turn|21
|
|move|p1a: 00Fetch|First Impression|p2a: Cloyster
|-damage|p2a: Cloyster|38/100
|move|p2a: Cloyster|Icicle Spear|p1a: 00Fetch
|-damage|p1a: 00Fetch|0 fnt
|-hitcount|p1a: 00Fetch|1
|faint|p1a: 00Fetch
|
|-end|p2a: Cloyster|move: Taunt
|upkeep
|
|switch|p1a: 00Pod|Golisopod, M, shiny|62/100
|-damage|p1a: 00Pod|38/100|[from] Stealth Rock
|-activate|p1a: 00Pod|ability: Emergency Exit
|-damage|p1a: 00Pod|21/100|[from] Spikes
|
|switch|p1a: 00Buzz|Mandibuzz, F|67/100
|-damage|p1a: 00Buzz|42/100|[from] Stealth Rock
|turn|22
|
|move|p2a: Cloyster|Icicle Spear|p1a: 00Buzz
|-supereffective|p1a: 00Buzz
|-damage|p1a: 00Buzz|13/100
|-supereffective|p1a: 00Buzz
|-damage|p1a: 00Buzz|0 fnt
|-hitcount|p1a: 00Buzz|2
|faint|p1a: 00Buzz
|
|upkeep
|
|switch|p1a: 00Pod|Golisopod, M, shiny|21/100
|-damage|p1a: 00Pod|0 fnt|[from] Stealth Rock
|faint|p1a: 00Pod
|
|win|vcdestruiuomeuovo
|raw|4G3NC N33T's rating: 1283 → 1257(-26 for losing)
|raw|vcdestruiuomeuovo's rating: 1274 → 1299(+25 for winning)
