|ScrapeTime|2020-01-01-22:42:31
|j|☆caagle
|j|☆JGMorrison
|player|p1|caagle|1|1390
|player|p2|JGMorrison|147|1312
|teamsize|p1|6
|teamsize|p2|6
|gametype|singles
|gen|8
|tier|[Gen 8] OU
|rated|
|rule|Sleep Clause Mod: Limit one foe put to sleep
|rule|Species Clause: Limit one of each Pokémon
|rule|OHKO Clause: OHKO moves are banned
|rule|Evasion Moves Clause: Evasion moves are banned
|rule|Endless Battle Clause: Forcing endless battles is banned
|rule|HP Percentage Mod: HP is shown in percentages
|clearpoke
|poke|p1|Pincurchin, M|
|poke|p1|Togekiss, F|
|poke|p1|Hawlucha, F|
|poke|p1|Excadrill, F|
|poke|p1|Dracozolt|
|poke|p1|Seismitoad, F|
|poke|p2|Mandibuzz, F|
|poke|p2|Ferrothorn, M|
|poke|p2|Cinderace, M|
|poke|p2|Clefable, M|
|poke|p2|Hydreigon, F|
|poke|p2|Jellicent, F|
|rule|Dynamax Clause: You cannot dynamax
|teampreview
|inactive|Battle timer is ON: inactive players will automatically lose when time's up. (requested by caagle)
|
|start
|switch|p1a: Dracozolt|Dracozolt|100/100
|switch|p2a: Ferrothorn|Ferrothorn, M|100/100
|turn|1
|
|switch|p2a: Hydreigon|Hydreigon, F|100/100
|move|p1a: Dracozolt|Fire Fang|p2a: Hydreigon
|-resisted|p2a: Hydreigon
|-damage|p2a: Hydreigon|84/100
|
|upkeep
|turn|2
|
|switch|p1a: Togekiss|Togekiss, F|100/100
|move|p2a: Hydreigon|U-turn|p1a: Togekiss
|-resisted|p1a: Togekiss
|-damage|p1a: Togekiss|96/100
|
|switch|p2a: Ferrothorn|Ferrothorn, M|100/100|[from]move: U-turn
|
|-heal|p1a: Togekiss|100/100|[from] item: Leftovers
|upkeep
|turn|3
|
|move|p1a: Togekiss|Flamethrower|p2a: Ferrothorn
|-supereffective|p2a: Ferrothorn
|-damage|p2a: Ferrothorn|21/100
|move|p2a: Ferrothorn|Stealth Rock|p1a: Togekiss
|-sidestart|p1: caagle|move: Stealth Rock
|
|-heal|p2a: Ferrothorn|27/100|[from] item: Leftovers
|upkeep
|turn|4
|
|switch|p2a: Jellicent|Jellicent, F|100/100
|move|p1a: Togekiss|Flamethrower|p2a: Jellicent
|-resisted|p2a: Jellicent
|-damage|p2a: Jellicent|92/100
|
|-heal|p2a: Jellicent|98/100|[from] item: Leftovers
|upkeep
|turn|5
|
|move|p1a: Togekiss|Nasty Plot|p1a: Togekiss
|-boost|p1a: Togekiss|spa|2
|move|p2a: Jellicent|Will-O-Wisp|p1a: Togekiss
|-status|p1a: Togekiss|brn
|
|-heal|p2a: Jellicent|100/100|[from] item: Leftovers
|-damage|p1a: Togekiss|94/100 brn|[from] brn
|upkeep
|turn|6
|
|move|p1a: Togekiss|Dazzling Gleam|p2a: Jellicent
|-damage|p2a: Jellicent|54/100
|move|p2a: Jellicent|Hex|p1a: Togekiss
|-damage|p1a: Togekiss|59/100 brn
|
|-heal|p1a: Togekiss|65/100 brn|[from] item: Leftovers
|-heal|p2a: Jellicent|60/100|[from] item: Leftovers
|-damage|p1a: Togekiss|59/100 brn|[from] brn
|upkeep
|turn|7
|
|move|p1a: Togekiss|Air Slash|p2a: Jellicent
|-damage|p2a: Jellicent|14/100
|cant|p2a: Jellicent|flinch
|
|-heal|p1a: Togekiss|65/100 brn|[from] item: Leftovers
|-heal|p2a: Jellicent|20/100|[from] item: Leftovers
|-damage|p1a: Togekiss|59/100 brn|[from] brn
|upkeep
|turn|8
|inactive|caagle has 120 seconds left.
|
|switch|p2a: Ferrothorn|Ferrothorn, M|27/100
|move|p1a: Togekiss|Dazzling Gleam|p2a: Ferrothorn
|-resisted|p2a: Ferrothorn
|-damage|p2a: Ferrothorn|3/100
|
|-heal|p1a: Togekiss|65/100 brn|[from] item: Leftovers
|-heal|p2a: Ferrothorn|10/100|[from] item: Leftovers
|-damage|p1a: Togekiss|59/100 brn|[from] brn
|upkeep
|turn|9
|
|move|p1a: Togekiss|Dazzling Gleam|p2a: Ferrothorn
|-resisted|p2a: Ferrothorn
|-damage|p2a: Ferrothorn|0 fnt
|faint|p2a: Ferrothorn
|
|-heal|p1a: Togekiss|65/100 brn|[from] item: Leftovers
|-damage|p1a: Togekiss|59/100 brn|[from] brn
|upkeep
|
|switch|p2a: Cinderace|Cinderace, M|100/100
|turn|10
|inactive|caagle has 120 seconds left.
|
|switch|p1a: Seismitoad|Seismitoad, F|100/100
|-damage|p1a: Seismitoad|94/100|[from] Stealth Rock
|move|p2a: Cinderace|Pyro Ball|p1a: Seismitoad|[miss]
|-miss|p2a: Cinderace|p1a: Seismitoad
|
|-heal|p1a: Seismitoad|100/100|[from] item: Leftovers
|upkeep
|turn|11
|inactive|JGMorrison has 120 seconds left.
|
|switch|p2a: Jellicent|Jellicent, F|20/100
|move|p1a: Seismitoad|Toxic|p2a: Jellicent
|-status|p2a: Jellicent|tox
|
|-heal|p2a: Jellicent|26/100 tox|[from] item: Leftovers
|-damage|p2a: Jellicent|20/100 tox|[from] psn
|upkeep
|turn|12
|
|move|p1a: Seismitoad|Earthquake|p2a: Jellicent
|-damage|p2a: Jellicent|0 fnt
|faint|p2a: Jellicent
|
|upkeep
|
|switch|p2a: Mandibuzz|Mandibuzz, F|100/100
|turn|13
|
|move|p1a: Seismitoad|Toxic|p2a: Mandibuzz
|-status|p2a: Mandibuzz|tox
|move|p2a: Mandibuzz|Taunt|p1a: Seismitoad
|-start|p1a: Seismitoad|move: Taunt
|
|-damage|p2a: Mandibuzz|94/100 tox|[from] psn
|upkeep
|turn|14
|
|switch|p1a: Excadrill|Excadrill, F|100/100
|-damage|p1a: Excadrill|97/100|[from] Stealth Rock
|-ability|p1a: Excadrill|Mold Breaker
|-item|p1a: Excadrill|Air Balloon
|move|p2a: Mandibuzz|U-turn|p1a: Excadrill
|-resisted|p1a: Excadrill
|-damage|p1a: Excadrill|90/100
|-enditem|p1a: Excadrill|Air Balloon
|
|switch|p2a: Hydreigon|Hydreigon, F|84/100|[from]move: U-turn
|
|upkeep
|turn|15
|
|move|p2a: Hydreigon|Dark Pulse|p1a: Excadrill
|-damage|p1a: Excadrill|11/100
|move|p1a: Excadrill|Rapid Spin|p2a: Hydreigon
|-damage|p2a: Hydreigon|62/100
|-sideend|p1: caagle|Stealth Rock|[from] move: Rapid Spin|[of] p1a: Excadrill
|-boost|p1a: Excadrill|spe|1
|
|upkeep
|turn|16
|
|switch|p1a: Seismitoad|Seismitoad, F|100/100
|move|p2a: Hydreigon|Dark Pulse|p1a: Seismitoad
|-damage|p1a: Seismitoad|35/100
|
|-heal|p1a: Seismitoad|41/100|[from] item: Leftovers
|upkeep
|turn|17
|
|switch|p1a: Togekiss|Togekiss, F|59/100 brn
|move|p2a: Hydreigon|Dark Pulse|p1a: Togekiss
|-resisted|p1a: Togekiss
|-damage|p1a: Togekiss|29/100 brn
|
|-heal|p1a: Togekiss|36/100 brn|[from] item: Leftovers
|-damage|p1a: Togekiss|29/100 brn|[from] brn
|upkeep
|turn|18
|
|move|p2a: Hydreigon|Dark Pulse|p1a: Togekiss
|-resisted|p1a: Togekiss
|-damage|p1a: Togekiss|1/100 brn
|move|p1a: Togekiss|Air Slash|p2a: Hydreigon
|-damage|p2a: Hydreigon|19/100
|
|-heal|p1a: Togekiss|7/100 brn|[from] item: Leftovers
|-damage|p1a: Togekiss|1/100 brn|[from] brn
|upkeep
|turn|19
|
|switch|p1a: Seismitoad|Seismitoad, F|41/100
|move|p2a: Hydreigon|Dark Pulse|p1a: Seismitoad
|-damage|p1a: Seismitoad|0 fnt
|faint|p1a: Seismitoad
|
|upkeep
|
|switch|p1a: Dracozolt|Dracozolt|100/100
|turn|20
|
|move|p1a: Dracozolt|Bolt Beak|p2a: Hydreigon
|-resisted|p2a: Hydreigon
|-damage|p2a: Hydreigon|0 fnt
|faint|p2a: Hydreigon
|
|upkeep
|
|switch|p2a: Cinderace|Cinderace, M|100/100
|turn|21
|
|switch|p1a: Pincurchin|Pincurchin, M|100/100
|-fieldstart|move: Electric Terrain|[from] ability: Electric Surge|[of] p1a: Pincurchin
|move|p2a: Cinderace|Sucker Punch||[still]
|-fail|p2a: Cinderace
|
|upkeep
|turn|22
|
|switch|p2a: Mandibuzz|Mandibuzz, F|94/100 tox
|switch|p1a: Excadrill|Excadrill, F|11/100
|-ability|p1a: Excadrill|Mold Breaker
|
|-damage|p2a: Mandibuzz|88/100 tox|[from] psn
|upkeep
|turn|23
|
|move|p1a: Excadrill|Iron Head|p2a: Mandibuzz
|-damage|p2a: Mandibuzz|63/100 tox
|move|p2a: Mandibuzz|Foul Play|p1a: Excadrill
|-damage|p1a: Excadrill|0 fnt
|faint|p1a: Excadrill
|
|-damage|p2a: Mandibuzz|51/100 tox|[from] psn
|upkeep
|
|switch|p1a: Dracozolt|Dracozolt|100/100
|turn|24
|
|move|p1a: Dracozolt|Bolt Beak|p2a: Mandibuzz
|-supereffective|p2a: Mandibuzz
|-damage|p2a: Mandibuzz|0 fnt
|faint|p2a: Mandibuzz
|
|upkeep
|
|switch|p2a: Cinderace|Cinderace, M|100/100
|turn|25
|
|move|p1a: Dracozolt|Bolt Beak|p2a: Cinderace
|-damage|p2a: Cinderace|0 fnt
|faint|p2a: Cinderace
|
|-fieldend|move: Electric Terrain
|upkeep
|
|switch|p2a: Clefable|Clefable, M|100/100
|turn|26
|
|switch|p1a: Pincurchin|Pincurchin, M|100/100
|-fieldstart|move: Electric Terrain|[from] ability: Electric Surge|[of] p1a: Pincurchin
|move|p2a: Clefable|Moonblast|p1a: Pincurchin
|-crit|p1a: Pincurchin
|-damage|p1a: Pincurchin|0 fnt
|faint|p1a: Pincurchin
|
|upkeep
|
|switch|p1a: Dracozolt|Dracozolt|100/100
|turn|27
|
|move|p1a: Dracozolt|Bolt Beak|p2a: Clefable|[miss]
|-miss|p1a: Dracozolt|p2a: Clefable
|move|p2a: Clefable|Moonblast|p1a: Dracozolt
|-supereffective|p1a: Dracozolt
|-damage|p1a: Dracozolt|0 fnt
|faint|p1a: Dracozolt
|
|upkeep
|c|☆caagle|looooooooool
|c|☆caagle|fuck hax
|
|switch|p1a: Hawlucha|Hawlucha, F|100/100
|-enditem|p1a: Hawlucha|Electric Seed
|-boost|p1a: Hawlucha|def|1
|turn|28
|
|move|p1a: Hawlucha|Acrobatics|p2a: Clefable
|-damage|p2a: Clefable|43/100
|move|p2a: Clefable|Moonblast|p1a: Hawlucha
|-supereffective|p1a: Hawlucha
|-damage|p1a: Hawlucha|0 fnt
|faint|p1a: Hawlucha
|
|upkeep
|
|switch|p1a: Togekiss|Togekiss, F|1/100 brn
|turn|29
|
|move|p1a: Togekiss|Air Slash|p2a: Clefable
|-damage|p2a: Clefable|6/100
|cant|p2a: Clefable|flinch
|
|-heal|p1a: Togekiss|7/100 brn|[from] item: Leftovers
|-damage|p1a: Togekiss|1/100 brn|[from] brn
|upkeep
|turn|30
|c|☆JGMorrison|hax right? lol
|
|move|p1a: Togekiss|Dazzling Gleam|p2a: Clefable
|-damage|p2a: Clefable|0 fnt
|faint|p2a: Clefable
|
|win|caagle
|l|☆JGMorrison
|c|☆caagle|so
|c|☆caagle|fucking fair dude
|raw|caagle's rating: 1368 → 1385(+17 for winning)
|raw|JGMorrison's rating: 1312 → 1296(-16 for losing)
