|ScrapeTime|2020-01-01-19:28:47
|j|☆IsaiahZX7
|j|☆Big Smells
|player|p1|IsaiahZX7|170|1102
|player|p2|Big Smells|ethan|1087
|teamsize|p1|6
|teamsize|p2|6
|gametype|singles
|gen|8
|tier|[Gen 8] OU
|rated|
|rule|Sleep Clause Mod: Limit one foe put to sleep
|rule|Species Clause: Limit one of each Pokémon
|rule|OHKO Clause: OHKO moves are banned
|rule|Evasion Moves Clause: Evasion moves are banned
|rule|Endless Battle Clause: Forcing endless battles is banned
|rule|HP Percentage Mod: HP is shown in percentages
|clearpoke
|poke|p1|Hydreigon, F|
|poke|p1|Corsola-Galar, F|
|poke|p1|Rotom-Wash|
|poke|p1|Bisharp, M|
|poke|p1|Ferrothorn, M|
|poke|p1|Ditto|
|poke|p2|Dragapult, M|
|poke|p2|Dracovish|
|poke|p2|Corsola-Galar, F|
|poke|p2|Rotom-Wash|
|poke|p2|Ferrothorn, M|
|poke|p2|Cinderace, M|
|rule|Dynamax Clause: You cannot dynamax
|teampreview
|
|start
|switch|p1a: Hydreigon|Hydreigon, F|100/100
|switch|p2a: Cinderace|Cinderace, M|100/100
|turn|1
|
|switch|p1a: Rotom|Rotom-Wash, shiny|100/100
|move|p2a: Cinderace|Pyro Ball|p1a: Rotom
|-resisted|p1a: Rotom
|-damage|p1a: Rotom|59/100
|
|upkeep
|turn|2
|
|switch|p2a: Ferrothorn|Ferrothorn, M|100/100
|move|p1a: Rotom|Trick|p2a: Ferrothorn
|-activate|p1a: Rotom|move: Trick|[of] p2a: Ferrothorn
|-item|p2a: Ferrothorn|Choice Band|[from] move: Trick
|-item|p1a: Rotom|Rocky Helmet|[from] move: Trick
|
|upkeep
|turn|3
|
|move|p1a: Rotom|Volt Switch|p2a: Ferrothorn
|-resisted|p2a: Ferrothorn
|-damage|p2a: Ferrothorn|92/100
|
|switch|p1a: Hydreigon|Hydreigon, F|100/100|[from]move: Volt Switch
|move|p2a: Ferrothorn|Gyro Ball|p1a: Hydreigon
|-damage|p1a: Hydreigon|4/100
|
|upkeep
|turn|4
|
|move|p1a: Hydreigon|Fire Blast|p2a: Ferrothorn
|-supereffective|p2a: Ferrothorn
|-damage|p2a: Ferrothorn|0 fnt
|faint|p2a: Ferrothorn
|
|upkeep
|
|switch|p2a: Dragapult|Dragapult, M, shiny|100/100
|turn|5
|
|move|p2a: Dragapult|Quick Attack|p1a: Hydreigon
|-damage|p1a: Hydreigon|0 fnt
|-damage|p2a: Dragapult|91/100|[from] item: Life Orb
|faint|p1a: Hydreigon
|
|upkeep
|
|switch|p1a: Bisharp|Bisharp, M, shiny|100/100
|turn|6
|
|switch|p2a: Cinderace|Cinderace, M|100/100
|move|p1a: Bisharp|Sucker Punch||[still]
|-fail|p1a: Bisharp
|
|upkeep
|turn|7
|
|switch|p1a: Faker|Ditto, shiny|100/100
|-transform|p1a: Faker|p2a: Cinderace|[from] ability: Imposter
|move|p2a: Cinderace|Pyro Ball|p1a: Faker
|-resisted|p1a: Faker
|-damage|p1a: Faker|42/100
|
|upkeep
|turn|8
|
|switch|p2a: Rotom|Rotom-Wash|100/100
|move|p1a: Faker|Pyro Ball|p2a: Rotom
|-resisted|p2a: Rotom
|-damage|p2a: Rotom|59/100
|
|upkeep
|turn|9
|
|switch|p1a: Ferrothorn|Ferrothorn, M|100/100
|move|p2a: Rotom|Volt Switch|p1a: Ferrothorn
|-resisted|p1a: Ferrothorn
|-damage|p1a: Ferrothorn|86/100
|
|switch|p2a: Cinderace|Cinderace, M|100/100|[from]move: Volt Switch
|
|-heal|p1a: Ferrothorn|92/100|[from] item: Leftovers
|upkeep
|turn|10
|
|switch|p1a: Lol|Corsola-Galar, F|100/100
|move|p2a: Cinderace|Pyro Ball|p1a: Lol
|-damage|p1a: Lol|64/100
|-start|p2a: Cinderace|Disable|Pyro Ball|[from] ability: Cursed Body|[of] p1a: Lol
|
|upkeep
|turn|11
|
|move|p2a: Cinderace|Shadow Ball|p1a: Lol
|-supereffective|p1a: Lol
|-damage|p1a: Lol|48/100
|-unboost|p1a: Lol|spd|1
|move|p1a: Lol|Strength Sap|p2a: Cinderace
|-unboost|p2a: Cinderace|atk|1
|-heal|p1a: Lol|100/100
|
|upkeep
|turn|12
|
|switch|p1a: Bisharp|Bisharp, M, shiny|100/100
|move|p2a: Cinderace|Shadow Ball|p1a: Bisharp
|-resisted|p1a: Bisharp
|-damage|p1a: Bisharp|91/100
|
|upkeep
|turn|13
|
|switch|p2a: Corsola|Corsola-Galar, F|100/100
|move|p1a: Bisharp|Sucker Punch||[still]
|-fail|p1a: Bisharp
|
|upkeep
|turn|14
|
|move|p1a: Bisharp|Swords Dance|p1a: Bisharp
|-boost|p1a: Bisharp|atk|2
|move|p2a: Corsola|Will-O-Wisp|p1a: Bisharp|[miss]
|-miss|p2a: Corsola|p1a: Bisharp
|
|upkeep
|turn|15
|
|move|p1a: Bisharp|Throat Chop|p2a: Corsola
|-supereffective|p2a: Corsola
|-damage|p2a: Corsola|0 fnt
|faint|p2a: Corsola
|
|upkeep
|
|switch|p2a: Cinderace|Cinderace, M|100/100
|turn|16
|
|move|p1a: Bisharp|Sucker Punch|p2a: Cinderace
|-damage|p2a: Cinderace|0 fnt
|faint|p2a: Cinderace
|
|upkeep
|-message|Big Smells forfeited.
|
|win|IsaiahZX7
|l|☆Big Smells
|raw|IsaiahZX7's rating: 1080 → 1106(+26 for winning)
|raw|Big Smells's rating: 1062 → 1044(-18 for losing)
