|ScrapeTime|2020-01-02-04:44:48
|j|☆some of my buses
|j|☆anfereon
|player|p1|some of my buses|janitor|1389
|player|p2|anfereon|2|1428
|teamsize|p1|6
|teamsize|p2|6
|gametype|singles
|gen|8
|tier|[Gen 8] OU
|rated|
|rule|Sleep Clause Mod: Limit one foe put to sleep
|rule|Species Clause: Limit one of each Pokémon
|rule|OHKO Clause: OHKO moves are banned
|rule|Evasion Moves Clause: Evasion moves are banned
|rule|Endless Battle Clause: Forcing endless battles is banned
|rule|HP Percentage Mod: HP is shown in percentages
|clearpoke
|poke|p1|Sigilyph, M|
|poke|p1|Braviary, M|
|poke|p1|Qwilfish, F|
|poke|p1|Centiskorch, F|
|poke|p1|Corviknight, F|
|poke|p1|Heliolisk, M|
|poke|p2|Corsola-Galar, F|
|poke|p2|Dragapult, M|
|poke|p2|Sylveon, M|
|poke|p2|Dracovish|
|poke|p2|Excadrill, M|
|poke|p2|Obstagoon, M|
|rule|Dynamax Clause: You cannot dynamax
|teampreview
|
|start
|switch|p1a: Sigilyph|Sigilyph, M|100/100
|switch|p2a: Obstagoon|Obstagoon, M|100/100
|turn|1
|inactive|Battle timer is ON: inactive players will automatically lose when time's up. (requested by anfereon)
|
|move|p1a: Sigilyph|Dazzling Gleam|p2a: Obstagoon
|-supereffective|p2a: Obstagoon
|-damage|p2a: Obstagoon|26/100
|move|p2a: Obstagoon|Substitute|p2a: Obstagoon
|-start|p2a: Obstagoon|Substitute
|-damage|p2a: Obstagoon|2/100
|
|-status|p2a: Obstagoon|brn|[from] item: Flame Orb
|upkeep
|turn|2
|inactive|anfereon has 120 seconds left.
|
|switch|p1a: Qwilfish|Qwilfish, F|100/100
|-ability|p1a: Qwilfish|Intimidate|boost
|-immune|p2a: Obstagoon
|move|p2a: Obstagoon|Knock Off|p1a: Qwilfish
|-crit|p1a: Qwilfish
|-damage|p1a: Qwilfish|2/100
|-damage|p2a: Obstagoon|0 fnt|[from] item: Rocky Helmet|[of] p1a: Qwilfish
|faint|p2a: Obstagoon
|
|upkeep
|
|switch|p2a: Excadrill|Excadrill, M|100/100
|-ability|p2a: Excadrill|Mold Breaker
|turn|3
|
|move|p1a: Qwilfish|Taunt|p2a: Excadrill
|-start|p2a: Excadrill|move: Taunt
|move|p2a: Excadrill|Rapid Spin|p1a: Qwilfish
|-damage|p1a: Qwilfish|0 fnt
|-damage|p2a: Excadrill|84/100|[from] item: Rocky Helmet|[of] p1a: Qwilfish
|-boost|p2a: Excadrill|spe|1
|-damage|p2a: Excadrill|74/100|[from] item: Life Orb
|faint|p1a: Qwilfish
|
|upkeep
|
|switch|p1a: Corviknight|Corviknight, F|100/100
|-ability|p1a: Corviknight|Pressure
|turn|4
|
|switch|p2a: Dracovish|Dracovish|100/100
|move|p1a: Corviknight|Brave Bird|p2a: Dracovish
|-damage|p2a: Dracovish|47/100
|-damage|p1a: Corviknight|86/100|[from] Recoil
|
|-heal|p1a: Corviknight|92/100|[from] item: Leftovers
|upkeep
|turn|5
|
|move|p2a: Dracovish|Psychic Fangs|p1a: Corviknight
|-resisted|p1a: Corviknight
|-damage|p1a: Corviknight|79/100
|move|p1a: Corviknight|Brave Bird|p2a: Dracovish
|-damage|p2a: Dracovish|0 fnt
|-damage|p1a: Corviknight|67/100|[from] Recoil
|faint|p2a: Dracovish
|
|-heal|p1a: Corviknight|73/100|[from] item: Leftovers
|upkeep
|
|switch|p2a: Sylveon|Sylveon, M|100/100
|turn|6
|
|switch|p1a: Centiskorch|Centiskorch, F|100/100
|move|p2a: Sylveon|Shadow Ball|p1a: Centiskorch
|-damage|p1a: Centiskorch|85/100
|-unboost|p1a: Centiskorch|spd|1
|
|upkeep
|turn|7
|
|switch|p2a: Corsola|Corsola-Galar, F|100/100
|move|p1a: Centiskorch|Knock Off|p2a: Corsola
|-supereffective|p2a: Corsola
|-damage|p2a: Corsola|54/100
|-enditem|p2a: Corsola|Eviolite|[from] move: Knock Off|[of] p1a: Centiskorch
|
|upkeep
|turn|8
|
|move|p1a: Centiskorch|Fire Lash|p2a: Corsola
|-damage|p2a: Corsola|8/100
|-start|p1a: Centiskorch|Disable|Fire Lash|[from] ability: Cursed Body|[of] p2a: Corsola
|-unboost|p2a: Corsola|def|1
|move|p2a: Corsola|Stealth Rock|p1a: Centiskorch
|-sidestart|p1: some of my buses|move: Stealth Rock
|
|upkeep
|turn|9
|
|switch|p1a: Corviknight|Corviknight, F|73/100
|-damage|p1a: Corviknight|61/100|[from] Stealth Rock
|-ability|p1a: Corviknight|Pressure
|move|p2a: Corsola|Strength Sap|p1a: Corviknight
|-unboost|p1a: Corviknight|atk|1
|-heal|p2a: Corsola|100/100
|
|-heal|p1a: Corviknight|67/100|[from] item: Leftovers
|upkeep
|turn|10
|
|switch|p2a: Dragapult|Dragapult, M|100/100
|move|p1a: Corviknight|Defog|p2a: Dragapult
|-fail|p2a: Dragapult|unboost|[from] ability: Clear Body|[of] p2a: Dragapult
|-sideend|p1: some of my buses|Stealth Rock|[from] move: Defog|[of] p1a: Corviknight
|
|-heal|p1a: Corviknight|73/100|[from] item: Leftovers
|upkeep
|turn|11
|inactive|some of my buses has 120 seconds left.
|
|switch|p1a: Centiskorch|Centiskorch, F|85/100
|move|p2a: Dragapult|Dragon Dance|p2a: Dragapult
|-boost|p2a: Dragapult|atk|1
|-boost|p2a: Dragapult|spe|1
|
|upkeep
|turn|12
|
|move|p2a: Dragapult|Dragon Darts|p1a: Centiskorch
|-damage|p1a: Centiskorch|39/100
|-damage|p1a: Centiskorch|0 fnt
|-hitcount|p1a: Centiskorch|2
|faint|p1a: Centiskorch
|
|upkeep
|
|switch|p1a: Braviary|Braviary, M|100/100
|turn|13
|
|move|p2a: Dragapult|Dragon Darts|p1a: Braviary
|-damage|p1a: Braviary|46/100
|-crit|p1a: Braviary
|-damage|p1a: Braviary|0 fnt
|-hitcount|p1a: Braviary|2
|faint|p1a: Braviary
|
|upkeep
|
|switch|p1a: Corviknight|Corviknight, F|73/100
|-ability|p1a: Corviknight|Pressure
|turn|14
|inactive|some of my buses has 120 seconds left.
|
|move|p2a: Dragapult|Phantom Force||[still]
|-prepare|p2a: Dragapult|Phantom Force|p1a: Corviknight
|-enditem|p2a: Dragapult|Power Herb
|-anim|p2a: Dragapult|Phantom Force|p1a: Corviknight
|-damage|p1a: Corviknight|17/100
|move|p1a: Corviknight|Brave Bird|p2a: Dragapult
|-damage|p2a: Dragapult|26/100
|-damage|p1a: Corviknight|0 fnt|[from] Recoil
|faint|p1a: Corviknight
|
|upkeep
|inactive|some of my buses has 120 seconds left.
|-message|some of my buses forfeited.
|
|win|anfereon
|l|☆some of my buses
|raw|some of my buses's rating: 1389 → 1371(-18 for losing)
|raw|anfereon's rating: 1428 → 1446(+18 for winning)
