|ScrapeTime|2020-01-02-06:55:26
|j|☆YaBoiDave
|j|☆The Name's Evelyn
|player|p1|YaBoiDave|170|1000
|player|p2|The Name's Evelyn|lass-gen4|1000
|teamsize|p1|6
|teamsize|p2|6
|gametype|singles
|gen|8
|tier|[Gen 8] OU
|rated|
|rule|Sleep Clause Mod: Limit one foe put to sleep
|rule|Species Clause: Limit one of each Pokémon
|rule|OHKO Clause: OHKO moves are banned
|rule|Evasion Moves Clause: Evasion moves are banned
|rule|Endless Battle Clause: Forcing endless battles is banned
|rule|HP Percentage Mod: HP is shown in percentages
|clearpoke
|poke|p1|Kommo-o, M|
|poke|p1|Corsola-Galar, M|
|poke|p1|Corviknight, F|
|poke|p1|Hatterene, F|
|poke|p1|Dragapult, M|
|poke|p1|Salazzle, F|
|poke|p2|Cramorant, M|
|poke|p2|Bronzong|
|poke|p2|Lapras, F|
|poke|p2|Duraludon, M|
|poke|p2|Frosmoth, F|
|poke|p2|Froslass, F|
|rule|Dynamax Clause: You cannot dynamax
|teampreview
|inactive|Battle timer is ON: inactive players will automatically lose when time's up. (requested by The Name's Evelyn)
|
|start
|switch|p1a: Corsola|Corsola-Galar, M|100/100
|switch|p2a: SPEED TIME|Froslass, F|100/100
|turn|1
|
|move|p2a: SPEED TIME|Taunt|p1a: Corsola
|-start|p1a: Corsola|move: Taunt
|cant|p1a: Corsola|move: Taunt|Stealth Rock
|
|upkeep
|turn|2
|
|move|p2a: SPEED TIME|Substitute|p2a: SPEED TIME
|-start|p2a: SPEED TIME|Substitute
|-damage|p2a: SPEED TIME|75/100
|move|p1a: Corsola|Hex|p2a: SPEED TIME
|-supereffective|p2a: SPEED TIME
|-end|p2a: SPEED TIME|Substitute
|
|upkeep
|turn|3
|
|move|p2a: SPEED TIME|Spikes|p1a: Corsola
|-sidestart|p1: YaBoiDave|Spikes
|move|p1a: Corsola|Hex|p2a: SPEED TIME
|-supereffective|p2a: SPEED TIME
|-damage|p2a: SPEED TIME|37/100
|
|-end|p1a: Corsola|move: Taunt
|upkeep
|turn|4
|
|move|p2a: SPEED TIME|Taunt|p1a: Corsola
|-start|p1a: Corsola|move: Taunt
|cant|p1a: Corsola|move: Taunt|Stealth Rock
|
|upkeep
|turn|5
|
|move|p2a: SPEED TIME|Spikes|p1a: Corsola
|-sidestart|p1: YaBoiDave|Spikes
|move|p1a: Corsola|Hex|p2a: SPEED TIME
|-supereffective|p2a: SPEED TIME
|-damage|p2a: SPEED TIME|0 fnt
|faint|p2a: SPEED TIME
|
|upkeep
|
|switch|p2a: FREEZE MAMA|Frosmoth, F|100/100
|turn|6
|
|switch|p1a: Corviknight|Corviknight, F|100/100
|-ability|p1a: Corviknight|Pressure
|move|p2a: FREEZE MAMA|Dazzling Gleam|p1a: Corviknight
|-resisted|p1a: Corviknight
|-damage|p1a: Corviknight|90/100
|
|-heal|p1a: Corviknight|96/100|[from] item: Leftovers
|upkeep
|turn|7
|
|switch|p2a: ROCKZILLA|Duraludon, M|100/100
|move|p1a: Corviknight|Substitute|p1a: Corviknight
|-start|p1a: Corviknight|Substitute
|-damage|p1a: Corviknight|71/100
|
|-heal|p1a: Corviknight|77/100|[from] item: Leftovers
|upkeep
|turn|8
|
|move|p1a: Corviknight|Protect|p1a: Corviknight
|-singleturn|p1a: Corviknight|Protect
|move|p2a: ROCKZILLA|Dragon Tail|p1a: Corviknight
|-activate|p1a: Corviknight|move: Protect
|
|-heal|p1a: Corviknight|83/100|[from] item: Leftovers
|upkeep
|turn|9
|
|move|p1a: Corviknight|Body Press|p2a: ROCKZILLA
|-supereffective|p2a: ROCKZILLA
|-damage|p2a: ROCKZILLA|69/100
|move|p2a: ROCKZILLA|Dragon Tail|p1a: Corviknight
|-resisted|p1a: Corviknight
|-activate|p1a: Corviknight|move: Substitute|[damage]
|
|-heal|p1a: Corviknight|90/100|[from] item: Leftovers
|upkeep
|turn|10
|
|move|p1a: Corviknight|Protect|p1a: Corviknight
|-singleturn|p1a: Corviknight|Protect
|move|p2a: ROCKZILLA|Thunderbolt|p1a: Corviknight
|-activate|p1a: Corviknight|move: Protect
|
|-heal|p1a: Corviknight|96/100|[from] item: Leftovers
|upkeep
|turn|11
|
|move|p2a: ROCKZILLA|Thunderbolt|p1a: Corviknight
|-supereffective|p1a: Corviknight
|-end|p1a: Corviknight|Substitute
|move|p1a: Corviknight|Body Press|p2a: ROCKZILLA
|-supereffective|p2a: ROCKZILLA
|-damage|p2a: ROCKZILLA|33/100
|
|-heal|p1a: Corviknight|100/100|[from] item: Leftovers
|upkeep
|turn|12
|
|move|p1a: Corviknight|Protect|p1a: Corviknight
|-singleturn|p1a: Corviknight|Protect
|move|p2a: ROCKZILLA|Thunderbolt|p1a: Corviknight
|-activate|p1a: Corviknight|move: Protect
|
|upkeep
|turn|13
|
|switch|p1a: Corsola|Corsola-Galar, M|100/100
|-damage|p1a: Corsola|84/100|[from] Spikes
|move|p2a: ROCKZILLA|Dragon Tail|p1a: Corsola
|-damage|p1a: Corsola|70/100
|drag|p1a: Dragapult|Dragapult, M|100/100
|-damage|p1a: Dragapult|84/100|[from] Spikes
|
|upkeep
|turn|14
|
|move|p1a: Dragapult|Dragon Darts|p2a: ROCKZILLA
|-damage|p2a: ROCKZILLA|10/100
|-damage|p2a: ROCKZILLA|0 fnt
|-hitcount|p2a: ROCKZILLA|2
|-damage|p1a: Dragapult|74/100|[from] item: Life Orb
|faint|p2a: ROCKZILLA
|
|upkeep
|
|switch|p2a: FREEZE MAMA|Frosmoth, F|100/100
|turn|15
|
|move|p1a: Dragapult|U-turn|p2a: FREEZE MAMA
|-damage|p2a: FREEZE MAMA|49/100
|-damage|p1a: Dragapult|65/100|[from] item: Life Orb
|
|switch|p1a: Corsola|Corsola-Galar, M|70/100|[from]move: U-turn
|-damage|p1a: Corsola|54/100|[from] Spikes
|move|p2a: FREEZE MAMA|Ice Beam|p1a: Corsola
|-crit|p1a: Corsola
|-damage|p1a: Corsola|20/100
|
|upkeep
|turn|16
|
|move|p2a: FREEZE MAMA|Ice Beam|p1a: Corsola
|-damage|p1a: Corsola|0 fnt
|faint|p1a: Corsola
|
|upkeep
|
|switch|p1a: Salazzle|Salazzle, F|100/100
|-damage|p1a: Salazzle|84/100|[from] Spikes
|turn|17
|
|switch|p2a: MixedCramorantMeta|Cramorant, M|100/100
|move|p1a: Salazzle|Flamethrower|p2a: MixedCramorantMeta
|-resisted|p2a: MixedCramorantMeta
|-damage|p2a: MixedCramorantMeta|86/100
|
|upkeep
|turn|18
|
|switch|p1a: Corviknight|Corviknight, F|100/100
|-ability|p1a: Corviknight|Pressure
|move|p2a: MixedCramorantMeta|Surf|p1a: Corviknight
|-damage|p1a: Corviknight|74/100
|-formechange|p2a: MixedCramorantMeta|Cramorant-Gulping|
|
|-heal|p1a: Corviknight|80/100|[from] item: Leftovers
|upkeep
|turn|19
|
|move|p2a: MixedCramorantMeta|Air Slash|p1a: Corviknight
|-resisted|p1a: Corviknight
|-damage|p1a: Corviknight|68/100
|move|p1a: Corviknight|Substitute|p1a: Corviknight
|-start|p1a: Corviknight|Substitute
|-damage|p1a: Corviknight|43/100
|
|-heal|p1a: Corviknight|49/100|[from] item: Leftovers
|upkeep
|turn|20
|
|move|p1a: Corviknight|Protect|p1a: Corviknight
|-singleturn|p1a: Corviknight|Protect
|move|p2a: MixedCramorantMeta|Surf|p1a: Corviknight
|-activate|p1a: Corviknight|move: Protect
|
|-heal|p1a: Corviknight|56/100|[from] item: Leftovers
|upkeep
|turn|21
|
|move|p2a: MixedCramorantMeta|Surf|p1a: Corviknight
|-end|p1a: Corviknight|Substitute
|move|p1a: Corviknight|Air Slash|p2a: MixedCramorantMeta
|-formechange|p2a: MixedCramorantMeta|Cramorant|
|-damage|p1a: Corviknight|30/100|[from] ability: Gulp Missile|[of] p2a: MixedCramorantMeta
|-unboost|p1a: Corviknight|def|1
|-damage|p2a: MixedCramorantMeta|77/100
|
|-heal|p1a: Corviknight|37/100|[from] item: Leftovers
|upkeep
|turn|22
|
|move|p1a: Corviknight|Protect|p1a: Corviknight
|-singleturn|p1a: Corviknight|Protect
|move|p2a: MixedCramorantMeta|Surf|p1a: Corviknight
|-activate|p1a: Corviknight|move: Protect
|-formechange|p2a: MixedCramorantMeta|Cramorant-Gulping|
|
|-heal|p1a: Corviknight|43/100|[from] item: Leftovers
|upkeep
|turn|23
|
|switch|p1a: Kommo-o|Kommo-o, M|100/100
|-damage|p1a: Kommo-o|84/100|[from] Spikes
|move|p2a: MixedCramorantMeta|Air Slash|p1a: Kommo-o
|-supereffective|p1a: Kommo-o
|-damage|p1a: Kommo-o|39/100
|
|upkeep
|turn|24
|
|move|p1a: Kommo-o|Thunder Punch|p2a: MixedCramorantMeta
|-supereffective|p2a: MixedCramorantMeta
|-formechange|p2a: MixedCramorantMeta|Cramorant|
|-damage|p1a: Kommo-o|14/100|[from] ability: Gulp Missile|[of] p2a: MixedCramorantMeta
|-unboost|p1a: Kommo-o|def|1
|-damage|p2a: MixedCramorantMeta|0 fnt
|-damage|p1a: Kommo-o|4/100|[from] item: Life Orb
|faint|p2a: MixedCramorantMeta
|
|upkeep
|
|switch|p2a: Dino Dancer|Lapras, F|100/100
|turn|25
|
|move|p2a: Dino Dancer|Ice Shard|p1a: Kommo-o
|-supereffective|p1a: Kommo-o
|-damage|p1a: Kommo-o|0 fnt
|faint|p1a: Kommo-o
|
|upkeep
|
|switch|p1a: Corviknight|Corviknight, F|43/100
|-ability|p1a: Corviknight|Pressure
|turn|26
|
|move|p1a: Corviknight|Protect|p1a: Corviknight
|-singleturn|p1a: Corviknight|Protect
|move|p2a: Dino Dancer|Substitute|p2a: Dino Dancer
|-start|p2a: Dino Dancer|Substitute
|-damage|p2a: Dino Dancer|76/100
|
|-heal|p2a: Dino Dancer|82/100|[from] item: Leftovers
|-heal|p1a: Corviknight|49/100|[from] item: Leftovers
|upkeep
|turn|27
|
|move|p2a: Dino Dancer|Dragon Dance|p2a: Dino Dancer
|-boost|p2a: Dino Dancer|atk|1
|-boost|p2a: Dino Dancer|spe|1
|move|p1a: Corviknight|Body Press|p2a: Dino Dancer
|-supereffective|p2a: Dino Dancer
|-end|p2a: Dino Dancer|Substitute
|
|-heal|p2a: Dino Dancer|88/100|[from] item: Leftovers
|-heal|p1a: Corviknight|56/100|[from] item: Leftovers
|upkeep
|turn|28
|
|move|p2a: Dino Dancer|Liquidation|p1a: Corviknight
|-damage|p1a: Corviknight|22/100
|-unboost|p1a: Corviknight|def|1
|move|p1a: Corviknight|Body Press|p2a: Dino Dancer
|-supereffective|p2a: Dino Dancer
|-damage|p2a: Dino Dancer|49/100
|
|-heal|p2a: Dino Dancer|55/100|[from] item: Leftovers
|-heal|p1a: Corviknight|29/100|[from] item: Leftovers
|upkeep
|turn|29
|
|move|p2a: Dino Dancer|Dragon Dance|p2a: Dino Dancer
|-boost|p2a: Dino Dancer|atk|1
|-boost|p2a: Dino Dancer|spe|1
|move|p1a: Corviknight|Body Press|p2a: Dino Dancer
|-supereffective|p2a: Dino Dancer
|-damage|p2a: Dino Dancer|19/100
|
|-heal|p2a: Dino Dancer|25/100|[from] item: Leftovers
|-heal|p1a: Corviknight|35/100|[from] item: Leftovers
|upkeep
|turn|30
|
|move|p1a: Corviknight|Protect|p1a: Corviknight
|-singleturn|p1a: Corviknight|Protect
|move|p2a: Dino Dancer|Liquidation|p1a: Corviknight
|-activate|p1a: Corviknight|move: Protect
|
|-heal|p2a: Dino Dancer|31/100|[from] item: Leftovers
|-heal|p1a: Corviknight|41/100|[from] item: Leftovers
|upkeep
|turn|31
|
|move|p2a: Dino Dancer|Liquidation|p1a: Corviknight
|-damage|p1a: Corviknight|0 fnt
|faint|p1a: Corviknight
|
|-heal|p2a: Dino Dancer|38/100|[from] item: Leftovers
|upkeep
|
|switch|p1a: Hatterene|Hatterene, F|100/100
|-damage|p1a: Hatterene|84/100|[from] Spikes
|turn|32
|
|move|p2a: Dino Dancer|Liquidation|p1a: Hatterene
|-damage|p1a: Hatterene|0 fnt
|faint|p1a: Hatterene
|
|-heal|p2a: Dino Dancer|44/100|[from] item: Leftovers
|upkeep
|
|switch|p1a: Dragapult|Dragapult, M|65/100
|-damage|p1a: Dragapult|48/100|[from] Spikes
|turn|33
|
|move|p2a: Dino Dancer|Ice Shard|p1a: Dragapult
|-supereffective|p1a: Dragapult
|-damage|p1a: Dragapult|0 fnt
|faint|p1a: Dragapult
|
|-heal|p2a: Dino Dancer|50/100|[from] item: Leftovers
|upkeep
|
|switch|p1a: Salazzle|Salazzle, F|84/100
|-damage|p1a: Salazzle|67/100|[from] Spikes
|turn|34
|
|move|p2a: Dino Dancer|Liquidation|p1a: Salazzle
|-supereffective|p1a: Salazzle
|-damage|p1a: Salazzle|0 fnt
|faint|p1a: Salazzle
|
|win|The Name's Evelyn
|raw|YaBoiDave's rating: 1000 → 1000(+0 for losing)
|raw|The Name's Evelyn's rating: 1000 → 1040(+40 for winning)
|c|☆The Name's Evelyn|gg
|c|☆YaBoiDave|gg
|l|☆YaBoiDave
