|ScrapeTime|2020-01-02-03:04:59
|j|☆MooneVGC
|j|☆Nil0112
|player|p1|MooneVGC|265|
|player|p2|Nil0112|2|
|teamsize|p1|3
|teamsize|p2|3
|gametype|singles
|gen|8
|tier|[Gen 8] OU
|rule|Sleep Clause Mod: Limit one foe put to sleep
|rule|Species Clause: Limit one of each Pokémon
|rule|OHKO Clause: OHKO moves are banned
|rule|Evasion Moves Clause: Evasion moves are banned
|rule|Endless Battle Clause: Forcing endless battles is banned
|rule|HP Percentage Mod: HP is shown in percentages
|clearpoke
|poke|p1|Dragapult, M|
|poke|p1|Corviknight, F|
|poke|p1|Tyranitar, M|
|poke|p2|Dragapult, F|
|poke|p2|Corviknight, F|
|poke|p2|Tyranitar, M|
|rule|Dynamax Clause: You cannot dynamax
|teampreview
|c|☆MooneVGC|Lead with corviknight
|
|start
|switch|p1a: Corviknight|Corviknight, F|100/100
|switch|p2a: Corviknight|Corviknight, F|100/100
|turn|1
|c|☆MooneVGC|Ok, now I'll explain what the moves do
|c|☆Nil0112|Ok
|c|☆MooneVGC|Bulk Up will raise your attack and defense stats, allowing you to deal more physical damage, and take less physical damage
|c|☆MooneVGC|Roost heals your HP by 50%, and you lose your Flying type until the end of the turn
|c|☆MooneVGC|Brave Bird deals a lot of damage, but you take 1/3 of the damage you deal to your opponent
|c|☆MooneVGC|Iron Head is decently powerful, but has a chance to make your opponent flinch, which means they can't move this turn
|c|☆Nil0112|All right
|c|☆MooneVGC|Go ahead and choose Bulk Up
|
|move|p2a: Corviknight|Bulk Up|p2a: Corviknight
|-boost|p2a: Corviknight|atk|1
|-boost|p2a: Corviknight|def|1
|move|p1a: Corviknight|Bulk Up|p1a: Corviknight
|-boost|p1a: Corviknight|atk|1
|-boost|p1a: Corviknight|def|1
|
|upkeep
|turn|2
|c|☆MooneVGC|Since we both used it, it canceled out the bonus damage that one of us would deal
|c|☆MooneVGC|Now choose Iron Head
|c|☆Nil0112|Ok
|
|move|p1a: Corviknight|Iron Head|p2a: Corviknight
|-resisted|p2a: Corviknight
|-damage|p2a: Corviknight|90/100
|move|p2a: Corviknight|Iron Head|p1a: Corviknight
|-resisted|p1a: Corviknight
|-damage|p1a: Corviknight|90/100
|
|-heal|p1a: Corviknight|96/100|[from] item: Leftovers
|-heal|p2a: Corviknight|96/100|[from] item: Leftovers
|upkeep
|turn|3
|c|☆MooneVGC|Having Corviknight hold the Leftovers item allows it to heal a little HP after every turn
|c|☆Nil0112|Ok
|c|☆MooneVGC|That makes it survive longer
|c|☆MooneVGC|Choose Iron Head again
|
|switch|p1a: Dragapult|Dragapult, M|100/100
|move|p2a: Corviknight|Iron Head|p1a: Dragapult
|-damage|p1a: Dragapult|48/100
|
|-heal|p2a: Corviknight|100/100|[from] item: Leftovers
|upkeep
|turn|4
|c|☆MooneVGC|Since Iron Head is a Steel type move, and Corviknight is a Steel type, the move had 1.5x power
|c|☆MooneVGC|Choose Iron Head once more
|
|move|p1a: Dragapult|Will-O-Wisp|p2a: Corviknight
|-status|p2a: Corviknight|brn
|move|p2a: Corviknight|Iron Head|p1a: Dragapult
|-damage|p1a: Dragapult|22/100
|
|-damage|p2a: Corviknight|94/100 brn|[from] brn
|upkeep
|turn|5
|c|☆MooneVGC|Will-O-Wisp burns the opponent, which means it's attack is halved, and the Pokemon loses a bit of HP every turn
|c|☆Nil0112|Oh, ok
|c|☆MooneVGC|Use Roost this turn
|
|move|p1a: Dragapult|Thunderbolt|p2a: Corviknight
|-supereffective|p2a: Corviknight
|-damage|p2a: Corviknight|43/100 brn
|-damage|p1a: Dragapult|12/100|[from] item: Life Orb
|move|p2a: Corviknight|Roost|p2a: Corviknight
|-heal|p2a: Corviknight|93/100 brn
|-singleturn|p2a: Corviknight|move: Roost
|
|-heal|p2a: Corviknight|99/100 brn|[from] item: Leftovers
|-damage|p2a: Corviknight|93/100 brn|[from] brn
|upkeep
|turn|6
|c|☆MooneVGC|You were able to shrug off that damage easily due to Roost, which basically wasted a turn for Dragapult
|c|☆Nil0112|Ok
|c|☆MooneVGC|Dragapult's item, the Life Orb, allows it to deal 1.3x damage with all of its attacks, but at the cost of 1/10 of its health after every attack
|c|☆MooneVGC|Use Roost again
|
|move|p1a: Dragapult|Thunderbolt|p2a: Corviknight
|-supereffective|p2a: Corviknight
|-damage|p2a: Corviknight|43/100 brn
|-damage|p1a: Dragapult|2/100|[from] item: Life Orb
|move|p2a: Corviknight|Roost|p2a: Corviknight
|-heal|p2a: Corviknight|93/100 brn
|-singleturn|p2a: Corviknight|move: Roost
|
|-heal|p2a: Corviknight|99/100 brn|[from] item: Leftovers
|-damage|p2a: Corviknight|93/100 brn|[from] brn
|upkeep
|turn|7
|c|☆MooneVGC|Dragapult is slowly wearing itself down with recoil damage, but Corviknight can easily heal it off
|c|☆MooneVGC|Use Roost one more time
|
|move|p1a: Dragapult|Thunderbolt|p2a: Corviknight
|-supereffective|p2a: Corviknight
|-damage|p2a: Corviknight|47/100 brn
|-damage|p1a: Dragapult|0 fnt|[from] item: Life Orb
|faint|p1a: Dragapult
|move|p2a: Corviknight|Roost|p2a: Corviknight
|-heal|p2a: Corviknight|97/100 brn
|-singleturn|p2a: Corviknight|move: Roost
|
|-heal|p2a: Corviknight|100/100 brn|[from] item: Leftovers
|-damage|p2a: Corviknight|94/100 brn|[from] brn
|upkeep
|
|switch|p1a: Tyranitar|Tyranitar, M|100/100
|-weather|Sandstorm|[from] ability: Sand Stream|[of] p1a: Tyranitar
|turn|8
|c|☆MooneVGC|Use Iron Head
|
|move|p1a: Tyranitar|Dragon Dance|p1a: Tyranitar
|-boost|p1a: Tyranitar|atk|1
|-boost|p1a: Tyranitar|spe|1
|move|p2a: Corviknight|Iron Head|p1a: Tyranitar
|-supereffective|p1a: Tyranitar
|-damage|p1a: Tyranitar|67/100
|
|-weather|Sandstorm|[upkeep]
|-heal|p2a: Corviknight|100/100 brn|[from] item: Leftovers
|-damage|p2a: Corviknight|94/100 brn|[from] brn
|upkeep
|turn|9
|c|☆MooneVGC|Dragon Dance raises Tyranitar's Attack and Speed, allowing it to attack harder, and letting it move before it normally would
|c|☆Nil0112|Ok
|c|☆MooneVGC|But keep in mind, raising your speed doesn't always make you go first
|c|☆Nil0112|Yeahh
|c|☆MooneVGC|It usually will though, because a lot of Pokemon have similar Speed stats
|c|☆Nil0112|Ok
|c|☆MooneVGC|Use Brave Bird
|
|move|p1a: Tyranitar|Dragon Dance|p1a: Tyranitar
|-boost|p1a: Tyranitar|atk|1
|-boost|p1a: Tyranitar|spe|1
|move|p2a: Corviknight|Brave Bird|p1a: Tyranitar
|-resisted|p1a: Tyranitar
|-damage|p1a: Tyranitar|54/100
|-damage|p2a: Corviknight|90/100 brn|[from] Recoil
|
|-weather|Sandstorm|[upkeep]
|-heal|p2a: Corviknight|97/100 brn|[from] item: Leftovers
|-damage|p2a: Corviknight|90/100 brn|[from] brn
|upkeep
|turn|10
|c|☆MooneVGC|Go ahead and use Iron Head again
|
|move|p1a: Tyranitar|Dragon Dance|p1a: Tyranitar
|-boost|p1a: Tyranitar|atk|1
|-boost|p1a: Tyranitar|spe|1
|move|p2a: Corviknight|Iron Head|p1a: Tyranitar
|-supereffective|p1a: Tyranitar
|-damage|p1a: Tyranitar|19/100
|-enditem|p1a: Tyranitar|Aguav Berry|[eat]
|-heal|p1a: Tyranitar|52/100|[from] item: Aguav Berry
|
|-weather|Sandstorm|[upkeep]
|-heal|p2a: Corviknight|97/100 brn|[from] item: Leftovers
|-damage|p2a: Corviknight|90/100 brn|[from] brn
|upkeep
|turn|11
|c|☆MooneVGC|Tyranitar just ate its Aguav Berry, which heals 1/3 of Tyranitar's HP when it falls to 1/4 or less
|c|☆Nil0112|Ok
|c|☆MooneVGC|This allows Tyranitar to recover HP without dedicating a move slot to it
|c|☆MooneVGC|Also, certain items like the Aguav Berry only activate once
|c|☆MooneVGC|Use Iron Head again
|
|move|p1a: Tyranitar|Crunch|p2a: Corviknight
|-damage|p2a: Corviknight|26/100 brn
|move|p2a: Corviknight|Iron Head|p1a: Tyranitar
|-supereffective|p1a: Tyranitar
|-damage|p1a: Tyranitar|20/100
|
|-weather|Sandstorm|[upkeep]
|-heal|p2a: Corviknight|33/100 brn|[from] item: Leftovers
|-damage|p2a: Corviknight|26/100 brn|[from] brn
|upkeep
|turn|12
|c|☆MooneVGC|Without the recovery of the Aguav Berry, Tyranitar would have died to that hit, which could change the course of a game
|c|☆Nil0112|And because of the attack buff, he did a lot of damage
|c|☆MooneVGC|Click any move, it doesn't matter which one
|c|☆MooneVGC|Exactly
|
|move|p1a: Tyranitar|Crunch|p2a: Corviknight
|-damage|p2a: Corviknight|0 fnt
|faint|p2a: Corviknight
|
|-weather|none
|upkeep
|c|☆MooneVGC|Go into Tyranitar
|
|switch|p2a: Tyranitar|Tyranitar, M|100/100
|-weather|Sandstorm|[from] ability: Sand Stream|[of] p2a: Tyranitar
|turn|13
|c|☆MooneVGC|A Pokemon with boosted stats is always scary, so it's important to get rid of them before they set up
|c|☆MooneVGC|Go ahead and click Earthquake
|
|move|p1a: Tyranitar|Earthquake|p2a: Tyranitar
|-supereffective|p2a: Tyranitar
|-damage|p2a: Tyranitar|0 fnt
|faint|p2a: Tyranitar
|
|-weather|Sandstorm|[upkeep]
|upkeep
|c|☆MooneVGC|Even though they were the same Pokemon, your Tyranitar died because I had already boosted my Tyranitar's stats
|c|☆Nil0112|Ok
|c|☆MooneVGC|Go ahead and click Dragapult
|
|switch|p2a: Dragapult|Dragapult, F|100/100
|turn|14
|c|☆MooneVGC|Click Dragon Pulse
|
|move|p1a: Tyranitar|Dragon Dance|p1a: Tyranitar
|-boost|p1a: Tyranitar|atk|1
|-boost|p1a: Tyranitar|spe|1
|move|p2a: Dragapult|Dragon Pulse|p1a: Tyranitar
|-crit|p1a: Tyranitar
|-damage|p1a: Tyranitar|0 fnt
|-damage|p2a: Dragapult|91/100|[from] item: Life Orb
|faint|p1a: Tyranitar
|
|-weather|Sandstorm|[upkeep]
|-damage|p2a: Dragapult|85/100|[from] Sandstorm
|upkeep
|
|switch|p1a: Corviknight|Corviknight, F|96/100
|turn|15
|c|☆MooneVGC|Thunderbolt would deal a lot of damage to me, but I would KO with Brave Bird. So instead, use Will-O-Wisp, which will allow Dragapult to live
|
|move|p2a: Dragapult|Will-O-Wisp|p1a: Corviknight
|-status|p1a: Corviknight|brn
|move|p1a: Corviknight|Brave Bird|p2a: Dragapult
|-damage|p2a: Dragapult|59/100
|-damage|p1a: Corviknight|89/100 brn|[from] Recoil
|
|-weather|Sandstorm|[upkeep]
|-damage|p2a: Dragapult|53/100|[from] Sandstorm
|-heal|p1a: Corviknight|96/100 brn|[from] item: Leftovers
|-damage|p1a: Corviknight|89/100 brn|[from] brn
|upkeep
|turn|16
|c|☆MooneVGC|Now, click Thunderbolt, that will knock me out before I kill with Brave Bird
|
|move|p2a: Dragapult|Thunderbolt|p1a: Corviknight
|-supereffective|p1a: Corviknight
|-damage|p1a: Corviknight|45/100 brn
|-damage|p2a: Dragapult|43/100|[from] item: Life Orb
|move|p1a: Corviknight|Brave Bird|p2a: Dragapult
|-damage|p2a: Dragapult|17/100
|-damage|p1a: Corviknight|38/100 brn|[from] Recoil
|
|-weather|Sandstorm|[upkeep]
|-damage|p2a: Dragapult|11/100|[from] Sandstorm
|-heal|p1a: Corviknight|44/100 brn|[from] item: Leftovers
|-damage|p1a: Corviknight|38/100 brn|[from] brn
|upkeep
|turn|17
|c|☆MooneVGC|And click it again
|
|move|p2a: Dragapult|Thunderbolt|p1a: Corviknight
|-supereffective|p1a: Corviknight
|-damage|p1a: Corviknight|0 fnt
|-damage|p2a: Dragapult|1/100|[from] item: Life Orb
|faint|p1a: Corviknight
|
|win|Nil0112
|l|☆Nil0112
|j|☆Nil0112
|player|p2|Nil0112|2
|c|☆MooneVGC|I could have stalled you out by clicking Roost and letting you die to Life Orb recoil, but if a Pokemon didn't have recovery, that would be how it plays out
