|ScrapeTime|2020-01-01-20:16:34
|j|☆mysa in the street
|j|☆Axelacnl
|player|p1|mysa in the street|cameraman|1168
|player|p2|Axelacnl|hilbert-dueldisk|1136
|teamsize|p1|6
|teamsize|p2|6
|gametype|singles
|gen|8
|tier|[Gen 8] OU
|rated|
|rule|Sleep Clause Mod: Limit one foe put to sleep
|rule|Species Clause: Limit one of each Pokémon
|rule|OHKO Clause: OHKO moves are banned
|rule|Evasion Moves Clause: Evasion moves are banned
|rule|Endless Battle Clause: Forcing endless battles is banned
|rule|HP Percentage Mod: HP is shown in percentages
|clearpoke
|poke|p1|Hawlucha, F|
|poke|p1|Ditto|
|poke|p1|Grimmsnarl, M|
|poke|p1|Hydreigon, F|
|poke|p1|Cinderace, M|
|poke|p1|Seismitoad, M|
|poke|p2|Cinderace, F|
|poke|p2|Araquanid, F|
|poke|p2|Seismitoad, M|
|poke|p2|Dragapult, F|
|poke|p2|Corviknight, M|
|poke|p2|Bisharp, F|
|rule|Dynamax Clause: You cannot dynamax
|teampreview
|
|start
|switch|p1a: bouton|Seismitoad, M|100/100
|switch|p2a: Tartencule|Araquanid, F|100/100
|turn|1
|
|move|p1a: bouton|Earthquake|p2a: Tartencule
|-resisted|p2a: Tartencule
|-damage|p2a: Tartencule|86/100
|move|p2a: Tartencule|Sticky Web|p1a: bouton
|-sidestart|p1: mysa in the street|move: Sticky Web
|
|-heal|p2a: Tartencule|92/100|[from] item: Leftovers
|upkeep
|turn|2
|
|move|p1a: bouton|Stealth Rock|p2a: Tartencule
|-sidestart|p2: Axelacnl|move: Stealth Rock
|move|p2a: Tartencule|Leech Life|p1a: bouton
|-damage|p1a: bouton|85/100
|-heal|p2a: Tartencule|100/100|[from] drain|[of] p1a: bouton
|
|-heal|p1a: bouton|91/100|[from] item: Leftovers
|upkeep
|turn|3
|
|switch|p1a: rey misterio|Hawlucha, F|100/100
|-ability|p1a: rey misterio|Mold Breaker
|switch|p2a: Deums|Corviknight, M|100/100
|-damage|p2a: Deums|88/100|[from] Stealth Rock
|
|-heal|p2a: Deums|94/100|[from] item: Leftovers
|upkeep
|turn|4
|
|switch|p1a: coucou|Ditto|100/100
|-activate|p1a: coucou|move: Sticky Web
|-unboost|p1a: coucou|spe|1
|-transform|p1a: coucou|p2a: Deums|[from] ability: Imposter
|move|p2a: Deums|Body Press|p1a: coucou
|-damage|p1a: coucou|80/100
|
|-heal|p2a: Deums|100/100|[from] item: Leftovers
|upkeep
|turn|5
|
|move|p1a: coucou|Defog|p2a: Deums
|-ability|p2a: Deums|Mirror Armor
|-unboost|p1a: coucou|evasion|1
|-sideend|p2: Axelacnl|Stealth Rock|[from] move: Defog|[of] p1a: coucou
|-sideend|p1: mysa in the street|Sticky Web|[from] move: Defog|[of] p1a: coucou
|move|p2a: Deums|Body Press|p1a: coucou
|-damage|p1a: coucou|60/100
|
|upkeep
|turn|6
|
|switch|p1a: bouton|Seismitoad, M|91/100
|switch|p2a: Tartencule|Araquanid, F|100/100
|
|-heal|p1a: bouton|97/100|[from] item: Leftovers
|upkeep
|turn|7
|
|switch|p1a: rey misterio|Hawlucha, F|100/100
|-ability|p1a: rey misterio|Mold Breaker
|move|p2a: Tartencule|Sticky Web|p1a: rey misterio
|-sidestart|p1: mysa in the street|move: Sticky Web
|
|upkeep
|turn|8
|
|switch|p2a: Deums|Corviknight, M|100/100
|move|p1a: rey misterio|Thunder Punch|p2a: Deums
|-supereffective|p2a: Deums
|-damage|p2a: Deums|69/100
|
|-heal|p2a: Deums|76/100|[from] item: Leftovers
|upkeep
|turn|9
|
|move|p1a: rey misterio|Thunder Punch|p2a: Deums
|-supereffective|p2a: Deums
|-damage|p2a: Deums|44/100
|move|p2a: Deums|Roost|p2a: Deums
|-heal|p2a: Deums|94/100
|-singleturn|p2a: Deums|move: Roost
|
|-heal|p2a: Deums|99/100|[from] item: Leftovers
|upkeep
|turn|10
|
|move|p1a: rey misterio|Thunder Punch|p2a: Deums
|-supereffective|p2a: Deums
|-damage|p2a: Deums|65/100
|move|p2a: Deums|Body Press|p1a: rey misterio
|-resisted|p1a: rey misterio
|-damage|p1a: rey misterio|80/100
|
|-heal|p2a: Deums|71/100|[from] item: Leftovers
|upkeep
|turn|11
|
|move|p1a: rey misterio|Thunder Punch|p2a: Deums
|-supereffective|p2a: Deums
|-damage|p2a: Deums|40/100
|move|p2a: Deums|Roost|p2a: Deums
|-heal|p2a: Deums|90/100
|-singleturn|p2a: Deums|move: Roost
|
|-heal|p2a: Deums|96/100|[from] item: Leftovers
|upkeep
|turn|12
|
|switch|p2a: Johnny Crying|Seismitoad, M|100/100
|move|p1a: rey misterio|Thunder Punch|p2a: Johnny Crying
|-immune|p2a: Johnny Crying
|
|upkeep
|turn|13
|
|switch|p1a: bouton|Seismitoad, M|97/100
|-activate|p1a: bouton|move: Sticky Web
|-unboost|p1a: bouton|spe|1
|move|p2a: Johnny Crying|Stealth Rock|p1a: bouton
|-sidestart|p1: mysa in the street|move: Stealth Rock
|
|-heal|p1a: bouton|100/100|[from] item: Leftovers
|upkeep
|turn|14
|c|☆Axelacnl|ah mais tu le joues bandeau choiiix
|
|move|p2a: Johnny Crying|Scald|p1a: bouton
|-immune|p1a: bouton|[from] ability: Water Absorb
|move|p1a: bouton|Toxic|p2a: Johnny Crying|[miss]
|-miss|p1a: bouton|p2a: Johnny Crying
|
|upkeep
|turn|15
|c|☆mysa in the street|euh
|c|☆mysa in the street|non
|c|☆Axelacnl|ah.
|c|☆mysa in the street|et poutquoi je te le dirais ? ;)
|c|☆Axelacnl|ouais obvious
|
|move|p2a: Johnny Crying|Toxic|p1a: bouton
|-status|p1a: bouton|tox
|move|p1a: bouton|Toxic|p2a: Johnny Crying
|-status|p2a: Johnny Crying|tox
|
|-damage|p2a: Johnny Crying|94/100 tox|[from] psn
|-damage|p1a: bouton|94/100 tox|[from] psn
|upkeep
|turn|16
|
|switch|p2a: Deums|Corviknight, M|96/100
|move|p1a: bouton|Earthquake|p2a: Deums
|-immune|p2a: Deums
|
|-heal|p2a: Deums|100/100|[from] item: Leftovers
|-heal|p1a: bouton|100/100 tox|[from] item: Leftovers
|-damage|p1a: bouton|88/100 tox|[from] psn
|upkeep
|turn|17
|
|switch|p1a: coucou|Ditto|60/100
|-damage|p1a: coucou|48/100|[from] Stealth Rock
|-activate|p1a: coucou|move: Sticky Web
|-unboost|p1a: coucou|spe|1
|-transform|p1a: coucou|p2a: Deums|[from] ability: Imposter
|move|p2a: Deums|Bulk Up|p2a: Deums
|-boost|p2a: Deums|atk|1
|-boost|p2a: Deums|def|1
|
|upkeep
|turn|18
|
|move|p1a: coucou|Defog|p2a: Deums
|-ability|p2a: Deums|Mirror Armor
|-unboost|p1a: coucou|evasion|1
|-sideend|p1: mysa in the street|Stealth Rock|[from] move: Defog|[of] p1a: coucou
|-sideend|p1: mysa in the street|Sticky Web|[from] move: Defog|[of] p1a: coucou
|move|p2a: Deums|Body Press|p1a: coucou
|-damage|p1a: coucou|16/100
|
|upkeep
|turn|19
|
|switch|p1a: rey misterio|Hawlucha, F|80/100
|-ability|p1a: rey misterio|Mold Breaker
|move|p2a: Deums|Body Press|p1a: rey misterio
|-resisted|p1a: rey misterio
|-damage|p1a: rey misterio|51/100
|
|upkeep
|turn|20
|
|switch|p2a: La Grosse Bertha|Dragapult, F|100/100
|move|p1a: rey misterio|Thunder Punch|p2a: La Grosse Bertha
|-resisted|p2a: La Grosse Bertha
|-damage|p2a: La Grosse Bertha|85/100
|
|upkeep
|turn|21
|
|switch|p1a: bouton|Seismitoad, M|88/100 tox
|move|p2a: La Grosse Bertha|Thunderbolt|p1a: bouton
|-immune|p1a: bouton
|
|-heal|p1a: bouton|94/100 tox|[from] item: Leftovers
|-damage|p1a: bouton|88/100 tox|[from] psn
|upkeep
|turn|22
|
|switch|p2a: Deums|Corviknight, M|100/100
|switch|p1a: rey misterio|Hawlucha, F|51/100
|-ability|p1a: rey misterio|Mold Breaker
|
|upkeep
|turn|23
|
|move|p1a: rey misterio|Thunder Punch|p2a: Deums
|-supereffective|p2a: Deums
|-damage|p2a: Deums|69/100
|move|p2a: Deums|Body Press|p1a: rey misterio
|-resisted|p1a: rey misterio
|-damage|p1a: rey misterio|32/100
|
|-heal|p2a: Deums|75/100|[from] item: Leftovers
|upkeep
|turn|24
|
|move|p1a: rey misterio|Thunder Punch|p2a: Deums
|-supereffective|p2a: Deums
|-damage|p2a: Deums|42/100
|move|p2a: Deums|Roost|p2a: Deums
|-heal|p2a: Deums|92/100
|-singleturn|p2a: Deums|move: Roost
|
|-heal|p2a: Deums|99/100|[from] item: Leftovers
|upkeep
|turn|25
|
|move|p1a: rey misterio|Drain Punch|p2a: Deums
|-damage|p2a: Deums|80/100
|-heal|p1a: rey misterio|44/100|[from] drain|[of] p2a: Deums
|move|p2a: Deums|Body Press|p1a: rey misterio
|-resisted|p1a: rey misterio
|-damage|p1a: rey misterio|23/100
|
|-heal|p2a: Deums|86/100|[from] item: Leftovers
|upkeep
|turn|26
|
|switch|p1a: Cinderace|Cinderace, M|100/100
|move|p2a: Deums|Body Press|p1a: Cinderace
|-damage|p1a: Cinderace|65/100
|
|-heal|p2a: Deums|92/100|[from] item: Leftovers
|upkeep
|turn|27
|
|switch|p2a: Tartencule|Araquanid, F|100/100
|move|p1a: Cinderace|Pyro Ball|p2a: Tartencule
|-damage|p2a: Tartencule|72/100
|
|-heal|p2a: Tartencule|78/100|[from] item: Leftovers
|upkeep
|turn|28
|
|move|p1a: Cinderace|Gunk Shot|p2a: Tartencule
|-damage|p2a: Tartencule|45/100
|move|p2a: Tartencule|Liquidation|p1a: Cinderace
|-supereffective|p1a: Cinderace
|-damage|p1a: Cinderace|0 fnt
|faint|p1a: Cinderace
|
|-heal|p2a: Tartencule|52/100|[from] item: Leftovers
|upkeep
|
|switch|p1a: rey misterio|Hawlucha, F|23/100
|-ability|p1a: rey misterio|Mold Breaker
|turn|29
|
|move|p1a: rey misterio|Thunder Punch|p2a: Tartencule
|-supereffective|p2a: Tartencule
|-damage|p2a: Tartencule|9/100
|move|p2a: Tartencule|Liquidation|p1a: rey misterio
|-damage|p1a: rey misterio|0 fnt
|faint|p1a: rey misterio
|
|-heal|p2a: Tartencule|15/100|[from] item: Leftovers
|upkeep
|
|switch|p1a: 3mnom|Hydreigon, F|100/100
|turn|30
|
|move|p1a: 3mnom|Dark Pulse|p2a: Tartencule
|-damage|p2a: Tartencule|0 fnt
|faint|p2a: Tartencule
|
|upkeep
|
|switch|p2a: La Grosse Bertha|Dragapult, F|85/100
|turn|31
|
|switch|p2a: Johnny Crying|Seismitoad, M|94/100 tox
|move|p1a: 3mnom|Nasty Plot|p1a: 3mnom
|-boost|p1a: 3mnom|spa|2
|
|-heal|p2a: Johnny Crying|100/100 tox|[from] item: Leftovers
|-damage|p2a: Johnny Crying|94/100 tox|[from] psn
|upkeep
|turn|32
|
|move|p1a: 3mnom|Dark Pulse|p2a: Johnny Crying
|-crit|p2a: Johnny Crying
|-damage|p2a: Johnny Crying|10/100 tox
|cant|p2a: Johnny Crying|flinch
|
|-heal|p2a: Johnny Crying|16/100 tox|[from] item: Leftovers
|-damage|p2a: Johnny Crying|4/100 tox|[from] psn
|upkeep
|turn|33
|
|move|p1a: 3mnom|Dark Pulse|p2a: Johnny Crying
|-damage|p2a: Johnny Crying|0 fnt
|faint|p2a: Johnny Crying
|
|upkeep
|
|switch|p2a: La Grosse Bertha|Dragapult, F|85/100
|turn|34
|
|move|p2a: La Grosse Bertha|Draco Meteor|p1a: 3mnom|[miss]
|-miss|p2a: La Grosse Bertha|p1a: 3mnom
|move|p1a: 3mnom|Dark Pulse|p2a: La Grosse Bertha
|-supereffective|p2a: La Grosse Bertha
|-damage|p2a: La Grosse Bertha|0 fnt
|faint|p2a: La Grosse Bertha
|
|upkeep
|c|☆Axelacnl|:(
|
|switch|p2a: Axel Blazé|Cinderace, F|100/100
|turn|35
|c|☆mysa in the street|le haxx
|
|move|p2a: Axel Blazé|U-turn|p1a: 3mnom
|-supereffective|p1a: 3mnom
|-damage|p1a: 3mnom|51/100
|
|switch|p2a: Deums|Corviknight, M|92/100|[from]move: U-turn
|move|p1a: 3mnom|Dark Pulse|p2a: Deums
|-damage|p2a: Deums|3/100
|
|-heal|p1a: 3mnom|57/100|[from] item: Leftovers
|-heal|p2a: Deums|10/100|[from] item: Leftovers
|upkeep
|turn|36
|
|move|p1a: 3mnom|Dark Pulse|p2a: Deums
|-damage|p2a: Deums|0 fnt
|faint|p2a: Deums
|
|-heal|p1a: 3mnom|64/100|[from] item: Leftovers
|upkeep
|
|switch|p2a: Axel Blazé|Cinderace, F|100/100
|turn|37
|
|move|p2a: Axel Blazé|U-turn|p1a: 3mnom
|-supereffective|p1a: 3mnom
|-damage|p1a: 3mnom|12/100
|
|switch|p2a: Bobba Fett|Bisharp, F|100/100|[from]move: U-turn
|move|p1a: 3mnom|Dark Pulse|p2a: Bobba Fett
|-resisted|p2a: Bobba Fett
|-damage|p2a: Bobba Fett|37/100
|
|-heal|p1a: 3mnom|19/100|[from] item: Leftovers
|upkeep
|turn|38
|
|move|p2a: Bobba Fett|Sucker Punch|p1a: 3mnom
|-resisted|p1a: 3mnom
|-damage|p1a: 3mnom|0 fnt
|-damage|p2a: Bobba Fett|27/100|[from] item: Life Orb
|faint|p1a: 3mnom
|
|upkeep
|
|switch|p1a: Grimmsnarl|Grimmsnarl, M|100/100
|turn|39
|
|move|p1a: Grimmsnarl|Bulk Up|p1a: Grimmsnarl
|-boost|p1a: Grimmsnarl|atk|1
|-boost|p1a: Grimmsnarl|def|1
|move|p2a: Bobba Fett|Iron Head|p1a: Grimmsnarl
|-supereffective|p1a: Grimmsnarl
|-damage|p1a: Grimmsnarl|17/100
|-damage|p2a: Bobba Fett|17/100|[from] item: Life Orb
|
|-heal|p1a: Grimmsnarl|23/100|[from] item: Leftovers
|upkeep
|turn|40
|
|move|p2a: Bobba Fett|Sucker Punch|p1a: Grimmsnarl
|-resisted|p1a: Grimmsnarl
|-damage|p1a: Grimmsnarl|14/100
|-damage|p2a: Bobba Fett|7/100|[from] item: Life Orb
|move|p1a: Grimmsnarl|Play Rough|p2a: Bobba Fett
|-damage|p2a: Bobba Fett|0 fnt
|faint|p2a: Bobba Fett
|
|-heal|p1a: Grimmsnarl|20/100|[from] item: Leftovers
|upkeep
|c|☆Axelacnl|mais quel con
|
|switch|p2a: Axel Blazé|Cinderace, F|100/100
|turn|41
|c|☆Axelacnl|j'suis plus rapide
|
|move|p2a: Axel Blazé|Pyro Ball|p1a: Grimmsnarl
|-damage|p1a: Grimmsnarl|0 fnt
|faint|p1a: Grimmsnarl
|
|upkeep
|
|switch|p1a: bouton|Seismitoad, M|88/100 tox
|turn|42
|
|move|p2a: Axel Blazé|High Jump Kick|p1a: bouton|[miss]
|-miss|p2a: Axel Blazé|p1a: bouton
|-damage|p2a: Axel Blazé|51/100|[from] highjumpkick
|move|p1a: bouton|Earthquake|p2a: Axel Blazé
|-supereffective|p2a: Axel Blazé
|-damage|p2a: Axel Blazé|0 fnt
|faint|p2a: Axel Blazé
|
|win|mysa in the street
|c|☆Axelacnl|haxx de mort
