|ScrapeTime|2020-01-01-12:08:32
|j|☆Likeableluigi
|j|☆Dads vvf
|player|p1|Likeableluigi|101|1033
|player|p2|Dads vvf|koga|1040
|teamsize|p1|6
|teamsize|p2|6
|gametype|singles
|gen|8
|tier|[Gen 8] OU
|rated|
|rule|Sleep Clause Mod: Limit one foe put to sleep
|rule|Species Clause: Limit one of each Pokémon
|rule|OHKO Clause: OHKO moves are banned
|rule|Evasion Moves Clause: Evasion moves are banned
|rule|Endless Battle Clause: Forcing endless battles is banned
|rule|HP Percentage Mod: HP is shown in percentages
|clearpoke
|poke|p1|Dracovish|
|poke|p1|Drednaw, M|
|poke|p1|Eldegoss, F|
|poke|p1|Pelipper, M|
|poke|p1|Frosmoth, M|
|poke|p1|Flapple, M|
|poke|p2|Clefable, M|
|poke|p2|Seismitoad, M|
|poke|p2|Mandibuzz, F|
|poke|p2|Aegislash, M|
|poke|p2|Excadrill, F|
|poke|p2|Tyranitar, F|
|rule|Dynamax Clause: You cannot dynamax
|teampreview
|
|start
|switch|p1a: FlappleChad|Flapple, M|100/100
|switch|p2a: Aegislash|Aegislash, M|100/100
|turn|1
|
|move|p1a: FlappleChad|Dragon Dance|p1a: FlappleChad
|-boost|p1a: FlappleChad|atk|1
|-boost|p1a: FlappleChad|spe|1
|-formechange|p2a: Aegislash|Aegislash-Blade||[from] ability: Stance Change
|move|p2a: Aegislash|Shadow Ball|p1a: FlappleChad
|-damage|p1a: FlappleChad|0 fnt
|faint|p1a: FlappleChad
|
|upkeep
|
|switch|p1a: Shiver Star|Frosmoth, M|100/100
|turn|2
|
|switch|p2a: Tyranitar|Tyranitar, F|100/100
|-weather|Sandstorm|[from] ability: Sand Stream|[of] p2a: Tyranitar
|move|p1a: Shiver Star|Reflect|p1a: Shiver Star
|-sidestart|p1: Likeableluigi|Reflect
|
|-weather|Sandstorm|[upkeep]
|-damage|p1a: Shiver Star|94/100|[from] Sandstorm
|upkeep
|turn|3
|
|switch|p1a: Gulliver|Pelipper, M|100/100
|-weather|RainDance|[from] ability: Drizzle|[of] p1a: Gulliver
|move|p2a: Tyranitar|Stone Edge|p1a: Gulliver
|-supereffective|p1a: Gulliver
|-damage|p1a: Gulliver|57/100
|
|-weather|RainDance|[upkeep]
|upkeep
|turn|4
|
|switch|p2a: Seismitoad|Seismitoad, M|100/100
|switch|p1a: Seblord|Drednaw, M|100/100
|
|-weather|RainDance|[upkeep]
|upkeep
|turn|5
|
|switch|p1a: Shiver Star|Frosmoth, M|94/100
|move|p2a: Seismitoad|Toxic|p1a: Shiver Star
|-status|p1a: Shiver Star|tox
|
|-weather|RainDance|[upkeep]
|-damage|p1a: Shiver Star|88/100 tox|[from] psn
|upkeep
|turn|6
|
|switch|p2a: Tyranitar|Tyranitar, F|100/100
|-weather|Sandstorm|[from] ability: Sand Stream|[of] p2a: Tyranitar
|move|p1a: Shiver Star|Ice Beam|p2a: Tyranitar
|-damage|p2a: Tyranitar|72/100
|
|-weather|Sandstorm|[upkeep]
|-damage|p1a: Shiver Star|82/100 tox|[from] Sandstorm
|-damage|p1a: Shiver Star|70/100 tox|[from] psn
|-sideend|p1: Likeableluigi|Reflect
|upkeep
|turn|7
|
|switch|p1a: PollenStalin|Eldegoss, F|100/100
|move|p2a: Tyranitar|Stone Edge|p1a: PollenStalin
|-damage|p1a: PollenStalin|42/100
|-enditem|p1a: PollenStalin|Eject Button
|
|switch|p1a: Gulliver|Pelipper, M|57/100
|-weather|RainDance|[from] ability: Drizzle|[of] p1a: Gulliver
|
|-weather|RainDance|[upkeep]
|upkeep
|turn|8
|
|switch|p2a: Mandibuzz|Mandibuzz, F|100/100
|switch|p1a: Seblord|Drednaw, M|100/100
|
|-weather|RainDance|[upkeep]
|upkeep
|turn|9
|
|switch|p2a: Seismitoad|Seismitoad, M|100/100
|move|p1a: Seblord|Swords Dance|p1a: Seblord
|-boost|p1a: Seblord|atk|2
|
|-weather|RainDance|[upkeep]
|upkeep
|turn|10
|
|move|p1a: Seblord|Swords Dance|p1a: Seblord
|-boost|p1a: Seblord|atk|2
|move|p2a: Seismitoad|Toxic|p1a: Seblord
|-status|p1a: Seblord|tox
|
|-weather|RainDance|[upkeep]
|-damage|p1a: Seblord|94/100 tox|[from] psn
|upkeep
|turn|11
|
|move|p2a: Seismitoad|Protect|p2a: Seismitoad
|-singleturn|p2a: Seismitoad|Protect
|move|p1a: Seblord|Superpower|p2a: Seismitoad
|-activate|p2a: Seismitoad|move: Protect
|
|-weather|RainDance|[upkeep]
|-damage|p1a: Seblord|82/100 tox|[from] psn
|upkeep
|turn|12
|
|switch|p2a: Aegislash|Aegislash, M|100/100
|move|p1a: Seblord|Liquidation|p2a: Aegislash
|-damage|p2a: Aegislash|0 fnt
|-damage|p1a: Seblord|73/100 tox|[from] item: Life Orb
|faint|p2a: Aegislash
|
|-weather|RainDance|[upkeep]
|-damage|p1a: Seblord|55/100 tox|[from] psn
|upkeep
|
|switch|p2a: Tyranitar|Tyranitar, F|72/100
|-weather|Sandstorm|[from] ability: Sand Stream|[of] p2a: Tyranitar
|turn|13
|
|switch|p2a: Mandibuzz|Mandibuzz, F|100/100
|move|p1a: Seblord|Liquidation|p2a: Mandibuzz
|-damage|p2a: Mandibuzz|0 fnt
|-damage|p1a: Seblord|45/100 tox|[from] item: Life Orb
|faint|p2a: Mandibuzz
|
|-weather|Sandstorm|[upkeep]
|-damage|p1a: Seblord|21/100 tox|[from] psn
|upkeep
|
|switch|p2a: Excadrill|Excadrill, F|100/100
|turn|14
|
|switch|p1a: Gulliver|Pelipper, M|57/100
|-weather|RainDance|[from] ability: Drizzle|[of] p1a: Gulliver
|move|p2a: Excadrill|Iron Head|p1a: Gulliver
|-resisted|p1a: Gulliver
|-damage|p1a: Gulliver|35/100
|-damage|p2a: Excadrill|91/100|[from] item: Life Orb
|
|-weather|RainDance|[upkeep]
|upkeep
|turn|15
|
|move|p2a: Excadrill|Rock Slide|p1a: Gulliver
|-supereffective|p1a: Gulliver
|-damage|p1a: Gulliver|0 fnt
|-damage|p2a: Excadrill|81/100|[from] item: Life Orb
|faint|p1a: Gulliver
|
|-weather|RainDance|[upkeep]
|upkeep
|
|switch|p1a: PollenStalin|Eldegoss, F|75/100
|turn|16
|
|switch|p2a: Clefable|Clefable, M|100/100
|move|p1a: PollenStalin|Aromatherapy|p1a: PollenStalin
|-activate|p1a: PollenStalin|move: Aromatherapy
|-curestatus|p1: Shiver Star|tox|[msg]
|-curestatus|p1: Seblord|tox|[msg]
|
|-weather|RainDance|[upkeep]
|upkeep
|turn|17
|
|move|p2a: Clefable|Moonblast|p1a: PollenStalin
|-damage|p1a: PollenStalin|33/100
|-unboost|p1a: PollenStalin|spa|1
|move|p1a: PollenStalin|Sleep Powder|p2a: Clefable
|-status|p2a: Clefable|slp|[from] move: Sleep Powder
|
|-weather|RainDance|[upkeep]
|upkeep
|turn|18
|
|switch|p2a: Tyranitar|Tyranitar, F|72/100
|-weather|Sandstorm|[from] ability: Sand Stream|[of] p2a: Tyranitar
|switch|p1a: Seblord|Drednaw, M|21/100
|
|-weather|Sandstorm|[upkeep]
|upkeep
|turn|19
|
|switch|p2a: Seismitoad|Seismitoad, M|100/100
|move|p1a: Seblord|Liquidation|p2a: Seismitoad
|-immune|p2a: Seismitoad|[from] ability: Water Absorb
|
|-weather|Sandstorm|[upkeep]
|upkeep
|turn|20
|
|move|p1a: Seblord|Liquidation|p2a: Seismitoad
|-immune|p2a: Seismitoad|[from] ability: Water Absorb
|move|p2a: Seismitoad|Stealth Rock|p1a: Seblord
|-sidestart|p1: Likeableluigi|move: Stealth Rock
|
|-weather|Sandstorm|[upkeep]
|upkeep
|turn|21
|
|move|p1a: Seblord|Liquidation|p2a: Seismitoad
|-immune|p2a: Seismitoad|[from] ability: Water Absorb
|move|p2a: Seismitoad|Toxic|p1a: Seblord
|-status|p1a: Seblord|tox
|
|-weather|Sandstorm|[upkeep]
|-damage|p1a: Seblord|15/100 tox|[from] psn
|upkeep
|turn|22
|
|switch|p1a: Shiver Star|Frosmoth, M|70/100
|move|p2a: Seismitoad|Scald|p1a: Shiver Star
|-damage|p1a: Shiver Star|59/100
|
|-weather|Sandstorm|[upkeep]
|-damage|p1a: Shiver Star|52/100|[from] Sandstorm
|upkeep
|turn|23
|
|switch|p2a: Clefable|Clefable, M|100/100 slp
|move|p1a: Shiver Star|Giga Drain|p2a: Clefable
|-damage|p2a: Clefable|79/100 slp
|-heal|p1a: Shiver Star|66/100|[from] drain|[of] p2a: Clefable
|
|-weather|Sandstorm|[upkeep]
|-damage|p1a: Shiver Star|59/100|[from] Sandstorm
|upkeep
|turn|24
|
|move|p1a: Shiver Star|Quiver Dance|p1a: Shiver Star
|-boost|p1a: Shiver Star|spa|1
|-boost|p1a: Shiver Star|spd|1
|-boost|p1a: Shiver Star|spe|1
|cant|p2a: Clefable|slp
|
|-weather|Sandstorm|[upkeep]
|-damage|p1a: Shiver Star|53/100|[from] Sandstorm
|upkeep
|turn|25
|
|move|p1a: Shiver Star|Quiver Dance|p1a: Shiver Star
|-boost|p1a: Shiver Star|spa|1
|-boost|p1a: Shiver Star|spd|1
|-boost|p1a: Shiver Star|spe|1
|cant|p2a: Clefable|slp
|
|-weather|none
|upkeep
|turn|26
|
|move|p1a: Shiver Star|Quiver Dance|p1a: Shiver Star
|-boost|p1a: Shiver Star|spa|1
|-boost|p1a: Shiver Star|spd|1
|-boost|p1a: Shiver Star|spe|1
|cant|p2a: Clefable|slp
|
|upkeep
|turn|27
|
|move|p1a: Shiver Star|Ice Beam|p2a: Clefable
|-damage|p2a: Clefable|0 fnt
|faint|p2a: Clefable
|
|upkeep
|
|switch|p2a: Tyranitar|Tyranitar, F|72/100
|-weather|Sandstorm|[from] ability: Sand Stream|[of] p2a: Tyranitar
|turn|28
|
|move|p1a: Shiver Star|Giga Drain|p2a: Tyranitar
|-supereffective|p2a: Tyranitar
|-damage|p2a: Tyranitar|0 fnt
|-heal|p1a: Shiver Star|92/100|[from] drain|[of] p2a: Tyranitar
|faint|p2a: Tyranitar
|
|-weather|Sandstorm|[upkeep]
|-damage|p1a: Shiver Star|86/100|[from] Sandstorm
|upkeep
|
|switch|p2a: Excadrill|Excadrill, F|81/100
|turn|29
|
|move|p2a: Excadrill|Rock Slide|p1a: Shiver Star
|-supereffective|p1a: Shiver Star
|-damage|p1a: Shiver Star|0 fnt
|-damage|p2a: Excadrill|71/100|[from] item: Life Orb
|faint|p1a: Shiver Star
|
|-weather|Sandstorm|[upkeep]
|upkeep
|
|switch|p1a: PollenStalin|Eldegoss, F|67/100
|-damage|p1a: PollenStalin|54/100|[from] Stealth Rock
|turn|30
|
|move|p2a: Excadrill|Iron Head|p1a: PollenStalin
|-damage|p1a: PollenStalin|0 fnt
|-damage|p2a: Excadrill|61/100|[from] item: Life Orb
|faint|p1a: PollenStalin
|
|-weather|Sandstorm|[upkeep]
|upkeep
|
|switch|p1a: Seblord|Drednaw, M|15/100 tox
|-damage|p1a: Seblord|2/100 tox|[from] Stealth Rock
|turn|31
|
|move|p2a: Excadrill|Rapid Spin|p1a: Seblord
|-resisted|p1a: Seblord
|-damage|p1a: Seblord|0 fnt
|-boost|p2a: Excadrill|spe|1
|-damage|p2a: Excadrill|51/100|[from] item: Life Orb
|faint|p1a: Seblord
|
|-weather|Sandstorm|[upkeep]
|upkeep
|
|switch|p1a: Weird Al|Dracovish|100/100
|-damage|p1a: Weird Al|88/100|[from] Stealth Rock
|turn|32
|
|move|p2a: Excadrill|Earthquake|p1a: Weird Al
|-damage|p1a: Weird Al|14/100
|-damage|p2a: Excadrill|41/100|[from] item: Life Orb
|move|p1a: Weird Al|Outrage|p2a: Excadrill
|-resisted|p2a: Excadrill
|-damage|p2a: Excadrill|0 fnt
|faint|p2a: Excadrill
|
|-weather|Sandstorm|[upkeep]
|-damage|p1a: Weird Al|8/100|[from] Sandstorm
|upkeep
|
|switch|p2a: Seismitoad|Seismitoad, M|100/100
|turn|33
|
|move|p2a: Seismitoad|Protect|p2a: Seismitoad
|-singleturn|p2a: Seismitoad|Protect
|move|p1a: Weird Al|Outrage|p2a: Seismitoad|[from]lockedmove
|-activate|p2a: Seismitoad|move: Protect
|
|-weather|Sandstorm|[upkeep]
|-damage|p1a: Weird Al|1/100|[from] Sandstorm
|upkeep
|turn|34
|
|move|p2a: Seismitoad|Protect||[still]
|-fail|p2a: Seismitoad
|move|p1a: Weird Al|Outrage|p2a: Seismitoad
|-damage|p2a: Seismitoad|45/100
|
|-weather|Sandstorm|[upkeep]
|-damage|p1a: Weird Al|0 fnt|[from] Sandstorm
|faint|p1a: Weird Al
|
|win|Dads vvf
|upkeep
|raw|Likeableluigi's rating: 1033 → 1019(-14 for losing)
|raw|Dads vvf's rating: 1040 → 1073(+33 for winning)
|c|☆Dads vvf|Gg
|c|☆Likeableluigi|gg
|c|☆Dads vvf|Close one
|l|☆Dads vvf
