|ScrapeTime|2020-01-01-19:34:41
|j|☆pinochetheroe
|j|☆NicoNullFear
|player|p1|pinochetheroe|265|1026
|player|p2|NicoNullFear|grimsley-gen7|1000
|teamsize|p1|6
|teamsize|p2|6
|gametype|singles
|gen|8
|tier|[Gen 8] OU
|rated|
|rule|Sleep Clause Mod: Limit one foe put to sleep
|rule|Species Clause: Limit one of each Pokémon
|rule|OHKO Clause: OHKO moves are banned
|rule|Evasion Moves Clause: Evasion moves are banned
|rule|Endless Battle Clause: Forcing endless battles is banned
|rule|HP Percentage Mod: HP is shown in percentages
|clearpoke
|poke|p1|Ferrothorn, F|
|poke|p1|Toxapex, M|
|poke|p1|Hydreigon, M|
|poke|p1|Gardevoir, M|
|poke|p1|Cinderace, M|
|poke|p1|Hawlucha, F|
|poke|p2|Barraskewda, M|
|poke|p2|Corviknight, M|
|poke|p2|Rotom-Heat|
|poke|p2|Excadrill, F|
|poke|p2|Hatterene, F|
|poke|p2|Hydreigon, M|
|rule|Dynamax Clause: You cannot dynamax
|teampreview
|inactive|Battle timer is ON: inactive players will automatically lose when time's up. (requested by pinochetheroe)
|
|start
|switch|p1a: Toxapex|Toxapex, M, shiny|100/100
|switch|p2a: Rotom|Rotom-Heat|100/100
|turn|1
|
|move|p2a: Rotom|Volt Switch|p1a: Toxapex
|-supereffective|p1a: Toxapex
|-damage|p1a: Toxapex|63/100
|
|switch|p2a: Hatterene|Hatterene, F|100/100|[from]move: Volt Switch
|move|p1a: Toxapex|Scald|p2a: Hatterene
|-damage|p2a: Hatterene|84/100
|
|-heal|p1a: Toxapex|69/100|[from] item: Black Sludge
|-heal|p2a: Hatterene|90/100|[from] item: Leftovers
|upkeep
|turn|2
|
|switch|p1a: Ferrothorn|Ferrothorn, F, shiny|100/100
|move|p2a: Hatterene|Trick Room|p2a: Hatterene
|-fieldstart|move: Trick Room|[of] p2a: Hatterene
|
|-heal|p2a: Hatterene|96/100|[from] item: Leftovers
|upkeep
|turn|3
|
|move|p1a: Ferrothorn|Gyro Ball|p2a: Hatterene
|-supereffective|p2a: Hatterene
|-damage|p2a: Hatterene|74/100
|move|p2a: Hatterene|Mystical Fire|p1a: Ferrothorn
|-supereffective|p1a: Ferrothorn
|-damage|p1a: Ferrothorn|20/100
|-unboost|p1a: Ferrothorn|spa|1
|
|-heal|p1a: Ferrothorn|26/100|[from] item: Leftovers
|-heal|p2a: Hatterene|80/100|[from] item: Leftovers
|upkeep
|turn|4
|
|move|p1a: Ferrothorn|Protect|p1a: Ferrothorn
|-singleturn|p1a: Ferrothorn|Protect
|move|p2a: Hatterene|Psychic|p1a: Ferrothorn
|-activate|p1a: Ferrothorn|move: Protect
|
|-heal|p1a: Ferrothorn|32/100|[from] item: Leftovers
|-heal|p2a: Hatterene|86/100|[from] item: Leftovers
|upkeep
|turn|5
|
|switch|p1a: Hydreigon|Hydreigon, M, shiny|100/100
|move|p2a: Hatterene|Mystical Fire|p1a: Hydreigon
|-resisted|p1a: Hydreigon
|-damage|p1a: Hydreigon|87/100
|-unboost|p1a: Hydreigon|spa|1
|
|-heal|p2a: Hatterene|92/100|[from] item: Leftovers
|upkeep
|turn|6
|
|switch|p1a: Toxapex|Toxapex, M, shiny|100/100
|move|p2a: Hatterene|Dazzling Gleam|p1a: Toxapex
|-resisted|p1a: Toxapex
|-damage|p1a: Toxapex|83/100
|
|-heal|p2a: Hatterene|98/100|[from] item: Leftovers
|-heal|p1a: Toxapex|90/100|[from] item: Black Sludge
|-fieldend|move: Trick Room
|upkeep
|turn|7
|
|switch|p1a: Ferrothorn|Ferrothorn, F, shiny|32/100
|move|p2a: Hatterene|Trick Room|p2a: Hatterene
|-fieldstart|move: Trick Room|[of] p2a: Hatterene
|
|-heal|p1a: Ferrothorn|39/100|[from] item: Leftovers
|-heal|p2a: Hatterene|100/100|[from] item: Leftovers
|upkeep
|turn|8
|
|move|p1a: Ferrothorn|Protect|p1a: Ferrothorn
|-singleturn|p1a: Ferrothorn|Protect
|move|p2a: Hatterene|Mystical Fire|p1a: Ferrothorn
|-activate|p1a: Ferrothorn|move: Protect
|
|-heal|p1a: Ferrothorn|45/100|[from] item: Leftovers
|upkeep
|turn|9
|
|switch|p1a: Toxapex|Toxapex, M, shiny|100/100
|move|p2a: Hatterene|Dazzling Gleam|p1a: Toxapex
|-resisted|p1a: Toxapex
|-damage|p1a: Toxapex|84/100
|
|-heal|p1a: Toxapex|90/100|[from] item: Black Sludge
|upkeep
|turn|10
|
|move|p1a: Toxapex|Baneful Bunker|p1a: Toxapex
|-singleturn|p1a: Toxapex|move: Protect
|move|p2a: Hatterene|Mystical Fire|p1a: Toxapex
|-activate|p1a: Toxapex|move: Protect
|
|-heal|p1a: Toxapex|97/100|[from] item: Black Sludge
|upkeep
|turn|11
|
|switch|p1a: Gardevoir|Gardevoir, M, shiny|100/100
|-ability|p1a: Gardevoir|Magic Bounce|[from] ability: Trace|[of] p2a: Hatterene
|move|p2a: Hatterene|Psychic|p1a: Gardevoir
|-resisted|p1a: Gardevoir
|-damage|p1a: Gardevoir|80/100
|
|-fieldend|move: Trick Room
|upkeep
|turn|12
|
|switch|p2a: Corviknight|Corviknight, M|100/100
|-ability|p2a: Corviknight|Pressure
|move|p1a: Gardevoir|Shadow Ball|p2a: Corviknight
|-damage|p2a: Corviknight|80/100
|
|-heal|p2a: Corviknight|86/100|[from] item: Leftovers
|upkeep
|turn|13
|
|switch|p1a: Ferrothorn|Ferrothorn, F, shiny|45/100
|move|p2a: Corviknight|U-turn|p1a: Ferrothorn
|-damage|p1a: Ferrothorn|35/100
|-damage|p2a: Corviknight|74/100|[from] ability: Iron Barbs|[of] p1a: Ferrothorn
|
|switch|p2a: Rotom|Rotom-Heat|100/100|[from]move: U-turn
|
|-heal|p1a: Ferrothorn|41/100|[from] item: Leftovers
|upkeep
|turn|14
|
|move|p1a: Ferrothorn|Protect|p1a: Ferrothorn
|-singleturn|p1a: Ferrothorn|Protect
|move|p2a: Rotom|Nasty Plot|p2a: Rotom
|-boost|p2a: Rotom|spa|2
|
|-heal|p1a: Ferrothorn|48/100|[from] item: Leftovers
|upkeep
|turn|15
|
|switch|p1a: Hydreigon|Hydreigon, M, shiny|87/100
|move|p2a: Rotom|Nasty Plot|p2a: Rotom
|-boost|p2a: Rotom|spa|2
|
|upkeep
|turn|16
|
|move|p2a: Rotom|Volt Switch|p1a: Hydreigon
|-resisted|p1a: Hydreigon
|-damage|p1a: Hydreigon|52/100
|
|switch|p2a: Hatterene|Hatterene, F|100/100|[from]move: Volt Switch
|move|p1a: Hydreigon|Dark Pulse|p2a: Hatterene
|-damage|p2a: Hatterene|36/100
|
|-heal|p2a: Hatterene|42/100|[from] item: Leftovers
|upkeep
|turn|17
|
|switch|p2a: Hydreigon|Hydreigon, M|100/100
|move|p1a: Hydreigon|Dark Pulse|p2a: Hydreigon
|-resisted|p2a: Hydreigon
|-damage|p2a: Hydreigon|63/100
|
|-heal|p2a: Hydreigon|69/100|[from] item: Leftovers
|upkeep
|turn|18
|
|switch|p1a: Gardevoir|Gardevoir, M, shiny|80/100
|-ability|p1a: Gardevoir|Levitate|[from] ability: Trace|[of] p2a: Hydreigon
|move|p2a: Hydreigon|Substitute|p2a: Hydreigon
|-start|p2a: Hydreigon|Substitute
|-damage|p2a: Hydreigon|44/100
|
|-heal|p2a: Hydreigon|50/100|[from] item: Leftovers
|upkeep
|turn|19
|
|move|p2a: Hydreigon|Flash Cannon|p1a: Gardevoir
|-supereffective|p1a: Gardevoir
|-damage|p1a: Gardevoir|38/100
|move|p1a: Gardevoir|Moonblast|p2a: Hydreigon
|-supereffective|p2a: Hydreigon
|-end|p2a: Hydreigon|Substitute
|
|-heal|p2a: Hydreigon|56/100|[from] item: Leftovers
|upkeep
|turn|20
|
|switch|p2a: Excadrill|Excadrill, F|100/100
|-ability|p2a: Excadrill|Mold Breaker
|switch|p1a: Ferrothorn|Ferrothorn, F, shiny|48/100
|
|-heal|p1a: Ferrothorn|54/100|[from] item: Leftovers
|upkeep
|turn|21
|
|move|p2a: Excadrill|Stealth Rock|p1a: Ferrothorn
|-sidestart|p1: pinochetheroe|move: Stealth Rock
|move|p1a: Ferrothorn|Leech Seed|p2a: Excadrill
|-start|p2a: Excadrill|move: Leech Seed
|
|-heal|p1a: Ferrothorn|60/100|[from] item: Leftovers
|-damage|p2a: Excadrill|88/100|[from] Leech Seed|[of] p1a: Ferrothorn
|-heal|p1a: Ferrothorn|73/100|[silent]
|upkeep
|turn|22
|
|switch|p2a: Hatterene|Hatterene, F|42/100
|move|p1a: Ferrothorn|Gyro Ball|p2a: Hatterene
|-supereffective|p2a: Hatterene
|-damage|p2a: Hatterene|21/100
|
|-heal|p2a: Hatterene|27/100|[from] item: Leftovers
|-heal|p1a: Ferrothorn|79/100|[from] item: Leftovers
|upkeep
|turn|23
|
|switch|p2a: Rotom|Rotom-Heat|100/100
|move|p1a: Ferrothorn|Protect||[still]
|-fail|p1a: Ferrothorn
|
|-heal|p1a: Ferrothorn|85/100|[from] item: Leftovers
|upkeep
|turn|24
|
|move|p1a: Ferrothorn|Protect|p1a: Ferrothorn
|-singleturn|p1a: Ferrothorn|Protect
|move|p2a: Rotom|Overheat|p1a: Ferrothorn
|-activate|p1a: Ferrothorn|move: Protect
|
|-heal|p1a: Ferrothorn|92/100|[from] item: Leftovers
|upkeep
|turn|25
|
|switch|p1a: Hydreigon|Hydreigon, M, shiny|52/100
|-damage|p1a: Hydreigon|40/100|[from] Stealth Rock
|move|p2a: Rotom|Volt Switch|p1a: Hydreigon
|-resisted|p1a: Hydreigon
|-damage|p1a: Hydreigon|28/100
|inactive|NicoNullFear has 120 seconds left.
|
|switch|p2a: Corviknight|Corviknight, M|74/100|[from]move: Volt Switch
|-ability|p2a: Corviknight|Pressure
|
|-heal|p2a: Corviknight|80/100|[from] item: Leftovers
|upkeep
|turn|26
|
|switch|p2a: Rotom|Rotom-Heat|100/100
|move|p1a: Hydreigon|U-turn|p2a: Rotom
|-resisted|p2a: Rotom
|-damage|p2a: Rotom|92/100
|
|switch|p1a: Toxapex|Toxapex, M, shiny|100/100|[from]move: U-turn
|-damage|p1a: Toxapex|88/100|[from] Stealth Rock
|
|-heal|p1a: Toxapex|94/100|[from] item: Black Sludge
|upkeep
|turn|27
|
|move|p2a: Rotom|Nasty Plot|p2a: Rotom
|-boost|p2a: Rotom|spa|2
|move|p1a: Toxapex|Toxic|p2a: Rotom
|-status|p2a: Rotom|tox
|
|-heal|p1a: Toxapex|100/100|[from] item: Black Sludge
|-damage|p2a: Rotom|86/100 tox|[from] psn
|upkeep
|turn|28
|
|move|p2a: Rotom|Nasty Plot|p2a: Rotom
|-boost|p2a: Rotom|spa|2
|move|p1a: Toxapex|Scald|p2a: Rotom
|-supereffective|p2a: Rotom
|-damage|p2a: Rotom|49/100 tox
|
|-damage|p2a: Rotom|37/100 tox|[from] psn
|upkeep
|turn|29
|
|move|p1a: Toxapex|Baneful Bunker|p1a: Toxapex
|-singleturn|p1a: Toxapex|move: Protect
|move|p2a: Rotom|Volt Switch|p1a: Toxapex
|-activate|p1a: Toxapex|move: Protect
|
|-damage|p2a: Rotom|19/100 tox|[from] psn
|upkeep
|turn|30
|
|move|p2a: Rotom|Volt Switch|p1a: Toxapex
|-supereffective|p1a: Toxapex
|-damage|p1a: Toxapex|0 fnt
|faint|p1a: Toxapex
|
|switch|p2a: Corviknight|Corviknight, M|80/100|[from]move: Volt Switch
|-ability|p2a: Corviknight|Pressure
|
|-heal|p2a: Corviknight|86/100|[from] item: Leftovers
|upkeep
|
|switch|p1a: Cinderace|Cinderace, M|100/100
|-damage|p1a: Cinderace|76/100|[from] Stealth Rock
|turn|31
|
|switch|p2a: Rotom|Rotom-Heat|19/100 tox
|move|p1a: Cinderace|Pyro Ball|p2a: Rotom|[miss]
|-miss|p1a: Cinderace|p2a: Rotom
|
|-damage|p2a: Rotom|13/100 tox|[from] psn
|upkeep
|turn|32
|
|move|p1a: Cinderace|Pyro Ball|p2a: Rotom
|-resisted|p2a: Rotom
|-damage|p2a: Rotom|0 fnt
|faint|p2a: Rotom
|
|upkeep
|
|switch|p2a: Barraskewda|Barraskewda, M|100/100
|turn|33
|
|switch|p1a: Ferrothorn|Ferrothorn, F, shiny|92/100
|-damage|p1a: Ferrothorn|85/100|[from] Stealth Rock
|move|p2a: Barraskewda|Close Combat|p1a: Ferrothorn
|-supereffective|p1a: Ferrothorn
|-damage|p1a: Ferrothorn|0 fnt
|-damage|p2a: Barraskewda|88/100|[from] ability: Iron Barbs|[of] p1a: Ferrothorn
|-unboost|p2a: Barraskewda|def|1
|-unboost|p2a: Barraskewda|spd|1
|faint|p1a: Ferrothorn
|
|upkeep
|
|switch|p1a: Hawlucha|Hawlucha, F, shiny|100/100
|-damage|p1a: Hawlucha|88/100|[from] Stealth Rock
|turn|34
|
|switch|p2a: Corviknight|Corviknight, M|86/100
|-ability|p2a: Corviknight|Pressure
|move|p1a: Hawlucha|Drain Punch|p2a: Corviknight
|-damage|p2a: Corviknight|63/100
|-heal|p1a: Hawlucha|100/100|[from] drain|[of] p2a: Corviknight
|
|-heal|p2a: Corviknight|69/100|[from] item: Leftovers
|upkeep
|turn|35
|
|move|p1a: Hawlucha|Swords Dance|p1a: Hawlucha
|-boost|p1a: Hawlucha|atk|2
|move|p2a: Corviknight|Roost|p2a: Corviknight
|-heal|p2a: Corviknight|100/100
|-singleturn|p2a: Corviknight|move: Roost
|
|upkeep
|turn|36
|
|move|p1a: Hawlucha|Drain Punch|p2a: Corviknight
|-damage|p2a: Corviknight|54/100
|move|p2a: Corviknight|Brave Bird|p1a: Hawlucha
|-supereffective|p1a: Hawlucha
|-damage|p1a: Hawlucha|0 fnt
|-damage|p2a: Corviknight|29/100|[from] Recoil
|faint|p1a: Hawlucha
|
|-heal|p2a: Corviknight|35/100|[from] item: Leftovers
|upkeep
|-message|pinochetheroe forfeited.
|
|win|NicoNullFear
|l|☆pinochetheroe
