|ScrapeTime|2020-01-02-03:15:19
|j|☆Willmer137
|j|☆Didn't have
|player|p1|Willmer137|2|1038
|player|p2|Didn't have|101|1084
|teamsize|p1|6
|teamsize|p2|6
|gametype|singles
|gen|8
|tier|[Gen 8] OU
|rated|
|rule|Sleep Clause Mod: Limit one foe put to sleep
|rule|Species Clause: Limit one of each Pokémon
|rule|OHKO Clause: OHKO moves are banned
|rule|Evasion Moves Clause: Evasion moves are banned
|rule|Endless Battle Clause: Forcing endless battles is banned
|rule|HP Percentage Mod: HP is shown in percentages
|clearpoke
|poke|p1|Corsola-Galar, M|
|poke|p1|Clefable, F|
|poke|p1|Mew|
|poke|p1|Malamar, F|
|poke|p1|Dracovish|
|poke|p1|Boltund, M|
|poke|p2|Vileplume, M|
|poke|p2|Mr. Rime, M|
|poke|p2|Charizard, F|
|poke|p2|Torkoal, F|
|poke|p2|Leafeon, M|
|poke|p2|Haxorus, F|
|rule|Dynamax Clause: You cannot dynamax
|teampreview
|
|start
|switch|p1a: Mew|Mew|100/100
|switch|p2a: Torkoal|Torkoal, F|100/100
|-weather|SunnyDay|[from] ability: Drought|[of] p2a: Torkoal
|turn|1
|
|move|p1a: Mew|Taunt|p2a: Torkoal
|-start|p2a: Torkoal|move: Taunt
|cant|p2a: Torkoal|move: Taunt|Stealth Rock
|
|-weather|SunnyDay|[upkeep]
|upkeep
|turn|2
|
|switch|p1a: Malamar|Malamar, F|100/100
|switch|p2a: Haxorus|Haxorus, F|100/100
|-ability|p2a: Haxorus|Mold Breaker
|
|-weather|SunnyDay|[upkeep]
|upkeep
|turn|3
|
|move|p2a: Haxorus|First Impression|p1a: Malamar
|-supereffective|p1a: Malamar
|-damage|p1a: Malamar|0 fnt
|faint|p1a: Malamar
|
|-weather|SunnyDay|[upkeep]
|upkeep
|
|switch|p1a: Clefable|Clefable, F|100/100
|turn|4
|
|switch|p2a: Torkoal|Torkoal, F|100/100
|move|p1a: Clefable|Cosmic Power|p1a: Clefable
|-boost|p1a: Clefable|def|1
|-boost|p1a: Clefable|spd|1
|
|-weather|SunnyDay|[upkeep]
|upkeep
|turn|5
|
|switch|p2a: Vileplume|Vileplume, M|100/100
|move|p1a: Clefable|Cosmic Power|p1a: Clefable
|-boost|p1a: Clefable|def|1
|-boost|p1a: Clefable|spd|1
|
|-weather|SunnyDay|[upkeep]
|upkeep
|turn|6
|
|move|p2a: Vileplume|Sludge Wave|p1a: Clefable
|-supereffective|p1a: Clefable
|-damage|p1a: Clefable|53/100
|move|p1a: Clefable|Wish|p1a: Clefable
|
|-weather|SunnyDay|[upkeep]
|-heal|p1a: Clefable|59/100|[from] item: Leftovers
|upkeep
|turn|7
|
|move|p2a: Vileplume|Sludge Wave|p1a: Clefable
|-supereffective|p1a: Clefable
|-damage|p1a: Clefable|16/100
|move|p1a: Clefable|Stored Power|p2a: Vileplume
|-supereffective|p2a: Vileplume
|-damage|p2a: Vileplume|21/100
|
|-weather|SunnyDay|[upkeep]
|-heal|p1a: Clefable|66/100|[from] move: Wish|[wisher] Clefable
|-heal|p1a: Clefable|72/100|[from] item: Leftovers
|upkeep
|turn|8
|
|move|p2a: Vileplume|Sludge Wave|p1a: Clefable
|-supereffective|p1a: Clefable
|-damage|p1a: Clefable|26/100
|move|p1a: Clefable|Wish|p1a: Clefable
|
|-weather|none
|-heal|p1a: Clefable|32/100|[from] item: Leftovers
|upkeep
|turn|9
|
|switch|p2a: Torkoal|Torkoal, F|100/100
|-weather|SunnyDay|[from] ability: Drought|[of] p2a: Torkoal
|switch|p1a: Boltund|Boltund, M|100/100
|
|-weather|SunnyDay|[upkeep]
|upkeep
|turn|10
|
|switch|p1a: Clefable|Clefable, F|32/100
|move|p2a: Torkoal|Stealth Rock|p1a: Clefable
|-sidestart|p1: Willmer137|move: Stealth Rock
|
|-weather|SunnyDay|[upkeep]
|-heal|p1a: Clefable|38/100|[from] item: Leftovers
|upkeep
|turn|11
|
|move|p1a: Clefable|Wish|p1a: Clefable
|move|p2a: Torkoal|Lava Plume|p1a: Clefable
|-damage|p1a: Clefable|0 fnt
|faint|p1a: Clefable
|
|-weather|SunnyDay|[upkeep]
|upkeep
|
|switch|p1a: Mew|Mew|100/100
|-damage|p1a: Mew|88/100|[from] Stealth Rock
|turn|12
|-message|Willmer137 forfeited.
|
|win|Didn't have
|l|☆Willmer137
|raw|Willmer137's rating: 1038 → 1024(-14 for losing)
|raw|Didn't have's rating: 1084 → 1108(+24 for winning)
