|ScrapeTime|2020-01-02-02:16:29
|j|☆dancefloortrashy
|j|☆Pokevana
|player|p1|dancefloortrashy|213|1314
|player|p2|Pokevana|gentleman-gen4|1314
|teamsize|p1|6
|teamsize|p2|6
|gametype|singles
|gen|8
|tier|[Gen 8] OU
|rated|
|rule|Sleep Clause Mod: Limit one foe put to sleep
|rule|Species Clause: Limit one of each Pokémon
|rule|OHKO Clause: OHKO moves are banned
|rule|Evasion Moves Clause: Evasion moves are banned
|rule|Endless Battle Clause: Forcing endless battles is banned
|rule|HP Percentage Mod: HP is shown in percentages
|clearpoke
|poke|p1|Shedinja|
|poke|p1|Gastrodon-East, F|
|poke|p1|Sylveon, F|
|poke|p1|Eldegoss, F|
|poke|p1|Coalossal, M|
|poke|p1|Corviknight, F|
|poke|p2|Cinderace, M|
|poke|p2|Tyranitar, M|
|poke|p2|Togekiss, M|
|poke|p2|Rillaboom, F|
|poke|p2|Toxtricity, M|
|poke|p2|Conkeldurr, M|
|rule|Dynamax Clause: You cannot dynamax
|teampreview
|
|start
|switch|p1a: Corviknight|Corviknight, F|100/100
|switch|p2a: Rillaboom|Rillaboom, F|100/100
|-ability|p1a: Corviknight|Pressure
|turn|1
|
|switch|p2a: Cinderace|Cinderace, M|100/100
|move|p1a: Corviknight|Brave Bird|p2a: Cinderace
|-damage|p2a: Cinderace|50/100
|-damage|p1a: Corviknight|88/100|[from] Recoil
|
|-heal|p1a: Corviknight|94/100|[from] item: Leftovers
|upkeep
|turn|2
|
|switch|p1a: Gastrodon|Gastrodon-East, F|100/100
|move|p2a: Cinderace|Pyro Ball|p1a: Gastrodon
|-resisted|p1a: Gastrodon
|-damage|p1a: Gastrodon|71/100
|
|-heal|p1a: Gastrodon|77/100|[from] item: Leftovers
|upkeep
|turn|3
|
|switch|p2a: Conkeldurr|Conkeldurr, M|100/100
|move|p1a: Gastrodon|Recover|p1a: Gastrodon
|-heal|p1a: Gastrodon|100/100
|
|upkeep
|turn|4
|
|move|p2a: Conkeldurr|Drain Punch|p1a: Gastrodon
|-damage|p1a: Gastrodon|59/100
|move|p1a: Gastrodon|Curse|p1a: Gastrodon
|-unboost|p1a: Gastrodon|spe|1
|-boost|p1a: Gastrodon|atk|1
|-boost|p1a: Gastrodon|def|1
|
|-heal|p1a: Gastrodon|65/100|[from] item: Leftovers
|upkeep
|turn|5
|
|move|p2a: Conkeldurr|Drain Punch|p1a: Gastrodon
|-damage|p1a: Gastrodon|34/100
|move|p1a: Gastrodon|Recover|p1a: Gastrodon
|-heal|p1a: Gastrodon|84/100
|
|-heal|p1a: Gastrodon|90/100|[from] item: Leftovers
|upkeep
|turn|6
|
|move|p2a: Conkeldurr|Drain Punch|p1a: Gastrodon
|-damage|p1a: Gastrodon|50/100
|move|p1a: Gastrodon|Earthquake|p2a: Conkeldurr
|-damage|p2a: Conkeldurr|54/100
|
|-heal|p1a: Gastrodon|56/100|[from] item: Leftovers
|upkeep
|turn|7
|
|move|p2a: Conkeldurr|Drain Punch|p1a: Gastrodon
|-damage|p1a: Gastrodon|9/100
|-heal|p2a: Conkeldurr|83/100|[from] drain|[of] p1a: Gastrodon
|move|p1a: Gastrodon|Recover|p1a: Gastrodon
|-heal|p1a: Gastrodon|59/100
|
|-heal|p1a: Gastrodon|65/100|[from] item: Leftovers
|upkeep
|turn|8
|
|move|p2a: Conkeldurr|Drain Punch|p1a: Gastrodon
|-damage|p1a: Gastrodon|18/100
|-heal|p2a: Conkeldurr|100/100|[from] drain|[of] p1a: Gastrodon
|move|p1a: Gastrodon|Recover|p1a: Gastrodon
|-heal|p1a: Gastrodon|68/100
|
|-heal|p1a: Gastrodon|74/100|[from] item: Leftovers
|upkeep
|turn|9
|
|move|p2a: Conkeldurr|Drain Punch|p1a: Gastrodon
|-damage|p1a: Gastrodon|16/100
|move|p1a: Gastrodon|Recover|p1a: Gastrodon
|-heal|p1a: Gastrodon|66/100
|
|-heal|p1a: Gastrodon|72/100|[from] item: Leftovers
|upkeep
|turn|10
|
|switch|p1a: Shedinja|Shedinja|100/100
|move|p2a: Conkeldurr|Drain Punch|p1a: Shedinja
|-immune|p1a: Shedinja|[from] ability: Wonder Guard
|
|upkeep
|turn|11
|
|move|p1a: Shedinja|Will-O-Wisp|p2a: Conkeldurr
|-status|p2a: Conkeldurr|brn
|move|p2a: Conkeldurr|Payback|p1a: Shedinja
|-supereffective|p1a: Shedinja
|-damage|p1a: Shedinja|0 fnt
|faint|p1a: Shedinja
|
|-damage|p2a: Conkeldurr|94/100 brn|[from] brn
|upkeep
|
|switch|p1a: Sylveon|Sylveon, F|100/100
|turn|12
|
|switch|p2a: Toxtricity|Toxtricity, M|100/100
|move|p1a: Sylveon|Yawn|p2a: Toxtricity
|-start|p2a: Toxtricity|move: Yawn|[of] p1a: Sylveon
|
|upkeep
|turn|13
|
|move|p1a: Sylveon|Protect|p1a: Sylveon
|-singleturn|p1a: Sylveon|Protect
|move|p2a: Toxtricity|Volt Switch|p1a: Sylveon
|-activate|p1a: Sylveon|move: Protect
|
|-end|p2a: Toxtricity|move: Yawn|[silent]
|-status|p2a: Toxtricity|slp
|upkeep
|turn|14
|
|switch|p2a: Rillaboom|Rillaboom, F|100/100
|move|p1a: Sylveon|Hyper Voice|p2a: Rillaboom
|-damage|p2a: Rillaboom|46/100
|
|upkeep
|turn|15
|
|switch|p1a: Corviknight|Corviknight, F|94/100
|-ability|p1a: Corviknight|Pressure
|move|p2a: Rillaboom|Drum Beating|p1a: Corviknight
|-resisted|p1a: Corviknight
|-damage|p1a: Corviknight|88/100
|-unboost|p1a: Corviknight|spe|1
|
|-heal|p1a: Corviknight|94/100|[from] item: Leftovers
|upkeep
|turn|16
|
|switch|p2a: Tyranitar|Tyranitar, M|100/100
|-weather|Sandstorm|[from] ability: Sand Stream|[of] p2a: Tyranitar
|move|p1a: Corviknight|Body Press|p2a: Tyranitar
|-supereffective|p2a: Tyranitar
|-damage|p2a: Tyranitar|0 fnt
|faint|p2a: Tyranitar
|
|-weather|Sandstorm|[upkeep]
|-heal|p1a: Corviknight|100/100|[from] item: Leftovers
|upkeep
|
|switch|p2a: Cinderace|Cinderace, M|50/100
|turn|17
|
|switch|p1a: Eldegoss|Eldegoss, F|100/100
|move|p2a: Cinderace|Pyro Ball|p1a: Eldegoss
|-supereffective|p1a: Eldegoss
|-damage|p1a: Eldegoss|2/100
|
|-weather|Sandstorm|[upkeep]
|-damage|p2a: Cinderace|44/100|[from] Sandstorm
|-damage|p1a: Eldegoss|0 fnt|[from] Sandstorm
|faint|p1a: Eldegoss
|upkeep
|
|switch|p1a: Gastrodon|Gastrodon-East, F|72/100
|turn|18
|
|switch|p2a: Rillaboom|Rillaboom, F|46/100
|move|p1a: Gastrodon|Recover|p1a: Gastrodon
|-heal|p1a: Gastrodon|100/100
|
|-weather|Sandstorm|[upkeep]
|-damage|p2a: Rillaboom|40/100|[from] Sandstorm
|upkeep
|turn|19
|
|switch|p1a: Corviknight|Corviknight, F|100/100
|-ability|p1a: Corviknight|Pressure
|move|p2a: Rillaboom|Swords Dance|p2a: Rillaboom
|-boost|p2a: Rillaboom|atk|2
|
|-weather|Sandstorm|[upkeep]
|-damage|p2a: Rillaboom|33/100|[from] Sandstorm
|upkeep
|turn|20
|
|move|p2a: Rillaboom|Drain Punch|p1a: Corviknight
|-damage|p1a: Corviknight|71/100
|-heal|p2a: Rillaboom|51/100|[from] drain|[of] p1a: Corviknight
|move|p1a: Corviknight|Brave Bird|p2a: Rillaboom
|-supereffective|p2a: Rillaboom
|-damage|p2a: Rillaboom|0 fnt
|-damage|p1a: Corviknight|57/100|[from] Recoil
|faint|p2a: Rillaboom
|
|-weather|none
|-heal|p1a: Corviknight|63/100|[from] item: Leftovers
|upkeep
|
|switch|p2a: Togekiss|Togekiss, M|100/100
|turn|21
|
|switch|p1a: Coalossal|Coalossal, M|100/100
|move|p2a: Togekiss|Substitute|p2a: Togekiss
|-start|p2a: Togekiss|Substitute
|-damage|p2a: Togekiss|76/100
|
|upkeep
|turn|22
|
|move|p2a: Togekiss|Air Slash|p1a: Coalossal
|-resisted|p1a: Coalossal
|-damage|p1a: Coalossal|89/100
|move|p1a: Coalossal|Rock Blast|p2a: Togekiss
|-supereffective|p2a: Togekiss
|-activate|p2a: Togekiss|move: Substitute|[damage]
|-supereffective|p2a: Togekiss
|-end|p2a: Togekiss|Substitute
|-supereffective|p2a: Togekiss
|-damage|p2a: Togekiss|58/100
|-hitcount|p2a: Togekiss|3
|
|-heal|p1a: Coalossal|95/100|[from] item: Leftovers
|upkeep
|turn|23
|
|switch|p2a: Conkeldurr|Conkeldurr, M|94/100 brn
|move|p1a: Coalossal|Heavy Slam|p2a: Conkeldurr
|-damage|p2a: Conkeldurr|78/100 brn
|
|-heal|p1a: Coalossal|100/100|[from] item: Leftovers
|-damage|p2a: Conkeldurr|72/100 brn|[from] brn
|upkeep
|turn|24
|
|switch|p1a: Sylveon|Sylveon, F|100/100
|move|p2a: Conkeldurr|Drain Punch|p1a: Sylveon
|-resisted|p1a: Sylveon
|-damage|p1a: Sylveon|68/100
|-heal|p2a: Conkeldurr|90/100 brn|[from] drain|[of] p1a: Sylveon
|
|-heal|p1a: Sylveon|75/100|[from] item: Leftovers
|-damage|p2a: Conkeldurr|84/100 brn|[from] brn
|upkeep
|turn|25
|
|switch|p2a: Toxtricity|Toxtricity, M|100/100 slp
|move|p1a: Sylveon|Protect||[still]
|-fail|p1a: Sylveon
|
|-heal|p1a: Sylveon|81/100|[from] item: Leftovers
|upkeep
|turn|26
|
|cant|p2a: Toxtricity|slp
|move|p1a: Sylveon|Wish|p1a: Sylveon
|
|-heal|p1a: Sylveon|87/100|[from] item: Leftovers
|upkeep
|turn|27
|
|switch|p1a: Coalossal|Coalossal, M|100/100
|-curestatus|p2a: Toxtricity|slp|[msg]
|move|p2a: Toxtricity|Sludge Bomb|p1a: Coalossal
|-resisted|p1a: Coalossal
|-damage|p1a: Coalossal|88/100
|
|-heal|p1a: Coalossal|100/100|[from] move: Wish|[wisher] Sylveon
|upkeep
|turn|28
|
|switch|p2a: Togekiss|Togekiss, M|58/100
|move|p1a: Coalossal|Stealth Rock|p2a: Togekiss
|-sidestart|p2: Pokevana|move: Stealth Rock
|
|upkeep
|turn|29
|
|move|p2a: Togekiss|Nasty Plot|p2a: Togekiss
|-boost|p2a: Togekiss|spa|2
|move|p1a: Coalossal|Rock Blast|p2a: Togekiss
|-supereffective|p2a: Togekiss
|-crit|p2a: Togekiss
|-damage|p2a: Togekiss|31/100
|-supereffective|p2a: Togekiss
|-damage|p2a: Togekiss|15/100
|-hitcount|p2a: Togekiss|2
|
|upkeep
|turn|30
|
|move|p2a: Togekiss|Air Slash|p1a: Coalossal
|-resisted|p1a: Coalossal
|-damage|p1a: Coalossal|76/100
|cant|p1a: Coalossal|flinch
|
|-heal|p1a: Coalossal|82/100|[from] item: Leftovers
|upkeep
|turn|31
|
|move|p2a: Togekiss|Air Slash|p1a: Coalossal
|-resisted|p1a: Coalossal
|-damage|p1a: Coalossal|60/100
|cant|p1a: Coalossal|flinch
|
|-heal|p1a: Coalossal|66/100|[from] item: Leftovers
|upkeep
|turn|32
|
|move|p2a: Togekiss|Air Slash|p1a: Coalossal
|-resisted|p1a: Coalossal
|-damage|p1a: Coalossal|42/100
|cant|p1a: Coalossal|flinch
|
|-heal|p1a: Coalossal|48/100|[from] item: Leftovers
|upkeep
|turn|33
|
|move|p2a: Togekiss|Air Slash|p1a: Coalossal
|-resisted|p1a: Coalossal
|-damage|p1a: Coalossal|24/100
|move|p1a: Coalossal|Rock Blast|p2a: Togekiss
|-supereffective|p2a: Togekiss
|-damage|p2a: Togekiss|0 fnt
|-hitcount|p2a: Togekiss|1
|faint|p2a: Togekiss
|
|-heal|p1a: Coalossal|30/100|[from] item: Leftovers
|upkeep
|
|switch|p2a: Cinderace|Cinderace, M|44/100
|-damage|p2a: Cinderace|19/100|[from] Stealth Rock
|turn|34
|
|move|p2a: Cinderace|High Jump Kick|p1a: Coalossal
|-supereffective|p1a: Coalossal
|-damage|p1a: Coalossal|0 fnt
|faint|p1a: Coalossal
|
|upkeep
|
|switch|p1a: Gastrodon|Gastrodon-East, F|100/100
|turn|35
|
|move|p2a: Cinderace|Court Change|p2a: Cinderace
|-sideend|p2: Pokevana|Stealth Rock|[silent]
|-sidestart|p1: dancefloortrashy|Stealth Rock|[silent]
|-activate|p2a: Cinderace|move: Court Change
|move|p1a: Gastrodon|Earthquake|p2a: Cinderace
|-supereffective|p2a: Cinderace
|-damage|p2a: Cinderace|0 fnt
|faint|p2a: Cinderace
|
|upkeep
|
|switch|p2a: Conkeldurr|Conkeldurr, M|84/100 brn
|turn|36
|
|switch|p1a: Sylveon|Sylveon, F|87/100
|-damage|p1a: Sylveon|74/100|[from] Stealth Rock
|move|p2a: Conkeldurr|Earthquake|p1a: Sylveon
|-damage|p1a: Sylveon|16/100
|
|-heal|p1a: Sylveon|22/100|[from] item: Leftovers
|-damage|p2a: Conkeldurr|77/100 brn|[from] brn
|upkeep
|turn|37
|
|switch|p2a: Toxtricity|Toxtricity, M|100/100
|move|p1a: Sylveon|Hyper Voice|p2a: Toxtricity
|-resisted|p2a: Toxtricity
|-damage|p2a: Toxtricity|86/100
|
|-heal|p1a: Sylveon|28/100|[from] item: Leftovers
|upkeep
|turn|38
|
|move|p1a: Sylveon|Protect|p1a: Sylveon
|-singleturn|p1a: Sylveon|Protect
|move|p2a: Toxtricity|Boomburst|p1a: Sylveon
|-activate|p1a: Sylveon|move: Protect
|
|-heal|p1a: Sylveon|35/100|[from] item: Leftovers
|upkeep
|turn|39
|
|move|p2a: Toxtricity|Boomburst|p1a: Sylveon
|-damage|p1a: Sylveon|0 fnt
|faint|p1a: Sylveon
|
|upkeep
|
|switch|p1a: Gastrodon|Gastrodon-East, F|100/100
|-damage|p1a: Gastrodon|94/100|[from] Stealth Rock
|turn|40
|
|switch|p2a: Conkeldurr|Conkeldurr, M|77/100 brn
|move|p1a: Gastrodon|Earthquake|p2a: Conkeldurr
|-damage|p2a: Conkeldurr|49/100 brn
|
|-heal|p1a: Gastrodon|100/100|[from] item: Leftovers
|-damage|p2a: Conkeldurr|43/100 brn|[from] brn
|upkeep
|turn|41
|
|move|p2a: Conkeldurr|Drain Punch|p1a: Gastrodon
|-damage|p1a: Gastrodon|41/100
|-heal|p2a: Conkeldurr|79/100 brn|[from] drain|[of] p1a: Gastrodon
|move|p1a: Gastrodon|Curse|p1a: Gastrodon
|-unboost|p1a: Gastrodon|spe|1
|-boost|p1a: Gastrodon|atk|1
|-boost|p1a: Gastrodon|def|1
|
|-heal|p1a: Gastrodon|47/100|[from] item: Leftovers
|-damage|p2a: Conkeldurr|73/100 brn|[from] brn
|upkeep
|turn|42
|
|move|p2a: Conkeldurr|Drain Punch|p1a: Gastrodon
|-damage|p1a: Gastrodon|0 fnt
|-heal|p2a: Conkeldurr|100/100 brn|[from] drain|[of] p1a: Gastrodon
|faint|p1a: Gastrodon
|
|-damage|p2a: Conkeldurr|94/100 brn|[from] brn
|upkeep
|-message|dancefloortrashy forfeited.
|
|win|Pokevana
|l|☆dancefloortrashy
|raw|dancefloortrashy's rating: 1290 → 1265(-25 for losing)
|raw|Pokevana's rating: 1295 → 1320(+25 for winning)
