|ScrapeTime|2020-01-02-05:25:55
|j|☆Potato Gun
|j|☆HunterXorus7
|player|p1|Potato Gun|cynthia|1154
|player|p2|HunterXorus7|80|1201
|teamsize|p1|6
|teamsize|p2|6
|gametype|singles
|gen|8
|tier|[Gen 8] OU
|rated|
|rule|Sleep Clause Mod: Limit one foe put to sleep
|rule|Species Clause: Limit one of each Pokémon
|rule|OHKO Clause: OHKO moves are banned
|rule|Evasion Moves Clause: Evasion moves are banned
|rule|Endless Battle Clause: Forcing endless battles is banned
|rule|HP Percentage Mod: HP is shown in percentages
|clearpoke
|poke|p1|Dragapult, F|
|poke|p1|Toxapex, F|
|poke|p1|Ferrothorn, M|
|poke|p1|Bisharp, F|
|poke|p1|Togekiss, M|
|poke|p1|Hippowdon, F|
|poke|p2|Dracovish|
|poke|p2|Corviknight, M|
|poke|p2|Cinderace, F|
|poke|p2|Dragapult, M|
|poke|p2|Seismitoad, F|
|poke|p2|Kommo-o, F|
|rule|Dynamax Clause: You cannot dynamax
|teampreview
|inactive|Battle timer is ON: inactive players will automatically lose when time's up. (requested by Potato Gun)
|
|start
|switch|p1a: Hippowdon|Hippowdon, F|100/100
|switch|p2a: Dragapult|Dragapult, M|100/100
|turn|1
|
|move|p2a: Dragapult|Dragon Pulse|p1a: Hippowdon
|-damage|p1a: Hippowdon|42/100
|move|p1a: Hippowdon|Stealth Rock|p2a: Dragapult
|-sidestart|p2: HunterXorus7|move: Stealth Rock
|
|upkeep
|turn|2
|
|move|p2a: Dragapult|Dragon Pulse|p1a: Hippowdon
|-damage|p1a: Hippowdon|0 fnt
|faint|p1a: Hippowdon
|
|upkeep
|
|switch|p1a: Toxapex|Toxapex, F, shiny|100/100
|turn|3
|
|move|p2a: Dragapult|Dragon Pulse|p1a: Toxapex
|-damage|p1a: Toxapex|57/100
|move|p1a: Toxapex|Toxic|p2a: Dragapult
|-status|p2a: Dragapult|tox
|
|-heal|p1a: Toxapex|63/100|[from] item: Black Sludge
|-damage|p2a: Dragapult|95/100 tox|[from] psn
|upkeep
|turn|4
|
|switch|p2a: Dracovish|Dracovish|100/100
|-damage|p2a: Dracovish|88/100|[from] Stealth Rock
|move|p1a: Toxapex|Recover|p1a: Toxapex
|-heal|p1a: Toxapex|100/100
|
|upkeep
|turn|5
|
|move|p2a: Dracovish|Psychic Fangs|p1a: Toxapex
|-supereffective|p1a: Toxapex
|-damage|p1a: Toxapex|38/100
|move|p1a: Toxapex|Toxic|p2a: Dracovish
|-status|p2a: Dracovish|tox
|
|-heal|p1a: Toxapex|44/100|[from] item: Black Sludge
|-damage|p2a: Dracovish|82/100 tox|[from] psn
|upkeep
|turn|6
|inactive|Potato Gun has 120 seconds left.
|
|switch|p2a: Corviknight|Corviknight, M|100/100
|-damage|p2a: Corviknight|88/100|[from] Stealth Rock
|switch|p1a: Togekiss|Togekiss, M, shiny|100/100
|
|-heal|p2a: Corviknight|94/100|[from] item: Leftovers
|upkeep
|turn|7
|inactive|Potato Gun has 120 seconds left.
|
|move|p1a: Togekiss|Thunder Wave|p2a: Corviknight
|-status|p2a: Corviknight|par
|move|p2a: Corviknight|Defog|p1a: Togekiss
|-unboost|p1a: Togekiss|evasion|1
|-sideend|p2: HunterXorus7|Stealth Rock|[from] move: Defog|[of] p2a: Corviknight
|
|-heal|p2a: Corviknight|100/100 par|[from] item: Leftovers
|upkeep
|turn|8
|inactive|Potato Gun has 120 seconds left.
|
|switch|p1a: Dragapult|Dragapult, F|100/100
|move|p2a: Corviknight|U-turn|p1a: Dragapult
|-resisted|p1a: Dragapult
|-damage|p1a: Dragapult|90/100
|
|switch|p2a: Dragapult|Dragapult, M|95/100 tox|[from]move: U-turn
|
|-damage|p2a: Dragapult|89/100 tox|[from] psn
|upkeep
|turn|9
|
|switch|p1a: Togekiss|Togekiss, M, shiny|100/100
|move|p2a: Dragapult|Shadow Ball|p1a: Togekiss
|-damage|p1a: Togekiss|57/100
|
|-damage|p2a: Dragapult|77/100 tox|[from] psn
|upkeep
|turn|10
|
|switch|p2a: Corviknight|Corviknight, M|100/100 par
|move|p1a: Togekiss|Protect||[still]
|-fail|p1a: Togekiss
|
|upkeep
|turn|11
|
|switch|p1a: Bisharp|Bisharp, F, shiny|100/100
|move|p2a: Corviknight|U-turn|p1a: Bisharp
|-damage|p1a: Bisharp|86/100
|
|switch|p2a: Kommo-o|Kommo-o, F|100/100|[from]move: U-turn
|
|upkeep
|turn|12
|
|switch|p1a: Dragapult|Dragapult, F|90/100
|move|p2a: Kommo-o|Clangorous Soul|p2a: Kommo-o
|-boost|p2a: Kommo-o|atk|1
|-boost|p2a: Kommo-o|def|1
|-boost|p2a: Kommo-o|spa|1
|-boost|p2a: Kommo-o|spd|1
|-boost|p2a: Kommo-o|spe|1
|-damage|p2a: Kommo-o|67/100
|-enditem|p2a: Kommo-o|Throat Spray
|-boost|p2a: Kommo-o|spa|1
|
|upkeep
|turn|13
|inactive|Potato Gun has 120 seconds left.
|
|move|p2a: Kommo-o|Clanging Scales|p1a: Dragapult
|-supereffective|p1a: Dragapult
|-damage|p1a: Dragapult|0 fnt
|-unboost|p2a: Kommo-o|def|1
|faint|p1a: Dragapult
|
|upkeep
|
|switch|p1a: Toxapex|Toxapex, F, shiny|44/100
|turn|14
|inactive|Potato Gun has 120 seconds left.
|
|move|p2a: Kommo-o|Clanging Scales|p1a: Toxapex
|-damage|p1a: Toxapex|0 fnt
|-unboost|p2a: Kommo-o|def|1
|faint|p1a: Toxapex
|
|upkeep
|inactive|Potato Gun has 120 seconds left.
|
|switch|p1a: Togekiss|Togekiss, M, shiny|57/100
|turn|15
|
|move|p2a: Kommo-o|Flash Cannon|p1a: Togekiss
|-supereffective|p1a: Togekiss
|-damage|p1a: Togekiss|0 fnt
|faint|p1a: Togekiss
|
|upkeep
|-message|Potato Gun forfeited.
|
|win|HunterXorus7
|l|☆Potato Gun
|raw|Potato Gun's rating: 1154 → 1132(-22 for losing)
|raw|HunterXorus7's rating: 1201 → 1222(+21 for winning)
