|ScrapeTime|2020-01-01-08:55:51
|j|☆ToChara
|j|☆Shakunjin
|player|p1|ToChara|2|1079
|player|p2|Shakunjin|169|1085
|teamsize|p1|6
|teamsize|p2|6
|gametype|singles
|gen|8
|tier|[Gen 8] OU
|rated|
|rule|Sleep Clause Mod: Limit one foe put to sleep
|rule|Species Clause: Limit one of each Pokémon
|rule|OHKO Clause: OHKO moves are banned
|rule|Evasion Moves Clause: Evasion moves are banned
|rule|Endless Battle Clause: Forcing endless battles is banned
|rule|HP Percentage Mod: HP is shown in percentages
|clearpoke
|poke|p1|Corsola-Galar, F|
|poke|p1|Dragapult, M|
|poke|p1|Toxapex, M|
|poke|p1|Ferrothorn, M|
|poke|p1|Mimikyu, F|
|poke|p1|Dracovish|
|poke|p2|Galvantula, F|
|poke|p2|Duraludon, M|
|poke|p2|Aegislash, M|
|poke|p2|Ditto|
|poke|p2|Dracozolt|
|poke|p2|Eldegoss, F|
|rule|Dynamax Clause: You cannot dynamax
|teampreview
|inactive|Battle timer is ON: inactive players will automatically lose when time's up. (requested by Shakunjin)
|
|start
|switch|p1a: Mimikyu|Mimikyu, F|100/100
|switch|p2a: Galvantula|Galvantula, F|100/100
|turn|1
|
|move|p2a: Galvantula|Bug Buzz|p1a: Mimikyu
|-activate|p1a: Mimikyu|ability: Disguise
|-damage|p1a: Mimikyu|100/100
|detailschange|p1a: Mimikyu|Mimikyu-Busted, F
|-damage|p1a: Mimikyu|88/100|[from] ability: Disguise|[of] p1a: Mimikyu
|move|p1a: Mimikyu|Swords Dance|p1a: Mimikyu
|-boost|p1a: Mimikyu|atk|2
|
|upkeep
|turn|2
|
|move|p2a: Galvantula|Sucker Punch|p1a: Mimikyu
|-damage|p1a: Mimikyu|65/100
|move|p1a: Mimikyu|Shadow Claw|p2a: Galvantula
|-enditem|p2a: Galvantula|Focus Sash
|-damage|p2a: Galvantula|1/100
|-damage|p1a: Mimikyu|55/100|[from] item: Life Orb
|
|upkeep
|turn|3
|
|move|p2a: Galvantula|Thunder|p1a: Mimikyu|[miss]
|-miss|p2a: Galvantula|p1a: Mimikyu
|move|p1a: Mimikyu|Shadow Claw|p2a: Galvantula
|-damage|p2a: Galvantula|0 fnt
|-damage|p1a: Mimikyu|46/100|[from] item: Life Orb
|faint|p2a: Galvantula
|
|upkeep
|
|switch|p2a: Ditto|Ditto|100/100
|-transform|p2a: Ditto|p1a: Mimikyu|[from] ability: Imposter
|turn|4
|
|move|p2a: Ditto|Shadow Claw|p1a: Mimikyu
|-supereffective|p1a: Mimikyu
|-damage|p1a: Mimikyu|0 fnt
|faint|p1a: Mimikyu
|
|upkeep
|
|switch|p1a: Dragapult|Dragapult, M|100/100
|turn|5
|
|move|p1a: Dragapult|Shadow Ball|p2a: Ditto
|-supereffective|p2a: Ditto
|-damage|p2a: Ditto|26/100
|move|p2a: Ditto|Shadow Claw|p1a: Dragapult
|-supereffective|p1a: Dragapult
|-damage|p1a: Dragapult|0 fnt
|faint|p1a: Dragapult
|
|upkeep
|
|switch|p1a: Ferrothorn|Ferrothorn, M|100/100
|turn|6
|
|move|p2a: Ditto|Shadow Claw|p1a: Ferrothorn
|-damage|p1a: Ferrothorn|67/100
|-damage|p2a: Ditto|13/100|[from] ability: Iron Barbs|[of] p1a: Ferrothorn
|-damage|p2a: Ditto|0 fnt|[from] item: Rocky Helmet|[of] p1a: Ferrothorn
|faint|p2a: Ditto
|move|p1a: Ferrothorn|Gyro Ball|p2: Ditto|[notarget]
|-fail|p1a: Ferrothorn
|
|upkeep
|
|switch|p2a: Dracozolt|Dracozolt|100/100
|turn|7
|
|move|p2a: Dracozolt|Fire Fang|p1a: Ferrothorn
|-supereffective|p1a: Ferrothorn
|-damage|p1a: Ferrothorn|0 fnt
|-damage|p2a: Dracozolt|88/100|[from] ability: Iron Barbs|[of] p1a: Ferrothorn
|-damage|p2a: Dracozolt|72/100|[from] item: Rocky Helmet|[of] p1a: Ferrothorn
|faint|p1a: Ferrothorn
|
|upkeep
|
|switch|p1a: Corsola|Corsola-Galar, F|100/100
|turn|8
|
|move|p2a: Dracozolt|Bolt Beak|p1a: Corsola
|-damage|p1a: Corsola|0 fnt
|faint|p1a: Corsola
|
|upkeep
|
|switch|p1a: Dracovish|Dracovish|100/100
|turn|9
|
|move|p1a: Dracovish|Earthquake|p2a: Dracozolt
|-supereffective|p2a: Dracozolt
|-damage|p2a: Dracozolt|23/100
|move|p2a: Dracozolt|Bolt Beak|p1a: Dracovish
|-damage|p1a: Dracovish|40/100
|
|upkeep
|turn|10
|
|move|p1a: Dracovish|Earthquake|p2a: Dracozolt
|-supereffective|p2a: Dracozolt
|-damage|p2a: Dracozolt|0 fnt
|faint|p2a: Dracozolt
|
|upkeep
|
|switch|p2a: Duraludon|Duraludon, M|100/100
|turn|11
|
|switch|p1a: Toxapex|Toxapex, M|100/100
|move|p2a: Duraludon|Dragon Pulse|p1a: Toxapex
|-damage|p1a: Toxapex|58/100
|
|-heal|p1a: Toxapex|64/100|[from] item: Black Sludge
|upkeep
|turn|12
|
|move|p2a: Duraludon|Dragon Pulse|p1a: Toxapex
|-damage|p1a: Toxapex|27/100
|move|p1a: Toxapex|Recover|p1a: Toxapex
|-heal|p1a: Toxapex|77/100
|
|-heal|p1a: Toxapex|83/100|[from] item: Black Sludge
|upkeep
|turn|13
|
|move|p2a: Duraludon|Dragon Pulse|p1a: Toxapex
|-damage|p1a: Toxapex|47/100
|move|p1a: Toxapex|Scald|p2a: Duraludon
|-resisted|p2a: Duraludon
|-damage|p2a: Duraludon|84/100
|
|-heal|p1a: Toxapex|53/100|[from] item: Black Sludge
|upkeep
|turn|14
|
|move|p2a: Duraludon|Dragon Pulse|p1a: Toxapex
|-damage|p1a: Toxapex|11/100
|move|p1a: Toxapex|Recover|p1a: Toxapex
|-heal|p1a: Toxapex|61/100
|
|-heal|p1a: Toxapex|68/100|[from] item: Black Sludge
|upkeep
|turn|15
|
|move|p2a: Duraludon|Dragon Pulse|p1a: Toxapex
|-damage|p1a: Toxapex|25/100
|move|p1a: Toxapex|Recover|p1a: Toxapex
|-heal|p1a: Toxapex|75/100
|
|-heal|p1a: Toxapex|81/100|[from] item: Black Sludge
|upkeep
|turn|16
|
|move|p2a: Duraludon|Dragon Pulse|p1a: Toxapex
|-damage|p1a: Toxapex|38/100
|move|p1a: Toxapex|Scald|p2a: Duraludon
|-resisted|p2a: Duraludon
|-damage|p2a: Duraludon|67/100
|
|-heal|p1a: Toxapex|45/100|[from] item: Black Sludge
|upkeep
|turn|17
|
|switch|p2a: Aegislash|Aegislash, M|100/100
|move|p1a: Toxapex|Recover|p1a: Toxapex
|-heal|p1a: Toxapex|95/100
|
|-heal|p1a: Toxapex|100/100|[from] item: Black Sludge
|upkeep
|turn|18
|
|move|p2a: Aegislash|Swords Dance|p2a: Aegislash
|-boost|p2a: Aegislash|atk|2
|move|p1a: Toxapex|Scald|p2a: Aegislash
|-damage|p2a: Aegislash|88/100
|
|upkeep
|turn|19
|
|-formechange|p2a: Aegislash|Aegislash-Blade||[from] ability: Stance Change
|move|p2a: Aegislash|Shadow Claw|p1a: Toxapex
|-damage|p1a: Toxapex|11/100
|-damage|p2a: Aegislash|78/100|[from] item: Life Orb
|move|p1a: Toxapex|Scald|p2a: Aegislash
|-damage|p2a: Aegislash|46/100
|
|-heal|p1a: Toxapex|17/100|[from] item: Black Sludge
|upkeep
|turn|20
|
|move|p2a: Aegislash|Shadow Claw|p1a: Toxapex
|-crit|p1a: Toxapex
|-damage|p1a: Toxapex|0 fnt
|-damage|p2a: Aegislash|37/100|[from] item: Life Orb
|faint|p1a: Toxapex
|
|upkeep
|
|switch|p1a: Dracovish|Dracovish|40/100
|turn|21
|
|move|p1a: Dracovish|Earthquake|p2a: Aegislash
|-supereffective|p2a: Aegislash
|-damage|p2a: Aegislash|0 fnt
|faint|p2a: Aegislash
|
|upkeep
|
|switch|p2a: Duraludon|Duraludon, M|67/100
|turn|22
|
|move|p1a: Dracovish|Earthquake|p2a: Duraludon
|-supereffective|p2a: Duraludon
|-damage|p2a: Duraludon|10/100
|move|p2a: Duraludon|Flash Cannon|p1a: Dracovish
|-resisted|p1a: Dracovish
|-damage|p1a: Dracovish|0 fnt
|faint|p1a: Dracovish
|
|win|Shakunjin
|raw|ToChara's rating: 1080 → 1058(-22 for losing)
|raw|Shakunjin's rating: 1085 → 1112(+27 for winning)
|l|☆ToChara
