|ScrapeTime|2020-01-01-05:14:54
|j|☆CAKEYcakes99
|j|☆RenegadeWinds111
|player|p1|CAKEYcakes99|swimmer-gen4dp|1456
|player|p2|RenegadeWinds111|262|1477
|teamsize|p1|6
|teamsize|p2|6
|gametype|singles
|gen|8
|tier|[Gen 8] OU
|rated|
|rule|Sleep Clause Mod: Limit one foe put to sleep
|rule|Species Clause: Limit one of each Pokémon
|rule|OHKO Clause: OHKO moves are banned
|rule|Evasion Moves Clause: Evasion moves are banned
|rule|Endless Battle Clause: Forcing endless battles is banned
|rule|HP Percentage Mod: HP is shown in percentages
|clearpoke
|poke|p1|Hatterene, F|
|poke|p1|Hydreigon, M|
|poke|p1|Polteageist|
|poke|p1|Bewear, M|
|poke|p1|Bisharp, F|
|poke|p1|Grimmsnarl, M|
|poke|p2|Aegislash, M|
|poke|p2|Clefable, F|
|poke|p2|Conkeldurr, M|
|poke|p2|Mandibuzz, F|
|poke|p2|Seismitoad, M|
|poke|p2|Hydreigon, M|
|rule|Dynamax Clause: You cannot dynamax
|teampreview
|
|start
|switch|p1a: Bewear|Bewear, M|100/100
|switch|p2a: Conkeldurr|Conkeldurr, M|100/100
|turn|1
|
|move|p1a: Bewear|Swords Dance|p1a: Bewear
|-boost|p1a: Bewear|atk|2
|move|p2a: Conkeldurr|Drain Punch|p1a: Bewear
|-supereffective|p1a: Bewear
|-damage|p1a: Bewear|60/100
|
|upkeep
|turn|2
|
|switch|p2a: Aegislash|Aegislash, M|100/100
|move|p1a: Bewear|Drain Punch|p2a: Aegislash
|-immune|p2a: Aegislash
|
|upkeep
|turn|3
|
|-formechange|p2a: Aegislash|Aegislash-Blade||[from] ability: Stance Change
|move|p2a: Aegislash|Psycho Cut|p1a: Bewear
|-supereffective|p1a: Bewear
|-damage|p1a: Bewear|4/100
|move|p1a: Bewear|Shadow Claw|p2a: Aegislash
|-supereffective|p2a: Aegislash
|-damage|p2a: Aegislash|0 fnt
|-damage|p1a: Bewear|0 fnt|[from] item: Life Orb
|faint|p2a: Aegislash
|faint|p1a: Bewear
|
|upkeep
|
|switch|p1a: Hatterene|Hatterene, F|100/100
|switch|p2a: Conkeldurr|Conkeldurr, M|100/100
|turn|4
|
|move|p2a: Conkeldurr|Poison Jab|p1a: Hatterene
|-supereffective|p1a: Hatterene
|-damage|p1a: Hatterene|47/100
|move|p1a: Hatterene|Calm Mind|p1a: Hatterene
|-boost|p1a: Hatterene|spa|1
|-boost|p1a: Hatterene|spd|1
|
|-heal|p1a: Hatterene|53/100|[from] item: Leftovers
|upkeep
|turn|5
|
|move|p2a: Conkeldurr|Poison Jab|p1a: Hatterene
|-supereffective|p1a: Hatterene
|-damage|p1a: Hatterene|0 fnt
|faint|p1a: Hatterene
|
|upkeep
|
|switch|p1a: Polteageist|Polteageist|100/100
|turn|6
|
|move|p1a: Polteageist|Shell Smash|p1a: Polteageist
|-unboost|p1a: Polteageist|def|1
|-unboost|p1a: Polteageist|spd|1
|-boost|p1a: Polteageist|atk|2
|-boost|p1a: Polteageist|spa|2
|-boost|p1a: Polteageist|spe|2
|move|p2a: Conkeldurr|Ice Punch|p1a: Polteageist
|-damage|p1a: Polteageist|17/100
|-ability|p1a: Polteageist|Weak Armor|boost
|-unboost|p1a: Polteageist|def|1
|-boost|p1a: Polteageist|spe|2
|
|upkeep
|turn|7
|
|switch|p2a: Mandibuzz|Mandibuzz, F|100/100
|move|p1a: Polteageist|Shadow Ball|p2a: Mandibuzz
|-resisted|p2a: Mandibuzz
|-damage|p2a: Mandibuzz|61/100
|
|upkeep
|turn|8
|
|move|p1a: Polteageist|Shadow Ball|p2a: Mandibuzz
|-resisted|p2a: Mandibuzz
|-damage|p2a: Mandibuzz|20/100
|move|p2a: Mandibuzz|Roost|p2a: Mandibuzz
|-heal|p2a: Mandibuzz|70/100
|-singleturn|p2a: Mandibuzz|move: Roost
|
|upkeep
|turn|9
|
|move|p1a: Polteageist|Shadow Ball|p2a: Mandibuzz
|-resisted|p2a: Mandibuzz
|-damage|p2a: Mandibuzz|28/100
|move|p2a: Mandibuzz|Roost|p2a: Mandibuzz
|-heal|p2a: Mandibuzz|78/100
|-singleturn|p2a: Mandibuzz|move: Roost
|
|upkeep
|turn|10
|
|move|p1a: Polteageist|Shadow Ball|p2a: Mandibuzz
|-resisted|p2a: Mandibuzz
|-damage|p2a: Mandibuzz|40/100
|move|p2a: Mandibuzz|Roost|p2a: Mandibuzz
|-heal|p2a: Mandibuzz|90/100
|-singleturn|p2a: Mandibuzz|move: Roost
|
|upkeep
|turn|11
|
|move|p1a: Polteageist|Shadow Ball|p2a: Mandibuzz
|-resisted|p2a: Mandibuzz
|-damage|p2a: Mandibuzz|49/100
|move|p2a: Mandibuzz|Roost|p2a: Mandibuzz
|-heal|p2a: Mandibuzz|99/100
|-singleturn|p2a: Mandibuzz|move: Roost
|
|upkeep
|turn|12
|
|move|p1a: Polteageist|Shadow Ball|p2a: Mandibuzz
|-resisted|p2a: Mandibuzz
|-damage|p2a: Mandibuzz|60/100
|move|p2a: Mandibuzz|Foul Play|p1a: Polteageist
|-supereffective|p1a: Polteageist
|-damage|p1a: Polteageist|0 fnt
|faint|p1a: Polteageist
|
|upkeep
|
|switch|p1a: Bisharp|Bisharp, F|100/100
|turn|13
|
|move|p1a: Bisharp|Swords Dance|p1a: Bisharp
|-boost|p1a: Bisharp|atk|2
|move|p2a: Mandibuzz|Foul Play|p1a: Bisharp
|-resisted|p1a: Bisharp
|-crit|p1a: Bisharp
|-damage|p1a: Bisharp|0 fnt
|faint|p1a: Bisharp
|
|upkeep
|-message|CAKEYcakes99 forfeited.
|
|win|RenegadeWinds111
|l|☆CAKEYcakes99
|raw|CAKEYcakes99's rating: 1456 → 1437(-19 for losing)
|raw|RenegadeWinds111's rating: 1477 → 1496(+19 for winning)
