|ScrapeTime|2020-01-02-15:46:48
|j|☆WWWLUCIFERCOM
|j|☆DemyCoeur
|player|p1|WWWLUCIFERCOM|lass-gen4dp|1197
|player|p2|DemyCoeur|lady|1184
|teamsize|p1|6
|teamsize|p2|6
|gametype|singles
|gen|8
|tier|[Gen 8] OU
|rated|
|rule|Sleep Clause Mod: Limit one foe put to sleep
|rule|Species Clause: Limit one of each Pokémon
|rule|OHKO Clause: OHKO moves are banned
|rule|Evasion Moves Clause: Evasion moves are banned
|rule|Endless Battle Clause: Forcing endless battles is banned
|rule|HP Percentage Mod: HP is shown in percentages
|clearpoke
|poke|p1|Dragapult, M|
|poke|p1|Excadrill, F|
|poke|p1|Corsola-Galar, F|
|poke|p1|Dracovish|
|poke|p1|Kommo-o, F|
|poke|p1|Hatterene, F|
|poke|p2|Corviknight, M|
|poke|p2|Toxapex, M|
|poke|p2|Tyranitar, M|
|poke|p2|Snorlax, F|
|poke|p2|Clefable, M|
|poke|p2|Gastrodon, F|
|rule|Dynamax Clause: You cannot dynamax
|teampreview
|inactive|Battle timer is ON: inactive players will automatically lose when time's up. (requested by WWWLUCIFERCOM)
|
|start
|switch|p1a: Excadrill|Excadrill, F|100/100
|switch|p2a: Toxapex|Toxapex, M|100/100
|-ability|p1a: Excadrill|Mold Breaker
|turn|1
|
|switch|p2a: Gastrodon|Gastrodon, F|100/100
|move|p1a: Excadrill|Earthquake|p2a: Gastrodon
|-damage|p2a: Gastrodon|58/100
|
|-heal|p2a: Gastrodon|64/100|[from] item: Leftovers
|upkeep
|turn|2
|
|switch|p1a: Hatterene|Hatterene, F|100/100
|move|p2a: Gastrodon|Recover|p2a: Gastrodon
|-heal|p2a: Gastrodon|100/100
|
|upkeep
|turn|3
|
|switch|p2a: Snorlax|Snorlax, F|100/100
|move|p1a: Hatterene|Calm Mind|p1a: Hatterene
|-boost|p1a: Hatterene|spa|1
|-boost|p1a: Hatterene|spd|1
|
|upkeep
|turn|4
|
|move|p1a: Hatterene|Nuzzle|p2a: Snorlax
|-damage|p2a: Snorlax|97/100
|-status|p2a: Snorlax|par
|cant|p2a: Snorlax|par
|
|upkeep
|turn|5
|
|move|p1a: Hatterene|Calm Mind|p1a: Hatterene
|-boost|p1a: Hatterene|spa|1
|-boost|p1a: Hatterene|spd|1
|move|p2a: Snorlax|Earthquake|p1a: Hatterene
|-damage|p1a: Hatterene|72/100
|
|-heal|p1a: Hatterene|78/100|[from] item: Leftovers
|upkeep
|turn|6
|
|move|p1a: Hatterene|Draining Kiss|p2a: Snorlax
|-damage|p2a: Snorlax|71/100 par
|-heal|p1a: Hatterene|100/100|[from] drain|[of] p2a: Snorlax
|cant|p2a: Snorlax|par
|
|upkeep
|turn|7
|
|switch|p2a: Tyranitar|Tyranitar, M|100/100
|-weather|Sandstorm|[from] ability: Sand Stream|[of] p2a: Tyranitar
|move|p1a: Hatterene|Calm Mind|p1a: Hatterene
|-boost|p1a: Hatterene|spa|1
|-boost|p1a: Hatterene|spd|1
|
|-weather|Sandstorm|[upkeep]
|-damage|p1a: Hatterene|95/100|[from] Sandstorm
|-heal|p1a: Hatterene|100/100|[from] item: Leftovers
|upkeep
|turn|8
|
|move|p2a: Tyranitar|Stone Edge|p1a: Hatterene
|-damage|p1a: Hatterene|57/100
|move|p1a: Hatterene|Nuzzle|p2a: Tyranitar
|-damage|p2a: Tyranitar|97/100
|-status|p2a: Tyranitar|par
|
|-weather|Sandstorm|[upkeep]
|-damage|p1a: Hatterene|51/100|[from] Sandstorm
|-heal|p1a: Hatterene|57/100|[from] item: Leftovers
|-heal|p2a: Tyranitar|100/100 par|[from] item: Leftovers
|upkeep
|turn|9
|
|move|p1a: Hatterene|Draining Kiss|p2a: Tyranitar
|-supereffective|p2a: Tyranitar
|-damage|p2a: Tyranitar|43/100 par
|-heal|p1a: Hatterene|100/100|[from] drain|[of] p2a: Tyranitar
|move|p2a: Tyranitar|Stone Edge|p1a: Hatterene
|-crit|p1a: Hatterene
|-damage|p1a: Hatterene|36/100
|
|-weather|Sandstorm|[upkeep]
|-damage|p1a: Hatterene|30/100|[from] Sandstorm
|-heal|p1a: Hatterene|36/100|[from] item: Leftovers
|-heal|p2a: Tyranitar|49/100 par|[from] item: Leftovers
|upkeep
|turn|10
|inactive|DemyCoeur has 120 seconds left.
|inactive|DemyCoeur has 90 seconds left.
|
|move|p1a: Hatterene|Draining Kiss|p2a: Tyranitar
|-supereffective|p2a: Tyranitar
|-damage|p2a: Tyranitar|0 fnt
|-heal|p1a: Hatterene|75/100|[from] drain|[of] p2a: Tyranitar
|faint|p2a: Tyranitar
|
|-weather|Sandstorm|[upkeep]
|-damage|p1a: Hatterene|69/100|[from] Sandstorm
|-heal|p1a: Hatterene|75/100|[from] item: Leftovers
|upkeep
|inactive|DemyCoeur has 90 seconds left.
|
|switch|p2a: Clefable|Clefable, M|100/100
|turn|11
|inactive|DemyCoeur has 90 seconds left.
|
|switch|p2a: Corviknight|Corviknight, M|100/100
|-ability|p2a: Corviknight|Pressure
|move|p1a: Hatterene|Nuzzle|p2a: Corviknight
|-supereffective|p2a: Corviknight
|-damage|p2a: Corviknight|94/100
|-status|p2a: Corviknight|par
|
|-weather|none
|-heal|p1a: Hatterene|81/100|[from] item: Leftovers
|-heal|p2a: Corviknight|100/100 par|[from] item: Leftovers
|upkeep
|turn|12
|c|☆DemyCoeur|that nuzzle drain kiss set came from hell
|
|move|p1a: Hatterene|Mystical Fire|p2a: Corviknight
|-supereffective|p2a: Corviknight
|-crit|p2a: Corviknight
|-damage|p2a: Corviknight|0 fnt
|faint|p2a: Corviknight
|
|-heal|p1a: Hatterene|87/100|[from] item: Leftovers
|upkeep
|c|☆WWWLUCIFERCOM|oh yeah its gross
|-message|DemyCoeur forfeited.
|
|win|WWWLUCIFERCOM
|raw|WWWLUCIFERCOM's rating: 1197 → 1221(+24 for winning)
|raw|DemyCoeur's rating: 1184 → 1160(-24 for losing)
|c|☆WWWLUCIFERCOM|ngl its cheap af
