|ScrapeTime|2020-01-01-10:25:15
|j|☆nmb46
|j|☆Bruhnzong
|player|p1|nmb46|pokekid|1256
|player|p2|Bruhnzong|80|1189
|teamsize|p1|6
|teamsize|p2|6
|gametype|singles
|gen|8
|tier|[Gen 8] OU
|rated|
|rule|Sleep Clause Mod: Limit one foe put to sleep
|rule|Species Clause: Limit one of each Pokémon
|rule|OHKO Clause: OHKO moves are banned
|rule|Evasion Moves Clause: Evasion moves are banned
|rule|Endless Battle Clause: Forcing endless battles is banned
|rule|HP Percentage Mod: HP is shown in percentages
|clearpoke
|poke|p1|Clefable, F|
|poke|p1|Kommo-o, F|
|poke|p1|Corsola-Galar, F|
|poke|p1|Chandelure, M|
|poke|p1|Bisharp, F|
|poke|p1|Gyarados, F|
|poke|p2|Dragapult, F|
|poke|p2|Copperajah, F|
|poke|p2|Golisopod, M|
|poke|p2|Toxtricity, F|
|poke|p2|Clefable, M|
|poke|p2|Mandibuzz, F|
|rule|Dynamax Clause: You cannot dynamax
|teampreview
|
|start
|switch|p1a: Kommo-o|Kommo-o, F|100/100
|switch|p2a: Doxic|Toxtricity, F|100/100
|turn|1
|inactive|Battle timer is ON: inactive players will automatically lose when time's up. (requested by nmb46)
|
|move|p1a: Kommo-o|Clanging Scales|p2a: Doxic
|-damage|p2a: Doxic|52/100
|-unboost|p1a: Kommo-o|def|1
|-damage|p1a: Kommo-o|91/100|[from] item: Life Orb
|move|p2a: Doxic|Sludge Wave|p1a: Kommo-o
|-damage|p1a: Kommo-o|20/100
|
|upkeep
|turn|2
|
|switch|p1a: Bisharp|Bisharp, F|100/100
|switch|p2a: Twinkle mangle|Clefable, M|100/100
|
|upkeep
|turn|3
|
|switch|p2a: Bone zone|Mandibuzz, F|100/100
|move|p1a: Bisharp|Swords Dance|p1a: Bisharp
|-boost|p1a: Bisharp|atk|2
|
|upkeep
|turn|4
|
|move|p1a: Bisharp|Iron Head|p2a: Bone zone
|-damage|p2a: Bone zone|26/100
|-damage|p1a: Bisharp|91/100|[from] item: Life Orb
|move|p2a: Bone zone|Foul Play|p1a: Bisharp
|-resisted|p1a: Bisharp
|-damage|p1a: Bisharp|27/100
|
|-heal|p2a: Bone zone|32/100|[from] item: Leftovers
|upkeep
|turn|5
|
|switch|p2a: Walk in walk out|Golisopod, M|100/100
|move|p1a: Bisharp|Iron Head|p2a: Walk in walk out
|-resisted|p2a: Walk in walk out
|-crit|p2a: Walk in walk out
|-damage|p2a: Walk in walk out|34/100
|-activate|p2a: Walk in walk out|ability: Emergency Exit
|-damage|p1a: Bisharp|17/100|[from] item: Life Orb
|
|switch|p2a: vvVvv|Dragapult, F|100/100
|
|upkeep
|turn|6
|
|move|p1a: Bisharp|Sucker Punch|p2a: vvVvv
|-supereffective|p2a: vvVvv
|-damage|p2a: vvVvv|0 fnt
|-damage|p1a: Bisharp|8/100|[from] item: Life Orb
|faint|p2a: vvVvv
|
|upkeep
|-message|Bruhnzong forfeited.
|
|win|nmb46
|l|☆Bruhnzong
|raw|nmb46's rating: 1256 → 1276(+20 for winning)
|raw|Bruhnzong's rating: 1189 → 1169(-20 for losing)
