|ScrapeTime|2020-01-02-04:45:38
|j|☆MajoraKid2439^^
|j|☆smoke is immortal
|player|p1|MajoraKid2439^^|may-gen3|1181
|player|p2|smoke is immortal|acetrainerf-gen4|1217
|teamsize|p1|6
|teamsize|p2|6
|gametype|singles
|gen|8
|tier|[Gen 8] OU
|rated|
|rule|Sleep Clause Mod: Limit one foe put to sleep
|rule|Species Clause: Limit one of each Pokémon
|rule|OHKO Clause: OHKO moves are banned
|rule|Evasion Moves Clause: Evasion moves are banned
|rule|Endless Battle Clause: Forcing endless battles is banned
|rule|HP Percentage Mod: HP is shown in percentages
|clearpoke
|poke|p1|Leafeon, F|
|poke|p1|Torkoal, M|
|poke|p1|Charizard, M|
|poke|p1|Ninetales, M|
|poke|p1|Cinderace, F|
|poke|p1|Silvally-*|
|poke|p2|Cloyster, F|
|poke|p2|Mew|
|poke|p2|Toxtricity, F|
|poke|p2|Grimmsnarl, M|
|poke|p2|Kommo-o, M|
|poke|p2|Bisharp, M|
|rule|Dynamax Clause: You cannot dynamax
|teampreview
|
|start
|switch|p1a: Naruto|Ninetales, M|100/100
|switch|p2a: Mew|Mew|100/100
|-weather|SunnyDay|[from] ability: Drought|[of] p1a: Naruto
|turn|1
|inactive|Battle timer is ON: inactive players will automatically lose when time's up. (requested by MajoraKid2439^^)
|j| 4G3NC Fusien
|
|move|p1a: Naruto|Hypnosis|p2a: Mew|[miss]
|-miss|p1a: Naruto|p2a: Mew
|move|p2a: Mew|Stealth Rock|p1a: Naruto
|-sidestart|p1: MajoraKid2439^^|move: Stealth Rock
|
|-weather|SunnyDay|[upkeep]
|upkeep
|turn|2
|c|☆MajoraKid2439^^|4G3NC 4G3NC
|
|move|p1a: Naruto|Hypnosis|p2a: Mew
|-status|p2a: Mew|slp|[from] move: Hypnosis
|cant|p2a: Mew|slp
|
|-weather|SunnyDay|[upkeep]
|upkeep
|turn|3
|c| 4G3NC Fusien|Agency Agency
|c|☆MajoraKid2439^^|lol
|c|☆smoke is immortal|AGENCY AGENCY
|
|move|p1a: Naruto|Weather Ball|p2a: Mew
|-damage|p2a: Mew|50/100 slp
|-enditem|p2a: Mew|Red Card|[of] p1a: Naruto
|drag|p1a: Mor CASH!|Charizard, M, shiny|100/100
|cant|p2a: Mew|slp
|
|-weather|SunnyDay|[upkeep]
|upkeep
|turn|4
|
|move|p1a: Mor CASH!|Flare Blitz|p2a: Mew
|-damage|p2a: Mew|0 fnt
|-damage|p1a: Mor CASH!|78/100|[from] Recoil
|faint|p2a: Mew
|
|-weather|SunnyDay|[upkeep]
|upkeep
|
|switch|p2a: Grimmsnarl|Grimmsnarl, M|100/100
|turn|5
|c|☆smoke is immortal|oh wait
|c|☆smoke is immortal|u went phys char?
|c|☆smoke is immortal|how come
|c|☆smoke is immortal|sp atkt char nukes on sun
|
|move|p2a: Grimmsnarl|Reflect|p2a: Grimmsnarl
|-sidestart|p2: smoke is immortal|Reflect
|move|p1a: Mor CASH!|Flare Blitz|p2a: Grimmsnarl
|-damage|p2a: Grimmsnarl|55/100
|-damage|p1a: Mor CASH!|58/100|[from] Recoil
|
|-weather|SunnyDay|[upkeep]
|upkeep
|turn|6
|
|switch|p1a: Mor Ardain|Torkoal, M, shiny|100/100
|move|p2a: Grimmsnarl|Light Screen|p2a: Grimmsnarl
|-sidestart|p2: smoke is immortal|move: Light Screen
|
|-weather|SunnyDay|[upkeep]
|upkeep
|turn|7
|
|move|p2a: Grimmsnarl|Taunt|p1a: Mor Ardain
|-start|p1a: Mor Ardain|move: Taunt
|cant|p1a: Mor Ardain|move: Taunt|Stealth Rock
|
|-weather|SunnyDay|[upkeep]
|upkeep
|turn|8
|
|move|p2a: Grimmsnarl|Darkest Lariat|p1a: Mor Ardain
|-damage|p1a: Mor Ardain|81/100
|move|p1a: Mor Ardain|Rapid Spin|p2a: Grimmsnarl
|-damage|p2a: Grimmsnarl|49/100
|-sideend|p1: MajoraKid2439^^|Stealth Rock|[from] move: Rapid Spin|[of] p1a: Mor Ardain
|-boost|p1a: Mor Ardain|spe|1
|
|-weather|none
|upkeep
|turn|9
|c| 4G3NC Fusien|i mean it does catch some mons offgaurd i guess
|
|move|p2a: Grimmsnarl|Darkest Lariat|p1a: Mor Ardain
|-damage|p1a: Mor Ardain|63/100
|move|p1a: Mor Ardain|Lava Plume|p2a: Grimmsnarl
|-damage|p2a: Grimmsnarl|41/100
|
|-end|p1a: Mor Ardain|move: Taunt
|upkeep
|turn|10
|c| 4G3NC Fusien|this turtle is about to sweep
|c|☆smoke is immortal|LMOA
|c|☆smoke is immortal|NOOOOOOOOO
|c| 4G3NC Fusien|with that plus 1
|c|☆smoke is immortal|not the TURTLE
|c| 4G3NC Fusien|watch out
|
|move|p2a: Grimmsnarl|Taunt|p1a: Mor Ardain
|-start|p1a: Mor Ardain|move: Taunt
|move|p1a: Mor Ardain|Lava Plume|p2a: Grimmsnarl
|-damage|p2a: Grimmsnarl|32/100
|
|upkeep
|turn|11
|c| 4G3NC Fusien|only a few more before it outspeeds kommo o
|c| 4G3NC Fusien|and then gg
|
|switch|p2a: Toxtricity|Toxtricity, F|100/100
|move|p1a: Mor Ardain|Lava Plume|p2a: Toxtricity
|-damage|p2a: Toxtricity|82/100
|
|upkeep
|turn|12
|
|switch|p1a: Naruto|Ninetales, M|100/100
|-weather|SunnyDay|[from] ability: Drought|[of] p1a: Naruto
|move|p2a: Toxtricity|Boomburst|p1a: Naruto
|-damage|p1a: Naruto|0 fnt
|faint|p1a: Naruto
|
|-weather|SunnyDay|[upkeep]
|-sideend|p2: smoke is immortal|Reflect
|upkeep
|c| 4G3NC Fusien|your team is fire btw majorakid2439^^
|
|switch|p1a: Zombieman|Silvally-Rock, shiny|100/100
|turn|13
|c|☆smoke is immortal|tox said nah
|c| 4G3NC Fusien|both figuratively and literally
|
|move|p1a: Zombieman|Multi-Attack|p2a: Toxtricity
|-damage|p2a: Toxtricity|5/100
|move|p2a: Toxtricity|Boomburst|p1a: Zombieman
|-resisted|p1a: Zombieman
|-damage|p1a: Zombieman|47/100
|
|-weather|SunnyDay|[upkeep]
|-sideend|p2: smoke is immortal|move: Light Screen
|upkeep
|turn|14
|c|☆smoke is immortal|truee
|
|move|p1a: Zombieman|Multi-Attack|p2a: Toxtricity
|-damage|p2a: Toxtricity|0 fnt
|faint|p2a: Toxtricity
|
|-weather|SunnyDay|[upkeep]
|upkeep
|
|switch|p2a: Grimmsnarl|Grimmsnarl, M|32/100
|turn|15
|
|move|p2a: Grimmsnarl|Reflect|p2a: Grimmsnarl
|-sidestart|p2: smoke is immortal|Reflect
|move|p1a: Zombieman|Swords Dance|p1a: Zombieman
|-boost|p1a: Zombieman|atk|2
|
|-weather|SunnyDay|[upkeep]
|upkeep
|turn|16
|
|move|p2a: Grimmsnarl|Taunt|p1a: Zombieman
|-start|p1a: Zombieman|move: Taunt
|move|p1a: Zombieman|Multi-Attack|p2a: Grimmsnarl
|-damage|p2a: Grimmsnarl|0 fnt
|faint|p2a: Grimmsnarl
|
|-weather|SunnyDay|[upkeep]
|upkeep
|c| 4G3NC Fusien|oh wait nvm a good amount of mons are not fire, they are other types
|
|switch|p2a: Cloyster|Cloyster, F|100/100
|turn|17
|
|move|p1a: Zombieman|Multi-Attack|p2a: Cloyster
|-supereffective|p2a: Cloyster
|-damage|p2a: Cloyster|19/100
|move|p2a: Cloyster|Shell Smash|p2a: Cloyster
|-unboost|p2a: Cloyster|def|1
|-unboost|p2a: Cloyster|spd|1
|-boost|p2a: Cloyster|atk|2
|-boost|p2a: Cloyster|spa|2
|-boost|p2a: Cloyster|spe|2
|
|-weather|SunnyDay|[upkeep]
|upkeep
|turn|18
|
|move|p2a: Cloyster|Icicle Spear|p1a: Zombieman
|-damage|p1a: Zombieman|21/100
|-damage|p1a: Zombieman|0 fnt
|-hitcount|p1a: Zombieman|2
|faint|p1a: Zombieman
|
|-weather|SunnyDay|[upkeep]
|upkeep
|c| 4G3NC Fusien|so your team is fire metaphorically and mostly fire in typing
|
|switch|p1a: badass|Cinderace, F|100/100
|turn|19
|c|☆smoke is immortal|true
|
|move|p1a: badass|Sucker Punch|p2a: Cloyster
|-damage|p2a: Cloyster|0 fnt
|faint|p2a: Cloyster
|
|-weather|none
|upkeep
|c|☆smoke is immortal|OH
|c|☆smoke is immortal|HE RUNS SP
|
|switch|p2a: Kommo-o|Kommo-o, M|100/100
|turn|20
|c| 4G3NC Fusien|either that or hjk
|
|switch|p1a: Mor Ardain|Torkoal, M, shiny|63/100
|-weather|SunnyDay|[from] ability: Drought|[of] p1a: Mor Ardain
|move|p2a: Kommo-o|Substitute|p2a: Kommo-o
|-start|p2a: Kommo-o|Substitute
|-damage|p2a: Kommo-o|75/100
|
|-weather|SunnyDay|[upkeep]
|upkeep
|turn|21
|c|☆smoke is immortal|yup
|
|move|p2a: Kommo-o|Belly Drum|p2a: Kommo-o
|-damage|p2a: Kommo-o|25/100
|-setboost|p2a: Kommo-o|atk|6|[from] move: Belly Drum
|-enditem|p2a: Kommo-o|Salac Berry|[eat]
|-boost|p2a: Kommo-o|spe|1
|move|p1a: Mor Ardain|Lava Plume|p2a: Kommo-o
|-resisted|p2a: Kommo-o
|-activate|p2a: Kommo-o|move: Substitute|[damage]
|
|-weather|SunnyDay|[upkeep]
|upkeep
|turn|22
|
|move|p2a: Kommo-o|Earthquake|p1a: Mor Ardain
|-supereffective|p1a: Mor Ardain
|-damage|p1a: Mor Ardain|0 fnt
|faint|p1a: Mor Ardain
|
|-weather|SunnyDay|[upkeep]
|-sideend|p2: smoke is immortal|Reflect
|upkeep
|c| 4G3NC Fusien|damn clanger might take it
|
|switch|p1a: badass|Cinderace, F|100/100
|turn|23
|
|move|p1a: badass|Sucker Punch|p2a: Kommo-o
|-resisted|p2a: Kommo-o
|-end|p2a: Kommo-o|Substitute
|move|p2a: Kommo-o|Earthquake|p1a: badass
|-supereffective|p1a: badass
|-damage|p1a: badass|0 fnt
|faint|p1a: badass
|
|-weather|SunnyDay|[upkeep]
|upkeep
|
|switch|p1a: Zelda|Leafeon, F|100/100
|turn|24
|
|move|p1a: Zelda|Solar Blade||[still]
|-prepare|p1a: Zelda|Solar Blade|p2a: Kommo-o
|-anim|p1a: Zelda|Solar Blade|p2a: Kommo-o
|-resisted|p2a: Kommo-o
|-damage|p2a: Kommo-o|0 fnt
|-damage|p1a: Zelda|91/100|[from] item: Life Orb
|faint|p2a: Kommo-o
|
|-weather|none
|upkeep
|c|☆smoke is immortal|WOAH
|c|☆smoke is immortal|LMFOAOAOAO
|
|switch|p2a: Bisharp|Bisharp, M|100/100
|turn|25
|c| 4G3NC Fusien|ayy i've heard of this tech
|
|move|p1a: Zelda|Leaf Blade|p2a: Bisharp
|-resisted|p2a: Bisharp
|-damage|p2a: Bisharp|62/100
|-damage|p1a: Zelda|81/100|[from] item: Life Orb
|move|p2a: Bisharp|Swords Dance|p2a: Bisharp
|-boost|p2a: Bisharp|atk|2
|
|upkeep
|turn|26
|c| 4G3NC Fusien|it does so much aparantly
|c|☆smoke is immortal|CLEARLY
|c| 4G3NC Fusien|it is 130 bp after all
|c|☆smoke is immortal|LMAO
|
|move|p1a: Zelda|Leaf Blade|p2a: Bisharp
|-resisted|p2a: Bisharp
|-damage|p2a: Bisharp|22/100
|-damage|p1a: Zelda|71/100|[from] item: Life Orb
|move|p2a: Bisharp|Throat Chop|p1a: Zelda
|-damage|p1a: Zelda|0 fnt
|-damage|p2a: Bisharp|12/100|[from] item: Life Orb
|faint|p1a: Zelda
|
|upkeep
|c|☆smoke is immortal|gg
|c|☆smoke is immortal|either way
|c|☆smoke is immortal|wp
|
|switch|p1a: Mor CASH!|Charizard, M, shiny|58/100
|turn|27
|c|☆smoke is immortal|was fun
|
|move|p2a: Bisharp|Sucker Punch|p1a: Mor CASH!
|-damage|p1a: Mor CASH!|0 fnt
|-damage|p2a: Bisharp|2/100|[from] item: Life Orb
|faint|p1a: Mor CASH!
|
|win|smoke is immortal
|c| 4G3NC Fusien|ye def
|c|☆MajoraKid2439^^|gg
|raw|MajoraKid2439^^'s rating: 1181 → 1159(-22 for losing)
|raw|smoke is immortal's rating: 1217 → 1239(+22 for winning)
|c| 4G3NC Fusien|gl with the battles majorakid
|c|☆smoke is immortal|AGENCY AGENCY
|l|☆smoke is immortal
