|ScrapeTime|2020-01-02-02:06:31
|j|☆T.B Qc
|j|☆diaperbabe29
|player|p1|T.B Qc|52|1850
|player|p2|diaperbabe29|8|1758
|teamsize|p1|6
|teamsize|p2|6
|gametype|singles
|gen|8
|tier|[Gen 8] OU
|rated|
|rule|Sleep Clause Mod: Limit one foe put to sleep
|rule|Species Clause: Limit one of each Pokémon
|rule|OHKO Clause: OHKO moves are banned
|rule|Evasion Moves Clause: Evasion moves are banned
|rule|Endless Battle Clause: Forcing endless battles is banned
|rule|HP Percentage Mod: HP is shown in percentages
|clearpoke
|poke|p1|Ribombee, F|
|poke|p1|Bisharp, F|
|poke|p1|Malamar, F|
|poke|p1|Chandelure, F|
|poke|p1|Togekiss, M|
|poke|p1|Dracozolt|
|poke|p2|Sylveon, F|
|poke|p2|Corviknight, M|
|poke|p2|Gastrodon-East, M|
|poke|p2|Sigilyph, F|
|poke|p2|Kommo-o, F|
|poke|p2|Ditto|
|rule|Dynamax Clause: You cannot dynamax
|teampreview
|
|start
|switch|p1a: Ribombee|Ribombee, F|100/100
|switch|p2a: Corviknight|Corviknight, M|100/100
|-ability|p2a: Corviknight|Pressure
|turn|1
|
|move|p1a: Ribombee|Sticky Web|p2a: Corviknight
|-sidestart|p2: diaperbabe29|move: Sticky Web
|move|p2a: Corviknight|Brave Bird|p1a: Ribombee
|-supereffective|p1a: Ribombee
|-enditem|p1a: Ribombee|Focus Sash
|-damage|p1a: Ribombee|1/100
|-damage|p2a: Corviknight|79/100|[from] Recoil
|
|-heal|p2a: Corviknight|85/100|[from] item: Leftovers
|upkeep
|turn|2
|
|switch|p1a: Bisharp|Bisharp, F|100/100
|move|p2a: Corviknight|U-turn|p1a: Bisharp
|-damage|p1a: Bisharp|81/100
|
|switch|p2a: Kommo-o|Kommo-o, F|100/100|[from]move: U-turn
|-activate|p2a: Kommo-o|move: Sticky Web
|-unboost|p2a: Kommo-o|spe|1
|
|upkeep
|turn|3
|
|switch|p1a: Togekiss|Togekiss, M|100/100
|move|p2a: Kommo-o|Stealth Rock|p1a: Togekiss
|-sidestart|p1: T.B Qc|move: Stealth Rock
|
|upkeep
|turn|4
|
|switch|p2a: Sigilyph|Sigilyph, F|100/100
|move|p1a: Togekiss|Dazzling Gleam|p2a: Sigilyph
|-damage|p2a: Sigilyph|54/100
|
|-status|p2a: Sigilyph|tox|[from] item: Toxic Orb
|upkeep
|turn|5
|
|move|p2a: Sigilyph|Roost|p2a: Sigilyph
|-heal|p2a: Sigilyph|100/100 tox
|-singleturn|p2a: Sigilyph|move: Roost
|move|p1a: Togekiss|Air Slash|p2a: Sigilyph
|-damage|p2a: Sigilyph|55/100 tox
|
|upkeep
|turn|6
|j| 38richbitch
|
|switch|p1a: Bisharp|Bisharp, F|81/100
|-damage|p1a: Bisharp|75/100|[from] Stealth Rock
|move|p2a: Sigilyph|Psycho Shift|p1a: Bisharp
|-immune|p1a: Bisharp
|
|upkeep
|turn|7
|l| 38richbitch
|
|switch|p2a: Kommo-o|Kommo-o, F|100/100
|-activate|p2a: Kommo-o|move: Sticky Web
|-unboost|p2a: Kommo-o|spe|1
|move|p1a: Bisharp|Sucker Punch||[still]
|-fail|p1a: Bisharp
|
|upkeep
|turn|8
|
|move|p1a: Bisharp|Iron Head|p2a: Kommo-o
|-damage|p2a: Kommo-o|63/100
|-damage|p1a: Bisharp|65/100|[from] item: Life Orb
|move|p2a: Kommo-o|Flamethrower|p1a: Bisharp
|-supereffective|p1a: Bisharp
|-damage|p1a: Bisharp|0 fnt
|faint|p1a: Bisharp
|
|-heal|p2a: Kommo-o|69/100|[from] item: Leftovers
|upkeep
|
|switch|p1a: Malamar|Malamar, F|100/100
|-damage|p1a: Malamar|88/100|[from] Stealth Rock
|turn|9
|
|switch|p2a: Corviknight|Corviknight, M|85/100
|-ability|p2a: Corviknight|Pressure
|move|p1a: Malamar|Psycho Cut|p2a: Corviknight
|-resisted|p2a: Corviknight
|-damage|p2a: Corviknight|77/100
|
|-heal|p1a: Malamar|94/100|[from] item: Leftovers
|-heal|p2a: Corviknight|83/100|[from] item: Leftovers
|upkeep
|turn|10
|
|move|p1a: Malamar|Superpower|p2a: Corviknight
|-damage|p2a: Corviknight|65/100
|-boost|p1a: Malamar|atk|1
|-boost|p1a: Malamar|def|1
|move|p2a: Corviknight|U-turn|p1a: Malamar
|-supereffective|p1a: Malamar
|-damage|p1a: Malamar|49/100
|
|switch|p2a: Sylveon|Sylveon, F|100/100|[from]move: U-turn
|-activate|p2a: Sylveon|move: Sticky Web
|-unboost|p2a: Sylveon|spe|1
|
|-heal|p1a: Malamar|55/100|[from] item: Leftovers
|upkeep
|turn|11
|j| wdafghmjk
|
|move|p1a: Malamar|Psycho Cut|p2a: Sylveon
|-damage|p2a: Sylveon|58/100
|move|p2a: Sylveon|Hyper Voice|p1a: Malamar
|-supereffective|p1a: Malamar
|-damage|p1a: Malamar|0 fnt
|faint|p1a: Malamar
|
|-heal|p2a: Sylveon|64/100|[from] item: Leftovers
|upkeep
|
|switch|p1a: Chandelure|Chandelure, F|100/100
|-damage|p1a: Chandelure|76/100|[from] Stealth Rock
|turn|12
|c| wdafghmjk|is this ou now
|
|move|p2a: Sylveon|Protect|p2a: Sylveon
|-singleturn|p2a: Sylveon|Protect
|move|p1a: Chandelure|Substitute|p1a: Chandelure
|-start|p1a: Chandelure|Substitute
|-damage|p1a: Chandelure|51/100
|
|-heal|p1a: Chandelure|57/100|[from] item: Leftovers
|-heal|p2a: Sylveon|70/100|[from] item: Leftovers
|upkeep
|turn|13
|
|switch|p2a: Kommo-o|Kommo-o, F|69/100
|-activate|p2a: Kommo-o|move: Sticky Web
|-unboost|p2a: Kommo-o|spe|1
|move|p1a: Chandelure|Calm Mind|p1a: Chandelure
|-boost|p1a: Chandelure|spa|1
|-boost|p1a: Chandelure|spd|1
|
|-heal|p1a: Chandelure|63/100|[from] item: Leftovers
|-heal|p2a: Kommo-o|75/100|[from] item: Leftovers
|upkeep
|turn|14
|
|move|p1a: Chandelure|Flamethrower|p2a: Kommo-o
|-resisted|p2a: Kommo-o
|-damage|p2a: Kommo-o|38/100
|move|p2a: Kommo-o|Clanging Scales|p1a: Chandelure
|-damage|p1a: Chandelure|30/100
|-unboost|p2a: Kommo-o|def|1
|
|-heal|p1a: Chandelure|37/100|[from] item: Leftovers
|-heal|p2a: Kommo-o|44/100|[from] item: Leftovers
|upkeep
|turn|15
|
|move|p1a: Chandelure|Flamethrower|p2a: Kommo-o
|-resisted|p2a: Kommo-o
|-damage|p2a: Kommo-o|7/100
|move|p2a: Kommo-o|Clanging Scales|p1a: Chandelure
|-damage|p1a: Chandelure|5/100
|-unboost|p2a: Kommo-o|def|1
|
|-heal|p1a: Chandelure|12/100|[from] item: Leftovers
|-heal|p2a: Kommo-o|13/100|[from] item: Leftovers
|upkeep
|turn|16
|
|move|p1a: Chandelure|Flamethrower|p2a: Kommo-o
|-resisted|p2a: Kommo-o
|-damage|p2a: Kommo-o|0 fnt
|faint|p2a: Kommo-o
|
|-heal|p1a: Chandelure|18/100|[from] item: Leftovers
|upkeep
|
|switch|p2a: Gastrodon|Gastrodon-East, M|100/100
|-activate|p2a: Gastrodon|move: Sticky Web
|-unboost|p2a: Gastrodon|spe|1
|turn|17
|c| wdafghmjk|why dont u use dracovish if running webs
|j| DevilishGreg
|c|☆T.B Qc|cause everybody play him
|
|move|p1a: Chandelure|Shadow Ball|p2a: Gastrodon
|-damage|p2a: Gastrodon|55/100
|-unboost|p2a: Gastrodon|spd|1
|move|p2a: Gastrodon|Earth Power|p1a: Chandelure
|-supereffective|p1a: Chandelure
|-end|p1a: Chandelure|Substitute
|
|-heal|p1a: Chandelure|24/100|[from] item: Leftovers
|-heal|p2a: Gastrodon|61/100|[from] item: Leftovers
|upkeep
|turn|18
|c| wdafghmjk|ah
|c| wdafghmjk|based
|
|move|p1a: Chandelure|Shadow Ball|p2a: Gastrodon
|-damage|p2a: Gastrodon|0 fnt
|faint|p2a: Gastrodon
|
|-heal|p1a: Chandelure|30/100|[from] item: Leftovers
|upkeep
|
|switch|p2a: Ditto|Ditto|100/100
|-activate|p2a: Ditto|move: Sticky Web
|-unboost|p2a: Ditto|spe|1
|-transform|p2a: Ditto|p1a: Chandelure|[from] ability: Imposter
|turn|19
|
|move|p2a: Ditto|Shadow Ball|p1a: Chandelure
|-supereffective|p1a: Chandelure
|-damage|p1a: Chandelure|0 fnt
|faint|p1a: Chandelure
|
|upkeep
|
|switch|p1a: Dracozolt|Dracozolt|100/100
|-damage|p1a: Dracozolt|88/100|[from] Stealth Rock
|turn|20
|l| DevilishGreg
|
|move|p2a: Ditto|Shadow Ball|p1a: Dracozolt
|-damage|p1a: Dracozolt|0 fnt
|faint|p1a: Dracozolt
|
|upkeep
|c|☆T.B Qc|gg
|j| DevilishGreg
|-message|T.B Qc forfeited.
|
|win|diaperbabe29
|l|☆T.B Qc
|l| DevilishGreg
|raw|T.B Qc's rating: 1850 → 1825(-25 for losing)
|raw|diaperbabe29's rating: 1759 → 1784(+25 for winning)
