|ScrapeTime|2020-01-02-05:25:40
|j|☆13orphans
|j|☆Moble heat
|player|p1|13orphans|169|1598
|player|p2|Moble heat|99|1551
|teamsize|p1|6
|teamsize|p2|6
|gametype|singles
|gen|8
|tier|[Gen 8] OU
|rated|
|rule|Sleep Clause Mod: Limit one foe put to sleep
|rule|Species Clause: Limit one of each Pokémon
|rule|OHKO Clause: OHKO moves are banned
|rule|Evasion Moves Clause: Evasion moves are banned
|rule|Endless Battle Clause: Forcing endless battles is banned
|rule|HP Percentage Mod: HP is shown in percentages
|clearpoke
|poke|p1|Aegislash, M|
|poke|p1|Rotom-Heat|
|poke|p1|Hydreigon, M|
|poke|p1|Ferrothorn, F|
|poke|p1|Mandibuzz, F|
|poke|p1|Clefable, F|
|poke|p2|Toxtricity, M|
|poke|p2|Cinderace, M|
|poke|p2|Dragapult, M|
|poke|p2|Clefable, F|
|poke|p2|Conkeldurr, M|
|poke|p2|Corviknight, F|
|rule|Dynamax Clause: You cannot dynamax
|teampreview
|
|start
|switch|p1a: Hydreigon|Hydreigon, M|100/100
|switch|p2a: Cinderace|Cinderace, M|100/100
|turn|1
|
|move|p1a: Hydreigon|Draco Meteor|p2a: Cinderace
|-damage|p2a: Cinderace|13/100
|-unboost|p1a: Hydreigon|spa|2
|move|p2a: Cinderace|U-turn|p1a: Hydreigon
|-supereffective|p1a: Hydreigon
|-damage|p1a: Hydreigon|49/100
|
|switch|p2a: Clefable|Clefable, F|100/100|[from]move: U-turn
|
|upkeep
|turn|2
|
|switch|p1a: Aegislash|Aegislash, M|100/100
|move|p2a: Clefable|Moonblast|p1a: Aegislash
|-resisted|p1a: Aegislash
|-damage|p1a: Aegislash|88/100
|-unboost|p1a: Aegislash|spa|1
|
|upkeep
|turn|3
|
|move|p2a: Clefable|Fire Blast|p1a: Aegislash
|-supereffective|p1a: Aegislash
|-damage|p1a: Aegislash|51/100
|-formechange|p1a: Aegislash|Aegislash-Blade||[from] ability: Stance Change
|move|p1a: Aegislash|Iron Head|p2a: Clefable
|-supereffective|p2a: Clefable
|-damage|p2a: Clefable|0 fnt
|faint|p2a: Clefable
|
|upkeep
|
|switch|p2a: Cinderace|Cinderace, M|13/100
|turn|4
|
|move|p1a: Aegislash|Shadow Sneak|p2a: Cinderace
|-damage|p2a: Cinderace|0 fnt
|faint|p2a: Cinderace
|
|upkeep
|
|switch|p2a: Toxtricity|Toxtricity, M|100/100
|turn|5
|
|switch|p1a: Ferrothorn|Ferrothorn, F|100/100
|move|p2a: Toxtricity|Overdrive|p1a: Ferrothorn
|-resisted|p1a: Ferrothorn
|-damage|p1a: Ferrothorn|68/100
|
|-heal|p1a: Ferrothorn|75/100|[from] item: Leftovers
|upkeep
|turn|6
|
|switch|p2a: Conkeldurr|Conkeldurr, M|100/100
|move|p1a: Ferrothorn|Knock Off|p2a: Conkeldurr
|-resisted|p2a: Conkeldurr
|-damage|p2a: Conkeldurr|91/100
|-enditem|p2a: Conkeldurr|Flame Orb|[from] move: Knock Off|[of] p1a: Ferrothorn
|
|-heal|p1a: Ferrothorn|81/100|[from] item: Leftovers
|upkeep
|turn|7
|
|switch|p1a: Clefable|Clefable, F|100/100
|move|p2a: Conkeldurr|Earthquake|p1a: Clefable
|-damage|p1a: Clefable|55/100
|
|-heal|p1a: Clefable|61/100|[from] item: Leftovers
|upkeep
|turn|8
|
|switch|p2a: Toxtricity|Toxtricity, M|100/100
|move|p1a: Clefable|Moonblast|p2a: Toxtricity
|-resisted|p2a: Toxtricity
|-damage|p2a: Toxtricity|68/100
|
|-heal|p1a: Clefable|67/100|[from] item: Leftovers
|upkeep
|turn|9
|
|switch|p1a: Ferrothorn|Ferrothorn, F|81/100
|move|p2a: Toxtricity|Overdrive|p1a: Ferrothorn
|-resisted|p1a: Ferrothorn
|-damage|p1a: Ferrothorn|47/100
|
|-heal|p1a: Ferrothorn|53/100|[from] item: Leftovers
|upkeep
|turn|10
|
|switch|p2a: Conkeldurr|Conkeldurr, M|91/100
|move|p1a: Ferrothorn|Body Press|p2a: Conkeldurr
|-damage|p2a: Conkeldurr|60/100
|
|-heal|p1a: Ferrothorn|60/100|[from] item: Leftovers
|upkeep
|turn|11
|
|switch|p1a: Mandibuzz|Mandibuzz, F|100/100
|move|p2a: Conkeldurr|Drain Punch|p1a: Mandibuzz
|-damage|p1a: Mandibuzz|71/100
|-heal|p2a: Conkeldurr|75/100|[from] drain|[of] p1a: Mandibuzz
|
|upkeep
|turn|12
|
|move|p1a: Mandibuzz|Foul Play|p2a: Conkeldurr
|-resisted|p2a: Conkeldurr
|-damage|p2a: Conkeldurr|48/100
|move|p2a: Conkeldurr|Thunder Punch|p1a: Mandibuzz
|-supereffective|p1a: Mandibuzz
|-damage|p1a: Mandibuzz|30/100
|
|upkeep
|turn|13
|
|move|p1a: Mandibuzz|Roost|p1a: Mandibuzz
|-heal|p1a: Mandibuzz|80/100
|-singleturn|p1a: Mandibuzz|move: Roost
|move|p2a: Conkeldurr|Drain Punch|p1a: Mandibuzz
|-supereffective|p1a: Mandibuzz
|-damage|p1a: Mandibuzz|24/100
|-heal|p2a: Conkeldurr|77/100|[from] drain|[of] p1a: Mandibuzz
|
|upkeep
|turn|14
|
|move|p1a: Mandibuzz|Foul Play|p2a: Conkeldurr
|-resisted|p2a: Conkeldurr
|-damage|p2a: Conkeldurr|49/100
|move|p2a: Conkeldurr|Drain Punch|p1a: Mandibuzz
|-damage|p1a: Mandibuzz|0 fnt
|-heal|p2a: Conkeldurr|61/100|[from] drain|[of] p1a: Mandibuzz
|faint|p1a: Mandibuzz
|
|upkeep
|
|switch|p1a: Rotom|Rotom-Heat|100/100
|turn|15
|
|move|p1a: Rotom|Volt Switch|p2a: Conkeldurr
|-damage|p2a: Conkeldurr|0 fnt
|faint|p2a: Conkeldurr
|
|switch|p1a: Hydreigon|Hydreigon, M|49/100|[from]move: Volt Switch
|
|upkeep
|
|switch|p2a: Corviknight|Corviknight, F|100/100
|-ability|p2a: Corviknight|Pressure
|turn|16
|
|move|p1a: Hydreigon|U-turn|p2a: Corviknight
|-resisted|p2a: Corviknight
|-damage|p2a: Corviknight|98/100
|
|switch|p1a: Rotom|Rotom-Heat|100/100|[from]move: U-turn
|move|p2a: Corviknight|Roost|p2a: Corviknight
|-heal|p2a: Corviknight|100/100
|-singleturn|p2a: Corviknight|move: Roost
|
|upkeep
|turn|17
|
|switch|p2a: Dragapult|Dragapult, M|100/100
|move|p1a: Rotom|Overheat|p2a: Dragapult
|-resisted|p2a: Dragapult
|-damage|p2a: Dragapult|31/100
|-unboost|p1a: Rotom|spa|2
|
|upkeep
|turn|18
|
|switch|p1a: Clefable|Clefable, F|67/100
|move|p2a: Dragapult|U-turn|p1a: Clefable
|-resisted|p1a: Clefable
|-crit|p1a: Clefable
|-damage|p1a: Clefable|36/100
|
|switch|p2a: Toxtricity|Toxtricity, M|68/100|[from]move: U-turn
|
|-heal|p1a: Clefable|43/100|[from] item: Leftovers
|upkeep
|turn|19
|
|switch|p1a: Ferrothorn|Ferrothorn, F|60/100
|move|p2a: Toxtricity|Overdrive|p1a: Ferrothorn
|-resisted|p1a: Ferrothorn
|-damage|p1a: Ferrothorn|29/100
|
|-heal|p1a: Ferrothorn|35/100|[from] item: Leftovers
|upkeep
|turn|20
|
|move|p2a: Toxtricity|Overdrive|p1a: Ferrothorn
|-resisted|p1a: Ferrothorn
|-damage|p1a: Ferrothorn|4/100
|move|p1a: Ferrothorn|Knock Off|p2a: Toxtricity
|-damage|p2a: Toxtricity|36/100
|-enditem|p2a: Toxtricity|Choice Specs|[from] move: Knock Off|[of] p1a: Ferrothorn
|
|-heal|p1a: Ferrothorn|10/100|[from] item: Leftovers
|upkeep
|turn|21
|
|move|p2a: Toxtricity|Overdrive|p1a: Ferrothorn
|-resisted|p1a: Ferrothorn
|-damage|p1a: Ferrothorn|0 fnt
|faint|p1a: Ferrothorn
|
|upkeep
|
|switch|p1a: Rotom|Rotom-Heat|100/100
|turn|22
|
|move|p2a: Toxtricity|Boomburst|p1a: Rotom
|-damage|p1a: Rotom|28/100
|move|p1a: Rotom|Volt Switch|p2a: Toxtricity
|-resisted|p2a: Toxtricity
|-damage|p2a: Toxtricity|0 fnt
|faint|p2a: Toxtricity
|
|switch|p1a: Clefable|Clefable, F|43/100|[from]move: Volt Switch
|
|-heal|p1a: Clefable|49/100|[from] item: Leftovers
|upkeep
|
|switch|p2a: Dragapult|Dragapult, M|31/100
|turn|23
|
|move|p2a: Dragapult|Phantom Force||[still]
|-prepare|p2a: Dragapult|Phantom Force|p1a: Clefable
|move|p1a: Clefable|Moonblast|p2a: Dragapult|[miss]
|-miss|p1a: Clefable|p2a: Dragapult
|
|-heal|p1a: Clefable|55/100|[from] item: Leftovers
|upkeep
|turn|24
|
|move|p2a: Dragapult|Phantom Force|p1a: Clefable|[from]lockedmove
|-damage|p1a: Clefable|0 fnt
|faint|p1a: Clefable
|
|upkeep
|
|switch|p1a: Aegislash|Aegislash, M|51/100
|turn|25
|
|switch|p2a: Corviknight|Corviknight, F|100/100
|-ability|p2a: Corviknight|Pressure
|-formechange|p1a: Aegislash|Aegislash-Blade||[from] ability: Stance Change
|move|p1a: Aegislash|Shadow Sneak|p2a: Corviknight
|-damage|p2a: Corviknight|81/100
|
|-heal|p2a: Corviknight|87/100|[from] item: Leftovers
|upkeep
|turn|26
|
|move|p2a: Corviknight|Brave Bird|p1a: Aegislash
|-resisted|p1a: Aegislash
|-damage|p1a: Aegislash|18/100
|-damage|p2a: Corviknight|78/100|[from] Recoil
|move|p1a: Aegislash|Close Combat|p2a: Corviknight
|-damage|p2a: Corviknight|40/100
|-unboost|p1a: Aegislash|def|1
|-unboost|p1a: Aegislash|spd|1
|
|-heal|p2a: Corviknight|46/100|[from] item: Leftovers
|upkeep
|turn|27
|
|switch|p2a: Dragapult|Dragapult, M|31/100
|move|p1a: Aegislash|Close Combat|p2a: Dragapult
|-immune|p2a: Dragapult
|
|upkeep
|turn|28
|
|move|p2a: Dragapult|Sucker Punch|p1a: Aegislash
|-supereffective|p1a: Aegislash
|-damage|p1a: Aegislash|0 fnt
|faint|p1a: Aegislash
|
|upkeep
|
|switch|p1a: Hydreigon|Hydreigon, M|49/100
|turn|29
|
|switch|p2a: Corviknight|Corviknight, F|46/100
|-ability|p2a: Corviknight|Pressure
|move|p1a: Hydreigon|Dark Pulse|p2a: Corviknight
|-damage|p2a: Corviknight|18/100
|
|-heal|p2a: Corviknight|24/100|[from] item: Leftovers
|upkeep
|turn|30
|
|move|p1a: Hydreigon|Dark Pulse|p2a: Corviknight
|-damage|p2a: Corviknight|0 fnt
|faint|p2a: Corviknight
|
|upkeep
|
|switch|p2a: Dragapult|Dragapult, M|31/100
|turn|31
|
|move|p2a: Dragapult|Sucker Punch|p1a: Hydreigon
|-resisted|p1a: Hydreigon
|-damage|p1a: Hydreigon|28/100
|move|p1a: Hydreigon|Dark Pulse|p2a: Dragapult
|-supereffective|p2a: Dragapult
|-damage|p2a: Dragapult|0 fnt
|faint|p2a: Dragapult
|
|win|13orphans
|l|☆Moble heat
|raw|13orphans's rating: 1598 → 1615(+17 for winning)
|raw|Moble heat's rating: 1551 → 1533(-18 for losing)
