|ScrapeTime|2020-01-01-23:52:27
|j|☆Grinwald Krieg
|j|☆Worda
|player|p1|Grinwald Krieg|mina|1090
|player|p2|Worda|waitress-gen4|1043
|teamsize|p1|6
|teamsize|p2|6
|gametype|singles
|gen|8
|tier|[Gen 8] OU
|rated|
|rule|Sleep Clause Mod: Limit one foe put to sleep
|rule|Species Clause: Limit one of each Pokémon
|rule|OHKO Clause: OHKO moves are banned
|rule|Evasion Moves Clause: Evasion moves are banned
|rule|Endless Battle Clause: Forcing endless battles is banned
|rule|HP Percentage Mod: HP is shown in percentages
|clearpoke
|poke|p1|Cloyster, M|
|poke|p1|Dragapult, M|
|poke|p1|Cinderace, M|
|poke|p1|Clefable, M|
|poke|p1|Aegislash, M|
|poke|p1|Seismitoad, M|
|poke|p2|Dugtrio, F|
|poke|p2|Conkeldurr, F|
|poke|p2|Dragapult, M|
|poke|p2|Cinderace, F|
|poke|p2|Machamp, F|
|poke|p2|Togekiss, F|
|rule|Dynamax Clause: You cannot dynamax
|teampreview
|
|start
|switch|p1a: Cloyster|Cloyster, M, shiny|100/100
|switch|p2a: Conkeldurr|Conkeldurr, F|100/100
|turn|1
|
|switch|p1a: Seismitoad|Seismitoad, M|100/100
|move|p2a: Conkeldurr|Thunder Punch|p1a: Seismitoad
|-immune|p1a: Seismitoad
|
|upkeep
|turn|2
|inactive|Battle timer is ON: inactive players will automatically lose when time's up. (requested by Grinwald Krieg)
|
|move|p2a: Conkeldurr|Mach Punch|p1a: Seismitoad
|-damage|p1a: Seismitoad|79/100
|move|p1a: Seismitoad|Liquidation|p2a: Conkeldurr
|-damage|p2a: Conkeldurr|66/100
|
|-heal|p2a: Conkeldurr|72/100|[from] item: Leftovers
|upkeep
|turn|3
|
|move|p1a: Seismitoad|Earthquake|p2a: Conkeldurr
|-damage|p2a: Conkeldurr|31/100
|move|p2a: Conkeldurr|Brutal Swing|p1a: Seismitoad
|-damage|p1a: Seismitoad|58/100
|
|-heal|p2a: Conkeldurr|37/100|[from] item: Leftovers
|upkeep
|turn|4
|
|move|p2a: Conkeldurr|Mach Punch|p1a: Seismitoad
|-damage|p1a: Seismitoad|37/100
|move|p1a: Seismitoad|Earthquake|p2a: Conkeldurr
|-damage|p2a: Conkeldurr|0 fnt
|faint|p2a: Conkeldurr
|
|upkeep
|
|switch|p2a: Dragapult|Dragapult, M|100/100
|turn|5
|
|switch|p1a: Clefable|Clefable, M|100/100
|move|p2a: Dragapult|Draco Meteor|p1a: Clefable
|-immune|p1a: Clefable
|
|upkeep
|turn|6
|
|move|p2a: Dragapult|Assurance|p1a: Clefable
|-resisted|p1a: Clefable
|-damage|p1a: Clefable|89/100
|move|p1a: Clefable|Moonblast|p2a: Dragapult
|-supereffective|p2a: Dragapult
|-damage|p2a: Dragapult|0 fnt
|faint|p2a: Dragapult
|
|upkeep
|
|switch|p2a: Machamp|Machamp, F|100/100
|turn|7
|
|move|p1a: Clefable|Moonblast|p2a: Machamp
|-supereffective|p2a: Machamp
|-damage|p2a: Machamp|0 fnt
|faint|p2a: Machamp
|
|upkeep
|-message|Worda forfeited.
|
|win|Grinwald Krieg
|l|☆Worda
|raw|Grinwald Krieg's rating: 1090 → 1113(+23 for winning)
|raw|Worda's rating: 1043 → 1029(-14 for losing)
