|ScrapeTime|2020-01-03-01:36:36
|j|☆Tyronnefalls
|j|☆Setup-bait
|player|p1|Tyronnefalls|163|1565
|player|p2|Setup-bait|265|1576
|teamsize|p1|6
|teamsize|p2|6
|gametype|singles
|gen|8
|tier|[Gen 8] OU
|rated|
|rule|Sleep Clause Mod: Limit one foe put to sleep
|rule|Species Clause: Limit one of each Pokémon
|rule|OHKO Clause: OHKO moves are banned
|rule|Evasion Moves Clause: Evasion moves are banned
|rule|Endless Battle Clause: Forcing endless battles is banned
|rule|HP Percentage Mod: HP is shown in percentages
|clearpoke
|poke|p1|Dragapult, F|
|poke|p1|Aegislash, M|
|poke|p1|Dugtrio, M|
|poke|p1|Mandibuzz, F|
|poke|p1|Quagsire, M|
|poke|p1|Corviknight, M|
|poke|p2|Excadrill, F|
|poke|p2|Hippowdon, M|
|poke|p2|Gigalith, F|
|poke|p2|Dracozolt|
|poke|p2|Clefable, M|
|poke|p2|Ferrothorn, M|
|rule|Dynamax Clause: You cannot dynamax
|teampreview
|inactive|Battle timer is ON: inactive players will automatically lose when time's up. (requested by Tyronnefalls)
|c|☆Setup-bait|Jamvad team?
|inactive|Tyronnefalls has 120 seconds left.
|inactive|Tyronnefalls has 90 seconds left.
|c|☆Setup-bait|Don't play like jamvad as well
|
|start
|switch|p1a: Corviknight|Corviknight, M|100/100
|switch|p2a: Clefable|Clefable, M|100/100
|turn|1
|c|☆Setup-bait|Taking a million seconds every turn
|
|switch|p1a: Mandibuzz|Mandibuzz, F|100/100
|move|p2a: Clefable|Stealth Rock|p1a: Mandibuzz
|-sidestart|p1: Tyronnefalls|move: Stealth Rock
|
|upkeep
|turn|2
|
|move|p1a: Mandibuzz|Knock Off|p2a: Clefable
|-resisted|p2a: Clefable
|-damage|p2a: Clefable|87/100
|-enditem|p2a: Clefable|Leftovers|[from] move: Knock Off|[of] p1a: Mandibuzz
|move|p2a: Clefable|Moonblast|p1a: Mandibuzz
|-supereffective|p1a: Mandibuzz
|-damage|p1a: Mandibuzz|62/100
|-unboost|p1a: Mandibuzz|spa|1
|
|upkeep
|turn|3
|
|move|p1a: Mandibuzz|Defog|p2a: Clefable
|-unboost|p2a: Clefable|evasion|1
|-sideend|p1: Tyronnefalls|Stealth Rock|[from] move: Defog|[of] p1a: Mandibuzz
|move|p2a: Clefable|Gravity|p2a: Clefable
|-fieldstart|move: Gravity
|
|upkeep
|turn|4
|
|move|p1a: Mandibuzz|Roost|p1a: Mandibuzz
|-heal|p1a: Mandibuzz|100/100
|-singleturn|p1a: Mandibuzz|move: Roost
|move|p2a: Clefable|Stealth Rock|p1a: Mandibuzz
|-sidestart|p1: Tyronnefalls|move: Stealth Rock
|
|upkeep
|turn|5
|
|move|p1a: Mandibuzz|Knock Off|p2a: Clefable
|-resisted|p2a: Clefable
|-damage|p2a: Clefable|77/100
|move|p2a: Clefable|Moonblast|p1a: Mandibuzz
|-supereffective|p1a: Mandibuzz
|-damage|p1a: Mandibuzz|64/100
|
|upkeep
|turn|6
|
|move|p1a: Mandibuzz|Defog|p2a: Clefable
|-unboost|p2a: Clefable|evasion|1
|-sideend|p1: Tyronnefalls|Stealth Rock|[from] move: Defog|[of] p1a: Mandibuzz
|move|p2a: Clefable|Moonblast|p1a: Mandibuzz
|-supereffective|p1a: Mandibuzz
|-damage|p1a: Mandibuzz|24/100
|
|upkeep
|turn|7
|
|move|p1a: Mandibuzz|Roost|p1a: Mandibuzz
|-heal|p1a: Mandibuzz|74/100
|-singleturn|p1a: Mandibuzz|move: Roost
|move|p2a: Clefable|Stealth Rock|p1a: Mandibuzz
|-sidestart|p1: Tyronnefalls|move: Stealth Rock
|
|-fieldend|move: Gravity
|upkeep
|turn|8
|
|move|p1a: Mandibuzz|Roost|p1a: Mandibuzz
|-heal|p1a: Mandibuzz|100/100
|-singleturn|p1a: Mandibuzz|move: Roost
|move|p2a: Clefable|Moonblast|p1a: Mandibuzz
|-supereffective|p1a: Mandibuzz
|-damage|p1a: Mandibuzz|63/100
|-unboost|p1a: Mandibuzz|spa|1
|
|upkeep
|turn|9
|
|move|p1a: Mandibuzz|Defog|p2a: Clefable
|-unboost|p2a: Clefable|evasion|1
|-sideend|p1: Tyronnefalls|Stealth Rock|[from] move: Defog|[of] p1a: Mandibuzz
|move|p2a: Clefable|Moonblast|p1a: Mandibuzz
|-supereffective|p1a: Mandibuzz
|-damage|p1a: Mandibuzz|22/100
|
|upkeep
|turn|10
|
|move|p1a: Mandibuzz|Roost|p1a: Mandibuzz
|-heal|p1a: Mandibuzz|72/100
|-singleturn|p1a: Mandibuzz|move: Roost
|move|p2a: Clefable|Stealth Rock|p1a: Mandibuzz
|-sidestart|p1: Tyronnefalls|move: Stealth Rock
|
|upkeep
|turn|11
|
|move|p1a: Mandibuzz|Roost|p1a: Mandibuzz
|-heal|p1a: Mandibuzz|100/100
|-singleturn|p1a: Mandibuzz|move: Roost
|move|p2a: Clefable|Moonblast|p1a: Mandibuzz
|-supereffective|p1a: Mandibuzz
|-damage|p1a: Mandibuzz|62/100
|
|upkeep
|turn|12
|
|move|p1a: Mandibuzz|Defog|p2a: Clefable
|-unboost|p2a: Clefable|evasion|1
|-sideend|p1: Tyronnefalls|Stealth Rock|[from] move: Defog|[of] p1a: Mandibuzz
|move|p2a: Clefable|Moonblast|p1a: Mandibuzz
|-supereffective|p1a: Mandibuzz
|-crit|p1a: Mandibuzz
|-damage|p1a: Mandibuzz|1/100
|
|upkeep
|turn|13
|c|☆Setup-bait|Dunno what ur tryna accomplish
|
|move|p1a: Mandibuzz|Roost|p1a: Mandibuzz
|-heal|p1a: Mandibuzz|51/100
|-singleturn|p1a: Mandibuzz|move: Roost
|move|p2a: Clefable|Stealth Rock|p1a: Mandibuzz
|-sidestart|p1: Tyronnefalls|move: Stealth Rock
|
|upkeep
|turn|14
|
|move|p1a: Mandibuzz|Roost|p1a: Mandibuzz
|-heal|p1a: Mandibuzz|100/100
|-singleturn|p1a: Mandibuzz|move: Roost
|move|p2a: Clefable|Moonblast|p1a: Mandibuzz
|-supereffective|p1a: Mandibuzz
|-damage|p1a: Mandibuzz|62/100
|
|upkeep
|turn|15
|
|move|p1a: Mandibuzz|Defog|p2a: Clefable
|-unboost|p2a: Clefable|evasion|1
|-sideend|p1: Tyronnefalls|Stealth Rock|[from] move: Defog|[of] p1a: Mandibuzz
|move|p2a: Clefable|Moonblast|p1a: Mandibuzz
|-supereffective|p1a: Mandibuzz
|-damage|p1a: Mandibuzz|24/100
|-unboost|p1a: Mandibuzz|spa|1
|
|upkeep
|turn|16
|
|move|p1a: Mandibuzz|Roost|p1a: Mandibuzz
|-heal|p1a: Mandibuzz|74/100
|-singleturn|p1a: Mandibuzz|move: Roost
|move|p2a: Clefable|Stealth Rock|p1a: Mandibuzz
|-sidestart|p1: Tyronnefalls|move: Stealth Rock
|
|upkeep
|turn|17
|
|switch|p1a: Aegislash|Aegislash, M|100/100
|-damage|p1a: Aegislash|94/100|[from] Stealth Rock
|move|p2a: Clefable|Moonblast|p1a: Aegislash
|-resisted|p1a: Aegislash
|-damage|p1a: Aegislash|81/100
|-unboost|p1a: Aegislash|spa|1
|
|-heal|p1a: Aegislash|87/100|[from] item: Leftovers
|upkeep
|turn|18
|
|switch|p1a: Mandibuzz|Mandibuzz, F|74/100
|move|p2a: Clefable|Gravity|p2a: Clefable
|-fieldstart|move: Gravity
|
|upkeep
|turn|19
|
|move|p1a: Mandibuzz|Defog|p2a: Clefable
|-unboost|p2a: Clefable|evasion|1
|-sideend|p1: Tyronnefalls|Stealth Rock|[from] move: Defog|[of] p1a: Mandibuzz
|move|p2a: Clefable|Moonblast|p1a: Mandibuzz
|-supereffective|p1a: Mandibuzz
|-damage|p1a: Mandibuzz|39/100
|
|upkeep
|turn|20
|
|move|p1a: Mandibuzz|Roost|p1a: Mandibuzz
|-heal|p1a: Mandibuzz|89/100
|-singleturn|p1a: Mandibuzz|move: Roost
|move|p2a: Clefable|Stealth Rock|p1a: Mandibuzz
|-sidestart|p1: Tyronnefalls|move: Stealth Rock
|
|upkeep
|turn|21
|
|switch|p1a: Corviknight|Corviknight, M|100/100
|-damage|p1a: Corviknight|88/100|[from] Stealth Rock
|move|p2a: Clefable|Moonblast|p1a: Corviknight
|-resisted|p1a: Corviknight
|-damage|p1a: Corviknight|75/100
|
|-heal|p1a: Corviknight|82/100|[from] item: Leftovers
|upkeep
|turn|22
|
|switch|p2a: Ferrothorn|Ferrothorn, M|100/100
|move|p1a: Corviknight|Substitute|p1a: Corviknight
|-start|p1a: Corviknight|Substitute
|-damage|p1a: Corviknight|57/100
|
|-heal|p1a: Corviknight|63/100|[from] item: Leftovers
|-fieldend|move: Gravity
|upkeep
|turn|23
|
|move|p1a: Corviknight|Bulk Up|p1a: Corviknight
|-boost|p1a: Corviknight|atk|1
|-boost|p1a: Corviknight|def|1
|move|p2a: Ferrothorn|Gravity|p2a: Ferrothorn
|-fieldstart|move: Gravity
|
|-heal|p1a: Corviknight|69/100|[from] item: Leftovers
|upkeep
|turn|24
|
|switch|p2a: Hippowdon|Hippowdon, M|100/100
|-weather|Sandstorm|[from] ability: Sand Stream|[of] p2a: Hippowdon
|move|p1a: Corviknight|Bulk Up|p1a: Corviknight
|-boost|p1a: Corviknight|atk|1
|-boost|p1a: Corviknight|def|1
|
|-weather|Sandstorm|[upkeep]
|-heal|p1a: Corviknight|75/100|[from] item: Leftovers
|upkeep
|turn|25
|
|move|p1a: Corviknight|Bulk Up|p1a: Corviknight
|-boost|p1a: Corviknight|atk|1
|-boost|p1a: Corviknight|def|1
|move|p2a: Hippowdon|Whirlwind|p1a: Corviknight
|drag|p1a: Aegislash|Aegislash, M|87/100
|-damage|p1a: Aegislash|81/100|[from] Stealth Rock
|
|-weather|Sandstorm|[upkeep]
|-heal|p1a: Aegislash|87/100|[from] item: Leftovers
|upkeep
|turn|26
|
|switch|p1a: Quagsire|Quagsire, M|100/100
|-damage|p1a: Quagsire|94/100|[from] Stealth Rock
|move|p2a: Hippowdon|Earthquake|p1a: Quagsire
|-damage|p1a: Quagsire|68/100
|
|-weather|Sandstorm|[upkeep]
|-heal|p1a: Quagsire|74/100|[from] item: Leftovers
|upkeep
|turn|27
|
|switch|p2a: Clefable|Clefable, M|77/100
|move|p1a: Quagsire|Scald|p2a: Clefable
|-damage|p2a: Clefable|65/100
|-status|p2a: Clefable|brn
|
|-weather|Sandstorm|[upkeep]
|-heal|p1a: Quagsire|80/100|[from] item: Leftovers
|-fieldend|move: Gravity
|upkeep
|turn|28
|
|switch|p1a: Mandibuzz|Mandibuzz, F|89/100
|move|p2a: Clefable|Gravity|p2a: Clefable
|-fieldstart|move: Gravity
|
|-weather|none
|upkeep
|turn|29
|
|move|p1a: Mandibuzz|Defog|p2a: Clefable
|-unboost|p2a: Clefable|evasion|1
|-sideend|p1: Tyronnefalls|Stealth Rock|[from] move: Defog|[of] p1a: Mandibuzz
|move|p2a: Clefable|Stealth Rock|p1a: Mandibuzz
|-sidestart|p1: Tyronnefalls|move: Stealth Rock
|
|upkeep
|turn|30
|
|move|p1a: Mandibuzz|Defog|p2a: Clefable
|-unboost|p2a: Clefable|evasion|1
|-sideend|p1: Tyronnefalls|Stealth Rock|[from] move: Defog|[of] p1a: Mandibuzz
|move|p2a: Clefable|Moonblast|p1a: Mandibuzz
|-supereffective|p1a: Mandibuzz
|-damage|p1a: Mandibuzz|54/100
|-unboost|p1a: Mandibuzz|spa|1
|
|upkeep
|turn|31
|
|move|p1a: Mandibuzz|Roost|p1a: Mandibuzz
|-heal|p1a: Mandibuzz|100/100
|-singleturn|p1a: Mandibuzz|move: Roost
|move|p2a: Clefable|Stealth Rock|p1a: Mandibuzz
|-sidestart|p1: Tyronnefalls|move: Stealth Rock
|
|upkeep
|turn|32
|
|move|p1a: Mandibuzz|U-turn|p2a: Clefable
|-resisted|p2a: Clefable
|-damage|p2a: Clefable|58/100 brn
|
|switch|p1a: Corviknight|Corviknight, M|75/100|[from]move: U-turn
|-damage|p1a: Corviknight|63/100|[from] Stealth Rock
|move|p2a: Clefable|Moonblast|p1a: Corviknight
|-resisted|p1a: Corviknight
|-damage|p1a: Corviknight|51/100
|
|-heal|p1a: Corviknight|57/100|[from] item: Leftovers
|-fieldend|move: Gravity
|upkeep
|turn|33
|
|move|p1a: Corviknight|Roost|p1a: Corviknight
|-heal|p1a: Corviknight|100/100
|-singleturn|p1a: Corviknight|move: Roost
|move|p2a: Clefable|Gravity|p2a: Clefable
|-fieldstart|move: Gravity
|
|upkeep
|turn|34
|
|switch|p2a: Hippowdon|Hippowdon, M|100/100
|-weather|Sandstorm|[from] ability: Sand Stream|[of] p2a: Hippowdon
|move|p1a: Corviknight|Bulk Up|p1a: Corviknight
|-boost|p1a: Corviknight|atk|1
|-boost|p1a: Corviknight|def|1
|
|-weather|Sandstorm|[upkeep]
|upkeep
|turn|35
|
|move|p1a: Corviknight|Brave Bird|p2a: Hippowdon
|-damage|p2a: Hippowdon|72/100
|-damage|p1a: Corviknight|91/100|[from] Recoil
|-enditem|p2a: Hippowdon|Eject Button
|
|switch|p2a: Excadrill|Excadrill, F|100/100
|
|-weather|Sandstorm|[upkeep]
|-heal|p1a: Corviknight|97/100|[from] item: Leftovers
|upkeep
|turn|36
|
|move|p2a: Excadrill|Earthquake|p1a: Corviknight
|-supereffective|p1a: Corviknight
|-damage|p1a: Corviknight|0 fnt
|faint|p1a: Corviknight
|
|-weather|Sandstorm|[upkeep]
|upkeep
|c|☆Setup-bait|That wasn't a crit
|inactive|Tyronnefalls has 120 seconds left.
|
|switch|p1a: Quagsire|Quagsire, M|80/100
|-damage|p1a: Quagsire|74/100|[from] Stealth Rock
|turn|37
|
|switch|p2a: Clefable|Clefable, M|58/100 brn
|move|p1a: Quagsire|Scald|p2a: Clefable
|-damage|p2a: Clefable|46/100 brn
|
|-weather|Sandstorm|[upkeep]
|-heal|p1a: Quagsire|80/100|[from] item: Leftovers
|-fieldend|move: Gravity
|upkeep
|turn|38
|
|switch|p1a: Aegislash|Aegislash, M|87/100
|-damage|p1a: Aegislash|81/100|[from] Stealth Rock
|move|p2a: Clefable|Gravity|p2a: Clefable
|-fieldstart|move: Gravity
|
|-weather|none
|-heal|p1a: Aegislash|87/100|[from] item: Leftovers
|upkeep
|turn|39
|
|switch|p2a: Gigalith|Gigalith, F|100/100
|-weather|Sandstorm|[from] ability: Sand Stream|[of] p2a: Gigalith
|-formechange|p1a: Aegislash|Aegislash-Blade||[from] ability: Stance Change
|move|p1a: Aegislash|Shadow Ball|p2a: Gigalith
|-damage|p2a: Gigalith|76/100
|-unboost|p2a: Gigalith|spd|1
|-enditem|p2a: Gigalith|Eject Button
|
|switch|p2a: Excadrill|Excadrill, F|100/100
|
|-weather|Sandstorm|[upkeep]
|-heal|p1a: Aegislash|93/100|[from] item: Leftovers
|upkeep
|turn|40
|inactive|Tyronnefalls has 120 seconds left.
|
|move|p2a: Excadrill|Earthquake|p1a: Aegislash
|-supereffective|p1a: Aegislash
|-damage|p1a: Aegislash|0 fnt
|faint|p1a: Aegislash
|
|-weather|Sandstorm|[upkeep]
|upkeep
|
|switch|p1a: Quagsire|Quagsire, M|80/100
|-damage|p1a: Quagsire|74/100|[from] Stealth Rock
|turn|41
|
|move|p2a: Excadrill|Earthquake|p1a: Quagsire
|-damage|p1a: Quagsire|10/100
|move|p1a: Quagsire|Scald|p2a: Excadrill
|-supereffective|p2a: Excadrill
|-damage|p2a: Excadrill|52/100
|-status|p2a: Excadrill|brn
|
|-weather|Sandstorm|[upkeep]
|-heal|p1a: Quagsire|16/100|[from] item: Leftovers
|-damage|p2a: Excadrill|46/100 brn|[from] brn
|upkeep
|turn|42
|c|☆Setup-bait|Damn
|c|☆Setup-bait|I took a big risk
|
|move|p2a: Excadrill|Earthquake|p1a: Quagsire
|-damage|p1a: Quagsire|0 fnt
|faint|p1a: Quagsire
|
|-weather|Sandstorm|[upkeep]
|-damage|p2a: Excadrill|40/100 brn|[from] brn
|-fieldend|move: Gravity
|upkeep
|inactive|Tyronnefalls has 90 seconds left.
|
|switch|p1a: Dragapult|Dragapult, F|100/100
|-damage|p1a: Dragapult|88/100|[from] Stealth Rock
|turn|43
|
|move|p2a: Excadrill|Earthquake|p1a: Dragapult
|-damage|p1a: Dragapult|30/100
|move|p1a: Dragapult|Dragon Dance|p1a: Dragapult
|-boost|p1a: Dragapult|atk|1
|-boost|p1a: Dragapult|spe|1
|
|-weather|none
|-heal|p1a: Dragapult|36/100|[from] item: Leftovers
|-damage|p2a: Excadrill|34/100 brn|[from] brn
|upkeep
|turn|44
|
|move|p1a: Dragapult|Dragon Darts|p2a: Excadrill
|-resisted|p2a: Excadrill
|-damage|p2a: Excadrill|2/100 brn
|-resisted|p2a: Excadrill
|-damage|p2a: Excadrill|0 fnt
|-hitcount|p2a: Excadrill|2
|faint|p2a: Excadrill
|
|-heal|p1a: Dragapult|42/100|[from] item: Leftovers
|upkeep
|
|switch|p2a: Hippowdon|Hippowdon, M|72/100
|-weather|Sandstorm|[from] ability: Sand Stream|[of] p2a: Hippowdon
|turn|45
|
|move|p1a: Dragapult|Dragon Darts|p2a: Hippowdon
|-damage|p2a: Hippowdon|51/100
|-damage|p2a: Hippowdon|30/100
|-hitcount|p2a: Hippowdon|2
|move|p2a: Hippowdon|Earthquake|p1a: Dragapult
|-damage|p1a: Dragapult|0 fnt
|faint|p1a: Dragapult
|
|-weather|Sandstorm|[upkeep]
|upkeep
|
|switch|p1a: Dugtrio|Dugtrio, M|100/100
|-damage|p1a: Dugtrio|94/100|[from] Stealth Rock
|turn|46
|c|☆Setup-bait|I personally like to use sub dd with life orb
|c|☆Setup-bait|It's almost plus 2 attack with just 1 dd
|
|move|p1a: Dugtrio|Earthquake|p2a: Hippowdon
|-damage|p2a: Hippowdon|9/100
|move|p2a: Hippowdon|Slack Off|p2a: Hippowdon
|-heal|p2a: Hippowdon|59/100
|
|-weather|Sandstorm|[upkeep]
|upkeep
|turn|47
|-message|Tyronnefalls forfeited.
|
|win|Setup-bait
|l|☆Tyronnefalls
|c|☆Setup-bait|Gg
|raw|Tyronnefalls's rating: 1565 → 1544(-21 for losing)
|raw|Setup-bait's rating: 1556 → 1577(+21 for winning)
