|ScrapeTime|2020-01-02-00:04:54
|j|☆ErsGuterZokka
|j|☆TEMP1234321
|player|p1|ErsGuterZokka|cyrus|1413
|player|p2|TEMP1234321|veteran|1355
|teamsize|p1|6
|teamsize|p2|6
|gametype|singles
|gen|8
|tier|[Gen 8] OU
|rated|
|rule|Sleep Clause Mod: Limit one foe put to sleep
|rule|Species Clause: Limit one of each Pokémon
|rule|OHKO Clause: OHKO moves are banned
|rule|Evasion Moves Clause: Evasion moves are banned
|rule|Endless Battle Clause: Forcing endless battles is banned
|rule|HP Percentage Mod: HP is shown in percentages
|clearpoke
|poke|p1|Tyranitar, F|
|poke|p1|Ditto|
|poke|p1|Rotom-Mow|
|poke|p1|Machamp, F|
|poke|p1|Vaporeon, F|
|poke|p1|Cinderace, F|
|poke|p2|Crawdaunt, F|
|poke|p2|Hatterene, F|
|poke|p2|Corviknight, M|
|poke|p2|Gengar, F|
|poke|p2|Rotom-Heat|
|poke|p2|Dracovish|
|rule|Dynamax Clause: You cannot dynamax
|teampreview
|
|start
|switch|p1a: Rotom|Rotom-Mow|100/100
|switch|p2a: Hatterene|Hatterene, F|100/100
|turn|1
|inactive|Battle timer is ON: inactive players will automatically lose when time's up. (requested by TEMP1234321)
|
|move|p1a: Rotom|Leaf Storm|p2a: Hatterene|[miss]
|-miss|p1a: Rotom|p2a: Hatterene
|move|p2a: Hatterene|Trick Room|p2a: Hatterene
|-fieldstart|move: Trick Room|[of] p2a: Hatterene
|
|upkeep
|turn|2
|
|switch|p1a: Vaporeon|Vaporeon, F|100/100
|move|p2a: Hatterene|Dazzling Gleam|p1a: Vaporeon
|-damage|p1a: Vaporeon|64/100
|
|-heal|p1a: Vaporeon|70/100|[from] item: Leftovers
|upkeep
|turn|3
|
|switch|p2a: Crawdaunt|Crawdaunt, F|100/100
|move|p1a: Vaporeon|Wish|p1a: Vaporeon
|
|-heal|p1a: Vaporeon|77/100|[from] item: Leftovers
|upkeep
|turn|4
|
|move|p2a: Crawdaunt|Swords Dance|p2a: Crawdaunt
|-boost|p2a: Crawdaunt|atk|2
|move|p1a: Vaporeon|Haze|p1a: Vaporeon
|-clearallboost
|
|-heal|p1a: Vaporeon|100/100|[from] move: Wish|[wisher] Vaporeon
|upkeep
|turn|5
|
|move|p1a: Vaporeon|Protect|p1a: Vaporeon
|-singleturn|p1a: Vaporeon|Protect
|move|p2a: Crawdaunt|Swords Dance|p2a: Crawdaunt
|-boost|p2a: Crawdaunt|atk|2
|
|-fieldend|move: Trick Room
|upkeep
|turn|6
|
|move|p1a: Vaporeon|Haze|p1a: Vaporeon
|-clearallboost
|move|p2a: Crawdaunt|Knock Off|p1a: Vaporeon
|-damage|p1a: Vaporeon|33/100
|-enditem|p1a: Vaporeon|Leftovers|[from] move: Knock Off|[of] p2a: Crawdaunt
|-damage|p2a: Crawdaunt|90/100|[from] item: Life Orb
|
|upkeep
|turn|7
|
|move|p1a: Vaporeon|Scald|p2a: Crawdaunt
|-resisted|p2a: Crawdaunt
|-crit|p2a: Crawdaunt
|-damage|p2a: Crawdaunt|50/100
|-status|p2a: Crawdaunt|brn
|move|p2a: Crawdaunt|Knock Off|p1a: Vaporeon
|-damage|p1a: Vaporeon|12/100
|-damage|p2a: Crawdaunt|40/100 brn|[from] item: Life Orb
|
|-damage|p2a: Crawdaunt|34/100 brn|[from] brn
|upkeep
|turn|8
|c|☆TEMP1234321|lol
|
|move|p1a: Vaporeon|Protect|p1a: Vaporeon
|-singleturn|p1a: Vaporeon|Protect
|move|p2a: Crawdaunt|Knock Off|p1a: Vaporeon
|-activate|p1a: Vaporeon|move: Protect
|
|-damage|p2a: Crawdaunt|28/100 brn|[from] brn
|upkeep
|turn|9
|
|move|p1a: Vaporeon|Wish|p1a: Vaporeon
|move|p2a: Crawdaunt|Knock Off|p1a: Vaporeon
|-damage|p1a: Vaporeon|0 fnt
|-damage|p2a: Crawdaunt|18/100 brn|[from] item: Life Orb
|faint|p1a: Vaporeon
|
|-damage|p2a: Crawdaunt|12/100 brn|[from] brn
|upkeep
|
|switch|p1a: Rotom|Rotom-Mow|100/100
|turn|10
|
|move|p2a: Crawdaunt|Aqua Jet|p1a: Rotom
|-resisted|p1a: Rotom
|-damage|p1a: Rotom|88/100
|-damage|p2a: Crawdaunt|2/100 brn|[from] item: Life Orb
|move|p1a: Rotom|Volt Switch|p2a: Crawdaunt
|-supereffective|p2a: Crawdaunt
|-damage|p2a: Crawdaunt|0 fnt
|faint|p2a: Crawdaunt
|
|switch|p1a: Cinderace|Cinderace, F|100/100|[from]move: Volt Switch
|
|upkeep
|
|switch|p2a: Rotom|Rotom-Heat|100/100
|turn|11
|
|move|p1a: Cinderace|Pyro Ball|p2a: Rotom
|-resisted|p2a: Rotom
|-damage|p2a: Rotom|65/100
|move|p2a: Rotom|Volt Switch|p1a: Cinderace
|-damage|p1a: Cinderace|52/100
|inactive|TEMP1234321 has 120 seconds left.
|
|switch|p2a: Dracovish|Dracovish|100/100|[from]move: Volt Switch
|
|upkeep
|turn|12
|
|switch|p1a: Ditto|Ditto|100/100
|-transform|p1a: Ditto|p2a: Dracovish|[from] ability: Imposter
|move|p2a: Dracovish|Crunch|p1a: Ditto
|-damage|p1a: Ditto|35/100
|-unboost|p1a: Ditto|def|1
|
|upkeep
|turn|13
|inactive|TEMP1234321 has 120 seconds left.
|
|switch|p1a: Tyranitar|Tyranitar, F|100/100
|-weather|Sandstorm|[from] ability: Sand Stream|[of] p1a: Tyranitar
|move|p2a: Dracovish|Crunch|p1a: Tyranitar
|-resisted|p1a: Tyranitar
|-crit|p1a: Tyranitar
|-damage|p1a: Tyranitar|67/100
|
|-weather|Sandstorm|[upkeep]
|-damage|p2a: Dracovish|94/100|[from] Sandstorm
|upkeep
|turn|14
|
|switch|p2a: Corviknight|Corviknight, M|100/100
|-ability|p2a: Corviknight|Pressure
|move|p1a: Tyranitar|Stone Edge|p2a: Corviknight
|-damage|p2a: Corviknight|58/100
|
|-weather|Sandstorm|[upkeep]
|-heal|p2a: Corviknight|65/100|[from] item: Leftovers
|upkeep
|turn|15
|
|move|p2a: Corviknight|U-turn|p1a: Tyranitar
|-supereffective|p1a: Tyranitar
|-damage|p1a: Tyranitar|45/100
|
|switch|p2a: Hatterene|Hatterene, F|100/100|[from]move: U-turn
|move|p1a: Tyranitar|Thunderbolt|p2a: Hatterene
|-damage|p2a: Hatterene|79/100
|
|-weather|Sandstorm|[upkeep]
|-damage|p2a: Hatterene|73/100|[from] Sandstorm
|-heal|p2a: Hatterene|79/100|[from] item: Leftovers
|upkeep
|turn|16
|
|move|p1a: Tyranitar|Stone Edge|p2a: Hatterene
|-damage|p2a: Hatterene|18/100
|move|p2a: Hatterene|Trick Room|p2a: Hatterene
|-fieldstart|move: Trick Room|[of] p2a: Hatterene
|
|-weather|Sandstorm|[upkeep]
|-damage|p2a: Hatterene|12/100|[from] Sandstorm
|-heal|p2a: Hatterene|18/100|[from] item: Leftovers
|upkeep
|turn|17
|
|move|p2a: Hatterene|Dazzling Gleam|p1a: Tyranitar
|-supereffective|p1a: Tyranitar
|-damage|p1a: Tyranitar|0 fnt
|faint|p1a: Tyranitar
|
|-weather|none
|-heal|p2a: Hatterene|24/100|[from] item: Leftovers
|upkeep
|
|switch|p1a: Machamp|Machamp, F|100/100
|turn|18
|
|switch|p2a: Dracovish|Dracovish|94/100
|move|p1a: Machamp|Bullet Punch|p2a: Dracovish
|-resisted|p2a: Dracovish
|-damage|p2a: Dracovish|83/100
|
|upkeep
|turn|19
|
|switch|p1a: Rotom|Rotom-Mow|88/100
|move|p2a: Dracovish|Fishious Rend|p1a: Rotom
|-resisted|p1a: Rotom
|-damage|p1a: Rotom|0 fnt
|faint|p1a: Rotom
|
|upkeep
|
|switch|p1a: Ditto|Ditto|35/100
|-transform|p1a: Ditto|p2a: Dracovish|[from] ability: Imposter
|turn|20
|inactive|TEMP1234321 has 120 seconds left.
|
|switch|p2a: Corviknight|Corviknight, M|65/100
|-ability|p2a: Corviknight|Pressure
|move|p1a: Ditto|Fishious Rend|p2a: Corviknight
|-damage|p2a: Corviknight|0 fnt
|faint|p2a: Corviknight
|
|-fieldend|move: Trick Room
|upkeep
|inactive|TEMP1234321 has 90 seconds left.
|
|switch|p2a: Dracovish|Dracovish|83/100
|turn|21
|
|move|p1a: Ditto|Fishious Rend|p2a: Dracovish
|-resisted|p2a: Dracovish
|-damage|p2a: Dracovish|57/100
|move|p2a: Dracovish|Psychic Fangs|p1a: Ditto
|-damage|p1a: Ditto|0 fnt
|faint|p1a: Ditto
|
|upkeep
|
|switch|p1a: Cinderace|Cinderace, F|52/100
|turn|22
|
|move|p1a: Cinderace|High Jump Kick|p2a: Dracovish
|-damage|p2a: Dracovish|20/100
|move|p2a: Dracovish|Psychic Fangs|p1a: Cinderace
|-damage|p1a: Cinderace|0 fnt
|faint|p1a: Cinderace
|
|upkeep
|
|switch|p1a: Machamp|Machamp, F|100/100
|turn|23
|inactive|TEMP1234321 has 120 seconds left.
|
|switch|p2a: Hatterene|Hatterene, F|24/100
|move|p1a: Machamp|Darkest Lariat|p2a: Hatterene
|-damage|p2a: Hatterene|0 fnt
|faint|p2a: Hatterene
|
|upkeep
|
|switch|p2a: Gengar|Gengar, F|100/100
|turn|24
|
|move|p1a: Machamp|Darkest Lariat|p2a: Gengar
|-supereffective|p2a: Gengar
|-damage|p2a: Gengar|0 fnt
|faint|p2a: Gengar
|
|upkeep
|
|switch|p2a: Rotom|Rotom-Heat|65/100
|turn|25
|
|move|p2a: Rotom|Will-O-Wisp|p1a: Machamp
|-status|p1a: Machamp|brn
|move|p1a: Machamp|Darkest Lariat|p2a: Rotom
|-damage|p2a: Rotom|0 fnt
|faint|p2a: Rotom
|
|-damage|p1a: Machamp|94/100 brn|[from] brn
|upkeep
|
|switch|p2a: Dracovish|Dracovish|20/100
|turn|26
|
|move|p1a: Machamp|Darkest Lariat|p2a: Dracovish
|-damage|p2a: Dracovish|0 fnt
|faint|p2a: Dracovish
|
|win|ErsGuterZokka
|l|☆TEMP1234321
|raw|ErsGuterZokka's rating: 1413 → 1430(+17 for winning)
|raw|TEMP1234321's rating: 1355 → 1339(-16 for losing)
