|ScrapeTime|2020-01-03-01:56:43
|j|☆Back2daBooper
|j|☆FacebrookeDotcom
|player|p1|Back2daBooper|pokekid|1071
|player|p2|FacebrookeDotcom|170|1103
|teamsize|p1|6
|teamsize|p2|6
|gametype|singles
|gen|8
|tier|[Gen 8] OU
|rated|
|rule|Sleep Clause Mod: Limit one foe put to sleep
|rule|Species Clause: Limit one of each Pokémon
|rule|OHKO Clause: OHKO moves are banned
|rule|Evasion Moves Clause: Evasion moves are banned
|rule|Endless Battle Clause: Forcing endless battles is banned
|rule|HP Percentage Mod: HP is shown in percentages
|clearpoke
|poke|p1|Toxapex, M|
|poke|p1|Charizard, M|
|poke|p1|Hatterene, F|
|poke|p1|Sirfetch'd, M|
|poke|p1|Umbreon, F|
|poke|p1|Togedemaru, F|
|poke|p2|Dracovish|
|poke|p2|Pelipper, F|
|poke|p2|Hatterene, F|
|poke|p2|Excadrill, M|
|poke|p2|Ditto|
|poke|p2|Rotom-Heat|
|rule|Dynamax Clause: You cannot dynamax
|teampreview
|j| Formerly Chuck
|j| nice smogon nerd
|j| OMGON BANS DYNAMA
|j| Y0shin
|j| Aunty Draculina
|c| Formerly Chuck|---sneed line---
|c| Aunty Draculina|theme for this battle
|j| New Gorilla
|c| Aunty Draculina|https://www.youtube.com/watch?v=UcVJfRnpEBk
|j| 4CheeseHotPocket
|c| OMGON BANS DYNAMA|>he took the togedemaru
|c| OMGON BANS DYNAMA|based
|j| Dr Pavel I'm OU
|inactive|Battle timer is ON: inactive players will automatically lose when time's up. (requested by FacebrookeDotcom)
|c| Aunty Draculina|uh champ
|j| fugcentric
|c| New Gorilla|champ
|c| New Gorilla|use meteor assault
|c|☆Back2daBooper|yes
|j| blaspy
|c|☆Back2daBooper|what
|c| Aunty Draculina|oh wait
|
|start
|switch|p1a: Sord Duke?|Sirfetch'd, M|100/100
|switch|p2a: Pelipper|Pelipper, F, shiny|100/100
|-weather|RainDance|[from] ability: Drizzle|[of] p2a: Pelipper
|turn|1
|c| Aunty Draculina|blastoise is unreleased
|c| Aunty Draculina|duh
|c| blaspy|silly
|
|switch|p1a: The Fuhrer|Toxapex, M|100/100
|move|p2a: Pelipper|Hurricane|p1a: The Fuhrer
|-damage|p1a: The Fuhrer|71/100
|
|-weather|RainDance|[upkeep]
|-heal|p1a: The Fuhrer|77/100|[from] item: Black Sludge
|upkeep
|turn|2
|j| PreciousLeaf
|c| Dr Pavel I'm OU|speaking of release
|
|move|p2a: Pelipper|Hurricane|p1a: The Fuhrer
|-damage|p1a: The Fuhrer|45/100
|move|p1a: The Fuhrer|Toxic Spikes|p2a: Pelipper
|-sidestart|p2: FacebrookeDotcom|move: Toxic Spikes
|
|-weather|RainDance|[upkeep]
|-heal|p1a: The Fuhrer|51/100|[from] item: Black Sludge
|upkeep
|turn|3
|c| PreciousLeaf|that isnt the battle theme
|c| Dr Pavel I'm OU|/me shids and fards
|j| iopfklgkldg
|c| Aunty Draculina|don't compare tox to the fuhrer
|
|move|p2a: Pelipper|Hurricane|p1a: The Fuhrer
|-damage|p1a: The Fuhrer|21/100
|move|p1a: The Fuhrer|Recover|p1a: The Fuhrer
|-heal|p1a: The Fuhrer|71/100
|
|-weather|RainDance|[upkeep]
|-heal|p1a: The Fuhrer|77/100|[from] item: Black Sludge
|upkeep
|turn|4
|c| Formerly Chuck|hey preciousleaf repeat after me
|c| Formerly Chuck|i am
|
|move|p2a: Pelipper|Hurricane|p1a: The Fuhrer
|-damage|p1a: The Fuhrer|47/100
|move|p1a: The Fuhrer|Toxic Spikes|p2a: Pelipper
|-sidestart|p2: FacebrookeDotcom|move: Toxic Spikes
|
|-weather|RainDance|[upkeep]
|-heal|p1a: The Fuhrer|53/100|[from] item: Black Sludge
|upkeep
|turn|5
|c| Aunty Draculina|he doesn't deserve to have his name besmirched like that
|c| OMGON BANS DYNAMA|tox is the fuhrer
|
|move|p2a: Pelipper|Hurricane|p1a: The Fuhrer
|-damage|p1a: The Fuhrer|25/100
|move|p1a: The Fuhrer|Recover|p1a: The Fuhrer
|-heal|p1a: The Fuhrer|75/100
|
|-weather|RainDance|[upkeep]
|-heal|p1a: The Fuhrer|81/100|[from] item: Black Sludge
|upkeep
|turn|6
|c| Formerly Chuck|sofa king
|c| Dr Pavel I'm OU|>can't even learn poison gas
|c| Formerly Chuck|we todd ed
|c| New Gorilla|for me
|
|move|p1a: The Fuhrer|Baneful Bunker|p1a: The Fuhrer
|-singleturn|p1a: The Fuhrer|move: Protect
|move|p2a: Pelipper|Hurricane|p1a: The Fuhrer
|-activate|p1a: The Fuhrer|move: Protect
|
|-weather|RainDance|[upkeep]
|-heal|p1a: The Fuhrer|88/100|[from] item: Black Sludge
|upkeep
|turn|7
|c| New Gorilla|its balk
|c| Aunty Draculina|tox is more like kim il sung or pol pot
|c|☆Back2daBooper|confuse never
|
|move|p2a: Pelipper|Hurricane|p1a: The Fuhrer
|-damage|p1a: The Fuhrer|58/100
|move|p1a: The Fuhrer|Scald|p2a: Pelipper
|-resisted|p2a: Pelipper
|-damage|p2a: Pelipper|85/100
|
|-weather|RainDance|[upkeep]
|-heal|p1a: The Fuhrer|64/100|[from] item: Black Sludge
|upkeep
|turn|8
|c| OMGON BANS DYNAMA|yeah maybe cha,p should've picked weezing
|c| OMGON BANS DYNAMA|*champ
|c| Aunty Draculina|or caligula
|
|move|p2a: Pelipper|Roost|p2a: Pelipper
|-heal|p2a: Pelipper|100/100
|-singleturn|p2a: Pelipper|move: Roost
|move|p1a: The Fuhrer|Recover|p1a: The Fuhrer
|-heal|p1a: The Fuhrer|100/100
|
|-weather|none
|upkeep
|turn|9
|c| New Gorilla|epic
|j| Zucchiking
|j| austrian warlord
|c|☆Back2daBooper|weezing is more texan to me
|
|switch|p2a: Rotom|Rotom-Heat|100/100
|move|p1a: The Fuhrer|Scald|p2a: Rotom
|-supereffective|p2a: Rotom
|-damage|p2a: Rotom|67/100
|
|-heal|p2a: Rotom|73/100|[from] item: Leftovers
|upkeep
|turn|10
|c| fugcentric|my headcanon is that Qwilfish is Kim Jong-un
|
|move|p2a: Rotom|Volt Switch|p1a: The Fuhrer
|-supereffective|p1a: The Fuhrer
|-damage|p1a: The Fuhrer|55/100
|c| OMGON BANS DYNAMA|was caligula actually a screaming autist or is that a myth?
|
|switch|p2a: Hatterene|Hatterene, F|100/100|[from]move: Volt Switch
|-status|p2a: Hatterene|tox
|move|p1a: The Fuhrer|Scald|p2a: Hatterene
|-damage|p2a: Hatterene|84/100 tox
|
|-heal|p1a: The Fuhrer|61/100|[from] item: Black Sludge
|-heal|p2a: Hatterene|89/100 tox|[from] item: Leftovers
|-damage|p2a: Hatterene|84/100 tox|[from] psn
|upkeep
|turn|11
|c| Formerly Chuck|based headcanon
|
|switch|p1a: Fotm|Hatterene, F|100/100
|move|p2a: Hatterene|Trick Room|p2a: Hatterene
|-fieldstart|move: Trick Room|[of] p2a: Hatterene
|
|-heal|p2a: Hatterene|89/100 tox|[from] item: Leftovers
|-damage|p2a: Hatterene|78/100 tox|[from] psn
|upkeep
|turn|12
|
|move|p2a: Hatterene|Mystical Fire|p1a: Fotm
|-damage|p1a: Fotm|72/100
|-unboost|p1a: Fotm|spa|1
|move|p1a: Fotm|Psyshock|p2a: Hatterene
|-resisted|p2a: Hatterene
|-damage|p2a: Hatterene|57/100 tox
|-damage|p1a: Fotm|62/100|[from] item: Life Orb
|
|-heal|p2a: Hatterene|63/100 tox|[from] item: Leftovers
|-damage|p2a: Hatterene|45/100 tox|[from] psn
|upkeep
|turn|13
|c| Y0shin|wtf alivederp
|j| Bey Lah
|
|switch|p1a: The Fuhrer|Toxapex, M|95/100
|move|p2a: Hatterene|Mystical Fire|p1a: The Fuhrer
|-resisted|p1a: The Fuhrer
|-damage|p1a: The Fuhrer|82/100
|-unboost|p1a: The Fuhrer|spa|1
|
|-heal|p2a: Hatterene|51/100 tox|[from] item: Leftovers
|-heal|p1a: The Fuhrer|88/100|[from] item: Black Sludge
|-damage|p2a: Hatterene|27/100 tox|[from] psn
|upkeep
|turn|14
|c| Formerly Chuck|formerly ded
|l| Zucchiking
|j| Zucchiking
|c|☆Back2daBooper|oh shid, we are kind of alive
|inactive|Back2daBooper has 120 seconds left.
|
|switch|p1a: Fotm|Hatterene, F|62/100
|move|p2a: Hatterene|Psychic|p1a: Fotm
|-resisted|p1a: Fotm
|-damage|p1a: Fotm|34/100
|
|-heal|p2a: Hatterene|33/100 tox|[from] item: Leftovers
|-damage|p2a: Hatterene|3/100 tox|[from] psn
|upkeep
|turn|15
|c| 4CheeseHotPocket|who is we?
|c| nice smogon nerd|everyone is done with their normie stuff
|c| nice smogon nerd|now we're back in business
|c| Aunty Draculina|not me desu
|inactive|Back2daBooper has 120 seconds left.
|
|switch|p1a: KANTOOOOOOOO|Charizard, M|100/100
|move|p2a: Hatterene|Mystical Fire|p1a: KANTOOOOOOOO
|-resisted|p1a: KANTOOOOOOOO
|-damage|p1a: KANTOOOOOOOO|80/100
|-unboost|p1a: KANTOOOOOOOO|spa|1
|
|-heal|p2a: Hatterene|9/100 tox|[from] item: Leftovers
|-damage|p2a: Hatterene|0 fnt|[from] psn
|faint|p2a: Hatterene
|-fieldend|move: Trick Room
|upkeep
|c| Formerly Chuck|we is (You) and me
|c| Aunty Draculina|cause
|c| Aunty Draculina|you know
|c| Aunty Draculina|vampire
|c| austrian warlord|you know who isnt alive?
|
|switch|p2a: Pelipper|Pelipper, F, shiny|100/100
|-weather|RainDance|[from] ability: Drizzle|[of] p2a: Pelipper
|turn|16
|c|☆Back2daBooper|all these drops
|c| nice smogon nerd|Aniki
|c| austrian warlord|Qassem Soleimani
|
|switch|p1a: The Fuhrer|Toxapex, M|100/100
|move|p2a: Pelipper|Scald|p1a: The Fuhrer
|-resisted|p1a: The Fuhrer
|-damage|p1a: The Fuhrer|84/100
|
|-weather|RainDance|[upkeep]
|-heal|p1a: The Fuhrer|90/100|[from] item: Black Sludge
|upkeep
|turn|17
|c| OMGON BANS DYNAMA|blaspy
|l| Formerly Chuck
|
|move|p2a: Pelipper|Hurricane|p1a: The Fuhrer
|-damage|p1a: The Fuhrer|59/100
|move|p1a: The Fuhrer|Scald|p2a: Pelipper
|-resisted|p2a: Pelipper
|-damage|p2a: Pelipper|82/100
|
|-weather|RainDance|[upkeep]
|-heal|p1a: The Fuhrer|65/100|[from] item: Black Sludge
|upkeep
|turn|18
|
|move|p2a: Pelipper|Hurricane|p1a: The Fuhrer
|-damage|p1a: The Fuhrer|36/100
|move|p1a: The Fuhrer|Recover|p1a: The Fuhrer
|-heal|p1a: The Fuhrer|86/100
|
|-weather|RainDance|[upkeep]
|-heal|p1a: The Fuhrer|93/100|[from] item: Black Sludge
|upkeep
|turn|19
|l| Y0shin
|c| blaspy|yeh
|
|move|p2a: Pelipper|Hurricane|p1a: The Fuhrer
|-damage|p1a: The Fuhrer|62/100
|move|p1a: The Fuhrer|Recover|p1a: The Fuhrer
|-heal|p1a: The Fuhrer|100/100
|
|-weather|RainDance|[upkeep]
|upkeep
|turn|20
|c| Aunty Draculina|oh fug
|c| OMGON BANS DYNAMA|^^ghost
|c| Aunty Draculina|they haven't even updated wikipedia yet
|
|move|p2a: Pelipper|Hurricane|p1a: The Fuhrer
|-damage|p1a: The Fuhrer|71/100
|-start|p1a: The Fuhrer|confusion
|-activate|p1a: The Fuhrer|confusion
|-damage|p1a: The Fuhrer|68/100|[from] confusion
|
|-weather|RainDance|[upkeep]
|-heal|p1a: The Fuhrer|74/100|[from] item: Black Sludge
|upkeep
|turn|21
|c| Aunty Draculina|a vampire ghost
|c| fugcentric|updated for what
|
|move|p2a: Pelipper|U-turn|p1a: The Fuhrer
|-resisted|p1a: The Fuhrer
|-damage|p1a: The Fuhrer|72/100
|c| OMGON BANS DYNAMA|death
|
|switch|p2a: Excadrill|Excadrill, M|100/100|[from]move: U-turn
|-end|p1a: The Fuhrer|confusion
|move|p1a: The Fuhrer|Recover|p1a: The Fuhrer
|-heal|p1a: The Fuhrer|100/100
|
|-weather|RainDance|[upkeep]
|upkeep
|turn|22
|c|☆Back2daBooper|11 hurricanes for para
|c| New Gorilla|balk
|c| New Gorilla|h-haha
|
|switch|p1a: KANTOOOOOOOO|Charizard, M|80/100
|move|p2a: Excadrill|Swords Dance|p2a: Excadrill
|-boost|p2a: Excadrill|atk|2
|
|-weather|RainDance|[upkeep]
|upkeep
|turn|23
|j| Formerly Chuck
|c| Aunty Draculina|for the longest time
|c| New Gorilla|ok use kill
|
|move|p1a: KANTOOOOOOOO|Hurricane|p2a: Excadrill
|-resisted|p2a: Excadrill
|-damage|p2a: Excadrill|68/100
|move|p2a: Excadrill|Iron Head|p1a: KANTOOOOOOOO
|-resisted|p1a: KANTOOOOOOOO
|-damage|p1a: KANTOOOOOOOO|20/100
|
|-weather|none
|-heal|p2a: Excadrill|74/100|[from] item: Leftovers
|upkeep
|turn|24
|c| Aunty Draculina|i thought steve buscemi was dead
|c| New Gorilla|use kill now champ
|c| OMGON BANS DYNAMA|nice resist
|
|switch|p2a: Pelipper|Pelipper, F, shiny|82/100
|-weather|RainDance|[from] ability: Drizzle|[of] p2a: Pelipper
|move|p1a: KANTOOOOOOOO|Focus Blast|p2a: Pelipper|[miss]
|-miss|p1a: KANTOOOOOOOO|p2a: Pelipper
|
|-weather|RainDance|[upkeep]
|upkeep
|turn|25
|c| New Gorilla|wtf my kill
|
|switch|p1a: The Fuhrer|Toxapex, M|100/100
|move|p2a: Pelipper|U-turn|p1a: The Fuhrer
|-resisted|p1a: The Fuhrer
|-damage|p1a: The Fuhrer|98/100
|
|switch|p2a: Excadrill|Excadrill, M|74/100|[from]move: U-turn
|
|-weather|RainDance|[upkeep]
|-heal|p2a: Excadrill|80/100|[from] item: Leftovers
|-heal|p1a: The Fuhrer|100/100|[from] item: Black Sludge
|upkeep
|turn|26
|
|move|p2a: Excadrill|Earthquake|p1a: The Fuhrer
|-supereffective|p1a: The Fuhrer
|-damage|p1a: The Fuhrer|31/100
|move|p1a: The Fuhrer|Scald|p2a: Excadrill
|-supereffective|p2a: Excadrill
|-damage|p2a: Excadrill|14/100
|
|-weather|RainDance|[upkeep]
|-heal|p2a: Excadrill|20/100|[from] item: Leftovers
|-heal|p1a: The Fuhrer|37/100|[from] item: Black Sludge
|upkeep
|turn|27
|c| New Gorilla|wtf my burne
|
|move|p2a: Excadrill|Earthquake|p1a: The Fuhrer
|-supereffective|p1a: The Fuhrer
|-damage|p1a: The Fuhrer|0 fnt
|faint|p1a: The Fuhrer
|
|-weather|RainDance|[upkeep]
|-heal|p2a: Excadrill|26/100|[from] item: Leftovers
|upkeep
|c| Zucchiking|bad donk
|c|☆Back2daBooper|wtf counter donked
|j| LenWanTwo
|l| austrian warlord
|
|switch|p1a: Sord Duke?|Sirfetch'd, M|100/100
|turn|28
|
|move|p1a: Sord Duke?|First Impression|p2a: Excadrill
|-resisted|p2a: Excadrill
|-damage|p2a: Excadrill|2/100
|move|p2a: Excadrill|Rapid Spin|p1a: Sord Duke?
|-damage|p1a: Sord Duke?|81/100
|-sideend|p2: FacebrookeDotcom|Toxic Spikes|[from] move: Rapid Spin|[of] p2a: Excadrill
|-boost|p2a: Excadrill|spe|1
|
|-weather|RainDance|[upkeep]
|-heal|p2a: Excadrill|8/100|[from] item: Leftovers
|upkeep
|turn|29
|j| imbleach
|c| Aunty Draculina|2
|
|move|p1a: Sord Duke?|Quick Attack|p2a: Excadrill
|-resisted|p2a: Excadrill
|-damage|p2a: Excadrill|0 fnt
|faint|p2a: Excadrill
|
|-weather|RainDance|[upkeep]
|upkeep
|
|switch|p2a: Pelipper|Pelipper, F, shiny|82/100
|turn|30
|c| OMGON BANS DYNAMA|how is this ducke so based
|
|switch|p1a: tfw no toxic|Umbreon, F|100/100
|move|p2a: Pelipper|Hurricane|p1a: tfw no toxic
|-damage|p1a: tfw no toxic|81/100
|-start|p1a: tfw no toxic|confusion
|
|-weather|RainDance|[upkeep]
|-heal|p1a: tfw no toxic|88/100|[from] item: Leftovers
|upkeep
|turn|31
|
|-activate|p1a: tfw no toxic|confusion
|-damage|p1a: tfw no toxic|84/100|[from] confusion
|move|p2a: Pelipper|U-turn|p1a: tfw no toxic
|-supereffective|p1a: tfw no toxic
|-damage|p1a: tfw no toxic|70/100
|
|switch|p2a: Dracovish|Dracovish|100/100|[from]move: U-turn
|
|-weather|none
|-heal|p1a: tfw no toxic|76/100|[from] item: Leftovers
|upkeep
|turn|32
|
|switch|p2a: Ditto|Ditto|100/100
|-transform|p2a: Ditto|p1a: tfw no toxic|[from] ability: Imposter
|-end|p1a: tfw no toxic|confusion
|move|p1a: tfw no toxic|Yawn|p2a: Ditto
|-start|p2a: Ditto|move: Yawn|[of] p1a: tfw no toxic
|
|-heal|p1a: tfw no toxic|82/100|[from] item: Leftovers
|upkeep
|turn|33
|c| fugcentric|sirfetch’d is the sleeper husbandomon
|
|move|p2a: Ditto|Yawn|p1a: tfw no toxic
|-start|p1a: tfw no toxic|move: Yawn|[of] p2a: Ditto
|move|p1a: tfw no toxic|Wish|p1a: tfw no toxic
|
|-heal|p1a: tfw no toxic|88/100|[from] item: Leftovers
|-end|p2a: Ditto|move: Yawn|[silent]
|-status|p2a: Ditto|slp
|upkeep
|turn|34
|
|switch|p2a: Pelipper|Pelipper, F, shiny|82/100
|-weather|RainDance|[from] ability: Drizzle|[of] p2a: Pelipper
|switch|p1a: KANTOOOOOOOO|Charizard, M|20/100
|
|-weather|RainDance|[upkeep]
|-heal|p1a: KANTOOOOOOOO|86/100|[from] move: Wish|[wisher] tfw no toxic
|upkeep
|turn|35
|c|☆Back2daBooper|KANTOS BACK
|
|switch|p1a: tfw no toxic|Umbreon, F|88/100
|move|p2a: Pelipper|Scald|p1a: tfw no toxic
|-damage|p1a: tfw no toxic|68/100
|
|-weather|RainDance|[upkeep]
|-heal|p1a: tfw no toxic|74/100|[from] item: Leftovers
|upkeep
|turn|36
|c| New Gorilla|kanto's been saved bros
|c| Formerly Chuck|>you now remember yawnfriend
|
|move|p2a: Pelipper|U-turn|p1a: tfw no toxic
|-supereffective|p1a: tfw no toxic
|-damage|p1a: tfw no toxic|60/100
|
|switch|p2a: Dracovish|Dracovish|100/100|[from]move: U-turn
|move|p1a: tfw no toxic|Wish|p1a: tfw no toxic
|
|-weather|RainDance|[upkeep]
|-heal|p1a: tfw no toxic|66/100|[from] item: Leftovers
|upkeep
|turn|37
|c| PreciousLeaf|charizard is best
|c| OMGON BANS DYNAMA|WE ARE GOING BACK TO **KANTOOOOOOOOOOOOOOOOOOOOOOOOOOO**
|
|move|p2a: Dracovish|Fishious Rend|p1a: tfw no toxic
|-damage|p1a: tfw no toxic|0 fnt
|faint|p1a: tfw no toxic
|
|-weather|RainDance|[upkeep]
|upkeep
|
|switch|p1a: Am bee buzz|Togedemaru, F|100/100
|turn|38
|c| blaspy|KANTOOOOOOOOOOOOOOOOOOOO
|
|switch|p2a: Ditto|Ditto|100/100 slp
|-transform|p2a: Ditto|p1a: Am bee buzz|[from] ability: Imposter
|move|p1a: Am bee buzz|Zing Zap|p2a: Ditto
|-resisted|p2a: Ditto
|-damage|p2a: Ditto|72/100 slp
|-damage|p1a: Am bee buzz|88/100|[from] ability: Iron Barbs|[of] p2a: Ditto
|
|-weather|RainDance|[upkeep]
|upkeep
|turn|39
|c| fugcentric|kanto is alright
|c| nice smogon nerd|what's wrong with this bee
|c| PreciousLeaf|its the best
|
|switch|p1a: Fotm|Hatterene, F|34/100
|cant|p2a: Ditto|slp
|
|-weather|RainDance|[upkeep]
|upkeep
|turn|40
|
|cant|p2a: Ditto|slp
|move|p1a: Fotm|Trick Room|p1a: Fotm
|-fieldstart|move: Trick Room|[of] p1a: Fotm
|
|-weather|RainDance|[upkeep]
|upkeep
|turn|41
|c| fugcentric|no the best is spoiler: sinnoh
|c| imbleach|the best at being the worst
|
|move|p1a: Fotm|Mystical Fire|p2a: Ditto
|-supereffective|p2a: Ditto
|-damage|p2a: Ditto|20/100 slp
|-unboost|p2a: Ditto|spa|1
|-damage|p1a: Fotm|24/100|[from] item: Life Orb
|-curestatus|p2a: Ditto|slp|[msg]
|move|p2a: Ditto|Fell Stinger|p1a: Fotm
|-damage|p1a: Fotm|9/100
|
|-weather|none
|upkeep
|turn|42
|c| OMGON BANS DYNAMA|Oh so PreciousLeaf is actually Masuda
|c| OMGON BANS DYNAMA|>worst region
|c|☆Back2daBooper|H-he stole our trick!
|c| OMGON BANS DYNAMA|that's Galar
|
|move|p1a: Fotm|Mystical Fire|p2a: Ditto
|-supereffective|p2a: Ditto
|-damage|p2a: Ditto|0 fnt
|-damage|p1a: Fotm|0 fnt|[from] item: Life Orb
|faint|p2a: Ditto
|faint|p1a: Fotm
|
|upkeep
|
|switch|p1a: Sord Duke?|Sirfetch'd, M|81/100
|switch|p2a: Rotom|Rotom-Heat|73/100
|turn|43
|
|move|p1a: Sord Duke?|Close Combat|p2a: Rotom
|-damage|p2a: Rotom|3/100
|-unboost|p1a: Sord Duke?|def|1
|-unboost|p1a: Sord Duke?|spd|1
|move|p2a: Rotom|Will-O-Wisp|p1a: Sord Duke?
|-status|p1a: Sord Duke?|brn
|
|-heal|p2a: Rotom|9/100|[from] item: Leftovers
|-damage|p1a: Sord Duke?|75/100 brn|[from] brn
|upkeep
|turn|44
|j| TheStroker
|
|move|p1a: Sord Duke?|Knock Off|p2a: Rotom
|-damage|p2a: Rotom|0 fnt
|-enditem|p2a: Rotom|Leftovers|[from] move: Knock Off|[of] p1a: Sord Duke?
|faint|p2a: Rotom
|
|-damage|p1a: Sord Duke?|69/100 brn|[from] brn
|-fieldend|move: Trick Room
|upkeep
|
|switch|p2a: Pelipper|Pelipper, F, shiny|82/100
|-weather|RainDance|[from] ability: Drizzle|[of] p2a: Pelipper
|turn|45
|c| Aunty Draculina|galar doesn't have mt coronet in it
|c| Aunty Draculina|points in its favor
|
|switch|p1a: KANTOOOOOOOO|Charizard, M|86/100
|move|p2a: Pelipper|Hurricane|p1a: KANTOOOOOOOO
|-damage|p1a: KANTOOOOOOOO|38/100
|-start|p1a: KANTOOOOOOOO|confusion
|
|-weather|RainDance|[upkeep]
|upkeep
|turn|46
|c| fugcentric|Hot take: Hoenn is kind of shide
|c| OMGON BANS DYNAMA|mt coronet is a good thing
|
|-activate|p1a: KANTOOOOOOOO|confusion
|move|p1a: KANTOOOOOOOO|Hurricane|p2a: Pelipper
|-damage|p2a: Pelipper|16/100
|move|p2a: Pelipper|Scald|p1a: KANTOOOOOOOO
|-supereffective|p1a: KANTOOOOOOOO
|-damage|p1a: KANTOOOOOOOO|0 fnt
|faint|p1a: KANTOOOOOOOO
|
|-weather|RainDance|[upkeep]
|upkeep
|c| Aunty Draculina|eh
|c| OMGON BANS DYNAMA|nip kids couldn;t handle it though
|c| blaspy|hoenn is shite
|
|switch|p1a: Sord Duke?|Sirfetch'd, M|69/100 brn
|turn|47
|c| nice smogon nerd|i liked hoenn at the time
|
|move|p1a: Sord Duke?|First Impression|p2a: Pelipper
|-resisted|p2a: Pelipper
|-damage|p2a: Pelipper|9/100
|move|p2a: Pelipper|Roost|p2a: Pelipper
|-heal|p2a: Pelipper|59/100
|-singleturn|p2a: Pelipper|move: Roost
|
|-weather|RainDance|[upkeep]
|-damage|p1a: Sord Duke?|63/100 brn|[from] brn
|upkeep
|turn|48
|c| OMGON BANS DYNAMA|*couldn't
|
|switch|p1a: Am bee buzz|Togedemaru, F|88/100
|move|p2a: Pelipper|Hurricane|p1a: Am bee buzz
|-resisted|p1a: Am bee buzz
|-damage|p1a: Am bee buzz|74/100
|-start|p1a: Am bee buzz|confusion
|
|-weather|RainDance|[upkeep]
|upkeep
|turn|49
|c| Aunty Draculina|mt. coronet is fun once you manage to get near the summit
|c| Formerly Chuck|hoenn is unbased
|c| OMGON BANS DYNAMA|I like Hoenn
|
|-activate|p1a: Am bee buzz|confusion
|move|p1a: Am bee buzz|Zing Zap|p2a: Pelipper
|-supereffective|p2a: Pelipper
|-damage|p2a: Pelipper|0 fnt
|faint|p2a: Pelipper
|
|-weather|RainDance|[upkeep]
|upkeep
|
|switch|p2a: Dracovish|Dracovish|100/100
|turn|50
|c| Aunty Draculina|but for half the game it's just an annoying cave
|c| OMGON BANS DYNAMA|Draculina's right
|c| 4CheeseHotPocket|hoenn is a great region tbh
|
|move|p2a: Dracovish|Fishious Rend|p1a: Am bee buzz
|-damage|p1a: Am bee buzz|0 fnt
|-damage|p2a: Dracovish|88/100|[from] ability: Iron Barbs|[of] p1a: Am bee buzz
|-damage|p2a: Dracovish|72/100|[from] item: Rocky Helmet|[of] p1a: Am bee buzz
|faint|p1a: Am bee buzz
|
|-weather|RainDance|[upkeep]
|upkeep
|
|switch|p1a: Sord Duke?|Sirfetch'd, M|63/100 brn
|turn|51
|
|move|p2a: Dracovish|Fishious Rend|p1a: Sord Duke?
|-damage|p1a: Sord Duke?|0 fnt
|faint|p1a: Sord Duke?
|
|win|FacebrookeDotcom
|c| fugcentric|>endgame is just water
|c| PreciousLeaf|we like salamence
|c| fugcentric|great game
|c|☆FacebrookeDotcom|gg
|c| blaspy|hey kid
|raw|Back2daBooper's rating: 1071 → 1052(-19 for losing)
|raw|FacebrookeDotcom's rating: 1103 → 1125(+22 for winning)
|c| blaspy|ya like **PELIPPER?**
