|ScrapeTime|2020-01-02-12:14:53
|j|☆Pavijo28
|j|☆Savouras
|player|p1|Pavijo28|282|1804
|player|p2|Savouras|lusamine-nihilego|1718
|teamsize|p1|6
|teamsize|p2|6
|gametype|singles
|gen|8
|tier|[Gen 8] OU
|rated|
|rule|Sleep Clause Mod: Limit one foe put to sleep
|rule|Species Clause: Limit one of each Pokémon
|rule|OHKO Clause: OHKO moves are banned
|rule|Evasion Moves Clause: Evasion moves are banned
|rule|Endless Battle Clause: Forcing endless battles is banned
|rule|HP Percentage Mod: HP is shown in percentages
|clearpoke
|poke|p1|Mimikyu, F|
|poke|p1|Hatterene, F|
|poke|p1|Indeedee, M|
|poke|p1|Arctozolt|
|poke|p1|Jellicent, F|
|poke|p1|Diggersby, M|
|poke|p2|Dragapult, F|
|poke|p2|Mew|
|poke|p2|Kommo-o, F|
|poke|p2|Rotom-Heat|
|poke|p2|Grimmsnarl, M|
|poke|p2|Corviknight, M|
|rule|Dynamax Clause: You cannot dynamax
|teampreview
|inactive|Battle timer is ON: inactive players will automatically lose when time's up. (requested by Savouras)
|
|start
|switch|p1a: Hatterene|Hatterene, F|100/100
|switch|p2a: Mew|Mew|100/100
|turn|1
|
|switch|p1a: Jellicent|Jellicent, F|100/100
|move|p2a: Mew|Skill Swap|p1a: Jellicent
|-activate|p2a: Mew|move: Skill Swap|Water Absorb|Synchronize|[of] p1a: Jellicent
|
|upkeep
|turn|2
|j| Botrillus
|
|move|p2a: Mew|Skill Swap|p1a: Jellicent
|-activate|p2a: Mew|move: Skill Swap|Synchronize|Water Absorb|[of] p1a: Jellicent
|move|p1a: Jellicent|Trick Room|p1a: Jellicent
|-fieldstart|move: Trick Room|[of] p1a: Jellicent
|
|upkeep
|turn|3
|
|switch|p1a: Hatterene|Hatterene, F|100/100
|move|p2a: Mew|Stealth Rock|p1a: Hatterene
|move|p1a: Hatterene|Stealth Rock|p2a: Mew|[from]Magic Bounce
|-sidestart|p2: Savouras|move: Stealth Rock
|
|upkeep
|turn|4
|
|move|p1a: Hatterene|Calm Mind|p1a: Hatterene
|-boost|p1a: Hatterene|spa|1
|-boost|p1a: Hatterene|spd|1
|move|p2a: Mew|Stealth Rock|p1a: Hatterene
|move|p1a: Hatterene|Stealth Rock||[from]Magic Bounce|[still]
|-fail|p1a: Hatterene
|
|upkeep
|turn|5
|j| 3 star
|
|move|p1a: Hatterene|Draining Kiss|p2a: Mew
|-damage|p2a: Mew|74/100
|-enditem|p2a: Mew|Red Card|[of] p1a: Hatterene
|drag|p1a: Diggersby|Diggersby, M|100/100
|move|p2a: Mew|Stealth Rock|p1a: Diggersby
|-sidestart|p1: Pavijo28|move: Stealth Rock
|
|upkeep
|turn|6
|
|switch|p1a: Jellicent|Jellicent, F|100/100
|-damage|p1a: Jellicent|88/100|[from] Stealth Rock
|move|p2a: Mew|Skill Swap|p1a: Jellicent
|-activate|p2a: Mew|move: Skill Swap|Water Absorb|Synchronize|[of] p1a: Jellicent
|
|-heal|p1a: Jellicent|94/100|[from] item: Leftovers
|-fieldend|move: Trick Room
|upkeep
|turn|7
|
|switch|p1a: Hatterene|Hatterene, F|100/100
|-damage|p1a: Hatterene|88/100|[from] Stealth Rock
|move|p2a: Mew|Spikes|p1a: Hatterene
|move|p1a: Hatterene|Spikes|p2a: Mew|[from]Magic Bounce
|-sidestart|p2: Savouras|Spikes
|
|-heal|p1a: Hatterene|94/100|[from] item: Leftovers
|upkeep
|turn|8
|
|move|p2a: Mew|Skill Swap|p1a: Hatterene
|-activate|p2a: Mew|move: Skill Swap|Magic Bounce|Water Absorb|[of] p1a: Hatterene
|move|p1a: Hatterene|Trick Room|p1a: Hatterene
|-fieldstart|move: Trick Room|[of] p1a: Hatterene
|
|-heal|p1a: Hatterene|99/100|[from] item: Leftovers
|upkeep
|turn|9
|
|switch|p1a: Arctozolt|Arctozolt|100/100
|-damage|p1a: Arctozolt|76/100|[from] Stealth Rock
|move|p2a: Mew|Spikes|p1a: Arctozolt
|-sidestart|p1: Pavijo28|Spikes
|
|upkeep
|turn|10
|
|move|p1a: Arctozolt|Bolt Beak|p2a: Mew
|-damage|p2a: Mew|0 fnt
|-damage|p1a: Arctozolt|66/100|[from] item: Life Orb
|faint|p2a: Mew
|
|upkeep
|
|switch|p2a: Rotom|Rotom-Heat|100/100
|-damage|p2a: Rotom|76/100|[from] Stealth Rock
|turn|11
|
|move|p1a: Arctozolt|Bolt Beak|p2a: Rotom
|-resisted|p2a: Rotom
|-damage|p2a: Rotom|17/100
|-damage|p1a: Arctozolt|56/100|[from] item: Life Orb
|move|p2a: Rotom|Overheat|p1a: Arctozolt
|-supereffective|p1a: Arctozolt
|-damage|p1a: Arctozolt|0 fnt
|-unboost|p2a: Rotom|spa|2
|faint|p1a: Arctozolt
|
|-heal|p2a: Rotom|23/100|[from] item: Leftovers
|upkeep
|
|switch|p1a: Indeedee|Indeedee, M|100/100
|-damage|p1a: Indeedee|88/100|[from] Spikes
|-damage|p1a: Indeedee|76/100|[from] Stealth Rock
|-fieldstart|move: Psychic Terrain|[from] ability: Psychic Surge|[of] p1a: Indeedee
|turn|12
|
|switch|p2a: Corviknight|Corviknight, M|100/100
|-damage|p2a: Corviknight|88/100|[from] Stealth Rock
|move|p1a: Indeedee|Psychic|p2a: Corviknight
|-resisted|p2a: Corviknight
|-damage|p2a: Corviknight|65/100
|
|-heal|p2a: Corviknight|71/100|[from] item: Leftovers
|-fieldend|move: Trick Room
|upkeep
|turn|13
|
|move|p2a: Corviknight|Brave Bird|p1a: Indeedee
|-damage|p1a: Indeedee|9/100
|-damage|p2a: Corviknight|53/100|[from] Recoil
|move|p1a: Indeedee|Mystical Fire|p2a: Corviknight
|-supereffective|p2a: Corviknight
|-damage|p2a: Corviknight|14/100
|-ability|p2a: Corviknight|Mirror Armor
|-unboost|p1a: Indeedee|spa|1
|
|-heal|p2a: Corviknight|20/100|[from] item: Leftovers
|upkeep
|turn|14
|
|move|p2a: Corviknight|Roost|p2a: Corviknight
|-heal|p2a: Corviknight|70/100
|-singleturn|p2a: Corviknight|move: Roost
|move|p1a: Indeedee|Mystical Fire|p2a: Corviknight
|-supereffective|p2a: Corviknight
|-damage|p2a: Corviknight|42/100
|-ability|p2a: Corviknight|Mirror Armor
|-unboost|p1a: Indeedee|spa|1
|
|-heal|p2a: Corviknight|48/100|[from] item: Leftovers
|upkeep
|turn|15
|
|switch|p1a: Diggersby|Diggersby, M|100/100
|-damage|p1a: Diggersby|88/100|[from] Spikes
|-damage|p1a: Diggersby|82/100|[from] Stealth Rock
|move|p2a: Corviknight|Substitute|p2a: Corviknight
|-start|p2a: Corviknight|Substitute
|-damage|p2a: Corviknight|23/100
|
|-heal|p2a: Corviknight|29/100|[from] item: Leftovers
|-heal|p1a: Diggersby|88/100|[from] item: Leftovers
|upkeep
|turn|16
|l| Botrillus
|
|move|p2a: Corviknight|Roost|p2a: Corviknight
|-heal|p2a: Corviknight|79/100
|-singleturn|p2a: Corviknight|move: Roost
|move|p1a: Diggersby|Fire Punch|p2a: Corviknight
|-supereffective|p2a: Corviknight
|-end|p2a: Corviknight|Substitute
|
|-heal|p2a: Corviknight|86/100|[from] item: Leftovers
|-heal|p1a: Diggersby|94/100|[from] item: Leftovers
|-fieldend|move: Psychic Terrain
|upkeep
|turn|17
|
|move|p2a: Corviknight|Bulk Up|p2a: Corviknight
|-boost|p2a: Corviknight|atk|1
|-boost|p2a: Corviknight|def|1
|move|p1a: Diggersby|Swords Dance|p1a: Diggersby
|-boost|p1a: Diggersby|atk|2
|
|-heal|p2a: Corviknight|92/100|[from] item: Leftovers
|-heal|p1a: Diggersby|99/100|[from] item: Leftovers
|upkeep
|turn|18
|
|move|p2a: Corviknight|Brave Bird|p1a: Diggersby
|-damage|p1a: Diggersby|34/100
|-damage|p2a: Corviknight|72/100|[from] Recoil
|move|p1a: Diggersby|Fire Punch|p2a: Corviknight
|-supereffective|p2a: Corviknight
|-damage|p2a: Corviknight|0 fnt
|faint|p2a: Corviknight
|
|-heal|p1a: Diggersby|40/100|[from] item: Leftovers
|upkeep
|
|switch|p2a: Dragapult|Dragapult, F|100/100
|-damage|p2a: Dragapult|88/100|[from] Stealth Rock
|-damage|p2a: Dragapult|76/100|[from] Spikes
|turn|19
|
|switch|p1a: Indeedee|Indeedee, M|9/100
|-damage|p1a: Indeedee|0 fnt|[from] Spikes
|faint|p1a: Indeedee
|move|p2a: Dragapult|Dragon Darts|p1: Indeedee|[notarget]
|-fail|p2a: Dragapult
|
|upkeep
|
|switch|p1a: Hatterene|Hatterene, F|99/100
|-damage|p1a: Hatterene|88/100|[from] Stealth Rock
|-damage|p1a: Hatterene|76/100|[from] Spikes
|turn|20
|
|move|p2a: Dragapult|Phantom Force||[still]
|-prepare|p2a: Dragapult|Phantom Force|p1a: Hatterene
|move|p1a: Hatterene|Trick Room|p1a: Hatterene
|-fieldstart|move: Trick Room|[of] p1a: Hatterene
|
|-heal|p1a: Hatterene|82/100|[from] item: Leftovers
|upkeep
|turn|21
|
|switch|p1a: Diggersby|Diggersby, M|40/100
|-damage|p1a: Diggersby|34/100|[from] Stealth Rock
|-damage|p1a: Diggersby|22/100|[from] Spikes
|move|p2a: Dragapult|Phantom Force|p1a: Diggersby|[from]lockedmove
|-immune|p1a: Diggersby
|
|-heal|p1a: Diggersby|28/100|[from] item: Leftovers
|upkeep
|turn|22
|
|move|p1a: Diggersby|Earthquake|p2a: Dragapult
|-damage|p2a: Dragapult|0 fnt
|faint|p2a: Dragapult
|
|-heal|p1a: Diggersby|34/100|[from] item: Leftovers
|upkeep
|
|switch|p2a: Grimmsnarl|Grimmsnarl, M|100/100
|-damage|p2a: Grimmsnarl|88/100|[from] Stealth Rock
|-damage|p2a: Grimmsnarl|76/100|[from] Spikes
|turn|23
|
|move|p2a: Grimmsnarl|Reflect|p2a: Grimmsnarl
|-sidestart|p2: Savouras|Reflect
|move|p1a: Diggersby|Earthquake|p2a: Grimmsnarl
|-damage|p2a: Grimmsnarl|37/100
|
|-heal|p1a: Diggersby|40/100|[from] item: Leftovers
|upkeep
|turn|24
|
|move|p2a: Grimmsnarl|Light Screen|p2a: Grimmsnarl
|-sidestart|p2: Savouras|move: Light Screen
|move|p1a: Diggersby|Earthquake|p2a: Grimmsnarl
|-damage|p2a: Grimmsnarl|0 fnt
|faint|p2a: Grimmsnarl
|
|-heal|p1a: Diggersby|46/100|[from] item: Leftovers
|-fieldend|move: Trick Room
|upkeep
|
|switch|p2a: Kommo-o|Kommo-o, F|100/100
|-damage|p2a: Kommo-o|94/100|[from] Stealth Rock
|-damage|p2a: Kommo-o|82/100|[from] Spikes
|turn|25
|
|move|p2a: Kommo-o|Clangorous Soul|p2a: Kommo-o
|-boost|p2a: Kommo-o|atk|1
|-boost|p2a: Kommo-o|def|1
|-boost|p2a: Kommo-o|spa|1
|-boost|p2a: Kommo-o|spd|1
|-boost|p2a: Kommo-o|spe|1
|-damage|p2a: Kommo-o|49/100
|-enditem|p2a: Kommo-o|Throat Spray
|-boost|p2a: Kommo-o|spa|1
|move|p1a: Diggersby|Earthquake|p2a: Kommo-o
|-damage|p2a: Kommo-o|27/100
|
|-heal|p1a: Diggersby|52/100|[from] item: Leftovers
|upkeep
|turn|26
|
|move|p1a: Diggersby|Quick Attack|p2a: Kommo-o
|-damage|p2a: Kommo-o|18/100
|move|p2a: Kommo-o|Flamethrower|p1a: Diggersby
|-damage|p1a: Diggersby|0 fnt
|faint|p1a: Diggersby
|
|upkeep
|
|switch|p1a: Dayo|Mimikyu, F|100/100
|-damage|p1a: Dayo|88/100|[from] Spikes
|-damage|p1a: Dayo|76/100|[from] Stealth Rock
|turn|27
|
|move|p2a: Kommo-o|Flamethrower|p1a: Dayo
|-activate|p1a: Dayo|ability: Disguise
|-damage|p1a: Dayo|76/100
|detailschange|p1a: Dayo|Mimikyu-Busted, F
|-damage|p1a: Dayo|63/100|[from] ability: Disguise|[of] p1a: Dayo
|-enditem|p1a: Dayo|Red Card|[of] p2a: Kommo-o
|drag|p2a: Rotom|Rotom-Heat|23/100
|-damage|p2a: Rotom|0 fnt|[from] Stealth Rock
|faint|p2a: Rotom
|move|p1a: Dayo|Trick Room|p1a: Dayo
|-fieldstart|move: Trick Room|[of] p1a: Dayo
|
|upkeep
|j| DemZii
|-message|Savouras forfeited.
|
|win|Pavijo28
|l|☆Savouras
|raw|Pavijo28's rating: 1804 → 1819(+15 for winning)
|raw|Savouras's rating: 1718 → 1703(-15 for losing)
|l|☆Pavijo28
|j|☆Pavijo28
|player|p1|Pavijo28|282
