|ScrapeTime|2020-01-01-17:16:29
|j|☆Alkagen101
|j|☆GiaDesimo
|player|p1|Alkagen101|lucas-gen4pt|1784
|player|p2|GiaDesimo|bugcatcher|1876
|teamsize|p1|6
|teamsize|p2|6
|gametype|singles
|gen|8
|tier|[Gen 8] OU
|rated|
|rule|Sleep Clause Mod: Limit one foe put to sleep
|rule|Species Clause: Limit one of each Pokémon
|rule|OHKO Clause: OHKO moves are banned
|rule|Evasion Moves Clause: Evasion moves are banned
|rule|Endless Battle Clause: Forcing endless battles is banned
|rule|HP Percentage Mod: HP is shown in percentages
|clearpoke
|poke|p1|Ditto|
|poke|p1|Excadrill, M|
|poke|p1|Dracozolt|
|poke|p1|Toxapex, F|
|poke|p1|Corsola-Galar, M|
|poke|p1|Corviknight, M|
|poke|p2|Kommo-o, M|
|poke|p2|Ferrothorn, F|
|poke|p2|Excadrill, M|
|poke|p2|Conkeldurr, F|
|poke|p2|Mandibuzz, F|
|poke|p2|Gengar, F|
|rule|Dynamax Clause: You cannot dynamax
|teampreview
|j| Thgghhjuuu
|
|start
|switch|p1a: Dracozolt|Dracozolt|100/100
|switch|p2a: Kommo-o|Kommo-o, M|100/100
|turn|1
|
|switch|p1a: Corviknight|Corviknight, M|100/100
|-ability|p1a: Corviknight|Pressure
|switch|p2a: Excadrill|Excadrill, M|100/100
|-ability|p2a: Excadrill|Mold Breaker
|
|upkeep
|turn|2
|
|switch|p2a: Ferrothorn|Ferrothorn, F|100/100
|move|p1a: Corviknight|U-turn|p2a: Ferrothorn
|-damage|p2a: Ferrothorn|92/100
|-damage|p1a: Corviknight|88/100|[from] ability: Iron Barbs|[of] p2a: Ferrothorn
|j| Babby Yoda
|
|switch|p1a: Dracozolt|Dracozolt|100/100|[from]move: U-turn
|
|-heal|p2a: Ferrothorn|99/100|[from] item: Leftovers
|upkeep
|turn|3
|
|switch|p2a: Kommo-o|Kommo-o, M|100/100
|move|p1a: Dracozolt|Substitute|p1a: Dracozolt
|-start|p1a: Dracozolt|Substitute
|-damage|p1a: Dracozolt|76/100
|
|-heal|p1a: Dracozolt|82/100|[from] item: Leftovers
|upkeep
|turn|4
|j| TKK112
|
|switch|p2a: Excadrill|Excadrill, M|100/100
|-ability|p2a: Excadrill|Mold Breaker
|move|p1a: Dracozolt|Dragon Claw|p2a: Excadrill
|-resisted|p2a: Excadrill
|-damage|p2a: Excadrill|62/100
|
|-heal|p2a: Excadrill|68/100|[from] item: Leftovers
|-heal|p1a: Dracozolt|88/100|[from] item: Leftovers
|upkeep
|turn|5
|
|move|p2a: Excadrill|Earthquake|p1a: Dracozolt
|-supereffective|p1a: Dracozolt
|-end|p1a: Dracozolt|Substitute
|move|p1a: Dracozolt|Fire Fang|p2a: Excadrill
|-supereffective|p2a: Excadrill
|-damage|p2a: Excadrill|0 fnt
|faint|p2a: Excadrill
|
|-heal|p1a: Dracozolt|94/100|[from] item: Leftovers
|upkeep
|
|switch|p2a: Conkeldurr|Conkeldurr, F|100/100
|turn|6
|j| L3mN
|
|switch|p1a: Corsola|Corsola-Galar, M|100/100
|move|p2a: Conkeldurr|Earthquake|p1a: Corsola
|-damage|p1a: Corsola|80/100
|-start|p2a: Conkeldurr|Disable|Earthquake|[from] ability: Cursed Body|[of] p1a: Corsola
|
|-status|p2a: Conkeldurr|brn|[from] item: Flame Orb
|upkeep
|turn|7
|
|switch|p2a: Mandibuzz|Mandibuzz, F|100/100
|move|p1a: Corsola|Stealth Rock|p2a: Mandibuzz
|-sidestart|p2: GiaDesimo|move: Stealth Rock
|
|upkeep
|turn|8
|
|switch|p1a: Dracozolt|Dracozolt|94/100
|move|p2a: Mandibuzz|Knock Off|p1a: Dracozolt
|-damage|p1a: Dracozolt|66/100
|-enditem|p1a: Dracozolt|Leftovers|[from] move: Knock Off|[of] p2a: Mandibuzz
|
|upkeep
|turn|9
|j| horadobos
|
|switch|p2a: Ferrothorn|Ferrothorn, F|99/100
|-damage|p2a: Ferrothorn|92/100|[from] Stealth Rock
|move|p1a: Dracozolt|Bolt Beak|p2a: Ferrothorn
|-resisted|p2a: Ferrothorn
|-damage|p2a: Ferrothorn|58/100
|-damage|p1a: Dracozolt|54/100|[from] ability: Iron Barbs|[of] p2a: Ferrothorn
|
|-heal|p2a: Ferrothorn|64/100|[from] item: Leftovers
|upkeep
|turn|10
|
|move|p1a: Dracozolt|Bolt Beak|p2a: Ferrothorn
|-resisted|p2a: Ferrothorn
|-damage|p2a: Ferrothorn|27/100
|-damage|p1a: Dracozolt|41/100|[from] ability: Iron Barbs|[of] p2a: Ferrothorn
|move|p2a: Ferrothorn|Power Whip|p1a: Dracozolt|[miss]
|-miss|p2a: Ferrothorn|p1a: Dracozolt
|
|-heal|p2a: Ferrothorn|33/100|[from] item: Leftovers
|upkeep
|turn|11
|
|move|p1a: Dracozolt|Bolt Beak|p2a: Ferrothorn
|-resisted|p2a: Ferrothorn
|-damage|p2a: Ferrothorn|1/100
|-damage|p1a: Dracozolt|29/100|[from] ability: Iron Barbs|[of] p2a: Ferrothorn
|move|p2a: Ferrothorn|Spikes|p1a: Dracozolt
|-sidestart|p1: Alkagen101|Spikes
|
|-heal|p2a: Ferrothorn|7/100|[from] item: Leftovers
|upkeep
|turn|12
|
|move|p1a: Dracozolt|Bolt Beak|p2a: Ferrothorn
|-resisted|p2a: Ferrothorn
|-damage|p2a: Ferrothorn|0 fnt
|-damage|p1a: Dracozolt|17/100|[from] ability: Iron Barbs|[of] p2a: Ferrothorn
|faint|p2a: Ferrothorn
|
|upkeep
|
|switch|p2a: Gengar|Gengar, F|100/100
|-damage|p2a: Gengar|88/100|[from] Stealth Rock
|-item|p2a: Gengar|Air Balloon
|turn|13
|
|switch|p1a: Corviknight|Corviknight, M|88/100
|-ability|p1a: Corviknight|Pressure
|move|p2a: Gengar|Shadow Ball|p1a: Corviknight
|-crit|p1a: Corviknight
|-damage|p1a: Corviknight|36/100
|
|-heal|p1a: Corviknight|42/100|[from] item: Leftovers
|upkeep
|turn|14
|
|move|p2a: Gengar|Nasty Plot|p2a: Gengar
|-boost|p2a: Gengar|spa|2
|move|p1a: Corviknight|Roost|p1a: Corviknight
|-heal|p1a: Corviknight|92/100
|-singleturn|p1a: Corviknight|move: Roost
|
|-heal|p1a: Corviknight|98/100|[from] item: Leftovers
|upkeep
|turn|15
|
|switch|p1a: Dracozolt|Dracozolt|17/100
|-damage|p1a: Dracozolt|4/100|[from] Spikes
|move|p2a: Gengar|Shadow Ball|p1a: Dracozolt
|-damage|p1a: Dracozolt|0 fnt
|faint|p1a: Dracozolt
|
|upkeep
|
|switch|p1a: Ditto|Ditto|100/100
|-damage|p1a: Ditto|88/100|[from] Spikes
|-transform|p1a: Ditto|p2a: Gengar|[from] ability: Imposter
|turn|16
|
|move|p1a: Ditto|Sludge Wave|p2a: Gengar
|-resisted|p2a: Gengar
|-damage|p2a: Gengar|48/100
|-enditem|p2a: Gengar|Air Balloon
|move|p2a: Gengar|Shadow Ball|p1a: Ditto
|-supereffective|p1a: Ditto
|-damage|p1a: Ditto|0 fnt
|faint|p1a: Ditto
|
|upkeep
|
|switch|p1a: Corviknight|Corviknight, M|98/100
|-ability|p1a: Corviknight|Pressure
|turn|17
|
|move|p2a: Gengar|Shadow Ball|p1a: Corviknight
|-damage|p1a: Corviknight|37/100
|move|p1a: Corviknight|Brave Bird|p2a: Gengar
|-damage|p2a: Gengar|0 fnt
|-damage|p1a: Corviknight|27/100|[from] Recoil
|faint|p2a: Gengar
|
|-heal|p1a: Corviknight|33/100|[from] item: Leftovers
|upkeep
|j|+perry
|
|switch|p2a: Kommo-o|Kommo-o, M|100/100
|-damage|p2a: Kommo-o|94/100|[from] Stealth Rock
|turn|18
|
|move|p1a: Corviknight|Roost|p1a: Corviknight
|-heal|p1a: Corviknight|83/100
|-singleturn|p1a: Corviknight|move: Roost
|move|p2a: Kommo-o|Body Press|p1a: Corviknight
|-supereffective|p1a: Corviknight
|-damage|p1a: Corviknight|15/100
|
|-heal|p1a: Corviknight|22/100|[from] item: Leftovers
|-heal|p2a: Kommo-o|100/100|[from] item: Leftovers
|upkeep
|turn|19
|
|move|p1a: Corviknight|Brave Bird|p2a: Kommo-o
|-supereffective|p2a: Kommo-o
|-crit|p2a: Kommo-o
|-damage|p2a: Kommo-o|37/100
|-damage|p1a: Corviknight|3/100|[from] Recoil
|move|p2a: Kommo-o|Body Press|p1a: Corviknight
|-damage|p1a: Corviknight|0 fnt
|faint|p1a: Corviknight
|
|-heal|p2a: Kommo-o|43/100|[from] item: Leftovers
|upkeep
|j| ahhhaaaaa
|
|switch|p1a: Toxapex|Toxapex, F|100/100
|-damage|p1a: Toxapex|88/100|[from] Spikes
|turn|20
|
|move|p2a: Kommo-o|Stealth Rock|p1a: Toxapex
|-sidestart|p1: Alkagen101|move: Stealth Rock
|move|p1a: Toxapex|Toxic|p2a: Kommo-o
|-status|p2a: Kommo-o|tox
|
|-heal|p2a: Kommo-o|50/100 tox|[from] item: Leftovers
|-damage|p2a: Kommo-o|43/100 tox|[from] psn
|upkeep
|turn|21
|
|switch|p1a: Corsola|Corsola-Galar, M|80/100
|-damage|p1a: Corsola|67/100|[from] Spikes
|-damage|p1a: Corsola|55/100|[from] Stealth Rock
|move|p2a: Kommo-o|Dragon Tail|p1a: Corsola
|-damage|p1a: Corsola|44/100
|drag|p1a: Excadrill|Excadrill, M|100/100
|-damage|p1a: Excadrill|97/100|[from] Stealth Rock
|-damage|p1a: Excadrill|85/100|[from] Spikes
|-ability|p1a: Excadrill|Mold Breaker
|
|-heal|p1a: Excadrill|91/100|[from] item: Leftovers
|-heal|p2a: Kommo-o|50/100 tox|[from] item: Leftovers
|-damage|p2a: Kommo-o|37/100 tox|[from] psn
|upkeep
|turn|22
|
|move|p1a: Excadrill|Rapid Spin|p2a: Kommo-o
|-damage|p2a: Kommo-o|26/100 tox
|-sideend|p1: Alkagen101|Spikes|[from] move: Rapid Spin|[of] p1a: Excadrill
|-sideend|p1: Alkagen101|Stealth Rock|[from] move: Rapid Spin|[of] p1a: Excadrill
|-boost|p1a: Excadrill|spe|1
|move|p2a: Kommo-o|Body Press|p1a: Excadrill
|-supereffective|p1a: Excadrill
|-damage|p1a: Excadrill|0 fnt
|faint|p1a: Excadrill
|
|-heal|p2a: Kommo-o|32/100 tox|[from] item: Leftovers
|-damage|p2a: Kommo-o|14/100 tox|[from] psn
|upkeep
|j| Jasmine55
|j| Kre_Xi
|
|switch|p1a: Corsola|Corsola-Galar, M|44/100
|turn|23
|
|move|p2a: Kommo-o|Stealth Rock|p1a: Corsola
|-sidestart|p1: Alkagen101|move: Stealth Rock
|move|p1a: Corsola|Strength Sap|p2a: Kommo-o
|-unboost|p2a: Kommo-o|atk|1
|-heal|p1a: Corsola|100/100
|
|-heal|p2a: Kommo-o|20/100 tox|[from] item: Leftovers
|-damage|p2a: Kommo-o|0 fnt|[from] psn
|faint|p2a: Kommo-o
|upkeep
|
|switch|p2a: Mandibuzz|Mandibuzz, F|100/100
|turn|24
|
|switch|p1a: Toxapex|Toxapex, F|100/100
|-damage|p1a: Toxapex|88/100|[from] Stealth Rock
|move|p2a: Mandibuzz|Knock Off|p1a: Toxapex
|-damage|p1a: Toxapex|75/100
|-enditem|p1a: Toxapex|Shed Shell|[from] move: Knock Off|[of] p2a: Mandibuzz
|
|upkeep
|turn|25
|
|move|p2a: Mandibuzz|U-turn|p1a: Toxapex
|-resisted|p1a: Toxapex
|-damage|p1a: Toxapex|71/100
|
|switch|p2a: Conkeldurr|Conkeldurr, F|100/100 brn|[from]move: U-turn
|-damage|p2a: Conkeldurr|94/100 brn|[from] Stealth Rock
|move|p1a: Toxapex|Toxic||[still]
|-fail|p1a: Toxapex
|
|-damage|p2a: Conkeldurr|88/100 brn|[from] brn
|upkeep
|turn|26
|
|switch|p1a: Corsola|Corsola-Galar, M|100/100
|-damage|p1a: Corsola|88/100|[from] Stealth Rock
|move|p2a: Conkeldurr|Earthquake|p1a: Corsola
|-damage|p1a: Corsola|58/100
|
|-damage|p2a: Conkeldurr|82/100 brn|[from] brn
|upkeep
|turn|27
|
|switch|p2a: Mandibuzz|Mandibuzz, F|100/100
|move|p1a: Corsola|Strength Sap|p2a: Mandibuzz
|-unboost|p2a: Mandibuzz|atk|1
|-heal|p1a: Corsola|100/100
|
|upkeep
|turn|28
|j| Stall is coming
|l| Kre_Xi
|j| Arnaud senju vgc
|
|switch|p1a: Toxapex|Toxapex, F|100/100
|-damage|p1a: Toxapex|88/100|[from] Stealth Rock
|move|p2a: Mandibuzz|U-turn|p1a: Toxapex
|-resisted|p1a: Toxapex
|-crit|p1a: Toxapex
|-damage|p1a: Toxapex|83/100
|
|switch|p2a: Conkeldurr|Conkeldurr, F|82/100 brn|[from]move: U-turn
|-damage|p2a: Conkeldurr|76/100 brn|[from] Stealth Rock
|
|-damage|p2a: Conkeldurr|70/100 brn|[from] brn
|upkeep
|turn|29
|
|switch|p2a: Mandibuzz|Mandibuzz, F|100/100
|switch|p1a: Corsola|Corsola-Galar, M|100/100
|-damage|p1a: Corsola|88/100|[from] Stealth Rock
|
|upkeep
|turn|30
|
|switch|p1a: Toxapex|Toxapex, F|100/100
|-damage|p1a: Toxapex|88/100|[from] Stealth Rock
|move|p2a: Mandibuzz|U-turn|p1a: Toxapex
|-resisted|p1a: Toxapex
|-damage|p1a: Toxapex|85/100
|
|switch|p2a: Conkeldurr|Conkeldurr, F|70/100 brn|[from]move: U-turn
|-damage|p2a: Conkeldurr|64/100 brn|[from] Stealth Rock
|
|-damage|p2a: Conkeldurr|57/100 brn|[from] brn
|upkeep
|turn|31
|
|switch|p2a: Mandibuzz|Mandibuzz, F|100/100
|switch|p1a: Corsola|Corsola-Galar, M|88/100
|-damage|p1a: Corsola|76/100|[from] Stealth Rock
|
|upkeep
|turn|32
|
|switch|p1a: Toxapex|Toxapex, F|100/100
|-damage|p1a: Toxapex|88/100|[from] Stealth Rock
|move|p2a: Mandibuzz|Knock Off|p1a: Toxapex
|-damage|p1a: Toxapex|79/100
|
|upkeep
|turn|33
|
|move|p2a: Mandibuzz|U-turn|p1a: Toxapex
|-resisted|p1a: Toxapex
|-damage|p1a: Toxapex|75/100
|
|switch|p2a: Conkeldurr|Conkeldurr, F|57/100 brn|[from]move: U-turn
|-damage|p2a: Conkeldurr|51/100 brn|[from] Stealth Rock
|move|p1a: Toxapex|Scald|p2a: Conkeldurr
|-damage|p2a: Conkeldurr|28/100 brn
|
|-damage|p2a: Conkeldurr|22/100 brn|[from] brn
|upkeep
|turn|34
|
|switch|p1a: Corsola|Corsola-Galar, M|76/100
|-damage|p1a: Corsola|63/100|[from] Stealth Rock
|move|p2a: Conkeldurr|Earthquake|p1a: Corsola
|-damage|p1a: Corsola|32/100
|
|-damage|p2a: Conkeldurr|16/100 brn|[from] brn
|upkeep
|turn|35
|
|move|p2a: Conkeldurr|Earthquake|p1a: Corsola
|-damage|p1a: Corsola|0 fnt
|faint|p1a: Corsola
|
|-damage|p2a: Conkeldurr|9/100 brn|[from] brn
|upkeep
|
|switch|p1a: Toxapex|Toxapex, F|100/100
|-damage|p1a: Toxapex|88/100|[from] Stealth Rock
|turn|36
|
|move|p2a: Conkeldurr|Earthquake|p1a: Toxapex
|-supereffective|p1a: Toxapex
|-damage|p1a: Toxapex|12/100
|move|p1a: Toxapex|Scald|p2a: Conkeldurr
|-damage|p2a: Conkeldurr|0 fnt
|faint|p2a: Conkeldurr
|
|upkeep
|
|switch|p2a: Mandibuzz|Mandibuzz, F|100/100
|turn|37
|
|move|p2a: Mandibuzz|Knock Off|p1a: Toxapex
|-damage|p1a: Toxapex|2/100
|move|p1a: Toxapex|Recover|p1a: Toxapex
|-heal|p1a: Toxapex|53/100
|
|upkeep
|turn|38
|c|☆GiaDesimo|gg
|
|move|p2a: Mandibuzz|U-turn|p1a: Toxapex
|-resisted|p1a: Toxapex
|-damage|p1a: Toxapex|49/100
|move|p1a: Toxapex|Recover|p1a: Toxapex
|-heal|p1a: Toxapex|99/100
|
|upkeep
|turn|39
|
|move|p2a: Mandibuzz|U-turn|p1a: Toxapex
|-resisted|p1a: Toxapex
|-damage|p1a: Toxapex|96/100
|move|p1a: Toxapex|Toxic|p2a: Mandibuzz
|-status|p2a: Mandibuzz|tox
|
|-damage|p2a: Mandibuzz|94/100 tox|[from] psn
|upkeep
|turn|40
|-message|GiaDesimo forfeited.
|
|win|Alkagen101
|l| horadobos
|raw|Alkagen101's rating: 1757 → 1784(+27 for winning)
|raw|GiaDesimo's rating: 1876 → 1849(-27 for losing)
|l|☆GiaDesimo
