|ScrapeTime|2020-01-02-05:15:02
|j|☆4.6.T.
|j|☆Flippersjosh
|player|p1|4.6.T.|102|1219
|player|p2|Flippersjosh|lucas-gen4pt|1258
|teamsize|p1|6
|teamsize|p2|6
|gametype|singles
|gen|8
|tier|[Gen 8] OU
|rated|
|rule|Sleep Clause Mod: Limit one foe put to sleep
|rule|Species Clause: Limit one of each Pokémon
|rule|OHKO Clause: OHKO moves are banned
|rule|Evasion Moves Clause: Evasion moves are banned
|rule|Endless Battle Clause: Forcing endless battles is banned
|rule|HP Percentage Mod: HP is shown in percentages
|clearpoke
|poke|p1|Corviknight, M|
|poke|p1|Seismitoad, M|
|poke|p1|Sylveon, F|
|poke|p1|Dracovish|
|poke|p1|Aegislash, M|
|poke|p1|Hydreigon, F|
|poke|p2|Ninetales, M|
|poke|p2|Shiftry, M|
|poke|p2|Dugtrio, M|
|poke|p2|Hatterene, F|
|poke|p2|Grimmsnarl, M|
|poke|p2|Dragapult, M|
|rule|Dynamax Clause: You cannot dynamax
|teampreview
|inactive|Battle timer is ON: inactive players will automatically lose when time's up. (requested by Flippersjosh)
|
|start
|switch|p1a: Dracovish|Dracovish|100/100
|switch|p2a: Ninetales|Ninetales, M, shiny|100/100
|-weather|SunnyDay|[from] ability: Drought|[of] p2a: Ninetales
|turn|1
|
|move|p1a: Dracovish|Fishious Rend|p2a: Ninetales
|-supereffective|p2a: Ninetales
|-damage|p2a: Ninetales|0 fnt
|faint|p2a: Ninetales
|
|-weather|SunnyDay|[upkeep]
|upkeep
|c|☆4.6.T.|LMAO GO OFF VISH
|
|switch|p2a: Shiftry|Shiftry, M|100/100
|turn|2
|
|switch|p1a: Corviknight|Corviknight, M|100/100
|-ability|p1a: Corviknight|Pressure
|move|p2a: Shiftry|Growth|p2a: Shiftry
|-boost|p2a: Shiftry|atk|2
|-boost|p2a: Shiftry|spa|2
|
|-weather|SunnyDay|[upkeep]
|upkeep
|turn|3
|
|move|p2a: Shiftry|Heat Wave|p1a: Corviknight
|-supereffective|p1a: Corviknight
|-damage|p1a: Corviknight|0 fnt
|-damage|p2a: Shiftry|91/100|[from] item: Life Orb
|faint|p1a: Corviknight
|
|-weather|SunnyDay|[upkeep]
|upkeep
|c|☆4.6.T.|damn this mon kinda a freak
|
|switch|p1a: Sylveon|Sylveon, F|100/100
|turn|4
|
|move|p1a: Sylveon|Protect|p1a: Sylveon
|-singleturn|p1a: Sylveon|Protect
|move|p2a: Shiftry|Solar Blade||[still]
|-prepare|p2a: Shiftry|Solar Blade|p1a: Sylveon
|-anim|p2a: Shiftry|Solar Blade|p1a: Sylveon
|-activate|p1a: Sylveon|move: Protect
|
|-weather|SunnyDay|[upkeep]
|upkeep
|turn|5
|
|move|p2a: Shiftry|Solar Blade||[still]
|-prepare|p2a: Shiftry|Solar Blade|p1a: Sylveon
|-anim|p2a: Shiftry|Solar Blade|p1a: Sylveon
|-crit|p1a: Sylveon
|-damage|p1a: Sylveon|0 fnt
|-damage|p2a: Shiftry|81/100|[from] item: Life Orb
|faint|p1a: Sylveon
|
|-weather|SunnyDay|[upkeep]
|upkeep
|
|switch|p1a: Hydreigon|Hydreigon, F|100/100
|turn|6
|
|move|p2a: Shiftry|Solar Blade||[still]
|-prepare|p2a: Shiftry|Solar Blade|p1a: Hydreigon
|-anim|p2a: Shiftry|Solar Blade|p1a: Hydreigon
|-resisted|p1a: Hydreigon
|-damage|p1a: Hydreigon|15/100
|-damage|p2a: Shiftry|71/100|[from] item: Life Orb
|move|p1a: Hydreigon|Draco Meteor|p2a: Shiftry
|-damage|p2a: Shiftry|0 fnt
|-unboost|p1a: Hydreigon|spa|2
|-damage|p1a: Hydreigon|5/100|[from] item: Life Orb
|faint|p2a: Shiftry
|
|-weather|SunnyDay|[upkeep]
|upkeep
|
|switch|p2a: Dragapult|Dragapult, M|100/100
|turn|7
|
|move|p2a: Dragapult|Substitute|p2a: Dragapult
|-start|p2a: Dragapult|Substitute
|-damage|p2a: Dragapult|76/100
|move|p1a: Hydreigon|Dark Pulse|p2a: Dragapult
|-supereffective|p2a: Dragapult
|-end|p2a: Dragapult|Substitute
|-damage|p1a: Hydreigon|0 fnt|[from] item: Life Orb
|faint|p1a: Hydreigon
|
|-weather|SunnyDay|[upkeep]
|upkeep
|
|switch|p1a: Aegislash|Aegislash, M|100/100
|turn|8
|
|move|p2a: Dragapult|Phantom Force||[still]
|-prepare|p2a: Dragapult|Phantom Force|p1a: Aegislash
|-formechange|p1a: Aegislash|Aegislash-Blade||[from] ability: Stance Change
|move|p1a: Aegislash|Flash Cannon|p2a: Dragapult|[miss]
|-miss|p1a: Aegislash|p2a: Dragapult
|
|-weather|none
|upkeep
|turn|9
|c|☆4.6.T.|god always with the stupid ass sets
|
|switch|p1a: Dracovish|Dracovish|100/100
|move|p2a: Dragapult|Phantom Force|p1a: Dracovish|[from]lockedmove
|-damage|p1a: Dracovish|51/100
|
|upkeep
|turn|10
|
|switch|p2a: Grimmsnarl|Grimmsnarl, M|100/100
|move|p1a: Dracovish|Outrage|p2a: Grimmsnarl
|-immune|p2a: Grimmsnarl
|
|upkeep
|turn|11
|
|switch|p1a: Seismitoad|Seismitoad, M|100/100
|move|p2a: Grimmsnarl|Reflect|p2a: Grimmsnarl
|-sidestart|p2: Flippersjosh|Reflect
|
|upkeep
|turn|12
|
|move|p2a: Grimmsnarl|Taunt|p1a: Seismitoad
|-start|p1a: Seismitoad|move: Taunt
|cant|p1a: Seismitoad|move: Taunt|Stealth Rock
|
|upkeep
|turn|13
|
|move|p2a: Grimmsnarl|Light Screen|p2a: Grimmsnarl
|-sidestart|p2: Flippersjosh|move: Light Screen
|move|p1a: Seismitoad|Scald|p2a: Grimmsnarl
|-damage|p2a: Grimmsnarl|92/100
|-status|p2a: Grimmsnarl|brn
|
|-damage|p2a: Grimmsnarl|86/100 brn|[from] brn
|upkeep
|turn|14
|
|switch|p2a: Dugtrio|Dugtrio, M, shiny|100/100
|move|p1a: Seismitoad|Earth Power|p2a: Dugtrio
|-damage|p2a: Dugtrio|72/100
|
|-end|p1a: Seismitoad|move: Taunt
|upkeep
|turn|15
|
|move|p2a: Dugtrio|Memento|p1a: Seismitoad
|-unboost|p1a: Seismitoad|atk|2
|-unboost|p1a: Seismitoad|spa|2
|faint|p2a: Dugtrio
|move|p1a: Seismitoad|Scald|p2: Dugtrio|[notarget]
|-fail|p1a: Seismitoad
|
|upkeep
|
|switch|p2a: Dragapult|Dragapult, M|76/100
|turn|16
|
|switch|p1a: Dracovish|Dracovish|51/100
|move|p2a: Dragapult|Substitute|p2a: Dragapult
|-start|p2a: Dragapult|Substitute
|-damage|p2a: Dragapult|51/100
|
|upkeep
|turn|17
|c|☆Flippersjosh|Lolol
|
|move|p1a: Dracovish|Outrage|p2a: Dragapult
|-supereffective|p2a: Dragapult
|-end|p2a: Dragapult|Substitute
|move|p2a: Dragapult|Dragon Dance|p2a: Dragapult
|-boost|p2a: Dragapult|atk|1
|-boost|p2a: Dragapult|spe|1
|
|upkeep
|turn|18
|
|move|p2a: Dragapult|Dragon Darts|p1a: Dracovish
|-supereffective|p1a: Dracovish
|-damage|p1a: Dracovish|0 fnt
|-hitcount|p1a: Dracovish|1
|faint|p1a: Dracovish
|
|-sideend|p2: Flippersjosh|Reflect
|upkeep
|
|switch|p1a: Seismitoad|Seismitoad, M|100/100
|turn|19
|
|move|p2a: Dragapult|Substitute|p2a: Dragapult
|-start|p2a: Dragapult|Substitute
|-damage|p2a: Dragapult|26/100
|move|p1a: Seismitoad|Earth Power|p2a: Dragapult
|-activate|p2a: Dragapult|move: Substitute|[damage]
|
|upkeep
|turn|20
|
|move|p2a: Dragapult|Dragon Darts|p1a: Seismitoad
|-damage|p1a: Seismitoad|71/100
|-damage|p1a: Seismitoad|42/100
|-hitcount|p1a: Seismitoad|2
|move|p1a: Seismitoad|Earth Power|p2a: Dragapult
|-end|p2a: Dragapult|Substitute
|
|-heal|p1a: Seismitoad|48/100|[from] item: Leftovers
|-sideend|p2: Flippersjosh|move: Light Screen
|upkeep
|turn|21
|
|move|p2a: Dragapult|Substitute|p2a: Dragapult
|-start|p2a: Dragapult|Substitute
|-damage|p2a: Dragapult|1/100
|-enditem|p2a: Dragapult|Liechi Berry|[eat]
|-boost|p2a: Dragapult|atk|1
|move|p1a: Seismitoad|Earth Power|p2a: Dragapult
|-end|p2a: Dragapult|Substitute
|
|-heal|p1a: Seismitoad|54/100|[from] item: Leftovers
|upkeep
|turn|22
|
|move|p2a: Dragapult|Phantom Force||[still]
|-prepare|p2a: Dragapult|Phantom Force|p1a: Seismitoad
|move|p1a: Seismitoad|Earth Power|p2a: Dragapult|[miss]
|-miss|p1a: Seismitoad|p2a: Dragapult
|
|-heal|p1a: Seismitoad|60/100|[from] item: Leftovers
|upkeep
|turn|23
|
|move|p2a: Dragapult|Phantom Force|p1a: Seismitoad|[from]lockedmove
|-damage|p1a: Seismitoad|0 fnt
|faint|p1a: Seismitoad
|
|upkeep
|
|switch|p1a: Aegislash|Aegislash, M|100/100
|turn|24
|
|move|p2a: Dragapult|Phantom Force||[still]
|-prepare|p2a: Dragapult|Phantom Force|p1a: Aegislash
|-formechange|p1a: Aegislash|Aegislash-Blade||[from] ability: Stance Change
|move|p1a: Aegislash|Flash Cannon|p2a: Dragapult|[miss]
|-miss|p1a: Aegislash|p2a: Dragapult
|
|upkeep
|turn|25
|
|move|p2a: Dragapult|Phantom Force|p1a: Aegislash|[from]lockedmove
|-supereffective|p1a: Aegislash
|-damage|p1a: Aegislash|0 fnt
|faint|p1a: Aegislash
|
|win|Flippersjosh
|raw|4.6.T.'s rating: 1219 → 1197(-22 for losing)
|raw|Flippersjosh's rating: 1258 → 1280(+22 for winning)
