|ScrapeTime|2020-01-01-19:35:17
|j|☆oiolamigo
|j|☆Noyoshu
|player|p1|oiolamigo|102|1000
|player|p2|Noyoshu|266|1061
|teamsize|p1|6
|teamsize|p2|6
|gametype|singles
|gen|8
|tier|[Gen 8] OU
|rated|
|rule|Sleep Clause Mod: Limit one foe put to sleep
|rule|Species Clause: Limit one of each Pokémon
|rule|OHKO Clause: OHKO moves are banned
|rule|Evasion Moves Clause: Evasion moves are banned
|rule|Endless Battle Clause: Forcing endless battles is banned
|rule|HP Percentage Mod: HP is shown in percentages
|clearpoke
|poke|p1|Arctovish|
|poke|p1|Dragapult, M|
|poke|p1|Grimmsnarl, M|
|poke|p1|Corviknight, F|
|poke|p1|Centiskorch, M|
|poke|p1|Boltund, F|
|poke|p2|Dragapult, M|
|poke|p2|Mimikyu, F|
|poke|p2|Dracovish|
|poke|p2|Toxtricity-Low-Key, F|
|poke|p2|Corviknight, F|
|poke|p2|Cinderace, M|
|rule|Dynamax Clause: You cannot dynamax
|teampreview
|c|☆Noyoshu|hi
|inactive|Battle timer is ON: inactive players will automatically lose when time's up. (requested by oiolamigo)
|
|start
|switch|p1a: Corviknight|Corviknight, F|100/100
|switch|p2a: Dragapult|Dragapult, M, shiny|100/100
|turn|1
|
|move|p2a: Dragapult|Fire Blast|p1a: Corviknight
|-supereffective|p1a: Corviknight
|-damage|p1a: Corviknight|36/100
|move|p1a: Corviknight|Tailwind|p1a: Corviknight
|-sidestart|p1: oiolamigo|move: Tailwind
|
|upkeep
|turn|2
|
|switch|p1a: Dragapult|Dragapult, M|100/100
|move|p2a: Dragapult|Fire Blast|p1a: Dragapult
|-resisted|p1a: Dragapult
|-damage|p1a: Dragapult|88/100
|
|upkeep
|turn|3
|
|switch|p2a: Dracovish|Dracovish, shiny|100/100
|move|p1a: Dragapult|Dragon Darts|p2a: Dracovish
|-supereffective|p2a: Dracovish
|-damage|p2a: Dracovish|48/100
|-supereffective|p2a: Dracovish
|-crit|p2a: Dracovish
|-damage|p2a: Dracovish|0 fnt
|-hitcount|p2a: Dracovish|2
|faint|p2a: Dracovish
|
|upkeep
|
|switch|p2a: Corviknight|Corviknight, F, shiny|100/100
|turn|4
|
|move|p1a: Dragapult|U-turn|p2a: Corviknight
|-resisted|p2a: Corviknight
|-damage|p2a: Corviknight|96/100
|
|switch|p1a: Boltund|Boltund, F|100/100|[from]move: U-turn
|move|p2a: Corviknight|Brave Bird|p1a: Boltund
|-resisted|p1a: Boltund
|-damage|p1a: Boltund|63/100
|-damage|p2a: Corviknight|86/100|[from] Recoil
|
|-heal|p2a: Corviknight|92/100|[from] item: Leftovers
|-sideend|p1: oiolamigo|move: Tailwind
|upkeep
|turn|5
|
|switch|p2a: Toxtricity|Toxtricity-Low-Key, F|100/100
|move|p1a: Boltund|Thunder Fang|p2a: Toxtricity
|-resisted|p2a: Toxtricity
|-damage|p2a: Toxtricity|55/100
|
|upkeep
|turn|6
|
|switch|p1a: Dragapult|Dragapult, M|88/100
|move|p2a: Toxtricity|Boomburst|p1a: Dragapult
|-immune|p1a: Dragapult
|
|upkeep
|turn|7
|
|switch|p2a: Cinderace|Cinderace, M|100/100
|move|p1a: Dragapult|U-turn|p2a: Cinderace
|-resisted|p2a: Cinderace
|-damage|p2a: Cinderace|85/100
|
|switch|p1a: Corviknight|Corviknight, F|36/100|[from]move: U-turn
|
|upkeep
|turn|8
|
|switch|p1a: Centiskorch|Centiskorch, M|100/100
|move|p2a: Cinderace|Pyro Ball|p1a: Centiskorch
|-start|p1a: Centiskorch|ability: Flash Fire
|
|upkeep
|turn|9
|
|switch|p2a: Mimikyu|Mimikyu, F, shiny|100/100
|move|p1a: Centiskorch|Knock Off|p2a: Mimikyu
|-activate|p2a: Mimikyu|ability: Disguise
|-damage|p2a: Mimikyu|100/100
|-enditem|p2a: Mimikyu|Life Orb|[from] move: Knock Off|[of] p1a: Centiskorch
|detailschange|p2a: Mimikyu|Mimikyu-Busted, F, shiny
|-damage|p2a: Mimikyu|88/100|[from] ability: Disguise|[of] p2a: Mimikyu
|
|upkeep
|turn|10
|
|move|p2a: Mimikyu|Play Rough|p1a: Centiskorch
|-resisted|p1a: Centiskorch
|-damage|p1a: Centiskorch|81/100
|move|p1a: Centiskorch|Flare Blitz|p2a: Mimikyu
|-damage|p2a: Mimikyu|0 fnt
|-damage|p1a: Centiskorch|58/100|[from] Recoil
|faint|p2a: Mimikyu
|
|upkeep
|
|switch|p2a: Dragapult|Dragapult, M, shiny|100/100
|turn|11
|
|-end|p1a: Centiskorch|ability: Flash Fire|[silent]
|switch|p1a: Grimmsnarl|Grimmsnarl, M|100/100
|move|p2a: Dragapult|Fire Blast|p1a: Grimmsnarl
|-damage|p1a: Grimmsnarl|67/100
|
|upkeep
|turn|12
|
|switch|p2a: Toxtricity|Toxtricity-Low-Key, F|55/100
|move|p1a: Grimmsnarl|Thunder Wave|p2a: Toxtricity
|-immune|p2a: Toxtricity
|
|upkeep
|turn|13
|
|move|p1a: Grimmsnarl|Sucker Punch|p2a: Toxtricity
|-crit|p2a: Toxtricity
|-damage|p2a: Toxtricity|0 fnt
|faint|p2a: Toxtricity
|
|upkeep
|
|switch|p2a: Cinderace|Cinderace, M|85/100
|turn|14
|
|move|p1a: Grimmsnarl|Reflect|p1a: Grimmsnarl
|-sidestart|p1: oiolamigo|Reflect
|move|p2a: Cinderace|High Jump Kick|p1a: Grimmsnarl
|-damage|p1a: Grimmsnarl|41/100
|
|upkeep
|turn|15
|
|move|p1a: Grimmsnarl|Thunder Wave|p2a: Cinderace
|-status|p2a: Cinderace|par
|move|p2a: Cinderace|High Jump Kick|p1a: Grimmsnarl|[miss]
|-miss|p2a: Cinderace|p1a: Grimmsnarl
|-damage|p2a: Cinderace|35/100 par|[from] highjumpkick
|
|upkeep
|turn|16
|
|switch|p1a: Dragapult|Dragapult, M|88/100
|move|p2a: Cinderace|High Jump Kick|p1a: Dragapult
|-immune|p1a: Dragapult
|-damage|p2a: Cinderace|0 fnt|[from] highjumpkick
|faint|p2a: Cinderace
|
|upkeep
|
|switch|p2a: Corviknight|Corviknight, F, shiny|92/100
|turn|17
|
|move|p1a: Dragapult|U-turn|p2a: Corviknight
|-resisted|p2a: Corviknight
|-damage|p2a: Corviknight|87/100
|
|switch|p1a: Boltund|Boltund, F|63/100|[from]move: U-turn
|move|p2a: Corviknight|Brave Bird|p1a: Boltund
|-resisted|p1a: Boltund
|-damage|p1a: Boltund|44/100
|-damage|p2a: Corviknight|82/100|[from] Recoil
|
|-heal|p2a: Corviknight|88/100|[from] item: Leftovers
|upkeep
|turn|18
|
|move|p1a: Boltund|Thunder Fang|p2a: Corviknight
|-supereffective|p2a: Corviknight
|-damage|p2a: Corviknight|0 fnt
|faint|p2a: Corviknight
|
|upkeep
|
|switch|p2a: Dragapult|Dragapult, M, shiny|100/100
|turn|19
|
|switch|p1a: Grimmsnarl|Grimmsnarl, M|41/100
|move|p2a: Dragapult|Fire Blast|p1a: Grimmsnarl
|-damage|p1a: Grimmsnarl|8/100
|
|upkeep
|turn|20
|
|move|p1a: Grimmsnarl|Thunder Wave|p2a: Dragapult
|-status|p2a: Dragapult|par
|move|p2a: Dragapult|Fire Blast|p1a: Grimmsnarl|[miss]
|-miss|p2a: Dragapult|p1a: Grimmsnarl
|
|upkeep
|turn|21
|
|move|p1a: Grimmsnarl|Sucker Punch|p2a: Dragapult
|-supereffective|p2a: Dragapult
|-damage|p2a: Dragapult|24/100 par
|move|p2a: Dragapult|Fire Blast|p1a: Grimmsnarl
|-damage|p1a: Grimmsnarl|0 fnt
|faint|p1a: Grimmsnarl
|
|-sideend|p1: oiolamigo|Reflect
|upkeep
|c|☆Noyoshu|gg
|
|switch|p1a: Centiskorch|Centiskorch, M|58/100
|turn|22
|c|☆Noyoshu|im ded
|
|move|p1a: Centiskorch|Knock Off|p2a: Dragapult
|-supereffective|p2a: Dragapult
|-damage|p2a: Dragapult|0 fnt
|-enditem|p2a: Dragapult|Choice Band|[from] move: Knock Off|[of] p1a: Centiskorch
|faint|p2a: Dragapult
|
|win|oiolamigo
|raw|oiolamigo's rating: 1046 → 1081(+35 for winning)
|raw|Noyoshu's rating: 1061 → 1041(-20 for losing)
