|ScrapeTime|2020-01-02-23:48:31
|j|☆MASTERCELO456
|j|☆Blaxophone
|player|p1|MASTERCELO456|red|1259
|player|p2|Blaxophone|102|1223
|teamsize|p1|6
|teamsize|p2|6
|gametype|singles
|gen|8
|tier|[Gen 8] OU
|rated|
|rule|Sleep Clause Mod: Limit one foe put to sleep
|rule|Species Clause: Limit one of each Pokémon
|rule|OHKO Clause: OHKO moves are banned
|rule|Evasion Moves Clause: Evasion moves are banned
|rule|Endless Battle Clause: Forcing endless battles is banned
|rule|HP Percentage Mod: HP is shown in percentages
|clearpoke
|poke|p1|Rillaboom, F|
|poke|p1|Cinderace, F|
|poke|p1|Ferrothorn, M|
|poke|p1|Rapidash-Galar, F|
|poke|p1|Quagsire, F|
|poke|p1|Seismitoad, M|
|poke|p2|Charizard, M|
|poke|p2|Chandelure, M|
|poke|p2|Excadrill, M|
|poke|p2|Cinderace, M|
|poke|p2|Ninetales, F|
|poke|p2|Vaporeon, F|
|rule|Dynamax Clause: You cannot dynamax
|teampreview
|inactive|Battle timer is ON: inactive players will automatically lose when time's up. (requested by MASTERCELO456)
|
|start
|switch|p1a: Cinderace|Cinderace, F|100/100
|switch|p2a: Ninetales|Ninetales, F|100/100
|-weather|SunnyDay|[from] ability: Drought|[of] p2a: Ninetales
|turn|1
|
|switch|p2a: Chandelure|Chandelure, M|100/100
|move|p1a: Cinderace|Gunk Shot|p2a: Chandelure|[miss]
|-miss|p1a: Cinderace|p2a: Chandelure
|
|-weather|SunnyDay|[upkeep]
|upkeep
|turn|2
|c|☆MASTERCELO456|kk
|
|move|p1a: Cinderace|Gunk Shot|p2a: Chandelure
|-resisted|p2a: Chandelure
|-damage|p2a: Chandelure|72/100
|move|p2a: Chandelure|Energy Ball|p1a: Cinderace
|-resisted|p1a: Cinderace
|-crit|p1a: Cinderace
|-damage|p1a: Cinderace|46/100
|
|-weather|SunnyDay|[upkeep]
|upkeep
|turn|3
|
|switch|p2a: Excadrill|Excadrill, M|100/100
|-ability|p2a: Excadrill|Mold Breaker
|-item|p2a: Excadrill|Air Balloon
|move|p1a: Cinderace|Gunk Shot|p2a: Excadrill
|-immune|p2a: Excadrill
|
|-weather|SunnyDay|[upkeep]
|upkeep
|turn|4
|
|switch|p1a: Rillaboom|Rillaboom, F|100/100
|move|p2a: Excadrill|Swords Dance|p2a: Excadrill
|-boost|p2a: Excadrill|atk|2
|
|-weather|SunnyDay|[upkeep]
|upkeep
|turn|5
|
|move|p2a: Excadrill|Rapid Spin|p1a: Rillaboom
|-damage|p1a: Rillaboom|79/100
|-boost|p2a: Excadrill|spe|1
|move|p1a: Rillaboom|Drum Beating|p2a: Excadrill
|-damage|p2a: Excadrill|55/100
|-enditem|p2a: Excadrill|Air Balloon
|-unboost|p2a: Excadrill|spe|1
|
|-weather|SunnyDay|[upkeep]
|-heal|p1a: Rillaboom|85/100|[from] item: Leftovers
|upkeep
|turn|6
|j| Brunette Blonde
|
|move|p2a: Excadrill|Iron Head|p1a: Rillaboom
|-damage|p1a: Rillaboom|31/100
|move|p1a: Rillaboom|Drain Punch|p2a: Excadrill
|-supereffective|p2a: Excadrill
|-damage|p2a: Excadrill|0 fnt
|-heal|p1a: Rillaboom|56/100|[from] drain|[of] p2a: Excadrill
|faint|p2a: Excadrill
|
|-weather|SunnyDay|[upkeep]
|-heal|p1a: Rillaboom|62/100|[from] item: Leftovers
|upkeep
|
|switch|p2a: Charizard|Charizard, M|100/100
|turn|7
|l| Brunette Blonde
|
|switch|p1a: Seismitoad|Seismitoad, M|100/100
|move|p2a: Charizard|Fire Blast|p1a: Seismitoad
|-resisted|p1a: Seismitoad
|-damage|p1a: Seismitoad|43/100
|
|-weather|SunnyDay|[upkeep]
|-damage|p2a: Charizard|88/100|[from] ability: Solar Power|[of] p2a: Charizard
|-heal|p1a: Seismitoad|49/100|[from] item: Leftovers
|upkeep
|turn|8
|
|move|p2a: Charizard|Fire Blast|p1a: Seismitoad
|-resisted|p1a: Seismitoad
|-damage|p1a: Seismitoad|0 fnt
|faint|p1a: Seismitoad
|
|-weather|none
|upkeep
|
|switch|p1a: Rapidash|Rapidash-Galar, F, shiny|100/100
|turn|9
|
|switch|p2a: Ninetales|Ninetales, F|100/100
|-weather|SunnyDay|[from] ability: Drought|[of] p2a: Ninetales
|move|p1a: Rapidash|Zen Headbutt|p2a: Ninetales
|-damage|p2a: Ninetales|22/100
|-damage|p1a: Rapidash|91/100|[from] item: Life Orb
|
|-weather|SunnyDay|[upkeep]
|upkeep
|turn|10
|
|move|p2a: Ninetales|Will-O-Wisp|p1a: Rapidash
|-status|p1a: Rapidash|brn
|move|p1a: Rapidash|Zen Headbutt|p2a: Ninetales
|-damage|p2a: Ninetales|0 fnt
|-damage|p1a: Rapidash|81/100 brn|[from] item: Life Orb
|faint|p2a: Ninetales
|
|-weather|SunnyDay|[upkeep]
|-damage|p1a: Rapidash|75/100 brn|[from] brn
|upkeep
|
|switch|p2a: Charizard|Charizard, M|88/100
|turn|11
|
|move|p2a: Charizard|Fire Blast|p1a: Rapidash
|-damage|p1a: Rapidash|0 fnt
|faint|p1a: Rapidash
|
|-weather|SunnyDay|[upkeep]
|-damage|p2a: Charizard|76/100|[from] ability: Solar Power|[of] p2a: Charizard
|upkeep
|inactive|MASTERCELO456 has 120 seconds left.
|
|switch|p1a: Cinderace|Cinderace, F|46/100
|turn|12
|
|switch|p2a: Chandelure|Chandelure, M|72/100
|move|p1a: Cinderace|Pyro Ball|p2a: Chandelure
|-start|p2a: Chandelure|ability: Flash Fire
|
|-weather|SunnyDay|[upkeep]
|upkeep
|turn|13
|
|switch|p1a: Quagsire|Quagsire, F, shiny|100/100
|move|p2a: Chandelure|Fire Blast|p1a: Quagsire
|-resisted|p1a: Quagsire
|-damage|p1a: Quagsire|0 fnt
|faint|p1a: Quagsire
|
|-weather|SunnyDay|[upkeep]
|upkeep
|-message|MASTERCELO456 forfeited.
|
|win|Blaxophone
|l|☆MASTERCELO456
|raw|MASTERCELO456's rating: 1280 → 1252(-28 for losing)
|raw|Blaxophone's rating: 1246 → 1273(+27 for winning)
