|ScrapeTime|2020-01-02-02:18:41
|j|☆piplie31
|j|☆taught him
|player|p1|piplie31|169|1208
|player|p2|taught him|dawn|1165
|teamsize|p1|6
|teamsize|p2|6
|gametype|singles
|gen|8
|tier|[Gen 8] OU
|rated|
|rule|Sleep Clause Mod: Limit one foe put to sleep
|rule|Species Clause: Limit one of each Pokémon
|rule|OHKO Clause: OHKO moves are banned
|rule|Evasion Moves Clause: Evasion moves are banned
|rule|Endless Battle Clause: Forcing endless battles is banned
|rule|HP Percentage Mod: HP is shown in percentages
|clearpoke
|poke|p1|Gyarados, M|
|poke|p1|Hydreigon, M|
|poke|p1|Dragapult, F|
|poke|p1|Toxapex, M|
|poke|p1|Tyranitar, M|
|poke|p1|Corviknight, F|
|poke|p2|Cinderace, M|
|poke|p2|Corviknight, F|
|poke|p2|Seismitoad, M|
|poke|p2|Dragapult, M|
|poke|p2|Excadrill, F|
|poke|p2|Hippowdon, M|
|rule|Dynamax Clause: You cannot dynamax
|teampreview
|
|start
|switch|p1a: Tyranitar|Tyranitar, M|100/100
|switch|p2a: Hippowdon|Hippowdon, M|100/100
|-weather|Sandstorm|[from] ability: Sand Stream|[of] p1a: Tyranitar
|turn|1
|inactive|Battle timer is ON: inactive players will automatically lose when time's up. (requested by taught him)
|
|move|p1a: Tyranitar|Stealth Rock|p2a: Hippowdon
|-sidestart|p2: taught him|move: Stealth Rock
|move|p2a: Hippowdon|Yawn|p1a: Tyranitar
|-start|p1a: Tyranitar|move: Yawn|[of] p2a: Hippowdon
|
|-weather|Sandstorm|[upkeep]
|upkeep
|turn|2
|
|switch|p1a: Corviknight|Corviknight, F|100/100
|-ability|p1a: Corviknight|Pressure
|switch|p2a: Cinderace|Cinderace, M|100/100
|
|-weather|Sandstorm|[upkeep]
|-damage|p2a: Cinderace|95/100|[from] Sandstorm
|upkeep
|turn|3
|
|switch|p1a: Toxapex|Toxapex, M|100/100
|move|p2a: Cinderace|Court Change|p2a: Cinderace
|-sideend|p2: taught him|Stealth Rock|[silent]
|-sidestart|p1: piplie31|Stealth Rock|[silent]
|-activate|p2a: Cinderace|move: Court Change
|
|-weather|Sandstorm|[upkeep]
|-damage|p2a: Cinderace|89/100|[from] Sandstorm
|-damage|p1a: Toxapex|95/100|[from] Sandstorm
|-heal|p1a: Toxapex|100/100|[from] item: Black Sludge
|upkeep
|turn|4
|
|switch|p2a: Excadrill|Excadrill, F|100/100
|move|p1a: Toxapex|Toxic|p2a: Excadrill
|-immune|p2a: Excadrill
|
|-weather|Sandstorm|[upkeep]
|-damage|p1a: Toxapex|95/100|[from] Sandstorm
|-heal|p1a: Toxapex|100/100|[from] item: Black Sludge
|upkeep
|turn|5
|
|move|p2a: Excadrill|Swords Dance|p2a: Excadrill
|-boost|p2a: Excadrill|atk|2
|move|p1a: Toxapex|Scald|p2a: Excadrill
|-supereffective|p2a: Excadrill
|-damage|p2a: Excadrill|57/100
|
|-weather|none
|upkeep
|turn|6
|
|move|p2a: Excadrill|Earthquake|p1a: Toxapex
|-supereffective|p1a: Toxapex
|-damage|p1a: Toxapex|0 fnt
|faint|p1a: Toxapex
|
|upkeep
|
|switch|p1a: Hydreigon|Hydreigon, M|100/100
|-damage|p1a: Hydreigon|88/100|[from] Stealth Rock
|turn|7
|
|switch|p2a: Hippowdon|Hippowdon, M|100/100
|-weather|Sandstorm|[from] ability: Sand Stream|[of] p2a: Hippowdon
|move|p1a: Hydreigon|Flamethrower|p2a: Hippowdon
|-damage|p2a: Hippowdon|71/100
|
|-weather|Sandstorm|[upkeep]
|-damage|p1a: Hydreigon|82/100|[from] Sandstorm
|upkeep
|turn|8
|
|switch|p1a: Corviknight|Corviknight, F|100/100
|-damage|p1a: Corviknight|88/100|[from] Stealth Rock
|-ability|p1a: Corviknight|Pressure
|move|p2a: Hippowdon|Yawn|p1a: Corviknight
|-start|p1a: Corviknight|move: Yawn|[of] p2a: Hippowdon
|
|-weather|Sandstorm|[upkeep]
|upkeep
|turn|9
|
|switch|p2a: Excadrill|Excadrill, F|57/100
|move|p1a: Corviknight|U-turn|p2a: Excadrill
|-resisted|p2a: Excadrill
|-damage|p2a: Excadrill|47/100
|
|switch|p1a: Hydreigon|Hydreigon, M|82/100|[from]move: U-turn
|-damage|p1a: Hydreigon|70/100|[from] Stealth Rock
|
|-weather|Sandstorm|[upkeep]
|-damage|p1a: Hydreigon|64/100|[from] Sandstorm
|upkeep
|turn|10
|
|move|p2a: Excadrill|Iron Head|p1a: Hydreigon
|-damage|p1a: Hydreigon|12/100
|move|p1a: Hydreigon|Draco Meteor|p2a: Excadrill
|-resisted|p2a: Excadrill
|-damage|p2a: Excadrill|0 fnt
|-unboost|p1a: Hydreigon|spa|2
|faint|p2a: Excadrill
|
|-weather|Sandstorm|[upkeep]
|-damage|p1a: Hydreigon|6/100|[from] Sandstorm
|upkeep
|
|switch|p2a: Seismitoad|Seismitoad, M|100/100
|turn|11
|
|move|p1a: Hydreigon|Draco Meteor|p2a: Seismitoad
|-damage|p2a: Seismitoad|77/100
|-unboost|p1a: Hydreigon|spa|2
|move|p2a: Seismitoad|Scald|p1a: Hydreigon
|-resisted|p1a: Hydreigon
|-damage|p1a: Hydreigon|0 fnt
|faint|p1a: Hydreigon
|
|-weather|none
|upkeep
|
|switch|p1a: Gyarados|Gyarados, M|100/100
|-damage|p1a: Gyarados|76/100|[from] Stealth Rock
|turn|12
|
|move|p1a: Gyarados|Dragon Dance|p1a: Gyarados
|-boost|p1a: Gyarados|atk|1
|-boost|p1a: Gyarados|spe|1
|move|p2a: Seismitoad|Scald|p1a: Gyarados
|-resisted|p1a: Gyarados
|-damage|p1a: Gyarados|58/100
|-status|p1a: Gyarados|brn
|
|-heal|p1a: Gyarados|64/100 brn|[from] item: Leftovers
|-damage|p1a: Gyarados|58/100 brn|[from] brn
|upkeep
|turn|13
|
|switch|p2a: Corviknight|Corviknight, F|100/100
|move|p1a: Gyarados|Dragon Dance|p1a: Gyarados
|-boost|p1a: Gyarados|atk|1
|-boost|p1a: Gyarados|spe|1
|
|-heal|p1a: Gyarados|64/100 brn|[from] item: Leftovers
|-damage|p1a: Gyarados|58/100 brn|[from] brn
|upkeep
|turn|14
|
|move|p1a: Gyarados|Waterfall|p2a: Corviknight
|-damage|p2a: Corviknight|73/100
|-damage|p1a: Gyarados|41/100 brn|[from] item: Rocky Helmet|[of] p2a: Corviknight
|move|p2a: Corviknight|Bulk Up|p2a: Corviknight
|-boost|p2a: Corviknight|atk|1
|-boost|p2a: Corviknight|def|1
|
|-heal|p1a: Gyarados|47/100 brn|[from] item: Leftovers
|-damage|p1a: Gyarados|41/100 brn|[from] brn
|upkeep
|turn|15
|-message|piplie31 forfeited.
|
|win|taught him
|l|☆piplie31
|raw|piplie31's rating: 1208 → 1180(-28 for losing)
|raw|taught him's rating: 1165 → 1193(+28 for winning)
