|ScrapeTime|2020-01-01-22:06:26
|j|☆TestSubject88
|j|☆AlexDowneyJr.
|player|p1|TestSubject88|wally|1201
|player|p2|AlexDowneyJr.|163|1155
|teamsize|p1|6
|teamsize|p2|6
|gametype|singles
|gen|8
|tier|[Gen 8] OU
|rated|
|rule|Sleep Clause Mod: Limit one foe put to sleep
|rule|Species Clause: Limit one of each Pokémon
|rule|OHKO Clause: OHKO moves are banned
|rule|Evasion Moves Clause: Evasion moves are banned
|rule|Endless Battle Clause: Forcing endless battles is banned
|rule|HP Percentage Mod: HP is shown in percentages
|clearpoke
|poke|p1|Aegislash, M|
|poke|p1|Crawdaunt, M|
|poke|p1|Mew|
|poke|p1|Lucario, M|
|poke|p1|Bisharp, M|
|poke|p1|Dragapult, M|
|poke|p2|Excadrill, M|
|poke|p2|Cramorant, F|
|poke|p2|Rillaboom, M|
|poke|p2|Orbeetle, M|
|poke|p2|Dracozolt|
|poke|p2|Cinderace, M|
|rule|Dynamax Clause: You cannot dynamax
|teampreview
|
|start
|switch|p1a: Mew|Mew|100/100
|switch|p2a: Orbeetle|Orbeetle, M|100/100
|-item|p1a: Mew|Red Card|[from] ability: Frisk|[of] p2a: Orbeetle|[identify]
|turn|1
|inactive|Battle timer is ON: inactive players will automatically lose when time's up. (requested by TestSubject88)
|
|move|p1a: Mew|Stealth Rock|p2a: Orbeetle
|-sidestart|p2: AlexDowneyJr.|move: Stealth Rock
|move|p2a: Orbeetle|Sticky Web|p1a: Mew
|-sidestart|p1: TestSubject88|move: Sticky Web
|
|upkeep
|turn|2
|
|move|p1a: Mew|Spikes|p2a: Orbeetle
|-sidestart|p2: AlexDowneyJr.|Spikes
|move|p2a: Orbeetle|Light Screen|p2a: Orbeetle
|-sidestart|p2: AlexDowneyJr.|move: Light Screen
|
|upkeep
|turn|3
|
|move|p1a: Mew|Taunt|p2a: Orbeetle
|-start|p2a: Orbeetle|move: Taunt
|cant|p2a: Orbeetle|move: Taunt|Reflect
|
|upkeep
|turn|4
|
|move|p1a: Mew|Spikes|p2a: Orbeetle
|-sidestart|p2: AlexDowneyJr.|Spikes
|move|p2a: Orbeetle|U-turn|p1a: Mew
|-supereffective|p1a: Mew
|-damage|p1a: Mew|79/100
|-enditem|p1a: Mew|Red Card|[of] p2a: Orbeetle
|drag|p2a: Excadrill|Excadrill, M|100/100
|-ability|p2a: Excadrill|Mold Breaker
|
|upkeep
|turn|5
|
|move|p1a: Mew|Self-Destruct|p2a: Excadrill
|-resisted|p2a: Excadrill
|-damage|p2a: Excadrill|70/100
|faint|p1a: Mew
|move|p2a: Excadrill|Rapid Spin|p1: Mew|[notarget]
|-fail|p2a: Excadrill
|
|upkeep
|
|switch|p1a: Crawdaunt|Crawdaunt, M|100/100
|-activate|p1a: Crawdaunt|move: Sticky Web
|-unboost|p1a: Crawdaunt|spe|1
|turn|6
|
|move|p1a: Crawdaunt|Aqua Jet|p2a: Excadrill
|-supereffective|p2a: Excadrill
|-damage|p2a: Excadrill|0 fnt
|-damage|p1a: Crawdaunt|91/100|[from] item: Life Orb
|faint|p2a: Excadrill
|
|upkeep
|
|switch|p2a: Rillaboom|Rillaboom, M|100/100
|-damage|p2a: Rillaboom|88/100|[from] Stealth Rock
|-damage|p2a: Rillaboom|72/100|[from] Spikes
|turn|7
|inactive|TestSubject88 has 120 seconds left.
|
|move|p1a: Crawdaunt|Aqua Jet|p2a: Rillaboom
|-resisted|p2a: Rillaboom
|-damage|p2a: Rillaboom|50/100
|-damage|p1a: Crawdaunt|81/100|[from] item: Life Orb
|move|p2a: Rillaboom|Swords Dance|p2a: Rillaboom
|-boost|p2a: Rillaboom|atk|2
|
|upkeep
|turn|8
|inactive|TestSubject88 has 120 seconds left.
|
|move|p1a: Crawdaunt|Aqua Jet|p2a: Rillaboom
|-resisted|p2a: Rillaboom
|-damage|p2a: Rillaboom|30/100
|-damage|p1a: Crawdaunt|71/100|[from] item: Life Orb
|move|p2a: Rillaboom|Drum Beating|p1a: Crawdaunt
|-supereffective|p1a: Crawdaunt
|-damage|p1a: Crawdaunt|0 fnt
|faint|p1a: Crawdaunt
|
|upkeep
|inactive|TestSubject88 has 120 seconds left.
|
|switch|p1a: Lucario|Lucario, M|100/100
|-activate|p1a: Lucario|move: Sticky Web
|-unboost|p1a: Lucario|spe|1
|turn|9
|
|move|p1a: Lucario|Bullet Punch|p2a: Rillaboom
|-damage|p2a: Rillaboom|4/100
|-damage|p1a: Lucario|91/100|[from] item: Life Orb
|move|p2a: Rillaboom|Earthquake|p1a: Lucario
|-supereffective|p1a: Lucario
|-damage|p1a: Lucario|0 fnt
|faint|p1a: Lucario
|
|-sideend|p2: AlexDowneyJr.|move: Light Screen
|upkeep
|
|switch|p1a: Bisharp|Bisharp, M|100/100
|-activate|p1a: Bisharp|move: Sticky Web
|-unboost|p1a: Bisharp|spe|1
|-ability|p1a: Bisharp|Defiant
|-boost|p1a: Bisharp|atk|2
|turn|10
|
|move|p1a: Bisharp|Sucker Punch||[still]
|-fail|p1a: Bisharp
|move|p2a: Rillaboom|Swords Dance|p2a: Rillaboom
|-boost|p2a: Rillaboom|atk|2
|
|upkeep
|turn|11
|
|move|p1a: Bisharp|Sucker Punch|p2a: Rillaboom
|-damage|p2a: Rillaboom|0 fnt
|-damage|p1a: Bisharp|91/100|[from] item: Life Orb
|faint|p2a: Rillaboom
|
|upkeep
|
|switch|p2a: Orbeetle|Orbeetle, M|100/100
|-damage|p2a: Orbeetle|75/100|[from] Stealth Rock
|-damage|p2a: Orbeetle|59/100|[from] Spikes
|-item|p1a: Bisharp|Life Orb|[from] ability: Frisk|[of] p2a: Orbeetle|[identify]
|turn|12
|
|move|p2a: Orbeetle|Reflect|p2a: Orbeetle
|-sidestart|p2: AlexDowneyJr.|Reflect
|move|p1a: Bisharp|Swords Dance|p1a: Bisharp
|-boost|p1a: Bisharp|atk|2
|
|upkeep
|turn|13
|inactive|TestSubject88 has 120 seconds left.
|
|move|p1a: Bisharp|Sucker Punch||[still]
|-fail|p1a: Bisharp
|move|p2a: Orbeetle|Light Screen|p2a: Orbeetle
|-sidestart|p2: AlexDowneyJr.|move: Light Screen
|
|upkeep
|turn|14
|inactive|TestSubject88 has 120 seconds left.
|
|move|p1a: Bisharp|Sucker Punch|p2a: Orbeetle
|-supereffective|p2a: Orbeetle
|-damage|p2a: Orbeetle|0 fnt
|-damage|p1a: Bisharp|81/100|[from] item: Life Orb
|faint|p2a: Orbeetle
|
|upkeep
|
|switch|p2a: Cinderace|Cinderace, M|100/100
|-damage|p2a: Cinderace|76/100|[from] Stealth Rock
|-damage|p2a: Cinderace|59/100|[from] Spikes
|turn|15
|
|move|p2a: Cinderace|Sucker Punch|p1a: Bisharp
|-resisted|p1a: Bisharp
|-damage|p1a: Bisharp|62/100
|-damage|p2a: Cinderace|49/100|[from] item: Life Orb
|move|p1a: Bisharp|Sucker Punch||[still]
|-fail|p1a: Bisharp
|
|upkeep
|turn|16
|
|move|p1a: Bisharp|Sucker Punch|p2a: Cinderace
|-damage|p2a: Cinderace|0 fnt
|-damage|p1a: Bisharp|53/100|[from] item: Life Orb
|faint|p2a: Cinderace
|
|upkeep
|
|switch|p2a: Cramorant|Cramorant, F|100/100
|-damage|p2a: Cramorant|76/100|[from] Stealth Rock
|turn|17
|
|move|p1a: Bisharp|Sucker Punch|p2a: Cramorant
|-damage|p2a: Cramorant|0 fnt
|-damage|p1a: Bisharp|43/100|[from] item: Life Orb
|faint|p2a: Cramorant
|
|upkeep
|
|switch|p2a: Dracozolt|Dracozolt|100/100
|-damage|p2a: Dracozolt|84/100|[from] Spikes
|-damage|p2a: Dracozolt|72/100|[from] Stealth Rock
|turn|18
|
|move|p1a: Bisharp|Sucker Punch|p2a: Dracozolt
|-damage|p2a: Dracozolt|0 fnt
|-damage|p1a: Bisharp|33/100|[from] item: Life Orb
|faint|p2a: Dracozolt
|
|win|TestSubject88
|l|☆AlexDowneyJr.
