|ScrapeTime|2020-01-01-19:58:41
|j|☆2nd Xray972
|j|☆Edgy Weaboo
|player|p1|2nd Xray972|marshal|1508
|player|p2|Edgy Weaboo|steven|1454
|teamsize|p1|6
|teamsize|p2|6
|gametype|singles
|gen|8
|tier|[Gen 8] OU
|rated|
|rule|Sleep Clause Mod: Limit one foe put to sleep
|rule|Species Clause: Limit one of each Pokémon
|rule|OHKO Clause: OHKO moves are banned
|rule|Evasion Moves Clause: Evasion moves are banned
|rule|Endless Battle Clause: Forcing endless battles is banned
|rule|HP Percentage Mod: HP is shown in percentages
|clearpoke
|poke|p1|Grimmsnarl, M|
|poke|p1|Hatterene, F|
|poke|p1|Aegislash, M|
|poke|p1|Obstagoon, M|
|poke|p1|Excadrill, M|
|poke|p1|Frosmoth, F|
|poke|p2|Grimmsnarl, M|
|poke|p2|Sylveon, F|
|poke|p2|Seismitoad, M|
|poke|p2|Hydreigon, M|
|poke|p2|Ditto|
|poke|p2|Excadrill, M|
|rule|Dynamax Clause: You cannot dynamax
|teampreview
|inactive|Battle timer is ON: inactive players will automatically lose when time's up. (requested by 2nd Xray972)
|
|start
|switch|p1a: Excadrill|Excadrill, M|100/100
|switch|p2a: Hydreigon|Hydreigon, M|100/100
|-ability|p1a: Excadrill|Mold Breaker
|turn|1
|
|move|p2a: Hydreigon|Dark Pulse|p1a: Excadrill
|-damage|p1a: Excadrill|42/100
|move|p1a: Excadrill|Stealth Rock|p2a: Hydreigon
|-sidestart|p2: Edgy Weaboo|move: Stealth Rock
|
|upkeep
|turn|2
|
|switch|p1a: Grimmsnarl|Grimmsnarl, M|100/100
|move|p2a: Hydreigon|Dark Pulse|p1a: Grimmsnarl
|-resisted|p1a: Grimmsnarl
|-damage|p1a: Grimmsnarl|87/100
|
|upkeep
|turn|3
|
|switch|p2a: Excadrill|Excadrill, M|100/100
|-damage|p2a: Excadrill|97/100|[from] Stealth Rock
|-ability|p2a: Excadrill|Mold Breaker
|-item|p2a: Excadrill|Air Balloon
|move|p1a: Grimmsnarl|Spirit Break|p2a: Excadrill
|-resisted|p2a: Excadrill
|-damage|p2a: Excadrill|68/100
|-enditem|p2a: Excadrill|Air Balloon
|-unboost|p2a: Excadrill|spa|1
|
|upkeep
|turn|4
|
|switch|p1a: Aegislash|Aegislash, M|100/100
|move|p2a: Excadrill|Earthquake|p1a: Aegislash
|-supereffective|p1a: Aegislash
|-damage|p1a: Aegislash|17/100
|
|upkeep
|turn|5
|
|-formechange|p1a: Aegislash|Aegislash-Blade||[from] ability: Stance Change
|move|p1a: Aegislash|Shadow Sneak|p2a: Excadrill
|-damage|p2a: Excadrill|18/100
|move|p2a: Excadrill|Iron Head|p1a: Aegislash
|-resisted|p1a: Aegislash
|-damage|p1a: Aegislash|0 fnt
|faint|p1a: Aegislash
|
|upkeep
|
|switch|p1a: Obstagoon|Obstagoon, M|100/100
|turn|6
|
|switch|p2a: Seismitoad|Seismitoad, M|100/100
|-damage|p2a: Seismitoad|94/100|[from] Stealth Rock
|move|p1a: Obstagoon|Knock Off|p2a: Seismitoad
|-damage|p2a: Seismitoad|63/100
|-enditem|p2a: Seismitoad|Leftovers|[from] move: Knock Off|[of] p1a: Obstagoon
|
|upkeep
|turn|7
|
|move|p1a: Obstagoon|Parting Shot|p2a: Seismitoad
|-unboost|p2a: Seismitoad|atk|1
|-unboost|p2a: Seismitoad|spa|1
|
|switch|p1a: Hatterene|Hatterene, F|100/100|[from]move: Parting Shot
|move|p2a: Seismitoad|Toxic|p1a: Hatterene
|move|p1a: Hatterene|Toxic|p2a: Seismitoad|[from]Magic Bounce
|-status|p2a: Seismitoad|tox
|
|-damage|p2a: Seismitoad|57/100 tox|[from] psn
|upkeep
|turn|8
|
|switch|p2a: Sylveon|Sylveon, F|100/100
|-damage|p2a: Sylveon|88/100|[from] Stealth Rock
|move|p1a: Hatterene|Mystical Fire|p2a: Sylveon
|-damage|p2a: Sylveon|72/100
|-unboost|p2a: Sylveon|spa|1
|
|-heal|p2a: Sylveon|78/100|[from] item: Leftovers
|upkeep
|turn|9
|
|move|p2a: Sylveon|Mystical Fire|p1a: Hatterene
|-damage|p1a: Hatterene|87/100
|-unboost|p1a: Hatterene|spa|1
|move|p1a: Hatterene|Calm Mind|p1a: Hatterene
|-boost|p1a: Hatterene|spa|1
|-boost|p1a: Hatterene|spd|1
|
|-heal|p2a: Sylveon|84/100|[from] item: Leftovers
|-heal|p1a: Hatterene|93/100|[from] item: Leftovers
|upkeep
|turn|10
|
|move|p2a: Sylveon|Mystical Fire|p1a: Hatterene
|-damage|p1a: Hatterene|83/100
|-unboost|p1a: Hatterene|spa|1
|move|p1a: Hatterene|Calm Mind|p1a: Hatterene
|-boost|p1a: Hatterene|spa|1
|-boost|p1a: Hatterene|spd|1
|
|-heal|p2a: Sylveon|90/100|[from] item: Leftovers
|-heal|p1a: Hatterene|89/100|[from] item: Leftovers
|upkeep
|turn|11
|
|move|p2a: Sylveon|Wish|p2a: Sylveon
|move|p1a: Hatterene|Calm Mind|p1a: Hatterene
|-boost|p1a: Hatterene|spa|1
|-boost|p1a: Hatterene|spd|1
|
|-heal|p2a: Sylveon|96/100|[from] item: Leftovers
|-heal|p1a: Hatterene|95/100|[from] item: Leftovers
|upkeep
|turn|12
|
|switch|p2a: Excadrill|Excadrill, M|18/100
|-damage|p2a: Excadrill|15/100|[from] Stealth Rock
|-ability|p2a: Excadrill|Mold Breaker
|move|p1a: Hatterene|Mystical Fire|p2a: Excadrill
|-supereffective|p2a: Excadrill
|-damage|p2a: Excadrill|0 fnt
|faint|p2a: Excadrill
|
|-heal|p1a: Hatterene|100/100|[from] item: Leftovers
|upkeep
|
|switch|p2a: Thanatos|Grimmsnarl, M|100/100
|-damage|p2a: Thanatos|88/100|[from] Stealth Rock
|turn|13
|
|move|p2a: Thanatos|Darkest Lariat|p1a: Hatterene
|-damage|p1a: Hatterene|54/100
|move|p1a: Hatterene|Draining Kiss|p2a: Thanatos
|-supereffective|p2a: Thanatos
|-damage|p2a: Thanatos|17/100
|-heal|p1a: Hatterene|100/100|[from] drain|[of] p2a: Thanatos
|
|upkeep
|turn|14
|
|move|p2a: Thanatos|Darkest Lariat|p1a: Hatterene
|-damage|p1a: Hatterene|52/100
|move|p1a: Hatterene|Draining Kiss|p2a: Thanatos
|-supereffective|p2a: Thanatos
|-damage|p2a: Thanatos|0 fnt
|-heal|p1a: Hatterene|67/100|[from] drain|[of] p2a: Thanatos
|faint|p2a: Thanatos
|
|-heal|p1a: Hatterene|73/100|[from] item: Leftovers
|upkeep
|
|switch|p2a: Ditto|Ditto|100/100
|-damage|p2a: Ditto|88/100|[from] Stealth Rock
|-transform|p2a: Ditto|p1a: Hatterene|[from] ability: Imposter
|turn|15
|
|move|p2a: Ditto|Draining Kiss|p1a: Hatterene
|-damage|p1a: Hatterene|59/100
|-heal|p2a: Ditto|99/100|[from] drain|[of] p1a: Hatterene
|move|p1a: Hatterene|Draining Kiss|p2a: Ditto
|-damage|p2a: Ditto|85/100
|-heal|p1a: Hatterene|69/100|[from] drain|[of] p2a: Ditto
|
|-heal|p1a: Hatterene|75/100|[from] item: Leftovers
|upkeep
|turn|16
|
|move|p2a: Ditto|Draining Kiss|p1a: Hatterene
|-damage|p1a: Hatterene|59/100
|-heal|p2a: Ditto|98/100|[from] drain|[of] p1a: Hatterene
|move|p1a: Hatterene|Calm Mind|p1a: Hatterene
|-boost|p1a: Hatterene|spa|1
|-boost|p1a: Hatterene|spd|1
|
|-heal|p1a: Hatterene|65/100|[from] item: Leftovers
|upkeep
|turn|17
|
|move|p2a: Ditto|Draining Kiss|p1a: Hatterene
|-damage|p1a: Hatterene|54/100
|-heal|p2a: Ditto|100/100|[from] drain|[of] p1a: Hatterene
|move|p1a: Hatterene|Calm Mind|p1a: Hatterene
|-boost|p1a: Hatterene|spa|1
|-boost|p1a: Hatterene|spd|1
|
|-heal|p1a: Hatterene|60/100|[from] item: Leftovers
|upkeep
|turn|18
|
|move|p2a: Ditto|Draining Kiss|p1a: Hatterene
|-damage|p1a: Hatterene|50/100
|move|p1a: Hatterene|Draining Kiss|p2a: Ditto
|-damage|p2a: Ditto|74/100
|-heal|p1a: Hatterene|68/100|[from] drain|[of] p2a: Ditto
|
|-heal|p1a: Hatterene|74/100|[from] item: Leftovers
|upkeep
|turn|19
|
|move|p2a: Ditto|Draining Kiss|p1a: Hatterene
|-damage|p1a: Hatterene|64/100
|-heal|p2a: Ditto|83/100|[from] drain|[of] p1a: Hatterene
|move|p1a: Hatterene|Calm Mind|p1a: Hatterene
|-boost|p1a: Hatterene|spa|1
|-boost|p1a: Hatterene|spd|1
|
|-heal|p1a: Hatterene|70/100|[from] item: Leftovers
|upkeep
|turn|20
|
|switch|p2a: Sylveon|Sylveon, F|96/100
|-damage|p2a: Sylveon|84/100|[from] Stealth Rock
|move|p1a: Hatterene|Calm Mind|p1a: Hatterene
|-boost|p1a: Hatterene|spa|1
|-boost|p1a: Hatterene|spd|0
|
|-heal|p2a: Sylveon|90/100|[from] item: Leftovers
|-heal|p1a: Hatterene|76/100|[from] item: Leftovers
|upkeep
|turn|21
|
|move|p2a: Sylveon|Wish|p2a: Sylveon
|move|p1a: Hatterene|Draining Kiss|p2a: Sylveon
|-damage|p2a: Sylveon|35/100
|-heal|p1a: Hatterene|100/100|[from] drain|[of] p2a: Sylveon
|
|-heal|p2a: Sylveon|41/100|[from] item: Leftovers
|upkeep
|turn|22
|
|move|p2a: Sylveon|Mystical Fire|p1a: Hatterene
|-crit|p1a: Hatterene
|-damage|p1a: Hatterene|69/100
|-unboost|p1a: Hatterene|spa|1
|move|p1a: Hatterene|Psychic|p2a: Sylveon
|-damage|p2a: Sylveon|0 fnt
|faint|p2a: Sylveon
|
|-heal|p1a: Hatterene|75/100|[from] item: Leftovers
|upkeep
|
|switch|p2a: Ditto|Ditto|83/100
|-damage|p2a: Ditto|70/100|[from] Stealth Rock
|-transform|p2a: Ditto|p1a: Hatterene|[from] ability: Imposter
|turn|23
|
|move|p2a: Ditto|Draining Kiss|p1a: Hatterene
|-damage|p1a: Hatterene|58/100
|-heal|p2a: Ditto|84/100|[from] drain|[of] p1a: Hatterene
|move|p1a: Hatterene|Draining Kiss|p2a: Ditto
|-damage|p2a: Ditto|65/100
|-heal|p1a: Hatterene|72/100|[from] drain|[of] p2a: Ditto
|
|-heal|p1a: Hatterene|78/100|[from] item: Leftovers
|upkeep
|turn|24
|
|move|p2a: Ditto|Draining Kiss|p1a: Hatterene
|-crit|p1a: Hatterene
|-damage|p1a: Hatterene|0 fnt
|-heal|p2a: Ditto|100/100|[from] drain|[of] p1a: Hatterene
|faint|p1a: Hatterene
|
|upkeep
|
|switch|p1a: Excadrill|Excadrill, M|42/100
|-ability|p1a: Excadrill|Mold Breaker
|turn|25
|
|switch|p2a: Seismitoad|Seismitoad, M|57/100 tox
|-damage|p2a: Seismitoad|51/100 tox|[from] Stealth Rock
|move|p1a: Excadrill|Earthquake|p2a: Seismitoad
|-damage|p2a: Seismitoad|11/100 tox
|
|-damage|p2a: Seismitoad|5/100 tox|[from] psn
|upkeep
|turn|26
|
|move|p2a: Seismitoad|Protect|p2a: Seismitoad
|-singleturn|p2a: Seismitoad|Protect
|move|p1a: Excadrill|Earthquake|p2a: Seismitoad
|-activate|p2a: Seismitoad|move: Protect
|
|-damage|p2a: Seismitoad|0 fnt|[from] psn
|faint|p2a: Seismitoad
|upkeep
|
|switch|p2a: Hydreigon|Hydreigon, M|100/100
|-damage|p2a: Hydreigon|88/100|[from] Stealth Rock
|turn|27
|
|switch|p1a: Frosmoth|Frosmoth, F|100/100
|move|p2a: Hydreigon|Substitute|p2a: Hydreigon
|-start|p2a: Hydreigon|Substitute
|-damage|p2a: Hydreigon|63/100
|
|-heal|p2a: Hydreigon|70/100|[from] item: Leftovers
|upkeep
|turn|28
|
|move|p2a: Hydreigon|Nasty Plot|p2a: Hydreigon
|-boost|p2a: Hydreigon|spa|2
|move|p1a: Frosmoth|Quiver Dance|p1a: Frosmoth
|-boost|p1a: Frosmoth|spa|1
|-boost|p1a: Frosmoth|spd|1
|-boost|p1a: Frosmoth|spe|1
|
|-heal|p2a: Hydreigon|76/100|[from] item: Leftovers
|upkeep
|turn|29
|
|move|p1a: Frosmoth|Ice Beam|p2a: Hydreigon
|-supereffective|p2a: Hydreigon
|-end|p2a: Hydreigon|Substitute
|move|p2a: Hydreigon|Flash Cannon|p1a: Frosmoth
|-supereffective|p1a: Frosmoth
|-damage|p1a: Frosmoth|49/100
|
|-heal|p1a: Frosmoth|55/100|[from] item: Leftovers
|-heal|p2a: Hydreigon|82/100|[from] item: Leftovers
|upkeep
|turn|30
|
|switch|p2a: Ditto|Ditto|100/100
|-damage|p2a: Ditto|88/100|[from] Stealth Rock
|-transform|p2a: Ditto|p1a: Frosmoth|[from] ability: Imposter
|move|p1a: Frosmoth|Ice Beam|p2a: Ditto
|-resisted|p2a: Ditto
|-damage|p2a: Ditto|72/100
|
|-heal|p1a: Frosmoth|61/100|[from] item: Leftovers
|upkeep
|turn|31
|
|move|p2a: Ditto|Bug Buzz|p1a: Frosmoth
|-damage|p1a: Frosmoth|26/100
|move|p1a: Frosmoth|Quiver Dance|p1a: Frosmoth
|-boost|p1a: Frosmoth|spa|1
|-boost|p1a: Frosmoth|spd|1
|-boost|p1a: Frosmoth|spe|1
|
|-heal|p1a: Frosmoth|32/100|[from] item: Leftovers
|upkeep
|turn|32
|
|move|p2a: Ditto|Bug Buzz|p1a: Frosmoth
|-damage|p1a: Frosmoth|7/100
|move|p1a: Frosmoth|Bug Buzz|p2a: Ditto
|-damage|p2a: Ditto|30/100
|
|-heal|p1a: Frosmoth|13/100|[from] item: Leftovers
|upkeep
|turn|33
|
|move|p2a: Ditto|Bug Buzz|p1a: Frosmoth
|-damage|p1a: Frosmoth|0 fnt
|faint|p1a: Frosmoth
|
|upkeep
|c|☆2nd Xray972|lol
|
|switch|p1a: Excadrill|Excadrill, M|42/100
|-ability|p1a: Excadrill|Mold Breaker
|turn|34
|
|move|p2a: Ditto|Bug Buzz|p1a: Excadrill
|-resisted|p1a: Excadrill
|-damage|p1a: Excadrill|0 fnt
|faint|p1a: Excadrill
|
|upkeep
|
|switch|p1a: Obstagoon|Obstagoon, M|100/100
|turn|35
|
|move|p1a: Obstagoon|Obstruct|p1a: Obstagoon
|-singleturn|p1a: Obstagoon|Protect
|move|p2a: Ditto|Bug Buzz|p1a: Obstagoon
|-activate|p1a: Obstagoon|move: Protect
|
|upkeep
|turn|36
|
|switch|p2a: Hydreigon|Hydreigon, M|82/100
|-damage|p2a: Hydreigon|70/100|[from] Stealth Rock
|move|p1a: Obstagoon|Knock Off|p2a: Hydreigon
|-resisted|p2a: Hydreigon
|-damage|p2a: Hydreigon|47/100
|-enditem|p2a: Hydreigon|Leftovers|[from] move: Knock Off|[of] p1a: Obstagoon
|
|upkeep
|turn|37
|
|move|p2a: Hydreigon|Flash Cannon|p1a: Obstagoon
|-damage|p1a: Obstagoon|64/100
|move|p1a: Obstagoon|Close Combat|p2a: Hydreigon
|-supereffective|p2a: Hydreigon
|-damage|p2a: Hydreigon|0 fnt
|-unboost|p1a: Obstagoon|def|1
|-unboost|p1a: Obstagoon|spd|1
|faint|p2a: Hydreigon
|
|-heal|p1a: Obstagoon|70/100|[from] item: Leftovers
|upkeep
|
|switch|p2a: Ditto|Ditto|30/100
|-damage|p2a: Ditto|18/100|[from] Stealth Rock
|-transform|p2a: Ditto|p1a: Obstagoon|[from] ability: Imposter
|turn|38
|
|move|p1a: Obstagoon|Obstruct|p1a: Obstagoon
|-singleturn|p1a: Obstagoon|Protect
|move|p2a: Ditto|Close Combat|p1a: Obstagoon
|-activate|p1a: Obstagoon|move: Protect
|-unboost|p2a: Ditto|def|2
|-ability|p2a: Ditto|Defiant
|-boost|p2a: Ditto|atk|2
|
|-heal|p1a: Obstagoon|76/100|[from] item: Leftovers
|upkeep
|turn|39
|
|move|p2a: Ditto|Close Combat|p1a: Obstagoon
|-supereffective|p1a: Obstagoon
|-crit|p1a: Obstagoon
|-damage|p1a: Obstagoon|0 fnt
|-unboost|p2a: Ditto|def|1
|-unboost|p2a: Ditto|spd|1
|faint|p1a: Obstagoon
|
|upkeep
|
|switch|p1a: Grimmsnarl|Grimmsnarl, M|87/100
|turn|40
|
|move|p2a: Ditto|Close Combat|p1a: Grimmsnarl
|-damage|p1a: Grimmsnarl|0 fnt
|-unboost|p2a: Ditto|def|1
|-unboost|p2a: Ditto|spd|1
|faint|p1a: Grimmsnarl
|
|win|Edgy Weaboo
|l|☆2nd Xray972
