|ScrapeTime|2020-01-03-00:22:27
|j|☆Saskia SNS
|j|☆Alex_888Master
|player|p1|Saskia SNS|cyclist-gen4|1467
|player|p2|Alex_888Master|red|1480
|teamsize|p1|6
|teamsize|p2|6
|gametype|singles
|gen|8
|tier|[Gen 8] OU
|rated|
|rule|Sleep Clause Mod: Limit one foe put to sleep
|rule|Species Clause: Limit one of each Pokémon
|rule|OHKO Clause: OHKO moves are banned
|rule|Evasion Moves Clause: Evasion moves are banned
|rule|Endless Battle Clause: Forcing endless battles is banned
|rule|HP Percentage Mod: HP is shown in percentages
|clearpoke
|poke|p1|Aegislash, M|
|poke|p1|Dragapult, M|
|poke|p1|Mandibuzz, F|
|poke|p1|Dugtrio, M|
|poke|p1|Quagsire, F|
|poke|p1|Conkeldurr, F|
|poke|p2|Kommo-o, M|
|poke|p2|Grimmsnarl, M|
|poke|p2|Hatterene, F|
|poke|p2|Ferrothorn, M|
|poke|p2|Seismitoad, M|
|poke|p2|Cloyster, M|
|rule|Dynamax Clause: You cannot dynamax
|teampreview
|inactive|Battle timer is ON: inactive players will automatically lose when time's up. (requested by Alex_888Master)
|
|start
|switch|p1a: Aegislash|Aegislash, M|100/100
|switch|p2a: Grimmsnarl|Grimmsnarl, M|100/100
|turn|1
|
|move|p2a: Grimmsnarl|Light Screen|p2a: Grimmsnarl
|-sidestart|p2: Alex_888Master|move: Light Screen
|-formechange|p1a: Aegislash|Aegislash-Blade||[from] ability: Stance Change
|move|p1a: Aegislash|Flash Cannon|p2a: Grimmsnarl
|-supereffective|p2a: Grimmsnarl
|-damage|p2a: Grimmsnarl|46/100
|
|upkeep
|turn|2
|
|switch|p2a: Kommo-o|Kommo-o, M|100/100
|-formechange|p1a: Aegislash|Aegislash||[from] ability: Stance Change
|move|p1a: Aegislash|King's Shield||[still]
|-fail|p1a: Aegislash
|
|upkeep
|turn|3
|
|move|p2a: Kommo-o|Clangorous Soul|p2a: Kommo-o
|-boost|p2a: Kommo-o|atk|1
|-boost|p2a: Kommo-o|def|1
|-boost|p2a: Kommo-o|spa|1
|-boost|p2a: Kommo-o|spd|1
|-boost|p2a: Kommo-o|spe|1
|-damage|p2a: Kommo-o|67/100
|-enditem|p2a: Kommo-o|Throat Spray
|-boost|p2a: Kommo-o|spa|1
|-formechange|p1a: Aegislash|Aegislash-Blade||[from] ability: Stance Change
|move|p1a: Aegislash|Flash Cannon|p2a: Kommo-o
|-damage|p2a: Kommo-o|48/100
|
|upkeep
|turn|4
|
|-formechange|p1a: Aegislash|Aegislash||[from] ability: Stance Change
|move|p1a: Aegislash|King's Shield|p1a: Aegislash
|-singleturn|p1a: Aegislash|Protect
|move|p2a: Kommo-o|Flamethrower|p1a: Aegislash
|-activate|p1a: Aegislash|move: Protect
|
|upkeep
|turn|5
|inactive|Saskia SNS has 120 seconds left.
|c|☆Alex_888Master|Any day now
|c|☆Saskia SNS|nok
|c|☆Saskia SNS|askdl
|c|☆Alex_888Master|Xkela
|inactive|Saskia SNS has 90 seconds left.
|c|☆Alex_888Master|d! Kommo-o
|
|move|p2a: Kommo-o|Flamethrower|p1a: Aegislash
|-supereffective|p1a: Aegislash
|-damage|p1a: Aegislash|5/100
|-formechange|p1a: Aegislash|Aegislash-Blade||[from] ability: Stance Change
|move|p1a: Aegislash|Flash Cannon|p2a: Kommo-o
|-damage|p2a: Kommo-o|30/100
|
|-heal|p1a: Aegislash|11/100|[from] item: Leftovers
|upkeep
|turn|6
|c|☆Alex_888Master|dt! Kommo-o
|c|☆Alex_888Master|oof
|inactive|Saskia SNS has 60 seconds left.
|
|switch|p1a: Mandibuzz|Mandibuzz, F|100/100
|move|p2a: Kommo-o|Flash Cannon|p1a: Mandibuzz
|-damage|p1a: Mandibuzz|75/100
|
|upkeep
|turn|7
|
|move|p2a: Kommo-o|Clanging Scales|p1a: Mandibuzz
|-damage|p1a: Mandibuzz|15/100
|-unboost|p2a: Kommo-o|def|1
|move|p1a: Mandibuzz|U-turn|p2a: Kommo-o
|-resisted|p2a: Kommo-o
|-damage|p2a: Kommo-o|24/100
|
|switch|p1a: Dugtrio|Dugtrio, M|100/100|[from]move: U-turn
|
|upkeep
|turn|8
|
|move|p2a: Kommo-o|Clanging Scales|p1a: Dugtrio
|-enditem|p1a: Dugtrio|Focus Sash
|-damage|p1a: Dugtrio|1/100
|-unboost|p2a: Kommo-o|def|1
|move|p1a: Dugtrio|Earthquake|p2a: Kommo-o
|-damage|p2a: Kommo-o|0 fnt
|faint|p2a: Kommo-o
|
|-sideend|p2: Alex_888Master|move: Light Screen
|upkeep
|
|switch|p2a: Grimmsnarl|Grimmsnarl, M|46/100
|turn|9
|
|move|p2a: Grimmsnarl|Reflect|p2a: Grimmsnarl
|-sidestart|p2: Alex_888Master|Reflect
|move|p1a: Dugtrio|Earthquake|p2a: Grimmsnarl
|-damage|p2a: Grimmsnarl|28/100
|
|upkeep
|turn|10
|
|move|p1a: Dugtrio|Stealth Rock|p2a: Grimmsnarl
|-sidestart|p2: Alex_888Master|move: Stealth Rock
|move|p2a: Grimmsnarl|Spirit Break|p1a: Dugtrio
|-damage|p1a: Dugtrio|0 fnt
|faint|p1a: Dugtrio
|
|upkeep
|
|switch|p1a: Aegislash|Aegislash, M|11/100
|turn|11
|
|move|p2a: Grimmsnarl|Light Screen|p2a: Grimmsnarl
|-sidestart|p2: Alex_888Master|move: Light Screen
|-formechange|p1a: Aegislash|Aegislash-Blade||[from] ability: Stance Change
|move|p1a: Aegislash|Flash Cannon|p2a: Grimmsnarl
|-supereffective|p2a: Grimmsnarl
|-damage|p2a: Grimmsnarl|0 fnt
|faint|p2a: Grimmsnarl
|
|-heal|p1a: Aegislash|17/100|[from] item: Leftovers
|upkeep
|
|switch|p2a: Cloyster|Cloyster, M|100/100
|-damage|p2a: Cloyster|76/100|[from] Stealth Rock
|turn|12
|
|move|p2a: Cloyster|Shell Smash|p2a: Cloyster
|-unboost|p2a: Cloyster|def|1
|-unboost|p2a: Cloyster|spd|1
|-boost|p2a: Cloyster|atk|2
|-boost|p2a: Cloyster|spa|2
|-boost|p2a: Cloyster|spe|2
|-enditem|p2a: Cloyster|White Herb
|-clearnegativeboost|p2a: Cloyster|[silent]
|move|p1a: Aegislash|Shadow Ball|p2a: Cloyster
|-damage|p2a: Cloyster|14/100
|
|-heal|p1a: Aegislash|23/100|[from] item: Leftovers
|upkeep
|turn|13
|
|switch|p1a: Mandibuzz|Mandibuzz, F|15/100
|move|p2a: Cloyster|Ice Shard|p1a: Mandibuzz
|-supereffective|p1a: Mandibuzz
|-damage|p1a: Mandibuzz|0 fnt
|faint|p1a: Mandibuzz
|
|upkeep
|
|switch|p1a: Conkeldurr|Conkeldurr, F|100/100
|turn|14
|c|☆Alex_888Master|Time to sweeeeeeeep
|
|move|p2a: Cloyster|Ice Shard|p1a: Conkeldurr
|-damage|p1a: Conkeldurr|68/100
|move|p1a: Conkeldurr|Mach Punch|p2a: Cloyster
|-supereffective|p2a: Cloyster
|-crit|p2a: Cloyster
|-damage|p2a: Cloyster|0 fnt
|faint|p2a: Cloyster
|
|-status|p1a: Conkeldurr|brn|[from] item: Flame Orb
|upkeep
|c|☆Alex_888Master|Nvm
|
|switch|p2a: Ferrothorn|Ferrothorn, M|100/100
|-damage|p2a: Ferrothorn|94/100|[from] Stealth Rock
|turn|15
|
|move|p1a: Conkeldurr|Drain Punch|p2a: Ferrothorn
|-supereffective|p2a: Ferrothorn
|-damage|p2a: Ferrothorn|58/100
|-heal|p1a: Conkeldurr|83/100 brn|[from] drain|[of] p2a: Ferrothorn
|-damage|p1a: Conkeldurr|71/100 brn|[from] ability: Iron Barbs|[of] p2a: Ferrothorn
|move|p2a: Ferrothorn|Power Whip|p1a: Conkeldurr
|-damage|p1a: Conkeldurr|36/100 brn
|
|-heal|p2a: Ferrothorn|64/100|[from] item: Leftovers
|-damage|p1a: Conkeldurr|29/100 brn|[from] brn
|upkeep
|turn|16
|inactive|Saskia SNS has 90 seconds left.
|
|move|p1a: Conkeldurr|Drain Punch|p2a: Ferrothorn
|-supereffective|p2a: Ferrothorn
|-damage|p2a: Ferrothorn|24/100
|-heal|p1a: Conkeldurr|47/100 brn|[from] drain|[of] p2a: Ferrothorn
|-damage|p1a: Conkeldurr|34/100 brn|[from] ability: Iron Barbs|[of] p2a: Ferrothorn
|move|p2a: Ferrothorn|Leech Seed|p1a: Conkeldurr
|-start|p1a: Conkeldurr|move: Leech Seed
|
|-heal|p2a: Ferrothorn|30/100|[from] item: Leftovers
|-damage|p1a: Conkeldurr|22/100 brn|[from] Leech Seed|[of] p2a: Ferrothorn
|-heal|p2a: Ferrothorn|45/100|[silent]
|-damage|p1a: Conkeldurr|16/100 brn|[from] brn
|-sideend|p2: Alex_888Master|Reflect
|upkeep
|turn|17
|
|move|p1a: Conkeldurr|Drain Punch|p2a: Ferrothorn
|-supereffective|p2a: Ferrothorn
|-damage|p2a: Ferrothorn|0 fnt
|-heal|p1a: Conkeldurr|35/100 brn|[from] drain|[of] p2a: Ferrothorn
|-damage|p1a: Conkeldurr|22/100 brn|[from] ability: Iron Barbs|[of] p2a: Ferrothorn
|faint|p2a: Ferrothorn
|
|-damage|p1a: Conkeldurr|16/100 brn|[from] brn
|upkeep
|
|switch|p2a: Hatterene|Hatterene, F|100/100
|-damage|p2a: Hatterene|88/100|[from] Stealth Rock
|turn|18
|
|move|p1a: Conkeldurr|Ice Punch|p2a: Hatterene
|-damage|p2a: Hatterene|48/100
|move|p2a: Hatterene|Draining Kiss|p1a: Conkeldurr
|-supereffective|p1a: Conkeldurr
|-damage|p1a: Conkeldurr|0 fnt
|-heal|p2a: Hatterene|64/100|[from] drain|[of] p1a: Conkeldurr
|faint|p1a: Conkeldurr
|
|-heal|p2a: Hatterene|70/100|[from] item: Leftovers
|-sideend|p2: Alex_888Master|move: Light Screen
|upkeep
|
|switch|p1a: Aegislash|Aegislash, M|23/100
|turn|19
|
|-formechange|p1a: Aegislash|Aegislash-Blade||[from] ability: Stance Change
|move|p1a: Aegislash|Shadow Ball|p2a: Hatterene
|-supereffective|p2a: Hatterene
|-damage|p2a: Hatterene|0 fnt
|faint|p2a: Hatterene
|
|-heal|p1a: Aegislash|29/100|[from] item: Leftovers
|upkeep
|
|switch|p2a: Seismitoad|Seismitoad, M|100/100
|-damage|p2a: Seismitoad|94/100|[from] Stealth Rock
|turn|20
|inactive|Saskia SNS has 90 seconds left.
|
|move|p1a: Aegislash|Shadow Ball|p2a: Seismitoad
|-damage|p2a: Seismitoad|43/100
|move|p2a: Seismitoad|Stealth Rock|p1a: Aegislash
|-sidestart|p1: Saskia SNS|move: Stealth Rock
|
|-heal|p1a: Aegislash|35/100|[from] item: Leftovers
|-heal|p2a: Seismitoad|49/100|[from] item: Leftovers
|upkeep
|turn|21
|-message|Alex_888Master forfeited.
|
|win|Saskia SNS
|l|☆Alex_888Master
|c|☆Saskia SNS|gg
|raw|Saskia SNS's rating: 1467 → 1486(+19 for winning)
|raw|Alex_888Master's rating: 1459 → 1439(-20 for losing)
