|ScrapeTime|2020-01-02-10:25:14
|j|☆batmanex
|j|☆el 7wa dwa
|player|p1|batmanex|265|1548
|player|p2|el 7wa dwa|257|1549
|teamsize|p1|6
|teamsize|p2|6
|gametype|singles
|gen|8
|tier|[Gen 8] OU
|rated|
|rule|Sleep Clause Mod: Limit one foe put to sleep
|rule|Species Clause: Limit one of each Pokémon
|rule|OHKO Clause: OHKO moves are banned
|rule|Evasion Moves Clause: Evasion moves are banned
|rule|Endless Battle Clause: Forcing endless battles is banned
|rule|HP Percentage Mod: HP is shown in percentages
|clearpoke
|poke|p1|Mandibuzz, F|
|poke|p1|Tyranitar, F|
|poke|p1|Cinderace, M|
|poke|p1|Dragapult, F|
|poke|p1|Toxapex, M|
|poke|p1|Rotom-Wash|
|poke|p2|Haxorus, M|
|poke|p2|Clefable, M|
|poke|p2|Grimmsnarl, M|
|poke|p2|Cinderace, M|
|poke|p2|Gastrodon, F|
|poke|p2|Toxtricity-Low-Key, M|
|rule|Dynamax Clause: You cannot dynamax
|teampreview
|inactive|Battle timer is ON: inactive players will automatically lose when time's up. (requested by el 7wa dwa)
|
|start
|switch|p1a: Rotom|Rotom-Wash|100/100
|switch|p2a: Clefable|Clefable, M|100/100
|turn|1
|
|move|p1a: Rotom|Trick|p2a: Clefable
|-activate|p1a: Rotom|move: Trick|[of] p2a: Clefable
|-item|p2a: Clefable|Choice Scarf|[from] move: Trick
|-item|p1a: Rotom|Life Orb|[from] move: Trick
|move|p2a: Clefable|Moonblast|p1a: Rotom
|-damage|p1a: Rotom|42/100
|
|upkeep
|turn|2
|
|move|p1a: Rotom|Volt Switch|p2a: Clefable
|-damage|p2a: Clefable|63/100
|-damage|p1a: Rotom|32/100|[from] item: Life Orb
|
|switch|p1a: Toxapex|Toxapex, M|100/100|[from]move: Volt Switch
|move|p2a: Clefable|Moonblast|p1a: Toxapex
|-resisted|p1a: Toxapex
|-damage|p1a: Toxapex|83/100
|
|upkeep
|turn|3
|
|switch|p2a: Toxtricity|Toxtricity-Low-Key, M|100/100
|switch|p1a: Mandibuzz|Mandibuzz, F|100/100
|
|upkeep
|turn|4
|j| Hopopope
|
|switch|p1a: Tyranitar|Tyranitar, F|100/100
|-weather|Sandstorm|[from] ability: Sand Stream|[of] p1a: Tyranitar
|move|p2a: Toxtricity|Overdrive|p1a: Tyranitar
|-damage|p1a: Tyranitar|67/100
|
|-weather|Sandstorm|[upkeep]
|-damage|p2a: Toxtricity|94/100|[from] Sandstorm
|-heal|p1a: Tyranitar|73/100|[from] item: Leftovers
|upkeep
|turn|5
|
|switch|p2a: Clefable|Clefable, M|63/100
|move|p1a: Tyranitar|Stealth Rock|p2a: Clefable
|-sidestart|p2: el 7wa dwa|move: Stealth Rock
|
|-weather|Sandstorm|[upkeep]
|-heal|p1a: Tyranitar|79/100|[from] item: Leftovers
|upkeep
|turn|6
|l| Hopopope
|
|switch|p1a: Toxapex|Toxapex, M|100/100
|move|p2a: Clefable|Thunderbolt|p1a: Toxapex
|-supereffective|p1a: Toxapex
|-damage|p1a: Toxapex|52/100
|
|-weather|Sandstorm|[upkeep]
|-damage|p1a: Toxapex|46/100|[from] Sandstorm
|upkeep
|turn|7
|
|switch|p1a: Tyranitar|Tyranitar, F|79/100
|move|p2a: Clefable|Thunderbolt|p1a: Tyranitar
|-damage|p1a: Tyranitar|67/100
|
|-weather|Sandstorm|[upkeep]
|-heal|p1a: Tyranitar|74/100|[from] item: Leftovers
|upkeep
|turn|8
|
|move|p2a: Clefable|Thunderbolt|p1a: Tyranitar
|-damage|p1a: Tyranitar|63/100
|move|p1a: Tyranitar|Heavy Slam|p2a: Clefable
|-supereffective|p2a: Clefable
|-damage|p2a: Clefable|0 fnt
|faint|p2a: Clefable
|
|-weather|none
|-heal|p1a: Tyranitar|69/100|[from] item: Leftovers
|upkeep
|
|switch|p2a: Haxorus|Haxorus, M|100/100
|-damage|p2a: Haxorus|88/100|[from] Stealth Rock
|-ability|p2a: Haxorus|Mold Breaker
|turn|9
|
|move|p2a: Haxorus|Earthquake|p1a: Tyranitar
|-supereffective|p1a: Tyranitar
|-damage|p1a: Tyranitar|4/100
|move|p1a: Tyranitar|Thunder Wave|p2a: Haxorus
|-status|p2a: Haxorus|par
|
|-heal|p1a: Tyranitar|10/100|[from] item: Leftovers
|upkeep
|turn|10
|
|switch|p1a: Mandibuzz|Mandibuzz, F|100/100
|move|p2a: Haxorus|Earthquake|p1a: Mandibuzz
|-immune|p1a: Mandibuzz
|
|upkeep
|turn|11
|
|switch|p2a: Toxtricity|Toxtricity-Low-Key, M|94/100
|-damage|p2a: Toxtricity|82/100|[from] Stealth Rock
|move|p1a: Mandibuzz|Foul Play|p2a: Toxtricity
|-damage|p2a: Toxtricity|40/100
|
|upkeep
|turn|12
|
|switch|p1a: Dragapult|Dragapult, F|100/100
|move|p2a: Toxtricity|Overdrive|p1a: Dragapult
|-resisted|p1a: Dragapult
|-damage|p1a: Dragapult|41/100
|
|upkeep
|turn|13
|
|switch|p2a: Haxorus|Haxorus, M|88/100 par
|-damage|p2a: Haxorus|76/100 par|[from] Stealth Rock
|-ability|p2a: Haxorus|Mold Breaker
|move|p1a: Dragapult|Shadow Ball|p2a: Haxorus
|-damage|p2a: Haxorus|0 fnt
|faint|p2a: Haxorus
|
|upkeep
|
|switch|p2a: Grimmsnarl|Grimmsnarl, M|100/100
|-damage|p2a: Grimmsnarl|88/100|[from] Stealth Rock
|turn|14
|
|switch|p1a: Toxapex|Toxapex, M|79/100
|switch|p2a: Cinderace|Cinderace, M|100/100
|
|upkeep
|turn|15
|
|move|p2a: Cinderace|Court Change|p2a: Cinderace
|-sideend|p2: el 7wa dwa|Stealth Rock|[silent]
|-sidestart|p1: batmanex|Stealth Rock|[silent]
|-activate|p2a: Cinderace|move: Court Change
|move|p1a: Toxapex|Scald|p2a: Cinderace
|-supereffective|p2a: Cinderace
|-damage|p2a: Cinderace|51/100
|
|upkeep
|turn|16
|
|move|p2a: Cinderace|U-turn|p1a: Toxapex
|-resisted|p1a: Toxapex
|-damage|p1a: Toxapex|73/100
|
|switch|p2a: Toxtricity|Toxtricity-Low-Key, M|40/100|[from]move: U-turn
|move|p1a: Toxapex|Toxic Spikes|p2a: Toxtricity
|-sidestart|p2: el 7wa dwa|move: Toxic Spikes
|
|upkeep
|turn|17
|
|switch|p1a: Rotom|Rotom-Wash|32/100
|-damage|p1a: Rotom|20/100|[from] Stealth Rock
|move|p2a: Toxtricity|Overdrive|p1a: Rotom
|-damage|p1a: Rotom|0 fnt
|faint|p1a: Rotom
|
|upkeep
|
|switch|p1a: Cinderace|Cinderace, M|100/100
|-damage|p1a: Cinderace|76/100|[from] Stealth Rock
|turn|18
|j| Quick Skyz
|l| Quick Skyz
|
|switch|p2a: Gastrodon|Gastrodon, F|100/100
|-status|p2a: Gastrodon|psn
|move|p1a: Cinderace|Pyro Ball|p2a: Gastrodon
|-resisted|p2a: Gastrodon
|-damage|p2a: Gastrodon|65/100 psn
|
|-heal|p2a: Gastrodon|72/100 psn|[from] item: Leftovers
|-damage|p2a: Gastrodon|59/100 psn|[from] psn
|upkeep
|turn|19
|
|switch|p1a: Mandibuzz|Mandibuzz, F|100/100
|move|p2a: Gastrodon|Earth Power|p1a: Mandibuzz
|-immune|p1a: Mandibuzz
|
|-heal|p2a: Gastrodon|65/100 psn|[from] item: Leftovers
|-damage|p2a: Gastrodon|53/100 psn|[from] psn
|upkeep
|turn|20
|
|move|p1a: Mandibuzz|Defog|p2a: Gastrodon
|-unboost|p2a: Gastrodon|evasion|1
|-sideend|p2: el 7wa dwa|Toxic Spikes|[from] move: Defog|[of] p1a: Mandibuzz
|-sideend|p1: batmanex|Stealth Rock|[from] move: Defog|[of] p1a: Mandibuzz
|move|p2a: Gastrodon|Scald|p1a: Mandibuzz
|-damage|p1a: Mandibuzz|76/100
|
|-heal|p2a: Gastrodon|59/100 psn|[from] item: Leftovers
|-damage|p2a: Gastrodon|47/100 psn|[from] psn
|upkeep
|turn|21
|
|switch|p1a: Toxapex|Toxapex, M|100/100
|move|p2a: Gastrodon|Scald|p1a: Toxapex
|-resisted|p1a: Toxapex
|-damage|p1a: Toxapex|89/100
|
|-heal|p2a: Gastrodon|53/100 psn|[from] item: Leftovers
|-damage|p2a: Gastrodon|41/100 psn|[from] psn
|upkeep
|turn|22
|
|switch|p2a: Toxtricity|Toxtricity-Low-Key, M|40/100
|switch|p1a: Tyranitar|Tyranitar, F|10/100
|-weather|Sandstorm|[from] ability: Sand Stream|[of] p1a: Tyranitar
|
|-weather|Sandstorm|[upkeep]
|-damage|p2a: Toxtricity|33/100|[from] Sandstorm
|-heal|p1a: Tyranitar|16/100|[from] item: Leftovers
|upkeep
|turn|23
|
|switch|p1a: Mandibuzz|Mandibuzz, F|76/100
|move|p2a: Toxtricity|Overdrive|p1a: Mandibuzz
|-supereffective|p1a: Mandibuzz
|-damage|p1a: Mandibuzz|0 fnt
|faint|p1a: Mandibuzz
|
|-weather|Sandstorm|[upkeep]
|-damage|p2a: Toxtricity|27/100|[from] Sandstorm
|upkeep
|
|switch|p1a: Dragapult|Dragapult, F|41/100
|turn|24
|
|switch|p2a: Grimmsnarl|Grimmsnarl, M|88/100
|move|p1a: Dragapult|Shadow Ball|p2a: Grimmsnarl
|-resisted|p2a: Grimmsnarl
|-damage|p2a: Grimmsnarl|55/100
|
|-weather|Sandstorm|[upkeep]
|-damage|p1a: Dragapult|35/100|[from] Sandstorm
|-damage|p2a: Grimmsnarl|49/100|[from] Sandstorm
|upkeep
|turn|25
|
|switch|p1a: Toxapex|Toxapex, M|100/100
|move|p2a: Grimmsnarl|Spirit Break|p1a: Toxapex
|-resisted|p1a: Toxapex
|-damage|p1a: Toxapex|85/100
|-unboost|p1a: Toxapex|spa|1
|-damage|p2a: Grimmsnarl|39/100|[from] item: Life Orb
|
|-weather|Sandstorm|[upkeep]
|-damage|p2a: Grimmsnarl|32/100|[from] Sandstorm
|-damage|p1a: Toxapex|79/100|[from] Sandstorm
|upkeep
|turn|26
|
|switch|p1a: Cinderace|Cinderace, M|76/100
|move|p2a: Grimmsnarl|Taunt|p1a: Cinderace
|-start|p1a: Cinderace|move: Taunt
|
|-weather|none
|upkeep
|turn|27
|
|move|p2a: Grimmsnarl|Sucker Punch|p1a: Cinderace
|-damage|p1a: Cinderace|5/100
|-damage|p2a: Grimmsnarl|22/100|[from] item: Life Orb
|move|p1a: Cinderace|U-turn|p2a: Grimmsnarl
|-damage|p2a: Grimmsnarl|0 fnt
|faint|p2a: Grimmsnarl
|
|switch|p1a: Dragapult|Dragapult, F|35/100|[from]move: U-turn
|
|upkeep
|
|switch|p2a: Cinderace|Cinderace, M|51/100
|turn|28
|
|switch|p1a: Toxapex|Toxapex, M|100/100
|move|p2a: Cinderace|Sucker Punch||[still]
|-fail|p2a: Cinderace
|
|upkeep
|turn|29
|
|move|p2a: Cinderace|U-turn|p1a: Toxapex
|-resisted|p1a: Toxapex
|-damage|p1a: Toxapex|94/100
|
|switch|p2a: Toxtricity|Toxtricity-Low-Key, M|27/100|[from]move: U-turn
|move|p1a: Toxapex|Toxic Spikes|p2a: Toxtricity
|-sidestart|p2: el 7wa dwa|move: Toxic Spikes
|
|upkeep
|turn|30
|
|switch|p1a: Tyranitar|Tyranitar, F|16/100
|-weather|Sandstorm|[from] ability: Sand Stream|[of] p1a: Tyranitar
|move|p2a: Toxtricity|Volt Switch|p1a: Tyranitar
|-damage|p1a: Tyranitar|0 fnt
|faint|p1a: Tyranitar
|
|switch|p2a: Gastrodon|Gastrodon, F|41/100 psn|[from]move: Volt Switch
|
|-weather|Sandstorm|[upkeep]
|-heal|p2a: Gastrodon|47/100 psn|[from] item: Leftovers
|-damage|p2a: Gastrodon|34/100 psn|[from] psn
|upkeep
|
|switch|p1a: Cinderace|Cinderace, M|5/100
|turn|31
|
|move|p1a: Cinderace|U-turn|p2a: Gastrodon
|-damage|p2a: Gastrodon|7/100 psn
|
|switch|p1a: Toxapex|Toxapex, M|100/100|[from]move: U-turn
|move|p2a: Gastrodon|Recover|p2a: Gastrodon
|-heal|p2a: Gastrodon|57/100 psn
|
|-weather|Sandstorm|[upkeep]
|-damage|p1a: Toxapex|94/100|[from] Sandstorm
|-heal|p2a: Gastrodon|63/100 psn|[from] item: Leftovers
|-damage|p2a: Gastrodon|50/100 psn|[from] psn
|upkeep
|turn|32
|
|switch|p1a: Dragapult|Dragapult, F|35/100
|move|p2a: Gastrodon|Recover|p2a: Gastrodon
|-heal|p2a: Gastrodon|100/100 psn
|
|-weather|Sandstorm|[upkeep]
|-damage|p1a: Dragapult|29/100|[from] Sandstorm
|-damage|p2a: Gastrodon|88/100 psn|[from] psn
|upkeep
|turn|33
|
|move|p1a: Dragapult|Draco Meteor|p2a: Gastrodon
|-damage|p2a: Gastrodon|12/100 psn
|-unboost|p1a: Dragapult|spa|2
|move|p2a: Gastrodon|Earth Power|p1a: Dragapult
|-damage|p1a: Dragapult|0 fnt
|faint|p1a: Dragapult
|
|-weather|Sandstorm|[upkeep]
|-heal|p2a: Gastrodon|18/100 psn|[from] item: Leftovers
|-damage|p2a: Gastrodon|6/100 psn|[from] psn
|upkeep
|
|switch|p1a: Cinderace|Cinderace, M|5/100
|turn|34
|
|switch|p2a: Cinderace|Cinderace, M|51/100
|move|p1a: Cinderace|Pyro Ball|p2a: Cinderace
|-resisted|p2a: Cinderace
|-damage|p2a: Cinderace|0 fnt
|faint|p2a: Cinderace
|
|-weather|none
|upkeep
|
|switch|p2a: Gastrodon|Gastrodon, F|6/100 psn
|turn|35
|
|move|p1a: Cinderace|Pyro Ball|p2a: Gastrodon
|-resisted|p2a: Gastrodon
|-damage|p2a: Gastrodon|0 fnt
|faint|p2a: Gastrodon
|
|upkeep
|
|switch|p2a: Toxtricity|Toxtricity-Low-Key, M|27/100
|-sideend|p2: el 7wa dwa|move: Toxic Spikes|[of] p2a: Toxtricity
|turn|36
|
|move|p1a: Cinderace|Pyro Ball|p2a: Toxtricity|[miss]
|-miss|p1a: Cinderace|p2a: Toxtricity
|move|p2a: Toxtricity|Overdrive|p1a: Cinderace
|-damage|p1a: Cinderace|0 fnt
|faint|p1a: Cinderace
|
|upkeep
|c|☆batmanex|no gg
|-message|batmanex forfeited.
|
|win|el 7wa dwa
|l|☆batmanex
|raw|batmanex's rating: 1548 → 1528(-20 for losing)
|raw|el 7wa dwa's rating: 1549 → 1569(+20 for winning)
