|ScrapeTime|2020-01-02-08:15:09
|j|☆jhayx0933
|j|☆Perveyuncle
|player|p1|jhayx0933|101|1288
|player|p2|Perveyuncle|1|1274
|teamsize|p1|6
|teamsize|p2|6
|gametype|singles
|gen|8
|tier|[Gen 8] OU
|rated|
|rule|Sleep Clause Mod: Limit one foe put to sleep
|rule|Species Clause: Limit one of each Pokémon
|rule|OHKO Clause: OHKO moves are banned
|rule|Evasion Moves Clause: Evasion moves are banned
|rule|Endless Battle Clause: Forcing endless battles is banned
|rule|HP Percentage Mod: HP is shown in percentages
|clearpoke
|poke|p1|Gyarados, M|
|poke|p1|Hydreigon, M|
|poke|p1|Cinderace, M|
|poke|p1|Togekiss, M|
|poke|p1|Excadrill, F|
|poke|p1|Dragapult, M|
|poke|p2|Rotom-Heat|
|poke|p2|Corviknight, F|
|poke|p2|Seismitoad, M|
|poke|p2|Toxtricity, M|
|poke|p2|Conkeldurr, M|
|poke|p2|Dragapult, F|
|rule|Dynamax Clause: You cannot dynamax
|teampreview
|inactive|Battle timer is ON: inactive players will automatically lose when time's up. (requested by jhayx0933)
|
|start
|switch|p1a: Cinderace|Cinderace, M|100/100
|switch|p2a: Dragapult|Dragapult, F|100/100
|turn|1
|
|move|p1a: Cinderace|Sucker Punch|p2a: Dragapult
|-supereffective|p2a: Dragapult
|-damage|p2a: Dragapult|37/100
|move|p2a: Dragapult|Draco Meteor|p1a: Cinderace
|-damage|p1a: Cinderace|0 fnt
|-unboost|p2a: Dragapult|spa|2
|faint|p1a: Cinderace
|
|upkeep
|
|switch|p1a: Togekiss|Togekiss, M, shiny|100/100
|turn|2
|
|switch|p2a: Rotom|Rotom-Heat|100/100
|move|p1a: Togekiss|Nasty Plot|p1a: Togekiss
|-boost|p1a: Togekiss|spa|2
|
|upkeep
|turn|3
|
|move|p2a: Rotom|Nasty Plot|p2a: Rotom
|-boost|p2a: Rotom|spa|2
|move|p1a: Togekiss|Air Slash|p2a: Rotom
|-resisted|p2a: Rotom
|-damage|p2a: Rotom|59/100
|
|upkeep
|turn|4
|
|switch|p1a: Excadrill|Excadrill, F|100/100
|-ability|p1a: Excadrill|Mold Breaker
|move|p2a: Rotom|Overheat|p1a: Excadrill|[miss]
|-miss|p2a: Rotom|p1a: Excadrill
|
|upkeep
|turn|5
|
|switch|p2a: Corviknight|Corviknight, F|100/100
|-ability|p2a: Corviknight|Pressure
|move|p1a: Excadrill|Earthquake|p2a: Corviknight
|-immune|p2a: Corviknight
|
|upkeep
|turn|6
|
|move|p1a: Excadrill|Stealth Rock|p2a: Corviknight
|-sidestart|p2: Perveyuncle|move: Stealth Rock
|move|p2a: Corviknight|U-turn|p1a: Excadrill
|-resisted|p1a: Excadrill
|-damage|p1a: Excadrill|91/100
|
|switch|p2a: Conkeldurr|Conkeldurr, M|100/100|[from]move: U-turn
|-damage|p2a: Conkeldurr|94/100|[from] Stealth Rock
|
|-status|p2a: Conkeldurr|brn|[from] item: Flame Orb
|upkeep
|turn|7
|
|switch|p1a: Togekiss|Togekiss, M, shiny|100/100
|move|p2a: Conkeldurr|Thunder Punch|p1a: Togekiss
|-supereffective|p1a: Togekiss
|-damage|p1a: Togekiss|0 fnt
|faint|p1a: Togekiss
|
|-damage|p2a: Conkeldurr|88/100 brn|[from] brn
|upkeep
|
|switch|p1a: Dragapult|Dragapult, M|100/100
|turn|8
|
|switch|p2a: Corviknight|Corviknight, F|100/100
|-damage|p2a: Corviknight|88/100|[from] Stealth Rock
|-ability|p2a: Corviknight|Pressure
|move|p1a: Dragapult|Shadow Ball|p2a: Corviknight
|-damage|p2a: Corviknight|53/100
|-damage|p1a: Dragapult|91/100|[from] item: Life Orb
|
|-heal|p2a: Corviknight|60/100|[from] item: Leftovers
|upkeep
|turn|9
|
|move|p1a: Dragapult|Thunderbolt|p2a: Corviknight
|-supereffective|p2a: Corviknight
|-damage|p2a: Corviknight|6/100
|-damage|p1a: Dragapult|81/100|[from] item: Life Orb
|move|p2a: Corviknight|Roost|p2a: Corviknight
|-heal|p2a: Corviknight|57/100
|-singleturn|p2a: Corviknight|move: Roost
|
|-heal|p2a: Corviknight|63/100|[from] item: Leftovers
|upkeep
|turn|10
|
|move|p1a: Dragapult|Thunderbolt|p2a: Corviknight
|-supereffective|p2a: Corviknight
|-damage|p2a: Corviknight|8/100
|-damage|p1a: Dragapult|71/100|[from] item: Life Orb
|move|p2a: Corviknight|Roost|p2a: Corviknight
|-heal|p2a: Corviknight|57/100
|-singleturn|p2a: Corviknight|move: Roost
|
|-heal|p2a: Corviknight|64/100|[from] item: Leftovers
|upkeep
|turn|11
|
|move|p1a: Dragapult|Fire Blast|p2a: Corviknight
|-supereffective|p2a: Corviknight
|-damage|p2a: Corviknight|0 fnt
|-damage|p1a: Dragapult|61/100|[from] item: Life Orb
|faint|p2a: Corviknight
|
|upkeep
|
|switch|p2a: Conkeldurr|Conkeldurr, M|88/100 brn
|-damage|p2a: Conkeldurr|82/100 brn|[from] Stealth Rock
|turn|12
|
|move|p1a: Dragapult|Shadow Ball|p2a: Conkeldurr
|-damage|p2a: Conkeldurr|28/100 brn
|-unboost|p2a: Conkeldurr|spd|1
|-damage|p1a: Dragapult|52/100|[from] item: Life Orb
|move|p2a: Conkeldurr|Earthquake|p1a: Dragapult
|-damage|p1a: Dragapult|0 fnt
|faint|p1a: Dragapult
|
|-damage|p2a: Conkeldurr|22/100 brn|[from] brn
|upkeep
|
|switch|p1a: Gyarados|Gyarados, M|100/100
|turn|13
|
|move|p1a: Gyarados|Waterfall|p2a: Conkeldurr
|-damage|p2a: Conkeldurr|0 fnt
|faint|p2a: Conkeldurr
|-ability|p1a: Gyarados|Moxie|boost
|-boost|p1a: Gyarados|atk|1
|
|upkeep
|
|switch|p2a: Rotom|Rotom-Heat|59/100
|turn|14
|
|move|p2a: Rotom|Will-O-Wisp|p1a: Gyarados
|-status|p1a: Gyarados|brn
|move|p1a: Gyarados|Waterfall|p2a: Rotom
|-supereffective|p2a: Rotom
|-damage|p2a: Rotom|0 fnt
|faint|p2a: Rotom
|-ability|p1a: Gyarados|Moxie|boost
|-boost|p1a: Gyarados|atk|1
|
|-damage|p1a: Gyarados|94/100 brn|[from] brn
|upkeep
|
|switch|p2a: Toxtricity|Toxtricity, M|100/100
|-damage|p2a: Toxtricity|88/100|[from] Stealth Rock
|turn|15
|
|switch|p1a: Excadrill|Excadrill, F|91/100
|-ability|p1a: Excadrill|Mold Breaker
|move|p2a: Toxtricity|Overdrive|p1a: Excadrill
|-immune|p1a: Excadrill
|
|upkeep
|turn|16
|
|switch|p2a: Seismitoad|Seismitoad, M|100/100
|-damage|p2a: Seismitoad|94/100|[from] Stealth Rock
|move|p1a: Excadrill|Earthquake|p2a: Seismitoad
|-damage|p2a: Seismitoad|52/100
|
|-heal|p2a: Seismitoad|58/100|[from] item: Leftovers
|upkeep
|turn|17
|
|switch|p1a: Gyarados|Gyarados, M|94/100 brn
|move|p2a: Seismitoad|Stealth Rock|p1a: Gyarados
|-sidestart|p1: jhayx0933|move: Stealth Rock
|
|-heal|p1a: Gyarados|100/100 brn|[from] item: Leftovers
|-heal|p2a: Seismitoad|64/100|[from] item: Leftovers
|-damage|p1a: Gyarados|94/100 brn|[from] brn
|upkeep
|turn|18
|
|switch|p2a: Toxtricity|Toxtricity, M|88/100
|-damage|p2a: Toxtricity|76/100|[from] Stealth Rock
|move|p1a: Gyarados|Dragon Dance|p1a: Gyarados
|-boost|p1a: Gyarados|atk|1
|-boost|p1a: Gyarados|spe|1
|
|-heal|p1a: Gyarados|100/100 brn|[from] item: Leftovers
|-damage|p1a: Gyarados|94/100 brn|[from] brn
|upkeep
|turn|19
|
|move|p1a: Gyarados|Earthquake|p2a: Toxtricity
|-supereffective|p2a: Toxtricity
|-damage|p2a: Toxtricity|0 fnt
|faint|p2a: Toxtricity
|-ability|p1a: Gyarados|Moxie|boost
|-boost|p1a: Gyarados|atk|1
|
|-heal|p1a: Gyarados|100/100 brn|[from] item: Leftovers
|-damage|p1a: Gyarados|94/100 brn|[from] brn
|upkeep
|
|switch|p2a: Dragapult|Dragapult, F|37/100
|-damage|p2a: Dragapult|25/100|[from] Stealth Rock
|turn|20
|
|switch|p1a: Excadrill|Excadrill, F|91/100
|-damage|p1a: Excadrill|88/100|[from] Stealth Rock
|-ability|p1a: Excadrill|Mold Breaker
|move|p2a: Dragapult|Draco Meteor|p1a: Excadrill
|-resisted|p1a: Excadrill
|-damage|p1a: Excadrill|29/100
|-unboost|p2a: Dragapult|spa|2
|
|upkeep
|turn|21
|
|move|p2a: Dragapult|Draco Meteor|p1a: Excadrill
|-resisted|p1a: Excadrill
|-damage|p1a: Excadrill|0 fnt
|-unboost|p2a: Dragapult|spa|2
|faint|p1a: Excadrill
|
|upkeep
|inactive|jhayx0933 has 120 seconds left.
|
|switch|p1a: Hydreigon|Hydreigon, M|100/100
|-damage|p1a: Hydreigon|88/100|[from] Stealth Rock
|turn|22
|
|switch|p2a: Seismitoad|Seismitoad, M|64/100
|-damage|p2a: Seismitoad|58/100|[from] Stealth Rock
|move|p1a: Hydreigon|Dark Pulse|p2a: Seismitoad
|-crit|p2a: Seismitoad
|-damage|p2a: Seismitoad|0 fnt
|faint|p2a: Seismitoad
|
|upkeep
|
|switch|p2a: Dragapult|Dragapult, F|25/100
|-damage|p2a: Dragapult|13/100|[from] Stealth Rock
|turn|23
|
|move|p1a: Hydreigon|Dark Pulse|p2a: Dragapult
|-supereffective|p2a: Dragapult
|-damage|p2a: Dragapult|0 fnt
|faint|p2a: Dragapult
|
|win|jhayx0933
|raw|jhayx0933's rating: 1288 → 1312(+24 for winning)
|raw|Perveyuncle's rating: 1274 → 1250(-24 for losing)
|l|☆Perveyuncle
