|ScrapeTime|2020-01-01-08:34:56
|j|☆pastagirl
|j|☆Rottie509
|player|p1|pastagirl|beauty-gen4dp|1365
|player|p2|Rottie509|red|1418
|teamsize|p1|6
|teamsize|p2|6
|gametype|singles
|gen|8
|tier|[Gen 8] OU
|rated|
|rule|Sleep Clause Mod: Limit one foe put to sleep
|rule|Species Clause: Limit one of each Pokémon
|rule|OHKO Clause: OHKO moves are banned
|rule|Evasion Moves Clause: Evasion moves are banned
|rule|Endless Battle Clause: Forcing endless battles is banned
|rule|HP Percentage Mod: HP is shown in percentages
|clearpoke
|poke|p1|Togekiss, M|
|poke|p1|Mamoswine, F|
|poke|p1|Ferrothorn, M|
|poke|p1|Dracozolt|
|poke|p1|Conkeldurr, F|
|poke|p1|Toxapex, M|
|poke|p2|Pelipper, F|
|poke|p2|Ludicolo, F|
|poke|p2|Dracovish|
|poke|p2|Excadrill, M|
|poke|p2|Drednaw, F|
|poke|p2|Clefable, F|
|rule|Dynamax Clause: You cannot dynamax
|teampreview
|inactive|Battle timer is ON: inactive players will automatically lose when time's up. (requested by Rottie509)
|inactive|pastagirl has 120 seconds left.
|
|start
|switch|p1a: Dracozolt|Dracozolt|100/100
|switch|p2a: Pelipper|Pelipper, F, shiny|100/100
|-weather|RainDance|[from] ability: Drizzle|[of] p2a: Pelipper
|turn|1
|
|switch|p2a: Excadrill|Excadrill, M|100/100
|-ability|p2a: Excadrill|Mold Breaker
|-item|p2a: Excadrill|Air Balloon
|move|p1a: Dracozolt|Substitute|p1a: Dracozolt
|-start|p1a: Dracozolt|Substitute
|-damage|p1a: Dracozolt|76/100
|
|-weather|RainDance|[upkeep]
|upkeep
|turn|2
|
|move|p2a: Excadrill|Earthquake|p1a: Dracozolt
|-supereffective|p1a: Dracozolt
|-end|p1a: Dracozolt|Substitute
|move|p1a: Dracozolt|Fire Fang|p2a: Excadrill
|-supereffective|p2a: Excadrill
|-damage|p2a: Excadrill|59/100
|-enditem|p2a: Excadrill|Air Balloon
|
|-weather|RainDance|[upkeep]
|upkeep
|turn|3
|
|switch|p1a: Conkeldurr|Conkeldurr, F|100/100
|move|p2a: Excadrill|Swords Dance|p2a: Excadrill
|-boost|p2a: Excadrill|atk|2
|
|-weather|RainDance|[upkeep]
|-status|p1a: Conkeldurr|brn|[from] item: Flame Orb
|upkeep
|turn|4
|
|switch|p2a: Clefable|Clefable, F, shiny|100/100
|move|p1a: Conkeldurr|Mach Punch|p2a: Clefable
|-resisted|p2a: Clefable
|-damage|p2a: Clefable|82/100
|
|-weather|RainDance|[upkeep]
|-damage|p1a: Conkeldurr|94/100 brn|[from] brn
|upkeep
|turn|5
|
|switch|p1a: Mamoswine|Mamoswine, F|100/100
|move|p2a: Clefable|Stealth Rock|p1a: Mamoswine
|-sidestart|p1: pastagirl|move: Stealth Rock
|
|-weather|RainDance|[upkeep]
|upkeep
|turn|6
|
|move|p2a: Clefable|Fire Blast|p1a: Mamoswine
|-supereffective|p1a: Mamoswine
|-damage|p1a: Mamoswine|89/100
|move|p1a: Mamoswine|Avalanche|p2a: Clefable
|-damage|p2a: Clefable|26/100
|
|-weather|RainDance|[upkeep]
|upkeep
|turn|7
|
|switch|p2a: Dracovish|Dracovish, shiny|100/100
|move|p1a: Mamoswine|Stone Edge|p2a: Dracovish
|-damage|p2a: Dracovish|72/100
|
|-weather|RainDance|[upkeep]
|upkeep
|turn|8
|
|switch|p1a: Ferrothorn|Ferrothorn, M|100/100
|-damage|p1a: Ferrothorn|94/100|[from] Stealth Rock
|move|p2a: Dracovish|Fishious Rend|p1a: Ferrothorn
|-resisted|p1a: Ferrothorn
|-damage|p1a: Ferrothorn|24/100
|-damage|p2a: Dracovish|59/100|[from] ability: Iron Barbs|[of] p1a: Ferrothorn
|
|-weather|none
|-heal|p1a: Ferrothorn|30/100|[from] item: Leftovers
|upkeep
|turn|9
|
|switch|p1a: Toxapex|Toxapex, M|100/100
|-damage|p1a: Toxapex|88/100|[from] Stealth Rock
|move|p2a: Dracovish|Fishious Rend|p1a: Toxapex
|-resisted|p1a: Toxapex
|-damage|p1a: Toxapex|29/100
|
|-heal|p1a: Toxapex|35/100|[from] item: Black Sludge
|upkeep
|turn|10
|
|switch|p1a: Ferrothorn|Ferrothorn, M|30/100
|-damage|p1a: Ferrothorn|24/100|[from] Stealth Rock
|move|p2a: Dracovish|Fishious Rend|p1a: Ferrothorn
|-resisted|p1a: Ferrothorn
|-crit|p1a: Ferrothorn
|-damage|p1a: Ferrothorn|0 fnt
|-damage|p2a: Dracovish|47/100|[from] ability: Iron Barbs|[of] p1a: Ferrothorn
|faint|p1a: Ferrothorn
|
|upkeep
|inactive|pastagirl has 120 seconds left.
|
|switch|p1a: Togekiss|Togekiss, M|100/100
|-damage|p1a: Togekiss|76/100|[from] Stealth Rock
|turn|11
|
|switch|p2a: Pelipper|Pelipper, F, shiny|100/100
|-weather|RainDance|[from] ability: Drizzle|[of] p2a: Pelipper
|move|p1a: Togekiss|Dazzling Gleam|p2a: Pelipper
|-damage|p2a: Pelipper|41/100
|
|-weather|RainDance|[upkeep]
|upkeep
|turn|12
|
|move|p1a: Togekiss|Dazzling Gleam|p2a: Pelipper
|-damage|p2a: Pelipper|0 fnt
|faint|p2a: Pelipper
|
|-weather|RainDance|[upkeep]
|upkeep
|
|switch|p2a: Drednaw|Drednaw, F, shiny|100/100
|turn|13
|
|switch|p1a: Mamoswine|Mamoswine, F|89/100
|-damage|p1a: Mamoswine|77/100|[from] Stealth Rock
|move|p2a: Drednaw|Liquidation|p1a: Mamoswine
|-supereffective|p1a: Mamoswine
|-damage|p1a: Mamoswine|0 fnt
|-damage|p2a: Drednaw|91/100|[from] item: Life Orb
|faint|p1a: Mamoswine
|
|-weather|RainDance|[upkeep]
|upkeep
|
|switch|p1a: Conkeldurr|Conkeldurr, F|94/100 brn
|-damage|p1a: Conkeldurr|88/100 brn|[from] Stealth Rock
|turn|14
|
|move|p1a: Conkeldurr|Mach Punch|p2a: Drednaw
|-supereffective|p2a: Drednaw
|-damage|p2a: Drednaw|0 fnt
|faint|p2a: Drednaw
|
|-weather|RainDance|[upkeep]
|-damage|p1a: Conkeldurr|82/100 brn|[from] brn
|upkeep
|
|switch|p2a: Clefable|Clefable, F, shiny|26/100
|turn|15
|
|switch|p1a: Toxapex|Toxapex, M|68/100
|-damage|p1a: Toxapex|56/100|[from] Stealth Rock
|move|p2a: Clefable|Moonblast|p1a: Toxapex
|-resisted|p1a: Toxapex
|-damage|p1a: Toxapex|34/100
|-unboost|p1a: Toxapex|spa|1
|
|-weather|RainDance|[upkeep]
|-heal|p1a: Toxapex|40/100|[from] item: Black Sludge
|upkeep
|turn|16
|
|switch|p1a: Dracozolt|Dracozolt|76/100
|-damage|p1a: Dracozolt|63/100|[from] Stealth Rock
|move|p2a: Clefable|Thunder|p1a: Dracozolt
|-resisted|p1a: Dracozolt
|-damage|p1a: Dracozolt|47/100
|
|-weather|RainDance|[upkeep]
|upkeep
|turn|17
|
|switch|p2a: Excadrill|Excadrill, M|59/100
|-ability|p2a: Excadrill|Mold Breaker
|move|p1a: Dracozolt|Bolt Beak|p2a: Excadrill
|-immune|p2a: Excadrill
|
|-weather|RainDance|[upkeep]
|upkeep
|turn|18
|
|move|p2a: Excadrill|Earthquake|p1a: Dracozolt
|-supereffective|p1a: Dracozolt
|-damage|p1a: Dracozolt|0 fnt
|faint|p1a: Dracozolt
|
|-weather|none
|upkeep
|
|switch|p1a: Conkeldurr|Conkeldurr, F|82/100 brn
|-damage|p1a: Conkeldurr|76/100 brn|[from] Stealth Rock
|turn|19
|
|move|p1a: Conkeldurr|Mach Punch|p2a: Excadrill
|-supereffective|p2a: Excadrill
|-damage|p2a: Excadrill|0 fnt
|faint|p2a: Excadrill
|
|-damage|p1a: Conkeldurr|70/100 brn|[from] brn
|upkeep
|
|switch|p2a: Clefable|Clefable, F, shiny|26/100
|turn|20
|
|move|p1a: Conkeldurr|Mach Punch|p2a: Clefable
|-resisted|p2a: Clefable
|-damage|p2a: Clefable|5/100
|move|p2a: Clefable|Moonblast|p1a: Conkeldurr
|-supereffective|p1a: Conkeldurr
|-damage|p1a: Conkeldurr|0 fnt
|faint|p1a: Conkeldurr
|
|upkeep
|
|switch|p1a: Togekiss|Togekiss, M|76/100
|-damage|p1a: Togekiss|51/100|[from] Stealth Rock
|turn|21
|
|move|p1a: Togekiss|Air Slash|p2a: Clefable
|-damage|p2a: Clefable|0 fnt
|faint|p2a: Clefable
|
|upkeep
|
|switch|p2a: Dracovish|Dracovish, shiny|47/100
|turn|22
|
|move|p1a: Togekiss|Air Slash|p2a: Dracovish
|-damage|p2a: Dracovish|0 fnt
|faint|p2a: Dracovish
|
|upkeep
|
|switch|p2a: Ludicolo|Ludicolo, F, shiny|100/100
|turn|23
|
|move|p1a: Togekiss|Air Slash|p2a: Ludicolo
|-supereffective|p2a: Ludicolo
|-damage|p2a: Ludicolo|16/100
|cant|p2a: Ludicolo|flinch
|
|upkeep
|turn|24
|
|move|p1a: Togekiss|Air Slash|p2a: Ludicolo
|-supereffective|p2a: Ludicolo
|-damage|p2a: Ludicolo|0 fnt
|faint|p2a: Ludicolo
|
|win|pastagirl
|c|☆pastagirl|gg
|raw|pastagirl's rating: 1365 → 1388(+23 for winning)
|raw|Rottie509's rating: 1418 → 1395(-23 for losing)
|l|☆Rottie509
