|ScrapeTime|2020-01-02-00:07:04
|j|☆IdolsAndAnchorsss
|j|☆Cubone999
|player|p1|IdolsAndAnchorsss|roxie|1288
|player|p2|Cubone999|1|1281
|teamsize|p1|6
|teamsize|p2|6
|gametype|singles
|gen|8
|tier|[Gen 8] OU
|rated|
|rule|Sleep Clause Mod: Limit one foe put to sleep
|rule|Species Clause: Limit one of each Pokémon
|rule|OHKO Clause: OHKO moves are banned
|rule|Evasion Moves Clause: Evasion moves are banned
|rule|Endless Battle Clause: Forcing endless battles is banned
|rule|HP Percentage Mod: HP is shown in percentages
|clearpoke
|poke|p1|Corviknight, M|
|poke|p1|Ditto|
|poke|p1|Seismitoad, F|
|poke|p1|Dragapult, F|
|poke|p1|Clefable, F|
|poke|p1|Cinderace, M|
|poke|p2|Conkeldurr, M|
|poke|p2|Clefable, F|
|poke|p2|Cinderace, F|
|poke|p2|Aegislash, M|
|poke|p2|Cloyster, F|
|poke|p2|Mew|
|rule|Dynamax Clause: You cannot dynamax
|teampreview
|
|start
|switch|p1a: Banded|Clefable, F, shiny|100/100
|switch|p2a: Mew|Mew|100/100
|turn|1
|
|move|p2a: Mew|Whirlpool|p1a: Banded
|-damage|p1a: Banded|92/100
|-activate|p1a: Banded|move: Whirlpool|[of] p2a: Mew
|move|p1a: Banded|Moonblast|p2a: Mew
|-damage|p2a: Mew|50/100
|
|-heal|p2a: Mew|56/100|[from] item: Leftovers
|upkeep
|turn|2
|
|move|p2a: Mew|Imprison|p2a: Mew
|-start|p2a: Mew|move: Imprison
|move|p1a: Banded|Moonblast|p2a: Mew
|-damage|p2a: Mew|12/100
|
|-heal|p2a: Mew|19/100|[from] item: Leftovers
|upkeep
|turn|3
|
|move|p2a: Mew|Transform|p1a: Banded
|-transform|p2a: Mew|p1a: Banded
|-endability|p2a: Mew|Synchronize|[from] move: Transform
|cant|p1a: Banded|move: Imprison|Moonblast
|
|-heal|p2a: Mew|25/100|[from] item: Leftovers
|upkeep
|turn|4
|
|-activate|p1a: Banded|move: Struggle
|move|p1a: Banded|Struggle|p2a: Mew
|-damage|p2a: Mew|15/100
|-damage|p1a: Banded|67/100|[from] recoil
|move|p2a: Mew|Moonlight|p2a: Mew
|-heal|p2a: Mew|65/100
|
|-heal|p2a: Mew|72/100|[from] item: Leftovers
|upkeep
|turn|5
|
|-activate|p1a: Banded|move: Struggle
|move|p1a: Banded|Struggle|p2a: Mew
|-damage|p2a: Mew|63/100
|-damage|p1a: Banded|42/100|[from] recoil
|move|p2a: Mew|Moonblast|p1a: Banded
|-damage|p1a: Banded|0 fnt
|faint|p1a: Banded
|
|-heal|p2a: Mew|69/100|[from] item: Leftovers
|upkeep
|-message|IdolsAndAnchorsss forfeited.
|
|win|Cubone999
|l|☆IdolsAndAnchorsss
|raw|IdolsAndAnchorsss's rating: 1288 → 1262(-26 for losing)
|raw|Cubone999's rating: 1281 → 1306(+25 for winning)
