|ScrapeTime|2020-01-02-05:15:44
|j|☆beergoggles
|j|☆Endtro01
|player|p1|beergoggles|130|1253
|player|p2|Endtro01|170|1217
|teamsize|p1|6
|teamsize|p2|6
|gametype|singles
|gen|8
|tier|[Gen 8] OU
|rated|
|rule|Sleep Clause Mod: Limit one foe put to sleep
|rule|Species Clause: Limit one of each Pokémon
|rule|OHKO Clause: OHKO moves are banned
|rule|Evasion Moves Clause: Evasion moves are banned
|rule|Endless Battle Clause: Forcing endless battles is banned
|rule|HP Percentage Mod: HP is shown in percentages
|clearpoke
|poke|p1|Pincurchin, M|
|poke|p1|Hawlucha, M|
|poke|p1|Cloyster, M|
|poke|p1|Indeedee, M|
|poke|p1|Cinderace, F|
|poke|p1|Excadrill, M|
|poke|p2|Pelipper, M|
|poke|p2|Dracovish|
|poke|p2|Barraskewda, M|
|poke|p2|Corviknight, M|
|poke|p2|Seismitoad, M|
|poke|p2|Clefable, M|
|rule|Dynamax Clause: You cannot dynamax
|teampreview
|
|start
|switch|p1a: Excadrill|Excadrill, M|100/100
|switch|p2a: Pelipper|Pelipper, M|100/100
|-ability|p1a: Excadrill|Mold Breaker
|-weather|RainDance|[from] ability: Drizzle|[of] p2a: Pelipper
|turn|1
|
|move|p1a: Excadrill|Stealth Rock|p2a: Pelipper
|-sidestart|p2: Endtro01|move: Stealth Rock
|move|p2a: Pelipper|Knock Off|p1a: Excadrill
|-damage|p1a: Excadrill|85/100
|-enditem|p1a: Excadrill|Focus Sash|[from] move: Knock Off|[of] p2a: Pelipper
|
|-weather|RainDance|[upkeep]
|upkeep
|turn|2
|
|move|p1a: Excadrill|Rock Tomb|p2a: Pelipper
|-supereffective|p2a: Pelipper
|-damage|p2a: Pelipper|62/100
|-unboost|p2a: Pelipper|spe|1
|move|p2a: Pelipper|Knock Off|p1a: Excadrill
|-damage|p1a: Excadrill|74/100
|
|-weather|RainDance|[upkeep]
|upkeep
|turn|3
|
|move|p1a: Excadrill|Rock Tomb|p2a: Pelipper
|-supereffective|p2a: Pelipper
|-damage|p2a: Pelipper|24/100
|-unboost|p2a: Pelipper|spe|1
|move|p2a: Pelipper|Hydro Pump|p1a: Excadrill
|-supereffective|p1a: Excadrill
|-damage|p1a: Excadrill|0 fnt
|faint|p1a: Excadrill
|
|-weather|RainDance|[upkeep]
|upkeep
|
|switch|p1a: Dustpan|Pincurchin, M|100/100
|-fieldstart|move: Electric Terrain|[from] ability: Electric Surge|[of] p1a: Dustpan
|turn|4
|
|switch|p2a: XxJustin BeiberxX|Seismitoad, M, shiny|100/100
|-damage|p2a: XxJustin BeiberxX|94/100|[from] Stealth Rock
|move|p1a: Dustpan|Memento|p2a: XxJustin BeiberxX
|-unboost|p2a: XxJustin BeiberxX|atk|2
|-unboost|p2a: XxJustin BeiberxX|spa|2
|faint|p1a: Dustpan
|
|-weather|RainDance|[upkeep]
|upkeep
|
|switch|p1a: Broom|Hawlucha, M|100/100
|-enditem|p1a: Broom|Electric Seed
|-boost|p1a: Broom|def|1
|turn|5
|
|move|p1a: Broom|Swords Dance|p1a: Broom
|-boost|p1a: Broom|atk|2
|move|p2a: XxJustin BeiberxX|Toxic|p1a: Broom
|-status|p1a: Broom|tox
|
|-weather|none
|-damage|p1a: Broom|94/100 tox|[from] psn
|upkeep
|turn|6
|
|move|p1a: Broom|Encore|p2a: XxJustin BeiberxX
|-start|p2a: XxJustin BeiberxX|Encore
|move|p2a: XxJustin BeiberxX|Toxic|p1a: Broom
|-fail|p1a: Broom|tox
|
|-damage|p1a: Broom|82/100 tox|[from] psn
|upkeep
|turn|7
|inactive|Battle timer is ON: inactive players will automatically lose when time's up. (requested by beergoggles)
|inactive|Endtro01 has 120 seconds left.
|
|switch|p2a: +Hot peppee55+|Clefable, M|100/100
|move|p1a: Broom|Swords Dance|p1a: Broom
|-boost|p1a: Broom|atk|2
|
|-damage|p1a: Broom|64/100 tox|[from] psn
|upkeep
|turn|8
|
|switch|p2a: Pelipper|Pelipper, M|24/100
|-damage|p2a: Pelipper|0 fnt|[from] Stealth Rock
|faint|p2a: Pelipper
|move|p1a: Broom|Brave Bird|p2: Pelipper|[notarget]
|-fail|p1a: Broom
|
|-damage|p1a: Broom|40/100 tox|[from] psn
|-fieldend|move: Electric Terrain
|upkeep
|
|switch|p2a: 🔥PsychoChin🔥|Corviknight, M|100/100
|-damage|p2a: 🔥PsychoChin🔥|88/100|[from] Stealth Rock
|-ability|p2a: 🔥PsychoChin🔥|Pressure
|turn|9
|
|move|p1a: Broom|Drain Punch|p2a: 🔥PsychoChin🔥
|-damage|p2a: 🔥PsychoChin🔥|15/100
|-heal|p1a: Broom|89/100 tox|[from] drain|[of] p2a: 🔥PsychoChin🔥
|move|p2a: 🔥PsychoChin🔥|Roost|p2a: 🔥PsychoChin🔥
|-heal|p2a: 🔥PsychoChin🔥|65/100
|-singleturn|p2a: 🔥PsychoChin🔥|move: Roost
|
|-heal|p2a: 🔥PsychoChin🔥|71/100|[from] item: Leftovers
|-damage|p1a: Broom|59/100 tox|[from] psn
|upkeep
|turn|10
|
|move|p1a: Broom|Drain Punch|p2a: 🔥PsychoChin🔥
|-damage|p2a: 🔥PsychoChin🔥|5/100
|-heal|p1a: Broom|100/100 tox|[from] drain|[of] p2a: 🔥PsychoChin🔥
|move|p2a: 🔥PsychoChin🔥|Roost|p2a: 🔥PsychoChin🔥
|-heal|p2a: 🔥PsychoChin🔥|55/100
|-singleturn|p2a: 🔥PsychoChin🔥|move: Roost
|
|-heal|p2a: 🔥PsychoChin🔥|61/100|[from] item: Leftovers
|-damage|p1a: Broom|64/100 tox|[from] psn
|upkeep
|turn|11
|
|switch|p2a: XxJustin BeiberxX|Seismitoad, M, shiny|94/100
|-damage|p2a: XxJustin BeiberxX|88/100|[from] Stealth Rock
|move|p1a: Broom|Drain Punch|p2a: XxJustin BeiberxX
|-damage|p2a: XxJustin BeiberxX|20/100
|-heal|p1a: Broom|100/100 tox|[from] drain|[of] p2a: XxJustin BeiberxX
|-enditem|p2a: XxJustin BeiberxX|Aguav Berry|[eat]
|-heal|p2a: XxJustin BeiberxX|53/100|[from] item: Aguav Berry
|
|-damage|p1a: Broom|58/100 tox|[from] psn
|upkeep
|turn|12
|
|move|p1a: Broom|Drain Punch|p2a: XxJustin BeiberxX
|-damage|p2a: XxJustin BeiberxX|0 fnt
|-heal|p1a: Broom|95/100 tox|[from] drain|[of] p2a: XxJustin BeiberxX
|faint|p2a: XxJustin BeiberxX
|
|-damage|p1a: Broom|46/100 tox|[from] psn
|upkeep
|
|switch|p2a: Barraskewda|Barraskewda, M|100/100
|-damage|p2a: Barraskewda|88/100|[from] Stealth Rock
|turn|13
|
|move|p1a: Broom|Drain Punch|p2a: Barraskewda
|-damage|p2a: Barraskewda|0 fnt
|-heal|p1a: Broom|85/100 tox|[from] drain|[of] p2a: Barraskewda
|faint|p2a: Barraskewda
|
|-damage|p1a: Broom|31/100 tox|[from] psn
|upkeep
|
|switch|p2a: Dracovish|Dracovish|100/100
|-damage|p2a: Dracovish|88/100|[from] Stealth Rock
|turn|14
|
|move|p1a: Broom|Drain Punch|p2a: Dracovish
|-damage|p2a: Dracovish|0 fnt
|-heal|p1a: Broom|78/100 tox|[from] drain|[of] p2a: Dracovish
|faint|p2a: Dracovish
|
|-damage|p1a: Broom|18/100 tox|[from] psn
|upkeep
|-message|Endtro01 forfeited.
|
|win|beergoggles
|l|☆Endtro01
|raw|beergoggles's rating: 1253 → 1275(+22 for winning)
|raw|Endtro01's rating: 1217 → 1194(-23 for losing)
