|ScrapeTime|2020-01-01-20:25:06
|j|☆juan07rC
|j|☆Blaze_Tohsaka
|player|p1|juan07rC|riley|1126
|player|p2|Blaze_Tohsaka|skyla|1097
|teamsize|p1|6
|teamsize|p2|6
|gametype|singles
|gen|8
|tier|[Gen 8] OU
|rated|
|rule|Sleep Clause Mod: Limit one foe put to sleep
|rule|Species Clause: Limit one of each Pokémon
|rule|OHKO Clause: OHKO moves are banned
|rule|Evasion Moves Clause: Evasion moves are banned
|rule|Endless Battle Clause: Forcing endless battles is banned
|rule|HP Percentage Mod: HP is shown in percentages
|clearpoke
|poke|p1|Dragapult, M|
|poke|p1|Frosmoth, F|
|poke|p1|Toxtricity-Low-Key, F|
|poke|p1|Grimmsnarl, M|
|poke|p1|Pelipper, F|
|poke|p1|Barraskewda, F|
|poke|p2|Pelipper, F|
|poke|p2|Dracovish|
|poke|p2|Barraskewda, F|
|poke|p2|Ferrothorn, M|
|poke|p2|Grimmsnarl, M|
|poke|p2|Ditto|
|rule|Dynamax Clause: You cannot dynamax
|teampreview
|inactive|Battle timer is ON: inactive players will automatically lose when time's up. (requested by Blaze_Tohsaka)
|
|start
|switch|p1a: Pelipper|Pelipper, F|100/100
|switch|p2a: Kirishima|Ferrothorn, M, shiny|100/100
|-weather|RainDance|[from] ability: Drizzle|[of] p1a: Pelipper
|turn|1
|
|move|p1a: Pelipper|Knock Off|p2a: Kirishima
|-damage|p2a: Kirishima|92/100
|-damage|p1a: Pelipper|88/100|[from] ability: Iron Barbs|[of] p2a: Kirishima
|-enditem|p2a: Kirishima|Leftovers|[from] move: Knock Off|[of] p1a: Pelipper
|move|p2a: Kirishima|Stealth Rock|p1a: Pelipper
|-sidestart|p1: juan07rC|move: Stealth Rock
|
|-weather|RainDance|[upkeep]
|upkeep
|turn|2
|
|move|p1a: Pelipper|Surf|p2a: Kirishima
|-resisted|p2a: Kirishima
|-damage|p2a: Kirishima|72/100
|move|p2a: Kirishima|Leech Seed|p1a: Pelipper
|-start|p1a: Pelipper|move: Leech Seed
|
|-weather|RainDance|[upkeep]
|-damage|p1a: Pelipper|75/100|[from] Leech Seed|[of] p2a: Kirishima
|-heal|p2a: Kirishima|82/100|[silent]
|upkeep
|turn|3
|
|switch|p1a: Dragapult|Dragapult, M|100/100
|-damage|p1a: Dragapult|88/100|[from] Stealth Rock
|move|p2a: Kirishima|Power Whip|p1a: Dragapult
|-resisted|p1a: Dragapult
|-damage|p1a: Dragapult|61/100
|
|-weather|RainDance|[upkeep]
|upkeep
|turn|4
|
|move|p1a: Dragapult|Flamethrower|p2a: Kirishima
|-supereffective|p2a: Kirishima
|-damage|p2a: Kirishima|22/100
|-damage|p1a: Dragapult|51/100|[from] item: Life Orb
|move|p2a: Kirishima|Knock Off|p1a: Dragapult
|-supereffective|p1a: Dragapult
|-damage|p1a: Dragapult|0 fnt
|-enditem|p1a: Dragapult|Life Orb|[from] move: Knock Off|[of] p2a: Kirishima
|faint|p1a: Dragapult
|
|-weather|RainDance|[upkeep]
|upkeep
|
|switch|p1a: Frosmoth|Frosmoth, F|100/100
|-damage|p1a: Frosmoth|51/100|[from] Stealth Rock
|turn|5
|
|move|p1a: Frosmoth|Bug Buzz|p2a: Kirishima
|-damage|p2a: Kirishima|0 fnt
|faint|p2a: Kirishima
|
|-weather|RainDance|[upkeep]
|upkeep
|
|switch|p2a: Kuronoir IV|Dracovish|100/100
|turn|6
|
|move|p2a: Kuronoir IV|Fishious Rend|p1a: Frosmoth
|-damage|p1a: Frosmoth|0 fnt
|faint|p1a: Frosmoth
|
|-weather|RainDance|[upkeep]
|upkeep
|
|switch|p1a: Toxtricity|Toxtricity-Low-Key, F|100/100
|-damage|p1a: Toxtricity|88/100|[from] Stealth Rock
|-item|p1a: Toxtricity|Air Balloon
|turn|7
|
|move|p1a: Toxtricity|Thunder|p2a: Kuronoir IV
|-damage|p2a: Kuronoir IV|36/100
|move|p2a: Kuronoir IV|Fishious Rend|p1a: Toxtricity
|-damage|p1a: Toxtricity|0 fnt
|-enditem|p1a: Toxtricity|Air Balloon
|faint|p1a: Toxtricity
|
|-weather|RainDance|[upkeep]
|upkeep
|
|switch|p1a: Grimmsnarl|Grimmsnarl, M|100/100
|-damage|p1a: Grimmsnarl|88/100|[from] Stealth Rock
|turn|8
|
|move|p2a: Kuronoir IV|Fishious Rend|p1a: Grimmsnarl
|-damage|p1a: Grimmsnarl|0 fnt
|faint|p1a: Grimmsnarl
|
|-weather|none
|upkeep
|
|switch|p1a: Pelipper|Pelipper, F|75/100
|-damage|p1a: Pelipper|50/100|[from] Stealth Rock
|-weather|RainDance|[from] ability: Drizzle|[of] p1a: Pelipper
|turn|9
|
|move|p2a: Kuronoir IV|Fishious Rend|p1a: Pelipper
|-resisted|p1a: Pelipper
|-damage|p1a: Pelipper|0 fnt
|faint|p1a: Pelipper
|
|-weather|RainDance|[upkeep]
|upkeep
|
|switch|p1a: Barraskewda|Barraskewda, F|100/100
|-damage|p1a: Barraskewda|88/100|[from] Stealth Rock
|turn|10
|
|switch|p2a: Grimmsnarl|Grimmsnarl, M|100/100
|move|p1a: Barraskewda|Psychic Fangs|p2a: Grimmsnarl
|-immune|p2a: Grimmsnarl
|
|-weather|RainDance|[upkeep]
|upkeep
|turn|11
|
|move|p2a: Grimmsnarl|Reflect|p2a: Grimmsnarl
|-sidestart|p2: Blaze_Tohsaka|Reflect
|move|p1a: Barraskewda|Drill Run|p2a: Grimmsnarl
|-damage|p2a: Grimmsnarl|82/100
|
|-weather|RainDance|[upkeep]
|upkeep
|turn|12
|
|move|p2a: Grimmsnarl|Thunder Wave|p1a: Barraskewda
|-status|p1a: Barraskewda|par
|move|p1a: Barraskewda|Waterfall|p2a: Grimmsnarl
|-damage|p2a: Grimmsnarl|36/100
|
|-weather|RainDance|[upkeep]
|upkeep
|turn|13
|
|move|p1a: Barraskewda|Waterfall|p2a: Grimmsnarl
|-damage|p2a: Grimmsnarl|0 fnt
|faint|p2a: Grimmsnarl
|
|-weather|RainDance|[upkeep]
|upkeep
|
|switch|p2a: Gum-Gum|Ditto|100/100
|-transform|p2a: Gum-Gum|p1a: Barraskewda|[from] ability: Imposter
|turn|14
|
|move|p2a: Gum-Gum|Psychic Fangs|p1a: Barraskewda
|-damage|p1a: Barraskewda|30/100 par
|cant|p1a: Barraskewda|par
|
|-weather|RainDance|[upkeep]
|upkeep
|turn|15
|
|move|p2a: Gum-Gum|Psychic Fangs|p1a: Barraskewda
|-damage|p1a: Barraskewda|0 fnt
|faint|p1a: Barraskewda
|
|win|Blaze_Tohsaka
|l|☆juan07rC
|raw|juan07rC's rating: 1098 → 1073(-25 for losing)
|raw|Blaze_Tohsaka's rating: 1097 → 1123(+26 for winning)
