|ScrapeTime|2020-01-02-00:16:59
|j|☆Luchador Hawlucha
|j|☆MIKEYMESTRE
|player|p1|Luchador Hawlucha|crasherwake|1000
|player|p2|MIKEYMESTRE|alder|1000
|teamsize|p1|6
|teamsize|p2|6
|gametype|singles
|gen|8
|tier|[Gen 8] OU
|rated|
|rule|Sleep Clause Mod: Limit one foe put to sleep
|rule|Species Clause: Limit one of each Pokémon
|rule|OHKO Clause: OHKO moves are banned
|rule|Evasion Moves Clause: Evasion moves are banned
|rule|Endless Battle Clause: Forcing endless battles is banned
|rule|HP Percentage Mod: HP is shown in percentages
|clearpoke
|poke|p1|Dragapult, M|
|poke|p1|Dracovish|
|poke|p1|Orbeetle, F|
|poke|p1|Eiscue, M|
|poke|p1|Hatterene, F|
|poke|p1|Corsola-Galar, M|
|poke|p2|Cinderace, M|
|poke|p2|Rhyperior, M|
|poke|p2|Goodra, M|
|poke|p2|Unfezant, M|
|poke|p2|Chandelure, M|
|poke|p2|Silvally-*|
|rule|Dynamax Clause: You cannot dynamax
|teampreview
|
|start
|switch|p1a: Corsola|Corsola-Galar, M|100/100
|switch|p2a: Rhyperior|Rhyperior, M|100/100
|turn|1
|
|move|p2a: Rhyperior|Rock Tomb|p1a: Corsola
|-damage|p1a: Corsola|77/100
|-unboost|p1a: Corsola|spe|1
|move|p1a: Corsola|Will-O-Wisp|p2a: Rhyperior
|-status|p2a: Rhyperior|brn
|
|-damage|p2a: Rhyperior|94/100 brn|[from] brn
|upkeep
|turn|2
|
|move|p2a: Rhyperior|Earthquake|p1a: Corsola
|-damage|p1a: Corsola|59/100
|move|p1a: Corsola|Stealth Rock|p2a: Rhyperior
|-sidestart|p2: MIKEYMESTRE|move: Stealth Rock
|
|-damage|p2a: Rhyperior|88/100 brn|[from] brn
|upkeep
|turn|3
|
|move|p2a: Rhyperior|Rock Blast|p1a: Corsola
|-damage|p1a: Corsola|55/100
|-start|p2a: Rhyperior|Disable|Rock Blast|[from] ability: Cursed Body|[of] p1a: Corsola
|-damage|p1a: Corsola|50/100
|-damage|p1a: Corsola|46/100
|-hitcount|p1a: Corsola|3
|move|p1a: Corsola|Night Shade|p2a: Rhyperior
|-damage|p2a: Rhyperior|63/100 brn
|
|-damage|p2a: Rhyperior|57/100 brn|[from] brn
|upkeep
|turn|4
|
|move|p2a: Rhyperior|Rock Tomb|p1a: Corsola
|-damage|p1a: Corsola|35/100
|-unboost|p1a: Corsola|spe|1
|move|p1a: Corsola|Strength Sap|p2a: Rhyperior
|-unboost|p2a: Rhyperior|atk|1
|-heal|p1a: Corsola|100/100
|
|-damage|p2a: Rhyperior|51/100 brn|[from] brn
|upkeep
|turn|5
|
|move|p2a: Rhyperior|Rock Tomb|p1a: Corsola
|-damage|p1a: Corsola|93/100
|-unboost|p1a: Corsola|spe|1
|move|p1a: Corsola|Night Shade|p2a: Rhyperior
|-damage|p2a: Rhyperior|26/100 brn
|
|-damage|p2a: Rhyperior|20/100 brn|[from] brn
|upkeep
|turn|6
|
|move|p2a: Rhyperior|Earthquake|p1a: Corsola
|-damage|p1a: Corsola|80/100
|move|p1a: Corsola|Night Shade|p2a: Rhyperior
|-damage|p2a: Rhyperior|0 fnt
|faint|p2a: Rhyperior
|
|upkeep
|
|switch|p2a: Chandelure|Chandelure, M, shiny|100/100
|-damage|p2a: Chandelure|75/100|[from] Stealth Rock
|turn|7
|
|move|p2a: Chandelure|Dark Pulse|p1a: Corsola
|-supereffective|p1a: Corsola
|-damage|p1a: Corsola|54/100
|move|p1a: Corsola|Night Shade|p2a: Chandelure
|-damage|p2a: Chandelure|39/100
|
|upkeep
|turn|8
|
|move|p2a: Chandelure|Shadow Ball|p1a: Corsola
|-supereffective|p1a: Corsola
|-damage|p1a: Corsola|13/100
|-start|p2a: Chandelure|Disable|Shadow Ball|[from] ability: Cursed Body|[of] p1a: Corsola
|move|p1a: Corsola|Night Shade|p2a: Chandelure
|-damage|p2a: Chandelure|3/100
|
|upkeep
|turn|9
|
|move|p2a: Chandelure|Night Shade|p1a: Corsola
|-damage|p1a: Corsola|0 fnt
|faint|p1a: Corsola
|
|upkeep
|
|switch|p1a: Hatterene|Hatterene, F|100/100
|turn|10
|
|move|p2a: Chandelure|Dark Pulse|p1a: Hatterene
|-damage|p1a: Hatterene|72/100
|cant|p1a: Hatterene|flinch
|
|-heal|p1a: Hatterene|78/100|[from] item: Leftovers
|upkeep
|turn|11
|
|move|p2a: Chandelure|Dark Pulse|p1a: Hatterene
|-damage|p1a: Hatterene|51/100
|move|p1a: Hatterene|Calm Mind|p1a: Hatterene
|-boost|p1a: Hatterene|spa|1
|-boost|p1a: Hatterene|spd|1
|
|-heal|p1a: Hatterene|57/100|[from] item: Leftovers
|-end|p2a: Chandelure|Disable
|upkeep
|turn|12
|
|move|p2a: Chandelure|Night Shade|p1a: Hatterene
|-damage|p1a: Hatterene|26/100
|move|p1a: Hatterene|Psychic|p2a: Chandelure
|-crit|p2a: Chandelure
|-damage|p2a: Chandelure|0 fnt
|faint|p2a: Chandelure
|
|-heal|p1a: Hatterene|32/100|[from] item: Leftovers
|upkeep
|
|switch|p2a: Silvally|Silvally-Water|100/100
|-damage|p2a: Silvally|88/100|[from] Stealth Rock
|turn|13
|
|move|p2a: Silvally|Ice Fang|p1a: Hatterene
|-damage|p1a: Hatterene|15/100
|move|p1a: Hatterene|Psychic|p2a: Silvally
|-damage|p2a: Silvally|4/100
|
|-heal|p1a: Hatterene|21/100|[from] item: Leftovers
|upkeep
|turn|14
|
|move|p2a: Silvally|Hyper Beam|p1a: Hatterene
|-damage|p1a: Hatterene|0 fnt
|-mustrecharge|p2a: Silvally
|faint|p1a: Hatterene
|
|upkeep
|
|switch|p1a: Eiscue|Eiscue, M|100/100
|turn|15
|
|cant|p2a: Silvally|recharge
|move|p1a: Eiscue|Belly Drum|p1a: Eiscue
|-damage|p1a: Eiscue|50/100
|-setboost|p1a: Eiscue|atk|6|[from] move: Belly Drum
|-enditem|p1a: Eiscue|Sitrus Berry|[eat]
|-heal|p1a: Eiscue|75/100|[from] item: Sitrus Berry
|
|upkeep
|turn|16
|
|move|p2a: Silvally|Iron Defense|p2a: Silvally
|-boost|p2a: Silvally|def|2
|move|p1a: Eiscue|Liquidation|p2a: Silvally
|-resisted|p2a: Silvally
|-damage|p2a: Silvally|0 fnt
|faint|p2a: Silvally
|
|upkeep
|
|switch|p2a: Cinderace|Cinderace, M|100/100
|-damage|p2a: Cinderace|76/100|[from] Stealth Rock
|turn|17
|
|move|p2a: Cinderace|Fire Blast|p1a: Eiscue
|-supereffective|p1a: Eiscue
|-damage|p1a: Eiscue|5/100
|move|p1a: Eiscue|Liquidation|p2a: Cinderace
|-supereffective|p2a: Cinderace
|-damage|p2a: Cinderace|0 fnt
|faint|p2a: Cinderace
|
|upkeep
|
|switch|p2a: Goodra|Goodra, M|100/100
|-damage|p2a: Goodra|88/100|[from] Stealth Rock
|turn|18
|
|move|p2a: Goodra|Rest|p2a: Goodra
|-status|p2a: Goodra|slp|[from] move: Rest
|-heal|p2a: Goodra|100/100 slp|[silent]
|move|p1a: Eiscue|Icicle Crash|p2a: Goodra
|-supereffective|p2a: Goodra
|-damage|p2a: Goodra|0 fnt
|faint|p2a: Goodra
|
|upkeep
|
|switch|p2a: Unfezant|Unfezant, M|100/100
|-damage|p2a: Unfezant|75/100|[from] Stealth Rock
|turn|19
|
|move|p2a: Unfezant|Brave Bird|p1a: Eiscue
|-activate|p1a: Eiscue|ability: Ice Face
|-damage|p1a: Eiscue|5/100
|detailschange|p1a: Eiscue|Eiscue-Noice, M
|move|p1a: Eiscue|Icicle Crash|p2a: Unfezant
|-supereffective|p2a: Unfezant
|-damage|p2a: Unfezant|0 fnt
|faint|p2a: Unfezant
|
|win|Luchador Hawlucha
|raw|Luchador Hawlucha's rating: 1000 → 1040(+40 for winning)
|raw|MIKEYMESTRE's rating: 1000 → 1000(+0 for losing)
