|ScrapeTime|2020-01-02-05:34:41
|j|☆Bold Af
|j|☆Pvana27
|player|p1|Bold Af|169|1059
|player|p2|Pvana27|red|1114
|teamsize|p1|6
|teamsize|p2|6
|gametype|singles
|gen|8
|tier|[Gen 8] OU
|rated|
|rule|Sleep Clause Mod: Limit one foe put to sleep
|rule|Species Clause: Limit one of each Pokémon
|rule|OHKO Clause: OHKO moves are banned
|rule|Evasion Moves Clause: Evasion moves are banned
|rule|Endless Battle Clause: Forcing endless battles is banned
|rule|HP Percentage Mod: HP is shown in percentages
|clearpoke
|poke|p1|Rillaboom, M|
|poke|p1|Mr. Rime, M|
|poke|p1|Gyarados, F|
|poke|p1|Cofagrigus, M|
|poke|p1|Arcanine, M|
|poke|p1|Toxtricity, M|
|poke|p2|Bisharp, M|
|poke|p2|Rotom-Heat|
|poke|p2|Toxapex, F|
|poke|p2|Aegislash, M|
|poke|p2|Dracovish|
|poke|p2|Cloyster, M|
|rule|Dynamax Clause: You cannot dynamax
|teampreview
|inactive|Battle timer is ON: inactive players will automatically lose when time's up. (requested by Bold Af)
|
|start
|switch|p1a: Cofagrigus|Cofagrigus, M|100/100
|switch|p2a: Dracovish|Dracovish|100/100
|turn|1
|
|move|p2a: Dracovish|Fishious Rend|p1a: Cofagrigus
|-damage|p1a: Cofagrigus|28/100
|-damage|p2a: Dracovish|84/100|[from] item: Rocky Helmet|[of] p1a: Cofagrigus
|-activate|p1a: Cofagrigus|ability: Mummy|Strong Jaw|[of] p2a: Dracovish
|move|p1a: Cofagrigus|Will-O-Wisp|p2a: Dracovish
|-status|p2a: Dracovish|brn
|
|-damage|p2a: Dracovish|78/100 brn|[from] brn
|upkeep
|turn|2
|
|switch|p1a: Rillaboom|Rillaboom, M|100/100
|move|p2a: Dracovish|Fishious Rend|p1a: Rillaboom
|-resisted|p1a: Rillaboom
|-damage|p1a: Rillaboom|87/100
|
|-heal|p1a: Rillaboom|93/100|[from] item: Leftovers
|-damage|p2a: Dracovish|72/100 brn|[from] brn
|upkeep
|turn|3
|
|switch|p2a: Rotom|Rotom-Heat|100/100
|move|p1a: Rillaboom|Bulk Up|p1a: Rillaboom
|-boost|p1a: Rillaboom|atk|1
|-boost|p1a: Rillaboom|def|1
|
|-heal|p1a: Rillaboom|99/100|[from] item: Leftovers
|upkeep
|turn|4
|
|switch|p1a: Arcanine|Arcanine, M, shiny|100/100
|move|p2a: Rotom|Will-O-Wisp|p1a: Arcanine
|-start|p1a: Arcanine|ability: Flash Fire
|
|upkeep
|turn|5
|-message|Pvana27 forfeited.
|
|win|Bold Af
|l|☆Pvana27
|raw|Bold Af's rating: 1059 → 1095(+36 for winning)
|raw|Pvana27's rating: 1114 → 1085(-29 for losing)
