|ScrapeTime|2020-01-02-14:25:54
|j|☆my diggasby
|j|☆Criminal girls
|player|p1|my diggasby|marshal|1397
|player|p2|Criminal girls|170|1445
|teamsize|p1|6
|teamsize|p2|6
|gametype|singles
|gen|8
|tier|[Gen 8] OU
|rated|
|rule|Sleep Clause Mod: Limit one foe put to sleep
|rule|Species Clause: Limit one of each Pokémon
|rule|OHKO Clause: OHKO moves are banned
|rule|Evasion Moves Clause: Evasion moves are banned
|rule|Endless Battle Clause: Forcing endless battles is banned
|rule|HP Percentage Mod: HP is shown in percentages
|clearpoke
|poke|p1|Bewear, F|
|poke|p1|Centiskorch, M|
|poke|p1|Rotom-Wash|
|poke|p1|Dragapult, F|
|poke|p1|Ferrothorn, F|
|poke|p1|Hippowdon, F|
|poke|p2|Seismitoad, F|
|poke|p2|Aegislash, F|
|poke|p2|Ferrothorn, F|
|poke|p2|Rotom-Heat|
|poke|p2|Mandibuzz, F|
|poke|p2|Dragapult, F|
|rule|Dynamax Clause: You cannot dynamax
|teampreview
|inactive|Battle timer is ON: inactive players will automatically lose when time's up. (requested by my diggasby)
|
|start
|switch|p1a: Ferrothorn|Ferrothorn, F|100/100
|switch|p2a: Seismitoad|Seismitoad, F|100/100
|turn|1
|
|move|p2a: Seismitoad|Scald|p1a: Ferrothorn
|-resisted|p1a: Ferrothorn
|-damage|p1a: Ferrothorn|90/100
|move|p1a: Ferrothorn|Power Whip|p2a: Seismitoad
|-supereffective|p2a: Seismitoad
|-damage|p2a: Seismitoad|0 fnt
|faint|p2a: Seismitoad
|
|-heal|p1a: Ferrothorn|97/100|[from] item: Leftovers
|upkeep
|
|switch|p2a: Dragapult|Dragapult, F|100/100
|turn|2
|
|switch|p1a: Centiskorch|Centiskorch, M|100/100
|move|p2a: Dragapult|Dragon Dance|p2a: Dragapult
|-boost|p2a: Dragapult|atk|1
|-boost|p2a: Dragapult|spe|1
|
|upkeep
|turn|3
|
|move|p2a: Dragapult|Dragon Darts|p1a: Centiskorch
|-damage|p1a: Centiskorch|33/100
|-damage|p1a: Centiskorch|0 fnt
|-hitcount|p1a: Centiskorch|2
|-damage|p2a: Dragapult|91/100|[from] item: Life Orb
|faint|p1a: Centiskorch
|
|upkeep
|
|switch|p1a: Hippowdon|Hippowdon, F|100/100
|-weather|Sandstorm|[from] ability: Sand Stream|[of] p1a: Hippowdon
|turn|4
|
|move|p2a: Dragapult|Dragon Dance|p2a: Dragapult
|-boost|p2a: Dragapult|atk|1
|-boost|p2a: Dragapult|spe|1
|move|p1a: Hippowdon|Whirlwind|p2a: Dragapult
|drag|p2a: Mandibuzz|Mandibuzz, F|100/100
|
|-weather|Sandstorm|[upkeep]
|upkeep
|turn|5
|
|move|p2a: Mandibuzz|Taunt|p1a: Hippowdon
|-start|p1a: Hippowdon|move: Taunt
|cant|p1a: Hippowdon|move: Taunt|Stealth Rock
|
|-weather|Sandstorm|[upkeep]
|upkeep
|turn|6
|
|switch|p1a: Rotom|Rotom-Wash|100/100
|move|p2a: Mandibuzz|Knock Off|p1a: Rotom
|-damage|p1a: Rotom|69/100
|-enditem|p1a: Rotom|Iapapa Berry|[from] move: Knock Off|[of] p2a: Mandibuzz
|
|-weather|Sandstorm|[upkeep]
|-damage|p1a: Rotom|63/100|[from] Sandstorm
|upkeep
|turn|7
|
|switch|p2a: Ferrothorn|Ferrothorn, F|100/100
|move|p1a: Rotom|Discharge|p2a: Ferrothorn
|-resisted|p2a: Ferrothorn
|-damage|p2a: Ferrothorn|88/100
|
|-weather|Sandstorm|[upkeep]
|-damage|p1a: Rotom|57/100|[from] Sandstorm
|-heal|p2a: Ferrothorn|94/100|[from] item: Leftovers
|upkeep
|turn|8
|
|switch|p1a: Bewear|Bewear, F|100/100
|move|p2a: Ferrothorn|Power Whip|p1a: Bewear|[miss]
|-miss|p2a: Ferrothorn|p1a: Bewear
|
|-weather|none
|-heal|p2a: Ferrothorn|99/100|[from] item: Leftovers
|upkeep
|turn|9
|
|switch|p2a: Aegislash|Aegislash, F|100/100
|move|p1a: Bewear|Darkest Lariat|p2a: Aegislash
|-supereffective|p2a: Aegislash
|-damage|p2a: Aegislash|31/100
|
|-heal|p2a: Aegislash|37/100|[from] item: Leftovers
|upkeep
|turn|10
|
|move|p2a: Aegislash|King's Shield|p2a: Aegislash
|-singleturn|p2a: Aegislash|Protect
|move|p1a: Bewear|Darkest Lariat|p2a: Aegislash
|-activate|p2a: Aegislash|move: Protect
|-unboost|p1a: Bewear|atk|1
|
|-heal|p2a: Aegislash|43/100|[from] item: Leftovers
|upkeep
|turn|11
|
|switch|p2a: Ferrothorn|Ferrothorn, F|99/100
|move|p1a: Bewear|Darkest Lariat|p2a: Ferrothorn
|-damage|p2a: Ferrothorn|77/100
|-damage|p1a: Bewear|88/100|[from] ability: Iron Barbs|[of] p2a: Ferrothorn
|
|-heal|p2a: Ferrothorn|83/100|[from] item: Leftovers
|upkeep
|turn|12
|
|switch|p1a: Dragapult|Dragapult, F|100/100
|switch|p2a: Mandibuzz|Mandibuzz, F|100/100
|
|upkeep
|turn|13
|
|move|p1a: Dragapult|U-turn|p2a: Mandibuzz
|-damage|p2a: Mandibuzz|87/100
|
|switch|p1a: Rotom|Rotom-Wash|57/100|[from]move: U-turn
|move|p2a: Mandibuzz|Knock Off|p1a: Rotom
|-damage|p1a: Rotom|34/100
|
|upkeep
|turn|14
|
|switch|p2a: Rotom|Rotom-Heat|100/100
|move|p1a: Rotom|Nasty Plot|p1a: Rotom
|-boost|p1a: Rotom|spa|2
|
|upkeep
|turn|15
|
|switch|p2a: Dragapult|Dragapult, F|91/100
|move|p1a: Rotom|Hydro Pump|p2a: Dragapult
|-resisted|p2a: Dragapult
|-damage|p2a: Dragapult|27/100
|
|upkeep
|turn|16
|
|move|p2a: Dragapult|Dragon Darts|p1a: Rotom
|-damage|p1a: Rotom|0 fnt
|-hitcount|p1a: Rotom|1
|-damage|p2a: Dragapult|17/100|[from] item: Life Orb
|faint|p1a: Rotom
|
|upkeep
|
|switch|p1a: Hippowdon|Hippowdon, F|100/100
|-weather|Sandstorm|[from] ability: Sand Stream|[of] p1a: Hippowdon
|turn|17
|
|switch|p2a: Ferrothorn|Ferrothorn, F|83/100
|move|p1a: Hippowdon|Earthquake|p2a: Ferrothorn
|-damage|p2a: Ferrothorn|56/100
|
|-weather|Sandstorm|[upkeep]
|-heal|p2a: Ferrothorn|62/100|[from] item: Leftovers
|upkeep
|turn|18
|
|move|p1a: Hippowdon|Stealth Rock|p2a: Ferrothorn
|-sidestart|p2: Criminal girls|move: Stealth Rock
|move|p2a: Ferrothorn|Leech Seed|p1a: Hippowdon
|-start|p1a: Hippowdon|move: Leech Seed
|
|-weather|Sandstorm|[upkeep]
|-heal|p2a: Ferrothorn|68/100|[from] item: Leftovers
|-damage|p1a: Hippowdon|88/100|[from] Leech Seed|[of] p2a: Ferrothorn
|-heal|p2a: Ferrothorn|83/100|[silent]
|upkeep
|turn|19
|
|switch|p1a: Dragapult|Dragapult, F|100/100
|switch|p2a: Mandibuzz|Mandibuzz, F|87/100
|
|-weather|Sandstorm|[upkeep]
|-damage|p1a: Dragapult|95/100|[from] Sandstorm
|upkeep
|turn|20
|
|move|p1a: Dragapult|U-turn|p2a: Mandibuzz
|-damage|p2a: Mandibuzz|75/100
|inactive|my diggasby has 120 seconds left.
|
|switch|p1a: Bewear|Bewear, F|88/100|[from]move: U-turn
|move|p2a: Mandibuzz|Defog|p1a: Bewear
|-unboost|p1a: Bewear|evasion|1
|-sideend|p2: Criminal girls|Stealth Rock|[from] move: Defog|[of] p2a: Mandibuzz
|
|-weather|Sandstorm|[upkeep]
|-damage|p1a: Bewear|82/100|[from] Sandstorm
|upkeep
|turn|21
|inactive|Criminal girls has 120 seconds left.
|
|move|p1a: Bewear|Close Combat|p2a: Mandibuzz
|-damage|p2a: Mandibuzz|2/100
|-unboost|p1a: Bewear|def|1
|-unboost|p1a: Bewear|spd|1
|move|p2a: Mandibuzz|Roost|p2a: Mandibuzz
|-heal|p2a: Mandibuzz|52/100
|-singleturn|p2a: Mandibuzz|move: Roost
|
|-weather|none
|upkeep
|turn|22
|inactive|Criminal girls has 120 seconds left.
|
|switch|p1a: Dragapult|Dragapult, F|95/100
|switch|p2a: Dragapult|Dragapult, F|17/100
|
|upkeep
|turn|23
|inactive|Criminal girls has 120 seconds left.
|
|switch|p2a: Ferrothorn|Ferrothorn, F|83/100
|move|p1a: Dragapult|Shadow Ball|p2a: Ferrothorn
|-damage|p2a: Ferrothorn|50/100
|
|-heal|p2a: Ferrothorn|57/100|[from] item: Leftovers
|upkeep
|turn|24
|inactive|Criminal girls has 120 seconds left.
|
|switch|p1a: Bewear|Bewear, F|82/100
|switch|p2a: Mandibuzz|Mandibuzz, F|52/100
|
|upkeep
|turn|25
|inactive|Criminal girls has 120 seconds left.
|
|switch|p2a: Aegislash|Aegislash, F|43/100
|move|p1a: Bewear|Darkest Lariat|p2a: Aegislash
|-supereffective|p2a: Aegislash
|-crit|p2a: Aegislash
|-damage|p2a: Aegislash|0 fnt
|faint|p2a: Aegislash
|
|upkeep
|inactive|Criminal girls has 120 seconds left.
|inactive|Criminal girls has 90 seconds left.
|
|switch|p2a: Mandibuzz|Mandibuzz, F|52/100
|turn|26
|
|switch|p1a: Dragapult|Dragapult, F|95/100
|move|p2a: Mandibuzz|Roost|p2a: Mandibuzz
|-heal|p2a: Mandibuzz|100/100
|-singleturn|p2a: Mandibuzz|move: Roost
|
|upkeep
|turn|27
|inactive|Criminal girls has 90 seconds left.
|
|move|p1a: Dragapult|U-turn|p2a: Mandibuzz
|-damage|p2a: Mandibuzz|88/100
|
|switch|p1a: Bewear|Bewear, F|82/100|[from]move: U-turn
|move|p2a: Mandibuzz|Knock Off|p1a: Bewear
|-resisted|p1a: Bewear
|-damage|p1a: Bewear|75/100
|-enditem|p1a: Bewear|Choice Band|[from] move: Knock Off|[of] p2a: Mandibuzz
|
|upkeep
|turn|28
|
|move|p1a: Bewear|Close Combat|p2a: Mandibuzz
|-damage|p2a: Mandibuzz|42/100
|-unboost|p1a: Bewear|def|1
|-unboost|p1a: Bewear|spd|1
|move|p2a: Mandibuzz|Knock Off|p1a: Bewear
|-resisted|p1a: Bewear
|-damage|p1a: Bewear|69/100
|
|upkeep
|turn|29
|
|switch|p2a: Dragapult|Dragapult, F|17/100
|move|p1a: Bewear|Darkest Lariat|p2a: Dragapult
|-supereffective|p2a: Dragapult
|-damage|p2a: Dragapult|0 fnt
|faint|p2a: Dragapult
|
|upkeep
|
|switch|p2a: Rotom|Rotom-Heat|100/100
|turn|30
|
|switch|p1a: Ferrothorn|Ferrothorn, F|97/100
|move|p2a: Rotom|Overheat|p1a: Ferrothorn
|-supereffective|p1a: Ferrothorn
|-damage|p1a: Ferrothorn|0 fnt
|-unboost|p2a: Rotom|spa|2
|faint|p1a: Ferrothorn
|
|upkeep
|
|switch|p1a: Dragapult|Dragapult, F|95/100
|turn|31
|inactive|Criminal girls has 90 seconds left.
|
|move|p1a: Dragapult|Fire Blast|p2a: Rotom
|-resisted|p2a: Rotom
|-damage|p2a: Rotom|75/100
|move|p2a: Rotom|Will-O-Wisp|p1a: Dragapult
|-status|p1a: Dragapult|brn
|
|-heal|p2a: Rotom|81/100|[from] item: Leftovers
|-damage|p1a: Dragapult|89/100 brn|[from] brn
|upkeep
|turn|32
|inactive|Criminal girls has 90 seconds left.
|
|switch|p1a: Hippowdon|Hippowdon, F|88/100
|-weather|Sandstorm|[from] ability: Sand Stream|[of] p1a: Hippowdon
|switch|p2a: Mandibuzz|Mandibuzz, F|42/100
|
|-weather|Sandstorm|[upkeep]
|-heal|p1a: Hippowdon|94/100|[from] item: Leftovers
|upkeep
|turn|33
|
|switch|p1a: Bewear|Bewear, F|69/100
|move|p2a: Mandibuzz|Taunt|p1a: Bewear
|-start|p1a: Bewear|move: Taunt
|
|-weather|Sandstorm|[upkeep]
|-damage|p1a: Bewear|63/100|[from] Sandstorm
|upkeep
|turn|34
|inactive|Criminal girls has 90 seconds left.
|
|switch|p2a: Ferrothorn|Ferrothorn, F|57/100
|move|p1a: Bewear|Close Combat|p2a: Ferrothorn
|-supereffective|p2a: Ferrothorn
|-damage|p2a: Ferrothorn|0 fnt
|-damage|p1a: Bewear|51/100|[from] ability: Iron Barbs|[of] p2a: Ferrothorn
|-unboost|p1a: Bewear|def|1
|-unboost|p1a: Bewear|spd|1
|faint|p2a: Ferrothorn
|
|-weather|Sandstorm|[upkeep]
|-damage|p1a: Bewear|45/100|[from] Sandstorm
|upkeep
|
|switch|p2a: Rotom|Rotom-Heat|81/100
|turn|35
|
|switch|p1a: Hippowdon|Hippowdon, F|94/100
|move|p2a: Rotom|Overheat|p1a: Hippowdon
|-damage|p1a: Hippowdon|46/100
|-unboost|p2a: Rotom|spa|2
|
|-weather|Sandstorm|[upkeep]
|-damage|p2a: Rotom|75/100|[from] Sandstorm
|-heal|p2a: Rotom|81/100|[from] item: Leftovers
|-heal|p1a: Hippowdon|52/100|[from] item: Leftovers
|upkeep
|turn|36
|
|move|p2a: Rotom|Will-O-Wisp|p1a: Hippowdon
|-status|p1a: Hippowdon|brn
|move|p1a: Hippowdon|Stealth Rock|p2a: Rotom
|-sidestart|p2: Criminal girls|move: Stealth Rock
|
|-weather|none
|-heal|p2a: Rotom|88/100|[from] item: Leftovers
|-heal|p1a: Hippowdon|59/100 brn|[from] item: Leftovers
|-damage|p1a: Hippowdon|52/100 brn|[from] brn
|upkeep
|turn|37
|
|switch|p1a: Dragapult|Dragapult, F|89/100 brn
|move|p2a: Rotom|Nasty Plot|p2a: Rotom
|-boost|p2a: Rotom|spa|2
|
|-heal|p2a: Rotom|94/100|[from] item: Leftovers
|-damage|p1a: Dragapult|83/100 brn|[from] brn
|upkeep
|turn|38
|
|move|p1a: Dragapult|Shadow Ball|p2a: Rotom
|-damage|p2a: Rotom|35/100
|-unboost|p2a: Rotom|spd|1
|move|p2a: Rotom|Volt Switch|p1a: Dragapult
|-resisted|p1a: Dragapult
|-damage|p1a: Dragapult|66/100 brn
|
|switch|p2a: Mandibuzz|Mandibuzz, F|42/100|[from]move: Volt Switch
|
|-damage|p1a: Dragapult|60/100 brn|[from] brn
|upkeep
|turn|39
|
|switch|p1a: Bewear|Bewear, F|45/100
|move|p2a: Mandibuzz|Roost|p2a: Mandibuzz
|-heal|p2a: Mandibuzz|92/100
|-singleturn|p2a: Mandibuzz|move: Roost
|
|upkeep
|turn|40
|
|move|p1a: Bewear|Drain Punch|p2a: Mandibuzz
|-damage|p2a: Mandibuzz|63/100
|-heal|p1a: Bewear|61/100|[from] drain|[of] p2a: Mandibuzz
|move|p2a: Mandibuzz|Knock Off|p1a: Bewear
|-resisted|p1a: Bewear
|-damage|p1a: Bewear|57/100
|
|upkeep
|turn|41
|
|move|p1a: Bewear|Drain Punch|p2a: Mandibuzz
|-damage|p2a: Mandibuzz|32/100
|-heal|p1a: Bewear|74/100|[from] drain|[of] p2a: Mandibuzz
|move|p2a: Mandibuzz|Roost|p2a: Mandibuzz
|-heal|p2a: Mandibuzz|82/100
|-singleturn|p2a: Mandibuzz|move: Roost
|
|upkeep
|turn|42
|
|switch|p2a: Rotom|Rotom-Heat|35/100
|-damage|p2a: Rotom|10/100|[from] Stealth Rock
|move|p1a: Bewear|Drain Punch|p2a: Rotom
|-damage|p2a: Rotom|0 fnt
|-heal|p1a: Bewear|78/100|[from] drain|[of] p2a: Rotom
|faint|p2a: Rotom
|
|upkeep
|
|switch|p2a: Mandibuzz|Mandibuzz, F|82/100
|turn|43
|
|move|p1a: Bewear|Drain Punch|p2a: Mandibuzz
|-damage|p2a: Mandibuzz|54/100
|-heal|p1a: Bewear|93/100|[from] drain|[of] p2a: Mandibuzz
|move|p2a: Mandibuzz|Knock Off|p1a: Bewear
|-resisted|p1a: Bewear
|-damage|p1a: Bewear|89/100
|
|upkeep
|turn|44
|
|move|p1a: Bewear|Close Combat|p2a: Mandibuzz
|-damage|p2a: Mandibuzz|6/100
|-unboost|p1a: Bewear|def|1
|-unboost|p1a: Bewear|spd|1
|move|p2a: Mandibuzz|Roost|p2a: Mandibuzz
|-heal|p2a: Mandibuzz|56/100
|-singleturn|p2a: Mandibuzz|move: Roost
|
|upkeep
|turn|45
|
|move|p1a: Bewear|Drain Punch|p2a: Mandibuzz
|-damage|p2a: Mandibuzz|28/100
|-heal|p1a: Bewear|100/100|[from] drain|[of] p2a: Mandibuzz
|move|p2a: Mandibuzz|Roost|p2a: Mandibuzz
|-heal|p2a: Mandibuzz|78/100
|-singleturn|p2a: Mandibuzz|move: Roost
|
|upkeep
|turn|46
|
|move|p1a: Bewear|Drain Punch|p2a: Mandibuzz
|-damage|p2a: Mandibuzz|48/100
|move|p2a: Mandibuzz|Roost|p2a: Mandibuzz
|-heal|p2a: Mandibuzz|98/100
|-singleturn|p2a: Mandibuzz|move: Roost
|
|upkeep
|turn|47
|
|move|p1a: Bewear|Drain Punch|p2a: Mandibuzz
|-damage|p2a: Mandibuzz|67/100
|move|p2a: Mandibuzz|Knock Off|p1a: Bewear
|-resisted|p1a: Bewear
|-damage|p1a: Bewear|94/100
|
|upkeep
|turn|48
|
|move|p1a: Bewear|Darkest Lariat|p2a: Mandibuzz
|-resisted|p2a: Mandibuzz
|-damage|p2a: Mandibuzz|56/100
|move|p2a: Mandibuzz|Roost|p2a: Mandibuzz
|-heal|p2a: Mandibuzz|100/100
|-singleturn|p2a: Mandibuzz|move: Roost
|
|upkeep
|turn|49
|
|move|p1a: Bewear|Drain Punch|p2a: Mandibuzz
|-damage|p2a: Mandibuzz|69/100
|-heal|p1a: Bewear|100/100|[from] drain|[of] p2a: Mandibuzz
|move|p2a: Mandibuzz|Knock Off|p1a: Bewear
|-resisted|p1a: Bewear
|-damage|p1a: Bewear|94/100
|
|upkeep
|turn|50
|
|move|p1a: Bewear|Drain Punch|p2a: Mandibuzz
|-damage|p2a: Mandibuzz|40/100
|-heal|p1a: Bewear|100/100|[from] drain|[of] p2a: Mandibuzz
|move|p2a: Mandibuzz|Roost|p2a: Mandibuzz
|-heal|p2a: Mandibuzz|90/100
|-singleturn|p2a: Mandibuzz|move: Roost
|
|upkeep
|turn|51
|
|move|p1a: Bewear|Darkest Lariat|p2a: Mandibuzz
|-resisted|p2a: Mandibuzz
|-damage|p2a: Mandibuzz|79/100
|move|p2a: Mandibuzz|Knock Off|p1a: Bewear
|-resisted|p1a: Bewear
|-damage|p1a: Bewear|94/100
|
|upkeep
|turn|52
|
|switch|p1a: Hippowdon|Hippowdon, F|52/100 brn
|-weather|Sandstorm|[from] ability: Sand Stream|[of] p1a: Hippowdon
|move|p2a: Mandibuzz|Knock Off|p1a: Hippowdon
|-damage|p1a: Hippowdon|41/100 brn
|-enditem|p1a: Hippowdon|Leftovers|[from] move: Knock Off|[of] p2a: Mandibuzz
|
|-weather|Sandstorm|[upkeep]
|-damage|p1a: Hippowdon|35/100 brn|[from] brn
|upkeep
|turn|53
|
|switch|p1a: Bewear|Bewear, F|94/100
|move|p2a: Mandibuzz|Taunt|p1a: Bewear
|-start|p1a: Bewear|move: Taunt
|
|-weather|Sandstorm|[upkeep]
|-damage|p1a: Bewear|88/100|[from] Sandstorm
|upkeep
|turn|54
|
|move|p1a: Bewear|Drain Punch|p2a: Mandibuzz
|-damage|p2a: Mandibuzz|46/100
|-heal|p1a: Bewear|100/100|[from] drain|[of] p2a: Mandibuzz
|move|p2a: Mandibuzz|Knock Off|p1a: Bewear
|-resisted|p1a: Bewear
|-damage|p1a: Bewear|96/100
|
|-weather|Sandstorm|[upkeep]
|-damage|p1a: Bewear|90/100|[from] Sandstorm
|upkeep
|turn|55
|
|move|p1a: Bewear|Close Combat|p2a: Mandibuzz
|-damage|p2a: Mandibuzz|0 fnt
|-unboost|p1a: Bewear|def|1
|-unboost|p1a: Bewear|spd|1
|faint|p2a: Mandibuzz
|
|win|my diggasby
|l|☆Criminal girls
|raw|my diggasby's rating: 1397 → 1420(+23 for winning)
|raw|Criminal girls's rating: 1445 → 1423(-22 for losing)
