|ScrapeTime|2020-01-02-13:05:31
|j|☆tektitawastaken
|j|☆Jaket34
|player|p1|tektitawastaken|101|1019
|player|p2|Jaket34|102|1025
|teamsize|p1|6
|teamsize|p2|6
|gametype|singles
|gen|8
|tier|[Gen 8] OU
|rated|
|rule|Sleep Clause Mod: Limit one foe put to sleep
|rule|Species Clause: Limit one of each Pokémon
|rule|OHKO Clause: OHKO moves are banned
|rule|Evasion Moves Clause: Evasion moves are banned
|rule|Endless Battle Clause: Forcing endless battles is banned
|rule|HP Percentage Mod: HP is shown in percentages
|clearpoke
|poke|p1|Barraskewda, M|
|poke|p1|Pelipper, F|
|poke|p1|Ferrothorn, F|
|poke|p1|Rotom-Wash|
|poke|p1|Corviknight, M|
|poke|p1|Ditto|
|poke|p2|Excadrill, M|
|poke|p2|Tyranitar, M|
|poke|p2|Orbeetle, F|
|poke|p2|Dracovish|
|poke|p2|Ferrothorn, M|
|poke|p2|Togekiss, F|
|rule|Dynamax Clause: You cannot dynamax
|teampreview
|inactive|Battle timer is ON: inactive players will automatically lose when time's up. (requested by Jaket34)
|
|start
|switch|p1a: Pelipper|Pelipper, F|100/100
|switch|p2a: Orbeetle|Orbeetle, F|100/100
|-weather|RainDance|[from] ability: Drizzle|[of] p1a: Pelipper
|turn|1
|
|move|p2a: Orbeetle|Light Screen|p2a: Orbeetle
|-sidestart|p2: Jaket34|move: Light Screen
|move|p1a: Pelipper|U-turn|p2a: Orbeetle
|-supereffective|p2a: Orbeetle
|-damage|p2a: Orbeetle|84/100
|
|switch|p1a: Corviknight|Corviknight, M|100/100|[from]move: U-turn
|
|-weather|RainDance|[upkeep]
|upkeep
|turn|2
|
|move|p2a: Orbeetle|Sticky Web|p1a: Corviknight
|-sidestart|p1: tektitawastaken|move: Sticky Web
|move|p1a: Corviknight|Brave Bird|p2a: Orbeetle
|-supereffective|p2a: Orbeetle
|-damage|p2a: Orbeetle|0 fnt
|-damage|p1a: Corviknight|78/100|[from] Recoil
|faint|p2a: Orbeetle
|
|-weather|RainDance|[upkeep]
|-heal|p1a: Corviknight|84/100|[from] item: Leftovers
|upkeep
|
|switch|p2a: Dracovish|Dracovish|100/100
|turn|3
|
|move|p2a: Dracovish|Fishious Rend|p1a: Corviknight
|-crit|p1a: Corviknight
|-damage|p1a: Corviknight|0 fnt
|faint|p1a: Corviknight
|
|-weather|RainDance|[upkeep]
|upkeep
|
|switch|p1a: Ditto|Ditto|100/100
|-activate|p1a: Ditto|move: Sticky Web
|-unboost|p1a: Ditto|spe|1
|-transform|p1a: Ditto|p2a: Dracovish|[from] ability: Imposter
|turn|4
|
|switch|p2a: Ferrothorn|Ferrothorn, M|100/100
|move|p1a: Ditto|Ice Fang|p2a: Ferrothorn
|-damage|p2a: Ferrothorn|80/100
|-damage|p1a: Ditto|88/100|[from] ability: Iron Barbs|[of] p2a: Ferrothorn
|-status|p2a: Ferrothorn|frz
|
|-weather|RainDance|[upkeep]
|upkeep
|turn|5
|
|switch|p1a: Pelipper|Pelipper, F|100/100
|cant|p2a: Ferrothorn|frz
|
|-weather|none
|upkeep
|turn|6
|
|move|p1a: Pelipper|Hurricane|p2a: Ferrothorn
|-damage|p2a: Ferrothorn|67/100 frz
|cant|p2a: Ferrothorn|frz
|
|upkeep
|turn|7
|-message|tektitawastaken forfeited.
|
|win|Jaket34
|l|☆tektitawastaken
