|ScrapeTime|2020-01-02-04:05:12
|j|☆WowOhWowOhWow
|j|☆marius93
|player|p1|WowOhWowOhWow|elesa|1406
|player|p2|marius93|169|1365
|teamsize|p1|6
|teamsize|p2|6
|gametype|singles
|gen|8
|tier|[Gen 8] OU
|rated|
|rule|Sleep Clause Mod: Limit one foe put to sleep
|rule|Species Clause: Limit one of each Pokémon
|rule|OHKO Clause: OHKO moves are banned
|rule|Evasion Moves Clause: Evasion moves are banned
|rule|Endless Battle Clause: Forcing endless battles is banned
|rule|HP Percentage Mod: HP is shown in percentages
|clearpoke
|poke|p1|Toxapex, F|
|poke|p1|Rillaboom, M|
|poke|p1|Cinderace, F|
|poke|p1|Tyranitar, F|
|poke|p1|Gengar, F|
|poke|p1|Corviknight, M|
|poke|p2|Araquanid, F|
|poke|p2|Gengar, M|
|poke|p2|Kommo-o, F|
|poke|p2|Obstagoon, F|
|poke|p2|Arcanine, M|
|poke|p2|Mamoswine, F|
|rule|Dynamax Clause: You cannot dynamax
|teampreview
|
|start
|switch|p1a: Rillaboom|Rillaboom, M|100/100
|switch|p2a: Araquanid|Araquanid, F|100/100
|turn|1
|inactive|Battle timer is ON: inactive players will automatically lose when time's up. (requested by WowOhWowOhWow)
|
|move|p1a: Rillaboom|Fake Out|p2a: Araquanid
|-damage|p2a: Araquanid|89/100
|cant|p2a: Araquanid|flinch
|
|upkeep
|turn|2
|
|move|p1a: Rillaboom|U-turn|p2a: Araquanid
|-damage|p2a: Araquanid|68/100
|
|switch|p1a: Toxapex|Toxapex, F|100/100|[from]move: U-turn
|move|p2a: Araquanid|Reflect|p2a: Araquanid
|-sidestart|p2: marius93|Reflect
|
|upkeep
|turn|3
|
|move|p2a: Araquanid|Sticky Web|p1a: Toxapex
|-sidestart|p1: WowOhWowOhWow|move: Sticky Web
|move|p1a: Toxapex|Toxic|p2a: Araquanid
|-status|p2a: Araquanid|tox
|
|-damage|p2a: Araquanid|62/100 tox|[from] psn
|upkeep
|turn|4
|
|switch|p2a: Obstagoon|Obstagoon, F|100/100
|move|p1a: Toxapex|Scald|p2a: Obstagoon
|-damage|p2a: Obstagoon|80/100
|-status|p2a: Obstagoon|brn
|
|-damage|p2a: Obstagoon|74/100 brn|[from] brn
|upkeep
|turn|5
|
|move|p1a: Toxapex|Baneful Bunker|p1a: Toxapex
|-singleturn|p1a: Toxapex|move: Protect
|move|p2a: Obstagoon|Knock Off|p1a: Toxapex
|-activate|p1a: Toxapex|move: Protect
|
|-damage|p2a: Obstagoon|68/100 brn|[from] brn
|upkeep
|turn|6
|
|move|p2a: Obstagoon|Knock Off|p1a: Toxapex
|-damage|p1a: Toxapex|89/100
|-enditem|p1a: Toxapex|Black Sludge|[from] move: Knock Off|[of] p2a: Obstagoon
|move|p1a: Toxapex|Scald|p2a: Obstagoon
|-damage|p2a: Obstagoon|49/100 brn
|
|-damage|p2a: Obstagoon|42/100 brn|[from] brn
|-sideend|p2: marius93|Reflect
|upkeep
|turn|7
|
|move|p1a: Toxapex|Baneful Bunker|p1a: Toxapex
|-singleturn|p1a: Toxapex|move: Protect
|move|p2a: Obstagoon|Facade|p1a: Toxapex
|-activate|p1a: Toxapex|move: Protect
|
|-damage|p2a: Obstagoon|36/100 brn|[from] brn
|upkeep
|turn|8
|
|move|p2a: Obstagoon|Facade|p1a: Toxapex
|-damage|p1a: Toxapex|54/100
|move|p1a: Toxapex|Scald|p2a: Obstagoon
|-damage|p2a: Obstagoon|18/100 brn
|
|-damage|p2a: Obstagoon|12/100 brn|[from] brn
|upkeep
|turn|9
|
|move|p2a: Obstagoon|Facade|p1a: Toxapex
|-damage|p1a: Toxapex|22/100
|move|p1a: Toxapex|Recover|p1a: Toxapex
|-heal|p1a: Toxapex|72/100
|
|-damage|p2a: Obstagoon|5/100 brn|[from] brn
|upkeep
|turn|10
|
|move|p2a: Obstagoon|Facade|p1a: Toxapex
|-damage|p1a: Toxapex|39/100
|move|p1a: Toxapex|Recover|p1a: Toxapex
|-heal|p1a: Toxapex|89/100
|
|-damage|p2a: Obstagoon|0 fnt|[from] brn
|faint|p2a: Obstagoon
|upkeep
|
|switch|p2a: Mamoswine|Mamoswine, F|100/100
|turn|11
|
|move|p1a: Toxapex|Baneful Bunker|p1a: Toxapex
|-singleturn|p1a: Toxapex|move: Protect
|move|p2a: Mamoswine|Earthquake|p1a: Toxapex
|-activate|p1a: Toxapex|move: Protect
|
|upkeep
|turn|12
|
|move|p2a: Mamoswine|Earthquake|p1a: Toxapex
|-supereffective|p1a: Toxapex
|-damage|p1a: Toxapex|30/100
|move|p1a: Toxapex|Scald|p2a: Mamoswine
|-supereffective|p2a: Mamoswine
|-damage|p2a: Mamoswine|52/100
|
|-heal|p2a: Mamoswine|58/100|[from] item: Leftovers
|upkeep
|turn|13
|
|switch|p1a: Corviknight|Corviknight, M|100/100
|move|p2a: Mamoswine|Earthquake|p1a: Corviknight
|-immune|p1a: Corviknight
|
|-heal|p2a: Mamoswine|64/100|[from] item: Leftovers
|upkeep
|turn|14
|
|move|p2a: Mamoswine|Icicle Crash|p1a: Corviknight
|-damage|p1a: Corviknight|74/100
|move|p1a: Corviknight|Tailwind|p1a: Corviknight
|-sidestart|p1: WowOhWowOhWow|move: Tailwind
|
|-heal|p2a: Mamoswine|71/100|[from] item: Leftovers
|upkeep
|turn|15
|
|switch|p2a: Arcanine|Arcanine, M|100/100
|-ability|p2a: Arcanine|Intimidate|boost
|-ability|p1a: Corviknight|Mirror Armor
|-unboost|p2a: Arcanine|atk|1
|move|p1a: Corviknight|U-turn|p2a: Arcanine
|-resisted|p2a: Arcanine
|-damage|p2a: Arcanine|91/100
|
|switch|p1a: Cinderace|Cinderace, F|100/100|[from]move: U-turn
|
|-heal|p2a: Arcanine|98/100|[from] item: Leftovers
|upkeep
|turn|16
|
|switch|p2a: Kommo-o|Kommo-o, F|100/100
|move|p1a: Cinderace|Court Change|p1a: Cinderace
|-sideend|p1: WowOhWowOhWow|Sticky Web|[silent]
|-sidestart|p2: marius93|Sticky Web|[silent]
|-sideend|p1: WowOhWowOhWow|Tailwind|[silent]
|-sidestart|p2: marius93|Tailwind|[silent]
|-activate|p1a: Cinderace|move: Court Change
|
|upkeep
|turn|17
|
|move|p2a: Kommo-o|Clangorous Soul|p2a: Kommo-o
|-boost|p2a: Kommo-o|atk|1
|-boost|p2a: Kommo-o|def|1
|-boost|p2a: Kommo-o|spa|1
|-boost|p2a: Kommo-o|spd|1
|-boost|p2a: Kommo-o|spe|1
|-damage|p2a: Kommo-o|67/100
|move|p1a: Cinderace|U-turn|p2a: Kommo-o
|-resisted|p2a: Kommo-o
|-damage|p2a: Kommo-o|60/100
|inactive|WowOhWowOhWow has 120 seconds left.
|
|switch|p1a: Rillaboom|Rillaboom, M|100/100|[from]move: U-turn
|
|-heal|p2a: Kommo-o|67/100|[from] item: Leftovers
|-sideend|p2: marius93|move: Tailwind
|upkeep
|turn|18
|inactive|marius93 has 120 seconds left.
|
|move|p1a: Rillaboom|Fake Out|p2a: Kommo-o
|-damage|p2a: Kommo-o|58/100
|cant|p2a: Kommo-o|flinch
|
|-heal|p2a: Kommo-o|64/100|[from] item: Leftovers
|upkeep
|turn|19
|
|move|p2a: Kommo-o|Clangorous Soul|p2a: Kommo-o
|-boost|p2a: Kommo-o|atk|1
|-boost|p2a: Kommo-o|def|1
|-boost|p2a: Kommo-o|spa|1
|-boost|p2a: Kommo-o|spd|1
|-boost|p2a: Kommo-o|spe|1
|-damage|p2a: Kommo-o|31/100
|move|p1a: Rillaboom|Knock Off|p2a: Kommo-o
|-resisted|p2a: Kommo-o
|-damage|p2a: Kommo-o|23/100
|-enditem|p2a: Kommo-o|Leftovers|[from] move: Knock Off|[of] p1a: Rillaboom
|
|upkeep
|turn|20
|
|move|p2a: Kommo-o|Drain Punch|p1a: Rillaboom
|-damage|p1a: Rillaboom|22/100
|-heal|p2a: Kommo-o|69/100|[from] drain|[of] p1a: Rillaboom
|move|p1a: Rillaboom|Drum Beating|p2a: Kommo-o
|-resisted|p2a: Kommo-o
|-damage|p2a: Kommo-o|53/100
|-unboost|p2a: Kommo-o|spe|1
|
|upkeep
|turn|21
|
|switch|p1a: Gengar|Gengar, F|100/100
|move|p2a: Kommo-o|Drain Punch|p1a: Gengar
|-immune|p1a: Gengar
|
|upkeep
|turn|22
|
|move|p1a: Gengar|Trick|p2a: Kommo-o
|-activate|p1a: Gengar|move: Trick|[of] p2a: Kommo-o
|-item|p2a: Kommo-o|Choice Scarf|[from] move: Trick
|-enditem|p1a: Gengar|Choice Scarf|[silent]|[from] move: Trick
|move|p2a: Kommo-o|Dragon Claw|p1a: Gengar
|-damage|p1a: Gengar|0 fnt
|faint|p1a: Gengar
|
|upkeep
|
|switch|p1a: Corviknight|Corviknight, M|74/100
|turn|23
|inactive|marius93 has 120 seconds left.
|
|switch|p2a: Arcanine|Arcanine, M|98/100
|-activate|p2a: Arcanine|move: Sticky Web
|-unboost|p2a: Arcanine|spe|1
|-ability|p2a: Arcanine|Intimidate|boost
|-ability|p1a: Corviknight|Mirror Armor
|-unboost|p2a: Arcanine|atk|1
|move|p1a: Corviknight|Roost|p1a: Corviknight
|-heal|p1a: Corviknight|100/100
|-singleturn|p1a: Corviknight|move: Roost
|
|-heal|p2a: Arcanine|100/100|[from] item: Leftovers
|upkeep
|turn|24
|inactive|marius93 has 120 seconds left.
|
|switch|p2a: Araquanid|Araquanid, F|62/100 tox
|-activate|p2a: Araquanid|move: Sticky Web
|-unboost|p2a: Araquanid|spe|1
|switch|p1a: Tyranitar|Tyranitar, F|100/100
|-weather|Sandstorm|[from] ability: Sand Stream|[of] p1a: Tyranitar
|
|-weather|Sandstorm|[upkeep]
|-damage|p2a: Araquanid|56/100 tox|[from] Sandstorm
|-damage|p2a: Araquanid|49/100 tox|[from] psn
|upkeep
|turn|25
|inactive|marius93 has 120 seconds left.
|
|move|p1a: Tyranitar|Stone Edge|p2a: Araquanid
|-supereffective|p2a: Araquanid
|-damage|p2a: Araquanid|0 fnt
|faint|p2a: Araquanid
|
|-weather|Sandstorm|[upkeep]
|upkeep
|-message|marius93 forfeited.
|
|win|WowOhWowOhWow
|l|☆marius93
|raw|WowOhWowOhWow's rating: 1407 → 1425(+18 for winning)
|raw|marius93's rating: 1365 → 1348(-17 for losing)
