|ScrapeTime|2020-01-01-20:47:05
|j|☆thehman054
|j|☆voogoo
|player|p1|thehman054|cyrus|1564
|player|p2|voogoo|265|1549
|teamsize|p1|6
|teamsize|p2|6
|gametype|singles
|gen|8
|tier|[Gen 8] OU
|rated|
|rule|Sleep Clause Mod: Limit one foe put to sleep
|rule|Species Clause: Limit one of each Pokémon
|rule|OHKO Clause: OHKO moves are banned
|rule|Evasion Moves Clause: Evasion moves are banned
|rule|Endless Battle Clause: Forcing endless battles is banned
|rule|HP Percentage Mod: HP is shown in percentages
|clearpoke
|poke|p1|Sigilyph, M|
|poke|p1|Sylveon, M|
|poke|p1|Weavile, F|
|poke|p1|Seismitoad, M|
|poke|p1|Dragapult, M|
|poke|p1|Conkeldurr, F|
|poke|p2|Durant, M|
|poke|p2|Bisharp, F|
|poke|p2|Rotom-Wash|
|poke|p2|Charizard, M|
|poke|p2|Mew|
|poke|p2|Aegislash, F|
|rule|Dynamax Clause: You cannot dynamax
|teampreview
|inactive|Battle timer is ON: inactive players will automatically lose when time's up. (requested by thehman054)
|j| MrPunchers
|inactive|thehman054 has 120 seconds left.
|
|start
|switch|p1a: Weavile|Weavile, F|100/100
|switch|p2a: Durant|Durant, M, shiny|100/100
|-ability|p1a: Weavile|Pressure
|turn|1
|
|switch|p1a: Conkeldurr|Conkeldurr, F|100/100
|move|p2a: Durant|First Impression|p1a: Conkeldurr
|-resisted|p1a: Conkeldurr
|-damage|p1a: Conkeldurr|55/100
|
|-status|p1a: Conkeldurr|brn|[from] item: Flame Orb
|upkeep
|turn|2
|l| MrPunchers
|
|switch|p2a: Mew|Mew|100/100
|move|p1a: Conkeldurr|Earthquake|p2a: Mew
|-damage|p2a: Mew|45/100
|
|-damage|p1a: Conkeldurr|49/100 brn|[from] brn
|upkeep
|turn|3
|
|switch|p1a: Weavile|Weavile, F|100/100
|-ability|p1a: Weavile|Pressure
|move|p2a: Mew|Stealth Rock|p1a: Weavile
|-sidestart|p1: thehman054|move: Stealth Rock
|
|upkeep
|turn|4
|
|move|p1a: Weavile|Throat Chop|p2a: Mew
|-supereffective|p2a: Mew
|-damage|p2a: Mew|0 fnt
|faint|p2a: Mew
|
|upkeep
|
|switch|p2a: Charizard|Charizard, M, shiny|100/100
|turn|5
|
|move|p1a: Weavile|Throat Chop|p2a: Charizard
|-damage|p2a: Charizard|41/100
|-start|p2a: Charizard|Throat Chop|[silent]
|move|p2a: Charizard|Air Slash|p1a: Weavile
|-damage|p1a: Weavile|55/100
|
|upkeep
|turn|6
|
|switch|p2a: Bisharp|Bisharp, F, shiny|100/100
|move|p1a: Weavile|Throat Chop|p2a: Bisharp
|-resisted|p2a: Bisharp
|-damage|p2a: Bisharp|74/100
|-start|p2a: Bisharp|Throat Chop|[silent]
|
|upkeep
|turn|7
|
|switch|p1a: Conkeldurr|Conkeldurr, F|49/100 brn
|-damage|p1a: Conkeldurr|43/100 brn|[from] Stealth Rock
|move|p2a: Bisharp|Iron Head|p1a: Conkeldurr
|-damage|p1a: Conkeldurr|0 fnt
|-damage|p2a: Bisharp|64/100|[from] item: Life Orb
|faint|p1a: Conkeldurr
|
|-end|p2a: Bisharp|Throat Chop|[silent]
|upkeep
|inactive|thehman054 has 120 seconds left.
|
|switch|p1a: Weavile|Weavile, F|55/100
|-damage|p1a: Weavile|30/100|[from] Stealth Rock
|-ability|p1a: Weavile|Pressure
|turn|8
|
|move|p2a: Bisharp|Sucker Punch|p1a: Weavile
|-resisted|p1a: Weavile
|-crit|p1a: Weavile
|-damage|p1a: Weavile|0 fnt
|-damage|p2a: Bisharp|54/100|[from] item: Life Orb
|faint|p1a: Weavile
|
|upkeep
|
|switch|p1a: Seismitoad|Seismitoad, M|100/100
|-damage|p1a: Seismitoad|94/100|[from] Stealth Rock
|turn|9
|
|move|p2a: Bisharp|Throat Chop|p1a: Seismitoad
|-damage|p1a: Seismitoad|56/100
|-start|p1a: Seismitoad|Throat Chop|[silent]
|-damage|p2a: Bisharp|44/100|[from] item: Life Orb
|move|p1a: Seismitoad|Earthquake|p2a: Bisharp
|-supereffective|p2a: Bisharp
|-damage|p2a: Bisharp|0 fnt
|faint|p2a: Bisharp
|
|-heal|p1a: Seismitoad|62/100|[from] item: Leftovers
|upkeep
|
|switch|p2a: Durant|Durant, M, shiny|100/100
|turn|10
|
|switch|p1a: Sylveon|Sylveon, M|100/100
|-damage|p1a: Sylveon|88/100|[from] Stealth Rock
|move|p2a: Durant|Superpower|p1a: Sylveon
|-resisted|p1a: Sylveon
|-damage|p1a: Sylveon|48/100
|-unboost|p2a: Durant|atk|1
|-unboost|p2a: Durant|def|1
|
|-heal|p1a: Sylveon|55/100|[from] item: Leftovers
|upkeep
|turn|11
|
|move|p2a: Durant|Superpower|p1a: Sylveon
|-resisted|p1a: Sylveon
|-damage|p1a: Sylveon|31/100
|-unboost|p2a: Durant|atk|1
|-unboost|p2a: Durant|def|1
|move|p1a: Sylveon|Wish|p1a: Sylveon
|
|-heal|p1a: Sylveon|37/100|[from] item: Leftovers
|upkeep
|turn|12
|
|switch|p2a: Rotom|Rotom-Wash|100/100
|move|p1a: Sylveon|Hyper Voice|p2a: Rotom
|-damage|p2a: Rotom|48/100
|
|-heal|p1a: Sylveon|87/100|[from] move: Wish|[wisher] Sylveon
|-heal|p1a: Sylveon|93/100|[from] item: Leftovers
|upkeep
|turn|13
|inactive|thehman054 has 120 seconds left.
|
|move|p2a: Rotom|Trick|p1a: Sylveon
|-activate|p2a: Rotom|move: Trick|[of] p1a: Sylveon
|-item|p1a: Sylveon|Choice Scarf|[from] move: Trick
|-item|p2a: Rotom|Leftovers|[from] move: Trick
|move|p1a: Sylveon|Hyper Voice|p2a: Rotom
|-crit|p2a: Rotom
|-damage|p2a: Rotom|0 fnt
|faint|p2a: Rotom
|
|upkeep
|
|switch|p2a: Charizard|Charizard, M, shiny|41/100
|turn|14
|
|move|p2a: Charizard|Fire Blast|p1a: Sylveon
|-damage|p1a: Sylveon|59/100
|move|p1a: Sylveon|Hyper Voice|p2a: Charizard
|-resisted|p2a: Charizard
|-damage|p2a: Charizard|15/100
|
|upkeep
|turn|15
|
|move|p2a: Charizard|Fire Blast|p1a: Sylveon
|-damage|p1a: Sylveon|0 fnt
|faint|p1a: Sylveon
|
|upkeep
|inactive|thehman054 has 120 seconds left.
|
|switch|p1a: Dragapult|Dragapult, M|100/100
|-damage|p1a: Dragapult|88/100|[from] Stealth Rock
|turn|16
|
|move|p1a: Dragapult|Shadow Ball|p2a: Charizard
|-damage|p2a: Charizard|0 fnt
|faint|p2a: Charizard
|
|upkeep
|
|switch|p2a: Aegislash|Aegislash, F|100/100
|turn|17
|
|move|p1a: Dragapult|Shadow Ball|p2a: Aegislash
|-supereffective|p2a: Aegislash
|-damage|p2a: Aegislash|3/100
|move|p2a: Aegislash|Swords Dance|p2a: Aegislash
|-boost|p2a: Aegislash|atk|2
|
|upkeep
|turn|18
|
|-formechange|p2a: Aegislash|Aegislash-Blade||[from] ability: Stance Change
|move|p2a: Aegislash|Shadow Sneak|p1a: Dragapult
|-supereffective|p1a: Dragapult
|-damage|p1a: Dragapult|0 fnt
|-damage|p2a: Aegislash|0 fnt|[from] item: Life Orb
|faint|p1a: Dragapult
|faint|p2a: Aegislash
|
|upkeep
|
|switch|p1a: Seismitoad|Seismitoad, M|62/100
|switch|p2a: Durant|Durant, M, shiny|100/100
|-damage|p1a: Seismitoad|56/100|[from] Stealth Rock
|turn|19
|
|move|p2a: Durant|Iron Head|p1a: Seismitoad
|-resisted|p1a: Seismitoad
|-damage|p1a: Seismitoad|22/100
|cant|p1a: Seismitoad|flinch
|
|-heal|p1a: Seismitoad|29/100|[from] item: Leftovers
|upkeep
|turn|20
|
|move|p2a: Durant|Iron Head|p1a: Seismitoad
|-resisted|p1a: Seismitoad
|-damage|p1a: Seismitoad|0 fnt
|faint|p1a: Seismitoad
|
|upkeep
|
|switch|p1a: Sigilyph|Sigilyph, M|100/100
|turn|21
|
|move|p1a: Sigilyph|Heat Wave|p2a: Durant|[miss]
|-miss|p1a: Sigilyph|p2a: Durant
|move|p2a: Durant|Iron Head|p1a: Sigilyph
|-damage|p1a: Sigilyph|0 fnt
|faint|p1a: Sigilyph
|
|win|voogoo
|c|☆voogoo|lol gg
|c|☆thehman054|hahahahahahahahahaha
|c|☆thehman054|great game
|c|☆thehman054|great game
|l|☆voogoo
|raw|thehman054's rating: 1564 → 1543(-21 for losing)
|raw|voogoo's rating: 1549 → 1570(+21 for winning)
