|ScrapeTime|2020-01-01-14:44:52
|j|☆MichiMichiMichi
|j|☆Fulmaffo
|player|p1|MichiMichiMichi|rosa|1102
|player|p2|Fulmaffo|2|1075
|teamsize|p1|6
|teamsize|p2|6
|gametype|singles
|gen|8
|tier|[Gen 8] OU
|rated|
|rule|Sleep Clause Mod: Limit one foe put to sleep
|rule|Species Clause: Limit one of each Pokémon
|rule|OHKO Clause: OHKO moves are banned
|rule|Evasion Moves Clause: Evasion moves are banned
|rule|Endless Battle Clause: Forcing endless battles is banned
|rule|HP Percentage Mod: HP is shown in percentages
|clearpoke
|poke|p1|Ditto|
|poke|p1|Seismitoad, F|
|poke|p1|Hydreigon, F|
|poke|p1|Corviknight, F|
|poke|p1|Clefable, M|
|poke|p1|Cinderace, F|
|poke|p2|Ferrothorn, M|
|poke|p2|Dracovish|
|poke|p2|Conkeldurr, F|
|poke|p2|Hatterene, F|
|poke|p2|Cinderace, M|
|poke|p2|Grimmsnarl, M|
|rule|Dynamax Clause: You cannot dynamax
|teampreview
|inactive|Battle timer is ON: inactive players will automatically lose when time's up. (requested by MichiMichiMichi)
|inactive|Fulmaffo has 120 seconds left.
|
|start
|switch|p1a: Liberlo|Cinderace, F|100/100
|switch|p2a: Hatterene|Hatterene, F|100/100
|turn|1
|
|move|p1a: Liberlo|Gunk Shot|p2a: Hatterene|[miss]
|-miss|p1a: Liberlo|p2a: Hatterene
|move|p2a: Hatterene|Trick Room|p2a: Hatterene
|-fieldstart|move: Trick Room|[of] p2a: Hatterene
|
|upkeep
|turn|2
|inactive|Fulmaffo has 120 seconds left.
|
|move|p2a: Hatterene|Psychic|p1a: Liberlo
|-damage|p1a: Liberlo|35/100
|move|p1a: Liberlo|Gunk Shot|p2a: Hatterene
|-supereffective|p2a: Hatterene
|-damage|p2a: Hatterene|9/100
|
|upkeep
|turn|3
|
|switch|p1a: Kramor|Corviknight, F|100/100
|-ability|p1a: Kramor|Pressure
|move|p2a: Hatterene|Psychic|p1a: Kramor
|-resisted|p1a: Kramor
|-damage|p1a: Kramor|83/100
|
|-heal|p1a: Kramor|89/100|[from] item: Leftovers
|upkeep
|turn|4
|inactive|Fulmaffo has 90 seconds left.
|inactive|Fulmaffo has 60 seconds left.
|
|switch|p2a: Conkeldurr|Conkeldurr, F|100/100
|switch|p1a: Branawarz|Seismitoad, F, shiny|100/100
|
|-status|p2a: Conkeldurr|brn|[from] item: Flame Orb
|upkeep
|turn|5
|
|move|p2a: Conkeldurr|Facade|p1a: Branawarz
|-damage|p1a: Branawarz|40/100
|move|p1a: Branawarz|Scald|p2a: Conkeldurr
|-damage|p2a: Conkeldurr|74/100 brn
|
|-heal|p1a: Branawarz|47/100|[from] item: Leftovers
|-damage|p2a: Conkeldurr|68/100 brn|[from] brn
|-fieldend|move: Trick Room
|upkeep
|turn|6
|
|switch|p1a: Pixi|Clefable, M|100/100
|move|p2a: Conkeldurr|Facade|p1a: Pixi
|-damage|p1a: Pixi|10/100
|
|-damage|p2a: Conkeldurr|62/100 brn|[from] brn
|upkeep
|turn|7
|
|switch|p2a: Hatterene|Hatterene, F|9/100
|move|p1a: Pixi|Moonblast|p2a: Hatterene
|-damage|p2a: Hatterene|0 fnt
|faint|p2a: Hatterene
|
|upkeep
|inactive|Fulmaffo has 30 seconds left.
|inactive|Fulmaffo has 20 seconds left.
|inactive|Fulmaffo has 15 seconds left.
|
|switch|p2a: Cinderace|Cinderace, M|100/100
|turn|8
|inactive|Fulmaffo has 25 seconds left this turn.
|inactive|Fulmaffo has 20 seconds left.
|inactive|Fulmaffo has 15 seconds left.
|inactive|Fulmaffo has 10 seconds left.
|
|move|p2a: Cinderace|Gunk Shot|p1a: Pixi
|-supereffective|p1a: Pixi
|-damage|p1a: Pixi|0 fnt
|faint|p1a: Pixi
|
|upkeep
|inactive|Fulmaffo has 15 seconds left this turn.
|
|switch|p1a: Trikephalo|Hydreigon, F|100/100
|turn|9
|inactive|Fulmaffo has 25 seconds left this turn.
|inactive|Fulmaffo has 20 seconds left.
|inactive|Fulmaffo has 15 seconds left.
|inactive|Fulmaffo has 10 seconds left.
|
|switch|p2a: Grimmsnarl|Grimmsnarl, M|100/100
|move|p1a: Trikephalo|Substitute|p1a: Trikephalo
|-start|p1a: Trikephalo|Substitute
|-damage|p1a: Trikephalo|76/100
|
|-heal|p1a: Trikephalo|82/100|[from] item: Leftovers
|upkeep
|turn|10
|inactive|Fulmaffo has 20 seconds left this turn.
|inactive|Fulmaffo has 15 seconds left.
|inactive|Fulmaffo has 10 seconds left.
|
|move|p1a: Trikephalo|Nasty Plot|p1a: Trikephalo
|-boost|p1a: Trikephalo|spa|2
|move|p2a: Grimmsnarl|Substitute|p2a: Grimmsnarl
|-start|p2a: Grimmsnarl|Substitute
|-damage|p2a: Grimmsnarl|76/100
|
|-heal|p1a: Trikephalo|88/100|[from] item: Leftovers
|-heal|p2a: Grimmsnarl|82/100|[from] item: Leftovers
|upkeep
|turn|11
|inactive|Fulmaffo has 20 seconds left this turn.
|inactive|Fulmaffo has 15 seconds left.
|inactive|Fulmaffo has 10 seconds left.
|
|move|p1a: Trikephalo|Nasty Plot|p1a: Trikephalo
|-boost|p1a: Trikephalo|spa|2
|move|p2a: Grimmsnarl|Play Rough|p1a: Trikephalo
|-supereffective|p1a: Trikephalo
|-end|p1a: Trikephalo|Substitute
|
|-heal|p1a: Trikephalo|94/100|[from] item: Leftovers
|-heal|p2a: Grimmsnarl|88/100|[from] item: Leftovers
|upkeep
|turn|12
|inactive|Fulmaffo has 20 seconds left this turn.
|inactive|Fulmaffo has 15 seconds left.
|inactive|Fulmaffo has 10 seconds left.
|
|move|p1a: Trikephalo|Flash Cannon|p2a: Grimmsnarl
|-supereffective|p2a: Grimmsnarl
|-end|p2a: Grimmsnarl|Substitute
|move|p2a: Grimmsnarl|Play Rough|p1a: Trikephalo
|-supereffective|p1a: Trikephalo
|-damage|p1a: Trikephalo|0 fnt
|faint|p1a: Trikephalo
|
|-heal|p2a: Grimmsnarl|94/100|[from] item: Leftovers
|upkeep
|inactive|Fulmaffo has 15 seconds left this turn.
|
|switch|p1a: Liberlo|Cinderace, F|35/100
|turn|13
|inactive|Fulmaffo has 25 seconds left this turn.
|inactive|Fulmaffo has 20 seconds left.
|inactive|Fulmaffo has 15 seconds left.
|
|switch|p2a: Ferrothorn|Ferrothorn, M|100/100
|move|p1a: Liberlo|Gunk Shot|p2a: Ferrothorn
|-immune|p2a: Ferrothorn
|
|upkeep
|turn|14
|inactive|Fulmaffo has 25 seconds left this turn.
|inactive|Fulmaffo has 20 seconds left.
|inactive|Fulmaffo has 15 seconds left.
|
|switch|p2a: Dracovish|Dracovish|100/100
|move|p1a: Liberlo|Pyro Ball|p2a: Dracovish
|-resisted|p2a: Dracovish
|-damage|p2a: Dracovish|86/100
|
|upkeep
|turn|15
|inactive|Fulmaffo has 25 seconds left this turn.
|inactive|Fulmaffo has 20 seconds left.
|
|move|p1a: Liberlo|U-turn|p2a: Dracovish
|-damage|p2a: Dracovish|63/100
|inactive|Fulmaffo has 25 seconds left this turn.
|
|switch|p1a: Branawarz|Seismitoad, F, shiny|47/100|[from]move: U-turn
|move|p2a: Dracovish|Fishious Rend|p1a: Branawarz
|-heal|p1a: Branawarz|71/100|[from] ability: Water Absorb|[of] p2a: Dracovish
|
|-heal|p1a: Branawarz|77/100|[from] item: Leftovers
|upkeep
|turn|16
|inactive|Fulmaffo has 30 seconds left.
|inactive|Fulmaffo has 20 seconds left.
|inactive|Fulmaffo has 15 seconds left.
|
|switch|p2a: Ferrothorn|Ferrothorn, M|100/100
|move|p1a: Branawarz|Toxic|p2a: Ferrothorn
|-immune|p2a: Ferrothorn
|
|-heal|p1a: Branawarz|84/100|[from] item: Leftovers
|upkeep
|turn|17
|inactive|Fulmaffo has 25 seconds left this turn.
|inactive|Fulmaffo has 20 seconds left.
|
|switch|p1a: Liberlo|Cinderace, F|35/100
|move|p2a: Ferrothorn|Leech Seed|p1a: Liberlo
|-start|p1a: Liberlo|move: Leech Seed
|
|-damage|p1a: Liberlo|22/100|[from] Leech Seed|[of] p2a: Ferrothorn
|upkeep
|turn|18
|inactive|Fulmaffo has 30 seconds left this turn.
|inactive|Fulmaffo has 20 seconds left.
|
|switch|p2a: Dracovish|Dracovish|63/100
|move|p1a: Liberlo|Pyro Ball|p2a: Dracovish
|-resisted|p2a: Dracovish
|-damage|p2a: Dracovish|42/100
|
|-damage|p1a: Liberlo|10/100|[from] Leech Seed|[of] p2a: Dracovish
|-heal|p2a: Dracovish|53/100|[silent]
|upkeep
|turn|19
|inactive|Fulmaffo has 30 seconds left this turn.
|inactive|Fulmaffo has 20 seconds left.
|inactive|Fulmaffo has 15 seconds left.
|
|move|p1a: Liberlo|Gunk Shot|p2a: Dracovish
|-damage|p2a: Dracovish|15/100
|move|p2a: Dracovish|Outrage|p1a: Liberlo
|-damage|p1a: Liberlo|0 fnt
|faint|p1a: Liberlo
|
|upkeep
|inactive|Fulmaffo has 20 seconds left this turn.
|
|switch|p1a: Kramor|Corviknight, F|89/100
|-ability|p1a: Kramor|Pressure
|turn|20
|inactive|Fulmaffo has 30 seconds left this turn.
|
|move|p2a: Dracovish|Outrage|p1a: Kramor|[from]lockedmove
|-resisted|p1a: Kramor
|-damage|p1a: Kramor|58/100
|-start|p2a: Dracovish|confusion|[fatigue]
|move|p1a: Kramor|Brave Bird|p2a: Dracovish
|-damage|p2a: Dracovish|0 fnt
|-damage|p1a: Kramor|54/100|[from] Recoil
|faint|p2a: Dracovish
|
|-heal|p1a: Kramor|60/100|[from] item: Leftovers
|upkeep
|inactive|Fulmaffo has 30 seconds left this turn.
|inactive|Fulmaffo has 20 seconds left.
|
|switch|p2a: Conkeldurr|Conkeldurr, F|62/100 brn
|turn|21
|inactive|Fulmaffo has 30 seconds left this turn.
|
|move|p1a: Kramor|Brave Bird|p2a: Conkeldurr
|-supereffective|p2a: Conkeldurr
|-damage|p2a: Conkeldurr|0 fnt
|-damage|p1a: Kramor|40/100|[from] Recoil
|faint|p2a: Conkeldurr
|
|-heal|p1a: Kramor|46/100|[from] item: Leftovers
|upkeep
|inactive|Fulmaffo has 30 seconds left.
|
|switch|p2a: Cinderace|Cinderace, M|100/100
|turn|22
|
|move|p2a: Cinderace|U-turn|p1a: Kramor
|-resisted|p1a: Kramor
|-damage|p1a: Kramor|39/100
|
|switch|p2a: Ferrothorn|Ferrothorn, M|100/100|[from]move: U-turn
|move|p1a: Kramor|Brave Bird|p2a: Ferrothorn
|-damage|p2a: Ferrothorn|71/100
|-damage|p1a: Kramor|27/100|[from] ability: Iron Barbs|[of] p2a: Ferrothorn
|-damage|p1a: Kramor|20/100|[from] Recoil
|
|-heal|p1a: Kramor|26/100|[from] item: Leftovers
|-heal|p2a: Ferrothorn|78/100|[from] item: Leftovers
|upkeep
|turn|23
|inactive|Fulmaffo has 30 seconds left.
|
|move|p1a: Kramor|Brave Bird|p2a: Ferrothorn
|-damage|p2a: Ferrothorn|49/100
|-damage|p1a: Kramor|14/100|[from] ability: Iron Barbs|[of] p2a: Ferrothorn
|-damage|p1a: Kramor|7/100|[from] Recoil
|move|p2a: Ferrothorn|Stealth Rock|p1a: Kramor
|-sidestart|p1: MichiMichiMichi|move: Stealth Rock
|
|-heal|p1a: Kramor|13/100|[from] item: Leftovers
|-heal|p2a: Ferrothorn|56/100|[from] item: Leftovers
|upkeep
|turn|24
|inactive|Fulmaffo has 30 seconds left.
|
|move|p1a: Kramor|Brave Bird|p2a: Ferrothorn
|-damage|p2a: Ferrothorn|27/100
|-damage|p1a: Kramor|1/100|[from] ability: Iron Barbs|[of] p2a: Ferrothorn
|-damage|p1a: Kramor|0 fnt|[from] Recoil
|faint|p1a: Kramor
|move|p2a: Ferrothorn|Gyro Ball|p1: Kramor|[notarget]
|-fail|p2a: Ferrothorn
|
|-heal|p2a: Ferrothorn|34/100|[from] item: Leftovers
|upkeep
|inactive|Fulmaffo has 30 seconds left this turn.
|
|switch|p1a: Ditto|Ditto|100/100
|-damage|p1a: Ditto|88/100|[from] Stealth Rock
|-transform|p1a: Ditto|p2a: Ferrothorn|[from] ability: Imposter
|turn|25
|inactive|Fulmaffo has 30 seconds left.
|inactive|Fulmaffo has 20 seconds left.
|
|switch|p2a: Cinderace|Cinderace, M|100/100
|move|p1a: Ditto|Stealth Rock|p2a: Cinderace
|-sidestart|p2: Fulmaffo|move: Stealth Rock
|
|upkeep
|turn|26
|inactive|Fulmaffo has 30 seconds left this turn.
|inactive|Fulmaffo has 20 seconds left.
|
|switch|p1a: Branawarz|Seismitoad, F, shiny|84/100
|-damage|p1a: Branawarz|77/100|[from] Stealth Rock
|move|p2a: Cinderace|Pyro Ball|p1a: Branawarz
|-resisted|p1a: Branawarz
|-damage|p1a: Branawarz|45/100
|
|-heal|p1a: Branawarz|51/100|[from] item: Leftovers
|upkeep
|turn|27
|inactive|Fulmaffo has 30 seconds left this turn.
|inactive|Fulmaffo has 20 seconds left.
|inactive|Fulmaffo has 15 seconds left.
|
|switch|p2a: Grimmsnarl|Grimmsnarl, M|94/100
|-damage|p2a: Grimmsnarl|81/100|[from] Stealth Rock
|move|p1a: Branawarz|Scald|p2a: Grimmsnarl
|-damage|p2a: Grimmsnarl|54/100
|-status|p2a: Grimmsnarl|brn
|
|-heal|p1a: Branawarz|57/100|[from] item: Leftovers
|-heal|p2a: Grimmsnarl|60/100 brn|[from] item: Leftovers
|-damage|p2a: Grimmsnarl|54/100 brn|[from] brn
|upkeep
|turn|28
|inactive|Fulmaffo has 25 seconds left this turn.
|inactive|Fulmaffo has 20 seconds left.
|inactive|Fulmaffo has 15 seconds left.
|inactive|Fulmaffo has 10 seconds left.
|
|move|p1a: Branawarz|Earth Power|p2a: Grimmsnarl
|-damage|p2a: Grimmsnarl|22/100 brn
|move|p2a: Grimmsnarl|Foul Play|p1a: Branawarz
|-damage|p1a: Branawarz|49/100
|
|-heal|p1a: Branawarz|55/100|[from] item: Leftovers
|-heal|p2a: Grimmsnarl|28/100 brn|[from] item: Leftovers
|-damage|p2a: Grimmsnarl|22/100 brn|[from] brn
|upkeep
|turn|29
|inactive|Fulmaffo has 20 seconds left this turn.
|inactive|Fulmaffo has 15 seconds left.
|inactive|Fulmaffo has 10 seconds left.
|
|switch|p2a: Ferrothorn|Ferrothorn, M|34/100
|-damage|p2a: Ferrothorn|27/100|[from] Stealth Rock
|move|p1a: Branawarz|Earth Power|p2a: Ferrothorn
|-damage|p2a: Ferrothorn|5/100
|
|-heal|p1a: Branawarz|61/100|[from] item: Leftovers
|-heal|p2a: Ferrothorn|12/100|[from] item: Leftovers
|upkeep
|turn|30
|inactive|Fulmaffo has 20 seconds left this turn.
|inactive|Fulmaffo has 15 seconds left.
|inactive|Fulmaffo has 10 seconds left.
|
|move|p1a: Branawarz|Earth Power|p2a: Ferrothorn
|-damage|p2a: Ferrothorn|0 fnt
|faint|p2a: Ferrothorn
|
|-heal|p1a: Branawarz|67/100|[from] item: Leftovers
|upkeep
|inactive|Fulmaffo has 15 seconds left this turn.
|inactive|Fulmaffo has 10 seconds left.
|inactive|Fulmaffo has 5 seconds left.
|
|switch|p2a: Cinderace|Cinderace, M|100/100
|-damage|p2a: Cinderace|76/100|[from] Stealth Rock
|turn|31
|inactive|Fulmaffo has 15 seconds left this turn.
|inactive|Fulmaffo has 10 seconds left.
|
|move|p2a: Cinderace|U-turn|p1a: Branawarz
|-damage|p1a: Branawarz|41/100
|inactive|Fulmaffo has 15 seconds left this turn.
|
|switch|p2a: Grimmsnarl|Grimmsnarl, M|22/100 brn|[from]move: U-turn
|-damage|p2a: Grimmsnarl|10/100 brn|[from] Stealth Rock
|move|p1a: Branawarz|Scald|p2a: Grimmsnarl
|-damage|p2a: Grimmsnarl|0 fnt
|faint|p2a: Grimmsnarl
|
|-heal|p1a: Branawarz|47/100|[from] item: Leftovers
|upkeep
|inactive|Fulmaffo has 20 seconds left this turn.
|inactive|Fulmaffo has 15 seconds left.
|inactive|Fulmaffo has 10 seconds left.
|inactive|Fulmaffo has 5 seconds left.
|-message|Fulmaffo lost due to inactivity.
|
|win|MichiMichiMichi
|c|☆MichiMichiMichi|gg
|raw|MichiMichiMichi's rating: 1102 → 1125(+23 for winning)
|raw|Fulmaffo's rating: 1075 → 1055(-20 for losing)
