|ScrapeTime|2020-01-02-02:31:05
|j|☆ur mum is gen8
|j|‽I do ok
|player|p1|ur mum is gen8|169|1831
|player|p2|I do ok|101|1759
|teamsize|p1|6
|teamsize|p2|6
|gametype|singles
|gen|8
|tier|[Gen 8] OU
|rated|
|rule|Sleep Clause Mod: Limit one foe put to sleep
|rule|Species Clause: Limit one of each Pokémon
|rule|OHKO Clause: OHKO moves are banned
|rule|Evasion Moves Clause: Evasion moves are banned
|rule|Endless Battle Clause: Forcing endless battles is banned
|rule|HP Percentage Mod: HP is shown in percentages
|clearpoke
|poke|p1|Mantine, F|
|poke|p1|Pelipper, F|
|poke|p1|Crawdaunt, F|
|poke|p1|Dracovish|
|poke|p1|Rotom-Mow|
|poke|p1|Excadrill, F|
|poke|p2|Gengar, F|
|poke|p2|Tyranitar, F|
|poke|p2|Excadrill, M|
|poke|p2|Rotom-Wash|
|poke|p2|Hatterene, F|
|poke|p2|Ferrothorn, F|
|rule|Dynamax Clause: You cannot dynamax
|teampreview
|j| jubileee
|inactive|Battle timer is ON: inactive players will automatically lose when time's up. (requested by I do ok)
|
|start
|switch|p1a: Pelipper|Pelipper, F|100/100
|switch|p2a: Gengar|Gengar, F|100/100
|-weather|RainDance|[from] ability: Drizzle|[of] p1a: Pelipper
|turn|1
|j| Lucky Lucas
|
|switch|p1a: Excadrill|Excadrill, F|100/100
|-ability|p1a: Excadrill|Mold Breaker
|move|p2a: Gengar|Thunderbolt|p1a: Excadrill
|-immune|p1a: Excadrill
|
|-weather|RainDance|[upkeep]
|upkeep
|turn|2
|
|switch|p2a: Excadrill|Excadrill, M|100/100
|-item|p2a: Excadrill|Air Balloon
|move|p1a: Excadrill|Earthquake|p2a: Excadrill
|-immune|p2a: Excadrill
|
|-weather|RainDance|[upkeep]
|upkeep
|turn|3
|
|switch|p1a: Mantine|Mantine, F, shiny|100/100
|move|p2a: Excadrill|Rapid Spin|p1a: Mantine
|-damage|p1a: Mantine|72/100
|-boost|p2a: Excadrill|spe|1
|
|-weather|RainDance|[upkeep]
|upkeep
|turn|4
|
|switch|p2a: Ferrothorn|Ferrothorn, F|100/100
|move|p1a: Mantine|Hydro Pump|p2a: Ferrothorn
|-resisted|p2a: Ferrothorn
|-damage|p2a: Ferrothorn|55/100
|
|-weather|RainDance|[upkeep]
|-heal|p2a: Ferrothorn|62/100|[from] item: Leftovers
|upkeep
|turn|5
|
|switch|p1a: Rotom|Rotom-Mow, shiny|100/100
|move|p2a: Ferrothorn|Leech Seed|p1a: Rotom
|-immune|p1a: Rotom
|
|-weather|RainDance|[upkeep]
|-heal|p2a: Ferrothorn|68/100|[from] item: Leftovers
|upkeep
|turn|6
|
|move|p1a: Rotom|Will-O-Wisp|p2a: Ferrothorn
|-status|p2a: Ferrothorn|brn
|move|p2a: Ferrothorn|Knock Off|p1a: Rotom
|-damage|p1a: Rotom|88/100
|-enditem|p1a: Rotom|Leftovers|[from] move: Knock Off|[of] p2a: Ferrothorn
|
|-weather|RainDance|[upkeep]
|-heal|p2a: Ferrothorn|74/100 brn|[from] item: Leftovers
|-damage|p2a: Ferrothorn|68/100 brn|[from] brn
|upkeep
|turn|7
|
|move|p1a: Rotom|Nasty Plot|p1a: Rotom
|-boost|p1a: Rotom|spa|2
|move|p2a: Ferrothorn|Spikes|p1a: Rotom
|-sidestart|p1: ur mum is gen8|Spikes
|
|-weather|RainDance|[upkeep]
|-heal|p2a: Ferrothorn|74/100 brn|[from] item: Leftovers
|-damage|p2a: Ferrothorn|68/100 brn|[from] brn
|upkeep
|turn|8
|
|switch|p2a: Excadrill|Excadrill, M|100/100
|-item|p2a: Excadrill|Air Balloon
|move|p1a: Rotom|Nasty Plot|p1a: Rotom
|-boost|p1a: Rotom|spa|2
|
|-weather|none
|upkeep
|turn|9
|
|move|p2a: Excadrill|Iron Head|p1a: Rotom
|-resisted|p1a: Rotom
|-damage|p1a: Rotom|67/100
|move|p1a: Rotom|Leaf Storm|p2a: Excadrill
|-damage|p2a: Excadrill|0 fnt
|-enditem|p2a: Excadrill|Air Balloon
|-unboost|p1a: Rotom|spa|2
|faint|p2a: Excadrill
|
|upkeep
|
|switch|p2a: Gengar|Gengar, F|100/100
|turn|10
|
|switch|p1a: Excadrill|Excadrill, F|100/100
|-damage|p1a: Excadrill|88/100|[from] Spikes
|-ability|p1a: Excadrill|Mold Breaker
|move|p2a: Gengar|Focus Blast|p1a: Excadrill
|-supereffective|p1a: Excadrill
|-damage|p1a: Excadrill|5/100
|
|-heal|p1a: Excadrill|11/100|[from] item: Leftovers
|upkeep
|turn|11
|
|switch|p1a: Pelipper|Pelipper, F|100/100
|-weather|RainDance|[from] ability: Drizzle|[of] p1a: Pelipper
|move|p2a: Gengar|Shadow Ball|p1a: Pelipper
|-damage|p1a: Pelipper|50/100
|-unboost|p1a: Pelipper|spd|1
|
|-weather|RainDance|[upkeep]
|upkeep
|turn|12
|
|switch|p1a: Mantine|Mantine, F, shiny|72/100
|move|p2a: Gengar|Shadow Ball|p1a: Mantine
|-damage|p1a: Mantine|36/100
|
|-weather|RainDance|[upkeep]
|upkeep
|turn|13
|
|switch|p2a: Tyranitar|Tyranitar, F|100/100
|-weather|Sandstorm|[from] ability: Sand Stream|[of] p2a: Tyranitar
|move|p1a: Mantine|Hydro Pump|p2a: Tyranitar
|-supereffective|p2a: Tyranitar
|-crit|p2a: Tyranitar
|-damage|p2a: Tyranitar|0 fnt
|faint|p2a: Tyranitar
|
|-weather|Sandstorm|[upkeep]
|-damage|p1a: Mantine|30/100|[from] Sandstorm
|upkeep
|
|switch|p2a: Gengar|Gengar, F|100/100
|turn|14
|
|switch|p1a: Pelipper|Pelipper, F|50/100
|-weather|RainDance|[from] ability: Drizzle|[of] p1a: Pelipper
|move|p2a: Gengar|Thunderbolt|p1a: Pelipper
|-supereffective|p1a: Pelipper
|-damage|p1a: Pelipper|0 fnt
|faint|p1a: Pelipper
|
|-weather|RainDance|[upkeep]
|upkeep
|j| epsilon_xd
|
|switch|p1a: Mantine|Mantine, F, shiny|30/100
|turn|15
|
|switch|p2a: Ferrothorn|Ferrothorn, F|68/100 brn
|move|p1a: Mantine|Surf|p2a: Ferrothorn
|-resisted|p2a: Ferrothorn
|-damage|p2a: Ferrothorn|33/100 brn
|
|-weather|RainDance|[upkeep]
|-heal|p2a: Ferrothorn|39/100 brn|[from] item: Leftovers
|-damage|p2a: Ferrothorn|33/100 brn|[from] brn
|upkeep
|turn|16
|
|move|p1a: Mantine|Surf|p2a: Ferrothorn
|-resisted|p2a: Ferrothorn
|-damage|p2a: Ferrothorn|0 fnt
|faint|p2a: Ferrothorn
|
|-weather|RainDance|[upkeep]
|upkeep
|
|switch|p2a: Rotom|Rotom-Wash|100/100
|turn|17
|
|switch|p1a: Excadrill|Excadrill, F|11/100
|-damage|p1a: Excadrill|0 fnt|[from] Spikes
|faint|p1a: Excadrill
|move|p2a: Rotom|Volt Switch|p1: Excadrill|[notarget]
|-fail|p2a: Rotom
|
|-weather|RainDance|[upkeep]
|upkeep
|
|switch|p1a: Rotom|Rotom-Mow, shiny|67/100
|turn|18
|
|switch|p2a: Gengar|Gengar, F|100/100
|move|p1a: Rotom|Thunder|p2a: Gengar
|-damage|p2a: Gengar|38/100
|
|-weather|RainDance|[upkeep]
|upkeep
|turn|19
|l| Lucky Lucas
|
|switch|p1a: Dracovish|Dracovish|100/100
|-damage|p1a: Dracovish|88/100|[from] Spikes
|move|p2a: Gengar|Shadow Ball|p1a: Dracovish
|-damage|p1a: Dracovish|36/100
|
|-weather|RainDance|[upkeep]
|upkeep
|turn|20
|
|move|p2a: Gengar|Shadow Ball|p1a: Dracovish
|-damage|p1a: Dracovish|0 fnt
|faint|p1a: Dracovish
|
|-weather|RainDance|[upkeep]
|upkeep
|
|switch|p1a: Mantine|Mantine, F, shiny|30/100
|turn|21
|
|switch|p2a: Rotom|Rotom-Wash|100/100
|move|p1a: Mantine|Surf|p2a: Rotom
|-resisted|p2a: Rotom
|-damage|p2a: Rotom|56/100
|
|-weather|none
|upkeep
|turn|22
|
|move|p1a: Mantine|Surf|p2a: Rotom
|-resisted|p2a: Rotom
|-damage|p2a: Rotom|27/100
|move|p2a: Rotom|Rest|p2a: Rotom
|-status|p2a: Rotom|slp|[from] move: Rest
|-heal|p2a: Rotom|100/100 slp|[silent]
|-enditem|p2a: Rotom|Chesto Berry|[eat]
|-curestatus|p2a: Rotom|slp|[msg]
|
|upkeep
|turn|23
|
|move|p1a: Mantine|Surf|p2a: Rotom
|-resisted|p2a: Rotom
|-damage|p2a: Rotom|69/100
|move|p2a: Rotom|Volt Switch|p1a: Mantine
|-supereffective|p1a: Mantine
|-damage|p1a: Mantine|0 fnt
|faint|p1a: Mantine
|
|switch|p2a: Gengar|Gengar, F|38/100|[from]move: Volt Switch
|
|upkeep
|
|switch|p1a: Crawdaunt|Crawdaunt, F|100/100
|-damage|p1a: Crawdaunt|88/100|[from] Spikes
|turn|24
|
|move|p2a: Gengar|Energy Ball|p1a: Crawdaunt
|-supereffective|p1a: Crawdaunt
|-damage|p1a: Crawdaunt|0 fnt
|faint|p1a: Crawdaunt
|
|upkeep
|-message|ur mum is gen8 forfeited.
|
|win|I do ok
|l|☆ur mum is gen8
