|ScrapeTime|2020-01-02-10:14:31
|j|☆Ordoss
|j|☆Lisouillettine
|player|p1|Ordoss|265|1142
|player|p2|Lisouillettine|chili|1125
|teamsize|p1|6
|teamsize|p2|6
|gametype|singles
|gen|8
|tier|[Gen 8] OU
|rated|
|rule|Sleep Clause Mod: Limit one foe put to sleep
|rule|Species Clause: Limit one of each Pokémon
|rule|OHKO Clause: OHKO moves are banned
|rule|Evasion Moves Clause: Evasion moves are banned
|rule|Endless Battle Clause: Forcing endless battles is banned
|rule|HP Percentage Mod: HP is shown in percentages
|clearpoke
|poke|p1|Corsola-Galar, M|
|poke|p1|Rotom-Heat|
|poke|p1|Hatterene, F|
|poke|p1|Excadrill, F|
|poke|p1|Grimmsnarl, M|
|poke|p1|Dragapult, F|
|poke|p2|Ferrothorn, M|
|poke|p2|Grimmsnarl, M|
|poke|p2|Dracovish|
|poke|p2|Gengar, F|
|poke|p2|Rotom-Heat|
|poke|p2|Crawdaunt, M|
|rule|Dynamax Clause: You cannot dynamax
|teampreview
|
|start
|switch|p1a: Grimmsnarl|Grimmsnarl, M|100/100
|switch|p2a: Cédric|Ferrothorn, M|100/100
|turn|1
|c|☆Lisouillettine|gl hf !
|c|☆Ordoss|gl hf!
|
|move|p1a: Grimmsnarl|Fake Out|p2a: Cédric
|-resisted|p2a: Cédric
|-damage|p2a: Cédric|95/100
|-damage|p1a: Grimmsnarl|88/100|[from] ability: Iron Barbs|[of] p2a: Cédric
|-damage|p1a: Grimmsnarl|72/100|[from] item: Rocky Helmet|[of] p2a: Cédric
|cant|p2a: Cédric|flinch
|
|upkeep
|turn|2
|
|move|p1a: Grimmsnarl|Thunder Wave|p2a: Cédric
|-status|p2a: Cédric|par
|move|p2a: Cédric|Stealth Rock|p1a: Grimmsnarl
|-sidestart|p1: Ordoss|move: Stealth Rock
|
|upkeep
|turn|3
|
|switch|p1a: Hatterene|Hatterene, F|100/100
|-damage|p1a: Hatterene|88/100|[from] Stealth Rock
|move|p2a: Cédric|Knock Off|p1a: Hatterene
|-damage|p1a: Hatterene|70/100
|-enditem|p1a: Hatterene|Leftovers|[from] move: Knock Off|[of] p2a: Cédric
|
|upkeep
|turn|4
|
|switch|p2a: Jean-Fred|Rotom-Heat|100/100
|move|p1a: Hatterene|Calm Mind|p1a: Hatterene
|-boost|p1a: Hatterene|spa|1
|-boost|p1a: Hatterene|spd|1
|
|upkeep
|turn|5
|
|move|p2a: Jean-Fred|Shadow Ball|p1a: Hatterene
|-supereffective|p1a: Hatterene
|-damage|p1a: Hatterene|34/100
|move|p1a: Hatterene|Psychic|p2a: Jean-Fred
|-damage|p2a: Jean-Fred|25/100
|
|upkeep
|turn|6
|
|switch|p1a: Grimmsnarl|Grimmsnarl, M|72/100
|-damage|p1a: Grimmsnarl|59/100|[from] Stealth Rock
|move|p2a: Jean-Fred|Shadow Ball|p1a: Grimmsnarl
|-resisted|p1a: Grimmsnarl
|-damage|p1a: Grimmsnarl|44/100
|
|upkeep
|turn|7
|
|switch|p2a: Cédric|Ferrothorn, M|95/100 par
|move|p1a: Grimmsnarl|Fake Out|p2a: Cédric
|-resisted|p2a: Cédric
|-damage|p2a: Cédric|90/100 par
|-damage|p1a: Grimmsnarl|32/100|[from] ability: Iron Barbs|[of] p2a: Cédric
|-damage|p1a: Grimmsnarl|15/100|[from] item: Rocky Helmet|[of] p2a: Cédric
|
|upkeep
|turn|8
|
|switch|p1a: Rotom|Rotom-Heat|100/100
|-damage|p1a: Rotom|76/100|[from] Stealth Rock
|move|p2a: Cédric|Power Whip|p1a: Rotom
|-resisted|p1a: Rotom
|-damage|p1a: Rotom|55/100
|
|upkeep
|turn|9
|
|switch|p2a: Fukushima|Dracovish|100/100
|move|p1a: Rotom|Trick|p2a: Fukushima
|-activate|p1a: Rotom|move: Trick|[of] p2a: Fukushima
|-item|p2a: Fukushima|Choice Scarf|[from] move: Trick
|-item|p1a: Rotom|Choice Band|[from] move: Trick
|
|upkeep
|turn|10
|
|move|p2a: Fukushima|Fishious Rend|p1a: Rotom
|-supereffective|p1a: Rotom
|-damage|p1a: Rotom|0 fnt
|faint|p1a: Rotom
|
|upkeep
|
|switch|p1a: Dragapult|Dragapult, F|100/100
|-damage|p1a: Dragapult|88/100|[from] Stealth Rock
|turn|11
|
|switch|p2a: Cédric|Ferrothorn, M|90/100 par
|move|p1a: Dragapult|Flamethrower|p2a: Cédric
|-supereffective|p2a: Cédric
|-damage|p2a: Cédric|0 fnt
|faint|p2a: Cédric
|
|upkeep
|
|switch|p2a: José-Pierre|Grimmsnarl, M|100/100
|turn|12
|
|switch|p1a: Corsola|Corsola-Galar, M|100/100
|-damage|p1a: Corsola|88/100|[from] Stealth Rock
|move|p2a: José-Pierre|Light Screen|p2a: José-Pierre
|-sidestart|p2: Lisouillettine|move: Light Screen
|
|upkeep
|turn|13
|
|move|p2a: José-Pierre|Thunder Wave|p1a: Corsola
|-status|p1a: Corsola|par
|cant|p1a: Corsola|par
|
|upkeep
|turn|14
|
|switch|p2a: Major Bob|Crawdaunt, M, shiny|100/100
|move|p1a: Corsola|Will-O-Wisp|p2a: Major Bob
|-status|p2a: Major Bob|brn
|
|-damage|p2a: Major Bob|95/100 brn|[from] brn
|upkeep
|turn|15
|
|move|p2a: Major Bob|Knock Off|p1a: Corsola
|-supereffective|p1a: Corsola
|-damage|p1a: Corsola|34/100 par
|-enditem|p1a: Corsola|Eviolite|[from] move: Knock Off|[of] p2a: Major Bob
|move|p1a: Corsola|Stealth Rock|p2a: Major Bob
|-sidestart|p2: Lisouillettine|move: Stealth Rock
|
|-damage|p2a: Major Bob|89/100 brn|[from] brn
|upkeep
|turn|16
|
|move|p2a: Major Bob|Knock Off|p1a: Corsola
|-supereffective|p1a: Corsola
|-damage|p1a: Corsola|0 fnt
|-start|p2a: Major Bob|Disable|Knock Off|[from] ability: Cursed Body|[of] p1a: Corsola
|faint|p1a: Corsola
|
|-damage|p2a: Major Bob|83/100 brn|[from] brn
|upkeep
|
|switch|p1a: Excadrill|Excadrill, F|100/100
|-damage|p1a: Excadrill|97/100|[from] Stealth Rock
|-ability|p1a: Excadrill|Mold Breaker
|turn|17
|
|switch|p2a: Fukushima|Dracovish|100/100
|-damage|p2a: Fukushima|88/100|[from] Stealth Rock
|move|p1a: Excadrill|Swords Dance|p1a: Excadrill
|-boost|p1a: Excadrill|atk|2
|
|upkeep
|turn|18
|
|move|p2a: Fukushima|Fishious Rend|p1a: Excadrill
|-supereffective|p1a: Excadrill
|-damage|p1a: Excadrill|0 fnt
|faint|p1a: Excadrill
|
|upkeep
|c|☆Ordoss|oh yeah the scarf haha]
|
|switch|p1a: Dragapult|Dragapult, F|88/100
|-damage|p1a: Dragapult|76/100|[from] Stealth Rock
|turn|19
|c|☆Lisouillettine|yeah hehe
|
|switch|p2a: José-Pierre|Grimmsnarl, M|100/100
|-damage|p2a: José-Pierre|88/100|[from] Stealth Rock
|move|p1a: Dragapult|Dragon Pulse|p2a: José-Pierre
|-immune|p2a: José-Pierre
|
|-sideend|p2: Lisouillettine|move: Light Screen
|upkeep
|turn|20
|c|☆Ordoss|oops
|c|☆Ordoss|you're great at this!
|
|move|p1a: Dragapult|Flamethrower|p2a: José-Pierre
|-damage|p2a: José-Pierre|49/100
|move|p2a: José-Pierre|Play Rough|p1a: Dragapult
|-supereffective|p1a: Dragapult
|-damage|p1a: Dragapult|0 fnt
|faint|p1a: Dragapult
|
|upkeep
|
|switch|p1a: Grimmsnarl|Grimmsnarl, M|15/100
|-damage|p1a: Grimmsnarl|3/100|[from] Stealth Rock
|turn|21
|c|☆Lisouillettine|Hehe, thanks !
|
|move|p2a: José-Pierre|Play Rough|p1a: Grimmsnarl
|-supereffective|p1a: Grimmsnarl
|-damage|p1a: Grimmsnarl|0 fnt
|faint|p1a: Grimmsnarl
|
|upkeep
|
|switch|p1a: Hatterene|Hatterene, F|34/100
|-damage|p1a: Hatterene|22/100|[from] Stealth Rock
|turn|22
|
|move|p2a: José-Pierre|Play Rough|p1a: Hatterene
|-damage|p1a: Hatterene|0 fnt
|faint|p1a: Hatterene
|
|win|Lisouillettine
|c|☆Ordoss|gg!
|c|☆Lisouillettine|gg ! c:
|c|☆Ordoss|i learned a lot i think
|raw|Ordoss's rating: 1142 → 1116(-26 for losing)
|raw|Lisouillettine's rating: 1125 → 1152(+27 for winning)
