|ScrapeTime|2020-01-03-01:35:30
|j|☆Zikuar
|j|☆Ghoulishlynx
|player|p1|Zikuar|102|1000
|player|p2|Ghoulishlynx|benga|1000
|teamsize|p1|6
|teamsize|p2|6
|gametype|singles
|gen|8
|tier|[Gen 8] OU
|rated|
|rule|Sleep Clause Mod: Limit one foe put to sleep
|rule|Species Clause: Limit one of each Pokémon
|rule|OHKO Clause: OHKO moves are banned
|rule|Evasion Moves Clause: Evasion moves are banned
|rule|Endless Battle Clause: Forcing endless battles is banned
|rule|HP Percentage Mod: HP is shown in percentages
|clearpoke
|poke|p1|Dracovish|
|poke|p1|Bisharp, F|
|poke|p1|Sirfetch'd, M|
|poke|p1|Ditto|
|poke|p1|Tyranitar, F|
|poke|p1|Cinderace, F|
|poke|p2|Dracovish|
|poke|p2|Dragapult, F|
|poke|p2|Pyukumuku, M|
|poke|p2|Toxtricity-Low-Key, M|
|poke|p2|Ferrothorn, M|
|poke|p2|Mimikyu, M|
|rule|Dynamax Clause: You cannot dynamax
|teampreview
|
|start
|switch|p1a: Bisharp|Bisharp, F|100/100
|switch|p2a: Dracovish|Dracovish|100/100
|turn|1
|
|move|p2a: Dracovish|Fishious Rend|p1a: Bisharp
|-damage|p1a: Bisharp|0 fnt
|faint|p1a: Bisharp
|
|upkeep
|
|switch|p1a: Dracovish|Dracovish|100/100
|turn|2
|
|move|p1a: Dracovish|Ice Fang|p2a: Dracovish
|-damage|p2a: Dracovish|72/100
|move|p2a: Dracovish|Fishious Rend|p1a: Dracovish
|-resisted|p1a: Dracovish
|-damage|p1a: Dracovish|81/100
|
|upkeep
|turn|3
|
|switch|p2a: Toxtricity|Toxtricity-Low-Key, M|100/100
|move|p1a: Dracovish|Ice Fang|p2a: Toxtricity
|-damage|p2a: Toxtricity|55/100
|
|upkeep
|turn|4
|
|move|p1a: Dracovish|Ice Fang|p2a: Toxtricity
|-damage|p2a: Toxtricity|12/100
|move|p2a: Toxtricity|Overdrive|p1a: Dracovish
|-damage|p1a: Dracovish|21/100
|
|upkeep
|turn|5
|
|move|p1a: Dracovish|Ice Fang|p2a: Toxtricity
|-damage|p2a: Toxtricity|0 fnt
|faint|p2a: Toxtricity
|
|upkeep
|
|switch|p2a: Ferrothorn|Ferrothorn, M|100/100
|turn|6
|
|switch|p1a: Cinderace|Cinderace, F|100/100
|move|p2a: Ferrothorn|Body Press|p1a: Cinderace
|-damage|p1a: Cinderace|65/100
|
|-heal|p1a: Cinderace|71/100|[from] item: Leftovers
|upkeep
|turn|7
|
|switch|p2a: Dracovish|Dracovish|72/100
|move|p1a: Cinderace|Blaze Kick|p2a: Dracovish
|-resisted|p2a: Dracovish
|-crit|p2a: Dracovish
|-damage|p2a: Dracovish|57/100
|
|-heal|p1a: Cinderace|78/100|[from] item: Leftovers
|upkeep
|turn|8
|
|switch|p1a: Tyranitar|Tyranitar, F|100/100
|-weather|Sandstorm|[from] ability: Sand Stream|[of] p1a: Tyranitar
|move|p2a: Dracovish|Fishious Rend|p1a: Tyranitar
|-supereffective|p1a: Tyranitar
|-crit|p1a: Tyranitar
|-damage|p1a: Tyranitar|0 fnt
|faint|p1a: Tyranitar
|
|-weather|Sandstorm|[upkeep]
|-damage|p2a: Dracovish|51/100|[from] Sandstorm
|upkeep
|
|switch|p1a: Dracovish|Dracovish|21/100
|turn|9
|
|switch|p2a: Mimikyu|Mimikyu, M|100/100
|move|p1a: Dracovish|Draco Meteor|p2a: Mimikyu
|-immune|p2a: Mimikyu
|
|-weather|Sandstorm|[upkeep]
|-damage|p1a: Dracovish|15/100|[from] Sandstorm
|-damage|p2a: Mimikyu|94/100|[from] Sandstorm
|upkeep
|turn|10
|
|switch|p1a: Cinderace|Cinderace, F|78/100
|move|p2a: Mimikyu|Giga Drain|p1a: Cinderace
|-resisted|p1a: Cinderace
|-damage|p1a: Cinderace|70/100
|-heal|p2a: Mimikyu|99/100|[from] drain|[of] p1a: Cinderace
|-damage|p2a: Mimikyu|89/100|[from] item: Life Orb
|
|-weather|Sandstorm|[upkeep]
|-damage|p2a: Mimikyu|83/100|[from] Sandstorm
|-damage|p1a: Cinderace|64/100|[from] Sandstorm
|-heal|p1a: Cinderace|70/100|[from] item: Leftovers
|upkeep
|turn|11
|
|move|p1a: Cinderace|Sucker Punch|p2a: Mimikyu
|-activate|p2a: Mimikyu|ability: Disguise
|-damage|p2a: Mimikyu|83/100
|detailschange|p2a: Mimikyu|Mimikyu-Busted, M
|-damage|p2a: Mimikyu|70/100|[from] ability: Disguise|[of] p2a: Mimikyu
|move|p2a: Mimikyu|Drain Punch|p1a: Cinderace
|-damage|p1a: Cinderace|45/100
|-heal|p2a: Mimikyu|84/100|[from] drain|[of] p1a: Cinderace
|-damage|p2a: Mimikyu|74/100|[from] item: Life Orb
|
|-weather|Sandstorm|[upkeep]
|-damage|p2a: Mimikyu|68/100|[from] Sandstorm
|-damage|p1a: Cinderace|39/100|[from] Sandstorm
|-heal|p1a: Cinderace|45/100|[from] item: Leftovers
|upkeep
|turn|12
|
|move|p1a: Cinderace|Sucker Punch||[still]
|-fail|p1a: Cinderace
|move|p2a: Mimikyu|Destiny Bond|p2a: Mimikyu
|-singlemove|p2a: Mimikyu|Destiny Bond
|
|-weather|none
|-heal|p1a: Cinderace|51/100|[from] item: Leftovers
|upkeep
|turn|13
|
|move|p1a: Cinderace|Sucker Punch|p2a: Mimikyu
|-damage|p2a: Mimikyu|39/100
|move|p2a: Mimikyu|Drain Punch|p1a: Cinderace
|-damage|p1a: Cinderace|26/100
|-heal|p2a: Mimikyu|52/100|[from] drain|[of] p1a: Cinderace
|-damage|p2a: Mimikyu|43/100|[from] item: Life Orb
|
|-heal|p1a: Cinderace|32/100|[from] item: Leftovers
|upkeep
|turn|14
|l|☆Zikuar
|player|p1|
|j|☆Zikuar
|player|p1|Zikuar|102
|inactive|Battle timer is ON: inactive players will automatically lose when time's up. (requested by Ghoulishlynx)
|
|move|p2a: Mimikyu|Drain Punch|p1a: Cinderace
|-damage|p1a: Cinderace|9/100
|-heal|p2a: Mimikyu|55/100|[from] drain|[of] p1a: Cinderace
|-damage|p2a: Mimikyu|45/100|[from] item: Life Orb
|move|p1a: Cinderace|Electro Ball|p2a: Mimikyu
|-damage|p2a: Mimikyu|37/100
|
|-heal|p1a: Cinderace|15/100|[from] item: Leftovers
|upkeep
|turn|15
|
|move|p1a: Cinderace|Sucker Punch|p2a: Mimikyu
|-damage|p2a: Mimikyu|9/100
|move|p2a: Mimikyu|Drain Punch|p1a: Cinderace
|-damage|p1a: Cinderace|0 fnt
|-heal|p2a: Mimikyu|17/100|[from] drain|[of] p1a: Cinderace
|-damage|p2a: Mimikyu|7/100|[from] item: Life Orb
|faint|p1a: Cinderace
|
|upkeep
|
|switch|p1a: Ditto|Ditto|100/100
|-transform|p1a: Ditto|p2a: Mimikyu|[from] ability: Imposter
|turn|16
|
|move|p1a: Ditto|Giga Drain|p2a: Mimikyu
|-damage|p2a: Mimikyu|0 fnt
|faint|p2a: Mimikyu
|
|upkeep
|
|switch|p2a: Dracovish|Dracovish|51/100
|turn|17
|
|move|p1a: Ditto|Giga Drain|p2a: Dracovish
|-damage|p2a: Dracovish|37/100
|move|p2a: Dracovish|Fishious Rend|p1a: Ditto
|-damage|p1a: Ditto|0 fnt
|faint|p1a: Ditto
|
|upkeep
|
|switch|p1a: Sirfetch'd|Sirfetch'd, M|100/100
|turn|18
|
|move|p2a: Dracovish|Fishious Rend|p1a: Sirfetch'd
|-damage|p1a: Sirfetch'd|0 fnt
|faint|p1a: Sirfetch'd
|
|upkeep
|
|switch|p1a: Dracovish|Dracovish|15/100
|turn|19
|
|move|p1a: Dracovish|Ice Fang|p2a: Dracovish
|-damage|p2a: Dracovish|7/100
|move|p2a: Dracovish|Fishious Rend|p1a: Dracovish
|-resisted|p1a: Dracovish
|-damage|p1a: Dracovish|0 fnt
|faint|p1a: Dracovish
|
|win|Ghoulishlynx
|raw|Zikuar's rating: 1000 → 1000(+0 for losing)
|raw|Ghoulishlynx's rating: 1000 → 1040(+40 for winning)
