|ScrapeTime|2020-01-01-10:45:12
|j|☆Pooopstraw
|j|☆ThunderYDLP
|player|p1|Pooopstraw|109|1337
|player|p2|ThunderYDLP|parasollady-gen4|1354
|teamsize|p1|6
|teamsize|p2|6
|gametype|singles
|gen|8
|tier|[Gen 8] OU
|rated|
|rule|Sleep Clause Mod: Limit one foe put to sleep
|rule|Species Clause: Limit one of each Pokémon
|rule|OHKO Clause: OHKO moves are banned
|rule|Evasion Moves Clause: Evasion moves are banned
|rule|Endless Battle Clause: Forcing endless battles is banned
|rule|HP Percentage Mod: HP is shown in percentages
|clearpoke
|poke|p1|Pelipper, M|
|poke|p1|Dracovish|
|poke|p1|Ludicolo, F|
|poke|p1|Snorlax, M|
|poke|p1|Rotom-Wash|
|poke|p1|Dugtrio, M|
|poke|p2|Sirfetch'd, M|
|poke|p2|Gengar, F|
|poke|p2|Snorlax, M|
|poke|p2|Seismitoad, F|
|poke|p2|Corviknight, F|
|poke|p2|Togekiss, F|
|rule|Dynamax Clause: You cannot dynamax
|teampreview
|
|start
|switch|p1a: Snorlax|Snorlax, M|100/100
|switch|p2a: Gengar|Gengar, F|100/100
|turn|1
|
|move|p2a: Gengar|Focus Blast|p1a: Snorlax|[miss]
|-miss|p2a: Gengar|p1a: Snorlax
|move|p1a: Snorlax|Earthquake|p2a: Gengar
|-supereffective|p2a: Gengar
|-damage|p2a: Gengar|0 fnt
|-start|p1a: Snorlax|Disable|Earthquake|[from] ability: Cursed Body|[of] p2a: Gengar
|faint|p2a: Gengar
|
|upkeep
|
|switch|p2a: Sirfetch'd|Sirfetch'd, M|100/100
|turn|2
|
|switch|p1a: Pelipper|Pelipper, M|100/100
|-weather|RainDance|[from] ability: Drizzle|[of] p1a: Pelipper
|move|p2a: Sirfetch'd|Knock Off|p1a: Pelipper
|-damage|p1a: Pelipper|38/100
|-enditem|p1a: Pelipper|Damp Rock|[from] move: Knock Off|[of] p2a: Sirfetch'd
|
|-weather|RainDance|[upkeep]
|upkeep
|turn|3
|
|move|p2a: Sirfetch'd|Knock Off|p1a: Pelipper
|-damage|p1a: Pelipper|0 fnt
|faint|p1a: Pelipper
|
|-weather|RainDance|[upkeep]
|upkeep
|
|switch|p1a: Ludicolo|Ludicolo, F|100/100
|turn|4
|
|switch|p2a: Corviknight|Corviknight, F|100/100
|move|p1a: Ludicolo|Surf|p2a: Corviknight
|-damage|p2a: Corviknight|49/100
|-damage|p1a: Ludicolo|91/100|[from] item: Life Orb
|
|-weather|RainDance|[upkeep]
|-heal|p2a: Corviknight|56/100|[from] item: Leftovers
|upkeep
|turn|5
|
|switch|p2a: Seismitoad|Seismitoad, F|100/100
|move|p1a: Ludicolo|Surf|p2a: Seismitoad
|-immune|p2a: Seismitoad|[from] ability: Water Absorb
|
|-weather|RainDance|[upkeep]
|upkeep
|turn|6
|
|switch|p2a: Corviknight|Corviknight, F|56/100
|move|p1a: Ludicolo|Surf|p2a: Corviknight
|-damage|p2a: Corviknight|5/100
|-damage|p1a: Ludicolo|81/100|[from] item: Life Orb
|
|-weather|RainDance|[upkeep]
|-heal|p2a: Corviknight|11/100|[from] item: Leftovers
|upkeep
|turn|7
|
|move|p1a: Ludicolo|Ice Beam|p2a: Corviknight
|-damage|p2a: Corviknight|0 fnt
|-damage|p1a: Ludicolo|71/100|[from] item: Life Orb
|faint|p2a: Corviknight
|
|-weather|RainDance|[upkeep]
|upkeep
|
|switch|p2a: Sirfetch'd|Sirfetch'd, M|100/100
|turn|8
|
|move|p2a: Sirfetch'd|First Impression|p1a: Ludicolo
|-supereffective|p1a: Ludicolo
|-damage|p1a: Ludicolo|0 fnt
|faint|p1a: Ludicolo
|
|-weather|RainDance|[upkeep]
|upkeep
|
|switch|p1a: Dracovish|Dracovish|100/100
|turn|9
|
|switch|p1a: Rotom|Rotom-Wash|100/100
|switch|p2a: Seismitoad|Seismitoad, F|100/100
|
|-weather|none
|upkeep
|turn|10
|
|move|p1a: Rotom|Trick|p2a: Seismitoad
|-activate|p1a: Rotom|move: Trick|[of] p2a: Seismitoad
|-item|p2a: Seismitoad|Choice Scarf|[from] move: Trick
|-item|p1a: Rotom|Leftovers|[from] move: Trick
|move|p2a: Seismitoad|Stealth Rock|p1a: Rotom
|-sidestart|p1: Pooopstraw|move: Stealth Rock
|
|upkeep
|turn|11
|
|move|p1a: Rotom|Will-O-Wisp|p2a: Seismitoad
|-status|p2a: Seismitoad|brn
|move|p2a: Seismitoad|Stealth Rock||[still]
|-fail|p2a: Seismitoad
|
|-damage|p2a: Seismitoad|94/100 brn|[from] brn
|upkeep
|turn|12
|
|switch|p2a: Snorlax|Snorlax, M|100/100
|move|p1a: Rotom|Thunderbolt|p2a: Snorlax
|-crit|p2a: Snorlax
|-damage|p2a: Snorlax|64/100
|
|-heal|p2a: Snorlax|70/100|[from] item: Leftovers
|upkeep
|turn|13
|
|move|p1a: Rotom|Trick|p2a: Snorlax
|-activate|p1a: Rotom|move: Trick|[of] p2a: Snorlax
|-item|p2a: Snorlax|Leftovers|[from] move: Trick
|-item|p1a: Rotom|Leftovers|[from] move: Trick
|move|p2a: Snorlax|Curse|p2a: Snorlax
|-unboost|p2a: Snorlax|spe|1
|-boost|p2a: Snorlax|atk|1
|-boost|p2a: Snorlax|def|1
|
|-heal|p2a: Snorlax|76/100|[from] item: Leftovers
|upkeep
|turn|14
|
|move|p1a: Rotom|Will-O-Wisp|p2a: Snorlax
|-status|p2a: Snorlax|brn
|move|p2a: Snorlax|Curse|p2a: Snorlax
|-unboost|p2a: Snorlax|spe|1
|-boost|p2a: Snorlax|atk|1
|-boost|p2a: Snorlax|def|1
|
|-heal|p2a: Snorlax|82/100 brn|[from] item: Leftovers
|-damage|p2a: Snorlax|76/100 brn|[from] brn
|upkeep
|turn|15
|
|switch|p1a: Dugtrio|Dugtrio, M|100/100
|-damage|p1a: Dugtrio|94/100|[from] Stealth Rock
|move|p2a: Snorlax|Curse|p2a: Snorlax
|-unboost|p2a: Snorlax|spe|1
|-boost|p2a: Snorlax|atk|1
|-boost|p2a: Snorlax|def|1
|
|-heal|p2a: Snorlax|82/100 brn|[from] item: Leftovers
|-damage|p2a: Snorlax|76/100 brn|[from] brn
|upkeep
|turn|16
|
|move|p1a: Dugtrio|Stealth Rock|p2a: Snorlax
|-sidestart|p2: ThunderYDLP|move: Stealth Rock
|move|p2a: Snorlax|Rest|p2a: Snorlax
|-status|p2a: Snorlax|slp|[from] move: Rest
|-heal|p2a: Snorlax|100/100 slp|[silent]
|
|upkeep
|turn|17
|
|move|p1a: Dugtrio|Memento|p2a: Snorlax
|-unboost|p2a: Snorlax|atk|2
|-unboost|p2a: Snorlax|spa|2
|faint|p1a: Dugtrio
|cant|p2a: Snorlax|slp
|
|upkeep
|
|switch|p1a: Dracovish|Dracovish|100/100
|-damage|p1a: Dracovish|88/100|[from] Stealth Rock
|turn|18
|
|move|p1a: Dracovish|Psychic Fangs|p2a: Snorlax
|-damage|p2a: Snorlax|91/100 slp
|cant|p2a: Snorlax|slp
|
|-heal|p2a: Snorlax|97/100 slp|[from] item: Leftovers
|upkeep
|turn|19
|
|switch|p1a: Snorlax|Snorlax, M|100/100
|-damage|p1a: Snorlax|88/100|[from] Stealth Rock
|-curestatus|p2a: Snorlax|slp|[msg]
|move|p2a: Snorlax|Curse|p2a: Snorlax
|-unboost|p2a: Snorlax|spe|1
|-boost|p2a: Snorlax|atk|1
|-boost|p2a: Snorlax|def|1
|
|-heal|p2a: Snorlax|100/100|[from] item: Leftovers
|upkeep
|turn|20
|
|switch|p1a: Dracovish|Dracovish|88/100
|-damage|p1a: Dracovish|76/100|[from] Stealth Rock
|move|p2a: Snorlax|Curse|p2a: Snorlax
|-unboost|p2a: Snorlax|spe|1
|-boost|p2a: Snorlax|atk|1
|-boost|p2a: Snorlax|def|1
|
|upkeep
|turn|21
|
|move|p1a: Dracovish|Fishious Rend|p2a: Snorlax
|-damage|p2a: Snorlax|80/100
|move|p2a: Snorlax|Body Slam|p1a: Dracovish
|-damage|p1a: Dracovish|0 fnt
|faint|p1a: Dracovish
|
|-heal|p2a: Snorlax|86/100|[from] item: Leftovers
|upkeep
|
|switch|p1a: Snorlax|Snorlax, M|88/100
|-damage|p1a: Snorlax|76/100|[from] Stealth Rock
|turn|22
|-message|Pooopstraw forfeited.
|
|win|ThunderYDLP
|l|☆Pooopstraw
|raw|Pooopstraw's rating: 1337 → 1318(-19 for losing)
|raw|ThunderYDLP's rating: 1354 → 1373(+19 for winning)
