|ScrapeTime|2020-01-01-14:05:03
|j|☆omegasz1
|j|☆Lapis-lazuris
|player|p1|omegasz1|266|1253
|player|p2|Lapis-lazuris|rosa|1201
|teamsize|p1|6
|teamsize|p2|6
|gametype|singles
|gen|8
|tier|[Gen 8] OU
|rated|
|rule|Sleep Clause Mod: Limit one foe put to sleep
|rule|Species Clause: Limit one of each Pokémon
|rule|OHKO Clause: OHKO moves are banned
|rule|Evasion Moves Clause: Evasion moves are banned
|rule|Endless Battle Clause: Forcing endless battles is banned
|rule|HP Percentage Mod: HP is shown in percentages
|clearpoke
|poke|p1|Aegislash, M|
|poke|p1|Crawdaunt, F|
|poke|p1|Mew|
|poke|p1|Lucario, F|
|poke|p1|Bisharp, F|
|poke|p1|Dragapult, M|
|poke|p2|Cinderace, M|
|poke|p2|Toxtricity, M|
|poke|p2|Heliolisk, M|
|poke|p2|Weavile, M|
|poke|p2|Dragapult, M|
|poke|p2|Tyranitar, M|
|rule|Dynamax Clause: You cannot dynamax
|teampreview
|
|start
|switch|p1a: Dragapult|Dragapult, M|100/100
|switch|p2a: Heliolisk|Heliolisk, M|100/100
|turn|1
|
|move|p1a: Dragapult|Substitute|p1a: Dragapult
|-start|p1a: Dragapult|Substitute
|-damage|p1a: Dragapult|76/100
|move|p2a: Heliolisk|Glare||[still]
|-fail|p2a: Heliolisk
|
|-heal|p1a: Dragapult|82/100|[from] item: Leftovers
|upkeep
|turn|2
|inactive|Battle timer is ON: inactive players will automatically lose when time's up. (requested by omegasz1)
|
|switch|p2a: Kirby|Tyranitar, M, shiny|100/100
|-weather|Sandstorm|[from] ability: Sand Stream|[of] p2a: Kirby
|move|p1a: Dragapult|Dragon Dance|p1a: Dragapult
|-boost|p1a: Dragapult|atk|1
|-boost|p1a: Dragapult|spe|1
|
|-weather|Sandstorm|[upkeep]
|-damage|p1a: Dragapult|76/100|[from] Sandstorm
|-heal|p1a: Dragapult|82/100|[from] item: Leftovers
|upkeep
|turn|3
|
|move|p1a: Dragapult|Dragon Darts|p2a: Kirby
|-damage|p2a: Kirby|80/100
|-damage|p2a: Kirby|59/100
|-hitcount|p2a: Kirby|2
|move|p2a: Kirby|Crunch|p1a: Dragapult
|-supereffective|p1a: Dragapult
|-end|p1a: Dragapult|Substitute
|
|-weather|Sandstorm|[upkeep]
|-damage|p1a: Dragapult|76/100|[from] Sandstorm
|-heal|p1a: Dragapult|82/100|[from] item: Leftovers
|upkeep
|turn|4
|
|switch|p1a: Bisharp|Bisharp, F|100/100
|move|p2a: Kirby|Crunch|p1a: Bisharp
|-resisted|p1a: Bisharp
|-crit|p1a: Bisharp
|-damage|p1a: Bisharp|65/100
|
|-weather|Sandstorm|[upkeep]
|upkeep
|turn|5
|
|move|p1a: Bisharp|Swords Dance|p1a: Bisharp
|-boost|p1a: Bisharp|atk|2
|move|p2a: Kirby|Earthquake|p1a: Bisharp
|-supereffective|p1a: Bisharp
|-damage|p1a: Bisharp|0 fnt
|faint|p1a: Bisharp
|
|-weather|Sandstorm|[upkeep]
|upkeep
|
|switch|p1a: Crawdaunt|Crawdaunt, F|100/100
|turn|6
|
|switch|p2a: Raph|Toxtricity, M|100/100
|move|p1a: Crawdaunt|Crabhammer|p2a: Raph
|-damage|p2a: Raph|0 fnt
|-damage|p1a: Crawdaunt|91/100|[from] item: Life Orb
|faint|p2a: Raph
|
|-weather|none
|upkeep
|
|switch|p2a: Heliolisk|Heliolisk, M|100/100
|turn|7
|
|switch|p1a: Dragapult|Dragapult, M|82/100
|move|p2a: Heliolisk|Thunderbolt|p1a: Dragapult
|-resisted|p1a: Dragapult
|-damage|p1a: Dragapult|52/100
|
|-heal|p1a: Dragapult|58/100|[from] item: Leftovers
|upkeep
|turn|8
|
|switch|p2a: Kirby|Tyranitar, M, shiny|59/100
|-weather|Sandstorm|[from] ability: Sand Stream|[of] p2a: Kirby
|move|p1a: Dragapult|Dragon Darts|p2a: Kirby
|-damage|p2a: Kirby|45/100
|-damage|p2a: Kirby|30/100
|-hitcount|p2a: Kirby|2
|
|-weather|Sandstorm|[upkeep]
|-damage|p1a: Dragapult|52/100|[from] Sandstorm
|-heal|p1a: Dragapult|58/100|[from] item: Leftovers
|upkeep
|turn|9
|
|move|p1a: Dragapult|Dragon Darts|p2a: Kirby
|-damage|p2a: Kirby|16/100
|-damage|p2a: Kirby|2/100
|-hitcount|p2a: Kirby|2
|move|p2a: Kirby|Crunch|p1a: Dragapult
|-supereffective|p1a: Dragapult
|-damage|p1a: Dragapult|0 fnt
|faint|p1a: Dragapult
|
|-weather|Sandstorm|[upkeep]
|upkeep
|
|switch|p1a: Lucario|Lucario, F|100/100
|turn|10
|
|move|p1a: Lucario|Bullet Punch|p2a: Kirby
|-supereffective|p2a: Kirby
|-crit|p2a: Kirby
|-damage|p2a: Kirby|0 fnt
|-damage|p1a: Lucario|91/100|[from] item: Life Orb
|faint|p2a: Kirby
|
|-weather|Sandstorm|[upkeep]
|upkeep
|
|switch|p2a: Heliolisk|Heliolisk, M|100/100
|turn|11
|
|move|p2a: Heliolisk|Glare|p1a: Lucario
|-status|p1a: Lucario|par
|cant|p1a: Lucario|par
|
|-weather|Sandstorm|[upkeep]
|-damage|p2a: Heliolisk|94/100|[from] Sandstorm
|upkeep
|turn|12
|
|move|p2a: Heliolisk|Focus Blast|p1a: Lucario
|-supereffective|p1a: Lucario
|-damage|p1a: Lucario|0 fnt
|faint|p1a: Lucario
|
|-weather|none
|upkeep
|
|switch|p1a: Mew|Mew|100/100
|turn|13
|
|move|p2a: Heliolisk|Thunderbolt|p1a: Mew
|-damage|p1a: Mew|68/100
|-enditem|p1a: Mew|Red Card|[of] p2a: Heliolisk
|drag|p2a: Sniky-snake-boi|Dragapult, M|100/100
|move|p1a: Mew|Stealth Rock|p2a: Sniky-snake-boi
|-sidestart|p2: Lapis-lazuris|move: Stealth Rock
|
|upkeep
|turn|14
|
|move|p2a: Sniky-snake-boi|Dragon Darts|p1a: Mew
|-damage|p1a: Mew|43/100
|-damage|p1a: Mew|15/100
|-hitcount|p1a: Mew|2
|-damage|p2a: Sniky-snake-boi|91/100|[from] item: Life Orb
|move|p1a: Mew|Spikes|p2a: Sniky-snake-boi
|-sidestart|p2: Lapis-lazuris|Spikes
|
|upkeep
|turn|15
|
|move|p2a: Sniky-snake-boi|Dragon Darts|p1a: Mew
|-damage|p1a: Mew|0 fnt
|-hitcount|p1a: Mew|1
|-damage|p2a: Sniky-snake-boi|81/100|[from] item: Life Orb
|faint|p1a: Mew
|
|upkeep
|
|switch|p1a: Aegislash|Aegislash, M|100/100
|-item|p1a: Aegislash|Air Balloon
|turn|16
|
|move|p2a: Sniky-snake-boi|Phantom Force||[still]
|-prepare|p2a: Sniky-snake-boi|Phantom Force|p1a: Aegislash
|move|p1a: Aegislash|Swords Dance|p1a: Aegislash
|-boost|p1a: Aegislash|atk|2
|
|upkeep
|turn|17
|
|switch|p1a: Crawdaunt|Crawdaunt, F|91/100
|move|p2a: Sniky-snake-boi|Phantom Force|p1a: Crawdaunt|[from]lockedmove
|-resisted|p1a: Crawdaunt
|-damage|p1a: Crawdaunt|48/100
|-damage|p2a: Sniky-snake-boi|71/100|[from] item: Life Orb
|
|upkeep
|turn|18
|
|move|p2a: Sniky-snake-boi|Dragon Darts|p1a: Crawdaunt
|-damage|p1a: Crawdaunt|4/100
|-damage|p1a: Crawdaunt|0 fnt
|-hitcount|p1a: Crawdaunt|2
|-damage|p2a: Sniky-snake-boi|61/100|[from] item: Life Orb
|faint|p1a: Crawdaunt
|
|upkeep
|
|switch|p1a: Aegislash|Aegislash, M|100/100
|-item|p1a: Aegislash|Air Balloon
|turn|19
|
|move|p2a: Sniky-snake-boi|Phantom Force||[still]
|-prepare|p2a: Sniky-snake-boi|Phantom Force|p1a: Aegislash
|move|p1a: Aegislash|Swords Dance|p1a: Aegislash
|-boost|p1a: Aegislash|atk|2
|
|upkeep
|turn|20
|
|move|p2a: Sniky-snake-boi|Phantom Force|p1a: Aegislash|[from]lockedmove
|-supereffective|p1a: Aegislash
|-damage|p1a: Aegislash|0 fnt
|-enditem|p1a: Aegislash|Air Balloon
|-damage|p2a: Sniky-snake-boi|52/100|[from] item: Life Orb
|faint|p1a: Aegislash
|
|win|Lapis-lazuris
|raw|omegasz1's rating: 1253 → 1224(-29 for losing)
|raw|Lapis-lazuris's rating: 1201 → 1230(+29 for winning)
|l|☆omegasz1
