|ScrapeTime|2020-01-02-04:04:45
|j|☆enlive
|j|☆Grinwald Krieg
|player|p1|enlive|265|1191
|player|p2|Grinwald Krieg|mina|1193
|teamsize|p1|6
|teamsize|p2|6
|gametype|singles
|gen|8
|tier|[Gen 8] OU
|rated|
|rule|Sleep Clause Mod: Limit one foe put to sleep
|rule|Species Clause: Limit one of each Pokémon
|rule|OHKO Clause: OHKO moves are banned
|rule|Evasion Moves Clause: Evasion moves are banned
|rule|Endless Battle Clause: Forcing endless battles is banned
|rule|HP Percentage Mod: HP is shown in percentages
|clearpoke
|poke|p1|Barraskewda, M|
|poke|p1|Dracovish|
|poke|p1|Toxapex, F|
|poke|p1|Pelipper, M|
|poke|p1|Ferrothorn, F|
|poke|p1|Corviknight, M|
|poke|p2|Cloyster, F|
|poke|p2|Dragapult, M|
|poke|p2|Cinderace, M|
|poke|p2|Clefable, F|
|poke|p2|Aegislash, M|
|poke|p2|Seismitoad, M|
|rule|Dynamax Clause: You cannot dynamax
|teampreview
|inactive|Battle timer is ON: inactive players will automatically lose when time's up. (requested by Grinwald Krieg)
|
|start
|switch|p1a: Pelipper|Pelipper, M|100/100
|switch|p2a: Cloyster|Cloyster, F, shiny|100/100
|-weather|RainDance|[from] ability: Drizzle|[of] p1a: Pelipper
|turn|1
|
|move|p2a: Cloyster|Shell Smash|p2a: Cloyster
|-unboost|p2a: Cloyster|def|1
|-unboost|p2a: Cloyster|spd|1
|-boost|p2a: Cloyster|atk|2
|-boost|p2a: Cloyster|spa|2
|-boost|p2a: Cloyster|spe|2
|move|p1a: Pelipper|Hurricane|p2a: Cloyster
|-crit|p2a: Cloyster
|-enditem|p2a: Cloyster|Focus Sash
|-damage|p2a: Cloyster|1/100
|-start|p2a: Cloyster|confusion
|
|-weather|RainDance|[upkeep]
|upkeep
|turn|2
|
|switch|p1a: Ferrothorn|Ferrothorn, F|100/100
|-activate|p2a: Cloyster|confusion
|move|p2a: Cloyster|Icicle Spear|p1a: Ferrothorn
|-damage|p1a: Ferrothorn|84/100
|-damage|p1a: Ferrothorn|68/100
|-damage|p1a: Ferrothorn|52/100
|-damage|p1a: Ferrothorn|36/100
|-damage|p1a: Ferrothorn|19/100
|-hitcount|p1a: Ferrothorn|5
|
|-weather|RainDance|[upkeep]
|-heal|p1a: Ferrothorn|25/100|[from] item: Leftovers
|upkeep
|turn|3
|
|move|p1a: Ferrothorn|Protect|p1a: Ferrothorn
|-singleturn|p1a: Ferrothorn|Protect
|-activate|p2a: Cloyster|confusion
|move|p2a: Cloyster|Icicle Spear|p1a: Ferrothorn
|-activate|p1a: Ferrothorn|move: Protect
|
|-weather|RainDance|[upkeep]
|-heal|p1a: Ferrothorn|31/100|[from] item: Leftovers
|upkeep
|turn|4
|inactive|enlive has 120 seconds left.
|inactive|Grinwald Krieg has 120 seconds left.
|
|-activate|p2a: Cloyster|confusion
|move|p2a: Cloyster|Icicle Spear|p1a: Ferrothorn
|-damage|p1a: Ferrothorn|15/100
|-damage|p1a: Ferrothorn|0 fnt
|-hitcount|p1a: Ferrothorn|2
|faint|p1a: Ferrothorn
|
|-weather|RainDance|[upkeep]
|upkeep
|inactive|enlive has 120 seconds left.
|
|switch|p1a: Barraskewda|Barraskewda, M|100/100
|turn|5
|inactive|Grinwald Krieg has 120 seconds left.
|
|-end|p2a: Cloyster|confusion
|move|p2a: Cloyster|Ice Shard|p1a: Barraskewda
|-resisted|p1a: Barraskewda
|-damage|p1a: Barraskewda|65/100
|move|p1a: Barraskewda|Liquidation|p2a: Cloyster
|-resisted|p2a: Cloyster
|-damage|p2a: Cloyster|0 fnt
|faint|p2a: Cloyster
|
|-weather|none
|upkeep
|inactive|Grinwald Krieg has 120 seconds left.
|
|switch|p2a: Seismitoad|Seismitoad, M|100/100
|turn|6
|
|switch|p1a: Pelipper|Pelipper, M|100/100
|-weather|RainDance|[from] ability: Drizzle|[of] p1a: Pelipper
|move|p2a: Seismitoad|Stealth Rock|p1a: Pelipper
|-sidestart|p1: enlive|move: Stealth Rock
|
|-weather|RainDance|[upkeep]
|upkeep
|turn|7
|
|move|p2a: Seismitoad|Toxic|p1a: Pelipper
|-status|p1a: Pelipper|tox
|move|p1a: Pelipper|U-turn|p2a: Seismitoad
|-damage|p2a: Seismitoad|92/100
|
|switch|p1a: Corviknight|Corviknight, M|100/100|[from]move: U-turn
|-damage|p1a: Corviknight|88/100|[from] Stealth Rock
|-ability|p1a: Corviknight|Pressure
|
|-weather|RainDance|[upkeep]
|-heal|p2a: Seismitoad|98/100|[from] item: Leftovers
|-heal|p1a: Corviknight|94/100|[from] item: Leftovers
|upkeep
|turn|8
|inactive|Grinwald Krieg has 120 seconds left.
|inactive|Grinwald Krieg has 90 seconds left.
|
|switch|p2a: Clefable|Clefable, F|100/100
|move|p1a: Corviknight|Defog|p2a: Clefable
|-unboost|p2a: Clefable|evasion|1
|-sideend|p1: enlive|Stealth Rock|[from] move: Defog|[of] p1a: Corviknight
|
|-weather|RainDance|[upkeep]
|-heal|p1a: Corviknight|100/100|[from] item: Leftovers
|upkeep
|turn|9
|inactive|enlive has 120 seconds left.
|
|move|p2a: Clefable|Thunderbolt|p1a: Corviknight
|-supereffective|p1a: Corviknight
|-damage|p1a: Corviknight|48/100
|move|p1a: Corviknight|Bulk Up|p1a: Corviknight
|-boost|p1a: Corviknight|atk|1
|-boost|p1a: Corviknight|def|1
|
|-weather|RainDance|[upkeep]
|-heal|p1a: Corviknight|54/100|[from] item: Leftovers
|upkeep
|turn|10
|
|switch|p1a: Dracovish|Dracovish|100/100
|move|p2a: Clefable|Thunderbolt|p1a: Dracovish
|-damage|p1a: Dracovish|55/100
|
|-weather|none
|upkeep
|turn|11
|
|switch|p2a: Seismitoad|Seismitoad, M|98/100
|move|p1a: Dracovish|Fishious Rend|p2a: Seismitoad
|-heal|p2a: Seismitoad|100/100|[from] ability: Water Absorb|[of] p1a: Dracovish
|
|upkeep
|turn|12
|inactive|enlive has 90 seconds left.
|
|switch|p1a: Toxapex|Toxapex, F|100/100
|move|p2a: Seismitoad|Stealth Rock|p1a: Toxapex
|-sidestart|p1: enlive|move: Stealth Rock
|
|upkeep
|turn|13
|
|move|p2a: Seismitoad|Earthquake|p1a: Toxapex
|-supereffective|p1a: Toxapex
|-damage|p1a: Toxapex|51/100
|move|p1a: Toxapex|Toxic|p2a: Seismitoad
|-status|p2a: Seismitoad|tox
|
|-heal|p1a: Toxapex|57/100|[from] item: Black Sludge
|-damage|p2a: Seismitoad|94/100 tox|[from] psn
|upkeep
|turn|14
|j| istallueverytime
|
|move|p1a: Toxapex|Baneful Bunker|p1a: Toxapex
|-singleturn|p1a: Toxapex|move: Protect
|move|p2a: Seismitoad|Earthquake|p1a: Toxapex
|-activate|p1a: Toxapex|move: Protect
|
|-heal|p2a: Seismitoad|100/100 tox|[from] item: Leftovers
|-heal|p1a: Toxapex|64/100|[from] item: Black Sludge
|-damage|p2a: Seismitoad|88/100 tox|[from] psn
|upkeep
|turn|15
|
|switch|p1a: Corviknight|Corviknight, M|54/100
|-damage|p1a: Corviknight|41/100|[from] Stealth Rock
|-ability|p1a: Corviknight|Pressure
|move|p2a: Seismitoad|Earthquake|p1a: Corviknight
|-immune|p1a: Corviknight
|
|-heal|p2a: Seismitoad|94/100 tox|[from] item: Leftovers
|-heal|p1a: Corviknight|48/100|[from] item: Leftovers
|-damage|p2a: Seismitoad|76/100 tox|[from] psn
|upkeep
|turn|16
|
|switch|p2a: Clefable|Clefable, F|100/100
|move|p1a: Corviknight|Roost|p1a: Corviknight
|-heal|p1a: Corviknight|98/100
|-singleturn|p1a: Corviknight|move: Roost
|
|-heal|p1a: Corviknight|100/100|[from] item: Leftovers
|upkeep
|turn|17
|
|move|p2a: Clefable|Fire Blast|p1a: Corviknight
|-supereffective|p1a: Corviknight
|-damage|p1a: Corviknight|35/100
|move|p1a: Corviknight|Brave Bird|p2a: Clefable
|-damage|p2a: Clefable|55/100
|-damage|p1a: Corviknight|21/100|[from] Recoil
|
|-heal|p1a: Corviknight|27/100|[from] item: Leftovers
|upkeep
|turn|18
|inactive|Grinwald Krieg has 120 seconds left.
|inactive|enlive has 90 seconds left.
|
|switch|p1a: Dracovish|Dracovish|55/100
|-damage|p1a: Dracovish|42/100|[from] Stealth Rock
|move|p2a: Clefable|Thunderbolt|p1a: Dracovish
|-damage|p1a: Dracovish|0 fnt
|faint|p1a: Dracovish
|
|upkeep
|inactive|enlive has 90 seconds left.
|-message|enlive forfeited.
|
|win|Grinwald Krieg
|l|☆enlive
|raw|enlive's rating: 1191 → 1166(-25 for losing)
|raw|Grinwald Krieg's rating: 1193 → 1218(+25 for winning)
