|ScrapeTime|2020-01-02-15:45:48
|j|☆Seradykio
|j|☆Traaayys
|player|p1|Seradykio|misty|1013
|player|p2|Traaayys|hilbert-dueldisk|1047
|teamsize|p1|6
|teamsize|p2|6
|gametype|singles
|gen|8
|tier|[Gen 8] OU
|rated|
|rule|Sleep Clause Mod: Limit one foe put to sleep
|rule|Species Clause: Limit one of each Pokémon
|rule|OHKO Clause: OHKO moves are banned
|rule|Evasion Moves Clause: Evasion moves are banned
|rule|Endless Battle Clause: Forcing endless battles is banned
|rule|HP Percentage Mod: HP is shown in percentages
|clearpoke
|poke|p1|Cinderace, F|
|poke|p1|Tyranitar, M|
|poke|p1|Gyarados, F|
|poke|p1|Clefable, F|
|poke|p1|Rotom-Mow|
|poke|p1|Pelipper, M|
|poke|p2|Rotom-Mow|
|poke|p2|Dragapult, M|
|poke|p2|Gyarados, F|
|poke|p2|Dugtrio, M|
|poke|p2|Hawlucha, F|
|poke|p2|Weezing-Galar, M|
|rule|Dynamax Clause: You cannot dynamax
|teampreview
|
|start
|switch|p1a: Rotom|Rotom-Mow|100/100
|switch|p2a: Rotom|Rotom-Mow|100/100
|turn|1
|
|switch|p1a: Tyranitar|Tyranitar, M|100/100
|-weather|Sandstorm|[from] ability: Sand Stream|[of] p1a: Tyranitar
|move|p2a: Rotom|Volt Switch|p1a: Tyranitar
|-damage|p1a: Tyranitar|86/100
|
|switch|p2a: Gyarados|Gyarados, F, shiny|100/100|[from]move: Volt Switch
|-ability|p2a: Gyarados|Intimidate|boost
|-unboost|p1a: Tyranitar|atk|1
|
|-weather|Sandstorm|[upkeep]
|-damage|p2a: Gyarados|94/100|[from] Sandstorm
|upkeep
|turn|2
|c|☆Seradykio|Thats so strange
|
|switch|p1a: Gyarados|Gyarados, F|100/100
|move|p2a: Gyarados|Waterfall|p1a: Gyarados
|-resisted|p1a: Gyarados
|-damage|p1a: Gyarados|71/100
|
|-weather|Sandstorm|[upkeep]
|-damage|p2a: Gyarados|88/100|[from] Sandstorm
|-damage|p1a: Gyarados|65/100|[from] Sandstorm
|upkeep
|turn|3
|
|switch|p1a: Rotom|Rotom-Mow|100/100
|move|p2a: Gyarados|Ice Beam|p1a: Rotom
|-supereffective|p1a: Rotom
|-damage|p1a: Rotom|63/100
|
|-weather|Sandstorm|[upkeep]
|-damage|p1a: Rotom|57/100|[from] Sandstorm
|-damage|p2a: Gyarados|82/100|[from] Sandstorm
|upkeep
|turn|4
|
|switch|p2a: Rotom|Rotom-Mow|100/100
|move|p1a: Rotom|Volt Switch|p2a: Rotom
|-resisted|p2a: Rotom
|-damage|p2a: Rotom|92/100
|
|switch|p1a: Pelipper|Pelipper, M|100/100|[from]move: Volt Switch
|-weather|RainDance|[from] ability: Drizzle|[of] p1a: Pelipper
|
|-weather|RainDance|[upkeep]
|upkeep
|turn|5
|
|switch|p1a: Clefable|Clefable, F|100/100
|move|p2a: Rotom|Thunderbolt|p1a: Clefable
|-damage|p1a: Clefable|72/100
|
|-weather|RainDance|[upkeep]
|upkeep
|turn|6
|
|switch|p2a: Dugtrio|Dugtrio, M|100/100
|switch|p1a: Rotom|Rotom-Mow|57/100
|
|-weather|RainDance|[upkeep]
|upkeep
|turn|7
|
|move|p1a: Rotom|Trick|p2a: Dugtrio
|-activate|p1a: Rotom|move: Trick|[of] p2a: Dugtrio
|-item|p2a: Dugtrio|Choice Scarf|[from] move: Trick
|-item|p1a: Rotom|Focus Sash|[from] move: Trick
|move|p2a: Dugtrio|Reversal|p1a: Rotom
|-damage|p1a: Rotom|48/100
|
|-weather|RainDance|[upkeep]
|upkeep
|turn|8
|
|move|p2a: Dugtrio|Reversal|p1a: Rotom
|-damage|p1a: Rotom|39/100
|move|p1a: Rotom|Leaf Storm|p2a: Dugtrio
|-supereffective|p2a: Dugtrio
|-damage|p2a: Dugtrio|0 fnt
|-unboost|p1a: Rotom|spa|2
|faint|p2a: Dugtrio
|
|-weather|none
|upkeep
|
|switch|p2a: Hawlucha|Hawlucha, F|100/100
|turn|9
|
|switch|p1a: Tyranitar|Tyranitar, M|86/100
|-weather|Sandstorm|[from] ability: Sand Stream|[of] p1a: Tyranitar
|move|p2a: Hawlucha|Brave Bird|p1a: Tyranitar
|-resisted|p1a: Tyranitar
|-damage|p1a: Tyranitar|68/100
|-damage|p2a: Hawlucha|92/100|[from] Recoil
|
|-weather|Sandstorm|[upkeep]
|-damage|p2a: Hawlucha|86/100|[from] Sandstorm
|upkeep
|turn|10
|
|switch|p1a: Clefable|Clefable, F|72/100
|move|p2a: Hawlucha|Low Kick|p1a: Clefable
|-resisted|p1a: Clefable
|-damage|p1a: Clefable|58/100
|
|-weather|Sandstorm|[upkeep]
|-damage|p2a: Hawlucha|80/100|[from] Sandstorm
|upkeep
|turn|11
|
|move|p2a: Hawlucha|Brave Bird|p1a: Clefable
|-damage|p1a: Clefable|7/100
|-damage|p2a: Hawlucha|58/100|[from] Recoil
|move|p1a: Clefable|Moonblast|p2a: Hawlucha
|-supereffective|p2a: Hawlucha
|-damage|p2a: Hawlucha|0 fnt
|faint|p2a: Hawlucha
|
|-weather|Sandstorm|[upkeep]
|upkeep
|
|switch|p2a: Dragapult|Dragapult, M|100/100
|turn|12
|
|switch|p1a: Tyranitar|Tyranitar, M|68/100
|move|p2a: Dragapult|U-turn|p1a: Tyranitar
|-supereffective|p1a: Tyranitar
|-damage|p1a: Tyranitar|31/100
|-damage|p2a: Dragapult|91/100|[from] item: Life Orb
|
|switch|p2a: Gyarados|Gyarados, F, shiny|82/100|[from]move: U-turn
|-ability|p2a: Gyarados|Intimidate|boost
|-unboost|p1a: Tyranitar|atk|1
|
|-weather|Sandstorm|[upkeep]
|-damage|p2a: Gyarados|76/100|[from] Sandstorm
|upkeep
|turn|13
|
|switch|p1a: Rotom|Rotom-Mow|39/100
|move|p2a: Gyarados|Ice Beam|p1a: Rotom
|-supereffective|p1a: Rotom
|-damage|p1a: Rotom|0 fnt
|faint|p1a: Rotom
|
|-weather|none
|upkeep
|
|switch|p1a: Clefable|Clefable, F|7/100
|turn|14
|
|switch|p1a: Gyarados|Gyarados, F|65/100
|move|p2a: Gyarados|Waterfall|p1a: Gyarados
|-resisted|p1a: Gyarados
|-damage|p1a: Gyarados|36/100
|
|upkeep
|turn|15
|
|move|p2a: Gyarados|Bounce||[still]
|-prepare|p2a: Gyarados|Bounce|p1a: Gyarados
|move|p1a: Gyarados|Dragon Dance|p1a: Gyarados
|-boost|p1a: Gyarados|atk|1
|-boost|p1a: Gyarados|spe|1
|
|upkeep
|turn|16
|
|move|p1a: Gyarados|Waterfall|p2a: Gyarados|[miss]
|-miss|p1a: Gyarados|p2a: Gyarados
|move|p2a: Gyarados|Bounce|p1a: Gyarados|[from]lockedmove|[miss]
|-miss|p2a: Gyarados|p1a: Gyarados
|
|upkeep
|turn|17
|
|move|p1a: Gyarados|Waterfall|p2a: Gyarados
|-resisted|p2a: Gyarados
|-damage|p2a: Gyarados|36/100
|cant|p2a: Gyarados|flinch
|
|upkeep
|turn|18
|
|move|p1a: Gyarados|Waterfall|p2a: Gyarados
|-resisted|p2a: Gyarados
|-damage|p2a: Gyarados|0 fnt
|faint|p2a: Gyarados
|-ability|p1a: Gyarados|Moxie|boost
|-boost|p1a: Gyarados|atk|1
|
|upkeep
|
|switch|p2a: Rotom|Rotom-Mow|92/100
|turn|19
|
|move|p2a: Rotom|Volt Switch|p1a: Gyarados
|-supereffective|p1a: Gyarados
|-damage|p1a: Gyarados|0 fnt
|faint|p1a: Gyarados
|
|switch|p2a: Weezing|Weezing-Galar, M|100/100|[from]move: Volt Switch
|-ability|p2a: Weezing|Neutralizing Gas
|
|upkeep
|
|switch|p1a: Clefable|Clefable, F|7/100
|turn|20
|
|move|p2a: Weezing|Thunderbolt|p1a: Clefable
|-damage|p1a: Clefable|0 fnt
|faint|p1a: Clefable
|
|upkeep
|
|switch|p1a: Pelipper|Pelipper, M|100/100
|turn|21
|
|switch|p1a: Tyranitar|Tyranitar, M|31/100
|move|p2a: Weezing|Thunderbolt|p1a: Tyranitar
|-crit|p1a: Tyranitar
|-damage|p1a: Tyranitar|2/100
|-status|p1a: Tyranitar|par
|
|upkeep
|turn|22
|inactive|Battle timer is ON: inactive players will automatically lose when time's up. (requested by Traaayys)
|
|move|p2a: Weezing|Thunderbolt|p1a: Tyranitar
|-damage|p1a: Tyranitar|0 fnt
|faint|p1a: Tyranitar
|
|upkeep
|-message|Seradykio forfeited.
|
|win|Traaayys
|l|☆Seradykio
|raw|Seradykio's rating: 1013 → 1002(-11 for losing)
|raw|Traaayys's rating: 1047 → 1077(+30 for winning)
|l|☆Traaayys
|j|☆Seradykio
|player|p1|Seradykio|misty
