|ScrapeTime|2020-01-02-02:15:14
|j|☆nkE#Qsddasdasc
|j|☆Garinae
|player|p1|nkE#Qsddasdasc|camper|1131
|player|p2|Garinae|2|1160
|teamsize|p1|6
|teamsize|p2|6
|gametype|singles
|gen|8
|tier|[Gen 8] OU
|rated|
|rule|Sleep Clause Mod: Limit one foe put to sleep
|rule|Species Clause: Limit one of each Pokémon
|rule|OHKO Clause: OHKO moves are banned
|rule|Evasion Moves Clause: Evasion moves are banned
|rule|Endless Battle Clause: Forcing endless battles is banned
|rule|HP Percentage Mod: HP is shown in percentages
|clearpoke
|poke|p1|Morgrem, M|
|poke|p1|Corviknight, M|
|poke|p1|Cursola, M|
|poke|p1|Mr. Mime-Galar, M|
|poke|p1|Inteleon, M|
|poke|p1|Trapinch, M|
|poke|p2|Grimmsnarl, M|
|poke|p2|Golisopod, M|
|poke|p2|Dugtrio, F|
|poke|p2|Aegislash, M|
|poke|p2|Corviknight, M|
|poke|p2|Hydreigon, M|
|rule|Dynamax Clause: You cannot dynamax
|teampreview
|inactive|Battle timer is ON: inactive players will automatically lose when time's up. (requested by nkE#Qsddasdasc)
|inactive|Garinae has 120 seconds left.
|
|start
|switch|p1a: Morgrem|Morgrem, M|100/100
|switch|p2a: Corviknight|Corviknight, M|100/100
|-ability|p2a: Corviknight|Pressure
|turn|1
|inactive|Garinae has 120 seconds left.
|
|move|p1a: Morgrem|Swagger|p2a: Corviknight
|-boost|p2a: Corviknight|atk|2
|-start|p2a: Corviknight|confusion
|-activate|p2a: Corviknight|confusion
|move|p2a: Corviknight|U-turn|p1a: Morgrem
|-damage|p1a: Morgrem|78/100
|
|switch|p2a: Aegislash|Aegislash, M|100/100|[from]move: U-turn
|
|upkeep
|turn|2
|
|-formechange|p2a: Aegislash|Aegislash-Blade||[from] ability: Stance Change
|move|p2a: Aegislash|Flash Cannon|p1a: Morgrem
|-supereffective|p1a: Morgrem
|-damage|p1a: Morgrem|0 fnt
|faint|p1a: Morgrem
|
|upkeep
|
|switch|p1a: Inteleon|Inteleon, M|100/100
|turn|3
|
|-formechange|p2a: Aegislash|Aegislash||[from] ability: Stance Change
|move|p2a: Aegislash|King's Shield|p2a: Aegislash
|-singleturn|p2a: Aegislash|Protect
|move|p1a: Inteleon|Dark Pulse|p2a: Aegislash
|-activate|p2a: Aegislash|move: Protect
|
|upkeep
|turn|4
|inactive|Garinae has 120 seconds left.
|
|switch|p1a: Cursola|Cursola, M|100/100
|switch|p2a: Hydreigon|Hydreigon, M|100/100
|
|upkeep
|turn|5
|inactive|Garinae has 120 seconds left.
|
|move|p2a: Hydreigon|U-turn|p1a: Cursola
|-resisted|p1a: Cursola
|-damage|p1a: Cursola|92/100
|-ability|p1a: Cursola|Perish Body
|-start|p1a: Cursola|perish3
|-start|p2a: Hydreigon|perish3
|
|switch|p2a: Grimmsnarl|Grimmsnarl, M|100/100|[from]move: U-turn
|-item|p1a: Cursola|Leftovers|[from] ability: Frisk|[of] p2a: Grimmsnarl|[identify]
|move|p1a: Cursola|Strength Sap|p2a: Grimmsnarl
|-unboost|p2a: Grimmsnarl|atk|1
|-heal|p1a: Cursola|100/100
|
|-start|p1a: Cursola|perish3
|upkeep
|turn|6
|
|switch|p2a: Dugtrio|Dugtrio, F|100/100
|move|p1a: Cursola|Will-O-Wisp|p2a: Dugtrio
|-status|p2a: Dugtrio|brn
|
|-damage|p2a: Dugtrio|94/100 brn|[from] brn
|-start|p1a: Cursola|perish2
|upkeep
|turn|7
|
|move|p2a: Dugtrio|Stealth Rock|p1a: Cursola
|-sidestart|p1: nkE#Qsddasdasc|move: Stealth Rock
|move|p1a: Cursola|Strength Sap|p2a: Dugtrio
|-unboost|p2a: Dugtrio|atk|1
|
|-damage|p2a: Dugtrio|88/100 brn|[from] brn
|-start|p1a: Cursola|perish1
|upkeep
|turn|8
|
|switch|p1a: Corviknight|Corviknight, M|100/100
|-damage|p1a: Corviknight|88/100|[from] Stealth Rock
|-ability|p1a: Corviknight|Pressure
|move|p2a: Dugtrio|Stealth Rock||[still]
|-fail|p2a: Dugtrio
|
|-heal|p1a: Corviknight|94/100|[from] item: Leftovers
|-damage|p2a: Dugtrio|82/100 brn|[from] brn
|upkeep
|turn|9
|inactive|Garinae has 90 seconds left.
|
|switch|p2a: Aegislash|Aegislash, M|100/100
|move|p1a: Corviknight|Substitute|p1a: Corviknight
|-start|p1a: Corviknight|Substitute
|-damage|p1a: Corviknight|69/100
|
|-heal|p1a: Corviknight|75/100|[from] item: Leftovers
|upkeep
|turn|10
|
|-formechange|p2a: Aegislash|Aegislash-Blade||[from] ability: Stance Change
|move|p2a: Aegislash|Shadow Ball|p1a: Corviknight
|-end|p1a: Corviknight|Substitute
|move|p1a: Corviknight|Bulk Up|p1a: Corviknight
|-boost|p1a: Corviknight|atk|1
|-boost|p1a: Corviknight|def|1
|
|-heal|p1a: Corviknight|81/100|[from] item: Leftovers
|upkeep
|turn|11
|
|move|p2a: Aegislash|Shadow Ball|p1a: Corviknight
|-damage|p1a: Corviknight|48/100
|move|p1a: Corviknight|Bulk Up|p1a: Corviknight
|-boost|p1a: Corviknight|atk|1
|-boost|p1a: Corviknight|def|1
|
|-heal|p1a: Corviknight|54/100|[from] item: Leftovers
|upkeep
|turn|12
|
|move|p2a: Aegislash|Shadow Ball|p1a: Corviknight
|-damage|p1a: Corviknight|23/100
|-unboost|p1a: Corviknight|spd|1
|move|p1a: Corviknight|Roost|p1a: Corviknight
|-heal|p1a: Corviknight|73/100
|-singleturn|p1a: Corviknight|move: Roost
|
|-heal|p1a: Corviknight|79/100|[from] item: Leftovers
|upkeep
|turn|13
|
|move|p2a: Aegislash|Shadow Ball|p1a: Corviknight
|-damage|p1a: Corviknight|27/100
|move|p1a: Corviknight|Substitute|p1a: Corviknight
|-start|p1a: Corviknight|Substitute
|-damage|p1a: Corviknight|3/100
|
|-heal|p1a: Corviknight|9/100|[from] item: Leftovers
|upkeep
|turn|14
|
|move|p2a: Aegislash|Shadow Ball|p1a: Corviknight
|-end|p1a: Corviknight|Substitute
|move|p1a: Corviknight|Roost|p1a: Corviknight
|-heal|p1a: Corviknight|59/100
|-singleturn|p1a: Corviknight|move: Roost
|
|-heal|p1a: Corviknight|65/100|[from] item: Leftovers
|upkeep
|turn|15
|
|move|p2a: Aegislash|Shadow Ball|p1a: Corviknight
|-damage|p1a: Corviknight|15/100
|move|p1a: Corviknight|Roost|p1a: Corviknight
|-heal|p1a: Corviknight|65/100
|-singleturn|p1a: Corviknight|move: Roost
|
|-heal|p1a: Corviknight|71/100|[from] item: Leftovers
|upkeep
|turn|16
|inactive|Garinae has 120 seconds left.
|
|move|p2a: Aegislash|Shadow Ball|p1a: Corviknight
|-damage|p1a: Corviknight|19/100
|move|p1a: Corviknight|Roost|p1a: Corviknight
|-heal|p1a: Corviknight|69/100
|-singleturn|p1a: Corviknight|move: Roost
|
|-heal|p1a: Corviknight|75/100|[from] item: Leftovers
|upkeep
|turn|17
|
|move|p2a: Aegislash|Shadow Ball|p1a: Corviknight
|-damage|p1a: Corviknight|27/100
|move|p1a: Corviknight|Roost|p1a: Corviknight
|-heal|p1a: Corviknight|77/100
|-singleturn|p1a: Corviknight|move: Roost
|
|-heal|p1a: Corviknight|83/100|[from] item: Leftovers
|upkeep
|turn|18
|
|move|p2a: Aegislash|Shadow Ball|p1a: Corviknight
|-damage|p1a: Corviknight|37/100
|move|p1a: Corviknight|Roost|p1a: Corviknight
|-heal|p1a: Corviknight|87/100
|-singleturn|p1a: Corviknight|move: Roost
|
|-heal|p1a: Corviknight|93/100|[from] item: Leftovers
|upkeep
|turn|19
|
|switch|p2a: Hydreigon|Hydreigon, M|100/100
|move|p1a: Corviknight|Substitute|p1a: Corviknight
|-start|p1a: Corviknight|Substitute
|-damage|p1a: Corviknight|68/100
|
|-heal|p1a: Corviknight|74/100|[from] item: Leftovers
|upkeep
|turn|20
|
|move|p2a: Hydreigon|Flamethrower|p1a: Corviknight
|-supereffective|p1a: Corviknight
|-end|p1a: Corviknight|Substitute
|move|p1a: Corviknight|Brave Bird|p2a: Hydreigon
|-crit|p2a: Hydreigon
|-damage|p2a: Hydreigon|0 fnt
|-damage|p1a: Corviknight|48/100|[from] Recoil
|faint|p2a: Hydreigon
|
|-heal|p1a: Corviknight|54/100|[from] item: Leftovers
|upkeep
|inactive|Garinae has 120 seconds left.
|
|switch|p2a: Aegislash|Aegislash, M|100/100
|turn|21
|
|-formechange|p2a: Aegislash|Aegislash-Blade||[from] ability: Stance Change
|move|p2a: Aegislash|Shadow Ball|p1a: Corviknight
|-damage|p1a: Corviknight|8/100
|-unboost|p1a: Corviknight|spd|1
|move|p1a: Corviknight|Roost|p1a: Corviknight
|-heal|p1a: Corviknight|58/100
|-singleturn|p1a: Corviknight|move: Roost
|
|-heal|p1a: Corviknight|64/100|[from] item: Leftovers
|upkeep
|turn|22
|
|switch|p1a: Mr. Mime|Mr. Mime-Galar, M|100/100
|-damage|p1a: Mr. Mime|76/100|[from] Stealth Rock
|move|p2a: Aegislash|Shadow Ball|p1a: Mr. Mime
|-supereffective|p1a: Mr. Mime
|-damage|p1a: Mr. Mime|0 fnt
|faint|p1a: Mr. Mime
|
|upkeep
|
|switch|p1a: Corviknight|Corviknight, M|64/100
|-damage|p1a: Corviknight|51/100|[from] Stealth Rock
|-ability|p1a: Corviknight|Pressure
|turn|23
|
|switch|p2a: Grimmsnarl|Grimmsnarl, M|100/100
|-item|p1a: Corviknight|Leftovers|[from] ability: Frisk|[of] p2a: Grimmsnarl|[identify]
|move|p1a: Corviknight|Roost|p1a: Corviknight
|-heal|p1a: Corviknight|100/100
|-singleturn|p1a: Corviknight|move: Roost
|
|upkeep
|turn|24
|
|move|p1a: Corviknight|Substitute|p1a: Corviknight
|-start|p1a: Corviknight|Substitute
|-damage|p1a: Corviknight|76/100
|move|p2a: Grimmsnarl|Fire Punch|p1a: Corviknight
|-supereffective|p1a: Corviknight
|-end|p1a: Corviknight|Substitute
|
|-heal|p1a: Corviknight|82/100|[from] item: Leftovers
|upkeep
|turn|25
|
|switch|p1a: Cursola|Cursola, M|100/100
|-damage|p1a: Cursola|88/100|[from] Stealth Rock
|move|p2a: Grimmsnarl|Fire Punch|p1a: Cursola
|-damage|p1a: Cursola|56/100
|-ability|p1a: Cursola|Perish Body
|-start|p1a: Cursola|perish3
|-start|p2a: Grimmsnarl|perish3
|
|-heal|p1a: Cursola|63/100|[from] item: Leftovers
|-start|p2a: Grimmsnarl|perish3
|-start|p1a: Cursola|perish3
|upkeep
|turn|26
|
|switch|p1a: Trapinch|Trapinch, M, shiny|100/100
|-damage|p1a: Trapinch|94/100|[from] Stealth Rock
|move|p2a: Grimmsnarl|Darkest Lariat|p1a: Trapinch
|-damage|p1a: Trapinch|46/100
|
|-start|p2a: Grimmsnarl|perish2
|upkeep
|turn|27
|
|move|p1a: Trapinch|Protect|p1a: Trapinch
|-singleturn|p1a: Trapinch|Protect
|move|p2a: Grimmsnarl|Darkest Lariat|p1a: Trapinch
|-activate|p1a: Trapinch|move: Protect
|
|-start|p2a: Grimmsnarl|perish1
|upkeep
|turn|28
|
|move|p2a: Grimmsnarl|Darkest Lariat|p1a: Trapinch
|-damage|p1a: Trapinch|1/100
|move|p1a: Trapinch|Rest|p1a: Trapinch
|-status|p1a: Trapinch|slp|[from] move: Rest
|-heal|p1a: Trapinch|100/100 slp|[silent]
|
|-start|p2a: Grimmsnarl|perish0
|upkeep
|faint|p2a: Grimmsnarl
|
|switch|p2a: WTF is this|Golisopod, M|100/100
|turn|29
|
|switch|p1a: Cursola|Cursola, M|63/100
|-damage|p1a: Cursola|50/100|[from] Stealth Rock
|move|p2a: WTF is this|Spikes|p1a: Cursola
|-sidestart|p1: nkE#Qsddasdasc|Spikes
|
|-heal|p1a: Cursola|56/100|[from] item: Leftovers
|upkeep
|turn|30
|
|move|p2a: WTF is this|Liquidation|p1a: Cursola
|-damage|p1a: Cursola|10/100
|-ability|p1a: Cursola|Perish Body
|-start|p1a: Cursola|perish3
|-start|p2a: WTF is this|perish3
|move|p1a: Cursola|Strength Sap|p2a: WTF is this
|-unboost|p2a: WTF is this|atk|1
|-heal|p1a: Cursola|100/100
|
|-start|p2a: WTF is this|perish3
|-start|p1a: Cursola|perish3
|upkeep
|turn|31
|inactive|Garinae has 120 seconds left.
|
|switch|p2a: Corviknight|Corviknight, M|100/100
|-ability|p2a: Corviknight|Pressure
|move|p1a: Cursola|Will-O-Wisp|p2a: Corviknight|[miss]
|-miss|p1a: Cursola|p2a: Corviknight
|
|-start|p1a: Cursola|perish2
|upkeep
|turn|32
|
|move|p2a: Corviknight|U-turn|p1a: Cursola
|-resisted|p1a: Cursola
|-damage|p1a: Cursola|92/100
|-ability|p1a: Cursola|Perish Body
|-start|p2a: Corviknight|perish3
|
|switch|p2a: Aegislash|Aegislash, M|100/100|[from]move: U-turn
|move|p1a: Cursola|Will-O-Wisp|p2a: Aegislash|[miss]
|-miss|p1a: Cursola|p2a: Aegislash
|
|-heal|p1a: Cursola|99/100|[from] item: Leftovers
|-start|p1a: Cursola|perish1
|upkeep
|turn|33
|inactive|Garinae has 120 seconds left.
|
|switch|p1a: Inteleon|Inteleon, M|100/100
|-damage|p1a: Inteleon|88/100|[from] Stealth Rock
|-damage|p1a: Inteleon|76/100|[from] Spikes
|-formechange|p2a: Aegislash|Aegislash-Blade||[from] ability: Stance Change
|move|p2a: Aegislash|Shadow Sneak|p1a: Inteleon
|-damage|p1a: Inteleon|44/100
|
|upkeep
|turn|34
|
|switch|p2a: WTF is this|Golisopod, M|100/100
|move|p1a: Inteleon|Dark Pulse|p2a: WTF is this
|-damage|p2a: WTF is this|59/100
|
|-heal|p2a: WTF is this|65/100|[from] item: Leftovers
|upkeep
|turn|35
|
|switch|p1a: Cursola|Cursola, M|99/100
|-damage|p1a: Cursola|86/100|[from] Stealth Rock
|-damage|p1a: Cursola|74/100|[from] Spikes
|move|p2a: WTF is this|Leech Life|p1a: Cursola
|-resisted|p1a: Cursola
|-damage|p1a: Cursola|52/100
|-heal|p2a: WTF is this|75/100|[from] drain|[of] p1a: Cursola
|-ability|p1a: Cursola|Perish Body
|-start|p1a: Cursola|perish3
|-start|p2a: WTF is this|perish3
|
|-heal|p2a: WTF is this|81/100|[from] item: Leftovers
|-heal|p1a: Cursola|59/100|[from] item: Leftovers
|-start|p2a: WTF is this|perish3
|-start|p1a: Cursola|perish3
|upkeep
|turn|36
|inactive|Garinae has 120 seconds left.
|
|switch|p2a: Aegislash|Aegislash, M|100/100
|move|p1a: Cursola|Strength Sap|p2a: Aegislash
|-unboost|p2a: Aegislash|atk|1
|-heal|p1a: Cursola|100/100
|
|-start|p1a: Cursola|perish2
|upkeep
|turn|37
|
|switch|p1a: Trapinch|Trapinch, M, shiny|100/100 slp
|-damage|p1a: Trapinch|88/100 slp|[from] Spikes
|-damage|p1a: Trapinch|82/100 slp|[from] Stealth Rock
|-formechange|p2a: Aegislash|Aegislash-Blade||[from] ability: Stance Change
|move|p2a: Aegislash|Shadow Ball|p1a: Trapinch
|-damage|p1a: Trapinch|29/100 slp
|
|upkeep
|turn|38
|
|switch|p1a: Corviknight|Corviknight, M|82/100
|-damage|p1a: Corviknight|69/100|[from] Stealth Rock
|-ability|p1a: Corviknight|Pressure
|move|p2a: Aegislash|Shadow Ball|p1a: Corviknight
|-damage|p1a: Corviknight|33/100
|
|-heal|p1a: Corviknight|39/100|[from] item: Leftovers
|upkeep
|turn|39
|
|switch|p2a: Corviknight|Corviknight, M|100/100
|-ability|p2a: Corviknight|Pressure
|move|p1a: Corviknight|Roost|p1a: Corviknight
|-heal|p1a: Corviknight|89/100
|-singleturn|p1a: Corviknight|move: Roost
|
|-heal|p1a: Corviknight|95/100|[from] item: Leftovers
|upkeep
|turn|40
|
|move|p1a: Corviknight|Substitute|p1a: Corviknight
|-start|p1a: Corviknight|Substitute
|-damage|p1a: Corviknight|71/100
|move|p2a: Corviknight|Brave Bird|p1a: Corviknight
|-resisted|p1a: Corviknight
|-activate|p1a: Corviknight|move: Substitute|[damage]
|-damage|p2a: Corviknight|96/100|[from] Recoil|[of] p1a: Corviknight
|
|-heal|p1a: Corviknight|77/100|[from] item: Leftovers
|-heal|p2a: Corviknight|100/100|[from] item: Leftovers
|upkeep
|turn|41
|
|move|p1a: Corviknight|Bulk Up|p1a: Corviknight
|-boost|p1a: Corviknight|atk|1
|-boost|p1a: Corviknight|def|1
|move|p2a: Corviknight|Brave Bird|p1a: Corviknight
|-resisted|p1a: Corviknight
|-activate|p1a: Corviknight|move: Substitute|[damage]
|-damage|p2a: Corviknight|97/100|[from] Recoil|[of] p1a: Corviknight
|
|-heal|p1a: Corviknight|83/100|[from] item: Leftovers
|-heal|p2a: Corviknight|100/100|[from] item: Leftovers
|upkeep
|turn|42
|inactive|Garinae has 120 seconds left.
|-message|Garinae forfeited.
|
|win|nkE#Qsddasdasc
|l|☆Garinae
|raw|nkE#Qsddasdasc's rating: 1132 → 1159(+27 for winning)
|raw|Garinae's rating: 1160 → 1133(-27 for losing)
