|ScrapeTime|2020-01-02-14:14:29
|j|☆Altthiel
|j|☆Deckline
|inactive|Battle timer is ON: inactive players will automatically lose when time's up.
|player|p1|Altthiel|lass|
|player|p2|Deckline|lance|
|teamsize|p1|6
|teamsize|p2|6
|gametype|singles
|gen|8
|tier|[Gen 8] OU
|rated|Tournament battle
|rule|Sleep Clause Mod: Limit one foe put to sleep
|rule|Species Clause: Limit one of each Pokémon
|rule|OHKO Clause: OHKO moves are banned
|rule|Evasion Moves Clause: Evasion moves are banned
|rule|Endless Battle Clause: Forcing endless battles is banned
|rule|HP Percentage Mod: HP is shown in percentages
|clearpoke
|poke|p1|Dracovish|
|poke|p1|Pelipper, M|
|poke|p1|Hatterene, F|
|poke|p1|Crawdaunt, M|
|poke|p1|Ferrothorn, F|
|poke|p1|Heliolisk, M|
|poke|p2|Snorlax, F|
|poke|p2|Dragapult, F|
|poke|p2|Clefable, F|
|poke|p2|Corviknight, F|
|poke|p2|Seismitoad, M|
|poke|p2|Cinderace, F|
|rule|Dynamax Clause: You cannot dynamax
|teampreview
|j|+Kabilapok
|j| Alumn
|j| Le Phatir
|c| Alumn|Go Deck
|c|☆Altthiel|hf
|j|%Pujolly
|c|☆Deckline|hf
|
|start
|switch|p1a: Pelipper|Pelipper, M|100/100
|switch|p2a: lulu pd|Clefable, F|100/100
|-weather|RainDance|[from] ability: Drizzle|[of] p1a: Pelipper
|turn|1
|
|switch|p1a: Heliolisk|Heliolisk, M|100/100
|move|p2a: lulu pd|Flamethrower|p1a: Heliolisk
|-damage|p1a: Heliolisk|72/100
|
|-weather|RainDance|[upkeep]
|-heal|p1a: Heliolisk|85/100|[from] ability: Dry Skin
|upkeep
|turn|2
|
|switch|p2a: goupré|Seismitoad, M|100/100
|move|p1a: Heliolisk|Hyper Voice|p2a: goupré
|-damage|p2a: goupré|42/100
|-damage|p1a: Heliolisk|75/100|[from] item: Life Orb
|
|-weather|RainDance|[upkeep]
|-heal|p1a: Heliolisk|87/100|[from] ability: Dry Skin
|-heal|p2a: goupré|48/100|[from] item: Leftovers
|upkeep
|turn|3
|
|switch|p2a: ciel de dji|Dragapult, F|100/100
|move|p1a: Heliolisk|Volt Switch|p2a: ciel de dji
|-resisted|p2a: ciel de dji
|-damage|p2a: ciel de dji|72/100
|-damage|p1a: Heliolisk|77/100|[from] item: Life Orb
|
|switch|p1a: Crawdaunt|Crawdaunt, M|100/100|[from]move: Volt Switch
|
|-weather|RainDance|[upkeep]
|upkeep
|turn|4
|
|move|p2a: ciel de dji|Draco Meteor|p1a: Crawdaunt
|-damage|p1a: Crawdaunt|0 fnt
|-unboost|p2a: ciel de dji|spa|2
|faint|p1a: Crawdaunt
|
|-weather|RainDance|[upkeep]
|upkeep
|
|switch|p1a: Hatterene|Hatterene, F|100/100
|turn|5
|
|switch|p2a: msntoat|Corviknight, F|100/100
|-ability|p2a: msntoat|Pressure
|move|p1a: Hatterene|Trick Room|p1a: Hatterene
|-fieldstart|move: Trick Room|[of] p1a: Hatterene
|
|-weather|RainDance|[upkeep]
|upkeep
|turn|6
|j| Grimbert
|
|switch|p1a: Dracovish|Dracovish|100/100
|move|p2a: msntoat|Roost||[still]
|-fail|p2a: msntoat|heal
|
|-weather|RainDance|[upkeep]
|upkeep
|turn|7
|
|switch|p2a: goupré|Seismitoad, M|48/100
|move|p1a: Dracovish|Crunch|p2a: goupré
|-damage|p2a: goupré|7/100
|
|-weather|RainDance|[upkeep]
|-heal|p2a: goupré|13/100|[from] item: Leftovers
|upkeep
|turn|8
|c|%Pujolly|el famoso rain trick room
|
|switch|p1a: Hatterene|Hatterene, F|100/100
|move|p2a: goupré|Stealth Rock|p1a: Hatterene
|move|p1a: Hatterene|Stealth Rock|p2a: goupré|[from]Magic Bounce
|-sidestart|p2: Deckline|move: Stealth Rock
|
|-weather|none
|-heal|p2a: goupré|19/100|[from] item: Leftovers
|upkeep
|turn|9
|c|☆Deckline|!
|
|switch|p2a: msntoat|Corviknight, F|100/100
|-damage|p2a: msntoat|88/100|[from] Stealth Rock
|-ability|p2a: msntoat|Pressure
|move|p1a: Hatterene|Psychic|p2a: msntoat
|-resisted|p2a: msntoat
|-damage|p2a: msntoat|68/100
|
|-heal|p2a: msntoat|74/100|[from] item: Leftovers
|-fieldend|move: Trick Room
|upkeep
|turn|10
|j| Hermesyus
|
|switch|p1a: Pelipper|Pelipper, M|100/100
|-weather|RainDance|[from] ability: Drizzle|[of] p1a: Pelipper
|move|p2a: msntoat|Bulk Up|p2a: msntoat
|-boost|p2a: msntoat|atk|1
|-boost|p2a: msntoat|def|1
|
|-weather|RainDance|[upkeep]
|-heal|p2a: msntoat|81/100|[from] item: Leftovers
|upkeep
|turn|11
|
|move|p2a: msntoat|Brave Bird|p1a: Pelipper
|-damage|p1a: Pelipper|62/100
|-damage|p2a: msntoat|70/100|[from] Recoil
|move|p1a: Pelipper|Scald|p2a: msntoat
|-damage|p2a: msntoat|41/100
|-status|p2a: msntoat|brn
|
|-weather|RainDance|[upkeep]
|-heal|p2a: msntoat|47/100 brn|[from] item: Leftovers
|-damage|p2a: msntoat|41/100 brn|[from] brn
|upkeep
|turn|12
|j| moi95
|
|move|p2a: msntoat|Roost|p2a: msntoat
|-heal|p2a: msntoat|91/100 brn
|-singleturn|p2a: msntoat|move: Roost
|move|p1a: Pelipper|Hurricane|p2a: msntoat
|-resisted|p2a: msntoat
|-damage|p2a: msntoat|77/100 brn
|
|-weather|RainDance|[upkeep]
|-heal|p2a: msntoat|83/100 brn|[from] item: Leftovers
|-damage|p2a: msntoat|77/100 brn|[from] brn
|upkeep
|turn|13
|
|move|p2a: msntoat|Bulk Up|p2a: msntoat
|-boost|p2a: msntoat|atk|1
|-boost|p2a: msntoat|def|1
|move|p1a: Pelipper|U-turn|p2a: msntoat
|-resisted|p2a: msntoat
|-damage|p2a: msntoat|76/100 brn
|
|switch|p1a: Heliolisk|Heliolisk, M|77/100|[from]move: U-turn
|
|-weather|RainDance|[upkeep]
|-heal|p1a: Heliolisk|90/100|[from] ability: Dry Skin
|-heal|p2a: msntoat|82/100 brn|[from] item: Leftovers
|-damage|p2a: msntoat|76/100 brn|[from] brn
|upkeep
|turn|14
|l| Hermesyus
|
|switch|p2a: goupré|Seismitoad, M|19/100
|-damage|p2a: goupré|13/100|[from] Stealth Rock
|move|p1a: Heliolisk|Thunder|p2a: goupré
|-immune|p2a: goupré
|
|-weather|RainDance|[upkeep]
|-heal|p1a: Heliolisk|100/100|[from] ability: Dry Skin
|-heal|p2a: goupré|19/100|[from] item: Leftovers
|upkeep
|turn|15
|
|switch|p2a: ciel de dji|Dragapult, F|72/100
|-damage|p2a: ciel de dji|60/100|[from] Stealth Rock
|move|p1a: Heliolisk|Hyper Voice|p2a: ciel de dji
|-immune|p2a: ciel de dji
|
|-weather|RainDance|[upkeep]
|upkeep
|turn|16
|
|switch|p1a: Hatterene|Hatterene, F|100/100
|move|p2a: ciel de dji|Draco Meteor|p1a: Hatterene
|-immune|p1a: Hatterene
|
|-weather|RainDance|[upkeep]
|upkeep
|turn|17
|j| Hermesyus
|
|switch|p2a: msntoat|Corviknight, F|76/100 brn
|-damage|p2a: msntoat|64/100 brn|[from] Stealth Rock
|-ability|p2a: msntoat|Pressure
|switch|p1a: Heliolisk|Heliolisk, M|100/100
|
|-weather|none
|-heal|p2a: msntoat|70/100 brn|[from] item: Leftovers
|-damage|p2a: msntoat|64/100 brn|[from] brn
|upkeep
|turn|18
|
|switch|p2a: dieudoat|Snorlax, F|100/100
|-damage|p2a: dieudoat|88/100|[from] Stealth Rock
|move|p1a: Heliolisk|Volt Switch|p2a: dieudoat
|-damage|p2a: dieudoat|68/100
|-damage|p1a: Heliolisk|91/100|[from] item: Life Orb
|
|switch|p1a: Pelipper|Pelipper, M|62/100|[from]move: Volt Switch
|-weather|RainDance|[from] ability: Drizzle|[of] p1a: Pelipper
|
|-weather|RainDance|[upkeep]
|-heal|p2a: dieudoat|74/100|[from] item: Leftovers
|upkeep
|turn|19
|
|move|p1a: Pelipper|U-turn|p2a: dieudoat
|-damage|p2a: dieudoat|66/100
|
|switch|p1a: Dracovish|Dracovish|100/100|[from]move: U-turn
|move|p2a: dieudoat|Curse|p2a: dieudoat
|-unboost|p2a: dieudoat|spe|1
|-boost|p2a: dieudoat|atk|1
|-boost|p2a: dieudoat|def|1
|
|-weather|RainDance|[upkeep]
|-heal|p2a: dieudoat|72/100|[from] item: Leftovers
|upkeep
|turn|20
|
|switch|p2a: goupré|Seismitoad, M|19/100
|-damage|p2a: goupré|13/100|[from] Stealth Rock
|move|p1a: Dracovish|Fishious Rend|p2a: goupré
|-heal|p2a: goupré|38/100|[from] ability: Water Absorb|[of] p1a: Dracovish
|
|-weather|RainDance|[upkeep]
|-heal|p2a: goupré|44/100|[from] item: Leftovers
|upkeep
|turn|21
|
|switch|p1a: Hatterene|Hatterene, F|100/100
|move|p2a: goupré|Stealth Rock|p1a: Hatterene
|move|p1a: Hatterene|Stealth Rock||[from]Magic Bounce|[still]
|-fail|p1a: Hatterene
|
|-weather|RainDance|[upkeep]
|-heal|p2a: goupré|50/100|[from] item: Leftovers
|upkeep
|turn|22
|
|switch|p2a: dieudoat|Snorlax, F|72/100
|-damage|p2a: dieudoat|59/100|[from] Stealth Rock
|move|p1a: Hatterene|Giga Drain|p2a: dieudoat
|-damage|p2a: dieudoat|46/100
|
|-weather|RainDance|[upkeep]
|-heal|p2a: dieudoat|52/100|[from] item: Leftovers
|upkeep
|turn|23
|
|move|p2a: dieudoat|Body Slam|p1a: Hatterene
|-damage|p1a: Hatterene|66/100
|-status|p1a: Hatterene|par
|move|p1a: Hatterene|Psychic|p2a: dieudoat
|-damage|p2a: dieudoat|27/100
|
|-weather|RainDance|[upkeep]
|-heal|p2a: dieudoat|33/100|[from] item: Leftovers
|-heal|p1a: Hatterene|72/100 par|[from] item: Leftovers
|upkeep
|turn|24
|
|switch|p1a: Heliolisk|Heliolisk, M|91/100
|move|p2a: dieudoat|Rest|p2a: dieudoat
|-status|p2a: dieudoat|slp|[from] move: Rest
|-heal|p2a: dieudoat|100/100 slp|[silent]
|
|-weather|RainDance|[upkeep]
|-heal|p1a: Heliolisk|100/100|[from] ability: Dry Skin
|upkeep
|turn|25
|
|move|p1a: Heliolisk|Thunder|p2a: dieudoat
|-damage|p2a: dieudoat|73/100 slp
|-damage|p1a: Heliolisk|91/100|[from] item: Life Orb
|cant|p2a: dieudoat|slp
|
|-weather|none
|-heal|p2a: dieudoat|79/100 slp|[from] item: Leftovers
|upkeep
|turn|26
|
|move|p1a: Heliolisk|Volt Switch|p2a: dieudoat
|-damage|p2a: dieudoat|60/100 slp
|-damage|p1a: Heliolisk|81/100|[from] item: Life Orb
|
|switch|p1a: Dracovish|Dracovish|100/100|[from]move: Volt Switch
|cant|p2a: dieudoat|slp
|
|-heal|p2a: dieudoat|66/100 slp|[from] item: Leftovers
|upkeep
|turn|27
|
|switch|p2a: lulu pd|Clefable, F|100/100
|move|p1a: Dracovish|Psychic Fangs|p2a: lulu pd
|-damage|p2a: lulu pd|27/100
|
|upkeep
|turn|28
|
|move|p1a: Dracovish|Psychic Fangs|p2a: lulu pd
|-damage|p2a: lulu pd|0 fnt
|faint|p2a: lulu pd
|
|upkeep
|
|switch|p2a: ciel de dji|Dragapult, F|60/100
|-damage|p2a: ciel de dji|48/100|[from] Stealth Rock
|turn|29
|j| Uloe
|
|switch|p1a: Pelipper|Pelipper, M|62/100
|-weather|RainDance|[from] ability: Drizzle|[of] p1a: Pelipper
|move|p2a: ciel de dji|Shadow Ball|p1a: Pelipper
|-damage|p1a: Pelipper|0 fnt
|faint|p1a: Pelipper
|
|-weather|RainDance|[upkeep]
|upkeep
|
|switch|p1a: Heliolisk|Heliolisk, M|81/100
|turn|30
|
|switch|p2a: dieudoat|Snorlax, F|66/100 slp
|-damage|p2a: dieudoat|54/100 slp|[from] Stealth Rock
|move|p1a: Heliolisk|Hyper Voice|p2a: dieudoat
|-damage|p2a: dieudoat|30/100 slp
|-damage|p1a: Heliolisk|71/100|[from] item: Life Orb
|
|-weather|RainDance|[upkeep]
|-heal|p1a: Heliolisk|84/100|[from] ability: Dry Skin
|-heal|p2a: dieudoat|36/100 slp|[from] item: Leftovers
|upkeep
|turn|31
|
|move|p1a: Heliolisk|Focus Blast|p2a: dieudoat
|-supereffective|p2a: dieudoat
|-damage|p2a: dieudoat|0 fnt
|-damage|p1a: Heliolisk|74/100|[from] item: Life Orb
|faint|p2a: dieudoat
|
|-weather|RainDance|[upkeep]
|-heal|p1a: Heliolisk|86/100|[from] ability: Dry Skin
|upkeep
|
|switch|p2a: ciel de dji|Dragapult, F|48/100
|-damage|p2a: ciel de dji|35/100|[from] Stealth Rock
|turn|32
|
|move|p2a: ciel de dji|U-turn|p1a: Heliolisk
|-damage|p1a: Heliolisk|52/100
|
|switch|p2a: goupré|Seismitoad, M|50/100|[from]move: U-turn
|-damage|p2a: goupré|44/100|[from] Stealth Rock
|move|p1a: Heliolisk|Thunder|p2a: goupré
|-immune|p2a: goupré
|
|-weather|RainDance|[upkeep]
|-heal|p1a: Heliolisk|65/100|[from] ability: Dry Skin
|-heal|p2a: goupré|50/100|[from] item: Leftovers
|upkeep
|turn|33
|
|move|p1a: Heliolisk|Hyper Voice|p2a: goupré
|-damage|p2a: goupré|0 fnt
|-damage|p1a: Heliolisk|55/100|[from] item: Life Orb
|faint|p2a: goupré
|
|-weather|RainDance|[upkeep]
|-heal|p1a: Heliolisk|67/100|[from] ability: Dry Skin
|upkeep
|
|switch|p2a: ciel de dji|Dragapult, F|35/100
|-damage|p2a: ciel de dji|23/100|[from] Stealth Rock
|turn|34
|l| Grimbert
|j| Grimbert
|
|switch|p1a: Hatterene|Hatterene, F|72/100 par
|move|p2a: ciel de dji|Draco Meteor|p1a: Hatterene
|-immune|p1a: Hatterene
|
|-weather|RainDance|[upkeep]
|-heal|p1a: Hatterene|78/100 par|[from] item: Leftovers
|upkeep
|turn|35
|
|switch|p2a: msntoat|Corviknight, F|64/100 brn
|-damage|p2a: msntoat|51/100 brn|[from] Stealth Rock
|-ability|p2a: msntoat|Pressure
|switch|p1a: Dracovish|Dracovish|100/100
|
|-weather|RainDance|[upkeep]
|-heal|p2a: msntoat|57/100 brn|[from] item: Leftovers
|-damage|p2a: msntoat|51/100 brn|[from] brn
|upkeep
|turn|36
|
|move|p1a: Dracovish|Fishious Rend|p2a: msntoat
|-damage|p2a: msntoat|0 fnt
|faint|p2a: msntoat
|
|-weather|none
|upkeep
|
|switch|p2a: ciel de dji|Dragapult, F|23/100
|-damage|p2a: ciel de dji|11/100|[from] Stealth Rock
|turn|37
|
|move|p2a: ciel de dji|Shadow Ball|p1a: Dracovish
|-damage|p1a: Dracovish|33/100
|move|p1a: Dracovish|Fishious Rend|p2a: ciel de dji
|-resisted|p2a: ciel de dji
|-damage|p2a: ciel de dji|0 fnt
|faint|p2a: ciel de dji
|
|upkeep
|
|switch|p2a: flavito tavolo|Cinderace, F|100/100
|-damage|p2a: flavito tavolo|76/100|[from] Stealth Rock
|turn|38
|
|move|p2a: flavito tavolo|Pyro Ball|p1a: Dracovish
|-resisted|p1a: Dracovish
|-damage|p1a: Dracovish|18/100
|move|p1a: Dracovish|Fishious Rend|p2a: flavito tavolo
|-supereffective|p2a: flavito tavolo
|-damage|p2a: flavito tavolo|0 fnt
|faint|p2a: flavito tavolo
|
|win|Altthiel
