|ScrapeTime|2020-01-03-00:04:25
|j|☆BlackGames_Rafa
|j|☆Camilofoda
|player|p1|BlackGames_Rafa|drayden|
|player|p2|Camilofoda|giovanni|
|teamsize|p1|6
|teamsize|p2|6
|gametype|singles
|gen|8
|tier|[Gen 8] OU
|rule|Sleep Clause Mod: Limit one foe put to sleep
|rule|Species Clause: Limit one of each Pokémon
|rule|OHKO Clause: OHKO moves are banned
|rule|Evasion Moves Clause: Evasion moves are banned
|rule|Endless Battle Clause: Forcing endless battles is banned
|rule|HP Percentage Mod: HP is shown in percentages
|clearpoke
|poke|p1|Grimmsnarl, M|
|poke|p1|Cinderace, M|
|poke|p1|Pyukumuku, M|
|poke|p1|Aegislash, M|
|poke|p1|Gyarados, M|
|poke|p1|Toxtricity, M|
|poke|p2|Cinderace, M|
|poke|p2|Barraskewda, F|
|poke|p2|Obstagoon, M|
|poke|p2|Alcremie, F|
|poke|p2|Dragapult, M|
|poke|p2|Diggersby, M|
|rule|Dynamax Clause: You cannot dynamax
|teampreview
|
|start
|switch|p1a: Gyarados|Gyarados, M, shiny|100/100
|switch|p2a: Diggersby|Diggersby, M|100/100
|turn|1
|
|move|p1a: Gyarados|Waterfall|p2a: Diggersby
|-supereffective|p2a: Diggersby
|-damage|p2a: Diggersby|10/100
|cant|p2a: Diggersby|flinch
|
|upkeep
|turn|2
|
|move|p1a: Gyarados|Waterfall|p2a: Diggersby
|-supereffective|p2a: Diggersby
|-damage|p2a: Diggersby|0 fnt
|faint|p2a: Diggersby
|-ability|p1a: Gyarados|Moxie|boost
|-boost|p1a: Gyarados|atk|1
|
|upkeep
|
|switch|p2a: Obstagoon|Obstagoon, M|100/100
|turn|3
|
|switch|p1a: Pyukumuku|Pyukumuku, M|100/100
|move|p2a: Obstagoon|Obstruct||[still]
|-fail|p2a: Obstagoon
|
|-status|p2a: Obstagoon|brn|[from] item: Flame Orb
|upkeep
|turn|4
|
|move|p2a: Obstagoon|Facade|p1a: Pyukumuku
|-damage|p1a: Pyukumuku|29/100
|move|p1a: Pyukumuku|Toxic||[still]
|-fail|p1a: Pyukumuku
|
|-heal|p1a: Pyukumuku|35/100|[from] item: Leftovers
|-damage|p2a: Obstagoon|94/100 brn|[from] brn
|upkeep
|turn|5
|
|switch|p1a: Aegislash|Aegislash, M, shiny|100/100
|move|p2a: Obstagoon|Facade|p1a: Aegislash
|-immune|p1a: Aegislash
|
|-damage|p2a: Obstagoon|88/100 brn|[from] brn
|upkeep
|turn|6
|
|switch|p1a: Grimmsnarl|Grimmsnarl, M|100/100
|move|p2a: Obstagoon|Night Slash|p1a: Grimmsnarl
|-resisted|p1a: Grimmsnarl
|-damage|p1a: Grimmsnarl|88/100
|
|-damage|p2a: Obstagoon|82/100 brn|[from] brn
|upkeep
|turn|7
|
|move|p1a: Grimmsnarl|Reflect|p1a: Grimmsnarl
|-sidestart|p1: BlackGames_Rafa|Reflect
|move|p2a: Obstagoon|Facade|p1a: Grimmsnarl
|-damage|p1a: Grimmsnarl|37/100
|
|-damage|p2a: Obstagoon|76/100 brn|[from] brn
|upkeep
|turn|8
|
|move|p2a: Obstagoon|Obstruct|p2a: Obstagoon
|-singleturn|p2a: Obstagoon|Protect
|move|p1a: Grimmsnarl|Light Screen|p1a: Grimmsnarl
|-sidestart|p1: BlackGames_Rafa|move: Light Screen
|
|-damage|p2a: Obstagoon|70/100 brn|[from] brn
|upkeep
|turn|9
|
|move|p2a: Obstagoon|Facade|p1a: Grimmsnarl
|-damage|p1a: Grimmsnarl|0 fnt
|faint|p1a: Grimmsnarl
|
|-damage|p2a: Obstagoon|64/100 brn|[from] brn
|upkeep
|
|switch|p1a: Aegislash|Aegislash, M, shiny|100/100
|turn|10
|
|move|p2a: Obstagoon|Night Slash|p1a: Aegislash
|-supereffective|p1a: Aegislash
|-damage|p1a: Aegislash|65/100
|-formechange|p1a: Aegislash|Aegislash-Blade||[from] ability: Stance Change
|move|p1a: Aegislash|Sacred Sword|p2a: Obstagoon
|-supereffective|p2a: Obstagoon
|-damage|p2a: Obstagoon|0 fnt
|faint|p2a: Obstagoon
|
|-heal|p1a: Aegislash|71/100|[from] item: Leftovers
|upkeep
|
|switch|p2a: Alcremie|Alcremie, F|100/100
|turn|11
|
|-formechange|p1a: Aegislash|Aegislash||[from] ability: Stance Change
|move|p1a: Aegislash|King's Shield|p1a: Aegislash
|-singleturn|p1a: Aegislash|Protect
|move|p2a: Alcremie|Calm Mind|p2a: Alcremie
|-boost|p2a: Alcremie|spa|1
|-boost|p2a: Alcremie|spd|1
|
|-heal|p1a: Aegislash|77/100|[from] item: Leftovers
|upkeep
|turn|12
|
|move|p2a: Alcremie|Calm Mind|p2a: Alcremie
|-boost|p2a: Alcremie|spa|1
|-boost|p2a: Alcremie|spd|1
|-formechange|p1a: Aegislash|Aegislash-Blade||[from] ability: Stance Change
|move|p1a: Aegislash|Shadow Claw|p2a: Alcremie
|-damage|p2a: Alcremie|64/100
|
|-heal|p2a: Alcremie|70/100|[from] item: Leftovers
|-heal|p1a: Aegislash|84/100|[from] item: Leftovers
|upkeep
|turn|13
|
|move|p2a: Alcremie|Mystical Fire|p1a: Aegislash
|-supereffective|p1a: Aegislash
|-damage|p1a: Aegislash|18/100
|-unboost|p1a: Aegislash|spa|1
|move|p1a: Aegislash|Shadow Claw|p2a: Alcremie
|-damage|p2a: Alcremie|33/100
|
|-heal|p2a: Alcremie|39/100|[from] item: Leftovers
|-heal|p1a: Aegislash|25/100|[from] item: Leftovers
|upkeep
|turn|14
|
|move|p2a: Alcremie|Calm Mind|p2a: Alcremie
|-boost|p2a: Alcremie|spa|1
|-boost|p2a: Alcremie|spd|1
|move|p1a: Aegislash|Shadow Claw|p2a: Alcremie
|-damage|p2a: Alcremie|2/100
|
|-heal|p2a: Alcremie|8/100|[from] item: Leftovers
|-heal|p1a: Aegislash|31/100|[from] item: Leftovers
|-sideend|p1: BlackGames_Rafa|Reflect
|upkeep
|turn|15
|
|move|p1a: Aegislash|Shadow Sneak|p2a: Alcremie
|-damage|p2a: Alcremie|0 fnt
|faint|p2a: Alcremie
|
|-heal|p1a: Aegislash|37/100|[from] item: Leftovers
|-sideend|p1: BlackGames_Rafa|move: Light Screen
|upkeep
|
|switch|p2a: Barraskewda|Barraskewda, F|100/100
|turn|16
|
|-formechange|p1a: Aegislash|Aegislash||[from] ability: Stance Change
|move|p1a: Aegislash|King's Shield|p1a: Aegislash
|-singleturn|p1a: Aegislash|Protect
|move|p2a: Barraskewda|Drill Run|p1a: Aegislash
|-activate|p1a: Aegislash|move: Protect
|-unboost|p2a: Barraskewda|atk|1
|
|-heal|p1a: Aegislash|43/100|[from] item: Leftovers
|upkeep
|turn|17
|
|-formechange|p1a: Aegislash|Aegislash-Blade||[from] ability: Stance Change
|move|p1a: Aegislash|Shadow Sneak|p2a: Barraskewda
|-damage|p2a: Barraskewda|55/100
|move|p2a: Barraskewda|Drill Run|p1a: Aegislash|[miss]
|-miss|p2a: Barraskewda|p1a: Aegislash
|
|-heal|p1a: Aegislash|49/100|[from] item: Leftovers
|upkeep
|turn|18
|-message|Camilofoda forfeited.
|
|win|BlackGames_Rafa
|l|☆Camilofoda
