|ScrapeTime|2020-01-01-20:02:31
|j|☆ItachiMan
|j|☆Zucchiking
|player|p1|ItachiMan|zinnia|1316
|player|p2|Zucchiking|teacher-gen2|1323
|teamsize|p1|6
|teamsize|p2|6
|gametype|singles
|gen|8
|tier|[Gen 8] OU
|rated|
|rule|Sleep Clause Mod: Limit one foe put to sleep
|rule|Species Clause: Limit one of each Pokémon
|rule|OHKO Clause: OHKO moves are banned
|rule|Evasion Moves Clause: Evasion moves are banned
|rule|Endless Battle Clause: Forcing endless battles is banned
|rule|HP Percentage Mod: HP is shown in percentages
|clearpoke
|poke|p1|Dragapult, F|
|poke|p1|Hydreigon, F|
|poke|p1|Aegislash, F|
|poke|p1|Rotom-Heat|
|poke|p1|Clefable, M|
|poke|p1|Mew|
|poke|p2|Meowstic-F, F|
|poke|p2|Shiftry, M|
|poke|p2|Mr. Rime, M|
|poke|p2|Torkoal, F|
|poke|p2|Heliolisk, F|
|poke|p2|Gengar, M|
|rule|Dynamax Clause: You cannot dynamax
|teampreview
|j| esseff
|j| blushyy⍣
|j| austrian warlord
|c| blushyy⍣|im gay
|j| strobunerth
|c| esseff|---gay line---
|j| FuqboiSlim
|c| blushyy⍣|were gay
|j| Back2daBooper
|j| New Gorilla
|c| austrian warlord|why is everyone running hydre
|c| New Gorilla|its good
|j| Aunty Draculina
|c| blushyy⍣|amazing wallbreaker
|c| esseff|it's CUTE
|c| blushyy⍣|in a meta of fat slow mons
|c| austrian warlord|a boomers dragapult
|c| New Gorilla|cucks things with NP
|c| Aunty Draculina|v also cute
|c| New Gorilla|and you still need to scout its set
|c| Aunty Draculina|uwu
|c| New Gorilla|to not get blasted by scarf
|c| New Gorilla|wtf im cute
|c| blushyy⍣|when will people use spoiler: dragon dance hydreigon
|j| tiny donger
|c| esseff|opp's team:
|c| esseff|two pseudos
|
|start
|switch|p1a: Mew|Mew|100/100
|switch|p2a: Torkoalossal|Torkoal, F|100/100
|-weather|SunnyDay|[from] ability: Drought|[of] p2a: Torkoalossal
|turn|1
|c| esseff|two objects
|j| Ignis+Trueblade
|c|☆ItachiMan|in g-darm met it could suprise darm with scarf and win the agme free
|c| esseff|two pink
|
|move|p1a: Mew|Taunt|p2a: Torkoalossal
|-start|p2a: Torkoalossal|move: Taunt
|move|p2a: Torkoalossal|Fire Blast|p1a: Mew|[miss]
|-miss|p2a: Torkoalossal|p1a: Mew
|
|-weather|SunnyDay|[upkeep]
|upkeep
|turn|2
|inactive|Battle timer is ON: inactive players will automatically lose when time's up. (requested by ItachiMan)
|c|☆Zucchiking|ok
|
|move|p1a: Mew|Stealth Rock|p2a: Torkoalossal
|-sidestart|p2: Zucchiking|move: Stealth Rock
|move|p2a: Torkoalossal|Fire Blast|p1a: Mew
|-damage|p1a: Mew|39/100
|-enditem|p1a: Mew|Red Card|[of] p2a: Torkoalossal
|drag|p2a: fast spook|Gengar, M|100/100
|-damage|p2a: fast spook|88/100|[from] Stealth Rock
|
|-weather|SunnyDay|[upkeep]
|upkeep
|turn|3
|c| FuqboiSlim|>
|
|switch|p1a: Clefable|Clefable, M|100/100
|move|p2a: fast spook|Endure|p2a: fast spook
|
|-weather|SunnyDay|[upkeep]
|upkeep
|turn|4
|c| Aunty Draculina|v did a puwu
|n| tiny donger|tinydonger
|c| tiny donger|im very gay
|
|move|p2a: fast spook|Sludge Wave|p1a: Clefable
|-supereffective|p1a: Clefable
|-damage|p1a: Clefable|0 fnt
|faint|p1a: Clefable
|
|-weather|SunnyDay|[upkeep]
|upkeep
|
|switch|p1a: Rotom|Rotom-Heat|100/100
|turn|5
|c| FuqboiSlim|endure here
|
|move|p2a: fast spook|Endure|p2a: fast spook
|-singleturn|p2a: fast spook|move: Endure
|move|p1a: Rotom|Volt Switch|p2a: fast spook
|-damage|p2a: fast spook|32/100
|c| tiny donger|itachi r u a boy
|c|☆Zucchiking|mentos'd
|c| Aunty Draculina|good lord
|c| tiny donger|do u want to gay
|c| esseff|no he's a man
|
|switch|p1a: Aegislash|Aegislash, F|100/100|[from]move: Volt Switch
|-item|p1a: Aegislash|Air Balloon
|
|-weather|SunnyDay|[upkeep]
|upkeep
|turn|6
|j| Baa
|c| Baa|/me dabs
|c| tiny donger|nvm only want boys
|c| Aunty Draculina|you can tell the power creep is real if nasty plot gengar isn't ou
|
|switch|p2a: Sun in Good|Heliolisk, F|100/100
|-damage|p2a: Sun in Good|88/100|[from] Stealth Rock
|-formechange|p1a: Aegislash|Aegislash-Blade||[from] ability: Stance Change
|move|p1a: Aegislash|Shadow Sneak|p2a: Sun in Good
|-immune|p2a: Sun in Good
|
|-weather|SunnyDay|[upkeep]
|-damage|p2a: Sun in Good|76/100|[from] ability: Solar Power|[of] p2a: Sun in Good
|upkeep
|turn|7
|c| esseff|based and shotapilled
|
|switch|p1a: Rotom|Rotom-Heat|100/100
|move|p2a: Sun in Good|Thunderbolt|p1a: Rotom
|-resisted|p1a: Rotom
|-damage|p1a: Rotom|44/100
|-damage|p2a: Sun in Good|66/100|[from] item: Life Orb
|
|-weather|SunnyDay|[upkeep]
|-damage|p2a: Sun in Good|53/100|[from] ability: Solar Power|[of] p2a: Sun in Good
|upkeep
|turn|8
|
|switch|p2a: Pranked!|Meowstic-F, F|100/100
|-damage|p2a: Pranked!|88/100|[from] Stealth Rock
|move|p1a: Rotom|Volt Switch|p2a: Pranked!
|-damage|p2a: Pranked!|47/100
|c| Ignis+Trueblade|You'd think the snap would make Gengar OU again
|
|switch|p1a: Dragapult|Dragapult, F|100/100|[from]move: Volt Switch
|
|-weather|none
|upkeep
|turn|9
|c| esseff|poor gengar
|
|move|p1a: Dragapult|Substitute|p1a: Dragapult
|-start|p1a: Dragapult|Substitute
|-damage|p1a: Dragapult|76/100
|move|p2a: Pranked!|Psychic|p1a: Dragapult
|-end|p1a: Dragapult|Substitute
|-damage|p2a: Pranked!|38/100|[from] item: Life Orb
|
|-heal|p1a: Dragapult|82/100|[from] item: Leftovers
|upkeep
|turn|10
|c| Ignis+Trueblade|But turns out Aegislash being OU viable killed that dream
|
|move|p1a: Dragapult|Dragon Darts|p2a: Pranked!
|-damage|p2a: Pranked!|0 fnt
|-hitcount|p2a: Pranked!|1
|faint|p2a: Pranked!
|
|-heal|p1a: Dragapult|88/100|[from] item: Leftovers
|upkeep
|c| esseff|aegislash and dragapult
|
|switch|p2a: fast spook|Gengar, M|32/100
|-damage|p2a: fast spook|19/100|[from] Stealth Rock
|-enditem|p2a: fast spook|Salac Berry|[eat]
|-boost|p2a: fast spook|spe|1
|turn|11
|j| HanakoToast
|c| esseff|just no room for a spook anymore
|c| Ignis+Trueblade|OU viable meaning: not Ubers tier busted
|c| HanakoToast|p
|j| Janice R Menise
|c| Ignis+Trueblade|mhm
|c| Aunty Draculina|dragapult doesn't help
|
|switch|p1a: Mew|Mew|39/100
|move|p2a: fast spook|Shadow Ball|p1a: Mew
|-supereffective|p1a: Mew
|-damage|p1a: Mew|0 fnt
|faint|p1a: Mew
|
|upkeep
|
|switch|p1a: Aegislash|Aegislash, F|100/100
|-item|p1a: Aegislash|Air Balloon
|turn|12
|
|move|p2a: fast spook|Endure|p2a: fast spook
|-singleturn|p2a: fast spook|move: Endure
|-formechange|p1a: Aegislash|Aegislash-Blade||[from] ability: Stance Change
|move|p1a: Aegislash|Shadow Sneak|p2a: fast spook
|-supereffective|p2a: fast spook
|-activate|p2a: fast spook|move: Endure
|-damage|p2a: fast spook|1/100
|-start|p1a: Aegislash|Disable|Shadow Sneak|[from] ability: Cursed Body|[of] p2a: fast spook
|
|upkeep
|turn|13
|c|☆Zucchiking|BASED
|c| Janice R Menise|Would you f a pokemon
|c| Janice R Menise|y/n
|c| HanakoToast|LOL
|c| austrian warlord|lol
|c| tiny donger|GOTTEM
|c| Ignis+Trueblade|Dragapult is apparently the new Lando
|
|switch|p1a: Hydreigon|Hydreigon, F|100/100
|move|p2a: fast spook|Shadow Ball|p1a: Hydreigon
|-resisted|p1a: Hydreigon
|-damage|p1a: Hydreigon|76/100
|
|upkeep
|turn|14
|c| HanakoToast|DUDE
|c| Janice R Menise|ANY Y POSTERS ARE DEGENS BTW
|c| HanakoToast|CURSED BODy LMAO
|c| Ignis+Trueblade|Almost at 40% usage
|
|move|p2a: fast spook|Focus Blast|p1a: Hydreigon
|-supereffective|p1a: Hydreigon
|-damage|p1a: Hydreigon|0 fnt
|faint|p1a: Hydreigon
|
|upkeep
|
|switch|p1a: Aegislash|Aegislash, F|100/100
|-item|p1a: Aegislash|Air Balloon
|turn|15
|c| esseff|BASED gengar
|c| tiny donger|LOL
|c| FuqboiSlim|heh
|
|move|p2a: fast spook|Endure|p2a: fast spook
|-singleturn|p2a: fast spook|move: Endure
|-formechange|p1a: Aegislash|Aegislash-Blade||[from] ability: Stance Change
|move|p1a: Aegislash|Shadow Sneak|p2a: fast spook
|-supereffective|p2a: fast spook
|-activate|p2a: fast spook|move: Endure
|-damage|p2a: fast spook|1/100
|-start|p1a: Aegislash|Disable|Shadow Sneak|[from] ability: Cursed Body|[of] p2a: fast spook
|
|upkeep
|turn|16
|c|☆Zucchiking|30 = 100
|c| esseff|BASED GENGAR
|c| austrian warlord|lmaooo
|c| Ignis+Trueblade|NICE
|c| HanakoToast|LMAO
|c| FuqboiSlim|heh
|
|switch|p1a: Rotom|Rotom-Heat|44/100
|move|p2a: fast spook|Shadow Ball|p1a: Rotom
|-damage|p1a: Rotom|0 fnt
|faint|p1a: Rotom
|
|upkeep
|c| Baa|ez clap
|c| Janice R Menise|DISABLED LUL
|c| Aunty Draculina|v hoovered some shneef like a degen
|c| HanakoToast|CURSED BODY IS FUCKING STUPID
|
|switch|p1a: Aegislash|Aegislash, F|100/100
|-item|p1a: Aegislash|Air Balloon
|turn|17
|c| FuqboiSlim|heh
|c| Janice R Menise|IS HE BASED?
|c| austrian warlord|endure gengar is meta now
|c| HanakoToast|CHAMP
|c| HanakoToast|DONK
|c| HanakoToast|DONK
|c| HanakoToast|DONK
|c| HanakoToast|DONK
|
|move|p2a: fast spook|Shadow Ball|p1a: Aegislash
|-supereffective|p1a: Aegislash
|-damage|p1a: Aegislash|15/100
|-enditem|p1a: Aegislash|Air Balloon
|-unboost|p1a: Aegislash|spd|1
|move|p1a: Aegislash|Swords Dance|p1a: Aegislash
|-boost|p1a: Aegislash|atk|2
|
|upkeep
|turn|18
|c| Janice R Menise|YEAH, I'M THINKING HE'S BASED!
|c| tiny donger|>>>>
|c| austrian warlord|fucking lol
|c| esseff|BASED DONK HOLY SHIT
|c| FuqboiSlim|heh
|
|move|p2a: fast spook|Endure|p2a: fast spook
|-singleturn|p2a: fast spook|move: Endure
|-formechange|p1a: Aegislash|Aegislash-Blade||[from] ability: Stance Change
|move|p1a: Aegislash|Iron Head|p2a: fast spook
|-activate|p2a: fast spook|move: Endure
|-damage|p2a: fast spook|1/100
|
|upkeep
|turn|19
|
|move|p1a: Aegislash|Shadow Sneak|p2a: fast spook
|-supereffective|p2a: fast spook
|-damage|p2a: fast spook|0 fnt
|-start|p1a: Aegislash|Disable|Shadow Sneak|[from] ability: Cursed Body|[of] p2a: fast spook
|faint|p2a: fast spook
|
|upkeep
|c| blushyy⍣|30=0
|c| Janice R Menise|OH NO NO NON ON
|c| blushyy⍣|fuck
|c| tiny donger|>>>
|c| HanakoToast|outdonked
|c| austrian warlord|lmao
|c| HanakoToast|it's ok tho
|c| Baa|good enough lmao
|c| esseff|never seen cursed body gengar do that much work in my life
|
|switch|p2a: Fornicate Urchin|Mr. Rime, M|100/100
|-damage|p2a: Fornicate Urchin|76/100|[from] Stealth Rock
|turn|20
|c| austrian warlord|little known fact: shadow sneak has a 100% chance of getting cursed body'd
|c| tiny donger|if you were gay you could have seen this coming
|
|move|p2a: Fornicate Urchin|Freeze-Dry|p1a: Aegislash
|-resisted|p1a: Aegislash
|-damage|p1a: Aegislash|0 fnt
|faint|p1a: Aegislash
|
|-heal|p2a: Fornicate Urchin|82/100|[from] item: Leftovers
|upkeep
|c| tiny donger|i see a lot of things coming
|c| austrian warlord|proof: this match
|
|switch|p1a: Dragapult|Dragapult, F|88/100
|turn|21
|c| Aunty Draculina|v one of those degens from upcountry
|c| Janice R Menise|AHAHAHAHA
|
|move|p1a: Dragapult|Substitute|p1a: Dragapult
|-start|p1a: Dragapult|Substitute
|-damage|p1a: Dragapult|63/100
|move|p2a: Fornicate Urchin|Freeze-Dry|p1a: Dragapult
|-supereffective|p1a: Dragapult
|-end|p1a: Dragapult|Substitute
|
|-heal|p1a: Dragapult|69/100|[from] item: Leftovers
|-heal|p2a: Fornicate Urchin|88/100|[from] item: Leftovers
|upkeep
|turn|22
|
|move|p1a: Dragapult|Phantom Force||[still]
|-prepare|p1a: Dragapult|Phantom Force|p2a: Fornicate Urchin
|move|p2a: Fornicate Urchin|Freeze-Dry|p1a: Dragapult|[miss]
|-miss|p2a: Fornicate Urchin|p1a: Dragapult
|
|-heal|p1a: Dragapult|75/100|[from] item: Leftovers
|-heal|p2a: Fornicate Urchin|94/100|[from] item: Leftovers
|upkeep
|turn|23
|c| blushyy⍣|ok
|c| Janice R Menise|PRESS 6
|
|switch|p2a: Good in Sun|Shiftry, M|100/100
|-damage|p2a: Good in Sun|88/100|[from] Stealth Rock
|move|p1a: Dragapult|Phantom Force|p2a: Good in Sun|[from]lockedmove
|-resisted|p2a: Good in Sun
|-damage|p2a: Good in Sun|52/100
|
|-heal|p1a: Dragapult|81/100|[from] item: Leftovers
|upkeep
|turn|24
|
|move|p1a: Dragapult|Dragon Darts|p2a: Good in Sun
|-damage|p2a: Good in Sun|15/100
|-damage|p2a: Good in Sun|0 fnt
|-hitcount|p2a: Good in Sun|2
|faint|p2a: Good in Sun
|
|-heal|p1a: Dragapult|87/100|[from] item: Leftovers
|upkeep
|c| austrian warlord|i pressed it
|c| austrian warlord|it didnt do anything
|c| Janice R Menise|thanks
|
|switch|p2a: Fornicate Urchin|Mr. Rime, M|94/100
|-damage|p2a: Fornicate Urchin|69/100|[from] Stealth Rock
|turn|25
|
|switch|p2a: Sun in Good|Heliolisk, F|53/100
|-damage|p2a: Sun in Good|41/100|[from] Stealth Rock
|move|p1a: Dragapult|Phantom Force||[still]
|-prepare|p1a: Dragapult|Phantom Force|p2a: Sun in Good
|
|-heal|p1a: Dragapult|93/100|[from] item: Leftovers
|upkeep
|turn|26
|
|move|p1a: Dragapult|Phantom Force|p2a: Sun in Good|[from]lockedmove
|-immune|p2a: Sun in Good
|move|p2a: Sun in Good|Dark Pulse|p1a: Dragapult
|-supereffective|p1a: Dragapult
|-damage|p1a: Dragapult|2/100
|-damage|p2a: Sun in Good|31/100|[from] item: Life Orb
|
|-heal|p1a: Dragapult|8/100|[from] item: Leftovers
|upkeep
|turn|27
|c| Aunty Draculina|tap f11 over and over again whenever someone uses earthquake
|
|move|p1a: Dragapult|Dragon Darts|p2a: Sun in Good
|-damage|p2a: Sun in Good|0 fnt
|-hitcount|p2a: Sun in Good|1
|faint|p2a: Sun in Good
|
|-heal|p1a: Dragapult|14/100|[from] item: Leftovers
|upkeep
|c|☆Zucchiking|wtf weak
|
|switch|p2a: Torkoalossal|Torkoal, F|100/100
|-damage|p2a: Torkoalossal|76/100|[from] Stealth Rock
|-weather|SunnyDay|[from] ability: Drought|[of] p2a: Torkoalossal
|turn|28
|c| Janice R Menise|LOOOOOL
|c| FuqboiSlim|lmop
|c| austrian warlord|champ lost to this
|
|move|p1a: Dragapult|Dragon Darts|p2a: Torkoalossal
|-damage|p2a: Torkoalossal|56/100
|-damage|p2a: Torkoalossal|38/100
|-hitcount|p2a: Torkoalossal|2
|move|p2a: Torkoalossal|Fire Blast|p1a: Dragapult
|-resisted|p1a: Dragapult
|-damage|p1a: Dragapult|0 fnt
|faint|p1a: Dragapult
|
|win|Zucchiking
|c|☆Zucchiking|sneed
|c| Janice R Menise|oh my god nice lizarde
|l|☆ItachiMan
|c| tiny donger|?????????????????????????????????????????????
|raw|ItachiMan's rating: 1316 → 1295(-21 for losing)
|raw|Zucchiking's rating: 1304 → 1325(+21 for winning)
|c| Janice R Menise|champ WON to this
|l| Ignis+Trueblade
|c|☆Zucchiking|brb
|c| Janice R Menise|no
|c| austrian warlord|whos champ
|j| Ignis+Trueblade
|c| tiny donger|new team
|c| austrian warlord|specs weedle
|c| Janice R Menise|coom
|c| esseff|coom
|c| esseff|perrserker
|c| esseff|based
|j| Ethics Violator
|c| tiny donger|don't you say that again or I'll kiss you
|c| esseff|coom
|c| tiny donger|fuck
|c| esseff|champ come back
|c| Ignis+Trueblade|-oomer sucks
|c| Ignis+Trueblade|get more creative
|c| Aunty Draculina|impeach
|c| Aunty Draculina|gibe
|c| Ignis+Trueblade|Just impeach baka
|c| Ignis+Trueblade|Claim rn
|c|☆Zucchiking|https://play.pokemonshowdown.com/battle-gen8ou-1039279504
|l|☆Zucchiking
|l| blushyy⍣
|l| Aunty Draculina
|l| austrian warlord
|l| FuqboiSlim
|l| esseff
|l| Ignis+Trueblade
|l| tiny donger
|l| HanakoToast
|j| thelordofsmug
|l| strobunerth
|l| New Gorilla
