|ScrapeTime|2020-01-02-14:15:37
|j|☆Iggydragon335
|j|☆Rico_The_Nerd
|player|p1|Iggydragon335|170|1031
|player|p2|Rico_The_Nerd|266|1082
|teamsize|p1|6
|teamsize|p2|6
|gametype|singles
|gen|8
|tier|[Gen 8] OU
|rated|
|rule|Sleep Clause Mod: Limit one foe put to sleep
|rule|Species Clause: Limit one of each Pokémon
|rule|OHKO Clause: OHKO moves are banned
|rule|Evasion Moves Clause: Evasion moves are banned
|rule|Endless Battle Clause: Forcing endless battles is banned
|rule|HP Percentage Mod: HP is shown in percentages
|clearpoke
|poke|p1|Inteleon, F|
|poke|p1|Corviknight, M|
|poke|p1|Charizard, M|
|poke|p1|Gyarados, F|
|poke|p1|Toxtricity, F|
|poke|p1|Dragapult, M|
|poke|p2|Dracovish|
|poke|p2|Shiinotic, M|
|poke|p2|Duraludon, M|
|poke|p2|Corviknight, F|
|poke|p2|Excadrill, M|
|poke|p2|Tyranitar, F|
|rule|Dynamax Clause: You cannot dynamax
|teampreview
|
|start
|switch|p1a: Kraken|Gyarados, F|100/100
|switch|p2a: 9-11-2001|Duraludon, M|100/100
|-ability|p1a: Kraken|Intimidate|boost
|-unboost|p2a: 9-11-2001|atk|1
|turn|1
|
|move|p2a: 9-11-2001|Thunderbolt|p1a: Kraken
|-supereffective|p1a: Kraken
|-damage|p1a: Kraken|0 fnt
|faint|p1a: Kraken
|
|upkeep
|
|switch|p1a: Zard|Charizard, M|100/100
|turn|2
|
|move|p1a: Zard|Will-O-Wisp|p2a: 9-11-2001
|-status|p2a: 9-11-2001|brn
|move|p2a: 9-11-2001|Draco Meteor|p1a: Zard
|-damage|p1a: Zard|12/100
|-unboost|p2a: 9-11-2001|spa|2
|
|-damage|p2a: 9-11-2001|94/100 brn|[from] brn
|upkeep
|turn|3
|
|move|p1a: Zard|Fire Blast|p2a: 9-11-2001
|-damage|p2a: 9-11-2001|0 fnt
|faint|p2a: 9-11-2001
|
|upkeep
|
|switch|p2a: Johnny Sins|Tyranitar, F|100/100
|-weather|Sandstorm|[from] ability: Sand Stream|[of] p2a: Johnny Sins
|turn|4
|
|switch|p1a: Wobbles|Inteleon, F|100/100
|switch|p2a: Fckin Shroom|Shiinotic, M|100/100
|
|-weather|Sandstorm|[upkeep]
|-damage|p1a: Wobbles|94/100|[from] Sandstorm
|-damage|p2a: Fckin Shroom|94/100|[from] Sandstorm
|-heal|p1a: Wobbles|100/100|[from] item: Leftovers
|-heal|p2a: Fckin Shroom|100/100|[from] item: Leftovers
|upkeep
|turn|5
|
|switch|p1a: Russel|Corviknight, M|100/100
|-ability|p1a: Russel|Pressure
|move|p2a: Fckin Shroom|Leech Seed|p1a: Russel
|-start|p1a: Russel|move: Leech Seed
|
|-weather|Sandstorm|[upkeep]
|-damage|p2a: Fckin Shroom|94/100|[from] Sandstorm
|-heal|p2a: Fckin Shroom|100/100|[from] item: Leftovers
|-damage|p1a: Russel|88/100|[from] Leech Seed|[of] p2a: Fckin Shroom
|upkeep
|turn|6
|
|switch|p2a: Autism|Dracovish|100/100
|move|p1a: Russel|Taunt|p2a: Autism
|-start|p2a: Autism|move: Taunt
|
|-weather|Sandstorm|[upkeep]
|-damage|p2a: Autism|94/100|[from] Sandstorm
|-heal|p1a: Russel|94/100|[from] item: Leftovers
|-damage|p1a: Russel|82/100|[from] Leech Seed|[of] p2a: Autism
|-heal|p2a: Autism|100/100|[silent]
|upkeep
|turn|7
|
|switch|p1a: Zen|Toxtricity, F|100/100
|move|p2a: Autism|Fishious Rend|p1a: Zen
|-enditem|p1a: Zen|Focus Sash
|-damage|p1a: Zen|1/100
|
|-weather|Sandstorm|[upkeep]
|-damage|p2a: Autism|94/100|[from] Sandstorm
|-damage|p1a: Zen|0 fnt|[from] Sandstorm
|faint|p1a: Zen
|upkeep
|
|switch|p1a: Wobbles|Inteleon, F|100/100
|turn|8
|
|switch|p2a: Jim Crow|Corviknight, F|100/100
|move|p1a: Wobbles|Ice Beam|p2a: Jim Crow
|-damage|p2a: Jim Crow|80/100
|
|-weather|none
|upkeep
|turn|9
|
|move|p1a: Wobbles|U-turn|p2a: Jim Crow
|-resisted|p2a: Jim Crow
|-damage|p2a: Jim Crow|78/100
|
|switch|p1a: Russel|Corviknight, M|82/100|[from]move: U-turn
|-ability|p1a: Russel|Pressure
|move|p2a: Jim Crow|Bulk Up|p2a: Jim Crow
|-boost|p2a: Jim Crow|atk|1
|-boost|p2a: Jim Crow|def|1
|
|-heal|p1a: Russel|88/100|[from] item: Leftovers
|upkeep
|turn|10
|
|switch|p2a: Autism|Dracovish|94/100
|move|p1a: Russel|Body Press|p2a: Autism
|-damage|p2a: Autism|69/100
|
|-heal|p1a: Russel|94/100|[from] item: Leftovers
|upkeep
|turn|11
|
|switch|p1a: Wobbles|Inteleon, F|100/100
|move|p2a: Autism|Fishious Rend|p1a: Wobbles
|-resisted|p1a: Wobbles
|-damage|p1a: Wobbles|18/100
|
|-heal|p1a: Wobbles|24/100|[from] item: Leftovers
|upkeep
|turn|12
|
|move|p2a: Autism|Fishious Rend|p1a: Wobbles
|-resisted|p1a: Wobbles
|-damage|p1a: Wobbles|0 fnt
|faint|p1a: Wobbles
|
|upkeep
|
|switch|p1a: Russel|Corviknight, M|94/100
|-ability|p1a: Russel|Pressure
|turn|13
|
|move|p2a: Autism|Fishious Rend|p1a: Russel
|-damage|p1a: Russel|26/100
|move|p1a: Russel|Roost|p1a: Russel
|-heal|p1a: Russel|76/100
|-singleturn|p1a: Russel|move: Roost
|
|-heal|p1a: Russel|83/100|[from] item: Leftovers
|upkeep
|turn|14
|
|move|p2a: Autism|Fishious Rend|p1a: Russel
|-damage|p1a: Russel|19/100
|move|p1a: Russel|Iron Head|p2a: Autism
|-resisted|p2a: Autism
|-damage|p2a: Autism|55/100
|
|-heal|p1a: Russel|25/100|[from] item: Leftovers
|upkeep
|turn|15
|
|switch|p1a: Drax|Dragapult, M|100/100
|move|p2a: Autism|Fishious Rend|p1a: Drax
|-resisted|p1a: Drax
|-damage|p1a: Drax|27/100
|
|upkeep
|turn|16
|
|switch|p2a: Fckin Shroom|Shiinotic, M|100/100
|move|p1a: Drax|Dragon Darts|p2a: Fckin Shroom
|-immune|p2a: Fckin Shroom
|
|upkeep
|turn|17
|
|move|p1a: Drax|Fire Blast|p2a: Fckin Shroom
|-supereffective|p2a: Fckin Shroom
|-damage|p2a: Fckin Shroom|57/100
|move|p2a: Fckin Shroom|Spore|p1a: Drax
|-status|p1a: Drax|slp|[from] move: Spore
|
|-heal|p2a: Fckin Shroom|63/100|[from] item: Leftovers
|upkeep
|turn|18
|
|switch|p2a: Autism|Dracovish|55/100
|cant|p1a: Drax|slp
|
|upkeep
|turn|19
|
|switch|p1a: Russel|Corviknight, M|25/100
|-ability|p1a: Russel|Pressure
|move|p2a: Autism|Fishious Rend|p1a: Russel
|-damage|p1a: Russel|0 fnt
|faint|p1a: Russel
|
|upkeep
|
|switch|p1a: Zard|Charizard, M|12/100
|turn|20
|
|move|p2a: Autism|Fishious Rend|p1a: Zard
|-supereffective|p1a: Zard
|-damage|p1a: Zard|0 fnt
|faint|p1a: Zard
|
|upkeep
|
|switch|p1a: Drax|Dragapult, M|27/100 slp
|turn|21
|
|move|p2a: Autism|Fishious Rend|p1a: Drax
|-resisted|p1a: Drax
|-damage|p1a: Drax|0 fnt
|faint|p1a: Drax
|
|win|Rico_The_Nerd
|raw|Iggydragon335's rating: 1031 → 1019(-12 for losing)
|raw|Rico_The_Nerd's rating: 1083 → 1106(+23 for winning)
|c|☆Rico_The_Nerd|Gg
|l|☆Iggydragon335
