|ScrapeTime|2020-01-01-20:15:35
|j|☆someguy33
|j|☆ubnvueni0
|player|p1|someguy33|steven|1256
|player|p2|ubnvueni0|benga|1302
|teamsize|p1|6
|teamsize|p2|6
|gametype|singles
|gen|8
|tier|[Gen 8] OU
|rated|
|rule|Sleep Clause Mod: Limit one foe put to sleep
|rule|Species Clause: Limit one of each Pokémon
|rule|OHKO Clause: OHKO moves are banned
|rule|Evasion Moves Clause: Evasion moves are banned
|rule|Endless Battle Clause: Forcing endless battles is banned
|rule|HP Percentage Mod: HP is shown in percentages
|clearpoke
|poke|p1|Roserade, F|
|poke|p1|Rotom-Heat|
|poke|p1|Gastrodon-East, M|
|poke|p1|Corviknight, F|
|poke|p1|Hydreigon, F|
|poke|p1|Mimikyu, F|
|poke|p2|Aegislash, M|
|poke|p2|Cinderace, M|
|poke|p2|Chandelure, M|
|poke|p2|Conkeldurr, M|
|poke|p2|Dragapult, F|
|poke|p2|Rotom-Mow|
|rule|Dynamax Clause: You cannot dynamax
|teampreview
|inactive|Battle timer is ON: inactive players will automatically lose when time's up. (requested by ubnvueni0)
|
|start
|switch|p1a: Rotom|Rotom-Heat|100/100
|switch|p2a: Dragapult|Dragapult, F|100/100
|turn|1
|
|move|p2a: Dragapult|Draco Meteor|p1a: Rotom
|-damage|p1a: Rotom|29/100
|-unboost|p2a: Dragapult|spa|2
|move|p1a: Rotom|Volt Switch|p2a: Dragapult
|-resisted|p2a: Dragapult
|-damage|p2a: Dragapult|86/100
|
|switch|p1a: Mimikyu|Mimikyu, F|100/100|[from]move: Volt Switch
|
|upkeep
|turn|2
|
|switch|p2a: Rotom|Rotom-Mow|100/100
|move|p1a: Mimikyu|Swords Dance|p1a: Mimikyu
|-boost|p1a: Mimikyu|atk|2
|
|upkeep
|turn|3
|
|move|p1a: Mimikyu|Swords Dance|p1a: Mimikyu
|-boost|p1a: Mimikyu|atk|2
|move|p2a: Rotom|Will-O-Wisp|p1a: Mimikyu
|-status|p1a: Mimikyu|brn
|
|-damage|p1a: Mimikyu|95/100 brn|[from] brn
|upkeep
|turn|4
|
|move|p1a: Mimikyu|Play Rough|p2a: Rotom
|-damage|p2a: Rotom|12/100
|-damage|p1a: Mimikyu|85/100 brn|[from] item: Life Orb
|move|p2a: Rotom|Thunderbolt|p1a: Mimikyu
|-activate|p1a: Mimikyu|ability: Disguise
|-damage|p1a: Mimikyu|85/100 brn
|detailschange|p1a: Mimikyu|Mimikyu-Busted, F
|-damage|p1a: Mimikyu|72/100 brn|[from] ability: Disguise|[of] p1a: Mimikyu
|
|-heal|p2a: Rotom|18/100|[from] item: Leftovers
|-damage|p1a: Mimikyu|66/100 brn|[from] brn
|upkeep
|turn|5
|
|switch|p2a: Aegislash|Aegislash, M|100/100
|-item|p2a: Aegislash|Air Balloon
|move|p1a: Mimikyu|Shadow Claw|p2a: Aegislash
|-supereffective|p2a: Aegislash
|-crit|p2a: Aegislash
|-damage|p2a: Aegislash|0 fnt
|-enditem|p2a: Aegislash|Air Balloon
|-damage|p1a: Mimikyu|56/100 brn|[from] item: Life Orb
|faint|p2a: Aegislash
|
|-damage|p1a: Mimikyu|50/100 brn|[from] brn
|upkeep
|
|switch|p2a: Dragapult|Dragapult, F|86/100
|turn|6
|
|move|p1a: Mimikyu|Shadow Sneak|p2a: Dragapult
|-supereffective|p2a: Dragapult
|-damage|p2a: Dragapult|3/100
|-damage|p1a: Mimikyu|40/100 brn|[from] item: Life Orb
|move|p2a: Dragapult|Shadow Ball|p1a: Mimikyu
|-supereffective|p1a: Mimikyu
|-damage|p1a: Mimikyu|0 fnt
|faint|p1a: Mimikyu
|
|upkeep
|
|switch|p1a: Gastrodon|Gastrodon-East, M|100/100
|turn|7
|
|switch|p2a: Conkeldurr|Conkeldurr, M, shiny|100/100
|move|p1a: Gastrodon|Scald|p2a: Conkeldurr
|-damage|p2a: Conkeldurr|71/100
|
|-status|p2a: Conkeldurr|brn|[from] item: Flame Orb
|upkeep
|turn|8
|
|switch|p1a: Corviknight|Corviknight, F|100/100
|-ability|p1a: Corviknight|Pressure
|move|p2a: Conkeldurr|Drain Punch|p1a: Corviknight
|-damage|p1a: Corviknight|60/100
|-heal|p2a: Conkeldurr|90/100 brn|[from] drain|[of] p1a: Corviknight
|
|-heal|p1a: Corviknight|66/100|[from] item: Leftovers
|-damage|p2a: Conkeldurr|84/100 brn|[from] brn
|upkeep
|turn|9
|
|move|p1a: Corviknight|Iron Defense|p1a: Corviknight
|-boost|p1a: Corviknight|def|2
|move|p2a: Conkeldurr|Thunder Punch|p1a: Corviknight
|-supereffective|p1a: Corviknight
|-damage|p1a: Corviknight|41/100
|-status|p1a: Corviknight|par
|
|-heal|p1a: Corviknight|47/100 par|[from] item: Leftovers
|-damage|p2a: Conkeldurr|78/100 brn|[from] brn
|upkeep
|turn|10
|
|move|p2a: Conkeldurr|Drain Punch|p1a: Corviknight
|-damage|p1a: Corviknight|26/100 par
|-heal|p2a: Conkeldurr|88/100 brn|[from] drain|[of] p1a: Corviknight
|cant|p1a: Corviknight|par
|
|-heal|p1a: Corviknight|32/100 par|[from] item: Leftovers
|-damage|p2a: Conkeldurr|82/100 brn|[from] brn
|upkeep
|turn|11
|
|move|p2a: Conkeldurr|Drain Punch|p1a: Corviknight
|-damage|p1a: Corviknight|12/100 par
|-heal|p2a: Conkeldurr|92/100 brn|[from] drain|[of] p1a: Corviknight
|move|p1a: Corviknight|Roost|p1a: Corviknight
|-heal|p1a: Corviknight|62/100 par
|-singleturn|p1a: Corviknight|move: Roost
|
|-heal|p1a: Corviknight|69/100 par|[from] item: Leftovers
|-damage|p2a: Conkeldurr|86/100 brn|[from] brn
|upkeep
|turn|12
|
|move|p2a: Conkeldurr|Drain Punch|p1a: Corviknight
|-damage|p1a: Corviknight|50/100 par
|-heal|p2a: Conkeldurr|95/100 brn|[from] drain|[of] p1a: Corviknight
|cant|p1a: Corviknight|par
|
|-heal|p1a: Corviknight|56/100 par|[from] item: Leftovers
|-damage|p2a: Conkeldurr|89/100 brn|[from] brn
|upkeep
|turn|13
|
|move|p2a: Conkeldurr|Thunder Punch|p1a: Corviknight
|-supereffective|p1a: Corviknight
|-damage|p1a: Corviknight|30/100 par
|cant|p1a: Corviknight|par
|
|-heal|p1a: Corviknight|36/100 par|[from] item: Leftovers
|-damage|p2a: Conkeldurr|83/100 brn|[from] brn
|upkeep
|turn|14
|
|move|p2a: Conkeldurr|Thunder Punch|p1a: Corviknight
|-supereffective|p1a: Corviknight
|-damage|p1a: Corviknight|10/100 par
|cant|p1a: Corviknight|par
|
|-heal|p1a: Corviknight|17/100 par|[from] item: Leftovers
|-damage|p2a: Conkeldurr|77/100 brn|[from] brn
|upkeep
|turn|15
|
|move|p2a: Conkeldurr|Drain Punch|p1a: Corviknight
|-damage|p1a: Corviknight|0 fnt
|-heal|p2a: Conkeldurr|85/100 brn|[from] drain|[of] p1a: Corviknight
|faint|p1a: Corviknight
|
|-damage|p2a: Conkeldurr|79/100 brn|[from] brn
|upkeep
|
|switch|p1a: Roserade|Roserade, F|100/100
|turn|16
|
|switch|p2a: Chandelure|Chandelure, M|100/100
|move|p1a: Roserade|Leaf Storm|p2a: Chandelure
|-resisted|p2a: Chandelure
|-damage|p2a: Chandelure|31/100
|-unboost|p1a: Roserade|spa|2
|-damage|p1a: Roserade|91/100|[from] item: Life Orb
|
|upkeep
|turn|17
|
|switch|p1a: Gastrodon|Gastrodon-East, M|100/100
|move|p2a: Chandelure|Fire Blast|p1a: Gastrodon
|-resisted|p1a: Gastrodon
|-damage|p1a: Gastrodon|80/100
|
|-heal|p1a: Gastrodon|86/100|[from] item: Leftovers
|upkeep
|turn|18
|
|switch|p2a: Cinderace|Cinderace, M|100/100
|move|p1a: Gastrodon|Earth Power|p2a: Cinderace
|-supereffective|p2a: Cinderace
|-damage|p2a: Cinderace|13/100
|
|-heal|p1a: Gastrodon|92/100|[from] item: Leftovers
|upkeep
|turn|19
|
|move|p2a: Cinderace|Pyro Ball|p1a: Gastrodon
|-resisted|p1a: Gastrodon
|-damage|p1a: Gastrodon|54/100
|move|p1a: Gastrodon|Earth Power|p2a: Cinderace
|-supereffective|p2a: Cinderace
|-damage|p2a: Cinderace|0 fnt
|faint|p2a: Cinderace
|
|-heal|p1a: Gastrodon|60/100|[from] item: Leftovers
|upkeep
|
|switch|p2a: Chandelure|Chandelure, M|31/100
|turn|20
|
|move|p2a: Chandelure|Energy Ball|p1a: Gastrodon
|-supereffective|p1a: Gastrodon
|-damage|p1a: Gastrodon|0 fnt
|faint|p1a: Gastrodon
|
|upkeep
|
|switch|p1a: Roserade|Roserade, F|91/100
|turn|21
|
|move|p2a: Chandelure|Energy Ball|p1a: Roserade
|-resisted|p1a: Roserade
|-damage|p1a: Roserade|81/100
|move|p1a: Roserade|Sludge Bomb|p2a: Chandelure
|-resisted|p2a: Chandelure
|-damage|p2a: Chandelure|0 fnt
|-damage|p1a: Roserade|71/100|[from] item: Life Orb
|faint|p2a: Chandelure
|
|upkeep
|
|switch|p2a: Dragapult|Dragapult, F|3/100
|turn|22
|
|move|p2a: Dragapult|Draco Meteor|p1a: Roserade
|-damage|p1a: Roserade|0 fnt
|-unboost|p2a: Dragapult|spa|2
|faint|p1a: Roserade
|
|upkeep
|
|switch|p1a: Rotom|Rotom-Heat|29/100
|turn|23
|
|move|p2a: Dragapult|Draco Meteor|p1a: Rotom
|-damage|p1a: Rotom|0 fnt
|-unboost|p2a: Dragapult|spa|2
|faint|p1a: Rotom
|
|upkeep
|
|switch|p1a: Hydreigon|Hydreigon, F|100/100
|turn|24
|
|move|p2a: Dragapult|Draco Meteor|p1a: Hydreigon
|-supereffective|p1a: Hydreigon
|-damage|p1a: Hydreigon|54/100
|-unboost|p2a: Dragapult|spa|2
|move|p1a: Hydreigon|Heat Wave|p2a: Dragapult
|-resisted|p2a: Dragapult
|-damage|p2a: Dragapult|0 fnt
|faint|p2a: Dragapult
|
|upkeep
|
|switch|p2a: Conkeldurr|Conkeldurr, M, shiny|79/100 brn
|turn|25
|
|move|p2a: Conkeldurr|Mach Punch|p1a: Hydreigon
|-supereffective|p1a: Hydreigon
|-damage|p1a: Hydreigon|0 fnt
|faint|p1a: Hydreigon
|
|win|ubnvueni0
|l|☆someguy33
