|ScrapeTime|2020-01-02-23:21:58
|j|☆RIP WhiteBeard
|j|☆itchyfeet72
|player|p1|RIP WhiteBeard|unknown|1217
|player|p2|itchyfeet72|51|1176
|teamsize|p1|6
|teamsize|p2|6
|gametype|singles
|gen|8
|tier|[Gen 8] OU
|rated|
|rule|Sleep Clause Mod: Limit one foe put to sleep
|rule|Species Clause: Limit one of each Pokémon
|rule|OHKO Clause: OHKO moves are banned
|rule|Evasion Moves Clause: Evasion moves are banned
|rule|Endless Battle Clause: Forcing endless battles is banned
|rule|HP Percentage Mod: HP is shown in percentages
|clearpoke
|poke|p1|Reuniclus, M|
|poke|p1|Dugtrio, F|
|poke|p1|Toxapex, M|
|poke|p1|Sylveon, F|
|poke|p1|Corviknight, M|
|poke|p1|Corsola-Galar, M|
|poke|p2|Obstagoon, M|
|poke|p2|Araquanid, M|
|poke|p2|Excadrill, M|
|poke|p2|Bisharp, F|
|poke|p2|Dragapult, M|
|poke|p2|Togekiss, M|
|rule|Dynamax Clause: You cannot dynamax
|teampreview
|c|☆itchyfeet72|hi gl
|inactive|Battle timer is ON: inactive players will automatically lose when time's up. (requested by RIP WhiteBeard)
|
|start
|switch|p1a: Toxapex|Toxapex, M, shiny|100/100
|switch|p2a: Araquanid|Araquanid, M|100/100
|turn|1
|
|move|p2a: Araquanid|Sticky Web|p1a: Toxapex
|-sidestart|p1: RIP WhiteBeard|move: Sticky Web
|move|p1a: Toxapex|Toxic Spikes|p2a: Araquanid
|-sidestart|p2: itchyfeet72|move: Toxic Spikes
|
|upkeep
|turn|2
|
|switch|p2a: Togekiss|Togekiss, M|100/100
|move|p1a: Toxapex|Scald|p2a: Togekiss
|-damage|p2a: Togekiss|83/100
|-status|p2a: Togekiss|brn
|
|-damage|p2a: Togekiss|77/100 brn|[from] brn
|upkeep
|turn|3
|
|switch|p1a: Sylveon|Sylveon, F, shiny|100/100
|-activate|p1a: Sylveon|move: Sticky Web
|-unboost|p1a: Sylveon|spe|1
|move|p2a: Togekiss|Air Slash|p1a: Sylveon
|-crit|p1a: Sylveon
|-damage|p1a: Sylveon|72/100
|
|-heal|p1a: Sylveon|78/100|[from] item: Leftovers
|-damage|p2a: Togekiss|71/100 brn|[from] brn
|upkeep
|turn|4
|
|move|p2a: Togekiss|Air Slash|p1a: Sylveon
|-damage|p1a: Sylveon|59/100
|cant|p1a: Sylveon|flinch
|
|-heal|p1a: Sylveon|65/100|[from] item: Leftovers
|-damage|p2a: Togekiss|64/100 brn|[from] brn
|upkeep
|turn|5
|
|switch|p2a: Bisharp|Bisharp, F|100/100
|move|p1a: Sylveon|Protect||[still]
|-fail|p1a: Sylveon
|
|-heal|p1a: Sylveon|71/100|[from] item: Leftovers
|upkeep
|turn|6
|
|move|p2a: Bisharp|Swords Dance|p2a: Bisharp
|-boost|p2a: Bisharp|atk|2
|move|p1a: Sylveon|Mystical Fire|p2a: Bisharp
|-supereffective|p2a: Bisharp
|-damage|p2a: Bisharp|32/100
|-unboost|p2a: Bisharp|spa|1
|-ability|p2a: Bisharp|Defiant
|-boost|p2a: Bisharp|atk|2
|
|-heal|p1a: Sylveon|77/100|[from] item: Leftovers
|upkeep
|turn|7
|
|switch|p1a: Corviknight|Corviknight, M, shiny|100/100
|-ability|p1a: Corviknight|Pressure
|move|p2a: Bisharp|Iron Head|p1a: Corviknight
|-resisted|p1a: Corviknight
|-damage|p1a: Corviknight|53/100
|
|-heal|p1a: Corviknight|59/100|[from] item: Leftovers
|upkeep
|turn|8
|
|move|p2a: Bisharp|Throat Chop|p1a: Corviknight
|-damage|p1a: Corviknight|0 fnt
|faint|p1a: Corviknight
|
|upkeep
|
|switch|p1a: Dugtrio|Dugtrio, F, shiny|100/100
|-activate|p1a: Dugtrio|move: Sticky Web
|-unboost|p1a: Dugtrio|spe|1
|turn|9
|
|move|p2a: Bisharp|Sucker Punch|p1a: Dugtrio
|-enditem|p1a: Dugtrio|Focus Sash
|-damage|p1a: Dugtrio|1/100
|move|p1a: Dugtrio|Earthquake|p2a: Bisharp
|-supereffective|p2a: Bisharp
|-damage|p2a: Bisharp|0 fnt
|faint|p2a: Bisharp
|
|upkeep
|
|switch|p2a: Excadrill|Excadrill, M|100/100
|-ability|p2a: Excadrill|Mold Breaker
|turn|10
|
|switch|p1a: Corsola|Corsola-Galar, M, shiny|100/100
|-activate|p1a: Corsola|move: Sticky Web
|-unboost|p1a: Corsola|spe|1
|move|p2a: Excadrill|Rapid Spin|p1a: Corsola
|-immune|p1a: Corsola
|
|upkeep
|turn|11
|
|switch|p2a: Araquanid|Araquanid, M|100/100
|-status|p2a: Araquanid|psn
|move|p1a: Corsola|Will-O-Wisp||[still]
|-fail|p1a: Corsola
|
|-damage|p2a: Araquanid|88/100 psn|[from] psn
|upkeep
|turn|12
|
|move|p2a: Araquanid|Liquidation|p1a: Corsola
|-damage|p1a: Corsola|65/100
|move|p1a: Corsola|Stealth Rock|p2a: Araquanid
|-sidestart|p2: itchyfeet72|move: Stealth Rock
|
|-damage|p2a: Araquanid|76/100 psn|[from] psn
|upkeep
|turn|13
|
|move|p2a: Araquanid|Liquidation|p1a: Corsola
|-damage|p1a: Corsola|33/100
|move|p1a: Corsola|Strength Sap|p2a: Araquanid
|-unboost|p2a: Araquanid|atk|1
|-heal|p1a: Corsola|100/100
|
|-damage|p2a: Araquanid|64/100 psn|[from] psn
|upkeep
|turn|14
|
|switch|p2a: Togekiss|Togekiss, M|64/100 brn
|move|p1a: Corsola|Night Shade|p2a: Togekiss
|-damage|p2a: Togekiss|32/100 brn
|
|-damage|p2a: Togekiss|26/100 brn|[from] brn
|upkeep
|turn|15
|
|switch|p1a: Sylveon|Sylveon, F, shiny|77/100
|-activate|p1a: Sylveon|move: Sticky Web
|-unboost|p1a: Sylveon|spe|1
|move|p2a: Togekiss|Air Slash|p1a: Sylveon
|-damage|p1a: Sylveon|57/100
|
|-heal|p1a: Sylveon|63/100|[from] item: Leftovers
|-damage|p2a: Togekiss|20/100 brn|[from] brn
|upkeep
|turn|16
|
|switch|p2a: Araquanid|Araquanid, M|64/100 psn
|-damage|p2a: Araquanid|39/100 psn|[from] Stealth Rock
|move|p1a: Sylveon|Wish|p1a: Sylveon
|
|-heal|p1a: Sylveon|69/100|[from] item: Leftovers
|-damage|p2a: Araquanid|26/100 psn|[from] psn
|upkeep
|turn|17
|
|move|p1a: Sylveon|Protect|p1a: Sylveon
|-singleturn|p1a: Sylveon|Protect
|move|p2a: Araquanid|Liquidation|p1a: Sylveon
|-activate|p1a: Sylveon|move: Protect
|
|-heal|p1a: Sylveon|100/100|[from] move: Wish|[wisher] Sylveon
|-damage|p2a: Araquanid|14/100 psn|[from] psn
|upkeep
|turn|18
|
|switch|p1a: Corsola|Corsola-Galar, M, shiny|100/100
|-activate|p1a: Corsola|move: Sticky Web
|-unboost|p1a: Corsola|spe|1
|move|p2a: Araquanid|Liquidation|p1a: Corsola
|-damage|p1a: Corsola|65/100
|
|-damage|p2a: Araquanid|2/100 psn|[from] psn
|upkeep
|turn|19
|
|move|p2a: Araquanid|Protect|p2a: Araquanid
|-singleturn|p2a: Araquanid|Protect
|move|p1a: Corsola|Strength Sap|p2a: Araquanid
|-activate|p2a: Araquanid|move: Protect
|
|-damage|p2a: Araquanid|0 fnt|[from] psn
|faint|p2a: Araquanid
|upkeep
|
|switch|p2a: Obstagoon|Obstagoon, M|100/100
|-damage|p2a: Obstagoon|88/100|[from] Stealth Rock
|-status|p2a: Obstagoon|psn
|turn|20
|
|switch|p1a: Toxapex|Toxapex, M, shiny|100/100
|-activate|p1a: Toxapex|move: Sticky Web
|-unboost|p1a: Toxapex|spe|1
|move|p2a: Obstagoon|Knock Off|p1a: Toxapex
|-damage|p1a: Toxapex|66/100
|-enditem|p1a: Toxapex|Black Sludge|[from] move: Knock Off|[of] p2a: Obstagoon
|
|-damage|p2a: Obstagoon|76/100 psn|[from] psn
|upkeep
|turn|21
|
|move|p2a: Obstagoon|Bulk Up|p2a: Obstagoon
|-boost|p2a: Obstagoon|atk|1
|-boost|p2a: Obstagoon|def|1
|move|p1a: Toxapex|Recover|p1a: Toxapex
|-heal|p1a: Toxapex|100/100
|
|-damage|p2a: Obstagoon|64/100 psn|[from] psn
|upkeep
|turn|22
|
|move|p2a: Obstagoon|Facade|p1a: Toxapex
|-damage|p1a: Toxapex|26/100
|move|p1a: Toxapex|Haze|p1a: Toxapex
|-clearallboost
|
|-damage|p2a: Obstagoon|52/100 psn|[from] psn
|upkeep
|turn|23
|
|switch|p1a: Corsola|Corsola-Galar, M, shiny|65/100
|-activate|p1a: Corsola|move: Sticky Web
|-unboost|p1a: Corsola|spe|1
|move|p2a: Obstagoon|Knock Off|p1a: Corsola
|-supereffective|p1a: Corsola
|-damage|p1a: Corsola|0 fnt
|-enditem|p1a: Corsola|Eviolite|[from] move: Knock Off|[of] p2a: Obstagoon
|faint|p1a: Corsola
|
|-damage|p2a: Obstagoon|39/100 psn|[from] psn
|upkeep
|
|switch|p1a: Dugtrio|Dugtrio, F, shiny|1/100
|-activate|p1a: Dugtrio|move: Sticky Web
|-unboost|p1a: Dugtrio|spe|1
|turn|24
|
|move|p2a: Obstagoon|Facade|p1a: Dugtrio
|-damage|p1a: Dugtrio|0 fnt
|faint|p1a: Dugtrio
|
|-damage|p2a: Obstagoon|27/100 psn|[from] psn
|upkeep
|
|switch|p1a: Toxapex|Toxapex, M, shiny|59/100
|-activate|p1a: Toxapex|move: Sticky Web
|-unboost|p1a: Toxapex|spe|1
|turn|25
|
|switch|p2a: Togekiss|Togekiss, M|20/100 brn
|move|p1a: Toxapex|Recover|p1a: Toxapex
|-heal|p1a: Toxapex|100/100
|
|-damage|p2a: Togekiss|14/100 brn|[from] brn
|upkeep
|turn|26
|
|switch|p1a: Sylveon|Sylveon, F, shiny|100/100
|-activate|p1a: Sylveon|move: Sticky Web
|-unboost|p1a: Sylveon|spe|1
|move|p2a: Togekiss|Air Slash|p1a: Sylveon
|-damage|p1a: Sylveon|80/100
|
|-heal|p1a: Sylveon|86/100|[from] item: Leftovers
|-damage|p2a: Togekiss|8/100 brn|[from] brn
|upkeep
|turn|27
|
|move|p2a: Togekiss|Air Slash|p1a: Sylveon
|-damage|p1a: Sylveon|66/100
|cant|p1a: Sylveon|flinch
|
|-heal|p1a: Sylveon|73/100|[from] item: Leftovers
|-damage|p2a: Togekiss|2/100 brn|[from] brn
|upkeep
|turn|28
|
|move|p1a: Sylveon|Protect|p1a: Sylveon
|-singleturn|p1a: Sylveon|Protect
|move|p2a: Togekiss|Air Slash|p1a: Sylveon
|-activate|p1a: Sylveon|move: Protect
|
|-heal|p1a: Sylveon|79/100|[from] item: Leftovers
|-damage|p2a: Togekiss|0 fnt|[from] brn
|faint|p2a: Togekiss
|upkeep
|
|switch|p2a: Excadrill|Excadrill, M|100/100
|-damage|p2a: Excadrill|97/100|[from] Stealth Rock
|-ability|p2a: Excadrill|Mold Breaker
|turn|29
|
|switch|p1a: Reuniclus|Reuniclus, M, shiny|100/100
|-activate|p1a: Reuniclus|move: Sticky Web
|-unboost|p1a: Reuniclus|spe|1
|move|p2a: Excadrill|Rapid Spin|p1a: Reuniclus
|-damage|p1a: Reuniclus|87/100
|-sideend|p2: itchyfeet72|Toxic Spikes|[from] move: Rapid Spin|[of] p2a: Excadrill
|-sideend|p2: itchyfeet72|Stealth Rock|[from] move: Rapid Spin|[of] p2a: Excadrill
|-boost|p2a: Excadrill|spe|1
|
|-heal|p1a: Reuniclus|93/100|[from] item: Leftovers
|upkeep
|turn|30
|
|switch|p2a: Dragapult|Dragapult, M|100/100
|move|p1a: Reuniclus|Acid Armor|p1a: Reuniclus
|-boost|p1a: Reuniclus|def|2
|
|-heal|p1a: Reuniclus|99/100|[from] item: Leftovers
|upkeep
|turn|31
|
|move|p2a: Dragapult|Will-O-Wisp|p1a: Reuniclus
|-status|p1a: Reuniclus|brn
|move|p1a: Reuniclus|Recover|p1a: Reuniclus
|-heal|p1a: Reuniclus|100/100 brn
|
|upkeep
|turn|32
|
|move|p2a: Dragapult|Hex|p1a: Reuniclus
|-supereffective|p1a: Reuniclus
|-damage|p1a: Reuniclus|1/100 brn
|move|p1a: Reuniclus|Calm Mind|p1a: Reuniclus
|-boost|p1a: Reuniclus|spa|1
|-boost|p1a: Reuniclus|spd|1
|
|-heal|p1a: Reuniclus|8/100 brn|[from] item: Leftovers
|upkeep
|turn|33
|
|switch|p1a: Sylveon|Sylveon, F, shiny|79/100
|-activate|p1a: Sylveon|move: Sticky Web
|-unboost|p1a: Sylveon|spe|1
|move|p2a: Dragapult|Hex|p1a: Sylveon
|-damage|p1a: Sylveon|64/100
|
|-heal|p1a: Sylveon|70/100|[from] item: Leftovers
|upkeep
|turn|34
|
|switch|p2a: Excadrill|Excadrill, M|97/100
|-ability|p2a: Excadrill|Mold Breaker
|move|p1a: Sylveon|Mystical Fire|p2a: Excadrill
|-supereffective|p2a: Excadrill
|-damage|p2a: Excadrill|49/100
|-unboost|p2a: Excadrill|spa|1
|
|-heal|p1a: Sylveon|76/100|[from] item: Leftovers
|upkeep
|turn|35
|
|move|p1a: Sylveon|Protect|p1a: Sylveon
|-singleturn|p1a: Sylveon|Protect
|move|p2a: Excadrill|Iron Head|p1a: Sylveon
|-activate|p1a: Sylveon|move: Protect
|
|-heal|p1a: Sylveon|82/100|[from] item: Leftovers
|upkeep
|turn|36
|
|switch|p1a: Toxapex|Toxapex, M, shiny|100/100
|-activate|p1a: Toxapex|move: Sticky Web
|-unboost|p1a: Toxapex|spe|1
|move|p2a: Excadrill|Iron Head|p1a: Toxapex
|-resisted|p1a: Toxapex
|-crit|p1a: Toxapex
|-damage|p1a: Toxapex|80/100
|
|upkeep
|turn|37
|
|move|p2a: Excadrill|Earthquake|p1a: Toxapex
|-supereffective|p1a: Toxapex
|-damage|p1a: Toxapex|17/100
|move|p1a: Toxapex|Recover|p1a: Toxapex
|-heal|p1a: Toxapex|67/100
|
|upkeep
|turn|38
|
|switch|p1a: Reuniclus|Reuniclus, M, shiny|8/100 brn
|-activate|p1a: Reuniclus|move: Sticky Web
|-unboost|p1a: Reuniclus|spe|1
|move|p2a: Excadrill|Earthquake|p1a: Reuniclus
|-crit|p1a: Reuniclus
|-damage|p1a: Reuniclus|0 fnt
|faint|p1a: Reuniclus
|
|upkeep
|
|switch|p1a: Toxapex|Toxapex, M, shiny|99/100
|-activate|p1a: Toxapex|move: Sticky Web
|-unboost|p1a: Toxapex|spe|1
|turn|39
|
|move|p2a: Excadrill|Earthquake|p1a: Toxapex
|-supereffective|p1a: Toxapex
|-damage|p1a: Toxapex|40/100
|move|p1a: Toxapex|Scald|p2a: Excadrill
|-supereffective|p2a: Excadrill
|-damage|p2a: Excadrill|3/100
|
|upkeep
|turn|40
|
|switch|p1a: Sylveon|Sylveon, F, shiny|82/100
|-activate|p1a: Sylveon|move: Sticky Web
|-unboost|p1a: Sylveon|spe|1
|move|p2a: Excadrill|Earthquake|p1a: Sylveon
|-damage|p1a: Sylveon|18/100
|
|-heal|p1a: Sylveon|24/100|[from] item: Leftovers
|upkeep
|turn|41
|
|move|p1a: Sylveon|Protect|p1a: Sylveon
|-singleturn|p1a: Sylveon|Protect
|move|p2a: Excadrill|Earthquake|p1a: Sylveon
|-activate|p1a: Sylveon|move: Protect
|
|-heal|p1a: Sylveon|30/100|[from] item: Leftovers
|upkeep
|turn|42
|
|move|p2a: Excadrill|Earthquake|p1a: Sylveon
|-damage|p1a: Sylveon|0 fnt
|faint|p1a: Sylveon
|
|upkeep
|
|switch|p1a: Toxapex|Toxapex, M, shiny|74/100
|-activate|p1a: Toxapex|move: Sticky Web
|-unboost|p1a: Toxapex|spe|1
|turn|43
|
|move|p2a: Excadrill|Earthquake|p1a: Toxapex
|-supereffective|p1a: Toxapex
|-damage|p1a: Toxapex|6/100
|move|p1a: Toxapex|Scald|p2a: Excadrill
|-supereffective|p2a: Excadrill
|-damage|p2a: Excadrill|0 fnt
|faint|p2a: Excadrill
|
|upkeep
|-message|RIP WhiteBeard forfeited.
|
|win|itchyfeet72
|l|☆RIP WhiteBeard
|raw|RIP WhiteBeard's rating: 1218 → 1188(-30 for losing)
|raw|itchyfeet72's rating: 1154 → 1184(+30 for winning)
