|ScrapeTime|2020-01-02-02:34:24
|j|☆MedievalJedi66
|j|☆Theo216
|player|p1|MedievalJedi66|veteran|1038
|player|p2|Theo216|170|1084
|teamsize|p1|6
|teamsize|p2|6
|gametype|singles
|gen|8
|tier|[Gen 8] OU
|rated|
|rule|Sleep Clause Mod: Limit one foe put to sleep
|rule|Species Clause: Limit one of each Pokémon
|rule|OHKO Clause: OHKO moves are banned
|rule|Evasion Moves Clause: Evasion moves are banned
|rule|Endless Battle Clause: Forcing endless battles is banned
|rule|HP Percentage Mod: HP is shown in percentages
|clearpoke
|poke|p1|Obstagoon, M|
|poke|p1|Mandibuzz, F|
|poke|p1|Grimmsnarl, M|
|poke|p1|Corsola-Galar, M|
|poke|p1|Morpeko, F|
|poke|p1|Mimikyu, F|
|poke|p2|Dragapult, F|
|poke|p2|Ferrothorn, F|
|poke|p2|Toxapex, F|
|poke|p2|Corviknight, F|
|poke|p2|Dracovish|
|poke|p2|Clefable, F|
|rule|Dynamax Clause: You cannot dynamax
|teampreview
|
|start
|switch|p1a: Grimmsnarl|Grimmsnarl, M|100/100
|switch|p2a: Clefable|Clefable, F|100/100
|turn|1
|
|move|p1a: Grimmsnarl|Trick|p2a: Clefable
|-activate|p1a: Grimmsnarl|move: Trick|[of] p2a: Clefable
|-item|p2a: Clefable|Toxic Orb|[from] move: Trick
|-item|p1a: Grimmsnarl|Life Orb|[from] move: Trick
|move|p2a: Clefable|Stealth Rock|p1a: Grimmsnarl
|-sidestart|p1: MedievalJedi66|move: Stealth Rock
|
|-status|p2a: Clefable|tox|[from] item: Toxic Orb
|upkeep
|turn|2
|
|move|p1a: Grimmsnarl|Reflect|p1a: Grimmsnarl
|-sidestart|p1: MedievalJedi66|Reflect
|move|p2a: Clefable|Moonblast|p1a: Grimmsnarl
|-supereffective|p1a: Grimmsnarl
|-damage|p1a: Grimmsnarl|33/100
|
|upkeep
|turn|3
|
|move|p1a: Grimmsnarl|Light Screen|p1a: Grimmsnarl
|-sidestart|p1: MedievalJedi66|move: Light Screen
|move|p2a: Clefable|Moonblast|p1a: Grimmsnarl
|-supereffective|p1a: Grimmsnarl
|-damage|p1a: Grimmsnarl|2/100
|-unboost|p1a: Grimmsnarl|spa|1
|
|upkeep
|turn|4
|
|move|p1a: Grimmsnarl|Stomping Tantrum|p2a: Clefable
|-damage|p2a: Clefable|69/100 tox
|-damage|p1a: Grimmsnarl|0 fnt|[from] item: Life Orb
|faint|p1a: Grimmsnarl
|move|p2a: Clefable|Moonblast|p1: Grimmsnarl|[notarget]
|-fail|p2a: Clefable
|
|upkeep
|
|switch|p1a: Corsola|Corsola-Galar, M|100/100
|-damage|p1a: Corsola|88/100|[from] Stealth Rock
|turn|5
|
|switch|p2a: Dracovish|Dracovish|100/100
|move|p1a: Corsola|Hex|p2a: Dracovish
|-damage|p2a: Dracovish|81/100
|
|upkeep
|turn|6
|
|move|p2a: Dracovish|Fishious Rend|p1a: Corsola
|-damage|p1a: Corsola|51/100
|move|p1a: Corsola|Will-O-Wisp|p2a: Dracovish
|-status|p2a: Dracovish|brn
|
|-damage|p2a: Dracovish|75/100 brn|[from] brn
|-sideend|p1: MedievalJedi66|Reflect
|upkeep
|turn|7
|
|switch|p2a: Dragapult|Dragapult, F|100/100
|move|p1a: Corsola|Strength Sap|p2a: Dragapult
|-unboost|p2a: Dragapult|atk|1
|-heal|p1a: Corsola|100/100
|
|-sideend|p1: MedievalJedi66|move: Light Screen
|upkeep
|turn|8
|
|move|p2a: Dragapult|Shadow Ball|p1a: Corsola
|-supereffective|p1a: Corsola
|-damage|p1a: Corsola|47/100
|-start|p2a: Dragapult|Disable|Shadow Ball|[from] ability: Cursed Body|[of] p1a: Corsola
|move|p1a: Corsola|Will-O-Wisp|p2a: Dragapult
|-status|p2a: Dragapult|brn
|
|-damage|p2a: Dragapult|95/100 brn|[from] brn
|upkeep
|turn|9
|
|switch|p2a: Toxapex|Toxapex, F|100/100
|move|p1a: Corsola|Strength Sap|p2a: Toxapex
|-unboost|p2a: Toxapex|atk|1
|-heal|p1a: Corsola|83/100
|
|upkeep
|turn|10
|
|move|p2a: Toxapex|Toxic|p1a: Corsola
|-status|p1a: Corsola|tox
|move|p1a: Corsola|Will-O-Wisp|p2a: Toxapex|[miss]
|-miss|p1a: Corsola|p2a: Toxapex
|
|-damage|p1a: Corsola|77/100 tox|[from] psn
|upkeep
|turn|11
|
|move|p2a: Toxapex|Scald|p1a: Corsola
|-damage|p1a: Corsola|68/100 tox
|-start|p2a: Toxapex|Disable|Scald|[from] ability: Cursed Body|[of] p1a: Corsola
|move|p1a: Corsola|Stealth Rock|p2a: Toxapex
|-sidestart|p2: Theo216|move: Stealth Rock
|
|-damage|p1a: Corsola|56/100 tox|[from] psn
|upkeep
|turn|12
|
|move|p2a: Toxapex|Toxic|p1a: Corsola
|-fail|p1a: Corsola|tox
|move|p1a: Corsola|Will-O-Wisp|p2a: Toxapex
|-status|p2a: Toxapex|brn
|
|-damage|p2a: Toxapex|94/100 brn|[from] brn
|-damage|p1a: Corsola|38/100 tox|[from] psn
|upkeep
|turn|13
|
|move|p2a: Toxapex|Toxic|p1a: Corsola
|-fail|p1a: Corsola|tox
|move|p1a: Corsola|Hex|p2a: Toxapex
|-damage|p2a: Toxapex|73/100 brn
|
|-heal|p2a: Toxapex|79/100 brn|[from] item: Black Sludge
|-damage|p2a: Toxapex|73/100 brn|[from] brn
|-damage|p1a: Corsola|13/100 tox|[from] psn
|upkeep
|turn|14
|
|move|p2a: Toxapex|Recover|p2a: Toxapex
|-heal|p2a: Toxapex|100/100 brn
|move|p1a: Corsola|Strength Sap|p2a: Toxapex
|-unboost|p2a: Toxapex|atk|1
|-heal|p1a: Corsola|37/100 tox
|
|-damage|p2a: Toxapex|94/100 brn|[from] brn
|-damage|p1a: Corsola|6/100 tox|[from] psn
|-end|p2a: Toxapex|Disable
|upkeep
|turn|15
|
|move|p2a: Toxapex|Recover|p2a: Toxapex
|-heal|p2a: Toxapex|100/100 brn
|move|p1a: Corsola|Strength Sap|p2a: Toxapex
|-unboost|p2a: Toxapex|atk|1
|-heal|p1a: Corsola|24/100 tox
|
|-damage|p2a: Toxapex|94/100 brn|[from] brn
|-damage|p1a: Corsola|0 fnt|[from] psn
|faint|p1a: Corsola
|upkeep
|
|switch|p1a: Mandibuzz|Mandibuzz, F|100/100
|-damage|p1a: Mandibuzz|76/100|[from] Stealth Rock
|turn|16
|
|move|p1a: Mandibuzz|Knock Off|p2a: Toxapex
|-damage|p2a: Toxapex|76/100 brn
|-enditem|p2a: Toxapex|Black Sludge|[from] move: Knock Off|[of] p1a: Mandibuzz
|move|p2a: Toxapex|Toxic|p1a: Mandibuzz
|-status|p1a: Mandibuzz|tox
|
|-heal|p1a: Mandibuzz|82/100 tox|[from] item: Leftovers
|-damage|p1a: Mandibuzz|76/100 tox|[from] psn
|-damage|p2a: Toxapex|70/100 brn|[from] brn
|upkeep
|turn|17
|
|move|p1a: Mandibuzz|Knock Off|p2a: Toxapex
|-damage|p2a: Toxapex|57/100 brn
|move|p2a: Toxapex|Scald|p1a: Mandibuzz
|-damage|p1a: Mandibuzz|62/100 tox
|
|-heal|p1a: Mandibuzz|68/100 tox|[from] item: Leftovers
|-damage|p1a: Mandibuzz|56/100 tox|[from] psn
|-damage|p2a: Toxapex|51/100 brn|[from] brn
|upkeep
|turn|18
|
|move|p1a: Mandibuzz|Roost|p1a: Mandibuzz
|-heal|p1a: Mandibuzz|100/100 tox
|-singleturn|p1a: Mandibuzz|move: Roost
|move|p2a: Toxapex|Recover|p2a: Toxapex
|-heal|p2a: Toxapex|100/100 brn
|
|-damage|p1a: Mandibuzz|82/100 tox|[from] psn
|-damage|p2a: Toxapex|94/100 brn|[from] brn
|upkeep
|turn|19
|
|move|p1a: Mandibuzz|Knock Off|p2a: Toxapex
|-damage|p2a: Toxapex|82/100 brn
|move|p2a: Toxapex|Scald|p1a: Mandibuzz
|-damage|p1a: Mandibuzz|68/100 tox
|
|-heal|p1a: Mandibuzz|74/100 tox|[from] item: Leftovers
|-damage|p1a: Mandibuzz|49/100 tox|[from] psn
|-damage|p2a: Toxapex|76/100 brn|[from] brn
|upkeep
|turn|20
|
|move|p1a: Mandibuzz|Knock Off|p2a: Toxapex
|-damage|p2a: Toxapex|64/100 brn
|move|p2a: Toxapex|Recover|p2a: Toxapex
|-heal|p2a: Toxapex|100/100 brn
|
|-heal|p1a: Mandibuzz|56/100 tox|[from] item: Leftovers
|-damage|p1a: Mandibuzz|25/100 tox|[from] psn
|-damage|p2a: Toxapex|94/100 brn|[from] brn
|upkeep
|turn|21
|
|move|p1a: Mandibuzz|Knock Off|p2a: Toxapex
|-damage|p2a: Toxapex|81/100 brn
|move|p2a: Toxapex|Scald|p1a: Mandibuzz
|-damage|p1a: Mandibuzz|11/100 tox
|
|-heal|p1a: Mandibuzz|17/100 tox|[from] item: Leftovers
|-damage|p1a: Mandibuzz|0 fnt|[from] psn
|faint|p1a: Mandibuzz
|-damage|p2a: Toxapex|75/100 brn|[from] brn
|upkeep
|
|switch|p1a: Morpeko|Morpeko, F|100/100
|-damage|p1a: Morpeko|88/100|[from] Stealth Rock
|turn|22
|
|move|p1a: Morpeko|Aura Wheel|p2a: Toxapex
|-supereffective|p2a: Toxapex
|-damage|p2a: Toxapex|4/100 brn
|-boost|p1a: Morpeko|spe|1
|move|p2a: Toxapex|Toxic|p1a: Morpeko
|-status|p1a: Morpeko|tox
|
|-damage|p1a: Morpeko|82/100 tox|[from] psn
|-damage|p2a: Toxapex|0 fnt|[from] brn
|faint|p2a: Toxapex
|-formechange|p1a: Morpeko|Morpeko-Hangry||[from] ability: Hunger Switch
|upkeep
|
|switch|p2a: Clefable|Clefable, F|69/100 tox
|turn|23
|
|switch|p1a: Mimikyu|Mimikyu, F|100/100
|-damage|p1a: Mimikyu|88/100|[from] Stealth Rock
|move|p2a: Clefable|Moonblast|p1a: Mimikyu
|-activate|p1a: Mimikyu|ability: Disguise
|-damage|p1a: Mimikyu|88/100
|-unboost|p1a: Mimikyu|spa|1
|detailschange|p1a: Mimikyu|Mimikyu-Busted, F
|-damage|p1a: Mimikyu|76/100|[from] ability: Disguise|[of] p1a: Mimikyu
|
|upkeep
|turn|24
|
|move|p1a: Mimikyu|Wood Hammer|p2a: Clefable
|-damage|p2a: Clefable|17/100 tox
|-damage|p1a: Mimikyu|50/100|[from] Recoil
|-damage|p1a: Mimikyu|40/100|[from] item: Life Orb
|move|p2a: Clefable|Flamethrower|p1a: Mimikyu
|-damage|p1a: Mimikyu|8/100
|
|upkeep
|turn|25
|
|move|p1a: Mimikyu|Wood Hammer|p2a: Clefable
|-damage|p2a: Clefable|0 fnt
|-damage|p1a: Mimikyu|0 fnt|[from] Recoil
|faint|p2a: Clefable
|faint|p1a: Mimikyu
|
|upkeep
|
|switch|p1a: Obstagoon|Obstagoon, M|100/100
|switch|p2a: Dracovish|Dracovish|75/100 brn
|-damage|p2a: Dracovish|62/100 brn|[from] Stealth Rock
|-damage|p1a: Obstagoon|88/100|[from] Stealth Rock
|turn|26
|
|move|p1a: Obstagoon|Obstruct|p1a: Obstagoon
|-singleturn|p1a: Obstagoon|Protect
|move|p2a: Dracovish|Fishious Rend|p1a: Obstagoon
|-activate|p1a: Obstagoon|move: Protect
|-unboost|p2a: Dracovish|def|2
|
|-damage|p2a: Dracovish|56/100 brn|[from] brn
|-status|p1a: Obstagoon|brn|[from] item: Flame Orb
|upkeep
|turn|27
|
|move|p2a: Dracovish|Fishious Rend|p1a: Obstagoon
|-damage|p1a: Obstagoon|33/100 brn
|move|p1a: Obstagoon|Facade|p2a: Dracovish
|-damage|p2a: Dracovish|0 fnt
|faint|p2a: Dracovish
|
|-damage|p1a: Obstagoon|26/100 brn|[from] brn
|upkeep
|
|switch|p2a: Dragapult|Dragapult, F|95/100 brn
|-damage|p2a: Dragapult|82/100 brn|[from] Stealth Rock
|turn|28
|
|move|p2a: Dragapult|U-turn|p1a: Obstagoon
|-supereffective|p1a: Obstagoon
|-damage|p1a: Obstagoon|8/100 brn
|
|switch|p2a: Ferrothorn|Ferrothorn, F|100/100|[from]move: U-turn
|-damage|p2a: Ferrothorn|94/100|[from] Stealth Rock
|move|p1a: Obstagoon|Knock Off|p2a: Ferrothorn
|-damage|p2a: Ferrothorn|59/100
|-damage|p1a: Obstagoon|0 fnt|[from] ability: Iron Barbs|[of] p2a: Ferrothorn
|faint|p1a: Obstagoon
|
|-heal|p2a: Ferrothorn|65/100|[from] item: Leftovers
|upkeep
|
|switch|p1a: Morpeko|Morpeko, F|82/100 tox
|-damage|p1a: Morpeko|69/100 tox|[from] Stealth Rock
|turn|29
|
|move|p1a: Morpeko|Stomping Tantrum|p2a: Ferrothorn
|-damage|p2a: Ferrothorn|52/100
|-damage|p1a: Morpeko|57/100 tox|[from] ability: Iron Barbs|[of] p2a: Ferrothorn
|move|p2a: Ferrothorn|Leech Seed|p1a: Morpeko
|-start|p1a: Morpeko|move: Leech Seed
|
|-heal|p2a: Ferrothorn|58/100|[from] item: Leftovers
|-damage|p1a: Morpeko|44/100 tox|[from] Leech Seed|[of] p2a: Ferrothorn
|-heal|p2a: Ferrothorn|67/100|[silent]
|-damage|p1a: Morpeko|38/100 tox|[from] psn
|-formechange|p1a: Morpeko|Morpeko-Hangry||[from] ability: Hunger Switch
|upkeep
|turn|30
|-message|MedievalJedi66 forfeited.
|
|win|Theo216
|l|☆MedievalJedi66
|raw|MedievalJedi66's rating: 1038 → 1024(-14 for losing)
|raw|Theo216's rating: 1084 → 1108(+24 for winning)
