|ScrapeTime|2020-01-01-19:47:07
|j|☆Flippersjosh
|j|☆lptito
|player|p1|Flippersjosh|lucas-gen4pt|1573
|player|p2|lptito|ethan|1615
|teamsize|p1|6
|teamsize|p2|6
|gametype|singles
|gen|8
|tier|[Gen 8] OU
|rated|
|rule|Sleep Clause Mod: Limit one foe put to sleep
|rule|Species Clause: Limit one of each Pokémon
|rule|OHKO Clause: OHKO moves are banned
|rule|Evasion Moves Clause: Evasion moves are banned
|rule|Endless Battle Clause: Forcing endless battles is banned
|rule|HP Percentage Mod: HP is shown in percentages
|clearpoke
|poke|p1|Drednaw, M|
|poke|p1|Pelipper, M|
|poke|p1|Seismitoad, M|
|poke|p1|Toxtricity, M|
|poke|p1|Conkeldurr, M|
|poke|p1|Ferrothorn, M|
|poke|p2|Clefable, F|
|poke|p2|Aegislash, F|
|poke|p2|Corviknight, M|
|poke|p2|Seismitoad, M|
|poke|p2|Toxapex, M|
|poke|p2|Snorlax, M|
|rule|Dynamax Clause: You cannot dynamax
|teampreview
|
|start
|switch|p1a: Pelipper|Pelipper, M|100/100
|switch|p2a: Toxapex|Toxapex, M|100/100
|-weather|RainDance|[from] ability: Drizzle|[of] p1a: Pelipper
|turn|1
|inactive|Battle timer is ON: inactive players will automatically lose when time's up. (requested by Flippersjosh)
|
|move|p1a: Pelipper|U-turn|p2a: Toxapex
|-resisted|p2a: Toxapex
|-damage|p2a: Toxapex|97/100
|
|switch|p1a: Ferrothorn|Ferrothorn, M, shiny|100/100|[from]move: U-turn
|move|p2a: Toxapex|Toxic|p1a: Ferrothorn
|-immune|p1a: Ferrothorn
|
|-weather|RainDance|[upkeep]
|-heal|p2a: Toxapex|100/100|[from] item: Black Sludge
|upkeep
|turn|2
|
|switch|p2a: Corviknight|Corviknight, M|100/100
|-ability|p2a: Corviknight|Pressure
|move|p1a: Ferrothorn|Spikes|p2a: Corviknight
|-sidestart|p2: lptito|Spikes
|
|-weather|RainDance|[upkeep]
|upkeep
|turn|3
|
|move|p2a: Corviknight|Iron Defense|p2a: Corviknight
|-boost|p2a: Corviknight|def|2
|move|p1a: Ferrothorn|Leech Seed|p2a: Corviknight
|-start|p2a: Corviknight|move: Leech Seed
|
|-weather|RainDance|[upkeep]
|-damage|p2a: Corviknight|88/100|[from] Leech Seed|[of] p1a: Ferrothorn
|upkeep
|turn|4
|
|switch|p1a: Toxtricity|Toxtricity, M|100/100
|move|p2a: Corviknight|Body Press|p1a: Toxtricity
|-resisted|p1a: Toxtricity
|-damage|p1a: Toxtricity|63/100
|
|-weather|RainDance|[upkeep]
|-heal|p2a: Corviknight|94/100|[from] item: Leftovers
|-damage|p2a: Corviknight|82/100|[from] Leech Seed|[of] p1a: Toxtricity
|-heal|p1a: Toxtricity|80/100|[silent]
|upkeep
|turn|5
|
|switch|p2a: Snorlax|Snorlax, M|100/100
|-damage|p2a: Snorlax|88/100|[from] Spikes
|move|p1a: Toxtricity|Boomburst|p2a: Snorlax
|-damage|p2a: Snorlax|48/100
|
|-weather|RainDance|[upkeep]
|-heal|p2a: Snorlax|54/100|[from] item: Leftovers
|upkeep
|turn|6
|
|switch|p1a: Seismitoad|Seismitoad, M|100/100
|move|p2a: Snorlax|Body Slam|p1a: Seismitoad
|-damage|p1a: Seismitoad|79/100
|
|-weather|RainDance|[upkeep]
|-heal|p1a: Seismitoad|86/100|[from] item: Leftovers
|-heal|p2a: Snorlax|60/100|[from] item: Leftovers
|upkeep
|turn|7
|
|switch|p2a: Seismitoad|Seismitoad, M|100/100
|-damage|p2a: Seismitoad|88/100|[from] Spikes
|move|p1a: Seismitoad|Stealth Rock|p2a: Seismitoad
|-sidestart|p2: lptito|move: Stealth Rock
|
|-weather|RainDance|[upkeep]
|-heal|p1a: Seismitoad|92/100|[from] item: Leftovers
|-heal|p2a: Seismitoad|94/100|[from] item: Leftovers
|upkeep
|turn|8
|
|move|p1a: Seismitoad|Toxic|p2a: Seismitoad|[miss]
|-miss|p1a: Seismitoad|p2a: Seismitoad
|move|p2a: Seismitoad|Stealth Rock|p1a: Seismitoad
|-sidestart|p1: Flippersjosh|move: Stealth Rock
|
|-weather|none
|-heal|p1a: Seismitoad|98/100|[from] item: Leftovers
|-heal|p2a: Seismitoad|99/100|[from] item: Leftovers
|upkeep
|turn|9
|
|switch|p1a: Ferrothorn|Ferrothorn, M, shiny|100/100
|-damage|p1a: Ferrothorn|94/100|[from] Stealth Rock
|switch|p2a: Corviknight|Corviknight, M|82/100
|-damage|p2a: Corviknight|69/100|[from] Stealth Rock
|-ability|p2a: Corviknight|Pressure
|
|-heal|p2a: Corviknight|75/100|[from] item: Leftovers
|-heal|p1a: Ferrothorn|100/100|[from] item: Leftovers
|upkeep
|turn|10
|
|move|p2a: Corviknight|Defog|p1a: Ferrothorn
|-unboost|p1a: Ferrothorn|evasion|1
|-sideend|p1: Flippersjosh|Stealth Rock|[from] move: Defog|[of] p2a: Corviknight
|-sideend|p2: lptito|Spikes|[from] move: Defog|[of] p2a: Corviknight
|-sideend|p2: lptito|Stealth Rock|[from] move: Defog|[of] p2a: Corviknight
|move|p1a: Ferrothorn|Leech Seed|p2a: Corviknight
|-start|p2a: Corviknight|move: Leech Seed
|
|-heal|p2a: Corviknight|82/100|[from] item: Leftovers
|-damage|p2a: Corviknight|69/100|[from] Leech Seed|[of] p1a: Ferrothorn
|upkeep
|turn|11
|
|switch|p2a: Clefable|Clefable, F|100/100
|switch|p1a: Toxtricity|Toxtricity, M|80/100
|
|upkeep
|turn|12
|
|switch|p2a: Aegislash|Aegislash, F|100/100
|move|p1a: Toxtricity|Volt Switch|p2a: Aegislash
|-damage|p2a: Aegislash|61/100
|
|switch|p1a: Seismitoad|Seismitoad, M|98/100|[from]move: Volt Switch
|
|-heal|p1a: Seismitoad|100/100|[from] item: Leftovers
|upkeep
|turn|13
|
|switch|p2a: Corviknight|Corviknight, M|69/100
|-ability|p2a: Corviknight|Pressure
|move|p1a: Seismitoad|Stealth Rock|p2a: Corviknight
|-sidestart|p2: lptito|move: Stealth Rock
|
|-heal|p2a: Corviknight|75/100|[from] item: Leftovers
|upkeep
|turn|14
|
|switch|p1a: Pelipper|Pelipper, M|100/100
|-weather|RainDance|[from] ability: Drizzle|[of] p1a: Pelipper
|move|p2a: Corviknight|Defog|p1a: Pelipper
|-unboost|p1a: Pelipper|evasion|1
|-sideend|p2: lptito|Stealth Rock|[from] move: Defog|[of] p2a: Corviknight
|
|-weather|RainDance|[upkeep]
|-heal|p2a: Corviknight|82/100|[from] item: Leftovers
|upkeep
|turn|15
|
|switch|p2a: Toxapex|Toxapex, M|100/100
|move|p1a: Pelipper|U-turn|p2a: Toxapex
|-resisted|p2a: Toxapex
|-damage|p2a: Toxapex|97/100
|
|switch|p1a: Ferrothorn|Ferrothorn, M, shiny|100/100|[from]move: U-turn
|
|-weather|RainDance|[upkeep]
|-heal|p2a: Toxapex|100/100|[from] item: Black Sludge
|upkeep
|turn|16
|
|move|p2a: Toxapex|Scald|p1a: Ferrothorn
|-resisted|p1a: Ferrothorn
|-damage|p1a: Ferrothorn|93/100
|move|p1a: Ferrothorn|Leech Seed|p2a: Toxapex
|-start|p2a: Toxapex|move: Leech Seed
|
|-weather|RainDance|[upkeep]
|-heal|p1a: Ferrothorn|99/100|[from] item: Leftovers
|-damage|p2a: Toxapex|88/100|[from] Leech Seed|[of] p1a: Ferrothorn
|-heal|p1a: Ferrothorn|100/100|[silent]
|upkeep
|turn|17
|
|switch|p2a: Corviknight|Corviknight, M|82/100
|-ability|p2a: Corviknight|Pressure
|move|p1a: Ferrothorn|Spikes|p2a: Corviknight
|-sidestart|p2: lptito|Spikes
|
|-weather|RainDance|[upkeep]
|-heal|p2a: Corviknight|88/100|[from] item: Leftovers
|upkeep
|turn|18
|
|move|p2a: Corviknight|Defog|p1a: Ferrothorn
|-unboost|p1a: Ferrothorn|evasion|1
|-sideend|p2: lptito|Spikes|[from] move: Defog|[of] p2a: Corviknight
|move|p1a: Ferrothorn|Leech Seed|p2a: Corviknight
|-start|p2a: Corviknight|move: Leech Seed
|
|-weather|RainDance|[upkeep]
|-heal|p2a: Corviknight|94/100|[from] item: Leftovers
|-damage|p2a: Corviknight|82/100|[from] Leech Seed|[of] p1a: Ferrothorn
|upkeep
|turn|19
|
|switch|p2a: Clefable|Clefable, F|100/100
|move|p1a: Ferrothorn|Spikes|p2a: Clefable
|-sidestart|p2: lptito|Spikes
|
|-weather|RainDance|[upkeep]
|upkeep
|turn|20
|
|move|p2a: Clefable|Calm Mind|p2a: Clefable
|-boost|p2a: Clefable|spa|1
|-boost|p2a: Clefable|spd|1
|move|p1a: Ferrothorn|Gyro Ball|p2a: Clefable
|-supereffective|p2a: Clefable
|-damage|p2a: Clefable|54/100
|
|-weather|RainDance|[upkeep]
|-heal|p2a: Clefable|60/100|[from] item: Leftovers
|upkeep
|turn|21
|
|move|p2a: Clefable|Calm Mind|p2a: Clefable
|-boost|p2a: Clefable|spa|1
|-boost|p2a: Clefable|spd|1
|move|p1a: Ferrothorn|Gyro Ball|p2a: Clefable
|-supereffective|p2a: Clefable
|-crit|p2a: Clefable
|-damage|p2a: Clefable|0 fnt
|faint|p2a: Clefable
|
|-weather|none
|upkeep
|
|switch|p2a: Seismitoad|Seismitoad, M|99/100
|-damage|p2a: Seismitoad|88/100|[from] Spikes
|turn|22
|l|☆lptito
|inactive|lptito disconnected and has a minute to reconnect!
|player|p2|
|j|☆lptito
|inactive|lptito reconnected and has 135 seconds left.
|player|p2|lptito|ethan
|
|move|p2a: Seismitoad|Stealth Rock|p1a: Ferrothorn
|-sidestart|p1: Flippersjosh|move: Stealth Rock
|move|p1a: Ferrothorn|Spikes|p2a: Seismitoad
|-sidestart|p2: lptito|Spikes
|
|-heal|p2a: Seismitoad|94/100|[from] item: Leftovers
|upkeep
|turn|23
|
|move|p2a: Seismitoad|Scald|p1a: Ferrothorn
|-resisted|p1a: Ferrothorn
|-damage|p1a: Ferrothorn|93/100
|move|p1a: Ferrothorn|Leech Seed|p2a: Seismitoad
|-start|p2a: Seismitoad|move: Leech Seed
|
|-heal|p2a: Seismitoad|99/100|[from] item: Leftovers
|-heal|p1a: Ferrothorn|99/100|[from] item: Leftovers
|-damage|p2a: Seismitoad|88/100|[from] Leech Seed|[of] p1a: Ferrothorn
|-heal|p1a: Ferrothorn|100/100|[silent]
|upkeep
|turn|24
|
|move|p2a: Seismitoad|Scald|p1a: Ferrothorn
|-resisted|p1a: Ferrothorn
|-damage|p1a: Ferrothorn|93/100
|move|p1a: Ferrothorn|Leech Seed|p2a: Seismitoad|[miss]
|-miss|p1a: Ferrothorn|p2a: Seismitoad
|
|-heal|p2a: Seismitoad|94/100|[from] item: Leftovers
|-heal|p1a: Ferrothorn|99/100|[from] item: Leftovers
|-damage|p2a: Seismitoad|81/100|[from] Leech Seed|[of] p1a: Ferrothorn
|-heal|p1a: Ferrothorn|100/100|[silent]
|upkeep
|turn|25
|
|move|p2a: Seismitoad|Scald|p1a: Ferrothorn
|-resisted|p1a: Ferrothorn
|-damage|p1a: Ferrothorn|93/100
|move|p1a: Ferrothorn|Spikes|p2a: Seismitoad
|-sidestart|p2: lptito|Spikes
|
|-heal|p2a: Seismitoad|87/100|[from] item: Leftovers
|-heal|p1a: Ferrothorn|99/100|[from] item: Leftovers
|-damage|p2a: Seismitoad|75/100|[from] Leech Seed|[of] p1a: Ferrothorn
|-heal|p1a: Ferrothorn|100/100|[silent]
|upkeep
|turn|26
|
|switch|p2a: Corviknight|Corviknight, M|82/100
|-ability|p2a: Corviknight|Pressure
|move|p1a: Ferrothorn|Protect||[still]
|-fail|p1a: Ferrothorn
|
|-heal|p2a: Corviknight|88/100|[from] item: Leftovers
|upkeep
|turn|27
|
|move|p2a: Corviknight|Defog|p1a: Ferrothorn
|-unboost|p1a: Ferrothorn|evasion|1
|-sideend|p1: Flippersjosh|Stealth Rock|[from] move: Defog|[of] p2a: Corviknight
|-sideend|p2: lptito|Spikes|[from] move: Defog|[of] p2a: Corviknight
|move|p1a: Ferrothorn|Leech Seed|p2a: Corviknight
|-start|p2a: Corviknight|move: Leech Seed
|
|-heal|p2a: Corviknight|94/100|[from] item: Leftovers
|-damage|p2a: Corviknight|82/100|[from] Leech Seed|[of] p1a: Ferrothorn
|upkeep
|turn|28
|
|switch|p2a: Toxapex|Toxapex, M|100/100
|move|p1a: Ferrothorn|Spikes|p2a: Toxapex
|-sidestart|p2: lptito|Spikes
|
|upkeep
|turn|29
|
|move|p2a: Toxapex|Scald|p1a: Ferrothorn
|-resisted|p1a: Ferrothorn
|-damage|p1a: Ferrothorn|95/100
|move|p1a: Ferrothorn|Leech Seed|p2a: Toxapex
|-start|p2a: Toxapex|move: Leech Seed
|
|-heal|p1a: Ferrothorn|100/100|[from] item: Leftovers
|-damage|p2a: Toxapex|88/100|[from] Leech Seed|[of] p1a: Ferrothorn
|upkeep
|turn|30
|
|switch|p1a: Toxtricity|Toxtricity, M|80/100
|move|p2a: Toxapex|Scald|p1a: Toxtricity
|-damage|p1a: Toxtricity|53/100
|
|-heal|p2a: Toxapex|94/100|[from] item: Black Sludge
|-damage|p2a: Toxapex|82/100|[from] Leech Seed|[of] p1a: Toxtricity
|-heal|p1a: Toxtricity|66/100|[silent]
|upkeep
|turn|31
|
|move|p2a: Toxapex|Baneful Bunker|p2a: Toxapex
|-singleturn|p2a: Toxapex|move: Protect
|move|p1a: Toxtricity|Overdrive|p2a: Toxapex
|-activate|p2a: Toxapex|move: Protect
|
|-heal|p2a: Toxapex|88/100|[from] item: Black Sludge
|-damage|p2a: Toxapex|75/100|[from] Leech Seed|[of] p1a: Toxtricity
|-heal|p1a: Toxtricity|79/100|[silent]
|upkeep
|turn|32
|
|switch|p1a: Seismitoad|Seismitoad, M|100/100
|switch|p2a: Seismitoad|Seismitoad, M|75/100
|-damage|p2a: Seismitoad|63/100|[from] Spikes
|
|-heal|p2a: Seismitoad|69/100|[from] item: Leftovers
|upkeep
|turn|33
|
|move|p2a: Seismitoad|Toxic|p1a: Seismitoad
|-status|p1a: Seismitoad|tox
|move|p1a: Seismitoad|Toxic|p2a: Seismitoad
|-status|p2a: Seismitoad|tox
|
|-heal|p2a: Seismitoad|75/100 tox|[from] item: Leftovers
|-damage|p1a: Seismitoad|94/100 tox|[from] psn
|-damage|p2a: Seismitoad|69/100 tox|[from] psn
|upkeep
|turn|34
|
|switch|p2a: Corviknight|Corviknight, M|82/100
|-ability|p2a: Corviknight|Pressure
|move|p1a: Seismitoad|Stealth Rock|p2a: Corviknight
|-sidestart|p2: lptito|move: Stealth Rock
|
|-heal|p1a: Seismitoad|100/100 tox|[from] item: Leftovers
|-heal|p2a: Corviknight|88/100|[from] item: Leftovers
|-damage|p1a: Seismitoad|88/100 tox|[from] psn
|upkeep
|turn|35
|
|switch|p1a: Toxtricity|Toxtricity, M|79/100
|move|p2a: Corviknight|Defog|p1a: Toxtricity
|-unboost|p1a: Toxtricity|evasion|1
|-sideend|p2: lptito|Spikes|[from] move: Defog|[of] p2a: Corviknight
|-sideend|p2: lptito|Stealth Rock|[from] move: Defog|[of] p2a: Corviknight
|
|-heal|p2a: Corviknight|94/100|[from] item: Leftovers
|upkeep
|turn|36
|
|switch|p2a: Seismitoad|Seismitoad, M|69/100 tox
|move|p1a: Toxtricity|Boomburst|p2a: Seismitoad
|-crit|p2a: Seismitoad
|-damage|p2a: Seismitoad|0 fnt
|faint|p2a: Seismitoad
|
|upkeep
|
|switch|p2a: Aegislash|Aegislash, F|61/100
|turn|37
|
|switch|p1a: Seismitoad|Seismitoad, M|88/100 tox
|-formechange|p2a: Aegislash|Aegislash-Blade||[from] ability: Stance Change
|move|p2a: Aegislash|Shadow Ball|p1a: Seismitoad
|-damage|p1a: Seismitoad|25/100 tox
|-damage|p2a: Aegislash|51/100|[from] item: Life Orb
|
|-heal|p1a: Seismitoad|31/100 tox|[from] item: Leftovers
|-damage|p1a: Seismitoad|25/100 tox|[from] psn
|upkeep
|turn|38
|
|move|p1a: Seismitoad|Earthquake|p2a: Aegislash
|-supereffective|p2a: Aegislash
|-damage|p2a: Aegislash|0 fnt
|faint|p2a: Aegislash
|
|-heal|p1a: Seismitoad|31/100 tox|[from] item: Leftovers
|-damage|p1a: Seismitoad|19/100 tox|[from] psn
|upkeep
|
|switch|p2a: Corviknight|Corviknight, M|94/100
|-ability|p2a: Corviknight|Pressure
|turn|39
|
|move|p1a: Seismitoad|Stealth Rock|p2a: Corviknight
|-sidestart|p2: lptito|move: Stealth Rock
|move|p2a: Corviknight|Iron Defense|p2a: Corviknight
|-boost|p2a: Corviknight|def|2
|
|-heal|p1a: Seismitoad|25/100 tox|[from] item: Leftovers
|-heal|p2a: Corviknight|100/100|[from] item: Leftovers
|-damage|p1a: Seismitoad|7/100 tox|[from] psn
|upkeep
|turn|40
|
|move|p1a: Seismitoad|Protect|p1a: Seismitoad
|-singleturn|p1a: Seismitoad|Protect
|move|p2a: Corviknight|Defog|p1a: Seismitoad
|-activate|p1a: Seismitoad|move: Protect
|
|-heal|p1a: Seismitoad|13/100 tox|[from] item: Leftovers
|-damage|p1a: Seismitoad|0 fnt|[from] psn
|faint|p1a: Seismitoad
|upkeep
|
|switch|p1a: Toxtricity|Toxtricity, M|79/100
|turn|41
|
|switch|p2a: Snorlax|Snorlax, M|60/100
|-damage|p2a: Snorlax|48/100|[from] Stealth Rock
|move|p1a: Toxtricity|Overdrive|p2a: Snorlax
|-damage|p2a: Snorlax|17/100
|
|-heal|p2a: Snorlax|23/100|[from] item: Leftovers
|upkeep
|turn|42
|
|move|p1a: Toxtricity|Overdrive|p2a: Snorlax
|-damage|p2a: Snorlax|0 fnt
|faint|p2a: Snorlax
|
|upkeep
|
|switch|p2a: Toxapex|Toxapex, M|100/100
|-damage|p2a: Toxapex|88/100|[from] Stealth Rock
|turn|43
|-message|lptito forfeited.
|
|win|Flippersjosh
|l|☆lptito
|raw|Flippersjosh's rating: 1573 → 1594(+21 for winning)
|raw|lptito's rating: 1593 → 1572(-21 for losing)
