|ScrapeTime|2020-01-03-00:54:36
|j|☆DragoSeven7
|j|☆Shaka1108
|player|p1|DragoSeven7|hugh|1234
|player|p2|Shaka1108|266|1173
|teamsize|p1|6
|teamsize|p2|6
|gametype|singles
|gen|8
|tier|[Gen 8] OU
|rated|
|rule|Sleep Clause Mod: Limit one foe put to sleep
|rule|Species Clause: Limit one of each Pokémon
|rule|OHKO Clause: OHKO moves are banned
|rule|Evasion Moves Clause: Evasion moves are banned
|rule|Endless Battle Clause: Forcing endless battles is banned
|rule|HP Percentage Mod: HP is shown in percentages
|clearpoke
|poke|p1|Dracovish|
|poke|p1|Sirfetch'd, M|
|poke|p1|Togekiss, F|
|poke|p1|Jolteon, F|
|poke|p1|Mandibuzz, F|
|poke|p1|Claydol|
|poke|p2|Ferrothorn, M|
|poke|p2|Corsola-Galar, F|
|poke|p2|Rotom-Heat|
|poke|p2|Seismitoad, M|
|poke|p2|Excadrill, M|
|poke|p2|Tyranitar, M|
|rule|Dynamax Clause: You cannot dynamax
|teampreview
|
|start
|switch|p1a: Sirfetch'd|Sirfetch'd, M|100/100
|switch|p2a: Ferrothorn|Ferrothorn, M|100/100
|turn|1
|
|switch|p2a: Corsola|Corsola-Galar, F|100/100
|move|p1a: Sirfetch'd|Close Combat|p2a: Corsola
|-crit|p2a: Corsola
|-damage|p2a: Corsola|33/100
|-start|p1a: Sirfetch'd|Disable|Close Combat|[from] ability: Cursed Body|[of] p2a: Corsola
|-unboost|p1a: Sirfetch'd|def|1
|-unboost|p1a: Sirfetch'd|spd|1
|
|upkeep
|turn|2
|
|switch|p2a: Rotom|Rotom-Heat|100/100
|move|p1a: Sirfetch'd|Night Slash|p2a: Rotom
|-crit|p2a: Rotom
|-damage|p2a: Rotom|47/100
|
|upkeep
|turn|3
|
|switch|p1a: Claydol|Claydol|100/100
|move|p2a: Rotom|Overheat|p1a: Claydol
|-damage|p1a: Claydol|58/100
|-unboost|p2a: Rotom|spa|2
|
|-heal|p1a: Claydol|64/100|[from] item: Leftovers
|upkeep
|turn|4
|
|switch|p2a: Ferrothorn|Ferrothorn, M|100/100
|move|p1a: Claydol|Stealth Rock|p2a: Ferrothorn
|-sidestart|p2: Shaka1108|move: Stealth Rock
|
|-heal|p1a: Claydol|70/100|[from] item: Leftovers
|upkeep
|turn|5
|
|move|p1a: Claydol|Earth Power|p2a: Ferrothorn
|-damage|p2a: Ferrothorn|82/100
|-unboost|p2a: Ferrothorn|spd|1
|move|p2a: Ferrothorn|Leech Seed|p1a: Claydol
|-start|p1a: Claydol|move: Leech Seed
|
|-heal|p1a: Claydol|76/100|[from] item: Leftovers
|-heal|p2a: Ferrothorn|88/100|[from] item: Leftovers
|-damage|p1a: Claydol|64/100|[from] Leech Seed|[of] p2a: Ferrothorn
|-heal|p2a: Ferrothorn|100/100|[silent]
|upkeep
|turn|6
|
|switch|p1a: Togekiss|Togekiss, F|100/100
|move|p2a: Ferrothorn|Stealth Rock|p1a: Togekiss
|-sidestart|p1: DragoSeven7|move: Stealth Rock
|
|upkeep
|turn|7
|
|switch|p2a: Seismitoad|Seismitoad, M|100/100
|-damage|p2a: Seismitoad|95/100|[from] Stealth Rock
|move|p1a: Togekiss|Fire Blast|p2a: Seismitoad
|-resisted|p2a: Seismitoad
|-damage|p2a: Seismitoad|62/100
|-status|p2a: Seismitoad|brn
|-damage|p1a: Togekiss|91/100|[from] item: Life Orb
|
|-damage|p2a: Seismitoad|56/100 brn|[from] brn
|upkeep
|turn|8
|
|move|p1a: Togekiss|Air Slash|p2a: Seismitoad
|-damage|p2a: Seismitoad|0 fnt
|-damage|p1a: Togekiss|81/100|[from] item: Life Orb
|faint|p2a: Seismitoad
|
|upkeep
|
|switch|p2a: Tyranitar|Tyranitar, M|100/100
|-damage|p2a: Tyranitar|88/100|[from] Stealth Rock
|-weather|Sandstorm|[from] ability: Sand Stream|[of] p2a: Tyranitar
|turn|9
|
|switch|p1a: Mandibuzz|Mandibuzz, F|100/100
|-damage|p1a: Mandibuzz|76/100|[from] Stealth Rock
|move|p2a: Tyranitar|Dragon Dance|p2a: Tyranitar
|-boost|p2a: Tyranitar|atk|1
|-boost|p2a: Tyranitar|spe|1
|
|-weather|Sandstorm|[upkeep]
|upkeep
|turn|10
|
|move|p2a: Tyranitar|Dragon Dance|p2a: Tyranitar
|-boost|p2a: Tyranitar|atk|1
|-boost|p2a: Tyranitar|spe|1
|move|p1a: Mandibuzz|Toxic|p2a: Tyranitar
|-status|p2a: Tyranitar|tox
|
|-weather|Sandstorm|[upkeep]
|-damage|p2a: Tyranitar|82/100 tox|[from] psn
|upkeep
|turn|11
|
|move|p2a: Tyranitar|Brick Break|p1a: Mandibuzz
|-damage|p1a: Mandibuzz|44/100
|-damage|p2a: Tyranitar|65/100 tox|[from] item: Rocky Helmet|[of] p1a: Mandibuzz
|move|p1a: Mandibuzz|Defog|p2a: Tyranitar
|-unboost|p2a: Tyranitar|evasion|1
|-sideend|p2: Shaka1108|Stealth Rock|[from] move: Defog|[of] p1a: Mandibuzz
|-sideend|p1: DragoSeven7|Stealth Rock|[from] move: Defog|[of] p1a: Mandibuzz
|
|-weather|Sandstorm|[upkeep]
|-damage|p2a: Tyranitar|53/100 tox|[from] psn
|upkeep
|turn|12
|
|switch|p2a: Excadrill|Excadrill, M|100/100
|move|p1a: Mandibuzz|Roost|p1a: Mandibuzz
|-heal|p1a: Mandibuzz|94/100
|-singleturn|p1a: Mandibuzz|move: Roost
|
|-weather|Sandstorm|[upkeep]
|upkeep
|turn|13
|
|move|p2a: Excadrill|Rock Slide|p1a: Mandibuzz
|-supereffective|p1a: Mandibuzz
|-damage|p1a: Mandibuzz|63/100
|move|p1a: Mandibuzz|Knock Off|p2a: Excadrill
|-damage|p2a: Excadrill|69/100
|-enditem|p2a: Excadrill|Focus Sash|[from] move: Knock Off|[of] p1a: Mandibuzz
|
|-weather|none
|upkeep
|turn|14
|
|move|p2a: Excadrill|Rock Slide|p1a: Mandibuzz
|-supereffective|p1a: Mandibuzz
|-damage|p1a: Mandibuzz|32/100
|move|p1a: Mandibuzz|Roost|p1a: Mandibuzz
|-heal|p1a: Mandibuzz|83/100
|-singleturn|p1a: Mandibuzz|move: Roost
|
|upkeep
|turn|15
|
|move|p2a: Excadrill|Rock Slide|p1a: Mandibuzz
|-supereffective|p1a: Mandibuzz
|-damage|p1a: Mandibuzz|52/100
|move|p1a: Mandibuzz|Knock Off|p2a: Excadrill
|-damage|p2a: Excadrill|48/100
|
|upkeep
|turn|16
|
|switch|p1a: Sirfetch'd|Sirfetch'd, M|100/100
|move|p2a: Excadrill|Rock Slide|p1a: Sirfetch'd
|-resisted|p1a: Sirfetch'd
|-damage|p1a: Sirfetch'd|85/100
|
|upkeep
|turn|17
|
|switch|p2a: Rotom|Rotom-Heat|47/100
|move|p1a: Sirfetch'd|Close Combat|p2a: Rotom
|-damage|p2a: Rotom|0 fnt
|-unboost|p1a: Sirfetch'd|def|1
|-unboost|p1a: Sirfetch'd|spd|1
|faint|p2a: Rotom
|
|upkeep
|
|switch|p2a: Tyranitar|Tyranitar, M|53/100 tox
|-weather|Sandstorm|[from] ability: Sand Stream|[of] p2a: Tyranitar
|turn|18
|
|switch|p2a: Corsola|Corsola-Galar, F|33/100
|move|p1a: Sirfetch'd|Close Combat|p2a: Corsola
|-damage|p2a: Corsola|0 fnt
|-unboost|p1a: Sirfetch'd|def|1
|-unboost|p1a: Sirfetch'd|spd|1
|faint|p2a: Corsola
|
|-weather|Sandstorm|[upkeep]
|-damage|p1a: Sirfetch'd|79/100|[from] Sandstorm
|upkeep
|
|switch|p2a: Excadrill|Excadrill, M|48/100
|turn|19
|
|switch|p1a: Mandibuzz|Mandibuzz, F|52/100
|move|p2a: Excadrill|Iron Head|p1a: Mandibuzz
|-damage|p1a: Mandibuzz|28/100
|-damage|p2a: Excadrill|31/100|[from] item: Rocky Helmet|[of] p1a: Mandibuzz
|
|-weather|Sandstorm|[upkeep]
|upkeep
|turn|20
|
|move|p2a: Excadrill|Rock Slide|p1a: Mandibuzz
|-supereffective|p1a: Mandibuzz
|-damage|p1a: Mandibuzz|0 fnt
|faint|p1a: Mandibuzz
|
|-weather|Sandstorm|[upkeep]
|upkeep
|
|switch|p1a: Sirfetch'd|Sirfetch'd, M|79/100
|turn|21
|
|move|p2a: Excadrill|Earthquake|p1a: Sirfetch'd
|-damage|p1a: Sirfetch'd|23/100
|move|p1a: Sirfetch'd|Leaf Blade|p2a: Excadrill
|-crit|p2a: Excadrill
|-damage|p2a: Excadrill|0 fnt
|faint|p2a: Excadrill
|
|-weather|Sandstorm|[upkeep]
|-damage|p1a: Sirfetch'd|17/100|[from] Sandstorm
|upkeep
|
|switch|p2a: Tyranitar|Tyranitar, M|53/100 tox
|turn|22
|
|move|p1a: Sirfetch'd|Close Combat|p2a: Tyranitar
|-supereffective|p2a: Tyranitar
|-crit|p2a: Tyranitar
|-damage|p2a: Tyranitar|0 fnt
|-unboost|p1a: Sirfetch'd|def|1
|-unboost|p1a: Sirfetch'd|spd|1
|faint|p2a: Tyranitar
|
|-weather|none
|upkeep
|-message|Shaka1108 forfeited.
|
|win|DragoSeven7
|l|☆Shaka1108
|raw|DragoSeven7's rating: 1235 → 1255(+20 for winning)
|raw|Shaka1108's rating: 1173 → 1152(-21 for losing)
