|ScrapeTime|2020-01-02-00:18:46
|j|☆6lackonblack
|j|☆wesleyt245
|player|p1|6lackonblack|266|1182
|player|p2|wesleyt245|dawn|1192
|teamsize|p1|6
|teamsize|p2|6
|gametype|singles
|gen|8
|tier|[Gen 8] OU
|rated|
|rule|Sleep Clause Mod: Limit one foe put to sleep
|rule|Species Clause: Limit one of each Pokémon
|rule|OHKO Clause: OHKO moves are banned
|rule|Evasion Moves Clause: Evasion moves are banned
|rule|Endless Battle Clause: Forcing endless battles is banned
|rule|HP Percentage Mod: HP is shown in percentages
|clearpoke
|poke|p1|Ribombee, F|
|poke|p1|Dracovish|
|poke|p1|Eldegoss, M|
|poke|p1|Corsola-Galar, F|
|poke|p1|Rhyperior, M|
|poke|p1|Rotom-Heat|
|poke|p2|Clefable, F|
|poke|p2|Dragapult, F|
|poke|p2|Mandibuzz, F|
|poke|p2|Araquanid, F|
|poke|p2|Weavile, M|
|poke|p2|Roserade, M|
|rule|Dynamax Clause: You cannot dynamax
|teampreview
|inactive|Battle timer is ON: inactive players will automatically lose when time's up. (requested by 6lackonblack)
|
|start
|switch|p1a: Rotom|Rotom-Heat|100/100
|switch|p2a: Weavile|Weavile, M|100/100
|-ability|p2a: Weavile|Pressure
|turn|1
|
|move|p1a: Rotom|Overheat|p2a: Weavile
|-supereffective|p2a: Weavile
|-enditem|p2a: Weavile|Focus Sash
|-damage|p2a: Weavile|1/100
|-unboost|p1a: Rotom|spa|2
|move|p2a: Weavile|Night Slash|p1a: Rotom
|-damage|p1a: Rotom|57/100
|
|upkeep
|turn|2
|
|switch|p2a: Araquanid|Araquanid, F|100/100
|move|p1a: Rotom|Overheat|p2a: Araquanid
|-damage|p2a: Araquanid|92/100
|-unboost|p1a: Rotom|spa|2
|
|upkeep
|turn|3
|
|switch|p1a: Corsola|Corsola-Galar, F|100/100
|move|p2a: Araquanid|Liquidation|p1a: Corsola
|-damage|p1a: Corsola|68/100
|
|upkeep
|turn|4
|
|move|p2a: Araquanid|Crunch|p1a: Corsola
|-supereffective|p1a: Corsola
|-damage|p1a: Corsola|46/100
|-unboost|p1a: Corsola|def|1
|move|p1a: Corsola|Will-O-Wisp|p2a: Araquanid
|-immune|p2a: Araquanid|[from] ability: Water Bubble
|
|upkeep
|turn|5
|
|move|p2a: Araquanid|Liquidation|p1a: Corsola
|-damage|p1a: Corsola|0 fnt
|faint|p1a: Corsola
|
|upkeep
|
|switch|p1a: Rhyperior|Rhyperior, M|100/100
|turn|6
|
|move|p2a: Araquanid|Liquidation|p1a: Rhyperior
|-supereffective|p1a: Rhyperior
|-damage|p1a: Rhyperior|0 fnt
|faint|p1a: Rhyperior
|
|upkeep
|c|☆wesleyt245|wut
|
|switch|p1a: Rotom|Rotom-Heat|57/100
|turn|7
|
|move|p1a: Rotom|Volt Switch|p2a: Araquanid
|-supereffective|p2a: Araquanid
|-damage|p2a: Araquanid|54/100
|
|switch|p1a: Dracovish|Dracovish, shiny|100/100|[from]move: Volt Switch
|move|p2a: Araquanid|Liquidation|p1a: Dracovish
|-resisted|p1a: Dracovish
|-damage|p1a: Dracovish|85/100
|-unboost|p1a: Dracovish|def|1
|
|upkeep
|turn|8
|
|move|p1a: Dracovish|Fishious Rend|p2a: Araquanid
|-resisted|p2a: Araquanid
|-damage|p2a: Araquanid|0 fnt
|faint|p2a: Araquanid
|
|upkeep
|inactive|wesleyt245 has 120 seconds left.
|
|switch|p2a: Weavile|Weavile, M|1/100
|-ability|p2a: Weavile|Pressure
|turn|9
|
|switch|p1a: Rotom|Rotom-Heat|57/100
|move|p2a: Weavile|Icicle Crash|p1a: Rotom
|-resisted|p1a: Rotom
|-damage|p1a: Rotom|27/100
|
|upkeep
|turn|10
|inactive|wesleyt245 has 120 seconds left.
|
|switch|p2a: Mandibuzz|Mandibuzz, F|100/100
|move|p1a: Rotom|Volt Switch|p2a: Mandibuzz
|-supereffective|p2a: Mandibuzz
|-damage|p2a: Mandibuzz|55/100
|
|switch|p1a: Ribombee|Ribombee, F|100/100|[from]move: Volt Switch
|
|upkeep
|turn|11
|
|move|p1a: Ribombee|Sticky Web|p2a: Mandibuzz
|-sidestart|p2: wesleyt245|move: Sticky Web
|move|p2a: Mandibuzz|Roost|p2a: Mandibuzz
|-heal|p2a: Mandibuzz|100/100
|-singleturn|p2a: Mandibuzz|move: Roost
|
|upkeep
|turn|12
|
|move|p1a: Ribombee|Moonblast|p2a: Mandibuzz
|-supereffective|p2a: Mandibuzz
|-damage|p2a: Mandibuzz|44/100
|move|p2a: Mandibuzz|Knock Off|p1a: Ribombee
|-resisted|p1a: Ribombee
|-damage|p1a: Ribombee|76/100
|-enditem|p1a: Ribombee|Focus Sash|[from] move: Knock Off|[of] p2a: Mandibuzz
|
|upkeep
|turn|13
|
|move|p1a: Ribombee|Moonblast|p2a: Mandibuzz
|-supereffective|p2a: Mandibuzz
|-damage|p2a: Mandibuzz|0 fnt
|faint|p2a: Mandibuzz
|
|upkeep
|
|switch|p2a: Clefable|Clefable, F|100/100
|-activate|p2a: Clefable|move: Sticky Web
|-unboost|p2a: Clefable|spe|1
|turn|14
|
|move|p1a: Ribombee|Quiver Dance|p1a: Ribombee
|-boost|p1a: Ribombee|spa|1
|-boost|p1a: Ribombee|spd|1
|-boost|p1a: Ribombee|spe|1
|move|p2a: Clefable|Flamethrower|p1a: Ribombee
|-supereffective|p1a: Ribombee
|-damage|p1a: Ribombee|0 fnt
|faint|p1a: Ribombee
|
|upkeep
|
|switch|p1a: Rotom|Rotom-Heat|27/100
|turn|15
|
|move|p1a: Rotom|Volt Switch|p2a: Clefable
|-damage|p2a: Clefable|70/100
|
|switch|p1a: Eldegoss|Eldegoss, M, shiny|100/100|[from]move: Volt Switch
|move|p2a: Clefable|Moonblast|p1a: Eldegoss
|-damage|p1a: Eldegoss|62/100
|-unboost|p1a: Eldegoss|spa|1
|
|-heal|p1a: Eldegoss|68/100|[from] item: Leftovers
|upkeep
|turn|16
|
|move|p1a: Eldegoss|Protect|p1a: Eldegoss
|-singleturn|p1a: Eldegoss|Protect
|move|p2a: Clefable|Flamethrower|p1a: Eldegoss
|-activate|p1a: Eldegoss|move: Protect
|
|-heal|p1a: Eldegoss|74/100|[from] item: Leftovers
|upkeep
|turn|17
|
|switch|p1a: Rotom|Rotom-Heat|27/100
|move|p2a: Clefable|Flamethrower|p1a: Rotom
|-resisted|p1a: Rotom
|-damage|p1a: Rotom|4/100
|
|upkeep
|turn|18
|
|move|p1a: Rotom|Volt Switch|p2a: Clefable
|-damage|p2a: Clefable|38/100
|
|switch|p1a: Eldegoss|Eldegoss, M, shiny|100/100|[from]move: Volt Switch
|move|p2a: Clefable|Thunderbolt|p1a: Eldegoss
|-resisted|p1a: Eldegoss
|-damage|p1a: Eldegoss|88/100
|
|-heal|p1a: Eldegoss|95/100|[from] item: Leftovers
|upkeep
|turn|19
|
|switch|p1a: Dracovish|Dracovish, shiny|85/100
|move|p2a: Clefable|Moonlight|p2a: Clefable
|-heal|p2a: Clefable|88/100
|
|upkeep
|turn|20
|
|move|p1a: Dracovish|Fishious Rend|p2a: Clefable
|-damage|p2a: Clefable|0 fnt
|faint|p2a: Clefable
|
|upkeep
|
|switch|p2a: Roserade|Roserade, M|100/100
|-activate|p2a: Roserade|move: Sticky Web
|-unboost|p2a: Roserade|spe|1
|turn|21
|
|move|p1a: Dracovish|Fishious Rend|p2a: Roserade
|-resisted|p2a: Roserade
|-damage|p2a: Roserade|0 fnt
|faint|p2a: Roserade
|
|upkeep
|
|switch|p2a: Dragapult|Dragapult, F|100/100
|-activate|p2a: Dragapult|move: Sticky Web
|-fail|p2a: Dragapult|unboost|[from] ability: Clear Body|[of] p2a: Dragapult
|turn|22
|
|switch|p1a: Eldegoss|Eldegoss, M, shiny|100/100
|move|p2a: Dragapult|Draco Meteor|p1a: Eldegoss
|-damage|p1a: Eldegoss|64/100
|-unboost|p2a: Dragapult|spa|2
|
|-heal|p1a: Eldegoss|70/100|[from] item: Leftovers
|upkeep
|turn|23
|
|move|p2a: Dragapult|Endure|p2a: Dragapult
|-singleturn|p2a: Dragapult|move: Endure
|move|p1a: Eldegoss|Leech Seed|p2a: Dragapult
|-start|p2a: Dragapult|move: Leech Seed
|
|-heal|p1a: Eldegoss|76/100|[from] item: Leftovers
|-damage|p2a: Dragapult|88/100|[from] Leech Seed|[of] p1a: Eldegoss
|-heal|p1a: Eldegoss|88/100|[silent]
|upkeep
|turn|24
|
|move|p2a: Dragapult|Flamethrower|p1a: Eldegoss
|-supereffective|p1a: Eldegoss
|-damage|p1a: Eldegoss|71/100
|move|p1a: Eldegoss|Leech Seed||[still]
|-fail|p1a: Eldegoss
|
|-heal|p1a: Eldegoss|77/100|[from] item: Leftovers
|-damage|p2a: Dragapult|76/100|[from] Leech Seed|[of] p1a: Eldegoss
|-heal|p1a: Eldegoss|89/100|[silent]
|upkeep
|turn|25
|
|move|p2a: Dragapult|Endure|p2a: Dragapult
|-singleturn|p2a: Dragapult|move: Endure
|move|p1a: Eldegoss|Leech Seed|p2a: Dragapult|[miss]
|-miss|p1a: Eldegoss|p2a: Dragapult
|
|-heal|p1a: Eldegoss|96/100|[from] item: Leftovers
|-damage|p2a: Dragapult|64/100|[from] Leech Seed|[of] p1a: Eldegoss
|-heal|p1a: Eldegoss|100/100|[silent]
|upkeep
|turn|26
|
|move|p2a: Dragapult|Flamethrower|p1a: Eldegoss
|-supereffective|p1a: Eldegoss
|-damage|p1a: Eldegoss|83/100
|move|p1a: Eldegoss|Leech Seed||[still]
|-fail|p1a: Eldegoss
|
|-heal|p1a: Eldegoss|89/100|[from] item: Leftovers
|-damage|p2a: Dragapult|51/100|[from] Leech Seed|[of] p1a: Eldegoss
|-heal|p1a: Eldegoss|100/100|[silent]
|upkeep
|turn|27
|
|switch|p1a: Rotom|Rotom-Heat|4/100
|move|p2a: Dragapult|Shadow Ball|p1a: Rotom
|-damage|p1a: Rotom|0 fnt
|faint|p1a: Rotom
|
|upkeep
|
|switch|p1a: Eldegoss|Eldegoss, M, shiny|100/100
|turn|28
|
|move|p2a: Dragapult|Flamethrower|p1a: Eldegoss
|-supereffective|p1a: Eldegoss
|-damage|p1a: Eldegoss|81/100
|move|p1a: Eldegoss|Leech Seed||[still]
|-fail|p1a: Eldegoss
|
|-heal|p1a: Eldegoss|88/100|[from] item: Leftovers
|-damage|p2a: Dragapult|39/100|[from] Leech Seed|[of] p1a: Eldegoss
|-heal|p1a: Eldegoss|99/100|[silent]
|upkeep
|turn|29
|
|move|p2a: Dragapult|Shadow Ball|p1a: Eldegoss
|-damage|p1a: Eldegoss|88/100
|move|p1a: Eldegoss|Leech Seed||[still]
|-fail|p1a: Eldegoss
|
|-heal|p1a: Eldegoss|95/100|[from] item: Leftovers
|-damage|p2a: Dragapult|27/100|[from] Leech Seed|[of] p1a: Eldegoss
|-heal|p1a: Eldegoss|100/100|[silent]
|upkeep
|turn|30
|
|move|p2a: Dragapult|Flamethrower|p1a: Eldegoss
|-supereffective|p1a: Eldegoss
|-damage|p1a: Eldegoss|82/100
|move|p1a: Eldegoss|Rapid Spin|p2a: Dragapult
|-immune|p2a: Dragapult
|
|-heal|p1a: Eldegoss|88/100|[from] item: Leftovers
|-damage|p2a: Dragapult|14/100|[from] Leech Seed|[of] p1a: Eldegoss
|-heal|p1a: Eldegoss|99/100|[silent]
|upkeep
|turn|31
|-message|wesleyt245 forfeited.
|
|win|6lackonblack
|l|☆wesleyt245
|raw|6lackonblack's rating: 1182 → 1207(+25 for winning)
|raw|wesleyt245's rating: 1193 → 1167(-26 for losing)
