|ScrapeTime|2020-01-01-13:35:28
|j|☆DyezL
|j|☆AFCarmona
|player|p1|DyezL|2|1517
|player|p2|AFCarmona|266|1545
|teamsize|p1|6
|teamsize|p2|6
|gametype|singles
|gen|8
|tier|[Gen 8] OU
|rated|
|rule|Sleep Clause Mod: Limit one foe put to sleep
|rule|Species Clause: Limit one of each Pokémon
|rule|OHKO Clause: OHKO moves are banned
|rule|Evasion Moves Clause: Evasion moves are banned
|rule|Endless Battle Clause: Forcing endless battles is banned
|rule|HP Percentage Mod: HP is shown in percentages
|clearpoke
|poke|p1|Tyranitar, F|
|poke|p1|Gastrodon, F|
|poke|p1|Toxapex, F|
|poke|p1|Corviknight, M|
|poke|p1|Ditto|
|poke|p1|Hatterene, F|
|poke|p2|Obstagoon, F|
|poke|p2|Clefable, F|
|poke|p2|Lucario, M|
|poke|p2|Seismitoad, M|
|poke|p2|Dragapult, F|
|poke|p2|Cinderace, F|
|rule|Dynamax Clause: You cannot dynamax
|teampreview
|
|start
|switch|p1a: Hatterene|Hatterene, F|100/100
|switch|p2a: Dragapult|Dragapult, F|100/100
|turn|1
|
|switch|p1a: Tyranitar|Tyranitar, F|100/100
|-weather|Sandstorm|[from] ability: Sand Stream|[of] p1a: Tyranitar
|move|p2a: Dragapult|Double-Edge|p1a: Tyranitar
|-resisted|p1a: Tyranitar
|-damage|p1a: Tyranitar|75/100
|-damage|p2a: Dragapult|90/100|[from] Recoil
|
|-weather|Sandstorm|[upkeep]
|-damage|p2a: Dragapult|84/100|[from] Sandstorm
|upkeep
|turn|2
|
|switch|p2a: Cinderace|Cinderace, F|100/100
|move|p1a: Tyranitar|Earthquake|p2a: Cinderace
|-supereffective|p2a: Cinderace
|-damage|p2a: Cinderace|9/100
|
|-weather|Sandstorm|[upkeep]
|-damage|p2a: Cinderace|3/100|[from] Sandstorm
|upkeep
|turn|3
|
|switch|p1a: Corviknight|Corviknight, M|100/100
|-ability|p1a: Corviknight|Pressure
|move|p2a: Cinderace|U-turn|p1a: Corviknight
|-resisted|p1a: Corviknight
|-damage|p1a: Corviknight|96/100
|-damage|p2a: Cinderace|0 fnt|[from] item: Rocky Helmet|[of] p1a: Corviknight
|faint|p2a: Cinderace
|
|-weather|Sandstorm|[upkeep]
|upkeep
|
|switch|p2a: Clefable|Clefable, F|100/100
|turn|4
|
|switch|p1a: Hatterene|Hatterene, F|100/100
|move|p2a: Clefable|Moonblast|p1a: Hatterene
|-damage|p1a: Hatterene|42/100
|
|-weather|Sandstorm|[upkeep]
|-damage|p1a: Hatterene|36/100|[from] Sandstorm
|upkeep
|turn|5
|
|switch|p1a: Toxapex|Toxapex, F|100/100
|move|p2a: Clefable|Moonblast|p1a: Toxapex
|-resisted|p1a: Toxapex
|-damage|p1a: Toxapex|75/100
|
|-weather|none
|-heal|p1a: Toxapex|81/100|[from] item: Black Sludge
|upkeep
|turn|6
|
|move|p1a: Toxapex|Baneful Bunker|p1a: Toxapex
|-singleturn|p1a: Toxapex|move: Protect
|move|p2a: Clefable|Thunderbolt|p1a: Toxapex
|-activate|p1a: Toxapex|move: Protect
|
|-heal|p1a: Toxapex|87/100|[from] item: Black Sludge
|upkeep
|turn|7
|
|switch|p1a: Gastrodon|Gastrodon, F|100/100
|move|p2a: Clefable|Moonblast|p1a: Gastrodon
|-damage|p1a: Gastrodon|56/100
|-unboost|p1a: Gastrodon|spa|1
|
|-heal|p1a: Gastrodon|62/100|[from] item: Leftovers
|upkeep
|turn|8
|
|move|p2a: Clefable|Moonblast|p1a: Gastrodon
|-damage|p1a: Gastrodon|11/100
|move|p1a: Gastrodon|Recover|p1a: Gastrodon
|-heal|p1a: Gastrodon|61/100
|
|-heal|p1a: Gastrodon|67/100|[from] item: Leftovers
|upkeep
|turn|9
|
|move|p2a: Clefable|Moonblast|p1a: Gastrodon
|-damage|p1a: Gastrodon|20/100
|move|p1a: Gastrodon|Recover|p1a: Gastrodon
|-heal|p1a: Gastrodon|70/100
|
|-heal|p1a: Gastrodon|76/100|[from] item: Leftovers
|upkeep
|turn|10
|
|move|p1a: Gastrodon|Protect|p1a: Gastrodon
|-singleturn|p1a: Gastrodon|Protect
|move|p2a: Clefable|Moonblast|p1a: Gastrodon
|-activate|p1a: Gastrodon|move: Protect
|
|-heal|p1a: Gastrodon|82/100|[from] item: Leftovers
|upkeep
|turn|11
|
|move|p2a: Clefable|Moonblast|p1a: Gastrodon
|-damage|p1a: Gastrodon|33/100
|-unboost|p1a: Gastrodon|spa|1
|move|p1a: Gastrodon|Recover|p1a: Gastrodon
|-heal|p1a: Gastrodon|83/100
|
|-heal|p1a: Gastrodon|89/100|[from] item: Leftovers
|upkeep
|turn|12
|
|move|p2a: Clefable|Moonblast|p1a: Gastrodon
|-damage|p1a: Gastrodon|41/100
|-unboost|p1a: Gastrodon|spa|1
|move|p1a: Gastrodon|Recover|p1a: Gastrodon
|-heal|p1a: Gastrodon|91/100
|
|-heal|p1a: Gastrodon|97/100|[from] item: Leftovers
|upkeep
|turn|13
|
|move|p1a: Gastrodon|Protect|p1a: Gastrodon
|-singleturn|p1a: Gastrodon|Protect
|move|p2a: Clefable|Moonblast|p1a: Gastrodon
|-activate|p1a: Gastrodon|move: Protect
|
|-heal|p1a: Gastrodon|100/100|[from] item: Leftovers
|upkeep
|turn|14
|
|switch|p1a: Corviknight|Corviknight, M|96/100
|-ability|p1a: Corviknight|Pressure
|move|p2a: Clefable|Moonlight||[still]
|-fail|p2a: Clefable
|
|upkeep
|turn|15
|
|switch|p1a: Gastrodon|Gastrodon, F|100/100
|move|p2a: Clefable|Thunderbolt|p1a: Gastrodon
|-immune|p1a: Gastrodon
|
|upkeep
|turn|16
|
|switch|p2a: Obstagoon|Obstagoon, F|100/100
|move|p1a: Gastrodon|Protect||[still]
|-fail|p1a: Gastrodon
|
|-status|p2a: Obstagoon|brn|[from] item: Flame Orb
|upkeep
|turn|17
|
|move|p2a: Obstagoon|Facade|p1a: Gastrodon
|-damage|p1a: Gastrodon|28/100
|move|p1a: Gastrodon|Counter|p2a: Obstagoon
|-damage|p2a: Obstagoon|0 fnt
|faint|p2a: Obstagoon
|
|-heal|p1a: Gastrodon|35/100|[from] item: Leftovers
|upkeep
|
|switch|p2a: Dragapult|Dragapult, F|84/100
|turn|18
|
|move|p1a: Gastrodon|Protect|p1a: Gastrodon
|-singleturn|p1a: Gastrodon|Protect
|move|p2a: Dragapult|U-turn|p1a: Gastrodon
|-activate|p1a: Gastrodon|move: Protect
|
|-heal|p1a: Gastrodon|41/100|[from] item: Leftovers
|upkeep
|turn|19
|
|switch|p1a: Toxapex|Toxapex, F|100/100
|move|p2a: Dragapult|U-turn|p1a: Toxapex
|-resisted|p1a: Toxapex
|-damage|p1a: Toxapex|89/100
|
|switch|p2a: Seismitoad|Seismitoad, M|100/100|[from]move: U-turn
|
|-heal|p1a: Toxapex|96/100|[from] item: Black Sludge
|upkeep
|turn|20
|
|move|p2a: Seismitoad|Earthquake|p1a: Toxapex
|-supereffective|p1a: Toxapex
|-damage|p1a: Toxapex|58/100
|move|p1a: Toxapex|Toxic|p2a: Seismitoad
|-status|p2a: Seismitoad|tox
|
|-heal|p1a: Toxapex|64/100|[from] item: Black Sludge
|-damage|p2a: Seismitoad|94/100 tox|[from] psn
|upkeep
|turn|21
|
|move|p1a: Toxapex|Baneful Bunker|p1a: Toxapex
|-singleturn|p1a: Toxapex|move: Protect
|move|p2a: Seismitoad|Stealth Rock|p1a: Toxapex
|-sidestart|p1: DyezL|move: Stealth Rock
|
|-heal|p2a: Seismitoad|100/100 tox|[from] item: Leftovers
|-heal|p1a: Toxapex|71/100|[from] item: Black Sludge
|-damage|p2a: Seismitoad|88/100 tox|[from] psn
|upkeep
|turn|22
|
|switch|p2a: Clefable|Clefable, F|100/100
|switch|p1a: Corviknight|Corviknight, M|96/100
|-damage|p1a: Corviknight|83/100|[from] Stealth Rock
|-ability|p1a: Corviknight|Pressure
|
|upkeep
|turn|23
|
|switch|p1a: Toxapex|Toxapex, F|100/100
|-damage|p1a: Toxapex|88/100|[from] Stealth Rock
|move|p2a: Clefable|Flamethrower|p1a: Toxapex
|-resisted|p1a: Toxapex
|-damage|p1a: Toxapex|72/100
|
|-heal|p1a: Toxapex|78/100|[from] item: Black Sludge
|upkeep
|turn|24
|
|move|p1a: Toxapex|Baneful Bunker|p1a: Toxapex
|-singleturn|p1a: Toxapex|move: Protect
|move|p2a: Clefable|Thunderbolt|p1a: Toxapex
|-activate|p1a: Toxapex|move: Protect
|
|-heal|p1a: Toxapex|85/100|[from] item: Black Sludge
|upkeep
|turn|25
|inactive|Battle timer is ON: inactive players will automatically lose when time's up. (requested by AFCarmona)
|
|switch|p1a: Corviknight|Corviknight, M|83/100
|-damage|p1a: Corviknight|71/100|[from] Stealth Rock
|-ability|p1a: Corviknight|Pressure
|move|p2a: Clefable|Moonblast|p1a: Corviknight
|-resisted|p1a: Corviknight
|-damage|p1a: Corviknight|46/100
|
|upkeep
|turn|26
|
|switch|p1a: Tyranitar|Tyranitar, F|75/100
|-damage|p1a: Tyranitar|63/100|[from] Stealth Rock
|-weather|Sandstorm|[from] ability: Sand Stream|[of] p1a: Tyranitar
|move|p2a: Clefable|Flamethrower|p1a: Tyranitar
|-resisted|p1a: Tyranitar
|-damage|p1a: Tyranitar|58/100
|
|-weather|Sandstorm|[upkeep]
|upkeep
|turn|27
|
|move|p1a: Tyranitar|Body Slam|p2a: Clefable
|-damage|p2a: Clefable|75/100
|move|p2a: Clefable|Moonblast|p1a: Tyranitar
|-supereffective|p1a: Tyranitar
|-damage|p1a: Tyranitar|25/100
|-unboost|p1a: Tyranitar|spa|1
|
|-weather|Sandstorm|[upkeep]
|upkeep
|turn|28
|
|move|p1a: Tyranitar|Body Slam|p2a: Clefable
|-damage|p2a: Clefable|47/100
|move|p2a: Clefable|Moonblast|p1a: Tyranitar
|-supereffective|p1a: Tyranitar
|-damage|p1a: Tyranitar|0 fnt
|faint|p1a: Tyranitar
|
|-weather|Sandstorm|[upkeep]
|upkeep
|
|switch|p1a: Ditto|Ditto|100/100
|-damage|p1a: Ditto|88/100|[from] Stealth Rock
|-transform|p1a: Ditto|p2a: Clefable|[from] ability: Imposter
|turn|29
|
|move|p1a: Ditto|Moonblast|p2a: Clefable
|-damage|p2a: Clefable|3/100
|-unboost|p2a: Clefable|spa|1
|move|p2a: Clefable|Moonlight|p2a: Clefable
|-heal|p2a: Clefable|27/100
|
|-weather|Sandstorm|[upkeep]
|upkeep
|turn|30
|
|switch|p2a: Seismitoad|Seismitoad, M|88/100 tox
|move|p1a: Ditto|Moonblast|p2a: Seismitoad
|-damage|p2a: Seismitoad|43/100 tox
|-unboost|p2a: Seismitoad|spa|1
|
|-weather|none
|-heal|p2a: Seismitoad|50/100 tox|[from] item: Leftovers
|-damage|p2a: Seismitoad|43/100 tox|[from] psn
|upkeep
|turn|31
|
|move|p1a: Ditto|Moonblast|p2a: Seismitoad
|-damage|p2a: Seismitoad|0 fnt
|faint|p2a: Seismitoad
|
|upkeep
|
|switch|p2a: Lucario|Lucario, M|100/100
|turn|32
|
|switch|p1a: Toxapex|Toxapex, F|100/100
|-damage|p1a: Toxapex|88/100|[from] Stealth Rock
|move|p2a: Lucario|Flash Cannon|p1a: Toxapex
|-resisted|p1a: Toxapex
|-damage|p1a: Toxapex|69/100
|-damage|p2a: Lucario|91/100|[from] item: Life Orb
|
|-heal|p1a: Toxapex|75/100|[from] item: Black Sludge
|upkeep
|turn|33
|
|move|p2a: Lucario|Nasty Plot|p2a: Lucario
|-boost|p2a: Lucario|spa|2
|move|p1a: Toxapex|Scald|p2a: Lucario
|-damage|p2a: Lucario|66/100
|
|-heal|p1a: Toxapex|81/100|[from] item: Black Sludge
|upkeep
|turn|34
|
|move|p1a: Toxapex|Baneful Bunker|p1a: Toxapex
|-singleturn|p1a: Toxapex|move: Protect
|move|p2a: Lucario|Psychic|p1a: Toxapex
|-activate|p1a: Toxapex|move: Protect
|
|-heal|p1a: Toxapex|88/100|[from] item: Black Sludge
|upkeep
|turn|35
|
|switch|p1a: Hatterene|Hatterene, F|36/100
|-damage|p1a: Hatterene|23/100|[from] Stealth Rock
|move|p2a: Lucario|Psychic|p1a: Hatterene
|-resisted|p1a: Hatterene
|-damage|p1a: Hatterene|0 fnt
|-damage|p2a: Lucario|56/100|[from] item: Life Orb
|faint|p1a: Hatterene
|
|upkeep
|
|switch|p1a: Ditto|Ditto|88/100
|-damage|p1a: Ditto|76/100|[from] Stealth Rock
|-transform|p1a: Ditto|p2a: Lucario|[from] ability: Imposter
|turn|36
|
|switch|p2a: Dragapult|Dragapult, F|84/100
|move|p1a: Ditto|Vacuum Wave|p2a: Dragapult
|-immune|p2a: Dragapult
|
|upkeep
|turn|37
|
|switch|p1a: Corviknight|Corviknight, M|46/100
|-damage|p1a: Corviknight|33/100|[from] Stealth Rock
|-ability|p1a: Corviknight|Pressure
|move|p2a: Dragapult|U-turn|p1a: Corviknight
|-resisted|p1a: Corviknight
|-damage|p1a: Corviknight|29/100
|-damage|p2a: Dragapult|68/100|[from] item: Rocky Helmet|[of] p1a: Corviknight
|
|switch|p2a: Lucario|Lucario, M|56/100|[from]move: U-turn
|
|upkeep
|turn|38
|
|move|p2a: Lucario|Vacuum Wave|p1a: Corviknight
|-damage|p1a: Corviknight|3/100
|-damage|p2a: Lucario|46/100|[from] item: Life Orb
|move|p1a: Corviknight|Body Press|p2a: Lucario
|-supereffective|p2a: Lucario
|-damage|p2a: Lucario|0 fnt
|faint|p2a: Lucario
|
|upkeep
|
|switch|p2a: Dragapult|Dragapult, F|68/100
|turn|39
|
|move|p2a: Dragapult|Dragon Darts|p1a: Corviknight
|-resisted|p1a: Corviknight
|-damage|p1a: Corviknight|0 fnt
|-hitcount|p1a: Corviknight|1
|faint|p1a: Corviknight
|
|upkeep
|
|switch|p1a: Toxapex|Toxapex, F|100/100
|-damage|p1a: Toxapex|88/100|[from] Stealth Rock
|turn|40
|
|switch|p2a: Clefable|Clefable, F|27/100
|switch|p1a: Ditto|Ditto|76/100
|-damage|p1a: Ditto|63/100|[from] Stealth Rock
|-transform|p1a: Ditto|p2a: Clefable|[from] ability: Imposter
|
|upkeep
|turn|41
|
|move|p1a: Ditto|Moonblast|p2a: Clefable
|-damage|p2a: Clefable|0 fnt
|faint|p2a: Clefable
|
|upkeep
|
|switch|p2a: Dragapult|Dragapult, F|68/100
|turn|42
|
|move|p2a: Dragapult|Double-Edge|p1a: Ditto
|-damage|p1a: Ditto|0 fnt
|-damage|p2a: Dragapult|48/100|[from] Recoil
|faint|p1a: Ditto
|
|upkeep
|
|switch|p1a: Toxapex|Toxapex, F|100/100
|-damage|p1a: Toxapex|88/100|[from] Stealth Rock
|turn|43
|
|move|p2a: Dragapult|Double-Edge|p1a: Toxapex
|-damage|p1a: Toxapex|54/100
|-damage|p2a: Dragapult|37/100|[from] Recoil
|move|p1a: Toxapex|Toxic|p2a: Dragapult
|-status|p2a: Dragapult|tox
|
|-heal|p1a: Toxapex|60/100|[from] item: Black Sludge
|-damage|p2a: Dragapult|31/100 tox|[from] psn
|upkeep
|turn|44
|-message|AFCarmona forfeited.
|
|win|DyezL
|l|☆AFCarmona
|raw|DyezL's rating: 1517 → 1539(+22 for winning)
|raw|AFCarmona's rating: 1545 → 1524(-21 for losing)
