|ScrapeTime|2020-01-01-06:55:50
|j|☆9darkrai9
|j|☆Spr4tty23
|player|p1|9darkrai9|1|1210
|player|p2|Spr4tty23|269|1248
|teamsize|p1|6
|teamsize|p2|6
|gametype|singles
|gen|8
|tier|[Gen 8] OU
|rated|
|rule|Sleep Clause Mod: Limit one foe put to sleep
|rule|Species Clause: Limit one of each Pokémon
|rule|OHKO Clause: OHKO moves are banned
|rule|Evasion Moves Clause: Evasion moves are banned
|rule|Endless Battle Clause: Forcing endless battles is banned
|rule|HP Percentage Mod: HP is shown in percentages
|clearpoke
|poke|p1|Arcanine, F|
|poke|p1|Sylveon, M|
|poke|p1|Crawdaunt, F|
|poke|p1|Seismitoad, F|
|poke|p1|Togekiss, F|
|poke|p1|Dracovish|
|poke|p2|Grimmsnarl, M|
|poke|p2|Corsola-Galar, F|
|poke|p2|Excadrill, F|
|poke|p2|Hatterene, F|
|poke|p2|Seismitoad, F|
|poke|p2|Dracovish|
|rule|Dynamax Clause: You cannot dynamax
|teampreview
|inactive|Battle timer is ON: inactive players will automatically lose when time's up. (requested by 9darkrai9)
|
|start
|switch|p1a: Crawdaunt|Crawdaunt, F|100/100
|switch|p2a: Seismitoad|Seismitoad, F|100/100
|turn|1
|
|move|p1a: Crawdaunt|Dragon Dance|p1a: Crawdaunt
|-boost|p1a: Crawdaunt|atk|1
|-boost|p1a: Crawdaunt|spe|1
|move|p2a: Seismitoad|Toxic|p1a: Crawdaunt
|-status|p1a: Crawdaunt|tox
|
|-damage|p1a: Crawdaunt|95/100 tox|[from] psn
|upkeep
|turn|2
|
|switch|p2a: Corsola|Corsola-Galar, F|100/100
|move|p1a: Crawdaunt|Knock Off|p2a: Corsola
|-supereffective|p2a: Corsola
|-damage|p2a: Corsola|0 fnt
|-enditem|p2a: Corsola|Eviolite|[from] move: Knock Off|[of] p1a: Crawdaunt
|faint|p2a: Corsola
|
|-damage|p1a: Crawdaunt|83/100 tox|[from] psn
|upkeep
|
|switch|p2a: Grimmsnarl|Grimmsnarl, M|100/100
|turn|3
|
|move|p1a: Crawdaunt|Crabhammer|p2a: Grimmsnarl
|-damage|p2a: Grimmsnarl|0 fnt
|faint|p2a: Grimmsnarl
|
|-damage|p1a: Crawdaunt|65/100 tox|[from] psn
|upkeep
|
|switch|p2a: Dracovish|Dracovish|100/100
|turn|4
|
|switch|p2a: Excadrill|Excadrill, F|100/100
|-ability|p2a: Excadrill|Mold Breaker
|move|p1a: Crawdaunt|Knock Off|p2a: Excadrill
|-damage|p2a: Excadrill|0 fnt
|-enditem|p2a: Excadrill|Life Orb|[from] move: Knock Off|[of] p1a: Crawdaunt
|faint|p2a: Excadrill
|
|-damage|p1a: Crawdaunt|41/100 tox|[from] psn
|upkeep
|
|switch|p2a: Seismitoad|Seismitoad, F|100/100
|turn|5
|
|move|p1a: Crawdaunt|Knock Off|p2a: Seismitoad
|-damage|p2a: Seismitoad|0 fnt
|-enditem|p2a: Seismitoad|Leftovers|[from] move: Knock Off|[of] p1a: Crawdaunt
|faint|p2a: Seismitoad
|
|-damage|p1a: Crawdaunt|11/100 tox|[from] psn
|upkeep
|
|switch|p2a: Dracovish|Dracovish|100/100
|turn|6
|
|move|p1a: Crawdaunt|Knock Off|p2a: Dracovish
|-damage|p2a: Dracovish|0 fnt
|-enditem|p2a: Dracovish|Choice Band|[from] move: Knock Off|[of] p1a: Crawdaunt
|faint|p2a: Dracovish
|
|-damage|p1a: Crawdaunt|0 fnt|[from] psn
|faint|p1a: Crawdaunt
|upkeep
|c|☆Spr4tty23|lol
|
|switch|p2a: Hatterene|Hatterene, F|100/100
|switch|p1a: Dracovish|Dracovish|100/100
|turn|7
|
|move|p1a: Dracovish|Fishious Rend|p2a: Hatterene
|-damage|p2a: Hatterene|0 fnt
|faint|p2a: Hatterene
|
|win|9darkrai9
|raw|9darkrai9's rating: 1210 → 1237(+27 for winning)
|raw|Spr4tty23's rating: 1248 → 1220(-28 for losing)
|l|☆Spr4tty23
