|ScrapeTime|2020-01-01-08:04:55
|j|☆BuddyFightZ
|j|☆Beechman
|player|p1|BuddyFightZ|steven|1000
|player|p2|Beechman|170|1000
|teamsize|p1|6
|teamsize|p2|6
|gametype|singles
|gen|8
|tier|[Gen 8] OU
|rated|
|rule|Sleep Clause Mod: Limit one foe put to sleep
|rule|Species Clause: Limit one of each Pokémon
|rule|OHKO Clause: OHKO moves are banned
|rule|Evasion Moves Clause: Evasion moves are banned
|rule|Endless Battle Clause: Forcing endless battles is banned
|rule|HP Percentage Mod: HP is shown in percentages
|clearpoke
|poke|p1|Cinderace, M|
|poke|p1|Eevee, M|
|poke|p1|Charizard, M|
|poke|p1|Mimikyu, M|
|poke|p1|Eiscue, F|
|poke|p1|Gardevoir, M|
|poke|p2|Excadrill, F|
|poke|p2|Dracovish|
|poke|p2|Mimikyu, F|
|poke|p2|Grimmsnarl, M|
|poke|p2|Silvally-*|
|poke|p2|Gengar, M|
|rule|Dynamax Clause: You cannot dynamax
|teampreview
|
|start
|switch|p1a: Charizard|Charizard, M|100/100
|switch|p2a: HoleyMoley|Excadrill, F|100/100
|-item|p1a: Charizard|Air Balloon
|turn|1
|
|switch|p1a: Cinderace|Cinderace, M, shiny|100/100
|move|p2a: HoleyMoley|Stealth Rock|p1a: Cinderace
|-sidestart|p1: BuddyFightZ|move: Stealth Rock
|
|upkeep
|turn|2
|
|switch|p1a: Mimikyu|Mimikyu, M|100/100
|-damage|p1a: Mimikyu|88/100|[from] Stealth Rock
|move|p2a: HoleyMoley|Earthquake|p1a: Mimikyu
|-activate|p1a: Mimikyu|ability: Disguise
|-damage|p1a: Mimikyu|88/100
|detailschange|p1a: Mimikyu|Mimikyu-Busted, M
|-damage|p1a: Mimikyu|76/100|[from] ability: Disguise|[of] p1a: Mimikyu
|
|upkeep
|turn|3
|
|move|p1a: Mimikyu|Wood Hammer|p2a: HoleyMoley
|-damage|p2a: HoleyMoley|61/100
|-damage|p1a: Mimikyu|59/100|[from] item: Rocky Helmet|[of] p2a: HoleyMoley
|-damage|p1a: Mimikyu|41/100|[from] Recoil
|move|p2a: HoleyMoley|Iron Head|p1a: Mimikyu
|-supereffective|p1a: Mimikyu
|-damage|p1a: Mimikyu|0 fnt
|faint|p1a: Mimikyu
|
|upkeep
|
|switch|p1a: Eevee|Eevee, M|100/100
|-damage|p1a: Eevee|88/100|[from] Stealth Rock
|turn|4
|
|move|p2a: HoleyMoley|Iron Head|p1a: Eevee
|-damage|p1a: Eevee|1/100
|move|p1a: Eevee|Shadow Ball|p2a: HoleyMoley
|-damage|p2a: HoleyMoley|48/100
|-unboost|p2a: HoleyMoley|spd|1
|
|upkeep
|turn|5
|
|move|p2a: HoleyMoley|Rapid Spin|p1a: Eevee
|-damage|p1a: Eevee|0 fnt
|-boost|p2a: HoleyMoley|spe|1
|faint|p1a: Eevee
|
|upkeep
|
|switch|p1a: Gardevoir|Gardevoir, M|100/100
|-damage|p1a: Gardevoir|88/100|[from] Stealth Rock
|-ability|p1a: Gardevoir|Sand Rush|[from] ability: Trace|[of] p2a: HoleyMoley
|turn|6
|
|move|p2a: HoleyMoley|Iron Head|p1a: Gardevoir
|-supereffective|p1a: Gardevoir
|-damage|p1a: Gardevoir|0 fnt
|faint|p1a: Gardevoir
|
|upkeep
|
|switch|p1a: Eiscue|Eiscue, F|100/100
|-damage|p1a: Eiscue|76/100|[from] Stealth Rock
|turn|7
|
|move|p2a: HoleyMoley|Rapid Spin|p1a: Eiscue
|-activate|p1a: Eiscue|ability: Ice Face
|-damage|p1a: Eiscue|76/100
|-boost|p2a: HoleyMoley|spe|1
|detailschange|p1a: Eiscue|Eiscue-Noice, F
|move|p1a: Eiscue|Hydro Pump|p2a: HoleyMoley
|-supereffective|p2a: HoleyMoley
|-damage|p2a: HoleyMoley|0 fnt
|faint|p2a: HoleyMoley
|
|upkeep
|
|switch|p2a: Bork|Silvally-Electric|100/100
|turn|8
|
|move|p1a: Eiscue|Head Smash|p2a: Bork
|-damage|p2a: Bork|58/100
|-damage|p1a: Eiscue|56/100|[from] Recoil
|move|p2a: Bork|Multi-Attack|p1a: Eiscue
|-damage|p1a: Eiscue|0 fnt
|faint|p1a: Eiscue
|
|upkeep
|
|switch|p1a: Cinderace|Cinderace, M, shiny|100/100
|-damage|p1a: Cinderace|76/100|[from] Stealth Rock
|turn|9
|
|move|p1a: Cinderace|High Jump Kick|p2a: Bork|[miss]
|-miss|p1a: Cinderace|p2a: Bork
|-damage|p1a: Cinderace|26/100|[from] highjumpkick
|move|p2a: Bork|Multi-Attack|p1a: Cinderace
|-damage|p1a: Cinderace|0 fnt
|faint|p1a: Cinderace
|
|upkeep
|
|switch|p1a: Charizard|Charizard, M|100/100
|-damage|p1a: Charizard|50/100|[from] Stealth Rock
|-item|p1a: Charizard|Air Balloon
|turn|10
|
|move|p2a: Bork|Multi-Attack|p1a: Charizard
|-supereffective|p1a: Charizard
|-damage|p1a: Charizard|0 fnt
|-enditem|p1a: Charizard|Air Balloon
|faint|p1a: Charizard
|
|win|Beechman
|raw|BuddyFightZ's rating: 1000 → 1000(+0 for losing)
|raw|Beechman's rating: 1000 → 1040(+40 for winning)
|l|☆BuddyFightZ
