|ScrapeTime|2020-01-01-07:25:23
|j|☆RCM94
|j|☆gyhfght
|player|p1|RCM94|2|1525
|player|p2|gyhfght|drayden|1497
|teamsize|p1|6
|teamsize|p2|6
|gametype|singles
|gen|8
|tier|[Gen 8] OU
|rated|
|rule|Sleep Clause Mod: Limit one foe put to sleep
|rule|Species Clause: Limit one of each Pokémon
|rule|OHKO Clause: OHKO moves are banned
|rule|Evasion Moves Clause: Evasion moves are banned
|rule|Endless Battle Clause: Forcing endless battles is banned
|rule|HP Percentage Mod: HP is shown in percentages
|clearpoke
|poke|p1|Cinderace, F|
|poke|p1|Excadrill, M|
|poke|p1|Dragapult, F|
|poke|p1|Rotom-Heat|
|poke|p1|Seismitoad, F|
|poke|p1|Clefable, F|
|poke|p2|Dragapult, F|
|poke|p2|Corviknight, M|
|poke|p2|Flareon, F|
|poke|p2|Seismitoad, M|
|poke|p2|Crawdaunt, F|
|poke|p2|Hydreigon, M|
|rule|Dynamax Clause: You cannot dynamax
|teampreview
|inactive|Battle timer is ON: inactive players will automatically lose when time's up. (requested by gyhfght)
|
|start
|switch|p1a: Cinderace|Cinderace, F|100/100
|switch|p2a: Hydreigon|Hydreigon, M|100/100
|turn|1
|
|switch|p2a: Dragapult|Dragapult, F|100/100
|move|p1a: Cinderace|High Jump Kick|p2a: Dragapult
|-immune|p2a: Dragapult
|-damage|p1a: Cinderace|51/100|[from] highjumpkick
|
|upkeep
|turn|2
|
|move|p1a: Cinderace|Sucker Punch|p2a: Dragapult
|-supereffective|p2a: Dragapult
|-damage|p2a: Dragapult|34/100
|move|p2a: Dragapult|Shadow Ball|p1a: Cinderace
|-damage|p1a: Cinderace|0 fnt
|faint|p1a: Cinderace
|
|upkeep
|
|switch|p1a: Rotom|Rotom-Heat|100/100
|turn|3
|
|switch|p1a: Seismitoad|Seismitoad, F|100/100
|switch|p2a: Seismitoad|Seismitoad, M|100/100
|
|upkeep
|turn|4
|
|move|p1a: Seismitoad|Power Whip|p2a: Seismitoad
|-supereffective|p2a: Seismitoad
|-damage|p2a: Seismitoad|0 fnt
|faint|p2a: Seismitoad
|
|upkeep
|
|switch|p2a: Hydreigon|Hydreigon, M|100/100
|turn|5
|
|move|p2a: Hydreigon|Nasty Plot|p2a: Hydreigon
|-boost|p2a: Hydreigon|spa|2
|move|p1a: Seismitoad|Ice Punch|p2a: Hydreigon
|-supereffective|p2a: Hydreigon
|-damage|p2a: Hydreigon|38/100
|
|upkeep
|turn|6
|
|move|p2a: Hydreigon|Draco Meteor|p1a: Seismitoad
|-damage|p1a: Seismitoad|0 fnt
|-unboost|p2a: Hydreigon|spa|2
|-damage|p2a: Hydreigon|28/100|[from] item: Life Orb
|faint|p1a: Seismitoad
|
|upkeep
|
|switch|p1a: Dragapult|Dragapult, F|100/100
|turn|7
|
|switch|p2a: Flareon|Flareon, F|100/100
|move|p1a: Dragapult|Substitute|p1a: Dragapult
|-start|p1a: Dragapult|Substitute
|-damage|p1a: Dragapult|76/100
|
|-heal|p1a: Dragapult|82/100|[from] item: Leftovers
|upkeep
|turn|8
|
|move|p1a: Dragapult|Dragon Darts|p2a: Flareon
|-damage|p2a: Flareon|60/100
|-crit|p2a: Flareon
|-damage|p2a: Flareon|0 fnt
|-hitcount|p2a: Flareon|2
|faint|p2a: Flareon
|
|-heal|p1a: Dragapult|88/100|[from] item: Leftovers
|upkeep
|c|☆RCM94|oof
|
|switch|p2a: Corviknight|Corviknight, M|100/100
|-ability|p2a: Corviknight|Pressure
|turn|9
|
|switch|p1a: Rotom|Rotom-Heat|100/100
|move|p2a: Corviknight|Brave Bird|p1a: Rotom
|-resisted|p1a: Rotom
|-damage|p1a: Rotom|75/100
|-damage|p2a: Corviknight|95/100|[from] Recoil
|
|-heal|p2a: Corviknight|100/100|[from] item: Leftovers
|upkeep
|turn|10
|
|switch|p2a: Dragapult|Dragapult, F|34/100
|move|p1a: Rotom|Volt Switch|p2a: Dragapult
|-resisted|p2a: Dragapult
|-crit|p2a: Dragapult
|-damage|p2a: Dragapult|4/100
|
|switch|p1a: Dragapult|Dragapult, F|88/100|[from]move: Volt Switch
|
|-heal|p1a: Dragapult|94/100|[from] item: Leftovers
|upkeep
|turn|11
|
|switch|p1a: Rotom|Rotom-Heat|75/100
|move|p2a: Dragapult|Shadow Ball|p1a: Rotom
|-damage|p1a: Rotom|0 fnt
|faint|p1a: Rotom
|
|upkeep
|
|switch|p1a: Clefable|Clefable, F|100/100
|turn|12
|
|move|p2a: Dragapult|Shadow Ball|p1a: Clefable
|-damage|p1a: Clefable|49/100
|move|p1a: Clefable|Moonlight|p1a: Clefable
|-heal|p1a: Clefable|99/100
|
|upkeep
|turn|13
|
|move|p2a: Dragapult|Shadow Ball|p1a: Clefable
|-crit|p1a: Clefable
|-damage|p1a: Clefable|24/100
|move|p1a: Clefable|Moonblast|p2a: Dragapult
|-supereffective|p2a: Dragapult
|-damage|p2a: Dragapult|0 fnt
|faint|p2a: Dragapult
|
|upkeep
|
|switch|p2a: Hydreigon|Hydreigon, M|28/100
|turn|14
|
|switch|p1a: Excadrill|Excadrill, M|100/100
|-ability|p1a: Excadrill|Mold Breaker
|move|p2a: Hydreigon|Flash Cannon|p1a: Excadrill
|-resisted|p1a: Excadrill
|-damage|p1a: Excadrill|77/100
|-damage|p2a: Hydreigon|18/100|[from] item: Life Orb
|
|upkeep
|turn|15
|
|switch|p2a: Corviknight|Corviknight, M|100/100
|-ability|p2a: Corviknight|Pressure
|move|p1a: Excadrill|Stealth Rock|p2a: Corviknight
|-sidestart|p2: gyhfght|move: Stealth Rock
|
|upkeep
|turn|16
|
|switch|p1a: Clefable|Clefable, F|24/100
|move|p2a: Corviknight|U-turn|p1a: Clefable
|-resisted|p1a: Clefable
|-damage|p1a: Clefable|15/100
|c|☆RCM94|g gwp
|c|☆RCM94|i threw away my rotom
|c|☆RCM94|like a dummy
|inactive|gyhfght has 120 seconds left.
|
|switch|p2a: Crawdaunt|Crawdaunt, F|100/100|[from]move: U-turn
|-damage|p2a: Crawdaunt|88/100|[from] Stealth Rock
|
|upkeep
|turn|17
|
|switch|p1a: Excadrill|Excadrill, M|77/100
|-ability|p1a: Excadrill|Mold Breaker
|move|p2a: Crawdaunt|Knock Off|p1a: Excadrill
|-damage|p1a: Excadrill|0 fnt
|-enditem|p1a: Excadrill|Focus Sash|[from] move: Knock Off|[of] p2a: Crawdaunt
|faint|p1a: Excadrill
|
|upkeep
|
|switch|p1a: Dragapult|Dragapult, F|94/100
|turn|18
|
|move|p1a: Dragapult|Dragon Darts|p2a: Crawdaunt
|-damage|p2a: Crawdaunt|52/100
|-damage|p2a: Crawdaunt|18/100
|-hitcount|p2a: Crawdaunt|2
|move|p2a: Crawdaunt|Knock Off|p1a: Dragapult
|-supereffective|p1a: Dragapult
|-damage|p1a: Dragapult|0 fnt
|-enditem|p1a: Dragapult|Leftovers|[from] move: Knock Off|[of] p2a: Crawdaunt
|faint|p1a: Dragapult
|
|upkeep
|-message|RCM94 forfeited.
|
|win|gyhfght
|l|☆RCM94
|raw|RCM94's rating: 1525 → 1504(-21 for losing)
|raw|gyhfght's rating: 1498 → 1520(+22 for winning)
