|ScrapeTime|2020-01-02-00:06:24
|j|☆yosune
|j|☆iwaniwaniwan
|player|p1|yosune|265|1072
|player|p2|iwaniwaniwan|veteran|1108
|teamsize|p1|6
|teamsize|p2|6
|gametype|singles
|gen|8
|tier|[Gen 8] OU
|rated|
|rule|Sleep Clause Mod: Limit one foe put to sleep
|rule|Species Clause: Limit one of each Pokémon
|rule|OHKO Clause: OHKO moves are banned
|rule|Evasion Moves Clause: Evasion moves are banned
|rule|Endless Battle Clause: Forcing endless battles is banned
|rule|HP Percentage Mod: HP is shown in percentages
|clearpoke
|poke|p1|Indeedee, M|
|poke|p1|Cinderace, M|
|poke|p1|Hawlucha, F|
|poke|p1|Ferrothorn, M|
|poke|p1|Dracozolt|
|poke|p1|Mandibuzz, F|
|poke|p2|Hippowdon, F|
|poke|p2|Excadrill, F|
|poke|p2|Rotom-Heat|
|poke|p2|Toxapex, M|
|poke|p2|Hydreigon, F|
|poke|p2|Mandibuzz, F|
|rule|Dynamax Clause: You cannot dynamax
|teampreview
|
|start
|switch|p1a: Indeedee|Indeedee, M|100/100
|switch|p2a: Hippowdon|Hippowdon, F|100/100
|-fieldstart|move: Psychic Terrain|[from] ability: Psychic Surge|[of] p1a: Indeedee
|-weather|Sandstorm|[from] ability: Sand Stream|[of] p2a: Hippowdon
|turn|1
|
|move|p1a: Indeedee|Trick|p2a: Hippowdon
|-activate|p1a: Indeedee|move: Trick|[of] p2a: Hippowdon
|-item|p2a: Hippowdon|Choice Specs|[from] move: Trick
|-item|p1a: Indeedee|Leftovers|[from] move: Trick
|move|p2a: Hippowdon|Stealth Rock|p1a: Indeedee
|-sidestart|p1: yosune|move: Stealth Rock
|
|-weather|Sandstorm|[upkeep]
|-damage|p1a: Indeedee|94/100|[from] Sandstorm
|-heal|p1a: Indeedee|100/100|[from] item: Leftovers
|upkeep
|turn|2
|inactive|Battle timer is ON: inactive players will automatically lose when time's up. (requested by yosune)
|
|switch|p2a: Excadrill|Excadrill, F|100/100
|move|p1a: Indeedee|Dazzling Gleam|p2a: Excadrill
|-resisted|p2a: Excadrill
|-damage|p2a: Excadrill|84/100
|
|-weather|Sandstorm|[upkeep]
|-damage|p1a: Indeedee|94/100|[from] Sandstorm
|-heal|p1a: Indeedee|100/100|[from] item: Leftovers
|upkeep
|turn|3
|
|switch|p1a: Mandibuzz|Mandibuzz, F|100/100
|move|p2a: Excadrill|Iron Head|p1a: Mandibuzz
|-damage|p1a: Mandibuzz|75/100
|
|-weather|Sandstorm|[upkeep]
|upkeep
|turn|4
|
|switch|p2a: Rotom|Rotom-Heat|100/100
|move|p1a: Mandibuzz|Foul Play|p2a: Rotom
|-damage|p2a: Rotom|78/100
|
|-weather|Sandstorm|[upkeep]
|-damage|p2a: Rotom|72/100|[from] Sandstorm
|upkeep
|turn|5
|
|move|p2a: Rotom|Volt Switch|p1a: Mandibuzz
|-supereffective|p1a: Mandibuzz
|-damage|p1a: Mandibuzz|30/100
|
|switch|p2a: Toxapex|Toxapex, M|100/100|[from]move: Volt Switch
|move|p1a: Mandibuzz|Roost|p1a: Mandibuzz
|-heal|p1a: Mandibuzz|80/100
|-singleturn|p1a: Mandibuzz|move: Roost
|
|-weather|none
|-fieldend|move: Psychic Terrain
|upkeep
|turn|6
|
|move|p1a: Mandibuzz|Defog|p2a: Toxapex
|-unboost|p2a: Toxapex|evasion|1
|-sideend|p1: yosune|Stealth Rock|[from] move: Defog|[of] p1a: Mandibuzz
|move|p2a: Toxapex|Toxic Spikes|p1a: Mandibuzz
|-sidestart|p1: yosune|move: Toxic Spikes
|
|upkeep
|turn|7
|
|switch|p2a: Hydreigon|Hydreigon, F|100/100
|move|p1a: Mandibuzz|Defog|p2a: Hydreigon
|-unboost|p2a: Hydreigon|evasion|1
|-sideend|p1: yosune|Toxic Spikes|[from] move: Defog|[of] p1a: Mandibuzz
|
|upkeep
|turn|8
|
|move|p2a: Hydreigon|Nasty Plot|p2a: Hydreigon
|-boost|p2a: Hydreigon|spa|2
|move|p1a: Mandibuzz|U-turn|p2a: Hydreigon
|-supereffective|p2a: Hydreigon
|-damage|p2a: Hydreigon|75/100
|
|switch|p1a: Cinderace|Cinderace, M|100/100|[from]move: U-turn
|
|-heal|p2a: Hydreigon|81/100|[from] item: Leftovers
|upkeep
|turn|9
|
|switch|p2a: Toxapex|Toxapex, M|100/100
|move|p1a: Cinderace|U-turn|p2a: Toxapex
|-resisted|p2a: Toxapex
|-damage|p2a: Toxapex|87/100
|-damage|p1a: Cinderace|84/100|[from] item: Rocky Helmet|[of] p2a: Toxapex
|
|switch|p1a: Indeedee|Indeedee, M|100/100|[from]move: U-turn
|-fieldstart|move: Psychic Terrain|[from] ability: Psychic Surge|[of] p1a: Indeedee
|
|upkeep
|turn|10
|
|switch|p2a: Hippowdon|Hippowdon, F|100/100
|-weather|Sandstorm|[from] ability: Sand Stream|[of] p2a: Hippowdon
|move|p1a: Indeedee|Psychic|p2a: Hippowdon
|-damage|p2a: Hippowdon|49/100
|
|-weather|Sandstorm|[upkeep]
|-damage|p1a: Indeedee|94/100|[from] Sandstorm
|-heal|p1a: Indeedee|100/100|[from] item: Leftovers
|upkeep
|turn|11
|
|move|p1a: Indeedee|Mystical Fire|p2a: Hippowdon
|-damage|p2a: Hippowdon|26/100
|-unboost|p2a: Hippowdon|spa|1
|move|p2a: Hippowdon|Stealth Rock|p1a: Indeedee
|-sidestart|p1: yosune|move: Stealth Rock
|
|-weather|Sandstorm|[upkeep]
|-damage|p1a: Indeedee|94/100|[from] Sandstorm
|-heal|p1a: Indeedee|100/100|[from] item: Leftovers
|upkeep
|turn|12
|
|move|p1a: Indeedee|Mystical Fire|p2a: Hippowdon
|-damage|p2a: Hippowdon|1/100
|-unboost|p2a: Hippowdon|spa|1
|move|p2a: Hippowdon|Stealth Rock||[still]
|-fail|p2a: Hippowdon
|
|-weather|Sandstorm|[upkeep]
|-damage|p1a: Indeedee|94/100|[from] Sandstorm
|-heal|p1a: Indeedee|100/100|[from] item: Leftovers
|upkeep
|turn|13
|
|switch|p1a: Ferrothorn|Ferrothorn, M|100/100
|-damage|p1a: Ferrothorn|95/100|[from] Stealth Rock
|switch|p2a: Rotom|Rotom-Heat|72/100
|
|-weather|Sandstorm|[upkeep]
|-damage|p2a: Rotom|66/100|[from] Sandstorm
|-heal|p1a: Ferrothorn|100/100|[from] item: Leftovers
|-fieldend|move: Psychic Terrain
|upkeep
|turn|14
|
|move|p1a: Ferrothorn|Protect|p1a: Ferrothorn
|-singleturn|p1a: Ferrothorn|Protect
|move|p2a: Rotom|Volt Switch|p1a: Ferrothorn
|-activate|p1a: Ferrothorn|move: Protect
|
|-weather|none
|upkeep
|turn|15
|
|move|p2a: Rotom|Overheat|p1a: Ferrothorn
|-supereffective|p1a: Ferrothorn
|-damage|p1a: Ferrothorn|0 fnt
|-unboost|p2a: Rotom|spa|2
|faint|p1a: Ferrothorn
|
|upkeep
|
|switch|p1a: Indeedee|Indeedee, M|100/100
|-damage|p1a: Indeedee|88/100|[from] Stealth Rock
|-fieldstart|move: Psychic Terrain|[from] ability: Psychic Surge|[of] p1a: Indeedee
|turn|16
|
|switch|p2a: Hippowdon|Hippowdon, F|1/100
|-weather|Sandstorm|[from] ability: Sand Stream|[of] p2a: Hippowdon
|move|p1a: Indeedee|Psychic|p2a: Hippowdon
|-damage|p2a: Hippowdon|0 fnt
|faint|p2a: Hippowdon
|
|-weather|Sandstorm|[upkeep]
|-damage|p1a: Indeedee|82/100|[from] Sandstorm
|-heal|p1a: Indeedee|88/100|[from] item: Leftovers
|upkeep
|
|switch|p2a: Excadrill|Excadrill, F|84/100
|turn|17
|
|switch|p2a: Rotom|Rotom-Heat|66/100
|move|p1a: Indeedee|Mystical Fire|p2a: Rotom
|-resisted|p2a: Rotom
|-damage|p2a: Rotom|51/100
|-unboost|p2a: Rotom|spa|1
|
|-weather|Sandstorm|[upkeep]
|-damage|p1a: Indeedee|82/100|[from] Sandstorm
|-damage|p2a: Rotom|45/100|[from] Sandstorm
|-heal|p1a: Indeedee|88/100|[from] item: Leftovers
|upkeep
|turn|18
|
|switch|p2a: Toxapex|Toxapex, M|100/100
|move|p1a: Indeedee|Psychic|p2a: Toxapex
|-supereffective|p2a: Toxapex
|-damage|p2a: Toxapex|8/100
|
|-weather|Sandstorm|[upkeep]
|-damage|p1a: Indeedee|82/100|[from] Sandstorm
|-damage|p2a: Toxapex|2/100|[from] Sandstorm
|-heal|p1a: Indeedee|88/100|[from] item: Leftovers
|upkeep
|turn|19
|
|move|p1a: Indeedee|Dazzling Gleam|p2a: Toxapex
|-resisted|p2a: Toxapex
|-damage|p2a: Toxapex|0 fnt
|faint|p2a: Toxapex
|
|-weather|Sandstorm|[upkeep]
|-damage|p1a: Indeedee|82/100|[from] Sandstorm
|-heal|p1a: Indeedee|88/100|[from] item: Leftovers
|upkeep
|
|switch|p2a: Excadrill|Excadrill, F|84/100
|turn|20
|
|switch|p1a: Mandibuzz|Mandibuzz, F|80/100
|move|p2a: Excadrill|Iron Head|p1a: Mandibuzz
|-damage|p1a: Mandibuzz|53/100
|
|-weather|none
|-fieldend|move: Psychic Terrain
|upkeep
|turn|21
|
|switch|p2a: Mandibuzz|Mandibuzz, F|100/100
|move|p1a: Mandibuzz|Roost|p1a: Mandibuzz
|-heal|p1a: Mandibuzz|100/100
|-singleturn|p1a: Mandibuzz|move: Roost
|
|upkeep
|turn|22
|
|move|p2a: Mandibuzz|Knock Off|p1a: Mandibuzz
|-resisted|p1a: Mandibuzz
|-damage|p1a: Mandibuzz|90/100
|-enditem|p1a: Mandibuzz|Heavy-Duty Boots|[from] move: Knock Off|[of] p2a: Mandibuzz
|move|p1a: Mandibuzz|Defog|p2a: Mandibuzz
|-unboost|p2a: Mandibuzz|evasion|1
|-sideend|p1: yosune|Stealth Rock|[from] move: Defog|[of] p1a: Mandibuzz
|
|upkeep
|turn|23
|
|move|p2a: Mandibuzz|U-turn|p1a: Mandibuzz
|-damage|p1a: Mandibuzz|81/100
|
|switch|p2a: Hydreigon|Hydreigon, F|81/100|[from]move: U-turn
|move|p1a: Mandibuzz|U-turn|p2a: Hydreigon
|-supereffective|p2a: Hydreigon
|-damage|p2a: Hydreigon|57/100
|
|switch|p1a: Cinderace|Cinderace, M|84/100|[from]move: U-turn
|
|-heal|p2a: Hydreigon|63/100|[from] item: Leftovers
|upkeep
|turn|24
|
|move|p1a: Cinderace|U-turn|p2a: Hydreigon
|-supereffective|p2a: Hydreigon
|-damage|p2a: Hydreigon|0 fnt
|faint|p2a: Hydreigon
|-message|iwaniwaniwan forfeited.
|
|win|yosune
|l|☆iwaniwaniwan
