|ScrapeTime|2020-01-02-03:05:15
|j|☆komodothered
|j|☆4G3NC Benita Lord
|player|p1|komodothered|170|1402
|player|p2|4G3NC Benita Lord|1|1436
|teamsize|p1|6
|teamsize|p2|6
|gametype|singles
|gen|8
|tier|[Gen 8] OU
|rated|
|rule|Sleep Clause Mod: Limit one foe put to sleep
|rule|Species Clause: Limit one of each Pokémon
|rule|OHKO Clause: OHKO moves are banned
|rule|Evasion Moves Clause: Evasion moves are banned
|rule|Endless Battle Clause: Forcing endless battles is banned
|rule|HP Percentage Mod: HP is shown in percentages
|clearpoke
|poke|p1|Hawlucha, F|
|poke|p1|Conkeldurr, M|
|poke|p1|Dracovish|
|poke|p1|Mandibuzz, F|
|poke|p1|Appletun, M|
|poke|p1|Chandelure, M|
|poke|p2|Dracovish|
|poke|p2|Pelipper, F|
|poke|p2|Ferrothorn, F|
|poke|p2|Drednaw, M|
|poke|p2|Excadrill, F|
|poke|p2|Mantine, F|
|rule|Dynamax Clause: You cannot dynamax
|teampreview
|
|start
|switch|p1a: Conkeldurr|Conkeldurr, M|100/100
|switch|p2a: Pelipper|Pelipper, F|100/100
|-weather|RainDance|[from] ability: Drizzle|[of] p2a: Pelipper
|turn|1
|
|switch|p2a: Dracovish|Dracovish|100/100
|move|p1a: Conkeldurr|Power-Up Punch|p2a: Dracovish
|-damage|p2a: Dracovish|73/100
|-boost|p1a: Conkeldurr|atk|1
|
|-weather|RainDance|[upkeep]
|-status|p1a: Conkeldurr|brn|[from] item: Flame Orb
|upkeep
|turn|2
|
|move|p1a: Conkeldurr|Mach Punch|p2a: Dracovish
|-damage|p2a: Dracovish|18/100
|move|p2a: Dracovish|Fishious Rend|p1a: Conkeldurr
|-damage|p1a: Conkeldurr|31/100 brn
|
|-weather|RainDance|[upkeep]
|-damage|p1a: Conkeldurr|25/100 brn|[from] brn
|upkeep
|turn|3
|
|switch|p2a: Pelipper|Pelipper, F|100/100
|move|p1a: Conkeldurr|Mach Punch|p2a: Pelipper
|-resisted|p2a: Pelipper
|-damage|p2a: Pelipper|80/100
|
|-weather|RainDance|[upkeep]
|-damage|p1a: Conkeldurr|19/100 brn|[from] brn
|upkeep
|turn|4
|
|switch|p1a: Dracovish|Dracovish|100/100
|move|p2a: Pelipper|Scald|p1a: Dracovish
|-resisted|p1a: Dracovish
|-damage|p1a: Dracovish|89/100
|
|-weather|RainDance|[upkeep]
|upkeep
|turn|5
|
|switch|p2a: Excadrill|Excadrill, F|100/100
|-ability|p2a: Excadrill|Mold Breaker
|move|p1a: Dracovish|Ice Fang|p2a: Excadrill
|-damage|p2a: Excadrill|63/100
|-status|p2a: Excadrill|frz
|
|-weather|RainDance|[upkeep]
|upkeep
|turn|6
|
|switch|p1a: Conkeldurr|Conkeldurr, M|19/100 brn
|-curestatus|p2a: Excadrill|frz|[msg]
|move|p2a: Excadrill|Iron Head|p1a: Conkeldurr
|-damage|p1a: Conkeldurr|0 fnt
|faint|p1a: Conkeldurr
|
|-weather|RainDance|[upkeep]
|upkeep
|
|switch|p1a: Appletun|Appletun, M|100/100
|turn|7
|
|switch|p2a: Ferrothorn|Ferrothorn, F|100/100
|move|p1a: Appletun|Apple Acid|p2a: Ferrothorn
|-resisted|p2a: Ferrothorn
|-damage|p2a: Ferrothorn|96/100
|-unboost|p2a: Ferrothorn|spd|1
|
|-weather|RainDance|[upkeep]
|-heal|p2a: Ferrothorn|100/100|[from] item: Leftovers
|upkeep
|turn|8
|
|move|p1a: Appletun|Apple Acid|p2a: Ferrothorn
|-resisted|p2a: Ferrothorn
|-damage|p2a: Ferrothorn|93/100
|-unboost|p2a: Ferrothorn|spd|1
|move|p2a: Ferrothorn|Knock Off|p1a: Appletun
|-damage|p1a: Appletun|87/100
|-enditem|p1a: Appletun|Leftovers|[from] move: Knock Off|[of] p2a: Ferrothorn
|
|-weather|none
|-heal|p2a: Ferrothorn|99/100|[from] item: Leftovers
|upkeep
|turn|9
|
|switch|p2a: Mantine|Mantine, F|100/100
|move|p1a: Appletun|Apple Acid|p2a: Mantine
|-damage|p2a: Mantine|78/100
|-unboost|p2a: Mantine|spd|1
|
|upkeep
|turn|10
|
|move|p2a: Mantine|Hurricane|p1a: Appletun|[miss]
|-miss|p2a: Mantine|p1a: Appletun
|move|p1a: Appletun|Leech Seed|p2a: Mantine|[miss]
|-miss|p1a: Appletun|p2a: Mantine
|
|upkeep
|turn|11
|
|move|p2a: Mantine|Hurricane|p1a: Appletun
|-supereffective|p1a: Appletun
|-damage|p1a: Appletun|0 fnt
|faint|p1a: Appletun
|
|upkeep
|
|switch|p1a: Mandibuzz|Mandibuzz, F|100/100
|turn|12
|
|switch|p2a: Pelipper|Pelipper, F|80/100
|-weather|RainDance|[from] ability: Drizzle|[of] p2a: Pelipper
|move|p1a: Mandibuzz|Knock Off|p2a: Pelipper
|-damage|p2a: Pelipper|61/100
|-enditem|p2a: Pelipper|Damp Rock|[from] move: Knock Off|[of] p1a: Mandibuzz
|
|-weather|RainDance|[upkeep]
|upkeep
|turn|13
|
|switch|p1a: Dracovish|Dracovish|89/100
|move|p2a: Pelipper|U-turn|p1a: Dracovish
|-crit|p1a: Dracovish
|-damage|p1a: Dracovish|78/100
|
|switch|p2a: Mantine|Mantine, F|78/100|[from]move: U-turn
|
|-weather|RainDance|[upkeep]
|upkeep
|turn|14
|
|move|p2a: Mantine|Hurricane|p1a: Dracovish
|-damage|p1a: Dracovish|0 fnt
|faint|p1a: Dracovish
|
|-weather|RainDance|[upkeep]
|upkeep
|
|switch|p1a: Chandelure|Chandelure, M|100/100
|turn|15
|
|switch|p2a: Excadrill|Excadrill, F|63/100
|-ability|p2a: Excadrill|Mold Breaker
|move|p1a: Chandelure|Shadow Ball|p2a: Excadrill
|-damage|p2a: Excadrill|0 fnt
|faint|p2a: Excadrill
|
|-weather|RainDance|[upkeep]
|upkeep
|
|switch|p2a: Dracovish|Dracovish|18/100
|turn|16
|
|move|p2a: Dracovish|Fishious Rend|p1a: Chandelure
|-supereffective|p1a: Chandelure
|-damage|p1a: Chandelure|0 fnt
|faint|p1a: Chandelure
|
|-weather|RainDance|[upkeep]
|upkeep
|c|☆komodothered|Is mantine speced?
|
|switch|p1a: Hawlucha|Hawlucha, F|100/100
|turn|17
|c|☆4G3NC Benita Lord|ye
|
|move|p2a: Dracovish|Fishious Rend|p1a: Hawlucha
|-damage|p1a: Hawlucha|0 fnt
|faint|p1a: Hawlucha
|
|-weather|RainDance|[upkeep]
|upkeep
|
|switch|p1a: Mandibuzz|Mandibuzz, F|100/100
|turn|18
|c|☆komodothered|Gg
|
|move|p2a: Dracovish|Fishious Rend|p1a: Mandibuzz
|-damage|p1a: Mandibuzz|0 fnt
|faint|p1a: Mandibuzz
|
|win|4G3NC Benita Lord
|c|☆4G3NC Benita Lord|gg
