|ScrapeTime|2020-01-01-17:48:53
|j|☆pilonchass
|j|☆IM A G3NG4R
|player|p1|pilonchass|janitor|1069
|player|p2|IM A G3NG4R|acerola|1107
|teamsize|p1|6
|teamsize|p2|6
|gametype|singles
|gen|8
|tier|[Gen 8] OU
|rated|
|rule|Sleep Clause Mod: Limit one foe put to sleep
|rule|Species Clause: Limit one of each Pokémon
|rule|OHKO Clause: OHKO moves are banned
|rule|Evasion Moves Clause: Evasion moves are banned
|rule|Endless Battle Clause: Forcing endless battles is banned
|rule|HP Percentage Mod: HP is shown in percentages
|clearpoke
|poke|p1|Mimikyu, F|
|poke|p1|Type: Null|
|poke|p1|Araquanid, F|
|poke|p1|Conkeldurr, F|
|poke|p1|Dragapult, M|
|poke|p1|Ditto|
|poke|p2|Sableye, M|
|poke|p2|Perrserker, F|
|poke|p2|Drampa, F|
|poke|p2|Dragapult, M|
|poke|p2|Corsola-Galar, M|
|poke|p2|Ferrothorn, M|
|rule|Dynamax Clause: You cannot dynamax
|teampreview
|inactive|Battle timer is ON: inactive players will automatically lose when time's up. (requested by IM A G3NG4R)
|
|start
|switch|p1a: Conkeldurr|Conkeldurr, F|100/100
|switch|p2a: Sableye|Sableye, M|100/100
|turn|1
|
|move|p2a: Sableye|Knock Off|p1a: Conkeldurr
|-resisted|p1a: Conkeldurr
|-damage|p1a: Conkeldurr|90/100
|-enditem|p1a: Conkeldurr|Assault Vest|[from] move: Knock Off|[of] p2a: Sableye
|move|p1a: Conkeldurr|High Horsepower|p2a: Sableye
|-damage|p2a: Sableye|65/100
|
|-heal|p2a: Sableye|72/100|[from] item: Leftovers
|upkeep
|turn|2
|
|move|p2a: Sableye|Taunt|p1a: Conkeldurr
|-start|p1a: Conkeldurr|move: Taunt
|move|p1a: Conkeldurr|High Horsepower|p2a: Sableye
|-damage|p2a: Sableye|32/100
|
|-heal|p2a: Sableye|38/100|[from] item: Leftovers
|upkeep
|turn|3
|
|move|p2a: Sableye|Recover|p2a: Sableye
|-heal|p2a: Sableye|88/100
|move|p1a: Conkeldurr|High Horsepower|p2a: Sableye
|-damage|p2a: Sableye|53/100
|
|-heal|p2a: Sableye|59/100|[from] item: Leftovers
|upkeep
|turn|4
|
|switch|p2a: Ferrothorn|Ferrothorn, M|100/100
|move|p1a: Conkeldurr|High Horsepower|p2a: Ferrothorn
|-damage|p2a: Ferrothorn|77/100
|-damage|p1a: Conkeldurr|77/100|[from] ability: Iron Barbs|[of] p2a: Ferrothorn
|
|-heal|p2a: Ferrothorn|84/100|[from] item: Leftovers
|-end|p1a: Conkeldurr|move: Taunt
|upkeep
|turn|5
|
|move|p1a: Conkeldurr|Drain Punch|p2a: Ferrothorn
|-supereffective|p2a: Ferrothorn
|-damage|p2a: Ferrothorn|29/100
|-heal|p1a: Conkeldurr|100/100|[from] drain|[of] p2a: Ferrothorn
|-damage|p1a: Conkeldurr|88/100|[from] ability: Iron Barbs|[of] p2a: Ferrothorn
|move|p2a: Ferrothorn|Stealth Rock|p1a: Conkeldurr
|-sidestart|p1: pilonchass|move: Stealth Rock
|
|-heal|p2a: Ferrothorn|35/100|[from] item: Leftovers
|upkeep
|turn|6
|
|move|p1a: Conkeldurr|Drain Punch|p2a: Ferrothorn
|-supereffective|p2a: Ferrothorn
|-damage|p2a: Ferrothorn|0 fnt
|-heal|p1a: Conkeldurr|100/100|[from] drain|[of] p2a: Ferrothorn
|-damage|p1a: Conkeldurr|88/100|[from] ability: Iron Barbs|[of] p2a: Ferrothorn
|faint|p2a: Ferrothorn
|
|upkeep
|
|switch|p2a: Dragapult|Dragapult, M|100/100
|turn|7
|
|move|p2a: Dragapult|Shadow Ball|p1a: Conkeldurr
|-damage|p1a: Conkeldurr|31/100
|-unboost|p1a: Conkeldurr|spd|1
|move|p1a: Conkeldurr|High Horsepower|p2a: Dragapult|[miss]
|-miss|p1a: Conkeldurr|p2a: Dragapult
|
|upkeep
|turn|8
|-message|pilonchass forfeited.
|
|win|IM A G3NG4R
|l|☆pilonchass
|raw|pilonchass's rating: 1069 → 1051(-18 for losing)
|raw|IM A G3NG4R's rating: 1107 → 1129(+22 for winning)
