|ScrapeTime|2020-01-02-02:08:57
|j|☆Spl4sh
|j|☆BanDisnDatnMe
|player|p1|Spl4sh|137|1630
|player|p2|BanDisnDatnMe|janine|1647
|teamsize|p1|6
|teamsize|p2|6
|gametype|singles
|gen|8
|tier|[Gen 8] OU
|rated|
|rule|Sleep Clause Mod: Limit one foe put to sleep
|rule|Species Clause: Limit one of each Pokémon
|rule|OHKO Clause: OHKO moves are banned
|rule|Evasion Moves Clause: Evasion moves are banned
|rule|Endless Battle Clause: Forcing endless battles is banned
|rule|HP Percentage Mod: HP is shown in percentages
|clearpoke
|poke|p1|Corviknight, F|
|poke|p1|Toxapex, F|
|poke|p1|Sylveon, F|
|poke|p1|Rotom-Heat|
|poke|p1|Gastrodon, F|
|poke|p1|Dugtrio, M|
|poke|p2|Grimmsnarl, M|
|poke|p2|Dragapult, F|
|poke|p2|Gyarados, M|
|poke|p2|Toxtricity, F|
|poke|p2|Mew|
|poke|p2|Charizard, F|
|rule|Dynamax Clause: You cannot dynamax
|teampreview
|
|start
|switch|p1a: Dugtrio|Dugtrio, M|100/100
|switch|p2a: Grimmsnarl|Grimmsnarl, M|100/100
|turn|1
|
|switch|p1a: Toxapex|Toxapex, F|100/100
|move|p2a: Grimmsnarl|Taunt|p1a: Toxapex
|-start|p1a: Toxapex|move: Taunt
|
|upkeep
|turn|2
|
|move|p2a: Grimmsnarl|Thunder Wave|p1a: Toxapex
|-status|p1a: Toxapex|par
|move|p1a: Toxapex|Scald|p2a: Grimmsnarl
|-damage|p2a: Grimmsnarl|85/100
|
|upkeep
|turn|3
|
|move|p2a: Grimmsnarl|Light Screen|p2a: Grimmsnarl
|-sidestart|p2: BanDisnDatnMe|move: Light Screen
|cant|p1a: Toxapex|par
|
|-end|p1a: Toxapex|move: Taunt
|upkeep
|turn|4
|
|switch|p2a: Toxtricity|Toxtricity, F|100/100
|move|p1a: Toxapex|Scald|p2a: Toxtricity
|-damage|p2a: Toxtricity|88/100
|
|upkeep
|turn|5
|
|switch|p1a: Sylveon|Sylveon, F|100/100
|move|p2a: Toxtricity|Shift Gear|p2a: Toxtricity
|-boost|p2a: Toxtricity|spe|2
|-boost|p2a: Toxtricity|atk|1
|
|upkeep
|turn|6
|
|switch|p1a: Gastrodon|Gastrodon, F|100/100
|move|p2a: Toxtricity|Boomburst|p1a: Gastrodon
|-damage|p1a: Gastrodon|43/100
|-damage|p2a: Toxtricity|78/100|[from] item: Life Orb
|
|-heal|p1a: Gastrodon|50/100|[from] item: Leftovers
|upkeep
|turn|7
|
|switch|p1a: Rotom|Rotom-Heat|100/100
|move|p2a: Toxtricity|Boomburst|p1a: Rotom
|-damage|p1a: Rotom|17/100
|-damage|p2a: Toxtricity|68/100|[from] item: Life Orb
|
|-heal|p1a: Rotom|23/100|[from] item: Leftovers
|upkeep
|turn|8
|
|move|p2a: Toxtricity|Boomburst|p1a: Rotom
|-damage|p1a: Rotom|0 fnt
|-damage|p2a: Toxtricity|58/100|[from] item: Life Orb
|faint|p1a: Rotom
|
|upkeep
|
|switch|p1a: Dugtrio|Dugtrio, M|100/100
|turn|9
|
|move|p2a: Toxtricity|Boomburst|p1a: Dugtrio
|-crit|p1a: Dugtrio
|-enditem|p1a: Dugtrio|Focus Sash
|-damage|p1a: Dugtrio|1/100
|-damage|p2a: Toxtricity|48/100|[from] item: Life Orb
|move|p1a: Dugtrio|Earthquake|p2a: Toxtricity
|-supereffective|p2a: Toxtricity
|-damage|p2a: Toxtricity|0 fnt
|faint|p2a: Toxtricity
|
|upkeep
|
|switch|p2a: Dragapult|Dragapult, F|100/100
|turn|10
|
|switch|p1a: Sylveon|Sylveon, F|100/100
|move|p2a: Dragapult|Dragon Darts|p1a: Sylveon
|-immune|p1a: Sylveon
|
|-sideend|p2: BanDisnDatnMe|move: Light Screen
|upkeep
|turn|11
|
|switch|p2a: Mew|Mew|100/100
|move|p1a: Sylveon|Calm Mind|p1a: Sylveon
|-boost|p1a: Sylveon|spa|1
|-boost|p1a: Sylveon|spd|1
|
|upkeep
|turn|12
|
|move|p2a: Mew|Dragon Dance|p2a: Mew
|-boost|p2a: Mew|atk|1
|-boost|p2a: Mew|spe|1
|move|p1a: Sylveon|Hyper Voice|p2a: Mew
|-damage|p2a: Mew|40/100
|
|upkeep
|turn|13
|
|move|p2a: Mew|Psychic Fangs|p1a: Sylveon
|-damage|p1a: Sylveon|0 fnt
|-damage|p2a: Mew|30/100|[from] item: Life Orb
|faint|p1a: Sylveon
|
|upkeep
|
|switch|p1a: Dugtrio|Dugtrio, M|1/100
|turn|14
|
|move|p1a: Dugtrio|Sucker Punch|p2a: Mew
|-supereffective|p2a: Mew
|-damage|p2a: Mew|0 fnt
|faint|p2a: Mew
|
|upkeep
|
|switch|p2a: Gyarados|Gyarados, M|100/100
|turn|15
|
|move|p1a: Dugtrio|Stone Edge|p2a: Gyarados|[miss]
|-miss|p1a: Dugtrio|p2a: Gyarados
|move|p2a: Gyarados|Dragon Dance|p2a: Gyarados
|-boost|p2a: Gyarados|atk|1
|-boost|p2a: Gyarados|spe|1
|
|upkeep
|turn|16
|
|move|p2a: Gyarados|Waterfall|p1a: Dugtrio
|-supereffective|p1a: Dugtrio
|-damage|p1a: Dugtrio|0 fnt
|faint|p1a: Dugtrio
|-ability|p2a: Gyarados|Moxie|boost
|-boost|p2a: Gyarados|atk|1
|
|upkeep
|
|switch|p1a: Toxapex|Toxapex, F|100/100 par
|turn|17
|
|move|p2a: Gyarados|Bounce||[still]
|-prepare|p2a: Gyarados|Bounce|p1a: Toxapex
|-enditem|p2a: Gyarados|Power Herb
|-anim|p2a: Gyarados|Bounce|p1a: Toxapex
|-damage|p1a: Toxapex|40/100 par
|cant|p1a: Toxapex|par
|
|upkeep
|turn|18
|
|move|p2a: Gyarados|Power Whip|p1a: Toxapex
|-damage|p1a: Toxapex|0 fnt
|faint|p1a: Toxapex
|-ability|p2a: Gyarados|Moxie|boost
|-boost|p2a: Gyarados|atk|1
|
|upkeep
|-message|Spl4sh forfeited.
|
|win|BanDisnDatnMe
|l|☆Spl4sh
|raw|Spl4sh's rating: 1630 → 1611(-19 for losing)
|raw|BanDisnDatnMe's rating: 1647 → 1666(+19 for winning)
