|ScrapeTime|2020-01-03-00:16:31
|j|☆Gctc15
|j|☆TheFloramantis
|player|p1|Gctc15|265|1216
|player|p2|TheFloramantis|mars|1220
|teamsize|p1|6
|teamsize|p2|6
|gametype|singles
|gen|8
|tier|[Gen 8] OU
|rated|
|rule|Sleep Clause Mod: Limit one foe put to sleep
|rule|Species Clause: Limit one of each Pokémon
|rule|OHKO Clause: OHKO moves are banned
|rule|Evasion Moves Clause: Evasion moves are banned
|rule|Endless Battle Clause: Forcing endless battles is banned
|rule|HP Percentage Mod: HP is shown in percentages
|clearpoke
|poke|p1|Dugtrio, F|
|poke|p1|Tyranitar, M|
|poke|p1|Ferrothorn, F|
|poke|p1|Rotom-Wash|
|poke|p1|Lapras, M|
|poke|p1|Dragapult, F|
|poke|p2|Bisharp, F|
|poke|p2|Dragapult, M|
|poke|p2|Tyranitar, F|
|poke|p2|Rotom-Wash|
|poke|p2|Avalugg, M|
|poke|p2|Toxtricity, M|
|rule|Dynamax Clause: You cannot dynamax
|teampreview
|
|start
|switch|p1a: Dugtrio|Dugtrio, F, shiny|100/100
|switch|p2a: Tyranitar|Tyranitar, F|100/100
|-weather|Sandstorm|[from] ability: Sand Stream|[of] p2a: Tyranitar
|turn|1
|inactive|Battle timer is ON: inactive players will automatically lose when time's up. (requested by TheFloramantis)
|
|move|p1a: Dugtrio|Earthquake|p2a: Tyranitar
|-supereffective|p2a: Tyranitar
|-damage|p2a: Tyranitar|35/100
|move|p2a: Tyranitar|Stealth Rock|p1a: Dugtrio
|-sidestart|p1: Gctc15|move: Stealth Rock
|
|-weather|Sandstorm|[upkeep]
|-heal|p2a: Tyranitar|41/100|[from] item: Leftovers
|upkeep
|turn|2
|
|move|p1a: Dugtrio|Earthquake|p2a: Tyranitar
|-supereffective|p2a: Tyranitar
|-crit|p2a: Tyranitar
|-damage|p2a: Tyranitar|0 fnt
|faint|p2a: Tyranitar
|
|-weather|Sandstorm|[upkeep]
|upkeep
|
|switch|p2a: Rotom|Rotom-Wash, shiny|100/100
|turn|3
|
|move|p2a: Rotom|Trick|p1a: Dugtrio
|-activate|p2a: Rotom|move: Trick|[of] p1a: Dugtrio
|-item|p1a: Dugtrio|Choice Scarf|[from] move: Trick
|-item|p2a: Rotom|Focus Sash|[from] move: Trick
|move|p1a: Dugtrio|Stealth Rock|p2a: Rotom
|-sidestart|p2: TheFloramantis|move: Stealth Rock
|
|-weather|Sandstorm|[upkeep]
|-damage|p2a: Rotom|95/100|[from] Sandstorm
|upkeep
|turn|4
|
|switch|p1a: Ferrothorn|Ferrothorn, F|100/100
|-damage|p1a: Ferrothorn|95/100|[from] Stealth Rock
|move|p2a: Rotom|Trick|p1a: Ferrothorn
|-activate|p2a: Rotom|move: Trick|[of] p1a: Ferrothorn
|-item|p1a: Ferrothorn|Focus Sash|[from] move: Trick
|-item|p2a: Rotom|Rocky Helmet|[from] move: Trick
|
|-weather|Sandstorm|[upkeep]
|-damage|p2a: Rotom|89/100|[from] Sandstorm
|upkeep
|turn|5
|
|move|p2a: Rotom|Will-O-Wisp|p1a: Ferrothorn
|-status|p1a: Ferrothorn|brn
|move|p1a: Ferrothorn|Leech Seed|p2a: Rotom
|-start|p2a: Rotom|move: Leech Seed
|
|-weather|none
|-damage|p2a: Rotom|76/100|[from] Leech Seed|[of] p1a: Ferrothorn
|-heal|p1a: Ferrothorn|100/100 brn|[silent]
|-damage|p1a: Ferrothorn|95/100 brn|[from] brn
|upkeep
|turn|6
|
|switch|p2a: Avalugg|Avalugg, M, shiny|100/100
|move|p1a: Ferrothorn|Spikes|p2a: Avalugg
|-sidestart|p2: TheFloramantis|Spikes
|
|-damage|p1a: Ferrothorn|89/100 brn|[from] brn
|upkeep
|turn|7
|
|switch|p1a: Dragapult|Dragapult, F|100/100
|-damage|p1a: Dragapult|88/100|[from] Stealth Rock
|move|p2a: Avalugg|Rapid Spin|p1a: Dragapult
|-immune|p1a: Dragapult
|
|upkeep
|turn|8
|
|switch|p2a: Rotom|Rotom-Wash, shiny|76/100
|-damage|p2a: Rotom|64/100|[from] Stealth Rock
|move|p1a: Dragapult|Flamethrower|p2a: Rotom
|-resisted|p2a: Rotom
|-damage|p2a: Rotom|38/100
|
|upkeep
|turn|9
|
|move|p1a: Dragapult|Flamethrower|p2a: Rotom
|-resisted|p2a: Rotom
|-damage|p2a: Rotom|14/100
|move|p2a: Rotom|Volt Switch|p1a: Dragapult
|-resisted|p1a: Dragapult
|-damage|p1a: Dragapult|65/100
|
|switch|p2a: Bisharp|Bisharp, F|100/100|[from]move: Volt Switch
|-damage|p2a: Bisharp|95/100|[from] Stealth Rock
|-damage|p2a: Bisharp|82/100|[from] Spikes
|
|upkeep
|turn|10
|
|switch|p1a: Rotom|Rotom-Wash|100/100
|-damage|p1a: Rotom|88/100|[from] Stealth Rock
|move|p2a: Bisharp|Sucker Punch||[still]
|-fail|p2a: Bisharp
|
|upkeep
|turn|11
|
|switch|p2a: Toxtricity|Toxtricity, M|100/100
|-damage|p2a: Toxtricity|88/100|[from] Spikes
|-damage|p2a: Toxtricity|76/100|[from] Stealth Rock
|move|p1a: Rotom|Will-O-Wisp|p2a: Toxtricity
|-status|p2a: Toxtricity|brn
|
|-damage|p2a: Toxtricity|70/100 brn|[from] brn
|upkeep
|turn|12
|
|move|p2a: Toxtricity|Overdrive|p1a: Rotom
|-damage|p1a: Rotom|17/100
|move|p1a: Rotom|Volt Switch|p2a: Toxtricity
|-resisted|p2a: Toxtricity
|-damage|p2a: Toxtricity|42/100 brn
|
|switch|p1a: Ferrothorn|Ferrothorn, F|89/100 brn|[from]move: Volt Switch
|-damage|p1a: Ferrothorn|83/100 brn|[from] Stealth Rock
|
|-damage|p2a: Toxtricity|36/100 brn|[from] brn
|-damage|p1a: Ferrothorn|77/100 brn|[from] brn
|upkeep
|turn|13
|
|switch|p2a: Avalugg|Avalugg, M, shiny|100/100
|move|p1a: Ferrothorn|Leech Seed|p2a: Avalugg
|-start|p2a: Avalugg|move: Leech Seed
|
|-damage|p2a: Avalugg|88/100|[from] Leech Seed|[of] p1a: Ferrothorn
|-heal|p1a: Ferrothorn|91/100 brn|[silent]
|-damage|p1a: Ferrothorn|85/100 brn|[from] brn
|upkeep
|turn|14
|
|switch|p2a: Bisharp|Bisharp, F|82/100
|-damage|p2a: Bisharp|77/100|[from] Stealth Rock
|-damage|p2a: Bisharp|64/100|[from] Spikes
|move|p1a: Ferrothorn|Protect||[still]
|-fail|p1a: Ferrothorn
|
|-damage|p1a: Ferrothorn|79/100 brn|[from] brn
|upkeep
|turn|15
|
|move|p2a: Bisharp|Swords Dance|p2a: Bisharp
|-boost|p2a: Bisharp|atk|2
|move|p1a: Ferrothorn|Leech Seed|p2a: Bisharp
|-start|p2a: Bisharp|move: Leech Seed
|
|-damage|p2a: Bisharp|52/100|[from] Leech Seed|[of] p1a: Ferrothorn
|-heal|p1a: Ferrothorn|88/100 brn|[silent]
|-damage|p1a: Ferrothorn|82/100 brn|[from] brn
|upkeep
|turn|16
|
|move|p2a: Bisharp|Swords Dance|p2a: Bisharp
|-boost|p2a: Bisharp|atk|2
|move|p1a: Ferrothorn|Knock Off|p2a: Bisharp
|-resisted|p2a: Bisharp
|-damage|p2a: Bisharp|46/100
|-enditem|p2a: Bisharp|Black Glasses|[from] move: Knock Off|[of] p1a: Ferrothorn
|
|-damage|p2a: Bisharp|33/100|[from] Leech Seed|[of] p1a: Ferrothorn
|-heal|p1a: Ferrothorn|91/100 brn|[silent]
|-damage|p1a: Ferrothorn|85/100 brn|[from] brn
|upkeep
|turn|17
|
|move|p2a: Bisharp|Swords Dance|p2a: Bisharp
|-boost|p2a: Bisharp|atk|2
|move|p1a: Ferrothorn|Spikes|p2a: Bisharp
|-sidestart|p2: TheFloramantis|Spikes
|
|-damage|p2a: Bisharp|21/100|[from] Leech Seed|[of] p1a: Ferrothorn
|-heal|p1a: Ferrothorn|95/100 brn|[silent]
|-damage|p1a: Ferrothorn|89/100 brn|[from] brn
|upkeep
|turn|18
|
|move|p1a: Ferrothorn|Protect|p1a: Ferrothorn
|-singleturn|p1a: Ferrothorn|Protect
|move|p2a: Bisharp|Throat Chop|p1a: Ferrothorn
|-activate|p1a: Ferrothorn|move: Protect
|
|-damage|p2a: Bisharp|9/100|[from] Leech Seed|[of] p1a: Ferrothorn
|-heal|p1a: Ferrothorn|98/100 brn|[silent]
|-damage|p1a: Ferrothorn|92/100 brn|[from] brn
|upkeep
|turn|19
|
|switch|p1a: Rotom|Rotom-Wash|17/100
|-damage|p1a: Rotom|4/100|[from] Stealth Rock
|move|p2a: Bisharp|Throat Chop|p1a: Rotom
|-damage|p1a: Rotom|0 fnt
|faint|p1a: Rotom
|
|upkeep
|
|switch|p1a: Ferrothorn|Ferrothorn, F|92/100 brn
|-damage|p1a: Ferrothorn|86/100 brn|[from] Stealth Rock
|turn|20
|inactive|TheFloramantis has 120 seconds left.
|
|switch|p2a: Avalugg|Avalugg, M, shiny|88/100
|move|p1a: Ferrothorn|Protect||[still]
|-fail|p1a: Ferrothorn
|
|-damage|p1a: Ferrothorn|80/100 brn|[from] brn
|upkeep
|turn|21
|
|move|p1a: Ferrothorn|Protect|p1a: Ferrothorn
|-singleturn|p1a: Ferrothorn|Protect
|move|p2a: Avalugg|Rapid Spin|p1a: Ferrothorn
|-activate|p1a: Ferrothorn|move: Protect
|
|-damage|p1a: Ferrothorn|74/100 brn|[from] brn
|upkeep
|turn|22
|inactive|TheFloramantis has 120 seconds left.
|
|switch|p1a: Dragapult|Dragapult, F|65/100
|-damage|p1a: Dragapult|53/100|[from] Stealth Rock
|move|p2a: Avalugg|Rapid Spin|p1a: Dragapult
|-immune|p1a: Dragapult
|
|upkeep
|turn|23
|inactive|TheFloramantis has 120 seconds left.
|
|switch|p2a: Dragapult|Dragapult, M|100/100
|-damage|p2a: Dragapult|88/100|[from] Stealth Rock
|-damage|p2a: Dragapult|72/100|[from] Spikes
|move|p1a: Dragapult|Flamethrower|p2a: Dragapult
|-resisted|p2a: Dragapult
|-damage|p2a: Dragapult|44/100
|
|upkeep
|turn|24
|
|switch|p1a: Ferrothorn|Ferrothorn, F|74/100 brn
|-damage|p1a: Ferrothorn|68/100 brn|[from] Stealth Rock
|move|p2a: Dragapult|Dragon Darts|p1a: Ferrothorn
|-resisted|p1a: Ferrothorn
|-damage|p1a: Ferrothorn|56/100 brn
|-resisted|p1a: Ferrothorn
|-damage|p1a: Ferrothorn|44/100 brn
|-hitcount|p1a: Ferrothorn|2
|-damage|p2a: Dragapult|34/100|[from] item: Life Orb
|
|-damage|p1a: Ferrothorn|38/100 brn|[from] brn
|upkeep
|turn|25
|
|move|p2a: Dragapult|Fire Blast|p1a: Ferrothorn
|-supereffective|p1a: Ferrothorn
|-damage|p1a: Ferrothorn|0 fnt
|-damage|p2a: Dragapult|24/100|[from] item: Life Orb
|faint|p1a: Ferrothorn
|
|upkeep
|
|switch|p1a: Tyranitar|Tyranitar, M, shiny|100/100
|-damage|p1a: Tyranitar|88/100|[from] Stealth Rock
|-weather|Sandstorm|[from] ability: Sand Stream|[of] p1a: Tyranitar
|turn|26
|
|move|p2a: Dragapult|Dragon Darts|p1a: Tyranitar
|-damage|p1a: Tyranitar|64/100
|-crit|p1a: Tyranitar
|-damage|p1a: Tyranitar|26/100
|-hitcount|p1a: Tyranitar|2
|-damage|p2a: Dragapult|14/100|[from] item: Life Orb
|move|p1a: Tyranitar|Crunch|p2a: Dragapult
|-supereffective|p2a: Dragapult
|-crit|p2a: Dragapult
|-damage|p2a: Dragapult|0 fnt
|faint|p2a: Dragapult
|
|-weather|Sandstorm|[upkeep]
|upkeep
|
|switch|p2a: Avalugg|Avalugg, M, shiny|88/100
|turn|27
|
|move|p1a: Tyranitar|Crunch|p2a: Avalugg
|-damage|p2a: Avalugg|59/100
|move|p2a: Avalugg|Rapid Spin|p1a: Tyranitar
|-resisted|p1a: Tyranitar
|-damage|p1a: Tyranitar|21/100
|-sideend|p2: TheFloramantis|Spikes|[from] move: Rapid Spin|[of] p2a: Avalugg
|-sideend|p2: TheFloramantis|Stealth Rock|[from] move: Rapid Spin|[of] p2a: Avalugg
|-boost|p2a: Avalugg|spe|1
|
|-weather|Sandstorm|[upkeep]
|-damage|p2a: Avalugg|53/100|[from] Sandstorm
|upkeep
|turn|28
|
|move|p1a: Tyranitar|Crunch|p2a: Avalugg
|-damage|p2a: Avalugg|23/100
|move|p2a: Avalugg|Body Press|p1a: Tyranitar
|-supereffective|p1a: Tyranitar
|-damage|p1a: Tyranitar|0 fnt
|faint|p1a: Tyranitar
|
|-weather|Sandstorm|[upkeep]
|-damage|p2a: Avalugg|17/100|[from] Sandstorm
|upkeep
|
|switch|p1a: Lapras|Lapras, M|100/100
|-damage|p1a: Lapras|76/100|[from] Stealth Rock
|turn|29
|
|move|p1a: Lapras|Iron Head|p2a: Avalugg
|-supereffective|p2a: Avalugg
|-damage|p2a: Avalugg|4/100
|cant|p2a: Avalugg|flinch
|
|-weather|Sandstorm|[upkeep]
|-damage|p1a: Lapras|70/100|[from] Sandstorm
|-damage|p2a: Avalugg|0 fnt|[from] Sandstorm
|faint|p2a: Avalugg
|-heal|p1a: Lapras|76/100|[from] item: Leftovers
|upkeep
|c|☆TheFloramantis|No
|c|☆TheFloramantis|I don't accept that
|c|☆Gctc15|im sorry
|
|switch|p2a: Toxtricity|Toxtricity, M|36/100 brn
|turn|30
|
|move|p1a: Lapras|Protect|p1a: Lapras
|-singleturn|p1a: Lapras|Protect
|move|p2a: Toxtricity|Boomburst|p1a: Lapras
|-activate|p1a: Lapras|move: Protect
|
|-weather|none
|-heal|p1a: Lapras|82/100|[from] item: Leftovers
|-damage|p2a: Toxtricity|30/100 brn|[from] brn
|upkeep
|turn|31
|
|switch|p2a: Bisharp|Bisharp, F|9/100
|switch|p1a: Dragapult|Dragapult, F|53/100
|-damage|p1a: Dragapult|41/100|[from] Stealth Rock
|
|upkeep
|turn|32
|
|switch|p1a: Lapras|Lapras, M|82/100
|-damage|p1a: Lapras|57/100|[from] Stealth Rock
|move|p2a: Bisharp|Sucker Punch||[still]
|-fail|p2a: Bisharp
|
|-heal|p1a: Lapras|63/100|[from] item: Leftovers
|upkeep
|turn|33
|
|switch|p2a: Rotom|Rotom-Wash, shiny|14/100
|move|p1a: Lapras|Freeze-Dry|p2a: Rotom
|-supereffective|p2a: Rotom
|-damage|p2a: Rotom|0 fnt
|faint|p2a: Rotom
|
|-heal|p1a: Lapras|69/100|[from] item: Leftovers
|upkeep
|inactive|TheFloramantis has 120 seconds left.
|
|switch|p2a: Toxtricity|Toxtricity, M|30/100 brn
|turn|34
|
|move|p1a: Lapras|Protect|p1a: Lapras
|-singleturn|p1a: Lapras|Protect
|move|p2a: Toxtricity|Sludge Wave|p1a: Lapras
|-activate|p1a: Lapras|move: Protect
|
|-heal|p1a: Lapras|75/100|[from] item: Leftovers
|-damage|p2a: Toxtricity|23/100 brn|[from] brn
|upkeep
|turn|35
|
|move|p1a: Lapras|Ice Shard|p2a: Toxtricity
|-damage|p2a: Toxtricity|5/100 brn
|move|p2a: Toxtricity|Sludge Wave|p1a: Lapras
|-damage|p1a: Lapras|20/100
|
|-heal|p1a: Lapras|26/100|[from] item: Leftovers
|-damage|p2a: Toxtricity|0 fnt|[from] brn
|faint|p2a: Toxtricity
|upkeep
|
|switch|p2a: Bisharp|Bisharp, F|9/100
|turn|36
|
|move|p2a: Bisharp|Sucker Punch|p1a: Lapras
|-damage|p1a: Lapras|0 fnt
|faint|p1a: Lapras
|
|upkeep
|
|switch|p1a: Dugtrio|Dugtrio, F, shiny|100/100
|-damage|p1a: Dugtrio|94/100|[from] Stealth Rock
|turn|37
|
|move|p2a: Bisharp|Sucker Punch|p1a: Dugtrio
|-damage|p1a: Dugtrio|0 fnt
|faint|p1a: Dugtrio
|
|upkeep
|
|switch|p1a: Dragapult|Dragapult, F|41/100
|-damage|p1a: Dragapult|29/100|[from] Stealth Rock
|turn|38
|
|move|p2a: Bisharp|Sucker Punch|p1a: Dragapult
|-supereffective|p1a: Dragapult
|-damage|p1a: Dragapult|0 fnt
|faint|p1a: Dragapult
|
|win|TheFloramantis
|l|☆Gctc15
|raw|Gctc15's rating: 1191 → 1166(-25 for losing)
|raw|TheFloramantis's rating: 1192 → 1217(+25 for winning)
