|ScrapeTime|2020-01-02-04:16:53
|j|☆kbsigrichocobite
|j|☆alectheshinyhunter
|player|p1|kbsigrichocobite|rocketgrunt|1186
|player|p2|alectheshinyhunter|1|1211
|teamsize|p1|6
|teamsize|p2|6
|gametype|singles
|gen|8
|tier|[Gen 8] OU
|rated|
|rule|Sleep Clause Mod: Limit one foe put to sleep
|rule|Species Clause: Limit one of each Pokémon
|rule|OHKO Clause: OHKO moves are banned
|rule|Evasion Moves Clause: Evasion moves are banned
|rule|Endless Battle Clause: Forcing endless battles is banned
|rule|HP Percentage Mod: HP is shown in percentages
|clearpoke
|poke|p1|Cinderace, M|
|poke|p1|Dracovish|
|poke|p1|Mandibuzz, F|
|poke|p1|Aegislash, F|
|poke|p1|Hatterene, F|
|poke|p1|Toxtricity, M|
|poke|p2|Grimmsnarl, M|
|poke|p2|Polteageist|
|poke|p2|Corsola-Galar, M|
|poke|p2|Cinderace, F|
|poke|p2|Corviknight, M|
|poke|p2|Dragapult, F|
|rule|Dynamax Clause: You cannot dynamax
|teampreview
|inactive|Battle timer is ON: inactive players will automatically lose when time's up. (requested by kbsigrichocobite)
|inactive|alectheshinyhunter has 120 seconds left.
|inactive|alectheshinyhunter has 90 seconds left.
|
|start
|switch|p1a: Toxtricity|Toxtricity, M|100/100
|switch|p2a: Dragapult|Dragapult, F|100/100
|turn|1
|
|switch|p1a: Mandibuzz|Mandibuzz, F|100/100
|move|p2a: Dragapult|Shadow Ball|p1a: Mandibuzz
|-resisted|p1a: Mandibuzz
|-damage|p1a: Mandibuzz|83/100
|
|upkeep
|turn|2
|
|switch|p2a: Corviknight|Corviknight, M|100/100
|move|p1a: Mandibuzz|Knock Off|p2a: Corviknight
|-damage|p2a: Corviknight|81/100
|-enditem|p2a: Corviknight|Leftovers|[from] move: Knock Off|[of] p1a: Mandibuzz
|
|upkeep
|turn|3
|
|switch|p1a: Toxtricity|Toxtricity, M|100/100
|move|p2a: Corviknight|Bulk Up|p2a: Corviknight
|-boost|p2a: Corviknight|atk|1
|-boost|p2a: Corviknight|def|1
|
|upkeep
|turn|4
|
|move|p2a: Corviknight|Substitute|p2a: Corviknight
|-start|p2a: Corviknight|Substitute
|-damage|p2a: Corviknight|57/100
|move|p1a: Toxtricity|Shift Gear|p1a: Toxtricity
|-boost|p1a: Toxtricity|spe|2
|-boost|p1a: Toxtricity|atk|1
|
|upkeep
|turn|5
|
|move|p1a: Toxtricity|Overdrive|p2a: Corviknight
|-supereffective|p2a: Corviknight
|-damage|p2a: Corviknight|0 fnt
|-enditem|p1a: Toxtricity|Throat Spray
|-boost|p1a: Toxtricity|spa|1
|faint|p2a: Corviknight
|
|upkeep
|inactive|alectheshinyhunter has 120 seconds left.
|
|switch|p2a: Corsola|Corsola-Galar, M|100/100
|turn|6
|
|move|p1a: Toxtricity|Sludge Wave|p2a: Corsola
|-resisted|p2a: Corsola
|-damage|p2a: Corsola|74/100
|move|p2a: Corsola|Strength Sap|p1a: Toxtricity
|-unboost|p1a: Toxtricity|atk|1
|-heal|p2a: Corsola|100/100
|
|upkeep
|turn|7
|
|move|p1a: Toxtricity|Overdrive|p2a: Corsola
|-damage|p2a: Corsola|38/100
|move|p2a: Corsola|Will-O-Wisp|p1a: Toxtricity
|-status|p1a: Toxtricity|brn
|
|-damage|p1a: Toxtricity|94/100 brn|[from] brn
|upkeep
|turn|8
|
|switch|p2a: Grimmsnarl|Grimmsnarl, M|100/100
|move|p1a: Toxtricity|Overdrive|p2a: Grimmsnarl
|-damage|p2a: Grimmsnarl|9/100
|
|-heal|p2a: Grimmsnarl|15/100|[from] item: Leftovers
|-damage|p1a: Toxtricity|88/100 brn|[from] brn
|upkeep
|turn|9
|
|move|p2a: Grimmsnarl|Sucker Punch|p1a: Toxtricity
|-damage|p1a: Toxtricity|27/100 brn
|move|p1a: Toxtricity|Overdrive|p2a: Grimmsnarl
|-damage|p2a: Grimmsnarl|0 fnt
|faint|p2a: Grimmsnarl
|
|-damage|p1a: Toxtricity|21/100 brn|[from] brn
|upkeep
|
|switch|p2a: Polteageist|Polteageist|100/100
|turn|10
|
|move|p1a: Toxtricity|Overdrive|p2a: Polteageist
|-damage|p2a: Polteageist|5/100
|move|p2a: Polteageist|Shell Smash|p2a: Polteageist
|-unboost|p2a: Polteageist|def|1
|-unboost|p2a: Polteageist|spd|1
|-boost|p2a: Polteageist|atk|2
|-boost|p2a: Polteageist|spa|2
|-boost|p2a: Polteageist|spe|2
|
|-damage|p1a: Toxtricity|15/100 brn|[from] brn
|upkeep
|turn|11
|
|move|p2a: Polteageist|Giga Drain|p1a: Toxtricity
|-resisted|p1a: Toxtricity
|-damage|p1a: Toxtricity|0 fnt
|-heal|p2a: Polteageist|13/100|[from] drain|[of] p1a: Toxtricity
|faint|p1a: Toxtricity
|
|upkeep
|
|switch|p1a: Aegislash|Aegislash, F|100/100
|-item|p1a: Aegislash|Air Balloon
|turn|12
|
|-formechange|p1a: Aegislash|Aegislash-Blade||[from] ability: Stance Change
|move|p1a: Aegislash|Shadow Sneak|p2a: Polteageist
|-supereffective|p2a: Polteageist
|-damage|p2a: Polteageist|0 fnt
|faint|p2a: Polteageist
|
|upkeep
|
|switch|p2a: Cinderace|Cinderace, F|100/100
|turn|13
|
|-formechange|p1a: Aegislash|Aegislash||[from] ability: Stance Change
|move|p1a: Aegislash|King's Shield|p1a: Aegislash
|-singleturn|p1a: Aegislash|Protect
|move|p2a: Cinderace|Pyro Ball|p1a: Aegislash
|-activate|p1a: Aegislash|move: Protect
|
|upkeep
|turn|14
|
|switch|p1a: Dracovish|Dracovish|100/100
|move|p2a: Cinderace|Pyro Ball|p1a: Dracovish
|-resisted|p1a: Dracovish
|-damage|p1a: Dracovish|85/100
|
|upkeep
|turn|15
|inactive|alectheshinyhunter has 120 seconds left.
|
|switch|p2a: Corsola|Corsola-Galar, M|38/100
|move|p1a: Dracovish|Fishious Rend|p2a: Corsola
|-damage|p2a: Corsola|0 fnt
|faint|p2a: Corsola
|
|upkeep
|
|switch|p2a: Dragapult|Dragapult, F|100/100
|turn|16
|inactive|alectheshinyhunter has 120 seconds left.
|
|switch|p1a: Hatterene|Hatterene, F|100/100
|move|p2a: Dragapult|Draco Meteor|p1a: Hatterene
|-immune|p1a: Hatterene
|
|upkeep
|turn|17
|inactive|alectheshinyhunter has 120 seconds left.
|
|switch|p2a: Cinderace|Cinderace, F|100/100
|move|p1a: Hatterene|Trick Room|p1a: Hatterene
|-fieldstart|move: Trick Room|[of] p1a: Hatterene
|
|upkeep
|turn|18
|
|move|p1a: Hatterene|Psychic|p2a: Cinderace
|-damage|p2a: Cinderace|19/100
|move|p2a: Cinderace|Pyro Ball|p1a: Hatterene
|-damage|p1a: Hatterene|10/100
|-enditem|p1a: Hatterene|Sitrus Berry|[eat]
|-heal|p1a: Hatterene|35/100|[from] item: Sitrus Berry
|
|upkeep
|turn|19
|
|move|p1a: Hatterene|Psychic|p2a: Cinderace
|-damage|p2a: Cinderace|0 fnt
|faint|p2a: Cinderace
|
|upkeep
|inactive|alectheshinyhunter has 120 seconds left.
|c|☆kbsigrichocobite|Gg
|
|switch|p2a: Dragapult|Dragapult, F|100/100
|turn|20
|
|move|p1a: Hatterene|Dazzling Gleam|p2a: Dragapult
|-supereffective|p2a: Dragapult
|-damage|p2a: Dragapult|0 fnt
|faint|p2a: Dragapult
|
|win|kbsigrichocobite
|raw|kbsigrichocobite's rating: 1186 → 1213(+27 for winning)
|raw|alectheshinyhunter's rating: 1211 → 1185(-26 for losing)
