|ScrapeTime|2020-01-01-09:15:57
|j|☆Malanaki
|j|☆Anami00u
|player|p1|Malanaki|102|1102
|player|p2|Anami00u|246|1067
|teamsize|p1|6
|teamsize|p2|6
|gametype|singles
|gen|8
|tier|[Gen 8] OU
|rated|
|rule|Sleep Clause Mod: Limit one foe put to sleep
|rule|Species Clause: Limit one of each Pokémon
|rule|OHKO Clause: OHKO moves are banned
|rule|Evasion Moves Clause: Evasion moves are banned
|rule|Endless Battle Clause: Forcing endless battles is banned
|rule|HP Percentage Mod: HP is shown in percentages
|clearpoke
|poke|p1|Pincurchin, F|
|poke|p1|Hawlucha, F|
|poke|p1|Aegislash, F|
|poke|p1|Delibird, F|
|poke|p1|Mamoswine, M|
|poke|p1|Drampa, F|
|poke|p2|Flapple, M|
|poke|p2|Morpeko, M|
|poke|p2|Orbeetle, M|
|poke|p2|Ditto|
|poke|p2|Runerigus, F|
|poke|p2|Seismitoad, M|
|rule|Dynamax Clause: You cannot dynamax
|teampreview
|inactive|Battle timer is ON: inactive players will automatically lose when time's up. (requested by Malanaki)
|
|start
|switch|p1a: Mamoswine|Mamoswine, M|100/100
|switch|p2a: Runerigus|Runerigus, F|100/100
|turn|1
|
|move|p1a: Mamoswine|Ice Shard|p2a: Runerigus
|-supereffective|p2a: Runerigus
|-damage|p2a: Runerigus|67/100
|move|p2a: Runerigus|Toxic Spikes|p1a: Mamoswine
|-sidestart|p1: Malanaki|move: Toxic Spikes
|
|upkeep
|turn|2
|
|move|p1a: Mamoswine|Ice Shard|p2a: Runerigus
|-supereffective|p2a: Runerigus
|-damage|p2a: Runerigus|29/100
|move|p2a: Runerigus|Stealth Rock|p1a: Mamoswine
|-sidestart|p1: Malanaki|move: Stealth Rock
|
|upkeep
|turn|3
|
|switch|p2a: Ditto|Ditto|100/100
|-transform|p2a: Ditto|p1a: Mamoswine|[from] ability: Imposter
|move|p1a: Mamoswine|Ice Shard|p2a: Ditto
|-damage|p2a: Ditto|70/100
|
|upkeep
|turn|4
|
|move|p2a: Ditto|Earthquake|p1a: Mamoswine
|-damage|p1a: Mamoswine|35/100
|move|p1a: Mamoswine|Rock Blast|p2a: Ditto
|-damage|p2a: Ditto|56/100
|-damage|p2a: Ditto|41/100
|-damage|p2a: Ditto|29/100
|-hitcount|p2a: Ditto|3
|
|upkeep
|turn|5
|
|move|p1a: Mamoswine|Ice Shard|p2a: Ditto
|-damage|p2a: Ditto|0 fnt
|faint|p2a: Ditto
|
|upkeep
|inactive|Anami00u has 120 seconds left.
|
|switch|p2a: Flapple|Flapple, M|100/100
|turn|6
|
|move|p1a: Mamoswine|Ice Shard|p2a: Flapple
|-supereffective|p2a: Flapple
|-damage|p2a: Flapple|0 fnt
|faint|p2a: Flapple
|
|upkeep
|
|switch|p2a: Orbeetle|Orbeetle, M|100/100
|-item|p1a: Mamoswine|Focus Sash|[from] ability: Frisk|[of] p2a: Orbeetle|[identify]
|turn|7
|
|move|p1a: Mamoswine|Ice Shard|p2a: Orbeetle
|-damage|p2a: Orbeetle|80/100
|move|p2a: Orbeetle|Iron Defense|p2a: Orbeetle
|-boost|p2a: Orbeetle|def|2
|
|upkeep
|turn|8
|
|move|p1a: Mamoswine|Stealth Rock|p2a: Orbeetle
|-sidestart|p2: Anami00u|move: Stealth Rock
|move|p2a: Orbeetle|Calm Mind|p2a: Orbeetle
|-boost|p2a: Orbeetle|spa|1
|-boost|p2a: Orbeetle|spd|1
|
|upkeep
|turn|9
|
|move|p1a: Mamoswine|Rock Blast|p2a: Orbeetle
|-supereffective|p2a: Orbeetle
|-damage|p2a: Orbeetle|70/100
|-supereffective|p2a: Orbeetle
|-damage|p2a: Orbeetle|61/100
|-supereffective|p2a: Orbeetle
|-damage|p2a: Orbeetle|51/100
|-supereffective|p2a: Orbeetle
|-damage|p2a: Orbeetle|41/100
|-hitcount|p2a: Orbeetle|4
|move|p2a: Orbeetle|Calm Mind|p2a: Orbeetle
|-boost|p2a: Orbeetle|spa|1
|-boost|p2a: Orbeetle|spd|1
|
|upkeep
|turn|10
|
|move|p1a: Mamoswine|Rock Blast|p2a: Orbeetle
|-supereffective|p2a: Orbeetle
|-damage|p2a: Orbeetle|30/100
|-supereffective|p2a: Orbeetle
|-damage|p2a: Orbeetle|21/100
|-hitcount|p2a: Orbeetle|2
|move|p2a: Orbeetle|Recover|p2a: Orbeetle
|-heal|p2a: Orbeetle|71/100
|
|upkeep
|turn|11
|
|move|p1a: Mamoswine|Rock Blast|p2a: Orbeetle|[miss]
|-miss|p1a: Mamoswine|p2a: Orbeetle
|move|p2a: Orbeetle|Iron Defense|p2a: Orbeetle
|-boost|p2a: Orbeetle|def|2
|
|upkeep
|turn|12
|
|switch|p1a: Delibird|Delibird, F|100/100
|-damage|p1a: Delibird|50/100|[from] Stealth Rock
|move|p2a: Orbeetle|Iron Defense|p2a: Orbeetle
|-boost|p2a: Orbeetle|def|2
|
|upkeep
|turn|13
|
|move|p1a: Delibird|Rapid Spin|p2a: Orbeetle
|-damage|p2a: Orbeetle|70/100
|-sideend|p1: Malanaki|Toxic Spikes|[from] move: Rapid Spin|[of] p1a: Delibird
|-sideend|p1: Malanaki|Stealth Rock|[from] move: Rapid Spin|[of] p1a: Delibird
|-boost|p1a: Delibird|spe|1
|move|p2a: Orbeetle|Stored Power|p1a: Delibird
|-damage|p1a: Delibird|0 fnt
|faint|p1a: Delibird
|
|upkeep
|
|switch|p1a: Drampa|Drampa, F|100/100
|turn|14
|
|move|p2a: Orbeetle|Calm Mind|p2a: Orbeetle
|-boost|p2a: Orbeetle|spa|1
|-boost|p2a: Orbeetle|spd|1
|move|p1a: Drampa|Fire Blast|p2a: Orbeetle
|-supereffective|p2a: Orbeetle
|-damage|p2a: Orbeetle|32/100
|
|upkeep
|turn|15
|
|move|p2a: Orbeetle|Calm Mind|p2a: Orbeetle
|-boost|p2a: Orbeetle|spa|1
|-boost|p2a: Orbeetle|spd|1
|move|p1a: Drampa|Fire Blast|p2a: Orbeetle
|-supereffective|p2a: Orbeetle
|-damage|p2a: Orbeetle|5/100
|
|upkeep
|turn|16
|
|move|p2a: Orbeetle|Recover|p2a: Orbeetle
|-heal|p2a: Orbeetle|55/100
|move|p1a: Drampa|Fire Blast|p2a: Orbeetle
|-supereffective|p2a: Orbeetle
|-crit|p2a: Orbeetle
|-damage|p2a: Orbeetle|0 fnt
|faint|p2a: Orbeetle
|
|upkeep
|
|switch|p2a: Morpeko|Morpeko, M|100/100
|-damage|p2a: Morpeko|88/100|[from] Stealth Rock
|turn|17
|
|move|p2a: Morpeko|Rapid Spin|p1a: Drampa
|-damage|p1a: Drampa|79/100
|-sideend|p2: Anami00u|Stealth Rock|[from] move: Rapid Spin|[of] p2a: Morpeko
|-boost|p2a: Morpeko|spe|1
|move|p1a: Drampa|Fire Blast|p2a: Morpeko
|-damage|p2a: Morpeko|0 fnt
|faint|p2a: Morpeko
|
|upkeep
|
|switch|p2a: Seismitoad|Seismitoad, M|100/100
|turn|18
|
|switch|p1a: Mamoswine|Mamoswine, M|35/100
|move|p2a: Seismitoad|Drain Punch|p1a: Mamoswine
|-supereffective|p1a: Mamoswine
|-crit|p1a: Mamoswine
|-damage|p1a: Mamoswine|0 fnt
|faint|p1a: Mamoswine
|
|upkeep
|
|switch|p1a: Drampa|Drampa, F|79/100
|turn|19
|
|move|p2a: Seismitoad|Drain Punch|p1a: Drampa
|-supereffective|p1a: Drampa
|-damage|p1a: Drampa|25/100
|move|p1a: Drampa|Draco Meteor|p2a: Seismitoad
|-damage|p2a: Seismitoad|26/100
|-unboost|p1a: Drampa|spa|2
|
|upkeep
|turn|20
|
|move|p2a: Seismitoad|Drain Punch|p1a: Drampa
|-supereffective|p1a: Drampa
|-crit|p1a: Drampa
|-damage|p1a: Drampa|0 fnt
|-heal|p2a: Seismitoad|36/100|[from] drain|[of] p1a: Drampa
|faint|p1a: Drampa
|
|upkeep
|
|switch|p1a: Aegislash|Aegislash, F|100/100
|-item|p1a: Aegislash|Air Balloon
|turn|21
|
|move|p1a: Aegislash|King's Shield|p1a: Aegislash
|-singleturn|p1a: Aegislash|Protect
|move|p2a: Seismitoad|Liquidation|p1a: Aegislash
|-activate|p1a: Aegislash|move: Protect
|-unboost|p2a: Seismitoad|atk|1
|
|upkeep
|turn|22
|
|move|p2a: Seismitoad|Liquidation|p1a: Aegislash
|-damage|p1a: Aegislash|80/100
|-enditem|p1a: Aegislash|Air Balloon
|-formechange|p1a: Aegislash|Aegislash-Blade||[from] ability: Stance Change
|move|p1a: Aegislash|Close Combat|p2a: Seismitoad
|-damage|p2a: Seismitoad|0 fnt
|-unboost|p1a: Aegislash|def|1
|-unboost|p1a: Aegislash|spd|1
|faint|p2a: Seismitoad
|
|upkeep
|
|switch|p2a: Runerigus|Runerigus, F|29/100
|turn|23
|
|move|p1a: Aegislash|Shadow Sneak|p2a: Runerigus
|-supereffective|p2a: Runerigus
|-damage|p2a: Runerigus|0 fnt
|faint|p2a: Runerigus
|
|win|Malanaki
|raw|Malanaki's rating: 1102 → 1125(+23 for winning)
|raw|Anami00u's rating: 1067 → 1049(-18 for losing)
|l|☆Anami00u
