|ScrapeTime|2020-01-02-09:25:02
|j|☆BIG VIBE
|j|☆jerry judewong
|player|p1|BIG VIBE|102|1057
|player|p2|jerry judewong|27|1087
|teamsize|p1|6
|teamsize|p2|6
|gametype|singles
|gen|8
|tier|[Gen 8] OU
|rated|
|rule|Sleep Clause Mod: Limit one foe put to sleep
|rule|Species Clause: Limit one of each Pokémon
|rule|OHKO Clause: OHKO moves are banned
|rule|Evasion Moves Clause: Evasion moves are banned
|rule|Endless Battle Clause: Forcing endless battles is banned
|rule|HP Percentage Mod: HP is shown in percentages
|clearpoke
|poke|p1|Dragapult, M|
|poke|p1|Galvantula, F|
|poke|p1|Tyranitar, M|
|poke|p1|Togekiss, M|
|poke|p1|Corsola-Galar, F|
|poke|p1|Gyarados, F|
|poke|p2|Dubwool, M|
|poke|p2|Umbreon, M|
|poke|p2|Ferrothorn, F|
|poke|p2|Toxapex, F|
|poke|p2|Corsola-Galar, M|
|poke|p2|Pyukumuku, M|
|rule|Dynamax Clause: You cannot dynamax
|teampreview
|
|start
|switch|p1a: Galvantula|Galvantula, F|100/100
|switch|p2a: Ferrothorn|Ferrothorn, F|100/100
|-ability|p1a: Galvantula|Unnerve|p2: jerry judewong
|turn|1
|
|move|p1a: Galvantula|Sticky Web|p2a: Ferrothorn
|-sidestart|p2: jerry judewong|move: Sticky Web
|move|p2a: Ferrothorn|Stealth Rock|p1a: Galvantula
|-sidestart|p1: BIG VIBE|move: Stealth Rock
|
|upkeep
|turn|2
|
|move|p1a: Galvantula|Thunder Wave|p2a: Ferrothorn
|-status|p2a: Ferrothorn|par
|move|p2a: Ferrothorn|Swords Dance|p2a: Ferrothorn
|-boost|p2a: Ferrothorn|atk|2
|
|upkeep
|turn|3
|
|move|p1a: Galvantula|Light Screen|p1a: Galvantula
|-sidestart|p1: BIG VIBE|move: Light Screen
|cant|p2a: Ferrothorn|par
|
|upkeep
|turn|4
|
|move|p1a: Galvantula|Volt Switch|p2a: Ferrothorn
|-resisted|p2a: Ferrothorn
|-damage|p2a: Ferrothorn|91/100 par
|
|switch|p1a: Dragapult|Dragapult, M|100/100|[from]move: Volt Switch
|-damage|p1a: Dragapult|88/100|[from] Stealth Rock
|move|p2a: Ferrothorn|Leech Seed|p1a: Dragapult
|-start|p1a: Dragapult|move: Leech Seed
|
|-heal|p2a: Ferrothorn|97/100 par|[from] item: Leftovers
|-damage|p1a: Dragapult|76/100|[from] Leech Seed|[of] p2a: Ferrothorn
|-heal|p2a: Ferrothorn|100/100 par|[silent]
|upkeep
|turn|5
|inactive|Battle timer is ON: inactive players will automatically lose when time's up. (requested by BIG VIBE)
|
|switch|p2a: Pyukumuku|Pyukumuku, M|100/100
|-activate|p2a: Pyukumuku|move: Sticky Web
|-unboost|p2a: Pyukumuku|spe|1
|move|p1a: Dragapult|Flamethrower|p2a: Pyukumuku
|-resisted|p2a: Pyukumuku
|-damage|p2a: Pyukumuku|88/100
|
|-damage|p1a: Dragapult|64/100|[from] Leech Seed|[of] p2a: Pyukumuku
|-heal|p2a: Pyukumuku|99/100|[silent]
|upkeep
|turn|6
|
|switch|p1a: Galvantula|Galvantula, F|100/100
|-ability|p1a: Galvantula|Unnerve|p2: jerry judewong
|-damage|p1a: Galvantula|76/100|[from] Stealth Rock
|move|p2a: Pyukumuku|Light Screen|p2a: Pyukumuku
|-sidestart|p2: jerry judewong|move: Light Screen
|
|upkeep
|turn|7
|
|move|p1a: Galvantula|Thunder Wave|p2a: Pyukumuku
|-status|p2a: Pyukumuku|par
|move|p2a: Pyukumuku|Reflect|p2a: Pyukumuku
|-sidestart|p2: jerry judewong|Reflect
|
|-sideend|p1: BIG VIBE|move: Light Screen
|upkeep
|turn|8
|
|switch|p2a: Toxapex|Toxapex, F|100/100
|-activate|p2a: Toxapex|move: Sticky Web
|-unboost|p2a: Toxapex|spe|1
|move|p1a: Galvantula|Light Screen|p1a: Galvantula
|-sidestart|p1: BIG VIBE|move: Light Screen
|
|upkeep
|turn|9
|
|move|p1a: Galvantula|Thunder Wave|p2a: Toxapex
|-status|p2a: Toxapex|par
|cant|p2a: Toxapex|par
|
|upkeep
|turn|10
|
|move|p1a: Galvantula|Volt Switch|p2a: Toxapex
|-supereffective|p2a: Toxapex
|-damage|p2a: Toxapex|81/100 par
|
|switch|p1a: Tyranitar|Tyranitar, M|100/100|[from]move: Volt Switch
|-damage|p1a: Tyranitar|88/100|[from] Stealth Rock
|-weather|Sandstorm|[from] ability: Sand Stream|[of] p1a: Tyranitar
|move|p2a: Toxapex|Toxic Spikes|p1a: Tyranitar
|-sidestart|p1: BIG VIBE|move: Toxic Spikes
|
|-weather|Sandstorm|[upkeep]
|-damage|p2a: Toxapex|75/100 par|[from] Sandstorm
|-heal|p2a: Toxapex|81/100 par|[from] item: Black Sludge
|upkeep
|turn|11
|
|move|p1a: Tyranitar|Taunt|p2a: Toxapex
|-start|p2a: Toxapex|move: Taunt
|cant|p2a: Toxapex|move: Taunt|Toxic Spikes
|
|-weather|Sandstorm|[upkeep]
|-damage|p2a: Toxapex|75/100 par|[from] Sandstorm
|-heal|p2a: Toxapex|81/100 par|[from] item: Black Sludge
|upkeep
|turn|12
|
|move|p1a: Tyranitar|Earthquake|p2a: Toxapex
|-supereffective|p2a: Toxapex
|-damage|p2a: Toxapex|62/100 par
|move|p2a: Toxapex|Scald|p1a: Tyranitar
|-supereffective|p1a: Tyranitar
|-damage|p1a: Tyranitar|78/100
|-enditem|p1a: Tyranitar|Weakness Policy
|-boost|p1a: Tyranitar|atk|2
|-boost|p1a: Tyranitar|spa|2
|
|-weather|Sandstorm|[upkeep]
|-damage|p2a: Toxapex|56/100 par|[from] Sandstorm
|-heal|p2a: Toxapex|62/100 par|[from] item: Black Sludge
|-sideend|p1: BIG VIBE|move: Light Screen
|upkeep
|turn|13
|
|move|p1a: Tyranitar|Earthquake|p2a: Toxapex
|-supereffective|p2a: Toxapex
|-damage|p2a: Toxapex|23/100 par
|move|p2a: Toxapex|Scald|p1a: Tyranitar
|-supereffective|p1a: Tyranitar
|-damage|p1a: Tyranitar|58/100
|
|-weather|Sandstorm|[upkeep]
|-damage|p2a: Toxapex|16/100 par|[from] Sandstorm
|-heal|p2a: Toxapex|23/100 par|[from] item: Black Sludge
|-end|p2a: Toxapex|move: Taunt
|-sideend|p2: jerry judewong|move: Light Screen
|upkeep
|turn|14
|
|switch|p2a: Corsola|Corsola-Galar, M|100/100
|-activate|p2a: Corsola|move: Sticky Web
|-unboost|p2a: Corsola|spe|1
|move|p1a: Tyranitar|Earthquake|p2a: Corsola
|-damage|p2a: Corsola|80/100
|
|-weather|none
|-sideend|p2: jerry judewong|Reflect
|upkeep
|turn|15
|
|move|p1a: Tyranitar|Taunt|p2a: Corsola
|-start|p2a: Corsola|move: Taunt
|move|p2a: Corsola|Whirlpool|p1a: Tyranitar
|-supereffective|p1a: Tyranitar
|-damage|p1a: Tyranitar|48/100
|-activate|p1a: Tyranitar|move: Whirlpool|[of] p2a: Corsola
|
|-damage|p1a: Tyranitar|35/100|[from] move: Whirlpool|[partiallytrapped]
|upkeep
|turn|16
|
|move|p1a: Tyranitar|Stone Edge|p2a: Corsola
|-damage|p2a: Corsola|19/100
|move|p2a: Corsola|Whirlpool|p1a: Tyranitar
|-supereffective|p1a: Tyranitar
|-damage|p1a: Tyranitar|25/100
|
|-damage|p1a: Tyranitar|12/100|[from] move: Whirlpool|[partiallytrapped]
|upkeep
|turn|17
|
|switch|p2a: Ferrothorn|Ferrothorn, F|100/100 par
|-activate|p2a: Ferrothorn|move: Sticky Web
|-unboost|p2a: Ferrothorn|spe|1
|move|p1a: Tyranitar|Foul Play|p2a: Ferrothorn
|-damage|p2a: Ferrothorn|82/100 par
|-damage|p1a: Tyranitar|0 fnt|[from] ability: Iron Barbs|[of] p2a: Ferrothorn
|faint|p1a: Tyranitar
|
|-heal|p2a: Ferrothorn|89/100 par|[from] item: Leftovers
|upkeep
|
|switch|p1a: Dragapult|Dragapult, M|64/100
|-damage|p1a: Dragapult|51/100|[from] Stealth Rock
|-status|p1a: Dragapult|psn
|turn|18
|
|move|p1a: Dragapult|Flamethrower|p2a: Ferrothorn
|-supereffective|p2a: Ferrothorn
|-damage|p2a: Ferrothorn|0 fnt
|faint|p2a: Ferrothorn
|
|-damage|p1a: Dragapult|39/100 psn|[from] psn
|upkeep
|
|switch|p2a: Toxapex|Toxapex, F|56/100 par
|-activate|p2a: Toxapex|move: Sticky Web
|-unboost|p2a: Toxapex|spe|1
|turn|19
|
|switch|p1a: Galvantula|Galvantula, F|76/100
|-ability|p1a: Galvantula|Unnerve|p2: jerry judewong
|-status|p1a: Galvantula|psn
|-damage|p1a: Galvantula|51/100 psn|[from] Stealth Rock
|move|p2a: Toxapex|Toxic Spikes|p1a: Galvantula
|-sidestart|p1: BIG VIBE|move: Toxic Spikes
|
|-heal|p2a: Toxapex|62/100 par|[from] item: Black Sludge
|-damage|p1a: Galvantula|39/100 psn|[from] psn
|upkeep
|turn|20
|
|switch|p2a: Umbreon|Umbreon, M|100/100
|-activate|p2a: Umbreon|move: Sticky Web
|-unboost|p2a: Umbreon|spe|1
|move|p1a: Galvantula|Volt Switch|p2a: Umbreon
|-damage|p2a: Umbreon|88/100
|
|switch|p1a: Dragapult|Dragapult, M|39/100 psn|[from]move: Volt Switch
|-damage|p1a: Dragapult|27/100 psn|[from] Stealth Rock
|
|-damage|p1a: Dragapult|14/100 psn|[from] psn
|upkeep
|turn|21
|
|move|p1a: Dragapult|Shadow Ball|p2a: Umbreon
|-resisted|p2a: Umbreon
|-damage|p2a: Umbreon|75/100
|move|p2a: Umbreon|Moonlight|p2a: Umbreon
|-heal|p2a: Umbreon|100/100
|
|-damage|p1a: Dragapult|2/100 psn|[from] psn
|upkeep
|turn|22
|
|move|p1a: Dragapult|Shadow Ball|p2a: Umbreon
|-resisted|p2a: Umbreon
|-damage|p2a: Umbreon|87/100
|move|p2a: Umbreon|Wish|p2a: Umbreon
|
|-damage|p1a: Dragapult|0 fnt|[from] psn
|faint|p1a: Dragapult
|upkeep
|
|switch|p1a: Galvantula|Galvantula, F|39/100 psn
|-ability|p1a: Galvantula|Unnerve|p2: jerry judewong
|-damage|p1a: Galvantula|14/100 psn|[from] Stealth Rock
|turn|23
|
|move|p1a: Galvantula|Thunder Wave||[still]
|-status|p2a: Umbreon|par
|-activate|p2a: Umbreon|ability: Synchronize
|-fail|p2a: Umbreon
|move|p2a: Umbreon|Foul Play|p1a: Galvantula
|-damage|p1a: Galvantula|0 fnt
|faint|p1a: Galvantula
|
|-heal|p2a: Umbreon|100/100 par|[from] move: Wish|[wisher] Umbreon
|upkeep
|
|switch|p1a: Togekiss|Togekiss, M|100/100
|-damage|p1a: Togekiss|76/100|[from] Stealth Rock
|turn|24
|
|move|p1a: Togekiss|Nasty Plot|p1a: Togekiss
|-boost|p1a: Togekiss|spa|2
|move|p2a: Umbreon|Wish|p2a: Umbreon
|
|-heal|p1a: Togekiss|82/100|[from] item: Leftovers
|upkeep
|turn|25
|
|switch|p2a: Pyukumuku|Pyukumuku, M|99/100 par
|-activate|p2a: Pyukumuku|move: Sticky Web
|-unboost|p2a: Pyukumuku|spe|1
|move|p1a: Togekiss|Nasty Plot|p1a: Togekiss
|-boost|p1a: Togekiss|spa|2
|
|-heal|p2a: Pyukumuku|100/100 par|[from] move: Wish|[wisher] Umbreon
|-heal|p1a: Togekiss|88/100|[from] item: Leftovers
|upkeep
|turn|26
|
|move|p1a: Togekiss|Air Slash|p2a: Pyukumuku|[miss]
|-miss|p1a: Togekiss|p2a: Pyukumuku
|move|p2a: Pyukumuku|Light Screen|p2a: Pyukumuku
|-sidestart|p2: jerry judewong|move: Light Screen
|
|-heal|p1a: Togekiss|94/100|[from] item: Leftovers
|upkeep
|turn|27
|
|switch|p2a: Toxapex|Toxapex, F|95/100 par
|-activate|p2a: Toxapex|move: Sticky Web
|-unboost|p2a: Toxapex|spe|1
|move|p1a: Togekiss|Air Slash|p2a: Toxapex
|-damage|p2a: Toxapex|49/100 par
|
|-heal|p1a: Togekiss|99/100|[from] item: Leftovers
|-heal|p2a: Toxapex|55/100 par|[from] item: Black Sludge
|upkeep
|turn|28
|
|move|p1a: Togekiss|Dazzling Gleam|p2a: Toxapex
|-resisted|p2a: Toxapex
|-damage|p2a: Toxapex|30/100 par
|move|p2a: Toxapex|Toxic|p1a: Togekiss
|-status|p1a: Togekiss|tox
|
|-heal|p1a: Togekiss|100/100 tox|[from] item: Leftovers
|-heal|p2a: Toxapex|36/100 par|[from] item: Black Sludge
|-damage|p1a: Togekiss|94/100 tox|[from] psn
|upkeep
|turn|29
|
|switch|p2a: Pyukumuku|Pyukumuku, M|100/100 par
|-activate|p2a: Pyukumuku|move: Sticky Web
|-unboost|p2a: Pyukumuku|spe|1
|move|p1a: Togekiss|Air Slash|p2a: Pyukumuku
|-damage|p2a: Pyukumuku|87/100 par
|
|-heal|p1a: Togekiss|100/100 tox|[from] item: Leftovers
|-damage|p1a: Togekiss|88/100 tox|[from] psn
|upkeep
|turn|30
|
|move|p1a: Togekiss|Nasty Plot|p1a: Togekiss
|-boost|p1a: Togekiss|spa|2
|cant|p2a: Pyukumuku|par
|
|-heal|p1a: Togekiss|94/100 tox|[from] item: Leftovers
|-damage|p1a: Togekiss|76/100 tox|[from] psn
|upkeep
|turn|31
|
|move|p1a: Togekiss|Air Slash|p2a: Pyukumuku
|-damage|p2a: Pyukumuku|74/100 par
|move|p2a: Pyukumuku|Venom Drench|p1a: Togekiss
|-unboost|p1a: Togekiss|atk|1
|-unboost|p1a: Togekiss|spa|1
|-unboost|p1a: Togekiss|spe|1
|
|-heal|p1a: Togekiss|82/100 tox|[from] item: Leftovers
|-damage|p1a: Togekiss|58/100 tox|[from] psn
|upkeep
|turn|32
|
|move|p1a: Togekiss|Air Slash|p2a: Pyukumuku
|-damage|p2a: Pyukumuku|63/100 par
|move|p2a: Pyukumuku|Recover|p2a: Pyukumuku
|-heal|p2a: Pyukumuku|100/100 par
|
|-heal|p1a: Togekiss|64/100 tox|[from] item: Leftovers
|-damage|p1a: Togekiss|33/100 tox|[from] psn
|upkeep
|turn|33
|
|move|p1a: Togekiss|Air Slash|p2a: Pyukumuku
|-damage|p2a: Pyukumuku|88/100 par
|move|p2a: Pyukumuku|Venom Drench|p1a: Togekiss
|-unboost|p1a: Togekiss|atk|1
|-unboost|p1a: Togekiss|spa|1
|-unboost|p1a: Togekiss|spe|1
|
|-heal|p1a: Togekiss|39/100 tox|[from] item: Leftovers
|-damage|p1a: Togekiss|3/100 tox|[from] psn
|-sideend|p2: jerry judewong|move: Light Screen
|upkeep
|turn|34
|
|move|p1a: Togekiss|Air Slash|p2a: Pyukumuku
|-damage|p2a: Pyukumuku|63/100 par
|move|p2a: Pyukumuku|Light Screen|p2a: Pyukumuku
|-sidestart|p2: jerry judewong|move: Light Screen
|
|-heal|p1a: Togekiss|9/100 tox|[from] item: Leftovers
|-damage|p1a: Togekiss|0 fnt|[from] psn
|faint|p1a: Togekiss
|upkeep
|
|switch|p1a: Gyarados|Gyarados, F|100/100
|-damage|p1a: Gyarados|76/100|[from] Stealth Rock
|turn|35
|
|move|p1a: Gyarados|Substitute|p1a: Gyarados
|-start|p1a: Gyarados|Substitute
|-damage|p1a: Gyarados|51/100
|cant|p2a: Pyukumuku|par
|
|-heal|p1a: Gyarados|57/100|[from] item: Leftovers
|upkeep
|turn|36
|
|move|p1a: Gyarados|Dragon Dance|p1a: Gyarados
|-boost|p1a: Gyarados|atk|1
|-boost|p1a: Gyarados|spe|1
|cant|p2a: Pyukumuku|par
|
|-heal|p1a: Gyarados|63/100|[from] item: Leftovers
|upkeep
|turn|37
|
|switch|p2a: Dubwool|Dubwool, M|100/100
|-activate|p2a: Dubwool|move: Sticky Web
|-unboost|p2a: Dubwool|spe|1
|move|p1a: Gyarados|Dragon Dance|p1a: Gyarados
|-boost|p1a: Gyarados|atk|1
|-boost|p1a: Gyarados|spe|1
|
|-heal|p1a: Gyarados|69/100|[from] item: Leftovers
|upkeep
|turn|38
|
|move|p1a: Gyarados|Aqua Tail|p2a: Dubwool|[miss]
|-miss|p1a: Gyarados|p2a: Dubwool
|move|p2a: Dubwool|Cotton Guard|p2a: Dubwool
|-boost|p2a: Dubwool|def|3
|
|-heal|p1a: Gyarados|75/100|[from] item: Leftovers
|upkeep
|turn|39
|
|move|p1a: Gyarados|Dragon Dance|p1a: Gyarados
|-boost|p1a: Gyarados|atk|1
|-boost|p1a: Gyarados|spe|1
|move|p2a: Dubwool|Cotton Guard|p2a: Dubwool
|-boost|p2a: Dubwool|def|3
|
|-heal|p1a: Gyarados|81/100|[from] item: Leftovers
|upkeep
|turn|40
|
|move|p1a: Gyarados|Dragon Dance|p1a: Gyarados
|-boost|p1a: Gyarados|atk|1
|-boost|p1a: Gyarados|spe|1
|move|p2a: Dubwool|Body Press|p1a: Gyarados
|-resisted|p1a: Gyarados
|-end|p1a: Gyarados|Substitute
|
|-heal|p1a: Gyarados|87/100|[from] item: Leftovers
|upkeep
|turn|41
|
|move|p1a: Gyarados|Outrage|p2a: Dubwool
|-damage|p2a: Dubwool|84/100
|-damage|p1a: Gyarados|71/100|[from] item: Rocky Helmet|[of] p2a: Dubwool
|move|p2a: Dubwool|Body Press|p1a: Gyarados
|-resisted|p1a: Gyarados
|-damage|p1a: Gyarados|25/100
|
|-heal|p1a: Gyarados|31/100|[from] item: Leftovers
|-sideend|p2: jerry judewong|move: Light Screen
|upkeep
|turn|42
|-message|BIG VIBE forfeited.
|
|win|jerry judewong
|l|☆BIG VIBE
