|ScrapeTime|2020-01-02-14:54:54
|j|☆MissusMelonade
|j|☆Frozen❄️luckenbad
|player|p1|MissusMelonade|4|1330
|player|p2|Frozen❄️luckenbad|79|1334
|teamsize|p1|6
|teamsize|p2|6
|gametype|singles
|gen|8
|tier|[Gen 8] OU
|rated|
|rule|Sleep Clause Mod: Limit one foe put to sleep
|rule|Species Clause: Limit one of each Pokémon
|rule|OHKO Clause: OHKO moves are banned
|rule|Evasion Moves Clause: Evasion moves are banned
|rule|Endless Battle Clause: Forcing endless battles is banned
|rule|HP Percentage Mod: HP is shown in percentages
|clearpoke
|poke|p1|Hippowdon, M|
|poke|p1|Ditto|
|poke|p1|Clefable, M|
|poke|p1|Coalossal, M|
|poke|p1|Excadrill, F|
|poke|p1|Seismitoad, M|
|poke|p2|Hatterene, F|
|poke|p2|Ferrothorn, M|
|poke|p2|Dragapult, M|
|poke|p2|Corviknight, M|
|poke|p2|Clefable, M|
|poke|p2|Rotom-Heat|
|rule|Dynamax Clause: You cannot dynamax
|teampreview
|
|start
|switch|p1a: Coalossal|Coalossal, M|100/100
|switch|p2a: Dragapult|Dragapult, M|100/100
|turn|1
|
|switch|p2a: Hatterene|Hatterene, F|100/100
|move|p1a: Coalossal|Flamethrower|p2a: Hatterene
|-damage|p2a: Hatterene|72/100
|
|-heal|p2a: Hatterene|78/100|[from] item: Leftovers
|upkeep
|turn|2
|
|switch|p1a: Excadrill|Excadrill, F|100/100
|-ability|p1a: Excadrill|Mold Breaker
|move|p2a: Hatterene|Calm Mind|p2a: Hatterene
|-boost|p2a: Hatterene|spa|1
|-boost|p2a: Hatterene|spd|1
|
|-heal|p2a: Hatterene|84/100|[from] item: Leftovers
|upkeep
|turn|3
|
|switch|p2a: Corviknight|Corviknight, M|100/100
|-ability|p2a: Corviknight|Pressure
|move|p1a: Excadrill|Iron Head|p2a: Corviknight
|-resisted|p2a: Corviknight
|-damage|p2a: Corviknight|81/100
|
|-heal|p2a: Corviknight|87/100|[from] item: Leftovers
|upkeep
|turn|4
|
|switch|p1a: Coalossal|Coalossal, M|100/100
|move|p2a: Corviknight|Taunt|p1a: Coalossal
|-start|p1a: Coalossal|move: Taunt
|
|-heal|p2a: Corviknight|93/100|[from] item: Leftovers
|upkeep
|turn|5
|
|switch|p2a: Hatterene|Hatterene, F|84/100
|move|p1a: Coalossal|Flamethrower|p2a: Hatterene
|-damage|p2a: Hatterene|58/100
|-status|p2a: Hatterene|brn
|
|-heal|p2a: Hatterene|64/100 brn|[from] item: Leftovers
|-damage|p2a: Hatterene|58/100 brn|[from] brn
|upkeep
|turn|6
|
|switch|p2a: Dragapult|Dragapult, M|100/100
|switch|p1a: Excadrill|Excadrill, F|100/100
|-ability|p1a: Excadrill|Mold Breaker
|
|upkeep
|turn|7
|
|move|p2a: Dragapult|Will-O-Wisp|p1a: Excadrill
|-status|p1a: Excadrill|brn
|move|p1a: Excadrill|Earthquake|p2a: Dragapult
|-damage|p2a: Dragapult|64/100
|
|-heal|p2a: Dragapult|70/100|[from] item: Leftovers
|-damage|p1a: Excadrill|94/100 brn|[from] brn
|upkeep
|turn|8
|
|switch|p1a: Clefable|Clefable, M|100/100
|move|p2a: Dragapult|Hex|p1a: Clefable
|-damage|p1a: Clefable|80/100
|
|-heal|p2a: Dragapult|76/100|[from] item: Leftovers
|-heal|p1a: Clefable|86/100|[from] item: Leftovers
|upkeep
|turn|9
|
|switch|p2a: Hatterene|Hatterene, F|58/100 brn
|move|p1a: Clefable|Aromatherapy|p1a: Clefable
|-activate|p1a: Clefable|move: Aromatherapy
|-curestatus|p1: Excadrill|brn|[msg]
|
|-heal|p1a: Clefable|92/100|[from] item: Leftovers
|-heal|p2a: Hatterene|64/100 brn|[from] item: Leftovers
|-damage|p2a: Hatterene|58/100 brn|[from] brn
|upkeep
|turn|10
|
|switch|p1a: Excadrill|Excadrill, F|94/100
|-ability|p1a: Excadrill|Mold Breaker
|move|p2a: Hatterene|Calm Mind|p2a: Hatterene
|-boost|p2a: Hatterene|spa|1
|-boost|p2a: Hatterene|spd|1
|
|-heal|p2a: Hatterene|64/100 brn|[from] item: Leftovers
|-damage|p2a: Hatterene|58/100 brn|[from] brn
|upkeep
|turn|11
|
|move|p1a: Excadrill|Iron Head|p2a: Hatterene
|-supereffective|p2a: Hatterene
|-damage|p2a: Hatterene|0 fnt
|faint|p2a: Hatterene
|
|upkeep
|
|switch|p2a: Rotom|Rotom-Heat|100/100
|turn|12
|
|move|p2a: Rotom|Trick|p1a: Excadrill
|-activate|p2a: Rotom|move: Trick|[of] p1a: Excadrill
|-item|p1a: Excadrill|Choice Scarf|[from] move: Trick
|-item|p2a: Rotom|Assault Vest|[from] move: Trick
|move|p1a: Excadrill|Earthquake|p2a: Rotom
|-supereffective|p2a: Rotom
|-damage|p2a: Rotom|0 fnt
|faint|p2a: Rotom
|
|upkeep
|
|switch|p2a: Corviknight|Corviknight, M|93/100
|-ability|p2a: Corviknight|Pressure
|turn|13
|
|switch|p1a: Coalossal|Coalossal, M|100/100
|switch|p2a: Dragapult|Dragapult, M|76/100
|
|-heal|p2a: Dragapult|82/100|[from] item: Leftovers
|upkeep
|turn|14
|
|move|p2a: Dragapult|Substitute|p2a: Dragapult
|-start|p2a: Dragapult|Substitute
|-damage|p2a: Dragapult|57/100
|move|p1a: Coalossal|Spikes|p2a: Dragapult
|-sidestart|p2: Frozen❄️luckenbad|Spikes
|
|-heal|p2a: Dragapult|63/100|[from] item: Leftovers
|upkeep
|turn|15
|
|move|p2a: Dragapult|Hex|p1a: Coalossal
|-damage|p1a: Coalossal|80/100
|move|p1a: Coalossal|Spikes|p2a: Dragapult
|-sidestart|p2: Frozen❄️luckenbad|Spikes
|
|-heal|p2a: Dragapult|69/100|[from] item: Leftovers
|-heal|p1a: Coalossal|86/100|[from] item: Leftovers
|upkeep
|turn|16
|
|switch|p1a: Seismitoad|Seismitoad, M|100/100
|move|p2a: Dragapult|Hex|p1a: Seismitoad
|-damage|p1a: Seismitoad|69/100
|
|-heal|p2a: Dragapult|75/100|[from] item: Leftovers
|-heal|p1a: Seismitoad|75/100|[from] item: Leftovers
|upkeep
|turn|17
|
|switch|p1a: Coalossal|Coalossal, M|86/100
|move|p2a: Dragapult|Will-O-Wisp|p1a: Coalossal
|-immune|p1a: Coalossal
|
|-heal|p2a: Dragapult|81/100|[from] item: Leftovers
|-heal|p1a: Coalossal|92/100|[from] item: Leftovers
|upkeep
|turn|18
|
|switch|p1a: Seismitoad|Seismitoad, M|75/100
|move|p2a: Dragapult|Hex|p1a: Seismitoad
|-damage|p1a: Seismitoad|41/100
|
|-heal|p2a: Dragapult|87/100|[from] item: Leftovers
|-heal|p1a: Seismitoad|47/100|[from] item: Leftovers
|upkeep
|turn|19
|
|move|p2a: Dragapult|Will-O-Wisp|p1a: Seismitoad
|-status|p1a: Seismitoad|brn
|move|p1a: Seismitoad|Stealth Rock|p2a: Dragapult
|-sidestart|p2: Frozen❄️luckenbad|move: Stealth Rock
|
|-heal|p2a: Dragapult|93/100|[from] item: Leftovers
|-heal|p1a: Seismitoad|53/100 brn|[from] item: Leftovers
|-damage|p1a: Seismitoad|47/100 brn|[from] brn
|upkeep
|turn|20
|
|switch|p1a: Clefable|Clefable, M|92/100
|move|p2a: Dragapult|Hex|p1a: Clefable
|-damage|p1a: Clefable|71/100
|
|-heal|p2a: Dragapult|99/100|[from] item: Leftovers
|-heal|p1a: Clefable|77/100|[from] item: Leftovers
|upkeep
|turn|21
|
|move|p2a: Dragapult|Will-O-Wisp|p1a: Clefable
|-status|p1a: Clefable|brn
|move|p1a: Clefable|Moonblast|p2a: Dragapult
|-supereffective|p2a: Dragapult
|-end|p2a: Dragapult|Substitute
|
|-heal|p2a: Dragapult|100/100|[from] item: Leftovers
|-heal|p1a: Clefable|83/100 brn|[from] item: Leftovers
|upkeep
|turn|22
|
|switch|p1a: Ditto|Ditto|100/100
|-transform|p1a: Ditto|p2a: Dragapult|[from] ability: Imposter
|move|p2a: Dragapult|Hex|p1a: Ditto
|-supereffective|p1a: Ditto
|-damage|p1a: Ditto|4/100
|
|upkeep
|turn|23
|
|switch|p2a: Corviknight|Corviknight, M|93/100
|-damage|p2a: Corviknight|80/100|[from] Stealth Rock
|-ability|p2a: Corviknight|Pressure
|move|p1a: Ditto|Draco Meteor|p2a: Corviknight
|-resisted|p2a: Corviknight
|-damage|p2a: Corviknight|60/100
|-unboost|p1a: Ditto|spa|2
|
|-heal|p2a: Corviknight|66/100|[from] item: Leftovers
|upkeep
|turn|24
|
|switch|p1a: Coalossal|Coalossal, M|92/100
|move|p2a: Corviknight|Defog|p1a: Coalossal
|-unboost|p1a: Coalossal|evasion|1
|-sideend|p2: Frozen❄️luckenbad|Spikes|[from] move: Defog|[of] p2a: Corviknight
|-sideend|p2: Frozen❄️luckenbad|Stealth Rock|[from] move: Defog|[of] p2a: Corviknight
|
|-heal|p2a: Corviknight|72/100|[from] item: Leftovers
|-heal|p1a: Coalossal|98/100|[from] item: Leftovers
|upkeep
|turn|25
|
|switch|p2a: Dragapult|Dragapult, M|100/100
|move|p1a: Coalossal|Flamethrower|p2a: Dragapult
|-resisted|p2a: Dragapult
|-damage|p2a: Dragapult|82/100
|
|-heal|p2a: Dragapult|88/100|[from] item: Leftovers
|-heal|p1a: Coalossal|100/100|[from] item: Leftovers
|upkeep
|turn|26
|
|move|p2a: Dragapult|Hex|p1a: Coalossal
|-damage|p1a: Coalossal|82/100
|move|p1a: Coalossal|Spikes|p2a: Dragapult
|-sidestart|p2: Frozen❄️luckenbad|Spikes
|
|-heal|p2a: Dragapult|94/100|[from] item: Leftovers
|-heal|p1a: Coalossal|88/100|[from] item: Leftovers
|upkeep
|turn|27
|
|move|p2a: Dragapult|Draco Meteor|p1a: Coalossal
|-damage|p1a: Coalossal|50/100
|-unboost|p2a: Dragapult|spa|2
|move|p1a: Coalossal|Spikes|p2a: Dragapult
|-sidestart|p2: Frozen❄️luckenbad|Spikes
|
|-heal|p2a: Dragapult|99/100|[from] item: Leftovers
|-heal|p1a: Coalossal|56/100|[from] item: Leftovers
|upkeep
|turn|28
|
|switch|p2a: Corviknight|Corviknight, M|72/100
|-ability|p2a: Corviknight|Pressure
|move|p1a: Coalossal|Spikes|p2a: Corviknight
|-sidestart|p2: Frozen❄️luckenbad|Spikes
|
|-heal|p2a: Corviknight|78/100|[from] item: Leftovers
|-heal|p1a: Coalossal|62/100|[from] item: Leftovers
|upkeep
|turn|29
|
|move|p2a: Corviknight|Defog|p1a: Coalossal
|-unboost|p1a: Coalossal|evasion|1
|-sideend|p2: Frozen❄️luckenbad|Spikes|[from] move: Defog|[of] p2a: Corviknight
|move|p1a: Coalossal|Flamethrower|p2a: Corviknight
|-supereffective|p2a: Corviknight
|-damage|p2a: Corviknight|43/100
|
|-heal|p2a: Corviknight|49/100|[from] item: Leftovers
|-heal|p1a: Coalossal|68/100|[from] item: Leftovers
|upkeep
|turn|30
|
|move|p2a: Corviknight|Taunt|p1a: Coalossal
|-start|p1a: Coalossal|move: Taunt
|move|p1a: Coalossal|Flamethrower|p2a: Corviknight
|-supereffective|p2a: Corviknight
|-damage|p2a: Corviknight|13/100
|
|-heal|p2a: Corviknight|19/100|[from] item: Leftovers
|-heal|p1a: Coalossal|74/100|[from] item: Leftovers
|upkeep
|turn|31
|
|move|p2a: Corviknight|Roost|p2a: Corviknight
|-heal|p2a: Corviknight|69/100
|-singleturn|p2a: Corviknight|move: Roost
|move|p1a: Coalossal|Flamethrower|p2a: Corviknight
|-supereffective|p2a: Corviknight
|-damage|p2a: Corviknight|32/100
|
|-heal|p2a: Corviknight|38/100|[from] item: Leftovers
|-heal|p1a: Coalossal|80/100|[from] item: Leftovers
|upkeep
|turn|32
|
|move|p2a: Corviknight|Roost|p2a: Corviknight
|-heal|p2a: Corviknight|88/100
|-singleturn|p2a: Corviknight|move: Roost
|move|p1a: Coalossal|Flamethrower|p2a: Corviknight
|-supereffective|p2a: Corviknight
|-damage|p2a: Corviknight|55/100
|
|-heal|p2a: Corviknight|61/100|[from] item: Leftovers
|-heal|p1a: Coalossal|87/100|[from] item: Leftovers
|-end|p1a: Coalossal|move: Taunt
|upkeep
|turn|33
|
|move|p2a: Corviknight|Taunt|p1a: Coalossal
|-start|p1a: Coalossal|move: Taunt
|move|p1a: Coalossal|Flamethrower|p2a: Corviknight
|-supereffective|p2a: Corviknight
|-damage|p2a: Corviknight|24/100
|
|-heal|p2a: Corviknight|30/100|[from] item: Leftovers
|-heal|p1a: Coalossal|93/100|[from] item: Leftovers
|upkeep
|turn|34
|
|move|p2a: Corviknight|Roost|p2a: Corviknight
|-heal|p2a: Corviknight|80/100
|-singleturn|p2a: Corviknight|move: Roost
|move|p1a: Coalossal|Flamethrower|p2a: Corviknight
|-supereffective|p2a: Corviknight
|-crit|p2a: Corviknight
|-damage|p2a: Corviknight|26/100
|
|-heal|p2a: Corviknight|32/100|[from] item: Leftovers
|-heal|p1a: Coalossal|99/100|[from] item: Leftovers
|upkeep
|turn|35
|
|move|p2a: Corviknight|Roost|p2a: Corviknight
|-heal|p2a: Corviknight|82/100
|-singleturn|p2a: Corviknight|move: Roost
|move|p1a: Coalossal|Flamethrower|p2a: Corviknight
|-supereffective|p2a: Corviknight
|-damage|p2a: Corviknight|49/100
|
|-heal|p2a: Corviknight|55/100|[from] item: Leftovers
|-heal|p1a: Coalossal|100/100|[from] item: Leftovers
|-end|p1a: Coalossal|move: Taunt
|upkeep
|turn|36
|
|move|p2a: Corviknight|Taunt|p1a: Coalossal
|-start|p1a: Coalossal|move: Taunt
|move|p1a: Coalossal|Flamethrower|p2a: Corviknight
|-supereffective|p2a: Corviknight
|-damage|p2a: Corviknight|20/100
|
|-heal|p2a: Corviknight|26/100|[from] item: Leftovers
|upkeep
|turn|37
|
|move|p2a: Corviknight|Roost|p2a: Corviknight
|-heal|p2a: Corviknight|76/100
|-singleturn|p2a: Corviknight|move: Roost
|move|p1a: Coalossal|Flamethrower|p2a: Corviknight
|-supereffective|p2a: Corviknight
|-damage|p2a: Corviknight|42/100
|
|-heal|p2a: Corviknight|48/100|[from] item: Leftovers
|upkeep
|turn|38
|
|move|p2a: Corviknight|Roost|p2a: Corviknight
|-heal|p2a: Corviknight|98/100
|-singleturn|p2a: Corviknight|move: Roost
|move|p1a: Coalossal|Flamethrower|p2a: Corviknight
|-supereffective|p2a: Corviknight
|-damage|p2a: Corviknight|61/100
|
|-heal|p2a: Corviknight|67/100|[from] item: Leftovers
|-end|p1a: Coalossal|move: Taunt
|upkeep
|turn|39
|
|move|p2a: Corviknight|Taunt|p1a: Coalossal
|-start|p1a: Coalossal|move: Taunt
|move|p1a: Coalossal|Flamethrower|p2a: Corviknight
|-supereffective|p2a: Corviknight
|-damage|p2a: Corviknight|34/100
|
|-heal|p2a: Corviknight|40/100|[from] item: Leftovers
|upkeep
|turn|40
|
|switch|p1a: Clefable|Clefable, M|83/100 brn
|move|p2a: Corviknight|Roost|p2a: Corviknight
|-heal|p2a: Corviknight|90/100
|-singleturn|p2a: Corviknight|move: Roost
|
|-heal|p2a: Corviknight|96/100|[from] item: Leftovers
|-heal|p1a: Clefable|89/100 brn|[from] item: Leftovers
|upkeep
|turn|41
|
|move|p2a: Corviknight|Taunt|p1a: Clefable
|-start|p1a: Clefable|move: Taunt
|move|p1a: Clefable|Moonblast|p2a: Corviknight
|-resisted|p2a: Corviknight
|-damage|p2a: Corviknight|86/100
|
|-heal|p2a: Corviknight|92/100|[from] item: Leftovers
|-heal|p1a: Clefable|95/100 brn|[from] item: Leftovers
|upkeep
|turn|42
|
|switch|p1a: Coalossal|Coalossal, M|100/100
|move|p2a: Corviknight|Iron Head|p1a: Coalossal
|-damage|p1a: Coalossal|83/100
|
|-heal|p2a: Corviknight|98/100|[from] item: Leftovers
|-heal|p1a: Coalossal|89/100|[from] item: Leftovers
|upkeep
|turn|43
|
|switch|p2a: Dragapult|Dragapult, M|99/100
|switch|p1a: Hippowdon|Hippowdon, M|100/100
|-weather|Sandstorm|[from] ability: Sand Stream|[of] p1a: Hippowdon
|
|-weather|Sandstorm|[upkeep]
|-damage|p2a: Dragapult|94/100|[from] Sandstorm
|-heal|p2a: Dragapult|99/100|[from] item: Leftovers
|upkeep
|turn|44
|
|switch|p1a: Coalossal|Coalossal, M|89/100
|move|p2a: Dragapult|Will-O-Wisp|p1a: Coalossal
|-immune|p1a: Coalossal
|
|-weather|Sandstorm|[upkeep]
|-damage|p2a: Dragapult|94/100|[from] Sandstorm
|-heal|p2a: Dragapult|99/100|[from] item: Leftovers
|-heal|p1a: Coalossal|96/100|[from] item: Leftovers
|upkeep
|turn|45
|
|switch|p2a: Ferrothorn|Ferrothorn, M|100/100
|move|p1a: Coalossal|Will-O-Wisp|p2a: Ferrothorn
|-status|p2a: Ferrothorn|brn
|
|-weather|Sandstorm|[upkeep]
|-heal|p1a: Coalossal|100/100|[from] item: Leftovers
|-damage|p2a: Ferrothorn|94/100 brn|[from] brn
|upkeep
|turn|46
|
|move|p1a: Coalossal|Spikes|p2a: Ferrothorn
|-sidestart|p2: Frozen❄️luckenbad|Spikes
|move|p2a: Ferrothorn|Knock Off|p1a: Coalossal
|-damage|p1a: Coalossal|94/100
|-enditem|p1a: Coalossal|Leftovers|[from] move: Knock Off|[of] p2a: Ferrothorn
|
|-weather|Sandstorm|[upkeep]
|-heal|p2a: Ferrothorn|100/100 brn|[from] item: Leftovers
|-damage|p2a: Ferrothorn|94/100 brn|[from] brn
|upkeep
|turn|47
|
|move|p1a: Coalossal|Spikes|p2a: Ferrothorn
|-sidestart|p2: Frozen❄️luckenbad|Spikes
|move|p2a: Ferrothorn|Spikes|p1a: Coalossal
|-sidestart|p1: MissusMelonade|Spikes
|
|-weather|none
|-heal|p2a: Ferrothorn|100/100 brn|[from] item: Leftovers
|-damage|p2a: Ferrothorn|94/100 brn|[from] brn
|upkeep
|turn|48
|
|move|p1a: Coalossal|Spikes|p2a: Ferrothorn
|-sidestart|p2: Frozen❄️luckenbad|Spikes
|move|p2a: Ferrothorn|Spikes|p1a: Coalossal
|-sidestart|p1: MissusMelonade|Spikes
|
|-heal|p2a: Ferrothorn|100/100 brn|[from] item: Leftovers
|-damage|p2a: Ferrothorn|94/100 brn|[from] brn
|upkeep
|turn|49
|
|switch|p2a: Corviknight|Corviknight, M|98/100
|-ability|p2a: Corviknight|Pressure
|move|p1a: Coalossal|Rapid Spin|p2a: Corviknight
|-resisted|p2a: Corviknight
|-damage|p2a: Corviknight|95/100
|-sideend|p1: MissusMelonade|Spikes|[from] move: Rapid Spin|[of] p1a: Coalossal
|-boost|p1a: Coalossal|spe|1
|
|-heal|p2a: Corviknight|100/100|[from] item: Leftovers
|upkeep
|turn|50
|
|switch|p1a: Ditto|Ditto|4/100
|-transform|p1a: Ditto|p2a: Corviknight|[from] ability: Imposter
|-ability|p1a: Ditto|Pressure
|move|p2a: Corviknight|Taunt|p1a: Ditto
|-start|p1a: Ditto|move: Taunt
|
|upkeep
|turn|51
|
|switch|p1a: Clefable|Clefable, M|95/100 brn
|move|p2a: Corviknight|Defog|p1a: Clefable
|-unboost|p1a: Clefable|evasion|1
|-sideend|p2: Frozen❄️luckenbad|Spikes|[from] move: Defog|[of] p2a: Corviknight
|
|-heal|p1a: Clefable|100/100 brn|[from] item: Leftovers
|upkeep
|turn|52
|
|move|p2a: Corviknight|Iron Head|p1a: Clefable
|-supereffective|p1a: Clefable
|-damage|p1a: Clefable|46/100 brn
|move|p1a: Clefable|Aromatherapy|p1a: Clefable
|-activate|p1a: Clefable|move: Aromatherapy
|-curestatus|p1a: Clefable|brn|[msg]
|-curestatus|p1: Seismitoad|brn|[msg]
|
|-heal|p1a: Clefable|52/100|[from] item: Leftovers
|upkeep
|turn|53
|
|switch|p1a: Hippowdon|Hippowdon, M|100/100
|-weather|Sandstorm|[from] ability: Sand Stream|[of] p1a: Hippowdon
|move|p2a: Corviknight|Iron Head|p1a: Hippowdon
|-damage|p1a: Hippowdon|87/100
|
|-weather|Sandstorm|[upkeep]
|-heal|p1a: Hippowdon|93/100|[from] item: Leftovers
|upkeep
|turn|54
|
|move|p2a: Corviknight|Taunt|p1a: Hippowdon
|-start|p1a: Hippowdon|move: Taunt
|move|p1a: Hippowdon|Body Press|p2a: Corviknight
|-damage|p2a: Corviknight|75/100
|
|-weather|Sandstorm|[upkeep]
|-heal|p2a: Corviknight|81/100|[from] item: Leftovers
|-heal|p1a: Hippowdon|99/100|[from] item: Leftovers
|upkeep
|turn|55
|
|switch|p2a: Clefable|Clefable, M|100/100
|move|p1a: Hippowdon|Body Press|p2a: Clefable
|-resisted|p2a: Clefable
|-damage|p2a: Clefable|83/100
|
|-weather|Sandstorm|[upkeep]
|-heal|p2a: Clefable|90/100|[from] item: Leftovers
|-heal|p1a: Hippowdon|100/100|[from] item: Leftovers
|upkeep
|turn|56
|
|switch|p1a: Excadrill|Excadrill, F|94/100
|-ability|p1a: Excadrill|Mold Breaker
|move|p2a: Clefable|Stealth Rock|p1a: Excadrill
|-sidestart|p1: MissusMelonade|move: Stealth Rock
|
|-weather|Sandstorm|[upkeep]
|-heal|p2a: Clefable|96/100|[from] item: Leftovers
|upkeep
|turn|57
|
|switch|p2a: Corviknight|Corviknight, M|81/100
|-ability|p2a: Corviknight|Pressure
|move|p1a: Excadrill|Iron Head|p2a: Corviknight
|-resisted|p2a: Corviknight
|-damage|p2a: Corviknight|63/100
|
|-weather|none
|-heal|p2a: Corviknight|69/100|[from] item: Leftovers
|upkeep
|turn|58
|
|switch|p2a: Ferrothorn|Ferrothorn, M|94/100 brn
|move|p1a: Excadrill|Iron Head|p2a: Ferrothorn
|-resisted|p2a: Ferrothorn
|-damage|p2a: Ferrothorn|81/100 brn
|-damage|p1a: Excadrill|82/100|[from] ability: Iron Barbs|[of] p2a: Ferrothorn
|
|-heal|p2a: Ferrothorn|87/100 brn|[from] item: Leftovers
|-damage|p2a: Ferrothorn|81/100 brn|[from] brn
|upkeep
|turn|59
|
|switch|p1a: Coalossal|Coalossal, M|94/100
|-damage|p1a: Coalossal|69/100|[from] Stealth Rock
|move|p2a: Ferrothorn|Leech Seed|p1a: Coalossal
|-start|p1a: Coalossal|move: Leech Seed
|
|-heal|p2a: Ferrothorn|87/100 brn|[from] item: Leftovers
|-damage|p1a: Coalossal|56/100|[from] Leech Seed|[of] p2a: Ferrothorn
|-heal|p2a: Ferrothorn|100/100 brn|[silent]
|-damage|p2a: Ferrothorn|94/100 brn|[from] brn
|upkeep
|turn|60
|
|switch|p2a: Clefable|Clefable, M|96/100
|move|p1a: Coalossal|Will-O-Wisp|p2a: Clefable
|-status|p2a: Clefable|brn
|
|-heal|p2a: Clefable|100/100 brn|[from] item: Leftovers
|-damage|p1a: Coalossal|44/100|[from] Leech Seed|[of] p2a: Clefable
|upkeep
|turn|61
|
|move|p2a: Clefable|Protect|p2a: Clefable
|-singleturn|p2a: Clefable|Protect
|move|p1a: Coalossal|Rapid Spin|p2a: Clefable
|-activate|p2a: Clefable|move: Protect
|
|-damage|p1a: Coalossal|31/100|[from] Leech Seed|[of] p2a: Clefable
|upkeep
|turn|62
|
|switch|p2a: Dragapult|Dragapult, M|99/100
|move|p1a: Coalossal|Will-O-Wisp|p2a: Dragapult
|-status|p2a: Dragapult|brn
|
|-heal|p2a: Dragapult|100/100 brn|[from] item: Leftovers
|-damage|p1a: Coalossal|19/100|[from] Leech Seed|[of] p2a: Dragapult
|-damage|p2a: Dragapult|95/100 brn|[from] brn
|upkeep
|turn|63
|
|move|p2a: Dragapult|Hex|p1a: Coalossal
|-damage|p1a: Coalossal|0 fnt
|faint|p1a: Coalossal
|
|-heal|p2a: Dragapult|100/100 brn|[from] item: Leftovers
|-damage|p2a: Dragapult|95/100 brn|[from] brn
|upkeep
|
|switch|p1a: Clefable|Clefable, M|52/100
|turn|64
|
|switch|p2a: Corviknight|Corviknight, M|69/100
|-ability|p2a: Corviknight|Pressure
|move|p1a: Clefable|Wish|p1a: Clefable
|
|-heal|p2a: Corviknight|75/100|[from] item: Leftovers
|-heal|p1a: Clefable|58/100|[from] item: Leftovers
|upkeep
|turn|65
|
|move|p1a: Clefable|Protect|p1a: Clefable
|-singleturn|p1a: Clefable|Protect
|move|p2a: Corviknight|Iron Head|p1a: Clefable
|-activate|p1a: Clefable|move: Protect
|
|-heal|p1a: Clefable|100/100|[from] move: Wish|[wisher] Clefable
|-heal|p2a: Corviknight|81/100|[from] item: Leftovers
|upkeep
|turn|66
|
|switch|p1a: Hippowdon|Hippowdon, M|100/100
|-damage|p1a: Hippowdon|94/100|[from] Stealth Rock
|-weather|Sandstorm|[from] ability: Sand Stream|[of] p1a: Hippowdon
|move|p2a: Corviknight|Taunt|p1a: Hippowdon
|-start|p1a: Hippowdon|move: Taunt
|
|-weather|Sandstorm|[upkeep]
|-heal|p2a: Corviknight|87/100|[from] item: Leftovers
|-heal|p1a: Hippowdon|100/100|[from] item: Leftovers
|upkeep
|turn|67
|
|switch|p2a: Ferrothorn|Ferrothorn, M|94/100 brn
|move|p1a: Hippowdon|Body Press|p2a: Ferrothorn
|-supereffective|p2a: Ferrothorn
|-damage|p2a: Ferrothorn|61/100 brn
|-damage|p1a: Hippowdon|88/100|[from] ability: Iron Barbs|[of] p2a: Ferrothorn
|
|-weather|Sandstorm|[upkeep]
|-heal|p1a: Hippowdon|94/100|[from] item: Leftovers
|-heal|p2a: Ferrothorn|68/100 brn|[from] item: Leftovers
|-damage|p2a: Ferrothorn|61/100 brn|[from] brn
|upkeep
|turn|68
|
|switch|p1a: Clefable|Clefable, M|100/100
|move|p2a: Ferrothorn|Leech Seed|p1a: Clefable
|-start|p1a: Clefable|move: Leech Seed
|
|-weather|Sandstorm|[upkeep]
|-heal|p2a: Ferrothorn|68/100 brn|[from] item: Leftovers
|-damage|p2a: Ferrothorn|61/100 brn|[from] brn
|upkeep
|turn|69
|
|move|p1a: Clefable|Wish|p1a: Clefable
|move|p2a: Ferrothorn|Spikes|p1a: Clefable
|-sidestart|p1: MissusMelonade|Spikes
|
|-weather|Sandstorm|[upkeep]
|-heal|p2a: Ferrothorn|68/100 brn|[from] item: Leftovers
|-damage|p2a: Ferrothorn|61/100 brn|[from] brn
|upkeep
|turn|70
|
|switch|p1a: Seismitoad|Seismitoad, M|47/100
|-damage|p1a: Seismitoad|34/100|[from] Spikes
|-damage|p1a: Seismitoad|28/100|[from] Stealth Rock
|move|p2a: Ferrothorn|Spikes|p1a: Seismitoad
|-sidestart|p1: MissusMelonade|Spikes
|
|-weather|none
|-heal|p1a: Seismitoad|76/100|[from] move: Wish|[wisher] Clefable
|-heal|p1a: Seismitoad|82/100|[from] item: Leftovers
|-heal|p2a: Ferrothorn|68/100 brn|[from] item: Leftovers
|-damage|p2a: Ferrothorn|61/100 brn|[from] brn
|upkeep
|turn|71
|
|switch|p1a: Excadrill|Excadrill, F|82/100
|-damage|p1a: Excadrill|79/100|[from] Stealth Rock
|-damage|p1a: Excadrill|62/100|[from] Spikes
|-ability|p1a: Excadrill|Mold Breaker
|move|p2a: Ferrothorn|Spikes|p1a: Excadrill
|-sidestart|p1: MissusMelonade|Spikes
|
|-heal|p2a: Ferrothorn|68/100 brn|[from] item: Leftovers
|-damage|p2a: Ferrothorn|61/100 brn|[from] brn
|upkeep
|turn|72
|
|switch|p2a: Dragapult|Dragapult, M|95/100 brn
|move|p1a: Excadrill|Rapid Spin|p2a: Dragapult
|-immune|p2a: Dragapult
|
|-heal|p2a: Dragapult|100/100 brn|[from] item: Leftovers
|-damage|p2a: Dragapult|95/100 brn|[from] brn
|upkeep
|turn|73
|
|switch|p1a: Clefable|Clefable, M|100/100
|move|p2a: Dragapult|Will-O-Wisp|p1a: Clefable
|-status|p1a: Clefable|brn
|
|-heal|p2a: Dragapult|100/100 brn|[from] item: Leftovers
|-damage|p2a: Dragapult|95/100 brn|[from] brn
|upkeep
|turn|74
|
|switch|p2a: Corviknight|Corviknight, M|87/100
|-ability|p2a: Corviknight|Pressure
|move|p1a: Clefable|Moonblast|p2a: Corviknight
|-resisted|p2a: Corviknight
|-damage|p2a: Corviknight|78/100
|
|-heal|p2a: Corviknight|84/100|[from] item: Leftovers
|upkeep
|turn|75
|
|switch|p1a: Hippowdon|Hippowdon, M|94/100
|-damage|p1a: Hippowdon|88/100|[from] Stealth Rock
|-damage|p1a: Hippowdon|63/100|[from] Spikes
|-weather|Sandstorm|[from] ability: Sand Stream|[of] p1a: Hippowdon
|move|p2a: Corviknight|Taunt|p1a: Hippowdon
|-start|p1a: Hippowdon|move: Taunt
|
|-weather|Sandstorm|[upkeep]
|-heal|p2a: Corviknight|90/100|[from] item: Leftovers
|-heal|p1a: Hippowdon|69/100|[from] item: Leftovers
|upkeep
|turn|76
|
|move|p2a: Corviknight|Iron Head|p1a: Hippowdon
|-damage|p1a: Hippowdon|56/100
|cant|p1a: Hippowdon|flinch
|
|-weather|Sandstorm|[upkeep]
|-heal|p2a: Corviknight|96/100|[from] item: Leftovers
|-heal|p1a: Hippowdon|63/100|[from] item: Leftovers
|upkeep
|turn|77
|
|switch|p2a: Dragapult|Dragapult, M|95/100 brn
|move|p1a: Hippowdon|Body Press|p2a: Dragapult
|-immune|p2a: Dragapult
|
|-weather|Sandstorm|[upkeep]
|-damage|p2a: Dragapult|89/100 brn|[from] Sandstorm
|-heal|p2a: Dragapult|95/100 brn|[from] item: Leftovers
|-heal|p1a: Hippowdon|69/100|[from] item: Leftovers
|-damage|p2a: Dragapult|89/100 brn|[from] brn
|-end|p1a: Hippowdon|move: Taunt
|upkeep
|turn|78
|
|switch|p1a: Clefable|Clefable, M|100/100 brn
|move|p2a: Dragapult|Will-O-Wisp|p1a: Clefable
|-fail|p1a: Clefable|brn
|
|-weather|Sandstorm|[upkeep]
|-damage|p2a: Dragapult|83/100 brn|[from] Sandstorm
|-heal|p2a: Dragapult|89/100 brn|[from] item: Leftovers
|-damage|p2a: Dragapult|83/100 brn|[from] brn
|upkeep
|turn|79
|
|switch|p2a: Corviknight|Corviknight, M|96/100
|-ability|p2a: Corviknight|Pressure
|move|p1a: Clefable|Wish|p1a: Clefable
|
|-weather|none
|-heal|p2a: Corviknight|100/100|[from] item: Leftovers
|upkeep
|turn|80
|
|switch|p2a: Dragapult|Dragapult, M|83/100 brn
|switch|p1a: Excadrill|Excadrill, F|62/100
|-damage|p1a: Excadrill|59/100|[from] Stealth Rock
|-damage|p1a: Excadrill|34/100|[from] Spikes
|-ability|p1a: Excadrill|Mold Breaker
|
|-heal|p1a: Excadrill|89/100|[from] move: Wish|[wisher] Clefable
|-heal|p2a: Dragapult|89/100 brn|[from] item: Leftovers
|-damage|p2a: Dragapult|83/100 brn|[from] brn
|upkeep
|turn|81
|
|switch|p2a: Ferrothorn|Ferrothorn, M|61/100 brn
|move|p1a: Excadrill|Earthquake|p2a: Ferrothorn
|-damage|p2a: Ferrothorn|26/100 brn
|
|-heal|p2a: Ferrothorn|33/100 brn|[from] item: Leftovers
|-damage|p2a: Ferrothorn|26/100 brn|[from] brn
|upkeep
|turn|82
|
|switch|p1a: Clefable|Clefable, M|100/100 brn
|switch|p2a: Corviknight|Corviknight, M|100/100
|-ability|p2a: Corviknight|Pressure
|
|upkeep
|turn|83
|
|move|p1a: Clefable|Protect|p1a: Clefable
|-singleturn|p1a: Clefable|Protect
|move|p2a: Corviknight|Iron Head|p1a: Clefable
|-activate|p1a: Clefable|move: Protect
|
|upkeep
|turn|84
|
|switch|p1a: Seismitoad|Seismitoad, M|82/100
|-damage|p1a: Seismitoad|57/100|[from] Spikes
|-damage|p1a: Seismitoad|51/100|[from] Stealth Rock
|move|p2a: Corviknight|Taunt|p1a: Seismitoad
|-start|p1a: Seismitoad|move: Taunt
|
|-heal|p1a: Seismitoad|57/100|[from] item: Leftovers
|upkeep
|turn|85
|
|switch|p2a: Ferrothorn|Ferrothorn, M|26/100 brn
|move|p1a: Seismitoad|Scald|p2a: Ferrothorn
|-resisted|p2a: Ferrothorn
|-damage|p2a: Ferrothorn|16/100 brn
|
|-heal|p1a: Seismitoad|63/100|[from] item: Leftovers
|-heal|p2a: Ferrothorn|22/100 brn|[from] item: Leftovers
|-damage|p2a: Ferrothorn|16/100 brn|[from] brn
|upkeep
|turn|86
|
|switch|p2a: Corviknight|Corviknight, M|100/100
|-ability|p2a: Corviknight|Pressure
|move|p1a: Seismitoad|Earthquake|p2a: Corviknight
|-immune|p2a: Corviknight
|
|-heal|p1a: Seismitoad|69/100|[from] item: Leftovers
|-end|p1a: Seismitoad|move: Taunt
|upkeep
|turn|87
|
|switch|p2a: Dragapult|Dragapult, M|83/100 brn
|move|p1a: Seismitoad|Scald|p2a: Dragapult
|-resisted|p2a: Dragapult
|-damage|p2a: Dragapult|67/100 brn
|
|-heal|p2a: Dragapult|73/100 brn|[from] item: Leftovers
|-heal|p1a: Seismitoad|75/100|[from] item: Leftovers
|-damage|p2a: Dragapult|67/100 brn|[from] brn
|upkeep
|turn|88
|
|switch|p1a: Clefable|Clefable, M|100/100 brn
|move|p2a: Dragapult|Hex|p1a: Clefable
|-damage|p1a: Clefable|56/100 brn
|
|-heal|p2a: Dragapult|73/100 brn|[from] item: Leftovers
|-heal|p1a: Clefable|62/100 brn|[from] item: Leftovers
|-damage|p2a: Dragapult|67/100 brn|[from] brn
|upkeep
|turn|89
|
|switch|p2a: Corviknight|Corviknight, M|100/100
|-ability|p2a: Corviknight|Pressure
|move|p1a: Clefable|Wish|p1a: Clefable
|
|-heal|p1a: Clefable|69/100 brn|[from] item: Leftovers
|upkeep
|turn|90
|
|switch|p2a: Clefable|Clefable, M|100/100 brn
|switch|p1a: Hippowdon|Hippowdon, M|69/100
|-damage|p1a: Hippowdon|44/100|[from] Spikes
|-damage|p1a: Hippowdon|38/100|[from] Stealth Rock
|-weather|Sandstorm|[from] ability: Sand Stream|[of] p1a: Hippowdon
|
|-weather|Sandstorm|[upkeep]
|-heal|p1a: Hippowdon|85/100|[from] move: Wish|[wisher] Clefable
|-heal|p1a: Hippowdon|91/100|[from] item: Leftovers
|upkeep
|turn|91
|
|move|p2a: Clefable|Wish|p2a: Clefable
|move|p1a: Hippowdon|Earthquake|p2a: Clefable
|-damage|p2a: Clefable|55/100 brn
|
|-weather|Sandstorm|[upkeep]
|-heal|p2a: Clefable|61/100 brn|[from] item: Leftovers
|-heal|p1a: Hippowdon|97/100|[from] item: Leftovers
|upkeep
|turn|92
|
|move|p2a: Clefable|Moonblast|p1a: Hippowdon
|-damage|p1a: Hippowdon|64/100
|move|p1a: Hippowdon|Earthquake|p2a: Clefable
|-damage|p2a: Clefable|21/100 brn
|
|-weather|Sandstorm|[upkeep]
|-heal|p2a: Clefable|71/100 brn|[from] move: Wish|[wisher] Clefable
|-heal|p2a: Clefable|77/100 brn|[from] item: Leftovers
|-heal|p1a: Hippowdon|70/100|[from] item: Leftovers
|upkeep
|turn|93
|
|move|p2a: Clefable|Wish|p2a: Clefable
|move|p1a: Hippowdon|Earthquake|p2a: Clefable
|-damage|p2a: Clefable|34/100 brn
|
|-weather|Sandstorm|[upkeep]
|-heal|p2a: Clefable|40/100 brn|[from] item: Leftovers
|-heal|p1a: Hippowdon|76/100|[from] item: Leftovers
|upkeep
|turn|94
|
|move|p2a: Clefable|Protect|p2a: Clefable
|-singleturn|p2a: Clefable|Protect
|move|p1a: Hippowdon|Earthquake|p2a: Clefable
|-activate|p2a: Clefable|move: Protect
|
|-weather|none
|-heal|p2a: Clefable|90/100 brn|[from] move: Wish|[wisher] Clefable
|-heal|p2a: Clefable|96/100 brn|[from] item: Leftovers
|-heal|p1a: Hippowdon|82/100|[from] item: Leftovers
|upkeep
|turn|95
|
|move|p2a: Clefable|Wish|p2a: Clefable
|move|p1a: Hippowdon|Earthquake|p2a: Clefable
|-damage|p2a: Clefable|54/100 brn
|
|-heal|p2a: Clefable|60/100 brn|[from] item: Leftovers
|-heal|p1a: Hippowdon|89/100|[from] item: Leftovers
|upkeep
|turn|96
|
|move|p2a: Clefable|Protect|p2a: Clefable
|-singleturn|p2a: Clefable|Protect
|move|p1a: Hippowdon|Earthquake|p2a: Clefable
|-activate|p2a: Clefable|move: Protect
|
|-heal|p2a: Clefable|100/100 brn|[from] move: Wish|[wisher] Clefable
|-heal|p1a: Hippowdon|95/100|[from] item: Leftovers
|upkeep
|turn|97
|
|move|p2a: Clefable|Wish|p2a: Clefable
|move|p1a: Hippowdon|Whirlwind|p2a: Clefable
|drag|p2a: Dragapult|Dragapult, M|67/100 brn
|
|-heal|p2a: Dragapult|73/100 brn|[from] item: Leftovers
|-heal|p1a: Hippowdon|100/100|[from] item: Leftovers
|-damage|p2a: Dragapult|67/100 brn|[from] brn
|upkeep
|turn|98
|
|move|p2a: Dragapult|Substitute|p2a: Dragapult
|-start|p2a: Dragapult|Substitute
|-damage|p2a: Dragapult|42/100 brn
|move|p1a: Hippowdon|Earthquake|p2a: Dragapult
|-end|p2a: Dragapult|Substitute
|
|-heal|p2a: Dragapult|100/100 brn|[from] move: Wish|[wisher] Clefable
|-damage|p2a: Dragapult|95/100 brn|[from] brn
|upkeep
|turn|99
|
|switch|p1a: Clefable|Clefable, M|69/100 brn
|move|p2a: Dragapult|Will-O-Wisp|p1a: Clefable
|-fail|p1a: Clefable|brn
|
|-heal|p2a: Dragapult|100/100 brn|[from] item: Leftovers
|-heal|p1a: Clefable|75/100 brn|[from] item: Leftovers
|-damage|p2a: Dragapult|95/100 brn|[from] brn
|upkeep
|turn|100
|
|move|p2a: Dragapult|Hex|p1a: Clefable
|-damage|p1a: Clefable|35/100 brn
|move|p1a: Clefable|Wish|p1a: Clefable
|
|-heal|p2a: Dragapult|100/100 brn|[from] item: Leftovers
|-heal|p1a: Clefable|41/100 brn|[from] item: Leftovers
|-damage|p2a: Dragapult|95/100 brn|[from] brn
|upkeep
|turn|101
|
|move|p1a: Clefable|Protect|p1a: Clefable
|-singleturn|p1a: Clefable|Protect
|move|p2a: Dragapult|Substitute|p2a: Dragapult
|-start|p2a: Dragapult|Substitute
|-damage|p2a: Dragapult|70/100 brn
|
|-heal|p1a: Clefable|91/100 brn|[from] move: Wish|[wisher] Clefable
|-heal|p2a: Dragapult|76/100 brn|[from] item: Leftovers
|-heal|p1a: Clefable|97/100 brn|[from] item: Leftovers
|-damage|p2a: Dragapult|70/100 brn|[from] brn
|upkeep
|turn|102
|
|move|p2a: Dragapult|Hex|p1a: Clefable
|-damage|p1a: Clefable|55/100 brn
|move|p1a: Clefable|Wish|p1a: Clefable
|
|-heal|p2a: Dragapult|76/100 brn|[from] item: Leftovers
|-heal|p1a: Clefable|61/100 brn|[from] item: Leftovers
|-damage|p2a: Dragapult|70/100 brn|[from] brn
|upkeep
|turn|103
|
|move|p2a: Dragapult|Hex|p1a: Clefable
|-damage|p1a: Clefable|18/100 brn
|move|p1a: Clefable|Moonblast|p2a: Dragapult
|-supereffective|p2a: Dragapult
|-end|p2a: Dragapult|Substitute
|
|-heal|p1a: Clefable|68/100 brn|[from] move: Wish|[wisher] Clefable
|-heal|p2a: Dragapult|76/100 brn|[from] item: Leftovers
|-heal|p1a: Clefable|74/100 brn|[from] item: Leftovers
|-damage|p2a: Dragapult|70/100 brn|[from] brn
|upkeep
|turn|104
|
|switch|p2a: Corviknight|Corviknight, M|100/100
|-ability|p2a: Corviknight|Pressure
|move|p1a: Clefable|Moonblast|p2a: Corviknight
|-resisted|p2a: Corviknight
|-crit|p2a: Corviknight
|-damage|p2a: Corviknight|83/100
|-unboost|p2a: Corviknight|spa|1
|
|-heal|p2a: Corviknight|89/100|[from] item: Leftovers
|-heal|p1a: Clefable|80/100 brn|[from] item: Leftovers
|upkeep
|turn|105
|
|switch|p1a: Seismitoad|Seismitoad, M|75/100
|-damage|p1a: Seismitoad|50/100|[from] Spikes
|-damage|p1a: Seismitoad|44/100|[from] Stealth Rock
|move|p2a: Corviknight|Iron Head|p1a: Seismitoad
|-resisted|p1a: Seismitoad
|-crit|p1a: Seismitoad
|-damage|p1a: Seismitoad|31/100
|
|-heal|p2a: Corviknight|95/100|[from] item: Leftovers
|-heal|p1a: Seismitoad|37/100|[from] item: Leftovers
|upkeep
|turn|106
|
|switch|p2a: Clefable|Clefable, M|100/100 brn
|move|p1a: Seismitoad|Earthquake|p2a: Clefable
|-damage|p2a: Clefable|62/100 brn
|
|-heal|p1a: Seismitoad|43/100|[from] item: Leftovers
|-heal|p2a: Clefable|68/100 brn|[from] item: Leftovers
|upkeep
|turn|107
|
|move|p1a: Seismitoad|Earthquake|p2a: Clefable
|-damage|p2a: Clefable|32/100 brn
|move|p2a: Clefable|Wish|p2a: Clefable
|
|-heal|p1a: Seismitoad|49/100|[from] item: Leftovers
|-heal|p2a: Clefable|38/100 brn|[from] item: Leftovers
|upkeep
|turn|108
|
|move|p2a: Clefable|Protect|p2a: Clefable
|-singleturn|p2a: Clefable|Protect
|move|p1a: Seismitoad|Earthquake|p2a: Clefable
|-activate|p2a: Clefable|move: Protect
|
|-heal|p2a: Clefable|88/100 brn|[from] move: Wish|[wisher] Clefable
|-heal|p1a: Seismitoad|55/100|[from] item: Leftovers
|-heal|p2a: Clefable|94/100 brn|[from] item: Leftovers
|upkeep
|turn|109
|
|move|p1a: Seismitoad|Earthquake|p2a: Clefable
|-damage|p2a: Clefable|58/100 brn
|move|p2a: Clefable|Moonblast|p1a: Seismitoad
|-damage|p1a: Seismitoad|20/100
|
|-heal|p1a: Seismitoad|26/100|[from] item: Leftovers
|-heal|p2a: Clefable|64/100 brn|[from] item: Leftovers
|upkeep
|turn|110
|
|switch|p1a: Clefable|Clefable, M|80/100 brn
|move|p2a: Clefable|Wish|p2a: Clefable
|
|-heal|p2a: Clefable|70/100 brn|[from] item: Leftovers
|-heal|p1a: Clefable|87/100 brn|[from] item: Leftovers
|upkeep
|turn|111
|
|move|p2a: Clefable|Moonblast|p1a: Clefable
|-damage|p1a: Clefable|64/100 brn
|move|p1a: Clefable|Moonblast|p2a: Clefable
|-damage|p2a: Clefable|50/100 brn
|
|-heal|p2a: Clefable|99/100 brn|[from] move: Wish|[wisher] Clefable
|-heal|p2a: Clefable|100/100 brn|[from] item: Leftovers
|-heal|p1a: Clefable|70/100 brn|[from] item: Leftovers
|upkeep
|turn|112
|
|move|p1a: Clefable|Wish|p1a: Clefable
|move|p2a: Clefable|Wish|p2a: Clefable
|
|-heal|p1a: Clefable|76/100 brn|[from] item: Leftovers
|upkeep
|turn|113
|
|move|p2a: Clefable|Moonblast|p1a: Clefable
|-damage|p1a: Clefable|56/100 brn
|move|p1a: Clefable|Moonblast|p2a: Clefable
|-damage|p2a: Clefable|80/100 brn
|
|-heal|p1a: Clefable|100/100 brn|[from] move: Wish|[wisher] Clefable
|-heal|p2a: Clefable|100/100 brn|[from] move: Wish|[wisher] Clefable
|upkeep
|turn|114
|
|switch|p1a: Excadrill|Excadrill, F|89/100
|-damage|p1a: Excadrill|64/100|[from] Spikes
|-damage|p1a: Excadrill|61/100|[from] Stealth Rock
|-ability|p1a: Excadrill|Mold Breaker
|move|p2a: Clefable|Wish|p2a: Clefable
|
|upkeep
|turn|115
|
|move|p2a: Clefable|Protect|p2a: Clefable
|-singleturn|p2a: Clefable|Protect
|move|p1a: Excadrill|Earthquake|p2a: Clefable
|-activate|p2a: Clefable|move: Protect
|
|upkeep
|turn|116
|
|switch|p1a: Hippowdon|Hippowdon, M|100/100
|-damage|p1a: Hippowdon|75/100|[from] Spikes
|-damage|p1a: Hippowdon|69/100|[from] Stealth Rock
|-weather|Sandstorm|[from] ability: Sand Stream|[of] p1a: Hippowdon
|switch|p2a: Corviknight|Corviknight, M|95/100
|-ability|p2a: Corviknight|Pressure
|
|-weather|Sandstorm|[upkeep]
|-heal|p2a: Corviknight|100/100|[from] item: Leftovers
|-heal|p1a: Hippowdon|75/100|[from] item: Leftovers
|upkeep
|turn|117
|
|move|p2a: Corviknight|Taunt|p1a: Hippowdon
|-start|p1a: Hippowdon|move: Taunt
|move|p1a: Hippowdon|Body Press|p2a: Corviknight
|-damage|p2a: Corviknight|79/100
|
|-weather|Sandstorm|[upkeep]
|-heal|p2a: Corviknight|85/100|[from] item: Leftovers
|-heal|p1a: Hippowdon|82/100|[from] item: Leftovers
|upkeep
|turn|118
|
|switch|p2a: Clefable|Clefable, M|100/100 brn
|move|p1a: Hippowdon|Earthquake|p2a: Clefable
|-damage|p2a: Clefable|58/100 brn
|
|-weather|Sandstorm|[upkeep]
|-heal|p2a: Clefable|64/100 brn|[from] item: Leftovers
|-heal|p1a: Hippowdon|88/100|[from] item: Leftovers
|upkeep
|turn|119
|
|move|p2a: Clefable|Wish|p2a: Clefable
|move|p1a: Hippowdon|Earthquake|p2a: Clefable
|-damage|p2a: Clefable|19/100 brn
|
|-weather|Sandstorm|[upkeep]
|-heal|p2a: Clefable|25/100 brn|[from] item: Leftovers
|-heal|p1a: Hippowdon|94/100|[from] item: Leftovers
|-end|p1a: Hippowdon|move: Taunt
|upkeep
|turn|120
|
|switch|p1a: Clefable|Clefable, M|100/100 brn
|move|p2a: Clefable|Protect||[still]
|-fail|p2a: Clefable
|
|-weather|none
|-heal|p2a: Clefable|75/100 brn|[from] move: Wish|[wisher] Clefable
|-heal|p2a: Clefable|81/100 brn|[from] item: Leftovers
|upkeep
|turn|121
|
|move|p2a: Clefable|Wish|p2a: Clefable
|move|p1a: Clefable|Wish|p1a: Clefable
|
|-heal|p2a: Clefable|87/100 brn|[from] item: Leftovers
|upkeep
|turn|122
|
|move|p1a: Clefable|Moonblast|p2a: Clefable
|-damage|p2a: Clefable|65/100 brn
|move|p2a: Clefable|Moonblast|p1a: Clefable
|-damage|p1a: Clefable|79/100 brn
|-unboost|p1a: Clefable|spa|1
|
|-heal|p2a: Clefable|100/100 brn|[from] move: Wish|[wisher] Clefable
|-heal|p1a: Clefable|100/100 brn|[from] move: Wish|[wisher] Clefable
|upkeep
|turn|123
|
|move|p2a: Clefable|Wish|p2a: Clefable
|move|p1a: Clefable|Wish|p1a: Clefable
|
|upkeep
|turn|124
|
|switch|p1a: Excadrill|Excadrill, F|61/100
|-damage|p1a: Excadrill|36/100|[from] Spikes
|-damage|p1a: Excadrill|33/100|[from] Stealth Rock
|-ability|p1a: Excadrill|Mold Breaker
|switch|p2a: Ferrothorn|Ferrothorn, M|16/100 brn
|
|-heal|p1a: Excadrill|87/100|[from] move: Wish|[wisher] Clefable
|-heal|p2a: Ferrothorn|72/100 brn|[from] move: Wish|[wisher] Clefable
|-heal|p2a: Ferrothorn|78/100 brn|[from] item: Leftovers
|-damage|p2a: Ferrothorn|72/100 brn|[from] brn
|upkeep
|turn|125
|
|switch|p2a: Dragapult|Dragapult, M|70/100 brn
|move|p1a: Excadrill|Earthquake|p2a: Dragapult
|-damage|p2a: Dragapult|0 fnt
|faint|p2a: Dragapult
|
|upkeep
|
|switch|p2a: Corviknight|Corviknight, M|85/100
|-ability|p2a: Corviknight|Pressure
|turn|126
|
|switch|p1a: Clefable|Clefable, M|100/100 brn
|move|p2a: Corviknight|Iron Head|p1a: Clefable
|-supereffective|p1a: Clefable
|-damage|p1a: Clefable|42/100 brn
|
|-heal|p2a: Corviknight|91/100|[from] item: Leftovers
|-heal|p1a: Clefable|48/100 brn|[from] item: Leftovers
|upkeep
|turn|127
|
|move|p1a: Clefable|Protect|p1a: Clefable
|-singleturn|p1a: Clefable|Protect
|move|p2a: Corviknight|Iron Head|p1a: Clefable
|-activate|p1a: Clefable|move: Protect
|
|-heal|p2a: Corviknight|97/100|[from] item: Leftovers
|-heal|p1a: Clefable|54/100 brn|[from] item: Leftovers
|upkeep
|turn|128
|
|switch|p1a: Ditto|Ditto|4/100
|-damage|p1a: Ditto|0 fnt|[from] Stealth Rock
|faint|p1a: Ditto
|move|p2a: Corviknight|Iron Head|p1: Ditto|[notarget]
|-fail|p2a: Corviknight
|
|-heal|p2a: Corviknight|100/100|[from] item: Leftovers
|upkeep
|
|switch|p1a: Excadrill|Excadrill, F|87/100
|-damage|p1a: Excadrill|63/100|[from] Spikes
|-damage|p1a: Excadrill|60/100|[from] Stealth Rock
|-ability|p1a: Excadrill|Mold Breaker
|turn|129
|
|switch|p2a: Ferrothorn|Ferrothorn, M|72/100 brn
|move|p1a: Excadrill|Rapid Spin|p2a: Ferrothorn
|-resisted|p2a: Ferrothorn
|-crit|p2a: Ferrothorn
|-damage|p2a: Ferrothorn|64/100 brn
|-damage|p1a: Excadrill|47/100|[from] ability: Iron Barbs|[of] p2a: Ferrothorn
|-sideend|p1: MissusMelonade|Spikes|[from] move: Rapid Spin|[of] p1a: Excadrill
|-sideend|p1: MissusMelonade|Stealth Rock|[from] move: Rapid Spin|[of] p1a: Excadrill
|-boost|p1a: Excadrill|spe|1
|
|-heal|p2a: Ferrothorn|70/100 brn|[from] item: Leftovers
|-damage|p2a: Ferrothorn|64/100 brn|[from] brn
|upkeep
|turn|130
|
|switch|p1a: Clefable|Clefable, M|54/100 brn
|move|p2a: Ferrothorn|Power Whip|p1a: Clefable
|-damage|p1a: Clefable|33/100 brn
|
|-heal|p1a: Clefable|39/100 brn|[from] item: Leftovers
|-heal|p2a: Ferrothorn|70/100 brn|[from] item: Leftovers
|-damage|p2a: Ferrothorn|64/100 brn|[from] brn
|upkeep
|turn|131
|
|move|p1a: Clefable|Wish|p1a: Clefable
|move|p2a: Ferrothorn|Spikes|p1a: Clefable
|-sidestart|p1: MissusMelonade|Spikes
|
|-heal|p1a: Clefable|45/100 brn|[from] item: Leftovers
|-heal|p2a: Ferrothorn|70/100 brn|[from] item: Leftovers
|-damage|p2a: Ferrothorn|64/100 brn|[from] brn
|upkeep
|turn|132
|
|move|p1a: Clefable|Moonblast|p2a: Ferrothorn
|-resisted|p2a: Ferrothorn
|-crit|p2a: Ferrothorn
|-damage|p2a: Ferrothorn|43/100 brn
|-unboost|p2a: Ferrothorn|spa|1
|move|p2a: Ferrothorn|Leech Seed|p1a: Clefable
|-start|p1a: Clefable|move: Leech Seed
|
|-heal|p1a: Clefable|95/100 brn|[from] move: Wish|[wisher] Clefable
|-heal|p1a: Clefable|100/100 brn|[from] item: Leftovers
|-heal|p2a: Ferrothorn|49/100 brn|[from] item: Leftovers
|-damage|p2a: Ferrothorn|43/100 brn|[from] brn
|upkeep
|turn|133
|
|move|p1a: Clefable|Wish|p1a: Clefable
|move|p2a: Ferrothorn|Spikes|p1a: Clefable
|-sidestart|p1: MissusMelonade|Spikes
|
|-heal|p2a: Ferrothorn|49/100 brn|[from] item: Leftovers
|-damage|p2a: Ferrothorn|43/100 brn|[from] brn
|upkeep
|turn|134
|
|switch|p1a: Excadrill|Excadrill, F|47/100
|-damage|p1a: Excadrill|30/100|[from] Spikes
|-ability|p1a: Excadrill|Mold Breaker
|switch|p2a: Clefable|Clefable, M|100/100 brn
|
|-heal|p1a: Excadrill|85/100|[from] move: Wish|[wisher] Clefable
|upkeep
|turn|135
|
|move|p2a: Clefable|Protect|p2a: Clefable
|-singleturn|p2a: Clefable|Protect
|move|p1a: Excadrill|Iron Head|p2a: Clefable
|-activate|p2a: Clefable|move: Protect
|
|upkeep
|turn|136
|
|switch|p2a: Corviknight|Corviknight, M|100/100
|-ability|p2a: Corviknight|Pressure
|move|p1a: Excadrill|Iron Head|p2a: Corviknight
|-resisted|p2a: Corviknight
|-damage|p2a: Corviknight|80/100
|
|-heal|p2a: Corviknight|86/100|[from] item: Leftovers
|upkeep
|turn|137
|
|switch|p1a: Clefable|Clefable, M|100/100 brn
|move|p2a: Corviknight|Iron Head|p1a: Clefable
|-supereffective|p1a: Clefable
|-damage|p1a: Clefable|45/100 brn
|
|-heal|p2a: Corviknight|92/100|[from] item: Leftovers
|-heal|p1a: Clefable|51/100 brn|[from] item: Leftovers
|upkeep
|turn|138
|
|move|p1a: Clefable|Protect|p1a: Clefable
|-singleturn|p1a: Clefable|Protect
|move|p2a: Corviknight|Taunt|p1a: Clefable
|-activate|p1a: Clefable|move: Protect
|
|-heal|p2a: Corviknight|98/100|[from] item: Leftovers
|-heal|p1a: Clefable|57/100 brn|[from] item: Leftovers
|upkeep
|turn|139
|
|switch|p1a: Hippowdon|Hippowdon, M|94/100
|-damage|p1a: Hippowdon|77/100|[from] Spikes
|-weather|Sandstorm|[from] ability: Sand Stream|[of] p1a: Hippowdon
|move|p2a: Corviknight|Iron Head|p1a: Hippowdon
|-damage|p1a: Hippowdon|65/100
|
|-weather|Sandstorm|[upkeep]
|-heal|p2a: Corviknight|100/100|[from] item: Leftovers
|-heal|p1a: Hippowdon|71/100|[from] item: Leftovers
|upkeep
|turn|140
|
|move|p2a: Corviknight|Taunt|p1a: Hippowdon
|-start|p1a: Hippowdon|move: Taunt
|move|p1a: Hippowdon|Body Press|p2a: Corviknight
|-damage|p2a: Corviknight|76/100
|
|-weather|Sandstorm|[upkeep]
|-heal|p2a: Corviknight|82/100|[from] item: Leftovers
|-heal|p1a: Hippowdon|77/100|[from] item: Leftovers
|upkeep
|turn|141
|
|move|p2a: Corviknight|Iron Head|p1a: Hippowdon
|-damage|p1a: Hippowdon|65/100
|move|p1a: Hippowdon|Body Press|p2a: Corviknight
|-damage|p2a: Corviknight|57/100
|
|-weather|Sandstorm|[upkeep]
|-heal|p2a: Corviknight|63/100|[from] item: Leftovers
|-heal|p1a: Hippowdon|71/100|[from] item: Leftovers
|upkeep
|turn|142
|
|switch|p2a: Clefable|Clefable, M|100/100 brn
|move|p1a: Hippowdon|Body Press|p2a: Clefable
|-resisted|p2a: Clefable
|-damage|p2a: Clefable|84/100 brn
|
|-weather|Sandstorm|[upkeep]
|-heal|p2a: Clefable|90/100 brn|[from] item: Leftovers
|-heal|p1a: Hippowdon|77/100|[from] item: Leftovers
|-end|p1a: Hippowdon|move: Taunt
|upkeep
|turn|143
|
|switch|p1a: Excadrill|Excadrill, F|85/100
|-damage|p1a: Excadrill|68/100|[from] Spikes
|-ability|p1a: Excadrill|Mold Breaker
|move|p2a: Clefable|Wish|p2a: Clefable
|
|-weather|none
|-heal|p2a: Clefable|96/100 brn|[from] item: Leftovers
|upkeep
|turn|144
|
|move|p2a: Clefable|Protect|p2a: Clefable
|-singleturn|p2a: Clefable|Protect
|move|p1a: Excadrill|Rapid Spin|p2a: Clefable
|-activate|p2a: Clefable|move: Protect
|
|-heal|p2a: Clefable|100/100 brn|[from] move: Wish|[wisher] Clefable
|upkeep
|turn|145
|
|switch|p2a: Ferrothorn|Ferrothorn, M|43/100 brn
|move|p1a: Excadrill|Rapid Spin|p2a: Ferrothorn
|-resisted|p2a: Ferrothorn
|-damage|p2a: Ferrothorn|37/100 brn
|-damage|p1a: Excadrill|56/100|[from] ability: Iron Barbs|[of] p2a: Ferrothorn
|-sideend|p1: MissusMelonade|Spikes|[from] move: Rapid Spin|[of] p1a: Excadrill
|-boost|p1a: Excadrill|spe|1
|
|-heal|p2a: Ferrothorn|43/100 brn|[from] item: Leftovers
|-damage|p2a: Ferrothorn|37/100 brn|[from] brn
|upkeep
|turn|146
|
|switch|p1a: Clefable|Clefable, M|57/100 brn
|switch|p2a: Corviknight|Corviknight, M|63/100
|-ability|p2a: Corviknight|Pressure
|
|-heal|p2a: Corviknight|69/100|[from] item: Leftovers
|-heal|p1a: Clefable|63/100 brn|[from] item: Leftovers
|upkeep
|turn|147
|
|switch|p1a: Hippowdon|Hippowdon, M|77/100
|-weather|Sandstorm|[from] ability: Sand Stream|[of] p1a: Hippowdon
|move|p2a: Corviknight|Taunt|p1a: Hippowdon
|-start|p1a: Hippowdon|move: Taunt
|
|-weather|Sandstorm|[upkeep]
|-heal|p2a: Corviknight|75/100|[from] item: Leftovers
|-heal|p1a: Hippowdon|84/100|[from] item: Leftovers
|upkeep
|turn|148
|
|switch|p2a: Clefable|Clefable, M|100/100 brn
|switch|p1a: Seismitoad|Seismitoad, M|26/100
|
|-weather|Sandstorm|[upkeep]
|-heal|p1a: Seismitoad|32/100|[from] item: Leftovers
|upkeep
|turn|149
|
|switch|p1a: Clefable|Clefable, M|63/100 brn
|move|p2a: Clefable|Moonblast|p1a: Clefable
|-damage|p1a: Clefable|43/100 brn
|
|-weather|Sandstorm|[upkeep]
|-heal|p1a: Clefable|49/100 brn|[from] item: Leftovers
|upkeep
|turn|150
|
|move|p2a: Clefable|Wish|p2a: Clefable
|move|p1a: Clefable|Wish|p1a: Clefable
|
|-weather|Sandstorm|[upkeep]
|-heal|p1a: Clefable|56/100 brn|[from] item: Leftovers
|upkeep
|turn|151
|
|switch|p2a: Ferrothorn|Ferrothorn, M|37/100 brn
|switch|p1a: Seismitoad|Seismitoad, M|32/100
|
|-weather|none
|-heal|p2a: Ferrothorn|93/100 brn|[from] move: Wish|[wisher] Clefable
|-heal|p1a: Seismitoad|79/100|[from] move: Wish|[wisher] Clefable
|-heal|p1a: Seismitoad|85/100|[from] item: Leftovers
|-heal|p2a: Ferrothorn|99/100 brn|[from] item: Leftovers
|-damage|p2a: Ferrothorn|93/100 brn|[from] brn
|upkeep
|turn|152
|
|switch|p1a: Clefable|Clefable, M|56/100 brn
|move|p2a: Ferrothorn|Power Whip|p1a: Clefable
|-damage|p1a: Clefable|33/100 brn
|
|-heal|p1a: Clefable|39/100 brn|[from] item: Leftovers
|-heal|p2a: Ferrothorn|99/100 brn|[from] item: Leftovers
|-damage|p2a: Ferrothorn|93/100 brn|[from] brn
|upkeep
|turn|153
|
|move|p1a: Clefable|Wish|p1a: Clefable
|move|p2a: Ferrothorn|Knock Off|p1a: Clefable
|-resisted|p1a: Clefable
|-damage|p1a: Clefable|34/100 brn
|-enditem|p1a: Clefable|Leftovers|[from] move: Knock Off|[of] p2a: Ferrothorn
|
|-heal|p2a: Ferrothorn|99/100 brn|[from] item: Leftovers
|-damage|p2a: Ferrothorn|93/100 brn|[from] brn
|upkeep
|turn|154
|
|move|p1a: Clefable|Moonblast|p2a: Ferrothorn
|-resisted|p2a: Ferrothorn
|-damage|p2a: Ferrothorn|78/100 brn
|-unboost|p2a: Ferrothorn|spa|1
|move|p2a: Ferrothorn|Spikes|p1a: Clefable
|-sidestart|p1: MissusMelonade|Spikes
|
|-heal|p1a: Clefable|84/100 brn|[from] move: Wish|[wisher] Clefable
|-heal|p2a: Ferrothorn|85/100 brn|[from] item: Leftovers
|-damage|p2a: Ferrothorn|78/100 brn|[from] brn
|upkeep
|turn|155
|
|move|p1a: Clefable|Wish|p1a: Clefable
|move|p2a: Ferrothorn|Spikes|p1a: Clefable
|-sidestart|p1: MissusMelonade|Spikes
|
|-heal|p2a: Ferrothorn|85/100 brn|[from] item: Leftovers
|-damage|p2a: Ferrothorn|78/100 brn|[from] brn
|upkeep
|turn|156
|
|switch|p1a: Excadrill|Excadrill, F|56/100
|-damage|p1a: Excadrill|39/100|[from] Spikes
|-ability|p1a: Excadrill|Mold Breaker
|move|p2a: Ferrothorn|Power Whip|p1a: Excadrill
|-damage|p1a: Excadrill|12/100
|
|-heal|p1a: Excadrill|66/100|[from] move: Wish|[wisher] Clefable
|-heal|p2a: Ferrothorn|85/100 brn|[from] item: Leftovers
|-damage|p2a: Ferrothorn|78/100 brn|[from] brn
|upkeep
|turn|157
|
|move|p1a: Excadrill|Rapid Spin|p2a: Ferrothorn
|-resisted|p2a: Ferrothorn
|-damage|p2a: Ferrothorn|73/100 brn
|-damage|p1a: Excadrill|54/100|[from] ability: Iron Barbs|[of] p2a: Ferrothorn
|-sideend|p1: MissusMelonade|Spikes|[from] move: Rapid Spin|[of] p1a: Excadrill
|-boost|p1a: Excadrill|spe|1
|move|p2a: Ferrothorn|Leech Seed|p1a: Excadrill
|-start|p1a: Excadrill|move: Leech Seed
|
|-heal|p2a: Ferrothorn|79/100 brn|[from] item: Leftovers
|-damage|p1a: Excadrill|41/100|[from] Leech Seed|[of] p2a: Ferrothorn
|-heal|p2a: Ferrothorn|92/100 brn|[silent]
|-damage|p2a: Ferrothorn|86/100 brn|[from] brn
|upkeep
|turn|158
|
|switch|p1a: Hippowdon|Hippowdon, M|84/100
|-weather|Sandstorm|[from] ability: Sand Stream|[of] p1a: Hippowdon
|move|p2a: Ferrothorn|Spikes|p1a: Hippowdon
|-sidestart|p1: MissusMelonade|Spikes
|
|-weather|Sandstorm|[upkeep]
|-heal|p1a: Hippowdon|90/100|[from] item: Leftovers
|-heal|p2a: Ferrothorn|92/100 brn|[from] item: Leftovers
|-damage|p2a: Ferrothorn|86/100 brn|[from] brn
|upkeep
|turn|159
|
|switch|p1a: Clefable|Clefable, M|84/100 brn
|move|p2a: Ferrothorn|Leech Seed|p1a: Clefable
|-start|p1a: Clefable|move: Leech Seed
|
|-weather|Sandstorm|[upkeep]
|-heal|p2a: Ferrothorn|92/100 brn|[from] item: Leftovers
|-damage|p2a: Ferrothorn|86/100 brn|[from] brn
|upkeep
|turn|160
|
|switch|p2a: Corviknight|Corviknight, M|75/100
|-ability|p2a: Corviknight|Pressure
|move|p1a: Clefable|Moonblast|p2a: Corviknight
|-resisted|p2a: Corviknight
|-damage|p2a: Corviknight|65/100
|
|-weather|Sandstorm|[upkeep]
|-heal|p2a: Corviknight|71/100|[from] item: Leftovers
|upkeep
|turn|161
|
|switch|p1a: Hippowdon|Hippowdon, M|90/100
|-damage|p1a: Hippowdon|77/100|[from] Spikes
|move|p2a: Corviknight|Iron Head|p1a: Hippowdon
|-damage|p1a: Hippowdon|65/100
|
|-weather|Sandstorm|[upkeep]
|-heal|p2a: Corviknight|77/100|[from] item: Leftovers
|-heal|p1a: Hippowdon|71/100|[from] item: Leftovers
|upkeep
|turn|162
|
|move|p2a: Corviknight|Taunt|p1a: Hippowdon
|-start|p1a: Hippowdon|move: Taunt
|cant|p1a: Hippowdon|move: Taunt|Whirlwind
|
|-weather|none
|-heal|p2a: Corviknight|83/100|[from] item: Leftovers
|-heal|p1a: Hippowdon|78/100|[from] item: Leftovers
|upkeep
|turn|163
|
|switch|p2a: Clefable|Clefable, M|100/100 brn
|switch|p1a: Seismitoad|Seismitoad, M|85/100
|-damage|p1a: Seismitoad|73/100|[from] Spikes
|
|-heal|p1a: Seismitoad|79/100|[from] item: Leftovers
|upkeep
|turn|164
|
|switch|p1a: Clefable|Clefable, M|84/100 brn
|switch|p2a: Ferrothorn|Ferrothorn, M|86/100 brn
|
|-heal|p2a: Ferrothorn|92/100 brn|[from] item: Leftovers
|-damage|p2a: Ferrothorn|86/100 brn|[from] brn
|upkeep
|turn|165
|
|move|p1a: Clefable|Wish|p1a: Clefable
|move|p2a: Ferrothorn|Spikes|p1a: Clefable
|-sidestart|p1: MissusMelonade|Spikes
|
|-heal|p2a: Ferrothorn|92/100 brn|[from] item: Leftovers
|-damage|p2a: Ferrothorn|86/100 brn|[from] brn
|upkeep
|turn|166
|
|switch|p1a: Excadrill|Excadrill, F|41/100
|-damage|p1a: Excadrill|25/100|[from] Spikes
|-ability|p1a: Excadrill|Mold Breaker
|move|p2a: Ferrothorn|Leech Seed|p1a: Excadrill
|-start|p1a: Excadrill|move: Leech Seed
|
|-heal|p1a: Excadrill|79/100|[from] move: Wish|[wisher] Clefable
|-heal|p2a: Ferrothorn|92/100 brn|[from] item: Leftovers
|-damage|p1a: Excadrill|67/100|[from] Leech Seed|[of] p2a: Ferrothorn
|-heal|p2a: Ferrothorn|100/100 brn|[silent]
|-damage|p2a: Ferrothorn|94/100 brn|[from] brn
|upkeep
|turn|167
|
|switch|p1a: Clefable|Clefable, M|84/100 brn
|move|p2a: Ferrothorn|Leech Seed|p1a: Clefable
|-start|p1a: Clefable|move: Leech Seed
|
|-heal|p2a: Ferrothorn|100/100 brn|[from] item: Leftovers
|-damage|p2a: Ferrothorn|94/100 brn|[from] brn
|upkeep
|turn|168
|
|move|p1a: Clefable|Wish|p1a: Clefable
|move|p2a: Ferrothorn|Spikes|p1a: Clefable
|-sidestart|p1: MissusMelonade|Spikes
|
|-heal|p2a: Ferrothorn|100/100 brn|[from] item: Leftovers
|-damage|p2a: Ferrothorn|94/100 brn|[from] brn
|upkeep
|turn|169
|
|switch|p1a: Hippowdon|Hippowdon, M|78/100
|-damage|p1a: Hippowdon|53/100|[from] Spikes
|-weather|Sandstorm|[from] ability: Sand Stream|[of] p1a: Hippowdon
|move|p2a: Ferrothorn|Leech Seed|p1a: Hippowdon|[miss]
|-miss|p2a: Ferrothorn|p1a: Hippowdon
|
|-weather|Sandstorm|[upkeep]
|-heal|p1a: Hippowdon|99/100|[from] move: Wish|[wisher] Clefable
|-heal|p1a: Hippowdon|100/100|[from] item: Leftovers
|-heal|p2a: Ferrothorn|100/100 brn|[from] item: Leftovers
|-damage|p2a: Ferrothorn|94/100 brn|[from] brn
|upkeep
|turn|170
|
|switch|p1a: Clefable|Clefable, M|84/100 brn
|switch|p2a: Corviknight|Corviknight, M|83/100
|-ability|p2a: Corviknight|Pressure
|
|-weather|Sandstorm|[upkeep]
|-heal|p2a: Corviknight|89/100|[from] item: Leftovers
|upkeep
|turn|171
|
|switch|p1a: Hippowdon|Hippowdon, M|100/100
|-damage|p1a: Hippowdon|75/100|[from] Spikes
|move|p2a: Corviknight|Taunt|p1a: Hippowdon
|-start|p1a: Hippowdon|move: Taunt
|
|-weather|Sandstorm|[upkeep]
|-heal|p2a: Corviknight|95/100|[from] item: Leftovers
|-heal|p1a: Hippowdon|82/100|[from] item: Leftovers
|upkeep
|turn|172
|
|switch|p2a: Clefable|Clefable, M|100/100 brn
|move|p1a: Hippowdon|Earthquake|p2a: Clefable
|-damage|p2a: Clefable|58/100 brn
|
|-weather|Sandstorm|[upkeep]
|-heal|p2a: Clefable|64/100 brn|[from] item: Leftovers
|-heal|p1a: Hippowdon|88/100|[from] item: Leftovers
|upkeep
|turn|173
|
|move|p2a: Clefable|Wish|p2a: Clefable
|move|p1a: Hippowdon|Earthquake|p2a: Clefable
|-damage|p2a: Clefable|20/100 brn
|
|-weather|none
|-heal|p2a: Clefable|26/100 brn|[from] item: Leftovers
|-heal|p1a: Hippowdon|94/100|[from] item: Leftovers
|-end|p1a: Hippowdon|move: Taunt
|upkeep
|turn|174
|
|switch|p2a: Corviknight|Corviknight, M|95/100
|-ability|p2a: Corviknight|Pressure
|move|p1a: Hippowdon|Whirlwind|p2a: Corviknight
|drag|p2a: Clefable|Clefable, M|26/100 brn
|
|-heal|p2a: Clefable|76/100 brn|[from] move: Wish|[wisher] Clefable
|-heal|p2a: Clefable|82/100 brn|[from] item: Leftovers
|-heal|p1a: Hippowdon|99/100|[from] item: Leftovers
|upkeep
|turn|175
|
|move|p2a: Clefable|Protect|p2a: Clefable
|-singleturn|p2a: Clefable|Protect
|move|p1a: Hippowdon|Earthquake|p2a: Clefable
|-activate|p2a: Clefable|move: Protect
|
|-heal|p2a: Clefable|88/100 brn|[from] item: Leftovers
|-heal|p1a: Hippowdon|100/100|[from] item: Leftovers
|upkeep
|turn|176
|
|switch|p2a: Ferrothorn|Ferrothorn, M|94/100 brn
|move|p1a: Hippowdon|Earthquake|p2a: Ferrothorn
|-damage|p2a: Ferrothorn|71/100 brn
|
|-heal|p2a: Ferrothorn|77/100 brn|[from] item: Leftovers
|-damage|p2a: Ferrothorn|71/100 brn|[from] brn
|upkeep
|turn|177
|
|switch|p1a: Clefable|Clefable, M|84/100 brn
|move|p2a: Ferrothorn|Leech Seed|p1a: Clefable
|-start|p1a: Clefable|move: Leech Seed
|
|-heal|p2a: Ferrothorn|77/100 brn|[from] item: Leftovers
|-damage|p2a: Ferrothorn|71/100 brn|[from] brn
|upkeep
|turn|178
|
|switch|p1a: Hippowdon|Hippowdon, M|100/100
|-damage|p1a: Hippowdon|75/100|[from] Spikes
|-weather|Sandstorm|[from] ability: Sand Stream|[of] p1a: Hippowdon
|switch|p2a: Corviknight|Corviknight, M|95/100
|-ability|p2a: Corviknight|Pressure
|
|-weather|Sandstorm|[upkeep]
|-heal|p2a: Corviknight|100/100|[from] item: Leftovers
|-heal|p1a: Hippowdon|82/100|[from] item: Leftovers
|upkeep
|turn|179
|
|move|p2a: Corviknight|Taunt|p1a: Hippowdon
|-start|p1a: Hippowdon|move: Taunt
|cant|p1a: Hippowdon|move: Taunt|Slack Off
|
|-weather|Sandstorm|[upkeep]
|-heal|p1a: Hippowdon|88/100|[from] item: Leftovers
|upkeep
|turn|180
|inactive|Battle timer is ON: inactive players will automatically lose when time's up. (requested by Frozen❄️luckenbad)
|
|switch|p2a: Ferrothorn|Ferrothorn, M|71/100 brn
|switch|p1a: Seismitoad|Seismitoad, M|79/100
|-damage|p1a: Seismitoad|54/100|[from] Spikes
|
|-weather|Sandstorm|[upkeep]
|-heal|p1a: Seismitoad|60/100|[from] item: Leftovers
|-heal|p2a: Ferrothorn|77/100 brn|[from] item: Leftovers
|-damage|p2a: Ferrothorn|71/100 brn|[from] brn
|upkeep
|turn|181
|
|move|p1a: Seismitoad|Earthquake|p2a: Ferrothorn
|-damage|p2a: Ferrothorn|53/100 brn
|move|p2a: Ferrothorn|Power Whip|p1a: Seismitoad
|-supereffective|p1a: Seismitoad
|-damage|p1a: Seismitoad|3/100
|
|-weather|Sandstorm|[upkeep]
|-heal|p1a: Seismitoad|9/100|[from] item: Leftovers
|-heal|p2a: Ferrothorn|59/100 brn|[from] item: Leftovers
|-damage|p2a: Ferrothorn|53/100 brn|[from] brn
|upkeep
|turn|182
|
|move|p1a: Seismitoad|Earthquake|p2a: Ferrothorn
|-damage|p2a: Ferrothorn|33/100 brn
|move|p2a: Ferrothorn|Leech Seed|p1a: Seismitoad
|-start|p1a: Seismitoad|move: Leech Seed
|
|-weather|none
|-heal|p1a: Seismitoad|15/100|[from] item: Leftovers
|-heal|p2a: Ferrothorn|39/100 brn|[from] item: Leftovers
|-damage|p1a: Seismitoad|3/100|[from] Leech Seed|[of] p2a: Ferrothorn
|-heal|p2a: Ferrothorn|54/100 brn|[silent]
|-damage|p2a: Ferrothorn|47/100 brn|[from] brn
|upkeep
|turn|183
|
|switch|p2a: Corviknight|Corviknight, M|100/100
|-ability|p2a: Corviknight|Pressure
|move|p1a: Seismitoad|Earthquake|p2a: Corviknight
|-immune|p2a: Corviknight
|
|-heal|p1a: Seismitoad|9/100|[from] item: Leftovers
|-damage|p1a: Seismitoad|0 fnt|[from] Leech Seed|[of] p2a: Corviknight
|faint|p1a: Seismitoad
|upkeep
|
|switch|p1a: Excadrill|Excadrill, F|67/100
|-damage|p1a: Excadrill|42/100|[from] Spikes
|-ability|p1a: Excadrill|Mold Breaker
|turn|184
|
|move|p1a: Excadrill|Rapid Spin|p2a: Corviknight
|-resisted|p2a: Corviknight
|-damage|p2a: Corviknight|92/100
|-sideend|p1: MissusMelonade|Spikes|[from] move: Rapid Spin|[of] p1a: Excadrill
|-boost|p1a: Excadrill|spe|1
|move|p2a: Corviknight|Iron Head|p1a: Excadrill
|-resisted|p1a: Excadrill
|-damage|p1a: Excadrill|26/100
|
|-heal|p2a: Corviknight|98/100|[from] item: Leftovers
|upkeep
|turn|185
|
|switch|p1a: Hippowdon|Hippowdon, M|88/100
|-weather|Sandstorm|[from] ability: Sand Stream|[of] p1a: Hippowdon
|move|p2a: Corviknight|Taunt|p1a: Hippowdon
|-start|p1a: Hippowdon|move: Taunt
|
|-weather|Sandstorm|[upkeep]
|-heal|p2a: Corviknight|100/100|[from] item: Leftovers
|-heal|p1a: Hippowdon|94/100|[from] item: Leftovers
|upkeep
|turn|186
|-message|MissusMelonade forfeited.
|
|win|Frozen❄️luckenbad
|l|☆MissusMelonade
|raw|MissusMelonade's rating: 1331 → 1311(-20 for losing)
|raw|Frozen❄️luckenbad's rating: 1334 → 1354(+20 for winning)
