|ScrapeTime|2020-01-01-21:34:44
|j|☆ZONE EpochPhaile
|j|☆Bboopp
|player|p1|ZONE EpochPhaile|170|1000
|player|p2|Bboopp|170|1000
|teamsize|p1|6
|teamsize|p2|6
|gametype|singles
|gen|8
|tier|[Gen 8] OU
|rated|
|rule|Sleep Clause Mod: Limit one foe put to sleep
|rule|Species Clause: Limit one of each Pokémon
|rule|OHKO Clause: OHKO moves are banned
|rule|Evasion Moves Clause: Evasion moves are banned
|rule|Endless Battle Clause: Forcing endless battles is banned
|rule|HP Percentage Mod: HP is shown in percentages
|clearpoke
|poke|p1|Corviknight, M|
|poke|p1|Golisopod, F|
|poke|p1|Aegislash, F|
|poke|p1|Dragapult, M|
|poke|p1|Ferrothorn, F|
|poke|p1|Rotom-Heat|
|poke|p2|Corviknight, F|
|poke|p2|Cinderace, M|
|poke|p2|Dubwool, F|
|poke|p2|Rotom-Wash|
|poke|p2|Scraggy, M|
|poke|p2|Dracozolt|
|rule|Dynamax Clause: You cannot dynamax
|teampreview
|
|start
|switch|p1a: Dragapult|Dragapult, M|100/100
|switch|p2a: Dubwool|Dubwool, F|100/100
|turn|1
|
|move|p1a: Dragapult|U-turn|p2a: Dubwool
|-damage|p2a: Dubwool|85/100
|
|switch|p1a: Ferrothorn|Ferrothorn, F|100/100|[from]move: U-turn
|move|p2a: Dubwool|Cotton Guard|p2a: Dubwool
|-boost|p2a: Dubwool|def|3
|
|upkeep
|turn|2
|
|move|p2a: Dubwool|Cotton Guard|p2a: Dubwool
|-boost|p2a: Dubwool|def|3
|move|p1a: Ferrothorn|Leech Seed|p2a: Dubwool
|-start|p2a: Dubwool|move: Leech Seed
|
|-damage|p2a: Dubwool|72/100|[from] Leech Seed|[of] p1a: Ferrothorn
|upkeep
|turn|3
|
|move|p2a: Dubwool|Body Press|p1a: Ferrothorn
|-supereffective|p1a: Ferrothorn
|-crit|p1a: Ferrothorn
|-damage|p1a: Ferrothorn|0 fnt
|-damage|p2a: Dubwool|60/100|[from] ability: Iron Barbs|[of] p1a: Ferrothorn
|-damage|p2a: Dubwool|44/100|[from] item: Rocky Helmet|[of] p1a: Ferrothorn
|faint|p1a: Ferrothorn
|
|upkeep
|
|switch|p1a: Aegislash|Aegislash, F|100/100
|turn|4
|
|switch|p2a: Cinderace|Cinderace, M|100/100
|move|p1a: Aegislash|King's Shield||[still]
|-fail|p1a: Aegislash
|
|upkeep
|turn|5
|
|move|p1a: Aegislash|King's Shield|p1a: Aegislash
|-singleturn|p1a: Aegislash|Protect
|move|p2a: Cinderace|Pyro Ball|p1a: Aegislash
|-activate|p1a: Aegislash|move: Protect
|
|upkeep
|turn|6
|
|switch|p1a: Rotom|Rotom-Heat|100/100
|move|p2a: Cinderace|Pyro Ball|p1a: Rotom
|-resisted|p1a: Rotom
|-damage|p1a: Rotom|49/100
|
|upkeep
|turn|7
|
|move|p1a: Rotom|Volt Switch|p2a: Cinderace
|-damage|p2a: Cinderace|56/100
|
|switch|p1a: Dragapult|Dragapult, M|100/100|[from]move: Volt Switch
|move|p2a: Cinderace|Pyro Ball|p1a: Dragapult
|-resisted|p1a: Dragapult
|-damage|p1a: Dragapult|51/100
|
|upkeep
|turn|8
|
|switch|p2a: Rotom|Rotom-Wash|100/100
|move|p1a: Dragapult|Dragon Darts|p2a: Rotom
|-damage|p2a: Rotom|53/100
|-damage|p2a: Rotom|8/100
|-enditem|p2a: Rotom|Aguav Berry|[eat]
|-heal|p2a: Rotom|41/100|[from] item: Aguav Berry
|-hitcount|p2a: Rotom|2
|
|upkeep
|turn|9
|
|move|p1a: Dragapult|Dragon Darts|p2a: Rotom
|-damage|p2a: Rotom|0 fnt
|-hitcount|p2a: Rotom|1
|faint|p2a: Rotom
|
|upkeep
|
|switch|p2a: Dracozolt|Dracozolt|100/100
|turn|10
|
|move|p1a: Dragapult|Dragon Darts|p2a: Dracozolt
|-supereffective|p2a: Dracozolt
|-damage|p2a: Dracozolt|23/100
|-supereffective|p2a: Dracozolt
|-damage|p2a: Dracozolt|0 fnt
|-hitcount|p2a: Dracozolt|2
|faint|p2a: Dracozolt
|
|upkeep
|
|switch|p2a: Scraggy|Scraggy, M|100/100
|turn|11
|
|move|p2a: Scraggy|Fake Out|p1a: Dragapult
|-immune|p1a: Dragapult
|move|p1a: Dragapult|Dragon Darts|p2a: Scraggy
|-damage|p2a: Scraggy|39/100
|-damage|p2a: Scraggy|0 fnt
|-hitcount|p2a: Scraggy|2
|faint|p2a: Scraggy
|
|upkeep
|
|switch|p2a: Corviknight|Corviknight, F|100/100
|turn|12
|
|switch|p1a: Rotom|Rotom-Heat|49/100
|move|p2a: Corviknight|Hone Claws|p2a: Corviknight
|-boost|p2a: Corviknight|atk|1
|-boost|p2a: Corviknight|accuracy|1
|
|upkeep
|turn|13
|
|move|p1a: Rotom|Trick|p2a: Corviknight
|-activate|p1a: Rotom|move: Trick|[of] p2a: Corviknight
|-item|p2a: Corviknight|Choice Scarf|[from] move: Trick
|-item|p1a: Rotom|Black Glasses|[from] move: Trick
|move|p2a: Corviknight|Hone Claws|p2a: Corviknight
|-boost|p2a: Corviknight|atk|1
|-boost|p2a: Corviknight|accuracy|1
|
|upkeep
|turn|14
|
|move|p2a: Corviknight|Hone Claws|p2a: Corviknight
|-boost|p2a: Corviknight|atk|1
|-boost|p2a: Corviknight|accuracy|1
|move|p1a: Rotom|Volt Switch|p2a: Corviknight
|-supereffective|p2a: Corviknight
|-damage|p2a: Corviknight|32/100
|
|switch|p1a: Golisopod|Golisopod, F|100/100|[from]move: Volt Switch
|
|upkeep
|turn|15
|
|switch|p2a: Dubwool|Dubwool, F|44/100
|move|p1a: Golisopod|Liquidation|p2a: Dubwool
|-damage|p2a: Dubwool|23/100
|-enditem|p2a: Dubwool|Aguav Berry|[eat]
|-heal|p2a: Dubwool|56/100|[from] item: Aguav Berry
|
|upkeep
|turn|16
|
|move|p2a: Dubwool|Cotton Guard|p2a: Dubwool
|-boost|p2a: Dubwool|def|3
|move|p1a: Golisopod|Liquidation|p2a: Dubwool
|-crit|p2a: Dubwool
|-damage|p2a: Dubwool|24/100
|-unboost|p2a: Dubwool|def|1
|
|upkeep
|turn|17
|
|move|p2a: Dubwool|Cotton Guard|p2a: Dubwool
|-boost|p2a: Dubwool|def|3
|move|p1a: Golisopod|Liquidation|p2a: Dubwool
|-damage|p2a: Dubwool|18/100
|
|upkeep
|turn|18
|
|move|p2a: Dubwool|Body Press|p1a: Golisopod
|-resisted|p1a: Golisopod
|-damage|p1a: Golisopod|68/100
|move|p1a: Golisopod|Liquidation|p2a: Dubwool
|-damage|p2a: Dubwool|12/100
|
|upkeep
|turn|19
|
|move|p2a: Dubwool|Body Press|p1a: Golisopod
|-resisted|p1a: Golisopod
|-damage|p1a: Golisopod|38/100
|-activate|p1a: Golisopod|ability: Emergency Exit
|
|switch|p1a: Rotom|Rotom-Heat|49/100
|
|upkeep
|turn|20
|
|move|p1a: Rotom|Volt Switch|p2a: Dubwool
|-damage|p2a: Dubwool|0 fnt
|faint|p2a: Dubwool
|
|switch|p1a: Dragapult|Dragapult, M|51/100|[from]move: Volt Switch
|
|upkeep
|
|switch|p2a: Cinderace|Cinderace, M|56/100
|turn|21
|
|move|p1a: Dragapult|Phantom Force||[still]
|-prepare|p1a: Dragapult|Phantom Force|p2a: Cinderace
|move|p2a: Cinderace|Pyro Ball|p1a: Dragapult|[miss]
|-miss|p2a: Cinderace|p1a: Dragapult
|
|upkeep
|turn|22
|
|move|p1a: Dragapult|Phantom Force|p2a: Cinderace|[from]lockedmove
|-damage|p2a: Cinderace|0 fnt
|faint|p2a: Cinderace
|
|upkeep
|
|switch|p2a: Corviknight|Corviknight, F|32/100
|turn|23
|
|move|p1a: Dragapult|Phantom Force||[still]
|-prepare|p1a: Dragapult|Phantom Force|p2a: Corviknight
|move|p2a: Corviknight|Power Trip|p1a: Dragapult|[miss]
|-miss|p2a: Corviknight|p1a: Dragapult
|
|upkeep
|turn|24
|
|move|p1a: Dragapult|Phantom Force|p2a: Corviknight|[from]lockedmove
|-damage|p2a: Corviknight|0 fnt
|faint|p2a: Corviknight
|
|win|ZONE EpochPhaile
|c|☆ZONE EpochPhaile|Gg
|l|☆Bboopp
|raw|ZONE EpochPhaile's rating: 1000 → 1040(+40 for winning)
|raw|Bboopp's rating: 1000 → 1000(+0 for losing)
