|ScrapeTime|2020-01-03-00:16:45
|j|☆Paradoxunicorn
|j|☆hjkawhdwja
|player|p1|Paradoxunicorn|7|1031
|player|p2|hjkawhdwja|#gmars|1077
|teamsize|p1|6
|teamsize|p2|6
|gametype|singles
|gen|8
|tier|[Gen 8] OU
|rated|
|rule|Sleep Clause Mod: Limit one foe put to sleep
|rule|Species Clause: Limit one of each Pokémon
|rule|OHKO Clause: OHKO moves are banned
|rule|Evasion Moves Clause: Evasion moves are banned
|rule|Endless Battle Clause: Forcing endless battles is banned
|rule|HP Percentage Mod: HP is shown in percentages
|clearpoke
|poke|p1|Conkeldurr, M|
|poke|p1|Jolteon, F|
|poke|p1|Cinderace, M|
|poke|p1|Obstagoon, F|
|poke|p1|Cramorant, F|
|poke|p1|Pincurchin, F|
|poke|p2|Obstagoon, M|
|poke|p2|Rotom-Mow|
|poke|p2|Corviknight, F|
|poke|p2|Dragapult, F|
|poke|p2|Seismitoad, F|
|poke|p2|Sylveon, F|
|rule|Dynamax Clause: You cannot dynamax
|teampreview
|inactive|Battle timer is ON: inactive players will automatically lose when time's up. (requested by Paradoxunicorn)
|c|☆hjkawhdwja|oops sorry
|
|start
|switch|p1a: Pincurchin|Pincurchin, F|100/100
|switch|p2a: Obstagoon|Obstagoon, M|100/100
|-fieldstart|move: Electric Terrain|[from] ability: Electric Surge|[of] p1a: Pincurchin
|turn|1
|c|☆Paradoxunicorn|u good
|
|move|p2a: Obstagoon|Facade|p1a: Pincurchin
|-damage|p1a: Pincurchin|64/100
|move|p1a: Pincurchin|Toxic Spikes|p2a: Obstagoon
|-sidestart|p2: hjkawhdwja|move: Toxic Spikes
|
|-status|p2a: Obstagoon|brn|[from] item: Flame Orb
|upkeep
|turn|2
|
|move|p2a: Obstagoon|Facade|p1a: Pincurchin
|-damage|p1a: Pincurchin|0 fnt
|faint|p1a: Pincurchin
|
|-damage|p2a: Obstagoon|94/100 brn|[from] brn
|upkeep
|
|switch|p1a: Cinderace|Cinderace, M|100/100
|turn|3
|
|switch|p2a: Corviknight|Corviknight, F|100/100
|move|p1a: Cinderace|Court Change|p1a: Cinderace
|-sideend|p2: hjkawhdwja|Toxic Spikes|[silent]
|-sidestart|p1: Paradoxunicorn|Toxic Spikes|[silent]
|-activate|p1a: Cinderace|move: Court Change
|
|upkeep
|turn|4
|c|☆hjkawhdwja|oh bro
|c|☆hjkawhdwja|you really out here
|c|☆Paradoxunicorn|Whattt
|c|☆hjkawhdwja|with all 5 fifths of your personage
|c|☆Paradoxunicorn|wym
|c|☆hjkawhdwja|I respect it
|c|☆hjkawhdwja|Guts, quick feet
|c|☆hjkawhdwja|let's get it
|c|☆hjkawhdwja|wait
|c|☆Paradoxunicorn|Lol yeet
|c|☆hjkawhdwja|I played you before
|c|☆hjkawhdwja|w/ Electric Win in the chat
|c|☆hjkawhdwja|mad respect
|
|switch|p2a: Seismitoad|Seismitoad, F|100/100
|move|p1a: Cinderace|Pyro Ball|p2a: Seismitoad|[miss]
|-miss|p1a: Cinderace|p2a: Seismitoad
|
|upkeep
|turn|5
|c|☆Paradoxunicorn|Have you?
|
|move|p1a: Cinderace|Taunt|p2a: Seismitoad
|-start|p2a: Seismitoad|move: Taunt
|cant|p2a: Seismitoad|move: Taunt|Stealth Rock
|
|-fieldend|move: Electric Terrain
|upkeep
|turn|6
|c|☆hjkawhdwja|Definitely seen this team
|c|☆hjkawhdwja|so if it's yours then yeah
|
|switch|p1a: Cramorant|Cramorant, F|100/100
|move|p2a: Seismitoad|Earthquake|p1a: Cramorant
|-immune|p1a: Cramorant
|
|upkeep
|turn|7
|c|☆Paradoxunicorn|Its a populor team for those who like out there unorthodeox meme teams lol
|
|switch|p2a: Rotom|Rotom-Mow|100/100
|move|p1a: Cramorant|Dive||[still]
|-prepare|p1a: Cramorant|Dive|p2a: Rotom
|
|upkeep
|turn|8
|
|move|p2a: Rotom|Nasty Plot|p2a: Rotom
|-boost|p2a: Rotom|spa|2
|move|p1a: Cramorant|Dive|p2a: Rotom|[from]lockedmove
|-resisted|p2a: Rotom
|-damage|p2a: Rotom|87/100
|-formechange|p1a: Cramorant|Cramorant-Gulping|
|
|-heal|p2a: Rotom|93/100|[from] item: Leftovers
|upkeep
|turn|9
|
|move|p1a: Cramorant|Endure|p1a: Cramorant
|-singleturn|p1a: Cramorant|move: Endure
|move|p2a: Rotom|Thunder Wave|p1a: Cramorant|[miss]
|-miss|p2a: Rotom|p1a: Cramorant
|
|-heal|p2a: Rotom|99/100|[from] item: Leftovers
|upkeep
|turn|10
|
|move|p2a: Rotom|Volt Switch|p1a: Cramorant
|-supereffective|p1a: Cramorant
|-formechange|p1a: Cramorant|Cramorant|
|-damage|p2a: Rotom|74/100|[from] ability: Gulp Missile|[of] p1a: Cramorant
|-unboost|p2a: Rotom|def|1
|-damage|p1a: Cramorant|0 fnt
|faint|p1a: Cramorant
|
|switch|p2a: Corviknight|Corviknight, F|100/100|[from]move: Volt Switch
|
|upkeep
|
|switch|p1a: Jolteon|Jolteon, F|100/100
|-status|p1a: Jolteon|psn
|turn|11
|
|switch|p2a: Seismitoad|Seismitoad, F|100/100
|move|p1a: Jolteon|Electro Ball|p2a: Seismitoad
|-immune|p2a: Seismitoad
|
|-damage|p1a: Jolteon|88/100 psn|[from] psn
|upkeep
|turn|12
|
|switch|p1a: Conkeldurr|Conkeldurr, M|100/100
|-status|p1a: Conkeldurr|psn
|move|p2a: Seismitoad|Stealth Rock|p1a: Conkeldurr
|-sidestart|p1: Paradoxunicorn|move: Stealth Rock
|
|-damage|p1a: Conkeldurr|88/100 psn|[from] psn
|upkeep
|turn|13
|
|switch|p2a: Dragapult|Dragapult, F|100/100
|move|p1a: Conkeldurr|Drain Punch|p2a: Dragapult
|-immune|p2a: Dragapult
|
|-damage|p1a: Conkeldurr|76/100 psn|[from] psn
|upkeep
|turn|14
|
|move|p2a: Dragapult|Hex|p1a: Conkeldurr
|-damage|p1a: Conkeldurr|32/100 psn
|move|p1a: Conkeldurr|Poison Jab|p2a: Dragapult
|-resisted|p2a: Dragapult
|-damage|p2a: Dragapult|68/100
|
|-heal|p2a: Dragapult|74/100|[from] item: Leftovers
|-damage|p1a: Conkeldurr|19/100 psn|[from] psn
|upkeep
|turn|15
|
|switch|p1a: Obstagoon|Obstagoon, F|100/100
|-status|p1a: Obstagoon|psn
|-damage|p1a: Obstagoon|88/100 psn|[from] Stealth Rock
|move|p2a: Dragapult|Hex|p1a: Obstagoon
|-immune|p1a: Obstagoon
|
|-heal|p2a: Dragapult|80/100|[from] item: Leftovers
|-damage|p1a: Obstagoon|76/100 psn|[from] psn
|upkeep
|turn|16
|
|move|p2a: Dragapult|Substitute|p2a: Dragapult
|-start|p2a: Dragapult|Substitute
|-damage|p2a: Dragapult|55/100
|move|p1a: Obstagoon|Knock Off|p2a: Dragapult
|-supereffective|p2a: Dragapult
|-end|p2a: Dragapult|Substitute
|
|-heal|p2a: Dragapult|61/100|[from] item: Leftovers
|-damage|p1a: Obstagoon|64/100 psn|[from] psn
|upkeep
|turn|17
|
|move|p2a: Dragapult|Disable|p1a: Obstagoon
|-start|p1a: Obstagoon|Disable|Knock Off
|cant|p1a: Obstagoon|Disable|Knock Off
|
|-heal|p2a: Dragapult|68/100|[from] item: Leftovers
|-damage|p1a: Obstagoon|52/100 psn|[from] psn
|upkeep
|turn|18
|
|move|p2a: Dragapult|Substitute|p2a: Dragapult
|-start|p2a: Dragapult|Substitute
|-damage|p2a: Dragapult|43/100
|-activate|p1a: Obstagoon|move: Struggle
|move|p1a: Obstagoon|Struggle|p2a: Dragapult
|-end|p2a: Dragapult|Substitute
|-damage|p1a: Obstagoon|26/100 psn|[from] recoil
|
|-heal|p2a: Dragapult|49/100|[from] item: Leftovers
|-damage|p1a: Obstagoon|14/100 psn|[from] psn
|upkeep
|turn|19
|c|☆hjkawhdwja|cb guts
|c|☆hjkawhdwja|nasty
|
|move|p2a: Dragapult|Substitute|p2a: Dragapult
|-start|p2a: Dragapult|Substitute
|-damage|p2a: Dragapult|24/100
|-activate|p1a: Obstagoon|move: Struggle
|move|p1a: Obstagoon|Struggle|p2a: Dragapult
|-end|p2a: Dragapult|Substitute
|-damage|p1a: Obstagoon|0 fnt|[from] recoil
|faint|p1a: Obstagoon
|
|-heal|p2a: Dragapult|30/100|[from] item: Leftovers
|upkeep
|c|☆Paradoxunicorn|It def is lol
|
|switch|p1a: Cinderace|Cinderace, M|100/100
|turn|20
|
|switch|p2a: Seismitoad|Seismitoad, F|100/100
|move|p1a: Cinderace|Pyro Ball|p2a: Seismitoad
|-resisted|p2a: Seismitoad
|-damage|p2a: Seismitoad|79/100
|
|-heal|p2a: Seismitoad|86/100|[from] item: Leftovers
|upkeep
|turn|21
|
|move|p1a: Cinderace|High Jump Kick|p2a: Seismitoad
|-damage|p2a: Seismitoad|58/100
|move|p2a: Seismitoad|Earthquake|p1a: Cinderace
|-supereffective|p1a: Cinderace
|-damage|p1a: Cinderace|1/100
|
|-heal|p2a: Seismitoad|64/100|[from] item: Leftovers
|upkeep
|turn|22
|
|move|p1a: Cinderace|High Jump Kick|p2a: Seismitoad|[miss]
|-miss|p1a: Cinderace|p2a: Seismitoad
|-damage|p1a: Cinderace|0 fnt|[from] highjumpkick
|faint|p1a: Cinderace
|move|p2a: Seismitoad|Earthquake|p1: Cinderace|[notarget]
|-fail|p2a: Seismitoad
|
|-heal|p2a: Seismitoad|70/100|[from] item: Leftovers
|upkeep
|c|☆hjkawhdwja|oof
|
|switch|p1a: Jolteon|Jolteon, F|88/100 psn
|-damage|p1a: Jolteon|76/100 psn|[from] Stealth Rock
|turn|23
|
|move|p1a: Jolteon|Shadow Ball|p2a: Seismitoad
|-damage|p2a: Seismitoad|34/100
|move|p2a: Seismitoad|Earthquake|p1a: Jolteon
|-supereffective|p1a: Jolteon
|-damage|p1a: Jolteon|0 fnt
|faint|p1a: Jolteon
|
|-heal|p2a: Seismitoad|40/100|[from] item: Leftovers
|upkeep
|
|switch|p1a: Conkeldurr|Conkeldurr, M|19/100 psn
|-damage|p1a: Conkeldurr|13/100 psn|[from] Stealth Rock
|turn|24
|
|switch|p2a: Dragapult|Dragapult, F|30/100
|move|p1a: Conkeldurr|Drain Punch|p2a: Dragapult
|-immune|p2a: Dragapult
|
|-heal|p2a: Dragapult|36/100|[from] item: Leftovers
|-damage|p1a: Conkeldurr|1/100 psn|[from] psn
|upkeep
|turn|25
|
|move|p2a: Dragapult|Hex|p1a: Conkeldurr
|-damage|p1a: Conkeldurr|0 fnt
|faint|p1a: Conkeldurr
|
|win|hjkawhdwja
|c|☆hjkawhdwja|gg
|l|☆Paradoxunicorn
|raw|Paradoxunicorn's rating: 1031 → 1018(-13 for losing)
|raw|hjkawhdwja's rating: 1077 → 1102(+25 for winning)
