|ScrapeTime|2020-01-01-22:54:33
|j|☆worweeja
|j|☆gotafly500
|player|p1|worweeja|backersf|1288
|player|p2|gotafly500|2|1342
|teamsize|p1|6
|teamsize|p2|6
|gametype|singles
|gen|8
|tier|[Gen 8] OU
|rated|
|rule|Sleep Clause Mod: Limit one foe put to sleep
|rule|Species Clause: Limit one of each Pokémon
|rule|OHKO Clause: OHKO moves are banned
|rule|Evasion Moves Clause: Evasion moves are banned
|rule|Endless Battle Clause: Forcing endless battles is banned
|rule|HP Percentage Mod: HP is shown in percentages
|clearpoke
|poke|p1|Golisopod, M|
|poke|p1|Clefable, F|
|poke|p1|Seismitoad, F|
|poke|p1|Excadrill, F|
|poke|p1|Salazzle, F|
|poke|p1|Hydreigon, M|
|poke|p2|Crawdaunt, F|
|poke|p2|Ferrothorn, M|
|poke|p2|Hydreigon, F|
|poke|p2|Seismitoad, F|
|poke|p2|Clefable, F|
|poke|p2|Cinderace, M|
|rule|Dynamax Clause: You cannot dynamax
|teampreview
|inactive|Battle timer is ON: inactive players will automatically lose when time's up. (requested by gotafly500)
|
|start
|switch|p1a: Golisopod|Golisopod, M, shiny|100/100
|switch|p2a: Seismitoad|Seismitoad, F|100/100
|turn|1
|
|switch|p1a: Seismitoad|Seismitoad, F|100/100
|move|p2a: Seismitoad|Toxic|p1a: Seismitoad
|-status|p1a: Seismitoad|tox
|
|-damage|p1a: Seismitoad|94/100 tox|[from] psn
|upkeep
|turn|2
|
|move|p2a: Seismitoad|Stealth Rock|p1a: Seismitoad
|-sidestart|p1: worweeja|move: Stealth Rock
|move|p1a: Seismitoad|Stealth Rock|p2a: Seismitoad
|-sidestart|p2: gotafly500|move: Stealth Rock
|
|-heal|p1a: Seismitoad|100/100 tox|[from] item: Leftovers
|-damage|p1a: Seismitoad|88/100 tox|[from] psn
|upkeep
|turn|3
|
|switch|p2a: D.Trump|Ferrothorn, M|100/100
|-damage|p2a: D.Trump|94/100|[from] Stealth Rock
|switch|p1a: Clefable|Clefable, F|100/100
|
|-heal|p2a: D.Trump|100/100|[from] item: Leftovers
|upkeep
|turn|4
|
|switch|p2a: Cinderace|Cinderace, M|100/100
|move|p1a: Clefable|Flamethrower|p2a: Cinderace
|-resisted|p2a: Cinderace
|-damage|p2a: Cinderace|73/100
|
|upkeep
|turn|5
|inactive|worweeja has 120 seconds left.
|
|move|p2a: Cinderace|U-turn|p1a: Clefable
|-resisted|p1a: Clefable
|-damage|p1a: Clefable|87/100
|
|switch|p2a: Seismitoad|Seismitoad, F|100/100|[from]move: U-turn
|-damage|p2a: Seismitoad|94/100|[from] Stealth Rock
|move|p1a: Clefable|Moonblast|p2a: Seismitoad
|-damage|p2a: Seismitoad|51/100
|
|-heal|p2a: Seismitoad|57/100|[from] item: Leftovers
|upkeep
|turn|6
|
|switch|p1a: Seismitoad|Seismitoad, F|88/100 tox
|-damage|p1a: Seismitoad|82/100 tox|[from] Stealth Rock
|move|p2a: Seismitoad|Protect||[still]
|-fail|p2a: Seismitoad
|
|-heal|p2a: Seismitoad|63/100|[from] item: Leftovers
|-heal|p1a: Seismitoad|88/100 tox|[from] item: Leftovers
|-damage|p1a: Seismitoad|82/100 tox|[from] psn
|upkeep
|turn|7
|
|move|p2a: Seismitoad|Protect|p2a: Seismitoad
|-singleturn|p2a: Seismitoad|Protect
|move|p1a: Seismitoad|Earth Power|p2a: Seismitoad
|-activate|p2a: Seismitoad|move: Protect
|
|-heal|p2a: Seismitoad|69/100|[from] item: Leftovers
|-heal|p1a: Seismitoad|88/100 tox|[from] item: Leftovers
|-damage|p1a: Seismitoad|76/100 tox|[from] psn
|upkeep
|turn|8
|
|switch|p2a: Hydreigon|Hydreigon, F|100/100
|-damage|p2a: Hydreigon|88/100|[from] Stealth Rock
|move|p1a: Seismitoad|Toxic|p2a: Hydreigon
|-status|p2a: Hydreigon|tox
|
|-heal|p2a: Hydreigon|94/100 tox|[from] item: Leftovers
|-heal|p1a: Seismitoad|82/100 tox|[from] item: Leftovers
|-damage|p2a: Hydreigon|88/100 tox|[from] psn
|-damage|p1a: Seismitoad|64/100 tox|[from] psn
|upkeep
|turn|9
|inactive|worweeja has 120 seconds left.
|
|switch|p1a: Excadrill|Excadrill, F|100/100
|-damage|p1a: Excadrill|97/100|[from] Stealth Rock
|-ability|p1a: Excadrill|Mold Breaker
|move|p2a: Hydreigon|Dark Pulse|p1a: Excadrill
|-damage|p1a: Excadrill|51/100
|
|-heal|p2a: Hydreigon|94/100 tox|[from] item: Leftovers
|-damage|p2a: Hydreigon|82/100 tox|[from] psn
|upkeep
|turn|10
|inactive|worweeja has 120 seconds left.
|
|switch|p1a: Hydreigon|Hydreigon, M|100/100
|-damage|p1a: Hydreigon|88/100|[from] Stealth Rock
|move|p2a: Hydreigon|Substitute|p2a: Hydreigon
|-start|p2a: Hydreigon|Substitute
|-damage|p2a: Hydreigon|57/100 tox
|
|-heal|p2a: Hydreigon|63/100 tox|[from] item: Leftovers
|-heal|p1a: Hydreigon|94/100|[from] item: Leftovers
|-damage|p2a: Hydreigon|45/100 tox|[from] psn
|upkeep
|turn|11
|
|move|p2a: Hydreigon|Nasty Plot|p2a: Hydreigon
|-boost|p2a: Hydreigon|spa|2
|move|p1a: Hydreigon|Flash Cannon|p2a: Hydreigon
|-end|p2a: Hydreigon|Substitute
|
|-heal|p2a: Hydreigon|51/100 tox|[from] item: Leftovers
|-heal|p1a: Hydreigon|100/100|[from] item: Leftovers
|-damage|p2a: Hydreigon|27/100 tox|[from] psn
|upkeep
|turn|12
|
|switch|p1a: Seismitoad|Seismitoad, F|64/100 tox
|-damage|p1a: Seismitoad|58/100 tox|[from] Stealth Rock
|move|p2a: Hydreigon|Flash Cannon|p1a: Seismitoad
|-resisted|p1a: Seismitoad
|-damage|p1a: Seismitoad|29/100 tox
|
|-heal|p2a: Hydreigon|33/100 tox|[from] item: Leftovers
|-heal|p1a: Seismitoad|35/100 tox|[from] item: Leftovers
|-damage|p2a: Hydreigon|2/100 tox|[from] psn
|-damage|p1a: Seismitoad|29/100 tox|[from] psn
|upkeep
|turn|13
|
|move|p2a: Hydreigon|Flash Cannon|p1a: Seismitoad
|-resisted|p1a: Seismitoad
|-damage|p1a: Seismitoad|0 fnt
|faint|p1a: Seismitoad
|
|-heal|p2a: Hydreigon|8/100 tox|[from] item: Leftovers
|-damage|p2a: Hydreigon|0 fnt|[from] psn
|faint|p2a: Hydreigon
|upkeep
|
|switch|p2a: Cinderace|Cinderace, M|73/100
|switch|p1a: Clefable|Clefable, F|87/100
|turn|14
|
|move|p2a: Cinderace|Pyro Ball|p1a: Clefable
|-damage|p1a: Clefable|20/100
|-status|p1a: Clefable|brn
|move|p1a: Clefable|Flamethrower|p2a: Cinderace
|-resisted|p2a: Cinderace
|-damage|p2a: Cinderace|47/100
|
|upkeep
|turn|15
|
|switch|p1a: Hydreigon|Hydreigon, M|100/100
|-damage|p1a: Hydreigon|88/100|[from] Stealth Rock
|move|p2a: Cinderace|Pyro Ball|p1a: Hydreigon
|-resisted|p1a: Hydreigon
|-damage|p1a: Hydreigon|57/100
|
|-heal|p1a: Hydreigon|63/100|[from] item: Leftovers
|upkeep
|turn|16
|
|switch|p1a: Golisopod|Golisopod, M, shiny|100/100
|move|p2a: Cinderace|Pyro Ball|p1a: Golisopod
|-damage|p1a: Golisopod|55/100
|
|upkeep
|turn|17
|
|switch|p2a: D.Trump|Ferrothorn, M|100/100
|-damage|p2a: D.Trump|94/100|[from] Stealth Rock
|move|p1a: Golisopod|Leech Life|p2a: D.Trump
|-damage|p2a: D.Trump|68/100
|-heal|p1a: Golisopod|69/100|[from] drain|[of] p2a: D.Trump
|-damage|p1a: Golisopod|56/100|[from] ability: Iron Barbs|[of] p2a: D.Trump
|
|-heal|p2a: D.Trump|74/100|[from] item: Leftovers
|upkeep
|turn|18
|
|move|p1a: Golisopod|Leech Life|p2a: D.Trump
|-damage|p2a: D.Trump|50/100
|-heal|p1a: Golisopod|69/100|[from] drain|[of] p2a: D.Trump
|-damage|p1a: Golisopod|57/100|[from] ability: Iron Barbs|[of] p2a: D.Trump
|move|p2a: D.Trump|Power Whip|p1a: Golisopod
|-damage|p1a: Golisopod|25/100
|-activate|p1a: Golisopod|ability: Emergency Exit
|
|switch|p1a: Clefable|Clefable, F|20/100 brn
|
|-heal|p2a: D.Trump|56/100|[from] item: Leftovers
|upkeep
|turn|19
|
|move|p2a: D.Trump|Protect|p2a: D.Trump
|-singleturn|p2a: D.Trump|Protect
|move|p1a: Clefable|Moonlight|p1a: Clefable
|-heal|p1a: Clefable|70/100 brn
|
|-heal|p2a: D.Trump|62/100|[from] item: Leftovers
|upkeep
|turn|20
|
|switch|p2a: Cinderace|Cinderace, M|47/100
|move|p1a: Clefable|Moonblast|p2a: Cinderace
|-resisted|p2a: Cinderace
|-damage|p2a: Cinderace|5/100
|
|upkeep
|turn|21
|
|switch|p1a: Hydreigon|Hydreigon, M|63/100
|-damage|p1a: Hydreigon|51/100|[from] Stealth Rock
|move|p2a: Cinderace|Pyro Ball|p1a: Hydreigon
|-resisted|p1a: Hydreigon
|-damage|p1a: Hydreigon|0 fnt
|faint|p1a: Hydreigon
|
|upkeep
|
|switch|p1a: Golisopod|Golisopod, M, shiny|25/100
|turn|22
|inactive|worweeja has 120 seconds left.
|
|switch|p2a: D.Trump|Ferrothorn, M|62/100
|-damage|p2a: D.Trump|56/100|[from] Stealth Rock
|move|p1a: Golisopod|Leech Life|p2a: D.Trump
|-damage|p2a: D.Trump|27/100
|-heal|p1a: Golisopod|40/100|[from] drain|[of] p2a: D.Trump
|-damage|p1a: Golisopod|28/100|[from] ability: Iron Barbs|[of] p2a: D.Trump
|
|-heal|p2a: D.Trump|33/100|[from] item: Leftovers
|upkeep
|turn|23
|
|move|p1a: Golisopod|Leech Life|p2a: D.Trump
|-damage|p2a: D.Trump|7/100
|-heal|p1a: Golisopod|41/100|[from] drain|[of] p2a: D.Trump
|-damage|p1a: Golisopod|29/100|[from] ability: Iron Barbs|[of] p2a: D.Trump
|move|p2a: D.Trump|Leech Seed|p1a: Golisopod
|-start|p1a: Golisopod|move: Leech Seed
|
|-heal|p2a: D.Trump|14/100|[from] item: Leftovers
|-damage|p1a: Golisopod|16/100|[from] Leech Seed|[of] p2a: D.Trump
|-heal|p2a: D.Trump|26/100|[silent]
|upkeep
|turn|24
|
|switch|p1a: Clefable|Clefable, F|70/100 brn
|move|p2a: D.Trump|Protect||[still]
|-fail|p2a: D.Trump
|
|-heal|p2a: D.Trump|32/100|[from] item: Leftovers
|upkeep
|turn|25
|inactive|worweeja has 120 seconds left.
|
|move|p1a: Clefable|Moonblast|p2a: D.Trump
|-resisted|p2a: D.Trump
|-damage|p2a: D.Trump|10/100
|-unboost|p2a: D.Trump|spa|1
|move|p2a: D.Trump|Spikes|p1a: Clefable
|-sidestart|p1: worweeja|Spikes
|
|-heal|p2a: D.Trump|16/100|[from] item: Leftovers
|upkeep
|turn|26
|
|move|p1a: Clefable|Moonblast|p2a: D.Trump
|-resisted|p2a: D.Trump
|-damage|p2a: D.Trump|0 fnt
|faint|p2a: D.Trump
|
|upkeep
|
|switch|p2a: Cinderace|Cinderace, M|5/100
|turn|27
|
|switch|p1a: Salazzle|Salazzle, F|100/100
|-damage|p1a: Salazzle|76/100|[from] Stealth Rock
|-damage|p1a: Salazzle|63/100|[from] Spikes
|move|p2a: Cinderace|Pyro Ball|p1a: Salazzle
|-resisted|p1a: Salazzle
|-damage|p1a: Salazzle|0 fnt
|faint|p1a: Salazzle
|
|upkeep
|
|switch|p1a: Golisopod|Golisopod, M, shiny|16/100
|turn|28
|
|switch|p2a: Seismitoad|Seismitoad, F|69/100
|-damage|p2a: Seismitoad|63/100|[from] Stealth Rock
|move|p1a: Golisopod|First Impression|p2a: Seismitoad
|-damage|p2a: Seismitoad|13/100
|
|-heal|p2a: Seismitoad|19/100|[from] item: Leftovers
|upkeep
|turn|29
|
|switch|p1a: Excadrill|Excadrill, F|51/100
|-damage|p1a: Excadrill|48/100|[from] Stealth Rock
|-damage|p1a: Excadrill|35/100|[from] Spikes
|-ability|p1a: Excadrill|Mold Breaker
|move|p2a: Seismitoad|Scald|p1a: Excadrill
|-supereffective|p1a: Excadrill
|-damage|p1a: Excadrill|0 fnt
|faint|p1a: Excadrill
|
|-heal|p2a: Seismitoad|25/100|[from] item: Leftovers
|upkeep
|
|switch|p1a: Clefable|Clefable, F|70/100 brn
|turn|30
|
|move|p2a: Seismitoad|Scald|p1a: Clefable
|-damage|p1a: Clefable|47/100 brn
|move|p1a: Clefable|Moonblast|p2a: Seismitoad
|-damage|p2a: Seismitoad|0 fnt
|faint|p2a: Seismitoad
|
|upkeep
|
|switch|p2a: Clefable|Clefable, F|100/100
|turn|31
|
|move|p1a: Clefable|Moonblast|p2a: Clefable
|-damage|p2a: Clefable|43/100
|-unboost|p2a: Clefable|spa|1
|move|p2a: Clefable|Moonblast|p1a: Clefable
|-damage|p1a: Clefable|9/100 brn
|
|upkeep
|turn|32
|
|move|p1a: Clefable|Moonblast|p2a: Clefable
|-damage|p2a: Clefable|0 fnt
|faint|p2a: Clefable
|
|upkeep
|
|switch|p2a: V.Orban|Crawdaunt, F|100/100
|-damage|p2a: V.Orban|88/100|[from] Stealth Rock
|turn|33
|
|move|p2a: V.Orban|Aqua Jet|p1a: Clefable
|-damage|p1a: Clefable|0 fnt
|-damage|p2a: V.Orban|78/100|[from] item: Life Orb
|faint|p1a: Clefable
|
|upkeep
|
|switch|p1a: Golisopod|Golisopod, M, shiny|16/100
|turn|34
|
|move|p2a: V.Orban|Aqua Jet|p1a: Golisopod
|-resisted|p1a: Golisopod
|-damage|p1a: Golisopod|1/100
|-damage|p2a: V.Orban|69/100|[from] item: Life Orb
|move|p1a: Golisopod|Leech Life|p2a: V.Orban
|-supereffective|p2a: V.Orban
|-damage|p2a: V.Orban|0 fnt
|-heal|p1a: Golisopod|28/100|[from] drain|[of] p2a: V.Orban
|faint|p2a: V.Orban
|
|upkeep
|
|switch|p2a: Cinderace|Cinderace, M|5/100
|turn|35
|
|move|p1a: Golisopod|Aqua Jet|p2a: Cinderace
|-supereffective|p2a: Cinderace
|-damage|p2a: Cinderace|0 fnt
|faint|p2a: Cinderace
|
|win|worweeja
|raw|worweeja's rating: 1288 → 1317(+29 for winning)
|raw|gotafly500's rating: 1342 → 1319(-23 for losing)
|l|☆gotafly500
