|ScrapeTime|2020-01-01-18:06:27
|j|☆Sart2
|j|‽God is Real 7
|player|p1|Sart2|156|1262
|player|p2|God is Real 7|red|1267
|teamsize|p1|6
|teamsize|p2|6
|gametype|singles
|gen|8
|tier|[Gen 8] OU
|rated|
|rule|Sleep Clause Mod: Limit one foe put to sleep
|rule|Species Clause: Limit one of each Pokémon
|rule|OHKO Clause: OHKO moves are banned
|rule|Evasion Moves Clause: Evasion moves are banned
|rule|Endless Battle Clause: Forcing endless battles is banned
|rule|HP Percentage Mod: HP is shown in percentages
|clearpoke
|poke|p1|Clefable, F|
|poke|p1|Conkeldurr, F|
|poke|p1|Corviknight, F|
|poke|p1|Hydreigon, F|
|poke|p1|Rotom-Heat|
|poke|p1|Seismitoad, F|
|poke|p2|Dragapult, M|
|poke|p2|Vaporeon, M|
|poke|p2|Rotom-Heat|
|poke|p2|Ferrothorn, M|
|poke|p2|Toxapex, M|
|poke|p2|Excadrill, M|
|rule|Dynamax Clause: You cannot dynamax
|teampreview
|inactive|Battle timer is ON: inactive players will automatically lose when time's up. (requested by Sart2)
|
|start
|switch|p1a: Rotom|Rotom-Heat|100/100
|switch|p2a: Ferrothorn|Ferrothorn, M|100/100
|turn|1
|
|switch|p2a: Toxapex|Toxapex, M|100/100
|move|p1a: Rotom|Nasty Plot|p1a: Rotom
|-boost|p1a: Rotom|spa|2
|
|upkeep
|turn|2
|
|switch|p2a: Excadrill|Excadrill, M|100/100
|-ability|p2a: Excadrill|Mold Breaker
|move|p1a: Rotom|Volt Switch|p2a: Excadrill
|-immune|p2a: Excadrill
|
|upkeep
|turn|3
|
|move|p2a: Excadrill|Earthquake|p1a: Rotom
|-supereffective|p1a: Rotom
|-damage|p1a: Rotom|0 fnt
|faint|p1a: Rotom
|
|upkeep
|
|switch|p1a: Conkeldurr|Conkeldurr, F|100/100
|turn|4
|
|switch|p2a: Toxapex|Toxapex, M|100/100
|move|p1a: Conkeldurr|Earthquake|p2a: Toxapex
|-supereffective|p2a: Toxapex
|-damage|p2a: Toxapex|48/100
|
|-heal|p2a: Toxapex|54/100|[from] item: Black Sludge
|-status|p1a: Conkeldurr|brn|[from] item: Flame Orb
|upkeep
|turn|5
|
|switch|p1a: Clefable|Clefable, F|100/100
|switch|p2a: Rotom|Rotom-Heat|100/100
|
|upkeep
|turn|6
|
|move|p2a: Rotom|Volt Switch|p1a: Clefable
|-damage|p1a: Clefable|81/100
|
|switch|p2a: Toxapex|Toxapex, M|87/100|[from]move: Volt Switch
|move|p1a: Clefable|Wish|p1a: Clefable
|
|-heal|p1a: Clefable|87/100|[from] item: Leftovers
|-heal|p2a: Toxapex|93/100|[from] item: Black Sludge
|upkeep
|turn|7
|
|move|p1a: Clefable|Thunder Wave|p2a: Toxapex
|-status|p2a: Toxapex|par
|cant|p2a: Toxapex|par
|
|-heal|p1a: Clefable|100/100|[from] move: Wish|[wisher] Clefable
|-heal|p2a: Toxapex|99/100 par|[from] item: Black Sludge
|upkeep
|turn|8
|
|switch|p1a: Seismitoad|Seismitoad, F|100/100
|move|p2a: Toxapex|Sludge Bomb|p1a: Seismitoad
|-resisted|p1a: Seismitoad
|-damage|p1a: Seismitoad|90/100
|-status|p1a: Seismitoad|psn
|
|-heal|p1a: Seismitoad|96/100 psn|[from] item: Leftovers
|-heal|p2a: Toxapex|100/100 par|[from] item: Black Sludge
|-damage|p1a: Seismitoad|84/100 psn|[from] psn
|upkeep
|turn|9
|
|switch|p2a: Ferrothorn|Ferrothorn, M|100/100
|move|p1a: Seismitoad|Stealth Rock|p2a: Ferrothorn
|-sidestart|p2: God is Real 7|move: Stealth Rock
|
|-heal|p1a: Seismitoad|90/100 psn|[from] item: Leftovers
|-damage|p1a: Seismitoad|78/100 psn|[from] psn
|upkeep
|turn|10
|
|switch|p1a: Conkeldurr|Conkeldurr, F|100/100 brn
|move|p2a: Ferrothorn|Body Press|p1a: Conkeldurr
|-damage|p1a: Conkeldurr|78/100 brn
|
|-damage|p1a: Conkeldurr|72/100 brn|[from] brn
|upkeep
|turn|11
|
|switch|p1a: Clefable|Clefable, F|100/100
|move|p2a: Ferrothorn|Stealth Rock|p1a: Clefable
|-sidestart|p1: Sart2|move: Stealth Rock
|
|upkeep
|turn|12
|
|switch|p2a: Toxapex|Toxapex, M|100/100 par
|-damage|p2a: Toxapex|88/100 par|[from] Stealth Rock
|move|p1a: Clefable|Wish|p1a: Clefable
|
|-heal|p2a: Toxapex|94/100 par|[from] item: Black Sludge
|upkeep
|turn|13
|inactive|God is Real 7 has 120 seconds left.
|
|switch|p1a: Conkeldurr|Conkeldurr, F|72/100 brn
|-damage|p1a: Conkeldurr|66/100 brn|[from] Stealth Rock
|move|p2a: Toxapex|Sludge Bomb|p1a: Conkeldurr
|-damage|p1a: Conkeldurr|45/100 brn
|
|-heal|p1a: Conkeldurr|93/100 brn|[from] move: Wish|[wisher] Clefable
|-heal|p2a: Toxapex|99/100 par|[from] item: Black Sludge
|-damage|p1a: Conkeldurr|87/100 brn|[from] brn
|upkeep
|turn|14
|
|move|p1a: Conkeldurr|Earthquake|p2a: Toxapex
|-supereffective|p2a: Toxapex
|-damage|p2a: Toxapex|14/100 par
|cant|p2a: Toxapex|par
|
|-heal|p2a: Toxapex|20/100 par|[from] item: Black Sludge
|-damage|p1a: Conkeldurr|80/100 brn|[from] brn
|upkeep
|turn|15
|
|switch|p2a: Rotom|Rotom-Heat|100/100
|-damage|p2a: Rotom|76/100|[from] Stealth Rock
|move|p1a: Conkeldurr|Close Combat|p2a: Rotom
|-damage|p2a: Rotom|0 fnt
|-unboost|p1a: Conkeldurr|def|1
|-unboost|p1a: Conkeldurr|spd|1
|faint|p2a: Rotom
|
|-damage|p1a: Conkeldurr|74/100 brn|[from] brn
|upkeep
|
|switch|p2a: Dragapult|Dragapult, M|100/100
|-damage|p2a: Dragapult|88/100|[from] Stealth Rock
|turn|16
|
|switch|p1a: Clefable|Clefable, F|100/100
|move|p2a: Dragapult|Substitute|p2a: Dragapult
|-start|p2a: Dragapult|Substitute
|-damage|p2a: Dragapult|63/100
|
|-heal|p2a: Dragapult|69/100|[from] item: Leftovers
|upkeep
|turn|17
|
|move|p2a: Dragapult|Dragon Dance|p2a: Dragapult
|-boost|p2a: Dragapult|atk|1
|-boost|p2a: Dragapult|spe|1
|move|p1a: Clefable|Moonblast|p2a: Dragapult
|-supereffective|p2a: Dragapult
|-end|p2a: Dragapult|Substitute
|
|-heal|p2a: Dragapult|75/100|[from] item: Leftovers
|upkeep
|turn|18
|
|move|p2a: Dragapult|Phantom Force||[still]
|-prepare|p2a: Dragapult|Phantom Force|p1a: Clefable
|move|p1a: Clefable|Moonblast|p2a: Dragapult|[miss]
|-miss|p1a: Clefable|p2a: Dragapult
|
|-heal|p2a: Dragapult|81/100|[from] item: Leftovers
|upkeep
|turn|19
|
|move|p1a: Clefable|Protect|p1a: Clefable
|-singleturn|p1a: Clefable|Protect
|move|p2a: Dragapult|Phantom Force|p1a: Clefable|[from]lockedmove
|-activate|p1a: Clefable|move: Phantom Force|[broken]
|-damage|p1a: Clefable|40/100
|
|-heal|p2a: Dragapult|87/100|[from] item: Leftovers
|-heal|p1a: Clefable|46/100|[from] item: Leftovers
|upkeep
|turn|20
|
|move|p2a: Dragapult|Dragon Darts|p1a: Clefable
|-immune|p1a: Clefable
|move|p1a: Clefable|Moonblast|p2a: Dragapult
|-supereffective|p2a: Dragapult
|-damage|p2a: Dragapult|0 fnt
|faint|p2a: Dragapult
|
|-heal|p1a: Clefable|52/100|[from] item: Leftovers
|upkeep
|-message|God is Real 7 forfeited.
|
|win|Sart2
|l|‽God is Real 7
