|ScrapeTime|2020-01-02-04:15:21
|j|☆FabledChop
|j|☆ZONE EpochPhaile
|player|p1|FabledChop|169|1115
|player|p2|ZONE EpochPhaile|266|1120
|teamsize|p1|6
|teamsize|p2|6
|gametype|singles
|gen|8
|tier|[Gen 8] OU
|rated|
|rule|Sleep Clause Mod: Limit one foe put to sleep
|rule|Species Clause: Limit one of each Pokémon
|rule|OHKO Clause: OHKO moves are banned
|rule|Evasion Moves Clause: Evasion moves are banned
|rule|Endless Battle Clause: Forcing endless battles is banned
|rule|HP Percentage Mod: HP is shown in percentages
|clearpoke
|poke|p1|Corviknight, F|
|poke|p1|Dragapult, F|
|poke|p1|Kommo-o, M|
|poke|p1|Clefable, M|
|poke|p1|Excadrill, F|
|poke|p1|Seismitoad, M|
|poke|p2|Mamoswine, F|
|poke|p2|Sirfetch'd, F|
|poke|p2|Reuniclus, M|
|poke|p2|Toxapex, M|
|poke|p2|Corviknight, M|
|poke|p2|Dracozolt|
|rule|Dynamax Clause: You cannot dynamax
|teampreview
|
|start
|switch|p1a: Dragapult|Dragapult, F|100/100
|switch|p2a: Sirfetch'd|Sirfetch'd, F|100/100
|turn|1
|
|move|p1a: Dragapult|Shadow Ball|p2a: Sirfetch'd
|-damage|p2a: Sirfetch'd|67/100
|-unboost|p2a: Sirfetch'd|spd|1
|move|p2a: Sirfetch'd|Knock Off|p1a: Dragapult
|-supereffective|p1a: Dragapult
|-damage|p1a: Dragapult|0 fnt
|-enditem|p1a: Dragapult|Choice Scarf|[from] move: Knock Off|[of] p2a: Sirfetch'd
|faint|p1a: Dragapult
|
|upkeep
|
|switch|p1a: Clefable|Clefable, M|100/100
|turn|2
|
|move|p1a: Clefable|Moonblast|p2a: Sirfetch'd
|-supereffective|p2a: Sirfetch'd
|-damage|p2a: Sirfetch'd|0 fnt
|faint|p2a: Sirfetch'd
|
|upkeep
|
|switch|p2a: Reuniclus|Reuniclus, M|100/100
|turn|3
|
|move|p1a: Clefable|Moonblast|p2a: Reuniclus
|-damage|p2a: Reuniclus|51/100
|-unboost|p2a: Reuniclus|spa|1
|move|p2a: Reuniclus|Calm Mind|p2a: Reuniclus
|-boost|p2a: Reuniclus|spa|1
|-boost|p2a: Reuniclus|spd|1
|
|upkeep
|turn|4
|
|move|p1a: Clefable|Moonblast|p2a: Reuniclus
|-damage|p2a: Reuniclus|19/100
|move|p2a: Reuniclus|Recover|p2a: Reuniclus
|-heal|p2a: Reuniclus|69/100
|
|upkeep
|turn|5
|
|move|p1a: Clefable|Moonblast|p2a: Reuniclus
|-damage|p2a: Reuniclus|39/100
|move|p2a: Reuniclus|Recover|p2a: Reuniclus
|-heal|p2a: Reuniclus|89/100
|
|upkeep
|turn|6
|
|move|p1a: Clefable|Moonblast|p2a: Reuniclus
|-damage|p2a: Reuniclus|59/100
|move|p2a: Reuniclus|Calm Mind|p2a: Reuniclus
|-boost|p2a: Reuniclus|spa|1
|-boost|p2a: Reuniclus|spd|1
|
|upkeep
|turn|7
|
|move|p1a: Clefable|Moonblast|p2a: Reuniclus
|-damage|p2a: Reuniclus|33/100
|move|p2a: Reuniclus|Recover|p2a: Reuniclus
|-heal|p2a: Reuniclus|83/100
|
|upkeep
|turn|8
|
|move|p1a: Clefable|Moonblast|p2a: Reuniclus
|-damage|p2a: Reuniclus|58/100
|-unboost|p2a: Reuniclus|spa|1
|move|p2a: Reuniclus|Calm Mind|p2a: Reuniclus
|-boost|p2a: Reuniclus|spa|1
|-boost|p2a: Reuniclus|spd|1
|
|upkeep
|turn|9
|
|move|p1a: Clefable|Flamethrower|p2a: Reuniclus
|-damage|p2a: Reuniclus|45/100
|move|p2a: Reuniclus|Recover|p2a: Reuniclus
|-heal|p2a: Reuniclus|95/100
|
|upkeep
|turn|10
|
|move|p1a: Clefable|Thunderbolt|p2a: Reuniclus
|-damage|p2a: Reuniclus|83/100
|move|p2a: Reuniclus|Calm Mind|p2a: Reuniclus
|-boost|p2a: Reuniclus|spa|1
|-boost|p2a: Reuniclus|spd|1
|
|upkeep
|turn|11
|
|move|p1a: Clefable|Thunderbolt|p2a: Reuniclus
|-damage|p2a: Reuniclus|73/100
|move|p2a: Reuniclus|Calm Mind|p2a: Reuniclus
|-boost|p2a: Reuniclus|spa|1
|-boost|p2a: Reuniclus|spd|1
|
|upkeep
|turn|12
|
|move|p1a: Clefable|Stealth Rock|p2a: Reuniclus
|-sidestart|p2: ZONE EpochPhaile|move: Stealth Rock
|move|p2a: Reuniclus|Recover|p2a: Reuniclus
|-heal|p2a: Reuniclus|100/100
|
|upkeep
|turn|13
|
|move|p1a: Clefable|Thunderbolt|p2a: Reuniclus
|-damage|p2a: Reuniclus|92/100
|move|p2a: Reuniclus|Calm Mind|p2a: Reuniclus
|-boost|p2a: Reuniclus|spa|1
|-boost|p2a: Reuniclus|spd|1
|
|upkeep
|turn|14
|
|move|p1a: Clefable|Thunderbolt|p2a: Reuniclus
|-damage|p2a: Reuniclus|84/100
|move|p2a: Reuniclus|Calm Mind|p2a: Reuniclus
|-boost|p2a: Reuniclus|spa|1
|-boost|p2a: Reuniclus|spd|0
|
|upkeep
|turn|15
|
|move|p1a: Clefable|Thunderbolt|p2a: Reuniclus
|-damage|p2a: Reuniclus|76/100
|move|p2a: Reuniclus|Calm Mind|p2a: Reuniclus
|-boost|p2a: Reuniclus|spa|1
|-boost|p2a: Reuniclus|spd|0
|
|upkeep
|turn|16
|
|move|p1a: Clefable|Thunderbolt|p2a: Reuniclus
|-damage|p2a: Reuniclus|68/100
|move|p2a: Reuniclus|Recover|p2a: Reuniclus
|-heal|p2a: Reuniclus|100/100
|
|upkeep
|turn|17
|
|move|p1a: Clefable|Thunderbolt|p2a: Reuniclus
|-damage|p2a: Reuniclus|92/100
|move|p2a: Reuniclus|Psyshock|p1a: Clefable
|-damage|p1a: Clefable|0 fnt
|faint|p1a: Clefable
|
|upkeep
|
|switch|p1a: Excadrill|Excadrill, F|100/100
|-ability|p1a: Excadrill|Mold Breaker
|turn|18
|
|move|p1a: Excadrill|Earthquake|p2a: Reuniclus
|-damage|p2a: Reuniclus|53/100
|move|p2a: Reuniclus|Psyshock|p1a: Excadrill
|-resisted|p1a: Excadrill
|-damage|p1a: Excadrill|0 fnt
|faint|p1a: Excadrill
|
|upkeep
|-message|FabledChop forfeited.
|
|win|ZONE EpochPhaile
|raw|FabledChop's rating: 1115 → 1090(-25 for losing)
|raw|ZONE EpochPhaile's rating: 1120 → 1145(+25 for winning)
