|ScrapeTime|2020-01-02-15:25:18
|j|☆wachi loco
|j|☆chateauv
|player|p1|wachi loco|lucas|1075
|player|p2|chateauv|101|1096
|teamsize|p1|6
|teamsize|p2|6
|gametype|singles
|gen|8
|tier|[Gen 8] OU
|rated|
|rule|Sleep Clause Mod: Limit one foe put to sleep
|rule|Species Clause: Limit one of each Pokémon
|rule|OHKO Clause: OHKO moves are banned
|rule|Evasion Moves Clause: Evasion moves are banned
|rule|Endless Battle Clause: Forcing endless battles is banned
|rule|HP Percentage Mod: HP is shown in percentages
|clearpoke
|poke|p1|Rhyperior, F|
|poke|p1|Hitmonlee, M|
|poke|p1|Espeon, M|
|poke|p1|Haxorus, M|
|poke|p1|Gengar, M|
|poke|p1|Corviknight, M|
|poke|p2|Pelipper, F|
|poke|p2|Toxtricity, F|
|poke|p2|Barbaracle, M|
|poke|p2|Snorlax, M|
|poke|p2|Corviknight, M|
|poke|p2|Dracovish|
|rule|Dynamax Clause: You cannot dynamax
|teampreview
|
|start
|switch|p1a: Gengar|Gengar, M|100/100
|switch|p2a: Pelipper|Pelipper, F|100/100
|-weather|RainDance|[from] ability: Drizzle|[of] p2a: Pelipper
|turn|1
|
|move|p1a: Gengar|Sludge Wave|p2a: Pelipper
|-damage|p2a: Pelipper|0 fnt
|faint|p2a: Pelipper
|
|-weather|RainDance|[upkeep]
|upkeep
|
|switch|p2a: Dracovish|Dracovish|100/100
|turn|2
|
|switch|p1a: Corviknight|Corviknight, M|100/100
|-ability|p1a: Corviknight|Pressure
|move|p2a: Dracovish|Fishious Rend|p1a: Corviknight
|-damage|p1a: Corviknight|0 fnt
|faint|p1a: Corviknight
|
|-weather|RainDance|[upkeep]
|upkeep
|
|switch|p1a: Haxorus|Haxorus, M|100/100
|-ability|p1a: Haxorus|Mold Breaker
|turn|3
|
|move|p1a: Haxorus|Outrage|p2a: Dracovish
|-supereffective|p2a: Dracovish
|-damage|p2a: Dracovish|0 fnt
|faint|p2a: Dracovish
|
|-weather|RainDance|[upkeep]
|upkeep
|
|switch|p2a: Corviknight|Corviknight, M|100/100
|-ability|p2a: Corviknight|Pressure
|turn|4
|
|move|p1a: Haxorus|Outrage|p2a: Corviknight|[from]lockedmove
|-resisted|p2a: Corviknight
|-damage|p2a: Corviknight|75/100
|-start|p1a: Haxorus|confusion|[fatigue]
|move|p2a: Corviknight|Bulk Up|p2a: Corviknight
|-boost|p2a: Corviknight|atk|1
|-boost|p2a: Corviknight|def|1
|
|-weather|RainDance|[upkeep]
|upkeep
|turn|5
|
|switch|p1a: Gengar|Gengar, M|100/100
|move|p2a: Corviknight|Bulk Up|p2a: Corviknight
|-boost|p2a: Corviknight|atk|1
|-boost|p2a: Corviknight|def|1
|
|-weather|RainDance|[upkeep]
|upkeep
|turn|6
|
|move|p1a: Gengar|Shadow Ball|p2a: Corviknight
|-damage|p2a: Corviknight|27/100
|move|p2a: Corviknight|Taunt|p1a: Gengar
|-start|p1a: Gengar|move: Taunt
|
|-weather|RainDance|[upkeep]
|upkeep
|turn|7
|
|switch|p2a: Snorlax|Snorlax, M|100/100
|move|p1a: Gengar|Shadow Ball|p2a: Snorlax
|-immune|p2a: Snorlax
|
|-weather|RainDance|[upkeep]
|upkeep
|turn|8
|
|switch|p1a: Rhyperior|Rhyperior, F|100/100
|move|p2a: Snorlax|Curse|p2a: Snorlax
|-unboost|p2a: Snorlax|spe|1
|-boost|p2a: Snorlax|atk|1
|-boost|p2a: Snorlax|def|1
|
|-weather|none
|upkeep
|turn|9
|
|move|p1a: Rhyperior|Iron Defense|p1a: Rhyperior
|-boost|p1a: Rhyperior|def|2
|move|p2a: Snorlax|Curse|p2a: Snorlax
|-unboost|p2a: Snorlax|spe|1
|-boost|p2a: Snorlax|atk|1
|-boost|p2a: Snorlax|def|1
|
|upkeep
|turn|10
|
|move|p1a: Rhyperior|Iron Defense|p1a: Rhyperior
|-boost|p1a: Rhyperior|def|2
|move|p2a: Snorlax|Curse|p2a: Snorlax
|-unboost|p2a: Snorlax|spe|1
|-boost|p2a: Snorlax|atk|1
|-boost|p2a: Snorlax|def|1
|
|upkeep
|turn|11
|
|move|p1a: Rhyperior|Body Press|p2a: Snorlax
|-supereffective|p2a: Snorlax
|-damage|p2a: Snorlax|34/100
|move|p2a: Snorlax|Curse|p2a: Snorlax
|-unboost|p2a: Snorlax|spe|1
|-boost|p2a: Snorlax|atk|1
|-boost|p2a: Snorlax|def|1
|
|-heal|p2a: Snorlax|40/100|[from] item: Leftovers
|upkeep
|turn|12
|
|move|p1a: Rhyperior|Body Press|p2a: Snorlax
|-supereffective|p2a: Snorlax
|-damage|p2a: Snorlax|0 fnt
|faint|p2a: Snorlax
|
|upkeep
|
|switch|p2a: Barbaracle|Barbaracle, M|100/100
|turn|13
|
|move|p2a: Barbaracle|Shell Smash|p2a: Barbaracle
|-unboost|p2a: Barbaracle|def|1
|-unboost|p2a: Barbaracle|spd|1
|-boost|p2a: Barbaracle|atk|2
|-boost|p2a: Barbaracle|spa|2
|-boost|p2a: Barbaracle|spe|2
|move|p1a: Rhyperior|Body Press|p2a: Barbaracle
|-supereffective|p2a: Barbaracle
|-damage|p2a: Barbaracle|0 fnt
|faint|p2a: Barbaracle
|
|upkeep
|inactive|Battle timer is ON: inactive players will automatically lose when time's up. (requested by wachi loco)
|
|switch|p2a: Toxtricity|Toxtricity, F|100/100
|turn|14
|
|move|p2a: Toxtricity|Volt Switch|p1a: Rhyperior
|-immune|p1a: Rhyperior
|move|p1a: Rhyperior|Earthquake|p2a: Toxtricity
|-supereffective|p2a: Toxtricity
|-damage|p2a: Toxtricity|0 fnt
|faint|p2a: Toxtricity
|
|upkeep
|-message|chateauv forfeited.
|
|win|wachi loco
|l|☆chateauv
