|ScrapeTime|2020-01-02-02:05:55
|j|☆Professor Nichols
|j|☆machg97
|player|p1|Professor Nichols|gambler|1079
|player|p2|machg97|lucas-gen4pt|1061
|teamsize|p1|6
|teamsize|p2|6
|gametype|singles
|gen|8
|tier|[Gen 8] OU
|rated|
|rule|Sleep Clause Mod: Limit one foe put to sleep
|rule|Species Clause: Limit one of each Pokémon
|rule|OHKO Clause: OHKO moves are banned
|rule|Evasion Moves Clause: Evasion moves are banned
|rule|Endless Battle Clause: Forcing endless battles is banned
|rule|HP Percentage Mod: HP is shown in percentages
|clearpoke
|poke|p1|Grimmsnarl, M|
|poke|p1|Corviknight, M|
|poke|p1|Grapploct, M|
|poke|p1|Rotom-Wash|
|poke|p1|Rhyperior, M|
|poke|p1|Mimikyu, M|
|poke|p2|Aegislash, M|
|poke|p2|Dragapult, M|
|poke|p2|Conkeldurr, M|
|poke|p2|Ferrothorn, M|
|poke|p2|Rotom-Heat|
|poke|p2|Toxapex, M|
|rule|Dynamax Clause: You cannot dynamax
|teampreview
|inactive|Battle timer is ON: inactive players will automatically lose when time's up. (requested by Professor Nichols)
|
|start
|switch|p1a: Alexei Sytsevich|Rhyperior, M|100/100
|switch|p2a: Ferrothorn|Ferrothorn, M|100/100
|turn|1
|
|switch|p1a: Adrian Toomes|Corviknight, M|100/100
|move|p2a: Ferrothorn|Stealth Rock|p1a: Adrian Toomes
|-sidestart|p1: Professor Nichols|move: Stealth Rock
|
|upkeep
|turn|2
|
|move|p1a: Adrian Toomes|Brave Bird|p2a: Ferrothorn
|-damage|p2a: Ferrothorn|78/100
|-damage|p1a: Adrian Toomes|88/100|[from] ability: Iron Barbs|[of] p2a: Ferrothorn
|-damage|p1a: Adrian Toomes|71/100|[from] item: Rocky Helmet|[of] p2a: Ferrothorn
|-damage|p1a: Adrian Toomes|65/100|[from] Recoil
|move|p2a: Ferrothorn|Spikes|p1a: Adrian Toomes
|-sidestart|p1: Professor Nichols|Spikes
|
|-heal|p1a: Adrian Toomes|71/100|[from] item: Leftovers
|upkeep
|turn|3
|
|move|p1a: Adrian Toomes|Roost|p1a: Adrian Toomes
|-heal|p1a: Adrian Toomes|100/100
|-singleturn|p1a: Adrian Toomes|move: Roost
|move|p2a: Ferrothorn|Spikes|p1a: Adrian Toomes
|-sidestart|p1: Professor Nichols|Spikes
|
|upkeep
|turn|4
|
|move|p1a: Adrian Toomes|Defog|p2a: Ferrothorn
|-unboost|p2a: Ferrothorn|evasion|1
|-sideend|p1: Professor Nichols|Spikes|[from] move: Defog|[of] p1a: Adrian Toomes
|-sideend|p1: Professor Nichols|Stealth Rock|[from] move: Defog|[of] p1a: Adrian Toomes
|move|p2a: Ferrothorn|Leech Seed|p1a: Adrian Toomes
|-start|p1a: Adrian Toomes|move: Leech Seed
|
|-damage|p1a: Adrian Toomes|88/100|[from] Leech Seed|[of] p2a: Ferrothorn
|-heal|p2a: Ferrothorn|92/100|[silent]
|upkeep
|turn|5
|
|move|p1a: Adrian Toomes|U-turn|p2a: Ferrothorn
|-damage|p2a: Ferrothorn|84/100
|-damage|p1a: Adrian Toomes|75/100|[from] ability: Iron Barbs|[of] p2a: Ferrothorn
|-damage|p1a: Adrian Toomes|59/100|[from] item: Rocky Helmet|[of] p2a: Ferrothorn
|
|switch|p1a: Otto Octavius|Grapploct, M|100/100|[from]move: U-turn
|move|p2a: Ferrothorn|Stealth Rock|p1a: Otto Octavius
|-sidestart|p1: Professor Nichols|move: Stealth Rock
|
|upkeep
|turn|6
|
|switch|p2a: Aegislash|Aegislash, M, shiny|100/100
|move|p1a: Otto Octavius|Power-Up Punch|p2a: Aegislash
|-immune|p2a: Aegislash
|
|upkeep
|turn|7
|
|-formechange|p2a: Aegislash|Aegislash-Blade||[from] ability: Stance Change
|move|p2a: Aegislash|Iron Head|p1a: Otto Octavius
|-damage|p1a: Otto Octavius|59/100
|cant|p1a: Otto Octavius|flinch
|
|-heal|p1a: Otto Octavius|65/100|[from] item: Leftovers
|upkeep
|turn|8
|
|-formechange|p2a: Aegislash|Aegislash||[from] ability: Stance Change
|move|p2a: Aegislash|King's Shield|p2a: Aegislash
|-singleturn|p2a: Aegislash|Protect
|move|p1a: Otto Octavius|Waterfall|p2a: Aegislash
|-activate|p2a: Aegislash|move: Protect
|-unboost|p1a: Otto Octavius|atk|1
|
|-heal|p1a: Otto Octavius|71/100|[from] item: Leftovers
|upkeep
|turn|9
|
|switch|p1a: Max Dillon|Rotom-Wash|100/100
|-damage|p1a: Max Dillon|88/100|[from] Stealth Rock
|-formechange|p2a: Aegislash|Aegislash-Blade||[from] ability: Stance Change
|move|p2a: Aegislash|Iron Head|p1a: Max Dillon
|-resisted|p1a: Max Dillon
|-damage|p1a: Max Dillon|76/100
|
|upkeep
|turn|10
|
|switch|p2a: Ferrothorn|Ferrothorn, M|84/100
|move|p1a: Max Dillon|Trick|p2a: Ferrothorn
|-activate|p1a: Max Dillon|move: Trick|[of] p2a: Ferrothorn
|-item|p2a: Ferrothorn|Choice Specs|[from] move: Trick
|-item|p1a: Max Dillon|Rocky Helmet|[from] move: Trick
|
|upkeep
|turn|11
|
|move|p1a: Max Dillon|Volt Switch|p2a: Ferrothorn
|-resisted|p2a: Ferrothorn
|-damage|p2a: Ferrothorn|72/100
|
|switch|p1a: Adrian Toomes|Corviknight, M|59/100|[from]move: Volt Switch
|-damage|p1a: Adrian Toomes|46/100|[from] Stealth Rock
|move|p2a: Ferrothorn|Spikes|p1a: Adrian Toomes
|-sidestart|p1: Professor Nichols|Spikes
|
|-heal|p1a: Adrian Toomes|53/100|[from] item: Leftovers
|upkeep
|turn|12
|
|switch|p2a: Rotom|Rotom-Heat|100/100
|move|p1a: Adrian Toomes|Roost|p1a: Adrian Toomes
|-heal|p1a: Adrian Toomes|100/100
|-singleturn|p1a: Adrian Toomes|move: Roost
|
|upkeep
|turn|13
|
|switch|p1a: Alexei Sytsevich|Rhyperior, M|100/100
|-damage|p1a: Alexei Sytsevich|88/100|[from] Spikes
|-damage|p1a: Alexei Sytsevich|82/100|[from] Stealth Rock
|move|p2a: Rotom|Light Screen|p2a: Rotom
|-sidestart|p2: machg97|move: Light Screen
|
|-heal|p1a: Alexei Sytsevich|88/100|[from] item: Leftovers
|upkeep
|turn|14
|
|switch|p2a: Ferrothorn|Ferrothorn, M|72/100
|move|p1a: Alexei Sytsevich|Stone Edge|p2a: Ferrothorn
|-resisted|p2a: Ferrothorn
|-damage|p2a: Ferrothorn|55/100
|
|-heal|p1a: Alexei Sytsevich|94/100|[from] item: Leftovers
|upkeep
|turn|15
|
|move|p1a: Alexei Sytsevich|Earthquake|p2a: Ferrothorn
|-damage|p2a: Ferrothorn|21/100
|move|p2a: Ferrothorn|Leech Seed|p1a: Alexei Sytsevich
|-start|p1a: Alexei Sytsevich|move: Leech Seed
|
|-heal|p1a: Alexei Sytsevich|100/100|[from] item: Leftovers
|-damage|p1a: Alexei Sytsevich|88/100|[from] Leech Seed|[of] p2a: Ferrothorn
|-heal|p2a: Ferrothorn|36/100|[silent]
|upkeep
|turn|16
|
|switch|p2a: Rotom|Rotom-Heat|100/100
|move|p1a: Alexei Sytsevich|Earthquake|p2a: Rotom
|-immune|p2a: Rotom|[from] ability: Levitate
|
|-heal|p1a: Alexei Sytsevich|94/100|[from] item: Leftovers
|-damage|p1a: Alexei Sytsevich|82/100|[from] Leech Seed|[of] p2a: Rotom
|upkeep
|turn|17
|
|switch|p2a: Ferrothorn|Ferrothorn, M|36/100
|move|p1a: Alexei Sytsevich|Stone Edge|p2a: Ferrothorn
|-resisted|p2a: Ferrothorn
|-damage|p2a: Ferrothorn|20/100
|
|-heal|p1a: Alexei Sytsevich|88/100|[from] item: Leftovers
|-damage|p1a: Alexei Sytsevich|76/100|[from] Leech Seed|[of] p2a: Ferrothorn
|-heal|p2a: Ferrothorn|36/100|[silent]
|-sideend|p2: machg97|move: Light Screen
|upkeep
|turn|18
|
|switch|p1a: Adrian Toomes|Corviknight, M|100/100
|-damage|p1a: Adrian Toomes|88/100|[from] Stealth Rock
|move|p2a: Ferrothorn|Spikes|p1a: Adrian Toomes
|-sidestart|p1: Professor Nichols|Spikes
|
|-heal|p1a: Adrian Toomes|94/100|[from] item: Leftovers
|upkeep
|turn|19
|
|switch|p2a: Rotom|Rotom-Heat|100/100
|move|p1a: Adrian Toomes|Brave Bird|p2a: Rotom
|-resisted|p2a: Rotom
|-damage|p2a: Rotom|78/100
|-damage|p1a: Adrian Toomes|90/100|[from] Recoil
|
|-heal|p2a: Rotom|84/100|[from] item: Leftovers
|-heal|p1a: Adrian Toomes|96/100|[from] item: Leftovers
|upkeep
|turn|20
|
|switch|p1a: Martin Li|Mimikyu, M, shiny|100/100
|-damage|p1a: Martin Li|84/100|[from] Spikes
|-damage|p1a: Martin Li|72/100|[from] Stealth Rock
|move|p2a: Rotom|Overheat|p1a: Martin Li
|-activate|p1a: Martin Li|ability: Disguise
|-damage|p1a: Martin Li|72/100
|-unboost|p2a: Rotom|spa|2
|detailschange|p1a: Martin Li|Mimikyu-Busted, M, shiny
|-damage|p1a: Martin Li|59/100|[from] ability: Disguise|[of] p1a: Martin Li
|
|-heal|p2a: Rotom|91/100|[from] item: Leftovers
|upkeep
|turn|21
|
|move|p1a: Martin Li|Play Rough|p2a: Rotom
|-resisted|p2a: Rotom
|-damage|p2a: Rotom|64/100
|move|p2a: Rotom|Thunder Wave|p1a: Martin Li
|-status|p1a: Martin Li|par
|-enditem|p1a: Martin Li|Lum Berry|[eat]
|-curestatus|p1a: Martin Li|par|[msg]
|
|-heal|p2a: Rotom|71/100|[from] item: Leftovers
|upkeep
|turn|22
|
|switch|p1a: Max Dillon|Rotom-Wash|76/100
|-damage|p1a: Max Dillon|63/100|[from] Stealth Rock
|move|p2a: Rotom|Volt Switch|p1a: Max Dillon
|-damage|p1a: Max Dillon|42/100
|
|switch|p2a: Ferrothorn|Ferrothorn, M|36/100|[from]move: Volt Switch
|
|upkeep
|turn|23
|
|move|p1a: Max Dillon|Hydro Pump|p2a: Ferrothorn
|-resisted|p2a: Ferrothorn
|-damage|p2a: Ferrothorn|13/100
|move|p2a: Ferrothorn|Power Whip|p1a: Max Dillon
|-supereffective|p1a: Max Dillon
|-damage|p1a: Max Dillon|0 fnt
|-damage|p2a: Ferrothorn|0 fnt|[from] item: Rocky Helmet|[of] p1a: Max Dillon
|faint|p1a: Max Dillon
|faint|p2a: Ferrothorn
|
|upkeep
|
|switch|p1a: Adrian Toomes|Corviknight, M|96/100
|switch|p2a: Rotom|Rotom-Heat|71/100
|-damage|p1a: Adrian Toomes|83/100|[from] Stealth Rock
|turn|24
|
|switch|p1a: Alexei Sytsevich|Rhyperior, M|76/100
|-damage|p1a: Alexei Sytsevich|59/100|[from] Spikes
|-damage|p1a: Alexei Sytsevich|53/100|[from] Stealth Rock
|move|p2a: Rotom|Overheat|p1a: Alexei Sytsevich
|-resisted|p1a: Alexei Sytsevich
|-damage|p1a: Alexei Sytsevich|13/100
|-unboost|p2a: Rotom|spa|2
|
|-heal|p2a: Rotom|77/100|[from] item: Leftovers
|-heal|p1a: Alexei Sytsevich|19/100|[from] item: Leftovers
|upkeep
|turn|25
|
|move|p2a: Rotom|Overheat|p1a: Alexei Sytsevich
|-resisted|p1a: Alexei Sytsevich
|-damage|p1a: Alexei Sytsevich|2/100
|-unboost|p2a: Rotom|spa|2
|move|p1a: Alexei Sytsevich|Stone Edge|p2a: Rotom
|-supereffective|p2a: Rotom
|-damage|p2a: Rotom|0 fnt
|faint|p2a: Rotom
|
|-heal|p1a: Alexei Sytsevich|8/100|[from] item: Leftovers
|upkeep
|
|switch|p2a: Conkeldurr|Conkeldurr, M|100/100
|turn|26
|
|move|p2a: Conkeldurr|Drain Punch|p1a: Alexei Sytsevich
|-supereffective|p1a: Alexei Sytsevich
|-damage|p1a: Alexei Sytsevich|0 fnt
|faint|p1a: Alexei Sytsevich
|
|-status|p2a: Conkeldurr|brn|[from] item: Flame Orb
|upkeep
|
|switch|p1a: Adrian Toomes|Corviknight, M|83/100
|-damage|p1a: Adrian Toomes|71/100|[from] Stealth Rock
|turn|27
|
|move|p1a: Adrian Toomes|Defog|p2a: Conkeldurr
|-unboost|p2a: Conkeldurr|evasion|1
|-sideend|p1: Professor Nichols|Spikes|[from] move: Defog|[of] p1a: Adrian Toomes
|-sideend|p1: Professor Nichols|Stealth Rock|[from] move: Defog|[of] p1a: Adrian Toomes
|move|p2a: Conkeldurr|Thunder Punch|p1a: Adrian Toomes
|-supereffective|p1a: Adrian Toomes
|-damage|p1a: Adrian Toomes|18/100
|
|-heal|p1a: Adrian Toomes|25/100|[from] item: Leftovers
|-damage|p2a: Conkeldurr|94/100 brn|[from] brn
|upkeep
|turn|28
|
|switch|p2a: Aegislash|Aegislash, M, shiny|100/100
|move|p1a: Adrian Toomes|Roost|p1a: Adrian Toomes
|-heal|p1a: Adrian Toomes|75/100
|-singleturn|p1a: Adrian Toomes|move: Roost
|
|-heal|p1a: Adrian Toomes|81/100|[from] item: Leftovers
|upkeep
|turn|29
|
|switch|p1a: Norman Osborn|Grimmsnarl, M|100/100
|move|p2a: Aegislash|King's Shield||[still]
|-fail|p2a: Aegislash
|
|upkeep
|turn|30
|
|move|p1a: Norman Osborn|Thunder Wave|p2a: Aegislash
|-status|p2a: Aegislash|par
|-formechange|p2a: Aegislash|Aegislash-Blade||[from] ability: Stance Change
|move|p2a: Aegislash|Iron Head|p1a: Norman Osborn
|-supereffective|p1a: Norman Osborn
|-damage|p1a: Norman Osborn|0 fnt
|faint|p1a: Norman Osborn
|
|upkeep
|
|switch|p1a: Martin Li|Mimikyu-Busted, M, shiny|59/100
|turn|31
|
|move|p1a: Martin Li|Shadow Sneak|p2a: Aegislash
|-supereffective|p2a: Aegislash
|-damage|p2a: Aegislash|38/100 par
|-enditem|p2a: Aegislash|Weakness Policy
|-boost|p2a: Aegislash|atk|2
|-boost|p2a: Aegislash|spa|2
|move|p2a: Aegislash|Shadow Sneak|p1a: Martin Li
|-supereffective|p1a: Martin Li
|-damage|p1a: Martin Li|0 fnt
|faint|p1a: Martin Li
|
|upkeep
|
|switch|p1a: Adrian Toomes|Corviknight, M|81/100
|turn|32
|
|-formechange|p2a: Aegislash|Aegislash||[from] ability: Stance Change
|move|p2a: Aegislash|King's Shield|p2a: Aegislash
|-singleturn|p2a: Aegislash|Protect
|move|p1a: Adrian Toomes|Roost|p1a: Adrian Toomes
|-heal|p1a: Adrian Toomes|100/100
|-singleturn|p1a: Adrian Toomes|move: Roost
|
|upkeep
|turn|33
|
|cant|p2a: Aegislash|par
|move|p1a: Adrian Toomes|Brave Bird|p2a: Aegislash
|-resisted|p2a: Aegislash
|-damage|p2a: Aegislash|24/100 par
|-damage|p1a: Adrian Toomes|97/100|[from] Recoil
|
|-heal|p1a: Adrian Toomes|100/100|[from] item: Leftovers
|upkeep
|turn|34
|
|cant|p2a: Aegislash|par
|move|p1a: Adrian Toomes|Brave Bird|p2a: Aegislash
|-resisted|p2a: Aegislash
|-damage|p2a: Aegislash|10/100 par
|-damage|p1a: Adrian Toomes|97/100|[from] Recoil
|
|-heal|p1a: Adrian Toomes|100/100|[from] item: Leftovers
|upkeep
|turn|35
|
|switch|p1a: Otto Octavius|Grapploct, M|71/100
|move|p2a: Aegislash|King's Shield||[still]
|-fail|p2a: Aegislash
|
|-heal|p1a: Otto Octavius|77/100|[from] item: Leftovers
|upkeep
|turn|36
|
|move|p1a: Otto Octavius|Waterfall|p2a: Aegislash
|-damage|p2a: Aegislash|0 fnt
|faint|p2a: Aegislash
|
|-heal|p1a: Otto Octavius|83/100|[from] item: Leftovers
|upkeep
|
|switch|p2a: Dragapult|Dragapult, M|100/100
|turn|37
|
|move|p2a: Dragapult|Dragon Darts|p1a: Otto Octavius
|-damage|p1a: Otto Octavius|42/100
|-damage|p1a: Otto Octavius|2/100
|-hitcount|p1a: Otto Octavius|2
|move|p1a: Otto Octavius|Ice Punch|p2a: Dragapult
|-supereffective|p2a: Dragapult
|-damage|p2a: Dragapult|29/100
|-status|p2a: Dragapult|frz
|
|-heal|p1a: Otto Octavius|8/100|[from] item: Leftovers
|upkeep
|turn|38
|
|switch|p2a: Conkeldurr|Conkeldurr, M|94/100 brn
|move|p1a: Otto Octavius|Ice Punch|p2a: Conkeldurr
|-damage|p2a: Conkeldurr|73/100 brn
|
|-heal|p1a: Otto Octavius|14/100|[from] item: Leftovers
|-damage|p2a: Conkeldurr|67/100 brn|[from] brn
|upkeep
|turn|39
|
|move|p2a: Conkeldurr|Drain Punch|p1a: Otto Octavius
|-damage|p1a: Otto Octavius|0 fnt
|-heal|p2a: Conkeldurr|73/100 brn|[from] drain|[of] p1a: Otto Octavius
|faint|p1a: Otto Octavius
|
|-damage|p2a: Conkeldurr|67/100 brn|[from] brn
|upkeep
|
|switch|p1a: Adrian Toomes|Corviknight, M|100/100
|turn|40
|
|move|p1a: Adrian Toomes|Brave Bird|p2a: Conkeldurr
|-supereffective|p2a: Conkeldurr
|-damage|p2a: Conkeldurr|7/100 brn
|-damage|p1a: Adrian Toomes|80/100|[from] Recoil
|move|p2a: Conkeldurr|Thunder Punch|p1a: Adrian Toomes
|-supereffective|p1a: Adrian Toomes
|-damage|p1a: Adrian Toomes|27/100
|
|-heal|p1a: Adrian Toomes|33/100|[from] item: Leftovers
|-damage|p2a: Conkeldurr|1/100 brn|[from] brn
|upkeep
|turn|41
|
|move|p1a: Adrian Toomes|Roost|p1a: Adrian Toomes
|-heal|p1a: Adrian Toomes|83/100
|-singleturn|p1a: Adrian Toomes|move: Roost
|move|p2a: Conkeldurr|Thunder Punch|p1a: Adrian Toomes
|-damage|p1a: Adrian Toomes|58/100
|
|-heal|p1a: Adrian Toomes|64/100|[from] item: Leftovers
|-damage|p2a: Conkeldurr|0 fnt|[from] brn
|faint|p2a: Conkeldurr
|upkeep
|
|switch|p2a: Dragapult|Dragapult, M|29/100 frz
|turn|42
|
|cant|p2a: Dragapult|frz
|move|p1a: Adrian Toomes|Brave Bird|p2a: Dragapult
|-damage|p2a: Dragapult|0 fnt
|-damage|p1a: Adrian Toomes|57/100|[from] Recoil
|faint|p2a: Dragapult
|
|-heal|p1a: Adrian Toomes|63/100|[from] item: Leftovers
|upkeep
|
|switch|p2a: Toxapex|Toxapex, M|100/100
|turn|43
|
|move|p1a: Adrian Toomes|Roost|p1a: Adrian Toomes
|-heal|p1a: Adrian Toomes|100/100
|-singleturn|p1a: Adrian Toomes|move: Roost
|move|p2a: Toxapex|Scald|p1a: Adrian Toomes
|-damage|p1a: Adrian Toomes|84/100
|-status|p1a: Adrian Toomes|brn
|
|-heal|p1a: Adrian Toomes|91/100 brn|[from] item: Leftovers
|-damage|p1a: Adrian Toomes|84/100 brn|[from] brn
|upkeep
|turn|44
|
|move|p1a: Adrian Toomes|U-turn|p2a: Toxapex
|-resisted|p2a: Toxapex
|-damage|p2a: Toxapex|99/100
|move|p2a: Toxapex|Scald|p1a: Adrian Toomes
|-damage|p1a: Adrian Toomes|67/100 brn
|
|-heal|p1a: Adrian Toomes|73/100 brn|[from] item: Leftovers
|-heal|p2a: Toxapex|100/100|[from] item: Black Sludge
|-damage|p1a: Adrian Toomes|67/100 brn|[from] brn
|upkeep
|turn|45
|
|move|p1a: Adrian Toomes|U-turn|p2a: Toxapex
|-resisted|p2a: Toxapex
|-damage|p2a: Toxapex|99/100
|move|p2a: Toxapex|Scald|p1a: Adrian Toomes
|-damage|p1a: Adrian Toomes|51/100 brn
|
|-heal|p1a: Adrian Toomes|57/100 brn|[from] item: Leftovers
|-heal|p2a: Toxapex|100/100|[from] item: Black Sludge
|-damage|p1a: Adrian Toomes|51/100 brn|[from] brn
|upkeep
|turn|46
|inactive|machg97 has 120 seconds left.
|inactive|machg97 has 90 seconds left.
|
|move|p1a: Adrian Toomes|Roost|p1a: Adrian Toomes
|-heal|p1a: Adrian Toomes|100/100 brn
|-singleturn|p1a: Adrian Toomes|move: Roost
|move|p2a: Toxapex|Scald|p1a: Adrian Toomes
|-damage|p1a: Adrian Toomes|84/100 brn
|
|-heal|p1a: Adrian Toomes|91/100 brn|[from] item: Leftovers
|-damage|p1a: Adrian Toomes|84/100 brn|[from] brn
|upkeep
|turn|47
|inactive|machg97 has 90 seconds left.
|
|move|p1a: Adrian Toomes|U-turn|p2a: Toxapex
|-resisted|p2a: Toxapex
|-damage|p2a: Toxapex|99/100
|move|p2a: Toxapex|Scald|p1a: Adrian Toomes
|-damage|p1a: Adrian Toomes|68/100 brn
|
|-heal|p1a: Adrian Toomes|74/100 brn|[from] item: Leftovers
|-heal|p2a: Toxapex|100/100|[from] item: Black Sludge
|-damage|p1a: Adrian Toomes|68/100 brn|[from] brn
|upkeep
|turn|48
|
|move|p1a: Adrian Toomes|U-turn|p2a: Toxapex
|-resisted|p2a: Toxapex
|-damage|p2a: Toxapex|98/100
|move|p2a: Toxapex|Scald|p1a: Adrian Toomes
|-damage|p1a: Adrian Toomes|51/100 brn
|
|-heal|p1a: Adrian Toomes|57/100 brn|[from] item: Leftovers
|-heal|p2a: Toxapex|100/100|[from] item: Black Sludge
|-damage|p1a: Adrian Toomes|51/100 brn|[from] brn
|upkeep
|turn|49
|
|move|p1a: Adrian Toomes|Roost|p1a: Adrian Toomes
|-heal|p1a: Adrian Toomes|100/100 brn
|-singleturn|p1a: Adrian Toomes|move: Roost
|move|p2a: Toxapex|Scald|p1a: Adrian Toomes
|-damage|p1a: Adrian Toomes|83/100 brn
|
|-heal|p1a: Adrian Toomes|89/100 brn|[from] item: Leftovers
|-damage|p1a: Adrian Toomes|83/100 brn|[from] brn
|upkeep
|turn|50
|inactive|machg97 has 90 seconds left.
|
|move|p1a: Adrian Toomes|U-turn|p2a: Toxapex
|-resisted|p2a: Toxapex
|-damage|p2a: Toxapex|99/100
|move|p2a: Toxapex|Scald|p1a: Adrian Toomes
|-damage|p1a: Adrian Toomes|66/100 brn
|
|-heal|p1a: Adrian Toomes|72/100 brn|[from] item: Leftovers
|-heal|p2a: Toxapex|100/100|[from] item: Black Sludge
|-damage|p1a: Adrian Toomes|66/100 brn|[from] brn
|upkeep
|turn|51
|
|move|p1a: Adrian Toomes|U-turn|p2a: Toxapex
|-resisted|p2a: Toxapex
|-damage|p2a: Toxapex|98/100
|move|p2a: Toxapex|Scald|p1a: Adrian Toomes
|-damage|p1a: Adrian Toomes|48/100 brn
|
|-heal|p1a: Adrian Toomes|55/100 brn|[from] item: Leftovers
|-heal|p2a: Toxapex|100/100|[from] item: Black Sludge
|-damage|p1a: Adrian Toomes|48/100 brn|[from] brn
|upkeep
|turn|52
|
|move|p1a: Adrian Toomes|Roost|p1a: Adrian Toomes
|-heal|p1a: Adrian Toomes|98/100 brn
|-singleturn|p1a: Adrian Toomes|move: Roost
|move|p2a: Toxapex|Scald|p1a: Adrian Toomes
|-damage|p1a: Adrian Toomes|81/100 brn
|
|-heal|p1a: Adrian Toomes|87/100 brn|[from] item: Leftovers
|-damage|p1a: Adrian Toomes|81/100 brn|[from] brn
|upkeep
|turn|53
|
|move|p1a: Adrian Toomes|U-turn|p2a: Toxapex
|-resisted|p2a: Toxapex
|-damage|p2a: Toxapex|98/100
|move|p2a: Toxapex|Scald|p1a: Adrian Toomes
|-damage|p1a: Adrian Toomes|63/100 brn
|
|-heal|p1a: Adrian Toomes|69/100 brn|[from] item: Leftovers
|-heal|p2a: Toxapex|100/100|[from] item: Black Sludge
|-damage|p1a: Adrian Toomes|63/100 brn|[from] brn
|upkeep
|turn|54
|
|move|p1a: Adrian Toomes|U-turn|p2a: Toxapex
|-resisted|p2a: Toxapex
|-damage|p2a: Toxapex|98/100
|move|p2a: Toxapex|Scald|p1a: Adrian Toomes
|-damage|p1a: Adrian Toomes|47/100 brn
|
|-heal|p1a: Adrian Toomes|54/100 brn|[from] item: Leftovers
|-heal|p2a: Toxapex|100/100|[from] item: Black Sludge
|-damage|p1a: Adrian Toomes|47/100 brn|[from] brn
|upkeep
|turn|55
|
|move|p1a: Adrian Toomes|Roost|p1a: Adrian Toomes
|-heal|p1a: Adrian Toomes|97/100 brn
|-singleturn|p1a: Adrian Toomes|move: Roost
|move|p2a: Toxapex|Haze|p2a: Toxapex
|-clearallboost
|
|-heal|p1a: Adrian Toomes|100/100 brn|[from] item: Leftovers
|-damage|p1a: Adrian Toomes|94/100 brn|[from] brn
|upkeep
|turn|56
|
|move|p1a: Adrian Toomes|Defog|p2a: Toxapex
|-unboost|p2a: Toxapex|evasion|1
|move|p2a: Toxapex|Haze|p2a: Toxapex
|-clearallboost
|
|-heal|p1a: Adrian Toomes|100/100 brn|[from] item: Leftovers
|-damage|p1a: Adrian Toomes|94/100 brn|[from] brn
|upkeep
|turn|57
|
|move|p1a: Adrian Toomes|Defog|p2a: Toxapex
|-unboost|p2a: Toxapex|evasion|1
|move|p2a: Toxapex|Haze|p2a: Toxapex
|-clearallboost
|
|-heal|p1a: Adrian Toomes|100/100 brn|[from] item: Leftovers
|-damage|p1a: Adrian Toomes|94/100 brn|[from] brn
|upkeep
|turn|58
|inactive|machg97 has 120 seconds left.
|
|move|p1a: Adrian Toomes|Defog|p2a: Toxapex
|-unboost|p2a: Toxapex|evasion|1
|move|p2a: Toxapex|Haze|p2a: Toxapex
|-clearallboost
|
|-heal|p1a: Adrian Toomes|100/100 brn|[from] item: Leftovers
|-damage|p1a: Adrian Toomes|94/100 brn|[from] brn
|upkeep
|turn|59
|inactive|Professor Nichols has 120 seconds left.
|
|move|p1a: Adrian Toomes|Defog|p2a: Toxapex
|-unboost|p2a: Toxapex|evasion|1
|move|p2a: Toxapex|Haze|p2a: Toxapex
|-clearallboost
|
|-heal|p1a: Adrian Toomes|100/100 brn|[from] item: Leftovers
|-damage|p1a: Adrian Toomes|94/100 brn|[from] brn
|upkeep
|turn|60
|
|move|p1a: Adrian Toomes|Defog|p2a: Toxapex
|-unboost|p2a: Toxapex|evasion|1
|move|p2a: Toxapex|Haze|p2a: Toxapex
|-clearallboost
|
|-heal|p1a: Adrian Toomes|100/100 brn|[from] item: Leftovers
|-damage|p1a: Adrian Toomes|94/100 brn|[from] brn
|upkeep
|turn|61
|inactive|Professor Nichols has 120 seconds left.
|
|move|p1a: Adrian Toomes|Defog|p2a: Toxapex
|-unboost|p2a: Toxapex|evasion|1
|move|p2a: Toxapex|Haze|p2a: Toxapex
|-clearallboost
|
|-heal|p1a: Adrian Toomes|100/100 brn|[from] item: Leftovers
|-damage|p1a: Adrian Toomes|94/100 brn|[from] brn
|upkeep
|turn|62
|
|move|p1a: Adrian Toomes|Defog|p2a: Toxapex
|-unboost|p2a: Toxapex|evasion|1
|move|p2a: Toxapex|Haze|p2a: Toxapex
|-clearallboost
|
|-heal|p1a: Adrian Toomes|100/100 brn|[from] item: Leftovers
|-damage|p1a: Adrian Toomes|94/100 brn|[from] brn
|upkeep
|turn|63
|c|☆Professor Nichols|I've done the math, you win
|-message|Professor Nichols forfeited.
|
|win|machg97
|c|☆Professor Nichols|gg
|c|☆machg97|gg
|raw|Professor Nichols's rating: 1079 → 1055(-24 for losing)
|raw|machg97's rating: 1041 → 1078(+37 for winning)
|l|☆Professor Nichols
