|ScrapeTime|2020-01-02-15:45:17
|j|☆Orangel
|j|☆EliotEnRetard
|player|p1|Orangel|jasmine|1109
|player|p2|EliotEnRetard|ethan|1113
|teamsize|p1|6
|teamsize|p2|6
|gametype|singles
|gen|8
|tier|[Gen 8] OU
|rated|
|rule|Sleep Clause Mod: Limit one foe put to sleep
|rule|Species Clause: Limit one of each Pokémon
|rule|OHKO Clause: OHKO moves are banned
|rule|Evasion Moves Clause: Evasion moves are banned
|rule|Endless Battle Clause: Forcing endless battles is banned
|rule|HP Percentage Mod: HP is shown in percentages
|clearpoke
|poke|p1|Clefable, F|
|poke|p1|Corviknight, F|
|poke|p1|Seismitoad, F|
|poke|p1|Hydreigon, F|
|poke|p1|Aegislash, M|
|poke|p1|Rotom-Heat|
|poke|p2|Barraskewda, M|
|poke|p2|Pelipper, F|
|poke|p2|Seismitoad, M|
|poke|p2|Ferrothorn, M|
|poke|p2|Toxtricity-Low-Key, M|
|poke|p2|Ditto|
|rule|Dynamax Clause: You cannot dynamax
|teampreview
|
|start
|switch|p1a: Seismitoad|Seismitoad, F|100/100
|switch|p2a: Schlaguetho|Ferrothorn, M|100/100
|turn|1
|
|switch|p1a: Rotom|Rotom-Heat|100/100
|move|p2a: Schlaguetho|Power Whip|p1a: Rotom
|-resisted|p1a: Rotom
|-damage|p1a: Rotom|86/100
|
|upkeep
|turn|2
|
|switch|p2a: Zdededex|Pelipper, F|100/100
|-weather|RainDance|[from] ability: Drizzle|[of] p2a: Zdededex
|move|p1a: Rotom|Will-O-Wisp|p2a: Zdededex
|-status|p2a: Zdededex|brn
|
|-weather|RainDance|[upkeep]
|-damage|p2a: Zdededex|94/100 brn|[from] brn
|upkeep
|turn|3
|
|switch|p1a: Seismitoad|Seismitoad, F|100/100
|switch|p2a: ManuelVals|Seismitoad, M|100/100
|
|-weather|RainDance|[upkeep]
|upkeep
|turn|4
|c|☆EliotEnRetard|Happy new year
|
|move|p2a: ManuelVals|Power Whip|p1a: Seismitoad
|-supereffective|p1a: Seismitoad
|-damage|p1a: Seismitoad|0 fnt
|faint|p1a: Seismitoad
|
|-weather|RainDance|[upkeep]
|upkeep
|c|☆Orangel|happy new year!!
|
|switch|p1a: Corviknight|Corviknight, F|100/100
|turn|5
|c|☆EliotEnRetard|Thx bro
|
|switch|p2a: Schlaguetho|Ferrothorn, M|100/100
|move|p1a: Corviknight|Brave Bird|p2a: Schlaguetho
|-damage|p2a: Schlaguetho|74/100
|-damage|p1a: Corviknight|88/100|[from] ability: Iron Barbs|[of] p2a: Schlaguetho
|-damage|p1a: Corviknight|71/100|[from] item: Rocky Helmet|[of] p2a: Schlaguetho
|-damage|p1a: Corviknight|65/100|[from] Recoil
|
|-weather|RainDance|[upkeep]
|-heal|p1a: Corviknight|71/100|[from] item: Leftovers
|upkeep
|turn|6
|
|move|p1a: Corviknight|Roost|p1a: Corviknight
|-heal|p1a: Corviknight|100/100
|-singleturn|p1a: Corviknight|move: Roost
|move|p2a: Schlaguetho|Stealth Rock|p1a: Corviknight
|-sidestart|p1: Orangel|move: Stealth Rock
|
|-weather|RainDance|[upkeep]
|upkeep
|turn|7
|
|switch|p2a: JteBez|Toxtricity-Low-Key, M|100/100
|move|p1a: Corviknight|Defog|p2a: JteBez
|-unboost|p2a: JteBez|evasion|1
|-sideend|p1: Orangel|Stealth Rock|[from] move: Defog|[of] p1a: Corviknight
|
|-weather|RainDance|[upkeep]
|upkeep
|turn|8
|
|switch|p1a: Aegislash|Aegislash, M|100/100
|move|p2a: JteBez|Boomburst|p1a: Aegislash
|-immune|p1a: Aegislash
|
|-weather|RainDance|[upkeep]
|upkeep
|turn|9
|
|switch|p2a: Schlaguetho|Ferrothorn, M|74/100
|-formechange|p1a: Aegislash|Aegislash-Blade||[from] ability: Stance Change
|move|p1a: Aegislash|Close Combat|p2a: Schlaguetho
|-supereffective|p2a: Schlaguetho
|-damage|p2a: Schlaguetho|0 fnt
|-damage|p1a: Aegislash|88/100|[from] ability: Iron Barbs|[of] p2a: Schlaguetho
|-damage|p1a: Aegislash|72/100|[from] item: Rocky Helmet|[of] p2a: Schlaguetho
|-unboost|p1a: Aegislash|def|1
|-unboost|p1a: Aegislash|spd|1
|faint|p2a: Schlaguetho
|
|-weather|none
|upkeep
|
|switch|p2a: UJustGotPranked|Ditto, shiny|100/100
|-transform|p2a: UJustGotPranked|p1a: Aegislash|[from] ability: Imposter
|turn|10
|
|switch|p1a: Hydreigon|Hydreigon, F|100/100
|move|p2a: UJustGotPranked|Shadow Sneak|p1a: Hydreigon
|-resisted|p1a: Hydreigon
|-damage|p1a: Hydreigon|88/100
|
|upkeep
|turn|11
|
|switch|p2a: Zdededex|Pelipper, F|94/100 brn
|-weather|RainDance|[from] ability: Drizzle|[of] p2a: Zdededex
|move|p1a: Hydreigon|Dark Pulse|p2a: Zdededex
|-damage|p2a: Zdededex|43/100 brn
|
|-weather|RainDance|[upkeep]
|-damage|p2a: Zdededex|37/100 brn|[from] brn
|upkeep
|turn|12
|
|switch|p2a: JteBez|Toxtricity-Low-Key, M|100/100
|move|p1a: Hydreigon|Dark Pulse|p2a: JteBez
|-damage|p2a: JteBez|26/100
|
|-weather|RainDance|[upkeep]
|upkeep
|turn|13
|
|switch|p1a: Aegislash|Aegislash, M|72/100
|move|p2a: JteBez|Boomburst|p1a: Aegislash
|-immune|p1a: Aegislash
|
|-weather|RainDance|[upkeep]
|upkeep
|turn|14
|
|switch|p2a: ManuelVals|Seismitoad, M|100/100
|-formechange|p1a: Aegislash|Aegislash-Blade||[from] ability: Stance Change
|move|p1a: Aegislash|Shadow Sneak|p2a: ManuelVals
|-damage|p2a: ManuelVals|53/100
|
|-weather|RainDance|[upkeep]
|upkeep
|turn|15
|
|switch|p1a: Corviknight|Corviknight, F|100/100
|move|p2a: ManuelVals|Earthquake|p1a: Corviknight
|-immune|p1a: Corviknight
|
|-weather|RainDance|[upkeep]
|upkeep
|turn|16
|c|☆EliotEnRetard|Fuck u
|
|switch|p2a: JteBez|Toxtricity-Low-Key, M|26/100
|move|p1a: Corviknight|Brave Bird|p2a: JteBez
|-resisted|p2a: JteBez
|-damage|p2a: JteBez|0 fnt
|-damage|p1a: Corviknight|94/100|[from] Recoil
|faint|p2a: JteBez
|
|-weather|RainDance|[upkeep]
|-heal|p1a: Corviknight|100/100|[from] item: Leftovers
|upkeep
|c|☆Orangel|huh?
|
|switch|p2a: La Torpille|Barraskewda, M|100/100
|turn|17
|
|move|p2a: La Torpille|Liquidation|p1a: Corviknight
|-damage|p1a: Corviknight|25/100
|-damage|p2a: La Torpille|91/100|[from] item: Life Orb
|move|p1a: Corviknight|Brave Bird|p2a: La Torpille
|-damage|p2a: La Torpille|24/100
|-damage|p1a: Corviknight|11/100|[from] Recoil
|
|-weather|RainDance|[upkeep]
|-heal|p1a: Corviknight|17/100|[from] item: Leftovers
|upkeep
|turn|18
|
|switch|p1a: Rotom|Rotom-Heat|86/100
|move|p2a: La Torpille|Liquidation|p1a: Rotom
|-supereffective|p1a: Rotom
|-damage|p1a: Rotom|0 fnt
|-damage|p2a: La Torpille|15/100|[from] item: Life Orb
|faint|p1a: Rotom
|
|-weather|none
|upkeep
|
|switch|p1a: Aegislash|Aegislash, M|72/100
|turn|19
|
|switch|p2a: Zdededex|Pelipper, F|37/100 brn
|-weather|RainDance|[from] ability: Drizzle|[of] p2a: Zdededex
|-formechange|p1a: Aegislash|Aegislash-Blade||[from] ability: Stance Change
|move|p1a: Aegislash|Shadow Sneak|p2a: Zdededex
|-damage|p2a: Zdededex|0 fnt
|faint|p2a: Zdededex
|
|-weather|RainDance|[upkeep]
|upkeep
|
|switch|p2a: ManuelVals|Seismitoad, M|53/100
|turn|20
|
|switch|p1a: Corviknight|Corviknight, F|17/100
|move|p2a: ManuelVals|Scald|p1a: Corviknight
|-damage|p1a: Corviknight|0 fnt
|faint|p1a: Corviknight
|
|-weather|RainDance|[upkeep]
|upkeep
|
|switch|p1a: Hydreigon|Hydreigon, F|88/100
|turn|21
|
|move|p2a: ManuelVals|Scald|p1a: Hydreigon
|-resisted|p1a: Hydreigon
|-damage|p1a: Hydreigon|59/100
|move|p1a: Hydreigon|Draco Meteor|p2a: ManuelVals
|-damage|p2a: ManuelVals|0 fnt
|-unboost|p1a: Hydreigon|spa|2
|faint|p2a: ManuelVals
|
|-weather|RainDance|[upkeep]
|upkeep
|
|switch|p2a: La Torpille|Barraskewda, M|15/100
|turn|22
|
|switch|p1a: Aegislash|Aegislash, M|72/100
|move|p2a: La Torpille|Liquidation|p1a: Aegislash
|-damage|p1a: Aegislash|0 fnt
|-damage|p2a: La Torpille|5/100|[from] item: Life Orb
|faint|p1a: Aegislash
|
|-weather|RainDance|[upkeep]
|upkeep
|c|☆EliotEnRetard|Bruh
|
|switch|p1a: Hydreigon|Hydreigon, F|59/100
|turn|23
|
|move|p2a: La Torpille|Close Combat|p1a: Hydreigon
|-supereffective|p1a: Hydreigon
|-damage|p1a: Hydreigon|0 fnt
|-unboost|p2a: La Torpille|def|1
|-unboost|p2a: La Torpille|spd|1
|-damage|p2a: La Torpille|0 fnt|[from] item: Life Orb
|faint|p1a: Hydreigon
|faint|p2a: La Torpille
|
|-weather|RainDance|[upkeep]
|upkeep
|
|switch|p2a: UJustGotPranked|Ditto, shiny|100/100
|switch|p1a: Clefable|Clefable, F|100/100
|-transform|p2a: UJustGotPranked|p1a: Clefable|[from] ability: Imposter
|turn|24
|
|move|p2a: UJustGotPranked|Moonblast|p1a: Clefable
|-crit|p1a: Clefable
|-damage|p1a: Clefable|41/100
|move|p1a: Clefable|Moonblast|p2a: UJustGotPranked
|-damage|p2a: UJustGotPranked|15/100
|
|-weather|RainDance|[upkeep]
|upkeep
|turn|25
|
|move|p2a: UJustGotPranked|Moonblast|p1a: Clefable
|-damage|p1a: Clefable|0 fnt
|faint|p1a: Clefable
|
|win|EliotEnRetard
|raw|Orangel's rating: 1110 → 1087(-23 for losing)
|raw|EliotEnRetard's rating: 1140 → 1163(+23 for winning)
|c|☆EliotEnRetard|Wtf
|l|☆Orangel
|j|@DaWoblefet
|c|@DaWoblefet|/log EliotEnRetard was warned by DaWoblefet. (don't be rude to your opponents)
|unlink|eliotenretard
