|ScrapeTime|2020-01-01-21:28:55
|j|☆Balestroy
|j|☆Orekeeper
|player|p1|Balestroy|169|1000
|player|p2|Orekeeper|pokemaniac|1048
|teamsize|p1|6
|teamsize|p2|6
|gametype|singles
|gen|8
|tier|[Gen 8] OU
|rated|
|rule|Sleep Clause Mod: Limit one foe put to sleep
|rule|Species Clause: Limit one of each Pokémon
|rule|OHKO Clause: OHKO moves are banned
|rule|Evasion Moves Clause: Evasion moves are banned
|rule|Endless Battle Clause: Forcing endless battles is banned
|rule|HP Percentage Mod: HP is shown in percentages
|clearpoke
|poke|p1|Flapple, F|
|poke|p1|Rapidash-Galar, F|
|poke|p1|Corsola-Galar, F|
|poke|p1|Milotic, F|
|poke|p1|Frosmoth, F|
|poke|p1|Toxtricity, F|
|poke|p2|Appletun, M|
|poke|p2|Quagsire, M|
|poke|p2|Avalugg, M|
|poke|p2|Dracozolt|
|poke|p2|Togekiss, F|
|poke|p2|Coalossal, F|
|rule|Dynamax Clause: You cannot dynamax
|teampreview
|
|start
|switch|p1a: Rapidash|Rapidash-Galar, F, shiny|100/100
|switch|p2a: Desire|Quagsire, M|100/100
|turn|1
|
|move|p1a: Rapidash|Calm Mind|p1a: Rapidash
|-boost|p1a: Rapidash|spa|1
|-boost|p1a: Rapidash|spd|1
|move|p2a: Desire|Earthquake|p1a: Rapidash
|-damage|p1a: Rapidash|1/100
|
|-heal|p1a: Rapidash|7/100|[from] item: Leftovers
|upkeep
|turn|2
|c|☆Orekeeper|Damn
|
|move|p1a: Rapidash|Psycho Cut|p2a: Desire
|-crit|p2a: Desire
|-damage|p2a: Desire|53/100
|move|p2a: Desire|Earthquake|p1a: Rapidash
|-damage|p1a: Rapidash|0 fnt
|faint|p1a: Rapidash
|
|upkeep
|c|☆Orekeeper|tanky
|
|switch|p1a: Flapple|Flapple, F, shiny|100/100
|turn|3
|c|☆Orekeeper|Omg and a crit
|
|switch|p2a: Yellow Snow|Avalugg, M, shiny|100/100
|move|p1a: Flapple|Dragon Dance|p1a: Flapple
|-boost|p1a: Flapple|atk|1
|-boost|p1a: Flapple|spe|1
|
|upkeep
|turn|4
|
|move|p1a: Flapple|Dragon Rush|p2a: Yellow Snow
|-damage|p2a: Yellow Snow|65/100
|move|p2a: Yellow Snow|Iron Defense|p2a: Yellow Snow
|-boost|p2a: Yellow Snow|def|2
|
|-heal|p2a: Yellow Snow|71/100|[from] item: Leftovers
|upkeep
|turn|5
|
|move|p1a: Flapple|Dragon Dance|p1a: Flapple
|-boost|p1a: Flapple|atk|1
|-boost|p1a: Flapple|spe|1
|move|p2a: Yellow Snow|Hail|p2a: Yellow Snow
|-weather|Hail
|
|-weather|Hail|[upkeep]
|-damage|p1a: Flapple|94/100|[from] Hail
|-heal|p2a: Yellow Snow|77/100|[from] ability: Ice Body
|-heal|p2a: Yellow Snow|83/100|[from] item: Leftovers
|upkeep
|turn|6
|
|move|p1a: Flapple|Air Slash|p2a: Yellow Snow
|-damage|p2a: Yellow Snow|58/100
|move|p2a: Yellow Snow|Aurora Veil|p2a: Yellow Snow
|-sidestart|p2: Orekeeper|move: Aurora Veil
|
|-weather|Hail|[upkeep]
|-damage|p1a: Flapple|88/100|[from] Hail
|-heal|p2a: Yellow Snow|64/100|[from] ability: Ice Body
|-heal|p2a: Yellow Snow|71/100|[from] item: Leftovers
|upkeep
|turn|7
|
|move|p1a: Flapple|Dragon Dance|p1a: Flapple
|-boost|p1a: Flapple|atk|1
|-boost|p1a: Flapple|spe|1
|move|p2a: Yellow Snow|Iron Defense|p2a: Yellow Snow
|-boost|p2a: Yellow Snow|def|2
|
|-weather|Hail|[upkeep]
|-damage|p1a: Flapple|82/100|[from] Hail
|-heal|p2a: Yellow Snow|77/100|[from] ability: Ice Body
|-heal|p2a: Yellow Snow|83/100|[from] item: Leftovers
|upkeep
|turn|8
|
|move|p1a: Flapple|Dragon Dance|p1a: Flapple
|-boost|p1a: Flapple|atk|1
|-boost|p1a: Flapple|spe|1
|move|p2a: Yellow Snow|Iron Defense|p2a: Yellow Snow
|-boost|p2a: Yellow Snow|def|2
|
|-weather|Hail|[upkeep]
|-damage|p1a: Flapple|76/100|[from] Hail
|-heal|p2a: Yellow Snow|89/100|[from] ability: Ice Body
|-heal|p2a: Yellow Snow|95/100|[from] item: Leftovers
|upkeep
|turn|9
|
|move|p1a: Flapple|Dragon Rush|p2a: Yellow Snow|[miss]
|-miss|p1a: Flapple|p2a: Yellow Snow
|move|p2a: Yellow Snow|Body Press|p1a: Flapple
|-damage|p1a: Flapple|0 fnt
|faint|p1a: Flapple
|
|-weather|none
|-heal|p2a: Yellow Snow|100/100|[from] item: Leftovers
|upkeep
|
|switch|p1a: Corsola|Corsola-Galar, F, shiny|100/100
|turn|10
|
|move|p1a: Corsola|Stealth Rock|p2a: Yellow Snow
|-sidestart|p2: Orekeeper|move: Stealth Rock
|move|p2a: Yellow Snow|Hail|p2a: Yellow Snow
|-weather|Hail
|
|-weather|Hail|[upkeep]
|-damage|p1a: Corsola|95/100|[from] Hail
|-sideend|p2: Orekeeper|move: Aurora Veil
|upkeep
|turn|11
|
|move|p1a: Corsola|Will-O-Wisp|p2a: Yellow Snow
|-status|p2a: Yellow Snow|brn
|move|p2a: Yellow Snow|Aurora Veil|p2a: Yellow Snow
|-sidestart|p2: Orekeeper|move: Aurora Veil
|
|-weather|Hail|[upkeep]
|-damage|p1a: Corsola|89/100|[from] Hail
|-damage|p2a: Yellow Snow|94/100 brn|[from] brn
|upkeep
|turn|12
|
|move|p1a: Corsola|Hex|p2a: Yellow Snow
|-damage|p2a: Yellow Snow|69/100 brn
|move|p2a: Yellow Snow|Iron Defense|p2a: Yellow Snow
|-boost|p2a: Yellow Snow|def|0
|
|-weather|Hail|[upkeep]
|-damage|p1a: Corsola|83/100|[from] Hail
|-heal|p2a: Yellow Snow|75/100 brn|[from] ability: Ice Body
|-heal|p2a: Yellow Snow|81/100 brn|[from] item: Leftovers
|-damage|p2a: Yellow Snow|75/100 brn|[from] brn
|upkeep
|turn|13
|
|switch|p2a: Popcorn Lung|Coalossal, F|100/100
|-damage|p2a: Popcorn Lung|76/100|[from] Stealth Rock
|move|p1a: Corsola|Hex|p2a: Popcorn Lung
|-damage|p2a: Popcorn Lung|67/100
|
|-weather|Hail|[upkeep]
|-damage|p2a: Popcorn Lung|61/100|[from] Hail
|-damage|p1a: Corsola|77/100|[from] Hail
|upkeep
|turn|14
|
|switch|p1a: Milotic|Milotic, F, shiny|100/100
|move|p2a: Popcorn Lung|Tar Shot|p1a: Milotic
|-unboost|p1a: Milotic|spe|1
|-start|p1a: Milotic|Tar Shot
|
|-weather|none
|-status|p1a: Milotic|brn|[from] item: Flame Orb
|upkeep
|turn|15
|
|move|p2a: Popcorn Lung|Fire Blast|p1a: Milotic
|-damage|p1a: Milotic|68/100 brn
|move|p1a: Milotic|Aqua Ring|p1a: Milotic
|-start|p1a: Milotic|Aqua Ring
|
|-heal|p1a: Milotic|74/100 brn|[from] Aqua Ring
|-damage|p1a: Milotic|68/100 brn|[from] brn
|-sideend|p2: Orekeeper|move: Aurora Veil
|upkeep
|turn|16
|
|move|p2a: Popcorn Lung|Fire Blast|p1a: Milotic
|-damage|p1a: Milotic|40/100 brn
|move|p1a: Milotic|Recover|p1a: Milotic
|-heal|p1a: Milotic|90/100 brn
|
|-heal|p1a: Milotic|96/100 brn|[from] Aqua Ring
|-damage|p1a: Milotic|90/100 brn|[from] brn
|upkeep
|turn|17
|
|switch|p2a: Pina Colada|Dracozolt|100/100
|-damage|p2a: Pina Colada|88/100|[from] Stealth Rock
|move|p1a: Milotic|Protect||[still]
|-fail|p1a: Milotic
|
|-heal|p1a: Milotic|96/100 brn|[from] Aqua Ring
|-damage|p1a: Milotic|90/100 brn|[from] brn
|upkeep
|turn|18
|
|switch|p1a: Frosmoth|Frosmoth, F, shiny|100/100
|move|p2a: Pina Colada|Bolt Beak|p1a: Frosmoth
|-damage|p1a: Frosmoth|0 fnt
|faint|p1a: Frosmoth
|
|upkeep
|
|switch|p1a: Toxtricity|Toxtricity, F|100/100
|turn|19
|
|move|p1a: Toxtricity|Shift Gear|p1a: Toxtricity
|-boost|p1a: Toxtricity|spe|2
|-boost|p1a: Toxtricity|atk|1
|move|p2a: Pina Colada|Earthquake|p1a: Toxtricity
|-supereffective|p1a: Toxtricity
|-damage|p1a: Toxtricity|0 fnt
|faint|p1a: Toxtricity
|
|upkeep
|
|switch|p1a: Corsola|Corsola-Galar, F, shiny|77/100
|turn|20
|
|move|p2a: Pina Colada|Thunder Wave|p1a: Corsola
|-status|p1a: Corsola|par
|move|p1a: Corsola|Will-O-Wisp|p2a: Pina Colada
|-status|p2a: Pina Colada|brn
|
|-damage|p2a: Pina Colada|82/100 brn|[from] brn
|upkeep
|turn|21
|
|move|p2a: Pina Colada|Bolt Beak|p1a: Corsola
|-damage|p1a: Corsola|47/100 par
|-start|p2a: Pina Colada|Disable|Bolt Beak|[from] ability: Cursed Body|[of] p1a: Corsola
|move|p1a: Corsola|Hex|p2a: Pina Colada
|-damage|p2a: Pina Colada|35/100 brn
|
|-damage|p2a: Pina Colada|29/100 brn|[from] brn
|upkeep
|turn|22
|
|move|p2a: Pina Colada|Outrage|p1a: Corsola
|-damage|p1a: Corsola|26/100 par
|move|p1a: Corsola|Strength Sap|p2a: Pina Colada
|-unboost|p2a: Pina Colada|atk|1
|-heal|p1a: Corsola|100/100 par
|
|-damage|p2a: Pina Colada|23/100 brn|[from] brn
|upkeep
|turn|23
|
|move|p2a: Pina Colada|Outrage|p1a: Corsola|[from]lockedmove
|-damage|p1a: Corsola|85/100 par
|move|p1a: Corsola|Hex|p2a: Pina Colada
|-damage|p2a: Pina Colada|0 fnt
|faint|p2a: Pina Colada
|
|upkeep
|
|switch|p2a: Desire|Quagsire, M|53/100
|-damage|p2a: Desire|46/100|[from] Stealth Rock
|turn|24
|
|switch|p2a: Popcorn Lung|Coalossal, F|61/100
|-damage|p2a: Popcorn Lung|36/100|[from] Stealth Rock
|move|p1a: Corsola|Hex|p2a: Popcorn Lung
|-damage|p2a: Popcorn Lung|21/100
|
|upkeep
|turn|25
|
|move|p2a: Popcorn Lung|Tar Shot|p1a: Corsola
|-unboost|p1a: Corsola|spe|1
|-start|p1a: Corsola|Tar Shot
|move|p1a: Corsola|Hex|p2a: Popcorn Lung
|-crit|p2a: Popcorn Lung
|-damage|p2a: Popcorn Lung|0 fnt
|faint|p2a: Popcorn Lung
|
|upkeep
|
|switch|p2a: Granny’s Myth|Appletun, M, shiny|100/100
|-damage|p2a: Granny’s Myth|88/100|[from] Stealth Rock
|turn|26
|
|move|p2a: Granny’s Myth|Iron Defense|p2a: Granny’s Myth
|-boost|p2a: Granny’s Myth|def|2
|move|p1a: Corsola|Will-O-Wisp|p2a: Granny’s Myth
|-status|p2a: Granny’s Myth|brn
|
|-damage|p2a: Granny’s Myth|82/100 brn|[from] brn
|upkeep
|turn|27
|
|move|p2a: Granny’s Myth|Iron Defense|p2a: Granny’s Myth
|-boost|p2a: Granny’s Myth|def|2
|move|p1a: Corsola|Hex|p2a: Granny’s Myth
|-damage|p2a: Granny’s Myth|59/100 brn
|
|-damage|p2a: Granny’s Myth|53/100 brn|[from] brn
|upkeep
|turn|28
|
|move|p2a: Granny’s Myth|Iron Defense|p2a: Granny’s Myth
|-boost|p2a: Granny’s Myth|def|2
|move|p1a: Corsola|Hex|p2a: Granny’s Myth
|-damage|p2a: Granny’s Myth|32/100 brn
|
|-damage|p2a: Granny’s Myth|26/100 brn|[from] brn
|upkeep
|turn|29
|
|move|p2a: Granny’s Myth|Recover|p2a: Granny’s Myth
|-heal|p2a: Granny’s Myth|76/100 brn
|move|p1a: Corsola|Hex|p2a: Granny’s Myth
|-damage|p2a: Granny’s Myth|55/100 brn
|
|-damage|p2a: Granny’s Myth|49/100 brn|[from] brn
|upkeep
|turn|30
|
|move|p2a: Granny’s Myth|Apple Acid|p1a: Corsola
|-damage|p1a: Corsola|67/100 par
|-unboost|p1a: Corsola|spd|1
|cant|p1a: Corsola|par
|
|-damage|p2a: Granny’s Myth|43/100 brn|[from] brn
|upkeep
|turn|31
|
|move|p2a: Granny’s Myth|Apple Acid|p1a: Corsola
|-damage|p1a: Corsola|39/100 par
|-start|p2a: Granny’s Myth|Disable|Apple Acid|[from] ability: Cursed Body|[of] p1a: Corsola
|-unboost|p1a: Corsola|spd|1
|move|p1a: Corsola|Hex|p2a: Granny’s Myth
|-damage|p2a: Granny’s Myth|20/100 brn
|-enditem|p2a: Granny’s Myth|Apicot Berry|[eat]
|-boost|p2a: Granny’s Myth|spd|2
|
|-damage|p2a: Granny’s Myth|14/100 brn|[from] brn
|upkeep
|turn|32
|
|move|p2a: Granny’s Myth|Recover|p2a: Granny’s Myth
|-heal|p2a: Granny’s Myth|64/100 brn
|move|p1a: Corsola|Strength Sap|p2a: Granny’s Myth
|-unboost|p2a: Granny’s Myth|atk|1
|-heal|p1a: Corsola|91/100 par
|
|-damage|p2a: Granny’s Myth|58/100 brn|[from] brn
|upkeep
|turn|33
|
|move|p2a: Granny’s Myth|Recycle|p2a: Granny’s Myth
|-item|p2a: Granny’s Myth|Apicot Berry|[from] move: Recycle
|move|p1a: Corsola|Hex|p2a: Granny’s Myth
|-damage|p2a: Granny’s Myth|47/100 brn
|
|-damage|p2a: Granny’s Myth|40/100 brn|[from] brn
|upkeep
|turn|34
|
|move|p2a: Granny’s Myth|Iron Defense|p2a: Granny’s Myth
|-boost|p2a: Granny’s Myth|def|0
|move|p1a: Corsola|Hex|p2a: Granny’s Myth
|-damage|p2a: Granny’s Myth|29/100 brn
|
|-damage|p2a: Granny’s Myth|23/100 brn|[from] brn
|-end|p2a: Granny’s Myth|Disable
|upkeep
|-enditem|p2a: Granny’s Myth|Apicot Berry|[eat]
|-boost|p2a: Granny’s Myth|spd|2
|turn|35
|
|move|p2a: Granny’s Myth|Recover|p2a: Granny’s Myth
|-heal|p2a: Granny’s Myth|73/100 brn
|move|p1a: Corsola|Hex|p2a: Granny’s Myth
|-damage|p2a: Granny’s Myth|65/100 brn
|
|-damage|p2a: Granny’s Myth|59/100 brn|[from] brn
|upkeep
|turn|36
|
|move|p2a: Granny’s Myth|Recycle|p2a: Granny’s Myth
|-item|p2a: Granny’s Myth|Apicot Berry|[from] move: Recycle
|cant|p1a: Corsola|par
|
|-damage|p2a: Granny’s Myth|53/100 brn|[from] brn
|upkeep
|turn|37
|
|move|p2a: Granny’s Myth|Apple Acid|p1a: Corsola
|-damage|p1a: Corsola|53/100 par
|-start|p2a: Granny’s Myth|Disable|Apple Acid|[from] ability: Cursed Body|[of] p1a: Corsola
|-unboost|p1a: Corsola|spd|1
|move|p1a: Corsola|Hex|p2a: Granny’s Myth
|-damage|p2a: Granny’s Myth|46/100 brn
|
|-damage|p2a: Granny’s Myth|40/100 brn|[from] brn
|upkeep
|turn|38
|
|move|p2a: Granny’s Myth|Iron Defense|p2a: Granny’s Myth
|-boost|p2a: Granny’s Myth|def|0
|move|p1a: Corsola|Hex|p2a: Granny’s Myth
|-damage|p2a: Granny’s Myth|32/100 brn
|
|-damage|p2a: Granny’s Myth|26/100 brn|[from] brn
|upkeep
|turn|39
|
|move|p2a: Granny’s Myth|Recover|p2a: Granny’s Myth
|-heal|p2a: Granny’s Myth|76/100 brn
|move|p1a: Corsola|Hex|p2a: Granny’s Myth
|-damage|p2a: Granny’s Myth|69/100 brn
|
|-damage|p2a: Granny’s Myth|63/100 brn|[from] brn
|upkeep
|turn|40
|
|move|p2a: Granny’s Myth|Iron Defense|p2a: Granny’s Myth
|-boost|p2a: Granny’s Myth|def|0
|move|p1a: Corsola|Will-O-Wisp|p2a: Granny’s Myth
|-fail|p2a: Granny’s Myth|brn
|
|-damage|p2a: Granny’s Myth|57/100 brn|[from] brn
|-end|p2a: Granny’s Myth|Disable
|upkeep
|turn|41
|
|move|p2a: Granny’s Myth|Apple Acid|p1a: Corsola
|-damage|p1a: Corsola|5/100 par
|-unboost|p1a: Corsola|spd|1
|cant|p1a: Corsola|par
|
|-damage|p2a: Granny’s Myth|51/100 brn|[from] brn
|upkeep
|turn|42
|
|move|p2a: Granny’s Myth|Apple Acid|p1a: Corsola
|-damage|p1a: Corsola|0 fnt
|-start|p2a: Granny’s Myth|Disable|Apple Acid|[from] ability: Cursed Body|[of] p1a: Corsola
|faint|p1a: Corsola
|
|-damage|p2a: Granny’s Myth|44/100 brn|[from] brn
|upkeep
|
|switch|p1a: Milotic|Milotic, F, shiny|90/100 brn
|turn|43
|
|move|p1a: Milotic|Aqua Ring|p1a: Milotic
|-start|p1a: Milotic|Aqua Ring
|move|p2a: Granny’s Myth|Recover|p2a: Granny’s Myth
|-heal|p2a: Granny’s Myth|95/100 brn
|
|-heal|p1a: Milotic|96/100 brn|[from] Aqua Ring
|-damage|p1a: Milotic|90/100 brn|[from] brn
|-damage|p2a: Granny’s Myth|88/100 brn|[from] brn
|upkeep
|turn|44
|
|move|p1a: Milotic|Protect|p1a: Milotic
|-singleturn|p1a: Milotic|Protect
|move|p2a: Granny’s Myth|Iron Defense|p2a: Granny’s Myth
|-boost|p2a: Granny’s Myth|def|0
|
|-heal|p1a: Milotic|96/100 brn|[from] Aqua Ring
|-damage|p1a: Milotic|90/100 brn|[from] brn
|-damage|p2a: Granny’s Myth|82/100 brn|[from] brn
|upkeep
|turn|45
|-message|Balestroy forfeited.
|
|win|Orekeeper
|l|☆Balestroy
