|ScrapeTime|2020-01-01-17:25:28
|j|☆Rodork
|j|☆high_boy
|player|p1|Rodork|1|1092
|player|p2|high_boy|23|1124
|teamsize|p1|6
|teamsize|p2|6
|gametype|singles
|gen|8
|tier|[Gen 8] OU
|rated|
|rule|Sleep Clause Mod: Limit one foe put to sleep
|rule|Species Clause: Limit one of each Pokémon
|rule|OHKO Clause: OHKO moves are banned
|rule|Evasion Moves Clause: Evasion moves are banned
|rule|Endless Battle Clause: Forcing endless battles is banned
|rule|HP Percentage Mod: HP is shown in percentages
|clearpoke
|poke|p1|Xatu, F|
|poke|p1|Bellossom, M|
|poke|p1|Quagsire, F|
|poke|p1|Bisharp, F|
|poke|p1|Cinderace, M|
|poke|p1|Ditto|
|poke|p2|Morpeko, F|
|poke|p2|Gyarados, F|
|poke|p2|Rotom-Wash|
|poke|p2|Dragapult, F|
|poke|p2|Goodra, F|
|poke|p2|Ferrothorn, M|
|rule|Dynamax Clause: You cannot dynamax
|teampreview
|inactive|Battle timer is ON: inactive players will automatically lose when time's up. (requested by high_boy)
|
|start
|switch|p1a: Ruby|Cinderace, M|100/100
|switch|p2a: Rotom|Rotom-Wash|100/100
|turn|1
|
|switch|p1a: Quagsire|Quagsire, F|100/100
|move|p2a: Rotom|Trick|p1a: Quagsire
|-activate|p2a: Rotom|move: Trick|[of] p1a: Quagsire
|-item|p1a: Quagsire|Choice Scarf|[from] move: Trick
|-item|p2a: Rotom|Leftovers|[from] move: Trick
|
|upkeep
|turn|2
|
|switch|p2a: Ferrothorn|Ferrothorn, M|100/100
|move|p1a: Quagsire|Toxic|p2a: Ferrothorn
|-immune|p2a: Ferrothorn
|
|upkeep
|turn|3
|
|switch|p1a: Yana|Xatu, F|100/100
|switch|p2a: Morpeko|Morpeko, F|100/100
|
|-formechange|p2a: Morpeko|Morpeko-Hangry||[from] ability: Hunger Switch
|upkeep
|turn|4
|
|switch|p1a: Quagsire|Quagsire, F|100/100
|move|p2a: Morpeko|Aura Wheel|p1a: Quagsire
|-damage|p1a: Quagsire|57/100
|-boost|p2a: Morpeko|spe|1
|-damage|p2a: Morpeko|91/100|[from] item: Life Orb
|
|-formechange|p2a: Morpeko|Morpeko||[from] ability: Hunger Switch
|upkeep
|turn|5
|
|move|p2a: Morpeko|Parting Shot|p1a: Quagsire
|-unboost|p1a: Quagsire|atk|1
|-unboost|p1a: Quagsire|spa|1
|
|switch|p2a: Ferrothorn|Ferrothorn, M|100/100|[from]move: Parting Shot
|move|p1a: Quagsire|Earthquake|p2a: Ferrothorn
|-damage|p2a: Ferrothorn|89/100
|
|-heal|p2a: Ferrothorn|95/100|[from] item: Leftovers
|upkeep
|turn|6
|
|switch|p1a: Yana|Xatu, F|100/100
|switch|p2a: Gyarados|Gyarados, F|100/100
|
|upkeep
|turn|7
|
|switch|p2a: Morpeko|Morpeko, F|91/100
|switch|p1a: Ball|Bellossom, M, shiny|100/100
|
|-formechange|p2a: Morpeko|Morpeko-Hangry||[from] ability: Hunger Switch
|upkeep
|turn|8
|
|move|p2a: Morpeko|Fake Out|p1a: Ball
|-damage|p1a: Ball|83/100
|-damage|p2a: Morpeko|81/100|[from] item: Life Orb
|cant|p1a: Ball|flinch
|
|-heal|p1a: Ball|89/100|[from] item: Leftovers
|-formechange|p2a: Morpeko|Morpeko||[from] ability: Hunger Switch
|upkeep
|turn|9
|
|move|p2a: Morpeko|Parting Shot|p1a: Ball
|-unboost|p1a: Ball|atk|1
|-unboost|p1a: Ball|spa|1
|
|switch|p2a: Ferrothorn|Ferrothorn, M|95/100|[from]move: Parting Shot
|move|p1a: Ball|Leech Seed|p2a: Ferrothorn
|-immune|p2a: Ferrothorn
|
|-heal|p1a: Ball|96/100|[from] item: Leftovers
|-heal|p2a: Ferrothorn|100/100|[from] item: Leftovers
|upkeep
|turn|10
|
|switch|p1a: Yana|Xatu, F|100/100
|move|p2a: Ferrothorn|Stealth Rock|p1a: Yana
|move|p1a: Yana|Stealth Rock|p2a: Ferrothorn|[from]Magic Bounce
|-sidestart|p2: high_boy|move: Stealth Rock
|
|upkeep
|turn|11
|
|switch|p2a: Morpeko|Morpeko, F|81/100
|-damage|p2a: Morpeko|69/100|[from] Stealth Rock
|move|p1a: Yana|Air Slash|p2a: Morpeko|[miss]
|-miss|p1a: Yana|p2a: Morpeko
|
|-formechange|p2a: Morpeko|Morpeko-Hangry||[from] ability: Hunger Switch
|upkeep
|turn|12
|
|switch|p1a: Sword|Bisharp, F, shiny|100/100
|move|p2a: Morpeko|Rapid Spin|p1a: Sword
|-resisted|p1a: Sword
|-damage|p1a: Sword|91/100
|-sideend|p2: high_boy|Stealth Rock|[from] move: Rapid Spin|[of] p2a: Morpeko
|-boost|p2a: Morpeko|spe|1
|-damage|p2a: Morpeko|59/100|[from] item: Life Orb
|
|-formechange|p2a: Morpeko|Morpeko||[from] ability: Hunger Switch
|upkeep
|turn|13
|
|switch|p1a: Quagsire|Quagsire, F|57/100
|move|p2a: Morpeko|Aura Wheel|p1a: Quagsire
|-immune|p1a: Quagsire
|
|-formechange|p2a: Morpeko|Morpeko-Hangry||[from] ability: Hunger Switch
|upkeep
|turn|14
|
|switch|p2a: Gyarados|Gyarados, F|100/100
|move|p1a: Quagsire|Recover|p1a: Quagsire
|-heal|p1a: Quagsire|100/100
|
|upkeep
|turn|15
|
|switch|p1a: Ball|Bellossom, M, shiny|96/100
|move|p2a: Gyarados|Dragon Dance|p2a: Gyarados
|-boost|p2a: Gyarados|atk|1
|-boost|p2a: Gyarados|spe|1
|
|-heal|p1a: Ball|100/100|[from] item: Leftovers
|upkeep
|turn|16
|
|move|p2a: Gyarados|Fire Blast|p1a: Ball
|-supereffective|p1a: Ball
|-damage|p1a: Ball|73/100
|move|p1a: Ball|Leech Seed|p2a: Gyarados
|-start|p2a: Gyarados|move: Leech Seed
|
|-heal|p1a: Ball|80/100|[from] item: Leftovers
|-damage|p2a: Gyarados|88/100|[from] Leech Seed|[of] p1a: Ball
|-heal|p1a: Ball|91/100|[silent]
|upkeep
|turn|17
|
|switch|p2a: Ferrothorn|Ferrothorn, M|100/100
|move|p1a: Ball|Moonblast|p2a: Ferrothorn
|-resisted|p2a: Ferrothorn
|-damage|p2a: Ferrothorn|92/100
|
|-heal|p1a: Ball|97/100|[from] item: Leftovers
|-heal|p2a: Ferrothorn|98/100|[from] item: Leftovers
|upkeep
|turn|18
|
|switch|p1a: Yana|Xatu, F|100/100
|switch|p2a: Morpeko|Morpeko, F|59/100
|
|-formechange|p2a: Morpeko|Morpeko-Hangry||[from] ability: Hunger Switch
|upkeep
|turn|19
|c|☆high_boy|oh my god kdkdkdjd
|
|switch|p1a: Quagsire|Quagsire, F|100/100
|move|p2a: Morpeko|Aura Wheel|p1a: Quagsire
|-damage|p1a: Quagsire|51/100
|-boost|p2a: Morpeko|spe|1
|-damage|p2a: Morpeko|49/100|[from] item: Life Orb
|
|-formechange|p2a: Morpeko|Morpeko||[from] ability: Hunger Switch
|upkeep
|turn|20
|c|☆high_boy|just kill something
|
|switch|p2a: Rotom|Rotom-Wash|100/100
|move|p1a: Quagsire|Toxic|p2a: Rotom
|-status|p2a: Rotom|tox
|
|-damage|p2a: Rotom|94/100 tox|[from] psn
|upkeep
|turn|21
|
|switch|p1a: Ball|Bellossom, M, shiny|97/100
|move|p2a: Rotom|Dark Pulse|p1a: Ball
|-damage|p1a: Ball|81/100
|
|-heal|p2a: Rotom|100/100 tox|[from] item: Leftovers
|-heal|p1a: Ball|87/100|[from] item: Leftovers
|-damage|p2a: Rotom|88/100 tox|[from] psn
|upkeep
|turn|22
|
|switch|p2a: Ferrothorn|Ferrothorn, M|98/100
|move|p1a: Ball|Leech Seed|p2a: Ferrothorn
|-immune|p2a: Ferrothorn
|
|-heal|p1a: Ball|93/100|[from] item: Leftovers
|-heal|p2a: Ferrothorn|100/100|[from] item: Leftovers
|upkeep
|turn|23
|
|switch|p1a: Yana|Xatu, F|100/100
|move|p2a: Ferrothorn|Power Whip|p1a: Yana
|-resisted|p1a: Yana
|-damage|p1a: Yana|82/100
|-damage|p2a: Ferrothorn|84/100|[from] item: Rocky Helmet|[of] p1a: Yana
|
|-heal|p2a: Ferrothorn|90/100|[from] item: Leftovers
|upkeep
|turn|24
|
|move|p1a: Yana|Air Slash|p2a: Ferrothorn
|-damage|p2a: Ferrothorn|68/100
|move|p2a: Ferrothorn|Stealth Rock|p1a: Yana
|move|p1a: Yana|Stealth Rock|p2a: Ferrothorn|[from]Magic Bounce
|-sidestart|p2: high_boy|move: Stealth Rock
|
|-heal|p2a: Ferrothorn|74/100|[from] item: Leftovers
|upkeep
|turn|25
|
|switch|p2a: Morpeko|Morpeko, F|49/100
|-damage|p2a: Morpeko|37/100|[from] Stealth Rock
|move|p1a: Yana|Air Slash|p2a: Morpeko
|-resisted|p2a: Morpeko
|-damage|p2a: Morpeko|11/100
|
|-formechange|p2a: Morpeko|Morpeko-Hangry||[from] ability: Hunger Switch
|upkeep
|turn|26
|
|switch|p1a: Ball|Bellossom, M, shiny|93/100
|move|p2a: Morpeko|Aura Wheel|p1a: Ball
|-damage|p1a: Ball|21/100
|-boost|p2a: Morpeko|spe|1
|-damage|p2a: Morpeko|2/100|[from] item: Life Orb
|
|-heal|p1a: Ball|27/100|[from] item: Leftovers
|-formechange|p2a: Morpeko|Morpeko||[from] ability: Hunger Switch
|upkeep
|turn|27
|
|switch|p1a: Quagsire|Quagsire, F|51/100
|move|p2a: Morpeko|Aura Wheel|p1a: Quagsire
|-immune|p1a: Quagsire
|
|-formechange|p2a: Morpeko|Morpeko-Hangry||[from] ability: Hunger Switch
|upkeep
|turn|28
|
|move|p2a: Morpeko|Rapid Spin|p1a: Quagsire
|-damage|p1a: Quagsire|38/100
|-sideend|p2: high_boy|Stealth Rock|[from] move: Rapid Spin|[of] p2a: Morpeko
|-boost|p2a: Morpeko|spe|1
|-damage|p2a: Morpeko|0 fnt|[from] item: Life Orb
|faint|p2a: Morpeko
|move|p1a: Quagsire|Recover|p1a: Quagsire
|-heal|p1a: Quagsire|88/100
|
|upkeep
|
|switch|p2a: Gyarados|Gyarados, F|88/100
|turn|29
|c|☆Rodork|done
|
|switch|p1a: Ball|Bellossom, M, shiny|27/100
|move|p2a: Gyarados|Dragon Dance|p2a: Gyarados
|-boost|p2a: Gyarados|atk|1
|-boost|p2a: Gyarados|spe|1
|
|-heal|p1a: Ball|34/100|[from] item: Leftovers
|upkeep
|turn|30
|c|☆high_boy|my fault for sending rottom
|
|move|p2a: Gyarados|Earthquake|p1a: Ball
|-resisted|p1a: Ball
|-damage|p1a: Ball|6/100
|move|p1a: Ball|Leech Seed|p2a: Gyarados|[miss]
|-miss|p1a: Ball|p2a: Gyarados
|
|-heal|p1a: Ball|12/100|[from] item: Leftovers
|upkeep
|turn|31
|
|switch|p1a: Yana|Xatu, F|82/100
|move|p2a: Gyarados|Dragon Dance|p2a: Gyarados
|-boost|p2a: Gyarados|atk|1
|-boost|p2a: Gyarados|spe|1
|
|upkeep
|turn|32
|
|switch|p1a: Quagsire|Quagsire, F|88/100
|move|p2a: Gyarados|Waterfall|p1a: Quagsire
|-heal|p1a: Quagsire|100/100|[from] ability: Water Absorb|[of] p2a: Gyarados
|
|upkeep
|turn|33
|
|switch|p2a: Ferrothorn|Ferrothorn, M|74/100
|move|p1a: Quagsire|Toxic|p2a: Ferrothorn
|-immune|p2a: Ferrothorn
|
|-heal|p2a: Ferrothorn|81/100|[from] item: Leftovers
|upkeep
|turn|34
|c|☆high_boy|fuck this bs stall i hope your mom commit lifent
|-message|high_boy forfeited.
|
|win|Rodork
|l|☆high_boy
|raw|Rodork's rating: 1092 → 1121(+29 for winning)
|raw|high_boy's rating: 1124 → 1097(-27 for losing)
