|ScrapeTime|2020-01-02-04:37:00
|j|☆Little Pigg
|j|☆Crushy Stuff
|player|p1|Little Pigg|213|1497
|player|p2|Crushy Stuff|144|1420
|teamsize|p1|6
|teamsize|p2|6
|gametype|singles
|gen|8
|tier|[Gen 8] OU
|rated|
|rule|Sleep Clause Mod: Limit one foe put to sleep
|rule|Species Clause: Limit one of each Pokémon
|rule|OHKO Clause: OHKO moves are banned
|rule|Evasion Moves Clause: Evasion moves are banned
|rule|Endless Battle Clause: Forcing endless battles is banned
|rule|HP Percentage Mod: HP is shown in percentages
|clearpoke
|poke|p1|Dragapult, M|
|poke|p1|Grimmsnarl, M|
|poke|p1|Kommo-o, F|
|poke|p1|Toxtricity, F|
|poke|p1|Excadrill, M|
|poke|p1|Tyranitar, F|
|poke|p2|Clefable, F|
|poke|p2|Araquanid, M|
|poke|p2|Toxtricity, F|
|poke|p2|Ferrothorn, M|
|poke|p2|Cinderace, M|
|poke|p2|Seismitoad, M|
|rule|Dynamax Clause: You cannot dynamax
|teampreview
|
|start
|switch|p1a: Grimmsnarl|Grimmsnarl, M|100/100
|switch|p2a: Cinderace|Cinderace, M|100/100
|turn|1
|inactive|Battle timer is ON: inactive players will automatically lose when time's up. (requested by Little Pigg)
|
|switch|p2a: Ferrothorn|Ferrothorn, M|100/100
|move|p1a: Grimmsnarl|Reflect|p1a: Grimmsnarl
|-sidestart|p1: Little Pigg|Reflect
|
|upkeep
|turn|2
|
|move|p1a: Grimmsnarl|Taunt|p2a: Ferrothorn
|-start|p2a: Ferrothorn|move: Taunt
|cant|p2a: Ferrothorn|move: Taunt|Leech Seed
|
|upkeep
|turn|3
|
|switch|p1a: Excadrill|Excadrill, M|100/100
|-ability|p1a: Excadrill|Mold Breaker
|move|p2a: Ferrothorn|Power Whip|p1a: Excadrill
|-damage|p1a: Excadrill|75/100
|
|upkeep
|turn|4
|
|switch|p2a: Cinderace|Cinderace, M|100/100
|move|p1a: Excadrill|Stealth Rock|p2a: Cinderace
|-sidestart|p2: Crushy Stuff|move: Stealth Rock
|
|upkeep
|turn|5
|
|move|p2a: Cinderace|Court Change|p2a: Cinderace
|-sideend|p2: Crushy Stuff|Stealth Rock|[silent]
|-sidestart|p1: Little Pigg|Stealth Rock|[silent]
|-sideend|p1: Little Pigg|Reflect|[silent]
|-sidestart|p2: Crushy Stuff|Reflect|[silent]
|-activate|p2a: Cinderace|move: Court Change
|move|p1a: Excadrill|Earthquake|p2a: Cinderace
|-supereffective|p2a: Cinderace
|-damage|p2a: Cinderace|39/100
|
|upkeep
|turn|6
|
|switch|p1a: Grimmsnarl|Grimmsnarl, M|100/100
|-damage|p1a: Grimmsnarl|88/100|[from] Stealth Rock
|move|p2a: Cinderace|Pyro Ball|p1a: Grimmsnarl
|-damage|p1a: Grimmsnarl|16/100
|
|upkeep
|turn|7
|
|move|p1a: Grimmsnarl|Reflect|p1a: Grimmsnarl
|-sidestart|p1: Little Pigg|Reflect
|move|p2a: Cinderace|U-turn|p1a: Grimmsnarl
|-damage|p1a: Grimmsnarl|1/100
|
|switch|p2a: Araquanid|Araquanid, M|100/100|[from]move: U-turn
|
|upkeep
|turn|8
|inactive|Crushy Stuff has 120 seconds left.
|
|move|p1a: Grimmsnarl|Light Screen|p1a: Grimmsnarl
|-sidestart|p1: Little Pigg|move: Light Screen
|move|p2a: Araquanid|Ice Beam|p1a: Grimmsnarl
|-damage|p1a: Grimmsnarl|0 fnt
|faint|p1a: Grimmsnarl
|
|-sideend|p2: Crushy Stuff|Reflect
|upkeep
|
|switch|p1a: Excadrill|Excadrill, M|75/100
|-damage|p1a: Excadrill|72/100|[from] Stealth Rock
|-ability|p1a: Excadrill|Mold Breaker
|turn|9
|inactive|Crushy Stuff has 120 seconds left.
|
|switch|p2a: Ferrothorn|Ferrothorn, M|100/100
|move|p1a: Excadrill|Rapid Spin|p2a: Ferrothorn
|-resisted|p2a: Ferrothorn
|-damage|p2a: Ferrothorn|96/100
|-damage|p1a: Excadrill|60/100|[from] ability: Iron Barbs|[of] p2a: Ferrothorn
|-damage|p1a: Excadrill|43/100|[from] item: Rocky Helmet|[of] p2a: Ferrothorn
|-sideend|p1: Little Pigg|Stealth Rock|[from] move: Rapid Spin|[of] p1a: Excadrill
|-boost|p1a: Excadrill|spe|1
|
|upkeep
|turn|10
|
|move|p1a: Excadrill|Stealth Rock|p2a: Ferrothorn
|-sidestart|p2: Crushy Stuff|move: Stealth Rock
|move|p2a: Ferrothorn|Leech Seed|p1a: Excadrill
|-start|p1a: Excadrill|move: Leech Seed
|
|-damage|p1a: Excadrill|31/100|[from] Leech Seed|[of] p2a: Ferrothorn
|-heal|p2a: Ferrothorn|100/100|[silent]
|upkeep
|turn|11
|
|move|p1a: Excadrill|Earthquake|p2a: Ferrothorn
|-damage|p2a: Ferrothorn|68/100
|move|p2a: Ferrothorn|Power Whip|p1a: Excadrill
|-damage|p1a: Excadrill|9/100
|
|-damage|p1a: Excadrill|0 fnt|[from] Leech Seed|[of] p2a: Ferrothorn
|-heal|p2a: Ferrothorn|80/100|[silent]
|faint|p1a: Excadrill
|upkeep
|
|switch|p1a: Kommo-o|Kommo-o, F|100/100
|turn|12
|
|move|p1a: Kommo-o|Substitute|p1a: Kommo-o
|-start|p1a: Kommo-o|Substitute
|-damage|p1a: Kommo-o|75/100
|move|p2a: Ferrothorn|Leech Seed||[still]
|-fail|p2a: Ferrothorn
|
|upkeep
|turn|13
|
|switch|p2a: Clefable|Clefable, F|100/100
|move|p1a: Kommo-o|Belly Drum|p1a: Kommo-o
|-damage|p1a: Kommo-o|25/100
|-setboost|p1a: Kommo-o|atk|6|[from] move: Belly Drum
|-enditem|p1a: Kommo-o|Salac Berry|[eat]
|-boost|p1a: Kommo-o|spe|1
|
|upkeep
|turn|14
|
|move|p1a: Kommo-o|Thunder Punch|p2a: Clefable
|-damage|p2a: Clefable|23/100
|move|p2a: Clefable|Draining Kiss|p1a: Kommo-o
|-supereffective|p1a: Kommo-o
|-end|p1a: Kommo-o|Substitute
|-heal|p2a: Clefable|40/100|[from] drain|[of] p1a: Kommo-o
|
|-sideend|p1: Little Pigg|Reflect
|upkeep
|turn|15
|
|switch|p2a: Ferrothorn|Ferrothorn, M|80/100
|-damage|p2a: Ferrothorn|74/100|[from] Stealth Rock
|move|p1a: Kommo-o|Thunder Punch|p2a: Ferrothorn
|-resisted|p2a: Ferrothorn
|-damage|p2a: Ferrothorn|44/100
|-damage|p1a: Kommo-o|13/100|[from] ability: Iron Barbs|[of] p2a: Ferrothorn
|-damage|p1a: Kommo-o|0 fnt|[from] item: Rocky Helmet|[of] p2a: Ferrothorn
|faint|p1a: Kommo-o
|
|-sideend|p1: Little Pigg|move: Light Screen
|upkeep
|
|switch|p1a: Tyranitar|Tyranitar, F|100/100
|-weather|Sandstorm|[from] ability: Sand Stream|[of] p1a: Tyranitar
|turn|16
|
|move|p1a: Tyranitar|Dragon Dance|p1a: Tyranitar
|-boost|p1a: Tyranitar|atk|1
|-boost|p1a: Tyranitar|spe|1
|move|p2a: Ferrothorn|Leech Seed|p1a: Tyranitar
|-start|p1a: Tyranitar|move: Leech Seed
|
|-weather|Sandstorm|[upkeep]
|-damage|p1a: Tyranitar|88/100|[from] Leech Seed|[of] p2a: Ferrothorn
|-heal|p2a: Ferrothorn|59/100|[silent]
|upkeep
|turn|17
|
|move|p1a: Tyranitar|Dragon Dance|p1a: Tyranitar
|-boost|p1a: Tyranitar|atk|1
|-boost|p1a: Tyranitar|spe|1
|move|p2a: Ferrothorn|Power Whip|p1a: Tyranitar
|-supereffective|p1a: Tyranitar
|-damage|p1a: Tyranitar|19/100
|-enditem|p1a: Tyranitar|Weakness Policy
|-boost|p1a: Tyranitar|atk|2
|-boost|p1a: Tyranitar|spa|2
|
|-weather|Sandstorm|[upkeep]
|-damage|p1a: Tyranitar|7/100|[from] Leech Seed|[of] p2a: Ferrothorn
|-heal|p2a: Ferrothorn|73/100|[silent]
|upkeep
|turn|18
|
|move|p2a: Ferrothorn|Protect|p2a: Ferrothorn
|-singleturn|p2a: Ferrothorn|Protect
|move|p1a: Tyranitar|Fire Punch|p2a: Ferrothorn
|-activate|p2a: Ferrothorn|move: Protect
|
|-weather|Sandstorm|[upkeep]
|-damage|p1a: Tyranitar|0 fnt|[from] Leech Seed|[of] p2a: Ferrothorn
|-heal|p2a: Ferrothorn|81/100|[silent]
|faint|p1a: Tyranitar
|upkeep
|-message|Little Pigg forfeited.
|
|win|Crushy Stuff
|l|☆Little Pigg
|raw|Little Pigg's rating: 1497 → 1472(-25 for losing)
|raw|Crushy Stuff's rating: 1420 → 1444(+24 for winning)
