|ScrapeTime|2020-01-01-04:35:35
|j|☆hibikisoukou
|j|☆ElHondureno
|player|p1|hibikisoukou|265|1000
|player|p2|ElHondureno|acetrainer-gen4dp|1043
|teamsize|p1|6
|teamsize|p2|6
|gametype|singles
|gen|8
|tier|[Gen 8] OU
|rated|
|rule|Sleep Clause Mod: Limit one foe put to sleep
|rule|Species Clause: Limit one of each Pokémon
|rule|OHKO Clause: OHKO moves are banned
|rule|Evasion Moves Clause: Evasion moves are banned
|rule|Endless Battle Clause: Forcing endless battles is banned
|rule|HP Percentage Mod: HP is shown in percentages
|clearpoke
|poke|p1|Aegislash, M|
|poke|p1|Dracovish|
|poke|p1|Corsola-Galar, F|
|poke|p1|Togekiss, F|
|poke|p1|Ferrothorn, M|
|poke|p1|Toxapex, F|
|poke|p2|Barraskewda, F|
|poke|p2|Cinderace, M|
|poke|p2|Ferrothorn, M|
|poke|p2|Hatterene, F|
|poke|p2|Bisharp, F|
|poke|p2|Dracozolt|
|rule|Dynamax Clause: You cannot dynamax
|teampreview
|inactive|Battle timer is ON: inactive players will automatically lose when time's up. (requested by hibikisoukou)
|
|start
|switch|p1a: Corsola|Corsola-Galar, F|100/100
|switch|p2a: Dracozolt|Dracozolt|100/100
|turn|1
|
|move|p2a: Dracozolt|Protect|p2a: Dracozolt
|-singleturn|p2a: Dracozolt|Protect
|move|p1a: Corsola|Will-O-Wisp|p2a: Dracozolt
|-activate|p2a: Dracozolt|move: Protect
|
|upkeep
|turn|2
|
|move|p2a: Dracozolt|Thunder Wave|p1a: Corsola
|-status|p1a: Corsola|par
|cant|p1a: Corsola|par
|
|upkeep
|turn|3
|
|switch|p2a: Bisharp|Bisharp, F, shiny|100/100
|move|p1a: Corsola|Whirlpool|p2a: Bisharp
|-damage|p2a: Bisharp|92/100
|-activate|p2a: Bisharp|move: Whirlpool|[of] p1a: Corsola
|
|-damage|p2a: Bisharp|79/100|[from] move: Whirlpool|[partiallytrapped]
|upkeep
|turn|4
|
|move|p2a: Bisharp|Foul Play|p1a: Corsola
|-supereffective|p1a: Corsola
|-damage|p1a: Corsola|71/100 par
|-ability|p1a: Corsola|Weak Armor|boost
|-unboost|p1a: Corsola|def|1
|-boost|p1a: Corsola|spe|2
|move|p1a: Corsola|Will-O-Wisp|p2a: Bisharp|[miss]
|-miss|p1a: Corsola|p2a: Bisharp
|
|-damage|p2a: Bisharp|67/100|[from] move: Whirlpool|[partiallytrapped]
|upkeep
|turn|5
|
|switch|p1a: Ferrothorn|Ferrothorn, M|100/100
|move|p2a: Bisharp|Foul Play|p1a: Ferrothorn
|-damage|p1a: Ferrothorn|70/100
|-damage|p2a: Bisharp|54/100|[from] ability: Iron Barbs|[of] p1a: Ferrothorn
|
|-heal|p1a: Ferrothorn|76/100|[from] item: Leftovers
|-end|p2a: Bisharp|Whirlpool|[partiallytrapped]|[silent]
|upkeep
|turn|6
|
|switch|p2a: Cinderace|Cinderace, M|100/100
|move|p1a: Ferrothorn|Stealth Rock|p2a: Cinderace
|-sidestart|p2: ElHondureno|move: Stealth Rock
|
|-heal|p1a: Ferrothorn|83/100|[from] item: Leftovers
|upkeep
|turn|7
|
|switch|p1a: Toxapex|Toxapex, F|100/100
|move|p2a: Cinderace|Pyro Ball|p1a: Toxapex|[miss]
|-miss|p2a: Cinderace|p1a: Toxapex
|
|upkeep
|turn|8
|
|switch|p2a: Dracozolt|Dracozolt|100/100
|-damage|p2a: Dracozolt|88/100|[from] Stealth Rock
|move|p1a: Toxapex|Scald|p2a: Dracozolt
|-resisted|p2a: Dracozolt
|-damage|p2a: Dracozolt|78/100
|
|-heal|p2a: Dracozolt|85/100|[from] item: Leftovers
|upkeep
|turn|9
|inactive|hibikisoukou has 120 seconds left.
|inactive|ElHondureno has 120 seconds left.
|
|switch|p1a: Ferrothorn|Ferrothorn, M|83/100
|move|p2a: Dracozolt|Thunder Wave|p1a: Ferrothorn
|-status|p1a: Ferrothorn|par
|
|-heal|p2a: Dracozolt|91/100|[from] item: Leftovers
|-heal|p1a: Ferrothorn|89/100 par|[from] item: Leftovers
|upkeep
|turn|10
|inactive|hibikisoukou has 120 seconds left.
|
|switch|p2a: Cinderace|Cinderace, M|100/100
|-damage|p2a: Cinderace|76/100|[from] Stealth Rock
|move|p1a: Ferrothorn|Leech Seed|p2a: Cinderace
|-start|p2a: Cinderace|move: Leech Seed
|
|-heal|p1a: Ferrothorn|95/100 par|[from] item: Leftovers
|-damage|p2a: Cinderace|63/100|[from] Leech Seed|[of] p1a: Ferrothorn
|-heal|p1a: Ferrothorn|100/100 par|[silent]
|upkeep
|turn|11
|inactive|hibikisoukou has 120 seconds left.
|
|switch|p1a: Dracovish|Dracovish|100/100
|move|p2a: Cinderace|Pyro Ball|p1a: Dracovish
|-resisted|p1a: Dracovish
|-damage|p1a: Dracovish|84/100
|-status|p1a: Dracovish|brn
|
|-damage|p2a: Cinderace|51/100|[from] Leech Seed|[of] p1a: Dracovish
|-heal|p1a: Dracovish|97/100 brn|[silent]
|-damage|p1a: Dracovish|91/100 brn|[from] brn
|upkeep
|turn|12
|inactive|ElHondureno has 120 seconds left.
|
|move|p1a: Dracovish|Fishious Rend|p2a: Cinderace
|-supereffective|p2a: Cinderace
|-damage|p2a: Cinderace|0 fnt
|faint|p2a: Cinderace
|
|-damage|p1a: Dracovish|84/100 brn|[from] brn
|upkeep
|
|switch|p2a: Barraskewda|Barraskewda, F|100/100
|-damage|p2a: Barraskewda|88/100|[from] Stealth Rock
|turn|13
|
|move|p1a: Dracovish|Fishious Rend|p2a: Barraskewda
|-resisted|p2a: Barraskewda
|-crit|p2a: Barraskewda
|-damage|p2a: Barraskewda|18/100
|move|p2a: Barraskewda|Close Combat|p1a: Dracovish
|-damage|p1a: Dracovish|24/100 brn
|-unboost|p2a: Barraskewda|def|1
|-unboost|p2a: Barraskewda|spd|1
|
|-damage|p1a: Dracovish|18/100 brn|[from] brn
|upkeep
|turn|14
|
|move|p1a: Dracovish|Fishious Rend|p2a: Barraskewda
|-resisted|p2a: Barraskewda
|-damage|p2a: Barraskewda|0 fnt
|faint|p2a: Barraskewda
|
|-damage|p1a: Dracovish|12/100 brn|[from] brn
|upkeep
|inactive|ElHondureno has 90 seconds left.
|
|switch|p2a: Bisharp|Bisharp, F, shiny|54/100
|-damage|p2a: Bisharp|48/100|[from] Stealth Rock
|turn|15
|
|move|p1a: Dracovish|Fishious Rend|p2a: Bisharp
|-damage|p2a: Bisharp|0 fnt
|faint|p2a: Bisharp
|
|-damage|p1a: Dracovish|6/100 brn|[from] brn
|upkeep
|inactive|ElHondureno has 90 seconds left.
|
|switch|p2a: Ferrothorn|Ferrothorn, M|100/100
|-damage|p2a: Ferrothorn|95/100|[from] Stealth Rock
|turn|16
|
|move|p2a: Ferrothorn|Protect|p2a: Ferrothorn
|-singleturn|p2a: Ferrothorn|Protect
|move|p1a: Dracovish|Fishious Rend|p2a: Ferrothorn
|-activate|p2a: Ferrothorn|move: Protect
|
|-damage|p1a: Dracovish|0 fnt|[from] brn
|faint|p1a: Dracovish
|upkeep
|inactive|hibikisoukou has 120 seconds left.
|
|switch|p1a: Corsola|Corsola-Galar, F|71/100 par
|turn|17
|
|move|p1a: Corsola|Will-O-Wisp|p2a: Ferrothorn|[miss]
|-miss|p1a: Corsola|p2a: Ferrothorn
|move|p2a: Ferrothorn|Stealth Rock|p1a: Corsola
|-sidestart|p1: hibikisoukou|move: Stealth Rock
|
|upkeep
|turn|18
|inactive|ElHondureno has 120 seconds left.
|
|move|p2a: Ferrothorn|Protect|p2a: Ferrothorn
|-singleturn|p2a: Ferrothorn|Protect
|cant|p1a: Corsola|par
|
|upkeep
|turn|19
|
|move|p2a: Ferrothorn|Protect||[still]
|-fail|p2a: Ferrothorn
|move|p1a: Corsola|Will-O-Wisp|p2a: Ferrothorn
|-status|p2a: Ferrothorn|brn
|
|-damage|p2a: Ferrothorn|89/100 brn|[from] brn
|upkeep
|turn|20
|
|switch|p2a: Hatterene|Hatterene, F|100/100
|-damage|p2a: Hatterene|88/100|[from] Stealth Rock
|move|p1a: Corsola|Whirlpool|p2a: Hatterene
|-damage|p2a: Hatterene|82/100
|-activate|p2a: Hatterene|move: Whirlpool|[of] p1a: Corsola
|
|-damage|p2a: Hatterene|70/100|[from] move: Whirlpool|[partiallytrapped]
|upkeep
|turn|21
|
|move|p2a: Hatterene|Psychic|p1a: Corsola
|-damage|p1a: Corsola|35/100 par
|move|p1a: Corsola|Night Shade|p2a: Hatterene
|-damage|p2a: Hatterene|34/100
|
|-damage|p2a: Hatterene|21/100|[from] move: Whirlpool|[partiallytrapped]
|upkeep
|turn|22
|
|move|p2a: Hatterene|Psychic|p1a: Corsola
|-damage|p1a: Corsola|0 fnt
|faint|p1a: Corsola
|
|-end|p2a: Hatterene|Whirlpool|[partiallytrapped]|[silent]
|upkeep
|
|switch|p1a: Ferrothorn|Ferrothorn, M|100/100 par
|-damage|p1a: Ferrothorn|94/100 par|[from] Stealth Rock
|turn|23
|
|move|p2a: Hatterene|Psychic|p1a: Ferrothorn
|-resisted|p1a: Ferrothorn
|-damage|p1a: Ferrothorn|67/100 par
|cant|p1a: Ferrothorn|par
|
|-heal|p1a: Ferrothorn|73/100 par|[from] item: Leftovers
|upkeep
|turn|24
|
|move|p2a: Hatterene|Psychic|p1a: Ferrothorn
|-resisted|p1a: Ferrothorn
|-damage|p1a: Ferrothorn|44/100 par
|cant|p1a: Ferrothorn|par
|
|-heal|p1a: Ferrothorn|50/100 par|[from] item: Leftovers
|upkeep
|turn|25
|
|move|p2a: Hatterene|Psychic|p1a: Ferrothorn
|-resisted|p1a: Ferrothorn
|-damage|p1a: Ferrothorn|22/100 par
|cant|p1a: Ferrothorn|par
|
|-heal|p1a: Ferrothorn|28/100 par|[from] item: Leftovers
|upkeep
|turn|26
|
|move|p1a: Ferrothorn|Protect|p1a: Ferrothorn
|-singleturn|p1a: Ferrothorn|Protect
|move|p2a: Hatterene|Psychic|p1a: Ferrothorn
|-activate|p1a: Ferrothorn|move: Protect
|
|-heal|p1a: Ferrothorn|34/100 par|[from] item: Leftovers
|upkeep
|turn|27
|
|move|p2a: Hatterene|Psychic|p1a: Ferrothorn
|-resisted|p1a: Ferrothorn
|-damage|p1a: Ferrothorn|6/100 par
|cant|p1a: Ferrothorn|par
|
|-heal|p1a: Ferrothorn|12/100 par|[from] item: Leftovers
|upkeep
|turn|28
|
|move|p1a: Ferrothorn|Protect|p1a: Ferrothorn
|-singleturn|p1a: Ferrothorn|Protect
|move|p2a: Hatterene|Psychic|p1a: Ferrothorn
|-activate|p1a: Ferrothorn|move: Protect
|
|-heal|p1a: Ferrothorn|18/100 par|[from] item: Leftovers
|upkeep
|turn|29
|
|move|p1a: Ferrothorn|Protect||[still]
|-fail|p1a: Ferrothorn
|move|p2a: Hatterene|Psychic|p1a: Ferrothorn
|-resisted|p1a: Ferrothorn
|-damage|p1a: Ferrothorn|0 fnt
|faint|p1a: Ferrothorn
|
|upkeep
|
|switch|p1a: Togekiss|Togekiss, F|100/100
|-damage|p1a: Togekiss|76/100|[from] Stealth Rock
|turn|30
|
|move|p1a: Togekiss|Air Slash|p2a: Hatterene
|-damage|p2a: Hatterene|0 fnt
|faint|p2a: Hatterene
|
|upkeep
|
|switch|p2a: Dracozolt|Dracozolt|91/100
|-damage|p2a: Dracozolt|78/100|[from] Stealth Rock
|turn|31
|
|move|p1a: Togekiss|Air Slash|p2a: Dracozolt
|-resisted|p2a: Dracozolt
|-crit|p2a: Dracozolt
|-damage|p2a: Dracozolt|44/100
|move|p2a: Dracozolt|Thunder Wave|p1a: Togekiss|[miss]
|-miss|p2a: Dracozolt|p1a: Togekiss
|
|-heal|p2a: Dracozolt|50/100|[from] item: Leftovers
|upkeep
|turn|32
|
|move|p2a: Dracozolt|Protect|p2a: Dracozolt
|-singleturn|p2a: Dracozolt|Protect
|move|p1a: Togekiss|Air Slash|p2a: Dracozolt
|-activate|p2a: Dracozolt|move: Protect
|
|-heal|p2a: Dracozolt|56/100|[from] item: Leftovers
|upkeep
|turn|33
|
|move|p1a: Togekiss|Air Slash|p2a: Dracozolt
|-resisted|p2a: Dracozolt
|-damage|p2a: Dracozolt|32/100
|move|p2a: Dracozolt|Thunder Wave|p1a: Togekiss
|-status|p1a: Togekiss|par
|
|-heal|p2a: Dracozolt|38/100|[from] item: Leftovers
|upkeep
|turn|34
|
|move|p2a: Dracozolt|Protect|p2a: Dracozolt
|-singleturn|p2a: Dracozolt|Protect
|move|p1a: Togekiss|Air Slash|p2a: Dracozolt
|-activate|p2a: Dracozolt|move: Protect
|
|-heal|p2a: Dracozolt|44/100|[from] item: Leftovers
|upkeep
|turn|35
|
|move|p1a: Togekiss|Air Slash|p2a: Dracozolt
|-resisted|p2a: Dracozolt
|-damage|p2a: Dracozolt|21/100
|move|p2a: Dracozolt|Bolt Beak|p1a: Togekiss|[miss]
|-miss|p2a: Dracozolt|p1a: Togekiss
|
|-heal|p2a: Dracozolt|27/100|[from] item: Leftovers
|upkeep
|turn|36
|
|move|p2a: Dracozolt|Protect|p2a: Dracozolt
|-singleturn|p2a: Dracozolt|Protect
|cant|p1a: Togekiss|par
|
|-heal|p2a: Dracozolt|33/100|[from] item: Leftovers
|upkeep
|turn|37
|
|cant|p1a: Togekiss|par
|move|p2a: Dracozolt|Bolt Beak|p1a: Togekiss
|-supereffective|p1a: Togekiss
|-damage|p1a: Togekiss|0 fnt
|faint|p1a: Togekiss
|
|-heal|p2a: Dracozolt|39/100|[from] item: Leftovers
|upkeep
|
|switch|p1a: Aegislash|Aegislash, M|100/100
|-damage|p1a: Aegislash|94/100|[from] Stealth Rock
|turn|38
|
|move|p2a: Dracozolt|Protect|p2a: Dracozolt
|-singleturn|p2a: Dracozolt|Protect
|move|p1a: Aegislash|Swords Dance|p1a: Aegislash
|-boost|p1a: Aegislash|atk|2
|
|-heal|p2a: Dracozolt|45/100|[from] item: Leftovers
|upkeep
|turn|39
|
|move|p1a: Aegislash|King's Shield|p1a: Aegislash
|-singleturn|p1a: Aegislash|Protect
|move|p2a: Dracozolt|Thunder Wave|p1a: Aegislash
|-status|p1a: Aegislash|par
|
|-heal|p2a: Dracozolt|52/100|[from] item: Leftovers
|upkeep
|turn|40
|
|move|p2a: Dracozolt|Protect|p2a: Dracozolt
|-singleturn|p2a: Dracozolt|Protect
|-formechange|p1a: Aegislash|Aegislash-Blade||[from] ability: Stance Change
|move|p1a: Aegislash|Sacred Sword|p2a: Dracozolt
|-activate|p2a: Dracozolt|move: Protect
|
|-heal|p2a: Dracozolt|58/100|[from] item: Leftovers
|upkeep
|turn|41
|
|move|p1a: Aegislash|Shadow Sneak|p2a: Dracozolt
|-damage|p2a: Dracozolt|24/100
|move|p2a: Dracozolt|Bolt Beak|p1a: Aegislash
|-damage|p1a: Aegislash|27/100 par
|
|-heal|p2a: Dracozolt|30/100|[from] item: Leftovers
|upkeep
|turn|42
|
|move|p1a: Aegislash|Shadow Sneak|p2a: Dracozolt
|-damage|p2a: Dracozolt|0 fnt
|faint|p2a: Dracozolt
|
|upkeep
|
|switch|p2a: Ferrothorn|Ferrothorn, M|89/100 brn
|-damage|p2a: Ferrothorn|83/100 brn|[from] Stealth Rock
|turn|43
|c|☆ElHondureno|GG
|
|cant|p1a: Aegislash|par
|move|p2a: Ferrothorn|Gyro Ball|p1a: Aegislash
|-resisted|p1a: Aegislash
|-damage|p1a: Aegislash|21/100 par
|
|-damage|p2a: Ferrothorn|77/100 brn|[from] brn
|upkeep
|turn|44
|c|☆ElHondureno|you wi
|c|☆ElHondureno|you win
|
|cant|p1a: Aegislash|par
|move|p2a: Ferrothorn|Gyro Ball|p1a: Aegislash
|-resisted|p1a: Aegislash
|-damage|p1a: Aegislash|15/100 par
|
|-damage|p2a: Ferrothorn|71/100 brn|[from] brn
|upkeep
|turn|45
|
|switch|p1a: Toxapex|Toxapex, F|100/100
|-damage|p1a: Toxapex|88/100|[from] Stealth Rock
|move|p2a: Ferrothorn|Protect||[still]
|-fail|p2a: Ferrothorn
|
|-damage|p2a: Ferrothorn|65/100 brn|[from] brn
|upkeep
|turn|46
|
|move|p1a: Toxapex|Scald|p2a: Ferrothorn
|-resisted|p2a: Ferrothorn
|-damage|p2a: Ferrothorn|58/100 brn
|move|p2a: Ferrothorn|Gyro Ball|p1a: Toxapex
|-resisted|p1a: Toxapex
|-damage|p1a: Toxapex|83/100
|-damage|p2a: Ferrothorn|42/100 brn|[from] item: Rocky Helmet|[of] p1a: Toxapex
|
|-damage|p2a: Ferrothorn|36/100 brn|[from] brn
|upkeep
|turn|47
|
|move|p1a: Toxapex|Scald|p2a: Ferrothorn
|-resisted|p2a: Ferrothorn
|-damage|p2a: Ferrothorn|29/100 brn
|move|p2a: Ferrothorn|Gyro Ball|p1a: Toxapex
|-resisted|p1a: Toxapex
|-damage|p1a: Toxapex|78/100
|-damage|p2a: Ferrothorn|12/100 brn|[from] item: Rocky Helmet|[of] p1a: Toxapex
|
|-damage|p2a: Ferrothorn|6/100 brn|[from] brn
|upkeep
|turn|48
|
|move|p1a: Toxapex|Scald|p2a: Ferrothorn
|-resisted|p2a: Ferrothorn
|-damage|p2a: Ferrothorn|0 fnt
|faint|p2a: Ferrothorn
|
|win|hibikisoukou
|raw|hibikisoukou's rating: 1000 → 1045(+45 for winning)
|raw|ElHondureno's rating: 1043 → 1025(-18 for losing)
