|ScrapeTime|2020-01-03-01:45:35
|j|☆Truddamane
|j|☆The Black Tetsuo
|player|p1|Truddamane|2|1199
|player|p2|The Black Tetsuo|pokemaniac-gen1|1154
|teamsize|p1|6
|teamsize|p2|6
|gametype|singles
|gen|8
|tier|[Gen 8] OU
|rated|
|rule|Sleep Clause Mod: Limit one foe put to sleep
|rule|Species Clause: Limit one of each Pokémon
|rule|OHKO Clause: OHKO moves are banned
|rule|Evasion Moves Clause: Evasion moves are banned
|rule|Endless Battle Clause: Forcing endless battles is banned
|rule|HP Percentage Mod: HP is shown in percentages
|clearpoke
|poke|p1|Seismitoad, M|
|poke|p1|Crawdaunt, F|
|poke|p1|Drednaw, M|
|poke|p1|Dracovish|
|poke|p1|Pelipper, M|
|poke|p1|Ferrothorn, M|
|poke|p2|Sandaconda, F|
|poke|p2|Lucario, F|
|poke|p2|Ribombee, M|
|poke|p2|Inteleon, M|
|poke|p2|Morpeko, F|
|poke|p2|Avalugg, M|
|rule|Dynamax Clause: You cannot dynamax
|teampreview
|j| yumyumboy
|
|start
|switch|p1a: Pelipper|Pelipper, M|100/100
|switch|p2a: Ribombee|Ribombee, M|100/100
|-weather|RainDance|[from] ability: Drizzle|[of] p1a: Pelipper
|turn|1
|
|switch|p1a: Dracovish|Dracovish|100/100
|move|p2a: Ribombee|Stun Spore|p1a: Dracovish
|-status|p1a: Dracovish|par
|
|-weather|RainDance|[upkeep]
|upkeep
|turn|2
|
|move|p2a: Ribombee|Sticky Web|p1a: Dracovish
|-sidestart|p1: Truddamane|move: Sticky Web
|move|p1a: Dracovish|Fishious Rend|p2a: Ribombee
|-enditem|p2a: Ribombee|Focus Sash
|-damage|p2a: Ribombee|1/100
|
|-weather|RainDance|[upkeep]
|upkeep
|turn|3
|
|move|p2a: Ribombee|Moonblast|p1a: Dracovish
|-supereffective|p1a: Dracovish
|-damage|p1a: Dracovish|3/100 par
|move|p1a: Dracovish|Fishious Rend|p2a: Ribombee
|-damage|p2a: Ribombee|0 fnt
|faint|p2a: Ribombee
|
|-weather|RainDance|[upkeep]
|upkeep
|
|switch|p2a: Morpeko|Morpeko, F|100/100
|turn|4
|
|move|p2a: Morpeko|Aura Wheel|p1a: Dracovish
|-damage|p1a: Dracovish|0 fnt
|-boost|p2a: Morpeko|spe|1
|-damage|p2a: Morpeko|91/100|[from] item: Life Orb
|faint|p1a: Dracovish
|
|-weather|RainDance|[upkeep]
|-formechange|p2a: Morpeko|Morpeko-Hangry||[from] ability: Hunger Switch
|upkeep
|
|switch|p1a: Seismitoad|Seismitoad, M|100/100
|-activate|p1a: Seismitoad|move: Sticky Web
|-unboost|p1a: Seismitoad|spe|1
|turn|5
|
|move|p2a: Morpeko|Seed Bomb|p1a: Seismitoad
|-supereffective|p1a: Seismitoad
|-damage|p1a: Seismitoad|0 fnt
|-damage|p2a: Morpeko|81/100|[from] item: Life Orb
|faint|p1a: Seismitoad
|
|-weather|RainDance|[upkeep]
|-formechange|p2a: Morpeko|Morpeko||[from] ability: Hunger Switch
|upkeep
|
|switch|p1a: Crawdaunt|Crawdaunt, F|100/100
|-activate|p1a: Crawdaunt|move: Sticky Web
|-unboost|p1a: Crawdaunt|spe|1
|turn|6
|
|move|p1a: Crawdaunt|Aqua Jet|p2a: Morpeko
|-damage|p2a: Morpeko|0 fnt
|faint|p2a: Morpeko
|
|-weather|RainDance|[upkeep]
|upkeep
|
|switch|p2a: Avalugg|Avalugg, M|100/100
|turn|7
|
|switch|p1a: Ferrothorn|Ferrothorn, M|100/100
|-activate|p1a: Ferrothorn|move: Sticky Web
|-unboost|p1a: Ferrothorn|spe|1
|move|p2a: Avalugg|Body Press|p1a: Ferrothorn
|-supereffective|p1a: Ferrothorn
|-crit|p1a: Ferrothorn
|-enditem|p1a: Ferrothorn|Chople Berry|[eat]
|-enditem|p1a: Ferrothorn|Chople Berry|[weaken]
|-damage|p1a: Ferrothorn|68/100
|-damage|p2a: Avalugg|88/100|[from] ability: Iron Barbs|[of] p1a: Ferrothorn
|
|-weather|RainDance|[upkeep]
|-heal|p2a: Avalugg|94/100|[from] item: Leftovers
|upkeep
|turn|8
|
|move|p2a: Avalugg|Body Press|p1a: Ferrothorn
|-supereffective|p1a: Ferrothorn
|-damage|p1a: Ferrothorn|21/100
|-damage|p2a: Avalugg|82/100|[from] ability: Iron Barbs|[of] p1a: Ferrothorn
|move|p1a: Ferrothorn|Toxic|p2a: Avalugg
|-status|p2a: Avalugg|tox
|
|-weather|none
|-heal|p2a: Avalugg|88/100 tox|[from] item: Leftovers
|-damage|p2a: Avalugg|82/100 tox|[from] psn
|upkeep
|turn|9
|
|switch|p1a: Pelipper|Pelipper, M|100/100
|-weather|RainDance|[from] ability: Drizzle|[of] p1a: Pelipper
|move|p2a: Avalugg|Body Press|p1a: Pelipper
|-resisted|p1a: Pelipper
|-damage|p1a: Pelipper|86/100
|
|-weather|RainDance|[upkeep]
|-heal|p2a: Avalugg|88/100 tox|[from] item: Leftovers
|-damage|p2a: Avalugg|76/100 tox|[from] psn
|upkeep
|turn|10
|
|move|p1a: Pelipper|Knock Off|p2a: Avalugg
|-damage|p2a: Avalugg|70/100 tox
|-enditem|p2a: Avalugg|Leftovers|[from] move: Knock Off|[of] p1a: Pelipper
|move|p2a: Avalugg|Heavy Slam|p1a: Pelipper
|-resisted|p1a: Pelipper
|-damage|p1a: Pelipper|74/100
|
|-weather|RainDance|[upkeep]
|-damage|p2a: Avalugg|52/100 tox|[from] psn
|upkeep
|turn|11
|
|move|p1a: Pelipper|Scald|p2a: Avalugg
|-damage|p2a: Avalugg|0 fnt
|faint|p2a: Avalugg
|
|-weather|RainDance|[upkeep]
|upkeep
|
|switch|p2a: Inteleon|Inteleon, M|100/100
|turn|12
|
|move|p2a: Inteleon|Ice Beam|p1a: Pelipper
|-damage|p1a: Pelipper|19/100
|-damage|p2a: Inteleon|91/100|[from] item: Life Orb
|move|p1a: Pelipper|Knock Off|p2a: Inteleon
|-damage|p2a: Inteleon|68/100
|-enditem|p2a: Inteleon|Life Orb|[from] move: Knock Off|[of] p1a: Pelipper
|
|-weather|RainDance|[upkeep]
|upkeep
|turn|13
|
|move|p2a: Inteleon|Ice Beam|p1a: Pelipper
|-damage|p1a: Pelipper|0 fnt
|faint|p1a: Pelipper
|
|-weather|RainDance|[upkeep]
|upkeep
|
|switch|p1a: Ferrothorn|Ferrothorn, M|21/100
|-activate|p1a: Ferrothorn|move: Sticky Web
|-unboost|p1a: Ferrothorn|spe|1
|turn|14
|
|move|p2a: Inteleon|Ice Beam|p1a: Ferrothorn
|-damage|p1a: Ferrothorn|0 fnt
|faint|p1a: Ferrothorn
|
|-weather|RainDance|[upkeep]
|upkeep
|
|switch|p1a: Crawdaunt|Crawdaunt, F|100/100
|-activate|p1a: Crawdaunt|move: Sticky Web
|-unboost|p1a: Crawdaunt|spe|1
|turn|15
|
|move|p1a: Crawdaunt|Aqua Jet|p2a: Inteleon
|-resisted|p2a: Inteleon
|-damage|p2a: Inteleon|10/100
|move|p2a: Inteleon|Snipe Shot|p1a: Crawdaunt
|-resisted|p1a: Crawdaunt
|-crit|p1a: Crawdaunt
|-damage|p1a: Crawdaunt|0 fnt
|faint|p1a: Crawdaunt
|
|-weather|RainDance|[upkeep]
|upkeep
|
|switch|p1a: Drednaw|Drednaw, M|100/100
|-activate|p1a: Drednaw|move: Sticky Web
|-unboost|p1a: Drednaw|spe|1
|turn|16
|
|move|p2a: Inteleon|Snipe Shot|p1a: Drednaw
|-damage|p1a: Drednaw|0 fnt
|faint|p1a: Drednaw
|
|win|The Black Tetsuo
|j| bobpoppa
|l|☆Truddamane
|c|☆The Black Tetsuo|ahahaha
|c| yumyumboy|YO
|raw|Truddamane's rating: 1200 → 1171(-29 for losing)
|raw|The Black Tetsuo's rating: 1154 → 1182(+28 for winning)
|c| yumyumboy|LOL
