|ScrapeTime|2020-01-02-09:25:00
|j|☆jupathetic
|j|☆Thinning the herd
|player|p1|jupathetic|114|1786
|player|p2|Thinning the herd|gentleman|1791
|teamsize|p1|6
|teamsize|p2|6
|gametype|singles
|gen|8
|tier|[Gen 8] OU
|rated|
|rule|Sleep Clause Mod: Limit one foe put to sleep
|rule|Species Clause: Limit one of each Pokémon
|rule|OHKO Clause: OHKO moves are banned
|rule|Evasion Moves Clause: Evasion moves are banned
|rule|Endless Battle Clause: Forcing endless battles is banned
|rule|HP Percentage Mod: HP is shown in percentages
|clearpoke
|poke|p1|Cinderace, M|
|poke|p1|Tyranitar, F|
|poke|p1|Dragapult, M|
|poke|p1|Hatterene, F|
|poke|p1|Corviknight, F|
|poke|p1|Seismitoad, F|
|poke|p2|Mr. Mime-Galar, M|
|poke|p2|Sirfetch'd, F|
|poke|p2|Frosmoth, F|
|poke|p2|Polteageist|
|poke|p2|Mew|
|poke|p2|Accelgor, M|
|rule|Dynamax Clause: You cannot dynamax
|teampreview
|j| master of miss
|j| IdolsAndAnchorsss
|j| NoobOnALaptop
|inactive|Battle timer is ON: inactive players will automatically lose when time's up. (requested by jupathetic)
|
|start
|switch|p1a: Dragapult|Dragapult, M|100/100
|switch|p2a: Accelgor|Accelgor, M|100/100
|turn|1
|j| No kitty!
|
|move|p2a: Accelgor|Spikes|p1a: Dragapult
|-sidestart|p1: jupathetic|Spikes
|move|p1a: Dragapult|Shadow Ball|p2a: Accelgor
|-damage|p2a: Accelgor|20/100
|
|upkeep
|turn|2
|j| Narmanitan
|j| Scald Er What?
|
|move|p2a: Accelgor|Spikes|p1a: Dragapult
|-sidestart|p1: jupathetic|Spikes
|move|p1a: Dragapult|Shadow Ball|p2a: Accelgor
|-damage|p2a: Accelgor|0 fnt
|faint|p2a: Accelgor
|
|upkeep
|
|switch|p2a: Mr. Mime|Mr. Mime-Galar, M|100/100
|turn|3
|
|move|p1a: Dragapult|Shadow Ball|p2a: Mr. Mime
|-supereffective|p2a: Mr. Mime
|-enditem|p2a: Mr. Mime|Focus Sash
|-damage|p2a: Mr. Mime|1/100
|move|p2a: Mr. Mime|Rapid Spin|p1a: Dragapult
|-immune|p1a: Dragapult
|
|upkeep
|turn|4
|
|move|p1a: Dragapult|Shadow Ball|p2a: Mr. Mime
|-supereffective|p2a: Mr. Mime
|-damage|p2a: Mr. Mime|0 fnt
|faint|p2a: Mr. Mime
|
|upkeep
|
|switch|p2a: Polteageist|Polteageist|100/100
|turn|5
|j| Low Ladder Skills
|
|move|p1a: Dragapult|Shadow Ball|p2a: Polteageist
|-supereffective|p2a: Polteageist
|-enditem|p2a: Polteageist|Focus Sash
|-damage|p2a: Polteageist|1/100
|move|p2a: Polteageist|Shell Smash|p2a: Polteageist
|-unboost|p2a: Polteageist|def|1
|-unboost|p2a: Polteageist|spd|1
|-boost|p2a: Polteageist|atk|2
|-boost|p2a: Polteageist|spa|2
|-boost|p2a: Polteageist|spe|2
|
|upkeep
|turn|6
|l| Low Ladder Skills
|j| VInceology
|j| scp233
|
|switch|p1a: Tyranitar|Tyranitar, F|100/100
|-damage|p1a: Tyranitar|84/100|[from] Spikes
|-weather|Sandstorm|[from] ability: Sand Stream|[of] p1a: Tyranitar
|move|p2a: Polteageist|Giga Drain|p1a: Tyranitar
|-supereffective|p1a: Tyranitar
|-damage|p1a: Tyranitar|8/100
|-heal|p2a: Polteageist|53/100|[from] drain|[of] p1a: Tyranitar
|
|-weather|Sandstorm|[upkeep]
|-damage|p2a: Polteageist|47/100|[from] Sandstorm
|-heal|p1a: Tyranitar|14/100|[from] item: Leftovers
|upkeep
|turn|7
|
|move|p2a: Polteageist|Giga Drain|p1a: Tyranitar
|-supereffective|p1a: Tyranitar
|-damage|p1a: Tyranitar|0 fnt
|-heal|p2a: Polteageist|56/100|[from] drain|[of] p1a: Tyranitar
|faint|p1a: Tyranitar
|
|-weather|Sandstorm|[upkeep]
|-damage|p2a: Polteageist|50/100|[from] Sandstorm
|upkeep
|
|switch|p1a: Corviknight|Corviknight, F|100/100
|-ability|p1a: Corviknight|Pressure
|turn|8
|
|move|p2a: Polteageist|Shadow Ball|p1a: Corviknight
|-damage|p1a: Corviknight|24/100
|move|p1a: Corviknight|Brave Bird|p2a: Polteageist
|-damage|p2a: Polteageist|0 fnt
|-damage|p1a: Corviknight|14/100|[from] Recoil
|faint|p2a: Polteageist
|
|-weather|Sandstorm|[upkeep]
|-heal|p1a: Corviknight|20/100|[from] item: Leftovers
|upkeep
|j| habajiga
|
|switch|p2a: Mew|Mew|100/100
|turn|9
|
|move|p2a: Mew|Stealth Rock|p1a: Corviknight
|-sidestart|p1: jupathetic|move: Stealth Rock
|move|p1a: Corviknight|U-turn|p2a: Mew
|-supereffective|p2a: Mew
|-damage|p2a: Mew|71/100
|
|switch|p1a: Cinderace|Cinderace, M|100/100|[from]move: U-turn
|
|-weather|Sandstorm|[upkeep]
|-damage|p1a: Cinderace|95/100|[from] Sandstorm
|-damage|p2a: Mew|64/100|[from] Sandstorm
|upkeep
|turn|10
|
|move|p1a: Cinderace|Court Change|p1a: Cinderace
|-sideend|p1: jupathetic|Spikes|[silent]
|-sidestart|p2: Thinning the herd|Spikes|[silent]
|-sidestart|p2: Thinning the herd|Spikes|[silent]
|-sideend|p1: jupathetic|Stealth Rock|[silent]
|-sidestart|p2: Thinning the herd|Stealth Rock|[silent]
|-activate|p1a: Cinderace|move: Court Change
|move|p2a: Mew|Self-Destruct|p1a: Cinderace
|-damage|p1a: Cinderace|33/100
|faint|p2a: Mew
|
|-weather|none
|upkeep
|-message|Thinning the herd forfeited.
|
|win|jupathetic
|l|☆Thinning the herd
|raw|jupathetic's rating: 1786 → 1806(+20 for winning)
|raw|Thinning the herd's rating: 1791 → 1771(-20 for losing)
|l| IdolsAndAnchorsss
|l| No kitty!
|l|☆jupathetic
|l| master of miss
|l| Scald Er What?
|l| VInceology
