|ScrapeTime|2020-01-02-00:05:29
|j|☆mdsxm
|j|☆Tommy Johnson
|player|p1|mdsxm|285|1106
|player|p2|Tommy Johnson|101|1095
|teamsize|p1|6
|teamsize|p2|6
|gametype|singles
|gen|8
|tier|[Gen 8] OU
|rated|
|rule|Sleep Clause Mod: Limit one foe put to sleep
|rule|Species Clause: Limit one of each Pokémon
|rule|OHKO Clause: OHKO moves are banned
|rule|Evasion Moves Clause: Evasion moves are banned
|rule|Endless Battle Clause: Forcing endless battles is banned
|rule|HP Percentage Mod: HP is shown in percentages
|clearpoke
|poke|p1|Corviknight, M|
|poke|p1|Grimmsnarl, M|
|poke|p1|Slurpuff, F|
|poke|p1|Haxorus, M|
|poke|p1|Rhyperior, F|
|poke|p1|Dracozolt|
|poke|p2|Clefable, F|
|poke|p2|Quagsire, F|
|poke|p2|Reuniclus, F|
|poke|p2|Toxapex, M|
|poke|p2|Mandibuzz, F|
|poke|p2|Appletun, M|
|rule|Dynamax Clause: You cannot dynamax
|teampreview
|inactive|Battle timer is ON: inactive players will automatically lose when time's up. (requested by mdsxm)
|
|start
|switch|p1a: Dracozolt|Dracozolt|100/100
|switch|p2a: Appletun|Appletun, M, shiny|100/100
|turn|1
|
|move|p1a: Dracozolt|Dragon Rush|p2a: Appletun|[miss]
|-miss|p1a: Dracozolt|p2a: Appletun
|-enditem|p1a: Dracozolt|Blunder Policy
|-boost|p1a: Dracozolt|spe|2
|move|p2a: Appletun|Amnesia|p2a: Appletun
|-boost|p2a: Appletun|spd|2
|
|upkeep
|turn|2
|
|move|p1a: Dracozolt|Dragon Rush|p2a: Appletun
|-supereffective|p2a: Appletun
|-damage|p2a: Appletun|0 fnt
|faint|p2a: Appletun
|
|upkeep
|
|switch|p2a: Quagsire|Quagsire, F, shiny|100/100
|turn|3
|
|move|p1a: Dracozolt|Dragon Rush|p2a: Quagsire
|-damage|p2a: Quagsire|54/100
|cant|p2a: Quagsire|flinch
|
|-heal|p2a: Quagsire|60/100|[from] item: Leftovers
|upkeep
|turn|4
|
|move|p1a: Dracozolt|Dragon Rush|p2a: Quagsire|[miss]
|-miss|p1a: Dracozolt|p2a: Quagsire
|move|p2a: Quagsire|Recover|p2a: Quagsire
|-heal|p2a: Quagsire|100/100
|
|upkeep
|turn|5
|
|switch|p1a: Slurpuff|Slurpuff, F, shiny|100/100
|move|p2a: Quagsire|Earthquake|p1a: Slurpuff
|-damage|p1a: Slurpuff|68/100
|
|upkeep
|turn|6
|
|move|p1a: Slurpuff|Sticky Web|p2a: Quagsire
|-sidestart|p2: Tommy Johnson|move: Sticky Web
|move|p2a: Quagsire|Toxic|p1a: Slurpuff
|-status|p1a: Slurpuff|tox
|
|-damage|p1a: Slurpuff|62/100 tox|[from] psn
|upkeep
|turn|7
|
|switch|p2a: Toxapex|Toxapex, M, shiny|100/100
|-activate|p2a: Toxapex|move: Sticky Web
|-unboost|p2a: Toxapex|spe|1
|move|p1a: Slurpuff|Yawn|p2a: Toxapex
|-start|p2a: Toxapex|move: Yawn|[of] p1a: Slurpuff
|
|-damage|p1a: Slurpuff|50/100 tox|[from] psn
|upkeep
|turn|8
|
|move|p1a: Slurpuff|Flamethrower|p2a: Toxapex
|-resisted|p2a: Toxapex
|-damage|p2a: Toxapex|93/100
|move|p2a: Toxapex|Toxic Spikes|p1a: Slurpuff
|-sidestart|p1: mdsxm|move: Toxic Spikes
|
|-heal|p2a: Toxapex|99/100|[from] item: Black Sludge
|-damage|p1a: Slurpuff|32/100 tox|[from] psn
|-end|p2a: Toxapex|move: Yawn|[silent]
|-status|p2a: Toxapex|slp
|upkeep
|turn|9
|
|switch|p2a: Clefable|Clefable, F, shiny|100/100
|-activate|p2a: Clefable|move: Sticky Web
|-unboost|p2a: Clefable|spe|1
|move|p1a: Slurpuff|Endeavor|p2a: Clefable
|-damage|p2a: Clefable|29/100
|
|-heal|p2a: Clefable|36/100|[from] item: Leftovers
|-damage|p1a: Slurpuff|8/100 tox|[from] psn
|upkeep
|turn|10
|
|move|p2a: Clefable|Protect|p2a: Clefable
|-singleturn|p2a: Clefable|Protect
|move|p1a: Slurpuff|Flamethrower|p2a: Clefable
|-activate|p2a: Clefable|move: Protect
|
|-heal|p2a: Clefable|42/100|[from] item: Leftovers
|-damage|p1a: Slurpuff|0 fnt|[from] psn
|faint|p1a: Slurpuff
|upkeep
|
|switch|p1a: Corviknight|Corviknight, M|100/100
|turn|11
|
|switch|p2a: Quagsire|Quagsire, F, shiny|100/100
|-activate|p2a: Quagsire|move: Sticky Web
|-unboost|p2a: Quagsire|spe|1
|move|p1a: Corviknight|Bulk Up|p1a: Corviknight
|-boost|p1a: Corviknight|atk|1
|-boost|p1a: Corviknight|def|1
|
|upkeep
|turn|12
|
|move|p1a: Corviknight|Bulk Up|p1a: Corviknight
|-boost|p1a: Corviknight|atk|1
|-boost|p1a: Corviknight|def|1
|move|p2a: Quagsire|Scald|p1a: Corviknight
|-damage|p1a: Corviknight|87/100
|
|upkeep
|turn|13
|
|move|p1a: Corviknight|Bulk Up|p1a: Corviknight
|-boost|p1a: Corviknight|atk|1
|-boost|p1a: Corviknight|def|1
|move|p2a: Quagsire|Scald|p1a: Corviknight
|-damage|p1a: Corviknight|73/100
|
|upkeep
|turn|14
|
|move|p1a: Corviknight|Bulk Up|p1a: Corviknight
|-boost|p1a: Corviknight|atk|1
|-boost|p1a: Corviknight|def|1
|move|p2a: Quagsire|Scald|p1a: Corviknight
|-damage|p1a: Corviknight|59/100
|
|upkeep
|turn|15
|
|move|p1a: Corviknight|Bulk Up|p1a: Corviknight
|-boost|p1a: Corviknight|atk|1
|-boost|p1a: Corviknight|def|1
|move|p2a: Quagsire|Scald|p1a: Corviknight
|-damage|p1a: Corviknight|45/100
|-status|p1a: Corviknight|brn
|
|-damage|p1a: Corviknight|39/100 brn|[from] brn
|upkeep
|turn|16
|
|move|p1a: Corviknight|Roost|p1a: Corviknight
|-heal|p1a: Corviknight|89/100 brn
|-singleturn|p1a: Corviknight|move: Roost
|move|p2a: Quagsire|Scald|p1a: Corviknight
|-damage|p1a: Corviknight|74/100 brn
|
|-damage|p1a: Corviknight|68/100 brn|[from] brn
|upkeep
|turn|17
|
|move|p1a: Corviknight|Bulk Up|p1a: Corviknight
|-boost|p1a: Corviknight|atk|1
|-boost|p1a: Corviknight|def|1
|move|p2a: Quagsire|Scald|p1a: Corviknight
|-damage|p1a: Corviknight|53/100 brn
|
|-damage|p1a: Corviknight|47/100 brn|[from] brn
|upkeep
|turn|18
|
|move|p1a: Corviknight|Agility|p1a: Corviknight
|-boost|p1a: Corviknight|spe|2
|move|p2a: Quagsire|Earthquake|p1a: Corviknight
|-immune|p1a: Corviknight
|
|-damage|p1a: Corviknight|41/100 brn|[from] brn
|upkeep
|turn|19
|
|move|p1a: Corviknight|Roost|p1a: Corviknight
|-heal|p1a: Corviknight|91/100 brn
|-singleturn|p1a: Corviknight|move: Roost
|move|p2a: Quagsire|Earthquake|p1a: Corviknight
|-supereffective|p1a: Corviknight
|-damage|p1a: Corviknight|37/100 brn
|-enditem|p1a: Corviknight|Weakness Policy
|-boost|p1a: Corviknight|atk|0
|-boost|p1a: Corviknight|spa|2
|
|-damage|p1a: Corviknight|31/100 brn|[from] brn
|upkeep
|turn|20
|
|move|p1a: Corviknight|Roost|p1a: Corviknight
|-heal|p1a: Corviknight|81/100 brn
|-singleturn|p1a: Corviknight|move: Roost
|move|p2a: Quagsire|Earthquake|p1a: Corviknight
|-supereffective|p1a: Corviknight
|-damage|p1a: Corviknight|29/100 brn
|
|-damage|p1a: Corviknight|23/100 brn|[from] brn
|upkeep
|turn|21
|
|move|p1a: Corviknight|Agility|p1a: Corviknight
|-boost|p1a: Corviknight|spe|2
|move|p2a: Quagsire|Scald|p1a: Corviknight
|-damage|p1a: Corviknight|9/100 brn
|
|-damage|p1a: Corviknight|3/100 brn|[from] brn
|upkeep
|turn|22
|
|move|p1a: Corviknight|Roost|p1a: Corviknight
|-heal|p1a: Corviknight|53/100 brn
|-singleturn|p1a: Corviknight|move: Roost
|move|p2a: Quagsire|Earthquake|p1a: Corviknight
|-supereffective|p1a: Corviknight
|-damage|p1a: Corviknight|0 fnt
|faint|p1a: Corviknight
|
|upkeep
|c|☆Tommy Johnson|wayyyyyyyyyyyyyy
|
|switch|p1a: Haxorus|Haxorus, M, shiny|100/100
|-status|p1a: Haxorus|psn
|-ability|p1a: Haxorus|Mold Breaker
|turn|23
|
|move|p1a: Haxorus|Swords Dance|p1a: Haxorus
|-boost|p1a: Haxorus|atk|2
|move|p2a: Quagsire|Earthquake|p1a: Haxorus
|-damage|p1a: Haxorus|62/100 psn
|
|-damage|p1a: Haxorus|50/100 psn|[from] psn
|upkeep
|turn|24
|
|move|p1a: Haxorus|Close Combat|p2a: Quagsire
|-damage|p2a: Quagsire|20/100
|-unboost|p1a: Haxorus|def|1
|-unboost|p1a: Haxorus|spd|1
|-damage|p1a: Haxorus|40/100 psn|[from] item: Life Orb
|move|p2a: Quagsire|Earthquake|p1a: Haxorus
|-damage|p1a: Haxorus|4/100 psn
|
|-heal|p2a: Quagsire|26/100|[from] item: Leftovers
|-damage|p1a: Haxorus|0 fnt|[from] psn
|faint|p1a: Haxorus
|upkeep
|
|switch|p1a: Dracozolt|Dracozolt|100/100
|-status|p1a: Dracozolt|psn
|turn|25
|
|move|p1a: Dracozolt|Dragon Rush|p2a: Quagsire
|-damage|p2a: Quagsire|0 fnt
|faint|p2a: Quagsire
|
|-damage|p1a: Dracozolt|88/100 psn|[from] psn
|upkeep
|
|switch|p2a: Mandibuzz|Mandibuzz, F|100/100
|turn|26
|
|move|p1a: Dracozolt|Bolt Beak|p2a: Mandibuzz
|-supereffective|p2a: Mandibuzz
|-damage|p2a: Mandibuzz|0 fnt
|faint|p2a: Mandibuzz
|
|-damage|p1a: Dracozolt|76/100 psn|[from] psn
|upkeep
|
|switch|p2a: Reuniclus|Reuniclus, F, shiny|100/100
|-activate|p2a: Reuniclus|move: Sticky Web
|-unboost|p2a: Reuniclus|spe|1
|turn|27
|
|move|p1a: Dracozolt|Bolt Beak|p2a: Reuniclus
|-damage|p2a: Reuniclus|4/100
|move|p2a: Reuniclus|Acid Armor|p2a: Reuniclus
|-boost|p2a: Reuniclus|def|2
|
|-heal|p2a: Reuniclus|10/100|[from] item: Leftovers
|-damage|p1a: Dracozolt|63/100 psn|[from] psn
|upkeep
|turn|28
|
|move|p1a: Dracozolt|Bolt Beak|p2a: Reuniclus
|-damage|p2a: Reuniclus|0 fnt
|faint|p2a: Reuniclus
|
|-damage|p1a: Dracozolt|51/100 psn|[from] psn
|upkeep
|
|switch|p2a: Clefable|Clefable, F, shiny|42/100
|-activate|p2a: Clefable|move: Sticky Web
|-unboost|p2a: Clefable|spe|1
|turn|29
|
|move|p2a: Clefable|Protect|p2a: Clefable
|-singleturn|p2a: Clefable|Protect
|move|p1a: Dracozolt|Bolt Beak|p2a: Clefable
|-activate|p2a: Clefable|move: Protect
|
|-heal|p2a: Clefable|48/100|[from] item: Leftovers
|-damage|p1a: Dracozolt|39/100 psn|[from] psn
|upkeep
|turn|30
|
|move|p1a: Dracozolt|Bolt Beak|p2a: Clefable
|-damage|p2a: Clefable|0 fnt
|faint|p2a: Clefable
|
|-damage|p1a: Dracozolt|26/100 psn|[from] psn
|upkeep
|
|switch|p2a: Toxapex|Toxapex, M, shiny|100/100 slp
|-activate|p2a: Toxapex|move: Sticky Web
|-unboost|p2a: Toxapex|spe|1
|turn|31
|
|move|p1a: Dracozolt|Bolt Beak|p2a: Toxapex
|-supereffective|p2a: Toxapex
|-damage|p2a: Toxapex|0 fnt
|faint|p2a: Toxapex
|
|win|mdsxm
|l|☆Tommy Johnson
|raw|mdsxm's rating: 1106 → 1130(+24 for winning)
|raw|Tommy Johnson's rating: 1095 → 1072(-23 for losing)
