|ScrapeTime|2020-01-01-17:16:41
|j|☆Char11
|j|☆MikiPonsy
|player|p1|Char11|265|1108
|player|p2|MikiPonsy|1|1127
|teamsize|p1|6
|teamsize|p2|6
|gametype|singles
|gen|8
|tier|[Gen 8] OU
|rated|
|rule|Sleep Clause Mod: Limit one foe put to sleep
|rule|Species Clause: Limit one of each Pokémon
|rule|OHKO Clause: OHKO moves are banned
|rule|Evasion Moves Clause: Evasion moves are banned
|rule|Endless Battle Clause: Forcing endless battles is banned
|rule|HP Percentage Mod: HP is shown in percentages
|clearpoke
|poke|p1|Grimmsnarl, M|
|poke|p1|Kommo-o, F|
|poke|p1|Polteageist|
|poke|p1|Mew|
|poke|p1|Bisharp, M|
|poke|p1|Conkeldurr, M|
|poke|p2|Toxtricity, M|
|poke|p2|Pincurchin, M|
|poke|p2|Dracozolt|
|poke|p2|Corviknight, F|
|poke|p2|Ferrothorn, F|
|poke|p2|Lucario, M|
|rule|Dynamax Clause: You cannot dynamax
|teampreview
|
|start
|switch|p1a: Mew|Mew|100/100
|switch|p2a: Pincurchin|Pincurchin, M|100/100
|-fieldstart|move: Electric Terrain|[from] ability: Electric Surge|[of] p2a: Pincurchin
|turn|1
|
|move|p1a: Mew|Taunt|p2a: Pincurchin
|-start|p2a: Pincurchin|move: Taunt
|move|p2a: Pincurchin|Zing Zap|p1a: Mew
|-damage|p1a: Mew|58/100
|
|upkeep
|turn|2
|inactive|Battle timer is ON: inactive players will automatically lose when time's up. (requested by Char11)
|
|move|p1a: Mew|Stealth Rock|p2a: Pincurchin
|-sidestart|p2: MikiPonsy|move: Stealth Rock
|move|p2a: Pincurchin|Zing Zap|p1a: Mew
|-damage|p1a: Mew|18/100
|
|upkeep
|turn|3
|
|move|p1a: Mew|Spikes|p2a: Pincurchin
|-sidestart|p2: MikiPonsy|Spikes
|move|p2a: Pincurchin|Zing Zap|p1a: Mew
|-damage|p1a: Mew|0 fnt
|faint|p1a: Mew
|
|-end|p2a: Pincurchin|move: Taunt
|upkeep
|
|switch|p1a: Grimmsnarl|Grimmsnarl, M|100/100
|turn|4
|
|switch|p2a: Corviknight|Corviknight, F|100/100
|-damage|p2a: Corviknight|88/100|[from] Stealth Rock
|move|p1a: Grimmsnarl|Reflect|p1a: Grimmsnarl
|-sidestart|p1: Char11|Reflect
|
|-heal|p2a: Corviknight|94/100|[from] item: Leftovers
|upkeep
|turn|5
|
|move|p1a: Grimmsnarl|Taunt|p2a: Corviknight
|-start|p2a: Corviknight|move: Taunt
|cant|p2a: Corviknight|move: Taunt|Defog
|
|-heal|p2a: Corviknight|100/100|[from] item: Leftovers
|upkeep
|turn|6
|inactive|Char11 has 120 seconds left.
|
|switch|p1a: Conkeldurr|Conkeldurr, M|100/100
|move|p2a: Corviknight|Body Press|p1a: Conkeldurr
|-damage|p1a: Conkeldurr|90/100
|
|-status|p1a: Conkeldurr|brn|[from] item: Flame Orb
|upkeep
|turn|7
|
|move|p2a: Corviknight|Body Press|p1a: Conkeldurr
|-damage|p1a: Conkeldurr|78/100 brn
|move|p1a: Conkeldurr|Drain Punch|p2a: Corviknight
|-damage|p2a: Corviknight|61/100
|-heal|p1a: Conkeldurr|97/100 brn|[from] drain|[of] p2a: Corviknight
|
|-heal|p2a: Corviknight|68/100|[from] item: Leftovers
|-damage|p1a: Conkeldurr|91/100 brn|[from] brn
|-end|p2a: Corviknight|move: Taunt
|upkeep
|turn|8
|inactive|Char11 has 120 seconds left.
|
|switch|p1a: Bisharp|Bisharp, M|100/100
|move|p2a: Corviknight|Defog|p1a: Bisharp
|-unboost|p1a: Bisharp|evasion|1
|-ability|p1a: Bisharp|Defiant
|-boost|p1a: Bisharp|atk|2
|-sideend|p1: Char11|Reflect
|-sideend|p2: MikiPonsy|Spikes|[from] move: Defog|[of] p2a: Corviknight
|-sideend|p2: MikiPonsy|Stealth Rock|[from] move: Defog|[of] p2a: Corviknight
|-fieldend|move: Electric Terrain
|
|-heal|p2a: Corviknight|74/100|[from] item: Leftovers
|upkeep
|turn|9
|
|move|p1a: Bisharp|Throat Chop|p2a: Corviknight
|-damage|p2a: Corviknight|14/100
|-start|p2a: Corviknight|Throat Chop|[silent]
|move|p2a: Corviknight|Body Press|p1a: Bisharp
|-supereffective|p1a: Bisharp
|-damage|p1a: Bisharp|0 fnt
|faint|p1a: Bisharp
|
|-heal|p2a: Corviknight|20/100|[from] item: Leftovers
|upkeep
|inactive|Char11 has 90 seconds left.
|
|switch|p1a: Kommo-o|Kommo-o, F|100/100
|turn|10
|
|switch|p2a: Pincurchin|Pincurchin, M|100/100
|-fieldstart|move: Electric Terrain|[from] ability: Electric Surge|[of] p2a: Pincurchin
|move|p1a: Kommo-o|Flamethrower|p2a: Pincurchin
|-damage|p2a: Pincurchin|63/100
|
|upkeep
|turn|11
|
|switch|p1a: Conkeldurr|Conkeldurr, M|91/100 brn
|switch|p2a: Dracozolt|Dracozolt|100/100
|
|-damage|p1a: Conkeldurr|85/100 brn|[from] brn
|upkeep
|turn|12
|
|move|p2a: Dracozolt|Bolt Beak|p1a: Conkeldurr
|-damage|p1a: Conkeldurr|0 fnt
|faint|p1a: Conkeldurr
|
|upkeep
|inactive|Char11 has 60 seconds left.
|
|switch|p1a: Polteageist|Polteageist|100/100
|turn|13
|inactive|MikiPonsy has 120 seconds left.
|
|move|p1a: Polteageist|Shell Smash|p1a: Polteageist
|-unboost|p1a: Polteageist|def|1
|-unboost|p1a: Polteageist|spd|1
|-boost|p1a: Polteageist|atk|2
|-boost|p1a: Polteageist|spa|2
|-boost|p1a: Polteageist|spe|2
|move|p2a: Dracozolt|Bolt Beak|p1a: Polteageist
|-enditem|p1a: Polteageist|Focus Sash
|-damage|p1a: Polteageist|1/100
|-ability|p1a: Polteageist|Weak Armor|boost
|-unboost|p1a: Polteageist|def|1
|-boost|p1a: Polteageist|spe|2
|
|upkeep
|turn|14
|
|move|p1a: Polteageist|Shadow Ball|p2a: Dracozolt
|-damage|p2a: Dracozolt|0 fnt
|faint|p2a: Dracozolt
|
|upkeep
|inactive|MikiPonsy has 120 seconds left.
|
|switch|p2a: Ferrothorn|Ferrothorn, F|100/100
|turn|15
|
|move|p1a: Polteageist|Shadow Ball|p2a: Ferrothorn
|-damage|p2a: Ferrothorn|39/100
|move|p2a: Ferrothorn|Leech Seed|p1a: Polteageist
|-start|p1a: Polteageist|move: Leech Seed
|
|-heal|p2a: Ferrothorn|45/100|[from] item: Leftovers
|-damage|p1a: Polteageist|0 fnt|[from] Leech Seed|[of] p2a: Ferrothorn
|-heal|p2a: Ferrothorn|45/100|[silent]
|faint|p1a: Polteageist
|upkeep
|
|switch|p1a: Grimmsnarl|Grimmsnarl, M|100/100
|turn|16
|
|move|p1a: Grimmsnarl|Taunt|p2a: Ferrothorn
|-start|p2a: Ferrothorn|move: Taunt
|cant|p2a: Ferrothorn|move: Taunt|Leech Seed
|
|-heal|p2a: Ferrothorn|52/100|[from] item: Leftovers
|upkeep
|turn|17
|
|switch|p1a: Kommo-o|Kommo-o, F|100/100
|move|p2a: Ferrothorn|Power Whip|p1a: Kommo-o
|-resisted|p1a: Kommo-o
|-damage|p1a: Kommo-o|82/100
|
|-heal|p2a: Ferrothorn|58/100|[from] item: Leftovers
|-fieldend|move: Electric Terrain
|upkeep
|turn|18
|
|switch|p2a: Pincurchin|Pincurchin, M|63/100
|-fieldstart|move: Electric Terrain|[from] ability: Electric Surge|[of] p2a: Pincurchin
|move|p1a: Kommo-o|Clangorous Soul|p1a: Kommo-o
|-boost|p1a: Kommo-o|atk|1
|-boost|p1a: Kommo-o|def|1
|-boost|p1a: Kommo-o|spa|1
|-boost|p1a: Kommo-o|spd|1
|-boost|p1a: Kommo-o|spe|1
|-damage|p1a: Kommo-o|49/100
|-enditem|p1a: Kommo-o|Throat Spray
|-boost|p1a: Kommo-o|spa|1
|
|upkeep
|turn|19
|inactive|Char11 has 90 seconds left.
|
|move|p1a: Kommo-o|Flamethrower|p2a: Pincurchin
|-damage|p2a: Pincurchin|0 fnt
|faint|p2a: Pincurchin
|
|upkeep
|
|switch|p2a: Lucario|Lucario, M|100/100
|turn|20
|
|move|p2a: Lucario|Psychic|p1a: Kommo-o
|-supereffective|p1a: Kommo-o
|-damage|p1a: Kommo-o|7/100
|move|p1a: Kommo-o|Flamethrower|p2a: Lucario
|-supereffective|p2a: Lucario
|-damage|p2a: Lucario|0 fnt
|faint|p2a: Lucario
|
|upkeep
|
|switch|p2a: Ferrothorn|Ferrothorn, F|58/100
|turn|21
|
|move|p2a: Ferrothorn|Protect|p2a: Ferrothorn
|-singleturn|p2a: Ferrothorn|Protect
|move|p1a: Kommo-o|Flamethrower|p2a: Ferrothorn
|-activate|p2a: Ferrothorn|move: Protect
|
|-heal|p2a: Ferrothorn|64/100|[from] item: Leftovers
|upkeep
|turn|22
|
|move|p1a: Kommo-o|Flamethrower|p2a: Ferrothorn
|-supereffective|p2a: Ferrothorn
|-damage|p2a: Ferrothorn|0 fnt
|faint|p2a: Ferrothorn
|
|upkeep
|
|switch|p2a: Corviknight|Corviknight, F|20/100
|turn|23
|
|move|p1a: Kommo-o|Flamethrower|p2a: Corviknight
|-supereffective|p2a: Corviknight
|-damage|p2a: Corviknight|0 fnt
|faint|p2a: Corviknight
|
|upkeep
|
|switch|p2a: Toxtricity|Toxtricity, M|100/100
|turn|24
|c|☆Char11|i was just waiting for chip on corviknight and ferrothorn to start my sweep
|
|move|p1a: Kommo-o|Clanging Scales|p2a: Toxtricity
|-damage|p2a: Toxtricity|30/100
|-unboost|p1a: Kommo-o|def|1
|move|p2a: Toxtricity|Shift Gear|p2a: Toxtricity
|-boost|p2a: Toxtricity|spe|2
|-boost|p2a: Toxtricity|atk|1
|
|upkeep
|turn|25
|
|move|p2a: Toxtricity|Boomburst|p1a: Kommo-o
|-immune|p1a: Kommo-o|[from] ability: Soundproof
|move|p1a: Kommo-o|Clanging Scales|p2a: Toxtricity
|-damage|p2a: Toxtricity|0 fnt
|-unboost|p1a: Kommo-o|def|1
|faint|p2a: Toxtricity
|
|win|Char11
|c|☆MikiPonsy|p
|raw|Char11's rating: 1109 → 1135(+26 for winning)
|raw|MikiPonsy's rating: 1128 → 1101(-27 for losing)
|l|☆MikiPonsy
|c|☆Char11|also lol the tech
