|ScrapeTime|2020-01-02-15:46:02
|j|☆motionstopman
|j|☆Angetf
|player|p1|motionstopman|265|1286
|player|p2|Angetf|200|1256
|teamsize|p1|6
|teamsize|p2|6
|gametype|singles
|gen|8
|tier|[Gen 8] OU
|rated|
|rule|Sleep Clause Mod: Limit one foe put to sleep
|rule|Species Clause: Limit one of each Pokémon
|rule|OHKO Clause: OHKO moves are banned
|rule|Evasion Moves Clause: Evasion moves are banned
|rule|Endless Battle Clause: Forcing endless battles is banned
|rule|HP Percentage Mod: HP is shown in percentages
|clearpoke
|poke|p1|Mimikyu, M|
|poke|p1|Conkeldurr, F|
|poke|p1|Grimmsnarl, M|
|poke|p1|Dragapult, M|
|poke|p1|Toxtricity, M|
|poke|p1|Ribombee, F|
|poke|p2|Pelipper, F|
|poke|p2|Seismitoad, M|
|poke|p2|Galvantula, F|
|poke|p2|Dracovish|
|poke|p2|Ferrothorn, M|
|poke|p2|Dragapult, F|
|rule|Dynamax Clause: You cannot dynamax
|teampreview
|
|start
|switch|p1a: Ribombee|Ribombee, F|100/100
|switch|p2a: Pelipper|Pelipper, F|100/100
|-weather|RainDance|[from] ability: Drizzle|[of] p2a: Pelipper
|turn|1
|
|move|p1a: Ribombee|Sticky Web|p2a: Pelipper
|-sidestart|p2: Angetf|move: Sticky Web
|move|p2a: Pelipper|Hurricane|p1a: Ribombee
|-supereffective|p1a: Ribombee
|-crit|p1a: Ribombee
|-enditem|p1a: Ribombee|Focus Sash
|-damage|p1a: Ribombee|1/100
|
|-weather|RainDance|[upkeep]
|upkeep
|turn|2
|
|move|p1a: Ribombee|Energy Ball|p2a: Pelipper
|-damage|p2a: Pelipper|60/100
|-unboost|p2a: Pelipper|spd|1
|move|p2a: Pelipper|U-turn|p1a: Ribombee
|-resisted|p1a: Ribombee
|-damage|p1a: Ribombee|0 fnt
|faint|p1a: Ribombee
|
|switch|p2a: Galvantula|Galvantula, F|100/100|[from]move: U-turn
|-activate|p2a: Galvantula|move: Sticky Web
|-unboost|p2a: Galvantula|spe|1
|
|-weather|RainDance|[upkeep]
|upkeep
|
|switch|p1a: Grimmsnarl|Grimmsnarl, M|100/100
|turn|3
|
|move|p1a: Grimmsnarl|Taunt|p2a: Galvantula
|-start|p2a: Galvantula|move: Taunt
|cant|p2a: Galvantula|move: Taunt|Sticky Web
|
|-weather|RainDance|[upkeep]
|upkeep
|turn|4
|
|switch|p2a: Ferrothorn|Ferrothorn, M|100/100
|-activate|p2a: Ferrothorn|move: Sticky Web
|-unboost|p2a: Ferrothorn|spe|1
|move|p1a: Grimmsnarl|Spirit Break|p2a: Ferrothorn
|-resisted|p2a: Ferrothorn
|-damage|p2a: Ferrothorn|92/100
|-unboost|p2a: Ferrothorn|spa|1
|
|-weather|RainDance|[upkeep]
|-heal|p2a: Ferrothorn|99/100|[from] item: Leftovers
|upkeep
|turn|5
|
|move|p1a: Grimmsnarl|Taunt|p2a: Ferrothorn
|-start|p2a: Ferrothorn|move: Taunt
|move|p2a: Ferrothorn|Gyro Ball|p1a: Grimmsnarl
|-supereffective|p1a: Grimmsnarl
|-damage|p1a: Grimmsnarl|0 fnt
|faint|p1a: Grimmsnarl
|
|-weather|RainDance|[upkeep]
|-heal|p2a: Ferrothorn|100/100|[from] item: Leftovers
|upkeep
|
|switch|p1a: Conkeldurr|Conkeldurr, F|100/100
|turn|6
|
|move|p1a: Conkeldurr|Drain Punch|p2a: Ferrothorn
|-supereffective|p2a: Ferrothorn
|-damage|p2a: Ferrothorn|37/100
|-damage|p1a: Conkeldurr|88/100|[from] ability: Iron Barbs|[of] p2a: Ferrothorn
|move|p2a: Ferrothorn|Gyro Ball|p1a: Conkeldurr
|-damage|p1a: Conkeldurr|56/100
|
|-weather|RainDance|[upkeep]
|-heal|p2a: Ferrothorn|44/100|[from] item: Leftovers
|upkeep
|turn|7
|
|switch|p2a: Dragapult|Dragapult, F|100/100
|-activate|p2a: Dragapult|move: Sticky Web
|-unboost|p2a: Dragapult|spe|1
|move|p1a: Conkeldurr|Drain Punch|p2a: Dragapult
|-immune|p2a: Dragapult
|
|-weather|RainDance|[upkeep]
|upkeep
|turn|8
|
|move|p2a: Dragapult|Shadow Ball|p1a: Conkeldurr
|-damage|p1a: Conkeldurr|15/100
|-unboost|p1a: Conkeldurr|spd|1
|move|p1a: Conkeldurr|Earthquake|p2a: Dragapult
|-crit|p2a: Dragapult
|-damage|p2a: Dragapult|17/100
|
|-weather|none
|upkeep
|turn|9
|l|☆Angetf
|player|p2|
|inactive|Battle timer is ON: inactive players will automatically lose when time's up. (requested by motionstopman)
|inactive|Angetf has 30 seconds to reconnect!
|inactive|Angetf has 20 seconds to reconnect!
|inactive|Angetf has 15 seconds to reconnect!
|inactive|Angetf has 10 seconds to reconnect!
|j|☆Angetf
|inactive|Angetf reconnected and has 100 seconds left.
|player|p2|Angetf|200
|
|move|p2a: Dragapult|Shadow Ball|p1a: Conkeldurr
|-damage|p1a: Conkeldurr|0 fnt
|faint|p1a: Conkeldurr
|
|upkeep
|
|switch|p1a: Dragapult|Dragapult, M|100/100
|turn|10
|
|switch|p2a: Pelipper|Pelipper, F|60/100
|-weather|RainDance|[from] ability: Drizzle|[of] p2a: Pelipper
|move|p1a: Dragapult|Shadow Ball|p2a: Pelipper
|-damage|p2a: Pelipper|3/100
|-damage|p1a: Dragapult|91/100|[from] item: Life Orb
|
|-weather|RainDance|[upkeep]
|upkeep
|turn|11
|
|move|p1a: Dragapult|Shadow Ball|p2a: Pelipper
|-damage|p2a: Pelipper|0 fnt
|-damage|p1a: Dragapult|81/100|[from] item: Life Orb
|faint|p2a: Pelipper
|
|-weather|RainDance|[upkeep]
|upkeep
|
|switch|p2a: Seismitoad|Seismitoad, M|100/100
|-activate|p2a: Seismitoad|move: Sticky Web
|-unboost|p2a: Seismitoad|spe|1
|turn|12
|
|move|p1a: Dragapult|U-turn|p2a: Seismitoad
|-damage|p2a: Seismitoad|62/100
|-damage|p1a: Dragapult|71/100|[from] item: Life Orb
|
|switch|p1a: Toxtricity|Toxtricity, M|100/100|[from]move: U-turn
|move|p2a: Seismitoad|Earth Power|p1a: Toxtricity
|-supereffective|p1a: Toxtricity
|-damage|p1a: Toxtricity|0 fnt
|-damage|p2a: Seismitoad|52/100|[from] item: Life Orb
|faint|p1a: Toxtricity
|
|-weather|RainDance|[upkeep]
|upkeep
|
|switch|p1a: Dragapult|Dragapult, M|71/100
|turn|13
|
|move|p1a: Dragapult|Dragon Darts|p2a: Seismitoad
|-damage|p2a: Seismitoad|12/100
|-damage|p2a: Seismitoad|0 fnt
|-hitcount|p2a: Seismitoad|2
|-damage|p1a: Dragapult|61/100|[from] item: Life Orb
|faint|p2a: Seismitoad
|
|-weather|RainDance|[upkeep]
|upkeep
|
|switch|p2a: Ferrothorn|Ferrothorn, M|44/100
|-activate|p2a: Ferrothorn|move: Sticky Web
|-unboost|p2a: Ferrothorn|spe|1
|turn|14
|
|move|p1a: Dragapult|Fire Blast|p2a: Ferrothorn
|-supereffective|p2a: Ferrothorn
|-damage|p2a: Ferrothorn|0 fnt
|-damage|p1a: Dragapult|52/100|[from] item: Life Orb
|faint|p2a: Ferrothorn
|
|-weather|RainDance|[upkeep]
|upkeep
|
|switch|p2a: Dragapult|Dragapult, F|17/100
|-activate|p2a: Dragapult|move: Sticky Web
|-unboost|p2a: Dragapult|spe|1
|turn|15
|
|move|p1a: Dragapult|Shadow Ball|p2a: Dragapult
|-supereffective|p2a: Dragapult
|-damage|p2a: Dragapult|0 fnt
|-damage|p1a: Dragapult|42/100|[from] item: Life Orb
|faint|p2a: Dragapult
|
|-weather|RainDance|[upkeep]
|upkeep
|
|switch|p2a: Galvantula|Galvantula, F|100/100
|-activate|p2a: Galvantula|move: Sticky Web
|-unboost|p2a: Galvantula|spe|1
|turn|16
|
|move|p1a: Dragapult|Dragon Darts|p2a: Galvantula
|-damage|p2a: Galvantula|44/100
|-damage|p2a: Galvantula|0 fnt
|-hitcount|p2a: Galvantula|2
|-damage|p1a: Dragapult|32/100|[from] item: Life Orb
|faint|p2a: Galvantula
|
|-weather|RainDance|[upkeep]
|upkeep
|
|switch|p2a: Dracovish|Dracovish|100/100
|-activate|p2a: Dracovish|move: Sticky Web
|-unboost|p2a: Dracovish|spe|1
|turn|17
|
|move|p1a: Dragapult|Dragon Darts|p2a: Dracovish
|-supereffective|p2a: Dracovish
|-damage|p2a: Dracovish|37/100
|-supereffective|p2a: Dracovish
|-damage|p2a: Dracovish|0 fnt
|-hitcount|p2a: Dracovish|2
|-damage|p1a: Dragapult|22/100|[from] item: Life Orb
|faint|p2a: Dracovish
|
|win|motionstopman
|l|☆Angetf
|raw|motionstopman's rating: 1286 → 1309(+23 for winning)
|raw|Angetf's rating: 1256 → 1233(-23 for losing)
