|ScrapeTime|2020-01-02-15:54:36
|j|☆Barbar3d
|j|☆CasualPlayer93
|player|p1|Barbar3d|pokemaniac|1129
|player|p2|CasualPlayer93|117|1086
|teamsize|p1|6
|teamsize|p2|6
|gametype|singles
|gen|8
|tier|[Gen 8] OU
|rated|
|rule|Sleep Clause Mod: Limit one foe put to sleep
|rule|Species Clause: Limit one of each Pokémon
|rule|OHKO Clause: OHKO moves are banned
|rule|Evasion Moves Clause: Evasion moves are banned
|rule|Endless Battle Clause: Forcing endless battles is banned
|rule|HP Percentage Mod: HP is shown in percentages
|clearpoke
|poke|p1|Grimmsnarl, M|
|poke|p1|Indeedee, M|
|poke|p1|Obstagoon, M|
|poke|p1|Hawlucha, F|
|poke|p1|Corsola-Galar, F|
|poke|p1|Seismitoad, F|
|poke|p2|Indeedee, M|
|poke|p2|Hawlucha, M|
|poke|p2|Obstagoon, F|
|poke|p2|Corviknight, M|
|poke|p2|Dracovish|
|poke|p2|Charizard, M|
|rule|Dynamax Clause: You cannot dynamax
|teampreview
|inactive|Battle timer is ON: inactive players will automatically lose when time's up. (requested by CasualPlayer93)
|c|☆CasualPlayer93|Oh
|c|☆CasualPlayer93|Same idea ?
|
|start
|switch|p1a: Indeedee|Indeedee, M|100/100
|switch|p2a: Obstagoon|Obstagoon, F|100/100
|-fieldstart|move: Psychic Terrain|[from] ability: Psychic Surge|[of] p1a: Indeedee
|turn|1
|
|switch|p1a: Corsola|Corsola-Galar, F|100/100
|move|p2a: Obstagoon|Knock Off|p1a: Corsola
|-supereffective|p1a: Corsola
|-damage|p1a: Corsola|68/100
|-start|p2a: Obstagoon|Disable|Knock Off|[from] ability: Cursed Body|[of] p1a: Corsola
|-enditem|p1a: Corsola|Eviolite|[from] move: Knock Off|[of] p2a: Obstagoon
|
|upkeep
|turn|2
|
|move|p2a: Obstagoon|Bulk Up|p2a: Obstagoon
|-boost|p2a: Obstagoon|atk|1
|-boost|p2a: Obstagoon|def|1
|move|p1a: Corsola|Strength Sap|p2a: Obstagoon
|-unboost|p2a: Obstagoon|atk|1
|-heal|p1a: Corsola|100/100
|
|upkeep
|turn|3
|
|switch|p2a: Indeedee|Indeedee, M|100/100
|move|p1a: Corsola|Will-O-Wisp|p2a: Indeedee|[miss]
|-miss|p1a: Corsola|p2a: Indeedee
|
|upkeep
|turn|4
|
|move|p2a: Indeedee|Shadow Ball|p1a: Corsola
|-supereffective|p1a: Corsola
|-damage|p1a: Corsola|41/100
|-start|p2a: Indeedee|Disable|Shadow Ball|[from] ability: Cursed Body|[of] p1a: Corsola
|move|p1a: Corsola|Stealth Rock|p2a: Indeedee
|-sidestart|p2: CasualPlayer93|move: Stealth Rock
|
|upkeep
|turn|5
|
|switch|p2a: Obstagoon|Obstagoon, F|100/100
|-damage|p2a: Obstagoon|88/100|[from] Stealth Rock
|move|p1a: Corsola|Strength Sap|p2a: Obstagoon
|-unboost|p2a: Obstagoon|atk|1
|-heal|p1a: Corsola|100/100
|
|-heal|p2a: Obstagoon|94/100|[from] item: Leftovers
|-fieldend|move: Psychic Terrain
|upkeep
|turn|6
|c|☆CasualPlayer93|Bullshit
|
|move|p2a: Obstagoon|Bulk Up|p2a: Obstagoon
|-boost|p2a: Obstagoon|atk|1
|-boost|p2a: Obstagoon|def|1
|move|p1a: Corsola|Will-O-Wisp|p2a: Obstagoon
|-status|p2a: Obstagoon|brn
|
|-heal|p2a: Obstagoon|100/100 brn|[from] item: Leftovers
|-damage|p2a: Obstagoon|94/100 brn|[from] brn
|upkeep
|turn|7
|
|switch|p1a: Grimmsnarl|Grimmsnarl, M|100/100
|move|p2a: Obstagoon|Bulk Up|p2a: Obstagoon
|-boost|p2a: Obstagoon|atk|1
|-boost|p2a: Obstagoon|def|1
|
|-heal|p2a: Obstagoon|100/100 brn|[from] item: Leftovers
|-damage|p2a: Obstagoon|94/100 brn|[from] brn
|upkeep
|turn|8
|inactive|Barbar3d has 120 seconds left.
|
|move|p1a: Grimmsnarl|Taunt|p2a: Obstagoon
|-hint|Since gen 7, Dark is immune to Prankster moves.
|-immune|p2a: Obstagoon
|move|p2a: Obstagoon|Gunk Shot|p1a: Grimmsnarl
|-supereffective|p1a: Grimmsnarl
|-damage|p1a: Grimmsnarl|0 fnt
|faint|p1a: Grimmsnarl
|
|-heal|p2a: Obstagoon|100/100 brn|[from] item: Leftovers
|-damage|p2a: Obstagoon|94/100 brn|[from] brn
|upkeep
|
|switch|p1a: Obstagoon|Obstagoon, M|100/100
|turn|9
|
|move|p1a: Obstagoon|Close Combat|p2a: Obstagoon
|-supereffective|p2a: Obstagoon
|-damage|p2a: Obstagoon|38/100 brn
|-unboost|p1a: Obstagoon|def|1
|-unboost|p1a: Obstagoon|spd|1
|move|p2a: Obstagoon|Facade|p1a: Obstagoon
|-damage|p1a: Obstagoon|0 fnt
|faint|p1a: Obstagoon
|
|-heal|p2a: Obstagoon|44/100 brn|[from] item: Leftovers
|-damage|p2a: Obstagoon|38/100 brn|[from] brn
|upkeep
|inactive|Barbar3d has 120 seconds left.
|
|switch|p1a: Hawlucha|Hawlucha, F|100/100
|turn|10
|
|move|p1a: Hawlucha|Close Combat|p2a: Obstagoon
|-supereffective|p2a: Obstagoon
|-damage|p2a: Obstagoon|0 fnt
|-unboost|p1a: Hawlucha|def|1
|-unboost|p1a: Hawlucha|spd|1
|faint|p2a: Obstagoon
|
|upkeep
|
|switch|p2a: Indeedee|Indeedee, M|100/100
|-damage|p2a: Indeedee|88/100|[from] Stealth Rock
|-fieldstart|move: Psychic Terrain|[from] ability: Psychic Surge|[of] p2a: Indeedee
|-enditem|p1a: Hawlucha|Psychic Seed
|-boost|p1a: Hawlucha|spd|1
|turn|11
|
|move|p1a: Hawlucha|Close Combat|p2a: Indeedee
|-damage|p2a: Indeedee|0 fnt
|-unboost|p1a: Hawlucha|def|1
|-unboost|p1a: Hawlucha|spd|1
|faint|p2a: Indeedee
|
|upkeep
|
|switch|p2a: Hawlucha|Hawlucha, M|100/100
|-damage|p2a: Hawlucha|88/100|[from] Stealth Rock
|-enditem|p2a: Hawlucha|Psychic Seed
|-boost|p2a: Hawlucha|spd|1
|turn|12
|
|move|p1a: Hawlucha|Thunder Punch|p2a: Hawlucha
|-supereffective|p2a: Hawlucha
|-damage|p2a: Hawlucha|42/100
|-status|p2a: Hawlucha|par
|cant|p2a: Hawlucha|par
|
|upkeep
|turn|13
|c|☆CasualPlayer93|What!?
|c|☆CasualPlayer93|Why
|c|☆CasualPlayer93|Bullshit
|c|☆Barbar3d|why what?
|inactive|CasualPlayer93 has 120 seconds left.
|c|☆CasualPlayer93|Why does this shit always happen to me!?
|
|move|p1a: Hawlucha|Thunder Punch|p2a: Hawlucha
|-supereffective|p2a: Hawlucha
|-damage|p2a: Hawlucha|0 fnt
|faint|p2a: Hawlucha
|
|upkeep
|c|☆Barbar3d|:D
|inactive|CasualPlayer93 has 120 seconds left.
|c|☆CasualPlayer93|10% chance
|c|☆Barbar3d|I had the psychic seed
|c|☆CasualPlayer93|Me too?
|c|☆Barbar3d|Ahhh the paralisys
|c|☆Barbar3d|sorry
|
|switch|p2a: Dracovish|Dracovish|100/100
|-damage|p2a: Dracovish|88/100|[from] Stealth Rock
|turn|14
|
|switch|p1a: Seismitoad|Seismitoad, F|100/100
|move|p2a: Dracovish|Psychic Fangs|p1a: Seismitoad
|-damage|p1a: Seismitoad|67/100
|
|-heal|p1a: Seismitoad|73/100|[from] item: Leftovers
|upkeep
|turn|15
|
|move|p2a: Dracovish|Leech Life|p1a: Seismitoad
|-damage|p1a: Seismitoad|56/100
|-heal|p2a: Dracovish|99/100|[from] drain|[of] p1a: Seismitoad
|move|p1a: Seismitoad|Toxic|p2a: Dracovish
|-status|p2a: Dracovish|tox
|
|-heal|p1a: Seismitoad|62/100|[from] item: Leftovers
|-damage|p2a: Dracovish|93/100 tox|[from] psn
|-fieldend|move: Psychic Terrain
|upkeep
|turn|16
|inactive|Barbar3d has 120 seconds left.
|
|switch|p2a: Corviknight|Corviknight, M|100/100
|-damage|p2a: Corviknight|88/100|[from] Stealth Rock
|switch|p1a: Corsola|Corsola-Galar, F|100/100
|
|-heal|p2a: Corviknight|94/100|[from] item: Leftovers
|upkeep
|turn|17
|inactive|Barbar3d has 120 seconds left.
|inactive|CasualPlayer93 has 120 seconds left.
|
|move|p2a: Corviknight|Bulk Up|p2a: Corviknight
|-boost|p2a: Corviknight|atk|1
|-boost|p2a: Corviknight|def|1
|move|p1a: Corsola|Will-O-Wisp|p2a: Corviknight
|-status|p2a: Corviknight|brn
|
|-heal|p2a: Corviknight|100/100 brn|[from] item: Leftovers
|-damage|p2a: Corviknight|94/100 brn|[from] brn
|upkeep
|turn|18
|inactive|Barbar3d has 120 seconds left.
|inactive|CasualPlayer93 has 120 seconds left.
|
|move|p2a: Corviknight|Bulk Up|p2a: Corviknight
|-boost|p2a: Corviknight|atk|1
|-boost|p2a: Corviknight|def|1
|move|p1a: Corsola|Strength Sap||[still]
|-ability|p2a: Corviknight|Mirror Armor
|-unboost|p1a: Corsola|atk|1
|-fail|p1a: Corsola
|
|-heal|p2a: Corviknight|100/100 brn|[from] item: Leftovers
|-damage|p2a: Corviknight|94/100 brn|[from] brn
|upkeep
|turn|19
|inactive|Barbar3d has 120 seconds left.
|
|move|p2a: Corviknight|Bulk Up|p2a: Corviknight
|-boost|p2a: Corviknight|atk|1
|-boost|p2a: Corviknight|def|1
|move|p1a: Corsola|Strength Sap||[still]
|-ability|p2a: Corviknight|Mirror Armor
|-unboost|p1a: Corsola|atk|1
|-fail|p1a: Corsola
|
|-heal|p2a: Corviknight|100/100 brn|[from] item: Leftovers
|-damage|p2a: Corviknight|94/100 brn|[from] brn
|upkeep
|turn|20
|c|☆CasualPlayer93|Mirror Armor?
|inactive|Barbar3d has 90 seconds left.
|
|switch|p1a: Indeedee|Indeedee, M|100/100
|-fieldstart|move: Psychic Terrain|[from] ability: Psychic Surge|[of] p1a: Indeedee
|move|p2a: Corviknight|Bulk Up|p2a: Corviknight
|-boost|p2a: Corviknight|atk|1
|-boost|p2a: Corviknight|def|1
|
|-heal|p2a: Corviknight|100/100 brn|[from] item: Leftovers
|-damage|p2a: Corviknight|94/100 brn|[from] brn
|upkeep
|turn|21
|inactive|Barbar3d has 90 seconds left.
|
|move|p1a: Indeedee|Mystical Fire|p2a: Corviknight
|-supereffective|p2a: Corviknight
|-damage|p2a: Corviknight|65/100 brn
|-ability|p2a: Corviknight|Mirror Armor
|-unboost|p1a: Indeedee|spa|1
|move|p2a: Corviknight|Iron Head|p1a: Indeedee
|-damage|p1a: Indeedee|29/100
|
|-heal|p2a: Corviknight|71/100 brn|[from] item: Leftovers
|-damage|p2a: Corviknight|65/100 brn|[from] brn
|upkeep
|turn|22
|inactive|Barbar3d has 90 seconds left.
|
|move|p1a: Indeedee|Mystical Fire|p2a: Corviknight
|-supereffective|p2a: Corviknight
|-damage|p2a: Corviknight|43/100 brn
|-ability|p2a: Corviknight|Mirror Armor
|-unboost|p1a: Indeedee|spa|1
|move|p2a: Corviknight|Iron Head|p1a: Indeedee
|-damage|p1a: Indeedee|0 fnt
|faint|p1a: Indeedee
|
|-heal|p2a: Corviknight|49/100 brn|[from] item: Leftovers
|-damage|p2a: Corviknight|43/100 brn|[from] brn
|upkeep
|inactive|Barbar3d has 90 seconds left.
|
|switch|p1a: Corsola|Corsola-Galar, F|100/100
|turn|23
|
|move|p2a: Corviknight|Roost|p2a: Corviknight
|-heal|p2a: Corviknight|93/100 brn
|-singleturn|p2a: Corviknight|move: Roost
|move|p1a: Corsola|Night Shade|p2a: Corviknight
|-damage|p2a: Corviknight|68/100 brn
|
|-heal|p2a: Corviknight|74/100 brn|[from] item: Leftovers
|-damage|p2a: Corviknight|68/100 brn|[from] brn
|upkeep
|turn|24
|inactive|Barbar3d has 90 seconds left.
|
|move|p2a: Corviknight|Bulk Up|p2a: Corviknight
|-boost|p2a: Corviknight|atk|1
|-boost|p2a: Corviknight|def|1
|move|p1a: Corsola|Night Shade|p2a: Corviknight
|-damage|p2a: Corviknight|43/100 brn
|
|-heal|p2a: Corviknight|49/100 brn|[from] item: Leftovers
|-damage|p2a: Corviknight|43/100 brn|[from] brn
|-fieldend|move: Psychic Terrain
|upkeep
|turn|25
|inactive|Barbar3d has 90 seconds left.
|c|☆Barbar3d|i think that's it
|
|switch|p1a: Hawlucha|Hawlucha, F|100/100
|move|p2a: Corviknight|Roost|p2a: Corviknight
|-heal|p2a: Corviknight|93/100 brn
|-singleturn|p2a: Corviknight|move: Roost
|
|-heal|p2a: Corviknight|99/100 brn|[from] item: Leftovers
|-damage|p2a: Corviknight|93/100 brn|[from] brn
|upkeep
|turn|26
|c|☆CasualPlayer93|Yeah
|
|move|p1a: Hawlucha|Close Combat|p2a: Corviknight
|-damage|p2a: Corviknight|79/100 brn
|-unboost|p1a: Hawlucha|def|1
|-unboost|p1a: Hawlucha|spd|1
|move|p2a: Corviknight|Body Press|p1a: Hawlucha
|-resisted|p1a: Hawlucha
|-damage|p1a: Hawlucha|62/100
|
|-heal|p2a: Corviknight|85/100 brn|[from] item: Leftovers
|-damage|p2a: Corviknight|79/100 brn|[from] brn
|upkeep
|turn|27
|
|move|p1a: Hawlucha|Swords Dance|p1a: Hawlucha
|-boost|p1a: Hawlucha|atk|2
|move|p2a: Corviknight|Iron Head|p1a: Hawlucha
|-damage|p1a: Hawlucha|0 fnt
|faint|p1a: Hawlucha
|
|-heal|p2a: Corviknight|85/100 brn|[from] item: Leftovers
|-damage|p2a: Corviknight|79/100 brn|[from] brn
|upkeep
|
|switch|p1a: Seismitoad|Seismitoad, F|62/100
|turn|28
|
|move|p2a: Corviknight|Body Press|p1a: Seismitoad
|-damage|p1a: Seismitoad|39/100
|move|p1a: Seismitoad|Scald|p2a: Corviknight
|-damage|p2a: Corviknight|64/100 brn
|
|-heal|p2a: Corviknight|70/100 brn|[from] item: Leftovers
|-heal|p1a: Seismitoad|45/100|[from] item: Leftovers
|-damage|p2a: Corviknight|64/100 brn|[from] brn
|upkeep
|turn|29
|inactive|Barbar3d has 90 seconds left.
|
|move|p2a: Corviknight|Iron Head|p1a: Seismitoad
|-resisted|p1a: Seismitoad
|-damage|p1a: Seismitoad|29/100
|cant|p1a: Seismitoad|flinch
|
|-heal|p2a: Corviknight|70/100 brn|[from] item: Leftovers
|-heal|p1a: Seismitoad|35/100|[from] item: Leftovers
|-damage|p2a: Corviknight|64/100 brn|[from] brn
|upkeep
|turn|30
|inactive|Barbar3d has 90 seconds left.
|
|move|p2a: Corviknight|Body Press|p1a: Seismitoad
|-damage|p1a: Seismitoad|13/100
|move|p1a: Seismitoad|Scald|p2a: Corviknight
|-damage|p2a: Corviknight|49/100 brn
|
|-heal|p2a: Corviknight|55/100 brn|[from] item: Leftovers
|-heal|p1a: Seismitoad|19/100|[from] item: Leftovers
|-damage|p2a: Corviknight|49/100 brn|[from] brn
|upkeep
|turn|31
|
|switch|p1a: Corsola|Corsola-Galar, F|100/100
|move|p2a: Corviknight|Body Press|p1a: Corsola
|-immune|p1a: Corsola
|
|-heal|p2a: Corviknight|55/100 brn|[from] item: Leftovers
|-damage|p2a: Corviknight|49/100 brn|[from] brn
|upkeep
|turn|32
|
|move|p2a: Corviknight|Roost|p2a: Corviknight
|-heal|p2a: Corviknight|99/100 brn
|-singleturn|p2a: Corviknight|move: Roost
|move|p1a: Corsola|Night Shade|p2a: Corviknight
|-damage|p2a: Corviknight|74/100 brn
|
|-heal|p2a: Corviknight|80/100 brn|[from] item: Leftovers
|-damage|p2a: Corviknight|74/100 brn|[from] brn
|upkeep
|turn|33
|
|move|p2a: Corviknight|Iron Head|p1a: Corsola
|-damage|p1a: Corsola|68/100
|move|p1a: Corsola|Night Shade|p2a: Corviknight
|-damage|p2a: Corviknight|49/100 brn
|
|-heal|p2a: Corviknight|55/100 brn|[from] item: Leftovers
|-damage|p2a: Corviknight|49/100 brn|[from] brn
|upkeep
|turn|34
|
|move|p2a: Corviknight|Iron Head|p1a: Corsola
|-damage|p1a: Corsola|38/100
|move|p1a: Corsola|Night Shade|p2a: Corviknight
|-damage|p2a: Corviknight|24/100 brn
|
|-heal|p2a: Corviknight|30/100 brn|[from] item: Leftovers
|-damage|p2a: Corviknight|24/100 brn|[from] brn
|upkeep
|turn|35
|
|move|p2a: Corviknight|Roost|p2a: Corviknight
|-heal|p2a: Corviknight|74/100 brn
|-singleturn|p2a: Corviknight|move: Roost
|move|p1a: Corsola|Night Shade|p2a: Corviknight
|-damage|p2a: Corviknight|49/100 brn
|
|-heal|p2a: Corviknight|55/100 brn|[from] item: Leftovers
|-damage|p2a: Corviknight|49/100 brn|[from] brn
|upkeep
|turn|36
|c|☆CasualPlayer93|Not a single flinch
|
|move|p2a: Corviknight|Roost|p2a: Corviknight
|-heal|p2a: Corviknight|99/100 brn
|-singleturn|p2a: Corviknight|move: Roost
|move|p1a: Corsola|Night Shade|p2a: Corviknight
|-damage|p2a: Corviknight|74/100 brn
|
|-heal|p2a: Corviknight|80/100 brn|[from] item: Leftovers
|-damage|p2a: Corviknight|74/100 brn|[from] brn
|upkeep
|turn|37
|inactive|Barbar3d has 120 seconds left.
|
|move|p2a: Corviknight|Iron Head|p1a: Corsola
|-damage|p1a: Corsola|5/100
|move|p1a: Corsola|Night Shade|p2a: Corviknight
|-damage|p2a: Corviknight|49/100 brn
|
|-heal|p2a: Corviknight|55/100 brn|[from] item: Leftovers
|-damage|p2a: Corviknight|49/100 brn|[from] brn
|upkeep
|turn|38
|inactive|Barbar3d has 120 seconds left.
|
|move|p2a: Corviknight|Iron Head|p1a: Corsola
|-damage|p1a: Corsola|0 fnt
|faint|p1a: Corsola
|
|-heal|p2a: Corviknight|55/100 brn|[from] item: Leftovers
|-damage|p2a: Corviknight|49/100 brn|[from] brn
|upkeep
|inactive|Barbar3d has 120 seconds left.
|
|switch|p1a: Seismitoad|Seismitoad, F|19/100
|turn|39
|
|move|p2a: Corviknight|Roost|p2a: Corviknight
|-heal|p2a: Corviknight|99/100 brn
|-singleturn|p2a: Corviknight|move: Roost
|move|p1a: Seismitoad|Scald|p2a: Corviknight
|-damage|p2a: Corviknight|81/100 brn
|
|-heal|p2a: Corviknight|87/100 brn|[from] item: Leftovers
|-heal|p1a: Seismitoad|25/100|[from] item: Leftovers
|-damage|p2a: Corviknight|81/100 brn|[from] brn
|upkeep
|turn|40
|
|move|p2a: Corviknight|Body Press|p1a: Seismitoad
|-damage|p1a: Seismitoad|2/100
|move|p1a: Seismitoad|Earthquake|p2a: Corviknight
|-immune|p2a: Corviknight
|
|-heal|p2a: Corviknight|87/100 brn|[from] item: Leftovers
|-heal|p1a: Seismitoad|8/100|[from] item: Leftovers
|-damage|p2a: Corviknight|81/100 brn|[from] brn
|upkeep
|turn|41
|
|move|p2a: Corviknight|Body Press|p1a: Seismitoad
|-damage|p1a: Seismitoad|0 fnt
|faint|p1a: Seismitoad
|
|win|CasualPlayer93
|c|☆Barbar3d|gg
|c|☆CasualPlayer93|gig
|c|☆CasualPlayer93|GG
|raw|Barbar3d's rating: 1129 → 1101(-28 for losing)
|raw|CasualPlayer93's rating: 1086 → 1116(+30 for winning)
|l|☆CasualPlayer93
