|ScrapeTime|2020-01-01-13:36:16
|j|☆eltetor14 FU hax
|j|☆Savouras
|player|p1|eltetor14 FU hax|126|1727
|player|p2|Savouras|lusamine-nihilego|1586
|teamsize|p1|6
|teamsize|p2|6
|gametype|singles
|gen|8
|tier|[Gen 8] OU
|rated|
|rule|Sleep Clause Mod: Limit one foe put to sleep
|rule|Species Clause: Limit one of each Pokémon
|rule|OHKO Clause: OHKO moves are banned
|rule|Evasion Moves Clause: Evasion moves are banned
|rule|Endless Battle Clause: Forcing endless battles is banned
|rule|HP Percentage Mod: HP is shown in percentages
|clearpoke
|poke|p1|Obstagoon, M|
|poke|p1|Toxapex, F|
|poke|p1|Hippowdon, M|
|poke|p1|Goodra, F|
|poke|p1|Hatterene, F|
|poke|p1|Dragapult, M|
|poke|p2|Ribombee, M|
|poke|p2|Excadrill, F|
|poke|p2|Kommo-o, F|
|poke|p2|Togekiss, F|
|poke|p2|Dracozolt|
|poke|p2|Toxtricity, M|
|rule|Dynamax Clause: You cannot dynamax
|teampreview
|inactive|Battle timer is ON: inactive players will automatically lose when time's up. (requested by eltetor14 FU hax)
|inactive|Savouras also wants the timer to be on.
|
|start
|switch|p1a: Mamarre|Hippowdon, M|100/100
|switch|p2a: Ribombee|Ribombee, M|100/100
|-weather|Sandstorm|[from] ability: Sand Stream|[of] p1a: Mamarre
|turn|1
|
|switch|p1a: Hatena|Hatterene, F|100/100
|move|p2a: Ribombee|Sticky Web|p1a: Hatena
|move|p1a: Hatena|Sticky Web|p2a: Ribombee|[from]Magic Bounce
|-sidestart|p2: Savouras|move: Sticky Web
|
|-weather|Sandstorm|[upkeep]
|-damage|p2a: Ribombee|94/100|[from] Sandstorm
|-damage|p1a: Hatena|95/100|[from] Sandstorm
|upkeep
|turn|2
|
|move|p2a: Ribombee|Light Screen|p2a: Ribombee
|-sidestart|p2: Savouras|move: Light Screen
|move|p1a: Hatena|Psychic|p2a: Ribombee
|-damage|p2a: Ribombee|48/100
|-damage|p1a: Hatena|85/100|[from] item: Life Orb
|
|-weather|Sandstorm|[upkeep]
|-damage|p2a: Ribombee|41/100|[from] Sandstorm
|-damage|p1a: Hatena|79/100|[from] Sandstorm
|upkeep
|turn|3
|
|move|p2a: Ribombee|U-turn|p1a: Hatena
|-damage|p1a: Hatena|62/100
|
|switch|p2a: Excadrill|Excadrill, F|100/100|[from]move: U-turn
|-activate|p2a: Excadrill|move: Sticky Web
|-unboost|p2a: Excadrill|spe|1
|-ability|p2a: Excadrill|Mold Breaker
|move|p1a: Hatena|Draining Kiss|p2a: Excadrill
|-resisted|p2a: Excadrill
|-damage|p2a: Excadrill|89/100
|-heal|p1a: Hatena|72/100|[from] drain|[of] p2a: Excadrill
|-damage|p1a: Hatena|62/100|[from] item: Life Orb
|
|-weather|Sandstorm|[upkeep]
|-damage|p1a: Hatena|56/100|[from] Sandstorm
|upkeep
|turn|4
|
|switch|p1a: Sikorsky|Dragapult, M|100/100
|move|p2a: Excadrill|Stealth Rock|p1a: Sikorsky
|-sidestart|p1: eltetor14 FU hax|move: Stealth Rock
|
|-weather|Sandstorm|[upkeep]
|-damage|p1a: Sikorsky|95/100|[from] Sandstorm
|upkeep
|turn|5
|
|move|p1a: Sikorsky|Phantom Force||[still]
|-prepare|p1a: Sikorsky|Phantom Force|p2a: Excadrill
|move|p2a: Excadrill|Earthquake|p1a: Sikorsky|[miss]
|-miss|p2a: Excadrill|p1a: Sikorsky
|
|-weather|none
|upkeep
|turn|6
|
|move|p1a: Sikorsky|Phantom Force|p2a: Excadrill|[from]lockedmove
|-damage|p2a: Excadrill|0 fnt
|faint|p2a: Excadrill
|
|upkeep
|
|switch|p2a: Togekiss|Togekiss, F|100/100
|turn|7
|
|move|p1a: Sikorsky|Phantom Force||[still]
|-prepare|p1a: Sikorsky|Phantom Force|p2a: Togekiss
|move|p2a: Togekiss|Air Slash|p1a: Sikorsky|[miss]
|-miss|p2a: Togekiss|p1a: Sikorsky
|
|upkeep
|turn|8
|
|move|p1a: Sikorsky|Phantom Force|p2a: Togekiss|[from]lockedmove
|-damage|p2a: Togekiss|21/100
|move|p2a: Togekiss|Air Slash|p1a: Sikorsky
|-crit|p1a: Sikorsky
|-damage|p1a: Sikorsky|21/100
|
|-heal|p2a: Togekiss|27/100|[from] item: Leftovers
|upkeep
|turn|9
|
|move|p1a: Sikorsky|Phantom Force||[still]
|-prepare|p1a: Sikorsky|Phantom Force|p2a: Togekiss
|move|p2a: Togekiss|Air Slash|p1a: Sikorsky|[miss]
|-miss|p2a: Togekiss|p1a: Sikorsky
|
|-heal|p2a: Togekiss|33/100|[from] item: Leftovers
|-sideend|p2: Savouras|move: Light Screen
|upkeep
|turn|10
|
|move|p1a: Sikorsky|Phantom Force|p2a: Togekiss|[from]lockedmove
|-damage|p2a: Togekiss|0 fnt
|faint|p2a: Togekiss
|
|upkeep
|
|switch|p2a: Ribombee|Ribombee, M|41/100
|-activate|p2a: Ribombee|move: Sticky Web
|-unboost|p2a: Ribombee|spe|1
|turn|11
|
|move|p1a: Sikorsky|Phantom Force||[still]
|-prepare|p1a: Sikorsky|Phantom Force|p2a: Ribombee
|move|p2a: Ribombee|Reflect|p2a: Ribombee
|-sidestart|p2: Savouras|Reflect
|
|upkeep
|turn|12
|
|move|p1a: Sikorsky|Phantom Force|p2a: Ribombee|[from]lockedmove
|-damage|p2a: Ribombee|0 fnt
|faint|p2a: Ribombee
|
|upkeep
|
|switch|p2a: Kommo-o|Kommo-o, F|100/100
|-activate|p2a: Kommo-o|move: Sticky Web
|-unboost|p2a: Kommo-o|spe|1
|turn|13
|
|switch|p1a: Toxtar|Toxapex, F|100/100
|-damage|p1a: Toxtar|88/100|[from] Stealth Rock
|move|p2a: Kommo-o|Clangorous Soul|p2a: Kommo-o
|-boost|p2a: Kommo-o|atk|1
|-boost|p2a: Kommo-o|def|1
|-boost|p2a: Kommo-o|spa|1
|-boost|p2a: Kommo-o|spd|1
|-boost|p2a: Kommo-o|spe|1
|-damage|p2a: Kommo-o|67/100
|-enditem|p2a: Kommo-o|Throat Spray
|-boost|p2a: Kommo-o|spa|1
|
|-heal|p1a: Toxtar|94/100|[from] item: Black Sludge
|upkeep
|turn|14
|
|move|p2a: Kommo-o|Clanging Scales|p1a: Toxtar
|-damage|p1a: Toxtar|17/100
|-unboost|p2a: Kommo-o|def|1
|move|p1a: Toxtar|Haze|p1a: Toxtar
|-clearallboost
|
|-heal|p1a: Toxtar|24/100|[from] item: Black Sludge
|upkeep
|turn|15
|
|move|p2a: Kommo-o|Clanging Scales|p1a: Toxtar
|-damage|p1a: Toxtar|0 fnt
|-unboost|p2a: Kommo-o|def|1
|faint|p1a: Toxtar
|
|upkeep
|
|switch|p1a: Sikorsky|Dragapult, M|21/100
|-damage|p1a: Sikorsky|8/100|[from] Stealth Rock
|turn|16
|
|move|p1a: Sikorsky|Dragon Darts|p2a: Kommo-o
|-supereffective|p2a: Kommo-o
|-damage|p2a: Kommo-o|0 fnt
|-hitcount|p2a: Kommo-o|1
|faint|p2a: Kommo-o
|
|upkeep
|
|switch|p2a: Toxtricity|Toxtricity, M|100/100
|-activate|p2a: Toxtricity|move: Sticky Web
|-unboost|p2a: Toxtricity|spe|1
|turn|17
|
|move|p1a: Sikorsky|Dragon Darts|p2a: Toxtricity
|-damage|p2a: Toxtricity|39/100
|-damage|p2a: Toxtricity|0 fnt
|-hitcount|p2a: Toxtricity|2
|faint|p2a: Toxtricity
|
|upkeep
|-message|Savouras forfeited.
|
|win|eltetor14 FU hax
|l|☆Savouras
|raw|eltetor14 FU hax's rating: 1727 → 1739(+12 for winning)
|raw|Savouras's rating: 1586 → 1574(-12 for losing)
