|ScrapeTime|2020-01-01-05:14:49
|j|☆GliscorAMV
|j|☆Rspx
|player|p1|GliscorAMV|ethan|1311
|player|p2|Rspx|blue|1255
|teamsize|p1|6
|teamsize|p2|6
|gametype|singles
|gen|8
|tier|[Gen 8] OU
|rated|
|rule|Sleep Clause Mod: Limit one foe put to sleep
|rule|Species Clause: Limit one of each Pokémon
|rule|OHKO Clause: OHKO moves are banned
|rule|Evasion Moves Clause: Evasion moves are banned
|rule|Endless Battle Clause: Forcing endless battles is banned
|rule|HP Percentage Mod: HP is shown in percentages
|clearpoke
|poke|p1|Conkeldurr, F|
|poke|p1|Seismitoad, M|
|poke|p1|Pelipper, M|
|poke|p1|Barraskewda, M|
|poke|p1|Ludicolo, F|
|poke|p1|Heliolisk, F|
|poke|p2|Grimmsnarl, M|
|poke|p2|Excadrill, M|
|poke|p2|Bisharp, M|
|poke|p2|Hatterene, F|
|poke|p2|Gyarados, M|
|poke|p2|Vaporeon, M|
|rule|Dynamax Clause: You cannot dynamax
|teampreview
|inactive|Battle timer is ON: inactive players will automatically lose when time's up. (requested by GliscorAMV)
|
|start
|switch|p1a: Ludicolo|Ludicolo, F|100/100
|switch|p2a: Grimmsnarl|Grimmsnarl, M, shiny|100/100
|turn|1
|
|move|p2a: Grimmsnarl|Reflect|p2a: Grimmsnarl
|-sidestart|p2: Rspx|Reflect
|move|p1a: Ludicolo|Rain Dance|p1a: Ludicolo
|-weather|RainDance
|
|-weather|RainDance|[upkeep]
|upkeep
|turn|2
|inactive|GliscorAMV has 120 seconds left.
|
|switch|p1a: Conkeldurr|Conkeldurr, F|100/100
|move|p2a: Grimmsnarl|Light Screen|p2a: Grimmsnarl
|-sidestart|p2: Rspx|move: Light Screen
|
|-weather|RainDance|[upkeep]
|-status|p1a: Conkeldurr|brn|[from] item: Flame Orb
|upkeep
|turn|3
|
|move|p2a: Grimmsnarl|Spirit Break|p1a: Conkeldurr
|-supereffective|p1a: Conkeldurr
|-damage|p1a: Conkeldurr|26/100 brn
|-unboost|p1a: Conkeldurr|spa|1
|move|p1a: Conkeldurr|Defog|p2a: Grimmsnarl
|-unboost|p2a: Grimmsnarl|evasion|1
|-sideend|p2: Rspx|Reflect
|-sideend|p2: Rspx|move: Light Screen
|
|-weather|RainDance|[upkeep]
|-damage|p1a: Conkeldurr|20/100 brn|[from] brn
|upkeep
|turn|4
|
|move|p2a: Grimmsnarl|Reflect|p2a: Grimmsnarl
|-sidestart|p2: Rspx|Reflect
|move|p1a: Conkeldurr|Drain Punch|p2a: Grimmsnarl
|-damage|p2a: Grimmsnarl|64/100
|-heal|p1a: Conkeldurr|36/100 brn|[from] drain|[of] p2a: Grimmsnarl
|
|-weather|RainDance|[upkeep]
|-damage|p1a: Conkeldurr|30/100 brn|[from] brn
|upkeep
|turn|5
|
|move|p2a: Grimmsnarl|Spirit Break|p1a: Conkeldurr
|-supereffective|p1a: Conkeldurr
|-damage|p1a: Conkeldurr|0 fnt
|faint|p1a: Conkeldurr
|
|-weather|RainDance|[upkeep]
|upkeep
|
|switch|p1a: Seismitoad|Seismitoad, M|100/100
|turn|6
|
|move|p2a: Grimmsnarl|Taunt|p1a: Seismitoad
|-start|p1a: Seismitoad|move: Taunt
|move|p1a: Seismitoad|Hydro Pump|p2a: Grimmsnarl
|-damage|p2a: Grimmsnarl|0 fnt
|-damage|p1a: Seismitoad|91/100|[from] item: Life Orb
|faint|p2a: Grimmsnarl
|
|-weather|RainDance|[upkeep]
|upkeep
|l|☆GliscorAMV
|inactive|GliscorAMV disconnected and has a minute to reconnect!
|player|p1|
|
|switch|p2a: Gyarados|Gyarados, M, shiny|100/100
|turn|7
|j|☆GliscorAMV
|inactive|GliscorAMV reconnected and has 125 seconds left.
|player|p1|GliscorAMV|ethan
|inactive|GliscorAMV has 120 seconds left.
|
|move|p1a: Seismitoad|Grass Knot|p2a: Gyarados
|-damage|p2a: Gyarados|55/100
|-damage|p1a: Seismitoad|81/100|[from] item: Life Orb
|move|p2a: Gyarados|Dragon Dance|p2a: Gyarados
|-boost|p2a: Gyarados|atk|1
|-boost|p2a: Gyarados|spe|1
|
|-weather|RainDance|[upkeep]
|upkeep
|turn|8
|
|move|p1a: Seismitoad|Hydro Pump|p2a: Gyarados
|-resisted|p2a: Gyarados
|-damage|p2a: Gyarados|8/100
|-damage|p1a: Seismitoad|71/100|[from] item: Life Orb
|move|p2a: Gyarados|Power Whip|p1a: Seismitoad
|-supereffective|p1a: Seismitoad
|-damage|p1a: Seismitoad|0 fnt
|-damage|p2a: Gyarados|0 fnt|[from] item: Life Orb
|faint|p1a: Seismitoad
|faint|p2a: Gyarados
|
|-weather|none
|upkeep
|
|switch|p2a: Bisharp|Bisharp, M, shiny|100/100
|switch|p1a: Ludicolo|Ludicolo, F|100/100
|turn|9
|l|☆GliscorAMV
|inactive|GliscorAMV disconnected and has a minute to reconnect!
|player|p1|
|j|☆GliscorAMV
|inactive|GliscorAMV reconnected and has 135 seconds left.
|player|p1|GliscorAMV|ethan
|
|move|p2a: Bisharp|Swords Dance|p2a: Bisharp
|-boost|p2a: Bisharp|atk|2
|move|p1a: Ludicolo|Rain Dance|p1a: Ludicolo
|-weather|RainDance
|
|-weather|RainDance|[upkeep]
|upkeep
|turn|10
|
|move|p1a: Ludicolo|Hydro Pump|p2a: Bisharp|[miss]
|-miss|p1a: Ludicolo|p2a: Bisharp
|move|p2a: Bisharp|Throat Chop|p1a: Ludicolo
|-damage|p1a: Ludicolo|0 fnt
|-damage|p2a: Bisharp|91/100|[from] item: Life Orb
|faint|p1a: Ludicolo
|
|-weather|RainDance|[upkeep]
|upkeep
|
|switch|p1a: Barraskewda|Barraskewda, M|100/100
|turn|11
|
|move|p2a: Bisharp|Sucker Punch|p1a: Barraskewda
|-damage|p1a: Barraskewda|0 fnt
|-damage|p2a: Bisharp|81/100|[from] item: Life Orb
|faint|p1a: Barraskewda
|
|-weather|RainDance|[upkeep]
|-sideend|p2: Rspx|Reflect
|upkeep
|
|switch|p1a: Pelipper|Pelipper, M|100/100
|turn|12
|
|move|p2a: Bisharp|Sucker Punch|p1a: Pelipper
|-damage|p1a: Pelipper|0 fnt
|-damage|p2a: Bisharp|71/100|[from] item: Life Orb
|faint|p1a: Pelipper
|
|-weather|RainDance|[upkeep]
|upkeep
|
|switch|p1a: Heliolisk|Heliolisk, F|100/100
|turn|13
|
|move|p2a: Bisharp|Sucker Punch|p1a: Heliolisk
|-damage|p1a: Heliolisk|0 fnt
|-damage|p2a: Bisharp|61/100|[from] item: Life Orb
|faint|p1a: Heliolisk
|
|win|Rspx
|raw|GliscorAMV's rating: 1311 → 1288(-23 for losing)
|raw|Rspx's rating: 1255 → 1284(+29 for winning)
|l|☆GliscorAMV
