|ScrapeTime|2020-01-01-09:04:45
|j|☆Xarencey
|j|☆uriah.urgelia1999
|player|p1|Xarencey|rosa|1279
|player|p2|uriah.urgelia1999|265|1239
|teamsize|p1|6
|teamsize|p2|6
|gametype|singles
|gen|8
|tier|[Gen 8] OU
|rated|
|rule|Sleep Clause Mod: Limit one foe put to sleep
|rule|Species Clause: Limit one of each Pokémon
|rule|OHKO Clause: OHKO moves are banned
|rule|Evasion Moves Clause: Evasion moves are banned
|rule|Endless Battle Clause: Forcing endless battles is banned
|rule|HP Percentage Mod: HP is shown in percentages
|clearpoke
|poke|p1|Bisharp, M|
|poke|p1|Chandelure, M|
|poke|p1|Hatterene, F|
|poke|p1|Flygon, F|
|poke|p1|Mr. Mime-Galar, F|
|poke|p1|Tyranitar, M|
|poke|p2|Clefable, M|
|poke|p2|Sigilyph, M|
|poke|p2|Boltund, M|
|poke|p2|Dragapult, F|
|poke|p2|Gastrodon, F|
|poke|p2|Ferrothorn, F|
|rule|Dynamax Clause: You cannot dynamax
|teampreview
|
|start
|switch|p1a: Tyranitar|Tyranitar, M|100/100
|switch|p2a: Clefable|Clefable, M|100/100
|-weather|Sandstorm|[from] ability: Sand Stream|[of] p1a: Tyranitar
|turn|1
|
|move|p2a: Clefable|Moonblast|p1a: Tyranitar
|-supereffective|p1a: Tyranitar
|-damage|p1a: Tyranitar|41/100
|move|p1a: Tyranitar|Thunder Wave|p2a: Clefable
|-status|p2a: Clefable|par
|
|-weather|Sandstorm|[upkeep]
|-heal|p1a: Tyranitar|47/100|[from] item: Leftovers
|upkeep
|turn|2
|
|move|p1a: Tyranitar|Stealth Rock|p2a: Clefable
|-sidestart|p2: uriah.urgelia1999|move: Stealth Rock
|move|p2a: Clefable|Moonblast|p1a: Tyranitar
|-supereffective|p1a: Tyranitar
|-damage|p1a: Tyranitar|0 fnt
|faint|p1a: Tyranitar
|
|-weather|Sandstorm|[upkeep]
|upkeep
|
|switch|p1a: Bisharp|Bisharp, M, shiny|100/100
|turn|3
|
|move|p1a: Bisharp|Swords Dance|p1a: Bisharp
|-boost|p1a: Bisharp|atk|2
|move|p2a: Clefable|Flamethrower|p1a: Bisharp
|-supereffective|p1a: Bisharp
|-damage|p1a: Bisharp|0 fnt
|faint|p1a: Bisharp
|
|-weather|Sandstorm|[upkeep]
|upkeep
|
|switch|p1a: Chandelure|Chandelure, M|100/100
|turn|4
|
|move|p1a: Chandelure|Fire Blast|p2a: Clefable
|-damage|p2a: Clefable|37/100 par
|move|p2a: Clefable|Thunderbolt|p1a: Chandelure
|-damage|p1a: Chandelure|53/100
|
|-weather|Sandstorm|[upkeep]
|-damage|p1a: Chandelure|46/100|[from] Sandstorm
|upkeep
|turn|5
|
|move|p1a: Chandelure|Fire Blast|p2a: Clefable
|-damage|p2a: Clefable|0 fnt
|faint|p2a: Clefable
|
|-weather|none
|upkeep
|
|switch|p2a: Dragapult|Dragapult, F|100/100
|-damage|p2a: Dragapult|88/100|[from] Stealth Rock
|turn|6
|
|switch|p1a: Hatterene|Hatterene, F|100/100
|move|p2a: Dragapult|Phantom Force||[still]
|-prepare|p2a: Dragapult|Phantom Force|p1a: Hatterene
|
|upkeep
|turn|7
|
|move|p2a: Dragapult|Phantom Force|p1a: Hatterene|[from]lockedmove
|-supereffective|p1a: Hatterene
|-damage|p1a: Hatterene|2/100
|move|p1a: Hatterene|Trick Room|p1a: Hatterene
|-fieldstart|move: Trick Room|[of] p1a: Hatterene
|
|-heal|p1a: Hatterene|8/100|[from] item: Leftovers
|upkeep
|turn|8
|
|switch|p2a: Gastrodon|Gastrodon, F|100/100
|-damage|p2a: Gastrodon|94/100|[from] Stealth Rock
|move|p1a: Hatterene|Dazzling Gleam|p2a: Gastrodon
|-damage|p2a: Gastrodon|62/100
|
|-heal|p1a: Hatterene|14/100|[from] item: Leftovers
|-heal|p2a: Gastrodon|68/100|[from] item: Leftovers
|upkeep
|turn|9
|
|move|p1a: Hatterene|Psychic|p2a: Gastrodon
|-damage|p2a: Gastrodon|32/100
|move|p2a: Gastrodon|Scald|p1a: Hatterene
|-damage|p1a: Hatterene|0 fnt
|faint|p1a: Hatterene
|
|-heal|p2a: Gastrodon|39/100|[from] item: Leftovers
|upkeep
|
|switch|p1a: Flygon|Flygon, F|100/100
|turn|10
|
|move|p2a: Gastrodon|Recover|p2a: Gastrodon
|-heal|p2a: Gastrodon|89/100
|move|p1a: Flygon|Earthquake|p2a: Gastrodon
|-damage|p2a: Gastrodon|39/100
|
|-heal|p2a: Gastrodon|45/100|[from] item: Leftovers
|upkeep
|turn|11
|
|switch|p1a: Mr. Mime|Mr. Mime-Galar, F|100/100
|move|p2a: Gastrodon|Recover|p2a: Gastrodon
|-heal|p2a: Gastrodon|95/100
|
|-heal|p2a: Gastrodon|100/100|[from] item: Leftovers
|-fieldend|move: Trick Room
|upkeep
|turn|12
|
|switch|p2a: Ferrothorn|Ferrothorn, F|100/100
|-damage|p2a: Ferrothorn|94/100|[from] Stealth Rock
|move|p1a: Mr. Mime|Freeze-Dry|p2a: Ferrothorn
|-damage|p2a: Ferrothorn|72/100
|
|upkeep
|turn|13
|
|move|p1a: Mr. Mime|Focus Blast|p2a: Ferrothorn
|-supereffective|p2a: Ferrothorn
|-damage|p2a: Ferrothorn|12/100
|move|p2a: Ferrothorn|Stealth Rock|p1a: Mr. Mime
|-sidestart|p1: Xarencey|move: Stealth Rock
|
|upkeep
|turn|14
|
|switch|p2a: Boltund|Boltund, M|100/100
|move|p1a: Mr. Mime|Freeze-Dry|p2a: Boltund
|-damage|p2a: Boltund|45/100
|
|upkeep
|turn|15
|
|move|p2a: Boltund|Crunch|p1a: Mr. Mime
|-supereffective|p1a: Mr. Mime
|-enditem|p1a: Mr. Mime|Focus Sash
|-damage|p1a: Mr. Mime|1/100
|move|p1a: Mr. Mime|Freeze-Dry|p2a: Boltund
|-damage|p2a: Boltund|0 fnt
|faint|p2a: Boltund
|
|upkeep
|
|switch|p2a: Dragapult|Dragapult, F|88/100
|-damage|p2a: Dragapult|76/100|[from] Stealth Rock
|turn|16
|
|move|p2a: Dragapult|Dragon Darts|p1a: Mr. Mime
|-damage|p1a: Mr. Mime|0 fnt
|-hitcount|p1a: Mr. Mime|1
|faint|p1a: Mr. Mime
|
|upkeep
|
|switch|p1a: Chandelure|Chandelure, M|46/100
|-damage|p1a: Chandelure|22/100|[from] Stealth Rock
|turn|17
|
|move|p2a: Dragapult|Dragon Darts|p1a: Chandelure
|-damage|p1a: Chandelure|0 fnt
|-hitcount|p1a: Chandelure|1
|faint|p1a: Chandelure
|
|upkeep
|
|switch|p1a: Flygon|Flygon, F|100/100
|-damage|p1a: Flygon|95/100|[from] Stealth Rock
|turn|18
|
|move|p2a: Dragapult|Dragon Darts|p1a: Flygon
|-supereffective|p1a: Flygon
|-damage|p1a: Flygon|23/100
|-supereffective|p1a: Flygon
|-damage|p1a: Flygon|0 fnt
|-hitcount|p1a: Flygon|2
|faint|p1a: Flygon
|
|win|uriah.urgelia1999
|raw|Xarencey's rating: 1279 → 1252(-27 for losing)
|raw|uriah.urgelia1999's rating: 1239 → 1267(+28 for winning)
|l|☆Xarencey
