|ScrapeTime|2020-01-01-07:15:41
|j|☆yungdynamatt
|j|☆Yung Dumpling
|player|p1|yungdynamatt|265|1325
|player|p2|Yung Dumpling|psychic|1344
|teamsize|p1|6
|teamsize|p2|6
|gametype|singles
|gen|8
|tier|[Gen 8] OU
|rated|
|rule|Sleep Clause Mod: Limit one foe put to sleep
|rule|Species Clause: Limit one of each Pokémon
|rule|OHKO Clause: OHKO moves are banned
|rule|Evasion Moves Clause: Evasion moves are banned
|rule|Endless Battle Clause: Forcing endless battles is banned
|rule|HP Percentage Mod: HP is shown in percentages
|clearpoke
|poke|p1|Pelipper, M|
|poke|p1|Barraskewda, M|
|poke|p1|Ferrothorn, M|
|poke|p1|Mantine, F|
|poke|p1|Seismitoad, M|
|poke|p1|Heliolisk, M|
|poke|p2|Diggersby, F|
|poke|p2|Mandibuzz, F|
|poke|p2|Clefable, M|
|poke|p2|Seismitoad, F|
|poke|p2|Rotom-Heat|
|poke|p2|Bisharp, M|
|rule|Dynamax Clause: You cannot dynamax
|teampreview
|
|start
|switch|p1a: Pelipper|Pelipper, M|100/100
|switch|p2a: Rotom|Rotom-Heat|100/100
|-weather|RainDance|[from] ability: Drizzle|[of] p1a: Pelipper
|turn|1
|
|switch|p1a: Seismitoad|Seismitoad, M|100/100
|move|p2a: Rotom|Trick|p1a: Seismitoad
|-activate|p2a: Rotom|move: Trick|[of] p1a: Seismitoad
|-item|p1a: Seismitoad|Choice Scarf|[from] move: Trick
|-item|p2a: Rotom|Assault Vest|[from] move: Trick
|
|-weather|RainDance|[upkeep]
|upkeep
|turn|2
|
|switch|p2a: Seismitoad|Seismitoad, F|100/100
|move|p1a: Seismitoad|Power Whip|p2a: Seismitoad|[miss]
|-miss|p1a: Seismitoad|p2a: Seismitoad
|
|-weather|RainDance|[upkeep]
|upkeep
|turn|3
|
|switch|p1a: Mantine|Mantine, F|100/100
|switch|p2a: Mandibuzz|Mandibuzz, F|100/100
|
|-weather|RainDance|[upkeep]
|upkeep
|turn|4
|
|move|p1a: Mantine|Hurricane|p2a: Mandibuzz
|-damage|p2a: Mandibuzz|59/100
|move|p2a: Mandibuzz|U-turn|p1a: Mantine
|-resisted|p1a: Mantine
|-damage|p1a: Mantine|93/100
|
|switch|p2a: Bisharp|Bisharp, M|100/100|[from]move: U-turn
|
|-weather|RainDance|[upkeep]
|upkeep
|turn|5
|
|move|p2a: Bisharp|Sucker Punch|p1a: Mantine
|-damage|p1a: Mantine|25/100
|move|p1a: Mantine|Hurricane|p2a: Bisharp
|-resisted|p2a: Bisharp
|-damage|p2a: Bisharp|48/100
|
|-weather|RainDance|[upkeep]
|upkeep
|turn|6
|
|switch|p1a: Ferrothorn|Ferrothorn, M|100/100
|move|p2a: Bisharp|Swords Dance|p2a: Bisharp
|-boost|p2a: Bisharp|atk|2
|
|-weather|RainDance|[upkeep]
|upkeep
|turn|7
|
|move|p2a: Bisharp|Throat Chop|p1a: Ferrothorn
|-damage|p1a: Ferrothorn|14/100
|-damage|p2a: Bisharp|36/100|[from] ability: Iron Barbs|[of] p1a: Ferrothorn
|-start|p1a: Ferrothorn|Throat Chop|[silent]
|move|p1a: Ferrothorn|Leech Seed|p2a: Bisharp
|-start|p2a: Bisharp|move: Leech Seed
|
|-weather|RainDance|[upkeep]
|-heal|p1a: Ferrothorn|20/100|[from] item: Leftovers
|-damage|p2a: Bisharp|24/100|[from] Leech Seed|[of] p1a: Ferrothorn
|-heal|p1a: Ferrothorn|29/100|[silent]
|upkeep
|turn|8
|
|move|p2a: Bisharp|Throat Chop|p1a: Ferrothorn
|-damage|p1a: Ferrothorn|0 fnt
|-damage|p2a: Bisharp|12/100|[from] ability: Iron Barbs|[of] p1a: Ferrothorn
|faint|p1a: Ferrothorn
|
|-weather|none
|upkeep
|
|switch|p1a: Seismitoad|Seismitoad, M|100/100
|turn|9
|
|move|p2a: Bisharp|Sucker Punch|p1a: Seismitoad
|-crit|p1a: Seismitoad
|-damage|p1a: Seismitoad|0 fnt
|faint|p1a: Seismitoad
|
|upkeep
|
|switch|p1a: Pelipper|Pelipper, M|100/100
|-weather|RainDance|[from] ability: Drizzle|[of] p1a: Pelipper
|turn|10
|
|move|p2a: Bisharp|Throat Chop|p1a: Pelipper
|-damage|p1a: Pelipper|19/100
|-start|p1a: Pelipper|Throat Chop|[silent]
|move|p1a: Pelipper|U-turn|p2a: Bisharp
|-damage|p2a: Bisharp|0 fnt
|faint|p2a: Bisharp
|
|switch|p1a: Mantine|Mantine, F|25/100|[from]move: U-turn
|
|-weather|RainDance|[upkeep]
|upkeep
|
|switch|p2a: Seismitoad|Seismitoad, F|100/100
|turn|11
|
|move|p1a: Mantine|Hurricane|p2a: Seismitoad
|-damage|p2a: Seismitoad|32/100
|-start|p2a: Seismitoad|confusion
|-activate|p2a: Seismitoad|confusion
|move|p2a: Seismitoad|Toxic|p1a: Mantine|[miss]
|-miss|p2a: Seismitoad|p1a: Mantine
|
|-weather|RainDance|[upkeep]
|-heal|p2a: Seismitoad|38/100|[from] item: Leftovers
|upkeep
|turn|12
|
|switch|p2a: Rotom|Rotom-Heat|100/100
|move|p1a: Mantine|Hurricane|p2a: Rotom
|-resisted|p2a: Rotom
|-damage|p2a: Rotom|74/100
|-start|p2a: Rotom|confusion
|
|-weather|RainDance|[upkeep]
|upkeep
|turn|13
|
|switch|p1a: Heliolisk|Heliolisk, M|100/100
|switch|p2a: Mandibuzz|Mandibuzz, F|59/100
|
|-weather|RainDance|[upkeep]
|upkeep
|turn|14
|
|move|p1a: Heliolisk|Discharge|p2a: Mandibuzz
|-supereffective|p2a: Mandibuzz
|-damage|p2a: Mandibuzz|0 fnt
|-damage|p1a: Heliolisk|91/100|[from] item: Life Orb
|faint|p2a: Mandibuzz
|
|-weather|RainDance|[upkeep]
|-heal|p1a: Heliolisk|100/100|[from] ability: Dry Skin
|upkeep
|
|switch|p2a: Diggersby|Diggersby, F, shiny|100/100
|turn|15
|
|move|p2a: Diggersby|Body Slam|p1a: Heliolisk
|-damage|p1a: Heliolisk|0 fnt
|faint|p1a: Heliolisk
|
|-weather|RainDance|[upkeep]
|upkeep
|
|switch|p1a: Barraskewda|Barraskewda, M|100/100
|turn|16
|
|switch|p2a: Seismitoad|Seismitoad, F|38/100
|move|p1a: Barraskewda|Close Combat|p2a: Seismitoad
|-damage|p2a: Seismitoad|0 fnt
|-unboost|p1a: Barraskewda|def|1
|-unboost|p1a: Barraskewda|spd|1
|faint|p2a: Seismitoad
|
|-weather|RainDance|[upkeep]
|upkeep
|
|switch|p2a: Clefable|Clefable, M|100/100
|turn|17
|
|switch|p1a: Mantine|Mantine, F|25/100
|move|p2a: Clefable|Moonblast|p1a: Mantine
|-damage|p1a: Mantine|0 fnt
|faint|p1a: Mantine
|
|-weather|none
|upkeep
|
|switch|p1a: Pelipper|Pelipper, M|19/100
|-weather|RainDance|[from] ability: Drizzle|[of] p1a: Pelipper
|turn|18
|
|switch|p2a: Rotom|Rotom-Heat|74/100
|move|p1a: Pelipper|Scald|p2a: Rotom
|-supereffective|p2a: Rotom
|-damage|p2a: Rotom|0 fnt
|faint|p2a: Rotom
|
|-weather|RainDance|[upkeep]
|upkeep
|
|switch|p2a: Diggersby|Diggersby, F, shiny|100/100
|turn|19
|
|move|p2a: Diggersby|Quick Attack|p1a: Pelipper
|-damage|p1a: Pelipper|0 fnt
|faint|p1a: Pelipper
|
|-weather|RainDance|[upkeep]
|upkeep
|
|switch|p1a: Barraskewda|Barraskewda, M|100/100
|turn|20
|
|move|p2a: Diggersby|Quick Attack|p1a: Barraskewda
|-damage|p1a: Barraskewda|53/100
|move|p1a: Barraskewda|Liquidation|p2a: Diggersby
|-supereffective|p2a: Diggersby
|-damage|p2a: Diggersby|0 fnt
|faint|p2a: Diggersby
|
|-weather|RainDance|[upkeep]
|upkeep
|
|switch|p2a: Clefable|Clefable, M|100/100
|turn|21
|
|move|p2a: Clefable|Protect|p2a: Clefable
|-singleturn|p2a: Clefable|Protect
|move|p1a: Barraskewda|Liquidation|p2a: Clefable
|-activate|p2a: Clefable|move: Protect
|
|-weather|RainDance|[upkeep]
|upkeep
|turn|22
|
|move|p1a: Barraskewda|Liquidation|p2a: Clefable
|-damage|p2a: Clefable|18/100
|move|p2a: Clefable|Moonblast|p1a: Barraskewda
|-damage|p1a: Barraskewda|0 fnt
|faint|p1a: Barraskewda
|
|win|Yung Dumpling
|raw|yungdynamatt's rating: 1325 → 1306(-19 for losing)
|raw|Yung Dumpling's rating: 1344 → 1363(+19 for winning)
|l|☆yungdynamatt
|c|☆Yung Dumpling|gg
