|ScrapeTime|2020-01-02-04:34:57
|j|☆cawllin
|j|☆alextreme123
|player|p1|cawllin|102|1170
|player|p2|alextreme123|2|1210
|teamsize|p1|6
|teamsize|p2|6
|gametype|singles
|gen|8
|tier|[Gen 8] OU
|rated|
|rule|Sleep Clause Mod: Limit one foe put to sleep
|rule|Species Clause: Limit one of each Pokémon
|rule|OHKO Clause: OHKO moves are banned
|rule|Evasion Moves Clause: Evasion moves are banned
|rule|Endless Battle Clause: Forcing endless battles is banned
|rule|HP Percentage Mod: HP is shown in percentages
|clearpoke
|poke|p1|Dragapult, M|
|poke|p1|Corviknight, M|
|poke|p1|Seismitoad, M|
|poke|p1|Excadrill, M|
|poke|p1|Clefable, F|
|poke|p1|Toxapex, F|
|poke|p2|Conkeldurr, F|
|poke|p2|Togekiss, F|
|poke|p2|Hawlucha, M|
|poke|p2|Hydreigon, M|
|poke|p2|Seismitoad, F|
|poke|p2|Mimikyu, F|
|rule|Dynamax Clause: You cannot dynamax
|teampreview
|
|start
|switch|p1a: Dragapult|Dragapult, M|100/100
|switch|p2a: Conkeldurr|Conkeldurr, F|100/100
|turn|1
|
|move|p1a: Dragapult|Draco Meteor|p2a: Conkeldurr|[miss]
|-miss|p1a: Dragapult|p2a: Conkeldurr
|move|p2a: Conkeldurr|Earthquake|p1a: Dragapult
|-damage|p1a: Dragapult|48/100
|
|-status|p2a: Conkeldurr|brn|[from] item: Flame Orb
|upkeep
|turn|2
|
|move|p1a: Dragapult|Draco Meteor|p2a: Conkeldurr
|-damage|p2a: Conkeldurr|7/100 brn
|-unboost|p1a: Dragapult|spa|2
|move|p2a: Conkeldurr|Thunder Punch|p1a: Dragapult
|-resisted|p1a: Dragapult
|-damage|p1a: Dragapult|19/100
|
|-damage|p2a: Conkeldurr|0 fnt|[from] brn
|faint|p2a: Conkeldurr
|upkeep
|
|switch|p2a: Mimikyu|Mimikyu, F|100/100
|turn|3
|
|switch|p1a: Excadrill|Excadrill, M|100/100
|-ability|p1a: Excadrill|Mold Breaker
|move|p2a: Mimikyu|Swords Dance|p2a: Mimikyu
|-boost|p2a: Mimikyu|atk|2
|
|upkeep
|turn|4
|
|move|p2a: Mimikyu|Shadow Claw|p1a: Excadrill
|-crit|p1a: Excadrill
|-damage|p1a: Excadrill|0 fnt
|-damage|p2a: Mimikyu|91/100|[from] item: Life Orb
|faint|p1a: Excadrill
|
|upkeep
|c|☆cawllin|fuckkkkk
|c|☆cawllin|a crit
|
|switch|p1a: Seismitoad|Seismitoad, M|100/100
|turn|5
|
|move|p2a: Mimikyu|Swords Dance|p2a: Mimikyu
|-boost|p2a: Mimikyu|atk|2
|move|p1a: Seismitoad|Earthquake|p2a: Mimikyu
|-activate|p2a: Mimikyu|ability: Disguise
|-damage|p2a: Mimikyu|91/100
|detailschange|p2a: Mimikyu|Mimikyu-Busted, F
|-damage|p2a: Mimikyu|78/100|[from] ability: Disguise|[of] p2a: Mimikyu
|
|upkeep
|turn|6
|
|move|p2a: Mimikyu|Shadow Claw|p1a: Seismitoad
|-damage|p1a: Seismitoad|22/100
|-damage|p2a: Mimikyu|68/100|[from] item: Life Orb
|move|p1a: Seismitoad|Earthquake|p2a: Mimikyu
|-damage|p2a: Mimikyu|11/100
|
|-heal|p1a: Seismitoad|28/100|[from] item: Leftovers
|upkeep
|turn|7
|
|switch|p1a: Toxapex|Toxapex, F|100/100
|move|p2a: Mimikyu|Shadow Claw|p1a: Toxapex
|-damage|p1a: Toxapex|29/100
|-damage|p2a: Mimikyu|1/100|[from] item: Life Orb
|
|-heal|p1a: Toxapex|36/100|[from] item: Black Sludge
|upkeep
|turn|8
|
|switch|p1a: Seismitoad|Seismitoad, M|28/100
|move|p2a: Mimikyu|Shadow Claw|p1a: Seismitoad
|-damage|p1a: Seismitoad|0 fnt
|-damage|p2a: Mimikyu|0 fnt|[from] item: Life Orb
|faint|p1a: Seismitoad
|faint|p2a: Mimikyu
|
|upkeep
|
|switch|p2a: Togekiss|Togekiss, F|100/100
|switch|p1a: Clefable|Clefable, F|100/100
|turn|9
|
|move|p2a: Togekiss|Substitute|p2a: Togekiss
|-start|p2a: Togekiss|Substitute
|-damage|p2a: Togekiss|76/100
|move|p1a: Clefable|Thunderbolt|p2a: Togekiss
|-supereffective|p2a: Togekiss
|-crit|p2a: Togekiss
|-end|p2a: Togekiss|Substitute
|
|-heal|p2a: Togekiss|82/100|[from] item: Leftovers
|upkeep
|turn|10
|
|move|p2a: Togekiss|Air Slash|p1a: Clefable
|-damage|p1a: Clefable|65/100
|move|p1a: Clefable|Thunderbolt|p2a: Togekiss
|-supereffective|p2a: Togekiss
|-damage|p2a: Togekiss|14/100
|
|-heal|p2a: Togekiss|20/100|[from] item: Leftovers
|upkeep
|turn|11
|
|move|p2a: Togekiss|Air Slash|p1a: Clefable
|-damage|p1a: Clefable|31/100
|move|p1a: Clefable|Thunderbolt|p2a: Togekiss
|-supereffective|p2a: Togekiss
|-damage|p2a: Togekiss|0 fnt
|faint|p2a: Togekiss
|
|upkeep
|
|switch|p2a: Seismitoad|Seismitoad, F|100/100
|turn|12
|
|switch|p1a: Toxapex|Toxapex, F|69/100
|move|p2a: Seismitoad|Hydro Pump|p1a: Toxapex
|-resisted|p1a: Toxapex
|-damage|p1a: Toxapex|43/100
|-damage|p2a: Seismitoad|91/100|[from] item: Life Orb
|
|-heal|p1a: Toxapex|49/100|[from] item: Black Sludge
|upkeep
|turn|13
|
|switch|p1a: Corviknight|Corviknight, M|100/100
|-ability|p1a: Corviknight|Pressure
|move|p2a: Seismitoad|Earth Power|p1a: Corviknight
|-immune|p1a: Corviknight
|
|upkeep
|turn|14
|
|move|p2a: Seismitoad|Focus Blast|p1a: Corviknight
|-damage|p1a: Corviknight|60/100
|-damage|p2a: Seismitoad|81/100|[from] item: Life Orb
|move|p1a: Corviknight|Iron Defense|p1a: Corviknight
|-boost|p1a: Corviknight|def|2
|
|upkeep
|turn|15
|
|move|p2a: Seismitoad|Focus Blast|p1a: Corviknight
|-damage|p1a: Corviknight|18/100
|-damage|p2a: Seismitoad|71/100|[from] item: Life Orb
|move|p1a: Corviknight|Roost|p1a: Corviknight
|-heal|p1a: Corviknight|68/100
|-singleturn|p1a: Corviknight|move: Roost
|
|upkeep
|turn|16
|
|move|p2a: Seismitoad|Stealth Rock|p1a: Corviknight
|-sidestart|p1: cawllin|move: Stealth Rock
|move|p1a: Corviknight|Roost|p1a: Corviknight
|-heal|p1a: Corviknight|100/100
|-singleturn|p1a: Corviknight|move: Roost
|
|upkeep
|turn|17
|
|move|p2a: Seismitoad|Focus Blast|p1a: Corviknight
|-damage|p1a: Corviknight|57/100
|-damage|p2a: Seismitoad|61/100|[from] item: Life Orb
|move|p1a: Corviknight|Body Press|p2a: Seismitoad
|-damage|p2a: Seismitoad|0 fnt
|faint|p2a: Seismitoad
|
|upkeep
|
|switch|p2a: Hydreigon|Hydreigon, M|100/100
|turn|18
|
|move|p2a: Hydreigon|Dark Pulse|p1a: Corviknight
|-damage|p1a: Corviknight|19/100
|move|p1a: Corviknight|Roost|p1a: Corviknight
|-heal|p1a: Corviknight|69/100
|-singleturn|p1a: Corviknight|move: Roost
|
|upkeep
|turn|19
|
|move|p2a: Hydreigon|Nasty Plot|p2a: Hydreigon
|-boost|p2a: Hydreigon|spa|2
|move|p1a: Corviknight|Roost|p1a: Corviknight
|-heal|p1a: Corviknight|100/100
|-singleturn|p1a: Corviknight|move: Roost
|
|upkeep
|turn|20
|
|move|p2a: Hydreigon|Dark Pulse|p1a: Corviknight
|-damage|p1a: Corviknight|15/100
|move|p1a: Corviknight|Body Press|p2a: Hydreigon
|-supereffective|p2a: Hydreigon
|-damage|p2a: Hydreigon|0 fnt
|faint|p2a: Hydreigon
|
|upkeep
|
|switch|p2a: Hawlucha|Hawlucha, M|100/100
|turn|21
|
|move|p2a: Hawlucha|Close Combat|p1a: Corviknight
|-damage|p1a: Corviknight|0 fnt
|-unboost|p2a: Hawlucha|def|1
|-unboost|p2a: Hawlucha|spd|1
|-enditem|p2a: Hawlucha|White Herb
|-clearnegativeboost|p2a: Hawlucha|[silent]
|faint|p1a: Corviknight
|
|upkeep
|
|switch|p1a: Dragapult|Dragapult, M|19/100
|-damage|p1a: Dragapult|7/100|[from] Stealth Rock
|turn|22
|
|move|p2a: Hawlucha|Brave Bird|p1a: Dragapult
|-damage|p1a: Dragapult|0 fnt
|-damage|p2a: Hawlucha|98/100|[from] Recoil
|faint|p1a: Dragapult
|
|upkeep
|
|switch|p1a: Toxapex|Toxapex, F|82/100
|-damage|p1a: Toxapex|70/100|[from] Stealth Rock
|turn|23
|
|move|p2a: Hawlucha|Brave Bird|p1a: Toxapex
|-damage|p1a: Toxapex|38/100
|-damage|p2a: Hawlucha|87/100|[from] Recoil
|move|p1a: Toxapex|Toxic|p2a: Hawlucha
|-status|p2a: Hawlucha|tox
|
|-heal|p1a: Toxapex|44/100|[from] item: Black Sludge
|-damage|p2a: Hawlucha|81/100 tox|[from] psn
|upkeep
|turn|24
|
|move|p2a: Hawlucha|Brave Bird|p1a: Toxapex
|-crit|p1a: Toxapex
|-damage|p1a: Toxapex|0 fnt
|-damage|p2a: Hawlucha|66/100 tox|[from] Recoil
|faint|p1a: Toxapex
|
|-damage|p2a: Hawlucha|54/100 tox|[from] psn
|upkeep
|
|switch|p1a: Clefable|Clefable, F|31/100
|turn|25
|
|move|p2a: Hawlucha|Brave Bird|p1a: Clefable
|-damage|p1a: Clefable|0 fnt
|-damage|p2a: Hawlucha|41/100 tox|[from] Recoil
|faint|p1a: Clefable
|
|win|alextreme123
|raw|cawllin's rating: 1170 → 1148(-22 for losing)
|raw|alextreme123's rating: 1210 → 1232(+22 for winning)
