|ScrapeTime|2020-01-02-14:05:55
|j|☆nogigantwaifus
|j|☆Criminal girls
|player|p1|nogigantwaifus|bianca|1461
|player|p2|Criminal girls|170|1447
|teamsize|p1|6
|teamsize|p2|6
|gametype|singles
|gen|8
|tier|[Gen 8] OU
|rated|
|rule|Sleep Clause Mod: Limit one foe put to sleep
|rule|Species Clause: Limit one of each Pokémon
|rule|OHKO Clause: OHKO moves are banned
|rule|Evasion Moves Clause: Evasion moves are banned
|rule|Endless Battle Clause: Forcing endless battles is banned
|rule|HP Percentage Mod: HP is shown in percentages
|clearpoke
|poke|p1|Toxicroak, F|
|poke|p1|Ferrothorn, F|
|poke|p1|Piloswine, F|
|poke|p1|Corsola-Galar, F|
|poke|p1|Pelipper, F|
|poke|p1|Toxapex, M|
|poke|p2|Seismitoad, M|
|poke|p2|Aegislash, M|
|poke|p2|Ferrothorn, F|
|poke|p2|Rotom-Heat|
|poke|p2|Mandibuzz, F|
|poke|p2|Dragapult, F|
|rule|Dynamax Clause: You cannot dynamax
|teampreview
|
|start
|switch|p1a: Pelipper|Pelipper, F|100/100
|switch|p2a: Seismitoad|Seismitoad, M|100/100
|-weather|RainDance|[from] ability: Drizzle|[of] p1a: Pelipper
|turn|1
|inactive|Battle timer is ON: inactive players will automatically lose when time's up. (requested by nogigantwaifus)
|
|move|p1a: Pelipper|Hurricane|p2a: Seismitoad
|-damage|p2a: Seismitoad|50/100
|move|p2a: Seismitoad|Toxic|p1a: Pelipper
|-status|p1a: Pelipper|tox
|
|-weather|RainDance|[upkeep]
|-heal|p2a: Seismitoad|56/100|[from] item: Leftovers
|-damage|p1a: Pelipper|94/100 tox|[from] psn
|upkeep
|turn|2
|inactive|nogigantwaifus has 120 seconds left.
|
|move|p2a: Seismitoad|Protect|p2a: Seismitoad
|-singleturn|p2a: Seismitoad|Protect
|move|p1a: Pelipper|Hurricane|p2a: Seismitoad
|-activate|p2a: Seismitoad|move: Protect
|
|-weather|RainDance|[upkeep]
|-heal|p2a: Seismitoad|62/100|[from] item: Leftovers
|-damage|p1a: Pelipper|82/100 tox|[from] psn
|upkeep
|turn|3
|
|switch|p2a: Ferrothorn|Ferrothorn, F|100/100
|move|p1a: Pelipper|Hurricane|p2a: Ferrothorn
|-damage|p2a: Ferrothorn|66/100
|-start|p2a: Ferrothorn|confusion
|
|-weather|RainDance|[upkeep]
|-heal|p2a: Ferrothorn|72/100|[from] item: Leftovers
|-damage|p1a: Pelipper|64/100 tox|[from] psn
|upkeep
|turn|4
|
|switch|p1a: PIÑATA|Ferrothorn, F|100/100
|-activate|p2a: Ferrothorn|confusion
|move|p2a: Ferrothorn|Leech Seed|p1a: PIÑATA
|-immune|p1a: PIÑATA
|
|-weather|RainDance|[upkeep]
|-heal|p2a: Ferrothorn|79/100|[from] item: Leftovers
|upkeep
|turn|5
|inactive|nogigantwaifus has 120 seconds left.
|inactive|Criminal girls has 120 seconds left.
|
|switch|p2a: Aegislash|Aegislash, M|100/100
|move|p1a: PIÑATA|Stealth Rock|p2a: Aegislash
|-sidestart|p2: Criminal girls|move: Stealth Rock
|
|-weather|none
|upkeep
|turn|6
|inactive|Criminal girls has 120 seconds left.
|
|move|p2a: Aegislash|Substitute|p2a: Aegislash
|-start|p2a: Aegislash|Substitute
|-damage|p2a: Aegislash|75/100
|move|p1a: PIÑATA|Iron Defense|p1a: PIÑATA
|-boost|p1a: PIÑATA|def|2
|
|-heal|p2a: Aegislash|82/100|[from] item: Leftovers
|upkeep
|turn|7
|inactive|Criminal girls has 120 seconds left.
|
|-formechange|p2a: Aegislash|Aegislash-Blade||[from] ability: Stance Change
|move|p2a: Aegislash|Shadow Ball|p1a: PIÑATA
|-damage|p1a: PIÑATA|59/100
|move|p1a: PIÑATA|Gyro Ball|p2a: Aegislash
|-resisted|p2a: Aegislash
|-end|p2a: Aegislash|Substitute
|
|-heal|p2a: Aegislash|88/100|[from] item: Leftovers
|upkeep
|turn|8
|inactive|Criminal girls has 120 seconds left.
|
|-formechange|p2a: Aegislash|Aegislash||[from] ability: Stance Change
|move|p2a: Aegislash|King's Shield|p2a: Aegislash
|-singleturn|p2a: Aegislash|Protect
|move|p1a: PIÑATA|Leech Seed|p2a: Aegislash
|-start|p2a: Aegislash|move: Leech Seed
|
|-heal|p2a: Aegislash|94/100|[from] item: Leftovers
|-damage|p2a: Aegislash|82/100|[from] Leech Seed|[of] p1a: PIÑATA
|-heal|p1a: PIÑATA|71/100|[silent]
|upkeep
|turn|9
|inactive|Criminal girls has 120 seconds left.
|
|switch|p2a: Ferrothorn|Ferrothorn, F|79/100
|-damage|p2a: Ferrothorn|72/100|[from] Stealth Rock
|move|p1a: PIÑATA|Gyro Ball|p2a: Ferrothorn
|-resisted|p2a: Ferrothorn
|-damage|p2a: Ferrothorn|70/100
|-damage|p1a: PIÑATA|59/100|[from] ability: Iron Barbs|[of] p2a: Ferrothorn
|
|-heal|p2a: Ferrothorn|76/100|[from] item: Leftovers
|upkeep
|turn|10
|inactive|nogigantwaifus has 120 seconds left.
|
|switch|p1a: Toxapex|Toxapex, M, shiny|100/100
|move|p2a: Ferrothorn|Spikes|p1a: Toxapex
|-sidestart|p1: nogigantwaifus|Spikes
|
|-heal|p2a: Ferrothorn|82/100|[from] item: Leftovers
|upkeep
|turn|11
|inactive|Criminal girls has 120 seconds left.
|
|move|p1a: Toxapex|Toxic Spikes|p2a: Ferrothorn
|-sidestart|p2: Criminal girls|move: Toxic Spikes
|move|p2a: Ferrothorn|Leech Seed|p1a: Toxapex
|-start|p1a: Toxapex|move: Leech Seed
|
|-heal|p2a: Ferrothorn|88/100|[from] item: Leftovers
|-damage|p1a: Toxapex|88/100|[from] Leech Seed|[of] p2a: Ferrothorn
|-heal|p2a: Ferrothorn|99/100|[silent]
|upkeep
|turn|12
|inactive|Criminal girls has 120 seconds left.
|
|switch|p1a: Pelipper|Pelipper, F|64/100 tox
|-weather|RainDance|[from] ability: Drizzle|[of] p1a: Pelipper
|move|p2a: Ferrothorn|Power Whip|p1a: Pelipper
|-damage|p1a: Pelipper|17/100 tox
|
|-weather|RainDance|[upkeep]
|-heal|p2a: Ferrothorn|100/100|[from] item: Leftovers
|-damage|p1a: Pelipper|10/100 tox|[from] psn
|upkeep
|turn|13
|inactive|Criminal girls has 120 seconds left.
|
|switch|p1a: TOXICA|Toxicroak, F|100/100
|-damage|p1a: TOXICA|88/100|[from] Spikes
|move|p2a: Ferrothorn|Spikes|p1a: TOXICA
|-sidestart|p1: nogigantwaifus|Spikes
|
|-weather|RainDance|[upkeep]
|-heal|p1a: TOXICA|100/100|[from] ability: Dry Skin
|upkeep
|turn|14
|inactive|Criminal girls has 120 seconds left.
|
|move|p1a: TOXICA|Swords Dance|p1a: TOXICA
|-boost|p1a: TOXICA|atk|2
|move|p2a: Ferrothorn|Leech Seed|p1a: TOXICA
|-start|p1a: TOXICA|move: Leech Seed
|
|-weather|RainDance|[upkeep]
|-damage|p1a: TOXICA|88/100|[from] Leech Seed|[of] p2a: Ferrothorn
|upkeep
|turn|15
|inactive|Criminal girls has 120 seconds left.
|
|switch|p2a: Aegislash|Aegislash, M|82/100
|-damage|p2a: Aegislash|75/100|[from] Stealth Rock
|move|p1a: TOXICA|Swords Dance|p1a: TOXICA
|-boost|p1a: TOXICA|atk|2
|
|-weather|RainDance|[upkeep]
|-heal|p1a: TOXICA|100/100|[from] ability: Dry Skin
|-heal|p2a: Aegislash|82/100|[from] item: Leftovers
|-damage|p1a: TOXICA|88/100|[from] Leech Seed|[of] p2a: Aegislash
|-heal|p2a: Aegislash|95/100|[silent]
|upkeep
|turn|16
|inactive|nogigantwaifus has 120 seconds left.
|inactive|Criminal girls has 120 seconds left.
|
|move|p2a: Aegislash|King's Shield|p2a: Aegislash
|-singleturn|p2a: Aegislash|Protect
|move|p1a: TOXICA|Sucker Punch||[still]
|-fail|p1a: TOXICA
|
|-weather|none
|-heal|p2a: Aegislash|100/100|[from] item: Leftovers
|-damage|p1a: TOXICA|76/100|[from] Leech Seed|[of] p2a: Aegislash
|upkeep
|turn|17
|inactive|Criminal girls has 120 seconds left.
|
|switch|p1a: Piloswine|Piloswine, F, shiny|100/100
|-damage|p1a: Piloswine|84/100|[from] Spikes
|move|p2a: Aegislash|Substitute|p2a: Aegislash
|-start|p2a: Aegislash|Substitute
|-damage|p2a: Aegislash|75/100
|
|-heal|p2a: Aegislash|82/100|[from] item: Leftovers
|upkeep
|turn|18
|inactive|Criminal girls has 120 seconds left.
|
|-formechange|p2a: Aegislash|Aegislash-Blade||[from] ability: Stance Change
|move|p2a: Aegislash|Flash Cannon|p1a: Piloswine
|-supereffective|p1a: Piloswine
|-damage|p1a: Piloswine|30/100
|move|p1a: Piloswine|Earthquake|p2a: Aegislash
|-supereffective|p2a: Aegislash
|-end|p2a: Aegislash|Substitute
|
|-heal|p2a: Aegislash|88/100|[from] item: Leftovers
|upkeep
|turn|19
|inactive|nogigantwaifus has 120 seconds left.
|inactive|Criminal girls has 120 seconds left.
|
|-formechange|p2a: Aegislash|Aegislash||[from] ability: Stance Change
|move|p2a: Aegislash|King's Shield|p2a: Aegislash
|-singleturn|p2a: Aegislash|Protect
|move|p1a: Piloswine|Earthquake|p2a: Aegislash
|-activate|p2a: Aegislash|move: Protect
|
|-heal|p2a: Aegislash|94/100|[from] item: Leftovers
|upkeep
|turn|20
|inactive|nogigantwaifus has 120 seconds left.
|
|switch|p2a: Mandibuzz|Mandibuzz, F|100/100
|move|p1a: Piloswine|Earthquake|p2a: Mandibuzz
|-immune|p2a: Mandibuzz
|
|upkeep
|turn|21
|
|move|p2a: Mandibuzz|Knock Off|p1a: Piloswine
|-damage|p1a: Piloswine|13/100
|-enditem|p1a: Piloswine|Eviolite|[from] move: Knock Off|[of] p2a: Mandibuzz
|move|p1a: Piloswine|Rest|p1a: Piloswine
|-status|p1a: Piloswine|slp|[from] move: Rest
|-heal|p1a: Piloswine|100/100 slp|[silent]
|
|upkeep
|turn|22
|inactive|Criminal girls has 120 seconds left.
|
|move|p2a: Mandibuzz|Defog|p1a: Piloswine
|-unboost|p1a: Piloswine|evasion|1
|-sideend|p1: nogigantwaifus|Spikes|[from] move: Defog|[of] p2a: Mandibuzz
|-sideend|p2: Criminal girls|Toxic Spikes|[from] move: Defog|[of] p2a: Mandibuzz
|-sideend|p2: Criminal girls|Stealth Rock|[from] move: Defog|[of] p2a: Mandibuzz
|cant|p1a: Piloswine|slp
|move|p1a: Piloswine|Sleep Talk|p1a: Piloswine
|move|p1a: Piloswine|Avalanche|p2a: Mandibuzz|[from]Sleep Talk
|-supereffective|p2a: Mandibuzz
|-damage|p2a: Mandibuzz|68/100
|
|upkeep
|turn|23
|inactive|Criminal girls has 120 seconds left.
|
|move|p2a: Mandibuzz|U-turn|p1a: Piloswine
|-damage|p1a: Piloswine|88/100 slp
|
|switch|p2a: Rotom|Rotom-Heat|100/100|[from]move: U-turn
|cant|p1a: Piloswine|slp
|move|p1a: Piloswine|Sleep Talk|p1a: Piloswine
|move|p1a: Piloswine|Avalanche|p2a: Rotom|[from]Sleep Talk
|-resisted|p2a: Rotom
|-damage|p2a: Rotom|90/100
|
|-heal|p2a: Rotom|97/100|[from] item: Leftovers
|upkeep
|turn|24
|
|move|p2a: Rotom|Nasty Plot|p2a: Rotom
|-boost|p2a: Rotom|spa|2
|-curestatus|p1a: Piloswine|slp|[msg]
|move|p1a: Piloswine|Avalanche|p2a: Rotom
|-resisted|p2a: Rotom
|-damage|p2a: Rotom|85/100
|
|-heal|p2a: Rotom|91/100|[from] item: Leftovers
|upkeep
|turn|25
|inactive|Criminal girls has 120 seconds left.
|
|move|p2a: Rotom|Overheat|p1a: Piloswine
|-supereffective|p1a: Piloswine
|-damage|p1a: Piloswine|9/100
|-unboost|p2a: Rotom|spa|2
|move|p1a: Piloswine|Avalanche|p2a: Rotom
|-resisted|p2a: Rotom
|-damage|p2a: Rotom|69/100
|
|-heal|p2a: Rotom|75/100|[from] item: Leftovers
|upkeep
|turn|26
|inactive|Criminal girls has 120 seconds left.
|
|move|p2a: Rotom|Overheat|p1a: Piloswine
|-supereffective|p1a: Piloswine
|-damage|p1a: Piloswine|0 fnt
|-unboost|p2a: Rotom|spa|2
|faint|p1a: Piloswine
|
|-heal|p2a: Rotom|81/100|[from] item: Leftovers
|upkeep
|
|switch|p1a: Pelipper|Pelipper, F|10/100 tox
|-weather|RainDance|[from] ability: Drizzle|[of] p1a: Pelipper
|turn|27
|
|switch|p2a: Ferrothorn|Ferrothorn, F|100/100
|move|p1a: Pelipper|Weather Ball|p2a: Ferrothorn
|-resisted|p2a: Ferrothorn
|-damage|p2a: Ferrothorn|79/100
|
|-weather|RainDance|[upkeep]
|-heal|p2a: Ferrothorn|85/100|[from] item: Leftovers
|-damage|p1a: Pelipper|4/100 tox|[from] psn
|upkeep
|turn|28
|inactive|Criminal girls has 120 seconds left.
|
|switch|p1a: TOXICA|Toxicroak, F|76/100
|move|p2a: Ferrothorn|Spikes|p1a: TOXICA
|-sidestart|p1: nogigantwaifus|Spikes
|
|-weather|RainDance|[upkeep]
|-heal|p1a: TOXICA|88/100|[from] ability: Dry Skin
|-heal|p2a: Ferrothorn|91/100|[from] item: Leftovers
|upkeep
|turn|29
|
|switch|p2a: Aegislash|Aegislash, M|94/100
|move|p1a: TOXICA|Drain Punch|p2a: Aegislash
|-immune|p2a: Aegislash
|
|-weather|RainDance|[upkeep]
|-heal|p1a: TOXICA|100/100|[from] ability: Dry Skin
|-heal|p2a: Aegislash|99/100|[from] item: Leftovers
|upkeep
|turn|30
|
|move|p1a: TOXICA|Swords Dance|p1a: TOXICA
|-boost|p1a: TOXICA|atk|2
|move|p2a: Aegislash|Substitute|p2a: Aegislash
|-start|p2a: Aegislash|Substitute
|-damage|p2a: Aegislash|75/100
|
|-weather|RainDance|[upkeep]
|-heal|p2a: Aegislash|81/100|[from] item: Leftovers
|upkeep
|turn|31
|inactive|Criminal girls has 120 seconds left.
|inactive|nogigantwaifus has 120 seconds left.
|
|switch|p1a: Toxapex|Toxapex, M, shiny|100/100
|-damage|p1a: Toxapex|88/100|[from] Spikes
|move|p2a: Aegislash|King's Shield||[still]
|-fail|p2a: Aegislash
|
|-weather|none
|-heal|p2a: Aegislash|88/100|[from] item: Leftovers
|-heal|p1a: Toxapex|94/100|[from] item: Black Sludge
|upkeep
|turn|32
|inactive|nogigantwaifus has 120 seconds left.
|inactive|Criminal girls has 120 seconds left.
|
|-formechange|p2a: Aegislash|Aegislash-Blade||[from] ability: Stance Change
|move|p2a: Aegislash|Shadow Ball|p1a: Toxapex
|-damage|p1a: Toxapex|66/100
|move|p1a: Toxapex|Toxic Spikes|p2a: Aegislash
|-sidestart|p2: Criminal girls|move: Toxic Spikes
|
|-heal|p2a: Aegislash|94/100|[from] item: Leftovers
|-heal|p1a: Toxapex|71/100|[from] item: Black Sludge
|upkeep
|turn|33
|inactive|Criminal girls has 120 seconds left.
|
|-formechange|p2a: Aegislash|Aegislash||[from] ability: Stance Change
|move|p2a: Aegislash|King's Shield|p2a: Aegislash
|-singleturn|p2a: Aegislash|Protect
|move|p1a: Toxapex|Toxic Spikes|p2a: Aegislash
|-sidestart|p2: Criminal girls|move: Toxic Spikes
|
|-heal|p2a: Aegislash|99/100|[from] item: Leftovers
|-heal|p1a: Toxapex|77/100|[from] item: Black Sludge
|upkeep
|turn|34
|inactive|Criminal girls has 120 seconds left.
|
|-formechange|p2a: Aegislash|Aegislash-Blade||[from] ability: Stance Change
|move|p2a: Aegislash|Shadow Ball|p1a: Toxapex
|-damage|p1a: Toxapex|46/100
|-unboost|p1a: Toxapex|spd|1
|move|p1a: Toxapex|Infestation|p2a: Aegislash
|-resisted|p2a: Aegislash
|-activate|p2a: Aegislash|move: Substitute|[damage]
|
|-heal|p2a: Aegislash|100/100|[from] item: Leftovers
|-heal|p1a: Toxapex|52/100|[from] item: Black Sludge
|upkeep
|turn|35
|inactive|Criminal girls has 120 seconds left.
|
|move|p1a: Toxapex|Baneful Bunker|p1a: Toxapex
|-singleturn|p1a: Toxapex|move: Protect
|move|p2a: Aegislash|Shadow Ball|p1a: Toxapex
|-activate|p1a: Toxapex|move: Protect
|
|-heal|p1a: Toxapex|58/100|[from] item: Black Sludge
|upkeep
|turn|36
|
|move|p2a: Aegislash|Shadow Ball|p1a: Toxapex
|-damage|p1a: Toxapex|10/100
|-unboost|p1a: Toxapex|spd|1
|move|p1a: Toxapex|Toxic Spikes||[still]
|-fail|p1a: Toxapex
|
|-heal|p1a: Toxapex|16/100|[from] item: Black Sludge
|upkeep
|turn|37
|
|move|p1a: Toxapex|Baneful Bunker|p1a: Toxapex
|-singleturn|p1a: Toxapex|move: Protect
|move|p2a: Aegislash|Shadow Ball|p1a: Toxapex
|-activate|p1a: Toxapex|move: Protect
|
|-heal|p1a: Toxapex|22/100|[from] item: Black Sludge
|upkeep
|turn|38
|
|switch|p1a: PIÑATA|Ferrothorn, F|59/100
|-damage|p1a: PIÑATA|46/100|[from] Spikes
|move|p2a: Aegislash|Shadow Ball|p1a: PIÑATA
|-damage|p1a: PIÑATA|9/100
|-enditem|p1a: PIÑATA|Aguav Berry|[eat]
|-heal|p1a: PIÑATA|42/100|[from] item: Aguav Berry
|
|upkeep
|turn|39
|
|move|p2a: Aegislash|Shadow Ball|p1a: PIÑATA
|-crit|p1a: PIÑATA
|-damage|p1a: PIÑATA|0 fnt
|faint|p1a: PIÑATA
|
|upkeep
|-message|nogigantwaifus forfeited.
|
|win|Criminal girls
|l|☆nogigantwaifus
|raw|nogigantwaifus's rating: 1461 → 1440(-21 for losing)
|raw|Criminal girls's rating: 1447 → 1468(+21 for winning)
