|ScrapeTime|2020-01-02-15:05:33
|j|☆Pavijo28
|j|☆The Last Hero
|player|p1|Pavijo28|282|1809
|player|p2|The Last Hero|acetrainersnow|1777
|teamsize|p1|6
|teamsize|p2|6
|gametype|singles
|gen|8
|tier|[Gen 8] OU
|rated|
|rule|Sleep Clause Mod: Limit one foe put to sleep
|rule|Species Clause: Limit one of each Pokémon
|rule|OHKO Clause: OHKO moves are banned
|rule|Evasion Moves Clause: Evasion moves are banned
|rule|Endless Battle Clause: Forcing endless battles is banned
|rule|HP Percentage Mod: HP is shown in percentages
|clearpoke
|poke|p1|Mimikyu, M|
|poke|p1|Hatterene, F|
|poke|p1|Indeedee, M|
|poke|p1|Arctozolt|
|poke|p1|Jellicent, F|
|poke|p1|Diggersby, M|
|poke|p2|Tyranitar, F|
|poke|p2|Excadrill, M|
|poke|p2|Sigilyph, M|
|poke|p2|Dhelmise|
|poke|p2|Seismitoad, M|
|poke|p2|Rotom-Heat|
|rule|Dynamax Clause: You cannot dynamax
|teampreview
|j| El Pogo Loco
|inactive|Battle timer is ON: inactive players will automatically lose when time's up. (requested by The Last Hero)
|j| g1ble
|j| ahhhaaaaa
|j| lonelylando
|l| ahhhaaaaa
|
|start
|switch|p1a: Indeedee|Indeedee, M|100/100
|switch|p2a: Jurasica|Tyranitar, F|100/100
|-weather|Sandstorm|[from] ability: Sand Stream|[of] p2a: Jurasica
|-fieldstart|move: Psychic Terrain|[from] ability: Psychic Surge|[of] p1a: Indeedee
|turn|1
|j| GindarasonPillows
|
|move|p2a: Jurasica|Crunch|p1a: Indeedee
|-supereffective|p1a: Indeedee
|-enditem|p1a: Indeedee|Focus Sash
|-damage|p1a: Indeedee|1/100
|move|p1a: Indeedee|Trick Room|p1a: Indeedee
|-fieldstart|move: Trick Room|[of] p1a: Indeedee
|
|-weather|Sandstorm|[upkeep]
|-damage|p1a: Indeedee|0 fnt|[from] Sandstorm
|faint|p1a: Indeedee
|upkeep
|
|switch|p1a: Arctozolt|Arctozolt|100/100
|turn|2
|
|switch|p2a: Vibracio|Seismitoad, M|100/100
|move|p1a: Arctozolt|Low Kick|p2a: Vibracio
|-crit|p2a: Vibracio
|-damage|p2a: Vibracio|64/100
|-damage|p1a: Arctozolt|91/100|[from] item: Life Orb
|
|-weather|Sandstorm|[upkeep]
|-damage|p1a: Arctozolt|85/100|[from] Sandstorm
|-heal|p2a: Vibracio|70/100|[from] item: Leftovers
|upkeep
|turn|3
|
|move|p2a: Vibracio|Protect|p2a: Vibracio
|-singleturn|p2a: Vibracio|Protect
|move|p1a: Arctozolt|Freeze-Dry|p2a: Vibracio
|-activate|p2a: Vibracio|move: Protect
|
|-weather|Sandstorm|[upkeep]
|-damage|p1a: Arctozolt|79/100|[from] Sandstorm
|-heal|p2a: Vibracio|77/100|[from] item: Leftovers
|upkeep
|turn|4
|
|switch|p2a: Tostadora|Rotom-Heat|100/100
|move|p1a: Arctozolt|Bolt Beak|p2a: Tostadora
|-resisted|p2a: Tostadora
|-damage|p2a: Tostadora|46/100
|-damage|p1a: Arctozolt|69/100|[from] item: Life Orb
|
|-weather|Sandstorm|[upkeep]
|-damage|p1a: Arctozolt|63/100|[from] Sandstorm
|-damage|p2a: Tostadora|40/100|[from] Sandstorm
|-heal|p2a: Tostadora|46/100|[from] item: Leftovers
|upkeep
|turn|5
|
|switch|p2a: Sexcadrill|Excadrill, M|100/100
|move|p1a: Arctozolt|Bolt Beak|p2a: Sexcadrill
|-immune|p2a: Sexcadrill
|
|-weather|none
|-fieldend|move: Psychic Terrain
|-fieldend|move: Trick Room
|upkeep
|turn|6
|
|switch|p1a: Jellicent|Jellicent, F|100/100
|move|p2a: Sexcadrill|Earthquake|p1a: Jellicent
|-damage|p1a: Jellicent|51/100
|-damage|p2a: Sexcadrill|91/100|[from] item: Life Orb
|
|-heal|p1a: Jellicent|57/100|[from] item: Leftovers
|upkeep
|turn|7
|
|switch|p2a: Tostadora|Rotom-Heat|46/100
|move|p1a: Jellicent|Trick Room|p1a: Jellicent
|-fieldstart|move: Trick Room|[of] p1a: Jellicent
|
|-heal|p1a: Jellicent|63/100|[from] item: Leftovers
|-heal|p2a: Tostadora|52/100|[from] item: Leftovers
|upkeep
|turn|8
|
|switch|p1a: Arctozolt|Arctozolt|63/100
|switch|p2a: Vibracio|Seismitoad, M|77/100
|
|-heal|p2a: Vibracio|83/100|[from] item: Leftovers
|upkeep
|turn|9
|
|move|p2a: Vibracio|Protect|p2a: Vibracio
|-singleturn|p2a: Vibracio|Protect
|move|p1a: Arctozolt|Freeze-Dry|p2a: Vibracio
|-activate|p2a: Vibracio|move: Protect
|
|-heal|p2a: Vibracio|89/100|[from] item: Leftovers
|upkeep
|turn|10
|
|switch|p2a: Jurasica|Tyranitar, F|100/100
|-weather|Sandstorm|[from] ability: Sand Stream|[of] p2a: Jurasica
|move|p1a: Arctozolt|Freeze-Dry|p2a: Jurasica
|-damage|p2a: Jurasica|82/100
|-damage|p1a: Arctozolt|53/100|[from] item: Life Orb
|
|-weather|Sandstorm|[upkeep]
|-damage|p1a: Arctozolt|47/100|[from] Sandstorm
|upkeep
|turn|11
|
|switch|p2a: Tostadora|Rotom-Heat|52/100
|move|p1a: Arctozolt|Low Kick|p2a: Tostadora
|-damage|p2a: Tostadora|42/100
|-damage|p1a: Arctozolt|37/100|[from] item: Life Orb
|
|-weather|Sandstorm|[upkeep]
|-damage|p1a: Arctozolt|31/100|[from] Sandstorm
|-damage|p2a: Tostadora|36/100|[from] Sandstorm
|-heal|p2a: Tostadora|42/100|[from] item: Leftovers
|-fieldend|move: Trick Room
|upkeep
|turn|12
|
|move|p2a: Tostadora|Volt Switch|p1a: Arctozolt
|-heal|p1a: Arctozolt|56/100|[from] ability: Volt Absorb|[of] p2a: Tostadora
|move|p1a: Arctozolt|Bolt Beak|p2a: Tostadora
|-resisted|p2a: Tostadora
|-damage|p2a: Tostadora|17/100
|-damage|p1a: Arctozolt|46/100|[from] item: Life Orb
|
|-weather|Sandstorm|[upkeep]
|-damage|p2a: Tostadora|11/100|[from] Sandstorm
|-damage|p1a: Arctozolt|40/100|[from] Sandstorm
|-heal|p2a: Tostadora|17/100|[from] item: Leftovers
|upkeep
|turn|13
|
|move|p2a: Tostadora|Overheat|p1a: Arctozolt
|-supereffective|p1a: Arctozolt
|-damage|p1a: Arctozolt|0 fnt
|-unboost|p2a: Tostadora|spa|2
|faint|p1a: Arctozolt
|
|-weather|Sandstorm|[upkeep]
|-damage|p2a: Tostadora|11/100|[from] Sandstorm
|-heal|p2a: Tostadora|17/100|[from] item: Leftovers
|upkeep
|
|switch|p1a: Diggersby|Diggersby, M|100/100
|turn|14
|
|switch|p2a: Yakor|Dhelmise, shiny|100/100
|move|p1a: Diggersby|Swords Dance|p1a: Diggersby
|-boost|p1a: Diggersby|atk|2
|
|-weather|none
|upkeep
|turn|15
|
|switch|p2a: Jurasica|Tyranitar, F|82/100
|-weather|Sandstorm|[from] ability: Sand Stream|[of] p2a: Jurasica
|move|p1a: Diggersby|Fire Punch|p2a: Jurasica
|-resisted|p2a: Jurasica
|-damage|p2a: Jurasica|54/100
|
|-weather|Sandstorm|[upkeep]
|upkeep
|turn|16
|
|move|p1a: Diggersby|Earthquake|p2a: Jurasica
|-supereffective|p2a: Jurasica
|-damage|p2a: Jurasica|0 fnt
|faint|p2a: Jurasica
|
|-weather|Sandstorm|[upkeep]
|upkeep
|
|switch|p2a: Sexcadrill|Excadrill, M|91/100
|turn|17
|
|move|p2a: Sexcadrill|Earthquake|p1a: Diggersby
|-damage|p1a: Diggersby|13/100
|-damage|p2a: Sexcadrill|81/100|[from] item: Life Orb
|move|p1a: Diggersby|Fire Punch|p2a: Sexcadrill
|-supereffective|p2a: Sexcadrill
|-damage|p2a: Sexcadrill|0 fnt
|faint|p2a: Sexcadrill
|
|-weather|Sandstorm|[upkeep]
|-heal|p1a: Diggersby|19/100|[from] item: Leftovers
|upkeep
|
|switch|p2a: Sigilipollas|Sigilyph, M|100/100
|turn|18
|j| Hippytrox
|
|move|p1a: Diggersby|Quick Attack|p2a: Sigilipollas
|-damage|p2a: Sigilipollas|25/100
|move|p2a: Sigilipollas|Psychic|p1a: Diggersby
|-damage|p1a: Diggersby|0 fnt
|faint|p1a: Diggersby
|
|-weather|Sandstorm|[upkeep]
|upkeep
|
|switch|p1a: Dayo|Mimikyu, M|100/100
|turn|19
|
|move|p1a: Dayo|Shadow Sneak|p2a: Sigilipollas
|-supereffective|p2a: Sigilipollas
|-damage|p2a: Sigilipollas|0 fnt
|faint|p2a: Sigilipollas
|
|-weather|none
|upkeep
|
|switch|p2a: Vibracio|Seismitoad, M|89/100
|turn|20
|
|switch|p1a: Hatterene|Hatterene, F|100/100
|move|p2a: Vibracio|Scald|p1a: Hatterene
|-damage|p1a: Hatterene|73/100
|
|-heal|p2a: Vibracio|95/100|[from] item: Leftovers
|-heal|p1a: Hatterene|79/100|[from] item: Leftovers
|upkeep
|turn|21
|
|switch|p2a: Yakor|Dhelmise, shiny|100/100
|move|p1a: Hatterene|Trick Room|p1a: Hatterene
|-fieldstart|move: Trick Room|[of] p1a: Hatterene
|
|-heal|p1a: Hatterene|85/100|[from] item: Leftovers
|upkeep
|turn|22
|
|move|p1a: Hatterene|Mystical Fire|p2a: Yakor
|-supereffective|p2a: Yakor
|-damage|p2a: Yakor|47/100
|-unboost|p2a: Yakor|spa|1
|move|p2a: Yakor|Anchor Shot|p1a: Hatterene
|-supereffective|p1a: Hatterene
|-damage|p1a: Hatterene|20/100
|-activate|p1a: Hatterene|trapped
|
|-heal|p1a: Hatterene|26/100|[from] item: Leftovers
|-heal|p2a: Yakor|54/100|[from] item: Leftovers
|upkeep
|turn|23
|j| ahhhaaaaa
|
|move|p1a: Hatterene|Mystical Fire|p2a: Yakor
|-supereffective|p2a: Yakor
|-damage|p2a: Yakor|7/100
|-unboost|p2a: Yakor|spa|1
|move|p2a: Yakor|Anchor Shot|p1a: Hatterene
|-supereffective|p1a: Hatterene
|-damage|p1a: Hatterene|0 fnt
|faint|p1a: Hatterene
|
|-heal|p2a: Yakor|14/100|[from] item: Leftovers
|upkeep
|
|switch|p1a: Jellicent|Jellicent, F|63/100
|turn|24
|
|move|p1a: Jellicent|Hex|p2a: Yakor
|-supereffective|p2a: Yakor
|-damage|p2a: Yakor|0 fnt
|faint|p2a: Yakor
|
|-heal|p1a: Jellicent|69/100|[from] item: Leftovers
|upkeep
|j| Andrewxgamer
|
|switch|p2a: Vibracio|Seismitoad, M|95/100
|turn|25
|
|move|p1a: Jellicent|Hex|p2a: Vibracio
|-damage|p2a: Vibracio|72/100
|move|p2a: Vibracio|Earth Power|p1a: Jellicent
|-damage|p1a: Jellicent|48/100
|
|-heal|p1a: Jellicent|55/100|[from] item: Leftovers
|-heal|p2a: Vibracio|78/100|[from] item: Leftovers
|-fieldend|move: Trick Room
|upkeep
|turn|26
|l| Andrewxgamer
|
|move|p2a: Vibracio|Earth Power|p1a: Jellicent
|-damage|p1a: Jellicent|32/100
|move|p1a: Jellicent|Trick Room|p1a: Jellicent
|-fieldstart|move: Trick Room|[of] p1a: Jellicent
|
|-heal|p1a: Jellicent|38/100|[from] item: Leftovers
|-heal|p2a: Vibracio|84/100|[from] item: Leftovers
|upkeep
|turn|27
|
|move|p1a: Jellicent|Will-O-Wisp|p2a: Vibracio
|-status|p2a: Vibracio|brn
|move|p2a: Vibracio|Earth Power|p1a: Jellicent
|-damage|p1a: Jellicent|16/100
|
|-heal|p1a: Jellicent|23/100|[from] item: Leftovers
|-heal|p2a: Vibracio|90/100 brn|[from] item: Leftovers
|-damage|p2a: Vibracio|84/100 brn|[from] brn
|upkeep
|turn|28
|
|move|p1a: Jellicent|Strength Sap|p2a: Vibracio
|-unboost|p2a: Vibracio|atk|1
|-heal|p1a: Jellicent|66/100
|move|p2a: Vibracio|Earth Power|p1a: Jellicent
|-damage|p1a: Jellicent|44/100
|
|-heal|p1a: Jellicent|50/100|[from] item: Leftovers
|-heal|p2a: Vibracio|90/100 brn|[from] item: Leftovers
|-damage|p2a: Vibracio|84/100 brn|[from] brn
|upkeep
|turn|29
|
|move|p1a: Jellicent|Hex|p2a: Vibracio
|-damage|p2a: Vibracio|41/100 brn
|move|p2a: Vibracio|Earth Power|p1a: Jellicent
|-crit|p1a: Jellicent
|-damage|p1a: Jellicent|17/100
|
|-heal|p1a: Jellicent|23/100|[from] item: Leftovers
|-heal|p2a: Vibracio|47/100 brn|[from] item: Leftovers
|-damage|p2a: Vibracio|41/100 brn|[from] brn
|upkeep
|turn|30
|j| lustful devil king
|
|move|p1a: Jellicent|Hex|p2a: Vibracio
|-damage|p2a: Vibracio|0 fnt
|faint|p2a: Vibracio
|
|-heal|p1a: Jellicent|29/100|[from] item: Leftovers
|-fieldend|move: Trick Room
|upkeep
|
|switch|p2a: Tostadora|Rotom-Heat|17/100
|turn|31
|
|move|p2a: Tostadora|Volt Switch|p1a: Jellicent
|-supereffective|p1a: Jellicent
|-damage|p1a: Jellicent|0 fnt
|faint|p1a: Jellicent
|
|-heal|p2a: Tostadora|23/100|[from] item: Leftovers
|upkeep
|
|switch|p1a: Dayo|Mimikyu, M|100/100
|turn|32
|
|move|p1a: Dayo|Shadow Sneak|p2a: Tostadora
|-damage|p2a: Tostadora|3/100
|move|p2a: Tostadora|Thunder Wave|p1a: Dayo|[miss]
|-miss|p2a: Tostadora|p1a: Dayo
|
|-heal|p2a: Tostadora|9/100|[from] item: Leftovers
|upkeep
|turn|33
|
|move|p1a: Dayo|Shadow Sneak|p2a: Tostadora
|-damage|p2a: Tostadora|0 fnt
|faint|p2a: Tostadora
|
|win|Pavijo28
|l|☆The Last Hero
|raw|Pavijo28's rating: 1809 → 1827(+18 for winning)
|raw|The Last Hero's rating: 1777 → 1759(-18 for losing)
|l| g1ble
|l|☆Pavijo28
|l| El Pogo Loco
|l| lonelylando
