|ScrapeTime|2020-01-03-01:11:10
|j|☆AgileInertia
|j|☆NexoHater
|player|p1|AgileInertia|266|1045
|player|p2|NexoHater|ghetsis|1062
|teamsize|p1|6
|teamsize|p2|6
|gametype|singles
|gen|8
|tier|[Gen 8] OU
|rated|
|rule|Sleep Clause Mod: Limit one foe put to sleep
|rule|Species Clause: Limit one of each Pokémon
|rule|OHKO Clause: OHKO moves are banned
|rule|Evasion Moves Clause: Evasion moves are banned
|rule|Endless Battle Clause: Forcing endless battles is banned
|rule|HP Percentage Mod: HP is shown in percentages
|clearpoke
|poke|p1|Golisopod, F|
|poke|p1|Hatterene, F|
|poke|p1|Bisharp, M|
|poke|p1|Araquanid, F|
|poke|p1|Claydol|
|poke|p1|Ribombee, M|
|poke|p2|Cinderace, M|
|poke|p2|Corviknight, M|
|poke|p2|Dragapult, M|
|poke|p2|Excadrill, M|
|poke|p2|Grimmsnarl, M|
|poke|p2|Rotom-Wash|
|rule|Dynamax Clause: You cannot dynamax
|teampreview
|
|start
|switch|p1a: Hatterene|Hatterene, F|100/100
|switch|p2a: Taupinette|Excadrill, M|100/100
|-ability|p2a: Taupinette|Mold Breaker
|turn|1
|
|move|p2a: Taupinette|Stealth Rock|p1a: Hatterene
|-sidestart|p1: AgileInertia|move: Stealth Rock
|move|p1a: Hatterene|Mystical Fire|p2a: Taupinette
|-supereffective|p2a: Taupinette
|-damage|p2a: Taupinette|18/100
|-unboost|p2a: Taupinette|spa|1
|
|upkeep
|turn|2
|
|move|p2a: Taupinette|Iron Head|p1a: Hatterene
|-supereffective|p1a: Hatterene
|-damage|p1a: Hatterene|0 fnt
|faint|p1a: Hatterene
|
|upkeep
|
|switch|p1a: Ribombee|Ribombee, M|100/100
|-damage|p1a: Ribombee|76/100|[from] Stealth Rock
|turn|3
|
|switch|p2a: Nesquik|Cinderace, M|100/100
|move|p1a: Ribombee|U-turn|p2a: Nesquik
|-resisted|p2a: Nesquik
|-damage|p2a: Nesquik|90/100
|
|switch|p1a: Araquanid|Araquanid, F|100/100|[from]move: U-turn
|-damage|p1a: Araquanid|75/100|[from] Stealth Rock
|
|-heal|p1a: Araquanid|82/100|[from] item: Leftovers
|upkeep
|turn|4
|
|move|p2a: Nesquik|U-turn|p1a: Araquanid
|-damage|p1a: Araquanid|62/100
|
|switch|p2a: Électroménager|Rotom-Wash|100/100|[from]move: U-turn
|move|p1a: Araquanid|Aqua Ring|p1a: Araquanid
|-start|p1a: Araquanid|Aqua Ring
|
|-heal|p1a: Araquanid|68/100|[from] item: Leftovers
|-heal|p1a: Araquanid|74/100|[from] Aqua Ring
|upkeep
|turn|5
|
|move|p1a: Araquanid|Protect|p1a: Araquanid
|-singleturn|p1a: Araquanid|Protect
|move|p2a: Électroménager|Volt Switch|p1a: Araquanid
|-activate|p1a: Araquanid|move: Protect
|
|-heal|p1a: Araquanid|80/100|[from] item: Leftovers
|-heal|p1a: Araquanid|86/100|[from] Aqua Ring
|upkeep
|turn|6
|
|switch|p1a: Claydol|Claydol|100/100
|-damage|p1a: Claydol|94/100|[from] Stealth Rock
|move|p2a: Électroménager|Volt Switch|p1a: Claydol
|-immune|p1a: Claydol
|
|-heal|p1a: Claydol|100/100|[from] item: Leftovers
|upkeep
|turn|7
|
|move|p2a: Électroménager|Hydro Pump|p1a: Claydol|[miss]
|-miss|p2a: Électroménager|p1a: Claydol
|move|p1a: Claydol|Rapid Spin|p2a: Électroménager
|-damage|p2a: Électroménager|93/100
|-sideend|p1: AgileInertia|Stealth Rock|[from] move: Rapid Spin|[of] p1a: Claydol
|-boost|p1a: Claydol|spe|1
|
|-heal|p2a: Électroménager|99/100|[from] item: Leftovers
|upkeep
|turn|8
|
|switch|p1a: Araquanid|Araquanid, F|86/100
|move|p2a: Électroménager|Hydro Pump|p1a: Araquanid
|-heal|p1a: Araquanid|100/100|[from] ability: Water Absorb|[of] p2a: Électroménager
|
|-heal|p2a: Électroménager|100/100|[from] item: Leftovers
|upkeep
|turn|9
|
|move|p1a: Araquanid|Protect|p1a: Araquanid
|-singleturn|p1a: Araquanid|Protect
|move|p2a: Électroménager|Shadow Ball|p1a: Araquanid
|-activate|p1a: Araquanid|move: Protect
|
|upkeep
|turn|10
|
|switch|p1a: Bisharp|Bisharp, M|100/100
|move|p2a: Électroménager|Volt Switch|p1a: Bisharp
|-crit|p1a: Bisharp
|-damage|p1a: Bisharp|44/100
|
|switch|p2a: Nesquik|Cinderace, M|90/100|[from]move: Volt Switch
|
|upkeep
|turn|11
|
|switch|p1a: Araquanid|Araquanid, F|100/100
|move|p2a: Nesquik|Pyro Ball|p1a: Araquanid
|-damage|p1a: Araquanid|49/100
|
|-heal|p1a: Araquanid|55/100|[from] item: Leftovers
|upkeep
|turn|12
|
|switch|p2a: Électroménager|Rotom-Wash|100/100
|move|p1a: Araquanid|Aqua Ring|p1a: Araquanid
|-start|p1a: Araquanid|Aqua Ring
|
|-heal|p1a: Araquanid|61/100|[from] item: Leftovers
|-heal|p1a: Araquanid|68/100|[from] Aqua Ring
|upkeep
|turn|13
|
|move|p1a: Araquanid|Protect|p1a: Araquanid
|-singleturn|p1a: Araquanid|Protect
|move|p2a: Électroménager|Volt Switch|p1a: Araquanid
|-activate|p1a: Araquanid|move: Protect
|
|-heal|p1a: Araquanid|74/100|[from] item: Leftovers
|-heal|p1a: Araquanid|80/100|[from] Aqua Ring
|upkeep
|turn|14
|
|move|p2a: Électroménager|Hydro Pump|p1a: Araquanid
|-heal|p1a: Araquanid|100/100|[from] ability: Water Absorb|[of] p2a: Électroménager
|move|p1a: Araquanid|Infestation|p2a: Électroménager
|-damage|p2a: Électroménager|96/100
|-activate|p2a: Électroménager|move: Infestation|[of] p1a: Araquanid
|
|-heal|p2a: Électroménager|100/100|[from] item: Leftovers
|-damage|p2a: Électroménager|88/100|[from] move: Infestation|[partiallytrapped]
|upkeep
|turn|15
|
|move|p1a: Araquanid|Protect|p1a: Araquanid
|-singleturn|p1a: Araquanid|Protect
|move|p2a: Électroménager|Volt Switch|p1a: Araquanid
|-activate|p1a: Araquanid|move: Protect
|
|-heal|p2a: Électroménager|94/100|[from] item: Leftovers
|-damage|p2a: Électroménager|82/100|[from] move: Infestation|[partiallytrapped]
|upkeep
|turn|16
|
|move|p2a: Électroménager|Volt Switch|p1a: Araquanid
|-supereffective|p1a: Araquanid
|-damage|p1a: Araquanid|63/100
|
|switch|p2a: Dragapute|Dragapult, M|100/100|[from]move: Volt Switch
|move|p1a: Araquanid|Scald|p2a: Dragapute
|-resisted|p2a: Dragapute
|-crit|p2a: Dragapute
|-damage|p2a: Dragapute|84/100
|
|-heal|p1a: Araquanid|69/100|[from] item: Leftovers
|-heal|p1a: Araquanid|75/100|[from] Aqua Ring
|upkeep
|turn|17
|
|move|p2a: Dragapute|Draco Meteor|p1a: Araquanid
|-damage|p1a: Araquanid|4/100
|-unboost|p2a: Dragapute|spa|2
|move|p1a: Araquanid|Infestation|p2a: Dragapute
|-resisted|p2a: Dragapute
|-damage|p2a: Dragapute|81/100
|-activate|p2a: Dragapute|move: Infestation|[of] p1a: Araquanid
|
|-heal|p1a: Araquanid|10/100|[from] item: Leftovers
|-heal|p1a: Araquanid|16/100|[from] Aqua Ring
|-damage|p2a: Dragapute|68/100|[from] move: Infestation|[partiallytrapped]
|upkeep
|turn|18
|
|move|p1a: Araquanid|Protect|p1a: Araquanid
|-singleturn|p1a: Araquanid|Protect
|move|p2a: Dragapute|Draco Meteor|p1a: Araquanid
|-activate|p1a: Araquanid|move: Protect
|
|-heal|p1a: Araquanid|22/100|[from] item: Leftovers
|-heal|p1a: Araquanid|28/100|[from] Aqua Ring
|-damage|p2a: Dragapute|56/100|[from] move: Infestation|[partiallytrapped]
|upkeep
|turn|19
|
|switch|p1a: Ribombee|Ribombee, M|76/100
|move|p2a: Dragapute|Draco Meteor|p1a: Ribombee
|-immune|p1a: Ribombee
|
|-end|p2a: Dragapute|Infestation|[partiallytrapped]|[silent]
|upkeep
|turn|20
|
|switch|p2a: Corviknight|Corviknight, M|100/100
|-ability|p2a: Corviknight|Pressure
|move|p1a: Ribombee|U-turn|p2a: Corviknight
|-resisted|p2a: Corviknight
|-damage|p2a: Corviknight|97/100
|
|switch|p1a: Claydol|Claydol|100/100|[from]move: U-turn
|
|-heal|p2a: Corviknight|100/100|[from] item: Leftovers
|upkeep
|turn|21
|
|switch|p2a: Électroménager|Rotom-Wash|82/100
|move|p1a: Claydol|Nasty Plot|p1a: Claydol
|-boost|p1a: Claydol|spa|2
|
|-heal|p2a: Électroménager|88/100|[from] item: Leftovers
|upkeep
|turn|22
|
|move|p2a: Électroménager|Hydro Pump|p1a: Claydol|[miss]
|-miss|p2a: Électroménager|p1a: Claydol
|move|p1a: Claydol|Extrasensory|p2a: Électroménager
|-damage|p2a: Électroménager|21/100
|
|-heal|p2a: Électroménager|27/100|[from] item: Leftovers
|upkeep
|turn|23
|
|switch|p1a: Araquanid|Araquanid, F|28/100
|move|p2a: Électroménager|Hydro Pump|p1a: Araquanid
|-heal|p1a: Araquanid|53/100|[from] ability: Water Absorb|[of] p2a: Électroménager
|
|-heal|p2a: Électroménager|33/100|[from] item: Leftovers
|-heal|p1a: Araquanid|60/100|[from] item: Leftovers
|upkeep
|turn|24
|
|move|p2a: Électroménager|Volt Switch|p1a: Araquanid
|-supereffective|p1a: Araquanid
|-damage|p1a: Araquanid|21/100
|
|switch|p2a: Grimmsnarl|Grimmsnarl, M|100/100|[from]move: Volt Switch
|move|p1a: Araquanid|Infestation|p2a: Grimmsnarl
|-damage|p2a: Grimmsnarl|96/100
|-activate|p2a: Grimmsnarl|move: Infestation|[of] p1a: Araquanid
|
|-heal|p1a: Araquanid|27/100|[from] item: Leftovers
|-damage|p2a: Grimmsnarl|83/100|[from] move: Infestation|[partiallytrapped]
|upkeep
|turn|25
|
|move|p1a: Araquanid|Protect|p1a: Araquanid
|-singleturn|p1a: Araquanid|Protect
|move|p2a: Grimmsnarl|Darkest Lariat|p1a: Araquanid
|-activate|p1a: Araquanid|move: Protect
|
|-heal|p1a: Araquanid|33/100|[from] item: Leftovers
|-damage|p2a: Grimmsnarl|71/100|[from] move: Infestation|[partiallytrapped]
|upkeep
|turn|26
|
|move|p2a: Grimmsnarl|Darkest Lariat|p1a: Araquanid
|-damage|p1a: Araquanid|0 fnt
|-damage|p2a: Grimmsnarl|61/100|[from] item: Life Orb
|faint|p1a: Araquanid
|
|-end|p2a: Grimmsnarl|Infestation|[partiallytrapped]|[silent]
|upkeep
|c|☆NexoHater|NIQUE TA MÈRE ENCULÉ DE TA RACE
|
|switch|p1a: Ribombee|Ribombee, M|76/100
|turn|27
|
|move|p2a: Grimmsnarl|Thunder Wave|p1a: Ribombee
|-status|p1a: Ribombee|par
|move|p1a: Ribombee|Acrobatics|p2a: Grimmsnarl
|-damage|p2a: Grimmsnarl|52/100
|
|upkeep
|turn|28
|
|switch|p2a: Taupinette|Excadrill, M|18/100
|-ability|p2a: Taupinette|Mold Breaker
|cant|p1a: Ribombee|par
|
|upkeep
|turn|29
|
|move|p2a: Taupinette|Iron Head|p1a: Ribombee
|-supereffective|p1a: Ribombee
|-damage|p1a: Ribombee|0 fnt
|faint|p1a: Ribombee
|
|upkeep
|
|switch|p1a: Golisopod|Golisopod, F|100/100
|turn|30
|
|switch|p2a: Corviknight|Corviknight, M|100/100
|-ability|p2a: Corviknight|Pressure
|move|p1a: Golisopod|First Impression|p2a: Corviknight
|-resisted|p2a: Corviknight
|-damage|p2a: Corviknight|91/100
|
|-heal|p2a: Corviknight|97/100|[from] item: Leftovers
|upkeep
|turn|31
|
|move|p2a: Corviknight|Brave Bird|p1a: Golisopod
|-supereffective|p1a: Golisopod
|-damage|p1a: Golisopod|26/100
|-damage|p2a: Corviknight|75/100|[from] Recoil
|-activate|p1a: Golisopod|ability: Emergency Exit
|
|switch|p1a: Bisharp|Bisharp, M|44/100
|
|-heal|p2a: Corviknight|81/100|[from] item: Leftovers
|upkeep
|turn|32
|
|switch|p2a: Grimmsnarl|Grimmsnarl, M|52/100
|move|p1a: Bisharp|Stone Edge|p2a: Grimmsnarl
|-damage|p2a: Grimmsnarl|6/100
|
|upkeep
|turn|33
|
|move|p1a: Bisharp|Swords Dance|p1a: Bisharp
|-boost|p1a: Bisharp|atk|2
|move|p2a: Grimmsnarl|Play Rough|p1a: Bisharp
|-damage|p1a: Bisharp|0 fnt
|-damage|p2a: Grimmsnarl|0 fnt|[from] item: Rocky Helmet|[of] p1a: Bisharp
|faint|p1a: Bisharp
|faint|p2a: Grimmsnarl
|
|upkeep
|
|switch|p1a: Claydol|Claydol|100/100
|switch|p2a: Électroménager|Rotom-Wash|33/100
|turn|34
|
|move|p2a: Électroménager|Hydro Pump|p1a: Claydol
|-supereffective|p1a: Claydol
|-damage|p1a: Claydol|26/100
|move|p1a: Claydol|Extrasensory|p2a: Électroménager
|-damage|p2a: Électroménager|1/100
|
|-heal|p2a: Électroménager|8/100|[from] item: Leftovers
|-heal|p1a: Claydol|32/100|[from] item: Leftovers
|upkeep
|turn|35
|
|move|p2a: Électroménager|Hydro Pump|p1a: Claydol
|-supereffective|p1a: Claydol
|-damage|p1a: Claydol|0 fnt
|faint|p1a: Claydol
|
|-heal|p2a: Électroménager|14/100|[from] item: Leftovers
|upkeep
|
|switch|p1a: Golisopod|Golisopod, F|26/100
|turn|36
|
|move|p1a: Golisopod|First Impression|p2a: Électroménager
|-damage|p2a: Électroménager|0 fnt
|faint|p2a: Électroménager
|
|-heal|p1a: Golisopod|32/100|[from] item: Leftovers
|upkeep
|
|switch|p2a: Corviknight|Corviknight, M|81/100
|-ability|p2a: Corviknight|Pressure
|turn|37
|
|move|p2a: Corviknight|Brave Bird|p1a: Golisopod
|-supereffective|p1a: Golisopod
|-damage|p1a: Golisopod|0 fnt
|-damage|p2a: Corviknight|72/100|[from] Recoil
|faint|p1a: Golisopod
|
|win|NexoHater
|l|☆AgileInertia
|raw|AgileInertia's rating: 1028 → 1015(-13 for losing)
|raw|NexoHater's rating: 1062 → 1090(+28 for winning)
|c|☆NexoHater|gg
