|ScrapeTime|2020-01-01-18:24:33
|j|☆PancakeSauce0
|j|☆Kaneda777
|player|p1|PancakeSauce0|242|1083
|player|p2|Kaneda777|cynthia|1078
|teamsize|p1|6
|teamsize|p2|6
|gametype|singles
|gen|8
|tier|[Gen 8] OU
|rated|
|rule|Sleep Clause Mod: Limit one foe put to sleep
|rule|Species Clause: Limit one of each Pokémon
|rule|OHKO Clause: OHKO moves are banned
|rule|Evasion Moves Clause: Evasion moves are banned
|rule|Endless Battle Clause: Forcing endless battles is banned
|rule|HP Percentage Mod: HP is shown in percentages
|clearpoke
|poke|p1|Crawdaunt, M|
|poke|p1|Hydreigon, F|
|poke|p1|Araquanid, M|
|poke|p1|Duraludon, M|
|poke|p1|Cinderace, F|
|poke|p1|Indeedee, M|
|poke|p2|Corsola-Galar, M|
|poke|p2|Mandibuzz, F|
|poke|p2|Dragapult, F|
|poke|p2|Rotom-Heat|
|poke|p2|Clefable, F|
|poke|p2|Dracovish|
|rule|Dynamax Clause: You cannot dynamax
|teampreview
|
|start
|switch|p1a: Araquanid|Araquanid, M, shiny|100/100
|switch|p2a: Mandibuzz|Mandibuzz, F|100/100
|turn|1
|
|switch|p1a: Duraludon|Duraludon, M|100/100
|-item|p1a: Duraludon|Air Balloon
|move|p2a: Mandibuzz|Knock Off|p1a: Duraludon
|-damage|p1a: Duraludon|76/100
|-enditem|p1a: Duraludon|Air Balloon
|
|upkeep
|turn|2
|
|switch|p2a: Corsola|Corsola-Galar, M|100/100
|move|p1a: Duraludon|Thunderbolt|p2a: Corsola
|-damage|p2a: Corsola|80/100
|
|upkeep
|turn|3
|inactive|Battle timer is ON: inactive players will automatically lose when time's up. (requested by Kaneda777)
|
|switch|p1a: Hydreigon|Hydreigon, F|100/100
|move|p2a: Corsola|Night Shade|p1a: Hydreigon
|-damage|p1a: Hydreigon|70/100
|
|upkeep
|turn|4
|
|switch|p2a: Mandibuzz|Mandibuzz, F|100/100
|move|p1a: Hydreigon|Flash Cannon|p2a: Mandibuzz
|-damage|p2a: Mandibuzz|85/100
|
|upkeep
|turn|5
|inactive|PancakeSauce0 has 120 seconds left.
|inactive|Kaneda777 has 120 seconds left.
|
|switch|p1a: Cinderace|Cinderace, F|100/100
|move|p2a: Mandibuzz|Toxic|p1a: Cinderace
|-status|p1a: Cinderace|tox
|
|-damage|p1a: Cinderace|95/100 tox|[from] psn
|upkeep
|turn|6
|inactive|PancakeSauce0 has 120 seconds left.
|
|switch|p2a: Corsola|Corsola-Galar, M|80/100
|move|p1a: Cinderace|Pyro Ball|p2a: Corsola
|-damage|p2a: Corsola|52/100
|-status|p2a: Corsola|brn
|
|-damage|p1a: Cinderace|83/100 tox|[from] psn
|-damage|p2a: Corsola|46/100 brn|[from] brn
|upkeep
|turn|7
|inactive|PancakeSauce0 has 120 seconds left.
|
|move|p1a: Cinderace|Pyro Ball|p2a: Corsola
|-damage|p2a: Corsola|17/100 brn
|move|p2a: Corsola|Strength Sap|p1a: Cinderace
|-unboost|p1a: Cinderace|atk|1
|-heal|p2a: Corsola|100/100 brn
|
|-damage|p1a: Cinderace|65/100 tox|[from] psn
|-damage|p2a: Corsola|94/100 brn|[from] brn
|upkeep
|turn|8
|inactive|PancakeSauce0 has 120 seconds left.
|
|switch|p1a: Indeedee|Indeedee, M|100/100
|-fieldstart|move: Psychic Terrain|[from] ability: Psychic Surge|[of] p1a: Indeedee
|move|p2a: Corsola|Night Shade|p1a: Indeedee
|-immune|p1a: Indeedee
|
|-damage|p2a: Corsola|88/100 brn|[from] brn
|upkeep
|turn|9
|inactive|PancakeSauce0 has 120 seconds left.
|
|switch|p2a: Mandibuzz|Mandibuzz, F|85/100
|move|p1a: Indeedee|Shadow Ball|p2a: Mandibuzz
|-resisted|p2a: Mandibuzz
|-damage|p2a: Mandibuzz|78/100
|
|upkeep
|turn|10
|
|move|p1a: Indeedee|Dazzling Gleam|p2a: Mandibuzz
|-supereffective|p2a: Mandibuzz
|-damage|p2a: Mandibuzz|47/100
|move|p2a: Mandibuzz|Knock Off|p1a: Indeedee
|-supereffective|p1a: Indeedee
|-damage|p1a: Indeedee|0 fnt
|-enditem|p1a: Indeedee|Mind Plate|[from] move: Knock Off|[of] p2a: Mandibuzz
|faint|p1a: Indeedee
|
|upkeep
|inactive|PancakeSauce0 has 120 seconds left.
|
|switch|p1a: Crawdaunt|Crawdaunt, M|100/100
|turn|11
|
|switch|p2a: Corsola|Corsola-Galar, M|88/100 brn
|move|p1a: Crawdaunt|Dragon Dance|p1a: Crawdaunt
|-boost|p1a: Crawdaunt|atk|1
|-boost|p1a: Crawdaunt|spe|1
|
|-damage|p2a: Corsola|82/100 brn|[from] brn
|upkeep
|turn|12
|
|move|p1a: Crawdaunt|Knock Off|p2a: Corsola
|-supereffective|p2a: Corsola
|-damage|p2a: Corsola|0 fnt
|-enditem|p2a: Corsola|Eviolite|[from] move: Knock Off|[of] p1a: Crawdaunt
|faint|p2a: Corsola
|
|-fieldend|move: Psychic Terrain
|upkeep
|
|switch|p2a: Dragapult|Dragapult, F|100/100
|turn|13
|
|move|p2a: Dragapult|Thunderbolt|p1a: Crawdaunt
|-supereffective|p1a: Crawdaunt
|-damage|p1a: Crawdaunt|0 fnt
|faint|p1a: Crawdaunt
|
|upkeep
|
|switch|p1a: Hydreigon|Hydreigon, F|70/100
|turn|14
|
|switch|p2a: Rotom|Rotom-Heat|100/100
|move|p1a: Hydreigon|Dark Pulse|p2a: Rotom
|-damage|p2a: Rotom|51/100
|
|upkeep
|turn|15
|
|move|p1a: Hydreigon|Dark Pulse|p2a: Rotom
|-damage|p2a: Rotom|0 fnt
|faint|p2a: Rotom
|
|upkeep
|
|switch|p2a: Clefable|Clefable, F|100/100
|turn|16
|
|switch|p1a: Cinderace|Cinderace, F|65/100 tox
|move|p2a: Clefable|Wish|p2a: Clefable
|
|-damage|p1a: Cinderace|59/100 tox|[from] psn
|upkeep
|turn|17
|
|move|p1a: Cinderace|Iron Head|p2a: Clefable
|-supereffective|p2a: Clefable
|-damage|p2a: Clefable|47/100
|move|p2a: Clefable|Moonblast|p1a: Cinderace
|-resisted|p1a: Cinderace
|-damage|p1a: Cinderace|21/100 tox
|-unboost|p1a: Cinderace|spa|1
|
|-heal|p2a: Clefable|97/100|[from] move: Wish|[wisher] Clefable
|-damage|p1a: Cinderace|9/100 tox|[from] psn
|upkeep
|turn|18
|
|move|p1a: Cinderace|Iron Head|p2a: Clefable
|-supereffective|p2a: Clefable
|-damage|p2a: Clefable|43/100
|move|p2a: Clefable|Wish|p2a: Clefable
|
|-damage|p1a: Cinderace|0 fnt|[from] psn
|faint|p1a: Cinderace
|upkeep
|
|switch|p1a: Duraludon|Duraludon, M|76/100
|turn|19
|
|switch|p2a: Mandibuzz|Mandibuzz, F|47/100
|move|p1a: Duraludon|Flash Cannon|p2a: Mandibuzz
|-damage|p2a: Mandibuzz|22/100
|
|-heal|p2a: Mandibuzz|67/100|[from] move: Wish|[wisher] Clefable
|upkeep
|turn|20
|
|move|p1a: Duraludon|Thunderbolt|p2a: Mandibuzz
|-supereffective|p2a: Mandibuzz
|-damage|p2a: Mandibuzz|33/100
|-status|p2a: Mandibuzz|par
|move|p2a: Mandibuzz|Roost|p2a: Mandibuzz
|-heal|p2a: Mandibuzz|83/100 par
|-singleturn|p2a: Mandibuzz|move: Roost
|
|upkeep
|turn|21
|
|move|p1a: Duraludon|Thunderbolt|p2a: Mandibuzz
|-supereffective|p2a: Mandibuzz
|-damage|p2a: Mandibuzz|46/100 par
|cant|p2a: Mandibuzz|par
|
|upkeep
|turn|22
|
|move|p1a: Duraludon|Thunderbolt|p2a: Mandibuzz
|-supereffective|p2a: Mandibuzz
|-damage|p2a: Mandibuzz|8/100 par
|move|p2a: Mandibuzz|Roost|p2a: Mandibuzz
|-heal|p2a: Mandibuzz|58/100 par
|-singleturn|p2a: Mandibuzz|move: Roost
|
|upkeep
|turn|23
|
|switch|p2a: Dragapult|Dragapult, F|100/100
|move|p1a: Duraludon|Thunderbolt|p2a: Dragapult
|-resisted|p2a: Dragapult
|-damage|p2a: Dragapult|80/100
|
|upkeep
|turn|24
|
|switch|p1a: Araquanid|Araquanid, M, shiny|100/100
|move|p2a: Dragapult|Shadow Ball|p1a: Araquanid
|-damage|p1a: Araquanid|60/100
|-unboost|p1a: Araquanid|spd|1
|
|upkeep
|turn|25
|
|switch|p1a: Hydreigon|Hydreigon, F|70/100
|move|p2a: Dragapult|Shadow Ball|p1a: Hydreigon
|-resisted|p1a: Hydreigon
|-damage|p1a: Hydreigon|40/100
|-unboost|p1a: Hydreigon|spd|1
|
|upkeep
|turn|26
|
|switch|p2a: Mandibuzz|Mandibuzz, F|58/100 par
|move|p1a: Hydreigon|Flash Cannon|p2a: Mandibuzz
|-damage|p2a: Mandibuzz|42/100 par
|
|upkeep
|turn|27
|
|switch|p1a: Duraludon|Duraludon, M|76/100
|move|p2a: Mandibuzz|Roost|p2a: Mandibuzz
|-heal|p2a: Mandibuzz|92/100 par
|-singleturn|p2a: Mandibuzz|move: Roost
|
|upkeep
|turn|28
|
|switch|p2a: Clefable|Clefable, F|43/100
|move|p1a: Duraludon|Thunderbolt|p2a: Clefable
|-damage|p2a: Clefable|15/100
|
|upkeep
|turn|29
|
|move|p1a: Duraludon|Flash Cannon|p2a: Clefable
|-supereffective|p2a: Clefable
|-crit|p2a: Clefable
|-damage|p2a: Clefable|0 fnt
|faint|p2a: Clefable
|
|upkeep
|
|switch|p2a: Dragapult|Dragapult, F|80/100
|turn|30
|
|move|p2a: Dragapult|Draco Meteor|p1a: Duraludon
|-damage|p1a: Duraludon|0 fnt
|-unboost|p2a: Dragapult|spa|2
|faint|p1a: Duraludon
|
|upkeep
|
|switch|p1a: Araquanid|Araquanid, M, shiny|60/100
|turn|31
|
|switch|p2a: Mandibuzz|Mandibuzz, F|92/100 par
|move|p1a: Araquanid|Sticky Web|p2a: Mandibuzz
|-sidestart|p2: Kaneda777|move: Sticky Web
|
|upkeep
|turn|32
|
|move|p1a: Araquanid|Leech Life|p2a: Mandibuzz
|-damage|p2a: Mandibuzz|69/100 par
|-heal|p1a: Araquanid|79/100|[from] drain|[of] p2a: Mandibuzz
|move|p2a: Mandibuzz|Toxic|p1a: Araquanid
|-status|p1a: Araquanid|tox
|
|-damage|p1a: Araquanid|73/100 tox|[from] psn
|upkeep
|turn|33
|
|move|p1a: Araquanid|Facade|p2a: Mandibuzz
|-damage|p2a: Mandibuzz|43/100 par
|move|p2a: Mandibuzz|Knock Off|p1a: Araquanid
|-damage|p1a: Araquanid|46/100 tox
|-enditem|p1a: Araquanid|Big Root|[from] move: Knock Off|[of] p2a: Mandibuzz
|
|-damage|p1a: Araquanid|34/100 tox|[from] psn
|upkeep
|turn|34
|
|move|p1a: Araquanid|Liquidation|p2a: Mandibuzz
|-damage|p2a: Mandibuzz|0 fnt
|faint|p2a: Mandibuzz
|
|-damage|p1a: Araquanid|15/100 tox|[from] psn
|upkeep
|
|switch|p2a: Dragapult|Dragapult, F|80/100
|-activate|p2a: Dragapult|move: Sticky Web
|-unboost|p2a: Dragapult|spe|1
|turn|35
|
|move|p2a: Dragapult|Shadow Ball|p1a: Araquanid
|-damage|p1a: Araquanid|0 fnt
|faint|p1a: Araquanid
|
|upkeep
|
|switch|p1a: Hydreigon|Hydreigon, F|40/100
|turn|36
|
|move|p1a: Hydreigon|Dark Pulse|p2a: Dragapult
|-supereffective|p2a: Dragapult
|-damage|p2a: Dragapult|0 fnt
|faint|p2a: Dragapult
|
|upkeep
|
|switch|p2a: Dracovish|Dracovish|100/100
|-activate|p2a: Dracovish|move: Sticky Web
|-unboost|p2a: Dracovish|spe|1
|turn|37
|
|move|p1a: Hydreigon|Dark Pulse|p2a: Dracovish
|-damage|p2a: Dracovish|46/100
|move|p2a: Dracovish|Ice Fang|p1a: Hydreigon|[miss]
|-miss|p2a: Dracovish|p1a: Hydreigon
|
|upkeep
|turn|38
|c|☆PancakeSauce0|gg
|
|move|p1a: Hydreigon|Dark Pulse|p2a: Dracovish
|-crit|p2a: Dracovish
|-damage|p2a: Dracovish|0 fnt
|faint|p2a: Dracovish
|
|win|PancakeSauce0
|raw|PancakeSauce0's rating: 1060 → 1093(+33 for winning)
|raw|Kaneda777's rating: 1078 → 1055(-23 for losing)
|l|☆Kaneda777
