|ScrapeTime|2020-01-03-01:25:02
|j|☆Lazaro/Shadown
|j|☆Bryou13
|player|p1|Lazaro/Shadown|cheren|1143
|player|p2|Bryou13|169|1125
|teamsize|p1|6
|teamsize|p2|6
|gametype|singles
|gen|8
|tier|[Gen 8] OU
|rated|
|rule|Sleep Clause Mod: Limit one foe put to sleep
|rule|Species Clause: Limit one of each Pokémon
|rule|OHKO Clause: OHKO moves are banned
|rule|Evasion Moves Clause: Evasion moves are banned
|rule|Endless Battle Clause: Forcing endless battles is banned
|rule|HP Percentage Mod: HP is shown in percentages
|clearpoke
|poke|p1|Dragapult, M|
|poke|p1|Dracovish|
|poke|p1|Excadrill, F|
|poke|p1|Tyranitar, M|
|poke|p1|Gyarados, F|
|poke|p1|Mimikyu, M|
|poke|p2|Corviknight, M|
|poke|p2|Kommo-o, F|
|poke|p2|Ditto|
|poke|p2|Dragapult, F|
|poke|p2|Dugtrio, F|
|poke|p2|Cinderace, M|
|rule|Dynamax Clause: You cannot dynamax
|teampreview
|
|start
|switch|p1a: Tyranitar|Tyranitar, M|100/100
|switch|p2a: Sein2Race|Cinderace, M, shiny|100/100
|-weather|Sandstorm|[from] ability: Sand Stream|[of] p1a: Tyranitar
|turn|1
|
|switch|p1a: Gyarados|Gyarados, F|100/100
|-ability|p1a: Gyarados|Intimidate|boost
|-unboost|p2a: Sein2Race|atk|1
|move|p2a: Sein2Race|High Jump Kick|p1a: Gyarados
|-resisted|p1a: Gyarados
|-damage|p1a: Gyarados|85/100
|
|-weather|Sandstorm|[upkeep]
|-damage|p2a: Sein2Race|95/100|[from] Sandstorm
|-damage|p1a: Gyarados|79/100|[from] Sandstorm
|upkeep
|turn|2
|
|move|p2a: Sein2Race|U-turn|p1a: Gyarados
|-resisted|p1a: Gyarados
|-damage|p1a: Gyarados|71/100
|
|switch|p2a: Elle2Fer|Corviknight, M|100/100|[from]move: U-turn
|move|p1a: Gyarados|Dragon Dance|p1a: Gyarados
|-boost|p1a: Gyarados|atk|1
|-boost|p1a: Gyarados|spe|1
|
|-weather|Sandstorm|[upkeep]
|-damage|p1a: Gyarados|65/100|[from] Sandstorm
|upkeep
|turn|3
|
|move|p1a: Gyarados|Waterfall|p2a: Elle2Fer
|-damage|p2a: Elle2Fer|51/100
|-damage|p1a: Gyarados|55/100|[from] item: Life Orb
|cant|p2a: Elle2Fer|flinch
|
|-weather|Sandstorm|[upkeep]
|-damage|p1a: Gyarados|49/100|[from] Sandstorm
|-heal|p2a: Elle2Fer|57/100|[from] item: Leftovers
|upkeep
|turn|4
|
|move|p1a: Gyarados|Waterfall|p2a: Elle2Fer
|-damage|p2a: Elle2Fer|13/100
|-damage|p1a: Gyarados|39/100|[from] item: Life Orb
|cant|p2a: Elle2Fer|flinch
|
|-weather|Sandstorm|[upkeep]
|-damage|p1a: Gyarados|33/100|[from] Sandstorm
|-heal|p2a: Elle2Fer|19/100|[from] item: Leftovers
|upkeep
|turn|5
|
|switch|p2a: Jchuitoi|Ditto, shiny|100/100
|-transform|p2a: Jchuitoi|p1a: Gyarados|[from] ability: Imposter
|-ability|p2a: Jchuitoi|Intimidate|boost
|-unboost|p1a: Gyarados|atk|1
|move|p1a: Gyarados|Waterfall|p2a: Jchuitoi
|-resisted|p2a: Jchuitoi
|-damage|p2a: Jchuitoi|62/100
|-damage|p1a: Gyarados|23/100|[from] item: Life Orb
|
|-weather|none
|upkeep
|turn|6
|inactive|Battle timer is ON: inactive players will automatically lose when time's up. (requested by Bryou13)
|
|switch|p1a: Dracovish|Dracovish|100/100
|move|p2a: Jchuitoi|Waterfall|p1a: Dracovish
|-resisted|p1a: Dracovish
|-damage|p1a: Dracovish|84/100
|
|upkeep
|turn|7
|
|switch|p2a: Bug3|Dugtrio, F, shiny|100/100
|switch|p1a: Gyarados|Gyarados, F|23/100
|-ability|p1a: Gyarados|Intimidate|boost
|-unboost|p2a: Bug3|atk|1
|
|upkeep
|turn|8
|
|move|p2a: Bug3|Sucker Punch|p1a: Gyarados
|-damage|p1a: Gyarados|8/100
|move|p1a: Gyarados|Waterfall|p2a: Bug3
|-supereffective|p2a: Bug3
|-enditem|p2a: Bug3|Focus Sash
|-damage|p2a: Bug3|1/100
|-damage|p1a: Gyarados|0 fnt|[from] item: Life Orb
|faint|p1a: Gyarados
|
|upkeep
|
|switch|p1a: Mimikyu|Mimikyu, M|100/100
|turn|9
|
|move|p2a: Bug3|Sucker Punch|p1a: Mimikyu
|-activate|p1a: Mimikyu|ability: Disguise
|-damage|p1a: Mimikyu|100/100
|detailschange|p1a: Mimikyu|Mimikyu-Busted, M
|-damage|p1a: Mimikyu|88/100|[from] ability: Disguise|[of] p1a: Mimikyu
|move|p1a: Mimikyu|Shadow Sneak|p2a: Bug3
|-damage|p2a: Bug3|0 fnt
|faint|p2a: Bug3
|
|-heal|p1a: Mimikyu|94/100|[from] item: Leftovers
|upkeep
|
|switch|p2a: Dragapûte|Dragapult, F, shiny|100/100
|turn|10
|
|move|p2a: Dragapûte|Shadow Ball|p1a: Mimikyu
|-supereffective|p1a: Mimikyu
|-damage|p1a: Mimikyu|0 fnt
|-damage|p2a: Dragapûte|91/100|[from] item: Life Orb
|faint|p1a: Mimikyu
|
|upkeep
|
|switch|p1a: Dragapult|Dragapult, M|100/100
|turn|11
|
|switch|p2a: Elle2Fer|Corviknight, M|19/100
|move|p1a: Dragapult|Dragon Darts|p2a: Elle2Fer
|-resisted|p2a: Elle2Fer
|-crit|p2a: Elle2Fer
|-damage|p2a: Elle2Fer|7/100
|-resisted|p2a: Elle2Fer
|-crit|p2a: Elle2Fer
|-damage|p2a: Elle2Fer|0 fnt
|-hitcount|p2a: Elle2Fer|2
|faint|p2a: Elle2Fer
|
|upkeep
|
|switch|p2a: Jchuitoi|Ditto, shiny|62/100
|-transform|p2a: Jchuitoi|p1a: Dragapult|[from] ability: Imposter
|turn|12
|
|switch|p1a: Tyranitar|Tyranitar, M|100/100
|-weather|Sandstorm|[from] ability: Sand Stream|[of] p1a: Tyranitar
|move|p2a: Jchuitoi|Dragon Darts|p1a: Tyranitar
|-damage|p1a: Tyranitar|80/100
|-damage|p1a: Tyranitar|58/100
|-hitcount|p1a: Tyranitar|2
|
|-weather|Sandstorm|[upkeep]
|-damage|p2a: Jchuitoi|56/100|[from] Sandstorm
|upkeep
|turn|13
|
|switch|p2a: Kommo-o|Kommo-o, F|100/100
|move|p1a: Tyranitar|Stone Edge|p2a: Kommo-o|[miss]
|-miss|p1a: Tyranitar|p2a: Kommo-o
|
|-weather|Sandstorm|[upkeep]
|-damage|p2a: Kommo-o|94/100|[from] Sandstorm
|upkeep
|turn|14
|
|move|p2a: Kommo-o|Dragon Dance|p2a: Kommo-o
|-boost|p2a: Kommo-o|atk|1
|-boost|p2a: Kommo-o|spe|1
|move|p1a: Tyranitar|Stone Edge|p2a: Kommo-o
|-resisted|p2a: Kommo-o
|-damage|p2a: Kommo-o|66/100
|
|-weather|Sandstorm|[upkeep]
|-damage|p2a: Kommo-o|59/100|[from] Sandstorm
|upkeep
|turn|15
|
|move|p2a: Kommo-o|Close Combat|p1a: Tyranitar
|-supereffective|p1a: Tyranitar
|-crit|p1a: Tyranitar
|-damage|p1a: Tyranitar|0 fnt
|-unboost|p2a: Kommo-o|def|1
|-unboost|p2a: Kommo-o|spd|1
|-damage|p2a: Kommo-o|49/100|[from] item: Life Orb
|faint|p1a: Tyranitar
|
|-weather|Sandstorm|[upkeep]
|-damage|p2a: Kommo-o|43/100|[from] Sandstorm
|upkeep
|
|switch|p1a: Excadrill|Excadrill, F|100/100
|turn|16
|
|move|p2a: Kommo-o|Close Combat|p1a: Excadrill
|-supereffective|p1a: Excadrill
|-damage|p1a: Excadrill|0 fnt
|-unboost|p2a: Kommo-o|def|1
|-unboost|p2a: Kommo-o|spd|1
|-damage|p2a: Kommo-o|33/100|[from] item: Life Orb
|faint|p1a: Excadrill
|
|-weather|none
|upkeep
|
|switch|p1a: Dragapult|Dragapult, M|100/100
|turn|17
|
|move|p2a: Kommo-o|Clanging Scales|p1a: Dragapult
|-supereffective|p1a: Dragapult
|-enditem|p1a: Dragapult|Focus Sash
|-damage|p1a: Dragapult|1/100
|-unboost|p2a: Kommo-o|def|1
|-damage|p2a: Kommo-o|23/100|[from] item: Life Orb
|move|p1a: Dragapult|Dragon Darts|p2a: Kommo-o
|-supereffective|p2a: Kommo-o
|-damage|p2a: Kommo-o|0 fnt
|-hitcount|p2a: Kommo-o|1
|faint|p2a: Kommo-o
|
|upkeep
|
|switch|p2a: Jchuitoi|Ditto, shiny|56/100
|-transform|p2a: Jchuitoi|p1a: Dragapult|[from] ability: Imposter
|turn|18
|
|move|p2a: Jchuitoi|Dragon Darts|p1a: Dragapult
|-supereffective|p1a: Dragapult
|-damage|p1a: Dragapult|0 fnt
|-hitcount|p1a: Dragapult|1
|faint|p1a: Dragapult
|
|upkeep
|
|switch|p1a: Dracovish|Dracovish|84/100
|turn|19
|
|move|p2a: Jchuitoi|Dragon Darts|p1a: Dracovish
|-supereffective|p1a: Dracovish
|-damage|p1a: Dracovish|28/100
|-supereffective|p1a: Dracovish
|-damage|p1a: Dracovish|0 fnt
|-hitcount|p1a: Dracovish|2
|faint|p1a: Dracovish
|
|win|Bryou13
|l|☆Lazaro/Shadown
|raw|Lazaro/Shadown's rating: 1144 → 1118(-26 for losing)
|raw|Bryou13's rating: 1126 → 1152(+26 for winning)
