|ScrapeTime|2020-01-01-09:45:24
|j|☆Xiphactin
|j|☆uriah.urgelia1999
|player|p1|Xiphactin|99|1283
|player|p2|uriah.urgelia1999|265|1357
|teamsize|p1|6
|teamsize|p2|6
|gametype|singles
|gen|8
|tier|[Gen 8] OU
|rated|
|rule|Sleep Clause Mod: Limit one foe put to sleep
|rule|Species Clause: Limit one of each Pokémon
|rule|OHKO Clause: OHKO moves are banned
|rule|Evasion Moves Clause: Evasion moves are banned
|rule|Endless Battle Clause: Forcing endless battles is banned
|rule|HP Percentage Mod: HP is shown in percentages
|clearpoke
|poke|p1|Hydreigon, M|
|poke|p1|Dragapult, F|
|poke|p1|Ferrothorn, F|
|poke|p1|Clefable, F|
|poke|p1|Seismitoad, M|
|poke|p1|Weavile, F|
|poke|p2|Clefable, M|
|poke|p2|Sigilyph, F|
|poke|p2|Boltund, M|
|poke|p2|Dragapult, F|
|poke|p2|Gastrodon, M|
|poke|p2|Ferrothorn, F|
|rule|Dynamax Clause: You cannot dynamax
|teampreview
|
|start
|switch|p1a: Seismitoad|Seismitoad, M|100/100
|switch|p2a: Boltund|Boltund, M|100/100
|turn|1
|
|switch|p2a: Ferrothorn|Ferrothorn, F|100/100
|move|p1a: Seismitoad|Stealth Rock|p2a: Ferrothorn
|-sidestart|p2: uriah.urgelia1999|move: Stealth Rock
|
|upkeep
|turn|2
|
|switch|p1a: Hydreigon|Hydreigon, M|100/100
|move|p2a: Ferrothorn|Stealth Rock|p1a: Hydreigon
|-sidestart|p1: Xiphactin|move: Stealth Rock
|
|upkeep
|turn|3
|
|switch|p2a: Gastrodon|Gastrodon, M|100/100
|-damage|p2a: Gastrodon|94/100|[from] Stealth Rock
|move|p1a: Hydreigon|Substitute|p1a: Hydreigon
|-start|p1a: Hydreigon|Substitute
|-damage|p1a: Hydreigon|76/100
|
|-heal|p1a: Hydreigon|82/100|[from] item: Leftovers
|-heal|p2a: Gastrodon|100/100|[from] item: Leftovers
|upkeep
|turn|4
|
|move|p1a: Hydreigon|Nasty Plot|p1a: Hydreigon
|-boost|p1a: Hydreigon|spa|2
|move|p2a: Gastrodon|Scald|p1a: Hydreigon
|-resisted|p1a: Hydreigon
|-activate|p1a: Hydreigon|move: Substitute|[damage]
|
|-heal|p1a: Hydreigon|88/100|[from] item: Leftovers
|upkeep
|turn|5
|
|move|p1a: Hydreigon|Nasty Plot|p1a: Hydreigon
|-boost|p1a: Hydreigon|spa|2
|move|p2a: Gastrodon|Clear Smog|p1a: Hydreigon
|-end|p1a: Hydreigon|Substitute
|
|-heal|p1a: Hydreigon|94/100|[from] item: Leftovers
|upkeep
|turn|6
|
|move|p1a: Hydreigon|Substitute|p1a: Hydreigon
|-start|p1a: Hydreigon|Substitute
|-damage|p1a: Hydreigon|69/100
|move|p2a: Gastrodon|Clear Smog|p1a: Hydreigon
|-activate|p1a: Hydreigon|move: Substitute|[damage]
|
|-heal|p1a: Hydreigon|75/100|[from] item: Leftovers
|upkeep
|turn|7
|
|move|p1a: Hydreigon|Dark Pulse|p2a: Gastrodon
|-damage|p2a: Gastrodon|18/100
|move|p2a: Gastrodon|Clear Smog|p1a: Hydreigon
|-end|p1a: Hydreigon|Substitute
|
|-heal|p1a: Hydreigon|81/100|[from] item: Leftovers
|-heal|p2a: Gastrodon|24/100|[from] item: Leftovers
|upkeep
|turn|8
|
|move|p1a: Hydreigon|Substitute|p1a: Hydreigon
|-start|p1a: Hydreigon|Substitute
|-damage|p1a: Hydreigon|57/100
|move|p2a: Gastrodon|Clear Smog|p1a: Hydreigon
|-activate|p1a: Hydreigon|move: Substitute|[damage]
|
|-heal|p1a: Hydreigon|63/100|[from] item: Leftovers
|-heal|p2a: Gastrodon|30/100|[from] item: Leftovers
|upkeep
|turn|9
|
|move|p1a: Hydreigon|Dark Pulse|p2a: Gastrodon
|-damage|p2a: Gastrodon|0 fnt
|faint|p2a: Gastrodon
|
|-heal|p1a: Hydreigon|69/100|[from] item: Leftovers
|upkeep
|
|switch|p2a: Dragapult|Dragapult, F|100/100
|-damage|p2a: Dragapult|88/100|[from] Stealth Rock
|turn|10
|
|switch|p1a: Clefable|Clefable, F|100/100
|move|p2a: Dragapult|Dragon Darts|p1a: Clefable
|-immune|p1a: Clefable
|
|upkeep
|turn|11
|
|switch|p2a: Clefable|Clefable, M|100/100
|move|p1a: Clefable|Flamethrower|p2a: Clefable
|-damage|p2a: Clefable|65/100
|
|upkeep
|turn|12
|
|move|p2a: Clefable|Moonblast|p1a: Clefable
|-damage|p1a: Clefable|40/100
|move|p1a: Clefable|Moonblast|p2a: Clefable
|-damage|p2a: Clefable|12/100
|
|upkeep
|turn|13
|
|move|p2a: Clefable|Moonblast|p1a: Clefable
|-damage|p1a: Clefable|0 fnt
|faint|p1a: Clefable
|
|upkeep
|inactive|Battle timer is ON: inactive players will automatically lose when time's up. (requested by uriah.urgelia1999)
|
|switch|p1a: Dragapult|Dragapult, F|100/100
|-damage|p1a: Dragapult|88/100|[from] Stealth Rock
|turn|14
|
|switch|p2a: Ferrothorn|Ferrothorn, F|100/100
|-damage|p2a: Ferrothorn|94/100|[from] Stealth Rock
|move|p1a: Dragapult|Phantom Force||[still]
|-prepare|p1a: Dragapult|Phantom Force|p2a: Ferrothorn
|
|-heal|p1a: Dragapult|94/100|[from] item: Leftovers
|upkeep
|turn|15
|
|move|p1a: Dragapult|Phantom Force|p2a: Ferrothorn|[from]lockedmove
|-damage|p2a: Ferrothorn|70/100
|-damage|p1a: Dragapult|82/100|[from] ability: Iron Barbs|[of] p2a: Ferrothorn
|-damage|p1a: Dragapult|65/100|[from] item: Rocky Helmet|[of] p2a: Ferrothorn
|move|p2a: Ferrothorn|Stealth Rock||[still]
|-fail|p2a: Ferrothorn
|
|-heal|p1a: Dragapult|71/100|[from] item: Leftovers
|upkeep
|turn|16
|
|move|p1a: Dragapult|Substitute|p1a: Dragapult
|-start|p1a: Dragapult|Substitute
|-damage|p1a: Dragapult|47/100
|move|p2a: Ferrothorn|Leech Seed||[still]
|-fail|p2a: Ferrothorn
|
|-heal|p1a: Dragapult|53/100|[from] item: Leftovers
|upkeep
|turn|17
|
|move|p1a: Dragapult|Dragon Darts|p2a: Ferrothorn
|-resisted|p2a: Ferrothorn
|-damage|p2a: Ferrothorn|62/100
|-resisted|p2a: Ferrothorn
|-damage|p2a: Ferrothorn|55/100
|-hitcount|p2a: Ferrothorn|2
|move|p2a: Ferrothorn|Gyro Ball|p1a: Dragapult
|-end|p1a: Dragapult|Substitute
|
|-heal|p1a: Dragapult|59/100|[from] item: Leftovers
|upkeep
|turn|18
|
|switch|p1a: Ferrothorn|Ferrothorn, F|100/100
|-damage|p1a: Ferrothorn|94/100|[from] Stealth Rock
|move|p2a: Ferrothorn|Gyro Ball|p1a: Ferrothorn
|-resisted|p1a: Ferrothorn
|-damage|p1a: Ferrothorn|90/100
|-damage|p2a: Ferrothorn|43/100|[from] ability: Iron Barbs|[of] p1a: Ferrothorn
|
|-heal|p1a: Ferrothorn|96/100|[from] item: Leftovers
|upkeep
|turn|19
|
|move|p1a: Ferrothorn|Spikes|p2a: Ferrothorn
|-sidestart|p2: uriah.urgelia1999|Spikes
|move|p2a: Ferrothorn|Body Press|p1a: Ferrothorn
|-supereffective|p1a: Ferrothorn
|-damage|p1a: Ferrothorn|63/100
|-damage|p2a: Ferrothorn|30/100|[from] ability: Iron Barbs|[of] p1a: Ferrothorn
|
|-heal|p1a: Ferrothorn|70/100|[from] item: Leftovers
|upkeep
|turn|20
|
|switch|p2a: Boltund|Boltund, M|100/100
|move|p1a: Ferrothorn|Spikes|p2a: Boltund
|-sidestart|p2: uriah.urgelia1999|Spikes
|
|-heal|p1a: Ferrothorn|76/100|[from] item: Leftovers
|upkeep
|turn|21
|
|switch|p1a: Seismitoad|Seismitoad, M|100/100
|-damage|p1a: Seismitoad|94/100|[from] Stealth Rock
|move|p2a: Boltund|Fire Fang|p1a: Seismitoad|[miss]
|-miss|p2a: Boltund|p1a: Seismitoad
|
|-heal|p1a: Seismitoad|100/100|[from] item: Leftovers
|upkeep
|turn|22
|
|switch|p2a: Ferrothorn|Ferrothorn, F|30/100
|-damage|p2a: Ferrothorn|24/100|[from] Stealth Rock
|-damage|p2a: Ferrothorn|7/100|[from] Spikes
|move|p1a: Seismitoad|Earthquake|p2a: Ferrothorn
|-damage|p2a: Ferrothorn|0 fnt
|faint|p2a: Ferrothorn
|
|upkeep
|
|switch|p2a: Sigilyph|Sigilyph, F|100/100
|turn|23
|
|switch|p2a: Clefable|Clefable, M|12/100
|switch|p1a: Hydreigon|Hydreigon, M|69/100
|-damage|p1a: Hydreigon|57/100|[from] Stealth Rock
|
|-heal|p1a: Hydreigon|63/100|[from] item: Leftovers
|upkeep
|turn|24
|
|move|p1a: Hydreigon|Flash Cannon|p2a: Clefable
|-supereffective|p2a: Clefable
|-damage|p2a: Clefable|0 fnt
|faint|p2a: Clefable
|
|-heal|p1a: Hydreigon|69/100|[from] item: Leftovers
|upkeep
|
|switch|p2a: Boltund|Boltund, M|100/100
|turn|25
|
|switch|p2a: Sigilyph|Sigilyph, F|100/100
|switch|p1a: Seismitoad|Seismitoad, M|100/100
|-damage|p1a: Seismitoad|94/100|[from] Stealth Rock
|
|-heal|p1a: Seismitoad|100/100|[from] item: Leftovers
|upkeep
|turn|26
|
|switch|p1a: Hydreigon|Hydreigon, M|69/100
|-damage|p1a: Hydreigon|57/100|[from] Stealth Rock
|move|p2a: Sigilyph|Ice Beam|p1a: Hydreigon
|-supereffective|p1a: Hydreigon
|-damage|p1a: Hydreigon|0 fnt
|faint|p1a: Hydreigon
|
|upkeep
|
|switch|p1a: Dragapult|Dragapult, F|59/100
|-damage|p1a: Dragapult|46/100|[from] Stealth Rock
|turn|27
|
|switch|p2a: Boltund|Boltund, M|100/100
|move|p1a: Dragapult|Phantom Force||[still]
|-prepare|p1a: Dragapult|Phantom Force|p2a: Boltund
|
|-heal|p1a: Dragapult|52/100|[from] item: Leftovers
|upkeep
|turn|28
|
|move|p1a: Dragapult|Phantom Force|p2a: Boltund|[from]lockedmove
|-damage|p2a: Boltund|18/100
|move|p2a: Boltund|Nuzzle|p1a: Dragapult
|-resisted|p1a: Dragapult
|-damage|p1a: Dragapult|47/100
|-status|p1a: Dragapult|par
|
|-heal|p1a: Dragapult|53/100 par|[from] item: Leftovers
|upkeep
|turn|29
|
|move|p2a: Boltund|Crunch|p1a: Dragapult
|-supereffective|p1a: Dragapult
|-damage|p1a: Dragapult|0 fnt
|faint|p1a: Dragapult
|
|upkeep
|
|switch|p1a: Seismitoad|Seismitoad, M|100/100
|-damage|p1a: Seismitoad|94/100|[from] Stealth Rock
|turn|30
|
|switch|p2a: Sigilyph|Sigilyph, F|100/100
|move|p1a: Seismitoad|Scald|p2a: Sigilyph
|-damage|p2a: Sigilyph|69/100
|
|-heal|p1a: Seismitoad|100/100|[from] item: Leftovers
|upkeep
|turn|31
|
|switch|p2a: Dragapult|Dragapult, F|88/100
|-damage|p2a: Dragapult|76/100|[from] Stealth Rock
|-damage|p2a: Dragapult|59/100|[from] Spikes
|move|p1a: Seismitoad|Scald|p2a: Dragapult
|-resisted|p2a: Dragapult
|-damage|p2a: Dragapult|45/100
|
|upkeep
|turn|32
|
|move|p2a: Dragapult|U-turn|p1a: Seismitoad
|-damage|p1a: Seismitoad|83/100
|
|switch|p2a: Sigilyph|Sigilyph, F|69/100|[from]move: U-turn
|move|p1a: Seismitoad|Earthquake|p2a: Sigilyph
|-immune|p2a: Sigilyph
|
|-heal|p1a: Seismitoad|89/100|[from] item: Leftovers
|upkeep
|turn|33
|
|move|p2a: Sigilyph|Roost|p2a: Sigilyph
|-heal|p2a: Sigilyph|100/100
|-singleturn|p2a: Sigilyph|move: Roost
|move|p1a: Seismitoad|Scald|p2a: Sigilyph
|-damage|p2a: Sigilyph|66/100
|
|-heal|p1a: Seismitoad|95/100|[from] item: Leftovers
|upkeep
|turn|34
|inactive|Xiphactin has 120 seconds left.
|
|move|p2a: Sigilyph|Psyshock|p1a: Seismitoad
|-damage|p1a: Seismitoad|59/100
|move|p1a: Seismitoad|Scald|p2a: Sigilyph
|-damage|p2a: Sigilyph|30/100
|
|-heal|p1a: Seismitoad|65/100|[from] item: Leftovers
|upkeep
|turn|35
|inactive|Xiphactin has 120 seconds left.
|
|move|p2a: Sigilyph|Roost|p2a: Sigilyph
|-heal|p2a: Sigilyph|80/100
|-singleturn|p2a: Sigilyph|move: Roost
|move|p1a: Seismitoad|Scald|p2a: Sigilyph
|-damage|p2a: Sigilyph|46/100
|-status|p2a: Sigilyph|brn
|
|-heal|p1a: Seismitoad|72/100|[from] item: Leftovers
|upkeep
|turn|36
|inactive|Xiphactin has 120 seconds left.
|
|switch|p1a: Ferrothorn|Ferrothorn, F|76/100
|-damage|p1a: Ferrothorn|70/100|[from] Stealth Rock
|move|p2a: Sigilyph|Roost|p2a: Sigilyph
|-heal|p2a: Sigilyph|96/100 brn
|-singleturn|p2a: Sigilyph|move: Roost
|
|-heal|p1a: Ferrothorn|76/100|[from] item: Leftovers
|upkeep
|turn|37
|inactive|Xiphactin has 120 seconds left.
|
|move|p2a: Sigilyph|Shadow Ball|p1a: Ferrothorn
|-damage|p1a: Ferrothorn|49/100
|move|p1a: Ferrothorn|Knock Off|p2a: Sigilyph
|-supereffective|p2a: Sigilyph
|-damage|p2a: Sigilyph|35/100 brn
|-enditem|p2a: Sigilyph|Life Orb|[from] move: Knock Off|[of] p1a: Ferrothorn
|
|-heal|p1a: Ferrothorn|55/100|[from] item: Leftovers
|upkeep
|turn|38
|
|move|p2a: Sigilyph|Roost|p2a: Sigilyph
|-heal|p2a: Sigilyph|85/100 brn
|-singleturn|p2a: Sigilyph|move: Roost
|move|p1a: Ferrothorn|Knock Off|p2a: Sigilyph
|-supereffective|p2a: Sigilyph
|-damage|p2a: Sigilyph|41/100 brn
|
|-heal|p1a: Ferrothorn|61/100|[from] item: Leftovers
|upkeep
|turn|39
|
|move|p2a: Sigilyph|Roost|p2a: Sigilyph
|-heal|p2a: Sigilyph|91/100 brn
|-singleturn|p2a: Sigilyph|move: Roost
|move|p1a: Ferrothorn|Knock Off|p2a: Sigilyph
|-supereffective|p2a: Sigilyph
|-damage|p2a: Sigilyph|52/100 brn
|
|-heal|p1a: Ferrothorn|67/100|[from] item: Leftovers
|upkeep
|turn|40
|
|move|p2a: Sigilyph|Roost|p2a: Sigilyph
|-heal|p2a: Sigilyph|100/100 brn
|-singleturn|p2a: Sigilyph|move: Roost
|move|p1a: Ferrothorn|Knock Off|p2a: Sigilyph
|-supereffective|p2a: Sigilyph
|-damage|p2a: Sigilyph|61/100 brn
|
|-heal|p1a: Ferrothorn|74/100|[from] item: Leftovers
|upkeep
|turn|41
|
|move|p2a: Sigilyph|Ice Beam|p1a: Ferrothorn
|-damage|p1a: Ferrothorn|47/100
|move|p1a: Ferrothorn|Knock Off|p2a: Sigilyph
|-supereffective|p2a: Sigilyph
|-damage|p2a: Sigilyph|21/100 brn
|
|-heal|p1a: Ferrothorn|54/100|[from] item: Leftovers
|upkeep
|turn|42
|
|move|p2a: Sigilyph|Roost|p2a: Sigilyph
|-heal|p2a: Sigilyph|71/100 brn
|-singleturn|p2a: Sigilyph|move: Roost
|move|p1a: Ferrothorn|Knock Off|p2a: Sigilyph
|-supereffective|p2a: Sigilyph
|-crit|p2a: Sigilyph
|-damage|p2a: Sigilyph|6/100 brn
|
|-heal|p1a: Ferrothorn|60/100|[from] item: Leftovers
|upkeep
|turn|43
|
|move|p2a: Sigilyph|Roost|p2a: Sigilyph
|-heal|p2a: Sigilyph|56/100 brn
|-singleturn|p2a: Sigilyph|move: Roost
|move|p1a: Ferrothorn|Knock Off|p2a: Sigilyph
|-supereffective|p2a: Sigilyph
|-damage|p2a: Sigilyph|12/100 brn
|
|-heal|p1a: Ferrothorn|66/100|[from] item: Leftovers
|upkeep
|turn|44
|
|move|p2a: Sigilyph|Ice Beam|p1a: Ferrothorn
|-damage|p1a: Ferrothorn|41/100
|move|p1a: Ferrothorn|Knock Off|p2a: Sigilyph
|-supereffective|p2a: Sigilyph
|-damage|p2a: Sigilyph|0 fnt
|faint|p2a: Sigilyph
|
|-heal|p1a: Ferrothorn|47/100|[from] item: Leftovers
|upkeep
|
|switch|p2a: Boltund|Boltund, M|18/100
|turn|45
|
|move|p2a: Boltund|Fire Fang|p1a: Ferrothorn
|-supereffective|p1a: Ferrothorn
|-damage|p1a: Ferrothorn|0 fnt
|-damage|p2a: Boltund|6/100|[from] ability: Iron Barbs|[of] p1a: Ferrothorn
|faint|p1a: Ferrothorn
|
|upkeep
|
|switch|p1a: Weavile|Weavile, F|100/100
|-damage|p1a: Weavile|76/100|[from] Stealth Rock
|-ability|p1a: Weavile|Pressure
|turn|46
|
|move|p1a: Weavile|Ice Shard|p2a: Boltund
|-crit|p2a: Boltund
|-damage|p2a: Boltund|0 fnt
|faint|p2a: Boltund
|
|upkeep
|
|switch|p2a: Dragapult|Dragapult, F|45/100
|-damage|p2a: Dragapult|32/100|[from] Stealth Rock
|-damage|p2a: Dragapult|16/100|[from] Spikes
|turn|47
|
|move|p1a: Weavile|Ice Shard|p2a: Dragapult
|-supereffective|p2a: Dragapult
|-damage|p2a: Dragapult|0 fnt
|faint|p2a: Dragapult
|
|win|Xiphactin
|raw|Xiphactin's rating: 1283 → 1313(+30 for winning)
|raw|uriah.urgelia1999's rating: 1357 → 1333(-24 for losing)
