|ScrapeTime|2020-01-02-05:55:40
|j|☆Red1902
|j|☆Lacroix28
|player|p1|Red1902|red|1111
|player|p2|Lacroix28|262|1058
|teamsize|p1|6
|teamsize|p2|6
|gametype|singles
|gen|8
|tier|[Gen 8] OU
|rated|
|rule|Sleep Clause Mod: Limit one foe put to sleep
|rule|Species Clause: Limit one of each Pokémon
|rule|OHKO Clause: OHKO moves are banned
|rule|Evasion Moves Clause: Evasion moves are banned
|rule|Endless Battle Clause: Forcing endless battles is banned
|rule|HP Percentage Mod: HP is shown in percentages
|clearpoke
|poke|p1|Dragapult, M|
|poke|p1|Grimmsnarl, M|
|poke|p1|Toxtricity, F|
|poke|p1|Drednaw, F|
|poke|p1|Rillaboom, M|
|poke|p1|Frosmoth, F|
|poke|p2|Dragapult, M|
|poke|p2|Hatterene, F|
|poke|p2|Rotom-Heat|
|poke|p2|Togekiss, M|
|poke|p2|Corviknight, M|
|poke|p2|Inteleon, M|
|rule|Dynamax Clause: You cannot dynamax
|teampreview
|inactive|Battle timer is ON: inactive players will automatically lose when time's up. (requested by Lacroix28)
|
|start
|switch|p1a: Grimmsnarl|Grimmsnarl, M|100/100
|switch|p2a: Alphonse|Corviknight, M, shiny|100/100
|turn|1
|
|switch|p2a: Matilda|Hatterene, F|100/100
|move|p1a: Grimmsnarl|Reflect|p1a: Grimmsnarl
|-sidestart|p1: Red1902|Reflect
|
|upkeep
|turn|2
|
|move|p1a: Grimmsnarl|Taunt|p2a: Matilda
|move|p2a: Matilda|Taunt|p1a: Grimmsnarl|[from]Magic Bounce
|-start|p1a: Grimmsnarl|move: Taunt
|move|p2a: Matilda|Trick Room|p2a: Matilda
|-fieldstart|move: Trick Room|[of] p2a: Matilda
|
|upkeep
|turn|3
|
|move|p2a: Matilda|Dazzling Gleam|p1a: Grimmsnarl
|-supereffective|p1a: Grimmsnarl
|-damage|p1a: Grimmsnarl|0 fnt
|faint|p1a: Grimmsnarl
|
|upkeep
|c|☆Red1902|of
|c|☆Red1902|oof
|
|switch|p1a: Toxtricity|Toxtricity, F|100/100
|turn|4
|
|move|p2a: Matilda|Psychic|p1a: Toxtricity
|-supereffective|p1a: Toxtricity
|-damage|p1a: Toxtricity|0 fnt
|faint|p1a: Toxtricity
|
|upkeep
|c|☆Red1902|oof
|c|☆Red1902|gg
|
|switch|p1a: Rillaboom|Rillaboom, M|100/100
|turn|5
|
|move|p2a: Matilda|Mystical Fire|p1a: Rillaboom
|-supereffective|p1a: Rillaboom
|-crit|p1a: Rillaboom
|-damage|p1a: Rillaboom|0 fnt
|faint|p1a: Rillaboom
|
|upkeep
|c|☆Red1902|oof again
|c|☆Red1902|one mon ake out everthing
|c|☆Red1902|nice
|
|switch|p1a: Drednaw|Drednaw, F|100/100
|turn|6
|
|move|p2a: Matilda|Dazzling Gleam|p1a: Drednaw
|-damage|p1a: Drednaw|35/100
|move|p1a: Drednaw|Liquidation|p2a: Matilda
|-damage|p2a: Matilda|31/100
|-damage|p1a: Drednaw|25/100|[from] item: Life Orb
|
|-heal|p2a: Matilda|37/100|[from] item: Leftovers
|-fieldend|move: Trick Room
|upkeep
|turn|7
|c|☆Red1902|op
|
|switch|p2a: Randall|Inteleon, M|100/100
|move|p1a: Drednaw|Liquidation|p2a: Randall
|-resisted|p2a: Randall
|-damage|p2a: Randall|53/100
|-damage|p1a: Drednaw|15/100|[from] item: Life Orb
|
|upkeep
|turn|8
|
|move|p2a: Randall|Hydro Pump|p1a: Drednaw
|-damage|p1a: Drednaw|0 fnt
|faint|p1a: Drednaw
|
|-sideend|p1: Red1902|Reflect
|upkeep
|
|switch|p1a: Frosmoth|Frosmoth, F|100/100
|turn|9
|
|move|p2a: Randall|Hydro Pump|p1a: Frosmoth|[miss]
|-miss|p2a: Randall|p1a: Frosmoth
|move|p1a: Frosmoth|Quiver Dance|p1a: Frosmoth
|-boost|p1a: Frosmoth|spa|1
|-boost|p1a: Frosmoth|spd|1
|-boost|p1a: Frosmoth|spe|1
|
|upkeep
|turn|10
|
|move|p1a: Frosmoth|Bug Buzz|p2a: Randall
|-damage|p2a: Randall|0 fnt
|faint|p2a: Randall
|
|upkeep
|
|switch|p2a: Alphonse|Corviknight, M, shiny|100/100
|turn|11
|
|move|p1a: Frosmoth|Ice Beam|p2a: Alphonse
|-damage|p2a: Alphonse|41/100
|move|p2a: Alphonse|Substitute|p2a: Alphonse
|-start|p2a: Alphonse|Substitute
|-damage|p2a: Alphonse|16/100
|
|-heal|p2a: Alphonse|22/100|[from] item: Leftovers
|upkeep
|turn|12
|
|move|p1a: Frosmoth|Ice Beam|p2a: Alphonse
|-end|p2a: Alphonse|Substitute
|move|p2a: Alphonse|Bulk Up|p2a: Alphonse
|-boost|p2a: Alphonse|atk|1
|-boost|p2a: Alphonse|def|1
|
|-heal|p2a: Alphonse|28/100|[from] item: Leftovers
|upkeep
|turn|13
|
|move|p1a: Frosmoth|Ice Beam|p2a: Alphonse
|-crit|p2a: Alphonse
|-damage|p2a: Alphonse|0 fnt
|faint|p2a: Alphonse
|
|upkeep
|
|switch|p2a: Danny|Rotom-Heat, shiny|100/100
|turn|14
|
|move|p1a: Frosmoth|Bug Buzz|p2a: Danny
|-resisted|p2a: Danny
|-damage|p2a: Danny|67/100
|-unboost|p2a: Danny|spd|1
|move|p2a: Danny|Nasty Plot|p2a: Danny
|-boost|p2a: Danny|spa|2
|
|-heal|p2a: Danny|73/100|[from] item: Leftovers
|upkeep
|turn|15
|
|move|p1a: Frosmoth|Bug Buzz|p2a: Danny
|-resisted|p2a: Danny
|-damage|p2a: Danny|19/100
|move|p2a: Danny|Overheat|p1a: Frosmoth
|-supereffective|p1a: Frosmoth
|-damage|p1a: Frosmoth|0 fnt
|-unboost|p2a: Danny|spa|2
|faint|p1a: Frosmoth
|
|-heal|p2a: Danny|25/100|[from] item: Leftovers
|upkeep
|
|switch|p1a: Dragapult|Dragapult, M|100/100
|turn|16
|
|move|p1a: Dragapult|Shadow Ball|p2a: Danny
|-damage|p2a: Danny|0 fnt
|faint|p2a: Danny
|
|upkeep
|
|switch|p2a: Togecroix|Togekiss, M|100/100
|turn|17
|
|move|p1a: Dragapult|Shadow Ball|p2a: Togecroix
|-damage|p2a: Togecroix|46/100
|move|p2a: Togecroix|Nasty Plot|p2a: Togecroix
|-boost|p2a: Togecroix|spa|2
|
|-heal|p2a: Togecroix|52/100|[from] item: Leftovers
|upkeep
|turn|18
|
|move|p1a: Dragapult|Shadow Ball|p2a: Togecroix
|-damage|p2a: Togecroix|3/100
|-unboost|p2a: Togecroix|spd|1
|move|p2a: Togecroix|Dazzling Gleam|p1a: Dragapult
|-supereffective|p1a: Dragapult
|-damage|p1a: Dragapult|0 fnt
|faint|p1a: Dragapult
|
|win|Lacroix28
|raw|Red1902's rating: 1111 → 1082(-29 for losing)
|raw|Lacroix28's rating: 1058 → 1094(+36 for winning)
|c|☆Red1902|oof
|c|☆Red1902|gg
|c|☆Lacroix28|gg
|l|☆Red1902
