|ScrapeTime|2020-01-02-15:45:05
|j|☆Ozzyrockin
|j|☆scf
|player|p1|Ozzyrockin|120|1157
|player|p2|scf|265|1144
|teamsize|p1|6
|teamsize|p2|6
|gametype|singles
|gen|8
|tier|[Gen 8] OU
|rated|
|rule|Sleep Clause Mod: Limit one foe put to sleep
|rule|Species Clause: Limit one of each Pokémon
|rule|OHKO Clause: OHKO moves are banned
|rule|Evasion Moves Clause: Evasion moves are banned
|rule|Endless Battle Clause: Forcing endless battles is banned
|rule|HP Percentage Mod: HP is shown in percentages
|clearpoke
|poke|p1|Dracovish|
|poke|p1|Rotom-Frost|
|poke|p1|Corviknight, M|
|poke|p1|Gyarados, M|
|poke|p1|Hydreigon, F|
|poke|p1|Espeon, F|
|poke|p2|Toxicroak, M|
|poke|p2|Chandelure, F|
|poke|p2|Slurpuff, M|
|poke|p2|Skuntank, M|
|poke|p2|Rotom-Wash|
|poke|p2|Eldegoss, M|
|rule|Dynamax Clause: You cannot dynamax
|teampreview
|
|start
|switch|p1a: I miss Regice ;_;|Rotom-Frost|100/100
|switch|p2a: Rotom|Rotom-Wash|100/100
|turn|1
|
|move|p2a: Rotom|Volt Switch|p1a: I miss Regice ;_;
|-resisted|p1a: I miss Regice ;_;
|-damage|p1a: I miss Regice ;_;|78/100
|
|switch|p2a: Slurpuff|Slurpuff, M|100/100|[from]move: Volt Switch
|move|p1a: I miss Regice ;_;|Volt Switch|p2a: Slurpuff
|-damage|p2a: Slurpuff|61/100
|
|switch|p1a: Corviknight|Corviknight, M|100/100|[from]move: Volt Switch
|-ability|p1a: Corviknight|Pressure
|
|upkeep
|turn|2
|
|switch|p2a: Rotom|Rotom-Wash|100/100
|move|p1a: Corviknight|Bulk Up|p1a: Corviknight
|-boost|p1a: Corviknight|atk|1
|-boost|p1a: Corviknight|def|1
|
|upkeep
|turn|3
|
|switch|p1a: I miss Regice ;_;|Rotom-Frost|78/100
|move|p2a: Rotom|Discharge|p1a: I miss Regice ;_;
|-resisted|p1a: I miss Regice ;_;
|-damage|p1a: I miss Regice ;_;|56/100
|
|upkeep
|turn|4
|
|move|p1a: I miss Regice ;_;|Volt Switch|p2a: Rotom
|-damage|p2a: Rotom|58/100
|
|switch|p1a: Espeon|Espeon, F, shiny|100/100|[from]move: Volt Switch
|move|p2a: Rotom|Discharge|p1a: Espeon
|-damage|p1a: Espeon|63/100
|-status|p1a: Espeon|par
|
|upkeep
|turn|5
|
|switch|p2a: Skuntank|Skuntank, M|100/100
|move|p1a: Espeon|Psychic|p2a: Skuntank
|-immune|p2a: Skuntank
|
|upkeep
|turn|6
|
|switch|p1a: Hydreigon|Hydreigon, F, shiny|100/100
|move|p2a: Skuntank|Toxic|p1a: Hydreigon
|-status|p1a: Hydreigon|tox
|
|-damage|p1a: Hydreigon|94/100 tox|[from] psn
|upkeep
|turn|7
|
|move|p1a: Hydreigon|Draco Meteor|p2a: Skuntank
|-damage|p2a: Skuntank|7/100
|-unboost|p1a: Hydreigon|spa|2
|move|p2a: Skuntank|Poison Jab|p1a: Hydreigon
|-damage|p1a: Hydreigon|40/100 tox
|-damage|p2a: Skuntank|0 fnt|[from] item: Life Orb
|faint|p2a: Skuntank
|
|-damage|p1a: Hydreigon|28/100 tox|[from] psn
|upkeep
|
|switch|p2a: Slurpuff|Slurpuff, M|61/100
|turn|8
|
|switch|p1a: Corviknight|Corviknight, M|100/100
|-ability|p1a: Corviknight|Pressure
|move|p2a: Slurpuff|Sticky Web|p1a: Corviknight
|-sidestart|p1: Ozzyrockin|move: Sticky Web
|
|upkeep
|turn|9
|
|move|p2a: Slurpuff|Thunderbolt|p1a: Corviknight
|-supereffective|p1a: Corviknight
|-crit|p1a: Corviknight
|-damage|p1a: Corviknight|27/100
|-status|p1a: Corviknight|par
|cant|p1a: Corviknight|par
|
|upkeep
|turn|10
|c|☆scf|That really sucks
|c|☆scf|Sorry
|-message|Ozzyrockin forfeited.
|
|win|scf
|l|☆Ozzyrockin
|raw|Ozzyrockin's rating: 1180 → 1153(-27 for losing)
|raw|scf's rating: 1144 → 1172(+28 for winning)
