|ScrapeTime|2020-01-02-23:23:10
|j|☆SroudDuors
|j|☆woundsomepine
|player|p1|SroudDuors|elesa|1507
|player|p2|woundsomepine|nurse|1418
|teamsize|p1|6
|teamsize|p2|6
|gametype|singles
|gen|8
|tier|[Gen 8] OU
|rated|
|rule|Sleep Clause Mod: Limit one foe put to sleep
|rule|Species Clause: Limit one of each Pokémon
|rule|OHKO Clause: OHKO moves are banned
|rule|Evasion Moves Clause: Evasion moves are banned
|rule|Endless Battle Clause: Forcing endless battles is banned
|rule|HP Percentage Mod: HP is shown in percentages
|clearpoke
|poke|p1|Hatterene, F|
|poke|p1|Cinderace, F|
|poke|p1|Mandibuzz, F|
|poke|p1|Seismitoad, F|
|poke|p1|Tsareena, F|
|poke|p1|Aegislash, M|
|poke|p2|Clefable, M|
|poke|p2|Corviknight, F|
|poke|p2|Seismitoad, M|
|poke|p2|Dragapult, F|
|poke|p2|Dracovish|
|poke|p2|Hatterene, F|
|rule|Dynamax Clause: You cannot dynamax
|teampreview
|inactive|Battle timer is ON: inactive players will automatically lose when time's up. (requested by SroudDuors)
|inactive|SroudDuors has 120 seconds left.
|inactive|woundsomepine has 120 seconds left.
|inactive|SroudDuors has 90 seconds left.
|
|start
|switch|p1a: Tsareena|Tsareena, F|100/100
|switch|p2a: Dragapult|Dragapult, F|100/100
|turn|1
|
|move|p2a: Dragapult|Draco Meteor|p1a: Tsareena
|-damage|p1a: Tsareena|41/100
|-unboost|p2a: Dragapult|spa|2
|move|p1a: Tsareena|Play Rough|p2a: Dragapult
|-supereffective|p2a: Dragapult
|-damage|p2a: Dragapult|40/100
|
|-heal|p1a: Tsareena|47/100|[from] item: Leftovers
|upkeep
|turn|2
|
|switch|p2a: Corviknight|Corviknight, F|100/100
|-ability|p2a: Corviknight|Pressure
|move|p1a: Tsareena|Synthesis|p1a: Tsareena
|-heal|p1a: Tsareena|96/100
|
|-heal|p1a: Tsareena|100/100|[from] item: Leftovers
|upkeep
|turn|3
|
|switch|p1a: Mandibuzz|Mandibuzz, F|100/100
|move|p2a: Corviknight|Brave Bird|p1a: Mandibuzz
|-damage|p1a: Mandibuzz|79/100
|-damage|p2a: Corviknight|84/100|[from] item: Rocky Helmet|[of] p1a: Mandibuzz
|-damage|p2a: Corviknight|76/100|[from] Recoil
|
|-heal|p2a: Corviknight|82/100|[from] item: Leftovers
|upkeep
|turn|4
|
|move|p1a: Mandibuzz|Taunt|p2a: Corviknight
|-start|p2a: Corviknight|move: Taunt
|cant|p2a: Corviknight|move: Taunt|Taunt
|
|-heal|p2a: Corviknight|88/100|[from] item: Leftovers
|upkeep
|turn|5
|
|switch|p2a: Clefable|Clefable, M|100/100
|move|p1a: Mandibuzz|Foul Play|p2a: Clefable
|-resisted|p2a: Clefable
|-damage|p2a: Clefable|89/100
|
|upkeep
|turn|6
|
|switch|p1a: Aegislash|Aegislash, M|100/100
|move|p2a: Clefable|Flamethrower|p1a: Aegislash
|-supereffective|p1a: Aegislash
|-damage|p1a: Aegislash|39/100
|
|upkeep
|turn|7
|
|switch|p1a: Cinderace|Cinderace, F|100/100
|move|p2a: Clefable|Flamethrower|p1a: Cinderace
|-resisted|p1a: Cinderace
|-damage|p1a: Cinderace|73/100
|
|upkeep
|turn|8
|
|switch|p2a: Dragapult|Dragapult, F|40/100
|move|p1a: Cinderace|Gunk Shot|p2a: Dragapult|[miss]
|-miss|p1a: Cinderace|p2a: Dragapult
|
|upkeep
|turn|9
|
|move|p1a: Cinderace|Sucker Punch|p2a: Dragapult
|-supereffective|p2a: Dragapult
|-damage|p2a: Dragapult|0 fnt
|faint|p2a: Dragapult
|
|upkeep
|
|switch|p2a: Dracovish|Dracovish|100/100
|turn|10
|
|switch|p2a: Hatterene|Hatterene, F|100/100
|switch|p1a: Seismitoad|Seismitoad, F|100/100
|
|upkeep
|turn|11
|
|move|p1a: Seismitoad|Earthquake|p2a: Hatterene
|-damage|p2a: Hatterene|63/100
|move|p2a: Hatterene|Trick Room|p2a: Hatterene
|-fieldstart|move: Trick Room|[of] p2a: Hatterene
|
|upkeep
|turn|12
|
|move|p2a: Hatterene|Psychic|p1a: Seismitoad
|-damage|p1a: Seismitoad|22/100
|-unboost|p1a: Seismitoad|spd|1
|-damage|p2a: Hatterene|54/100|[from] item: Life Orb
|move|p1a: Seismitoad|Earthquake|p2a: Hatterene
|-damage|p2a: Hatterene|14/100
|
|-heal|p1a: Seismitoad|28/100|[from] item: Leftovers
|upkeep
|turn|13
|
|move|p1a: Seismitoad|Protect|p1a: Seismitoad
|-singleturn|p1a: Seismitoad|Protect
|move|p2a: Hatterene|Dazzling Gleam|p1a: Seismitoad
|-activate|p1a: Seismitoad|move: Protect
|
|-heal|p1a: Seismitoad|34/100|[from] item: Leftovers
|upkeep
|turn|14
|
|switch|p1a: Aegislash|Aegislash, M|39/100
|move|p2a: Hatterene|Dazzling Gleam|p1a: Aegislash
|-resisted|p1a: Aegislash
|-damage|p1a: Aegislash|16/100
|-damage|p2a: Hatterene|4/100|[from] item: Life Orb
|
|upkeep
|turn|15
|
|switch|p2a: Clefable|Clefable, M|89/100
|-formechange|p1a: Aegislash|Aegislash-Blade||[from] ability: Stance Change
|move|p1a: Aegislash|Shadow Sneak|p2a: Clefable
|-damage|p2a: Clefable|40/100
|
|-fieldend|move: Trick Room
|upkeep
|turn|16
|
|switch|p2a: Corviknight|Corviknight, F|88/100
|-ability|p2a: Corviknight|Pressure
|move|p1a: Aegislash|Shadow Sneak|p2a: Corviknight
|-damage|p2a: Corviknight|60/100
|
|-heal|p2a: Corviknight|66/100|[from] item: Leftovers
|upkeep
|turn|17
|
|switch|p1a: Cinderace|Cinderace, F|73/100
|move|p2a: Corviknight|Taunt|p1a: Cinderace
|-start|p1a: Cinderace|move: Taunt
|
|-heal|p2a: Corviknight|72/100|[from] item: Leftovers
|upkeep
|turn|18
|
|switch|p2a: Hatterene|Hatterene, F|4/100
|move|p1a: Cinderace|Pyro Ball|p2a: Hatterene
|-damage|p2a: Hatterene|0 fnt
|faint|p2a: Hatterene
|
|upkeep
|
|switch|p2a: Dracovish|Dracovish|100/100
|turn|19
|
|switch|p2a: Clefable|Clefable, M|40/100
|switch|p1a: Mandibuzz|Mandibuzz, F|79/100
|
|upkeep
|turn|20
|
|move|p2a: Clefable|Moonblast|p1a: Mandibuzz
|-supereffective|p1a: Mandibuzz
|-crit|p1a: Mandibuzz
|-damage|p1a: Mandibuzz|0 fnt
|faint|p1a: Mandibuzz
|
|upkeep
|
|switch|p1a: Cinderace|Cinderace, F|73/100
|turn|21
|
|switch|p2a: Seismitoad|Seismitoad, M|100/100
|move|p1a: Cinderace|Gunk Shot|p2a: Seismitoad
|-resisted|p2a: Seismitoad
|-damage|p2a: Seismitoad|87/100
|-status|p2a: Seismitoad|psn
|
|-heal|p2a: Seismitoad|93/100 psn|[from] item: Leftovers
|-damage|p2a: Seismitoad|80/100 psn|[from] psn
|upkeep
|turn|22
|
|switch|p1a: Tsareena|Tsareena, F|100/100
|move|p2a: Seismitoad|Earthquake|p1a: Tsareena
|-resisted|p1a: Tsareena
|-damage|p1a: Tsareena|85/100
|
|-heal|p1a: Tsareena|91/100|[from] item: Leftovers
|-heal|p2a: Seismitoad|86/100 psn|[from] item: Leftovers
|-damage|p2a: Seismitoad|74/100 psn|[from] psn
|upkeep
|turn|23
|
|move|p1a: Tsareena|Power Whip|p2a: Seismitoad
|-supereffective|p2a: Seismitoad
|-damage|p2a: Seismitoad|0 fnt
|faint|p2a: Seismitoad
|
|-heal|p1a: Tsareena|97/100|[from] item: Leftovers
|upkeep
|
|switch|p2a: Clefable|Clefable, M|40/100
|turn|24
|
|switch|p1a: Cinderace|Cinderace, F|73/100
|move|p2a: Clefable|Flamethrower|p1a: Cinderace
|-resisted|p1a: Cinderace
|-damage|p1a: Cinderace|49/100
|
|upkeep
|turn|25
|
|move|p1a: Cinderace|Pyro Ball|p2a: Clefable
|-damage|p2a: Clefable|0 fnt
|faint|p2a: Clefable
|
|upkeep
|
|switch|p2a: Dracovish|Dracovish|100/100
|turn|26
|
|switch|p1a: Seismitoad|Seismitoad, F|34/100
|move|p2a: Dracovish|Crunch|p1a: Seismitoad
|-damage|p1a: Seismitoad|10/100
|
|-heal|p1a: Seismitoad|16/100|[from] item: Leftovers
|upkeep
|turn|27
|
|move|p1a: Seismitoad|Protect|p1a: Seismitoad
|-singleturn|p1a: Seismitoad|Protect
|move|p2a: Dracovish|Crunch|p1a: Seismitoad
|-activate|p1a: Seismitoad|move: Protect
|
|-heal|p1a: Seismitoad|22/100|[from] item: Leftovers
|upkeep
|turn|28
|
|switch|p1a: Aegislash|Aegislash, M|16/100
|move|p2a: Dracovish|Crunch|p1a: Aegislash
|-supereffective|p1a: Aegislash
|-damage|p1a: Aegislash|0 fnt
|faint|p1a: Aegislash
|
|upkeep
|
|switch|p1a: Tsareena|Tsareena, F|97/100
|turn|29
|
|switch|p2a: Corviknight|Corviknight, F|72/100
|-ability|p2a: Corviknight|Pressure
|switch|p1a: Cinderace|Cinderace, F|49/100
|
|-heal|p2a: Corviknight|78/100|[from] item: Leftovers
|upkeep
|turn|30
|
|switch|p2a: Dracovish|Dracovish|100/100
|move|p1a: Cinderace|Pyro Ball|p2a: Dracovish
|-resisted|p2a: Dracovish
|-damage|p2a: Dracovish|86/100
|-status|p2a: Dracovish|brn
|
|-damage|p2a: Dracovish|80/100 brn|[from] brn
|upkeep
|turn|31
|
|switch|p1a: Seismitoad|Seismitoad, F|22/100
|move|p2a: Dracovish|Crunch|p1a: Seismitoad
|-damage|p1a: Seismitoad|9/100
|
|-heal|p1a: Seismitoad|15/100|[from] item: Leftovers
|-damage|p2a: Dracovish|74/100 brn|[from] brn
|upkeep
|turn|32
|
|switch|p2a: Corviknight|Corviknight, F|78/100
|-ability|p2a: Corviknight|Pressure
|move|p1a: Seismitoad|Scald|p2a: Corviknight
|-damage|p2a: Corviknight|62/100
|-status|p2a: Corviknight|brn
|
|-heal|p1a: Seismitoad|22/100|[from] item: Leftovers
|-heal|p2a: Corviknight|68/100 brn|[from] item: Leftovers
|-damage|p2a: Corviknight|62/100 brn|[from] brn
|upkeep
|turn|33
|-message|woundsomepine forfeited.
|
|win|SroudDuors
|l|☆woundsomepine
|raw|SroudDuors's rating: 1507 → 1522(+15 for winning)
|raw|woundsomepine's rating: 1418 → 1403(-15 for losing)
