|ScrapeTime|2020-01-02-00:36:58
|j|☆rigobertomanfinfla
|j|☆dktz
|player|p1|rigobertomanfinfla|ryuki|1494
|player|p2|dktz|99|1554
|teamsize|p1|6
|teamsize|p2|6
|gametype|singles
|gen|8
|tier|[Gen 8] OU
|rated|
|rule|Sleep Clause Mod: Limit one foe put to sleep
|rule|Species Clause: Limit one of each Pokémon
|rule|OHKO Clause: OHKO moves are banned
|rule|Evasion Moves Clause: Evasion moves are banned
|rule|Endless Battle Clause: Forcing endless battles is banned
|rule|HP Percentage Mod: HP is shown in percentages
|clearpoke
|poke|p1|Flareon, F|
|poke|p1|Toxapex, F|
|poke|p1|Roserade, M|
|poke|p1|Excadrill, M|
|poke|p1|Tyranitar, F|
|poke|p1|Kommo-o, M|
|poke|p2|Excadrill, M|
|poke|p2|Cloyster, M|
|poke|p2|Mimikyu, F|
|poke|p2|Kommo-o, F|
|poke|p2|Hatterene, F|
|poke|p2|Grimmsnarl, M|
|rule|Dynamax Clause: You cannot dynamax
|teampreview
|
|start
|switch|p1a: Roserade|Roserade, M|100/100
|switch|p2a: Excadrill|Excadrill, M|100/100
|-ability|p2a: Excadrill|Mold Breaker
|turn|1
|
|move|p1a: Roserade|Sleep Powder|p2a: Excadrill
|-status|p2a: Excadrill|slp|[from] move: Sleep Powder
|cant|p2a: Excadrill|slp
|
|upkeep
|turn|2
|
|move|p1a: Roserade|Spikes|p2a: Excadrill
|-sidestart|p2: dktz|Spikes
|-curestatus|p2a: Excadrill|slp|[msg]
|move|p2a: Excadrill|Rapid Spin|p1a: Roserade
|-damage|p1a: Roserade|68/100
|-sideend|p2: dktz|Spikes|[from] move: Rapid Spin|[of] p2a: Excadrill
|-boost|p2a: Excadrill|spe|1
|
|upkeep
|turn|3
|
|switch|p1a: Kommo-o|Kommo-o, M|100/100
|move|p2a: Excadrill|Earthquake|p1a: Kommo-o
|-damage|p1a: Kommo-o|66/100
|
|-heal|p1a: Kommo-o|72/100|[from] item: Leftovers
|upkeep
|turn|4
|
|switch|p1a: Roserade|Roserade, M|68/100
|move|p2a: Excadrill|Stealth Rock|p1a: Roserade
|-sidestart|p1: rigobertomanfinfla|move: Stealth Rock
|
|upkeep
|turn|5
|j| nice dig bro
|c|☆dktz|bruh
|
|switch|p1a: Excadrill|Excadrill, M|100/100
|-damage|p1a: Excadrill|97/100|[from] Stealth Rock
|-item|p1a: Excadrill|Air Balloon
|move|p2a: Excadrill|Earthquake|p1a: Excadrill
|-immune|p1a: Excadrill
|
|upkeep
|turn|6
|c|☆dktz|ground resist toxapex
|
|move|p2a: Excadrill|Rapid Spin|p1a: Excadrill
|-resisted|p1a: Excadrill
|-damage|p1a: Excadrill|85/100
|-enditem|p1a: Excadrill|Air Balloon
|-boost|p2a: Excadrill|spe|1
|move|p1a: Excadrill|Rapid Spin|p2a: Excadrill
|-resisted|p2a: Excadrill
|-damage|p2a: Excadrill|89/100
|-sideend|p1: rigobertomanfinfla|Stealth Rock|[from] move: Rapid Spin|[of] p1a: Excadrill
|-boost|p1a: Excadrill|spe|1
|
|upkeep
|turn|7
|
|switch|p1a: Kommo-o|Kommo-o, M|72/100
|move|p2a: Excadrill|Earthquake|p1a: Kommo-o
|-damage|p1a: Kommo-o|38/100
|
|-heal|p1a: Kommo-o|44/100|[from] item: Leftovers
|upkeep
|turn|8
|c|☆rigobertomanfinfla|there's a kommo o right there sir
|c|☆rigobertomanfinfla|ymu
|c|☆rigobertomanfinfla|yum
|
|move|p2a: Excadrill|Stealth Rock|p1a: Kommo-o
|-sidestart|p1: rigobertomanfinfla|move: Stealth Rock
|move|p1a: Kommo-o|Body Press|p2a: Excadrill
|-supereffective|p2a: Excadrill
|-damage|p2a: Excadrill|0 fnt
|faint|p2a: Excadrill
|
|-heal|p1a: Kommo-o|50/100|[from] item: Leftovers
|upkeep
|
|switch|p2a: Hatterene|Hatterene, F|100/100
|turn|9
|
|switch|p1a: Flareon|Flareon, F|100/100
|move|p2a: Hatterene|Calm Mind|p2a: Hatterene
|-boost|p2a: Hatterene|spa|1
|-boost|p2a: Hatterene|spd|1
|
|upkeep
|turn|10
|
|move|p1a: Flareon|Flare Blitz|p2a: Hatterene
|-damage|p2a: Hatterene|62/100
|-damage|p1a: Flareon|88/100|[from] Recoil
|move|p2a: Hatterene|Psychic|p1a: Flareon
|-damage|p1a: Flareon|46/100
|-unboost|p1a: Flareon|spd|1
|
|-heal|p2a: Hatterene|68/100|[from] item: Leftovers
|upkeep
|turn|11
|
|switch|p1a: Tyranitar|Tyranitar, F|100/100
|-damage|p1a: Tyranitar|88/100|[from] Stealth Rock
|-weather|Sandstorm|[from] ability: Sand Stream|[of] p1a: Tyranitar
|move|p2a: Hatterene|Psychic|p1a: Tyranitar
|-immune|p1a: Tyranitar
|
|-weather|Sandstorm|[upkeep]
|-damage|p2a: Hatterene|62/100|[from] Sandstorm
|-heal|p2a: Hatterene|68/100|[from] item: Leftovers
|upkeep
|turn|12
|
|move|p1a: Tyranitar|Stone Edge|p2a: Hatterene
|-crit|p2a: Hatterene
|-damage|p2a: Hatterene|0 fnt
|faint|p2a: Hatterene
|
|-weather|Sandstorm|[upkeep]
|upkeep
|c|☆dktz|crit ofc
|
|switch|p2a: Grimmsnarl|Grimmsnarl, M|100/100
|turn|13
|c|☆rigobertomanfinfla|nigga,,
|c|☆dktz|you're white
|c|☆dktz|stop
|
|move|p2a: Grimmsnarl|Reflect|p2a: Grimmsnarl
|-sidestart|p2: dktz|Reflect
|move|p1a: Tyranitar|Stone Edge|p2a: Grimmsnarl
|-damage|p2a: Grimmsnarl|66/100
|
|-weather|Sandstorm|[upkeep]
|-damage|p2a: Grimmsnarl|60/100|[from] Sandstorm
|upkeep
|turn|14
|c|☆rigobertomanfinfla|LOL
|
|switch|p1a: Toxapex|Toxapex, F|100/100
|-damage|p1a: Toxapex|88/100|[from] Stealth Rock
|move|p2a: Grimmsnarl|Darkest Lariat|p1a: Toxapex
|-damage|p1a: Toxapex|69/100
|
|-weather|Sandstorm|[upkeep]
|-damage|p2a: Grimmsnarl|54/100|[from] Sandstorm
|-damage|p1a: Toxapex|63/100|[from] Sandstorm
|-heal|p1a: Toxapex|69/100|[from] item: Black Sludge
|upkeep
|turn|15
|inactive|Battle timer is ON: inactive players will automatically lose when time's up. (requested by rigobertomanfinfla)
|
|move|p2a: Grimmsnarl|Taunt|p1a: Toxapex
|-start|p1a: Toxapex|move: Taunt
|move|p1a: Toxapex|Scald|p2a: Grimmsnarl
|-damage|p2a: Grimmsnarl|37/100
|
|-weather|none
|-heal|p1a: Toxapex|75/100|[from] item: Black Sludge
|upkeep
|turn|16
|
|move|p2a: Grimmsnarl|Darkest Lariat|p1a: Toxapex
|-damage|p1a: Toxapex|53/100
|move|p1a: Toxapex|Scald|p2a: Grimmsnarl
|-damage|p2a: Grimmsnarl|18/100
|
|-heal|p1a: Toxapex|59/100|[from] item: Black Sludge
|upkeep
|turn|17
|
|switch|p1a: Kommo-o|Kommo-o, M|50/100
|-damage|p1a: Kommo-o|44/100|[from] Stealth Rock
|move|p2a: Grimmsnarl|Light Screen|p2a: Grimmsnarl
|-sidestart|p2: dktz|move: Light Screen
|
|-heal|p1a: Kommo-o|50/100|[from] item: Leftovers
|upkeep
|turn|18
|
|switch|p1a: Tyranitar|Tyranitar, F|88/100
|-damage|p1a: Tyranitar|76/100|[from] Stealth Rock
|-weather|Sandstorm|[from] ability: Sand Stream|[of] p1a: Tyranitar
|move|p2a: Grimmsnarl|Darkest Lariat|p1a: Tyranitar
|-resisted|p1a: Tyranitar
|-damage|p1a: Tyranitar|61/100
|
|-weather|Sandstorm|[upkeep]
|-damage|p2a: Grimmsnarl|12/100|[from] Sandstorm
|upkeep
|turn|19
|
|switch|p1a: Kommo-o|Kommo-o, M|50/100
|-damage|p1a: Kommo-o|44/100|[from] Stealth Rock
|move|p2a: Grimmsnarl|Darkest Lariat|p1a: Kommo-o
|-resisted|p1a: Kommo-o
|-damage|p1a: Kommo-o|32/100
|
|-weather|Sandstorm|[upkeep]
|-damage|p1a: Kommo-o|26/100|[from] Sandstorm
|-damage|p2a: Grimmsnarl|6/100|[from] Sandstorm
|-heal|p1a: Kommo-o|32/100|[from] item: Leftovers
|upkeep
|turn|20
|
|switch|p2a: Kommo-o|Kommo-o, F|100/100
|move|p1a: Kommo-o|Stealth Rock|p2a: Kommo-o
|-sidestart|p2: dktz|move: Stealth Rock
|
|-weather|Sandstorm|[upkeep]
|-damage|p2a: Kommo-o|94/100|[from] Sandstorm
|-damage|p1a: Kommo-o|26/100|[from] Sandstorm
|-heal|p1a: Kommo-o|32/100|[from] item: Leftovers
|-sideend|p2: dktz|Reflect
|upkeep
|turn|21
|
|move|p2a: Kommo-o|Clanging Scales|p1a: Kommo-o
|-immune|p1a: Kommo-o|[from] ability: Soundproof
|move|p1a: Kommo-o|Dragon Tail|p2a: Kommo-o
|-supereffective|p2a: Kommo-o
|-damage|p2a: Kommo-o|50/100
|drag|p2a: Mimikyu|Mimikyu, F|100/100
|-damage|p2a: Mimikyu|88/100|[from] Stealth Rock
|
|-weather|Sandstorm|[upkeep]
|-damage|p2a: Mimikyu|82/100|[from] Sandstorm
|-damage|p1a: Kommo-o|26/100|[from] Sandstorm
|-heal|p1a: Kommo-o|32/100|[from] item: Leftovers
|upkeep
|turn|22
|c|☆rigobertomanfinfla|?
|
|switch|p1a: Toxapex|Toxapex, F|93/100
|-damage|p1a: Toxapex|80/100|[from] Stealth Rock
|move|p2a: Mimikyu|Swords Dance|p2a: Mimikyu
|-boost|p2a: Mimikyu|atk|2
|
|-weather|none
|-heal|p1a: Toxapex|86/100|[from] item: Black Sludge
|upkeep
|turn|23
|
|move|p2a: Mimikyu|Shadow Claw|p1a: Toxapex
|-damage|p1a: Toxapex|42/100
|-damage|p2a: Mimikyu|72/100|[from] item: Life Orb
|move|p1a: Toxapex|Haze|p1a: Toxapex
|-clearallboost
|
|-heal|p1a: Toxapex|49/100|[from] item: Black Sludge
|upkeep
|turn|24
|
|move|p2a: Mimikyu|Swords Dance|p2a: Mimikyu
|-boost|p2a: Mimikyu|atk|2
|move|p1a: Toxapex|Recover|p1a: Toxapex
|-heal|p1a: Toxapex|99/100
|
|-heal|p1a: Toxapex|100/100|[from] item: Black Sludge
|-sideend|p2: dktz|move: Light Screen
|upkeep
|turn|25
|
|move|p2a: Mimikyu|Shadow Claw|p1a: Toxapex
|-damage|p1a: Toxapex|59/100
|-damage|p2a: Mimikyu|62/100|[from] item: Life Orb
|move|p1a: Toxapex|Haze|p1a: Toxapex
|-clearallboost
|
|-heal|p1a: Toxapex|65/100|[from] item: Black Sludge
|upkeep
|turn|26
|
|switch|p2a: Grimmsnarl|Grimmsnarl, M|6/100
|-damage|p2a: Grimmsnarl|0 fnt|[from] Stealth Rock
|faint|p2a: Grimmsnarl
|move|p1a: Toxapex|Scald|p2: Grimmsnarl|[notarget]
|-fail|p1a: Toxapex
|
|-heal|p1a: Toxapex|72/100|[from] item: Black Sludge
|upkeep
|
|switch|p2a: Cloyster|Cloyster, M|100/100
|-damage|p2a: Cloyster|76/100|[from] Stealth Rock
|turn|27
|
|move|p2a: Cloyster|Shell Smash|p2a: Cloyster
|-unboost|p2a: Cloyster|def|1
|-unboost|p2a: Cloyster|spd|1
|-boost|p2a: Cloyster|atk|2
|-boost|p2a: Cloyster|spa|2
|-boost|p2a: Cloyster|spe|2
|move|p1a: Toxapex|Haze|p1a: Toxapex
|-clearallboost
|
|-heal|p1a: Toxapex|78/100|[from] item: Black Sludge
|upkeep
|turn|28
|
|move|p2a: Cloyster|Shell Smash|p2a: Cloyster
|-unboost|p2a: Cloyster|def|1
|-unboost|p2a: Cloyster|spd|1
|-boost|p2a: Cloyster|atk|2
|-boost|p2a: Cloyster|spa|2
|-boost|p2a: Cloyster|spe|2
|move|p1a: Toxapex|Haze|p1a: Toxapex
|-clearallboost
|
|-heal|p1a: Toxapex|84/100|[from] item: Black Sludge
|upkeep
|turn|29
|
|move|p2a: Cloyster|Shell Smash|p2a: Cloyster
|-unboost|p2a: Cloyster|def|1
|-unboost|p2a: Cloyster|spd|1
|-boost|p2a: Cloyster|atk|2
|-boost|p2a: Cloyster|spa|2
|-boost|p2a: Cloyster|spe|2
|move|p1a: Toxapex|Scald|p2a: Cloyster
|-resisted|p2a: Cloyster
|-damage|p2a: Cloyster|41/100
|-status|p2a: Cloyster|brn
|
|-heal|p1a: Toxapex|90/100|[from] item: Black Sludge
|-damage|p2a: Cloyster|35/100 brn|[from] brn
|upkeep
|turn|30
|c|☆rigobertomanfinfla|?
|-message|dktz forfeited.
|
|win|rigobertomanfinfla
|l|☆dktz
|raw|rigobertomanfinfla's rating: 1474 → 1500(+26 for winning)
|raw|dktz's rating: 1571 → 1546(-25 for losing)
|l|☆rigobertomanfinfla
|l| nice dig bro
|j|☆rigobertomanfinfla
|player|p1|rigobertomanfinfla|ryuki
