|ScrapeTime|2020-01-01-04:45:00
|j|☆undaddy
|j|☆ChilisGrillNBar
|player|p1|undaddy|wally|
|player|p2|ChilisGrillNBar|waitress|
|teamsize|p1|6
|teamsize|p2|6
|gametype|singles
|gen|8
|tier|[Gen 8] OU
|rule|Sleep Clause Mod: Limit one foe put to sleep
|rule|Species Clause: Limit one of each Pokémon
|rule|OHKO Clause: OHKO moves are banned
|rule|Evasion Moves Clause: Evasion moves are banned
|rule|Endless Battle Clause: Forcing endless battles is banned
|rule|HP Percentage Mod: HP is shown in percentages
|clearpoke
|poke|p1|Diggersby, M|
|poke|p1|Aegislash, M|
|poke|p1|Ferrothorn, F|
|poke|p1|Toxapex, F|
|poke|p1|Hydreigon, F|
|poke|p1|Clefable, F|
|poke|p2|Togekiss, F|
|poke|p2|Aegislash, F|
|poke|p2|Toxapex, M|
|poke|p2|Mamoswine, M|
|poke|p2|Dragapult, F|
|poke|p2|Mandibuzz, F|
|rule|Dynamax Clause: You cannot dynamax
|teampreview
|inactive|Battle timer is ON: inactive players will automatically lose when time's up. (requested by undaddy)
|c|☆undaddy|hf
|c|☆ChilisGrillNBar|u2
|
|start
|switch|p1a: Ferrothorn|Ferrothorn, F|100/100
|switch|p2a: Aegislash|Aegislash, F|100/100
|turn|1
|
|switch|p1a: Toxapex|Toxapex, F|100/100
|-formechange|p2a: Aegislash|Aegislash-Blade||[from] ability: Stance Change
|move|p2a: Aegislash|Close Combat|p1a: Toxapex
|-resisted|p1a: Toxapex
|-damage|p1a: Toxapex|88/100
|-unboost|p2a: Aegislash|def|1
|-unboost|p2a: Aegislash|spd|1
|
|-heal|p1a: Toxapex|94/100|[from] item: Black Sludge
|upkeep
|turn|2
|
|switch|p1a: Diggersby|Diggersby, M|100/100
|-formechange|p2a: Aegislash|Aegislash||[from] ability: Stance Change
|move|p2a: Aegislash|King's Shield||[still]
|-fail|p2a: Aegislash
|
|upkeep
|turn|3
|
|switch|p2a: Mandibuzz|Mandibuzz, F|100/100
|move|p1a: Diggersby|Earthquake|p2a: Mandibuzz
|-immune|p2a: Mandibuzz
|
|upkeep
|turn|4
|
|switch|p1a: Clefable|Clefable, F|100/100
|switch|p2a: Aegislash|Aegislash, F|100/100
|
|upkeep
|turn|5
|
|switch|p1a: Toxapex|Toxapex, F|100/100
|-formechange|p2a: Aegislash|Aegislash-Blade||[from] ability: Stance Change
|move|p2a: Aegislash|Flash Cannon|p1a: Toxapex
|-resisted|p1a: Toxapex
|-damage|p1a: Toxapex|84/100
|
|-heal|p1a: Toxapex|90/100|[from] item: Black Sludge
|upkeep
|turn|6
|
|switch|p2a: Toxapex|Toxapex, M|100/100
|move|p1a: Toxapex|Toxic Spikes|p2a: Toxapex
|-sidestart|p2: ChilisGrillNBar|move: Toxic Spikes
|
|-heal|p1a: Toxapex|97/100|[from] item: Black Sludge
|upkeep
|turn|7
|
|switch|p1a: Hydreigon|Hydreigon, F|100/100
|move|p2a: Toxapex|Scald|p1a: Hydreigon
|-resisted|p1a: Hydreigon
|-damage|p1a: Hydreigon|91/100
|
|upkeep
|turn|8
|
|move|p1a: Hydreigon|Nasty Plot|p1a: Hydreigon
|-boost|p1a: Hydreigon|spa|2
|move|p2a: Toxapex|Toxic|p1a: Hydreigon
|-status|p1a: Hydreigon|tox
|
|-damage|p1a: Hydreigon|85/100 tox|[from] psn
|upkeep
|turn|9
|
|switch|p2a: Togekiss|Togekiss, F|100/100
|move|p1a: Hydreigon|Dark Pulse|p2a: Togekiss
|-resisted|p2a: Togekiss
|-damage|p2a: Togekiss|55/100
|-damage|p1a: Hydreigon|75/100 tox|[from] item: Life Orb
|
|-heal|p2a: Togekiss|61/100|[from] item: Leftovers
|-damage|p1a: Hydreigon|63/100 tox|[from] psn
|upkeep
|turn|10
|c|☆undaddy|why are all my hydreigons not sub
|c|☆undaddy|f
|
|switch|p2a: Toxapex|Toxapex, M|100/100
|-sideend|p2: ChilisGrillNBar|move: Toxic Spikes|[of] p2a: Toxapex
|move|p1a: Hydreigon|Fire Blast|p2a: Toxapex|[miss]
|-miss|p1a: Hydreigon|p2a: Toxapex
|
|-damage|p1a: Hydreigon|44/100 tox|[from] psn
|upkeep
|turn|11
|
|switch|p1a: Ferrothorn|Ferrothorn, F|100/100
|move|p2a: Toxapex|Haze|p2a: Toxapex
|-clearallboost
|
|upkeep
|turn|12
|
|move|p2a: Toxapex|Scald|p1a: Ferrothorn
|-resisted|p1a: Ferrothorn
|-damage|p1a: Ferrothorn|95/100
|move|p1a: Ferrothorn|Stealth Rock|p2a: Toxapex
|-sidestart|p2: ChilisGrillNBar|move: Stealth Rock
|
|-heal|p1a: Ferrothorn|100/100|[from] item: Leftovers
|upkeep
|turn|13
|
|move|p2a: Toxapex|Scald|p1a: Ferrothorn
|-resisted|p1a: Ferrothorn
|-damage|p1a: Ferrothorn|95/100
|-status|p1a: Ferrothorn|brn
|move|p1a: Ferrothorn|Thunder Wave|p2a: Toxapex
|-status|p2a: Toxapex|par
|
|-heal|p1a: Ferrothorn|100/100 brn|[from] item: Leftovers
|-damage|p1a: Ferrothorn|94/100 brn|[from] brn
|upkeep
|turn|14
|
|switch|p2a: Mandibuzz|Mandibuzz, F|100/100
|move|p1a: Ferrothorn|Spikes|p2a: Mandibuzz
|-sidestart|p2: ChilisGrillNBar|Spikes
|
|-heal|p1a: Ferrothorn|100/100 brn|[from] item: Leftovers
|-damage|p1a: Ferrothorn|94/100 brn|[from] brn
|upkeep
|turn|15
|
|switch|p1a: Clefable|Clefable, F|100/100
|move|p2a: Mandibuzz|Taunt|p1a: Clefable
|-start|p1a: Clefable|move: Taunt
|
|upkeep
|turn|16
|
|switch|p2a: Mamoswine|Mamoswine, M|100/100
|-damage|p2a: Mamoswine|88/100|[from] Spikes
|-damage|p2a: Mamoswine|76/100|[from] Stealth Rock
|switch|p1a: Diggersby|Diggersby, M|100/100
|
|upkeep
|turn|17
|
|switch|p2a: Mandibuzz|Mandibuzz, F|100/100
|switch|p1a: Clefable|Clefable, F|100/100
|
|upkeep
|turn|18
|
|move|p2a: Mandibuzz|Defog|p1a: Clefable
|-unboost|p1a: Clefable|evasion|1
|-sideend|p2: ChilisGrillNBar|Spikes|[from] move: Defog|[of] p2a: Mandibuzz
|-sideend|p2: ChilisGrillNBar|Stealth Rock|[from] move: Defog|[of] p2a: Mandibuzz
|move|p1a: Clefable|Moonblast|p2a: Mandibuzz
|-supereffective|p2a: Mandibuzz
|-damage|p2a: Mandibuzz|49/100
|-unboost|p2a: Mandibuzz|spa|1
|
|upkeep
|turn|19
|
|switch|p2a: Toxapex|Toxapex, M|100/100 par
|move|p1a: Clefable|Stealth Rock|p2a: Toxapex
|-sidestart|p2: ChilisGrillNBar|move: Stealth Rock
|
|upkeep
|turn|20
|
|move|p1a: Clefable|Wish|p1a: Clefable
|move|p2a: Toxapex|Scald|p1a: Clefable
|-damage|p1a: Clefable|84/100
|
|-heal|p1a: Clefable|90/100|[from] item: Leftovers
|upkeep
|turn|21
|
|switch|p1a: Hydreigon|Hydreigon, F|44/100 tox
|switch|p2a: Mandibuzz|Mandibuzz, F|49/100
|
|-heal|p1a: Hydreigon|100/100 tox|[from] move: Wish|[wisher] Clefable
|-damage|p1a: Hydreigon|94/100 tox|[from] psn
|upkeep
|turn|22
|
|move|p1a: Hydreigon|Flash Cannon|p2a: Mandibuzz
|-damage|p2a: Mandibuzz|21/100
|-unboost|p2a: Mandibuzz|spd|1
|-damage|p1a: Hydreigon|84/100 tox|[from] item: Life Orb
|move|p2a: Mandibuzz|Defog|p1a: Hydreigon
|-unboost|p1a: Hydreigon|evasion|1
|-sideend|p2: ChilisGrillNBar|Stealth Rock|[from] move: Defog|[of] p2a: Mandibuzz
|
|-damage|p1a: Hydreigon|72/100 tox|[from] psn
|upkeep
|turn|23
|
|switch|p1a: Diggersby|Diggersby, M|100/100
|switch|p2a: Toxapex|Toxapex, M|100/100 par
|
|upkeep
|turn|24
|
|move|p1a: Diggersby|Earthquake|p2a: Toxapex
|-supereffective|p2a: Toxapex
|-damage|p2a: Toxapex|0 fnt
|faint|p2a: Toxapex
|
|upkeep
|
|switch|p2a: Mandibuzz|Mandibuzz, F|21/100
|turn|25
|
|switch|p1a: Clefable|Clefable, F|90/100
|move|p2a: Mandibuzz|Roost|p2a: Mandibuzz
|-heal|p2a: Mandibuzz|71/100
|-singleturn|p2a: Mandibuzz|move: Roost
|
|-heal|p1a: Clefable|96/100|[from] item: Leftovers
|upkeep
|turn|26
|
|switch|p2a: Aegislash|Aegislash, F|100/100
|move|p1a: Clefable|Stealth Rock|p2a: Aegislash
|-sidestart|p2: ChilisGrillNBar|move: Stealth Rock
|
|-heal|p1a: Clefable|100/100|[from] item: Leftovers
|upkeep
|turn|27
|
|-formechange|p2a: Aegislash|Aegislash-Blade||[from] ability: Stance Change
|move|p2a: Aegislash|Shadow Ball|p1a: Clefable
|-damage|p1a: Clefable|61/100
|-unboost|p1a: Clefable|spd|1
|move|p1a: Clefable|Moonblast|p2a: Aegislash
|-resisted|p2a: Aegislash
|-damage|p2a: Aegislash|73/100
|
|-heal|p1a: Clefable|68/100|[from] item: Leftovers
|upkeep
|turn|28
|
|switch|p1a: Toxapex|Toxapex, F|100/100
|move|p2a: Aegislash|Shadow Ball|p1a: Toxapex
|-damage|p1a: Toxapex|66/100
|
|-heal|p1a: Toxapex|72/100|[from] item: Black Sludge
|upkeep
|turn|29
|
|switch|p2a: Mamoswine|Mamoswine, M|76/100
|-damage|p2a: Mamoswine|63/100|[from] Stealth Rock
|move|p1a: Toxapex|Scald|p2a: Mamoswine
|-supereffective|p2a: Mamoswine
|-damage|p2a: Mamoswine|19/100
|
|-heal|p1a: Toxapex|78/100|[from] item: Black Sludge
|upkeep
|turn|30
|c|☆ChilisGrillNBar|yeah this team was when dyna was allowed
|c|☆ChilisGrillNBar|it kinda needed it to work
|inactive|ChilisGrillNBar has 270 seconds left.
|
|switch|p1a: Ferrothorn|Ferrothorn, F|94/100 brn
|move|p2a: Mamoswine|Stealth Rock|p1a: Ferrothorn
|-sidestart|p1: undaddy|move: Stealth Rock
|
|-heal|p1a: Ferrothorn|100/100 brn|[from] item: Leftovers
|-damage|p1a: Ferrothorn|94/100 brn|[from] brn
|upkeep
|turn|31
|c|☆undaddy|dyna toge bokr
|
|move|p2a: Mamoswine|Earthquake|p1a: Ferrothorn
|-damage|p1a: Ferrothorn|60/100 brn
|move|p1a: Ferrothorn|Power Whip|p2a: Mamoswine
|-supereffective|p2a: Mamoswine
|-damage|p2a: Mamoswine|0 fnt
|faint|p2a: Mamoswine
|
|-heal|p1a: Ferrothorn|66/100 brn|[from] item: Leftovers
|-damage|p1a: Ferrothorn|60/100 brn|[from] brn
|upkeep
|
|switch|p2a: Dragapult|Dragapult, F|100/100
|-damage|p2a: Dragapult|88/100|[from] Stealth Rock
|turn|32
|
|switch|p1a: Toxapex|Toxapex, F|100/100
|-damage|p1a: Toxapex|88/100|[from] Stealth Rock
|move|p2a: Dragapult|Thunderbolt|p1a: Toxapex
|-supereffective|p1a: Toxapex
|-damage|p1a: Toxapex|31/100
|
|-heal|p1a: Toxapex|38/100|[from] item: Black Sludge
|upkeep
|turn|33
|
|switch|p2a: Mandibuzz|Mandibuzz, F|71/100
|switch|p1a: Diggersby|Diggersby, M|100/100
|-damage|p1a: Diggersby|94/100|[from] Stealth Rock
|
|upkeep
|turn|34
|
|switch|p2a: Aegislash|Aegislash, F|73/100
|-damage|p2a: Aegislash|67/100|[from] Stealth Rock
|move|p1a: Diggersby|Body Slam|p2a: Aegislash
|-immune|p2a: Aegislash
|
|upkeep
|turn|35
|
|switch|p1a: Toxapex|Toxapex, F|71/100
|-damage|p1a: Toxapex|58/100|[from] Stealth Rock
|-formechange|p2a: Aegislash|Aegislash-Blade||[from] ability: Stance Change
|move|p2a: Aegislash|Shadow Ball|p1a: Toxapex
|-damage|p1a: Toxapex|26/100
|
|-heal|p1a: Toxapex|33/100|[from] item: Black Sludge
|upkeep
|turn|36
|
|switch|p1a: Hydreigon|Hydreigon, F|72/100 tox
|-damage|p1a: Hydreigon|60/100 tox|[from] Stealth Rock
|move|p2a: Aegislash|Close Combat|p1a: Hydreigon
|-supereffective|p1a: Hydreigon
|-damage|p1a: Hydreigon|0 fnt
|-unboost|p2a: Aegislash|def|1
|-unboost|p2a: Aegislash|spd|1
|faint|p1a: Hydreigon
|
|upkeep
|
|switch|p1a: Diggersby|Diggersby, M|94/100
|-damage|p1a: Diggersby|88/100|[from] Stealth Rock
|turn|37
|
|-formechange|p2a: Aegislash|Aegislash||[from] ability: Stance Change
|move|p2a: Aegislash|King's Shield|p2a: Aegislash
|-singleturn|p2a: Aegislash|Protect
|move|p1a: Diggersby|Fire Punch|p2a: Aegislash
|-activate|p2a: Aegislash|move: Protect
|-unboost|p1a: Diggersby|atk|1
|
|upkeep
|turn|38
|inactive|ChilisGrillNBar has 270 seconds left.
|
|switch|p2a: Dragapult|Dragapult, F|88/100
|-damage|p2a: Dragapult|76/100|[from] Stealth Rock
|move|p1a: Diggersby|Fire Punch|p2a: Dragapult
|-resisted|p2a: Dragapult
|-damage|p2a: Dragapult|54/100
|
|upkeep
|turn|39
|inactive|ChilisGrillNBar has 270 seconds left.
|
|switch|p2a: Aegislash|Aegislash, F|67/100
|-damage|p2a: Aegislash|61/100|[from] Stealth Rock
|switch|p1a: Clefable|Clefable, F|68/100
|
|-heal|p1a: Clefable|74/100|[from] item: Leftovers
|upkeep
|turn|40
|
|move|p1a: Clefable|Wish|p1a: Clefable
|-formechange|p2a: Aegislash|Aegislash-Blade||[from] ability: Stance Change
|move|p2a: Aegislash|Shadow Ball|p1a: Clefable
|-damage|p1a: Clefable|32/100
|
|-heal|p1a: Clefable|39/100|[from] item: Leftovers
|upkeep
|turn|41
|inactive|ChilisGrillNBar has 270 seconds left.
|
|move|p1a: Clefable|Protect|p1a: Clefable
|-singleturn|p1a: Clefable|Protect
|move|p2a: Aegislash|Shadow Ball|p1a: Clefable
|-activate|p1a: Clefable|move: Protect
|
|-heal|p1a: Clefable|89/100|[from] move: Wish|[wisher] Clefable
|-heal|p1a: Clefable|95/100|[from] item: Leftovers
|upkeep
|turn|42
|
|move|p2a: Aegislash|Flash Cannon|p1a: Clefable
|-supereffective|p1a: Clefable
|-damage|p1a: Clefable|12/100
|move|p1a: Clefable|Wish|p1a: Clefable
|
|-heal|p1a: Clefable|18/100|[from] item: Leftovers
|upkeep
|turn|43
|
|move|p1a: Clefable|Protect|p1a: Clefable
|-singleturn|p1a: Clefable|Protect
|-formechange|p2a: Aegislash|Aegislash||[from] ability: Stance Change
|move|p2a: Aegislash|King's Shield||[still]
|-fail|p2a: Aegislash
|
|-heal|p1a: Clefable|68/100|[from] move: Wish|[wisher] Clefable
|-heal|p1a: Clefable|74/100|[from] item: Leftovers
|upkeep
|turn|44
|
|switch|p1a: Toxapex|Toxapex, F|66/100
|-damage|p1a: Toxapex|53/100|[from] Stealth Rock
|-formechange|p2a: Aegislash|Aegislash-Blade||[from] ability: Stance Change
|move|p2a: Aegislash|Shadow Ball|p1a: Toxapex
|-damage|p1a: Toxapex|20/100
|
|-heal|p1a: Toxapex|26/100|[from] item: Black Sludge
|upkeep
|turn|45
|
|move|p2a: Aegislash|Flash Cannon|p1a: Toxapex
|-resisted|p1a: Toxapex
|-damage|p1a: Toxapex|10/100
|move|p1a: Toxapex|Recover|p1a: Toxapex
|-heal|p1a: Toxapex|60/100
|
|-heal|p1a: Toxapex|66/100|[from] item: Black Sludge
|upkeep
|turn|46
|
|move|p2a: Aegislash|Shadow Ball|p1a: Toxapex
|-damage|p1a: Toxapex|32/100
|-unboost|p1a: Toxapex|spd|1
|move|p1a: Toxapex|Recover|p1a: Toxapex
|-heal|p1a: Toxapex|82/100
|
|-heal|p1a: Toxapex|89/100|[from] item: Black Sludge
|upkeep
|turn|47
|
|move|p2a: Aegislash|Flash Cannon|p1a: Toxapex
|-resisted|p1a: Toxapex
|-damage|p1a: Toxapex|62/100
|move|p1a: Toxapex|Recover|p1a: Toxapex
|-heal|p1a: Toxapex|100/100
|
|upkeep
|turn|48
|
|switch|p1a: Diggersby|Diggersby, M|88/100
|-damage|p1a: Diggersby|82/100|[from] Stealth Rock
|move|p2a: Aegislash|Flash Cannon|p1a: Diggersby
|-damage|p1a: Diggersby|22/100
|
|upkeep
|turn|49
|
|-formechange|p2a: Aegislash|Aegislash||[from] ability: Stance Change
|move|p2a: Aegislash|King's Shield|p2a: Aegislash
|-singleturn|p2a: Aegislash|Protect
|move|p1a: Diggersby|Fire Punch|p2a: Aegislash
|-activate|p2a: Aegislash|move: Protect
|-unboost|p1a: Diggersby|atk|1
|
|upkeep
|turn|50
|
|switch|p2a: Dragapult|Dragapult, F|54/100
|-damage|p2a: Dragapult|42/100|[from] Stealth Rock
|move|p1a: Diggersby|Fire Punch|p2a: Dragapult
|-resisted|p2a: Dragapult
|-damage|p2a: Dragapult|19/100
|
|upkeep
|turn|51
|
|switch|p1a: Toxapex|Toxapex, F|100/100
|-damage|p1a: Toxapex|88/100|[from] Stealth Rock
|move|p2a: Dragapult|Fire Blast|p1a: Toxapex
|-resisted|p1a: Toxapex
|-damage|p1a: Toxapex|71/100
|
|-heal|p1a: Toxapex|77/100|[from] item: Black Sludge
|upkeep
|turn|52
|
|switch|p2a: Mandibuzz|Mandibuzz, F|71/100
|move|p1a: Toxapex|Scald|p2a: Mandibuzz
|-damage|p2a: Mandibuzz|59/100
|
|-heal|p1a: Toxapex|83/100|[from] item: Black Sludge
|upkeep
|turn|53
|
|move|p2a: Mandibuzz|Defog|p1a: Toxapex
|-unboost|p1a: Toxapex|evasion|1
|-sideend|p1: undaddy|Stealth Rock|[from] move: Defog|[of] p2a: Mandibuzz
|-sideend|p2: ChilisGrillNBar|Stealth Rock|[from] move: Defog|[of] p2a: Mandibuzz
|move|p1a: Toxapex|Scald|p2a: Mandibuzz
|-damage|p2a: Mandibuzz|47/100
|
|-heal|p1a: Toxapex|89/100|[from] item: Black Sludge
|upkeep
|turn|54
|
|move|p2a: Mandibuzz|Taunt|p1a: Toxapex
|-start|p1a: Toxapex|move: Taunt
|move|p1a: Toxapex|Scald|p2a: Mandibuzz
|-damage|p2a: Mandibuzz|33/100
|
|-heal|p1a: Toxapex|96/100|[from] item: Black Sludge
|upkeep
|turn|55
|
|switch|p1a: Clefable|Clefable, F|74/100
|move|p2a: Mandibuzz|Roost|p2a: Mandibuzz
|-heal|p2a: Mandibuzz|83/100
|-singleturn|p2a: Mandibuzz|move: Roost
|
|-heal|p1a: Clefable|80/100|[from] item: Leftovers
|upkeep
|turn|56
|
|move|p2a: Mandibuzz|Taunt|p1a: Clefable
|-start|p1a: Clefable|move: Taunt
|cant|p1a: Clefable|move: Taunt|Stealth Rock
|
|-heal|p1a: Clefable|86/100|[from] item: Leftovers
|upkeep
|turn|57
|
|switch|p2a: Aegislash|Aegislash, F|61/100
|switch|p1a: Diggersby|Diggersby, M|22/100
|
|upkeep
|turn|58
|
|move|p2a: Aegislash|King's Shield|p2a: Aegislash
|-singleturn|p2a: Aegislash|Protect
|move|p1a: Diggersby|Fire Punch|p2a: Aegislash
|-activate|p2a: Aegislash|move: Protect
|-unboost|p1a: Diggersby|atk|1
|
|upkeep
|turn|59
|
|switch|p2a: Mandibuzz|Mandibuzz, F|83/100
|move|p1a: Diggersby|Fire Punch|p2a: Mandibuzz
|-damage|p2a: Mandibuzz|61/100
|
|upkeep
|turn|60
|
|switch|p1a: Clefable|Clefable, F|86/100
|move|p2a: Mandibuzz|Foul Play|p1a: Clefable
|-resisted|p1a: Clefable
|-damage|p1a: Clefable|79/100
|
|-heal|p1a: Clefable|85/100|[from] item: Leftovers
|upkeep
|turn|61
|
|switch|p2a: Aegislash|Aegislash, F|61/100
|move|p1a: Clefable|Stealth Rock|p2a: Aegislash
|-sidestart|p2: ChilisGrillNBar|move: Stealth Rock
|
|-heal|p1a: Clefable|91/100|[from] item: Leftovers
|upkeep
|turn|62
|
|switch|p1a: Toxapex|Toxapex, F|100/100
|-formechange|p2a: Aegislash|Aegislash-Blade||[from] ability: Stance Change
|move|p2a: Aegislash|Shadow Ball|p1a: Toxapex
|-damage|p1a: Toxapex|63/100
|
|-heal|p1a: Toxapex|69/100|[from] item: Black Sludge
|upkeep
|turn|63
|
|move|p2a: Aegislash|Shadow Ball|p1a: Toxapex
|-crit|p1a: Toxapex
|-damage|p1a: Toxapex|17/100
|move|p1a: Toxapex|Recover|p1a: Toxapex
|-heal|p1a: Toxapex|67/100
|
|-heal|p1a: Toxapex|73/100|[from] item: Black Sludge
|upkeep
|turn|64
|
|move|p2a: Aegislash|Shadow Ball|p1a: Toxapex
|-damage|p1a: Toxapex|39/100
|-unboost|p1a: Toxapex|spd|1
|move|p1a: Toxapex|Recover|p1a: Toxapex
|-heal|p1a: Toxapex|89/100
|
|-heal|p1a: Toxapex|96/100|[from] item: Black Sludge
|upkeep
|turn|65
|
|move|p2a: Aegislash|Shadow Ball|p1a: Toxapex
|-damage|p1a: Toxapex|43/100
|move|p1a: Toxapex|Haze|p1a: Toxapex
|-clearallboost
|
|-heal|p1a: Toxapex|50/100|[from] item: Black Sludge
|upkeep
|turn|66
|
|move|p2a: Aegislash|Shadow Ball|p1a: Toxapex
|-damage|p1a: Toxapex|13/100
|move|p1a: Toxapex|Recover|p1a: Toxapex
|-heal|p1a: Toxapex|63/100
|
|-heal|p1a: Toxapex|69/100|[from] item: Black Sludge
|upkeep
|turn|67
|
|move|p2a: Aegislash|Shadow Ball|p1a: Toxapex
|-damage|p1a: Toxapex|33/100
|move|p1a: Toxapex|Recover|p1a: Toxapex
|-heal|p1a: Toxapex|83/100
|
|-heal|p1a: Toxapex|90/100|[from] item: Black Sludge
|upkeep
|turn|68
|
|switch|p2a: Mandibuzz|Mandibuzz, F|61/100
|move|p1a: Toxapex|Scald|p2a: Mandibuzz
|-damage|p2a: Mandibuzz|48/100
|-status|p2a: Mandibuzz|brn
|
|-heal|p1a: Toxapex|96/100|[from] item: Black Sludge
|-damage|p2a: Mandibuzz|42/100 brn|[from] brn
|upkeep
|turn|69
|
|switch|p1a: Diggersby|Diggersby, M|22/100
|move|p2a: Mandibuzz|Defog|p1a: Diggersby
|-unboost|p1a: Diggersby|evasion|1
|-sideend|p2: ChilisGrillNBar|Stealth Rock|[from] move: Defog|[of] p2a: Mandibuzz
|
|-damage|p2a: Mandibuzz|35/100 brn|[from] brn
|upkeep
|turn|70
|
|move|p1a: Diggersby|Body Slam|p2a: Mandibuzz
|-damage|p2a: Mandibuzz|0 fnt
|faint|p2a: Mandibuzz
|
|upkeep
|
|switch|p2a: Dragapult|Dragapult, F|19/100
|turn|71
|
|switch|p1a: Toxapex|Toxapex, F|100/100
|move|p2a: Dragapult|Shadow Ball|p1a: Toxapex
|-damage|p1a: Toxapex|59/100
|-unboost|p1a: Toxapex|spd|1
|
|-heal|p1a: Toxapex|65/100|[from] item: Black Sludge
|upkeep
|turn|72
|
|switch|p2a: Togekiss|Togekiss, F|61/100
|switch|p1a: Diggersby|Diggersby, M|22/100
|
|-heal|p2a: Togekiss|67/100|[from] item: Leftovers
|upkeep
|turn|73
|
|switch|p2a: Dragapult|Dragapult, F|19/100
|switch|p1a: Aegislash|Aegislash, M|100/100
|
|upkeep
|turn|74
|
|-formechange|p1a: Aegislash|Aegislash-Blade||[from] ability: Stance Change
|move|p1a: Aegislash|Shadow Sneak|p2a: Dragapult
|-supereffective|p2a: Dragapult
|-damage|p2a: Dragapult|0 fnt
|faint|p2a: Dragapult
|
|upkeep
|
|switch|p2a: Togekiss|Togekiss, F|67/100
|turn|75
|
|move|p2a: Togekiss|Nasty Plot|p2a: Togekiss
|-boost|p2a: Togekiss|spa|2
|move|p1a: Aegislash|Flash Cannon|p2a: Togekiss
|-supereffective|p2a: Togekiss
|-damage|p2a: Togekiss|0 fnt
|faint|p2a: Togekiss
|
|upkeep
|
|switch|p2a: Aegislash|Aegislash, F|61/100
|turn|76
|
|-formechange|p1a: Aegislash|Aegislash||[from] ability: Stance Change
|move|p1a: Aegislash|King's Shield|p1a: Aegislash
|-singleturn|p1a: Aegislash|Protect
|-formechange|p2a: Aegislash|Aegislash-Blade||[from] ability: Stance Change
|move|p2a: Aegislash|Shadow Ball|p1a: Aegislash
|-activate|p1a: Aegislash|move: Protect
|
|upkeep
|turn|77
|c|☆undaddy|gg
|
|-formechange|p2a: Aegislash|Aegislash||[from] ability: Stance Change
|move|p2a: Aegislash|King's Shield|p2a: Aegislash
|-singleturn|p2a: Aegislash|Protect
|-formechange|p1a: Aegislash|Aegislash-Blade||[from] ability: Stance Change
|move|p1a: Aegislash|Shadow Ball|p2a: Aegislash
|-activate|p2a: Aegislash|move: Protect
|
|upkeep
|turn|78
|
|-formechange|p1a: Aegislash|Aegislash||[from] ability: Stance Change
|move|p1a: Aegislash|King's Shield|p1a: Aegislash
|-singleturn|p1a: Aegislash|Protect
|-formechange|p2a: Aegislash|Aegislash-Blade||[from] ability: Stance Change
|move|p2a: Aegislash|Shadow Ball|p1a: Aegislash
|-activate|p1a: Aegislash|move: Protect
|
|upkeep
|turn|79
|
|-formechange|p2a: Aegislash|Aegislash||[from] ability: Stance Change
|move|p2a: Aegislash|King's Shield|p2a: Aegislash
|-singleturn|p2a: Aegislash|Protect
|-formechange|p1a: Aegislash|Aegislash-Blade||[from] ability: Stance Change
|move|p1a: Aegislash|Shadow Ball|p2a: Aegislash
|-activate|p2a: Aegislash|move: Protect
|
|upkeep
|turn|80
|
|-formechange|p1a: Aegislash|Aegislash||[from] ability: Stance Change
|move|p1a: Aegislash|King's Shield|p1a: Aegislash
|-singleturn|p1a: Aegislash|Protect
|-formechange|p2a: Aegislash|Aegislash-Blade||[from] ability: Stance Change
|move|p2a: Aegislash|Shadow Ball|p1a: Aegislash
|-activate|p1a: Aegislash|move: Protect
|
|upkeep
|turn|81
|c|☆undaddy|lol
|
|-formechange|p2a: Aegislash|Aegislash||[from] ability: Stance Change
|move|p2a: Aegislash|King's Shield|p2a: Aegislash
|-singleturn|p2a: Aegislash|Protect
|-formechange|p1a: Aegislash|Aegislash-Blade||[from] ability: Stance Change
|move|p1a: Aegislash|Shadow Ball|p2a: Aegislash
|-activate|p2a: Aegislash|move: Protect
|
|upkeep
|turn|82
|c|☆ChilisGrillNBar|lol
|
|-formechange|p1a: Aegislash|Aegislash||[from] ability: Stance Change
|move|p1a: Aegislash|King's Shield|p1a: Aegislash
|-singleturn|p1a: Aegislash|Protect
|-formechange|p2a: Aegislash|Aegislash-Blade||[from] ability: Stance Change
|move|p2a: Aegislash|Shadow Ball|p1a: Aegislash
|-activate|p1a: Aegislash|move: Protect
|
|upkeep
|turn|83
|
|-formechange|p2a: Aegislash|Aegislash||[from] ability: Stance Change
|move|p2a: Aegislash|King's Shield|p2a: Aegislash
|-singleturn|p2a: Aegislash|Protect
|-formechange|p1a: Aegislash|Aegislash-Blade||[from] ability: Stance Change
|move|p1a: Aegislash|Shadow Ball|p2a: Aegislash
|-activate|p2a: Aegislash|move: Protect
|
|upkeep
|turn|84
|
|-formechange|p1a: Aegislash|Aegislash||[from] ability: Stance Change
|move|p1a: Aegislash|King's Shield|p1a: Aegislash
|-singleturn|p1a: Aegislash|Protect
|move|p2a: Aegislash|King's Shield||[still]
|-fail|p2a: Aegislash
|
|upkeep
|turn|85
|
|-formechange|p1a: Aegislash|Aegislash-Blade||[from] ability: Stance Change
|move|p1a: Aegislash|Shadow Ball|p2a: Aegislash
|-supereffective|p2a: Aegislash
|-damage|p2a: Aegislash|0 fnt
|faint|p2a: Aegislash
|
|win|undaddy
|c|☆undaddy|geegee
|c|☆ChilisGrillNBar|gg
