|ScrapeTime|2020-01-01-12:42:32
|j|☆Slow.90
|j|☆berger63
|player|p1|Slow.90|266|1399
|player|p2|berger63|hiker-gen4|1440
|teamsize|p1|6
|teamsize|p2|6
|gametype|singles
|gen|8
|tier|[Gen 8] OU
|rated|
|rule|Sleep Clause Mod: Limit one foe put to sleep
|rule|Species Clause: Limit one of each Pokémon
|rule|OHKO Clause: OHKO moves are banned
|rule|Evasion Moves Clause: Evasion moves are banned
|rule|Endless Battle Clause: Forcing endless battles is banned
|rule|HP Percentage Mod: HP is shown in percentages
|clearpoke
|poke|p1|Clefable, F|
|poke|p1|Mandibuzz, F|
|poke|p1|Aegislash, F|
|poke|p1|Dragapult, M|
|poke|p1|Gyarados, M|
|poke|p1|Rotom-Heat|
|poke|p2|Aegislash, F|
|poke|p2|Mew|
|poke|p2|Bisharp, F|
|poke|p2|Dragapult, F|
|poke|p2|Mamoswine, F|
|poke|p2|Rotom-Wash|
|rule|Dynamax Clause: You cannot dynamax
|teampreview
|
|start
|switch|p1a: Dragapult|Dragapult, M|100/100
|switch|p2a: Mew|Mew|100/100
|turn|1
|
|move|p1a: Dragapult|U-turn|p2a: Mew
|-supereffective|p2a: Mew
|-damage|p2a: Mew|40/100
|-enditem|p2a: Mew|Red Card|[of] p1a: Dragapult
|drag|p1a: Clefable|Clefable, F|100/100
|move|p2a: Mew|Stealth Rock|p1a: Clefable
|-sidestart|p1: Slow.90|move: Stealth Rock
|
|upkeep
|turn|2
|
|move|p2a: Mew|Taunt|p1a: Clefable
|-start|p1a: Clefable|move: Taunt
|move|p1a: Clefable|Moonblast|p2a: Mew
|-damage|p2a: Mew|0 fnt
|faint|p2a: Mew
|
|upkeep
|
|switch|p2a: Bisharp|Bisharp, F|100/100
|turn|3
|
|switch|p1a: Rotom|Rotom-Heat|100/100
|move|p2a: Bisharp|Iron Head|p1a: Rotom
|-resisted|p1a: Rotom
|-damage|p1a: Rotom|86/100
|-damage|p2a: Bisharp|91/100|[from] item: Life Orb
|
|upkeep
|turn|4
|
|switch|p2a: Rotom|Rotom-Wash|100/100
|move|p1a: Rotom|Overheat|p2a: Rotom
|-resisted|p2a: Rotom
|-damage|p2a: Rotom|76/100
|-unboost|p1a: Rotom|spa|2
|
|upkeep
|turn|5
|
|switch|p1a: Dragapult|Dragapult, M|100/100
|-damage|p1a: Dragapult|88/100|[from] Stealth Rock
|move|p2a: Rotom|Volt Switch|p1a: Dragapult
|-resisted|p1a: Dragapult
|-damage|p1a: Dragapult|69/100
|
|switch|p2a: Mamoswine|Mamoswine, F|100/100|[from]move: Volt Switch
|
|upkeep
|turn|6
|
|switch|p1a: Rotom|Rotom-Heat|86/100
|move|p2a: Mamoswine|Icicle Crash|p1a: Rotom
|-resisted|p1a: Rotom
|-damage|p1a: Rotom|53/100
|
|upkeep
|turn|7
|
|switch|p2a: Rotom|Rotom-Wash|76/100
|move|p1a: Rotom|Volt Switch|p2a: Rotom
|-damage|p2a: Rotom|49/100
|
|switch|p1a: Clefable|Clefable, F|100/100|[from]move: Volt Switch
|
|upkeep
|turn|8
|
|move|p2a: Rotom|Volt Switch|p1a: Clefable
|-damage|p1a: Clefable|76/100
|
|switch|p2a: Bisharp|Bisharp, F|91/100|[from]move: Volt Switch
|move|p1a: Clefable|Moonblast|p2a: Bisharp
|-damage|p2a: Bisharp|0 fnt
|faint|p2a: Bisharp
|
|upkeep
|
|switch|p2a: Aegislash|Aegislash, F|100/100
|-item|p2a: Aegislash|Air Balloon
|turn|9
|
|switch|p1a: Rotom|Rotom-Heat|53/100
|-formechange|p2a: Aegislash|Aegislash-Blade||[from] ability: Stance Change
|move|p2a: Aegislash|Iron Head|p1a: Rotom
|-resisted|p1a: Rotom
|-damage|p1a: Rotom|40/100
|
|upkeep
|turn|10
|
|-formechange|p2a: Aegislash|Aegislash||[from] ability: Stance Change
|move|p2a: Aegislash|King's Shield|p2a: Aegislash
|-singleturn|p2a: Aegislash|Protect
|move|p1a: Rotom|Overheat|p2a: Aegislash
|-activate|p2a: Aegislash|move: Protect
|
|upkeep
|turn|11
|
|move|p1a: Rotom|Volt Switch|p2a: Aegislash
|-damage|p2a: Aegislash|74/100
|-enditem|p2a: Aegislash|Air Balloon
|
|switch|p1a: Mandibuzz|Mandibuzz, F|100/100|[from]move: Volt Switch
|-formechange|p2a: Aegislash|Aegislash-Blade||[from] ability: Stance Change
|move|p2a: Aegislash|Iron Head|p1a: Mandibuzz
|-damage|p1a: Mandibuzz|61/100
|
|upkeep
|turn|12
|
|switch|p2a: Rotom|Rotom-Wash|49/100
|move|p1a: Mandibuzz|Defog|p2a: Rotom
|-unboost|p2a: Rotom|evasion|1
|-sideend|p1: Slow.90|Stealth Rock|[from] move: Defog|[of] p1a: Mandibuzz
|
|upkeep
|turn|13
|
|switch|p1a: Dragapult|Dragapult, M|69/100
|move|p2a: Rotom|Volt Switch|p1a: Dragapult
|-resisted|p1a: Dragapult
|-damage|p1a: Dragapult|51/100
|
|switch|p2a: Aegislash|Aegislash, F|74/100|[from]move: Volt Switch
|
|upkeep
|turn|14
|
|move|p1a: Dragapult|U-turn|p2a: Aegislash
|-resisted|p2a: Aegislash
|-damage|p2a: Aegislash|66/100
|
|switch|p1a: Rotom|Rotom-Heat|40/100|[from]move: U-turn
|-formechange|p2a: Aegislash|Aegislash-Blade||[from] ability: Stance Change
|move|p2a: Aegislash|Iron Head|p1a: Rotom
|-resisted|p1a: Rotom
|-damage|p1a: Rotom|27/100
|
|upkeep
|turn|15
|
|switch|p2a: Rotom|Rotom-Wash|49/100
|move|p1a: Rotom|Nasty Plot|p1a: Rotom
|-boost|p1a: Rotom|spa|2
|
|upkeep
|turn|16
|
|move|p2a: Rotom|Hydro Pump|p1a: Rotom
|-supereffective|p1a: Rotom
|-damage|p1a: Rotom|0 fnt
|faint|p1a: Rotom
|
|upkeep
|
|switch|p1a: Gyarados|Gyarados, M|100/100
|turn|17
|
|switch|p2a: Dragapult|Dragapult, F|100/100
|move|p1a: Gyarados|Dragon Dance|p1a: Gyarados
|-boost|p1a: Gyarados|atk|1
|-boost|p1a: Gyarados|spe|1
|
|upkeep
|turn|18
|
|move|p1a: Gyarados|Earthquake|p2a: Dragapult
|-damage|p2a: Dragapult|26/100
|move|p2a: Dragapult|Dragon Darts|p1a: Gyarados
|-damage|p1a: Gyarados|68/100
|-damage|p1a: Gyarados|35/100
|-hitcount|p1a: Gyarados|2
|
|-heal|p1a: Gyarados|41/100|[from] item: Leftovers
|-heal|p2a: Dragapult|32/100|[from] item: Leftovers
|upkeep
|turn|19
|
|move|p1a: Gyarados|Dragon Dance|p1a: Gyarados
|-boost|p1a: Gyarados|atk|1
|-boost|p1a: Gyarados|spe|1
|move|p2a: Dragapult|Dragon Darts|p1a: Gyarados
|-damage|p1a: Gyarados|9/100
|-damage|p1a: Gyarados|0 fnt
|-hitcount|p1a: Gyarados|2
|faint|p1a: Gyarados
|
|-heal|p2a: Dragapult|38/100|[from] item: Leftovers
|upkeep
|
|switch|p1a: Clefable|Clefable, F|76/100
|turn|20
|
|move|p2a: Dragapult|Phantom Force||[still]
|-prepare|p2a: Dragapult|Phantom Force|p1a: Clefable
|move|p1a: Clefable|Moonblast|p2a: Dragapult|[miss]
|-miss|p1a: Clefable|p2a: Dragapult
|
|-heal|p2a: Dragapult|44/100|[from] item: Leftovers
|upkeep
|turn|21
|
|move|p2a: Dragapult|Phantom Force|p1a: Clefable|[from]lockedmove
|-crit|p1a: Clefable
|-damage|p1a: Clefable|0 fnt
|faint|p1a: Clefable
|
|-heal|p2a: Dragapult|50/100|[from] item: Leftovers
|upkeep
|
|switch|p1a: Dragapult|Dragapult, M|51/100
|turn|22
|
|move|p1a: Dragapult|Dragon Darts|p2a: Dragapult
|-supereffective|p2a: Dragapult
|-damage|p2a: Dragapult|0 fnt
|-hitcount|p2a: Dragapult|1
|faint|p2a: Dragapult
|
|upkeep
|
|switch|p2a: Aegislash|Aegislash, F|66/100
|turn|23
|
|switch|p1a: Mandibuzz|Mandibuzz, F|61/100
|-formechange|p2a: Aegislash|Aegislash-Blade||[from] ability: Stance Change
|move|p2a: Aegislash|Shadow Sneak|p1a: Mandibuzz
|-resisted|p1a: Mandibuzz
|-damage|p1a: Mandibuzz|50/100
|
|upkeep
|turn|24
|
|switch|p2a: Mamoswine|Mamoswine, F|100/100
|move|p1a: Mandibuzz|Roost|p1a: Mandibuzz
|-heal|p1a: Mandibuzz|100/100
|-singleturn|p1a: Mandibuzz|move: Roost
|
|upkeep
|turn|25
|
|move|p2a: Mamoswine|Icicle Crash|p1a: Mandibuzz
|-supereffective|p1a: Mandibuzz
|-damage|p1a: Mandibuzz|0 fnt
|faint|p1a: Mandibuzz
|
|upkeep
|
|switch|p1a: Aegislash|Aegislash, F|100/100
|turn|26
|
|switch|p2a: Rotom|Rotom-Wash|49/100
|-formechange|p1a: Aegislash|Aegislash-Blade||[from] ability: Stance Change
|move|p1a: Aegislash|Shadow Ball|p2a: Rotom
|-damage|p2a: Rotom|0 fnt
|faint|p2a: Rotom
|
|upkeep
|
|switch|p2a: Mamoswine|Mamoswine, F|100/100
|turn|27
|
|move|p2a: Mamoswine|Earthquake|p1a: Aegislash
|-supereffective|p1a: Aegislash
|-damage|p1a: Aegislash|0 fnt
|faint|p1a: Aegislash
|
|upkeep
|
|switch|p1a: Dragapult|Dragapult, M|51/100
|turn|28
|
|move|p1a: Dragapult|Dragon Darts|p2a: Mamoswine
|-damage|p2a: Mamoswine|60/100
|-damage|p2a: Mamoswine|16/100
|-hitcount|p2a: Mamoswine|2
|move|p2a: Mamoswine|Earthquake|p1a: Dragapult
|-damage|p1a: Dragapult|0 fnt
|faint|p1a: Dragapult
|
|win|berger63
|raw|Slow.90's rating: 1399 → 1381(-18 for losing)
|raw|berger63's rating: 1440 → 1458(+18 for winning)
|l|☆Slow.90
