|ScrapeTime|2020-01-01-19:16:26
|j|☆NasPena2
|j|☆Fliper31
|player|p1|NasPena2|blaine|1465
|player|p2|Fliper31|benga|1467
|teamsize|p1|6
|teamsize|p2|6
|gametype|singles
|gen|8
|tier|[Gen 8] OU
|rated|
|rule|Sleep Clause Mod: Limit one foe put to sleep
|rule|Species Clause: Limit one of each Pokémon
|rule|OHKO Clause: OHKO moves are banned
|rule|Evasion Moves Clause: Evasion moves are banned
|rule|Endless Battle Clause: Forcing endless battles is banned
|rule|HP Percentage Mod: HP is shown in percentages
|clearpoke
|poke|p1|Dragapult, F|
|poke|p1|Obstagoon, F|
|poke|p1|Ferrothorn, M|
|poke|p1|Rotom-Heat|
|poke|p1|Hippowdon, F|
|poke|p1|Hatterene, F|
|poke|p2|Cinderace, M|
|poke|p2|Dugtrio, M|
|poke|p2|Corviknight, M|
|poke|p2|Dragapult, F|
|poke|p2|Seismitoad, M|
|poke|p2|Clefable, F|
|rule|Dynamax Clause: You cannot dynamax
|teampreview
|inactive|Battle timer is ON: inactive players will automatically lose when time's up. (requested by Fliper31)
|
|start
|switch|p1a: Bertha|Hippowdon, F, shiny|100/100
|switch|p2a: Dugtrio|Dugtrio, M|100/100
|-weather|Sandstorm|[from] ability: Sand Stream|[of] p1a: Bertha
|turn|1
|
|switch|p2a: Seismitoad|Seismitoad, M|100/100
|move|p1a: Bertha|Whirlwind|p2a: Seismitoad
|drag|p2a: Cinderace|Cinderace, M|100/100
|
|-weather|Sandstorm|[upkeep]
|-damage|p2a: Cinderace|95/100|[from] Sandstorm
|upkeep
|turn|2
|
|move|p2a: Cinderace|U-turn|p1a: Bertha
|-damage|p1a: Bertha|84/100
|
|switch|p2a: Seismitoad|Seismitoad, M|100/100|[from]move: U-turn
|move|p1a: Bertha|Stealth Rock|p2a: Seismitoad
|-sidestart|p2: Fliper31|move: Stealth Rock
|
|-weather|Sandstorm|[upkeep]
|-heal|p1a: Bertha|90/100|[from] item: Leftovers
|upkeep
|turn|3
|
|switch|p1a: The Hat|Hatterene, F|100/100
|move|p2a: Seismitoad|Scald|p1a: The Hat
|-damage|p1a: The Hat|77/100
|-status|p1a: The Hat|brn
|
|-weather|Sandstorm|[upkeep]
|-damage|p1a: The Hat|71/100 brn|[from] Sandstorm
|-heal|p1a: The Hat|77/100 brn|[from] item: Leftovers
|-damage|p1a: The Hat|71/100 brn|[from] brn
|upkeep
|turn|4
|
|move|p2a: Seismitoad|Scald|p1a: The Hat
|-damage|p1a: The Hat|45/100 brn
|move|p1a: The Hat|Draining Kiss|p2a: Seismitoad
|-damage|p2a: Seismitoad|80/100
|-heal|p1a: The Hat|65/100 brn|[from] drain|[of] p2a: Seismitoad
|
|-weather|Sandstorm|[upkeep]
|-damage|p1a: The Hat|59/100 brn|[from] Sandstorm
|-heal|p2a: Seismitoad|86/100|[from] item: Leftovers
|-heal|p1a: The Hat|65/100 brn|[from] item: Leftovers
|-damage|p1a: The Hat|59/100 brn|[from] brn
|upkeep
|turn|5
|
|switch|p1a: Gene|Obstagoon, F|100/100
|move|p2a: Seismitoad|Earthquake|p1a: Gene
|-damage|p1a: Gene|69/100
|
|-weather|none
|-heal|p2a: Seismitoad|92/100|[from] item: Leftovers
|-status|p1a: Gene|brn|[from] item: Flame Orb
|upkeep
|turn|6
|
|move|p1a: Gene|Knock Off|p2a: Seismitoad
|-damage|p2a: Seismitoad|33/100
|-enditem|p2a: Seismitoad|Leftovers|[from] move: Knock Off|[of] p1a: Gene
|move|p2a: Seismitoad|Stealth Rock|p1a: Gene
|-sidestart|p1: NasPena2|move: Stealth Rock
|
|-damage|p1a: Gene|63/100 brn|[from] brn
|upkeep
|turn|7
|
|move|p1a: Gene|Knock Off|p2a: Seismitoad
|-damage|p2a: Seismitoad|0 fnt
|faint|p2a: Seismitoad
|
|-damage|p1a: Gene|57/100 brn|[from] brn
|upkeep
|
|switch|p2a: Dugtrio|Dugtrio, M|100/100
|-damage|p2a: Dugtrio|94/100|[from] Stealth Rock
|turn|8
|
|move|p2a: Dugtrio|Earthquake|p1a: Gene
|-damage|p1a: Gene|8/100 brn
|move|p1a: Gene|Facade|p2a: Dugtrio
|-damage|p2a: Dugtrio|0 fnt
|faint|p2a: Dugtrio
|
|-damage|p1a: Gene|2/100 brn|[from] brn
|upkeep
|
|switch|p2a: Cinderace|Cinderace, M|95/100
|turn|9
|
|move|p2a: Cinderace|U-turn|p1a: Gene
|-supereffective|p1a: Gene
|-damage|p1a: Gene|0 fnt
|faint|p1a: Gene
|
|switch|p2a: Clefable|Clefable, F|100/100|[from]move: U-turn
|
|upkeep
|
|switch|p1a: Hotbox|Rotom-Heat, shiny|100/100
|turn|10
|
|move|p1a: Hotbox|Thunder Wave|p2a: Clefable
|-status|p2a: Clefable|par
|cant|p2a: Clefable|par
|
|upkeep
|turn|11
|
|move|p1a: Hotbox|Volt Switch|p2a: Clefable
|-damage|p2a: Clefable|76/100 par
|
|switch|p1a: Bertha|Hippowdon, F, shiny|90/100|[from]move: Volt Switch
|-damage|p1a: Bertha|84/100|[from] Stealth Rock
|-weather|Sandstorm|[from] ability: Sand Stream|[of] p1a: Bertha
|cant|p2a: Clefable|par
|
|-weather|Sandstorm|[upkeep]
|-heal|p1a: Bertha|90/100|[from] item: Leftovers
|upkeep
|turn|12
|
|move|p1a: Bertha|Earthquake|p2a: Clefable
|-damage|p2a: Clefable|33/100 par
|move|p2a: Clefable|Moonblast|p1a: Bertha
|-damage|p1a: Bertha|48/100
|-unboost|p1a: Bertha|spa|1
|
|-weather|Sandstorm|[upkeep]
|-heal|p1a: Bertha|55/100|[from] item: Leftovers
|upkeep
|turn|13
|
|switch|p2a: Corviknight|Corviknight, M|100/100
|-damage|p2a: Corviknight|88/100|[from] Stealth Rock
|-ability|p2a: Corviknight|Pressure
|move|p1a: Bertha|Earthquake|p2a: Corviknight
|-immune|p2a: Corviknight
|
|-weather|Sandstorm|[upkeep]
|-heal|p2a: Corviknight|94/100|[from] item: Leftovers
|-heal|p1a: Bertha|61/100|[from] item: Leftovers
|upkeep
|turn|14
|
|move|p2a: Corviknight|Brave Bird|p1a: Bertha
|-damage|p1a: Bertha|37/100
|-damage|p2a: Corviknight|86/100|[from] Recoil
|move|p1a: Bertha|Slack Off|p1a: Bertha
|-heal|p1a: Bertha|87/100
|
|-weather|Sandstorm|[upkeep]
|-heal|p2a: Corviknight|92/100|[from] item: Leftovers
|-heal|p1a: Bertha|93/100|[from] item: Leftovers
|upkeep
|turn|15
|
|move|p2a: Corviknight|Bulk Up|p2a: Corviknight
|-boost|p2a: Corviknight|atk|1
|-boost|p2a: Corviknight|def|1
|move|p1a: Bertha|Whirlwind|p2a: Corviknight
|drag|p2a: Dragapult|Dragapult, F|100/100
|-damage|p2a: Dragapult|88/100|[from] Stealth Rock
|
|-weather|none
|-heal|p1a: Bertha|99/100|[from] item: Leftovers
|upkeep
|turn|16
|
|move|p2a: Dragapult|Shadow Ball|p1a: Bertha
|-damage|p1a: Bertha|61/100
|move|p1a: Bertha|Slack Off|p1a: Bertha
|-heal|p1a: Bertha|100/100
|
|upkeep
|turn|17
|
|move|p2a: Dragapult|Shadow Ball|p1a: Bertha
|-damage|p1a: Bertha|64/100
|move|p1a: Bertha|Earthquake|p2a: Dragapult
|-damage|p2a: Dragapult|30/100
|
|-heal|p1a: Bertha|70/100|[from] item: Leftovers
|upkeep
|turn|18
|
|move|p2a: Dragapult|Shadow Ball|p1a: Bertha
|-damage|p1a: Bertha|34/100
|move|p1a: Bertha|Earthquake|p2a: Dragapult
|-damage|p2a: Dragapult|0 fnt
|faint|p2a: Dragapult
|
|-heal|p1a: Bertha|40/100|[from] item: Leftovers
|upkeep
|
|switch|p2a: Cinderace|Cinderace, M|95/100
|turn|19
|
|switch|p1a: Toothless|Dragapult, F|100/100
|-damage|p1a: Toothless|88/100|[from] Stealth Rock
|move|p2a: Cinderace|Pyro Ball|p1a: Toothless
|-resisted|p1a: Toothless
|-damage|p1a: Toothless|52/100
|
|upkeep
|turn|20
|
|move|p1a: Toothless|Shadow Ball|p2a: Cinderace
|-damage|p2a: Cinderace|15/100
|-unboost|p2a: Cinderace|spd|1
|move|p2a: Cinderace|Pyro Ball|p1a: Toothless
|-resisted|p1a: Toothless
|-damage|p1a: Toothless|0 fnt
|faint|p1a: Toothless
|
|upkeep
|
|switch|p1a: Hotbox|Rotom-Heat, shiny|100/100
|turn|21
|
|move|p2a: Cinderace|High Jump Kick|p1a: Hotbox
|-damage|p1a: Hotbox|61/100
|move|p1a: Hotbox|Volt Switch|p2a: Cinderace
|-damage|p2a: Cinderace|0 fnt
|faint|p2a: Cinderace
|
|switch|p1a: The Hat|Hatterene, F|59/100 brn|[from]move: Volt Switch
|-damage|p1a: The Hat|47/100 brn|[from] Stealth Rock
|
|-heal|p1a: The Hat|53/100 brn|[from] item: Leftovers
|-damage|p1a: The Hat|47/100 brn|[from] brn
|upkeep
|
|switch|p2a: Clefable|Clefable, F|33/100 par
|turn|22
|
|move|p1a: The Hat|Psyshock|p2a: Clefable
|-damage|p2a: Clefable|0 fnt
|faint|p2a: Clefable
|
|-heal|p1a: The Hat|53/100 brn|[from] item: Leftovers
|-damage|p1a: The Hat|47/100 brn|[from] brn
|upkeep
|
|switch|p2a: Corviknight|Corviknight, M|92/100
|-damage|p2a: Corviknight|80/100|[from] Stealth Rock
|-ability|p2a: Corviknight|Pressure
|turn|23
|
|switch|p1a: Hotbox|Rotom-Heat, shiny|61/100
|move|p2a: Corviknight|Substitute|p2a: Corviknight
|-start|p2a: Corviknight|Substitute
|-damage|p2a: Corviknight|55/100
|
|-heal|p2a: Corviknight|61/100|[from] item: Leftovers
|upkeep
|turn|24
|
|move|p1a: Hotbox|Volt Switch|p2a: Corviknight
|-supereffective|p2a: Corviknight
|-end|p2a: Corviknight|Substitute
|
|switch|p1a: The Hat|Hatterene, F|47/100 brn|[from]move: Volt Switch
|-damage|p1a: The Hat|34/100 brn|[from] Stealth Rock
|move|p2a: Corviknight|Brave Bird|p1a: The Hat
|-damage|p1a: The Hat|0 fnt
|-damage|p2a: Corviknight|52/100|[from] Recoil
|faint|p1a: The Hat
|
|-heal|p2a: Corviknight|58/100|[from] item: Leftovers
|upkeep
|
|switch|p1a: Hotbox|Rotom-Heat, shiny|61/100
|turn|25
|
|move|p1a: Hotbox|Nasty Plot|p1a: Hotbox
|-boost|p1a: Hotbox|spa|2
|move|p2a: Corviknight|Roost|p2a: Corviknight
|-heal|p2a: Corviknight|100/100
|-singleturn|p2a: Corviknight|move: Roost
|
|upkeep
|turn|26
|
|move|p1a: Hotbox|Nasty Plot|p1a: Hotbox
|-boost|p1a: Hotbox|spa|2
|move|p2a: Corviknight|Brave Bird|p1a: Hotbox
|-resisted|p1a: Hotbox
|-damage|p1a: Hotbox|43/100
|-damage|p2a: Corviknight|96/100|[from] Recoil
|
|-heal|p2a: Corviknight|100/100|[from] item: Leftovers
|upkeep
|turn|27
|
|move|p1a: Hotbox|Overheat|p2a: Corviknight
|-supereffective|p2a: Corviknight
|-damage|p2a: Corviknight|0 fnt
|-unboost|p1a: Hotbox|spa|2
|faint|p2a: Corviknight
|
|win|NasPena2
|l|☆Fliper31
|c|☆NasPena2|gg
|raw|NasPena2's rating: 1465 → 1484(+19 for winning)
|raw|Fliper31's rating: 1447 → 1428(-19 for losing)
