|ScrapeTime|2020-01-02-07:05:41
|j|☆Plorias
|j|☆Ven2727
|player|p1|Plorias|101|1094
|player|p2|Ven2727|falkner|1040
|teamsize|p1|6
|teamsize|p2|6
|gametype|singles
|gen|8
|tier|[Gen 8] OU
|rated|
|rule|Sleep Clause Mod: Limit one foe put to sleep
|rule|Species Clause: Limit one of each Pokémon
|rule|OHKO Clause: OHKO moves are banned
|rule|Evasion Moves Clause: Evasion moves are banned
|rule|Endless Battle Clause: Forcing endless battles is banned
|rule|HP Percentage Mod: HP is shown in percentages
|clearpoke
|poke|p1|Ferrothorn, F|
|poke|p1|Excadrill, M|
|poke|p1|Dragapult, F|
|poke|p1|Rotom-Wash|
|poke|p1|Cinderace, F|
|poke|p1|Gyarados, F|
|poke|p2|Mamoswine, F|
|poke|p2|Mandibuzz, F|
|poke|p2|Quagsire, F|
|poke|p2|Excadrill, F|
|poke|p2|Grimmsnarl, M|
|poke|p2|Rotom-Heat|
|rule|Dynamax Clause: You cannot dynamax
|teampreview
|
|start
|switch|p1a: Cinderace|Cinderace, F|100/100
|switch|p2a: Rotom|Rotom-Heat|100/100
|turn|1
|inactive|Battle timer is ON: inactive players will automatically lose when time's up. (requested by Ven2727)
|
|move|p2a: Rotom|Volt Switch|p1a: Cinderace
|-damage|p1a: Cinderace|52/100
|
|switch|p2a: Excadrill|Excadrill, F|100/100|[from]move: Volt Switch
|-ability|p2a: Excadrill|Mold Breaker
|move|p1a: Cinderace|Substitute|p1a: Cinderace
|-start|p1a: Cinderace|Substitute
|-damage|p1a: Cinderace|27/100
|
|upkeep
|turn|2
|
|move|p1a: Cinderace|Pyro Ball|p2a: Excadrill
|-supereffective|p2a: Excadrill
|-enditem|p2a: Excadrill|Focus Sash
|-damage|p2a: Excadrill|1/100
|move|p2a: Excadrill|Earthquake|p1a: Cinderace
|-supereffective|p1a: Cinderace
|-end|p1a: Cinderace|Substitute
|
|upkeep
|turn|3
|
|switch|p2a: Quagsire|Quagsire, F|100/100
|move|p1a: Cinderace|U-turn|p2a: Quagsire
|-damage|p2a: Quagsire|85/100
|
|switch|p1a: Ferrothorn|Ferrothorn, F|100/100|[from]move: U-turn
|
|-heal|p2a: Quagsire|91/100|[from] item: Leftovers
|upkeep
|turn|4
|
|move|p2a: Quagsire|Substitute|p2a: Quagsire
|-start|p2a: Quagsire|Substitute
|-damage|p2a: Quagsire|66/100
|move|p1a: Ferrothorn|Stealth Rock|p2a: Quagsire
|-sidestart|p2: Ven2727|move: Stealth Rock
|
|-heal|p2a: Quagsire|73/100|[from] item: Leftovers
|upkeep
|turn|5
|
|move|p2a: Quagsire|Scald|p1a: Ferrothorn
|-resisted|p1a: Ferrothorn
|-damage|p1a: Ferrothorn|94/100
|move|p1a: Ferrothorn|Power Whip|p2a: Quagsire
|-supereffective|p2a: Quagsire
|-end|p2a: Quagsire|Substitute
|
|-heal|p2a: Quagsire|79/100|[from] item: Leftovers
|-heal|p1a: Ferrothorn|99/100|[from] item: Leftovers
|upkeep
|turn|6
|
|switch|p2a: Mandibuzz|Mandibuzz, F|100/100
|move|p1a: Ferrothorn|Power Whip|p2a: Mandibuzz
|-resisted|p2a: Mandibuzz
|-damage|p2a: Mandibuzz|90/100
|
|-heal|p1a: Ferrothorn|100/100|[from] item: Leftovers
|upkeep
|turn|7
|
|move|p2a: Mandibuzz|Defog|p1a: Ferrothorn
|-unboost|p1a: Ferrothorn|evasion|1
|-sideend|p2: Ven2727|Stealth Rock|[from] move: Defog|[of] p2a: Mandibuzz
|move|p1a: Ferrothorn|Leech Seed|p2a: Mandibuzz
|-start|p2a: Mandibuzz|move: Leech Seed
|
|-damage|p2a: Mandibuzz|78/100|[from] Leech Seed|[of] p1a: Ferrothorn
|upkeep
|turn|8
|
|switch|p2a: Rotom|Rotom-Heat|100/100
|move|p1a: Ferrothorn|Stealth Rock|p2a: Rotom
|-sidestart|p2: Ven2727|move: Stealth Rock
|
|upkeep
|turn|9
|
|move|p2a: Rotom|Thunder|p1a: Ferrothorn
|-resisted|p1a: Ferrothorn
|-damage|p1a: Ferrothorn|83/100
|move|p1a: Ferrothorn|Leech Seed|p2a: Rotom|[miss]
|-miss|p1a: Ferrothorn|p2a: Rotom
|
|-heal|p1a: Ferrothorn|90/100|[from] item: Leftovers
|upkeep
|turn|10
|
|switch|p2a: Mandibuzz|Mandibuzz, F|78/100
|switch|p1a: Rotom|Rotom-Wash|100/100
|
|upkeep
|turn|11
|
|switch|p2a: Excadrill|Excadrill, F|1/100
|-damage|p2a: Excadrill|0 fnt|[from] Stealth Rock
|faint|p2a: Excadrill
|move|p1a: Rotom|Will-O-Wisp|p2: Excadrill|[notarget]
|-fail|p1a: Rotom
|
|upkeep
|
|switch|p2a: Mandibuzz|Mandibuzz, F|78/100
|turn|12
|
|move|p1a: Rotom|Nasty Plot|p1a: Rotom
|-boost|p1a: Rotom|spa|2
|move|p2a: Mandibuzz|Defog|p1a: Rotom
|-unboost|p1a: Rotom|evasion|1
|-sideend|p2: Ven2727|Stealth Rock|[from] move: Defog|[of] p2a: Mandibuzz
|
|upkeep
|turn|13
|
|move|p1a: Rotom|Will-O-Wisp|p2a: Mandibuzz
|-status|p2a: Mandibuzz|brn
|move|p2a: Mandibuzz|U-turn|p1a: Rotom
|-damage|p1a: Rotom|95/100
|
|switch|p2a: Mamoswine|Mamoswine, F|100/100|[from]move: U-turn
|
|upkeep
|turn|14
|
|move|p2a: Mamoswine|Freeze-Dry|p1a: Rotom
|-supereffective|p1a: Rotom
|-damage|p1a: Rotom|40/100
|-enditem|p1a: Rotom|Sitrus Berry|[eat]
|-heal|p1a: Rotom|65/100|[from] item: Sitrus Berry
|move|p1a: Rotom|Will-O-Wisp|p2a: Mamoswine
|-status|p2a: Mamoswine|brn
|
|-damage|p2a: Mamoswine|94/100 brn|[from] brn
|upkeep
|turn|15
|
|move|p2a: Mamoswine|Freeze-Dry|p1a: Rotom
|-supereffective|p1a: Rotom
|-damage|p1a: Rotom|11/100
|move|p1a: Rotom|Hydro Pump|p2a: Mamoswine
|-supereffective|p2a: Mamoswine
|-damage|p2a: Mamoswine|0 fnt
|faint|p2a: Mamoswine
|
|upkeep
|
|switch|p2a: Grimmsnarl|Grimmsnarl, M|100/100
|turn|16
|
|move|p2a: Grimmsnarl|Sucker Punch|p1a: Rotom
|-damage|p1a: Rotom|0 fnt
|faint|p1a: Rotom
|
|upkeep
|inactive|Plorias has 120 seconds left.
|
|switch|p1a: Excadrill|Excadrill, M|100/100
|-ability|p1a: Excadrill|Mold Breaker
|turn|17
|
|move|p1a: Excadrill|Earthquake|p2a: Grimmsnarl
|-damage|p2a: Grimmsnarl|30/100
|move|p2a: Grimmsnarl|Drain Punch|p1a: Excadrill
|-supereffective|p1a: Excadrill
|-damage|p1a: Excadrill|20/100
|-heal|p2a: Grimmsnarl|68/100|[from] drain|[of] p1a: Excadrill
|
|upkeep
|turn|18
|
|switch|p2a: Rotom|Rotom-Heat|100/100
|move|p1a: Excadrill|Iron Head|p2a: Rotom
|-resisted|p2a: Rotom
|-crit|p2a: Rotom
|-damage|p2a: Rotom|78/100
|
|upkeep
|turn|19
|inactive|Plorias has 120 seconds left.
|
|move|p2a: Rotom|Shadow Ball|p1a: Excadrill
|-damage|p1a: Excadrill|0 fnt
|faint|p1a: Excadrill
|
|upkeep
|
|switch|p1a: Dragapult|Dragapult, F|100/100
|turn|20
|inactive|Plorias has 120 seconds left.
|
|move|p2a: Rotom|Shadow Ball|p1a: Dragapult
|-supereffective|p1a: Dragapult
|-damage|p1a: Dragapult|37/100
|move|p1a: Dragapult|U-turn|p2a: Rotom
|-resisted|p2a: Rotom
|-damage|p2a: Rotom|58/100
|-damage|p1a: Dragapult|27/100|[from] item: Life Orb
|inactive|Plorias has 120 seconds left.
|
|switch|p1a: Gyarados|Gyarados, F|100/100|[from]move: U-turn
|-ability|p1a: Gyarados|Intimidate|boost
|-unboost|p2a: Rotom|atk|1
|
|upkeep
|turn|21
|inactive|Plorias has 120 seconds left.
|
|move|p2a: Rotom|Shadow Ball|p1a: Gyarados
|-damage|p1a: Gyarados|81/100
|move|p1a: Gyarados|Dragon Dance|p1a: Gyarados
|-boost|p1a: Gyarados|atk|1
|-boost|p1a: Gyarados|spe|1
|
|upkeep
|turn|22
|inactive|Ven2727 has 120 seconds left.
|inactive|Plorias has 120 seconds left.
|
|switch|p2a: Quagsire|Quagsire, F|79/100
|switch|p1a: Ferrothorn|Ferrothorn, F|90/100
|
|-heal|p2a: Quagsire|85/100|[from] item: Leftovers
|-heal|p1a: Ferrothorn|96/100|[from] item: Leftovers
|upkeep
|turn|23
|
|move|p2a: Quagsire|Substitute|p2a: Quagsire
|-start|p2a: Quagsire|Substitute
|-damage|p2a: Quagsire|60/100
|move|p1a: Ferrothorn|Leech Seed||[still]
|-fail|p1a: Ferrothorn
|
|-heal|p2a: Quagsire|66/100|[from] item: Leftovers
|-heal|p1a: Ferrothorn|100/100|[from] item: Leftovers
|upkeep
|turn|24
|
|move|p2a: Quagsire|Recover|p2a: Quagsire
|-heal|p2a: Quagsire|100/100
|move|p1a: Ferrothorn|Stealth Rock|p2a: Quagsire
|-sidestart|p2: Ven2727|move: Stealth Rock
|
|upkeep
|turn|25
|
|move|p2a: Quagsire|Scald|p1a: Ferrothorn
|-resisted|p1a: Ferrothorn
|-damage|p1a: Ferrothorn|94/100
|move|p1a: Ferrothorn|Power Whip|p2a: Quagsire
|-supereffective|p2a: Quagsire
|-end|p2a: Quagsire|Substitute
|
|-heal|p1a: Ferrothorn|99/100|[from] item: Leftovers
|upkeep
|turn|26
|
|switch|p2a: Rotom|Rotom-Heat|58/100
|-damage|p2a: Rotom|33/100|[from] Stealth Rock
|move|p1a: Ferrothorn|Leech Seed|p2a: Rotom
|-start|p2a: Rotom|move: Leech Seed
|
|-heal|p1a: Ferrothorn|100/100|[from] item: Leftovers
|-damage|p2a: Rotom|20/100|[from] Leech Seed|[of] p1a: Ferrothorn
|upkeep
|turn|27
|
|switch|p1a: Cinderace|Cinderace, F|27/100
|move|p2a: Rotom|Overheat|p1a: Cinderace
|-resisted|p1a: Cinderace
|-damage|p1a: Cinderace|0 fnt
|-unboost|p2a: Rotom|spa|2
|faint|p1a: Cinderace
|
|upkeep
|
|switch|p1a: Gyarados|Gyarados, F|81/100
|-ability|p1a: Gyarados|Intimidate|boost
|-unboost|p2a: Rotom|atk|1
|turn|28
|
|switch|p2a: Quagsire|Quagsire, F|100/100
|-damage|p2a: Quagsire|94/100|[from] Stealth Rock
|switch|p1a: Ferrothorn|Ferrothorn, F|100/100
|
|-heal|p2a: Quagsire|100/100|[from] item: Leftovers
|upkeep
|turn|29
|
|switch|p2a: Mandibuzz|Mandibuzz, F|78/100 brn
|move|p1a: Ferrothorn|Power Whip|p2a: Mandibuzz|[miss]
|-miss|p1a: Ferrothorn|p2a: Mandibuzz
|
|-damage|p2a: Mandibuzz|71/100 brn|[from] brn
|upkeep
|turn|30
|
|move|p2a: Mandibuzz|Defog|p1a: Ferrothorn
|-unboost|p1a: Ferrothorn|evasion|1
|-sideend|p2: Ven2727|Stealth Rock|[from] move: Defog|[of] p2a: Mandibuzz
|move|p1a: Ferrothorn|Leech Seed|p2a: Mandibuzz|[miss]
|-miss|p1a: Ferrothorn|p2a: Mandibuzz
|
|-damage|p2a: Mandibuzz|65/100 brn|[from] brn
|upkeep
|turn|31
|
|move|p2a: Mandibuzz|Taunt|p1a: Ferrothorn
|-start|p1a: Ferrothorn|move: Taunt
|cant|p1a: Ferrothorn|move: Taunt|Leech Seed
|
|-damage|p2a: Mandibuzz|59/100 brn|[from] brn
|upkeep
|turn|32
|
|switch|p2a: Grimmsnarl|Grimmsnarl, M|68/100
|-item|p1a: Ferrothorn|Leftovers|[from] ability: Frisk|[of] p2a: Grimmsnarl|[identify]
|move|p1a: Ferrothorn|Power Whip|p2a: Grimmsnarl
|-damage|p2a: Grimmsnarl|16/100
|
|upkeep
|turn|33
|
|switch|p2a: Rotom|Rotom-Heat|20/100
|switch|p1a: Gyarados|Gyarados, F|81/100
|-ability|p1a: Gyarados|Intimidate|boost
|-unboost|p2a: Rotom|atk|1
|
|upkeep
|turn|34
|
|switch|p1a: Ferrothorn|Ferrothorn, F|100/100
|move|p2a: Rotom|Thunder|p1a: Ferrothorn
|-resisted|p1a: Ferrothorn
|-damage|p1a: Ferrothorn|85/100
|-status|p1a: Ferrothorn|par
|
|-heal|p1a: Ferrothorn|91/100 par|[from] item: Leftovers
|upkeep
|turn|35
|
|switch|p2a: Mandibuzz|Mandibuzz, F|59/100 brn
|cant|p1a: Ferrothorn|par
|
|-heal|p1a: Ferrothorn|97/100 par|[from] item: Leftovers
|-damage|p2a: Mandibuzz|53/100 brn|[from] brn
|upkeep
|turn|36
|
|switch|p1a: Gyarados|Gyarados, F|81/100
|-ability|p1a: Gyarados|Intimidate|boost
|-unboost|p2a: Mandibuzz|atk|1
|move|p2a: Mandibuzz|Taunt|p1a: Gyarados
|-start|p1a: Gyarados|move: Taunt
|
|-damage|p2a: Mandibuzz|47/100 brn|[from] brn
|upkeep
|turn|37
|
|switch|p1a: Ferrothorn|Ferrothorn, F|97/100 par
|switch|p2a: Quagsire|Quagsire, F|100/100
|
|-heal|p1a: Ferrothorn|100/100 par|[from] item: Leftovers
|upkeep
|turn|38
|
|switch|p2a: Mandibuzz|Mandibuzz, F|47/100 brn
|move|p1a: Ferrothorn|Leech Seed|p2a: Mandibuzz
|-start|p2a: Mandibuzz|move: Leech Seed
|
|-damage|p2a: Mandibuzz|35/100 brn|[from] Leech Seed|[of] p1a: Ferrothorn
|-damage|p2a: Mandibuzz|28/100 brn|[from] brn
|upkeep
|turn|39
|
|switch|p1a: Gyarados|Gyarados, F|81/100
|-ability|p1a: Gyarados|Intimidate|boost
|-unboost|p2a: Mandibuzz|atk|1
|move|p2a: Mandibuzz|Taunt|p1a: Gyarados
|-start|p1a: Gyarados|move: Taunt
|
|-damage|p2a: Mandibuzz|16/100 brn|[from] Leech Seed|[of] p1a: Gyarados
|-heal|p1a: Gyarados|94/100|[silent]
|-damage|p2a: Mandibuzz|10/100 brn|[from] brn
|upkeep
|turn|40
|
|switch|p2a: Rotom|Rotom-Heat|20/100
|move|p1a: Gyarados|Bounce||[still]
|-prepare|p1a: Gyarados|Bounce|p2a: Rotom
|
|upkeep
|turn|41
|
|switch|p2a: Quagsire|Quagsire, F|100/100
|move|p1a: Gyarados|Bounce|p2a: Quagsire|[from]lockedmove|[miss]
|-miss|p1a: Gyarados|p2a: Quagsire
|
|-end|p1a: Gyarados|move: Taunt
|upkeep
|turn|42
|
|switch|p1a: Ferrothorn|Ferrothorn, F|100/100 par
|move|p2a: Quagsire|Substitute|p2a: Quagsire
|-start|p2a: Quagsire|Substitute
|-damage|p2a: Quagsire|76/100
|
|-heal|p2a: Quagsire|82/100|[from] item: Leftovers
|upkeep
|turn|43
|
|move|p2a: Quagsire|Scald|p1a: Ferrothorn
|-resisted|p1a: Ferrothorn
|-damage|p1a: Ferrothorn|94/100 par
|move|p1a: Ferrothorn|Stealth Rock|p2a: Quagsire
|-sidestart|p2: Ven2727|move: Stealth Rock
|
|-heal|p2a: Quagsire|88/100|[from] item: Leftovers
|-heal|p1a: Ferrothorn|100/100 par|[from] item: Leftovers
|upkeep
|turn|44
|
|move|p2a: Quagsire|Scald|p1a: Ferrothorn
|-resisted|p1a: Ferrothorn
|-damage|p1a: Ferrothorn|93/100 par
|move|p1a: Ferrothorn|Power Whip|p2a: Quagsire
|-supereffective|p2a: Quagsire
|-end|p2a: Quagsire|Substitute
|
|-heal|p2a: Quagsire|94/100|[from] item: Leftovers
|-heal|p1a: Ferrothorn|99/100 par|[from] item: Leftovers
|upkeep
|turn|45
|
|move|p2a: Quagsire|Substitute|p2a: Quagsire
|-start|p2a: Quagsire|Substitute
|-damage|p2a: Quagsire|69/100
|move|p1a: Ferrothorn|Power Whip|p2a: Quagsire
|-supereffective|p2a: Quagsire
|-end|p2a: Quagsire|Substitute
|
|-heal|p2a: Quagsire|75/100|[from] item: Leftovers
|-heal|p1a: Ferrothorn|100/100 par|[from] item: Leftovers
|upkeep
|turn|46
|
|move|p2a: Quagsire|Substitute|p2a: Quagsire
|-start|p2a: Quagsire|Substitute
|-damage|p2a: Quagsire|50/100
|move|p1a: Ferrothorn|Power Whip|p2a: Quagsire
|-supereffective|p2a: Quagsire
|-end|p2a: Quagsire|Substitute
|
|-heal|p2a: Quagsire|56/100|[from] item: Leftovers
|upkeep
|turn|47
|
|move|p2a: Quagsire|Recover|p2a: Quagsire
|-heal|p2a: Quagsire|100/100
|move|p1a: Ferrothorn|Power Whip|p2a: Quagsire
|-supereffective|p2a: Quagsire
|-damage|p2a: Quagsire|0 fnt
|faint|p2a: Quagsire
|
|upkeep
|
|switch|p2a: Mandibuzz|Mandibuzz, F|10/100 brn
|turn|48
|
|move|p2a: Mandibuzz|Defog|p1a: Ferrothorn
|-unboost|p1a: Ferrothorn|evasion|1
|-sideend|p2: Ven2727|Stealth Rock|[from] move: Defog|[of] p2a: Mandibuzz
|cant|p1a: Ferrothorn|par
|
|-damage|p2a: Mandibuzz|4/100 brn|[from] brn
|upkeep
|turn|49
|
|switch|p2a: Rotom|Rotom-Heat|20/100
|switch|p1a: Dragapult|Dragapult, F|27/100
|
|upkeep
|turn|50
|
|switch|p1a: Ferrothorn|Ferrothorn, F|100/100 par
|move|p2a: Rotom|Shadow Ball|p1a: Ferrothorn
|-damage|p1a: Ferrothorn|83/100 par
|-unboost|p1a: Ferrothorn|spd|1
|
|-heal|p1a: Ferrothorn|90/100 par|[from] item: Leftovers
|upkeep
|turn|51
|
|move|p2a: Rotom|Shadow Ball|p1a: Ferrothorn
|-damage|p1a: Ferrothorn|64/100 par
|cant|p1a: Ferrothorn|par
|
|-heal|p1a: Ferrothorn|70/100 par|[from] item: Leftovers
|upkeep
|turn|52
|
|move|p2a: Rotom|Shadow Ball|p1a: Ferrothorn
|-damage|p1a: Ferrothorn|46/100 par
|-unboost|p1a: Ferrothorn|spd|1
|move|p1a: Ferrothorn|Leech Seed|p2a: Rotom
|-start|p2a: Rotom|move: Leech Seed
|
|-heal|p1a: Ferrothorn|52/100 par|[from] item: Leftovers
|-damage|p2a: Rotom|8/100|[from] Leech Seed|[of] p1a: Ferrothorn
|-heal|p1a: Ferrothorn|61/100 par|[silent]
|upkeep
|turn|53
|
|switch|p1a: Gyarados|Gyarados, F|94/100
|-ability|p1a: Gyarados|Intimidate|boost
|-unboost|p2a: Rotom|atk|1
|move|p2a: Rotom|Shadow Ball|p1a: Gyarados
|-damage|p1a: Gyarados|73/100
|
|-damage|p2a: Rotom|0 fnt|[from] Leech Seed|[of] p1a: Gyarados
|-heal|p1a: Gyarados|78/100|[silent]
|faint|p2a: Rotom
|upkeep
|
|switch|p2a: Grimmsnarl|Grimmsnarl, M|16/100
|-item|p1a: Gyarados|Rocky Helmet|[from] ability: Frisk|[of] p2a: Grimmsnarl|[identify]
|turn|54
|
|move|p1a: Gyarados|Bounce||[still]
|-prepare|p1a: Gyarados|Bounce|p2a: Grimmsnarl
|move|p2a: Grimmsnarl|Darkest Lariat|p1a: Gyarados|[miss]
|-miss|p2a: Grimmsnarl|p1a: Gyarados
|
|upkeep
|turn|55
|
|switch|p2a: Mandibuzz|Mandibuzz, F|4/100 brn
|move|p1a: Gyarados|Bounce|p2a: Mandibuzz|[from]lockedmove
|-damage|p2a: Mandibuzz|0 fnt
|faint|p2a: Mandibuzz
|
|upkeep
|
|switch|p2a: Grimmsnarl|Grimmsnarl, M|16/100
|-item|p1a: Gyarados|Rocky Helmet|[from] ability: Frisk|[of] p2a: Grimmsnarl|[identify]
|turn|56
|
|move|p2a: Grimmsnarl|Sucker Punch|p1a: Gyarados
|-damage|p1a: Gyarados|46/100
|-damage|p2a: Grimmsnarl|0 fnt|[from] item: Rocky Helmet|[of] p1a: Gyarados
|faint|p2a: Grimmsnarl
|
|win|Plorias
|raw|Plorias's rating: 1094 → 1116(+22 for winning)
|raw|Ven2727's rating: 1040 → 1026(-14 for losing)
