|ScrapeTime|2020-01-01-23:42:36
|j|☆caagle
|j|☆piterce
|player|p1|caagle|1|1391
|player|p2|piterce|170|1437
|teamsize|p1|6
|teamsize|p2|6
|gametype|singles
|gen|8
|tier|[Gen 8] OU
|rated|
|rule|Sleep Clause Mod: Limit one foe put to sleep
|rule|Species Clause: Limit one of each Pokémon
|rule|OHKO Clause: OHKO moves are banned
|rule|Evasion Moves Clause: Evasion moves are banned
|rule|Endless Battle Clause: Forcing endless battles is banned
|rule|HP Percentage Mod: HP is shown in percentages
|clearpoke
|poke|p1|Pincurchin, M|
|poke|p1|Togekiss, F|
|poke|p1|Hawlucha, F|
|poke|p1|Excadrill, M|
|poke|p1|Dracozolt|
|poke|p1|Seismitoad, M|
|poke|p2|Excadrill, F|
|poke|p2|Araquanid, M|
|poke|p2|Orbeetle, M|
|poke|p2|Gengar, M|
|poke|p2|Hydreigon, F|
|poke|p2|Corsola-Galar, F|
|rule|Dynamax Clause: You cannot dynamax
|teampreview
|
|start
|switch|p1a: Dracozolt|Dracozolt|100/100
|switch|p2a: Araquanid|Araquanid, M|100/100
|turn|1
|inactive|Battle timer is ON: inactive players will automatically lose when time's up. (requested by piterce)
|
|move|p1a: Dracozolt|Bolt Beak|p2a: Araquanid|[miss]
|-miss|p1a: Dracozolt|p2a: Araquanid
|move|p2a: Araquanid|Sticky Web|p1a: Dracozolt
|-sidestart|p1: caagle|move: Sticky Web
|
|upkeep
|turn|2
|
|switch|p2a: Excadrill|Excadrill, F|100/100
|-ability|p2a: Excadrill|Mold Breaker
|move|p1a: Dracozolt|Bolt Beak|p2a: Excadrill
|-immune|p2a: Excadrill
|
|upkeep
|turn|3
|c|☆caagle|fuck hax turn 1
|
|switch|p1a: Excadrill|Excadrill, M|100/100
|-ability|p1a: Excadrill|Mold Breaker
|-item|p1a: Excadrill|Air Balloon
|move|p2a: Excadrill|Earthquake|p1a: Excadrill
|-immune|p1a: Excadrill
|
|upkeep
|turn|4
|c|☆piterce|fuck ability you said ?
|
|switch|p2a: Corsola|Corsola-Galar, F|100/100
|move|p1a: Excadrill|Rapid Spin|p2a: Corsola
|-immune|p2a: Corsola
|
|upkeep
|turn|5
|c|☆caagle|yeah that true
|c|☆caagle|but i should miss 2 each 10
|c|☆caagle|and i miss 8
|c|☆caagle|fuck it
|inactive|caagle has 120 seconds left.
|c|☆caagle|and in this case was relevant
|
|switch|p1a: Pincurchin|Pincurchin, M|100/100
|-activate|p1a: Pincurchin|move: Sticky Web
|-unboost|p1a: Pincurchin|spe|1
|-fieldstart|move: Electric Terrain|[from] ability: Electric Surge|[of] p1a: Pincurchin
|move|p2a: Corsola|Will-O-Wisp|p1a: Pincurchin
|-status|p1a: Pincurchin|brn
|
|-damage|p1a: Pincurchin|94/100 brn|[from] brn
|upkeep
|turn|6
|inactive|caagle has 120 seconds left.
|c|☆piterce|so you should be smart enought
|c|☆piterce|and change that
|
|move|p2a: Corsola|Stealth Rock|p1a: Pincurchin
|-sidestart|p1: caagle|move: Stealth Rock
|move|p1a: Pincurchin|Discharge|p2a: Corsola
|-crit|p2a: Corsola
|-damage|p2a: Corsola|48/100
|-start|p1a: Pincurchin|Disable|Discharge|[from] ability: Cursed Body|[of] p2a: Corsola
|
|-heal|p1a: Pincurchin|100/100 brn|[from] item: Leftovers
|-damage|p1a: Pincurchin|94/100 brn|[from] brn
|upkeep
|turn|7
|c|☆caagle|nop
|inactive|caagle has 120 seconds left.
|c|☆caagle|the mon wouldnt work the same
|c|☆caagle|disable activated ofc
|c|☆caagle|amazing hax dude
|c|☆caagle|congrats
|
|switch|p2a: Excadrill|Excadrill, F|100/100
|-ability|p2a: Excadrill|Mold Breaker
|switch|p1a: Dracozolt|Dracozolt|100/100
|-activate|p1a: Dracozolt|move: Sticky Web
|-unboost|p1a: Dracozolt|spe|1
|-damage|p1a: Dracozolt|88/100|[from] Stealth Rock
|
|upkeep
|turn|8
|
|move|p2a: Excadrill|Rock Tomb|p1a: Dracozolt
|-damage|p1a: Dracozolt|65/100
|-unboost|p1a: Dracozolt|spe|1
|move|p1a: Dracozolt|Earthquake|p2a: Excadrill
|-supereffective|p2a: Excadrill
|-enditem|p2a: Excadrill|Focus Sash
|-damage|p2a: Excadrill|1/100
|
|upkeep
|turn|9
|
|switch|p1a: Excadrill|Excadrill, M|100/100
|-damage|p1a: Excadrill|97/100|[from] Stealth Rock
|-ability|p1a: Excadrill|Mold Breaker
|-item|p1a: Excadrill|Air Balloon
|move|p2a: Excadrill|Earthquake|p1a: Excadrill
|-immune|p1a: Excadrill
|
|-fieldend|move: Electric Terrain
|upkeep
|turn|10
|
|switch|p2a: Corsola|Corsola-Galar, F|48/100
|move|p1a: Excadrill|Earthquake|p2a: Corsola
|-damage|p2a: Corsola|21/100
|
|upkeep
|turn|11
|
|move|p1a: Excadrill|Earthquake|p2a: Corsola
|-damage|p2a: Corsola|0 fnt
|faint|p2a: Corsola
|
|upkeep
|
|switch|p2a: Gengar|Gengar, M|100/100
|turn|12
|
|move|p2a: Gengar|Focus Blast|p1a: Excadrill
|-supereffective|p1a: Excadrill
|-damage|p1a: Excadrill|0 fnt
|-enditem|p1a: Excadrill|Air Balloon
|faint|p1a: Excadrill
|
|upkeep
|c|☆caagle|ahhahahahaha
|inactive|caagle has 120 seconds left.
|c|☆caagle|and u get the focus blast
|c|☆caagle|amazing dude
|c|☆caagle|really
|c|☆caagle|i admire u
|
|switch|p1a: Seismitoad|Seismitoad, M|100/100
|-damage|p1a: Seismitoad|94/100|[from] Stealth Rock
|-activate|p1a: Seismitoad|move: Sticky Web
|-unboost|p1a: Seismitoad|spe|1
|turn|13
|
|switch|p2a: Excadrill|Excadrill, F|1/100
|-ability|p2a: Excadrill|Mold Breaker
|move|p1a: Seismitoad|Stealth Rock|p2a: Excadrill
|-sidestart|p2: piterce|move: Stealth Rock
|
|-heal|p1a: Seismitoad|100/100|[from] item: Leftovers
|upkeep
|turn|14
|
|switch|p1a: Pincurchin|Pincurchin, M|94/100 brn
|-damage|p1a: Pincurchin|82/100 brn|[from] Stealth Rock
|-activate|p1a: Pincurchin|move: Sticky Web
|-unboost|p1a: Pincurchin|spe|1
|-fieldstart|move: Electric Terrain|[from] ability: Electric Surge|[of] p1a: Pincurchin
|move|p2a: Excadrill|Rapid Spin|p1a: Pincurchin
|-crit|p1a: Pincurchin
|-damage|p1a: Pincurchin|51/100 brn
|-sideend|p2: piterce|Stealth Rock|[from] move: Rapid Spin|[of] p2a: Excadrill
|-boost|p2a: Excadrill|spe|1
|
|-heal|p1a: Pincurchin|57/100 brn|[from] item: Leftovers
|-damage|p1a: Pincurchin|51/100 brn|[from] brn
|upkeep
|turn|15
|
|switch|p1a: Seismitoad|Seismitoad, M|100/100
|-activate|p1a: Seismitoad|move: Sticky Web
|-unboost|p1a: Seismitoad|spe|1
|-damage|p1a: Seismitoad|94/100|[from] Stealth Rock
|move|p2a: Excadrill|Earthquake|p1a: Seismitoad
|-damage|p1a: Seismitoad|51/100
|
|-heal|p1a: Seismitoad|57/100|[from] item: Leftovers
|upkeep
|turn|16
|
|move|p1a: Seismitoad|Protect|p1a: Seismitoad
|-singleturn|p1a: Seismitoad|Protect
|move|p2a: Excadrill|Earthquake|p1a: Seismitoad
|-activate|p1a: Seismitoad|move: Protect
|
|-heal|p1a: Seismitoad|63/100|[from] item: Leftovers
|upkeep
|turn|17
|
|move|p2a: Excadrill|Earthquake|p1a: Seismitoad
|-damage|p1a: Seismitoad|23/100
|move|p1a: Seismitoad|Earthquake|p2a: Excadrill
|-supereffective|p2a: Excadrill
|-crit|p2a: Excadrill
|-damage|p2a: Excadrill|0 fnt
|faint|p2a: Excadrill
|
|-heal|p1a: Seismitoad|29/100|[from] item: Leftovers
|upkeep
|
|switch|p2a: Hydreigon|Hydreigon, F|100/100
|turn|18
|inactive|caagle has 120 seconds left.
|
|move|p2a: Hydreigon|Nasty Plot|p2a: Hydreigon
|-boost|p2a: Hydreigon|spa|2
|move|p1a: Seismitoad|Stealth Rock|p2a: Hydreigon
|-sidestart|p2: piterce|move: Stealth Rock
|
|-heal|p1a: Seismitoad|35/100|[from] item: Leftovers
|-fieldend|move: Electric Terrain
|upkeep
|turn|19
|
|switch|p1a: Pincurchin|Pincurchin, M|51/100 brn
|-damage|p1a: Pincurchin|39/100 brn|[from] Stealth Rock
|-activate|p1a: Pincurchin|move: Sticky Web
|-unboost|p1a: Pincurchin|spe|1
|-fieldstart|move: Electric Terrain|[from] ability: Electric Surge|[of] p1a: Pincurchin
|move|p2a: Hydreigon|Dark Pulse|p1a: Pincurchin
|-damage|p1a: Pincurchin|0 fnt
|faint|p1a: Pincurchin
|
|upkeep
|inactive|caagle has 120 seconds left.
|
|switch|p1a: Hawlucha|Hawlucha, F|100/100
|-damage|p1a: Hawlucha|88/100|[from] Stealth Rock
|-enditem|p1a: Hawlucha|Electric Seed
|-boost|p1a: Hawlucha|def|1
|turn|20
|
|move|p1a: Hawlucha|Close Combat|p2a: Hydreigon
|-supereffective|p2a: Hydreigon
|-damage|p2a: Hydreigon|0 fnt
|-unboost|p1a: Hawlucha|def|1
|-unboost|p1a: Hawlucha|spd|1
|faint|p2a: Hydreigon
|
|upkeep
|
|switch|p2a: Orbeetle|Orbeetle, M|100/100
|-damage|p2a: Orbeetle|76/100|[from] Stealth Rock
|turn|21
|
|switch|p2a: Gengar|Gengar, M|100/100
|-damage|p2a: Gengar|88/100|[from] Stealth Rock
|move|p1a: Hawlucha|Acrobatics|p2a: Gengar
|-damage|p2a: Gengar|0 fnt
|faint|p2a: Gengar
|
|upkeep
|
|switch|p2a: Araquanid|Araquanid, M|100/100
|-damage|p2a: Araquanid|76/100|[from] Stealth Rock
|turn|22
|c|☆piterce|gg crying boy
|
|move|p1a: Hawlucha|Acrobatics|p2a: Araquanid
|-supereffective|p2a: Araquanid
|-damage|p2a: Araquanid|0 fnt
|faint|p2a: Araquanid
|
|upkeep
|c|☆caagle|this is me
|c|☆caagle|when i won even the hax
|c|☆caagle|amazing
|c|☆caagle|FUCK HAX
|c|☆caagle|I hate it
|c|☆caagle|but its not your fault
|c|☆piterce|with electric terrain and hawlucha ?
|c|☆piterce|please
|inactive|piterce has 120 seconds left.
|c|☆piterce|we are in 2020
|c|☆caagle|lol
|
|switch|p2a: Orbeetle|Orbeetle, M|76/100
|-damage|p2a: Orbeetle|51/100|[from] Stealth Rock
|turn|23
|c|☆caagle|and still working
|c|☆caagle|actually hawlucha kills 5 of your mons
|
|move|p1a: Hawlucha|Acrobatics|p2a: Orbeetle
|-supereffective|p2a: Orbeetle
|-damage|p2a: Orbeetle|0 fnt
|faint|p2a: Orbeetle
|
|win|caagle
|raw|caagle's rating: 1375 → 1398(+23 for winning)
|raw|piterce's rating: 1437 → 1414(-23 for losing)
|c|☆caagle|so cheer up noob
