|ScrapeTime|2020-01-02-23:18:54
|j|‽howtoavoidlocks
|j|☆Marcos_ro4
|player|p1|howtoavoidlocks|101|1134
|player|p2|Marcos_ro4|drayden|1175
|teamsize|p1|6
|teamsize|p2|6
|gametype|singles
|gen|8
|tier|[Gen 8] OU
|rated|
|rule|Sleep Clause Mod: Limit one foe put to sleep
|rule|Species Clause: Limit one of each Pokémon
|rule|OHKO Clause: OHKO moves are banned
|rule|Evasion Moves Clause: Evasion moves are banned
|rule|Endless Battle Clause: Forcing endless battles is banned
|rule|HP Percentage Mod: HP is shown in percentages
|clearpoke
|poke|p1|Indeedee, M|
|poke|p1|Cinderace, F|
|poke|p1|Hawlucha, F|
|poke|p1|Ferrothorn, F|
|poke|p1|Dracozolt|
|poke|p1|Mandibuzz, F|
|poke|p2|Seismitoad, F|
|poke|p2|Weezing-Galar, M|
|poke|p2|Hydreigon, F|
|poke|p2|Hippowdon, M|
|poke|p2|Escavalier, M|
|poke|p2|Conkeldurr, M|
|rule|Dynamax Clause: You cannot dynamax
|teampreview
|inactive|Battle timer is ON: inactive players will automatically lose when time's up. (requested by Marcos_ro4)
|
|start
|switch|p1a: Indeedee|Indeedee, M|100/100
|switch|p2a: Seismitoad|Seismitoad, F|100/100
|-fieldstart|move: Psychic Terrain|[from] ability: Psychic Surge|[of] p1a: Indeedee
|turn|1
|
|move|p1a: Indeedee|Psychic|p2a: Seismitoad
|-damage|p2a: Seismitoad|42/100
|move|p2a: Seismitoad|Stealth Rock|p1a: Indeedee
|-sidestart|p1: howtoavoidlocks|move: Stealth Rock
|
|upkeep
|turn|2
|
|switch|p1a: Mandibuzz|Mandibuzz, F|100/100
|switch|p2a: Hydreigon|Hydreigon, F|100/100
|
|upkeep
|turn|3
|
|move|p2a: Hydreigon|Flash Cannon|p1a: Mandibuzz
|-damage|p1a: Mandibuzz|79/100
|move|p1a: Mandibuzz|Defog|p2a: Hydreigon
|-unboost|p2a: Hydreigon|evasion|1
|-sideend|p1: howtoavoidlocks|Stealth Rock|[from] move: Defog|[of] p1a: Mandibuzz
|-fieldend|move: Psychic Terrain
|
|upkeep
|turn|4
|
|switch|p2a: Weezing|Weezing-Galar, M|100/100
|-ability|p2a: Weezing|Neutralizing Gas
|move|p1a: Mandibuzz|U-turn|p2a: Weezing
|-resisted|p2a: Weezing
|-damage|p2a: Weezing|99/100
|
|switch|p1a: Cinderace|Cinderace, F|100/100|[from]move: U-turn
|
|-heal|p2a: Weezing|100/100|[from] item: Black Sludge
|upkeep
|turn|5
|
|move|p1a: Cinderace|Pyro Ball|p2a: Weezing
|-damage|p2a: Weezing|44/100
|move|p2a: Weezing|Play Rough|p1a: Cinderace
|-resisted|p1a: Cinderace
|-damage|p1a: Cinderace|80/100
|
|-heal|p2a: Weezing|50/100|[from] item: Black Sludge
|upkeep
|turn|6
|
|move|p2a: Weezing|Protect|p2a: Weezing
|-singleturn|p2a: Weezing|Protect
|move|p1a: Cinderace|Pyro Ball|p2a: Weezing
|-activate|p2a: Weezing|move: Protect
|
|-heal|p2a: Weezing|56/100|[from] item: Black Sludge
|upkeep
|turn|7
|
|switch|p2a: Hippowdon|Hippowdon, M|100/100
|-weather|Sandstorm|[from] ability: Sand Stream|[of] p2a: Hippowdon
|move|p1a: Cinderace|Pyro Ball|p2a: Hippowdon
|-damage|p2a: Hippowdon|56/100
|
|-weather|Sandstorm|[upkeep]
|-damage|p1a: Cinderace|74/100|[from] Sandstorm
|-heal|p2a: Hippowdon|62/100|[from] item: Leftovers
|upkeep
|turn|8
|
|move|p1a: Cinderace|Pyro Ball|p2a: Hippowdon
|-damage|p2a: Hippowdon|20/100
|-status|p2a: Hippowdon|brn
|move|p2a: Hippowdon|Roar|p1a: Cinderace
|drag|p1a: Mandibuzz|Mandibuzz, F|79/100
|
|-weather|Sandstorm|[upkeep]
|-heal|p2a: Hippowdon|26/100 brn|[from] item: Leftovers
|-damage|p2a: Hippowdon|20/100 brn|[from] brn
|upkeep
|turn|9
|
|move|p1a: Mandibuzz|U-turn|p2a: Hippowdon
|-damage|p2a: Hippowdon|15/100 brn
|
|switch|p1a: Indeedee|Indeedee, M|100/100|[from]move: U-turn
|-fieldstart|move: Psychic Terrain|[from] ability: Psychic Surge|[of] p1a: Indeedee
|move|p2a: Hippowdon|Stealth Rock|p1a: Indeedee
|-sidestart|p1: howtoavoidlocks|move: Stealth Rock
|
|-weather|Sandstorm|[upkeep]
|-damage|p1a: Indeedee|94/100|[from] Sandstorm
|-heal|p2a: Hippowdon|21/100 brn|[from] item: Leftovers
|-damage|p2a: Hippowdon|15/100 brn|[from] brn
|upkeep
|turn|10
|
|move|p1a: Indeedee|Dazzling Gleam|p2a: Hippowdon
|-damage|p2a: Hippowdon|0 fnt
|faint|p2a: Hippowdon
|
|-weather|Sandstorm|[upkeep]
|-damage|p1a: Indeedee|88/100|[from] Sandstorm
|upkeep
|
|switch|p2a: Hydreigon|Hydreigon, F|100/100
|turn|11
|
|switch|p1a: Mandibuzz|Mandibuzz, F|79/100
|move|p2a: Hydreigon|Dark Pulse|p1a: Mandibuzz
|-resisted|p1a: Mandibuzz
|-damage|p1a: Mandibuzz|62/100
|
|-weather|none
|upkeep
|turn|12
|
|move|p2a: Hydreigon|Dark Pulse|p1a: Mandibuzz
|-resisted|p1a: Mandibuzz
|-damage|p1a: Mandibuzz|46/100
|cant|p1a: Mandibuzz|flinch
|
|upkeep
|turn|13
|
|move|p2a: Hydreigon|Dark Pulse|p1a: Mandibuzz
|-resisted|p1a: Mandibuzz
|-damage|p1a: Mandibuzz|28/100
|move|p1a: Mandibuzz|Defog|p2a: Hydreigon
|-unboost|p2a: Hydreigon|evasion|1
|-sideend|p1: howtoavoidlocks|Stealth Rock|[from] move: Defog|[of] p1a: Mandibuzz
|-fieldend|move: Psychic Terrain
|
|upkeep
|turn|14
|
|move|p2a: Hydreigon|Dark Pulse|p1a: Mandibuzz
|-resisted|p1a: Mandibuzz
|-damage|p1a: Mandibuzz|11/100
|move|p1a: Mandibuzz|Roost|p1a: Mandibuzz
|-heal|p1a: Mandibuzz|61/100
|-singleturn|p1a: Mandibuzz|move: Roost
|
|upkeep
|turn|15
|
|switch|p2a: Conkeldurr|Conkeldurr, M|100/100
|move|p1a: Mandibuzz|U-turn|p2a: Conkeldurr
|-resisted|p2a: Conkeldurr
|-damage|p2a: Conkeldurr|96/100
|
|switch|p1a: Indeedee|Indeedee, M|88/100|[from]move: U-turn
|-fieldstart|move: Psychic Terrain|[from] ability: Psychic Surge|[of] p1a: Indeedee
|
|-status|p2a: Conkeldurr|brn|[from] item: Flame Orb
|upkeep
|turn|16
|
|switch|p2a: Escavalier|Escavalier, M|100/100
|move|p1a: Indeedee|Psychic|p2a: Escavalier
|-resisted|p2a: Escavalier
|-damage|p2a: Escavalier|73/100
|
|upkeep
|turn|17
|
|switch|p1a: Ferrothorn|Ferrothorn, F|100/100
|move|p2a: Escavalier|Knock Off|p1a: Ferrothorn
|-damage|p1a: Ferrothorn|84/100
|-damage|p2a: Escavalier|61/100|[from] ability: Iron Barbs|[of] p1a: Ferrothorn
|-enditem|p1a: Ferrothorn|Leftovers|[from] move: Knock Off|[of] p2a: Escavalier
|
|upkeep
|turn|18
|
|switch|p2a: Hydreigon|Hydreigon, F|100/100
|move|p1a: Ferrothorn|Stealth Rock|p2a: Hydreigon
|-sidestart|p2: Marcos_ro4|move: Stealth Rock
|
|upkeep
|turn|19
|
|move|p1a: Ferrothorn|Protect|p1a: Ferrothorn
|-singleturn|p1a: Ferrothorn|Protect
|move|p2a: Hydreigon|Flamethrower|p1a: Ferrothorn
|-activate|p1a: Ferrothorn|move: Protect
|
|-fieldend|move: Psychic Terrain
|upkeep
|turn|20
|
|switch|p1a: Dracozolt|Dracozolt|100/100
|move|p2a: Hydreigon|Flamethrower|p1a: Dracozolt
|-resisted|p1a: Dracozolt
|-damage|p1a: Dracozolt|77/100
|
|upkeep
|turn|21
|
|switch|p2a: Weezing|Weezing-Galar, M|56/100
|-ability|p2a: Weezing|Neutralizing Gas
|-damage|p2a: Weezing|43/100|[from] Stealth Rock
|move|p1a: Dracozolt|Earthquake|p2a: Weezing
|-supereffective|p2a: Weezing
|-damage|p2a: Weezing|7/100
|
|-heal|p2a: Weezing|13/100|[from] item: Black Sludge
|upkeep
|turn|22
|
|move|p1a: Dracozolt|Earthquake|p2a: Weezing
|-supereffective|p2a: Weezing
|-damage|p2a: Weezing|0 fnt
|faint|p2a: Weezing
|
|upkeep
|
|switch|p2a: Escavalier|Escavalier, M|61/100
|-damage|p2a: Escavalier|48/100|[from] Stealth Rock
|turn|23
|
|switch|p1a: Ferrothorn|Ferrothorn, F|84/100
|move|p2a: Escavalier|Iron Head|p1a: Ferrothorn
|-resisted|p1a: Ferrothorn
|-crit|p1a: Ferrothorn
|-damage|p1a: Ferrothorn|67/100
|-damage|p2a: Escavalier|36/100|[from] ability: Iron Barbs|[of] p1a: Ferrothorn
|
|upkeep
|turn|24
|
|switch|p2a: Hydreigon|Hydreigon, F|100/100
|-damage|p2a: Hydreigon|88/100|[from] Stealth Rock
|move|p1a: Ferrothorn|Leech Seed|p2a: Hydreigon
|-start|p2a: Hydreigon|move: Leech Seed
|
|-damage|p2a: Hydreigon|76/100|[from] Leech Seed|[of] p1a: Ferrothorn
|-heal|p1a: Ferrothorn|79/100|[silent]
|upkeep
|turn|25
|
|move|p1a: Ferrothorn|Protect|p1a: Ferrothorn
|-singleturn|p1a: Ferrothorn|Protect
|move|p2a: Hydreigon|Flamethrower|p1a: Ferrothorn
|-activate|p1a: Ferrothorn|move: Protect
|
|-damage|p2a: Hydreigon|64/100|[from] Leech Seed|[of] p1a: Ferrothorn
|-heal|p1a: Ferrothorn|90/100|[silent]
|upkeep
|turn|26
|-message|Marcos_ro4 forfeited.
|
|win|howtoavoidlocks
|l|☆Marcos_ro4
