|ScrapeTime|2020-01-03-00:08:55
|j|☆jRAndomWeeb
|j|☆Awesomestriker2
|player|p1|jRAndomWeeb|223|1086
|player|p2|Awesomestriker2|lucas|1073
|teamsize|p1|6
|teamsize|p2|6
|gametype|singles
|gen|8
|tier|[Gen 8] OU
|rated|
|rule|Sleep Clause Mod: Limit one foe put to sleep
|rule|Species Clause: Limit one of each Pokémon
|rule|OHKO Clause: OHKO moves are banned
|rule|Evasion Moves Clause: Evasion moves are banned
|rule|Endless Battle Clause: Forcing endless battles is banned
|rule|HP Percentage Mod: HP is shown in percentages
|clearpoke
|poke|p1|Toxtricity, M|
|poke|p1|Cinccino, F|
|poke|p1|Seismitoad, F|
|poke|p1|Tyranitar, F|
|poke|p1|Excadrill, M|
|poke|p1|Chandelure, M|
|poke|p2|Vileplume, F|
|poke|p2|Jolteon, M|
|poke|p2|Obstagoon, F|
|poke|p2|Weavile, M|
|poke|p2|Gallade, M|
|poke|p2|Mr. Rime, M|
|rule|Dynamax Clause: You cannot dynamax
|teampreview
|
|start
|switch|p1a: Cinccino|Cinccino, F|100/100
|switch|p2a: Mr. Rime|Mr. Rime, M|100/100
|turn|1
|
|move|p1a: Cinccino|Rock Blast|p2a: Mr. Rime
|-supereffective|p2a: Mr. Rime
|-damage|p2a: Mr. Rime|79/100
|-supereffective|p2a: Mr. Rime
|-damage|p2a: Mr. Rime|58/100
|-supereffective|p2a: Mr. Rime
|-damage|p2a: Mr. Rime|35/100
|-supereffective|p2a: Mr. Rime
|-damage|p2a: Mr. Rime|14/100
|-supereffective|p2a: Mr. Rime
|-damage|p2a: Mr. Rime|0 fnt
|-hitcount|p2a: Mr. Rime|5
|faint|p2a: Mr. Rime
|
|upkeep
|
|switch|p2a: Vileplume|Vileplume, F|100/100
|turn|2
|
|switch|p1a: Chandelure|Chandelure, M|100/100
|move|p2a: Vileplume|Sleep Powder|p1a: Chandelure
|-status|p1a: Chandelure|slp|[from] move: Sleep Powder
|
|upkeep
|turn|3
|
|switch|p2a: Weavile|Weavile, M|100/100
|-ability|p2a: Weavile|Pressure
|cant|p1a: Chandelure|slp
|
|upkeep
|turn|4
|
|switch|p1a: Tyranitar|Tyranitar, F|100/100
|-weather|Sandstorm|[from] ability: Sand Stream|[of] p1a: Tyranitar
|move|p2a: Weavile|Swords Dance|p2a: Weavile
|-boost|p2a: Weavile|atk|2
|
|-weather|Sandstorm|[upkeep]
|-damage|p2a: Weavile|94/100|[from] Sandstorm
|upkeep
|turn|5
|
|move|p2a: Weavile|Ice Punch|p1a: Tyranitar
|-damage|p1a: Tyranitar|33/100
|-status|p1a: Tyranitar|frz
|cant|p1a: Tyranitar|frz
|
|-weather|Sandstorm|[upkeep]
|-damage|p2a: Weavile|88/100|[from] Sandstorm
|upkeep
|turn|6
|
|move|p2a: Weavile|Agility|p2a: Weavile
|-boost|p2a: Weavile|spe|2
|cant|p1a: Tyranitar|frz
|
|-weather|Sandstorm|[upkeep]
|-damage|p2a: Weavile|82/100|[from] Sandstorm
|upkeep
|turn|7
|
|move|p2a: Weavile|Ice Punch|p1a: Tyranitar
|-damage|p1a: Tyranitar|0 fnt
|faint|p1a: Tyranitar
|
|-weather|Sandstorm|[upkeep]
|-damage|p2a: Weavile|76/100|[from] Sandstorm
|upkeep
|
|switch|p1a: Excadrill|Excadrill, M|100/100
|turn|8
|
|move|p2a: Weavile|Throat Chop|p1a: Excadrill
|-damage|p1a: Excadrill|0 fnt
|faint|p1a: Excadrill
|
|-weather|none
|upkeep
|
|switch|p1a: Cinccino|Cinccino, F|100/100
|turn|9
|
|move|p2a: Weavile|Throat Chop|p1a: Cinccino
|-damage|p1a: Cinccino|0 fnt
|faint|p1a: Cinccino
|
|upkeep
|
|switch|p1a: Toxtricity|Toxtricity, M|100/100
|turn|10
|
|move|p2a: Weavile|Throat Chop|p1a: Toxtricity
|-enditem|p1a: Toxtricity|Focus Sash
|-damage|p1a: Toxtricity|1/100
|-start|p1a: Toxtricity|Throat Chop|[silent]
|move|p1a: Toxtricity|Gunk Shot|p2a: Weavile|[miss]
|-miss|p1a: Toxtricity|p2a: Weavile
|
|upkeep
|turn|11
|
|move|p2a: Weavile|Throat Chop|p1a: Toxtricity
|-damage|p1a: Toxtricity|0 fnt
|faint|p1a: Toxtricity
|
|upkeep
|
|switch|p1a: Chandelure|Chandelure, M|100/100 slp
|turn|12
|
|switch|p1a: Seismitoad|Seismitoad, F|100/100
|move|p2a: Weavile|Throat Chop|p1a: Seismitoad
|-damage|p1a: Seismitoad|2/100
|-start|p1a: Seismitoad|Throat Chop|[silent]
|
|upkeep
|turn|13
|
|move|p2a: Weavile|Throat Chop|p1a: Seismitoad
|-damage|p1a: Seismitoad|0 fnt
|faint|p1a: Seismitoad
|
|upkeep
|
|switch|p1a: Chandelure|Chandelure, M|100/100 slp
|turn|14
|
|move|p2a: Weavile|Throat Chop|p1a: Chandelure
|-supereffective|p1a: Chandelure
|-damage|p1a: Chandelure|0 fnt
|faint|p1a: Chandelure
|
|win|Awesomestriker2
|l|☆Awesomestriker2
