|ScrapeTime|2020-01-01-08:35:25
|j|☆gu3st567
|j|☆brindemos
|player|p1|gu3st567|pokemonbreeder-gen4|1735
|player|p2|brindemos|lucas|1725
|teamsize|p1|6
|teamsize|p2|6
|gametype|singles
|gen|8
|tier|[Gen 8] OU
|rated|
|rule|Sleep Clause Mod: Limit one foe put to sleep
|rule|Species Clause: Limit one of each Pokémon
|rule|OHKO Clause: OHKO moves are banned
|rule|Evasion Moves Clause: Evasion moves are banned
|rule|Endless Battle Clause: Forcing endless battles is banned
|rule|HP Percentage Mod: HP is shown in percentages
|clearpoke
|poke|p1|Dragapult, M|
|poke|p1|Bisharp, M|
|poke|p1|Salazzle, F|
|poke|p1|Seismitoad, M|
|poke|p1|Corviknight, F|
|poke|p1|Rotom-Wash|
|poke|p2|Clefable, F|
|poke|p2|Conkeldurr, M|
|poke|p2|Seismitoad, M|
|poke|p2|Mandibuzz, F|
|poke|p2|Hydreigon, M|
|poke|p2|Aegislash, M|
|rule|Dynamax Clause: You cannot dynamax
|teampreview
|inactive|Battle timer is ON: inactive players will automatically lose when time's up. (requested by brindemos)
|c|☆gu3st567|gl hf
|inactive|gu3st567 has 120 seconds left.
|
|start
|switch|p1a: Seismitoad|Seismitoad, M|100/100
|switch|p2a: Seismitoad|Seismitoad, M|100/100
|turn|1
|j| watr sucks
|j| dontflex
|
|move|p1a: Seismitoad|Toxic|p2a: Seismitoad
|-status|p2a: Seismitoad|tox
|move|p2a: Seismitoad|Stealth Rock|p1a: Seismitoad
|-sidestart|p1: gu3st567|move: Stealth Rock
|
|-damage|p2a: Seismitoad|94/100 tox|[from] psn
|upkeep
|turn|2
|
|switch|p2a: Clefable|Clefable, F|100/100
|move|p1a: Seismitoad|Stealth Rock|p2a: Clefable
|-sidestart|p2: brindemos|move: Stealth Rock
|
|upkeep
|turn|3
|j| neverused player01
|
|switch|p1a: Salazzle|Salazzle, F|100/100
|move|p2a: Clefable|Calm Mind|p2a: Clefable
|-boost|p2a: Clefable|spa|1
|-boost|p2a: Clefable|spd|1
|
|upkeep
|turn|4
|j| LusterLati
|j| vusty
|j| kongyuenb
|j| hifikida
|inactive|brindemos has 120 seconds left.
|
|move|p1a: Salazzle|Sludge Wave|p2a: Clefable
|-supereffective|p2a: Clefable
|-damage|p2a: Clefable|44/100
|move|p2a: Clefable|Thunderbolt|p1a: Salazzle
|-damage|p1a: Salazzle|24/100
|
|upkeep
|turn|5
|
|switch|p2a: Seismitoad|Seismitoad, M|94/100 tox
|-damage|p2a: Seismitoad|88/100 tox|[from] Stealth Rock
|move|p1a: Salazzle|Sludge Wave|p2a: Seismitoad
|-resisted|p2a: Seismitoad
|-damage|p2a: Seismitoad|64/100 tox
|
|-heal|p2a: Seismitoad|70/100 tox|[from] item: Leftovers
|-damage|p2a: Seismitoad|64/100 tox|[from] psn
|upkeep
|turn|6
|inactive|brindemos has 120 seconds left.
|
|switch|p1a: Corviknight|Corviknight, F|100/100
|-damage|p1a: Corviknight|88/100|[from] Stealth Rock
|move|p2a: Seismitoad|Scald|p1a: Corviknight
|-damage|p1a: Corviknight|66/100
|
|-heal|p2a: Seismitoad|70/100 tox|[from] item: Leftovers
|-damage|p2a: Seismitoad|58/100 tox|[from] psn
|upkeep
|turn|7
|j| garbos
|inactive|brindemos has 120 seconds left.
|j| baconeatinassassin
|
|switch|p2a: Mandibuzz|Mandibuzz, F|100/100
|move|p1a: Corviknight|Brave Bird|p2a: Mandibuzz
|-damage|p2a: Mandibuzz|71/100
|-damage|p1a: Corviknight|55/100|[from] Recoil
|
|upkeep
|turn|8
|inactive|brindemos has 120 seconds left.
|
|move|p2a: Mandibuzz|U-turn|p1a: Corviknight
|-resisted|p1a: Corviknight
|-damage|p1a: Corviknight|54/100
|-damage|p2a: Mandibuzz|55/100|[from] item: Rocky Helmet|[of] p1a: Corviknight
|
|switch|p2a: Aegislash|Aegislash, M|100/100|[from]move: U-turn
|-damage|p2a: Aegislash|94/100|[from] Stealth Rock
|move|p1a: Corviknight|Roost|p1a: Corviknight
|-heal|p1a: Corviknight|100/100
|-singleturn|p1a: Corviknight|move: Roost
|
|upkeep
|turn|9
|
|-formechange|p2a: Aegislash|Aegislash-Blade||[from] ability: Stance Change
|move|p2a: Aegislash|Shadow Ball|p1a: Corviknight
|-damage|p1a: Corviknight|39/100
|move|p1a: Corviknight|U-turn|p2a: Aegislash
|-resisted|p2a: Aegislash
|-damage|p2a: Aegislash|87/100
|
|switch|p1a: Bisharp|Bisharp, M|100/100|[from]move: U-turn
|-damage|p1a: Bisharp|95/100|[from] Stealth Rock
|
|upkeep
|turn|10
|
|switch|p2a: Conkeldurr|Conkeldurr, M|100/100
|-damage|p2a: Conkeldurr|94/100|[from] Stealth Rock
|move|p1a: Bisharp|Iron Head|p2a: Conkeldurr
|-damage|p2a: Conkeldurr|45/100
|-damage|p1a: Bisharp|85/100|[from] item: Life Orb
|
|-status|p2a: Conkeldurr|brn|[from] item: Flame Orb
|upkeep
|turn|11
|
|switch|p1a: Corviknight|Corviknight, F|39/100
|-damage|p1a: Corviknight|27/100|[from] Stealth Rock
|move|p2a: Conkeldurr|Earthquake|p1a: Corviknight
|-immune|p1a: Corviknight
|
|-damage|p2a: Conkeldurr|39/100 brn|[from] brn
|upkeep
|turn|12
|
|move|p2a: Conkeldurr|Mach Punch|p1a: Corviknight
|-damage|p1a: Corviknight|4/100
|-damage|p2a: Conkeldurr|22/100 brn|[from] item: Rocky Helmet|[of] p1a: Corviknight
|move|p1a: Corviknight|Roost|p1a: Corviknight
|-heal|p1a: Corviknight|54/100
|-singleturn|p1a: Corviknight|move: Roost
|
|-damage|p2a: Conkeldurr|16/100 brn|[from] brn
|upkeep
|turn|13
|
|move|p1a: Corviknight|Brave Bird|p2a: Conkeldurr
|-supereffective|p2a: Conkeldurr
|-damage|p2a: Conkeldurr|0 fnt
|-damage|p1a: Corviknight|49/100|[from] Recoil
|faint|p2a: Conkeldurr
|
|upkeep
|
|switch|p2a: Aegislash|Aegislash, M|87/100
|-damage|p2a: Aegislash|81/100|[from] Stealth Rock
|turn|14
|
|-formechange|p2a: Aegislash|Aegislash-Blade||[from] ability: Stance Change
|move|p2a: Aegislash|Shadow Ball|p1a: Corviknight
|-damage|p1a: Corviknight|0 fnt
|faint|p1a: Corviknight
|
|upkeep
|j| Fancy n gr8
|inactive|gu3st567 has 120 seconds left.
|
|switch|p1a: Bisharp|Bisharp, M|85/100
|-damage|p1a: Bisharp|79/100|[from] Stealth Rock
|turn|15
|inactive|gu3st567 has 120 seconds left.
|
|switch|p2a: Seismitoad|Seismitoad, M|58/100 tox
|-damage|p2a: Seismitoad|52/100 tox|[from] Stealth Rock
|move|p1a: Bisharp|Throat Chop|p2a: Seismitoad
|-damage|p2a: Seismitoad|14/100 tox
|-start|p2a: Seismitoad|Throat Chop|[silent]
|-damage|p1a: Bisharp|69/100|[from] item: Life Orb
|
|-heal|p2a: Seismitoad|20/100 tox|[from] item: Leftovers
|-damage|p2a: Seismitoad|14/100 tox|[from] psn
|upkeep
|turn|16
|j| zmnxcbv
|
|move|p1a: Bisharp|Iron Head|p2a: Seismitoad
|-resisted|p2a: Seismitoad
|-damage|p2a: Seismitoad|0 fnt
|-damage|p1a: Bisharp|59/100|[from] item: Life Orb
|faint|p2a: Seismitoad
|
|upkeep
|
|switch|p2a: Hydreigon|Hydreigon, M|100/100
|-damage|p2a: Hydreigon|88/100|[from] Stealth Rock
|turn|17
|l| Fancy n gr8
|inactive|gu3st567 has 120 seconds left.
|
|switch|p1a: Seismitoad|Seismitoad, M|100/100
|-damage|p1a: Seismitoad|94/100|[from] Stealth Rock
|move|p2a: Hydreigon|Draco Meteor|p1a: Seismitoad
|-damage|p1a: Seismitoad|50/100
|-unboost|p2a: Hydreigon|spa|2
|
|-heal|p1a: Seismitoad|56/100|[from] item: Leftovers
|upkeep
|turn|18
|inactive|gu3st567 has 90 seconds left.
|
|switch|p2a: Clefable|Clefable, F|44/100
|switch|p1a: Salazzle|Salazzle, F|24/100
|
|upkeep
|turn|19
|inactive|gu3st567 has 90 seconds left.
|inactive|brindemos has 120 seconds left.
|
|switch|p2a: Mandibuzz|Mandibuzz, F|55/100
|move|p1a: Salazzle|Sludge Wave|p2a: Mandibuzz
|-damage|p2a: Mandibuzz|26/100
|
|upkeep
|turn|20
|inactive|brindemos has 120 seconds left.
|
|switch|p2a: Aegislash|Aegislash, M|81/100
|-damage|p2a: Aegislash|75/100|[from] Stealth Rock
|move|p1a: Salazzle|Flamethrower|p2a: Aegislash
|-supereffective|p2a: Aegislash
|-damage|p2a: Aegislash|0 fnt
|faint|p2a: Aegislash
|
|upkeep
|
|switch|p2a: Hydreigon|Hydreigon, M|88/100
|-damage|p2a: Hydreigon|76/100|[from] Stealth Rock
|turn|21
|
|switch|p1a: Seismitoad|Seismitoad, M|56/100
|-damage|p1a: Seismitoad|50/100|[from] Stealth Rock
|move|p2a: Hydreigon|Dark Pulse|p1a: Seismitoad
|-damage|p1a: Seismitoad|23/100
|
|-heal|p1a: Seismitoad|29/100|[from] item: Leftovers
|upkeep
|turn|22
|inactive|brindemos has 120 seconds left.
|
|switch|p2a: Clefable|Clefable, F|44/100
|move|p1a: Seismitoad|Toxic|p2a: Clefable
|-status|p2a: Clefable|tox
|
|-heal|p1a: Seismitoad|35/100|[from] item: Leftovers
|upkeep
|turn|23
|inactive|brindemos has 120 seconds left.
|j| AuraSlasher
|
|switch|p1a: Bisharp|Bisharp, M|59/100
|-damage|p1a: Bisharp|53/100|[from] Stealth Rock
|move|p2a: Clefable|Moonlight|p2a: Clefable
|-heal|p2a: Clefable|94/100 tox
|
|upkeep
|turn|24
|l| AuraSlasher
|j| user66666
|
|switch|p2a: Mandibuzz|Mandibuzz, F|26/100
|move|p1a: Bisharp|Iron Head|p2a: Mandibuzz
|-damage|p2a: Mandibuzz|0 fnt
|-damage|p1a: Bisharp|43/100|[from] item: Life Orb
|faint|p2a: Mandibuzz
|
|upkeep
|
|switch|p2a: Hydreigon|Hydreigon, M|76/100
|-damage|p2a: Hydreigon|64/100|[from] Stealth Rock
|turn|25
|inactive|gu3st567 has 90 seconds left.
|
|switch|p1a: Seismitoad|Seismitoad, M|35/100
|-damage|p1a: Seismitoad|29/100|[from] Stealth Rock
|move|p2a: Hydreigon|Dark Pulse|p1a: Seismitoad
|-damage|p1a: Seismitoad|0 fnt
|faint|p1a: Seismitoad
|
|upkeep
|inactive|gu3st567 has 90 seconds left.
|
|switch|p1a: Rotom|Rotom-Wash, shiny|100/100
|-damage|p1a: Rotom|88/100|[from] Stealth Rock
|turn|26
|j| AuraSlasher
|inactive|gu3st567 has 90 seconds left.
|l| neverused player01
|l| AuraSlasher
|
|switch|p2a: Clefable|Clefable, F|94/100 tox
|move|p1a: Rotom|Thunderbolt|p2a: Clefable
|-damage|p2a: Clefable|52/100 tox
|
|upkeep
|turn|27
|inactive|gu3st567 has 90 seconds left.
|
|move|p1a: Rotom|Thunderbolt|p2a: Clefable
|-damage|p2a: Clefable|12/100 tox
|move|p2a: Clefable|Moonblast|p1a: Rotom
|-damage|p1a: Rotom|29/100
|
|upkeep
|turn|28
|
|move|p1a: Rotom|Thunderbolt|p2a: Clefable
|-damage|p2a: Clefable|0 fnt
|faint|p2a: Clefable
|
|upkeep
|
|switch|p2a: Hydreigon|Hydreigon, M|64/100
|-damage|p2a: Hydreigon|51/100|[from] Stealth Rock
|turn|29
|
|move|p2a: Hydreigon|Dark Pulse|p1a: Rotom
|-damage|p1a: Rotom|0 fnt
|faint|p1a: Rotom
|
|upkeep
|l| garbos
|inactive|gu3st567 has 90 seconds left.
|
|switch|p1a: Bisharp|Bisharp, M|43/100
|-damage|p1a: Bisharp|37/100|[from] Stealth Rock
|turn|30
|
|move|p2a: Hydreigon|Dark Pulse|p1a: Bisharp
|-resisted|p1a: Bisharp
|-damage|p1a: Bisharp|2/100
|move|p1a: Bisharp|Iron Head|p2a: Hydreigon
|-damage|p2a: Hydreigon|0 fnt
|-damage|p1a: Bisharp|0 fnt|[from] item: Life Orb
|faint|p2a: Hydreigon
|faint|p1a: Bisharp
|
|win|gu3st567
|raw|gu3st567's rating: 1735 → 1754(+19 for winning)
|raw|brindemos's rating: 1725 → 1706(-19 for losing)
|l|☆brindemos
|l| kongyuenb
|l| baconeatinassassin
|l| zmnxcbv
|c|☆gu3st567|gg
|l| dontflex
