|ScrapeTime|2020-01-01-12:55:59
|j|☆2 quiet
|j|☆Zakkenwasser22
|player|p1|2 quiet|294|1694
|player|p2|Zakkenwasser22|iris-gen5bw2|1577
|teamsize|p1|6
|teamsize|p2|6
|gametype|singles
|gen|8
|tier|[Gen 8] OU
|rated|
|rule|Sleep Clause Mod: Limit one foe put to sleep
|rule|Species Clause: Limit one of each Pokémon
|rule|OHKO Clause: OHKO moves are banned
|rule|Evasion Moves Clause: Evasion moves are banned
|rule|Endless Battle Clause: Forcing endless battles is banned
|rule|HP Percentage Mod: HP is shown in percentages
|clearpoke
|poke|p1|Crawdaunt, M|
|poke|p1|Dragapult, M|
|poke|p1|Rotom-Mow|
|poke|p1|Corviknight, M|
|poke|p1|Toxtricity, M|
|poke|p1|Dugtrio, M|
|poke|p2|Sylveon, M|
|poke|p2|Corviknight, F|
|poke|p2|Seismitoad, F|
|poke|p2|Hydreigon, F|
|poke|p2|Rotom-Mow|
|poke|p2|Cinderace, M|
|rule|Dynamax Clause: You cannot dynamax
|teampreview
|inactive|Battle timer is ON: inactive players will automatically lose when time's up. (requested by Zakkenwasser22)
|
|start
|switch|p1a: Dugtrio|Dugtrio, M|100/100
|switch|p2a: orange heart|Rotom-Mow|100/100
|turn|1
|inactive|2 quiet has 120 seconds left.
|
|switch|p1a: Rotom|Rotom-Mow|100/100
|move|p2a: orange heart|Leaf Storm|p1a: Rotom
|-resisted|p1a: Rotom
|-damage|p1a: Rotom|68/100
|-unboost|p2a: orange heart|spa|2
|
|-heal|p1a: Rotom|74/100|[from] item: Leftovers
|upkeep
|turn|2
|
|switch|p2a: the solution|Sylveon, M|100/100
|move|p1a: Rotom|Volt Switch|p2a: the solution
|-damage|p2a: the solution|87/100
|
|switch|p1a: Toxtricity|Toxtricity, M|100/100|[from]move: Volt Switch
|
|-heal|p2a: the solution|93/100|[from] item: Leftovers
|upkeep
|turn|3
|inactive|2 quiet has 120 seconds left.
|
|move|p2a: the solution|Protect|p2a: the solution
|-singleturn|p2a: the solution|Protect
|move|p1a: Toxtricity|Boomburst|p2a: the solution
|-activate|p2a: the solution|move: Protect
|
|-heal|p2a: the solution|99/100|[from] item: Leftovers
|upkeep
|turn|4
|inactive|2 quiet has 120 seconds left.
|
|switch|p2a: the aftershock|Corviknight, F|100/100
|-ability|p2a: the aftershock|Pressure
|move|p1a: Toxtricity|Sludge Bomb|p2a: the aftershock
|-immune|p2a: the aftershock
|
|upkeep
|turn|5
|
|switch|p2a: shallow waters|Seismitoad, F|100/100
|move|p1a: Toxtricity|Overdrive|p2a: shallow waters
|-immune|p2a: shallow waters
|
|upkeep
|turn|6
|
|switch|p1a: Rotom|Rotom-Mow|74/100
|move|p2a: shallow waters|Stealth Rock|p1a: Rotom
|-sidestart|p1: 2 quiet|move: Stealth Rock
|
|-heal|p1a: Rotom|80/100|[from] item: Leftovers
|upkeep
|turn|7
|
|switch|p2a: the solution|Sylveon, M|99/100
|move|p1a: Rotom|Volt Switch|p2a: the solution
|-damage|p2a: the solution|85/100
|
|switch|p1a: Corviknight|Corviknight, M|100/100|[from]move: Volt Switch
|-damage|p1a: Corviknight|88/100|[from] Stealth Rock
|-ability|p1a: Corviknight|Pressure
|
|-heal|p1a: Corviknight|94/100|[from] item: Leftovers
|-heal|p2a: the solution|91/100|[from] item: Leftovers
|upkeep
|turn|8
|
|switch|p2a: fire|Cinderace, M|100/100
|move|p1a: Corviknight|Defog|p2a: fire
|-unboost|p2a: fire|evasion|1
|-sideend|p1: 2 quiet|Stealth Rock|[from] move: Defog|[of] p1a: Corviknight
|
|-heal|p1a: Corviknight|99/100|[from] item: Leftovers
|upkeep
|turn|9
|
|switch|p1a: Dragapult|Dragapult, M|100/100
|move|p2a: fire|Pyro Ball|p1a: Dragapult
|-resisted|p1a: Dragapult
|-damage|p1a: Dragapult|36/100
|
|upkeep
|turn|10
|
|switch|p1a: Dugtrio|Dugtrio, M|100/100
|switch|p2a: the solution|Sylveon, M|91/100
|
|-heal|p2a: the solution|97/100|[from] item: Leftovers
|upkeep
|turn|11
|
|move|p1a: Dugtrio|Earthquake|p2a: the solution
|-damage|p2a: the solution|42/100
|move|p2a: the solution|Hyper Voice|p1a: Dugtrio
|-damage|p1a: Dugtrio|8/100
|
|-heal|p2a: the solution|48/100|[from] item: Leftovers
|upkeep
|turn|12
|
|move|p2a: the solution|Protect|p2a: the solution
|-singleturn|p2a: the solution|Protect
|move|p1a: Dugtrio|Stealth Rock|p2a: the solution
|-sidestart|p2: Zakkenwasser22|move: Stealth Rock
|
|-heal|p2a: the solution|54/100|[from] item: Leftovers
|upkeep
|turn|13
|
|move|p2a: the solution|Protect||[still]
|-fail|p2a: the solution
|move|p1a: Dugtrio|Earthquake|p2a: the solution
|-damage|p2a: the solution|1/100
|
|-heal|p2a: the solution|7/100|[from] item: Leftovers
|upkeep
|turn|14
|
|move|p1a: Dugtrio|Earthquake|p2a: the solution
|-damage|p2a: the solution|0 fnt
|faint|p2a: the solution
|
|upkeep
|
|switch|p2a: the aftershock|Corviknight, F|100/100
|-damage|p2a: the aftershock|88/100|[from] Stealth Rock
|-ability|p2a: the aftershock|Pressure
|turn|15
|
|switch|p1a: Rotom|Rotom-Mow|80/100
|move|p2a: the aftershock|Defog|p1a: Rotom
|-unboost|p1a: Rotom|evasion|1
|-sideend|p2: Zakkenwasser22|Stealth Rock|[from] move: Defog|[of] p2a: the aftershock
|
|-heal|p1a: Rotom|86/100|[from] item: Leftovers
|-heal|p2a: the aftershock|94/100|[from] item: Leftovers
|upkeep
|turn|16
|
|move|p1a: Rotom|Volt Switch|p2a: the aftershock
|-supereffective|p2a: the aftershock
|-damage|p2a: the aftershock|58/100
|
|switch|p1a: Dragapult|Dragapult, M|36/100|[from]move: Volt Switch
|move|p2a: the aftershock|Roost|p2a: the aftershock
|-heal|p2a: the aftershock|100/100
|-singleturn|p2a: the aftershock|move: Roost
|
|upkeep
|turn|17
|inactive|Zakkenwasser22 has 120 seconds left.
|inactive|Zakkenwasser22 has 90 seconds left.
|
|move|p1a: Dragapult|U-turn|p2a: the aftershock
|-resisted|p2a: the aftershock
|-damage|p2a: the aftershock|97/100
|
|switch|p1a: Toxtricity|Toxtricity, M|100/100|[from]move: U-turn
|move|p2a: the aftershock|Brave Bird|p1a: Toxtricity
|-resisted|p1a: Toxtricity
|-damage|p1a: Toxtricity|72/100
|-damage|p2a: the aftershock|90/100|[from] Recoil
|
|-heal|p1a: Toxtricity|78/100|[from] item: Black Sludge
|-heal|p2a: the aftershock|96/100|[from] item: Leftovers
|upkeep
|turn|18
|
|move|p1a: Toxtricity|Boomburst|p2a: the aftershock
|-resisted|p2a: the aftershock
|-damage|p2a: the aftershock|78/100
|move|p2a: the aftershock|U-turn|p1a: Toxtricity
|-resisted|p1a: Toxtricity
|-damage|p1a: Toxtricity|66/100
|
|switch|p2a: fire|Cinderace, M|100/100|[from]move: U-turn
|
|-heal|p1a: Toxtricity|72/100|[from] item: Black Sludge
|upkeep
|turn|19
|
|switch|p1a: Dugtrio|Dugtrio, M|8/100
|move|p2a: fire|U-turn|p1a: Dugtrio
|-damage|p1a: Dugtrio|0 fnt
|faint|p1a: Dugtrio
|inactive|Zakkenwasser22 has 120 seconds left.
|
|switch|p2a: orange heart|Rotom-Mow|100/100|[from]move: U-turn
|
|upkeep
|inactive|2 quiet has 120 seconds left.
|
|switch|p1a: Toxtricity|Toxtricity, M|72/100
|turn|20
|inactive|2 quiet has 120 seconds left.
|inactive|Zakkenwasser22 has 120 seconds left.
|
|move|p2a: orange heart|Volt Switch|p1a: Toxtricity
|-resisted|p1a: Toxtricity
|-damage|p1a: Toxtricity|48/100
|
|switch|p2a: shallow waters|Seismitoad, F|100/100|[from]move: Volt Switch
|move|p1a: Toxtricity|Sludge Bomb|p2a: shallow waters
|-resisted|p2a: shallow waters
|-damage|p2a: shallow waters|79/100
|-status|p2a: shallow waters|psn
|
|-heal|p1a: Toxtricity|54/100|[from] item: Black Sludge
|-heal|p2a: shallow waters|85/100 psn|[from] item: Leftovers
|-damage|p2a: shallow waters|73/100 psn|[from] psn
|upkeep
|turn|21
|
|switch|p1a: Rotom|Rotom-Mow|86/100
|move|p2a: shallow waters|Stealth Rock|p1a: Rotom
|-sidestart|p1: 2 quiet|move: Stealth Rock
|
|-heal|p1a: Rotom|93/100|[from] item: Leftovers
|-heal|p2a: shallow waters|79/100 psn|[from] item: Leftovers
|-damage|p2a: shallow waters|66/100 psn|[from] psn
|upkeep
|turn|22
|
|move|p1a: Rotom|Volt Switch|p2a: shallow waters
|-immune|p2a: shallow waters
|move|p2a: shallow waters|Toxic|p1a: Rotom
|-status|p1a: Rotom|tox
|
|-heal|p1a: Rotom|99/100 tox|[from] item: Leftovers
|-heal|p2a: shallow waters|72/100 psn|[from] item: Leftovers
|-damage|p1a: Rotom|93/100 tox|[from] psn
|-damage|p2a: shallow waters|60/100 psn|[from] psn
|upkeep
|turn|23
|
|switch|p1a: Corviknight|Corviknight, M|99/100
|-damage|p1a: Corviknight|88/100|[from] Stealth Rock
|-ability|p1a: Corviknight|Pressure
|move|p2a: shallow waters|Scald|p1a: Corviknight
|-damage|p1a: Corviknight|66/100
|-status|p1a: Corviknight|brn
|
|-heal|p2a: shallow waters|66/100 psn|[from] item: Leftovers
|-heal|p1a: Corviknight|72/100 brn|[from] item: Leftovers
|-damage|p2a: shallow waters|54/100 psn|[from] psn
|-damage|p1a: Corviknight|66/100 brn|[from] brn
|upkeep
|turn|24
|
|switch|p2a: fire|Cinderace, M|100/100
|move|p1a: Corviknight|Defog|p2a: fire
|-unboost|p2a: fire|evasion|1
|-sideend|p1: 2 quiet|Stealth Rock|[from] move: Defog|[of] p1a: Corviknight
|
|-heal|p1a: Corviknight|72/100 brn|[from] item: Leftovers
|-damage|p1a: Corviknight|66/100 brn|[from] brn
|upkeep
|turn|25
|
|move|p2a: fire|Pyro Ball|p1a: Corviknight
|-supereffective|p1a: Corviknight
|-damage|p1a: Corviknight|0 fnt
|faint|p1a: Corviknight
|
|upkeep
|
|switch|p1a: Crawdaunt|Crawdaunt, M|100/100
|turn|26
|
|switch|p2a: shallow waters|Seismitoad, F|54/100 psn
|move|p1a: Crawdaunt|Knock Off|p2a: shallow waters
|-damage|p2a: shallow waters|0 fnt
|-enditem|p2a: shallow waters|Leftovers|[from] move: Knock Off|[of] p1a: Crawdaunt
|-damage|p1a: Crawdaunt|91/100|[from] item: Life Orb
|faint|p2a: shallow waters
|
|upkeep
|
|switch|p2a: orange heart|Rotom-Mow|100/100
|turn|27
|
|switch|p1a: Dragapult|Dragapult, M|36/100
|move|p2a: orange heart|Volt Switch|p1a: Dragapult
|-resisted|p1a: Dragapult
|-damage|p1a: Dragapult|13/100
|
|switch|p2a: the aftershock|Corviknight, F|78/100|[from]move: Volt Switch
|-ability|p2a: the aftershock|Pressure
|
|-heal|p2a: the aftershock|84/100|[from] item: Leftovers
|upkeep
|turn|28
|
|switch|p1a: Rotom|Rotom-Mow|93/100 tox
|move|p2a: the aftershock|Brave Bird|p1a: Rotom
|-damage|p1a: Rotom|57/100 tox
|-damage|p2a: the aftershock|75/100|[from] Recoil
|
|-heal|p1a: Rotom|63/100 tox|[from] item: Leftovers
|-heal|p2a: the aftershock|81/100|[from] item: Leftovers
|-damage|p1a: Rotom|57/100 tox|[from] psn
|upkeep
|turn|29
|
|move|p1a: Rotom|Thunderbolt|p2a: the aftershock
|-supereffective|p2a: the aftershock
|-damage|p2a: the aftershock|38/100
|move|p2a: the aftershock|Roost|p2a: the aftershock
|-heal|p2a: the aftershock|88/100
|-singleturn|p2a: the aftershock|move: Roost
|
|-heal|p1a: Rotom|63/100 tox|[from] item: Leftovers
|-heal|p2a: the aftershock|94/100|[from] item: Leftovers
|-damage|p1a: Rotom|50/100 tox|[from] psn
|upkeep
|turn|30
|
|switch|p2a: orange heart|Rotom-Mow|100/100
|move|p1a: Rotom|Volt Switch|p2a: orange heart
|-resisted|p2a: orange heart
|-damage|p2a: orange heart|92/100
|
|switch|p1a: Toxtricity|Toxtricity, M|54/100|[from]move: Volt Switch
|
|-heal|p1a: Toxtricity|60/100|[from] item: Black Sludge
|upkeep
|turn|31
|
|move|p2a: orange heart|Volt Switch|p1a: Toxtricity
|-resisted|p1a: Toxtricity
|-damage|p1a: Toxtricity|36/100
|
|switch|p2a: the aftershock|Corviknight, F|94/100|[from]move: Volt Switch
|-ability|p2a: the aftershock|Pressure
|move|p1a: Toxtricity|Overdrive|p2a: the aftershock
|-supereffective|p2a: the aftershock
|-damage|p2a: the aftershock|27/100
|
|-heal|p1a: Toxtricity|42/100|[from] item: Black Sludge
|-heal|p2a: the aftershock|33/100|[from] item: Leftovers
|upkeep
|turn|32
|
|move|p1a: Toxtricity|Volt Switch|p2a: the aftershock
|-supereffective|p2a: the aftershock
|-damage|p2a: the aftershock|0 fnt
|faint|p2a: the aftershock
|
|switch|p1a: Crawdaunt|Crawdaunt, M|91/100|[from]move: Volt Switch
|
|upkeep
|
|switch|p2a: orange heart|Rotom-Mow|92/100
|turn|33
|
|switch|p1a: Rotom|Rotom-Mow|50/100 tox
|move|p2a: orange heart|Volt Switch|p1a: Rotom
|-resisted|p1a: Rotom
|-damage|p1a: Rotom|43/100 tox
|
|switch|p2a: fire|Cinderace, M|100/100|[from]move: Volt Switch
|
|-heal|p1a: Rotom|49/100 tox|[from] item: Leftovers
|-damage|p1a: Rotom|43/100 tox|[from] psn
|upkeep
|turn|34
|
|move|p2a: fire|U-turn|p1a: Rotom
|-supereffective|p1a: Rotom
|-damage|p1a: Rotom|0 fnt
|faint|p1a: Rotom
|
|switch|p2a: hyperspace|Hydreigon, F|100/100|[from]move: U-turn
|
|upkeep
|
|switch|p1a: Dragapult|Dragapult, M|13/100
|turn|35
|
|move|p1a: Dragapult|Draco Meteor|p2a: hyperspace
|-supereffective|p2a: hyperspace
|-damage|p2a: hyperspace|0 fnt
|-unboost|p1a: Dragapult|spa|2
|faint|p2a: hyperspace
|
|upkeep
|
|switch|p2a: orange heart|Rotom-Mow|92/100
|turn|36
|
|switch|p1a: Toxtricity|Toxtricity, M|42/100
|move|p2a: orange heart|Thunderbolt|p1a: Toxtricity
|-resisted|p1a: Toxtricity
|-damage|p1a: Toxtricity|10/100
|
|-heal|p1a: Toxtricity|16/100|[from] item: Black Sludge
|upkeep
|turn|37
|
|move|p2a: orange heart|Thunderbolt|p1a: Toxtricity
|-resisted|p1a: Toxtricity
|-damage|p1a: Toxtricity|0 fnt
|faint|p1a: Toxtricity
|
|upkeep
|
|switch|p1a: Dragapult|Dragapult, M|13/100
|turn|38
|
|move|p1a: Dragapult|Draco Meteor|p2a: orange heart
|-damage|p2a: orange heart|2/100
|-unboost|p1a: Dragapult|spa|2
|move|p2a: orange heart|Thunderbolt|p1a: Dragapult
|-resisted|p1a: Dragapult
|-damage|p1a: Dragapult|0 fnt
|faint|p1a: Dragapult
|
|upkeep
|
|switch|p1a: Crawdaunt|Crawdaunt, M|91/100
|turn|39
|
|move|p1a: Crawdaunt|Aqua Jet|p2a: orange heart
|-resisted|p2a: orange heart
|-damage|p2a: orange heart|0 fnt
|-damage|p1a: Crawdaunt|81/100|[from] item: Life Orb
|faint|p2a: orange heart
|
|upkeep
|
|switch|p2a: fire|Cinderace, M|100/100
|turn|40
|
|move|p1a: Crawdaunt|Aqua Jet|p2a: fire
|-supereffective|p2a: fire
|-damage|p2a: fire|0 fnt
|-damage|p1a: Crawdaunt|71/100|[from] item: Life Orb
|faint|p2a: fire
|
|win|2 quiet
|l|☆Zakkenwasser22
|raw|2 quiet's rating: 1680 → 1694(+14 for winning)
|raw|Zakkenwasser22's rating: 1577 → 1563(-14 for losing)
|c|☆2 quiet|gg
|c|☆2 quiet|close one
|j| IM A G3NG4R
|l| IM A G3NG4R
|c|☆2 quiet|very enjoyable
