|ScrapeTime|2020-01-01-19:45:08
|j|☆Blastitle
|j|☆Shubway
|player|p1|Blastitle|1|1162
|player|p2|Shubway|169|1159
|teamsize|p1|6
|teamsize|p2|6
|gametype|singles
|gen|8
|tier|[Gen 8] OU
|rated|
|rule|Sleep Clause Mod: Limit one foe put to sleep
|rule|Species Clause: Limit one of each Pokémon
|rule|OHKO Clause: OHKO moves are banned
|rule|Evasion Moves Clause: Evasion moves are banned
|rule|Endless Battle Clause: Forcing endless battles is banned
|rule|HP Percentage Mod: HP is shown in percentages
|clearpoke
|poke|p1|Sandaconda, M|
|poke|p1|Excadrill, M|
|poke|p1|Dragapult, M|
|poke|p1|Toxtricity, F|
|poke|p1|Dracovish|
|poke|p1|Cinderace, F|
|poke|p2|Rapidash-Galar, F|
|poke|p2|Galvantula, M|
|poke|p2|Dracovish|
|poke|p2|Centiskorch, F|
|poke|p2|Corsola-Galar, M|
|poke|p2|Excadrill, F|
|rule|Dynamax Clause: You cannot dynamax
|teampreview
|
|start
|switch|p1a: Sandaconda|Sandaconda, M|100/100
|switch|p2a: Centiskorch|Centiskorch, F|100/100
|turn|1
|
|move|p1a: Sandaconda|Glare|p2a: Centiskorch
|-status|p2a: Centiskorch|par
|cant|p2a: Centiskorch|par
|
|upkeep
|turn|2
|
|move|p1a: Sandaconda|Earthquake|p2a: Centiskorch
|-damage|p2a: Centiskorch|56/100 par
|move|p2a: Centiskorch|Coil|p2a: Centiskorch
|-boost|p2a: Centiskorch|atk|1
|-boost|p2a: Centiskorch|def|1
|-boost|p2a: Centiskorch|accuracy|1
|
|upkeep
|turn|3
|
|move|p1a: Sandaconda|Earthquake|p2a: Centiskorch
|-damage|p2a: Centiskorch|29/100 par
|cant|p2a: Centiskorch|par
|
|upkeep
|turn|4
|
|move|p1a: Sandaconda|Earthquake|p2a: Centiskorch
|-damage|p2a: Centiskorch|0 fnt
|faint|p2a: Centiskorch
|
|upkeep
|
|switch|p2a: Galvantula|Galvantula, M|100/100
|turn|5
|
|move|p2a: Galvantula|Energy Ball|p1a: Sandaconda
|-supereffective|p1a: Sandaconda
|-crit|p1a: Sandaconda
|-damage|p1a: Sandaconda|0 fnt
|-weather|Sandstorm|[from] ability: Sand Spit|[of] p1a: Sandaconda
|faint|p1a: Sandaconda
|
|-weather|Sandstorm|[upkeep]
|-damage|p2a: Galvantula|94/100|[from] Sandstorm
|upkeep
|
|switch|p1a: Excadrill|Excadrill, M|100/100
|turn|6
|
|switch|p2a: Corsola|Corsola-Galar, M|100/100
|move|p1a: Excadrill|Earthquake|p2a: Corsola
|-crit|p2a: Corsola
|-damage|p2a: Corsola|34/100
|
|-weather|Sandstorm|[upkeep]
|-damage|p2a: Corsola|28/100|[from] Sandstorm
|upkeep
|turn|7
|
|move|p1a: Excadrill|Earthquake|p2a: Corsola
|-damage|p2a: Corsola|0 fnt
|-start|p1a: Excadrill|Disable|Earthquake|[from] ability: Cursed Body|[of] p2a: Corsola
|faint|p2a: Corsola
|
|-weather|Sandstorm|[upkeep]
|upkeep
|
|switch|p2a: Excadrill|Excadrill, F|100/100
|-ability|p2a: Excadrill|Mold Breaker
|turn|8
|
|move|p1a: Excadrill|Brick Break|p2a: Excadrill
|-supereffective|p2a: Excadrill
|-damage|p2a: Excadrill|20/100
|move|p2a: Excadrill|Rapid Spin|p1a: Excadrill
|-resisted|p1a: Excadrill
|-damage|p1a: Excadrill|89/100
|-boost|p2a: Excadrill|spe|1
|
|-weather|Sandstorm|[upkeep]
|upkeep
|turn|9
|
|move|p1a: Excadrill|Brick Break|p2a: Excadrill
|-supereffective|p2a: Excadrill
|-damage|p2a: Excadrill|0 fnt
|faint|p2a: Excadrill
|
|-weather|none
|upkeep
|
|switch|p2a: Rapidash|Rapidash-Galar, F|100/100
|turn|10
|
|switch|p2a: Galvantula|Galvantula, M|94/100
|move|p1a: Excadrill|Iron Head|p2a: Galvantula
|-resisted|p2a: Galvantula
|-damage|p2a: Galvantula|54/100
|
|-end|p1a: Excadrill|Disable
|upkeep
|turn|11
|
|move|p2a: Galvantula|Sticky Web|p1a: Excadrill
|-sidestart|p1: Blastitle|move: Sticky Web
|move|p1a: Excadrill|Earthquake|p2a: Galvantula
|-damage|p2a: Galvantula|0 fnt
|faint|p2a: Galvantula
|
|upkeep
|
|switch|p2a: Rapidash|Rapidash-Galar, F|100/100
|turn|12
|
|move|p2a: Rapidash|Mystical Fire|p1a: Excadrill
|-supereffective|p1a: Excadrill
|-damage|p1a: Excadrill|25/100
|-unboost|p1a: Excadrill|spa|1
|-damage|p2a: Rapidash|91/100|[from] item: Life Orb
|move|p1a: Excadrill|Rapid Spin|p2a: Rapidash
|-damage|p2a: Rapidash|55/100
|-sideend|p1: Blastitle|Sticky Web|[from] move: Rapid Spin|[of] p1a: Excadrill
|-boost|p1a: Excadrill|spe|1
|
|upkeep
|turn|13
|
|move|p1a: Excadrill|Iron Head|p2a: Rapidash
|-supereffective|p2a: Rapidash
|-damage|p2a: Rapidash|0 fnt
|faint|p2a: Rapidash
|
|upkeep
|-message|Shubway forfeited.
|
|win|Blastitle
|l|☆Shubway
|raw|Blastitle's rating: 1163 → 1187(+24 for winning)
|raw|Shubway's rating: 1159 → 1134(-25 for losing)
