|ScrapeTime|2020-01-01-20:14:29
|j|☆lhnac
|j|☆SameAsDiscord
|player|p1|lhnac|290|1434
|player|p2|SameAsDiscord|101|1427
|teamsize|p1|6
|teamsize|p2|6
|gametype|singles
|gen|8
|tier|[Gen 8] OU
|rated|
|rule|Sleep Clause Mod: Limit one foe put to sleep
|rule|Species Clause: Limit one of each Pokémon
|rule|OHKO Clause: OHKO moves are banned
|rule|Evasion Moves Clause: Evasion moves are banned
|rule|Endless Battle Clause: Forcing endless battles is banned
|rule|HP Percentage Mod: HP is shown in percentages
|clearpoke
|poke|p1|Toxtricity, F|
|poke|p1|Bisharp, F|
|poke|p1|Gyarados, F|
|poke|p1|Dugtrio, F|
|poke|p1|Conkeldurr, M|
|poke|p1|Toxapex, F|
|poke|p2|Dragapult, M|
|poke|p2|Clefable, M|
|poke|p2|Mandibuzz, F|
|poke|p2|Ferrothorn, M|
|poke|p2|Seismitoad, M|
|poke|p2|Centiskorch, F|
|rule|Dynamax Clause: You cannot dynamax
|teampreview
|
|start
|switch|p1a: Toxtricity|Toxtricity, F|100/100
|switch|p2a: Seismitoad|Seismitoad, M, shiny|100/100
|turn|1
|inactive|Battle timer is ON: inactive players will automatically lose when time's up. (requested by lhnac)
|
|move|p1a: Toxtricity|Boomburst|p2a: Seismitoad
|-damage|p2a: Seismitoad|30/100
|move|p2a: Seismitoad|Earth Power|p1a: Toxtricity
|-supereffective|p1a: Toxtricity
|-damage|p1a: Toxtricity|0 fnt
|faint|p1a: Toxtricity
|
|-heal|p2a: Seismitoad|36/100|[from] item: Leftovers
|upkeep
|c|☆SameAsDiscord|bye
|
|switch|p1a: Gyarados|Gyarados, F|100/100
|turn|2
|
|switch|p2a: Clefable|Clefable, M|100/100
|move|p1a: Gyarados|Dragon Dance|p1a: Gyarados
|-boost|p1a: Gyarados|atk|1
|-boost|p1a: Gyarados|spe|1
|
|upkeep
|turn|3
|
|switch|p1a: Dugtrio|Dugtrio, F|100/100
|move|p2a: Clefable|Thunderbolt|p1a: Dugtrio
|-immune|p1a: Dugtrio
|
|upkeep
|turn|4
|
|move|p1a: Dugtrio|Earthquake|p2a: Clefable
|-damage|p2a: Clefable|47/100
|move|p2a: Clefable|Moonblast|p1a: Dugtrio
|-enditem|p1a: Dugtrio|Focus Sash
|-damage|p1a: Dugtrio|1/100
|
|upkeep
|turn|5
|
|move|p1a: Dugtrio|Earthquake|p2a: Clefable
|-damage|p2a: Clefable|0 fnt
|faint|p2a: Clefable
|
|upkeep
|
|switch|p2a: Dragapult|Dragapult, M|100/100
|turn|6
|
|switch|p1a: Bisharp|Bisharp, F|100/100
|move|p2a: Dragapult|U-turn|p1a: Bisharp
|-damage|p1a: Bisharp|80/100
|
|switch|p2a: Centiskorch|Centiskorch, F|100/100|[from]move: U-turn
|
|-heal|p1a: Bisharp|86/100|[from] item: Leftovers
|upkeep
|turn|7
|
|move|p1a: Bisharp|Throat Chop|p2a: Centiskorch
|-damage|p2a: Centiskorch|41/100
|-start|p2a: Centiskorch|Throat Chop|[silent]
|move|p2a: Centiskorch|Knock Off|p1a: Bisharp
|-resisted|p1a: Bisharp
|-damage|p1a: Bisharp|66/100
|-enditem|p1a: Bisharp|Leftovers|[from] move: Knock Off|[of] p2a: Centiskorch
|
|upkeep
|turn|8
|
|switch|p1a: Dugtrio|Dugtrio, F|1/100
|switch|p2a: Ferrothorn|Ferrothorn, M|100/100
|
|upkeep
|turn|9
|
|move|p1a: Dugtrio|Reversal|p2a: Ferrothorn
|-supereffective|p2a: Ferrothorn
|-damage|p2a: Ferrothorn|37/100
|-damage|p1a: Dugtrio|0 fnt|[from] ability: Iron Barbs|[of] p2a: Ferrothorn
|faint|p1a: Dugtrio
|move|p2a: Ferrothorn|Knock Off|p1: Dugtrio|[notarget]
|-fail|p2a: Ferrothorn
|
|-heal|p2a: Ferrothorn|44/100|[from] item: Leftovers
|upkeep
|
|switch|p1a: Bisharp|Bisharp, F|66/100
|turn|10
|
|move|p1a: Bisharp|Swords Dance|p1a: Bisharp
|-boost|p1a: Bisharp|atk|2
|move|p2a: Ferrothorn|Leech Seed|p1a: Bisharp|[miss]
|-miss|p2a: Ferrothorn|p1a: Bisharp
|
|-heal|p2a: Ferrothorn|50/100|[from] item: Leftovers
|upkeep
|turn|11
|
|move|p1a: Bisharp|Throat Chop|p2a: Ferrothorn
|-damage|p2a: Ferrothorn|2/100
|-damage|p1a: Bisharp|53/100|[from] ability: Iron Barbs|[of] p2a: Ferrothorn
|-start|p2a: Ferrothorn|Throat Chop|[silent]
|move|p2a: Ferrothorn|Knock Off|p1a: Bisharp
|-resisted|p1a: Bisharp
|-damage|p1a: Bisharp|44/100
|
|-heal|p2a: Ferrothorn|8/100|[from] item: Leftovers
|upkeep
|turn|12
|
|move|p1a: Bisharp|Iron Head|p2a: Ferrothorn
|-resisted|p2a: Ferrothorn
|-damage|p2a: Ferrothorn|0 fnt
|-damage|p1a: Bisharp|32/100|[from] ability: Iron Barbs|[of] p2a: Ferrothorn
|faint|p2a: Ferrothorn
|
|upkeep
|
|switch|p2a: Mandibuzz|Mandibuzz, F|100/100
|turn|13
|
|move|p1a: Bisharp|Iron Head|p2a: Mandibuzz
|-damage|p2a: Mandibuzz|47/100
|cant|p2a: Mandibuzz|flinch
|
|upkeep
|turn|14
|c|☆lhnac|bye
|
|switch|p2a: Seismitoad|Seismitoad, M, shiny|36/100
|move|p1a: Bisharp|Iron Head|p2a: Seismitoad
|-resisted|p2a: Seismitoad
|-damage|p2a: Seismitoad|0 fnt
|faint|p2a: Seismitoad
|
|upkeep
|c|☆SameAsDiscord|lucky ass
|inactive|SameAsDiscord has 120 seconds left.
|c|☆SameAsDiscord|if i dont miss leech i win this
|-message|SameAsDiscord forfeited.
|
|win|lhnac
|c|☆lhnac|excuses
|l|☆SameAsDiscord
