|ScrapeTime|2020-01-01-21:35:29
|j|☆Sdrecbhrevtr
|j|☆Sir_Conspect
|player|p1|Sdrecbhrevtr|274|1000
|player|p2|Sir_Conspect|lance|1062
|teamsize|p1|6
|teamsize|p2|6
|gametype|singles
|gen|8
|tier|[Gen 8] OU
|rated|
|rule|Sleep Clause Mod: Limit one foe put to sleep
|rule|Species Clause: Limit one of each Pokémon
|rule|OHKO Clause: OHKO moves are banned
|rule|Evasion Moves Clause: Evasion moves are banned
|rule|Endless Battle Clause: Forcing endless battles is banned
|rule|HP Percentage Mod: HP is shown in percentages
|clearpoke
|poke|p1|Riolu, F|
|poke|p1|Shedinja, L20|
|poke|p1|Morpeko, F|
|poke|p1|Haxorus, F|
|poke|p1|Togekiss, F|
|poke|p1|Ferrothorn, F|
|poke|p2|Aegislash, M|
|poke|p2|Dragapult, F|
|poke|p2|Dracovish|
|poke|p2|Pelipper, F|
|poke|p2|Gastrodon, F|
|poke|p2|Cinderace, M|
|rule|Dynamax Clause: You cannot dynamax
|teampreview
|
|start
|switch|p1a: Shedinja|Shedinja, L20, shiny|100/100
|switch|p2a: Pelipper|Pelipper, F|100/100
|-weather|RainDance|[from] ability: Drizzle|[of] p2a: Pelipper
|turn|1
|
|move|p2a: Pelipper|Tailwind|p2a: Pelipper
|-sidestart|p2: Sir_Conspect|move: Tailwind
|move|p1a: Shedinja|Phantom Force||[still]
|-prepare|p1a: Shedinja|Phantom Force|p2a: Pelipper
|
|-weather|RainDance|[upkeep]
|-damage|p1a: Shedinja|0 fnt|[from] item: Sticky Barb
|faint|p1a: Shedinja
|upkeep
|
|switch|p1a: Riolu|Riolu, F|100/100
|turn|2
|
|move|p1a: Riolu|Copycat|p1a: Riolu
|move|p1a: Riolu|Phantom Force||[from]Copycat|[still]
|-prepare|p1a: Riolu|Phantom Force|p2a: Pelipper
|move|p2a: Pelipper|Air Slash|p1a: Riolu|[miss]
|-miss|p2a: Pelipper|p1a: Riolu
|
|-weather|RainDance|[upkeep]
|upkeep
|turn|3
|
|move|p2a: Pelipper|Knock Off|p1a: Riolu|[miss]
|-miss|p2a: Pelipper|p1a: Riolu
|move|p1a: Riolu|Phantom Force|p2a: Pelipper|[from]lockedmove
|-damage|p2a: Pelipper|78/100
|
|-weather|RainDance|[upkeep]
|upkeep
|turn|4
|
|move|p1a: Riolu|Copycat|p1a: Riolu
|move|p1a: Riolu|Phantom Force||[from]Copycat|[still]
|-prepare|p1a: Riolu|Phantom Force|p2a: Pelipper
|move|p2a: Pelipper|Knock Off|p1a: Riolu|[miss]
|-miss|p2a: Pelipper|p1a: Riolu
|
|-weather|RainDance|[upkeep]
|-sideend|p2: Sir_Conspect|move: Tailwind
|upkeep
|turn|5
|
|move|p2a: Pelipper|Knock Off|p1a: Riolu|[miss]
|-miss|p2a: Pelipper|p1a: Riolu
|move|p1a: Riolu|Phantom Force|p2a: Pelipper|[from]lockedmove
|-damage|p2a: Pelipper|52/100
|
|-weather|RainDance|[upkeep]
|upkeep
|turn|6
|
|move|p1a: Riolu|Copycat|p1a: Riolu
|move|p1a: Riolu|Phantom Force||[from]Copycat|[still]
|-prepare|p1a: Riolu|Phantom Force|p2a: Pelipper
|move|p2a: Pelipper|Knock Off|p1a: Riolu|[miss]
|-miss|p2a: Pelipper|p1a: Riolu
|
|-weather|RainDance|[upkeep]
|upkeep
|turn|7
|
|switch|p2a: Gastrodon|Gastrodon, F|100/100
|move|p1a: Riolu|Phantom Force|p2a: Gastrodon|[from]lockedmove
|-damage|p2a: Gastrodon|80/100
|
|-weather|RainDance|[upkeep]
|-heal|p2a: Gastrodon|86/100|[from] item: Leftovers
|upkeep
|turn|8
|
|move|p1a: Riolu|Copycat|p1a: Riolu
|move|p1a: Riolu|Phantom Force||[from]Copycat|[still]
|-prepare|p1a: Riolu|Phantom Force|p2a: Gastrodon
|move|p2a: Gastrodon|Scald|p1a: Riolu|[miss]
|-miss|p2a: Gastrodon|p1a: Riolu
|
|-weather|none
|-heal|p2a: Gastrodon|92/100|[from] item: Leftovers
|upkeep
|turn|9
|
|move|p2a: Gastrodon|Scald|p1a: Riolu|[miss]
|-miss|p2a: Gastrodon|p1a: Riolu
|move|p1a: Riolu|Phantom Force|p2a: Gastrodon|[from]lockedmove
|-damage|p2a: Gastrodon|72/100
|
|-heal|p2a: Gastrodon|78/100|[from] item: Leftovers
|upkeep
|turn|10
|
|move|p1a: Riolu|Copycat|p1a: Riolu
|move|p1a: Riolu|Phantom Force||[from]Copycat|[still]
|-prepare|p1a: Riolu|Phantom Force|p2a: Gastrodon
|move|p2a: Gastrodon|Scald|p1a: Riolu|[miss]
|-miss|p2a: Gastrodon|p1a: Riolu
|
|-heal|p2a: Gastrodon|84/100|[from] item: Leftovers
|upkeep
|turn|11
|c|☆Sir_Conspect|whats the point?
|
|move|p2a: Gastrodon|Scald|p1a: Riolu|[miss]
|-miss|p2a: Gastrodon|p1a: Riolu
|move|p1a: Riolu|Phantom Force|p2a: Gastrodon|[from]lockedmove
|-damage|p2a: Gastrodon|64/100
|
|-heal|p2a: Gastrodon|70/100|[from] item: Leftovers
|upkeep
|turn|12
|
|move|p1a: Riolu|Copycat|p1a: Riolu
|move|p1a: Riolu|Phantom Force||[from]Copycat|[still]
|-prepare|p1a: Riolu|Phantom Force|p2a: Gastrodon
|move|p2a: Gastrodon|Scald|p1a: Riolu|[miss]
|-miss|p2a: Gastrodon|p1a: Riolu
|
|-heal|p2a: Gastrodon|76/100|[from] item: Leftovers
|upkeep
|turn|13
|
|move|p2a: Gastrodon|Recover|p2a: Gastrodon
|-heal|p2a: Gastrodon|100/100
|move|p1a: Riolu|Phantom Force|p2a: Gastrodon|[from]lockedmove
|-damage|p2a: Gastrodon|80/100
|
|-heal|p2a: Gastrodon|86/100|[from] item: Leftovers
|upkeep
|turn|14
|
|move|p1a: Riolu|Copycat|p1a: Riolu
|move|p1a: Riolu|Phantom Force||[from]Copycat|[still]
|-prepare|p1a: Riolu|Phantom Force|p2a: Gastrodon
|move|p2a: Gastrodon|Sludge Wave|p1a: Riolu|[miss]
|-miss|p2a: Gastrodon|p1a: Riolu
|
|-heal|p2a: Gastrodon|92/100|[from] item: Leftovers
|upkeep
|turn|15
|
|move|p2a: Gastrodon|Sludge Wave|p1a: Riolu|[miss]
|-miss|p2a: Gastrodon|p1a: Riolu
|move|p1a: Riolu|Phantom Force|p2a: Gastrodon|[from]lockedmove
|-damage|p2a: Gastrodon|72/100
|
|-heal|p2a: Gastrodon|78/100|[from] item: Leftovers
|upkeep
|turn|16
|
|move|p1a: Riolu|Copycat|p1a: Riolu
|move|p1a: Riolu|Phantom Force||[from]Copycat|[still]
|-prepare|p1a: Riolu|Phantom Force|p2a: Gastrodon
|move|p2a: Gastrodon|Sludge Wave|p1a: Riolu|[miss]
|-miss|p2a: Gastrodon|p1a: Riolu
|
|-heal|p2a: Gastrodon|84/100|[from] item: Leftovers
|upkeep
|turn|17
|
|move|p2a: Gastrodon|Sludge Wave|p1a: Riolu|[miss]
|-miss|p2a: Gastrodon|p1a: Riolu
|move|p1a: Riolu|Phantom Force|p2a: Gastrodon|[from]lockedmove
|-damage|p2a: Gastrodon|64/100
|
|-heal|p2a: Gastrodon|70/100|[from] item: Leftovers
|upkeep
|turn|18
|
|move|p1a: Riolu|Copycat|p1a: Riolu
|move|p1a: Riolu|Phantom Force||[from]Copycat|[still]
|-prepare|p1a: Riolu|Phantom Force|p2a: Gastrodon
|move|p2a: Gastrodon|Sludge Wave|p1a: Riolu|[miss]
|-miss|p2a: Gastrodon|p1a: Riolu
|
|-heal|p2a: Gastrodon|76/100|[from] item: Leftovers
|upkeep
|turn|19
|
|move|p2a: Gastrodon|Scald|p1a: Riolu|[miss]
|-miss|p2a: Gastrodon|p1a: Riolu
|move|p1a: Riolu|Phantom Force|p2a: Gastrodon|[from]lockedmove
|-damage|p2a: Gastrodon|55/100
|
|-heal|p2a: Gastrodon|61/100|[from] item: Leftovers
|upkeep
|turn|20
|
|move|p1a: Riolu|Copycat|p1a: Riolu
|move|p1a: Riolu|Phantom Force||[from]Copycat|[still]
|-prepare|p1a: Riolu|Phantom Force|p2a: Gastrodon
|move|p2a: Gastrodon|Recover|p2a: Gastrodon
|-heal|p2a: Gastrodon|100/100
|
|upkeep
|turn|21
|
|move|p2a: Gastrodon|Sludge Wave|p1a: Riolu|[miss]
|-miss|p2a: Gastrodon|p1a: Riolu
|move|p1a: Riolu|Phantom Force|p2a: Gastrodon|[from]lockedmove
|-damage|p2a: Gastrodon|82/100
|
|-heal|p2a: Gastrodon|88/100|[from] item: Leftovers
|upkeep
|turn|22
|
|switch|p2a: Aegislash|Aegislash, M|100/100
|move|p1a: Riolu|Copycat|p1a: Riolu
|move|p1a: Riolu|Phantom Force||[from]Copycat|[still]
|-prepare|p1a: Riolu|Phantom Force|p2a: Aegislash
|
|upkeep
|turn|23
|
|move|p2a: Aegislash|King's Shield|p2a: Aegislash
|-singleturn|p2a: Aegislash|Protect
|move|p1a: Riolu|Phantom Force|p2a: Aegislash|[from]lockedmove
|-activate|p2a: Aegislash|move: Phantom Force|[broken]
|-supereffective|p2a: Aegislash
|-damage|p2a: Aegislash|61/100
|
|-heal|p2a: Aegislash|68/100|[from] item: Leftovers
|upkeep
|turn|24
|
|move|p1a: Riolu|Copycat|p1a: Riolu
|move|p1a: Riolu|Phantom Force||[from]Copycat|[still]
|-prepare|p1a: Riolu|Phantom Force|p2a: Aegislash
|-formechange|p2a: Aegislash|Aegislash-Blade||[from] ability: Stance Change
|move|p2a: Aegislash|Flash Cannon|p1a: Riolu|[miss]
|-miss|p2a: Aegislash|p1a: Riolu
|
|-heal|p2a: Aegislash|74/100|[from] item: Leftovers
|upkeep
|turn|25
|
|switch|p2a: Gastrodon|Gastrodon, F|88/100
|move|p1a: Riolu|Phantom Force|p2a: Gastrodon|[from]lockedmove
|-damage|p2a: Gastrodon|70/100
|
|-heal|p2a: Gastrodon|76/100|[from] item: Leftovers
|upkeep
|turn|26
|
|move|p1a: Riolu|Copycat|p1a: Riolu
|move|p1a: Riolu|Phantom Force||[from]Copycat|[still]
|-prepare|p1a: Riolu|Phantom Force|p2a: Gastrodon
|move|p2a: Gastrodon|Scald|p1a: Riolu|[miss]
|-miss|p2a: Gastrodon|p1a: Riolu
|
|-heal|p2a: Gastrodon|82/100|[from] item: Leftovers
|upkeep
|turn|27
|
|move|p2a: Gastrodon|Scald|p1a: Riolu|[miss]
|-miss|p2a: Gastrodon|p1a: Riolu
|move|p1a: Riolu|Phantom Force|p2a: Gastrodon|[from]lockedmove
|-damage|p2a: Gastrodon|63/100
|
|-heal|p2a: Gastrodon|69/100|[from] item: Leftovers
|upkeep
|turn|28
|
|move|p1a: Riolu|Copycat|p1a: Riolu
|move|p1a: Riolu|Phantom Force||[from]Copycat|[still]
|-prepare|p1a: Riolu|Phantom Force|p2a: Gastrodon
|move|p2a: Gastrodon|Scald|p1a: Riolu|[miss]
|-miss|p2a: Gastrodon|p1a: Riolu
|
|-heal|p2a: Gastrodon|75/100|[from] item: Leftovers
|upkeep
|turn|29
|
|move|p2a: Gastrodon|Scald|p1a: Riolu|[miss]
|-miss|p2a: Gastrodon|p1a: Riolu
|move|p1a: Riolu|Phantom Force|p2a: Gastrodon|[from]lockedmove
|-damage|p2a: Gastrodon|53/100
|
|-heal|p2a: Gastrodon|59/100|[from] item: Leftovers
|upkeep
|turn|30
|
|move|p1a: Riolu|Copycat|p1a: Riolu
|move|p1a: Riolu|Phantom Force||[from]Copycat|[still]
|-prepare|p1a: Riolu|Phantom Force|p2a: Gastrodon
|move|p2a: Gastrodon|Recover|p2a: Gastrodon
|-heal|p2a: Gastrodon|100/100
|
|upkeep
|turn|31
|
|move|p2a: Gastrodon|Scald|p1a: Riolu|[miss]
|-miss|p2a: Gastrodon|p1a: Riolu
|move|p1a: Riolu|Phantom Force|p2a: Gastrodon|[from]lockedmove
|-damage|p2a: Gastrodon|80/100
|
|-heal|p2a: Gastrodon|86/100|[from] item: Leftovers
|upkeep
|turn|32
|
|move|p1a: Riolu|Copycat|p1a: Riolu
|move|p1a: Riolu|Phantom Force||[from]Copycat|[still]
|-prepare|p1a: Riolu|Phantom Force|p2a: Gastrodon
|move|p2a: Gastrodon|Scald|p1a: Riolu|[miss]
|-miss|p2a: Gastrodon|p1a: Riolu
|
|-heal|p2a: Gastrodon|92/100|[from] item: Leftovers
|upkeep
|turn|33
|
|move|p2a: Gastrodon|Scald|p1a: Riolu|[miss]
|-miss|p2a: Gastrodon|p1a: Riolu
|move|p1a: Riolu|Phantom Force|p2a: Gastrodon|[from]lockedmove
|-damage|p2a: Gastrodon|72/100
|
|-heal|p2a: Gastrodon|78/100|[from] item: Leftovers
|upkeep
|turn|34
|
|move|p1a: Riolu|Copycat|p1a: Riolu
|move|p1a: Riolu|Phantom Force||[from]Copycat|[still]
|-prepare|p1a: Riolu|Phantom Force|p2a: Gastrodon
|move|p2a: Gastrodon|Scald|p1a: Riolu|[miss]
|-miss|p2a: Gastrodon|p1a: Riolu
|
|-heal|p2a: Gastrodon|85/100|[from] item: Leftovers
|upkeep
|turn|35
|
|move|p2a: Gastrodon|Scald|p1a: Riolu|[miss]
|-miss|p2a: Gastrodon|p1a: Riolu
|move|p1a: Riolu|Phantom Force|p2a: Gastrodon|[from]lockedmove
|-damage|p2a: Gastrodon|64/100
|
|-heal|p2a: Gastrodon|70/100|[from] item: Leftovers
|upkeep
|turn|36
|
|move|p1a: Riolu|Copycat|p1a: Riolu
|move|p1a: Riolu|Phantom Force||[from]Copycat|[still]
|-prepare|p1a: Riolu|Phantom Force|p2a: Gastrodon
|move|p2a: Gastrodon|Recover|p2a: Gastrodon
|-heal|p2a: Gastrodon|100/100
|
|upkeep
|turn|37
|
|move|p2a: Gastrodon|Scald|p1a: Riolu|[miss]
|-miss|p2a: Gastrodon|p1a: Riolu
|move|p1a: Riolu|Phantom Force|p2a: Gastrodon|[from]lockedmove
|-damage|p2a: Gastrodon|80/100
|
|-heal|p2a: Gastrodon|86/100|[from] item: Leftovers
|upkeep
|turn|38
|
|move|p1a: Riolu|Copycat|p1a: Riolu
|move|p1a: Riolu|Phantom Force||[from]Copycat|[still]
|-prepare|p1a: Riolu|Phantom Force|p2a: Gastrodon
|move|p2a: Gastrodon|Sludge Wave|p1a: Riolu|[miss]
|-miss|p2a: Gastrodon|p1a: Riolu
|
|-heal|p2a: Gastrodon|92/100|[from] item: Leftovers
|upkeep
|turn|39
|
|move|p2a: Gastrodon|Sludge Wave|p1a: Riolu|[miss]
|-miss|p2a: Gastrodon|p1a: Riolu
|move|p1a: Riolu|Phantom Force|p2a: Gastrodon|[from]lockedmove
|-damage|p2a: Gastrodon|72/100
|
|-heal|p2a: Gastrodon|78/100|[from] item: Leftovers
|upkeep
|turn|40
|
|move|p1a: Riolu|Copycat|p1a: Riolu
|move|p1a: Riolu|Phantom Force||[from]Copycat|[still]
|-prepare|p1a: Riolu|Phantom Force|p2a: Gastrodon
|move|p2a: Gastrodon|Sludge Wave|p1a: Riolu|[miss]
|-miss|p2a: Gastrodon|p1a: Riolu
|
|-heal|p2a: Gastrodon|84/100|[from] item: Leftovers
|upkeep
|turn|41
|
|move|p2a: Gastrodon|Sludge Wave|p1a: Riolu|[miss]
|-miss|p2a: Gastrodon|p1a: Riolu
|move|p1a: Riolu|Phantom Force|p2a: Gastrodon|[from]lockedmove
|-damage|p2a: Gastrodon|65/100
|
|-heal|p2a: Gastrodon|71/100|[from] item: Leftovers
|upkeep
|turn|42
|
|move|p1a: Riolu|Copycat|p1a: Riolu
|move|p1a: Riolu|Phantom Force||[from]Copycat|[still]
|-prepare|p1a: Riolu|Phantom Force|p2a: Gastrodon
|move|p2a: Gastrodon|Recover|p2a: Gastrodon
|-heal|p2a: Gastrodon|100/100
|
|upkeep
|turn|43
|
|move|p2a: Gastrodon|Ice Beam|p1a: Riolu|[miss]
|-miss|p2a: Gastrodon|p1a: Riolu
|move|p1a: Riolu|Phantom Force|p2a: Gastrodon|[from]lockedmove
|-crit|p2a: Gastrodon
|-damage|p2a: Gastrodon|72/100
|
|-heal|p2a: Gastrodon|78/100|[from] item: Leftovers
|upkeep
|turn|44
|
|move|p1a: Riolu|Copycat|p1a: Riolu
|move|p1a: Riolu|Phantom Force||[from]Copycat|[still]
|-prepare|p1a: Riolu|Phantom Force|p2a: Gastrodon
|move|p2a: Gastrodon|Ice Beam|p1a: Riolu|[miss]
|-miss|p2a: Gastrodon|p1a: Riolu
|
|-heal|p2a: Gastrodon|84/100|[from] item: Leftovers
|upkeep
|turn|45
|
|move|p2a: Gastrodon|Ice Beam|p1a: Riolu|[miss]
|-miss|p2a: Gastrodon|p1a: Riolu
|move|p1a: Riolu|Phantom Force|p2a: Gastrodon|[from]lockedmove
|-damage|p2a: Gastrodon|63/100
|
|-heal|p2a: Gastrodon|69/100|[from] item: Leftovers
|upkeep
|turn|46
|
|move|p1a: Riolu|Copycat|p1a: Riolu
|move|p1a: Riolu|Phantom Force||[from]Copycat|[still]
|-prepare|p1a: Riolu|Phantom Force|p2a: Gastrodon
|move|p2a: Gastrodon|Ice Beam|p1a: Riolu|[miss]
|-miss|p2a: Gastrodon|p1a: Riolu
|
|-heal|p2a: Gastrodon|75/100|[from] item: Leftovers
|upkeep
|turn|47
|
|move|p2a: Gastrodon|Recover|p2a: Gastrodon
|-heal|p2a: Gastrodon|100/100
|move|p1a: Riolu|Phantom Force|p2a: Gastrodon|[from]lockedmove
|-damage|p2a: Gastrodon|82/100
|
|-heal|p2a: Gastrodon|88/100|[from] item: Leftovers
|upkeep
|turn|48
|
|move|p1a: Riolu|Copycat|p1a: Riolu
|move|p1a: Riolu|Phantom Force||[from]Copycat|[still]
|-prepare|p1a: Riolu|Phantom Force|p2a: Gastrodon
|move|p2a: Gastrodon|Ice Beam|p1a: Riolu|[miss]
|-miss|p2a: Gastrodon|p1a: Riolu
|
|-heal|p2a: Gastrodon|94/100|[from] item: Leftovers
|upkeep
|turn|49
|
|move|p2a: Gastrodon|Ice Beam|p1a: Riolu|[miss]
|-miss|p2a: Gastrodon|p1a: Riolu
|move|p1a: Riolu|Phantom Force|p2a: Gastrodon|[from]lockedmove
|-damage|p2a: Gastrodon|76/100
|
|-heal|p2a: Gastrodon|82/100|[from] item: Leftovers
|upkeep
|turn|50
|
|move|p1a: Riolu|Copycat|p1a: Riolu
|move|p1a: Riolu|Phantom Force||[from]Copycat|[still]
|-prepare|p1a: Riolu|Phantom Force|p2a: Gastrodon
|move|p2a: Gastrodon|Ice Beam|p1a: Riolu|[miss]
|-miss|p2a: Gastrodon|p1a: Riolu
|
|-heal|p2a: Gastrodon|88/100|[from] item: Leftovers
|upkeep
|turn|51
|
|move|p2a: Gastrodon|Ice Beam|p1a: Riolu|[miss]
|-miss|p2a: Gastrodon|p1a: Riolu
|move|p1a: Riolu|Phantom Force|p2a: Gastrodon|[from]lockedmove
|-damage|p2a: Gastrodon|67/100
|
|-heal|p2a: Gastrodon|73/100|[from] item: Leftovers
|upkeep
|turn|52
|
|move|p1a: Riolu|Copycat|p1a: Riolu
|move|p1a: Riolu|Phantom Force||[from]Copycat|[still]
|-prepare|p1a: Riolu|Phantom Force|p2a: Gastrodon
|move|p2a: Gastrodon|Ice Beam|p1a: Riolu|[miss]
|-miss|p2a: Gastrodon|p1a: Riolu
|
|-heal|p2a: Gastrodon|79/100|[from] item: Leftovers
|upkeep
|turn|53
|
|move|p2a: Gastrodon|Recover|p2a: Gastrodon
|-heal|p2a: Gastrodon|100/100
|move|p1a: Riolu|Phantom Force|p2a: Gastrodon|[from]lockedmove
|-damage|p2a: Gastrodon|82/100
|
|-heal|p2a: Gastrodon|88/100|[from] item: Leftovers
|upkeep
|turn|54
|
|move|p1a: Riolu|Copycat|p1a: Riolu
|move|p1a: Riolu|Phantom Force||[from]Copycat|[still]
|-prepare|p1a: Riolu|Phantom Force|p2a: Gastrodon
|move|p2a: Gastrodon|Recover|p2a: Gastrodon
|-heal|p2a: Gastrodon|100/100
|
|upkeep
|turn|55
|
|move|p2a: Gastrodon|Ice Beam|p1a: Riolu|[miss]
|-miss|p2a: Gastrodon|p1a: Riolu
|move|p1a: Riolu|Phantom Force|p2a: Gastrodon|[from]lockedmove
|-damage|p2a: Gastrodon|81/100
|
|-heal|p2a: Gastrodon|88/100|[from] item: Leftovers
|upkeep
|turn|56
|
|move|p1a: Riolu|Copycat|p1a: Riolu
|move|p1a: Riolu|Phantom Force||[from]Copycat|[still]
|-prepare|p1a: Riolu|Phantom Force|p2a: Gastrodon
|move|p2a: Gastrodon|Ice Beam|p1a: Riolu|[miss]
|-miss|p2a: Gastrodon|p1a: Riolu
|
|-heal|p2a: Gastrodon|94/100|[from] item: Leftovers
|upkeep
|turn|57
|
|move|p2a: Gastrodon|Ice Beam|p1a: Riolu|[miss]
|-miss|p2a: Gastrodon|p1a: Riolu
|move|p1a: Riolu|Phantom Force|p2a: Gastrodon|[from]lockedmove
|-damage|p2a: Gastrodon|75/100
|
|-heal|p2a: Gastrodon|81/100|[from] item: Leftovers
|upkeep
|turn|58
|
|move|p1a: Riolu|Copycat|p1a: Riolu
|move|p1a: Riolu|Phantom Force||[from]Copycat|[still]
|-prepare|p1a: Riolu|Phantom Force|p2a: Gastrodon
|move|p2a: Gastrodon|Ice Beam|p1a: Riolu|[miss]
|-miss|p2a: Gastrodon|p1a: Riolu
|
|-heal|p2a: Gastrodon|87/100|[from] item: Leftovers
|upkeep
|turn|59
|
|move|p2a: Gastrodon|Recover|p2a: Gastrodon
|-heal|p2a: Gastrodon|100/100
|move|p1a: Riolu|Phantom Force|p2a: Gastrodon|[from]lockedmove
|-damage|p2a: Gastrodon|81/100
|
|-heal|p2a: Gastrodon|87/100|[from] item: Leftovers
|upkeep
|turn|60
|
|move|p1a: Riolu|Copycat|p1a: Riolu
|move|p1a: Riolu|Phantom Force||[from]Copycat|[still]
|-prepare|p1a: Riolu|Phantom Force|p2a: Gastrodon
|move|p2a: Gastrodon|Recover|p2a: Gastrodon
|-heal|p2a: Gastrodon|100/100
|
|upkeep
|turn|61
|
|move|p2a: Gastrodon|Ice Beam|p1a: Riolu|[miss]
|-miss|p2a: Gastrodon|p1a: Riolu
|move|p1a: Riolu|Phantom Force|p2a: Gastrodon|[from]lockedmove
|-damage|p2a: Gastrodon|80/100
|
|-heal|p2a: Gastrodon|86/100|[from] item: Leftovers
|upkeep
|turn|62
|
|move|p1a: Riolu|Copycat|p1a: Riolu
|move|p1a: Riolu|Phantom Force||[from]Copycat|[still]
|-prepare|p1a: Riolu|Phantom Force|p2a: Gastrodon
|move|p2a: Gastrodon|Ice Beam|p1a: Riolu|[miss]
|-miss|p2a: Gastrodon|p1a: Riolu
|
|-heal|p2a: Gastrodon|92/100|[from] item: Leftovers
|upkeep
|turn|63
|
|move|p2a: Gastrodon|Ice Beam|p1a: Riolu|[miss]
|-miss|p2a: Gastrodon|p1a: Riolu
|move|p1a: Riolu|Phantom Force|p2a: Gastrodon|[from]lockedmove
|-damage|p2a: Gastrodon|72/100
|
|-heal|p2a: Gastrodon|78/100|[from] item: Leftovers
|upkeep
|turn|64
|
|move|p1a: Riolu|Copycat|p1a: Riolu
|move|p1a: Riolu|Phantom Force||[from]Copycat|[still]
|-prepare|p1a: Riolu|Phantom Force|p2a: Gastrodon
|move|p2a: Gastrodon|Scald|p1a: Riolu|[miss]
|-miss|p2a: Gastrodon|p1a: Riolu
|
|-heal|p2a: Gastrodon|84/100|[from] item: Leftovers
|upkeep
|turn|65
|
|move|p2a: Gastrodon|Scald|p1a: Riolu|[miss]
|-miss|p2a: Gastrodon|p1a: Riolu
|move|p1a: Riolu|Phantom Force|p2a: Gastrodon|[from]lockedmove
|-damage|p2a: Gastrodon|64/100
|
|-heal|p2a: Gastrodon|70/100|[from] item: Leftovers
|upkeep
|turn|66
|
|move|p1a: Riolu|Substitute|p1a: Riolu
|-start|p1a: Riolu|Substitute
|-damage|p1a: Riolu|76/100
|move|p2a: Gastrodon|Scald|p1a: Riolu
|-end|p1a: Riolu|Substitute
|
|-heal|p2a: Gastrodon|76/100|[from] item: Leftovers
|upkeep
|turn|67
|
|move|p2a: Gastrodon|Scald|p1a: Riolu
|-damage|p1a: Riolu|9/100
|move|p1a: Riolu|Dig||[still]
|-prepare|p1a: Riolu|Dig|p2a: Gastrodon
|
|-heal|p2a: Gastrodon|82/100|[from] item: Leftovers
|upkeep
|turn|68
|
|move|p2a: Gastrodon|Scald|p1a: Riolu|[miss]
|-miss|p2a: Gastrodon|p1a: Riolu
|move|p1a: Riolu|Dig|p2a: Gastrodon|[from]lockedmove
|-damage|p2a: Gastrodon|65/100
|
|-heal|p2a: Gastrodon|71/100|[from] item: Leftovers
|upkeep
|turn|69
|
|move|p2a: Gastrodon|Scald|p1a: Riolu
|-damage|p1a: Riolu|0 fnt
|faint|p1a: Riolu
|
|-heal|p2a: Gastrodon|77/100|[from] item: Leftovers
|upkeep
|c|☆Sir_Conspect|ez
|
|switch|p1a: Haxorus|Haxorus, F|100/100
|-ability|p1a: Haxorus|Mold Breaker
|turn|70
|
|move|p1a: Haxorus|Dragon Dance|p1a: Haxorus
|-boost|p1a: Haxorus|atk|1
|-boost|p1a: Haxorus|spe|1
|move|p2a: Gastrodon|Scald|p1a: Haxorus
|-resisted|p1a: Haxorus
|-damage|p1a: Haxorus|81/100
|
|-heal|p2a: Gastrodon|83/100|[from] item: Leftovers
|upkeep
|turn|71
|
|move|p1a: Haxorus|Dragon Dance|p1a: Haxorus
|-boost|p1a: Haxorus|atk|1
|-boost|p1a: Haxorus|spe|1
|move|p2a: Gastrodon|Scald|p1a: Haxorus
|-resisted|p1a: Haxorus
|-damage|p1a: Haxorus|61/100
|
|-heal|p2a: Gastrodon|89/100|[from] item: Leftovers
|upkeep
|turn|72
|
|move|p1a: Haxorus|Dragon Dance|p1a: Haxorus
|-boost|p1a: Haxorus|atk|1
|-boost|p1a: Haxorus|spe|1
|move|p2a: Gastrodon|Sludge Wave|p1a: Haxorus
|-damage|p1a: Haxorus|31/100
|
|-heal|p2a: Gastrodon|96/100|[from] item: Leftovers
|upkeep
|turn|73
|
|move|p1a: Haxorus|Outrage|p2a: Gastrodon
|-damage|p2a: Gastrodon|0 fnt
|faint|p2a: Gastrodon
|
|upkeep
|
|switch|p2a: Aegislash|Aegislash, M|74/100
|turn|74
|
|move|p2a: Aegislash|King's Shield|p2a: Aegislash
|-singleturn|p2a: Aegislash|Protect
|move|p1a: Haxorus|Outrage|p2a: Aegislash|[from]lockedmove
|-activate|p2a: Aegislash|move: Protect
|-unboost|p1a: Haxorus|atk|1
|
|-heal|p2a: Aegislash|80/100|[from] item: Leftovers
|upkeep
|turn|75
|
|move|p1a: Haxorus|Outrage|p2a: Aegislash
|-resisted|p2a: Aegislash
|-damage|p2a: Aegislash|21/100
|move|p2a: Aegislash|Substitute|p2a: Aegislash
|-fail|p2a: Aegislash|move: Substitute|[weak]
|
|-heal|p2a: Aegislash|27/100|[from] item: Leftovers
|upkeep
|turn|76
|
|move|p2a: Aegislash|King's Shield|p2a: Aegislash
|-singleturn|p2a: Aegislash|Protect
|move|p1a: Haxorus|Outrage|p2a: Aegislash|[from]lockedmove
|-activate|p2a: Aegislash|move: Protect
|-unboost|p1a: Haxorus|atk|1
|-start|p1a: Haxorus|confusion|[fatigue]
|-enditem|p1a: Haxorus|Lum Berry|[eat]
|-end|p1a: Haxorus|confusion
|
|-heal|p2a: Aegislash|33/100|[from] item: Leftovers
|upkeep
|turn|77
|
|switch|p2a: Pelipper|Pelipper, F|52/100
|-weather|RainDance|[from] ability: Drizzle|[of] p2a: Pelipper
|move|p1a: Haxorus|Outrage|p2a: Pelipper
|-damage|p2a: Pelipper|0 fnt
|faint|p2a: Pelipper
|
|-weather|RainDance|[upkeep]
|upkeep
|
|switch|p2a: Dracovish|Dracovish|100/100
|turn|78
|
|move|p1a: Haxorus|Outrage|p2a: Dracovish|[from]lockedmove
|-supereffective|p2a: Dracovish
|-damage|p2a: Dracovish|0 fnt
|faint|p2a: Dracovish
|
|-weather|RainDance|[upkeep]
|upkeep
|
|switch|p2a: Aegislash|Aegislash, M|33/100
|turn|79
|
|move|p2a: Aegislash|King's Shield|p2a: Aegislash
|-singleturn|p2a: Aegislash|Protect
|move|p1a: Haxorus|Outrage|p2a: Aegislash|[from]lockedmove
|-activate|p2a: Aegislash|move: Protect
|-unboost|p1a: Haxorus|atk|1
|-start|p1a: Haxorus|confusion|[fatigue]
|
|-weather|RainDance|[upkeep]
|-heal|p2a: Aegislash|39/100|[from] item: Leftovers
|upkeep
|turn|80
|
|-activate|p1a: Haxorus|confusion
|-damage|p1a: Haxorus|9/100|[from] confusion
|move|p2a: Aegislash|Substitute|p2a: Aegislash
|-start|p2a: Aegislash|Substitute
|-damage|p2a: Aegislash|14/100
|
|-weather|RainDance|[upkeep]
|-heal|p2a: Aegislash|20/100|[from] item: Leftovers
|upkeep
|turn|81
|
|-activate|p1a: Haxorus|confusion
|move|p1a: Haxorus|Outrage|p2a: Aegislash
|-resisted|p2a: Aegislash
|-end|p2a: Aegislash|Substitute
|-formechange|p2a: Aegislash|Aegislash-Blade||[from] ability: Stance Change
|move|p2a: Aegislash|Flash Cannon|p1a: Haxorus
|-damage|p1a: Haxorus|0 fnt
|faint|p1a: Haxorus
|
|-weather|RainDance|[upkeep]
|-heal|p2a: Aegislash|27/100|[from] item: Leftovers
|upkeep
|
|switch|p1a: Morpeko|Morpeko, F|100/100
|turn|82
|
|move|p1a: Morpeko|Protect|p1a: Morpeko
|-singleturn|p1a: Morpeko|Protect
|move|p2a: Aegislash|Flash Cannon|p1a: Morpeko
|-activate|p1a: Morpeko|move: Protect
|
|-weather|RainDance|[upkeep]
|-heal|p2a: Aegislash|33/100|[from] item: Leftovers
|-formechange|p1a: Morpeko|Morpeko-Hangry||[from] ability: Hunger Switch
|upkeep
|turn|83
|
|-formechange|p2a: Aegislash|Aegislash||[from] ability: Stance Change
|move|p2a: Aegislash|King's Shield|p2a: Aegislash
|-singleturn|p2a: Aegislash|Protect
|move|p1a: Morpeko|Aura Wheel|p2a: Aegislash
|-activate|p2a: Aegislash|move: Protect
|
|-weather|RainDance|[upkeep]
|-heal|p2a: Aegislash|39/100|[from] item: Leftovers
|-formechange|p1a: Morpeko|Morpeko||[from] ability: Hunger Switch
|upkeep
|turn|84
|
|move|p1a: Morpeko|Protect|p1a: Morpeko
|-singleturn|p1a: Morpeko|Protect
|move|p2a: Aegislash|Substitute|p2a: Aegislash
|-start|p2a: Aegislash|Substitute
|-damage|p2a: Aegislash|14/100
|
|-weather|none
|-heal|p2a: Aegislash|20/100|[from] item: Leftovers
|-formechange|p1a: Morpeko|Morpeko-Hangry||[from] ability: Hunger Switch
|upkeep
|turn|85
|
|move|p1a: Morpeko|Aura Wheel|p2a: Aegislash
|-supereffective|p2a: Aegislash
|-end|p2a: Aegislash|Substitute
|-boost|p1a: Morpeko|spe|1
|-formechange|p2a: Aegislash|Aegislash-Blade||[from] ability: Stance Change
|move|p2a: Aegislash|Flash Cannon|p1a: Morpeko
|-resisted|p1a: Morpeko
|-damage|p1a: Morpeko|56/100
|
|-heal|p2a: Aegislash|26/100|[from] item: Leftovers
|-formechange|p1a: Morpeko|Morpeko||[from] ability: Hunger Switch
|upkeep
|turn|86
|
|move|p1a: Morpeko|Aura Wheel|p2a: Aegislash
|-damage|p2a: Aegislash|0 fnt
|-boost|p1a: Morpeko|spe|1
|faint|p2a: Aegislash
|
|-formechange|p1a: Morpeko|Morpeko-Hangry||[from] ability: Hunger Switch
|upkeep
|
|switch|p2a: MagicianRed|Cinderace, M|100/100
|turn|87
|
|move|p1a: Morpeko|Aura Wheel|p2a: MagicianRed
|-damage|p2a: MagicianRed|27/100
|-boost|p1a: Morpeko|spe|1
|move|p2a: MagicianRed|Pyro Ball|p1a: Morpeko
|-damage|p1a: Morpeko|0 fnt
|faint|p1a: Morpeko
|
|upkeep
|
|switch|p1a: Togekiss|Togekiss, F|100/100
|turn|88
|
|move|p2a: MagicianRed|Pyro Ball|p1a: Togekiss
|-damage|p1a: Togekiss|17/100
|move|p1a: Togekiss|Air Slash|p2a: MagicianRed
|-damage|p2a: MagicianRed|0 fnt
|faint|p2a: MagicianRed
|
|-heal|p1a: Togekiss|23/100|[from] item: Leftovers
|upkeep
|
|switch|p2a: Dragapult|Dragapult, F|100/100
|turn|89
|
|move|p2a: Dragapult|Sucker Punch||[still]
|-fail|p2a: Dragapult
|move|p1a: Togekiss|Morning Sun|p1a: Togekiss
|-heal|p1a: Togekiss|73/100
|
|-heal|p1a: Togekiss|79/100|[from] item: Leftovers
|upkeep
|turn|90
|
|move|p2a: Dragapult|Dragon Dance|p2a: Dragapult
|-boost|p2a: Dragapult|atk|1
|-boost|p2a: Dragapult|spe|1
|move|p1a: Togekiss|Thunder Wave|p2a: Dragapult
|-status|p2a: Dragapult|par
|
|-heal|p1a: Togekiss|85/100|[from] item: Leftovers
|upkeep
|turn|91
|
|move|p2a: Dragapult|Dragon Dance|p2a: Dragapult
|-boost|p2a: Dragapult|atk|1
|-boost|p2a: Dragapult|spe|1
|move|p1a: Togekiss|Air Slash|p2a: Dragapult
|-damage|p2a: Dragapult|59/100 par
|
|-heal|p1a: Togekiss|91/100|[from] item: Leftovers
|upkeep
|turn|92
|
|move|p2a: Dragapult|Dragon Dance|p2a: Dragapult
|-boost|p2a: Dragapult|atk|1
|-boost|p2a: Dragapult|spe|1
|move|p1a: Togekiss|Air Slash|p2a: Dragapult
|-damage|p2a: Dragapult|17/100 par
|
|-heal|p1a: Togekiss|98/100|[from] item: Leftovers
|upkeep
|turn|93
|-message|Sir_Conspect forfeited.
|
|win|Sdrecbhrevtr
|l|☆Sir_Conspect
|raw|Sdrecbhrevtr's rating: 1043 → 1077(+34 for winning)
|raw|Sir_Conspect's rating: 1045 → 1028(-17 for losing)
