|ScrapeTime|2020-01-01-09:55:39
|j|☆Quei
|j|☆Vileshroomer
|player|p1|Quei|cress|1338
|player|p2|Vileshroomer|101|1292
|teamsize|p1|6
|teamsize|p2|6
|gametype|singles
|gen|8
|tier|[Gen 8] OU
|rated|
|rule|Sleep Clause Mod: Limit one foe put to sleep
|rule|Species Clause: Limit one of each Pokémon
|rule|OHKO Clause: OHKO moves are banned
|rule|Evasion Moves Clause: Evasion moves are banned
|rule|Endless Battle Clause: Forcing endless battles is banned
|rule|HP Percentage Mod: HP is shown in percentages
|clearpoke
|poke|p1|Bisharp, M|
|poke|p1|Dragapult, M|
|poke|p1|Dracovish|
|poke|p1|Ferrothorn, M|
|poke|p1|Toxtricity, F|
|poke|p1|Cloyster, M|
|poke|p2|Sylveon, F|
|poke|p2|Mandibuzz, F|
|poke|p2|Dugtrio, F|
|poke|p2|Arcanine, F|
|poke|p2|Seismitoad, F|
|poke|p2|Hydreigon, F|
|rule|Dynamax Clause: You cannot dynamax
|teampreview
|inactive|Battle timer is ON: inactive players will automatically lose when time's up. (requested by Quei)
|
|start
|switch|p1a: Cloyster|Cloyster, M|100/100
|switch|p2a: Arcanine|Arcanine, F|100/100
|-ability|p2a: Arcanine|Intimidate|boost
|-unboost|p1a: Cloyster|atk|1
|-enditem|p1a: Cloyster|White Herb
|-clearnegativeboost|p1a: Cloyster|[silent]
|turn|1
|l|☆Quei
|inactive|Quei disconnected and has a minute to reconnect!
|player|p1|
|j|☆Quei
|inactive|Quei reconnected and has 130 seconds left.
|player|p1|Quei|cress
|
|move|p1a: Cloyster|Shell Smash|p1a: Cloyster
|-unboost|p1a: Cloyster|def|1
|-unboost|p1a: Cloyster|spd|1
|-boost|p1a: Cloyster|atk|2
|-boost|p1a: Cloyster|spa|2
|-boost|p1a: Cloyster|spe|2
|move|p2a: Arcanine|Will-O-Wisp|p1a: Cloyster
|-status|p1a: Cloyster|brn
|
|-damage|p1a: Cloyster|94/100 brn|[from] brn
|upkeep
|turn|2
|
|move|p1a: Cloyster|Shell Smash|p1a: Cloyster
|-unboost|p1a: Cloyster|def|1
|-unboost|p1a: Cloyster|spd|1
|-boost|p1a: Cloyster|atk|2
|-boost|p1a: Cloyster|spa|2
|-boost|p1a: Cloyster|spe|2
|move|p2a: Arcanine|Flare Blitz|p1a: Cloyster
|-damage|p1a: Cloyster|14/100 brn
|-damage|p2a: Arcanine|84/100|[from] Recoil
|
|-heal|p2a: Arcanine|90/100|[from] item: Leftovers
|-damage|p1a: Cloyster|8/100 brn|[from] brn
|upkeep
|turn|3
|
|move|p2a: Arcanine|Extreme Speed|p1a: Cloyster
|-damage|p1a: Cloyster|0 fnt
|faint|p1a: Cloyster
|
|-heal|p2a: Arcanine|96/100|[from] item: Leftovers
|upkeep
|
|switch|p1a: Dracovish|Dracovish|100/100
|turn|4
|
|switch|p1a: Dragapult|Dragapult, M|100/100
|switch|p2a: Seismitoad|Seismitoad, F, shiny|100/100
|
|upkeep
|turn|5
|
|switch|p1a: Ferrothorn|Ferrothorn, M|100/100
|switch|p2a: Sylveon|Sylveon, F, shiny|100/100
|
|upkeep
|turn|6
|
|move|p2a: Sylveon|Mystical Fire|p1a: Ferrothorn
|-supereffective|p1a: Ferrothorn
|-damage|p1a: Ferrothorn|33/100
|-unboost|p1a: Ferrothorn|spa|1
|move|p1a: Ferrothorn|Thunder Wave|p2a: Sylveon
|-status|p2a: Sylveon|par
|
|-heal|p1a: Ferrothorn|40/100|[from] item: Leftovers
|upkeep
|turn|7
|
|switch|p1a: Dracovish|Dracovish|100/100
|move|p2a: Sylveon|Hyper Voice|p1a: Dracovish
|-supereffective|p1a: Dracovish
|-damage|p1a: Dracovish|0 fnt
|faint|p1a: Dracovish
|
|upkeep
|-message|Quei forfeited.
|
|win|Vileshroomer
|l|☆Quei
|raw|Quei's rating: 1338 → 1315(-23 for losing)
|raw|Vileshroomer's rating: 1292 → 1320(+28 for winning)
