|ScrapeTime|2020-01-01-17:54:53
|j|☆NomAlakon
|j|☆pilonchass
|player|p1|NomAlakon|flannery|1054
|player|p2|pilonchass|janitor|1069
|teamsize|p1|6
|teamsize|p2|6
|gametype|singles
|gen|8
|tier|[Gen 8] OU
|rated|
|rule|Sleep Clause Mod: Limit one foe put to sleep
|rule|Species Clause: Limit one of each Pokémon
|rule|OHKO Clause: OHKO moves are banned
|rule|Evasion Moves Clause: Evasion moves are banned
|rule|Endless Battle Clause: Forcing endless battles is banned
|rule|HP Percentage Mod: HP is shown in percentages
|clearpoke
|poke|p1|Abomasnow, F|
|poke|p1|Gigalith, F|
|poke|p1|Dracovish|
|poke|p1|Garbodor, F|
|poke|p1|Corsola-Galar, M|
|poke|p1|Centiskorch, M|
|poke|p2|Mimikyu, M|
|poke|p2|Type: Null|
|poke|p2|Araquanid, F|
|poke|p2|Conkeldurr, M|
|poke|p2|Dragapult, F|
|poke|p2|Ditto|
|rule|Dynamax Clause: You cannot dynamax
|teampreview
|
|start
|switch|p1a: Garbodor|Garbodor, F|100/100
|switch|p2a: Conkeldurr|Conkeldurr, M|100/100
|turn|1
|
|move|p1a: Garbodor|Toxic Spikes|p2a: Conkeldurr
|-sidestart|p2: pilonchass|move: Toxic Spikes
|move|p2a: Conkeldurr|High Horsepower|p1a: Garbodor
|-supereffective|p1a: Garbodor
|-damage|p1a: Garbodor|26/100
|
|upkeep
|turn|2
|
|move|p2a: Conkeldurr|Mach Punch|p1a: Garbodor
|-resisted|p1a: Garbodor
|-damage|p1a: Garbodor|15/100
|move|p1a: Garbodor|Toxic|p2a: Conkeldurr
|-status|p2a: Conkeldurr|tox
|
|-damage|p2a: Conkeldurr|94/100 tox|[from] psn
|upkeep
|turn|3
|
|move|p2a: Conkeldurr|Mach Punch|p1a: Garbodor
|-resisted|p1a: Garbodor
|-damage|p1a: Garbodor|0 fnt
|faint|p1a: Garbodor
|
|-damage|p2a: Conkeldurr|82/100 tox|[from] psn
|upkeep
|
|switch|p1a: Corsola|Corsola-Galar, M|100/100
|turn|4
|
|switch|p2a: Ditto|Ditto|100/100
|-status|p2a: Ditto|psn
|-transform|p2a: Ditto|p1a: Corsola|[from] ability: Imposter
|move|p1a: Corsola|Strength Sap|p2a: Ditto
|-unboost|p2a: Ditto|atk|1
|
|-damage|p2a: Ditto|88/100 psn|[from] psn
|upkeep
|turn|5
|
|move|p2a: Ditto|Will-O-Wisp|p1a: Corsola
|-status|p1a: Corsola|brn
|move|p1a: Corsola|Hex|p2a: Ditto
|-supereffective|p2a: Ditto
|-damage|p2a: Ditto|2/100 psn
|
|-damage|p1a: Corsola|94/100 brn|[from] brn
|-damage|p2a: Ditto|0 fnt|[from] psn
|faint|p2a: Ditto
|upkeep
|
|switch|p2a: Type: Null|Type: Null|100/100
|-status|p2a: Type: Null|psn
|turn|6
|
|move|p1a: Corsola|Strength Sap|p2a: Type: Null
|-unboost|p2a: Type: Null|atk|1
|-heal|p1a: Corsola|100/100 brn
|move|p2a: Type: Null|Metal Sound|p1a: Corsola
|-unboost|p1a: Corsola|spd|2
|
|-damage|p1a: Corsola|94/100 brn|[from] brn
|-damage|p2a: Type: Null|88/100 psn|[from] psn
|upkeep
|turn|7
|
|move|p1a: Corsola|Strength Sap|p2a: Type: Null
|-unboost|p2a: Type: Null|atk|1
|-heal|p1a: Corsola|100/100 brn
|move|p2a: Type: Null|Air Slash|p1a: Corsola
|-damage|p1a: Corsola|60/100 brn
|
|-damage|p1a: Corsola|53/100 brn|[from] brn
|-damage|p2a: Type: Null|76/100 psn|[from] psn
|upkeep
|turn|8
|
|move|p1a: Corsola|Strength Sap|p2a: Type: Null
|-unboost|p2a: Type: Null|atk|1
|-heal|p1a: Corsola|87/100 brn
|move|p2a: Type: Null|Metal Sound|p1a: Corsola
|-unboost|p1a: Corsola|spd|2
|
|-damage|p1a: Corsola|81/100 brn|[from] brn
|-damage|p2a: Type: Null|64/100 psn|[from] psn
|upkeep
|turn|9
|
|switch|p1a: Gigalith|Gigalith, F|100/100
|move|p2a: Type: Null|Air Slash|p1a: Gigalith
|-resisted|p1a: Gigalith
|-damage|p1a: Gigalith|88/100
|
|-damage|p2a: Type: Null|51/100 psn|[from] psn
|upkeep
|turn|10
|
|move|p2a: Type: Null|Tri Attack|p1a: Gigalith
|-resisted|p1a: Gigalith
|-damage|p1a: Gigalith|65/100
|move|p1a: Gigalith|Stealth Rock|p2a: Type: Null
|-sidestart|p2: pilonchass|move: Stealth Rock
|
|-damage|p2a: Type: Null|39/100 psn|[from] psn
|upkeep
|turn|11
|
|move|p2a: Type: Null|Tri Attack|p1a: Gigalith
|-resisted|p1a: Gigalith
|-damage|p1a: Gigalith|45/100
|move|p1a: Gigalith|Body Press|p2a: Type: Null
|-supereffective|p2a: Type: Null
|-damage|p2a: Type: Null|0 fnt
|faint|p2a: Type: Null
|
|upkeep
|
|switch|p2a: Conkeldurr|Conkeldurr, M|82/100 tox
|-damage|p2a: Conkeldurr|76/100 tox|[from] Stealth Rock
|turn|12
|
|move|p1a: Gigalith|Protect|p1a: Gigalith
|-singleturn|p1a: Gigalith|Protect
|move|p2a: Conkeldurr|High Horsepower|p1a: Gigalith
|-activate|p1a: Gigalith|move: Protect
|
|-damage|p2a: Conkeldurr|70/100 tox|[from] psn
|upkeep
|turn|13
|
|switch|p1a: Corsola|Corsola-Galar, M|81/100 brn
|move|p2a: Conkeldurr|Drain Punch|p1a: Corsola
|-immune|p1a: Corsola
|
|-damage|p1a: Corsola|74/100 brn|[from] brn
|-damage|p2a: Conkeldurr|58/100 tox|[from] psn
|upkeep
|turn|14
|-message|pilonchass forfeited.
|
|win|NomAlakon
|l|☆pilonchass
|raw|NomAlakon's rating: 1054 → 1085(+31 for winning)
|raw|pilonchass's rating: 1051 → 1033(-18 for losing)
