|ScrapeTime|2020-01-02-07:45:45
|j|☆Abelonche21
|j|☆XHtishen
|player|p1|Abelonche21|2|1391
|player|p2|XHtishen|lady-gen4|1408
|teamsize|p1|6
|teamsize|p2|6
|gametype|singles
|gen|8
|tier|[Gen 8] OU
|rated|
|rule|Sleep Clause Mod: Limit one foe put to sleep
|rule|Species Clause: Limit one of each Pokémon
|rule|OHKO Clause: OHKO moves are banned
|rule|Evasion Moves Clause: Evasion moves are banned
|rule|Endless Battle Clause: Forcing endless battles is banned
|rule|HP Percentage Mod: HP is shown in percentages
|clearpoke
|poke|p1|Dracovish|
|poke|p1|Pelipper, M|
|poke|p1|Ferrothorn, M|
|poke|p1|Crawdaunt, M|
|poke|p1|Seismitoad, F|
|poke|p1|Dragapult, M|
|poke|p2|Aegislash, F|
|poke|p2|Clefable, M|
|poke|p2|Cinderace, M|
|poke|p2|Excadrill, M|
|poke|p2|Dracozolt|
|poke|p2|Ludicolo, F|
|rule|Dynamax Clause: You cannot dynamax
|teampreview
|inactive|Battle timer is ON: inactive players will automatically lose when time's up. (requested by Abelonche21)
|
|start
|switch|p1a: Seismitoad|Seismitoad, F|100/100
|switch|p2a: Clefable|Clefable, M|100/100
|turn|1
|
|move|p1a: Seismitoad|Stealth Rock|p2a: Clefable
|-sidestart|p2: XHtishen|move: Stealth Rock
|move|p2a: Clefable|Moonblast|p1a: Seismitoad
|-damage|p1a: Seismitoad|28/100
|
|upkeep
|turn|2
|
|switch|p1a: Pelipper|Pelipper, M|100/100
|-weather|RainDance|[from] ability: Drizzle|[of] p1a: Pelipper
|move|p2a: Clefable|Moonblast|p1a: Pelipper
|-damage|p1a: Pelipper|23/100
|
|-weather|RainDance|[upkeep]
|upkeep
|turn|3
|
|move|p2a: Clefable|Flamethrower|p1a: Pelipper
|-resisted|p1a: Pelipper
|-damage|p1a: Pelipper|10/100
|move|p1a: Pelipper|Scald|p2a: Clefable
|-damage|p2a: Clefable|62/100
|-status|p2a: Clefable|brn
|
|-weather|RainDance|[upkeep]
|upkeep
|turn|4
|
|move|p2a: Clefable|Moonlight|p2a: Clefable
|-heal|p2a: Clefable|87/100 brn
|move|p1a: Pelipper|Roost|p1a: Pelipper
|-heal|p1a: Pelipper|60/100
|-singleturn|p1a: Pelipper|move: Roost
|
|-weather|RainDance|[upkeep]
|upkeep
|turn|5
|
|switch|p1a: Ferrothorn|Ferrothorn, M|100/100
|move|p2a: Clefable|Moonblast|p1a: Ferrothorn
|-resisted|p1a: Ferrothorn
|-damage|p1a: Ferrothorn|77/100
|
|-weather|RainDance|[upkeep]
|upkeep
|turn|6
|
|switch|p2a: Ludicolo|Ludicolo, F|100/100
|-damage|p2a: Ludicolo|88/100|[from] Stealth Rock
|move|p1a: Ferrothorn|Power Whip|p2a: Ludicolo
|-damage|p2a: Ludicolo|55/100
|
|-weather|RainDance|[upkeep]
|-heal|p2a: Ludicolo|61/100|[from] ability: Rain Dish
|-heal|p2a: Ludicolo|67/100|[from] item: Leftovers
|upkeep
|turn|7
|
|move|p2a: Ludicolo|Knock Off|p1a: Ferrothorn
|-damage|p1a: Ferrothorn|68/100
|-damage|p2a: Ludicolo|55/100|[from] ability: Iron Barbs|[of] p1a: Ferrothorn
|-enditem|p1a: Ferrothorn|Chople Berry|[from] move: Knock Off|[of] p2a: Ludicolo
|move|p1a: Ferrothorn|Toxic|p2a: Ludicolo|[miss]
|-miss|p1a: Ferrothorn|p2a: Ludicolo
|
|-weather|RainDance|[upkeep]
|-heal|p2a: Ludicolo|61/100|[from] ability: Rain Dish
|-heal|p2a: Ludicolo|67/100|[from] item: Leftovers
|upkeep
|turn|8
|c|☆Abelonche21|lol
|
|move|p2a: Ludicolo|Scald|p1a: Ferrothorn
|-resisted|p1a: Ferrothorn
|-damage|p1a: Ferrothorn|53/100
|move|p1a: Ferrothorn|Spikes|p2a: Ludicolo
|-sidestart|p2: XHtishen|Spikes
|
|-weather|RainDance|[upkeep]
|-heal|p2a: Ludicolo|73/100|[from] ability: Rain Dish
|-heal|p2a: Ludicolo|79/100|[from] item: Leftovers
|upkeep
|turn|9
|
|switch|p2a: Clefable|Clefable, M|87/100 brn
|switch|p1a: Dragapult|Dragapult, M|100/100
|
|-weather|none
|upkeep
|turn|10
|
|move|p1a: Dragapult|Shadow Ball|p2a: Clefable
|-damage|p2a: Clefable|31/100 brn
|-unboost|p2a: Clefable|spd|1
|move|p2a: Clefable|Moonblast|p1a: Dragapult
|-supereffective|p1a: Dragapult
|-damage|p1a: Dragapult|0 fnt
|faint|p1a: Dragapult
|
|upkeep
|
|switch|p1a: Dracovish|Dracovish|100/100
|turn|11
|
|switch|p2a: Excadrill|Excadrill, M|100/100
|-damage|p2a: Excadrill|97/100|[from] Stealth Rock
|-damage|p2a: Excadrill|85/100|[from] Spikes
|-ability|p2a: Excadrill|Mold Breaker
|move|p1a: Dracovish|Fishious Rend|p2a: Excadrill
|-supereffective|p2a: Excadrill
|-damage|p2a: Excadrill|0 fnt
|faint|p2a: Excadrill
|
|upkeep
|
|switch|p2a: Ludicolo|Ludicolo, F|79/100
|-damage|p2a: Ludicolo|67/100|[from] Stealth Rock
|-damage|p2a: Ludicolo|54/100|[from] Spikes
|turn|12
|
|move|p1a: Dracovish|Fishious Rend|p2a: Ludicolo
|-resisted|p2a: Ludicolo
|-damage|p2a: Ludicolo|32/100
|move|p2a: Ludicolo|Synthesis|p2a: Ludicolo
|-heal|p2a: Ludicolo|82/100
|
|-heal|p2a: Ludicolo|88/100|[from] item: Leftovers
|upkeep
|turn|13
|
|switch|p1a: Seismitoad|Seismitoad, F|28/100
|move|p2a: Ludicolo|Knock Off|p1a: Seismitoad
|-damage|p1a: Seismitoad|11/100
|-enditem|p1a: Seismitoad|Life Orb|[from] move: Knock Off|[of] p2a: Ludicolo
|
|-heal|p2a: Ludicolo|94/100|[from] item: Leftovers
|upkeep
|turn|14
|
|switch|p1a: Pelipper|Pelipper, M|60/100
|-weather|RainDance|[from] ability: Drizzle|[of] p1a: Pelipper
|move|p2a: Ludicolo|Giga Drain|p1a: Pelipper
|-damage|p1a: Pelipper|26/100
|-heal|p2a: Ludicolo|100/100|[from] drain|[of] p1a: Pelipper
|
|-weather|RainDance|[upkeep]
|upkeep
|turn|15
|
|move|p2a: Ludicolo|Giga Drain|p1a: Pelipper
|-damage|p1a: Pelipper|0 fnt
|faint|p1a: Pelipper
|
|-weather|RainDance|[upkeep]
|upkeep
|
|switch|p1a: Crawdaunt|Crawdaunt, M|100/100
|turn|16
|
|move|p2a: Ludicolo|Giga Drain|p1a: Crawdaunt
|-supereffective|p1a: Crawdaunt
|-damage|p1a: Crawdaunt|22/100
|move|p1a: Crawdaunt|Knock Off|p2a: Ludicolo
|-damage|p2a: Ludicolo|16/100
|-enditem|p2a: Ludicolo|Leftovers|[from] move: Knock Off|[of] p1a: Crawdaunt
|
|-weather|RainDance|[upkeep]
|-heal|p2a: Ludicolo|22/100|[from] ability: Rain Dish
|upkeep
|turn|17
|
|switch|p1a: Seismitoad|Seismitoad, F|11/100
|move|p2a: Ludicolo|Giga Drain|p1a: Seismitoad
|-supereffective|p1a: Seismitoad
|-damage|p1a: Seismitoad|0 fnt
|-heal|p2a: Ludicolo|27/100|[from] drain|[of] p1a: Seismitoad
|faint|p1a: Seismitoad
|
|-weather|RainDance|[upkeep]
|-heal|p2a: Ludicolo|33/100|[from] ability: Rain Dish
|upkeep
|
|switch|p1a: Dracovish|Dracovish|100/100
|turn|18
|
|move|p1a: Dracovish|Fishious Rend|p2a: Ludicolo
|-resisted|p2a: Ludicolo
|-damage|p2a: Ludicolo|0 fnt
|faint|p2a: Ludicolo
|
|-weather|RainDance|[upkeep]
|upkeep
|
|switch|p2a: Dracozolt|Dracozolt|100/100
|-damage|p2a: Dracozolt|88/100|[from] Stealth Rock
|-damage|p2a: Dracozolt|76/100|[from] Spikes
|turn|19
|
|switch|p1a: Ferrothorn|Ferrothorn, M|53/100
|move|p2a: Dracozolt|Dragon Claw|p1a: Ferrothorn
|-resisted|p1a: Ferrothorn
|-damage|p1a: Ferrothorn|36/100
|-damage|p2a: Dracozolt|63/100|[from] ability: Iron Barbs|[of] p1a: Ferrothorn
|
|-weather|RainDance|[upkeep]
|upkeep
|turn|20
|
|switch|p2a: Clefable|Clefable, M|31/100 brn
|move|p1a: Ferrothorn|Leech Seed|p2a: Clefable
|-start|p2a: Clefable|move: Leech Seed
|
|-weather|RainDance|[upkeep]
|upkeep
|turn|21
|
|move|p2a: Clefable|Moonblast|p1a: Ferrothorn
|-resisted|p1a: Ferrothorn
|-damage|p1a: Ferrothorn|16/100
|move|p1a: Ferrothorn|Spikes|p2a: Clefable
|-sidestart|p2: XHtishen|Spikes
|
|-weather|none
|upkeep
|turn|22
|
|move|p2a: Clefable|Moonblast|p1a: Ferrothorn
|-resisted|p1a: Ferrothorn
|-damage|p1a: Ferrothorn|0 fnt
|faint|p1a: Ferrothorn
|
|upkeep
|
|switch|p1a: Dracovish|Dracovish|100/100
|turn|23
|
|move|p1a: Dracovish|Fishious Rend|p2a: Clefable
|-damage|p2a: Clefable|0 fnt
|faint|p2a: Clefable
|
|upkeep
|
|switch|p2a: Dracozolt|Dracozolt|63/100
|-damage|p2a: Dracozolt|51/100|[from] Stealth Rock
|-damage|p2a: Dracozolt|34/100|[from] Spikes
|turn|24
|
|move|p2a: Dracozolt|Dragon Claw|p1a: Dracovish
|-supereffective|p1a: Dracovish
|-damage|p1a: Dracovish|0 fnt
|faint|p1a: Dracovish
|
|upkeep
|
|switch|p1a: Crawdaunt|Crawdaunt, M|22/100
|turn|25
|l|☆XHtishen
|inactive|XHtishen disconnected and has a minute to reconnect!
|player|p2|
|inactive|XHtishen has 30 seconds to reconnect!
|inactive|XHtishen has 20 seconds to reconnect!
|inactive|XHtishen has 15 seconds to reconnect!
|inactive|XHtishen has 10 seconds to reconnect!
|inactive|XHtishen has 5 seconds to reconnect!
|-message|XHtishen lost due to inactivity.
|
|win|Abelonche21
|raw|Abelonche21's rating: 1391 → 1412(+21 for winning)
|raw|XHtishen's rating: 1408 → 1387(-21 for losing)
|l|☆Abelonche21
|j|☆XHtishen
|player|p2|XHtishen|lady-gen4
