|ScrapeTime|2020-01-01-16:35:15
|j|☆Gabricraft88
|j|☆IM A G3NG4R
|player|p1|Gabricraft88|red|1077
|player|p2|IM A G3NG4R|acerola|1088
|teamsize|p1|6
|teamsize|p2|6
|gametype|singles
|gen|8
|tier|[Gen 8] OU
|rated|
|rule|Sleep Clause Mod: Limit one foe put to sleep
|rule|Species Clause: Limit one of each Pokémon
|rule|OHKO Clause: OHKO moves are banned
|rule|Evasion Moves Clause: Evasion moves are banned
|rule|Endless Battle Clause: Forcing endless battles is banned
|rule|HP Percentage Mod: HP is shown in percentages
|clearpoke
|poke|p1|Dragapult, F|
|poke|p1|Toxapex, M|
|poke|p1|Dracovish|
|poke|p1|Excadrill, F|
|poke|p1|Galvantula, M|
|poke|p1|Ferrothorn, F|
|poke|p2|Shiinotic, F|
|poke|p2|Pelipper, F|
|poke|p2|Boltund, F|
|poke|p2|Ditto|
|poke|p2|Dragapult, F|
|poke|p2|Gyarados, M|
|rule|Dynamax Clause: You cannot dynamax
|teampreview
|inactive|Battle timer is ON: inactive players will automatically lose when time's up. (requested by IM A G3NG4R)
|
|start
|switch|p1a: Bye|Galvantula, M, shiny|100/100
|switch|p2a: Shiinotic|Shiinotic, F|100/100
|-ability|p1a: Bye|Unnerve|p2: IM A G3NG4R
|turn|1
|
|move|p1a: Bye|Sticky Web|p2a: Shiinotic
|-sidestart|p2: IM A G3NG4R|move: Sticky Web
|move|p2a: Shiinotic|Spore|p1a: Bye
|-status|p1a: Bye|slp|[from] move: Spore
|
|upkeep
|turn|2
|
|switch|p2a: Pelipper|Pelipper, F|100/100
|-weather|RainDance|[from] ability: Drizzle|[of] p2a: Pelipper
|cant|p1a: Bye|slp
|
|-weather|RainDance|[upkeep]
|upkeep
|turn|3
|
|cant|p1a: Bye|slp
|move|p2a: Pelipper|Hurricane|p1a: Bye
|-damage|p1a: Bye|30/100 slp
|
|-weather|RainDance|[upkeep]
|upkeep
|turn|4
|
|cant|p1a: Bye|slp
|move|p2a: Pelipper|Hurricane|p1a: Bye
|-damage|p1a: Bye|0 fnt
|faint|p1a: Bye
|
|-weather|RainDance|[upkeep]
|upkeep
|
|switch|p1a: Poison Type|Toxapex, M, shiny|100/100
|turn|5
|
|switch|p2a: Boltund|Boltund, F|100/100
|-activate|p2a: Boltund|move: Sticky Web
|-unboost|p2a: Boltund|spe|1
|move|p1a: Poison Type|Toxic Spikes|p2a: Boltund
|-sidestart|p2: IM A G3NG4R|move: Toxic Spikes
|
|-weather|RainDance|[upkeep]
|upkeep
|turn|6
|
|move|p1a: Poison Type|Baneful Bunker|p1a: Poison Type
|-singleturn|p1a: Poison Type|move: Protect
|move|p2a: Boltund|Fire Fang|p1a: Poison Type
|-activate|p1a: Poison Type|move: Protect
|-status|p2a: Boltund|psn
|
|-weather|RainDance|[upkeep]
|-damage|p2a: Boltund|88/100 psn|[from] psn
|upkeep
|turn|7
|
|switch|p2a: Gyarados|Gyarados, M|100/100
|move|p1a: Poison Type|Toxic Spikes|p2a: Gyarados
|-sidestart|p2: IM A G3NG4R|move: Toxic Spikes
|
|-weather|RainDance|[upkeep]
|upkeep
|turn|8
|
|switch|p1a: Spiky|Ferrothorn, F, shiny|100/100
|move|p2a: Gyarados|Dragon Dance|p2a: Gyarados
|-boost|p2a: Gyarados|atk|1
|-boost|p2a: Gyarados|spe|1
|
|-weather|RainDance|[upkeep]
|upkeep
|turn|9
|
|move|p2a: Gyarados|Dragon Dance|p2a: Gyarados
|-boost|p2a: Gyarados|atk|1
|-boost|p2a: Gyarados|spe|1
|move|p1a: Spiky|Leech Seed|p2a: Gyarados
|-start|p2a: Gyarados|move: Leech Seed
|
|-weather|none
|-damage|p2a: Gyarados|88/100|[from] Leech Seed|[of] p1a: Spiky
|upkeep
|turn|10
|
|move|p2a: Gyarados|Dragon Dance|p2a: Gyarados
|-boost|p2a: Gyarados|atk|1
|-boost|p2a: Gyarados|spe|1
|move|p1a: Spiky|Stealth Rock|p2a: Gyarados
|-sidestart|p2: IM A G3NG4R|move: Stealth Rock
|
|-damage|p2a: Gyarados|76/100|[from] Leech Seed|[of] p1a: Spiky
|upkeep
|turn|11
|
|move|p2a: Gyarados|Dragon Dance|p2a: Gyarados
|-boost|p2a: Gyarados|atk|1
|-boost|p2a: Gyarados|spe|1
|move|p1a: Spiky|Spikes|p2a: Gyarados
|-sidestart|p2: IM A G3NG4R|Spikes
|
|-damage|p2a: Gyarados|63/100|[from] Leech Seed|[of] p1a: Spiky
|upkeep
|turn|12
|
|move|p2a: Gyarados|Earthquake|p1a: Spiky
|-damage|p1a: Spiky|25/100
|move|p1a: Spiky|Spikes|p2a: Gyarados
|-sidestart|p2: IM A G3NG4R|Spikes
|
|-damage|p2a: Gyarados|51/100|[from] Leech Seed|[of] p1a: Spiky
|-heal|p1a: Spiky|39/100|[silent]
|upkeep
|turn|13
|
|move|p2a: Gyarados|Earthquake|p1a: Spiky
|-damage|p1a: Spiky|0 fnt
|faint|p1a: Spiky
|-ability|p2a: Gyarados|Moxie|boost
|-boost|p2a: Gyarados|atk|1
|
|upkeep
|
|switch|p1a: Poison Type|Toxapex, M, shiny|100/100
|turn|14
|
|move|p1a: Poison Type|Baneful Bunker|p1a: Poison Type
|-singleturn|p1a: Poison Type|move: Protect
|move|p2a: Gyarados|Earthquake|p1a: Poison Type
|-activate|p1a: Poison Type|move: Protect
|
|-damage|p2a: Gyarados|39/100|[from] Leech Seed|[of] p1a: Poison Type
|upkeep
|turn|15
|
|move|p2a: Gyarados|Earthquake|p1a: Poison Type
|-supereffective|p1a: Poison Type
|-damage|p1a: Poison Type|0 fnt
|faint|p1a: Poison Type
|-ability|p2a: Gyarados|Moxie|boost
|-boost|p2a: Gyarados|atk|1
|
|upkeep
|
|switch|p1a: Something|Dracovish|100/100
|turn|16
|
|move|p2a: Gyarados|Earthquake|p1a: Something
|-crit|p1a: Something
|-damage|p1a: Something|0 fnt
|faint|p1a: Something
|
|upkeep
|
|switch|p1a: Shadow|Dragapult, F|100/100
|turn|17
|
|move|p1a: Shadow|Sucker Punch|p2a: Gyarados
|-damage|p2a: Gyarados|7/100
|move|p2a: Gyarados|Earthquake|p1a: Shadow
|-damage|p1a: Shadow|0 fnt
|faint|p1a: Shadow
|
|upkeep
|
|switch|p1a: Molty Mole|Excadrill, F, shiny|100/100
|-ability|p1a: Molty Mole|Mold Breaker
|turn|18
|
|move|p2a: Gyarados|Waterfall|p1a: Molty Mole
|-supereffective|p1a: Molty Mole
|-damage|p1a: Molty Mole|0 fnt
|faint|p1a: Molty Mole
|
|win|IM A G3NG4R
|raw|Gabricraft88's rating: 1077 → 1056(-21 for losing)
|raw|IM A G3NG4R's rating: 1088 → 1114(+26 for winning)
|l|☆Gabricraft88
