|ScrapeTime|2020-01-01-20:56:35
|j|☆Jamememesxd
|j|☆Onix Storm
|player|p1|Jamememesxd|130|1105
|player|p2|Onix Storm|148|1154
|teamsize|p1|6
|teamsize|p2|6
|gametype|singles
|gen|8
|tier|[Gen 8] OU
|rated|
|rule|Sleep Clause Mod: Limit one foe put to sleep
|rule|Species Clause: Limit one of each Pokémon
|rule|OHKO Clause: OHKO moves are banned
|rule|Evasion Moves Clause: Evasion moves are banned
|rule|Endless Battle Clause: Forcing endless battles is banned
|rule|HP Percentage Mod: HP is shown in percentages
|clearpoke
|poke|p1|Haxorus, M|
|poke|p1|Mimikyu, F|
|poke|p1|Vaporeon, M|
|poke|p1|Arcanine, F|
|poke|p1|Mandibuzz, F|
|poke|p1|Ferrothorn, F|
|poke|p2|Aegislash, M|
|poke|p2|Cinderace, M|
|poke|p2|Gyarados, M|
|poke|p2|Hydreigon, F|
|poke|p2|Ferrothorn, F|
|poke|p2|Mandibuzz, F|
|rule|Dynamax Clause: You cannot dynamax
|teampreview
|
|start
|switch|p1a: Haxorus|Haxorus, M, shiny|100/100
|switch|p2a: Aegislash|Aegislash, M|100/100
|-ability|p1a: Haxorus|Mold Breaker
|turn|1
|
|move|p1a: Haxorus|Dragon Dance|p1a: Haxorus
|-boost|p1a: Haxorus|atk|1
|-boost|p1a: Haxorus|spe|1
|-formechange|p2a: Aegislash|Aegislash-Blade||[from] ability: Stance Change
|move|p2a: Aegislash|Shadow Ball|p1a: Haxorus
|-enditem|p1a: Haxorus|Focus Sash
|-damage|p1a: Haxorus|1/100
|-damage|p2a: Aegislash|91/100|[from] item: Life Orb
|
|upkeep
|turn|2
|
|move|p2a: Aegislash|Shadow Sneak|p1a: Haxorus
|-damage|p1a: Haxorus|0 fnt
|-damage|p2a: Aegislash|81/100|[from] item: Life Orb
|faint|p1a: Haxorus
|
|upkeep
|
|switch|p1a: Gwen stacy|Mimikyu, F, shiny|100/100
|turn|3
|
|move|p1a: Gwen stacy|Swords Dance|p1a: Gwen stacy
|-boost|p1a: Gwen stacy|atk|2
|move|p2a: Aegislash|Shadow Ball|p1a: Gwen stacy
|-activate|p1a: Gwen stacy|ability: Disguise
|-damage|p1a: Gwen stacy|100/100
|detailschange|p1a: Gwen stacy|Mimikyu-Busted, F, shiny
|-damage|p1a: Gwen stacy|88/100|[from] ability: Disguise|[of] p1a: Gwen stacy
|-damage|p2a: Aegislash|71/100|[from] item: Life Orb
|
|upkeep
|turn|4
|
|-formechange|p2a: Aegislash|Aegislash||[from] ability: Stance Change
|move|p2a: Aegislash|King's Shield|p2a: Aegislash
|-singleturn|p2a: Aegislash|Protect
|move|p1a: Gwen stacy|Shadow Sneak|p2a: Aegislash
|-activate|p2a: Aegislash|move: Protect
|-unboost|p1a: Gwen stacy|atk|1
|
|upkeep
|turn|5
|
|move|p1a: Gwen stacy|Drain Punch|p2a: Aegislash
|-immune|p2a: Aegislash
|-formechange|p2a: Aegislash|Aegislash-Blade||[from] ability: Stance Change
|move|p2a: Aegislash|Shadow Ball|p1a: Gwen stacy
|-supereffective|p1a: Gwen stacy
|-damage|p1a: Gwen stacy|0 fnt
|-damage|p2a: Aegislash|61/100|[from] item: Life Orb
|faint|p1a: Gwen stacy
|
|upkeep
|-message|Jamememesxd forfeited.
|
|win|Onix Storm
|l|☆Jamememesxd
