|ScrapeTime|2020-01-01-15:34:59
|j|☆Last Rank
|j|☆jarly
|player|p1|Last Rank|aetherfoundation|1380
|player|p2|jarly|101|1381
|teamsize|p1|6
|teamsize|p2|6
|gametype|singles
|gen|8
|tier|[Gen 8] OU
|rated|
|rule|Sleep Clause Mod: Limit one foe put to sleep
|rule|Species Clause: Limit one of each Pokémon
|rule|OHKO Clause: OHKO moves are banned
|rule|Evasion Moves Clause: Evasion moves are banned
|rule|Endless Battle Clause: Forcing endless battles is banned
|rule|HP Percentage Mod: HP is shown in percentages
|clearpoke
|poke|p1|Cloyster, M|
|poke|p1|Dracovish|
|poke|p1|Rotom-Mow|
|poke|p1|Clefable, F|
|poke|p1|Corviknight, F|
|poke|p1|Conkeldurr, F|
|poke|p2|Vanilluxe, M|
|poke|p2|Tyranitar, F|
|poke|p2|Mimikyu, F|
|poke|p2|Hydreigon, F|
|poke|p2|Excadrill, F|
|poke|p2|Cloyster, F|
|rule|Dynamax Clause: You cannot dynamax
|teampreview
|inactive|Battle timer is ON: inactive players will automatically lose when time's up. (requested by Last Rank)
|
|start
|switch|p1a: Dracovish|Dracovish|100/100
|switch|p2a: Hydreigon|Hydreigon, F|100/100
|turn|1
|
|switch|p1a: Clefable|Clefable, F|100/100
|move|p2a: Hydreigon|Nasty Plot|p2a: Hydreigon
|-boost|p2a: Hydreigon|spa|2
|
|upkeep
|turn|2
|
|move|p2a: Hydreigon|Flash Cannon|p1a: Clefable
|-supereffective|p1a: Clefable
|-damage|p1a: Clefable|0 fnt
|-damage|p2a: Hydreigon|91/100|[from] item: Life Orb
|faint|p1a: Clefable
|
|upkeep
|
|switch|p1a: Conkeldurr|Conkeldurr, F|100/100
|turn|3
|
|move|p2a: Hydreigon|Flash Cannon|p1a: Conkeldurr
|-damage|p1a: Conkeldurr|20/100
|-damage|p2a: Hydreigon|81/100|[from] item: Life Orb
|move|p1a: Conkeldurr|Drain Punch|p2a: Hydreigon
|-supereffective|p2a: Hydreigon
|-damage|p2a: Hydreigon|0 fnt
|-heal|p1a: Conkeldurr|52/100|[from] drain|[of] p2a: Hydreigon
|faint|p2a: Hydreigon
|
|-heal|p1a: Conkeldurr|58/100|[from] item: Leftovers
|upkeep
|
|switch|p2a: Mimikyu|Mimikyu, F|100/100
|turn|4
|
|switch|p1a: Cloyster|Cloyster, M|100/100
|move|p2a: Mimikyu|Swords Dance|p2a: Mimikyu
|-boost|p2a: Mimikyu|atk|2
|
|upkeep
|turn|5
|
|move|p2a: Mimikyu|Swords Dance|p2a: Mimikyu
|-boost|p2a: Mimikyu|atk|2
|move|p1a: Cloyster|Icicle Spear|p2a: Mimikyu
|-activate|p2a: Mimikyu|ability: Disguise
|-damage|p2a: Mimikyu|100/100
|detailschange|p2a: Mimikyu|Mimikyu-Busted, F
|-damage|p2a: Mimikyu|88/100|[from] ability: Disguise|[of] p2a: Mimikyu
|-damage|p2a: Mimikyu|68/100
|-damage|p2a: Mimikyu|48/100
|-damage|p2a: Mimikyu|30/100
|-damage|p2a: Mimikyu|12/100
|-hitcount|p2a: Mimikyu|5
|
|upkeep
|turn|6
|
|move|p1a: Cloyster|Ice Shard|p2a: Mimikyu
|-damage|p2a: Mimikyu|0 fnt
|faint|p2a: Mimikyu
|
|upkeep
|
|switch|p2a: Vanilluxe|Vanilluxe, M|100/100
|-weather|Hail|[from] ability: Snow Warning|[of] p2a: Vanilluxe
|turn|7
|
|move|p2a: Vanilluxe|Aurora Veil|p2a: Vanilluxe
|-sidestart|p2: jarly|move: Aurora Veil
|move|p1a: Cloyster|Rock Blast|p2a: Vanilluxe|[miss]
|-miss|p1a: Cloyster|p2a: Vanilluxe
|
|-weather|Hail|[upkeep]
|upkeep
|turn|8
|
|switch|p2a: Tyranitar|Tyranitar, F|100/100
|-weather|Sandstorm|[from] ability: Sand Stream|[of] p2a: Tyranitar
|switch|p1a: Corviknight|Corviknight, F|100/100
|-ability|p1a: Corviknight|Pressure
|
|-weather|Sandstorm|[upkeep]
|upkeep
|turn|9
|
|move|p2a: Tyranitar|Dragon Dance|p2a: Tyranitar
|-boost|p2a: Tyranitar|atk|1
|-boost|p2a: Tyranitar|spe|1
|move|p1a: Corviknight|Body Press|p2a: Tyranitar
|-supereffective|p2a: Tyranitar
|-damage|p2a: Tyranitar|53/100
|
|-weather|Sandstorm|[upkeep]
|upkeep
|turn|10
|
|move|p2a: Tyranitar|Fire Punch|p1a: Corviknight
|-supereffective|p1a: Corviknight
|-damage|p1a: Corviknight|55/100
|move|p1a: Corviknight|Body Press|p2a: Tyranitar
|-supereffective|p2a: Tyranitar
|-damage|p2a: Tyranitar|0 fnt
|faint|p2a: Tyranitar
|
|-weather|Sandstorm|[upkeep]
|-heal|p1a: Corviknight|61/100|[from] item: Leftovers
|upkeep
|
|switch|p2a: Excadrill|Excadrill, F|100/100
|turn|11
|
|move|p2a: Excadrill|Swords Dance|p2a: Excadrill
|-boost|p2a: Excadrill|atk|2
|move|p1a: Corviknight|Body Press|p2a: Excadrill
|-supereffective|p2a: Excadrill
|-damage|p2a: Excadrill|63/100
|
|-weather|Sandstorm|[upkeep]
|-heal|p2a: Excadrill|69/100|[from] item: Leftovers
|-heal|p1a: Corviknight|67/100|[from] item: Leftovers
|upkeep
|turn|12
|
|move|p2a: Excadrill|Swords Dance|p2a: Excadrill
|-boost|p2a: Excadrill|atk|2
|move|p1a: Corviknight|Body Press|p2a: Excadrill
|-supereffective|p2a: Excadrill
|-damage|p2a: Excadrill|33/100
|
|-weather|Sandstorm|[upkeep]
|-heal|p2a: Excadrill|39/100|[from] item: Leftovers
|-heal|p1a: Corviknight|74/100|[from] item: Leftovers
|upkeep
|turn|13
|
|move|p2a: Excadrill|Rock Slide|p1a: Corviknight|[miss]
|-miss|p2a: Excadrill|p1a: Corviknight
|move|p1a: Corviknight|Body Press|p2a: Excadrill
|-supereffective|p2a: Excadrill
|-damage|p2a: Excadrill|1/100
|
|-weather|Sandstorm|[upkeep]
|-heal|p2a: Excadrill|7/100|[from] item: Leftovers
|-heal|p1a: Corviknight|80/100|[from] item: Leftovers
|upkeep
|turn|14
|
|move|p2a: Excadrill|Rock Slide|p1a: Corviknight
|-damage|p1a: Corviknight|24/100
|move|p1a: Corviknight|Body Press|p2a: Excadrill
|-supereffective|p2a: Excadrill
|-damage|p2a: Excadrill|0 fnt
|faint|p2a: Excadrill
|
|-weather|Sandstorm|[upkeep]
|-heal|p1a: Corviknight|30/100|[from] item: Leftovers
|-sideend|p2: jarly|move: Aurora Veil
|upkeep
|
|switch|p2a: Cloyster|Cloyster, F|100/100
|turn|15
|
|move|p2a: Cloyster|Shell Smash|p2a: Cloyster
|-unboost|p2a: Cloyster|def|1
|-unboost|p2a: Cloyster|spd|1
|-boost|p2a: Cloyster|atk|2
|-boost|p2a: Cloyster|spa|2
|-boost|p2a: Cloyster|spe|2
|move|p1a: Corviknight|Body Press|p2a: Cloyster
|-supereffective|p2a: Cloyster
|-damage|p2a: Cloyster|35/100
|
|-weather|none
|-heal|p1a: Corviknight|36/100|[from] item: Leftovers
|upkeep
|turn|16
|
|move|p2a: Cloyster|Icicle Spear|p1a: Corviknight
|-damage|p1a: Corviknight|23/100
|-damage|p1a: Corviknight|10/100
|-damage|p1a: Corviknight|0 fnt
|-hitcount|p1a: Corviknight|3
|faint|p1a: Corviknight
|
|upkeep
|
|switch|p1a: Conkeldurr|Conkeldurr, F|58/100
|turn|17
|
|move|p1a: Conkeldurr|Mach Punch|p2a: Cloyster
|-supereffective|p2a: Cloyster
|-damage|p2a: Cloyster|0 fnt
|faint|p2a: Cloyster
|
|-heal|p1a: Conkeldurr|64/100|[from] item: Leftovers
|upkeep
|
|switch|p2a: Vanilluxe|Vanilluxe, M|100/100
|-weather|Hail|[from] ability: Snow Warning|[of] p2a: Vanilluxe
|turn|18
|
|move|p1a: Conkeldurr|Mach Punch|p2a: Vanilluxe
|-supereffective|p2a: Vanilluxe
|-damage|p2a: Vanilluxe|35/100
|move|p2a: Vanilluxe|Aurora Veil|p2a: Vanilluxe
|-sidestart|p2: jarly|move: Aurora Veil
|
|-weather|Hail|[upkeep]
|-damage|p1a: Conkeldurr|58/100|[from] Hail
|-heal|p1a: Conkeldurr|64/100|[from] item: Leftovers
|upkeep
|turn|19
|
|move|p1a: Conkeldurr|Mach Punch|p2a: Vanilluxe
|-supereffective|p2a: Vanilluxe
|-damage|p2a: Vanilluxe|2/100
|move|p2a: Vanilluxe|Blizzard|p1a: Conkeldurr
|-damage|p1a: Conkeldurr|1/100
|-status|p1a: Conkeldurr|frz
|
|-weather|Hail|[upkeep]
|-damage|p1a: Conkeldurr|0 fnt|[from] Hail
|faint|p1a: Conkeldurr
|upkeep
|
|switch|p1a: Cloyster|Cloyster, M|100/100
|turn|20
|
|move|p1a: Cloyster|Ice Shard|p2a: Vanilluxe
|-resisted|p2a: Vanilluxe
|-damage|p2a: Vanilluxe|0 fnt
|faint|p2a: Vanilluxe
|
|win|Last Rank
|l|☆jarly
|raw|Last Rank's rating: 1380 → 1400(+20 for winning)
|raw|jarly's rating: 1381 → 1361(-20 for losing)
|c|☆Last Rank|mindless setup
