|ScrapeTime|2020-01-01-06:15:46
|j|☆Mandi04
|j|☆PokeDa
|player|p1|Mandi04|dragontamer|1261
|player|p2|PokeDa|291|1205
|teamsize|p1|6
|teamsize|p2|6
|gametype|singles
|gen|8
|tier|[Gen 8] OU
|rated|
|rule|Sleep Clause Mod: Limit one foe put to sleep
|rule|Species Clause: Limit one of each Pokémon
|rule|OHKO Clause: OHKO moves are banned
|rule|Evasion Moves Clause: Evasion moves are banned
|rule|Endless Battle Clause: Forcing endless battles is banned
|rule|HP Percentage Mod: HP is shown in percentages
|clearpoke
|poke|p1|Dragapult, F|
|poke|p1|Clefable, F|
|poke|p1|Grimmsnarl, M|
|poke|p1|Mandibuzz, F|
|poke|p1|Reuniclus, F|
|poke|p1|Ferrothorn, M|
|poke|p2|Pelipper, F|
|poke|p2|Barraskewda, F|
|poke|p2|Seismitoad, F|
|poke|p2|Dragapult, M|
|poke|p2|Ludicolo, M|
|poke|p2|Dracovish|
|rule|Dynamax Clause: You cannot dynamax
|teampreview
|
|start
|switch|p1a: Grimmsnarl|Grimmsnarl, M|100/100
|switch|p2a: Pelipper|Pelipper, F|100/100
|-weather|RainDance|[from] ability: Drizzle|[of] p2a: Pelipper
|turn|1
|
|move|p1a: Grimmsnarl|Light Screen|p1a: Grimmsnarl
|-sidestart|p1: Mandi04|move: Light Screen
|move|p2a: Pelipper|U-turn|p1a: Grimmsnarl
|-damage|p1a: Grimmsnarl|91/100
|
|switch|p2a: Barraskewda|Barraskewda, F|100/100|[from]move: U-turn
|
|-weather|RainDance|[upkeep]
|upkeep
|turn|2
|inactive|Battle timer is ON: inactive players will automatically lose when time's up. (requested by PokeDa)
|
|move|p1a: Grimmsnarl|Reflect|p1a: Grimmsnarl
|-sidestart|p1: Mandi04|Reflect
|move|p2a: Barraskewda|Liquidation|p1a: Grimmsnarl
|-damage|p1a: Grimmsnarl|32/100
|-damage|p2a: Barraskewda|91/100|[from] item: Life Orb
|
|-weather|RainDance|[upkeep]
|upkeep
|turn|3
|
|switch|p2a: Seismitoad|Seismitoad, F|100/100
|switch|p1a: Ferrothorn|Ferrothorn, M|100/100
|
|-weather|RainDance|[upkeep]
|upkeep
|turn|4
|
|switch|p2a: Dracovish|Dracovish|100/100
|move|p1a: Ferrothorn|Stealth Rock|p2a: Dracovish
|-sidestart|p2: PokeDa|move: Stealth Rock
|
|-weather|RainDance|[upkeep]
|upkeep
|turn|5
|
|move|p2a: Dracovish|Fishious Rend|p1a: Ferrothorn
|-resisted|p1a: Ferrothorn
|-damage|p1a: Ferrothorn|65/100
|-damage|p2a: Dracovish|88/100|[from] ability: Iron Barbs|[of] p1a: Ferrothorn
|move|p1a: Ferrothorn|Leech Seed|p2a: Dracovish
|-start|p2a: Dracovish|move: Leech Seed
|
|-weather|RainDance|[upkeep]
|-heal|p1a: Ferrothorn|71/100|[from] item: Leftovers
|-damage|p2a: Dracovish|76/100|[from] Leech Seed|[of] p1a: Ferrothorn
|-heal|p1a: Ferrothorn|83/100|[silent]
|upkeep
|turn|6
|
|switch|p2a: Ludicolo|Ludicolo, M|100/100
|-damage|p2a: Ludicolo|88/100|[from] Stealth Rock
|move|p1a: Ferrothorn|Toxic|p2a: Ludicolo
|-status|p2a: Ludicolo|tox
|
|-weather|RainDance|[upkeep]
|-heal|p1a: Ferrothorn|89/100|[from] item: Leftovers
|-damage|p2a: Ludicolo|82/100 tox|[from] psn
|upkeep
|turn|7
|
|move|p2a: Ludicolo|Focus Blast|p1a: Ferrothorn|[miss]
|-miss|p2a: Ludicolo|p1a: Ferrothorn
|move|p1a: Ferrothorn|Gyro Ball|p2a: Ludicolo
|-resisted|p2a: Ludicolo
|-crit|p2a: Ludicolo
|-damage|p2a: Ludicolo|27/100 tox
|
|-weather|RainDance|[upkeep]
|-heal|p1a: Ferrothorn|95/100|[from] item: Leftovers
|-damage|p2a: Ludicolo|15/100 tox|[from] psn
|upkeep
|turn|8
|inactive|Mandi04 has 120 seconds left.
|
|switch|p1a: Mandibuzz|Mandibuzz, F|100/100
|move|p2a: Ludicolo|Focus Blast|p1a: Mandibuzz|[miss]
|-miss|p2a: Ludicolo|p1a: Mandibuzz
|
|-weather|none
|-damage|p2a: Ludicolo|0 fnt|[from] psn
|faint|p2a: Ludicolo
|-sideend|p1: Mandi04|move: Light Screen
|upkeep
|
|switch|p2a: Pelipper|Pelipper, F|100/100
|-damage|p2a: Pelipper|76/100|[from] Stealth Rock
|-weather|RainDance|[from] ability: Drizzle|[of] p2a: Pelipper
|turn|9
|
|move|p1a: Mandibuzz|Knock Off|p2a: Pelipper
|-damage|p2a: Pelipper|58/100
|-enditem|p2a: Pelipper|Damp Rock|[from] move: Knock Off|[of] p1a: Mandibuzz
|move|p2a: Pelipper|U-turn|p1a: Mandibuzz
|-damage|p1a: Mandibuzz|98/100
|
|switch|p2a: Seismitoad|Seismitoad, F|100/100|[from]move: U-turn
|-damage|p2a: Seismitoad|95/100|[from] Stealth Rock
|
|-weather|RainDance|[upkeep]
|-sideend|p1: Mandi04|Reflect
|upkeep
|turn|10
|
|switch|p1a: Ferrothorn|Ferrothorn, M|95/100
|move|p2a: Seismitoad|Surf|p1a: Ferrothorn
|-resisted|p1a: Ferrothorn
|-damage|p1a: Ferrothorn|60/100
|-damage|p2a: Seismitoad|85/100|[from] item: Life Orb
|
|-weather|RainDance|[upkeep]
|-heal|p1a: Ferrothorn|66/100|[from] item: Leftovers
|upkeep
|turn|11
|
|move|p2a: Seismitoad|Focus Blast|p1a: Ferrothorn
|-supereffective|p1a: Ferrothorn
|-damage|p1a: Ferrothorn|0 fnt
|-damage|p2a: Seismitoad|75/100|[from] item: Life Orb
|faint|p1a: Ferrothorn
|
|-weather|RainDance|[upkeep]
|upkeep
|
|switch|p1a: Grimmsnarl|Grimmsnarl, M|32/100
|turn|12
|
|move|p1a: Grimmsnarl|Light Screen|p1a: Grimmsnarl
|-sidestart|p1: Mandi04|move: Light Screen
|move|p2a: Seismitoad|Surf|p1a: Grimmsnarl
|-damage|p1a: Grimmsnarl|0 fnt
|-damage|p2a: Seismitoad|65/100|[from] item: Life Orb
|faint|p1a: Grimmsnarl
|
|-weather|RainDance|[upkeep]
|upkeep
|inactive|Mandi04 has 120 seconds left.
|
|switch|p1a: Clefable|Clefable, F|100/100
|turn|13
|
|move|p2a: Seismitoad|Surf|p1a: Clefable
|-damage|p1a: Clefable|66/100
|-damage|p2a: Seismitoad|55/100|[from] item: Life Orb
|move|p1a: Clefable|Moonblast|p2a: Seismitoad
|-damage|p2a: Seismitoad|0 fnt
|faint|p2a: Seismitoad
|
|-weather|RainDance|[upkeep]
|upkeep
|
|switch|p2a: Dracovish|Dracovish|76/100
|-damage|p2a: Dracovish|63/100|[from] Stealth Rock
|turn|14
|
|switch|p1a: Dragapult|Dragapult, F|100/100
|move|p2a: Dracovish|Fishious Rend|p1a: Dragapult
|-resisted|p1a: Dragapult
|-damage|p1a: Dragapult|0 fnt
|faint|p1a: Dragapult
|
|-weather|RainDance|[upkeep]
|upkeep
|
|switch|p1a: Reuniclus|Reuniclus, F|100/100
|turn|15
|
|move|p2a: Dracovish|Fishious Rend|p1a: Reuniclus
|-damage|p1a: Reuniclus|0 fnt
|faint|p1a: Reuniclus
|
|-weather|RainDance|[upkeep]
|upkeep
|-message|Mandi04 forfeited.
|
|win|PokeDa
|l|☆Mandi04
|raw|Mandi04's rating: 1261 → 1232(-29 for losing)
|raw|PokeDa's rating: 1205 → 1234(+29 for winning)
