|ScrapeTime|2020-01-02-12:55:28
|j|☆Endtro01
|j|☆I liek pink mons
|player|p1|Endtro01|170|1291
|player|p2|I liek pink mons|skierf|1237
|teamsize|p1|6
|teamsize|p2|6
|gametype|singles
|gen|8
|tier|[Gen 8] OU
|rated|
|rule|Sleep Clause Mod: Limit one foe put to sleep
|rule|Species Clause: Limit one of each Pokémon
|rule|OHKO Clause: OHKO moves are banned
|rule|Evasion Moves Clause: Evasion moves are banned
|rule|Endless Battle Clause: Forcing endless battles is banned
|rule|HP Percentage Mod: HP is shown in percentages
|clearpoke
|poke|p1|Pelipper, F|
|poke|p1|Dracovish|
|poke|p1|Corviknight, F|
|poke|p1|Seismitoad, F|
|poke|p1|Clefable, M|
|poke|p1|Ferrothorn, F|
|poke|p2|Ditto|
|poke|p2|Corsola-Galar, M|
|poke|p2|Dugtrio, M|
|poke|p2|Corviknight, F|
|poke|p2|Gastrodon, F|
|poke|p2|Sylveon, M|
|rule|Dynamax Clause: You cannot dynamax
|teampreview
|inactive|Battle timer is ON: inactive players will automatically lose when time's up. (requested by Endtro01)
|
|start
|switch|p1a: Pelipper|Pelipper, F|100/100
|switch|p2a: Corsola|Corsola-Galar, M|100/100
|-weather|RainDance|[from] ability: Drizzle|[of] p1a: Pelipper
|turn|1
|
|move|p1a: Pelipper|Knock Off|p2a: Corsola
|-supereffective|p2a: Corsola
|-damage|p2a: Corsola|89/100
|-enditem|p2a: Corsola|Eviolite|[from] move: Knock Off|[of] p1a: Pelipper
|move|p2a: Corsola|Stealth Rock|p1a: Pelipper
|-sidestart|p1: Endtro01|move: Stealth Rock
|
|-weather|RainDance|[upkeep]
|upkeep
|turn|2
|
|move|p1a: Pelipper|U-turn|p2a: Corsola
|-resisted|p2a: Corsola
|-damage|p2a: Corsola|86/100
|
|switch|p1a: Dracovish|Dracovish|100/100|[from]move: U-turn
|-damage|p1a: Dracovish|88/100|[from] Stealth Rock
|move|p2a: Corsola|Strength Sap|p1a: Dracovish
|-unboost|p1a: Dracovish|atk|1
|-heal|p2a: Corsola|100/100
|
|-weather|RainDance|[upkeep]
|upkeep
|turn|3
|
|switch|p2a: Gastrodon|Gastrodon, F|100/100
|move|p1a: Dracovish|Crunch|p2a: Gastrodon
|-damage|p2a: Gastrodon|78/100
|
|-weather|RainDance|[upkeep]
|-heal|p2a: Gastrodon|85/100|[from] item: Leftovers
|upkeep
|turn|4
|
|switch|p1a: XxJustin BeiberxX|Seismitoad, F, shiny|100/100
|-damage|p1a: XxJustin BeiberxX|94/100|[from] Stealth Rock
|move|p2a: Gastrodon|Earth Power|p1a: XxJustin BeiberxX
|-damage|p1a: XxJustin BeiberxX|63/100
|
|-weather|RainDance|[upkeep]
|-heal|p2a: Gastrodon|91/100|[from] item: Leftovers
|upkeep
|turn|5
|
|move|p1a: XxJustin BeiberxX|Toxic|p2a: Gastrodon
|-status|p2a: Gastrodon|tox
|move|p2a: Gastrodon|Earth Power|p1a: XxJustin BeiberxX
|-damage|p1a: XxJustin BeiberxX|33/100
|
|-weather|none
|-heal|p2a: Gastrodon|97/100 tox|[from] item: Leftovers
|-damage|p2a: Gastrodon|91/100 tox|[from] psn
|upkeep
|turn|6
|
|switch|p1a: 🔥PsychoChin🔥|Corviknight, F|100/100
|-damage|p1a: 🔥PsychoChin🔥|88/100|[from] Stealth Rock
|-ability|p1a: 🔥PsychoChin🔥|Pressure
|switch|p2a: Sylveon|Sylveon, M|100/100
|
|-heal|p1a: 🔥PsychoChin🔥|94/100|[from] item: Leftovers
|upkeep
|turn|7
|inactive|I liek pink mons has 120 seconds left.
|
|switch|p2a: Corsola|Corsola-Galar, M|100/100
|move|p1a: 🔥PsychoChin🔥|Defog|p2a: Corsola
|-unboost|p2a: Corsola|evasion|1
|-sideend|p1: Endtro01|Stealth Rock|[from] move: Defog|[of] p1a: 🔥PsychoChin🔥
|
|-heal|p1a: 🔥PsychoChin🔥|100/100|[from] item: Leftovers
|upkeep
|turn|8
|
|switch|p1a: #Pedal2daMetal#|Ferrothorn, F|100/100
|move|p2a: Corsola|Will-O-Wisp|p1a: #Pedal2daMetal#
|-status|p1a: #Pedal2daMetal#|brn
|
|-damage|p1a: #Pedal2daMetal#|94/100 brn|[from] brn
|upkeep
|turn|9
|
|move|p2a: Corsola|Stealth Rock|p1a: #Pedal2daMetal#
|-sidestart|p1: Endtro01|move: Stealth Rock
|move|p1a: #Pedal2daMetal#|Thunder Wave|p2a: Corsola
|-status|p2a: Corsola|par
|
|-heal|p1a: #Pedal2daMetal#|100/100 brn|[from] item: Leftovers
|-damage|p1a: #Pedal2daMetal#|94/100 brn|[from] brn
|upkeep
|turn|10
|
|switch|p2a: Sylveon|Sylveon, M|100/100
|move|p1a: #Pedal2daMetal#|Thunder Wave|p2a: Sylveon
|-status|p2a: Sylveon|par
|
|-heal|p1a: #Pedal2daMetal#|100/100 brn|[from] item: Leftovers
|-damage|p1a: #Pedal2daMetal#|94/100 brn|[from] brn
|upkeep
|turn|11
|
|move|p2a: Sylveon|Mystical Fire|p1a: #Pedal2daMetal#
|-supereffective|p1a: #Pedal2daMetal#
|-damage|p1a: #Pedal2daMetal#|35/100 brn
|-unboost|p1a: #Pedal2daMetal#|spa|1
|move|p1a: #Pedal2daMetal#|Gyro Ball|p2a: Sylveon
|-supereffective|p2a: Sylveon
|-damage|p2a: Sylveon|87/100 par
|
|-heal|p2a: Sylveon|93/100 par|[from] item: Leftovers
|-heal|p1a: #Pedal2daMetal#|41/100 brn|[from] item: Leftovers
|-damage|p1a: #Pedal2daMetal#|35/100 brn|[from] brn
|upkeep
|turn|12
|
|switch|p1a: Pelipper|Pelipper, F|100/100
|-damage|p1a: Pelipper|75/100|[from] Stealth Rock
|-weather|RainDance|[from] ability: Drizzle|[of] p1a: Pelipper
|move|p2a: Sylveon|Mystical Fire|p1a: Pelipper
|-resisted|p1a: Pelipper
|-damage|p1a: Pelipper|72/100
|-unboost|p1a: Pelipper|spa|1
|
|-weather|RainDance|[upkeep]
|-heal|p2a: Sylveon|99/100 par|[from] item: Leftovers
|upkeep
|turn|13
|
|move|p1a: Pelipper|Knock Off|p2a: Sylveon
|-resisted|p2a: Sylveon
|-damage|p2a: Sylveon|94/100 par
|-enditem|p2a: Sylveon|Leftovers|[from] move: Knock Off|[of] p1a: Pelipper
|cant|p2a: Sylveon|par
|
|-weather|RainDance|[upkeep]
|upkeep
|turn|14
|
|move|p1a: Pelipper|Hydro Pump|p2a: Sylveon
|-damage|p2a: Sylveon|69/100 par
|cant|p2a: Sylveon|par
|
|-weather|RainDance|[upkeep]
|upkeep
|turn|15
|
|move|p1a: Pelipper|Hurricane|p2a: Sylveon
|-damage|p2a: Sylveon|54/100 par
|cant|p2a: Sylveon|par
|
|-weather|RainDance|[upkeep]
|upkeep
|turn|16
|
|move|p1a: Pelipper|U-turn|p2a: Sylveon
|-resisted|p2a: Sylveon
|-damage|p2a: Sylveon|50/100 par
|
|switch|p1a: +Hot peppee55+|Clefable, M|100/100|[from]move: U-turn
|move|p2a: Sylveon|Wish|p2a: Sylveon
|
|-weather|none
|upkeep
|turn|17
|
|move|p2a: Sylveon|Protect|p2a: Sylveon
|-singleturn|p2a: Sylveon|Protect
|move|p1a: +Hot peppee55+|Moonblast|p2a: Sylveon
|-activate|p2a: Sylveon|move: Protect
|
|-heal|p2a: Sylveon|99/100 par|[from] move: Wish|[wisher] Sylveon
|upkeep
|turn|18
|
|move|p1a: +Hot peppee55+|Moonblast|p2a: Sylveon
|-damage|p2a: Sylveon|65/100 par
|cant|p2a: Sylveon|par
|
|upkeep
|turn|19
|
|switch|p2a: Corviknight|Corviknight, F|100/100
|-ability|p2a: Corviknight|Pressure
|move|p1a: +Hot peppee55+|Moonlight||[still]
|-fail|p1a: +Hot peppee55+
|
|upkeep
|turn|20
|
|move|p1a: +Hot peppee55+|Flamethrower|p2a: Corviknight
|-supereffective|p2a: Corviknight
|-damage|p2a: Corviknight|42/100
|move|p2a: Corviknight|U-turn|p1a: +Hot peppee55+
|-resisted|p1a: +Hot peppee55+
|-damage|p1a: +Hot peppee55+|92/100
|
|switch|p2a: Dugtrio|Dugtrio, M|100/100|[from]move: U-turn
|
|upkeep
|turn|21
|
|move|p2a: Dugtrio|Earthquake|p1a: +Hot peppee55+
|-damage|p1a: +Hot peppee55+|43/100
|move|p1a: +Hot peppee55+|Moonblast|p2a: Dugtrio
|-enditem|p2a: Dugtrio|Focus Sash
|-damage|p2a: Dugtrio|1/100
|
|upkeep
|turn|22
|
|move|p2a: Dugtrio|Earthquake|p1a: +Hot peppee55+
|-damage|p1a: +Hot peppee55+|0 fnt
|faint|p1a: +Hot peppee55+
|
|upkeep
|
|switch|p1a: Pelipper|Pelipper, F|72/100
|-damage|p1a: Pelipper|47/100|[from] Stealth Rock
|-weather|RainDance|[from] ability: Drizzle|[of] p1a: Pelipper
|turn|23
|
|switch|p2a: Sylveon|Sylveon, M|65/100 par
|move|p1a: Pelipper|U-turn|p2a: Sylveon
|-resisted|p2a: Sylveon
|-damage|p2a: Sylveon|61/100 par
|
|switch|p1a: Dracovish|Dracovish|88/100|[from]move: U-turn
|-damage|p1a: Dracovish|76/100|[from] Stealth Rock
|
|-weather|RainDance|[upkeep]
|upkeep
|turn|24
|
|move|p2a: Sylveon|Protect|p2a: Sylveon
|-singleturn|p2a: Sylveon|Protect
|move|p1a: Dracovish|Fishious Rend|p2a: Sylveon
|-activate|p2a: Sylveon|move: Protect
|
|-weather|RainDance|[upkeep]
|upkeep
|turn|25
|
|switch|p2a: Gastrodon|Gastrodon, F|91/100 tox
|move|p1a: Dracovish|Fishious Rend|p2a: Gastrodon
|-ability|p2a: Gastrodon|Storm Drain|boost
|-boost|p2a: Gastrodon|spa|1
|
|-weather|RainDance|[upkeep]
|-heal|p2a: Gastrodon|97/100 tox|[from] item: Leftovers
|-damage|p2a: Gastrodon|91/100 tox|[from] psn
|upkeep
|turn|26
|
|switch|p1a: #Pedal2daMetal#|Ferrothorn, F|35/100 brn
|-damage|p1a: #Pedal2daMetal#|29/100 brn|[from] Stealth Rock
|move|p2a: Gastrodon|Earth Power|p1a: #Pedal2daMetal#
|-damage|p1a: #Pedal2daMetal#|0 fnt
|faint|p1a: #Pedal2daMetal#
|
|-weather|RainDance|[upkeep]
|-heal|p2a: Gastrodon|97/100 tox|[from] item: Leftovers
|-damage|p2a: Gastrodon|85/100 tox|[from] psn
|upkeep
|
|switch|p1a: 🔥PsychoChin🔥|Corviknight, F|100/100
|-damage|p1a: 🔥PsychoChin🔥|88/100|[from] Stealth Rock
|-ability|p1a: 🔥PsychoChin🔥|Pressure
|turn|27
|
|move|p1a: 🔥PsychoChin🔥|Bulk Up|p1a: 🔥PsychoChin🔥
|-boost|p1a: 🔥PsychoChin🔥|atk|1
|-boost|p1a: 🔥PsychoChin🔥|def|1
|move|p2a: Gastrodon|Scald|p1a: 🔥PsychoChin🔥
|-damage|p1a: 🔥PsychoChin🔥|43/100
|
|-weather|none
|-heal|p1a: 🔥PsychoChin🔥|49/100|[from] item: Leftovers
|-heal|p2a: Gastrodon|91/100 tox|[from] item: Leftovers
|-damage|p2a: Gastrodon|72/100 tox|[from] psn
|upkeep
|turn|28
|
|switch|p2a: Corsola|Corsola-Galar, M|100/100 par
|move|p1a: 🔥PsychoChin🔥|Roost|p1a: 🔥PsychoChin🔥
|-heal|p1a: 🔥PsychoChin🔥|99/100
|-singleturn|p1a: 🔥PsychoChin🔥|move: Roost
|
|-heal|p1a: 🔥PsychoChin🔥|100/100|[from] item: Leftovers
|upkeep
|turn|29
|
|move|p1a: 🔥PsychoChin🔥|Bulk Up|p1a: 🔥PsychoChin🔥
|-boost|p1a: 🔥PsychoChin🔥|atk|1
|-boost|p1a: 🔥PsychoChin🔥|def|1
|move|p2a: Corsola|Will-O-Wisp|p1a: 🔥PsychoChin🔥
|-status|p1a: 🔥PsychoChin🔥|brn
|
|-damage|p1a: 🔥PsychoChin🔥|94/100 brn|[from] brn
|upkeep
|turn|30
|
|switch|p2a: Corviknight|Corviknight, F|42/100
|-ability|p2a: Corviknight|Pressure
|move|p1a: 🔥PsychoChin🔥|Bulk Up|p1a: 🔥PsychoChin🔥
|-boost|p1a: 🔥PsychoChin🔥|atk|1
|-boost|p1a: 🔥PsychoChin🔥|def|1
|
|-heal|p1a: 🔥PsychoChin🔥|100/100 brn|[from] item: Leftovers
|-heal|p2a: Corviknight|48/100|[from] item: Leftovers
|-damage|p1a: 🔥PsychoChin🔥|94/100 brn|[from] brn
|upkeep
|turn|31
|
|move|p1a: 🔥PsychoChin🔥|Defog|p2a: Corviknight
|-unboost|p2a: Corviknight|evasion|1
|-sideend|p1: Endtro01|Stealth Rock|[from] move: Defog|[of] p1a: 🔥PsychoChin🔥
|move|p2a: Corviknight|Roost|p2a: Corviknight
|-heal|p2a: Corviknight|98/100
|-singleturn|p2a: Corviknight|move: Roost
|
|-heal|p1a: 🔥PsychoChin🔥|100/100 brn|[from] item: Leftovers
|-heal|p2a: Corviknight|100/100|[from] item: Leftovers
|-damage|p1a: 🔥PsychoChin🔥|94/100 brn|[from] brn
|upkeep
|turn|32
|
|move|p1a: 🔥PsychoChin🔥|Bulk Up|p1a: 🔥PsychoChin🔥
|-boost|p1a: 🔥PsychoChin🔥|atk|1
|-boost|p1a: 🔥PsychoChin🔥|def|1
|move|p2a: Corviknight|U-turn|p1a: 🔥PsychoChin🔥
|-resisted|p1a: 🔥PsychoChin🔥
|-damage|p1a: 🔥PsychoChin🔥|93/100 brn
|
|switch|p2a: Ditto|Ditto|100/100|[from]move: U-turn
|-transform|p2a: Ditto|p1a: 🔥PsychoChin🔥|[from] ability: Imposter
|-ability|p2a: Ditto|Pressure
|
|-heal|p1a: 🔥PsychoChin🔥|99/100 brn|[from] item: Leftovers
|-damage|p1a: 🔥PsychoChin🔥|93/100 brn|[from] brn
|upkeep
|turn|33
|inactive|I liek pink mons has 120 seconds left.
|
|switch|p2a: Corsola|Corsola-Galar, M|100/100 par
|move|p1a: 🔥PsychoChin🔥|Brave Bird|p2a: Corsola
|-damage|p2a: Corsola|59/100 par
|-start|p1a: 🔥PsychoChin🔥|Disable|Brave Bird|[from] ability: Cursed Body|[of] p2a: Corsola
|-damage|p1a: 🔥PsychoChin🔥|82/100 brn|[from] Recoil
|
|-heal|p1a: 🔥PsychoChin🔥|88/100 brn|[from] item: Leftovers
|-damage|p1a: 🔥PsychoChin🔥|82/100 brn|[from] brn
|upkeep
|turn|34
|
|move|p1a: 🔥PsychoChin🔥|Defog|p2a: Corsola
|-unboost|p2a: Corsola|evasion|1
|move|p2a: Corsola|Strength Sap|p1a: 🔥PsychoChin🔥
|-unboost|p1a: 🔥PsychoChin🔥|atk|1
|-heal|p2a: Corsola|100/100 par
|
|-heal|p1a: 🔥PsychoChin🔥|88/100 brn|[from] item: Leftovers
|-damage|p1a: 🔥PsychoChin🔥|82/100 brn|[from] brn
|upkeep
|turn|35
|inactive|I liek pink mons has 120 seconds left.
|
|switch|p1a: Dracovish|Dracovish|76/100
|move|p2a: Corsola|Night Shade|p1a: Dracovish
|-damage|p1a: Dracovish|44/100
|
|upkeep
|turn|36
|inactive|I liek pink mons has 120 seconds left.
|
|switch|p2a: Gastrodon|Gastrodon, F|72/100 tox
|move|p1a: Dracovish|Crunch|p2a: Gastrodon
|-damage|p2a: Gastrodon|42/100 tox
|
|-heal|p2a: Gastrodon|48/100 tox|[from] item: Leftovers
|-damage|p2a: Gastrodon|42/100 tox|[from] psn
|upkeep
|turn|37
|inactive|I liek pink mons has 120 seconds left.
|
|switch|p1a: XxJustin BeiberxX|Seismitoad, F, shiny|33/100
|move|p2a: Gastrodon|Recover|p2a: Gastrodon
|-heal|p2a: Gastrodon|92/100 tox
|
|-heal|p2a: Gastrodon|98/100 tox|[from] item: Leftovers
|-damage|p2a: Gastrodon|85/100 tox|[from] psn
|upkeep
|turn|38
|inactive|I liek pink mons has 120 seconds left.
|
|switch|p1a: 🔥PsychoChin🔥|Corviknight, F|82/100 brn
|-ability|p1a: 🔥PsychoChin🔥|Pressure
|switch|p2a: Corviknight|Corviknight, F|100/100
|-ability|p2a: Corviknight|Pressure
|
|-heal|p1a: 🔥PsychoChin🔥|88/100 brn|[from] item: Leftovers
|-damage|p1a: 🔥PsychoChin🔥|82/100 brn|[from] brn
|upkeep
|turn|39
|
|switch|p1a: Pelipper|Pelipper, F|47/100
|-weather|RainDance|[from] ability: Drizzle|[of] p1a: Pelipper
|move|p2a: Corviknight|U-turn|p1a: Pelipper
|-resisted|p1a: Pelipper
|-damage|p1a: Pelipper|40/100
|
|switch|p2a: Ditto|Ditto|100/100|[from]move: U-turn
|-transform|p2a: Ditto|p1a: Pelipper|[from] ability: Imposter
|
|-weather|RainDance|[upkeep]
|upkeep
|turn|40
|
|move|p2a: Ditto|Hurricane|p1a: Pelipper
|-damage|p1a: Pelipper|16/100
|-start|p1a: Pelipper|confusion
|-activate|p1a: Pelipper|confusion
|-damage|p1a: Pelipper|11/100|[from] confusion
|
|-weather|RainDance|[upkeep]
|upkeep
|turn|41
|-message|Endtro01 forfeited.
|
|win|I liek pink mons
|l|☆Endtro01
|raw|Endtro01's rating: 1291 → 1262(-29 for losing)
|raw|I liek pink mons's rating: 1237 → 1266(+29 for winning)
