|ScrapeTime|2020-01-02-14:16:34
|j|☆Lucky Frencis
|j|☆caagle
|player|p1|Lucky Frencis|162|1578
|player|p2|caagle|169|1599
|teamsize|p1|6
|teamsize|p2|6
|gametype|singles
|gen|8
|tier|[Gen 8] OU
|rated|
|rule|Sleep Clause Mod: Limit one foe put to sleep
|rule|Species Clause: Limit one of each Pokémon
|rule|OHKO Clause: OHKO moves are banned
|rule|Evasion Moves Clause: Evasion moves are banned
|rule|Endless Battle Clause: Forcing endless battles is banned
|rule|HP Percentage Mod: HP is shown in percentages
|clearpoke
|poke|p1|Ribombee, M|
|poke|p1|Excadrill, M|
|poke|p1|Dracovish|
|poke|p1|Rotom-Heat|
|poke|p1|Jellicent, F|
|poke|p1|Sirfetch'd, M|
|poke|p2|Pincurchin, F|
|poke|p2|Togekiss, F|
|poke|p2|Hawlucha, M|
|poke|p2|Excadrill, M|
|poke|p2|Dracozolt|
|poke|p2|Seismitoad, F|
|rule|Dynamax Clause: You cannot dynamax
|teampreview
|inactive|Battle timer is ON: inactive players will automatically lose when time's up. (requested by Lucky Frencis)
|
|start
|switch|p1a: Excadrill|Excadrill, M|100/100
|switch|p2a: Pincurchin|Pincurchin, F|100/100
|-ability|p1a: Excadrill|Mold Breaker
|-fieldstart|move: Electric Terrain|[from] ability: Electric Surge|[of] p2a: Pincurchin
|turn|1
|
|move|p1a: Excadrill|Earthquake|p2a: Pincurchin
|-supereffective|p2a: Pincurchin
|-damage|p2a: Pincurchin|0 fnt
|faint|p2a: Pincurchin
|
|upkeep
|
|switch|p2a: Hawlucha|Hawlucha, M|100/100
|-enditem|p2a: Hawlucha|Electric Seed
|-boost|p2a: Hawlucha|def|1
|turn|2
|
|move|p2a: Hawlucha|Swords Dance|p2a: Hawlucha
|-boost|p2a: Hawlucha|atk|2
|move|p1a: Excadrill|Stealth Rock|p2a: Hawlucha
|-sidestart|p2: caagle|move: Stealth Rock
|
|upkeep
|turn|3
|
|switch|p1a: Jellicent|Jellicent, F|100/100
|move|p2a: Hawlucha|Swords Dance|p2a: Hawlucha
|-boost|p2a: Hawlucha|atk|2
|
|upkeep
|turn|4
|
|move|p2a: Hawlucha|Acrobatics|p1a: Jellicent
|-damage|p1a: Jellicent|0 fnt
|faint|p1a: Jellicent
|
|upkeep
|
|switch|p1a: Ribombee|Ribombee, M|100/100
|turn|5
|
|move|p2a: Hawlucha|Acrobatics|p1a: Ribombee
|-supereffective|p1a: Ribombee
|-enditem|p1a: Ribombee|Focus Sash
|-damage|p1a: Ribombee|1/100
|move|p1a: Ribombee|Moonblast|p2a: Hawlucha
|-supereffective|p2a: Hawlucha
|-damage|p2a: Hawlucha|0 fnt
|faint|p2a: Hawlucha
|
|upkeep
|
|switch|p2a: Excadrill|Excadrill, M|100/100
|-damage|p2a: Excadrill|97/100|[from] Stealth Rock
|-ability|p2a: Excadrill|Mold Breaker
|-item|p2a: Excadrill|Air Balloon
|turn|6
|
|move|p1a: Ribombee|Quiver Dance|p1a: Ribombee
|-boost|p1a: Ribombee|spa|1
|-boost|p1a: Ribombee|spd|1
|-boost|p1a: Ribombee|spe|1
|move|p2a: Excadrill|Swords Dance|p2a: Excadrill
|-boost|p2a: Excadrill|atk|2
|
|upkeep
|turn|7
|
|move|p1a: Ribombee|Moonblast|p2a: Excadrill
|-resisted|p2a: Excadrill
|-damage|p2a: Excadrill|60/100
|-enditem|p2a: Excadrill|Air Balloon
|-unboost|p2a: Excadrill|spa|1
|move|p2a: Excadrill|Rapid Spin|p1a: Ribombee
|-damage|p1a: Ribombee|0 fnt
|-sideend|p2: caagle|Stealth Rock|[from] move: Rapid Spin|[of] p2a: Excadrill
|-boost|p2a: Excadrill|spe|1
|faint|p1a: Ribombee
|
|upkeep
|
|switch|p1a: Dracovish|Dracovish|100/100
|turn|8
|
|move|p2a: Excadrill|Earthquake|p1a: Dracovish
|-damage|p1a: Dracovish|0 fnt
|faint|p1a: Dracovish
|
|-fieldend|move: Electric Terrain
|upkeep
|
|switch|p1a: Excadrill|Excadrill, M|100/100
|-ability|p1a: Excadrill|Mold Breaker
|turn|9
|
|move|p2a: Excadrill|Earthquake|p1a: Excadrill
|-supereffective|p1a: Excadrill
|-enditem|p1a: Excadrill|Focus Sash
|-damage|p1a: Excadrill|1/100
|move|p1a: Excadrill|Earthquake|p2a: Excadrill
|-supereffective|p2a: Excadrill
|-damage|p2a: Excadrill|0 fnt
|faint|p2a: Excadrill
|
|upkeep
|
|switch|p2a: Seismitoad|Seismitoad, F|100/100
|turn|10
|
|switch|p1a: Sirfetch'd|Sirfetch'd, M|100/100
|move|p2a: Seismitoad|Stealth Rock|p1a: Sirfetch'd
|-sidestart|p1: Lucky Frencis|move: Stealth Rock
|
|upkeep
|turn|11
|
|move|p1a: Sirfetch'd|Knock Off|p2a: Seismitoad
|-damage|p2a: Seismitoad|59/100
|-enditem|p2a: Seismitoad|Leftovers|[from] move: Knock Off|[of] p1a: Sirfetch'd
|move|p2a: Seismitoad|Toxic|p1a: Sirfetch'd
|-status|p1a: Sirfetch'd|tox
|
|-damage|p1a: Sirfetch'd|94/100 tox|[from] psn
|upkeep
|turn|12
|
|switch|p1a: Excadrill|Excadrill, M|1/100
|-damage|p1a: Excadrill|0 fnt|[from] Stealth Rock
|faint|p1a: Excadrill
|move|p2a: Seismitoad|Protect||[still]
|-fail|p2a: Seismitoad
|
|upkeep
|
|switch|p1a: Sirfetch'd|Sirfetch'd, M|94/100 tox
|-damage|p1a: Sirfetch'd|88/100 tox|[from] Stealth Rock
|turn|13
|
|move|p2a: Seismitoad|Protect|p2a: Seismitoad
|-singleturn|p2a: Seismitoad|Protect
|move|p1a: Sirfetch'd|Close Combat|p2a: Seismitoad
|-activate|p2a: Seismitoad|move: Protect
|
|-damage|p1a: Sirfetch'd|82/100 tox|[from] psn
|upkeep
|turn|14
|
|switch|p2a: Togekiss|Togekiss, F|100/100
|move|p1a: Sirfetch'd|Close Combat|p2a: Togekiss
|-resisted|p2a: Togekiss
|-damage|p2a: Togekiss|73/100
|-unboost|p1a: Sirfetch'd|def|1
|-unboost|p1a: Sirfetch'd|spd|1
|
|-heal|p2a: Togekiss|79/100|[from] item: Leftovers
|-damage|p1a: Sirfetch'd|70/100 tox|[from] psn
|upkeep
|turn|15
|
|switch|p1a: Rotom|Rotom-Heat|100/100
|move|p2a: Togekiss|Dazzling Gleam|p1a: Rotom
|-resisted|p1a: Rotom
|-damage|p1a: Rotom|80/100
|
|-heal|p2a: Togekiss|85/100|[from] item: Leftovers
|upkeep
|turn|16
|
|switch|p2a: Dracozolt|Dracozolt|100/100
|move|p1a: Rotom|Will-O-Wisp|p2a: Dracozolt
|-status|p2a: Dracozolt|brn
|
|-damage|p2a: Dracozolt|94/100 brn|[from] brn
|upkeep
|turn|17
|
|move|p2a: Dracozolt|Dragon Claw|p1a: Rotom
|-damage|p1a: Rotom|56/100
|move|p1a: Rotom|Volt Switch|p2a: Dracozolt
|-resisted|p2a: Dracozolt
|-damage|p2a: Dracozolt|86/100 brn
|
|switch|p1a: Sirfetch'd|Sirfetch'd, M|70/100 tox|[from]move: Volt Switch
|-damage|p1a: Sirfetch'd|64/100 tox|[from] Stealth Rock
|
|-damage|p2a: Dracozolt|80/100 brn|[from] brn
|-damage|p1a: Sirfetch'd|58/100 tox|[from] psn
|upkeep
|turn|18
|
|move|p2a: Dracozolt|Dragon Claw|p1a: Sirfetch'd|[miss]
|-miss|p2a: Dracozolt|p1a: Sirfetch'd
|move|p1a: Sirfetch'd|Close Combat|p2a: Dracozolt
|-damage|p2a: Dracozolt|0 fnt
|-unboost|p1a: Sirfetch'd|def|1
|-unboost|p1a: Sirfetch'd|spd|1
|faint|p2a: Dracozolt
|
|-damage|p1a: Sirfetch'd|46/100 tox|[from] psn
|upkeep
|
|switch|p2a: Seismitoad|Seismitoad, F|59/100
|turn|19
|
|move|p2a: Seismitoad|Protect|p2a: Seismitoad
|-singleturn|p2a: Seismitoad|Protect
|move|p1a: Sirfetch'd|Close Combat|p2a: Seismitoad
|-activate|p2a: Seismitoad|move: Protect
|
|-damage|p1a: Sirfetch'd|28/100 tox|[from] psn
|upkeep
|turn|20
|
|switch|p1a: Rotom|Rotom-Heat|56/100
|switch|p2a: Togekiss|Togekiss, F|85/100
|
|-heal|p2a: Togekiss|91/100|[from] item: Leftovers
|upkeep
|turn|21
|
|switch|p2a: Seismitoad|Seismitoad, F|59/100
|move|p1a: Rotom|Volt Switch|p2a: Seismitoad
|-immune|p2a: Seismitoad
|
|upkeep
|turn|22
|
|move|p1a: Rotom|Will-O-Wisp|p2a: Seismitoad
|-status|p2a: Seismitoad|brn
|move|p2a: Seismitoad|Toxic|p1a: Rotom
|-status|p1a: Rotom|tox
|
|-damage|p1a: Rotom|50/100 tox|[from] psn
|-damage|p2a: Seismitoad|53/100 brn|[from] brn
|upkeep
|turn|23
|
|move|p2a: Seismitoad|Protect|p2a: Seismitoad
|-singleturn|p2a: Seismitoad|Protect
|move|p1a: Rotom|Nasty Plot|p1a: Rotom
|-boost|p1a: Rotom|spa|2
|
|-damage|p1a: Rotom|38/100 tox|[from] psn
|-damage|p2a: Seismitoad|47/100 brn|[from] brn
|upkeep
|turn|24
|
|switch|p2a: Togekiss|Togekiss, F|91/100
|move|p1a: Rotom|Overheat|p2a: Togekiss
|-damage|p2a: Togekiss|4/100
|-unboost|p1a: Rotom|spa|2
|
|-heal|p2a: Togekiss|10/100|[from] item: Leftovers
|-damage|p1a: Rotom|19/100 tox|[from] psn
|upkeep
|turn|25
|
|switch|p2a: Seismitoad|Seismitoad, F|47/100 brn
|move|p1a: Rotom|Overheat|p2a: Seismitoad
|-resisted|p2a: Seismitoad
|-damage|p2a: Seismitoad|24/100 brn
|-unboost|p1a: Rotom|spa|2
|
|-damage|p1a: Rotom|0 fnt|[from] psn
|faint|p1a: Rotom
|-damage|p2a: Seismitoad|18/100 brn|[from] brn
|upkeep
|
|switch|p1a: Sirfetch'd|Sirfetch'd, M|28/100 tox
|-damage|p1a: Sirfetch'd|22/100 tox|[from] Stealth Rock
|turn|26
|
|move|p2a: Seismitoad|Protect|p2a: Seismitoad
|-singleturn|p2a: Seismitoad|Protect
|move|p1a: Sirfetch'd|Poison Jab|p2a: Seismitoad
|-activate|p2a: Seismitoad|move: Protect
|
|-damage|p1a: Sirfetch'd|16/100 tox|[from] psn
|-damage|p2a: Seismitoad|12/100 brn|[from] brn
|upkeep
|turn|27
|
|switch|p2a: Togekiss|Togekiss, F|10/100
|move|p1a: Sirfetch'd|Poison Jab|p2a: Togekiss
|-supereffective|p2a: Togekiss
|-damage|p2a: Togekiss|0 fnt
|faint|p2a: Togekiss
|
|-damage|p1a: Sirfetch'd|4/100 tox|[from] psn
|upkeep
|
|switch|p2a: Seismitoad|Seismitoad, F|12/100 brn
|turn|28
|
|move|p2a: Seismitoad|Protect|p2a: Seismitoad
|-singleturn|p2a: Seismitoad|Protect
|move|p1a: Sirfetch'd|Poison Jab|p2a: Seismitoad
|-activate|p2a: Seismitoad|move: Protect
|
|-damage|p1a: Sirfetch'd|0 fnt|[from] psn
|faint|p1a: Sirfetch'd
|
|win|caagle
|upkeep
|c|☆caagle|gg
|c|☆Lucky Frencis|gg
|raw|Lucky Frencis's rating: 1578 → 1558(-20 for losing)
|raw|caagle's rating: 1582 → 1602(+20 for winning)
