|ScrapeTime|2020-01-01-09:35:59
|j|☆zKonann
|j|☆Malanaki
|player|p1|zKonann|lucas|1095
|player|p2|Malanaki|102|1102
|teamsize|p1|6
|teamsize|p2|6
|gametype|singles
|gen|8
|tier|[Gen 8] OU
|rated|
|rule|Sleep Clause Mod: Limit one foe put to sleep
|rule|Species Clause: Limit one of each Pokémon
|rule|OHKO Clause: OHKO moves are banned
|rule|Evasion Moves Clause: Evasion moves are banned
|rule|Endless Battle Clause: Forcing endless battles is banned
|rule|HP Percentage Mod: HP is shown in percentages
|clearpoke
|poke|p1|Togekiss, M|
|poke|p1|Hydreigon, F|
|poke|p1|Excadrill, M|
|poke|p1|Toxapex, F|
|poke|p1|Abomasnow, M|
|poke|p1|Corsola-Galar, F|
|poke|p2|Pincurchin, F|
|poke|p2|Hawlucha, F|
|poke|p2|Aegislash, F|
|poke|p2|Delibird, F|
|poke|p2|Mamoswine, M|
|poke|p2|Drampa, M|
|rule|Dynamax Clause: You cannot dynamax
|teampreview
|inactive|Battle timer is ON: inactive players will automatically lose when time's up. (requested by Malanaki)
|
|start
|switch|p1a: Corsola|Corsola-Galar, F|100/100
|switch|p2a: Mamoswine|Mamoswine, M|100/100
|turn|1
|
|switch|p2a: Drampa|Drampa, M|100/100
|move|p1a: Corsola|Stealth Rock|p2a: Drampa
|-sidestart|p2: Malanaki|move: Stealth Rock
|
|upkeep
|turn|2
|
|switch|p1a: Togekiss|Togekiss, M|100/100
|move|p2a: Drampa|Shadow Ball|p1a: Togekiss
|-damage|p1a: Togekiss|59/100
|
|upkeep
|turn|3
|
|move|p1a: Togekiss|Dazzling Gleam|p2a: Drampa
|-supereffective|p2a: Drampa
|-damage|p2a: Drampa|25/100
|move|p2a: Drampa|Shadow Ball|p1a: Togekiss
|-damage|p1a: Togekiss|17/100
|
|upkeep
|turn|4
|
|switch|p1a: Excadrill|Excadrill, M, shiny|100/100
|-ability|p1a: Excadrill|Mold Breaker
|switch|p2a: Mamoswine|Mamoswine, M|100/100
|-damage|p2a: Mamoswine|88/100|[from] Stealth Rock
|
|upkeep
|turn|5
|inactive|zKonann has 120 seconds left.
|
|move|p2a: Mamoswine|Earthquake|p1a: Excadrill
|-supereffective|p1a: Excadrill
|-damage|p1a: Excadrill|0 fnt
|faint|p1a: Excadrill
|
|upkeep
|
|switch|p1a: Hydreigon|Hydreigon, F, shiny|100/100
|turn|6
|
|move|p2a: Mamoswine|Ice Shard|p1a: Hydreigon
|-supereffective|p1a: Hydreigon
|-damage|p1a: Hydreigon|44/100
|move|p1a: Hydreigon|Fire Blast|p2a: Mamoswine
|-supereffective|p2a: Mamoswine
|-damage|p2a: Mamoswine|0 fnt
|faint|p2a: Mamoswine
|
|upkeep
|
|switch|p2a: Delibird|Delibird, F|100/100
|-damage|p2a: Delibird|50/100|[from] Stealth Rock
|turn|7
|inactive|zKonann has 120 seconds left.
|
|move|p2a: Delibird|Endure|p2a: Delibird
|-singleturn|p2a: Delibird|move: Endure
|move|p1a: Hydreigon|Fire Blast|p2a: Delibird
|-supereffective|p2a: Delibird
|-activate|p2a: Delibird|move: Endure
|-damage|p2a: Delibird|1/100
|-enditem|p2a: Delibird|Salac Berry|[eat]
|-boost|p2a: Delibird|spe|1
|
|upkeep
|turn|8
|inactive|zKonann has 120 seconds left.
|
|switch|p1a: Toxapex|Toxapex, F, shiny|100/100
|move|p2a: Delibird|Destiny Bond|p2a: Delibird
|-singlemove|p2a: Delibird|Destiny Bond
|
|upkeep
|turn|9
|inactive|zKonann has 120 seconds left.
|
|move|p2a: Delibird|Rapid Spin|p1a: Toxapex
|-crit|p1a: Toxapex
|-damage|p1a: Toxapex|95/100
|-sideend|p2: Malanaki|Stealth Rock|[from] move: Rapid Spin|[of] p2a: Delibird
|-boost|p2a: Delibird|spe|1
|move|p1a: Toxapex|Toxic|p2a: Delibird
|-status|p2a: Delibird|tox
|
|-damage|p2a: Delibird|0 fnt|[from] psn
|faint|p2a: Delibird
|upkeep
|
|switch|p2a: Drampa|Drampa, M|25/100
|turn|10
|
|move|p2a: Drampa|Thunder|p1a: Toxapex|[miss]
|-miss|p2a: Drampa|p1a: Toxapex
|move|p1a: Toxapex|Scald|p2a: Drampa
|-resisted|p2a: Drampa
|-damage|p2a: Drampa|17/100
|
|upkeep
|turn|11
|
|switch|p1a: Corsola|Corsola-Galar, F|100/100
|move|p2a: Drampa|Thunder|p1a: Corsola
|-damage|p1a: Corsola|28/100
|-status|p1a: Corsola|par
|
|upkeep
|turn|12
|
|move|p2a: Drampa|Thunder|p1a: Corsola
|-damage|p1a: Corsola|0 fnt
|faint|p1a: Corsola
|
|upkeep
|
|switch|p1a: Abomasnow|Abomasnow, M, shiny|100/100
|-weather|Hail|[from] ability: Snow Warning|[of] p1a: Abomasnow
|turn|13
|
|move|p1a: Abomasnow|Ice Shard|p2a: Drampa
|-supereffective|p2a: Drampa
|-damage|p2a: Drampa|0 fnt
|-damage|p1a: Abomasnow|91/100|[from] item: Life Orb
|faint|p2a: Drampa
|
|-weather|Hail|[upkeep]
|upkeep
|
|switch|p2a: Pincurchin|Pincurchin, F|100/100
|-fieldstart|move: Electric Terrain|[from] ability: Electric Surge|[of] p2a: Pincurchin
|-enditem|p2a: Pincurchin|Electric Seed
|-boost|p2a: Pincurchin|def|1
|turn|14
|inactive|zKonann has 120 seconds left.
|
|move|p1a: Abomasnow|Earthquake|p2a: Pincurchin
|-supereffective|p2a: Pincurchin
|-damage|p2a: Pincurchin|56/100
|-damage|p1a: Abomasnow|81/100|[from] item: Life Orb
|move|p2a: Pincurchin|Thunder Wave|p1a: Abomasnow
|-status|p1a: Abomasnow|par
|
|-weather|Hail|[upkeep]
|-damage|p2a: Pincurchin|50/100|[from] Hail
|upkeep
|turn|15
|inactive|zKonann has 120 seconds left.
|
|move|p1a: Abomasnow|Earthquake|p2a: Pincurchin
|-supereffective|p2a: Pincurchin
|-damage|p2a: Pincurchin|10/100
|-damage|p1a: Abomasnow|71/100 par|[from] item: Life Orb
|move|p2a: Pincurchin|Memento|p1a: Abomasnow
|-unboost|p1a: Abomasnow|atk|2
|-unboost|p1a: Abomasnow|spa|2
|faint|p2a: Pincurchin
|
|-weather|Hail|[upkeep]
|upkeep
|
|switch|p2a: Hawlucha|Hawlucha, F|100/100
|-enditem|p2a: Hawlucha|Electric Seed
|-boost|p2a: Hawlucha|def|1
|turn|16
|inactive|zKonann has 120 seconds left.
|
|move|p2a: Hawlucha|Substitute|p2a: Hawlucha
|-start|p2a: Hawlucha|Substitute
|-damage|p2a: Hawlucha|76/100
|cant|p1a: Abomasnow|par
|
|-weather|Hail|[upkeep]
|-damage|p2a: Hawlucha|70/100|[from] Hail
|upkeep
|turn|17
|inactive|zKonann has 120 seconds left.
|
|switch|p1a: Toxapex|Toxapex, F, shiny|95/100
|move|p2a: Hawlucha|Swords Dance|p2a: Hawlucha
|-boost|p2a: Hawlucha|atk|2
|
|-weather|none
|upkeep
|turn|18
|
|move|p2a: Hawlucha|Acrobatics|p1a: Toxapex
|-damage|p1a: Toxapex|22/100
|move|p1a: Toxapex|Toxic||[still]
|-fail|p1a: Toxapex
|
|-fieldend|move: Electric Terrain
|upkeep
|turn|19
|
|move|p2a: Hawlucha|Acrobatics|p1a: Toxapex
|-damage|p1a: Toxapex|0 fnt
|faint|p1a: Toxapex
|
|upkeep
|
|switch|p1a: Abomasnow|Abomasnow, M, shiny|71/100 par
|-weather|Hail|[from] ability: Snow Warning|[of] p1a: Abomasnow
|turn|20
|
|move|p1a: Abomasnow|Ice Shard|p2a: Hawlucha
|-supereffective|p2a: Hawlucha
|-end|p2a: Hawlucha|Substitute
|-damage|p1a: Abomasnow|61/100 par|[from] item: Life Orb
|move|p2a: Hawlucha|Acrobatics|p1a: Abomasnow
|-supereffective|p1a: Abomasnow
|-damage|p1a: Abomasnow|0 fnt
|faint|p1a: Abomasnow
|
|-weather|Hail|[upkeep]
|-damage|p2a: Hawlucha|63/100|[from] Hail
|upkeep
|j| zhujio
|
|switch|p1a: Hydreigon|Hydreigon, F, shiny|44/100
|turn|21
|
|move|p2a: Hawlucha|Close Combat|p1a: Hydreigon
|-supereffective|p1a: Hydreigon
|-damage|p1a: Hydreigon|0 fnt
|-unboost|p2a: Hawlucha|def|1
|-unboost|p2a: Hawlucha|spd|1
|faint|p1a: Hydreigon
|
|-weather|Hail|[upkeep]
|-damage|p2a: Hawlucha|57/100|[from] Hail
|upkeep
|
|switch|p1a: Togekiss|Togekiss, M|17/100
|turn|22
|
|move|p2a: Hawlucha|Acrobatics|p1a: Togekiss
|-damage|p1a: Togekiss|0 fnt
|faint|p1a: Togekiss
|
|win|Malanaki
|raw|zKonann's rating: 1095 → 1071(-24 for losing)
|raw|Malanaki's rating: 1102 → 1127(+25 for winning)
|l|☆zKonann
