|ScrapeTime|2020-01-01-05:25:43
|j|☆quintescent
|j|☆stuvvv
|player|p1|quintescent|harlequin|1148
|player|p2|stuvvv|juggler|1156
|teamsize|p1|6
|teamsize|p2|6
|gametype|singles
|gen|8
|tier|[Gen 8] OU
|rated|
|rule|Sleep Clause Mod: Limit one foe put to sleep
|rule|Species Clause: Limit one of each Pokémon
|rule|OHKO Clause: OHKO moves are banned
|rule|Evasion Moves Clause: Evasion moves are banned
|rule|Endless Battle Clause: Forcing endless battles is banned
|rule|HP Percentage Mod: HP is shown in percentages
|clearpoke
|poke|p1|Corviknight, F|
|poke|p1|Clefable, F|
|poke|p1|Dragapult, M|
|poke|p1|Gastrodon, M|
|poke|p1|Rotom-Mow|
|poke|p1|Chandelure, M|
|poke|p2|Toxtricity, M|
|poke|p2|Cinderace, M|
|poke|p2|Dragapult, M|
|poke|p2|Corsola-Galar, M|
|poke|p2|Hatterene, F|
|poke|p2|Seismitoad, M|
|rule|Dynamax Clause: You cannot dynamax
|teampreview
|
|start
|switch|p1a: Chandelure|Chandelure, M|100/100
|switch|p2a: $5|Seismitoad, M|100/100
|turn|1
|
|move|p1a: Chandelure|Energy Ball|p2a: $5
|-supereffective|p2a: $5
|-damage|p2a: $5|10/100
|move|p2a: $5|Stealth Rock|p1a: Chandelure
|-sidestart|p1: quintescent|move: Stealth Rock
|
|-heal|p2a: $5|16/100|[from] item: Leftovers
|upkeep
|turn|2
|
|switch|p1a: Clefable|Clefable, F|100/100
|move|p2a: $5|Scald|p1a: Clefable
|-damage|p1a: Clefable|78/100
|-status|p1a: Clefable|brn
|
|-heal|p2a: $5|22/100|[from] item: Leftovers
|upkeep
|turn|3
|
|switch|p2a: Tre Cool|Toxtricity, M|100/100
|move|p1a: Clefable|Moonblast|p2a: Tre Cool
|-resisted|p2a: Tre Cool
|-damage|p2a: Tre Cool|64/100
|-unboost|p2a: Tre Cool|spa|1
|
|upkeep
|turn|4
|
|switch|p2a: Sorting|Hatterene, F|100/100
|move|p1a: Clefable|Moonblast|p2a: Sorting
|-damage|p2a: Sorting|39/100
|
|upkeep
|turn|5
|
|switch|p2a: Bleached|Corsola-Galar, M|100/100
|move|p1a: Clefable|Moonblast|p2a: Bleached
|-damage|p2a: Bleached|59/100
|
|upkeep
|turn|6
|
|move|p1a: Clefable|Moonblast|p2a: Bleached
|-damage|p2a: Bleached|21/100
|move|p2a: Bleached|Strength Sap|p1a: Clefable
|-unboost|p1a: Clefable|atk|1
|-heal|p2a: Bleached|61/100
|
|upkeep
|turn|7
|
|move|p1a: Clefable|Moonblast|p2a: Bleached
|-damage|p2a: Bleached|20/100
|move|p2a: Bleached|Night Shade|p1a: Clefable
|-damage|p1a: Clefable|52/100 brn
|
|upkeep
|turn|8
|
|switch|p2a: $5|Seismitoad, M|22/100
|move|p1a: Clefable|Moonblast|p2a: $5
|-damage|p2a: $5|0 fnt
|faint|p2a: $5
|
|upkeep
|
|switch|p2a: Trix|Cinderace, M|100/100
|turn|9
|
|switch|p1a: Chandelure|Chandelure, M|100/100
|-damage|p1a: Chandelure|76/100|[from] Stealth Rock
|move|p2a: Trix|Pyro Ball|p1a: Chandelure
|-start|p1a: Chandelure|ability: Flash Fire
|
|upkeep
|turn|10
|inactive|Battle timer is ON: inactive players will automatically lose when time's up. (requested by stuvvv)
|
|switch|p2a: Bleached|Corsola-Galar, M|20/100
|move|p1a: Chandelure|Shadow Ball|p2a: Bleached
|-supereffective|p2a: Bleached
|-damage|p2a: Bleached|0 fnt
|faint|p2a: Bleached
|
|upkeep
|
|switch|p2a: Chamberlain|Dragapult, M|100/100
|turn|11
|
|move|p1a: Chandelure|Shadow Ball|p2a: Chamberlain
|-supereffective|p2a: Chamberlain
|-damage|p2a: Chamberlain|0 fnt
|faint|p2a: Chamberlain
|
|upkeep
|-message|stuvvv forfeited.
|
|win|quintescent
|l|☆stuvvv
|raw|quintescent's rating: 1148 → 1175(+27 for winning)
|raw|stuvvv's rating: 1183 → 1156(-27 for losing)
