|ScrapeTime|2020-01-01-09:35:33
|j|☆awsomea3
|j|☆Billy'sBigWilly69
|player|p1|awsomea3|265|1053
|player|p2|Billy'sBigWilly69|preschooler|1075
|teamsize|p1|6
|teamsize|p2|6
|gametype|singles
|gen|8
|tier|[Gen 8] OU
|rated|
|rule|Sleep Clause Mod: Limit one foe put to sleep
|rule|Species Clause: Limit one of each Pokémon
|rule|OHKO Clause: OHKO moves are banned
|rule|Evasion Moves Clause: Evasion moves are banned
|rule|Endless Battle Clause: Forcing endless battles is banned
|rule|HP Percentage Mod: HP is shown in percentages
|clearpoke
|poke|p1|Dragapult, M|
|poke|p1|Dracovish|
|poke|p1|Gyarados, M|
|poke|p1|Pelipper, M|
|poke|p1|Toxapex, M|
|poke|p1|Duraludon, M|
|poke|p2|Dracovish|
|poke|p2|Seismitoad, M|
|poke|p2|Ferrothorn, M|
|poke|p2|Dragapult, M|
|poke|p2|Corsola-Galar, M|
|poke|p2|Conkeldurr, F|
|rule|Dynamax Clause: You cannot dynamax
|teampreview
|inactive|Battle timer is ON: inactive players will automatically lose when time's up. (requested by awsomea3)
|
|start
|switch|p1a: Dragapult|Dragapult, M, shiny|100/100
|switch|p2a: Corsola|Corsola-Galar, M|100/100
|turn|1
|
|switch|p2a: Ferrothorn|Ferrothorn, M|100/100
|move|p1a: Dragapult|Shadow Ball|p2a: Ferrothorn
|-damage|p2a: Ferrothorn|72/100
|
|-heal|p2a: Ferrothorn|79/100|[from] item: Leftovers
|upkeep
|turn|2
|
|move|p1a: Dragapult|Fire Blast|p2a: Ferrothorn
|-supereffective|p2a: Ferrothorn
|-damage|p2a: Ferrothorn|0 fnt
|faint|p2a: Ferrothorn
|
|upkeep
|
|switch|p2a: Dragapult|Dragapult, M|100/100
|turn|3
|
|move|p2a: Dragapult|Draco Meteor|p1a: Dragapult
|-supereffective|p1a: Dragapult
|-damage|p1a: Dragapult|0 fnt
|-unboost|p2a: Dragapult|spa|2
|faint|p1a: Dragapult
|
|upkeep
|
|switch|p1a: Duraludon|Duraludon, M|100/100
|turn|4
|
|move|p2a: Dragapult|Flamethrower|p1a: Duraludon
|-damage|p1a: Duraludon|83/100
|move|p1a: Duraludon|Draco Meteor|p2a: Dragapult
|-supereffective|p2a: Dragapult
|-damage|p2a: Dragapult|0 fnt
|-unboost|p1a: Duraludon|spa|2
|faint|p2a: Dragapult
|
|upkeep
|
|switch|p2a: Seismitoad|Seismitoad, M|100/100
|turn|5
|
|move|p1a: Duraludon|Metal Burst||[still]
|-fail|p1a: Duraludon
|move|p2a: Seismitoad|Stealth Rock|p1a: Duraludon
|-sidestart|p1: awsomea3|move: Stealth Rock
|
|upkeep
|turn|6
|
|move|p1a: Duraludon|Metal Burst||[still]
|-fail|p1a: Duraludon
|move|p2a: Seismitoad|Earthquake|p1a: Duraludon
|-supereffective|p1a: Duraludon
|-damage|p1a: Duraludon|17/100
|
|upkeep
|turn|7
|
|switch|p1a: Pelipper|Pelipper, M, shiny|100/100
|-damage|p1a: Pelipper|75/100|[from] Stealth Rock
|-weather|RainDance|[from] ability: Drizzle|[of] p1a: Pelipper
|move|p2a: Seismitoad|Earthquake|p1a: Pelipper
|-immune|p1a: Pelipper
|
|-weather|RainDance|[upkeep]
|upkeep
|turn|8
|
|move|p1a: Pelipper|Scald|p2a: Seismitoad
|-immune|p2a: Seismitoad|[from] ability: Water Absorb
|move|p2a: Seismitoad|Toxic|p1a: Pelipper
|-status|p1a: Pelipper|tox
|
|-weather|RainDance|[upkeep]
|-damage|p1a: Pelipper|69/100 tox|[from] psn
|upkeep
|turn|9
|
|move|p1a: Pelipper|U-turn|p2a: Seismitoad
|-damage|p2a: Seismitoad|94/100
|
|switch|p1a: Gyarados|Gyarados, M, shiny|100/100|[from]move: U-turn
|-damage|p1a: Gyarados|76/100|[from] Stealth Rock
|move|p2a: Seismitoad|Scald|p1a: Gyarados
|-resisted|p1a: Gyarados
|-damage|p1a: Gyarados|56/100
|-status|p1a: Gyarados|brn
|
|-weather|RainDance|[upkeep]
|-heal|p1a: Gyarados|62/100 brn|[from] item: Leftovers
|-heal|p2a: Seismitoad|99/100|[from] item: Leftovers
|-damage|p1a: Gyarados|56/100 brn|[from] brn
|upkeep
|turn|10
|
|switch|p2a: Conkeldurr|Conkeldurr, F|100/100
|move|p1a: Gyarados|Power Whip|p2a: Conkeldurr
|-damage|p2a: Conkeldurr|82/100
|
|-weather|RainDance|[upkeep]
|-heal|p1a: Gyarados|62/100 brn|[from] item: Leftovers
|-damage|p1a: Gyarados|56/100 brn|[from] brn
|-status|p2a: Conkeldurr|brn|[from] item: Flame Orb
|upkeep
|turn|11
|
|switch|p1a: Pelipper|Pelipper, M, shiny|69/100 tox
|-damage|p1a: Pelipper|44/100 tox|[from] Stealth Rock
|move|p2a: Conkeldurr|Thunder Punch|p1a: Pelipper
|-supereffective|p1a: Pelipper
|-damage|p1a: Pelipper|0 fnt
|faint|p1a: Pelipper
|
|-weather|RainDance|[upkeep]
|-damage|p2a: Conkeldurr|76/100 brn|[from] brn
|upkeep
|
|switch|p1a: Dracovish|Dracovish|100/100
|-damage|p1a: Dracovish|88/100|[from] Stealth Rock
|turn|12
|
|switch|p2a: Seismitoad|Seismitoad, M|99/100
|move|p1a: Dracovish|Fishious Rend|p2a: Seismitoad
|-heal|p2a: Seismitoad|100/100|[from] ability: Water Absorb|[of] p1a: Dracovish
|
|-weather|RainDance|[upkeep]
|upkeep
|turn|13
|
|switch|p1a: Toxapex|Toxapex, M, shiny|100/100
|-damage|p1a: Toxapex|88/100|[from] Stealth Rock
|move|p2a: Seismitoad|Toxic|p1a: Toxapex
|-immune|p1a: Toxapex
|
|-weather|RainDance|[upkeep]
|-heal|p1a: Toxapex|94/100|[from] item: Black Sludge
|upkeep
|turn|14
|
|move|p1a: Toxapex|Baneful Bunker|p1a: Toxapex
|-singleturn|p1a: Toxapex|move: Protect
|move|p2a: Seismitoad|Earthquake|p1a: Toxapex
|-activate|p1a: Toxapex|move: Protect
|
|-weather|none
|-heal|p1a: Toxapex|100/100|[from] item: Black Sludge
|upkeep
|turn|15
|
|switch|p1a: Dracovish|Dracovish|88/100
|-damage|p1a: Dracovish|76/100|[from] Stealth Rock
|move|p2a: Seismitoad|Earthquake|p1a: Dracovish
|-damage|p1a: Dracovish|43/100
|
|upkeep
|turn|16
|
|move|p1a: Dracovish|Outrage|p2a: Seismitoad
|-damage|p2a: Seismitoad|48/100
|move|p2a: Seismitoad|Toxic|p1a: Dracovish|[miss]
|-miss|p2a: Seismitoad|p1a: Dracovish
|
|-heal|p2a: Seismitoad|54/100|[from] item: Leftovers
|upkeep
|turn|17
|
|switch|p2a: Corsola|Corsola-Galar, M|100/100
|move|p1a: Dracovish|Outrage|p2a: Corsola|[from]lockedmove
|-damage|p2a: Corsola|59/100
|
|upkeep
|turn|18
|
|move|p1a: Dracovish|Outrage|p2a: Corsola|[from]lockedmove
|-damage|p2a: Corsola|19/100
|-start|p1a: Dracovish|confusion|[fatigue]
|move|p2a: Corsola|Strength Sap|p1a: Dracovish
|-unboost|p1a: Dracovish|atk|1
|-heal|p2a: Corsola|100/100
|
|upkeep
|turn|19
|
|switch|p1a: Toxapex|Toxapex, M, shiny|100/100
|-damage|p1a: Toxapex|88/100|[from] Stealth Rock
|move|p2a: Corsola|Will-O-Wisp|p1a: Toxapex
|-status|p1a: Toxapex|brn
|
|-heal|p1a: Toxapex|94/100 brn|[from] item: Black Sludge
|-damage|p1a: Toxapex|88/100 brn|[from] brn
|upkeep
|turn|20
|
|move|p1a: Toxapex|Toxic Spikes|p2a: Corsola
|-sidestart|p2: Billy'sBigWilly69|move: Toxic Spikes
|move|p2a: Corsola|Night Shade|p1a: Toxapex
|-damage|p1a: Toxapex|55/100 brn
|
|-heal|p1a: Toxapex|61/100 brn|[from] item: Black Sludge
|-damage|p1a: Toxapex|55/100 brn|[from] brn
|upkeep
|turn|21
|
|move|p1a: Toxapex|Scald|p2a: Corsola
|-damage|p2a: Corsola|89/100
|-start|p1a: Toxapex|Disable|Scald|[from] ability: Cursed Body|[of] p2a: Corsola
|move|p2a: Corsola|Night Shade|p1a: Toxapex
|-damage|p1a: Toxapex|22/100 brn
|
|-heal|p1a: Toxapex|28/100 brn|[from] item: Black Sludge
|-damage|p1a: Toxapex|22/100 brn|[from] brn
|upkeep
|turn|22
|-message|awsomea3 forfeited.
|
|win|Billy'sBigWilly69
|l|☆awsomea3
