|ScrapeTime|2020-01-01-23:15:06
|j|☆Miliak
|j|☆Antimatiere333
|player|p1|Miliak|224|1085
|player|p2|Antimatiere333|265|1131
|teamsize|p1|6
|teamsize|p2|6
|gametype|singles
|gen|8
|tier|[Gen 8] OU
|rated|
|rule|Sleep Clause Mod: Limit one foe put to sleep
|rule|Species Clause: Limit one of each Pokémon
|rule|OHKO Clause: OHKO moves are banned
|rule|Evasion Moves Clause: Evasion moves are banned
|rule|Endless Battle Clause: Forcing endless battles is banned
|rule|HP Percentage Mod: HP is shown in percentages
|clearpoke
|poke|p1|Corviknight, M|
|poke|p1|Tyranitar, F|
|poke|p1|Gyarados, M|
|poke|p1|Excadrill, M|
|poke|p1|Galvantula, M|
|poke|p1|Gengar, F|
|poke|p2|Corviknight, F|
|poke|p2|Seismitoad, F|
|poke|p2|Grimmsnarl, M|
|poke|p2|Cinderace, F|
|poke|p2|Dugtrio, M|
|poke|p2|Hydreigon, M|
|rule|Dynamax Clause: You cannot dynamax
|teampreview
|inactive|Battle timer is ON: inactive players will automatically lose when time's up. (requested by Antimatiere333)
|
|start
|switch|p1a: Gyarados|Gyarados, M, shiny|100/100
|switch|p2a: Seismitoad|Seismitoad, F|100/100
|-ability|p1a: Gyarados|Intimidate|boost
|-unboost|p2a: Seismitoad|atk|1
|turn|1
|
|move|p1a: Gyarados|Crunch|p2a: Seismitoad
|-damage|p2a: Seismitoad|81/100
|-unboost|p2a: Seismitoad|def|1
|move|p2a: Seismitoad|Toxic|p1a: Gyarados
|-status|p1a: Gyarados|tox
|
|-heal|p2a: Seismitoad|87/100|[from] item: Leftovers
|-damage|p1a: Gyarados|94/100 tox|[from] psn
|upkeep
|turn|2
|
|switch|p1a: Gengar|Gengar, F|100/100
|move|p2a: Seismitoad|Stealth Rock|p1a: Gengar
|-sidestart|p1: Miliak|move: Stealth Rock
|
|-heal|p2a: Seismitoad|93/100|[from] item: Leftovers
|upkeep
|turn|3
|
|switch|p2a: Dugtrio|Dugtrio, M|100/100
|move|p1a: Gengar|Substitute|p1a: Gengar
|-start|p1a: Gengar|Substitute
|-damage|p1a: Gengar|76/100
|
|-heal|p1a: Gengar|82/100|[from] item: Black Sludge
|upkeep
|turn|4
|
|move|p2a: Dugtrio|Earthquake|p1a: Gengar
|-supereffective|p1a: Gengar
|-end|p1a: Gengar|Substitute
|move|p1a: Gengar|Shadow Ball|p2a: Dugtrio
|-damage|p2a: Dugtrio|20/100
|-unboost|p2a: Dugtrio|spd|1
|
|-heal|p1a: Gengar|88/100|[from] item: Black Sludge
|upkeep
|turn|5
|
|switch|p1a: Corviknight|Corviknight, M|100/100
|-damage|p1a: Corviknight|88/100|[from] Stealth Rock
|move|p2a: Dugtrio|Earthquake|p1a: Corviknight
|-immune|p1a: Corviknight
|
|-heal|p1a: Corviknight|94/100|[from] item: Leftovers
|upkeep
|turn|6
|
|switch|p2a: Cinderace|Cinderace, F|100/100
|move|p1a: Corviknight|Iron Head|p2a: Cinderace
|-resisted|p2a: Cinderace
|-damage|p2a: Cinderace|82/100
|
|-heal|p1a: Corviknight|100/100|[from] item: Leftovers
|upkeep
|turn|7
|
|switch|p1a: Tyranitar|Tyranitar, F|100/100
|-damage|p1a: Tyranitar|88/100|[from] Stealth Rock
|-weather|Sandstorm|[from] ability: Sand Stream|[of] p1a: Tyranitar
|move|p2a: Cinderace|Pyro Ball|p1a: Tyranitar|[miss]
|-miss|p2a: Cinderace|p1a: Tyranitar
|
|-weather|Sandstorm|[upkeep]
|-damage|p2a: Cinderace|76/100|[from] Sandstorm
|upkeep
|turn|8
|
|switch|p2a: Seismitoad|Seismitoad, F|93/100
|move|p1a: Tyranitar|Stealth Rock|p2a: Seismitoad
|-sidestart|p2: Antimatiere333|move: Stealth Rock
|
|-weather|Sandstorm|[upkeep]
|-heal|p2a: Seismitoad|99/100|[from] item: Leftovers
|upkeep
|turn|9
|
|switch|p1a: Gyarados|Gyarados, M, shiny|94/100 tox
|-ability|p1a: Gyarados|Intimidate|boost
|-unboost|p2a: Seismitoad|atk|1
|move|p2a: Seismitoad|Scald|p1a: Gyarados
|-resisted|p1a: Gyarados
|-crit|p1a: Gyarados
|-damage|p1a: Gyarados|75/100 tox
|
|-weather|Sandstorm|[upkeep]
|-damage|p1a: Gyarados|69/100 tox|[from] Sandstorm
|-heal|p2a: Seismitoad|100/100|[from] item: Leftovers
|-damage|p1a: Gyarados|63/100 tox|[from] psn
|upkeep
|turn|10
|
|move|p1a: Gyarados|Dragon Dance|p1a: Gyarados
|-boost|p1a: Gyarados|atk|1
|-boost|p1a: Gyarados|spe|1
|move|p2a: Seismitoad|Scald|p1a: Gyarados
|-resisted|p1a: Gyarados
|-damage|p1a: Gyarados|49/100 tox
|
|-weather|Sandstorm|[upkeep]
|-damage|p1a: Gyarados|43/100 tox|[from] Sandstorm
|-damage|p1a: Gyarados|31/100 tox|[from] psn
|upkeep
|turn|11
|
|move|p1a: Gyarados|Crunch|p2a: Seismitoad
|-damage|p2a: Seismitoad|74/100
|-unboost|p2a: Seismitoad|def|1
|move|p2a: Seismitoad|Scald|p1a: Gyarados
|-resisted|p1a: Gyarados
|-damage|p1a: Gyarados|20/100 tox
|
|-weather|Sandstorm|[upkeep]
|-damage|p1a: Gyarados|13/100 tox|[from] Sandstorm
|-heal|p2a: Seismitoad|80/100|[from] item: Leftovers
|-damage|p1a: Gyarados|0 fnt|[from] psn
|faint|p1a: Gyarados
|upkeep
|
|switch|p1a: Galvantula|Galvantula, M, shiny|100/100
|-damage|p1a: Galvantula|76/100|[from] Stealth Rock
|turn|12
|
|switch|p2a: Hydreigon|Hydreigon, M|100/100
|-damage|p2a: Hydreigon|88/100|[from] Stealth Rock
|move|p1a: Galvantula|Energy Ball|p2a: Hydreigon
|-resisted|p2a: Hydreigon
|-damage|p2a: Hydreigon|64/100
|
|-weather|Sandstorm|[upkeep]
|-damage|p2a: Hydreigon|58/100|[from] Sandstorm
|-damage|p1a: Galvantula|70/100|[from] Sandstorm
|upkeep
|turn|13
|
|switch|p1a: Corviknight|Corviknight, M|100/100
|-damage|p1a: Corviknight|88/100|[from] Stealth Rock
|move|p2a: Hydreigon|U-turn|p1a: Corviknight
|-resisted|p1a: Corviknight
|-damage|p1a: Corviknight|85/100
|
|switch|p2a: Cinderace|Cinderace, F|76/100|[from]move: U-turn
|-damage|p2a: Cinderace|51/100|[from] Stealth Rock
|
|-weather|Sandstorm|[upkeep]
|-damage|p2a: Cinderace|45/100|[from] Sandstorm
|-heal|p1a: Corviknight|92/100|[from] item: Leftovers
|upkeep
|turn|14
|
|move|p2a: Cinderace|Pyro Ball|p1a: Corviknight
|-supereffective|p1a: Corviknight
|-damage|p1a: Corviknight|0 fnt
|faint|p1a: Corviknight
|
|-weather|none
|upkeep
|
|switch|p1a: Tyranitar|Tyranitar, F|88/100
|-damage|p1a: Tyranitar|76/100|[from] Stealth Rock
|-weather|Sandstorm|[from] ability: Sand Stream|[of] p1a: Tyranitar
|turn|15
|
|switch|p2a: Seismitoad|Seismitoad, F|80/100
|-damage|p2a: Seismitoad|74/100|[from] Stealth Rock
|move|p1a: Tyranitar|Crunch|p2a: Seismitoad
|-damage|p2a: Seismitoad|50/100
|-unboost|p2a: Seismitoad|def|1
|
|-weather|Sandstorm|[upkeep]
|-heal|p2a: Seismitoad|56/100|[from] item: Leftovers
|upkeep
|turn|16
|
|move|p2a: Seismitoad|Scald|p1a: Tyranitar
|-supereffective|p1a: Tyranitar
|-damage|p1a: Tyranitar|55/100
|move|p1a: Tyranitar|Earthquake|p2a: Seismitoad
|-damage|p2a: Seismitoad|22/100
|
|-weather|Sandstorm|[upkeep]
|-heal|p2a: Seismitoad|28/100|[from] item: Leftovers
|upkeep
|turn|17
|
|switch|p2a: Corviknight|Corviknight, F|100/100
|-damage|p2a: Corviknight|88/100|[from] Stealth Rock
|move|p1a: Tyranitar|Crunch|p2a: Corviknight
|-damage|p2a: Corviknight|68/100
|
|-weather|Sandstorm|[upkeep]
|-heal|p2a: Corviknight|74/100|[from] item: Leftovers
|upkeep
|turn|18
|
|move|p2a: Corviknight|Body Press|p1a: Tyranitar
|-supereffective|p1a: Tyranitar
|-damage|p1a: Tyranitar|0 fnt
|faint|p1a: Tyranitar
|
|-weather|Sandstorm|[upkeep]
|-heal|p2a: Corviknight|81/100|[from] item: Leftovers
|upkeep
|
|switch|p1a: Galvantula|Galvantula, M, shiny|70/100
|-damage|p1a: Galvantula|45/100|[from] Stealth Rock
|turn|19
|
|switch|p2a: Dugtrio|Dugtrio, M|20/100
|-damage|p2a: Dugtrio|14/100|[from] Stealth Rock
|move|p1a: Galvantula|Energy Ball|p2a: Dugtrio
|-supereffective|p2a: Dugtrio
|-crit|p2a: Dugtrio
|-damage|p2a: Dugtrio|0 fnt
|faint|p2a: Dugtrio
|
|-weather|Sandstorm|[upkeep]
|-damage|p1a: Galvantula|39/100|[from] Sandstorm
|upkeep
|
|switch|p2a: Cinderace|Cinderace, F|45/100
|-damage|p2a: Cinderace|20/100|[from] Stealth Rock
|turn|20
|
|move|p2a: Cinderace|Sucker Punch|p1a: Galvantula
|-damage|p1a: Galvantula|0 fnt
|faint|p1a: Galvantula
|
|-weather|Sandstorm|[upkeep]
|-damage|p2a: Cinderace|14/100|[from] Sandstorm
|upkeep
|
|switch|p1a: Excadrill|Excadrill, M|100/100
|-damage|p1a: Excadrill|97/100|[from] Stealth Rock
|turn|21
|
|move|p2a: Cinderace|Sucker Punch|p1a: Excadrill
|-damage|p1a: Excadrill|49/100
|move|p1a: Excadrill|Rapid Spin|p2a: Cinderace
|-damage|p2a: Cinderace|0 fnt
|-sideend|p1: Miliak|Stealth Rock|[from] move: Rapid Spin|[of] p1a: Excadrill
|-boost|p1a: Excadrill|spe|1
|-damage|p1a: Excadrill|39/100|[from] item: Life Orb
|faint|p2a: Cinderace
|
|-weather|Sandstorm|[upkeep]
|upkeep
|
|switch|p2a: Corviknight|Corviknight, F|81/100
|-damage|p2a: Corviknight|68/100|[from] Stealth Rock
|turn|22
|
|move|p1a: Excadrill|Rock Slide|p2a: Corviknight
|-damage|p2a: Corviknight|44/100
|-damage|p1a: Excadrill|29/100|[from] item: Life Orb
|move|p2a: Corviknight|Body Press|p1a: Excadrill
|-supereffective|p1a: Excadrill
|-damage|p1a: Excadrill|0 fnt
|faint|p1a: Excadrill
|
|-weather|none
|-heal|p2a: Corviknight|50/100|[from] item: Leftovers
|upkeep
|
|switch|p1a: Gengar|Gengar, F|88/100
|turn|23
|
|move|p1a: Gengar|Substitute|p1a: Gengar
|-start|p1a: Gengar|Substitute
|-damage|p1a: Gengar|63/100
|move|p2a: Corviknight|Roost|p2a: Corviknight
|-heal|p2a: Corviknight|100/100
|-singleturn|p2a: Corviknight|move: Roost
|
|-heal|p1a: Gengar|70/100|[from] item: Black Sludge
|upkeep
|turn|24
|
|move|p1a: Gengar|Nasty Plot|p1a: Gengar
|-boost|p1a: Gengar|spa|2
|move|p2a: Corviknight|Defog|p1a: Gengar
|-sideend|p2: Antimatiere333|Stealth Rock|[from] move: Defog|[of] p2a: Corviknight
|
|-heal|p1a: Gengar|76/100|[from] item: Black Sludge
|upkeep
|turn|25
|
|move|p1a: Gengar|Nasty Plot|p1a: Gengar
|-boost|p1a: Gengar|spa|2
|move|p2a: Corviknight|U-turn|p1a: Gengar
|-resisted|p1a: Gengar
|-activate|p1a: Gengar|move: Substitute|[damage]
|
|switch|p2a: Grimmsnarl|Grimmsnarl, M|100/100|[from]move: U-turn
|
|-heal|p1a: Gengar|82/100|[from] item: Black Sludge
|upkeep
|turn|26
|
|move|p2a: Grimmsnarl|Taunt|p1a: Gengar
|-start|p1a: Gengar|move: Taunt
|move|p1a: Gengar|Sludge Wave|p2a: Grimmsnarl
|-supereffective|p2a: Grimmsnarl
|-damage|p2a: Grimmsnarl|0 fnt
|faint|p2a: Grimmsnarl
|
|-heal|p1a: Gengar|88/100|[from] item: Black Sludge
|upkeep
|
|switch|p2a: Hydreigon|Hydreigon, M|58/100
|turn|27
|
|move|p2a: Hydreigon|U-turn|p1a: Gengar
|-resisted|p1a: Gengar
|-activate|p1a: Gengar|move: Substitute|[damage]
|
|switch|p2a: Corviknight|Corviknight, F|100/100|[from]move: U-turn
|move|p1a: Gengar|Sludge Wave|p2a: Corviknight
|-immune|p2a: Corviknight
|
|-heal|p1a: Gengar|94/100|[from] item: Black Sludge
|upkeep
|turn|28
|
|move|p1a: Gengar|Shadow Ball|p2a: Corviknight
|-damage|p2a: Corviknight|0 fnt
|faint|p2a: Corviknight
|
|-heal|p1a: Gengar|100/100|[from] item: Black Sludge
|-end|p1a: Gengar|move: Taunt
|upkeep
|
|switch|p2a: Hydreigon|Hydreigon, M|58/100
|turn|29
|
|move|p2a: Hydreigon|Dark Pulse|p1a: Gengar
|-supereffective|p1a: Gengar
|-end|p1a: Gengar|Substitute
|move|p1a: Gengar|Sludge Wave|p2a: Hydreigon
|-damage|p2a: Hydreigon|0 fnt
|faint|p2a: Hydreigon
|
|upkeep
|
|switch|p2a: Seismitoad|Seismitoad, F|28/100
|turn|30
|
|move|p1a: Gengar|Shadow Ball|p2a: Seismitoad
|-damage|p2a: Seismitoad|0 fnt
|faint|p2a: Seismitoad
|
|win|Miliak
|l|☆Antimatiere333
|raw|Miliak's rating: 1085 → 1116(+31 for winning)
|raw|Antimatiere333's rating: 1132 → 1103(-29 for losing)
