|ScrapeTime|2020-01-01-05:44:53
|j|☆undaddy
|j|☆KKirby
|player|p1|undaddy|wally|
|player|p2|KKirby|102|
|teamsize|p1|6
|teamsize|p2|6
|gametype|singles
|gen|8
|tier|[Gen 8] OU
|rule|Sleep Clause Mod: Limit one foe put to sleep
|rule|Species Clause: Limit one of each Pokémon
|rule|OHKO Clause: OHKO moves are banned
|rule|Evasion Moves Clause: Evasion moves are banned
|rule|Endless Battle Clause: Forcing endless battles is banned
|rule|HP Percentage Mod: HP is shown in percentages
|clearpoke
|poke|p1|Dracozolt|
|poke|p1|Clefable, F|
|poke|p1|Toxapex, F|
|poke|p1|Corviknight, F|
|poke|p1|Hydreigon, F|
|poke|p1|Diggersby, M|
|poke|p2|Dragapult, F|
|poke|p2|Cinderace, F|
|poke|p2|Obstagoon, F|
|poke|p2|Seismitoad, F|
|poke|p2|Corviknight, F|
|poke|p2|Rotom-Wash|
|rule|Dynamax Clause: You cannot dynamax
|teampreview
|inactive|Battle timer is ON: inactive players will automatically lose when time's up. (requested by undaddy)
|c|☆KKirby|dog
|c|☆KKirby|this is the same fucking shit LOL
|c|☆undaddy|its got a dracozolt
|c|☆KKirby|but know u have the electric egg
|c|☆undaddy|gg
|inactive|KKirby has 270 seconds left.
|
|start
|switch|p1a: Diggersby|Diggersby, M|100/100
|switch|p2a: Bolt Kick|Cinderace, F|100/100
|turn|1
|
|switch|p2a: RoTomorrow|Rotom-Wash|100/100
|move|p1a: Diggersby|Earthquake|p2a: RoTomorrow
|-immune|p2a: RoTomorrow|[from] ability: Levitate
|
|upkeep
|turn|2
|
|switch|p1a: Clefable|Clefable, F|100/100
|move|p2a: RoTomorrow|Trick|p1a: Clefable
|-activate|p2a: RoTomorrow|move: Trick|[of] p1a: Clefable
|-item|p1a: Clefable|Choice Scarf|[from] move: Trick
|-item|p2a: RoTomorrow|Leftovers|[from] move: Trick
|
|upkeep
|turn|3
|c|☆KKirby|someone behind in the meta
|c|☆KKirby|LO Clef the new groove
|
|move|p2a: RoTomorrow|Volt Switch|p1a: Clefable
|-damage|p1a: Clefable|71/100
|
|switch|p2a: Bolt Kick|Cinderace, F|100/100|[from]move: Volt Switch
|move|p1a: Clefable|Stealth Rock|p2a: Bolt Kick
|-sidestart|p2: KKirby|move: Stealth Rock
|
|upkeep
|turn|4
|c|☆undaddy|this is the only 2 teams witout bruh
|
|move|p2a: Bolt Kick|Taunt|p1a: Clefable
|-start|p1a: Clefable|move: Taunt
|cant|p1a: Clefable|move: Taunt|Stealth Rock
|
|upkeep
|turn|5
|
|switch|p1a: Toxapex|Toxapex, F|100/100
|move|p2a: Bolt Kick|Court Change|p2a: Bolt Kick
|-sideend|p2: KKirby|Stealth Rock|[silent]
|-sidestart|p1: undaddy|Stealth Rock|[silent]
|-activate|p2a: Bolt Kick|move: Court Change
|
|upkeep
|turn|6
|
|move|p2a: Bolt Kick|U-turn|p1a: Toxapex
|-resisted|p1a: Toxapex
|-damage|p1a: Toxapex|93/100
|
|switch|p2a: RoTomorrow|Rotom-Wash|100/100|[from]move: U-turn
|move|p1a: Toxapex|Scald|p2a: RoTomorrow
|-resisted|p2a: RoTomorrow
|-damage|p2a: RoTomorrow|88/100
|
|-heal|p2a: RoTomorrow|95/100|[from] item: Leftovers
|-heal|p1a: Toxapex|99/100|[from] item: Black Sludge
|upkeep
|turn|7
|
|move|p2a: RoTomorrow|Volt Switch|p1a: Toxapex
|-supereffective|p1a: Toxapex
|-damage|p1a: Toxapex|51/100
|
|switch|p2a: GOON GANG|Obstagoon, F|100/100|[from]move: Volt Switch
|move|p1a: Toxapex|Toxic Spikes|p2a: GOON GANG
|-sidestart|p2: KKirby|move: Toxic Spikes
|
|-heal|p1a: Toxapex|58/100|[from] item: Black Sludge
|-status|p2a: GOON GANG|brn|[from] item: Flame Orb
|upkeep
|turn|8
|
|move|p2a: GOON GANG|Knock Off|p1a: Toxapex
|-damage|p1a: Toxapex|17/100
|-enditem|p1a: Toxapex|Black Sludge|[from] move: Knock Off|[of] p2a: GOON GANG
|move|p1a: Toxapex|Recover|p1a: Toxapex
|-heal|p1a: Toxapex|67/100
|
|-damage|p2a: GOON GANG|94/100 brn|[from] brn
|upkeep
|turn|9
|
|switch|p1a: Corviknight|Corviknight, F|100/100
|-damage|p1a: Corviknight|88/100|[from] Stealth Rock
|move|p2a: GOON GANG|Facade|p1a: Corviknight
|-resisted|p1a: Corviknight
|-damage|p1a: Corviknight|62/100
|-damage|p2a: GOON GANG|78/100 brn|[from] item: Rocky Helmet|[of] p1a: Corviknight
|
|-damage|p2a: GOON GANG|72/100 brn|[from] brn
|upkeep
|turn|10
|
|move|p2a: GOON GANG|Trick|p1a: Corviknight
|-activate|p2a: GOON GANG|move: Trick|[of] p1a: Corviknight
|-item|p1a: Corviknight|Flame Orb|[from] move: Trick
|-item|p2a: GOON GANG|Rocky Helmet|[from] move: Trick
|move|p1a: Corviknight|Body Press|p2a: GOON GANG
|-supereffective|p2a: GOON GANG
|-damage|p2a: GOON GANG|0 fnt
|-damage|p1a: Corviknight|46/100|[from] item: Rocky Helmet|[of] p2a: GOON GANG
|faint|p2a: GOON GANG
|
|-status|p1a: Corviknight|brn|[from] item: Flame Orb
|upkeep
|c|☆undaddy|HUH
|c|☆undaddy|WTF IS THIS
|c|☆undaddy|how u got trick on everything
|c|☆KKirby|LMAO
|c|☆undaddy|this is so un
|
|switch|p2a: RoTomorrow|Rotom-Wash|95/100
|turn|11
|c|☆undaddy|delete this shit
|
|switch|p1a: Clefable|Clefable, F|71/100
|move|p2a: RoTomorrow|Volt Switch|p1a: Clefable
|-damage|p1a: Clefable|43/100
|
|switch|p2a: Bolt Kick|Cinderace, F|100/100|[from]move: Volt Switch
|
|upkeep
|turn|12
|
|move|p1a: Clefable|Protect|p1a: Clefable
|-singleturn|p1a: Clefable|Protect
|move|p2a: Bolt Kick|Pyro Ball|p1a: Clefable
|-activate|p1a: Clefable|move: Protect
|
|upkeep
|turn|13
|c|☆KKirby|u scarfed into protect
|
|switch|p1a: Toxapex|Toxapex, F|99/100
|-damage|p1a: Toxapex|88/100|[from] Stealth Rock
|move|p2a: Bolt Kick|U-turn|p1a: Toxapex
|-resisted|p1a: Toxapex
|-damage|p1a: Toxapex|81/100
|c|☆undaddy|yessir
|
|switch|p2a: BIRD|Corviknight, F|100/100|[from]move: U-turn
|-ability|p2a: BIRD|Pressure
|
|upkeep
|turn|14
|
|switch|p1a: Dracozolt|Dracozolt|100/100
|-damage|p1a: Dracozolt|88/100|[from] Stealth Rock
|move|p2a: BIRD|Defog|p1a: Dracozolt
|-unboost|p1a: Dracozolt|evasion|1
|-sideend|p1: undaddy|Stealth Rock|[from] move: Defog|[of] p2a: BIRD
|-sideend|p2: KKirby|Toxic Spikes|[from] move: Defog|[of] p2a: BIRD
|
|upkeep
|turn|15
|
|switch|p2a: SeismiGOAT|Seismitoad, F|100/100
|move|p1a: Dracozolt|Dragon Claw|p2a: SeismiGOAT
|-damage|p2a: SeismiGOAT|36/100
|
|-heal|p2a: SeismiGOAT|42/100|[from] item: Leftovers
|upkeep
|turn|16
|c|☆KKirby|Eat ass
|
|switch|p2a: BIRD|Corviknight, F|100/100
|-ability|p2a: BIRD|Pressure
|move|p1a: Dracozolt|Dragon Claw|p2a: BIRD
|-resisted|p2a: BIRD
|-damage|p2a: BIRD|70/100
|
|-heal|p2a: BIRD|76/100|[from] item: Leftovers
|upkeep
|turn|17
|c|☆undaddy|sometimes its too easy
|
|switch|p1a: Hydreigon|Hydreigon, F|100/100
|move|p2a: BIRD|U-turn|p1a: Hydreigon
|-supereffective|p1a: Hydreigon
|-damage|p1a: Hydreigon|69/100
|
|switch|p2a: Bolt Kick|Cinderace, F|100/100|[from]move: U-turn
|
|-heal|p1a: Hydreigon|75/100|[from] item: Leftovers
|upkeep
|turn|18
|c|☆undaddy|oh
|c|☆undaddy|not bulkup
|c|☆undaddy|ok
|
|switch|p1a: Toxapex|Toxapex, F|100/100
|move|p2a: Bolt Kick|U-turn|p1a: Toxapex
|-resisted|p1a: Toxapex
|-damage|p1a: Toxapex|94/100
|
|switch|p2a: Pult Up|Dragapult, F|100/100|[from]move: U-turn
|
|upkeep
|turn|19
|
|move|p2a: Pult Up|Substitute|p2a: Pult Up
|-start|p2a: Pult Up|Substitute
|-damage|p2a: Pult Up|76/100
|move|p1a: Toxapex|Toxic Spikes|p2a: Pult Up
|-sidestart|p2: KKirby|move: Toxic Spikes
|
|upkeep
|turn|20
|
|move|p2a: Pult Up|Dragon Dance|p2a: Pult Up
|-boost|p2a: Pult Up|atk|1
|-boost|p2a: Pult Up|spe|1
|move|p1a: Toxapex|Haze|p1a: Toxapex
|-clearallboost
|
|upkeep
|turn|21
|c|☆KKirby|ok lets play this game
|
|move|p2a: Pult Up|Dragon Darts|p1a: Toxapex
|-damage|p1a: Toxapex|71/100
|-damage|p1a: Toxapex|49/100
|-hitcount|p1a: Toxapex|2
|move|p1a: Toxapex|Haze|p1a: Toxapex
|-clearallboost
|
|upkeep
|turn|22
|c|☆undaddy|YOO
|c|☆undaddy|TO MUCH
|
|move|p2a: Pult Up|Dragon Dance|p2a: Pult Up
|-boost|p2a: Pult Up|atk|1
|-boost|p2a: Pult Up|spe|1
|move|p1a: Toxapex|Recover|p1a: Toxapex
|-heal|p1a: Toxapex|99/100
|
|upkeep
|turn|23
|
|move|p2a: Pult Up|Dragon Darts|p1a: Toxapex
|-damage|p1a: Toxapex|69/100
|-damage|p1a: Toxapex|40/100
|-hitcount|p1a: Toxapex|2
|move|p1a: Toxapex|Haze|p1a: Toxapex
|-clearallboost
|
|upkeep
|turn|24
|
|move|p2a: Pult Up|Dragon Darts|p1a: Toxapex
|-damage|p1a: Toxapex|20/100
|-damage|p1a: Toxapex|0 fnt
|-hitcount|p1a: Toxapex|2
|faint|p1a: Toxapex
|
|upkeep
|c|☆undaddy|o
|c|☆KKirby|LOL
|c|☆undaddy|misclicked
|
|switch|p1a: Clefable|Clefable, F|43/100
|turn|25
|
|move|p2a: Pult Up|Phantom Force||[still]
|-prepare|p2a: Pult Up|Phantom Force|p1a: Clefable
|move|p1a: Clefable|Moonblast|p2a: Pult Up|[miss]
|-miss|p1a: Clefable|p2a: Pult Up
|
|upkeep
|turn|26
|
|switch|p1a: Diggersby|Diggersby, M|100/100
|move|p2a: Pult Up|Phantom Force|p1a: Diggersby|[from]lockedmove
|-immune|p1a: Diggersby
|
|upkeep
|turn|27
|
|move|p1a: Diggersby|Earthquake|p2a: Pult Up
|-end|p2a: Pult Up|Substitute
|move|p2a: Pult Up|Dragon Darts|p1a: Diggersby
|-damage|p1a: Diggersby|55/100
|-damage|p1a: Diggersby|10/100
|-hitcount|p1a: Diggersby|2
|
|upkeep
|turn|28
|c|☆KKirby|scarfsby
|
|switch|p1a: Dracozolt|Dracozolt|88/100
|move|p2a: Pult Up|Dragon Darts|p1a: Dracozolt
|-supereffective|p1a: Dracozolt
|-damage|p1a: Dracozolt|15/100
|-supereffective|p1a: Dracozolt
|-damage|p1a: Dracozolt|0 fnt
|-hitcount|p1a: Dracozolt|2
|faint|p1a: Dracozolt
|
|upkeep
|c|☆undaddy|no
|c|☆KKirby|LOL
|c|☆undaddy|dang
|c|☆undaddy|my opponent sucks
|c|☆undaddy|nothing i can do
|c|☆undaddy|Lmaow
|-message|undaddy forfeited.
|
|win|KKirby
|l|☆undaddy
