|ScrapeTime|2020-01-01-10:54:55
|j|☆dani on wii fit
|j|☆OilyBootySpex
|player|p1|dani on wii fit|silver-gen2|1494
|player|p2|OilyBootySpex|12|1503
|teamsize|p1|6
|teamsize|p2|6
|gametype|singles
|gen|8
|tier|[Gen 8] OU
|rated|
|rule|Sleep Clause Mod: Limit one foe put to sleep
|rule|Species Clause: Limit one of each Pokémon
|rule|OHKO Clause: OHKO moves are banned
|rule|Evasion Moves Clause: Evasion moves are banned
|rule|Endless Battle Clause: Forcing endless battles is banned
|rule|HP Percentage Mod: HP is shown in percentages
|clearpoke
|poke|p1|Roserade, M|
|poke|p1|Hydreigon, M|
|poke|p1|Clefable, M|
|poke|p1|Torkoal, M|
|poke|p1|Jellicent, F|
|poke|p1|Dracovish|
|poke|p2|Rotom-Mow|
|poke|p2|Clefable, M|
|poke|p2|Dragapult, F|
|poke|p2|Bisharp, F|
|poke|p2|Conkeldurr, F|
|poke|p2|Mimikyu, M|
|rule|Dynamax Clause: You cannot dynamax
|teampreview
|inactive|Battle timer is ON: inactive players will automatically lose when time's up. (requested by dani on wii fit)
|
|start
|switch|p1a: Hydreigon|Hydreigon, M|100/100
|switch|p2a: Dragapult|Dragapult, F|100/100
|turn|1
|
|switch|p2a: Clefable|Clefable, M|100/100
|move|p1a: Hydreigon|U-turn|p2a: Clefable
|-resisted|p2a: Clefable
|-damage|p2a: Clefable|95/100
|
|switch|p1a: Dracovish|Dracovish|100/100|[from]move: U-turn
|
|-heal|p2a: Clefable|100/100|[from] item: Leftovers
|upkeep
|turn|2
|
|move|p2a: Clefable|Protect|p2a: Clefable
|-singleturn|p2a: Clefable|Protect
|move|p1a: Dracovish|Fishious Rend|p2a: Clefable
|-activate|p2a: Clefable|move: Protect
|
|upkeep
|turn|3
|
|switch|p1a: Torkoal|Torkoal, M|100/100
|-weather|SunnyDay|[from] ability: Drought|[of] p1a: Torkoal
|move|p2a: Clefable|Stealth Rock|p1a: Torkoal
|-sidestart|p1: dani on wii fit|move: Stealth Rock
|
|-weather|SunnyDay|[upkeep]
|upkeep
|turn|4
|
|switch|p2a: Conkeldurr|Conkeldurr, F|100/100
|move|p1a: Torkoal|Yawn|p2a: Conkeldurr
|-start|p2a: Conkeldurr|move: Yawn|[of] p1a: Torkoal
|
|-weather|SunnyDay|[upkeep]
|-status|p2a: Conkeldurr|brn|[from] item: Flame Orb
|upkeep
|turn|5
|
|move|p2a: Conkeldurr|Earthquake|p1a: Torkoal
|-supereffective|p1a: Torkoal
|-crit|p1a: Torkoal
|-damage|p1a: Torkoal|0 fnt
|faint|p1a: Torkoal
|
|-weather|SunnyDay|[upkeep]
|-damage|p2a: Conkeldurr|94/100 brn|[from] brn
|-end|p2a: Conkeldurr|move: Yawn|[silent]
|upkeep
|
|switch|p1a: Dracovish|Dracovish|100/100
|-damage|p1a: Dracovish|88/100|[from] Stealth Rock
|turn|6
|
|switch|p2a: Rotom|Rotom-Mow|100/100
|move|p1a: Dracovish|Fishious Rend|p2a: Rotom
|-resisted|p2a: Rotom
|-damage|p2a: Rotom|61/100
|
|-weather|SunnyDay|[upkeep]
|-heal|p2a: Rotom|67/100|[from] item: Leftovers
|upkeep
|turn|7
|
|switch|p1a: Hydreigon|Hydreigon, M|100/100
|-damage|p1a: Hydreigon|88/100|[from] Stealth Rock
|move|p2a: Rotom|Substitute|p2a: Rotom
|-start|p2a: Rotom|Substitute
|-damage|p2a: Rotom|42/100
|
|-weather|none
|-heal|p2a: Rotom|49/100|[from] item: Leftovers
|upkeep
|turn|8
|
|move|p1a: Hydreigon|Dark Pulse|p2a: Rotom
|-end|p2a: Rotom|Substitute
|move|p2a: Rotom|Thunderbolt|p1a: Hydreigon
|-resisted|p1a: Hydreigon
|-damage|p1a: Hydreigon|68/100
|
|-heal|p2a: Rotom|55/100|[from] item: Leftovers
|upkeep
|turn|9
|
|switch|p1a: Dracovish|Dracovish|88/100
|-damage|p1a: Dracovish|76/100|[from] Stealth Rock
|switch|p2a: Clefable|Clefable, M|100/100
|
|upkeep
|turn|10
|
|move|p2a: Clefable|Protect|p2a: Clefable
|-singleturn|p2a: Clefable|Protect
|move|p1a: Dracovish|Psychic Fangs|p2a: Clefable
|-activate|p2a: Clefable|move: Protect
|
|upkeep
|turn|11
|
|switch|p1a: Hydreigon|Hydreigon, M|68/100
|-damage|p1a: Hydreigon|56/100|[from] Stealth Rock
|move|p2a: Clefable|Wish|p2a: Clefable
|
|upkeep
|turn|12
|
|move|p1a: Hydreigon|U-turn|p2a: Clefable
|-resisted|p2a: Clefable
|-damage|p2a: Clefable|94/100
|
|switch|p1a: Dracovish|Dracovish|76/100|[from]move: U-turn
|-damage|p1a: Dracovish|63/100|[from] Stealth Rock
|move|p2a: Clefable|Moonblast|p1a: Dracovish
|-supereffective|p1a: Dracovish
|-damage|p1a: Dracovish|0 fnt
|faint|p1a: Dracovish
|
|-heal|p2a: Clefable|100/100|[from] move: Wish|[wisher] Clefable
|upkeep
|
|switch|p1a: Roserade|Roserade, M|100/100
|-damage|p1a: Roserade|88/100|[from] Stealth Rock
|turn|13
|
|switch|p2a: Dragapult|Dragapult, F|100/100
|move|p1a: Roserade|Giga Drain|p2a: Dragapult
|-resisted|p2a: Dragapult
|-damage|p2a: Dragapult|67/100
|-heal|p1a: Roserade|100/100|[from] drain|[of] p2a: Dragapult
|-damage|p1a: Roserade|91/100|[from] item: Life Orb
|
|upkeep
|turn|14
|
|move|p2a: Dragapult|Fire Blast|p1a: Roserade
|-supereffective|p1a: Roserade
|-damage|p1a: Roserade|0 fnt
|faint|p1a: Roserade
|
|upkeep
|-message|dani on wii fit forfeited.
|
|win|OilyBootySpex
|l|☆dani on wii fit
|raw|dani on wii fit's rating: 1494 → 1474(-20 for losing)
|raw|OilyBootySpex's rating: 1503 → 1523(+20 for winning)
