|ScrapeTime|2020-01-01-12:06:43
|j|☆The Last Hero
|j|☆Pavijo28
|player|p1|The Last Hero|acetrainersnow|1779
|player|p2|Pavijo28|282|1694
|teamsize|p1|6
|teamsize|p2|6
|gametype|singles
|gen|8
|tier|[Gen 8] OU
|rated|
|rule|Sleep Clause Mod: Limit one foe put to sleep
|rule|Species Clause: Limit one of each Pokémon
|rule|OHKO Clause: OHKO moves are banned
|rule|Evasion Moves Clause: Evasion moves are banned
|rule|Endless Battle Clause: Forcing endless battles is banned
|rule|HP Percentage Mod: HP is shown in percentages
|clearpoke
|poke|p1|Umbreon, M|
|poke|p1|Togekiss, M|
|poke|p1|Gengar, M|
|poke|p1|Corviknight, M|
|poke|p1|Seismitoad, M|
|poke|p1|Frosmoth, M|
|poke|p2|Mimikyu, F|
|poke|p2|Hatterene, F|
|poke|p2|Indeedee, M|
|poke|p2|Arctozolt|
|poke|p2|Jellicent, F|
|poke|p2|Diggersby, M|
|rule|Dynamax Clause: You cannot dynamax
|teampreview
|j| lootad
|j| TheLindomar
|inactive|Battle timer is ON: inactive players will automatically lose when time's up. (requested by The Last Hero)
|
|start
|switch|p1a: Dark Eeveeto|Umbreon, M|100/100
|switch|p2a: Indeedee|Indeedee, M|100/100
|-fieldstart|move: Psychic Terrain|[from] ability: Psychic Surge|[of] p2a: Indeedee
|turn|1
|
|switch|p2a: Queeny|Hatterene, F|100/100
|move|p1a: Dark Eeveeto|Mean Look|p2a: Queeny
|move|p2a: Queeny|Mean Look|p1a: Dark Eeveeto|[from]Magic Bounce
|-activate|p1a: Dark Eeveeto|trapped
|
|upkeep
|turn|2
|c|☆The Last Hero|Fuck
|
|move|p1a: Dark Eeveeto|Foul Play|p2a: Queeny
|-damage|p2a: Queeny|79/100
|move|p2a: Queeny|Calm Mind|p2a: Queeny
|-boost|p2a: Queeny|spa|1
|-boost|p2a: Queeny|spd|1
|
|-heal|p2a: Queeny|85/100|[from] item: Leftovers
|upkeep
|turn|3
|c|☆The Last Hero|this was a fatal mistake
|
|move|p1a: Dark Eeveeto|Foul Play|p2a: Queeny
|-damage|p2a: Queeny|65/100
|move|p2a: Queeny|Calm Mind|p2a: Queeny
|-boost|p2a: Queeny|spa|1
|-boost|p2a: Queeny|spd|1
|
|-heal|p2a: Queeny|71/100|[from] item: Leftovers
|upkeep
|turn|4
|l| TheLindomar
|
|move|p1a: Dark Eeveeto|Foul Play|p2a: Queeny
|-damage|p2a: Queeny|48/100
|move|p2a: Queeny|Calm Mind|p2a: Queeny
|-boost|p2a: Queeny|spa|1
|-boost|p2a: Queeny|spd|1
|
|-heal|p2a: Queeny|54/100|[from] item: Leftovers
|upkeep
|turn|5
|
|move|p1a: Dark Eeveeto|Foul Play|p2a: Queeny
|-damage|p2a: Queeny|34/100
|move|p2a: Queeny|Draining Kiss|p1a: Dark Eeveeto
|-supereffective|p1a: Dark Eeveeto
|-damage|p1a: Dark Eeveeto|21/100
|-heal|p2a: Queeny|100/100|[from] drain|[of] p1a: Dark Eeveeto
|
|-heal|p1a: Dark Eeveeto|27/100|[from] item: Leftovers
|-fieldend|move: Psychic Terrain
|upkeep
|turn|6
|
|move|p1a: Dark Eeveeto|Foul Play|p2a: Queeny
|-damage|p2a: Queeny|81/100
|move|p2a: Queeny|Calm Mind|p2a: Queeny
|-boost|p2a: Queeny|spa|1
|-boost|p2a: Queeny|spd|1
|
|-heal|p1a: Dark Eeveeto|33/100|[from] item: Leftovers
|-heal|p2a: Queeny|87/100|[from] item: Leftovers
|upkeep
|turn|7
|
|move|p1a: Dark Eeveeto|Foul Play|p2a: Queeny
|-damage|p2a: Queeny|66/100
|move|p2a: Queeny|Calm Mind|p2a: Queeny
|-boost|p2a: Queeny|spa|1
|-boost|p2a: Queeny|spd|1
|
|-heal|p1a: Dark Eeveeto|39/100|[from] item: Leftovers
|-heal|p2a: Queeny|72/100|[from] item: Leftovers
|upkeep
|turn|8
|
|move|p1a: Dark Eeveeto|Foul Play|p2a: Queeny
|-crit|p2a: Queeny
|-damage|p2a: Queeny|39/100
|move|p2a: Queeny|Calm Mind|p2a: Queeny
|-boost|p2a: Queeny|spa|1
|-boost|p2a: Queeny|spd|1
|
|-heal|p1a: Dark Eeveeto|46/100|[from] item: Leftovers
|-heal|p2a: Queeny|45/100|[from] item: Leftovers
|upkeep
|turn|9
|
|move|p1a: Dark Eeveeto|Foul Play|p2a: Queeny
|-damage|p2a: Queeny|25/100
|move|p2a: Queeny|Draining Kiss|p1a: Dark Eeveeto
|-supereffective|p1a: Dark Eeveeto
|-damage|p1a: Dark Eeveeto|0 fnt
|-heal|p2a: Queeny|67/100|[from] drain|[of] p1a: Dark Eeveeto
|faint|p1a: Dark Eeveeto
|
|-heal|p2a: Queeny|73/100|[from] item: Leftovers
|upkeep
|
|switch|p1a: Crow of Judgement|Corviknight, M|100/100
|-ability|p1a: Crow of Judgement|Pressure
|turn|10
|
|move|p1a: Crow of Judgement|Brave Bird|p2a: Queeny
|-damage|p2a: Queeny|42/100
|-damage|p1a: Crow of Judgement|92/100|[from] Recoil
|move|p2a: Queeny|Draining Kiss|p1a: Crow of Judgement
|-resisted|p1a: Crow of Judgement
|-damage|p1a: Crow of Judgement|53/100
|-heal|p2a: Queeny|78/100|[from] drain|[of] p1a: Crow of Judgement
|
|-heal|p1a: Crow of Judgement|59/100|[from] item: Leftovers
|-heal|p2a: Queeny|84/100|[from] item: Leftovers
|upkeep
|turn|11
|
|move|p1a: Crow of Judgement|Brave Bird|p2a: Queeny
|-damage|p2a: Queeny|54/100
|-damage|p1a: Crow of Judgement|51/100|[from] Recoil
|move|p2a: Queeny|Draining Kiss|p1a: Crow of Judgement
|-resisted|p1a: Crow of Judgement
|-damage|p1a: Crow of Judgement|18/100
|-heal|p2a: Queeny|85/100|[from] drain|[of] p1a: Crow of Judgement
|
|-heal|p1a: Crow of Judgement|25/100|[from] item: Leftovers
|-heal|p2a: Queeny|91/100|[from] item: Leftovers
|upkeep
|turn|12
|
|move|p1a: Crow of Judgement|Brave Bird|p2a: Queeny
|-damage|p2a: Queeny|60/100
|-damage|p1a: Crow of Judgement|17/100|[from] Recoil
|move|p2a: Queeny|Mystical Fire|p1a: Crow of Judgement
|-supereffective|p1a: Crow of Judgement
|-damage|p1a: Crow of Judgement|0 fnt
|faint|p1a: Crow of Judgement
|
|-heal|p2a: Queeny|66/100|[from] item: Leftovers
|upkeep
|
|switch|p1a: Prisrak|Gengar, M|100/100
|turn|13
|
|move|p1a: Prisrak|Sludge Wave|p2a: Queeny
|-supereffective|p2a: Queeny
|-damage|p2a: Queeny|41/100
|-status|p2a: Queeny|psn
|move|p2a: Queeny|Psychic|p1a: Prisrak
|-supereffective|p1a: Prisrak
|-damage|p1a: Prisrak|0 fnt
|faint|p1a: Prisrak
|
|-heal|p2a: Queeny|47/100 psn|[from] item: Leftovers
|-damage|p2a: Queeny|35/100 psn|[from] psn
|upkeep
|
|switch|p1a: Hax Master|Togekiss, M|100/100
|turn|14
|
|move|p1a: Hax Master|Air Slash|p2a: Queeny
|-damage|p2a: Queeny|24/100 psn
|cant|p2a: Queeny|flinch
|
|-heal|p2a: Queeny|30/100 psn|[from] item: Leftovers
|-damage|p2a: Queeny|18/100 psn|[from] psn
|upkeep
|turn|15
|
|move|p1a: Hax Master|Air Slash|p2a: Queeny
|-damage|p2a: Queeny|8/100 psn
|cant|p2a: Queeny|flinch
|
|-heal|p2a: Queeny|14/100 psn|[from] item: Leftovers
|-damage|p2a: Queeny|2/100 psn|[from] psn
|upkeep
|turn|16
|
|move|p1a: Hax Master|Ancient Power|p2a: Queeny
|-damage|p2a: Queeny|0 fnt
|faint|p2a: Queeny
|
|upkeep
|j| TheLindomar
|
|switch|p2a: Dayo|Mimikyu, F|100/100
|turn|17
|l| TheLindomar
|j| bange
|j| Scientist Kurt
|
|move|p1a: Hax Master|Ancient Power|p2a: Dayo
|-activate|p2a: Dayo|ability: Disguise
|-damage|p2a: Dayo|100/100
|detailschange|p2a: Dayo|Mimikyu-Busted, F
|-damage|p2a: Dayo|88/100|[from] ability: Disguise|[of] p2a: Dayo
|-enditem|p2a: Dayo|Red Card|[of] p1a: Hax Master
|drag|p1a: Icy Volc|Frosmoth, M|100/100
|move|p2a: Dayo|Trick Room|p2a: Dayo
|-fieldstart|move: Trick Room|[of] p2a: Dayo
|
|upkeep
|turn|18
|j| tanghuiming
|
|switch|p2a: Arctozolt|Arctozolt|100/100
|move|p1a: Icy Volc|U-turn|p2a: Arctozolt
|-damage|p2a: Arctozolt|86/100
|
|switch|p1a: Vibracio|Seismitoad, M|100/100|[from]move: U-turn
|
|upkeep
|turn|19
|
|move|p1a: Vibracio|Protect|p1a: Vibracio
|-singleturn|p1a: Vibracio|Protect
|move|p2a: Arctozolt|Freeze-Dry|p1a: Vibracio
|-activate|p1a: Vibracio|move: Protect
|
|upkeep
|turn|20
|
|switch|p1a: Icy Volc|Frosmoth, M|100/100
|move|p2a: Arctozolt|Bolt Beak|p1a: Icy Volc
|-damage|p1a: Icy Volc|0 fnt
|-damage|p2a: Arctozolt|76/100|[from] item: Life Orb
|faint|p1a: Icy Volc
|
|upkeep
|
|switch|p1a: Vibracio|Seismitoad, M|100/100
|turn|21
|l| lootad
|
|switch|p2a: Dayo|Mimikyu-Busted, F|88/100
|move|p1a: Vibracio|Protect||[still]
|-fail|p1a: Vibracio
|
|-fieldend|move: Trick Room
|upkeep
|turn|22
|
|move|p2a: Dayo|Play Rough|p1a: Vibracio|[miss]
|-miss|p2a: Dayo|p1a: Vibracio
|move|p1a: Vibracio|Stealth Rock|p2a: Dayo
|-sidestart|p2: Pavijo28|move: Stealth Rock
|
|upkeep
|turn|23
|
|move|p2a: Dayo|Play Rough|p1a: Vibracio
|-damage|p1a: Vibracio|70/100
|move|p1a: Vibracio|Scald|p2a: Dayo
|-damage|p2a: Dayo|64/100
|
|-heal|p1a: Vibracio|76/100|[from] item: Leftovers
|upkeep
|turn|24
|
|move|p2a: Dayo|Play Rough|p1a: Vibracio
|-damage|p1a: Vibracio|47/100
|move|p1a: Vibracio|Scald|p2a: Dayo
|-damage|p2a: Dayo|36/100
|
|-heal|p1a: Vibracio|53/100|[from] item: Leftovers
|upkeep
|turn|25
|
|move|p2a: Dayo|Play Rough|p1a: Vibracio
|-damage|p1a: Vibracio|22/100
|move|p1a: Vibracio|Scald|p2a: Dayo
|-damage|p2a: Dayo|11/100
|
|-heal|p1a: Vibracio|28/100|[from] item: Leftovers
|upkeep
|turn|26
|
|move|p2a: Dayo|Play Rough|p1a: Vibracio
|-damage|p1a: Vibracio|0 fnt
|faint|p1a: Vibracio
|
|upkeep
|
|switch|p1a: Hax Master|Togekiss, M|100/100
|turn|27
|
|move|p2a: Dayo|Shadow Sneak|p1a: Hax Master
|-damage|p1a: Hax Master|80/100
|move|p1a: Hax Master|Ancient Power|p2a: Dayo
|-damage|p2a: Dayo|0 fnt
|faint|p2a: Dayo
|
|-heal|p1a: Hax Master|86/100|[from] item: Leftovers
|upkeep
|
|switch|p2a: Indeedee|Indeedee, M|100/100
|-damage|p2a: Indeedee|88/100|[from] Stealth Rock
|-fieldstart|move: Psychic Terrain|[from] ability: Psychic Surge|[of] p2a: Indeedee
|turn|28
|
|move|p1a: Hax Master|Air Slash|p2a: Indeedee
|-damage|p2a: Indeedee|45/100
|move|p2a: Indeedee|Trick Room|p2a: Indeedee
|-fieldstart|move: Trick Room|[of] p2a: Indeedee
|
|-heal|p1a: Hax Master|92/100|[from] item: Leftovers
|upkeep
|turn|29
|
|move|p2a: Indeedee|Psychic|p1a: Hax Master
|-damage|p1a: Hax Master|32/100
|move|p1a: Hax Master|Air Slash|p2a: Indeedee
|-damage|p2a: Indeedee|4/100
|
|-heal|p1a: Hax Master|38/100|[from] item: Leftovers
|upkeep
|turn|30
|-message|The Last Hero forfeited.
|
|win|Pavijo28
|l|☆The Last Hero
|raw|The Last Hero's rating: 1779 → 1754(-25 for losing)
|raw|Pavijo28's rating: 1694 → 1719(+25 for winning)
|l| bange
|l|☆Pavijo28
