|ScrapeTime|2020-01-02-13:44:34
|j|☆HSV22
|j|☆Criminal girls
|player|p1|HSV22|260|1402
|player|p2|Criminal girls|170|1428
|teamsize|p1|6
|teamsize|p2|6
|gametype|singles
|gen|8
|tier|[Gen 8] OU
|rated|
|rule|Sleep Clause Mod: Limit one foe put to sleep
|rule|Species Clause: Limit one of each Pokémon
|rule|OHKO Clause: OHKO moves are banned
|rule|Evasion Moves Clause: Evasion moves are banned
|rule|Endless Battle Clause: Forcing endless battles is banned
|rule|HP Percentage Mod: HP is shown in percentages
|clearpoke
|poke|p1|Dracozolt|
|poke|p1|Aegislash, M|
|poke|p1|Toxtricity, F|
|poke|p1|Ferrothorn, F|
|poke|p1|Corviknight, F|
|poke|p1|Seismitoad, M|
|poke|p2|Seismitoad, F|
|poke|p2|Aegislash, M|
|poke|p2|Ferrothorn, F|
|poke|p2|Rotom-Heat|
|poke|p2|Mandibuzz, F|
|poke|p2|Dragapult, F|
|rule|Dynamax Clause: You cannot dynamax
|teampreview
|
|start
|switch|p1a: Dracozolt|Dracozolt, shiny|100/100
|switch|p2a: Rotom|Rotom-Heat|100/100
|turn|1
|
|move|p1a: Dracozolt|Dragon Claw|p2a: Rotom
|-damage|p2a: Rotom|44/100
|move|p2a: Rotom|Will-O-Wisp|p1a: Dracozolt
|-status|p1a: Dracozolt|brn
|
|-heal|p2a: Rotom|50/100|[from] item: Leftovers
|-damage|p1a: Dracozolt|94/100 brn|[from] brn
|upkeep
|turn|2
|inactive|Battle timer is ON: inactive players will automatically lose when time's up. (requested by HSV22)
|
|switch|p1a: Seismitoad|Seismitoad, M, shiny|100/100
|switch|p2a: Ferrothorn|Ferrothorn, F|100/100
|
|upkeep
|turn|3
|
|move|p1a: Seismitoad|Stealth Rock|p2a: Ferrothorn
|-sidestart|p2: Criminal girls|move: Stealth Rock
|move|p2a: Ferrothorn|Leech Seed|p1a: Seismitoad
|-start|p1a: Seismitoad|move: Leech Seed
|
|-damage|p1a: Seismitoad|88/100|[from] Leech Seed|[of] p2a: Ferrothorn
|upkeep
|turn|4
|
|switch|p1a: Aegislash|Aegislash, M, shiny|100/100
|move|p2a: Ferrothorn|Gyro Ball|p1a: Aegislash
|-resisted|p1a: Aegislash
|-damage|p1a: Aegislash|88/100
|
|upkeep
|turn|5
|
|move|p1a: Aegislash|Swords Dance|p1a: Aegislash
|-boost|p1a: Aegislash|atk|2
|move|p2a: Ferrothorn|Leech Seed|p1a: Aegislash
|-start|p1a: Aegislash|move: Leech Seed
|
|-damage|p1a: Aegislash|76/100|[from] Leech Seed|[of] p2a: Ferrothorn
|upkeep
|turn|6
|
|switch|p2a: Seismitoad|Seismitoad, F|100/100
|-damage|p2a: Seismitoad|94/100|[from] Stealth Rock
|move|p1a: Aegislash|Swords Dance|p1a: Aegislash
|-boost|p1a: Aegislash|atk|2
|
|-heal|p2a: Seismitoad|100/100|[from] item: Leftovers
|-damage|p1a: Aegislash|63/100|[from] Leech Seed|[of] p2a: Seismitoad
|upkeep
|turn|7
|
|-formechange|p1a: Aegislash|Aegislash-Blade||[from] ability: Stance Change
|move|p1a: Aegislash|Shadow Sneak|p2a: Seismitoad
|-damage|p2a: Seismitoad|34/100
|-damage|p1a: Aegislash|53/100|[from] item: Life Orb
|move|p2a: Seismitoad|Scald|p1a: Aegislash
|-damage|p1a: Aegislash|12/100
|
|-heal|p2a: Seismitoad|40/100|[from] item: Leftovers
|-damage|p1a: Aegislash|0 fnt|[from] Leech Seed|[of] p2a: Seismitoad
|-heal|p2a: Seismitoad|49/100|[silent]
|faint|p1a: Aegislash
|upkeep
|
|switch|p1a: Toxtricity|Toxtricity, F|100/100
|turn|8
|
|move|p2a: Seismitoad|Protect|p2a: Seismitoad
|-singleturn|p2a: Seismitoad|Protect
|move|p1a: Toxtricity|Boomburst|p2a: Seismitoad
|-activate|p2a: Seismitoad|move: Protect
|
|-heal|p2a: Seismitoad|55/100|[from] item: Leftovers
|upkeep
|turn|9
|
|switch|p1a: Dracozolt|Dracozolt, shiny|94/100 brn
|switch|p2a: Aegislash|Aegislash, M|100/100
|-damage|p2a: Aegislash|94/100|[from] Stealth Rock
|
|-heal|p2a: Aegislash|100/100|[from] item: Leftovers
|-damage|p1a: Dracozolt|88/100 brn|[from] brn
|upkeep
|turn|10
|
|move|p1a: Dracozolt|Bolt Beak|p2a: Aegislash
|-damage|p2a: Aegislash|53/100
|move|p2a: Aegislash|Substitute|p2a: Aegislash
|-start|p2a: Aegislash|Substitute
|-damage|p2a: Aegislash|28/100
|
|-heal|p2a: Aegislash|34/100|[from] item: Leftovers
|-damage|p1a: Dracozolt|82/100 brn|[from] brn
|upkeep
|turn|11
|
|move|p2a: Aegislash|King's Shield|p2a: Aegislash
|-singleturn|p2a: Aegislash|Protect
|move|p1a: Dracozolt|Bolt Beak|p2a: Aegislash
|-activate|p2a: Aegislash|move: Protect
|-unboost|p1a: Dracozolt|atk|1
|
|-heal|p2a: Aegislash|41/100|[from] item: Leftovers
|-damage|p1a: Dracozolt|76/100 brn|[from] brn
|upkeep
|turn|12
|
|switch|p1a: Seismitoad|Seismitoad, M, shiny|88/100
|move|p2a: Aegislash|Substitute|p2a: Aegislash
|-fail|p2a: Aegislash|move: Substitute
|
|-heal|p1a: Seismitoad|94/100|[from] item: Leftovers
|-heal|p2a: Aegislash|47/100|[from] item: Leftovers
|upkeep
|turn|13
|
|move|p2a: Aegislash|King's Shield|p2a: Aegislash
|-singleturn|p2a: Aegislash|Protect
|move|p1a: Seismitoad|Earth Power|p2a: Aegislash
|-activate|p2a: Aegislash|move: Protect
|
|-heal|p1a: Seismitoad|99/100|[from] item: Leftovers
|-heal|p2a: Aegislash|53/100|[from] item: Leftovers
|upkeep
|turn|14
|
|move|p1a: Seismitoad|Earth Power|p2a: Aegislash
|-supereffective|p2a: Aegislash
|-end|p2a: Aegislash|Substitute
|-formechange|p2a: Aegislash|Aegislash-Blade||[from] ability: Stance Change
|move|p2a: Aegislash|Shadow Ball|p1a: Seismitoad
|-damage|p1a: Seismitoad|70/100
|
|-heal|p1a: Seismitoad|76/100|[from] item: Leftovers
|-heal|p2a: Aegislash|59/100|[from] item: Leftovers
|upkeep
|turn|15
|
|switch|p2a: Ferrothorn|Ferrothorn, F|100/100
|-damage|p2a: Ferrothorn|94/100|[from] Stealth Rock
|move|p1a: Seismitoad|Scald|p2a: Ferrothorn
|-resisted|p2a: Ferrothorn
|-damage|p2a: Ferrothorn|87/100
|
|-heal|p1a: Seismitoad|82/100|[from] item: Leftovers
|-heal|p2a: Ferrothorn|93/100|[from] item: Leftovers
|upkeep
|turn|16
|
|switch|p1a: Dracozolt|Dracozolt, shiny|76/100 brn
|move|p2a: Ferrothorn|Leech Seed|p1a: Dracozolt
|-start|p1a: Dracozolt|move: Leech Seed
|
|-heal|p2a: Ferrothorn|99/100|[from] item: Leftovers
|-damage|p1a: Dracozolt|63/100 brn|[from] Leech Seed|[of] p2a: Ferrothorn
|-heal|p2a: Ferrothorn|100/100|[silent]
|-damage|p1a: Dracozolt|57/100 brn|[from] brn
|upkeep
|turn|17
|
|move|p1a: Dracozolt|Fire Fang|p2a: Ferrothorn
|-supereffective|p2a: Ferrothorn
|-damage|p2a: Ferrothorn|60/100
|-damage|p1a: Dracozolt|44/100 brn|[from] ability: Iron Barbs|[of] p2a: Ferrothorn
|move|p2a: Ferrothorn|Spikes|p1a: Dracozolt
|-sidestart|p1: HSV22|Spikes
|
|-heal|p2a: Ferrothorn|66/100|[from] item: Leftovers
|-damage|p1a: Dracozolt|32/100 brn|[from] Leech Seed|[of] p2a: Ferrothorn
|-heal|p2a: Ferrothorn|77/100|[silent]
|-damage|p1a: Dracozolt|26/100 brn|[from] brn
|upkeep
|turn|18
|
|switch|p1a: Ferrothorn|Ferrothorn, F|100/100
|-damage|p1a: Ferrothorn|88/100|[from] Spikes
|switch|p2a: Dragapult|Dragapult, F|100/100
|-damage|p2a: Dragapult|88/100|[from] Stealth Rock
|
|-heal|p1a: Ferrothorn|94/100|[from] item: Leftovers
|upkeep
|turn|19
|
|move|p1a: Ferrothorn|Protect|p1a: Ferrothorn
|-singleturn|p1a: Ferrothorn|Protect
|move|p2a: Dragapult|Fire Blast|p1a: Ferrothorn
|-activate|p1a: Ferrothorn|move: Protect
|
|-heal|p1a: Ferrothorn|99/100|[from] item: Leftovers
|upkeep
|turn|20
|
|switch|p1a: Seismitoad|Seismitoad, M, shiny|82/100
|-damage|p1a: Seismitoad|69/100|[from] Spikes
|move|p2a: Dragapult|Dragon Dance|p2a: Dragapult
|-boost|p2a: Dragapult|atk|1
|-boost|p2a: Dragapult|spe|1
|
|-heal|p1a: Seismitoad|75/100|[from] item: Leftovers
|upkeep
|turn|21
|
|move|p2a: Dragapult|Dragon Dance|p2a: Dragapult
|-boost|p2a: Dragapult|atk|1
|-boost|p2a: Dragapult|spe|1
|move|p1a: Seismitoad|Scald|p2a: Dragapult
|-resisted|p2a: Dragapult
|-damage|p2a: Dragapult|73/100
|-status|p2a: Dragapult|brn
|
|-heal|p1a: Seismitoad|81/100|[from] item: Leftovers
|-damage|p2a: Dragapult|67/100 brn|[from] brn
|upkeep
|turn|22
|
|move|p2a: Dragapult|Dragon Dance|p2a: Dragapult
|-boost|p2a: Dragapult|atk|1
|-boost|p2a: Dragapult|spe|1
|move|p1a: Seismitoad|Earth Power|p2a: Dragapult
|-damage|p2a: Dragapult|28/100 brn
|
|-heal|p1a: Seismitoad|87/100|[from] item: Leftovers
|-damage|p2a: Dragapult|22/100 brn|[from] brn
|upkeep
|turn|23
|
|move|p2a: Dragapult|Dragon Darts|p1a: Seismitoad
|-damage|p1a: Seismitoad|41/100
|-damage|p1a: Seismitoad|0 fnt
|-hitcount|p1a: Seismitoad|2
|-damage|p2a: Dragapult|12/100 brn|[from] item: Life Orb
|faint|p1a: Seismitoad
|
|-damage|p2a: Dragapult|6/100 brn|[from] brn
|upkeep
|
|switch|p1a: Ferrothorn|Ferrothorn, F|99/100
|-damage|p1a: Ferrothorn|88/100|[from] Spikes
|turn|24
|
|switch|p2a: Rotom|Rotom-Heat|50/100
|-damage|p2a: Rotom|25/100|[from] Stealth Rock
|move|p1a: Ferrothorn|Protect||[still]
|-fail|p1a: Ferrothorn
|
|-heal|p2a: Rotom|32/100|[from] item: Leftovers
|-heal|p1a: Ferrothorn|94/100|[from] item: Leftovers
|upkeep
|turn|25
|
|switch|p1a: Dracozolt|Dracozolt, shiny|26/100 brn
|-damage|p1a: Dracozolt|13/100 brn|[from] Spikes
|move|p2a: Rotom|Overheat|p1a: Dracozolt
|-resisted|p1a: Dracozolt
|-damage|p1a: Dracozolt|0 fnt
|-unboost|p2a: Rotom|spa|2
|faint|p1a: Dracozolt
|
|-heal|p2a: Rotom|38/100|[from] item: Leftovers
|upkeep
|
|switch|p1a: Toxtricity|Toxtricity, F|100/100
|-damage|p1a: Toxtricity|88/100|[from] Spikes
|turn|26
|
|switch|p2a: Dragapult|Dragapult, F|6/100 brn
|-damage|p2a: Dragapult|0 fnt|[from] Stealth Rock
|faint|p2a: Dragapult
|move|p1a: Toxtricity|Overdrive|p2: Dragapult|[notarget]
|-fail|p1a: Toxtricity
|
|upkeep
|inactive|Criminal girls has 120 seconds left.
|l|☆Criminal girls
|inactive|Criminal girls disconnected and has a minute to reconnect!
|player|p2|
|inactive|Criminal girls has 30 seconds to reconnect!
|inactive|Criminal girls has 20 seconds to reconnect!
|inactive|Criminal girls has 15 seconds to reconnect!
|inactive|Criminal girls has 10 seconds to reconnect!
|j|☆Criminal girls
|inactive|Criminal girls reconnected and has 55 seconds left.
|player|p2|Criminal girls|170
|
|switch|p2a: Ferrothorn|Ferrothorn, F|77/100
|-damage|p2a: Ferrothorn|71/100|[from] Stealth Rock
|turn|27
|inactive|HSV22 has 120 seconds left.
|
|move|p1a: Toxtricity|Overdrive|p2a: Ferrothorn
|-resisted|p2a: Ferrothorn
|-damage|p2a: Ferrothorn|47/100
|move|p2a: Ferrothorn|Leech Seed|p1a: Toxtricity
|-start|p1a: Toxtricity|move: Leech Seed
|
|-heal|p2a: Ferrothorn|53/100|[from] item: Leftovers
|-damage|p1a: Toxtricity|76/100|[from] Leech Seed|[of] p2a: Ferrothorn
|-heal|p2a: Ferrothorn|64/100|[silent]
|upkeep
|turn|28
|
|switch|p1a: Ferrothorn|Ferrothorn, F|94/100
|-damage|p1a: Ferrothorn|81/100|[from] Spikes
|move|p2a: Ferrothorn|Leech Seed|p1a: Ferrothorn
|-immune|p1a: Ferrothorn
|
|-heal|p2a: Ferrothorn|70/100|[from] item: Leftovers
|-heal|p1a: Ferrothorn|88/100|[from] item: Leftovers
|upkeep
|turn|29
|
|switch|p2a: Mandibuzz|Mandibuzz, F|100/100
|move|p1a: Ferrothorn|Spikes|p2a: Mandibuzz
|-sidestart|p2: Criminal girls|Spikes
|
|-heal|p1a: Ferrothorn|94/100|[from] item: Leftovers
|upkeep
|turn|30
|inactive|Criminal girls has 60 seconds left.
|
|move|p2a: Mandibuzz|Defog|p1a: Ferrothorn
|-unboost|p1a: Ferrothorn|evasion|1
|-sideend|p1: HSV22|Spikes|[from] move: Defog|[of] p2a: Mandibuzz
|-sideend|p2: Criminal girls|Spikes|[from] move: Defog|[of] p2a: Mandibuzz
|-sideend|p2: Criminal girls|Stealth Rock|[from] move: Defog|[of] p2a: Mandibuzz
|move|p1a: Ferrothorn|Gyro Ball|p2a: Mandibuzz
|-damage|p2a: Mandibuzz|70/100
|
|-heal|p1a: Ferrothorn|99/100|[from] item: Leftovers
|upkeep
|turn|31
|inactive|Criminal girls has 60 seconds left.
|
|switch|p1a: Corviknight|Corviknight, F|100/100
|move|p2a: Mandibuzz|Knock Off|p1a: Corviknight
|-damage|p1a: Corviknight|85/100
|-enditem|p1a: Corviknight|Leftovers|[from] move: Knock Off|[of] p2a: Mandibuzz
|
|upkeep
|turn|32
|inactive|Criminal girls has 60 seconds left.
|
|move|p2a: Mandibuzz|U-turn|p1a: Corviknight
|-resisted|p1a: Corviknight
|-damage|p1a: Corviknight|84/100
|
|switch|p2a: Rotom|Rotom-Heat|38/100|[from]move: U-turn
|move|p1a: Corviknight|U-turn|p2a: Rotom
|-resisted|p2a: Rotom
|-damage|p2a: Rotom|31/100
|
|switch|p1a: Toxtricity|Toxtricity, F|76/100|[from]move: U-turn
|
|-heal|p2a: Rotom|37/100|[from] item: Leftovers
|upkeep
|turn|33
|inactive|Criminal girls has 60 seconds left.
|
|switch|p2a: Aegislash|Aegislash, M|59/100
|move|p1a: Toxtricity|Boomburst|p2a: Aegislash
|-immune|p2a: Aegislash
|
|-heal|p2a: Aegislash|65/100|[from] item: Leftovers
|upkeep
|turn|34
|
|switch|p1a: Corviknight|Corviknight, F|84/100
|move|p2a: Aegislash|Substitute|p2a: Aegislash
|-start|p2a: Aegislash|Substitute
|-damage|p2a: Aegislash|40/100
|
|-heal|p2a: Aegislash|46/100|[from] item: Leftovers
|upkeep
|turn|35
|
|move|p1a: Corviknight|Brave Bird|p2a: Aegislash
|-resisted|p2a: Aegislash
|-activate|p2a: Aegislash|move: Substitute|[damage]
|-damage|p1a: Corviknight|80/100|[from] Recoil|[of] p2a: Aegislash
|-formechange|p2a: Aegislash|Aegislash-Blade||[from] ability: Stance Change
|move|p2a: Aegislash|Shadow Ball|p1a: Corviknight
|-damage|p1a: Corviknight|35/100
|
|-heal|p2a: Aegislash|53/100|[from] item: Leftovers
|upkeep
|turn|36
|
|move|p1a: Corviknight|U-turn|p2a: Aegislash
|-resisted|p2a: Aegislash
|-activate|p2a: Aegislash|move: Substitute|[damage]
|
|switch|p1a: Ferrothorn|Ferrothorn, F|99/100|[from]move: U-turn
|move|p2a: Aegislash|Shadow Ball|p1a: Ferrothorn
|-damage|p1a: Ferrothorn|66/100
|-unboost|p1a: Ferrothorn|spd|1
|
|-heal|p2a: Aegislash|59/100|[from] item: Leftovers
|-heal|p1a: Ferrothorn|72/100|[from] item: Leftovers
|upkeep
|turn|37
|-message|HSV22 forfeited.
|
|win|Criminal girls
|l|☆HSV22
|raw|HSV22's rating: 1402 → 1384(-18 for losing)
|raw|Criminal girls's rating: 1429 → 1447(+18 for winning)
