|ScrapeTime|2020-01-02-15:56:56
|j|☆Black Jack gugugu
|j|☆tool room
|player|p1|Black Jack gugugu|9|
|player|p2|tool room|veteran|
|teamsize|p1|6
|teamsize|p2|6
|gametype|singles
|gen|8
|tier|[Gen 8] OU
|rule|Sleep Clause Mod: Limit one foe put to sleep
|rule|Species Clause: Limit one of each Pokémon
|rule|OHKO Clause: OHKO moves are banned
|rule|Evasion Moves Clause: Evasion moves are banned
|rule|Endless Battle Clause: Forcing endless battles is banned
|rule|HP Percentage Mod: HP is shown in percentages
|clearpoke
|poke|p1|Seismitoad, M|
|poke|p1|Ferrothorn, M|
|poke|p1|Barraskewda, F|
|poke|p1|Pelipper, F|
|poke|p1|Dracovish|
|poke|p1|Mandibuzz, F|
|poke|p2|Hatterene, F|
|poke|p2|Crawdaunt, M|
|poke|p2|Conkeldurr, F|
|poke|p2|Mimikyu, F|
|poke|p2|Runerigus, F|
|poke|p2|Whimsicott, F|
|rule|Dynamax Clause: You cannot dynamax
|teampreview
|
|start
|switch|p1a: Pelipper|Pelipper, F|100/100
|switch|p2a: Runerigus|Runerigus, F|100/100
|-weather|RainDance|[from] ability: Drizzle|[of] p1a: Pelipper
|turn|1
|
|move|p1a: Pelipper|Scald|p2a: Runerigus
|-supereffective|p2a: Runerigus
|-damage|p2a: Runerigus|25/100
|move|p2a: Runerigus|Trick Room|p2a: Runerigus
|-fieldstart|move: Trick Room|[of] p2a: Runerigus
|
|-weather|RainDance|[upkeep]
|upkeep
|turn|2
|
|move|p2a: Runerigus|Will-O-Wisp|p1a: Pelipper
|-status|p1a: Pelipper|brn
|move|p1a: Pelipper|U-turn|p2a: Runerigus
|-resisted|p2a: Runerigus
|-damage|p2a: Runerigus|24/100
|-activate|p1a: Pelipper|ability: Wandering Spirit|Wandering Spirit|Drizzle|[of] p2a: Runerigus
|
|switch|p1a: Ferrothorn|Ferrothorn, M|100/100|[from]move: U-turn
|
|-weather|RainDance|[upkeep]
|upkeep
|turn|3
|
|move|p1a: Ferrothorn|Stealth Rock|p2a: Runerigus
|-sidestart|p2: tool room|move: Stealth Rock
|move|p2a: Runerigus|Will-O-Wisp|p1a: Ferrothorn
|-status|p1a: Ferrothorn|brn
|
|-weather|RainDance|[upkeep]
|-damage|p1a: Ferrothorn|94/100 brn|[from] brn
|upkeep
|turn|4
|
|move|p1a: Ferrothorn|Power Whip|p2a: Runerigus
|-supereffective|p2a: Runerigus
|-damage|p2a: Runerigus|0 fnt
|faint|p2a: Runerigus
|
|-weather|RainDance|[upkeep]
|-heal|p1a: Ferrothorn|100/100 brn|[from] item: Leftovers
|-damage|p1a: Ferrothorn|94/100 brn|[from] brn
|upkeep
|
|switch|p2a: Conkeldurr|Conkeldurr, F|100/100
|-damage|p2a: Conkeldurr|94/100|[from] Stealth Rock
|turn|5
|
|switch|p1a: Mandibuzz|Mandibuzz, F|100/100
|move|p2a: Conkeldurr|Thunder Punch|p1a: Mandibuzz
|-supereffective|p1a: Mandibuzz
|-damage|p1a: Mandibuzz|65/100
|-status|p1a: Mandibuzz|par
|
|-weather|RainDance|[upkeep]
|-fieldend|move: Trick Room
|-status|p2a: Conkeldurr|brn|[from] item: Flame Orb
|upkeep
|turn|6
|
|move|p1a: Mandibuzz|Roost|p1a: Mandibuzz
|-heal|p1a: Mandibuzz|100/100 par
|-singleturn|p1a: Mandibuzz|move: Roost
|move|p2a: Conkeldurr|Bulk Up|p2a: Conkeldurr
|-boost|p2a: Conkeldurr|atk|1
|-boost|p2a: Conkeldurr|def|1
|
|-weather|RainDance|[upkeep]
|-damage|p2a: Conkeldurr|88/100 brn|[from] brn
|upkeep
|turn|7
|inactive|Battle timer is ON: inactive players will automatically lose when time's up. (requested by tool room)
|
|cant|p1a: Mandibuzz|par
|move|p2a: Conkeldurr|Thunder Punch|p1a: Mandibuzz
|-supereffective|p1a: Mandibuzz
|-damage|p1a: Mandibuzz|17/100 par
|
|-weather|RainDance|[upkeep]
|-damage|p2a: Conkeldurr|82/100 brn|[from] brn
|upkeep
|turn|8
|
|move|p1a: Mandibuzz|Foul Play|p2a: Conkeldurr
|-resisted|p2a: Conkeldurr
|-damage|p2a: Conkeldurr|56/100 brn
|move|p2a: Conkeldurr|Drain Punch|p1a: Mandibuzz
|-damage|p1a: Mandibuzz|0 fnt
|-heal|p2a: Conkeldurr|64/100 brn|[from] drain|[of] p1a: Mandibuzz
|faint|p1a: Mandibuzz
|
|-weather|none
|-damage|p2a: Conkeldurr|58/100 brn|[from] brn
|upkeep
|
|switch|p1a: Pelipper|Pelipper, F|100/100 brn
|-weather|RainDance|[from] ability: Drizzle|[of] p1a: Pelipper
|turn|9
|c|☆Black Jack gugugu|t
|
|move|p1a: Pelipper|Hurricane|p2a: Conkeldurr
|-supereffective|p2a: Conkeldurr
|-damage|p2a: Conkeldurr|0 fnt
|faint|p2a: Conkeldurr
|
|-weather|RainDance|[upkeep]
|-damage|p1a: Pelipper|94/100 brn|[from] brn
|upkeep
|
|switch|p2a: Crawdaunt|Crawdaunt, M|100/100
|-damage|p2a: Crawdaunt|88/100|[from] Stealth Rock
|turn|10
|
|move|p1a: Pelipper|U-turn|p2a: Crawdaunt
|-supereffective|p2a: Crawdaunt
|-damage|p2a: Crawdaunt|78/100
|
|switch|p1a: Ferrothorn|Ferrothorn, M|94/100 brn|[from]move: U-turn
|move|p2a: Crawdaunt|Knock Off|p1a: Ferrothorn
|-damage|p1a: Ferrothorn|40/100 brn
|-damage|p2a: Crawdaunt|65/100|[from] ability: Iron Barbs|[of] p1a: Ferrothorn
|-enditem|p1a: Ferrothorn|Leftovers|[from] move: Knock Off|[of] p2a: Crawdaunt
|-damage|p2a: Crawdaunt|55/100|[from] item: Life Orb
|
|-weather|RainDance|[upkeep]
|-damage|p1a: Ferrothorn|33/100 brn|[from] brn
|upkeep
|turn|11
|
|move|p2a: Crawdaunt|Crabhammer|p1a: Ferrothorn
|-resisted|p1a: Ferrothorn
|-damage|p1a: Ferrothorn|0 fnt
|-damage|p2a: Crawdaunt|43/100|[from] ability: Iron Barbs|[of] p1a: Ferrothorn
|-damage|p2a: Crawdaunt|33/100|[from] item: Life Orb
|faint|p1a: Ferrothorn
|
|-weather|RainDance|[upkeep]
|upkeep
|j| XPSH
|inactive|Black Jack gugugu has 270 seconds left.
|
|switch|p1a: Barraskewda|Barraskewda, F|100/100
|turn|12
|
|move|p2a: Crawdaunt|Aqua Jet|p1a: Barraskewda
|-resisted|p1a: Barraskewda
|-damage|p1a: Barraskewda|44/100
|-damage|p2a: Crawdaunt|23/100|[from] item: Life Orb
|move|p1a: Barraskewda|Liquidation|p2a: Crawdaunt
|-resisted|p2a: Crawdaunt
|-damage|p2a: Crawdaunt|0 fnt
|-damage|p1a: Barraskewda|34/100|[from] item: Life Orb
|faint|p2a: Crawdaunt
|
|-weather|RainDance|[upkeep]
|upkeep
|
|switch|p2a: Mimikyu|Mimikyu, F|100/100
|-damage|p2a: Mimikyu|88/100|[from] Stealth Rock
|turn|13
|
|move|p1a: Barraskewda|Liquidation|p2a: Mimikyu
|-activate|p2a: Mimikyu|ability: Disguise
|-damage|p2a: Mimikyu|88/100
|detailschange|p2a: Mimikyu|Mimikyu-Busted, F
|-damage|p2a: Mimikyu|76/100|[from] ability: Disguise|[of] p2a: Mimikyu
|-damage|p1a: Barraskewda|24/100|[from] item: Life Orb
|move|p2a: Mimikyu|Trick Room|p2a: Mimikyu
|-fieldstart|move: Trick Room|[of] p2a: Mimikyu
|
|-weather|RainDance|[upkeep]
|upkeep
|turn|14
|
|move|p2a: Mimikyu|Play Rough|p1a: Barraskewda
|-damage|p1a: Barraskewda|0 fnt
|-damage|p2a: Mimikyu|66/100|[from] item: Life Orb
|faint|p1a: Barraskewda
|
|-weather|RainDance|[upkeep]
|upkeep
|
|switch|p1a: Pelipper|Pelipper, F|94/100 brn
|turn|15
|
|move|p1a: Pelipper|Scald|p2a: Mimikyu
|-damage|p2a: Mimikyu|24/100
|move|p2a: Mimikyu|Swords Dance|p2a: Mimikyu
|-boost|p2a: Mimikyu|atk|2
|
|-weather|RainDance|[upkeep]
|-damage|p1a: Pelipper|88/100 brn|[from] brn
|upkeep
|turn|16
|
|move|p1a: Pelipper|Scald|p2a: Mimikyu
|-damage|p2a: Mimikyu|0 fnt
|faint|p2a: Mimikyu
|
|-weather|none
|-damage|p1a: Pelipper|82/100 brn|[from] brn
|upkeep
|
|switch|p2a: Hatterene|Hatterene, F|100/100
|-damage|p2a: Hatterene|88/100|[from] Stealth Rock
|turn|17
|
|move|p2a: Hatterene|Psychic|p1a: Pelipper
|-damage|p1a: Pelipper|7/100 brn
|move|p1a: Pelipper|U-turn|p2a: Hatterene
|-damage|p2a: Hatterene|84/100
|
|switch|p1a: Dracovish|Dracovish|100/100|[from]move: U-turn
|
|-fieldend|move: Trick Room
|upkeep
|turn|18
|
|switch|p2a: Whimsicott|Whimsicott, F|100/100
|-damage|p2a: Whimsicott|88/100|[from] Stealth Rock
|move|p1a: Dracovish|Fishious Rend|p2a: Whimsicott
|-resisted|p2a: Whimsicott
|-damage|p2a: Whimsicott|0 fnt
|faint|p2a: Whimsicott
|
|upkeep
|
|switch|p2a: Hatterene|Hatterene, F|84/100
|-damage|p2a: Hatterene|71/100|[from] Stealth Rock
|turn|19
|
|move|p1a: Dracovish|Fishious Rend|p2a: Hatterene
|-damage|p2a: Hatterene|0 fnt
|faint|p2a: Hatterene
|
|win|Black Jack gugugu
|c|☆tool room|没了
|c|☆Black Jack gugugu|还有一场哦
|l|☆tool room
