|ScrapeTime|2020-01-03-01:35:08
|j|‽ezwz
|j|☆malk gen 8
|player|p1|ezwz|youngster-gen4|1990
|player|p2|malk gen 8|265|1794
|teamsize|p1|6
|teamsize|p2|6
|gametype|singles
|gen|8
|tier|[Gen 8] OU
|rated|
|rule|Sleep Clause Mod: Limit one foe put to sleep
|rule|Species Clause: Limit one of each Pokémon
|rule|OHKO Clause: OHKO moves are banned
|rule|Evasion Moves Clause: Evasion moves are banned
|rule|Endless Battle Clause: Forcing endless battles is banned
|rule|HP Percentage Mod: HP is shown in percentages
|clearpoke
|poke|p1|Excadrill, M|
|poke|p1|Toxapex, F|
|poke|p1|Ferrothorn, M|
|poke|p1|Clefable, M|
|poke|p1|Conkeldurr, F|
|poke|p1|Mandibuzz, F|
|poke|p2|Corviknight, M|
|poke|p2|Grimmsnarl, M|
|poke|p2|Cloyster, M|
|poke|p2|Gengar, M|
|poke|p2|Gyarados, F|
|poke|p2|Cinderace, M|
|rule|Dynamax Clause: You cannot dynamax
|teampreview
|j| Contre♪♪
|
|start
|switch|p1a: Excadrill|Excadrill, M|100/100
|switch|p2a: Gengar|Gengar, M|100/100
|-ability|p1a: Excadrill|Mold Breaker
|turn|1
|j| MarquisP
|
|move|p2a: Gengar|Substitute|p2a: Gengar
|-start|p2a: Gengar|Substitute
|-damage|p2a: Gengar|76/100
|move|p1a: Excadrill|Earthquake|p2a: Gengar
|-supereffective|p2a: Gengar
|-end|p2a: Gengar|Substitute
|
|-heal|p2a: Gengar|82/100|[from] item: Black Sludge
|upkeep
|turn|2
|j| JKongh
|
|move|p2a: Gengar|Substitute|p2a: Gengar
|-start|p2a: Gengar|Substitute
|-damage|p2a: Gengar|57/100
|move|p1a: Excadrill|Earthquake|p2a: Gengar
|-supereffective|p2a: Gengar
|-end|p2a: Gengar|Substitute
|
|-heal|p2a: Gengar|63/100|[from] item: Black Sludge
|upkeep
|turn|3
|
|switch|p2a: Corviknight|Corviknight, M|100/100
|-ability|p2a: Corviknight|Pressure
|move|p1a: Excadrill|Iron Head|p2a: Corviknight
|-resisted|p2a: Corviknight
|-damage|p2a: Corviknight|85/100
|
|-heal|p2a: Corviknight|91/100|[from] item: Leftovers
|upkeep
|turn|4
|
|move|p1a: Excadrill|Stealth Rock|p2a: Corviknight
|-sidestart|p2: malk gen 8|move: Stealth Rock
|move|p2a: Corviknight|Bulk Up|p2a: Corviknight
|-boost|p2a: Corviknight|atk|1
|-boost|p2a: Corviknight|def|1
|
|-heal|p2a: Corviknight|97/100|[from] item: Leftovers
|upkeep
|turn|5
|
|switch|p1a: Clefable|Clefable, M|100/100
|move|p2a: Corviknight|Agility|p2a: Corviknight
|-boost|p2a: Corviknight|spe|2
|
|-heal|p2a: Corviknight|100/100|[from] item: Leftovers
|upkeep
|turn|6
|
|switch|p1a: Ferrothorn|Ferrothorn, M|100/100
|move|p2a: Corviknight|Bulk Up|p2a: Corviknight
|-boost|p2a: Corviknight|atk|1
|-boost|p2a: Corviknight|def|1
|
|upkeep
|turn|7
|
|move|p2a: Corviknight|Bulk Up|p2a: Corviknight
|-boost|p2a: Corviknight|atk|1
|-boost|p2a: Corviknight|def|1
|move|p1a: Ferrothorn|Leech Seed|p2a: Corviknight
|-start|p2a: Corviknight|move: Leech Seed
|
|-damage|p2a: Corviknight|88/100|[from] Leech Seed|[of] p1a: Ferrothorn
|upkeep
|turn|8
|
|switch|p1a: Toxapex|Toxapex, F|100/100
|move|p2a: Corviknight|Agility|p2a: Corviknight
|-boost|p2a: Corviknight|spe|2
|
|-heal|p2a: Corviknight|94/100|[from] item: Leftovers
|-damage|p2a: Corviknight|82/100|[from] Leech Seed|[of] p1a: Toxapex
|upkeep
|turn|9
|
|move|p2a: Corviknight|Power Trip|p1a: Toxapex
|-damage|p1a: Toxapex|31/100
|move|p1a: Toxapex|Scald|p2a: Corviknight
|-damage|p2a: Corviknight|70/100
|
|-heal|p2a: Corviknight|76/100|[from] item: Leftovers
|-heal|p1a: Toxapex|37/100|[from] item: Black Sludge
|-damage|p2a: Corviknight|64/100|[from] Leech Seed|[of] p1a: Toxapex
|-heal|p1a: Toxapex|53/100|[silent]
|upkeep
|turn|10
|
|move|p1a: Toxapex|Baneful Bunker|p1a: Toxapex
|-singleturn|p1a: Toxapex|move: Protect
|move|p2a: Corviknight|Power Trip|p1a: Toxapex
|-activate|p1a: Toxapex|move: Protect
|
|-heal|p2a: Corviknight|70/100|[from] item: Leftovers
|-heal|p1a: Toxapex|60/100|[from] item: Black Sludge
|-damage|p2a: Corviknight|57/100|[from] Leech Seed|[of] p1a: Toxapex
|-heal|p1a: Toxapex|76/100|[silent]
|upkeep
|turn|11
|
|move|p2a: Corviknight|Power Trip|p1a: Toxapex
|-damage|p1a: Toxapex|8/100
|move|p1a: Toxapex|Scald|p2a: Corviknight
|-damage|p2a: Corviknight|47/100
|-status|p2a: Corviknight|brn
|
|-heal|p2a: Corviknight|53/100 brn|[from] item: Leftovers
|-heal|p1a: Toxapex|15/100|[from] item: Black Sludge
|-damage|p2a: Corviknight|40/100 brn|[from] Leech Seed|[of] p1a: Toxapex
|-heal|p1a: Toxapex|31/100|[silent]
|-damage|p2a: Corviknight|34/100 brn|[from] brn
|upkeep
|turn|12
|
|switch|p1a: Mandibuzz|Mandibuzz, F|100/100
|move|p2a: Corviknight|Bulk Up|p2a: Corviknight
|-boost|p2a: Corviknight|atk|1
|-boost|p2a: Corviknight|def|1
|
|-heal|p2a: Corviknight|40/100 brn|[from] item: Leftovers
|-damage|p2a: Corviknight|28/100 brn|[from] Leech Seed|[of] p1a: Mandibuzz
|-damage|p2a: Corviknight|22/100 brn|[from] brn
|upkeep
|turn|13
|
|move|p2a: Corviknight|Roost|p2a: Corviknight
|-heal|p2a: Corviknight|72/100 brn
|-singleturn|p2a: Corviknight|move: Roost
|move|p1a: Mandibuzz|Knock Off|p2a: Corviknight
|-damage|p2a: Corviknight|65/100 brn
|-enditem|p2a: Corviknight|Leftovers|[from] move: Knock Off|[of] p1a: Mandibuzz
|
|-damage|p2a: Corviknight|53/100 brn|[from] Leech Seed|[of] p1a: Mandibuzz
|-damage|p2a: Corviknight|47/100 brn|[from] brn
|upkeep
|turn|14
|j| dani on wii fit
|
|move|p2a: Corviknight|Bulk Up|p2a: Corviknight
|-boost|p2a: Corviknight|atk|1
|-boost|p2a: Corviknight|def|1
|move|p1a: Mandibuzz|Foul Play|p2a: Corviknight
|-damage|p2a: Corviknight|23/100 brn
|
|-damage|p2a: Corviknight|11/100 brn|[from] Leech Seed|[of] p1a: Mandibuzz
|-damage|p2a: Corviknight|5/100 brn|[from] brn
|upkeep
|turn|15
|
|move|p2a: Corviknight|Roost|p2a: Corviknight
|-heal|p2a: Corviknight|55/100 brn
|-singleturn|p2a: Corviknight|move: Roost
|move|p1a: Mandibuzz|Foul Play|p2a: Corviknight
|-damage|p2a: Corviknight|29/100 brn
|
|-damage|p2a: Corviknight|16/100 brn|[from] Leech Seed|[of] p1a: Mandibuzz
|-damage|p2a: Corviknight|10/100 brn|[from] brn
|upkeep
|turn|16
|j| TFT_Turo
|j| Tsorig of Carthus
|
|move|p2a: Corviknight|Roost|p2a: Corviknight
|-heal|p2a: Corviknight|60/100 brn
|-singleturn|p2a: Corviknight|move: Roost
|move|p1a: Mandibuzz|Foul Play|p2a: Corviknight
|-crit|p2a: Corviknight
|-damage|p2a: Corviknight|0 fnt
|faint|p2a: Corviknight
|
|upkeep
|
|switch|p2a: Cloyster|Cloyster, M|100/100
|-damage|p2a: Cloyster|76/100|[from] Stealth Rock
|turn|17
|
|move|p2a: Cloyster|Icicle Spear|p1a: Mandibuzz
|-supereffective|p1a: Mandibuzz
|-damage|p1a: Mandibuzz|85/100
|-supereffective|p1a: Mandibuzz
|-crit|p1a: Mandibuzz
|-damage|p1a: Mandibuzz|62/100
|-supereffective|p1a: Mandibuzz
|-damage|p1a: Mandibuzz|46/100
|-supereffective|p1a: Mandibuzz
|-damage|p1a: Mandibuzz|31/100
|-supereffective|p1a: Mandibuzz
|-damage|p1a: Mandibuzz|15/100
|-hitcount|p1a: Mandibuzz|5
|move|p1a: Mandibuzz|Foul Play|p2a: Cloyster
|-damage|p2a: Cloyster|38/100
|
|upkeep
|turn|18
|j| missoni obsession
|l| TFT_Turo
|j| Low Ladder Skills
|
|move|p2a: Cloyster|Rock Blast|p1a: Mandibuzz
|-supereffective|p1a: Mandibuzz
|-damage|p1a: Mandibuzz|4/100
|-supereffective|p1a: Mandibuzz
|-damage|p1a: Mandibuzz|0 fnt
|-hitcount|p1a: Mandibuzz|2
|faint|p1a: Mandibuzz
|
|upkeep
|
|switch|p1a: Conkeldurr|Conkeldurr, F|100/100
|turn|19
|l| Low Ladder Skills
|
|move|p1a: Conkeldurr|Mach Punch|p2a: Cloyster
|-supereffective|p2a: Cloyster
|-damage|p2a: Cloyster|0 fnt
|faint|p2a: Cloyster
|
|-status|p1a: Conkeldurr|brn|[from] item: Flame Orb
|upkeep
|
|switch|p2a: Gengar|Gengar, M|63/100
|-damage|p2a: Gengar|51/100|[from] Stealth Rock
|turn|20
|
|move|p2a: Gengar|Shadow Ball|p1a: Conkeldurr
|-damage|p1a: Conkeldurr|43/100 brn
|move|p1a: Conkeldurr|Earthquake|p2a: Gengar
|-supereffective|p2a: Gengar
|-crit|p2a: Gengar
|-damage|p2a: Gengar|0 fnt
|faint|p2a: Gengar
|
|-damage|p1a: Conkeldurr|37/100 brn|[from] brn
|upkeep
|
|switch|p2a: Gyarados|Gyarados, F|100/100
|-damage|p2a: Gyarados|76/100|[from] Stealth Rock
|turn|21
|
|switch|p1a: Ferrothorn|Ferrothorn, M|100/100
|move|p2a: Gyarados|Waterfall|p1a: Ferrothorn
|-resisted|p1a: Ferrothorn
|-damage|p1a: Ferrothorn|89/100
|-damage|p2a: Gyarados|63/100|[from] ability: Iron Barbs|[of] p1a: Ferrothorn
|
|-heal|p1a: Ferrothorn|95/100|[from] item: Leftovers
|upkeep
|turn|22
|
|switch|p2a: Cinderace|Cinderace, M|100/100
|-damage|p2a: Cinderace|76/100|[from] Stealth Rock
|move|p1a: Ferrothorn|Leech Seed|p2a: Cinderace
|-start|p2a: Cinderace|move: Leech Seed
|
|-heal|p1a: Ferrothorn|100/100|[from] item: Leftovers
|-damage|p2a: Cinderace|63/100|[from] Leech Seed|[of] p1a: Ferrothorn
|upkeep
|turn|23
|j| TFT_Turo
|
|switch|p1a: Toxapex|Toxapex, F|64/100
|move|p2a: Cinderace|Court Change|p2a: Cinderace
|-sideend|p2: malk gen 8|Stealth Rock|[silent]
|-sidestart|p1: ezwz|Stealth Rock|[silent]
|-activate|p2a: Cinderace|move: Court Change
|
|-heal|p1a: Toxapex|70/100|[from] item: Black Sludge
|-damage|p2a: Cinderace|51/100|[from] Leech Seed|[of] p1a: Toxapex
|-heal|p1a: Toxapex|82/100|[silent]
|upkeep
|turn|24
|
|switch|p2a: Grimmsnarl|Grimmsnarl, M|100/100
|move|p1a: Toxapex|Toxic|p2a: Grimmsnarl
|-status|p2a: Grimmsnarl|tox
|
|-heal|p1a: Toxapex|89/100|[from] item: Black Sludge
|-damage|p2a: Grimmsnarl|94/100 tox|[from] psn
|upkeep
|turn|25
|
|switch|p1a: Excadrill|Excadrill, M|100/100
|-damage|p1a: Excadrill|97/100|[from] Stealth Rock
|-ability|p1a: Excadrill|Mold Breaker
|move|p2a: Grimmsnarl|Light Screen|p2a: Grimmsnarl
|-sidestart|p2: malk gen 8|move: Light Screen
|
|-heal|p1a: Excadrill|100/100|[from] item: Leftovers
|-damage|p2a: Grimmsnarl|82/100 tox|[from] psn
|upkeep
|turn|26
|
|move|p2a: Grimmsnarl|Taunt|p1a: Excadrill
|-start|p1a: Excadrill|move: Taunt
|move|p1a: Excadrill|Rapid Spin|p2a: Grimmsnarl
|-damage|p2a: Grimmsnarl|63/100 tox
|-sideend|p1: ezwz|Stealth Rock|[from] move: Rapid Spin|[of] p1a: Excadrill
|-boost|p1a: Excadrill|spe|1
|
|-damage|p2a: Grimmsnarl|45/100 tox|[from] psn
|upkeep
|turn|27
|
|move|p2a: Grimmsnarl|Reflect|p2a: Grimmsnarl
|-sidestart|p2: malk gen 8|Reflect
|move|p1a: Excadrill|Rapid Spin|p2a: Grimmsnarl
|-damage|p2a: Grimmsnarl|36/100 tox
|-boost|p1a: Excadrill|spe|1
|
|-damage|p2a: Grimmsnarl|12/100 tox|[from] psn
|upkeep
|turn|28
|
|switch|p1a: Clefable|Clefable, M|100/100
|switch|p2a: Gyarados|Gyarados, F|63/100
|
|upkeep
|turn|29
|
|move|p2a: Gyarados|Dragon Dance|p2a: Gyarados
|-boost|p2a: Gyarados|atk|1
|-boost|p2a: Gyarados|spe|1
|move|p1a: Clefable|Thunderbolt|p2a: Gyarados
|-supereffective|p2a: Gyarados
|-crit|p2a: Gyarados
|-damage|p2a: Gyarados|0 fnt
|faint|p2a: Gyarados
|
|upkeep
|-message|malk gen 8 forfeited.
|
|win|ezwz
|l|☆malk gen 8
|raw|ezwz's rating: 1990 → 2000(+10 for winning)
|raw|malk gen 8's rating: 1794 → 1784(-10 for losing)
