|ScrapeTime|2020-01-03-01:36:31
|j|☆Bryou13
|j|☆DoseofDhillon
|player|p1|Bryou13|169|1152
|player|p2|DoseofDhillon|169|1083
|teamsize|p1|6
|teamsize|p2|6
|gametype|singles
|gen|8
|tier|[Gen 8] OU
|rated|
|rule|Sleep Clause Mod: Limit one foe put to sleep
|rule|Species Clause: Limit one of each Pokémon
|rule|OHKO Clause: OHKO moves are banned
|rule|Evasion Moves Clause: Evasion moves are banned
|rule|Endless Battle Clause: Forcing endless battles is banned
|rule|HP Percentage Mod: HP is shown in percentages
|clearpoke
|poke|p1|Corviknight, M|
|poke|p1|Kommo-o, F|
|poke|p1|Ditto|
|poke|p1|Dragapult, F|
|poke|p1|Dugtrio, F|
|poke|p1|Cinderace, M|
|poke|p2|Corsola-Galar, M|
|poke|p2|Dragapult, F|
|poke|p2|Ditto|
|poke|p2|Hatterene, F|
|poke|p2|Toxtricity, F|
|poke|p2|Corviknight, M|
|rule|Dynamax Clause: You cannot dynamax
|teampreview
|inactive|Battle timer is ON: inactive players will automatically lose when time's up. (requested by DoseofDhillon)
|
|start
|switch|p1a: Sein2Race|Cinderace, M, shiny|100/100
|switch|p2a: Corsola|Corsola-Galar, M|100/100
|turn|1
|
|move|p1a: Sein2Race|U-turn|p2a: Corsola
|-resisted|p2a: Corsola
|-damage|p2a: Corsola|95/100
|
|switch|p1a: Elle2Fer|Corviknight, M|100/100|[from]move: U-turn
|move|p2a: Corsola|Strength Sap|p1a: Elle2Fer
|-ability|p1a: Elle2Fer|Mirror Armor
|-unboost|p2a: Corsola|atk|1
|-heal|p2a: Corsola|100/100
|
|upkeep
|turn|2
|
|move|p1a: Elle2Fer|Taunt|p2a: Corsola
|-start|p2a: Corsola|move: Taunt
|cant|p2a: Corsola|move: Taunt|Will-O-Wisp
|
|upkeep
|turn|3
|
|move|p1a: Elle2Fer|Brave Bird|p2a: Corsola
|-damage|p2a: Corsola|81/100
|-damage|p1a: Elle2Fer|95/100|[from] Recoil
|move|p2a: Corsola|Night Shade|p1a: Elle2Fer
|-damage|p1a: Elle2Fer|70/100
|
|-heal|p1a: Elle2Fer|76/100|[from] item: Leftovers
|upkeep
|turn|4
|
|move|p1a: Elle2Fer|Brave Bird|p2a: Corsola
|-damage|p2a: Corsola|61/100
|-damage|p1a: Elle2Fer|71/100|[from] Recoil
|move|p2a: Corsola|Night Shade|p1a: Elle2Fer
|-damage|p1a: Elle2Fer|46/100
|
|-heal|p1a: Elle2Fer|52/100|[from] item: Leftovers
|-end|p2a: Corsola|move: Taunt
|upkeep
|turn|5
|
|move|p1a: Elle2Fer|Taunt|p2a: Corsola
|-start|p2a: Corsola|move: Taunt
|move|p2a: Corsola|Night Shade|p1a: Elle2Fer
|-damage|p1a: Elle2Fer|27/100
|
|-heal|p1a: Elle2Fer|33/100|[from] item: Leftovers
|upkeep
|turn|6
|
|move|p1a: Elle2Fer|Roost|p1a: Elle2Fer
|-heal|p1a: Elle2Fer|83/100
|-singleturn|p1a: Elle2Fer|move: Roost
|move|p2a: Corsola|Night Shade|p1a: Elle2Fer
|-damage|p1a: Elle2Fer|58/100
|
|-heal|p1a: Elle2Fer|64/100|[from] item: Leftovers
|upkeep
|turn|7
|
|switch|p2a: Toxtricity|Toxtricity, F|100/100
|move|p1a: Elle2Fer|Brave Bird|p2a: Toxtricity
|-resisted|p2a: Toxtricity
|-damage|p2a: Toxtricity|69/100
|-damage|p1a: Elle2Fer|56/100|[from] Recoil
|
|-heal|p1a: Elle2Fer|62/100|[from] item: Leftovers
|upkeep
|turn|8
|
|switch|p1a: Bug3|Dugtrio, F, shiny|100/100
|move|p2a: Toxtricity|Boomburst|p1a: Bug3
|-enditem|p1a: Bug3|Focus Sash
|-damage|p1a: Bug3|1/100
|
|upkeep
|turn|9
|
|move|p1a: Bug3|Earthquake|p2a: Toxtricity
|-supereffective|p2a: Toxtricity
|-damage|p2a: Toxtricity|0 fnt
|faint|p2a: Toxtricity
|
|upkeep
|
|switch|p2a: Corsola|Corsola-Galar, M|61/100
|turn|10
|
|move|p1a: Bug3|Sucker Punch||[still]
|-fail|p1a: Bug3
|move|p2a: Corsola|Stealth Rock|p1a: Bug3
|-sidestart|p1: Bryou13|move: Stealth Rock
|
|upkeep
|turn|11
|
|move|p1a: Bug3|Sludge Wave|p2a: Corsola
|-resisted|p2a: Corsola
|-damage|p2a: Corsola|57/100
|-start|p1a: Bug3|Disable|Sludge Wave|[from] ability: Cursed Body|[of] p2a: Corsola
|move|p2a: Corsola|Strength Sap|p1a: Bug3
|-unboost|p1a: Bug3|atk|1
|-heal|p2a: Corsola|100/100
|
|upkeep
|turn|12
|
|move|p1a: Bug3|Sucker Punch||[still]
|-fail|p1a: Bug3
|move|p2a: Corsola|Will-O-Wisp|p1a: Bug3
|-status|p1a: Bug3|brn
|
|-damage|p1a: Bug3|0 fnt|[from] brn
|faint|p1a: Bug3
|upkeep
|
|switch|p1a: Sein2Race|Cinderace, M, shiny|100/100
|turn|13
|
|move|p1a: Sein2Race|Court Change|p1a: Sein2Race
|-sideend|p1: Bryou13|Stealth Rock|[silent]
|-sidestart|p2: DoseofDhillon|Stealth Rock|[silent]
|-activate|p1a: Sein2Race|move: Court Change
|move|p2a: Corsola|Night Shade|p1a: Sein2Race
|-damage|p1a: Sein2Race|67/100
|
|upkeep
|turn|14
|
|move|p1a: Sein2Race|U-turn|p2a: Corsola
|-resisted|p2a: Corsola
|-damage|p2a: Corsola|95/100
|
|switch|p1a: Elle2Fer|Corviknight, M|62/100|[from]move: U-turn
|move|p2a: Corsola|Night Shade|p1a: Elle2Fer
|-damage|p1a: Elle2Fer|37/100
|
|-heal|p1a: Elle2Fer|43/100|[from] item: Leftovers
|upkeep
|turn|15
|
|move|p1a: Elle2Fer|Taunt|p2a: Corsola
|-start|p2a: Corsola|move: Taunt
|cant|p2a: Corsola|move: Taunt|Will-O-Wisp
|
|-heal|p1a: Elle2Fer|49/100|[from] item: Leftovers
|upkeep
|turn|16
|
|switch|p2a: Corviknight|Corviknight, M|100/100
|-damage|p2a: Corviknight|88/100|[from] Stealth Rock
|-ability|p2a: Corviknight|Pressure
|move|p1a: Elle2Fer|Roost|p1a: Elle2Fer
|-heal|p1a: Elle2Fer|99/100
|-singleturn|p1a: Elle2Fer|move: Roost
|
|-heal|p1a: Elle2Fer|100/100|[from] item: Leftovers
|-heal|p2a: Corviknight|94/100|[from] item: Leftovers
|upkeep
|turn|17
|
|move|p1a: Elle2Fer|Body Press|p2a: Corviknight
|-damage|p2a: Corviknight|78/100
|move|p2a: Corviknight|Defog|p1a: Elle2Fer
|-ability|p1a: Elle2Fer|Mirror Armor
|-unboost|p2a: Corviknight|evasion|1
|-sideend|p2: DoseofDhillon|Stealth Rock|[from] move: Defog|[of] p2a: Corviknight
|
|-heal|p2a: Corviknight|84/100|[from] item: Leftovers
|upkeep
|turn|18
|
|switch|p1a: Sein2Race|Cinderace, M, shiny|67/100
|move|p2a: Corviknight|Taunt|p1a: Sein2Race
|-start|p1a: Sein2Race|move: Taunt
|
|-heal|p2a: Corviknight|91/100|[from] item: Leftovers
|upkeep
|turn|19
|
|switch|p2a: Corsola|Corsola-Galar, M|95/100
|move|p1a: Sein2Race|Pyro Ball|p2a: Corsola
|-damage|p2a: Corsola|66/100
|-status|p2a: Corsola|brn
|
|-damage|p2a: Corsola|60/100 brn|[from] brn
|upkeep
|turn|20
|
|move|p1a: Sein2Race|U-turn|p2a: Corsola
|-resisted|p2a: Corsola
|-damage|p2a: Corsola|54/100 brn
|-start|p1a: Sein2Race|Disable|U-turn|[from] ability: Cursed Body|[of] p2a: Corsola
|
|switch|p1a: Elle2Fer|Corviknight, M|100/100|[from]move: U-turn
|move|p2a: Corsola|Strength Sap|p1a: Elle2Fer
|-ability|p1a: Elle2Fer|Mirror Armor
|-unboost|p2a: Corsola|atk|1
|-heal|p2a: Corsola|100/100 brn
|
|-damage|p2a: Corsola|94/100 brn|[from] brn
|upkeep
|turn|21
|
|switch|p2a: Dragapult|Dragapult, F|100/100
|move|p1a: Elle2Fer|Brave Bird|p2a: Dragapult
|-damage|p2a: Dragapult|48/100
|-start|p1a: Elle2Fer|Disable|Brave Bird|[from] ability: Cursed Body|[of] p2a: Dragapult
|-damage|p1a: Elle2Fer|87/100|[from] Recoil
|
|-heal|p2a: Dragapult|54/100|[from] item: Leftovers
|-heal|p1a: Elle2Fer|93/100|[from] item: Leftovers
|upkeep
|turn|22
|
|move|p2a: Dragapult|Substitute|p2a: Dragapult
|-start|p2a: Dragapult|Substitute
|-damage|p2a: Dragapult|29/100
|move|p1a: Elle2Fer|Body Press|p2a: Dragapult
|-immune|p2a: Dragapult
|
|-heal|p2a: Dragapult|35/100|[from] item: Leftovers
|-heal|p1a: Elle2Fer|99/100|[from] item: Leftovers
|upkeep
|turn|23
|
|switch|p1a: Dragapûte|Dragapult, F, shiny|100/100
|move|p2a: Dragapult|Dragon Dance|p2a: Dragapult
|-boost|p2a: Dragapult|atk|1
|-boost|p2a: Dragapult|spe|1
|
|-heal|p2a: Dragapult|41/100|[from] item: Leftovers
|upkeep
|turn|24
|
|move|p2a: Dragapult|Sucker Punch|p1a: Dragapûte
|-supereffective|p1a: Dragapûte
|-damage|p1a: Dragapûte|1/100
|move|p1a: Dragapûte|Shadow Ball|p2a: Dragapult
|-supereffective|p2a: Dragapult
|-damage|p2a: Dragapult|0 fnt
|-damage|p1a: Dragapûte|0 fnt|[from] item: Life Orb
|faint|p2a: Dragapult
|faint|p1a: Dragapûte
|
|upkeep
|c|☆DoseofDhillon|lol
|c|☆DoseofDhillon|that was funny
|c|☆Bryou13|Mdrrrr
|
|switch|p1a: Sein2Race|Cinderace, M, shiny|67/100
|switch|p2a: Hatterene|Hatterene, F|100/100
|turn|25
|
|switch|p2a: Corsola|Corsola-Galar, M|94/100 brn
|move|p1a: Sein2Race|U-turn|p2a: Corsola
|-resisted|p2a: Corsola
|-damage|p2a: Corsola|88/100 brn
|
|switch|p1a: Elle2Fer|Corviknight, M|99/100|[from]move: U-turn
|
|-heal|p1a: Elle2Fer|100/100|[from] item: Leftovers
|-damage|p2a: Corsola|82/100 brn|[from] brn
|upkeep
|turn|26
|
|move|p1a: Elle2Fer|Taunt|p2a: Corsola
|-start|p2a: Corsola|move: Taunt
|move|p2a: Corsola|Night Shade|p1a: Elle2Fer
|-damage|p1a: Elle2Fer|75/100
|
|-heal|p1a: Elle2Fer|81/100|[from] item: Leftovers
|-damage|p2a: Corsola|76/100 brn|[from] brn
|upkeep
|turn|27
|
|switch|p2a: Corviknight|Corviknight, M|91/100
|-ability|p2a: Corviknight|Pressure
|move|p1a: Elle2Fer|Brave Bird|p2a: Corviknight
|-resisted|p2a: Corviknight
|-damage|p2a: Corviknight|79/100
|-damage|p1a: Elle2Fer|77/100|[from] Recoil
|
|-heal|p1a: Elle2Fer|83/100|[from] item: Leftovers
|-heal|p2a: Corviknight|85/100|[from] item: Leftovers
|upkeep
|turn|28
|
|move|p1a: Elle2Fer|Body Press|p2a: Corviknight
|-crit|p2a: Corviknight
|-damage|p2a: Corviknight|62/100
|move|p2a: Corviknight|Taunt|p1a: Elle2Fer
|-start|p1a: Elle2Fer|move: Taunt
|
|-heal|p1a: Elle2Fer|89/100|[from] item: Leftovers
|-heal|p2a: Corviknight|68/100|[from] item: Leftovers
|upkeep
|turn|29
|
|switch|p2a: Corsola|Corsola-Galar, M|76/100 brn
|move|p1a: Elle2Fer|Body Press|p2a: Corsola
|-immune|p2a: Corsola
|
|-heal|p1a: Elle2Fer|95/100|[from] item: Leftovers
|-damage|p2a: Corsola|70/100 brn|[from] brn
|upkeep
|turn|30
|
|switch|p1a: Sein2Race|Cinderace, M, shiny|67/100
|move|p2a: Corsola|Strength Sap|p1a: Sein2Race
|-unboost|p1a: Sein2Race|atk|1
|-heal|p2a: Corsola|100/100 brn
|
|-damage|p2a: Corsola|94/100 brn|[from] brn
|upkeep
|turn|31
|
|move|p1a: Sein2Race|U-turn|p2a: Corsola
|-resisted|p2a: Corsola
|-damage|p2a: Corsola|90/100 brn
|
|switch|p1a: Elle2Fer|Corviknight, M|95/100|[from]move: U-turn
|move|p2a: Corsola|Night Shade|p1a: Elle2Fer
|-damage|p1a: Elle2Fer|70/100
|
|-heal|p1a: Elle2Fer|76/100|[from] item: Leftovers
|-damage|p2a: Corsola|84/100 brn|[from] brn
|upkeep
|turn|32
|
|switch|p2a: Hatterene|Hatterene, F|100/100
|move|p1a: Elle2Fer|Brave Bird|p2a: Hatterene
|-damage|p2a: Hatterene|57/100
|-damage|p1a: Elle2Fer|65/100|[from] Recoil
|
|-heal|p1a: Elle2Fer|71/100|[from] item: Leftovers
|-heal|p2a: Hatterene|63/100|[from] item: Leftovers
|upkeep
|turn|33
|
|switch|p1a: Jchuitoi|Ditto, shiny|100/100
|-transform|p1a: Jchuitoi|p2a: Hatterene|[from] ability: Imposter
|move|p2a: Hatterene|Mystical Fire|p1a: Jchuitoi
|-damage|p1a: Jchuitoi|70/100
|-unboost|p1a: Jchuitoi|spa|1
|
|-heal|p2a: Hatterene|69/100|[from] item: Leftovers
|upkeep
|turn|34
|
|move|p1a: Jchuitoi|Mystical Fire|p2a: Hatterene
|-damage|p2a: Hatterene|50/100
|-unboost|p2a: Hatterene|spa|1
|move|p2a: Hatterene|Aromatherapy|p2a: Hatterene
|-activate|p2a: Hatterene|move: Aromatherapy
|-curestatus|p2: Corsola|brn|[msg]
|
|-heal|p2a: Hatterene|56/100|[from] item: Leftovers
|upkeep
|turn|35
|
|move|p1a: Jchuitoi|Mystical Fire|p2a: Hatterene
|-damage|p2a: Hatterene|34/100
|-unboost|p2a: Hatterene|spa|1
|move|p2a: Hatterene|Calm Mind|p2a: Hatterene
|-boost|p2a: Hatterene|spa|1
|-boost|p2a: Hatterene|spd|1
|
|-heal|p2a: Hatterene|40/100|[from] item: Leftovers
|upkeep
|turn|36
|
|switch|p2a: Corsola|Corsola-Galar, M|84/100
|move|p1a: Jchuitoi|Mystical Fire|p2a: Corsola
|-damage|p2a: Corsola|71/100
|-unboost|p2a: Corsola|spa|1
|
|upkeep
|turn|37
|
|switch|p1a: Elle2Fer|Corviknight, M|71/100
|move|p2a: Corsola|Will-O-Wisp|p1a: Elle2Fer
|-status|p1a: Elle2Fer|brn
|
|-heal|p1a: Elle2Fer|77/100 brn|[from] item: Leftovers
|-damage|p1a: Elle2Fer|71/100 brn|[from] brn
|upkeep
|turn|38
|
|move|p1a: Elle2Fer|Taunt|p2a: Corsola
|-start|p2a: Corsola|move: Taunt
|move|p2a: Corsola|Night Shade|p1a: Elle2Fer
|-damage|p1a: Elle2Fer|46/100 brn
|
|-heal|p1a: Elle2Fer|52/100 brn|[from] item: Leftovers
|-damage|p1a: Elle2Fer|46/100 brn|[from] brn
|upkeep
|turn|39
|
|switch|p2a: Hatterene|Hatterene, F|40/100
|move|p1a: Elle2Fer|Roost|p1a: Elle2Fer
|-heal|p1a: Elle2Fer|96/100 brn
|-singleturn|p1a: Elle2Fer|move: Roost
|
|-heal|p1a: Elle2Fer|100/100 brn|[from] item: Leftovers
|-heal|p2a: Hatterene|46/100|[from] item: Leftovers
|-damage|p1a: Elle2Fer|94/100 brn|[from] brn
|upkeep
|turn|40
|
|switch|p1a: Kommo-o|Kommo-o, F|100/100
|switch|p2a: Corviknight|Corviknight, M|68/100
|-ability|p2a: Corviknight|Pressure
|
|-heal|p2a: Corviknight|74/100|[from] item: Leftovers
|upkeep
|turn|41
|
|move|p1a: Kommo-o|Dragon Dance|p1a: Kommo-o
|-boost|p1a: Kommo-o|atk|1
|-boost|p1a: Kommo-o|spe|1
|move|p2a: Corviknight|Brave Bird|p1a: Kommo-o
|-supereffective|p1a: Kommo-o
|-damage|p1a: Kommo-o|16/100
|-damage|p2a: Corviknight|54/100|[from] Recoil
|
|-heal|p2a: Corviknight|60/100|[from] item: Leftovers
|upkeep
|turn|42
|
|move|p1a: Kommo-o|Close Combat|p2a: Corviknight
|-damage|p2a: Corviknight|1/100
|-unboost|p1a: Kommo-o|def|1
|-unboost|p1a: Kommo-o|spd|1
|-damage|p1a: Kommo-o|6/100|[from] item: Life Orb
|move|p2a: Corviknight|Brave Bird|p1a: Kommo-o
|-supereffective|p1a: Kommo-o
|-damage|p1a: Kommo-o|0 fnt
|-damage|p2a: Corviknight|0 fnt|[from] Recoil
|faint|p1a: Kommo-o
|faint|p2a: Corviknight
|
|upkeep
|c|☆Bryou13|AHAHAHH
|c|☆Bryou13|lol
|
|switch|p1a: Sein2Race|Cinderace, M, shiny|67/100
|switch|p2a: Hatterene|Hatterene, F|46/100
|turn|43
|
|switch|p2a: Ditto|Ditto|100/100
|-transform|p2a: Ditto|p1a: Sein2Race|[from] ability: Imposter
|move|p1a: Sein2Race|Pyro Ball|p2a: Ditto
|-resisted|p2a: Ditto
|-damage|p2a: Ditto|51/100
|
|upkeep
|turn|44
|
|move|p2a: Ditto|High Jump Kick|p1a: Sein2Race
|-damage|p1a: Sein2Race|12/100
|move|p1a: Sein2Race|High Jump Kick|p2a: Ditto
|-damage|p2a: Ditto|0 fnt
|faint|p2a: Ditto
|
|upkeep
|
|switch|p2a: Corsola|Corsola-Galar, M|71/100
|turn|45
|
|switch|p2a: Hatterene|Hatterene, F|46/100
|move|p1a: Sein2Race|U-turn|p2a: Hatterene
|-damage|p2a: Hatterene|20/100
|
|switch|p1a: Elle2Fer|Corviknight, M|94/100 brn|[from]move: U-turn
|
|-heal|p1a: Elle2Fer|100/100 brn|[from] item: Leftovers
|-heal|p2a: Hatterene|26/100|[from] item: Leftovers
|-damage|p1a: Elle2Fer|94/100 brn|[from] brn
|upkeep
|turn|46
|
|move|p1a: Elle2Fer|Brave Bird|p2a: Hatterene
|-damage|p2a: Hatterene|5/100
|-damage|p1a: Elle2Fer|89/100 brn|[from] Recoil
|move|p2a: Hatterene|Mystical Fire|p1a: Elle2Fer
|-supereffective|p1a: Elle2Fer
|-damage|p1a: Elle2Fer|36/100 brn
|-ability|p1a: Elle2Fer|Mirror Armor
|-unboost|p2a: Hatterene|spa|1
|
|-heal|p1a: Elle2Fer|42/100 brn|[from] item: Leftovers
|-heal|p2a: Hatterene|11/100|[from] item: Leftovers
|-damage|p1a: Elle2Fer|36/100 brn|[from] brn
|upkeep
|turn|47
|
|switch|p2a: Corsola|Corsola-Galar, M|71/100
|move|p1a: Elle2Fer|Brave Bird|p2a: Corsola
|-damage|p2a: Corsola|61/100
|-start|p1a: Elle2Fer|Disable|Brave Bird|[from] ability: Cursed Body|[of] p2a: Corsola
|-damage|p1a: Elle2Fer|33/100 brn|[from] Recoil
|
|-heal|p1a: Elle2Fer|39/100 brn|[from] item: Leftovers
|-damage|p1a: Elle2Fer|33/100 brn|[from] brn
|upkeep
|turn|48
|
|move|p1a: Elle2Fer|Taunt|p2a: Corsola
|-start|p2a: Corsola|move: Taunt
|move|p2a: Corsola|Night Shade|p1a: Elle2Fer
|-damage|p1a: Elle2Fer|8/100 brn
|
|-heal|p1a: Elle2Fer|14/100 brn|[from] item: Leftovers
|-damage|p1a: Elle2Fer|8/100 brn|[from] brn
|upkeep
|turn|49
|
|move|p1a: Elle2Fer|Roost|p1a: Elle2Fer
|-heal|p1a: Elle2Fer|58/100 brn
|-singleturn|p1a: Elle2Fer|move: Roost
|move|p2a: Corsola|Night Shade|p1a: Elle2Fer
|-damage|p1a: Elle2Fer|33/100 brn
|
|-heal|p1a: Elle2Fer|39/100 brn|[from] item: Leftovers
|-damage|p1a: Elle2Fer|33/100 brn|[from] brn
|upkeep
|turn|50
|
|move|p1a: Elle2Fer|Roost|p1a: Elle2Fer
|-heal|p1a: Elle2Fer|83/100 brn
|-singleturn|p1a: Elle2Fer|move: Roost
|move|p2a: Corsola|Night Shade|p1a: Elle2Fer
|-damage|p1a: Elle2Fer|58/100 brn
|
|-heal|p1a: Elle2Fer|64/100 brn|[from] item: Leftovers
|-damage|p1a: Elle2Fer|58/100 brn|[from] brn
|-end|p2a: Corsola|move: Taunt
|-end|p1a: Elle2Fer|Disable
|upkeep
|turn|51
|
|switch|p2a: Hatterene|Hatterene, F|11/100
|move|p1a: Elle2Fer|Taunt|p2a: Hatterene
|move|p2a: Hatterene|Taunt|p1a: Elle2Fer|[from]Magic Bounce
|-start|p1a: Elle2Fer|move: Taunt
|
|-heal|p1a: Elle2Fer|64/100 brn|[from] item: Leftovers
|-heal|p2a: Hatterene|17/100|[from] item: Leftovers
|-damage|p1a: Elle2Fer|58/100 brn|[from] brn
|upkeep
|turn|52
|
|switch|p2a: Corsola|Corsola-Galar, M|61/100
|move|p1a: Elle2Fer|Brave Bird|p2a: Corsola
|-crit|p2a: Corsola
|-damage|p2a: Corsola|48/100
|-damage|p1a: Elle2Fer|55/100 brn|[from] Recoil
|
|-heal|p1a: Elle2Fer|61/100 brn|[from] item: Leftovers
|-damage|p1a: Elle2Fer|55/100 brn|[from] brn
|upkeep
|turn|53
|
|switch|p1a: Jchuitoi|Ditto, shiny|70/100
|-transform|p1a: Jchuitoi|p2a: Corsola|[from] ability: Imposter
|move|p2a: Corsola|Night Shade|p1a: Jchuitoi
|-damage|p1a: Jchuitoi|37/100
|
|upkeep
|turn|54
|
|move|p1a: Jchuitoi|Stealth Rock|p2a: Corsola
|-sidestart|p2: DoseofDhillon|move: Stealth Rock
|move|p2a: Corsola|Stealth Rock|p1a: Jchuitoi
|-sidestart|p1: Bryou13|move: Stealth Rock
|
|upkeep
|turn|55
|
|switch|p1a: Elle2Fer|Corviknight, M|55/100 brn
|-damage|p1a: Elle2Fer|43/100 brn|[from] Stealth Rock
|move|p2a: Corsola|Will-O-Wisp|p1a: Elle2Fer
|-fail|p1a: Elle2Fer|brn
|
|-heal|p1a: Elle2Fer|49/100 brn|[from] item: Leftovers
|-damage|p1a: Elle2Fer|43/100 brn|[from] brn
|upkeep
|turn|56
|
|move|p1a: Elle2Fer|Taunt|p2a: Corsola
|-start|p2a: Corsola|move: Taunt
|move|p2a: Corsola|Night Shade|p1a: Elle2Fer
|-damage|p1a: Elle2Fer|18/100 brn
|
|-heal|p1a: Elle2Fer|24/100 brn|[from] item: Leftovers
|-damage|p1a: Elle2Fer|18/100 brn|[from] brn
|upkeep
|turn|57
|
|move|p1a: Elle2Fer|Roost|p1a: Elle2Fer
|-heal|p1a: Elle2Fer|68/100 brn
|-singleturn|p1a: Elle2Fer|move: Roost
|move|p2a: Corsola|Night Shade|p1a: Elle2Fer
|-damage|p1a: Elle2Fer|43/100 brn
|
|-heal|p1a: Elle2Fer|49/100 brn|[from] item: Leftovers
|-damage|p1a: Elle2Fer|43/100 brn|[from] brn
|upkeep
|turn|58
|
|move|p1a: Elle2Fer|Brave Bird|p2a: Corsola
|-damage|p2a: Corsola|39/100
|-damage|p1a: Elle2Fer|40/100 brn|[from] Recoil
|move|p2a: Corsola|Night Shade|p1a: Elle2Fer
|-damage|p1a: Elle2Fer|15/100 brn
|
|-heal|p1a: Elle2Fer|21/100 brn|[from] item: Leftovers
|-damage|p1a: Elle2Fer|15/100 brn|[from] brn
|-end|p2a: Corsola|move: Taunt
|upkeep
|turn|59
|
|move|p1a: Elle2Fer|Roost|p1a: Elle2Fer
|-heal|p1a: Elle2Fer|65/100 brn
|-singleturn|p1a: Elle2Fer|move: Roost
|move|p2a: Corsola|Strength Sap|p1a: Elle2Fer
|-ability|p1a: Elle2Fer|Mirror Armor
|-unboost|p2a: Corsola|atk|1
|-heal|p2a: Corsola|100/100
|
|-heal|p1a: Elle2Fer|71/100 brn|[from] item: Leftovers
|-damage|p1a: Elle2Fer|65/100 brn|[from] brn
|upkeep
|turn|60
|
|switch|p2a: Hatterene|Hatterene, F|17/100
|-damage|p2a: Hatterene|5/100|[from] Stealth Rock
|move|p1a: Elle2Fer|Brave Bird|p2a: Hatterene
|-damage|p2a: Hatterene|0 fnt
|-damage|p1a: Elle2Fer|64/100 brn|[from] Recoil
|faint|p2a: Hatterene
|
|-heal|p1a: Elle2Fer|70/100 brn|[from] item: Leftovers
|-damage|p1a: Elle2Fer|64/100 brn|[from] brn
|upkeep
|inactive|DoseofDhillon has 120 seconds left.
|c|☆Bryou13|(:
|c|☆DoseofDhillon|gg
|c|☆Bryou13|thx
|c|☆Bryou13|gg
|-message|DoseofDhillon forfeited.
|
|win|Bryou13
|l|☆DoseofDhillon
|raw|Bryou13's rating: 1152 → 1171(+19 for winning)
|raw|DoseofDhillon's rating: 1065 → 1050(-15 for losing)
