|ScrapeTime|2020-01-01-18:45:05
|j|☆Char11
|j|☆Oscar'smom
|player|p1|Char11|265|1252
|player|p2|Oscar'smom|aromalady|1225
|teamsize|p1|6
|teamsize|p2|6
|gametype|singles
|gen|8
|tier|[Gen 8] OU
|rated|
|rule|Sleep Clause Mod: Limit one foe put to sleep
|rule|Species Clause: Limit one of each Pokémon
|rule|OHKO Clause: OHKO moves are banned
|rule|Evasion Moves Clause: Evasion moves are banned
|rule|Endless Battle Clause: Forcing endless battles is banned
|rule|HP Percentage Mod: HP is shown in percentages
|clearpoke
|poke|p1|Grimmsnarl, M|
|poke|p1|Kommo-o, M|
|poke|p1|Polteageist|
|poke|p1|Mew|
|poke|p1|Bisharp, M|
|poke|p1|Conkeldurr, M|
|poke|p2|Grimmsnarl, M|
|poke|p2|Obstagoon, F|
|poke|p2|Gardevoir, M|
|poke|p2|Torkoal, F|
|poke|p2|Thievul, M|
|poke|p2|Conkeldurr, M|
|rule|Dynamax Clause: You cannot dynamax
|teampreview
|c|☆Oscar'smom|ur conk is looking
|c|☆Oscar'smom|THICCCCCCCCCCCCC
|
|start
|switch|p1a: Grimmsnarl|Grimmsnarl, M|100/100
|switch|p2a: Grimmsnarl|Grimmsnarl, M|100/100
|turn|1
|
|move|p2a: Grimmsnarl|Reflect|p2a: Grimmsnarl
|-sidestart|p2: Oscar'smom|Reflect
|move|p1a: Grimmsnarl|Spirit Break|p2a: Grimmsnarl
|-supereffective|p2a: Grimmsnarl
|-damage|p2a: Grimmsnarl|71/100
|-unboost|p2a: Grimmsnarl|spa|1
|
|upkeep
|turn|2
|c|☆Char11|thanks
|inactive|Battle timer is ON: inactive players will automatically lose when time's up. (requested by Oscar'smom)
|c|☆Char11|she works out daily and i make sure to feed her everyday
|
|move|p2a: Grimmsnarl|Light Screen|p2a: Grimmsnarl
|-sidestart|p2: Oscar'smom|move: Light Screen
|move|p1a: Grimmsnarl|Taunt|p2a: Grimmsnarl
|-hint|Since gen 7, Dark is immune to Prankster moves.
|-immune|p2a: Grimmsnarl
|
|upkeep
|turn|3
|c|☆Oscar'smom|he*
|c|☆Oscar'smom|dont mispronoun
|c|☆Oscar'smom|its 2020
|c|☆Char11|i keep forgetting about the taunt change
|c|☆Char11|damn
|c|☆Char11|also yeah its 2020 my conk can be anything she wants to be smh
|inactive|Char11 has 120 seconds left.
|c|☆Oscar'smom|its been like 2-3 gens lol
|c|☆Oscar'smom|i used to forget a lot too
|c|☆Oscar'smom|but using grimm
|c|☆Oscar'smom|a lot of people try to taunt it
|c|☆Oscar'smom|so its engraved in my mind now lol
|inactive|Char11 has 90 seconds left.
|c|☆Char11|its a change they made in gen 7
|c|☆Char11|but i havent played competitive since gen 6
|inactive|Char11 has 60 seconds left.
|
|switch|p2a: Torkoal|Torkoal, F, shiny|100/100
|-weather|SunnyDay|[from] ability: Drought|[of] p2a: Torkoal
|move|p1a: Grimmsnarl|Reflect|p1a: Grimmsnarl
|-sidestart|p1: Char11|Reflect
|
|-weather|SunnyDay|[upkeep]
|upkeep
|turn|4
|
|move|p1a: Grimmsnarl|Taunt|p2a: Torkoal
|-start|p2a: Torkoal|move: Taunt
|move|p2a: Torkoal|Lava Plume|p1a: Grimmsnarl
|-damage|p1a: Grimmsnarl|64/100
|
|-weather|SunnyDay|[upkeep]
|upkeep
|turn|5
|c|☆Char11|so like dont overheat pls
|c|☆Char11|oh thats bad too
|
|move|p1a: Grimmsnarl|Light Screen|p1a: Grimmsnarl
|-sidestart|p1: Char11|move: Light Screen
|move|p2a: Torkoal|Lava Plume|p1a: Grimmsnarl
|-damage|p1a: Grimmsnarl|44/100
|-status|p1a: Grimmsnarl|brn
|
|-weather|SunnyDay|[upkeep]
|-damage|p1a: Grimmsnarl|38/100 brn|[from] brn
|upkeep
|turn|6
|
|switch|p1a: Conkeldurr|Conkeldurr, M|100/100
|move|p2a: Torkoal|Lava Plume|p1a: Conkeldurr
|-damage|p1a: Conkeldurr|70/100
|
|-weather|SunnyDay|[upkeep]
|-end|p2a: Torkoal|move: Taunt
|-status|p1a: Conkeldurr|brn|[from] item: Flame Orb
|upkeep
|turn|7
|
|move|p1a: Conkeldurr|Earthquake|p2a: Torkoal
|-supereffective|p2a: Torkoal
|-damage|p2a: Torkoal|53/100
|move|p2a: Torkoal|Lava Plume|p1a: Conkeldurr
|-damage|p1a: Conkeldurr|42/100 brn
|
|-weather|none
|-damage|p1a: Conkeldurr|36/100 brn|[from] brn
|upkeep
|turn|8
|
|move|p1a: Conkeldurr|Drain Punch|p2a: Torkoal
|-damage|p2a: Torkoal|29/100
|-heal|p1a: Conkeldurr|46/100 brn|[from] drain|[of] p2a: Torkoal
|move|p2a: Torkoal|Lava Plume|p1a: Conkeldurr
|-damage|p1a: Conkeldurr|24/100 brn
|
|-damage|p1a: Conkeldurr|18/100 brn|[from] brn
|-sideend|p2: Oscar'smom|Reflect
|upkeep
|turn|9
|
|move|p1a: Conkeldurr|Drain Punch|p2a: Torkoal
|-damage|p2a: Torkoal|0 fnt
|-heal|p1a: Conkeldurr|30/100 brn|[from] drain|[of] p2a: Torkoal
|faint|p2a: Torkoal
|
|-damage|p1a: Conkeldurr|24/100 brn|[from] brn
|-sideend|p2: Oscar'smom|move: Light Screen
|upkeep
|
|switch|p2a: Gardevoir|Gardevoir, M, shiny|100/100
|-ability|p2a: Gardevoir|Guts|[from] ability: Trace|[of] p1a: Conkeldurr
|turn|10
|
|switch|p1a: Grimmsnarl|Grimmsnarl, M|38/100 brn
|move|p2a: Gardevoir|Moonblast|p1a: Grimmsnarl
|-supereffective|p1a: Grimmsnarl
|-damage|p1a: Grimmsnarl|4/100 brn
|-unboost|p1a: Grimmsnarl|spa|1
|
|-damage|p1a: Grimmsnarl|0 fnt|[from] brn
|faint|p1a: Grimmsnarl
|-sideend|p1: Char11|Reflect
|upkeep
|inactive|Char11 has 90 seconds left.
|
|switch|p1a: Polteageist|Polteageist|100/100
|turn|11
|
|switch|p2a: Grimmsnarl|Grimmsnarl, M|71/100
|move|p1a: Polteageist|Shell Smash|p1a: Polteageist
|-unboost|p1a: Polteageist|def|1
|-unboost|p1a: Polteageist|spd|1
|-boost|p1a: Polteageist|atk|2
|-boost|p1a: Polteageist|spa|2
|-boost|p1a: Polteageist|spe|2
|
|upkeep
|turn|12
|inactive|Char11 has 90 seconds left.
|
|move|p2a: Grimmsnarl|Taunt|p1a: Polteageist
|-start|p1a: Polteageist|move: Taunt
|move|p1a: Polteageist|Giga Drain|p2a: Grimmsnarl
|-damage|p2a: Grimmsnarl|14/100
|
|-sideend|p1: Char11|move: Light Screen
|upkeep
|turn|13
|
|move|p2a: Grimmsnarl|Light Screen|p2a: Grimmsnarl
|-sidestart|p2: Oscar'smom|move: Light Screen
|move|p1a: Polteageist|Giga Drain|p2a: Grimmsnarl
|-damage|p2a: Grimmsnarl|0 fnt
|faint|p2a: Grimmsnarl
|
|upkeep
|
|switch|p2a: Thievul|Thievul, M|100/100
|turn|14
|
|switch|p1a: Bisharp|Bisharp, M|100/100
|move|p2a: Thievul|Snarl|p1a: Bisharp
|-resisted|p1a: Bisharp
|-damage|p1a: Bisharp|80/100
|-unboost|p1a: Bisharp|spa|1
|-ability|p1a: Bisharp|Defiant
|-boost|p1a: Bisharp|atk|2
|-enditem|p2a: Thievul|Throat Spray
|-boost|p2a: Thievul|spa|1
|
|upkeep
|turn|15
|
|move|p2a: Thievul|Dark Pulse|p1a: Bisharp
|-resisted|p1a: Bisharp
|-damage|p1a: Bisharp|38/100
|move|p1a: Bisharp|Iron Head|p2a: Thievul
|-damage|p2a: Thievul|0 fnt
|faint|p2a: Thievul
|
|upkeep
|
|switch|p2a: Conkeldurr|Conkeldurr, M|100/100
|turn|16
|
|switch|p1a: Polteageist|Polteageist|100/100
|move|p2a: Conkeldurr|Mach Punch|p1a: Polteageist
|-immune|p1a: Polteageist
|
|-status|p2a: Conkeldurr|brn|[from] item: Flame Orb
|upkeep
|turn|17
|
|move|p1a: Polteageist|Shell Smash|p1a: Polteageist
|-unboost|p1a: Polteageist|def|1
|-unboost|p1a: Polteageist|spd|1
|-boost|p1a: Polteageist|atk|2
|-boost|p1a: Polteageist|spa|2
|-boost|p1a: Polteageist|spe|2
|move|p2a: Conkeldurr|Earthquake|p1a: Polteageist
|-enditem|p1a: Polteageist|Focus Sash
|-damage|p1a: Polteageist|1/100
|-ability|p1a: Polteageist|Weak Armor|boost
|-unboost|p1a: Polteageist|def|1
|-boost|p1a: Polteageist|spe|2
|
|-damage|p2a: Conkeldurr|95/100 brn|[from] brn
|upkeep
|turn|18
|
|move|p1a: Polteageist|Stored Power|p2a: Conkeldurr
|-supereffective|p2a: Conkeldurr
|-damage|p2a: Conkeldurr|0 fnt
|faint|p2a: Conkeldurr
|
|upkeep
|
|switch|p2a: Obstagoon|Obstagoon, F|100/100
|turn|19
|inactive|Char11 has 120 seconds left.
|
|move|p1a: Polteageist|Giga Drain|p2a: Obstagoon
|-damage|p2a: Obstagoon|62/100
|-heal|p1a: Polteageist|25/100|[from] drain|[of] p2a: Obstagoon
|move|p2a: Obstagoon|Knock Off|p1a: Polteageist
|-supereffective|p1a: Polteageist
|-damage|p1a: Polteageist|0 fnt
|faint|p1a: Polteageist
|
|-status|p2a: Obstagoon|brn|[from] item: Flame Orb
|upkeep
|inactive|Char11 has 120 seconds left.
|
|switch|p1a: Conkeldurr|Conkeldurr, M|24/100 brn
|turn|20
|
|switch|p2a: Gardevoir|Gardevoir, M, shiny|100/100
|-ability|p2a: Gardevoir|Guts|[from] ability: Trace|[of] p1a: Conkeldurr
|move|p1a: Conkeldurr|Mach Punch|p2a: Gardevoir
|-resisted|p2a: Gardevoir
|-damage|p2a: Gardevoir|84/100
|
|-damage|p1a: Conkeldurr|18/100 brn|[from] brn
|-sideend|p2: Oscar'smom|move: Light Screen
|upkeep
|turn|21
|
|switch|p1a: Mew|Mew|100/100
|move|p2a: Gardevoir|Moonblast|p1a: Mew
|-damage|p1a: Mew|62/100
|
|upkeep
|turn|22
|inactive|Char11 has 120 seconds left.
|
|move|p2a: Gardevoir|Moonblast|p1a: Mew
|-damage|p1a: Mew|22/100
|move|p1a: Mew|Spikes|p2a: Gardevoir
|-sidestart|p2: Oscar'smom|Spikes
|
|upkeep
|turn|23
|
|move|p2a: Gardevoir|Moonblast|p1a: Mew
|-damage|p1a: Mew|0 fnt
|faint|p1a: Mew
|
|upkeep
|
|switch|p1a: Bisharp|Bisharp, M|38/100
|turn|24
|
|move|p1a: Bisharp|Sucker Punch|p2a: Gardevoir
|-damage|p2a: Gardevoir|1/100
|move|p2a: Gardevoir|Moonblast|p1a: Bisharp
|-damage|p1a: Bisharp|0 fnt
|faint|p1a: Bisharp
|
|upkeep
|
|switch|p1a: Conkeldurr|Conkeldurr, M|18/100 brn
|turn|25
|c|☆Oscar'smom|didnt think it would do that much
|
|move|p1a: Conkeldurr|Mach Punch|p2a: Gardevoir
|-resisted|p2a: Gardevoir
|-damage|p2a: Gardevoir|0 fnt
|faint|p2a: Gardevoir
|
|-damage|p1a: Conkeldurr|12/100 brn|[from] brn
|upkeep
|
|switch|p2a: Obstagoon|Obstagoon, F|62/100 brn
|-damage|p2a: Obstagoon|49/100 brn|[from] Spikes
|turn|26
|c|☆Char11|meanwhile i thought itd kill
|
|move|p1a: Conkeldurr|Mach Punch|p2a: Obstagoon
|-supereffective|p2a: Obstagoon
|-damage|p2a: Obstagoon|0 fnt
|faint|p2a: Obstagoon
|
|win|Char11
|c|☆Char11|gg
|l|☆Oscar'smom
|raw|Char11's rating: 1252 → 1275(+23 for winning)
|raw|Oscar'smom's rating: 1225 → 1202(-23 for losing)
