|ScrapeTime|2020-01-01-04:54:58
|j|☆Shedinjanigans
|j|☆LatiGOD
|player|p1|Shedinjanigans|supernerd-gen1rb|
|player|p2|LatiGOD|248|
|teamsize|p1|6
|teamsize|p2|6
|gametype|singles
|gen|8
|tier|[Gen 8] OU
|rated|Tournament battle
|rule|Sleep Clause Mod: Limit one foe put to sleep
|rule|Species Clause: Limit one of each Pokémon
|rule|OHKO Clause: OHKO moves are banned
|rule|Evasion Moves Clause: Evasion moves are banned
|rule|Endless Battle Clause: Forcing endless battles is banned
|rule|HP Percentage Mod: HP is shown in percentages
|clearpoke
|poke|p1|Dracovish|
|poke|p1|Galvantula, F|
|poke|p1|Barraskewda, F|
|poke|p1|Rotom-Wash|
|poke|p1|Ferrothorn, M|
|poke|p1|Mandibuzz, F|
|poke|p2|Tyranitar, F|
|poke|p2|Excadrill, F|
|poke|p2|Ditto|
|poke|p2|Ferrothorn, M|
|poke|p2|Eternatus|
|poke|p2|Dracovish|
|rule|Dynamax Clause: You cannot dynamax
|teampreview
|j|*Lady Monita
|j| LampentNight✧
|j| xxTermanato69
|j| ludchan
|
|start
|switch|p1a: Rotom|Rotom-Wash|100/100
|switch|p2a: Excadrill|Excadrill, F|100/100
|turn|1
|
|switch|p2a: Eternatus|Eternatus|100/100
|-ability|p2a: Eternatus|Pressure
|move|p1a: Rotom|Hydro Pump|p2a: Eternatus
|-resisted|p2a: Eternatus
|-damage|p2a: Eternatus|69/100
|
|-heal|p2a: Eternatus|75/100|[from] item: Black Sludge
|upkeep
|turn|2
|
|switch|p1a: Ferrothorn|Ferrothorn, M|100/100
|move|p2a: Eternatus|Dynamax Cannon|p1a: Ferrothorn
|-resisted|p1a: Ferrothorn
|-damage|p1a: Ferrothorn|75/100
|
|-heal|p2a: Eternatus|81/100|[from] item: Black Sludge
|upkeep
|turn|3
|
|move|p2a: Eternatus|Flamethrower|p1a: Ferrothorn
|-supereffective|p1a: Ferrothorn
|-damage|p1a: Ferrothorn|0 fnt
|faint|p1a: Ferrothorn
|
|-heal|p2a: Eternatus|87/100|[from] item: Black Sludge
|upkeep
|
|switch|p1a: Dracovish|Dracovish|100/100
|turn|4
|
|move|p2a: Eternatus|Dynamax Cannon|p1a: Dracovish
|-supereffective|p1a: Dracovish
|-damage|p1a: Dracovish|0 fnt
|faint|p1a: Dracovish
|
|-heal|p2a: Eternatus|93/100|[from] item: Black Sludge
|upkeep
|
|switch|p1a: Galvantula|Galvantula, F|100/100
|turn|5
|
|move|p2a: Eternatus|Flamethrower|p1a: Galvantula
|-supereffective|p1a: Galvantula
|-enditem|p1a: Galvantula|Focus Sash
|-damage|p1a: Galvantula|1/100
|move|p1a: Galvantula|Thunder Wave|p2a: Eternatus
|-status|p2a: Eternatus|par
|
|-heal|p2a: Eternatus|99/100 par|[from] item: Black Sludge
|upkeep
|turn|6
|
|move|p1a: Galvantula|Thunder|p2a: Eternatus
|-resisted|p2a: Eternatus
|-damage|p2a: Eternatus|80/100 par
|move|p2a: Eternatus|Flamethrower|p1a: Galvantula
|-supereffective|p1a: Galvantula
|-damage|p1a: Galvantula|0 fnt
|faint|p1a: Galvantula
|
|-heal|p2a: Eternatus|86/100 par|[from] item: Black Sludge
|upkeep
|j|%Karl Dude Guy
|l|%Karl Dude Guy
|
|switch|p1a: Rotom|Rotom-Wash|100/100
|turn|7
|
|move|p1a: Rotom|Hydro Pump|p2a: Eternatus
|-resisted|p2a: Eternatus
|-damage|p2a: Eternatus|54/100 par
|cant|p2a: Eternatus|par
|
|-heal|p2a: Eternatus|60/100 par|[from] item: Black Sludge
|upkeep
|turn|8
|
|move|p1a: Rotom|Hydro Pump|p2a: Eternatus
|-resisted|p2a: Eternatus
|-damage|p2a: Eternatus|31/100 par
|move|p2a: Eternatus|Recover|p2a: Eternatus
|-heal|p2a: Eternatus|81/100 par
|
|-heal|p2a: Eternatus|87/100 par|[from] item: Black Sludge
|upkeep
|turn|9
|
|switch|p2a: Dracovish|Dracovish|100/100
|move|p1a: Rotom|Hydro Pump|p2a: Dracovish
|-resisted|p2a: Dracovish
|-damage|p2a: Dracovish|78/100
|
|upkeep
|turn|10
|
|switch|p1a: Mandibuzz|Mandibuzz, F|100/100
|move|p2a: Dracovish|Fishious Rend|p1a: Mandibuzz
|-damage|p1a: Mandibuzz|12/100
|
|upkeep
|turn|11
|
|move|p2a: Dracovish|Fishious Rend|p1a: Mandibuzz
|-damage|p1a: Mandibuzz|0 fnt
|faint|p1a: Mandibuzz
|
|upkeep
|
|switch|p1a: Rotom|Rotom-Wash|100/100
|turn|12
|j|#MGenius
|
|move|p1a: Rotom|Volt Switch|p2a: Dracovish
|-damage|p2a: Dracovish|15/100
|
|switch|p1a: Barraskewda|Barraskewda, F, shiny|100/100|[from]move: Volt Switch
|move|p2a: Dracovish|Fishious Rend|p1a: Barraskewda
|-resisted|p1a: Barraskewda
|-damage|p1a: Barraskewda|0 fnt
|faint|p1a: Barraskewda
|
|upkeep
|
|switch|p1a: Rotom|Rotom-Wash|100/100
|turn|13
|j|%Karl Dude Guy
|
|move|p1a: Rotom|Volt Switch|p2a: Dracovish
|-damage|p2a: Dracovish|0 fnt
|faint|p2a: Dracovish
|
|upkeep
|-message|Shedinjanigans forfeited.
|
|win|LatiGOD
