|ScrapeTime|2020-01-02-09:44:31
|j|☆Pixeldudeplays
|j|☆ejkabeejay
|player|p1|Pixeldudeplays|170|1198
|player|p2|ejkabeejay|youngster-gen4|1157
|teamsize|p1|6
|teamsize|p2|6
|gametype|singles
|gen|8
|tier|[Gen 8] OU
|rated|
|rule|Sleep Clause Mod: Limit one foe put to sleep
|rule|Species Clause: Limit one of each Pokémon
|rule|OHKO Clause: OHKO moves are banned
|rule|Evasion Moves Clause: Evasion moves are banned
|rule|Endless Battle Clause: Forcing endless battles is banned
|rule|HP Percentage Mod: HP is shown in percentages
|clearpoke
|poke|p1|Dracovish|
|poke|p1|Excadrill, F|
|poke|p1|Flygon, F|
|poke|p1|Conkeldurr, M|
|poke|p1|Aegislash, F|
|poke|p1|Hydreigon, F|
|poke|p2|Dubwool, M|
|poke|p2|Togekiss, M|
|poke|p2|Polteageist|
|poke|p2|Excadrill, M|
|poke|p2|Toxtricity, M|
|poke|p2|Sirfetch'd, M|
|rule|Dynamax Clause: You cannot dynamax
|teampreview
|
|start
|switch|p1a: Dracovish|Dracovish|100/100
|switch|p2a: Sirfetch'd|Sirfetch'd, M|100/100
|turn|1
|
|move|p2a: Sirfetch'd|First Impression|p1a: Dracovish
|-damage|p1a: Dracovish|53/100
|-damage|p2a: Sirfetch'd|91/100|[from] item: Life Orb
|move|p1a: Dracovish|Fishious Rend|p2a: Sirfetch'd
|-damage|p2a: Sirfetch'd|36/100
|
|upkeep
|turn|2
|
|move|p1a: Dracovish|Fishious Rend|p2a: Sirfetch'd
|-damage|p2a: Sirfetch'd|0 fnt
|faint|p2a: Sirfetch'd
|
|upkeep
|
|switch|p2a: Polteageist|Polteageist|100/100
|turn|3
|
|move|p1a: Dracovish|Fishious Rend|p2a: Polteageist
|-enditem|p2a: Polteageist|Focus Sash
|-damage|p2a: Polteageist|1/100
|move|p2a: Polteageist|Shell Smash|p2a: Polteageist
|-unboost|p2a: Polteageist|def|1
|-unboost|p2a: Polteageist|spd|1
|-boost|p2a: Polteageist|atk|2
|-boost|p2a: Polteageist|spa|2
|-boost|p2a: Polteageist|spe|2
|
|upkeep
|turn|4
|
|move|p2a: Polteageist|Giga Drain|p1a: Dracovish
|-damage|p1a: Dracovish|0 fnt
|-heal|p2a: Polteageist|33/100|[from] drain|[of] p1a: Dracovish
|faint|p1a: Dracovish
|
|upkeep
|
|switch|p1a: Excadrill|Excadrill, F|100/100
|-ability|p1a: Excadrill|Mold Breaker
|turn|5
|
|move|p2a: Polteageist|Giga Drain|p1a: Excadrill
|-damage|p1a: Excadrill|16/100
|-heal|p2a: Polteageist|92/100|[from] drain|[of] p1a: Excadrill
|move|p1a: Excadrill|Earthquake|p2a: Polteageist
|-damage|p2a: Polteageist|0 fnt
|-start|p1a: Excadrill|Disable|Earthquake|[from] ability: Cursed Body|[of] p2a: Polteageist
|faint|p2a: Polteageist
|
|upkeep
|
|switch|p2a: Togekiss|Togekiss, M, shiny|100/100
|turn|6
|
|move|p1a: Excadrill|Rock Slide|p2a: Togekiss
|-supereffective|p2a: Togekiss
|-damage|p2a: Togekiss|39/100
|cant|p2a: Togekiss|flinch
|
|upkeep
|turn|7
|
|move|p1a: Excadrill|Rock Slide|p2a: Togekiss
|-supereffective|p2a: Togekiss
|-damage|p2a: Togekiss|0 fnt
|faint|p2a: Togekiss
|
|upkeep
|
|switch|p2a: Toxtricity|Toxtricity, M|100/100
|turn|8
|
|switch|p1a: Flygon|Flygon, F|100/100
|switch|p2a: Dubwool|Dubwool, M|100/100
|
|upkeep
|turn|9
|
|move|p1a: Flygon|Outrage|p2a: Dubwool
|-damage|p2a: Dubwool|74/100
|move|p2a: Dubwool|Cotton Guard|p2a: Dubwool
|-boost|p2a: Dubwool|def|3
|
|-heal|p2a: Dubwool|80/100|[from] item: Leftovers
|upkeep
|turn|10
|
|move|p1a: Flygon|Outrage|p2a: Dubwool|[from]lockedmove
|-damage|p2a: Dubwool|69/100
|move|p2a: Dubwool|Cotton Guard|p2a: Dubwool
|-boost|p2a: Dubwool|def|3
|
|-heal|p2a: Dubwool|75/100|[from] item: Leftovers
|upkeep
|turn|11
|
|move|p1a: Flygon|Outrage|p2a: Dubwool|[from]lockedmove
|-damage|p2a: Dubwool|69/100
|-start|p1a: Flygon|confusion|[fatigue]
|move|p2a: Dubwool|Body Press|p1a: Flygon
|-damage|p1a: Flygon|0 fnt
|faint|p1a: Flygon
|
|-heal|p2a: Dubwool|75/100|[from] item: Leftovers
|upkeep
|
|switch|p1a: Aegislash|Aegislash, F|100/100
|turn|12
|
|move|p2a: Dubwool|Thunder Wave|p1a: Aegislash|[miss]
|-miss|p2a: Dubwool|p1a: Aegislash
|-formechange|p1a: Aegislash|Aegislash-Blade||[from] ability: Stance Change
|move|p1a: Aegislash|Steel Beam|p2a: Dubwool
|-damage|p2a: Dubwool|0 fnt
|-damage|p1a: Aegislash|50/100|[from] mindblown
|faint|p2a: Dubwool
|
|upkeep
|
|switch|p2a: Excadrill|Excadrill, M|100/100
|-ability|p2a: Excadrill|Mold Breaker
|turn|13
|
|move|p2a: Excadrill|Earthquake|p1a: Aegislash
|-supereffective|p1a: Aegislash
|-damage|p1a: Aegislash|0 fnt
|faint|p1a: Aegislash
|
|upkeep
|
|switch|p1a: Excadrill|Excadrill, F|16/100
|-ability|p1a: Excadrill|Mold Breaker
|turn|14
|
|move|p2a: Excadrill|Earthquake|p1a: Excadrill
|-supereffective|p1a: Excadrill
|-damage|p1a: Excadrill|0 fnt
|faint|p1a: Excadrill
|
|upkeep
|
|switch|p1a: Hydreigon|Hydreigon, F|100/100
|turn|15
|
|switch|p2a: Toxtricity|Toxtricity, M|100/100
|move|p1a: Hydreigon|Dark Pulse|p2a: Toxtricity
|-damage|p2a: Toxtricity|28/100
|-damage|p1a: Hydreigon|91/100|[from] item: Life Orb
|
|upkeep
|turn|16
|
|move|p1a: Hydreigon|Dark Pulse|p2a: Toxtricity
|-damage|p2a: Toxtricity|0 fnt
|-damage|p1a: Hydreigon|81/100|[from] item: Life Orb
|faint|p2a: Toxtricity
|
|upkeep
|
|switch|p2a: Excadrill|Excadrill, M|100/100
|-ability|p2a: Excadrill|Mold Breaker
|turn|17
|
|move|p2a: Excadrill|Brick Break|p1a: Hydreigon
|-supereffective|p1a: Hydreigon
|-damage|p1a: Hydreigon|16/100
|move|p1a: Hydreigon|Dark Pulse|p2a: Excadrill
|-damage|p2a: Excadrill|32/100
|-damage|p1a: Hydreigon|6/100|[from] item: Life Orb
|
|upkeep
|turn|18
|
|move|p2a: Excadrill|Brick Break|p1a: Hydreigon
|-supereffective|p1a: Hydreigon
|-damage|p1a: Hydreigon|0 fnt
|faint|p1a: Hydreigon
|
|upkeep
|
|switch|p1a: Conkeldurr|Conkeldurr, M|100/100
|turn|19
|
|move|p1a: Conkeldurr|Mach Punch|p2a: Excadrill
|-supereffective|p2a: Excadrill
|-damage|p2a: Excadrill|0 fnt
|faint|p2a: Excadrill
|
|win|Pixeldudeplays
|l|☆ejkabeejay
|raw|Pixeldudeplays's rating: 1198 → 1221(+23 for winning)
|raw|ejkabeejay's rating: 1157 → 1135(-22 for losing)
