|ScrapeTime|2020-01-02-02:44:57
|j|‽ezwz
|j|☆tempering ツ
|player|p1|ezwz|youngster-gen4|1984
|player|p2|tempering ツ|beauty-gen7|1804
|teamsize|p1|6
|teamsize|p2|6
|gametype|singles
|gen|8
|tier|[Gen 8] OU
|rated|
|rule|Sleep Clause Mod: Limit one foe put to sleep
|rule|Species Clause: Limit one of each Pokémon
|rule|OHKO Clause: OHKO moves are banned
|rule|Evasion Moves Clause: Evasion moves are banned
|rule|Endless Battle Clause: Forcing endless battles is banned
|rule|HP Percentage Mod: HP is shown in percentages
|clearpoke
|poke|p1|Excadrill, F|
|poke|p1|Toxapex, F|
|poke|p1|Ferrothorn, M|
|poke|p1|Clefable, F|
|poke|p1|Conkeldurr, F|
|poke|p1|Mandibuzz, F|
|poke|p2|Mew|
|poke|p2|Bisharp, F|
|poke|p2|Dragapult, F|
|poke|p2|Conkeldurr, F|
|poke|p2|Kommo-o, M|
|poke|p2|Grimmsnarl, M|
|rule|Dynamax Clause: You cannot dynamax
|teampreview
|
|start
|switch|p1a: Excadrill|Excadrill, F|100/100
|switch|p2a: Mew|Mew|100/100
|-ability|p1a: Excadrill|Mold Breaker
|turn|1
|
|move|p2a: Mew|Taunt|p1a: Excadrill
|-start|p1a: Excadrill|move: Taunt
|move|p1a: Excadrill|Rapid Spin|p2a: Mew
|-damage|p2a: Mew|87/100
|-boost|p1a: Excadrill|spe|1
|-enditem|p2a: Mew|Red Card|[of] p1a: Excadrill
|drag|p1a: Ferrothorn|Ferrothorn, M|100/100
|
|upkeep
|turn|2
|
|switch|p1a: Conkeldurr|Conkeldurr, F|100/100
|move|p2a: Mew|Stealth Rock|p1a: Conkeldurr
|-sidestart|p1: ezwz|move: Stealth Rock
|
|-status|p1a: Conkeldurr|brn|[from] item: Flame Orb
|upkeep
|turn|3
|
|switch|p1a: Excadrill|Excadrill, F|100/100
|-damage|p1a: Excadrill|97/100|[from] Stealth Rock
|-ability|p1a: Excadrill|Mold Breaker
|move|p2a: Mew|Spikes|p1a: Excadrill
|-sidestart|p1: ezwz|Spikes
|
|-heal|p1a: Excadrill|100/100|[from] item: Leftovers
|upkeep
|turn|4
|j| WymanRemembers
|
|move|p2a: Mew|Self-Destruct|p1a: Excadrill
|-resisted|p1a: Excadrill
|-damage|p1a: Excadrill|68/100
|faint|p2a: Mew
|move|p1a: Excadrill|Stealth Rock|p2: Mew
|-sidestart|p2: tempering ツ|move: Stealth Rock
|
|-heal|p1a: Excadrill|74/100|[from] item: Leftovers
|upkeep
|
|switch|p2a: Dragapult|Dragapult, F|100/100
|-damage|p2a: Dragapult|88/100|[from] Stealth Rock
|turn|5
|
|switch|p1a: Mandibuzz|Mandibuzz, F|100/100
|move|p2a: Dragapult|Flamethrower|p1a: Mandibuzz
|-damage|p1a: Mandibuzz|78/100
|-damage|p2a: Dragapult|78/100|[from] item: Life Orb
|
|upkeep
|turn|6
|
|move|p2a: Dragapult|Thunderbolt|p1a: Mandibuzz
|-supereffective|p1a: Mandibuzz
|-damage|p1a: Mandibuzz|30/100
|-damage|p2a: Dragapult|69/100|[from] item: Life Orb
|move|p1a: Mandibuzz|Roost|p1a: Mandibuzz
|-heal|p1a: Mandibuzz|80/100
|-singleturn|p1a: Mandibuzz|move: Roost
|
|upkeep
|turn|7
|
|move|p2a: Dragapult|Thunderbolt|p1a: Mandibuzz
|-supereffective|p1a: Mandibuzz
|-damage|p1a: Mandibuzz|35/100
|-damage|p2a: Dragapult|59/100|[from] item: Life Orb
|move|p1a: Mandibuzz|Roost|p1a: Mandibuzz
|-heal|p1a: Mandibuzz|85/100
|-singleturn|p1a: Mandibuzz|move: Roost
|
|upkeep
|turn|8
|
|move|p2a: Dragapult|Thunderbolt|p1a: Mandibuzz
|-supereffective|p1a: Mandibuzz
|-damage|p1a: Mandibuzz|40/100
|-damage|p2a: Dragapult|49/100|[from] item: Life Orb
|move|p1a: Mandibuzz|Roost|p1a: Mandibuzz
|-heal|p1a: Mandibuzz|90/100
|-singleturn|p1a: Mandibuzz|move: Roost
|
|upkeep
|turn|9
|
|move|p2a: Dragapult|Thunderbolt|p1a: Mandibuzz
|-supereffective|p1a: Mandibuzz
|-damage|p1a: Mandibuzz|41/100
|-damage|p2a: Dragapult|39/100|[from] item: Life Orb
|move|p1a: Mandibuzz|Roost|p1a: Mandibuzz
|-heal|p1a: Mandibuzz|91/100
|-singleturn|p1a: Mandibuzz|move: Roost
|
|upkeep
|turn|10
|
|move|p2a: Dragapult|Thunderbolt|p1a: Mandibuzz
|-supereffective|p1a: Mandibuzz
|-damage|p1a: Mandibuzz|42/100
|-damage|p2a: Dragapult|30/100|[from] item: Life Orb
|move|p1a: Mandibuzz|Roost|p1a: Mandibuzz
|-heal|p1a: Mandibuzz|92/100
|-singleturn|p1a: Mandibuzz|move: Roost
|
|upkeep
|turn|11
|
|move|p2a: Dragapult|Thunderbolt|p1a: Mandibuzz
|-supereffective|p1a: Mandibuzz
|-damage|p1a: Mandibuzz|44/100
|-damage|p2a: Dragapult|20/100|[from] item: Life Orb
|move|p1a: Mandibuzz|Roost|p1a: Mandibuzz
|-heal|p1a: Mandibuzz|94/100
|-singleturn|p1a: Mandibuzz|move: Roost
|
|upkeep
|turn|12
|
|move|p2a: Dragapult|Thunderbolt|p1a: Mandibuzz
|-supereffective|p1a: Mandibuzz
|-damage|p1a: Mandibuzz|46/100
|-damage|p2a: Dragapult|10/100|[from] item: Life Orb
|move|p1a: Mandibuzz|Roost|p1a: Mandibuzz
|-heal|p1a: Mandibuzz|96/100
|-singleturn|p1a: Mandibuzz|move: Roost
|
|upkeep
|turn|13
|j| DemZii
|
|move|p2a: Dragapult|Flamethrower|p1a: Mandibuzz
|-damage|p1a: Mandibuzz|71/100
|-damage|p2a: Dragapult|0 fnt|[from] item: Life Orb
|faint|p2a: Dragapult
|move|p1a: Mandibuzz|Roost|p1a: Mandibuzz
|-heal|p1a: Mandibuzz|100/100
|-singleturn|p1a: Mandibuzz|move: Roost
|
|upkeep
|j| Codygrace
|
|switch|p2a: Grimmsnarl|Grimmsnarl, M|100/100
|-damage|p2a: Grimmsnarl|88/100|[from] Stealth Rock
|turn|14
|
|move|p2a: Grimmsnarl|Bulk Up|p2a: Grimmsnarl
|-boost|p2a: Grimmsnarl|atk|1
|-boost|p2a: Grimmsnarl|def|1
|move|p1a: Mandibuzz|Knock Off|p2a: Grimmsnarl
|-resisted|p2a: Grimmsnarl
|-damage|p2a: Grimmsnarl|82/100
|-enditem|p2a: Grimmsnarl|Life Orb|[from] move: Knock Off|[of] p1a: Mandibuzz
|
|upkeep
|turn|15
|j| Darkrows
|
|switch|p1a: Toxapex|Toxapex, F|100/100
|-damage|p1a: Toxapex|88/100|[from] Stealth Rock
|-damage|p1a: Toxapex|75/100|[from] Spikes
|move|p2a: Grimmsnarl|Bulk Up|p2a: Grimmsnarl
|-boost|p2a: Grimmsnarl|atk|1
|-boost|p2a: Grimmsnarl|def|1
|
|-heal|p1a: Toxapex|82/100|[from] item: Black Sludge
|upkeep
|turn|16
|j| ou is a sham
|j| JKongh
|j| GodDoesNotLuvU
|j| Im the Highest 2.0
|
|move|p2a: Grimmsnarl|Bulk Up|p2a: Grimmsnarl
|-boost|p2a: Grimmsnarl|atk|1
|-boost|p2a: Grimmsnarl|def|1
|move|p1a: Toxapex|Toxic|p2a: Grimmsnarl
|-status|p2a: Grimmsnarl|tox
|
|-heal|p1a: Toxapex|88/100|[from] item: Black Sludge
|-damage|p2a: Grimmsnarl|76/100 tox|[from] psn
|upkeep
|turn|17
|
|move|p2a: Grimmsnarl|Bulk Up|p2a: Grimmsnarl
|-boost|p2a: Grimmsnarl|atk|1
|-boost|p2a: Grimmsnarl|def|1
|move|p1a: Toxapex|Recover|p1a: Toxapex
|-heal|p1a: Toxapex|100/100
|
|-damage|p2a: Grimmsnarl|64/100 tox|[from] psn
|upkeep
|turn|18
|
|move|p2a: Grimmsnarl|Darkest Lariat|p1a: Toxapex
|-damage|p1a: Toxapex|19/100
|move|p1a: Toxapex|Recover|p1a: Toxapex
|-heal|p1a: Toxapex|69/100
|
|-heal|p1a: Toxapex|75/100|[from] item: Black Sludge
|-damage|p2a: Grimmsnarl|46/100 tox|[from] psn
|upkeep
|turn|19
|
|move|p1a: Toxapex|Baneful Bunker|p1a: Toxapex
|-singleturn|p1a: Toxapex|move: Protect
|move|p2a: Grimmsnarl|Darkest Lariat|p1a: Toxapex
|-activate|p1a: Toxapex|move: Protect
|
|-heal|p1a: Toxapex|81/100|[from] item: Black Sludge
|-damage|p2a: Grimmsnarl|22/100 tox|[from] psn
|upkeep
|turn|20
|
|switch|p1a: Excadrill|Excadrill, F|74/100
|-damage|p1a: Excadrill|71/100|[from] Stealth Rock
|-damage|p1a: Excadrill|59/100|[from] Spikes
|-ability|p1a: Excadrill|Mold Breaker
|move|p2a: Grimmsnarl|Play Rough|p1a: Excadrill|[miss]
|-miss|p2a: Grimmsnarl|p1a: Excadrill
|
|-heal|p1a: Excadrill|65/100|[from] item: Leftovers
|-damage|p2a: Grimmsnarl|0 fnt|[from] psn
|faint|p2a: Grimmsnarl
|upkeep
|
|switch|p2a: Conkeldurr|Conkeldurr, F, shiny|100/100
|-damage|p2a: Conkeldurr|95/100|[from] Stealth Rock
|turn|21
|
|move|p1a: Excadrill|Rapid Spin|p2a: Conkeldurr
|-damage|p2a: Conkeldurr|80/100
|-sideend|p1: ezwz|Spikes|[from] move: Rapid Spin|[of] p1a: Excadrill
|-sideend|p1: ezwz|Stealth Rock|[from] move: Rapid Spin|[of] p1a: Excadrill
|-boost|p1a: Excadrill|spe|1
|move|p2a: Conkeldurr|Bulk Up|p2a: Conkeldurr
|-boost|p2a: Conkeldurr|atk|1
|-boost|p2a: Conkeldurr|def|1
|
|-heal|p1a: Excadrill|71/100|[from] item: Leftovers
|-status|p2a: Conkeldurr|brn|[from] item: Flame Orb
|upkeep
|turn|22
|j| horadobos
|j| suyingmm
|c| ou is a sham|ezwz goat
|
|switch|p1a: Toxapex|Toxapex, F|100/100
|move|p2a: Conkeldurr|Drain Punch|p1a: Toxapex
|-resisted|p1a: Toxapex
|-damage|p1a: Toxapex|70/100
|-heal|p2a: Conkeldurr|93/100 brn|[from] drain|[of] p1a: Toxapex
|
|-heal|p1a: Toxapex|76/100|[from] item: Black Sludge
|-damage|p2a: Conkeldurr|87/100 brn|[from] brn
|upkeep
|turn|23
|
|move|p2a: Conkeldurr|Bulk Up|p2a: Conkeldurr
|-boost|p2a: Conkeldurr|atk|1
|-boost|p2a: Conkeldurr|def|1
|move|p1a: Toxapex|Scald|p2a: Conkeldurr
|-damage|p2a: Conkeldurr|66/100 brn
|
|-heal|p1a: Toxapex|82/100|[from] item: Black Sludge
|-damage|p2a: Conkeldurr|60/100 brn|[from] brn
|upkeep
|turn|24
|
|move|p2a: Conkeldurr|Earthquake|p1a: Toxapex
|-supereffective|p1a: Toxapex
|-damage|p1a: Toxapex|0 fnt
|faint|p1a: Toxapex
|
|-damage|p2a: Conkeldurr|54/100 brn|[from] brn
|upkeep
|
|switch|p1a: Clefable|Clefable, F|100/100
|turn|25
|
|move|p1a: Clefable|Moonblast|p2a: Conkeldurr
|-supereffective|p2a: Conkeldurr
|-damage|p2a: Conkeldurr|0 fnt
|faint|p2a: Conkeldurr
|
|upkeep
|
|switch|p2a: Bisharp|Bisharp, F, shiny|100/100
|-damage|p2a: Bisharp|95/100|[from] Stealth Rock
|turn|26
|
|switch|p1a: Excadrill|Excadrill, F|71/100
|-ability|p1a: Excadrill|Mold Breaker
|move|p2a: Bisharp|Iron Head|p1a: Excadrill
|-resisted|p1a: Excadrill
|-damage|p1a: Excadrill|40/100
|-damage|p2a: Bisharp|85/100|[from] item: Life Orb
|
|-heal|p1a: Excadrill|46/100|[from] item: Leftovers
|upkeep
|turn|27
|
|move|p2a: Bisharp|Sucker Punch|p1a: Excadrill
|-damage|p1a: Excadrill|0 fnt
|-damage|p2a: Bisharp|75/100|[from] item: Life Orb
|faint|p1a: Excadrill
|
|upkeep
|
|switch|p1a: Conkeldurr|Conkeldurr, F|100/100 brn
|turn|28
|
|move|p1a: Conkeldurr|Mach Punch|p2a: Bisharp
|-supereffective|p2a: Bisharp
|-damage|p2a: Bisharp|0 fnt
|faint|p2a: Bisharp
|
|-damage|p1a: Conkeldurr|95/100 brn|[from] brn
|upkeep
|
|switch|p2a: Kommo-o|Kommo-o, M|100/100
|-damage|p2a: Kommo-o|94/100|[from] Stealth Rock
|turn|29
|
|move|p2a: Kommo-o|Clangorous Soul|p2a: Kommo-o
|-boost|p2a: Kommo-o|atk|1
|-boost|p2a: Kommo-o|def|1
|-boost|p2a: Kommo-o|spa|1
|-boost|p2a: Kommo-o|spd|1
|-boost|p2a: Kommo-o|spe|1
|-damage|p2a: Kommo-o|61/100
|-enditem|p2a: Kommo-o|Throat Spray
|-boost|p2a: Kommo-o|spa|1
|move|p1a: Conkeldurr|Close Combat|p2a: Kommo-o
|-damage|p2a: Kommo-o|0 fnt
|-unboost|p1a: Conkeldurr|def|1
|-unboost|p1a: Conkeldurr|spd|1
|faint|p2a: Kommo-o
|
|win|ezwz
|c|☆tempering ツ|gg
|l|☆tempering ツ
|raw|ezwz's rating: 1985 → 1995(+10 for winning)
|raw|tempering ツ's rating: 1804 → 1794(-10 for losing)
