|ScrapeTime|2020-01-02-00:28:46
|j|☆cukro
|j|☆My name Quegg
|player|p1|cukro|165|1313
|player|p2|My name Quegg|hiker-gen4|1361
|teamsize|p1|6
|teamsize|p2|6
|gametype|singles
|gen|8
|tier|[Gen 8] OU
|rated|
|rule|Sleep Clause Mod: Limit one foe put to sleep
|rule|Species Clause: Limit one of each Pokémon
|rule|OHKO Clause: OHKO moves are banned
|rule|Evasion Moves Clause: Evasion moves are banned
|rule|Endless Battle Clause: Forcing endless battles is banned
|rule|HP Percentage Mod: HP is shown in percentages
|clearpoke
|poke|p1|Tyranitar, M|
|poke|p1|Excadrill, F|
|poke|p1|Dragapult, F|
|poke|p1|Clefable, M|
|poke|p1|Rotom-Wash|
|poke|p1|Ferrothorn, F|
|poke|p2|Aegislash, M|
|poke|p2|Crawdaunt, M|
|poke|p2|Mew|
|poke|p2|Lucario, M|
|poke|p2|Bisharp, F|
|poke|p2|Dragapult, M|
|rule|Dynamax Clause: You cannot dynamax
|teampreview
|
|start
|switch|p1a: Tyranitar|Tyranitar, M|100/100
|switch|p2a: Mew|Mew|100/100
|-weather|Sandstorm|[from] ability: Sand Stream|[of] p1a: Tyranitar
|turn|1
|inactive|Battle timer is ON: inactive players will automatically lose when time's up. (requested by cukro)
|
|move|p2a: Mew|Stealth Rock|p1a: Tyranitar
|-sidestart|p1: cukro|move: Stealth Rock
|move|p1a: Tyranitar|Thunder Wave|p2a: Mew
|-status|p2a: Mew|par
|-activate|p2a: Mew|ability: Synchronize
|-status|p1a: Tyranitar|par
|
|-weather|Sandstorm|[upkeep]
|-damage|p2a: Mew|94/100 par|[from] Sandstorm
|upkeep
|turn|2
|
|cant|p2a: Mew|par
|move|p1a: Tyranitar|Stealth Rock|p2a: Mew
|-sidestart|p2: My name Quegg|move: Stealth Rock
|
|-weather|Sandstorm|[upkeep]
|-damage|p2a: Mew|88/100 par|[from] Sandstorm
|upkeep
|turn|3
|
|move|p2a: Mew|Spikes|p1a: Tyranitar
|-sidestart|p1: cukro|Spikes
|cant|p1a: Tyranitar|par
|
|-weather|Sandstorm|[upkeep]
|-damage|p2a: Mew|82/100 par|[from] Sandstorm
|upkeep
|turn|4
|c|☆cukro|:(
|
|move|p2a: Mew|Spikes|p1a: Tyranitar
|-sidestart|p1: cukro|Spikes
|move|p1a: Tyranitar|Crunch|p2a: Mew
|-supereffective|p2a: Mew
|-damage|p2a: Mew|19/100 par
|
|-weather|Sandstorm|[upkeep]
|-damage|p2a: Mew|13/100 par|[from] Sandstorm
|upkeep
|turn|5
|
|switch|p1a: Excadrill|Excadrill, F|100/100
|-damage|p1a: Excadrill|97/100|[from] Stealth Rock
|-damage|p1a: Excadrill|81/100|[from] Spikes
|move|p2a: Mew|Spikes|p1a: Excadrill
|-sidestart|p1: cukro|Spikes
|
|-weather|none
|upkeep
|turn|6
|
|switch|p2a: Aegislash|Aegislash, M|100/100
|-damage|p2a: Aegislash|94/100|[from] Stealth Rock
|-item|p2a: Aegislash|Air Balloon
|move|p1a: Excadrill|Swords Dance|p1a: Excadrill
|-boost|p1a: Excadrill|atk|2
|
|upkeep
|turn|7
|
|move|p1a: Excadrill|Iron Head|p2a: Aegislash
|-resisted|p2a: Aegislash
|-damage|p2a: Aegislash|53/100
|-enditem|p2a: Aegislash|Air Balloon
|move|p2a: Aegislash|Swords Dance|p2a: Aegislash
|-boost|p2a: Aegislash|atk|2
|
|upkeep
|turn|8
|
|-formechange|p2a: Aegislash|Aegislash-Blade||[from] ability: Stance Change
|move|p2a: Aegislash|Shadow Sneak|p1a: Excadrill
|-damage|p1a: Excadrill|17/100
|move|p1a: Excadrill|Earthquake|p2a: Aegislash
|-supereffective|p2a: Aegislash
|-damage|p2a: Aegislash|0 fnt
|faint|p2a: Aegislash
|
|upkeep
|
|switch|p2a: Dragapult|Dragapult, M|100/100
|-damage|p2a: Dragapult|88/100|[from] Stealth Rock
|turn|9
|
|switch|p1a: Tyranitar|Tyranitar, M|100/100 par
|-damage|p1a: Tyranitar|88/100 par|[from] Stealth Rock
|-damage|p1a: Tyranitar|63/100 par|[from] Spikes
|-weather|Sandstorm|[from] ability: Sand Stream|[of] p1a: Tyranitar
|move|p2a: Dragapult|Dragon Darts|p1a: Tyranitar
|-damage|p1a: Tyranitar|43/100 par
|-damage|p1a: Tyranitar|25/100 par
|-hitcount|p1a: Tyranitar|2
|
|-weather|Sandstorm|[upkeep]
|-damage|p2a: Dragapult|82/100|[from] Sandstorm
|-heal|p2a: Dragapult|88/100|[from] item: Leftovers
|-heal|p1a: Tyranitar|31/100 par|[from] item: Leftovers
|upkeep
|turn|10
|
|move|p2a: Dragapult|Substitute|p2a: Dragapult
|-start|p2a: Dragapult|Substitute
|-damage|p2a: Dragapult|63/100
|cant|p1a: Tyranitar|par
|
|-weather|Sandstorm|[upkeep]
|-damage|p2a: Dragapult|57/100|[from] Sandstorm
|-heal|p2a: Dragapult|63/100|[from] item: Leftovers
|-heal|p1a: Tyranitar|37/100 par|[from] item: Leftovers
|upkeep
|turn|11
|
|move|p2a: Dragapult|Dragon Dance|p2a: Dragapult
|-boost|p2a: Dragapult|atk|1
|-boost|p2a: Dragapult|spe|1
|move|p1a: Tyranitar|Crunch|p2a: Dragapult
|-supereffective|p2a: Dragapult
|-end|p2a: Dragapult|Substitute
|
|-weather|Sandstorm|[upkeep]
|-damage|p2a: Dragapult|57/100|[from] Sandstorm
|-heal|p2a: Dragapult|63/100|[from] item: Leftovers
|-heal|p1a: Tyranitar|43/100 par|[from] item: Leftovers
|upkeep
|turn|12
|
|move|p2a: Dragapult|Dragon Darts|p1a: Tyranitar
|-damage|p1a: Tyranitar|16/100 par
|-damage|p1a: Tyranitar|0 fnt
|-hitcount|p1a: Tyranitar|2
|faint|p1a: Tyranitar
|
|-weather|Sandstorm|[upkeep]
|-damage|p2a: Dragapult|57/100|[from] Sandstorm
|-heal|p2a: Dragapult|63/100|[from] item: Leftovers
|upkeep
|
|switch|p1a: Dragapult|Dragapult, F|100/100
|-damage|p1a: Dragapult|76/100|[from] Spikes
|-damage|p1a: Dragapult|63/100|[from] Stealth Rock
|turn|13
|
|move|p1a: Dragapult|Sucker Punch|p2a: Dragapult
|-supereffective|p2a: Dragapult
|-damage|p2a: Dragapult|0 fnt
|faint|p2a: Dragapult
|
|-weather|none
|upkeep
|
|switch|p2a: Lucario|Lucario, M|100/100
|-damage|p2a: Lucario|98/100|[from] Stealth Rock
|turn|14
|
|move|p1a: Dragapult|U-turn|p2a: Lucario
|-resisted|p2a: Lucario
|-damage|p2a: Lucario|88/100
|c|☆My name Quegg|ngl that's really mibby
|c|☆cukro|mibby ?
|inactive|cukro has 120 seconds left.
|c|☆cukro|dont know this word haha
|
|switch|p1a: Ferrothorn|Ferrothorn, F|100/100|[from]move: U-turn
|-damage|p1a: Ferrothorn|94/100|[from] Stealth Rock
|-damage|p1a: Ferrothorn|69/100|[from] Spikes
|move|p2a: Lucario|Swords Dance|p2a: Lucario
|-boost|p2a: Lucario|atk|2
|
|upkeep
|turn|15
|inactive|My name Quegg has 120 seconds left.
|
|move|p2a: Lucario|Swords Dance|p2a: Lucario
|-boost|p2a: Lucario|atk|2
|move|p1a: Ferrothorn|Body Press|p2a: Lucario
|-supereffective|p2a: Lucario
|-damage|p2a: Lucario|0 fnt
|faint|p2a: Lucario
|
|upkeep
|
|switch|p2a: Crawdaunt|Crawdaunt, M|100/100
|-damage|p2a: Crawdaunt|88/100|[from] Stealth Rock
|turn|16
|
|move|p2a: Crawdaunt|Knock Off|p1a: Ferrothorn
|-damage|p1a: Ferrothorn|20/100
|-damage|p2a: Crawdaunt|76/100|[from] ability: Iron Barbs|[of] p1a: Ferrothorn
|-damage|p2a: Crawdaunt|59/100|[from] item: Rocky Helmet|[of] p1a: Ferrothorn
|-enditem|p1a: Ferrothorn|Rocky Helmet|[from] move: Knock Off|[of] p2a: Crawdaunt
|-damage|p2a: Crawdaunt|50/100|[from] item: Life Orb
|move|p1a: Ferrothorn|Body Press|p2a: Crawdaunt
|-supereffective|p2a: Crawdaunt
|-damage|p2a: Crawdaunt|0 fnt
|faint|p2a: Crawdaunt
|
|upkeep
|inactive|My name Quegg has 120 seconds left.
|inactive|My name Quegg has 90 seconds left.
|inactive|My name Quegg has 60 seconds left.
|inactive|My name Quegg has 30 seconds left.
|
|switch|p2a: Mew|Mew|13/100 par
|-damage|p2a: Mew|0 fnt|[from] Stealth Rock
|faint|p2a: Mew
|
|switch|p2a: Bisharp|Bisharp, F|100/100
|-damage|p2a: Bisharp|95/100|[from] Stealth Rock
|turn|17
|
|move|p2a: Bisharp|Throat Chop|p1a: Ferrothorn
|-damage|p1a: Ferrothorn|0 fnt
|-damage|p2a: Bisharp|82/100|[from] ability: Iron Barbs|[of] p1a: Ferrothorn
|-damage|p2a: Bisharp|72/100|[from] item: Life Orb
|faint|p1a: Ferrothorn
|
|upkeep
|
|switch|p1a: Clefable|Clefable, M|100/100
|turn|18
|inactive|cukro has 90 seconds left.
|
|move|p2a: Bisharp|Iron Head|p1a: Clefable
|-supereffective|p1a: Clefable
|-damage|p1a: Clefable|0 fnt
|-damage|p2a: Bisharp|62/100|[from] item: Life Orb
|faint|p1a: Clefable
|
|upkeep
|inactive|cukro has 60 seconds left.
|
|switch|p1a: Rotom|Rotom-Wash|100/100
|-damage|p1a: Rotom|88/100|[from] Stealth Rock
|turn|19
|inactive|cukro has 60 seconds left.
|
|move|p1a: Rotom|Will-O-Wisp|p2a: Bisharp|[miss]
|-miss|p1a: Rotom|p2a: Bisharp
|move|p2a: Bisharp|Swords Dance|p2a: Bisharp
|-boost|p2a: Bisharp|atk|2
|
|upkeep
|turn|20
|inactive|cukro has 60 seconds left.
|
|move|p1a: Rotom|Will-O-Wisp|p2a: Bisharp|[miss]
|-miss|p1a: Rotom|p2a: Bisharp
|move|p2a: Bisharp|Throat Chop|p1a: Rotom
|-damage|p1a: Rotom|0 fnt
|-damage|p2a: Bisharp|53/100|[from] item: Life Orb
|faint|p1a: Rotom
|
|upkeep
|c|☆cukro|omg
|inactive|cukro has 60 seconds left.
|c|☆My name Quegg|holy funk
|c|☆My name Quegg|F
|
|switch|p1a: Excadrill|Excadrill, F|17/100
|-damage|p1a: Excadrill|0 fnt|[from] Spikes
|faint|p1a: Excadrill
|
|switch|p1a: Dragapult|Dragapult, F|63/100
|-damage|p1a: Dragapult|38/100|[from] Spikes
|-damage|p1a: Dragapult|26/100|[from] Stealth Rock
|turn|21
|inactive|cukro has 60 seconds left.
|c|☆cukro|i guess the last one is sucker pucnh
|inactive|My name Quegg has 60 seconds left.
|
|move|p1a: Dragapult|Sucker Punch|p2a: Bisharp
|-resisted|p2a: Bisharp
|-damage|p2a: Bisharp|37/100
|move|p2a: Bisharp|Throat Chop|p1a: Dragapult
|-supereffective|p1a: Dragapult
|-damage|p1a: Dragapult|0 fnt
|-damage|p2a: Bisharp|27/100|[from] item: Life Orb
|faint|p1a: Dragapult
|
|win|My name Quegg
|c|☆My name Quegg|GOD IS SMILING ON ME
|c|☆My name Quegg|GET FIGGERED ON
|raw|cukro's rating: 1313 → 1296(-17 for losing)
|raw|My name Quegg's rating: 1361 → 1379(+18 for winning)
|c|☆My name Quegg|gg
