|ScrapeTime|2020-01-01-18:05:16
|j|☆Tubitr
|j|☆D0000000
|player|p1|Tubitr|102|1239
|player|p2|D0000000|169|1221
|teamsize|p1|6
|teamsize|p2|6
|gametype|singles
|gen|8
|tier|[Gen 8] OU
|rated|
|rule|Sleep Clause Mod: Limit one foe put to sleep
|rule|Species Clause: Limit one of each Pokémon
|rule|OHKO Clause: OHKO moves are banned
|rule|Evasion Moves Clause: Evasion moves are banned
|rule|Endless Battle Clause: Forcing endless battles is banned
|rule|HP Percentage Mod: HP is shown in percentages
|clearpoke
|poke|p1|Mew|
|poke|p1|Conkeldurr, F|
|poke|p1|Dragapult, M|
|poke|p1|Corviknight, F|
|poke|p1|Seismitoad, M|
|poke|p1|Clefable, M|
|poke|p2|Gastrodon, M|
|poke|p2|Snorlax, M|
|poke|p2|Toxapex, M|
|poke|p2|Gigalith, M|
|poke|p2|Corviknight, M|
|poke|p2|Sylveon, F|
|rule|Dynamax Clause: You cannot dynamax
|teampreview
|
|start
|switch|p1a: Mew|Mew|100/100
|switch|p2a: Gigalith|Gigalith, M, shiny|100/100
|-weather|Sandstorm|[from] ability: Sand Stream|[of] p2a: Gigalith
|turn|1
|
|move|p1a: Mew|Taunt|p2a: Gigalith
|-start|p2a: Gigalith|move: Taunt
|move|p2a: Gigalith|Heavy Slam|p1a: Mew
|-damage|p1a: Mew|70/100
|
|-weather|Sandstorm|[upkeep]
|-damage|p1a: Mew|64/100|[from] Sandstorm
|-heal|p1a: Mew|70/100|[from] item: Leftovers
|upkeep
|turn|2
|
|move|p1a: Mew|Stealth Rock|p2a: Gigalith
|-sidestart|p2: D0000000|move: Stealth Rock
|move|p2a: Gigalith|Stone Edge|p1a: Mew|[miss]
|-miss|p2a: Gigalith|p1a: Mew
|
|-weather|Sandstorm|[upkeep]
|-damage|p1a: Mew|64/100|[from] Sandstorm
|-heal|p1a: Mew|70/100|[from] item: Leftovers
|upkeep
|turn|3
|
|move|p1a: Mew|Spikes|p2a: Gigalith
|-sidestart|p2: D0000000|Spikes
|move|p2a: Gigalith|Stone Edge|p1a: Mew|[miss]
|-miss|p2a: Gigalith|p1a: Mew
|
|-weather|Sandstorm|[upkeep]
|-damage|p1a: Mew|64/100|[from] Sandstorm
|-heal|p1a: Mew|70/100|[from] item: Leftovers
|-end|p2a: Gigalith|move: Taunt
|upkeep
|turn|4
|
|move|p1a: Mew|Taunt|p2a: Gigalith
|-start|p2a: Gigalith|move: Taunt
|move|p2a: Gigalith|Stone Edge|p1a: Mew|[miss]
|-miss|p2a: Gigalith|p1a: Mew
|
|-weather|Sandstorm|[upkeep]
|-damage|p1a: Mew|64/100|[from] Sandstorm
|-heal|p1a: Mew|70/100|[from] item: Leftovers
|upkeep
|turn|5
|
|move|p1a: Mew|Spikes|p2a: Gigalith
|-sidestart|p2: D0000000|Spikes
|move|p2a: Gigalith|Stone Edge|p1a: Mew
|-damage|p1a: Mew|32/100
|
|-weather|none
|-heal|p1a: Mew|39/100|[from] item: Leftovers
|upkeep
|turn|6
|
|move|p1a: Mew|Spikes|p2a: Gigalith
|-sidestart|p2: D0000000|Spikes
|move|p2a: Gigalith|Stone Edge|p1a: Mew
|-damage|p1a: Mew|1/100
|
|-heal|p1a: Mew|8/100|[from] item: Leftovers
|-end|p2a: Gigalith|move: Taunt
|upkeep
|turn|7
|
|switch|p2a: Corviknight|Corviknight, M, shiny|100/100
|-damage|p2a: Corviknight|88/100|[from] Stealth Rock
|-ability|p2a: Corviknight|Pressure
|move|p1a: Mew|Taunt|p2a: Corviknight
|-start|p2a: Corviknight|move: Taunt
|
|-heal|p1a: Mew|14/100|[from] item: Leftovers
|-heal|p2a: Corviknight|94/100|[from] item: Leftovers
|upkeep
|turn|8
|
|move|p1a: Mew|U-turn|p2a: Corviknight
|-resisted|p2a: Corviknight
|-damage|p2a: Corviknight|92/100
|
|switch|p1a: Clefable|Clefable, M|100/100|[from]move: U-turn
|move|p2a: Corviknight|Brave Bird|p1a: Clefable
|-damage|p1a: Clefable|60/100
|-damage|p2a: Corviknight|79/100|[from] Recoil
|
|-heal|p2a: Corviknight|85/100|[from] item: Leftovers
|upkeep
|turn|9
|
|switch|p2a: Gigalith|Gigalith, M, shiny|100/100
|-damage|p2a: Gigalith|88/100|[from] Stealth Rock
|-damage|p2a: Gigalith|63/100|[from] Spikes
|-weather|Sandstorm|[from] ability: Sand Stream|[of] p2a: Gigalith
|move|p1a: Clefable|Fire Blast|p2a: Gigalith
|-resisted|p2a: Gigalith
|-damage|p2a: Gigalith|52/100
|
|-weather|Sandstorm|[upkeep]
|-heal|p2a: Gigalith|58/100|[from] item: Leftovers
|upkeep
|turn|10
|
|move|p1a: Clefable|Moonblast|p2a: Gigalith
|-damage|p2a: Gigalith|29/100
|move|p2a: Gigalith|Stealth Rock|p1a: Clefable
|-sidestart|p1: Tubitr|move: Stealth Rock
|
|-weather|Sandstorm|[upkeep]
|-heal|p2a: Gigalith|35/100|[from] item: Leftovers
|upkeep
|turn|11
|
|switch|p1a: Seismitoad|Seismitoad, M|100/100
|-damage|p1a: Seismitoad|94/100|[from] Stealth Rock
|move|p2a: Gigalith|Heavy Slam|p1a: Seismitoad
|-resisted|p1a: Seismitoad
|-crit|p1a: Seismitoad
|-damage|p1a: Seismitoad|79/100
|
|-weather|Sandstorm|[upkeep]
|-heal|p1a: Seismitoad|85/100|[from] item: Leftovers
|-heal|p2a: Gigalith|41/100|[from] item: Leftovers
|upkeep
|turn|12
|
|switch|p2a: Gastrodon|Gastrodon, M|100/100
|-damage|p2a: Gastrodon|94/100|[from] Stealth Rock
|-damage|p2a: Gastrodon|70/100|[from] Spikes
|move|p1a: Seismitoad|Scald|p2a: Gastrodon
|-ability|p2a: Gastrodon|Storm Drain|boost
|-boost|p2a: Gastrodon|spa|1
|
|-weather|Sandstorm|[upkeep]
|-heal|p1a: Seismitoad|91/100|[from] item: Leftovers
|-heal|p2a: Gastrodon|76/100|[from] item: Leftovers
|upkeep
|turn|13
|
|move|p1a: Seismitoad|Grass Knot|p2a: Gastrodon
|-supereffective|p2a: Gastrodon
|-damage|p2a: Gastrodon|39/100
|move|p2a: Gastrodon|Recover|p2a: Gastrodon
|-heal|p2a: Gastrodon|89/100
|
|-weather|none
|-heal|p1a: Seismitoad|97/100|[from] item: Leftovers
|-heal|p2a: Gastrodon|95/100|[from] item: Leftovers
|upkeep
|turn|14
|
|move|p1a: Seismitoad|Toxic|p2a: Gastrodon
|-status|p2a: Gastrodon|tox
|move|p2a: Gastrodon|Scald|p1a: Seismitoad
|-heal|p1a: Seismitoad|100/100|[from] ability: Water Absorb|[of] p2a: Gastrodon
|
|-heal|p2a: Gastrodon|100/100 tox|[from] item: Leftovers
|-damage|p2a: Gastrodon|94/100 tox|[from] psn
|upkeep
|turn|15
|
|switch|p2a: Corviknight|Corviknight, M, shiny|85/100
|-damage|p2a: Corviknight|73/100|[from] Stealth Rock
|-ability|p2a: Corviknight|Pressure
|move|p1a: Seismitoad|Grass Knot|p2a: Corviknight
|-resisted|p2a: Corviknight
|-damage|p2a: Corviknight|69/100
|
|-heal|p2a: Corviknight|75/100|[from] item: Leftovers
|upkeep
|turn|16
|
|move|p1a: Seismitoad|Scald|p2a: Corviknight
|-damage|p2a: Corviknight|53/100
|move|p2a: Corviknight|Defog|p1a: Seismitoad
|-unboost|p1a: Seismitoad|evasion|1
|-sideend|p1: Tubitr|Stealth Rock|[from] move: Defog|[of] p2a: Corviknight
|-sideend|p2: D0000000|Spikes|[from] move: Defog|[of] p2a: Corviknight
|-sideend|p2: D0000000|Stealth Rock|[from] move: Defog|[of] p2a: Corviknight
|
|-heal|p2a: Corviknight|59/100|[from] item: Leftovers
|upkeep
|turn|17
|
|switch|p2a: Toxapex|Toxapex, M|100/100
|move|p1a: Seismitoad|Scald|p2a: Toxapex
|-resisted|p2a: Toxapex
|-damage|p2a: Toxapex|91/100
|
|-heal|p2a: Toxapex|97/100|[from] item: Black Sludge
|upkeep
|turn|18
|
|switch|p1a: Conkeldurr|Conkeldurr, F|100/100
|move|p2a: Toxapex|Toxic|p1a: Conkeldurr
|-status|p1a: Conkeldurr|tox
|
|-heal|p2a: Toxapex|100/100|[from] item: Black Sludge
|-damage|p1a: Conkeldurr|94/100 tox|[from] psn
|upkeep
|turn|19
|
|switch|p2a: Corviknight|Corviknight, M, shiny|59/100
|-ability|p2a: Corviknight|Pressure
|move|p1a: Conkeldurr|Earthquake|p2a: Corviknight
|-immune|p2a: Corviknight
|
|-heal|p2a: Corviknight|65/100|[from] item: Leftovers
|-damage|p1a: Conkeldurr|82/100 tox|[from] psn
|upkeep
|turn|20
|
|switch|p1a: Seismitoad|Seismitoad, M|100/100
|move|p2a: Corviknight|Brave Bird|p1a: Seismitoad
|-damage|p1a: Seismitoad|73/100
|-damage|p2a: Corviknight|56/100|[from] Recoil
|
|-heal|p1a: Seismitoad|79/100|[from] item: Leftovers
|-heal|p2a: Corviknight|62/100|[from] item: Leftovers
|upkeep
|turn|21
|
|switch|p2a: Toxapex|Toxapex, M|100/100
|move|p1a: Seismitoad|Scald|p2a: Toxapex
|-resisted|p2a: Toxapex
|-damage|p2a: Toxapex|90/100
|-status|p2a: Toxapex|brn
|
|-heal|p1a: Seismitoad|85/100|[from] item: Leftovers
|-heal|p2a: Toxapex|96/100 brn|[from] item: Black Sludge
|-damage|p2a: Toxapex|90/100 brn|[from] brn
|upkeep
|turn|22
|
|switch|p1a: Clefable|Clefable, M|60/100
|move|p2a: Toxapex|Toxic|p1a: Clefable
|-status|p1a: Clefable|tox
|
|-heal|p2a: Toxapex|96/100 brn|[from] item: Black Sludge
|-damage|p2a: Toxapex|90/100 brn|[from] brn
|upkeep
|turn|23
|
|switch|p2a: Gigalith|Gigalith, M, shiny|41/100
|-weather|Sandstorm|[from] ability: Sand Stream|[of] p2a: Gigalith
|move|p1a: Clefable|Moonlight|p1a: Clefable
|-heal|p1a: Clefable|85/100 tox
|
|-weather|Sandstorm|[upkeep]
|-heal|p2a: Gigalith|47/100|[from] item: Leftovers
|upkeep
|turn|24
|
|switch|p1a: Seismitoad|Seismitoad, M|85/100
|move|p2a: Gigalith|Stealth Rock|p1a: Seismitoad
|-sidestart|p1: Tubitr|move: Stealth Rock
|
|-weather|Sandstorm|[upkeep]
|-heal|p1a: Seismitoad|91/100|[from] item: Leftovers
|-heal|p2a: Gigalith|53/100|[from] item: Leftovers
|upkeep
|turn|25
|
|switch|p2a: Toxapex|Toxapex, M|100/100 brn
|move|p1a: Seismitoad|Earth Power|p2a: Toxapex
|-supereffective|p2a: Toxapex
|-damage|p2a: Toxapex|55/100 brn
|
|-weather|Sandstorm|[upkeep]
|-damage|p2a: Toxapex|49/100 brn|[from] Sandstorm
|-heal|p1a: Seismitoad|97/100|[from] item: Leftovers
|-heal|p2a: Toxapex|55/100 brn|[from] item: Black Sludge
|-damage|p2a: Toxapex|49/100 brn|[from] brn
|upkeep
|turn|26
|
|switch|p2a: Gastrodon|Gastrodon, M|94/100 tox
|move|p1a: Seismitoad|Earth Power|p2a: Gastrodon
|-damage|p2a: Gastrodon|74/100 tox
|
|-weather|Sandstorm|[upkeep]
|-heal|p1a: Seismitoad|100/100|[from] item: Leftovers
|-heal|p2a: Gastrodon|80/100 tox|[from] item: Leftovers
|-damage|p2a: Gastrodon|74/100 tox|[from] psn
|upkeep
|turn|27
|
|move|p1a: Seismitoad|Grass Knot|p2a: Gastrodon
|-supereffective|p2a: Gastrodon
|-damage|p2a: Gastrodon|38/100 tox
|move|p2a: Gastrodon|Earthquake|p1a: Seismitoad
|-damage|p1a: Seismitoad|79/100
|
|-weather|none
|-heal|p1a: Seismitoad|85/100|[from] item: Leftovers
|-heal|p2a: Gastrodon|44/100 tox|[from] item: Leftovers
|-damage|p2a: Gastrodon|32/100 tox|[from] psn
|upkeep
|turn|28
|
|switch|p2a: Sylveon|Sylveon, F|100/100
|move|p1a: Seismitoad|Scald|p2a: Sylveon
|-damage|p2a: Sylveon|86/100
|-status|p2a: Sylveon|brn
|
|-heal|p1a: Seismitoad|91/100|[from] item: Leftovers
|-heal|p2a: Sylveon|92/100 brn|[from] item: Leftovers
|-damage|p2a: Sylveon|86/100 brn|[from] brn
|upkeep
|turn|29
|
|switch|p1a: Corviknight|Corviknight, F|100/100
|-damage|p1a: Corviknight|88/100|[from] Stealth Rock
|-ability|p1a: Corviknight|Pressure
|move|p2a: Sylveon|Wish|p2a: Sylveon
|
|-heal|p1a: Corviknight|94/100|[from] item: Leftovers
|-heal|p2a: Sylveon|92/100 brn|[from] item: Leftovers
|-damage|p2a: Sylveon|86/100 brn|[from] brn
|upkeep
|turn|30
|
|switch|p2a: Gigalith|Gigalith, M, shiny|53/100
|-weather|Sandstorm|[from] ability: Sand Stream|[of] p2a: Gigalith
|move|p1a: Corviknight|Defog|p2a: Gigalith
|-unboost|p2a: Gigalith|evasion|1
|-sideend|p1: Tubitr|Stealth Rock|[from] move: Defog|[of] p1a: Corviknight
|
|-weather|Sandstorm|[upkeep]
|-heal|p2a: Gigalith|100/100|[from] move: Wish|[wisher] Sylveon
|-heal|p1a: Corviknight|100/100|[from] item: Leftovers
|upkeep
|turn|31
|
|switch|p1a: Conkeldurr|Conkeldurr, F|82/100 tox
|move|p2a: Gigalith|Stealth Rock|p1a: Conkeldurr
|-sidestart|p1: Tubitr|move: Stealth Rock
|
|-weather|Sandstorm|[upkeep]
|-damage|p1a: Conkeldurr|76/100 tox|[from] Sandstorm
|-damage|p1a: Conkeldurr|70/100 tox|[from] psn
|upkeep
|turn|32
|
|switch|p2a: Corviknight|Corviknight, M, shiny|62/100
|-ability|p2a: Corviknight|Pressure
|move|p1a: Conkeldurr|Close Combat|p2a: Corviknight
|-damage|p2a: Corviknight|0 fnt
|-unboost|p1a: Conkeldurr|def|1
|-unboost|p1a: Conkeldurr|spd|1
|faint|p2a: Corviknight
|
|-weather|Sandstorm|[upkeep]
|-damage|p1a: Conkeldurr|64/100 tox|[from] Sandstorm
|-damage|p1a: Conkeldurr|52/100 tox|[from] psn
|upkeep
|-message|D0000000 forfeited.
|
|win|Tubitr
|l|☆D0000000
|raw|Tubitr's rating: 1239 → 1263(+24 for winning)
|raw|D0000000's rating: 1221 → 1198(-23 for losing)
