|ScrapeTime|2020-01-02-02:04:47
|j|☆DGreatDane
|j|☆OtacoFedido
|player|p1|DGreatDane|162|1588
|player|p2|OtacoFedido|whitney|1549
|teamsize|p1|6
|teamsize|p2|6
|gametype|singles
|gen|8
|tier|[Gen 8] OU
|rated|
|rule|Sleep Clause Mod: Limit one foe put to sleep
|rule|Species Clause: Limit one of each Pokémon
|rule|OHKO Clause: OHKO moves are banned
|rule|Evasion Moves Clause: Evasion moves are banned
|rule|Endless Battle Clause: Forcing endless battles is banned
|rule|HP Percentage Mod: HP is shown in percentages
|clearpoke
|poke|p1|Shuckle, M|
|poke|p1|Mimikyu, M|
|poke|p1|Obstagoon, F|
|poke|p1|Dragapult, M|
|poke|p1|Cloyster, M|
|poke|p1|Kommo-o, M|
|poke|p2|Conkeldurr, M|
|poke|p2|Seismitoad, M|
|poke|p2|Corviknight, M|
|poke|p2|Clefable, F|
|poke|p2|Dragapult, M|
|poke|p2|Ditto|
|rule|Dynamax Clause: You cannot dynamax
|teampreview
|
|start
|switch|p1a: Obstagoon|Obstagoon, F|100/100
|switch|p2a: Seismitoad|Seismitoad, M|100/100
|turn|1
|
|move|p1a: Obstagoon|Knock Off|p2a: Seismitoad
|-damage|p2a: Seismitoad|69/100
|-enditem|p2a: Seismitoad|Leftovers|[from] move: Knock Off|[of] p1a: Obstagoon
|move|p2a: Seismitoad|Stealth Rock|p1a: Obstagoon
|-sidestart|p1: DGreatDane|move: Stealth Rock
|
|-status|p1a: Obstagoon|brn|[from] item: Flame Orb
|upkeep
|turn|2
|
|move|p1a: Obstagoon|Facade|p2a: Seismitoad
|-damage|p2a: Seismitoad|0 fnt
|faint|p2a: Seismitoad
|
|-damage|p1a: Obstagoon|94/100 brn|[from] brn
|upkeep
|
|switch|p2a: Conkeldurr|Conkeldurr, M|100/100
|turn|3
|
|switch|p1a: Dragapult|Dragapult, M|100/100
|-damage|p1a: Dragapult|88/100|[from] Stealth Rock
|move|p2a: Conkeldurr|Mach Punch|p1a: Dragapult
|-immune|p1a: Dragapult
|
|upkeep
|turn|4
|
|move|p1a: Dragapult|Dragon Dance|p1a: Dragapult
|-boost|p1a: Dragapult|atk|1
|-boost|p1a: Dragapult|spe|1
|move|p2a: Conkeldurr|Earthquake|p1a: Dragapult
|-damage|p1a: Dragapult|34/100
|
|upkeep
|turn|5
|
|move|p1a: Dragapult|Phantom Force||[still]
|-prepare|p1a: Dragapult|Phantom Force|p2a: Conkeldurr
|move|p2a: Conkeldurr|Earthquake|p1a: Dragapult|[miss]
|-miss|p2a: Conkeldurr|p1a: Dragapult
|
|upkeep
|turn|6
|
|switch|p2a: Corviknight|Corviknight, M|100/100
|-ability|p2a: Corviknight|Pressure
|move|p1a: Dragapult|Phantom Force|p2a: Corviknight|[from]lockedmove
|-damage|p2a: Corviknight|28/100
|-damage|p1a: Dragapult|24/100|[from] item: Life Orb
|
|-heal|p2a: Corviknight|34/100|[from] item: Leftovers
|upkeep
|turn|7
|
|move|p1a: Dragapult|Dragon Darts|p2a: Corviknight
|-resisted|p2a: Corviknight
|-damage|p2a: Corviknight|16/100
|-resisted|p2a: Corviknight
|-damage|p2a: Corviknight|0 fnt
|-hitcount|p2a: Corviknight|2
|-damage|p1a: Dragapult|15/100|[from] item: Life Orb
|faint|p2a: Corviknight
|
|upkeep
|
|switch|p2a: Ditto|Ditto|100/100
|-transform|p2a: Ditto|p1a: Dragapult|[from] ability: Imposter
|turn|8
|
|move|p2a: Ditto|Sucker Punch|p1a: Dragapult
|-supereffective|p1a: Dragapult
|-damage|p1a: Dragapult|0 fnt
|faint|p1a: Dragapult
|
|upkeep
|
|switch|p1a: Kommo-o|Kommo-o, M|100/100
|-damage|p1a: Kommo-o|94/100|[from] Stealth Rock
|turn|9
|
|switch|p2a: Clefable|Clefable, F|100/100
|move|p1a: Kommo-o|Dragon Dance|p1a: Kommo-o
|-boost|p1a: Kommo-o|atk|1
|-boost|p1a: Kommo-o|spe|1
|
|upkeep
|turn|10
|
|move|p1a: Kommo-o|Iron Head|p2a: Clefable
|-supereffective|p2a: Clefable
|-damage|p2a: Clefable|0 fnt
|-damage|p1a: Kommo-o|84/100|[from] item: Life Orb
|faint|p2a: Clefable
|
|upkeep
|
|switch|p2a: Ditto|Ditto|100/100
|-transform|p2a: Ditto|p1a: Kommo-o|[from] ability: Imposter
|turn|11
|inactive|Battle timer is ON: inactive players will automatically lose when time's up. (requested by OtacoFedido)
|
|switch|p2a: Dragapult|Dragapult, M|100/100
|move|p1a: Kommo-o|Close Combat|p2a: Dragapult
|-immune|p2a: Dragapult
|
|upkeep
|turn|12
|
|move|p1a: Kommo-o|Iron Head|p2a: Dragapult
|-damage|p2a: Dragapult|27/100
|-damage|p1a: Kommo-o|74/100|[from] item: Life Orb
|move|p2a: Dragapult|Draco Meteor|p1a: Kommo-o
|-supereffective|p1a: Kommo-o
|-damage|p1a: Kommo-o|0 fnt
|-unboost|p2a: Dragapult|spa|2
|faint|p1a: Kommo-o
|
|upkeep
|inactive|DGreatDane has 120 seconds left.
|
|switch|p1a: Shuckle|Shuckle, M|100/100
|-damage|p1a: Shuckle|76/100|[from] Stealth Rock
|turn|13
|
|switch|p2a: Conkeldurr|Conkeldurr, M|100/100
|move|p1a: Shuckle|Sticky Web|p2a: Conkeldurr
|-sidestart|p2: OtacoFedido|move: Sticky Web
|
|upkeep
|turn|14
|
|move|p2a: Conkeldurr|Drain Punch|p1a: Shuckle
|-damage|p1a: Shuckle|50/100
|-damage|p2a: Conkeldurr|84/100|[from] item: Rocky Helmet|[of] p1a: Shuckle
|move|p1a: Shuckle|Stealth Rock|p2a: Conkeldurr
|-sidestart|p2: OtacoFedido|move: Stealth Rock
|
|upkeep
|turn|15
|
|move|p2a: Conkeldurr|Earthquake|p1a: Shuckle
|-damage|p1a: Shuckle|27/100
|move|p1a: Shuckle|Final Gambit|p2a: Conkeldurr
|-damage|p2a: Conkeldurr|68/100
|faint|p1a: Shuckle
|
|upkeep
|
|switch|p1a: Mimikyu|Mimikyu, M|100/100
|-damage|p1a: Mimikyu|88/100|[from] Stealth Rock
|turn|16
|
|move|p1a: Mimikyu|Play Rough|p2a: Conkeldurr
|-supereffective|p2a: Conkeldurr
|-damage|p2a: Conkeldurr|0 fnt
|-damage|p1a: Mimikyu|78/100|[from] item: Life Orb
|faint|p2a: Conkeldurr
|
|upkeep
|
|switch|p2a: Ditto|Ditto|100/100
|-damage|p2a: Ditto|88/100|[from] Stealth Rock
|-activate|p2a: Ditto|move: Sticky Web
|-unboost|p2a: Ditto|spe|1
|-transform|p2a: Ditto|p1a: Mimikyu|[from] ability: Imposter
|turn|17
|
|move|p2a: Ditto|Shadow Sneak|p1a: Mimikyu
|-activate|p1a: Mimikyu|ability: Disguise
|-damage|p1a: Mimikyu|78/100
|detailschange|p1a: Mimikyu|Mimikyu-Busted, M
|-damage|p1a: Mimikyu|66/100|[from] ability: Disguise|[of] p1a: Mimikyu
|move|p1a: Mimikyu|Shadow Sneak|p2a: Ditto
|-supereffective|p2a: Ditto
|-damage|p2a: Ditto|27/100
|-damage|p1a: Mimikyu|56/100|[from] item: Life Orb
|
|upkeep
|turn|18
|
|switch|p1a: Obstagoon|Obstagoon, F|94/100 brn
|-damage|p1a: Obstagoon|82/100 brn|[from] Stealth Rock
|move|p2a: Ditto|Shadow Sneak|p1a: Obstagoon
|-immune|p1a: Obstagoon
|
|-damage|p1a: Obstagoon|76/100 brn|[from] brn
|upkeep
|turn|19
|c|☆DGreatDane|gg
|
|switch|p2a: Dragapult|Dragapult, M|27/100
|-damage|p2a: Dragapult|15/100|[from] Stealth Rock
|-activate|p2a: Dragapult|move: Sticky Web
|-unboost|p2a: Dragapult|spe|1
|move|p1a: Obstagoon|Knock Off|p2a: Dragapult
|-supereffective|p2a: Dragapult
|-damage|p2a: Dragapult|0 fnt
|-enditem|p2a: Dragapult|Choice Specs|[from] move: Knock Off|[of] p1a: Obstagoon
|faint|p2a: Dragapult
|
|-damage|p1a: Obstagoon|70/100 brn|[from] brn
|upkeep
|
|switch|p2a: Ditto|Ditto|27/100
|-damage|p2a: Ditto|15/100|[from] Stealth Rock
|-activate|p2a: Ditto|move: Sticky Web
|-unboost|p2a: Ditto|spe|1
|-transform|p2a: Ditto|p1a: Obstagoon|[from] ability: Imposter
|turn|20
|
|move|p1a: Obstagoon|Obstruct|p1a: Obstagoon
|-singleturn|p1a: Obstagoon|Protect
|move|p2a: Ditto|Knock Off|p1a: Obstagoon
|-activate|p1a: Obstagoon|move: Protect
|-unboost|p2a: Ditto|def|2
|
|-damage|p1a: Obstagoon|64/100 brn|[from] brn
|upkeep
|turn|21
|-message|OtacoFedido forfeited.
|
|win|DGreatDane
|l|☆OtacoFedido
|raw|DGreatDane's rating: 1589 → 1607(+18 for winning)
|raw|OtacoFedido's rating: 1549 → 1531(-18 for losing)
|l|☆DGreatDane
|j|☆DGreatDane
|player|p1|DGreatDane|162
