|ScrapeTime|2020-01-02-04:25:35
|j|☆SofiaHdzMeldendez
|j|☆gtaPinkTony
|player|p1|SofiaHdzMeldendez|elesa|1375
|player|p2|gtaPinkTony|266|1403
|teamsize|p1|6
|teamsize|p2|6
|gametype|singles
|gen|8
|tier|[Gen 8] OU
|rated|
|rule|Sleep Clause Mod: Limit one foe put to sleep
|rule|Species Clause: Limit one of each Pokémon
|rule|OHKO Clause: OHKO moves are banned
|rule|Evasion Moves Clause: Evasion moves are banned
|rule|Endless Battle Clause: Forcing endless battles is banned
|rule|HP Percentage Mod: HP is shown in percentages
|clearpoke
|poke|p1|Bisharp, M|
|poke|p1|Conkeldurr, M|
|poke|p1|Centiskorch, M|
|poke|p1|Dragapult, M|
|poke|p1|Seismitoad, M|
|poke|p1|Mandibuzz, F|
|poke|p2|Rotom-Heat|
|poke|p2|Dracovish|
|poke|p2|Tyranitar, F|
|poke|p2|Reuniclus, M|
|poke|p2|Aegislash, F|
|poke|p2|Excadrill, M|
|rule|Dynamax Clause: You cannot dynamax
|teampreview
|inactive|Battle timer is ON: inactive players will automatically lose when time's up. (requested by gtaPinkTony)
|
|start
|switch|p1a: Centiskorch|Centiskorch, M|100/100
|switch|p2a: Rotom|Rotom-Heat|100/100
|turn|1
|
|switch|p1a: Seismitoad|Seismitoad, M|100/100
|move|p2a: Rotom|Volt Switch|p1a: Seismitoad
|-immune|p1a: Seismitoad
|
|upkeep
|turn|2
|
|switch|p1a: Centiskorch|Centiskorch, M|100/100
|move|p2a: Rotom|Will-O-Wisp|p1a: Centiskorch
|-start|p1a: Centiskorch|ability: Flash Fire
|
|upkeep
|turn|3
|
|move|p1a: Centiskorch|Fire Lash|p2a: Rotom
|-resisted|p2a: Rotom
|-damage|p2a: Rotom|65/100
|-unboost|p2a: Rotom|def|1
|move|p2a: Rotom|Volt Switch|p1a: Centiskorch
|-damage|p1a: Centiskorch|76/100
|
|switch|p2a: Dracovish|Dracovish|100/100|[from]move: Volt Switch
|
|upkeep
|turn|4
|
|-end|p1a: Centiskorch|ability: Flash Fire|[silent]
|switch|p1a: Seismitoad|Seismitoad, M|100/100
|move|p2a: Dracovish|Crunch|p1a: Seismitoad
|-damage|p1a: Seismitoad|77/100
|
|-heal|p1a: Seismitoad|83/100|[from] item: Leftovers
|upkeep
|turn|5
|
|switch|p2a: Reuniclus|Reuniclus, M|100/100
|move|p1a: Seismitoad|Stealth Rock|p2a: Reuniclus
|-sidestart|p2: gtaPinkTony|move: Stealth Rock
|
|-heal|p1a: Seismitoad|89/100|[from] item: Leftovers
|upkeep
|turn|6
|
|switch|p1a: Centiskorch|Centiskorch, M|76/100
|move|p2a: Reuniclus|Energy Ball|p1a: Centiskorch
|-resisted|p1a: Centiskorch
|-damage|p1a: Centiskorch|70/100
|
|upkeep
|turn|7
|
|switch|p2a: Aegislash|Aegislash, F|100/100
|-damage|p2a: Aegislash|94/100|[from] Stealth Rock
|move|p1a: Centiskorch|Leech Life|p2a: Aegislash
|-resisted|p2a: Aegislash
|-damage|p2a: Aegislash|86/100
|-heal|p1a: Centiskorch|74/100|[from] drain|[of] p2a: Aegislash
|
|-heal|p2a: Aegislash|92/100|[from] item: Leftovers
|upkeep
|turn|8
|
|switch|p1a: Mandibuzz|Mandibuzz, F|100/100
|move|p2a: Aegislash|King's Shield||[still]
|-fail|p2a: Aegislash
|
|-heal|p2a: Aegislash|98/100|[from] item: Leftovers
|upkeep
|turn|9
|
|move|p1a: Mandibuzz|Foul Play|p2a: Aegislash
|-supereffective|p2a: Aegislash
|-damage|p2a: Aegislash|78/100
|-formechange|p2a: Aegislash|Aegislash-Blade||[from] ability: Stance Change
|move|p2a: Aegislash|Flash Cannon|p1a: Mandibuzz
|-damage|p1a: Mandibuzz|79/100
|
|-heal|p2a: Aegislash|84/100|[from] item: Leftovers
|upkeep
|turn|10
|
|switch|p1a: Seismitoad|Seismitoad, M|89/100
|-formechange|p2a: Aegislash|Aegislash||[from] ability: Stance Change
|move|p2a: Aegislash|King's Shield||[still]
|-fail|p2a: Aegislash
|
|-heal|p1a: Seismitoad|95/100|[from] item: Leftovers
|-heal|p2a: Aegislash|90/100|[from] item: Leftovers
|upkeep
|turn|11
|
|switch|p2a: Reuniclus|Reuniclus, M|100/100
|-damage|p2a: Reuniclus|88/100|[from] Stealth Rock
|move|p1a: Seismitoad|Earth Power|p2a: Reuniclus
|-damage|p2a: Reuniclus|62/100
|-unboost|p2a: Reuniclus|spd|1
|
|-heal|p1a: Seismitoad|100/100|[from] item: Leftovers
|-heal|p2a: Reuniclus|68/100|[from] item: Leftovers
|upkeep
|turn|12
|
|move|p1a: Seismitoad|Earth Power|p2a: Reuniclus
|-damage|p2a: Reuniclus|32/100
|move|p2a: Reuniclus|Trick Room|p2a: Reuniclus
|-fieldstart|move: Trick Room|[of] p2a: Reuniclus
|
|-heal|p2a: Reuniclus|38/100|[from] item: Leftovers
|upkeep
|turn|13
|
|move|p2a: Reuniclus|Energy Ball|p1a: Seismitoad
|-supereffective|p1a: Seismitoad
|-damage|p1a: Seismitoad|0 fnt
|faint|p1a: Seismitoad
|
|-heal|p2a: Reuniclus|44/100|[from] item: Leftovers
|upkeep
|
|switch|p1a: Centiskorch|Centiskorch, M|74/100
|turn|14
|
|move|p2a: Reuniclus|Psychic|p1a: Centiskorch
|-damage|p1a: Centiskorch|34/100
|-unboost|p1a: Centiskorch|spd|1
|move|p1a: Centiskorch|Fire Lash|p2a: Reuniclus
|-damage|p2a: Reuniclus|0 fnt
|faint|p2a: Reuniclus
|
|upkeep
|
|switch|p2a: Tyranitar|Tyranitar, F|100/100
|-damage|p2a: Tyranitar|88/100|[from] Stealth Rock
|-weather|Sandstorm|[from] ability: Sand Stream|[of] p2a: Tyranitar
|turn|15
|
|move|p2a: Tyranitar|Earthquake|p1a: Centiskorch
|-damage|p1a: Centiskorch|0 fnt
|faint|p1a: Centiskorch
|
|-weather|Sandstorm|[upkeep]
|upkeep
|
|switch|p1a: Conkeldurr|Conkeldurr, M|100/100
|turn|16
|
|switch|p2a: Aegislash|Aegislash, F|90/100
|-damage|p2a: Aegislash|84/100|[from] Stealth Rock
|move|p1a: Conkeldurr|Earthquake|p2a: Aegislash
|-supereffective|p2a: Aegislash
|-damage|p2a: Aegislash|25/100
|
|-weather|Sandstorm|[upkeep]
|-damage|p1a: Conkeldurr|94/100|[from] Sandstorm
|-heal|p2a: Aegislash|31/100|[from] item: Leftovers
|-fieldend|move: Trick Room
|-status|p1a: Conkeldurr|brn|[from] item: Flame Orb
|upkeep
|turn|17
|
|-formechange|p2a: Aegislash|Aegislash-Blade||[from] ability: Stance Change
|move|p2a: Aegislash|Shadow Ball|p1a: Conkeldurr
|-damage|p1a: Conkeldurr|49/100 brn
|move|p1a: Conkeldurr|Earthquake|p2a: Aegislash
|-supereffective|p2a: Aegislash
|-damage|p2a: Aegislash|0 fnt
|faint|p2a: Aegislash
|
|-weather|Sandstorm|[upkeep]
|-damage|p1a: Conkeldurr|43/100 brn|[from] Sandstorm
|-damage|p1a: Conkeldurr|37/100 brn|[from] brn
|upkeep
|
|switch|p2a: Excadrill|Excadrill, M|100/100
|-damage|p2a: Excadrill|97/100|[from] Stealth Rock
|-item|p2a: Excadrill|Air Balloon
|turn|18
|
|move|p1a: Conkeldurr|Mach Punch|p2a: Excadrill
|-supereffective|p2a: Excadrill
|-damage|p2a: Excadrill|0 fnt
|-enditem|p2a: Excadrill|Air Balloon
|faint|p2a: Excadrill
|
|-weather|Sandstorm|[upkeep]
|-damage|p1a: Conkeldurr|31/100 brn|[from] Sandstorm
|-damage|p1a: Conkeldurr|25/100 brn|[from] brn
|upkeep
|
|switch|p2a: Rotom|Rotom-Heat|65/100
|-damage|p2a: Rotom|40/100|[from] Stealth Rock
|turn|19
|
|move|p1a: Conkeldurr|Mach Punch|p2a: Rotom
|-damage|p2a: Rotom|0 fnt
|faint|p2a: Rotom
|
|-weather|none
|-damage|p1a: Conkeldurr|19/100 brn|[from] brn
|upkeep
|
|switch|p2a: Dracovish|Dracovish|100/100
|-damage|p2a: Dracovish|88/100|[from] Stealth Rock
|turn|20
|
|move|p1a: Conkeldurr|Mach Punch|p2a: Dracovish
|-damage|p2a: Dracovish|48/100
|move|p2a: Dracovish|Fishious Rend|p1a: Conkeldurr
|-damage|p1a: Conkeldurr|0 fnt
|faint|p1a: Conkeldurr
|
|upkeep
|
|switch|p1a: Bisharp|Bisharp, M|100/100
|turn|21
|
|move|p2a: Dracovish|Fishious Rend|p1a: Bisharp
|-enditem|p1a: Bisharp|Focus Sash
|-damage|p1a: Bisharp|1/100
|move|p1a: Bisharp|Swords Dance|p1a: Bisharp
|-boost|p1a: Bisharp|atk|2
|
|upkeep
|turn|22
|
|switch|p2a: Tyranitar|Tyranitar, F|88/100
|-damage|p2a: Tyranitar|76/100|[from] Stealth Rock
|-weather|Sandstorm|[from] ability: Sand Stream|[of] p2a: Tyranitar
|move|p1a: Bisharp|Sucker Punch||[still]
|-fail|p1a: Bisharp
|
|-weather|Sandstorm|[upkeep]
|upkeep
|turn|23
|
|move|p1a: Bisharp|Iron Head|p2a: Tyranitar
|-supereffective|p2a: Tyranitar
|-damage|p2a: Tyranitar|0 fnt
|faint|p2a: Tyranitar
|
|-weather|Sandstorm|[upkeep]
|upkeep
|
|switch|p2a: Dracovish|Dracovish|48/100
|-damage|p2a: Dracovish|35/100|[from] Stealth Rock
|turn|24
|
|move|p1a: Bisharp|Sucker Punch|p2a: Dracovish
|-damage|p2a: Dracovish|0 fnt
|faint|p2a: Dracovish
|
|win|SofiaHdzMeldendez
|raw|SofiaHdzMeldendez's rating: 1375 → 1397(+22 for winning)
|raw|gtaPinkTony's rating: 1404 → 1382(-22 for losing)
