|ScrapeTime|2020-01-01-12:12:27
|j|☆Zac3haryxx
|j|☆TrainerSai
|player|p1|Zac3haryxx|elesa|1041
|player|p2|TrainerSai|ethan|1052
|teamsize|p1|6
|teamsize|p2|6
|gametype|singles
|gen|8
|tier|[Gen 8] OU
|rated|
|rule|Sleep Clause Mod: Limit one foe put to sleep
|rule|Species Clause: Limit one of each Pokémon
|rule|OHKO Clause: OHKO moves are banned
|rule|Evasion Moves Clause: Evasion moves are banned
|rule|Endless Battle Clause: Forcing endless battles is banned
|rule|HP Percentage Mod: HP is shown in percentages
|clearpoke
|poke|p1|Rillaboom, M|
|poke|p1|Dragapult, M|
|poke|p1|Aegislash, M|
|poke|p1|Haxorus, F|
|poke|p1|Mamoswine, M|
|poke|p1|Galvantula, M|
|poke|p2|Cinderace, M|
|poke|p2|Dragapult, M|
|poke|p2|Polteageist|
|poke|p2|Ditto|
|poke|p2|Clefable, M|
|poke|p2|Dracozolt|
|rule|Dynamax Clause: You cannot dynamax
|teampreview
|inactive|Battle timer is ON: inactive players will automatically lose when time's up. (requested by TrainerSai)
|
|start
|switch|p1a: Galvantula|Galvantula, M|100/100
|switch|p2a: Polteageist|Polteageist|100/100
|turn|1
|
|move|p1a: Galvantula|Sticky Web|p2a: Polteageist
|-sidestart|p2: TrainerSai|move: Sticky Web
|move|p2a: Polteageist|Shadow Ball|p1a: Galvantula
|-damage|p1a: Galvantula|20/100
|
|upkeep
|turn|2
|
|move|p1a: Galvantula|Bug Buzz|p2a: Polteageist
|-resisted|p2a: Polteageist
|-damage|p2a: Polteageist|77/100
|move|p2a: Polteageist|Shadow Ball|p1a: Galvantula
|-damage|p1a: Galvantula|0 fnt
|faint|p1a: Galvantula
|
|upkeep
|
|switch|p1a: Rillaboom|Rillaboom, M|100/100
|turn|3
|
|move|p1a: Rillaboom|Knock Off|p2a: Polteageist
|-supereffective|p2a: Polteageist
|-damage|p2a: Polteageist|0 fnt
|-enditem|p2a: Polteageist|White Herb|[from] move: Knock Off|[of] p1a: Rillaboom
|faint|p2a: Polteageist
|
|upkeep
|
|switch|p2a: Cinderace|Cinderace, M|100/100
|turn|4
|
|move|p2a: Cinderace|Court Change|p2a: Cinderace
|-sideend|p2: TrainerSai|Sticky Web|[silent]
|-sidestart|p1: Zac3haryxx|Sticky Web|[silent]
|-activate|p2a: Cinderace|move: Court Change
|move|p1a: Rillaboom|Knock Off|p2a: Cinderace
|-damage|p2a: Cinderace|28/100
|-enditem|p2a: Cinderace|Heavy-Duty Boots|[from] move: Knock Off|[of] p1a: Rillaboom
|
|upkeep
|turn|5
|
|move|p2a: Cinderace|Pyro Ball|p1a: Rillaboom
|-supereffective|p1a: Rillaboom
|-damage|p1a: Rillaboom|0 fnt
|faint|p1a: Rillaboom
|
|upkeep
|
|switch|p1a: Mamoswine|Mamoswine, M|100/100
|-activate|p1a: Mamoswine|move: Sticky Web
|-unboost|p1a: Mamoswine|spe|1
|turn|6
|
|move|p2a: Cinderace|Pyro Ball|p1a: Mamoswine
|-supereffective|p1a: Mamoswine
|-enditem|p1a: Mamoswine|Focus Sash
|-damage|p1a: Mamoswine|1/100
|move|p1a: Mamoswine|Earthquake|p2a: Cinderace
|-supereffective|p2a: Cinderace
|-damage|p2a: Cinderace|0 fnt
|faint|p2a: Cinderace
|
|upkeep
|
|switch|p2a: Ditto|Ditto|100/100
|-transform|p2a: Ditto|p1a: Mamoswine|[from] ability: Imposter
|turn|7
|
|move|p1a: Mamoswine|Ice Shard|p2a: Ditto
|-damage|p2a: Ditto|85/100
|move|p2a: Ditto|Earthquake|p1a: Mamoswine
|-damage|p1a: Mamoswine|0 fnt
|faint|p1a: Mamoswine
|
|upkeep
|
|switch|p1a: Aegislash|Aegislash, M|100/100
|-item|p1a: Aegislash|Air Balloon
|turn|8
|
|switch|p2a: Dracozolt|Dracozolt|100/100
|move|p1a: Aegislash|Swords Dance|p1a: Aegislash
|-boost|p1a: Aegislash|atk|2
|
|upkeep
|turn|9
|
|switch|p2a: Clefable|Clefable, M|100/100
|move|p1a: Aegislash|Autotomize|p1a: Aegislash
|-boost|p1a: Aegislash|spe|2
|-start|p1a: Aegislash|Autotomize
|
|upkeep
|turn|10
|
|move|p1a: Aegislash|Swords Dance|p1a: Aegislash
|-boost|p1a: Aegislash|atk|2
|move|p2a: Clefable|Fire Blast|p1a: Aegislash
|-supereffective|p1a: Aegislash
|-damage|p1a: Aegislash|19/100
|-enditem|p1a: Aegislash|Air Balloon
|
|upkeep
|turn|11
|
|-formechange|p1a: Aegislash|Aegislash-Blade||[from] ability: Stance Change
|move|p1a: Aegislash|Shadow Claw|p2a: Clefable
|-crit|p2a: Clefable
|-damage|p2a: Clefable|0 fnt
|faint|p2a: Clefable
|
|upkeep
|
|switch|p2a: Ditto|Ditto|85/100
|-transform|p2a: Ditto|p1a: Aegislash|[from] ability: Imposter
|turn|12
|
|move|p2a: Ditto|Shadow Claw|p1a: Aegislash
|-supereffective|p1a: Aegislash
|-damage|p1a: Aegislash|0 fnt
|faint|p1a: Aegislash
|
|upkeep
|
|switch|p1a: Haxorus|Haxorus, F|100/100
|-activate|p1a: Haxorus|move: Sticky Web
|-unboost|p1a: Haxorus|spe|1
|-ability|p1a: Haxorus|Mold Breaker
|turn|13
|
|move|p2a: Ditto|Shadow Claw|p1a: Haxorus
|-damage|p1a: Haxorus|0 fnt
|faint|p1a: Haxorus
|
|upkeep
|
|switch|p1a: Dragapult|Dragapult, M|100/100
|-activate|p1a: Dragapult|move: Sticky Web
|-unboost|p1a: Dragapult|spe|1
|turn|14
|
|move|p2a: Ditto|Shadow Claw|p1a: Dragapult
|-supereffective|p1a: Dragapult
|-damage|p1a: Dragapult|0 fnt
|faint|p1a: Dragapult
|
|win|TrainerSai
|raw|Zac3haryxx's rating: 1041 → 1025(-16 for losing)
|raw|TrainerSai's rating: 1052 → 1083(+31 for winning)
|l|☆Zac3haryxx
