|ScrapeTime|2020-01-01-20:45:18
|j|☆BaGasyLink
|j|☆MedicalMeme
|player|p1|BaGasyLink|blue|1071
|player|p2|MedicalMeme|veteran|1143
|teamsize|p1|6
|teamsize|p2|6
|gametype|singles
|gen|8
|tier|[Gen 8] OU
|rated|
|rule|Sleep Clause Mod: Limit one foe put to sleep
|rule|Species Clause: Limit one of each Pokémon
|rule|OHKO Clause: OHKO moves are banned
|rule|Evasion Moves Clause: Evasion moves are banned
|rule|Endless Battle Clause: Forcing endless battles is banned
|rule|HP Percentage Mod: HP is shown in percentages
|clearpoke
|poke|p1|Cinderace, F|
|poke|p1|Ferrothorn, M|
|poke|p1|Rotom-Wash|
|poke|p1|Clefable, M|
|poke|p1|Excadrill, F|
|poke|p1|Mandibuzz, F|
|poke|p2|Sableye, M|
|poke|p2|Ferrothorn, F|
|poke|p2|Corsola-Galar, M|
|poke|p2|Avalugg, F|
|poke|p2|Obstagoon, M|
|poke|p2|Toxapex, F|
|rule|Dynamax Clause: You cannot dynamax
|teampreview
|
|start
|switch|p1a: Cinderace|Cinderace, F|100/100
|switch|p2a: Obstagoon|Obstagoon, M|100/100
|turn|1
|inactive|Battle timer is ON: inactive players will automatically lose when time's up. (requested by BaGasyLink)
|
|switch|p2a: Sableye|Sableye, M|100/100
|move|p1a: Cinderace|U-turn|p2a: Sableye
|-damage|p2a: Sableye|66/100
|
|switch|p1a: Excadrill|Excadrill, F|100/100|[from]move: U-turn
|-ability|p1a: Excadrill|Mold Breaker
|
|upkeep
|turn|2
|
|move|p2a: Sableye|Recover|p2a: Sableye
|-heal|p2a: Sableye|100/100
|move|p1a: Excadrill|Stealth Rock|p2a: Sableye
|-sidestart|p2: MedicalMeme|move: Stealth Rock
|
|upkeep
|turn|3
|
|move|p2a: Sableye|Encore|p1a: Excadrill
|-start|p1a: Excadrill|Encore
|move|p1a: Excadrill|Stealth Rock||[still]
|-fail|p1a: Excadrill
|
|upkeep
|turn|4
|
|switch|p1a: Cinderace|Cinderace, F|100/100
|switch|p2a: Avalugg|Avalugg, F|100/100
|
|upkeep
|turn|5
|
|switch|p2a: Toxapex|Toxapex, F|100/100
|-damage|p2a: Toxapex|88/100|[from] Stealth Rock
|move|p1a: Cinderace|Pyro Ball|p2a: Toxapex
|-resisted|p2a: Toxapex
|-damage|p2a: Toxapex|64/100
|
|-heal|p2a: Toxapex|70/100|[from] item: Black Sludge
|upkeep
|turn|6
|
|switch|p1a: Ferrothorn|Ferrothorn, M|100/100
|move|p2a: Toxapex|Toxic Spikes|p1a: Ferrothorn
|-sidestart|p1: BaGasyLink|move: Toxic Spikes
|
|-heal|p2a: Toxapex|76/100|[from] item: Black Sludge
|upkeep
|turn|7
|
|move|p2a: Toxapex|Toxic Spikes|p1a: Ferrothorn
|-sidestart|p1: BaGasyLink|move: Toxic Spikes
|move|p1a: Ferrothorn|Knock Off|p2a: Toxapex
|-damage|p2a: Toxapex|62/100
|-enditem|p2a: Toxapex|Black Sludge|[from] move: Knock Off|[of] p1a: Ferrothorn
|
|upkeep
|turn|8
|
|switch|p2a: Ferrothorn|Ferrothorn, F|100/100
|-damage|p2a: Ferrothorn|94/100|[from] Stealth Rock
|move|p1a: Ferrothorn|Leech Seed|p2a: Ferrothorn
|-immune|p2a: Ferrothorn
|
|-heal|p2a: Ferrothorn|100/100|[from] item: Leftovers
|upkeep
|turn|9
|
|switch|p1a: Mandibuzz|Mandibuzz, F|100/100
|move|p2a: Ferrothorn|Stealth Rock|p1a: Mandibuzz
|-sidestart|p1: BaGasyLink|move: Stealth Rock
|
|upkeep
|turn|10
|
|move|p1a: Mandibuzz|Defog|p2a: Ferrothorn
|-unboost|p2a: Ferrothorn|evasion|1
|-sideend|p2: MedicalMeme|Stealth Rock|[from] move: Defog|[of] p1a: Mandibuzz
|-sideend|p1: BaGasyLink|Toxic Spikes|[from] move: Defog|[of] p1a: Mandibuzz
|-sideend|p1: BaGasyLink|Stealth Rock|[from] move: Defog|[of] p1a: Mandibuzz
|move|p2a: Ferrothorn|Gyro Ball|p1a: Mandibuzz
|-damage|p1a: Mandibuzz|74/100
|
|-heal|p1a: Mandibuzz|80/100|[from] item: Leftovers
|upkeep
|turn|11
|inactive|BaGasyLink has 120 seconds left.
|
|move|p1a: Mandibuzz|Knock Off|p2a: Ferrothorn
|-damage|p2a: Ferrothorn|85/100
|-damage|p1a: Mandibuzz|67/100|[from] ability: Iron Barbs|[of] p2a: Ferrothorn
|-enditem|p2a: Ferrothorn|Leftovers|[from] move: Knock Off|[of] p1a: Mandibuzz
|move|p2a: Ferrothorn|Leech Seed|p1a: Mandibuzz
|-start|p1a: Mandibuzz|move: Leech Seed
|
|-heal|p1a: Mandibuzz|73/100|[from] item: Leftovers
|-damage|p1a: Mandibuzz|61/100|[from] Leech Seed|[of] p2a: Ferrothorn
|-heal|p2a: Ferrothorn|99/100|[silent]
|upkeep
|turn|12
|inactive|BaGasyLink has 120 seconds left.
|
|switch|p1a: Cinderace|Cinderace, F|100/100
|move|p2a: Ferrothorn|Stealth Rock|p1a: Cinderace
|-sidestart|p1: BaGasyLink|move: Stealth Rock
|
|upkeep
|turn|13
|
|switch|p2a: Corsola|Corsola-Galar, M|100/100
|move|p1a: Cinderace|High Jump Kick|p2a: Corsola
|-immune|p2a: Corsola
|-damage|p1a: Cinderace|50/100|[from] highjumpkick
|
|upkeep
|turn|14
|
|switch|p1a: Mandibuzz|Mandibuzz, F|61/100
|-damage|p1a: Mandibuzz|36/100|[from] Stealth Rock
|move|p2a: Corsola|Hex|p1a: Mandibuzz
|-resisted|p1a: Mandibuzz
|-damage|p1a: Mandibuzz|31/100
|
|-heal|p1a: Mandibuzz|37/100|[from] item: Leftovers
|upkeep
|turn|15
|
|switch|p2a: Obstagoon|Obstagoon, M|100/100
|move|p1a: Mandibuzz|Knock Off|p2a: Obstagoon
|-resisted|p2a: Obstagoon
|-damage|p2a: Obstagoon|89/100
|-enditem|p2a: Obstagoon|Toxic Orb|[from] move: Knock Off|[of] p1a: Mandibuzz
|
|-heal|p1a: Mandibuzz|43/100|[from] item: Leftovers
|upkeep
|turn|16
|
|move|p2a: Obstagoon|Switcheroo|p1a: Mandibuzz
|-activate|p2a: Obstagoon|move: Trick|[of] p1a: Mandibuzz
|-enditem|p1a: Mandibuzz|Leftovers|[silent]|[from] move: Switcheroo
|-item|p2a: Obstagoon|Leftovers|[from] move: Switcheroo
|move|p1a: Mandibuzz|Roost|p1a: Mandibuzz
|-heal|p1a: Mandibuzz|93/100
|-singleturn|p1a: Mandibuzz|move: Roost
|
|-heal|p2a: Obstagoon|96/100|[from] item: Leftovers
|upkeep
|turn|17
|
|move|p2a: Obstagoon|Facade|p1a: Mandibuzz
|-damage|p1a: Mandibuzz|75/100
|move|p1a: Mandibuzz|Defog|p2a: Obstagoon
|-unboost|p2a: Obstagoon|evasion|1
|-ability|p2a: Obstagoon|Defiant
|-boost|p2a: Obstagoon|atk|2
|-sideend|p1: BaGasyLink|Stealth Rock|[from] move: Defog|[of] p1a: Mandibuzz
|
|-heal|p2a: Obstagoon|100/100|[from] item: Leftovers
|upkeep
|turn|18
|
|move|p2a: Obstagoon|Facade|p1a: Mandibuzz
|-damage|p1a: Mandibuzz|39/100
|move|p1a: Mandibuzz|Foul Play|p2a: Obstagoon
|-resisted|p2a: Obstagoon
|-damage|p2a: Obstagoon|59/100
|
|-heal|p2a: Obstagoon|65/100|[from] item: Leftovers
|upkeep
|turn|19
|
|move|p2a: Obstagoon|Facade|p1a: Mandibuzz
|-damage|p1a: Mandibuzz|0 fnt
|faint|p1a: Mandibuzz
|
|-heal|p2a: Obstagoon|71/100|[from] item: Leftovers
|upkeep
|
|switch|p1a: Clefable|Clefable, M|100/100
|turn|20
|
|move|p2a: Obstagoon|Knock Off|p1a: Clefable
|-resisted|p1a: Clefable
|-damage|p1a: Clefable|53/100
|-enditem|p1a: Clefable|Life Orb|[from] move: Knock Off|[of] p2a: Obstagoon
|move|p1a: Clefable|Moonblast|p2a: Obstagoon
|-supereffective|p2a: Obstagoon
|-damage|p2a: Obstagoon|0 fnt
|faint|p2a: Obstagoon
|
|upkeep
|
|switch|p2a: Ferrothorn|Ferrothorn, F|99/100
|turn|21
|
|move|p1a: Clefable|Fire Blast|p2a: Ferrothorn|[miss]
|-miss|p1a: Clefable|p2a: Ferrothorn
|move|p2a: Ferrothorn|Stealth Rock|p1a: Clefable
|-sidestart|p1: BaGasyLink|move: Stealth Rock
|
|upkeep
|turn|22
|
|switch|p1a: Cinderace|Cinderace, F|50/100
|-damage|p1a: Cinderace|26/100|[from] Stealth Rock
|switch|p2a: Toxapex|Toxapex, F|95/100
|
|upkeep
|turn|23
|
|move|p1a: Cinderace|Zen Headbutt|p2a: Toxapex
|-supereffective|p2a: Toxapex
|-damage|p2a: Toxapex|47/100
|move|p2a: Toxapex|Toxic Spikes|p1a: Cinderace
|-sidestart|p1: BaGasyLink|move: Toxic Spikes
|
|upkeep
|turn|24
|
|move|p2a: Toxapex|Baneful Bunker|p2a: Toxapex
|-singleturn|p2a: Toxapex|move: Protect
|move|p1a: Cinderace|Zen Headbutt|p2a: Toxapex
|-activate|p2a: Toxapex|move: Protect
|-status|p1a: Cinderace|psn
|
|-damage|p1a: Cinderace|13/100 psn|[from] psn
|upkeep
|turn|25
|
|switch|p2a: Sableye|Sableye, M|100/100
|move|p1a: Cinderace|Zen Headbutt|p2a: Sableye
|-immune|p2a: Sableye
|
|-damage|p1a: Cinderace|1/100 psn|[from] psn
|upkeep
|turn|26
|
|move|p2a: Sableye|Encore|p1a: Cinderace
|-start|p1a: Cinderace|Encore
|move|p1a: Cinderace|Zen Headbutt|p2a: Sableye
|-immune|p2a: Sableye
|
|-damage|p1a: Cinderace|0 fnt|[from] psn
|faint|p1a: Cinderace
|upkeep
|
|switch|p1a: Clefable|Clefable, M|53/100
|-status|p1a: Clefable|psn
|turn|27
|
|switch|p2a: Ferrothorn|Ferrothorn, F|99/100
|move|p1a: Clefable|Moonlight|p1a: Clefable
|-heal|p1a: Clefable|100/100 psn
|
|upkeep
|turn|28
|
|switch|p2a: Toxapex|Toxapex, F|80/100
|move|p1a: Clefable|Fire Blast|p2a: Toxapex
|-resisted|p2a: Toxapex
|-damage|p2a: Toxapex|67/100
|
|upkeep
|turn|29
|
|move|p1a: Clefable|Thunderbolt|p2a: Toxapex
|-supereffective|p2a: Toxapex
|-damage|p2a: Toxapex|24/100
|move|p2a: Toxapex|Toxic Spikes|p1a: Clefable
|-sidestart|p1: BaGasyLink|move: Toxic Spikes
|
|upkeep
|turn|30
|
|switch|p2a: Corsola|Corsola-Galar, M|100/100
|move|p1a: Clefable|Moonblast|p2a: Corsola
|-crit|p2a: Corsola
|-damage|p2a: Corsola|68/100
|-unboost|p2a: Corsola|spa|1
|
|upkeep
|turn|31
|
|move|p1a: Clefable|Thunderbolt|p2a: Corsola
|-damage|p2a: Corsola|54/100
|move|p2a: Corsola|Strength Sap|p1a: Clefable
|-unboost|p1a: Clefable|atk|1
|-heal|p2a: Corsola|94/100
|
|upkeep
|turn|32
|inactive|BaGasyLink has 120 seconds left.
|
|move|p1a: Clefable|Thunderbolt|p2a: Corsola
|-damage|p2a: Corsola|80/100
|move|p2a: Corsola|Hex|p1a: Clefable
|-damage|p1a: Clefable|79/100 psn
|
|upkeep
|turn|33
|inactive|BaGasyLink has 120 seconds left.
|
|switch|p1a: Rotom|Rotom-Wash|100/100
|-damage|p1a: Rotom|88/100|[from] Stealth Rock
|switch|p2a: Sableye|Sableye, M|100/100
|
|upkeep
|turn|34
|inactive|BaGasyLink has 120 seconds left.
|
|switch|p2a: Ferrothorn|Ferrothorn, F|99/100
|move|p1a: Rotom|Volt Switch|p2a: Ferrothorn
|-resisted|p2a: Ferrothorn
|-damage|p2a: Ferrothorn|90/100
|
|switch|p1a: Excadrill|Excadrill, F|100/100|[from]move: Volt Switch
|-damage|p1a: Excadrill|97/100|[from] Stealth Rock
|-ability|p1a: Excadrill|Mold Breaker
|
|upkeep
|turn|35
|inactive|BaGasyLink has 120 seconds left.
|
|move|p1a: Excadrill|Rapid Spin|p2a: Ferrothorn
|-resisted|p2a: Ferrothorn
|-damage|p2a: Ferrothorn|85/100
|-damage|p1a: Excadrill|85/100|[from] ability: Iron Barbs|[of] p2a: Ferrothorn
|-sideend|p1: BaGasyLink|Toxic Spikes|[from] move: Rapid Spin|[of] p1a: Excadrill
|-sideend|p1: BaGasyLink|Stealth Rock|[from] move: Rapid Spin|[of] p1a: Excadrill
|-boost|p1a: Excadrill|spe|1
|move|p2a: Ferrothorn|Leech Seed|p1a: Excadrill
|-start|p1a: Excadrill|move: Leech Seed
|
|-damage|p1a: Excadrill|73/100|[from] Leech Seed|[of] p2a: Ferrothorn
|-heal|p2a: Ferrothorn|99/100|[silent]
|upkeep
|turn|36
|inactive|BaGasyLink has 120 seconds left.
|
|switch|p1a: Clefable|Clefable, M|79/100 psn
|move|p2a: Ferrothorn|Gyro Ball|p1a: Clefable
|-supereffective|p1a: Clefable
|-damage|p1a: Clefable|0 fnt
|faint|p1a: Clefable
|
|upkeep
|-message|BaGasyLink forfeited.
|
|win|MedicalMeme
|l|☆BaGasyLink
|raw|BaGasyLink's rating: 1095 → 1074(-21 for losing)
|raw|MedicalMeme's rating: 1143 → 1164(+21 for winning)
