|ScrapeTime|2020-01-02-01:06:46
|j|☆love free rocks
|j|☆The first rule
|player|p1|love free rocks|294|1556
|player|p2|The first rule|cynthia-gen4|1609
|teamsize|p1|6
|teamsize|p2|6
|gametype|singles
|gen|8
|tier|[Gen 8] OU
|rated|
|rule|Sleep Clause Mod: Limit one foe put to sleep
|rule|Species Clause: Limit one of each Pokémon
|rule|OHKO Clause: OHKO moves are banned
|rule|Evasion Moves Clause: Evasion moves are banned
|rule|Endless Battle Clause: Forcing endless battles is banned
|rule|HP Percentage Mod: HP is shown in percentages
|clearpoke
|poke|p1|Crawdaunt, F|
|poke|p1|Toxtricity, M|
|poke|p1|Cinderace, F|
|poke|p1|Ferrothorn, M|
|poke|p1|Sylveon, F|
|poke|p1|Hydreigon, F|
|poke|p2|Pelipper, F|
|poke|p2|Ferrothorn, M|
|poke|p2|Barraskewda, F|
|poke|p2|Dracovish|
|poke|p2|Mantine, F|
|poke|p2|Excadrill, M|
|rule|Dynamax Clause: You cannot dynamax
|teampreview
|inactive|Battle timer is ON: inactive players will automatically lose when time's up. (requested by love free rocks)
|inactive|The first rule has 120 seconds left.
|
|start
|switch|p1a: Toxtricity|Toxtricity, M|100/100
|switch|p2a: Pelipper|Pelipper, F, shiny|100/100
|-weather|RainDance|[from] ability: Drizzle|[of] p2a: Pelipper
|turn|1
|
|switch|p2a: Ferrothorn|Ferrothorn, M, shiny|100/100
|move|p1a: Toxtricity|Boomburst|p2a: Ferrothorn
|-resisted|p2a: Ferrothorn
|-damage|p2a: Ferrothorn|79/100
|
|-weather|RainDance|[upkeep]
|-heal|p2a: Ferrothorn|85/100|[from] item: Leftovers
|upkeep
|turn|2
|
|switch|p1a: Crawdaunt|Crawdaunt, F|100/100
|move|p2a: Ferrothorn|Knock Off|p1a: Crawdaunt
|-resisted|p1a: Crawdaunt
|-damage|p1a: Crawdaunt|89/100
|-enditem|p1a: Crawdaunt|Choice Band|[from] move: Knock Off|[of] p2a: Ferrothorn
|
|-weather|RainDance|[upkeep]
|-heal|p2a: Ferrothorn|91/100|[from] item: Leftovers
|upkeep
|turn|3
|
|move|p1a: Crawdaunt|Knock Off|p2a: Ferrothorn
|-damage|p2a: Ferrothorn|40/100
|-damage|p1a: Crawdaunt|76/100|[from] ability: Iron Barbs|[of] p2a: Ferrothorn
|-enditem|p2a: Ferrothorn|Leftovers|[from] move: Knock Off|[of] p1a: Crawdaunt
|move|p2a: Ferrothorn|Leech Seed|p1a: Crawdaunt
|-start|p1a: Crawdaunt|move: Leech Seed
|
|-weather|RainDance|[upkeep]
|-damage|p1a: Crawdaunt|64/100|[from] Leech Seed|[of] p2a: Ferrothorn
|-heal|p2a: Ferrothorn|51/100|[silent]
|upkeep
|turn|4
|
|switch|p1a: Ferrothorn|Ferrothorn, M|100/100
|move|p2a: Ferrothorn|Knock Off|p1a: Ferrothorn
|-damage|p1a: Ferrothorn|88/100
|-damage|p2a: Ferrothorn|39/100|[from] ability: Iron Barbs|[of] p1a: Ferrothorn
|-enditem|p1a: Ferrothorn|Leftovers|[from] move: Knock Off|[of] p2a: Ferrothorn
|
|-weather|RainDance|[upkeep]
|upkeep
|turn|5
|
|switch|p1a: Cinderace|Cinderace, F|100/100
|move|p2a: Ferrothorn|Stealth Rock|p1a: Cinderace
|-sidestart|p1: love free rocks|move: Stealth Rock
|
|-weather|RainDance|[upkeep]
|upkeep
|turn|6
|
|move|p1a: Cinderace|Court Change|p1a: Cinderace
|-sideend|p1: love free rocks|Stealth Rock|[silent]
|-sidestart|p2: The first rule|Stealth Rock|[silent]
|-activate|p1a: Cinderace|move: Court Change
|move|p2a: Ferrothorn|Stealth Rock|p1a: Cinderace
|-sidestart|p1: love free rocks|move: Stealth Rock
|
|-weather|RainDance|[upkeep]
|upkeep
|turn|7
|
|move|p1a: Cinderace|Pyro Ball|p2a: Ferrothorn
|-supereffective|p2a: Ferrothorn
|-damage|p2a: Ferrothorn|0 fnt
|faint|p2a: Ferrothorn
|
|-weather|RainDance|[upkeep]
|upkeep
|inactive|The first rule has 120 seconds left.
|
|switch|p2a: Dracovish|Dracovish|100/100
|-damage|p2a: Dracovish|88/100|[from] Stealth Rock
|turn|8
|
|switch|p1a: Ferrothorn|Ferrothorn, M|88/100
|-damage|p1a: Ferrothorn|81/100|[from] Stealth Rock
|move|p2a: Dracovish|Fishious Rend|p1a: Ferrothorn
|-resisted|p1a: Ferrothorn
|-damage|p1a: Ferrothorn|15/100
|-damage|p2a: Dracovish|76/100|[from] ability: Iron Barbs|[of] p1a: Ferrothorn
|
|-weather|none
|upkeep
|turn|9
|inactive|The first rule has 120 seconds left.
|
|move|p1a: Ferrothorn|Protect|p1a: Ferrothorn
|-singleturn|p1a: Ferrothorn|Protect
|move|p2a: Dracovish|Fishious Rend|p1a: Ferrothorn
|-activate|p1a: Ferrothorn|move: Protect
|
|upkeep
|turn|10
|
|move|p2a: Dracovish|Fishious Rend|p1a: Ferrothorn
|-resisted|p1a: Ferrothorn
|-damage|p1a: Ferrothorn|0 fnt
|-damage|p2a: Dracovish|63/100|[from] ability: Iron Barbs|[of] p1a: Ferrothorn
|faint|p1a: Ferrothorn
|
|upkeep
|
|switch|p1a: Hydreigon|Hydreigon, F|100/100
|-damage|p1a: Hydreigon|88/100|[from] Stealth Rock
|turn|11
|inactive|The first rule has 120 seconds left.
|
|switch|p2a: Pelipper|Pelipper, F, shiny|100/100
|-damage|p2a: Pelipper|76/100|[from] Stealth Rock
|-weather|RainDance|[from] ability: Drizzle|[of] p2a: Pelipper
|move|p1a: Hydreigon|Draco Meteor|p2a: Pelipper
|-damage|p2a: Pelipper|0 fnt
|-unboost|p1a: Hydreigon|spa|2
|faint|p2a: Pelipper
|
|-weather|RainDance|[upkeep]
|upkeep
|inactive|The first rule has 90 seconds left.
|
|switch|p2a: Mantine|Mantine, F, shiny|100/100
|-damage|p2a: Mantine|76/100|[from] Stealth Rock
|turn|12
|
|switch|p1a: Crawdaunt|Crawdaunt, F|64/100
|-damage|p1a: Crawdaunt|51/100|[from] Stealth Rock
|move|p2a: Mantine|Hurricane|p1a: Crawdaunt
|-damage|p1a: Crawdaunt|0 fnt
|-damage|p2a: Mantine|66/100|[from] item: Life Orb
|faint|p1a: Crawdaunt
|
|-weather|RainDance|[upkeep]
|upkeep
|
|switch|p1a: Sylveon|Sylveon, F|100/100
|-damage|p1a: Sylveon|88/100|[from] Stealth Rock
|turn|13
|
|move|p2a: Mantine|Hurricane|p1a: Sylveon
|-damage|p1a: Sylveon|49/100
|-damage|p2a: Mantine|56/100|[from] item: Life Orb
|move|p1a: Sylveon|Hyper Voice|p2a: Mantine
|-damage|p2a: Mantine|8/100
|
|-weather|RainDance|[upkeep]
|-heal|p1a: Sylveon|56/100|[from] item: Leftovers
|upkeep
|turn|14
|
|move|p2a: Mantine|Hurricane|p1a: Sylveon
|-damage|p1a: Sylveon|18/100
|-start|p1a: Sylveon|confusion
|-damage|p2a: Mantine|0 fnt|[from] item: Life Orb
|faint|p2a: Mantine
|-activate|p1a: Sylveon|confusion
|move|p1a: Sylveon|Hyper Voice|p2: Mantine|[notarget]
|-fail|p1a: Sylveon
|
|-weather|RainDance|[upkeep]
|-heal|p1a: Sylveon|24/100|[from] item: Leftovers
|upkeep
|
|switch|p2a: Barraskewda|Barraskewda, F|100/100
|-damage|p2a: Barraskewda|88/100|[from] Stealth Rock
|turn|15
|
|move|p2a: Barraskewda|Waterfall|p1a: Sylveon
|-damage|p1a: Sylveon|0 fnt
|-damage|p2a: Barraskewda|78/100|[from] item: Life Orb
|faint|p1a: Sylveon
|
|-weather|RainDance|[upkeep]
|upkeep
|
|switch|p1a: Toxtricity|Toxtricity, M|100/100
|-damage|p1a: Toxtricity|88/100|[from] Stealth Rock
|turn|16
|
|move|p2a: Barraskewda|Waterfall|p1a: Toxtricity
|-damage|p1a: Toxtricity|0 fnt
|-damage|p2a: Barraskewda|69/100|[from] item: Life Orb
|faint|p1a: Toxtricity
|
|-weather|RainDance|[upkeep]
|upkeep
|
|switch|p1a: Cinderace|Cinderace, F|100/100
|turn|17
|
|move|p2a: Barraskewda|Waterfall|p1a: Cinderace
|-supereffective|p1a: Cinderace
|-damage|p1a: Cinderace|0 fnt
|-damage|p2a: Barraskewda|59/100|[from] item: Life Orb
|faint|p1a: Cinderace
|
|-weather|RainDance|[upkeep]
|upkeep
|-message|love free rocks forfeited.
|
|win|The first rule
|l|☆love free rocks
|raw|love free rocks's rating: 1556 → 1539(-17 for losing)
|raw|The first rule's rating: 1610 → 1627(+17 for winning)
