|ScrapeTime|2020-01-02-05:05:01
|j|☆Thorium-90
|j|☆Eleku
|player|p1|Thorium-90|266|1141
|player|p2|Eleku|101|1172
|teamsize|p1|6
|teamsize|p2|6
|gametype|singles
|gen|8
|tier|[Gen 8] OU
|rated|
|rule|Sleep Clause Mod: Limit one foe put to sleep
|rule|Species Clause: Limit one of each Pokémon
|rule|OHKO Clause: OHKO moves are banned
|rule|Evasion Moves Clause: Evasion moves are banned
|rule|Endless Battle Clause: Forcing endless battles is banned
|rule|HP Percentage Mod: HP is shown in percentages
|clearpoke
|poke|p1|Seismitoad, F|
|poke|p1|Pelipper, F|
|poke|p1|Mandibuzz, F|
|poke|p1|Dracovish|
|poke|p1|Toxtricity-Low-Key, M|
|poke|p1|Charizard, M|
|poke|p2|Gyarados, M|
|poke|p2|Excadrill, M|
|poke|p2|Clefable, F|
|poke|p2|Rotom-Heat|
|poke|p2|Ferrothorn, F|
|poke|p2|Dragapult, F|
|rule|Dynamax Clause: You cannot dynamax
|teampreview
|
|start
|switch|p1a: Pelipper|Pelipper, F|100/100
|switch|p2a: Rotom|Rotom-Heat|100/100
|-weather|RainDance|[from] ability: Drizzle|[of] p1a: Pelipper
|turn|1
|inactive|Battle timer is ON: inactive players will automatically lose when time's up. (requested by Thorium-90)
|
|switch|p1a: Seismitoad|Seismitoad, F|100/100
|move|p2a: Rotom|Will-O-Wisp|p1a: Seismitoad
|-status|p1a: Seismitoad|brn
|
|-weather|RainDance|[upkeep]
|-damage|p1a: Seismitoad|95/100 brn|[from] brn
|upkeep
|turn|2
|inactive|Thorium-90 has 120 seconds left.
|inactive|Thorium-90 has 90 seconds left.
|
|switch|p1a: Charizard|Charizard, M, shiny|100/100
|switch|p2a: Gyarados|Gyarados, M|100/100
|-ability|p2a: Gyarados|Intimidate|boost
|-unboost|p1a: Charizard|atk|1
|
|-weather|RainDance|[upkeep]
|upkeep
|turn|3
|inactive|Thorium-90 has 90 seconds left.
|
|switch|p1a: Dracovish|Dracovish|100/100
|move|p2a: Gyarados|Dragon Dance|p2a: Gyarados
|-boost|p2a: Gyarados|atk|1
|-boost|p2a: Gyarados|spe|1
|
|-weather|RainDance|[upkeep]
|upkeep
|turn|4
|
|move|p2a: Gyarados|Earthquake|p1a: Dracovish
|-damage|p1a: Dracovish|26/100
|-damage|p2a: Gyarados|91/100|[from] item: Life Orb
|move|p1a: Dracovish|Fishious Rend|p2a: Gyarados
|-resisted|p2a: Gyarados
|-damage|p2a: Gyarados|44/100
|
|-weather|RainDance|[upkeep]
|upkeep
|turn|5
|
|switch|p1a: Mandibuzz|Mandibuzz, F|100/100
|move|p2a: Gyarados|Earthquake|p1a: Mandibuzz
|-immune|p1a: Mandibuzz
|
|-weather|RainDance|[upkeep]
|upkeep
|turn|6
|
|move|p2a: Gyarados|Taunt|p1a: Mandibuzz
|-start|p1a: Mandibuzz|move: Taunt
|move|p1a: Mandibuzz|Knock Off|p2a: Gyarados
|-damage|p2a: Gyarados|12/100
|-enditem|p2a: Gyarados|Life Orb|[from] move: Knock Off|[of] p1a: Mandibuzz
|
|-weather|RainDance|[upkeep]
|upkeep
|turn|7
|
|move|p2a: Gyarados|Waterfall|p1a: Mandibuzz
|-damage|p1a: Mandibuzz|29/100
|move|p1a: Mandibuzz|Knock Off|p2a: Gyarados
|-damage|p2a: Gyarados|0 fnt
|faint|p2a: Gyarados
|
|-weather|RainDance|[upkeep]
|upkeep
|
|switch|p2a: Dragapult|Dragapult, F|100/100
|turn|8
|inactive|Thorium-90 has 120 seconds left.
|
|move|p2a: Dragapult|Dragon Darts|p1a: Mandibuzz
|-crit|p1a: Mandibuzz
|-damage|p1a: Mandibuzz|0 fnt
|-hitcount|p1a: Mandibuzz|1
|faint|p1a: Mandibuzz
|
|-weather|none
|upkeep
|
|switch|p1a: Pelipper|Pelipper, F|100/100
|-weather|RainDance|[from] ability: Drizzle|[of] p1a: Pelipper
|turn|9
|
|move|p2a: Dragapult|Dragon Dance|p2a: Dragapult
|-boost|p2a: Dragapult|atk|1
|-boost|p2a: Dragapult|spe|1
|move|p1a: Pelipper|U-turn|p2a: Dragapult
|-resisted|p2a: Dragapult
|-damage|p2a: Dragapult|95/100
|inactive|Thorium-90 has 120 seconds left.
|
|switch|p1a: Seismitoad|Seismitoad, F|95/100 brn|[from]move: U-turn
|
|-weather|RainDance|[upkeep]
|-heal|p1a: Seismitoad|100/100 brn|[from] item: Leftovers
|-damage|p1a: Seismitoad|95/100 brn|[from] brn
|upkeep
|turn|10
|
|move|p2a: Dragapult|Dragon Darts|p1a: Seismitoad
|-damage|p1a: Seismitoad|48/100 brn
|-damage|p1a: Seismitoad|2/100 brn
|-hitcount|p1a: Seismitoad|2
|move|p1a: Seismitoad|Toxic|p2a: Dragapult
|-status|p2a: Dragapult|tox
|
|-weather|RainDance|[upkeep]
|-heal|p1a: Seismitoad|8/100 brn|[from] item: Leftovers
|-damage|p2a: Dragapult|89/100 tox|[from] psn
|-damage|p1a: Seismitoad|2/100 brn|[from] brn
|upkeep
|turn|11
|
|move|p2a: Dragapult|Dragon Darts|p1a: Seismitoad
|-damage|p1a: Seismitoad|0 fnt
|-hitcount|p1a: Seismitoad|1
|faint|p1a: Seismitoad
|
|-weather|RainDance|[upkeep]
|-damage|p2a: Dragapult|77/100 tox|[from] psn
|upkeep
|inactive|Thorium-90 has 120 seconds left.
|
|switch|p1a: Charizard|Charizard, M, shiny|100/100
|turn|12
|
|move|p2a: Dragapult|Dragon Darts|p1a: Charizard
|-damage|p1a: Charizard|50/100
|-damage|p1a: Charizard|0 fnt
|-hitcount|p1a: Charizard|2
|faint|p1a: Charizard
|
|-weather|RainDance|[upkeep]
|-damage|p2a: Dragapult|59/100 tox|[from] psn
|upkeep
|inactive|Thorium-90 has 120 seconds left.
|
|switch|p1a: Toxtricity|Toxtricity-Low-Key, M|100/100
|turn|13
|
|move|p2a: Dragapult|Dragon Darts|p1a: Toxtricity
|-damage|p1a: Toxtricity|46/100
|-damage|p1a: Toxtricity|0 fnt
|-hitcount|p1a: Toxtricity|2
|faint|p1a: Toxtricity
|
|-weather|RainDance|[upkeep]
|-damage|p2a: Dragapult|35/100 tox|[from] psn
|upkeep
|-message|Thorium-90 forfeited.
|
|win|Eleku
|l|☆Thorium-90
|raw|Thorium-90's rating: 1141 → 1118(-23 for losing)
|raw|Eleku's rating: 1172 → 1195(+23 for winning)
