|ScrapeTime|2020-01-01-23:54:36
|j|☆BaljeetTJ
|j|☆Devildriver
|player|p1|BaljeetTJ|ghetsis-gen5bw|1041
|player|p2|Devildriver|130|1080
|teamsize|p1|6
|teamsize|p2|6
|gametype|singles
|gen|8
|tier|[Gen 8] OU
|rated|
|rule|Sleep Clause Mod: Limit one foe put to sleep
|rule|Species Clause: Limit one of each Pokémon
|rule|OHKO Clause: OHKO moves are banned
|rule|Evasion Moves Clause: Evasion moves are banned
|rule|Endless Battle Clause: Forcing endless battles is banned
|rule|HP Percentage Mod: HP is shown in percentages
|clearpoke
|poke|p1|Dracovish|
|poke|p1|Mimikyu, F|
|poke|p1|Eiscue, F|
|poke|p1|Togekiss, M|
|poke|p1|Dragapult, M|
|poke|p1|Toxtricity, M|
|poke|p2|Torkoal, M|
|poke|p2|Arcanine, M|
|poke|p2|Excadrill, M|
|poke|p2|Heliolisk, F|
|poke|p2|Mandibuzz, F|
|poke|p2|Dusclops, M|
|rule|Dynamax Clause: You cannot dynamax
|teampreview
|
|start
|switch|p1a: Mimikyu|Mimikyu, F|100/100
|switch|p2a: Heliolisk|Heliolisk, F|100/100
|turn|1
|
|move|p2a: Heliolisk|Discharge|p1a: Mimikyu
|-crit|p1a: Mimikyu
|-activate|p1a: Mimikyu|ability: Disguise
|-damage|p1a: Mimikyu|100/100
|-status|p1a: Mimikyu|par
|detailschange|p1a: Mimikyu|Mimikyu-Busted, F
|-damage|p1a: Mimikyu|88/100 par|[from] ability: Disguise|[of] p1a: Mimikyu
|move|p1a: Mimikyu|Swords Dance|p1a: Mimikyu
|-boost|p1a: Mimikyu|atk|2
|
|upkeep
|turn|2
|
|move|p2a: Heliolisk|Volt Switch|p1a: Mimikyu
|-damage|p1a: Mimikyu|46/100 par
|
|switch|p2a: Mandibuzz|Mandibuzz, F|100/100|[from]move: Volt Switch
|move|p1a: Mimikyu|Shadow Claw|p2a: Mandibuzz
|-resisted|p2a: Mandibuzz
|-damage|p2a: Mandibuzz|76/100
|
|-heal|p2a: Mandibuzz|82/100|[from] item: Leftovers
|upkeep
|turn|3
|
|move|p1a: Mimikyu|Shadow Sneak|p2a: Mandibuzz
|-resisted|p2a: Mandibuzz
|-damage|p2a: Mandibuzz|68/100
|move|p2a: Mandibuzz|Knock Off|p1a: Mimikyu
|-damage|p1a: Mimikyu|2/100 par
|-enditem|p1a: Mimikyu|Spell Tag|[from] move: Knock Off|[of] p2a: Mandibuzz
|
|-heal|p2a: Mandibuzz|74/100|[from] item: Leftovers
|upkeep
|turn|4
|c|☆Devildriver|spell tag?
|
|move|p1a: Mimikyu|Shadow Sneak|p2a: Mandibuzz
|-resisted|p2a: Mandibuzz
|-damage|p2a: Mandibuzz|61/100
|move|p2a: Mandibuzz|Knock Off|p1a: Mimikyu
|-damage|p1a: Mimikyu|0 fnt
|faint|p1a: Mimikyu
|
|-heal|p2a: Mandibuzz|67/100|[from] item: Leftovers
|upkeep
|
|switch|p1a: Toxtricity|Toxtricity, M|100/100
|turn|5
|
|move|p1a: Toxtricity|Overdrive|p2a: Mandibuzz
|-supereffective|p2a: Mandibuzz
|-damage|p2a: Mandibuzz|18/100
|move|p2a: Mandibuzz|Knock Off|p1a: Toxtricity
|-damage|p1a: Toxtricity|71/100
|-enditem|p1a: Toxtricity|Leftovers|[from] move: Knock Off|[of] p2a: Mandibuzz
|
|-heal|p2a: Mandibuzz|24/100|[from] item: Leftovers
|upkeep
|turn|6
|
|switch|p2a: Heliolisk|Heliolisk, F|100/100
|move|p1a: Toxtricity|Volt Switch|p2a: Heliolisk
|-resisted|p2a: Heliolisk
|-damage|p2a: Heliolisk|87/100
|
|switch|p1a: Eiscue|Eiscue, F|100/100|[from]move: Volt Switch
|
|upkeep
|turn|7
|
|move|p2a: Heliolisk|Discharge|p1a: Eiscue
|-damage|p1a: Eiscue|51/100
|move|p1a: Eiscue|Head Smash|p2a: Heliolisk
|-damage|p2a: Heliolisk|7/100
|-damage|p1a: Eiscue|14/100|[from] Recoil
|
|upkeep
|turn|8
|
|move|p2a: Heliolisk|Discharge|p1a: Eiscue
|-damage|p1a: Eiscue|0 fnt
|faint|p1a: Eiscue
|
|upkeep
|
|switch|p1a: Dragapult|Dragapult, M|100/100
|turn|9
|
|move|p1a: Dragapult|Dragon Darts|p2a: Heliolisk
|-damage|p2a: Heliolisk|0 fnt
|-hitcount|p2a: Heliolisk|1
|faint|p2a: Heliolisk
|
|upkeep
|
|switch|p2a: Mandibuzz|Mandibuzz, F|24/100
|turn|10
|
|move|p1a: Dragapult|Dragon Darts|p2a: Mandibuzz
|-damage|p2a: Mandibuzz|4/100
|-damage|p2a: Mandibuzz|0 fnt
|-hitcount|p2a: Mandibuzz|2
|faint|p2a: Mandibuzz
|
|upkeep
|
|switch|p2a: Dusclops|Dusclops, M|100/100
|-item|p1a: Dragapult|Dragon Fang|[from] ability: Frisk|[of] p2a: Dusclops|[identify]
|turn|11
|
|move|p1a: Dragapult|Dragon Darts|p2a: Dusclops
|-damage|p2a: Dusclops|86/100
|-damage|p2a: Dusclops|70/100
|-hitcount|p2a: Dusclops|2
|move|p2a: Dusclops|Will-O-Wisp|p1a: Dragapult
|-status|p1a: Dragapult|brn
|
|-damage|p1a: Dragapult|94/100 brn|[from] brn
|upkeep
|turn|12
|
|move|p1a: Dragapult|Dragon Darts|p2a: Dusclops
|-damage|p2a: Dusclops|62/100
|-damage|p2a: Dusclops|54/100
|-hitcount|p2a: Dusclops|2
|move|p2a: Dusclops|Night Shade|p1a: Dragapult
|-damage|p1a: Dragapult|63/100 brn
|
|-damage|p1a: Dragapult|57/100 brn|[from] brn
|upkeep
|turn|13
|
|move|p1a: Dragapult|Dragon Darts|p2a: Dusclops
|-damage|p2a: Dusclops|45/100
|-damage|p2a: Dusclops|37/100
|-hitcount|p2a: Dusclops|2
|move|p2a: Dusclops|Night Shade|p1a: Dragapult
|-damage|p1a: Dragapult|26/100 brn
|
|-damage|p1a: Dragapult|20/100 brn|[from] brn
|upkeep
|turn|14
|
|move|p1a: Dragapult|Steel Wing|p2a: Dusclops
|-damage|p2a: Dusclops|31/100
|move|p2a: Dusclops|Trick Room|p2a: Dusclops
|-fieldstart|move: Trick Room|[of] p2a: Dusclops
|
|-damage|p1a: Dragapult|14/100 brn|[from] brn
|upkeep
|turn|15
|
|move|p2a: Dusclops|Night Shade|p1a: Dragapult
|-damage|p1a: Dragapult|0 fnt
|faint|p1a: Dragapult
|
|upkeep
|
|switch|p1a: Togekiss|Togekiss, M|100/100
|turn|16
|
|move|p2a: Dusclops|Night Shade|p1a: Togekiss
|-damage|p1a: Togekiss|68/100
|move|p1a: Togekiss|Air Slash|p2a: Dusclops
|-damage|p2a: Dusclops|2/100
|
|upkeep
|turn|17
|
|move|p2a: Dusclops|Night Shade|p1a: Togekiss
|-damage|p1a: Togekiss|36/100
|move|p1a: Togekiss|Air Slash|p2a: Dusclops
|-damage|p2a: Dusclops|0 fnt
|faint|p2a: Dusclops
|
|upkeep
|
|switch|p2a: Torkoal|Torkoal, M|100/100
|-weather|SunnyDay|[from] ability: Drought|[of] p2a: Torkoal
|turn|18
|
|move|p2a: Torkoal|Eruption|p1a: Togekiss
|-damage|p1a: Togekiss|0 fnt
|faint|p1a: Togekiss
|
|-weather|SunnyDay|[upkeep]
|-fieldend|move: Trick Room
|upkeep
|
|switch|p1a: drake|Dracovish|100/100
|turn|19
|
|move|p1a: drake|Fishious Rend|p2a: Torkoal
|-supereffective|p2a: Torkoal
|-damage|p2a: Torkoal|5/100
|move|p2a: Torkoal|Eruption|p1a: drake
|-resisted|p1a: drake
|-damage|p1a: drake|99/100
|
|-weather|SunnyDay|[upkeep]
|upkeep
|turn|20
|
|move|p1a: drake|Fishious Rend|p2a: Torkoal
|-supereffective|p2a: Torkoal
|-damage|p2a: Torkoal|0 fnt
|faint|p2a: Torkoal
|
|-weather|SunnyDay|[upkeep]
|upkeep
|
|switch|p2a: Excadrill|Excadrill, M|100/100
|-ability|p2a: Excadrill|Mold Breaker
|turn|21
|
|move|p2a: Excadrill|Earthquake|p1a: drake
|-damage|p1a: drake|44/100
|move|p1a: drake|Fishious Rend|p2a: Excadrill
|-supereffective|p2a: Excadrill
|-damage|p2a: Excadrill|15/100
|
|-weather|SunnyDay|[upkeep]
|upkeep
|turn|22
|
|move|p2a: Excadrill|Earthquake|p1a: drake
|-damage|p1a: drake|0 fnt
|faint|p1a: drake
|
|-weather|SunnyDay|[upkeep]
|upkeep
|
|switch|p1a: Toxtricity|Toxtricity, M|71/100
|turn|23
|
|move|p2a: Excadrill|Earthquake|p1a: Toxtricity
|-supereffective|p1a: Toxtricity
|-damage|p1a: Toxtricity|0 fnt
|faint|p1a: Toxtricity
|
|win|Devildriver
|l|☆BaljeetTJ
|raw|BaljeetTJ's rating: 1042 → 1027(-15 for losing)
|raw|Devildriver's rating: 1080 → 1105(+25 for winning)
