|ScrapeTime|2020-01-02-23:28:55
|j|☆thegreatboris
|j|☆Sinead's Hairline
|player|p1|thegreatboris|170|1484
|player|p2|Sinead's Hairline|guitarist|1417
|teamsize|p1|6
|teamsize|p2|6
|gametype|singles
|gen|8
|tier|[Gen 8] OU
|rated|
|rule|Sleep Clause Mod: Limit one foe put to sleep
|rule|Species Clause: Limit one of each Pokémon
|rule|OHKO Clause: OHKO moves are banned
|rule|Evasion Moves Clause: Evasion moves are banned
|rule|Endless Battle Clause: Forcing endless battles is banned
|rule|HP Percentage Mod: HP is shown in percentages
|clearpoke
|poke|p1|Pelipper, F|
|poke|p1|Dracovish|
|poke|p1|Corviknight, M|
|poke|p1|Ferrothorn, F|
|poke|p1|Seismitoad, F|
|poke|p1|Aegislash, M|
|poke|p2|Sandaconda, F|
|poke|p2|Dracovish|
|poke|p2|Toxtricity, F|
|poke|p2|Grimmsnarl, M|
|poke|p2|Rotom-Mow|
|poke|p2|Dragapult, F|
|rule|Dynamax Clause: You cannot dynamax
|teampreview
|inactive|Battle timer is ON: inactive players will automatically lose when time's up. (requested by thegreatboris)
|
|start
|switch|p1a: Seismitoad|Seismitoad, F|100/100
|switch|p2a: Dragapult|Dragapult, F|100/100
|turn|1
|
|move|p2a: Dragapult|Fire Blast|p1a: Seismitoad
|-resisted|p1a: Seismitoad
|-damage|p1a: Seismitoad|76/100
|move|p1a: Seismitoad|Stealth Rock|p2a: Dragapult
|-sidestart|p2: Sinead's Hairline|move: Stealth Rock
|
|-heal|p1a: Seismitoad|82/100|[from] item: Leftovers
|upkeep
|turn|2
|
|switch|p2a: Rotom|Rotom-Mow|100/100
|-damage|p2a: Rotom|88/100|[from] Stealth Rock
|switch|p1a: Ferrothorn|Ferrothorn, F|100/100
|
|-heal|p2a: Rotom|94/100|[from] item: Leftovers
|upkeep
|turn|3
|
|move|p2a: Rotom|Thunder Wave|p1a: Ferrothorn
|-status|p1a: Ferrothorn|par
|move|p1a: Ferrothorn|Knock Off|p2a: Rotom
|-crit|p2a: Rotom
|-damage|p2a: Rotom|62/100
|-enditem|p2a: Rotom|Leftovers|[from] move: Knock Off|[of] p1a: Ferrothorn
|
|upkeep
|turn|4
|
|move|p2a: Rotom|Volt Switch|p1a: Ferrothorn
|-resisted|p1a: Ferrothorn
|-damage|p1a: Ferrothorn|91/100 par
|
|switch|p2a: Dragapult|Dragapult, F|100/100|[from]move: Volt Switch
|-damage|p2a: Dragapult|88/100|[from] Stealth Rock
|move|p1a: Ferrothorn|Spikes|p2a: Dragapult
|-sidestart|p2: Sinead's Hairline|Spikes
|
|-heal|p1a: Ferrothorn|97/100 par|[from] item: Leftovers
|upkeep
|turn|5
|
|switch|p1a: Seismitoad|Seismitoad, F|82/100
|move|p2a: Dragapult|Fire Blast|p1a: Seismitoad
|-resisted|p1a: Seismitoad
|-damage|p1a: Seismitoad|55/100
|
|-heal|p1a: Seismitoad|61/100|[from] item: Leftovers
|upkeep
|turn|6
|
|switch|p2a: Rotom|Rotom-Mow|62/100
|-damage|p2a: Rotom|50/100|[from] Stealth Rock
|move|p1a: Seismitoad|Scald|p2a: Rotom
|-resisted|p2a: Rotom
|-crit|p2a: Rotom
|-damage|p2a: Rotom|34/100
|-status|p2a: Rotom|brn
|
|-heal|p1a: Seismitoad|67/100|[from] item: Leftovers
|-damage|p2a: Rotom|28/100 brn|[from] brn
|upkeep
|turn|7
|
|switch|p1a: Ferrothorn|Ferrothorn, F|97/100 par
|move|p2a: Rotom|Volt Switch|p1a: Ferrothorn
|-resisted|p1a: Ferrothorn
|-damage|p1a: Ferrothorn|85/100 par
|
|switch|p2a: Sandaconda|Sandaconda, F|100/100|[from]move: Volt Switch
|-damage|p2a: Sandaconda|88/100|[from] Spikes
|-damage|p2a: Sandaconda|82/100|[from] Stealth Rock
|
|-heal|p2a: Sandaconda|88/100|[from] item: Leftovers
|-heal|p1a: Ferrothorn|91/100 par|[from] item: Leftovers
|upkeep
|turn|8
|
|move|p2a: Sandaconda|Stealth Rock|p1a: Ferrothorn
|-sidestart|p1: thegreatboris|move: Stealth Rock
|cant|p1a: Ferrothorn|par
|
|-heal|p2a: Sandaconda|94/100|[from] item: Leftovers
|-heal|p1a: Ferrothorn|98/100 par|[from] item: Leftovers
|upkeep
|turn|9
|
|move|p2a: Sandaconda|Earthquake|p1a: Ferrothorn
|-damage|p1a: Ferrothorn|66/100 par
|cant|p1a: Ferrothorn|par
|
|-heal|p2a: Sandaconda|99/100|[from] item: Leftovers
|-heal|p1a: Ferrothorn|72/100 par|[from] item: Leftovers
|upkeep
|turn|10
|
|move|p2a: Sandaconda|Earthquake|p1a: Ferrothorn
|-damage|p1a: Ferrothorn|46/100 par
|move|p1a: Ferrothorn|Power Whip|p2a: Sandaconda
|-supereffective|p2a: Sandaconda
|-damage|p2a: Sandaconda|31/100
|
|-heal|p2a: Sandaconda|37/100|[from] item: Leftovers
|-heal|p1a: Ferrothorn|52/100 par|[from] item: Leftovers
|upkeep
|turn|11
|
|move|p2a: Sandaconda|Earthquake|p1a: Ferrothorn
|-damage|p1a: Ferrothorn|25/100 par
|cant|p1a: Ferrothorn|par
|
|-heal|p2a: Sandaconda|43/100|[from] item: Leftovers
|-heal|p1a: Ferrothorn|31/100 par|[from] item: Leftovers
|upkeep
|turn|12
|
|switch|p1a: Pelipper|Pelipper, F|100/100
|-damage|p1a: Pelipper|75/100|[from] Stealth Rock
|-weather|RainDance|[from] ability: Drizzle|[of] p1a: Pelipper
|move|p2a: Sandaconda|Earthquake|p1a: Pelipper
|-immune|p1a: Pelipper
|
|-weather|RainDance|[upkeep]
|-heal|p2a: Sandaconda|49/100|[from] item: Leftovers
|upkeep
|turn|13
|
|move|p2a: Sandaconda|Glare|p1a: Pelipper
|-status|p1a: Pelipper|par
|move|p1a: Pelipper|Scald|p2a: Sandaconda
|-supereffective|p2a: Sandaconda
|-damage|p2a: Sandaconda|0 fnt
|faint|p2a: Sandaconda
|
|-weather|RainDance|[upkeep]
|upkeep
|
|switch|p2a: Toxtricity|Toxtricity, F|100/100
|-damage|p2a: Toxtricity|88/100|[from] Stealth Rock
|-damage|p2a: Toxtricity|76/100|[from] Spikes
|turn|14
|
|switch|p1a: Aegislash|Aegislash, M|100/100
|-damage|p1a: Aegislash|94/100|[from] Stealth Rock
|move|p2a: Toxtricity|Boomburst|p1a: Aegislash
|-immune|p1a: Aegislash
|
|-weather|RainDance|[upkeep]
|upkeep
|turn|15
|
|switch|p2a: Rotom|Rotom-Mow|28/100 brn
|-damage|p2a: Rotom|16/100 brn|[from] Stealth Rock
|-formechange|p1a: Aegislash|Aegislash-Blade||[from] ability: Stance Change
|move|p1a: Aegislash|Flash Cannon|p2a: Rotom
|-resisted|p2a: Rotom
|-damage|p2a: Rotom|0 fnt
|faint|p2a: Rotom
|
|-weather|RainDance|[upkeep]
|upkeep
|
|switch|p2a: Dragapult|Dragapult, F|88/100
|-damage|p2a: Dragapult|76/100|[from] Stealth Rock
|-damage|p2a: Dragapult|64/100|[from] Spikes
|turn|16
|
|switch|p1a: Ferrothorn|Ferrothorn, F|31/100 par
|-damage|p1a: Ferrothorn|25/100 par|[from] Stealth Rock
|move|p2a: Dragapult|Shadow Ball|p1a: Ferrothorn
|-damage|p1a: Ferrothorn|0 fnt
|faint|p1a: Ferrothorn
|
|-weather|RainDance|[upkeep]
|upkeep
|
|switch|p1a: Dracovish|Dracovish|100/100
|-damage|p1a: Dracovish|88/100|[from] Stealth Rock
|turn|17
|
|switch|p2a: Grimmsnarl|Grimmsnarl, M|100/100
|-damage|p2a: Grimmsnarl|88/100|[from] Stealth Rock
|-damage|p2a: Grimmsnarl|76/100|[from] Spikes
|move|p1a: Dracovish|Fishious Rend|p2a: Grimmsnarl
|-damage|p2a: Grimmsnarl|0 fnt
|faint|p2a: Grimmsnarl
|
|-weather|RainDance|[upkeep]
|upkeep
|
|switch|p2a: Dracovish|Dracovish|100/100
|-damage|p2a: Dracovish|88/100|[from] Spikes
|-damage|p2a: Dracovish|76/100|[from] Stealth Rock
|turn|18
|
|switch|p1a: Corviknight|Corviknight, M|100/100
|-damage|p1a: Corviknight|88/100|[from] Stealth Rock
|move|p2a: Dracovish|Crunch|p1a: Corviknight
|-damage|p1a: Corviknight|57/100
|
|-weather|RainDance|[upkeep]
|-heal|p1a: Corviknight|64/100|[from] item: Leftovers
|upkeep
|turn|19
|
|switch|p2a: Toxtricity|Toxtricity, F|76/100
|-damage|p2a: Toxtricity|63/100|[from] Stealth Rock
|-damage|p2a: Toxtricity|51/100|[from] Spikes
|move|p1a: Corviknight|U-turn|p2a: Toxtricity
|-resisted|p2a: Toxtricity
|-damage|p2a: Toxtricity|41/100
|
|switch|p1a: Seismitoad|Seismitoad, F|67/100|[from]move: U-turn
|-damage|p1a: Seismitoad|61/100|[from] Stealth Rock
|
|-weather|none
|-heal|p1a: Seismitoad|67/100|[from] item: Leftovers
|upkeep
|turn|20
|
|move|p1a: Seismitoad|Protect|p1a: Seismitoad
|-singleturn|p1a: Seismitoad|Protect
|move|p2a: Toxtricity|Snarl|p1a: Seismitoad
|-activate|p1a: Seismitoad|move: Protect
|
|-heal|p1a: Seismitoad|73/100|[from] item: Leftovers
|upkeep
|turn|21
|
|move|p2a: Toxtricity|Snarl|p1a: Seismitoad
|-damage|p1a: Seismitoad|33/100
|-unboost|p1a: Seismitoad|spa|1
|move|p1a: Seismitoad|Earthquake|p2a: Toxtricity
|-supereffective|p2a: Toxtricity
|-damage|p2a: Toxtricity|0 fnt
|faint|p2a: Toxtricity
|
|-heal|p1a: Seismitoad|39/100|[from] item: Leftovers
|upkeep
|
|switch|p2a: Dragapult|Dragapult, F|64/100
|-damage|p2a: Dragapult|51/100|[from] Stealth Rock
|-damage|p2a: Dragapult|39/100|[from] Spikes
|turn|22
|
|move|p1a: Seismitoad|Protect|p1a: Seismitoad
|-singleturn|p1a: Seismitoad|Protect
|move|p2a: Dragapult|Shadow Ball|p1a: Seismitoad
|-activate|p1a: Seismitoad|move: Protect
|
|-heal|p1a: Seismitoad|45/100|[from] item: Leftovers
|upkeep
|turn|23
|inactive|thegreatboris has 120 seconds left.
|
|switch|p1a: Dracovish|Dracovish|88/100
|-damage|p1a: Dracovish|76/100|[from] Stealth Rock
|move|p2a: Dragapult|Shadow Ball|p1a: Dracovish
|-damage|p1a: Dracovish|13/100
|
|upkeep
|turn|24
|
|move|p2a: Dragapult|Shadow Ball|p1a: Dracovish
|-damage|p1a: Dracovish|0 fnt
|faint|p1a: Dracovish
|
|upkeep
|
|switch|p1a: Pelipper|Pelipper, F|75/100 par
|-damage|p1a: Pelipper|50/100 par|[from] Stealth Rock
|-weather|RainDance|[from] ability: Drizzle|[of] p1a: Pelipper
|turn|25
|
|move|p2a: Dragapult|Shadow Ball|p1a: Pelipper
|-damage|p1a: Pelipper|0 fnt
|faint|p1a: Pelipper
|
|-weather|RainDance|[upkeep]
|upkeep
|
|switch|p1a: Corviknight|Corviknight, M|64/100
|-damage|p1a: Corviknight|51/100|[from] Stealth Rock
|turn|26
|
|move|p2a: Dragapult|Shadow Ball|p1a: Corviknight
|-damage|p1a: Corviknight|4/100
|move|p1a: Corviknight|Brave Bird|p2a: Dragapult
|-damage|p2a: Dragapult|0 fnt
|-damage|p1a: Corviknight|0 fnt|[from] Recoil
|faint|p2a: Dragapult
|faint|p1a: Corviknight
|
|-weather|RainDance|[upkeep]
|upkeep
|
|switch|p2a: Dracovish|Dracovish|76/100
|switch|p1a: Seismitoad|Seismitoad, F|45/100
|-damage|p2a: Dracovish|63/100|[from] Spikes
|-damage|p2a: Dracovish|51/100|[from] Stealth Rock
|-damage|p1a: Seismitoad|39/100|[from] Stealth Rock
|turn|27
|
|move|p1a: Seismitoad|Protect|p1a: Seismitoad
|-singleturn|p1a: Seismitoad|Protect
|move|p2a: Dracovish|Crunch|p1a: Seismitoad
|-activate|p1a: Seismitoad|move: Protect
|
|-weather|RainDance|[upkeep]
|-heal|p1a: Seismitoad|45/100|[from] item: Leftovers
|upkeep
|turn|28
|
|move|p2a: Dracovish|Crunch|p1a: Seismitoad
|-damage|p1a: Seismitoad|8/100
|move|p1a: Seismitoad|Earthquake|p2a: Dracovish
|-damage|p2a: Dracovish|19/100
|
|-weather|RainDance|[upkeep]
|-heal|p1a: Seismitoad|14/100|[from] item: Leftovers
|upkeep
|turn|29
|
|move|p2a: Dracovish|Crunch|p1a: Seismitoad
|-damage|p1a: Seismitoad|0 fnt
|faint|p1a: Seismitoad
|
|-weather|RainDance|[upkeep]
|upkeep
|
|switch|p1a: Aegislash|Aegislash, M|94/100
|-damage|p1a: Aegislash|88/100|[from] Stealth Rock
|turn|30
|
|move|p2a: Dracovish|Crunch|p1a: Aegislash
|-supereffective|p1a: Aegislash
|-damage|p1a: Aegislash|0 fnt
|faint|p1a: Aegislash
|
|win|Sinead's Hairline
|l|☆thegreatboris
