|ScrapeTime|2020-01-01-23:56:41
|j|☆Kosuke91
|j|☆ferroshit
|player|p1|Kosuke91|alder|1144
|player|p2|ferroshit|steven|1097
|teamsize|p1|6
|teamsize|p2|6
|gametype|singles
|gen|8
|tier|[Gen 8] OU
|rated|
|rule|Sleep Clause Mod: Limit one foe put to sleep
|rule|Species Clause: Limit one of each Pokémon
|rule|OHKO Clause: OHKO moves are banned
|rule|Evasion Moves Clause: Evasion moves are banned
|rule|Endless Battle Clause: Forcing endless battles is banned
|rule|HP Percentage Mod: HP is shown in percentages
|clearpoke
|poke|p1|Torkoal, F|
|poke|p1|Shiftry, F|
|poke|p1|Arcanine, M|
|poke|p1|Quagsire, M|
|poke|p1|Cinderace, M|
|poke|p1|Hydreigon, F|
|poke|p2|Dracovish|
|poke|p2|Excadrill, F|
|poke|p2|Dracozolt|
|poke|p2|Pelipper, F|
|poke|p2|Barraskewda, M|
|poke|p2|Ludicolo, F|
|rule|Dynamax Clause: You cannot dynamax
|teampreview
|inactive|Battle timer is ON: inactive players will automatically lose when time's up. (requested by ferroshit)
|
|start
|switch|p1a: Arcanine|Arcanine, M|100/100
|switch|p2a: Pelipper|Pelipper, F|100/100
|-ability|p1a: Arcanine|Intimidate|boost
|-unboost|p2a: Pelipper|atk|1
|-weather|RainDance|[from] ability: Drizzle|[of] p2a: Pelipper
|turn|1
|
|move|p1a: Arcanine|Wild Charge|p2a: Pelipper
|-supereffective|p2a: Pelipper
|-damage|p2a: Pelipper|0 fnt
|-damage|p1a: Arcanine|75/100|[from] Recoil
|faint|p2a: Pelipper
|
|-weather|RainDance|[upkeep]
|upkeep
|
|switch|p2a: Dracozolt|Dracozolt|100/100
|turn|2
|
|switch|p1a: Quagsire|Quagsire, M|100/100
|switch|p2a: Ludicolo|Ludicolo, F|100/100
|
|-weather|RainDance|[upkeep]
|upkeep
|turn|3
|
|move|p2a: Ludicolo|Giga Drain|p1a: Quagsire
|-supereffective|p1a: Quagsire
|-damage|p1a: Quagsire|0 fnt
|faint|p1a: Quagsire
|
|-weather|RainDance|[upkeep]
|upkeep
|
|switch|p1a: Torkoal|Torkoal, F|100/100
|-weather|SunnyDay|[from] ability: Drought|[of] p1a: Torkoal
|turn|4
|
|move|p2a: Ludicolo|Hydro Pump|p1a: Torkoal
|-supereffective|p1a: Torkoal
|-damage|p1a: Torkoal|38/100
|move|p1a: Torkoal|Stealth Rock|p2a: Ludicolo
|-sidestart|p2: ferroshit|move: Stealth Rock
|
|-weather|SunnyDay|[upkeep]
|upkeep
|turn|5
|
|switch|p1a: Arcanine|Arcanine, M|75/100
|-ability|p1a: Arcanine|Intimidate|boost
|-unboost|p2a: Ludicolo|atk|1
|move|p2a: Ludicolo|Hydro Pump|p1a: Arcanine
|-supereffective|p1a: Arcanine
|-damage|p1a: Arcanine|11/100
|
|-weather|SunnyDay|[upkeep]
|upkeep
|turn|6
|
|move|p1a: Arcanine|Flare Blitz|p2a: Ludicolo
|-crit|p2a: Ludicolo
|-damage|p2a: Ludicolo|0 fnt
|-damage|p1a: Arcanine|0 fnt|[from] Recoil
|faint|p2a: Ludicolo
|faint|p1a: Arcanine
|
|-weather|SunnyDay|[upkeep]
|upkeep
|
|switch|p1a: Cinderace|Cinderace, M|100/100
|switch|p2a: Barraskewda|Barraskewda, M|100/100
|-damage|p2a: Barraskewda|88/100|[from] Stealth Rock
|turn|7
|inactive|Kosuke91 has 120 seconds left.
|
|switch|p1a: Hydreigon|Hydreigon, F|100/100
|move|p2a: Barraskewda|Liquidation|p1a: Hydreigon
|-resisted|p1a: Hydreigon
|-damage|p1a: Hydreigon|83/100
|-damage|p2a: Barraskewda|78/100|[from] item: Life Orb
|
|-weather|SunnyDay|[upkeep]
|upkeep
|turn|8
|inactive|Kosuke91 has 120 seconds left.
|
|switch|p1a: Cinderace|Cinderace, M|100/100
|move|p2a: Barraskewda|Close Combat|p1a: Cinderace
|-damage|p1a: Cinderace|14/100
|-unboost|p2a: Barraskewda|def|1
|-unboost|p2a: Barraskewda|spd|1
|-damage|p2a: Barraskewda|69/100|[from] item: Life Orb
|
|-weather|SunnyDay|[upkeep]
|upkeep
|turn|9
|inactive|Kosuke91 has 120 seconds left.
|
|move|p1a: Cinderace|Sucker Punch|p2a: Barraskewda
|-crit|p2a: Barraskewda
|-damage|p2a: Barraskewda|0 fnt
|faint|p2a: Barraskewda
|
|-weather|SunnyDay|[upkeep]
|upkeep
|
|switch|p2a: Dracozolt|Dracozolt|100/100
|-damage|p2a: Dracozolt|88/100|[from] Stealth Rock
|turn|10
|
|switch|p1a: Hydreigon|Hydreigon, F|83/100
|move|p2a: Dracozolt|Bolt Beak|p1a: Hydreigon
|-resisted|p1a: Hydreigon
|-damage|p1a: Hydreigon|0 fnt
|-damage|p2a: Dracozolt|78/100|[from] item: Life Orb
|faint|p1a: Hydreigon
|
|-weather|SunnyDay|[upkeep]
|upkeep
|
|switch|p1a: Cinderace|Cinderace, M|14/100
|turn|11
|
|move|p1a: Cinderace|U-turn|p2a: Dracozolt
|-damage|p2a: Dracozolt|39/100
|
|switch|p1a: Torkoal|Torkoal, F|38/100|[from]move: U-turn
|move|p2a: Dracozolt|Earthquake|p1a: Torkoal
|-supereffective|p1a: Torkoal
|-damage|p1a: Torkoal|0 fnt
|-damage|p2a: Dracozolt|29/100|[from] item: Life Orb
|faint|p1a: Torkoal
|
|-weather|none
|upkeep
|inactive|Kosuke91 has 120 seconds left.
|
|switch|p1a: Cinderace|Cinderace, M|14/100
|turn|12
|
|move|p1a: Cinderace|U-turn|p2a: Dracozolt
|-damage|p2a: Dracozolt|0 fnt
|faint|p2a: Dracozolt
|
|switch|p1a: Shiftry|Shiftry, F|100/100|[from]move: U-turn
|
|upkeep
|
|switch|p2a: He bites|Dracovish, shiny|100/100
|-damage|p2a: He bites|88/100|[from] Stealth Rock
|turn|13
|
|move|p1a: Shiftry|Sucker Punch|p2a: He bites
|-damage|p2a: He bites|39/100
|-damage|p1a: Shiftry|91/100|[from] item: Life Orb
|move|p2a: He bites|Outrage|p1a: Shiftry
|-damage|p1a: Shiftry|0 fnt
|faint|p1a: Shiftry
|
|upkeep
|
|switch|p1a: Cinderace|Cinderace, M|14/100
|turn|14
|
|move|p1a: Cinderace|High Jump Kick|p2a: He bites
|-damage|p2a: He bites|0 fnt
|faint|p2a: He bites
|
|upkeep
|
|switch|p2a: Excadrill|Excadrill, F|100/100
|-damage|p2a: Excadrill|97/100|[from] Stealth Rock
|turn|15
|
|move|p1a: Cinderace|High Jump Kick|p2a: Excadrill
|-supereffective|p2a: Excadrill
|-crit|p2a: Excadrill
|-damage|p2a: Excadrill|0 fnt
|faint|p2a: Excadrill
|
|win|Kosuke91
|l|☆ferroshit
|raw|Kosuke91's rating: 1144 → 1168(+24 for winning)
|raw|ferroshit's rating: 1122 → 1099(-23 for losing)
