|ScrapeTime|2020-01-02-03:05:39
|j|☆Brawndo Berry
|j|☆Kingdra
|player|p1|Brawndo Berry|veteran|1220
|player|p2|Kingdra|101|1264
|teamsize|p1|6
|teamsize|p2|6
|gametype|singles
|gen|8
|tier|[Gen 8] OU
|rated|
|rule|Sleep Clause Mod: Limit one foe put to sleep
|rule|Species Clause: Limit one of each Pokémon
|rule|OHKO Clause: OHKO moves are banned
|rule|Evasion Moves Clause: Evasion moves are banned
|rule|Endless Battle Clause: Forcing endless battles is banned
|rule|HP Percentage Mod: HP is shown in percentages
|clearpoke
|poke|p1|Vanilluxe, F|
|poke|p1|Avalugg, F|
|poke|p1|Glaceon, M|
|poke|p1|Clefable, F|
|poke|p1|Cloyster, M|
|poke|p1|Sigilyph, F|
|poke|p2|Hydreigon, F|
|poke|p2|Clefable, F|
|poke|p2|Seismitoad, F|
|poke|p2|Ditto|
|poke|p2|Mandibuzz, F|
|poke|p2|Dracovish|
|rule|Dynamax Clause: You cannot dynamax
|teampreview
|
|start
|switch|p1a: Sigilyph|Sigilyph, F|100/100
|switch|p2a: Seismitoad|Seismitoad, F|100/100
|turn|1
|inactive|Battle timer is ON: inactive players will automatically lose when time's up. (requested by Kingdra)
|
|move|p1a: Sigilyph|Cosmic Power|p1a: Sigilyph
|-boost|p1a: Sigilyph|def|1
|-boost|p1a: Sigilyph|spd|1
|move|p2a: Seismitoad|Stealth Rock|p1a: Sigilyph
|-sidestart|p1: Brawndo Berry|move: Stealth Rock
|
|upkeep
|turn|2
|
|switch|p2a: Mandibuzz|Mandibuzz, F|100/100
|move|p1a: Sigilyph|Cosmic Power|p1a: Sigilyph
|-boost|p1a: Sigilyph|def|1
|-boost|p1a: Sigilyph|spd|1
|
|upkeep
|turn|3
|
|move|p1a: Sigilyph|Cosmic Power|p1a: Sigilyph
|-boost|p1a: Sigilyph|def|1
|-boost|p1a: Sigilyph|spd|1
|move|p2a: Mandibuzz|Knock Off|p1a: Sigilyph
|-supereffective|p1a: Sigilyph
|-damage|p1a: Sigilyph|79/100
|-enditem|p1a: Sigilyph|Weakness Policy
|-boost|p1a: Sigilyph|atk|2
|-boost|p1a: Sigilyph|spa|2
|
|upkeep
|turn|4
|
|move|p1a: Sigilyph|Heat Wave|p2a: Mandibuzz
|-damage|p2a: Mandibuzz|78/100
|move|p2a: Mandibuzz|U-turn|p1a: Sigilyph
|-damage|p1a: Sigilyph|74/100
|
|switch|p2a: Hydreigon|Hydreigon, F|100/100|[from]move: U-turn
|
|upkeep
|turn|5
|
|move|p2a: Hydreigon|Substitute|p2a: Hydreigon
|-start|p2a: Hydreigon|Substitute
|-damage|p2a: Hydreigon|76/100
|move|p1a: Sigilyph|Heat Wave|p2a: Hydreigon
|-resisted|p2a: Hydreigon
|-activate|p2a: Hydreigon|move: Substitute|[damage]
|
|-heal|p2a: Hydreigon|82/100|[from] item: Leftovers
|upkeep
|turn|6
|
|move|p2a: Hydreigon|Nasty Plot|p2a: Hydreigon
|-boost|p2a: Hydreigon|spa|2
|move|p1a: Sigilyph|Heat Wave|p2a: Hydreigon
|-resisted|p2a: Hydreigon
|-end|p2a: Hydreigon|Substitute
|
|-heal|p2a: Hydreigon|88/100|[from] item: Leftovers
|upkeep
|turn|7
|
|move|p2a: Hydreigon|Dark Pulse|p1a: Sigilyph
|-supereffective|p1a: Sigilyph
|-damage|p1a: Sigilyph|0 fnt
|faint|p1a: Sigilyph
|
|-heal|p2a: Hydreigon|94/100|[from] item: Leftovers
|upkeep
|
|switch|p1a: Glaceon|Glaceon, M, shiny|100/100
|-damage|p1a: Glaceon|76/100|[from] Stealth Rock
|turn|8
|
|move|p2a: Hydreigon|Flash Cannon|p1a: Glaceon
|-supereffective|p1a: Glaceon
|-damage|p1a: Glaceon|0 fnt
|faint|p1a: Glaceon
|
|-heal|p2a: Hydreigon|99/100|[from] item: Leftovers
|upkeep
|
|switch|p1a: Vanilluxe|Vanilluxe, F, shiny|100/100
|-damage|p1a: Vanilluxe|75/100|[from] Stealth Rock
|-weather|Hail|[from] ability: Snow Warning|[of] p1a: Vanilluxe
|turn|9
|
|move|p1a: Vanilluxe|Blizzard|p2a: Hydreigon
|-supereffective|p2a: Hydreigon
|-damage|p2a: Hydreigon|0 fnt
|faint|p2a: Hydreigon
|
|-weather|Hail|[upkeep]
|upkeep
|
|switch|p2a: Clefable|Clefable, F|100/100
|turn|10
|
|move|p1a: Vanilluxe|Blizzard|p2a: Clefable
|-damage|p2a: Clefable|47/100
|-status|p2a: Clefable|frz
|-curestatus|p2a: Clefable|frz|[msg]
|move|p2a: Clefable|Flamethrower|p1a: Vanilluxe
|-supereffective|p1a: Vanilluxe
|-damage|p1a: Vanilluxe|0 fnt
|faint|p1a: Vanilluxe
|
|-weather|Hail|[upkeep]
|upkeep
|c|☆Brawndo Berry|:/
|c|☆Brawndo Berry|lmao
|
|switch|p1a: Cloyster|Cloyster, M, shiny|100/100
|-damage|p1a: Cloyster|75/100|[from] Stealth Rock
|turn|11
|
|move|p1a: Cloyster|Shell Smash|p1a: Cloyster
|-unboost|p1a: Cloyster|def|1
|-unboost|p1a: Cloyster|spd|1
|-boost|p1a: Cloyster|atk|2
|-boost|p1a: Cloyster|spa|2
|-boost|p1a: Cloyster|spe|2
|move|p2a: Clefable|Thunderbolt|p1a: Cloyster
|-supereffective|p1a: Cloyster
|-damage|p1a: Cloyster|0 fnt
|faint|p1a: Cloyster
|
|-weather|Hail|[upkeep]
|upkeep
|
|switch|p1a: Avalugg|Avalugg, F, shiny|100/100
|turn|12
|
|move|p2a: Clefable|Flamethrower|p1a: Avalugg
|-supereffective|p1a: Avalugg
|-damage|p1a: Avalugg|0 fnt
|faint|p1a: Avalugg
|
|-weather|Hail|[upkeep]
|upkeep
|
|switch|p1a: Clefable|Clefable, F, shiny|100/100
|turn|13
|
|move|p1a: Clefable|Draining Kiss|p2a: Clefable
|-damage|p2a: Clefable|14/100
|move|p2a: Clefable|Moonlight|p2a: Clefable
|-heal|p2a: Clefable|39/100
|
|-weather|none
|upkeep
|turn|14
|
|move|p1a: Clefable|Draining Kiss|p2a: Clefable
|-damage|p2a: Clefable|7/100
|move|p2a: Clefable|Moonblast|p1a: Clefable
|-damage|p1a: Clefable|34/100
|
|upkeep
|turn|15
|
|switch|p2a: Seismitoad|Seismitoad, F|100/100
|move|p1a: Clefable|Draining Kiss|p2a: Seismitoad
|-damage|p2a: Seismitoad|71/100
|-heal|p1a: Clefable|61/100|[from] drain|[of] p2a: Seismitoad
|
|-heal|p2a: Seismitoad|77/100|[from] item: Leftovers
|upkeep
|turn|16
|
|move|p1a: Clefable|Stealth Rock|p2a: Seismitoad
|-sidestart|p2: Kingdra|move: Stealth Rock
|move|p2a: Seismitoad|Earthquake|p1a: Clefable
|-damage|p1a: Clefable|19/100
|
|-heal|p2a: Seismitoad|83/100|[from] item: Leftovers
|upkeep
|turn|17
|
|move|p1a: Clefable|Draining Kiss|p2a: Seismitoad
|-damage|p2a: Seismitoad|52/100
|-heal|p1a: Clefable|48/100|[from] drain|[of] p2a: Seismitoad
|move|p2a: Seismitoad|Earthquake|p1a: Clefable
|-damage|p1a: Clefable|3/100
|
|-heal|p2a: Seismitoad|58/100|[from] item: Leftovers
|upkeep
|turn|18
|
|move|p1a: Clefable|Draining Kiss|p2a: Seismitoad
|-crit|p2a: Seismitoad
|-damage|p2a: Seismitoad|10/100
|-heal|p1a: Clefable|47/100|[from] drain|[of] p2a: Seismitoad
|move|p2a: Seismitoad|Earthquake|p1a: Clefable
|-damage|p1a: Clefable|7/100
|
|-heal|p2a: Seismitoad|16/100|[from] item: Leftovers
|upkeep
|turn|19
|
|move|p1a: Clefable|Draining Kiss|p2a: Seismitoad
|-damage|p2a: Seismitoad|0 fnt
|-heal|p1a: Clefable|21/100|[from] drain|[of] p2a: Seismitoad
|faint|p2a: Seismitoad
|
|upkeep
|
|switch|p2a: Ditto|Ditto|100/100
|-damage|p2a: Ditto|88/100|[from] Stealth Rock
|-transform|p2a: Ditto|p1a: Clefable|[from] ability: Imposter
|turn|20
|
|move|p2a: Ditto|Draining Kiss|p1a: Clefable
|-damage|p1a: Clefable|0 fnt
|-heal|p2a: Ditto|100/100|[from] drain|[of] p1a: Clefable
|faint|p1a: Clefable
|
|win|Kingdra
|l|☆Brawndo Berry
|raw|Brawndo Berry's rating: 1220 → 1198(-22 for losing)
|raw|Kingdra's rating: 1264 → 1286(+22 for winning)
