|ScrapeTime|2020-01-02-07:25:38
|j|☆Ye_Soul
|j|☆Celtis Laddering
|player|p1|Ye_Soul|237|1555
|player|p2|Celtis Laddering|151|1490
|teamsize|p1|6
|teamsize|p2|6
|gametype|singles
|gen|8
|tier|[Gen 8] OU
|rated|
|rule|Sleep Clause Mod: Limit one foe put to sleep
|rule|Species Clause: Limit one of each Pokémon
|rule|OHKO Clause: OHKO moves are banned
|rule|Evasion Moves Clause: Evasion moves are banned
|rule|Endless Battle Clause: Forcing endless battles is banned
|rule|HP Percentage Mod: HP is shown in percentages
|clearpoke
|poke|p1|Hydreigon, F|
|poke|p1|Dracovish|
|poke|p1|Corviknight, F|
|poke|p1|Clefable, F|
|poke|p1|Seismitoad, M|
|poke|p1|Rotom-Heat|
|poke|p2|Corviknight, M|
|poke|p2|Ferrothorn, F|
|poke|p2|Dragapult, M|
|poke|p2|Toxapex, M|
|poke|p2|Clefable, F|
|poke|p2|Rotom-Heat|
|rule|Dynamax Clause: You cannot dynamax
|teampreview
|
|start
|switch|p1a: Hydreigon|Hydreigon, F|100/100
|switch|p2a: Clefable|Clefable, F|100/100
|turn|1
|
|switch|p1a: Rotom|Rotom-Heat|100/100
|move|p2a: Clefable|Stealth Rock|p1a: Rotom
|-sidestart|p1: Ye_Soul|move: Stealth Rock
|
|upkeep
|turn|2
|
|move|p2a: Clefable|Protect|p2a: Clefable
|-singleturn|p2a: Clefable|Protect
|move|p1a: Rotom|Nasty Plot|p1a: Rotom
|-boost|p1a: Rotom|spa|2
|
|upkeep
|turn|3
|
|switch|p2a: Rotom|Rotom-Heat|100/100
|move|p1a: Rotom|Will-O-Wisp|p2a: Rotom
|-immune|p2a: Rotom
|
|upkeep
|turn|4
|
|move|p2a: Rotom|Volt Switch|p1a: Rotom
|-resisted|p1a: Rotom
|-damage|p1a: Rotom|91/100
|
|switch|p2a: Toxapex|Toxapex, M|100/100|[from]move: Volt Switch
|move|p1a: Rotom|Volt Switch|p2a: Toxapex
|-supereffective|p2a: Toxapex
|-damage|p2a: Toxapex|15/100
|
|switch|p1a: Dracovish|Dracovish|100/100|[from]move: Volt Switch
|-damage|p1a: Dracovish|88/100|[from] Stealth Rock
|
|-heal|p2a: Toxapex|21/100|[from] item: Black Sludge
|upkeep
|turn|5
|
|switch|p1a: Rotom|Rotom-Heat|91/100
|switch|p2a: Ferrothorn|Ferrothorn, F|100/100
|
|upkeep
|turn|6
|
|move|p1a: Rotom|Nasty Plot|p1a: Rotom
|-boost|p1a: Rotom|spa|2
|move|p2a: Ferrothorn|Leech Seed|p1a: Rotom
|-start|p1a: Rotom|move: Leech Seed
|
|-damage|p1a: Rotom|78/100|[from] Leech Seed|[of] p2a: Ferrothorn
|upkeep
|turn|7
|
|switch|p2a: Rotom|Rotom-Heat|100/100
|move|p1a: Rotom|Volt Switch|p2a: Rotom
|-resisted|p2a: Rotom
|-damage|p2a: Rotom|73/100
|
|switch|p1a: Hydreigon|Hydreigon, F|100/100|[from]move: Volt Switch
|-damage|p1a: Hydreigon|88/100|[from] Stealth Rock
|
|upkeep
|turn|8
|
|switch|p2a: Clefable|Clefable, F|100/100
|move|p1a: Hydreigon|Draco Meteor|p2a: Clefable
|-immune|p2a: Clefable
|
|upkeep
|turn|9
|
|switch|p1a: Rotom|Rotom-Heat|78/100
|move|p2a: Clefable|Moonblast|p1a: Rotom
|-resisted|p1a: Rotom
|-damage|p1a: Rotom|65/100
|
|upkeep
|turn|10
|
|switch|p2a: Rotom|Rotom-Heat|73/100
|move|p1a: Rotom|Overheat|p2a: Rotom|[miss]
|-miss|p1a: Rotom|p2a: Rotom
|
|upkeep
|turn|11
|
|move|p2a: Rotom|Nasty Plot|p2a: Rotom
|-boost|p2a: Rotom|spa|2
|move|p1a: Rotom|Volt Switch|p2a: Rotom
|-resisted|p2a: Rotom
|-damage|p2a: Rotom|59/100
|
|switch|p1a: Hydreigon|Hydreigon, F|88/100|[from]move: Volt Switch
|-damage|p1a: Hydreigon|76/100|[from] Stealth Rock
|
|upkeep
|turn|12
|
|switch|p2a: Clefable|Clefable, F|100/100
|move|p1a: Hydreigon|Draco Meteor|p2a: Clefable
|-immune|p2a: Clefable
|
|upkeep
|turn|13
|
|switch|p1a: Clefable|Clefable, F|100/100
|switch|p2a: Dragapult|Dragapult, M|100/100
|
|upkeep
|turn|14
|
|move|p2a: Dragapult|Substitute|p2a: Dragapult
|-start|p2a: Dragapult|Substitute
|-damage|p2a: Dragapult|76/100
|move|p1a: Clefable|Moonblast|p2a: Dragapult
|-supereffective|p2a: Dragapult
|-end|p2a: Dragapult|Substitute
|
|-heal|p2a: Dragapult|82/100|[from] item: Leftovers
|upkeep
|turn|15
|
|move|p2a: Dragapult|Disable|p1a: Clefable
|-start|p1a: Clefable|Disable|Moonblast
|cant|p1a: Clefable|Disable|Moonblast
|
|-heal|p2a: Dragapult|88/100|[from] item: Leftovers
|upkeep
|turn|16
|
|switch|p1a: Hydreigon|Hydreigon, F|76/100
|-damage|p1a: Hydreigon|64/100|[from] Stealth Rock
|move|p2a: Dragapult|Substitute|p2a: Dragapult
|-start|p2a: Dragapult|Substitute
|-damage|p2a: Dragapult|63/100
|
|-heal|p2a: Dragapult|69/100|[from] item: Leftovers
|upkeep
|turn|17
|
|move|p1a: Hydreigon|U-turn|p2a: Dragapult
|-resisted|p2a: Dragapult
|-activate|p2a: Dragapult|move: Substitute|[damage]
|
|switch|p1a: Corviknight|Corviknight, F|100/100|[from]move: U-turn
|-damage|p1a: Corviknight|88/100|[from] Stealth Rock
|move|p2a: Dragapult|Will-O-Wisp|p1a: Corviknight
|-status|p1a: Corviknight|brn
|
|-heal|p2a: Dragapult|75/100|[from] item: Leftovers
|-heal|p1a: Corviknight|94/100 brn|[from] item: Leftovers
|-damage|p1a: Corviknight|88/100 brn|[from] brn
|upkeep
|turn|18
|
|move|p2a: Dragapult|Hex|p1a: Corviknight
|-damage|p1a: Corviknight|47/100 brn
|move|p1a: Corviknight|U-turn|p2a: Dragapult
|-resisted|p2a: Dragapult
|-activate|p2a: Dragapult|move: Substitute|[damage]
|
|switch|p1a: Clefable|Clefable, F|100/100|[from]move: U-turn
|
|-heal|p2a: Dragapult|81/100|[from] item: Leftovers
|upkeep
|turn|19
|
|move|p2a: Dragapult|Will-O-Wisp|p1a: Clefable
|-status|p1a: Clefable|brn
|move|p1a: Clefable|Moonblast|p2a: Dragapult
|-supereffective|p2a: Dragapult
|-end|p2a: Dragapult|Substitute
|
|-heal|p2a: Dragapult|87/100|[from] item: Leftovers
|upkeep
|turn|20
|
|move|p2a: Dragapult|Substitute|p2a: Dragapult
|-start|p2a: Dragapult|Substitute
|-damage|p2a: Dragapult|62/100
|move|p1a: Clefable|Wish|p1a: Clefable
|
|-heal|p2a: Dragapult|68/100|[from] item: Leftovers
|upkeep
|turn|21
|
|move|p2a: Dragapult|Hex|p1a: Clefable
|-damage|p1a: Clefable|63/100 brn
|move|p1a: Clefable|Moonblast|p2a: Dragapult
|-supereffective|p2a: Dragapult
|-end|p2a: Dragapult|Substitute
|
|-heal|p1a: Clefable|100/100 brn|[from] move: Wish|[wisher] Clefable
|-heal|p2a: Dragapult|75/100|[from] item: Leftovers
|upkeep
|turn|22
|
|move|p2a: Dragapult|Substitute|p2a: Dragapult
|-start|p2a: Dragapult|Substitute
|-damage|p2a: Dragapult|50/100
|move|p1a: Clefable|Moonblast|p2a: Dragapult
|-supereffective|p2a: Dragapult
|-end|p2a: Dragapult|Substitute
|
|-heal|p2a: Dragapult|56/100|[from] item: Leftovers
|upkeep
|turn|23
|
|move|p2a: Dragapult|Disable|p1a: Clefable
|-start|p1a: Clefable|Disable|Moonblast
|move|p1a: Clefable|Aromatherapy|p1a: Clefable
|-activate|p1a: Clefable|move: Aromatherapy
|-curestatus|p1a: Clefable|brn|[msg]
|-curestatus|p1: Corviknight|brn|[msg]
|
|-heal|p2a: Dragapult|62/100|[from] item: Leftovers
|upkeep
|turn|24
|
|switch|p2a: Rotom|Rotom-Heat|59/100
|move|p1a: Clefable|Wish|p1a: Clefable
|
|upkeep
|turn|25
|
|switch|p1a: Rotom|Rotom-Heat|65/100
|move|p2a: Rotom|Volt Switch|p1a: Rotom
|-resisted|p1a: Rotom
|-damage|p1a: Rotom|55/100
|
|switch|p2a: Toxapex|Toxapex, M|54/100|[from]move: Volt Switch
|
|-heal|p1a: Rotom|100/100|[from] move: Wish|[wisher] Clefable
|-heal|p2a: Toxapex|61/100|[from] item: Black Sludge
|upkeep
|turn|26
|
|switch|p2a: Clefable|Clefable, F|100/100
|move|p1a: Rotom|Nasty Plot|p1a: Rotom
|-boost|p1a: Rotom|spa|2
|
|upkeep
|turn|27
|
|move|p1a: Rotom|Nasty Plot|p1a: Rotom
|-boost|p1a: Rotom|spa|2
|move|p2a: Clefable|Wish|p2a: Clefable
|
|upkeep
|turn|28
|
|switch|p2a: Rotom|Rotom-Heat|59/100
|move|p1a: Rotom|Nasty Plot|p1a: Rotom
|-boost|p1a: Rotom|spa|2
|
|-heal|p2a: Rotom|100/100|[from] move: Wish|[wisher] Clefable
|upkeep
|turn|29
|
|move|p2a: Rotom|Nasty Plot|p2a: Rotom
|-boost|p2a: Rotom|spa|2
|move|p1a: Rotom|Overheat|p2a: Rotom
|-resisted|p2a: Rotom
|-damage|p2a: Rotom|0 fnt
|-unboost|p1a: Rotom|spa|2
|faint|p2a: Rotom
|
|upkeep
|
|switch|p2a: Toxapex|Toxapex, M|94/100
|turn|30
|
|switch|p2a: Ferrothorn|Ferrothorn, F|100/100
|move|p1a: Rotom|Volt Switch|p2a: Ferrothorn
|-resisted|p2a: Ferrothorn
|-crit|p2a: Ferrothorn
|-damage|p2a: Ferrothorn|54/100
|
|switch|p1a: Corviknight|Corviknight, F|47/100|[from]move: Volt Switch
|-damage|p1a: Corviknight|35/100|[from] Stealth Rock
|
|-heal|p1a: Corviknight|41/100|[from] item: Leftovers
|-heal|p2a: Ferrothorn|61/100|[from] item: Leftovers
|upkeep
|turn|31
|
|move|p1a: Corviknight|Defog|p2a: Ferrothorn
|-unboost|p2a: Ferrothorn|evasion|1
|-sideend|p1: Ye_Soul|Stealth Rock|[from] move: Defog|[of] p1a: Corviknight
|move|p2a: Ferrothorn|Knock Off|p1a: Corviknight
|-damage|p1a: Corviknight|25/100
|-enditem|p1a: Corviknight|Leftovers|[from] move: Knock Off|[of] p2a: Ferrothorn
|
|-heal|p2a: Ferrothorn|67/100|[from] item: Leftovers
|upkeep
|turn|32
|
|move|p1a: Corviknight|Roost|p1a: Corviknight
|-heal|p1a: Corviknight|75/100
|-singleturn|p1a: Corviknight|move: Roost
|move|p2a: Ferrothorn|Leech Seed|p1a: Corviknight
|-start|p1a: Corviknight|move: Leech Seed
|
|-heal|p2a: Ferrothorn|73/100|[from] item: Leftovers
|-damage|p1a: Corviknight|62/100|[from] Leech Seed|[of] p2a: Ferrothorn
|-heal|p2a: Ferrothorn|87/100|[silent]
|upkeep
|turn|33
|
|switch|p1a: Rotom|Rotom-Heat|100/100
|move|p2a: Ferrothorn|Leech Seed|p1a: Rotom
|-start|p1a: Rotom|move: Leech Seed
|
|-heal|p2a: Ferrothorn|94/100|[from] item: Leftovers
|-damage|p1a: Rotom|88/100|[from] Leech Seed|[of] p2a: Ferrothorn
|-heal|p2a: Ferrothorn|100/100|[silent]
|upkeep
|turn|34
|
|switch|p2a: Dragapult|Dragapult, M|62/100
|move|p1a: Rotom|Nasty Plot|p1a: Rotom
|-boost|p1a: Rotom|spa|2
|
|-heal|p2a: Dragapult|68/100|[from] item: Leftovers
|-damage|p1a: Rotom|75/100|[from] Leech Seed|[of] p2a: Dragapult
|-heal|p2a: Dragapult|79/100|[silent]
|upkeep
|turn|35
|
|move|p2a: Dragapult|Substitute|p2a: Dragapult
|-start|p2a: Dragapult|Substitute
|-damage|p2a: Dragapult|55/100
|move|p1a: Rotom|Overheat|p2a: Dragapult
|-resisted|p2a: Dragapult
|-end|p2a: Dragapult|Substitute
|-unboost|p1a: Rotom|spa|2
|
|-heal|p2a: Dragapult|61/100|[from] item: Leftovers
|-damage|p1a: Rotom|63/100|[from] Leech Seed|[of] p2a: Dragapult
|-heal|p2a: Dragapult|72/100|[silent]
|upkeep
|turn|36
|
|move|p2a: Dragapult|Substitute|p2a: Dragapult
|-start|p2a: Dragapult|Substitute
|-damage|p2a: Dragapult|47/100
|move|p1a: Rotom|Volt Switch|p2a: Dragapult
|-resisted|p2a: Dragapult
|-activate|p2a: Dragapult|move: Substitute|[damage]
|
|switch|p1a: Clefable|Clefable, F|100/100|[from]move: Volt Switch
|
|-heal|p2a: Dragapult|53/100|[from] item: Leftovers
|upkeep
|turn|37
|
|move|p2a: Dragapult|Will-O-Wisp|p1a: Clefable
|-status|p1a: Clefable|brn
|move|p1a: Clefable|Moonblast|p2a: Dragapult
|-supereffective|p2a: Dragapult
|-end|p2a: Dragapult|Substitute
|
|-heal|p2a: Dragapult|59/100|[from] item: Leftovers
|upkeep
|turn|38
|
|switch|p1a: Hydreigon|Hydreigon, F|64/100
|move|p2a: Dragapult|Substitute|p2a: Dragapult
|-start|p2a: Dragapult|Substitute
|-damage|p2a: Dragapult|35/100
|
|-heal|p2a: Dragapult|41/100|[from] item: Leftovers
|upkeep
|turn|39
|
|move|p1a: Hydreigon|U-turn|p2a: Dragapult
|-resisted|p2a: Dragapult
|-activate|p2a: Dragapult|move: Substitute|[damage]
|
|switch|p1a: Corviknight|Corviknight, F|62/100|[from]move: U-turn
|move|p2a: Dragapult|Substitute|p2a: Dragapult
|-fail|p2a: Dragapult|move: Substitute
|
|-heal|p2a: Dragapult|47/100|[from] item: Leftovers
|upkeep
|turn|40
|
|move|p2a: Dragapult|Hex|p1a: Corviknight
|-damage|p1a: Corviknight|43/100
|move|p1a: Corviknight|Brave Bird|p2a: Dragapult
|-end|p2a: Dragapult|Substitute
|-damage|p1a: Corviknight|39/100|[from] Recoil|[of] p2a: Dragapult
|
|-heal|p2a: Dragapult|53/100|[from] item: Leftovers
|upkeep
|turn|41
|
|move|p2a: Dragapult|Will-O-Wisp|p1a: Corviknight
|-status|p1a: Corviknight|brn
|move|p1a: Corviknight|Brave Bird|p2a: Dragapult
|-damage|p2a: Dragapult|31/100
|-damage|p1a: Corviknight|33/100 brn|[from] Recoil
|
|-heal|p2a: Dragapult|37/100|[from] item: Leftovers
|-damage|p1a: Corviknight|26/100 brn|[from] brn
|upkeep
|turn|42
|
|move|p2a: Dragapult|Hex|p1a: Corviknight
|-damage|p1a: Corviknight|0 fnt
|faint|p1a: Corviknight
|
|-heal|p2a: Dragapult|43/100|[from] item: Leftovers
|upkeep
|
|switch|p1a: Clefable|Clefable, F|100/100 brn
|turn|43
|
|switch|p2a: Clefable|Clefable, F|100/100
|move|p1a: Clefable|Moonblast|p2a: Clefable
|-damage|p2a: Clefable|77/100
|-unboost|p2a: Clefable|spa|1
|
|-heal|p2a: Clefable|83/100|[from] item: Leftovers
|upkeep
|turn|44
|
|move|p2a: Clefable|Stealth Rock|p1a: Clefable
|-sidestart|p1: Ye_Soul|move: Stealth Rock
|move|p1a: Clefable|Wish|p1a: Clefable
|
|-heal|p2a: Clefable|90/100|[from] item: Leftovers
|upkeep
|turn|45
|
|switch|p1a: Rotom|Rotom-Heat|63/100
|move|p2a: Clefable|Wish|p2a: Clefable
|
|-heal|p1a: Rotom|100/100|[from] move: Wish|[wisher] Clefable
|-heal|p2a: Clefable|96/100|[from] item: Leftovers
|upkeep
|turn|46
|
|switch|p2a: Dragapult|Dragapult, M|43/100
|move|p1a: Rotom|Nasty Plot|p1a: Rotom
|-boost|p1a: Rotom|spa|2
|
|-heal|p2a: Dragapult|100/100|[from] move: Wish|[wisher] Clefable
|upkeep
|turn|47
|
|move|p2a: Dragapult|Substitute|p2a: Dragapult
|-start|p2a: Dragapult|Substitute
|-damage|p2a: Dragapult|76/100
|move|p1a: Rotom|Nasty Plot|p1a: Rotom
|-boost|p1a: Rotom|spa|2
|
|-heal|p2a: Dragapult|82/100|[from] item: Leftovers
|upkeep
|turn|48
|
|move|p2a: Dragapult|Hex|p1a: Rotom
|-damage|p1a: Rotom|78/100
|move|p1a: Rotom|Nasty Plot|p1a: Rotom
|-boost|p1a: Rotom|spa|2
|
|-heal|p2a: Dragapult|88/100|[from] item: Leftovers
|upkeep
|turn|49
|
|move|p2a: Dragapult|Hex|p1a: Rotom
|-damage|p1a: Rotom|55/100
|move|p1a: Rotom|Overheat|p2a: Dragapult
|-resisted|p2a: Dragapult
|-end|p2a: Dragapult|Substitute
|-unboost|p1a: Rotom|spa|2
|
|-heal|p2a: Dragapult|94/100|[from] item: Leftovers
|upkeep
|turn|50
|
|move|p2a: Dragapult|Substitute|p2a: Dragapult
|-start|p2a: Dragapult|Substitute
|-damage|p2a: Dragapult|69/100
|move|p1a: Rotom|Overheat|p2a: Dragapult
|-resisted|p2a: Dragapult
|-end|p2a: Dragapult|Substitute
|-unboost|p1a: Rotom|spa|2
|
|-heal|p2a: Dragapult|75/100|[from] item: Leftovers
|upkeep
|turn|51
|
|move|p2a: Dragapult|Substitute|p2a: Dragapult
|-start|p2a: Dragapult|Substitute
|-damage|p2a: Dragapult|50/100
|move|p1a: Rotom|Overheat|p2a: Dragapult
|-resisted|p2a: Dragapult
|-end|p2a: Dragapult|Substitute
|-unboost|p1a: Rotom|spa|2
|
|-heal|p2a: Dragapult|56/100|[from] item: Leftovers
|upkeep
|turn|52
|
|move|p2a: Dragapult|Substitute|p2a: Dragapult
|-start|p2a: Dragapult|Substitute
|-damage|p2a: Dragapult|32/100
|move|p1a: Rotom|Nasty Plot|p1a: Rotom
|-boost|p1a: Rotom|spa|2
|
|-heal|p2a: Dragapult|38/100|[from] item: Leftovers
|upkeep
|turn|53
|
|move|p2a: Dragapult|Hex|p1a: Rotom
|-damage|p1a: Rotom|35/100
|move|p1a: Rotom|Volt Switch|p2a: Dragapult
|-resisted|p2a: Dragapult
|-end|p2a: Dragapult|Substitute
|
|switch|p1a: Clefable|Clefable, F|100/100 brn|[from]move: Volt Switch
|
|-heal|p2a: Dragapult|44/100|[from] item: Leftovers
|upkeep
|turn|54
|
|switch|p2a: Ferrothorn|Ferrothorn, F|100/100
|move|p1a: Clefable|Wish|p1a: Clefable
|
|upkeep
|turn|55
|
|switch|p1a: Rotom|Rotom-Heat|35/100
|move|p2a: Ferrothorn|Knock Off|p1a: Rotom
|-damage|p1a: Rotom|12/100
|-enditem|p1a: Rotom|Heavy-Duty Boots|[from] move: Knock Off|[of] p2a: Ferrothorn
|
|-heal|p1a: Rotom|77/100|[from] move: Wish|[wisher] Clefable
|upkeep
|turn|56
|
|switch|p2a: Toxapex|Toxapex, M|100/100
|move|p1a: Rotom|Overheat|p2a: Toxapex
|-resisted|p2a: Toxapex
|-damage|p2a: Toxapex|82/100
|-unboost|p1a: Rotom|spa|2
|
|-heal|p2a: Toxapex|88/100|[from] item: Black Sludge
|upkeep
|turn|57
|
|move|p1a: Rotom|Volt Switch|p2a: Toxapex
|-supereffective|p2a: Toxapex
|-damage|p2a: Toxapex|66/100
|
|switch|p1a: Seismitoad|Seismitoad, M|100/100|[from]move: Volt Switch
|-damage|p1a: Seismitoad|94/100|[from] Stealth Rock
|move|p2a: Toxapex|Toxic Spikes|p1a: Seismitoad
|-sidestart|p1: Ye_Soul|move: Toxic Spikes
|
|-heal|p1a: Seismitoad|100/100|[from] item: Leftovers
|-heal|p2a: Toxapex|72/100|[from] item: Black Sludge
|upkeep
|turn|58
|
|move|p1a: Seismitoad|Stealth Rock|p2a: Toxapex
|-sidestart|p2: Celtis Laddering|move: Stealth Rock
|move|p2a: Toxapex|Toxic Spikes|p1a: Seismitoad
|-sidestart|p1: Ye_Soul|move: Toxic Spikes
|
|-heal|p2a: Toxapex|78/100|[from] item: Black Sludge
|upkeep
|turn|59
|
|switch|p2a: Ferrothorn|Ferrothorn, F|100/100
|-damage|p2a: Ferrothorn|94/100|[from] Stealth Rock
|move|p1a: Seismitoad|Toxic|p2a: Ferrothorn
|-immune|p2a: Ferrothorn
|
|-heal|p2a: Ferrothorn|100/100|[from] item: Leftovers
|upkeep
|turn|60
|
|switch|p1a: Clefable|Clefable, F|100/100 brn
|move|p2a: Ferrothorn|Leech Seed|p1a: Clefable
|-start|p1a: Clefable|move: Leech Seed
|
|upkeep
|turn|61
|
|move|p1a: Clefable|Wish|p1a: Clefable
|move|p2a: Ferrothorn|Knock Off|p1a: Clefable
|-resisted|p1a: Clefable
|-damage|p1a: Clefable|90/100 brn
|-enditem|p1a: Clefable|Leftovers|[from] move: Knock Off|[of] p2a: Ferrothorn
|
|upkeep
|turn|62
|
|switch|p1a: Rotom|Rotom-Heat|77/100
|-damage|p1a: Rotom|52/100|[from] Stealth Rock
|move|p2a: Ferrothorn|Leech Seed|p1a: Rotom
|-start|p1a: Rotom|move: Leech Seed
|
|-heal|p1a: Rotom|100/100|[from] move: Wish|[wisher] Clefable
|-damage|p1a: Rotom|88/100|[from] Leech Seed|[of] p2a: Ferrothorn
|upkeep
|turn|63
|
|switch|p2a: Toxapex|Toxapex, M|100/100
|-damage|p2a: Toxapex|88/100|[from] Stealth Rock
|move|p1a: Rotom|Volt Switch|p2a: Toxapex
|-supereffective|p2a: Toxapex
|-damage|p2a: Toxapex|48/100
|
|switch|p1a: Hydreigon|Hydreigon, F|64/100|[from]move: Volt Switch
|-damage|p1a: Hydreigon|51/100|[from] Stealth Rock
|
|-heal|p2a: Toxapex|54/100|[from] item: Black Sludge
|upkeep
|turn|64
|
|switch|p2a: Clefable|Clefable, F|96/100
|move|p1a: Hydreigon|U-turn|p2a: Clefable
|-resisted|p2a: Clefable
|-damage|p2a: Clefable|89/100
|
|switch|p1a: Dracovish|Dracovish|88/100|[from]move: U-turn
|-status|p1a: Dracovish|tox
|-damage|p1a: Dracovish|76/100 tox|[from] Stealth Rock
|
|-heal|p2a: Clefable|95/100|[from] item: Leftovers
|-damage|p1a: Dracovish|69/100 tox|[from] psn
|upkeep
|turn|65
|
|move|p2a: Clefable|Protect|p2a: Clefable
|-singleturn|p2a: Clefable|Protect
|move|p1a: Dracovish|Fishious Rend|p2a: Clefable
|-activate|p2a: Clefable|move: Protect
|
|-heal|p2a: Clefable|100/100|[from] item: Leftovers
|-damage|p1a: Dracovish|57/100 tox|[from] psn
|upkeep
|turn|66
|c|☆Ye_Soul|1
|
|switch|p2a: Ferrothorn|Ferrothorn, F|100/100
|-damage|p2a: Ferrothorn|94/100|[from] Stealth Rock
|move|p1a: Dracovish|Fishious Rend|p2a: Ferrothorn
|-resisted|p2a: Ferrothorn
|-damage|p2a: Ferrothorn|44/100
|-damage|p1a: Dracovish|44/100 tox|[from] ability: Iron Barbs|[of] p2a: Ferrothorn
|
|-heal|p2a: Ferrothorn|50/100|[from] item: Leftovers
|-damage|p1a: Dracovish|26/100 tox|[from] psn
|upkeep
|turn|67
|
|switch|p2a: Toxapex|Toxapex, M|87/100
|-damage|p2a: Toxapex|75/100|[from] Stealth Rock
|move|p1a: Dracovish|Fishious Rend|p2a: Toxapex
|-resisted|p2a: Toxapex
|-damage|p2a: Toxapex|26/100
|
|-heal|p2a: Toxapex|33/100|[from] item: Black Sludge
|-damage|p1a: Dracovish|1/100 tox|[from] psn
|upkeep
|turn|68
|
|switch|p2a: Corviknight|Corviknight, M|100/100
|-damage|p2a: Corviknight|88/100|[from] Stealth Rock
|-ability|p2a: Corviknight|Pressure
|move|p1a: Dracovish|Fishious Rend|p2a: Corviknight
|-crit|p2a: Corviknight
|-damage|p2a: Corviknight|0 fnt
|faint|p2a: Corviknight
|
|-damage|p1a: Dracovish|0 fnt|[from] psn
|faint|p1a: Dracovish
|upkeep
|
|switch|p1a: Clefable|Clefable, F|90/100 brn
|switch|p2a: Clefable|Clefable, F|100/100
|turn|69
|
|switch|p2a: Ferrothorn|Ferrothorn, F|50/100
|-damage|p2a: Ferrothorn|44/100|[from] Stealth Rock
|move|p1a: Clefable|Wish|p1a: Clefable
|
|-heal|p2a: Ferrothorn|50/100|[from] item: Leftovers
|upkeep
|turn|70
|
|switch|p1a: Rotom|Rotom-Heat|88/100
|-damage|p1a: Rotom|63/100|[from] Stealth Rock
|move|p2a: Ferrothorn|Leech Seed|p1a: Rotom
|-start|p1a: Rotom|move: Leech Seed
|
|-heal|p1a: Rotom|100/100|[from] move: Wish|[wisher] Clefable
|-heal|p2a: Ferrothorn|57/100|[from] item: Leftovers
|-damage|p1a: Rotom|88/100|[from] Leech Seed|[of] p2a: Ferrothorn
|-heal|p2a: Ferrothorn|68/100|[silent]
|upkeep
|turn|71
|
|switch|p2a: Dragapult|Dragapult, M|44/100
|-damage|p2a: Dragapult|31/100|[from] Stealth Rock
|move|p1a: Rotom|Overheat|p2a: Dragapult
|-resisted|p2a: Dragapult
|-damage|p2a: Dragapult|2/100
|-unboost|p1a: Rotom|spa|2
|
|-heal|p2a: Dragapult|8/100|[from] item: Leftovers
|-damage|p1a: Rotom|75/100|[from] Leech Seed|[of] p2a: Dragapult
|-heal|p2a: Dragapult|19/100|[silent]
|upkeep
|turn|72
|
|move|p2a: Dragapult|Hex|p1a: Rotom
|-damage|p1a: Rotom|56/100
|move|p1a: Rotom|Volt Switch|p2a: Dragapult
|-resisted|p2a: Dragapult
|-damage|p2a: Dragapult|11/100
|
|switch|p1a: Hydreigon|Hydreigon, F|51/100|[from]move: Volt Switch
|-damage|p1a: Hydreigon|39/100|[from] Stealth Rock
|
|-heal|p2a: Dragapult|17/100|[from] item: Leftovers
|upkeep
|turn|73
|
|switch|p2a: Clefable|Clefable, F|100/100
|move|p1a: Hydreigon|Fire Blast|p2a: Clefable
|-damage|p2a: Clefable|69/100
|
|-heal|p2a: Clefable|75/100|[from] item: Leftovers
|upkeep
|turn|74
|
|switch|p1a: Clefable|Clefable, F|90/100 brn
|move|p2a: Clefable|Wish|p2a: Clefable
|
|-heal|p2a: Clefable|81/100|[from] item: Leftovers
|upkeep
|turn|75
|
|move|p2a: Clefable|Moonblast|p1a: Clefable
|-damage|p1a: Clefable|68/100 brn
|move|p1a: Clefable|Moonblast|p2a: Clefable
|-crit|p2a: Clefable
|-damage|p2a: Clefable|45/100
|
|-heal|p2a: Clefable|95/100|[from] move: Wish|[wisher] Clefable
|-heal|p2a: Clefable|100/100|[from] item: Leftovers
|upkeep
|turn|76
|
|move|p1a: Clefable|Wish|p1a: Clefable
|move|p2a: Clefable|Wish|p2a: Clefable
|
|upkeep
|turn|77
|
|move|p1a: Clefable|Moonblast|p2a: Clefable
|-damage|p2a: Clefable|78/100
|move|p2a: Clefable|Moonblast|p1a: Clefable
|-damage|p1a: Clefable|45/100 brn
|
|-heal|p2a: Clefable|100/100|[from] move: Wish|[wisher] Clefable
|-heal|p1a: Clefable|95/100 brn|[from] move: Wish|[wisher] Clefable
|upkeep
|turn|78
|
|move|p1a: Clefable|Moonblast|p2a: Clefable
|-damage|p2a: Clefable|77/100
|move|p2a: Clefable|Moonblast|p1a: Clefable
|-damage|p1a: Clefable|71/100 brn
|
|-heal|p2a: Clefable|83/100|[from] item: Leftovers
|upkeep
|turn|79
|
|move|p1a: Clefable|Moonblast|p2a: Clefable
|-damage|p2a: Clefable|59/100
|-unboost|p2a: Clefable|spa|1
|move|p2a: Clefable|Wish|p2a: Clefable
|
|-heal|p2a: Clefable|65/100|[from] item: Leftovers
|upkeep
|turn|80
|
|switch|p2a: Ferrothorn|Ferrothorn, F|68/100
|-damage|p2a: Ferrothorn|61/100|[from] Stealth Rock
|move|p1a: Clefable|Wish|p1a: Clefable
|
|-heal|p2a: Ferrothorn|100/100|[from] move: Wish|[wisher] Clefable
|upkeep
|turn|81
|
|switch|p1a: Rotom|Rotom-Heat|56/100
|-damage|p1a: Rotom|31/100|[from] Stealth Rock
|move|p2a: Ferrothorn|Leech Seed|p1a: Rotom
|-start|p1a: Rotom|move: Leech Seed
|
|-heal|p1a: Rotom|96/100|[from] move: Wish|[wisher] Clefable
|-damage|p1a: Rotom|83/100|[from] Leech Seed|[of] p2a: Ferrothorn
|upkeep
|turn|82
|
|switch|p2a: Toxapex|Toxapex, M|66/100
|-damage|p2a: Toxapex|53/100|[from] Stealth Rock
|move|p1a: Rotom|Volt Switch|p2a: Toxapex
|-supereffective|p2a: Toxapex
|-damage|p2a: Toxapex|14/100
|
|switch|p1a: Hydreigon|Hydreigon, F|39/100|[from]move: Volt Switch
|-damage|p1a: Hydreigon|27/100|[from] Stealth Rock
|
|-heal|p2a: Toxapex|20/100|[from] item: Black Sludge
|upkeep
|turn|83
|
|switch|p2a: Clefable|Clefable, F|65/100
|move|p1a: Hydreigon|Fire Blast|p2a: Clefable
|-damage|p2a: Clefable|31/100
|
|-heal|p2a: Clefable|37/100|[from] item: Leftovers
|upkeep
|turn|84
|
|move|p1a: Hydreigon|Fire Blast|p2a: Clefable
|-damage|p2a: Clefable|4/100
|move|p2a: Clefable|Wish|p2a: Clefable
|
|-heal|p2a: Clefable|10/100|[from] item: Leftovers
|upkeep
|turn|85
|
|switch|p1a: Rotom|Rotom-Heat|83/100
|-damage|p1a: Rotom|58/100|[from] Stealth Rock
|move|p2a: Clefable|Protect||[still]
|-fail|p2a: Clefable
|
|-heal|p2a: Clefable|60/100|[from] move: Wish|[wisher] Clefable
|-heal|p2a: Clefable|66/100|[from] item: Leftovers
|upkeep
|turn|86
|
|move|p1a: Rotom|Volt Switch|p2a: Clefable
|-crit|p2a: Clefable
|-damage|p2a: Clefable|37/100
|
|switch|p1a: Clefable|Clefable, F|71/100 brn|[from]move: Volt Switch
|move|p2a: Clefable|Moonblast|p1a: Clefable
|-damage|p1a: Clefable|51/100 brn
|-unboost|p1a: Clefable|spa|1
|
|-heal|p2a: Clefable|43/100|[from] item: Leftovers
|upkeep
|turn|87
|
|move|p2a: Clefable|Wish|p2a: Clefable
|move|p1a: Clefable|Wish|p1a: Clefable
|
|-heal|p2a: Clefable|49/100|[from] item: Leftovers
|upkeep
|turn|88
|
|move|p2a: Clefable|Protect|p2a: Clefable
|-singleturn|p2a: Clefable|Protect
|move|p1a: Clefable|Moonblast|p2a: Clefable
|-activate|p2a: Clefable|move: Protect
|
|-heal|p2a: Clefable|99/100|[from] move: Wish|[wisher] Clefable
|-heal|p1a: Clefable|100/100 brn|[from] move: Wish|[wisher] Clefable
|-heal|p2a: Clefable|100/100|[from] item: Leftovers
|upkeep
|turn|89
|
|move|p2a: Clefable|Wish|p2a: Clefable
|move|p1a: Clefable|Wish|p1a: Clefable
|
|upkeep
|turn|90
|
|switch|p2a: Toxapex|Toxapex, M|53/100
|-damage|p2a: Toxapex|41/100|[from] Stealth Rock
|move|p1a: Clefable|Moonblast|p2a: Toxapex
|-resisted|p2a: Toxapex
|-damage|p2a: Toxapex|33/100
|
|-heal|p2a: Toxapex|98/100|[from] move: Wish|[wisher] Clefable
|-heal|p2a: Toxapex|100/100|[from] item: Black Sludge
|upkeep
|turn|91
|
|move|p1a: Clefable|Wish|p1a: Clefable
|move|p2a: Toxapex|Scald|p1a: Clefable
|-damage|p1a: Clefable|88/100 brn
|
|upkeep
|turn|92
|
|switch|p1a: Rotom|Rotom-Heat|58/100
|-damage|p1a: Rotom|33/100|[from] Stealth Rock
|switch|p2a: Clefable|Clefable, F|100/100
|
|-heal|p1a: Rotom|98/100|[from] move: Wish|[wisher] Clefable
|upkeep
|turn|93
|
|move|p1a: Rotom|Nasty Plot|p1a: Rotom
|-boost|p1a: Rotom|spa|2
|move|p2a: Clefable|Moonblast|p1a: Rotom
|-resisted|p1a: Rotom
|-damage|p1a: Rotom|84/100
|
|upkeep
|turn|94
|
|move|p1a: Rotom|Nasty Plot|p1a: Rotom
|-boost|p1a: Rotom|spa|2
|move|p2a: Clefable|Moonblast|p1a: Rotom
|-resisted|p1a: Rotom
|-damage|p1a: Rotom|71/100
|
|upkeep
|turn|95
|
|move|p1a: Rotom|Nasty Plot|p1a: Rotom
|-boost|p1a: Rotom|spa|2
|move|p2a: Clefable|Moonblast|p1a: Rotom
|-resisted|p1a: Rotom
|-damage|p1a: Rotom|57/100
|
|upkeep
|turn|96
|
|move|p2a: Clefable|Protect|p2a: Clefable
|-singleturn|p2a: Clefable|Protect
|move|p1a: Rotom|Volt Switch|p2a: Clefable
|-activate|p2a: Clefable|move: Protect
|
|upkeep
|turn|97
|
|switch|p2a: Ferrothorn|Ferrothorn, F|100/100
|-damage|p2a: Ferrothorn|94/100|[from] Stealth Rock
|move|p1a: Rotom|Will-O-Wisp|p2a: Ferrothorn|[miss]
|-miss|p1a: Rotom|p2a: Ferrothorn
|
|-heal|p2a: Ferrothorn|100/100|[from] item: Leftovers
|upkeep
|turn|98
|
|move|p1a: Rotom|Will-O-Wisp|p2a: Ferrothorn
|-status|p2a: Ferrothorn|brn
|move|p2a: Ferrothorn|Leech Seed|p1a: Rotom
|-start|p1a: Rotom|move: Leech Seed
|
|-damage|p1a: Rotom|45/100|[from] Leech Seed|[of] p2a: Ferrothorn
|-damage|p2a: Ferrothorn|94/100 brn|[from] brn
|upkeep
|turn|99
|
|move|p1a: Rotom|Volt Switch|p2a: Ferrothorn
|-resisted|p2a: Ferrothorn
|-damage|p2a: Ferrothorn|58/100 brn
|
|switch|p1a: Clefable|Clefable, F|88/100 brn|[from]move: Volt Switch
|move|p2a: Ferrothorn|Knock Off|p1a: Clefable
|-resisted|p1a: Clefable
|-damage|p1a: Clefable|84/100 brn
|
|-heal|p2a: Ferrothorn|65/100 brn|[from] item: Leftovers
|-damage|p2a: Ferrothorn|58/100 brn|[from] brn
|upkeep
|turn|100
|
|switch|p2a: Clefable|Clefable, F|100/100
|move|p1a: Clefable|Wish|p1a: Clefable
|
|upkeep
|turn|101
|
|switch|p1a: Rotom|Rotom-Heat|45/100
|-damage|p1a: Rotom|20/100|[from] Stealth Rock
|move|p2a: Clefable|Wish|p2a: Clefable
|
|-heal|p1a: Rotom|85/100|[from] move: Wish|[wisher] Clefable
|upkeep
|turn|102
|
|switch|p2a: Ferrothorn|Ferrothorn, F|58/100 brn
|-damage|p2a: Ferrothorn|52/100 brn|[from] Stealth Rock
|move|p1a: Rotom|Nasty Plot|p1a: Rotom
|-boost|p1a: Rotom|spa|2
|
|-heal|p2a: Ferrothorn|100/100 brn|[from] move: Wish|[wisher] Clefable
|-damage|p2a: Ferrothorn|94/100 brn|[from] brn
|upkeep
|turn|103
|
|move|p1a: Rotom|Volt Switch|p2a: Ferrothorn
|-resisted|p2a: Ferrothorn
|-damage|p2a: Ferrothorn|74/100 brn
|
|switch|p1a: Clefable|Clefable, F|84/100 brn|[from]move: Volt Switch
|move|p2a: Ferrothorn|Power Whip|p1a: Clefable|[miss]
|-miss|p2a: Ferrothorn|p1a: Clefable
|
|-heal|p2a: Ferrothorn|80/100 brn|[from] item: Leftovers
|-damage|p2a: Ferrothorn|74/100 brn|[from] brn
|upkeep
|turn|104
|
|switch|p2a: Toxapex|Toxapex, M|100/100
|-damage|p2a: Toxapex|88/100|[from] Stealth Rock
|move|p1a: Clefable|Wish|p1a: Clefable
|
|-heal|p2a: Toxapex|94/100|[from] item: Black Sludge
|upkeep
|turn|105
|
|switch|p1a: Hydreigon|Hydreigon, F|27/100
|-damage|p1a: Hydreigon|14/100|[from] Stealth Rock
|move|p2a: Toxapex|Scald|p1a: Hydreigon
|-resisted|p1a: Hydreigon
|-damage|p1a: Hydreigon|4/100
|
|-heal|p1a: Hydreigon|65/100|[from] move: Wish|[wisher] Clefable
|-heal|p2a: Toxapex|100/100|[from] item: Black Sludge
|upkeep
|turn|106
|
|move|p1a: Hydreigon|U-turn|p2a: Toxapex
|-resisted|p2a: Toxapex
|-damage|p2a: Toxapex|96/100
|
|switch|p1a: Clefable|Clefable, F|84/100 brn|[from]move: U-turn
|move|p2a: Toxapex|Scald|p1a: Clefable
|-damage|p1a: Clefable|71/100 brn
|
|-heal|p2a: Toxapex|100/100|[from] item: Black Sludge
|upkeep
|turn|107
|
|move|p1a: Clefable|Wish|p1a: Clefable
|move|p2a: Toxapex|Scald|p1a: Clefable
|-damage|p1a: Clefable|60/100 brn
|
|upkeep
|turn|108
|
|switch|p1a: Rotom|Rotom-Heat|85/100
|-damage|p1a: Rotom|60/100|[from] Stealth Rock
|move|p2a: Toxapex|Scald|p1a: Rotom
|-supereffective|p1a: Rotom
|-damage|p1a: Rotom|34/100
|
|-heal|p1a: Rotom|99/100|[from] move: Wish|[wisher] Clefable
|upkeep
|turn|109
|
|move|p1a: Rotom|Nasty Plot|p1a: Rotom
|-boost|p1a: Rotom|spa|2
|move|p2a: Toxapex|Scald|p1a: Rotom
|-supereffective|p1a: Rotom
|-damage|p1a: Rotom|73/100
|
|upkeep
|turn|110
|
|switch|p2a: Ferrothorn|Ferrothorn, F|74/100 brn
|-damage|p2a: Ferrothorn|68/100 brn|[from] Stealth Rock
|move|p1a: Rotom|Volt Switch|p2a: Ferrothorn
|-resisted|p2a: Ferrothorn
|-damage|p2a: Ferrothorn|50/100 brn
|
|switch|p1a: Hydreigon|Hydreigon, F|65/100|[from]move: Volt Switch
|-damage|p1a: Hydreigon|52/100|[from] Stealth Rock
|
|-heal|p2a: Ferrothorn|56/100 brn|[from] item: Leftovers
|-damage|p2a: Ferrothorn|50/100 brn|[from] brn
|upkeep
|turn|111
|
|switch|p2a: Clefable|Clefable, F|100/100
|move|p1a: Hydreigon|Fire Blast|p2a: Clefable
|-damage|p2a: Clefable|71/100
|
|-heal|p2a: Clefable|77/100|[from] item: Leftovers
|upkeep
|turn|112
|
|move|p1a: Hydreigon|Fire Blast|p2a: Clefable
|-damage|p2a: Clefable|43/100
|move|p2a: Clefable|Wish|p2a: Clefable
|
|-heal|p2a: Clefable|49/100|[from] item: Leftovers
|upkeep
|turn|113
|
|switch|p1a: Rotom|Rotom-Heat|73/100
|-damage|p1a: Rotom|48/100|[from] Stealth Rock
|move|p2a: Clefable|Moonblast|p1a: Rotom
|-resisted|p1a: Rotom
|-damage|p1a: Rotom|36/100
|
|-heal|p2a: Clefable|99/100|[from] move: Wish|[wisher] Clefable
|-heal|p2a: Clefable|100/100|[from] item: Leftovers
|upkeep
|turn|114
|
|move|p1a: Rotom|Volt Switch|p2a: Clefable
|-damage|p2a: Clefable|81/100
|
|switch|p1a: Clefable|Clefable, F|60/100 brn|[from]move: Volt Switch
|move|p2a: Clefable|Wish|p2a: Clefable
|
|-heal|p2a: Clefable|88/100|[from] item: Leftovers
|upkeep
|turn|115
|
|move|p2a: Clefable|Moonblast|p1a: Clefable
|-damage|p1a: Clefable|38/100 brn
|-unboost|p1a: Clefable|spa|1
|move|p1a: Clefable|Wish|p1a: Clefable
|
|-heal|p2a: Clefable|100/100|[from] move: Wish|[wisher] Clefable
|upkeep
|turn|116
|
|move|p1a: Clefable|Protect|p1a: Clefable
|-singleturn|p1a: Clefable|Protect
|move|p2a: Clefable|Moonblast|p1a: Clefable
|-activate|p1a: Clefable|move: Protect
|
|-heal|p1a: Clefable|88/100 brn|[from] move: Wish|[wisher] Clefable
|upkeep
|turn|117
|
|move|p1a: Clefable|Wish|p1a: Clefable
|move|p2a: Clefable|Moonblast|p1a: Clefable
|-damage|p1a: Clefable|65/100 brn
|
|upkeep
|turn|118
|
|switch|p1a: Rotom|Rotom-Heat|36/100
|-damage|p1a: Rotom|11/100|[from] Stealth Rock
|move|p2a: Clefable|Moonblast|p1a: Rotom
|-resisted|p1a: Rotom
|-damage|p1a: Rotom|0 fnt
|faint|p1a: Rotom
|
|upkeep
|
|switch|p1a: Seismitoad|Seismitoad, M|100/100
|-damage|p1a: Seismitoad|94/100|[from] Stealth Rock
|-status|p1a: Seismitoad|tox
|turn|119
|
|move|p1a: Seismitoad|Scald|p2a: Clefable
|-damage|p2a: Clefable|82/100
|move|p2a: Clefable|Wish|p2a: Clefable
|
|-heal|p1a: Seismitoad|100/100 tox|[from] item: Leftovers
|-heal|p2a: Clefable|88/100|[from] item: Leftovers
|-damage|p1a: Seismitoad|94/100 tox|[from] psn
|upkeep
|turn|120
|-message|Ye_Soul forfeited.
|
|win|Celtis Laddering
|l|☆Ye_Soul
|raw|Ye_Soul's rating: 1555 → 1532(-23 for losing)
|raw|Celtis Laddering's rating: 1490 → 1514(+24 for winning)
|c|☆Celtis Laddering|gg!
