|ScrapeTime|2020-01-01-13:24:42
|j|☆LLachiee
|j|☆gotafly500
|player|p1|LLachiee|147|1274
|player|p2|gotafly500|266|1325
|teamsize|p1|6
|teamsize|p2|6
|gametype|singles
|gen|8
|tier|[Gen 8] OU
|rated|
|rule|Sleep Clause Mod: Limit one foe put to sleep
|rule|Species Clause: Limit one of each Pokémon
|rule|OHKO Clause: OHKO moves are banned
|rule|Evasion Moves Clause: Evasion moves are banned
|rule|Endless Battle Clause: Forcing endless battles is banned
|rule|HP Percentage Mod: HP is shown in percentages
|clearpoke
|poke|p1|Corsola-Galar, M|
|poke|p1|Ferrothorn, M|
|poke|p1|Toxapex, F|
|poke|p1|Ditto|
|poke|p1|Hydreigon, M|
|poke|p1|Corviknight, F|
|poke|p2|Crawdaunt, F|
|poke|p2|Ferrothorn, M|
|poke|p2|Rotom-Heat|
|poke|p2|Mandibuzz, F|
|poke|p2|Excadrill, F|
|poke|p2|Dracovish|
|rule|Dynamax Clause: You cannot dynamax
|teampreview
|inactive|Battle timer is ON: inactive players will automatically lose when time's up. (requested by gotafly500)
|
|start
|switch|p1a: Ditto|Ditto|100/100
|switch|p2a: Excadrill|Excadrill, F|100/100
|-ability|p2a: Excadrill|Mold Breaker
|-transform|p1a: Ditto|p2a: Excadrill|[from] ability: Imposter
|-ability|p1a: Ditto|Mold Breaker
|turn|1
|inactive|gotafly500 has 120 seconds left.
|
|move|p1a: Ditto|Earthquake|p2a: Excadrill
|-supereffective|p2a: Excadrill
|-enditem|p2a: Excadrill|Focus Sash
|-damage|p2a: Excadrill|1/100
|move|p2a: Excadrill|Earthquake|p1a: Ditto
|-supereffective|p1a: Ditto
|-damage|p1a: Ditto|0 fnt
|faint|p1a: Ditto
|
|upkeep
|inactive|LLachiee has 120 seconds left.
|
|switch|p1a: Hydreigon|Hydreigon, M|100/100
|turn|2
|inactive|LLachiee has 120 seconds left.
|
|move|p1a: Hydreigon|Dark Pulse|p2a: Excadrill
|-damage|p2a: Excadrill|0 fnt
|faint|p2a: Excadrill
|
|upkeep
|
|switch|p2a: B.Al Assad|Mandibuzz, F|100/100
|turn|3
|inactive|LLachiee has 120 seconds left.
|inactive|LLachiee has 90 seconds left.
|
|move|p1a: Hydreigon|Substitute|p1a: Hydreigon
|-start|p1a: Hydreigon|Substitute
|-damage|p1a: Hydreigon|76/100
|move|p2a: B.Al Assad|Knock Off|p1a: Hydreigon
|-resisted|p1a: Hydreigon
|-activate|p1a: Hydreigon|move: Substitute|[damage]
|
|-heal|p1a: Hydreigon|82/100|[from] item: Leftovers
|upkeep
|turn|4
|inactive|gotafly500 has 90 seconds left.
|inactive|gotafly500 has 60 seconds left.
|
|move|p1a: Hydreigon|Nasty Plot|p1a: Hydreigon
|-boost|p1a: Hydreigon|spa|2
|move|p2a: B.Al Assad|Foul Play|p1a: Hydreigon
|-resisted|p1a: Hydreigon
|-end|p1a: Hydreigon|Substitute
|
|-heal|p1a: Hydreigon|88/100|[from] item: Leftovers
|upkeep
|turn|5
|inactive|gotafly500 has 60 seconds left.
|
|move|p1a: Hydreigon|Substitute|p1a: Hydreigon
|-start|p1a: Hydreigon|Substitute
|-damage|p1a: Hydreigon|63/100
|move|p2a: B.Al Assad|Foul Play|p1a: Hydreigon
|-resisted|p1a: Hydreigon
|-activate|p1a: Hydreigon|move: Substitute|[damage]
|
|-heal|p1a: Hydreigon|69/100|[from] item: Leftovers
|upkeep
|turn|6
|inactive|LLachiee has 90 seconds left.
|
|move|p1a: Hydreigon|Flash Cannon|p2a: B.Al Assad
|-damage|p2a: B.Al Assad|66/100
|move|p2a: B.Al Assad|Foul Play|p1a: Hydreigon
|-resisted|p1a: Hydreigon
|-end|p1a: Hydreigon|Substitute
|
|-heal|p1a: Hydreigon|75/100|[from] item: Leftovers
|-heal|p2a: B.Al Assad|72/100|[from] item: Leftovers
|upkeep
|turn|7
|inactive|LLachiee has 90 seconds left.
|inactive|gotafly500 has 60 seconds left.
|
|move|p1a: Hydreigon|Substitute|p1a: Hydreigon
|-start|p1a: Hydreigon|Substitute
|-damage|p1a: Hydreigon|50/100
|move|p2a: B.Al Assad|Foul Play|p1a: Hydreigon
|-resisted|p1a: Hydreigon
|-activate|p1a: Hydreigon|move: Substitute|[damage]
|
|-heal|p1a: Hydreigon|57/100|[from] item: Leftovers
|-heal|p2a: B.Al Assad|78/100|[from] item: Leftovers
|upkeep
|turn|8
|inactive|LLachiee has 90 seconds left.
|
|move|p1a: Hydreigon|Nasty Plot|p1a: Hydreigon
|-boost|p1a: Hydreigon|spa|2
|move|p2a: B.Al Assad|Foul Play|p1a: Hydreigon
|-resisted|p1a: Hydreigon
|-end|p1a: Hydreigon|Substitute
|
|-heal|p1a: Hydreigon|63/100|[from] item: Leftovers
|-heal|p2a: B.Al Assad|84/100|[from] item: Leftovers
|upkeep
|turn|9
|
|move|p1a: Hydreigon|Substitute|p1a: Hydreigon
|-start|p1a: Hydreigon|Substitute
|-damage|p1a: Hydreigon|38/100
|move|p2a: B.Al Assad|Foul Play|p1a: Hydreigon
|-resisted|p1a: Hydreigon
|-activate|p1a: Hydreigon|move: Substitute|[damage]
|
|-heal|p1a: Hydreigon|44/100|[from] item: Leftovers
|-heal|p2a: B.Al Assad|90/100|[from] item: Leftovers
|upkeep
|turn|10
|inactive|gotafly500 has 60 seconds left.
|
|move|p1a: Hydreigon|Flash Cannon|p2a: B.Al Assad
|-damage|p2a: B.Al Assad|39/100
|move|p2a: B.Al Assad|Foul Play|p1a: Hydreigon
|-resisted|p1a: Hydreigon
|-end|p1a: Hydreigon|Substitute
|
|-heal|p1a: Hydreigon|50/100|[from] item: Leftovers
|-heal|p2a: B.Al Assad|45/100|[from] item: Leftovers
|upkeep
|turn|11
|inactive|gotafly500 has 60 seconds left.
|
|move|p1a: Hydreigon|Substitute|p1a: Hydreigon
|-start|p1a: Hydreigon|Substitute
|-damage|p1a: Hydreigon|25/100
|move|p2a: B.Al Assad|Foul Play|p1a: Hydreigon
|-resisted|p1a: Hydreigon
|-activate|p1a: Hydreigon|move: Substitute|[damage]
|
|-heal|p1a: Hydreigon|31/100|[from] item: Leftovers
|-heal|p2a: B.Al Assad|51/100|[from] item: Leftovers
|upkeep
|turn|12
|
|move|p1a: Hydreigon|Flash Cannon|p2a: B.Al Assad
|-damage|p2a: B.Al Assad|2/100
|move|p2a: B.Al Assad|Foul Play|p1a: Hydreigon
|-resisted|p1a: Hydreigon
|-end|p1a: Hydreigon|Substitute
|
|-heal|p1a: Hydreigon|37/100|[from] item: Leftovers
|-heal|p2a: B.Al Assad|9/100|[from] item: Leftovers
|upkeep
|turn|13
|inactive|LLachiee has 90 seconds left.
|
|move|p1a: Hydreigon|Substitute|p1a: Hydreigon
|-start|p1a: Hydreigon|Substitute
|-damage|p1a: Hydreigon|12/100
|move|p2a: B.Al Assad|Foul Play|p1a: Hydreigon
|-resisted|p1a: Hydreigon
|-activate|p1a: Hydreigon|move: Substitute|[damage]
|
|-heal|p1a: Hydreigon|19/100|[from] item: Leftovers
|-heal|p2a: B.Al Assad|15/100|[from] item: Leftovers
|upkeep
|turn|14
|
|move|p1a: Hydreigon|Dark Pulse|p2a: B.Al Assad
|-resisted|p2a: B.Al Assad
|-damage|p2a: B.Al Assad|0 fnt
|faint|p2a: B.Al Assad
|
|-heal|p1a: Hydreigon|25/100|[from] item: Leftovers
|upkeep
|inactive|gotafly500 has 60 seconds left.
|
|switch|p2a: V.Orban|Crawdaunt, F|100/100
|turn|15
|
|move|p2a: V.Orban|Aqua Jet|p1a: Hydreigon
|-resisted|p1a: Hydreigon
|-end|p1a: Hydreigon|Substitute
|move|p1a: Hydreigon|Dark Pulse|p2a: V.Orban
|-resisted|p2a: V.Orban
|-damage|p2a: V.Orban|0 fnt
|faint|p2a: V.Orban
|
|-heal|p1a: Hydreigon|31/100|[from] item: Leftovers
|upkeep
|
|switch|p2a: Xi Jinping|Dracovish|100/100
|turn|16
|
|switch|p1a: Ferrothorn|Ferrothorn, M|100/100
|move|p2a: Xi Jinping|Fishious Rend|p1a: Ferrothorn
|-resisted|p1a: Ferrothorn
|-damage|p1a: Ferrothorn|72/100
|-damage|p2a: Xi Jinping|88/100|[from] ability: Iron Barbs|[of] p1a: Ferrothorn
|
|-heal|p1a: Ferrothorn|78/100|[from] item: Leftovers
|upkeep
|turn|17
|
|switch|p2a: J.Bolsonaro|Rotom-Heat|100/100
|move|p1a: Ferrothorn|Leech Seed|p2a: J.Bolsonaro
|-start|p2a: J.Bolsonaro|move: Leech Seed
|
|-heal|p1a: Ferrothorn|84/100|[from] item: Leftovers
|-damage|p2a: J.Bolsonaro|88/100|[from] Leech Seed|[of] p1a: Ferrothorn
|-heal|p1a: Ferrothorn|92/100|[silent]
|upkeep
|turn|18
|inactive|LLachiee has 90 seconds left.
|
|switch|p1a: Toxapex|Toxapex, F|100/100
|move|p2a: J.Bolsonaro|Volt Switch|p1a: Toxapex
|-supereffective|p1a: Toxapex
|-damage|p1a: Toxapex|57/100
|
|switch|p2a: D.Trump|Ferrothorn, M|100/100|[from]move: Volt Switch
|
|-heal|p1a: Toxapex|63/100|[from] item: Black Sludge
|upkeep
|turn|19
|inactive|LLachiee has 90 seconds left.
|inactive|LLachiee has 60 seconds left.
|
|move|p1a: Toxapex|Scald|p2a: D.Trump
|-resisted|p2a: D.Trump
|-crit|p2a: D.Trump
|-damage|p2a: D.Trump|91/100
|move|p2a: D.Trump|Thunder Wave|p1a: Toxapex
|-status|p1a: Toxapex|par
|
|-heal|p2a: D.Trump|97/100|[from] item: Leftovers
|-heal|p1a: Toxapex|70/100 par|[from] item: Black Sludge
|upkeep
|turn|20
|
|move|p2a: D.Trump|Leech Seed|p1a: Toxapex
|-start|p1a: Toxapex|move: Leech Seed
|move|p1a: Toxapex|Toxic Spikes|p2a: D.Trump
|-sidestart|p2: gotafly500|move: Toxic Spikes
|
|-heal|p2a: D.Trump|100/100|[from] item: Leftovers
|-heal|p1a: Toxapex|76/100 par|[from] item: Black Sludge
|-damage|p1a: Toxapex|63/100 par|[from] Leech Seed|[of] p2a: D.Trump
|upkeep
|turn|21
|
|switch|p2a: J.Bolsonaro|Rotom-Heat|88/100
|move|p1a: Toxapex|Toxic Spikes|p2a: J.Bolsonaro
|-sidestart|p2: gotafly500|move: Toxic Spikes
|
|-heal|p1a: Toxapex|70/100 par|[from] item: Black Sludge
|-damage|p1a: Toxapex|57/100 par|[from] Leech Seed|[of] p2a: J.Bolsonaro
|-heal|p2a: J.Bolsonaro|100/100|[silent]
|upkeep
|turn|22
|
|switch|p1a: Hydreigon|Hydreigon, M|31/100
|move|p2a: J.Bolsonaro|Trick|p1a: Hydreigon
|-activate|p2a: J.Bolsonaro|move: Trick|[of] p1a: Hydreigon
|-item|p1a: Hydreigon|Choice Scarf|[from] move: Trick
|-item|p2a: J.Bolsonaro|Leftovers|[from] move: Trick
|
|upkeep
|turn|23
|inactive|LLachiee has 60 seconds left.
|
|move|p1a: Hydreigon|Dark Pulse|p2a: J.Bolsonaro
|-damage|p2a: J.Bolsonaro|45/100
|move|p2a: J.Bolsonaro|Thunderbolt|p1a: Hydreigon
|-resisted|p1a: Hydreigon
|-damage|p1a: Hydreigon|7/100
|
|-heal|p2a: J.Bolsonaro|52/100|[from] item: Leftovers
|upkeep
|turn|24
|inactive|gotafly500 has 90 seconds left.
|
|switch|p2a: D.Trump|Ferrothorn, M|100/100
|move|p1a: Hydreigon|Dark Pulse|p2a: D.Trump
|-crit|p2a: D.Trump
|-damage|p2a: D.Trump|47/100
|
|-heal|p2a: D.Trump|53/100|[from] item: Leftovers
|upkeep
|turn|25
|inactive|LLachiee has 60 seconds left.
|
|move|p1a: Hydreigon|Dark Pulse|p2a: D.Trump
|-damage|p2a: D.Trump|21/100
|cant|p2a: D.Trump|flinch
|
|-heal|p2a: D.Trump|27/100|[from] item: Leftovers
|upkeep
|turn|26
|-message|gotafly500 forfeited.
|
|win|LLachiee
|l|☆gotafly500
|raw|LLachiee's rating: 1275 → 1303(+28 for winning)
|raw|gotafly500's rating: 1325 → 1302(-23 for losing)
