|ScrapeTime|2020-01-02-10:05:10
|j|☆Separation
|j|☆DDHmemeteamtesting
|player|p1|Separation|bellelba|1422
|player|p2|DDHmemeteamtesting|148|1308
|teamsize|p1|6
|teamsize|p2|6
|gametype|singles
|gen|8
|tier|[Gen 8] OU
|rated|
|rule|Sleep Clause Mod: Limit one foe put to sleep
|rule|Species Clause: Limit one of each Pokémon
|rule|OHKO Clause: OHKO moves are banned
|rule|Evasion Moves Clause: Evasion moves are banned
|rule|Endless Battle Clause: Forcing endless battles is banned
|rule|HP Percentage Mod: HP is shown in percentages
|clearpoke
|poke|p1|Cramorant, F|
|poke|p1|Duraludon, M|
|poke|p1|Toxtricity, F|
|poke|p1|Corviknight, M|
|poke|p1|Runerigus, M|
|poke|p1|Araquanid, M|
|poke|p2|Tyranitar, M|
|poke|p2|Clefable, F|
|poke|p2|Corviknight, F|
|poke|p2|Dugtrio, F|
|poke|p2|Vaporeon, M|
|poke|p2|Gengar, M|
|rule|Dynamax Clause: You cannot dynamax
|teampreview
|
|start
|switch|p1a: Runerigus|Runerigus, M|100/100
|switch|p2a: Vaporeon|Vaporeon, M|100/100
|turn|1
|
|switch|p1a: Araquanid|Araquanid, M|100/100
|move|p2a: Vaporeon|Scald|p1a: Araquanid
|-resisted|p1a: Araquanid
|-damage|p1a: Araquanid|90/100
|
|upkeep
|turn|2
|
|move|p2a: Vaporeon|Yawn|p1a: Araquanid
|-start|p1a: Araquanid|move: Yawn|[of] p2a: Vaporeon
|move|p1a: Araquanid|Sticky Web|p2a: Vaporeon
|-sidestart|p2: DDHmemeteamtesting|move: Sticky Web
|
|upkeep
|turn|3
|
|switch|p1a: Toxtricity|Toxtricity, F|100/100
|move|p2a: Vaporeon|Scald|p1a: Toxtricity
|-damage|p1a: Toxtricity|51/100
|
|upkeep
|turn|4
|
|move|p2a: Vaporeon|Protect|p2a: Vaporeon
|-singleturn|p2a: Vaporeon|Protect
|move|p1a: Toxtricity|Volt Switch|p2a: Vaporeon
|-activate|p2a: Vaporeon|move: Protect
|
|upkeep
|turn|5
|
|switch|p1a: Runerigus|Runerigus, M|100/100
|switch|p2a: Dugtrio|Dugtrio, F|100/100
|-activate|p2a: Dugtrio|move: Sticky Web
|-unboost|p2a: Dugtrio|spe|1
|
|upkeep
|turn|6
|
|switch|p2a: Corviknight|Corviknight, F|100/100
|-ability|p2a: Corviknight|Pressure
|move|p1a: Runerigus|Stealth Rock|p2a: Corviknight
|-sidestart|p2: DDHmemeteamtesting|move: Stealth Rock
|
|upkeep
|turn|7
|
|move|p2a: Corviknight|Defog|p1a: Runerigus
|-unboost|p1a: Runerigus|evasion|1
|-sideend|p2: DDHmemeteamtesting|Stealth Rock|[from] move: Defog|[of] p2a: Corviknight
|-sideend|p2: DDHmemeteamtesting|Sticky Web|[from] move: Defog|[of] p2a: Corviknight
|move|p1a: Runerigus|Toxic Spikes|p2a: Corviknight
|-sidestart|p2: DDHmemeteamtesting|move: Toxic Spikes
|
|upkeep
|turn|8
|
|move|p2a: Corviknight|Defog|p1a: Runerigus
|-unboost|p1a: Runerigus|evasion|1
|-sideend|p2: DDHmemeteamtesting|Toxic Spikes|[from] move: Defog|[of] p2a: Corviknight
|move|p1a: Runerigus|Stealth Rock|p2a: Corviknight
|-sidestart|p2: DDHmemeteamtesting|move: Stealth Rock
|
|upkeep
|turn|9
|
|switch|p2a: Vaporeon|Vaporeon, M|100/100
|-damage|p2a: Vaporeon|88/100|[from] Stealth Rock
|move|p1a: Runerigus|Toxic Spikes|p2a: Vaporeon
|-sidestart|p2: DDHmemeteamtesting|move: Toxic Spikes
|
|-heal|p2a: Vaporeon|94/100|[from] item: Leftovers
|upkeep
|turn|10
|
|switch|p1a: Araquanid|Araquanid, M|90/100
|move|p2a: Vaporeon|Scald|p1a: Araquanid
|-resisted|p1a: Araquanid
|-damage|p1a: Araquanid|79/100
|
|-heal|p2a: Vaporeon|99/100|[from] item: Leftovers
|upkeep
|turn|11
|
|move|p2a: Vaporeon|Scald|p1a: Araquanid
|-resisted|p1a: Araquanid
|-damage|p1a: Araquanid|68/100
|move|p1a: Araquanid|Leech Life|p2a: Vaporeon
|-damage|p2a: Vaporeon|80/100
|-heal|p1a: Araquanid|82/100|[from] drain|[of] p2a: Vaporeon
|
|-heal|p2a: Vaporeon|86/100|[from] item: Leftovers
|upkeep
|turn|12
|
|move|p2a: Vaporeon|Yawn|p1a: Araquanid
|-start|p1a: Araquanid|move: Yawn|[of] p2a: Vaporeon
|move|p1a: Araquanid|Leech Life|p2a: Vaporeon
|-damage|p2a: Vaporeon|66/100
|-heal|p1a: Araquanid|95/100|[from] drain|[of] p2a: Vaporeon
|
|-heal|p2a: Vaporeon|72/100|[from] item: Leftovers
|upkeep
|turn|13
|
|switch|p1a: Corviknight|Corviknight, M|100/100
|-ability|p1a: Corviknight|Pressure
|move|p2a: Vaporeon|Wish|p2a: Vaporeon
|
|-heal|p2a: Vaporeon|78/100|[from] item: Leftovers
|upkeep
|turn|14
|
|move|p1a: Corviknight|Taunt|p2a: Vaporeon
|-start|p2a: Vaporeon|move: Taunt
|cant|p2a: Vaporeon|move: Taunt|Yawn
|
|-heal|p2a: Vaporeon|100/100|[from] move: Wish|[wisher] Vaporeon
|upkeep
|turn|15
|
|switch|p1a: Araquanid|Araquanid, M|95/100
|move|p2a: Vaporeon|Scald|p1a: Araquanid
|-resisted|p1a: Araquanid
|-damage|p1a: Araquanid|85/100
|
|upkeep
|turn|16
|
|switch|p2a: Corviknight|Corviknight, F|100/100
|-damage|p2a: Corviknight|88/100|[from] Stealth Rock
|-ability|p2a: Corviknight|Pressure
|move|p1a: Araquanid|Leech Life|p2a: Corviknight
|-resisted|p2a: Corviknight
|-damage|p2a: Corviknight|84/100
|-heal|p1a: Araquanid|87/100|[from] drain|[of] p2a: Corviknight
|
|-heal|p2a: Corviknight|90/100|[from] item: Leftovers
|upkeep
|turn|17
|
|move|p2a: Corviknight|Defog|p1a: Araquanid
|-unboost|p1a: Araquanid|evasion|1
|-sideend|p2: DDHmemeteamtesting|Toxic Spikes|[from] move: Defog|[of] p2a: Corviknight
|-sideend|p2: DDHmemeteamtesting|Stealth Rock|[from] move: Defog|[of] p2a: Corviknight
|move|p1a: Araquanid|Liquidation|p2a: Corviknight
|-damage|p2a: Corviknight|49/100
|
|-heal|p2a: Corviknight|55/100|[from] item: Leftovers
|upkeep
|turn|18
|
|move|p2a: Corviknight|U-turn|p1a: Araquanid
|-damage|p1a: Araquanid|73/100
|-damage|p2a: Corviknight|39/100|[from] item: Rocky Helmet|[of] p1a: Araquanid
|
|switch|p2a: Vaporeon|Vaporeon, M|100/100|[from]move: U-turn
|move|p1a: Araquanid|Sticky Web|p2a: Vaporeon
|-sidestart|p2: DDHmemeteamtesting|move: Sticky Web
|
|upkeep
|turn|19
|
|move|p2a: Vaporeon|Yawn|p1a: Araquanid
|-start|p1a: Araquanid|move: Yawn|[of] p2a: Vaporeon
|move|p1a: Araquanid|Leech Life|p2a: Vaporeon
|-damage|p2a: Vaporeon|81/100
|-heal|p1a: Araquanid|86/100|[from] drain|[of] p2a: Vaporeon
|
|-heal|p2a: Vaporeon|87/100|[from] item: Leftovers
|upkeep
|turn|20
|
|switch|p1a: Cramorant|Cramorant, F|100/100
|move|p2a: Vaporeon|Wish|p2a: Vaporeon
|
|-heal|p2a: Vaporeon|93/100|[from] item: Leftovers
|upkeep
|turn|21
|
|switch|p2a: Corviknight|Corviknight, F|39/100
|-ability|p2a: Corviknight|Pressure
|move|p1a: Cramorant|Air Slash|p2a: Corviknight
|-resisted|p2a: Corviknight
|-damage|p2a: Corviknight|25/100
|
|-heal|p2a: Corviknight|83/100|[from] move: Wish|[wisher] Vaporeon
|-heal|p2a: Corviknight|89/100|[from] item: Leftovers
|upkeep
|turn|22
|
|switch|p1a: Toxtricity|Toxtricity, F|51/100
|move|p2a: Corviknight|Defog|p1a: Toxtricity
|-unboost|p1a: Toxtricity|evasion|1
|-sideend|p2: DDHmemeteamtesting|Sticky Web|[from] move: Defog|[of] p2a: Corviknight
|
|-heal|p2a: Corviknight|95/100|[from] item: Leftovers
|upkeep
|turn|23
|
|switch|p2a: Tyranitar|Tyranitar, M, shiny|100/100
|-weather|Sandstorm|[from] ability: Sand Stream|[of] p2a: Tyranitar
|move|p1a: Toxtricity|Boomburst|p2a: Tyranitar
|-resisted|p2a: Tyranitar
|-damage|p2a: Tyranitar|86/100
|
|-weather|Sandstorm|[upkeep]
|-damage|p1a: Toxtricity|45/100|[from] Sandstorm
|upkeep
|turn|24
|
|switch|p1a: Corviknight|Corviknight, M|100/100
|-ability|p1a: Corviknight|Pressure
|move|p2a: Tyranitar|Crunch|p1a: Corviknight
|-crit|p1a: Corviknight
|-damage|p1a: Corviknight|50/100
|-unboost|p1a: Corviknight|def|1
|
|-weather|Sandstorm|[upkeep]
|-heal|p1a: Corviknight|56/100|[from] item: Leftovers
|upkeep
|turn|25
|
|switch|p2a: Gengar|Gengar, M|100/100
|move|p1a: Corviknight|Bulk Up|p1a: Corviknight
|-boost|p1a: Corviknight|atk|1
|-boost|p1a: Corviknight|def|1
|
|-weather|Sandstorm|[upkeep]
|-damage|p2a: Gengar|94/100|[from] Sandstorm
|-heal|p1a: Corviknight|62/100|[from] item: Leftovers
|upkeep
|turn|26
|
|move|p2a: Gengar|Trick|p1a: Corviknight
|-activate|p2a: Gengar|move: Trick|[of] p1a: Corviknight
|-item|p1a: Corviknight|Choice Scarf|[from] move: Trick
|-item|p2a: Gengar|Leftovers|[from] move: Trick
|move|p1a: Corviknight|Brave Bird|p2a: Gengar
|-damage|p2a: Gengar|0 fnt
|-damage|p1a: Corviknight|41/100|[from] Recoil
|faint|p2a: Gengar
|
|-weather|Sandstorm|[upkeep]
|upkeep
|
|switch|p2a: Tyranitar|Tyranitar, M, shiny|86/100
|turn|27
|
|switch|p1a: Duraludon|Duraludon, M|100/100
|move|p2a: Tyranitar|Crunch|p1a: Duraludon
|-damage|p1a: Duraludon|59/100
|
|-weather|none
|upkeep
|turn|28
|
|move|p1a: Duraludon|Thunderbolt|p2a: Tyranitar
|-damage|p2a: Tyranitar|73/100
|move|p2a: Tyranitar|Earthquake|p1a: Duraludon
|-supereffective|p1a: Duraludon
|-damage|p1a: Duraludon|0 fnt
|faint|p1a: Duraludon
|
|upkeep
|
|switch|p1a: Cramorant|Cramorant, F|100/100
|turn|29
|
|switch|p2a: Vaporeon|Vaporeon, M|93/100
|move|p1a: Cramorant|Surf|p2a: Vaporeon
|-heal|p2a: Vaporeon|100/100|[from] ability: Water Absorb|[of] p1a: Cramorant
|-formechange|p1a: Cramorant|Cramorant-Gulping|
|
|upkeep
|turn|30
|
|move|p1a: Cramorant|Air Slash|p2a: Vaporeon
|-damage|p2a: Vaporeon|77/100
|move|p2a: Vaporeon|Yawn|p1a: Cramorant
|-start|p1a: Cramorant|move: Yawn|[of] p2a: Vaporeon
|
|-heal|p2a: Vaporeon|83/100|[from] item: Leftovers
|upkeep
|turn|31
|
|move|p1a: Cramorant|Air Slash|p2a: Vaporeon
|-crit|p2a: Vaporeon
|-damage|p2a: Vaporeon|43/100
|cant|p2a: Vaporeon|flinch
|
|-heal|p2a: Vaporeon|50/100|[from] item: Leftovers
|-end|p1a: Cramorant|move: Yawn|[silent]
|-status|p1a: Cramorant|slp
|upkeep
|turn|32
|
|switch|p1a: Araquanid|Araquanid, M|86/100
|move|p2a: Vaporeon|Wish|p2a: Vaporeon
|
|-heal|p2a: Vaporeon|56/100|[from] item: Leftovers
|upkeep
|turn|33
|
|move|p2a: Vaporeon|Scald|p1a: Araquanid
|-resisted|p1a: Araquanid
|-damage|p1a: Araquanid|75/100
|move|p1a: Araquanid|Sticky Web|p2a: Vaporeon
|-sidestart|p2: DDHmemeteamtesting|move: Sticky Web
|
|-heal|p2a: Vaporeon|100/100|[from] move: Wish|[wisher] Vaporeon
|upkeep
|turn|34
|
|move|p2a: Vaporeon|Wish|p2a: Vaporeon
|move|p1a: Araquanid|Leech Life|p2a: Vaporeon
|-damage|p2a: Vaporeon|81/100
|-heal|p1a: Araquanid|88/100|[from] drain|[of] p2a: Vaporeon
|
|-heal|p2a: Vaporeon|87/100|[from] item: Leftovers
|upkeep
|turn|35
|
|switch|p2a: Corviknight|Corviknight, F|95/100
|-ability|p2a: Corviknight|Pressure
|move|p1a: Araquanid|Liquidation|p2a: Corviknight
|-damage|p2a: Corviknight|57/100
|-unboost|p2a: Corviknight|def|1
|
|-heal|p2a: Corviknight|100/100|[from] move: Wish|[wisher] Vaporeon
|upkeep
|turn|36
|
|move|p2a: Corviknight|U-turn|p1a: Araquanid
|-damage|p1a: Araquanid|73/100
|-damage|p2a: Corviknight|84/100|[from] item: Rocky Helmet|[of] p1a: Araquanid
|
|switch|p2a: Vaporeon|Vaporeon, M|87/100|[from]move: U-turn
|-activate|p2a: Vaporeon|move: Sticky Web
|-unboost|p2a: Vaporeon|spe|1
|move|p1a: Araquanid|Liquidation|p2a: Vaporeon
|-heal|p2a: Vaporeon|100/100|[from] ability: Water Absorb|[of] p1a: Araquanid
|
|upkeep
|turn|37
|
|move|p1a: Araquanid|Leech Life|p2a: Vaporeon
|-damage|p2a: Vaporeon|82/100
|-heal|p1a: Araquanid|85/100|[from] drain|[of] p2a: Vaporeon
|move|p2a: Vaporeon|Wish|p2a: Vaporeon
|
|-heal|p2a: Vaporeon|88/100|[from] item: Leftovers
|upkeep
|turn|38
|
|switch|p1a: Toxtricity|Toxtricity, F|45/100
|move|p2a: Vaporeon|Scald|p1a: Toxtricity
|-damage|p1a: Toxtricity|0 fnt
|faint|p1a: Toxtricity
|
|-heal|p2a: Vaporeon|100/100|[from] move: Wish|[wisher] Vaporeon
|upkeep
|-message|Separation forfeited.
|
|win|DDHmemeteamtesting
|l|☆Separation
|raw|Separation's rating: 1422 → 1396(-26 for losing)
|raw|DDHmemeteamtesting's rating: 1308 → 1334(+26 for winning)
