|ScrapeTime|2020-01-02-08:54:55
|j|☆supahotmeme
|j|☆Barbar3d
|player|p1|supahotmeme|swimmerf-gen4|1173
|player|p2|Barbar3d|pokemaniac|1098
|teamsize|p1|6
|teamsize|p2|6
|gametype|singles
|gen|8
|tier|[Gen 8] OU
|rated|
|rule|Sleep Clause Mod: Limit one foe put to sleep
|rule|Species Clause: Limit one of each Pokémon
|rule|OHKO Clause: OHKO moves are banned
|rule|Evasion Moves Clause: Evasion moves are banned
|rule|Endless Battle Clause: Forcing endless battles is banned
|rule|HP Percentage Mod: HP is shown in percentages
|clearpoke
|poke|p1|Dragapult, M|
|poke|p1|Aegislash, F|
|poke|p1|Dugtrio, M|
|poke|p1|Quagsire, M|
|poke|p1|Corviknight, F|
|poke|p1|Mandibuzz, F|
|poke|p2|Grimmsnarl, M|
|poke|p2|Indeedee, M|
|poke|p2|Obstagoon, M|
|poke|p2|Hawlucha, M|
|poke|p2|Corsola-Galar, M|
|poke|p2|Seismitoad, F|
|rule|Dynamax Clause: You cannot dynamax
|teampreview
|inactive|Battle timer is ON: inactive players will automatically lose when time's up. (requested by supahotmeme)
|
|start
|switch|p1a: Support Squad|Dugtrio, M|100/100
|switch|p2a: Grimmsnarl|Grimmsnarl, M|100/100
|turn|1
|
|switch|p1a: Mandibuzz|Mandibuzz, F|100/100
|move|p2a: Grimmsnarl|Reflect|p2a: Grimmsnarl
|-sidestart|p2: Barbar3d|Reflect
|
|upkeep
|turn|2
|
|switch|p2a: Seismitoad|Seismitoad, F|100/100
|move|p1a: Mandibuzz|Knock Off|p2a: Seismitoad
|-damage|p2a: Seismitoad|92/100
|-enditem|p2a: Seismitoad|Leftovers|[from] move: Knock Off|[of] p1a: Mandibuzz
|
|upkeep
|turn|3
|
|move|p1a: Mandibuzz|U-turn|p2a: Seismitoad
|-damage|p2a: Seismitoad|88/100
|
|switch|p1a: Corviknight|Corviknight, F|100/100|[from]move: U-turn
|move|p2a: Seismitoad|Stealth Rock|p1a: Corviknight
|-sidestart|p1: supahotmeme|move: Stealth Rock
|
|upkeep
|turn|4
|
|switch|p2a: Corsola|Corsola-Galar, M|100/100
|move|p1a: Corviknight|Substitute|p1a: Corviknight
|-start|p1a: Corviknight|Substitute
|-damage|p1a: Corviknight|75/100
|
|-heal|p1a: Corviknight|82/100|[from] item: Leftovers
|upkeep
|turn|5
|
|move|p1a: Corviknight|Bulk Up|p1a: Corviknight
|-boost|p1a: Corviknight|atk|1
|-boost|p1a: Corviknight|def|1
|move|p2a: Corsola|Night Shade|p1a: Corviknight
|-end|p1a: Corviknight|Substitute
|
|-heal|p1a: Corviknight|88/100|[from] item: Leftovers
|upkeep
|turn|6
|
|move|p1a: Corviknight|Substitute|p1a: Corviknight
|-start|p1a: Corviknight|Substitute
|-damage|p1a: Corviknight|63/100
|move|p2a: Corsola|Will-O-Wisp||[still]
|-fail|p2a: Corsola
|
|-heal|p1a: Corviknight|69/100|[from] item: Leftovers
|upkeep
|turn|7
|
|move|p1a: Corviknight|Bulk Up|p1a: Corviknight
|-boost|p1a: Corviknight|atk|1
|-boost|p1a: Corviknight|def|1
|move|p2a: Corsola|Night Shade|p1a: Corviknight
|-end|p1a: Corviknight|Substitute
|
|-heal|p1a: Corviknight|75/100|[from] item: Leftovers
|upkeep
|turn|8
|
|move|p1a: Corviknight|Substitute|p1a: Corviknight
|-start|p1a: Corviknight|Substitute
|-damage|p1a: Corviknight|50/100
|move|p2a: Corsola|Strength Sap||[still]
|-fail|p2a: Corsola
|
|-heal|p1a: Corviknight|57/100|[from] item: Leftovers
|-sideend|p2: Barbar3d|Reflect
|upkeep
|turn|9
|
|switch|p2a: Indeedee|Indeedee, M|100/100
|-fieldstart|move: Psychic Terrain|[from] ability: Psychic Surge|[of] p2a: Indeedee
|move|p1a: Corviknight|Brave Bird|p2a: Indeedee
|-damage|p2a: Indeedee|0 fnt
|-damage|p1a: Corviknight|35/100|[from] Recoil
|faint|p2a: Indeedee
|
|-heal|p1a: Corviknight|41/100|[from] item: Leftovers
|upkeep
|
|switch|p2a: Hawlucha|Hawlucha, M|100/100
|-enditem|p2a: Hawlucha|Psychic Seed
|-boost|p2a: Hawlucha|spd|1
|turn|10
|
|move|p2a: Hawlucha|Acrobatics|p1a: Corviknight
|-resisted|p1a: Corviknight
|-activate|p1a: Corviknight|move: Substitute|[damage]
|move|p1a: Corviknight|Brave Bird|p2a: Hawlucha
|-supereffective|p2a: Hawlucha
|-damage|p2a: Hawlucha|0 fnt
|-damage|p1a: Corviknight|17/100|[from] Recoil
|faint|p2a: Hawlucha
|
|-heal|p1a: Corviknight|23/100|[from] item: Leftovers
|upkeep
|
|switch|p2a: Corsola|Corsola-Galar, M|100/100
|turn|11
|
|move|p1a: Corviknight|Roost|p1a: Corviknight
|-heal|p1a: Corviknight|73/100
|-singleturn|p1a: Corviknight|move: Roost
|move|p2a: Corsola|Night Shade|p1a: Corviknight
|-end|p1a: Corviknight|Substitute
|
|-heal|p1a: Corviknight|79/100|[from] item: Leftovers
|upkeep
|turn|12
|
|move|p1a: Corviknight|Substitute|p1a: Corviknight
|-start|p1a: Corviknight|Substitute
|-damage|p1a: Corviknight|54/100
|move|p2a: Corsola|Strength Sap||[still]
|-fail|p2a: Corsola
|
|-heal|p1a: Corviknight|61/100|[from] item: Leftovers
|upkeep
|turn|13
|
|move|p1a: Corviknight|Brave Bird|p2a: Corsola
|-damage|p2a: Corsola|60/100
|-damage|p1a: Corviknight|50/100|[from] Recoil
|move|p2a: Corsola|Night Shade|p1a: Corviknight
|-end|p1a: Corviknight|Substitute
|
|-heal|p1a: Corviknight|56/100|[from] item: Leftovers
|-fieldend|move: Psychic Terrain
|upkeep
|turn|14
|
|move|p1a: Corviknight|Substitute|p1a: Corviknight
|-start|p1a: Corviknight|Substitute
|-damage|p1a: Corviknight|31/100
|move|p2a: Corsola|Night Shade|p1a: Corviknight
|-end|p1a: Corviknight|Substitute
|
|-heal|p1a: Corviknight|37/100|[from] item: Leftovers
|upkeep
|turn|15
|
|move|p1a: Corviknight|Brave Bird|p2a: Corsola
|-damage|p2a: Corsola|24/100
|-damage|p1a: Corviknight|28/100|[from] Recoil
|move|p2a: Corsola|Will-O-Wisp|p1a: Corviknight
|-status|p1a: Corviknight|brn
|
|-heal|p1a: Corviknight|34/100 brn|[from] item: Leftovers
|-damage|p1a: Corviknight|28/100 brn|[from] brn
|upkeep
|turn|16
|
|move|p1a: Corviknight|Brave Bird|p2a: Corsola
|-damage|p2a: Corsola|7/100
|-damage|p1a: Corviknight|23/100 brn|[from] Recoil
|move|p2a: Corsola|Strength Sap|p1a: Corviknight
|-ability|p1a: Corviknight|Mirror Armor
|-unboost|p2a: Corsola|atk|1
|-heal|p2a: Corsola|100/100
|
|-heal|p1a: Corviknight|29/100 brn|[from] item: Leftovers
|-damage|p1a: Corviknight|23/100 brn|[from] brn
|upkeep
|turn|17
|
|move|p1a: Corviknight|Roost|p1a: Corviknight
|-heal|p1a: Corviknight|73/100 brn
|-singleturn|p1a: Corviknight|move: Roost
|move|p2a: Corsola|Night Shade|p1a: Corviknight
|-damage|p1a: Corviknight|48/100 brn
|
|-heal|p1a: Corviknight|54/100 brn|[from] item: Leftovers
|-damage|p1a: Corviknight|48/100 brn|[from] brn
|upkeep
|turn|18
|
|move|p1a: Corviknight|Bulk Up|p1a: Corviknight
|-boost|p1a: Corviknight|atk|1
|-boost|p1a: Corviknight|def|1
|move|p2a: Corsola|Night Shade|p1a: Corviknight
|-damage|p1a: Corviknight|23/100 brn
|
|-heal|p1a: Corviknight|29/100 brn|[from] item: Leftovers
|-damage|p1a: Corviknight|23/100 brn|[from] brn
|upkeep
|turn|19
|
|move|p1a: Corviknight|Roost|p1a: Corviknight
|-heal|p1a: Corviknight|73/100 brn
|-singleturn|p1a: Corviknight|move: Roost
|move|p2a: Corsola|Night Shade|p1a: Corviknight
|-damage|p1a: Corviknight|48/100 brn
|
|-heal|p1a: Corviknight|54/100 brn|[from] item: Leftovers
|-damage|p1a: Corviknight|48/100 brn|[from] brn
|upkeep
|turn|20
|
|switch|p2a: Obstagoon|Obstagoon, M|100/100
|move|p1a: Corviknight|Bulk Up|p1a: Corviknight
|-boost|p1a: Corviknight|atk|1
|-boost|p1a: Corviknight|def|1
|
|-heal|p1a: Corviknight|54/100 brn|[from] item: Leftovers
|-damage|p1a: Corviknight|48/100 brn|[from] brn
|-status|p2a: Obstagoon|brn|[from] item: Flame Orb
|upkeep
|turn|21
|
|move|p2a: Obstagoon|Close Combat|p1a: Corviknight
|-damage|p1a: Corviknight|35/100 brn
|-unboost|p2a: Obstagoon|def|1
|-unboost|p2a: Obstagoon|spd|1
|move|p1a: Corviknight|Brave Bird|p2a: Obstagoon
|-damage|p2a: Obstagoon|11/100 brn
|-damage|p1a: Corviknight|11/100 brn|[from] Recoil
|
|-heal|p1a: Corviknight|17/100 brn|[from] item: Leftovers
|-damage|p2a: Obstagoon|5/100 brn|[from] brn
|-damage|p1a: Corviknight|11/100 brn|[from] brn
|upkeep
|turn|22
|
|move|p2a: Obstagoon|Close Combat|p1a: Corviknight
|-crit|p1a: Corviknight
|-damage|p1a: Corviknight|0 fnt
|-unboost|p2a: Obstagoon|def|1
|-unboost|p2a: Obstagoon|spd|1
|faint|p1a: Corviknight
|
|-damage|p2a: Obstagoon|0 fnt|[from] brn
|faint|p2a: Obstagoon
|upkeep
|
|switch|p2a: Grimmsnarl|Grimmsnarl, M|100/100
|switch|p1a: Mandibuzz|Mandibuzz, F|100/100
|turn|23
|
|move|p1a: Mandibuzz|Knock Off|p2a: Grimmsnarl
|-resisted|p2a: Grimmsnarl
|-damage|p2a: Grimmsnarl|94/100
|-enditem|p2a: Grimmsnarl|Light Clay|[from] move: Knock Off|[of] p1a: Mandibuzz
|move|p2a: Grimmsnarl|Spirit Break|p1a: Mandibuzz
|-supereffective|p1a: Mandibuzz
|-damage|p1a: Mandibuzz|57/100
|-unboost|p1a: Mandibuzz|spa|1
|
|upkeep
|turn|24
|
|move|p1a: Mandibuzz|Roost|p1a: Mandibuzz
|-heal|p1a: Mandibuzz|100/100
|-singleturn|p1a: Mandibuzz|move: Roost
|move|p2a: Grimmsnarl|Spirit Break|p1a: Mandibuzz
|-supereffective|p1a: Mandibuzz
|-damage|p1a: Mandibuzz|57/100
|-unboost|p1a: Mandibuzz|spa|1
|
|upkeep
|turn|25
|
|switch|p2a: Seismitoad|Seismitoad, F|88/100
|move|p1a: Mandibuzz|Defog|p2a: Seismitoad
|-unboost|p2a: Seismitoad|evasion|1
|-sideend|p1: supahotmeme|Stealth Rock|[from] move: Defog|[of] p1a: Mandibuzz
|
|upkeep
|turn|26
|
|move|p1a: Mandibuzz|U-turn|p2a: Seismitoad
|-damage|p2a: Seismitoad|80/100
|
|switch|p1a: Quagsire|Quagsire, M|100/100|[from]move: U-turn
|move|p2a: Seismitoad|Toxic|p1a: Quagsire
|-status|p1a: Quagsire|tox
|
|-damage|p1a: Quagsire|94/100 tox|[from] psn
|upkeep
|turn|27
|
|move|p2a: Seismitoad|Earthquake|p1a: Quagsire
|-damage|p1a: Quagsire|70/100 tox
|move|p1a: Quagsire|Toxic|p2a: Seismitoad
|-status|p2a: Seismitoad|tox
|
|-heal|p1a: Quagsire|76/100 tox|[from] item: Leftovers
|-damage|p2a: Seismitoad|74/100 tox|[from] psn
|-damage|p1a: Quagsire|63/100 tox|[from] psn
|upkeep
|turn|28
|
|switch|p1a: Mandibuzz|Mandibuzz, F|57/100
|move|p2a: Seismitoad|Stealth Rock|p1a: Mandibuzz
|-sidestart|p1: supahotmeme|move: Stealth Rock
|
|-damage|p2a: Seismitoad|62/100 tox|[from] psn
|upkeep
|turn|29
|
|move|p1a: Mandibuzz|Defog|p2a: Seismitoad
|-unboost|p2a: Seismitoad|evasion|1
|-sideend|p1: supahotmeme|Stealth Rock|[from] move: Defog|[of] p1a: Mandibuzz
|move|p2a: Seismitoad|Toxic|p1a: Mandibuzz
|-status|p1a: Mandibuzz|tox
|
|-damage|p1a: Mandibuzz|51/100 tox|[from] psn
|-damage|p2a: Seismitoad|44/100 tox|[from] psn
|upkeep
|turn|30
|
|switch|p2a: Corsola|Corsola-Galar, M|100/100
|move|p1a: Mandibuzz|U-turn|p2a: Corsola
|-resisted|p2a: Corsola
|-damage|p2a: Corsola|97/100
|
|switch|p1a: Tank|Aegislash, F|100/100|[from]move: U-turn
|
|upkeep
|turn|31
|
|move|p1a: Tank|Metal Sound|p2a: Corsola
|-unboost|p2a: Corsola|spd|2
|move|p2a: Corsola|Will-O-Wisp|p1a: Tank
|-status|p1a: Tank|brn
|
|-damage|p1a: Tank|94/100 brn|[from] brn
|upkeep
|turn|32
|
|switch|p2a: Grimmsnarl|Grimmsnarl, M|94/100
|-formechange|p1a: Tank|Aegislash-Blade||[from] ability: Stance Change
|move|p1a: Tank|Flash Cannon|p2a: Grimmsnarl
|-supereffective|p2a: Grimmsnarl
|-damage|p2a: Grimmsnarl|17/100
|
|-heal|p1a: Tank|100/100 brn|[from] item: Leftovers
|-damage|p1a: Tank|94/100 brn|[from] brn
|upkeep
|turn|33
|
|move|p1a: Tank|Flash Cannon|p2a: Grimmsnarl
|-supereffective|p2a: Grimmsnarl
|-damage|p2a: Grimmsnarl|0 fnt
|faint|p2a: Grimmsnarl
|
|-heal|p1a: Tank|100/100 brn|[from] item: Leftovers
|-damage|p1a: Tank|94/100 brn|[from] brn
|upkeep
|
|switch|p2a: Seismitoad|Seismitoad, F|44/100 tox
|turn|34
|
|-formechange|p1a: Tank|Aegislash||[from] ability: Stance Change
|move|p1a: Tank|King's Shield|p1a: Tank
|-singleturn|p1a: Tank|Protect
|move|p2a: Seismitoad|Scald|p1a: Tank
|-activate|p1a: Tank|move: Protect
|
|-heal|p1a: Tank|100/100 brn|[from] item: Leftovers
|-damage|p1a: Tank|94/100 brn|[from] brn
|-damage|p2a: Seismitoad|38/100 tox|[from] psn
|upkeep
|turn|35
|
|switch|p1a: Mandibuzz|Mandibuzz, F|51/100 tox
|move|p2a: Seismitoad|Stealth Rock|p1a: Mandibuzz
|-sidestart|p1: supahotmeme|move: Stealth Rock
|
|-damage|p1a: Mandibuzz|45/100 tox|[from] psn
|-damage|p2a: Seismitoad|26/100 tox|[from] psn
|upkeep
|turn|36
|
|move|p1a: Mandibuzz|Defog|p2a: Seismitoad
|-unboost|p2a: Seismitoad|evasion|1
|-sideend|p1: supahotmeme|Stealth Rock|[from] move: Defog|[of] p1a: Mandibuzz
|move|p2a: Seismitoad|Scald|p1a: Mandibuzz
|-damage|p1a: Mandibuzz|30/100 tox
|
|-damage|p1a: Mandibuzz|17/100 tox|[from] psn
|-damage|p2a: Seismitoad|8/100 tox|[from] psn
|upkeep
|turn|37
|
|move|p1a: Mandibuzz|Knock Off|p2a: Seismitoad
|-damage|p2a: Seismitoad|0 fnt
|faint|p2a: Seismitoad
|
|-damage|p1a: Mandibuzz|0 fnt|[from] psn
|faint|p1a: Mandibuzz
|upkeep
|
|switch|p1a: Tank|Aegislash, F|94/100 brn
|switch|p2a: Corsola|Corsola-Galar, M|97/100
|turn|38
|
|move|p1a: Tank|Metal Sound|p2a: Corsola
|-unboost|p2a: Corsola|spd|2
|move|p2a: Corsola|Night Shade|p1a: Tank
|-damage|p1a: Tank|59/100 brn
|
|-heal|p1a: Tank|65/100 brn|[from] item: Leftovers
|-damage|p1a: Tank|59/100 brn|[from] brn
|upkeep
|turn|39
|
|-formechange|p1a: Tank|Aegislash-Blade||[from] ability: Stance Change
|move|p1a: Tank|Shadow Ball|p2a: Corsola
|-supereffective|p2a: Corsola
|-damage|p2a: Corsola|0 fnt
|faint|p2a: Corsola
|
|win|supahotmeme
|raw|supahotmeme's rating: 1173 → 1193(+20 for winning)
|raw|Barbar3d's rating: 1099 → 1079(-20 for losing)
|l|☆supahotmeme
