|ScrapeTime|2020-01-01-05:55:18
|j|☆Sealx♬
|j|☆RenegadeWinds111
|player|p1|Sealx♬|hilbert-dueldisk|1431
|player|p2|RenegadeWinds111|262|1491
|teamsize|p1|6
|teamsize|p2|6
|gametype|singles
|gen|8
|tier|[Gen 8] OU
|rated|
|rule|Sleep Clause Mod: Limit one foe put to sleep
|rule|Species Clause: Limit one of each Pokémon
|rule|OHKO Clause: OHKO moves are banned
|rule|Evasion Moves Clause: Evasion moves are banned
|rule|Endless Battle Clause: Forcing endless battles is banned
|rule|HP Percentage Mod: HP is shown in percentages
|clearpoke
|poke|p1|Grimmsnarl, M|
|poke|p1|Hydreigon, F|
|poke|p1|Mew|
|poke|p1|Polteageist|
|poke|p1|Bisharp, F|
|poke|p1|Toxtricity, F|
|poke|p2|Aegislash, M|
|poke|p2|Clefable, F|
|poke|p2|Conkeldurr, M|
|poke|p2|Mandibuzz, F|
|poke|p2|Seismitoad, M|
|poke|p2|Hydreigon, M|
|rule|Dynamax Clause: You cannot dynamax
|teampreview
|
|start
|switch|p1a: Mew|Mew|100/100
|switch|p2a: Hydreigon|Hydreigon, M|100/100
|turn|1
|
|move|p2a: Hydreigon|Dark Pulse|p1a: Mew
|-supereffective|p1a: Mew
|-damage|p1a: Mew|30/100
|cant|p1a: Mew|flinch
|
|upkeep
|turn|2
|inactive|Battle timer is ON: inactive players will automatically lose when time's up. (requested by Sealx♬)
|
|switch|p2a: Clefable|Clefable, F|100/100
|switch|p1a: Grimmsnarl|Grimmsnarl, M|100/100
|
|upkeep
|turn|3
|
|move|p1a: Grimmsnarl|Light Screen|p1a: Grimmsnarl
|-sidestart|p1: Sealx♬|move: Light Screen
|move|p2a: Clefable|Moonblast|p1a: Grimmsnarl
|-supereffective|p1a: Grimmsnarl
|-damage|p1a: Grimmsnarl|78/100
|
|upkeep
|turn|4
|
|switch|p2a: Mandibuzz|Mandibuzz, F|100/100
|move|p1a: Grimmsnarl|Thunder Wave|p2a: Mandibuzz
|-hint|Since gen 7, Dark is immune to Prankster moves.
|-immune|p2a: Mandibuzz
|
|upkeep
|turn|5
|inactive|Sealx♬ has 120 seconds left.
|
|move|p1a: Grimmsnarl|Taunt|p2a: Mandibuzz
|-hint|Since gen 7, Dark is immune to Prankster moves.
|-immune|p2a: Mandibuzz
|move|p2a: Mandibuzz|Defog|p1a: Grimmsnarl
|-unboost|p1a: Grimmsnarl|evasion|1
|-sideend|p1: Sealx♬|move: Light Screen
|
|upkeep
|turn|6
|
|move|p1a: Grimmsnarl|Light Screen|p1a: Grimmsnarl
|-sidestart|p1: Sealx♬|move: Light Screen
|move|p2a: Mandibuzz|Taunt|p1a: Grimmsnarl
|-start|p1a: Grimmsnarl|move: Taunt
|
|upkeep
|turn|7
|
|switch|p1a: Mew|Mew|30/100
|move|p2a: Mandibuzz|Defog|p1a: Mew
|-unboost|p1a: Mew|evasion|1
|-sideend|p1: Sealx♬|move: Light Screen
|
|upkeep
|turn|8
|
|move|p1a: Mew|Stealth Rock|p2a: Mandibuzz
|-sidestart|p2: RenegadeWinds111|move: Stealth Rock
|move|p2a: Mandibuzz|Foul Play|p1a: Mew
|-supereffective|p1a: Mew
|-damage|p1a: Mew|0 fnt
|faint|p1a: Mew
|
|upkeep
|
|switch|p1a: Toxtricity|Toxtricity, F|100/100
|turn|9
|
|move|p1a: Toxtricity|Shift Gear|p1a: Toxtricity
|-boost|p1a: Toxtricity|spe|2
|-boost|p1a: Toxtricity|atk|1
|move|p2a: Mandibuzz|Foul Play|p1a: Toxtricity
|-damage|p1a: Toxtricity|42/100
|
|upkeep
|turn|10
|
|move|p1a: Toxtricity|Overdrive|p2a: Mandibuzz
|-supereffective|p2a: Mandibuzz
|-damage|p2a: Mandibuzz|28/100
|-enditem|p1a: Toxtricity|Throat Spray
|-boost|p1a: Toxtricity|spa|1
|move|p2a: Mandibuzz|Foul Play|p1a: Toxtricity
|-damage|p1a: Toxtricity|0 fnt
|faint|p1a: Toxtricity
|
|upkeep
|
|switch|p1a: Hydreigon|Hydreigon, F|100/100
|turn|11
|
|move|p1a: Hydreigon|Flash Cannon|p2a: Mandibuzz
|-damage|p2a: Mandibuzz|5/100
|move|p2a: Mandibuzz|Roost|p2a: Mandibuzz
|-heal|p2a: Mandibuzz|55/100
|-singleturn|p2a: Mandibuzz|move: Roost
|
|upkeep
|turn|12
|-message|Sealx♬ forfeited.
|
|win|RenegadeWinds111
|l|☆Sealx♬
