|ScrapeTime|2020-01-01-21:36:46
|j|☆ayevon
|j|☆bernarddd
|player|p1|ayevon|170|1533
|player|p2|bernarddd|102|1509
|teamsize|p1|6
|teamsize|p2|6
|gametype|singles
|gen|8
|tier|[Gen 8] OU
|rated|
|rule|Sleep Clause Mod: Limit one foe put to sleep
|rule|Species Clause: Limit one of each Pokémon
|rule|OHKO Clause: OHKO moves are banned
|rule|Evasion Moves Clause: Evasion moves are banned
|rule|Endless Battle Clause: Forcing endless battles is banned
|rule|HP Percentage Mod: HP is shown in percentages
|clearpoke
|poke|p1|Dragapult, F|
|poke|p1|Rotom-Heat|
|poke|p1|Seismitoad, M|
|poke|p1|Mandibuzz, F|
|poke|p1|Ferrothorn, F|
|poke|p1|Gengar, F|
|poke|p2|Goodra, M|
|poke|p2|Sylveon, M|
|poke|p2|Cinderace, M|
|poke|p2|Toxtricity, M|
|poke|p2|Seismitoad, M|
|poke|p2|Corviknight, M|
|rule|Dynamax Clause: You cannot dynamax
|teampreview
|inactive|Battle timer is ON: inactive players will automatically lose when time's up. (requested by bernarddd)
|inactive|ayevon has 120 seconds left.
|
|start
|switch|p1a: Seismitoad|Seismitoad, M|100/100
|switch|p2a: Cinderace|Cinderace, M|100/100
|turn|1
|
|move|p2a: Cinderace|U-turn|p1a: Seismitoad
|-damage|p1a: Seismitoad|81/100
|-damage|p2a: Cinderace|91/100|[from] item: Life Orb
|
|switch|p2a: Seismitoad|Seismitoad, M|100/100|[from]move: U-turn
|move|p1a: Seismitoad|Toxic|p2a: Seismitoad
|-status|p2a: Seismitoad|tox
|
|-heal|p1a: Seismitoad|87/100|[from] item: Leftovers
|-damage|p2a: Seismitoad|94/100 tox|[from] psn
|upkeep
|turn|2
|
|move|p1a: Seismitoad|Stealth Rock|p2a: Seismitoad
|-sidestart|p2: bernarddd|move: Stealth Rock
|move|p2a: Seismitoad|Toxic|p1a: Seismitoad
|-status|p1a: Seismitoad|tox
|
|-heal|p1a: Seismitoad|93/100 tox|[from] item: Leftovers
|-heal|p2a: Seismitoad|100/100 tox|[from] item: Leftovers
|-damage|p1a: Seismitoad|87/100 tox|[from] psn
|-damage|p2a: Seismitoad|88/100 tox|[from] psn
|upkeep
|turn|3
|
|switch|p1a: Dragapult|Dragapult, F|100/100
|move|p2a: Seismitoad|Stealth Rock|p1a: Dragapult
|-sidestart|p1: ayevon|move: Stealth Rock
|
|-heal|p2a: Seismitoad|94/100 tox|[from] item: Leftovers
|-damage|p2a: Seismitoad|76/100 tox|[from] psn
|upkeep
|turn|4
|
|switch|p2a: Sylveon|Sylveon, M|100/100
|-damage|p2a: Sylveon|88/100|[from] Stealth Rock
|move|p1a: Dragapult|Substitute|p1a: Dragapult
|-start|p1a: Dragapult|Substitute
|-damage|p1a: Dragapult|76/100
|
|-heal|p1a: Dragapult|82/100|[from] item: Leftovers
|-heal|p2a: Sylveon|94/100|[from] item: Leftovers
|upkeep
|turn|5
|
|switch|p1a: Rotom|Rotom-Heat|100/100
|move|p2a: Sylveon|Wish|p2a: Sylveon
|
|-heal|p2a: Sylveon|99/100|[from] item: Leftovers
|upkeep
|turn|6
|
|switch|p1a: Ferrothorn|Ferrothorn, F|100/100
|-damage|p1a: Ferrothorn|95/100|[from] Stealth Rock
|switch|p2a: Seismitoad|Seismitoad, M|76/100 tox
|-damage|p2a: Seismitoad|70/100 tox|[from] Stealth Rock
|
|-heal|p2a: Seismitoad|100/100 tox|[from] move: Wish|[wisher] Sylveon
|-heal|p1a: Ferrothorn|100/100|[from] item: Leftovers
|-damage|p2a: Seismitoad|94/100 tox|[from] psn
|upkeep
|turn|7
|j| Yugi Low
|
|switch|p2a: Cinderace|Cinderace, M|91/100
|-damage|p2a: Cinderace|66/100|[from] Stealth Rock
|move|p1a: Ferrothorn|Leech Seed|p2a: Cinderace
|-start|p2a: Cinderace|move: Leech Seed
|
|-damage|p2a: Cinderace|53/100|[from] Leech Seed|[of] p1a: Ferrothorn
|upkeep
|turn|8
|
|switch|p1a: Seismitoad|Seismitoad, M|87/100 tox
|-damage|p1a: Seismitoad|81/100 tox|[from] Stealth Rock
|move|p2a: Cinderace|Pyro Ball|p1a: Seismitoad
|-resisted|p1a: Seismitoad
|-damage|p1a: Seismitoad|54/100 tox
|-damage|p2a: Cinderace|43/100|[from] item: Life Orb
|
|-heal|p1a: Seismitoad|60/100 tox|[from] item: Leftovers
|-damage|p2a: Cinderace|31/100|[from] Leech Seed|[of] p1a: Seismitoad
|-heal|p1a: Seismitoad|69/100 tox|[silent]
|-damage|p1a: Seismitoad|63/100 tox|[from] psn
|upkeep
|turn|9
|
|switch|p2a: Corviknight|Corviknight, M|100/100
|-damage|p2a: Corviknight|88/100|[from] Stealth Rock
|-ability|p2a: Corviknight|Pressure
|switch|p1a: Mandibuzz|Mandibuzz, F|100/100
|
|-heal|p2a: Corviknight|94/100|[from] item: Leftovers
|upkeep
|turn|10
|
|switch|p1a: Rotom|Rotom-Heat|100/100
|move|p2a: Corviknight|U-turn|p1a: Rotom
|-resisted|p1a: Rotom
|-crit|p1a: Rotom
|-damage|p1a: Rotom|92/100
|
|switch|p2a: Sylveon|Sylveon, M|99/100|[from]move: U-turn
|-damage|p2a: Sylveon|88/100|[from] Stealth Rock
|
|-heal|p2a: Sylveon|94/100|[from] item: Leftovers
|upkeep
|turn|11
|j| dkleine99
|l|☆bernarddd
|inactive|bernarddd disconnected and has a minute to reconnect!
|player|p2|
|inactive|bernarddd has 30 seconds to reconnect!
|j|☆bernarddd
|inactive|bernarddd reconnected and has 95 seconds left.
|player|p2|bernarddd|102
|
|move|p1a: Rotom|Thunder Wave|p2a: Sylveon
|-status|p2a: Sylveon|par
|move|p2a: Sylveon|Wish|p2a: Sylveon
|
|-heal|p2a: Sylveon|99/100 par|[from] item: Leftovers
|upkeep
|turn|12
|l| dkleine99
|
|switch|p2a: Cinderace|Cinderace, M|31/100
|-damage|p2a: Cinderace|6/100|[from] Stealth Rock
|move|p1a: Rotom|Nasty Plot|p1a: Rotom
|-boost|p1a: Rotom|spa|2
|
|-heal|p2a: Cinderace|71/100|[from] move: Wish|[wisher] Sylveon
|upkeep
|turn|13
|
|move|p2a: Cinderace|High Jump Kick|p1a: Rotom
|-damage|p1a: Rotom|43/100
|-damage|p2a: Cinderace|61/100|[from] item: Life Orb
|move|p1a: Rotom|Thunder Wave|p2a: Cinderace
|-status|p2a: Cinderace|par
|
|upkeep
|turn|14
|
|cant|p2a: Cinderace|par
|move|p1a: Rotom|Volt Switch|p2a: Cinderace
|-damage|p2a: Cinderace|0 fnt
|faint|p2a: Cinderace
|
|switch|p1a: Seismitoad|Seismitoad, M|63/100 tox|[from]move: Volt Switch
|-damage|p1a: Seismitoad|57/100 tox|[from] Stealth Rock
|
|-heal|p1a: Seismitoad|63/100 tox|[from] item: Leftovers
|-damage|p1a: Seismitoad|57/100 tox|[from] psn
|upkeep
|
|switch|p2a: Goodra|Goodra, M|100/100
|-damage|p2a: Goodra|88/100|[from] Stealth Rock
|turn|15
|
|move|p2a: Goodra|Dragon Pulse|p1a: Seismitoad
|-damage|p1a: Seismitoad|9/100 tox
|move|p1a: Seismitoad|Toxic|p2a: Goodra
|-status|p2a: Goodra|tox
|
|-heal|p1a: Seismitoad|15/100 tox|[from] item: Leftovers
|-damage|p2a: Goodra|82/100 tox|[from] psn
|-damage|p1a: Seismitoad|3/100 tox|[from] psn
|upkeep
|turn|16
|
|move|p2a: Goodra|Dragon Pulse|p1a: Seismitoad
|-damage|p1a: Seismitoad|0 fnt
|faint|p1a: Seismitoad
|
|-damage|p2a: Goodra|70/100 tox|[from] psn
|upkeep
|
|switch|p1a: Mandibuzz|Mandibuzz, F|100/100
|turn|17
|
|move|p2a: Goodra|Thunderbolt|p1a: Mandibuzz
|-supereffective|p1a: Mandibuzz
|-damage|p1a: Mandibuzz|47/100
|move|p1a: Mandibuzz|Foul Play|p2a: Goodra
|-damage|p2a: Goodra|42/100 tox
|
|-damage|p2a: Goodra|24/100 tox|[from] psn
|upkeep
|turn|18
|
|switch|p1a: Rotom|Rotom-Heat|43/100
|move|p2a: Goodra|Thunderbolt|p1a: Rotom
|-resisted|p1a: Rotom
|-damage|p1a: Rotom|28/100
|
|-damage|p2a: Goodra|0 fnt|[from] psn
|faint|p2a: Goodra
|upkeep
|inactive|bernarddd has 120 seconds left.
|
|switch|p2a: Toxtricity|Toxtricity, M|100/100
|-damage|p2a: Toxtricity|88/100|[from] Stealth Rock
|turn|19
|inactive|bernarddd has 120 seconds left.
|
|switch|p1a: Mandibuzz|Mandibuzz, F|47/100
|move|p2a: Toxtricity|Shift Gear|p2a: Toxtricity
|-boost|p2a: Toxtricity|spe|2
|-boost|p2a: Toxtricity|atk|1
|
|upkeep
|turn|20
|
|move|p2a: Toxtricity|Overdrive|p1a: Mandibuzz
|-supereffective|p1a: Mandibuzz
|-damage|p1a: Mandibuzz|0 fnt
|-enditem|p2a: Toxtricity|Throat Spray
|-boost|p2a: Toxtricity|spa|1
|faint|p1a: Mandibuzz
|
|upkeep
|
|switch|p1a: Ferrothorn|Ferrothorn, F|100/100
|-damage|p1a: Ferrothorn|95/100|[from] Stealth Rock
|turn|21
|
|switch|p1a: Rotom|Rotom-Heat|28/100
|move|p2a: Toxtricity|Fire Punch|p1a: Rotom
|-resisted|p1a: Rotom
|-damage|p1a: Rotom|17/100
|
|upkeep
|turn|22
|
|move|p2a: Toxtricity|Boomburst|p1a: Rotom
|-damage|p1a: Rotom|0 fnt
|faint|p1a: Rotom
|
|upkeep
|
|switch|p1a: Dragapult|Dragapult, F|82/100
|-damage|p1a: Dragapult|69/100|[from] Stealth Rock
|turn|23
|
|move|p2a: Toxtricity|Overdrive|p1a: Dragapult
|-resisted|p1a: Dragapult
|-damage|p1a: Dragapult|13/100
|-start|p2a: Toxtricity|Disable|Overdrive|[from] ability: Cursed Body|[of] p1a: Dragapult
|move|p1a: Dragapult|Dragon Pulse|p2a: Toxtricity
|-damage|p2a: Toxtricity|19/100
|
|-heal|p1a: Dragapult|19/100|[from] item: Leftovers
|upkeep
|turn|24
|
|move|p2a: Toxtricity|Fire Punch|p1a: Dragapult
|-resisted|p1a: Dragapult
|-damage|p1a: Dragapult|3/100
|move|p1a: Dragapult|Dragon Pulse|p2a: Toxtricity
|-damage|p2a: Toxtricity|0 fnt
|faint|p2a: Toxtricity
|
|-heal|p1a: Dragapult|9/100|[from] item: Leftovers
|upkeep
|
|switch|p2a: Sylveon|Sylveon, M|99/100 par
|-damage|p2a: Sylveon|88/100 par|[from] Stealth Rock
|turn|25
|
|move|p1a: Dragapult|Hex|p2a: Sylveon
|-damage|p2a: Sylveon|55/100 par
|move|p2a: Sylveon|Wish|p2a: Sylveon
|
|-heal|p1a: Dragapult|15/100|[from] item: Leftovers
|-heal|p2a: Sylveon|61/100 par|[from] item: Leftovers
|upkeep
|turn|26
|
|switch|p1a: Gengar|Gengar, F|100/100
|-damage|p1a: Gengar|88/100|[from] Stealth Rock
|move|p2a: Sylveon|Hyper Voice|p1a: Gengar
|-resisted|p1a: Gengar
|-damage|p1a: Gengar|53/100
|-start|p2a: Sylveon|Disable|Hyper Voice|[from] ability: Cursed Body|[of] p1a: Gengar
|
|-heal|p2a: Sylveon|100/100 par|[from] move: Wish|[wisher] Sylveon
|upkeep
|turn|27
|inactive|bernarddd has 120 seconds left.
|
|switch|p2a: Seismitoad|Seismitoad, M|94/100 tox
|-damage|p2a: Seismitoad|88/100 tox|[from] Stealth Rock
|move|p1a: Gengar|Trick|p2a: Seismitoad
|-activate|p1a: Gengar|move: Trick|[of] p2a: Seismitoad
|-item|p2a: Seismitoad|Choice Scarf|[from] move: Trick
|-item|p1a: Gengar|Leftovers|[from] move: Trick
|
|-heal|p1a: Gengar|59/100|[from] item: Leftovers
|-damage|p2a: Seismitoad|82/100 tox|[from] psn
|upkeep
|turn|28
|inactive|bernarddd has 90 seconds left.
|l|☆bernarddd
|inactive|bernarddd disconnected and has a minute to reconnect!
|player|p2|
|j|☆bernarddd
|inactive|bernarddd reconnected and has 80 seconds left.
|player|p2|bernarddd|102
|
|switch|p1a: Ferrothorn|Ferrothorn, F|95/100
|-damage|p1a: Ferrothorn|89/100|[from] Stealth Rock
|move|p2a: Seismitoad|Earthquake|p1a: Ferrothorn
|-damage|p1a: Ferrothorn|65/100
|
|-heal|p1a: Ferrothorn|71/100|[from] item: Leftovers
|-damage|p2a: Seismitoad|70/100 tox|[from] psn
|upkeep
|turn|29
|inactive|ayevon has 120 seconds left.
|
|move|p2a: Seismitoad|Earthquake|p1a: Ferrothorn
|-damage|p1a: Ferrothorn|50/100
|move|p1a: Ferrothorn|Power Whip|p2a: Seismitoad
|-supereffective|p2a: Seismitoad
|-damage|p2a: Seismitoad|0 fnt
|faint|p2a: Seismitoad
|
|-heal|p1a: Ferrothorn|56/100|[from] item: Leftovers
|upkeep
|
|switch|p2a: Sylveon|Sylveon, M|100/100 par
|-damage|p2a: Sylveon|88/100 par|[from] Stealth Rock
|turn|30
|inactive|ayevon has 120 seconds left.
|
|switch|p1a: Dragapult|Dragapult, F|15/100
|-damage|p1a: Dragapult|3/100|[from] Stealth Rock
|cant|p2a: Sylveon|par
|
|-heal|p1a: Dragapult|9/100|[from] item: Leftovers
|-heal|p2a: Sylveon|94/100 par|[from] item: Leftovers
|upkeep
|turn|31
|
|move|p1a: Dragapult|Hex|p2a: Sylveon
|-damage|p2a: Sylveon|59/100 par
|move|p2a: Sylveon|Wish|p2a: Sylveon
|
|-heal|p1a: Dragapult|15/100|[from] item: Leftovers
|-heal|p2a: Sylveon|65/100 par|[from] item: Leftovers
|upkeep
|turn|32
|
|move|p1a: Dragapult|Hex|p2a: Sylveon
|-damage|p2a: Sylveon|32/100 par
|cant|p2a: Sylveon|par
|
|-heal|p2a: Sylveon|82/100 par|[from] move: Wish|[wisher] Sylveon
|-heal|p1a: Dragapult|21/100|[from] item: Leftovers
|-heal|p2a: Sylveon|88/100 par|[from] item: Leftovers
|upkeep
|turn|33
|inactive|bernarddd has 90 seconds left.
|
|cant|p2a: Sylveon|par
|move|p1a: Dragapult|Hex|p2a: Sylveon
|-damage|p2a: Sylveon|53/100 par
|
|-heal|p1a: Dragapult|27/100|[from] item: Leftovers
|-heal|p2a: Sylveon|59/100 par|[from] item: Leftovers
|upkeep
|turn|34
|inactive|bernarddd has 90 seconds left.
|
|move|p1a: Dragapult|Hex|p2a: Sylveon
|-damage|p2a: Sylveon|21/100 par
|move|p2a: Sylveon|Wish|p2a: Sylveon
|
|-heal|p1a: Dragapult|33/100|[from] item: Leftovers
|-heal|p2a: Sylveon|27/100 par|[from] item: Leftovers
|upkeep
|turn|35
|
|switch|p1a: Gengar|Gengar, F|59/100
|-damage|p1a: Gengar|47/100|[from] Stealth Rock
|cant|p2a: Sylveon|par
|
|-heal|p2a: Sylveon|77/100 par|[from] move: Wish|[wisher] Sylveon
|-heal|p1a: Gengar|53/100|[from] item: Leftovers
|-heal|p2a: Sylveon|83/100 par|[from] item: Leftovers
|upkeep
|turn|36
|
|switch|p2a: Corviknight|Corviknight, M|94/100
|-damage|p2a: Corviknight|82/100|[from] Stealth Rock
|-ability|p2a: Corviknight|Pressure
|move|p1a: Gengar|Sludge Bomb|p2a: Corviknight
|-immune|p2a: Corviknight
|
|-heal|p1a: Gengar|59/100|[from] item: Leftovers
|-heal|p2a: Corviknight|88/100|[from] item: Leftovers
|upkeep
|turn|37
|
|move|p1a: Gengar|Will-O-Wisp|p2a: Corviknight|[miss]
|-miss|p1a: Gengar|p2a: Corviknight
|move|p2a: Corviknight|Brave Bird|p1a: Gengar
|-damage|p1a: Gengar|0 fnt
|-damage|p2a: Corviknight|75/100|[from] Recoil
|faint|p1a: Gengar
|
|-heal|p2a: Corviknight|81/100|[from] item: Leftovers
|upkeep
|
|switch|p1a: Ferrothorn|Ferrothorn, F|56/100
|-damage|p1a: Ferrothorn|50/100|[from] Stealth Rock
|turn|38
|
|move|p2a: Corviknight|Brave Bird|p1a: Ferrothorn
|-damage|p1a: Ferrothorn|24/100
|-damage|p2a: Corviknight|69/100|[from] ability: Iron Barbs|[of] p1a: Ferrothorn
|-damage|p2a: Corviknight|62/100|[from] Recoil
|move|p1a: Ferrothorn|Leech Seed|p2a: Corviknight
|-start|p2a: Corviknight|move: Leech Seed
|
|-heal|p2a: Corviknight|68/100|[from] item: Leftovers
|-heal|p1a: Ferrothorn|30/100|[from] item: Leftovers
|-damage|p2a: Corviknight|55/100|[from] Leech Seed|[of] p1a: Ferrothorn
|-heal|p1a: Ferrothorn|44/100|[silent]
|upkeep
|turn|39
|
|switch|p2a: Sylveon|Sylveon, M|83/100 par
|-damage|p2a: Sylveon|71/100 par|[from] Stealth Rock
|move|p1a: Ferrothorn|Leech Seed|p2a: Sylveon
|-start|p2a: Sylveon|move: Leech Seed
|
|-heal|p2a: Sylveon|77/100 par|[from] item: Leftovers
|-heal|p1a: Ferrothorn|50/100|[from] item: Leftovers
|-damage|p2a: Sylveon|65/100 par|[from] Leech Seed|[of] p1a: Ferrothorn
|-heal|p1a: Ferrothorn|64/100|[silent]
|upkeep
|turn|40
|
|cant|p2a: Sylveon|par
|move|p1a: Ferrothorn|Power Whip|p2a: Sylveon
|-damage|p2a: Sylveon|31/100 par
|
|-heal|p2a: Sylveon|37/100 par|[from] item: Leftovers
|-heal|p1a: Ferrothorn|70/100|[from] item: Leftovers
|-damage|p2a: Sylveon|25/100 par|[from] Leech Seed|[of] p1a: Ferrothorn
|-heal|p1a: Ferrothorn|84/100|[silent]
|upkeep
|turn|41
|l|☆bernarddd
|inactive|bernarddd disconnected and has a minute to reconnect!
|player|p2|
|inactive|bernarddd has 30 seconds to reconnect!
|inactive|bernarddd has 20 seconds to reconnect!
|inactive|bernarddd has 15 seconds to reconnect!
|j|☆bernarddd
|inactive|bernarddd reconnected and has 50 seconds left.
|player|p2|bernarddd|102
|
|switch|p1a: Dragapult|Dragapult, F|33/100
|-damage|p1a: Dragapult|20/100|[from] Stealth Rock
|cant|p2a: Sylveon|par
|
|-heal|p1a: Dragapult|26/100|[from] item: Leftovers
|-heal|p2a: Sylveon|31/100 par|[from] item: Leftovers
|-damage|p2a: Sylveon|18/100 par|[from] Leech Seed|[of] p1a: Dragapult
|-heal|p1a: Dragapult|42/100|[silent]
|upkeep
|turn|42
|
|switch|p2a: Corviknight|Corviknight, M|55/100
|-damage|p2a: Corviknight|43/100|[from] Stealth Rock
|-ability|p2a: Corviknight|Pressure
|move|p1a: Dragapult|Hex|p2a: Corviknight
|-damage|p2a: Corviknight|17/100
|
|-heal|p1a: Dragapult|48/100|[from] item: Leftovers
|-heal|p2a: Corviknight|23/100|[from] item: Leftovers
|upkeep
|turn|43
|
|move|p1a: Dragapult|Hex|p2a: Corviknight
|-damage|p2a: Corviknight|0 fnt
|faint|p2a: Corviknight
|
|-heal|p1a: Dragapult|54/100|[from] item: Leftovers
|upkeep
|inactive|bernarddd has 30 seconds left.
|l|☆bernarddd
|inactive|bernarddd disconnected and has a minute to reconnect!
|player|p2|
|inactive|bernarddd has 20 seconds left.
|inactive|bernarddd has 15 seconds left.
|inactive|bernarddd has 10 seconds left.
|inactive|bernarddd has 5 seconds left.
|-message|bernarddd lost due to inactivity.
|
|win|ayevon
|l|☆ayevon
|raw|ayevon's rating: 1532 → 1551(+19 for winning)
|raw|bernarddd's rating: 1509 → 1491(-18 for losing)
