|ScrapeTime|2020-01-01-19:14:55
|j|☆Jedi Knight JDM
|j|☆Jogadorfo
|player|p1|Jedi Knight JDM|153|1229
|player|p2|Jogadorfo|170|1212
|teamsize|p1|6
|teamsize|p2|6
|gametype|singles
|gen|8
|tier|[Gen 8] OU
|rated|
|rule|Sleep Clause Mod: Limit one foe put to sleep
|rule|Species Clause: Limit one of each Pokémon
|rule|OHKO Clause: OHKO moves are banned
|rule|Evasion Moves Clause: Evasion moves are banned
|rule|Endless Battle Clause: Forcing endless battles is banned
|rule|HP Percentage Mod: HP is shown in percentages
|clearpoke
|poke|p1|Dracovish|
|poke|p1|Pelipper, F|
|poke|p1|Ferrothorn, M|
|poke|p1|Ribombee, F|
|poke|p1|Seismitoad, M|
|poke|p1|Excadrill, M|
|poke|p2|Dragapult, M|
|poke|p2|Ferrothorn, F|
|poke|p2|Conkeldurr, F|
|poke|p2|Weezing-Galar, M|
|poke|p2|Toxtricity, F|
|poke|p2|Rotom-Wash|
|rule|Dynamax Clause: You cannot dynamax
|teampreview
|inactive|Battle timer is ON: inactive players will automatically lose when time's up. (requested by Jogadorfo)
|
|start
|switch|p1a: Excadrill|Excadrill, M|100/100
|switch|p2a: Conkeldurr|Conkeldurr, F|100/100
|-ability|p1a: Excadrill|Mold Breaker
|turn|1
|
|switch|p1a: Pelipper|Pelipper, F|100/100
|-weather|RainDance|[from] ability: Drizzle|[of] p1a: Pelipper
|move|p2a: Conkeldurr|Drain Punch|p1a: Pelipper
|-resisted|p1a: Pelipper
|-damage|p1a: Pelipper|84/100
|
|-weather|RainDance|[upkeep]
|upkeep
|turn|2
|
|switch|p2a: Rotom|Rotom-Wash|100/100
|move|p1a: Pelipper|Hurricane|p2a: Rotom
|-resisted|p2a: Rotom
|-damage|p2a: Rotom|78/100
|
|-weather|RainDance|[upkeep]
|upkeep
|turn|3
|
|switch|p1a: Ferrothorn|Ferrothorn, M|100/100
|move|p2a: Rotom|Trick|p1a: Ferrothorn
|-activate|p2a: Rotom|move: Trick|[of] p1a: Ferrothorn
|-item|p1a: Ferrothorn|Choice Scarf|[from] move: Trick
|-item|p2a: Rotom|Leftovers|[from] move: Trick
|
|-weather|RainDance|[upkeep]
|-heal|p2a: Rotom|84/100|[from] item: Leftovers
|upkeep
|turn|4
|
|move|p2a: Rotom|Will-O-Wisp|p1a: Ferrothorn
|-status|p1a: Ferrothorn|brn
|move|p1a: Ferrothorn|Power Whip|p2a: Rotom|[miss]
|-miss|p1a: Ferrothorn|p2a: Rotom
|
|-weather|RainDance|[upkeep]
|-heal|p2a: Rotom|91/100|[from] item: Leftovers
|-damage|p1a: Ferrothorn|94/100 brn|[from] brn
|upkeep
|turn|5
|
|move|p2a: Rotom|Volt Switch|p1a: Ferrothorn
|-resisted|p1a: Ferrothorn
|-damage|p1a: Ferrothorn|81/100 brn
|
|switch|p2a: Ferrothorn|Ferrothorn, F, shiny|100/100|[from]move: Volt Switch
|move|p1a: Ferrothorn|Power Whip|p2a: Ferrothorn
|-resisted|p2a: Ferrothorn
|-damage|p2a: Ferrothorn|98/100
|-damage|p1a: Ferrothorn|68/100 brn|[from] ability: Iron Barbs|[of] p2a: Ferrothorn
|
|-weather|RainDance|[upkeep]
|-heal|p2a: Ferrothorn|100/100|[from] item: Leftovers
|-damage|p1a: Ferrothorn|62/100 brn|[from] brn
|upkeep
|turn|6
|
|switch|p1a: Dracovish|Dracovish|100/100
|move|p2a: Ferrothorn|Stealth Rock|p1a: Dracovish
|-sidestart|p1: Jedi Knight JDM|move: Stealth Rock
|
|-weather|RainDance|[upkeep]
|upkeep
|turn|7
|
|move|p1a: Dracovish|Fishious Rend|p2a: Ferrothorn
|-resisted|p2a: Ferrothorn
|-damage|p2a: Ferrothorn|27/100
|-damage|p1a: Dracovish|88/100|[from] ability: Iron Barbs|[of] p2a: Ferrothorn
|move|p2a: Ferrothorn|Knock Off|p1a: Dracovish
|-damage|p1a: Dracovish|64/100
|-enditem|p1a: Dracovish|Choice Band|[from] move: Knock Off|[of] p2a: Ferrothorn
|
|-weather|RainDance|[upkeep]
|-heal|p2a: Ferrothorn|33/100|[from] item: Leftovers
|upkeep
|turn|8
|
|move|p1a: Dracovish|Fishious Rend|p2a: Ferrothorn
|-resisted|p2a: Ferrothorn
|-damage|p2a: Ferrothorn|0 fnt
|-damage|p1a: Dracovish|52/100|[from] ability: Iron Barbs|[of] p2a: Ferrothorn
|faint|p2a: Ferrothorn
|
|-weather|none
|upkeep
|
|switch|p2a: Dragapult|Dragapult, M|100/100
|turn|9
|
|switch|p1a: Ferrothorn|Ferrothorn, M|62/100 brn
|-damage|p1a: Ferrothorn|56/100 brn|[from] Stealth Rock
|move|p2a: Dragapult|Dragon Claw|p1a: Ferrothorn
|-resisted|p1a: Ferrothorn
|-damage|p1a: Ferrothorn|42/100 brn
|-damage|p2a: Dragapult|88/100|[from] ability: Iron Barbs|[of] p1a: Ferrothorn
|-damage|p2a: Dragapult|78/100|[from] item: Life Orb
|
|-damage|p1a: Ferrothorn|36/100 brn|[from] brn
|upkeep
|turn|10
|
|move|p2a: Dragapult|Dragon Dance|p2a: Dragapult
|-boost|p2a: Dragapult|atk|1
|-boost|p2a: Dragapult|spe|1
|move|p1a: Ferrothorn|Leech Seed|p2a: Dragapult
|-start|p2a: Dragapult|move: Leech Seed
|
|-damage|p2a: Dragapult|66/100|[from] Leech Seed|[of] p1a: Ferrothorn
|-heal|p1a: Ferrothorn|47/100 brn|[silent]
|-damage|p1a: Ferrothorn|41/100 brn|[from] brn
|upkeep
|turn|11
|
|switch|p1a: Pelipper|Pelipper, F|84/100
|-damage|p1a: Pelipper|59/100|[from] Stealth Rock
|-weather|RainDance|[from] ability: Drizzle|[of] p1a: Pelipper
|move|p2a: Dragapult|Fire Blast|p1a: Pelipper
|-resisted|p1a: Pelipper
|-crit|p1a: Pelipper
|-damage|p1a: Pelipper|41/100
|-damage|p2a: Dragapult|56/100|[from] item: Life Orb
|
|-weather|RainDance|[upkeep]
|-damage|p2a: Dragapult|44/100|[from] Leech Seed|[of] p1a: Pelipper
|-heal|p1a: Pelipper|53/100|[silent]
|upkeep
|turn|12
|
|switch|p1a: Ferrothorn|Ferrothorn, M|41/100 brn
|-damage|p1a: Ferrothorn|34/100 brn|[from] Stealth Rock
|move|p2a: Dragapult|Dragon Claw|p1a: Ferrothorn
|-resisted|p1a: Ferrothorn
|-damage|p1a: Ferrothorn|14/100 brn
|-damage|p2a: Dragapult|32/100|[from] ability: Iron Barbs|[of] p1a: Ferrothorn
|-damage|p2a: Dragapult|22/100|[from] item: Life Orb
|
|-weather|RainDance|[upkeep]
|-damage|p2a: Dragapult|10/100|[from] Leech Seed|[of] p1a: Ferrothorn
|-heal|p1a: Ferrothorn|25/100 brn|[silent]
|-damage|p1a: Ferrothorn|19/100 brn|[from] brn
|upkeep
|turn|13
|
|move|p2a: Dragapult|Dragon Claw|p1a: Ferrothorn
|-resisted|p1a: Ferrothorn
|-damage|p1a: Ferrothorn|2/100 brn
|-damage|p2a: Dragapult|0 fnt|[from] ability: Iron Barbs|[of] p1a: Ferrothorn
|faint|p2a: Dragapult
|move|p1a: Ferrothorn|Knock Off|p2: Dragapult|[notarget]
|-fail|p1a: Ferrothorn
|
|-weather|RainDance|[upkeep]
|-damage|p1a: Ferrothorn|0 fnt|[from] brn
|faint|p1a: Ferrothorn
|upkeep
|
|switch|p2a: Rotom|Rotom-Wash|91/100
|switch|p1a: Seismitoad|Seismitoad, M|100/100
|-damage|p1a: Seismitoad|94/100|[from] Stealth Rock
|turn|14
|
|move|p1a: Seismitoad|Stealth Rock|p2a: Rotom
|-sidestart|p2: Jogadorfo|move: Stealth Rock
|move|p2a: Rotom|Will-O-Wisp|p1a: Seismitoad
|-status|p1a: Seismitoad|brn
|
|-weather|RainDance|[upkeep]
|-heal|p2a: Rotom|97/100|[from] item: Leftovers
|-damage|p1a: Seismitoad|88/100 brn|[from] brn
|upkeep
|turn|15
|
|switch|p1a: Dracovish|Dracovish|52/100
|-damage|p1a: Dracovish|39/100|[from] Stealth Rock
|move|p2a: Rotom|Trick|p1a: Dracovish
|-activate|p2a: Rotom|move: Trick|[of] p1a: Dracovish
|-item|p1a: Dracovish|Leftovers|[from] move: Trick
|-enditem|p2a: Rotom|Leftovers|[silent]|[from] move: Trick
|
|-weather|RainDance|[upkeep]
|-heal|p1a: Dracovish|46/100|[from] item: Leftovers
|upkeep
|turn|16
|
|move|p2a: Rotom|Will-O-Wisp|p1a: Dracovish|[miss]
|-miss|p2a: Rotom|p1a: Dracovish
|move|p1a: Dracovish|Fishious Rend|p2a: Rotom
|-resisted|p2a: Rotom
|-damage|p2a: Rotom|36/100
|
|-weather|RainDance|[upkeep]
|-heal|p1a: Dracovish|52/100|[from] item: Leftovers
|upkeep
|turn|17
|
|switch|p1a: Seismitoad|Seismitoad, M|88/100 brn
|-damage|p1a: Seismitoad|82/100 brn|[from] Stealth Rock
|move|p2a: Rotom|Will-O-Wisp|p1a: Seismitoad
|-fail|p1a: Seismitoad|brn
|
|-weather|RainDance|[upkeep]
|-damage|p1a: Seismitoad|75/100 brn|[from] brn
|upkeep
|turn|18
|
|move|p1a: Seismitoad|Focus Blast|p2a: Rotom|[miss]
|-miss|p1a: Seismitoad|p2a: Rotom
|move|p2a: Rotom|Trick|p1a: Seismitoad
|-activate|p2a: Rotom|move: Trick|[of] p1a: Seismitoad
|-enditem|p1a: Seismitoad|Life Orb|[silent]|[from] move: Trick
|-item|p2a: Rotom|Life Orb|[from] move: Trick
|
|-weather|none
|-damage|p1a: Seismitoad|69/100 brn|[from] brn
|upkeep
|turn|19
|
|move|p2a: Rotom|Hydro Pump|p1a: Seismitoad|[miss]
|-miss|p2a: Rotom|p1a: Seismitoad
|move|p1a: Seismitoad|Focus Blast|p2a: Rotom|[miss]
|-miss|p1a: Seismitoad|p2a: Rotom
|
|-damage|p1a: Seismitoad|63/100 brn|[from] brn
|upkeep
|turn|20
|
|switch|p1a: Pelipper|Pelipper, F|53/100
|-damage|p1a: Pelipper|28/100|[from] Stealth Rock
|-weather|RainDance|[from] ability: Drizzle|[of] p1a: Pelipper
|move|p2a: Rotom|Hydro Pump|p1a: Pelipper
|-resisted|p1a: Pelipper
|-damage|p1a: Pelipper|0 fnt
|-damage|p2a: Rotom|26/100|[from] item: Life Orb
|faint|p1a: Pelipper
|
|-weather|RainDance|[upkeep]
|upkeep
|
|switch|p1a: Seismitoad|Seismitoad, M|63/100 brn
|-damage|p1a: Seismitoad|57/100 brn|[from] Stealth Rock
|turn|21
|
|move|p1a: Seismitoad|Focus Blast|p2a: Rotom
|-damage|p2a: Rotom|0 fnt
|faint|p2a: Rotom
|
|-weather|RainDance|[upkeep]
|-damage|p1a: Seismitoad|50/100 brn|[from] brn
|upkeep
|
|switch|p2a: Conkeldurr|Conkeldurr, F|100/100
|-damage|p2a: Conkeldurr|94/100|[from] Stealth Rock
|turn|22
|
|switch|p1a: Ribombee|Ribombee, F|100/100
|-damage|p1a: Ribombee|76/100|[from] Stealth Rock
|move|p2a: Conkeldurr|Drain Punch|p1a: Ribombee
|-resisted|p1a: Ribombee
|-damage|p1a: Ribombee|55/100
|-heal|p2a: Conkeldurr|100/100|[from] drain|[of] p1a: Ribombee
|
|-weather|RainDance|[upkeep]
|upkeep
|turn|23
|
|move|p1a: Ribombee|Moonblast|p2a: Conkeldurr
|-supereffective|p2a: Conkeldurr
|-damage|p2a: Conkeldurr|45/100
|-unboost|p2a: Conkeldurr|spa|1
|move|p2a: Conkeldurr|Fire Punch|p1a: Ribombee
|-supereffective|p1a: Ribombee
|-damage|p1a: Ribombee|4/100
|
|-weather|RainDance|[upkeep]
|upkeep
|turn|24
|
|move|p2a: Conkeldurr|Mach Punch|p1a: Ribombee
|-resisted|p1a: Ribombee
|-damage|p1a: Ribombee|0 fnt
|faint|p1a: Ribombee
|
|-weather|RainDance|[upkeep]
|upkeep
|
|switch|p1a: Dracovish|Dracovish|52/100
|-damage|p1a: Dracovish|39/100|[from] Stealth Rock
|turn|25
|
|move|p2a: Conkeldurr|Mach Punch|p1a: Dracovish
|-damage|p1a: Dracovish|16/100
|move|p1a: Dracovish|Fishious Rend|p2a: Conkeldurr
|-damage|p2a: Conkeldurr|0 fnt
|faint|p2a: Conkeldurr
|
|-weather|RainDance|[upkeep]
|-heal|p1a: Dracovish|22/100|[from] item: Leftovers
|upkeep
|
|switch|p2a: Weezing|Weezing-Galar, M|100/100
|-damage|p2a: Weezing|88/100|[from] Stealth Rock
|turn|26
|-message|Jogadorfo forfeited.
|
|win|Jedi Knight JDM
|l|☆Jogadorfo
|raw|Jedi Knight JDM's rating: 1229 → 1253(+24 for winning)
|raw|Jogadorfo's rating: 1212 → 1189(-23 for losing)
