|ScrapeTime|2020-01-01-19:46:55
|j|☆Adrianix243
|j|☆daredebil
|player|p1|Adrianix243|ingo|1097
|player|p2|daredebil|203|1104
|teamsize|p1|6
|teamsize|p2|6
|gametype|singles
|gen|8
|tier|[Gen 8] OU
|rated|
|rule|Sleep Clause Mod: Limit one foe put to sleep
|rule|Species Clause: Limit one of each Pokémon
|rule|OHKO Clause: OHKO moves are banned
|rule|Evasion Moves Clause: Evasion moves are banned
|rule|Endless Battle Clause: Forcing endless battles is banned
|rule|HP Percentage Mod: HP is shown in percentages
|clearpoke
|poke|p1|Grimmsnarl, M|
|poke|p1|Dracozolt|
|poke|p1|Clefable, M|
|poke|p1|Pelipper, M|
|poke|p1|Dragapult, M|
|poke|p1|Toxtricity, F|
|poke|p2|Obstagoon, M|
|poke|p2|Morpeko, M|
|poke|p2|Cinderace, M|
|poke|p2|Inteleon, F|
|poke|p2|Salazzle, F|
|poke|p2|Grimmsnarl, M|
|rule|Dynamax Clause: You cannot dynamax
|teampreview
|
|start
|switch|p1a: Grimmsnarl|Grimmsnarl, M|100/100
|switch|p2a: Grimmsnarl|Grimmsnarl, M|100/100
|turn|1
|
|move|p1a: Grimmsnarl|Light Screen|p1a: Grimmsnarl
|-sidestart|p1: Adrianix243|move: Light Screen
|move|p2a: Grimmsnarl|Spirit Break|p1a: Grimmsnarl
|-supereffective|p1a: Grimmsnarl
|-damage|p1a: Grimmsnarl|8/100
|-unboost|p1a: Grimmsnarl|spa|1
|
|upkeep
|turn|2
|
|move|p1a: Grimmsnarl|Reflect|p1a: Grimmsnarl
|-sidestart|p1: Adrianix243|Reflect
|move|p2a: Grimmsnarl|Metronome|p2a: Grimmsnarl
|move|p2a: Grimmsnarl|Sludge Bomb|p1a: Grimmsnarl|[from]Metronome
|-hint|Since gen 7, Dark is immune to Prankster moves.
|-immune|p1a: Grimmsnarl
|
|upkeep
|turn|3
|
|move|p1a: Grimmsnarl|Foul Play|p2a: Grimmsnarl
|-resisted|p2a: Grimmsnarl
|-damage|p2a: Grimmsnarl|85/100
|move|p2a: Grimmsnarl|Spirit Break|p1a: Grimmsnarl
|-supereffective|p1a: Grimmsnarl
|-damage|p1a: Grimmsnarl|0 fnt
|faint|p1a: Grimmsnarl
|
|upkeep
|
|switch|p1a: Toxtricity|Toxtricity, F|100/100
|turn|4
|
|move|p1a: Toxtricity|Shift Gear|p1a: Toxtricity
|-boost|p1a: Toxtricity|spe|2
|-boost|p1a: Toxtricity|atk|1
|move|p2a: Grimmsnarl|Darkest Lariat|p1a: Toxtricity
|-damage|p1a: Toxtricity|70/100
|
|upkeep
|turn|5
|
|switch|p2a: Obstagoon|Obstagoon, M|100/100
|move|p1a: Toxtricity|Sludge Wave|p2a: Obstagoon
|-damage|p2a: Obstagoon|35/100
|
|-status|p2a: Obstagoon|brn|[from] item: Flame Orb
|upkeep
|turn|6
|
|move|p2a: Obstagoon|Obstruct|p2a: Obstagoon
|-singleturn|p2a: Obstagoon|Protect
|move|p1a: Toxtricity|Shift Gear|p1a: Toxtricity
|-boost|p1a: Toxtricity|spe|2
|-boost|p1a: Toxtricity|atk|1
|
|-damage|p2a: Obstagoon|29/100 brn|[from] brn
|upkeep
|turn|7
|
|move|p2a: Obstagoon|Obstruct|p2a: Obstagoon
|-singleturn|p2a: Obstagoon|Protect
|move|p1a: Toxtricity|Boomburst|p2a: Obstagoon
|-activate|p2a: Obstagoon|move: Protect
|
|-damage|p2a: Obstagoon|23/100 brn|[from] brn
|upkeep
|turn|8
|
|move|p1a: Toxtricity|Boomburst|p2a: Obstagoon
|-damage|p2a: Obstagoon|0 fnt
|-enditem|p1a: Toxtricity|Throat Spray
|-boost|p1a: Toxtricity|spa|1
|faint|p2a: Obstagoon
|
|-sideend|p1: Adrianix243|move: Light Screen
|upkeep
|
|switch|p2a: Inteleon|Inteleon, F|100/100
|turn|9
|
|move|p1a: Toxtricity|Overdrive|p2a: Inteleon
|-supereffective|p2a: Inteleon
|-damage|p2a: Inteleon|0 fnt
|faint|p2a: Inteleon
|
|-sideend|p1: Adrianix243|Reflect
|upkeep
|c|☆Adrianix243|bruh
|
|switch|p2a: Grimmsnarl|Grimmsnarl, M|85/100
|turn|10
|
|move|p2a: Grimmsnarl|Metronome|p2a: Grimmsnarl
|move|p2a: Grimmsnarl|Meteor Mash|p1a: Toxtricity|[from]Metronome
|-resisted|p1a: Toxtricity
|-damage|p1a: Toxtricity|46/100
|move|p1a: Toxtricity|Sludge Wave|p2a: Grimmsnarl
|-supereffective|p2a: Grimmsnarl
|-damage|p2a: Grimmsnarl|0 fnt
|faint|p2a: Grimmsnarl
|
|upkeep
|-message|daredebil forfeited.
|
|win|Adrianix243
|l|☆daredebil
