|ScrapeTime|2020-01-01-17:06:38
|j|☆HarceusMjalga
|j|☆InYoAssassin
|player|p1|HarceusMjalga|bellelba|1000
|player|p2|InYoAssassin|170|1000
|teamsize|p1|6
|teamsize|p2|6
|gametype|singles
|gen|8
|tier|[Gen 8] OU
|rated|
|rule|Sleep Clause Mod: Limit one foe put to sleep
|rule|Species Clause: Limit one of each Pokémon
|rule|OHKO Clause: OHKO moves are banned
|rule|Evasion Moves Clause: Evasion moves are banned
|rule|Endless Battle Clause: Forcing endless battles is banned
|rule|HP Percentage Mod: HP is shown in percentages
|clearpoke
|poke|p1|Ferrothorn, M|
|poke|p1|Cinderace, M|
|poke|p1|Mimikyu, F|
|poke|p1|Dracozolt|
|poke|p1|Seismitoad, M|
|poke|p1|Conkeldurr, M|
|poke|p2|Barraskewda, M|
|poke|p2|Toxtricity-Low-Key, F|
|poke|p2|Bisharp, F|
|poke|p2|Ferrothorn, M|
|poke|p2|Centiskorch, M|
|poke|p2|Excadrill, F|
|rule|Dynamax Clause: You cannot dynamax
|teampreview
|inactive|Battle timer is ON: inactive players will automatically lose when time's up. (requested by InYoAssassin)
|
|start
|switch|p1a: Ferrothorn|Ferrothorn, M|100/100
|switch|p2a: Excadrill|Excadrill, F|100/100
|-ability|p2a: Excadrill|Mold Breaker
|turn|1
|
|switch|p2a: Centiskorch|Centiskorch, M|100/100
|move|p1a: Ferrothorn|Stealth Rock|p2a: Centiskorch
|-sidestart|p2: InYoAssassin|move: Stealth Rock
|
|upkeep
|turn|2
|
|switch|p1a: Seismitoad|Seismitoad, M|100/100
|move|p2a: Centiskorch|Coil|p2a: Centiskorch
|-boost|p2a: Centiskorch|atk|1
|-boost|p2a: Centiskorch|def|1
|-boost|p2a: Centiskorch|accuracy|1
|
|upkeep
|turn|3
|
|move|p1a: Seismitoad|Earthquake|p2a: Centiskorch
|-damage|p2a: Centiskorch|60/100
|move|p2a: Centiskorch|Power Whip|p1a: Seismitoad
|-supereffective|p1a: Seismitoad
|-damage|p1a: Seismitoad|0 fnt
|faint|p1a: Seismitoad
|
|upkeep
|
|switch|p1a: Cinderace|Cinderace, M|100/100
|turn|4
|
|move|p1a: Cinderace|Zen Headbutt|p2a: Centiskorch
|-damage|p2a: Centiskorch|39/100
|move|p2a: Centiskorch|Flare Blitz|p1a: Cinderace
|-resisted|p1a: Cinderace
|-damage|p1a: Cinderace|27/100
|-damage|p2a: Centiskorch|21/100|[from] Recoil
|
|upkeep
|turn|5
|
|move|p1a: Cinderace|High Jump Kick|p2a: Centiskorch
|-resisted|p2a: Centiskorch
|-damage|p2a: Centiskorch|3/100
|move|p2a: Centiskorch|Lunge|p1a: Cinderace
|-resisted|p1a: Cinderace
|-damage|p1a: Cinderace|0 fnt
|faint|p1a: Cinderace
|
|upkeep
|
|switch|p1a: Mimikyu|Mimikyu, F|100/100
|turn|6
|
|move|p1a: Mimikyu|Drain Punch|p2a: Centiskorch
|-resisted|p2a: Centiskorch
|-damage|p2a: Centiskorch|0 fnt
|faint|p2a: Centiskorch
|
|upkeep
|
|switch|p2a: Bisharp|Bisharp, F|100/100
|-damage|p2a: Bisharp|95/100|[from] Stealth Rock
|turn|7
|
|move|p1a: Mimikyu|Drain Punch|p2a: Bisharp
|-supereffective|p2a: Bisharp
|-damage|p2a: Bisharp|0 fnt
|faint|p2a: Bisharp
|
|upkeep
|
|switch|p2a: Ferrothorn|Ferrothorn, M|100/100
|-damage|p2a: Ferrothorn|94/100|[from] Stealth Rock
|turn|8
|
|switch|p1a: Ferrothorn|Ferrothorn, M|100/100
|move|p2a: Ferrothorn|Gyro Ball|p1a: Ferrothorn
|-resisted|p1a: Ferrothorn
|-crit|p1a: Ferrothorn
|-damage|p1a: Ferrothorn|66/100
|-damage|p2a: Ferrothorn|82/100|[from] ability: Iron Barbs|[of] p1a: Ferrothorn
|
|-heal|p2a: Ferrothorn|88/100|[from] item: Leftovers
|upkeep
|turn|9
|
|switch|p2a: Barraskewda|Barraskewda, M|100/100
|-damage|p2a: Barraskewda|88/100|[from] Stealth Rock
|move|p1a: Ferrothorn|Explosion|p2a: Barraskewda
|-damage|p2a: Barraskewda|0 fnt
|faint|p1a: Ferrothorn
|faint|p2a: Barraskewda
|
|upkeep
|
|switch|p2a: Excadrill|Excadrill, F|100/100
|switch|p1a: Conkeldurr|Conkeldurr, M|100/100
|-damage|p2a: Excadrill|97/100|[from] Stealth Rock
|-ability|p2a: Excadrill|Mold Breaker
|turn|10
|
|switch|p2a: Ferrothorn|Ferrothorn, M|88/100
|-damage|p2a: Ferrothorn|82/100|[from] Stealth Rock
|move|p1a: Conkeldurr|Earthquake|p2a: Ferrothorn
|-damage|p2a: Ferrothorn|58/100
|
|-heal|p2a: Ferrothorn|64/100|[from] item: Leftovers
|upkeep
|turn|11
|
|move|p1a: Conkeldurr|Fire Punch|p2a: Ferrothorn
|-supereffective|p2a: Ferrothorn
|-damage|p2a: Ferrothorn|0 fnt
|-damage|p1a: Conkeldurr|88/100|[from] ability: Iron Barbs|[of] p2a: Ferrothorn
|faint|p2a: Ferrothorn
|
|upkeep
|
|switch|p2a: Toxtricity|Toxtricity-Low-Key, F|100/100
|-damage|p2a: Toxtricity|88/100|[from] Stealth Rock
|turn|12
|
|move|p2a: Toxtricity|Sludge Wave|p1a: Conkeldurr
|-damage|p1a: Conkeldurr|50/100
|move|p1a: Conkeldurr|Earthquake|p2a: Toxtricity
|-supereffective|p2a: Toxtricity
|-damage|p2a: Toxtricity|0 fnt
|faint|p2a: Toxtricity
|
|upkeep
|
|switch|p2a: Excadrill|Excadrill, F|97/100
|-damage|p2a: Excadrill|94/100|[from] Stealth Rock
|-ability|p2a: Excadrill|Mold Breaker
|turn|13
|
|move|p2a: Excadrill|Earthquake|p1a: Conkeldurr
|-damage|p1a: Conkeldurr|3/100
|move|p1a: Conkeldurr|Fire Punch|p2a: Excadrill
|-supereffective|p2a: Excadrill
|-damage|p2a: Excadrill|14/100
|
|upkeep
|turn|14
|
|move|p2a: Excadrill|Earthquake|p1a: Conkeldurr
|-damage|p1a: Conkeldurr|0 fnt
|faint|p1a: Conkeldurr
|
|upkeep
|
|switch|p1a: Mimikyu|Mimikyu, F|100/100
|turn|15
|
|move|p2a: Excadrill|Earthquake|p1a: Mimikyu
|-damage|p1a: Mimikyu|19/100
|move|p1a: Mimikyu|Play Rough|p2a: Excadrill
|-resisted|p2a: Excadrill
|-damage|p2a: Excadrill|0 fnt
|faint|p2a: Excadrill
|
|win|HarceusMjalga
|raw|HarceusMjalga's rating: 1000 → 1040(+40 for winning)
|raw|InYoAssassin's rating: 1000 → 1000(+0 for losing)
