|ScrapeTime|2020-01-02-01:45:06
|j|☆GalarianBlackDash
|j|☆blazingcommander
|player|p1|GalarianBlackDash|2|1361
|player|p2|blazingcommander|266|1355
|teamsize|p1|6
|teamsize|p2|6
|gametype|singles
|gen|8
|tier|[Gen 8] OU
|rated|
|rule|Sleep Clause Mod: Limit one foe put to sleep
|rule|Species Clause: Limit one of each Pokémon
|rule|OHKO Clause: OHKO moves are banned
|rule|Evasion Moves Clause: Evasion moves are banned
|rule|Endless Battle Clause: Forcing endless battles is banned
|rule|HP Percentage Mod: HP is shown in percentages
|clearpoke
|poke|p1|Corsola-Galar, M|
|poke|p1|Cinderace, F|
|poke|p1|Espeon, F|
|poke|p1|Vikavolt, F|
|poke|p1|Toxtricity, M|
|poke|p1|Hitmonchan, M|
|poke|p2|Mimikyu, F|
|poke|p2|Togekiss, M|
|poke|p2|Excadrill, M|
|poke|p2|Rotom-Wash|
|poke|p2|Gyarados, M|
|poke|p2|Cinderace, F|
|rule|Dynamax Clause: You cannot dynamax
|teampreview
|inactive|Battle timer is ON: inactive players will automatically lose when time's up. (requested by GalarianBlackDash)
|
|start
|switch|p1a: Vikavolt|Vikavolt, F|100/100
|switch|p2a: Excadrill|Excadrill, M|100/100
|-ability|p2a: Excadrill|Mold Breaker
|turn|1
|
|move|p2a: Excadrill|Earthquake|p1a: Vikavolt
|-damage|p1a: Vikavolt|36/100
|move|p1a: Vikavolt|Sticky Web|p2a: Excadrill
|-sidestart|p2: blazingcommander|move: Sticky Web
|
|upkeep
|turn|2
|
|switch|p1a: Corsola|Corsola-Galar, M|100/100
|move|p2a: Excadrill|Earthquake|p1a: Corsola
|-crit|p1a: Corsola
|-damage|p1a: Corsola|55/100
|
|upkeep
|turn|3
|
|move|p2a: Excadrill|Earthquake|p1a: Corsola
|-damage|p1a: Corsola|25/100
|move|p1a: Corsola|Strength Sap|p2a: Excadrill
|-unboost|p2a: Excadrill|atk|1
|-heal|p1a: Corsola|100/100
|
|upkeep
|turn|4
|
|switch|p2a: Rotom|Rotom-Wash|100/100
|move|p1a: Corsola|Will-O-Wisp|p2a: Rotom
|-status|p2a: Rotom|brn
|
|-damage|p2a: Rotom|94/100 brn|[from] brn
|upkeep
|turn|5
|
|switch|p1a: Espeon|Espeon, F|100/100
|move|p2a: Rotom|Shadow Ball|p1a: Espeon
|-supereffective|p1a: Espeon
|-damage|p1a: Espeon|70/100
|
|-heal|p2a: Rotom|100/100 brn|[from] item: Leftovers
|-damage|p2a: Rotom|94/100 brn|[from] brn
|upkeep
|turn|6
|
|move|p1a: Espeon|Psychic|p2a: Rotom
|-damage|p2a: Rotom|37/100 brn
|move|p2a: Rotom|Volt Switch|p1a: Espeon
|-damage|p1a: Espeon|47/100
|inactive|blazingcommander has 120 seconds left.
|
|switch|p2a: Gyarados|Gyarados, M|100/100|[from]move: Volt Switch
|
|upkeep
|turn|7
|
|move|p2a: Gyarados|Dragon Dance|p2a: Gyarados
|-boost|p2a: Gyarados|atk|1
|-boost|p2a: Gyarados|spe|1
|move|p1a: Espeon|Psychic|p2a: Gyarados
|-damage|p2a: Gyarados|51/100
|
|upkeep
|turn|8
|inactive|blazingcommander has 120 seconds left.
|
|switch|p1a: Corsola|Corsola-Galar, M|100/100
|move|p2a: Gyarados|Waterfall|p1a: Corsola
|-crit|p1a: Corsola
|-damage|p1a: Corsola|53/100
|-start|p2a: Gyarados|Disable|Waterfall|[from] ability: Cursed Body|[of] p1a: Corsola
|
|upkeep
|turn|9
|
|move|p2a: Gyarados|Power Whip|p1a: Corsola
|-damage|p1a: Corsola|20/100
|move|p1a: Corsola|Strength Sap|p2a: Gyarados
|-unboost|p2a: Gyarados|atk|1
|-heal|p1a: Corsola|100/100
|
|upkeep
|turn|10
|
|switch|p2a: Rotom|Rotom-Wash|37/100 brn
|move|p1a: Corsola|Will-O-Wisp|p2a: Rotom
|-fail|p2a: Rotom|brn
|
|-heal|p2a: Rotom|43/100 brn|[from] item: Leftovers
|-damage|p2a: Rotom|37/100 brn|[from] brn
|upkeep
|turn|11
|
|move|p2a: Rotom|Shadow Ball|p1a: Corsola
|-supereffective|p1a: Corsola
|-damage|p1a: Corsola|62/100
|move|p1a: Corsola|Stealth Rock|p2a: Rotom
|-sidestart|p2: blazingcommander|move: Stealth Rock
|
|-heal|p2a: Rotom|43/100 brn|[from] item: Leftovers
|-damage|p2a: Rotom|37/100 brn|[from] brn
|upkeep
|turn|12
|
|move|p2a: Rotom|Shadow Ball|p1a: Corsola
|-supereffective|p1a: Corsola
|-damage|p1a: Corsola|25/100
|-start|p2a: Rotom|Disable|Shadow Ball|[from] ability: Cursed Body|[of] p1a: Corsola
|move|p1a: Corsola|Night Shade|p2a: Rotom
|-damage|p2a: Rotom|0 fnt
|faint|p2a: Rotom
|
|upkeep
|
|switch|p2a: Togekiss|Togekiss, M|100/100
|-damage|p2a: Togekiss|76/100|[from] Stealth Rock
|turn|13
|
|switch|p1a: Toxtricity|Toxtricity, M|100/100
|move|p2a: Togekiss|Air Slash|p1a: Toxtricity
|-resisted|p1a: Toxtricity
|-damage|p1a: Toxtricity|75/100
|
|upkeep
|turn|14
|
|move|p1a: Toxtricity|Boomburst|p2a: Togekiss
|-damage|p2a: Togekiss|16/100
|move|p2a: Togekiss|Air Slash|p1a: Toxtricity
|-resisted|p1a: Toxtricity
|-damage|p1a: Toxtricity|47/100
|
|upkeep
|turn|15
|
|switch|p2a: Excadrill|Excadrill, M|100/100
|-activate|p2a: Excadrill|move: Sticky Web
|-unboost|p2a: Excadrill|spe|1
|-damage|p2a: Excadrill|97/100|[from] Stealth Rock
|-ability|p2a: Excadrill|Mold Breaker
|move|p1a: Toxtricity|Boomburst|p2a: Excadrill
|-resisted|p2a: Excadrill
|-damage|p2a: Excadrill|53/100
|
|upkeep
|turn|16
|
|switch|p1a: Corsola|Corsola-Galar, M|25/100
|move|p2a: Excadrill|Rapid Spin|p1a: Corsola
|-immune|p1a: Corsola
|
|upkeep
|turn|17
|
|switch|p2a: Togekiss|Togekiss, M|16/100
|-damage|p2a: Togekiss|0 fnt|[from] Stealth Rock
|faint|p2a: Togekiss
|move|p1a: Corsola|Strength Sap|p2: Togekiss|[notarget]
|-fail|p1a: Corsola
|
|upkeep
|
|switch|p2a: Mimikyu|Mimikyu, F|100/100
|-activate|p2a: Mimikyu|move: Sticky Web
|-unboost|p2a: Mimikyu|spe|1
|-damage|p2a: Mimikyu|88/100|[from] Stealth Rock
|turn|18
|
|move|p2a: Mimikyu|Play Rough|p1a: Corsola
|-damage|p1a: Corsola|2/100
|-start|p2a: Mimikyu|Disable|Play Rough|[from] ability: Cursed Body|[of] p1a: Corsola
|-damage|p2a: Mimikyu|78/100|[from] item: Life Orb
|move|p1a: Corsola|Strength Sap|p2a: Mimikyu
|-unboost|p2a: Mimikyu|atk|1
|-heal|p1a: Corsola|88/100
|
|upkeep
|turn|19
|-message|blazingcommander forfeited.
|
|win|GalarianBlackDash
|l|☆blazingcommander
|raw|GalarianBlackDash's rating: 1361 → 1380(+19 for winning)
|raw|blazingcommander's rating: 1355 → 1335(-20 for losing)
