|ScrapeTime|2020-01-02-09:15:50
|j|☆XHtishen
|j|☆ThibauIt
|player|p1|XHtishen|lady-gen4|1439
|player|p2|ThibauIt|colress|1392
|teamsize|p1|6
|teamsize|p2|6
|gametype|singles
|gen|8
|tier|[Gen 8] OU
|rated|
|rule|Sleep Clause Mod: Limit one foe put to sleep
|rule|Species Clause: Limit one of each Pokémon
|rule|OHKO Clause: OHKO moves are banned
|rule|Evasion Moves Clause: Evasion moves are banned
|rule|Endless Battle Clause: Forcing endless battles is banned
|rule|HP Percentage Mod: HP is shown in percentages
|clearpoke
|poke|p1|Aegislash, F|
|poke|p1|Clefable, F|
|poke|p1|Bisharp, M|
|poke|p1|Excadrill, F|
|poke|p1|Dracozolt|
|poke|p1|Centiskorch, M|
|poke|p2|Mandibuzz, F|
|poke|p2|Toxapex, F|
|poke|p2|Kommo-o, F|
|poke|p2|Excadrill, F|
|poke|p2|Dragapult, M|
|poke|p2|Seismitoad, F|
|rule|Dynamax Clause: You cannot dynamax
|teampreview
|j| hero
|inactive|Battle timer is ON: inactive players will automatically lose when time's up. (requested by ThibauIt)
|
|start
|switch|p1a: Centiskorch|Centiskorch, M|100/100
|switch|p2a: Mandibuzz|Mandibuzz, F|100/100
|turn|1
|l| hero
|
|move|p2a: Mandibuzz|Knock Off|p1a: Centiskorch
|-crit|p1a: Centiskorch
|-damage|p1a: Centiskorch|59/100
|-enditem|p1a: Centiskorch|Heavy-Duty Boots|[from] move: Knock Off|[of] p2a: Mandibuzz
|move|p1a: Centiskorch|Fire Lash|p2a: Mandibuzz
|-damage|p2a: Mandibuzz|75/100
|-unboost|p2a: Mandibuzz|def|1
|
|upkeep
|turn|2
|
|switch|p2a: Toxapex|Toxapex, F|100/100
|move|p1a: Centiskorch|Knock Off|p2a: Toxapex
|-damage|p2a: Toxapex|81/100
|-enditem|p2a: Toxapex|Black Sludge|[from] move: Knock Off|[of] p1a: Centiskorch
|
|upkeep
|turn|3
|
|move|p1a: Centiskorch|Fire Lash|p2a: Toxapex
|-resisted|p2a: Toxapex
|-damage|p2a: Toxapex|69/100
|-unboost|p2a: Toxapex|def|1
|move|p2a: Toxapex|Toxic Spikes|p1a: Centiskorch
|-sidestart|p1: XHtishen|move: Toxic Spikes
|
|upkeep
|turn|4
|
|move|p1a: Centiskorch|Fire Lash|p2a: Toxapex
|-resisted|p2a: Toxapex
|-damage|p2a: Toxapex|51/100
|-unboost|p2a: Toxapex|def|1
|move|p2a: Toxapex|Scald|p1a: Centiskorch
|-supereffective|p1a: Centiskorch
|-damage|p1a: Centiskorch|31/100
|
|upkeep
|turn|5
|
|move|p1a: Centiskorch|Rest|p1a: Centiskorch
|-status|p1a: Centiskorch|slp|[from] move: Rest
|-heal|p1a: Centiskorch|100/100 slp|[silent]
|move|p2a: Toxapex|Recover|p2a: Toxapex
|-heal|p2a: Toxapex|100/100
|
|upkeep
|turn|6
|
|cant|p1a: Centiskorch|slp
|move|p1a: Centiskorch|Sleep Talk|p1a: Centiskorch
|move|p1a: Centiskorch|Fire Lash|p2a: Toxapex|[from]Sleep Talk
|-resisted|p2a: Toxapex
|-damage|p2a: Toxapex|78/100
|-unboost|p2a: Toxapex|def|1
|move|p2a: Toxapex|Scald|p1a: Centiskorch
|-supereffective|p1a: Centiskorch
|-damage|p1a: Centiskorch|68/100 slp
|
|upkeep
|turn|7
|
|cant|p1a: Centiskorch|slp
|move|p1a: Centiskorch|Sleep Talk|p1a: Centiskorch
|move|p1a: Centiskorch|Knock Off|p2a: Toxapex|[from]Sleep Talk
|-damage|p2a: Toxapex|45/100
|move|p2a: Toxapex|Scald|p1a: Centiskorch
|-supereffective|p1a: Centiskorch
|-damage|p1a: Centiskorch|39/100 slp
|
|upkeep
|turn|8
|
|-curestatus|p1a: Centiskorch|slp|[msg]
|move|p1a: Centiskorch|Rest|p1a: Centiskorch
|-status|p1a: Centiskorch|slp|[from] move: Rest
|-heal|p1a: Centiskorch|100/100 slp|[silent]
|move|p2a: Toxapex|Scald|p1a: Centiskorch
|-supereffective|p1a: Centiskorch
|-damage|p1a: Centiskorch|68/100 slp
|
|upkeep
|turn|9
|
|switch|p2a: Mandibuzz|Mandibuzz, F|75/100
|cant|p1a: Centiskorch|slp
|move|p1a: Centiskorch|Sleep Talk|p1a: Centiskorch
|move|p1a: Centiskorch|Knock Off|p2a: Mandibuzz|[from]Sleep Talk
|-resisted|p2a: Mandibuzz
|-damage|p2a: Mandibuzz|66/100
|-enditem|p2a: Mandibuzz|Heavy-Duty Boots|[from] move: Knock Off|[of] p1a: Centiskorch
|
|upkeep
|turn|10
|
|move|p2a: Mandibuzz|Knock Off|p1a: Centiskorch
|-damage|p1a: Centiskorch|47/100 slp
|cant|p1a: Centiskorch|slp
|move|p1a: Centiskorch|Sleep Talk|p1a: Centiskorch
|move|p1a: Centiskorch|Fire Lash|p2a: Mandibuzz|[from]Sleep Talk
|-damage|p2a: Mandibuzz|44/100
|-unboost|p2a: Mandibuzz|def|1
|
|upkeep
|turn|11
|
|move|p2a: Mandibuzz|Roost|p2a: Mandibuzz
|-heal|p2a: Mandibuzz|94/100
|-singleturn|p2a: Mandibuzz|move: Roost
|-curestatus|p1a: Centiskorch|slp|[msg]
|move|p1a: Centiskorch|Rest|p1a: Centiskorch
|-status|p1a: Centiskorch|slp|[from] move: Rest
|-heal|p1a: Centiskorch|100/100 slp|[silent]
|
|upkeep
|turn|12
|
|move|p2a: Mandibuzz|U-turn|p1a: Centiskorch
|-resisted|p1a: Centiskorch
|-damage|p1a: Centiskorch|94/100 slp
|
|switch|p2a: Seismitoad|Seismitoad, F|100/100|[from]move: U-turn
|cant|p1a: Centiskorch|slp
|move|p1a: Centiskorch|Sleep Talk|p1a: Centiskorch
|move|p1a: Centiskorch|Knock Off|p2a: Seismitoad|[from]Sleep Talk
|-damage|p2a: Seismitoad|75/100
|-enditem|p2a: Seismitoad|Life Orb|[from] move: Knock Off|[of] p1a: Centiskorch
|
|upkeep
|turn|13
|
|move|p2a: Seismitoad|Liquidation|p1a: Centiskorch
|-supereffective|p1a: Centiskorch
|-damage|p1a: Centiskorch|28/100 slp
|cant|p1a: Centiskorch|slp
|move|p1a: Centiskorch|Sleep Talk|p1a: Centiskorch
|move|p1a: Centiskorch|Rest|p1a: Centiskorch|[from]Sleep Talk
|-fail|p1a: Centiskorch
|
|upkeep
|turn|14
|
|move|p2a: Seismitoad|Liquidation|p1a: Centiskorch
|-supereffective|p1a: Centiskorch
|-crit|p1a: Centiskorch
|-damage|p1a: Centiskorch|0 fnt
|faint|p1a: Centiskorch
|
|upkeep
|
|switch|p1a: Clefable|Clefable, F|100/100
|-status|p1a: Clefable|psn
|turn|15
|
|move|p1a: Clefable|Moonblast|p2a: Seismitoad
|-crit|p2a: Seismitoad
|-damage|p2a: Seismitoad|0 fnt
|faint|p2a: Seismitoad
|
|upkeep
|
|switch|p2a: Excadrill|Excadrill, F|100/100
|-ability|p2a: Excadrill|Mold Breaker
|turn|16
|l|☆ThibauIt
|inactive|ThibauIt disconnected and has a minute to reconnect!
|player|p2|
|
|switch|p1a: Dracozolt|Dracozolt|100/100
|-status|p1a: Dracozolt|psn
|move|p2a: Excadrill|Rapid Spin|p1a: Dracozolt
|-damage|p1a: Dracozolt|78/100 psn
|-boost|p2a: Excadrill|spe|1
|
|-damage|p1a: Dracozolt|66/100 psn|[from] psn
|upkeep
|turn|17
|j|☆ThibauIt
|inactive|ThibauIt reconnected and has 150 seconds left.
|player|p2|ThibauIt|colress
|
|switch|p2a: Dragapult|Dragapult, M|100/100
|move|p1a: Dracozolt|Earthquake|p2a: Dragapult
|-damage|p2a: Dragapult|37/100
|
|-damage|p1a: Dracozolt|53/100 psn|[from] psn
|upkeep
|turn|18
|
|move|p1a: Dracozolt|Earthquake|p2a: Dragapult
|-damage|p2a: Dragapult|0 fnt
|faint|p2a: Dragapult
|
|-damage|p1a: Dracozolt|41/100 psn|[from] psn
|upkeep
|
|switch|p2a: Excadrill|Excadrill, F|100/100
|-ability|p2a: Excadrill|Mold Breaker
|turn|19
|
|move|p2a: Excadrill|Earthquake|p1a: Dracozolt
|-supereffective|p1a: Dracozolt
|-damage|p1a: Dracozolt|0 fnt
|faint|p1a: Dracozolt
|
|upkeep
|
|switch|p1a: Bisharp|Bisharp, M|100/100
|-item|p1a: Bisharp|Air Balloon
|turn|20
|
|move|p2a: Excadrill|Earthquake|p1a: Bisharp
|-immune|p1a: Bisharp
|move|p1a: Bisharp|Swords Dance|p1a: Bisharp
|-boost|p1a: Bisharp|atk|2
|
|upkeep
|turn|21
|
|switch|p2a: Mandibuzz|Mandibuzz, F|94/100
|move|p1a: Bisharp|Iron Head|p2a: Mandibuzz
|-damage|p2a: Mandibuzz|20/100
|
|upkeep
|turn|22
|
|move|p1a: Bisharp|Iron Head|p2a: Mandibuzz
|-damage|p2a: Mandibuzz|0 fnt
|faint|p2a: Mandibuzz
|
|upkeep
|
|switch|p2a: Toxapex|Toxapex, F|78/100
|turn|23
|
|switch|p1a: Clefable|Clefable, F|100/100 psn
|move|p2a: Toxapex|Haze|p2a: Toxapex
|-clearallboost
|
|upkeep
|turn|24
|
|move|p1a: Clefable|Psychic|p2a: Toxapex
|-supereffective|p2a: Toxapex
|-damage|p2a: Toxapex|33/100
|move|p2a: Toxapex|Scald|p1a: Clefable
|-damage|p1a: Clefable|81/100 psn
|
|upkeep
|turn|25
|
|switch|p2a: Excadrill|Excadrill, F|100/100
|-ability|p2a: Excadrill|Mold Breaker
|move|p1a: Clefable|Psychic|p2a: Excadrill
|-resisted|p2a: Excadrill
|-damage|p2a: Excadrill|75/100
|
|upkeep
|turn|26
|
|move|p2a: Excadrill|Earthquake|p1a: Clefable
|-damage|p1a: Clefable|14/100 psn
|move|p1a: Clefable|Flamethrower|p2a: Excadrill
|-supereffective|p2a: Excadrill
|-damage|p2a: Excadrill|0 fnt
|faint|p2a: Excadrill
|
|upkeep
|
|switch|p2a: Kommo-o|Kommo-o, F|100/100
|turn|27
|
|move|p2a: Kommo-o|Flamethrower|p1a: Clefable
|-damage|p1a: Clefable|0 fnt
|faint|p1a: Clefable
|
|upkeep
|
|switch|p1a: Aegislash|Aegislash, F|100/100
|turn|28
|
|move|p2a: Kommo-o|Clangorous Soul|p2a: Kommo-o
|-boost|p2a: Kommo-o|atk|1
|-boost|p2a: Kommo-o|def|1
|-boost|p2a: Kommo-o|spa|1
|-boost|p2a: Kommo-o|spd|1
|-boost|p2a: Kommo-o|spe|1
|-damage|p2a: Kommo-o|67/100
|-enditem|p2a: Kommo-o|Throat Spray
|-boost|p2a: Kommo-o|spa|1
|-formechange|p1a: Aegislash|Aegislash-Blade||[from] ability: Stance Change
|move|p1a: Aegislash|Iron Head|p2a: Kommo-o
|-damage|p2a: Kommo-o|20/100
|
|upkeep
|turn|29
|
|switch|p1a: Bisharp|Bisharp, M|100/100
|-item|p1a: Bisharp|Air Balloon
|move|p2a: Kommo-o|Flamethrower|p1a: Bisharp
|-supereffective|p1a: Bisharp
|-damage|p1a: Bisharp|0 fnt
|-enditem|p1a: Bisharp|Air Balloon
|faint|p1a: Bisharp
|
|upkeep
|
|switch|p1a: Aegislash|Aegislash, F|100/100
|turn|30
|
|-formechange|p1a: Aegislash|Aegislash-Blade||[from] ability: Stance Change
|move|p1a: Aegislash|Shadow Sneak|p2a: Kommo-o
|-damage|p2a: Kommo-o|0 fnt
|faint|p2a: Kommo-o
|
|upkeep
|
|switch|p2a: Toxapex|Toxapex, F|67/100
|turn|31
|
|move|p1a: Aegislash|Shadow Sneak|p2a: Toxapex
|-damage|p2a: Toxapex|38/100
|move|p2a: Toxapex|Scald|p1a: Aegislash
|-damage|p1a: Aegislash|66/100
|
|upkeep
|turn|32
|
|move|p1a: Aegislash|Shadow Sneak|p2a: Toxapex
|-crit|p2a: Toxapex
|-damage|p2a: Toxapex|0 fnt
|faint|p2a: Toxapex
|
|win|XHtishen
|l|☆ThibauIt
|raw|XHtishen's rating: 1439 → 1457(+18 for winning)
|raw|ThibauIt's rating: 1392 → 1374(-18 for losing)
