|ScrapeTime|2020-01-01-21:55:22
|j|☆Robertultime
|j|☆d57tfuygyftuygjk
|player|p1|Robertultime|102|1096
|player|p2|d57tfuygyftuygjk|102|1075
|teamsize|p1|6
|teamsize|p2|6
|gametype|singles
|gen|8
|tier|[Gen 8] OU
|rated|
|rule|Sleep Clause Mod: Limit one foe put to sleep
|rule|Species Clause: Limit one of each Pokémon
|rule|OHKO Clause: OHKO moves are banned
|rule|Evasion Moves Clause: Evasion moves are banned
|rule|Endless Battle Clause: Forcing endless battles is banned
|rule|HP Percentage Mod: HP is shown in percentages
|clearpoke
|poke|p1|Pelipper, M|
|poke|p1|Barraskewda, F|
|poke|p1|Dracovish|
|poke|p1|Ferrothorn, M|
|poke|p1|Grimmsnarl, M|
|poke|p1|Ditto|
|poke|p2|Cinderace, F|
|poke|p2|Corviknight, M|
|poke|p2|Galvantula, F|
|poke|p2|Sirfetch'd, M|
|poke|p2|Toxtricity, M|
|poke|p2|Bisharp, F|
|rule|Dynamax Clause: You cannot dynamax
|teampreview
|inactive|Battle timer is ON: inactive players will automatically lose when time's up. (requested by d57tfuygyftuygjk)
|
|start
|switch|p1a: Ferrothorn|Ferrothorn, M|100/100
|switch|p2a: Galvantula|Galvantula, F|100/100
|turn|1
|
|move|p2a: Galvantula|Sticky Web|p1a: Ferrothorn
|-sidestart|p1: Robertultime|move: Sticky Web
|move|p1a: Ferrothorn|Stealth Rock|p2a: Galvantula
|-sidestart|p2: d57tfuygyftuygjk|move: Stealth Rock
|
|upkeep
|turn|2
|
|move|p2a: Galvantula|Thunder|p1a: Ferrothorn
|-resisted|p1a: Ferrothorn
|-damage|p1a: Ferrothorn|80/100
|move|p1a: Ferrothorn|Leech Seed|p2a: Galvantula
|-start|p2a: Galvantula|move: Leech Seed
|
|-heal|p1a: Ferrothorn|86/100|[from] item: Leftovers
|-damage|p2a: Galvantula|88/100|[from] Leech Seed|[of] p1a: Ferrothorn
|-heal|p1a: Ferrothorn|96/100|[silent]
|upkeep
|turn|3
|
|move|p2a: Galvantula|Volt Switch|p1a: Ferrothorn
|-resisted|p1a: Ferrothorn
|-damage|p1a: Ferrothorn|84/100
|
|switch|p2a: Cinderace|Cinderace, F|100/100|[from]move: Volt Switch
|-damage|p2a: Cinderace|76/100|[from] Stealth Rock
|move|p1a: Ferrothorn|Knock Off|p2a: Cinderace
|-damage|p2a: Cinderace|46/100
|-enditem|p2a: Cinderace|Life Orb|[from] move: Knock Off|[of] p1a: Ferrothorn
|
|-heal|p1a: Ferrothorn|91/100|[from] item: Leftovers
|upkeep
|turn|4
|
|switch|p1a: Pelipper|Pelipper, M|100/100
|-weather|RainDance|[from] ability: Drizzle|[of] p1a: Pelipper
|move|p2a: Cinderace|Pyro Ball|p1a: Pelipper
|-resisted|p1a: Pelipper
|-damage|p1a: Pelipper|90/100
|-status|p1a: Pelipper|brn
|
|-weather|RainDance|[upkeep]
|-damage|p1a: Pelipper|84/100 brn|[from] brn
|upkeep
|turn|5
|
|move|p2a: Cinderace|Zen Headbutt|p1a: Pelipper
|-damage|p1a: Pelipper|64/100 brn
|cant|p1a: Pelipper|flinch
|
|-weather|RainDance|[upkeep]
|-damage|p1a: Pelipper|58/100 brn|[from] brn
|upkeep
|turn|6
|
|move|p2a: Cinderace|Court Change|p2a: Cinderace
|-sideend|p2: d57tfuygyftuygjk|Stealth Rock|[silent]
|-sidestart|p1: Robertultime|Stealth Rock|[silent]
|-sideend|p1: Robertultime|Sticky Web|[silent]
|-sidestart|p2: d57tfuygyftuygjk|Sticky Web|[silent]
|-activate|p2a: Cinderace|move: Court Change
|move|p1a: Pelipper|Hurricane|p2a: Cinderace
|-crit|p2a: Cinderace
|-damage|p2a: Cinderace|0 fnt
|faint|p2a: Cinderace
|
|-weather|RainDance|[upkeep]
|-damage|p1a: Pelipper|52/100 brn|[from] brn
|upkeep
|
|switch|p2a: Galvantula|Galvantula, F|88/100
|-activate|p2a: Galvantula|move: Sticky Web
|-unboost|p2a: Galvantula|spe|1
|turn|7
|
|switch|p1a: Ferrothorn|Ferrothorn, M|91/100
|-damage|p1a: Ferrothorn|84/100|[from] Stealth Rock
|move|p2a: Galvantula|Sticky Web|p1a: Ferrothorn
|-sidestart|p1: Robertultime|move: Sticky Web
|
|-weather|RainDance|[upkeep]
|-heal|p1a: Ferrothorn|91/100|[from] item: Leftovers
|upkeep
|turn|8
|
|move|p2a: Galvantula|Bug Buzz|p1a: Ferrothorn
|-damage|p1a: Ferrothorn|60/100
|-unboost|p1a: Ferrothorn|spd|1
|move|p1a: Ferrothorn|Stealth Rock|p2a: Galvantula
|-sidestart|p2: d57tfuygyftuygjk|move: Stealth Rock
|
|-weather|RainDance|[upkeep]
|-heal|p1a: Ferrothorn|66/100|[from] item: Leftovers
|upkeep
|turn|9
|
|move|p2a: Galvantula|Thunder|p1a: Ferrothorn
|-resisted|p1a: Ferrothorn
|-damage|p1a: Ferrothorn|38/100
|move|p1a: Ferrothorn|Leech Seed|p2a: Galvantula
|-start|p2a: Galvantula|move: Leech Seed
|
|-weather|RainDance|[upkeep]
|-heal|p1a: Ferrothorn|44/100|[from] item: Leftovers
|-damage|p2a: Galvantula|76/100|[from] Leech Seed|[of] p1a: Ferrothorn
|-heal|p1a: Ferrothorn|54/100|[silent]
|upkeep
|turn|10
|
|move|p2a: Galvantula|Thunder|p1a: Ferrothorn
|-resisted|p1a: Ferrothorn
|-damage|p1a: Ferrothorn|25/100
|-status|p1a: Ferrothorn|par
|cant|p1a: Ferrothorn|par
|
|-weather|RainDance|[upkeep]
|-heal|p1a: Ferrothorn|31/100 par|[from] item: Leftovers
|-damage|p2a: Galvantula|63/100|[from] Leech Seed|[of] p1a: Ferrothorn
|-heal|p1a: Ferrothorn|41/100 par|[silent]
|upkeep
|turn|11
|
|move|p2a: Galvantula|Volt Switch|p1a: Ferrothorn
|-resisted|p1a: Ferrothorn
|-damage|p1a: Ferrothorn|23/100 par
|
|switch|p2a: Sirfetch'd|Sirfetch'd, M|100/100|[from]move: Volt Switch
|-damage|p2a: Sirfetch'd|94/100|[from] Stealth Rock
|-activate|p2a: Sirfetch'd|move: Sticky Web
|-unboost|p2a: Sirfetch'd|spe|1
|cant|p1a: Ferrothorn|par
|
|-weather|none
|-heal|p1a: Ferrothorn|29/100 par|[from] item: Leftovers
|upkeep
|turn|12
|
|switch|p1a: Pelipper|Pelipper, M|52/100 brn
|-damage|p1a: Pelipper|27/100 brn|[from] Stealth Rock
|-weather|RainDance|[from] ability: Drizzle|[of] p1a: Pelipper
|move|p2a: Sirfetch'd|Swords Dance|p2a: Sirfetch'd
|-boost|p2a: Sirfetch'd|atk|2
|
|-weather|RainDance|[upkeep]
|-damage|p1a: Pelipper|21/100 brn|[from] brn
|upkeep
|turn|13
|
|move|p2a: Sirfetch'd|Quick Attack|p1a: Pelipper
|-damage|p1a: Pelipper|0 fnt
|faint|p1a: Pelipper
|
|-weather|RainDance|[upkeep]
|upkeep
|
|switch|p1a: Barraskewda|Barraskewda, F|100/100
|-activate|p1a: Barraskewda|move: Sticky Web
|-unboost|p1a: Barraskewda|spe|1
|-damage|p1a: Barraskewda|88/100|[from] Stealth Rock
|turn|14
|
|move|p2a: Sirfetch'd|Quick Attack|p1a: Barraskewda
|-damage|p1a: Barraskewda|27/100
|move|p1a: Barraskewda|Liquidation|p2a: Sirfetch'd
|-damage|p2a: Sirfetch'd|0 fnt
|faint|p2a: Sirfetch'd
|
|-weather|RainDance|[upkeep]
|upkeep
|
|switch|p2a: Bisharp|Bisharp, F|100/100
|-damage|p2a: Bisharp|95/100|[from] Stealth Rock
|-activate|p2a: Bisharp|move: Sticky Web
|-unboost|p2a: Bisharp|spe|1
|-ability|p2a: Bisharp|Defiant
|-boost|p2a: Bisharp|atk|2
|turn|15
|
|switch|p1a: Grimmsnarl|Grimmsnarl, M|100/100
|-activate|p1a: Grimmsnarl|move: Sticky Web
|-unboost|p1a: Grimmsnarl|spe|1
|-damage|p1a: Grimmsnarl|88/100|[from] Stealth Rock
|move|p2a: Bisharp|Sucker Punch||[still]
|-fail|p2a: Bisharp
|
|-weather|RainDance|[upkeep]
|upkeep
|turn|16
|
|move|p1a: Grimmsnarl|Play Rough|p2a: Bisharp
|-damage|p2a: Bisharp|45/100
|move|p2a: Bisharp|Iron Head|p1a: Grimmsnarl
|-supereffective|p1a: Grimmsnarl
|-damage|p1a: Grimmsnarl|0 fnt
|faint|p1a: Grimmsnarl
|
|-weather|RainDance|[upkeep]
|upkeep
|
|switch|p1a: Barraskewda|Barraskewda, F|27/100
|-activate|p1a: Barraskewda|move: Sticky Web
|-unboost|p1a: Barraskewda|spe|1
|-damage|p1a: Barraskewda|15/100|[from] Stealth Rock
|turn|17
|
|move|p2a: Bisharp|Sucker Punch|p1a: Barraskewda
|-damage|p1a: Barraskewda|0 fnt
|faint|p1a: Barraskewda
|
|-weather|RainDance|[upkeep]
|upkeep
|
|switch|p1a: Ferrothorn|Ferrothorn, M|29/100 par
|-activate|p1a: Ferrothorn|move: Sticky Web
|-unboost|p1a: Ferrothorn|spe|1
|-damage|p1a: Ferrothorn|23/100 par|[from] Stealth Rock
|turn|18
|
|move|p2a: Bisharp|Throat Chop|p1a: Ferrothorn
|-damage|p1a: Ferrothorn|0 fnt
|-damage|p2a: Bisharp|33/100|[from] ability: Iron Barbs|[of] p1a: Ferrothorn
|faint|p1a: Ferrothorn
|
|-weather|RainDance|[upkeep]
|upkeep
|
|switch|p1a: Ditto|Ditto|100/100
|-damage|p1a: Ditto|88/100|[from] Stealth Rock
|-activate|p1a: Ditto|move: Sticky Web
|-unboost|p1a: Ditto|spe|1
|-transform|p1a: Ditto|p2a: Bisharp|[from] ability: Imposter
|turn|19
|inactive|Robertultime has 120 seconds left.
|
|move|p1a: Ditto|Throat Chop|p2a: Bisharp
|-resisted|p2a: Bisharp
|-damage|p2a: Bisharp|0 fnt
|faint|p2a: Bisharp
|
|-weather|none
|upkeep
|
|switch|p2a: Galvantula|Galvantula, F|63/100
|-damage|p2a: Galvantula|38/100|[from] Stealth Rock
|-activate|p2a: Galvantula|move: Sticky Web
|-unboost|p2a: Galvantula|spe|1
|turn|20
|inactive|Robertultime has 120 seconds left.
|
|move|p2a: Galvantula|Thunder|p1a: Ditto
|-damage|p1a: Ditto|12/100
|move|p1a: Ditto|Throat Chop|p2a: Galvantula
|-damage|p2a: Galvantula|0 fnt
|faint|p2a: Galvantula
|
|upkeep
|
|switch|p2a: Corviknight|Corviknight, M|100/100
|-damage|p2a: Corviknight|88/100|[from] Stealth Rock
|turn|21
|
|move|p1a: Ditto|Throat Chop|p2a: Corviknight
|-damage|p2a: Corviknight|10/100
|-start|p2a: Corviknight|Throat Chop|[silent]
|move|p2a: Corviknight|Brave Bird|p1a: Ditto
|-resisted|p1a: Ditto
|-damage|p1a: Ditto|0 fnt
|-damage|p2a: Corviknight|7/100|[from] Recoil
|faint|p1a: Ditto
|
|-heal|p2a: Corviknight|13/100|[from] item: Leftovers
|upkeep
|
|switch|p1a: Dracovish|Dracovish|100/100
|-activate|p1a: Dracovish|move: Sticky Web
|-unboost|p1a: Dracovish|spe|1
|-damage|p1a: Dracovish|88/100|[from] Stealth Rock
|turn|22
|
|move|p2a: Corviknight|Defog|p1a: Dracovish
|-unboost|p1a: Dracovish|evasion|1
|-sideend|p1: Robertultime|Stealth Rock|[from] move: Defog|[of] p2a: Corviknight
|-sideend|p1: Robertultime|Sticky Web|[from] move: Defog|[of] p2a: Corviknight
|-sideend|p2: d57tfuygyftuygjk|Stealth Rock|[from] move: Defog|[of] p2a: Corviknight
|-sideend|p2: d57tfuygyftuygjk|Sticky Web|[from] move: Defog|[of] p2a: Corviknight
|move|p1a: Dracovish|Fishious Rend|p2a: Corviknight
|-damage|p2a: Corviknight|0 fnt
|faint|p2a: Corviknight
|
|upkeep
|
|switch|p2a: Toxtricity|Toxtricity, M|100/100
|turn|23
|c|☆Robertultime|gg
|
|move|p2a: Toxtricity|Overdrive|p1a: Dracovish
|-damage|p1a: Dracovish|0 fnt
|faint|p1a: Dracovish
|
|win|d57tfuygyftuygjk
|c|☆d57tfuygyftuygjk|gg
