|ScrapeTime|2020-01-01-18:15:20
|j|☆w0909
|j|☆uptochansey
|player|p1|w0909|263|1322
|player|p2|uptochansey|brock|1379
|teamsize|p1|6
|teamsize|p2|6
|gametype|singles
|gen|8
|tier|[Gen 8] OU
|rated|
|rule|Sleep Clause Mod: Limit one foe put to sleep
|rule|Species Clause: Limit one of each Pokémon
|rule|OHKO Clause: OHKO moves are banned
|rule|Evasion Moves Clause: Evasion moves are banned
|rule|Endless Battle Clause: Forcing endless battles is banned
|rule|HP Percentage Mod: HP is shown in percentages
|clearpoke
|poke|p1|Excadrill, M|
|poke|p1|Reuniclus, F|
|poke|p1|Tyranitar, F|
|poke|p1|Duraludon, M|
|poke|p1|Gyarados, F|
|poke|p1|Golisopod, M|
|poke|p2|Dracovish|
|poke|p2|Conkeldurr, F|
|poke|p2|Heliolisk, M|
|poke|p2|Excadrill, F|
|poke|p2|Ferrothorn, F|
|poke|p2|Tyranitar, M|
|rule|Dynamax Clause: You cannot dynamax
|teampreview
|
|start
|switch|p1a: Excadrill|Excadrill, M|100/100
|switch|p2a: Heliolisk|Heliolisk, M|100/100
|-ability|p1a: Excadrill|Mold Breaker
|turn|1
|inactive|Battle timer is ON: inactive players will automatically lose when time's up. (requested by w0909)
|
|move|p2a: Heliolisk|Surf|p1a: Excadrill
|-supereffective|p1a: Excadrill
|-damage|p1a: Excadrill|20/100
|move|p1a: Excadrill|Stealth Rock|p2a: Heliolisk
|-sidestart|p2: uptochansey|move: Stealth Rock
|
|upkeep
|turn|2
|
|switch|p1a: Gyarados|Gyarados, F|100/100
|move|p2a: Heliolisk|Surf|p1a: Gyarados
|-resisted|p1a: Gyarados
|-damage|p1a: Gyarados|87/100
|
|upkeep
|turn|3
|
|move|p2a: Heliolisk|Volt Switch|p1a: Gyarados
|-supereffective|p1a: Gyarados
|-enditem|p1a: Gyarados|Wacan Berry|[eat]
|-enditem|p1a: Gyarados|Wacan Berry|[weaken]
|-damage|p1a: Gyarados|20/100
|
|switch|p2a: Ferrothorn|Ferrothorn, F|100/100|[from]move: Volt Switch
|-damage|p2a: Ferrothorn|94/100|[from] Stealth Rock
|move|p1a: Gyarados|Earthquake|p2a: Ferrothorn
|-damage|p2a: Ferrothorn|72/100
|
|-heal|p2a: Ferrothorn|78/100|[from] item: Leftovers
|upkeep
|turn|4
|
|switch|p1a: Reuniclus|Reuniclus, F|100/100
|move|p2a: Ferrothorn|Leech Seed|p1a: Reuniclus
|-start|p1a: Reuniclus|move: Leech Seed
|
|-heal|p2a: Ferrothorn|84/100|[from] item: Leftovers
|upkeep
|turn|5
|
|move|p1a: Reuniclus|Calm Mind|p1a: Reuniclus
|-boost|p1a: Reuniclus|spa|1
|-boost|p1a: Reuniclus|spd|1
|move|p2a: Ferrothorn|Thunder Wave|p1a: Reuniclus
|-status|p1a: Reuniclus|par
|
|-heal|p2a: Ferrothorn|91/100|[from] item: Leftovers
|upkeep
|turn|6
|
|switch|p2a: BanSmogon|Tyranitar, M|100/100
|-damage|p2a: BanSmogon|88/100|[from] Stealth Rock
|-weather|Sandstorm|[from] ability: Sand Stream|[of] p2a: BanSmogon
|cant|p1a: Reuniclus|par
|
|-weather|Sandstorm|[upkeep]
|upkeep
|turn|7
|
|move|p2a: BanSmogon|Crunch|p1a: Reuniclus
|-supereffective|p1a: Reuniclus
|-damage|p1a: Reuniclus|54/100 par
|move|p1a: Reuniclus|Focus Blast|p2a: BanSmogon
|-supereffective|p2a: BanSmogon
|-damage|p2a: BanSmogon|13/100
|
|-weather|Sandstorm|[upkeep]
|-heal|p1a: Reuniclus|60/100 par|[from] item: Leftovers
|upkeep
|turn|8
|
|move|p2a: BanSmogon|Crunch|p1a: Reuniclus
|-supereffective|p1a: Reuniclus
|-damage|p1a: Reuniclus|10/100 par
|move|p1a: Reuniclus|Recover|p1a: Reuniclus
|-heal|p1a: Reuniclus|60/100 par
|
|-weather|Sandstorm|[upkeep]
|-heal|p1a: Reuniclus|66/100 par|[from] item: Leftovers
|upkeep
|turn|9
|
|move|p2a: BanSmogon|Crunch|p1a: Reuniclus
|-supereffective|p1a: Reuniclus
|-damage|p1a: Reuniclus|17/100 par
|-unboost|p1a: Reuniclus|def|1
|move|p1a: Reuniclus|Focus Blast|p2a: BanSmogon|[miss]
|-miss|p1a: Reuniclus|p2a: BanSmogon
|
|-weather|Sandstorm|[upkeep]
|-heal|p1a: Reuniclus|24/100 par|[from] item: Leftovers
|upkeep
|turn|10
|
|move|p2a: BanSmogon|Crunch|p1a: Reuniclus
|-supereffective|p1a: Reuniclus
|-damage|p1a: Reuniclus|0 fnt
|faint|p1a: Reuniclus
|
|-weather|none
|upkeep
|
|switch|p1a: Gyarados|Gyarados, F|20/100
|turn|11
|
|switch|p2a: Ferrothorn|Ferrothorn, F|91/100
|-damage|p2a: Ferrothorn|84/100|[from] Stealth Rock
|move|p1a: Gyarados|Dragon Dance|p1a: Gyarados
|-boost|p1a: Gyarados|atk|1
|-boost|p1a: Gyarados|spe|1
|
|-heal|p2a: Ferrothorn|91/100|[from] item: Leftovers
|upkeep
|turn|12
|
|move|p1a: Gyarados|Earthquake|p2a: Ferrothorn
|-damage|p2a: Ferrothorn|61/100
|move|p2a: Ferrothorn|Leech Seed|p1a: Gyarados|[miss]
|-miss|p2a: Ferrothorn|p1a: Gyarados
|
|-heal|p2a: Ferrothorn|67/100|[from] item: Leftovers
|upkeep
|turn|13
|
|switch|p1a: Excadrill|Excadrill, M|20/100
|-ability|p1a: Excadrill|Mold Breaker
|move|p2a: Ferrothorn|Leech Seed|p1a: Excadrill
|-start|p1a: Excadrill|move: Leech Seed
|
|-heal|p2a: Ferrothorn|73/100|[from] item: Leftovers
|-damage|p1a: Excadrill|8/100|[from] Leech Seed|[of] p2a: Ferrothorn
|-heal|p2a: Ferrothorn|86/100|[silent]
|upkeep
|turn|14
|
|move|p2a: Ferrothorn|Protect|p2a: Ferrothorn
|-singleturn|p2a: Ferrothorn|Protect
|move|p1a: Excadrill|Rapid Spin|p2a: Ferrothorn
|-activate|p2a: Ferrothorn|move: Protect
|
|-heal|p2a: Ferrothorn|92/100|[from] item: Leftovers
|-damage|p1a: Excadrill|0 fnt|[from] Leech Seed|[of] p2a: Ferrothorn
|-heal|p2a: Ferrothorn|99/100|[silent]
|faint|p1a: Excadrill
|upkeep
|
|switch|p1a: Tyranitar|Tyranitar, F|100/100
|-weather|Sandstorm|[from] ability: Sand Stream|[of] p1a: Tyranitar
|turn|15
|
|move|p1a: Tyranitar|Dragon Dance|p1a: Tyranitar
|-boost|p1a: Tyranitar|atk|1
|-boost|p1a: Tyranitar|spe|1
|move|p2a: Ferrothorn|Leech Seed|p1a: Tyranitar
|-start|p1a: Tyranitar|move: Leech Seed
|
|-weather|Sandstorm|[upkeep]
|-heal|p2a: Ferrothorn|100/100|[from] item: Leftovers
|-damage|p1a: Tyranitar|88/100|[from] Leech Seed|[of] p2a: Ferrothorn
|upkeep
|turn|16
|
|move|p1a: Tyranitar|Dragon Dance|p1a: Tyranitar
|-boost|p1a: Tyranitar|atk|1
|-boost|p1a: Tyranitar|spe|1
|move|p2a: Ferrothorn|Thunder Wave|p1a: Tyranitar
|-status|p1a: Tyranitar|par
|
|-weather|Sandstorm|[upkeep]
|-damage|p1a: Tyranitar|76/100 par|[from] Leech Seed|[of] p2a: Ferrothorn
|upkeep
|turn|17
|
|cant|p1a: Tyranitar|par
|move|p2a: Ferrothorn|Gyro Ball|p1a: Tyranitar
|-supereffective|p1a: Tyranitar
|-damage|p1a: Tyranitar|27/100 par
|-enditem|p1a: Tyranitar|Weakness Policy
|-boost|p1a: Tyranitar|atk|2
|-boost|p1a: Tyranitar|spa|2
|
|-weather|Sandstorm|[upkeep]
|-damage|p1a: Tyranitar|14/100 par|[from] Leech Seed|[of] p2a: Ferrothorn
|upkeep
|turn|18
|
|move|p2a: Ferrothorn|Protect|p2a: Ferrothorn
|-singleturn|p2a: Ferrothorn|Protect
|move|p1a: Tyranitar|Fire Punch|p2a: Ferrothorn
|-activate|p2a: Ferrothorn|move: Protect
|
|-weather|Sandstorm|[upkeep]
|-damage|p1a: Tyranitar|2/100 par|[from] Leech Seed|[of] p2a: Ferrothorn
|upkeep
|turn|19
|
|move|p2a: Ferrothorn|Protect|p2a: Ferrothorn
|-singleturn|p2a: Ferrothorn|Protect
|move|p1a: Tyranitar|Fire Punch|p2a: Ferrothorn
|-activate|p2a: Ferrothorn|move: Protect
|
|-weather|none
|-damage|p1a: Tyranitar|0 fnt|[from] Leech Seed|[of] p2a: Ferrothorn
|faint|p1a: Tyranitar
|upkeep
|-message|w0909 forfeited.
|
|win|uptochansey
|l|☆w0909
|raw|w0909's rating: 1322 → 1305(-17 for losing)
|raw|uptochansey's rating: 1379 → 1395(+16 for winning)
