|ScrapeTime|2020-01-02-06:04:43
|j|☆seanisghey
|j|☆pokeace96
|player|p1|seanisghey|gardenia|1425
|player|p2|pokeace96|benga|1449
|teamsize|p1|6
|teamsize|p2|6
|gametype|singles
|gen|8
|tier|[Gen 8] OU
|rated|
|rule|Sleep Clause Mod: Limit one foe put to sleep
|rule|Species Clause: Limit one of each Pokémon
|rule|OHKO Clause: OHKO moves are banned
|rule|Evasion Moves Clause: Evasion moves are banned
|rule|Endless Battle Clause: Forcing endless battles is banned
|rule|HP Percentage Mod: HP is shown in percentages
|clearpoke
|poke|p1|Ribombee, F|
|poke|p1|Dracozolt|
|poke|p1|Bisharp, M|
|poke|p1|Ferrothorn, M|
|poke|p1|Excadrill, F|
|poke|p1|Vaporeon, F|
|poke|p2|Bewear, F|
|poke|p2|Hatterene, F|
|poke|p2|Aegislash, M|
|poke|p2|Rotom-Heat|
|poke|p2|Seismitoad, F|
|poke|p2|Dragapult, M|
|rule|Dynamax Clause: You cannot dynamax
|teampreview
|inactive|Battle timer is ON: inactive players will automatically lose when time's up. (requested by pokeace96)
|inactive|seanisghey also wants the timer to be on.
|
|start
|switch|p1a: Bisharp|Bisharp, M|100/100
|switch|p2a: Hatterene|Hatterene, F|100/100
|turn|1
|
|switch|p2a: Bewear|Bewear, F|100/100
|move|p1a: Bisharp|Swords Dance|p1a: Bisharp
|-boost|p1a: Bisharp|atk|2
|
|upkeep
|turn|2
|
|move|p1a: Bisharp|Iron Head|p2a: Bewear
|-damage|p2a: Bewear|57/100
|move|p2a: Bewear|Close Combat|p1a: Bisharp
|-supereffective|p1a: Bisharp
|-damage|p1a: Bisharp|0 fnt
|-unboost|p2a: Bewear|def|1
|-unboost|p2a: Bewear|spd|1
|faint|p1a: Bisharp
|
|upkeep
|
|switch|p1a: Ribombee|Ribombee, F|100/100
|turn|3
|
|switch|p2a: Hatterene|Hatterene, F|100/100
|move|p1a: Ribombee|U-turn|p2a: Hatterene
|-damage|p2a: Hatterene|89/100
|
|switch|p1a: Excadrill|Excadrill, F|100/100|[from]move: U-turn
|-ability|p1a: Excadrill|Mold Breaker
|-item|p1a: Excadrill|Air Balloon
|
|-heal|p2a: Hatterene|95/100|[from] item: Leftovers
|upkeep
|turn|4
|
|switch|p2a: Seismitoad|Seismitoad, F|100/100
|move|p1a: Excadrill|Earthquake|p2a: Seismitoad
|-damage|p2a: Seismitoad|59/100
|
|-heal|p2a: Seismitoad|65/100|[from] item: Leftovers
|upkeep
|turn|5
|
|switch|p1a: Ferrothorn|Ferrothorn, M|100/100
|move|p2a: Seismitoad|Scald|p1a: Ferrothorn
|-resisted|p1a: Ferrothorn
|-damage|p1a: Ferrothorn|89/100
|-status|p1a: Ferrothorn|brn
|
|-heal|p2a: Seismitoad|71/100|[from] item: Leftovers
|-damage|p1a: Ferrothorn|83/100 brn|[from] brn
|upkeep
|turn|6
|
|move|p2a: Seismitoad|Stealth Rock|p1a: Ferrothorn
|-sidestart|p1: seanisghey|move: Stealth Rock
|move|p1a: Ferrothorn|Stealth Rock|p2a: Seismitoad
|-sidestart|p2: pokeace96|move: Stealth Rock
|
|-heal|p2a: Seismitoad|77/100|[from] item: Leftovers
|-damage|p1a: Ferrothorn|77/100 brn|[from] brn
|upkeep
|turn|7
|
|switch|p2a: Rotom|Rotom-Heat|100/100
|move|p1a: Ferrothorn|Knock Off|p2a: Rotom
|-damage|p2a: Rotom|89/100
|-enditem|p2a: Rotom|Heavy-Duty Boots|[from] move: Knock Off|[of] p1a: Ferrothorn
|
|-damage|p1a: Ferrothorn|71/100 brn|[from] brn
|upkeep
|turn|8
|
|move|p2a: Rotom|Nasty Plot|p2a: Rotom
|-boost|p2a: Rotom|spa|2
|move|p1a: Ferrothorn|Spikes|p2a: Rotom
|-sidestart|p2: pokeace96|Spikes
|
|-damage|p1a: Ferrothorn|64/100 brn|[from] brn
|upkeep
|turn|9
|
|move|p2a: Rotom|Overheat|p1a: Ferrothorn
|-supereffective|p1a: Ferrothorn
|-damage|p1a: Ferrothorn|0 fnt
|-unboost|p2a: Rotom|spa|2
|faint|p1a: Ferrothorn
|
|upkeep
|
|switch|p1a: Ribombee|Ribombee, F|100/100
|-damage|p1a: Ribombee|76/100|[from] Stealth Rock
|turn|10
|
|move|p1a: Ribombee|Sticky Web|p2a: Rotom
|-sidestart|p2: pokeace96|move: Sticky Web
|move|p2a: Rotom|Overheat|p1a: Ribombee|[miss]
|-miss|p2a: Rotom|p1a: Ribombee
|
|upkeep
|turn|11
|
|move|p1a: Ribombee|Moonblast|p2a: Rotom
|-resisted|p2a: Rotom
|-damage|p2a: Rotom|69/100
|move|p2a: Rotom|Overheat|p1a: Ribombee
|-supereffective|p1a: Ribombee
|-damage|p1a: Ribombee|0 fnt
|-unboost|p2a: Rotom|spa|2
|faint|p1a: Ribombee
|
|upkeep
|
|switch|p1a: Excadrill|Excadrill, F|100/100
|-damage|p1a: Excadrill|97/100|[from] Stealth Rock
|-ability|p1a: Excadrill|Mold Breaker
|-item|p1a: Excadrill|Air Balloon
|turn|12
|
|switch|p2a: Bewear|Bewear, F|57/100
|-damage|p2a: Bewear|45/100|[from] Spikes
|-damage|p2a: Bewear|39/100|[from] Stealth Rock
|-activate|p2a: Bewear|move: Sticky Web
|-unboost|p2a: Bewear|spe|1
|move|p1a: Excadrill|Earthquake|p2a: Bewear
|-damage|p2a: Bewear|0 fnt
|faint|p2a: Bewear
|
|upkeep
|
|switch|p2a: Seismitoad|Seismitoad, F|77/100
|-damage|p2a: Seismitoad|71/100|[from] Stealth Rock
|-damage|p2a: Seismitoad|59/100|[from] Spikes
|-activate|p2a: Seismitoad|move: Sticky Web
|-unboost|p2a: Seismitoad|spe|1
|turn|13
|
|move|p1a: Excadrill|Earthquake|p2a: Seismitoad
|-damage|p2a: Seismitoad|19/100
|move|p2a: Seismitoad|Toxic|p1a: Excadrill
|-immune|p1a: Excadrill
|
|-heal|p2a: Seismitoad|25/100|[from] item: Leftovers
|upkeep
|turn|14
|
|move|p1a: Excadrill|Earthquake|p2a: Seismitoad
|-damage|p2a: Seismitoad|0 fnt
|faint|p2a: Seismitoad
|
|upkeep
|
|switch|p2a: Dragapult|Dragapult, M|100/100
|-activate|p2a: Dragapult|move: Sticky Web
|-unboost|p2a: Dragapult|spe|1
|-damage|p2a: Dragapult|88/100|[from] Spikes
|-damage|p2a: Dragapult|76/100|[from] Stealth Rock
|turn|15
|
|move|p2a: Dragapult|Shadow Ball|p1a: Excadrill
|-damage|p1a: Excadrill|32/100
|-enditem|p1a: Excadrill|Air Balloon
|move|p1a: Excadrill|Earthquake|p2a: Dragapult
|-crit|p2a: Dragapult
|-damage|p2a: Dragapult|0 fnt
|faint|p2a: Dragapult
|
|upkeep
|
|switch|p2a: Aegislash|Aegislash, M|100/100
|-damage|p2a: Aegislash|88/100|[from] Spikes
|-activate|p2a: Aegislash|move: Sticky Web
|-unboost|p2a: Aegislash|spe|1
|-damage|p2a: Aegislash|82/100|[from] Stealth Rock
|turn|16
|
|move|p1a: Excadrill|Earthquake|p2a: Aegislash
|-supereffective|p2a: Aegislash
|-damage|p2a: Aegislash|0 fnt
|faint|p2a: Aegislash
|
|upkeep
|-message|pokeace96 forfeited.
|
|win|seanisghey
|l|☆pokeace96
|raw|seanisghey's rating: 1425 → 1447(+22 for winning)
|raw|pokeace96's rating: 1449 → 1428(-21 for losing)
