|ScrapeTime|2020-01-01-17:56:39
|j|☆Srdevil
|j|☆yuuq
|player|p1|Srdevil|silver|1413
|player|p2|yuuq|lance-gen2|1438
|teamsize|p1|6
|teamsize|p2|6
|gametype|singles
|gen|8
|tier|[Gen 8] OU
|rated|
|rule|Sleep Clause Mod: Limit one foe put to sleep
|rule|Species Clause: Limit one of each Pokémon
|rule|OHKO Clause: OHKO moves are banned
|rule|Evasion Moves Clause: Evasion moves are banned
|rule|Endless Battle Clause: Forcing endless battles is banned
|rule|HP Percentage Mod: HP is shown in percentages
|clearpoke
|poke|p1|Hydreigon, M|
|poke|p1|Corviknight, M|
|poke|p1|Seismitoad, M|
|poke|p1|Corsola-Galar, M|
|poke|p1|Hatterene, F|
|poke|p1|Eiscue, M|
|poke|p2|Ludicolo, M|
|poke|p2|Pelipper, M|
|poke|p2|Barraskewda, F|
|poke|p2|Excadrill, M|
|poke|p2|Dracozolt|
|poke|p2|Dracovish|
|rule|Dynamax Clause: You cannot dynamax
|teampreview
|inactive|Battle timer is ON: inactive players will automatically lose when time's up. (requested by Srdevil)
|
|start
|switch|p1a: Seismitoad|Seismitoad, M|100/100
|switch|p2a: Pelipper|Pelipper, M|100/100
|-weather|RainDance|[from] ability: Drizzle|[of] p2a: Pelipper
|turn|1
|
|move|p1a: Seismitoad|Stealth Rock|p2a: Pelipper
|-sidestart|p2: yuuq|move: Stealth Rock
|move|p2a: Pelipper|U-turn|p1a: Seismitoad
|-damage|p1a: Seismitoad|92/100
|
|switch|p2a: Ludicolo|Ludicolo, M|100/100|[from]move: U-turn
|-damage|p2a: Ludicolo|88/100|[from] Stealth Rock
|
|-weather|RainDance|[upkeep]
|-heal|p1a: Seismitoad|98/100|[from] item: Leftovers
|upkeep
|turn|2
|
|move|p1a: Seismitoad|Protect|p1a: Seismitoad
|-singleturn|p1a: Seismitoad|Protect
|move|p2a: Ludicolo|Hydro Pump|p1a: Seismitoad
|-activate|p1a: Seismitoad|move: Protect
|
|-weather|RainDance|[upkeep]
|-heal|p1a: Seismitoad|100/100|[from] item: Leftovers
|upkeep
|turn|3
|
|switch|p1a: Corviknight|Corviknight, M|100/100
|-ability|p1a: Corviknight|Pressure
|move|p2a: Ludicolo|Hydro Pump|p1a: Corviknight
|-damage|p1a: Corviknight|19/100
|-damage|p2a: Ludicolo|78/100|[from] item: Life Orb
|
|-weather|RainDance|[upkeep]
|-heal|p1a: Corviknight|26/100|[from] item: Leftovers
|upkeep
|turn|4
|
|move|p2a: Ludicolo|Ice Beam|p1a: Corviknight
|-damage|p1a: Corviknight|0 fnt
|-damage|p2a: Ludicolo|68/100|[from] item: Life Orb
|faint|p1a: Corviknight
|
|-weather|RainDance|[upkeep]
|upkeep
|
|switch|p1a: Hatterene|Hatterene, F|100/100
|turn|5
|
|switch|p2a: Excadrill|Excadrill, M|100/100
|-damage|p2a: Excadrill|97/100|[from] Stealth Rock
|-ability|p2a: Excadrill|Mold Breaker
|move|p1a: Hatterene|Nuzzle|p2a: Excadrill
|-immune|p2a: Excadrill
|
|-weather|RainDance|[upkeep]
|upkeep
|turn|6
|
|switch|p1a: Corsola|Corsola-Galar, M|100/100
|move|p2a: Excadrill|Iron Head|p1a: Corsola
|-damage|p1a: Corsola|77/100
|
|-weather|RainDance|[upkeep]
|upkeep
|turn|7
|
|move|p2a: Excadrill|Stealth Rock|p1a: Corsola
|-sidestart|p1: Srdevil|move: Stealth Rock
|move|p1a: Corsola|Will-O-Wisp|p2a: Excadrill
|-status|p2a: Excadrill|brn
|
|-weather|RainDance|[upkeep]
|-damage|p2a: Excadrill|91/100 brn|[from] brn
|upkeep
|turn|8
|
|switch|p2a: Pelipper|Pelipper, M|100/100
|-damage|p2a: Pelipper|76/100|[from] Stealth Rock
|move|p1a: Corsola|Strength Sap|p2a: Pelipper
|-unboost|p2a: Pelipper|atk|1
|-heal|p1a: Corsola|100/100
|
|-weather|none
|upkeep
|turn|9
|
|move|p2a: Pelipper|Roost|p2a: Pelipper
|-heal|p2a: Pelipper|100/100
|-singleturn|p2a: Pelipper|move: Roost
|move|p1a: Corsola|Night Shade|p2a: Pelipper
|-damage|p2a: Pelipper|70/100
|
|upkeep
|turn|10
|
|move|p2a: Pelipper|Roost|p2a: Pelipper
|-heal|p2a: Pelipper|100/100
|-singleturn|p2a: Pelipper|move: Roost
|move|p1a: Corsola|Night Shade|p2a: Pelipper
|-damage|p2a: Pelipper|70/100
|
|upkeep
|turn|11
|
|move|p2a: Pelipper|Scald|p1a: Corsola
|-damage|p1a: Corsola|84/100
|move|p1a: Corsola|Night Shade|p2a: Pelipper
|-damage|p2a: Pelipper|39/100
|
|upkeep
|turn|12
|
|move|p2a: Pelipper|Roost|p2a: Pelipper
|-heal|p2a: Pelipper|89/100
|-singleturn|p2a: Pelipper|move: Roost
|move|p1a: Corsola|Night Shade|p2a: Pelipper
|-damage|p2a: Pelipper|58/100
|
|upkeep
|turn|13
|
|move|p2a: Pelipper|Scald|p1a: Corsola
|-damage|p1a: Corsola|67/100
|move|p1a: Corsola|Night Shade|p2a: Pelipper
|-damage|p2a: Pelipper|27/100
|
|upkeep
|turn|14
|
|move|p2a: Pelipper|Roost|p2a: Pelipper
|-heal|p2a: Pelipper|77/100
|-singleturn|p2a: Pelipper|move: Roost
|move|p1a: Corsola|Night Shade|p2a: Pelipper
|-damage|p2a: Pelipper|46/100
|
|upkeep
|turn|15
|
|move|p2a: Pelipper|Scald|p1a: Corsola
|-damage|p1a: Corsola|51/100
|move|p1a: Corsola|Night Shade|p2a: Pelipper
|-damage|p2a: Pelipper|15/100
|
|upkeep
|turn|16
|
|move|p2a: Pelipper|Roost|p2a: Pelipper
|-heal|p2a: Pelipper|65/100
|-singleturn|p2a: Pelipper|move: Roost
|move|p1a: Corsola|Night Shade|p2a: Pelipper
|-damage|p2a: Pelipper|34/100
|
|upkeep
|turn|17
|
|move|p2a: Pelipper|Roost|p2a: Pelipper
|-heal|p2a: Pelipper|84/100
|-singleturn|p2a: Pelipper|move: Roost
|move|p1a: Corsola|Night Shade|p2a: Pelipper
|-damage|p2a: Pelipper|53/100
|
|upkeep
|turn|18
|
|switch|p1a: Seismitoad|Seismitoad, M|100/100
|-damage|p1a: Seismitoad|94/100|[from] Stealth Rock
|move|p2a: Pelipper|Scald|p1a: Seismitoad
|-heal|p1a: Seismitoad|100/100|[from] ability: Water Absorb|[of] p2a: Pelipper
|
|upkeep
|turn|19
|
|move|p1a: Seismitoad|Scald|p2a: Pelipper
|-resisted|p2a: Pelipper
|-damage|p2a: Pelipper|35/100
|-status|p2a: Pelipper|brn
|move|p2a: Pelipper|Roost|p2a: Pelipper
|-heal|p2a: Pelipper|85/100 brn
|-singleturn|p2a: Pelipper|move: Roost
|
|-damage|p2a: Pelipper|79/100 brn|[from] brn
|upkeep
|turn|20
|
|move|p1a: Seismitoad|Scald|p2a: Pelipper
|-resisted|p2a: Pelipper
|-damage|p2a: Pelipper|62/100 brn
|move|p2a: Pelipper|U-turn|p1a: Seismitoad
|-damage|p1a: Seismitoad|97/100
|
|switch|p2a: Ludicolo|Ludicolo, M|68/100|[from]move: U-turn
|-damage|p2a: Ludicolo|56/100|[from] Stealth Rock
|
|-heal|p1a: Seismitoad|100/100|[from] item: Leftovers
|upkeep
|turn|21
|
|switch|p1a: Hatterene|Hatterene, F|100/100
|-damage|p1a: Hatterene|88/100|[from] Stealth Rock
|move|p2a: Ludicolo|Giga Drain|p1a: Hatterene
|-damage|p1a: Hatterene|48/100
|-heal|p2a: Ludicolo|78/100|[from] drain|[of] p1a: Hatterene
|-damage|p2a: Ludicolo|68/100|[from] item: Life Orb
|
|-heal|p1a: Hatterene|54/100|[from] item: Leftovers
|upkeep
|turn|22
|
|move|p2a: Ludicolo|Hydro Pump|p1a: Hatterene
|-damage|p1a: Hatterene|0 fnt
|-damage|p2a: Ludicolo|58/100|[from] item: Life Orb
|faint|p1a: Hatterene
|
|upkeep
|
|switch|p1a: Hydreigon|Hydreigon, M|100/100
|-damage|p1a: Hydreigon|88/100|[from] Stealth Rock
|turn|23
|
|switch|p2a: Dracozolt|Dracozolt|100/100
|-damage|p2a: Dracozolt|88/100|[from] Stealth Rock
|move|p1a: Hydreigon|Substitute|p1a: Hydreigon
|-start|p1a: Hydreigon|Substitute
|-damage|p1a: Hydreigon|63/100
|
|-heal|p1a: Hydreigon|69/100|[from] item: Leftovers
|upkeep
|turn|24
|
|move|p1a: Hydreigon|Dark Pulse|p2a: Dracozolt
|-damage|p2a: Dracozolt|27/100
|cant|p2a: Dracozolt|flinch
|
|-heal|p1a: Hydreigon|76/100|[from] item: Leftovers
|upkeep
|turn|25
|
|move|p1a: Hydreigon|Dark Pulse|p2a: Dracozolt
|-damage|p2a: Dracozolt|0 fnt
|faint|p2a: Dracozolt
|
|-heal|p1a: Hydreigon|82/100|[from] item: Leftovers
|upkeep
|
|switch|p2a: Excadrill|Excadrill, M|91/100 brn
|-damage|p2a: Excadrill|88/100 brn|[from] Stealth Rock
|-ability|p2a: Excadrill|Mold Breaker
|turn|26
|
|move|p1a: Hydreigon|Flamethrower|p2a: Excadrill
|-supereffective|p2a: Excadrill
|-damage|p2a: Excadrill|12/100 brn
|move|p2a: Excadrill|Iron Head|p1a: Hydreigon
|-crit|p1a: Hydreigon
|-end|p1a: Hydreigon|Substitute
|
|-heal|p1a: Hydreigon|88/100|[from] item: Leftovers
|-damage|p2a: Excadrill|6/100 brn|[from] brn
|upkeep
|turn|27
|
|move|p1a: Hydreigon|Flamethrower|p2a: Excadrill
|-supereffective|p2a: Excadrill
|-damage|p2a: Excadrill|0 fnt
|faint|p2a: Excadrill
|
|-heal|p1a: Hydreigon|94/100|[from] item: Leftovers
|upkeep
|
|switch|p2a: Pelipper|Pelipper, M|62/100 brn
|-damage|p2a: Pelipper|37/100 brn|[from] Stealth Rock
|-weather|RainDance|[from] ability: Drizzle|[of] p2a: Pelipper
|turn|28
|
|move|p1a: Hydreigon|Dark Pulse|p2a: Pelipper
|-damage|p2a: Pelipper|0 fnt
|faint|p2a: Pelipper
|
|-weather|RainDance|[upkeep]
|-heal|p1a: Hydreigon|99/100|[from] item: Leftovers
|upkeep
|
|switch|p2a: Dracovish|Dracovish|100/100
|-damage|p2a: Dracovish|88/100|[from] Stealth Rock
|turn|29
|
|switch|p1a: Seismitoad|Seismitoad, M|100/100
|-damage|p1a: Seismitoad|94/100|[from] Stealth Rock
|move|p2a: Dracovish|Outrage|p1a: Seismitoad
|-damage|p1a: Seismitoad|36/100
|
|-weather|RainDance|[upkeep]
|-heal|p1a: Seismitoad|42/100|[from] item: Leftovers
|upkeep
|turn|30
|
|move|p1a: Seismitoad|Protect|p1a: Seismitoad
|-singleturn|p1a: Seismitoad|Protect
|move|p2a: Dracovish|Outrage|p1a: Seismitoad|[from]lockedmove
|-activate|p1a: Seismitoad|move: Protect
|-start|p2a: Dracovish|confusion|[fatigue]
|
|-weather|RainDance|[upkeep]
|-heal|p1a: Seismitoad|48/100|[from] item: Leftovers
|upkeep
|turn|31
|
|-activate|p2a: Dracovish|confusion
|move|p2a: Dracovish|Outrage|p1a: Seismitoad
|-damage|p1a: Seismitoad|0 fnt
|faint|p1a: Seismitoad
|
|-weather|RainDance|[upkeep]
|upkeep
|
|switch|p1a: Corsola|Corsola-Galar, M|51/100
|-damage|p1a: Corsola|38/100|[from] Stealth Rock
|turn|32
|
|-activate|p2a: Dracovish|confusion
|move|p2a: Dracovish|Outrage|p1a: Corsola|[from]lockedmove
|-damage|p1a: Corsola|10/100
|-start|p2a: Dracovish|Disable|Outrage|[from] ability: Cursed Body|[of] p1a: Corsola
|move|p1a: Corsola|Strength Sap|p2a: Dracovish
|-unboost|p2a: Dracovish|atk|1
|-heal|p1a: Corsola|100/100
|
|-weather|RainDance|[upkeep]
|upkeep
|turn|33
|
|switch|p2a: Barraskewda|Barraskewda, F|100/100
|-damage|p2a: Barraskewda|88/100|[from] Stealth Rock
|move|p1a: Corsola|Night Shade|p2a: Barraskewda
|-damage|p2a: Barraskewda|50/100
|
|-weather|RainDance|[upkeep]
|upkeep
|turn|34
|
|move|p2a: Barraskewda|Liquidation|p1a: Corsola
|-damage|p1a: Corsola|44/100
|-start|p2a: Barraskewda|Disable|Liquidation|[from] ability: Cursed Body|[of] p1a: Corsola
|move|p1a: Corsola|Strength Sap|p2a: Barraskewda
|-unboost|p2a: Barraskewda|atk|1
|-heal|p1a: Corsola|100/100
|
|-weather|RainDance|[upkeep]
|upkeep
|turn|35
|
|switch|p2a: Ludicolo|Ludicolo, M|58/100
|-damage|p2a: Ludicolo|45/100|[from] Stealth Rock
|move|p1a: Corsola|Night Shade|p2a: Ludicolo
|-damage|p2a: Ludicolo|12/100
|
|-weather|none
|upkeep
|turn|36
|
|move|p2a: Ludicolo|Hydro Pump|p1a: Corsola
|-damage|p1a: Corsola|63/100
|-damage|p2a: Ludicolo|2/100|[from] item: Life Orb
|move|p1a: Corsola|Night Shade|p2a: Ludicolo
|-damage|p2a: Ludicolo|0 fnt
|faint|p2a: Ludicolo
|
|upkeep
|
|switch|p2a: Dracovish|Dracovish|88/100
|-damage|p2a: Dracovish|76/100|[from] Stealth Rock
|turn|37
|
|move|p2a: Dracovish|Fishious Rend|p1a: Corsola
|-damage|p1a: Corsola|4/100
|move|p1a: Corsola|Strength Sap|p2a: Dracovish
|-unboost|p2a: Dracovish|atk|1
|-heal|p1a: Corsola|99/100
|
|upkeep
|turn|38
|-message|yuuq forfeited.
|
|win|Srdevil
|l|☆yuuq
|c|☆Srdevil|Gg
|raw|Srdevil's rating: 1413 → 1434(+21 for winning)
|raw|yuuq's rating: 1439 → 1417(-22 for losing)
