|ScrapeTime|2020-01-01-16:52:27
|j|☆rossopowa
|j|☆austrian warlord
|player|p1|rossopowa|265|1287
|player|p2|austrian warlord|swimmer-gen4|1326
|teamsize|p1|6
|teamsize|p2|6
|gametype|singles
|gen|8
|tier|[Gen 8] OU
|rated|
|rule|Sleep Clause Mod: Limit one foe put to sleep
|rule|Species Clause: Limit one of each Pokémon
|rule|OHKO Clause: OHKO moves are banned
|rule|Evasion Moves Clause: Evasion moves are banned
|rule|Endless Battle Clause: Forcing endless battles is banned
|rule|HP Percentage Mod: HP is shown in percentages
|clearpoke
|poke|p1|Gengar, M|
|poke|p1|Tsareena, F|
|poke|p1|Dracovish|
|poke|p1|Ferrothorn, M|
|poke|p1|Pelipper, F|
|poke|p1|Barraskewda, F|
|poke|p2|Copperajah, M|
|poke|p2|Dragapult, M|
|poke|p2|Conkeldurr, M|
|poke|p2|Mandibuzz, F|
|poke|p2|Cinderace, F|
|poke|p2|Rotom-Wash|
|rule|Dynamax Clause: You cannot dynamax
|teampreview
|inactive|Battle timer is ON: inactive players will automatically lose when time's up. (requested by rossopowa)
|
|start
|switch|p1a: Pelipper|Pelipper, F|100/100
|switch|p2a: Rotom|Rotom-Wash|100/100
|-weather|RainDance|[from] ability: Drizzle|[of] p1a: Pelipper
|turn|1
|
|switch|p1a: Ferrothorn|Ferrothorn, M|100/100
|move|p2a: Rotom|Volt Switch|p1a: Ferrothorn
|-resisted|p1a: Ferrothorn
|-damage|p1a: Ferrothorn|88/100
|
|switch|p2a: Conkeldurr|Conkeldurr, M|100/100|[from]move: Volt Switch
|
|-weather|RainDance|[upkeep]
|-heal|p1a: Ferrothorn|94/100|[from] item: Leftovers
|-status|p2a: Conkeldurr|brn|[from] item: Flame Orb
|upkeep
|turn|2
|
|move|p2a: Conkeldurr|Earthquake|p1a: Ferrothorn
|-damage|p1a: Ferrothorn|56/100
|move|p1a: Ferrothorn|Stealth Rock|p2a: Conkeldurr
|-sidestart|p2: austrian warlord|move: Stealth Rock
|
|-weather|RainDance|[upkeep]
|-heal|p1a: Ferrothorn|62/100|[from] item: Leftovers
|-damage|p2a: Conkeldurr|94/100 brn|[from] brn
|upkeep
|turn|3
|inactive|rossopowa has 120 seconds left.
|
|switch|p1a: Pelipper|Pelipper, F|100/100
|move|p2a: Conkeldurr|Drain Punch|p1a: Pelipper
|-resisted|p1a: Pelipper
|-damage|p1a: Pelipper|73/100
|-heal|p2a: Conkeldurr|100/100 brn|[from] drain|[of] p1a: Pelipper
|
|-weather|RainDance|[upkeep]
|-damage|p2a: Conkeldurr|94/100 brn|[from] brn
|upkeep
|turn|4
|
|move|p1a: Pelipper|Hurricane|p2a: Conkeldurr
|-supereffective|p2a: Conkeldurr
|-damage|p2a: Conkeldurr|6/100 brn
|move|p2a: Conkeldurr|Thunder Punch|p1a: Pelipper
|-supereffective|p1a: Pelipper
|-damage|p1a: Pelipper|0 fnt
|faint|p1a: Pelipper
|
|-weather|RainDance|[upkeep]
|-damage|p2a: Conkeldurr|0 fnt|[from] brn
|faint|p2a: Conkeldurr
|upkeep
|inactive|austrian warlord has 120 seconds left.
|
|switch|p1a: Gengar|Gengar, M|100/100
|switch|p2a: Dragapult|Dragapult, M|100/100
|-damage|p2a: Dragapult|88/100|[from] Stealth Rock
|turn|5
|inactive|austrian warlord has 120 seconds left.
|
|move|p2a: Dragapult|Phantom Force||[still]
|-prepare|p2a: Dragapult|Phantom Force|p1a: Gengar
|move|p1a: Gengar|Shadow Ball|p2a: Dragapult|[miss]
|-miss|p1a: Gengar|p2a: Dragapult
|
|-weather|RainDance|[upkeep]
|upkeep
|turn|6
|inactive|rossopowa has 120 seconds left.
|
|switch|p1a: Ferrothorn|Ferrothorn, M|62/100
|move|p2a: Dragapult|Phantom Force|p1a: Ferrothorn|[from]lockedmove
|-damage|p1a: Ferrothorn|35/100
|-damage|p2a: Dragapult|76/100|[from] ability: Iron Barbs|[of] p1a: Ferrothorn
|
|-weather|RainDance|[upkeep]
|-heal|p1a: Ferrothorn|41/100|[from] item: Leftovers
|upkeep
|turn|7
|
|move|p2a: Dragapult|Substitute|p2a: Dragapult
|-start|p2a: Dragapult|Substitute
|-damage|p2a: Dragapult|51/100
|move|p1a: Ferrothorn|Knock Off|p2a: Dragapult
|-supereffective|p2a: Dragapult
|-end|p2a: Dragapult|Substitute
|
|-weather|RainDance|[upkeep]
|-heal|p1a: Ferrothorn|47/100|[from] item: Leftovers
|upkeep
|turn|8
|
|switch|p2a: Mandibuzz|Mandibuzz, F|100/100
|move|p1a: Ferrothorn|Knock Off|p2a: Mandibuzz
|-resisted|p2a: Mandibuzz
|-damage|p2a: Mandibuzz|92/100
|-enditem|p2a: Mandibuzz|Heavy-Duty Boots|[from] move: Knock Off|[of] p1a: Ferrothorn
|
|-weather|none
|-heal|p1a: Ferrothorn|53/100|[from] item: Leftovers
|upkeep
|turn|9
|inactive|rossopowa has 120 seconds left.
|
|switch|p1a: Dracovish|Dracovish|100/100
|move|p2a: Mandibuzz|Defog|p1a: Dracovish
|-unboost|p1a: Dracovish|evasion|1
|-sideend|p2: austrian warlord|Stealth Rock|[from] move: Defog|[of] p2a: Mandibuzz
|
|upkeep
|turn|10
|
|move|p1a: Dracovish|Fishious Rend|p2a: Mandibuzz
|-damage|p2a: Mandibuzz|10/100
|move|p2a: Mandibuzz|Foul Play|p1a: Dracovish
|-damage|p1a: Dracovish|58/100
|
|upkeep
|turn|11
|
|move|p1a: Dracovish|Fishious Rend|p2a: Mandibuzz
|-crit|p2a: Mandibuzz
|-damage|p2a: Mandibuzz|0 fnt
|faint|p2a: Mandibuzz
|
|upkeep
|
|switch|p2a: Dragapult|Dragapult, M|51/100
|turn|12
|
|switch|p1a: Ferrothorn|Ferrothorn, M|53/100
|move|p2a: Dragapult|Dragon Darts|p1a: Ferrothorn
|-resisted|p1a: Ferrothorn
|-damage|p1a: Ferrothorn|44/100
|-resisted|p1a: Ferrothorn
|-damage|p1a: Ferrothorn|36/100
|-hitcount|p1a: Ferrothorn|2
|
|-heal|p1a: Ferrothorn|42/100|[from] item: Leftovers
|upkeep
|turn|13
|
|switch|p2a: Cinderace|Cinderace, F|100/100
|move|p1a: Ferrothorn|Stealth Rock|p2a: Cinderace
|-sidestart|p2: austrian warlord|move: Stealth Rock
|
|-heal|p1a: Ferrothorn|48/100|[from] item: Leftovers
|upkeep
|turn|14
|
|switch|p1a: Dracovish|Dracovish|58/100
|move|p2a: Cinderace|Court Change|p2a: Cinderace
|-sideend|p2: austrian warlord|Stealth Rock|[silent]
|-sidestart|p1: rossopowa|Stealth Rock|[silent]
|-activate|p2a: Cinderace|move: Court Change
|
|upkeep
|turn|15
|
|move|p1a: Dracovish|Fishious Rend|p2a: Cinderace
|-supereffective|p2a: Cinderace
|-damage|p2a: Cinderace|0 fnt
|faint|p2a: Cinderace
|
|upkeep
|
|switch|p2a: Dragapult|Dragapult, M|51/100
|turn|16
|
|switch|p1a: Ferrothorn|Ferrothorn, M|48/100
|-damage|p1a: Ferrothorn|42/100|[from] Stealth Rock
|move|p2a: Dragapult|Dragon Dance|p2a: Dragapult
|-boost|p2a: Dragapult|atk|1
|-boost|p2a: Dragapult|spe|1
|
|-heal|p1a: Ferrothorn|48/100|[from] item: Leftovers
|upkeep
|turn|17
|
|move|p2a: Dragapult|Dragon Darts|p1a: Ferrothorn
|-resisted|p1a: Ferrothorn
|-crit|p1a: Ferrothorn
|-damage|p1a: Ferrothorn|30/100
|-resisted|p1a: Ferrothorn
|-damage|p1a: Ferrothorn|19/100
|-hitcount|p1a: Ferrothorn|2
|move|p1a: Ferrothorn|Knock Off|p2a: Dragapult
|-supereffective|p2a: Dragapult
|-damage|p2a: Dragapult|0 fnt
|-enditem|p2a: Dragapult|Expert Belt|[from] move: Knock Off|[of] p1a: Ferrothorn
|faint|p2a: Dragapult
|
|-heal|p1a: Ferrothorn|25/100|[from] item: Leftovers
|upkeep
|
|switch|p2a: Copperajah|Copperajah, M|100/100
|turn|18
|
|move|p2a: Copperajah|Heat Crash|p1a: Ferrothorn
|-supereffective|p1a: Ferrothorn
|-damage|p1a: Ferrothorn|0 fnt
|-damage|p2a: Copperajah|88/100|[from] ability: Iron Barbs|[of] p1a: Ferrothorn
|faint|p1a: Ferrothorn
|
|upkeep
|
|switch|p1a: Tsareena|Tsareena, F|100/100
|-damage|p1a: Tsareena|88/100|[from] Stealth Rock
|turn|19
|
|move|p1a: Tsareena|High Jump Kick|p2a: Copperajah
|-supereffective|p2a: Copperajah
|-damage|p2a: Copperajah|0 fnt
|faint|p2a: Copperajah
|
|upkeep
|
|switch|p2a: Rotom|Rotom-Wash|100/100
|turn|20
|
|move|p2a: Rotom|Trick|p1a: Tsareena
|-activate|p2a: Rotom|move: Trick|[of] p1a: Tsareena
|-item|p1a: Tsareena|Choice Scarf|[from] move: Trick
|-item|p2a: Rotom|Assault Vest|[from] move: Trick
|move|p1a: Tsareena|Trop Kick|p2a: Rotom
|-supereffective|p2a: Rotom
|-damage|p2a: Rotom|5/100
|-unboost|p2a: Rotom|atk|1
|
|upkeep
|turn|21
|
|move|p2a: Rotom|Hydro Pump|p1a: Tsareena
|-resisted|p1a: Tsareena
|-damage|p1a: Tsareena|63/100
|move|p1a: Tsareena|Trop Kick|p2a: Rotom
|-supereffective|p2a: Rotom
|-damage|p2a: Rotom|0 fnt
|faint|p2a: Rotom
|
|win|rossopowa
|l|☆austrian warlord
|raw|rossopowa's rating: 1287 → 1315(+28 for winning)
|raw|austrian warlord's rating: 1326 → 1304(-22 for losing)
