|ScrapeTime|2020-01-02-04:46:29
|j|☆AkaClashYT
|j|☆ClassicHero
|player|p1|AkaClashYT|fisherman-gen4|1188
|player|p2|ClassicHero|cynthia|1149
|teamsize|p1|6
|teamsize|p2|6
|gametype|singles
|gen|8
|tier|[Gen 8] OU
|rated|
|rule|Sleep Clause Mod: Limit one foe put to sleep
|rule|Species Clause: Limit one of each Pokémon
|rule|OHKO Clause: OHKO moves are banned
|rule|Evasion Moves Clause: Evasion moves are banned
|rule|Endless Battle Clause: Forcing endless battles is banned
|rule|HP Percentage Mod: HP is shown in percentages
|clearpoke
|poke|p1|Clefable, M|
|poke|p1|Dragapult, M|
|poke|p1|Seismitoad, M|
|poke|p1|Weavile, F|
|poke|p1|Corviknight, M|
|poke|p1|Rotom-Heat|
|poke|p2|Hippowdon, M|
|poke|p2|Ferrothorn, F|
|poke|p2|Flygon, F|
|poke|p2|Tyranitar, F|
|poke|p2|Excadrill, M|
|poke|p2|Duraludon, F|
|rule|Dynamax Clause: You cannot dynamax
|teampreview
|
|start
|switch|p1a: Clefable|Clefable, M|100/100
|switch|p2a: Hippowdon|Hippowdon, M|100/100
|-weather|Sandstorm|[from] ability: Sand Stream|[of] p2a: Hippowdon
|turn|1
|
|move|p1a: Clefable|Moonblast|p2a: Hippowdon
|-damage|p2a: Hippowdon|48/100
|move|p2a: Hippowdon|Stealth Rock|p1a: Clefable
|-sidestart|p1: AkaClashYT|move: Stealth Rock
|
|-weather|Sandstorm|[upkeep]
|-heal|p2a: Hippowdon|54/100|[from] item: Leftovers
|upkeep
|turn|2
|
|switch|p2a: Ferrothorn|Ferrothorn, F|100/100
|move|p1a: Clefable|Moonblast|p2a: Ferrothorn
|-resisted|p2a: Ferrothorn
|-damage|p2a: Ferrothorn|78/100
|
|-weather|Sandstorm|[upkeep]
|-heal|p2a: Ferrothorn|85/100|[from] item: Leftovers
|upkeep
|turn|3
|
|move|p1a: Clefable|Flamethrower|p2a: Ferrothorn
|-supereffective|p2a: Ferrothorn
|-damage|p2a: Ferrothorn|0 fnt
|faint|p2a: Ferrothorn
|
|-weather|Sandstorm|[upkeep]
|upkeep
|
|switch|p2a: Garchomp :(|Flygon, F, shiny|100/100
|turn|4
|
|move|p2a: Garchomp :(|Earthquake|p1a: Clefable
|-damage|p1a: Clefable|46/100
|move|p1a: Clefable|Moonblast|p2a: Garchomp :(
|-supereffective|p2a: Garchomp :(
|-damage|p2a: Garchomp :(|0 fnt
|faint|p2a: Garchomp :(
|
|-weather|Sandstorm|[upkeep]
|upkeep
|c|☆ClassicHero|I've made a great error
|
|switch|p2a: Excadrill|Excadrill, M|100/100
|-item|p2a: Excadrill|Air Balloon
|turn|5
|
|switch|p1a: Corviknight|Corviknight, M|100/100
|-damage|p1a: Corviknight|88/100|[from] Stealth Rock
|-ability|p1a: Corviknight|Pressure
|move|p2a: Excadrill|Earthquake|p1a: Corviknight
|-immune|p1a: Corviknight
|
|-weather|none
|-heal|p1a: Corviknight|94/100|[from] item: Leftovers
|upkeep
|turn|6
|c|☆AkaClashYT|lol
|c|☆AkaClashYT|btw
|c|☆AkaClashYT|the message sent late
|c|☆AkaClashYT|i wasnet laughing at the play
|c|☆AkaClashYT|was laughing at what u said
|
|switch|p2a: Duraludon|Duraludon, F|100/100
|move|p1a: Corviknight|U-turn|p2a: Duraludon
|-resisted|p2a: Duraludon
|-damage|p2a: Duraludon|94/100
|c|☆ClassicHero|no worries I didn't think that was the case
|c|☆AkaClashYT|ok
|
|switch|p1a: Seismitoad|Seismitoad, M|100/100|[from]move: U-turn
|-damage|p1a: Seismitoad|94/100|[from] Stealth Rock
|
|-heal|p1a: Seismitoad|100/100|[from] item: Leftovers
|upkeep
|turn|7
|
|move|p2a: Duraludon|Draco Meteor|p1a: Seismitoad
|-damage|p1a: Seismitoad|0 fnt
|-unboost|p2a: Duraludon|spa|2
|faint|p1a: Seismitoad
|
|upkeep
|c|☆AkaClashYT|damn
|c|☆ClassicHero|I need a better option than flygon.
|
|switch|p1a: Weavile|Weavile, F|100/100
|-damage|p1a: Weavile|76/100|[from] Stealth Rock
|-ability|p1a: Weavile|Pressure
|turn|8
|c|☆ClassicHero|Funnily enough dugtrio is the fastest ground type and has sand veil
|c|☆AkaClashYT|waht kind of mon u lookin for?
|c|☆ClassicHero|I need a garchomp replacement :(
|c|☆AkaClashYT|oh
|c|☆ClassicHero|I think dugtrio may be the best choice
|c|☆ClassicHero|!stats Dugtrio
|raw|OU  Dugtrio  Sand VeilArena TrapSand ForceHP35 Atk100 Def50 SpA50 SpD70 Spe120 BST425 

|c|☆ClassicHero|high attack and high speed
|c|☆AkaClashYT|!data kommo-o
|raw|OU  Kommo-o  BulletproofSoundproofOvercoatHP75 Atk110 Def125 SpA100 SpD105 Spe85 BST600 

|c|☆AkaClashYT|!data garchomp
|raw|Illegal  Garchomp  Sand VeilRough SkinHP108 Atk130 Def95 SpA80 SpD85 Spe102 BST600 

|c|☆ClassicHero|kommo-o fits my team less
|c|☆AkaClashYT|oh
|c|☆ClassicHero|also kommo-o is slow
|c|☆AkaClashYT|true
|c|☆AkaClashYT|but
|
|switch|p2a: Tyranitar|Tyranitar, F|100/100
|-weather|Sandstorm|[from] ability: Sand Stream|[of] p2a: Tyranitar
|move|p1a: Weavile|Low Kick|p2a: Tyranitar
|-supereffective|p2a: Tyranitar
|-damage|p2a: Tyranitar|0 fnt
|faint|p2a: Tyranitar
|
|-weather|Sandstorm|[upkeep]
|-damage|p1a: Weavile|70/100|[from] Sandstorm
|upkeep
|c|☆AkaClashYT|!data clangerous soul
No Pokémon, item, move, ability or nature named 'clangerous soul' was found. Showing the data of 'Clangorous Soul' instead.
|raw|Clangorous Soul  Accuracy— PP8 User loses 33% max HP. Raises all stats by 1. 

|
|switch|p2a: Excadrill|Excadrill, M|100/100
|-item|p2a: Excadrill|Air Balloon
|turn|9
|c|☆AkaClashYT|and you could use a berry with it
|c|☆ClassicHero|He is a good mon but I like having a heavy sand theme
|c|☆AkaClashYT|and its only real enemy is fairy types
|c|☆ClassicHero|I may have to try it
|c|☆AkaClashYT|which it has poison jab for
|
|move|p2a: Excadrill|Earthquake|p1a: Weavile
|-damage|p1a: Weavile|0 fnt
|faint|p1a: Weavile
|
|-weather|Sandstorm|[upkeep]
|upkeep
|
|switch|p1a: Clefable|Clefable, M|46/100
|turn|10
|
|move|p2a: Excadrill|Earthquake|p1a: Clefable
|-damage|p1a: Clefable|0 fnt
|faint|p1a: Clefable
|
|-weather|Sandstorm|[upkeep]
|upkeep
|c|☆AkaClashYT|darn
|c|☆AkaClashYT|was gonna moonlight
|
|switch|p1a: Dragapult|Dragapult, M|100/100
|-damage|p1a: Dragapult|88/100|[from] Stealth Rock
|turn|11
|c|☆ClassicHero|I should've used iron head there but somehow it still worked
|
|move|p2a: Excadrill|Earthquake|p1a: Dragapult
|-damage|p1a: Dragapult|14/100
|move|p1a: Dragapult|Flamethrower|p2a: Excadrill
|-supereffective|p2a: Excadrill
|-damage|p2a: Excadrill|0 fnt
|-enditem|p2a: Excadrill|Air Balloon
|faint|p2a: Excadrill
|
|-weather|Sandstorm|[upkeep]
|-damage|p1a: Dragapult|8/100|[from] Sandstorm
|upkeep
|c|☆AkaClashYT|!data iron head
|raw|Iron Head  Power80 Accuracy100% PP24 30% chance to flinch the target. 

|c|☆AkaClashYT|it can miss right?
|
|switch|p2a: Hippowdon|Hippowdon, M|54/100
|turn|12
|c|☆AkaClashYT|oh nvm
|c|☆AkaClashYT|100 acc
|c|☆AkaClashYT|then yea
|c|☆ClassicHero|rock slide can miss
|
|move|p1a: Dragapult|Flamethrower|p2a: Hippowdon
|-damage|p2a: Hippowdon|19/100
|move|p2a: Hippowdon|Slack Off|p2a: Hippowdon
|-heal|p2a: Hippowdon|69/100
|
|-weather|none
|-heal|p2a: Hippowdon|75/100|[from] item: Leftovers
|upkeep
|turn|13
|c|☆ClassicHero|but iron head can't
|c|☆AkaClashYT|ok
|
|switch|p1a: Corviknight|Corviknight, M|94/100
|-damage|p1a: Corviknight|82/100|[from] Stealth Rock
|-ability|p1a: Corviknight|Pressure
|move|p2a: Hippowdon|Whirlwind|p1a: Corviknight
|drag|p1a: Rotom|Rotom-Heat|100/100
|
|-heal|p2a: Hippowdon|81/100|[from] item: Leftovers
|upkeep
|turn|14
|c|☆AkaClashYT|ok
|
|switch|p1a: Corviknight|Corviknight, M|82/100
|-damage|p1a: Corviknight|69/100|[from] Stealth Rock
|-ability|p1a: Corviknight|Pressure
|move|p2a: Hippowdon|Whirlwind|p1a: Corviknight
|drag|p1a: Rotom|Rotom-Heat|100/100
|
|-heal|p2a: Hippowdon|87/100|[from] item: Leftovers
|upkeep
|turn|15
|c|☆AkaClashYT|donnttt
|
|switch|p1a: Corviknight|Corviknight, M|69/100
|-damage|p1a: Corviknight|57/100|[from] Stealth Rock
|-ability|p1a: Corviknight|Pressure
|move|p2a: Hippowdon|Whirlwind|p1a: Corviknight
|drag|p1a: Dragapult|Dragapult, M|8/100
|-damage|p1a: Dragapult|0 fnt|[from] Stealth Rock
|faint|p1a: Dragapult
|
|-heal|p2a: Hippowdon|93/100|[from] item: Leftovers
|upkeep
|c|☆ClassicHero|I need to
|c|☆AkaClashYT|ahhhhhhhhhhh
|
|switch|p1a: Rotom|Rotom-Heat|100/100
|turn|16
|c|☆ClassicHero|I can't deal with corviknight any other way :(
|
|move|p1a: Rotom|Overheat|p2a: Hippowdon
|-damage|p2a: Hippowdon|51/100
|-unboost|p1a: Rotom|spa|2
|move|p2a: Hippowdon|Whirlwind|p1a: Rotom
|drag|p1a: Corviknight|Corviknight, M|57/100
|-damage|p1a: Corviknight|44/100|[from] Stealth Rock
|-ability|p1a: Corviknight|Pressure
|
|-heal|p1a: Corviknight|50/100|[from] item: Leftovers
|-heal|p2a: Hippowdon|57/100|[from] item: Leftovers
|upkeep
|turn|17
|
|move|p1a: Corviknight|Roost|p1a: Corviknight
|-heal|p1a: Corviknight|100/100
|-singleturn|p1a: Corviknight|move: Roost
|move|p2a: Hippowdon|Whirlwind|p1a: Corviknight
|drag|p1a: Rotom|Rotom-Heat|100/100
|
|-heal|p2a: Hippowdon|64/100|[from] item: Leftovers
|upkeep
|turn|18
|
|move|p1a: Rotom|Overheat|p2a: Hippowdon
|-damage|p2a: Hippowdon|20/100
|-unboost|p1a: Rotom|spa|2
|move|p2a: Hippowdon|Slack Off|p2a: Hippowdon
|-heal|p2a: Hippowdon|70/100
|
|-heal|p2a: Hippowdon|76/100|[from] item: Leftovers
|upkeep
|turn|19
|c|☆AkaClashYT|works for me
|
|move|p1a: Rotom|Overheat|p2a: Hippowdon
|-damage|p2a: Hippowdon|56/100
|-unboost|p1a: Rotom|spa|2
|move|p2a: Hippowdon|Slack Off|p2a: Hippowdon
|-heal|p2a: Hippowdon|100/100
|
|upkeep
|turn|20
|
|move|p1a: Rotom|Will-O-Wisp|p2a: Hippowdon
|-status|p2a: Hippowdon|brn
|move|p2a: Hippowdon|Whirlwind|p1a: Rotom
|drag|p1a: Corviknight|Corviknight, M|100/100
|-damage|p1a: Corviknight|88/100|[from] Stealth Rock
|-ability|p1a: Corviknight|Pressure
|
|-heal|p1a: Corviknight|94/100|[from] item: Leftovers
|-damage|p2a: Hippowdon|94/100 brn|[from] brn
|upkeep
|turn|21
|
|switch|p2a: Duraludon|Duraludon, F|94/100
|move|p1a: Corviknight|Brave Bird|p2a: Duraludon
|-resisted|p2a: Duraludon
|-damage|p2a: Duraludon|78/100
|-damage|p1a: Corviknight|90/100|[from] Recoil
|
|-heal|p1a: Corviknight|97/100|[from] item: Leftovers
|upkeep
|turn|22
|
|move|p2a: Duraludon|Thunderbolt|p1a: Corviknight
|-supereffective|p1a: Corviknight
|-damage|p1a: Corviknight|15/100
|move|p1a: Corviknight|Defog|p2a: Duraludon
|-unboost|p2a: Duraludon|evasion|1
|-sideend|p1: AkaClashYT|Stealth Rock|[from] move: Defog|[of] p1a: Corviknight
|
|-heal|p1a: Corviknight|21/100|[from] item: Leftovers
|upkeep
|turn|23
|c|☆ClassicHero|the choice specs worked!
|
|switch|p1a: Rotom|Rotom-Heat|100/100
|move|p2a: Duraludon|Thunderbolt|p1a: Rotom
|-resisted|p1a: Rotom
|-damage|p1a: Rotom|74/100
|
|upkeep
|turn|24
|c|☆AkaClashYT|#hate u
|
|switch|p2a: Hippowdon|Hippowdon, M|94/100 brn
|-weather|Sandstorm|[from] ability: Sand Stream|[of] p2a: Hippowdon
|move|p1a: Rotom|Thunder Wave|p2a: Hippowdon
|-immune|p2a: Hippowdon
|
|-weather|Sandstorm|[upkeep]
|-damage|p1a: Rotom|68/100|[from] Sandstorm
|-heal|p2a: Hippowdon|100/100 brn|[from] item: Leftovers
|-damage|p2a: Hippowdon|94/100 brn|[from] brn
|upkeep
|turn|25
|c|☆ClassicHero|I was suggested them before but I wasn't sure if they would work
|
|move|p1a: Rotom|Overheat|p2a: Hippowdon
|-damage|p2a: Hippowdon|50/100 brn
|-unboost|p1a: Rotom|spa|2
|move|p2a: Hippowdon|Stealth Rock|p1a: Rotom
|-sidestart|p1: AkaClashYT|move: Stealth Rock
|
|-weather|Sandstorm|[upkeep]
|-damage|p1a: Rotom|61/100|[from] Sandstorm
|-heal|p2a: Hippowdon|57/100 brn|[from] item: Leftovers
|-damage|p2a: Hippowdon|50/100 brn|[from] brn
|upkeep
|turn|26
|
|move|p1a: Rotom|Overheat|p2a: Hippowdon
|-damage|p2a: Hippowdon|28/100 brn
|-unboost|p1a: Rotom|spa|2
|move|p2a: Hippowdon|Slack Off|p2a: Hippowdon
|-heal|p2a: Hippowdon|78/100 brn
|
|-weather|Sandstorm|[upkeep]
|-damage|p1a: Rotom|55/100|[from] Sandstorm
|-heal|p2a: Hippowdon|85/100 brn|[from] item: Leftovers
|-damage|p2a: Hippowdon|78/100 brn|[from] brn
|upkeep
|turn|27
|c|☆ClassicHero|this wouldn't happen if I had garchomp to sweep with :;)
|
|move|p1a: Rotom|Overheat|p2a: Hippowdon
|-damage|p2a: Hippowdon|65/100 brn
|-unboost|p1a: Rotom|spa|2
|move|p2a: Hippowdon|Slack Off|p2a: Hippowdon
|-heal|p2a: Hippowdon|100/100 brn
|
|-weather|Sandstorm|[upkeep]
|-damage|p1a: Rotom|49/100|[from] Sandstorm
|-damage|p2a: Hippowdon|94/100 brn|[from] brn
|upkeep
|turn|28
|c|☆ClassicHero|then chomp would just end things faster
|
|move|p1a: Rotom|Overheat|p2a: Hippowdon
|-damage|p2a: Hippowdon|84/100 brn
|move|p2a: Hippowdon|Slack Off|p2a: Hippowdon
|-heal|p2a: Hippowdon|100/100 brn
|
|-weather|none
|-damage|p2a: Hippowdon|94/100 brn|[from] brn
|upkeep
|turn|29
|
|switch|p1a: Corviknight|Corviknight, M|21/100
|-damage|p1a: Corviknight|8/100|[from] Stealth Rock
|-ability|p1a: Corviknight|Pressure
|move|p2a: Hippowdon|Slack Off|p2a: Hippowdon
|-heal|p2a: Hippowdon|100/100 brn
|
|-heal|p1a: Corviknight|15/100|[from] item: Leftovers
|-damage|p2a: Hippowdon|94/100 brn|[from] brn
|upkeep
|turn|30
|
|move|p1a: Corviknight|Roost|p1a: Corviknight
|-heal|p1a: Corviknight|65/100
|-singleturn|p1a: Corviknight|move: Roost
|move|p2a: Hippowdon|Whirlwind|p1a: Corviknight
|drag|p1a: Rotom|Rotom-Heat|49/100
|
|-heal|p2a: Hippowdon|100/100 brn|[from] item: Leftovers
|-damage|p2a: Hippowdon|94/100 brn|[from] brn
|upkeep
|turn|31
|c|☆ClassicHero|don't
|c|☆ClassicHero|damn
|
|move|p1a: Rotom|Overheat|p2a: Hippowdon
|-damage|p2a: Hippowdon|52/100 brn
|-unboost|p1a: Rotom|spa|2
|move|p2a: Hippowdon|Whirlwind|p1a: Rotom
|drag|p1a: Corviknight|Corviknight, M|65/100
|-damage|p1a: Corviknight|52/100|[from] Stealth Rock
|-ability|p1a: Corviknight|Pressure
|
|-heal|p1a: Corviknight|58/100|[from] item: Leftovers
|-heal|p2a: Hippowdon|58/100 brn|[from] item: Leftovers
|-damage|p2a: Hippowdon|52/100 brn|[from] brn
|upkeep
|turn|32
|
|move|p1a: Corviknight|Roost|p1a: Corviknight
|-heal|p1a: Corviknight|100/100
|-singleturn|p1a: Corviknight|move: Roost
|move|p2a: Hippowdon|Whirlwind|p1a: Corviknight
|drag|p1a: Rotom|Rotom-Heat|49/100
|
|-heal|p2a: Hippowdon|58/100 brn|[from] item: Leftovers
|-damage|p2a: Hippowdon|52/100 brn|[from] brn
|upkeep
|turn|33
|c|☆ClassicHero|I basically have to hope you don't have flame thrower
|
|move|p1a: Rotom|Thunder Wave|p2a: Hippowdon
|-immune|p2a: Hippowdon
|move|p2a: Hippowdon|Slack Off|p2a: Hippowdon
|-heal|p2a: Hippowdon|100/100 brn
|
|-damage|p2a: Hippowdon|94/100 brn|[from] brn
|upkeep
|turn|34
|
|switch|p1a: Corviknight|Corviknight, M|100/100
|-damage|p1a: Corviknight|88/100|[from] Stealth Rock
|-ability|p1a: Corviknight|Pressure
|move|p2a: Hippowdon|Slack Off|p2a: Hippowdon
|-heal|p2a: Hippowdon|100/100 brn
|
|-heal|p1a: Corviknight|94/100|[from] item: Leftovers
|-damage|p2a: Hippowdon|94/100 brn|[from] brn
|upkeep
|turn|35
|
|switch|p2a: Duraludon|Duraludon, F|78/100
|move|p1a: Corviknight|Defog|p2a: Duraludon
|-unboost|p2a: Duraludon|evasion|1
|-sideend|p1: AkaClashYT|Stealth Rock|[from] move: Defog|[of] p1a: Corviknight
|
|-heal|p1a: Corviknight|100/100|[from] item: Leftovers
|upkeep
|turn|36
|
|switch|p1a: Rotom|Rotom-Heat|49/100
|move|p2a: Duraludon|Draco Meteor|p1a: Rotom
|-damage|p1a: Rotom|0 fnt
|-unboost|p2a: Duraludon|spa|2
|faint|p1a: Rotom
|
|upkeep
|
|switch|p1a: Corviknight|Corviknight, M|100/100
|-ability|p1a: Corviknight|Pressure
|turn|37
|
|switch|p2a: Hippowdon|Hippowdon, M|94/100 brn
|-weather|Sandstorm|[from] ability: Sand Stream|[of] p2a: Hippowdon
|move|p1a: Corviknight|Brave Bird|p2a: Hippowdon
|-damage|p2a: Hippowdon|72/100 brn
|-damage|p1a: Corviknight|93/100|[from] Recoil
|
|-weather|Sandstorm|[upkeep]
|-heal|p1a: Corviknight|99/100|[from] item: Leftovers
|-heal|p2a: Hippowdon|78/100 brn|[from] item: Leftovers
|-damage|p2a: Hippowdon|72/100 brn|[from] brn
|upkeep
|turn|38
|
|switch|p2a: Duraludon|Duraludon, F|78/100
|move|p1a: Corviknight|Brave Bird|p2a: Duraludon
|-resisted|p2a: Duraludon
|-damage|p2a: Duraludon|62/100
|-damage|p1a: Corviknight|95/100|[from] Recoil
|
|-weather|Sandstorm|[upkeep]
|-heal|p1a: Corviknight|100/100|[from] item: Leftovers
|upkeep
|turn|39
|c|☆ClassicHero|this was more painful than I intended it to be
|
|move|p2a: Duraludon|Thunderbolt|p1a: Corviknight
|-supereffective|p1a: Corviknight
|-damage|p1a: Corviknight|24/100
|move|p1a: Corviknight|Roost|p1a: Corviknight
|-heal|p1a: Corviknight|74/100
|-singleturn|p1a: Corviknight|move: Roost
|
|-weather|Sandstorm|[upkeep]
|-heal|p1a: Corviknight|80/100|[from] item: Leftovers
|upkeep
|turn|40
|
|move|p2a: Duraludon|Thunderbolt|p1a: Corviknight
|-supereffective|p1a: Corviknight
|-damage|p1a: Corviknight|2/100
|move|p1a: Corviknight|Roost|p1a: Corviknight
|-heal|p1a: Corviknight|52/100
|-singleturn|p1a: Corviknight|move: Roost
|
|-weather|Sandstorm|[upkeep]
|-heal|p1a: Corviknight|58/100|[from] item: Leftovers
|upkeep
|turn|41
|
|move|p2a: Duraludon|Thunderbolt|p1a: Corviknight
|-supereffective|p1a: Corviknight
|-damage|p1a: Corviknight|0 fnt
|faint|p1a: Corviknight
|
|win|ClassicHero
|raw|AkaClashYT's rating: 1188 → 1160(-28 for losing)
|raw|ClassicHero's rating: 1149 → 1177(+28 for winning)
|l|☆AkaClashYT
