|ScrapeTime|2020-01-01-20:06:53
|j|☆Blaze_Tohsaka
|j|☆Zark_959
|player|p1|Blaze_Tohsaka|skyla|1043
|player|p2|Zark_959|steven|1036
|teamsize|p1|6
|teamsize|p2|6
|gametype|singles
|gen|8
|tier|[Gen 8] OU
|rated|
|rule|Sleep Clause Mod: Limit one foe put to sleep
|rule|Species Clause: Limit one of each Pokémon
|rule|OHKO Clause: OHKO moves are banned
|rule|Evasion Moves Clause: Evasion moves are banned
|rule|Endless Battle Clause: Forcing endless battles is banned
|rule|HP Percentage Mod: HP is shown in percentages
|clearpoke
|poke|p1|Pelipper, F|
|poke|p1|Dracovish|
|poke|p1|Barraskewda, F|
|poke|p1|Ferrothorn, M|
|poke|p1|Grimmsnarl, M|
|poke|p1|Ditto|
|poke|p2|Dracovish|
|poke|p2|Mimikyu, F|
|poke|p2|Gengar, M|
|poke|p2|Charizard, F|
|poke|p2|Corviknight, M|
|poke|p2|Hydreigon, F|
|rule|Dynamax Clause: You cannot dynamax
|teampreview
|inactive|Battle timer is ON: inactive players will automatically lose when time's up. (requested by Blaze_Tohsaka)
|
|start
|switch|p1a: Kirishima|Ferrothorn, M, shiny|100/100
|switch|p2a: Mimikyu|Mimikyu, F, shiny|100/100
|turn|1
|
|move|p2a: Mimikyu|Swords Dance|p2a: Mimikyu
|-boost|p2a: Mimikyu|atk|2
|move|p1a: Kirishima|Stealth Rock|p2a: Mimikyu
|-sidestart|p2: Zark_959|move: Stealth Rock
|
|upkeep
|turn|2
|
|move|p2a: Mimikyu|Swords Dance|p2a: Mimikyu
|-boost|p2a: Mimikyu|atk|2
|move|p1a: Kirishima|Knock Off|p2a: Mimikyu
|-activate|p2a: Mimikyu|ability: Disguise
|-damage|p2a: Mimikyu|100/100
|-enditem|p2a: Mimikyu|Figy Berry|[from] move: Knock Off|[of] p1a: Kirishima
|detailschange|p2a: Mimikyu|Mimikyu-Busted, F, shiny
|-damage|p2a: Mimikyu|88/100|[from] ability: Disguise|[of] p2a: Mimikyu
|
|upkeep
|turn|3
|
|move|p2a: Mimikyu|Play Rough|p1a: Kirishima
|-resisted|p1a: Kirishima
|-damage|p1a: Kirishima|60/100
|-damage|p2a: Mimikyu|76/100|[from] ability: Iron Barbs|[of] p1a: Kirishima
|move|p1a: Kirishima|Leech Seed|p2a: Mimikyu
|-start|p2a: Mimikyu|move: Leech Seed
|
|-heal|p1a: Kirishima|66/100|[from] item: Leftovers
|-damage|p2a: Mimikyu|63/100|[from] Leech Seed|[of] p1a: Kirishima
|-heal|p1a: Kirishima|75/100|[silent]
|upkeep
|turn|4
|inactive|Zark_959 has 120 seconds left.
|
|switch|p2a: Charizard|Charizard, F, shiny|100/100
|-damage|p2a: Charizard|50/100|[from] Stealth Rock
|move|p1a: Kirishima|Stealth Rock||[still]
|-fail|p1a: Kirishima
|
|-heal|p2a: Charizard|57/100|[from] item: Leftovers
|-heal|p1a: Kirishima|81/100|[from] item: Leftovers
|upkeep
|turn|5
|
|switch|p1a: Aya|Pelipper, F|100/100
|-weather|RainDance|[from] ability: Drizzle|[of] p1a: Aya
|move|p2a: Charizard|Flamethrower|p1a: Aya
|-resisted|p1a: Aya
|-damage|p1a: Aya|85/100
|
|-weather|RainDance|[upkeep]
|-heal|p2a: Charizard|63/100|[from] item: Leftovers
|upkeep
|turn|6
|inactive|Zark_959 has 120 seconds left.
|
|switch|p2a: Hydreigon|Hydreigon, F, shiny|100/100
|-damage|p2a: Hydreigon|88/100|[from] Stealth Rock
|move|p1a: Aya|U-turn|p2a: Hydreigon
|-supereffective|p2a: Hydreigon
|-damage|p2a: Hydreigon|65/100
|
|switch|p1a: Grimmsnarl|Grimmsnarl, M|100/100|[from]move: U-turn
|
|-weather|RainDance|[upkeep]
|-heal|p2a: Hydreigon|71/100|[from] item: Leftovers
|upkeep
|turn|7
|
|move|p1a: Grimmsnarl|Light Screen|p1a: Grimmsnarl
|-sidestart|p1: Blaze_Tohsaka|move: Light Screen
|move|p2a: Hydreigon|Earthquake|p1a: Grimmsnarl
|-damage|p1a: Grimmsnarl|60/100
|
|-weather|RainDance|[upkeep]
|-heal|p2a: Hydreigon|77/100|[from] item: Leftovers
|upkeep
|turn|8
|
|move|p1a: Grimmsnarl|Reflect|p1a: Grimmsnarl
|-sidestart|p1: Blaze_Tohsaka|Reflect
|move|p2a: Hydreigon|Dragon Dance|p2a: Hydreigon
|-boost|p2a: Hydreigon|atk|1
|-boost|p2a: Hydreigon|spe|1
|
|-weather|RainDance|[upkeep]
|-heal|p2a: Hydreigon|83/100|[from] item: Leftovers
|upkeep
|turn|9
|
|move|p2a: Hydreigon|Dragon Dance|p2a: Hydreigon
|-boost|p2a: Hydreigon|atk|1
|-boost|p2a: Hydreigon|spe|1
|move|p1a: Grimmsnarl|Spirit Break|p2a: Hydreigon
|-supereffective|p2a: Hydreigon
|-damage|p2a: Hydreigon|0 fnt
|faint|p2a: Hydreigon
|
|-weather|RainDance|[upkeep]
|upkeep
|
|switch|p2a: Corviknight|Corviknight, M|100/100
|-damage|p2a: Corviknight|88/100|[from] Stealth Rock
|-ability|p2a: Corviknight|Pressure
|turn|10
|
|move|p1a: Grimmsnarl|Thunder Wave|p2a: Corviknight
|-status|p2a: Corviknight|par
|move|p2a: Corviknight|Bulk Up|p2a: Corviknight
|-boost|p2a: Corviknight|atk|1
|-boost|p2a: Corviknight|def|1
|
|-weather|RainDance|[upkeep]
|upkeep
|turn|11
|
|switch|p1a: Kuronoir IV|Dracovish|100/100
|move|p2a: Corviknight|Iron Head|p1a: Kuronoir IV
|-resisted|p1a: Kuronoir IV
|-damage|p1a: Kuronoir IV|86/100
|
|-weather|RainDance|[upkeep]
|upkeep
|turn|12
|
|move|p1a: Kuronoir IV|Fishious Rend|p2a: Corviknight
|-damage|p2a: Corviknight|0 fnt
|faint|p2a: Corviknight
|
|-weather|none
|upkeep
|
|switch|p2a: Dracovish|Dracovish|100/100
|-damage|p2a: Dracovish|88/100|[from] Stealth Rock
|turn|13
|
|move|p1a: Kuronoir IV|Fishious Rend|p2a: Dracovish
|-resisted|p2a: Dracovish
|-damage|p2a: Dracovish|46/100
|move|p2a: Dracovish|Dragon Pulse|p1a: Kuronoir IV
|-supereffective|p1a: Kuronoir IV
|-damage|p1a: Kuronoir IV|56/100
|
|upkeep
|turn|14
|
|switch|p1a: Grimmsnarl|Grimmsnarl, M|60/100
|move|p2a: Dracovish|Dragon Pulse|p1a: Grimmsnarl
|-immune|p1a: Grimmsnarl
|
|-sideend|p1: Blaze_Tohsaka|move: Light Screen
|upkeep
|turn|15
|
|switch|p2a: Gengar|Gengar, M, shiny|100/100
|-damage|p2a: Gengar|88/100|[from] Stealth Rock
|move|p1a: Grimmsnarl|Light Screen|p1a: Grimmsnarl
|-sidestart|p1: Blaze_Tohsaka|move: Light Screen
|
|-heal|p2a: Gengar|94/100|[from] item: Leftovers
|-sideend|p1: Blaze_Tohsaka|Reflect
|upkeep
|turn|16
|
|move|p1a: Grimmsnarl|Reflect|p1a: Grimmsnarl
|-sidestart|p1: Blaze_Tohsaka|Reflect
|move|p2a: Gengar|Thunderbolt|p1a: Grimmsnarl
|-damage|p1a: Grimmsnarl|43/100
|
|-heal|p2a: Gengar|99/100|[from] item: Leftovers
|upkeep
|turn|17
|
|move|p1a: Grimmsnarl|Thunder Wave|p2a: Gengar
|-status|p2a: Gengar|par
|move|p2a: Gengar|Thunderbolt|p1a: Grimmsnarl
|-damage|p1a: Grimmsnarl|22/100
|
|-heal|p2a: Gengar|100/100 par|[from] item: Leftovers
|upkeep
|turn|18
|
|switch|p1a: Kirishima|Ferrothorn, M, shiny|81/100
|move|p2a: Gengar|Thunderbolt|p1a: Kirishima
|-resisted|p1a: Kirishima
|-damage|p1a: Kirishima|75/100
|
|-heal|p1a: Kirishima|81/100|[from] item: Leftovers
|upkeep
|turn|19
|
|switch|p2a: Dracovish|Dracovish|46/100
|-damage|p2a: Dracovish|33/100|[from] Stealth Rock
|move|p1a: Kirishima|Knock Off|p2a: Dracovish
|-damage|p2a: Dracovish|14/100
|-enditem|p2a: Dracovish|Focus Sash|[from] move: Knock Off|[of] p1a: Kirishima
|
|-heal|p1a: Kirishima|87/100|[from] item: Leftovers
|upkeep
|turn|20
|
|move|p2a: Dracovish|Liquidation|p1a: Kirishima
|-resisted|p1a: Kirishima
|-crit|p1a: Kirishima
|-damage|p1a: Kirishima|68/100
|-damage|p2a: Dracovish|1/100|[from] ability: Iron Barbs|[of] p1a: Kirishima
|-unboost|p1a: Kirishima|def|1
|move|p1a: Kirishima|Power Whip|p2a: Dracovish
|-damage|p2a: Dracovish|0 fnt
|faint|p2a: Dracovish
|
|-heal|p1a: Kirishima|74/100|[from] item: Leftovers
|upkeep
|
|switch|p2a: Charizard|Charizard, F, shiny|63/100
|-damage|p2a: Charizard|13/100|[from] Stealth Rock
|turn|21
|
|switch|p1a: Aya|Pelipper, F|85/100
|-weather|RainDance|[from] ability: Drizzle|[of] p1a: Aya
|move|p2a: Charizard|Flamethrower|p1a: Aya
|-resisted|p1a: Aya
|-damage|p1a: Aya|73/100
|
|-weather|RainDance|[upkeep]
|-heal|p2a: Charizard|19/100|[from] item: Leftovers
|upkeep
|turn|22
|
|move|p2a: Charizard|Dragon Pulse|p1a: Aya
|-damage|p1a: Aya|53/100
|move|p1a: Aya|U-turn|p2a: Charizard
|-resisted|p2a: Charizard
|-damage|p2a: Charizard|16/100
|
|switch|p1a: Mero|Barraskewda, F|100/100|[from]move: U-turn
|
|-weather|RainDance|[upkeep]
|-heal|p2a: Charizard|22/100|[from] item: Leftovers
|-sideend|p1: Blaze_Tohsaka|move: Light Screen
|upkeep
|turn|23
|
|move|p1a: Mero|Liquidation|p2a: Charizard
|-supereffective|p2a: Charizard
|-damage|p2a: Charizard|0 fnt
|-damage|p1a: Mero|91/100|[from] item: Life Orb
|faint|p2a: Charizard
|
|-weather|RainDance|[upkeep]
|-sideend|p1: Blaze_Tohsaka|Reflect
|upkeep
|
|switch|p2a: Mimikyu|Mimikyu-Busted, F, shiny|63/100
|-damage|p2a: Mimikyu|51/100|[from] Stealth Rock
|turn|24
|
|move|p1a: Mero|Liquidation|p2a: Mimikyu
|-damage|p2a: Mimikyu|0 fnt
|-damage|p1a: Mero|81/100|[from] item: Life Orb
|faint|p2a: Mimikyu
|
|-weather|RainDance|[upkeep]
|upkeep
|
|switch|p2a: Gengar|Gengar, M, shiny|100/100 par
|-damage|p2a: Gengar|88/100 par|[from] Stealth Rock
|turn|25
|
|move|p1a: Mero|Liquidation|p2a: Gengar
|-damage|p2a: Gengar|0 fnt
|-damage|p1a: Mero|71/100|[from] item: Life Orb
|faint|p2a: Gengar
|
|win|Blaze_Tohsaka
|c|☆Blaze_Tohsaka|gg
|l|☆Zark_959
|raw|Blaze_Tohsaka's rating: 1027 → 1064(+37 for winning)
|raw|Zark_959's rating: 1036 → 1020(-16 for losing)
