|ScrapeTime|2020-01-01-09:55:56
|j|☆nborges
|j|☆test the new year
|player|p1|nborges|preschooler|1356
|player|p2|test the new year|mallow|1293
|teamsize|p1|6
|teamsize|p2|6
|gametype|singles
|gen|8
|tier|[Gen 8] OU
|rated|
|rule|Sleep Clause Mod: Limit one foe put to sleep
|rule|Species Clause: Limit one of each Pokémon
|rule|OHKO Clause: OHKO moves are banned
|rule|Evasion Moves Clause: Evasion moves are banned
|rule|Endless Battle Clause: Forcing endless battles is banned
|rule|HP Percentage Mod: HP is shown in percentages
|clearpoke
|poke|p1|Umbreon, M|
|poke|p1|Jellicent, M|
|poke|p1|Mudsdale, F|
|poke|p1|Toxtricity, M|
|poke|p1|Hawlucha, F|
|poke|p1|Arcanine, M|
|poke|p2|Kommo-o, F|
|poke|p2|Toxtricity, F|
|poke|p2|Dragapult, M|
|poke|p2|Cinderace, F|
|poke|p2|Obstagoon, F|
|poke|p2|Rillaboom, M|
|rule|Dynamax Clause: You cannot dynamax
|teampreview
|
|start
|switch|p1a: Mudsdale|Mudsdale, F|100/100
|switch|p2a: Dragapult|Dragapult, M|100/100
|turn|1
|inactive|Battle timer is ON: inactive players will automatically lose when time's up. (requested by test the new year)
|
|switch|p2a: Kommo-o|Kommo-o, F, shiny|100/100
|move|p1a: Mudsdale|Stealth Rock|p2a: Kommo-o
|-sidestart|p2: test the new year|move: Stealth Rock
|
|upkeep
|turn|2
|
|switch|p1a: Jellicent|Jellicent, M|100/100
|move|p2a: Kommo-o|Stealth Rock|p1a: Jellicent
|-sidestart|p1: nborges|move: Stealth Rock
|
|upkeep
|turn|3
|
|move|p2a: Kommo-o|Taunt|p1a: Jellicent
|-start|p1a: Jellicent|move: Taunt
|cant|p1a: Jellicent|move: Taunt|Will-O-Wisp
|
|upkeep
|turn|4
|
|switch|p2a: Obstagoon|Obstagoon, F|100/100
|-damage|p2a: Obstagoon|88/100|[from] Stealth Rock
|move|p1a: Jellicent|Scald|p2a: Obstagoon
|-damage|p2a: Obstagoon|69/100
|-status|p2a: Obstagoon|brn
|
|-damage|p2a: Obstagoon|63/100 brn|[from] brn
|upkeep
|turn|5
|
|switch|p1a: Mudsdale|Mudsdale, F|100/100
|-damage|p1a: Mudsdale|94/100|[from] Stealth Rock
|move|p2a: Obstagoon|Knock Off|p1a: Mudsdale
|-damage|p1a: Mudsdale|79/100
|-ability|p1a: Mudsdale|Stamina|boost
|-boost|p1a: Mudsdale|def|1
|-enditem|p1a: Mudsdale|Leftovers|[from] move: Knock Off|[of] p2a: Obstagoon
|
|-damage|p2a: Obstagoon|56/100 brn|[from] brn
|upkeep
|turn|6
|
|switch|p2a: Kommo-o|Kommo-o, F, shiny|100/100
|-damage|p2a: Kommo-o|94/100|[from] Stealth Rock
|move|p1a: Mudsdale|Earthquake|p2a: Kommo-o
|-damage|p2a: Kommo-o|68/100
|
|-heal|p2a: Kommo-o|74/100|[from] item: Leftovers
|upkeep
|turn|7
|
|switch|p1a: Umbreon|Umbreon, M, shiny|100/100
|-damage|p1a: Umbreon|88/100|[from] Stealth Rock
|move|p2a: Kommo-o|Dragon Tail|p1a: Umbreon
|-damage|p1a: Umbreon|73/100
|drag|p1a: Jellicent|Jellicent, M|100/100
|-damage|p1a: Jellicent|88/100|[from] Stealth Rock
|
|-heal|p2a: Kommo-o|80/100|[from] item: Leftovers
|-heal|p1a: Jellicent|94/100|[from] item: Leftovers
|upkeep
|turn|8
|
|move|p2a: Kommo-o|Taunt|p1a: Jellicent
|-start|p1a: Jellicent|move: Taunt
|move|p1a: Jellicent|Scald|p2a: Kommo-o
|-resisted|p2a: Kommo-o
|-damage|p2a: Kommo-o|70/100
|-status|p2a: Kommo-o|brn
|
|-heal|p2a: Kommo-o|76/100 brn|[from] item: Leftovers
|-heal|p1a: Jellicent|100/100|[from] item: Leftovers
|-damage|p2a: Kommo-o|70/100 brn|[from] brn
|upkeep
|turn|9
|
|move|p1a: Jellicent|Scald|p2a: Kommo-o
|-resisted|p2a: Kommo-o
|-damage|p2a: Kommo-o|58/100 brn
|move|p2a: Kommo-o|Dragon Tail|p1a: Jellicent
|-crit|p1a: Jellicent
|-damage|p1a: Jellicent|86/100
|drag|p1a: Hawlucha|Hawlucha, F, shiny|100/100
|-damage|p1a: Hawlucha|88/100|[from] Stealth Rock
|
|-heal|p2a: Kommo-o|65/100 brn|[from] item: Leftovers
|-damage|p2a: Kommo-o|58/100 brn|[from] brn
|upkeep
|turn|10
|
|switch|p1a: Mudsdale|Mudsdale, F|79/100
|-damage|p1a: Mudsdale|73/100|[from] Stealth Rock
|move|p2a: Kommo-o|Dragon Tail|p1a: Mudsdale
|-damage|p1a: Mudsdale|64/100
|-ability|p1a: Mudsdale|Stamina|boost
|-boost|p1a: Mudsdale|def|1
|drag|p1a: Toxtricity|Toxtricity, M|100/100
|-damage|p1a: Toxtricity|88/100|[from] Stealth Rock
|
|-heal|p2a: Kommo-o|65/100 brn|[from] item: Leftovers
|-damage|p2a: Kommo-o|58/100 brn|[from] brn
|upkeep
|turn|11
|
|switch|p1a: Mudsdale|Mudsdale, F|64/100
|-damage|p1a: Mudsdale|57/100|[from] Stealth Rock
|switch|p2a: Toxtricity|Toxtricity, F|100/100
|-damage|p2a: Toxtricity|88/100|[from] Stealth Rock
|
|upkeep
|turn|12
|
|move|p2a: Toxtricity|Boomburst|p1a: Mudsdale
|-crit|p1a: Mudsdale
|-damage|p1a: Mudsdale|0 fnt
|faint|p1a: Mudsdale
|
|upkeep
|
|switch|p1a: Jellicent|Jellicent, M|86/100
|-damage|p1a: Jellicent|74/100|[from] Stealth Rock
|turn|13
|
|switch|p2a: Kommo-o|Kommo-o, F, shiny|58/100 brn
|-damage|p2a: Kommo-o|52/100 brn|[from] Stealth Rock
|move|p1a: Jellicent|Recover|p1a: Jellicent
|-heal|p1a: Jellicent|100/100
|
|-heal|p2a: Kommo-o|58/100 brn|[from] item: Leftovers
|-damage|p2a: Kommo-o|52/100 brn|[from] brn
|upkeep
|turn|14
|
|move|p1a: Jellicent|Shadow Ball|p2a: Kommo-o
|-damage|p2a: Kommo-o|29/100 brn
|move|p2a: Kommo-o|Dragon Tail|p1a: Jellicent
|-damage|p1a: Jellicent|92/100
|drag|p1a: Umbreon|Umbreon, M, shiny|73/100
|-damage|p1a: Umbreon|60/100|[from] Stealth Rock
|
|-heal|p2a: Kommo-o|35/100 brn|[from] item: Leftovers
|-heal|p1a: Umbreon|66/100|[from] item: Leftovers
|-damage|p2a: Kommo-o|29/100 brn|[from] brn
|upkeep
|turn|15
|
|move|p2a: Kommo-o|Taunt|p1a: Umbreon
|-start|p1a: Umbreon|move: Taunt
|move|p1a: Umbreon|Foul Play|p2a: Kommo-o
|-resisted|p2a: Kommo-o
|-damage|p2a: Kommo-o|18/100 brn
|
|-heal|p2a: Kommo-o|24/100 brn|[from] item: Leftovers
|-heal|p1a: Umbreon|73/100|[from] item: Leftovers
|-damage|p2a: Kommo-o|18/100 brn|[from] brn
|upkeep
|turn|16
|
|move|p2a: Kommo-o|Body Press|p1a: Umbreon
|-supereffective|p1a: Umbreon
|-damage|p1a: Umbreon|42/100
|move|p1a: Umbreon|Foul Play|p2a: Kommo-o
|-resisted|p2a: Kommo-o
|-damage|p2a: Kommo-o|8/100 brn
|
|-heal|p2a: Kommo-o|14/100 brn|[from] item: Leftovers
|-heal|p1a: Umbreon|48/100|[from] item: Leftovers
|-damage|p2a: Kommo-o|8/100 brn|[from] brn
|upkeep
|turn|17
|
|switch|p1a: Jellicent|Jellicent, M|92/100
|-damage|p1a: Jellicent|80/100|[from] Stealth Rock
|move|p2a: Kommo-o|Dragon Tail|p1a: Jellicent
|-damage|p1a: Jellicent|72/100
|drag|p1a: Toxtricity|Toxtricity, M|88/100
|-damage|p1a: Toxtricity|76/100|[from] Stealth Rock
|
|-heal|p2a: Kommo-o|14/100 brn|[from] item: Leftovers
|-damage|p2a: Kommo-o|8/100 brn|[from] brn
|upkeep
|turn|18
|
|move|p1a: Toxtricity|Sludge Wave|p2a: Kommo-o
|-damage|p2a: Kommo-o|0 fnt
|faint|p2a: Kommo-o
|
|upkeep
|
|switch|p2a: Toxtricity|Toxtricity, F|88/100
|-damage|p2a: Toxtricity|76/100|[from] Stealth Rock
|turn|19
|
|move|p2a: Toxtricity|Overdrive|p1a: Toxtricity
|-resisted|p1a: Toxtricity
|-damage|p1a: Toxtricity|46/100
|move|p1a: Toxtricity|Shift Gear|p1a: Toxtricity
|-boost|p1a: Toxtricity|spe|2
|-boost|p1a: Toxtricity|atk|1
|
|upkeep
|turn|20
|
|move|p1a: Toxtricity|Boomburst|p2a: Toxtricity
|-damage|p2a: Toxtricity|30/100
|-enditem|p1a: Toxtricity|Throat Spray
|-boost|p1a: Toxtricity|spa|1
|move|p2a: Toxtricity|Overdrive|p1a: Toxtricity
|-resisted|p1a: Toxtricity
|-damage|p1a: Toxtricity|18/100
|
|upkeep
|turn|21
|
|move|p1a: Toxtricity|Boomburst|p2a: Toxtricity
|-damage|p2a: Toxtricity|0 fnt
|faint|p2a: Toxtricity
|
|upkeep
|
|switch|p2a: Dragapult|Dragapult, M|100/100
|-damage|p2a: Dragapult|88/100|[from] Stealth Rock
|turn|22
|
|move|p1a: Toxtricity|Sludge Wave|p2a: Dragapult
|-resisted|p2a: Dragapult
|-damage|p2a: Dragapult|35/100
|move|p2a: Dragapult|Shadow Ball|p1a: Toxtricity
|-damage|p1a: Toxtricity|0 fnt
|faint|p1a: Toxtricity
|
|upkeep
|
|switch|p1a: Arcanine|Arcanine, M, shiny|100/100
|-damage|p1a: Arcanine|76/100|[from] Stealth Rock
|-ability|p1a: Arcanine|Intimidate|boost
|-unboost|p2a: Dragapult|atk|1
|turn|23
|
|switch|p2a: Cinderace|Cinderace, F|100/100
|move|p1a: Arcanine|Play Rough|p2a: Cinderace
|-resisted|p2a: Cinderace
|-damage|p2a: Cinderace|82/100
|
|upkeep
|turn|24
|
|switch|p1a: Jellicent|Jellicent, M|72/100
|-damage|p1a: Jellicent|59/100|[from] Stealth Rock
|move|p2a: Cinderace|U-turn|p1a: Jellicent
|-resisted|p1a: Jellicent
|-damage|p1a: Jellicent|50/100
|
|switch|p2a: Rillaboom|Rillaboom, M|100/100|[from]move: U-turn
|-damage|p2a: Rillaboom|88/100|[from] Stealth Rock
|
|-heal|p1a: Jellicent|56/100|[from] item: Leftovers
|upkeep
|turn|25
|
|move|p2a: Rillaboom|Knock Off|p1a: Jellicent
|-supereffective|p1a: Jellicent
|-damage|p1a: Jellicent|8/100
|-enditem|p1a: Jellicent|Leftovers|[from] move: Knock Off|[of] p2a: Rillaboom
|move|p1a: Jellicent|Will-O-Wisp|p2a: Rillaboom
|-status|p2a: Rillaboom|brn
|
|-damage|p2a: Rillaboom|82/100 brn|[from] brn
|upkeep
|turn|26
|
|move|p2a: Rillaboom|Knock Off|p1a: Jellicent
|-supereffective|p1a: Jellicent
|-damage|p1a: Jellicent|0 fnt
|faint|p1a: Jellicent
|
|-damage|p2a: Rillaboom|76/100 brn|[from] brn
|upkeep
|
|switch|p1a: Umbreon|Umbreon, M, shiny|48/100
|-damage|p1a: Umbreon|36/100|[from] Stealth Rock
|turn|27
|
|move|p2a: Rillaboom|Knock Off|p1a: Umbreon
|-resisted|p1a: Umbreon
|-damage|p1a: Umbreon|31/100
|-enditem|p1a: Umbreon|Leftovers|[from] move: Knock Off|[of] p2a: Rillaboom
|move|p1a: Umbreon|Wish|p1a: Umbreon
|
|-damage|p2a: Rillaboom|70/100 brn|[from] brn
|upkeep
|turn|28
|
|switch|p2a: Obstagoon|Obstagoon, F|56/100 brn
|-damage|p2a: Obstagoon|44/100 brn|[from] Stealth Rock
|move|p1a: Umbreon|Foul Play|p2a: Obstagoon
|-resisted|p2a: Obstagoon
|-damage|p2a: Obstagoon|23/100 brn
|
|-heal|p1a: Umbreon|81/100|[from] move: Wish|[wisher] Umbreon
|-damage|p2a: Obstagoon|16/100 brn|[from] brn
|upkeep
|turn|29
|
|switch|p1a: Arcanine|Arcanine, M, shiny|76/100
|-damage|p1a: Arcanine|51/100|[from] Stealth Rock
|-ability|p1a: Arcanine|Intimidate|boost
|-unboost|p2a: Obstagoon|atk|1
|-ability|p2a: Obstagoon|Defiant
|-boost|p2a: Obstagoon|atk|2
|move|p2a: Obstagoon|Facade|p1a: Arcanine
|-damage|p1a: Arcanine|0 fnt
|faint|p1a: Arcanine
|
|-damage|p2a: Obstagoon|10/100 brn|[from] brn
|upkeep
|inactive|nborges has 120 seconds left.
|
|switch|p1a: Hawlucha|Hawlucha, F, shiny|88/100
|-damage|p1a: Hawlucha|76/100|[from] Stealth Rock
|turn|30
|
|move|p1a: Hawlucha|Close Combat|p2a: Obstagoon
|-supereffective|p2a: Obstagoon
|-damage|p2a: Obstagoon|0 fnt
|-unboost|p1a: Hawlucha|def|1
|-unboost|p1a: Hawlucha|spd|1
|-enditem|p1a: Hawlucha|White Herb
|-clearnegativeboost|p1a: Hawlucha|[silent]
|faint|p2a: Obstagoon
|
|upkeep
|
|switch|p2a: Dragapult|Dragapult, M|35/100
|-damage|p2a: Dragapult|23/100|[from] Stealth Rock
|turn|31
|
|move|p1a: Hawlucha|Brave Bird|p2a: Dragapult
|-damage|p2a: Dragapult|0 fnt
|-damage|p1a: Hawlucha|68/100|[from] Recoil
|faint|p2a: Dragapult
|
|upkeep
|
|switch|p2a: Cinderace|Cinderace, F|82/100
|turn|32
|
|move|p1a: Hawlucha|Brave Bird|p2a: Cinderace
|-damage|p2a: Cinderace|5/100
|-damage|p1a: Hawlucha|42/100|[from] Recoil
|move|p2a: Cinderace|Pyro Ball|p1a: Hawlucha
|-damage|p1a: Hawlucha|0 fnt
|faint|p1a: Hawlucha
|
|upkeep
|
|switch|p1a: Umbreon|Umbreon, M, shiny|81/100
|-damage|p1a: Umbreon|69/100|[from] Stealth Rock
|turn|33
|
|move|p2a: Cinderace|Pyro Ball|p1a: Umbreon
|-damage|p1a: Umbreon|17/100
|move|p1a: Umbreon|Wish|p1a: Umbreon
|
|upkeep
|turn|34
|
|move|p1a: Umbreon|Protect|p1a: Umbreon
|-singleturn|p1a: Umbreon|Protect
|move|p2a: Cinderace|Pyro Ball|p1a: Umbreon
|-activate|p1a: Umbreon|move: Protect
|
|-heal|p1a: Umbreon|67/100|[from] move: Wish|[wisher] Umbreon
|upkeep
|turn|35
|
|move|p2a: Cinderace|High Jump Kick|p1a: Umbreon
|-supereffective|p1a: Umbreon
|-damage|p1a: Umbreon|12/100
|move|p1a: Umbreon|Foul Play|p2a: Cinderace
|-damage|p2a: Cinderace|0 fnt
|faint|p2a: Cinderace
|
|upkeep
|
|switch|p2a: Rillaboom|Rillaboom, M|70/100 brn
|-damage|p2a: Rillaboom|57/100 brn|[from] Stealth Rock
|turn|36
|
|move|p2a: Rillaboom|Wood Hammer|p1a: Umbreon
|-damage|p1a: Umbreon|0 fnt
|-damage|p2a: Rillaboom|53/100 brn|[from] Recoil
|faint|p1a: Umbreon
|
|win|test the new year
|raw|nborges's rating: 1356 → 1332(-24 for losing)
|raw|test the new year's rating: 1293 → 1323(+30 for winning)
