|ScrapeTime|2020-01-01-23:58:51
|j|☆wiggle21
|j|☆DynamaxDonaldTrump
|player|p1|wiggle21|53|1407
|player|p2|DynamaxDonaldTrump|1|1357
|teamsize|p1|6
|teamsize|p2|6
|gametype|singles
|gen|8
|tier|[Gen 8] OU
|rated|
|rule|Sleep Clause Mod: Limit one foe put to sleep
|rule|Species Clause: Limit one of each Pokémon
|rule|OHKO Clause: OHKO moves are banned
|rule|Evasion Moves Clause: Evasion moves are banned
|rule|Endless Battle Clause: Forcing endless battles is banned
|rule|HP Percentage Mod: HP is shown in percentages
|clearpoke
|poke|p1|Togekiss, F|
|poke|p1|Arcanine, F|
|poke|p1|Seismitoad, F|
|poke|p1|Corviknight, F|
|poke|p1|Dragapult, F|
|poke|p1|Dracozolt|
|poke|p2|Aegislash, M|
|poke|p2|Flapple, M|
|poke|p2|Togekiss, F|
|poke|p2|Dracovish|
|poke|p2|Cinderace, F|
|poke|p2|Polteageist|
|rule|Dynamax Clause: You cannot dynamax
|teampreview
|
|start
|switch|p1a: Seismitoad|Seismitoad, F|100/100
|switch|p2a: Flapple|Flapple, M|100/100
|turn|1
|
|switch|p1a: Arcanine|Arcanine, F|100/100
|-ability|p1a: Arcanine|Intimidate|boost
|-unboost|p2a: Flapple|atk|1
|move|p2a: Flapple|Grav Apple|p1a: Arcanine
|-resisted|p1a: Arcanine
|-damage|p1a: Arcanine|75/100
|-unboost|p1a: Arcanine|def|1
|
|upkeep
|turn|2
|
|switch|p2a: Dracovish|Dracovish|100/100
|switch|p1a: Seismitoad|Seismitoad, F|100/100
|
|upkeep
|turn|3
|
|switch|p2a: Flapple|Flapple, M|100/100
|move|p1a: Seismitoad|Toxic|p2a: Flapple
|-status|p2a: Flapple|tox
|
|-damage|p2a: Flapple|94/100 tox|[from] psn
|upkeep
|turn|4
|
|switch|p1a: Arcanine|Arcanine, F|75/100
|-ability|p1a: Arcanine|Intimidate|boost
|-unboost|p2a: Flapple|atk|1
|move|p2a: Flapple|U-turn|p1a: Arcanine
|-resisted|p1a: Arcanine
|-damage|p1a: Arcanine|60/100
|
|switch|p2a: Dracovish|Dracovish|100/100|[from]move: U-turn
|
|upkeep
|turn|5
|
|move|p2a: Dracovish|Fishious Rend|p1a: Arcanine
|-supereffective|p1a: Arcanine
|-damage|p1a: Arcanine|0 fnt
|faint|p1a: Arcanine
|
|upkeep
|
|switch|p1a: Seismitoad|Seismitoad, F|100/100
|turn|6
|
|switch|p2a: Flapple|Flapple, M|94/100 tox
|move|p1a: Seismitoad|Stealth Rock|p2a: Flapple
|-sidestart|p2: DynamaxDonaldTrump|move: Stealth Rock
|
|-damage|p2a: Flapple|88/100 tox|[from] psn
|upkeep
|turn|7
|inactive|Battle timer is ON: inactive players will automatically lose when time's up. (requested by wiggle21)
|
|switch|p1a: Togekiss|Togekiss, F|100/100
|move|p2a: Flapple|Grav Apple|p1a: Togekiss
|-resisted|p1a: Togekiss
|-damage|p1a: Togekiss|51/100
|-unboost|p1a: Togekiss|def|1
|
|-damage|p2a: Flapple|76/100 tox|[from] psn
|upkeep
|turn|8
|
|move|p1a: Togekiss|Air Slash|p2a: Flapple|[miss]
|-miss|p1a: Togekiss|p2a: Flapple
|move|p2a: Flapple|Grav Apple|p1a: Togekiss
|-resisted|p1a: Togekiss
|-damage|p1a: Togekiss|0 fnt
|faint|p1a: Togekiss
|
|-damage|p2a: Flapple|58/100 tox|[from] psn
|upkeep
|c|☆wiggle21|bruh
|
|switch|p1a: Corviknight|Corviknight, F|100/100
|-ability|p1a: Corviknight|Pressure
|turn|9
|c|☆DynamaxDonaldTrump|Apple goat
|
|switch|p2a: Cinderace|Cinderace, F|100/100
|move|p1a: Corviknight|Bulk Up|p1a: Corviknight
|-boost|p1a: Corviknight|atk|1
|-boost|p1a: Corviknight|def|1
|
|upkeep
|turn|10
|
|move|p2a: Cinderace|Court Change|p2a: Cinderace
|-sideend|p2: DynamaxDonaldTrump|Stealth Rock|[silent]
|-sidestart|p1: wiggle21|Stealth Rock|[silent]
|-activate|p2a: Cinderace|move: Court Change
|move|p1a: Corviknight|Bulk Up|p1a: Corviknight
|-boost|p1a: Corviknight|atk|1
|-boost|p1a: Corviknight|def|1
|
|upkeep
|turn|11
|
|move|p2a: Cinderace|Pyro Ball|p1a: Corviknight
|-supereffective|p1a: Corviknight
|-damage|p1a: Corviknight|60/100
|move|p1a: Corviknight|Defog|p2a: Cinderace
|-unboost|p2a: Cinderace|evasion|1
|-sideend|p1: wiggle21|Stealth Rock|[from] move: Defog|[of] p1a: Corviknight
|
|-heal|p1a: Corviknight|66/100|[from] item: Leftovers
|upkeep
|turn|12
|
|move|p2a: Cinderace|Pyro Ball|p1a: Corviknight
|-supereffective|p1a: Corviknight
|-crit|p1a: Corviknight
|-damage|p1a: Corviknight|0 fnt
|faint|p1a: Corviknight
|
|upkeep
|c|☆wiggle21|hax goat
|
|switch|p1a: Seismitoad|Seismitoad, F|100/100
|turn|13
|c|☆DynamaxDonaldTrump|2020 its my time
|
|switch|p2a: Flapple|Flapple, M|58/100 tox
|switch|p1a: Dragapult|Dragapult, F|100/100
|
|-damage|p2a: Flapple|52/100 tox|[from] psn
|upkeep
|turn|14
|c|☆wiggle21|sure if you are proud of winning with no skill
|
|move|p2a: Flapple|Sucker Punch|p1a: Dragapult
|-supereffective|p1a: Dragapult
|-damage|p1a: Dragapult|0 fnt
|faint|p1a: Dragapult
|
|-damage|p2a: Flapple|40/100 tox|[from] psn
|upkeep
|
|switch|p1a: Dracozolt|Dracozolt|100/100
|turn|15
|c|☆DynamaxDonaldTrump|Keep america great
|-message|wiggle21 forfeited.
|
|win|DynamaxDonaldTrump
|l|☆wiggle21
|c|☆DynamaxDonaldTrump|Lmaoooo
|raw|wiggle21's rating: 1407 → 1384(-23 for losing)
|raw|DynamaxDonaldTrump's rating: 1357 → 1380(+23 for winning)
