|ScrapeTime|2020-01-01-22:54:36
|j|☆Asuma123
|j|☆zMarty
|player|p1|Asuma123|gambler|1151
|player|p2|zMarty|265|1133
|teamsize|p1|6
|teamsize|p2|6
|gametype|singles
|gen|8
|tier|[Gen 8] OU
|rated|
|rule|Sleep Clause Mod: Limit one foe put to sleep
|rule|Species Clause: Limit one of each Pokémon
|rule|OHKO Clause: OHKO moves are banned
|rule|Evasion Moves Clause: Evasion moves are banned
|rule|Endless Battle Clause: Forcing endless battles is banned
|rule|HP Percentage Mod: HP is shown in percentages
|clearpoke
|poke|p1|Hydreigon, F|
|poke|p1|Corviknight, M|
|poke|p1|Seismitoad, F|
|poke|p1|Sylveon, F|
|poke|p1|Rotom-Heat|
|poke|p1|Conkeldurr, M|
|poke|p2|Dracozolt|
|poke|p2|Mandibuzz, F|
|poke|p2|Roserade, F|
|poke|p2|Hatterene, F|
|poke|p2|Orbeetle, F|
|poke|p2|Cinderace, F|
|rule|Dynamax Clause: You cannot dynamax
|teampreview
|
|start
|switch|p1a: Hydreigon|Hydreigon, F|100/100
|switch|p2a: Orbeetle|Orbeetle, F|100/100
|-item|p1a: Hydreigon|Choice Scarf|[from] ability: Frisk|[of] p2a: Orbeetle|[identify]
|turn|1
|
|move|p1a: Hydreigon|U-turn|p2a: Orbeetle
|-supereffective|p2a: Orbeetle
|-damage|p2a: Orbeetle|70/100
|
|switch|p1a: Rotom|Rotom-Heat|100/100|[from]move: U-turn
|move|p2a: Orbeetle|Light Screen|p2a: Orbeetle
|-sidestart|p2: zMarty|move: Light Screen
|
|upkeep
|turn|2
|
|move|p1a: Rotom|Nasty Plot|p1a: Rotom
|-boost|p1a: Rotom|spa|2
|move|p2a: Orbeetle|Mirror Coat||[still]
|-fail|p2a: Orbeetle
|
|upkeep
|turn|3
|
|move|p2a: Orbeetle|U-turn|p1a: Rotom
|-resisted|p1a: Rotom
|-damage|p1a: Rotom|93/100
|
|switch|p2a: Dracozolt|Dracozolt|100/100|[from]move: U-turn
|move|p1a: Rotom|Nasty Plot|p1a: Rotom
|-boost|p1a: Rotom|spa|2
|
|upkeep
|turn|4
|
|move|p2a: Dracozolt|Dragon Claw|p1a: Rotom
|-damage|p1a: Rotom|15/100
|move|p1a: Rotom|Overheat|p2a: Dracozolt
|-resisted|p2a: Dracozolt
|-damage|p2a: Dracozolt|44/100
|-unboost|p1a: Rotom|spa|2
|
|upkeep
|turn|5
|
|switch|p1a: Sylveon|Sylveon, F|100/100
|move|p2a: Dracozolt|Dragon Claw|p1a: Sylveon
|-immune|p1a: Sylveon
|
|-sideend|p2: zMarty|move: Light Screen
|upkeep
|turn|6
|
|switch|p2a: Roserade|Roserade, F|100/100
|move|p1a: Sylveon|Wish|p1a: Sylveon
|
|upkeep
|turn|7
|
|move|p2a: Roserade|Spikes|p1a: Sylveon
|-sidestart|p1: Asuma123|Spikes
|move|p1a: Sylveon|Mystical Fire|p2a: Roserade
|-supereffective|p2a: Roserade
|-damage|p2a: Roserade|51/100
|-unboost|p2a: Roserade|spa|1
|
|upkeep
|turn|8
|
|switch|p2a: Cinderace|Cinderace, F|100/100
|move|p1a: Sylveon|Mystical Fire|p2a: Cinderace
|-resisted|p2a: Cinderace
|-damage|p2a: Cinderace|87/100
|-unboost|p2a: Cinderace|spa|1
|
|upkeep
|turn|9
|
|move|p2a: Cinderace|Pyro Ball|p1a: Sylveon|[miss]
|-miss|p2a: Cinderace|p1a: Sylveon
|move|p1a: Sylveon|Wish|p1a: Sylveon
|
|upkeep
|turn|10
|
|move|p2a: Cinderace|High Jump Kick|p1a: Sylveon
|-resisted|p1a: Sylveon
|-damage|p1a: Sylveon|74/100
|move|p1a: Sylveon|Hyper Voice|p2a: Cinderace
|-resisted|p2a: Cinderace
|-damage|p2a: Cinderace|56/100
|
|-heal|p1a: Sylveon|100/100|[from] move: Wish|[wisher] Sylveon
|upkeep
|turn|11
|
|move|p2a: Cinderace|Pyro Ball|p1a: Sylveon
|-damage|p1a: Sylveon|32/100
|move|p1a: Sylveon|Wish|p1a: Sylveon
|
|-heal|p1a: Sylveon|38/100|[from] item: Leftovers
|upkeep
|turn|12
|
|move|p1a: Sylveon|Protect|p1a: Sylveon
|-singleturn|p1a: Sylveon|Protect
|move|p2a: Cinderace|Pyro Ball|p1a: Sylveon
|-activate|p1a: Sylveon|move: Protect
|
|-heal|p1a: Sylveon|88/100|[from] move: Wish|[wisher] Sylveon
|-heal|p1a: Sylveon|94/100|[from] item: Leftovers
|upkeep
|turn|13
|
|move|p2a: Cinderace|Pyro Ball|p1a: Sylveon
|-damage|p1a: Sylveon|21/100
|-status|p1a: Sylveon|brn
|move|p1a: Sylveon|Wish|p1a: Sylveon
|
|-heal|p1a: Sylveon|27/100 brn|[from] item: Leftovers
|-damage|p1a: Sylveon|21/100 brn|[from] brn
|upkeep
|turn|14
|
|move|p1a: Sylveon|Protect|p1a: Sylveon
|-singleturn|p1a: Sylveon|Protect
|move|p2a: Cinderace|High Jump Kick|p1a: Sylveon
|-activate|p1a: Sylveon|move: Protect
|-damage|p2a: Cinderace|6/100|[from] highjumpkick
|
|-heal|p1a: Sylveon|71/100 brn|[from] move: Wish|[wisher] Sylveon
|-heal|p1a: Sylveon|77/100 brn|[from] item: Leftovers
|-damage|p1a: Sylveon|71/100 brn|[from] brn
|upkeep
|turn|15
|
|switch|p1a: Seismitoad|Seismitoad, F|100/100
|-damage|p1a: Seismitoad|88/100|[from] Spikes
|move|p2a: Cinderace|Pyro Ball|p1a: Seismitoad
|-resisted|p1a: Seismitoad
|-damage|p1a: Seismitoad|57/100
|
|-heal|p1a: Seismitoad|63/100|[from] item: Leftovers
|upkeep
|turn|16
|
|move|p2a: Cinderace|High Jump Kick|p1a: Seismitoad
|-damage|p1a: Seismitoad|36/100
|move|p1a: Seismitoad|Scald|p2a: Cinderace
|-supereffective|p2a: Cinderace
|-damage|p2a: Cinderace|0 fnt
|faint|p2a: Cinderace
|
|-heal|p1a: Seismitoad|42/100|[from] item: Leftovers
|upkeep
|
|switch|p2a: Dracozolt|Dracozolt|44/100
|turn|17
|
|switch|p2a: Hatterene|Hatterene, F|100/100
|move|p1a: Seismitoad|Earth Power|p2a: Hatterene
|-damage|p2a: Hatterene|70/100
|
|-heal|p1a: Seismitoad|48/100|[from] item: Leftovers
|-heal|p2a: Hatterene|76/100|[from] item: Leftovers
|upkeep
|turn|18
|
|move|p1a: Seismitoad|Toxic|p2a: Hatterene
|move|p2a: Hatterene|Toxic|p1a: Seismitoad|[from]Magic Bounce
|-status|p1a: Seismitoad|tox
|move|p2a: Hatterene|Calm Mind|p2a: Hatterene
|-boost|p2a: Hatterene|spa|1
|-boost|p2a: Hatterene|spd|1
|
|-heal|p1a: Seismitoad|54/100 tox|[from] item: Leftovers
|-heal|p2a: Hatterene|82/100|[from] item: Leftovers
|-damage|p1a: Seismitoad|48/100 tox|[from] psn
|upkeep
|turn|19
|inactive|Battle timer is ON: inactive players will automatically lose when time's up. (requested by zMarty)
|
|switch|p1a: Corviknight|Corviknight, M, shiny|100/100
|move|p2a: Hatterene|Calm Mind|p2a: Hatterene
|-boost|p2a: Hatterene|spa|1
|-boost|p2a: Hatterene|spd|1
|
|-heal|p2a: Hatterene|88/100|[from] item: Leftovers
|upkeep
|turn|20
|
|move|p1a: Corviknight|Iron Head|p2a: Hatterene
|-supereffective|p2a: Hatterene
|-damage|p2a: Hatterene|45/100
|move|p2a: Hatterene|Mystical Fire|p1a: Corviknight
|-supereffective|p1a: Corviknight
|-damage|p1a: Corviknight|37/100
|-ability|p1a: Corviknight|Mirror Armor
|-unboost|p2a: Hatterene|spa|1
|
|-heal|p1a: Corviknight|43/100|[from] item: Leftovers
|-heal|p2a: Hatterene|50/100|[from] item: Leftovers
|upkeep
|turn|21
|
|switch|p2a: Dracozolt|Dracozolt|44/100
|move|p1a: Corviknight|Iron Head|p2a: Dracozolt
|-resisted|p2a: Dracozolt
|-damage|p2a: Dracozolt|29/100
|
|-heal|p1a: Corviknight|49/100|[from] item: Leftovers
|upkeep
|turn|22
|
|switch|p1a: Seismitoad|Seismitoad, F|48/100 tox
|-damage|p1a: Seismitoad|36/100 tox|[from] Spikes
|move|p2a: Dracozolt|Fire Fang|p1a: Seismitoad|[miss]
|-miss|p2a: Dracozolt|p1a: Seismitoad
|
|-heal|p1a: Seismitoad|42/100 tox|[from] item: Leftovers
|-damage|p1a: Seismitoad|36/100 tox|[from] psn
|upkeep
|turn|23
|c|☆Asuma123|Misclick on toxic smh
|
|switch|p2a: Mandibuzz|Mandibuzz, F|100/100
|move|p1a: Seismitoad|Earth Power|p2a: Mandibuzz
|-immune|p2a: Mandibuzz
|
|-heal|p1a: Seismitoad|42/100 tox|[from] item: Leftovers
|-damage|p1a: Seismitoad|29/100 tox|[from] psn
|upkeep
|turn|24
|
|switch|p2a: Roserade|Roserade, F|51/100
|switch|p1a: Conkeldurr|Conkeldurr, M, shiny|100/100
|-damage|p1a: Conkeldurr|88/100|[from] Spikes
|
|-status|p1a: Conkeldurr|brn|[from] item: Flame Orb
|upkeep
|turn|25
|
|move|p2a: Roserade|Sludge Bomb|p1a: Conkeldurr
|-damage|p1a: Conkeldurr|14/100 brn
|-damage|p2a: Roserade|41/100|[from] item: Life Orb
|move|p1a: Conkeldurr|Facade|p2a: Roserade
|-damage|p2a: Roserade|0 fnt
|faint|p2a: Roserade
|
|-damage|p1a: Conkeldurr|8/100 brn|[from] brn
|upkeep
|
|switch|p2a: Orbeetle|Orbeetle, F|70/100
|-item|p1a: Conkeldurr|Flame Orb|[from] ability: Frisk|[of] p2a: Orbeetle|[identify]
|turn|26
|
|move|p2a: Orbeetle|U-turn|p1a: Conkeldurr
|-resisted|p1a: Conkeldurr
|-damage|p1a: Conkeldurr|2/100 brn
|
|switch|p2a: Hatterene|Hatterene, F|50/100|[from]move: U-turn
|move|p1a: Conkeldurr|Facade|p2a: Hatterene
|-damage|p2a: Hatterene|0 fnt
|faint|p2a: Hatterene
|
|-damage|p1a: Conkeldurr|0 fnt|[from] brn
|faint|p1a: Conkeldurr
|upkeep
|
|switch|p1a: Hydreigon|Hydreigon, F|100/100
|switch|p2a: Orbeetle|Orbeetle, F|70/100
|-item|p1a: Hydreigon|Choice Scarf|[from] ability: Frisk|[of] p2a: Orbeetle|[identify]
|turn|27
|inactive|zMarty has 120 seconds left.
|
|move|p1a: Hydreigon|Dark Pulse|p2a: Orbeetle
|-supereffective|p2a: Orbeetle
|-damage|p2a: Orbeetle|0 fnt
|faint|p2a: Orbeetle
|
|upkeep
|
|switch|p2a: Mandibuzz|Mandibuzz, F|100/100
|turn|28
|-message|zMarty forfeited.
|
|win|Asuma123
|l|☆zMarty
|raw|Asuma123's rating: 1151 → 1173(+22 for winning)
|raw|zMarty's rating: 1104 → 1082(-22 for losing)
