|ScrapeTime|2020-01-01-15:34:54
|j|☆GO98
|j|☆Wrekhell
|player|p1|GO98|gladion|1102
|player|p2|Wrekhell|2|1140
|teamsize|p1|6
|teamsize|p2|6
|gametype|singles
|gen|8
|tier|[Gen 8] OU
|rated|
|rule|Sleep Clause Mod: Limit one foe put to sleep
|rule|Species Clause: Limit one of each Pokémon
|rule|OHKO Clause: OHKO moves are banned
|rule|Evasion Moves Clause: Evasion moves are banned
|rule|Endless Battle Clause: Forcing endless battles is banned
|rule|HP Percentage Mod: HP is shown in percentages
|clearpoke
|poke|p1|Corsola-Galar, F|
|poke|p1|Dracovish|
|poke|p1|Ferrothorn, F|
|poke|p1|Tyranitar, F|
|poke|p1|Rotom-Heat|
|poke|p1|Pincurchin, M|
|poke|p2|Conkeldurr, M|
|poke|p2|Crawdaunt, M|
|poke|p2|Galvantula, F|
|poke|p2|Excadrill, F|
|poke|p2|Dragapult, F|
|poke|p2|Rotom-Heat|
|rule|Dynamax Clause: You cannot dynamax
|teampreview
|inactive|Battle timer is ON: inactive players will automatically lose when time's up. (requested by Wrekhell)
|
|start
|switch|p1a: Drako|Dracovish|100/100
|switch|p2a: Galvantula|Galvantula, F|100/100
|turn|1
|
|move|p1a: Drako|Fishious Rend|p2a: Galvantula
|-enditem|p2a: Galvantula|Focus Sash
|-damage|p2a: Galvantula|1/100
|move|p2a: Galvantula|Thunder|p1a: Drako
|-damage|p1a: Drako|39/100
|
|upkeep
|turn|2
|
|move|p1a: Drako|Fishious Rend|p2a: Galvantula
|-damage|p2a: Galvantula|0 fnt
|faint|p2a: Galvantula
|
|upkeep
|
|switch|p2a: Conkeldurr|Conkeldurr, M|100/100
|turn|3
|
|move|p2a: Conkeldurr|Mach Punch|p1a: Drako
|-damage|p1a: Drako|10/100
|move|p1a: Drako|Fishious Rend|p2a: Conkeldurr
|-damage|p2a: Conkeldurr|53/100
|
|-status|p2a: Conkeldurr|brn|[from] item: Flame Orb
|upkeep
|turn|4
|
|switch|p1a: Corsola|Corsola-Galar, F|100/100
|move|p2a: Conkeldurr|Mach Punch|p1a: Corsola
|-immune|p1a: Corsola
|
|-damage|p2a: Conkeldurr|47/100 brn|[from] brn
|upkeep
|turn|5
|c|☆Wrekhell|how is it to be bad af ?
|
|switch|p2a: Rotom|Rotom-Heat|100/100
|move|p1a: Corsola|Reflect|p1a: Corsola
|-sidestart|p1: GO98|Reflect
|
|upkeep
|turn|6
|
|move|p2a: Rotom|Nasty Plot|p2a: Rotom
|-boost|p2a: Rotom|spa|2
|move|p1a: Corsola|Light Screen|p1a: Corsola
|-sidestart|p1: GO98|move: Light Screen
|
|upkeep
|turn|7
|
|move|p2a: Rotom|Nasty Plot|p2a: Rotom
|-boost|p2a: Rotom|spa|2
|move|p1a: Corsola|Night Shade|p2a: Rotom
|-damage|p2a: Rotom|59/100
|
|upkeep
|turn|8
|c|☆Wrekhell|41% ?
|
|move|p2a: Rotom|Dark Pulse|p1a: Corsola
|-supereffective|p1a: Corsola
|-damage|p1a: Corsola|59/100
|move|p1a: Corsola|Night Shade|p2a: Rotom
|-damage|p2a: Rotom|18/100
|
|upkeep
|turn|9
|
|move|p2a: Rotom|Dark Pulse|p1a: Corsola
|-supereffective|p1a: Corsola
|-damage|p1a: Corsola|17/100
|move|p1a: Corsola|Night Shade|p2a: Rotom
|-damage|p2a: Rotom|0 fnt
|faint|p2a: Rotom
|
|-sideend|p1: GO98|Reflect
|upkeep
|c|☆Wrekhell|why
|inactive|Wrekhell has 120 seconds left.
|c|☆Wrekhell|u are reported
|inactiveoff|Battle timer is now OFF.
|inactive|Battle timer is ON: inactive players will automatically lose when time's up. (requested by GO98)
|inactive|Wrekhell has 90 seconds left.
|inactive|Wrekhell has 60 seconds left.
|j| KennedyLFC
|inactive|Wrekhell has 30 seconds left.
|inactive|Wrekhell has 20 seconds left.
|inactive|Wrekhell has 15 seconds left.
|j| 4G3NC Sylveon
|inactive|Wrekhell has 10 seconds left.
|inactive|Wrekhell has 5 seconds left.
|-message|Wrekhell lost due to inactivity.
|
|win|GO98
|raw|GO98's rating: 1102 → 1130(+28 for winning)
|raw|Wrekhell's rating: 1140 → 1113(-27 for losing)
