|ScrapeTime|2020-01-02-13:05:22
|j|☆Hakuryuu42
|j|☆yupiyuuuu 3
|player|p1|Hakuryuu42|269|
|player|p2|yupiyuuuu 3|169|
|teamsize|p1|6
|teamsize|p2|6
|gametype|singles
|gen|8
|tier|[Gen 8] OU
|rule|Sleep Clause Mod: Limit one foe put to sleep
|rule|Species Clause: Limit one of each Pokémon
|rule|OHKO Clause: OHKO moves are banned
|rule|Evasion Moves Clause: Evasion moves are banned
|rule|Endless Battle Clause: Forcing endless battles is banned
|rule|HP Percentage Mod: HP is shown in percentages
|clearpoke
|poke|p1|Toxtricity, M|
|poke|p1|Rhydon, F|
|poke|p1|Dracovish|
|poke|p1|Hydreigon, F|
|poke|p1|Tyranitar, F|
|poke|p1|Excadrill, F|
|poke|p2|Aegislash, F|
|poke|p2|Hydreigon, F|
|poke|p2|Conkeldurr, M|
|poke|p2|Barraskewda, M|
|poke|p2|Cursola, M|
|poke|p2|Excadrill, M|
|rule|Dynamax Clause: You cannot dynamax
|teampreview
|j| Terrie-Jackie
|
|start
|switch|p1a: Tyranitar|Tyranitar, F|100/100
|switch|p2a: Hydreigon|Hydreigon, F|100/100
|-weather|Sandstorm|[from] ability: Sand Stream|[of] p1a: Tyranitar
|turn|1
|
|move|p2a: Hydreigon|U-turn|p1a: Tyranitar
|-supereffective|p1a: Tyranitar
|-damage|p1a: Tyranitar|74/100
|
|switch|p2a: conkelburro|Conkeldurr, M|100/100|[from]move: U-turn
|move|p1a: Tyranitar|Stone Edge|p2a: conkelburro
|-resisted|p2a: conkelburro
|-crit|p2a: conkelburro
|-damage|p2a: conkelburro|64/100
|
|-weather|Sandstorm|[upkeep]
|-damage|p2a: conkelburro|58/100|[from] Sandstorm
|-status|p2a: conkelburro|brn|[from] item: Flame Orb
|upkeep
|turn|2
|
|switch|p1a: Toxtricity|Toxtricity, M|100/100
|move|p2a: conkelburro|Drain Punch|p1a: Toxtricity
|-resisted|p1a: Toxtricity
|-damage|p1a: Toxtricity|50/100
|-heal|p2a: conkelburro|80/100 brn|[from] drain|[of] p1a: Toxtricity
|
|-weather|Sandstorm|[upkeep]
|-damage|p1a: Toxtricity|43/100|[from] Sandstorm
|-damage|p2a: conkelburro|74/100 brn|[from] Sandstorm
|-damage|p2a: conkelburro|67/100 brn|[from] brn
|upkeep
|turn|3
|
|switch|p2a: Excadrill|Excadrill, M|100/100
|-ability|p2a: Excadrill|Mold Breaker
|move|p1a: Toxtricity|Boomburst|p2a: Excadrill
|-resisted|p2a: Excadrill
|-damage|p2a: Excadrill|58/100
|-enditem|p1a: Toxtricity|Throat Spray
|-boost|p1a: Toxtricity|spa|1
|
|-weather|Sandstorm|[upkeep]
|-damage|p1a: Toxtricity|37/100|[from] Sandstorm
|upkeep
|turn|4
|
|switch|p2a: Cursola|Cursola, M|100/100
|move|p1a: Toxtricity|Boomburst|p2a: Cursola
|-immune|p2a: Cursola
|
|-weather|Sandstorm|[upkeep]
|-damage|p1a: Toxtricity|31/100|[from] Sandstorm
|-damage|p2a: Cursola|94/100|[from] Sandstorm
|upkeep
|turn|5
|
|move|p1a: Toxtricity|Substitute|p1a: Toxtricity
|-start|p1a: Toxtricity|Substitute
|-damage|p1a: Toxtricity|6/100
|move|p2a: Cursola|Earth Power|p1a: Toxtricity
|-supereffective|p1a: Toxtricity
|-end|p1a: Toxtricity|Substitute
|
|-weather|none
|upkeep
|turn|6
|
|move|p1a: Toxtricity|Overdrive|p2a: Cursola
|-damage|p2a: Cursola|29/100
|move|p2a: Cursola|Ice Beam|p1a: Toxtricity
|-damage|p1a: Toxtricity|0 fnt
|faint|p1a: Toxtricity
|
|upkeep
|
|switch|p1a: Tyranitar|Tyranitar, F|74/100
|-weather|Sandstorm|[from] ability: Sand Stream|[of] p1a: Tyranitar
|turn|7
|
|move|p1a: Tyranitar|Earthquake|p2a: Cursola
|-damage|p2a: Cursola|0 fnt
|faint|p2a: Cursola
|
|-weather|Sandstorm|[upkeep]
|upkeep
|
|switch|p2a: conkelburro|Conkeldurr, M|67/100 brn
|turn|8
|
|switch|p1a: Rhydon|Rhydon, F|100/100
|move|p2a: conkelburro|Drain Punch|p1a: Rhydon
|-supereffective|p1a: Rhydon
|-damage|p1a: Rhydon|43/100
|-heal|p2a: conkelburro|96/100 brn|[from] drain|[of] p1a: Rhydon
|
|-weather|Sandstorm|[upkeep]
|-damage|p2a: conkelburro|90/100 brn|[from] Sandstorm
|-damage|p2a: conkelburro|84/100 brn|[from] brn
|upkeep
|turn|9
|
|move|p1a: Rhydon|Earthquake|p2a: conkelburro
|-damage|p2a: conkelburro|49/100 brn
|move|p2a: conkelburro|Drain Punch|p1a: Rhydon
|-supereffective|p1a: Rhydon
|-damage|p1a: Rhydon|0 fnt
|-heal|p2a: conkelburro|70/100 brn|[from] drain|[of] p1a: Rhydon
|faint|p1a: Rhydon
|
|-weather|Sandstorm|[upkeep]
|-damage|p2a: conkelburro|64/100 brn|[from] Sandstorm
|-damage|p2a: conkelburro|57/100 brn|[from] brn
|upkeep
|
|switch|p1a: MueretePorDios|Dracovish|100/100
|turn|10
|
|switch|p2a: Excadrill|Excadrill, M|58/100
|-ability|p2a: Excadrill|Mold Breaker
|move|p1a: MueretePorDios|Psychic Fangs|p2a: Excadrill
|-resisted|p2a: Excadrill
|-damage|p2a: Excadrill|32/100
|
|-weather|Sandstorm|[upkeep]
|-damage|p1a: MueretePorDios|94/100|[from] Sandstorm
|upkeep
|turn|11
|
|switch|p1a: Tyranitar|Tyranitar, F|74/100
|move|p2a: Excadrill|Earthquake|p1a: Tyranitar
|-supereffective|p1a: Tyranitar
|-damage|p1a: Tyranitar|0 fnt
|faint|p1a: Tyranitar
|
|-weather|none
|upkeep
|
|switch|p1a: Hydreigon|Hydreigon, F|100/100
|turn|12
|
|move|p1a: Hydreigon|Crunch|p2a: Excadrill
|-damage|p2a: Excadrill|0 fnt
|-damage|p1a: Hydreigon|91/100|[from] item: Life Orb
|faint|p2a: Excadrill
|
|upkeep
|
|switch|p2a: Barraskewda|Barraskewda, M|100/100
|turn|13
|
|switch|p1a: MueretePorDios|Dracovish|94/100
|move|p2a: Barraskewda|Close Combat|p1a: MueretePorDios
|-damage|p1a: MueretePorDios|49/100
|-unboost|p2a: Barraskewda|def|1
|-unboost|p2a: Barraskewda|spd|1
|
|upkeep
|turn|14
|
|move|p2a: Barraskewda|Close Combat|p1a: MueretePorDios
|-damage|p1a: MueretePorDios|3/100
|-unboost|p2a: Barraskewda|def|1
|-unboost|p2a: Barraskewda|spd|1
|move|p1a: MueretePorDios|Fishious Rend|p2a: Barraskewda
|-resisted|p2a: Barraskewda
|-crit|p2a: Barraskewda
|-damage|p2a: Barraskewda|0 fnt
|faint|p2a: Barraskewda
|
|upkeep
|
|switch|p2a: conkelburro|Conkeldurr, M|57/100 brn
|turn|15
|
|move|p2a: conkelburro|Mach Punch|p1a: MueretePorDios
|-damage|p1a: MueretePorDios|0 fnt
|faint|p1a: MueretePorDios
|
|-damage|p2a: conkelburro|51/100 brn|[from] brn
|upkeep
|
|switch|p1a: Excadrill|Excadrill, F|100/100
|turn|16
|
|move|p1a: Excadrill|Earthquake|p2a: conkelburro
|-damage|p2a: conkelburro|6/100 brn
|move|p2a: conkelburro|Drain Punch|p1a: Excadrill
|-supereffective|p1a: Excadrill
|-damage|p1a: Excadrill|0 fnt
|-heal|p2a: conkelburro|57/100 brn|[from] drain|[of] p1a: Excadrill
|faint|p1a: Excadrill
|
|-damage|p2a: conkelburro|51/100 brn|[from] brn
|upkeep
|
|switch|p1a: Hydreigon|Hydreigon, F|91/100
|turn|17
|
|move|p2a: conkelburro|Mach Punch|p1a: Hydreigon
|-supereffective|p1a: Hydreigon
|-damage|p1a: Hydreigon|12/100
|move|p1a: Hydreigon|Outrage|p2a: conkelburro
|-damage|p2a: conkelburro|0 fnt
|-damage|p1a: Hydreigon|3/100|[from] item: Life Orb
|faint|p2a: conkelburro
|
|upkeep
|
|switch|p2a: Aegislash|Aegislash, F|100/100
|turn|18
|
|move|p1a: Hydreigon|Outrage|p2a: Aegislash|[from]lockedmove
|-resisted|p2a: Aegislash
|-damage|p2a: Aegislash|75/100
|-damage|p1a: Hydreigon|0 fnt|[from] item: Life Orb
|faint|p1a: Hydreigon
|
|win|yupiyuuuu 3
