|ScrapeTime|2020-01-02-01:54:29
|j|☆Theo216
|j|☆ludacrisis
|player|p1|Theo216|170|1004
|player|p2|ludacrisis|linebacker|1064
|teamsize|p1|6
|teamsize|p2|6
|gametype|singles
|gen|8
|tier|[Gen 8] OU
|rated|
|rule|Sleep Clause Mod: Limit one foe put to sleep
|rule|Species Clause: Limit one of each Pokémon
|rule|OHKO Clause: OHKO moves are banned
|rule|Evasion Moves Clause: Evasion moves are banned
|rule|Endless Battle Clause: Forcing endless battles is banned
|rule|HP Percentage Mod: HP is shown in percentages
|clearpoke
|poke|p1|Dragapult, F|
|poke|p1|Ferrothorn, M|
|poke|p1|Toxapex, M|
|poke|p1|Corviknight, M|
|poke|p1|Dracovish|
|poke|p1|Corsola-Galar, F|
|poke|p2|Hydreigon, F|
|poke|p2|Corviknight, M|
|poke|p2|Seismitoad, M|
|poke|p2|Durant, F|
|poke|p2|Weezing-Galar, F|
|poke|p2|Rotom-Heat|
|rule|Dynamax Clause: You cannot dynamax
|teampreview
|
|start
|switch|p1a: Corsola|Corsola-Galar, F|100/100
|switch|p2a: Rotom|Rotom-Heat|100/100
|turn|1
|
|move|p2a: Rotom|Volt Switch|p1a: Corsola
|-damage|p1a: Corsola|73/100
|
|switch|p2a: Durant|Durant, F|100/100|[from]move: Volt Switch
|move|p1a: Corsola|Stealth Rock|p2a: Durant
|-sidestart|p2: ludacrisis|move: Stealth Rock
|
|upkeep
|turn|2
|
|move|p2a: Durant|Iron Head|p1a: Corsola
|-damage|p1a: Corsola|0 fnt
|faint|p1a: Corsola
|
|upkeep
|
|switch|p1a: Dracovish|Dracovish|100/100
|turn|3
|
|move|p1a: Dracovish|Fishious Rend|p2a: Durant
|-damage|p2a: Durant|0 fnt
|faint|p2a: Durant
|
|upkeep
|
|switch|p2a: Weezing|Weezing-Galar, F|100/100
|-damage|p2a: Weezing|88/100|[from] Stealth Rock
|-fieldstart|move: Misty Terrain|[from] ability: Misty Surge|[of] p2a: Weezing
|turn|4
|
|move|p1a: Dracovish|Fishious Rend|p2a: Weezing
|-damage|p2a: Weezing|8/100
|move|p2a: Weezing|Strange Steam|p1a: Dracovish
|-supereffective|p1a: Dracovish
|-damage|p1a: Dracovish|26/100
|
|-heal|p2a: Weezing|14/100|[from] item: Black Sludge
|upkeep
|turn|5
|
|move|p1a: Dracovish|Fishious Rend|p2a: Weezing
|-damage|p2a: Weezing|0 fnt
|faint|p2a: Weezing
|
|upkeep
|
|switch|p2a: Rotom|Rotom-Heat|100/100
|-damage|p2a: Rotom|76/100|[from] Stealth Rock
|turn|6
|
|switch|p1a: Ferrothorn|Ferrothorn, M|100/100
|move|p2a: Rotom|Thunderbolt|p1a: Ferrothorn
|-resisted|p1a: Ferrothorn
|-damage|p1a: Ferrothorn|83/100
|
|-heal|p1a: Ferrothorn|89/100|[from] item: Leftovers
|upkeep
|turn|7
|
|switch|p2a: Corviknight|Corviknight, M|100/100
|-damage|p2a: Corviknight|88/100|[from] Stealth Rock
|-ability|p2a: Corviknight|Pressure
|switch|p1a: Dragapult|Dragapult, F|100/100
|
|-heal|p2a: Corviknight|94/100|[from] item: Leftovers
|upkeep
|turn|8
|
|move|p1a: Dragapult|Fire Blast|p2a: Corviknight|[miss]
|-miss|p1a: Dragapult|p2a: Corviknight
|move|p2a: Corviknight|Defog|p1a: Dragapult
|-unboost|p1a: Dragapult|evasion|1
|-sideend|p2: ludacrisis|Stealth Rock|[from] move: Defog|[of] p2a: Corviknight
|-fieldend|Misty Terrain
|
|-heal|p2a: Corviknight|100/100|[from] item: Leftovers
|upkeep
|turn|9
|
|move|p1a: Dragapult|Fire Blast|p2a: Corviknight
|-supereffective|p2a: Corviknight
|-damage|p2a: Corviknight|29/100
|move|p2a: Corviknight|Brave Bird|p1a: Dragapult
|-damage|p1a: Dragapult|52/100
|-damage|p2a: Corviknight|16/100|[from] Recoil
|
|-heal|p2a: Corviknight|22/100|[from] item: Leftovers
|upkeep
|turn|10
|
|switch|p2a: Seismitoad|Seismitoad, M|100/100
|move|p1a: Dragapult|Fire Blast|p2a: Seismitoad
|-resisted|p2a: Seismitoad
|-damage|p2a: Seismitoad|72/100
|
|upkeep
|turn|11
|
|switch|p1a: Ferrothorn|Ferrothorn, M|89/100
|move|p2a: Seismitoad|Earth Power|p1a: Ferrothorn
|-damage|p1a: Ferrothorn|68/100
|
|-heal|p1a: Ferrothorn|74/100|[from] item: Leftovers
|upkeep
|turn|12
|
|move|p2a: Seismitoad|Stealth Rock|p1a: Ferrothorn
|-sidestart|p1: Theo216|move: Stealth Rock
|move|p1a: Ferrothorn|Stealth Rock|p2a: Seismitoad
|-sidestart|p2: ludacrisis|move: Stealth Rock
|
|-heal|p1a: Ferrothorn|80/100|[from] item: Leftovers
|upkeep
|turn|13
|
|move|p2a: Seismitoad|Earth Power|p1a: Ferrothorn
|-damage|p1a: Ferrothorn|59/100
|-unboost|p1a: Ferrothorn|spd|1
|move|p1a: Ferrothorn|Leech Seed|p2a: Seismitoad
|-start|p2a: Seismitoad|move: Leech Seed
|
|-heal|p1a: Ferrothorn|65/100|[from] item: Leftovers
|-damage|p2a: Seismitoad|60/100|[from] Leech Seed|[of] p1a: Ferrothorn
|-heal|p1a: Ferrothorn|79/100|[silent]
|upkeep
|turn|14
|
|switch|p2a: Corviknight|Corviknight, M|22/100
|-damage|p2a: Corviknight|9/100|[from] Stealth Rock
|-ability|p2a: Corviknight|Pressure
|move|p1a: Ferrothorn|Gyro Ball|p2a: Corviknight
|-resisted|p2a: Corviknight
|-damage|p2a: Corviknight|0 fnt
|faint|p2a: Corviknight
|
|-heal|p1a: Ferrothorn|86/100|[from] item: Leftovers
|upkeep
|
|switch|p2a: Rotom|Rotom-Heat|76/100
|-damage|p2a: Rotom|51/100|[from] Stealth Rock
|turn|15
|
|move|p2a: Rotom|Overheat|p1a: Ferrothorn
|-supereffective|p1a: Ferrothorn
|-damage|p1a: Ferrothorn|0 fnt
|-unboost|p2a: Rotom|spa|2
|faint|p1a: Ferrothorn
|
|upkeep
|
|switch|p1a: Dragapult|Dragapult, F|52/100
|-damage|p1a: Dragapult|40/100|[from] Stealth Rock
|turn|16
|
|switch|p2a: Seismitoad|Seismitoad, M|60/100
|-damage|p2a: Seismitoad|54/100|[from] Stealth Rock
|move|p1a: Dragapult|Draco Meteor|p2a: Seismitoad
|-damage|p2a: Seismitoad|0 fnt
|-unboost|p1a: Dragapult|spa|2
|faint|p2a: Seismitoad
|
|upkeep
|
|switch|p2a: Rotom|Rotom-Heat|51/100
|-damage|p2a: Rotom|26/100|[from] Stealth Rock
|turn|17
|
|switch|p1a: Corviknight|Corviknight, M|100/100
|-damage|p1a: Corviknight|88/100|[from] Stealth Rock
|move|p2a: Rotom|Overheat|p1a: Corviknight
|-supereffective|p1a: Corviknight
|-damage|p1a: Corviknight|0 fnt
|-unboost|p2a: Rotom|spa|2
|faint|p1a: Corviknight
|
|upkeep
|
|switch|p1a: Dragapult|Dragapult, F|40/100
|-damage|p1a: Dragapult|27/100|[from] Stealth Rock
|turn|18
|
|move|p2a: Rotom|Overheat|p1a: Dragapult|[miss]
|-miss|p2a: Rotom|p1a: Dragapult
|move|p1a: Dragapult|Draco Meteor|p2a: Rotom|[miss]
|-miss|p1a: Dragapult|p2a: Rotom
|
|upkeep
|turn|19
|
|move|p2a: Rotom|Overheat|p1a: Dragapult
|-resisted|p1a: Dragapult
|-damage|p1a: Dragapult|6/100
|-unboost|p2a: Rotom|spa|2
|move|p1a: Dragapult|Draco Meteor|p2a: Rotom
|-damage|p2a: Rotom|0 fnt
|-unboost|p1a: Dragapult|spa|2
|faint|p2a: Rotom
|
|upkeep
|
|switch|p2a: Hydreigon|Hydreigon, F|100/100
|-damage|p2a: Hydreigon|88/100|[from] Stealth Rock
|turn|20
|
|move|p1a: Dragapult|Draco Meteor|p2a: Hydreigon
|-supereffective|p2a: Hydreigon
|-damage|p2a: Hydreigon|0 fnt
|-unboost|p1a: Dragapult|spa|2
|faint|p2a: Hydreigon
|
|win|Theo216
|l|☆ludacrisis
|raw|Theo216's rating: 1004 → 1050(+46 for winning)
|raw|ludacrisis's rating: 1064 → 1041(-23 for losing)
