|ScrapeTime|2020-01-01-14:35:14
|j|☆Korolebo
|j|☆Gerda123456789
|player|p1|Korolebo|lance|1065
|player|p2|Gerda123456789|1|1062
|teamsize|p1|6
|teamsize|p2|6
|gametype|singles
|gen|8
|tier|[Gen 8] OU
|rated|
|rule|Sleep Clause Mod: Limit one foe put to sleep
|rule|Species Clause: Limit one of each Pokémon
|rule|OHKO Clause: OHKO moves are banned
|rule|Evasion Moves Clause: Evasion moves are banned
|rule|Endless Battle Clause: Forcing endless battles is banned
|rule|HP Percentage Mod: HP is shown in percentages
|clearpoke
|poke|p1|Pelipper, M|
|poke|p1|Magikarp, M|
|poke|p1|Dracovish|
|poke|p1|Corsola-Galar, M|
|poke|p1|Dragapult, F|
|poke|p1|Hatterene, F|
|poke|p2|Milotic, F|
|poke|p2|Togekiss, M|
|poke|p2|Dragapult, M|
|poke|p2|Toxicroak, F|
|poke|p2|Cinderace, M|
|poke|p2|Tyranitar, F|
|rule|Dynamax Clause: You cannot dynamax
|teampreview
|
|start
|switch|p1a: Corsola|Corsola-Galar, M, shiny|100/100
|switch|p2a: Togekiss|Togekiss, M|100/100
|turn|1
|
|move|p2a: Togekiss|Future Sight|p1a: Corsola
|-start|p2a: Togekiss|move: Future Sight
|move|p1a: Corsola|Will-O-Wisp|p2a: Togekiss
|-status|p2a: Togekiss|brn
|
|-damage|p2a: Togekiss|94/100 brn|[from] brn
|upkeep
|turn|2
|
|switch|p2a: Tyranitar|Tyranitar, F|100/100
|-weather|Sandstorm|[from] ability: Sand Stream|[of] p2a: Tyranitar
|move|p1a: Corsola|Stealth Rock|p2a: Tyranitar
|-sidestart|p2: Gerda123456789|move: Stealth Rock
|
|-weather|Sandstorm|[upkeep]
|-damage|p1a: Corsola|94/100|[from] Sandstorm
|upkeep
|turn|3
|
|move|p2a: Tyranitar|Foul Play|p1a: Corsola
|-supereffective|p1a: Corsola
|-damage|p1a: Corsola|76/100
|-ability|p1a: Corsola|Weak Armor|boost
|-unboost|p1a: Corsola|def|1
|-boost|p1a: Corsola|spe|2
|move|p1a: Corsola|Will-O-Wisp|p2a: Tyranitar
|-status|p2a: Tyranitar|brn
|
|-weather|Sandstorm|[upkeep]
|-damage|p1a: Corsola|70/100|[from] Sandstorm
|-end|p1a: Corsola|move: Future Sight
|-damage|p1a: Corsola|44/100
|-damage|p2a: Tyranitar|94/100 brn|[from] brn
|upkeep
|turn|4
|
|move|p1a: Corsola|Strength Sap|p2a: Tyranitar
|-unboost|p2a: Tyranitar|atk|1
|-heal|p1a: Corsola|100/100
|move|p2a: Tyranitar|Foul Play|p1a: Corsola
|-supereffective|p1a: Corsola
|-damage|p1a: Corsola|88/100
|-ability|p1a: Corsola|Weak Armor|boost
|-unboost|p1a: Corsola|def|1
|-boost|p1a: Corsola|spe|2
|
|-weather|Sandstorm|[upkeep]
|-damage|p1a: Corsola|82/100|[from] Sandstorm
|-damage|p2a: Tyranitar|88/100 brn|[from] brn
|upkeep
|turn|5
|
|switch|p2a: Dragapult|Dragapult, M|100/100
|-damage|p2a: Dragapult|88/100|[from] Stealth Rock
|move|p1a: Corsola|Hex|p2a: Dragapult
|-supereffective|p2a: Dragapult
|-damage|p2a: Dragapult|45/100
|
|-weather|Sandstorm|[upkeep]
|-damage|p2a: Dragapult|39/100|[from] Sandstorm
|-damage|p1a: Corsola|76/100|[from] Sandstorm
|upkeep
|turn|6
|
|switch|p2a: Toxicroak|Toxicroak, F|100/100
|-damage|p2a: Toxicroak|94/100|[from] Stealth Rock
|move|p1a: Corsola|Will-O-Wisp|p2a: Toxicroak
|-status|p2a: Toxicroak|brn
|
|-weather|none
|-damage|p2a: Toxicroak|88/100 brn|[from] brn
|upkeep
|turn|7
|
|move|p2a: Toxicroak|Gunk Shot|p1a: Corsola
|-resisted|p1a: Corsola
|-damage|p1a: Corsola|58/100
|-ability|p1a: Corsola|Weak Armor|boost
|-unboost|p1a: Corsola|def|1
|-boost|p1a: Corsola|spe|2
|move|p1a: Corsola|Hex|p2a: Toxicroak
|-damage|p2a: Toxicroak|41/100 brn
|
|-damage|p2a: Toxicroak|35/100 brn|[from] brn
|upkeep
|turn|8
|
|move|p1a: Corsola|Hex|p2a: Toxicroak
|-damage|p2a: Toxicroak|0 fnt
|faint|p2a: Toxicroak
|
|upkeep
|
|switch|p2a: Dragapult|Dragapult, M|39/100
|-damage|p2a: Dragapult|26/100|[from] Stealth Rock
|turn|9
|
|move|p1a: Corsola|Hex|p2a: Dragapult
|-supereffective|p2a: Dragapult
|-damage|p2a: Dragapult|0 fnt
|faint|p2a: Dragapult
|
|upkeep
|
|switch|p2a: Togekiss|Togekiss, M|94/100 brn
|-damage|p2a: Togekiss|70/100 brn|[from] Stealth Rock
|turn|10
|
|move|p1a: Corsola|Hex|p2a: Togekiss
|-damage|p2a: Togekiss|39/100 brn
|move|p2a: Togekiss|Future Sight|p1a: Corsola
|-start|p2a: Togekiss|move: Future Sight
|
|-damage|p2a: Togekiss|33/100 brn|[from] brn
|upkeep
|turn|11
|
|switch|p2a: Milotic|Milotic, F|100/100
|-damage|p2a: Milotic|88/100|[from] Stealth Rock
|move|p1a: Corsola|Strength Sap|p2a: Milotic
|-unboost|p2a: Milotic|atk|1
|-heal|p1a: Corsola|100/100
|
|upkeep
|turn|12
|
|move|p1a: Corsola|Will-O-Wisp|p2a: Milotic
|-status|p2a: Milotic|brn
|move|p2a: Milotic|Hydro Pump|p1a: Corsola
|-damage|p1a: Corsola|76/100
|
|-end|p1a: Corsola|move: Future Sight
|-damage|p1a: Corsola|49/100
|-damage|p2a: Milotic|82/100 brn|[from] brn
|upkeep
|turn|13
|
|move|p1a: Corsola|Hex|p2a: Milotic
|-damage|p2a: Milotic|64/100 brn
|move|p2a: Milotic|Hydro Pump|p1a: Corsola
|-damage|p1a: Corsola|23/100
|
|-damage|p2a: Milotic|58/100 brn|[from] brn
|upkeep
|turn|14
|
|move|p1a: Corsola|Strength Sap|p2a: Milotic
|-unboost|p2a: Milotic|atk|1
|-heal|p1a: Corsola|56/100
|move|p2a: Milotic|Hydro Pump|p1a: Corsola
|-damage|p1a: Corsola|34/100
|
|-damage|p2a: Milotic|52/100 brn|[from] brn
|upkeep
|turn|15
|inactive|Battle timer is ON: inactive players will automatically lose when time's up. (requested by Gerda123456789)
|
|move|p1a: Corsola|Hex|p2a: Milotic
|-damage|p2a: Milotic|35/100 brn
|move|p2a: Milotic|Hydro Pump|p1a: Corsola
|-damage|p1a: Corsola|12/100
|
|-damage|p2a: Milotic|29/100 brn|[from] brn
|upkeep
|turn|16
|
|switch|p1a: Pelipper|Pelipper, M|100/100
|-weather|RainDance|[from] ability: Drizzle|[of] p1a: Pelipper
|move|p2a: Milotic|Hydro Pump|p1a: Pelipper
|-resisted|p1a: Pelipper
|-damage|p1a: Pelipper|62/100
|
|-weather|RainDance|[upkeep]
|-damage|p2a: Milotic|23/100 brn|[from] brn
|upkeep
|-enditem|p2a: Milotic|Iapapa Berry|[eat]
|-heal|p2a: Milotic|56/100 brn|[from] item: Iapapa Berry
|turn|17
|
|move|p2a: Milotic|Recover|p2a: Milotic
|-heal|p2a: Milotic|100/100 brn
|move|p1a: Pelipper|Hurricane|p2a: Milotic
|-damage|p2a: Milotic|82/100 brn
|
|-weather|RainDance|[upkeep]
|-damage|p2a: Milotic|76/100 brn|[from] brn
|upkeep
|turn|18
|
|switch|p1a: Dracovish|Dracovish|100/100
|move|p2a: Milotic|Haze|p2a: Milotic
|-clearallboost
|
|-weather|RainDance|[upkeep]
|-damage|p2a: Milotic|70/100 brn|[from] brn
|upkeep
|turn|19
|
|move|p1a: Dracovish|Fishious Rend|p2a: Milotic
|-resisted|p2a: Milotic
|-damage|p2a: Milotic|10/100 brn
|move|p2a: Milotic|Ice Beam|p1a: Dracovish
|-damage|p1a: Dracovish|78/100
|
|-weather|RainDance|[upkeep]
|-damage|p2a: Milotic|4/100 brn|[from] brn
|upkeep
|turn|20
|
|move|p1a: Dracovish|Fishious Rend|p2a: Milotic
|-resisted|p2a: Milotic
|-damage|p2a: Milotic|0 fnt
|faint|p2a: Milotic
|
|-weather|RainDance|[upkeep]
|upkeep
|
|switch|p2a: Togekiss|Togekiss, M|33/100 brn
|-damage|p2a: Togekiss|9/100 brn|[from] Stealth Rock
|turn|21
|
|move|p1a: Dracovish|Fishious Rend|p2a: Togekiss
|-damage|p2a: Togekiss|0 fnt
|-damage|p1a: Dracovish|61/100|[from] item: Rocky Helmet|[of] p2a: Togekiss
|faint|p2a: Togekiss
|
|-weather|RainDance|[upkeep]
|upkeep
|
|switch|p2a: Cinderace|Cinderace, M|100/100
|-damage|p2a: Cinderace|76/100|[from] Stealth Rock
|turn|22
|inactive|Korolebo has 120 seconds left.
|inactive|Gerda123456789 has 120 seconds left.
|
|move|p1a: Dracovish|Fishious Rend|p2a: Cinderace
|-supereffective|p2a: Cinderace
|-damage|p2a: Cinderace|0 fnt
|faint|p2a: Cinderace
|
|-weather|RainDance|[upkeep]
|upkeep
|inactive|Gerda123456789 has 120 seconds left.
|
|switch|p2a: Tyranitar|Tyranitar, F|88/100 brn
|-damage|p2a: Tyranitar|76/100 brn|[from] Stealth Rock
|-weather|Sandstorm|[from] ability: Sand Stream|[of] p2a: Tyranitar
|turn|23
|
|switch|p1a: Pelipper|Pelipper, M|62/100
|-weather|RainDance|[from] ability: Drizzle|[of] p1a: Pelipper
|move|p2a: Tyranitar|Earthquake|p1a: Pelipper
|-immune|p1a: Pelipper
|
|-weather|RainDance|[upkeep]
|-damage|p2a: Tyranitar|70/100 brn|[from] brn
|upkeep
|turn|24
|
|move|p1a: Pelipper|U-turn|p2a: Tyranitar
|-supereffective|p2a: Tyranitar
|-damage|p2a: Tyranitar|56/100 brn
|
|switch|p1a: Hatterene|Hatterene, F|100/100|[from]move: U-turn
|move|p2a: Tyranitar|Stone Edge|p1a: Hatterene|[miss]
|-miss|p2a: Tyranitar|p1a: Hatterene
|
|-weather|RainDance|[upkeep]
|-damage|p2a: Tyranitar|50/100 brn|[from] brn
|upkeep
|turn|25
|
|switch|p1a: Goldkarp|Magikarp, M, shiny|100/100
|move|p2a: Tyranitar|Foul Play|p1a: Goldkarp
|-damage|p1a: Goldkarp|96/100
|
|-weather|RainDance|[upkeep]
|-damage|p2a: Tyranitar|44/100 brn|[from] brn
|upkeep
|turn|26
|
|move|p1a: Goldkarp|Hydro Pump|p2a: Tyranitar|[miss]
|-miss|p1a: Goldkarp|p2a: Tyranitar
|move|p2a: Tyranitar|Earthquake|p1a: Goldkarp
|-crit|p1a: Goldkarp
|-damage|p1a: Goldkarp|10/100
|
|-weather|RainDance|[upkeep]
|-damage|p2a: Tyranitar|38/100 brn|[from] brn
|upkeep
|turn|27
|
|move|p1a: Goldkarp|Hydro Pump|p2a: Tyranitar
|-supereffective|p2a: Tyranitar
|-damage|p2a: Tyranitar|0 fnt
|faint|p2a: Tyranitar
|
|win|Korolebo
|l|☆Gerda123456789
|raw|Korolebo's rating: 1066 → 1095(+29 for winning)
|raw|Gerda123456789's rating: 1062 → 1043(-19 for losing)
|c|☆Korolebo|Gg
