|ScrapeTime|2020-01-01-20:05:17
|j|☆Baba-rhum
|j|☆Rossnakamura96
|player|p1|Baba-rhum|winona|1290
|player|p2|Rossnakamura96|266|1239
|teamsize|p1|6
|teamsize|p2|6
|gametype|singles
|gen|8
|tier|[Gen 8] OU
|rated|
|rule|Sleep Clause Mod: Limit one foe put to sleep
|rule|Species Clause: Limit one of each Pokémon
|rule|OHKO Clause: OHKO moves are banned
|rule|Evasion Moves Clause: Evasion moves are banned
|rule|Endless Battle Clause: Forcing endless battles is banned
|rule|HP Percentage Mod: HP is shown in percentages
|clearpoke
|poke|p1|Ferrothorn, F|
|poke|p1|Togekiss, F|
|poke|p1|Toxtricity, M|
|poke|p1|Obstagoon, M|
|poke|p1|Jellicent, F|
|poke|p1|Kommo-o, M|
|poke|p2|Obstagoon, M|
|poke|p2|Rotom-Heat|
|poke|p2|Seismitoad, F|
|poke|p2|Corviknight, M|
|poke|p2|Whimsicott, M|
|poke|p2|Ditto|
|rule|Dynamax Clause: You cannot dynamax
|teampreview
|inactive|Battle timer is ON: inactive players will automatically lose when time's up. (requested by Rossnakamura96)
|
|start
|switch|p1a: Togekiss|Togekiss, F|100/100
|switch|p2a: Seismitoad|Seismitoad, F|100/100
|turn|1
|
|move|p1a: Togekiss|Air Slash|p2a: Seismitoad
|-damage|p2a: Seismitoad|40/100
|cant|p2a: Seismitoad|flinch
|
|-heal|p2a: Seismitoad|46/100|[from] item: Leftovers
|upkeep
|turn|2
|
|switch|p2a: Corviknight|Corviknight, M|100/100
|move|p1a: Togekiss|Air Slash|p2a: Corviknight
|-resisted|p2a: Corviknight
|-damage|p2a: Corviknight|79/100
|
|-heal|p2a: Corviknight|85/100|[from] item: Leftovers
|upkeep
|turn|3
|
|switch|p1a: Toxtricity|Toxtricity, M|100/100
|-item|p1a: Toxtricity|Air Balloon
|move|p2a: Corviknight|Bulk Up|p2a: Corviknight
|-boost|p2a: Corviknight|atk|1
|-boost|p2a: Corviknight|def|1
|
|-heal|p2a: Corviknight|91/100|[from] item: Leftovers
|upkeep
|turn|4
|
|switch|p2a: Seismitoad|Seismitoad, F|46/100
|move|p1a: Toxtricity|Wild Charge|p2a: Seismitoad
|-immune|p2a: Seismitoad
|
|-heal|p2a: Seismitoad|52/100|[from] item: Leftovers
|upkeep
|turn|5
|
|switch|p1a: Ferrothorn|Ferrothorn, F|100/100
|move|p2a: Seismitoad|Stealth Rock|p1a: Ferrothorn
|-sidestart|p1: Baba-rhum|move: Stealth Rock
|
|-heal|p2a: Seismitoad|58/100|[from] item: Leftovers
|upkeep
|turn|6
|
|switch|p2a: Obstagoon|Obstagoon, M|100/100
|move|p1a: Ferrothorn|Stealth Rock|p2a: Obstagoon
|-sidestart|p2: Rossnakamura96|move: Stealth Rock
|
|-status|p2a: Obstagoon|brn|[from] item: Flame Orb
|upkeep
|turn|7
|
|move|p2a: Obstagoon|Fire Punch|p1a: Ferrothorn
|-supereffective|p1a: Ferrothorn
|-damage|p1a: Ferrothorn|23/100
|-damage|p2a: Obstagoon|88/100 brn|[from] ability: Iron Barbs|[of] p1a: Ferrothorn
|move|p1a: Ferrothorn|Leech Seed|p2a: Obstagoon
|-start|p2a: Obstagoon|move: Leech Seed
|
|-heal|p1a: Ferrothorn|29/100|[from] item: Leftovers
|-damage|p2a: Obstagoon|76/100 brn|[from] Leech Seed|[of] p1a: Ferrothorn
|-heal|p1a: Ferrothorn|41/100|[silent]
|-damage|p2a: Obstagoon|70/100 brn|[from] brn
|upkeep
|turn|8
|
|move|p1a: Ferrothorn|Protect|p1a: Ferrothorn
|-singleturn|p1a: Ferrothorn|Protect
|move|p2a: Obstagoon|Knock Off|p1a: Ferrothorn
|-activate|p1a: Ferrothorn|move: Protect
|
|-heal|p1a: Ferrothorn|47/100|[from] item: Leftovers
|-damage|p2a: Obstagoon|58/100 brn|[from] Leech Seed|[of] p1a: Ferrothorn
|-heal|p1a: Ferrothorn|58/100|[silent]
|-damage|p2a: Obstagoon|52/100 brn|[from] brn
|upkeep
|turn|9
|
|switch|p1a: Jellicent|Jellicent, F|100/100
|-damage|p1a: Jellicent|88/100|[from] Stealth Rock
|move|p2a: Obstagoon|Fire Punch|p1a: Jellicent
|-resisted|p1a: Jellicent
|-damage|p1a: Jellicent|77/100
|
|-heal|p1a: Jellicent|83/100|[from] item: Leftovers
|-damage|p2a: Obstagoon|39/100 brn|[from] Leech Seed|[of] p1a: Jellicent
|-heal|p1a: Jellicent|93/100|[silent]
|-damage|p2a: Obstagoon|33/100 brn|[from] brn
|upkeep
|turn|10
|
|move|p2a: Obstagoon|Knock Off|p1a: Jellicent
|-supereffective|p1a: Jellicent
|-damage|p1a: Jellicent|0 fnt
|-enditem|p1a: Jellicent|Leftovers|[from] move: Knock Off|[of] p2a: Obstagoon
|faint|p1a: Jellicent
|
|-damage|p2a: Obstagoon|27/100 brn|[from] brn
|upkeep
|
|switch|p1a: Ferrothorn|Ferrothorn, F|58/100
|-damage|p1a: Ferrothorn|52/100|[from] Stealth Rock
|turn|11
|
|move|p1a: Ferrothorn|Protect|p1a: Ferrothorn
|-singleturn|p1a: Ferrothorn|Protect
|move|p2a: Obstagoon|Bulk Up|p2a: Obstagoon
|-boost|p2a: Obstagoon|atk|1
|-boost|p2a: Obstagoon|def|1
|
|-heal|p1a: Ferrothorn|58/100|[from] item: Leftovers
|-damage|p2a: Obstagoon|15/100 brn|[from] Leech Seed|[of] p1a: Ferrothorn
|-heal|p1a: Ferrothorn|70/100|[silent]
|-damage|p2a: Obstagoon|9/100 brn|[from] brn
|upkeep
|turn|12
|
|switch|p1a: Kommo-o|Kommo-o, M|100/100
|-damage|p1a: Kommo-o|94/100|[from] Stealth Rock
|move|p2a: Obstagoon|Knock Off|p1a: Kommo-o
|-resisted|p1a: Kommo-o
|-damage|p1a: Kommo-o|52/100
|-enditem|p1a: Kommo-o|Throat Spray|[from] move: Knock Off|[of] p2a: Obstagoon
|
|-damage|p2a: Obstagoon|0 fnt|[from] Leech Seed|[of] p1a: Kommo-o
|-heal|p1a: Kommo-o|61/100|[silent]
|faint|p2a: Obstagoon
|upkeep
|
|switch|p2a: Whimsicott|Whimsicott, M|100/100
|-damage|p2a: Whimsicott|88/100|[from] Stealth Rock
|turn|13
|
|switch|p1a: Ferrothorn|Ferrothorn, F|70/100
|-damage|p1a: Ferrothorn|64/100|[from] Stealth Rock
|move|p2a: Whimsicott|Moonblast|p1a: Ferrothorn
|-resisted|p1a: Ferrothorn
|-damage|p1a: Ferrothorn|43/100
|
|-heal|p1a: Ferrothorn|49/100|[from] item: Leftovers
|upkeep
|turn|14
|
|switch|p2a: Rotom|Rotom-Heat|100/100
|move|p1a: Ferrothorn|Leech Seed|p2a: Rotom
|-start|p2a: Rotom|move: Leech Seed
|
|-heal|p1a: Ferrothorn|55/100|[from] item: Leftovers
|-damage|p2a: Rotom|88/100|[from] Leech Seed|[of] p1a: Ferrothorn
|-heal|p1a: Ferrothorn|66/100|[silent]
|upkeep
|turn|15
|
|switch|p1a: Kommo-o|Kommo-o, M|61/100
|-damage|p1a: Kommo-o|55/100|[from] Stealth Rock
|move|p2a: Rotom|Volt Switch|p1a: Kommo-o
|-resisted|p1a: Kommo-o
|-damage|p1a: Kommo-o|42/100
|
|switch|p2a: Seismitoad|Seismitoad, F|58/100|[from]move: Volt Switch
|-damage|p2a: Seismitoad|52/100|[from] Stealth Rock
|
|-heal|p2a: Seismitoad|58/100|[from] item: Leftovers
|upkeep
|turn|16
|
|move|p1a: Kommo-o|Clanging Scales|p2a: Seismitoad
|-damage|p2a: Seismitoad|6/100
|-unboost|p1a: Kommo-o|def|1
|move|p2a: Seismitoad|Toxic|p1a: Kommo-o
|-status|p1a: Kommo-o|tox
|
|-heal|p2a: Seismitoad|12/100|[from] item: Leftovers
|-damage|p1a: Kommo-o|36/100 tox|[from] psn
|upkeep
|turn|17
|
|move|p1a: Kommo-o|Flamethrower|p2a: Seismitoad
|-resisted|p2a: Seismitoad
|-damage|p2a: Seismitoad|0 fnt
|faint|p2a: Seismitoad
|
|-damage|p1a: Kommo-o|24/100 tox|[from] psn
|upkeep
|
|switch|p2a: Ditto|Ditto|100/100
|-damage|p2a: Ditto|88/100|[from] Stealth Rock
|-transform|p2a: Ditto|p1a: Kommo-o|[from] ability: Imposter
|turn|18
|
|move|p2a: Ditto|Flash Cannon|p1a: Kommo-o
|-damage|p1a: Kommo-o|0 fnt
|faint|p1a: Kommo-o
|
|upkeep
|
|switch|p1a: Ferrothorn|Ferrothorn, F|66/100
|-damage|p1a: Ferrothorn|60/100|[from] Stealth Rock
|turn|19
|
|switch|p2a: Rotom|Rotom-Heat|88/100
|move|p1a: Ferrothorn|Leech Seed|p2a: Rotom
|-start|p2a: Rotom|move: Leech Seed
|
|-heal|p1a: Ferrothorn|66/100|[from] item: Leftovers
|-damage|p2a: Rotom|75/100|[from] Leech Seed|[of] p1a: Ferrothorn
|-heal|p1a: Ferrothorn|77/100|[silent]
|upkeep
|turn|20
|
|move|p1a: Ferrothorn|Protect|p1a: Ferrothorn
|-singleturn|p1a: Ferrothorn|Protect
|move|p2a: Rotom|Overheat|p1a: Ferrothorn
|-activate|p1a: Ferrothorn|move: Protect
|
|-heal|p1a: Ferrothorn|83/100|[from] item: Leftovers
|-damage|p2a: Rotom|63/100|[from] Leech Seed|[of] p1a: Ferrothorn
|-heal|p1a: Ferrothorn|94/100|[silent]
|upkeep
|turn|21
|
|switch|p1a: Obstagoon|Obstagoon, M|100/100
|-damage|p1a: Obstagoon|88/100|[from] Stealth Rock
|move|p2a: Rotom|Overheat|p1a: Obstagoon
|-damage|p1a: Obstagoon|27/100
|-unboost|p2a: Rotom|spa|2
|
|-damage|p2a: Rotom|50/100|[from] Leech Seed|[of] p1a: Obstagoon
|-heal|p1a: Obstagoon|38/100|[silent]
|-status|p1a: Obstagoon|brn|[from] item: Flame Orb
|upkeep
|turn|22
|
|switch|p2a: Corviknight|Corviknight, M|91/100
|-damage|p2a: Corviknight|79/100|[from] Stealth Rock
|move|p1a: Obstagoon|Knock Off|p2a: Corviknight
|-damage|p2a: Corviknight|40/100
|-enditem|p2a: Corviknight|Leftovers|[from] move: Knock Off|[of] p1a: Obstagoon
|
|-damage|p1a: Obstagoon|32/100 brn|[from] brn
|upkeep
|turn|23
|inactive|Baba-rhum has 120 seconds left.
|
|switch|p1a: Togekiss|Togekiss, F|100/100
|-damage|p1a: Togekiss|76/100|[from] Stealth Rock
|move|p2a: Corviknight|Roost|p2a: Corviknight
|-heal|p2a: Corviknight|90/100
|-singleturn|p2a: Corviknight|move: Roost
|
|upkeep
|turn|24
|
|move|p1a: Togekiss|Flamethrower|p2a: Corviknight
|-supereffective|p2a: Corviknight
|-damage|p2a: Corviknight|18/100
|move|p2a: Corviknight|Brave Bird|p1a: Togekiss
|-damage|p1a: Togekiss|35/100
|-damage|p2a: Corviknight|8/100|[from] Recoil
|
|upkeep
|turn|25
|
|move|p1a: Togekiss|Flamethrower|p2a: Corviknight
|-supereffective|p2a: Corviknight
|-crit|p2a: Corviknight
|-damage|p2a: Corviknight|0 fnt
|faint|p2a: Corviknight
|
|upkeep
|
|switch|p2a: Whimsicott|Whimsicott, M|88/100
|-damage|p2a: Whimsicott|76/100|[from] Stealth Rock
|turn|26
|
|move|p2a: Whimsicott|Moonblast|p1a: Togekiss
|-damage|p1a: Togekiss|0 fnt
|faint|p1a: Togekiss
|
|upkeep
|
|switch|p1a: Toxtricity|Toxtricity, M|100/100
|-damage|p1a: Toxtricity|88/100|[from] Stealth Rock
|-item|p1a: Toxtricity|Air Balloon
|turn|27
|
|switch|p2a: Ditto|Ditto|88/100
|-damage|p2a: Ditto|76/100|[from] Stealth Rock
|-transform|p2a: Ditto|p1a: Toxtricity|[from] ability: Imposter
|move|p1a: Toxtricity|Gunk Shot|p2a: Ditto|[miss]
|-miss|p1a: Toxtricity|p2a: Ditto
|
|upkeep
|turn|28
|
|move|p2a: Ditto|Drain Punch|p1a: Toxtricity
|-resisted|p1a: Toxtricity
|-damage|p1a: Toxtricity|71/100
|-heal|p2a: Ditto|85/100|[from] drain|[of] p1a: Toxtricity
|-enditem|p1a: Toxtricity|Air Balloon
|move|p1a: Toxtricity|Gunk Shot|p2a: Ditto
|-resisted|p2a: Ditto
|-damage|p2a: Ditto|43/100
|
|upkeep
|turn|29
|c|☆Baba-rhum|come on
|
|move|p2a: Ditto|Drain Punch|p1a: Toxtricity
|-resisted|p1a: Toxtricity
|-damage|p1a: Toxtricity|56/100
|-heal|p2a: Ditto|52/100|[from] drain|[of] p1a: Toxtricity
|move|p1a: Toxtricity|Gunk Shot|p2a: Ditto
|-resisted|p2a: Ditto
|-damage|p2a: Ditto|10/100
|
|upkeep
|turn|30
|
|move|p2a: Ditto|Drain Punch|p1a: Toxtricity
|-resisted|p1a: Toxtricity
|-damage|p1a: Toxtricity|39/100
|-heal|p2a: Ditto|19/100|[from] drain|[of] p1a: Toxtricity
|move|p1a: Toxtricity|Shift Gear|p1a: Toxtricity
|-boost|p1a: Toxtricity|spe|2
|-boost|p1a: Toxtricity|atk|1
|
|upkeep
|turn|31
|
|move|p1a: Toxtricity|Gunk Shot|p2a: Ditto|[miss]
|-miss|p1a: Toxtricity|p2a: Ditto
|move|p2a: Ditto|Drain Punch|p1a: Toxtricity
|-resisted|p1a: Toxtricity
|-damage|p1a: Toxtricity|23/100
|-heal|p2a: Ditto|28/100|[from] drain|[of] p1a: Toxtricity
|
|upkeep
|turn|32
|
|move|p1a: Toxtricity|Gunk Shot|p2a: Ditto
|-resisted|p2a: Ditto
|-damage|p2a: Ditto|0 fnt
|faint|p2a: Ditto
|
|upkeep
|
|switch|p2a: Rotom|Rotom-Heat|50/100
|turn|33
|
|move|p1a: Toxtricity|Gunk Shot|p2a: Rotom
|-damage|p2a: Rotom|0 fnt
|faint|p2a: Rotom
|
|upkeep
|c|☆Baba-rhum|gg
|
|switch|p2a: Whimsicott|Whimsicott, M|76/100
|-damage|p2a: Whimsicott|64/100|[from] Stealth Rock
|turn|34
|
|move|p1a: Toxtricity|Gunk Shot|p2a: Whimsicott
|-supereffective|p2a: Whimsicott
|-damage|p2a: Whimsicott|0 fnt
|faint|p2a: Whimsicott
|
|win|Baba-rhum
