|ScrapeTime|2020-01-01-10:55:02
|j|☆Dev2905
|j|☆denchkid22
|player|p1|Dev2905|99|1137
|player|p2|denchkid22|293|1130
|teamsize|p1|6
|teamsize|p2|6
|gametype|singles
|gen|8
|tier|[Gen 8] OU
|rated|
|rule|Sleep Clause Mod: Limit one foe put to sleep
|rule|Species Clause: Limit one of each Pokémon
|rule|OHKO Clause: OHKO moves are banned
|rule|Evasion Moves Clause: Evasion moves are banned
|rule|Endless Battle Clause: Forcing endless battles is banned
|rule|HP Percentage Mod: HP is shown in percentages
|clearpoke
|poke|p1|Polteageist|
|poke|p1|Indeedee-F, F|
|poke|p1|Hatterene, F|
|poke|p1|Ditto|
|poke|p1|Hawlucha, M|
|poke|p1|Mew|
|poke|p2|Excadrill, M|
|poke|p2|Hydreigon, F|
|poke|p2|Togekiss, F|
|poke|p2|Lucario, M|
|poke|p2|Toxtricity, M|
|poke|p2|Dracovish|
|rule|Dynamax Clause: You cannot dynamax
|teampreview
|
|start
|switch|p1a: Mew|Mew|100/100
|switch|p2a: Vibe Check|Dracovish|100/100
|turn|1
|
|switch|p1a: Ditto|Ditto|100/100
|-transform|p1a: Ditto|p2a: Vibe Check|[from] ability: Imposter
|move|p2a: Vibe Check|Crunch|p1a: Ditto
|-damage|p1a: Ditto|61/100
|
|upkeep
|turn|2
|
|move|p1a: Ditto|Psychic Fangs|p2a: Vibe Check
|-damage|p2a: Vibe Check|66/100
|move|p2a: Vibe Check|Crunch|p1a: Ditto
|-damage|p1a: Ditto|26/100
|
|upkeep
|turn|3
|
|move|p1a: Ditto|Psychic Fangs|p2a: Vibe Check
|-damage|p2a: Vibe Check|30/100
|move|p2a: Vibe Check|Crunch|p1a: Ditto
|-damage|p1a: Ditto|0 fnt
|faint|p1a: Ditto
|
|upkeep
|
|switch|p1a: Polteageist|Polteageist|100/100
|turn|4
|
|move|p2a: Vibe Check|Crunch|p1a: Polteageist
|-supereffective|p1a: Polteageist
|-enditem|p1a: Polteageist|Focus Sash
|-damage|p1a: Polteageist|1/100
|-ability|p1a: Polteageist|Weak Armor|boost
|-unboost|p1a: Polteageist|def|1
|-boost|p1a: Polteageist|spe|2
|-unboost|p1a: Polteageist|def|1
|move|p1a: Polteageist|Shell Smash|p1a: Polteageist
|-unboost|p1a: Polteageist|def|1
|-unboost|p1a: Polteageist|spd|1
|-boost|p1a: Polteageist|atk|2
|-boost|p1a: Polteageist|spa|2
|-boost|p1a: Polteageist|spe|2
|
|upkeep
|turn|5
|
|move|p1a: Polteageist|Shadow Ball|p2a: Vibe Check
|-crit|p2a: Vibe Check
|-damage|p2a: Vibe Check|0 fnt
|faint|p2a: Vibe Check
|
|upkeep
|
|switch|p2a: Draugen|Hydreigon, F, shiny|100/100
|turn|6
|
|move|p1a: Polteageist|Hyper Beam|p2a: Draugen
|-damage|p2a: Draugen|0 fnt
|-mustrecharge|p1a: Polteageist
|faint|p2a: Draugen
|
|upkeep
|
|switch|p2a: Blast|Toxtricity, M|100/100
|turn|7
|
|cant|p1a: Polteageist|recharge
|move|p2a: Blast|Overdrive|p1a: Polteageist
|-damage|p1a: Polteageist|0 fnt
|-enditem|p2a: Blast|Throat Spray
|-boost|p2a: Blast|spa|1
|faint|p1a: Polteageist
|
|upkeep
|
|switch|p1a: Indeedee|Indeedee-F, F|100/100
|-fieldstart|move: Psychic Terrain|[from] ability: Psychic Surge|[of] p1a: Indeedee
|turn|8
|
|move|p1a: Indeedee|Reflect|p1a: Indeedee
|-sidestart|p1: Dev2905|Reflect
|move|p2a: Blast|Overdrive|p1a: Indeedee
|-damage|p1a: Indeedee|28/100
|
|upkeep
|turn|9
|
|move|p1a: Indeedee|Psychic|p2a: Blast
|-supereffective|p2a: Blast
|-damage|p2a: Blast|0 fnt
|faint|p2a: Blast
|
|upkeep
|
|switch|p2a: Klaue|Excadrill, M, shiny|100/100
|-ability|p2a: Klaue|Mold Breaker
|turn|10
|
|move|p2a: Klaue|Rapid Spin|p1a: Indeedee
|-damage|p1a: Indeedee|15/100
|-boost|p2a: Klaue|spe|1
|move|p1a: Indeedee|Psychic|p2a: Klaue
|-resisted|p2a: Klaue
|-damage|p2a: Klaue|84/100
|
|upkeep
|turn|11
|
|move|p2a: Klaue|Brick Break|p1a: Indeedee
|-sideend|p1: Dev2905|Reflect
|-damage|p1a: Indeedee|0 fnt
|faint|p1a: Indeedee
|
|upkeep
|
|switch|p1a: Hawlucha|Hawlucha, M|100/100
|-enditem|p1a: Hawlucha|Psychic Seed
|-boost|p1a: Hawlucha|spd|1
|turn|12
|
|move|p1a: Hawlucha|Close Combat|p2a: Klaue
|-supereffective|p2a: Klaue
|-damage|p2a: Klaue|0 fnt
|-unboost|p1a: Hawlucha|def|1
|-unboost|p1a: Hawlucha|spd|1
|faint|p2a: Klaue
|
|upkeep
|
|switch|p2a: Birb|Togekiss, F|100/100
|turn|13
|
|switch|p1a: Mew|Mew|100/100
|move|p2a: Birb|Thunder Wave|p1a: Mew
|-status|p1a: Mew|par
|-activate|p1a: Mew|ability: Synchronize
|-status|p2a: Birb|par
|
|upkeep
|turn|14
|
|cant|p1a: Mew|par
|move|p2a: Birb|Air Slash|p1a: Mew
|-damage|p1a: Mew|61/100 par
|
|upkeep
|turn|15
|
|move|p1a: Mew|Stealth Rock|p2a: Birb
|-sidestart|p2: denchkid22|move: Stealth Rock
|cant|p2a: Birb|par
|
|-fieldend|move: Psychic Terrain
|upkeep
|turn|16
|
|move|p1a: Mew|Dazzling Gleam|p2a: Birb
|-damage|p2a: Birb|82/100 par
|cant|p2a: Birb|par
|
|-heal|p2a: Birb|89/100 par|[from] item: Leftovers
|upkeep
|turn|17
|
|move|p1a: Mew|Fire Blast|p2a: Birb
|-damage|p2a: Birb|60/100 par
|move|p2a: Birb|Air Slash|p1a: Mew
|-crit|p1a: Mew
|-damage|p1a: Mew|0 fnt
|faint|p1a: Mew
|
|-heal|p2a: Birb|67/100 par|[from] item: Leftovers
|upkeep
|
|switch|p1a: Hawlucha|Hawlucha, M|100/100
|turn|18
|
|move|p1a: Hawlucha|Acrobatics|p2a: Birb
|-damage|p2a: Birb|21/100 par
|move|p2a: Birb|Dazzling Gleam|p1a: Hawlucha
|-supereffective|p1a: Hawlucha
|-damage|p1a: Hawlucha|0 fnt
|faint|p1a: Hawlucha
|
|-heal|p2a: Birb|27/100 par|[from] item: Leftovers
|upkeep
|
|switch|p1a: Hatterene|Hatterene, F|100/100
|turn|19
|
|cant|p2a: Birb|par
|move|p1a: Hatterene|Trick Room|p1a: Hatterene
|-fieldstart|move: Trick Room|[of] p1a: Hatterene
|
|-heal|p2a: Birb|33/100 par|[from] item: Leftovers
|upkeep
|turn|20
|
|move|p1a: Hatterene|Psychic|p2a: Birb
|-damage|p2a: Birb|0 fnt
|-damage|p1a: Hatterene|91/100|[from] item: Life Orb
|faint|p2a: Birb
|
|upkeep
|
|switch|p2a: LD|Lucario, M|100/100
|-damage|p2a: LD|98/100|[from] Stealth Rock
|turn|21
|
|move|p1a: Hatterene|Mystical Fire|p2a: LD
|-supereffective|p2a: LD
|-damage|p2a: LD|0 fnt
|-damage|p1a: Hatterene|81/100|[from] item: Life Orb
|faint|p2a: LD
|
|win|Dev2905
|raw|Dev2905's rating: 1137 → 1162(+25 for winning)
|raw|denchkid22's rating: 1130 → 1106(-24 for losing)
|l|☆denchkid22
