|ScrapeTime|2020-01-01-07:35:43
|j|☆Manjack
|j|☆ttsjshhwjshhw
|player|p1|Manjack|plasmagrunt-gen5bw|1492
|player|p2|ttsjshhwjshhw|unknown|1483
|teamsize|p1|6
|teamsize|p2|6
|gametype|singles
|gen|8
|tier|[Gen 8] OU
|rated|
|rule|Sleep Clause Mod: Limit one foe put to sleep
|rule|Species Clause: Limit one of each Pokémon
|rule|OHKO Clause: OHKO moves are banned
|rule|Evasion Moves Clause: Evasion moves are banned
|rule|Endless Battle Clause: Forcing endless battles is banned
|rule|HP Percentage Mod: HP is shown in percentages
|clearpoke
|poke|p1|Grapploct, M|
|poke|p1|Weezing-Galar, M|
|poke|p1|Ferrothorn, F|
|poke|p1|Rotom-Heat|
|poke|p1|Corviknight, M|
|poke|p1|Dragapult, M|
|poke|p2|Mew|
|poke|p2|Grimmsnarl, M|
|poke|p2|Toxtricity, F|
|poke|p2|Kommo-o, M|
|poke|p2|Cloyster, M|
|poke|p2|Bisharp, M|
|rule|Dynamax Clause: You cannot dynamax
|teampreview
|
|start
|switch|p1a: Weezing|Weezing-Galar, M|100/100
|switch|p2a: Mew|Mew|100/100
|-fieldstart|move: Misty Terrain|[from] ability: Misty Surge|[of] p1a: Weezing
|turn|1
|
|move|p2a: Mew|Taunt|p1a: Weezing
|-start|p1a: Weezing|move: Taunt
|move|p1a: Weezing|Strange Steam|p2a: Mew
|-damage|p2a: Mew|74/100
|
|upkeep
|turn|2
|
|move|p2a: Mew|Spikes|p1a: Weezing
|-sidestart|p1: Manjack|Spikes
|move|p1a: Weezing|Strange Steam|p2a: Mew
|-damage|p2a: Mew|48/100
|
|upkeep
|turn|3
|
|move|p2a: Mew|Spikes|p1a: Weezing
|-sidestart|p1: Manjack|Spikes
|move|p1a: Weezing|Strange Steam|p2a: Mew
|-damage|p2a: Mew|22/100
|
|-end|p1a: Weezing|move: Taunt
|upkeep
|turn|4
|
|move|p2a: Mew|Self-Destruct|p1a: Weezing
|-damage|p1a: Weezing|67/100
|faint|p2a: Mew
|move|p1a: Weezing|Strange Steam|p2: Mew|[notarget]
|-fail|p1a: Weezing
|
|upkeep
|
|switch|p2a: Grimmsnarl|Grimmsnarl, M|100/100
|turn|5
|
|move|p2a: Grimmsnarl|Light Screen|p2a: Grimmsnarl
|-sidestart|p2: ttsjshhwjshhw|move: Light Screen
|move|p1a: Weezing|Defog|p2a: Grimmsnarl
|-unboost|p2a: Grimmsnarl|evasion|1
|-sideend|p2: ttsjshhwjshhw|move: Light Screen
|-sideend|p1: Manjack|Spikes|[from] move: Defog|[of] p1a: Weezing
|-fieldend|Misty Terrain
|
|upkeep
|turn|6
|
|move|p2a: Grimmsnarl|Taunt|p1a: Weezing
|-start|p1a: Weezing|move: Taunt
|move|p1a: Weezing|Strange Steam|p2a: Grimmsnarl
|-supereffective|p2a: Grimmsnarl
|-damage|p2a: Grimmsnarl|56/100
|
|upkeep
|turn|7
|
|move|p2a: Grimmsnarl|Light Screen|p2a: Grimmsnarl
|-sidestart|p2: ttsjshhwjshhw|move: Light Screen
|move|p1a: Weezing|Strange Steam|p2a: Grimmsnarl
|-supereffective|p2a: Grimmsnarl
|-damage|p2a: Grimmsnarl|32/100
|
|upkeep
|turn|8
|
|move|p2a: Grimmsnarl|Reflect|p2a: Grimmsnarl
|-sidestart|p2: ttsjshhwjshhw|Reflect
|move|p1a: Weezing|Strange Steam|p2a: Grimmsnarl
|-supereffective|p2a: Grimmsnarl
|-damage|p2a: Grimmsnarl|11/100
|
|-end|p1a: Weezing|move: Taunt
|upkeep
|turn|9
|
|move|p2a: Grimmsnarl|Taunt|p1a: Weezing
|-start|p1a: Weezing|move: Taunt
|move|p1a: Weezing|Strange Steam|p2a: Grimmsnarl
|-supereffective|p2a: Grimmsnarl
|-damage|p2a: Grimmsnarl|0 fnt
|faint|p2a: Grimmsnarl
|
|upkeep
|
|switch|p2a: Kommo-o|Kommo-o, M|100/100
|turn|10
|
|move|p2a: Kommo-o|Belly Drum|p2a: Kommo-o
|-damage|p2a: Kommo-o|50/100
|-setboost|p2a: Kommo-o|atk|6|[from] move: Belly Drum
|move|p1a: Weezing|Strange Steam|p2a: Kommo-o
|-supereffective|p2a: Kommo-o
|-damage|p2a: Kommo-o|0 fnt
|faint|p2a: Kommo-o
|
|upkeep
|c|☆Manjack|Dude
|c|☆Manjack|Kommo is 4x weak
|
|switch|p2a: Cloyster|Cloyster, M|100/100
|turn|11
|
|switch|p1a: Ferrothorn|Ferrothorn, F|100/100
|move|p2a: Cloyster|Shell Smash|p2a: Cloyster
|-unboost|p2a: Cloyster|def|1
|-unboost|p2a: Cloyster|spd|1
|-boost|p2a: Cloyster|atk|2
|-boost|p2a: Cloyster|spa|2
|-boost|p2a: Cloyster|spe|2
|
|upkeep
|turn|12
|
|move|p2a: Cloyster|Icicle Spear|p1a: Ferrothorn
|-damage|p1a: Ferrothorn|87/100
|-damage|p1a: Ferrothorn|75/100
|-damage|p1a: Ferrothorn|64/100
|-damage|p1a: Ferrothorn|51/100
|-damage|p1a: Ferrothorn|39/100
|-hitcount|p1a: Ferrothorn|5
|move|p1a: Ferrothorn|Leech Seed|p2a: Cloyster
|-start|p2a: Cloyster|move: Leech Seed
|
|-heal|p1a: Ferrothorn|45/100|[from] item: Leftovers
|-damage|p2a: Cloyster|88/100|[from] Leech Seed|[of] p1a: Ferrothorn
|-heal|p1a: Ferrothorn|53/100|[silent]
|upkeep
|turn|13
|
|move|p2a: Cloyster|Icicle Spear|p1a: Ferrothorn
|-damage|p1a: Ferrothorn|41/100
|-damage|p1a: Ferrothorn|28/100
|-damage|p1a: Ferrothorn|16/100
|-crit|p1a: Ferrothorn
|-damage|p1a: Ferrothorn|0 fnt
|-hitcount|p1a: Ferrothorn|4
|faint|p1a: Ferrothorn
|
|upkeep
|
|switch|p1a: Dragapult|Dragapult, M|100/100
|turn|14
|
|move|p1a: Dragapult|Draco Meteor|p2a: Cloyster
|-damage|p2a: Cloyster|0 fnt
|-unboost|p1a: Dragapult|spa|2
|faint|p2a: Cloyster
|
|-sideend|p2: ttsjshhwjshhw|move: Light Screen
|upkeep
|
|switch|p2a: Bisharp|Bisharp, M|100/100
|turn|15
|
|switch|p1a: Grapploct|Grapploct, M|100/100
|move|p2a: Bisharp|Swords Dance|p2a: Bisharp
|-boost|p2a: Bisharp|atk|2
|
|-sideend|p2: ttsjshhwjshhw|Reflect
|upkeep
|turn|16
|
|move|p2a: Bisharp|Iron Head|p1a: Grapploct
|-damage|p1a: Grapploct|0 fnt
|-damage|p2a: Bisharp|91/100|[from] item: Life Orb
|faint|p1a: Grapploct
|
|upkeep
|
|switch|p1a: Rotom|Rotom-Heat|100/100
|turn|17
|
|move|p1a: Rotom|Will-O-Wisp|p2a: Bisharp|[miss]
|-miss|p1a: Rotom|p2a: Bisharp
|move|p2a: Bisharp|Throat Chop|p1a: Rotom
|-damage|p1a: Rotom|0 fnt
|-damage|p2a: Bisharp|81/100|[from] item: Life Orb
|faint|p1a: Rotom
|
|upkeep
|
|switch|p1a: Corviknight|Corviknight, M|100/100
|-ability|p1a: Corviknight|Pressure
|turn|18
|
|move|p2a: Bisharp|Throat Chop|p1a: Corviknight
|-damage|p1a: Corviknight|8/100
|-start|p1a: Corviknight|Throat Chop|[silent]
|-damage|p2a: Bisharp|71/100|[from] item: Life Orb
|move|p1a: Corviknight|Roost|p1a: Corviknight
|-heal|p1a: Corviknight|58/100
|-singleturn|p1a: Corviknight|move: Roost
|
|-heal|p1a: Corviknight|64/100|[from] item: Leftovers
|upkeep
|turn|19
|
|move|p2a: Bisharp|Throat Chop|p1a: Corviknight
|-damage|p1a: Corviknight|0 fnt
|-damage|p2a: Bisharp|61/100|[from] item: Life Orb
|faint|p1a: Corviknight
|
|upkeep
|
|switch|p1a: Dragapult|Dragapult, M|100/100
|turn|20
|
|move|p2a: Bisharp|Sucker Punch|p1a: Dragapult
|-supereffective|p1a: Dragapult
|-damage|p1a: Dragapult|0 fnt
|-damage|p2a: Bisharp|51/100|[from] item: Life Orb
|faint|p1a: Dragapult
|
|upkeep
|c|☆Manjack|Gg I guess, but you got really lucky
|
|switch|p1a: Weezing|Weezing-Galar, M|67/100
|-fieldstart|move: Misty Terrain|[from] ability: Misty Surge|[of] p1a: Weezing
|turn|21
|
|move|p2a: Bisharp|Iron Head|p1a: Weezing
|-supereffective|p1a: Weezing
|-damage|p1a: Weezing|0 fnt
|-damage|p2a: Bisharp|41/100|[from] item: Life Orb
|faint|p1a: Weezing
|
|win|ttsjshhwjshhw
|raw|Manjack's rating: 1492 → 1471(-21 for losing)
|raw|ttsjshhwjshhw's rating: 1483 → 1503(+20 for winning)
|l|☆ttsjshhwjshhw
|j|☆ttsjshhwjshhw
|player|p2|ttsjshhwjshhw|unknown
