|ScrapeTime|2020-01-02-09:35:54
|j|☆Gen8Lover
|j|☆XHtishen
|player|p1|Gen8Lover|266|1475
|player|p2|XHtishen|lady-gen4|1457
|teamsize|p1|6
|teamsize|p2|6
|gametype|singles
|gen|8
|tier|[Gen 8] OU
|rated|
|rule|Sleep Clause Mod: Limit one foe put to sleep
|rule|Species Clause: Limit one of each Pokémon
|rule|OHKO Clause: OHKO moves are banned
|rule|Evasion Moves Clause: Evasion moves are banned
|rule|Endless Battle Clause: Forcing endless battles is banned
|rule|HP Percentage Mod: HP is shown in percentages
|clearpoke
|poke|p1|Dragapult, F|
|poke|p1|Aegislash, M|
|poke|p1|Dugtrio, M|
|poke|p1|Quagsire, F|
|poke|p1|Corviknight, F|
|poke|p1|Mandibuzz, F|
|poke|p2|Aegislash, F|
|poke|p2|Clefable, F|
|poke|p2|Bisharp, M|
|poke|p2|Excadrill, F|
|poke|p2|Dracozolt|
|poke|p2|Centiskorch, M|
|rule|Dynamax Clause: You cannot dynamax
|teampreview
|
|start
|switch|p1a: Dugtrio|Dugtrio, M|100/100
|switch|p2a: Centiskorch|Centiskorch, M|100/100
|turn|1
|
|move|p1a: Dugtrio|Stone Edge|p2a: Centiskorch
|-supereffective|p2a: Centiskorch
|-damage|p2a: Centiskorch|0 fnt
|faint|p2a: Centiskorch
|
|upkeep
|
|switch|p2a: Bisharp|Bisharp, M|100/100
|-item|p2a: Bisharp|Air Balloon
|turn|2
|
|switch|p1a: Mandibuzz|Mandibuzz, F|100/100
|move|p2a: Bisharp|Iron Head|p1a: Mandibuzz
|-damage|p1a: Mandibuzz|67/100
|
|upkeep
|turn|3
|
|switch|p2a: Clefable|Clefable, F|100/100
|move|p1a: Mandibuzz|U-turn|p2a: Clefable
|-resisted|p2a: Clefable
|-damage|p2a: Clefable|93/100
|
|switch|p1a: Aegislash|Aegislash, M|100/100|[from]move: U-turn
|
|upkeep
|turn|4
|
|switch|p2a: Dracozolt|Dracozolt|100/100
|-formechange|p1a: Aegislash|Aegislash-Blade||[from] ability: Stance Change
|move|p1a: Aegislash|Flash Cannon|p2a: Dracozolt
|-resisted|p2a: Dracozolt
|-damage|p2a: Dracozolt|64/100
|
|upkeep
|turn|5
|
|-formechange|p1a: Aegislash|Aegislash||[from] ability: Stance Change
|move|p1a: Aegislash|King's Shield|p1a: Aegislash
|-singleturn|p1a: Aegislash|Protect
|move|p2a: Dracozolt|Earthquake|p1a: Aegislash
|-activate|p1a: Aegislash|move: Protect
|
|upkeep
|turn|6
|
|switch|p2a: Clefable|Clefable, F|93/100
|switch|p1a: Quagsire|Quagsire, F|100/100
|
|upkeep
|turn|7
|
|switch|p1a: Aegislash|Aegislash, M|100/100
|move|p2a: Clefable|Moonblast|p1a: Aegislash
|-resisted|p1a: Aegislash
|-damage|p1a: Aegislash|74/100
|-unboost|p1a: Aegislash|spa|1
|
|-heal|p1a: Aegislash|80/100|[from] item: Leftovers
|upkeep
|turn|8
|
|move|p2a: Clefable|Flamethrower|p1a: Aegislash
|-supereffective|p1a: Aegislash
|-damage|p1a: Aegislash|11/100
|-status|p1a: Aegislash|brn
|-formechange|p1a: Aegislash|Aegislash-Blade||[from] ability: Stance Change
|move|p1a: Aegislash|Flash Cannon|p2a: Clefable
|-supereffective|p2a: Clefable
|-damage|p2a: Clefable|20/100
|
|-heal|p1a: Aegislash|17/100 brn|[from] item: Leftovers
|-damage|p1a: Aegislash|11/100 brn|[from] brn
|upkeep
|turn|9
|
|move|p2a: Clefable|Moonlight|p2a: Clefable
|-heal|p2a: Clefable|70/100
|move|p1a: Aegislash|Flash Cannon|p2a: Clefable
|-supereffective|p2a: Clefable
|-damage|p2a: Clefable|0 fnt
|faint|p2a: Clefable
|
|-heal|p1a: Aegislash|17/100 brn|[from] item: Leftovers
|-damage|p1a: Aegislash|11/100 brn|[from] brn
|upkeep
|
|switch|p2a: Bisharp|Bisharp, M|100/100
|-item|p2a: Bisharp|Air Balloon
|turn|10
|
|-formechange|p1a: Aegislash|Aegislash||[from] ability: Stance Change
|move|p1a: Aegislash|King's Shield|p1a: Aegislash
|-singleturn|p1a: Aegislash|Protect
|move|p2a: Bisharp|Throat Chop|p1a: Aegislash
|-activate|p1a: Aegislash|move: Protect
|-unboost|p2a: Bisharp|atk|1
|-ability|p2a: Bisharp|Defiant
|-boost|p2a: Bisharp|atk|2
|
|-heal|p1a: Aegislash|17/100 brn|[from] item: Leftovers
|-damage|p1a: Aegislash|11/100 brn|[from] brn
|upkeep
|turn|11
|
|move|p2a: Bisharp|Throat Chop|p1a: Aegislash
|-supereffective|p1a: Aegislash
|-damage|p1a: Aegislash|0 fnt
|faint|p1a: Aegislash
|
|upkeep
|
|switch|p1a: Mandibuzz|Mandibuzz, F|67/100
|turn|12
|
|move|p2a: Bisharp|Iron Head|p1a: Mandibuzz
|-damage|p1a: Mandibuzz|14/100
|cant|p1a: Mandibuzz|flinch
|
|upkeep
|turn|13
|
|move|p2a: Bisharp|Iron Head|p1a: Mandibuzz
|-damage|p1a: Mandibuzz|0 fnt
|faint|p1a: Mandibuzz
|
|upkeep
|
|switch|p1a: Quagsire|Quagsire, F|100/100
|turn|14
|
|switch|p2a: Aegislash|Aegislash, F|100/100
|move|p1a: Quagsire|Scald|p2a: Aegislash
|-damage|p2a: Aegislash|84/100
|
|upkeep
|turn|15
|
|-formechange|p2a: Aegislash|Aegislash-Blade||[from] ability: Stance Change
|move|p2a: Aegislash|Close Combat|p1a: Quagsire
|-crit|p1a: Quagsire
|-damage|p1a: Quagsire|21/100
|-unboost|p2a: Aegislash|def|1
|-unboost|p2a: Aegislash|spd|1
|move|p1a: Quagsire|Earthquake|p2a: Aegislash
|-supereffective|p2a: Aegislash
|-damage|p2a: Aegislash|0 fnt
|faint|p2a: Aegislash
|
|-heal|p1a: Quagsire|28/100|[from] item: Leftovers
|upkeep
|
|switch|p2a: Bisharp|Bisharp, M|100/100
|-item|p2a: Bisharp|Air Balloon
|turn|16
|
|move|p2a: Bisharp|Throat Chop|p1a: Quagsire
|-damage|p1a: Quagsire|0 fnt
|faint|p1a: Quagsire
|
|upkeep
|
|switch|p1a: Corviknight|Corviknight, F|100/100
|turn|17
|
|switch|p2a: Dracozolt|Dracozolt|64/100
|switch|p1a: Dugtrio|Dugtrio, M|100/100
|
|upkeep
|turn|18
|
|move|p2a: Dracozolt|Earthquake|p1a: Dugtrio
|-enditem|p1a: Dugtrio|Focus Sash
|-damage|p1a: Dugtrio|1/100
|move|p1a: Dugtrio|Earthquake|p2a: Dracozolt
|-supereffective|p2a: Dracozolt
|-damage|p2a: Dracozolt|0 fnt
|faint|p2a: Dracozolt
|
|upkeep
|
|switch|p2a: Bisharp|Bisharp, M|100/100
|-item|p2a: Bisharp|Air Balloon
|turn|19
|
|switch|p1a: Corviknight|Corviknight, F|100/100
|move|p2a: Bisharp|Sucker Punch||[still]
|-fail|p2a: Bisharp
|
|upkeep
|turn|20
|
|move|p2a: Bisharp|Swords Dance|p2a: Bisharp
|-boost|p2a: Bisharp|atk|2
|move|p1a: Corviknight|Bulk Up|p1a: Corviknight
|-boost|p1a: Corviknight|atk|1
|-boost|p1a: Corviknight|def|1
|
|upkeep
|turn|21
|
|move|p2a: Bisharp|Swords Dance|p2a: Bisharp
|-boost|p2a: Bisharp|atk|2
|move|p1a: Corviknight|Bulk Up|p1a: Corviknight
|-boost|p1a: Corviknight|atk|1
|-boost|p1a: Corviknight|def|1
|
|upkeep
|turn|22
|
|move|p2a: Bisharp|Throat Chop|p1a: Corviknight
|-damage|p1a: Corviknight|43/100
|-start|p1a: Corviknight|Throat Chop|[silent]
|move|p1a: Corviknight|Bulk Up|p1a: Corviknight
|-boost|p1a: Corviknight|atk|1
|-boost|p1a: Corviknight|def|1
|
|-heal|p1a: Corviknight|49/100|[from] item: Leftovers
|upkeep
|turn|23
|
|move|p2a: Bisharp|Swords Dance|p2a: Bisharp
|-boost|p2a: Bisharp|atk|2
|move|p1a: Corviknight|Roost|p1a: Corviknight
|-heal|p1a: Corviknight|99/100
|-singleturn|p1a: Corviknight|move: Roost
|
|-heal|p1a: Corviknight|100/100|[from] item: Leftovers
|-end|p1a: Corviknight|Throat Chop|[silent]
|upkeep
|turn|24
|
|move|p2a: Bisharp|Throat Chop|p1a: Corviknight
|-damage|p1a: Corviknight|40/100
|-start|p1a: Corviknight|Throat Chop|[silent]
|move|p1a: Corviknight|Bulk Up|p1a: Corviknight
|-boost|p1a: Corviknight|atk|1
|-boost|p1a: Corviknight|def|1
|
|-heal|p1a: Corviknight|47/100|[from] item: Leftovers
|upkeep
|turn|25
|
|move|p2a: Bisharp|Throat Chop|p1a: Corviknight
|-damage|p1a: Corviknight|0 fnt
|faint|p1a: Corviknight
|
|upkeep
|
|switch|p1a: Dragapult|Dragapult, F|100/100
|turn|26
|
|move|p2a: Bisharp|Sucker Punch||[still]
|-fail|p2a: Bisharp
|move|p1a: Dragapult|Substitute|p1a: Dragapult
|-start|p1a: Dragapult|Substitute
|-damage|p1a: Dragapult|76/100
|
|-heal|p1a: Dragapult|82/100|[from] item: Leftovers
|upkeep
|turn|27
|
|move|p1a: Dragapult|Dragon Dance|p1a: Dragapult
|-boost|p1a: Dragapult|atk|1
|-boost|p1a: Dragapult|spe|1
|move|p2a: Bisharp|Throat Chop|p1a: Dragapult
|-supereffective|p1a: Dragapult
|-end|p1a: Dragapult|Substitute
|
|-heal|p1a: Dragapult|88/100|[from] item: Leftovers
|upkeep
|turn|28
|
|move|p2a: Bisharp|Sucker Punch||[still]
|-fail|p2a: Bisharp
|move|p1a: Dragapult|Substitute|p1a: Dragapult
|-start|p1a: Dragapult|Substitute
|-damage|p1a: Dragapult|63/100
|
|-heal|p1a: Dragapult|69/100|[from] item: Leftovers
|upkeep
|turn|29
|
|move|p1a: Dragapult|Phantom Force||[still]
|-prepare|p1a: Dragapult|Phantom Force|p2a: Bisharp
|move|p2a: Bisharp|Throat Chop|p1a: Dragapult|[miss]
|-miss|p2a: Bisharp|p1a: Dragapult
|
|-heal|p1a: Dragapult|75/100|[from] item: Leftovers
|upkeep
|turn|30
|
|move|p1a: Dragapult|Phantom Force|p2a: Bisharp|[from]lockedmove
|-resisted|p2a: Bisharp
|-damage|p2a: Bisharp|58/100
|-enditem|p2a: Bisharp|Air Balloon
|move|p2a: Bisharp|Throat Chop|p1a: Dragapult
|-supereffective|p1a: Dragapult
|-end|p1a: Dragapult|Substitute
|
|-heal|p1a: Dragapult|81/100|[from] item: Leftovers
|upkeep
|turn|31
|
|move|p1a: Dragapult|Substitute|p1a: Dragapult
|-start|p1a: Dragapult|Substitute
|-damage|p1a: Dragapult|56/100
|move|p2a: Bisharp|Throat Chop|p1a: Dragapult
|-supereffective|p1a: Dragapult
|-end|p1a: Dragapult|Substitute
|
|-heal|p1a: Dragapult|62/100|[from] item: Leftovers
|upkeep
|turn|32
|
|move|p1a: Dragapult|Substitute|p1a: Dragapult
|-start|p1a: Dragapult|Substitute
|-damage|p1a: Dragapult|37/100
|move|p2a: Bisharp|Throat Chop|p1a: Dragapult
|-supereffective|p1a: Dragapult
|-end|p1a: Dragapult|Substitute
|
|-heal|p1a: Dragapult|43/100|[from] item: Leftovers
|upkeep
|turn|33
|
|move|p2a: Bisharp|Sucker Punch|p1a: Dragapult
|-supereffective|p1a: Dragapult
|-damage|p1a: Dragapult|0 fnt
|faint|p1a: Dragapult
|
|upkeep
|
|switch|p1a: Dugtrio|Dugtrio, M|1/100
|turn|34
|
|move|p2a: Bisharp|Sucker Punch||[still]
|-fail|p2a: Bisharp
|move|p1a: Dugtrio|Stealth Rock|p2a: Bisharp
|-sidestart|p2: XHtishen|move: Stealth Rock
|
|upkeep
|turn|35
|
|move|p2a: Bisharp|Sucker Punch|p1a: Dugtrio
|-damage|p1a: Dugtrio|0 fnt
|faint|p1a: Dugtrio
|
|win|XHtishen
|l|☆Gen8Lover
|raw|Gen8Lover's rating: 1475 → 1454(-21 for losing)
|raw|XHtishen's rating: 1457 → 1478(+21 for winning)
