|ScrapeTime|2020-01-02-01:58:43
|j|☆battletime11
|j|☆Draco76
|player|p1|battletime11|1|1225
|player|p2|Draco76|153|1281
|teamsize|p1|6
|teamsize|p2|6
|gametype|singles
|gen|8
|tier|[Gen 8] OU
|rated|
|rule|Sleep Clause Mod: Limit one foe put to sleep
|rule|Species Clause: Limit one of each Pokémon
|rule|OHKO Clause: OHKO moves are banned
|rule|Evasion Moves Clause: Evasion moves are banned
|rule|Endless Battle Clause: Forcing endless battles is banned
|rule|HP Percentage Mod: HP is shown in percentages
|clearpoke
|poke|p1|Seismitoad, F|
|poke|p1|Pelipper, F|
|poke|p1|Dragapult, M|
|poke|p1|Excadrill, F|
|poke|p1|Rotom-Heat|
|poke|p1|Lucario, M|
|poke|p2|Cinderace, M|
|poke|p2|Corviknight, M|
|poke|p2|Grimmsnarl, M|
|poke|p2|Toxapex, M|
|poke|p2|Ferrothorn, F|
|poke|p2|Dragapult, M|
|rule|Dynamax Clause: You cannot dynamax
|teampreview
|inactive|Battle timer is ON: inactive players will automatically lose when time's up. (requested by Draco76)
|
|start
|switch|p1a: Rotom|Rotom-Heat|100/100
|switch|p2a: Dragapult|Dragapult, M|100/100
|turn|1
|
|move|p2a: Dragapult|Draco Meteor|p1a: Rotom
|-damage|p1a: Rotom|0 fnt
|-unboost|p2a: Dragapult|spa|2
|faint|p1a: Rotom
|
|upkeep
|
|switch|p1a: Excadrill|Excadrill, F|100/100
|-ability|p1a: Excadrill|Mold Breaker
|turn|2
|
|switch|p2a: Corviknight|Corviknight, M|100/100
|-ability|p2a: Corviknight|Pressure
|move|p1a: Excadrill|Swords Dance|p1a: Excadrill
|-boost|p1a: Excadrill|atk|2
|
|upkeep
|turn|3
|
|move|p1a: Excadrill|Iron Head|p2a: Corviknight
|-resisted|p2a: Corviknight
|-damage|p2a: Corviknight|65/100
|move|p2a: Corviknight|Bulk Up|p2a: Corviknight
|-boost|p2a: Corviknight|atk|1
|-boost|p2a: Corviknight|def|1
|
|-heal|p2a: Corviknight|71/100|[from] item: Leftovers
|upkeep
|turn|4
|
|move|p1a: Excadrill|Iron Head|p2a: Corviknight
|-resisted|p2a: Corviknight
|-damage|p2a: Corviknight|49/100
|move|p2a: Corviknight|Bulk Up|p2a: Corviknight
|-boost|p2a: Corviknight|atk|1
|-boost|p2a: Corviknight|def|1
|
|-heal|p2a: Corviknight|55/100|[from] item: Leftovers
|upkeep
|turn|5
|
|switch|p1a: Dragapult|Dragapult, M|100/100
|move|p2a: Corviknight|Bulk Up|p2a: Corviknight
|-boost|p2a: Corviknight|atk|1
|-boost|p2a: Corviknight|def|1
|
|-heal|p2a: Corviknight|61/100|[from] item: Leftovers
|upkeep
|turn|6
|
|switch|p2a: Dragapult|Dragapult, M|100/100
|move|p1a: Dragapult|Thunderbolt|p2a: Dragapult
|-resisted|p2a: Dragapult
|-damage|p2a: Dragapult|73/100
|-status|p2a: Dragapult|par
|
|upkeep
|turn|7
|
|switch|p1a: Pelipper|Pelipper, F|100/100
|-weather|RainDance|[from] ability: Drizzle|[of] p1a: Pelipper
|cant|p2a: Dragapult|par
|
|-weather|RainDance|[upkeep]
|upkeep
|turn|8
|
|switch|p2a: Toxapex|Toxapex, M|100/100
|move|p1a: Pelipper|Hurricane|p2a: Toxapex
|-damage|p2a: Toxapex|70/100
|-start|p2a: Toxapex|confusion
|
|-weather|RainDance|[upkeep]
|-heal|p2a: Toxapex|76/100|[from] item: Black Sludge
|upkeep
|turn|9
|inactive|battletime11 has 120 seconds left.
|
|move|p1a: Pelipper|Hurricane|p2a: Toxapex
|-damage|p2a: Toxapex|48/100
|-activate|p2a: Toxapex|confusion
|-damage|p2a: Toxapex|45/100|[from] confusion
|
|-weather|RainDance|[upkeep]
|-heal|p2a: Toxapex|51/100|[from] item: Black Sludge
|upkeep
|turn|10
|
|move|p1a: Pelipper|Hurricane|p2a: Toxapex
|-damage|p2a: Toxapex|22/100
|-activate|p2a: Toxapex|confusion
|-damage|p2a: Toxapex|19/100|[from] confusion
|
|-weather|RainDance|[upkeep]
|-heal|p2a: Toxapex|25/100|[from] item: Black Sludge
|upkeep
|turn|11
|
|switch|p2a: Ferrothorn|Ferrothorn, F|100/100
|move|p1a: Pelipper|Hurricane|p2a: Ferrothorn
|-damage|p2a: Ferrothorn|72/100
|
|-weather|none
|-heal|p2a: Ferrothorn|78/100|[from] item: Leftovers
|upkeep
|turn|12
|inactive|battletime11 has 120 seconds left.
|
|switch|p1a: Excadrill|Excadrill, F|100/100
|-ability|p1a: Excadrill|Mold Breaker
|move|p2a: Ferrothorn|Leech Seed|p1a: Excadrill
|-start|p1a: Excadrill|move: Leech Seed
|
|-heal|p2a: Ferrothorn|84/100|[from] item: Leftovers
|-damage|p1a: Excadrill|88/100|[from] Leech Seed|[of] p2a: Ferrothorn
|-heal|p2a: Ferrothorn|97/100|[silent]
|upkeep
|turn|13
|
|switch|p2a: Corviknight|Corviknight, M|61/100
|-ability|p2a: Corviknight|Pressure
|move|p1a: Excadrill|Rapid Spin|p2a: Corviknight
|-resisted|p2a: Corviknight
|-damage|p2a: Corviknight|54/100
|-end|p1a: Excadrill|Leech Seed|[from] move: Rapid Spin|[of] p1a: Excadrill
|-boost|p1a: Excadrill|spe|1
|
|-heal|p2a: Corviknight|60/100|[from] item: Leftovers
|upkeep
|turn|14
|
|switch|p1a: Dragapult|Dragapult, M|100/100
|move|p2a: Corviknight|Bulk Up|p2a: Corviknight
|-boost|p2a: Corviknight|atk|1
|-boost|p2a: Corviknight|def|1
|
|-heal|p2a: Corviknight|66/100|[from] item: Leftovers
|upkeep
|turn|15
|
|switch|p2a: Dragapult|Dragapult, M|73/100 par
|move|p1a: Dragapult|Shadow Ball|p2a: Dragapult
|-supereffective|p2a: Dragapult
|-damage|p2a: Dragapult|0 fnt
|faint|p2a: Dragapult
|
|upkeep
|
|switch|p2a: Grimmsnarl|Grimmsnarl, M|100/100
|turn|16
|
|switch|p1a: Lucario|Lucario, M|100/100
|switch|p2a: Toxapex|Toxapex, M|58/100
|
|-heal|p2a: Toxapex|64/100|[from] item: Black Sludge
|upkeep
|turn|17
|
|move|p1a: Lucario|Nasty Plot|p1a: Lucario
|-boost|p1a: Lucario|spa|2
|move|p2a: Toxapex|Scald|p1a: Lucario
|-damage|p1a: Lucario|73/100
|
|-heal|p1a: Lucario|79/100|[from] item: Leftovers
|-heal|p2a: Toxapex|71/100|[from] item: Black Sludge
|upkeep
|turn|18
|
|move|p1a: Lucario|Dark Pulse|p2a: Toxapex
|-damage|p2a: Toxapex|30/100
|move|p2a: Toxapex|Haze|p2a: Toxapex
|-clearallboost
|
|-heal|p1a: Lucario|85/100|[from] item: Leftovers
|-heal|p2a: Toxapex|37/100|[from] item: Black Sludge
|upkeep
|turn|19
|
|move|p1a: Lucario|Dark Pulse|p2a: Toxapex
|-damage|p2a: Toxapex|17/100
|move|p2a: Toxapex|Recover|p2a: Toxapex
|-heal|p2a: Toxapex|67/100
|
|-heal|p1a: Lucario|91/100|[from] item: Leftovers
|-heal|p2a: Toxapex|73/100|[from] item: Black Sludge
|upkeep
|turn|20
|
|switch|p1a: Dragapult|Dragapult, M|100/100
|move|p2a: Toxapex|Recover|p2a: Toxapex
|-heal|p2a: Toxapex|100/100
|
|upkeep
|turn|21
|
|switch|p2a: Ferrothorn|Ferrothorn, F|97/100
|move|p1a: Dragapult|Thunderbolt|p2a: Ferrothorn
|-resisted|p2a: Ferrothorn
|-damage|p2a: Ferrothorn|79/100
|
|-heal|p2a: Ferrothorn|85/100|[from] item: Leftovers
|upkeep
|turn|22
|
|switch|p1a: Excadrill|Excadrill, F|88/100
|-ability|p1a: Excadrill|Mold Breaker
|move|p2a: Ferrothorn|Leech Seed|p1a: Excadrill
|-start|p1a: Excadrill|move: Leech Seed
|
|-heal|p2a: Ferrothorn|91/100|[from] item: Leftovers
|-damage|p1a: Excadrill|76/100|[from] Leech Seed|[of] p2a: Ferrothorn
|-heal|p2a: Ferrothorn|100/100|[silent]
|upkeep
|turn|23
|
|switch|p2a: Cinderace|Cinderace, M|100/100
|move|p1a: Excadrill|Rapid Spin|p2a: Cinderace
|-damage|p2a: Cinderace|74/100
|-end|p1a: Excadrill|Leech Seed|[from] move: Rapid Spin|[of] p1a: Excadrill
|-boost|p1a: Excadrill|spe|1
|
|upkeep
|turn|24
|
|switch|p2a: Corviknight|Corviknight, M|66/100
|-ability|p2a: Corviknight|Pressure
|move|p1a: Excadrill|Earthquake|p2a: Corviknight
|-immune|p2a: Corviknight
|
|-heal|p2a: Corviknight|72/100|[from] item: Leftovers
|upkeep
|turn|25
|
|move|p1a: Excadrill|Iron Head|p2a: Corviknight
|-resisted|p2a: Corviknight
|-damage|p2a: Corviknight|56/100
|move|p2a: Corviknight|Bulk Up|p2a: Corviknight
|-boost|p2a: Corviknight|atk|1
|-boost|p2a: Corviknight|def|1
|
|-heal|p2a: Corviknight|62/100|[from] item: Leftovers
|upkeep
|turn|26
|
|switch|p1a: Seismitoad|Seismitoad, F|100/100
|move|p2a: Corviknight|Brave Bird|p1a: Seismitoad
|-damage|p1a: Seismitoad|55/100
|-damage|p2a: Corviknight|47/100|[from] Recoil
|
|-heal|p1a: Seismitoad|61/100|[from] item: Leftovers
|-heal|p2a: Corviknight|53/100|[from] item: Leftovers
|upkeep
|turn|27
|
|switch|p2a: Ferrothorn|Ferrothorn, F|100/100
|move|p1a: Seismitoad|Stealth Rock|p2a: Ferrothorn
|-sidestart|p2: Draco76|move: Stealth Rock
|
|-heal|p1a: Seismitoad|67/100|[from] item: Leftovers
|upkeep
|turn|28
|
|move|p1a: Seismitoad|Earth Power|p2a: Ferrothorn
|-damage|p2a: Ferrothorn|78/100
|move|p2a: Ferrothorn|Leech Seed|p1a: Seismitoad
|-start|p1a: Seismitoad|move: Leech Seed
|
|-heal|p1a: Seismitoad|73/100|[from] item: Leftovers
|-heal|p2a: Ferrothorn|84/100|[from] item: Leftovers
|-damage|p1a: Seismitoad|61/100|[from] Leech Seed|[of] p2a: Ferrothorn
|-heal|p2a: Ferrothorn|99/100|[silent]
|upkeep
|turn|29
|
|switch|p1a: Lucario|Lucario, M|91/100
|move|p2a: Ferrothorn|Gyro Ball|p1a: Lucario
|-resisted|p1a: Lucario
|-damage|p1a: Lucario|52/100
|
|-heal|p1a: Lucario|59/100|[from] item: Leftovers
|-heal|p2a: Ferrothorn|100/100|[from] item: Leftovers
|upkeep
|turn|30
|
|move|p1a: Lucario|Nasty Plot|p1a: Lucario
|-boost|p1a: Lucario|spa|2
|move|p2a: Ferrothorn|Leech Seed|p1a: Lucario
|-start|p1a: Lucario|move: Leech Seed
|
|-heal|p1a: Lucario|65/100|[from] item: Leftovers
|-damage|p1a: Lucario|52/100|[from] Leech Seed|[of] p2a: Ferrothorn
|upkeep
|turn|31
|
|switch|p2a: Toxapex|Toxapex, M|100/100
|-damage|p2a: Toxapex|88/100|[from] Stealth Rock
|move|p1a: Lucario|Aura Sphere|p2a: Toxapex
|-resisted|p2a: Toxapex
|-damage|p2a: Toxapex|59/100
|
|-heal|p1a: Lucario|58/100|[from] item: Leftovers
|-heal|p2a: Toxapex|65/100|[from] item: Black Sludge
|-damage|p1a: Lucario|46/100|[from] Leech Seed|[of] p2a: Toxapex
|-heal|p2a: Toxapex|77/100|[silent]
|upkeep
|turn|32
|
|move|p1a: Lucario|Steel Beam|p2a: Toxapex
|-resisted|p2a: Toxapex
|-damage|p2a: Toxapex|23/100
|-damage|p1a: Lucario|0 fnt|[from] mindblown
|faint|p1a: Lucario
|move|p2a: Toxapex|Haze|p2a: Toxapex
|-clearallboost
|
|-heal|p2a: Toxapex|29/100|[from] item: Black Sludge
|upkeep
|
|switch|p1a: Dragapult|Dragapult, M|100/100
|turn|33
|
|switch|p2a: Ferrothorn|Ferrothorn, F|100/100
|-damage|p2a: Ferrothorn|94/100|[from] Stealth Rock
|move|p1a: Dragapult|Shadow Ball|p2a: Ferrothorn
|-damage|p2a: Ferrothorn|51/100
|
|-heal|p2a: Ferrothorn|58/100|[from] item: Leftovers
|upkeep
|turn|34
|
|move|p2a: Ferrothorn|Protect|p2a: Ferrothorn
|-singleturn|p2a: Ferrothorn|Protect
|move|p1a: Dragapult|Shadow Ball|p2a: Ferrothorn
|-activate|p2a: Ferrothorn|move: Protect
|
|-heal|p2a: Ferrothorn|64/100|[from] item: Leftovers
|upkeep
|turn|35
|
|switch|p2a: Grimmsnarl|Grimmsnarl, M|100/100
|-damage|p2a: Grimmsnarl|88/100|[from] Stealth Rock
|move|p1a: Dragapult|Shadow Ball|p2a: Grimmsnarl
|-resisted|p2a: Grimmsnarl
|-damage|p2a: Grimmsnarl|67/100
|
|-heal|p2a: Grimmsnarl|73/100|[from] item: Leftovers
|upkeep
|turn|36
|
|switch|p1a: Pelipper|Pelipper, F|100/100
|-weather|RainDance|[from] ability: Drizzle|[of] p1a: Pelipper
|switch|p2a: Cinderace|Cinderace, M|74/100
|
|-weather|RainDance|[upkeep]
|upkeep
|turn|37
|
|move|p2a: Cinderace|U-turn|p1a: Pelipper
|-resisted|p1a: Pelipper
|-damage|p1a: Pelipper|89/100
|
|switch|p2a: Toxapex|Toxapex, M|63/100|[from]move: U-turn
|-damage|p2a: Toxapex|50/100|[from] Stealth Rock
|move|p1a: Pelipper|Hurricane|p2a: Toxapex
|-damage|p2a: Toxapex|21/100
|
|-weather|RainDance|[upkeep]
|-heal|p1a: Pelipper|96/100|[from] item: Leftovers
|-heal|p2a: Toxapex|27/100|[from] item: Black Sludge
|upkeep
|turn|38
|
|switch|p2a: Ferrothorn|Ferrothorn, F|64/100
|-damage|p2a: Ferrothorn|58/100|[from] Stealth Rock
|move|p1a: Pelipper|Hurricane|p2a: Ferrothorn
|-damage|p2a: Ferrothorn|29/100
|-start|p2a: Ferrothorn|confusion
|
|-weather|RainDance|[upkeep]
|-heal|p1a: Pelipper|100/100|[from] item: Leftovers
|-heal|p2a: Ferrothorn|35/100|[from] item: Leftovers
|upkeep
|turn|39
|
|-activate|p2a: Ferrothorn|confusion
|move|p2a: Ferrothorn|Protect|p2a: Ferrothorn
|-singleturn|p2a: Ferrothorn|Protect
|move|p1a: Pelipper|Hurricane|p2a: Ferrothorn
|-activate|p2a: Ferrothorn|move: Protect
|
|-weather|RainDance|[upkeep]
|-heal|p2a: Ferrothorn|42/100|[from] item: Leftovers
|upkeep
|turn|40
|
|move|p1a: Pelipper|Hurricane|p2a: Ferrothorn
|-damage|p2a: Ferrothorn|13/100
|-activate|p2a: Ferrothorn|confusion
|-damage|p2a: Ferrothorn|8/100|[from] confusion
|
|-weather|none
|-heal|p2a: Ferrothorn|14/100|[from] item: Leftovers
|upkeep
|turn|41
|
|switch|p2a: Grimmsnarl|Grimmsnarl, M|73/100
|-damage|p2a: Grimmsnarl|61/100|[from] Stealth Rock
|move|p1a: Pelipper|Hurricane|p2a: Grimmsnarl
|-damage|p2a: Grimmsnarl|35/100
|-start|p2a: Grimmsnarl|confusion
|
|-heal|p2a: Grimmsnarl|41/100|[from] item: Leftovers
|upkeep
|turn|42
|
|switch|p1a: Excadrill|Excadrill, F|76/100
|-ability|p1a: Excadrill|Mold Breaker
|-activate|p2a: Grimmsnarl|confusion
|move|p2a: Grimmsnarl|Bulk Up|p2a: Grimmsnarl
|-boost|p2a: Grimmsnarl|atk|1
|-boost|p2a: Grimmsnarl|def|1
|
|-heal|p2a: Grimmsnarl|47/100|[from] item: Leftovers
|upkeep
|turn|43
|
|switch|p2a: Corviknight|Corviknight, M|53/100
|-damage|p2a: Corviknight|41/100|[from] Stealth Rock
|-ability|p2a: Corviknight|Pressure
|move|p1a: Excadrill|Rapid Spin|p2a: Corviknight
|-resisted|p2a: Corviknight
|-crit|p2a: Corviknight
|-damage|p2a: Corviknight|29/100
|-boost|p1a: Excadrill|spe|1
|
|-heal|p2a: Corviknight|36/100|[from] item: Leftovers
|upkeep
|turn|44
|
|move|p1a: Excadrill|Swords Dance|p1a: Excadrill
|-boost|p1a: Excadrill|atk|2
|move|p2a: Corviknight|Roost|p2a: Corviknight
|-heal|p2a: Corviknight|86/100
|-singleturn|p2a: Corviknight|move: Roost
|
|-heal|p2a: Corviknight|92/100|[from] item: Leftovers
|upkeep
|turn|45
|
|move|p1a: Excadrill|Swords Dance|p1a: Excadrill
|-boost|p1a: Excadrill|atk|2
|move|p2a: Corviknight|Bulk Up|p2a: Corviknight
|-boost|p2a: Corviknight|atk|1
|-boost|p2a: Corviknight|def|1
|
|-heal|p2a: Corviknight|98/100|[from] item: Leftovers
|upkeep
|turn|46
|
|move|p1a: Excadrill|Iron Head|p2a: Corviknight
|-resisted|p2a: Corviknight
|-damage|p2a: Corviknight|64/100
|move|p2a: Corviknight|Bulk Up|p2a: Corviknight
|-boost|p2a: Corviknight|atk|1
|-boost|p2a: Corviknight|def|1
|
|-heal|p2a: Corviknight|70/100|[from] item: Leftovers
|upkeep
|turn|47
|
|move|p1a: Excadrill|Iron Head|p2a: Corviknight
|-resisted|p2a: Corviknight
|-damage|p2a: Corviknight|44/100
|cant|p2a: Corviknight|flinch
|
|-heal|p2a: Corviknight|50/100|[from] item: Leftovers
|upkeep
|turn|48
|
|move|p1a: Excadrill|Iron Head|p2a: Corviknight
|-resisted|p2a: Corviknight
|-damage|p2a: Corviknight|22/100
|move|p2a: Corviknight|Roost|p2a: Corviknight
|-heal|p2a: Corviknight|72/100
|-singleturn|p2a: Corviknight|move: Roost
|
|-heal|p2a: Corviknight|78/100|[from] item: Leftovers
|upkeep
|turn|49
|
|move|p1a: Excadrill|Iron Head|p2a: Corviknight
|-resisted|p2a: Corviknight
|-damage|p2a: Corviknight|51/100
|move|p2a: Corviknight|Bulk Up|p2a: Corviknight
|-boost|p2a: Corviknight|atk|1
|-boost|p2a: Corviknight|def|1
|
|-heal|p2a: Corviknight|57/100|[from] item: Leftovers
|upkeep
|turn|50
|
|move|p1a: Excadrill|Swords Dance|p1a: Excadrill
|-boost|p1a: Excadrill|atk|2
|move|p2a: Corviknight|Roost|p2a: Corviknight
|-heal|p2a: Corviknight|100/100
|-singleturn|p2a: Corviknight|move: Roost
|
|upkeep
|turn|51
|
|move|p1a: Excadrill|Iron Head|p2a: Corviknight
|-resisted|p2a: Corviknight
|-damage|p2a: Corviknight|72/100
|move|p2a: Corviknight|Bulk Up|p2a: Corviknight
|-boost|p2a: Corviknight|atk|1
|-boost|p2a: Corviknight|def|1
|
|-heal|p2a: Corviknight|78/100|[from] item: Leftovers
|upkeep
|turn|52
|
|move|p1a: Excadrill|Iron Head|p2a: Corviknight
|-resisted|p2a: Corviknight
|-damage|p2a: Corviknight|56/100
|cant|p2a: Corviknight|flinch
|
|-heal|p2a: Corviknight|62/100|[from] item: Leftovers
|upkeep
|turn|53
|
|move|p1a: Excadrill|Iron Head|p2a: Corviknight
|-resisted|p2a: Corviknight
|-damage|p2a: Corviknight|40/100
|move|p2a: Corviknight|Roost|p2a: Corviknight
|-heal|p2a: Corviknight|90/100
|-singleturn|p2a: Corviknight|move: Roost
|
|-heal|p2a: Corviknight|97/100|[from] item: Leftovers
|upkeep
|turn|54
|
|switch|p1a: Dragapult|Dragapult, M|100/100
|move|p2a: Corviknight|Bulk Up|p2a: Corviknight
|-boost|p2a: Corviknight|atk|1
|-boost|p2a: Corviknight|def|1
|
|-heal|p2a: Corviknight|100/100|[from] item: Leftovers
|upkeep
|turn|55
|
|move|p1a: Dragapult|Thunderbolt|p2a: Corviknight
|-supereffective|p2a: Corviknight
|-damage|p2a: Corviknight|47/100
|move|p2a: Corviknight|Roost|p2a: Corviknight
|-heal|p2a: Corviknight|97/100
|-singleturn|p2a: Corviknight|move: Roost
|
|-heal|p2a: Corviknight|100/100|[from] item: Leftovers
|upkeep
|turn|56
|
|move|p1a: Dragapult|Thunderbolt|p2a: Corviknight
|-supereffective|p2a: Corviknight
|-damage|p2a: Corviknight|51/100
|move|p2a: Corviknight|Brave Bird|p1a: Dragapult
|-damage|p1a: Dragapult|0 fnt
|-damage|p2a: Corviknight|25/100|[from] Recoil
|faint|p1a: Dragapult
|
|-heal|p2a: Corviknight|31/100|[from] item: Leftovers
|upkeep
|
|switch|p1a: Pelipper|Pelipper, F|100/100
|-weather|RainDance|[from] ability: Drizzle|[of] p1a: Pelipper
|turn|57
|
|move|p2a: Corviknight|Roost|p2a: Corviknight
|-heal|p2a: Corviknight|81/100
|-singleturn|p2a: Corviknight|move: Roost
|move|p1a: Pelipper|Hurricane|p2a: Corviknight
|-resisted|p2a: Corviknight
|-damage|p2a: Corviknight|69/100
|
|-weather|RainDance|[upkeep]
|-heal|p2a: Corviknight|75/100|[from] item: Leftovers
|upkeep
|turn|58
|
|move|p2a: Corviknight|Brave Bird|p1a: Pelipper
|-damage|p1a: Pelipper|0 fnt
|-damage|p2a: Corviknight|48/100|[from] Recoil
|faint|p1a: Pelipper
|
|-weather|RainDance|[upkeep]
|-heal|p2a: Corviknight|54/100|[from] item: Leftovers
|upkeep
|-message|battletime11 forfeited.
|
|win|Draco76
|l|☆battletime11
|raw|battletime11's rating: 1225 → 1204(-21 for losing)
|raw|Draco76's rating: 1281 → 1302(+21 for winning)
