|ScrapeTime|2020-01-03-01:39:01
|j|☆JulianKS
|j|‽jkbnhjhkh
|player|p1|JulianKS|acetrainerf-gen4|1234
|player|p2|jkbnhjhkh|1|1200
|teamsize|p1|6
|teamsize|p2|6
|gametype|singles
|gen|8
|tier|[Gen 8] OU
|rated|
|rule|Sleep Clause Mod: Limit one foe put to sleep
|rule|Species Clause: Limit one of each Pokémon
|rule|OHKO Clause: OHKO moves are banned
|rule|Evasion Moves Clause: Evasion moves are banned
|rule|Endless Battle Clause: Forcing endless battles is banned
|rule|HP Percentage Mod: HP is shown in percentages
|clearpoke
|poke|p1|Corsola-Galar, F|
|poke|p1|Cinderace, M|
|poke|p1|Ditto|
|poke|p1|Hatterene, F|
|poke|p1|Dracovish|
|poke|p1|Corviknight, F|
|poke|p2|Indeedee, M|
|poke|p2|Cinderace, F|
|poke|p2|Hawlucha, M|
|poke|p2|Ferrothorn, F|
|poke|p2|Dracozolt|
|poke|p2|Mandibuzz, F|
|rule|Dynamax Clause: You cannot dynamax
|teampreview
|inactive|Battle timer is ON: inactive players will automatically lose when time's up. (requested by JulianKS)
|
|start
|switch|p1a: Cinderace|Cinderace, M|100/100
|switch|p2a: Dracozolt|Dracozolt|100/100
|turn|1
|
|switch|p2a: Ferrothorn|Ferrothorn, F|100/100
|move|p1a: Cinderace|U-turn|p2a: Ferrothorn
|-damage|p2a: Ferrothorn|83/100
|-damage|p1a: Cinderace|88/100|[from] ability: Iron Barbs|[of] p2a: Ferrothorn
|-damage|p1a: Cinderace|78/100|[from] item: Life Orb
|
|switch|p1a: Ditto|Ditto, shiny|100/100|[from]move: U-turn
|-transform|p1a: Ditto|p2a: Ferrothorn|[from] ability: Imposter
|
|-heal|p2a: Ferrothorn|89/100|[from] item: Leftovers
|upkeep
|turn|2
|
|switch|p1a: Hatterene|Hatterene, F|100/100
|move|p2a: Ferrothorn|Stealth Rock|p1a: Hatterene
|move|p1a: Hatterene|Stealth Rock|p2a: Ferrothorn|[from]Magic Bounce
|-sidestart|p2: jkbnhjhkh|move: Stealth Rock
|
|-heal|p2a: Ferrothorn|95/100|[from] item: Leftovers
|upkeep
|turn|3
|
|switch|p2a: Dracozolt|Dracozolt|100/100
|-damage|p2a: Dracozolt|88/100|[from] Stealth Rock
|move|p1a: Hatterene|Mystical Fire|p2a: Dracozolt
|-resisted|p2a: Dracozolt
|-damage|p2a: Dracozolt|73/100
|-unboost|p2a: Dracozolt|spa|1
|
|upkeep
|turn|4
|
|switch|p1a: Corsola|Corsola-Galar, F, shiny|100/100
|move|p2a: Dracozolt|Bolt Beak|p1a: Corsola
|-damage|p1a: Corsola|18/100
|
|upkeep
|turn|5
|
|move|p2a: Dracozolt|Bolt Beak|p1a: Corsola
|-damage|p1a: Corsola|0 fnt
|-start|p2a: Dracozolt|Disable|Bolt Beak|[from] ability: Cursed Body|[of] p1a: Corsola
|faint|p1a: Corsola
|
|upkeep
|
|switch|p1a: Cinderace|Cinderace, M|78/100
|turn|6
|
|switch|p2a: Mandibuzz|Mandibuzz, F|100/100
|switch|p1a: Corviknight|Corviknight, F|100/100
|
|upkeep
|turn|7
|
|switch|p1a: Hatterene|Hatterene, F|100/100
|move|p2a: Mandibuzz|Defog|p1a: Hatterene
|move|p1a: Hatterene|Defog|p2a: Mandibuzz|[from]Magic Bounce
|-unboost|p2a: Mandibuzz|evasion|1
|-sideend|p2: jkbnhjhkh|Stealth Rock|[from] move: Defog|[of] p1a: Hatterene
|
|upkeep
|turn|8
|
|move|p2a: Mandibuzz|U-turn|p1a: Hatterene
|-damage|p1a: Hatterene|87/100
|
|switch|p2a: Cinderace|Cinderace, F|100/100|[from]move: U-turn
|move|p1a: Hatterene|Calm Mind|p1a: Hatterene
|-boost|p1a: Hatterene|spa|1
|-boost|p1a: Hatterene|spd|1
|
|-heal|p1a: Hatterene|93/100|[from] item: Leftovers
|upkeep
|turn|9
|
|switch|p1a: Dracovish|Dracovish|100/100
|move|p2a: Cinderace|U-turn|p1a: Dracovish
|-damage|p1a: Dracovish|63/100
|
|switch|p2a: Ferrothorn|Ferrothorn, F|95/100|[from]move: U-turn
|
|-heal|p2a: Ferrothorn|100/100|[from] item: Leftovers
|upkeep
|turn|10
|
|switch|p1a: Hatterene|Hatterene, F|93/100
|move|p2a: Ferrothorn|Gyro Ball|p1a: Hatterene
|-supereffective|p1a: Hatterene
|-damage|p1a: Hatterene|57/100
|
|-heal|p1a: Hatterene|63/100|[from] item: Leftovers
|upkeep
|turn|11
|
|switch|p2a: Cinderace|Cinderace, F|100/100
|move|p1a: Hatterene|Mystical Fire|p2a: Cinderace
|-resisted|p2a: Cinderace
|-damage|p2a: Cinderace|85/100
|-unboost|p2a: Cinderace|spa|1
|
|-heal|p1a: Hatterene|69/100|[from] item: Leftovers
|upkeep
|turn|12
|
|switch|p1a: Ditto|Ditto, shiny|100/100
|-transform|p1a: Ditto|p2a: Cinderace|[from] ability: Imposter
|move|p2a: Cinderace|Pyro Ball|p1a: Ditto
|-resisted|p1a: Ditto
|-damage|p1a: Ditto|39/100
|
|upkeep
|turn|13
|
|move|p1a: Ditto|Pyro Ball|p2a: Cinderace|[miss]
|-miss|p1a: Ditto|p2a: Cinderace
|move|p2a: Cinderace|Pyro Ball|p1a: Ditto
|-resisted|p1a: Ditto
|-damage|p1a: Ditto|0 fnt
|faint|p1a: Ditto
|
|upkeep
|
|switch|p1a: Dracovish|Dracovish|63/100
|turn|14
|
|switch|p1a: Hatterene|Hatterene, F|69/100
|switch|p2a: Ferrothorn|Ferrothorn, F|100/100
|
|-heal|p1a: Hatterene|75/100|[from] item: Leftovers
|upkeep
|turn|15
|
|switch|p1a: Cinderace|Cinderace, M|78/100
|switch|p2a: Mandibuzz|Mandibuzz, F|100/100
|
|upkeep
|turn|16
|
|move|p1a: Cinderace|Pyro Ball|p2a: Mandibuzz|[miss]
|-miss|p1a: Cinderace|p2a: Mandibuzz
|move|p2a: Mandibuzz|Foul Play|p1a: Cinderace
|-damage|p1a: Cinderace|14/100
|
|upkeep
|turn|17
|
|move|p1a: Cinderace|Pyro Ball|p2a: Mandibuzz
|-damage|p2a: Mandibuzz|32/100
|-damage|p1a: Cinderace|4/100|[from] item: Life Orb
|move|p2a: Mandibuzz|Foul Play|p1a: Cinderace
|-damage|p1a: Cinderace|0 fnt
|faint|p1a: Cinderace
|
|upkeep
|
|switch|p1a: Hatterene|Hatterene, F|75/100
|turn|18
|
|move|p2a: Mandibuzz|U-turn|p1a: Hatterene
|-damage|p1a: Hatterene|63/100
|
|switch|p2a: Cinderace|Cinderace, F|85/100|[from]move: U-turn
|move|p1a: Hatterene|Draining Kiss|p2a: Cinderace
|-resisted|p2a: Cinderace
|-damage|p2a: Cinderace|69/100
|-heal|p1a: Hatterene|74/100|[from] drain|[of] p2a: Cinderace
|
|-heal|p1a: Hatterene|80/100|[from] item: Leftovers
|upkeep
|turn|19
|
|move|p2a: Cinderace|Pyro Ball|p1a: Hatterene
|-damage|p1a: Hatterene|0 fnt
|faint|p1a: Hatterene
|
|upkeep
|
|switch|p1a: Dracovish|Dracovish|63/100
|turn|20
|
|switch|p2a: Ferrothorn|Ferrothorn, F|100/100
|move|p1a: Dracovish|Fishious Rend|p2a: Ferrothorn
|-resisted|p2a: Ferrothorn
|-damage|p2a: Ferrothorn|71/100
|-damage|p1a: Dracovish|51/100|[from] ability: Iron Barbs|[of] p2a: Ferrothorn
|
|-heal|p2a: Ferrothorn|77/100|[from] item: Leftovers
|upkeep
|turn|21
|c|☆JulianKS|gg
|
|switch|p2a: Dracozolt|Dracozolt|73/100
|move|p1a: Dracovish|Fishious Rend|p2a: Dracozolt
|-resisted|p2a: Dracozolt
|-damage|p2a: Dracozolt|12/100
|
|upkeep
|turn|22
|
|move|p2a: Dracozolt|Bolt Beak|p1a: Dracovish
|-damage|p1a: Dracovish|0 fnt
|faint|p1a: Dracovish
|
|upkeep
|
|switch|p1a: Corviknight|Corviknight, F|100/100
|turn|23
|
|move|p2a: Dracozolt|Bolt Beak|p1a: Corviknight
|-supereffective|p1a: Corviknight
|-damage|p1a: Corviknight|0 fnt
|-damage|p2a: Dracozolt|0 fnt|[from] item: Rocky Helmet|[of] p1a: Corviknight
|faint|p1a: Corviknight
|faint|p2a: Dracozolt
|
|win|jkbnhjhkh
|l|☆JulianKS
|raw|JulianKS's rating: 1234 → 1207(-27 for losing)
|raw|jkbnhjhkh's rating: 1200 → 1228(+28 for winning)
