|ScrapeTime|2020-01-02-23:18:21
|j|☆HanakoToast
|j|☆LilacOtter
|player|p1|HanakoToast|mina|1297
|player|p2|LilacOtter|2|1269
|teamsize|p1|6
|teamsize|p2|6
|gametype|singles
|gen|8
|tier|[Gen 8] OU
|rated|
|rule|Sleep Clause Mod: Limit one foe put to sleep
|rule|Species Clause: Limit one of each Pokémon
|rule|OHKO Clause: OHKO moves are banned
|rule|Evasion Moves Clause: Evasion moves are banned
|rule|Endless Battle Clause: Forcing endless battles is banned
|rule|HP Percentage Mod: HP is shown in percentages
|clearpoke
|poke|p1|Malamar, M|
|poke|p1|Whimsicott, F|
|poke|p1|Kirlia, M|
|poke|p1|Diggersby, M|
|poke|p1|Chandelure, M|
|poke|p1|Conkeldurr, M|
|poke|p2|Indeedee-F, F|
|poke|p2|Hawlucha, M|
|poke|p2|Rotom-Heat|
|poke|p2|Kommo-o, M|
|poke|p2|Corviknight, M|
|poke|p2|Gastrodon, M|
|rule|Dynamax Clause: You cannot dynamax
|teampreview
|j| Beeheyylmao
|j| Mekishikojin
|j| Aunty Draculina
|c| Beeheyylmao|first
|
|start
|switch|p1a: comfy|Whimsicott, F|100/100
|switch|p2a: Indeedee|Indeedee-F, F|100/100
|-fieldstart|move: Psychic Terrain|[from] ability: Psychic Surge|[of] p2a: Indeedee
|turn|1
|j| Zucchini
|j| imbleach
|
|move|p2a: Indeedee|Psychic|p1a: comfy
|-damage|p1a: comfy|22/100
|move|p1a: comfy|U-turn|p2a: Indeedee
|-supereffective|p2a: Indeedee
|-damage|p2a: Indeedee|62/100
|
|switch|p1a: squib|Malamar, M|100/100|[from]move: U-turn
|
|upkeep
|turn|2
|j| Ignis+Trueblade
|
|switch|p2a: Corviknight|Corviknight, M|100/100
|move|p1a: squib|Superpower|p2a: Corviknight
|-damage|p2a: Corviknight|73/100
|-boost|p1a: squib|atk|1
|-boost|p1a: squib|def|1
|
|-heal|p2a: Corviknight|80/100|[from] item: Leftovers
|upkeep
|turn|3
|
|move|p1a: squib|Superpower|p2a: Corviknight
|-damage|p2a: Corviknight|38/100
|-boost|p1a: squib|atk|1
|-boost|p1a: squib|def|1
|move|p2a: Corviknight|U-turn|p1a: squib
|-supereffective|p1a: squib
|-damage|p1a: squib|67/100
|j| blushyy⍣
|c|☆HanakoToast|muh
|j| Gutiger
|
|switch|p2a: Rotom|Rotom-Heat|100/100|[from]move: U-turn
|
|upkeep
|turn|4
|
|move|p2a: Rotom|Thunderbolt|p1a: squib
|-damage|p1a: squib|11/100
|move|p1a: squib|Rest|p1a: squib
|-status|p1a: squib|slp|[from] move: Rest
|-heal|p1a: squib|100/100 slp|[silent]
|-enditem|p1a: squib|Chesto Berry|[eat]
|-curestatus|p1a: squib|slp|[msg]
|
|upkeep
|turn|5
|
|move|p2a: Rotom|Thunderbolt|p1a: squib
|-damage|p1a: squib|46/100
|-status|p1a: squib|par
|move|p1a: squib|Psycho Cut|p2a: Rotom
|-damage|p2a: Rotom|0 fnt
|faint|p2a: Rotom
|
|-fieldend|move: Psychic Terrain
|upkeep
|c|☆HanakoToast|ssigh
|
|switch|p2a: Gastrodon|Gastrodon, M|100/100
|turn|6
|
|move|p1a: squib|Throat Chop|p2a: Gastrodon
|-damage|p2a: Gastrodon|26/100
|-start|p2a: Gastrodon|Throat Chop|[silent]
|move|p2a: Gastrodon|Earth Power|p1a: squib
|-damage|p1a: squib|0 fnt
|faint|p1a: squib
|
|upkeep
|c|☆HanakoToast|is this specs gastrodon
|
|switch|p1a: comfy|Whimsicott, F|22/100
|turn|7
|j| NaganadelIsTooBig!
|
|switch|p2a: Corviknight|Corviknight, M|38/100
|move|p1a: comfy|U-turn|p2a: Corviknight
|-resisted|p2a: Corviknight
|-damage|p2a: Corviknight|35/100
|c| Ignis+Trueblade|I mean
|
|switch|p1a: NI-|Diggersby, M|100/100|[from]move: U-turn
|
|-heal|p2a: Corviknight|42/100|[from] item: Leftovers
|upkeep
|turn|8
|c| Gutiger|gastrodon more like
|c| Ignis+Trueblade|92 SpAtk vs 75 Def
|c| Gutiger|bad
|
|move|p1a: NI-|Fire Punch|p2a: Corviknight
|-supereffective|p2a: Corviknight
|-damage|p2a: Corviknight|0 fnt
|-damage|p1a: NI-|91/100|[from] item: Life Orb
|faint|p2a: Corviknight
|
|upkeep
|
|switch|p2a: Kommo-o|Kommo-o, M|100/100
|turn|9
|
|switch|p1a: hanko|Chandelure, M|100/100
|move|p2a: Kommo-o|Clangorous Soul|p2a: Kommo-o
|-boost|p2a: Kommo-o|atk|1
|-boost|p2a: Kommo-o|def|1
|-boost|p2a: Kommo-o|spa|1
|-boost|p2a: Kommo-o|spd|1
|-boost|p2a: Kommo-o|spe|1
|-damage|p2a: Kommo-o|67/100
|-enditem|p2a: Kommo-o|Throat Spray
|-boost|p2a: Kommo-o|spa|1
|
|upkeep
|turn|10
|
|move|p2a: Kommo-o|Clanging Scales|p1a: hanko
|-damage|p1a: hanko|0 fnt
|-unboost|p2a: Kommo-o|def|1
|faint|p1a: hanko
|
|upkeep
|
|switch|p1a: LALIHO|Kirlia, M|100/100
|-ability|p1a: LALIHO|Bulletproof|[from] ability: Trace|[of] p2a: Kommo-o
|turn|11
|
|switch|p2a: Indeedee|Indeedee-F, F|62/100
|-fieldstart|move: Psychic Terrain|[from] ability: Psychic Surge|[of] p2a: Indeedee
|move|p1a: LALIHO|Dazzling Gleam|p2a: Indeedee
|-damage|p2a: Indeedee|31/100
|
|upkeep
|turn|12
|c| Aunty Draculina|taptaptaptaptaptapt
|
|move|p2a: Indeedee|Healing Wish|p2a: Indeedee
|faint|p2a: Indeedee
|move|p1a: LALIHO|Knock Off|p2: Indeedee|[notarget]
|-fail|p1a: LALIHO
|
|upkeep
|c| blushyy⍣|oh
|
|switch|p2a: Gastrodon|Gastrodon, M|26/100
|-heal|p2a: Gastrodon|100/100|[from] move: Healing Wish
|turn|13
|
|switch|p2a: Hawlucha|Hawlucha, M|100/100
|-enditem|p2a: Hawlucha|Psychic Seed
|-boost|p2a: Hawlucha|spd|1
|move|p1a: LALIHO|Teleport|p1a: LALIHO
|c| Ignis+Trueblade|Technical donnel here
|c| Ignis+Trueblade|>:3
|
|switch|p1a: comfy|Whimsicott, F|22/100|[from]move: Teleport
|
|upkeep
|turn|14
|
|move|p1a: comfy|Switcheroo|p2a: Hawlucha
|-activate|p1a: comfy|move: Trick|[of] p2a: Hawlucha
|-item|p2a: Hawlucha|Choice Specs|[from] move: Switcheroo
|-enditem|p1a: comfy|Choice Specs|[silent]|[from] move: Switcheroo
|move|p2a: Hawlucha|Brave Bird|p1a: comfy
|-supereffective|p1a: comfy
|-damage|p1a: comfy|0 fnt
|-damage|p2a: Hawlucha|94/100|[from] Recoil
|faint|p1a: comfy
|
|upkeep
|
|switch|p1a: LALIHO|Kirlia, M|100/100
|-ability|p1a: LALIHO|Unburden|[from] ability: Trace|[of] p2a: Hawlucha
|turn|15
|j| Zucchiking
|
|move|p2a: Hawlucha|Brave Bird|p1a: LALIHO
|-damage|p1a: LALIHO|0 fnt
|-damage|p2a: Hawlucha|63/100|[from] Recoil
|faint|p1a: LALIHO
|
|-fieldend|move: Psychic Terrain
|upkeep
|j| Slightly Hetero
|c| Zucchiking|so brave
|
|switch|p1a: NI-|Diggersby, M|91/100
|turn|16
|c| Slightly Hetero|time to set myself on fire, aw hell yeah!!
|
|move|p2a: Hawlucha|Brave Bird|p1a: NI-
|-damage|p1a: NI-|15/100
|-damage|p2a: Hawlucha|37/100|[from] Recoil
|move|p1a: NI-|Fire Punch|p2a: Hawlucha
|-damage|p2a: Hawlucha|0 fnt
|-damage|p1a: NI-|5/100|[from] item: Life Orb
|faint|p2a: Hawlucha
|
|upkeep
|l| Gutiger
|
|switch|p2a: Kommo-o|Kommo-o, M|67/100
|turn|17
|
|move|p2a: Kommo-o|Clanging Scales|p1a: NI-
|-damage|p1a: NI-|0 fnt
|-unboost|p2a: Kommo-o|def|1
|faint|p1a: NI-
|
|upkeep
|
|switch|p1a: AWAY WITH YOU|Conkeldurr, M|100/100
|turn|18
|
|move|p2a: Kommo-o|Clanging Scales|p1a: AWAY WITH YOU
|-damage|p1a: AWAY WITH YOU|35/100
|-unboost|p2a: Kommo-o|def|1
|move|p1a: AWAY WITH YOU|Drain Punch|p2a: Kommo-o
|-damage|p2a: Kommo-o|0 fnt
|-heal|p1a: AWAY WITH YOU|61/100|[from] drain|[of] p2a: Kommo-o
|faint|p2a: Kommo-o
|
|-status|p1a: AWAY WITH YOU|brn|[from] item: Flame Orb
|upkeep
|
|switch|p2a: Gastrodon|Gastrodon, M|100/100
|turn|19
|
|move|p1a: AWAY WITH YOU|Drain Punch|p2a: Gastrodon
|-damage|p2a: Gastrodon|26/100
|-heal|p1a: AWAY WITH YOU|100/100 brn|[from] drain|[of] p2a: Gastrodon
|move|p2a: Gastrodon|Earth Power|p1a: AWAY WITH YOU
|-damage|p1a: AWAY WITH YOU|51/100 brn
|
|-damage|p1a: AWAY WITH YOU|45/100 brn|[from] brn
|upkeep
|turn|20
|c|☆HanakoToast|CONK
|-message|LilacOtter forfeited.
|
|win|HanakoToast
|c|☆HanakoToast|BONK
|l|☆LilacOtter
|j| Gutiger
|c|☆HanakoToast|https://play.pokemonshowdown.com/battle-gen8ou-1039801160
|l| Ignis+Trueblade
|l|☆HanakoToast
|l| blushyy⍣
|l| Zucchiking
|l| Aunty Draculina
|raw|HanakoToast's rating: 1322 → 1340(+18 for winning)
|raw|LilacOtter's rating: 1295 → 1272(-23 for losing)
