|ScrapeTime|2020-01-01-18:38:36
|j|☆Trikephalon
|j|☆1% pure evil
|player|p1|Trikephalon|257|1725
|player|p2|1% pure evil|anabel|1702
|teamsize|p1|6
|teamsize|p2|6
|gametype|singles
|gen|8
|tier|[Gen 8] OU
|rated|
|rule|Sleep Clause Mod: Limit one foe put to sleep
|rule|Species Clause: Limit one of each Pokémon
|rule|OHKO Clause: OHKO moves are banned
|rule|Evasion Moves Clause: Evasion moves are banned
|rule|Endless Battle Clause: Forcing endless battles is banned
|rule|HP Percentage Mod: HP is shown in percentages
|clearpoke
|poke|p1|Kommo-o, M|
|poke|p1|Seismitoad, F|
|poke|p1|Ferrothorn, M|
|poke|p1|Cinderace, M|
|poke|p1|Hawlucha, M|
|poke|p1|Indeedee-F, F|
|poke|p2|Dragapult, F|
|poke|p2|Vaporeon, F|
|poke|p2|Heliolisk, F|
|poke|p2|Dugtrio, M|
|poke|p2|Togekiss, F|
|poke|p2|Corviknight, M|
|rule|Dynamax Clause: You cannot dynamax
|teampreview
|j| Machamp Fan 420 69
|inactive|Battle timer is ON: inactive players will automatically lose when time's up. (requested by Trikephalon)
|
|start
|switch|p1a: Frog n Roll|Seismitoad, F|100/100
|switch|p2a: Heliolisk|Heliolisk, F|100/100
|turn|1
|
|move|p2a: Heliolisk|Substitute|p2a: Heliolisk
|-start|p2a: Heliolisk|Substitute
|-damage|p2a: Heliolisk|76/100
|move|p1a: Frog n Roll|Stealth Rock|p2a: Heliolisk
|-sidestart|p2: 1% pure evil|move: Stealth Rock
|
|-heal|p2a: Heliolisk|82/100|[from] item: Leftovers
|upkeep
|turn|2
|
|move|p2a: Heliolisk|Glare|p1a: Frog n Roll
|-status|p1a: Frog n Roll|par
|cant|p1a: Frog n Roll|par
|
|-heal|p2a: Heliolisk|88/100|[from] item: Leftovers
|upkeep
|turn|3
|
|move|p2a: Heliolisk|Grass Knot|p1a: Frog n Roll
|-supereffective|p1a: Frog n Roll
|-damage|p1a: Frog n Roll|0 fnt
|faint|p1a: Frog n Roll
|
|-heal|p2a: Heliolisk|94/100|[from] item: Leftovers
|upkeep
|inactive|Trikephalon has 120 seconds left.
|
|switch|p1a: Asterix|Cinderace, M|100/100
|turn|4
|
|move|p1a: Asterix|U-turn|p2a: Heliolisk
|-end|p2a: Heliolisk|Substitute
|-damage|p1a: Asterix|91/100|[from] item: Life Orb
|j|‽MegaStarUniverse
|
|switch|p1a: New Koko|Indeedee-F, F|100/100|[from]move: U-turn
|-fieldstart|move: Psychic Terrain|[from] ability: Psychic Surge|[of] p1a: New Koko
|move|p2a: Heliolisk|Glare|p1a: New Koko
|-status|p1a: New Koko|par
|
|-heal|p2a: Heliolisk|99/100|[from] item: Leftovers
|upkeep
|turn|5
|j| ArkanisPK
|
|move|p2a: Heliolisk|Substitute|p2a: Heliolisk
|-start|p2a: Heliolisk|Substitute
|-damage|p2a: Heliolisk|75/100
|cant|p1a: New Koko|par
|
|-heal|p2a: Heliolisk|81/100|[from] item: Leftovers
|upkeep
|turn|6
|
|move|p2a: Heliolisk|Parabolic Charge|p1a: New Koko
|-damage|p1a: New Koko|72/100 par
|-heal|p2a: Heliolisk|99/100|[from] drain|[of] p1a: New Koko
|move|p1a: New Koko|Psychic|p2a: Heliolisk
|-end|p2a: Heliolisk|Substitute
|
|-heal|p2a: Heliolisk|100/100|[from] item: Leftovers
|upkeep
|turn|7
|l|‽MegaStarUniverse
|
|move|p2a: Heliolisk|Substitute|p2a: Heliolisk
|-start|p2a: Heliolisk|Substitute
|-damage|p2a: Heliolisk|76/100
|cant|p1a: New Koko|par
|
|-heal|p2a: Heliolisk|82/100|[from] item: Leftovers
|upkeep
|turn|8
|c|☆1% pure evil|X)
|
|move|p2a: Heliolisk|Parabolic Charge|p1a: New Koko
|-damage|p1a: New Koko|42/100 par
|-heal|p2a: Heliolisk|100/100|[from] drain|[of] p1a: New Koko
|move|p1a: New Koko|Light Screen|p1a: New Koko
|-sidestart|p1: Trikephalon|move: Light Screen
|
|-fieldend|move: Psychic Terrain
|upkeep
|turn|9
|
|switch|p1a: Hit me one more ti|Ferrothorn, M, shiny|100/100
|move|p2a: Heliolisk|Parabolic Charge|p1a: Hit me one more ti
|-resisted|p1a: Hit me one more ti
|-damage|p1a: Hit me one more ti|96/100
|
|-heal|p1a: Hit me one more ti|100/100|[from] item: Leftovers
|upkeep
|turn|10
|
|move|p2a: Heliolisk|Glare|p1a: Hit me one more ti
|-status|p1a: Hit me one more ti|par
|move|p1a: Hit me one more ti|Power Whip|p2a: Heliolisk|[miss]
|-miss|p1a: Hit me one more ti|p2a: Heliolisk
|
|upkeep
|turn|11
|j| Porygon-Z's minion
|inactive|1% pure evil has 120 seconds left.
|l| Porygon-Z's minion
|j| soral_a_raison
|
|switch|p2a: cant really care|Dragapult, F|100/100
|-damage|p2a: cant really care|88/100|[from] Stealth Rock
|move|p1a: Hit me one more ti|Power Whip|p2a: cant really care
|-resisted|p2a: cant really care
|-damage|p2a: cant really care|63/100
|
|-heal|p2a: cant really care|69/100|[from] item: Leftovers
|upkeep
|turn|12
|
|move|p2a: cant really care|Substitute|p2a: cant really care
|-start|p2a: cant really care|Substitute
|-damage|p2a: cant really care|44/100
|move|p1a: Hit me one more ti|Leech Seed||[still]
|-fail|p1a: Hit me one more ti
|
|-heal|p2a: cant really care|50/100|[from] item: Leftovers
|upkeep
|turn|13
|l| soral_a_raison
|inactive|1% pure evil has 120 seconds left.
|j| berunkasuteru ☭
|
|switch|p1a: New Koko|Indeedee-F, F|42/100 par
|-fieldstart|move: Psychic Terrain|[from] ability: Psychic Surge|[of] p1a: New Koko
|move|p2a: cant really care|Hex|p1a: New Koko
|-immune|p1a: New Koko
|
|-heal|p2a: cant really care|57/100|[from] item: Leftovers
|upkeep
|turn|14
|inactive|1% pure evil has 120 seconds left.
|
|move|p2a: cant really care|Hex|p1a: New Koko
|-immune|p1a: New Koko
|move|p1a: New Koko|Psychic|p2a: cant really care
|-end|p2a: cant really care|Substitute
|
|-heal|p2a: cant really care|63/100|[from] item: Leftovers
|upkeep
|turn|15
|inactive|1% pure evil has 120 seconds left.
|j|‽MegaStarUniverse
|
|switch|p2a: coward|Vaporeon, F|100/100
|-damage|p2a: coward|88/100|[from] Stealth Rock
|move|p1a: New Koko|Reflect|p1a: New Koko
|-sidestart|p1: Trikephalon|Reflect
|
|-heal|p2a: coward|94/100|[from] item: Leftovers
|-sideend|p1: Trikephalon|move: Light Screen
|upkeep
|turn|16
|
|switch|p1a: Hit me one more ti|Ferrothorn, M, shiny|100/100 par
|move|p2a: coward|Wish|p2a: coward
|
|-heal|p2a: coward|100/100|[from] item: Leftovers
|upkeep
|turn|17
|inactive|1% pure evil has 120 seconds left.
|inactive|1% pure evil has 90 seconds left.
|
|switch|p2a: cant really care|Dragapult, F|63/100
|-damage|p2a: cant really care|50/100|[from] Stealth Rock
|move|p1a: Hit me one more ti|Leech Seed|p2a: cant really care
|-start|p2a: cant really care|move: Leech Seed
|
|-heal|p2a: cant really care|100/100|[from] move: Wish|[wisher] coward
|-damage|p2a: cant really care|88/100|[from] Leech Seed|[of] p1a: Hit me one more ti
|-fieldend|move: Psychic Terrain
|upkeep
|turn|18
|l| Machamp Fan 420 69
|
|switch|p2a: JOHN CENA|Corviknight, M|100/100
|-damage|p2a: JOHN CENA|88/100|[from] Stealth Rock
|-ability|p2a: JOHN CENA|Pressure
|cant|p1a: Hit me one more ti|par
|
|upkeep
|turn|19
|inactive|1% pure evil has 90 seconds left.
|
|switch|p1a: Asterix|Cinderace, M|91/100
|move|p2a: JOHN CENA|Defog|p1a: Asterix
|-unboost|p1a: Asterix|evasion|1
|-sideend|p1: Trikephalon|Reflect
|-sideend|p2: 1% pure evil|Stealth Rock|[from] move: Defog|[of] p2a: JOHN CENA
|
|upkeep
|turn|20
|c|☆1% pure evil|:>
|inactive|1% pure evil has 90 seconds left.
|j| ILoveKehlani
|c|☆1% pure evil|oh hey msu! we can talk in discord
|inactive|Trikephalon has 120 seconds left.
|
|switch|p2a: coward|Vaporeon, F|100/100
|move|p1a: Asterix|U-turn|p2a: coward
|-damage|p2a: coward|80/100
|-damage|p1a: Asterix|81/100|[from] item: Life Orb
|
|switch|p1a: Qezalcoatl|Kommo-o, M, shiny|100/100|[from]move: U-turn
|
|-heal|p2a: coward|86/100|[from] item: Leftovers
|upkeep
|turn|21
|inactive|1% pure evil has 90 seconds left.
|inactive|Trikephalon has 90 seconds left.
|inactive|1% pure evil has 60 seconds left.
|
|move|p1a: Qezalcoatl|Clangorous Soul|p1a: Qezalcoatl
|-boost|p1a: Qezalcoatl|atk|1
|-boost|p1a: Qezalcoatl|def|1
|-boost|p1a: Qezalcoatl|spa|1
|-boost|p1a: Qezalcoatl|spd|1
|-boost|p1a: Qezalcoatl|spe|1
|-damage|p1a: Qezalcoatl|67/100
|-enditem|p1a: Qezalcoatl|Throat Spray
|-boost|p1a: Qezalcoatl|spa|1
|move|p2a: coward|Haze|p2a: coward
|-clearallboost
|
|-heal|p2a: coward|93/100|[from] item: Leftovers
|upkeep
|turn|22
|inactive|Trikephalon has 90 seconds left.
|c|☆1% pure evil|:>
|inactive|1% pure evil has 60 seconds left.
|c|☆Trikephalon|Gg
|
|switch|p1a: Hit me one more ti|Ferrothorn, M, shiny|100/100 par
|move|p2a: coward|Scald|p1a: Hit me one more ti
|-resisted|p1a: Hit me one more ti
|-damage|p1a: Hit me one more ti|90/100 par
|
|-heal|p2a: coward|99/100|[from] item: Leftovers
|-heal|p1a: Hit me one more ti|97/100 par|[from] item: Leftovers
|upkeep
|turn|23
|c|☆1% pure evil|GG!
|inactive|1% pure evil has 60 seconds left.
|
|switch|p2a: JOHN CENA|Corviknight, M|88/100
|-ability|p2a: JOHN CENA|Pressure
|move|p1a: Hit me one more ti|Leech Seed|p2a: JOHN CENA
|-start|p2a: JOHN CENA|move: Leech Seed
|
|-heal|p1a: Hit me one more ti|100/100 par|[from] item: Leftovers
|-damage|p2a: JOHN CENA|75/100|[from] Leech Seed|[of] p1a: Hit me one more ti
|upkeep
|turn|24
|inactive|Trikephalon has 90 seconds left.
|
|switch|p2a: dugtriox3|Dugtrio, M|100/100
|switch|p1a: Asterix|Cinderace, M|81/100
|
|upkeep
|turn|25
|inactive|1% pure evil has 60 seconds left.
|c|☆1% pure evil|hehe
|j| kelvintrainer28
|c|☆Trikephalon|Its fine
|c|☆1% pure evil|ya know what
|c|☆Trikephalon|Does not change anything but wp
|c|☆1% pure evil|im feeling generous
|inactive|1% pure evil has 30 seconds left.
|c|☆1% pure evil|have ur bunny
|c|☆1% pure evil|:)
|
|switch|p2a: coward|Vaporeon, F|99/100
|move|p1a: Asterix|Sucker Punch||[still]
|-fail|p1a: Asterix
|
|-heal|p2a: coward|100/100|[from] item: Leftovers
|upkeep
|turn|26
|j| I Could Be High
|inactive|1% pure evil has 30 seconds left.
|c|☆Trikephalon|As you want
|
|move|p1a: Asterix|U-turn|p2a: coward
|-damage|p2a: coward|80/100
|-damage|p1a: Asterix|71/100|[from] item: Life Orb
|inactive|1% pure evil has 30 seconds left this turn.
|
|switch|p1a: Hit me one more ti|Ferrothorn, M, shiny|100/100 par|[from]move: U-turn
|move|p2a: coward|Scald|p1a: Hit me one more ti
|-resisted|p1a: Hit me one more ti
|-damage|p1a: Hit me one more ti|91/100 par
|
|-heal|p2a: coward|86/100|[from] item: Leftovers
|-heal|p1a: Hit me one more ti|98/100 par|[from] item: Leftovers
|upkeep
|turn|27
|
|switch|p2a: JOHN CENA|Corviknight, M|75/100
|-ability|p2a: JOHN CENA|Pressure
|cant|p1a: Hit me one more ti|par
|
|-heal|p1a: Hit me one more ti|100/100 par|[from] item: Leftovers
|upkeep
|turn|28
|l| I Could Be High
|c|☆Trikephalon|Ferro is not that lucky wyth para
|inactive|Trikephalon has 120 seconds left.
|
|move|p2a: JOHN CENA|Bulk Up|p2a: JOHN CENA
|-boost|p2a: JOHN CENA|atk|1
|-boost|p2a: JOHN CENA|def|1
|move|p1a: Hit me one more ti|Leech Seed|p2a: JOHN CENA
|-start|p2a: JOHN CENA|move: Leech Seed
|
|-damage|p2a: JOHN CENA|63/100|[from] Leech Seed|[of] p1a: Hit me one more ti
|upkeep
|turn|29
|inactive|Trikephalon has 120 seconds left.
|inactive|1% pure evil has 30 seconds left.
|j| ornithorynk3
|
|switch|p2a: cant really care|Dragapult, F|88/100
|move|p1a: Hit me one more ti|Protect||[still]
|-fail|p1a: Hit me one more ti
|
|-heal|p2a: cant really care|94/100|[from] item: Leftovers
|upkeep
|turn|30
|
|switch|p2a: dugtriox3|Dugtrio, M|100/100
|switch|p1a: New Koko|Indeedee-F, F|42/100 par
|-fieldstart|move: Psychic Terrain|[from] ability: Psychic Surge|[of] p1a: New Koko
|
|upkeep
|turn|31
|l| ornithorynk3
|inactive|1% pure evil has 30 seconds left.
|inactive|1% pure evil has 20 seconds left.
|inactive|1% pure evil has 15 seconds left.
|inactive|1% pure evil has 10 seconds left.
|
|switch|p2a: kiss my toe|Togekiss, F|100/100
|move|p1a: New Koko|Reflect|p1a: New Koko
|-sidestart|p1: Trikephalon|Reflect
|
|upkeep
|turn|32
|inactive|1% pure evil has 20 seconds left this turn.
|
|switch|p1a: Hit me one more ti|Ferrothorn, M, shiny|100/100 par
|move|p2a: kiss my toe|Nasty Plot|p2a: kiss my toe
|-boost|p2a: kiss my toe|spa|2
|
|upkeep
|turn|33
|inactive|1% pure evil has 30 seconds left this turn.
|
|move|p2a: kiss my toe|Flamethrower|p1a: Hit me one more ti
|-supereffective|p1a: Hit me one more ti
|-damage|p1a: Hit me one more ti|0 fnt
|faint|p1a: Hit me one more ti
|
|upkeep
|
|switch|p1a: Asterix|Cinderace, M|71/100
|turn|34
|inactive|1% pure evil has 30 seconds left.
|
|switch|p2a: coward|Vaporeon, F|86/100
|move|p1a: Asterix|Pyro Ball|p2a: coward
|-resisted|p2a: coward
|-damage|p2a: coward|57/100
|-damage|p1a: Asterix|61/100|[from] item: Life Orb
|
|-heal|p2a: coward|63/100|[from] item: Leftovers
|-fieldend|move: Psychic Terrain
|upkeep
|turn|35
|
|move|p1a: Asterix|U-turn|p2a: coward
|-damage|p2a: coward|41/100
|-damage|p1a: Asterix|51/100|[from] item: Life Orb
|
|switch|p1a: Qezalcoatl|Kommo-o, M, shiny|67/100|[from]move: U-turn
|move|p2a: coward|Wish|p2a: coward
|
|-heal|p2a: coward|47/100|[from] item: Leftovers
|upkeep
|turn|36
|c|☆1% pure evil|with no ferro idt u have any options unless ur sub kommo
|j| gabros2002
|l| gabros2002
|c|☆Trikephalon|We will see
|inactive|1% pure evil has 30 seconds left.
|
|move|p1a: Qezalcoatl|Clanging Scales|p2a: coward
|-damage|p2a: coward|11/100
|-unboost|p1a: Qezalcoatl|def|1
|move|p2a: coward|Haze|p2a: coward
|-clearallboost
|
|-heal|p2a: coward|61/100|[from] move: Wish|[wisher] coward
|-heal|p2a: coward|67/100|[from] item: Leftovers
|upkeep
|turn|37
|j| chinchiliconcarne
|inactive|1% pure evil has 30 seconds left.
|c|☆1% pure evil|oopw
|c|☆1% pure evil|thatw not fum
|inactive|1% pure evil has 20 seconds left.
|
|switch|p1a: New Koko|Indeedee-F, F|42/100 par
|-fieldstart|move: Psychic Terrain|[from] ability: Psychic Surge|[of] p1a: New Koko
|move|p2a: coward|Wish|p2a: coward
|
|-heal|p2a: coward|73/100|[from] item: Leftovers
|upkeep
|turn|38
|inactive|1% pure evil has 30 seconds left this turn.
|l| ArkanisPK
|inactive|1% pure evil has 20 seconds left.
|inactive|1% pure evil has 15 seconds left.
|
|move|p2a: coward|Scald|p1a: New Koko
|-damage|p1a: New Koko|15/100 par
|cant|p1a: New Koko|par
|
|-heal|p2a: coward|100/100|[from] move: Wish|[wisher] coward
|-sideend|p1: Trikephalon|Reflect
|upkeep
|turn|39
|inactive|1% pure evil has 25 seconds left this turn.
|inactive|1% pure evil has 20 seconds left.
|c|☆Trikephalon|Now its over
|inactive|1% pure evil has 15 seconds left.
|inactive|1% pure evil has 10 seconds left.
|c|☆Trikephalon|That full para costs me a lot
|
|move|p2a: coward|Scald|p1a: New Koko
|-damage|p1a: New Koko|0 fnt
|faint|p1a: New Koko
|
|upkeep
|inactive|1% pure evil has 15 seconds left this turn.
|
|switch|p1a: Missing Koko|Hawlucha, M|100/100
|-enditem|p1a: Missing Koko|Psychic Seed
|-boost|p1a: Missing Koko|spd|1
|turn|40
|inactive|1% pure evil has 25 seconds left this turn.
|inactive|1% pure evil has 20 seconds left.
|
|move|p1a: Missing Koko|Substitute|p1a: Missing Koko
|-start|p1a: Missing Koko|Substitute
|-damage|p1a: Missing Koko|76/100
|move|p2a: coward|Haze|p2a: coward
|-clearallboost
|
|upkeep
|turn|41
|inactive|1% pure evil has 30 seconds left this turn.
|inactive|1% pure evil has 20 seconds left.
|c|☆1% pure evil|maybe not
|inactive|1% pure evil has 15 seconds left.
|
|move|p1a: Missing Koko|Swords Dance|p1a: Missing Koko
|-boost|p1a: Missing Koko|atk|2
|move|p2a: coward|Scald|p1a: Missing Koko
|-end|p1a: Missing Koko|Substitute
|
|-fieldend|move: Psychic Terrain
|upkeep
|turn|42
|inactive|1% pure evil has 25 seconds left this turn.
|c|☆Trikephalon|With lightsceen i would won it i think
|inactive|1% pure evil has 20 seconds left.
|inactive|1% pure evil has 15 seconds left.
|
|move|p1a: Missing Koko|Acrobatics|p2a: coward
|-damage|p2a: coward|28/100
|move|p2a: coward|Scald|p1a: Missing Koko
|-damage|p1a: Missing Koko|32/100
|-status|p1a: Missing Koko|brn
|
|-heal|p2a: coward|34/100|[from] item: Leftovers
|-damage|p1a: Missing Koko|25/100 brn|[from] brn
|upkeep
|turn|43
|inactive|1% pure evil has 25 seconds left this turn.
|inactive|1% pure evil has 20 seconds left.
|c|☆1% pure evil|XD
|inactive|1% pure evil has 15 seconds left.
|c|☆Trikephalon|Hax really not on my side
|c|☆Trikephalon|Gg m8
|
|move|p1a: Missing Koko|Acrobatics|p2a: coward
|-damage|p2a: coward|0 fnt
|faint|p2a: coward
|
|-damage|p1a: Missing Koko|19/100 brn|[from] brn
|upkeep
|inactive|1% pure evil has 20 seconds left this turn.
|inactive|1% pure evil has 15 seconds left.
|inactive|1% pure evil has 10 seconds left.
|l| kelvintrainer28
|inactive|1% pure evil has 5 seconds left.
|
|switch|p2a: JOHN CENA|Corviknight, M|63/100
|-ability|p2a: JOHN CENA|Pressure
|turn|44
|inactive|1% pure evil has 15 seconds left this turn.
|inactive|1% pure evil has 10 seconds left.
|j| Seagate16TB
|
|move|p1a: Missing Koko|Drain Punch|p2a: JOHN CENA
|-damage|p2a: JOHN CENA|34/100
|-heal|p1a: Missing Koko|37/100 brn|[from] drain|[of] p2a: JOHN CENA
|move|p2a: JOHN CENA|Roost|p2a: JOHN CENA
|-heal|p2a: JOHN CENA|84/100
|-singleturn|p2a: JOHN CENA|move: Roost
|
|-damage|p1a: Missing Koko|31/100 brn|[from] brn
|upkeep
|turn|45
|inactive|1% pure evil has 20 seconds left this turn.
|inactive|1% pure evil has 15 seconds left.
|inactive|1% pure evil has 10 seconds left.
|
|switch|p2a: cant really care|Dragapult, F|94/100
|move|p1a: Missing Koko|Swords Dance|p1a: Missing Koko
|-boost|p1a: Missing Koko|atk|2
|
|-heal|p2a: cant really care|100/100|[from] item: Leftovers
|-damage|p1a: Missing Koko|25/100 brn|[from] brn
|upkeep
|turn|46
|inactive|1% pure evil has 20 seconds left this turn.
|inactive|1% pure evil has 15 seconds left.
|inactive|1% pure evil has 10 seconds left.
|
|move|p1a: Missing Koko|Acrobatics|p2a: cant really care
|-damage|p2a: cant really care|7/100
|move|p2a: cant really care|Hex|p1a: Missing Koko
|-damage|p1a: Missing Koko|0 fnt
|faint|p1a: Missing Koko
|
|-heal|p2a: cant really care|13/100|[from] item: Leftovers
|upkeep
|inactive|1% pure evil has 15 seconds left this turn.
|
|switch|p1a: Qezalcoatl|Kommo-o, M, shiny|67/100
|turn|47
|inactive|1% pure evil has 25 seconds left this turn.
|inactive|1% pure evil has 20 seconds left.
|inactive|1% pure evil has 15 seconds left.
|inactive|1% pure evil has 10 seconds left.
|
|move|p2a: cant really care|Hex|p1a: Qezalcoatl
|-damage|p1a: Qezalcoatl|35/100
|move|p1a: Qezalcoatl|Flash Cannon|p2a: cant really care
|-damage|p2a: cant really care|0 fnt
|faint|p2a: cant really care
|
|upkeep
|inactive|1% pure evil has 15 seconds left this turn.
|inactive|1% pure evil has 10 seconds left.
|
|switch|p2a: dugtriox3|Dugtrio, M|100/100
|turn|48
|inactive|1% pure evil has 20 seconds left this turn.
|
|move|p2a: dugtriox3|Earthquake|p1a: Qezalcoatl
|-damage|p1a: Qezalcoatl|0 fnt
|faint|p1a: Qezalcoatl
|
|upkeep
|inactive|1% pure evil has 25 seconds left this turn.
|-message|Trikephalon forfeited.
|
|win|1% pure evil
|inactive|1% pure evil has 30 seconds left this turn.
|l|☆Trikephalon
|raw|Trikephalon's rating: 1725 → 1703(-22 for losing)
|raw|1% pure evil's rating: 1702 → 1723(+21 for winning)
