|ScrapeTime|2020-01-02-07:35:34
|j|☆NYU_unga
|j|☆ydm14
|player|p1|NYU_unga|101|1171
|player|p2|ydm14|bruno|1154
|teamsize|p1|6
|teamsize|p2|6
|gametype|singles
|gen|8
|tier|[Gen 8] OU
|rated|
|rule|Sleep Clause Mod: Limit one foe put to sleep
|rule|Species Clause: Limit one of each Pokémon
|rule|OHKO Clause: OHKO moves are banned
|rule|Evasion Moves Clause: Evasion moves are banned
|rule|Endless Battle Clause: Forcing endless battles is banned
|rule|HP Percentage Mod: HP is shown in percentages
|clearpoke
|poke|p1|Grimmsnarl, M|
|poke|p1|Dracovish|
|poke|p1|Ditto|
|poke|p1|Rotom-Heat|
|poke|p1|Ferrothorn, F|
|poke|p1|Corviknight, M|
|poke|p2|Grimmsnarl, M|
|poke|p2|Clefable, M|
|poke|p2|Corsola-Galar, F|
|poke|p2|Aegislash, F|
|poke|p2|Corviknight, M|
|poke|p2|Obstagoon, F|
|rule|Dynamax Clause: You cannot dynamax
|teampreview
|
|start
|switch|p1a: sneeki|Grimmsnarl, M|100/100
|switch|p2a: Grimmsnarl|Grimmsnarl, M|100/100
|turn|1
|inactive|Battle timer is ON: inactive players will automatically lose when time's up. (requested by ydm14)
|
|move|p2a: Grimmsnarl|Fake Out|p1a: sneeki
|-damage|p1a: sneeki|89/100
|cant|p1a: sneeki|flinch
|
|upkeep
|turn|2
|
|switch|p1a: mmm foond|Rotom-Heat|100/100
|move|p2a: Grimmsnarl|Light Screen|p2a: Grimmsnarl
|-sidestart|p2: ydm14|move: Light Screen
|
|upkeep
|turn|3
|
|switch|p2a: Corsola|Corsola-Galar, F|100/100
|move|p1a: mmm foond|Will-O-Wisp|p2a: Corsola
|-status|p2a: Corsola|brn
|
|-damage|p2a: Corsola|94/100 brn|[from] brn
|upkeep
|turn|4
|
|move|p1a: mmm foond|Volt Switch|p2a: Corsola
|-damage|p2a: Corsola|86/100 brn
|
|switch|p1a: monsieur le pesce|Dracovish|100/100|[from]move: Volt Switch
|move|p2a: Corsola|Stealth Rock|p1a: monsieur le pesce
|-sidestart|p1: NYU_unga|move: Stealth Rock
|
|-damage|p2a: Corsola|80/100 brn|[from] brn
|upkeep
|turn|5
|
|move|p1a: monsieur le pesce|Crunch|p2a: Corsola
|-supereffective|p2a: Corsola
|-damage|p2a: Corsola|22/100 brn
|-start|p1a: monsieur le pesce|Disable|Crunch|[from] ability: Cursed Body|[of] p2a: Corsola
|-unboost|p2a: Corsola|def|1
|move|p2a: Corsola|Strength Sap|p1a: monsieur le pesce
|-unboost|p1a: monsieur le pesce|atk|1
|-heal|p2a: Corsola|100/100 brn
|
|-damage|p2a: Corsola|94/100 brn|[from] brn
|upkeep
|turn|6
|
|switch|p1a: stabby plant|Ferrothorn, F|100/100
|-damage|p1a: stabby plant|94/100|[from] Stealth Rock
|move|p2a: Corsola|Will-O-Wisp|p1a: stabby plant|[miss]
|-miss|p2a: Corsola|p1a: stabby plant
|
|-heal|p1a: stabby plant|100/100|[from] item: Leftovers
|-damage|p2a: Corsola|88/100 brn|[from] brn
|upkeep
|turn|7
|
|switch|p2a: Corviknight|Corviknight, M|100/100
|move|p1a: stabby plant|Leech Seed|p2a: Corviknight
|-start|p2a: Corviknight|move: Leech Seed
|
|-damage|p2a: Corviknight|88/100|[from] Leech Seed|[of] p1a: stabby plant
|upkeep
|turn|8
|
|switch|p2a: Grimmsnarl|Grimmsnarl, M|100/100
|move|p1a: stabby plant|Stealth Rock|p2a: Grimmsnarl
|-sidestart|p2: ydm14|move: Stealth Rock
|
|upkeep
|turn|9
|
|move|p2a: Grimmsnarl|Reflect|p2a: Grimmsnarl
|-sidestart|p2: ydm14|Reflect
|move|p1a: stabby plant|Gyro Ball|p2a: Grimmsnarl
|-supereffective|p2a: Grimmsnarl
|-damage|p2a: Grimmsnarl|67/100
|
|-sideend|p2: ydm14|move: Light Screen
|upkeep
|turn|10
|
|switch|p2a: Clefable|Clefable, M|100/100
|move|p1a: stabby plant|Leech Seed|p2a: Clefable
|-start|p2a: Clefable|move: Leech Seed
|
|upkeep
|turn|11
|
|move|p1a: stabby plant|Protect|p1a: stabby plant
|-singleturn|p1a: stabby plant|Protect
|move|p2a: Clefable|Moonblast|p1a: stabby plant
|-activate|p1a: stabby plant|move: Protect
|
|upkeep
|turn|12
|
|move|p2a: Clefable|Mystical Fire|p1a: stabby plant
|-supereffective|p1a: stabby plant
|-damage|p1a: stabby plant|0 fnt
|faint|p1a: stabby plant
|
|upkeep
|
|switch|p1a: sneeki|Grimmsnarl, M|89/100
|-damage|p1a: sneeki|77/100|[from] Stealth Rock
|turn|13
|
|switch|p2a: Corviknight|Corviknight, M|88/100
|-damage|p2a: Corviknight|75/100|[from] Stealth Rock
|move|p1a: sneeki|Fake Out|p2a: Corviknight
|-resisted|p2a: Corviknight
|-damage|p2a: Corviknight|73/100
|
|-heal|p2a: Corviknight|79/100|[from] item: Leftovers
|upkeep
|turn|14
|
|move|p1a: sneeki|Thunder Wave|p2a: Corviknight
|-status|p2a: Corviknight|par
|move|p2a: Corviknight|Iron Defense|p2a: Corviknight
|-boost|p2a: Corviknight|def|2
|
|-heal|p2a: Corviknight|86/100 par|[from] item: Leftovers
|upkeep
|turn|15
|
|move|p1a: sneeki|Trick|p2a: Corviknight
|-activate|p1a: sneeki|move: Trick|[of] p2a: Corviknight
|-item|p2a: Corviknight|Lagging Tail|[from] move: Trick
|-item|p1a: sneeki|Leftovers|[from] move: Trick
|move|p2a: Corviknight|Iron Defense|p2a: Corviknight
|-boost|p2a: Corviknight|def|2
|
|-heal|p1a: sneeki|83/100|[from] item: Leftovers
|upkeep
|turn|16
|
|switch|p1a: mmm foond|Rotom-Heat|100/100
|-damage|p1a: mmm foond|76/100|[from] Stealth Rock
|move|p2a: Corviknight|Body Press|p1a: mmm foond
|-damage|p1a: mmm foond|19/100
|
|-heal|p1a: mmm foond|25/100|[from] item: Leftovers
|-sideend|p2: ydm14|Reflect
|upkeep
|turn|17
|
|switch|p2a: Corsola|Corsola-Galar, F|88/100 brn
|-damage|p2a: Corsola|76/100 brn|[from] Stealth Rock
|move|p1a: mmm foond|Overheat|p2a: Corsola
|-damage|p2a: Corsola|43/100 brn
|-start|p1a: mmm foond|Disable|Overheat|[from] ability: Cursed Body|[of] p2a: Corsola
|-unboost|p1a: mmm foond|spa|2
|
|-heal|p1a: mmm foond|31/100|[from] item: Leftovers
|-damage|p2a: Corsola|37/100 brn|[from] brn
|upkeep
|turn|18
|
|move|p1a: mmm foond|Volt Switch|p2a: Corsola
|-damage|p2a: Corsola|28/100 brn
|
|switch|p1a: blob|Ditto|100/100|[from]move: Volt Switch
|-damage|p1a: blob|88/100|[from] Stealth Rock
|-transform|p1a: blob|p2a: Corsola|[from] ability: Imposter
|move|p2a: Corsola|Strength Sap|p1a: blob
|-unboost|p1a: blob|atk|1
|-heal|p2a: Corsola|59/100 brn
|
|-damage|p2a: Corsola|53/100 brn|[from] brn
|upkeep
|turn|19
|
|switch|p2a: Obstagoon|Obstagoon, F|100/100
|-damage|p2a: Obstagoon|88/100|[from] Stealth Rock
|move|p1a: blob|Night Shade|p2a: Obstagoon
|-immune|p2a: Obstagoon
|
|-status|p2a: Obstagoon|brn|[from] item: Flame Orb
|upkeep
|turn|20
|inactive|NYU_unga has 120 seconds left.
|
|switch|p1a: monsieur le pesce|Dracovish|100/100
|-damage|p1a: monsieur le pesce|88/100|[from] Stealth Rock
|move|p2a: Obstagoon|Bulk Up|p2a: Obstagoon
|-boost|p2a: Obstagoon|atk|1
|-boost|p2a: Obstagoon|def|1
|
|-damage|p2a: Obstagoon|82/100 brn|[from] brn
|upkeep
|turn|21
|inactive|NYU_unga has 120 seconds left.
|
|move|p2a: Obstagoon|Knock Off|p1a: monsieur le pesce
|-damage|p1a: monsieur le pesce|0 fnt
|-enditem|p1a: monsieur le pesce|Choice Band|[from] move: Knock Off|[of] p2a: Obstagoon
|faint|p1a: monsieur le pesce
|
|-damage|p2a: Obstagoon|76/100 brn|[from] brn
|upkeep
|inactive|NYU_unga has 120 seconds left.
|
|switch|p1a: blob|Ditto|88/100
|-damage|p1a: blob|76/100|[from] Stealth Rock
|-transform|p1a: blob|p2a: Obstagoon|[from] ability: Imposter
|turn|22
|inactive|NYU_unga has 120 seconds left.
|
|move|p1a: blob|Knock Off|p2a: Obstagoon
|-resisted|p2a: Obstagoon
|-damage|p2a: Obstagoon|52/100 brn
|-enditem|p2a: Obstagoon|Flame Orb|[from] move: Knock Off|[of] p1a: blob
|move|p2a: Obstagoon|Knock Off|p1a: blob
|-resisted|p1a: blob
|-damage|p1a: blob|41/100
|-enditem|p1a: blob|Choice Scarf|[from] move: Knock Off|[of] p2a: Obstagoon
|
|-damage|p2a: Obstagoon|46/100 brn|[from] brn
|upkeep
|turn|23
|inactive|NYU_unga has 120 seconds left.
|
|move|p2a: Obstagoon|Facade|p1a: blob
|-damage|p1a: blob|0 fnt
|faint|p1a: blob
|
|-damage|p2a: Obstagoon|40/100 brn|[from] brn
|upkeep
|
|switch|p1a: sneeki|Grimmsnarl, M|83/100
|-damage|p1a: sneeki|70/100|[from] Stealth Rock
|turn|24
|
|move|p1a: sneeki|Fake Out|p2a: Obstagoon
|-damage|p2a: Obstagoon|33/100 brn
|cant|p2a: Obstagoon|flinch
|
|-heal|p1a: sneeki|76/100|[from] item: Leftovers
|-damage|p2a: Obstagoon|27/100 brn|[from] brn
|upkeep
|turn|25
|
|move|p2a: Obstagoon|Facade|p1a: sneeki
|-damage|p1a: sneeki|0 fnt
|faint|p1a: sneeki
|
|-damage|p2a: Obstagoon|21/100 brn|[from] brn
|upkeep
|
|switch|p1a: Corviknight|Corviknight, M|100/100
|-damage|p1a: Corviknight|88/100|[from] Stealth Rock
|-ability|p1a: Corviknight|Pressure
|turn|26
|
|move|p2a: Obstagoon|Switcheroo|p1a: Corviknight
|-activate|p2a: Obstagoon|move: Trick|[of] p1a: Corviknight
|-enditem|p1a: Corviknight|Leftovers|[silent]|[from] move: Switcheroo
|-item|p2a: Obstagoon|Leftovers|[from] move: Switcheroo
|move|p1a: Corviknight|Brave Bird|p2a: Obstagoon
|-damage|p2a: Obstagoon|0 fnt
|-damage|p1a: Corviknight|82/100|[from] Recoil
|faint|p2a: Obstagoon
|
|upkeep
|
|switch|p2a: Clefable|Clefable, M|100/100
|turn|27
|
|move|p2a: Clefable|Cosmic Power|p2a: Clefable
|-boost|p2a: Clefable|def|1
|-boost|p2a: Clefable|spd|1
|move|p1a: Corviknight|Defog|p2a: Clefable
|-unboost|p2a: Clefable|evasion|1
|-sideend|p2: ydm14|Stealth Rock|[from] move: Defog|[of] p1a: Corviknight
|-sideend|p1: NYU_unga|Stealth Rock|[from] move: Defog|[of] p1a: Corviknight
|
|upkeep
|turn|28
|
|switch|p1a: mmm foond|Rotom-Heat|31/100
|move|p2a: Clefable|Cosmic Power|p2a: Clefable
|-boost|p2a: Clefable|def|1
|-boost|p2a: Clefable|spd|1
|
|-heal|p1a: mmm foond|37/100|[from] item: Leftovers
|upkeep
|turn|29
|
|move|p1a: mmm foond|Will-O-Wisp|p2a: Clefable
|-status|p2a: Clefable|brn
|move|p2a: Clefable|Moonblast|p1a: mmm foond
|-resisted|p1a: mmm foond
|-damage|p1a: mmm foond|9/100
|
|-heal|p1a: mmm foond|15/100|[from] item: Leftovers
|upkeep
|turn|30
|
|move|p1a: mmm foond|Volt Switch|p2a: Clefable
|-damage|p2a: Clefable|88/100 brn
|
|switch|p1a: Corviknight|Corviknight, M|82/100|[from]move: Volt Switch
|-ability|p1a: Corviknight|Pressure
|move|p2a: Clefable|Moonblast|p1a: Corviknight
|-resisted|p1a: Corviknight
|-damage|p1a: Corviknight|60/100
|
|upkeep
|turn|31
|
|move|p2a: Clefable|Mystical Fire|p1a: Corviknight
|-supereffective|p1a: Corviknight
|-damage|p1a: Corviknight|11/100
|-unboost|p1a: Corviknight|spa|1
|move|p1a: Corviknight|Brave Bird|p2a: Clefable
|-damage|p2a: Clefable|65/100 brn
|-damage|p1a: Corviknight|5/100|[from] Recoil
|
|upkeep
|turn|32
|
|move|p2a: Clefable|Cosmic Power|p2a: Clefable
|-boost|p2a: Clefable|def|1
|-boost|p2a: Clefable|spd|1
|move|p1a: Corviknight|Roost|p1a: Corviknight
|-heal|p1a: Corviknight|55/100
|-singleturn|p1a: Corviknight|move: Roost
|
|upkeep
|turn|33
|
|move|p2a: Clefable|Mystical Fire|p1a: Corviknight
|-supereffective|p1a: Corviknight
|-damage|p1a: Corviknight|3/100
|-unboost|p1a: Corviknight|spa|1
|move|p1a: Corviknight|Heavy Slam|p2a: Clefable
|-supereffective|p2a: Clefable
|-damage|p2a: Clefable|53/100 brn
|
|upkeep
|turn|34
|
|move|p2a: Clefable|Mystical Fire|p1a: Corviknight
|-supereffective|p1a: Corviknight
|-damage|p1a: Corviknight|0 fnt
|faint|p1a: Corviknight
|
|upkeep
|
|switch|p1a: mmm foond|Rotom-Heat|15/100
|turn|35
|
|move|p1a: mmm foond|Overheat|p2a: Clefable
|-damage|p2a: Clefable|33/100 brn
|-unboost|p1a: mmm foond|spa|2
|move|p2a: Clefable|Moonblast|p1a: mmm foond
|-resisted|p1a: mmm foond
|-damage|p1a: mmm foond|0 fnt
|faint|p1a: mmm foond
|
|win|ydm14
|raw|NYU_unga's rating: 1171 → 1145(-26 for losing)
|raw|ydm14's rating: 1155 → 1181(+26 for winning)
