|ScrapeTime|2020-01-02-01:55:52
|j|☆terrem10
|j|☆lmaooo1
|player|p1|terrem10|1|1174
|player|p2|lmaooo1|169|1155
|teamsize|p1|6
|teamsize|p2|6
|gametype|singles
|gen|8
|tier|[Gen 8] OU
|rated|
|rule|Sleep Clause Mod: Limit one foe put to sleep
|rule|Species Clause: Limit one of each Pokémon
|rule|OHKO Clause: OHKO moves are banned
|rule|Evasion Moves Clause: Evasion moves are banned
|rule|Endless Battle Clause: Forcing endless battles is banned
|rule|HP Percentage Mod: HP is shown in percentages
|clearpoke
|poke|p1|Dragapult, F|
|poke|p1|Clefable, M|
|poke|p1|Mandibuzz, F|
|poke|p1|Hydreigon, F|
|poke|p1|Hatterene, F|
|poke|p1|Cinderace, M|
|poke|p2|Dracovish|
|poke|p2|Pelipper, F|
|poke|p2|Jellicent, F|
|poke|p2|Ferrothorn, M|
|poke|p2|Mandibuzz, F|
|poke|p2|Dragapult, M|
|rule|Dynamax Clause: You cannot dynamax
|teampreview
|
|start
|switch|p1a: Clefable|Clefable, M|100/100
|switch|p2a: Pelipper|Pelipper, F|100/100
|-weather|RainDance|[from] ability: Drizzle|[of] p2a: Pelipper
|turn|1
|
|move|p2a: Pelipper|U-turn|p1a: Clefable
|-resisted|p1a: Clefable
|-damage|p1a: Clefable|96/100
|
|switch|p2a: PLZ NO WATER ABSOR|Dracovish|100/100|[from]move: U-turn
|move|p1a: Clefable|Thunderbolt|p2a: PLZ NO WATER ABSOR
|-damage|p2a: PLZ NO WATER ABSOR|53/100
|
|-weather|RainDance|[upkeep]
|upkeep
|turn|2
|
|switch|p1a: Mandibuzz|Mandibuzz, F|100/100
|move|p2a: PLZ NO WATER ABSOR|Fishious Rend|p1a: Mandibuzz
|-damage|p1a: Mandibuzz|13/100
|
|-weather|RainDance|[upkeep]
|upkeep
|turn|3
|
|move|p2a: PLZ NO WATER ABSOR|Fishious Rend|p1a: Mandibuzz
|-damage|p1a: Mandibuzz|0 fnt
|faint|p1a: Mandibuzz
|
|-weather|RainDance|[upkeep]
|upkeep
|
|switch|p1a: Dragapult|Dragapult, F|100/100
|turn|4
|
|switch|p1a: Cinderace|Cinderace, M|100/100
|switch|p2a: Mandibuzz|Mandibuzz, F|100/100
|
|-weather|RainDance|[upkeep]
|upkeep
|turn|5
|
|switch|p1a: Hatterene|Hatterene, F|100/100
|move|p2a: Mandibuzz|U-turn|p1a: Hatterene
|-damage|p1a: Hatterene|87/100
|
|switch|p2a: PLZ NO WATER ABSOR|Dracovish|53/100|[from]move: U-turn
|
|-weather|RainDance|[upkeep]
|-heal|p1a: Hatterene|93/100|[from] item: Leftovers
|upkeep
|turn|6
|
|move|p2a: PLZ NO WATER ABSOR|Fishious Rend|p1a: Hatterene
|-damage|p1a: Hatterene|0 fnt
|faint|p1a: Hatterene
|
|-weather|RainDance|[upkeep]
|upkeep
|
|switch|p1a: Dragapult|Dragapult, F|100/100
|turn|7
|
|switch|p2a: Mandibuzz|Mandibuzz, F|100/100
|move|p1a: Dragapult|Dragon Darts|p2a: Mandibuzz
|-damage|p2a: Mandibuzz|83/100
|-damage|p2a: Mandibuzz|65/100
|-hitcount|p2a: Mandibuzz|2
|
|-weather|RainDance|[upkeep]
|-heal|p2a: Mandibuzz|71/100|[from] item: Leftovers
|upkeep
|turn|8
|
|move|p1a: Dragapult|Dragon Dance|p1a: Dragapult
|-boost|p1a: Dragapult|atk|1
|-boost|p1a: Dragapult|spe|1
|move|p2a: Mandibuzz|Knock Off|p1a: Dragapult
|-supereffective|p1a: Dragapult
|-damage|p1a: Dragapult|39/100
|-enditem|p1a: Dragapult|Expert Belt|[from] move: Knock Off|[of] p2a: Mandibuzz
|
|-weather|none
|-heal|p2a: Mandibuzz|77/100|[from] item: Leftovers
|upkeep
|turn|9
|
|move|p1a: Dragapult|Dragon Darts|p2a: Mandibuzz
|-damage|p2a: Mandibuzz|47/100
|-damage|p2a: Mandibuzz|20/100
|-hitcount|p2a: Mandibuzz|2
|move|p2a: Mandibuzz|Knock Off|p1a: Dragapult
|-supereffective|p1a: Dragapult
|-damage|p1a: Dragapult|0 fnt
|faint|p1a: Dragapult
|
|-heal|p2a: Mandibuzz|26/100|[from] item: Leftovers
|upkeep
|
|switch|p1a: Clefable|Clefable, M|96/100
|turn|10
|
|switch|p2a: Pelipper|Pelipper, F|100/100
|-weather|RainDance|[from] ability: Drizzle|[of] p2a: Pelipper
|move|p1a: Clefable|Thunderbolt|p2a: Pelipper
|-supereffective|p2a: Pelipper
|-damage|p2a: Pelipper|0 fnt
|faint|p2a: Pelipper
|
|-weather|RainDance|[upkeep]
|upkeep
|
|switch|p2a: PLZ NO WATER ABSOR|Dracovish|53/100
|turn|11
|
|move|p2a: PLZ NO WATER ABSOR|Fishious Rend|p1a: Clefable
|-damage|p1a: Clefable|0 fnt
|faint|p1a: Clefable
|
|-weather|RainDance|[upkeep]
|upkeep
|
|switch|p1a: Cinderace|Cinderace, M|100/100
|turn|12
|
|move|p1a: Cinderace|Sucker Punch|p2a: PLZ NO WATER ABSOR
|-damage|p2a: PLZ NO WATER ABSOR|28/100
|move|p2a: PLZ NO WATER ABSOR|Fishious Rend|p1a: Cinderace
|-supereffective|p1a: Cinderace
|-damage|p1a: Cinderace|0 fnt
|faint|p1a: Cinderace
|
|-weather|RainDance|[upkeep]
|upkeep
|
|switch|p1a: Hydreigon|Hydreigon, F|100/100
|turn|13
|
|move|p2a: PLZ NO WATER ABSOR|Fishious Rend|p1a: Hydreigon
|-resisted|p1a: Hydreigon
|-damage|p1a: Hydreigon|14/100
|move|p1a: Hydreigon|Nasty Plot|p1a: Hydreigon
|-boost|p1a: Hydreigon|spa|2
|
|-weather|RainDance|[upkeep]
|upkeep
|turn|14
|
|move|p2a: PLZ NO WATER ABSOR|Fishious Rend|p1a: Hydreigon
|-resisted|p1a: Hydreigon
|-damage|p1a: Hydreigon|0 fnt
|faint|p1a: Hydreigon
|
|win|lmaooo1
|l|☆terrem10
|raw|terrem10's rating: 1174 → 1147(-27 for losing)
|raw|lmaooo1's rating: 1155 → 1182(+27 for winning)
