|ScrapeTime|2020-01-02-14:24:29
|j|☆WarioMasters
|j|☆Helpinghans
|player|p1|WarioMasters|silver-gen2|1931
|player|p2|Helpinghans|pilot|1866
|teamsize|p1|6
|teamsize|p2|6
|gametype|singles
|gen|8
|tier|[Gen 8] OU
|rated|
|rule|Sleep Clause Mod: Limit one foe put to sleep
|rule|Species Clause: Limit one of each Pokémon
|rule|OHKO Clause: OHKO moves are banned
|rule|Evasion Moves Clause: Evasion moves are banned
|rule|Endless Battle Clause: Forcing endless battles is banned
|rule|HP Percentage Mod: HP is shown in percentages
|clearpoke
|poke|p1|Gengar, M|
|poke|p1|Corviknight, F|
|poke|p1|Excadrill, F|
|poke|p1|Hippowdon, M|
|poke|p1|Toxapex, M|
|poke|p1|Rotom-Heat|
|poke|p2|Tyranitar, F|
|poke|p2|Excadrill, M|
|poke|p2|Hatterene, F|
|poke|p2|Reuniclus, F|
|poke|p2|Ferrothorn, M|
|poke|p2|Toxapex, M|
|rule|Dynamax Clause: You cannot dynamax
|teampreview
|
|start
|switch|p1a: Excadrill|Excadrill, F, shiny|100/100
|switch|p2a: Flakviering36|Toxapex, M|100/100
|turn|1
|inactive|Battle timer is ON: inactive players will automatically lose when time's up. (requested by Helpinghans)
|
|switch|p1a: Gengar|Gengar, M|100/100
|move|p2a: Flakviering36|Scald|p1a: Gengar
|-damage|p1a: Gengar|75/100
|-status|p1a: Gengar|brn
|
|-damage|p1a: Gengar|69/100 brn|[from] brn
|upkeep
|turn|2
|
|move|p2a: Flakviering36|Baneful Bunker|p2a: Flakviering36
|-singleturn|p2a: Flakviering36|move: Protect
|move|p1a: Gengar|Trick|p2a: Flakviering36
|-activate|p2a: Flakviering36|move: Protect
|
|-damage|p1a: Gengar|63/100 brn|[from] brn
|upkeep
|turn|3
|j| 3 star
|
|switch|p2a: Pz.KpfwVI Ausf.E|Tyranitar, F|100/100
|-weather|Sandstorm|[from] ability: Sand Stream|[of] p2a: Pz.KpfwVI Ausf.E
|move|p1a: Gengar|Trick|p2a: Pz.KpfwVI Ausf.E
|-activate|p1a: Gengar|move: Trick|[of] p2a: Pz.KpfwVI Ausf.E
|-item|p2a: Pz.KpfwVI Ausf.E|Choice Specs|[from] move: Trick
|-item|p1a: Gengar|Assault Vest|[from] move: Trick
|
|-weather|Sandstorm|[upkeep]
|-damage|p1a: Gengar|56/100 brn|[from] Sandstorm
|-damage|p1a: Gengar|50/100 brn|[from] brn
|upkeep
|turn|4
|
|switch|p1a: Toxapex|Toxapex, M|100/100
|switch|p2a: Flakviering36|Toxapex, M|100/100
|
|-weather|Sandstorm|[upkeep]
|-damage|p2a: Flakviering36|95/100|[from] Sandstorm
|-damage|p1a: Toxapex|95/100|[from] Sandstorm
|-heal|p2a: Flakviering36|100/100|[from] item: Black Sludge
|-heal|p1a: Toxapex|100/100|[from] item: Black Sludge
|upkeep
|turn|5
|j| GiratinaF4N
|
|switch|p2a: BattlegruppeA|Reuniclus, F|100/100
|move|p1a: Toxapex|Scald|p2a: BattlegruppeA
|-damage|p2a: BattlegruppeA|84/100
|
|-weather|Sandstorm|[upkeep]
|-damage|p1a: Toxapex|95/100|[from] Sandstorm
|-heal|p2a: BattlegruppeA|90/100|[from] item: Leftovers
|-heal|p1a: Toxapex|100/100|[from] item: Black Sludge
|upkeep
|turn|6
|
|switch|p1a: Corviknight|Corviknight, F|100/100
|-ability|p1a: Corviknight|Pressure
|move|p2a: BattlegruppeA|Calm Mind|p2a: BattlegruppeA
|-boost|p2a: BattlegruppeA|spa|1
|-boost|p2a: BattlegruppeA|spd|1
|
|-weather|Sandstorm|[upkeep]
|-heal|p2a: BattlegruppeA|96/100|[from] item: Leftovers
|upkeep
|turn|7
|
|move|p1a: Corviknight|U-turn|p2a: BattlegruppeA
|-supereffective|p2a: BattlegruppeA
|-damage|p2a: BattlegruppeA|77/100
|
|switch|p1a: Gengar|Gengar, M|50/100 brn|[from]move: U-turn
|move|p2a: BattlegruppeA|Calm Mind|p2a: BattlegruppeA
|-boost|p2a: BattlegruppeA|spa|1
|-boost|p2a: BattlegruppeA|spd|1
|
|-weather|none
|-heal|p2a: BattlegruppeA|83/100|[from] item: Leftovers
|-damage|p1a: Gengar|44/100 brn|[from] brn
|upkeep
|turn|8
|
|move|p1a: Gengar|Shadow Ball|p2a: BattlegruppeA
|-supereffective|p2a: BattlegruppeA
|-damage|p2a: BattlegruppeA|46/100
|move|p2a: BattlegruppeA|Stored Power|p1a: Gengar
|-supereffective|p1a: Gengar
|-damage|p1a: Gengar|0 fnt
|faint|p1a: Gengar
|
|-heal|p2a: BattlegruppeA|52/100|[from] item: Leftovers
|upkeep
|
|switch|p1a: Excadrill|Excadrill, F, shiny|100/100
|turn|9
|
|move|p1a: Excadrill|Earthquake|p2a: BattlegruppeA
|-damage|p2a: BattlegruppeA|10/100
|move|p2a: BattlegruppeA|Iron Defense|p2a: BattlegruppeA
|-boost|p2a: BattlegruppeA|def|2
|
|-heal|p2a: BattlegruppeA|16/100|[from] item: Leftovers
|upkeep
|turn|10
|
|switch|p2a: StuGIII Ausf.H|Ferrothorn, M|100/100
|move|p1a: Excadrill|Earthquake|p2a: StuGIII Ausf.H
|-damage|p2a: StuGIII Ausf.H|66/100
|
|-heal|p2a: StuGIII Ausf.H|72/100|[from] item: Leftovers
|upkeep
|turn|11
|
|switch|p1a: Booty doot|Rotom-Heat|100/100
|move|p2a: StuGIII Ausf.H|Leech Seed|p1a: Booty doot
|-start|p1a: Booty doot|move: Leech Seed
|
|-heal|p2a: StuGIII Ausf.H|78/100|[from] item: Leftovers
|-damage|p1a: Booty doot|88/100|[from] Leech Seed|[of] p2a: StuGIII Ausf.H
|-heal|p2a: StuGIII Ausf.H|88/100|[silent]
|upkeep
|turn|12
|
|switch|p1a: Excadrill|Excadrill, F, shiny|100/100
|move|p2a: StuGIII Ausf.H|Protect||[still]
|-fail|p2a: StuGIII Ausf.H
|
|-heal|p2a: StuGIII Ausf.H|95/100|[from] item: Leftovers
|upkeep
|turn|13
|
|move|p1a: Excadrill|Earthquake|p2a: StuGIII Ausf.H
|-damage|p2a: StuGIII Ausf.H|61/100
|move|p2a: StuGIII Ausf.H|Leech Seed|p1a: Excadrill|[miss]
|-miss|p2a: StuGIII Ausf.H|p1a: Excadrill
|
|-heal|p2a: StuGIII Ausf.H|67/100|[from] item: Leftovers
|upkeep
|turn|14
|
|move|p1a: Excadrill|Swords Dance|p1a: Excadrill
|-boost|p1a: Excadrill|atk|2
|move|p2a: StuGIII Ausf.H|Leech Seed|p1a: Excadrill|[miss]
|-miss|p2a: StuGIII Ausf.H|p1a: Excadrill
|
|-heal|p2a: StuGIII Ausf.H|74/100|[from] item: Leftovers
|upkeep
|turn|15
|
|switch|p2a: Fallschirms|Excadrill, M|100/100
|-item|p2a: Fallschirms|Air Balloon
|move|p1a: Excadrill|Earthquake|p2a: Fallschirms
|-immune|p2a: Fallschirms
|
|upkeep
|turn|16
|
|switch|p1a: Corviknight|Corviknight, F|100/100
|-ability|p1a: Corviknight|Pressure
|move|p2a: Fallschirms|Earthquake|p1a: Corviknight
|-immune|p1a: Corviknight
|
|upkeep
|turn|17
|j| Pablochu
|
|switch|p2a: StuGIII Ausf.H|Ferrothorn, M|74/100
|move|p1a: Corviknight|U-turn|p2a: StuGIII Ausf.H
|-damage|p2a: StuGIII Ausf.H|65/100
|-damage|p1a: Corviknight|88/100|[from] ability: Iron Barbs|[of] p2a: StuGIII Ausf.H
|
|switch|p1a: Booty doot|Rotom-Heat|88/100|[from]move: U-turn
|
|-heal|p2a: StuGIII Ausf.H|72/100|[from] item: Leftovers
|upkeep
|turn|18
|j| cscl
|
|switch|p2a: Pz.KpfwVI Ausf.E|Tyranitar, F|100/100
|-weather|Sandstorm|[from] ability: Sand Stream|[of] p2a: Pz.KpfwVI Ausf.E
|move|p1a: Booty doot|Nasty Plot|p1a: Booty doot
|-boost|p1a: Booty doot|spa|2
|
|-weather|Sandstorm|[upkeep]
|-damage|p1a: Booty doot|82/100|[from] Sandstorm
|upkeep
|turn|19
|
|move|p1a: Booty doot|Volt Switch|p2a: Pz.KpfwVI Ausf.E
|-damage|p2a: Pz.KpfwVI Ausf.E|75/100
|
|switch|p1a: Excadrill|Excadrill, F, shiny|100/100|[from]move: Volt Switch
|move|p2a: Pz.KpfwVI Ausf.E|Crunch|p1a: Excadrill
|-damage|p1a: Excadrill|48/100
|
|-weather|Sandstorm|[upkeep]
|-heal|p1a: Excadrill|54/100|[from] item: Leftovers
|upkeep
|turn|20
|
|switch|p2a: StuGIII Ausf.H|Ferrothorn, M|72/100
|move|p1a: Excadrill|Earthquake|p2a: StuGIII Ausf.H
|-damage|p2a: StuGIII Ausf.H|37/100
|
|-weather|Sandstorm|[upkeep]
|-heal|p1a: Excadrill|60/100|[from] item: Leftovers
|-heal|p2a: StuGIII Ausf.H|44/100|[from] item: Leftovers
|upkeep
|turn|21
|inactive|WarioMasters has 120 seconds left.
|inactive|WarioMasters has 90 seconds left.
|j| quoof
|j| dranregel
|inactive|WarioMasters has 60 seconds left.
|l| GiratinaF4N
|j| GiratinaF4N
|l| GiratinaF4N
|j| oipoupouoi
|inactive|WarioMasters has 30 seconds left.
|inactive|WarioMasters has 20 seconds left.
|j| lonelylando
|inactive|WarioMasters has 15 seconds left.
|inactive|WarioMasters has 10 seconds left.
|inactive|WarioMasters has 5 seconds left.
|-message|WarioMasters lost due to inactivity.
|
|win|Helpinghans
|l| quoof
|raw|WarioMasters's rating: 1931 → 1907(-24 for losing)
|raw|Helpinghans's rating: 1867 → 1890(+23 for winning)
