|ScrapeTime|2020-01-01-18:42:29
|j|☆lorddrago
|j|☆Jeremie17
|player|p1|lorddrago|102|1074
|player|p2|Jeremie17|2|1077
|teamsize|p1|6
|teamsize|p2|6
|gametype|singles
|gen|8
|tier|[Gen 8] OU
|rated|
|rule|Sleep Clause Mod: Limit one foe put to sleep
|rule|Species Clause: Limit one of each Pokémon
|rule|OHKO Clause: OHKO moves are banned
|rule|Evasion Moves Clause: Evasion moves are banned
|rule|Endless Battle Clause: Forcing endless battles is banned
|rule|HP Percentage Mod: HP is shown in percentages
|clearpoke
|poke|p1|Ferrothorn, F|
|poke|p1|Tyranitar, M|
|poke|p1|Falinks|
|poke|p1|Grimmsnarl, M|
|poke|p1|Aegislash, F|
|poke|p1|Toxtricity, M|
|poke|p2|Cinderace, M|
|poke|p2|Grimmsnarl, M|
|poke|p2|Dragapult, M|
|poke|p2|Clefable, M|
|poke|p2|Ditto|
|poke|p2|Rotom-Wash|
|rule|Dynamax Clause: You cannot dynamax
|teampreview
|inactive|Battle timer is ON: inactive players will automatically lose when time's up. (requested by Jeremie17)
|
|start
|switch|p1a: Tyranitar|Tyranitar, M, shiny|100/100
|switch|p2a: Rotom|Rotom-Wash|100/100
|-weather|Sandstorm|[from] ability: Sand Stream|[of] p1a: Tyranitar
|turn|1
|
|switch|p1a: Ferrothorn|Ferrothorn, F, shiny|100/100
|move|p2a: Rotom|Trick|p1a: Ferrothorn
|-activate|p2a: Rotom|move: Trick|[of] p1a: Ferrothorn
|-item|p1a: Ferrothorn|Choice Scarf|[from] move: Trick
|-item|p2a: Rotom|Leftovers|[from] move: Trick
|
|-weather|Sandstorm|[upkeep]
|-damage|p2a: Rotom|94/100|[from] Sandstorm
|-heal|p2a: Rotom|100/100|[from] item: Leftovers
|upkeep
|turn|2
|
|switch|p2a: Dragapult|Dragapult, M|100/100
|move|p1a: Ferrothorn|Thunderbolt|p2a: Dragapult
|-resisted|p2a: Dragapult
|-damage|p2a: Dragapult|91/100
|
|-weather|Sandstorm|[upkeep]
|-damage|p2a: Dragapult|85/100|[from] Sandstorm
|-heal|p2a: Dragapult|91/100|[from] item: Leftovers
|upkeep
|turn|3
|
|switch|p1a: Grimmsnarl|Grimmsnarl, M, shiny|100/100
|move|p2a: Dragapult|Substitute|p2a: Dragapult
|-start|p2a: Dragapult|Substitute
|-damage|p2a: Dragapult|67/100
|
|-weather|Sandstorm|[upkeep]
|-damage|p2a: Dragapult|61/100|[from] Sandstorm
|-damage|p1a: Grimmsnarl|94/100|[from] Sandstorm
|-heal|p2a: Dragapult|67/100|[from] item: Leftovers
|-heal|p1a: Grimmsnarl|100/100|[from] item: Leftovers
|upkeep
|turn|4
|
|move|p2a: Dragapult|Dragon Dance|p2a: Dragapult
|-boost|p2a: Dragapult|atk|1
|-boost|p2a: Dragapult|spe|1
|move|p1a: Grimmsnarl|Dark Pulse|p2a: Dragapult
|-supereffective|p2a: Dragapult
|-end|p2a: Dragapult|Substitute
|
|-weather|Sandstorm|[upkeep]
|-damage|p2a: Dragapult|61/100|[from] Sandstorm
|-damage|p1a: Grimmsnarl|94/100|[from] Sandstorm
|-heal|p2a: Dragapult|67/100|[from] item: Leftovers
|-heal|p1a: Grimmsnarl|100/100|[from] item: Leftovers
|upkeep
|turn|5
|
|move|p2a: Dragapult|Phantom Force||[still]
|-prepare|p2a: Dragapult|Phantom Force|p1a: Grimmsnarl
|move|p1a: Grimmsnarl|Dark Pulse|p2a: Dragapult|[miss]
|-miss|p1a: Grimmsnarl|p2a: Dragapult
|
|-weather|none
|-heal|p2a: Dragapult|73/100|[from] item: Leftovers
|upkeep
|turn|6
|
|move|p2a: Dragapult|Phantom Force|p1a: Grimmsnarl|[from]lockedmove
|-resisted|p1a: Grimmsnarl
|-damage|p1a: Grimmsnarl|54/100
|move|p1a: Grimmsnarl|Dark Pulse|p2a: Dragapult
|-supereffective|p2a: Dragapult
|-damage|p2a: Dragapult|0 fnt
|faint|p2a: Dragapult
|
|-heal|p1a: Grimmsnarl|60/100|[from] item: Leftovers
|upkeep
|
|switch|p2a: Cinderace|Cinderace, M|100/100
|turn|7
|
|move|p2a: Cinderace|Sucker Punch|p1a: Grimmsnarl
|-resisted|p1a: Grimmsnarl
|-damage|p1a: Grimmsnarl|53/100
|move|p1a: Grimmsnarl|Focus Blast|p2a: Cinderace|[miss]
|-miss|p1a: Grimmsnarl|p2a: Cinderace
|
|-heal|p1a: Grimmsnarl|59/100|[from] item: Leftovers
|upkeep
|turn|8
|
|move|p2a: Cinderace|U-turn|p1a: Grimmsnarl
|-damage|p1a: Grimmsnarl|33/100
|
|switch|p2a: Rotom|Rotom-Wash|100/100|[from]move: U-turn
|move|p1a: Grimmsnarl|Focus Blast|p2a: Rotom
|-damage|p2a: Rotom|59/100
|
|-heal|p2a: Rotom|65/100|[from] item: Leftovers
|-heal|p1a: Grimmsnarl|40/100|[from] item: Leftovers
|upkeep
|turn|9
|
|move|p2a: Rotom|Will-O-Wisp|p1a: Grimmsnarl
|-status|p1a: Grimmsnarl|brn
|move|p1a: Grimmsnarl|Power Whip|p2a: Rotom
|-supereffective|p2a: Rotom
|-damage|p2a: Rotom|40/100
|
|-heal|p2a: Rotom|47/100|[from] item: Leftovers
|-heal|p1a: Grimmsnarl|46/100 brn|[from] item: Leftovers
|-damage|p1a: Grimmsnarl|40/100 brn|[from] brn
|upkeep
|turn|10
|
|move|p2a: Rotom|Volt Switch|p1a: Grimmsnarl
|-damage|p1a: Grimmsnarl|12/100 brn
|
|switch|p2a: Grimmsnarl|Grimmsnarl, M|100/100|[from]move: Volt Switch
|move|p1a: Grimmsnarl|Dark Pulse|p2a: Grimmsnarl
|-resisted|p2a: Grimmsnarl
|-damage|p2a: Grimmsnarl|90/100
|
|-heal|p2a: Grimmsnarl|96/100|[from] item: Leftovers
|-heal|p1a: Grimmsnarl|18/100 brn|[from] item: Leftovers
|-damage|p1a: Grimmsnarl|12/100 brn|[from] brn
|upkeep
|turn|11
|inactive|Jeremie17 has 120 seconds left.
|
|switch|p1a: Toxtricity|Toxtricity, M, shiny|100/100
|move|p2a: Grimmsnarl|Sucker Punch||[still]
|-fail|p2a: Grimmsnarl
|
|-heal|p2a: Grimmsnarl|100/100|[from] item: Leftovers
|upkeep
|turn|12
|inactive|Jeremie17 has 120 seconds left.
|
|move|p2a: Grimmsnarl|Light Screen|p2a: Grimmsnarl
|-sidestart|p2: Jeremie17|move: Light Screen
|move|p1a: Toxtricity|Sludge Bomb|p2a: Grimmsnarl
|-supereffective|p2a: Grimmsnarl
|-damage|p2a: Grimmsnarl|40/100
|-status|p2a: Grimmsnarl|psn
|
|-heal|p2a: Grimmsnarl|46/100 psn|[from] item: Leftovers
|-damage|p2a: Grimmsnarl|33/100 psn|[from] psn
|upkeep
|turn|13
|inactive|Jeremie17 has 120 seconds left.
|
|move|p2a: Grimmsnarl|Sucker Punch|p1a: Toxtricity
|-damage|p1a: Toxtricity|37/100
|move|p1a: Toxtricity|Boomburst|p2a: Grimmsnarl
|-damage|p2a: Grimmsnarl|0 fnt
|faint|p2a: Grimmsnarl
|
|upkeep
|
|switch|p2a: Ditto|Ditto|100/100
|-transform|p2a: Ditto|p1a: Toxtricity|[from] ability: Imposter
|turn|14
|inactive|Jeremie17 has 120 seconds left.
|
|move|p2a: Ditto|Boomburst|p1a: Toxtricity
|-damage|p1a: Toxtricity|0 fnt
|faint|p1a: Toxtricity
|
|upkeep
|
|switch|p1a: Tyranitar|Tyranitar, M, shiny|100/100
|-weather|Sandstorm|[from] ability: Sand Stream|[of] p1a: Tyranitar
|turn|15
|
|switch|p2a: Rotom|Rotom-Wash|47/100
|move|p1a: Tyranitar|Thunder Punch|p2a: Rotom
|-damage|p2a: Rotom|24/100
|
|-weather|Sandstorm|[upkeep]
|-damage|p2a: Rotom|18/100|[from] Sandstorm
|-heal|p2a: Rotom|24/100|[from] item: Leftovers
|upkeep
|turn|16
|
|move|p2a: Rotom|Hydro Pump|p1a: Tyranitar
|-supereffective|p1a: Tyranitar
|-damage|p1a: Tyranitar|57/100
|move|p1a: Tyranitar|Thunder Punch|p2a: Rotom
|-damage|p2a: Rotom|2/100
|
|-weather|Sandstorm|[upkeep]
|-damage|p2a: Rotom|0 fnt|[from] Sandstorm
|faint|p2a: Rotom
|-heal|p1a: Tyranitar|63/100|[from] item: Leftovers
|-sideend|p2: Jeremie17|move: Light Screen
|upkeep
|
|switch|p2a: Cinderace|Cinderace, M|100/100
|turn|17
|
|move|p2a: Cinderace|High Jump Kick|p1a: Tyranitar
|-supereffective|p1a: Tyranitar
|-damage|p1a: Tyranitar|0 fnt
|faint|p1a: Tyranitar
|
|-weather|Sandstorm|[upkeep]
|-damage|p2a: Cinderace|95/100|[from] Sandstorm
|upkeep
|
|switch|p1a: Falinks|Falinks, shiny|100/100
|turn|18
|
|move|p2a: Cinderace|Pyro Ball|p1a: Falinks
|-damage|p1a: Falinks|26/100
|-status|p1a: Falinks|brn
|move|p1a: Falinks|No Retreat|p1a: Falinks
|-boost|p1a: Falinks|atk|1
|-boost|p1a: Falinks|def|1
|-boost|p1a: Falinks|spa|1
|-boost|p1a: Falinks|spd|1
|-boost|p1a: Falinks|spe|1
|-start|p1a: Falinks|move: No Retreat
|
|-weather|Sandstorm|[upkeep]
|-damage|p1a: Falinks|20/100 brn|[from] Sandstorm
|-damage|p2a: Cinderace|89/100|[from] Sandstorm
|-heal|p1a: Falinks|26/100 brn|[from] item: Leftovers
|-damage|p1a: Falinks|20/100 brn|[from] brn
|upkeep
|turn|19
|
|move|p2a: Cinderace|Sucker Punch|p1a: Falinks
|-resisted|p1a: Falinks
|-damage|p1a: Falinks|12/100 brn
|move|p1a: Falinks|Rock Slide|p2a: Cinderace
|-supereffective|p2a: Cinderace
|-damage|p2a: Cinderace|36/100
|
|-weather|none
|-heal|p1a: Falinks|17/100 brn|[from] item: Leftovers
|-damage|p1a: Falinks|12/100 brn|[from] brn
|upkeep
|turn|20
|
|move|p2a: Cinderace|Sucker Punch|p1a: Falinks
|-resisted|p1a: Falinks
|-damage|p1a: Falinks|2/100 brn
|move|p1a: Falinks|Rock Slide|p2a: Cinderace
|-supereffective|p2a: Cinderace
|-damage|p2a: Cinderace|0 fnt
|faint|p2a: Cinderace
|
|-heal|p1a: Falinks|8/100 brn|[from] item: Leftovers
|-damage|p1a: Falinks|2/100 brn|[from] brn
|upkeep
|
|switch|p2a: Ditto|Ditto|100/100
|-transform|p2a: Ditto|p1a: Falinks|[from] ability: Imposter
|turn|21
|
|move|p2a: Ditto|Rock Slide|p1a: Falinks
|-resisted|p1a: Falinks
|-crit|p1a: Falinks
|-damage|p1a: Falinks|0 fnt
|faint|p1a: Falinks
|
|upkeep
|
|switch|p1a: Aegislash|Aegislash, F, shiny|100/100
|turn|22
|
|move|p2a: Ditto|Rock Slide|p1a: Aegislash
|-resisted|p1a: Aegislash
|-damage|p1a: Aegislash|86/100
|cant|p1a: Aegislash|flinch
|
|upkeep
|turn|23
|
|move|p2a: Ditto|Rock Slide|p1a: Aegislash
|-resisted|p1a: Aegislash
|-damage|p1a: Aegislash|71/100
|-formechange|p1a: Aegislash|Aegislash-Blade||[from] ability: Stance Change
|move|p1a: Aegislash|Psycho Cut|p2a: Ditto
|-supereffective|p2a: Ditto
|-damage|p2a: Ditto|58/100
|
|upkeep
|turn|24
|
|move|p2a: Ditto|Rock Slide|p1a: Aegislash
|-resisted|p1a: Aegislash
|-damage|p1a: Aegislash|43/100
|move|p1a: Aegislash|Psycho Cut|p2a: Ditto
|-supereffective|p2a: Ditto
|-damage|p2a: Ditto|20/100
|
|upkeep
|turn|25
|
|-formechange|p1a: Aegislash|Aegislash||[from] ability: Stance Change
|move|p1a: Aegislash|King's Shield|p1a: Aegislash
|-singleturn|p1a: Aegislash|Protect
|move|p2a: Ditto|Rock Slide|p1a: Aegislash
|-activate|p1a: Aegislash|move: Protect
|
|upkeep
|turn|26
|
|-activate|p2a: Ditto|move: Struggle
|move|p2a: Ditto|Struggle|p1a: Aegislash
|-crit|p1a: Aegislash
|-damage|p1a: Aegislash|14/100
|-enditem|p1a: Aegislash|Aguav Berry|[eat]
|-heal|p1a: Aegislash|46/100|[from] item: Aguav Berry
|-damage|p2a: Ditto|0 fnt|[from] recoil
|faint|p2a: Ditto
|-formechange|p1a: Aegislash|Aegislash-Blade||[from] ability: Stance Change
|move|p1a: Aegislash|Psycho Cut|p2: Ditto|[notarget]
|-fail|p1a: Aegislash
|
|upkeep
|
|switch|p2a: Clefable|Clefable, M|100/100
|turn|27
|
|-formechange|p1a: Aegislash|Aegislash||[from] ability: Stance Change
|move|p1a: Aegislash|King's Shield|p1a: Aegislash
|-singleturn|p1a: Aegislash|Protect
|move|p2a: Clefable|Flamethrower|p1a: Aegislash
|-activate|p1a: Aegislash|move: Protect
|
|upkeep
|turn|28
|
|move|p2a: Clefable|Flamethrower|p1a: Aegislash
|-supereffective|p1a: Aegislash
|-damage|p1a: Aegislash|0 fnt
|faint|p1a: Aegislash
|
|upkeep
|
|switch|p1a: Ferrothorn|Ferrothorn, F, shiny|100/100
|turn|29
|
|move|p2a: Clefable|Flamethrower|p1a: Ferrothorn
|-supereffective|p1a: Ferrothorn
|-damage|p1a: Ferrothorn|5/100
|move|p1a: Ferrothorn|Gyro Ball|p2a: Clefable
|-supereffective|p2a: Clefable
|-damage|p2a: Clefable|37/100
|
|upkeep
|turn|30
|
|move|p2a: Clefable|Flamethrower|p1a: Ferrothorn
|-supereffective|p1a: Ferrothorn
|-damage|p1a: Ferrothorn|0 fnt
|faint|p1a: Ferrothorn
|
|upkeep
|
|switch|p1a: Grimmsnarl|Grimmsnarl, M, shiny|12/100 brn
|turn|31
|
|move|p2a: Clefable|Flamethrower|p1a: Grimmsnarl
|-damage|p1a: Grimmsnarl|0 fnt
|faint|p1a: Grimmsnarl
|
|win|Jeremie17
|c|☆lorddrago|gg
|l|☆lorddrago
|raw|lorddrago's rating: 1074 → 1055(-19 for losing)
|raw|Jeremie17's rating: 1109 → 1132(+23 for winning)
