|ScrapeTime|2020-01-01-17:26:02
|j|☆Babbleinc
|j|☆NoNewMetaPlease
|player|p1|Babbleinc|265|1051
|player|p2|NoNewMetaPlease|swimmerf-gen4dp|1067
|teamsize|p1|6
|teamsize|p2|6
|gametype|singles
|gen|8
|tier|[Gen 8] OU
|rated|
|rule|Sleep Clause Mod: Limit one foe put to sleep
|rule|Species Clause: Limit one of each Pokémon
|rule|OHKO Clause: OHKO moves are banned
|rule|Evasion Moves Clause: Evasion moves are banned
|rule|Endless Battle Clause: Forcing endless battles is banned
|rule|HP Percentage Mod: HP is shown in percentages
|clearpoke
|poke|p1|Ferrothorn, F|
|poke|p1|Dragapult, M|
|poke|p1|Cinderace, F|
|poke|p1|Tyranitar, F|
|poke|p1|Goodra, F|
|poke|p1|Mandibuzz, F|
|poke|p2|Hydreigon, F|
|poke|p2|Clefable, M|
|poke|p2|Seismitoad, M|
|poke|p2|Hawlucha, F|
|poke|p2|Corviknight, M|
|poke|p2|Mandibuzz, F|
|rule|Dynamax Clause: You cannot dynamax
|teampreview
|inactive|Battle timer is ON: inactive players will automatically lose when time's up. (requested by Babbleinc)
|
|start
|switch|p1a: Mandibuzz|Mandibuzz, F|100/100
|switch|p2a: Corviknight|Corviknight, M|100/100
|-ability|p2a: Corviknight|Pressure
|turn|1
|inactive|NoNewMetaPlease has 120 seconds left.
|
|switch|p2a: Seismitoad|Seismitoad, M|100/100
|move|p1a: Mandibuzz|Whirlwind|p2a: Seismitoad
|drag|p2a: Clefable|Clefable, M|100/100
|
|upkeep
|turn|2
|
|switch|p1a: Goodra|Goodra, F|100/100
|move|p2a: Clefable|Thunderbolt|p1a: Goodra
|-resisted|p1a: Goodra
|-damage|p1a: Goodra|93/100
|
|upkeep
|turn|3
|inactive|NoNewMetaPlease has 120 seconds left.
|
|switch|p2a: Seismitoad|Seismitoad, M|100/100
|move|p1a: Goodra|Sludge Wave|p2a: Seismitoad
|-resisted|p2a: Seismitoad
|-damage|p2a: Seismitoad|83/100
|
|-heal|p2a: Seismitoad|89/100|[from] item: Leftovers
|upkeep
|turn|4
|
|switch|p1a: Ferrothorn|Ferrothorn, F|100/100
|move|p2a: Seismitoad|Stealth Rock|p1a: Ferrothorn
|-sidestart|p1: Babbleinc|move: Stealth Rock
|
|-heal|p2a: Seismitoad|95/100|[from] item: Leftovers
|upkeep
|turn|5
|inactive|NoNewMetaPlease has 120 seconds left.
|
|switch|p2a: Hawlucha|Hawlucha, F, shiny|100/100
|move|p1a: Ferrothorn|Leech Seed|p2a: Hawlucha
|-start|p2a: Hawlucha|move: Leech Seed
|
|-damage|p2a: Hawlucha|88/100|[from] Leech Seed|[of] p1a: Ferrothorn
|upkeep
|turn|6
|
|move|p2a: Hawlucha|Reversal|p1a: Ferrothorn
|-supereffective|p1a: Ferrothorn
|-damage|p1a: Ferrothorn|88/100
|-damage|p2a: Hawlucha|76/100|[from] ability: Iron Barbs|[of] p1a: Ferrothorn
|-damage|p2a: Hawlucha|59/100|[from] item: Rocky Helmet|[of] p1a: Ferrothorn
|move|p1a: Ferrothorn|Thunder Wave|p2a: Hawlucha
|-status|p2a: Hawlucha|par
|
|-damage|p2a: Hawlucha|47/100 par|[from] Leech Seed|[of] p1a: Ferrothorn
|-heal|p1a: Ferrothorn|99/100|[silent]
|upkeep
|turn|7
|inactive|NoNewMetaPlease has 90 seconds left.
|
|switch|p2a: Clefable|Clefable, M|100/100
|switch|p1a: Mandibuzz|Mandibuzz, F|100/100
|-damage|p1a: Mandibuzz|76/100|[from] Stealth Rock
|
|upkeep
|turn|8
|inactive|NoNewMetaPlease has 90 seconds left.
|
|move|p2a: Clefable|Thunderbolt|p1a: Mandibuzz
|-supereffective|p1a: Mandibuzz
|-damage|p1a: Mandibuzz|17/100
|move|p1a: Mandibuzz|Defog|p2a: Clefable
|-unboost|p2a: Clefable|evasion|1
|-sideend|p1: Babbleinc|Stealth Rock|[from] move: Defog|[of] p1a: Mandibuzz
|
|upkeep
|turn|9
|
|move|p2a: Clefable|Flamethrower|p1a: Mandibuzz
|-damage|p1a: Mandibuzz|0 fnt
|faint|p1a: Mandibuzz
|
|upkeep
|
|switch|p1a: Goodra|Goodra, F|93/100
|turn|10
|
|move|p2a: Clefable|Moonblast|p1a: Goodra
|-supereffective|p1a: Goodra
|-damage|p1a: Goodra|47/100
|-unboost|p1a: Goodra|spa|1
|move|p1a: Goodra|Flamethrower|p2a: Clefable
|-damage|p2a: Clefable|78/100
|
|upkeep
|turn|11
|
|switch|p1a: Tyranitar|Tyranitar, F|100/100
|-weather|Sandstorm|[from] ability: Sand Stream|[of] p1a: Tyranitar
|move|p2a: Clefable|Moonblast|p1a: Tyranitar
|-supereffective|p1a: Tyranitar
|-damage|p1a: Tyranitar|57/100
|-unboost|p1a: Tyranitar|spa|1
|
|-weather|Sandstorm|[upkeep]
|upkeep
|turn|12
|inactive|NoNewMetaPlease has 90 seconds left.
|
|move|p2a: Clefable|Moonblast|p1a: Tyranitar
|-supereffective|p1a: Tyranitar
|-damage|p1a: Tyranitar|15/100
|move|p1a: Tyranitar|Stone Edge|p2a: Clefable
|-damage|p2a: Clefable|5/100
|
|-weather|Sandstorm|[upkeep]
|upkeep
|turn|13
|
|move|p2a: Clefable|Moonblast|p1a: Tyranitar
|-supereffective|p1a: Tyranitar
|-damage|p1a: Tyranitar|0 fnt
|faint|p1a: Tyranitar
|
|-weather|Sandstorm|[upkeep]
|upkeep
|
|switch|p1a: Cinderace|Cinderace, F|100/100
|turn|14
|
|switch|p2a: Seismitoad|Seismitoad, M|95/100
|move|p1a: Cinderace|U-turn|p2a: Seismitoad
|-damage|p2a: Seismitoad|77/100
|
|switch|p1a: Ferrothorn|Ferrothorn, F|99/100|[from]move: U-turn
|
|-weather|Sandstorm|[upkeep]
|-heal|p2a: Seismitoad|83/100|[from] item: Leftovers
|upkeep
|turn|15
|inactive|NoNewMetaPlease has 120 seconds left.
|
|move|p2a: Seismitoad|Earthquake|p1a: Ferrothorn
|-damage|p1a: Ferrothorn|79/100
|move|p1a: Ferrothorn|Leech Seed|p2a: Seismitoad
|-start|p2a: Seismitoad|move: Leech Seed
|
|-weather|none
|-heal|p2a: Seismitoad|89/100|[from] item: Leftovers
|-damage|p2a: Seismitoad|77/100|[from] Leech Seed|[of] p1a: Ferrothorn
|-heal|p1a: Ferrothorn|93/100|[silent]
|upkeep
|turn|16
|inactive|NoNewMetaPlease has 120 seconds left.
|
|switch|p2a: Clefable|Clefable, M|5/100
|move|p1a: Ferrothorn|Stealth Rock|p2a: Clefable
|-sidestart|p2: NoNewMetaPlease|move: Stealth Rock
|
|upkeep
|turn|17
|
|move|p2a: Clefable|Flamethrower|p1a: Ferrothorn
|-supereffective|p1a: Ferrothorn
|-damage|p1a: Ferrothorn|0 fnt
|faint|p1a: Ferrothorn
|
|upkeep
|
|switch|p1a: Cinderace|Cinderace, F|100/100
|turn|18
|
|switch|p2a: Mandibuzz|Mandibuzz, F|100/100
|move|p1a: Cinderace|High Jump Kick|p2a: Mandibuzz
|-damage|p2a: Mandibuzz|64/100
|
|upkeep
|turn|19
|
|move|p1a: Cinderace|Pyro Ball|p2a: Mandibuzz
|-damage|p2a: Mandibuzz|19/100
|move|p2a: Mandibuzz|Roost|p2a: Mandibuzz
|-heal|p2a: Mandibuzz|69/100
|-singleturn|p2a: Mandibuzz|move: Roost
|
|upkeep
|turn|20
|
|move|p1a: Cinderace|U-turn|p2a: Mandibuzz
|-damage|p2a: Mandibuzz|50/100
|
|switch|p1a: Dragapult|Dragapult, M|100/100|[from]move: U-turn
|move|p2a: Mandibuzz|Defog|p1a: Dragapult
|-unboost|p1a: Dragapult|evasion|1
|-sideend|p2: NoNewMetaPlease|Stealth Rock|[from] move: Defog|[of] p2a: Mandibuzz
|
|upkeep
|turn|21
|
|move|p1a: Dragapult|Shadow Ball|p2a: Mandibuzz
|-resisted|p2a: Mandibuzz
|-damage|p2a: Mandibuzz|38/100
|-unboost|p2a: Mandibuzz|spd|1
|-damage|p1a: Dragapult|91/100|[from] item: Life Orb
|move|p2a: Mandibuzz|Knock Off|p1a: Dragapult
|-supereffective|p1a: Dragapult
|-damage|p1a: Dragapult|18/100
|-enditem|p1a: Dragapult|Life Orb|[from] move: Knock Off|[of] p2a: Mandibuzz
|
|upkeep
|turn|22
|-message|Babbleinc forfeited.
|
|win|NoNewMetaPlease
|l|☆Babbleinc
|c|☆NoNewMetaPlease|sorry
|raw|Babbleinc's rating: 1051 → 1034(-17 for losing)
|raw|NoNewMetaPlease's rating: 1067 → 1095(+28 for winning)
