|ScrapeTime|2020-01-03-01:35:37
|j|☆jxpitzr
|j|☆LeozinPoker
|player|p1|jxpitzr|n|1000
|player|p2|LeozinPoker|n|1000
|teamsize|p1|6
|teamsize|p2|6
|gametype|singles
|gen|8
|tier|[Gen 8] OU
|rated|
|rule|Sleep Clause Mod: Limit one foe put to sleep
|rule|Species Clause: Limit one of each Pokémon
|rule|OHKO Clause: OHKO moves are banned
|rule|Evasion Moves Clause: Evasion moves are banned
|rule|Endless Battle Clause: Forcing endless battles is banned
|rule|HP Percentage Mod: HP is shown in percentages
|clearpoke
|poke|p1|Aegislash, M|
|poke|p1|Rotom-Heat|
|poke|p1|Grimmsnarl, M|
|poke|p1|Ferrothorn, M|
|poke|p1|Toxapex, F|
|poke|p1|Silvally-*|
|poke|p2|Mr. Rime, M|
|poke|p2|Shuckle, F|
|poke|p2|Bisharp, F|
|poke|p2|Dracovish|
|poke|p2|Toxapex, M|
|poke|p2|Rotom-Heat|
|rule|Dynamax Clause: You cannot dynamax
|teampreview
|
|start
|switch|p1a: Ferrothorn|Ferrothorn, M|100/100
|switch|p2a: Tartaruga infeliz|Shuckle, F|100/100
|turn|1
|c|☆jxpitzr|glhf :)
|c|☆jxpitzr|i have no idea what im doing
|c|☆LeozinPoker|I am brazilian, not speak english very good
|
|move|p1a: Ferrothorn|Spikes|p2a: Tartaruga infeliz
|-sidestart|p2: LeozinPoker|Spikes
|move|p2a: Tartaruga infeliz|Sticky Web|p1a: Ferrothorn
|-sidestart|p1: jxpitzr|move: Sticky Web
|
|upkeep
|turn|2
|
|move|p1a: Ferrothorn|Spikes|p2a: Tartaruga infeliz
|-sidestart|p2: LeozinPoker|Spikes
|move|p2a: Tartaruga infeliz|Stealth Rock|p1a: Ferrothorn
|-sidestart|p1: jxpitzr|move: Stealth Rock
|
|upkeep
|turn|3
|
|switch|p2a: Poké-Charpiln|Mr. Rime, M|100/100
|move|p1a: Ferrothorn|Leech Seed|p2a: Poké-Charpiln
|-start|p2a: Poké-Charpiln|move: Leech Seed
|
|-damage|p2a: Poké-Charpiln|88/100|[from] Leech Seed|[of] p1a: Ferrothorn
|upkeep
|turn|4
|
|move|p2a: Poké-Charpiln|Focus Blast|p1a: Ferrothorn
|-supereffective|p1a: Ferrothorn
|-damage|p1a: Ferrothorn|34/100
|move|p1a: Ferrothorn|Knock Off|p2a: Poké-Charpiln
|-supereffective|p2a: Poké-Charpiln
|-damage|p2a: Poké-Charpiln|22/100
|-enditem|p2a: Poké-Charpiln|Heavy-Duty Boots|[from] move: Knock Off|[of] p1a: Ferrothorn
|
|-heal|p1a: Ferrothorn|40/100|[from] item: Leftovers
|-damage|p2a: Poké-Charpiln|10/100|[from] Leech Seed|[of] p1a: Ferrothorn
|-heal|p1a: Ferrothorn|51/100|[silent]
|upkeep
|turn|5
|
|switch|p1a: Aegis|Aegislash, M, shiny|100/100
|-damage|p1a: Aegis|94/100|[from] Stealth Rock
|-activate|p1a: Aegis|move: Sticky Web
|-unboost|p1a: Aegis|spe|1
|move|p2a: Poké-Charpiln|Focus Blast|p1a: Aegis
|-immune|p1a: Aegis
|
|-heal|p1a: Aegis|100/100|[from] item: Leftovers
|-damage|p2a: Poké-Charpiln|0 fnt|[from] Leech Seed|[of] p1a: Aegis
|faint|p2a: Poké-Charpiln
|upkeep
|
|switch|p2a: Saindo do forno|Rotom-Heat|100/100
|turn|6
|
|move|p2a: Saindo do forno|Trick|p1a: Aegis
|-activate|p2a: Saindo do forno|move: Trick|[of] p1a: Aegis
|-item|p1a: Aegis|Choice Scarf|[from] move: Trick
|-item|p2a: Saindo do forno|Leftovers|[from] move: Trick
|move|p1a: Aegis|Metal Sound|p2a: Saindo do forno|[miss]
|-miss|p1a: Aegis|p2a: Saindo do forno
|
|upkeep
|turn|7
|
|switch|p1a: Silvally|Silvally-Ground|100/100
|-activate|p1a: Silvally|move: Sticky Web
|-unboost|p1a: Silvally|spe|1
|-damage|p1a: Silvally|94/100|[from] Stealth Rock
|move|p2a: Saindo do forno|Overheat|p1a: Silvally|[miss]
|-miss|p2a: Saindo do forno|p1a: Silvally
|
|upkeep
|turn|8
|
|switch|p2a: Tartaruga infeliz|Shuckle, F|100/100
|-damage|p2a: Tartaruga infeliz|84/100|[from] Spikes
|move|p1a: Silvally|Multi-Attack|p2a: Tartaruga infeliz
|-damage|p2a: Tartaruga infeliz|52/100
|
|upkeep
|turn|9
|
|move|p1a: Silvally|Swords Dance|p1a: Silvally
|-boost|p1a: Silvally|atk|2
|move|p2a: Tartaruga infeliz|Toxic|p1a: Silvally
|-status|p1a: Silvally|tox
|
|-damage|p1a: Silvally|88/100 tox|[from] psn
|upkeep
|turn|10
|
|move|p2a: Tartaruga infeliz|Protect|p2a: Tartaruga infeliz
|-singleturn|p2a: Tartaruga infeliz|Protect
|move|p1a: Silvally|Multi-Attack|p2a: Tartaruga infeliz
|-activate|p2a: Tartaruga infeliz|move: Protect
|
|-damage|p1a: Silvally|76/100 tox|[from] psn
|upkeep
|turn|11
|
|move|p1a: Silvally|Multi-Attack|p2a: Tartaruga infeliz
|-damage|p2a: Tartaruga infeliz|0 fnt
|faint|p2a: Tartaruga infeliz
|
|-damage|p1a: Silvally|58/100 tox|[from] psn
|upkeep
|
|switch|p2a: Draco-VIXIII|Dracovish|100/100
|-damage|p2a: Draco-VIXIII|84/100|[from] Spikes
|turn|12
|
|move|p2a: Draco-VIXIII|Outrage|p1a: Silvally
|-damage|p1a: Silvally|9/100 tox
|move|p1a: Silvally|Multi-Attack|p2a: Draco-VIXIII
|-damage|p2a: Draco-VIXIII|0 fnt
|faint|p2a: Draco-VIXIII
|
|-damage|p1a: Silvally|0 fnt|[from] psn
|faint|p1a: Silvally
|upkeep
|
|switch|p1a: Ferrothorn|Ferrothorn, M|51/100
|switch|p2a: Saindo do forno|Rotom-Heat|100/100
|-activate|p1a: Ferrothorn|move: Sticky Web
|-unboost|p1a: Ferrothorn|spe|1
|-damage|p1a: Ferrothorn|45/100|[from] Stealth Rock
|turn|13
|
|switch|p1a: Aegis|Aegislash, M, shiny|100/100
|-activate|p1a: Aegis|move: Sticky Web
|-unboost|p1a: Aegis|spe|1
|-damage|p1a: Aegis|94/100|[from] Stealth Rock
|move|p2a: Saindo do forno|Overheat|p1a: Aegis
|-supereffective|p1a: Aegis
|-damage|p1a: Aegis|0 fnt
|-unboost|p2a: Saindo do forno|spa|2
|faint|p1a: Aegis
|
|upkeep
|
|switch|p1a: Toxapex|Toxapex, F, shiny|100/100
|-damage|p1a: Toxapex|88/100|[from] Stealth Rock
|-activate|p1a: Toxapex|move: Sticky Web
|-unboost|p1a: Toxapex|spe|1
|turn|14
|
|move|p2a: Saindo do forno|Volt Switch|p1a: Toxapex
|-supereffective|p1a: Toxapex
|-damage|p1a: Toxapex|60/100
|
|switch|p2a: Vem tranquilo|Bisharp, F|100/100|[from]move: Volt Switch
|-damage|p2a: Vem tranquilo|84/100|[from] Spikes
|move|p1a: Toxapex|Scald|p2a: Vem tranquilo
|-damage|p2a: Vem tranquilo|55/100
|
|-heal|p1a: Toxapex|66/100|[from] item: Black Sludge
|upkeep
|turn|15
|
|move|p2a: Vem tranquilo|Iron Head|p1a: Toxapex
|-resisted|p1a: Toxapex
|-damage|p1a: Toxapex|49/100
|-damage|p2a: Vem tranquilo|45/100|[from] item: Life Orb
|move|p1a: Toxapex|Recover|p1a: Toxapex
|-heal|p1a: Toxapex|99/100
|
|-heal|p1a: Toxapex|100/100|[from] item: Black Sludge
|upkeep
|turn|16
|
|move|p1a: Toxapex|Baneful Bunker|p1a: Toxapex
|-singleturn|p1a: Toxapex|move: Protect
|move|p2a: Vem tranquilo|Swords Dance|p2a: Vem tranquilo
|-boost|p2a: Vem tranquilo|atk|2
|
|upkeep
|turn|17
|
|move|p2a: Vem tranquilo|Iron Head|p1a: Toxapex
|-resisted|p1a: Toxapex
|-damage|p1a: Toxapex|69/100
|-damage|p2a: Vem tranquilo|35/100|[from] item: Life Orb
|cant|p1a: Toxapex|flinch
|
|-heal|p1a: Toxapex|75/100|[from] item: Black Sludge
|upkeep
|turn|18
|
|move|p1a: Toxapex|Baneful Bunker|p1a: Toxapex
|-singleturn|p1a: Toxapex|move: Protect
|move|p2a: Vem tranquilo|Swords Dance|p2a: Vem tranquilo
|-boost|p2a: Vem tranquilo|atk|2
|
|-heal|p1a: Toxapex|82/100|[from] item: Black Sludge
|upkeep
|turn|19
|
|move|p2a: Vem tranquilo|Iron Head|p1a: Toxapex
|-resisted|p1a: Toxapex
|-damage|p1a: Toxapex|36/100
|-damage|p2a: Vem tranquilo|25/100|[from] item: Life Orb
|cant|p1a: Toxapex|flinch
|
|-heal|p1a: Toxapex|43/100|[from] item: Black Sludge
|upkeep
|turn|20
|
|move|p2a: Vem tranquilo|Swords Dance|p2a: Vem tranquilo
|-boost|p2a: Vem tranquilo|atk|2
|move|p1a: Toxapex|Recover|p1a: Toxapex
|-heal|p1a: Toxapex|93/100
|
|-heal|p1a: Toxapex|99/100|[from] item: Black Sludge
|upkeep
|turn|21
|
|move|p1a: Toxapex|Baneful Bunker|p1a: Toxapex
|-singleturn|p1a: Toxapex|move: Protect
|move|p2a: Vem tranquilo|Iron Head|p1a: Toxapex
|-activate|p1a: Toxapex|move: Protect
|
|-heal|p1a: Toxapex|100/100|[from] item: Black Sludge
|upkeep
|turn|22
|
|move|p2a: Vem tranquilo|Iron Head|p1a: Toxapex
|-resisted|p1a: Toxapex
|-damage|p1a: Toxapex|37/100
|-damage|p2a: Vem tranquilo|15/100|[from] item: Life Orb
|move|p1a: Toxapex|Scald|p2a: Vem tranquilo
|-damage|p2a: Vem tranquilo|0 fnt
|faint|p2a: Vem tranquilo
|
|-heal|p1a: Toxapex|44/100|[from] item: Black Sludge
|upkeep
|
|switch|p2a: Saindo do forno|Rotom-Heat|100/100
|turn|23
|
|move|p2a: Saindo do forno|Volt Switch|p1a: Toxapex
|-supereffective|p1a: Toxapex
|-damage|p1a: Toxapex|0 fnt
|faint|p1a: Toxapex
|
|switch|p2a: Pode dar que eu gu|Toxapex, M|100/100|[from]move: Volt Switch
|-damage|p2a: Pode dar que eu gu|84/100|[from] Spikes
|
|-heal|p2a: Pode dar que eu gu|90/100|[from] item: Black Sludge
|upkeep
|
|switch|p1a: Ferrothorn|Ferrothorn, M|45/100
|-damage|p1a: Ferrothorn|38/100|[from] Stealth Rock
|-activate|p1a: Ferrothorn|move: Sticky Web
|-unboost|p1a: Ferrothorn|spe|1
|turn|24
|
|move|p2a: Pode dar que eu gu|Scald|p1a: Ferrothorn
|-resisted|p1a: Ferrothorn
|-damage|p1a: Ferrothorn|31/100
|move|p1a: Ferrothorn|Power Whip|p2a: Pode dar que eu gu
|-damage|p2a: Pode dar que eu gu|65/100
|
|-heal|p2a: Pode dar que eu gu|72/100|[from] item: Black Sludge
|-heal|p1a: Ferrothorn|37/100|[from] item: Leftovers
|upkeep
|turn|25
|
|move|p2a: Pode dar que eu gu|Scald|p1a: Ferrothorn
|-resisted|p1a: Ferrothorn
|-damage|p1a: Ferrothorn|30/100
|move|p1a: Ferrothorn|Leech Seed|p2a: Pode dar que eu gu
|-start|p2a: Pode dar que eu gu|move: Leech Seed
|
|-heal|p2a: Pode dar que eu gu|78/100|[from] item: Black Sludge
|-heal|p1a: Ferrothorn|36/100|[from] item: Leftovers
|-damage|p2a: Pode dar que eu gu|65/100|[from] Leech Seed|[of] p1a: Ferrothorn
|-heal|p1a: Ferrothorn|47/100|[silent]
|upkeep
|turn|26
|
|move|p2a: Pode dar que eu gu|Recover|p2a: Pode dar que eu gu
|-heal|p2a: Pode dar que eu gu|100/100
|move|p1a: Ferrothorn|Knock Off|p2a: Pode dar que eu gu
|-damage|p2a: Pode dar que eu gu|86/100
|-enditem|p2a: Pode dar que eu gu|Black Sludge|[from] move: Knock Off|[of] p1a: Ferrothorn
|
|-heal|p1a: Ferrothorn|53/100|[from] item: Leftovers
|-damage|p2a: Pode dar que eu gu|74/100|[from] Leech Seed|[of] p1a: Ferrothorn
|-heal|p1a: Ferrothorn|64/100|[silent]
|upkeep
|turn|27
|
|move|p2a: Pode dar que eu gu|Scald|p1a: Ferrothorn
|-resisted|p1a: Ferrothorn
|-damage|p1a: Ferrothorn|56/100
|move|p1a: Ferrothorn|Spikes|p2a: Pode dar que eu gu
|-sidestart|p2: LeozinPoker|Spikes
|
|-heal|p1a: Ferrothorn|62/100|[from] item: Leftovers
|-damage|p2a: Pode dar que eu gu|61/100|[from] Leech Seed|[of] p1a: Ferrothorn
|-heal|p1a: Ferrothorn|73/100|[silent]
|upkeep
|turn|28
|
|move|p2a: Pode dar que eu gu|Scald|p1a: Ferrothorn
|-resisted|p1a: Ferrothorn
|-damage|p1a: Ferrothorn|66/100
|-status|p1a: Ferrothorn|brn
|move|p1a: Ferrothorn|Power Whip|p2a: Pode dar que eu gu
|-damage|p2a: Pode dar que eu gu|49/100
|
|-heal|p1a: Ferrothorn|72/100 brn|[from] item: Leftovers
|-damage|p2a: Pode dar que eu gu|37/100|[from] Leech Seed|[of] p1a: Ferrothorn
|-heal|p1a: Ferrothorn|83/100 brn|[silent]
|-damage|p1a: Ferrothorn|76/100 brn|[from] brn
|upkeep
|turn|29
|
|move|p2a: Pode dar que eu gu|Recover|p2a: Pode dar que eu gu
|-heal|p2a: Pode dar que eu gu|87/100
|move|p1a: Ferrothorn|Power Whip|p2a: Pode dar que eu gu
|-damage|p2a: Pode dar que eu gu|73/100
|
|-heal|p1a: Ferrothorn|83/100 brn|[from] item: Leftovers
|-damage|p2a: Pode dar que eu gu|61/100|[from] Leech Seed|[of] p1a: Ferrothorn
|-heal|p1a: Ferrothorn|93/100 brn|[silent]
|-damage|p1a: Ferrothorn|87/100 brn|[from] brn
|upkeep
|turn|30
|
|switch|p2a: Saindo do forno|Rotom-Heat|100/100
|move|p1a: Ferrothorn|Power Whip|p2a: Saindo do forno|[miss]
|-miss|p1a: Ferrothorn|p2a: Saindo do forno
|
|-heal|p1a: Ferrothorn|93/100 brn|[from] item: Leftovers
|-damage|p1a: Ferrothorn|87/100 brn|[from] brn
|upkeep
|turn|31
|
|move|p2a: Saindo do forno|Overheat|p1a: Ferrothorn
|-supereffective|p1a: Ferrothorn
|-damage|p1a: Ferrothorn|0 fnt
|-unboost|p2a: Saindo do forno|spa|2
|faint|p1a: Ferrothorn
|
|upkeep
|
|switch|p1a: Behemoth|Grimmsnarl, M|100/100
|-damage|p1a: Behemoth|88/100|[from] Stealth Rock
|-activate|p1a: Behemoth|move: Sticky Web
|-unboost|p1a: Behemoth|spe|1
|turn|32
|
|move|p1a: Behemoth|Light Screen|p1a: Behemoth
|-sidestart|p1: jxpitzr|move: Light Screen
|move|p2a: Saindo do forno|Volt Switch|p1a: Behemoth
|-damage|p1a: Behemoth|78/100
|
|switch|p2a: Pode dar que eu gu|Toxapex, M|94/100|[from]move: Volt Switch
|-damage|p2a: Pode dar que eu gu|69/100|[from] Spikes
|
|upkeep
|turn|33
|
|switch|p1a: Motor|Rotom-Heat|100/100
|move|p2a: Pode dar que eu gu|Scald|p1a: Motor
|-supereffective|p1a: Motor
|-damage|p1a: Motor|82/100
|
|upkeep
|turn|34
|
|move|p2a: Pode dar que eu gu|Baneful Bunker|p2a: Pode dar que eu gu
|-singleturn|p2a: Pode dar que eu gu|move: Protect
|move|p1a: Motor|Volt Switch|p2a: Pode dar que eu gu
|-activate|p2a: Pode dar que eu gu|move: Protect
|
|upkeep
|turn|35
|
|move|p1a: Motor|Thunder Wave|p2a: Pode dar que eu gu
|-status|p2a: Pode dar que eu gu|par
|move|p2a: Pode dar que eu gu|Recover|p2a: Pode dar que eu gu
|-heal|p2a: Pode dar que eu gu|100/100 par
|
|upkeep
|turn|36
|
|move|p1a: Motor|Nasty Plot|p1a: Motor
|-boost|p1a: Motor|spa|2
|cant|p2a: Pode dar que eu gu|par
|
|upkeep
|turn|37
|
|cant|p2a: Pode dar que eu gu|par
|move|p1a: Motor|Nasty Plot|p1a: Motor
|-boost|p1a: Motor|spa|2
|
|upkeep
|turn|38
|
|move|p1a: Motor|Volt Switch|p2a: Pode dar que eu gu
|-supereffective|p2a: Pode dar que eu gu
|-damage|p2a: Pode dar que eu gu|0 fnt
|faint|p2a: Pode dar que eu gu
|-message|LeozinPoker forfeited.
|
|win|jxpitzr
|l|☆LeozinPoker
|raw|jxpitzr's rating: 1000 → 1040(+40 for winning)
|raw|LeozinPoker's rating: 1000 → 1000(+0 for losing)
