|ScrapeTime|2020-01-01-22:24:44
|j|☆swagsurf6
|j|☆SickNigguhs
|player|p1|swagsurf6|pokemaniac|1050
|player|p2|SickNigguhs|169|1000
|teamsize|p1|6
|teamsize|p2|6
|gametype|singles
|gen|8
|tier|[Gen 8] OU
|rated|
|rule|Sleep Clause Mod: Limit one foe put to sleep
|rule|Species Clause: Limit one of each Pokémon
|rule|OHKO Clause: OHKO moves are banned
|rule|Evasion Moves Clause: Evasion moves are banned
|rule|Endless Battle Clause: Forcing endless battles is banned
|rule|HP Percentage Mod: HP is shown in percentages
|clearpoke
|poke|p1|Dragapult, F|
|poke|p1|Dugtrio, M|
|poke|p1|Gengar, F|
|poke|p1|Mandibuzz, F|
|poke|p1|Toxapex, M|
|poke|p1|Dracovish|
|poke|p2|Corviknight, F|
|poke|p2|Toxapex, M|
|poke|p2|Eldegoss, F|
|poke|p2|Hippowdon, M|
|poke|p2|Dragapult, M|
|poke|p2|Clefable, M|
|rule|Dynamax Clause: You cannot dynamax
|teampreview
|
|start
|switch|p1a: Gengar|Gengar, F|100/100
|switch|p2a: Dragapult|Dragapult, M|100/100
|turn|1
|
|move|p1a: Gengar|Shadow Ball|p2a: Dragapult
|-supereffective|p2a: Dragapult
|-damage|p2a: Dragapult|0 fnt
|faint|p2a: Dragapult
|
|upkeep
|
|switch|p2a: Hippowdon|Hippowdon, M|100/100
|-weather|Sandstorm|[from] ability: Sand Stream|[of] p2a: Hippowdon
|turn|2
|
|switch|p1a: Dracovish|Dracovish|100/100
|move|p2a: Hippowdon|Stealth Rock|p1a: Dracovish
|-sidestart|p1: swagsurf6|move: Stealth Rock
|
|-weather|Sandstorm|[upkeep]
|-damage|p1a: Dracovish|94/100|[from] Sandstorm
|upkeep
|turn|3
|inactive|Battle timer is ON: inactive players will automatically lose when time's up. (requested by SickNigguhs)
|
|switch|p2a: Toxapex|Toxapex, M|100/100
|move|p1a: Dracovish|Fishious Rend|p2a: Toxapex
|-resisted|p2a: Toxapex
|-damage|p2a: Toxapex|81/100
|
|-weather|Sandstorm|[upkeep]
|-damage|p1a: Dracovish|88/100|[from] Sandstorm
|-damage|p2a: Toxapex|75/100|[from] Sandstorm
|-heal|p2a: Toxapex|81/100|[from] item: Black Sludge
|upkeep
|turn|4
|
|switch|p1a: Mandibuzz|Mandibuzz, F|100/100
|move|p2a: Toxapex|Toxic Spikes|p1a: Mandibuzz
|-sidestart|p1: swagsurf6|move: Toxic Spikes
|
|-weather|Sandstorm|[upkeep]
|-damage|p2a: Toxapex|75/100|[from] Sandstorm
|-heal|p2a: Toxapex|81/100|[from] item: Black Sludge
|upkeep
|turn|5
|
|move|p1a: Mandibuzz|Defog|p2a: Toxapex
|-unboost|p2a: Toxapex|evasion|1
|-sideend|p1: swagsurf6|Toxic Spikes|[from] move: Defog|[of] p1a: Mandibuzz
|-sideend|p1: swagsurf6|Stealth Rock|[from] move: Defog|[of] p1a: Mandibuzz
|move|p2a: Toxapex|Scald|p1a: Mandibuzz
|-damage|p1a: Mandibuzz|90/100
|
|-weather|Sandstorm|[upkeep]
|-damage|p2a: Toxapex|75/100|[from] Sandstorm
|-heal|p2a: Toxapex|81/100|[from] item: Black Sludge
|upkeep
|turn|6
|
|switch|p1a: Dracovish|Dracovish|88/100
|move|p2a: Toxapex|Scald|p1a: Dracovish
|-heal|p1a: Dracovish|100/100|[from] ability: Water Absorb|[of] p2a: Toxapex
|
|-weather|none
|-heal|p2a: Toxapex|87/100|[from] item: Black Sludge
|upkeep
|turn|7
|
|move|p1a: Dracovish|Psychic Fangs|p2a: Toxapex
|-supereffective|p2a: Toxapex
|-damage|p2a: Toxapex|58/100
|move|p2a: Toxapex|Toxic Spikes|p1a: Dracovish
|-sidestart|p1: swagsurf6|move: Toxic Spikes
|
|-heal|p2a: Toxapex|64/100|[from] item: Black Sludge
|upkeep
|turn|8
|
|switch|p1a: Gengar|Gengar, F|100/100
|-sideend|p1: swagsurf6|move: Toxic Spikes|[of] p1a: Gengar
|move|p2a: Toxapex|Toxic Spikes|p1a: Gengar
|-sidestart|p1: swagsurf6|move: Toxic Spikes
|
|-heal|p2a: Toxapex|69/100|[from] item: Black Sludge
|upkeep
|turn|9
|
|move|p1a: Gengar|Thunderbolt|p2a: Toxapex
|-supereffective|p2a: Toxapex
|-damage|p2a: Toxapex|12/100
|move|p2a: Toxapex|Scald|p1a: Gengar
|-damage|p1a: Gengar|71/100
|
|-heal|p2a: Toxapex|18/100|[from] item: Black Sludge
|upkeep
|turn|10
|
|switch|p2a: Hippowdon|Hippowdon, M|100/100
|-weather|Sandstorm|[from] ability: Sand Stream|[of] p2a: Hippowdon
|move|p1a: Gengar|Thunderbolt|p2a: Hippowdon
|-immune|p2a: Hippowdon
|
|-weather|Sandstorm|[upkeep]
|-damage|p1a: Gengar|65/100|[from] Sandstorm
|upkeep
|turn|11
|
|switch|p1a: Toxapex|Toxapex, M|100/100
|-sideend|p1: swagsurf6|move: Toxic Spikes|[of] p1a: Toxapex
|move|p2a: Hippowdon|Whirlwind|p1a: Toxapex
|drag|p1a: Mandibuzz|Mandibuzz, F|90/100
|
|-weather|Sandstorm|[upkeep]
|upkeep
|turn|12
|
|move|p1a: Mandibuzz|Knock Off|p2a: Hippowdon
|-damage|p2a: Hippowdon|87/100
|-enditem|p2a: Hippowdon|Leftovers|[from] move: Knock Off|[of] p1a: Mandibuzz
|move|p2a: Hippowdon|Stealth Rock|p1a: Mandibuzz
|-sidestart|p1: swagsurf6|move: Stealth Rock
|
|-weather|Sandstorm|[upkeep]
|upkeep
|turn|13
|
|move|p1a: Mandibuzz|Defog|p2a: Hippowdon
|-unboost|p2a: Hippowdon|evasion|1
|-sideend|p1: swagsurf6|Stealth Rock|[from] move: Defog|[of] p1a: Mandibuzz
|move|p2a: Hippowdon|Stealth Rock|p1a: Mandibuzz
|-sidestart|p1: swagsurf6|move: Stealth Rock
|
|-weather|Sandstorm|[upkeep]
|upkeep
|turn|14
|
|move|p1a: Mandibuzz|Defog|p2a: Hippowdon
|-unboost|p2a: Hippowdon|evasion|1
|-sideend|p1: swagsurf6|Stealth Rock|[from] move: Defog|[of] p1a: Mandibuzz
|move|p2a: Hippowdon|Whirlwind|p1a: Mandibuzz
|drag|p1a: Dracovish|Dracovish|100/100
|
|-weather|none
|upkeep
|turn|15
|
|switch|p2a: Toxapex|Toxapex, M|51/100
|move|p1a: Dracovish|Fishious Rend|p2a: Toxapex
|-resisted|p2a: Toxapex
|-damage|p2a: Toxapex|32/100
|
|-heal|p2a: Toxapex|37/100|[from] item: Black Sludge
|upkeep
|turn|16
|
|switch|p1a: Dugtrio|Dugtrio, M|100/100
|move|p2a: Toxapex|Recover|p2a: Toxapex
|-heal|p2a: Toxapex|88/100
|
|-heal|p2a: Toxapex|94/100|[from] item: Black Sludge
|upkeep
|turn|17
|
|move|p1a: Dugtrio|Screech|p2a: Toxapex
|-unboost|p2a: Toxapex|def|2
|move|p2a: Toxapex|Scald|p1a: Dugtrio
|-supereffective|p1a: Dugtrio
|-damage|p1a: Dugtrio|26/100
|-status|p1a: Dugtrio|brn
|
|-heal|p2a: Toxapex|99/100|[from] item: Black Sludge
|-damage|p1a: Dugtrio|20/100 brn|[from] brn
|upkeep
|turn|18
|
|move|p1a: Dugtrio|Earthquake|p2a: Toxapex
|-supereffective|p2a: Toxapex
|-damage|p2a: Toxapex|50/100
|move|p2a: Toxapex|Recover|p2a: Toxapex
|-heal|p2a: Toxapex|99/100
|
|-heal|p2a: Toxapex|100/100|[from] item: Black Sludge
|-damage|p1a: Dugtrio|14/100 brn|[from] brn
|upkeep
|turn|19
|
|move|p1a: Dugtrio|Earthquake|p2a: Toxapex
|-supereffective|p2a: Toxapex
|-damage|p2a: Toxapex|44/100
|move|p2a: Toxapex|Scald|p1a: Dugtrio
|-supereffective|p1a: Dugtrio
|-damage|p1a: Dugtrio|0 fnt
|faint|p1a: Dugtrio
|
|-heal|p2a: Toxapex|50/100|[from] item: Black Sludge
|upkeep
|
|switch|p1a: Dragapult|Dragapult, F|100/100
|turn|20
|
|move|p1a: Dragapult|Substitute|p1a: Dragapult
|-start|p1a: Dragapult|Substitute
|-damage|p1a: Dragapult|76/100
|move|p2a: Toxapex|Recover|p2a: Toxapex
|-heal|p2a: Toxapex|99/100
|
|-heal|p1a: Dragapult|82/100|[from] item: Leftovers
|-heal|p2a: Toxapex|100/100|[from] item: Black Sludge
|upkeep
|turn|21
|
|move|p1a: Dragapult|Will-O-Wisp|p2a: Toxapex
|-status|p2a: Toxapex|brn
|move|p2a: Toxapex|Haze|p2a: Toxapex
|-clearallboost
|
|-heal|p1a: Dragapult|88/100|[from] item: Leftovers
|-damage|p2a: Toxapex|95/100 brn|[from] brn
|upkeep
|turn|22
|
|move|p1a: Dragapult|Hex|p2a: Toxapex
|-damage|p2a: Toxapex|56/100 brn
|move|p2a: Toxapex|Scald|p1a: Dragapult
|-resisted|p1a: Dragapult
|-activate|p1a: Dragapult|move: Substitute|[damage]
|
|-heal|p1a: Dragapult|94/100|[from] item: Leftovers
|-heal|p2a: Toxapex|62/100 brn|[from] item: Black Sludge
|-damage|p2a: Toxapex|56/100 brn|[from] brn
|upkeep
|turn|23
|
|switch|p2a: Hippowdon|Hippowdon, M|87/100
|-weather|Sandstorm|[from] ability: Sand Stream|[of] p2a: Hippowdon
|move|p1a: Dragapult|Hex|p2a: Hippowdon
|-damage|p2a: Hippowdon|60/100
|
|-weather|Sandstorm|[upkeep]
|-damage|p1a: Dragapult|88/100|[from] Sandstorm
|-heal|p1a: Dragapult|94/100|[from] item: Leftovers
|upkeep
|turn|24
|
|switch|p2a: Toxapex|Toxapex, M|89/100 brn
|move|p1a: Dragapult|Will-O-Wisp|p2a: Toxapex
|-fail|p2a: Toxapex|brn
|
|-weather|Sandstorm|[upkeep]
|-damage|p1a: Dragapult|88/100|[from] Sandstorm
|-damage|p2a: Toxapex|83/100 brn|[from] Sandstorm
|-heal|p1a: Dragapult|94/100|[from] item: Leftovers
|-heal|p2a: Toxapex|89/100 brn|[from] item: Black Sludge
|-damage|p2a: Toxapex|83/100 brn|[from] brn
|upkeep
|turn|25
|
|move|p1a: Dragapult|Hex|p2a: Toxapex
|-damage|p2a: Toxapex|45/100 brn
|move|p2a: Toxapex|Scald|p1a: Dragapult
|-resisted|p1a: Dragapult
|-activate|p1a: Dragapult|move: Substitute|[damage]
|
|-weather|Sandstorm|[upkeep]
|-damage|p1a: Dragapult|88/100|[from] Sandstorm
|-damage|p2a: Toxapex|39/100 brn|[from] Sandstorm
|-heal|p1a: Dragapult|94/100|[from] item: Leftovers
|-heal|p2a: Toxapex|45/100 brn|[from] item: Black Sludge
|-damage|p2a: Toxapex|39/100 brn|[from] brn
|upkeep
|turn|26
|
|move|p1a: Dragapult|Hex|p2a: Toxapex
|-damage|p2a: Toxapex|0 fnt
|faint|p2a: Toxapex
|
|-weather|Sandstorm|[upkeep]
|-damage|p1a: Dragapult|88/100|[from] Sandstorm
|-heal|p1a: Dragapult|94/100|[from] item: Leftovers
|upkeep
|
|switch|p2a: Clefable|Clefable, M|100/100
|turn|27
|
|move|p1a: Dragapult|Fire Blast|p2a: Clefable
|-damage|p2a: Clefable|83/100
|move|p2a: Clefable|Calm Mind|p2a: Clefable
|-boost|p2a: Clefable|spa|1
|-boost|p2a: Clefable|spd|1
|
|-weather|none
|-heal|p1a: Dragapult|99/100|[from] item: Leftovers
|-heal|p2a: Clefable|89/100|[from] item: Leftovers
|upkeep
|turn|28
|
|switch|p1a: Gengar|Gengar, F|65/100
|move|p2a: Clefable|Calm Mind|p2a: Clefable
|-boost|p2a: Clefable|spa|1
|-boost|p2a: Clefable|spd|1
|
|-heal|p2a: Clefable|95/100|[from] item: Leftovers
|upkeep
|turn|29
|
|move|p1a: Gengar|Sludge Bomb|p2a: Clefable
|-supereffective|p2a: Clefable
|-damage|p2a: Clefable|63/100
|move|p2a: Clefable|Wish|p2a: Clefable
|
|-heal|p2a: Clefable|69/100|[from] item: Leftovers
|upkeep
|turn|30
|
|move|p2a: Clefable|Protect|p2a: Clefable
|-singleturn|p2a: Clefable|Protect
|move|p1a: Gengar|Sludge Bomb|p2a: Clefable
|-activate|p2a: Clefable|move: Protect
|
|-heal|p2a: Clefable|100/100|[from] move: Wish|[wisher] Clefable
|upkeep
|turn|31
|
|move|p1a: Gengar|Sludge Bomb|p2a: Clefable
|-supereffective|p2a: Clefable
|-damage|p2a: Clefable|63/100
|move|p2a: Clefable|Wish|p2a: Clefable
|
|-heal|p2a: Clefable|70/100|[from] item: Leftovers
|upkeep
|turn|32
|
|switch|p1a: Dracovish|Dracovish|100/100
|move|p2a: Clefable|Moonblast|p1a: Dracovish
|-supereffective|p1a: Dracovish
|-damage|p1a: Dracovish|0 fnt
|faint|p1a: Dracovish
|
|-heal|p2a: Clefable|100/100|[from] move: Wish|[wisher] Clefable
|upkeep
|-message|swagsurf6 forfeited.
|
|win|SickNigguhs
|l|☆swagsurf6
