|ScrapeTime|2020-01-02-13:54:31
|j|☆Stan CharliXCX
|j|☆Alonzo Wayne
|player|p1|Stan CharliXCX|mira|1166
|player|p2|Alonzo Wayne|dragontamer|1189
|teamsize|p1|6
|teamsize|p2|6
|gametype|singles
|gen|8
|tier|[Gen 8] OU
|rated|
|rule|Sleep Clause Mod: Limit one foe put to sleep
|rule|Species Clause: Limit one of each Pokémon
|rule|OHKO Clause: OHKO moves are banned
|rule|Evasion Moves Clause: Evasion moves are banned
|rule|Endless Battle Clause: Forcing endless battles is banned
|rule|HP Percentage Mod: HP is shown in percentages
|clearpoke
|poke|p1|Ribombee, F|
|poke|p1|Milotic, M|
|poke|p1|Bisharp, M|
|poke|p1|Malamar, F|
|poke|p1|Dragapult, F|
|poke|p1|Cinderace, F|
|poke|p2|Flygon, M|
|poke|p2|Seismitoad, M|
|poke|p2|Excadrill, M|
|poke|p2|Mamoswine, M|
|poke|p2|Rotom-Heat|
|poke|p2|Grimmsnarl, M|
|rule|Dynamax Clause: You cannot dynamax
|teampreview
|inactive|Battle timer is ON: inactive players will automatically lose when time's up. (requested by Stan CharliXCX)
|
|start
|switch|p1a: Trixie|Ribombee, F, shiny|100/100
|switch|p2a: Ovenguard|Rotom-Heat|100/100
|turn|1
|
|move|p1a: Trixie|Sticky Web|p2a: Ovenguard
|-sidestart|p2: Alonzo Wayne|move: Sticky Web
|move|p2a: Ovenguard|Overheat|p1a: Trixie
|-supereffective|p1a: Trixie
|-enditem|p1a: Trixie|Focus Sash
|-damage|p1a: Trixie|1/100
|-unboost|p2a: Ovenguard|spa|2
|
|upkeep
|turn|2
|
|move|p1a: Trixie|Moonblast|p2a: Ovenguard
|-resisted|p2a: Ovenguard
|-damage|p2a: Ovenguard|78/100
|-unboost|p2a: Ovenguard|spa|1
|move|p2a: Ovenguard|Volt Switch|p1a: Trixie
|-damage|p1a: Trixie|0 fnt
|faint|p1a: Trixie
|
|switch|p2a: Heimon|Seismitoad, M|100/100|[from]move: Volt Switch
|-activate|p2a: Heimon|move: Sticky Web
|-unboost|p2a: Heimon|spe|1
|
|upkeep
|
|switch|p1a: And that's on WHAT|Cinderace, F|100/100
|turn|3
|
|move|p1a: And that's on WHAT|Court Change|p1a: And that's on WHAT
|-sideend|p2: Alonzo Wayne|Sticky Web|[silent]
|-sidestart|p1: Stan CharliXCX|Sticky Web|[silent]
|-activate|p1a: And that's on WHAT|move: Court Change
|move|p2a: Heimon|Earth Power|p1a: And that's on WHAT
|-supereffective|p1a: And that's on WHAT
|-damage|p1a: And that's on WHAT|0 fnt
|faint|p1a: And that's on WHAT
|
|upkeep
|
|switch|p1a: Ursula|Malamar, F|100/100
|-activate|p1a: Ursula|move: Sticky Web
|-boost|p1a: Ursula|spe|1
|turn|4
|c|☆Alonzo Wayne|i have to say
|c|☆Alonzo Wayne|thats probably the first time ive seen someone put their stuff on their side
|inactive|Alonzo Wayne has 120 seconds left.
|c|☆Stan CharliXCX|haha
|
|switch|p2a: Rumpelstein|Grimmsnarl, M|100/100
|move|p1a: Ursula|Superpower|p2a: Rumpelstein
|-damage|p2a: Rumpelstein|57/100
|-boost|p1a: Ursula|atk|1
|-boost|p1a: Ursula|def|1
|
|upkeep
|turn|5
|inactive|Alonzo Wayne has 120 seconds left.
|
|move|p1a: Ursula|Superpower|p2a: Rumpelstein
|-damage|p2a: Rumpelstein|0 fnt
|-boost|p1a: Ursula|atk|1
|-boost|p1a: Ursula|def|1
|faint|p2a: Rumpelstein
|
|upkeep
|inactive|Alonzo Wayne has 120 seconds left.
|
|switch|p2a: Fafnir|Flygon, M|100/100
|turn|6
|
|move|p2a: Fafnir|U-turn|p1a: Ursula
|-supereffective|p1a: Ursula
|-damage|p1a: Ursula|52/100
|
|switch|p2a: Ovenguard|Rotom-Heat|78/100|[from]move: U-turn
|move|p1a: Ursula|Superpower|p2a: Ovenguard
|-damage|p2a: Ovenguard|3/100
|-boost|p1a: Ursula|atk|1
|-boost|p1a: Ursula|def|1
|
|-heal|p1a: Ursula|58/100|[from] item: Leftovers
|-heal|p2a: Ovenguard|9/100|[from] item: Leftovers
|upkeep
|turn|7
|inactive|Alonzo Wayne has 120 seconds left.
|
|move|p1a: Ursula|Superpower|p2a: Ovenguard
|-damage|p2a: Ovenguard|0 fnt
|-boost|p1a: Ursula|atk|1
|-boost|p1a: Ursula|def|1
|faint|p2a: Ovenguard
|
|-heal|p1a: Ursula|64/100|[from] item: Leftovers
|upkeep
|
|switch|p2a: Fafnir|Flygon, M|100/100
|turn|8
|
|move|p2a: Fafnir|U-turn|p1a: Ursula
|-supereffective|p1a: Ursula
|-damage|p1a: Ursula|32/100
|
|switch|p2a: Heimon|Seismitoad, M|100/100|[from]move: U-turn
|move|p1a: Ursula|Superpower|p2a: Heimon
|-damage|p2a: Heimon|0 fnt
|-boost|p1a: Ursula|atk|1
|-boost|p1a: Ursula|def|1
|faint|p2a: Heimon
|
|-heal|p1a: Ursula|38/100|[from] item: Leftovers
|upkeep
|
|switch|p2a: Fafnir|Flygon, M|100/100
|turn|9
|
|move|p2a: Fafnir|U-turn|p1a: Ursula
|-supereffective|p1a: Ursula
|-damage|p1a: Ursula|9/100
|
|switch|p2a: Basewin|Mamoswine, M|100/100|[from]move: U-turn
|move|p1a: Ursula|Superpower|p2a: Basewin
|-supereffective|p2a: Basewin
|-damage|p2a: Basewin|0 fnt
|-boost|p1a: Ursula|atk|1
|-boost|p1a: Ursula|def|1
|faint|p2a: Basewin
|
|-heal|p1a: Ursula|15/100|[from] item: Leftovers
|upkeep
|
|switch|p2a: Fafnir|Flygon, M|100/100
|turn|10
|
|move|p2a: Fafnir|U-turn|p1a: Ursula
|-supereffective|p1a: Ursula
|-damage|p1a: Ursula|0 fnt
|faint|p1a: Ursula
|
|switch|p2a: Lancelot|Excadrill, M|100/100|[from]move: U-turn
|-ability|p2a: Lancelot|Mold Breaker
|
|upkeep
|
|switch|p1a: Beauty is Pain|Milotic, M|100/100
|-activate|p1a: Beauty is Pain|move: Sticky Web
|-unboost|p1a: Beauty is Pain|spe|1
|-ability|p1a: Beauty is Pain|Competitive
|-boost|p1a: Beauty is Pain|spa|2
|turn|11
|
|move|p2a: Lancelot|Earthquake|p1a: Beauty is Pain
|-damage|p1a: Beauty is Pain|29/100
|-damage|p2a: Lancelot|91/100|[from] item: Life Orb
|move|p1a: Beauty is Pain|Scald|p2a: Lancelot
|-supereffective|p2a: Lancelot
|-damage|p2a: Lancelot|0 fnt
|faint|p2a: Lancelot
|
|-heal|p1a: Beauty is Pain|35/100|[from] item: Leftovers
|upkeep
|
|switch|p2a: Fafnir|Flygon, M|100/100
|turn|12
|
|move|p2a: Fafnir|Outrage|p1a: Beauty is Pain
|-damage|p1a: Beauty is Pain|0 fnt
|faint|p1a: Beauty is Pain
|
|upkeep
|
|switch|p1a: bi king|Bisharp, M|100/100
|-activate|p1a: bi king|move: Sticky Web
|-unboost|p1a: bi king|spe|1
|-ability|p1a: bi king|Defiant
|-boost|p1a: bi king|atk|2
|turn|13
|
|move|p2a: Fafnir|Outrage|p1a: bi king|[from]lockedmove
|-resisted|p1a: bi king
|-damage|p1a: bi king|72/100
|-start|p2a: Fafnir|confusion|[fatigue]
|move|p1a: bi king|Throat Chop|p2a: Fafnir
|-damage|p2a: Fafnir|0 fnt
|faint|p2a: Fafnir
|
|win|Stan CharliXCX
|raw|Stan CharliXCX's rating: 1166 → 1193(+27 for winning)
|raw|Alonzo Wayne's rating: 1189 → 1163(-26 for losing)
|c|☆Stan CharliXCX|gg
|c|☆Alonzo Wayne|gg
|l|☆Alonzo Wayne
