|ScrapeTime|2020-01-01-15:54:55
|j|☆P E A C E G0D
|j|☆Syste
|player|p1|P E A C E G0D|bruno-gen1|1302
|player|p2|Syste|benga|1246
|teamsize|p1|6
|teamsize|p2|6
|gametype|singles
|gen|8
|tier|[Gen 8] OU
|rated|
|rule|Sleep Clause Mod: Limit one foe put to sleep
|rule|Species Clause: Limit one of each Pokémon
|rule|OHKO Clause: OHKO moves are banned
|rule|Evasion Moves Clause: Evasion moves are banned
|rule|Endless Battle Clause: Forcing endless battles is banned
|rule|HP Percentage Mod: HP is shown in percentages
|clearpoke
|poke|p1|Mew|
|poke|p1|Obstagoon, M|
|poke|p1|Hydreigon, M|
|poke|p1|Clefable, M|
|poke|p1|Gyarados, M|
|poke|p1|Rotom-Wash|
|poke|p2|Flapple, M|
|poke|p2|Excadrill, M|
|poke|p2|Grimmsnarl, M|
|poke|p2|Rotom-Heat|
|poke|p2|Gyarados, F|
|poke|p2|Bisharp, F|
|rule|Dynamax Clause: You cannot dynamax
|teampreview
|j| Ectoboggan
|inactive|Battle timer is ON: inactive players will automatically lose when time's up. (requested by P E A C E G0D)
|
|start
|switch|p1a: RED GANG GANG!|Gyarados, M, shiny|100/100
|switch|p2a: Excadrill|Excadrill, M|100/100
|-ability|p2a: Excadrill|Mold Breaker
|turn|1
|
|move|p2a: Excadrill|Stealth Rock|p1a: RED GANG GANG!
|-sidestart|p1: P E A C E G0D|move: Stealth Rock
|move|p1a: RED GANG GANG!|Dragon Dance|p1a: RED GANG GANG!
|-boost|p1a: RED GANG GANG!|atk|1
|-boost|p1a: RED GANG GANG!|spe|1
|
|upkeep
|turn|2
|
|switch|p2a: Grimmsnarl|Grimmsnarl, M|100/100
|move|p1a: RED GANG GANG!|Earthquake|p2a: Grimmsnarl
|-damage|p2a: Grimmsnarl|25/100
|
|upkeep
|turn|3
|
|switch|p1a: Rotom-Wash YA ASS|Rotom-Wash, shiny|100/100
|-damage|p1a: Rotom-Wash YA ASS|88/100|[from] Stealth Rock
|move|p2a: Grimmsnarl|Taunt|p1a: Rotom-Wash YA ASS
|-start|p1a: Rotom-Wash YA ASS|move: Taunt
|
|upkeep
|turn|4
|
|move|p2a: Grimmsnarl|Light Screen|p2a: Grimmsnarl
|-sidestart|p2: Syste|move: Light Screen
|move|p1a: Rotom-Wash YA ASS|Discharge|p2a: Grimmsnarl
|-damage|p2a: Grimmsnarl|7/100
|
|upkeep
|turn|5
|
|move|p2a: Grimmsnarl|Reflect|p2a: Grimmsnarl
|-sidestart|p2: Syste|Reflect
|move|p1a: Rotom-Wash YA ASS|Discharge|p2a: Grimmsnarl
|-damage|p2a: Grimmsnarl|0 fnt
|faint|p2a: Grimmsnarl
|
|-end|p1a: Rotom-Wash YA ASS|move: Taunt
|upkeep
|inactive|Syste has 120 seconds left.
|
|switch|p2a: Flapple|Flapple, M|100/100
|turn|6
|
|switch|p1a: THRICE Trismegistu|Hydreigon, M|100/100
|-damage|p1a: THRICE Trismegistu|88/100|[from] Stealth Rock
|move|p2a: Flapple|Grav Apple|p1a: THRICE Trismegistu
|-resisted|p1a: THRICE Trismegistu
|-damage|p1a: THRICE Trismegistu|52/100
|-unboost|p1a: THRICE Trismegistu|def|1
|-damage|p2a: Flapple|91/100|[from] item: Life Orb
|
|upkeep
|turn|7
|inactive|Syste has 90 seconds left.
|
|switch|p2a: Bisharp|Bisharp, F|100/100
|move|p1a: THRICE Trismegistu|Dragon Pulse|p2a: Bisharp
|-resisted|p2a: Bisharp
|-damage|p2a: Bisharp|79/100
|
|upkeep
|turn|8
|inactive|Syste has 90 seconds left.
|
|move|p2a: Bisharp|Throat Chop|p1a: THRICE Trismegistu
|-resisted|p1a: THRICE Trismegistu
|-damage|p1a: THRICE Trismegistu|10/100
|-start|p1a: THRICE Trismegistu|Throat Chop|[silent]
|-damage|p2a: Bisharp|70/100|[from] item: Life Orb
|move|p1a: THRICE Trismegistu|Flamethrower|p2a: Bisharp
|-supereffective|p2a: Bisharp
|-damage|p2a: Bisharp|12/100
|
|upkeep
|turn|9
|inactive|Syste has 90 seconds left.
|
|move|p2a: Bisharp|Iron Head|p1a: THRICE Trismegistu
|-damage|p1a: THRICE Trismegistu|0 fnt
|-damage|p2a: Bisharp|2/100|[from] item: Life Orb
|faint|p1a: THRICE Trismegistu
|
|upkeep
|
|switch|p1a: Knowledge God|Mew|100/100
|-damage|p1a: Knowledge God|88/100|[from] Stealth Rock
|turn|10
|
|switch|p1a: FABEL SESSA|Clefable, M|100/100
|move|p2a: Bisharp|Sucker Punch||[still]
|-fail|p2a: Bisharp
|
|upkeep
|turn|11
|
|switch|p1a: RED GANG GANG!|Gyarados, M, shiny|100/100
|-damage|p1a: RED GANG GANG!|76/100|[from] Stealth Rock
|move|p2a: Bisharp|Iron Head|p1a: RED GANG GANG!
|-resisted|p1a: RED GANG GANG!
|-crit|p1a: RED GANG GANG!
|-damage|p1a: RED GANG GANG!|24/100
|-damage|p2a: Bisharp|0 fnt|[from] item: Life Orb
|faint|p2a: Bisharp
|
|-sideend|p2: Syste|move: Light Screen
|upkeep
|
|switch|p2a: Flapple|Flapple, M|91/100
|turn|12
|
|move|p2a: Flapple|Dragon Dance|p2a: Flapple
|-boost|p2a: Flapple|atk|1
|-boost|p2a: Flapple|spe|1
|move|p1a: RED GANG GANG!|Crunch|p2a: Flapple
|-damage|p2a: Flapple|71/100
|-unboost|p2a: Flapple|def|1
|
|-sideend|p2: Syste|Reflect
|upkeep
|turn|13
|
|move|p2a: Flapple|Grav Apple|p1a: RED GANG GANG!
|-damage|p1a: RED GANG GANG!|0 fnt
|-damage|p2a: Flapple|61/100|[from] item: Life Orb
|faint|p1a: RED GANG GANG!
|
|upkeep
|
|switch|p1a: FABEL SESSA|Clefable, M|100/100
|turn|14
|inactive|Syste has 120 seconds left.
|
|move|p2a: Flapple|Grav Apple|p1a: FABEL SESSA
|-damage|p1a: FABEL SESSA|0 fnt
|-damage|p2a: Flapple|51/100|[from] item: Life Orb
|faint|p1a: FABEL SESSA
|
|upkeep
|
|switch|p1a: GOON GOD BE9221|Obstagoon, M|100/100
|-damage|p1a: GOON GOD BE9221|88/100|[from] Stealth Rock
|turn|15
|
|move|p2a: Flapple|Grav Apple|p1a: GOON GOD BE9221
|-damage|p1a: GOON GOD BE9221|0 fnt
|-damage|p2a: Flapple|41/100|[from] item: Life Orb
|faint|p1a: GOON GOD BE9221
|
|upkeep
|-message|P E A C E G0D forfeited.
|
|win|Syste
|l|☆P E A C E G0D
|raw|P E A C E G0D's rating: 1302 → 1279(-23 for losing)
|raw|Syste's rating: 1246 → 1275(+29 for winning)
