|ScrapeTime|2020-01-02-15:15:38
|j|☆philip609
|j|☆Zerksis368
|player|p1|philip609|265|1139
|player|p2|Zerksis368|2|1093
|teamsize|p1|6
|teamsize|p2|6
|gametype|singles
|gen|8
|tier|[Gen 8] OU
|rated|
|rule|Sleep Clause Mod: Limit one foe put to sleep
|rule|Species Clause: Limit one of each Pokémon
|rule|OHKO Clause: OHKO moves are banned
|rule|Evasion Moves Clause: Evasion moves are banned
|rule|Endless Battle Clause: Forcing endless battles is banned
|rule|HP Percentage Mod: HP is shown in percentages
|clearpoke
|poke|p1|Appletun, M|
|poke|p1|Weezing-Galar, F|
|poke|p1|Cinderace, M|
|poke|p1|Eiscue, M|
|poke|p1|Goodra, M|
|poke|p1|Vaporeon, F|
|poke|p2|Cloyster, M|
|poke|p2|Arcanine, F|
|poke|p2|Espeon, M|
|poke|p2|Bisharp, F|
|poke|p2|Noivern, F|
|poke|p2|Excadrill, F|
|rule|Dynamax Clause: You cannot dynamax
|teampreview
|
|start
|switch|p1a: Etika|Cinderace, M|100/100
|switch|p2a: Arcanine|Arcanine, F, shiny|100/100
|-ability|p2a: Arcanine|Intimidate|boost
|-unboost|p1a: Etika|atk|1
|-item|p2a: Arcanine|Air Balloon
|turn|1
|inactive|Battle timer is ON: inactive players will automatically lose when time's up. (requested by philip609)
|
|switch|p1a: ThiccSalt|Appletun, M, shiny|100/100
|move|p2a: Arcanine|Play Rough|p1a: ThiccSalt
|-supereffective|p1a: ThiccSalt
|-damage|p1a: ThiccSalt|64/100
|
|upkeep
|turn|2
|
|move|p2a: Arcanine|Flare Blitz|p1a: ThiccSalt
|-damage|p1a: ThiccSalt|47/100
|-damage|p2a: Arcanine|93/100|[from] Recoil
|move|p1a: ThiccSalt|Reflect|p1a: ThiccSalt
|-sidestart|p1: philip609|Reflect
|
|upkeep
|turn|3
|
|move|p2a: Arcanine|Play Rough|p1a: ThiccSalt
|-supereffective|p1a: ThiccSalt
|-crit|p1a: ThiccSalt
|-damage|p1a: ThiccSalt|0 fnt
|faint|p1a: ThiccSalt
|
|upkeep
|
|switch|p1a: Eiscue|Eiscue, M|100/100
|turn|4
|
|move|p2a: Arcanine|Flare Blitz|p1a: Eiscue
|-crit|p1a: Eiscue
|-activate|p1a: Eiscue|ability: Ice Face
|-damage|p1a: Eiscue|100/100
|-status|p1a: Eiscue|brn
|detailschange|p1a: Eiscue|Eiscue-Noice, M
|-enditem|p1a: Eiscue|Lum Berry|[eat]
|-curestatus|p1a: Eiscue|brn|[msg]
|move|p1a: Eiscue|Belly Drum|p1a: Eiscue
|-damage|p1a: Eiscue|51/100
|-setboost|p1a: Eiscue|atk|6|[from] move: Belly Drum
|
|upkeep
|turn|5
|inactive|Zerksis368 has 120 seconds left.
|
|move|p1a: Eiscue|Zen Headbutt|p2a: Arcanine
|-damage|p2a: Arcanine|0 fnt
|-enditem|p2a: Arcanine|Air Balloon
|faint|p2a: Arcanine
|
|upkeep
|
|switch|p2a: Noivern|Noivern, F, shiny|100/100
|turn|6
|
|move|p1a: Eiscue|Icicle Crash|p2a: Noivern
|-supereffective|p2a: Noivern
|-damage|p2a: Noivern|0 fnt
|faint|p2a: Noivern
|
|upkeep
|inactive|Zerksis368 has 120 seconds left.
|
|switch|p2a: Excadrill|Excadrill, F|100/100
|-ability|p2a: Excadrill|Mold Breaker
|turn|7
|
|move|p1a: Eiscue|Icicle Crash|p2a: Excadrill
|-damage|p2a: Excadrill|0 fnt
|faint|p2a: Excadrill
|
|upkeep
|inactive|Zerksis368 has 120 seconds left.
|
|switch|p2a: Bisharp|Bisharp, F|100/100
|turn|8
|
|move|p2a: Bisharp|Sucker Punch|p1a: Eiscue
|-damage|p1a: Eiscue|13/100
|-damage|p2a: Bisharp|91/100|[from] item: Life Orb
|move|p1a: Eiscue|Icicle Crash|p2a: Bisharp
|-resisted|p2a: Bisharp
|-damage|p2a: Bisharp|25/100
|
|upkeep
|turn|9
|
|move|p1a: Eiscue|Icicle Crash|p2a: Bisharp
|-resisted|p2a: Bisharp
|-damage|p2a: Bisharp|0 fnt
|faint|p2a: Bisharp
|
|-sideend|p1: philip609|Reflect
|upkeep
|
|switch|p2a: Cloyster|Cloyster, M, shiny|100/100
|turn|10
|
|move|p2a: Cloyster|Ice Shard|p1a: Eiscue
|-resisted|p1a: Eiscue
|-damage|p1a: Eiscue|0 fnt
|faint|p1a: Eiscue
|
|upkeep
|
|switch|p1a: Etika|Cinderace, M|100/100
|turn|11
|
|switch|p2a: Espeon|Espeon, M|100/100
|move|p1a: Etika|Pyro Ball|p2a: Espeon
|-damage|p2a: Espeon|0 fnt
|faint|p2a: Espeon
|
|upkeep
|
|switch|p2a: Cloyster|Cloyster, M, shiny|100/100
|turn|12
|
|move|p1a: Etika|Pyro Ball|p2a: Cloyster|[miss]
|-miss|p1a: Etika|p2a: Cloyster
|move|p2a: Cloyster|Shell Smash|p2a: Cloyster
|-unboost|p2a: Cloyster|def|1
|-unboost|p2a: Cloyster|spd|1
|-boost|p2a: Cloyster|atk|2
|-boost|p2a: Cloyster|spa|2
|-boost|p2a: Cloyster|spe|2
|-enditem|p2a: Cloyster|White Herb
|-clearnegativeboost|p2a: Cloyster|[silent]
|
|upkeep
|turn|13
|
|move|p2a: Cloyster|Rock Blast|p1a: Etika|[miss]
|-miss|p2a: Cloyster|p1a: Etika
|move|p1a: Etika|Pyro Ball|p2a: Cloyster
|-damage|p2a: Cloyster|48/100
|
|upkeep
|turn|14
|
|move|p2a: Cloyster|Rock Blast|p1a: Etika
|-supereffective|p1a: Etika
|-damage|p1a: Etika|56/100
|-supereffective|p1a: Etika
|-damage|p1a: Etika|8/100
|-supereffective|p1a: Etika
|-damage|p1a: Etika|0 fnt
|-hitcount|p1a: Etika|3
|faint|p1a: Etika
|
|upkeep
|
|switch|p1a: Weezing|Weezing-Galar, F|100/100
|turn|15
|
|move|p2a: Cloyster|Rock Blast|p1a: Weezing
|-damage|p1a: Weezing|90/100
|-damage|p1a: Weezing|80/100
|-damage|p1a: Weezing|70/100
|-crit|p1a: Weezing
|-damage|p1a: Weezing|56/100
|-damage|p1a: Weezing|47/100
|-hitcount|p1a: Weezing|5
|move|p1a: Weezing|Strange Steam|p2a: Cloyster
|-damage|p2a: Cloyster|0 fnt
|faint|p2a: Cloyster
|
|win|philip609
|raw|philip609's rating: 1140 → 1161(+21 for winning)
|raw|Zerksis368's rating: 1093 → 1073(-20 for losing)
