|ScrapeTime|2020-01-02-01:40:27
|j|☆Gaston_ssbm
|j|☆HealSlut uwu
|player|p1|Gaston_ssbm|waitress-gen4|1063
|player|p2|HealSlut uwu|dawn-gen4pt|1070
|teamsize|p1|6
|teamsize|p2|6
|gametype|singles
|gen|8
|tier|[Gen 8] OU
|rated|
|rule|Sleep Clause Mod: Limit one foe put to sleep
|rule|Species Clause: Limit one of each Pokémon
|rule|OHKO Clause: OHKO moves are banned
|rule|Evasion Moves Clause: Evasion moves are banned
|rule|Endless Battle Clause: Forcing endless battles is banned
|rule|HP Percentage Mod: HP is shown in percentages
|clearpoke
|poke|p1|Excadrill, M|
|poke|p1|Conkeldurr, M|
|poke|p1|Mandibuzz, F|
|poke|p1|Toxtricity, F|
|poke|p1|Gengar, M|
|poke|p1|Rotom-Heat|
|poke|p2|Dragapult, M|
|poke|p2|Corviknight, F|
|poke|p2|Excadrill, F|
|poke|p2|Rotom-Wash|
|poke|p2|Corsola-Galar, F|
|poke|p2|Tyranitar, F|
|rule|Dynamax Clause: You cannot dynamax
|teampreview
|
|start
|switch|p1a: Excadrill|Excadrill, M|100/100
|switch|p2a: Tyranitar|Tyranitar, F|100/100
|-ability|p1a: Excadrill|Mold Breaker
|-weather|Sandstorm|[from] ability: Sand Stream|[of] p2a: Tyranitar
|turn|1
|
|switch|p2a: Corsola|Corsola-Galar, F|100/100
|move|p1a: Excadrill|Stealth Rock|p2a: Corsola
|-sidestart|p2: HealSlut uwu|move: Stealth Rock
|
|-weather|Sandstorm|[upkeep]
|-damage|p2a: Corsola|94/100|[from] Sandstorm
|upkeep
|turn|2
|
|switch|p1a: Mandibuzz|Mandibuzz, F|100/100
|move|p2a: Corsola|Stealth Rock|p1a: Mandibuzz
|-sidestart|p1: Gaston_ssbm|move: Stealth Rock
|
|-weather|Sandstorm|[upkeep]
|-damage|p2a: Corsola|88/100|[from] Sandstorm
|upkeep
|turn|3
|
|move|p1a: Mandibuzz|Taunt|p2a: Corsola
|-start|p2a: Corsola|move: Taunt
|cant|p2a: Corsola|move: Taunt|Will-O-Wisp
|
|-weather|Sandstorm|[upkeep]
|-damage|p2a: Corsola|82/100|[from] Sandstorm
|upkeep
|turn|4
|
|switch|p2a: Excadrill|Excadrill, F|100/100
|move|p1a: Mandibuzz|Knock Off|p2a: Excadrill
|-damage|p2a: Excadrill|65/100
|-enditem|p2a: Excadrill|Heavy-Duty Boots|[from] move: Knock Off|[of] p1a: Mandibuzz
|
|-weather|Sandstorm|[upkeep]
|upkeep
|turn|5
|
|move|p2a: Excadrill|Shadow Claw|p1a: Mandibuzz
|-resisted|p1a: Mandibuzz
|-damage|p1a: Mandibuzz|92/100
|move|p1a: Mandibuzz|Knock Off|p2a: Excadrill
|-damage|p2a: Excadrill|43/100
|
|-weather|none
|upkeep
|turn|6
|
|move|p2a: Excadrill|Rapid Spin|p1a: Mandibuzz
|-damage|p1a: Mandibuzz|77/100
|-sideend|p2: HealSlut uwu|Stealth Rock|[from] move: Rapid Spin|[of] p2a: Excadrill
|-boost|p2a: Excadrill|spe|1
|move|p1a: Mandibuzz|Knock Off|p2a: Excadrill
|-damage|p2a: Excadrill|19/100
|
|upkeep
|turn|7
|
|move|p2a: Excadrill|Iron Head|p1a: Mandibuzz
|-damage|p1a: Mandibuzz|47/100
|cant|p1a: Mandibuzz|flinch
|
|upkeep
|turn|8
|
|move|p2a: Excadrill|Iron Head|p1a: Mandibuzz
|-damage|p1a: Mandibuzz|13/100
|move|p1a: Mandibuzz|Knock Off|p2a: Excadrill
|-damage|p2a: Excadrill|0 fnt
|faint|p2a: Excadrill
|
|upkeep
|
|switch|p2a: Rotom|Rotom-Wash|100/100
|turn|9
|
|move|p2a: Rotom|Volt Switch|p1a: Mandibuzz
|-supereffective|p1a: Mandibuzz
|-damage|p1a: Mandibuzz|0 fnt
|faint|p1a: Mandibuzz
|
|switch|p2a: Dragapult|Dragapult, M|100/100|[from]move: Volt Switch
|
|upkeep
|
|switch|p1a: Conkeldurr|Conkeldurr, M|100/100
|-damage|p1a: Conkeldurr|94/100|[from] Stealth Rock
|turn|10
|
|move|p1a: Conkeldurr|Ice Punch|p2a: Dragapult
|-supereffective|p2a: Dragapult
|-damage|p2a: Dragapult|8/100
|move|p2a: Dragapult|Dragon Tail|p1a: Conkeldurr
|-damage|p1a: Conkeldurr|73/100
|drag|p1a: Rotom|Rotom-Heat|100/100
|-damage|p1a: Rotom|76/100|[from] Stealth Rock
|
|upkeep
|turn|11
|
|switch|p2a: Tyranitar|Tyranitar, F|100/100
|-weather|Sandstorm|[from] ability: Sand Stream|[of] p2a: Tyranitar
|move|p1a: Rotom|Volt Switch|p2a: Tyranitar
|-damage|p2a: Tyranitar|83/100
|
|switch|p1a: Conkeldurr|Conkeldurr, M|73/100|[from]move: Volt Switch
|-damage|p1a: Conkeldurr|67/100|[from] Stealth Rock
|
|-weather|Sandstorm|[upkeep]
|-damage|p1a: Conkeldurr|61/100|[from] Sandstorm
|-heal|p2a: Tyranitar|89/100|[from] item: Leftovers
|-status|p1a: Conkeldurr|brn|[from] item: Flame Orb
|upkeep
|turn|12
|
|move|p2a: Tyranitar|Earthquake|p1a: Conkeldurr
|-damage|p1a: Conkeldurr|25/100 brn
|move|p1a: Conkeldurr|Ice Punch|p2a: Tyranitar
|-damage|p2a: Tyranitar|54/100
|-status|p2a: Tyranitar|frz
|
|-weather|Sandstorm|[upkeep]
|-damage|p1a: Conkeldurr|19/100 brn|[from] Sandstorm
|-heal|p2a: Tyranitar|61/100 frz|[from] item: Leftovers
|-damage|p1a: Conkeldurr|13/100 brn|[from] brn
|upkeep
|turn|13
|
|cant|p2a: Tyranitar|frz
|move|p1a: Conkeldurr|Drain Punch|p2a: Tyranitar
|-supereffective|p2a: Tyranitar
|-damage|p2a: Tyranitar|0 fnt
|-heal|p1a: Conkeldurr|42/100 brn|[from] drain|[of] p2a: Tyranitar
|faint|p2a: Tyranitar
|
|-weather|Sandstorm|[upkeep]
|-damage|p1a: Conkeldurr|36/100 brn|[from] Sandstorm
|-damage|p1a: Conkeldurr|30/100 brn|[from] brn
|upkeep
|
|switch|p2a: Rotom|Rotom-Wash|100/100
|turn|14
|
|move|p1a: Conkeldurr|Mach Punch|p2a: Rotom
|-damage|p2a: Rotom|48/100
|move|p2a: Rotom|Volt Switch|p1a: Conkeldurr
|-damage|p1a: Conkeldurr|0 fnt
|faint|p1a: Conkeldurr
|
|switch|p2a: Dragapult|Dragapult, M|8/100|[from]move: Volt Switch
|
|-weather|Sandstorm|[upkeep]
|-damage|p2a: Dragapult|2/100|[from] Sandstorm
|upkeep
|
|switch|p1a: Rotom|Rotom-Heat|76/100
|-damage|p1a: Rotom|51/100|[from] Stealth Rock
|turn|15
|
|move|p1a: Rotom|Volt Switch|p2a: Dragapult
|-resisted|p2a: Dragapult
|-crit|p2a: Dragapult
|-damage|p2a: Dragapult|0 fnt
|faint|p2a: Dragapult
|
|switch|p1a: Excadrill|Excadrill, M|100/100|[from]move: Volt Switch
|-damage|p1a: Excadrill|97/100|[from] Stealth Rock
|-ability|p1a: Excadrill|Mold Breaker
|
|-weather|none
|upkeep
|
|switch|p2a: Rotom|Rotom-Wash|48/100
|turn|16
|
|switch|p2a: Corsola|Corsola-Galar, F|82/100
|move|p1a: Excadrill|Earthquake|p2a: Corsola
|-damage|p2a: Corsola|54/100
|-start|p1a: Excadrill|Disable|Earthquake|[from] ability: Cursed Body|[of] p2a: Corsola
|
|upkeep
|turn|17
|
|switch|p1a: Gengar|Gengar, M|100/100
|-damage|p1a: Gengar|88/100|[from] Stealth Rock
|move|p2a: Corsola|Strength Sap|p1a: Gengar
|-unboost|p1a: Gengar|atk|1
|-heal|p2a: Corsola|91/100
|
|upkeep
|turn|18
|
|move|p1a: Gengar|Shadow Ball|p2a: Corsola
|-supereffective|p2a: Corsola
|-damage|p2a: Corsola|38/100
|-start|p1a: Gengar|Disable|Shadow Ball|[from] ability: Cursed Body|[of] p2a: Corsola
|move|p2a: Corsola|Night Shade|p1a: Gengar
|-damage|p1a: Gengar|50/100
|
|upkeep
|turn|19
|
|switch|p1a: Toxtricity|Toxtricity, F|100/100
|-damage|p1a: Toxtricity|88/100|[from] Stealth Rock
|move|p2a: Corsola|Strength Sap|p1a: Toxtricity
|-unboost|p1a: Toxtricity|atk|1
|-heal|p2a: Corsola|93/100
|
|upkeep
|turn|20
|
|move|p1a: Toxtricity|Volt Switch|p2a: Corsola
|-crit|p2a: Corsola
|-damage|p2a: Corsola|50/100
|-damage|p1a: Toxtricity|78/100|[from] item: Life Orb
|
|switch|p1a: Gengar|Gengar, M|50/100|[from]move: Volt Switch
|-damage|p1a: Gengar|38/100|[from] Stealth Rock
|move|p2a: Corsola|Will-O-Wisp|p1a: Gengar
|-status|p1a: Gengar|brn
|
|-damage|p1a: Gengar|32/100 brn|[from] brn
|upkeep
|turn|21
|
|switch|p2a: Rotom|Rotom-Wash|48/100
|move|p1a: Gengar|Shadow Ball|p2a: Rotom
|-damage|p2a: Rotom|0 fnt
|faint|p2a: Rotom
|
|-damage|p1a: Gengar|26/100 brn|[from] brn
|upkeep
|
|switch|p2a: Corviknight|Corviknight, F|100/100
|-ability|p2a: Corviknight|Pressure
|turn|22
|
|switch|p1a: Rotom|Rotom-Heat|51/100
|-damage|p1a: Rotom|26/100|[from] Stealth Rock
|move|p2a: Corviknight|Brave Bird|p1a: Rotom
|-resisted|p1a: Rotom
|-damage|p1a: Rotom|0 fnt
|-damage|p2a: Corviknight|95/100|[from] Recoil
|faint|p1a: Rotom
|
|-heal|p2a: Corviknight|100/100|[from] item: Leftovers
|upkeep
|
|switch|p1a: Toxtricity|Toxtricity, F|78/100
|-damage|p1a: Toxtricity|66/100|[from] Stealth Rock
|turn|23
|
|move|p1a: Toxtricity|Overdrive|p2a: Corviknight
|-supereffective|p2a: Corviknight
|-damage|p2a: Corviknight|9/100
|-damage|p1a: Toxtricity|56/100|[from] item: Life Orb
|move|p2a: Corviknight|Brave Bird|p1a: Toxtricity
|-resisted|p1a: Toxtricity
|-damage|p1a: Toxtricity|25/100
|-damage|p2a: Corviknight|1/100|[from] Recoil
|
|-heal|p2a: Corviknight|8/100|[from] item: Leftovers
|upkeep
|turn|24
|
|move|p1a: Toxtricity|Overdrive|p2a: Corviknight
|-supereffective|p2a: Corviknight
|-damage|p2a: Corviknight|0 fnt
|-damage|p1a: Toxtricity|16/100|[from] item: Life Orb
|faint|p2a: Corviknight
|
|upkeep
|c|☆HealSlut uwu|ur so lucky k y  s
|-message|HealSlut uwu forfeited.
|
|win|Gaston_ssbm
|l|☆HealSlut uwu
|raw|Gaston_ssbm's rating: 1063 → 1095(+32 for winning)
|raw|HealSlut uwu's rating: 1070 → 1049(-21 for losing)
