|ScrapeTime|2020-01-01-23:44:30
|j|☆iFeyzi
|j|☆vcdestruiuomeuovo
|player|p1|iFeyzi|153|1278
|player|p2|vcdestruiuomeuovo|161|1281
|teamsize|p1|6
|teamsize|p2|6
|gametype|singles
|gen|8
|tier|[Gen 8] OU
|rated|
|rule|Sleep Clause Mod: Limit one foe put to sleep
|rule|Species Clause: Limit one of each Pokémon
|rule|OHKO Clause: OHKO moves are banned
|rule|Evasion Moves Clause: Evasion moves are banned
|rule|Endless Battle Clause: Forcing endless battles is banned
|rule|HP Percentage Mod: HP is shown in percentages
|clearpoke
|poke|p1|Dragapult, M|
|poke|p1|Ferrothorn, F|
|poke|p1|Mimikyu, F|
|poke|p1|Hydreigon, F|
|poke|p1|Cinderace, M|
|poke|p1|Rotom-Wash|
|poke|p2|Mew|
|poke|p2|Bisharp, F|
|poke|p2|Dragapult, M|
|poke|p2|Conkeldurr, M|
|poke|p2|Gyarados, F|
|poke|p2|Cloyster, M|
|rule|Dynamax Clause: You cannot dynamax
|teampreview
|
|start
|switch|p1a: Rotom|Rotom-Wash|100/100
|switch|p2a: Mew|Mew|100/100
|turn|1
|
|move|p1a: Rotom|Trick|p2a: Mew
|-activate|p1a: Rotom|move: Trick|[of] p2a: Mew
|-item|p2a: Mew|Choice Scarf|[from] move: Trick
|-item|p1a: Rotom|Mental Herb|[from] move: Trick
|move|p2a: Mew|Stealth Rock|p1a: Rotom
|-sidestart|p1: iFeyzi|move: Stealth Rock
|
|upkeep
|turn|2
|
|switch|p2a: Conkeldurr|Conkeldurr, M|100/100
|move|p1a: Rotom|Volt Switch|p2a: Conkeldurr
|-damage|p2a: Conkeldurr|63/100
|
|switch|p1a: Mimikyu|Mimikyu, F|100/100|[from]move: Volt Switch
|-damage|p1a: Mimikyu|88/100|[from] Stealth Rock
|
|-status|p2a: Conkeldurr|brn|[from] item: Flame Orb
|upkeep
|turn|3
|
|move|p1a: Mimikyu|Swords Dance|p1a: Mimikyu
|-boost|p1a: Mimikyu|atk|2
|move|p2a: Conkeldurr|Earthquake|p1a: Mimikyu
|-activate|p1a: Mimikyu|ability: Disguise
|-damage|p1a: Mimikyu|88/100
|detailschange|p1a: Mimikyu|Mimikyu-Busted, F
|-damage|p1a: Mimikyu|76/100|[from] ability: Disguise|[of] p1a: Mimikyu
|
|-damage|p2a: Conkeldurr|57/100 brn|[from] brn
|upkeep
|turn|4
|
|move|p1a: Mimikyu|Shadow Sneak|p2a: Conkeldurr
|-damage|p2a: Conkeldurr|17/100 brn
|-damage|p1a: Mimikyu|66/100|[from] item: Life Orb
|move|p2a: Conkeldurr|Earthquake|p1a: Mimikyu
|-damage|p1a: Mimikyu|0 fnt
|faint|p1a: Mimikyu
|
|-damage|p2a: Conkeldurr|11/100 brn|[from] brn
|upkeep
|
|switch|p1a: Rotom|Rotom-Wash|100/100
|-damage|p1a: Rotom|88/100|[from] Stealth Rock
|turn|5
|inactive|Battle timer is ON: inactive players will automatically lose when time's up. (requested by iFeyzi)
|
|move|p2a: Conkeldurr|Mach Punch|p1a: Rotom
|-damage|p1a: Rotom|47/100
|move|p1a: Rotom|Volt Switch|p2a: Conkeldurr
|-damage|p2a: Conkeldurr|0 fnt
|faint|p2a: Conkeldurr
|
|switch|p1a: Hydreigon|Hydreigon, F|100/100|[from]move: Volt Switch
|-damage|p1a: Hydreigon|88/100|[from] Stealth Rock
|
|-heal|p1a: Hydreigon|94/100|[from] item: Leftovers
|upkeep
|
|switch|p2a: Dragapult|Dragapult, M|100/100
|turn|6
|
|switch|p1a: Ferrothorn|Ferrothorn, F|100/100
|-damage|p1a: Ferrothorn|94/100|[from] Stealth Rock
|move|p2a: Dragapult|Draco Meteor|p1a: Ferrothorn
|-resisted|p1a: Ferrothorn
|-damage|p1a: Ferrothorn|64/100
|-unboost|p2a: Dragapult|spa|2
|-damage|p2a: Dragapult|91/100|[from] item: Life Orb
|
|-heal|p1a: Ferrothorn|70/100|[from] item: Leftovers
|upkeep
|turn|7
|
|move|p2a: Dragapult|Flamethrower|p1a: Ferrothorn
|-supereffective|p1a: Ferrothorn
|-damage|p1a: Ferrothorn|8/100
|-damage|p2a: Dragapult|81/100|[from] item: Life Orb
|move|p1a: Ferrothorn|Gyro Ball|p2a: Dragapult
|-damage|p2a: Dragapult|17/100
|
|-heal|p1a: Ferrothorn|14/100|[from] item: Leftovers
|upkeep
|turn|8
|
|move|p1a: Ferrothorn|Protect|p1a: Ferrothorn
|-singleturn|p1a: Ferrothorn|Protect
|move|p2a: Dragapult|Flamethrower|p1a: Ferrothorn
|-activate|p1a: Ferrothorn|move: Protect
|
|-heal|p1a: Ferrothorn|21/100|[from] item: Leftovers
|upkeep
|turn|9
|
|switch|p1a: Rotom|Rotom-Wash|47/100
|-damage|p1a: Rotom|35/100|[from] Stealth Rock
|move|p2a: Dragapult|Flamethrower|p1a: Rotom
|-resisted|p1a: Rotom
|-damage|p1a: Rotom|26/100
|-damage|p2a: Dragapult|7/100|[from] item: Life Orb
|
|upkeep
|turn|10
|
|move|p2a: Dragapult|Draco Meteor|p1a: Rotom
|-damage|p1a: Rotom|0 fnt
|-unboost|p2a: Dragapult|spa|2
|-damage|p2a: Dragapult|0 fnt|[from] item: Life Orb
|faint|p1a: Rotom
|faint|p2a: Dragapult
|
|upkeep
|
|switch|p2a: Cloyster|Cloyster, M|100/100
|switch|p1a: Hydreigon|Hydreigon, F|94/100
|-damage|p1a: Hydreigon|82/100|[from] Stealth Rock
|turn|11
|
|switch|p2a: Mew|Mew|100/100
|move|p1a: Hydreigon|Substitute|p1a: Hydreigon
|-start|p1a: Hydreigon|Substitute
|-damage|p1a: Hydreigon|57/100
|
|-heal|p1a: Hydreigon|63/100|[from] item: Leftovers
|upkeep
|turn|12
|
|move|p2a: Mew|Self-Destruct|p1a: Hydreigon
|-end|p1a: Hydreigon|Substitute
|faint|p2a: Mew
|move|p1a: Hydreigon|Nasty Plot|p1a: Hydreigon
|-boost|p1a: Hydreigon|spa|2
|
|-heal|p1a: Hydreigon|69/100|[from] item: Leftovers
|upkeep
|
|switch|p2a: Bisharp|Bisharp, F|100/100
|turn|13
|
|move|p1a: Hydreigon|Substitute|p1a: Hydreigon
|-start|p1a: Hydreigon|Substitute
|-damage|p1a: Hydreigon|44/100
|move|p2a: Bisharp|Iron Head|p1a: Hydreigon
|-end|p1a: Hydreigon|Substitute
|-damage|p2a: Bisharp|91/100|[from] item: Life Orb
|
|-heal|p1a: Hydreigon|51/100|[from] item: Leftovers
|upkeep
|turn|14
|
|move|p1a: Hydreigon|Dark Pulse|p2a: Bisharp
|-resisted|p2a: Bisharp
|-damage|p2a: Bisharp|19/100
|move|p2a: Bisharp|Iron Head|p1a: Hydreigon
|-damage|p1a: Hydreigon|0 fnt
|-damage|p2a: Bisharp|9/100|[from] item: Life Orb
|faint|p1a: Hydreigon
|
|upkeep
|
|switch|p1a: Cinderace|Cinderace, M|100/100
|turn|15
|
|move|p1a: Cinderace|Pyro Ball|p2a: Bisharp
|-supereffective|p2a: Bisharp
|-damage|p2a: Bisharp|0 fnt
|faint|p2a: Bisharp
|
|upkeep
|
|switch|p2a: Cloyster|Cloyster, M|100/100
|turn|16
|
|move|p1a: Cinderace|Pyro Ball|p2a: Cloyster
|-damage|p2a: Cloyster|48/100
|move|p2a: Cloyster|Shell Smash|p2a: Cloyster
|-unboost|p2a: Cloyster|def|1
|-unboost|p2a: Cloyster|spd|1
|-boost|p2a: Cloyster|atk|2
|-boost|p2a: Cloyster|spa|2
|-boost|p2a: Cloyster|spe|2
|
|upkeep
|turn|17
|
|move|p2a: Cloyster|Liquidation|p1a: Cinderace
|-supereffective|p1a: Cinderace
|-damage|p1a: Cinderace|0 fnt
|faint|p1a: Cinderace
|
|upkeep
|
|switch|p1a: Ferrothorn|Ferrothorn, F|21/100
|-damage|p1a: Ferrothorn|14/100|[from] Stealth Rock
|turn|18
|
|move|p1a: Ferrothorn|Protect|p1a: Ferrothorn
|-singleturn|p1a: Ferrothorn|Protect
|move|p2a: Cloyster|Icicle Spear|p1a: Ferrothorn
|-activate|p1a: Ferrothorn|move: Protect
|
|-heal|p1a: Ferrothorn|21/100|[from] item: Leftovers
|upkeep
|turn|19
|
|move|p2a: Cloyster|Icicle Spear|p1a: Ferrothorn
|-damage|p1a: Ferrothorn|8/100
|-damage|p1a: Ferrothorn|0 fnt
|-hitcount|p1a: Ferrothorn|2
|faint|p1a: Ferrothorn
|
|upkeep
|c|☆vcdestruiuomeuovo|GG BOY
|
|switch|p1a: Dragapult|Dragapult, M|100/100
|-damage|p1a: Dragapult|88/100|[from] Stealth Rock
|turn|20
|
|move|p2a: Cloyster|Icicle Spear|p1a: Dragapult
|-supereffective|p1a: Dragapult
|-damage|p1a: Dragapult|31/100
|-supereffective|p1a: Dragapult
|-damage|p1a: Dragapult|0 fnt
|-hitcount|p1a: Dragapult|2
|faint|p1a: Dragapult
|
|win|vcdestruiuomeuovo
|l|☆iFeyzi
|raw|iFeyzi's rating: 1278 → 1253(-25 for losing)
|raw|vcdestruiuomeuovo's rating: 1281 → 1306(+25 for winning)
