|ScrapeTime|2020-01-02-15:26:29
|j|☆Maveriick88
|j|☆vendetta14253
|player|p1|Maveriick88|hilbert|1374
|player|p2|vendetta14253|101|1361
|teamsize|p1|6
|teamsize|p2|6
|gametype|singles
|gen|8
|tier|[Gen 8] OU
|rated|
|rule|Sleep Clause Mod: Limit one foe put to sleep
|rule|Species Clause: Limit one of each Pokémon
|rule|OHKO Clause: OHKO moves are banned
|rule|Evasion Moves Clause: Evasion moves are banned
|rule|Endless Battle Clause: Forcing endless battles is banned
|rule|HP Percentage Mod: HP is shown in percentages
|clearpoke
|poke|p1|Dragapult, M|
|poke|p1|Corviknight, M|
|poke|p1|Hawlucha, M|
|poke|p1|Toxtricity-Low-Key, F|
|poke|p1|Cinderace, F|
|poke|p1|Indeedee, M|
|poke|p2|Obstagoon, M|
|poke|p2|Ribombee, F|
|poke|p2|Mamoswine, M|
|poke|p2|Arctovish|
|poke|p2|Gengar, F|
|poke|p2|Noivern, M|
|rule|Dynamax Clause: You cannot dynamax
|teampreview
|
|start
|switch|p1a: EN EFFET|Indeedee, M|100/100
|switch|p2a: Arctovish|Arctovish|100/100
|-fieldstart|move: Psychic Terrain|[from] ability: Psychic Surge|[of] p1a: EN EFFET
|turn|1
|
|move|p2a: Arctovish|Fishious Rend|p1a: EN EFFET
|-damage|p1a: EN EFFET|0 fnt
|faint|p1a: EN EFFET
|
|upkeep
|
|switch|p1a: Jean Syrien|Dragapult, M|100/100
|turn|2
|
|move|p1a: Jean Syrien|Dragon Darts|p2a: Arctovish
|-damage|p2a: Arctovish|73/100
|-damage|p2a: Arctovish|47/100
|-hitcount|p2a: Arctovish|2
|move|p2a: Arctovish|Fishious Rend|p1a: Jean Syrien
|-resisted|p1a: Jean Syrien
|-damage|p1a: Jean Syrien|76/100
|
|-heal|p1a: Jean Syrien|82/100|[from] item: Leftovers
|upkeep
|turn|3
|
|switch|p2a: Ribombee|Ribombee, F, shiny|100/100
|move|p1a: Jean Syrien|Substitute|p1a: Jean Syrien
|-start|p1a: Jean Syrien|Substitute
|-damage|p1a: Jean Syrien|57/100
|
|-heal|p1a: Jean Syrien|63/100|[from] item: Leftovers
|upkeep
|turn|4
|
|switch|p2a: Arctovish|Arctovish|47/100
|move|p1a: Jean Syrien|Dragon Dance|p1a: Jean Syrien
|-boost|p1a: Jean Syrien|atk|1
|-boost|p1a: Jean Syrien|spe|1
|
|-heal|p1a: Jean Syrien|69/100|[from] item: Leftovers
|upkeep
|turn|5
|
|move|p1a: Jean Syrien|Dragon Darts|p2a: Arctovish
|-damage|p2a: Arctovish|4/100
|-damage|p2a: Arctovish|0 fnt
|-hitcount|p2a: Arctovish|2
|faint|p2a: Arctovish
|
|-heal|p1a: Jean Syrien|75/100|[from] item: Leftovers
|-fieldend|move: Psychic Terrain
|upkeep
|
|switch|p2a: Mamoswine|Mamoswine, M|100/100
|turn|6
|
|move|p2a: Mamoswine|Ice Shard|p1a: Jean Syrien
|-supereffective|p1a: Jean Syrien
|-end|p1a: Jean Syrien|Substitute
|move|p1a: Jean Syrien|Dragon Darts|p2a: Mamoswine
|-damage|p2a: Mamoswine|57/100
|-damage|p2a: Mamoswine|13/100
|-hitcount|p2a: Mamoswine|2
|
|-heal|p1a: Jean Syrien|81/100|[from] item: Leftovers
|upkeep
|turn|7
|
|switch|p1a: Pire au But|Cinderace, F|100/100
|move|p2a: Mamoswine|Icicle Crash|p1a: Pire au But|[miss]
|-miss|p2a: Mamoswine|p1a: Pire au But
|
|upkeep
|turn|8
|
|move|p2a: Mamoswine|Ice Shard|p1a: Pire au But
|-resisted|p1a: Pire au But
|-damage|p1a: Pire au But|86/100
|move|p1a: Pire au But|Pyro Ball|p2a: Mamoswine
|-supereffective|p2a: Mamoswine
|-damage|p2a: Mamoswine|0 fnt
|faint|p2a: Mamoswine
|
|upkeep
|
|switch|p2a: Obstagoon|Obstagoon, M|100/100
|turn|9
|
|move|p2a: Obstagoon|Obstruct|p2a: Obstagoon
|-singleturn|p2a: Obstagoon|Protect
|move|p1a: Pire au But|U-turn|p2a: Obstagoon
|-activate|p2a: Obstagoon|move: Protect
|-unboost|p1a: Pire au But|def|2
|
|-status|p2a: Obstagoon|brn|[from] item: Flame Orb
|upkeep
|turn|10
|
|move|p1a: Pire au But|U-turn|p2a: Obstagoon
|-supereffective|p2a: Obstagoon
|-damage|p2a: Obstagoon|54/100 brn
|
|switch|p1a: Egéria|Corviknight, M|100/100|[from]move: U-turn
|-ability|p1a: Egéria|Pressure
|move|p2a: Obstagoon|Knock Off|p1a: Egéria
|-damage|p1a: Egéria|54/100
|-enditem|p1a: Egéria|Leftovers|[from] move: Knock Off|[of] p2a: Obstagoon
|
|-damage|p2a: Obstagoon|48/100 brn|[from] brn
|upkeep
|turn|11
|
|move|p2a: Obstagoon|Close Combat|p1a: Egéria
|-damage|p1a: Egéria|15/100
|-unboost|p2a: Obstagoon|def|1
|-unboost|p2a: Obstagoon|spd|1
|move|p1a: Egéria|Roost|p1a: Egéria
|-heal|p1a: Egéria|65/100
|-singleturn|p1a: Egéria|move: Roost
|
|-damage|p2a: Obstagoon|42/100 brn|[from] brn
|upkeep
|turn|12
|
|switch|p2a: Noivern|Noivern, M|100/100
|move|p1a: Egéria|Roost|p1a: Egéria
|-heal|p1a: Egéria|100/100
|-singleturn|p1a: Egéria|move: Roost
|
|upkeep
|turn|13
|
|move|p2a: Noivern|Flamethrower|p1a: Egéria
|-supereffective|p1a: Egéria
|-damage|p1a: Egéria|56/100
|-damage|p2a: Noivern|91/100|[from] item: Life Orb
|move|p1a: Egéria|Iron Head|p2a: Noivern
|-damage|p2a: Noivern|55/100
|
|upkeep
|turn|14
|
|move|p2a: Noivern|Flamethrower|p1a: Egéria
|-supereffective|p1a: Egéria
|-damage|p1a: Egéria|8/100
|-damage|p2a: Noivern|46/100|[from] item: Life Orb
|move|p1a: Egéria|Roost|p1a: Egéria
|-heal|p1a: Egéria|58/100
|-singleturn|p1a: Egéria|move: Roost
|
|upkeep
|turn|15
|
|switch|p1a: Pire au But|Cinderace, F|86/100
|move|p2a: Noivern|Flamethrower|p1a: Pire au But
|-resisted|p1a: Pire au But
|-damage|p1a: Pire au But|62/100
|-damage|p2a: Noivern|36/100|[from] item: Life Orb
|
|upkeep
|turn|16
|
|move|p2a: Noivern|Draco Meteor|p1a: Pire au But
|-damage|p1a: Pire au But|0 fnt
|-unboost|p2a: Noivern|spa|2
|-damage|p2a: Noivern|26/100|[from] item: Life Orb
|faint|p1a: Pire au But
|
|upkeep
|
|switch|p1a: Jean Syrien|Dragapult, M|81/100
|turn|17
|
|move|p1a: Jean Syrien|Substitute|p1a: Jean Syrien
|-start|p1a: Jean Syrien|Substitute
|-damage|p1a: Jean Syrien|56/100
|move|p2a: Noivern|Draco Meteor|p1a: Jean Syrien
|-supereffective|p1a: Jean Syrien
|-damage|p1a: Jean Syrien|0 fnt
|-unboost|p2a: Noivern|spa|2
|-damage|p2a: Noivern|16/100|[from] item: Life Orb
|faint|p1a: Jean Syrien
|
|upkeep
|c|☆Maveriick88|shit x)
|
|switch|p1a: Rey Fénix|Hawlucha, M|100/100
|turn|18
|c|☆vendetta14253|infiltrator
|c|☆Maveriick88|I forgot x)
|
|switch|p2a: Obstagoon|Obstagoon, M|42/100 brn
|move|p1a: Rey Fénix|Swords Dance|p1a: Rey Fénix
|-boost|p1a: Rey Fénix|atk|2
|
|-damage|p2a: Obstagoon|36/100 brn|[from] brn
|upkeep
|turn|19
|
|move|p1a: Rey Fénix|Close Combat|p2a: Obstagoon
|-supereffective|p2a: Obstagoon
|-damage|p2a: Obstagoon|0 fnt
|-unboost|p1a: Rey Fénix|def|1
|-unboost|p1a: Rey Fénix|spd|1
|faint|p2a: Obstagoon
|
|upkeep
|
|switch|p2a: Ribombee|Ribombee, F, shiny|100/100
|turn|20
|
|move|p2a: Ribombee|Moonblast|p1a: Rey Fénix
|-supereffective|p1a: Rey Fénix
|-damage|p1a: Rey Fénix|0 fnt
|faint|p1a: Rey Fénix
|
|upkeep
|
|switch|p1a: Salarsen|Toxtricity-Low-Key, F|100/100
|turn|21
|
|move|p1a: Salarsen|Overdrive|p2a: Ribombee
|-damage|p2a: Ribombee|15/100
|move|p2a: Ribombee|Psychic|p1a: Salarsen
|-supereffective|p1a: Salarsen
|-damage|p1a: Salarsen|24/100
|
|upkeep
|turn|22
|
|move|p1a: Salarsen|Overdrive|p2a: Ribombee
|-damage|p2a: Ribombee|0 fnt
|faint|p2a: Ribombee
|
|upkeep
|
|switch|p2a: Gengar|Gengar, F|100/100
|turn|23
|
|switch|p1a: Egéria|Corviknight, M|58/100
|-ability|p1a: Egéria|Pressure
|move|p2a: Gengar|Shadow Ball|p1a: Egéria
|-damage|p1a: Egéria|30/100
|
|upkeep
|turn|24
|
|move|p2a: Gengar|Shadow Ball|p1a: Egéria
|-damage|p1a: Egéria|3/100
|move|p1a: Egéria|Roost|p1a: Egéria
|-heal|p1a: Egéria|53/100
|-singleturn|p1a: Egéria|move: Roost
|
|upkeep
|turn|25
|
|move|p2a: Gengar|Shadow Ball|p1a: Egéria
|-damage|p1a: Egéria|24/100
|-unboost|p1a: Egéria|spd|1
|move|p1a: Egéria|Roost|p1a: Egéria
|-heal|p1a: Egéria|74/100
|-singleturn|p1a: Egéria|move: Roost
|
|upkeep
|turn|26
|
|move|p2a: Gengar|Shadow Ball|p1a: Egéria
|-damage|p1a: Egéria|33/100
|move|p1a: Egéria|Iron Head|p2a: Gengar
|-damage|p2a: Gengar|50/100
|
|upkeep
|turn|27
|
|move|p2a: Gengar|Shadow Ball|p1a: Egéria
|-damage|p1a: Egéria|0 fnt
|faint|p1a: Egéria
|
|upkeep
|
|switch|p1a: Salarsen|Toxtricity-Low-Key, F|24/100
|turn|28
|
|move|p2a: Gengar|Shadow Ball|p1a: Salarsen
|-damage|p1a: Salarsen|0 fnt
|faint|p1a: Salarsen
|
|win|vendetta14253
|l|☆Maveriick88
|raw|Maveriick88's rating: 1374 → 1353(-21 for losing)
|raw|vendetta14253's rating: 1362 → 1382(+20 for winning)
