|ScrapeTime|2020-01-01-15:05:27
|j|☆2 quiet
|j|☆1% pure evil
|player|p1|2 quiet|294|1723
|player|p2|1% pure evil|anabel|1681
|teamsize|p1|6
|teamsize|p2|6
|gametype|singles
|gen|8
|tier|[Gen 8] OU
|rated|
|rule|Sleep Clause Mod: Limit one foe put to sleep
|rule|Species Clause: Limit one of each Pokémon
|rule|OHKO Clause: OHKO moves are banned
|rule|Evasion Moves Clause: Evasion moves are banned
|rule|Endless Battle Clause: Forcing endless battles is banned
|rule|HP Percentage Mod: HP is shown in percentages
|clearpoke
|poke|p1|Crawdaunt, M|
|poke|p1|Dragapult, M|
|poke|p1|Rotom-Mow|
|poke|p1|Corviknight, M|
|poke|p1|Toxtricity, M|
|poke|p1|Dugtrio, M|
|poke|p2|Dragapult, M|
|poke|p2|Vaporeon, F|
|poke|p2|Heliolisk, F|
|poke|p2|Dugtrio, M|
|poke|p2|Togekiss, M|
|poke|p2|Corviknight, F|
|rule|Dynamax Clause: You cannot dynamax
|teampreview
|j| TheLindomar
|l| TheLindomar
|inactive|Battle timer is ON: inactive players will automatically lose when time's up. (requested by 2 quiet)
|
|start
|switch|p1a: Rotom|Rotom-Mow|100/100
|switch|p2a: Dragapult|Dragapult, M|100/100
|turn|1
|j| Zigurat420
|inactive|2 quiet has 120 seconds left.
|
|move|p2a: Dragapult|Hex|p1a: Rotom
|-damage|p1a: Rotom|70/100
|move|p1a: Rotom|Volt Switch|p2a: Dragapult
|-resisted|p2a: Dragapult
|-damage|p2a: Dragapult|83/100
|
|switch|p1a: Dragapult|Dragapult, M|100/100|[from]move: Volt Switch
|
|-heal|p2a: Dragapult|90/100|[from] item: Leftovers
|upkeep
|turn|2
|
|switch|p2a: Togekiss|Togekiss, M|100/100
|move|p1a: Dragapult|U-turn|p2a: Togekiss
|-resisted|p2a: Togekiss
|-damage|p2a: Togekiss|96/100
|inactive|2 quiet has 120 seconds left.
|
|switch|p1a: Toxtricity|Toxtricity, M|100/100|[from]move: U-turn
|
|-heal|p2a: Togekiss|100/100|[from] item: Leftovers
|upkeep
|turn|3
|inactive|2 quiet has 120 seconds left.
|
|switch|p1a: Rotom|Rotom-Mow|70/100
|move|p2a: Togekiss|Air Slash|p1a: Rotom
|-damage|p1a: Rotom|29/100
|
|-heal|p1a: Rotom|35/100|[from] item: Leftovers
|upkeep
|turn|4
|
|switch|p1a: Corviknight|Corviknight, M|100/100
|-ability|p1a: Corviknight|Pressure
|move|p2a: Togekiss|Flamethrower|p1a: Corviknight
|-supereffective|p1a: Corviknight
|-damage|p1a: Corviknight|39/100
|-status|p1a: Corviknight|brn
|
|-heal|p1a: Corviknight|45/100 brn|[from] item: Leftovers
|-damage|p1a: Corviknight|39/100 brn|[from] brn
|upkeep
|turn|5
|c|☆1% pure evil|bop
|inactive|2 quiet has 120 seconds left.
|c|☆1% pure evil|X)
|c|☆2 quiet|oh god
|
|switch|p1a: Toxtricity|Toxtricity, M|100/100
|move|p2a: Togekiss|Flamethrower|p1a: Toxtricity
|-damage|p1a: Toxtricity|54/100
|
|-heal|p1a: Toxtricity|60/100|[from] item: Black Sludge
|upkeep
|turn|6
|j| KindleAri
|l| KindleAri
|
|switch|p2a: Heliolisk|Heliolisk, F|100/100
|move|p1a: Toxtricity|Overdrive|p2a: Heliolisk
|-resisted|p2a: Heliolisk
|-damage|p2a: Heliolisk|70/100
|
|-heal|p2a: Heliolisk|76/100|[from] item: Leftovers
|-heal|p1a: Toxtricity|66/100|[from] item: Black Sludge
|upkeep
|turn|7
|
|move|p2a: Heliolisk|Substitute|p2a: Heliolisk
|-start|p2a: Heliolisk|Substitute
|-damage|p2a: Heliolisk|51/100
|move|p1a: Toxtricity|Boomburst|p2a: Heliolisk
|-damage|p2a: Heliolisk|0 fnt
|faint|p2a: Heliolisk
|
|-heal|p1a: Toxtricity|73/100|[from] item: Black Sludge
|upkeep
|
|switch|p2a: Dugtrio|Dugtrio, M|100/100
|turn|8
|inactive|2 quiet has 120 seconds left.
|
|move|p2a: Dugtrio|Earthquake|p1a: Toxtricity
|-supereffective|p1a: Toxtricity
|-damage|p1a: Toxtricity|0 fnt
|faint|p1a: Toxtricity
|
|upkeep
|inactive|2 quiet has 120 seconds left.
|
|switch|p1a: Dugtrio|Dugtrio, M|100/100
|turn|9
|
|move|p1a: Dugtrio|Earthquake|p2a: Dugtrio
|-enditem|p2a: Dugtrio|Focus Sash
|-damage|p2a: Dugtrio|1/100
|move|p2a: Dugtrio|Earthquake|p1a: Dugtrio
|-enditem|p1a: Dugtrio|Focus Sash
|-damage|p1a: Dugtrio|1/100
|
|upkeep
|turn|10
|inactive|2 quiet has 90 seconds left.
|
|move|p1a: Dugtrio|Sucker Punch|p2a: Dugtrio
|-damage|p2a: Dugtrio|0 fnt
|faint|p2a: Dugtrio
|
|upkeep
|
|switch|p2a: Corviknight|Corviknight, F|100/100
|-ability|p2a: Corviknight|Pressure
|turn|11
|
|move|p1a: Dugtrio|Stealth Rock|p2a: Corviknight
|-sidestart|p2: 1% pure evil|move: Stealth Rock
|move|p2a: Corviknight|Bulk Up|p2a: Corviknight
|-boost|p2a: Corviknight|atk|1
|-boost|p2a: Corviknight|def|1
|
|upkeep
|turn|12
|
|move|p1a: Dugtrio|Memento|p2a: Corviknight
|-unboost|p2a: Corviknight|atk|2
|-unboost|p2a: Corviknight|spa|2
|faint|p1a: Dugtrio
|move|p2a: Corviknight|Bulk Up|p2a: Corviknight
|-boost|p2a: Corviknight|atk|1
|-boost|p2a: Corviknight|def|1
|
|upkeep
|
|switch|p1a: Rotom|Rotom-Mow|35/100
|turn|13
|
|move|p1a: Rotom|Will-O-Wisp|p2a: Corviknight|[miss]
|-miss|p1a: Rotom|p2a: Corviknight
|move|p2a: Corviknight|Power Trip|p1a: Rotom
|-damage|p1a: Rotom|24/100
|
|-heal|p1a: Rotom|30/100|[from] item: Leftovers
|upkeep
|turn|14
|
|switch|p2a: Dragapult|Dragapult, M|90/100
|-damage|p2a: Dragapult|77/100|[from] Stealth Rock
|move|p1a: Rotom|Will-O-Wisp|p2a: Dragapult
|-status|p2a: Dragapult|brn
|
|-heal|p2a: Dragapult|83/100 brn|[from] item: Leftovers
|-heal|p1a: Rotom|37/100|[from] item: Leftovers
|-damage|p2a: Dragapult|77/100 brn|[from] brn
|upkeep
|turn|15
|
|switch|p1a: Corviknight|Corviknight, M|39/100 brn
|-ability|p1a: Corviknight|Pressure
|move|p2a: Dragapult|Hex|p1a: Corviknight
|-damage|p1a: Corviknight|0 fnt
|faint|p1a: Corviknight
|
|-heal|p2a: Dragapult|83/100 brn|[from] item: Leftovers
|-damage|p2a: Dragapult|77/100 brn|[from] brn
|upkeep
|
|switch|p1a: Dragapult|Dragapult, M|100/100
|turn|16
|j| hhhhjb
|
|switch|p2a: Vaporeon|Vaporeon, F|100/100
|-damage|p2a: Vaporeon|88/100|[from] Stealth Rock
|move|p1a: Dragapult|Shadow Ball|p2a: Vaporeon
|-damage|p2a: Vaporeon|59/100
|
|-heal|p2a: Vaporeon|65/100|[from] item: Leftovers
|upkeep
|turn|17
|
|switch|p1a: Rotom|Rotom-Mow|37/100
|move|p2a: Vaporeon|Scald|p1a: Rotom
|-resisted|p1a: Rotom
|-damage|p1a: Rotom|21/100
|
|-heal|p1a: Rotom|27/100|[from] item: Leftovers
|-heal|p2a: Vaporeon|71/100|[from] item: Leftovers
|upkeep
|turn|18
|
|move|p2a: Vaporeon|Protect|p2a: Vaporeon
|-singleturn|p2a: Vaporeon|Protect
|move|p1a: Rotom|Volt Switch|p2a: Vaporeon
|-activate|p2a: Vaporeon|move: Protect
|
|-heal|p1a: Rotom|33/100|[from] item: Leftovers
|-heal|p2a: Vaporeon|77/100|[from] item: Leftovers
|upkeep
|turn|19
|
|move|p1a: Rotom|Volt Switch|p2a: Vaporeon
|-supereffective|p2a: Vaporeon
|-damage|p2a: Vaporeon|37/100
|j| GXXK
|
|switch|p1a: Crawdaunt|Crawdaunt, M|100/100|[from]move: Volt Switch
|move|p2a: Vaporeon|Scald|p1a: Crawdaunt
|-resisted|p1a: Crawdaunt
|-damage|p1a: Crawdaunt|69/100
|-status|p1a: Crawdaunt|brn
|
|-heal|p2a: Vaporeon|43/100|[from] item: Leftovers
|-damage|p1a: Crawdaunt|63/100 brn|[from] brn
|upkeep
|turn|20
|c|☆1% pure evil|XD
|c|☆2 quiet|what does XD mean
|
|move|p1a: Crawdaunt|Swords Dance|p1a: Crawdaunt
|-boost|p1a: Crawdaunt|atk|2
|move|p2a: Vaporeon|Wish|p2a: Vaporeon
|
|-heal|p2a: Vaporeon|49/100|[from] item: Leftovers
|-damage|p1a: Crawdaunt|57/100 brn|[from] brn
|upkeep
|turn|21
|
|move|p1a: Crawdaunt|Swords Dance|p1a: Crawdaunt
|-boost|p1a: Crawdaunt|atk|2
|move|p2a: Vaporeon|Haze|p2a: Vaporeon
|-clearallboost
|
|-heal|p2a: Vaporeon|99/100|[from] move: Wish|[wisher] Vaporeon
|-heal|p2a: Vaporeon|100/100|[from] item: Leftovers
|-damage|p1a: Crawdaunt|51/100 brn|[from] brn
|upkeep
|turn|22
|c|☆1% pure evil|it is just a face
|j| Mengy ䷣
|c|☆2 quiet|oh
|c|☆1% pure evil|dang you got finnessed
|c|☆2 quiet|does that face mean something to you
|
|switch|p1a: Rotom|Rotom-Mow|33/100
|move|p2a: Vaporeon|Scald|p1a: Rotom
|-resisted|p1a: Rotom
|-damage|p1a: Rotom|19/100
|
|-heal|p1a: Rotom|25/100|[from] item: Leftovers
|upkeep
|turn|23
|c|☆2 quiet|i don't get it
|c|☆2 quiet|its just 2 letters to me
|
|move|p1a: Rotom|Will-O-Wisp|p2a: Vaporeon
|-status|p2a: Vaporeon|brn
|move|p2a: Vaporeon|Scald|p1a: Rotom
|-resisted|p1a: Rotom
|-damage|p1a: Rotom|9/100
|
|-heal|p1a: Rotom|15/100|[from] item: Leftovers
|-damage|p2a: Vaporeon|94/100 brn|[from] brn
|upkeep
|turn|24
|c|☆1% pure evil|nah its just a face when your like thats crazy XD
|
|move|p1a: Rotom|Volt Switch|p2a: Vaporeon
|-supereffective|p2a: Vaporeon
|-damage|p2a: Vaporeon|53/100 brn
|c|☆2 quiet|what does that mean
|c|☆2 quiet|when your like thats crazy XD
|c|☆2 quiet|whats a like thats
|inactive|2 quiet has 120 seconds left.
|
|switch|p1a: Dragapult|Dragapult, M|100/100|[from]move: Volt Switch
|move|p2a: Vaporeon|Scald|p1a: Dragapult
|-resisted|p1a: Dragapult
|-damage|p1a: Dragapult|81/100
|
|-heal|p2a: Vaporeon|59/100 brn|[from] item: Leftovers
|-damage|p2a: Vaporeon|53/100 brn|[from] brn
|upkeep
|turn|25
|
|move|p2a: Vaporeon|Protect|p2a: Vaporeon
|-singleturn|p2a: Vaporeon|Protect
|move|p1a: Dragapult|Draco Meteor|p2a: Vaporeon
|-activate|p2a: Vaporeon|move: Protect
|
|-heal|p2a: Vaporeon|59/100 brn|[from] item: Leftovers
|-damage|p2a: Vaporeon|53/100 brn|[from] brn
|upkeep
|turn|26
|
|switch|p1a: Rotom|Rotom-Mow|15/100
|move|p2a: Vaporeon|Wish|p2a: Vaporeon
|
|-heal|p1a: Rotom|22/100|[from] item: Leftovers
|-heal|p2a: Vaporeon|59/100 brn|[from] item: Leftovers
|-damage|p2a: Vaporeon|53/100 brn|[from] brn
|upkeep
|turn|27
|j| watr sucks
|
|move|p2a: Vaporeon|Protect|p2a: Vaporeon
|-singleturn|p2a: Vaporeon|Protect
|move|p1a: Rotom|Thunderbolt|p2a: Vaporeon
|-activate|p2a: Vaporeon|move: Protect
|
|-heal|p2a: Vaporeon|100/100 brn|[from] move: Wish|[wisher] Vaporeon
|-heal|p1a: Rotom|28/100|[from] item: Leftovers
|-damage|p2a: Vaporeon|94/100 brn|[from] brn
|upkeep
|turn|28
|
|move|p1a: Rotom|Thunderbolt|p2a: Vaporeon
|-supereffective|p2a: Vaporeon
|-crit|p2a: Vaporeon
|-damage|p2a: Vaporeon|20/100 brn
|move|p2a: Vaporeon|Scald|p1a: Rotom
|-resisted|p1a: Rotom
|-damage|p1a: Rotom|12/100
|
|-heal|p1a: Rotom|18/100|[from] item: Leftovers
|-heal|p2a: Vaporeon|26/100 brn|[from] item: Leftovers
|-damage|p2a: Vaporeon|20/100 brn|[from] brn
|upkeep
|turn|29
|
|move|p1a: Rotom|Volt Switch|p2a: Vaporeon
|-supereffective|p2a: Vaporeon
|-damage|p2a: Vaporeon|0 fnt
|faint|p2a: Vaporeon
|
|switch|p1a: Dragapult|Dragapult, M|81/100|[from]move: Volt Switch
|
|upkeep
|
|switch|p2a: Togekiss|Togekiss, M|100/100
|-damage|p2a: Togekiss|76/100|[from] Stealth Rock
|turn|30
|
|move|p1a: Dragapult|Shadow Ball|p2a: Togekiss
|-damage|p2a: Togekiss|41/100
|move|p2a: Togekiss|Air Slash|p1a: Dragapult
|-damage|p1a: Dragapult|28/100
|
|-heal|p2a: Togekiss|47/100|[from] item: Leftovers
|upkeep
|turn|31
|
|switch|p1a: Crawdaunt|Crawdaunt, M|51/100 brn
|move|p2a: Togekiss|Air Slash|p1a: Crawdaunt
|-damage|p1a: Crawdaunt|0 fnt
|faint|p1a: Crawdaunt
|
|-heal|p2a: Togekiss|53/100|[from] item: Leftovers
|upkeep
|
|switch|p1a: Rotom|Rotom-Mow|18/100
|turn|32
|
|switch|p2a: Dragapult|Dragapult, M|77/100 brn
|-damage|p2a: Dragapult|65/100 brn|[from] Stealth Rock
|move|p1a: Rotom|Volt Switch|p2a: Dragapult
|-resisted|p2a: Dragapult
|-damage|p2a: Dragapult|49/100 brn
|
|switch|p1a: Dragapult|Dragapult, M|28/100|[from]move: Volt Switch
|
|-heal|p2a: Dragapult|56/100 brn|[from] item: Leftovers
|-damage|p2a: Dragapult|49/100 brn|[from] brn
|upkeep
|turn|33
|c| hhhhjb|whats the fourth attack on your rottom?
|
|move|p1a: Dragapult|Shadow Ball|p2a: Dragapult
|-supereffective|p2a: Dragapult
|-damage|p2a: Dragapult|0 fnt
|faint|p2a: Dragapult
|
|upkeep
|
|switch|p2a: Corviknight|Corviknight, F|100/100
|-damage|p2a: Corviknight|88/100|[from] Stealth Rock
|-ability|p2a: Corviknight|Pressure
|turn|34
|
|switch|p1a: Rotom|Rotom-Mow|18/100
|move|p2a: Corviknight|Bulk Up|p2a: Corviknight
|-boost|p2a: Corviknight|atk|1
|-boost|p2a: Corviknight|def|1
|
|-heal|p1a: Rotom|25/100|[from] item: Leftovers
|upkeep
|turn|35
|
|move|p1a: Rotom|Thunderbolt|p2a: Corviknight
|-supereffective|p2a: Corviknight
|-damage|p2a: Corviknight|44/100
|-enditem|p2a: Corviknight|Weakness Policy
|-boost|p2a: Corviknight|atk|2
|-boost|p2a: Corviknight|spa|2
|move|p2a: Corviknight|Power Trip|p1a: Rotom
|-damage|p1a: Rotom|0 fnt
|faint|p1a: Rotom
|
|upkeep
|
|switch|p1a: Dragapult|Dragapult, M|28/100
|turn|36
|
|move|p1a: Dragapult|Shadow Ball|p2a: Corviknight
|-damage|p2a: Corviknight|20/100
|move|p2a: Corviknight|Power Trip|p1a: Dragapult
|-supereffective|p1a: Dragapult
|-damage|p1a: Dragapult|0 fnt
|faint|p1a: Dragapult
|
|win|1% pure evil
|raw|2 quiet's rating: 1705 → 1684(-21 for losing)
|raw|1% pure evil's rating: 1681 → 1702(+21 for winning)
|c|☆1% pure evil|gg!
