|ScrapeTime|2020-01-02-15:15:35
|j|☆DrugApult
|j|☆zeurney
|player|p1|DrugApult|265|1443
|player|p2|zeurney|steven|1432
|teamsize|p1|6
|teamsize|p2|6
|gametype|singles
|gen|8
|tier|[Gen 8] OU
|rated|
|rule|Sleep Clause Mod: Limit one foe put to sleep
|rule|Species Clause: Limit one of each Pokémon
|rule|OHKO Clause: OHKO moves are banned
|rule|Evasion Moves Clause: Evasion moves are banned
|rule|Endless Battle Clause: Forcing endless battles is banned
|rule|HP Percentage Mod: HP is shown in percentages
|clearpoke
|poke|p1|Diggersby, M|
|poke|p1|Clefable, F|
|poke|p1|Rotom-Heat|
|poke|p1|Dracovish|
|poke|p1|Mandibuzz, F|
|poke|p1|Ferrothorn, F|
|poke|p2|Pelipper, M|
|poke|p2|Ferrothorn, M|
|poke|p2|Seismitoad, F|
|poke|p2|Barraskewda, M|
|poke|p2|Dracovish|
|poke|p2|Excadrill, M|
|rule|Dynamax Clause: You cannot dynamax
|teampreview
|
|start
|switch|p1a: Diggersby|Diggersby, M|100/100
|switch|p2a: Pelipper|Pelipper, M, shiny|100/100
|-weather|RainDance|[from] ability: Drizzle|[of] p2a: Pelipper
|turn|1
|
|move|p1a: Diggersby|Thunder Punch|p2a: Pelipper
|-supereffective|p2a: Pelipper
|-damage|p2a: Pelipper|0 fnt
|faint|p2a: Pelipper
|
|-weather|RainDance|[upkeep]
|upkeep
|
|switch|p2a: Barraskewda|Barraskewda, M|100/100
|turn|2
|
|switch|p1a: Nature's Mistake|Dracovish|100/100
|move|p2a: Barraskewda|Liquidation|p1a: Nature's Mistake
|-resisted|p1a: Nature's Mistake
|-damage|p1a: Nature's Mistake|75/100
|-damage|p2a: Barraskewda|91/100|[from] item: Life Orb
|
|-weather|RainDance|[upkeep]
|upkeep
|turn|3
|
|move|p2a: Barraskewda|Close Combat|p1a: Nature's Mistake
|-damage|p1a: Nature's Mistake|16/100
|-unboost|p2a: Barraskewda|def|1
|-unboost|p2a: Barraskewda|spd|1
|-damage|p2a: Barraskewda|81/100|[from] item: Life Orb
|move|p1a: Nature's Mistake|Fishious Rend|p2a: Barraskewda
|-resisted|p2a: Barraskewda
|-damage|p2a: Barraskewda|0 fnt
|faint|p2a: Barraskewda
|
|-weather|RainDance|[upkeep]
|upkeep
|
|switch|p2a: Seismitoad|Seismitoad, F|100/100
|turn|4
|
|move|p2a: Seismitoad|Hydro Pump|p1a: Nature's Mistake
|-resisted|p1a: Nature's Mistake
|-damage|p1a: Nature's Mistake|0 fnt
|-damage|p2a: Seismitoad|91/100|[from] item: Life Orb
|faint|p1a: Nature's Mistake
|
|-weather|RainDance|[upkeep]
|upkeep
|
|switch|p1a: No Homo|Ferrothorn, F|100/100
|turn|5
|
|move|p2a: Seismitoad|Focus Blast|p1a: No Homo|[miss]
|-miss|p2a: Seismitoad|p1a: No Homo
|move|p1a: No Homo|Spikes|p2a: Seismitoad
|-sidestart|p2: zeurney|Spikes
|
|-weather|RainDance|[upkeep]
|upkeep
|turn|6
|
|move|p2a: Seismitoad|Hydro Pump|p1a: No Homo|[miss]
|-miss|p2a: Seismitoad|p1a: No Homo
|move|p1a: No Homo|Power Whip|p2a: Seismitoad
|-supereffective|p2a: Seismitoad
|-damage|p2a: Seismitoad|0 fnt
|faint|p2a: Seismitoad
|
|-weather|RainDance|[upkeep]
|upkeep
|-message|zeurney forfeited.
|
|win|DrugApult
|l|☆zeurney
|raw|DrugApult's rating: 1443 → 1462(+19 for winning)
|raw|zeurney's rating: 1432 → 1412(-20 for losing)
