|ScrapeTime|2020-01-02-14:38:51
|j|☆hamboigas
|j|☆sd2GB
|player|p1|hamboigas|1|1115
|player|p2|sd2GB|137|1106
|teamsize|p1|6
|teamsize|p2|6
|gametype|singles
|gen|8
|tier|[Gen 8] OU
|rated|
|rule|Sleep Clause Mod: Limit one foe put to sleep
|rule|Species Clause: Limit one of each Pokémon
|rule|OHKO Clause: OHKO moves are banned
|rule|Evasion Moves Clause: Evasion moves are banned
|rule|Endless Battle Clause: Forcing endless battles is banned
|rule|HP Percentage Mod: HP is shown in percentages
|clearpoke
|poke|p1|Weezing-Galar, M|
|poke|p1|Reuniclus, M|
|poke|p1|Kommo-o, F|
|poke|p1|Gengar, M|
|poke|p1|Morpeko, M|
|poke|p1|Snorlax, M|
|poke|p2|Hatterene, F|
|poke|p2|Bisharp, M|
|poke|p2|Runerigus, M|
|poke|p2|Sylveon, F|
|poke|p2|Dragapult, F|
|poke|p2|Cinderace, M|
|rule|Dynamax Clause: You cannot dynamax
|teampreview
|
|start
|switch|p1a: Morpeko|Morpeko, M|100/100
|switch|p2a: Runerigus|Runerigus, M|100/100
|turn|1
|
|move|p1a: Morpeko|Parting Shot|p2a: Runerigus
|-unboost|p2a: Runerigus|atk|1
|-unboost|p2a: Runerigus|spa|1
|
|switch|p1a: Weezing|Weezing-Galar, M|100/100|[from]move: Parting Shot
|move|p2a: Runerigus|Trick Room|p2a: Runerigus
|-fieldstart|move: Trick Room|[of] p2a: Runerigus
|
|upkeep
|turn|2
|
|move|p2a: Runerigus|Earthquake|p1a: Weezing
|-immune|p1a: Weezing|[from] ability: Levitate
|move|p1a: Weezing|Strange Steam|p2a: Runerigus
|-damage|p2a: Runerigus|75/100
|
|-heal|p2a: Runerigus|81/100|[from] item: Leftovers
|upkeep
|turn|3
|inactive|Battle timer is ON: inactive players will automatically lose when time's up. (requested by hamboigas)
|c|☆sd2GB|!dt strange steam
|raw|Strange Steam  Power90 Accuracy95% PP16 20% chance to confuse the target. 
|raw|Priority: 0 |&ThickSpaceGen: 8 |&ThickSpace✓ Secondary effect |&ThickSpaceZ-Power: 175 |&ThickSpaceDynamax Power: 130 |&ThickSpaceTarget: One Adjacent Pokémon

|
|switch|p1a: Snorlax|Snorlax, M|100/100
|move|p2a: Runerigus|Shadow Claw|p1a: Snorlax
|-immune|p1a: Snorlax
|
|-heal|p2a: Runerigus|87/100|[from] item: Leftovers
|upkeep
|turn|4
|
|switch|p2a: marunzz|Cinderace, M|100/100
|move|p1a: Snorlax|Body Slam|p2a: marunzz
|-damage|p2a: marunzz|55/100
|
|upkeep
|turn|5
|
|switch|p1a: Gengar|Gengar, M|100/100
|move|p2a: marunzz|Pyro Ball|p1a: Gengar
|-damage|p1a: Gengar|0 fnt
|faint|p1a: Gengar
|
|-fieldend|move: Trick Room
|upkeep
|
|switch|p1a: Morpeko|Morpeko, M|100/100
|turn|6
|
|move|p2a: marunzz|U-turn|p1a: Morpeko
|-supereffective|p1a: Morpeko
|-damage|p1a: Morpeko|2/100
|
|switch|p2a: Runerigus|Runerigus, M|87/100|[from]move: U-turn
|move|p1a: Morpeko|Aura Wheel|p2a: Runerigus
|-immune|p2a: Runerigus
|
|-heal|p2a: Runerigus|94/100|[from] item: Leftovers
|-formechange|p1a: Morpeko|Morpeko-Hangry||[from] ability: Hunger Switch
|upkeep
|turn|7
|c|☆sd2GB|!dt aura wheel
|raw|Aura Wheel  Power110 Accuracy100% PP16 Morpeko: Electric; Hangry: Dark; 100% +1 Spe. 
|raw|Priority: 0 |&ThickSpaceGen: 8 |&ThickSpace✓ Secondary effect |&ThickSpaceZ-Power: 185 |&ThickSpaceDynamax Power: 140 |&ThickSpaceTarget: One Adjacent Pokémon

|inactive|sd2GB has 120 seconds left.
|
|move|p1a: Morpeko|Aura Wheel|p2a: Runerigus
|-supereffective|p2a: Runerigus
|-damage|p2a: Runerigus|28/100
|-boost|p1a: Morpeko|spe|1
|move|p2a: Runerigus|Trick Room|p2a: Runerigus
|-fieldstart|move: Trick Room|[of] p2a: Runerigus
|
|-heal|p2a: Runerigus|34/100|[from] item: Leftovers
|-formechange|p1a: Morpeko|Morpeko||[from] ability: Hunger Switch
|upkeep
|turn|8
|
|switch|p1a: Weezing|Weezing-Galar, M|100/100
|move|p2a: Runerigus|Earthquake|p1a: Weezing
|-immune|p1a: Weezing|[from] ability: Levitate
|
|-heal|p2a: Runerigus|40/100|[from] item: Leftovers
|upkeep
|turn|9
|
|move|p2a: Runerigus|Shadow Claw|p1a: Weezing
|-damage|p1a: Weezing|73/100
|move|p1a: Weezing|Strange Steam|p2a: Runerigus
|-damage|p2a: Runerigus|11/100
|
|-heal|p2a: Runerigus|17/100|[from] item: Leftovers
|-heal|p1a: Weezing|79/100|[from] item: Black Sludge
|upkeep
|turn|10
|inactive|sd2GB has 120 seconds left.
|
|move|p2a: Runerigus|Body Press|p1a: Weezing
|-resisted|p1a: Weezing
|-damage|p1a: Weezing|74/100
|move|p1a: Weezing|Toxic Spikes|p2a: Runerigus
|-sidestart|p2: sd2GB|move: Toxic Spikes
|
|-heal|p2a: Runerigus|24/100|[from] item: Leftovers
|-heal|p1a: Weezing|80/100|[from] item: Black Sludge
|upkeep
|turn|11
|inactive|sd2GB has 120 seconds left.
|
|move|p2a: Runerigus|Shadow Claw|p1a: Weezing
|-damage|p1a: Weezing|50/100
|move|p1a: Weezing|Toxic Spikes|p2a: Runerigus
|-sidestart|p2: sd2GB|move: Toxic Spikes
|
|-heal|p2a: Runerigus|30/100|[from] item: Leftovers
|-heal|p1a: Weezing|56/100|[from] item: Black Sludge
|-fieldend|move: Trick Room
|upkeep
|turn|12
|
|switch|p1a: Snorlax|Snorlax, M|100/100
|move|p2a: Runerigus|Shadow Claw|p1a: Snorlax
|-immune|p1a: Snorlax
|
|-heal|p2a: Runerigus|36/100|[from] item: Leftovers
|upkeep
|turn|13
|
|move|p1a: Snorlax|Darkest Lariat|p2a: Runerigus
|-supereffective|p2a: Runerigus
|-damage|p2a: Runerigus|1/100
|-activate|p1a: Snorlax|ability: Wandering Spirit|Wandering Spirit|Thick Fat|[of] p2a: Runerigus
|move|p2a: Runerigus|Body Press|p1a: Snorlax
|-supereffective|p1a: Snorlax
|-crit|p1a: Snorlax
|-damage|p1a: Snorlax|39/100
|-activate|p2a: Runerigus|ability: Wandering Spirit|Wandering Spirit|Thick Fat|[of] p1a: Snorlax
|
|-heal|p1a: Snorlax|45/100|[from] item: Leftovers
|-heal|p2a: Runerigus|7/100|[from] item: Leftovers
|upkeep
|turn|14
|
|move|p1a: Snorlax|Darkest Lariat|p2a: Runerigus
|-supereffective|p2a: Runerigus
|-damage|p2a: Runerigus|0 fnt
|-activate|p1a: Snorlax|ability: Wandering Spirit|Wandering Spirit|Thick Fat|[of] p2a: Runerigus
|faint|p2a: Runerigus
|
|-heal|p1a: Snorlax|51/100|[from] item: Leftovers
|upkeep
|
|switch|p2a: marunzz|Cinderace, M|55/100
|turn|15
|
|move|p2a: marunzz|Court Change|p2a: marunzz
|-sideend|p2: sd2GB|Toxic Spikes|[silent]
|-sidestart|p1: hamboigas|Toxic Spikes|[silent]
|-sidestart|p1: hamboigas|Toxic Spikes|[silent]
|-activate|p2a: marunzz|move: Court Change
|move|p1a: Snorlax|Body Slam|p2a: marunzz
|-damage|p2a: marunzz|11/100
|
|-heal|p1a: Snorlax|57/100|[from] item: Leftovers
|upkeep
|turn|16
|
|move|p2a: marunzz|High Jump Kick|p1a: Snorlax
|-supereffective|p1a: Snorlax
|-damage|p1a: Snorlax|0 fnt
|-activate|p2a: marunzz|ability: Wandering Spirit|Wandering Spirit|Blaze|[of] p1a: Snorlax
|faint|p1a: Snorlax
|
|upkeep
|
|switch|p1a: Morpeko|Morpeko, M|2/100
|turn|17
|
|move|p2a: marunzz|U-turn|p1a: Morpeko
|-supereffective|p1a: Morpeko
|-damage|p1a: Morpeko|0 fnt
|faint|p1a: Morpeko
|-message|hamboigas forfeited.
|
|win|sd2GB
|l|☆hamboigas
|raw|hamboigas's rating: 1115 → 1090(-25 for losing)
|raw|sd2GB's rating: 1106 → 1132(+26 for winning)
