|ScrapeTime|2020-01-02-00:15:20
|j|☆lowgann
|j|☆Babby Yoda
|player|p1|lowgann|170|1400
|player|p2|Babby Yoda|101|1386
|teamsize|p1|6
|teamsize|p2|6
|gametype|singles
|gen|8
|tier|[Gen 8] OU
|rated|
|rule|Sleep Clause Mod: Limit one foe put to sleep
|rule|Species Clause: Limit one of each Pokémon
|rule|OHKO Clause: OHKO moves are banned
|rule|Evasion Moves Clause: Evasion moves are banned
|rule|Endless Battle Clause: Forcing endless battles is banned
|rule|HP Percentage Mod: HP is shown in percentages
|clearpoke
|poke|p1|Mr. Mime-Galar, M|
|poke|p1|Dracovish|
|poke|p1|Reuniclus, F|
|poke|p1|Toxapex, F|
|poke|p1|Dugtrio, F|
|poke|p1|Corviknight, F|
|poke|p2|Seismitoad, M|
|poke|p2|Corsola-Galar, M|
|poke|p2|Snorlax, F|
|poke|p2|Hatterene, F|
|poke|p2|Dragapult, M|
|poke|p2|Obstagoon, F|
|rule|Dynamax Clause: You cannot dynamax
|teampreview
|inactive|Battle timer is ON: inactive players will automatically lose when time's up. (requested by Babby Yoda)
|
|start
|switch|p1a: Mr. Mime|Mr. Mime-Galar, M|100/100
|switch|p2a: Seismitoad|Seismitoad, M|100/100
|turn|1
|
|move|p1a: Mr. Mime|Freeze-Dry|p2a: Seismitoad
|-supereffective|p2a: Seismitoad
|-damage|p2a: Seismitoad|0 fnt
|faint|p2a: Seismitoad
|
|upkeep
|inactive|Babby Yoda has 120 seconds left.
|
|switch|p2a: Snorlax|Snorlax, F|100/100
|turn|2
|inactive|lowgann has 120 seconds left.
|inactive|lowgann has 90 seconds left.
|
|switch|p1a: Dugtrio|Dugtrio, F|100/100
|move|p2a: Snorlax|Curse|p2a: Snorlax
|-unboost|p2a: Snorlax|spe|1
|-boost|p2a: Snorlax|atk|1
|-boost|p2a: Snorlax|def|1
|
|upkeep
|turn|3
|
|move|p1a: Dugtrio|Screech|p2a: Snorlax
|-unboost|p2a: Snorlax|def|2
|move|p2a: Snorlax|Curse|p2a: Snorlax
|-unboost|p2a: Snorlax|spe|1
|-boost|p2a: Snorlax|atk|1
|-boost|p2a: Snorlax|def|1
|
|upkeep
|turn|4
|inactive|lowgann has 90 seconds left.
|
|move|p1a: Dugtrio|Screech|p2a: Snorlax
|-unboost|p2a: Snorlax|def|2
|move|p2a: Snorlax|Body Slam|p1a: Dugtrio
|-enditem|p1a: Dugtrio|Focus Sash
|-damage|p1a: Dugtrio|1/100
|-status|p1a: Dugtrio|par
|
|upkeep
|turn|5
|
|move|p1a: Dugtrio|Reversal|p2a: Snorlax
|-supereffective|p2a: Snorlax
|-damage|p2a: Snorlax|0 fnt
|faint|p2a: Snorlax
|
|upkeep
|inactive|Babby Yoda has 120 seconds left.
|
|switch|p2a: Dragapult|Dragapult, M|100/100
|turn|6
|
|move|p2a: Dragapult|Dragon Dance|p2a: Dragapult
|-boost|p2a: Dragapult|atk|1
|-boost|p2a: Dragapult|spe|1
|move|p1a: Dugtrio|Memento|p2a: Dragapult
|-unboost|p2a: Dragapult|atk|2
|-unboost|p2a: Dragapult|spa|2
|faint|p1a: Dugtrio
|
|upkeep
|-message|Babby Yoda forfeited.
|
|win|lowgann
|raw|lowgann's rating: 1400 → 1420(+20 for winning)
|raw|Babby Yoda's rating: 1386 → 1367(-19 for losing)
