|ScrapeTime|2020-01-01-20:34:29
|j|☆RW Sasuke
|j|☆Smidsy
|player|p1|RW Sasuke|zinnia|1249
|player|p2|Smidsy|125|1232
|teamsize|p1|6
|teamsize|p2|6
|gametype|singles
|gen|8
|tier|[Gen 8] OU
|rated|
|rule|Sleep Clause Mod: Limit one foe put to sleep
|rule|Species Clause: Limit one of each Pokémon
|rule|OHKO Clause: OHKO moves are banned
|rule|Evasion Moves Clause: Evasion moves are banned
|rule|Endless Battle Clause: Forcing endless battles is banned
|rule|HP Percentage Mod: HP is shown in percentages
|clearpoke
|poke|p1|Toxapex, M|
|poke|p1|Ferrothorn, M|
|poke|p1|Rotom-Heat|
|poke|p1|Dragapult, F|
|poke|p1|Corviknight, F|
|poke|p1|Snorlax, F|
|poke|p2|Crawdaunt, M|
|poke|p2|Rotom-Heat|
|poke|p2|Dragapult, F|
|poke|p2|Excadrill, M|
|poke|p2|Toxapex, M|
|poke|p2|Sylveon, M|
|rule|Dynamax Clause: You cannot dynamax
|teampreview
|
|start
|switch|p1a: Ferrothorn|Ferrothorn, M|100/100
|switch|p2a: Rotom|Rotom-Heat|100/100
|turn|1
|
|switch|p1a: Rotom|Rotom-Heat|100/100
|move|p2a: Rotom|Volt Switch|p1a: Rotom
|-resisted|p1a: Rotom
|-damage|p1a: Rotom|85/100
|
|switch|p2a: Crawdaunt|Crawdaunt, M|100/100|[from]move: Volt Switch
|
|upkeep
|turn|2
|inactive|Battle timer is ON: inactive players will automatically lose when time's up. (requested by RW Sasuke)
|
|switch|p1a: Ferrothorn|Ferrothorn, M|100/100
|move|p2a: Crawdaunt|Aqua Jet|p1a: Ferrothorn
|-resisted|p1a: Ferrothorn
|-damage|p1a: Ferrothorn|88/100
|-damage|p2a: Crawdaunt|88/100|[from] ability: Iron Barbs|[of] p1a: Ferrothorn
|
|-heal|p1a: Ferrothorn|95/100|[from] item: Leftovers
|upkeep
|turn|3
|
|switch|p2a: Rotom|Rotom-Heat|100/100
|move|p1a: Ferrothorn|Stealth Rock|p2a: Rotom
|-sidestart|p2: Smidsy|move: Stealth Rock
|
|-heal|p1a: Ferrothorn|100/100|[from] item: Leftovers
|upkeep
|turn|4
|
|switch|p1a: Rotom|Rotom-Heat|85/100
|move|p2a: Rotom|Volt Switch|p1a: Rotom
|-resisted|p1a: Rotom
|-damage|p1a: Rotom|68/100
|
|switch|p2a: Sylveon|Sylveon, M|100/100|[from]move: Volt Switch
|-damage|p2a: Sylveon|88/100|[from] Stealth Rock
|
|-heal|p2a: Sylveon|94/100|[from] item: Leftovers
|upkeep
|turn|5
|
|move|p1a: Rotom|Nasty Plot|p1a: Rotom
|-boost|p1a: Rotom|spa|2
|move|p2a: Sylveon|Wish|p2a: Sylveon
|
|-heal|p2a: Sylveon|99/100|[from] item: Leftovers
|upkeep
|turn|6
|
|move|p1a: Rotom|Nasty Plot|p1a: Rotom
|-boost|p1a: Rotom|spa|2
|move|p2a: Sylveon|Hyper Voice|p1a: Rotom
|-resisted|p1a: Rotom
|-damage|p1a: Rotom|47/100
|
|-heal|p2a: Sylveon|100/100|[from] move: Wish|[wisher] Sylveon
|upkeep
|turn|7
|
|move|p1a: Rotom|Overheat|p2a: Sylveon
|-damage|p2a: Sylveon|23/100
|-unboost|p1a: Rotom|spa|2
|move|p2a: Sylveon|Hyper Voice|p1a: Rotom
|-resisted|p1a: Rotom
|-damage|p1a: Rotom|27/100
|
|-heal|p2a: Sylveon|29/100|[from] item: Leftovers
|upkeep
|turn|8
|
|switch|p2a: Rotom|Rotom-Heat|100/100
|-damage|p2a: Rotom|76/100|[from] Stealth Rock
|move|p1a: Rotom|Nasty Plot|p1a: Rotom
|-boost|p1a: Rotom|spa|2
|
|upkeep
|turn|9
|
|move|p2a: Rotom|Overheat|p1a: Rotom
|-resisted|p1a: Rotom
|-damage|p1a: Rotom|0 fnt
|-unboost|p2a: Rotom|spa|2
|faint|p1a: Rotom
|
|upkeep
|
|switch|p1a: Snorlax|Snorlax, F|100/100
|turn|10
|
|switch|p2a: Sylveon|Sylveon, M|29/100
|-damage|p2a: Sylveon|17/100|[from] Stealth Rock
|move|p1a: Snorlax|Curse|p1a: Snorlax
|-unboost|p1a: Snorlax|spe|1
|-boost|p1a: Snorlax|atk|1
|-boost|p1a: Snorlax|def|1
|
|-heal|p2a: Sylveon|23/100|[from] item: Leftovers
|upkeep
|turn|11
|
|switch|p2a: Rotom|Rotom-Heat|76/100
|-damage|p2a: Rotom|51/100|[from] Stealth Rock
|move|p1a: Snorlax|Body Slam|p2a: Rotom
|-damage|p2a: Rotom|0 fnt
|faint|p2a: Rotom
|
|upkeep
|
|switch|p2a: Toxapex|Toxapex, M|100/100
|-damage|p2a: Toxapex|88/100|[from] Stealth Rock
|turn|12
|
|move|p2a: Toxapex|Scald|p1a: Snorlax
|-damage|p1a: Snorlax|93/100
|-status|p1a: Snorlax|brn
|move|p1a: Snorlax|Curse|p1a: Snorlax
|-unboost|p1a: Snorlax|spe|1
|-boost|p1a: Snorlax|atk|1
|-boost|p1a: Snorlax|def|1
|
|-heal|p2a: Toxapex|94/100|[from] item: Leftovers
|-damage|p1a: Snorlax|87/100 brn|[from] brn
|upkeep
|turn|13
|
|move|p2a: Toxapex|Haze|p2a: Toxapex
|-clearallboost
|move|p1a: Snorlax|Curse|p1a: Snorlax
|-unboost|p1a: Snorlax|spe|1
|-boost|p1a: Snorlax|atk|1
|-boost|p1a: Snorlax|def|1
|
|-heal|p2a: Toxapex|100/100|[from] item: Leftovers
|-damage|p1a: Snorlax|81/100 brn|[from] brn
|upkeep
|turn|14
|
|move|p2a: Toxapex|Toxic Spikes|p1a: Snorlax
|-sidestart|p1: RW Sasuke|move: Toxic Spikes
|move|p1a: Snorlax|Body Slam|p2a: Toxapex
|-damage|p2a: Toxapex|86/100
|
|-heal|p2a: Toxapex|92/100|[from] item: Leftovers
|-damage|p1a: Snorlax|75/100 brn|[from] brn
|upkeep
|turn|15
|
|move|p2a: Toxapex|Scald|p1a: Snorlax
|-damage|p1a: Snorlax|68/100 brn
|move|p1a: Snorlax|Body Slam|p2a: Toxapex
|-damage|p2a: Toxapex|79/100
|
|-heal|p2a: Toxapex|85/100|[from] item: Leftovers
|-damage|p1a: Snorlax|62/100 brn|[from] brn
|upkeep
|turn|16
|
|move|p2a: Toxapex|Toxic Spikes|p1a: Snorlax
|-sidestart|p1: RW Sasuke|move: Toxic Spikes
|move|p1a: Snorlax|Body Slam|p2a: Toxapex
|-damage|p2a: Toxapex|72/100
|
|-heal|p2a: Toxapex|78/100|[from] item: Leftovers
|-damage|p1a: Snorlax|56/100 brn|[from] brn
|upkeep
|turn|17
|
|move|p2a: Toxapex|Scald|p1a: Snorlax
|-crit|p1a: Snorlax
|-damage|p1a: Snorlax|45/100 brn
|move|p1a: Snorlax|Body Slam|p2a: Toxapex
|-damage|p2a: Toxapex|65/100
|
|-heal|p2a: Toxapex|72/100|[from] item: Leftovers
|-damage|p1a: Snorlax|39/100 brn|[from] brn
|upkeep
|turn|18
|
|move|p2a: Toxapex|Haze|p2a: Toxapex
|-clearallboost
|move|p1a: Snorlax|Curse|p1a: Snorlax
|-unboost|p1a: Snorlax|spe|1
|-boost|p1a: Snorlax|atk|1
|-boost|p1a: Snorlax|def|1
|
|-heal|p2a: Toxapex|78/100|[from] item: Leftovers
|-damage|p1a: Snorlax|33/100 brn|[from] brn
|upkeep
|turn|19
|
|move|p2a: Toxapex|Haze|p2a: Toxapex
|-clearallboost
|move|p1a: Snorlax|Body Slam|p2a: Toxapex
|-damage|p2a: Toxapex|68/100
|
|-heal|p2a: Toxapex|74/100|[from] item: Leftovers
|-damage|p1a: Snorlax|27/100 brn|[from] brn
|upkeep
|turn|20
|
|switch|p1a: Toxapex|Toxapex, M|100/100
|-sideend|p1: RW Sasuke|move: Toxic Spikes|[of] p1a: Toxapex
|move|p2a: Toxapex|Scald|p1a: Toxapex
|-resisted|p1a: Toxapex
|-damage|p1a: Toxapex|93/100
|
|-heal|p2a: Toxapex|80/100|[from] item: Leftovers
|-heal|p1a: Toxapex|99/100|[from] item: Black Sludge
|upkeep
|turn|21
|
|switch|p2a: Excadrill|Excadrill, M|100/100
|-damage|p2a: Excadrill|97/100|[from] Stealth Rock
|-ability|p2a: Excadrill|Mold Breaker
|move|p1a: Toxapex|Scald|p2a: Excadrill
|-supereffective|p2a: Excadrill
|-damage|p2a: Excadrill|49/100
|
|-heal|p2a: Excadrill|55/100|[from] item: Leftovers
|-heal|p1a: Toxapex|100/100|[from] item: Black Sludge
|upkeep
|turn|22
|
|move|p2a: Excadrill|Earthquake|p1a: Toxapex
|-supereffective|p1a: Toxapex
|-damage|p1a: Toxapex|33/100
|move|p1a: Toxapex|Scald|p2a: Excadrill
|-supereffective|p2a: Excadrill
|-damage|p2a: Excadrill|13/100
|-status|p2a: Excadrill|brn
|
|-heal|p2a: Excadrill|19/100 brn|[from] item: Leftovers
|-heal|p1a: Toxapex|39/100|[from] item: Black Sludge
|-damage|p2a: Excadrill|13/100 brn|[from] brn
|upkeep
|turn|23
|
|switch|p1a: Corviknight|Corviknight, F|100/100
|-ability|p1a: Corviknight|Pressure
|move|p2a: Excadrill|Rapid Spin|p1a: Corviknight
|-resisted|p1a: Corviknight
|-damage|p1a: Corviknight|98/100
|-sideend|p2: Smidsy|Stealth Rock|[from] move: Rapid Spin|[of] p2a: Excadrill
|-boost|p2a: Excadrill|spe|1
|
|-heal|p2a: Excadrill|19/100 brn|[from] item: Leftovers
|-heal|p1a: Corviknight|100/100|[from] item: Leftovers
|-damage|p2a: Excadrill|13/100 brn|[from] brn
|upkeep
|turn|24
|
|switch|p2a: Toxapex|Toxapex, M|100/100
|move|p1a: Corviknight|Substitute|p1a: Corviknight
|-start|p1a: Corviknight|Substitute
|-damage|p1a: Corviknight|76/100
|
|-heal|p1a: Corviknight|82/100|[from] item: Leftovers
|upkeep
|turn|25
|
|move|p1a: Corviknight|Bulk Up|p1a: Corviknight
|-boost|p1a: Corviknight|atk|1
|-boost|p1a: Corviknight|def|1
|move|p2a: Toxapex|Scald|p1a: Corviknight
|-activate|p1a: Corviknight|move: Substitute|[damage]
|
|-heal|p1a: Corviknight|88/100|[from] item: Leftovers
|upkeep
|turn|26
|
|move|p1a: Corviknight|Bulk Up|p1a: Corviknight
|-boost|p1a: Corviknight|atk|1
|-boost|p1a: Corviknight|def|1
|move|p2a: Toxapex|Haze|p2a: Toxapex
|-clearallboost
|
|-heal|p1a: Corviknight|94/100|[from] item: Leftovers
|upkeep
|turn|27
|
|move|p1a: Corviknight|Bulk Up|p1a: Corviknight
|-boost|p1a: Corviknight|atk|1
|-boost|p1a: Corviknight|def|1
|move|p2a: Toxapex|Scald|p1a: Corviknight
|-end|p1a: Corviknight|Substitute
|
|-heal|p1a: Corviknight|99/100|[from] item: Leftovers
|upkeep
|turn|28
|
|move|p1a: Corviknight|Substitute|p1a: Corviknight
|-start|p1a: Corviknight|Substitute
|-damage|p1a: Corviknight|75/100
|move|p2a: Toxapex|Scald|p1a: Corviknight
|-activate|p1a: Corviknight|move: Substitute|[damage]
|
|-heal|p1a: Corviknight|81/100|[from] item: Leftovers
|upkeep
|turn|29
|
|move|p1a: Corviknight|Bulk Up|p1a: Corviknight
|-boost|p1a: Corviknight|atk|1
|-boost|p1a: Corviknight|def|1
|move|p2a: Toxapex|Scald|p1a: Corviknight
|-end|p1a: Corviknight|Substitute
|
|-heal|p1a: Corviknight|87/100|[from] item: Leftovers
|upkeep
|turn|30
|
|move|p1a: Corviknight|Substitute|p1a: Corviknight
|-start|p1a: Corviknight|Substitute
|-damage|p1a: Corviknight|62/100
|move|p2a: Toxapex|Scald|p1a: Corviknight
|-activate|p1a: Corviknight|move: Substitute|[damage]
|
|-heal|p1a: Corviknight|68/100|[from] item: Leftovers
|upkeep
|turn|31
|
|move|p1a: Corviknight|Roost|p1a: Corviknight
|-heal|p1a: Corviknight|100/100
|-singleturn|p1a: Corviknight|move: Roost
|move|p2a: Toxapex|Scald|p1a: Corviknight
|-end|p1a: Corviknight|Substitute
|
|upkeep
|turn|32
|
|switch|p2a: Dragapult|Dragapult, F|100/100
|move|p1a: Corviknight|Substitute|p1a: Corviknight
|-start|p1a: Corviknight|Substitute
|-damage|p1a: Corviknight|76/100
|
|-heal|p1a: Corviknight|82/100|[from] item: Leftovers
|upkeep
|turn|33
|
|switch|p1a: Ferrothorn|Ferrothorn, M|100/100
|move|p2a: Dragapult|Fire Blast|p1a: Ferrothorn
|-supereffective|p1a: Ferrothorn
|-damage|p1a: Ferrothorn|0 fnt
|-damage|p2a: Dragapult|91/100|[from] item: Life Orb
|faint|p1a: Ferrothorn
|
|upkeep
|
|switch|p1a: Dragapult|Dragapult, F|100/100
|turn|34
|
|switch|p2a: Excadrill|Excadrill, M|13/100 brn
|-ability|p2a: Excadrill|Mold Breaker
|move|p1a: Dragapult|Shadow Ball|p2a: Excadrill
|-damage|p2a: Excadrill|0 fnt
|faint|p2a: Excadrill
|
|upkeep
|
|switch|p2a: Sylveon|Sylveon, M|23/100
|turn|35
|
|move|p2a: Sylveon|Protect|p2a: Sylveon
|-singleturn|p2a: Sylveon|Protect
|move|p1a: Dragapult|Shadow Ball|p2a: Sylveon
|-activate|p2a: Sylveon|move: Protect
|
|-heal|p2a: Sylveon|29/100|[from] item: Leftovers
|upkeep
|turn|36
|
|move|p1a: Dragapult|Shadow Ball|p2a: Sylveon
|-damage|p2a: Sylveon|0 fnt
|faint|p2a: Sylveon
|
|upkeep
|
|switch|p2a: Crawdaunt|Crawdaunt, M|88/100
|turn|37
|
|switch|p1a: Corviknight|Corviknight, F|82/100
|-ability|p1a: Corviknight|Pressure
|move|p2a: Crawdaunt|Knock Off|p1a: Corviknight
|-damage|p1a: Corviknight|23/100
|-enditem|p1a: Corviknight|Leftovers|[from] move: Knock Off|[of] p2a: Crawdaunt
|
|upkeep
|turn|38
|
|move|p1a: Corviknight|Roost|p1a: Corviknight
|-heal|p1a: Corviknight|73/100
|-singleturn|p1a: Corviknight|move: Roost
|move|p2a: Crawdaunt|Knock Off|p1a: Corviknight
|-damage|p1a: Corviknight|32/100
|
|upkeep
|turn|39
|
|switch|p2a: Dragapult|Dragapult, F|91/100
|move|p1a: Corviknight|Roost|p1a: Corviknight
|-heal|p1a: Corviknight|82/100
|-singleturn|p1a: Corviknight|move: Roost
|
|upkeep
|turn|40
|
|switch|p1a: Toxapex|Toxapex, M|72/100
|move|p2a: Dragapult|Shadow Ball|p1a: Toxapex
|-damage|p1a: Toxapex|41/100
|-damage|p2a: Dragapult|81/100|[from] item: Life Orb
|
|-heal|p1a: Toxapex|47/100|[from] item: Black Sludge
|upkeep
|turn|41
|
|move|p2a: Dragapult|Dragon Darts|p1a: Toxapex
|-damage|p1a: Toxapex|27/100
|-damage|p1a: Toxapex|7/100
|-hitcount|p1a: Toxapex|2
|-damage|p2a: Dragapult|71/100|[from] item: Life Orb
|move|p1a: Toxapex|Recover|p1a: Toxapex
|-heal|p1a: Toxapex|57/100
|
|-heal|p1a: Toxapex|63/100|[from] item: Black Sludge
|upkeep
|turn|42
|
|move|p2a: Dragapult|Shadow Ball|p1a: Toxapex
|-damage|p1a: Toxapex|30/100
|-damage|p2a: Dragapult|61/100|[from] item: Life Orb
|move|p1a: Toxapex|Recover|p1a: Toxapex
|-heal|p1a: Toxapex|80/100
|
|-heal|p1a: Toxapex|86/100|[from] item: Black Sludge
|upkeep
|turn|43
|
|move|p2a: Dragapult|Shadow Ball|p1a: Toxapex
|-damage|p1a: Toxapex|54/100
|-damage|p2a: Dragapult|52/100|[from] item: Life Orb
|move|p1a: Toxapex|Scald|p2a: Dragapult
|-resisted|p2a: Dragapult
|-damage|p2a: Dragapult|41/100
|-status|p2a: Dragapult|brn
|
|-heal|p1a: Toxapex|60/100|[from] item: Black Sludge
|-damage|p2a: Dragapult|35/100 brn|[from] brn
|upkeep
|turn|44
|
|move|p2a: Dragapult|U-turn|p1a: Toxapex
|-resisted|p1a: Toxapex
|-damage|p1a: Toxapex|56/100
|-damage|p2a: Dragapult|25/100 brn|[from] item: Life Orb
|
|switch|p2a: Crawdaunt|Crawdaunt, M|88/100|[from]move: U-turn
|move|p1a: Toxapex|Recover|p1a: Toxapex
|-heal|p1a: Toxapex|100/100
|
|upkeep
|turn|45
|
|switch|p1a: Corviknight|Corviknight, F|82/100
|-ability|p1a: Corviknight|Pressure
|move|p2a: Crawdaunt|Liquidation|p1a: Corviknight
|-damage|p1a: Corviknight|29/100
|
|upkeep
|turn|46
|
|move|p1a: Corviknight|Roost|p1a: Corviknight
|-heal|p1a: Corviknight|79/100
|-singleturn|p1a: Corviknight|move: Roost
|move|p2a: Crawdaunt|Liquidation|p1a: Corviknight
|-damage|p1a: Corviknight|23/100
|
|upkeep
|turn|47
|
|move|p1a: Corviknight|Roost|p1a: Corviknight
|-heal|p1a: Corviknight|73/100
|-singleturn|p1a: Corviknight|move: Roost
|move|p2a: Crawdaunt|Liquidation|p1a: Corviknight
|-damage|p1a: Corviknight|17/100
|
|upkeep
|turn|48
|
|move|p1a: Corviknight|Roost|p1a: Corviknight
|-heal|p1a: Corviknight|67/100
|-singleturn|p1a: Corviknight|move: Roost
|move|p2a: Crawdaunt|Liquidation|p1a: Corviknight
|-damage|p1a: Corviknight|12/100
|
|upkeep
|turn|49
|
|move|p1a: Corviknight|Roost|p1a: Corviknight
|-heal|p1a: Corviknight|62/100
|-singleturn|p1a: Corviknight|move: Roost
|move|p2a: Crawdaunt|Liquidation|p1a: Corviknight
|-damage|p1a: Corviknight|11/100
|-unboost|p1a: Corviknight|def|1
|
|upkeep
|turn|50
|
|move|p1a: Corviknight|Roost|p1a: Corviknight
|-heal|p1a: Corviknight|61/100
|-singleturn|p1a: Corviknight|move: Roost
|move|p2a: Crawdaunt|Liquidation|p1a: Corviknight
|-damage|p1a: Corviknight|0 fnt
|faint|p1a: Corviknight
|
|upkeep
|
|switch|p1a: Dragapult|Dragapult, F|100/100
|turn|51
|
|switch|p2a: Toxapex|Toxapex, M|100/100
|move|p1a: Dragapult|Thunder|p2a: Toxapex|[miss]
|-miss|p1a: Dragapult|p2a: Toxapex
|
|upkeep
|turn|52
|
|switch|p2a: Dragapult|Dragapult, F|25/100 brn
|move|p1a: Dragapult|Thunder|p2a: Dragapult
|-resisted|p2a: Dragapult
|-damage|p2a: Dragapult|0 fnt
|faint|p2a: Dragapult
|
|upkeep
|
|switch|p2a: Crawdaunt|Crawdaunt, M|88/100
|turn|53
|
|move|p1a: Dragapult|Thunder|p2a: Crawdaunt|[miss]
|-miss|p1a: Dragapult|p2a: Crawdaunt
|move|p2a: Crawdaunt|Knock Off|p1a: Dragapult
|-supereffective|p1a: Dragapult
|-damage|p1a: Dragapult|0 fnt
|-enditem|p1a: Dragapult|Choice Specs|[from] move: Knock Off|[of] p2a: Crawdaunt
|faint|p1a: Dragapult
|
|upkeep
|inactive|RW Sasuke has 120 seconds left.
|c|☆RW Sasuke|LMAO what a hax so gay
|-message|RW Sasuke forfeited.
|
|win|Smidsy
|l|☆RW Sasuke
