|ScrapeTime|2020-01-01-13:05:29
|j|☆OZriX
|j|☆Neonalia
|player|p1|OZriX|red|1000
|player|p2|Neonalia|marley|1000
|teamsize|p1|6
|teamsize|p2|6
|gametype|singles
|gen|8
|tier|[Gen 8] OU
|rated|
|rule|Sleep Clause Mod: Limit one foe put to sleep
|rule|Species Clause: Limit one of each Pokémon
|rule|OHKO Clause: OHKO moves are banned
|rule|Evasion Moves Clause: Evasion moves are banned
|rule|Endless Battle Clause: Forcing endless battles is banned
|rule|HP Percentage Mod: HP is shown in percentages
|clearpoke
|poke|p1|Cinderace, M|
|poke|p1|Rillaboom, F|
|poke|p1|Inteleon, F|
|poke|p1|Dubwool, F|
|poke|p1|Indeedee, M|
|poke|p1|Morpeko, M|
|poke|p2|Dracozolt|
|poke|p2|Pincurchin, M|
|poke|p2|Hawlucha, M|
|poke|p2|Seismitoad, F|
|poke|p2|Dragapult, M|
|poke|p2|Clefable, M|
|rule|Dynamax Clause: You cannot dynamax
|teampreview
|
|start
|switch|p1a: Yes my lord !|Indeedee, M|100/100
|switch|p2a: Seismitoad|Seismitoad, F|100/100
|-fieldstart|move: Psychic Terrain|[from] ability: Psychic Surge|[of] p1a: Yes my lord !
|turn|1
|inactive|Battle timer is ON: inactive players will automatically lose when time's up. (requested by Neonalia)
|
|move|p1a: Yes my lord !|Trick|p2a: Seismitoad
|-activate|p1a: Yes my lord !|move: Trick|[of] p2a: Seismitoad
|-item|p2a: Seismitoad|Choice Scarf|[from] move: Trick
|-item|p1a: Yes my lord !|Leftovers|[from] move: Trick
|move|p2a: Seismitoad|Stealth Rock|p1a: Yes my lord !
|-sidestart|p1: OZriX|move: Stealth Rock
|
|upkeep
|turn|2
|
|switch|p1a: Bob Marley|Rillaboom, F|100/100
|-damage|p1a: Bob Marley|88/100|[from] Stealth Rock
|switch|p2a: Pincurchin|Pincurchin, M|100/100
|-fieldstart|move: Electric Terrain|[from] ability: Electric Surge|[of] p2a: Pincurchin
|
|upkeep
|turn|3
|
|move|p1a: Bob Marley|Earthquake|p2a: Pincurchin
|-supereffective|p2a: Pincurchin
|-damage|p2a: Pincurchin|13/100
|move|p2a: Pincurchin|Thunder Wave|p1a: Bob Marley
|-status|p1a: Bob Marley|par
|
|-heal|p2a: Pincurchin|19/100|[from] item: Leftovers
|upkeep
|turn|4
|
|switch|p2a: Hawlucha|Hawlucha, M|100/100
|-enditem|p2a: Hawlucha|Electric Seed
|-boost|p2a: Hawlucha|def|1
|move|p1a: Bob Marley|Earthquake|p2a: Hawlucha
|-immune|p2a: Hawlucha
|
|upkeep
|turn|5
|
|switch|p1a: Yes my lord !|Indeedee, M|100/100
|-damage|p1a: Yes my lord !|88/100|[from] Stealth Rock
|-fieldstart|move: Psychic Terrain|[from] ability: Psychic Surge|[of] p1a: Yes my lord !
|move|p2a: Hawlucha|Swords Dance|p2a: Hawlucha
|-boost|p2a: Hawlucha|atk|2
|
|-heal|p1a: Yes my lord !|94/100|[from] item: Leftovers
|upkeep
|turn|6
|inactive|OZriX has 120 seconds left.
|
|move|p2a: Hawlucha|Acrobatics|p1a: Yes my lord !
|-damage|p1a: Yes my lord !|0 fnt
|faint|p1a: Yes my lord !
|
|upkeep
|inactive|OZriX has 120 seconds left.
|
|switch|p1a: Neymar Jr|Cinderace, M|100/100
|turn|7
|
|move|p2a: Hawlucha|Acrobatics|p1a: Neymar Jr
|-damage|p1a: Neymar Jr|0 fnt
|faint|p1a: Neymar Jr
|
|upkeep
|
|switch|p1a: Bob Marley|Rillaboom, F|88/100 par
|-damage|p1a: Bob Marley|76/100 par|[from] Stealth Rock
|turn|8
|inactive|OZriX has 120 seconds left.
|-message|OZriX forfeited.
|
|win|Neonalia
|l|☆OZriX
|raw|OZriX's rating: 1000 → 1000(+0 for losing)
|raw|Neonalia's rating: 1000 → 1040(+40 for winning)
