|ScrapeTime|2020-01-02-07:35:13
|j|☆four for one combo
|j|☆ENZ1
|player|p1|four for one combo|cyclistf-gen4|1833
|player|p2|ENZ1|flint|1750
|teamsize|p1|6
|teamsize|p2|6
|gametype|singles
|gen|8
|tier|[Gen 8] OU
|rated|
|rule|Sleep Clause Mod: Limit one foe put to sleep
|rule|Species Clause: Limit one of each Pokémon
|rule|OHKO Clause: OHKO moves are banned
|rule|Evasion Moves Clause: Evasion moves are banned
|rule|Endless Battle Clause: Forcing endless battles is banned
|rule|HP Percentage Mod: HP is shown in percentages
|clearpoke
|poke|p1|Kommo-o, F|
|poke|p1|Sirfetch'd, M|
|poke|p1|Clefable, F|
|poke|p1|Hydreigon, M|
|poke|p1|Corviknight, M|
|poke|p1|Seismitoad, M|
|poke|p2|Jellicent, M|
|poke|p2|Clefable, F|
|poke|p2|Centiskorch, M|
|poke|p2|Corviknight, F|
|poke|p2|Diggersby, M|
|poke|p2|Hydreigon, F|
|rule|Dynamax Clause: You cannot dynamax
|teampreview
|inactive|Battle timer is ON: inactive players will automatically lose when time's up. (requested by ENZ1)
|
|start
|switch|p1a: Sirfetch'd|Sirfetch'd, M|100/100
|switch|p2a: Clefable|Clefable, F|100/100
|turn|1
|j| 37yo asian virgin
|l|☆ENZ1
|inactive|ENZ1 disconnected and has a minute to reconnect!
|player|p2|
|j| Celtis Laddering
|j|☆ENZ1
|inactive|ENZ1 reconnected and has 135 seconds left.
|player|p2|ENZ1|flint
|
|switch|p1a: Clefable|Clefable, F|100/100
|switch|p2a: Jellicent|Jellicent, M|100/100
|
|upkeep
|turn|2
|
|switch|p2a: Centiskorch|Centiskorch, M|100/100
|move|p1a: Clefable|Thunder Wave|p2a: Centiskorch
|-status|p2a: Centiskorch|par
|
|upkeep
|turn|3
|
|move|p1a: Clefable|Moonblast|p2a: Centiskorch
|-resisted|p2a: Centiskorch
|-damage|p2a: Centiskorch|91/100 par
|-unboost|p2a: Centiskorch|spa|1
|move|p2a: Centiskorch|Knock Off|p1a: Clefable
|-resisted|p1a: Clefable
|-damage|p1a: Clefable|89/100
|-enditem|p1a: Clefable|Leftovers|[from] move: Knock Off|[of] p2a: Centiskorch
|
|upkeep
|turn|4
|
|move|p1a: Clefable|Wish|p1a: Clefable
|move|p2a: Centiskorch|Fire Lash|p1a: Clefable
|-damage|p1a: Clefable|64/100
|-unboost|p1a: Clefable|def|1
|
|upkeep
|turn|5
|
|move|p1a: Clefable|Moonblast|p2a: Centiskorch
|-resisted|p2a: Centiskorch
|-damage|p2a: Centiskorch|80/100 par
|move|p2a: Centiskorch|Fire Lash|p1a: Clefable
|-crit|p1a: Clefable
|-damage|p1a: Clefable|9/100
|-unboost|p1a: Clefable|def|1
|
|-heal|p1a: Clefable|59/100|[from] move: Wish|[wisher] Clefable
|upkeep
|turn|6
|
|move|p1a: Clefable|Wish|p1a: Clefable
|cant|p2a: Centiskorch|par
|
|upkeep
|turn|7
|
|move|p1a: Clefable|Protect|p1a: Clefable
|-singleturn|p1a: Clefable|Protect
|move|p2a: Centiskorch|Rest|p2a: Centiskorch
|-status|p2a: Centiskorch|slp|[from] move: Rest
|-heal|p2a: Centiskorch|100/100 slp|[silent]
|
|-heal|p1a: Clefable|100/100|[from] move: Wish|[wisher] Clefable
|upkeep
|turn|8
|
|switch|p2a: Diggersby|Diggersby, M|100/100
|switch|p1a: Seismitoad|Seismitoad, M|100/100
|
|upkeep
|turn|9
|
|move|p2a: Diggersby|Earthquake|p1a: Seismitoad
|-damage|p1a: Seismitoad|27/100
|move|p1a: Seismitoad|Stealth Rock|p2a: Diggersby
|-sidestart|p2: ENZ1|move: Stealth Rock
|
|-heal|p1a: Seismitoad|33/100|[from] item: Leftovers
|upkeep
|turn|10
|
|switch|p2a: Corviknight|Corviknight, F|100/100
|-damage|p2a: Corviknight|88/100|[from] Stealth Rock
|-ability|p2a: Corviknight|Pressure
|switch|p1a: Hydreigon|Hydreigon, M|100/100
|
|-heal|p2a: Corviknight|94/100|[from] item: Leftovers
|upkeep
|turn|11
|
|move|p1a: Hydreigon|U-turn|p2a: Corviknight
|-resisted|p2a: Corviknight
|-damage|p2a: Corviknight|92/100
|
|switch|p1a: Seismitoad|Seismitoad, M|33/100|[from]move: U-turn
|move|p2a: Corviknight|U-turn|p1a: Seismitoad
|-damage|p1a: Seismitoad|23/100
|
|switch|p2a: Clefable|Clefable, F|100/100|[from]move: U-turn
|
|-heal|p1a: Seismitoad|29/100|[from] item: Leftovers
|upkeep
|turn|12
|
|switch|p1a: Clefable|Clefable, F|100/100
|move|p2a: Clefable|Moonblast|p1a: Clefable
|-damage|p1a: Clefable|48/100
|
|upkeep
|turn|13
|
|move|p1a: Clefable|Protect|p1a: Clefable
|-singleturn|p1a: Clefable|Protect
|move|p2a: Clefable|Moonblast|p1a: Clefable
|-activate|p1a: Clefable|move: Protect
|
|upkeep
|turn|14
|
|switch|p1a: Corviknight|Corviknight, M|100/100
|-ability|p1a: Corviknight|Pressure
|move|p2a: Clefable|Moonblast|p1a: Corviknight
|-resisted|p1a: Corviknight
|-damage|p1a: Corviknight|73/100
|-unboost|p1a: Corviknight|spa|1
|
|-heal|p1a: Corviknight|79/100|[from] item: Leftovers
|upkeep
|turn|15
|
|switch|p1a: Hydreigon|Hydreigon, M|100/100
|move|p2a: Clefable|Thunderbolt|p1a: Hydreigon
|-resisted|p1a: Hydreigon
|-damage|p1a: Hydreigon|81/100
|
|upkeep
|turn|16
|
|move|p1a: Hydreigon|Flamethrower|p2a: Clefable
|-damage|p2a: Clefable|65/100
|move|p2a: Clefable|Moonblast|p1a: Hydreigon
|-supereffective|p1a: Hydreigon
|-damage|p1a: Hydreigon|0 fnt
|faint|p1a: Hydreigon
|
|upkeep
|
|switch|p1a: Sirfetch'd|Sirfetch'd, M|100/100
|turn|17
|
|switch|p2a: Jellicent|Jellicent, M|100/100
|-damage|p2a: Jellicent|88/100|[from] Stealth Rock
|move|p1a: Sirfetch'd|Close Combat|p2a: Jellicent
|-immune|p2a: Jellicent
|
|-heal|p2a: Jellicent|94/100|[from] item: Leftovers
|upkeep
|turn|18
|c|☆four for one combo|o
|c|☆four for one combo|he woudlve died
|c|☆ENZ1|Miss hab
|c|☆ENZ1|Bro
|c|☆four for one combo|ye
|c|☆four for one combo|unfort
|
|switch|p1a: Seismitoad|Seismitoad, M|29/100
|move|p2a: Jellicent|Will-O-Wisp|p1a: Seismitoad
|-status|p1a: Seismitoad|brn
|
|-heal|p1a: Seismitoad|35/100 brn|[from] item: Leftovers
|-heal|p2a: Jellicent|100/100|[from] item: Leftovers
|-damage|p1a: Seismitoad|29/100 brn|[from] brn
|upkeep
|turn|19
|c|☆ENZ1|Derp
|
|switch|p2a: Corviknight|Corviknight, F|92/100
|-damage|p2a: Corviknight|79/100|[from] Stealth Rock
|-ability|p2a: Corviknight|Pressure
|move|p1a: Seismitoad|Scald|p2a: Corviknight
|-damage|p2a: Corviknight|61/100
|
|-heal|p1a: Seismitoad|35/100 brn|[from] item: Leftovers
|-heal|p2a: Corviknight|67/100|[from] item: Leftovers
|-damage|p1a: Seismitoad|29/100 brn|[from] brn
|upkeep
|turn|20
|
|move|p1a: Seismitoad|Scald|p2a: Corviknight
|-damage|p2a: Corviknight|47/100
|move|p2a: Corviknight|Defog|p1a: Seismitoad
|-unboost|p1a: Seismitoad|evasion|1
|-sideend|p2: ENZ1|Stealth Rock|[from] move: Defog|[of] p2a: Corviknight
|
|-heal|p1a: Seismitoad|35/100 brn|[from] item: Leftovers
|-heal|p2a: Corviknight|53/100|[from] item: Leftovers
|-damage|p1a: Seismitoad|29/100 brn|[from] brn
|upkeep
|turn|21
|
|move|p1a: Seismitoad|Stealth Rock|p2a: Corviknight
|-sidestart|p2: ENZ1|move: Stealth Rock
|move|p2a: Corviknight|Roost|p2a: Corviknight
|-heal|p2a: Corviknight|100/100
|-singleturn|p2a: Corviknight|move: Roost
|
|-heal|p1a: Seismitoad|35/100 brn|[from] item: Leftovers
|-damage|p1a: Seismitoad|29/100 brn|[from] brn
|upkeep
|turn|22
|
|move|p1a: Seismitoad|Scald|p2a: Corviknight
|-damage|p2a: Corviknight|81/100
|-status|p2a: Corviknight|brn
|move|p2a: Corviknight|Defog|p1a: Seismitoad
|-unboost|p1a: Seismitoad|evasion|1
|-sideend|p2: ENZ1|Stealth Rock|[from] move: Defog|[of] p2a: Corviknight
|
|-heal|p1a: Seismitoad|35/100 brn|[from] item: Leftovers
|-heal|p2a: Corviknight|87/100 brn|[from] item: Leftovers
|-damage|p1a: Seismitoad|29/100 brn|[from] brn
|-damage|p2a: Corviknight|81/100 brn|[from] brn
|upkeep
|turn|23
|
|move|p1a: Seismitoad|Stealth Rock|p2a: Corviknight
|-sidestart|p2: ENZ1|move: Stealth Rock
|move|p2a: Corviknight|Body Press|p1a: Seismitoad
|-damage|p1a: Seismitoad|20/100 brn
|
|-heal|p1a: Seismitoad|26/100 brn|[from] item: Leftovers
|-heal|p2a: Corviknight|87/100 brn|[from] item: Leftovers
|-damage|p1a: Seismitoad|20/100 brn|[from] brn
|-damage|p2a: Corviknight|81/100 brn|[from] brn
|upkeep
|turn|24
|
|switch|p1a: Kommo-o|Kommo-o, F|100/100
|move|p2a: Corviknight|Defog|p1a: Kommo-o
|-unboost|p1a: Kommo-o|evasion|1
|-sideend|p2: ENZ1|Stealth Rock|[from] move: Defog|[of] p2a: Corviknight
|
|-heal|p2a: Corviknight|87/100 brn|[from] item: Leftovers
|-damage|p2a: Corviknight|81/100 brn|[from] brn
|upkeep
|turn|25
|
|move|p1a: Kommo-o|Substitute|p1a: Kommo-o
|-start|p1a: Kommo-o|Substitute
|-damage|p1a: Kommo-o|75/100
|move|p2a: Corviknight|U-turn|p1a: Kommo-o
|-resisted|p1a: Kommo-o
|-activate|p1a: Kommo-o|move: Substitute|[damage]
|
|switch|p2a: Clefable|Clefable, F|65/100|[from]move: U-turn
|
|upkeep
|turn|26
|
|move|p1a: Kommo-o|Belly Drum|p1a: Kommo-o
|-damage|p1a: Kommo-o|25/100
|-setboost|p1a: Kommo-o|atk|6|[from] move: Belly Drum
|-enditem|p1a: Kommo-o|Salac Berry|[eat]
|-boost|p1a: Kommo-o|spe|1
|move|p2a: Clefable|Moonblast|p1a: Kommo-o
|-supereffective|p1a: Kommo-o
|-end|p1a: Kommo-o|Substitute
|
|upkeep
|turn|27
|
|move|p1a: Kommo-o|Drain Punch|p2a: Clefable
|-resisted|p2a: Clefable
|-damage|p2a: Clefable|0 fnt
|-heal|p1a: Kommo-o|64/100|[from] drain|[of] p2a: Clefable
|faint|p2a: Clefable
|
|upkeep
|
|switch|p2a: Hydreigon|Hydreigon, F|100/100
|turn|28
|
|switch|p1a: Clefable|Clefable, F|48/100
|move|p2a: Hydreigon|Draco Meteor|p1a: Clefable
|-immune|p1a: Clefable
|
|upkeep
|turn|29
|
|switch|p2a: Diggersby|Diggersby, M|100/100
|move|p1a: Clefable|Wish|p1a: Clefable
|
|upkeep
|turn|30
|
|move|p1a: Clefable|Protect|p1a: Clefable
|-singleturn|p1a: Clefable|Protect
|move|p2a: Diggersby|Fire Punch|p1a: Clefable
|-activate|p1a: Clefable|move: Protect
|
|-heal|p1a: Clefable|98/100|[from] move: Wish|[wisher] Clefable
|upkeep
|turn|31
|
|switch|p2a: Centiskorch|Centiskorch, M|100/100 slp
|move|p1a: Clefable|Moonblast|p2a: Centiskorch
|-resisted|p2a: Centiskorch
|-crit|p2a: Centiskorch
|-damage|p2a: Centiskorch|84/100 slp
|-unboost|p2a: Centiskorch|spa|1
|
|upkeep
|turn|32
|
|switch|p1a: Seismitoad|Seismitoad, M|20/100 brn
|cant|p2a: Centiskorch|slp
|move|p2a: Centiskorch|Sleep Talk|p2a: Centiskorch
|move|p2a: Centiskorch|Rest|p2a: Centiskorch|[from]Sleep Talk
|-fail|p2a: Centiskorch
|
|-heal|p1a: Seismitoad|26/100 brn|[from] item: Leftovers
|-damage|p1a: Seismitoad|20/100 brn|[from] brn
|upkeep
|turn|33
|
|switch|p2a: Corviknight|Corviknight, F|81/100 brn
|-ability|p2a: Corviknight|Pressure
|move|p1a: Seismitoad|Stealth Rock|p2a: Corviknight
|-sidestart|p2: ENZ1|move: Stealth Rock
|
|-heal|p1a: Seismitoad|26/100 brn|[from] item: Leftovers
|-heal|p2a: Corviknight|87/100 brn|[from] item: Leftovers
|-damage|p1a: Seismitoad|20/100 brn|[from] brn
|-damage|p2a: Corviknight|81/100 brn|[from] brn
|upkeep
|turn|34
|j| ddd2333
|
|switch|p1a: Sirfetch'd|Sirfetch'd, M|100/100
|move|p2a: Corviknight|Defog|p1a: Sirfetch'd
|-unboost|p1a: Sirfetch'd|evasion|1
|-sideend|p2: ENZ1|Stealth Rock|[from] move: Defog|[of] p2a: Corviknight
|
|-heal|p2a: Corviknight|87/100 brn|[from] item: Leftovers
|-damage|p2a: Corviknight|81/100 brn|[from] brn
|upkeep
|turn|35
|
|switch|p2a: Jellicent|Jellicent, M|100/100
|move|p1a: Sirfetch'd|Knock Off|p2a: Jellicent
|-supereffective|p2a: Jellicent
|-damage|p2a: Jellicent|21/100
|-enditem|p2a: Jellicent|Leftovers|[from] move: Knock Off|[of] p1a: Sirfetch'd
|
|upkeep
|turn|36
|
|switch|p2a: Corviknight|Corviknight, F|81/100 brn
|-ability|p2a: Corviknight|Pressure
|move|p1a: Sirfetch'd|Knock Off|p2a: Corviknight
|-damage|p2a: Corviknight|44/100 brn
|-enditem|p2a: Corviknight|Leftovers|[from] move: Knock Off|[of] p1a: Sirfetch'd
|
|-damage|p2a: Corviknight|38/100 brn|[from] brn
|upkeep
|turn|37
|
|switch|p1a: Kommo-o|Kommo-o, F|64/100
|move|p2a: Corviknight|U-turn|p1a: Kommo-o
|-resisted|p1a: Kommo-o
|-damage|p1a: Kommo-o|60/100
|
|switch|p2a: Hydreigon|Hydreigon, F|100/100|[from]move: U-turn
|
|upkeep
|turn|38
|j| JKongh
|
|switch|p1a: Corviknight|Corviknight, M|79/100
|-ability|p1a: Corviknight|Pressure
|move|p2a: Hydreigon|U-turn|p1a: Corviknight
|-resisted|p1a: Corviknight
|-damage|p1a: Corviknight|77/100
|
|switch|p2a: Diggersby|Diggersby, M|100/100|[from]move: U-turn
|
|-heal|p1a: Corviknight|83/100|[from] item: Leftovers
|upkeep
|turn|39
|l| JKongh
|
|move|p2a: Diggersby|Wild Charge|p1a: Corviknight
|-supereffective|p1a: Corviknight
|-damage|p1a: Corviknight|9/100
|-damage|p2a: Diggersby|77/100|[from] Recoil
|move|p1a: Corviknight|Body Press|p2a: Diggersby
|-supereffective|p2a: Diggersby
|-damage|p2a: Diggersby|4/100
|
|-heal|p1a: Corviknight|16/100|[from] item: Leftovers
|upkeep
|turn|40
|
|switch|p2a: Hydreigon|Hydreigon, F|100/100
|switch|p1a: Seismitoad|Seismitoad, M|20/100 brn
|
|-heal|p1a: Seismitoad|26/100 brn|[from] item: Leftovers
|-damage|p1a: Seismitoad|20/100 brn|[from] brn
|upkeep
|turn|41
|
|move|p1a: Seismitoad|Protect|p1a: Seismitoad
|-singleturn|p1a: Seismitoad|Protect
|move|p2a: Hydreigon|U-turn|p1a: Seismitoad
|-activate|p1a: Seismitoad|move: Protect
|
|-heal|p1a: Seismitoad|26/100 brn|[from] item: Leftovers
|-damage|p1a: Seismitoad|20/100 brn|[from] brn
|upkeep
|turn|42
|
|switch|p1a: Kommo-o|Kommo-o, F|60/100
|move|p2a: Hydreigon|U-turn|p1a: Kommo-o
|-resisted|p1a: Kommo-o
|-damage|p1a: Kommo-o|53/100
|
|switch|p2a: Jellicent|Jellicent, M|21/100|[from]move: U-turn
|
|upkeep
|turn|43
|
|switch|p2a: Hydreigon|Hydreigon, F|100/100
|move|p1a: Kommo-o|Earthquake|p2a: Hydreigon
|-immune|p2a: Hydreigon|[from] ability: Levitate
|
|upkeep
|turn|44
|
|switch|p1a: Clefable|Clefable, F|98/100
|move|p2a: Hydreigon|U-turn|p1a: Clefable
|-resisted|p1a: Clefable
|-damage|p1a: Clefable|91/100
|
|switch|p2a: Centiskorch|Centiskorch, M|84/100 slp|[from]move: U-turn
|
|upkeep
|turn|45
|
|switch|p1a: Seismitoad|Seismitoad, M|20/100 brn
|cant|p2a: Centiskorch|slp
|move|p2a: Centiskorch|Sleep Talk|p2a: Centiskorch
|move|p2a: Centiskorch|Knock Off|p1a: Seismitoad|[from]Sleep Talk
|-damage|p1a: Seismitoad|0 fnt
|-enditem|p1a: Seismitoad|Leftovers|[from] move: Knock Off|[of] p2a: Centiskorch
|faint|p1a: Seismitoad
|
|upkeep
|
|switch|p1a: Sirfetch'd|Sirfetch'd, M|100/100
|turn|46
|
|switch|p2a: Corviknight|Corviknight, F|38/100 brn
|-ability|p2a: Corviknight|Pressure
|move|p1a: Sirfetch'd|Knock Off|p2a: Corviknight
|-damage|p2a: Corviknight|13/100 brn
|
|-damage|p2a: Corviknight|7/100 brn|[from] brn
|upkeep
|turn|47
|
|move|p1a: Sirfetch'd|Knock Off|p2a: Corviknight
|-damage|p2a: Corviknight|0 fnt
|faint|p2a: Corviknight
|
|upkeep
|
|switch|p2a: Diggersby|Diggersby, M|4/100
|turn|48
|
|switch|p1a: Corviknight|Corviknight, M|16/100
|-ability|p1a: Corviknight|Pressure
|move|p2a: Diggersby|Earthquake|p1a: Corviknight
|-immune|p1a: Corviknight
|
|-heal|p1a: Corviknight|22/100|[from] item: Leftovers
|upkeep
|turn|49
|
|switch|p2a: Jellicent|Jellicent, M|21/100
|move|p1a: Corviknight|U-turn|p2a: Jellicent
|-resisted|p2a: Jellicent
|-damage|p2a: Jellicent|16/100
|
|switch|p1a: Sirfetch'd|Sirfetch'd, M|100/100|[from]move: U-turn
|
|upkeep
|turn|50
|
|move|p1a: Sirfetch'd|Knock Off|p2a: Jellicent
|-supereffective|p2a: Jellicent
|-damage|p2a: Jellicent|0 fnt
|faint|p2a: Jellicent
|
|upkeep
|
|switch|p2a: Diggersby|Diggersby, M|4/100
|turn|51
|
|switch|p1a: Corviknight|Corviknight, M|22/100
|-ability|p1a: Corviknight|Pressure
|move|p2a: Diggersby|Body Slam|p1a: Corviknight
|-resisted|p1a: Corviknight
|-damage|p1a: Corviknight|0 fnt
|faint|p1a: Corviknight
|
|upkeep
|
|switch|p1a: Kommo-o|Kommo-o, F|53/100
|turn|52
|
|switch|p2a: Hydreigon|Hydreigon, F|100/100
|move|p1a: Kommo-o|Earthquake|p2a: Hydreigon
|-immune|p2a: Hydreigon|[from] ability: Levitate
|
|upkeep
|turn|53
|
|switch|p1a: Clefable|Clefable, F|91/100
|move|p2a: Hydreigon|Draco Meteor|p1a: Clefable
|-immune|p1a: Clefable
|
|upkeep
|turn|54
|
|switch|p2a: Centiskorch|Centiskorch, M|84/100 slp
|move|p1a: Clefable|Moonblast|p2a: Centiskorch
|-resisted|p2a: Centiskorch
|-damage|p2a: Centiskorch|74/100 slp
|-unboost|p2a: Centiskorch|spa|1
|
|upkeep
|turn|55
|
|-curestatus|p2a: Centiskorch|slp|[msg]
|move|p2a: Centiskorch|Sleep Talk||[still]
|-fail|p2a: Centiskorch
|move|p1a: Clefable|Wish|p1a: Clefable
|
|upkeep
|turn|56
|
|switch|p1a: Kommo-o|Kommo-o, F|53/100
|move|p2a: Centiskorch|Fire Lash|p1a: Kommo-o
|-resisted|p1a: Kommo-o
|-damage|p1a: Kommo-o|37/100
|-unboost|p1a: Kommo-o|def|1
|
|-heal|p1a: Kommo-o|100/100|[from] move: Wish|[wisher] Clefable
|upkeep
|turn|57
|
|switch|p1a: Clefable|Clefable, F|91/100
|move|p2a: Centiskorch|Fire Lash|p1a: Clefable
|-damage|p1a: Clefable|68/100
|-unboost|p1a: Clefable|def|1
|
|upkeep
|turn|58
|
|move|p2a: Centiskorch|Fire Lash|p1a: Clefable
|-damage|p1a: Clefable|31/100
|-unboost|p1a: Clefable|def|1
|move|p1a: Clefable|Wish|p1a: Clefable
|
|upkeep
|turn|59
|
|move|p1a: Clefable|Protect|p1a: Clefable
|-singleturn|p1a: Clefable|Protect
|move|p2a: Centiskorch|Fire Lash|p1a: Clefable
|-activate|p1a: Clefable|move: Protect
|
|-heal|p1a: Clefable|81/100|[from] move: Wish|[wisher] Clefable
|upkeep
|turn|60
|
|switch|p1a: Kommo-o|Kommo-o, F|100/100
|move|p2a: Centiskorch|Fire Lash|p1a: Kommo-o
|-resisted|p1a: Kommo-o
|-damage|p1a: Kommo-o|85/100
|-unboost|p1a: Kommo-o|def|1
|
|upkeep
|turn|61
|
|move|p1a: Kommo-o|Belly Drum|p1a: Kommo-o
|-damage|p1a: Kommo-o|35/100
|-setboost|p1a: Kommo-o|atk|6|[from] move: Belly Drum
|move|p2a: Centiskorch|Fire Lash|p1a: Kommo-o
|-resisted|p1a: Kommo-o
|-damage|p1a: Kommo-o|14/100
|-unboost|p1a: Kommo-o|def|1
|
|upkeep
|turn|62
|
|move|p1a: Kommo-o|Drain Punch|p2a: Centiskorch
|-resisted|p2a: Centiskorch
|-damage|p2a: Centiskorch|0 fnt
|-heal|p1a: Kommo-o|64/100|[from] drain|[of] p2a: Centiskorch
|faint|p2a: Centiskorch
|
|upkeep
|
|switch|p2a: Hydreigon|Hydreigon, F|100/100
|turn|63
|c|☆four for one combo|gg
|
|move|p2a: Hydreigon|U-turn|p1a: Kommo-o
|-resisted|p1a: Kommo-o
|-damage|p1a: Kommo-o|51/100
|-message|ENZ1 forfeited.
|
|win|four for one combo
|l|☆ENZ1
|raw|four for one combo's rating: 1833 → 1848(+15 for winning)
|raw|ENZ1's rating: 1750 → 1735(-15 for losing)
