|ScrapeTime|2020-01-01-18:35:02
|j|☆Mypokeniverse
|j|☆IM A G3NG4R
|player|p1|Mypokeniverse|102|1086
|player|p2|IM A G3NG4R|acerola|1129
|teamsize|p1|6
|teamsize|p2|6
|gametype|singles
|gen|8
|tier|[Gen 8] OU
|rated|
|rule|Sleep Clause Mod: Limit one foe put to sleep
|rule|Species Clause: Limit one of each Pokémon
|rule|OHKO Clause: OHKO moves are banned
|rule|Evasion Moves Clause: Evasion moves are banned
|rule|Endless Battle Clause: Forcing endless battles is banned
|rule|HP Percentage Mod: HP is shown in percentages
|clearpoke
|poke|p1|Grimmsnarl, M|
|poke|p1|Ferrothorn, F|
|poke|p1|Gengar, M|
|poke|p1|Salazzle, F|
|poke|p1|Grapploct, F|
|poke|p1|Toxapex, F|
|poke|p2|Tsareena, F|
|poke|p2|Mamoswine, M|
|poke|p2|Dragapult, F|
|poke|p2|Aegislash, M|
|poke|p2|Gyarados, F|
|poke|p2|Centiskorch, F|
|rule|Dynamax Clause: You cannot dynamax
|teampreview
|
|start
|switch|p1a: Ferrothorn|Ferrothorn, F|100/100
|switch|p2a: Mamoswine|Mamoswine, M|100/100
|turn|1
|inactive|Battle timer is ON: inactive players will automatically lose when time's up. (requested by IM A G3NG4R)
|
|switch|p2a: Centiskorch|Centiskorch, F|100/100
|move|p1a: Ferrothorn|Leech Seed|p2a: Centiskorch
|-start|p2a: Centiskorch|move: Leech Seed
|
|-damage|p2a: Centiskorch|88/100|[from] Leech Seed|[of] p1a: Ferrothorn
|upkeep
|turn|2
|
|switch|p1a: Toxapex|Toxapex, F|100/100
|move|p2a: Centiskorch|Coil|p2a: Centiskorch
|-boost|p2a: Centiskorch|atk|1
|-boost|p2a: Centiskorch|def|1
|-boost|p2a: Centiskorch|accuracy|1
|
|-damage|p2a: Centiskorch|76/100|[from] Leech Seed|[of] p1a: Toxapex
|upkeep
|turn|3
|
|switch|p2a: Gyarados|Gyarados, F|100/100
|move|p1a: Toxapex|Haze|p1a: Toxapex
|-clearallboost
|
|upkeep
|turn|4
|
|move|p2a: Gyarados|Dragon Dance|p2a: Gyarados
|-boost|p2a: Gyarados|atk|1
|-boost|p2a: Gyarados|spe|1
|move|p1a: Toxapex|Icy Wind|p2a: Gyarados
|-crit|p2a: Gyarados
|-damage|p2a: Gyarados|90/100
|-unboost|p2a: Gyarados|spe|1
|
|upkeep
|turn|5
|
|move|p2a: Gyarados|Earthquake|p1a: Toxapex
|-supereffective|p1a: Toxapex
|-crit|p1a: Toxapex
|-damage|p1a: Toxapex|10/100
|move|p1a: Toxapex|Haze|p1a: Toxapex
|-clearallboost
|
|-heal|p1a: Toxapex|17/100|[from] item: Black Sludge
|upkeep
|turn|6
|
|switch|p1a: Ferrothorn|Ferrothorn, F|100/100
|move|p2a: Gyarados|Dragon Dance|p2a: Gyarados
|-boost|p2a: Gyarados|atk|1
|-boost|p2a: Gyarados|spe|1
|
|upkeep
|turn|7
|
|move|p2a: Gyarados|Dragon Dance|p2a: Gyarados
|-boost|p2a: Gyarados|atk|1
|-boost|p2a: Gyarados|spe|1
|move|p1a: Ferrothorn|Thunder Wave|p2a: Gyarados
|-status|p2a: Gyarados|par
|
|upkeep
|turn|8
|
|move|p2a: Gyarados|Dragon Dance|p2a: Gyarados
|-boost|p2a: Gyarados|atk|1
|-boost|p2a: Gyarados|spe|1
|move|p1a: Ferrothorn|Leech Seed|p2a: Gyarados
|-start|p2a: Gyarados|move: Leech Seed
|
|-damage|p2a: Gyarados|77/100 par|[from] Leech Seed|[of] p1a: Ferrothorn
|upkeep
|turn|9
|
|move|p2a: Gyarados|Earthquake|p1a: Ferrothorn
|-damage|p1a: Ferrothorn|45/100
|move|p1a: Ferrothorn|Power Whip|p2a: Gyarados|[miss]
|-miss|p1a: Ferrothorn|p2a: Gyarados
|
|-damage|p2a: Gyarados|65/100 par|[from] Leech Seed|[of] p1a: Ferrothorn
|-heal|p1a: Ferrothorn|57/100|[silent]
|upkeep
|turn|10
|
|move|p2a: Gyarados|Earthquake|p1a: Ferrothorn
|-crit|p1a: Ferrothorn
|-damage|p1a: Ferrothorn|0 fnt
|faint|p1a: Ferrothorn
|-ability|p2a: Gyarados|Moxie|boost
|-boost|p2a: Gyarados|atk|1
|
|upkeep
|
|switch|p1a: Salazzle|Salazzle, F|100/100
|turn|11
|
|move|p1a: Salazzle|Substitute|p1a: Salazzle
|-start|p1a: Salazzle|Substitute
|-damage|p1a: Salazzle|76/100
|move|p2a: Gyarados|Waterfall|p1a: Salazzle
|-supereffective|p1a: Salazzle
|-end|p1a: Salazzle|Substitute
|
|-heal|p1a: Salazzle|82/100|[from] item: Leftovers
|-damage|p2a: Gyarados|52/100 par|[from] Leech Seed|[of] p1a: Salazzle
|-heal|p1a: Salazzle|97/100|[silent]
|upkeep
|turn|12
|
|move|p1a: Salazzle|Disable|p2a: Gyarados
|-start|p2a: Gyarados|Disable|Waterfall
|move|p2a: Gyarados|Earthquake|p1a: Salazzle
|-supereffective|p1a: Salazzle
|-damage|p1a: Salazzle|0 fnt
|faint|p1a: Salazzle
|-ability|p2a: Gyarados|Moxie|boost
|-boost|p2a: Gyarados|atk|1
|
|upkeep
|
|switch|p1a: Grimmsnarl|Grimmsnarl, M|100/100
|turn|13
|
|move|p1a: Grimmsnarl|Reflect|p1a: Grimmsnarl
|-sidestart|p1: Mypokeniverse|Reflect
|move|p2a: Gyarados|Earthquake|p1a: Grimmsnarl
|-damage|p1a: Grimmsnarl|49/100
|
|-damage|p2a: Gyarados|40/100 par|[from] Leech Seed|[of] p1a: Grimmsnarl
|-heal|p1a: Grimmsnarl|59/100|[silent]
|upkeep
|turn|14
|
|move|p2a: Gyarados|Earthquake|p1a: Grimmsnarl
|-damage|p1a: Grimmsnarl|8/100
|move|p1a: Grimmsnarl|Spirit Break|p2a: Gyarados
|-damage|p2a: Gyarados|0 fnt
|faint|p2a: Gyarados
|
|upkeep
|
|switch|p2a: Dragapult|Dragapult, F|100/100
|turn|15
|
|move|p1a: Grimmsnarl|Thunder Wave|p2a: Dragapult
|-status|p2a: Dragapult|par
|move|p2a: Dragapult|Shadow Ball|p1a: Grimmsnarl
|-resisted|p1a: Grimmsnarl
|-damage|p1a: Grimmsnarl|0 fnt
|faint|p1a: Grimmsnarl
|
|upkeep
|
|switch|p1a: Toxapex|Toxapex, F|50/100
|turn|16
|
|move|p2a: Dragapult|Shadow Ball|p1a: Toxapex
|-damage|p1a: Toxapex|5/100
|move|p1a: Toxapex|Toxic Spikes|p2a: Dragapult
|-sidestart|p2: IM A G3NG4R|move: Toxic Spikes
|
|-heal|p1a: Toxapex|11/100|[from] item: Black Sludge
|upkeep
|turn|17
|
|move|p2a: Dragapult|Shadow Ball|p1a: Toxapex
|-damage|p1a: Toxapex|0 fnt
|faint|p1a: Toxapex
|
|upkeep
|
|switch|p1a: Gengar|Gengar, M|100/100
|turn|18
|
|move|p1a: Gengar|Shadow Ball|p2a: Dragapult
|-supereffective|p2a: Dragapult
|-damage|p2a: Dragapult|0 fnt
|-damage|p1a: Gengar|91/100|[from] item: Life Orb
|faint|p2a: Dragapult
|
|upkeep
|
|switch|p2a: Aegislash|Aegislash, M|100/100
|turn|19
|
|move|p1a: Gengar|Shadow Ball|p2a: Aegislash
|-supereffective|p2a: Aegislash
|-damage|p2a: Aegislash|21/100
|-enditem|p2a: Aegislash|Weakness Policy
|-boost|p2a: Aegislash|atk|2
|-boost|p2a: Aegislash|spa|2
|-damage|p1a: Gengar|81/100|[from] item: Life Orb
|move|p2a: Aegislash|Swords Dance|p2a: Aegislash
|-boost|p2a: Aegislash|atk|2
|
|upkeep
|turn|20
|
|switch|p1a: Grapploct|Grapploct, F|100/100
|-formechange|p2a: Aegislash|Aegislash-Blade||[from] ability: Stance Change
|move|p2a: Aegislash|Shadow Sneak|p1a: Grapploct
|-damage|p1a: Grapploct|66/100
|
|-sideend|p1: Mypokeniverse|Reflect
|upkeep
|turn|21
|
|-formechange|p2a: Aegislash|Aegislash||[from] ability: Stance Change
|move|p2a: Aegislash|King's Shield|p2a: Aegislash
|-singleturn|p2a: Aegislash|Protect
|move|p1a: Grapploct|Stomping Tantrum|p2a: Aegislash
|-activate|p2a: Aegislash|move: Protect
|-unboost|p1a: Grapploct|atk|1
|
|upkeep
|turn|22
|
|-formechange|p2a: Aegislash|Aegislash-Blade||[from] ability: Stance Change
|move|p2a: Aegislash|Close Combat|p1a: Grapploct
|-damage|p1a: Grapploct|0 fnt
|-unboost|p2a: Aegislash|def|1
|-unboost|p2a: Aegislash|spd|1
|faint|p1a: Grapploct
|
|upkeep
|-message|Mypokeniverse forfeited.
|
|win|IM A G3NG4R
|l|☆Mypokeniverse
