|ScrapeTime|2020-01-02-10:25:51
|j|☆Jouleee
|j|☆dripfather
|player|p1|Jouleee|115|1328
|player|p2|dripfather|265|1351
|teamsize|p1|6
|teamsize|p2|6
|gametype|singles
|gen|8
|tier|[Gen 8] OU
|rated|
|rule|Sleep Clause Mod: Limit one foe put to sleep
|rule|Species Clause: Limit one of each Pokémon
|rule|OHKO Clause: OHKO moves are banned
|rule|Evasion Moves Clause: Evasion moves are banned
|rule|Endless Battle Clause: Forcing endless battles is banned
|rule|HP Percentage Mod: HP is shown in percentages
|clearpoke
|poke|p1|Dragapult, F|
|poke|p1|Seismitoad, F|
|poke|p1|Dracovish|
|poke|p1|Tyranitar, M|
|poke|p1|Excadrill, M|
|poke|p1|Corviknight, M|
|poke|p2|Durant, F|
|poke|p2|Rotom-Heat|
|poke|p2|Seismitoad, M|
|poke|p2|Aegislash, M|
|poke|p2|Clefable, F|
|poke|p2|Dragapult, F|
|rule|Dynamax Clause: You cannot dynamax
|teampreview
|
|start
|switch|p1a: Dragapult|Dragapult, F|100/100
|switch|p2a: KD|Durant, F|100/100
|turn|1
|inactive|Battle timer is ON: inactive players will automatically lose when time's up. (requested by Jouleee)
|inactive|dripfather has 120 seconds left.
|
|switch|p2a: Rotom|Rotom-Heat|100/100
|move|p1a: Dragapult|Substitute|p1a: Dragapult
|-start|p1a: Dragapult|Substitute
|-damage|p1a: Dragapult|76/100
|
|-heal|p1a: Dragapult|82/100|[from] item: Leftovers
|upkeep
|turn|2
|
|move|p1a: Dragapult|Hex|p2a: Rotom
|-damage|p2a: Rotom|70/100
|move|p2a: Rotom|Volt Switch|p1a: Dragapult
|-resisted|p1a: Dragapult
|-activate|p1a: Dragapult|move: Substitute|[damage]
|
|switch|p2a: Dragapult|Dragapult, F|100/100|[from]move: Volt Switch
|
|-heal|p1a: Dragapult|88/100|[from] item: Leftovers
|upkeep
|turn|3
|
|move|p1a: Dragapult|Disable||[still]
|-fail|p1a: Dragapult
|move|p2a: Dragapult|Dragon Darts|p1a: Dragapult
|-supereffective|p1a: Dragapult
|-damage|p1a: Dragapult|15/100
|-supereffective|p1a: Dragapult
|-damage|p1a: Dragapult|0 fnt
|-hitcount|p1a: Dragapult|2
|faint|p1a: Dragapult
|
|upkeep
|
|switch|p1a: Excadrill|Excadrill, M|100/100
|-ability|p1a: Excadrill|Mold Breaker
|turn|4
|
|switch|p2a: Rotom|Rotom-Heat|70/100
|move|p1a: Excadrill|Earthquake|p2a: Rotom
|-supereffective|p2a: Rotom
|-damage|p2a: Rotom|0 fnt
|faint|p2a: Rotom
|
|upkeep
|
|switch|p2a: Aegislash|Aegislash, M|100/100
|-item|p2a: Aegislash|Air Balloon
|turn|5
|
|move|p1a: Excadrill|Iron Head|p2a: Aegislash
|-resisted|p2a: Aegislash
|-damage|p2a: Aegislash|79/100
|-enditem|p2a: Aegislash|Air Balloon
|-formechange|p2a: Aegislash|Aegislash-Blade||[from] ability: Stance Change
|move|p2a: Aegislash|Close Combat|p1a: Excadrill
|-supereffective|p1a: Excadrill
|-damage|p1a: Excadrill|0 fnt
|-unboost|p2a: Aegislash|def|1
|-unboost|p2a: Aegislash|spd|1
|faint|p1a: Excadrill
|
|upkeep
|
|switch|p1a: Seismitoad|Seismitoad, F, shiny|100/100
|turn|6
|
|move|p2a: Aegislash|Close Combat|p1a: Seismitoad
|-damage|p1a: Seismitoad|66/100
|-unboost|p2a: Aegislash|def|1
|-unboost|p2a: Aegislash|spd|1
|move|p1a: Seismitoad|Earthquake|p2a: Aegislash
|-supereffective|p2a: Aegislash
|-damage|p2a: Aegislash|0 fnt
|faint|p2a: Aegislash
|
|-heal|p1a: Seismitoad|72/100|[from] item: Leftovers
|upkeep
|
|switch|p2a: Dragapult|Dragapult, F|100/100
|turn|7
|
|move|p2a: Dragapult|Substitute|p2a: Dragapult
|-start|p2a: Dragapult|Substitute
|-damage|p2a: Dragapult|76/100
|move|p1a: Seismitoad|Toxic||[still]
|-fail|p1a: Seismitoad
|
|-heal|p2a: Dragapult|82/100|[from] item: Leftovers
|-heal|p1a: Seismitoad|78/100|[from] item: Leftovers
|upkeep
|turn|8
|
|move|p2a: Dragapult|Dragon Dance|p2a: Dragapult
|-boost|p2a: Dragapult|atk|1
|-boost|p2a: Dragapult|spe|1
|move|p1a: Seismitoad|Earthquake|p2a: Dragapult
|-end|p2a: Dragapult|Substitute
|
|-heal|p2a: Dragapult|88/100|[from] item: Leftovers
|-heal|p1a: Seismitoad|84/100|[from] item: Leftovers
|upkeep
|turn|9
|
|move|p2a: Dragapult|Dragon Dance|p2a: Dragapult
|-boost|p2a: Dragapult|atk|1
|-boost|p2a: Dragapult|spe|1
|move|p1a: Seismitoad|Earthquake|p2a: Dragapult
|-damage|p2a: Dragapult|38/100
|
|-heal|p2a: Dragapult|44/100|[from] item: Leftovers
|-heal|p1a: Seismitoad|90/100|[from] item: Leftovers
|upkeep
|turn|10
|
|move|p2a: Dragapult|Dragon Darts|p1a: Seismitoad
|-damage|p1a: Seismitoad|50/100
|-damage|p1a: Seismitoad|10/100
|-hitcount|p1a: Seismitoad|2
|move|p1a: Seismitoad|Earthquake|p2a: Dragapult
|-damage|p2a: Dragapult|0 fnt
|faint|p2a: Dragapult
|
|-heal|p1a: Seismitoad|16/100|[from] item: Leftovers
|upkeep
|
|switch|p2a: Clefable|Clefable, F|100/100
|turn|11
|
|move|p1a: Seismitoad|Protect|p1a: Seismitoad
|-singleturn|p1a: Seismitoad|Protect
|move|p2a: Clefable|Moonblast|p1a: Seismitoad
|-activate|p1a: Seismitoad|move: Protect
|
|-heal|p1a: Seismitoad|22/100|[from] item: Leftovers
|upkeep
|turn|12
|
|switch|p1a: Corviknight|Corviknight, M|100/100
|-ability|p1a: Corviknight|Pressure
|move|p2a: Clefable|Moonblast|p1a: Corviknight
|-resisted|p1a: Corviknight
|-damage|p1a: Corviknight|76/100
|
|-heal|p1a: Corviknight|82/100|[from] item: Leftovers
|upkeep
|turn|13
|
|move|p1a: Corviknight|Roost|p1a: Corviknight
|-heal|p1a: Corviknight|100/100
|-singleturn|p1a: Corviknight|move: Roost
|move|p2a: Clefable|Flamethrower|p1a: Corviknight
|-supereffective|p1a: Corviknight
|-damage|p1a: Corviknight|45/100
|
|-heal|p1a: Corviknight|51/100|[from] item: Leftovers
|upkeep
|turn|14
|
|move|p1a: Corviknight|Roost|p1a: Corviknight
|-heal|p1a: Corviknight|100/100
|-singleturn|p1a: Corviknight|move: Roost
|move|p2a: Clefable|Flamethrower|p1a: Corviknight
|-supereffective|p1a: Corviknight
|-damage|p1a: Corviknight|40/100
|
|-heal|p1a: Corviknight|46/100|[from] item: Leftovers
|upkeep
|turn|15
|
|switch|p1a: Dracovish|Dracovish|100/100
|move|p2a: Clefable|Flamethrower|p1a: Dracovish
|-resisted|p1a: Dracovish
|-damage|p1a: Dracovish|90/100
|
|upkeep
|turn|16
|
|switch|p2a: Seismitoad|Seismitoad, M|100/100
|move|p1a: Dracovish|Fishious Rend|p2a: Seismitoad
|-immune|p2a: Seismitoad|[from] ability: Water Absorb
|
|upkeep
|turn|17
|
|switch|p2a: Clefable|Clefable, F|100/100
|move|p1a: Dracovish|Fishious Rend|p2a: Clefable
|-damage|p2a: Clefable|0 fnt
|faint|p2a: Clefable
|
|upkeep
|
|switch|p2a: Seismitoad|Seismitoad, M|100/100
|turn|18
|
|switch|p1a: Corviknight|Corviknight, M|46/100
|-ability|p1a: Corviknight|Pressure
|switch|p2a: KD|Durant, F|100/100
|
|-heal|p1a: Corviknight|52/100|[from] item: Leftovers
|upkeep
|turn|19
|
|move|p2a: KD|Thunder Fang|p1a: Corviknight
|-supereffective|p1a: Corviknight
|-damage|p1a: Corviknight|0 fnt
|-damage|p2a: KD|91/100|[from] item: Life Orb
|faint|p1a: Corviknight
|
|upkeep
|
|switch|p1a: Tyranitar|Tyranitar, M|100/100
|-weather|Sandstorm|[from] ability: Sand Stream|[of] p1a: Tyranitar
|turn|20
|
|move|p2a: KD|Superpower|p1a: Tyranitar|[miss]
|-miss|p2a: KD|p1a: Tyranitar
|move|p1a: Tyranitar|Thunder Wave|p2a: KD
|-status|p2a: KD|par
|
|-weather|Sandstorm|[upkeep]
|upkeep
|turn|21
|
|move|p2a: KD|Superpower|p1a: Tyranitar
|-supereffective|p1a: Tyranitar
|-damage|p1a: Tyranitar|0 fnt
|-unboost|p2a: KD|atk|1
|-unboost|p2a: KD|def|1
|-damage|p2a: KD|81/100 par|[from] item: Life Orb
|faint|p1a: Tyranitar
|
|-weather|Sandstorm|[upkeep]
|upkeep
|
|switch|p1a: Seismitoad|Seismitoad, F, shiny|22/100
|turn|22
|
|move|p1a: Seismitoad|Scald|p2a: KD
|-damage|p2a: KD|31/100 par
|move|p2a: KD|Superpower|p1a: Seismitoad
|-damage|p1a: Seismitoad|0 fnt
|-unboost|p2a: KD|atk|1
|-unboost|p2a: KD|def|1
|-damage|p2a: KD|21/100 par|[from] item: Life Orb
|faint|p1a: Seismitoad
|
|-weather|Sandstorm|[upkeep]
|upkeep
|
|switch|p1a: Dracovish|Dracovish|90/100
|turn|23
|
|move|p1a: Dracovish|Outrage|p2a: KD
|-resisted|p2a: KD
|-damage|p2a: KD|0 fnt
|faint|p2a: KD
|
|-weather|Sandstorm|[upkeep]
|-damage|p1a: Dracovish|83/100|[from] Sandstorm
|upkeep
|
|switch|p2a: Seismitoad|Seismitoad, M|100/100
|turn|24
|
|move|p1a: Dracovish|Outrage|p2a: Seismitoad|[from]lockedmove
|-damage|p2a: Seismitoad|46/100
|-start|p1a: Dracovish|confusion|[fatigue]
|move|p2a: Seismitoad|Earthquake|p1a: Dracovish
|-damage|p1a: Dracovish|48/100
|
|-weather|none
|-heal|p2a: Seismitoad|52/100|[from] item: Leftovers
|upkeep
|turn|25
|
|-activate|p1a: Dracovish|confusion
|move|p1a: Dracovish|Outrage|p2a: Seismitoad
|-damage|p2a: Seismitoad|0 fnt
|faint|p2a: Seismitoad
|
|win|Jouleee
|raw|Jouleee's rating: 1328 → 1349(+21 for winning)
|raw|dripfather's rating: 1351 → 1330(-21 for losing)
|l|☆dripfather
