|ScrapeTime|2020-01-01-21:06:26
|j|☆Dazaii
|j|☆verse.0
|player|p1|Dazaii|brawly|1229
|player|p2|verse.0|skyla|1266
|teamsize|p1|6
|teamsize|p2|6
|gametype|singles
|gen|8
|tier|[Gen 8] OU
|rated|
|rule|Sleep Clause Mod: Limit one foe put to sleep
|rule|Species Clause: Limit one of each Pokémon
|rule|OHKO Clause: OHKO moves are banned
|rule|Evasion Moves Clause: Evasion moves are banned
|rule|Endless Battle Clause: Forcing endless battles is banned
|rule|HP Percentage Mod: HP is shown in percentages
|clearpoke
|poke|p1|Obstagoon, M|
|poke|p1|Clefable, F|
|poke|p1|Corviknight, M|
|poke|p1|Seismitoad, M|
|poke|p1|Rotom-Heat|
|poke|p1|Cloyster, M|
|poke|p2|Bellossom, M|
|poke|p2|Charizard, F|
|poke|p2|Ninetales, M|
|poke|p2|Dugtrio, F|
|poke|p2|Gardevoir, F|
|poke|p2|Dracozolt|
|rule|Dynamax Clause: You cannot dynamax
|teampreview
|inactive|Battle timer is ON: inactive players will automatically lose when time's up. (requested by Dazaii)
|inactive|verse.0 has 120 seconds left.
|
|start
|switch|p1a: Seismitoad|Seismitoad, M|100/100
|switch|p2a: Ninetales|Ninetales, M|100/100
|-weather|SunnyDay|[from] ability: Drought|[of] p2a: Ninetales
|turn|1
|
|move|p2a: Ninetales|Solar Beam||[still]
|-prepare|p2a: Ninetales|Solar Beam|p1a: Seismitoad
|-anim|p2a: Ninetales|Solar Beam|p1a: Seismitoad
|-supereffective|p1a: Seismitoad
|-damage|p1a: Seismitoad|0 fnt
|faint|p1a: Seismitoad
|
|-weather|SunnyDay|[upkeep]
|upkeep
|
|switch|p1a: Obstagoon|Obstagoon, M|100/100
|turn|2
|
|move|p1a: Obstagoon|Knock Off|p2a: Ninetales
|-damage|p2a: Ninetales|61/100
|-enditem|p2a: Ninetales|Heat Rock|[from] move: Knock Off|[of] p1a: Obstagoon
|move|p2a: Ninetales|Flamethrower|p1a: Obstagoon
|-damage|p1a: Obstagoon|55/100
|
|-weather|SunnyDay|[upkeep]
|-status|p1a: Obstagoon|brn|[from] item: Flame Orb
|upkeep
|turn|3
|
|move|p1a: Obstagoon|Facade|p2a: Ninetales
|-damage|p2a: Ninetales|0 fnt
|faint|p2a: Ninetales
|
|-weather|SunnyDay|[upkeep]
|-damage|p1a: Obstagoon|49/100 brn|[from] brn
|upkeep
|
|switch|p2a: Dracozolt|Dracozolt|100/100
|turn|4
|
|move|p2a: Dracozolt|Bolt Beak|p1a: Obstagoon
|-damage|p1a: Obstagoon|0 fnt
|faint|p1a: Obstagoon
|
|-weather|SunnyDay|[upkeep]
|upkeep
|
|switch|p1a: Clefable|Clefable, F|100/100
|turn|5
|
|move|p2a: Dracozolt|Bolt Beak|p1a: Clefable
|-damage|p1a: Clefable|6/100
|move|p1a: Clefable|Calm Mind|p1a: Clefable
|-boost|p1a: Clefable|spa|1
|-boost|p1a: Clefable|spd|1
|
|-weather|SunnyDay|[upkeep]
|upkeep
|turn|6
|
|move|p2a: Dracozolt|Bolt Beak|p1a: Clefable
|-damage|p1a: Clefable|0 fnt
|faint|p1a: Clefable
|
|-weather|SunnyDay|[upkeep]
|upkeep
|
|switch|p1a: Cloyster|Cloyster, M, shiny|100/100
|turn|7
|
|move|p2a: Dracozolt|Bolt Beak|p1a: Cloyster
|-supereffective|p1a: Cloyster
|-enditem|p1a: Cloyster|Focus Sash
|-damage|p1a: Cloyster|1/100
|move|p1a: Cloyster|Shell Smash|p1a: Cloyster
|-unboost|p1a: Cloyster|def|1
|-unboost|p1a: Cloyster|spd|1
|-boost|p1a: Cloyster|atk|2
|-boost|p1a: Cloyster|spa|2
|-boost|p1a: Cloyster|spe|2
|
|-weather|SunnyDay|[upkeep]
|upkeep
|turn|8
|
|move|p1a: Cloyster|Icicle Spear|p2a: Dracozolt
|-supereffective|p2a: Dracozolt
|-damage|p2a: Dracozolt|48/100
|-supereffective|p2a: Dracozolt
|-damage|p2a: Dracozolt|0 fnt
|-hitcount|p2a: Dracozolt|2
|faint|p2a: Dracozolt
|
|-weather|none
|upkeep
|
|switch|p2a: Charizard|Charizard, F|100/100
|turn|9
|
|move|p1a: Cloyster|Liquidation|p2a: Charizard
|-supereffective|p2a: Charizard
|-damage|p2a: Charizard|0 fnt
|faint|p2a: Charizard
|
|upkeep
|
|switch|p2a: Gardevoir|Gardevoir, F|100/100
|-ability|p2a: Gardevoir|Skill Link|[from] ability: Trace|[of] p1a: Cloyster
|turn|10
|
|move|p1a: Cloyster|Icicle Spear|p2a: Gardevoir
|-crit|p2a: Gardevoir
|-damage|p2a: Gardevoir|48/100
|-damage|p2a: Gardevoir|18/100
|-damage|p2a: Gardevoir|0 fnt
|-hitcount|p2a: Gardevoir|3
|faint|p2a: Gardevoir
|
|upkeep
|
|switch|p2a: Dugtrio|Dugtrio, F|100/100
|turn|11
|
|move|p1a: Cloyster|Icicle Spear|p2a: Dugtrio
|-supereffective|p2a: Dugtrio
|-crit|p2a: Dugtrio
|-damage|p2a: Dugtrio|0 fnt
|-hitcount|p2a: Dugtrio|1
|faint|p2a: Dugtrio
|
|upkeep
|-message|verse.0 forfeited.
|
|win|Dazaii
|l|☆verse.0
