|ScrapeTime|2020-01-02-10:34:53
|j|☆sad3w3435
|j|☆NMZS Antilope
|player|p1|sad3w3435|mira|1452
|player|p2|NMZS Antilope|dragontamer|1374
|teamsize|p1|6
|teamsize|p2|6
|gametype|singles
|gen|8
|tier|[Gen 8] OU
|rated|
|rule|Sleep Clause Mod: Limit one foe put to sleep
|rule|Species Clause: Limit one of each Pokémon
|rule|OHKO Clause: OHKO moves are banned
|rule|Evasion Moves Clause: Evasion moves are banned
|rule|Endless Battle Clause: Forcing endless battles is banned
|rule|HP Percentage Mod: HP is shown in percentages
|clearpoke
|poke|p1|Galvantula, F|
|poke|p1|Bisharp, F|
|poke|p1|Dragapult, M|
|poke|p1|Cinderace, F|
|poke|p1|Quagsire, M|
|poke|p1|Clefable, F|
|poke|p2|Accelgor, M|
|poke|p2|Excadrill, M|
|poke|p2|Gyarados, M|
|poke|p2|Haxorus, F|
|poke|p2|Basculin-Blue-Striped, F|
|poke|p2|Dragapult, M|
|rule|Dynamax Clause: You cannot dynamax
|teampreview
|
|start
|switch|p1a: Galvantula|Galvantula, F|100/100
|switch|p2a: Excadrill|Excadrill, M|100/100
|-ability|p2a: Excadrill|Mold Breaker
|turn|1
|
|move|p2a: Excadrill|Rapid Spin|p1a: Galvantula
|-damage|p1a: Galvantula|76/100
|-boost|p2a: Excadrill|spe|1
|move|p1a: Galvantula|Sticky Web|p2a: Excadrill
|-sidestart|p2: NMZS Antilope|move: Sticky Web
|
|upkeep
|turn|2
|
|switch|p1a: Dragapult|Dragapult, M|100/100
|-item|p1a: Dragapult|Air Balloon
|move|p2a: Excadrill|Rapid Spin|p1a: Dragapult
|-immune|p1a: Dragapult
|
|upkeep
|turn|3
|
|move|p2a: Excadrill|Rock Slide|p1a: Dragapult
|-damage|p1a: Dragapult|63/100
|-enditem|p1a: Dragapult|Air Balloon
|cant|p1a: Dragapult|flinch
|
|upkeep
|turn|4
|
|move|p2a: Excadrill|Earthquake|p1a: Dragapult
|-damage|p1a: Dragapult|0 fnt
|faint|p1a: Dragapult
|
|upkeep
|
|switch|p1a: Cinderace|Cinderace, F|100/100
|turn|5
|
|move|p2a: Excadrill|Earthquake|p1a: Cinderace
|-supereffective|p1a: Cinderace
|-crit|p1a: Cinderace
|-damage|p1a: Cinderace|0 fnt
|faint|p1a: Cinderace
|
|upkeep
|
|switch|p1a: Quagsire|Quagsire, M|100/100
|turn|6
|
|move|p2a: Excadrill|Swords Dance|p2a: Excadrill
|-boost|p2a: Excadrill|atk|2
|move|p1a: Quagsire|Whirlpool|p2a: Excadrill
|-supereffective|p2a: Excadrill
|-damage|p2a: Excadrill|78/100
|-activate|p2a: Excadrill|move: Whirlpool|[of] p1a: Quagsire
|
|-damage|p2a: Excadrill|66/100|[from] move: Whirlpool|[partiallytrapped]
|upkeep
|turn|7
|
|move|p1a: Quagsire|Protect|p1a: Quagsire
|-singleturn|p1a: Quagsire|Protect
|move|p2a: Excadrill|Earthquake|p1a: Quagsire
|-activate|p1a: Quagsire|move: Protect
|
|-damage|p2a: Excadrill|53/100|[from] move: Whirlpool|[partiallytrapped]
|upkeep
|turn|8
|
|move|p2a: Excadrill|Rapid Spin|p1a: Quagsire
|-damage|p1a: Quagsire|68/100
|-sideend|p2: NMZS Antilope|Sticky Web|[from] move: Rapid Spin|[of] p2a: Excadrill
|-end|p2a: Excadrill|Whirlpool|[partiallytrapped]
|-boost|p2a: Excadrill|spe|1
|move|p1a: Quagsire|Recover|p1a: Quagsire
|-heal|p1a: Quagsire|100/100
|
|upkeep
|turn|9
|-message|sad3w3435 forfeited.
|
|win|NMZS Antilope
|l|☆sad3w3435
|raw|sad3w3435's rating: 1452 → 1428(-24 for losing)
|raw|NMZS Antilope's rating: 1374 → 1399(+25 for winning)
