|ScrapeTime|2020-01-02-02:05:24
|j|☆lajifei1
|j|☆eeraa
|player|p1|lajifei1|nate|1507
|player|p2|eeraa|unknownf|1558
|teamsize|p1|6
|teamsize|p2|6
|gametype|singles
|gen|8
|tier|[Gen 8] OU
|rated|
|rule|Sleep Clause Mod: Limit one foe put to sleep
|rule|Species Clause: Limit one of each Pokémon
|rule|OHKO Clause: OHKO moves are banned
|rule|Evasion Moves Clause: Evasion moves are banned
|rule|Endless Battle Clause: Forcing endless battles is banned
|rule|HP Percentage Mod: HP is shown in percentages
|clearpoke
|poke|p1|Grimmsnarl, M|
|poke|p1|Clefable, M|
|poke|p1|Bisharp, M|
|poke|p1|Corviknight, M|
|poke|p1|Cloyster, M|
|poke|p1|Dragapult, M|
|poke|p2|Togekiss, M|
|poke|p2|Silvally-*|
|poke|p2|Excadrill, M|
|poke|p2|Tyranitar, M|
|poke|p2|Rotom-Wash|
|poke|p2|Corviknight, M|
|rule|Dynamax Clause: You cannot dynamax
|teampreview
|inactive|Battle timer is ON: inactive players will automatically lose when time's up. (requested by lajifei1)
|
|start
|switch|p1a: Cloyster|Cloyster, M|100/100
|switch|p2a: Tyranitar|Tyranitar, M|100/100
|-weather|Sandstorm|[from] ability: Sand Stream|[of] p2a: Tyranitar
|turn|1
|
|move|p2a: Tyranitar|Stone Edge|p1a: Cloyster
|-supereffective|p1a: Cloyster
|-damage|p1a: Cloyster|16/100
|move|p1a: Cloyster|Icicle Spear|p2a: Tyranitar
|-crit|p2a: Tyranitar
|-damage|p2a: Tyranitar|83/100
|-damage|p2a: Tyranitar|72/100
|-damage|p2a: Tyranitar|62/100
|-damage|p2a: Tyranitar|50/100
|-damage|p2a: Tyranitar|39/100
|-hitcount|p2a: Tyranitar|5
|
|-weather|Sandstorm|[upkeep]
|-damage|p1a: Cloyster|10/100|[from] Sandstorm
|-heal|p2a: Tyranitar|45/100|[from] item: Leftovers
|upkeep
|turn|2
|
|move|p2a: Tyranitar|Fire Punch|p1a: Cloyster
|-damage|p1a: Cloyster|0 fnt
|faint|p1a: Cloyster
|
|-weather|Sandstorm|[upkeep]
|-heal|p2a: Tyranitar|51/100|[from] item: Leftovers
|upkeep
|
|switch|p1a: Bisharp|Bisharp, M|100/100
|turn|3
|
|switch|p2a: Rotom|Rotom-Wash|100/100
|move|p1a: Bisharp|Iron Head|p2a: Rotom
|-resisted|p2a: Rotom
|-damage|p2a: Rotom|93/100
|
|-weather|Sandstorm|[upkeep]
|-damage|p2a: Rotom|87/100|[from] Sandstorm
|-heal|p2a: Rotom|93/100|[from] item: Leftovers
|upkeep
|turn|4
|
|move|p2a: Rotom|Will-O-Wisp|p1a: Bisharp
|-status|p1a: Bisharp|brn
|move|p1a: Bisharp|Swords Dance|p1a: Bisharp
|-boost|p1a: Bisharp|atk|2
|
|-weather|Sandstorm|[upkeep]
|-damage|p2a: Rotom|87/100|[from] Sandstorm
|-heal|p2a: Rotom|93/100|[from] item: Leftovers
|-damage|p1a: Bisharp|95/100 brn|[from] brn
|upkeep
|turn|5
|
|move|p2a: Rotom|Nasty Plot|p2a: Rotom
|-boost|p2a: Rotom|spa|2
|move|p1a: Bisharp|Swords Dance|p1a: Bisharp
|-boost|p1a: Bisharp|atk|2
|
|-weather|none
|-heal|p2a: Rotom|99/100|[from] item: Leftovers
|-damage|p1a: Bisharp|89/100 brn|[from] brn
|upkeep
|turn|6
|
|move|p1a: Bisharp|Sucker Punch|p2a: Rotom
|-damage|p2a: Rotom|42/100
|move|p2a: Rotom|Hydro Pump|p1a: Bisharp|[miss]
|-miss|p2a: Rotom|p1a: Bisharp
|
|-heal|p2a: Rotom|48/100|[from] item: Leftovers
|-damage|p1a: Bisharp|83/100 brn|[from] brn
|upkeep
|turn|7
|
|switch|p2a: Corviknight|Corviknight, M|100/100
|-ability|p2a: Corviknight|Pressure
|move|p1a: Bisharp|Sucker Punch||[still]
|-fail|p1a: Bisharp
|
|-damage|p1a: Bisharp|77/100 brn|[from] brn
|upkeep
|turn|8
|
|move|p1a: Bisharp|Swords Dance|p1a: Bisharp
|-boost|p1a: Bisharp|atk|2
|move|p2a: Corviknight|Iron Defense|p2a: Corviknight
|-boost|p2a: Corviknight|def|2
|
|-damage|p1a: Bisharp|71/100 brn|[from] brn
|upkeep
|turn|9
|
|move|p1a: Bisharp|Throat Chop|p2a: Corviknight
|-damage|p2a: Corviknight|57/100
|-start|p2a: Corviknight|Throat Chop|[silent]
|move|p2a: Corviknight|Iron Defense|p2a: Corviknight
|-boost|p2a: Corviknight|def|2
|
|-heal|p2a: Corviknight|63/100|[from] item: Leftovers
|-damage|p1a: Bisharp|65/100 brn|[from] brn
|upkeep
|turn|10
|
|move|p1a: Bisharp|Throat Chop|p2a: Corviknight
|-damage|p2a: Corviknight|34/100
|move|p2a: Corviknight|Roost|p2a: Corviknight
|-heal|p2a: Corviknight|84/100
|-singleturn|p2a: Corviknight|move: Roost
|
|-heal|p2a: Corviknight|90/100|[from] item: Leftovers
|-damage|p1a: Bisharp|59/100 brn|[from] brn
|-end|p2a: Corviknight|Throat Chop|[silent]
|upkeep
|turn|11
|
|move|p1a: Bisharp|Throat Chop|p2a: Corviknight
|-damage|p2a: Corviknight|64/100
|-start|p2a: Corviknight|Throat Chop|[silent]
|move|p2a: Corviknight|Body Press|p1a: Bisharp
|-supereffective|p1a: Bisharp
|-damage|p1a: Bisharp|0 fnt
|faint|p1a: Bisharp
|
|-heal|p2a: Corviknight|70/100|[from] item: Leftovers
|upkeep
|
|switch|p1a: Clefable|Clefable, M|100/100
|turn|12
|
|switch|p2a: Togekiss|Togekiss, M|100/100
|move|p1a: Clefable|Flamethrower|p2a: Togekiss
|-damage|p2a: Togekiss|63/100
|
|-heal|p2a: Togekiss|69/100|[from] item: Leftovers
|upkeep
|turn|13
|
|switch|p1a: Dragapult|Dragapult, M|100/100
|move|p2a: Togekiss|Nasty Plot|p2a: Togekiss
|-boost|p2a: Togekiss|spa|2
|
|-heal|p2a: Togekiss|75/100|[from] item: Leftovers
|upkeep
|turn|14
|
|switch|p2a: Corviknight|Corviknight, M|70/100
|-ability|p2a: Corviknight|Pressure
|move|p1a: Dragapult|Shadow Ball|p2a: Corviknight
|-damage|p2a: Corviknight|30/100
|
|-heal|p2a: Corviknight|37/100|[from] item: Leftovers
|upkeep
|turn|15
|
|switch|p2a: Tyranitar|Tyranitar, M|51/100
|-weather|Sandstorm|[from] ability: Sand Stream|[of] p2a: Tyranitar
|move|p1a: Dragapult|Shadow Ball|p2a: Tyranitar
|-resisted|p2a: Tyranitar
|-crit|p2a: Tyranitar
|-damage|p2a: Tyranitar|20/100
|-unboost|p2a: Tyranitar|spd|1
|
|-weather|Sandstorm|[upkeep]
|-damage|p1a: Dragapult|95/100|[from] Sandstorm
|-heal|p2a: Tyranitar|26/100|[from] item: Leftovers
|upkeep
|turn|16
|
|switch|p2a: Corviknight|Corviknight, M|37/100
|-ability|p2a: Corviknight|Pressure
|move|p1a: Dragapult|Shadow Ball|p2a: Corviknight
|-damage|p2a: Corviknight|0 fnt
|faint|p2a: Corviknight
|
|-weather|Sandstorm|[upkeep]
|-damage|p1a: Dragapult|89/100|[from] Sandstorm
|upkeep
|
|switch|p2a: Excadrill|Excadrill, M|100/100
|turn|17
|
|switch|p1a: Corviknight|Corviknight, M|100/100
|move|p2a: Excadrill|Swords Dance|p2a: Excadrill
|-boost|p2a: Excadrill|atk|2
|
|-weather|Sandstorm|[upkeep]
|upkeep
|turn|18
|
|move|p2a: Excadrill|Iron Head|p1a: Corviknight
|-resisted|p1a: Corviknight
|-damage|p1a: Corviknight|71/100
|move|p1a: Corviknight|Iron Head|p2a: Excadrill
|-resisted|p2a: Excadrill
|-damage|p2a: Excadrill|83/100
|
|-weather|Sandstorm|[upkeep]
|-heal|p2a: Excadrill|89/100|[from] item: Leftovers
|-heal|p1a: Corviknight|78/100|[from] item: Leftovers
|upkeep
|turn|19
|
|move|p2a: Excadrill|Swords Dance|p2a: Excadrill
|-boost|p2a: Excadrill|atk|2
|move|p1a: Corviknight|Iron Head|p2a: Excadrill
|-resisted|p2a: Excadrill
|-damage|p2a: Excadrill|73/100
|
|-weather|none
|-heal|p2a: Excadrill|79/100|[from] item: Leftovers
|-heal|p1a: Corviknight|84/100|[from] item: Leftovers
|upkeep
|turn|20
|
|move|p2a: Excadrill|Iron Head|p1a: Corviknight
|-resisted|p1a: Corviknight
|-crit|p1a: Corviknight
|-damage|p1a: Corviknight|20/100
|move|p1a: Corviknight|Iron Head|p2a: Excadrill
|-resisted|p2a: Excadrill
|-damage|p2a: Excadrill|61/100
|
|-heal|p2a: Excadrill|68/100|[from] item: Leftovers
|-heal|p1a: Corviknight|26/100|[from] item: Leftovers
|upkeep
|turn|21
|
|move|p2a: Excadrill|Iron Head|p1a: Corviknight
|-resisted|p1a: Corviknight
|-damage|p1a: Corviknight|0 fnt
|faint|p1a: Corviknight
|
|-heal|p2a: Excadrill|74/100|[from] item: Leftovers
|upkeep
|
|switch|p1a: Dragapult|Dragapult, M|89/100
|turn|22
|
|switch|p2a: Rotom|Rotom-Wash|48/100
|move|p1a: Dragapult|Shadow Ball|p2a: Rotom
|-damage|p2a: Rotom|0 fnt
|faint|p2a: Rotom
|
|upkeep
|
|switch|p2a: Tyranitar|Tyranitar, M|26/100
|-weather|Sandstorm|[from] ability: Sand Stream|[of] p2a: Tyranitar
|turn|23
|
|switch|p1a: Grimmsnarl|Grimmsnarl, M|100/100
|move|p2a: Tyranitar|Stone Edge|p1a: Grimmsnarl
|-damage|p1a: Grimmsnarl|29/100
|
|-weather|Sandstorm|[upkeep]
|-damage|p1a: Grimmsnarl|23/100|[from] Sandstorm
|-heal|p2a: Tyranitar|32/100|[from] item: Leftovers
|-heal|p1a: Grimmsnarl|29/100|[from] item: Leftovers
|upkeep
|turn|24
|
|switch|p2a: Silvally|Silvally-Grass|100/100
|move|p1a: Grimmsnarl|Spirit Break|p2a: Silvally
|-damage|p2a: Silvally|57/100
|-unboost|p2a: Silvally|spa|1
|
|-weather|Sandstorm|[upkeep]
|-damage|p2a: Silvally|51/100|[from] Sandstorm
|-damage|p1a: Grimmsnarl|23/100|[from] Sandstorm
|-heal|p1a: Grimmsnarl|29/100|[from] item: Leftovers
|upkeep
|turn|25
|
|move|p1a: Grimmsnarl|Sucker Punch|p2a: Silvally
|-damage|p2a: Silvally|11/100
|move|p2a: Silvally|Multi-Attack|p1a: Grimmsnarl
|-damage|p1a: Grimmsnarl|0 fnt
|faint|p1a: Grimmsnarl
|
|-weather|Sandstorm|[upkeep]
|-damage|p2a: Silvally|5/100|[from] Sandstorm
|upkeep
|
|switch|p1a: Dragapult|Dragapult, M|89/100
|turn|26
|
|move|p1a: Dragapult|Shadow Ball|p2a: Silvally
|-damage|p2a: Silvally|0 fnt
|faint|p2a: Silvally
|
|-weather|Sandstorm|[upkeep]
|-damage|p1a: Dragapult|83/100|[from] Sandstorm
|upkeep
|
|switch|p2a: Tyranitar|Tyranitar, M|32/100
|turn|27
|
|switch|p1a: Clefable|Clefable, M|100/100
|switch|p2a: Togekiss|Togekiss, M|75/100
|
|-weather|none
|-heal|p2a: Togekiss|81/100|[from] item: Leftovers
|upkeep
|turn|28
|
|move|p2a: Togekiss|Air Slash|p1a: Clefable
|-damage|p1a: Clefable|64/100
|cant|p1a: Clefable|flinch
|
|-heal|p2a: Togekiss|87/100|[from] item: Leftovers
|upkeep
|turn|29
|
|move|p2a: Togekiss|Nasty Plot|p2a: Togekiss
|-boost|p2a: Togekiss|spa|2
|move|p1a: Clefable|Thunderbolt|p2a: Togekiss
|-supereffective|p2a: Togekiss
|-damage|p2a: Togekiss|20/100
|
|-heal|p2a: Togekiss|27/100|[from] item: Leftovers
|upkeep
|turn|30
|
|move|p2a: Togekiss|Air Slash|p1a: Clefable
|-damage|p1a: Clefable|0 fnt
|faint|p1a: Clefable
|
|-heal|p2a: Togekiss|33/100|[from] item: Leftovers
|upkeep
|
|switch|p1a: Dragapult|Dragapult, M|83/100
|turn|31
|
|switch|p2a: Tyranitar|Tyranitar, M|32/100
|-weather|Sandstorm|[from] ability: Sand Stream|[of] p2a: Tyranitar
|move|p1a: Dragapult|Shadow Ball|p2a: Tyranitar
|-resisted|p2a: Tyranitar
|-damage|p2a: Tyranitar|15/100
|
|-weather|Sandstorm|[upkeep]
|-damage|p1a: Dragapult|77/100|[from] Sandstorm
|-heal|p2a: Tyranitar|21/100|[from] item: Leftovers
|upkeep
|turn|32
|
|move|p1a: Dragapult|Shadow Ball|p2a: Tyranitar
|-resisted|p2a: Tyranitar
|-damage|p2a: Tyranitar|2/100
|move|p2a: Tyranitar|Stone Edge|p1a: Dragapult
|-damage|p1a: Dragapult|0 fnt
|faint|p1a: Dragapult
|
|win|eeraa
|raw|lajifei1's rating: 1491 → 1475(-16 for losing)
|raw|eeraa's rating: 1558 → 1574(+16 for winning)
|l|☆lajifei1
