|ScrapeTime|2020-01-03-00:15:19
|j|☆TremendoNoob
|j|☆BiEla
|player|p1|TremendoNoob|102|1414
|player|p2|BiEla|2|1393
|teamsize|p1|6
|teamsize|p2|6
|gametype|singles
|gen|8
|tier|[Gen 8] OU
|rated|
|rule|Sleep Clause Mod: Limit one foe put to sleep
|rule|Species Clause: Limit one of each Pokémon
|rule|OHKO Clause: OHKO moves are banned
|rule|Evasion Moves Clause: Evasion moves are banned
|rule|Endless Battle Clause: Forcing endless battles is banned
|rule|HP Percentage Mod: HP is shown in percentages
|clearpoke
|poke|p1|Pelipper, M|
|poke|p1|Seismitoad, M|
|poke|p1|Barraskewda, F|
|poke|p1|Ferrothorn, F|
|poke|p1|Rotom-Wash|
|poke|p1|Corviknight, M|
|poke|p2|Sableye, F|
|poke|p2|Ferrothorn, M|
|poke|p2|Snorlax, F|
|poke|p2|Umbreon, F|
|poke|p2|Toxapex, M|
|poke|p2|Corviknight, M|
|rule|Dynamax Clause: You cannot dynamax
|teampreview
|
|start
|switch|p1a: Pelipper|Pelipper, M|100/100
|switch|p2a: Ferrothorn|Ferrothorn, M|100/100
|-weather|RainDance|[from] ability: Drizzle|[of] p1a: Pelipper
|turn|1
|inactive|Battle timer is ON: inactive players will automatically lose when time's up. (requested by TremendoNoob)
|
|move|p1a: Pelipper|Knock Off|p2a: Ferrothorn
|-damage|p2a: Ferrothorn|93/100
|-damage|p1a: Pelipper|88/100|[from] ability: Iron Barbs|[of] p2a: Ferrothorn
|-enditem|p2a: Ferrothorn|Leftovers|[from] move: Knock Off|[of] p1a: Pelipper
|move|p2a: Ferrothorn|Stealth Rock|p1a: Pelipper
|-sidestart|p1: TremendoNoob|move: Stealth Rock
|
|-weather|RainDance|[upkeep]
|upkeep
|turn|2
|
|move|p1a: Pelipper|Scald|p2a: Ferrothorn
|-resisted|p2a: Ferrothorn
|-damage|p2a: Ferrothorn|78/100
|move|p2a: Ferrothorn|Leech Seed|p1a: Pelipper
|-start|p1a: Pelipper|move: Leech Seed
|
|-weather|RainDance|[upkeep]
|-damage|p1a: Pelipper|76/100|[from] Leech Seed|[of] p2a: Ferrothorn
|-heal|p2a: Ferrothorn|89/100|[silent]
|upkeep
|turn|3
|
|switch|p1a: Corviknight|Corviknight, M|100/100
|-damage|p1a: Corviknight|88/100|[from] Stealth Rock
|-ability|p1a: Corviknight|Pressure
|move|p2a: Ferrothorn|Protect||[still]
|-fail|p2a: Ferrothorn
|
|-weather|RainDance|[upkeep]
|-heal|p1a: Corviknight|94/100|[from] item: Leftovers
|upkeep
|turn|4
|
|move|p1a: Corviknight|Defog|p2a: Ferrothorn
|-unboost|p2a: Ferrothorn|evasion|1
|-sideend|p1: TremendoNoob|Stealth Rock|[from] move: Defog|[of] p1a: Corviknight
|move|p2a: Ferrothorn|Leech Seed|p1a: Corviknight
|-start|p1a: Corviknight|move: Leech Seed
|
|-weather|RainDance|[upkeep]
|-heal|p1a: Corviknight|100/100|[from] item: Leftovers
|-damage|p1a: Corviknight|88/100|[from] Leech Seed|[of] p2a: Ferrothorn
|-heal|p2a: Ferrothorn|100/100|[silent]
|upkeep
|turn|5
|
|switch|p1a: Ferrothorn|Ferrothorn, F|100/100
|move|p2a: Ferrothorn|Stealth Rock|p1a: Ferrothorn
|-sidestart|p1: TremendoNoob|move: Stealth Rock
|
|-weather|RainDance|[upkeep]
|upkeep
|turn|6
|
|move|p2a: Ferrothorn|Spikes|p1a: Ferrothorn
|-sidestart|p1: TremendoNoob|Spikes
|move|p1a: Ferrothorn|Spikes|p2a: Ferrothorn
|-sidestart|p2: BiEla|Spikes
|
|-weather|RainDance|[upkeep]
|upkeep
|turn|7
|
|switch|p1a: Corviknight|Corviknight, M|88/100
|-damage|p1a: Corviknight|75/100|[from] Stealth Rock
|-ability|p1a: Corviknight|Pressure
|move|p2a: Ferrothorn|Spikes|p1a: Corviknight
|-sidestart|p1: TremendoNoob|Spikes
|
|-weather|RainDance|[upkeep]
|-heal|p1a: Corviknight|82/100|[from] item: Leftovers
|upkeep
|turn|8
|
|move|p1a: Corviknight|Defog|p2a: Ferrothorn
|-unboost|p2a: Ferrothorn|evasion|1
|-sideend|p2: BiEla|Spikes|[from] move: Defog|[of] p1a: Corviknight
|-sideend|p1: TremendoNoob|Spikes|[from] move: Defog|[of] p1a: Corviknight
|-sideend|p1: TremendoNoob|Stealth Rock|[from] move: Defog|[of] p1a: Corviknight
|move|p2a: Ferrothorn|Leech Seed|p1a: Corviknight
|-start|p1a: Corviknight|move: Leech Seed
|
|-weather|none
|-heal|p1a: Corviknight|88/100|[from] item: Leftovers
|-damage|p1a: Corviknight|75/100|[from] Leech Seed|[of] p2a: Ferrothorn
|upkeep
|turn|9
|
|switch|p1a: Ferrothorn|Ferrothorn, F|100/100
|move|p2a: Ferrothorn|Stealth Rock|p1a: Ferrothorn
|-sidestart|p1: TremendoNoob|move: Stealth Rock
|
|upkeep
|turn|10
|
|switch|p1a: Corviknight|Corviknight, M|75/100
|-damage|p1a: Corviknight|63/100|[from] Stealth Rock
|-ability|p1a: Corviknight|Pressure
|move|p2a: Ferrothorn|Spikes|p1a: Corviknight
|-sidestart|p1: TremendoNoob|Spikes
|
|-heal|p1a: Corviknight|69/100|[from] item: Leftovers
|upkeep
|turn|11
|
|move|p1a: Corviknight|Defog|p2a: Ferrothorn
|-unboost|p2a: Ferrothorn|evasion|1
|-sideend|p1: TremendoNoob|Spikes|[from] move: Defog|[of] p1a: Corviknight
|-sideend|p1: TremendoNoob|Stealth Rock|[from] move: Defog|[of] p1a: Corviknight
|move|p2a: Ferrothorn|Leech Seed|p1a: Corviknight
|-start|p1a: Corviknight|move: Leech Seed
|
|-heal|p1a: Corviknight|75/100|[from] item: Leftovers
|-damage|p1a: Corviknight|63/100|[from] Leech Seed|[of] p2a: Ferrothorn
|upkeep
|turn|12
|
|move|p1a: Corviknight|Roost|p1a: Corviknight
|-heal|p1a: Corviknight|100/100
|-singleturn|p1a: Corviknight|move: Roost
|move|p2a: Ferrothorn|Stealth Rock|p1a: Corviknight
|-sidestart|p1: TremendoNoob|move: Stealth Rock
|
|-damage|p1a: Corviknight|88/100|[from] Leech Seed|[of] p2a: Ferrothorn
|upkeep
|turn|13
|
|move|p1a: Corviknight|Defog|p2a: Ferrothorn
|-unboost|p2a: Ferrothorn|evasion|1
|-sideend|p1: TremendoNoob|Stealth Rock|[from] move: Defog|[of] p1a: Corviknight
|move|p2a: Ferrothorn|Spikes|p1a: Corviknight
|-sidestart|p1: TremendoNoob|Spikes
|
|-heal|p1a: Corviknight|94/100|[from] item: Leftovers
|-damage|p1a: Corviknight|82/100|[from] Leech Seed|[of] p2a: Ferrothorn
|upkeep
|turn|14
|
|switch|p1a: Rotom|Rotom-Wash|100/100
|move|p2a: Ferrothorn|Stealth Rock|p1a: Rotom
|-sidestart|p1: TremendoNoob|move: Stealth Rock
|
|upkeep
|turn|15
|
|move|p2a: Ferrothorn|Protect|p2a: Ferrothorn
|-singleturn|p2a: Ferrothorn|Protect
|move|p1a: Rotom|Trick|p2a: Ferrothorn
|-activate|p2a: Ferrothorn|move: Protect
|
|upkeep
|turn|16
|
|switch|p1a: Corviknight|Corviknight, M|82/100
|-damage|p1a: Corviknight|69/100|[from] Stealth Rock
|-ability|p1a: Corviknight|Pressure
|move|p2a: Ferrothorn|Leech Seed|p1a: Corviknight
|-start|p1a: Corviknight|move: Leech Seed
|
|-heal|p1a: Corviknight|75/100|[from] item: Leftovers
|-damage|p1a: Corviknight|63/100|[from] Leech Seed|[of] p2a: Ferrothorn
|upkeep
|turn|17
|
|move|p1a: Corviknight|Defog|p2a: Ferrothorn
|-unboost|p2a: Ferrothorn|evasion|1
|-sideend|p1: TremendoNoob|Spikes|[from] move: Defog|[of] p1a: Corviknight
|-sideend|p1: TremendoNoob|Stealth Rock|[from] move: Defog|[of] p1a: Corviknight
|move|p2a: Ferrothorn|Spikes|p1a: Corviknight
|-sidestart|p1: TremendoNoob|Spikes
|
|-heal|p1a: Corviknight|69/100|[from] item: Leftovers
|-damage|p1a: Corviknight|57/100|[from] Leech Seed|[of] p2a: Ferrothorn
|upkeep
|turn|18
|
|move|p1a: Corviknight|Roost|p1a: Corviknight
|-heal|p1a: Corviknight|100/100
|-singleturn|p1a: Corviknight|move: Roost
|move|p2a: Ferrothorn|Stealth Rock|p1a: Corviknight
|-sidestart|p1: TremendoNoob|move: Stealth Rock
|
|-damage|p1a: Corviknight|88/100|[from] Leech Seed|[of] p2a: Ferrothorn
|upkeep
|turn|19
|
|move|p1a: Corviknight|Defog|p2a: Ferrothorn
|-unboost|p2a: Ferrothorn|evasion|1
|-sideend|p1: TremendoNoob|Spikes|[from] move: Defog|[of] p1a: Corviknight
|-sideend|p1: TremendoNoob|Stealth Rock|[from] move: Defog|[of] p1a: Corviknight
|move|p2a: Ferrothorn|Spikes|p1a: Corviknight
|-sidestart|p1: TremendoNoob|Spikes
|
|-heal|p1a: Corviknight|94/100|[from] item: Leftovers
|-damage|p1a: Corviknight|82/100|[from] Leech Seed|[of] p2a: Ferrothorn
|upkeep
|turn|20
|
|switch|p1a: Rotom|Rotom-Wash|100/100
|move|p2a: Ferrothorn|Stealth Rock|p1a: Rotom
|-sidestart|p1: TremendoNoob|move: Stealth Rock
|
|upkeep
|turn|21
|c|☆TremendoNoob|u are losing the time
|
|switch|p1a: Corviknight|Corviknight, M|82/100
|-damage|p1a: Corviknight|69/100|[from] Stealth Rock
|-ability|p1a: Corviknight|Pressure
|move|p2a: Ferrothorn|Leech Seed|p1a: Corviknight
|-start|p1a: Corviknight|move: Leech Seed
|
|-heal|p1a: Corviknight|75/100|[from] item: Leftovers
|-damage|p1a: Corviknight|63/100|[from] Leech Seed|[of] p2a: Ferrothorn
|upkeep
|turn|22
|c|☆TremendoNoob|xdddd
|
|move|p1a: Corviknight|Defog|p2a: Ferrothorn
|-unboost|p2a: Ferrothorn|evasion|0
|-sideend|p1: TremendoNoob|Spikes|[from] move: Defog|[of] p1a: Corviknight
|-sideend|p1: TremendoNoob|Stealth Rock|[from] move: Defog|[of] p1a: Corviknight
|move|p2a: Ferrothorn|Spikes|p1a: Corviknight
|-sidestart|p1: TremendoNoob|Spikes
|
|-heal|p1a: Corviknight|69/100|[from] item: Leftovers
|-damage|p1a: Corviknight|57/100|[from] Leech Seed|[of] p2a: Ferrothorn
|upkeep
|turn|23
|
|move|p1a: Corviknight|Roost|p1a: Corviknight
|-heal|p1a: Corviknight|100/100
|-singleturn|p1a: Corviknight|move: Roost
|move|p2a: Ferrothorn|Stealth Rock|p1a: Corviknight
|-sidestart|p1: TremendoNoob|move: Stealth Rock
|
|-damage|p1a: Corviknight|88/100|[from] Leech Seed|[of] p2a: Ferrothorn
|upkeep
|turn|24
|
|switch|p2a: Snorlax|Snorlax, F|100/100
|move|p1a: Corviknight|Defog|p2a: Snorlax
|-unboost|p2a: Snorlax|evasion|1
|-sideend|p1: TremendoNoob|Spikes|[from] move: Defog|[of] p1a: Corviknight
|-sideend|p1: TremendoNoob|Stealth Rock|[from] move: Defog|[of] p1a: Corviknight
|
|-heal|p1a: Corviknight|94/100|[from] item: Leftovers
|-damage|p1a: Corviknight|82/100|[from] Leech Seed|[of] p2a: Snorlax
|upkeep
|turn|25
|
|switch|p1a: Rotom|Rotom-Wash|100/100
|move|p2a: Snorlax|Curse|p2a: Snorlax
|-unboost|p2a: Snorlax|spe|1
|-boost|p2a: Snorlax|atk|1
|-boost|p2a: Snorlax|def|1
|
|upkeep
|turn|26
|
|switch|p2a: Umbreon|Umbreon, F|100/100
|move|p1a: Rotom|Will-O-Wisp|p2a: Umbreon
|-status|p2a: Umbreon|brn
|-activate|p2a: Umbreon|ability: Synchronize
|-status|p1a: Rotom|brn
|
|-damage|p1a: Rotom|94/100 brn|[from] brn
|-damage|p2a: Umbreon|94/100 brn|[from] brn
|upkeep
|turn|27
|
|switch|p1a: Ferrothorn|Ferrothorn, F|100/100
|switch|p2a: Snorlax|Snorlax, F|100/100
|
|upkeep
|turn|28
|
|switch|p2a: Ferrothorn|Ferrothorn, M|100/100
|move|p1a: Ferrothorn|Leech Seed|p2a: Ferrothorn
|-immune|p2a: Ferrothorn
|
|upkeep
|turn|29
|
|switch|p1a: Corviknight|Corviknight, M|82/100
|-ability|p1a: Corviknight|Pressure
|move|p2a: Ferrothorn|Stealth Rock|p1a: Corviknight
|-sidestart|p1: TremendoNoob|move: Stealth Rock
|
|-heal|p1a: Corviknight|88/100|[from] item: Leftovers
|upkeep
|turn|30
|
|move|p1a: Corviknight|Defog|p2a: Ferrothorn
|-unboost|p2a: Ferrothorn|evasion|1
|-sideend|p1: TremendoNoob|Stealth Rock|[from] move: Defog|[of] p1a: Corviknight
|move|p2a: Ferrothorn|Leech Seed|p1a: Corviknight
|-start|p1a: Corviknight|move: Leech Seed
|
|-heal|p1a: Corviknight|94/100|[from] item: Leftovers
|-damage|p1a: Corviknight|82/100|[from] Leech Seed|[of] p2a: Ferrothorn
|upkeep
|turn|31
|
|switch|p1a: Ferrothorn|Ferrothorn, F|100/100
|move|p2a: Ferrothorn|Stealth Rock|p1a: Ferrothorn
|-sidestart|p1: TremendoNoob|move: Stealth Rock
|
|upkeep
|turn|32
|
|switch|p1a: Corviknight|Corviknight, M|82/100
|-damage|p1a: Corviknight|69/100|[from] Stealth Rock
|-ability|p1a: Corviknight|Pressure
|move|p2a: Ferrothorn|Spikes|p1a: Corviknight
|-sidestart|p1: TremendoNoob|Spikes
|
|-heal|p1a: Corviknight|75/100|[from] item: Leftovers
|upkeep
|turn|33
|
|move|p2a: Ferrothorn|Protect|p2a: Ferrothorn
|-singleturn|p2a: Ferrothorn|Protect
|move|p1a: Corviknight|Defog|p2a: Ferrothorn
|-activate|p2a: Ferrothorn|move: Protect
|
|-heal|p1a: Corviknight|82/100|[from] item: Leftovers
|upkeep
|turn|34
|
|move|p1a: Corviknight|Defog|p2a: Ferrothorn
|-unboost|p2a: Ferrothorn|evasion|1
|-sideend|p1: TremendoNoob|Spikes|[from] move: Defog|[of] p1a: Corviknight
|-sideend|p1: TremendoNoob|Stealth Rock|[from] move: Defog|[of] p1a: Corviknight
|move|p2a: Ferrothorn|Spikes|p1a: Corviknight
|-sidestart|p1: TremendoNoob|Spikes
|
|-heal|p1a: Corviknight|88/100|[from] item: Leftovers
|upkeep
|turn|35
|
|move|p1a: Corviknight|Defog|p2a: Ferrothorn
|-unboost|p2a: Ferrothorn|evasion|1
|-sideend|p1: TremendoNoob|Spikes|[from] move: Defog|[of] p1a: Corviknight
|move|p2a: Ferrothorn|Stealth Rock|p1a: Corviknight
|-sidestart|p1: TremendoNoob|move: Stealth Rock
|
|-heal|p1a: Corviknight|94/100|[from] item: Leftovers
|upkeep
|turn|36
|
|move|p1a: Corviknight|Defog|p2a: Ferrothorn
|-unboost|p2a: Ferrothorn|evasion|1
|-sideend|p1: TremendoNoob|Stealth Rock|[from] move: Defog|[of] p1a: Corviknight
|move|p2a: Ferrothorn|Spikes|p1a: Corviknight
|-sidestart|p1: TremendoNoob|Spikes
|
|-heal|p1a: Corviknight|100/100|[from] item: Leftovers
|upkeep
|turn|37
|
|move|p1a: Corviknight|Body Slam|p2a: Ferrothorn
|-resisted|p2a: Ferrothorn
|-damage|p2a: Ferrothorn|95/100
|-damage|p1a: Corviknight|88/100|[from] ability: Iron Barbs|[of] p2a: Ferrothorn
|move|p2a: Ferrothorn|Spikes|p1a: Corviknight
|-sidestart|p1: TremendoNoob|Spikes
|
|-heal|p1a: Corviknight|94/100|[from] item: Leftovers
|upkeep
|turn|38
|
|switch|p2a: Sableye|Sableye, F|100/100
|move|p1a: Corviknight|Defog|p2a: Sableye
|-unboost|p2a: Sableye|evasion|1
|-sideend|p1: TremendoNoob|Spikes|[from] move: Defog|[of] p1a: Corviknight
|
|-heal|p1a: Corviknight|100/100|[from] item: Leftovers
|upkeep
|turn|39
|
|switch|p1a: Pelipper|Pelipper, M|76/100
|-weather|RainDance|[from] ability: Drizzle|[of] p1a: Pelipper
|move|p2a: Sableye|Foul Play|p1a: Pelipper
|-damage|p1a: Pelipper|61/100
|
|-weather|RainDance|[upkeep]
|upkeep
|turn|40
|
|switch|p2a: Toxapex|Toxapex, M|100/100
|move|p1a: Pelipper|Scald|p2a: Toxapex
|-resisted|p2a: Toxapex
|-damage|p2a: Toxapex|82/100
|
|-weather|RainDance|[upkeep]
|-heal|p2a: Toxapex|88/100|[from] item: Leftovers
|upkeep
|turn|41
|
|move|p1a: Pelipper|Knock Off|p2a: Toxapex
|-damage|p2a: Toxapex|78/100
|-enditem|p2a: Toxapex|Leftovers|[from] move: Knock Off|[of] p1a: Pelipper
|move|p2a: Toxapex|Toxic Spikes|p1a: Pelipper
|-sidestart|p1: TremendoNoob|move: Toxic Spikes
|
|-weather|RainDance|[upkeep]
|upkeep
|turn|42
|
|switch|p1a: Rotom|Rotom-Wash|94/100 brn
|move|p2a: Toxapex|Scald|p1a: Rotom
|-resisted|p1a: Rotom
|-damage|p1a: Rotom|76/100 brn
|
|-weather|RainDance|[upkeep]
|-damage|p1a: Rotom|70/100 brn|[from] brn
|upkeep
|turn|43
|
|switch|p2a: Umbreon|Umbreon, F|94/100 brn
|move|p1a: Rotom|Thunder|p2a: Umbreon
|-damage|p2a: Umbreon|70/100 brn
|
|-weather|RainDance|[upkeep]
|-heal|p2a: Umbreon|76/100 brn|[from] item: Leftovers
|-damage|p1a: Rotom|64/100 brn|[from] brn
|-damage|p2a: Umbreon|70/100 brn|[from] brn
|upkeep
|turn|44
|
|switch|p1a: Corviknight|Corviknight, M|100/100
|-ability|p1a: Corviknight|Pressure
|move|p2a: Umbreon|Wish|p2a: Umbreon
|
|-weather|RainDance|[upkeep]
|-heal|p2a: Umbreon|76/100 brn|[from] item: Leftovers
|-damage|p2a: Umbreon|70/100 brn|[from] brn
|upkeep
|turn|45
|
|move|p1a: Corviknight|Defog|p2a: Umbreon
|-unboost|p2a: Umbreon|evasion|1
|-sideend|p1: TremendoNoob|Toxic Spikes|[from] move: Defog|[of] p1a: Corviknight
|move|p2a: Umbreon|Taunt|p1a: Corviknight
|-start|p1a: Corviknight|move: Taunt
|
|-weather|RainDance|[upkeep]
|-heal|p2a: Umbreon|100/100 brn|[from] move: Wish|[wisher] Umbreon
|-damage|p2a: Umbreon|94/100 brn|[from] brn
|upkeep
|turn|46
|
|switch|p1a: Barraskewda|Barraskewda, F|100/100
|move|p2a: Umbreon|Foul Play|p1a: Barraskewda
|-damage|p1a: Barraskewda|45/100
|
|-weather|none
|-heal|p2a: Umbreon|100/100 brn|[from] item: Leftovers
|-damage|p2a: Umbreon|94/100 brn|[from] brn
|upkeep
|turn|47
|
|move|p2a: Umbreon|Protect|p2a: Umbreon
|-singleturn|p2a: Umbreon|Protect
|move|p1a: Barraskewda|Close Combat|p2a: Umbreon
|-activate|p2a: Umbreon|move: Protect
|
|-heal|p2a: Umbreon|100/100 brn|[from] item: Leftovers
|-damage|p2a: Umbreon|94/100 brn|[from] brn
|upkeep
|turn|48
|
|switch|p1a: Ferrothorn|Ferrothorn, F|100/100
|switch|p2a: Sableye|Sableye, F|100/100
|
|upkeep
|turn|49
|
|switch|p1a: Pelipper|Pelipper, M|61/100
|-weather|RainDance|[from] ability: Drizzle|[of] p1a: Pelipper
|move|p2a: Sableye|Will-O-Wisp|p1a: Pelipper|[miss]
|-miss|p2a: Sableye|p1a: Pelipper
|
|-weather|RainDance|[upkeep]
|upkeep
|turn|50
|
|switch|p2a: Toxapex|Toxapex, M|100/100
|move|p1a: Pelipper|Scald|p2a: Toxapex
|-resisted|p2a: Toxapex
|-damage|p2a: Toxapex|82/100
|
|-weather|RainDance|[upkeep]
|upkeep
|turn|51
|
|move|p1a: Pelipper|Scald|p2a: Toxapex
|-resisted|p2a: Toxapex
|-damage|p2a: Toxapex|65/100
|move|p2a: Toxapex|Scald|p1a: Pelipper
|-resisted|p1a: Pelipper
|-damage|p1a: Pelipper|43/100
|
|-weather|RainDance|[upkeep]
|upkeep
|turn|52
|
|move|p1a: Pelipper|Scald|p2a: Toxapex
|-resisted|p2a: Toxapex
|-damage|p2a: Toxapex|49/100
|move|p2a: Toxapex|Toxic Spikes|p1a: Pelipper
|-sidestart|p1: TremendoNoob|move: Toxic Spikes
|
|-weather|RainDance|[upkeep]
|upkeep
|turn|53
|
|switch|p1a: Rotom|Rotom-Wash|64/100 brn
|move|p2a: Toxapex|Scald|p1a: Rotom
|-resisted|p1a: Rotom
|-damage|p1a: Rotom|47/100 brn
|
|-weather|RainDance|[upkeep]
|-damage|p1a: Rotom|41/100 brn|[from] brn
|upkeep
|turn|54
|
|switch|p2a: Umbreon|Umbreon, F|94/100 brn
|move|p1a: Rotom|Trick|p2a: Umbreon
|-activate|p1a: Rotom|move: Trick|[of] p2a: Umbreon
|-item|p2a: Umbreon|Choice Scarf|[from] move: Trick
|-item|p1a: Rotom|Leftovers|[from] move: Trick
|
|-weather|RainDance|[upkeep]
|-heal|p1a: Rotom|47/100 brn|[from] item: Leftovers
|-damage|p1a: Rotom|41/100 brn|[from] brn
|-damage|p2a: Umbreon|88/100 brn|[from] brn
|upkeep
|turn|55
|
|switch|p1a: Corviknight|Corviknight, M|100/100
|-ability|p1a: Corviknight|Pressure
|move|p2a: Umbreon|Foul Play|p1a: Corviknight
|-damage|p1a: Corviknight|87/100
|
|-weather|RainDance|[upkeep]
|-heal|p1a: Corviknight|94/100|[from] item: Leftovers
|-damage|p2a: Umbreon|82/100 brn|[from] brn
|upkeep
|turn|56
|
|switch|p2a: Snorlax|Snorlax, F|100/100
|move|p1a: Corviknight|Defog|p2a: Snorlax
|-unboost|p2a: Snorlax|evasion|1
|-sideend|p1: TremendoNoob|Toxic Spikes|[from] move: Defog|[of] p1a: Corviknight
|
|-weather|none
|-heal|p1a: Corviknight|99/100|[from] item: Leftovers
|upkeep
|turn|57
|
|switch|p1a: Rotom|Rotom-Wash|41/100 brn
|move|p2a: Snorlax|Curse|p2a: Snorlax
|-unboost|p2a: Snorlax|spe|1
|-boost|p2a: Snorlax|atk|1
|-boost|p2a: Snorlax|def|1
|
|-heal|p1a: Rotom|47/100 brn|[from] item: Leftovers
|-damage|p1a: Rotom|41/100 brn|[from] brn
|upkeep
|turn|58
|
|move|p1a: Rotom|Will-O-Wisp|p2a: Snorlax
|-status|p2a: Snorlax|brn
|move|p2a: Snorlax|Body Slam|p1a: Rotom
|-damage|p1a: Rotom|8/100 brn
|
|-heal|p1a: Rotom|14/100 brn|[from] item: Leftovers
|-damage|p1a: Rotom|8/100 brn|[from] brn
|-damage|p2a: Snorlax|94/100 brn|[from] brn
|upkeep
|turn|59
|
|switch|p1a: Pelipper|Pelipper, M|43/100
|-weather|RainDance|[from] ability: Drizzle|[of] p1a: Pelipper
|move|p2a: Snorlax|Curse|p2a: Snorlax
|-unboost|p2a: Snorlax|spe|1
|-boost|p2a: Snorlax|atk|1
|-boost|p2a: Snorlax|def|1
|
|-weather|RainDance|[upkeep]
|-heal|p2a: Snorlax|100/100 brn|[from] item: Leftovers
|-damage|p2a: Snorlax|94/100 brn|[from] brn
|upkeep
|turn|60
|
|move|p1a: Pelipper|Knock Off|p2a: Snorlax
|-damage|p2a: Snorlax|88/100 brn
|-enditem|p2a: Snorlax|Leftovers|[from] move: Knock Off|[of] p1a: Pelipper
|move|p2a: Snorlax|Body Slam|p1a: Pelipper
|-damage|p1a: Pelipper|18/100
|
|-weather|RainDance|[upkeep]
|-damage|p2a: Snorlax|82/100 brn|[from] brn
|upkeep
|turn|61
|
|move|p1a: Pelipper|Roost|p1a: Pelipper
|-heal|p1a: Pelipper|69/100
|-singleturn|p1a: Pelipper|move: Roost
|move|p2a: Snorlax|Curse|p2a: Snorlax
|-unboost|p2a: Snorlax|spe|1
|-boost|p2a: Snorlax|atk|1
|-boost|p2a: Snorlax|def|1
|
|-weather|RainDance|[upkeep]
|-damage|p2a: Snorlax|75/100 brn|[from] brn
|upkeep
|turn|62
|
|move|p1a: Pelipper|Hurricane|p2a: Snorlax
|-damage|p2a: Snorlax|59/100 brn
|move|p2a: Snorlax|Body Slam|p1a: Pelipper
|-damage|p1a: Pelipper|37/100
|
|-weather|RainDance|[upkeep]
|-damage|p2a: Snorlax|53/100 brn|[from] brn
|upkeep
|turn|63
|
|move|p1a: Pelipper|Hurricane|p2a: Snorlax
|-damage|p2a: Snorlax|36/100 brn
|-start|p2a: Snorlax|confusion
|-activate|p2a: Snorlax|confusion
|move|p2a: Snorlax|Rest|p2a: Snorlax
|-status|p2a: Snorlax|slp|[from] move: Rest
|-heal|p2a: Snorlax|100/100 slp|[silent]
|
|-weather|RainDance|[upkeep]
|upkeep
|turn|64
|c|☆TremendoNoob|enjoy the stall men
|n|‽TremendoNoob|tremendonoob
|c|☆BiEla|kkkk
|-message|TremendoNoob forfeited.
|
|win|BiEla
|l|‽TremendoNoob
|raw|TremendoNoob's rating: 1414 → 1393(-21 for losing)
|raw|BiEla's rating: 1393 → 1415(+22 for winning)
