|ScrapeTime|2020-01-02-11:04:36
|j|☆Leoogo
|j|☆Y1Cu9Z
|player|p1|Leoogo|170|1288
|player|p2|Y1Cu9Z|cyclist|1334
|teamsize|p1|6
|teamsize|p2|6
|gametype|singles
|gen|8
|tier|[Gen 8] OU
|rated|
|rule|Sleep Clause Mod: Limit one foe put to sleep
|rule|Species Clause: Limit one of each Pokémon
|rule|OHKO Clause: OHKO moves are banned
|rule|Evasion Moves Clause: Evasion moves are banned
|rule|Endless Battle Clause: Forcing endless battles is banned
|rule|HP Percentage Mod: HP is shown in percentages
|clearpoke
|poke|p1|Corsola-Galar, M|
|poke|p1|Corviknight, F|
|poke|p1|Hatterene, F|
|poke|p1|Dugtrio, M|
|poke|p1|Quagsire, M|
|poke|p1|Seismitoad, M|
|poke|p2|Sirfetch'd, M|
|poke|p2|Dragapult, F|
|poke|p2|Rotom-Heat|
|poke|p2|Cinderace, M|
|poke|p2|Corviknight, M|
|poke|p2|Ferrothorn, M|
|rule|Dynamax Clause: You cannot dynamax
|teampreview
|inactive|Battle timer is ON: inactive players will automatically lose when time's up. (requested by Leoogo)
|
|start
|switch|p1a: Hatterene|Hatterene, F|100/100
|switch|p2a: Dragapult|Dragapult, F|100/100
|turn|1
|
|switch|p1a: Corviknight|Corviknight, F|100/100
|-ability|p1a: Corviknight|Pressure
|move|p2a: Dragapult|Phantom Force||[still]
|-prepare|p2a: Dragapult|Phantom Force|p1a: Corviknight
|
|upkeep
|turn|2
|
|move|p2a: Dragapult|Phantom Force|p1a: Corviknight|[from]lockedmove
|-damage|p1a: Corviknight|65/100
|move|p1a: Corviknight|Bulk Up|p1a: Corviknight
|-boost|p1a: Corviknight|atk|1
|-boost|p1a: Corviknight|def|1
|
|-heal|p1a: Corviknight|71/100|[from] item: Leftovers
|upkeep
|turn|3
|
|switch|p2a: Rotom|Rotom-Heat|100/100
|move|p1a: Corviknight|Brave Bird|p2a: Rotom
|-resisted|p2a: Rotom
|-damage|p2a: Rotom|64/100
|-damage|p1a: Corviknight|63/100|[from] Recoil
|
|-heal|p1a: Corviknight|70/100|[from] item: Leftovers
|upkeep
|turn|4
|
|switch|p1a: Seismitoad|Seismitoad, M|100/100
|move|p2a: Rotom|Trick|p1a: Seismitoad
|-activate|p2a: Rotom|move: Trick|[of] p1a: Seismitoad
|-item|p1a: Seismitoad|Choice Scarf|[from] move: Trick
|-item|p2a: Rotom|Leftovers|[from] move: Trick
|
|-heal|p2a: Rotom|70/100|[from] item: Leftovers
|upkeep
|turn|5
|
|switch|p2a: Ferrothorn|Ferrothorn, M|100/100
|move|p1a: Seismitoad|Scald|p2a: Ferrothorn
|-resisted|p2a: Ferrothorn
|-damage|p2a: Ferrothorn|88/100
|-status|p2a: Ferrothorn|brn
|
|-heal|p2a: Ferrothorn|94/100 brn|[from] item: Leftovers
|-damage|p2a: Ferrothorn|88/100 brn|[from] brn
|upkeep
|turn|6
|
|switch|p1a: Hatterene|Hatterene, F|100/100
|move|p2a: Ferrothorn|Knock Off|p1a: Hatterene
|-damage|p1a: Hatterene|85/100
|-enditem|p1a: Hatterene|Leftovers|[from] move: Knock Off|[of] p2a: Ferrothorn
|
|-heal|p2a: Ferrothorn|94/100 brn|[from] item: Leftovers
|-damage|p2a: Ferrothorn|88/100 brn|[from] brn
|upkeep
|turn|7
|inactive|Y1Cu9Z has 120 seconds left.
|
|switch|p2a: Cinderace|Cinderace, M|100/100
|move|p1a: Hatterene|Calm Mind|p1a: Hatterene
|-boost|p1a: Hatterene|spa|1
|-boost|p1a: Hatterene|spd|1
|
|upkeep
|turn|8
|
|switch|p1a: Seismitoad|Seismitoad, M|100/100
|move|p2a: Cinderace|Pyro Ball|p1a: Seismitoad
|-resisted|p1a: Seismitoad
|-damage|p1a: Seismitoad|70/100
|-status|p1a: Seismitoad|brn
|-damage|p2a: Cinderace|91/100|[from] item: Life Orb
|
|-damage|p1a: Seismitoad|64/100 brn|[from] brn
|upkeep
|turn|9
|
|move|p2a: Cinderace|U-turn|p1a: Seismitoad
|-damage|p1a: Seismitoad|41/100 brn
|-damage|p2a: Cinderace|81/100|[from] item: Life Orb
|
|switch|p2a: Ferrothorn|Ferrothorn, M|88/100 brn|[from]move: U-turn
|move|p1a: Seismitoad|Scald|p2a: Ferrothorn
|-resisted|p2a: Ferrothorn
|-damage|p2a: Ferrothorn|75/100 brn
|
|-heal|p2a: Ferrothorn|82/100 brn|[from] item: Leftovers
|-damage|p1a: Seismitoad|35/100 brn|[from] brn
|-damage|p2a: Ferrothorn|75/100 brn|[from] brn
|upkeep
|turn|10
|
|switch|p1a: Hatterene|Hatterene, F|85/100
|move|p2a: Ferrothorn|Power Whip|p1a: Hatterene
|-damage|p1a: Hatterene|57/100
|
|-heal|p2a: Ferrothorn|82/100 brn|[from] item: Leftovers
|-damage|p2a: Ferrothorn|75/100 brn|[from] brn
|upkeep
|turn|11
|
|move|p1a: Hatterene|Draining Kiss|p2a: Ferrothorn
|-resisted|p2a: Ferrothorn
|-damage|p2a: Ferrothorn|62/100 brn
|-heal|p1a: Hatterene|67/100|[from] drain|[of] p2a: Ferrothorn
|-damage|p1a: Hatterene|54/100|[from] ability: Iron Barbs|[of] p2a: Ferrothorn
|move|p2a: Ferrothorn|Gyro Ball|p1a: Hatterene
|-supereffective|p1a: Hatterene
|-damage|p1a: Hatterene|25/100
|
|-heal|p2a: Ferrothorn|68/100 brn|[from] item: Leftovers
|-damage|p2a: Ferrothorn|62/100 brn|[from] brn
|upkeep
|turn|12
|
|move|p1a: Hatterene|Mystical Fire|p2a: Ferrothorn
|-supereffective|p2a: Ferrothorn
|-damage|p2a: Ferrothorn|0 fnt
|faint|p2a: Ferrothorn
|
|upkeep
|inactive|Y1Cu9Z has 120 seconds left.
|
|switch|p2a: Cinderace|Cinderace, M|81/100
|turn|13
|
|switch|p1a: Seismitoad|Seismitoad, M|35/100 brn
|move|p2a: Cinderace|Pyro Ball|p1a: Seismitoad|[miss]
|-miss|p2a: Cinderace|p1a: Seismitoad
|
|-damage|p1a: Seismitoad|29/100 brn|[from] brn
|upkeep
|turn|14
|
|move|p2a: Cinderace|Pyro Ball|p1a: Seismitoad
|-resisted|p1a: Seismitoad
|-damage|p1a: Seismitoad|2/100 brn
|-damage|p2a: Cinderace|71/100|[from] item: Life Orb
|move|p1a: Seismitoad|Scald|p2a: Cinderace
|-supereffective|p2a: Cinderace
|-damage|p2a: Cinderace|5/100
|
|-damage|p1a: Seismitoad|0 fnt|[from] brn
|faint|p1a: Seismitoad
|upkeep
|
|switch|p1a: Dugtrio|Dugtrio, M|100/100
|turn|15
|
|move|p2a: Cinderace|Sucker Punch|p1a: Dugtrio
|-damage|p1a: Dugtrio|7/100
|-damage|p2a: Cinderace|0 fnt|[from] item: Life Orb
|faint|p2a: Cinderace
|move|p1a: Dugtrio|Earthquake|p2: Cinderace|[notarget]
|-fail|p1a: Dugtrio
|
|upkeep
|
|switch|p2a: Dragapult|Dragapult, F|100/100
|turn|16
|
|move|p1a: Dugtrio|Sucker Punch|p2a: Dragapult
|-supereffective|p2a: Dragapult
|-damage|p2a: Dragapult|41/100
|move|p2a: Dragapult|U-turn|p1a: Dugtrio
|-damage|p1a: Dugtrio|0 fnt
|faint|p1a: Dugtrio
|
|switch|p2a: Corviknight|Corviknight, M|100/100|[from]move: U-turn
|
|upkeep
|
|switch|p1a: Hatterene|Hatterene, F|25/100
|turn|17
|
|move|p2a: Corviknight|Brave Bird|p1a: Hatterene
|-damage|p1a: Hatterene|0 fnt
|-damage|p2a: Corviknight|93/100|[from] Recoil
|faint|p1a: Hatterene
|
|-heal|p2a: Corviknight|99/100|[from] item: Leftovers
|upkeep
|
|switch|p1a: Corsola|Corsola-Galar, M|100/100
|turn|18
|
|move|p2a: Corviknight|Substitute|p2a: Corviknight
|-start|p2a: Corviknight|Substitute
|-damage|p2a: Corviknight|74/100
|move|p1a: Corsola|Will-O-Wisp||[still]
|-fail|p1a: Corsola
|
|-heal|p2a: Corviknight|80/100|[from] item: Leftovers
|upkeep
|turn|19
|
|move|p2a: Corviknight|Bulk Up|p2a: Corviknight
|-boost|p2a: Corviknight|atk|1
|-boost|p2a: Corviknight|def|1
|move|p1a: Corsola|Night Shade|p2a: Corviknight
|-end|p2a: Corviknight|Substitute
|
|-heal|p2a: Corviknight|87/100|[from] item: Leftovers
|upkeep
|turn|20
|
|move|p2a: Corviknight|Brave Bird|p1a: Corsola
|-damage|p1a: Corsola|63/100
|-damage|p2a: Corviknight|75/100|[from] Recoil
|move|p1a: Corsola|Night Shade|p2a: Corviknight
|-damage|p2a: Corviknight|45/100
|
|-heal|p2a: Corviknight|51/100|[from] item: Leftovers
|upkeep
|turn|21
|
|move|p2a: Corviknight|Substitute|p2a: Corviknight
|-start|p2a: Corviknight|Substitute
|-damage|p2a: Corviknight|27/100
|move|p1a: Corsola|Night Shade|p2a: Corviknight
|-end|p2a: Corviknight|Substitute
|
|-heal|p2a: Corviknight|33/100|[from] item: Leftovers
|upkeep
|turn|22
|
|move|p2a: Corviknight|Roost|p2a: Corviknight
|-heal|p2a: Corviknight|83/100
|-singleturn|p2a: Corviknight|move: Roost
|move|p1a: Corsola|Will-O-Wisp|p2a: Corviknight|[miss]
|-miss|p1a: Corsola|p2a: Corviknight
|
|-heal|p2a: Corviknight|89/100|[from] item: Leftovers
|upkeep
|turn|23
|
|move|p2a: Corviknight|Bulk Up|p2a: Corviknight
|-boost|p2a: Corviknight|atk|1
|-boost|p2a: Corviknight|def|1
|move|p1a: Corsola|Strength Sap|p2a: Corviknight
|-ability|p2a: Corviknight|Mirror Armor
|-unboost|p1a: Corsola|atk|1
|-heal|p1a: Corsola|100/100
|
|-heal|p2a: Corviknight|95/100|[from] item: Leftovers
|upkeep
|turn|24
|
|move|p2a: Corviknight|Substitute|p2a: Corviknight
|-start|p2a: Corviknight|Substitute
|-damage|p2a: Corviknight|70/100
|move|p1a: Corsola|Night Shade|p2a: Corviknight
|-end|p2a: Corviknight|Substitute
|
|-heal|p2a: Corviknight|77/100|[from] item: Leftovers
|upkeep
|turn|25
|
|move|p2a: Corviknight|Bulk Up|p2a: Corviknight
|-boost|p2a: Corviknight|atk|1
|-boost|p2a: Corviknight|def|1
|move|p1a: Corsola|Will-O-Wisp|p2a: Corviknight
|-status|p2a: Corviknight|brn
|
|-heal|p2a: Corviknight|83/100 brn|[from] item: Leftovers
|-damage|p2a: Corviknight|77/100 brn|[from] brn
|upkeep
|turn|26
|
|move|p2a: Corviknight|Bulk Up|p2a: Corviknight
|-boost|p2a: Corviknight|atk|1
|-boost|p2a: Corviknight|def|1
|move|p1a: Corsola|Stealth Rock|p2a: Corviknight
|-sidestart|p2: Y1Cu9Z|move: Stealth Rock
|
|-heal|p2a: Corviknight|83/100 brn|[from] item: Leftovers
|-damage|p2a: Corviknight|77/100 brn|[from] brn
|upkeep
|turn|27
|
|switch|p1a: Quagsire|Quagsire, M|100/100
|move|p2a: Corviknight|Brave Bird|p1a: Quagsire
|-damage|p1a: Quagsire|84/100
|-damage|p2a: Corviknight|70/100 brn|[from] Recoil
|
|-heal|p2a: Corviknight|77/100 brn|[from] item: Leftovers
|-heal|p1a: Quagsire|90/100|[from] item: Leftovers
|-damage|p2a: Corviknight|70/100 brn|[from] brn
|upkeep
|turn|28
|
|switch|p2a: Dragapult|Dragapult, F|41/100
|-damage|p2a: Dragapult|29/100|[from] Stealth Rock
|move|p1a: Quagsire|Scald|p2a: Dragapult
|-resisted|p2a: Dragapult
|-damage|p2a: Dragapult|18/100
|
|-heal|p1a: Quagsire|96/100|[from] item: Leftovers
|upkeep
|turn|29
|
|move|p2a: Dragapult|Dragon Darts|p1a: Quagsire
|-damage|p1a: Quagsire|80/100
|-damage|p1a: Quagsire|63/100
|-hitcount|p1a: Quagsire|2
|move|p1a: Quagsire|Earthquake|p2a: Dragapult
|-damage|p2a: Dragapult|0 fnt
|faint|p2a: Dragapult
|
|-heal|p1a: Quagsire|69/100|[from] item: Leftovers
|upkeep
|
|switch|p2a: Sirfetch'd|Sirfetch'd, M|100/100
|-damage|p2a: Sirfetch'd|94/100|[from] Stealth Rock
|turn|30
|
|switch|p1a: Corsola|Corsola-Galar, M|100/100
|move|p2a: Sirfetch'd|Leaf Blade|p1a: Corsola
|-crit|p1a: Corsola
|-damage|p1a: Corsola|75/100
|
|upkeep
|turn|31
|
|move|p2a: Sirfetch'd|Knock Off|p1a: Corsola
|-supereffective|p1a: Corsola
|-crit|p1a: Corsola
|-damage|p1a: Corsola|13/100
|-start|p2a: Sirfetch'd|Disable|Knock Off|[from] ability: Cursed Body|[of] p1a: Corsola
|-enditem|p1a: Corsola|Eviolite|[from] move: Knock Off|[of] p2a: Sirfetch'd
|move|p1a: Corsola|Strength Sap|p2a: Sirfetch'd
|-unboost|p2a: Sirfetch'd|atk|1
|-heal|p1a: Corsola|100/100
|
|upkeep
|turn|32
|
|switch|p2a: Corviknight|Corviknight, M|70/100 brn
|-damage|p2a: Corviknight|58/100 brn|[from] Stealth Rock
|move|p1a: Corsola|Will-O-Wisp|p2a: Corviknight
|-fail|p2a: Corviknight|brn
|
|-heal|p2a: Corviknight|64/100 brn|[from] item: Leftovers
|-damage|p2a: Corviknight|58/100 brn|[from] brn
|upkeep
|turn|33
|
|move|p2a: Corviknight|Roost|p2a: Corviknight
|-heal|p2a: Corviknight|100/100 brn
|-singleturn|p2a: Corviknight|move: Roost
|move|p1a: Corsola|Night Shade|p2a: Corviknight
|-damage|p2a: Corviknight|71/100 brn
|
|-heal|p2a: Corviknight|77/100 brn|[from] item: Leftovers
|-damage|p2a: Corviknight|71/100 brn|[from] brn
|upkeep
|turn|34
|
|switch|p1a: Quagsire|Quagsire, M|69/100
|move|p2a: Corviknight|Brave Bird|p1a: Quagsire
|-damage|p1a: Quagsire|53/100
|-damage|p2a: Corviknight|64/100 brn|[from] Recoil
|
|-heal|p2a: Corviknight|71/100 brn|[from] item: Leftovers
|-heal|p1a: Quagsire|59/100|[from] item: Leftovers
|-damage|p2a: Corviknight|64/100 brn|[from] brn
|upkeep
|turn|35
|
|move|p2a: Corviknight|Brave Bird|p1a: Quagsire
|-damage|p1a: Quagsire|42/100
|-damage|p2a: Corviknight|58/100 brn|[from] Recoil
|move|p1a: Quagsire|Scald|p2a: Corviknight
|-damage|p2a: Corviknight|37/100 brn
|
|-heal|p2a: Corviknight|43/100 brn|[from] item: Leftovers
|-heal|p1a: Quagsire|48/100|[from] item: Leftovers
|-damage|p2a: Corviknight|37/100 brn|[from] brn
|upkeep
|turn|36
|
|move|p2a: Corviknight|Brave Bird|p1a: Quagsire
|-damage|p1a: Quagsire|33/100
|-damage|p2a: Corviknight|31/100 brn|[from] Recoil
|move|p1a: Quagsire|Earthquake|p2a: Corviknight
|-immune|p2a: Corviknight
|
|-heal|p2a: Corviknight|37/100 brn|[from] item: Leftovers
|-heal|p1a: Quagsire|39/100|[from] item: Leftovers
|-damage|p2a: Corviknight|31/100 brn|[from] brn
|upkeep
|turn|37
|
|move|p2a: Corviknight|Roost|p2a: Corviknight
|-heal|p2a: Corviknight|81/100 brn
|-singleturn|p2a: Corviknight|move: Roost
|move|p1a: Quagsire|Earthquake|p2a: Corviknight
|-supereffective|p2a: Corviknight
|-damage|p2a: Corviknight|37/100 brn
|
|-heal|p2a: Corviknight|44/100 brn|[from] item: Leftovers
|-heal|p1a: Quagsire|45/100|[from] item: Leftovers
|-damage|p2a: Corviknight|37/100 brn|[from] brn
|upkeep
|turn|38
|
|move|p2a: Corviknight|Brave Bird|p1a: Quagsire
|-damage|p1a: Quagsire|28/100
|-damage|p2a: Corviknight|31/100 brn|[from] Recoil
|move|p1a: Quagsire|Scald|p2a: Corviknight
|-damage|p2a: Corviknight|11/100 brn
|
|-heal|p2a: Corviknight|18/100 brn|[from] item: Leftovers
|-heal|p1a: Quagsire|35/100|[from] item: Leftovers
|-damage|p2a: Corviknight|11/100 brn|[from] brn
|upkeep
|turn|39
|
|move|p2a: Corviknight|Brave Bird|p1a: Quagsire
|-damage|p1a: Quagsire|17/100
|-damage|p2a: Corviknight|5/100 brn|[from] Recoil
|move|p1a: Quagsire|Earthquake|p2a: Corviknight
|-immune|p2a: Corviknight
|
|-heal|p2a: Corviknight|11/100 brn|[from] item: Leftovers
|-heal|p1a: Quagsire|23/100|[from] item: Leftovers
|-damage|p2a: Corviknight|5/100 brn|[from] brn
|upkeep
|turn|40
|
|move|p2a: Corviknight|Roost|p2a: Corviknight
|-heal|p2a: Corviknight|55/100 brn
|-singleturn|p2a: Corviknight|move: Roost
|move|p1a: Quagsire|Earthquake|p2a: Corviknight
|-supereffective|p2a: Corviknight
|-damage|p2a: Corviknight|15/100 brn
|
|-heal|p2a: Corviknight|21/100 brn|[from] item: Leftovers
|-heal|p1a: Quagsire|29/100|[from] item: Leftovers
|-damage|p2a: Corviknight|15/100 brn|[from] brn
|upkeep
|turn|41
|
|move|p2a: Corviknight|Roost|p2a: Corviknight
|-heal|p2a: Corviknight|65/100 brn
|-singleturn|p2a: Corviknight|move: Roost
|move|p1a: Quagsire|Recover|p1a: Quagsire
|-heal|p1a: Quagsire|79/100
|
|-heal|p2a: Corviknight|71/100 brn|[from] item: Leftovers
|-heal|p1a: Quagsire|85/100|[from] item: Leftovers
|-damage|p2a: Corviknight|65/100 brn|[from] brn
|upkeep
|turn|42
|
|move|p2a: Corviknight|Bulk Up|p2a: Corviknight
|-boost|p2a: Corviknight|atk|1
|-boost|p2a: Corviknight|def|1
|move|p1a: Quagsire|Scald|p2a: Corviknight
|-damage|p2a: Corviknight|45/100 brn
|
|-heal|p2a: Corviknight|51/100 brn|[from] item: Leftovers
|-heal|p1a: Quagsire|91/100|[from] item: Leftovers
|-damage|p2a: Corviknight|45/100 brn|[from] brn
|upkeep
|turn|43
|
|move|p2a: Corviknight|Brave Bird|p1a: Quagsire
|-damage|p1a: Quagsire|75/100
|-damage|p2a: Corviknight|38/100 brn|[from] Recoil
|move|p1a: Quagsire|Scald|p2a: Corviknight
|-damage|p2a: Corviknight|18/100 brn
|
|-heal|p2a: Corviknight|24/100 brn|[from] item: Leftovers
|-heal|p1a: Quagsire|81/100|[from] item: Leftovers
|-damage|p2a: Corviknight|18/100 brn|[from] brn
|upkeep
|turn|44
|
|move|p2a: Corviknight|Roost|p2a: Corviknight
|-heal|p2a: Corviknight|68/100 brn
|-singleturn|p2a: Corviknight|move: Roost
|move|p1a: Quagsire|Earthquake|p2a: Corviknight
|-supereffective|p2a: Corviknight
|-damage|p2a: Corviknight|28/100 brn
|
|-heal|p2a: Corviknight|34/100 brn|[from] item: Leftovers
|-heal|p1a: Quagsire|87/100|[from] item: Leftovers
|-damage|p2a: Corviknight|28/100 brn|[from] brn
|upkeep
|turn|45
|
|move|p2a: Corviknight|Roost|p2a: Corviknight
|-heal|p2a: Corviknight|78/100 brn
|-singleturn|p2a: Corviknight|move: Roost
|move|p1a: Quagsire|Earthquake|p2a: Corviknight
|-supereffective|p2a: Corviknight
|-damage|p2a: Corviknight|35/100 brn
|
|-heal|p2a: Corviknight|41/100 brn|[from] item: Leftovers
|-heal|p1a: Quagsire|93/100|[from] item: Leftovers
|-damage|p2a: Corviknight|35/100 brn|[from] brn
|upkeep
|turn|46
|
|move|p2a: Corviknight|Brave Bird|p1a: Quagsire
|-damage|p1a: Quagsire|77/100
|-damage|p2a: Corviknight|28/100 brn|[from] Recoil
|move|p1a: Quagsire|Scald|p2a: Corviknight
|-damage|p2a: Corviknight|8/100 brn
|
|-heal|p2a: Corviknight|14/100 brn|[from] item: Leftovers
|-heal|p1a: Quagsire|83/100|[from] item: Leftovers
|-damage|p2a: Corviknight|8/100 brn|[from] brn
|upkeep
|turn|47
|
|move|p2a: Corviknight|Brave Bird|p1a: Quagsire
|-damage|p1a: Quagsire|65/100
|-damage|p2a: Corviknight|1/100 brn|[from] Recoil
|move|p1a: Quagsire|Earthquake|p2a: Corviknight
|-immune|p2a: Corviknight
|
|-heal|p2a: Corviknight|7/100 brn|[from] item: Leftovers
|-heal|p1a: Quagsire|71/100|[from] item: Leftovers
|-damage|p2a: Corviknight|1/100 brn|[from] brn
|upkeep
|turn|48
|inactive|Y1Cu9Z has 120 seconds left.
|
|move|p2a: Corviknight|Roost|p2a: Corviknight
|-heal|p2a: Corviknight|51/100 brn
|-singleturn|p2a: Corviknight|move: Roost
|move|p1a: Quagsire|Earthquake|p2a: Corviknight
|-supereffective|p2a: Corviknight
|-damage|p2a: Corviknight|6/100 brn
|
|-heal|p2a: Corviknight|13/100 brn|[from] item: Leftovers
|-heal|p1a: Quagsire|77/100|[from] item: Leftovers
|-damage|p2a: Corviknight|6/100 brn|[from] brn
|upkeep
|turn|49
|inactive|Y1Cu9Z has 120 seconds left.
|
|move|p2a: Corviknight|Roost|p2a: Corviknight
|-heal|p2a: Corviknight|56/100 brn
|-singleturn|p2a: Corviknight|move: Roost
|move|p1a: Quagsire|Scald|p2a: Corviknight
|-damage|p2a: Corviknight|37/100 brn
|
|-heal|p2a: Corviknight|43/100 brn|[from] item: Leftovers
|-heal|p1a: Quagsire|83/100|[from] item: Leftovers
|-damage|p2a: Corviknight|37/100 brn|[from] brn
|upkeep
|turn|50
|inactive|Y1Cu9Z has 120 seconds left.
|
|move|p2a: Corviknight|Brave Bird|p1a: Quagsire
|-damage|p1a: Quagsire|67/100
|-damage|p2a: Corviknight|31/100 brn|[from] Recoil
|move|p1a: Quagsire|Scald|p2a: Corviknight
|-damage|p2a: Corviknight|8/100 brn
|
|-heal|p2a: Corviknight|15/100 brn|[from] item: Leftovers
|-heal|p1a: Quagsire|73/100|[from] item: Leftovers
|-damage|p2a: Corviknight|8/100 brn|[from] brn
|upkeep
|turn|51
|inactive|Y1Cu9Z has 120 seconds left.
|
|move|p2a: Corviknight|Roost|p2a: Corviknight
|-heal|p2a: Corviknight|58/100 brn
|-singleturn|p2a: Corviknight|move: Roost
|move|p1a: Quagsire|Scald|p2a: Corviknight
|-damage|p2a: Corviknight|37/100 brn
|
|-heal|p2a: Corviknight|43/100 brn|[from] item: Leftovers
|-heal|p1a: Quagsire|79/100|[from] item: Leftovers
|-damage|p2a: Corviknight|37/100 brn|[from] brn
|upkeep
|turn|52
|inactive|Y1Cu9Z has 120 seconds left.
|
|move|p2a: Corviknight|Brave Bird|p1a: Quagsire
|-damage|p1a: Quagsire|62/100
|-damage|p2a: Corviknight|30/100 brn|[from] Recoil
|move|p1a: Quagsire|Earthquake|p2a: Corviknight
|-immune|p2a: Corviknight
|
|-heal|p2a: Corviknight|36/100 brn|[from] item: Leftovers
|-heal|p1a: Quagsire|68/100|[from] item: Leftovers
|-damage|p2a: Corviknight|30/100 brn|[from] brn
|upkeep
|turn|53
|inactive|Y1Cu9Z has 120 seconds left.
|
|move|p2a: Corviknight|Brave Bird|p1a: Quagsire
|-damage|p1a: Quagsire|50/100
|-damage|p2a: Corviknight|23/100 brn|[from] Recoil
|move|p1a: Quagsire|Scald|p2a: Corviknight
|-damage|p2a: Corviknight|2/100 brn
|
|-heal|p2a: Corviknight|8/100 brn|[from] item: Leftovers
|-heal|p1a: Quagsire|56/100|[from] item: Leftovers
|-damage|p2a: Corviknight|2/100 brn|[from] brn
|upkeep
|turn|54
|inactive|Y1Cu9Z has 120 seconds left.
|
|move|p2a: Corviknight|Brave Bird|p1a: Quagsire
|-damage|p1a: Quagsire|40/100
|-damage|p2a: Corviknight|0 fnt|[from] Recoil
|faint|p2a: Corviknight
|move|p1a: Quagsire|Scald|p2: Corviknight|[notarget]
|-fail|p1a: Quagsire
|
|-heal|p1a: Quagsire|46/100|[from] item: Leftovers
|upkeep
|
|switch|p2a: Sirfetch'd|Sirfetch'd, M|94/100
|-damage|p2a: Sirfetch'd|88/100|[from] Stealth Rock
|turn|55
|
|switch|p1a: Corsola|Corsola-Galar, M|100/100
|move|p2a: Sirfetch'd|Close Combat|p1a: Corsola
|-crit|p1a: Corsola
|-damage|p1a: Corsola|25/100
|-unboost|p2a: Sirfetch'd|def|1
|-unboost|p2a: Sirfetch'd|spd|1
|
|upkeep
|turn|56
|
|move|p2a: Sirfetch'd|Close Combat|p1a: Corsola
|-damage|p1a: Corsola|0 fnt
|-start|p2a: Sirfetch'd|Disable|Close Combat|[from] ability: Cursed Body|[of] p1a: Corsola
|-unboost|p2a: Sirfetch'd|def|1
|-unboost|p2a: Sirfetch'd|spd|1
|faint|p1a: Corsola
|
|upkeep
|
|switch|p1a: Corviknight|Corviknight, F|70/100
|-ability|p1a: Corviknight|Pressure
|turn|57
|c|☆Y1Cu9Z|压你血
|
|switch|p2a: Rotom|Rotom-Heat|70/100
|-damage|p2a: Rotom|45/100|[from] Stealth Rock
|move|p1a: Corviknight|Roost|p1a: Corviknight
|-heal|p1a: Corviknight|100/100
|-singleturn|p1a: Corviknight|move: Roost
|
|-heal|p2a: Rotom|51/100|[from] item: Leftovers
|upkeep
|turn|58
|inactive|Y1Cu9Z has 120 seconds left.
|
|switch|p1a: Quagsire|Quagsire, M|46/100
|move|p2a: Rotom|Overheat|p1a: Quagsire|[miss]
|-miss|p2a: Rotom|p1a: Quagsire
|
|-heal|p2a: Rotom|58/100|[from] item: Leftovers
|-heal|p1a: Quagsire|52/100|[from] item: Leftovers
|upkeep
|turn|59
|
|switch|p2a: Sirfetch'd|Sirfetch'd, M|88/100
|-damage|p2a: Sirfetch'd|82/100|[from] Stealth Rock
|move|p1a: Quagsire|Scald|p2a: Sirfetch'd
|-damage|p2a: Sirfetch'd|58/100
|
|-heal|p1a: Quagsire|58/100|[from] item: Leftovers
|upkeep
|turn|60
|
|switch|p1a: Corviknight|Corviknight, F|100/100
|-ability|p1a: Corviknight|Pressure
|move|p2a: Sirfetch'd|Close Combat|p1a: Corviknight
|-crit|p1a: Corviknight
|-damage|p1a: Corviknight|10/100
|-unboost|p2a: Sirfetch'd|def|1
|-unboost|p2a: Sirfetch'd|spd|1
|
|-heal|p1a: Corviknight|16/100|[from] item: Leftovers
|upkeep
|turn|61
|
|move|p1a: Corviknight|Roost|p1a: Corviknight
|-heal|p1a: Corviknight|66/100
|-singleturn|p1a: Corviknight|move: Roost
|move|p2a: Sirfetch'd|Close Combat|p1a: Corviknight
|-supereffective|p1a: Corviknight
|-damage|p1a: Corviknight|0 fnt
|-unboost|p2a: Sirfetch'd|def|1
|-unboost|p2a: Sirfetch'd|spd|1
|faint|p1a: Corviknight
|
|upkeep
|
|switch|p1a: Quagsire|Quagsire, M|58/100
|turn|62
|c|☆Y1Cu9Z|good game
|
|move|p2a: Sirfetch'd|Leaf Blade|p1a: Quagsire
|-supereffective|p1a: Quagsire
|-crit|p1a: Quagsire
|-damage|p1a: Quagsire|0 fnt
|faint|p1a: Quagsire
|
|win|Y1Cu9Z
|raw|Leoogo's rating: 1288 → 1267(-21 for losing)
|raw|Y1Cu9Z's rating: 1334 → 1352(+18 for winning)
