|ScrapeTime|2020-01-01-17:55:31
|j|☆D47K/H347T
|j|☆TheUnbeatableLeon
|player|p1|D47K/H347T|plasmagruntf-gen5bw|1240
|player|p2|TheUnbeatableLeon|265|1265
|teamsize|p1|6
|teamsize|p2|6
|gametype|singles
|gen|8
|tier|[Gen 8] OU
|rated|
|rule|Sleep Clause Mod: Limit one foe put to sleep
|rule|Species Clause: Limit one of each Pokémon
|rule|OHKO Clause: OHKO moves are banned
|rule|Evasion Moves Clause: Evasion moves are banned
|rule|Endless Battle Clause: Forcing endless battles is banned
|rule|HP Percentage Mod: HP is shown in percentages
|clearpoke
|poke|p1|Hatterene, F|
|poke|p1|Jellicent, M|
|poke|p1|Hydreigon, M|
|poke|p1|Ninjask, F|
|poke|p1|Tsareena, F|
|poke|p1|Mimikyu, M|
|poke|p2|Ferrothorn, F|
|poke|p2|Tyranitar, F|
|poke|p2|Dragapult, M|
|poke|p2|Gyarados, M|
|poke|p2|Excadrill, F|
|poke|p2|Cinderace, F|
|rule|Dynamax Clause: You cannot dynamax
|teampreview
|
|start
|switch|p1a: Strife|Hydreigon, M|100/100
|switch|p2a: Tyranitar|Tyranitar, F, shiny|100/100
|-weather|Sandstorm|[from] ability: Sand Stream|[of] p2a: Tyranitar
|turn|1
|
|move|p1a: Strife|U-turn|p2a: Tyranitar
|-supereffective|p2a: Tyranitar
|-damage|p2a: Tyranitar|77/100
|
|switch|p1a: Poivreine|Tsareena, F, shiny|100/100|[from]move: U-turn
|move|p2a: Tyranitar|Stone Edge|p1a: Poivreine|[miss]
|-miss|p2a: Tyranitar|p1a: Poivreine
|
|-weather|Sandstorm|[upkeep]
|-damage|p1a: Poivreine|94/100|[from] Sandstorm
|upkeep
|turn|2
|
|switch|p2a: Ferrothorn|Ferrothorn, F, shiny|100/100
|move|p1a: Poivreine|Power Whip|p2a: Ferrothorn
|-resisted|p2a: Ferrothorn
|-damage|p2a: Ferrothorn|94/100
|-damage|p1a: Poivreine|82/100|[from] ability: Iron Barbs|[of] p2a: Ferrothorn
|-damage|p1a: Poivreine|66/100|[from] item: Rocky Helmet|[of] p2a: Ferrothorn
|
|-weather|Sandstorm|[upkeep]
|-damage|p1a: Poivreine|60/100|[from] Sandstorm
|upkeep
|turn|3
|
|move|p1a: Poivreine|High Jump Kick|p2a: Ferrothorn
|-supereffective|p2a: Ferrothorn
|-damage|p2a: Ferrothorn|52/100
|-damage|p1a: Poivreine|47/100|[from] ability: Iron Barbs|[of] p2a: Ferrothorn
|-damage|p1a: Poivreine|31/100|[from] item: Rocky Helmet|[of] p2a: Ferrothorn
|move|p2a: Ferrothorn|Stealth Rock|p1a: Poivreine
|-sidestart|p1: D47K/H347T|move: Stealth Rock
|
|-weather|Sandstorm|[upkeep]
|-damage|p1a: Poivreine|25/100|[from] Sandstorm
|upkeep
|turn|4
|
|switch|p2a: Dragapult|Dragapult, M|100/100
|move|p1a: Poivreine|Rapid Spin|p2a: Dragapult
|-immune|p2a: Dragapult
|
|-weather|Sandstorm|[upkeep]
|-damage|p2a: Dragapult|95/100|[from] Sandstorm
|-damage|p1a: Poivreine|19/100|[from] Sandstorm
|upkeep
|turn|5
|
|move|p2a: Dragapult|Shadow Ball|p1a: Poivreine
|-damage|p1a: Poivreine|0 fnt
|-damage|p2a: Dragapult|85/100|[from] item: Life Orb
|faint|p1a: Poivreine
|
|-weather|none
|upkeep
|
|switch|p1a: Strife|Hydreigon, M|100/100
|-damage|p1a: Strife|88/100|[from] Stealth Rock
|turn|6
|
|move|p1a: Strife|Dark Pulse|p2a: Dragapult
|-supereffective|p2a: Dragapult
|-damage|p2a: Dragapult|0 fnt
|faint|p2a: Dragapult
|
|upkeep
|
|switch|p2a: Tyranitar|Tyranitar, F, shiny|77/100
|-weather|Sandstorm|[from] ability: Sand Stream|[of] p2a: Tyranitar
|turn|7
|
|switch|p1a: Pringles|Jellicent, M|100/100
|-damage|p1a: Pringles|88/100|[from] Stealth Rock
|move|p2a: Tyranitar|Stone Edge|p1a: Pringles
|-damage|p1a: Pringles|55/100
|
|-weather|Sandstorm|[upkeep]
|-damage|p1a: Pringles|49/100|[from] Sandstorm
|-heal|p1a: Pringles|55/100|[from] item: Leftovers
|upkeep
|turn|8
|inactive|Battle timer is ON: inactive players will automatically lose when time's up. (requested by D47K/H347T)
|
|switch|p2a: Ferrothorn|Ferrothorn, F, shiny|52/100
|move|p1a: Pringles|Strength Sap|p2a: Ferrothorn
|-unboost|p2a: Ferrothorn|atk|1
|-heal|p1a: Pringles|100/100
|
|-weather|Sandstorm|[upkeep]
|-damage|p1a: Pringles|94/100|[from] Sandstorm
|-heal|p1a: Pringles|100/100|[from] item: Leftovers
|upkeep
|turn|9
|
|move|p1a: Pringles|Will-O-Wisp|p2a: Ferrothorn|[miss]
|-miss|p1a: Pringles|p2a: Ferrothorn
|move|p2a: Ferrothorn|Leech Seed|p1a: Pringles|[miss]
|-miss|p2a: Ferrothorn|p1a: Pringles
|
|-weather|Sandstorm|[upkeep]
|-damage|p1a: Pringles|94/100|[from] Sandstorm
|-heal|p1a: Pringles|100/100|[from] item: Leftovers
|upkeep
|turn|10
|
|move|p1a: Pringles|Will-O-Wisp|p2a: Ferrothorn
|-status|p2a: Ferrothorn|brn
|move|p2a: Ferrothorn|Power Whip|p1a: Pringles
|-supereffective|p1a: Pringles
|-damage|p1a: Pringles|79/100
|
|-weather|Sandstorm|[upkeep]
|-damage|p1a: Pringles|73/100|[from] Sandstorm
|-heal|p1a: Pringles|79/100|[from] item: Leftovers
|-damage|p2a: Ferrothorn|45/100 brn|[from] brn
|upkeep
|turn|11
|
|move|p1a: Pringles|Hex|p2a: Ferrothorn
|-damage|p2a: Ferrothorn|14/100 brn
|move|p2a: Ferrothorn|Leech Seed|p1a: Pringles|[miss]
|-miss|p2a: Ferrothorn|p1a: Pringles
|
|-weather|none
|-heal|p1a: Pringles|85/100|[from] item: Leftovers
|-damage|p2a: Ferrothorn|8/100 brn|[from] brn
|upkeep
|turn|12
|
|switch|p2a: Tyranitar|Tyranitar, F, shiny|77/100
|-weather|Sandstorm|[from] ability: Sand Stream|[of] p2a: Tyranitar
|move|p1a: Pringles|Hex|p2a: Tyranitar
|-resisted|p2a: Tyranitar
|-damage|p2a: Tyranitar|74/100
|
|-weather|Sandstorm|[upkeep]
|-damage|p1a: Pringles|79/100|[from] Sandstorm
|-heal|p1a: Pringles|85/100|[from] item: Leftovers
|upkeep
|turn|13
|
|move|p1a: Pringles|Strength Sap|p2a: Tyranitar
|-unboost|p2a: Tyranitar|atk|1
|-heal|p1a: Pringles|100/100
|move|p2a: Tyranitar|Crunch|p1a: Pringles
|-supereffective|p1a: Pringles
|-damage|p1a: Pringles|61/100
|
|-weather|Sandstorm|[upkeep]
|-damage|p1a: Pringles|55/100|[from] Sandstorm
|-heal|p1a: Pringles|61/100|[from] item: Leftovers
|upkeep
|turn|14
|
|switch|p2a: Cinderace|Cinderace, F|100/100
|move|p1a: Pringles|Will-O-Wisp|p2a: Cinderace
|-immune|p2a: Cinderace
|
|-weather|Sandstorm|[upkeep]
|-damage|p2a: Cinderace|95/100|[from] Sandstorm
|-damage|p1a: Pringles|55/100|[from] Sandstorm
|-heal|p1a: Pringles|61/100|[from] item: Leftovers
|upkeep
|turn|15
|
|move|p2a: Cinderace|Pyro Ball|p1a: Pringles
|-resisted|p1a: Pringles
|-damage|p1a: Pringles|40/100
|move|p1a: Pringles|Strength Sap|p2a: Cinderace
|-unboost|p2a: Cinderace|atk|1
|-heal|p1a: Pringles|100/100
|
|-weather|Sandstorm|[upkeep]
|-damage|p2a: Cinderace|89/100|[from] Sandstorm
|-damage|p1a: Pringles|94/100|[from] Sandstorm
|-heal|p1a: Pringles|100/100|[from] item: Leftovers
|upkeep
|turn|16
|
|switch|p2a: Excadrill|Excadrill, F|100/100
|-item|p2a: Excadrill|Air Balloon
|move|p1a: Pringles|Scald|p2a: Excadrill
|-supereffective|p2a: Excadrill
|-damage|p2a: Excadrill|36/100
|-enditem|p2a: Excadrill|Air Balloon
|
|-weather|none
|upkeep
|turn|17
|
|move|p2a: Excadrill|Earthquake|p1a: Pringles
|-damage|p1a: Pringles|53/100
|move|p1a: Pringles|Strength Sap|p2a: Excadrill
|-unboost|p2a: Excadrill|atk|1
|-heal|p1a: Pringles|100/100
|
|upkeep
|turn|18
|
|switch|p2a: Tyranitar|Tyranitar, F, shiny|74/100
|-weather|Sandstorm|[from] ability: Sand Stream|[of] p2a: Tyranitar
|move|p1a: Pringles|Strength Sap|p2a: Tyranitar
|-unboost|p2a: Tyranitar|atk|1
|
|-weather|Sandstorm|[upkeep]
|-damage|p1a: Pringles|94/100|[from] Sandstorm
|-heal|p1a: Pringles|100/100|[from] item: Leftovers
|upkeep
|turn|19
|
|switch|p2a: Ferrothorn|Ferrothorn, F, shiny|8/100 brn
|move|p1a: Pringles|Will-O-Wisp|p2a: Ferrothorn
|-fail|p2a: Ferrothorn|brn
|
|-weather|Sandstorm|[upkeep]
|-damage|p1a: Pringles|94/100|[from] Sandstorm
|-heal|p1a: Pringles|100/100|[from] item: Leftovers
|-damage|p2a: Ferrothorn|1/100 brn|[from] brn
|upkeep
|turn|20
|inactive|TheUnbeatableLeon has 120 seconds left.
|
|switch|p2a: Cinderace|Cinderace, F|89/100
|move|p1a: Pringles|Scald|p2a: Cinderace
|-supereffective|p2a: Cinderace
|-damage|p2a: Cinderace|15/100
|
|-weather|Sandstorm|[upkeep]
|-damage|p2a: Cinderace|9/100|[from] Sandstorm
|-damage|p1a: Pringles|94/100|[from] Sandstorm
|-heal|p1a: Pringles|100/100|[from] item: Leftovers
|upkeep
|turn|21
|
|switch|p2a: Gyarados|Gyarados, M|100/100
|move|p1a: Pringles|Scald|p2a: Gyarados
|-resisted|p2a: Gyarados
|-damage|p2a: Gyarados|89/100
|
|-weather|Sandstorm|[upkeep]
|-damage|p2a: Gyarados|83/100|[from] Sandstorm
|-damage|p1a: Pringles|94/100|[from] Sandstorm
|-heal|p2a: Gyarados|89/100|[from] item: Leftovers
|-heal|p1a: Pringles|100/100|[from] item: Leftovers
|upkeep
|turn|22
|
|move|p2a: Gyarados|Crunch|p1a: Pringles
|-supereffective|p1a: Pringles
|-damage|p1a: Pringles|58/100
|move|p1a: Pringles|Will-O-Wisp|p2a: Gyarados|[miss]
|-miss|p1a: Pringles|p2a: Gyarados
|
|-weather|none
|-heal|p2a: Gyarados|95/100|[from] item: Leftovers
|-heal|p1a: Pringles|65/100|[from] item: Leftovers
|upkeep
|turn|23
|
|move|p2a: Gyarados|Crunch|p1a: Pringles
|-supereffective|p1a: Pringles
|-damage|p1a: Pringles|25/100
|move|p1a: Pringles|Strength Sap|p2a: Gyarados
|-unboost|p2a: Gyarados|atk|1
|-heal|p1a: Pringles|100/100
|
|-heal|p2a: Gyarados|100/100|[from] item: Leftovers
|upkeep
|turn|24
|
|switch|p2a: Ferrothorn|Ferrothorn, F, shiny|1/100 brn
|move|p1a: Pringles|Scald|p2a: Ferrothorn
|-resisted|p2a: Ferrothorn
|-damage|p2a: Ferrothorn|0 fnt
|faint|p2a: Ferrothorn
|
|upkeep
|
|switch|p2a: Gyarados|Gyarados, M|100/100
|turn|25
|
|move|p2a: Gyarados|Dragon Dance|p2a: Gyarados
|-boost|p2a: Gyarados|atk|1
|-boost|p2a: Gyarados|spe|1
|move|p1a: Pringles|Will-O-Wisp|p2a: Gyarados
|-status|p2a: Gyarados|brn
|
|-damage|p2a: Gyarados|94/100 brn|[from] brn
|upkeep
|turn|26
|
|move|p2a: Gyarados|Dragon Dance|p2a: Gyarados
|-boost|p2a: Gyarados|atk|1
|-boost|p2a: Gyarados|spe|1
|move|p1a: Pringles|Hex|p2a: Gyarados
|-damage|p2a: Gyarados|57/100 brn
|
|-heal|p2a: Gyarados|63/100 brn|[from] item: Leftovers
|-damage|p2a: Gyarados|57/100 brn|[from] brn
|upkeep
|turn|27
|
|move|p2a: Gyarados|Dragon Dance|p2a: Gyarados
|-boost|p2a: Gyarados|atk|1
|-boost|p2a: Gyarados|spe|1
|move|p1a: Pringles|Strength Sap|p2a: Gyarados
|-unboost|p2a: Gyarados|atk|1
|
|-heal|p2a: Gyarados|63/100 brn|[from] item: Leftovers
|-damage|p2a: Gyarados|57/100 brn|[from] brn
|upkeep
|turn|28
|
|move|p2a: Gyarados|Dragon Dance|p2a: Gyarados
|-boost|p2a: Gyarados|atk|1
|-boost|p2a: Gyarados|spe|1
|move|p1a: Pringles|Strength Sap|p2a: Gyarados
|-unboost|p2a: Gyarados|atk|1
|
|-heal|p2a: Gyarados|63/100 brn|[from] item: Leftovers
|-damage|p2a: Gyarados|57/100 brn|[from] brn
|upkeep
|turn|29
|
|move|p2a: Gyarados|Dragon Dance|p2a: Gyarados
|-boost|p2a: Gyarados|atk|1
|-boost|p2a: Gyarados|spe|1
|move|p1a: Pringles|Hex|p2a: Gyarados
|-damage|p2a: Gyarados|19/100 brn
|
|-heal|p2a: Gyarados|25/100 brn|[from] item: Leftovers
|-damage|p2a: Gyarados|19/100 brn|[from] brn
|upkeep
|turn|30
|
|move|p2a: Gyarados|Crunch|p1a: Pringles
|-supereffective|p1a: Pringles
|-damage|p1a: Pringles|51/100
|move|p1a: Pringles|Strength Sap|p2a: Gyarados
|-unboost|p2a: Gyarados|atk|1
|-heal|p1a: Pringles|100/100
|
|-heal|p2a: Gyarados|25/100 brn|[from] item: Leftovers
|-damage|p2a: Gyarados|19/100 brn|[from] brn
|upkeep
|turn|31
|
|move|p2a: Gyarados|Crunch|p1a: Pringles
|-supereffective|p1a: Pringles
|-damage|p1a: Pringles|62/100
|move|p1a: Pringles|Hex|p2a: Gyarados
|-damage|p2a: Gyarados|0 fnt
|faint|p2a: Gyarados
|
|-heal|p1a: Pringles|68/100|[from] item: Leftovers
|upkeep
|
|switch|p2a: Tyranitar|Tyranitar, F, shiny|74/100
|-weather|Sandstorm|[from] ability: Sand Stream|[of] p2a: Tyranitar
|turn|32
|
|move|p1a: Pringles|Will-O-Wisp|p2a: Tyranitar
|-status|p2a: Tyranitar|brn
|move|p2a: Tyranitar|Crunch|p1a: Pringles
|-supereffective|p1a: Pringles
|-damage|p1a: Pringles|43/100
|
|-weather|Sandstorm|[upkeep]
|-damage|p1a: Pringles|36/100|[from] Sandstorm
|-heal|p1a: Pringles|43/100|[from] item: Leftovers
|-damage|p2a: Tyranitar|68/100 brn|[from] brn
|upkeep
|turn|33
|
|move|p1a: Pringles|Strength Sap|p2a: Tyranitar
|-unboost|p2a: Tyranitar|atk|1
|-heal|p1a: Pringles|100/100
|move|p2a: Tyranitar|Crunch|p1a: Pringles
|-supereffective|p1a: Pringles
|-damage|p1a: Pringles|82/100
|
|-weather|Sandstorm|[upkeep]
|-damage|p1a: Pringles|75/100|[from] Sandstorm
|-heal|p1a: Pringles|82/100|[from] item: Leftovers
|-damage|p2a: Tyranitar|62/100 brn|[from] brn
|upkeep
|turn|34
|-message|TheUnbeatableLeon forfeited.
|
|win|D47K/H347T
|raw|D47K/H347T's rating: 1212 → 1241(+29 for winning)
|raw|TheUnbeatableLeon's rating: 1265 → 1236(-29 for losing)
