|ScrapeTime|2020-01-03-00:15:29
|j|☆Cerpy
|j|☆fieox1337
|player|p1|Cerpy|96|1703
|player|p2|fieox1337|2|1727
|teamsize|p1|6
|teamsize|p2|6
|gametype|singles
|gen|8
|tier|[Gen 8] OU
|rated|
|rule|Sleep Clause Mod: Limit one foe put to sleep
|rule|Species Clause: Limit one of each Pokémon
|rule|OHKO Clause: OHKO moves are banned
|rule|Evasion Moves Clause: Evasion moves are banned
|rule|Endless Battle Clause: Forcing endless battles is banned
|rule|HP Percentage Mod: HP is shown in percentages
|clearpoke
|poke|p1|Rotom-Heat|
|poke|p1|Snorlax, F|
|poke|p1|Corviknight, M|
|poke|p1|Seismitoad, F|
|poke|p1|Dragapult, M|
|poke|p1|Kommo-o, M|
|poke|p2|Garbodor, M|
|poke|p2|Grimmsnarl, M|
|poke|p2|Toxtricity, M|
|poke|p2|Bisharp, F|
|poke|p2|Gengar, M|
|poke|p2|Hydreigon, F|
|rule|Dynamax Clause: You cannot dynamax
|teampreview
|inactive|Battle timer is ON: inactive players will automatically lose when time's up. (requested by Cerpy)
|j| the pamel
|c| the pamel|Geget
|
|start
|switch|p1a: Rotom|Rotom-Heat|100/100
|switch|p2a: Garbodor|Garbodor, M|100/100
|turn|1
|
|move|p1a: Rotom|Trick|p2a: Garbodor
|-activate|p1a: Rotom|move: Trick|[of] p2a: Garbodor
|-item|p2a: Garbodor|Choice Scarf|[from] move: Trick
|-item|p1a: Rotom|Focus Sash|[from] move: Trick
|move|p2a: Garbodor|Toxic Spikes|p1a: Rotom
|-sidestart|p1: Cerpy|move: Toxic Spikes
|
|upkeep
|turn|2
|
|switch|p2a: Hydreigon|Hydreigon, F|100/100
|move|p1a: Rotom|Volt Switch|p2a: Hydreigon
|-resisted|p2a: Hydreigon
|-damage|p2a: Hydreigon|86/100
|
|switch|p1a: Corviknight|Corviknight, M|100/100|[from]move: Volt Switch
|-ability|p1a: Corviknight|Pressure
|
|-heal|p2a: Hydreigon|92/100|[from] item: Leftovers
|upkeep
|turn|3
|
|switch|p2a: Bisharp|Bisharp, F|100/100
|move|p1a: Corviknight|U-turn|p2a: Bisharp
|-crit|p2a: Bisharp
|-damage|p2a: Bisharp|78/100
|
|switch|p1a: Rotom|Rotom-Heat|100/100|[from]move: U-turn
|
|upkeep
|turn|4
|
|switch|p2a: Grimmsnarl|Grimmsnarl, M|100/100
|move|p1a: Rotom|Thunder Wave|p2a: Grimmsnarl
|-status|p2a: Grimmsnarl|par
|
|upkeep
|turn|5
|
|cant|p2a: Grimmsnarl|par
|move|p1a: Rotom|Volt Switch|p2a: Grimmsnarl
|-crit|p2a: Grimmsnarl
|-damage|p2a: Grimmsnarl|59/100 par
|-enditem|p2a: Grimmsnarl|Eject Button
|
|switch|p2a: Hydreigon|Hydreigon, F|92/100
|
|-heal|p2a: Hydreigon|98/100|[from] item: Leftovers
|upkeep
|turn|6
|
|move|p2a: Hydreigon|Dark Pulse|p1a: Rotom
|-damage|p1a: Rotom|61/100
|move|p1a: Rotom|Volt Switch|p2a: Hydreigon
|-resisted|p2a: Hydreigon
|-damage|p2a: Hydreigon|83/100
|
|switch|p1a: Corviknight|Corviknight, M|100/100|[from]move: Volt Switch
|-ability|p1a: Corviknight|Pressure
|
|-heal|p2a: Hydreigon|89/100|[from] item: Leftovers
|upkeep
|turn|7
|
|switch|p2a: Bisharp|Bisharp, F|78/100
|move|p1a: Corviknight|Defog|p2a: Bisharp
|-unboost|p2a: Bisharp|evasion|1
|-ability|p2a: Bisharp|Defiant
|-boost|p2a: Bisharp|atk|2
|-sideend|p1: Cerpy|Toxic Spikes|[from] move: Defog|[of] p1a: Corviknight
|
|upkeep
|turn|8
|
|move|p2a: Bisharp|Throat Chop|p1a: Corviknight
|-damage|p1a: Corviknight|31/100
|-start|p1a: Corviknight|Throat Chop|[silent]
|move|p1a: Corviknight|Body Press|p2a: Bisharp
|-supereffective|p2a: Bisharp
|-damage|p2a: Bisharp|0 fnt
|faint|p2a: Bisharp
|
|-heal|p1a: Corviknight|38/100|[from] item: Leftovers
|upkeep
|
|switch|p2a: Toxtricity|Toxtricity, M|100/100
|turn|9
|
|switch|p1a: Kommo-o|Kommo-o, M|100/100
|move|p2a: Toxtricity|Overdrive|p1a: Kommo-o
|-immune|p1a: Kommo-o|[from] ability: Soundproof
|
|upkeep
|turn|10
|
|switch|p2a: Gengar|Gengar, M|100/100
|move|p1a: Kommo-o|Clangorous Soul|p1a: Kommo-o
|-boost|p1a: Kommo-o|atk|1
|-boost|p1a: Kommo-o|def|1
|-boost|p1a: Kommo-o|spa|1
|-boost|p1a: Kommo-o|spd|1
|-boost|p1a: Kommo-o|spe|1
|-damage|p1a: Kommo-o|67/100
|-enditem|p1a: Kommo-o|Throat Spray
|-boost|p1a: Kommo-o|spa|1
|
|upkeep
|turn|11
|
|move|p2a: Gengar|Dazzling Gleam|p1a: Kommo-o
|-supereffective|p1a: Kommo-o
|-damage|p1a: Kommo-o|0 fnt
|faint|p1a: Kommo-o
|
|upkeep
|j| m8puppet
|
|switch|p1a: Seismitoad|Seismitoad, F|100/100
|turn|12
|
|switch|p2a: Hydreigon|Hydreigon, F|89/100
|move|p1a: Seismitoad|Toxic|p2a: Hydreigon
|-status|p2a: Hydreigon|tox
|
|-heal|p2a: Hydreigon|96/100 tox|[from] item: Leftovers
|-damage|p2a: Hydreigon|89/100 tox|[from] psn
|upkeep
|turn|13
|
|move|p2a: Hydreigon|Nasty Plot|p2a: Hydreigon
|-boost|p2a: Hydreigon|spa|2
|move|p1a: Seismitoad|Stealth Rock|p2a: Hydreigon
|-sidestart|p2: fieox1337|move: Stealth Rock
|
|-heal|p2a: Hydreigon|96/100 tox|[from] item: Leftovers
|-damage|p2a: Hydreigon|83/100 tox|[from] psn
|upkeep
|turn|14
|
|move|p1a: Seismitoad|Protect|p1a: Seismitoad
|-singleturn|p1a: Seismitoad|Protect
|move|p2a: Hydreigon|Dark Pulse|p1a: Seismitoad
|-activate|p1a: Seismitoad|move: Protect
|
|-heal|p2a: Hydreigon|89/100 tox|[from] item: Leftovers
|-damage|p2a: Hydreigon|71/100 tox|[from] psn
|upkeep
|turn|15
|
|switch|p1a: Snorlax|Snorlax, F|100/100
|move|p2a: Hydreigon|Dark Pulse|p1a: Snorlax
|-damage|p1a: Snorlax|59/100
|
|-heal|p2a: Hydreigon|77/100 tox|[from] item: Leftovers
|-heal|p1a: Snorlax|65/100|[from] item: Leftovers
|-damage|p2a: Hydreigon|52/100 tox|[from] psn
|upkeep
|turn|16
|
|move|p2a: Hydreigon|Dark Pulse|p1a: Snorlax
|-damage|p1a: Snorlax|27/100
|cant|p1a: Snorlax|flinch
|
|-heal|p2a: Hydreigon|59/100 tox|[from] item: Leftovers
|-heal|p1a: Snorlax|33/100|[from] item: Leftovers
|-damage|p2a: Hydreigon|28/100 tox|[from] psn
|upkeep
|turn|17
|
|switch|p1a: Seismitoad|Seismitoad, F|100/100
|move|p2a: Hydreigon|Dark Pulse|p1a: Seismitoad
|-damage|p1a: Seismitoad|10/100
|
|-heal|p2a: Hydreigon|34/100 tox|[from] item: Leftovers
|-heal|p1a: Seismitoad|16/100|[from] item: Leftovers
|-damage|p2a: Hydreigon|0 fnt|[from] psn
|faint|p2a: Hydreigon
|upkeep
|j| blinkboy
|
|switch|p2a: Toxtricity|Toxtricity, M|100/100
|-damage|p2a: Toxtricity|88/100|[from] Stealth Rock
|turn|18
|
|move|p1a: Seismitoad|Protect|p1a: Seismitoad
|-singleturn|p1a: Seismitoad|Protect
|move|p2a: Toxtricity|Boomburst|p1a: Seismitoad
|-activate|p1a: Seismitoad|move: Protect
|
|-heal|p1a: Seismitoad|22/100|[from] item: Leftovers
|upkeep
|turn|19
|
|switch|p1a: Dragapult|Dragapult, M|100/100
|move|p2a: Toxtricity|Boomburst|p1a: Dragapult
|-immune|p1a: Dragapult
|
|upkeep
|turn|20
|
|switch|p2a: Grimmsnarl|Grimmsnarl, M|59/100 par
|-damage|p2a: Grimmsnarl|47/100 par|[from] Stealth Rock
|move|p1a: Dragapult|Shadow Ball|p2a: Grimmsnarl
|-resisted|p2a: Grimmsnarl
|-damage|p2a: Grimmsnarl|20/100 par
|
|upkeep
|turn|21
|
|switch|p1a: Rotom|Rotom-Heat|61/100
|move|p2a: Grimmsnarl|Play Rough|p1a: Rotom
|-resisted|p1a: Rotom
|-damage|p1a: Rotom|43/100
|
|upkeep
|turn|22
|
|move|p2a: Grimmsnarl|Light Screen|p2a: Grimmsnarl
|-sidestart|p2: fieox1337|move: Light Screen
|move|p1a: Rotom|Volt Switch|p2a: Grimmsnarl
|-damage|p2a: Grimmsnarl|5/100 par
|
|switch|p1a: Snorlax|Snorlax, F|33/100|[from]move: Volt Switch
|
|-heal|p1a: Snorlax|39/100|[from] item: Leftovers
|upkeep
|turn|23
|
|move|p2a: Grimmsnarl|Thunder Wave|p1a: Snorlax
|-status|p1a: Snorlax|par
|cant|p1a: Snorlax|par
|
|-heal|p1a: Snorlax|45/100 par|[from] item: Leftovers
|upkeep
|turn|24
|
|switch|p2a: Garbodor|Garbodor, M|100/100
|-damage|p2a: Garbodor|88/100|[from] Stealth Rock
|move|p1a: Snorlax|Rest|p1a: Snorlax
|-status|p1a: Snorlax|slp|[from] move: Rest
|-heal|p1a: Snorlax|100/100 slp|[silent]
|
|upkeep
|turn|25
|
|switch|p1a: Corviknight|Corviknight, M|38/100
|-ability|p1a: Corviknight|Pressure
|move|p2a: Garbodor|Toxic Spikes|p1a: Corviknight
|-sidestart|p1: Cerpy|move: Toxic Spikes
|
|-heal|p1a: Corviknight|44/100|[from] item: Leftovers
|upkeep
|turn|26
|
|switch|p2a: Toxtricity|Toxtricity, M|88/100
|-damage|p2a: Toxtricity|76/100|[from] Stealth Rock
|move|p1a: Corviknight|Defog|p2a: Toxtricity
|-unboost|p2a: Toxtricity|evasion|1
|-sideend|p2: fieox1337|move: Light Screen
|-sideend|p2: fieox1337|Stealth Rock|[from] move: Defog|[of] p1a: Corviknight
|-sideend|p1: Cerpy|Toxic Spikes|[from] move: Defog|[of] p1a: Corviknight
|
|-heal|p1a: Corviknight|50/100|[from] item: Leftovers
|upkeep
|turn|27
|
|switch|p1a: Dragapult|Dragapult, M|100/100
|move|p2a: Toxtricity|Overdrive|p1a: Dragapult
|-resisted|p1a: Dragapult
|-damage|p1a: Dragapult|60/100
|-damage|p2a: Toxtricity|66/100|[from] item: Life Orb
|
|upkeep
|turn|28
|
|switch|p2a: Grimmsnarl|Grimmsnarl, M|5/100 par
|move|p1a: Dragapult|Shadow Ball|p2a: Grimmsnarl
|-resisted|p2a: Grimmsnarl
|-damage|p2a: Grimmsnarl|0 fnt
|faint|p2a: Grimmsnarl
|
|upkeep
|
|switch|p2a: Gengar|Gengar, M|100/100
|turn|29
|
|switch|p1a: Snorlax|Snorlax, F|100/100 slp
|move|p2a: Gengar|Dazzling Gleam|p1a: Snorlax
|-damage|p1a: Snorlax|88/100 slp
|
|-heal|p1a: Snorlax|94/100 slp|[from] item: Leftovers
|upkeep
|turn|30
|
|switch|p2a: Garbodor|Garbodor, M|88/100
|cant|p1a: Snorlax|slp
|
|-heal|p1a: Snorlax|99/100 slp|[from] item: Leftovers
|upkeep
|turn|31
|
|move|p2a: Garbodor|Toxic Spikes|p1a: Snorlax
|-sidestart|p1: Cerpy|move: Toxic Spikes
|cant|p1a: Snorlax|slp
|
|-heal|p1a: Snorlax|100/100 slp|[from] item: Leftovers
|upkeep
|turn|32
|
|switch|p2a: Toxtricity|Toxtricity, M|66/100
|-curestatus|p1a: Snorlax|slp|[msg]
|move|p1a: Snorlax|Curse|p1a: Snorlax
|-unboost|p1a: Snorlax|spe|1
|-boost|p1a: Snorlax|atk|1
|-boost|p1a: Snorlax|def|1
|
|upkeep
|turn|33
|
|switch|p2a: Garbodor|Garbodor, M|88/100
|move|p1a: Snorlax|Body Slam|p2a: Garbodor
|-damage|p2a: Garbodor|22/100
|-ability|p2a: Garbodor|Weak Armor|boost
|-unboost|p2a: Garbodor|def|1
|-boost|p2a: Garbodor|spe|2
|
|upkeep
|turn|34
|j| ou is a sham
|
|move|p2a: Garbodor|Explosion|p1a: Snorlax
|-damage|p1a: Snorlax|60/100
|faint|p2a: Garbodor
|move|p1a: Snorlax|Curse|p1a: Snorlax
|-unboost|p1a: Snorlax|spe|1
|-boost|p1a: Snorlax|atk|1
|-boost|p1a: Snorlax|def|1
|
|-heal|p1a: Snorlax|66/100|[from] item: Leftovers
|upkeep
|
|switch|p2a: Toxtricity|Toxtricity, M|66/100
|turn|35
|
|switch|p1a: Seismitoad|Seismitoad, F|22/100
|-status|p1a: Seismitoad|psn
|move|p2a: Toxtricity|Boomburst|p1a: Seismitoad
|-damage|p1a: Seismitoad|0 fnt
|-damage|p2a: Toxtricity|56/100|[from] item: Life Orb
|faint|p1a: Seismitoad
|
|upkeep
|
|switch|p1a: Dragapult|Dragapult, M|60/100
|-status|p1a: Dragapult|psn
|turn|36
|
|switch|p2a: Gengar|Gengar, M|100/100
|move|p1a: Dragapult|Shadow Ball|p2a: Gengar
|-supereffective|p2a: Gengar
|-damage|p2a: Gengar|0 fnt
|faint|p2a: Gengar
|
|-damage|p1a: Dragapult|48/100 psn|[from] psn
|upkeep
|
|switch|p2a: Toxtricity|Toxtricity, M|56/100
|turn|37
|
|move|p1a: Dragapult|Shadow Ball|p2a: Toxtricity
|-damage|p2a: Toxtricity|0 fnt
|faint|p2a: Toxtricity
|
|win|Cerpy
|l|☆fieox1337
|l|☆Cerpy
