|ScrapeTime|2020-01-01-16:35:41
|j|☆Ye_Soul
|j|☆Mr Yeety Meats
|player|p1|Ye_Soul|237|1528
|player|p2|Mr Yeety Meats|102|1464
|teamsize|p1|6
|teamsize|p2|6
|gametype|singles
|gen|8
|tier|[Gen 8] OU
|rated|
|rule|Sleep Clause Mod: Limit one foe put to sleep
|rule|Species Clause: Limit one of each Pokémon
|rule|OHKO Clause: OHKO moves are banned
|rule|Evasion Moves Clause: Evasion moves are banned
|rule|Endless Battle Clause: Forcing endless battles is banned
|rule|HP Percentage Mod: HP is shown in percentages
|clearpoke
|poke|p1|Clefable, M|
|poke|p1|Centiskorch, F|
|poke|p1|Rotom-Wash|
|poke|p1|Dragapult, F|
|poke|p1|Dugtrio, F|
|poke|p1|Toxapex, M|
|poke|p2|Dragapult, M|
|poke|p2|Dracozolt|
|poke|p2|Gyarados, F|
|poke|p2|Corviknight, F|
|poke|p2|Toxapex, M|
|poke|p2|Mamoswine, F|
|rule|Dynamax Clause: You cannot dynamax
|teampreview
|inactive|Battle timer is ON: inactive players will automatically lose when time's up. (requested by Mr Yeety Meats)
|inactive|Mr Yeety Meats has 120 seconds left.
|inactive|Mr Yeety Meats has 90 seconds left.
|
|start
|switch|p1a: Dugtrio|Dugtrio, F|100/100
|switch|p2a: Dragapult|Dragapult, M|100/100
|turn|1
|
|move|p1a: Dugtrio|Sucker Punch|p2a: Dragapult
|-supereffective|p2a: Dragapult
|-damage|p2a: Dragapult|20/100
|move|p2a: Dragapult|Shadow Ball|p1a: Dugtrio
|-damage|p1a: Dugtrio|0 fnt
|faint|p1a: Dugtrio
|
|upkeep
|
|switch|p1a: Clefable|Clefable, M|100/100
|turn|2
|
|switch|p1a: Dragapult|Dragapult, F|100/100
|move|p2a: Dragapult|Shadow Ball|p1a: Dragapult
|-supereffective|p1a: Dragapult
|-damage|p1a: Dragapult|0 fnt
|faint|p1a: Dragapult
|
|upkeep
|
|switch|p1a: Centiskorch|Centiskorch, F|100/100
|turn|3
|
|move|p2a: Dragapult|Shadow Ball|p1a: Centiskorch
|-damage|p1a: Centiskorch|64/100
|move|p1a: Centiskorch|Coil|p1a: Centiskorch
|-boost|p1a: Centiskorch|atk|1
|-boost|p1a: Centiskorch|def|1
|-boost|p1a: Centiskorch|accuracy|1
|
|-heal|p1a: Centiskorch|70/100|[from] item: Leftovers
|upkeep
|turn|4
|
|move|p2a: Dragapult|Shadow Ball|p1a: Centiskorch
|-damage|p1a: Centiskorch|31/100
|-unboost|p1a: Centiskorch|spd|1
|move|p1a: Centiskorch|Knock Off|p2a: Dragapult
|-supereffective|p2a: Dragapult
|-damage|p2a: Dragapult|0 fnt
|-enditem|p2a: Dragapult|Choice Specs|[from] move: Knock Off|[of] p1a: Centiskorch
|faint|p2a: Dragapult
|
|-heal|p1a: Centiskorch|38/100|[from] item: Leftovers
|upkeep
|inactive|Mr Yeety Meats has 120 seconds left.
|
|switch|p2a: Gyarados|Gyarados, F|100/100
|turn|5
|
|switch|p1a: Rotom|Rotom-Wash|100/100
|move|p2a: Gyarados|Waterfall|p1a: Rotom
|-resisted|p1a: Rotom
|-damage|p1a: Rotom|73/100
|
|upkeep
|turn|6
|
|move|p1a: Rotom|Volt Switch|p2a: Gyarados
|-supereffective|p2a: Gyarados
|-damage|p2a: Gyarados|0 fnt
|faint|p2a: Gyarados
|
|switch|p1a: Centiskorch|Centiskorch, F|38/100|[from]move: Volt Switch
|
|-heal|p1a: Centiskorch|44/100|[from] item: Leftovers
|upkeep
|
|switch|p2a: Dracozolt|Dracozolt|100/100
|turn|7
|
|move|p2a: Dracozolt|Bolt Beak|p1a: Centiskorch
|-damage|p1a: Centiskorch|0 fnt
|faint|p1a: Centiskorch
|
|upkeep
|
|switch|p1a: Toxapex|Toxapex, M|100/100
|turn|8
|
|move|p1a: Toxapex|Baneful Bunker|p1a: Toxapex
|-singleturn|p1a: Toxapex|move: Protect
|move|p2a: Dracozolt|Bolt Beak|p1a: Toxapex
|-activate|p1a: Toxapex|move: Protect
|-status|p2a: Dracozolt|psn
|
|-damage|p2a: Dracozolt|88/100 psn|[from] psn
|upkeep
|turn|9
|
|move|p2a: Dracozolt|Bolt Beak|p1a: Toxapex
|-supereffective|p1a: Toxapex
|-damage|p1a: Toxapex|0 fnt
|faint|p1a: Toxapex
|
|-damage|p2a: Dracozolt|76/100 psn|[from] psn
|upkeep
|
|switch|p1a: Clefable|Clefable, M|100/100
|turn|10
|
|move|p2a: Dracozolt|Bolt Beak|p1a: Clefable
|-damage|p1a: Clefable|0 fnt
|faint|p1a: Clefable
|
|-damage|p2a: Dracozolt|63/100 psn|[from] psn
|upkeep
|
|switch|p1a: Rotom|Rotom-Wash|73/100
|turn|11
|
|move|p1a: Rotom|Nasty Plot|p1a: Rotom
|-boost|p1a: Rotom|spa|2
|move|p2a: Dracozolt|Bolt Beak|p1a: Rotom
|-damage|p1a: Rotom|0 fnt
|faint|p1a: Rotom
|
|win|Mr Yeety Meats
|raw|Ye_Soul's rating: 1528 → 1503(-25 for losing)
|raw|Mr Yeety Meats's rating: 1443 → 1467(+24 for winning)
