|ScrapeTime|2020-01-02-15:34:58
|j|☆CozmicPotato8D
|j|☆wannahavefun2
|player|p1|CozmicPotato8D|cynthia-gen4|1561
|player|p2|wannahavefun2|elesa|1533
|teamsize|p1|6
|teamsize|p2|6
|gametype|singles
|gen|8
|tier|[Gen 8] OU
|rated|
|rule|Sleep Clause Mod: Limit one foe put to sleep
|rule|Species Clause: Limit one of each Pokémon
|rule|OHKO Clause: OHKO moves are banned
|rule|Evasion Moves Clause: Evasion moves are banned
|rule|Endless Battle Clause: Forcing endless battles is banned
|rule|HP Percentage Mod: HP is shown in percentages
|clearpoke
|poke|p1|Aegislash, F|
|poke|p1|Rotom-Heat|
|poke|p1|Corviknight, F|
|poke|p1|Seismitoad, M|
|poke|p1|Haxorus, M|
|poke|p1|Mandibuzz, F|
|poke|p2|Dragapult, M|
|poke|p2|Grimmsnarl, M|
|poke|p2|Chandelure, M|
|poke|p2|Hydreigon, M|
|poke|p2|Dugtrio, M|
|poke|p2|Corviknight, M|
|rule|Dynamax Clause: You cannot dynamax
|teampreview
|inactive|Battle timer is ON: inactive players will automatically lose when time's up. (requested by wannahavefun2)
|
|start
|switch|p1a: Voltergeist|Rotom-Heat|100/100
|switch|p2a: Chandelure|Chandelure, M|100/100
|turn|1
|
|move|p2a: Chandelure|Shadow Ball|p1a: Voltergeist
|-damage|p1a: Voltergeist|33/100
|move|p1a: Voltergeist|Nasty Plot|p1a: Voltergeist
|-boost|p1a: Voltergeist|spa|2
|
|-heal|p1a: Voltergeist|39/100|[from] item: Leftovers
|upkeep
|turn|2
|
|switch|p1a: Gruntilda|Mandibuzz, F|100/100
|move|p2a: Chandelure|Shadow Ball|p1a: Gruntilda
|-resisted|p1a: Gruntilda
|-damage|p1a: Gruntilda|79/100
|
|upkeep
|turn|3
|
|switch|p2a: Corviknight|Corviknight, M|100/100
|-ability|p2a: Corviknight|Pressure
|move|p1a: Gruntilda|U-turn|p2a: Corviknight
|-resisted|p2a: Corviknight
|-damage|p2a: Corviknight|99/100
|
|switch|p1a: Voltergeist|Rotom-Heat|39/100|[from]move: U-turn
|
|-heal|p1a: Voltergeist|45/100|[from] item: Leftovers
|-heal|p2a: Corviknight|100/100|[from] item: Leftovers
|upkeep
|turn|4
|
|move|p1a: Voltergeist|Discharge|p2a: Corviknight
|-supereffective|p2a: Corviknight
|-damage|p2a: Corviknight|43/100
|move|p2a: Corviknight|U-turn|p1a: Voltergeist
|-resisted|p1a: Voltergeist
|-damage|p1a: Voltergeist|39/100
|
|switch|p2a: Chandelure|Chandelure, M|100/100|[from]move: U-turn
|
|-heal|p1a: Voltergeist|45/100|[from] item: Leftovers
|upkeep
|turn|5
|
|switch|p1a: Gruntilda|Mandibuzz, F|79/100
|move|p2a: Chandelure|Overheat|p1a: Gruntilda
|-damage|p1a: Gruntilda|4/100
|-unboost|p2a: Chandelure|spa|2
|
|upkeep
|turn|6
|
|switch|p2a: Dragapult|Dragapult, M|100/100
|move|p1a: Gruntilda|Foul Play|p2a: Dragapult
|-supereffective|p2a: Dragapult
|-damage|p2a: Dragapult|0 fnt
|faint|p2a: Dragapult
|
|upkeep
|
|switch|p2a: Chandelure|Chandelure, M|100/100
|turn|7
|
|move|p2a: Chandelure|Shadow Ball|p1a: Gruntilda
|-resisted|p1a: Gruntilda
|-damage|p1a: Gruntilda|0 fnt
|faint|p1a: Gruntilda
|
|upkeep
|
|switch|p1a: Eileen|Corviknight, F|100/100
|-ability|p1a: Eileen|Pressure
|turn|8
|
|move|p2a: Chandelure|Shadow Ball|p1a: Eileen
|-damage|p1a: Eileen|47/100
|move|p1a: Eileen|Brave Bird|p2a: Chandelure
|-damage|p2a: Chandelure|45/100
|-damage|p1a: Eileen|35/100|[from] Recoil
|
|-heal|p1a: Eileen|41/100|[from] item: Leftovers
|upkeep
|turn|9
|
|move|p2a: Chandelure|Shadow Ball|p1a: Eileen
|-damage|p1a: Eileen|0 fnt
|faint|p1a: Eileen
|
|upkeep
|
|switch|p1a: Halberd|Haxorus, M|100/100
|-ability|p1a: Halberd|Mold Breaker
|turn|10
|
|switch|p2a: Grimmsnarl|Grimmsnarl, M|100/100
|move|p1a: Halberd|Dragon Claw|p2a: Grimmsnarl
|-immune|p2a: Grimmsnarl
|
|upkeep
|turn|11
|
|switch|p1a: Voltergeist|Rotom-Heat|45/100
|move|p2a: Grimmsnarl|Thunder Wave|p1a: Voltergeist
|-immune|p1a: Voltergeist
|
|-heal|p1a: Voltergeist|51/100|[from] item: Leftovers
|upkeep
|turn|12
|
|move|p1a: Voltergeist|Discharge|p2a: Grimmsnarl
|-damage|p2a: Grimmsnarl|64/100
|move|p2a: Grimmsnarl|Spirit Break|p1a: Voltergeist
|-resisted|p1a: Voltergeist
|-damage|p1a: Voltergeist|34/100
|-unboost|p1a: Voltergeist|spa|1
|
|-heal|p1a: Voltergeist|40/100|[from] item: Leftovers
|-heal|p2a: Grimmsnarl|70/100|[from] item: Leftovers
|upkeep
|turn|13
|
|move|p1a: Voltergeist|Discharge|p2a: Grimmsnarl
|-damage|p2a: Grimmsnarl|48/100
|move|p2a: Grimmsnarl|Spirit Break|p1a: Voltergeist
|-resisted|p1a: Voltergeist
|-damage|p1a: Voltergeist|23/100
|-unboost|p1a: Voltergeist|spa|1
|
|-heal|p1a: Voltergeist|29/100|[from] item: Leftovers
|-heal|p2a: Grimmsnarl|54/100|[from] item: Leftovers
|upkeep
|turn|14
|
|move|p1a: Voltergeist|Discharge|p2a: Grimmsnarl
|-damage|p2a: Grimmsnarl|37/100
|move|p2a: Grimmsnarl|Spirit Break|p1a: Voltergeist
|-resisted|p1a: Voltergeist
|-damage|p1a: Voltergeist|11/100
|-unboost|p1a: Voltergeist|spa|1
|
|-heal|p1a: Voltergeist|17/100|[from] item: Leftovers
|-heal|p2a: Grimmsnarl|43/100|[from] item: Leftovers
|upkeep
|turn|15
|
|switch|p1a: Aegis|Aegislash, F|100/100
|move|p2a: Grimmsnarl|Spirit Break|p1a: Aegis
|-resisted|p1a: Aegis
|-damage|p1a: Aegis|85/100
|-unboost|p1a: Aegis|spa|1
|
|-heal|p2a: Grimmsnarl|49/100|[from] item: Leftovers
|-heal|p1a: Aegis|91/100|[from] item: Leftovers
|upkeep
|turn|16
|
|move|p2a: Grimmsnarl|Sucker Punch||[still]
|-fail|p2a: Grimmsnarl
|move|p1a: Aegis|Substitute|p1a: Aegis
|-start|p1a: Aegis|Substitute
|-damage|p1a: Aegis|67/100
|
|-heal|p2a: Grimmsnarl|55/100|[from] item: Leftovers
|-heal|p1a: Aegis|73/100|[from] item: Leftovers
|upkeep
|turn|17
|
|move|p1a: Aegis|King's Shield|p1a: Aegis
|-singleturn|p1a: Aegis|Protect
|move|p2a: Grimmsnarl|Fire Punch|p1a: Aegis
|-activate|p1a: Aegis|move: Protect
|-unboost|p2a: Grimmsnarl|atk|1
|
|-heal|p2a: Grimmsnarl|62/100|[from] item: Leftovers
|-heal|p1a: Aegis|79/100|[from] item: Leftovers
|upkeep
|turn|18
|
|move|p2a: Grimmsnarl|Fire Punch|p1a: Aegis
|-supereffective|p1a: Aegis
|-end|p1a: Aegis|Substitute
|-formechange|p1a: Aegis|Aegislash-Blade||[from] ability: Stance Change
|move|p1a: Aegis|Flash Cannon|p2a: Grimmsnarl
|-supereffective|p2a: Grimmsnarl
|-damage|p2a: Grimmsnarl|0 fnt
|faint|p2a: Grimmsnarl
|
|-heal|p1a: Aegis|85/100|[from] item: Leftovers
|upkeep
|
|switch|p2a: Hydreigon|Hydreigon, M|100/100
|turn|19
|
|switch|p1a: Voltergeist|Rotom-Heat|17/100
|move|p2a: Hydreigon|Nasty Plot|p2a: Hydreigon
|-boost|p2a: Hydreigon|spa|2
|
|-heal|p1a: Voltergeist|23/100|[from] item: Leftovers
|upkeep
|turn|20
|
|move|p2a: Hydreigon|Dark Pulse|p1a: Voltergeist
|-damage|p1a: Voltergeist|0 fnt
|faint|p1a: Voltergeist
|
|upkeep
|
|switch|p1a: Halberd|Haxorus, M|100/100
|-ability|p1a: Halberd|Mold Breaker
|turn|21
|
|move|p1a: Halberd|Close Combat|p2a: Hydreigon
|-supereffective|p2a: Hydreigon
|-damage|p2a: Hydreigon|0 fnt
|-unboost|p1a: Halberd|def|1
|-unboost|p1a: Halberd|spd|1
|faint|p2a: Hydreigon
|
|upkeep
|
|switch|p2a: Dugtrio|Dugtrio, M|100/100
|turn|22
|
|move|p1a: Halberd|Close Combat|p2a: Dugtrio
|-enditem|p2a: Dugtrio|Focus Sash
|-damage|p2a: Dugtrio|1/100
|-unboost|p1a: Halberd|def|1
|-unboost|p1a: Halberd|spd|1
|move|p2a: Dugtrio|Earthquake|p1a: Halberd
|-damage|p1a: Halberd|0 fnt
|faint|p1a: Halberd
|
|upkeep
|
|switch|p1a: Don Gero|Seismitoad, M|100/100
|turn|23
|
|move|p2a: Dugtrio|Reversal|p1a: Don Gero
|-damage|p1a: Don Gero|62/100
|move|p1a: Don Gero|Scald|p2a: Dugtrio
|-supereffective|p2a: Dugtrio
|-damage|p2a: Dugtrio|0 fnt
|faint|p2a: Dugtrio
|
|-heal|p1a: Don Gero|68/100|[from] item: Leftovers
|upkeep
|
|switch|p2a: Corviknight|Corviknight, M|43/100
|-ability|p2a: Corviknight|Pressure
|turn|24
|
|move|p2a: Corviknight|Roost|p2a: Corviknight
|-heal|p2a: Corviknight|93/100
|-singleturn|p2a: Corviknight|move: Roost
|move|p1a: Don Gero|Stealth Rock|p2a: Corviknight
|-sidestart|p2: wannahavefun2|move: Stealth Rock
|
|-heal|p2a: Corviknight|99/100|[from] item: Leftovers
|-heal|p1a: Don Gero|74/100|[from] item: Leftovers
|upkeep
|turn|25
|
|switch|p1a: Aegis|Aegislash, F|85/100
|move|p2a: Corviknight|Brave Bird|p1a: Aegis
|-resisted|p1a: Aegis
|-damage|p1a: Aegis|71/100
|-damage|p2a: Corviknight|96/100|[from] Recoil
|
|-heal|p2a: Corviknight|100/100|[from] item: Leftovers
|-heal|p1a: Aegis|77/100|[from] item: Leftovers
|upkeep
|turn|26
|
|move|p2a: Corviknight|U-turn|p1a: Aegis
|-resisted|p1a: Aegis
|-damage|p1a: Aegis|74/100
|
|switch|p2a: Chandelure|Chandelure, M|45/100|[from]move: U-turn
|-damage|p2a: Chandelure|20/100|[from] Stealth Rock
|-formechange|p1a: Aegis|Aegislash-Blade||[from] ability: Stance Change
|move|p1a: Aegis|Shadow Ball|p2a: Chandelure
|-supereffective|p2a: Chandelure
|-damage|p2a: Chandelure|0 fnt
|faint|p2a: Chandelure
|
|-heal|p1a: Aegis|81/100|[from] item: Leftovers
|upkeep
|-message|wannahavefun2 forfeited.
|
|win|CozmicPotato8D
|l|☆wannahavefun2
|raw|CozmicPotato8D's rating: 1561 → 1579(+18 for winning)
|raw|wannahavefun2's rating: 1533 → 1515(-18 for losing)
