|ScrapeTime|2020-01-01-23:16:45
|j|☆Maseratihottie
|j|☆vcdestruiuomeuovo
|player|p1|Maseratihottie|sabrina|1208
|player|p2|vcdestruiuomeuovo|161|1277
|teamsize|p1|6
|teamsize|p2|6
|gametype|singles
|gen|8
|tier|[Gen 8] OU
|rated|
|rule|Sleep Clause Mod: Limit one foe put to sleep
|rule|Species Clause: Limit one of each Pokémon
|rule|OHKO Clause: OHKO moves are banned
|rule|Evasion Moves Clause: Evasion moves are banned
|rule|Endless Battle Clause: Forcing endless battles is banned
|rule|HP Percentage Mod: HP is shown in percentages
|clearpoke
|poke|p1|Polteageist|
|poke|p1|Dragapult, F|
|poke|p1|Corsola-Galar, F|
|poke|p1|Eiscue, F|
|poke|p1|Ferrothorn, F|
|poke|p1|Cinderace, F|
|poke|p2|Mew|
|poke|p2|Bisharp, M|
|poke|p2|Dragapult, F|
|poke|p2|Conkeldurr, F|
|poke|p2|Gyarados, M|
|poke|p2|Cloyster, M|
|rule|Dynamax Clause: You cannot dynamax
|teampreview
|inactive|Battle timer is ON: inactive players will automatically lose when time's up. (requested by vcdestruiuomeuovo)
|inactive|Maseratihottie has 120 seconds left.
|
|start
|switch|p1a: Corsola|Corsola-Galar, F|100/100
|switch|p2a: Mew|Mew|100/100
|turn|1
|
|switch|p1a: Ferrothorn|Ferrothorn, F|100/100
|move|p2a: Mew|Taunt|p1a: Ferrothorn
|-start|p1a: Ferrothorn|move: Taunt
|
|upkeep
|turn|2
|
|move|p2a: Mew|Stealth Rock|p1a: Ferrothorn
|-sidestart|p1: Maseratihottie|move: Stealth Rock
|move|p1a: Ferrothorn|Gyro Ball|p2a: Mew
|-damage|p2a: Mew|48/100
|
|upkeep
|turn|3
|
|move|p2a: Mew|Spikes|p1a: Ferrothorn
|-sidestart|p1: Maseratihottie|Spikes
|move|p1a: Ferrothorn|Gyro Ball|p2a: Mew
|-damage|p2a: Mew|0 fnt
|faint|p2a: Mew
|
|-end|p1a: Ferrothorn|move: Taunt
|upkeep
|
|switch|p2a: Dragapult|Dragapult, F|100/100
|turn|4
|
|move|p1a: Ferrothorn|Protect|p1a: Ferrothorn
|-singleturn|p1a: Ferrothorn|Protect
|move|p2a: Dragapult|Flamethrower|p1a: Ferrothorn
|-activate|p1a: Ferrothorn|move: Protect
|
|upkeep
|turn|5
|
|switch|p1a: Corsola|Corsola-Galar, F|100/100
|-damage|p1a: Corsola|88/100|[from] Spikes
|-damage|p1a: Corsola|76/100|[from] Stealth Rock
|move|p2a: Dragapult|Flamethrower|p1a: Corsola
|-damage|p1a: Corsola|57/100
|-damage|p2a: Dragapult|91/100|[from] item: Life Orb
|
|upkeep
|turn|6
|
|move|p2a: Dragapult|Shadow Ball|p1a: Corsola
|-supereffective|p1a: Corsola
|-damage|p1a: Corsola|11/100
|-damage|p2a: Dragapult|81/100|[from] item: Life Orb
|move|p1a: Corsola|Strength Sap|p2a: Dragapult
|-unboost|p2a: Dragapult|atk|1
|-heal|p1a: Corsola|79/100
|
|upkeep
|turn|7
|
|move|p2a: Dragapult|Shadow Ball|p1a: Corsola
|-supereffective|p1a: Corsola
|-damage|p1a: Corsola|30/100
|-damage|p2a: Dragapult|71/100|[from] item: Life Orb
|move|p1a: Corsola|Strength Sap|p2a: Dragapult
|-unboost|p2a: Dragapult|atk|1
|-heal|p1a: Corsola|75/100
|
|upkeep
|turn|8
|
|move|p2a: Dragapult|Shadow Ball|p1a: Corsola
|-supereffective|p1a: Corsola
|-damage|p1a: Corsola|31/100
|-damage|p2a: Dragapult|61/100|[from] item: Life Orb
|move|p1a: Corsola|Will-O-Wisp|p2a: Dragapult
|-status|p2a: Dragapult|brn
|
|-damage|p2a: Dragapult|55/100 brn|[from] brn
|upkeep
|turn|9
|
|move|p2a: Dragapult|Shadow Ball|p1a: Corsola
|-supereffective|p1a: Corsola
|-damage|p1a: Corsola|0 fnt
|-start|p2a: Dragapult|Disable|Shadow Ball|[from] ability: Cursed Body|[of] p1a: Corsola
|-damage|p2a: Dragapult|46/100 brn|[from] item: Life Orb
|faint|p1a: Corsola
|
|-damage|p2a: Dragapult|40/100 brn|[from] brn
|upkeep
|
|switch|p1a: Ferrothorn|Ferrothorn, F|100/100
|-damage|p1a: Ferrothorn|88/100|[from] Spikes
|-damage|p1a: Ferrothorn|82/100|[from] Stealth Rock
|turn|10
|
|switch|p1a: Cinderace|Cinderace, F|100/100
|-damage|p1a: Cinderace|88/100|[from] Spikes
|-damage|p1a: Cinderace|63/100|[from] Stealth Rock
|move|p2a: Dragapult|Flamethrower|p1a: Cinderace
|-resisted|p1a: Cinderace
|-damage|p1a: Cinderace|41/100
|-damage|p2a: Dragapult|30/100 brn|[from] item: Life Orb
|
|-damage|p2a: Dragapult|24/100 brn|[from] brn
|upkeep
|turn|11
|
|move|p2a: Dragapult|Draco Meteor|p1a: Cinderace
|-crit|p1a: Cinderace
|-damage|p1a: Cinderace|0 fnt
|-unboost|p2a: Dragapult|spa|2
|-damage|p2a: Dragapult|14/100 brn|[from] item: Life Orb
|faint|p1a: Cinderace
|
|-damage|p2a: Dragapult|8/100 brn|[from] brn
|upkeep
|
|switch|p1a: Ferrothorn|Ferrothorn, F|82/100
|-damage|p1a: Ferrothorn|76/100|[from] Stealth Rock
|-damage|p1a: Ferrothorn|64/100|[from] Spikes
|turn|12
|
|move|p1a: Ferrothorn|Protect|p1a: Ferrothorn
|-singleturn|p1a: Ferrothorn|Protect
|move|p2a: Dragapult|Flamethrower|p1a: Ferrothorn
|-activate|p1a: Ferrothorn|move: Protect
|
|-damage|p2a: Dragapult|2/100 brn|[from] brn
|-end|p2a: Dragapult|Disable
|upkeep
|turn|13
|
|move|p1a: Ferrothorn|Protect||[still]
|-fail|p1a: Ferrothorn
|move|p2a: Dragapult|Flamethrower|p1a: Ferrothorn
|-supereffective|p1a: Ferrothorn
|-damage|p1a: Ferrothorn|0 fnt
|-damage|p2a: Dragapult|0 fnt|[from] item: Life Orb
|faint|p1a: Ferrothorn
|faint|p2a: Dragapult
|
|upkeep
|
|switch|p2a: Bisharp|Bisharp, M|100/100
|switch|p1a: Polteageist|Polteageist|100/100
|-damage|p1a: Polteageist|88/100|[from] Stealth Rock
|-damage|p1a: Polteageist|76/100|[from] Spikes
|turn|14
|
|move|p2a: Bisharp|Throat Chop|p1a: Polteageist
|-supereffective|p1a: Polteageist
|-damage|p1a: Polteageist|0 fnt
|-damage|p2a: Bisharp|91/100|[from] item: Life Orb
|faint|p1a: Polteageist
|
|upkeep
|
|switch|p1a: Eiscue|Eiscue, F|100/100
|-damage|p1a: Eiscue|88/100|[from] Spikes
|-damage|p1a: Eiscue|63/100|[from] Stealth Rock
|turn|15
|
|move|p2a: Bisharp|Iron Head|p1a: Eiscue
|-activate|p1a: Eiscue|ability: Ice Face
|-damage|p1a: Eiscue|63/100
|detailschange|p1a: Eiscue|Eiscue-Noice, F
|-damage|p2a: Bisharp|81/100|[from] item: Life Orb
|move|p1a: Eiscue|Belly Drum|p1a: Eiscue
|-damage|p1a: Eiscue|14/100
|-setboost|p1a: Eiscue|atk|6|[from] move: Belly Drum
|-enditem|p1a: Eiscue|Sitrus Berry|[eat]
|-heal|p1a: Eiscue|38/100|[from] item: Sitrus Berry
|
|upkeep
|turn|16
|
|move|p2a: Bisharp|Sucker Punch||[still]
|-fail|p2a: Bisharp
|move|p1a: Eiscue|Substitute|p1a: Eiscue
|-start|p1a: Eiscue|Substitute
|-damage|p1a: Eiscue|14/100
|
|upkeep
|turn|17
|
|move|p2a: Bisharp|Sucker Punch|p1a: Eiscue
|-end|p1a: Eiscue|Substitute
|-damage|p2a: Bisharp|71/100|[from] item: Life Orb
|move|p1a: Eiscue|Icicle Crash|p2a: Bisharp
|-resisted|p2a: Bisharp
|-damage|p2a: Bisharp|0 fnt
|faint|p2a: Bisharp
|
|upkeep
|
|switch|p2a: Conkeldurr|Conkeldurr, F|100/100
|turn|18
|
|move|p2a: Conkeldurr|Mach Punch|p1a: Eiscue
|-supereffective|p1a: Eiscue
|-damage|p1a: Eiscue|0 fnt
|faint|p1a: Eiscue
|
|-status|p2a: Conkeldurr|brn|[from] item: Flame Orb
|upkeep
|
|switch|p1a: Dragapult|Dragapult, F|100/100
|-damage|p1a: Dragapult|88/100|[from] Stealth Rock
|-damage|p1a: Dragapult|76/100|[from] Spikes
|turn|19
|
|move|p1a: Dragapult|Dragon Darts|p2a: Conkeldurr
|-damage|p2a: Conkeldurr|65/100 brn
|-damage|p2a: Conkeldurr|30/100 brn
|-hitcount|p2a: Conkeldurr|2
|-damage|p1a: Dragapult|66/100|[from] item: Life Orb
|move|p2a: Conkeldurr|Earthquake|p1a: Dragapult
|-damage|p1a: Dragapult|0 fnt
|faint|p1a: Dragapult
|
|win|vcdestruiuomeuovo
|l|☆Maseratihottie
