|ScrapeTime|2020-01-03-01:35:10
|j|☆Gnirks_Flo
|j|☆Sir Isaac Mewton
|player|p1|Gnirks_Flo|92|1717
|player|p2|Sir Isaac Mewton|267|1788
|teamsize|p1|6
|teamsize|p2|6
|gametype|singles
|gen|8
|tier|[Gen 8] OU
|rated|
|rule|Sleep Clause Mod: Limit one foe put to sleep
|rule|Species Clause: Limit one of each Pokémon
|rule|OHKO Clause: OHKO moves are banned
|rule|Evasion Moves Clause: Evasion moves are banned
|rule|Endless Battle Clause: Forcing endless battles is banned
|rule|HP Percentage Mod: HP is shown in percentages
|clearpoke
|poke|p1|Dragapult, M|
|poke|p1|Cinderace, M|
|poke|p1|Toxtricity, M|
|poke|p1|Corviknight, F|
|poke|p1|Seismitoad, F|
|poke|p1|Clefable, F|
|poke|p2|Aegislash, M|
|poke|p2|Hydreigon, M|
|poke|p2|Corsola-Galar, M|
|poke|p2|Ferrothorn, F|
|poke|p2|Toxapex, M|
|poke|p2|Ditto|
|rule|Dynamax Clause: You cannot dynamax
|teampreview
|j| slobadd
|
|start
|switch|p1a: Dragapult|Dragapult, M|100/100
|switch|p2a: Hgon|Hydreigon, M|100/100
|turn|1
|
|switch|p1a: Corviknight|Corviknight, F|100/100
|switch|p2a: Toxe|Toxapex, M|100/100
|
|upkeep
|turn|2
|
|move|p1a: Corviknight|U-turn|p2a: Toxe
|-resisted|p2a: Toxe
|-damage|p2a: Toxe|95/100
|
|switch|p1a: Clefable|Clefable, F|100/100|[from]move: U-turn
|move|p2a: Toxe|Scald|p1a: Clefable
|-damage|p1a: Clefable|83/100
|
|-heal|p2a: Toxe|100/100|[from] item: Black Sludge
|upkeep
|turn|3
|
|move|p1a: Clefable|Moonblast|p2a: Toxe
|-resisted|p2a: Toxe
|-damage|p2a: Toxe|82/100
|move|p2a: Toxe|Scald|p1a: Clefable
|-damage|p1a: Clefable|67/100
|
|-heal|p2a: Toxe|88/100|[from] item: Black Sludge
|upkeep
|turn|4
|
|move|p1a: Clefable|Moonlight|p1a: Clefable
|-heal|p1a: Clefable|100/100
|move|p2a: Toxe|Recover|p2a: Toxe
|-heal|p2a: Toxe|100/100
|
|upkeep
|turn|5
|
|move|p1a: Clefable|Thunderbolt|p2a: Toxe
|-supereffective|p2a: Toxe
|-damage|p2a: Toxe|51/100
|move|p2a: Toxe|Scald|p1a: Clefable
|-damage|p1a: Clefable|83/100
|
|-heal|p2a: Toxe|57/100|[from] item: Black Sludge
|upkeep
|turn|6
|
|move|p1a: Clefable|Thunderbolt|p2a: Toxe
|-supereffective|p2a: Toxe
|-damage|p2a: Toxe|5/100
|move|p2a: Toxe|Recover|p2a: Toxe
|-heal|p2a: Toxe|55/100
|
|-heal|p2a: Toxe|61/100|[from] item: Black Sludge
|upkeep
|turn|7
|
|switch|p2a: Fert|Ferrothorn, F|100/100
|move|p1a: Clefable|Thunderbolt|p2a: Fert
|-resisted|p2a: Fert
|-damage|p2a: Fert|87/100
|
|-heal|p2a: Fert|93/100|[from] item: Leftovers
|upkeep
|turn|8
|
|switch|p2a: Toxe|Toxapex, M|94/100
|move|p1a: Clefable|Flamethrower|p2a: Toxe
|-resisted|p2a: Toxe
|-crit|p2a: Toxe
|-damage|p2a: Toxe|77/100
|
|-heal|p2a: Toxe|83/100|[from] item: Black Sludge
|upkeep
|turn|9
|l| slobadd
|
|move|p1a: Clefable|Thunderbolt|p2a: Toxe
|-supereffective|p2a: Toxe
|-damage|p2a: Toxe|36/100
|move|p2a: Toxe|Recover|p2a: Toxe
|-heal|p2a: Toxe|86/100
|
|-heal|p2a: Toxe|92/100|[from] item: Black Sludge
|upkeep
|turn|10
|inactive|Battle timer is ON: inactive players will automatically lose when time's up. (requested by Gnirks_Flo)
|
|move|p1a: Clefable|Thunderbolt|p2a: Toxe
|-supereffective|p2a: Toxe
|-damage|p2a: Toxe|44/100
|move|p2a: Toxe|Recover|p2a: Toxe
|-heal|p2a: Toxe|94/100
|
|-heal|p2a: Toxe|99/100|[from] item: Black Sludge
|upkeep
|turn|11
|
|move|p1a: Clefable|Thunderbolt|p2a: Toxe
|-supereffective|p2a: Toxe
|-damage|p2a: Toxe|51/100
|move|p2a: Toxe|Scald|p1a: Clefable
|-damage|p1a: Clefable|65/100
|-status|p1a: Clefable|brn
|
|-heal|p2a: Toxe|57/100|[from] item: Black Sludge
|upkeep
|turn|12
|
|switch|p2a: Hgon|Hydreigon, M|100/100
|move|p1a: Clefable|Thunderbolt|p2a: Hgon
|-resisted|p2a: Hgon
|-damage|p2a: Hgon|79/100
|
|-heal|p2a: Hgon|85/100|[from] item: Leftovers
|upkeep
|turn|13
|
|switch|p1a: Corviknight|Corviknight, F|100/100
|move|p2a: Hgon|U-turn|p1a: Corviknight
|-resisted|p1a: Corviknight
|-damage|p1a: Corviknight|97/100
|
|switch|p2a: Cola|Corsola-Galar, M|100/100|[from]move: U-turn
|
|-heal|p1a: Corviknight|100/100|[from] item: Leftovers
|upkeep
|turn|14
|
|move|p1a: Corviknight|U-turn|p2a: Cola
|-resisted|p2a: Cola
|-damage|p2a: Cola|97/100
|
|switch|p1a: Seismitoad|Seismitoad, F|100/100|[from]move: U-turn
|move|p2a: Cola|Stealth Rock|p1a: Seismitoad
|-sidestart|p1: Gnirks_Flo|move: Stealth Rock
|
|upkeep
|turn|15
|
|switch|p2a: Fert|Ferrothorn, F|93/100
|move|p1a: Seismitoad|Toxic|p2a: Fert
|-immune|p2a: Fert
|
|-heal|p2a: Fert|99/100|[from] item: Leftovers
|upkeep
|turn|16
|
|switch|p1a: Clefable|Clefable, F|65/100 brn
|move|p2a: Fert|Knock Off|p1a: Clefable
|-resisted|p1a: Clefable
|-damage|p1a: Clefable|54/100 brn
|-enditem|p1a: Clefable|Life Orb|[from] move: Knock Off|[of] p2a: Fert
|
|-heal|p2a: Fert|100/100|[from] item: Leftovers
|upkeep
|turn|17
|
|move|p1a: Clefable|Thunderbolt|p2a: Fert
|-resisted|p2a: Fert
|-damage|p2a: Fert|90/100
|move|p2a: Fert|Gyro Ball|p1a: Clefable
|-supereffective|p1a: Clefable
|-crit|p1a: Clefable
|-damage|p1a: Clefable|0 fnt
|faint|p1a: Clefable
|
|-heal|p2a: Fert|96/100|[from] item: Leftovers
|upkeep
|c|☆Sir Isaac Mewton|nice
|
|switch|p1a: Cinderace|Cinderace, M|100/100
|turn|18
|
|switch|p2a: Cola|Corsola-Galar, M|97/100
|move|p1a: Cinderace|Court Change|p1a: Cinderace
|-sideend|p1: Gnirks_Flo|Stealth Rock|[silent]
|-sidestart|p2: Sir Isaac Mewton|Stealth Rock|[silent]
|-activate|p1a: Cinderace|move: Court Change
|
|upkeep
|turn|19
|
|move|p1a: Cinderace|U-turn|p2a: Cola
|-resisted|p2a: Cola
|-damage|p2a: Cola|91/100
|
|switch|p1a: Seismitoad|Seismitoad, F|100/100|[from]move: U-turn
|move|p2a: Cola|Stealth Rock|p1a: Seismitoad
|-sidestart|p1: Gnirks_Flo|move: Stealth Rock
|
|upkeep
|turn|20
|
|switch|p2a: Fert|Ferrothorn, F|96/100
|-damage|p2a: Fert|90/100|[from] Stealth Rock
|move|p1a: Seismitoad|Scald|p2a: Fert
|-resisted|p2a: Fert
|-damage|p2a: Fert|81/100
|
|-heal|p2a: Fert|88/100|[from] item: Leftovers
|upkeep
|turn|21
|
|switch|p1a: Cinderace|Cinderace, M|100/100
|move|p2a: Fert|Knock Off|p1a: Cinderace
|-damage|p1a: Cinderace|72/100
|-enditem|p1a: Cinderace|Heavy-Duty Boots|[from] move: Knock Off|[of] p2a: Fert
|
|-heal|p2a: Fert|94/100|[from] item: Leftovers
|upkeep
|turn|22
|
|switch|p2a: Toxe|Toxapex, M|91/100
|-damage|p2a: Toxe|78/100|[from] Stealth Rock
|move|p1a: Cinderace|Pyro Ball|p2a: Toxe
|-resisted|p2a: Toxe
|-damage|p2a: Toxe|55/100
|
|-heal|p2a: Toxe|62/100|[from] item: Black Sludge
|upkeep
|turn|23
|
|move|p1a: Cinderace|U-turn|p2a: Toxe
|-resisted|p2a: Toxe
|-damage|p2a: Toxe|53/100
|
|switch|p1a: Toxtricity|Toxtricity, M|100/100|[from]move: U-turn
|-damage|p1a: Toxtricity|88/100|[from] Stealth Rock
|move|p2a: Toxe|Recover|p2a: Toxe
|-heal|p2a: Toxe|100/100
|
|upkeep
|turn|24
|j| JKongh
|
|switch|p2a: Fert|Ferrothorn, F|94/100
|-damage|p2a: Fert|88/100|[from] Stealth Rock
|move|p1a: Toxtricity|Boomburst|p2a: Fert
|-resisted|p2a: Fert
|-damage|p2a: Fert|48/100
|
|-heal|p2a: Fert|54/100|[from] item: Leftovers
|upkeep
|turn|25
|
|switch|p1a: Cinderace|Cinderace, M|72/100
|-damage|p1a: Cinderace|47/100|[from] Stealth Rock
|move|p2a: Fert|Leech Seed|p1a: Cinderace
|-start|p1a: Cinderace|move: Leech Seed
|
|-heal|p2a: Fert|61/100|[from] item: Leftovers
|-damage|p1a: Cinderace|34/100|[from] Leech Seed|[of] p2a: Fert
|-heal|p2a: Fert|71/100|[silent]
|upkeep
|turn|26
|
|switch|p2a: Toxe|Toxapex, M|100/100
|-damage|p2a: Toxe|88/100|[from] Stealth Rock
|move|p1a: Cinderace|U-turn|p2a: Toxe
|-resisted|p2a: Toxe
|-damage|p2a: Toxe|80/100
|
|switch|p1a: Toxtricity|Toxtricity, M|88/100|[from]move: U-turn
|-damage|p1a: Toxtricity|76/100|[from] Stealth Rock
|
|-heal|p2a: Toxe|86/100|[from] item: Black Sludge
|upkeep
|turn|27
|
|switch|p2a: Fert|Ferrothorn, F|71/100
|-damage|p2a: Fert|65/100|[from] Stealth Rock
|move|p1a: Toxtricity|Overdrive|p2a: Fert
|-resisted|p2a: Fert
|-damage|p2a: Fert|33/100
|
|-heal|p2a: Fert|39/100|[from] item: Leftovers
|upkeep
|turn|28
|
|move|p1a: Toxtricity|Overdrive|p2a: Fert
|-resisted|p2a: Fert
|-damage|p2a: Fert|6/100
|move|p2a: Fert|Spikes|p1a: Toxtricity
|-sidestart|p1: Gnirks_Flo|Spikes
|
|-heal|p2a: Fert|12/100|[from] item: Leftovers
|upkeep
|turn|29
|
|move|p1a: Toxtricity|Overdrive|p2a: Fert
|-resisted|p2a: Fert
|-damage|p2a: Fert|0 fnt
|faint|p2a: Fert
|
|upkeep
|
|switch|p2a: Hgon|Hydreigon, M|85/100
|-damage|p2a: Hgon|73/100|[from] Stealth Rock
|turn|30
|
|switch|p1a: Corviknight|Corviknight, F|100/100
|-damage|p1a: Corviknight|88/100|[from] Stealth Rock
|move|p2a: Hgon|Dark Pulse|p1a: Corviknight
|-damage|p1a: Corviknight|61/100
|
|-heal|p2a: Hgon|79/100|[from] item: Leftovers
|-heal|p1a: Corviknight|67/100|[from] item: Leftovers
|upkeep
|turn|31
|j| TFT_Turo
|
|move|p2a: Hgon|Dark Pulse|p1a: Corviknight
|-damage|p1a: Corviknight|40/100
|move|p1a: Corviknight|Roost|p1a: Corviknight
|-heal|p1a: Corviknight|90/100
|-singleturn|p1a: Corviknight|move: Roost
|
|-heal|p2a: Hgon|85/100|[from] item: Leftovers
|-heal|p1a: Corviknight|96/100|[from] item: Leftovers
|upkeep
|turn|32
|
|move|p2a: Hgon|Dark Pulse|p1a: Corviknight
|-damage|p1a: Corviknight|67/100
|move|p1a: Corviknight|Defog|p2a: Hgon
|-unboost|p2a: Hgon|evasion|1
|-sideend|p2: Sir Isaac Mewton|Stealth Rock|[from] move: Defog|[of] p1a: Corviknight
|-sideend|p1: Gnirks_Flo|Spikes|[from] move: Defog|[of] p1a: Corviknight
|-sideend|p1: Gnirks_Flo|Stealth Rock|[from] move: Defog|[of] p1a: Corviknight
|
|-heal|p2a: Hgon|92/100|[from] item: Leftovers
|-heal|p1a: Corviknight|73/100|[from] item: Leftovers
|upkeep
|turn|33
|
|move|p2a: Hgon|Dark Pulse|p1a: Corviknight
|-damage|p1a: Corviknight|46/100
|move|p1a: Corviknight|Roost|p1a: Corviknight
|-heal|p1a: Corviknight|96/100
|-singleturn|p1a: Corviknight|move: Roost
|
|-heal|p2a: Hgon|98/100|[from] item: Leftovers
|-heal|p1a: Corviknight|100/100|[from] item: Leftovers
|upkeep
|turn|34
|
|move|p2a: Hgon|Dark Pulse|p1a: Corviknight
|-damage|p1a: Corviknight|72/100
|cant|p1a: Corviknight|flinch
|
|-heal|p2a: Hgon|100/100|[from] item: Leftovers
|-heal|p1a: Corviknight|78/100|[from] item: Leftovers
|upkeep
|turn|35
|
|switch|p1a: Dragapult|Dragapult, M|100/100
|move|p2a: Hgon|Dark Pulse|p1a: Dragapult
|-supereffective|p1a: Dragapult
|-damage|p1a: Dragapult|0 fnt
|faint|p1a: Dragapult
|
|upkeep
|
|switch|p1a: Cinderace|Cinderace, M|34/100
|turn|36
|
|move|p1a: Cinderace|U-turn|p2a: Hgon
|-supereffective|p2a: Hgon
|-damage|p2a: Hgon|46/100
|
|switch|p1a: Corviknight|Corviknight, F|78/100|[from]move: U-turn
|move|p2a: Hgon|Dark Pulse|p1a: Corviknight
|-damage|p1a: Corviknight|49/100
|
|-heal|p2a: Hgon|52/100|[from] item: Leftovers
|-heal|p1a: Corviknight|55/100|[from] item: Leftovers
|upkeep
|turn|37
|l| TFT_Turo
|
|move|p2a: Hgon|Dark Pulse|p1a: Corviknight
|-damage|p1a: Corviknight|27/100
|cant|p1a: Corviknight|flinch
|
|-heal|p2a: Hgon|58/100|[from] item: Leftovers
|-heal|p1a: Corviknight|33/100|[from] item: Leftovers
|upkeep
|turn|38
|
|move|p2a: Hgon|Dark Pulse|p1a: Corviknight
|-damage|p1a: Corviknight|7/100
|move|p1a: Corviknight|Roost|p1a: Corviknight
|-heal|p1a: Corviknight|57/100
|-singleturn|p1a: Corviknight|move: Roost
|
|-heal|p2a: Hgon|64/100|[from] item: Leftovers
|-heal|p1a: Corviknight|63/100|[from] item: Leftovers
|upkeep
|turn|39
|
|move|p2a: Hgon|Dark Pulse|p1a: Corviknight
|-damage|p1a: Corviknight|33/100
|move|p1a: Corviknight|Roost|p1a: Corviknight
|-heal|p1a: Corviknight|83/100
|-singleturn|p1a: Corviknight|move: Roost
|
|-heal|p2a: Hgon|70/100|[from] item: Leftovers
|-heal|p1a: Corviknight|89/100|[from] item: Leftovers
|upkeep
|turn|40
|
|move|p2a: Hgon|U-turn|p1a: Corviknight
|-resisted|p1a: Corviknight
|-damage|p1a: Corviknight|86/100
|
|switch|p2a: Cola|Corsola-Galar, M|91/100|[from]move: U-turn
|move|p1a: Corviknight|U-turn|p2a: Cola
|-resisted|p2a: Cola
|-damage|p2a: Cola|87/100
|
|switch|p1a: Seismitoad|Seismitoad, F|100/100|[from]move: U-turn
|
|upkeep
|turn|41
|
|move|p1a: Seismitoad|Toxic|p2a: Cola
|-status|p2a: Cola|tox
|move|p2a: Cola|Stealth Rock|p1a: Seismitoad
|-sidestart|p1: Gnirks_Flo|move: Stealth Rock
|
|-damage|p2a: Cola|81/100 tox|[from] psn
|upkeep
|turn|42
|
|switch|p2a: Toxe|Toxapex, M|100/100
|move|p1a: Seismitoad|Stealth Rock|p2a: Toxe
|-sidestart|p2: Sir Isaac Mewton|move: Stealth Rock
|
|upkeep
|turn|43
|
|move|p1a: Seismitoad|Scald|p2a: Toxe
|-resisted|p2a: Toxe
|-damage|p2a: Toxe|93/100
|move|p2a: Toxe|Scald|p1a: Seismitoad
|-immune|p1a: Seismitoad|[from] ability: Water Absorb
|
|-heal|p2a: Toxe|99/100|[from] item: Black Sludge
|upkeep
|turn|44
|
|move|p1a: Seismitoad|Scald|p2a: Toxe
|-resisted|p2a: Toxe
|-damage|p2a: Toxe|92/100
|move|p2a: Toxe|Toxic|p1a: Seismitoad
|-status|p1a: Seismitoad|tox
|
|-heal|p2a: Toxe|99/100|[from] item: Black Sludge
|-damage|p1a: Seismitoad|94/100 tox|[from] psn
|upkeep
|turn|45
|
|move|p1a: Seismitoad|Scald|p2a: Toxe
|-resisted|p2a: Toxe
|-damage|p2a: Toxe|90/100
|move|p2a: Toxe|Scald|p1a: Seismitoad
|-heal|p1a: Seismitoad|100/100 tox|[from] ability: Water Absorb|[of] p2a: Toxe
|
|-heal|p2a: Toxe|96/100|[from] item: Black Sludge
|-damage|p1a: Seismitoad|88/100 tox|[from] psn
|upkeep
|turn|46
|
|switch|p2a: Hgon|Hydreigon, M|70/100
|-damage|p2a: Hgon|58/100|[from] Stealth Rock
|move|p1a: Seismitoad|Scald|p2a: Hgon
|-resisted|p2a: Hgon
|-damage|p2a: Hgon|44/100
|
|-heal|p2a: Hgon|50/100|[from] item: Leftovers
|-heal|p1a: Seismitoad|94/100 tox|[from] item: Leftovers
|-damage|p1a: Seismitoad|76/100 tox|[from] psn
|upkeep
|turn|47
|
|switch|p1a: Corviknight|Corviknight, F|86/100
|-damage|p1a: Corviknight|74/100|[from] Stealth Rock
|move|p2a: Hgon|Dark Pulse|p1a: Corviknight
|-damage|p1a: Corviknight|49/100
|
|-heal|p2a: Hgon|56/100|[from] item: Leftovers
|-heal|p1a: Corviknight|55/100|[from] item: Leftovers
|upkeep
|turn|48
|
|move|p2a: Hgon|Dark Pulse|p1a: Corviknight
|-damage|p1a: Corviknight|29/100
|move|p1a: Corviknight|Roost|p1a: Corviknight
|-heal|p1a: Corviknight|79/100
|-singleturn|p1a: Corviknight|move: Roost
|
|-heal|p2a: Hgon|62/100|[from] item: Leftovers
|-heal|p1a: Corviknight|85/100|[from] item: Leftovers
|upkeep
|turn|49
|
|move|p2a: Hgon|U-turn|p1a: Corviknight
|-resisted|p1a: Corviknight
|-damage|p1a: Corviknight|82/100
|
|switch|p2a: Agsh|Aegislash, M|100/100|[from]move: U-turn
|-damage|p2a: Agsh|94/100|[from] Stealth Rock
|move|p1a: Corviknight|Roost|p1a: Corviknight
|-heal|p1a: Corviknight|100/100
|-singleturn|p1a: Corviknight|move: Roost
|
|-heal|p2a: Agsh|100/100|[from] item: Leftovers
|upkeep
|turn|50
|
|move|p1a: Corviknight|U-turn|p2a: Agsh
|-resisted|p2a: Agsh
|-damage|p2a: Agsh|97/100
|
|switch|p1a: Cinderace|Cinderace, M|34/100|[from]move: U-turn
|-damage|p1a: Cinderace|9/100|[from] Stealth Rock
|move|p2a: Agsh|Substitute|p2a: Agsh
|-start|p2a: Agsh|Substitute
|-damage|p2a: Agsh|72/100
|
|-heal|p2a: Agsh|79/100|[from] item: Leftovers
|upkeep
|turn|51
|
|move|p2a: Agsh|King's Shield|p2a: Agsh
|-singleturn|p2a: Agsh|Protect
|move|p1a: Cinderace|Sucker Punch||[still]
|-fail|p1a: Cinderace
|
|-heal|p2a: Agsh|85/100|[from] item: Leftovers
|upkeep
|turn|52
|
|move|p1a: Cinderace|Sucker Punch|p2a: Agsh
|-supereffective|p2a: Agsh
|-end|p2a: Agsh|Substitute
|-formechange|p2a: Agsh|Aegislash-Blade||[from] ability: Stance Change
|move|p2a: Agsh|Shadow Ball|p1a: Cinderace
|-crit|p1a: Cinderace
|-damage|p1a: Cinderace|0 fnt
|faint|p1a: Cinderace
|
|-heal|p2a: Agsh|91/100|[from] item: Leftovers
|upkeep
|
|switch|p1a: Toxtricity|Toxtricity, M|76/100
|-damage|p1a: Toxtricity|63/100|[from] Stealth Rock
|turn|53
|
|-formechange|p2a: Agsh|Aegislash||[from] ability: Stance Change
|move|p2a: Agsh|King's Shield|p2a: Agsh
|-singleturn|p2a: Agsh|Protect
|move|p1a: Toxtricity|Overdrive|p2a: Agsh
|-activate|p2a: Agsh|move: Protect
|
|-heal|p2a: Agsh|97/100|[from] item: Leftovers
|upkeep
|turn|54
|
|move|p1a: Toxtricity|Overdrive|p2a: Agsh
|-damage|p2a: Agsh|29/100
|-formechange|p2a: Agsh|Aegislash-Blade||[from] ability: Stance Change
|move|p2a: Agsh|Shadow Ball|p1a: Toxtricity
|-damage|p1a: Toxtricity|0 fnt
|faint|p1a: Toxtricity
|
|-heal|p2a: Agsh|35/100|[from] item: Leftovers
|upkeep
|
|switch|p1a: Seismitoad|Seismitoad, F|76/100 tox
|-damage|p1a: Seismitoad|70/100 tox|[from] Stealth Rock
|turn|55
|
|-formechange|p2a: Agsh|Aegislash||[from] ability: Stance Change
|move|p2a: Agsh|King's Shield|p2a: Agsh
|-singleturn|p2a: Agsh|Protect
|move|p1a: Seismitoad|Scald|p2a: Agsh
|-activate|p2a: Agsh|move: Protect
|
|-heal|p1a: Seismitoad|76/100 tox|[from] item: Leftovers
|-heal|p2a: Agsh|41/100|[from] item: Leftovers
|-damage|p1a: Seismitoad|70/100 tox|[from] psn
|upkeep
|turn|56
|
|switch|p2a: Toxe|Toxapex, M|100/100
|-damage|p2a: Toxe|88/100|[from] Stealth Rock
|move|p1a: Seismitoad|Scald|p2a: Toxe
|-resisted|p2a: Toxe
|-damage|p2a: Toxe|80/100
|
|-heal|p1a: Seismitoad|76/100 tox|[from] item: Leftovers
|-heal|p2a: Toxe|87/100|[from] item: Black Sludge
|-damage|p1a: Seismitoad|64/100 tox|[from] psn
|upkeep
|turn|57
|-message|Gnirks_Flo forfeited.
|
|win|Sir Isaac Mewton
|l|☆Gnirks_Flo
|raw|Gnirks_Flo's rating: 1717 → 1700(-17 for losing)
|raw|Sir Isaac Mewton's rating: 1767 → 1784(+17 for winning)
