|ScrapeTime|2020-01-01-18:14:50
|j|☆aporue
|j|☆soft boys
|player|p1|aporue|101|1108
|player|p2|soft boys|pokekid|1096
|teamsize|p1|6
|teamsize|p2|6
|gametype|singles
|gen|8
|tier|[Gen 8] OU
|rated|
|rule|Sleep Clause Mod: Limit one foe put to sleep
|rule|Species Clause: Limit one of each Pokémon
|rule|OHKO Clause: OHKO moves are banned
|rule|Evasion Moves Clause: Evasion moves are banned
|rule|Endless Battle Clause: Forcing endless battles is banned
|rule|HP Percentage Mod: HP is shown in percentages
|clearpoke
|poke|p1|Dracovish|
|poke|p1|Corsola-Galar, M|
|poke|p1|Ribombee, F|
|poke|p1|Corviknight, M|
|poke|p1|Claydol|
|poke|p1|Grimmsnarl, M|
|poke|p2|Pincurchin, F|
|poke|p2|Snom, F|
|poke|p2|Pyukumuku, M|
|poke|p2|Corsola-Galar, F|
|poke|p2|Eldegoss, F|
|poke|p2|Slurpuff, M|
|rule|Dynamax Clause: You cannot dynamax
|teampreview
|
|start
|switch|p1a: Grimmsnarl|Grimmsnarl, M|100/100
|switch|p2a: Corsola|Corsola-Galar, F|100/100
|turn|1
|
|move|p1a: Grimmsnarl|Trick|p2a: Corsola
|-activate|p1a: Grimmsnarl|move: Trick|[of] p2a: Corsola
|-item|p2a: Corsola|Flame Orb|[from] move: Trick
|-item|p1a: Grimmsnarl|Eviolite|[from] move: Trick
|move|p2a: Corsola|Night Shade|p1a: Grimmsnarl
|-damage|p1a: Grimmsnarl|75/100
|
|-status|p2a: Corsola|brn|[from] item: Flame Orb
|upkeep
|turn|2
|
|move|p1a: Grimmsnarl|Bulk Up|p1a: Grimmsnarl
|-boost|p1a: Grimmsnarl|atk|1
|-boost|p1a: Grimmsnarl|def|1
|move|p2a: Corsola|Will-O-Wisp|p1a: Grimmsnarl|[miss]
|-miss|p2a: Corsola|p1a: Grimmsnarl
|
|-damage|p2a: Corsola|94/100 brn|[from] brn
|upkeep
|turn|3
|
|move|p1a: Grimmsnarl|Bulk Up|p1a: Grimmsnarl
|-boost|p1a: Grimmsnarl|atk|1
|-boost|p1a: Grimmsnarl|def|1
|move|p2a: Corsola|Will-O-Wisp|p1a: Grimmsnarl
|-status|p1a: Grimmsnarl|brn
|
|-damage|p1a: Grimmsnarl|69/100 brn|[from] brn
|-damage|p2a: Corsola|88/100 brn|[from] brn
|upkeep
|turn|4
|
|move|p1a: Grimmsnarl|Bulk Up|p1a: Grimmsnarl
|-boost|p1a: Grimmsnarl|atk|1
|-boost|p1a: Grimmsnarl|def|1
|move|p2a: Corsola|Stealth Rock|p1a: Grimmsnarl
|-sidestart|p1: aporue|move: Stealth Rock
|
|-damage|p1a: Grimmsnarl|63/100 brn|[from] brn
|-damage|p2a: Corsola|82/100 brn|[from] brn
|upkeep
|turn|5
|
|switch|p2a: Pyukumuku|Pyukumuku, M|100/100
|move|p1a: Grimmsnarl|Bulk Up|p1a: Grimmsnarl
|-boost|p1a: Grimmsnarl|atk|1
|-boost|p1a: Grimmsnarl|def|1
|
|-damage|p1a: Grimmsnarl|57/100 brn|[from] brn
|upkeep
|turn|6
|
|move|p1a: Grimmsnarl|Drain Punch|p2a: Pyukumuku
|-damage|p2a: Pyukumuku|93/100
|-heal|p1a: Grimmsnarl|60/100 brn|[from] drain|[of] p2a: Pyukumuku
|move|p2a: Pyukumuku|Soak|p1a: Grimmsnarl
|-start|p1a: Grimmsnarl|typechange|Water
|
|-heal|p2a: Pyukumuku|99/100|[from] item: Leftovers
|-damage|p1a: Grimmsnarl|54/100 brn|[from] brn
|upkeep
|turn|7
|
|move|p2a: Pyukumuku|Protect|p2a: Pyukumuku
|-singleturn|p2a: Pyukumuku|Protect
|move|p1a: Grimmsnarl|Trick|p2a: Pyukumuku
|-activate|p2a: Pyukumuku|move: Protect
|
|-heal|p2a: Pyukumuku|100/100|[from] item: Leftovers
|-damage|p1a: Grimmsnarl|48/100 brn|[from] brn
|upkeep
|turn|8
|
|switch|p2a: Corsola|Corsola-Galar, F|82/100 brn
|move|p1a: Grimmsnarl|Darkest Lariat|p2a: Corsola
|-supereffective|p2a: Corsola
|-damage|p2a: Corsola|15/100 brn
|-start|p1a: Grimmsnarl|Disable|Darkest Lariat|[from] ability: Cursed Body|[of] p2a: Corsola
|
|-damage|p1a: Grimmsnarl|42/100 brn|[from] brn
|-damage|p2a: Corsola|9/100 brn|[from] brn
|upkeep
|turn|9
|
|move|p1a: Grimmsnarl|Bulk Up|p1a: Grimmsnarl
|-boost|p1a: Grimmsnarl|atk|1
|-boost|p1a: Grimmsnarl|def|1
|move|p2a: Corsola|Strength Sap|p1a: Grimmsnarl
|-unboost|p1a: Grimmsnarl|atk|1
|-heal|p2a: Corsola|100/100 brn
|
|-damage|p1a: Grimmsnarl|36/100 brn|[from] brn
|-damage|p2a: Corsola|94/100 brn|[from] brn
|upkeep
|turn|10
|
|switch|p1a: Ribombee|Ribombee, F|100/100
|-damage|p1a: Ribombee|76/100|[from] Stealth Rock
|move|p2a: Corsola|Strength Sap|p1a: Ribombee
|-unboost|p1a: Ribombee|atk|1
|-heal|p2a: Corsola|100/100 brn
|
|-damage|p2a: Corsola|94/100 brn|[from] brn
|upkeep
|turn|11
|
|move|p1a: Ribombee|Switcheroo|p2a: Corsola
|-activate|p1a: Ribombee|move: Trick|[of] p2a: Corsola
|-item|p2a: Corsola|Choice Specs|[from] move: Switcheroo
|-item|p1a: Ribombee|Flame Orb|[from] move: Switcheroo
|move|p2a: Corsola|Night Shade|p1a: Ribombee
|-damage|p1a: Ribombee|37/100
|
|-damage|p2a: Corsola|88/100 brn|[from] brn
|-status|p1a: Ribombee|brn|[from] item: Flame Orb
|upkeep
|turn|12
|
|switch|p1a: Claydol|Claydol|100/100
|-damage|p1a: Claydol|94/100|[from] Stealth Rock
|move|p2a: Corsola|Night Shade|p1a: Claydol
|-damage|p1a: Claydol|63/100
|
|-heal|p1a: Claydol|70/100|[from] item: Leftovers
|-damage|p2a: Corsola|82/100 brn|[from] brn
|upkeep
|turn|13
|-message|aporue forfeited.
|
|win|soft boys
|l|☆aporue
