|ScrapeTime|2020-01-01-21:16:29
|j|☆Patolegend
|j|☆Shlassman
|player|p1|Patolegend|170|1591
|player|p2|Shlassman|102|1610
|teamsize|p1|6
|teamsize|p2|6
|gametype|singles
|gen|8
|tier|[Gen 8] OU
|rated|
|rule|Sleep Clause Mod: Limit one foe put to sleep
|rule|Species Clause: Limit one of each Pokémon
|rule|OHKO Clause: OHKO moves are banned
|rule|Evasion Moves Clause: Evasion moves are banned
|rule|Endless Battle Clause: Forcing endless battles is banned
|rule|HP Percentage Mod: HP is shown in percentages
|clearpoke
|poke|p1|Dracovish|
|poke|p1|Pelipper, F|
|poke|p1|Crawdaunt, M|
|poke|p1|Ferrothorn, F|
|poke|p1|Drednaw, M|
|poke|p1|Seismitoad, M|
|poke|p2|Dracovish|
|poke|p2|Orbeetle, M|
|poke|p2|Gyarados, F|
|poke|p2|Clefable, F|
|poke|p2|Cinderace, F|
|poke|p2|Dragapult, M|
|rule|Dynamax Clause: You cannot dynamax
|teampreview
|
|start
|switch|p1a: Seismitoad|Seismitoad, M|100/100
|switch|p2a: Orbeetle|Orbeetle, M|100/100
|-item|p1a: Seismitoad|Life Orb|[from] ability: Frisk|[of] p2a: Orbeetle|[identify]
|turn|1
|
|switch|p1a: Pelipper|Pelipper, F|100/100
|-weather|RainDance|[from] ability: Drizzle|[of] p1a: Pelipper
|move|p2a: Orbeetle|Hypnosis|p1a: Pelipper|[miss]
|-miss|p2a: Orbeetle|p1a: Pelipper
|
|-weather|RainDance|[upkeep]
|upkeep
|turn|2
|
|move|p2a: Orbeetle|Hypnosis|p1a: Pelipper|[miss]
|-miss|p2a: Orbeetle|p1a: Pelipper
|move|p1a: Pelipper|U-turn|p2a: Orbeetle
|-supereffective|p2a: Orbeetle
|-damage|p2a: Orbeetle|84/100
|
|switch|p1a: Dracovish|Dracovish|100/100|[from]move: U-turn
|
|-weather|RainDance|[upkeep]
|upkeep
|turn|3
|
|switch|p2a: Gyarados|Gyarados, F|100/100
|-ability|p2a: Gyarados|Intimidate|boost
|-unboost|p1a: Dracovish|atk|1
|move|p1a: Dracovish|Fishious Rend|p2a: Gyarados
|-resisted|p2a: Gyarados
|-damage|p2a: Gyarados|49/100
|
|-weather|RainDance|[upkeep]
|-heal|p2a: Gyarados|56/100|[from] item: Leftovers
|upkeep
|turn|4
|
|switch|p1a: Drednaw|Drednaw, M|100/100
|move|p2a: Gyarados|Dragon Dance|p2a: Gyarados
|-boost|p2a: Gyarados|atk|1
|-boost|p2a: Gyarados|spe|1
|
|-weather|RainDance|[upkeep]
|-heal|p2a: Gyarados|62/100|[from] item: Leftovers
|upkeep
|turn|5
|
|move|p1a: Drednaw|Head Smash|p2a: Gyarados
|-supereffective|p2a: Gyarados
|-damage|p2a: Gyarados|0 fnt
|-damage|p1a: Drednaw|63/100|[from] Recoil
|-damage|p1a: Drednaw|53/100|[from] item: Life Orb
|faint|p2a: Gyarados
|
|-weather|RainDance|[upkeep]
|upkeep
|
|switch|p2a: Dragapult|Dragapult, M|100/100
|turn|6
|
|move|p2a: Dragapult|Dragon Darts|p1a: Drednaw
|-damage|p1a: Drednaw|25/100
|-damage|p1a: Drednaw|0 fnt
|-hitcount|p1a: Drednaw|2
|faint|p1a: Drednaw
|
|-weather|RainDance|[upkeep]
|upkeep
|
|switch|p1a: Ferrothorn|Ferrothorn, F|100/100
|turn|7
|
|switch|p2a: Cinderace|Cinderace, F|100/100
|switch|p1a: Dracovish|Dracovish|100/100
|
|-weather|RainDance|[upkeep]
|upkeep
|turn|8
|
|move|p1a: Dracovish|Fishious Rend|p2a: Cinderace
|-supereffective|p2a: Cinderace
|-damage|p2a: Cinderace|0 fnt
|faint|p2a: Cinderace
|
|-weather|none
|upkeep
|
|switch|p2a: Dragapult|Dragapult, M|100/100
|turn|9
|
|switch|p1a: Pelipper|Pelipper, F|100/100
|-weather|RainDance|[from] ability: Drizzle|[of] p1a: Pelipper
|move|p2a: Dragapult|U-turn|p1a: Pelipper
|-resisted|p1a: Pelipper
|-damage|p1a: Pelipper|91/100
|
|switch|p2a: Dracovish|Dracovish|100/100|[from]move: U-turn
|
|-weather|RainDance|[upkeep]
|upkeep
|turn|10
|
|move|p2a: Dracovish|Fishious Rend|p1a: Pelipper
|-resisted|p1a: Pelipper
|-damage|p1a: Pelipper|0 fnt
|faint|p1a: Pelipper
|
|-weather|RainDance|[upkeep]
|upkeep
|
|switch|p1a: Seismitoad|Seismitoad, M|100/100
|turn|11
|
|move|p1a: Seismitoad|Earth Power|p2a: Dracovish
|-damage|p2a: Dracovish|40/100
|-damage|p1a: Seismitoad|91/100|[from] item: Life Orb
|move|p2a: Dracovish|Fishious Rend|p1a: Seismitoad
|-damage|p1a: Seismitoad|0 fnt
|faint|p1a: Seismitoad
|
|-weather|RainDance|[upkeep]
|upkeep
|
|switch|p1a: Dracovish|Dracovish|100/100
|turn|12
|
|switch|p2a: Clefable|Clefable, F|100/100
|move|p1a: Dracovish|Fishious Rend|p2a: Clefable
|-damage|p2a: Clefable|0 fnt
|faint|p2a: Clefable
|
|-weather|RainDance|[upkeep]
|upkeep
|
|switch|p2a: Dragapult|Dragapult, M|100/100
|turn|13
|
|move|p2a: Dragapult|Dragon Darts|p1a: Dracovish
|-supereffective|p1a: Dracovish
|-damage|p1a: Dracovish|49/100
|-supereffective|p1a: Dracovish
|-damage|p1a: Dracovish|1/100
|-hitcount|p1a: Dracovish|2
|move|p1a: Dracovish|Fishious Rend|p2a: Dragapult
|-resisted|p2a: Dragapult
|-damage|p2a: Dragapult|32/100
|
|-weather|RainDance|[upkeep]
|upkeep
|turn|14
|
|switch|p2a: Orbeetle|Orbeetle, M|84/100
|-item|p1a: Dracovish|Choice Scarf|[from] ability: Frisk|[of] p2a: Orbeetle|[identify]
|switch|p1a: Ferrothorn|Ferrothorn, F|100/100
|
|-weather|RainDance|[upkeep]
|upkeep
|turn|15
|
|move|p2a: Orbeetle|Sticky Web|p1a: Ferrothorn
|-sidestart|p1: Patolegend|move: Sticky Web
|move|p1a: Ferrothorn|Leech Seed|p2a: Orbeetle
|-start|p2a: Orbeetle|move: Leech Seed
|
|-weather|RainDance|[upkeep]
|-damage|p2a: Orbeetle|72/100|[from] Leech Seed|[of] p1a: Ferrothorn
|upkeep
|turn|16
|
|move|p2a: Orbeetle|Hypnosis|p1a: Ferrothorn
|-status|p1a: Ferrothorn|slp|[from] move: Hypnosis
|cant|p1a: Ferrothorn|slp
|
|-weather|none
|-damage|p2a: Orbeetle|60/100|[from] Leech Seed|[of] p1a: Ferrothorn
|upkeep
|turn|17
|
|move|p2a: Orbeetle|U-turn|p1a: Ferrothorn
|-damage|p1a: Ferrothorn|92/100 slp
|-damage|p2a: Orbeetle|47/100|[from] ability: Iron Barbs|[of] p1a: Ferrothorn
|
|switch|p2a: Dragapult|Dragapult, M|32/100|[from]move: U-turn
|cant|p1a: Ferrothorn|slp
|
|upkeep
|turn|18
|
|switch|p1a: Crawdaunt|Crawdaunt, M|100/100
|-activate|p1a: Crawdaunt|move: Sticky Web
|-unboost|p1a: Crawdaunt|spe|1
|move|p2a: Dragapult|Fire Blast|p1a: Crawdaunt
|-resisted|p1a: Crawdaunt
|-damage|p1a: Crawdaunt|74/100
|
|upkeep
|turn|19
|
|switch|p2a: Orbeetle|Orbeetle, M|47/100
|-item|p1a: Crawdaunt|Choice Band|[from] ability: Frisk|[of] p2a: Orbeetle|[identify]
|move|p1a: Crawdaunt|Knock Off|p2a: Orbeetle
|-supereffective|p2a: Orbeetle
|-damage|p2a: Orbeetle|0 fnt
|-enditem|p2a: Orbeetle|Wide Lens|[from] move: Knock Off|[of] p1a: Crawdaunt
|faint|p2a: Orbeetle
|
|upkeep
|
|switch|p2a: Dracovish|Dracovish|40/100
|turn|20
|
|switch|p1a: Dracovish|Dracovish|1/100
|-activate|p1a: Dracovish|move: Sticky Web
|-unboost|p1a: Dracovish|spe|1
|move|p2a: Dracovish|Fishious Rend|p1a: Dracovish
|-resisted|p1a: Dracovish
|-damage|p1a: Dracovish|0 fnt
|faint|p1a: Dracovish
|
|upkeep
|
|switch|p1a: Ferrothorn|Ferrothorn, F|92/100 slp
|-activate|p1a: Ferrothorn|move: Sticky Web
|-unboost|p1a: Ferrothorn|spe|1
|turn|21
|
|switch|p2a: Dragapult|Dragapult, M|32/100
|-curestatus|p1a: Ferrothorn|slp|[msg]
|move|p1a: Ferrothorn|Power Whip|p2a: Dragapult
|-resisted|p2a: Dragapult
|-damage|p2a: Dragapult|1/100
|
|upkeep
|turn|22
|
|switch|p1a: Crawdaunt|Crawdaunt, M|74/100
|-activate|p1a: Crawdaunt|move: Sticky Web
|-unboost|p1a: Crawdaunt|spe|1
|move|p2a: Dragapult|Fire Blast|p1a: Crawdaunt
|-resisted|p1a: Crawdaunt
|-damage|p1a: Crawdaunt|49/100
|
|upkeep
|turn|23
|
|move|p2a: Dragapult|Fire Blast|p1a: Crawdaunt
|-resisted|p1a: Crawdaunt
|-damage|p1a: Crawdaunt|21/100
|move|p1a: Crawdaunt|Knock Off|p2a: Dragapult
|-supereffective|p2a: Dragapult
|-damage|p2a: Dragapult|0 fnt
|-enditem|p2a: Dragapult|Choice Scarf|[from] move: Knock Off|[of] p1a: Crawdaunt
|faint|p2a: Dragapult
|
|upkeep
|
|switch|p2a: Dracovish|Dracovish|40/100
|turn|24
|
|switch|p1a: Ferrothorn|Ferrothorn, F|92/100
|-activate|p1a: Ferrothorn|move: Sticky Web
|-unboost|p1a: Ferrothorn|spe|1
|move|p2a: Dracovish|Fishious Rend|p1a: Ferrothorn
|-resisted|p1a: Ferrothorn
|-damage|p1a: Ferrothorn|37/100
|-damage|p2a: Dracovish|27/100|[from] ability: Iron Barbs|[of] p1a: Ferrothorn
|
|upkeep
|turn|25
|
|move|p2a: Dracovish|Fishious Rend|p1a: Ferrothorn
|-resisted|p1a: Ferrothorn
|-damage|p1a: Ferrothorn|0 fnt
|-damage|p2a: Dracovish|15/100|[from] ability: Iron Barbs|[of] p1a: Ferrothorn
|faint|p1a: Ferrothorn
|
|upkeep
|
|switch|p1a: Crawdaunt|Crawdaunt, M|21/100
|-activate|p1a: Crawdaunt|move: Sticky Web
|-unboost|p1a: Crawdaunt|spe|1
|turn|26
|
|move|p1a: Crawdaunt|Aqua Jet|p2a: Dracovish
|-resisted|p2a: Dracovish
|-damage|p2a: Dracovish|4/100
|move|p2a: Dracovish|Fishious Rend|p1a: Crawdaunt
|-resisted|p1a: Crawdaunt
|-damage|p1a: Crawdaunt|0 fnt
|faint|p1a: Crawdaunt
|
|win|Shlassman
|l|☆Patolegend
