|ScrapeTime|2020-01-02-02:15:21
|j|☆Arthu_101985
|j|☆Heehoking
|player|p1|Arthu_101985|224|1109
|player|p2|Heehoking|170|1124
|teamsize|p1|6
|teamsize|p2|6
|gametype|singles
|gen|8
|tier|[Gen 8] OU
|rated|
|rule|Sleep Clause Mod: Limit one foe put to sleep
|rule|Species Clause: Limit one of each Pokémon
|rule|OHKO Clause: OHKO moves are banned
|rule|Evasion Moves Clause: Evasion moves are banned
|rule|Endless Battle Clause: Forcing endless battles is banned
|rule|HP Percentage Mod: HP is shown in percentages
|clearpoke
|poke|p1|Polteageist|
|poke|p1|Indeedee-F, F|
|poke|p1|Corviknight, F|
|poke|p1|Cinderace, F|
|poke|p1|Clefable, F|
|poke|p1|Hawlucha, F|
|poke|p2|Clefable, F|
|poke|p2|Hydreigon, F|
|poke|p2|Tyranitar, M|
|poke|p2|Excadrill, M|
|poke|p2|Togekiss, F|
|poke|p2|Rotom-Wash|
|rule|Dynamax Clause: You cannot dynamax
|teampreview
|inactive|Battle timer is ON: inactive players will automatically lose when time's up. (requested by Arthu_101985)
|
|start
|switch|p1a: Cinderace|Cinderace, F|100/100
|switch|p2a: Rotom|Rotom-Wash|100/100
|turn|1
|
|move|p1a: Cinderace|U-turn|p2a: Rotom
|-damage|p2a: Rotom|73/100
|
|switch|p1a: Indeedee|Indeedee-F, F|100/100|[from]move: U-turn
|-fieldstart|move: Psychic Terrain|[from] ability: Psychic Surge|[of] p1a: Indeedee
|move|p2a: Rotom|Hydro Pump|p1a: Indeedee|[miss]
|-miss|p2a: Rotom|p1a: Indeedee
|
|-heal|p2a: Rotom|79/100|[from] item: Leftovers
|upkeep
|turn|2
|
|move|p2a: Rotom|Shadow Ball|p1a: Indeedee
|-immune|p1a: Indeedee
|move|p1a: Indeedee|Calm Mind|p1a: Indeedee
|-boost|p1a: Indeedee|spa|1
|-boost|p1a: Indeedee|spd|1
|
|-heal|p2a: Rotom|85/100|[from] item: Leftovers
|upkeep
|turn|3
|
|move|p2a: Rotom|Hydro Pump|p1a: Indeedee
|-damage|p1a: Indeedee|76/100
|move|p1a: Indeedee|Psyshock|p2a: Rotom
|-damage|p2a: Rotom|26/100
|
|-heal|p2a: Rotom|32/100|[from] item: Leftovers
|-heal|p1a: Indeedee|83/100|[from] item: Leftovers
|upkeep
|turn|4
|
|move|p1a: Indeedee|Protect|p1a: Indeedee
|-singleturn|p1a: Indeedee|Protect
|move|p2a: Rotom|Volt Switch|p1a: Indeedee
|-activate|p1a: Indeedee|move: Protect
|
|-heal|p2a: Rotom|38/100|[from] item: Leftovers
|-heal|p1a: Indeedee|89/100|[from] item: Leftovers
|upkeep
|turn|5
|
|move|p2a: Rotom|Volt Switch|p1a: Indeedee
|-damage|p1a: Indeedee|73/100
|
|switch|p2a: Tyranitar|Tyranitar, M|100/100|[from]move: Volt Switch
|-weather|Sandstorm|[from] ability: Sand Stream|[of] p2a: Tyranitar
|move|p1a: Indeedee|Dazzling Gleam|p2a: Tyranitar
|-supereffective|p2a: Tyranitar
|-damage|p2a: Tyranitar|69/100
|-enditem|p2a: Tyranitar|Weakness Policy
|-boost|p2a: Tyranitar|atk|2
|-boost|p2a: Tyranitar|spa|2
|
|-weather|Sandstorm|[upkeep]
|-damage|p1a: Indeedee|67/100|[from] Sandstorm
|-heal|p1a: Indeedee|73/100|[from] item: Leftovers
|-fieldend|move: Psychic Terrain
|upkeep
|turn|6
|
|switch|p1a: Corviknight|Corviknight, F|100/100
|-ability|p1a: Corviknight|Pressure
|move|p2a: Tyranitar|Crunch|p1a: Corviknight
|-damage|p1a: Corviknight|35/100
|-damage|p2a: Tyranitar|52/100|[from] item: Rocky Helmet|[of] p1a: Corviknight
|
|-weather|Sandstorm|[upkeep]
|upkeep
|turn|7
|inactive|Arthu_101985 has 120 seconds left.
|
|move|p1a: Corviknight|U-turn|p2a: Tyranitar
|-supereffective|p2a: Tyranitar
|-crit|p2a: Tyranitar
|-damage|p2a: Tyranitar|18/100
|
|switch|p1a: Indeedee|Indeedee-F, F|73/100|[from]move: U-turn
|-fieldstart|move: Psychic Terrain|[from] ability: Psychic Surge|[of] p1a: Indeedee
|move|p2a: Tyranitar|Crunch|p1a: Indeedee
|-supereffective|p1a: Indeedee
|-damage|p1a: Indeedee|0 fnt
|faint|p1a: Indeedee
|
|-weather|Sandstorm|[upkeep]
|upkeep
|
|switch|p1a: Hawlucha|Hawlucha, F, shiny|100/100
|-enditem|p1a: Hawlucha|Psychic Seed
|-boost|p1a: Hawlucha|spd|1
|turn|8
|inactive|Arthu_101985 has 120 seconds left.
|
|move|p1a: Hawlucha|Close Combat|p2a: Tyranitar
|-supereffective|p2a: Tyranitar
|-damage|p2a: Tyranitar|0 fnt
|-unboost|p1a: Hawlucha|def|1
|-unboost|p1a: Hawlucha|spd|1
|faint|p2a: Tyranitar
|
|-weather|Sandstorm|[upkeep]
|-damage|p1a: Hawlucha|94/100|[from] Sandstorm
|upkeep
|
|switch|p2a: Clefable|Clefable, F|100/100
|turn|9
|
|move|p1a: Hawlucha|Acrobatics|p2a: Clefable
|-damage|p2a: Clefable|45/100
|move|p2a: Clefable|Thunderbolt|p1a: Hawlucha
|-supereffective|p1a: Hawlucha
|-damage|p1a: Hawlucha|0 fnt
|faint|p1a: Hawlucha
|
|-weather|none
|upkeep
|
|switch|p1a: Polteageist|Polteageist|100/100
|turn|10
|
|move|p1a: Polteageist|Shell Smash|p1a: Polteageist
|-unboost|p1a: Polteageist|def|1
|-unboost|p1a: Polteageist|spd|1
|-boost|p1a: Polteageist|atk|2
|-boost|p1a: Polteageist|spa|2
|-boost|p1a: Polteageist|spe|2
|move|p2a: Clefable|Moonblast|p1a: Polteageist
|-damage|p1a: Polteageist|4/100
|
|upkeep
|turn|11
|
|move|p1a: Polteageist|Shadow Ball|p2a: Clefable
|-damage|p2a: Clefable|0 fnt
|faint|p2a: Clefable
|
|-fieldend|move: Psychic Terrain
|upkeep
|
|switch|p2a: Rotom|Rotom-Wash|38/100
|turn|12
|
|move|p1a: Polteageist|Giga Drain|p2a: Rotom
|-supereffective|p2a: Rotom
|-damage|p2a: Rotom|0 fnt
|-heal|p1a: Polteageist|23/100|[from] drain|[of] p2a: Rotom
|faint|p2a: Rotom
|
|upkeep
|
|switch|p2a: Togekiss|Togekiss, F|100/100
|turn|13
|
|move|p1a: Polteageist|Shadow Ball|p2a: Togekiss
|-damage|p2a: Togekiss|48/100
|move|p2a: Togekiss|Shadow Ball|p1a: Polteageist
|-supereffective|p1a: Polteageist
|-damage|p1a: Polteageist|0 fnt
|faint|p1a: Polteageist
|
|upkeep
|
|switch|p1a: Cinderace|Cinderace, F|100/100
|turn|14
|
|move|p1a: Cinderace|Pyro Ball|p2a: Togekiss|[miss]
|-miss|p1a: Cinderace|p2a: Togekiss
|move|p2a: Togekiss|Air Slash|p1a: Cinderace
|-damage|p1a: Cinderace|39/100
|
|upkeep
|turn|15
|
|move|p1a: Cinderace|Pyro Ball|p2a: Togekiss
|-damage|p2a: Togekiss|0 fnt
|faint|p2a: Togekiss
|
|upkeep
|
|switch|p2a: Excadrill|Excadrill, M|100/100
|-ability|p2a: Excadrill|Mold Breaker
|turn|16
|
|move|p1a: Cinderace|Pyro Ball|p2a: Excadrill
|-supereffective|p2a: Excadrill
|-damage|p2a: Excadrill|0 fnt
|faint|p2a: Excadrill
|
|upkeep
|
|switch|p2a: Hydreigon|Hydreigon, F|100/100
|turn|17
|
|switch|p1a: Clefable|Clefable, F|100/100
|move|p2a: Hydreigon|Crunch|p1a: Clefable
|-resisted|p1a: Clefable
|-damage|p1a: Clefable|77/100
|
|upkeep
|turn|18
|
|move|p2a: Hydreigon|U-turn|p1a: Clefable
|-resisted|p1a: Clefable
|-damage|p1a: Clefable|63/100
|move|p1a: Clefable|Moonblast|p2a: Hydreigon
|-supereffective|p2a: Hydreigon
|-damage|p2a: Hydreigon|0 fnt
|faint|p2a: Hydreigon
|
|win|Arthu_101985
|raw|Arthu_101985's rating: 1087 → 1117(+30 for winning)
|raw|Heehoking's rating: 1124 → 1097(-27 for losing)
