|ScrapeTime|2020-01-01-13:06:11
|j|‽zoplki
|j|☆joaquim_friday_13
|player|p1|zoplki|whitney|1112
|player|p2|joaquim_friday_13|cheren|1075
|teamsize|p1|6
|teamsize|p2|6
|gametype|singles
|gen|8
|tier|[Gen 8] OU
|rated|
|rule|Sleep Clause Mod: Limit one foe put to sleep
|rule|Species Clause: Limit one of each Pokémon
|rule|OHKO Clause: OHKO moves are banned
|rule|Evasion Moves Clause: Evasion moves are banned
|rule|Endless Battle Clause: Forcing endless battles is banned
|rule|HP Percentage Mod: HP is shown in percentages
|clearpoke
|poke|p1|Pelipper, F|
|poke|p1|Ferrothorn, F|
|poke|p1|Ludicolo, M|
|poke|p1|Grimmsnarl, M|
|poke|p1|Barraskewda, M|
|poke|p1|Excadrill, F|
|poke|p2|Toxtricity, M|
|poke|p2|Dragapult, M|
|poke|p2|Ferrothorn, M|
|poke|p2|Grimmsnarl, M|
|poke|p2|Cinderace, M|
|poke|p2|Ditto|
|rule|Dynamax Clause: You cannot dynamax
|teampreview
|
|start
|switch|p1a: Grimmsnarl|Grimmsnarl, M|100/100
|switch|p2a: Grimmsnarl|Grimmsnarl, M|100/100
|turn|1
|
|move|p2a: Grimmsnarl|Thunder Wave|p1a: Grimmsnarl
|-hint|Since gen 7, Dark is immune to Prankster moves.
|-immune|p1a: Grimmsnarl
|move|p1a: Grimmsnarl|Substitute|p1a: Grimmsnarl
|-start|p1a: Grimmsnarl|Substitute
|-damage|p1a: Grimmsnarl|76/100
|
|-heal|p1a: Grimmsnarl|82/100|[from] item: Leftovers
|upkeep
|turn|2
|inactive|Battle timer is ON: inactive players will automatically lose when time's up. (requested by zoplki)
|
|move|p1a: Grimmsnarl|Bulk Up|p1a: Grimmsnarl
|-boost|p1a: Grimmsnarl|atk|1
|-boost|p1a: Grimmsnarl|def|1
|move|p2a: Grimmsnarl|Taunt|p1a: Grimmsnarl
|-hint|Since gen 7, Dark is immune to Prankster moves.
|-immune|p1a: Grimmsnarl
|
|-heal|p1a: Grimmsnarl|88/100|[from] item: Leftovers
|upkeep
|turn|3
|
|switch|p2a: Dragapult|Dragapult, M|100/100
|move|p1a: Grimmsnarl|Bulk Up|p1a: Grimmsnarl
|-boost|p1a: Grimmsnarl|atk|1
|-boost|p1a: Grimmsnarl|def|1
|
|-heal|p1a: Grimmsnarl|94/100|[from] item: Leftovers
|upkeep
|turn|4
|
|move|p2a: Dragapult|Psychic Fangs|p1a: Grimmsnarl
|-immune|p1a: Grimmsnarl
|move|p1a: Grimmsnarl|Spirit Break|p2a: Dragapult
|-supereffective|p2a: Dragapult
|-damage|p2a: Dragapult|0 fnt
|faint|p2a: Dragapult
|
|-heal|p1a: Grimmsnarl|99/100|[from] item: Leftovers
|upkeep
|
|switch|p2a: Toxtricity|Toxtricity, M|100/100
|turn|5
|
|move|p2a: Toxtricity|Boomburst|p1a: Grimmsnarl
|-damage|p1a: Grimmsnarl|21/100
|move|p1a: Grimmsnarl|Darkest Lariat|p2a: Toxtricity
|-damage|p2a: Toxtricity|0 fnt
|faint|p2a: Toxtricity
|
|-heal|p1a: Grimmsnarl|27/100|[from] item: Leftovers
|upkeep
|
|switch|p2a: Ditto|Ditto|100/100
|turn|6
|
|move|p2a: Ditto|Transform||[still]
|-fail|p2a: Ditto
|move|p1a: Grimmsnarl|Darkest Lariat|p2a: Ditto
|-damage|p2a: Ditto|0 fnt
|faint|p2a: Ditto
|
|-heal|p1a: Grimmsnarl|33/100|[from] item: Leftovers
|upkeep
|-message|joaquim_friday_13 forfeited.
|
|win|zoplki
|l|☆joaquim_friday_13
|raw|zoplki's rating: 1112 → 1134(+22 for winning)
|raw|joaquim_friday_13's rating: 1075 → 1056(-19 for losing)
