|ScrapeTime|2020-01-01-08:44:50
|j|☆navirogue
|j|☆ZL4T4N
|player|p1|navirogue|pokemonbreeder-gen4|1597
|player|p2|ZL4T4N|theroyal|1489
|teamsize|p1|6
|teamsize|p2|6
|gametype|singles
|gen|8
|tier|[Gen 8] OU
|rated|
|rule|Sleep Clause Mod: Limit one foe put to sleep
|rule|Species Clause: Limit one of each Pokémon
|rule|OHKO Clause: OHKO moves are banned
|rule|Evasion Moves Clause: Evasion moves are banned
|rule|Endless Battle Clause: Forcing endless battles is banned
|rule|HP Percentage Mod: HP is shown in percentages
|clearpoke
|poke|p1|Dragapult, M|
|poke|p1|Bisharp, M|
|poke|p1|Salazzle, F|
|poke|p1|Seismitoad, M|
|poke|p1|Corviknight, F|
|poke|p1|Rotom-Wash|
|poke|p2|Cinderace, M|
|poke|p2|Hydreigon, M|
|poke|p2|Clefable, F|
|poke|p2|Corviknight, F|
|poke|p2|Dracozolt|
|poke|p2|Seismitoad, F|
|rule|Dynamax Clause: You cannot dynamax
|teampreview
|c|☆navirogue|gl, hf
|inactive|Battle timer is ON: inactive players will automatically lose when time's up. (requested by ZL4T4N)
|c|☆ZL4T4N|Gl hf
|c|☆ZL4T4N|Happy new year
|inactive|navirogue has 120 seconds left.
|
|start
|switch|p1a: Dragapult|Dragapult, M|100/100
|switch|p2a: Cinderace|Cinderace, M|100/100
|turn|1
|
|switch|p2a: Clefable|Clefable, F|100/100
|move|p1a: Dragapult|U-turn|p2a: Clefable
|-resisted|p2a: Clefable
|-damage|p2a: Clefable|84/100
|
|switch|p1a: Salazzle|Salazzle, F|100/100|[from]move: U-turn
|
|-heal|p2a: Clefable|90/100|[from] item: Leftovers
|upkeep
|turn|2
|
|switch|p2a: Cinderace|Cinderace, M|100/100
|move|p1a: Salazzle|Sludge Wave|p2a: Cinderace
|-damage|p2a: Cinderace|36/100
|
|upkeep
|turn|3
|inactive|navirogue has 120 seconds left.
|
|move|p2a: Cinderace|U-turn|p1a: Salazzle
|-resisted|p1a: Salazzle
|-damage|p1a: Salazzle|91/100
|
|switch|p2a: Seismitoad|Seismitoad, F|100/100|[from]move: U-turn
|move|p1a: Salazzle|Toxic|p2a: Seismitoad
|-status|p2a: Seismitoad|tox
|
|-damage|p2a: Seismitoad|94/100 tox|[from] psn
|upkeep
|turn|4
|inactive|navirogue has 120 seconds left.
|
|switch|p1a: Corviknight|Corviknight, F|100/100
|move|p2a: Seismitoad|Stealth Rock|p1a: Corviknight
|-sidestart|p1: navirogue|move: Stealth Rock
|
|-heal|p2a: Seismitoad|100/100 tox|[from] item: Leftovers
|-damage|p2a: Seismitoad|88/100 tox|[from] psn
|upkeep
|turn|5
|
|switch|p2a: Dracozolt|Dracozolt|100/100
|move|p1a: Corviknight|Defog|p2a: Dracozolt
|-unboost|p2a: Dracozolt|evasion|1
|-sideend|p1: navirogue|Stealth Rock|[from] move: Defog|[of] p1a: Corviknight
|
|upkeep
|turn|6
|inactive|navirogue has 120 seconds left.
|
|switch|p1a: Seismitoad|Seismitoad, M|100/100
|move|p2a: Dracozolt|Bolt Beak|p1a: Seismitoad
|-immune|p1a: Seismitoad
|
|upkeep
|turn|7
|
|switch|p2a: Hydreigon|Hydreigon, M|100/100
|move|p1a: Seismitoad|Stealth Rock|p2a: Hydreigon
|-sidestart|p2: ZL4T4N|move: Stealth Rock
|
|upkeep
|turn|8
|
|move|p2a: Hydreigon|Nasty Plot|p2a: Hydreigon
|-boost|p2a: Hydreigon|spa|2
|move|p1a: Seismitoad|Toxic|p2a: Hydreigon
|-status|p2a: Hydreigon|tox
|
|-damage|p2a: Hydreigon|94/100 tox|[from] psn
|upkeep
|turn|9
|
|move|p2a: Hydreigon|Dark Pulse|p1a: Seismitoad
|-damage|p1a: Seismitoad|44/100
|move|p1a: Seismitoad|Scald|p2a: Hydreigon
|-resisted|p2a: Hydreigon
|-damage|p2a: Hydreigon|80/100 tox
|
|-heal|p2a: Hydreigon|87/100 tox|[from] item: Leftovers
|-heal|p1a: Seismitoad|50/100|[from] item: Leftovers
|-damage|p2a: Hydreigon|74/100 tox|[from] psn
|upkeep
|turn|10
|
|move|p1a: Seismitoad|Protect|p1a: Seismitoad
|-singleturn|p1a: Seismitoad|Protect
|move|p2a: Hydreigon|Dark Pulse|p1a: Seismitoad
|-activate|p1a: Seismitoad|move: Protect
|
|-heal|p2a: Hydreigon|80/100 tox|[from] item: Leftovers
|-heal|p1a: Seismitoad|57/100|[from] item: Leftovers
|-damage|p2a: Hydreigon|62/100 tox|[from] psn
|upkeep
|turn|11
|
|move|p2a: Hydreigon|Dark Pulse|p1a: Seismitoad
|-damage|p1a: Seismitoad|3/100
|move|p1a: Seismitoad|Scald|p2a: Hydreigon
|-resisted|p2a: Hydreigon
|-damage|p2a: Hydreigon|49/100 tox
|
|-heal|p2a: Hydreigon|55/100 tox|[from] item: Leftovers
|-heal|p1a: Seismitoad|9/100|[from] item: Leftovers
|-damage|p2a: Hydreigon|31/100 tox|[from] psn
|upkeep
|turn|12
|
|move|p1a: Seismitoad|Protect|p1a: Seismitoad
|-singleturn|p1a: Seismitoad|Protect
|move|p2a: Hydreigon|Nasty Plot|p2a: Hydreigon
|-boost|p2a: Hydreigon|spa|2
|
|-heal|p2a: Hydreigon|37/100 tox|[from] item: Leftovers
|-heal|p1a: Seismitoad|15/100|[from] item: Leftovers
|-damage|p2a: Hydreigon|6/100 tox|[from] psn
|upkeep
|turn|13
|
|move|p1a: Seismitoad|Protect|p1a: Seismitoad
|-singleturn|p1a: Seismitoad|Protect
|move|p2a: Hydreigon|Dark Pulse|p1a: Seismitoad
|-activate|p1a: Seismitoad|move: Protect
|
|-heal|p2a: Hydreigon|12/100 tox|[from] item: Leftovers
|-heal|p1a: Seismitoad|22/100|[from] item: Leftovers
|-damage|p2a: Hydreigon|0 fnt|[from] psn
|faint|p2a: Hydreigon
|upkeep
|
|switch|p2a: Dracozolt|Dracozolt|100/100
|-damage|p2a: Dracozolt|88/100|[from] Stealth Rock
|turn|14
|
|switch|p1a: Corviknight|Corviknight, F|100/100
|move|p2a: Dracozolt|Dragon Claw|p1a: Corviknight
|-resisted|p1a: Corviknight
|-damage|p1a: Corviknight|82/100
|-damage|p2a: Dracozolt|72/100|[from] item: Rocky Helmet|[of] p1a: Corviknight
|
|-heal|p2a: Dracozolt|78/100|[from] item: Leftovers
|upkeep
|turn|15
|
|move|p2a: Dracozolt|Bolt Beak|p1a: Corviknight
|-supereffective|p1a: Corviknight
|-damage|p1a: Corviknight|0 fnt
|-damage|p2a: Dracozolt|61/100|[from] item: Rocky Helmet|[of] p1a: Corviknight
|faint|p1a: Corviknight
|
|-heal|p2a: Dracozolt|67/100|[from] item: Leftovers
|upkeep
|inactive|navirogue has 120 seconds left.
|
|switch|p1a: Dragapult|Dragapult, M|100/100
|turn|16
|
|switch|p2a: Clefable|Clefable, F|90/100
|move|p1a: Dragapult|U-turn|p2a: Clefable
|-resisted|p2a: Clefable
|-damage|p2a: Clefable|74/100
|
|switch|p1a: Salazzle|Salazzle, F|91/100|[from]move: U-turn
|
|-heal|p2a: Clefable|80/100|[from] item: Leftovers
|upkeep
|turn|17
|
|switch|p2a: Seismitoad|Seismitoad, F|88/100 tox
|-damage|p2a: Seismitoad|82/100 tox|[from] Stealth Rock
|move|p1a: Salazzle|Sludge Wave|p2a: Seismitoad
|-resisted|p2a: Seismitoad
|-damage|p2a: Seismitoad|59/100 tox
|
|-heal|p2a: Seismitoad|65/100 tox|[from] item: Leftovers
|-damage|p2a: Seismitoad|59/100 tox|[from] psn
|upkeep
|turn|18
|inactive|navirogue has 90 seconds left.
|
|switch|p1a: Bisharp|Bisharp, M|100/100
|move|p2a: Seismitoad|Stealth Rock|p1a: Bisharp
|-sidestart|p1: navirogue|move: Stealth Rock
|
|-heal|p2a: Seismitoad|65/100 tox|[from] item: Leftovers
|-damage|p2a: Seismitoad|53/100 tox|[from] psn
|upkeep
|turn|19
|inactive|navirogue has 90 seconds left.
|
|move|p1a: Bisharp|Throat Chop|p2a: Seismitoad
|-damage|p2a: Seismitoad|18/100 tox
|-start|p2a: Seismitoad|Throat Chop|[silent]
|-damage|p1a: Bisharp|91/100|[from] item: Life Orb
|move|p2a: Seismitoad|Scald|p1a: Bisharp
|-damage|p1a: Bisharp|53/100
|-status|p1a: Bisharp|brn
|
|-heal|p2a: Seismitoad|24/100 tox|[from] item: Leftovers
|-damage|p1a: Bisharp|47/100 brn|[from] brn
|-damage|p2a: Seismitoad|6/100 tox|[from] psn
|upkeep
|turn|20
|inactive|navirogue has 90 seconds left.
|
|move|p1a: Bisharp|Swords Dance|p1a: Bisharp
|-boost|p1a: Bisharp|atk|2
|move|p2a: Seismitoad|Earthquake|p1a: Bisharp
|-supereffective|p1a: Bisharp
|-damage|p1a: Bisharp|0 fnt
|faint|p1a: Bisharp
|
|-heal|p2a: Seismitoad|12/100 tox|[from] item: Leftovers
|-damage|p2a: Seismitoad|0 fnt|[from] psn
|faint|p2a: Seismitoad
|upkeep
|inactive|navirogue has 60 seconds left.
|
|switch|p1a: Rotom|Rotom-Wash, shiny|100/100
|switch|p2a: Cinderace|Cinderace, M|36/100
|-damage|p1a: Rotom|88/100|[from] Stealth Rock
|turn|21
|inactive|navirogue has 60 seconds left.
|
|move|p1a: Rotom|Volt Switch|p2a: Cinderace
|-damage|p2a: Cinderace|0 fnt
|faint|p2a: Cinderace
|inactive|navirogue has 60 seconds left.
|
|switch|p1a: Salazzle|Salazzle, F|91/100|[from]move: Volt Switch
|
|upkeep
|
|switch|p2a: Dracozolt|Dracozolt|67/100
|-damage|p2a: Dracozolt|55/100|[from] Stealth Rock
|turn|22
|inactive|navirogue has 60 seconds left.
|inactive|navirogue has 30 seconds left.
|
|move|p1a: Salazzle|Sludge Wave|p2a: Dracozolt
|-damage|p2a: Dracozolt|0 fnt
|faint|p2a: Dracozolt
|
|upkeep
|inactive|navirogue has 30 seconds left this turn.
|
|switch|p2a: Corviknight|Corviknight, F|100/100
|-damage|p2a: Corviknight|88/100|[from] Stealth Rock
|-ability|p2a: Corviknight|Pressure
|turn|23
|inactive|navirogue has 30 seconds left.
|
|move|p1a: Salazzle|Flamethrower|p2a: Corviknight
|-supereffective|p2a: Corviknight
|-damage|p2a: Corviknight|16/100
|move|p2a: Corviknight|Brave Bird|p1a: Salazzle
|-damage|p1a: Salazzle|26/100
|-damage|p2a: Corviknight|1/100|[from] Recoil
|
|-heal|p2a: Corviknight|8/100|[from] item: Leftovers
|upkeep
|turn|24
|inactive|navirogue has 30 seconds left.
|
|move|p1a: Salazzle|Flamethrower|p2a: Corviknight
|-supereffective|p2a: Corviknight
|-damage|p2a: Corviknight|0 fnt
|faint|p2a: Corviknight
|
|upkeep
|
|switch|p2a: Clefable|Clefable, F|80/100
|turn|25
|
|move|p1a: Salazzle|Sludge Wave|p2a: Clefable
|-supereffective|p2a: Clefable
|-damage|p2a: Clefable|16/100
|move|p2a: Clefable|Moonblast|p1a: Salazzle
|-resisted|p1a: Salazzle
|-damage|p1a: Salazzle|11/100
|
|-heal|p2a: Clefable|22/100|[from] item: Leftovers
|upkeep
|turn|26
|-message|ZL4T4N forfeited.
|
|win|navirogue
|l|☆ZL4T4N
|raw|navirogue's rating: 1598 → 1612(+14 for winning)
|raw|ZL4T4N's rating: 1489 → 1475(-14 for losing)
|c|☆navirogue|gg
