|ScrapeTime|2020-01-02-23:21:07
|j|☆Adkon
|j|☆pokeman276
|player|p1|Adkon|266|
|player|p2|pokeman276|yellow|
|teamsize|p1|6
|teamsize|p2|6
|gametype|singles
|gen|8
|tier|[Gen 8] OU
|rule|Sleep Clause Mod: Limit one foe put to sleep
|rule|Species Clause: Limit one of each Pokémon
|rule|OHKO Clause: OHKO moves are banned
|rule|Evasion Moves Clause: Evasion moves are banned
|rule|Endless Battle Clause: Forcing endless battles is banned
|rule|HP Percentage Mod: HP is shown in percentages
|clearpoke
|poke|p1|Lanturn, M|
|poke|p1|Clefable, F|
|poke|p1|Hawlucha, M|
|poke|p1|Pincurchin, M|
|poke|p1|Haxorus, M|
|poke|p1|Hippowdon, F|
|poke|p2|Excadrill, F|
|poke|p2|Rotom-Heat|
|poke|p2|Sirfetch'd, M|
|poke|p2|Milotic, F|
|poke|p2|Gigalith, M|
|poke|p2|Whimsicott, M|
|rule|Dynamax Clause: You cannot dynamax
|teampreview
|inactive|Battle timer is ON: inactive players will automatically lose when time's up. (requested by pokeman276)
|inactiveoff|Battle timer is now OFF.
|c|☆pokeman276|sorry habit lol gl hf
|j| kblitzko88
|c|☆Adkon|u2
|c| kblitzko88|Helloooooooo ladies bwahahaha
|c|☆Adkon|Shawn?
|c| kblitzko88|In the flesh
|
|start
|switch|p1a: Haxorus|Haxorus, M|100/100
|switch|p2a: Gigalith|Gigalith, M|100/100
|-ability|p1a: Haxorus|Mold Breaker
|-weather|Sandstorm|[from] ability: Sand Stream|[of] p2a: Gigalith
|turn|1
|
|move|p1a: Haxorus|Dragon Dance|p1a: Haxorus
|-boost|p1a: Haxorus|atk|1
|-boost|p1a: Haxorus|spe|1
|move|p2a: Gigalith|Stealth Rock|p1a: Haxorus
|-sidestart|p1: Adkon|move: Stealth Rock
|
|-weather|Sandstorm|[upkeep]
|-damage|p1a: Haxorus|94/100|[from] Sandstorm
|upkeep
|turn|2
|j| Iamlildj050
|
|move|p1a: Haxorus|Earthquake|p2a: Gigalith
|-supereffective|p2a: Gigalith
|-crit|p2a: Gigalith
|-damage|p2a: Gigalith|0 fnt
|-damage|p1a: Haxorus|84/100|[from] item: Life Orb
|faint|p2a: Gigalith
|
|-weather|Sandstorm|[upkeep]
|-damage|p1a: Haxorus|78/100|[from] Sandstorm
|upkeep
|c| Iamlildj050|I hope you both lose
|j| TheModelCitizen
|
|switch|p2a: Whimsicott|Whimsicott, M|100/100
|turn|3
|c| Iamlildj050|kade kick his ass pls
|
|move|p2a: Whimsicott|Encore|p1a: Haxorus
|-start|p1a: Haxorus|Encore
|move|p1a: Haxorus|Earthquake|p2a: Whimsicott
|-resisted|p2a: Whimsicott
|-damage|p2a: Whimsicott|50/100
|-damage|p1a: Haxorus|68/100|[from] item: Life Orb
|
|-weather|Sandstorm|[upkeep]
|-damage|p1a: Haxorus|62/100|[from] Sandstorm
|-damage|p2a: Whimsicott|43/100|[from] Sandstorm
|-heal|p2a: Whimsicott|50/100|[from] item: Leftovers
|upkeep
|turn|4
|c|☆Adkon|Did Crit Matter?
|c|☆pokeman276|yes
|
|move|p2a: Whimsicott|Leech Seed|p1a: Haxorus
|-start|p1a: Haxorus|move: Leech Seed
|move|p1a: Haxorus|Earthquake|p2a: Whimsicott
|-resisted|p2a: Whimsicott
|-damage|p2a: Whimsicott|0 fnt
|-damage|p1a: Haxorus|52/100|[from] item: Life Orb
|faint|p2a: Whimsicott
|
|-weather|Sandstorm|[upkeep]
|-damage|p1a: Haxorus|46/100|[from] Sandstorm
|upkeep
|c|☆Adkon|RIP
|
|switch|p2a: Excadrill|Excadrill, F|100/100
|turn|5
|
|move|p2a: Excadrill|Earthquake|p1a: Haxorus
|-damage|p1a: Haxorus|0 fnt
|faint|p1a: Haxorus
|
|-weather|Sandstorm|[upkeep]
|upkeep
|
|switch|p1a: Hippowdon|Hippowdon, F|100/100
|-damage|p1a: Hippowdon|94/100|[from] Stealth Rock
|turn|6
|
|switch|p2a: Milotic|Milotic, F|100/100
|move|p1a: Hippowdon|Whirlwind|p2a: Milotic
|drag|p2a: Rotom|Rotom-Heat|100/100
|
|-weather|Sandstorm|[upkeep]
|-damage|p2a: Rotom|94/100|[from] Sandstorm
|-heal|p2a: Rotom|100/100|[from] item: Leftovers
|-heal|p1a: Hippowdon|100/100|[from] item: Leftovers
|upkeep
|turn|7
|
|move|p2a: Rotom|Will-O-Wisp|p1a: Hippowdon
|-status|p1a: Hippowdon|brn
|move|p1a: Hippowdon|Whirlwind|p2a: Rotom
|drag|p2a: Excadrill|Excadrill, F|100/100
|
|-weather|Sandstorm|[upkeep]
|-damage|p1a: Hippowdon|94/100 brn|[from] brn
|upkeep
|turn|8
|
|switch|p2a: Rotom|Rotom-Heat|100/100
|move|p1a: Hippowdon|Stealth Rock|p2a: Rotom
|-sidestart|p2: pokeman276|move: Stealth Rock
|
|-weather|none
|-heal|p1a: Hippowdon|100/100 brn|[from] item: Leftovers
|-damage|p1a: Hippowdon|94/100 brn|[from] brn
|upkeep
|turn|9
|
|switch|p2a: Milotic|Milotic, F|100/100
|-damage|p2a: Milotic|88/100|[from] Stealth Rock
|switch|p1a: Lanturn|Lanturn, M|100/100
|-damage|p1a: Lanturn|88/100|[from] Stealth Rock
|
|-heal|p2a: Milotic|94/100|[from] item: Leftovers
|-heal|p1a: Lanturn|94/100|[from] item: Leftovers
|upkeep
|turn|10
|
|move|p2a: Milotic|Scald|p1a: Lanturn
|-resisted|p1a: Lanturn
|-damage|p1a: Lanturn|80/100
|-status|p1a: Lanturn|brn
|move|p1a: Lanturn|Scald|p2a: Milotic
|-resisted|p2a: Milotic
|-damage|p2a: Milotic|81/100
|
|-heal|p2a: Milotic|88/100|[from] item: Leftovers
|-heal|p1a: Lanturn|86/100 brn|[from] item: Leftovers
|-damage|p1a: Lanturn|80/100 brn|[from] brn
|upkeep
|turn|11
|
|move|p2a: Milotic|Recover|p2a: Milotic
|-heal|p2a: Milotic|100/100
|move|p1a: Lanturn|Volt Switch|p2a: Milotic
|-supereffective|p2a: Milotic
|-damage|p2a: Milotic|60/100
|
|switch|p1a: Hawlucha|Hawlucha, M|100/100|[from]move: Volt Switch
|-damage|p1a: Hawlucha|88/100|[from] Stealth Rock
|
|-heal|p2a: Milotic|66/100|[from] item: Leftovers
|upkeep
|turn|12
|
|move|p1a: Hawlucha|Swords Dance|p1a: Hawlucha
|-boost|p1a: Hawlucha|atk|2
|move|p2a: Milotic|Ice Beam|p1a: Hawlucha
|-supereffective|p1a: Hawlucha
|-damage|p1a: Hawlucha|15/100
|
|-heal|p2a: Milotic|72/100|[from] item: Leftovers
|upkeep
|turn|13
|
|move|p1a: Hawlucha|High Jump Kick|p2a: Milotic|[miss]
|-miss|p1a: Hawlucha|p2a: Milotic
|-damage|p1a: Hawlucha|0 fnt|[from] highjumpkick
|faint|p1a: Hawlucha
|move|p2a: Milotic|Scald|p1: Hawlucha|[notarget]
|-fail|p2a: Milotic
|
|-heal|p2a: Milotic|79/100|[from] item: Leftovers
|upkeep
|c|☆pokeman276|yikes
|c|☆pokeman276|sorry
|c|☆Adkon|I think I just lost
|
|switch|p1a: Clefable|Clefable, F|100/100
|turn|14
|
|move|p2a: Milotic|Scald|p1a: Clefable
|-damage|p1a: Clefable|72/100
|-status|p1a: Clefable|brn
|move|p1a: Clefable|Calm Mind|p1a: Clefable
|-boost|p1a: Clefable|spa|1
|-boost|p1a: Clefable|spd|1
|
|-heal|p2a: Milotic|85/100|[from] item: Leftovers
|-heal|p1a: Clefable|78/100 brn|[from] item: Leftovers
|upkeep
|turn|15
|
|move|p2a: Milotic|Scald|p1a: Clefable
|-damage|p1a: Clefable|59/100 brn
|move|p1a: Clefable|Calm Mind|p1a: Clefable
|-boost|p1a: Clefable|spa|1
|-boost|p1a: Clefable|spd|1
|
|-heal|p2a: Milotic|91/100|[from] item: Leftovers
|-heal|p1a: Clefable|65/100 brn|[from] item: Leftovers
|upkeep
|turn|16
|c| Iamlildj050|that really sucks
|
|move|p2a: Milotic|Haze|p2a: Milotic
|-clearallboost
|move|p1a: Clefable|Calm Mind|p1a: Clefable
|-boost|p1a: Clefable|spa|1
|-boost|p1a: Clefable|spd|1
|
|-heal|p2a: Milotic|97/100|[from] item: Leftovers
|-heal|p1a: Clefable|71/100 brn|[from] item: Leftovers
|upkeep
|turn|17
|l|☆Adkon
|player|p1|
|j|☆Adkon
|player|p1|Adkon|266
|c|☆pokeman276|???
|c|☆Adkon|Sorry, wifi issue
|
|move|p2a: Milotic|Haze|p2a: Milotic
|-clearallboost
|move|p1a: Clefable|Moonblast|p2a: Milotic
|-damage|p2a: Milotic|73/100
|
|-heal|p2a: Milotic|79/100|[from] item: Leftovers
|-heal|p1a: Clefable|77/100 brn|[from] item: Leftovers
|upkeep
|turn|18
|c|☆pokeman276|i thought you rage quit on me lol
|c|☆Adkon|No
|c|☆Adkon|I want to
|c|☆Adkon|But no
|
|move|p2a: Milotic|Scald|p1a: Clefable
|-damage|p1a: Clefable|46/100 brn
|move|p1a: Clefable|Moonblast|p2a: Milotic
|-damage|p2a: Milotic|54/100
|
|-heal|p2a: Milotic|60/100|[from] item: Leftovers
|-heal|p1a: Clefable|52/100 brn|[from] item: Leftovers
|upkeep
|turn|19
|
|switch|p2a: Excadrill|Excadrill, F|100/100
|-damage|p2a: Excadrill|97/100|[from] Stealth Rock
|move|p1a: Clefable|Moonlight|p1a: Clefable
|-heal|p1a: Clefable|100/100 brn
|
|upkeep
|turn|20
|
|switch|p1a: Hippowdon|Hippowdon, F|94/100 brn
|-damage|p1a: Hippowdon|88/100 brn|[from] Stealth Rock
|-weather|Sandstorm|[from] ability: Sand Stream|[of] p1a: Hippowdon
|move|p2a: Excadrill|Iron Head|p1a: Hippowdon
|-damage|p1a: Hippowdon|64/100 brn
|
|-weather|Sandstorm|[upkeep]
|-heal|p1a: Hippowdon|70/100 brn|[from] item: Leftovers
|-damage|p1a: Hippowdon|64/100 brn|[from] brn
|upkeep
|turn|21
|
|move|p2a: Excadrill|Iron Head|p1a: Hippowdon
|-damage|p1a: Hippowdon|40/100 brn
|cant|p1a: Hippowdon|flinch
|
|-weather|Sandstorm|[upkeep]
|-heal|p1a: Hippowdon|47/100 brn|[from] item: Leftovers
|-damage|p1a: Hippowdon|40/100 brn|[from] brn
|upkeep
|turn|22
|
|move|p2a: Excadrill|Iron Head|p1a: Hippowdon
|-damage|p1a: Hippowdon|18/100 brn
|cant|p1a: Hippowdon|flinch
|
|-weather|Sandstorm|[upkeep]
|-heal|p1a: Hippowdon|25/100 brn|[from] item: Leftovers
|-damage|p1a: Hippowdon|18/100 brn|[from] brn
|upkeep
|turn|23
|c|☆Adkon|WHAT THE FUCK
|c| Iamlildj050|bruh why is ken getting screwed week 1
|
|move|p2a: Excadrill|Iron Head|p1a: Hippowdon
|-damage|p1a: Hippowdon|0 fnt
|faint|p1a: Hippowdon
|
|-weather|Sandstorm|[upkeep]
|upkeep
|
|switch|p1a: Pincurchin|Pincurchin, M|100/100
|-damage|p1a: Pincurchin|88/100|[from] Stealth Rock
|-fieldstart|move: Electric Terrain|[from] ability: Electric Surge|[of] p1a: Pincurchin
|turn|24
|c|☆pokeman276|dude im sorry im not doing it on purpose
|
|move|p2a: Excadrill|Earthquake|p1a: Pincurchin
|-supereffective|p1a: Pincurchin
|-damage|p1a: Pincurchin|0 fnt
|faint|p1a: Pincurchin
|
|-weather|none
|upkeep
|
|switch|p1a: Lanturn|Lanturn, M|80/100 brn
|-damage|p1a: Lanturn|67/100 brn|[from] Stealth Rock
|turn|25
|
|move|p2a: Excadrill|Earthquake|p1a: Lanturn
|-supereffective|p1a: Lanturn
|-damage|p1a: Lanturn|0 fnt
|faint|p1a: Lanturn
|
|upkeep
|
|switch|p1a: Clefable|Clefable, F|100/100 brn
|turn|26
|
|move|p2a: Excadrill|Iron Head|p1a: Clefable
|-supereffective|p1a: Clefable
|-damage|p1a: Clefable|30/100 brn
|move|p1a: Clefable|Moonblast|p2a: Excadrill
|-resisted|p2a: Excadrill
|-damage|p2a: Excadrill|77/100
|
|-heal|p1a: Clefable|36/100 brn|[from] item: Leftovers
|upkeep
|turn|27
|
|move|p2a: Excadrill|Iron Head|p1a: Clefable
|-supereffective|p1a: Clefable
|-damage|p1a: Clefable|0 fnt
|faint|p1a: Clefable
|
|win|pokeman276
|c| kblitzko88|Man Ken... you got fucked harder than Piper Perri in that gangbang :(
|l|☆Adkon
