|ScrapeTime|2020-01-01-06:15:44
|j|☆Dannymai
|j|☆Rekbeth
|player|p1|Dannymai|flannery|1261
|player|p2|Rekbeth|worker-gen4|1282
|teamsize|p1|6
|teamsize|p2|6
|gametype|singles
|gen|8
|tier|[Gen 8] OU
|rated|
|rule|Sleep Clause Mod: Limit one foe put to sleep
|rule|Species Clause: Limit one of each Pokémon
|rule|OHKO Clause: OHKO moves are banned
|rule|Evasion Moves Clause: Evasion moves are banned
|rule|Endless Battle Clause: Forcing endless battles is banned
|rule|HP Percentage Mod: HP is shown in percentages
|clearpoke
|poke|p1|Toxapex, M|
|poke|p1|Ribombee, F|
|poke|p1|Obstagoon, M|
|poke|p1|Kommo-o, M|
|poke|p1|Hydreigon, M|
|poke|p1|Bewear, M|
|poke|p2|Cloyster, M|
|poke|p2|Excadrill, F|
|poke|p2|Hatterene, F|
|poke|p2|Toxapex, M|
|poke|p2|Shuckle, F|
|poke|p2|Dracovish|
|rule|Dynamax Clause: You cannot dynamax
|teampreview
|inactive|Battle timer is ON: inactive players will automatically lose when time's up. (requested by Rekbeth)
|
|start
|switch|p1a: LETMEGETAHUG|Bewear, M, shiny|100/100
|switch|p2a: Hatterene|Hatterene, F|100/100
|turn|1
|c|☆Rekbeth|!weak bewear
|html|Bewear (ignoring abilities):Weaknesses: Fairy, Fighting, Flying, PsychicResistances: Bug, Dark, RockImmunities: Ghost
|
|move|p1a: LETMEGETAHUG|Double-Edge|p2a: Hatterene
|-damage|p2a: Hatterene|0 fnt
|-damage|p1a: LETMEGETAHUG|78/100|[from] Recoil
|faint|p2a: Hatterene
|
|upkeep
|inactive|Rekbeth has 120 seconds left.
|
|switch|p2a: Yeet Cannon|Cloyster, M|100/100
|turn|2
|inactive|Rekbeth has 120 seconds left.
|
|move|p2a: Yeet Cannon|Shell Smash|p2a: Yeet Cannon
|-unboost|p2a: Yeet Cannon|def|1
|-unboost|p2a: Yeet Cannon|spd|1
|-boost|p2a: Yeet Cannon|atk|2
|-boost|p2a: Yeet Cannon|spa|2
|-boost|p2a: Yeet Cannon|spe|2
|move|p1a: LETMEGETAHUG|Double-Edge|p2a: Yeet Cannon
|-enditem|p2a: Yeet Cannon|Focus Sash
|-damage|p2a: Yeet Cannon|1/100
|-damage|p1a: LETMEGETAHUG|58/100|[from] Recoil
|
|upkeep
|turn|3
|inactive|Rekbeth has 120 seconds left.
|
|move|p2a: Yeet Cannon|Icicle Spear|p1a: LETMEGETAHUG
|-damage|p1a: LETMEGETAHUG|32/100
|-damage|p1a: LETMEGETAHUG|5/100
|-damage|p1a: LETMEGETAHUG|0 fnt
|-hitcount|p1a: LETMEGETAHUG|3
|faint|p1a: LETMEGETAHUG
|
|upkeep
|
|switch|p1a: I'M TOXIC BITCH|Toxapex, M, shiny|100/100
|turn|4
|inactive|Rekbeth has 120 seconds left.
|c|☆Rekbeth|!weak toxapex
|html|Toxapex (ignoring abilities):Weaknesses: Electric, Ground, PsychicResistances: Bug, Fairy, Fighting, Fire, Ice, Poison, Steel, WaterImmunities: None
|
|move|p2a: Yeet Cannon|Rock Blast|p1a: I'M TOXIC BITCH
|-damage|p1a: I'M TOXIC BITCH|89/100
|-damage|p1a: I'M TOXIC BITCH|77/100
|-damage|p1a: I'M TOXIC BITCH|64/100
|-damage|p1a: I'M TOXIC BITCH|51/100
|-damage|p1a: I'M TOXIC BITCH|39/100
|-hitcount|p1a: I'M TOXIC BITCH|5
|move|p1a: I'M TOXIC BITCH|Scald|p2a: Yeet Cannon
|-resisted|p2a: Yeet Cannon
|-damage|p2a: Yeet Cannon|0 fnt
|faint|p2a: Yeet Cannon
|
|-heal|p1a: I'M TOXIC BITCH|46/100|[from] item: Black Sludge
|upkeep
|
|switch|p2a: Excadrill|Excadrill, F|100/100
|-ability|p2a: Excadrill|Mold Breaker
|turn|5
|
|move|p1a: I'M TOXIC BITCH|Baneful Bunker|p1a: I'M TOXIC BITCH
|-singleturn|p1a: I'M TOXIC BITCH|move: Protect
|move|p2a: Excadrill|Earthquake|p1a: I'M TOXIC BITCH
|-activate|p1a: I'M TOXIC BITCH|move: Protect
|
|-heal|p1a: I'M TOXIC BITCH|52/100|[from] item: Black Sludge
|upkeep
|turn|6
|
|move|p2a: Excadrill|Earthquake|p1a: I'M TOXIC BITCH
|-supereffective|p1a: I'M TOXIC BITCH
|-damage|p1a: I'M TOXIC BITCH|0 fnt
|-damage|p2a: Excadrill|91/100|[from] item: Life Orb
|faint|p1a: I'M TOXIC BITCH
|
|upkeep
|
|switch|p1a: WILDIN OUT|Obstagoon, M, shiny|100/100
|turn|7
|inactive|Rekbeth has 120 seconds left.
|c|☆Rekbeth|!weak obstagoon
|html|Obstagoon (ignoring abilities):Weaknesses: Bug, Fairy, FightingResistances: DarkImmunities: Ghost, Psychic
|
|move|p1a: WILDIN OUT|Obstruct|p1a: WILDIN OUT
|-singleturn|p1a: WILDIN OUT|Protect
|move|p2a: Excadrill|Swords Dance|p2a: Excadrill
|-boost|p2a: Excadrill|atk|2
|
|-status|p1a: WILDIN OUT|brn|[from] item: Flame Orb
|upkeep
|turn|8
|
|move|p1a: WILDIN OUT|Close Combat|p2a: Excadrill
|-supereffective|p2a: Excadrill
|-damage|p2a: Excadrill|0 fnt
|-unboost|p1a: WILDIN OUT|def|1
|-unboost|p1a: WILDIN OUT|spd|1
|faint|p2a: Excadrill
|
|-damage|p1a: WILDIN OUT|94/100 brn|[from] brn
|upkeep
|
|switch|p2a: Toxapex|Toxapex, M|100/100
|turn|9
|
|move|p1a: WILDIN OUT|Facade|p2a: Toxapex
|-damage|p2a: Toxapex|54/100
|move|p2a: Toxapex|Venoshock|p1a: WILDIN OUT
|-damage|p1a: WILDIN OUT|71/100 brn
|
|-heal|p2a: Toxapex|60/100|[from] item: Black Sludge
|-damage|p1a: WILDIN OUT|65/100 brn|[from] brn
|upkeep
|turn|10
|inactive|Rekbeth has 120 seconds left.
|
|move|p1a: WILDIN OUT|Knock Off|p2a: Toxapex
|-damage|p2a: Toxapex|26/100
|-enditem|p2a: Toxapex|Black Sludge|[from] move: Knock Off|[of] p1a: WILDIN OUT
|move|p2a: Toxapex|Recover|p2a: Toxapex
|-heal|p2a: Toxapex|76/100
|
|-damage|p1a: WILDIN OUT|59/100 brn|[from] brn
|upkeep
|turn|11
|
|move|p2a: Toxapex|Baneful Bunker|p2a: Toxapex
|-singleturn|p2a: Toxapex|move: Protect
|move|p1a: WILDIN OUT|Facade|p2a: Toxapex
|-activate|p2a: Toxapex|move: Protect
|
|-damage|p1a: WILDIN OUT|53/100 brn|[from] brn
|upkeep
|turn|12
|inactive|Rekbeth has 120 seconds left.
|
|move|p1a: WILDIN OUT|Facade|p2a: Toxapex
|-damage|p2a: Toxapex|23/100
|move|p2a: Toxapex|Recover|p2a: Toxapex
|-heal|p2a: Toxapex|73/100
|
|-damage|p1a: WILDIN OUT|47/100 brn|[from] brn
|upkeep
|turn|13
|
|move|p2a: Toxapex|Baneful Bunker|p2a: Toxapex
|-singleturn|p2a: Toxapex|move: Protect
|move|p1a: WILDIN OUT|Facade|p2a: Toxapex
|-activate|p2a: Toxapex|move: Protect
|
|-damage|p1a: WILDIN OUT|41/100 brn|[from] brn
|upkeep
|turn|14
|
|move|p1a: WILDIN OUT|Facade|p2a: Toxapex
|-damage|p2a: Toxapex|20/100
|move|p2a: Toxapex|Recover|p2a: Toxapex
|-heal|p2a: Toxapex|70/100
|
|-damage|p1a: WILDIN OUT|34/100 brn|[from] brn
|upkeep
|turn|15
|
|move|p2a: Toxapex|Baneful Bunker|p2a: Toxapex
|-singleturn|p2a: Toxapex|move: Protect
|move|p1a: WILDIN OUT|Facade|p2a: Toxapex
|-activate|p2a: Toxapex|move: Protect
|
|-damage|p1a: WILDIN OUT|28/100 brn|[from] brn
|upkeep
|turn|16
|
|move|p1a: WILDIN OUT|Facade|p2a: Toxapex
|-damage|p2a: Toxapex|16/100
|move|p2a: Toxapex|Recover|p2a: Toxapex
|-heal|p2a: Toxapex|66/100
|
|-damage|p1a: WILDIN OUT|22/100 brn|[from] brn
|upkeep
|turn|17
|
|move|p2a: Toxapex|Baneful Bunker|p2a: Toxapex
|-singleturn|p2a: Toxapex|move: Protect
|move|p1a: WILDIN OUT|Facade|p2a: Toxapex
|-activate|p2a: Toxapex|move: Protect
|
|-damage|p1a: WILDIN OUT|16/100 brn|[from] brn
|upkeep
|turn|18
|
|move|p1a: WILDIN OUT|Facade|p2a: Toxapex
|-damage|p2a: Toxapex|17/100
|move|p2a: Toxapex|Recover|p2a: Toxapex
|-heal|p2a: Toxapex|67/100
|
|-damage|p1a: WILDIN OUT|10/100 brn|[from] brn
|upkeep
|turn|19
|
|move|p2a: Toxapex|Baneful Bunker|p2a: Toxapex
|-singleturn|p2a: Toxapex|move: Protect
|move|p1a: WILDIN OUT|Facade|p2a: Toxapex
|-activate|p2a: Toxapex|move: Protect
|
|-damage|p1a: WILDIN OUT|4/100 brn|[from] brn
|upkeep
|turn|20
|
|move|p1a: WILDIN OUT|Facade|p2a: Toxapex
|-damage|p2a: Toxapex|15/100
|move|p2a: Toxapex|Recover|p2a: Toxapex
|-heal|p2a: Toxapex|65/100
|
|-damage|p1a: WILDIN OUT|0 fnt|[from] brn
|faint|p1a: WILDIN OUT
|upkeep
|
|switch|p1a: BANANA BITCH|Kommo-o, M, shiny|100/100
|turn|21
|
|move|p1a: BANANA BITCH|Clangorous Soul|p1a: BANANA BITCH
|-boost|p1a: BANANA BITCH|atk|1
|-boost|p1a: BANANA BITCH|def|1
|-boost|p1a: BANANA BITCH|spa|1
|-boost|p1a: BANANA BITCH|spd|1
|-boost|p1a: BANANA BITCH|spe|1
|-damage|p1a: BANANA BITCH|67/100
|-enditem|p1a: BANANA BITCH|Throat Spray
|-boost|p1a: BANANA BITCH|spa|1
|move|p2a: Toxapex|Toxic|p1a: BANANA BITCH
|-status|p1a: BANANA BITCH|tox
|
|-damage|p1a: BANANA BITCH|61/100 tox|[from] psn
|upkeep
|turn|22
|
|move|p2a: Toxapex|Baneful Bunker|p2a: Toxapex
|-singleturn|p2a: Toxapex|move: Protect
|move|p1a: BANANA BITCH|Flamethrower|p2a: Toxapex
|-activate|p2a: Toxapex|move: Protect
|
|-damage|p1a: BANANA BITCH|49/100 tox|[from] psn
|upkeep
|turn|23
|
|move|p1a: BANANA BITCH|Clanging Scales|p2a: Toxapex
|-damage|p2a: Toxapex|0 fnt
|-unboost|p1a: BANANA BITCH|def|1
|faint|p2a: Toxapex
|
|-damage|p1a: BANANA BITCH|30/100 tox|[from] psn
|upkeep
|
|switch|p2a: Shuckle|Shuckle, F|100/100
|turn|24
|
|move|p1a: BANANA BITCH|Flamethrower|p2a: Shuckle
|-damage|p2a: Shuckle|65/100
|move|p2a: Shuckle|Shell Smash|p2a: Shuckle
|-boost|p2a: Shuckle|def|1
|-boost|p2a: Shuckle|spd|1
|-unboost|p2a: Shuckle|atk|2
|-unboost|p2a: Shuckle|spa|2
|-unboost|p2a: Shuckle|spe|2
|
|-heal|p2a: Shuckle|71/100|[from] item: Leftovers
|-damage|p1a: BANANA BITCH|5/100 tox|[from] psn
|upkeep
|turn|25
|
|move|p1a: BANANA BITCH|Clanging Scales|p2a: Shuckle
|-damage|p2a: Shuckle|34/100
|-unboost|p1a: BANANA BITCH|def|1
|move|p2a: Shuckle|Shell Smash|p2a: Shuckle
|-boost|p2a: Shuckle|def|1
|-boost|p2a: Shuckle|spd|1
|-unboost|p2a: Shuckle|atk|2
|-unboost|p2a: Shuckle|spa|2
|-unboost|p2a: Shuckle|spe|2
|
|-heal|p2a: Shuckle|40/100|[from] item: Leftovers
|-damage|p1a: BANANA BITCH|0 fnt|[from] psn
|faint|p1a: BANANA BITCH
|upkeep
|c|☆Dannymai|!weakness shuckle
|html|Shuckle (ignoring abilities):Weaknesses: Rock, Steel, WaterResistances: Normal, PoisonImmunities: None
|inactive|Dannymai has 120 seconds left.
|
|switch|p1a: CUTE BITCH|Ribombee, F, shiny|100/100
|turn|26
|
|move|p1a: CUTE BITCH|Quiver Dance|p1a: CUTE BITCH
|-boost|p1a: CUTE BITCH|spa|1
|-boost|p1a: CUTE BITCH|spd|1
|-boost|p1a: CUTE BITCH|spe|1
|move|p2a: Shuckle|Rest|p2a: Shuckle
|-status|p2a: Shuckle|slp|[from] move: Rest
|-heal|p2a: Shuckle|100/100 slp|[silent]
|
|upkeep
|turn|27
|
|move|p1a: CUTE BITCH|Quiver Dance|p1a: CUTE BITCH
|-boost|p1a: CUTE BITCH|spa|1
|-boost|p1a: CUTE BITCH|spd|1
|-boost|p1a: CUTE BITCH|spe|1
|cant|p2a: Shuckle|slp
|
|upkeep
|turn|28
|
|move|p1a: CUTE BITCH|Quiver Dance|p1a: CUTE BITCH
|-boost|p1a: CUTE BITCH|spa|1
|-boost|p1a: CUTE BITCH|spd|1
|-boost|p1a: CUTE BITCH|spe|1
|cant|p2a: Shuckle|slp
|
|upkeep
|turn|29
|
|move|p1a: CUTE BITCH|Moonblast|p2a: Shuckle
|-damage|p2a: Shuckle|71/100 slp
|-curestatus|p2a: Shuckle|slp|[msg]
|move|p2a: Shuckle|Toxic|p1a: CUTE BITCH
|-status|p1a: CUTE BITCH|tox
|
|-heal|p2a: Shuckle|77/100|[from] item: Leftovers
|-damage|p1a: CUTE BITCH|94/100 tox|[from] psn
|upkeep
|turn|30
|
|move|p1a: CUTE BITCH|Quiver Dance|p1a: CUTE BITCH
|-boost|p1a: CUTE BITCH|spa|1
|-boost|p1a: CUTE BITCH|spd|1
|-boost|p1a: CUTE BITCH|spe|1
|move|p2a: Shuckle|Shell Smash|p2a: Shuckle
|-boost|p2a: Shuckle|def|1
|-boost|p2a: Shuckle|spd|1
|-unboost|p2a: Shuckle|atk|2
|-unboost|p2a: Shuckle|spa|2
|-unboost|p2a: Shuckle|spe|2
|
|-heal|p2a: Shuckle|83/100|[from] item: Leftovers
|-damage|p1a: CUTE BITCH|82/100 tox|[from] psn
|upkeep
|turn|31
|
|move|p1a: CUTE BITCH|Quiver Dance|p1a: CUTE BITCH
|-boost|p1a: CUTE BITCH|spa|1
|-boost|p1a: CUTE BITCH|spd|1
|-boost|p1a: CUTE BITCH|spe|1
|move|p2a: Shuckle|Shell Smash|p2a: Shuckle
|-boost|p2a: Shuckle|def|1
|-boost|p2a: Shuckle|spd|1
|-unboost|p2a: Shuckle|atk|0
|-unboost|p2a: Shuckle|spa|0
|-unboost|p2a: Shuckle|spe|0
|
|-heal|p2a: Shuckle|89/100|[from] item: Leftovers
|-damage|p1a: CUTE BITCH|64/100 tox|[from] psn
|upkeep
|turn|32
|
|move|p1a: CUTE BITCH|Stun Spore|p2a: Shuckle
|-status|p2a: Shuckle|par
|cant|p2a: Shuckle|par
|
|-heal|p2a: Shuckle|96/100 par|[from] item: Leftovers
|-damage|p1a: CUTE BITCH|39/100 tox|[from] psn
|upkeep
|turn|33
|
|move|p1a: CUTE BITCH|Moonblast|p2a: Shuckle
|-damage|p2a: Shuckle|68/100 par
|cant|p2a: Shuckle|par
|
|-heal|p2a: Shuckle|74/100 par|[from] item: Leftovers
|-damage|p1a: CUTE BITCH|9/100 tox|[from] psn
|upkeep
|turn|34
|
|move|p1a: CUTE BITCH|Moonblast|p2a: Shuckle
|-damage|p2a: Shuckle|42/100 par
|-boost|p2a: Shuckle|spa|1
|move|p2a: Shuckle|Shell Smash|p2a: Shuckle
|-boost|p2a: Shuckle|def|1
|-boost|p2a: Shuckle|spd|1
|-unboost|p2a: Shuckle|atk|0
|-unboost|p2a: Shuckle|spa|1
|-unboost|p2a: Shuckle|spe|0
|
|-heal|p2a: Shuckle|48/100 par|[from] item: Leftovers
|-damage|p1a: CUTE BITCH|0 fnt|[from] psn
|faint|p1a: CUTE BITCH
|upkeep
|
|switch|p1a: HAIL HYDRA|Hydreigon, M, shiny|100/100
|turn|35
|
|move|p1a: HAIL HYDRA|Nasty Plot|p1a: HAIL HYDRA
|-boost|p1a: HAIL HYDRA|spa|2
|cant|p2a: Shuckle|par
|
|-heal|p2a: Shuckle|55/100 par|[from] item: Leftovers
|upkeep
|turn|36
|
|move|p1a: HAIL HYDRA|Nasty Plot|p1a: HAIL HYDRA
|-boost|p1a: HAIL HYDRA|spa|2
|move|p2a: Shuckle|Rest|p2a: Shuckle
|-status|p2a: Shuckle|slp|[from] move: Rest
|-heal|p2a: Shuckle|100/100 slp|[silent]
|
|upkeep
|turn|37
|
|move|p1a: HAIL HYDRA|Dark Pulse|p2a: Shuckle
|-damage|p2a: Shuckle|73/100 slp
|-damage|p1a: HAIL HYDRA|91/100|[from] item: Life Orb
|cant|p2a: Shuckle|slp
|
|-heal|p2a: Shuckle|80/100 slp|[from] item: Leftovers
|upkeep
|turn|38
|
|move|p1a: HAIL HYDRA|Dark Pulse|p2a: Shuckle
|-damage|p2a: Shuckle|48/100 slp
|-damage|p1a: HAIL HYDRA|81/100|[from] item: Life Orb
|cant|p2a: Shuckle|slp
|
|-heal|p2a: Shuckle|54/100 slp|[from] item: Leftovers
|upkeep
|turn|39
|
|move|p1a: HAIL HYDRA|Dark Pulse|p2a: Shuckle
|-damage|p2a: Shuckle|22/100 slp
|-damage|p1a: HAIL HYDRA|71/100|[from] item: Life Orb
|-curestatus|p2a: Shuckle|slp|[msg]
|move|p2a: Shuckle|Toxic|p1a: HAIL HYDRA
|-status|p1a: HAIL HYDRA|tox
|
|-heal|p2a: Shuckle|28/100|[from] item: Leftovers
|-damage|p1a: HAIL HYDRA|65/100 tox|[from] psn
|upkeep
|turn|40
|
|move|p1a: HAIL HYDRA|Dark Pulse|p2a: Shuckle
|-damage|p2a: Shuckle|1/100
|-damage|p1a: HAIL HYDRA|55/100 tox|[from] item: Life Orb
|move|p2a: Shuckle|Rest|p2a: Shuckle
|-status|p2a: Shuckle|slp|[from] move: Rest
|-heal|p2a: Shuckle|100/100 slp|[silent]
|
|-damage|p1a: HAIL HYDRA|43/100 tox|[from] psn
|upkeep
|turn|41
|c|☆Rekbeth|Oof
|c|☆Dannymai|lucky
|c|☆Rekbeth|Rough break on the rng
|
|move|p1a: HAIL HYDRA|Dark Pulse|p2a: Shuckle
|-damage|p2a: Shuckle|72/100 slp
|-damage|p1a: HAIL HYDRA|33/100 tox|[from] item: Life Orb
|cant|p2a: Shuckle|slp
|
|-heal|p2a: Shuckle|78/100 slp|[from] item: Leftovers
|-damage|p1a: HAIL HYDRA|14/100 tox|[from] psn
|upkeep
|turn|42
|c|☆Dannymai|yeah gg tho
|
|move|p1a: HAIL HYDRA|Draco Meteor|p2a: Shuckle
|-damage|p2a: Shuckle|30/100 slp
|-unboost|p1a: HAIL HYDRA|spa|2
|-damage|p1a: HAIL HYDRA|4/100 tox|[from] item: Life Orb
|cant|p2a: Shuckle|slp
|
|-heal|p2a: Shuckle|36/100 slp|[from] item: Leftovers
|-damage|p1a: HAIL HYDRA|0 fnt|[from] psn
|faint|p1a: HAIL HYDRA
|
|win|Rekbeth
|upkeep
|c|☆Rekbeth|Gg
|raw|Dannymai's rating: 1261 → 1238(-23 for losing)
|raw|Rekbeth's rating: 1282 → 1306(+24 for winning)
|l|☆Dannymai
