|ScrapeTime|2020-01-01-07:15:36
|j|☆freerkelly2019
|j|☆smoovBert
|player|p1|freerkelly2019|200|1353
|player|p2|smoovBert|140|1420
|teamsize|p1|6
|teamsize|p2|6
|gametype|singles
|gen|8
|tier|[Gen 8] OU
|rated|
|rule|Sleep Clause Mod: Limit one foe put to sleep
|rule|Species Clause: Limit one of each Pokémon
|rule|OHKO Clause: OHKO moves are banned
|rule|Evasion Moves Clause: Evasion moves are banned
|rule|Endless Battle Clause: Forcing endless battles is banned
|rule|HP Percentage Mod: HP is shown in percentages
|clearpoke
|poke|p1|Bellossom, F|
|poke|p1|Cinderace, M|
|poke|p1|Conkeldurr, F|
|poke|p1|Jellicent, F|
|poke|p1|Mandibuzz, F|
|poke|p1|Clefable, F|
|poke|p2|Hydreigon, M|
|poke|p2|Gyarados, F|
|poke|p2|Tyranitar, F|
|poke|p2|Excadrill, M|
|poke|p2|Gengar, M|
|poke|p2|Rotom-Wash|
|rule|Dynamax Clause: You cannot dynamax
|teampreview
|
|start
|switch|p1a: Cinderace|Cinderace, M|100/100
|switch|p2a: Sploosh|Gyarados, F|100/100
|-ability|p2a: Sploosh|Intimidate|boost
|-unboost|p1a: Cinderace|atk|1
|turn|1
|inactive|Battle timer is ON: inactive players will automatically lose when time's up. (requested by freerkelly2019)
|
|move|p1a: Cinderace|U-turn|p2a: Sploosh
|-resisted|p2a: Sploosh
|-damage|p2a: Sploosh|94/100
|-damage|p1a: Cinderace|84/100|[from] item: Rocky Helmet|[of] p2a: Sploosh
|
|switch|p1a: Jellicent|Jellicent, F|100/100|[from]move: U-turn
|move|p2a: Sploosh|Thunder Wave|p1a: Jellicent
|-status|p1a: Jellicent|par
|
|upkeep
|turn|2
|
|move|p2a: Sploosh|Power Whip|p1a: Jellicent
|-supereffective|p1a: Jellicent
|-damage|p1a: Jellicent|43/100 par
|move|p1a: Jellicent|Will-O-Wisp|p2a: Sploosh
|-status|p2a: Sploosh|brn
|
|-heal|p1a: Jellicent|49/100 par|[from] item: Leftovers
|-damage|p2a: Sploosh|88/100 brn|[from] brn
|upkeep
|turn|3
|
|switch|p2a: Jerk|Rotom-Wash|100/100
|move|p1a: Jellicent|Strength Sap|p2a: Jerk
|-unboost|p2a: Jerk|atk|1
|-heal|p1a: Jellicent|79/100 par
|
|-heal|p1a: Jellicent|85/100 par|[from] item: Leftovers
|upkeep
|turn|4
|
|switch|p1a: Conkeldurr|Conkeldurr, F|100/100
|move|p2a: Jerk|Trick|p1a: Conkeldurr
|-activate|p2a: Jerk|move: Trick|[of] p1a: Conkeldurr
|-item|p1a: Conkeldurr|Choice Scarf|[from] move: Trick
|-item|p2a: Jerk|Assault Vest|[from] move: Trick
|
|upkeep
|turn|5
|
|switch|p2a: Soldier|Gengar, M|100/100
|move|p1a: Conkeldurr|Drain Punch|p2a: Soldier
|-immune|p2a: Soldier
|
|upkeep
|turn|6
|
|switch|p1a: Mandibuzz|Mandibuzz, F|100/100
|move|p2a: Soldier|Sludge Wave|p1a: Mandibuzz
|-damage|p1a: Mandibuzz|69/100
|
|upkeep
|turn|7
|
|switch|p2a: Zillow|Tyranitar, F|100/100
|-weather|Sandstorm|[from] ability: Sand Stream|[of] p2a: Zillow
|move|p1a: Mandibuzz|Roost|p1a: Mandibuzz
|-heal|p1a: Mandibuzz|100/100
|-singleturn|p1a: Mandibuzz|move: Roost
|
|-weather|Sandstorm|[upkeep]
|upkeep
|turn|8
|
|move|p1a: Mandibuzz|U-turn|p2a: Zillow
|-supereffective|p2a: Zillow
|-damage|p2a: Zillow|77/100
|
|switch|p1a: Conkeldurr|Conkeldurr, F|100/100|[from]move: U-turn
|move|p2a: Zillow|Stone Edge|p1a: Conkeldurr|[miss]
|-miss|p2a: Zillow|p1a: Conkeldurr
|
|-weather|Sandstorm|[upkeep]
|-damage|p1a: Conkeldurr|95/100|[from] Sandstorm
|-heal|p2a: Zillow|83/100|[from] item: Leftovers
|upkeep
|turn|9
|
|switch|p2a: Sploosh|Gyarados, F|88/100 brn
|-ability|p2a: Sploosh|Intimidate|boost
|-unboost|p1a: Conkeldurr|atk|1
|move|p1a: Conkeldurr|Earthquake|p2a: Sploosh
|-immune|p2a: Sploosh
|
|-weather|Sandstorm|[upkeep]
|-damage|p1a: Conkeldurr|89/100|[from] Sandstorm
|-damage|p2a: Sploosh|82/100 brn|[from] Sandstorm
|-damage|p2a: Sploosh|76/100 brn|[from] brn
|upkeep
|turn|10
|
|switch|p1a: Jellicent|Jellicent, F|85/100 par
|move|p2a: Sploosh|Power Whip|p1a: Jellicent
|-supereffective|p1a: Jellicent
|-damage|p1a: Jellicent|53/100 par
|
|-weather|Sandstorm|[upkeep]
|-damage|p2a: Sploosh|70/100 brn|[from] Sandstorm
|-damage|p1a: Jellicent|47/100 par|[from] Sandstorm
|-heal|p1a: Jellicent|53/100 par|[from] item: Leftovers
|-damage|p2a: Sploosh|64/100 brn|[from] brn
|upkeep
|turn|11
|
|move|p2a: Sploosh|Power Whip|p1a: Jellicent
|-supereffective|p1a: Jellicent
|-damage|p1a: Jellicent|23/100 par
|cant|p1a: Jellicent|par
|
|-weather|none
|-heal|p1a: Jellicent|29/100 par|[from] item: Leftovers
|-damage|p2a: Sploosh|57/100 brn|[from] brn
|upkeep
|turn|12
|
|switch|p1a: Bellossom|Bellossom, F|100/100
|move|p2a: Sploosh|Power Whip|p1a: Bellossom
|-resisted|p1a: Bellossom
|-damage|p1a: Bellossom|91/100
|
|-damage|p2a: Sploosh|51/100 brn|[from] brn
|upkeep
|turn|13
|
|move|p1a: Bellossom|Quiver Dance|p1a: Bellossom
|-boost|p1a: Bellossom|spa|1
|-boost|p1a: Bellossom|spd|1
|-boost|p1a: Bellossom|spe|1
|move|p2a: Sploosh|Rest|p2a: Sploosh
|-status|p2a: Sploosh|slp|[from] move: Rest
|-heal|p2a: Sploosh|100/100 slp|[silent]
|
|upkeep
|turn|14
|
|switch|p2a: Zillow|Tyranitar, F|83/100
|-weather|Sandstorm|[from] ability: Sand Stream|[of] p2a: Zillow
|move|p1a: Bellossom|Quiver Dance|p1a: Bellossom
|-boost|p1a: Bellossom|spa|1
|-boost|p1a: Bellossom|spd|1
|-boost|p1a: Bellossom|spe|1
|
|-weather|Sandstorm|[upkeep]
|-damage|p1a: Bellossom|85/100|[from] Sandstorm
|-heal|p2a: Zillow|89/100|[from] item: Leftovers
|upkeep
|turn|15
|
|move|p1a: Bellossom|Strength Sap|p2a: Zillow
|-unboost|p2a: Zillow|atk|1
|-heal|p1a: Bellossom|100/100
|move|p2a: Zillow|Fire Blast|p1a: Bellossom
|-supereffective|p1a: Bellossom
|-damage|p1a: Bellossom|69/100
|
|-weather|Sandstorm|[upkeep]
|-damage|p1a: Bellossom|63/100|[from] Sandstorm
|-heal|p2a: Zillow|96/100|[from] item: Leftovers
|upkeep
|turn|16
|
|move|p1a: Bellossom|Quiver Dance|p1a: Bellossom
|-boost|p1a: Bellossom|spa|1
|-boost|p1a: Bellossom|spd|1
|-boost|p1a: Bellossom|spe|1
|move|p2a: Zillow|Crunch|p1a: Bellossom
|-damage|p1a: Bellossom|40/100
|
|-weather|Sandstorm|[upkeep]
|-damage|p1a: Bellossom|33/100|[from] Sandstorm
|-heal|p2a: Zillow|100/100|[from] item: Leftovers
|upkeep
|turn|17
|
|move|p1a: Bellossom|Strength Sap|p2a: Zillow
|-unboost|p2a: Zillow|atk|1
|-heal|p1a: Bellossom|91/100
|move|p2a: Zillow|Crunch|p1a: Bellossom
|-damage|p1a: Bellossom|73/100
|
|-weather|Sandstorm|[upkeep]
|-damage|p1a: Bellossom|67/100|[from] Sandstorm
|upkeep
|turn|18
|
|move|p1a: Bellossom|Giga Drain|p2a: Zillow
|-supereffective|p2a: Zillow
|-crit|p2a: Zillow
|-damage|p2a: Zillow|10/100
|-heal|p1a: Bellossom|100/100|[from] drain|[of] p2a: Zillow
|move|p2a: Zillow|Stealth Rock|p1a: Bellossom
|-sidestart|p1: freerkelly2019|move: Stealth Rock
|
|-weather|none
|-heal|p2a: Zillow|16/100|[from] item: Leftovers
|upkeep
|turn|19
|
|switch|p2a: Jerk|Rotom-Wash|100/100
|move|p1a: Bellossom|Quiver Dance|p1a: Bellossom
|-boost|p1a: Bellossom|spa|1
|-boost|p1a: Bellossom|spd|1
|-boost|p1a: Bellossom|spe|1
|
|upkeep
|turn|20
|
|move|p1a: Bellossom|Giga Drain|p2a: Jerk
|-supereffective|p2a: Jerk
|-damage|p2a: Jerk|0 fnt
|faint|p2a: Jerk
|
|upkeep
|
|switch|p2a: Zillow|Tyranitar, F|16/100
|-weather|Sandstorm|[from] ability: Sand Stream|[of] p2a: Zillow
|turn|21
|
|move|p1a: Bellossom|Giga Drain|p2a: Zillow
|-supereffective|p2a: Zillow
|-damage|p2a: Zillow|0 fnt
|faint|p2a: Zillow
|
|-weather|Sandstorm|[upkeep]
|-damage|p1a: Bellossom|94/100|[from] Sandstorm
|upkeep
|
|switch|p2a: Prep|Excadrill, M|100/100
|turn|22
|
|move|p1a: Bellossom|Quiver Dance|p1a: Bellossom
|-boost|p1a: Bellossom|spa|1
|-boost|p1a: Bellossom|spd|1
|-boost|p1a: Bellossom|spe|1
|move|p2a: Prep|Iron Head|p1a: Bellossom
|-damage|p1a: Bellossom|44/100
|
|-weather|Sandstorm|[upkeep]
|-damage|p1a: Bellossom|38/100|[from] Sandstorm
|upkeep
|turn|23
|
|move|p1a: Bellossom|Giga Drain|p2a: Prep
|-damage|p2a: Prep|22/100
|-heal|p1a: Bellossom|78/100|[from] drain|[of] p2a: Prep
|move|p2a: Prep|Iron Head|p1a: Bellossom
|-damage|p1a: Bellossom|33/100
|
|-weather|Sandstorm|[upkeep]
|-damage|p1a: Bellossom|27/100|[from] Sandstorm
|upkeep
|turn|24
|
|move|p1a: Bellossom|Strength Sap|p2a: Prep
|-unboost|p2a: Prep|atk|1
|-heal|p1a: Bellossom|100/100
|move|p2a: Prep|Iron Head|p1a: Bellossom
|-damage|p1a: Bellossom|71/100
|
|-weather|Sandstorm|[upkeep]
|-damage|p1a: Bellossom|65/100|[from] Sandstorm
|upkeep
|turn|25
|
|switch|p2a: Sploosh|Gyarados, F|100/100 slp
|-ability|p2a: Sploosh|Intimidate|boost
|-unboost|p1a: Bellossom|atk|1
|move|p1a: Bellossom|Giga Drain|p2a: Sploosh
|-damage|p2a: Sploosh|24/100 slp
|-heal|p1a: Bellossom|100/100|[from] drain|[of] p2a: Sploosh
|
|-weather|none
|upkeep
|turn|26
|
|move|p1a: Bellossom|Quiver Dance|p1a: Bellossom
|-boost|p1a: Bellossom|spa|1
|-boost|p1a: Bellossom|spd|1
|-boost|p1a: Bellossom|spe|1
|cant|p2a: Sploosh|slp
|
|upkeep
|turn|27
|
|move|p1a: Bellossom|Giga Drain|p2a: Sploosh
|-damage|p2a: Sploosh|0 fnt
|faint|p2a: Sploosh
|
|upkeep
|
|switch|p2a: Losung|Hydreigon, M|100/100
|turn|28
|
|move|p1a: Bellossom|Moonblast|p2a: Losung
|-supereffective|p2a: Losung
|-damage|p2a: Losung|0 fnt
|faint|p2a: Losung
|
|upkeep
|
|switch|p2a: Soldier|Gengar, M|100/100
|turn|29
|
|move|p1a: Bellossom|Giga Drain|p2a: Soldier
|-resisted|p2a: Soldier
|-damage|p2a: Soldier|27/100
|move|p2a: Soldier|Sludge Wave|p1a: Bellossom
|-supereffective|p1a: Bellossom
|-damage|p1a: Bellossom|73/100
|
|upkeep
|turn|30
|
|move|p1a: Bellossom|Giga Drain|p2a: Soldier
|-resisted|p2a: Soldier
|-damage|p2a: Soldier|0 fnt
|-heal|p1a: Bellossom|83/100|[from] drain|[of] p2a: Soldier
|faint|p2a: Soldier
|
|upkeep
|
|switch|p2a: Prep|Excadrill, M|22/100
|turn|31
|
|move|p1a: Bellossom|Giga Drain|p2a: Prep
|-damage|p2a: Prep|0 fnt
|-heal|p1a: Bellossom|93/100|[from] drain|[of] p2a: Prep
|faint|p2a: Prep
|
|win|freerkelly2019
|l|☆smoovBert
|raw|freerkelly2019's rating: 1353 → 1377(+24 for winning)
|raw|smoovBert's rating: 1420 → 1396(-24 for losing)
