|ScrapeTime|2020-01-01-23:44:32
|j|☆trigthenig
|j|☆crown1
|player|p1|trigthenig|170|1000
|player|p2|crown1|169|1000
|teamsize|p1|6
|teamsize|p2|6
|gametype|singles
|gen|8
|tier|[Gen 8] OU
|rated|
|rule|Sleep Clause Mod: Limit one foe put to sleep
|rule|Species Clause: Limit one of each Pokémon
|rule|OHKO Clause: OHKO moves are banned
|rule|Evasion Moves Clause: Evasion moves are banned
|rule|Endless Battle Clause: Forcing endless battles is banned
|rule|HP Percentage Mod: HP is shown in percentages
|clearpoke
|poke|p1|Toxapex, M|
|poke|p1|Dragapult, M|
|poke|p1|Quagsire, M|
|poke|p1|Corviknight, F|
|poke|p1|Tyranitar, M|
|poke|p1|Sylveon, M|
|poke|p2|Runerigus, M|
|poke|p2|Hatterene, F|
|poke|p2|Malamar, M|
|poke|p2|Pelipper, F|
|poke|p2|Aegislash, M|
|poke|p2|Crawdaunt, M|
|rule|Dynamax Clause: You cannot dynamax
|teampreview
|
|start
|switch|p1a: Quagsire|Quagsire, M|100/100
|switch|p2a: Runerigus|Runerigus, M|100/100
|turn|1
|
|move|p1a: Quagsire|Scald|p2a: Runerigus
|-supereffective|p2a: Runerigus
|-damage|p2a: Runerigus|70/100
|move|p2a: Runerigus|Stealth Rock|p1a: Quagsire
|-sidestart|p1: trigthenig|move: Stealth Rock
|
|upkeep
|turn|2
|
|switch|p2a: Pelipper|Pelipper, F|100/100
|-weather|RainDance|[from] ability: Drizzle|[of] p2a: Pelipper
|move|p1a: Quagsire|Toxic|p2a: Pelipper
|-status|p2a: Pelipper|tox
|
|-weather|RainDance|[upkeep]
|-damage|p2a: Pelipper|94/100 tox|[from] psn
|upkeep
|turn|3
|j| Glfgno7
|inactive|Battle timer is ON: inactive players will automatically lose when time's up. (requested by crown1)
|
|move|p1a: Quagsire|Protect|p1a: Quagsire
|-singleturn|p1a: Quagsire|Protect
|move|p2a: Pelipper|Hurricane|p1a: Quagsire
|-activate|p1a: Quagsire|move: Protect
|
|-weather|RainDance|[upkeep]
|-damage|p2a: Pelipper|82/100 tox|[from] psn
|upkeep
|turn|4
|inactive|trigthenig has 120 seconds left.
|inactive|crown1 has 120 seconds left.
|
|switch|p2a: Hatterene|Hatterene, F|100/100
|move|p1a: Quagsire|Protect||[still]
|-fail|p1a: Quagsire
|
|-weather|RainDance|[upkeep]
|upkeep
|turn|5
|inactive|crown1 has 120 seconds left.
|
|move|p1a: Quagsire|Toxic|p2a: Hatterene
|move|p2a: Hatterene|Toxic|p1a: Quagsire|[from]Magic Bounce
|-status|p1a: Quagsire|tox
|move|p2a: Hatterene|Dazzling Gleam|p1a: Quagsire
|-damage|p1a: Quagsire|29/100 tox
|-damage|p2a: Hatterene|91/100|[from] item: Life Orb
|
|-weather|RainDance|[upkeep]
|-heal|p1a: Quagsire|35/100 tox|[from] item: Leftovers
|-damage|p1a: Quagsire|29/100 tox|[from] psn
|upkeep
|turn|6
|c|☆crown1|genius masterplan
|inactive|trigthenig has 120 seconds left.
|c| Glfgno7|xD
|
|switch|p1a: Sylveon|Sylveon, M|100/100
|-damage|p1a: Sylveon|88/100|[from] Stealth Rock
|move|p2a: Hatterene|Trick Room|p2a: Hatterene
|-fieldstart|move: Trick Room|[of] p2a: Hatterene
|
|-weather|none
|upkeep
|turn|7
|inactive|trigthenig has 120 seconds left.
|
|move|p2a: Hatterene|Psychic|p1a: Sylveon
|-damage|p1a: Sylveon|32/100
|-damage|p2a: Hatterene|81/100|[from] item: Life Orb
|move|p1a: Sylveon|Mystical Fire|p2a: Hatterene
|-damage|p2a: Hatterene|63/100
|-unboost|p2a: Hatterene|spa|1
|
|upkeep
|turn|8
|inactive|trigthenig has 120 seconds left.
|inactive|crown1 has 120 seconds left.
|
|switch|p2a: Pelipper|Pelipper, F|82/100 tox
|-weather|RainDance|[from] ability: Drizzle|[of] p2a: Pelipper
|move|p1a: Sylveon|Protect||[still]
|-fail|p1a: Sylveon
|
|-weather|RainDance|[upkeep]
|-damage|p2a: Pelipper|76/100 tox|[from] psn
|upkeep
|turn|9
|inactive|trigthenig has 120 seconds left.
|inactive|crown1 has 120 seconds left.
|c| Glfgno7|too bad tr lacks good setters besides the hat
|
|switch|p1a: Toxapex|Toxapex, M|100/100
|-damage|p1a: Toxapex|88/100|[from] Stealth Rock
|move|p2a: Pelipper|Surf|p1a: Toxapex
|-resisted|p1a: Toxapex
|-damage|p1a: Toxapex|52/100
|
|-weather|RainDance|[upkeep]
|-heal|p1a: Toxapex|58/100|[from] item: Black Sludge
|-damage|p2a: Pelipper|63/100 tox|[from] psn
|upkeep
|turn|10
|c| Glfgno7|it could be fire
|inactive|trigthenig has 120 seconds left.
|c|☆trigthenig|broo i havent played in forever :(
|c|☆crown1|me neither
|c| Glfgno7|lmao
|c|☆crown1|either*
|
|switch|p2a: Hatterene|Hatterene, F|63/100
|move|p1a: Toxapex|Baneful Bunker||[still]
|-fail|p1a: Toxapex
|
|-weather|RainDance|[upkeep]
|-heal|p1a: Toxapex|64/100|[from] item: Black Sludge
|-fieldend|move: Trick Room
|upkeep
|turn|11
|
|move|p1a: Toxapex|Liquidation|p2a: Hatterene
|-damage|p2a: Hatterene|30/100
|move|p2a: Hatterene|Mystical Fire|p1a: Toxapex
|-resisted|p1a: Toxapex
|-damage|p1a: Toxapex|56/100
|-unboost|p1a: Toxapex|spa|1
|-damage|p2a: Hatterene|21/100|[from] item: Life Orb
|
|-weather|RainDance|[upkeep]
|-heal|p1a: Toxapex|62/100|[from] item: Black Sludge
|upkeep
|turn|12
|inactive|crown1 has 90 seconds left.
|
|switch|p2a: Crawdaunt|Crawdaunt, M|100/100
|move|p1a: Toxapex|Baneful Bunker||[still]
|-fail|p1a: Toxapex
|
|-weather|none
|-heal|p1a: Toxapex|68/100|[from] item: Black Sludge
|upkeep
|turn|13
|c| Glfgno7|overpredicting in low ladder isn't exactly the smartest thing to do :P
|
|move|p1a: Toxapex|Baneful Bunker|p1a: Toxapex
|-singleturn|p1a: Toxapex|move: Protect
|move|p2a: Crawdaunt|Swords Dance|p2a: Crawdaunt
|-boost|p2a: Crawdaunt|atk|2
|
|-heal|p1a: Toxapex|75/100|[from] item: Black Sludge
|upkeep
|turn|14
|c|☆crown1|i think this is gg but not sure
|inactive|trigthenig has 90 seconds left.
|
|move|p1a: Toxapex|Haze|p1a: Toxapex
|-clearallboost
|move|p2a: Crawdaunt|Knock Off|p1a: Toxapex
|-damage|p1a: Toxapex|20/100
|-enditem|p1a: Toxapex|Black Sludge|[from] move: Knock Off|[of] p2a: Crawdaunt
|-damage|p2a: Crawdaunt|91/100|[from] item: Life Orb
|
|upkeep
|turn|15
|c|☆crown1|calculator is for pussies
|c| Glfgno7|it propably is
|
|move|p1a: Toxapex|Baneful Bunker|p1a: Toxapex
|-singleturn|p1a: Toxapex|move: Protect
|move|p2a: Crawdaunt|Swords Dance|p2a: Crawdaunt
|-boost|p2a: Crawdaunt|atk|2
|
|upkeep
|turn|16
|c| Glfgno7|still
|inactive|trigthenig has 90 seconds left.
|c| Glfgno7|depends on quag
|
|move|p1a: Toxapex|Baneful Bunker||[still]
|-fail|p1a: Toxapex
|move|p2a: Crawdaunt|Aqua Jet|p1a: Toxapex
|-resisted|p1a: Toxapex
|-damage|p1a: Toxapex|0 fnt
|-damage|p2a: Crawdaunt|81/100|[from] item: Life Orb
|faint|p1a: Toxapex
|
|upkeep
|inactive|trigthenig has 60 seconds left.
|
|switch|p1a: Corviknight|Corviknight, F|100/100
|-damage|p1a: Corviknight|88/100|[from] Stealth Rock
|-ability|p1a: Corviknight|Pressure
|turn|17
|inactive|crown1 has 120 seconds left.
|
|switch|p2a: Aegislash|Aegislash, M|100/100
|move|p1a: Corviknight|Brave Bird|p2a: Aegislash
|-resisted|p2a: Aegislash
|-damage|p2a: Aegislash|86/100
|-damage|p1a: Corviknight|84/100|[from] Recoil
|
|-heal|p1a: Corviknight|90/100|[from] item: Leftovers
|upkeep
|turn|18
|inactive|trigthenig has 60 seconds left.
|
|move|p1a: Corviknight|Iron Defense|p1a: Corviknight
|-boost|p1a: Corviknight|def|2
|-formechange|p2a: Aegislash|Aegislash-Blade||[from] ability: Stance Change
|move|p2a: Aegislash|Close Combat|p1a: Corviknight
|-damage|p1a: Corviknight|64/100
|-unboost|p2a: Aegislash|def|1
|-unboost|p2a: Aegislash|spd|1
|
|-heal|p1a: Corviknight|70/100|[from] item: Leftovers
|upkeep
|turn|19
|inactive|trigthenig has 60 seconds left.
|
|switch|p2a: Runerigus|Runerigus, M|70/100
|move|p1a: Corviknight|Iron Defense|p1a: Corviknight
|-boost|p1a: Corviknight|def|2
|
|-heal|p1a: Corviknight|76/100|[from] item: Leftovers
|upkeep
|turn|20
|inactive|trigthenig has 60 seconds left.
|
|move|p1a: Corviknight|Iron Defense|p1a: Corviknight
|-boost|p1a: Corviknight|def|2
|move|p2a: Runerigus|Trick Room|p2a: Runerigus
|-fieldstart|move: Trick Room|[of] p2a: Runerigus
|
|-heal|p1a: Corviknight|83/100|[from] item: Leftovers
|upkeep
|turn|21
|inactive|trigthenig has 60 seconds left.
|
|move|p2a: Runerigus|Memento|p1a: Corviknight
|-unboost|p1a: Corviknight|atk|2
|-unboost|p1a: Corviknight|spa|2
|faint|p2a: Runerigus
|move|p1a: Corviknight|Iron Defense|p1a: Corviknight
|-boost|p1a: Corviknight|def|0
|
|-heal|p1a: Corviknight|89/100|[from] item: Leftovers
|upkeep
|
|switch|p2a: Pelipper|Pelipper, F|63/100 tox
|-weather|RainDance|[from] ability: Drizzle|[of] p2a: Pelipper
|turn|22
|inactive|trigthenig has 60 seconds left.
|inactive|crown1 has 120 seconds left.
|
|move|p2a: Pelipper|Surf|p1a: Corviknight
|-damage|p1a: Corviknight|15/100
|move|p1a: Corviknight|Brave Bird|p2a: Pelipper
|-damage|p2a: Pelipper|45/100 tox
|-damage|p1a: Corviknight|10/100|[from] Recoil
|
|-weather|RainDance|[upkeep]
|-heal|p1a: Corviknight|16/100|[from] item: Leftovers
|-damage|p2a: Pelipper|39/100 tox|[from] psn
|upkeep
|turn|23
|c| Glfgno7|protect inc
|inactive|crown1 has 120 seconds left.
|inactive|trigthenig has 60 seconds left.
|
|switch|p2a: Malamar|Malamar, M|100/100
|move|p1a: Corviknight|Roost|p1a: Corviknight
|-heal|p1a: Corviknight|66/100
|-singleturn|p1a: Corviknight|move: Roost
|
|-weather|RainDance|[upkeep]
|-heal|p1a: Corviknight|73/100|[from] item: Leftovers
|upkeep
|turn|24
|inactive|crown1 has 120 seconds left.
|inactive|trigthenig has 60 seconds left.
|
|move|p1a: Corviknight|Roost|p1a: Corviknight
|-heal|p1a: Corviknight|100/100
|-singleturn|p1a: Corviknight|move: Roost
|move|p2a: Malamar|Superpower|p1a: Corviknight
|-supereffective|p1a: Corviknight
|-damage|p1a: Corviknight|87/100
|-boost|p2a: Malamar|atk|1
|-boost|p2a: Malamar|def|1
|
|-weather|RainDance|[upkeep]
|-heal|p1a: Corviknight|93/100|[from] item: Leftovers
|-fieldend|move: Trick Room
|upkeep
|turn|25
|c| Glfgno7|why :P
|inactive|trigthenig has 60 seconds left.
|inactive|crown1 has 120 seconds left.
|
|move|p2a: Malamar|Superpower|p1a: Corviknight
|-damage|p1a: Corviknight|83/100
|-boost|p2a: Malamar|atk|1
|-boost|p2a: Malamar|def|1
|move|p1a: Corviknight|Brave Bird|p2a: Malamar
|-damage|p2a: Malamar|91/100
|-damage|p1a: Corviknight|80/100|[from] Recoil
|
|-weather|RainDance|[upkeep]
|-heal|p2a: Malamar|97/100|[from] item: Leftovers
|-heal|p1a: Corviknight|86/100|[from] item: Leftovers
|upkeep
|turn|26
|inactive|trigthenig has 60 seconds left.
|inactive|crown1 has 120 seconds left.
|
|move|p2a: Malamar|Psycho Cut|p1a: Corviknight
|-resisted|p1a: Corviknight
|-damage|p1a: Corviknight|80/100
|move|p1a: Corviknight|Substitute|p1a: Corviknight
|-start|p1a: Corviknight|Substitute
|-damage|p1a: Corviknight|55/100
|
|-weather|none
|-heal|p2a: Malamar|100/100|[from] item: Leftovers
|-heal|p1a: Corviknight|61/100|[from] item: Leftovers
|upkeep
|turn|27
|
|switch|p2a: Hatterene|Hatterene, F|21/100
|move|p1a: Corviknight|Iron Defense|p1a: Corviknight
|-boost|p1a: Corviknight|def|0
|
|-heal|p1a: Corviknight|67/100|[from] item: Leftovers
|upkeep
|turn|28
|inactive|crown1 has 90 seconds left.
|
|move|p1a: Corviknight|Brave Bird|p2a: Hatterene
|-damage|p2a: Hatterene|1/100
|-damage|p1a: Corviknight|62/100|[from] Recoil
|move|p2a: Hatterene|Trick Room|p2a: Hatterene
|-fieldstart|move: Trick Room|[of] p2a: Hatterene
|
|-heal|p1a: Corviknight|68/100|[from] item: Leftovers
|upkeep
|turn|29
|
|move|p2a: Hatterene|Mystical Fire|p1a: Corviknight
|-supereffective|p1a: Corviknight
|-end|p1a: Corviknight|Substitute
|-damage|p2a: Hatterene|0 fnt|[from] item: Life Orb
|faint|p2a: Hatterene
|move|p1a: Corviknight|Roost|p1a: Corviknight
|-heal|p1a: Corviknight|100/100
|-singleturn|p1a: Corviknight|move: Roost
|
|upkeep
|
|switch|p2a: Pelipper|Pelipper, F|39/100 tox
|-weather|RainDance|[from] ability: Drizzle|[of] p2a: Pelipper
|turn|30
|
|move|p2a: Pelipper|Hydro Pump|p1a: Corviknight
|-damage|p1a: Corviknight|21/100
|move|p1a: Corviknight|Substitute|p1a: Corviknight
|-fail|p1a: Corviknight|move: Substitute|[weak]
|
|-weather|RainDance|[upkeep]
|-heal|p1a: Corviknight|27/100|[from] item: Leftovers
|-damage|p2a: Pelipper|32/100 tox|[from] psn
|upkeep
|turn|31
|
|switch|p1a: Dragapult|Dragapult, M|100/100
|-damage|p1a: Dragapult|88/100|[from] Stealth Rock
|move|p2a: Pelipper|Hydro Pump|p1a: Dragapult
|-resisted|p1a: Dragapult
|-damage|p1a: Dragapult|6/100
|
|-weather|RainDance|[upkeep]
|-damage|p2a: Pelipper|20/100 tox|[from] psn
|upkeep
|turn|32
|inactive|crown1 has 120 seconds left.
|
|move|p2a: Pelipper|Hydro Pump|p1a: Dragapult
|-resisted|p1a: Dragapult
|-damage|p1a: Dragapult|0 fnt
|faint|p1a: Dragapult
|
|-weather|RainDance|[upkeep]
|-damage|p2a: Pelipper|1/100 tox|[from] psn
|-fieldend|move: Trick Room
|upkeep
|
|switch|p1a: Tyranitar|Tyranitar, M|100/100
|-damage|p1a: Tyranitar|88/100|[from] Stealth Rock
|-weather|Sandstorm|[from] ability: Sand Stream|[of] p1a: Tyranitar
|turn|33
|inactive|trigthenig has 30 seconds left.
|
|move|p1a: Tyranitar|Ice Punch|p2a: Pelipper
|-damage|p2a: Pelipper|0 fnt
|faint|p2a: Pelipper
|
|-weather|Sandstorm|[upkeep]
|upkeep
|inactive|trigthenig has 30 seconds left this turn.
|
|switch|p2a: Malamar|Malamar, M|100/100
|turn|34
|inactive|crown1 has 120 seconds left.
|inactive|trigthenig has 30 seconds left.
|
|move|p2a: Malamar|Superpower|p1a: Tyranitar
|-supereffective|p1a: Tyranitar
|-damage|p1a: Tyranitar|0 fnt
|-boost|p2a: Malamar|atk|1
|-boost|p2a: Malamar|def|1
|faint|p1a: Tyranitar
|
|-weather|Sandstorm|[upkeep]
|-damage|p2a: Malamar|94/100|[from] Sandstorm
|-heal|p2a: Malamar|100/100|[from] item: Leftovers
|upkeep
|inactive|trigthenig has 30 seconds left.
|
|switch|p1a: Corviknight|Corviknight, F|27/100
|-damage|p1a: Corviknight|15/100|[from] Stealth Rock
|-ability|p1a: Corviknight|Pressure
|turn|35
|inactive|trigthenig has 30 seconds left.
|
|move|p2a: Malamar|Superpower|p1a: Corviknight
|-damage|p1a: Corviknight|0 fnt
|-boost|p2a: Malamar|atk|1
|-boost|p2a: Malamar|def|1
|faint|p1a: Corviknight
|
|-weather|Sandstorm|[upkeep]
|-damage|p2a: Malamar|94/100|[from] Sandstorm
|-heal|p2a: Malamar|100/100|[from] item: Leftovers
|upkeep
|inactive|trigthenig has 30 seconds left.
|
|switch|p1a: Quagsire|Quagsire, M|29/100 tox
|-damage|p1a: Quagsire|23/100 tox|[from] Stealth Rock
|turn|36
|
|move|p1a: Quagsire|Protect|p1a: Quagsire
|-singleturn|p1a: Quagsire|Protect
|move|p2a: Malamar|Psycho Cut|p1a: Quagsire
|-activate|p1a: Quagsire|move: Protect
|
|-weather|Sandstorm|[upkeep]
|-damage|p2a: Malamar|94/100|[from] Sandstorm
|-heal|p2a: Malamar|100/100|[from] item: Leftovers
|-heal|p1a: Quagsire|29/100 tox|[from] item: Leftovers
|-damage|p1a: Quagsire|23/100 tox|[from] psn
|upkeep
|turn|37
|
|move|p1a: Quagsire|Protect|p1a: Quagsire
|-singleturn|p1a: Quagsire|Protect
|move|p2a: Malamar|Psycho Cut|p1a: Quagsire
|-activate|p1a: Quagsire|move: Protect
|
|-weather|none
|-heal|p1a: Quagsire|29/100 tox|[from] item: Leftovers
|-damage|p1a: Quagsire|17/100 tox|[from] psn
|upkeep
|turn|38
|
|move|p2a: Malamar|Psycho Cut|p1a: Quagsire
|-damage|p1a: Quagsire|0 fnt
|faint|p1a: Quagsire
|
|upkeep
|
|switch|p1a: Sylveon|Sylveon, M|32/100
|-damage|p1a: Sylveon|19/100|[from] Stealth Rock
|turn|39
|
|move|p1a: Sylveon|Hyper Voice|p2a: Malamar
|-supereffective|p2a: Malamar
|-damage|p2a: Malamar|8/100
|-enditem|p1a: Sylveon|Throat Spray
|-boost|p1a: Sylveon|spa|1
|move|p2a: Malamar|Psycho Cut|p1a: Sylveon
|-damage|p1a: Sylveon|0 fnt
|faint|p1a: Sylveon
|
|win|crown1
|l|☆crown1
|raw|trigthenig's rating: 1000 → 1000(+0 for losing)
|raw|crown1's rating: 1000 → 1040(+40 for winning)
