|ScrapeTime|2020-01-01-09:45:02
|j|☆Helpinghans
|j|☆americhinose
|player|p1|Helpinghans|pilot|1827
|player|p2|americhinose|70|1689
|teamsize|p1|6
|teamsize|p2|6
|gametype|singles
|gen|8
|tier|[Gen 8] OU
|rated|
|rule|Sleep Clause Mod: Limit one foe put to sleep
|rule|Species Clause: Limit one of each Pokémon
|rule|OHKO Clause: OHKO moves are banned
|rule|Evasion Moves Clause: Evasion moves are banned
|rule|Endless Battle Clause: Forcing endless battles is banned
|rule|HP Percentage Mod: HP is shown in percentages
|clearpoke
|poke|p1|Tyranitar, M|
|poke|p1|Excadrill, M|
|poke|p1|Hatterene, F|
|poke|p1|Reuniclus, F|
|poke|p1|Ferrothorn, M|
|poke|p1|Toxapex, F|
|poke|p2|Polteageist|
|poke|p2|Grimmsnarl, M|
|poke|p2|Haxorus, F|
|poke|p2|Gyarados, F|
|poke|p2|Cloyster, M|
|poke|p2|Bisharp, F|
|rule|Dynamax Clause: You cannot dynamax
|teampreview
|j| FM Blood
|j| GlumVGC
|
|start
|switch|p1a: Fallschirms|Excadrill, M|100/100
|switch|p2a: Grimmsnarl|Grimmsnarl, M|100/100
|-item|p1a: Fallschirms|Air Balloon
|turn|1
|j| SacredCV
|j| Kensh
|inactive|Battle timer is ON: inactive players will automatically lose when time's up. (requested by Helpinghans)
|j| zmnxcbv
|
|move|p2a: Grimmsnarl|Taunt|p1a: Fallschirms
|-start|p1a: Fallschirms|move: Taunt
|move|p1a: Fallschirms|Iron Head|p2a: Grimmsnarl
|-supereffective|p2a: Grimmsnarl
|-damage|p2a: Grimmsnarl|32/100
|
|upkeep
|turn|2
|
|switch|p1a: StuGIII Ausf.H|Ferrothorn, M|100/100
|move|p2a: Grimmsnarl|Reflect|p2a: Grimmsnarl
|-sidestart|p2: americhinose|Reflect
|
|upkeep
|turn|3
|
|move|p2a: Grimmsnarl|Taunt|p1a: StuGIII Ausf.H
|-start|p1a: StuGIII Ausf.H|move: Taunt
|move|p1a: StuGIII Ausf.H|Power Whip|p2a: Grimmsnarl
|-damage|p2a: Grimmsnarl|17/100
|
|upkeep
|turn|4
|
|switch|p2a: Asuka Kirara|Haxorus, F, shiny|100/100
|-ability|p2a: Asuka Kirara|Mold Breaker
|switch|p1a: Flakviering36|Toxapex, F|100/100
|
|upkeep
|turn|5
|j| Gakki520
|
|switch|p1a: BattlegruppeA|Reuniclus, F|100/100
|move|p2a: Asuka Kirara|Taunt|p1a: BattlegruppeA
|-start|p1a: BattlegruppeA|move: Taunt
|
|upkeep
|turn|6
|j| ZL4T4N
|
|switch|p1a: Flakviering36|Toxapex, F|100/100
|move|p2a: Asuka Kirara|Dragon Dance|p2a: Asuka Kirara
|-boost|p2a: Asuka Kirara|atk|1
|-boost|p2a: Asuka Kirara|spe|1
|
|upkeep
|turn|7
|j| Minari-chan
|
|move|p2a: Asuka Kirara|Taunt|p1a: Flakviering36
|-start|p1a: Flakviering36|move: Taunt
|cant|p1a: Flakviering36|move: Taunt|Haze
|
|upkeep
|turn|8
|j| watr sucks
|
|switch|p1a: StuGIII Ausf.H|Ferrothorn, M|100/100
|move|p2a: Asuka Kirara|Earthquake|p1a: StuGIII Ausf.H
|-damage|p1a: StuGIII Ausf.H|68/100
|
|-heal|p1a: StuGIII Ausf.H|74/100|[from] item: Leftovers
|upkeep
|turn|9
|
|switch|p1a: 8.8cm Flak36|Hatterene, F|100/100
|move|p2a: Asuka Kirara|Taunt|p1a: 8.8cm Flak36
|-start|p1a: 8.8cm Flak36|move: Taunt
|
|-sideend|p2: americhinose|Reflect
|upkeep
|turn|10
|
|move|p2a: Asuka Kirara|Earthquake|p1a: 8.8cm Flak36
|-damage|p1a: 8.8cm Flak36|56/100
|move|p1a: 8.8cm Flak36|Draining Kiss|p2a: Asuka Kirara
|-supereffective|p2a: Asuka Kirara
|-damage|p2a: Asuka Kirara|40/100
|-heal|p1a: 8.8cm Flak36|100/100|[from] drain|[of] p2a: Asuka Kirara
|
|upkeep
|turn|11
|
|move|p2a: Asuka Kirara|Earthquake|p1a: 8.8cm Flak36
|-damage|p1a: 8.8cm Flak36|52/100
|move|p1a: 8.8cm Flak36|Draining Kiss|p2a: Asuka Kirara
|-supereffective|p2a: Asuka Kirara
|-damage|p2a: Asuka Kirara|0 fnt
|-heal|p1a: 8.8cm Flak36|82/100|[from] drain|[of] p2a: Asuka Kirara
|faint|p2a: Asuka Kirara
|
|-heal|p1a: 8.8cm Flak36|88/100|[from] item: Leftovers
|-end|p1a: 8.8cm Flak36|move: Taunt
|upkeep
|j| szystest
|
|switch|p2a: Grimmsnarl|Grimmsnarl, M|17/100
|turn|12
|
|switch|p1a: StuGIII Ausf.H|Ferrothorn, M|74/100
|move|p2a: Grimmsnarl|Light Screen|p2a: Grimmsnarl
|-sidestart|p2: americhinose|move: Light Screen
|
|-heal|p1a: StuGIII Ausf.H|80/100|[from] item: Leftovers
|upkeep
|turn|13
|
|move|p2a: Grimmsnarl|Taunt|p1a: StuGIII Ausf.H
|-start|p1a: StuGIII Ausf.H|move: Taunt
|move|p1a: StuGIII Ausf.H|Power Whip|p2a: Grimmsnarl
|-damage|p2a: Grimmsnarl|0 fnt
|faint|p2a: Grimmsnarl
|
|-heal|p1a: StuGIII Ausf.H|87/100|[from] item: Leftovers
|upkeep
|
|switch|p2a: Bisharp|Bisharp, F, shiny|100/100
|turn|14
|
|move|p2a: Bisharp|Swords Dance|p2a: Bisharp
|-boost|p2a: Bisharp|atk|2
|move|p1a: StuGIII Ausf.H|Body Press|p2a: Bisharp
|-supereffective|p2a: Bisharp
|-damage|p2a: Bisharp|0 fnt
|faint|p2a: Bisharp
|
|-heal|p1a: StuGIII Ausf.H|93/100|[from] item: Leftovers
|upkeep
|
|switch|p2a: Cloyster|Cloyster, M, shiny|100/100
|turn|15
|
|move|p2a: Cloyster|Icicle Spear|p1a: StuGIII Ausf.H
|-damage|p1a: StuGIII Ausf.H|86/100
|-damage|p1a: StuGIII Ausf.H|79/100
|-damage|p1a: StuGIII Ausf.H|72/100
|-damage|p1a: StuGIII Ausf.H|64/100
|-damage|p1a: StuGIII Ausf.H|58/100
|-hitcount|p1a: StuGIII Ausf.H|5
|move|p1a: StuGIII Ausf.H|Power Whip|p2a: Cloyster|[miss]
|-miss|p1a: StuGIII Ausf.H|p2a: Cloyster
|
|-heal|p1a: StuGIII Ausf.H|64/100|[from] item: Leftovers
|-end|p1a: StuGIII Ausf.H|move: Taunt
|upkeep
|turn|16
|
|move|p2a: Cloyster|Icicle Spear|p1a: StuGIII Ausf.H
|-damage|p1a: StuGIII Ausf.H|57/100
|-damage|p1a: StuGIII Ausf.H|50/100
|-damage|p1a: StuGIII Ausf.H|43/100
|-damage|p1a: StuGIII Ausf.H|37/100
|-damage|p1a: StuGIII Ausf.H|30/100
|-hitcount|p1a: StuGIII Ausf.H|5
|move|p1a: StuGIII Ausf.H|Power Whip|p2a: Cloyster
|-supereffective|p2a: Cloyster
|-damage|p2a: Cloyster|38/100
|
|-heal|p1a: StuGIII Ausf.H|36/100|[from] item: Leftovers
|upkeep
|turn|17
|
|switch|p1a: Flakviering36|Toxapex, F|100/100
|move|p2a: Cloyster|Shell Smash|p2a: Cloyster
|-unboost|p2a: Cloyster|def|1
|-unboost|p2a: Cloyster|spd|1
|-boost|p2a: Cloyster|atk|2
|-boost|p2a: Cloyster|spa|2
|-boost|p2a: Cloyster|spe|2
|
|upkeep
|turn|18
|
|move|p2a: Cloyster|Rock Blast|p1a: Flakviering36
|-damage|p1a: Flakviering36|92/100
|-crit|p1a: Flakviering36
|-damage|p1a: Flakviering36|78/100
|-damage|p1a: Flakviering36|69/100
|-damage|p1a: Flakviering36|60/100
|-crit|p1a: Flakviering36
|-damage|p1a: Flakviering36|46/100
|-hitcount|p1a: Flakviering36|5
|cant|p1a: Flakviering36|flinch
|
|-heal|p1a: Flakviering36|52/100|[from] item: Black Sludge
|upkeep
|turn|19
|
|move|p2a: Cloyster|Rock Blast|p1a: Flakviering36
|-damage|p1a: Flakviering36|43/100
|-damage|p1a: Flakviering36|33/100
|-crit|p1a: Flakviering36
|-damage|p1a: Flakviering36|19/100
|-damage|p1a: Flakviering36|10/100
|-damage|p1a: Flakviering36|1/100
|-hitcount|p1a: Flakviering36|5
|move|p1a: Flakviering36|Haze|p1a: Flakviering36
|-clearallboost
|
|-heal|p1a: Flakviering36|7/100|[from] item: Black Sludge
|-sideend|p2: americhinose|move: Light Screen
|upkeep
|turn|20
|
|switch|p1a: Pz.KpfwVI Ausf.E|Tyranitar, M|100/100
|-weather|Sandstorm|[from] ability: Sand Stream|[of] p1a: Pz.KpfwVI Ausf.E
|move|p2a: Cloyster|Shell Smash|p2a: Cloyster
|-unboost|p2a: Cloyster|def|1
|-unboost|p2a: Cloyster|spd|1
|-boost|p2a: Cloyster|atk|2
|-boost|p2a: Cloyster|spa|2
|-boost|p2a: Cloyster|spe|2
|
|-weather|Sandstorm|[upkeep]
|-damage|p2a: Cloyster|32/100|[from] Sandstorm
|upkeep
|turn|21
|
|move|p2a: Cloyster|Liquidation|p1a: Pz.KpfwVI Ausf.E
|-supereffective|p1a: Pz.KpfwVI Ausf.E
|-damage|p1a: Pz.KpfwVI Ausf.E|0 fnt
|faint|p1a: Pz.KpfwVI Ausf.E
|
|-weather|Sandstorm|[upkeep]
|-damage|p2a: Cloyster|26/100|[from] Sandstorm
|upkeep
|
|switch|p1a: Fallschirms|Excadrill, M|100/100
|-item|p1a: Fallschirms|Air Balloon
|turn|22
|
|move|p1a: Fallschirms|Iron Head|p2a: Cloyster
|-damage|p2a: Cloyster|0 fnt
|faint|p2a: Cloyster
|
|-weather|Sandstorm|[upkeep]
|upkeep
|
|switch|p2a: Gyarados|Gyarados, F, shiny|100/100
|turn|23
|
|switch|p1a: StuGIII Ausf.H|Ferrothorn, M|36/100
|move|p2a: Gyarados|Bounce||[still]
|-prepare|p2a: Gyarados|Bounce|p1a: StuGIII Ausf.H
|
|-weather|Sandstorm|[upkeep]
|-damage|p2a: Gyarados|94/100|[from] Sandstorm
|-heal|p1a: StuGIII Ausf.H|42/100|[from] item: Leftovers
|upkeep
|turn|24
|
|move|p2a: Gyarados|Bounce|p1a: StuGIII Ausf.H|[from]lockedmove
|-damage|p1a: StuGIII Ausf.H|15/100
|-damage|p2a: Gyarados|82/100|[from] ability: Iron Barbs|[of] p1a: StuGIII Ausf.H
|move|p1a: StuGIII Ausf.H|Leech Seed|p2a: Gyarados
|-start|p2a: Gyarados|move: Leech Seed
|
|-weather|none
|-heal|p1a: StuGIII Ausf.H|21/100|[from] item: Leftovers
|-damage|p2a: Gyarados|70/100|[from] Leech Seed|[of] p1a: StuGIII Ausf.H
|-heal|p1a: StuGIII Ausf.H|33/100|[silent]
|upkeep
|turn|25
|l| ZL4T4N
|
|move|p1a: StuGIII Ausf.H|Protect|p1a: StuGIII Ausf.H
|-singleturn|p1a: StuGIII Ausf.H|Protect
|move|p2a: Gyarados|Dragon Dance|p2a: Gyarados
|-boost|p2a: Gyarados|atk|1
|-boost|p2a: Gyarados|spe|1
|
|-heal|p1a: StuGIII Ausf.H|39/100|[from] item: Leftovers
|-damage|p2a: Gyarados|57/100|[from] Leech Seed|[of] p1a: StuGIII Ausf.H
|-heal|p1a: StuGIII Ausf.H|51/100|[silent]
|upkeep
|turn|26
|j| Risk Assessment
|
|switch|p1a: BattlegruppeA|Reuniclus, F|100/100
|move|p2a: Gyarados|Waterfall|p1a: BattlegruppeA
|-crit|p1a: BattlegruppeA
|-damage|p1a: BattlegruppeA|23/100
|
|-heal|p1a: BattlegruppeA|30/100|[from] item: Leftovers
|-damage|p2a: Gyarados|45/100|[from] Leech Seed|[of] p1a: BattlegruppeA
|-heal|p1a: BattlegruppeA|40/100|[silent]
|upkeep
|turn|27
|j| neverused player01
|
|switch|p1a: StuGIII Ausf.H|Ferrothorn, M|51/100
|move|p2a: Gyarados|Waterfall|p1a: StuGIII Ausf.H
|-resisted|p1a: StuGIII Ausf.H
|-damage|p1a: StuGIII Ausf.H|33/100
|-damage|p2a: Gyarados|33/100|[from] ability: Iron Barbs|[of] p1a: StuGIII Ausf.H
|
|-heal|p1a: StuGIII Ausf.H|39/100|[from] item: Leftovers
|-damage|p2a: Gyarados|20/100|[from] Leech Seed|[of] p1a: StuGIII Ausf.H
|-heal|p1a: StuGIII Ausf.H|51/100|[silent]
|upkeep
|turn|28
|
|move|p1a: StuGIII Ausf.H|Protect|p1a: StuGIII Ausf.H
|-singleturn|p1a: StuGIII Ausf.H|Protect
|move|p2a: Gyarados|Waterfall|p1a: StuGIII Ausf.H
|-activate|p1a: StuGIII Ausf.H|move: Protect
|
|-heal|p1a: StuGIII Ausf.H|57/100|[from] item: Leftovers
|-damage|p2a: Gyarados|8/100|[from] Leech Seed|[of] p1a: StuGIII Ausf.H
|-heal|p1a: StuGIII Ausf.H|69/100|[silent]
|upkeep
|turn|29
|j| PokeDa
|
|move|p1a: StuGIII Ausf.H|Protect|p1a: StuGIII Ausf.H
|-singleturn|p1a: StuGIII Ausf.H|Protect
|move|p2a: Gyarados|Waterfall|p1a: StuGIII Ausf.H
|-activate|p1a: StuGIII Ausf.H|move: Protect
|
|-heal|p1a: StuGIII Ausf.H|75/100|[from] item: Leftovers
|-damage|p2a: Gyarados|0 fnt|[from] Leech Seed|[of] p1a: StuGIII Ausf.H
|-heal|p1a: StuGIII Ausf.H|82/100|[silent]
|faint|p2a: Gyarados
|upkeep
|
|switch|p2a: Polteageist|Polteageist|100/100
|turn|30
|
|move|p2a: Polteageist|Shell Smash|p2a: Polteageist
|-unboost|p2a: Polteageist|def|1
|-unboost|p2a: Polteageist|spd|1
|-boost|p2a: Polteageist|atk|2
|-boost|p2a: Polteageist|spa|2
|-boost|p2a: Polteageist|spe|2
|move|p1a: StuGIII Ausf.H|Leech Seed|p2a: Polteageist|[miss]
|-miss|p1a: StuGIII Ausf.H|p2a: Polteageist
|
|-heal|p1a: StuGIII Ausf.H|88/100|[from] item: Leftovers
|upkeep
|turn|31
|
|move|p2a: Polteageist|Shadow Ball|p1a: StuGIII Ausf.H
|-damage|p1a: StuGIII Ausf.H|4/100
|move|p1a: StuGIII Ausf.H|Leech Seed|p2a: Polteageist
|-start|p2a: Polteageist|move: Leech Seed
|
|-heal|p1a: StuGIII Ausf.H|10/100|[from] item: Leftovers
|-damage|p2a: Polteageist|88/100|[from] Leech Seed|[of] p1a: StuGIII Ausf.H
|-heal|p1a: StuGIII Ausf.H|19/100|[silent]
|upkeep
|turn|32
|
|move|p1a: StuGIII Ausf.H|Protect|p1a: StuGIII Ausf.H
|-singleturn|p1a: StuGIII Ausf.H|Protect
|move|p2a: Polteageist|Shadow Ball|p1a: StuGIII Ausf.H
|-activate|p1a: StuGIII Ausf.H|move: Protect
|
|-heal|p1a: StuGIII Ausf.H|25/100|[from] item: Leftovers
|-damage|p2a: Polteageist|76/100|[from] Leech Seed|[of] p1a: StuGIII Ausf.H
|-heal|p1a: StuGIII Ausf.H|34/100|[silent]
|upkeep
|turn|33
|
|switch|p1a: 8.8cm Flak36|Hatterene, F|88/100
|move|p2a: Polteageist|Shadow Ball|p1a: 8.8cm Flak36
|-supereffective|p1a: 8.8cm Flak36
|-damage|p1a: 8.8cm Flak36|0 fnt
|faint|p1a: 8.8cm Flak36
|
|upkeep
|
|switch|p1a: Flakviering36|Toxapex, F|40/100
|turn|34
|
|move|p1a: Flakviering36|Baneful Bunker|p1a: Flakviering36
|-singleturn|p1a: Flakviering36|move: Protect
|move|p2a: Polteageist|Giga Drain|p1a: Flakviering36
|-activate|p1a: Flakviering36|move: Protect
|
|-heal|p1a: Flakviering36|46/100|[from] item: Black Sludge
|-damage|p2a: Polteageist|64/100|[from] Leech Seed|[of] p1a: Flakviering36
|-heal|p1a: Flakviering36|57/100|[silent]
|upkeep
|turn|35
|
|switch|p1a: Fallschirms|Excadrill, M|100/100
|-item|p1a: Fallschirms|Air Balloon
|move|p2a: Polteageist|Stored Power|p1a: Fallschirms
|-resisted|p1a: Fallschirms
|-damage|p1a: Fallschirms|23/100
|-enditem|p1a: Fallschirms|Air Balloon
|
|-damage|p2a: Polteageist|51/100|[from] Leech Seed|[of] p1a: Fallschirms
|-heal|p1a: Fallschirms|32/100|[silent]
|upkeep
|turn|36
|
|switch|p1a: StuGIII Ausf.H|Ferrothorn, M|34/100
|move|p2a: Polteageist|Giga Drain|p1a: StuGIII Ausf.H
|-resisted|p1a: StuGIII Ausf.H
|-damage|p1a: StuGIII Ausf.H|21/100
|-heal|p2a: Polteageist|61/100|[from] drain|[of] p1a: StuGIII Ausf.H
|
|-heal|p1a: StuGIII Ausf.H|27/100|[from] item: Leftovers
|-damage|p2a: Polteageist|48/100|[from] Leech Seed|[of] p1a: StuGIII Ausf.H
|-heal|p1a: StuGIII Ausf.H|36/100|[silent]
|upkeep
|turn|37
|l| Minari-chan
|
|move|p1a: StuGIII Ausf.H|Protect|p1a: StuGIII Ausf.H
|-singleturn|p1a: StuGIII Ausf.H|Protect
|move|p2a: Polteageist|Shell Smash|p2a: Polteageist
|-unboost|p2a: Polteageist|def|1
|-unboost|p2a: Polteageist|spd|1
|-boost|p2a: Polteageist|atk|2
|-boost|p2a: Polteageist|spa|2
|-boost|p2a: Polteageist|spe|2
|
|-heal|p1a: StuGIII Ausf.H|43/100|[from] item: Leftovers
|-damage|p2a: Polteageist|36/100|[from] Leech Seed|[of] p1a: StuGIII Ausf.H
|-heal|p1a: StuGIII Ausf.H|52/100|[silent]
|upkeep
|turn|38
|
|switch|p1a: Fallschirms|Excadrill, M|32/100
|move|p2a: Polteageist|Shadow Ball|p1a: Fallschirms
|-crit|p1a: Fallschirms
|-damage|p1a: Fallschirms|0 fnt
|faint|p1a: Fallschirms
|
|upkeep
|
|switch|p1a: StuGIII Ausf.H|Ferrothorn, M|52/100
|turn|39
|
|move|p1a: StuGIII Ausf.H|Protect|p1a: StuGIII Ausf.H
|-singleturn|p1a: StuGIII Ausf.H|Protect
|move|p2a: Polteageist|Shadow Ball|p1a: StuGIII Ausf.H
|-activate|p1a: StuGIII Ausf.H|move: Protect
|
|-heal|p1a: StuGIII Ausf.H|58/100|[from] item: Leftovers
|-damage|p2a: Polteageist|24/100|[from] Leech Seed|[of] p1a: StuGIII Ausf.H
|-heal|p1a: StuGIII Ausf.H|67/100|[silent]
|upkeep
|turn|40
|j| Aakanch
|
|move|p2a: Polteageist|Shadow Ball|p1a: StuGIII Ausf.H
|-damage|p1a: StuGIII Ausf.H|0 fnt
|faint|p1a: StuGIII Ausf.H
|
|upkeep
|
|switch|p1a: Flakviering36|Toxapex, F|90/100
|turn|41
|
|move|p1a: Flakviering36|Baneful Bunker|p1a: Flakviering36
|-singleturn|p1a: Flakviering36|move: Protect
|move|p2a: Polteageist|Shell Smash|p2a: Polteageist
|-unboost|p2a: Polteageist|def|1
|-unboost|p2a: Polteageist|spd|1
|-boost|p2a: Polteageist|atk|2
|-boost|p2a: Polteageist|spa|2
|-boost|p2a: Polteageist|spe|2
|
|-heal|p1a: Flakviering36|96/100|[from] item: Black Sludge
|-damage|p2a: Polteageist|12/100|[from] Leech Seed|[of] p1a: Flakviering36
|-heal|p1a: Flakviering36|100/100|[silent]
|upkeep
|turn|42
|
|move|p2a: Polteageist|Giga Drain|p1a: Flakviering36
|-damage|p1a: Flakviering36|5/100
|-heal|p2a: Polteageist|67/100|[from] drain|[of] p1a: Flakviering36
|move|p1a: Flakviering36|Haze|p1a: Flakviering36
|-clearallboost
|
|-heal|p1a: Flakviering36|11/100|[from] item: Black Sludge
|-damage|p2a: Polteageist|55/100|[from] Leech Seed|[of] p1a: Flakviering36
|-heal|p1a: Flakviering36|21/100|[silent]
|upkeep
|turn|43
|
|move|p2a: Polteageist|Shell Smash|p2a: Polteageist
|-unboost|p2a: Polteageist|def|1
|-unboost|p2a: Polteageist|spd|1
|-boost|p2a: Polteageist|atk|2
|-boost|p2a: Polteageist|spa|2
|-boost|p2a: Polteageist|spe|2
|move|p1a: Flakviering36|Recover|p1a: Flakviering36
|-heal|p1a: Flakviering36|71/100
|
|-heal|p1a: Flakviering36|77/100|[from] item: Black Sludge
|-damage|p2a: Polteageist|43/100|[from] Leech Seed|[of] p1a: Flakviering36
|-heal|p1a: Flakviering36|88/100|[silent]
|upkeep
|turn|44
|l| szystest
|
|move|p1a: Flakviering36|Baneful Bunker|p1a: Flakviering36
|-singleturn|p1a: Flakviering36|move: Protect
|move|p2a: Polteageist|Stored Power|p1a: Flakviering36
|-activate|p1a: Flakviering36|move: Protect
|
|-heal|p1a: Flakviering36|94/100|[from] item: Black Sludge
|-damage|p2a: Polteageist|30/100|[from] Leech Seed|[of] p1a: Flakviering36
|-heal|p1a: Flakviering36|100/100|[silent]
|upkeep
|turn|45
|
|switch|p1a: BattlegruppeA|Reuniclus, F|73/100
|move|p2a: Polteageist|Stored Power|p1a: BattlegruppeA
|-resisted|p1a: BattlegruppeA
|-damage|p1a: BattlegruppeA|17/100
|
|-heal|p1a: BattlegruppeA|23/100|[from] item: Leftovers
|-damage|p2a: Polteageist|18/100|[from] Leech Seed|[of] p1a: BattlegruppeA
|-heal|p1a: BattlegruppeA|31/100|[silent]
|upkeep
|turn|46
|
|switch|p1a: Flakviering36|Toxapex, F|100/100
|move|p2a: Polteageist|Giga Drain|p1a: Flakviering36
|-damage|p1a: Flakviering36|51/100
|-heal|p2a: Polteageist|47/100|[from] drain|[of] p1a: Flakviering36
|
|-heal|p1a: Flakviering36|57/100|[from] item: Black Sludge
|-damage|p2a: Polteageist|35/100|[from] Leech Seed|[of] p1a: Flakviering36
|-heal|p1a: Flakviering36|67/100|[silent]
|upkeep
|turn|47
|l| PokeDa
|
|move|p1a: Flakviering36|Baneful Bunker|p1a: Flakviering36
|-singleturn|p1a: Flakviering36|move: Protect
|move|p2a: Polteageist|Stored Power|p1a: Flakviering36
|-activate|p1a: Flakviering36|move: Protect
|
|-heal|p1a: Flakviering36|73/100|[from] item: Black Sludge
|-damage|p2a: Polteageist|22/100|[from] Leech Seed|[of] p1a: Flakviering36
|-heal|p1a: Flakviering36|84/100|[silent]
|upkeep
|turn|48
|l| GlumVGC
|
|move|p2a: Polteageist|Giga Drain|p1a: Flakviering36
|-damage|p1a: Flakviering36|33/100
|-heal|p2a: Polteageist|52/100|[from] drain|[of] p1a: Flakviering36
|move|p1a: Flakviering36|Scald|p2a: Polteageist
|-damage|p2a: Polteageist|22/100
|
|-heal|p1a: Flakviering36|39/100|[from] item: Black Sludge
|-damage|p2a: Polteageist|10/100|[from] Leech Seed|[of] p1a: Flakviering36
|-heal|p1a: Flakviering36|49/100|[silent]
|upkeep
|turn|49
|
|move|p1a: Flakviering36|Baneful Bunker|p1a: Flakviering36
|-singleturn|p1a: Flakviering36|move: Protect
|move|p2a: Polteageist|Shell Smash|p2a: Polteageist
|-unboost|p2a: Polteageist|def|1
|-unboost|p2a: Polteageist|spd|1
|-boost|p2a: Polteageist|atk|2
|-boost|p2a: Polteageist|spa|2
|-boost|p2a: Polteageist|spe|2
|
|-heal|p1a: Flakviering36|55/100|[from] item: Black Sludge
|-damage|p2a: Polteageist|0 fnt|[from] Leech Seed|[of] p1a: Flakviering36
|-heal|p1a: Flakviering36|64/100|[silent]
|faint|p2a: Polteageist
|
|win|Helpinghans
|upkeep
|raw|Helpinghans's rating: 1827 → 1839(+12 for winning)
|raw|americhinose's rating: 1689 → 1677(-12 for losing)
