|ScrapeTime|2020-01-02-03:26:51
|j|☆z3kroom
|j|☆seanisghey
|player|p1|z3kroom|279|1374
|player|p2|seanisghey|gardenia|1351
|teamsize|p1|6
|teamsize|p2|6
|gametype|singles
|gen|8
|tier|[Gen 8] OU
|rated|
|rule|Sleep Clause Mod: Limit one foe put to sleep
|rule|Species Clause: Limit one of each Pokémon
|rule|OHKO Clause: OHKO moves are banned
|rule|Evasion Moves Clause: Evasion moves are banned
|rule|Endless Battle Clause: Forcing endless battles is banned
|rule|HP Percentage Mod: HP is shown in percentages
|clearpoke
|poke|p1|Dragapult, F|
|poke|p1|Cinderace, M|
|poke|p1|Corviknight, M|
|poke|p1|Seismitoad, F|
|poke|p1|Hatterene, F|
|poke|p1|Tyranitar, M|
|poke|p2|Ribombee, F|
|poke|p2|Dracozolt|
|poke|p2|Bisharp, F|
|poke|p2|Ferrothorn, F|
|poke|p2|Excadrill, F|
|poke|p2|Vaporeon, M|
|rule|Dynamax Clause: You cannot dynamax
|teampreview
|inactive|Battle timer is ON: inactive players will automatically lose when time's up. (requested by seanisghey)
|inactive|z3kroom also wants the timer to be on.
|
|start
|switch|p1a: Hatterene|Hatterene, F|100/100
|switch|p2a: Ferrothorn|Ferrothorn, F|100/100
|turn|1
|
|switch|p2a: Bisharp|Bisharp, F|100/100
|move|p1a: Hatterene|Mystical Fire|p2a: Bisharp
|-supereffective|p2a: Bisharp
|-damage|p2a: Bisharp|0 fnt
|faint|p2a: Bisharp
|
|upkeep
|
|switch|p2a: Dracozolt|Dracozolt|100/100
|turn|2
|
|switch|p1a: Seismitoad|Seismitoad, F|100/100
|move|p2a: Dracozolt|Bolt Beak|p1a: Seismitoad
|-immune|p1a: Seismitoad
|
|upkeep
|turn|3
|
|move|p2a: Dracozolt|Dragon Claw|p1a: Seismitoad
|-damage|p1a: Seismitoad|46/100
|move|p1a: Seismitoad|Stealth Rock|p2a: Dracozolt
|-sidestart|p2: seanisghey|move: Stealth Rock
|
|-heal|p1a: Seismitoad|52/100|[from] item: Leftovers
|upkeep
|turn|4
|
|move|p2a: Dracozolt|Dragon Claw|p1a: Seismitoad
|-damage|p1a: Seismitoad|0 fnt
|faint|p1a: Seismitoad
|
|upkeep
|
|switch|p1a: Dragapult|Dragapult, F|100/100
|turn|5
|
|switch|p2a: Ferrothorn|Ferrothorn, F|100/100
|-damage|p2a: Ferrothorn|94/100|[from] Stealth Rock
|move|p1a: Dragapult|Draco Meteor|p2a: Ferrothorn
|-resisted|p2a: Ferrothorn
|-damage|p2a: Ferrothorn|57/100
|-unboost|p1a: Dragapult|spa|2
|
|upkeep
|turn|6
|
|switch|p1a: Hatterene|Hatterene, F|100/100
|move|p2a: Ferrothorn|Knock Off|p1a: Hatterene
|-damage|p1a: Hatterene|76/100
|-enditem|p1a: Hatterene|Expert Belt|[from] move: Knock Off|[of] p2a: Ferrothorn
|
|upkeep
|turn|7
|
|move|p1a: Hatterene|Mystical Fire|p2a: Ferrothorn
|-supereffective|p2a: Ferrothorn
|-damage|p2a: Ferrothorn|0 fnt
|faint|p2a: Ferrothorn
|
|upkeep
|
|switch|p2a: Dracozolt|Dracozolt|100/100
|-damage|p2a: Dracozolt|88/100|[from] Stealth Rock
|turn|8
|
|move|p2a: Dracozolt|Bolt Beak|p1a: Hatterene
|-damage|p1a: Hatterene|0 fnt
|faint|p1a: Hatterene
|
|-heal|p2a: Dracozolt|94/100|[from] item: Leftovers
|upkeep
|
|switch|p1a: Dragapult|Dragapult, F|100/100
|turn|9
|
|move|p1a: Dragapult|Shadow Ball|p2a: Dracozolt
|-damage|p2a: Dracozolt|20/100
|move|p2a: Dracozolt|Dragon Claw|p1a: Dragapult
|-supereffective|p1a: Dragapult
|-damage|p1a: Dragapult|0 fnt
|faint|p1a: Dragapult
|
|-heal|p2a: Dracozolt|26/100|[from] item: Leftovers
|upkeep
|
|switch|p1a: Cinderace|Cinderace, M|100/100
|turn|10
|
|switch|p2a: Vaporeon|Vaporeon, M|100/100
|-damage|p2a: Vaporeon|88/100|[from] Stealth Rock
|move|p1a: Cinderace|High Jump Kick|p2a: Vaporeon
|-damage|p2a: Vaporeon|59/100
|
|-heal|p2a: Vaporeon|66/100|[from] item: Leftovers
|upkeep
|turn|11
|
|switch|p1a: Tyranitar|Tyranitar, M|100/100
|-weather|Sandstorm|[from] ability: Sand Stream|[of] p1a: Tyranitar
|move|p2a: Vaporeon|Scald|p1a: Tyranitar
|-supereffective|p1a: Tyranitar
|-damage|p1a: Tyranitar|78/100
|
|-weather|Sandstorm|[upkeep]
|-damage|p2a: Vaporeon|59/100|[from] Sandstorm
|-heal|p2a: Vaporeon|66/100|[from] item: Leftovers
|upkeep
|turn|12
|
|move|p2a: Vaporeon|Scald|p1a: Tyranitar
|-supereffective|p1a: Tyranitar
|-damage|p1a: Tyranitar|54/100
|-status|p1a: Tyranitar|brn
|move|p1a: Tyranitar|Stone Edge|p2a: Vaporeon
|-damage|p2a: Vaporeon|45/100
|
|-weather|Sandstorm|[upkeep]
|-damage|p2a: Vaporeon|39/100|[from] Sandstorm
|-heal|p2a: Vaporeon|45/100|[from] item: Leftovers
|-damage|p1a: Tyranitar|48/100 brn|[from] brn
|upkeep
|turn|13
|-message|z3kroom forfeited.
|
|win|seanisghey
|l|☆z3kroom
|raw|z3kroom's rating: 1374 → 1353(-21 for losing)
|raw|seanisghey's rating: 1351 → 1372(+21 for winning)
