|ScrapeTime|2020-01-02-11:04:26
|j|☆darealsoapbox
|j|☆SausageDemon54
|player|p1|darealsoapbox|shadowtriad|1048
|player|p2|SausageDemon54|101|1061
|teamsize|p1|6
|teamsize|p2|6
|gametype|singles
|gen|8
|tier|[Gen 8] OU
|rated|
|rule|Sleep Clause Mod: Limit one foe put to sleep
|rule|Species Clause: Limit one of each Pokémon
|rule|OHKO Clause: OHKO moves are banned
|rule|Evasion Moves Clause: Evasion moves are banned
|rule|Endless Battle Clause: Forcing endless battles is banned
|rule|HP Percentage Mod: HP is shown in percentages
|clearpoke
|poke|p1|Conkeldurr, M|
|poke|p1|Hatterene, F|
|poke|p1|Corviknight, M|
|poke|p1|Corsola-Galar, M|
|poke|p1|Toxapex, F|
|poke|p1|Tyranitar, F|
|poke|p2|Grimmsnarl, M|
|poke|p2|Dracovish|
|poke|p2|Dracozolt|
|poke|p2|Dragapult, F|
|poke|p2|Polteageist|
|poke|p2|Pincurchin, F|
|rule|Dynamax Clause: You cannot dynamax
|teampreview
|inactive|Battle timer is ON: inactive players will automatically lose when time's up. (requested by darealsoapbox)
|
|start
|switch|p1a: Corsola|Corsola-Galar, M|100/100
|switch|p2a: Grimmsnarl|Grimmsnarl, M|100/100
|turn|1
|c|☆darealsoapbox|!weak grimmsnarl
|html|Grimmsnarl (ignoring abilities):Weaknesses: Fairy, Poison, SteelResistances: Dark, GhostImmunities: Dragon, Psychic
|
|move|p2a: Grimmsnarl|Trick|p1a: Corsola
|-activate|p2a: Grimmsnarl|move: Trick|[of] p1a: Corsola
|-item|p1a: Corsola|Choice Specs|[from] move: Trick
|-item|p2a: Grimmsnarl|Eviolite|[from] move: Trick
|move|p1a: Corsola|Stealth Rock|p2a: Grimmsnarl
|-sidestart|p2: SausageDemon54|move: Stealth Rock
|
|upkeep
|turn|2
|
|switch|p1a: Hatterene|Hatterene, F|100/100
|move|p2a: Grimmsnarl|Bulk Up|p2a: Grimmsnarl
|-boost|p2a: Grimmsnarl|atk|1
|-boost|p2a: Grimmsnarl|def|1
|
|upkeep
|turn|3
|
|move|p2a: Grimmsnarl|Trick|p1a: Hatterene
|-activate|p2a: Grimmsnarl|move: Trick|[of] p1a: Hatterene
|-item|p1a: Hatterene|Eviolite|[from] move: Trick
|-item|p2a: Grimmsnarl|Leftovers|[from] move: Trick
|move|p1a: Hatterene|Trick Room|p1a: Hatterene
|-fieldstart|move: Trick Room|[of] p1a: Hatterene
|
|upkeep
|turn|4
|
|move|p1a: Hatterene|Dazzling Gleam|p2a: Grimmsnarl
|-supereffective|p2a: Grimmsnarl
|-damage|p2a: Grimmsnarl|4/100
|move|p2a: Grimmsnarl|Foul Play|p1a: Hatterene
|-damage|p1a: Hatterene|70/100
|
|-heal|p2a: Grimmsnarl|10/100|[from] item: Leftovers
|upkeep
|turn|5
|
|move|p1a: Hatterene|Dazzling Gleam|p2a: Grimmsnarl
|-supereffective|p2a: Grimmsnarl
|-damage|p2a: Grimmsnarl|0 fnt
|faint|p2a: Grimmsnarl
|
|upkeep
|
|switch|p2a: Pincurchin|Pincurchin, F|100/100
|-damage|p2a: Pincurchin|88/100|[from] Stealth Rock
|-fieldstart|move: Electric Terrain|[from] ability: Electric Surge|[of] p2a: Pincurchin
|turn|6
|
|move|p2a: Pincurchin|Toxic Spikes|p1a: Hatterene
|move|p1a: Hatterene|Toxic Spikes|p2a: Pincurchin|[from]Magic Bounce
|-sidestart|p2: SausageDemon54|move: Toxic Spikes
|move|p1a: Hatterene|Trick Room|p1a: Hatterene
|-fieldend|move: Trick Room
|
|upkeep
|turn|7
|
|move|p1a: Hatterene|Shadow Ball|p2a: Pincurchin
|-damage|p2a: Pincurchin|49/100
|move|p2a: Pincurchin|Thunder Wave|p1a: Hatterene
|move|p1a: Hatterene|Thunder Wave|p2a: Pincurchin|[from]Magic Bounce
|-immune|p2a: Pincurchin
|
|upkeep
|turn|8
|
|move|p1a: Hatterene|Dazzling Gleam|p2a: Pincurchin
|-damage|p2a: Pincurchin|0 fnt
|faint|p2a: Pincurchin
|
|upkeep
|-message|SausageDemon54 forfeited.
|
|win|darealsoapbox
|l|☆SausageDemon54
|raw|darealsoapbox's rating: 1048 → 1082(+34 for winning)
|raw|SausageDemon54's rating: 1061 → 1041(-20 for losing)
