|ScrapeTime|2020-01-01-14:22:26
|j|☆sugG3
|j|☆wylu
|player|p1|sugG3|1|1075
|player|p2|wylu|roxie|1040
|teamsize|p1|6
|teamsize|p2|6
|gametype|singles
|gen|8
|tier|[Gen 8] OU
|rated|
|rule|Sleep Clause Mod: Limit one foe put to sleep
|rule|Species Clause: Limit one of each Pokémon
|rule|OHKO Clause: OHKO moves are banned
|rule|Evasion Moves Clause: Evasion moves are banned
|rule|Endless Battle Clause: Forcing endless battles is banned
|rule|HP Percentage Mod: HP is shown in percentages
|clearpoke
|poke|p1|Obstagoon, M|
|poke|p1|Rotom-Wash|
|poke|p1|Corviknight, M|
|poke|p1|Dragapult, M|
|poke|p1|Seismitoad, M|
|poke|p1|Aegislash, F|
|poke|p2|Toxapex, F|
|poke|p2|Goodra, F|
|poke|p2|Dugtrio, F|
|poke|p2|Clefable, M|
|poke|p2|Dragapult, M|
|poke|p2|Cinderace, M|
|rule|Dynamax Clause: You cannot dynamax
|teampreview
|
|start
|switch|p1a: Obstagoon|Obstagoon, M|100/100
|switch|p2a: Dragapult|Dragapult, M|100/100
|turn|1
|
|move|p1a: Obstagoon|Obstruct|p1a: Obstagoon
|-singleturn|p1a: Obstagoon|Protect
|move|p2a: Dragapult|Substitute|p2a: Dragapult
|-start|p2a: Dragapult|Substitute
|-damage|p2a: Dragapult|76/100
|
|-heal|p2a: Dragapult|82/100|[from] item: Leftovers
|-status|p1a: Obstagoon|brn|[from] item: Flame Orb
|upkeep
|turn|2
|
|move|p2a: Dragapult|Dragon Dance|p2a: Dragapult
|-boost|p2a: Dragapult|atk|1
|-boost|p2a: Dragapult|spe|1
|move|p1a: Obstagoon|Knock Off|p2a: Dragapult
|-supereffective|p2a: Dragapult
|-end|p2a: Dragapult|Substitute
|
|-heal|p2a: Dragapult|88/100|[from] item: Leftovers
|-damage|p1a: Obstagoon|94/100 brn|[from] brn
|upkeep
|turn|3
|
|move|p2a: Dragapult|Dragon Darts|p1a: Obstagoon
|-damage|p1a: Obstagoon|55/100 brn
|-damage|p1a: Obstagoon|16/100 brn
|-hitcount|p1a: Obstagoon|2
|move|p1a: Obstagoon|Knock Off|p2a: Dragapult
|-supereffective|p2a: Dragapult
|-damage|p2a: Dragapult|0 fnt
|-enditem|p2a: Dragapult|Leftovers|[from] move: Knock Off|[of] p1a: Obstagoon
|faint|p2a: Dragapult
|
|-damage|p1a: Obstagoon|10/100 brn|[from] brn
|upkeep
|
|switch|p2a: Dugtrio|Dugtrio, F, shiny|100/100
|turn|4
|
|move|p2a: Dugtrio|Stealth Rock|p1a: Obstagoon
|-sidestart|p1: sugG3|move: Stealth Rock
|move|p1a: Obstagoon|Knock Off|p2a: Dugtrio
|-enditem|p2a: Dugtrio|Focus Sash
|-damage|p2a: Dugtrio|1/100
|
|-damage|p1a: Obstagoon|4/100 brn|[from] brn
|upkeep
|turn|5
|
|move|p2a: Dugtrio|Earthquake|p1a: Obstagoon
|-damage|p1a: Obstagoon|0 fnt
|faint|p1a: Obstagoon
|
|upkeep
|
|switch|p1a: Corviknight|Corviknight, M|100/100
|-damage|p1a: Corviknight|88/100|[from] Stealth Rock
|-ability|p1a: Corviknight|Pressure
|turn|6
|
|move|p2a: Dugtrio|Stone Edge|p1a: Corviknight
|-damage|p1a: Corviknight|68/100
|move|p1a: Corviknight|Defog|p2a: Dugtrio
|-unboost|p2a: Dugtrio|evasion|1
|-sideend|p1: sugG3|Stealth Rock|[from] move: Defog|[of] p1a: Corviknight
|
|-heal|p1a: Corviknight|74/100|[from] item: Leftovers
|upkeep
|turn|7
|
|move|p2a: Dugtrio|Reversal|p1a: Corviknight
|-damage|p1a: Corviknight|33/100
|move|p1a: Corviknight|U-turn|p2a: Dugtrio
|-damage|p2a: Dugtrio|0 fnt
|faint|p2a: Dugtrio
|
|switch|p1a: Dragapult|Dragapult, M|100/100|[from]move: U-turn
|
|upkeep
|
|switch|p2a: Clefable|Clefable, M|100/100
|turn|8
|
|switch|p1a: Aegislash|Aegislash, F|100/100
|move|p2a: Clefable|Moonblast|p1a: Aegislash
|-resisted|p1a: Aegislash
|-damage|p1a: Aegislash|77/100
|
|-heal|p1a: Aegislash|84/100|[from] item: Leftovers
|upkeep
|turn|9
|
|move|p2a: Clefable|Flamethrower|p1a: Aegislash
|-supereffective|p1a: Aegislash
|-damage|p1a: Aegislash|24/100
|move|p1a: Aegislash|Substitute|p1a: Aegislash
|-fail|p1a: Aegislash|move: Substitute|[weak]
|
|-heal|p1a: Aegislash|30/100|[from] item: Leftovers
|upkeep
|turn|10
|
|move|p1a: Aegislash|King's Shield|p1a: Aegislash
|-singleturn|p1a: Aegislash|Protect
|move|p2a: Clefable|Flamethrower|p1a: Aegislash
|-activate|p1a: Aegislash|move: Protect
|
|-heal|p1a: Aegislash|37/100|[from] item: Leftovers
|upkeep
|turn|11
|
|switch|p1a: Seismitoad|Seismitoad, M|100/100
|move|p2a: Clefable|Flamethrower|p1a: Seismitoad
|-resisted|p1a: Seismitoad
|-damage|p1a: Seismitoad|81/100
|
|-heal|p1a: Seismitoad|87/100|[from] item: Leftovers
|upkeep
|turn|12
|
|move|p2a: Clefable|Moonblast|p1a: Seismitoad
|-damage|p1a: Seismitoad|22/100
|move|p1a: Seismitoad|Earthquake|p2a: Clefable
|-damage|p2a: Clefable|64/100
|
|-heal|p1a: Seismitoad|29/100|[from] item: Leftovers
|upkeep
|turn|13
|
|move|p2a: Clefable|Moonblast|p1a: Seismitoad
|-damage|p1a: Seismitoad|0 fnt
|faint|p1a: Seismitoad
|
|upkeep
|
|switch|p1a: Corviknight|Corviknight, M|33/100
|-ability|p1a: Corviknight|Pressure
|turn|14
|
|move|p2a: Clefable|Flamethrower|p1a: Corviknight
|-supereffective|p1a: Corviknight
|-damage|p1a: Corviknight|0 fnt
|faint|p1a: Corviknight
|
|upkeep
|
|switch|p1a: Dragapult|Dragapult, M|100/100
|turn|15
|
|move|p1a: Dragapult|Shadow Ball|p2a: Clefable
|-damage|p2a: Clefable|28/100
|move|p2a: Clefable|Moonblast|p1a: Dragapult
|-supereffective|p1a: Dragapult
|-damage|p1a: Dragapult|0 fnt
|faint|p1a: Dragapult
|
|upkeep
|
|switch|p1a: Aegislash|Aegislash, F|37/100
|turn|16
|
|move|p2a: Clefable|Flamethrower|p1a: Aegislash
|-supereffective|p1a: Aegislash
|-damage|p1a: Aegislash|0 fnt
|faint|p1a: Aegislash
|
|upkeep
|
|switch|p1a: Rotom|Rotom-Wash|100/100
|turn|17
|
|move|p1a: Rotom|Hydro Pump|p2a: Clefable
|-damage|p2a: Clefable|0 fnt
|faint|p2a: Clefable
|
|upkeep
|
|switch|p2a: Goodra|Goodra, F|100/100
|turn|18
|-message|sugG3 forfeited.
|
|win|wylu
|l|☆sugG3
|raw|sugG3's rating: 1075 → 1052(-23 for losing)
|raw|wylu's rating: 1040 → 1077(+37 for winning)
