|ScrapeTime|2020-01-02-15:16:48
|j|☆Planteus
|j|☆Scalyon
|player|p1|Planteus|colress|1105
|player|p2|Scalyon|102|1059
|teamsize|p1|6
|teamsize|p2|6
|gametype|singles
|gen|8
|tier|[Gen 8] OU
|rated|
|rule|Sleep Clause Mod: Limit one foe put to sleep
|rule|Species Clause: Limit one of each Pokémon
|rule|OHKO Clause: OHKO moves are banned
|rule|Evasion Moves Clause: Evasion moves are banned
|rule|Endless Battle Clause: Forcing endless battles is banned
|rule|HP Percentage Mod: HP is shown in percentages
|clearpoke
|poke|p1|Mew|
|poke|p1|Cinderace, M|
|poke|p1|Corsola-Galar, M|
|poke|p1|Seismitoad, M|
|poke|p1|Corviknight, M|
|poke|p1|Ditto|
|poke|p2|Ferrothorn, M|
|poke|p2|Lucario, F|
|poke|p2|Excadrill, F|
|poke|p2|Gyarados, F|
|poke|p2|Corviknight, F|
|poke|p2|Gengar, M|
|rule|Dynamax Clause: You cannot dynamax
|teampreview
|
|start
|switch|p1a: Splurtch|Seismitoad, M|100/100
|switch|p2a: Gengar|Gengar, M|100/100
|turn|1
|
|switch|p2a: Corviknight|Corviknight, F|100/100
|move|p1a: Splurtch|Rain Dance|p1a: Splurtch
|-weather|RainDance
|
|-weather|RainDance|[upkeep]
|upkeep
|turn|2
|
|move|p1a: Splurtch|Liquidation|p2a: Corviknight
|-damage|p2a: Corviknight|59/100
|-damage|p1a: Splurtch|84/100|[from] item: Rocky Helmet|[of] p2a: Corviknight
|move|p2a: Corviknight|Brave Bird|p1a: Splurtch
|-damage|p1a: Splurtch|43/100
|-damage|p2a: Corviknight|42/100|[from] Recoil
|
|-weather|RainDance|[upkeep]
|-heal|p1a: Splurtch|49/100|[from] item: Leftovers
|upkeep
|turn|3
|
|move|p1a: Splurtch|Drain Punch|p2a: Corviknight
|-damage|p2a: Corviknight|27/100
|-heal|p1a: Splurtch|56/100|[from] drain|[of] p2a: Corviknight
|-damage|p1a: Splurtch|39/100|[from] item: Rocky Helmet|[of] p2a: Corviknight
|move|p2a: Corviknight|U-turn|p1a: Splurtch
|-damage|p1a: Splurtch|25/100
|
|switch|p2a: Ferrothorn|Ferrothorn, M|100/100|[from]move: U-turn
|
|-weather|RainDance|[upkeep]
|-heal|p1a: Splurtch|31/100|[from] item: Leftovers
|upkeep
|turn|4
|
|move|p1a: Splurtch|Earthquake|p2a: Ferrothorn
|-damage|p2a: Ferrothorn|67/100
|move|p2a: Ferrothorn|Leech Seed|p1a: Splurtch
|-start|p1a: Splurtch|move: Leech Seed
|
|-weather|RainDance|[upkeep]
|-heal|p1a: Splurtch|37/100|[from] item: Leftovers
|-heal|p2a: Ferrothorn|74/100|[from] item: Leftovers
|-damage|p1a: Splurtch|24/100|[from] Leech Seed|[of] p2a: Ferrothorn
|-heal|p2a: Ferrothorn|91/100|[silent]
|upkeep
|turn|5
|
|move|p1a: Splurtch|Earthquake|p2a: Ferrothorn
|-damage|p2a: Ferrothorn|55/100
|move|p2a: Ferrothorn|Gyro Ball|p1a: Splurtch
|-resisted|p1a: Splurtch
|-damage|p1a: Splurtch|0 fnt
|faint|p1a: Splurtch
|
|-weather|none
|-heal|p2a: Ferrothorn|61/100|[from] item: Leftovers
|upkeep
|
|switch|p1a: Romain|Cinderace, M|100/100
|turn|6
|
|switch|p2a: Gyarados|Gyarados, F|100/100
|-ability|p2a: Gyarados|Intimidate|boost
|-unboost|p1a: Romain|atk|1
|move|p1a: Romain|Pyro Ball|p2a: Gyarados
|-resisted|p2a: Gyarados
|-damage|p2a: Gyarados|72/100
|
|upkeep
|turn|7
|
|switch|p1a: Jé13ansouplus|Corsola-Galar, M|100/100
|move|p2a: Gyarados|Crunch|p1a: Jé13ansouplus
|-supereffective|p1a: Jé13ansouplus
|-damage|p1a: Jé13ansouplus|35/100
|
|upkeep
|turn|8
|
|move|p2a: Gyarados|Crunch|p1a: Jé13ansouplus
|-supereffective|p1a: Jé13ansouplus
|-damage|p1a: Jé13ansouplus|0 fnt
|faint|p1a: Jé13ansouplus
|
|upkeep
|
|switch|p1a: Au revoir Cary OU|Mew|100/100
|turn|9
|
|move|p1a: Au revoir Cary OU|Psychic|p2a: Gyarados
|-damage|p2a: Gyarados|3/100
|move|p2a: Gyarados|Crunch|p1a: Au revoir Cary OU
|-supereffective|p1a: Au revoir Cary OU
|-damage|p1a: Au revoir Cary OU|11/100
|
|upkeep
|turn|10
|
|move|p1a: Au revoir Cary OU|Psychic|p2a: Gyarados
|-damage|p2a: Gyarados|0 fnt
|faint|p2a: Gyarados
|
|upkeep
|
|switch|p2a: Lucario|Lucario, F|100/100
|turn|11
|
|move|p2a: Lucario|Extreme Speed|p1a: Au revoir Cary OU
|-damage|p1a: Au revoir Cary OU|0 fnt
|-damage|p2a: Lucario|91/100|[from] item: Life Orb
|faint|p1a: Au revoir Cary OU
|
|upkeep
|
|switch|p1a: Romain|Cinderace, M|100/100
|turn|12
|
|move|p1a: Romain|Pyro Ball|p2a: Lucario
|-supereffective|p2a: Lucario
|-damage|p2a: Lucario|0 fnt
|faint|p2a: Lucario
|
|upkeep
|
|switch|p2a: Excadrill|Excadrill, F|100/100
|-ability|p2a: Excadrill|Mold Breaker
|turn|13
|
|move|p1a: Romain|U-turn|p2a: Excadrill
|-resisted|p2a: Excadrill
|-damage|p2a: Excadrill|82/100
|
|switch|p1a: Chui trop dark|Corviknight, M|100/100|[from]move: U-turn
|-ability|p1a: Chui trop dark|Unnerve|p2: Scalyon
|move|p2a: Excadrill|Earthquake|p1a: Chui trop dark
|-immune|p1a: Chui trop dark
|
|upkeep
|turn|14
|
|switch|p2a: Ferrothorn|Ferrothorn, M|61/100
|move|p1a: Chui trop dark|Taunt|p2a: Ferrothorn
|-start|p2a: Ferrothorn|move: Taunt
|
|-heal|p2a: Ferrothorn|67/100|[from] item: Leftovers
|upkeep
|turn|15
|
|move|p1a: Chui trop dark|U-turn|p2a: Ferrothorn
|-damage|p2a: Ferrothorn|52/100
|-damage|p1a: Chui trop dark|88/100|[from] ability: Iron Barbs|[of] p2a: Ferrothorn
|
|switch|p1a: Romain|Cinderace, M|100/100|[from]move: U-turn
|move|p2a: Ferrothorn|Gyro Ball|p1a: Romain
|-resisted|p1a: Romain
|-damage|p1a: Romain|69/100
|
|-heal|p1a: Romain|75/100|[from] item: Leftovers
|-heal|p2a: Ferrothorn|58/100|[from] item: Leftovers
|upkeep
|turn|16
|
|move|p1a: Romain|Pyro Ball|p2a: Ferrothorn
|-supereffective|p2a: Ferrothorn
|-damage|p2a: Ferrothorn|0 fnt
|faint|p2a: Ferrothorn
|
|-heal|p1a: Romain|81/100|[from] item: Leftovers
|upkeep
|
|switch|p2a: Excadrill|Excadrill, F|82/100
|-ability|p2a: Excadrill|Mold Breaker
|turn|17
|
|move|p1a: Romain|Pyro Ball|p2a: Excadrill
|-supereffective|p2a: Excadrill
|-damage|p2a: Excadrill|0 fnt
|faint|p2a: Excadrill
|
|-heal|p1a: Romain|87/100|[from] item: Leftovers
|upkeep
|
|switch|p2a: Gengar|Gengar, M|100/100
|turn|18
|
|switch|p1a: Chui trop dark|Corviknight, M|88/100
|-ability|p1a: Chui trop dark|Unnerve|p2: Scalyon
|move|p2a: Gengar|Shadow Ball|p1a: Chui trop dark
|-damage|p1a: Chui trop dark|34/100
|-damage|p2a: Gengar|91/100|[from] item: Life Orb
|
|upkeep
|turn|19
|
|move|p2a: Gengar|Shadow Ball|p1a: Chui trop dark
|-damage|p1a: Chui trop dark|0 fnt
|-damage|p2a: Gengar|81/100|[from] item: Life Orb
|faint|p1a: Chui trop dark
|
|upkeep
|
|switch|p1a: Transformer|Ditto|100/100
|-transform|p1a: Transformer|p2a: Gengar|[from] ability: Imposter
|turn|20
|
|switch|p2a: Corviknight|Corviknight, F|27/100
|move|p1a: Transformer|Shadow Ball|p2a: Corviknight
|-damage|p2a: Corviknight|0 fnt
|faint|p2a: Corviknight
|
|upkeep
|
|switch|p2a: Gengar|Gengar, M|81/100
|turn|21
|
|move|p1a: Transformer|Shadow Ball|p2a: Gengar
|-supereffective|p2a: Gengar
|-damage|p2a: Gengar|0 fnt
|faint|p2a: Gengar
|
|win|Planteus
|l|☆Scalyon
|raw|Planteus's rating: 1105 → 1127(+22 for winning)
|raw|Scalyon's rating: 1059 → 1043(-16 for losing)
