|ScrapeTime|2020-01-02-23:22:43
|j|☆Brungulus
|j|☆Generic OU Tryhard
|player|p1|Brungulus|80|1593
|player|p2|Generic OU Tryhard|192|1532
|teamsize|p1|6
|teamsize|p2|6
|gametype|singles
|gen|8
|tier|[Gen 8] OU
|rated|
|rule|Sleep Clause Mod: Limit one foe put to sleep
|rule|Species Clause: Limit one of each Pokémon
|rule|OHKO Clause: OHKO moves are banned
|rule|Evasion Moves Clause: Evasion moves are banned
|rule|Endless Battle Clause: Forcing endless battles is banned
|rule|HP Percentage Mod: HP is shown in percentages
|clearpoke
|poke|p1|Aegislash, M|
|poke|p1|Excadrill, M|
|poke|p1|Tyranitar, M|
|poke|p1|Togekiss, F|
|poke|p1|Tsareena, F|
|poke|p1|Toxapex, F|
|poke|p2|Pelipper, M|
|poke|p2|Conkeldurr, M|
|poke|p2|Seismitoad, M|
|poke|p2|Ferrothorn, M|
|poke|p2|Toxtricity, M|
|poke|p2|Mr. Rime, M|
|rule|Dynamax Clause: You cannot dynamax
|teampreview
|
|start
|switch|p1a: Aegislash|Aegislash, M|100/100
|switch|p2a: Conkeldurr|Conkeldurr, M|100/100
|turn|1
|
|-formechange|p1a: Aegislash|Aegislash-Blade||[from] ability: Stance Change
|move|p1a: Aegislash|Iron Head|p2a: Conkeldurr
|-crit|p2a: Conkeldurr
|-damage|p2a: Conkeldurr|8/100
|move|p2a: Conkeldurr|Earthquake|p1a: Aegislash
|-supereffective|p1a: Aegislash
|-damage|p1a: Aegislash|0 fnt
|faint|p1a: Aegislash
|
|-status|p2a: Conkeldurr|brn|[from] item: Flame Orb
|upkeep
|
|switch|p1a: Tsareena|Tsareena, F|100/100
|turn|2
|
|switch|p2a: Ferrothorn|Ferrothorn, M|100/100
|move|p1a: Tsareena|U-turn|p2a: Ferrothorn
|-damage|p2a: Ferrothorn|85/100
|-damage|p1a: Tsareena|88/100|[from] ability: Iron Barbs|[of] p2a: Ferrothorn
|
|switch|p1a: Togekiss|Togekiss, F|100/100|[from]move: U-turn
|
|-heal|p2a: Ferrothorn|92/100|[from] item: Leftovers
|upkeep
|turn|3
|
|switch|p2a: Pelipper|Pelipper, M|100/100
|-weather|RainDance|[from] ability: Drizzle|[of] p2a: Pelipper
|move|p1a: Togekiss|Air Slash|p2a: Pelipper
|-damage|p2a: Pelipper|47/100
|
|-weather|RainDance|[upkeep]
|upkeep
|turn|4
|
|switch|p2a: Toxtricity|Toxtricity, M|100/100
|move|p1a: Togekiss|Air Slash|p2a: Toxtricity
|-resisted|p2a: Toxtricity
|-damage|p2a: Toxtricity|72/100
|
|-weather|RainDance|[upkeep]
|upkeep
|turn|5
|
|move|p1a: Togekiss|Air Slash|p2a: Toxtricity
|-resisted|p2a: Toxtricity
|-damage|p2a: Toxtricity|42/100
|move|p2a: Toxtricity|Sludge Wave|p1a: Togekiss
|-supereffective|p1a: Togekiss
|-damage|p1a: Togekiss|14/100
|
|-weather|RainDance|[upkeep]
|upkeep
|turn|6
|
|move|p1a: Togekiss|Air Slash|p2a: Toxtricity
|-resisted|p2a: Toxtricity
|-damage|p2a: Toxtricity|11/100
|cant|p2a: Toxtricity|flinch
|
|-weather|RainDance|[upkeep]
|upkeep
|turn|7
|
|switch|p2a: Ferrothorn|Ferrothorn, M|92/100
|move|p1a: Togekiss|Air Slash|p2a: Ferrothorn
|-damage|p2a: Ferrothorn|68/100
|
|-weather|RainDance|[upkeep]
|-heal|p2a: Ferrothorn|75/100|[from] item: Leftovers
|upkeep
|turn|8
|
|move|p1a: Togekiss|Air Slash|p2a: Ferrothorn
|-damage|p2a: Ferrothorn|52/100
|cant|p2a: Ferrothorn|flinch
|
|-weather|RainDance|[upkeep]
|-heal|p2a: Ferrothorn|59/100|[from] item: Leftovers
|upkeep
|turn|9
|
|move|p1a: Togekiss|Air Slash|p2a: Ferrothorn
|-damage|p2a: Ferrothorn|37/100
|move|p2a: Ferrothorn|Leech Seed|p1a: Togekiss
|-start|p1a: Togekiss|move: Leech Seed
|
|-weather|RainDance|[upkeep]
|-heal|p2a: Ferrothorn|43/100|[from] item: Leftovers
|-damage|p1a: Togekiss|1/100|[from] Leech Seed|[of] p2a: Ferrothorn
|-heal|p2a: Ferrothorn|54/100|[silent]
|upkeep
|turn|10
|
|switch|p1a: Tyranitar|Tyranitar, M|100/100
|-weather|Sandstorm|[from] ability: Sand Stream|[of] p1a: Tyranitar
|move|p2a: Ferrothorn|Stealth Rock|p1a: Tyranitar
|-sidestart|p1: Brungulus|move: Stealth Rock
|
|-weather|Sandstorm|[upkeep]
|-heal|p2a: Ferrothorn|60/100|[from] item: Leftovers
|upkeep
|turn|11
|
|move|p1a: Tyranitar|Stealth Rock|p2a: Ferrothorn
|-sidestart|p2: Generic OU Tryhard|move: Stealth Rock
|move|p2a: Ferrothorn|Leech Seed|p1a: Tyranitar
|-start|p1a: Tyranitar|move: Leech Seed
|
|-weather|Sandstorm|[upkeep]
|-heal|p2a: Ferrothorn|67/100|[from] item: Leftovers
|-damage|p1a: Tyranitar|88/100|[from] Leech Seed|[of] p2a: Ferrothorn
|-heal|p2a: Ferrothorn|81/100|[silent]
|upkeep
|turn|12
|
|move|p1a: Tyranitar|Fire Punch|p2a: Ferrothorn
|-supereffective|p2a: Ferrothorn
|-damage|p2a: Ferrothorn|17/100
|-damage|p1a: Tyranitar|76/100|[from] ability: Iron Barbs|[of] p2a: Ferrothorn
|move|p2a: Ferrothorn|Leech Seed||[still]
|-fail|p2a: Ferrothorn
|
|-weather|Sandstorm|[upkeep]
|-heal|p2a: Ferrothorn|24/100|[from] item: Leftovers
|-damage|p1a: Tyranitar|63/100|[from] Leech Seed|[of] p2a: Ferrothorn
|-heal|p2a: Ferrothorn|38/100|[silent]
|upkeep
|turn|13
|
|move|p1a: Tyranitar|Crunch|p2a: Ferrothorn
|-damage|p2a: Ferrothorn|8/100
|-damage|p1a: Tyranitar|51/100|[from] ability: Iron Barbs|[of] p2a: Ferrothorn
|move|p2a: Ferrothorn|Gyro Ball|p1a: Tyranitar
|-supereffective|p1a: Tyranitar
|-damage|p1a: Tyranitar|11/100
|
|-weather|Sandstorm|[upkeep]
|-heal|p2a: Ferrothorn|15/100|[from] item: Leftovers
|-damage|p1a: Tyranitar|0 fnt|[from] Leech Seed|[of] p2a: Ferrothorn
|-heal|p2a: Ferrothorn|27/100|[silent]
|faint|p1a: Tyranitar
|upkeep
|
|switch|p1a: Tsareena|Tsareena, F|88/100
|-damage|p1a: Tsareena|76/100|[from] Stealth Rock
|turn|14
|
|move|p1a: Tsareena|Rapid Spin|p2a: Ferrothorn
|-resisted|p2a: Ferrothorn
|-damage|p2a: Ferrothorn|21/100
|-damage|p1a: Tsareena|63/100|[from] ability: Iron Barbs|[of] p2a: Ferrothorn
|-sideend|p1: Brungulus|Stealth Rock|[from] move: Rapid Spin|[of] p1a: Tsareena
|-boost|p1a: Tsareena|spe|1
|move|p2a: Ferrothorn|Stealth Rock|p1a: Tsareena
|-sidestart|p1: Brungulus|move: Stealth Rock
|
|-weather|Sandstorm|[upkeep]
|-damage|p1a: Tsareena|57/100|[from] Sandstorm
|-heal|p1a: Tsareena|63/100|[from] item: Leftovers
|-heal|p2a: Ferrothorn|27/100|[from] item: Leftovers
|upkeep
|turn|15
|
|move|p1a: Tsareena|High Jump Kick|p2a: Ferrothorn
|-supereffective|p2a: Ferrothorn
|-damage|p2a: Ferrothorn|0 fnt
|-damage|p1a: Tsareena|51/100|[from] ability: Iron Barbs|[of] p2a: Ferrothorn
|faint|p2a: Ferrothorn
|
|-weather|Sandstorm|[upkeep]
|-damage|p1a: Tsareena|45/100|[from] Sandstorm
|-heal|p1a: Tsareena|51/100|[from] item: Leftovers
|upkeep
|
|switch|p2a: Pelipper|Pelipper, M|47/100
|-damage|p2a: Pelipper|22/100|[from] Stealth Rock
|-weather|RainDance|[from] ability: Drizzle|[of] p2a: Pelipper
|turn|16
|
|move|p1a: Tsareena|Rapid Spin|p2a: Pelipper
|-damage|p2a: Pelipper|11/100
|-sideend|p1: Brungulus|Stealth Rock|[from] move: Rapid Spin|[of] p1a: Tsareena
|-boost|p1a: Tsareena|spe|1
|move|p2a: Pelipper|U-turn|p1a: Tsareena
|-supereffective|p1a: Tsareena
|-damage|p1a: Tsareena|34/100
|
|switch|p2a: Mr. Rime|Mr. Rime, M|100/100|[from]move: U-turn
|
|-weather|RainDance|[upkeep]
|-heal|p1a: Tsareena|40/100|[from] item: Leftovers
|upkeep
|turn|17
|
|move|p1a: Tsareena|Power Whip|p2a: Mr. Rime|[miss]
|-miss|p1a: Tsareena|p2a: Mr. Rime
|move|p2a: Mr. Rime|Rapid Spin|p1a: Tsareena
|-damage|p1a: Tsareena|31/100
|-sideend|p2: Generic OU Tryhard|Stealth Rock|[from] move: Rapid Spin|[of] p2a: Mr. Rime
|-boost|p2a: Mr. Rime|spe|1
|
|-weather|RainDance|[upkeep]
|-heal|p1a: Tsareena|37/100|[from] item: Leftovers
|upkeep
|turn|18
|
|move|p1a: Tsareena|U-turn|p2a: Mr. Rime
|-supereffective|p2a: Mr. Rime
|-damage|p2a: Mr. Rime|48/100
|
|switch|p1a: Toxapex|Toxapex, F|100/100|[from]move: U-turn
|move|p2a: Mr. Rime|Freeze-Dry|p1a: Toxapex
|-supereffective|p1a: Toxapex
|-damage|p1a: Toxapex|60/100
|
|-weather|RainDance|[upkeep]
|-heal|p1a: Toxapex|67/100|[from] item: Black Sludge
|upkeep
|turn|19
|
|move|p2a: Mr. Rime|Psychic|p1a: Toxapex
|-supereffective|p1a: Toxapex
|-damage|p1a: Toxapex|13/100
|move|p1a: Toxapex|Toxic|p2a: Mr. Rime
|-status|p2a: Mr. Rime|tox
|
|-weather|RainDance|[upkeep]
|-heal|p1a: Toxapex|20/100|[from] item: Black Sludge
|-damage|p2a: Mr. Rime|42/100 tox|[from] psn
|upkeep
|turn|20
|
|switch|p1a: Tsareena|Tsareena, F|37/100
|move|p2a: Mr. Rime|Psychic|p1a: Tsareena
|-damage|p1a: Tsareena|0 fnt
|faint|p1a: Tsareena
|
|-weather|RainDance|[upkeep]
|-damage|p2a: Mr. Rime|30/100 tox|[from] psn
|upkeep
|
|switch|p1a: Togekiss|Togekiss, F|1/100
|turn|21
|
|move|p1a: Togekiss|Air Slash|p2a: Mr. Rime
|-damage|p2a: Mr. Rime|0 fnt
|faint|p2a: Mr. Rime
|
|-weather|RainDance|[upkeep]
|upkeep
|
|switch|p2a: Seismitoad|Seismitoad, M|100/100
|turn|22
|
|switch|p1a: Toxapex|Toxapex, F|53/100
|move|p2a: Seismitoad|Liquidation|p1a: Toxapex
|-resisted|p1a: Toxapex
|-damage|p1a: Toxapex|20/100
|-damage|p2a: Seismitoad|91/100|[from] item: Life Orb
|
|-weather|RainDance|[upkeep]
|-heal|p1a: Toxapex|26/100|[from] item: Black Sludge
|upkeep
|turn|23
|
|switch|p1a: Excadrill|Excadrill, M|100/100
|move|p2a: Seismitoad|Liquidation|p1a: Excadrill
|-supereffective|p1a: Excadrill
|-damage|p1a: Excadrill|0 fnt
|-damage|p2a: Seismitoad|81/100|[from] item: Life Orb
|faint|p1a: Excadrill
|
|-weather|none
|upkeep
|
|switch|p1a: Togekiss|Togekiss, F|1/100
|turn|24
|
|switch|p2a: Pelipper|Pelipper, M|11/100
|-weather|RainDance|[from] ability: Drizzle|[of] p2a: Pelipper
|move|p1a: Togekiss|Air Slash|p2a: Pelipper
|-damage|p2a: Pelipper|0 fnt
|faint|p2a: Pelipper
|
|-weather|RainDance|[upkeep]
|upkeep
|
|switch|p2a: Seismitoad|Seismitoad, M|81/100
|turn|25
|
|move|p2a: Seismitoad|Liquidation|p1a: Togekiss
|-damage|p1a: Togekiss|0 fnt
|-damage|p2a: Seismitoad|71/100|[from] item: Life Orb
|faint|p1a: Togekiss
|
|-weather|RainDance|[upkeep]
|upkeep
|
|switch|p1a: Toxapex|Toxapex, F|60/100
|turn|26
|
|move|p2a: Seismitoad|Earthquake|p1a: Toxapex
|-supereffective|p1a: Toxapex
|-crit|p1a: Toxapex
|-damage|p1a: Toxapex|0 fnt
|-damage|p2a: Seismitoad|61/100|[from] item: Life Orb
|faint|p1a: Toxapex
|
|win|Generic OU Tryhard
|l|☆Brungulus
|raw|Brungulus's rating: 1593 → 1569(-24 for losing)
|raw|Generic OU Tryhard's rating: 1532 → 1555(+23 for winning)
