|ScrapeTime|2020-01-02-04:06:34
|j|☆XHtishen
|j|☆SuperBilly115
|player|p1|XHtishen|lady-gen4|1408
|player|p2|SuperBilly115|170|1410
|teamsize|p1|6
|teamsize|p2|6
|gametype|singles
|gen|8
|tier|[Gen 8] OU
|rated|
|rule|Sleep Clause Mod: Limit one foe put to sleep
|rule|Species Clause: Limit one of each Pokémon
|rule|OHKO Clause: OHKO moves are banned
|rule|Evasion Moves Clause: Evasion moves are banned
|rule|Endless Battle Clause: Forcing endless battles is banned
|rule|HP Percentage Mod: HP is shown in percentages
|clearpoke
|poke|p1|Aegislash, F|
|poke|p1|Clefable, F|
|poke|p1|Cinderace, M|
|poke|p1|Excadrill, F|
|poke|p1|Dracozolt|
|poke|p1|Rotom-Heat|
|poke|p2|Dracovish|
|poke|p2|Gengar, F|
|poke|p2|Rotom-Mow|
|poke|p2|Sylveon, M|
|poke|p2|Dragapult, M|
|poke|p2|Toxapex, M|
|rule|Dynamax Clause: You cannot dynamax
|teampreview
|l|☆XHtishen
|player|p1|
|inactive|Battle timer is ON: inactive players will automatically lose when time's up. (requested by SuperBilly115)
|j|☆XHtishen
|inactive|XHtishen reconnected and has 150 seconds left.
|player|p1|XHtishen|lady-gen4
|
|start
|switch|p1a: Cinderace|Cinderace, M|100/100
|switch|p2a: Rotom|Rotom-Mow|100/100
|turn|1
|
|move|p2a: Rotom|Volt Switch|p1a: Cinderace
|-damage|p1a: Cinderace|56/100
|
|switch|p2a: Toxapex|Toxapex, M|100/100|[from]move: Volt Switch
|move|p1a: Cinderace|U-turn|p2a: Toxapex
|-resisted|p2a: Toxapex
|-damage|p2a: Toxapex|94/100
|
|switch|p1a: Clefable|Clefable, F|100/100|[from]move: U-turn
|
|-heal|p2a: Toxapex|100/100|[from] item: Black Sludge
|upkeep
|turn|2
|
|switch|p2a: Rotom|Rotom-Mow|100/100
|move|p1a: Clefable|Psychic|p2a: Rotom
|-damage|p2a: Rotom|48/100
|
|upkeep
|turn|3
|
|move|p2a: Rotom|Trick|p1a: Clefable
|-activate|p2a: Rotom|move: Trick|[of] p1a: Clefable
|-item|p1a: Clefable|Choice Scarf|[from] move: Trick
|-item|p2a: Rotom|Life Orb|[from] move: Trick
|move|p1a: Clefable|Moonlight||[still]
|-fail|p1a: Clefable
|
|upkeep
|turn|4
|
|switch|p1a: Rotom|Rotom-Heat|100/100
|move|p2a: Rotom|Volt Switch|p1a: Rotom
|-resisted|p1a: Rotom
|-damage|p1a: Rotom|79/100
|-damage|p2a: Rotom|38/100|[from] item: Life Orb
|
|switch|p2a: Dracovish|Dracovish|100/100|[from]move: Volt Switch
|
|upkeep
|turn|5
|
|move|p2a: Dracovish|Fishious Rend|p1a: Rotom
|-supereffective|p1a: Rotom
|-damage|p1a: Rotom|0 fnt
|faint|p1a: Rotom
|
|upkeep
|
|switch|p1a: Dracozolt|Dracozolt|100/100
|turn|6
|
|move|p1a: Dracozolt|Dragon Claw|p2a: Dracovish
|-supereffective|p2a: Dracovish
|-damage|p2a: Dracovish|0 fnt
|faint|p2a: Dracovish
|
|upkeep
|
|switch|p2a: Sylveon|Sylveon, M|100/100
|turn|7
|
|switch|p1a: Excadrill|Excadrill, F|100/100
|-ability|p1a: Excadrill|Mold Breaker
|move|p2a: Sylveon|Sand Attack|p1a: Excadrill
|-unboost|p1a: Excadrill|accuracy|1
|
|upkeep
|turn|8
|
|switch|p2a: Rotom|Rotom-Mow|38/100
|move|p1a: Excadrill|Iron Head|p2a: Rotom|[miss]
|-miss|p1a: Excadrill|p2a: Rotom
|
|upkeep
|turn|9
|
|move|p1a: Excadrill|Earthquake|p2a: Rotom
|-damage|p2a: Rotom|0 fnt
|faint|p2a: Rotom
|
|upkeep
|
|switch|p2a: Dragapult|Dragapult, M|100/100
|turn|10
|
|switch|p1a: Cinderace|Cinderace, M|56/100
|move|p2a: Dragapult|Dragon Dance|p2a: Dragapult
|-boost|p2a: Dragapult|atk|1
|-boost|p2a: Dragapult|spe|1
|
|upkeep
|turn|11
|
|move|p1a: Cinderace|Sucker Punch|p2a: Dragapult
|-supereffective|p2a: Dragapult
|-damage|p2a: Dragapult|40/100
|move|p2a: Dragapult|Dragon Darts|p1a: Cinderace
|-damage|p1a: Cinderace|0 fnt
|-hitcount|p1a: Cinderace|1
|faint|p1a: Cinderace
|
|upkeep
|
|switch|p1a: Aegislash|Aegislash, F|100/100
|turn|12
|
|switch|p2a: Toxapex|Toxapex, M|100/100
|-formechange|p1a: Aegislash|Aegislash-Blade||[from] ability: Stance Change
|move|p1a: Aegislash|Shadow Sneak|p2a: Toxapex
|-damage|p2a: Toxapex|78/100
|
|-heal|p2a: Toxapex|84/100|[from] item: Black Sludge
|upkeep
|turn|13
|
|switch|p1a: Dracozolt|Dracozolt|100/100
|move|p2a: Toxapex|Scald|p1a: Dracozolt
|-resisted|p1a: Dracozolt
|-damage|p1a: Dracozolt|90/100
|
|-heal|p2a: Toxapex|90/100|[from] item: Black Sludge
|upkeep
|turn|14
|
|move|p2a: Toxapex|Baneful Bunker|p2a: Toxapex
|-singleturn|p2a: Toxapex|move: Protect
|move|p1a: Dracozolt|Bolt Beak|p2a: Toxapex
|-activate|p2a: Toxapex|move: Protect
|-status|p1a: Dracozolt|psn
|
|-heal|p2a: Toxapex|97/100|[from] item: Black Sludge
|-damage|p1a: Dracozolt|77/100 psn|[from] psn
|upkeep
|turn|15
|
|switch|p2a: Dragapult|Dragapult, M|40/100
|move|p1a: Dracozolt|Bolt Beak|p2a: Dragapult
|-resisted|p2a: Dragapult
|-damage|p2a: Dragapult|0 fnt
|faint|p2a: Dragapult
|
|-damage|p1a: Dracozolt|65/100 psn|[from] psn
|upkeep
|
|switch|p2a: Toxapex|Toxapex, M|100/100
|turn|16
|
|switch|p1a: Clefable|Clefable, F|100/100
|move|p2a: Toxapex|Scald|p1a: Clefable
|-damage|p1a: Clefable|81/100
|-status|p1a: Clefable|brn
|
|upkeep
|turn|17
|
|switch|p2a: Sylveon|Sylveon, M|100/100
|move|p1a: Clefable|Psychic|p2a: Sylveon
|-damage|p2a: Sylveon|87/100
|
|-heal|p2a: Sylveon|93/100|[from] item: Leftovers
|upkeep
|turn|18
|
|switch|p1a: Aegislash|Aegislash, F|100/100
|switch|p2a: Gengar|Gengar, F|100/100
|
|upkeep
|turn|19
|
|-formechange|p1a: Aegislash|Aegislash-Blade||[from] ability: Stance Change
|move|p1a: Aegislash|Shadow Sneak|p2a: Gengar
|-supereffective|p2a: Gengar
|-damage|p2a: Gengar|0 fnt
|faint|p2a: Gengar
|
|upkeep
|
|switch|p2a: Toxapex|Toxapex, M|100/100
|turn|20
|
|switch|p1a: Dracozolt|Dracozolt|65/100 psn
|move|p2a: Toxapex|Scald|p1a: Dracozolt
|-resisted|p1a: Dracozolt
|-damage|p1a: Dracozolt|53/100 psn
|
|-damage|p1a: Dracozolt|41/100 psn|[from] psn
|upkeep
|turn|21
|
|move|p2a: Toxapex|Baneful Bunker|p2a: Toxapex
|-singleturn|p2a: Toxapex|move: Protect
|move|p1a: Dracozolt|Bolt Beak|p2a: Toxapex
|-activate|p2a: Toxapex|move: Protect
|
|-damage|p1a: Dracozolt|28/100 psn|[from] psn
|upkeep
|turn|22
|
|switch|p2a: Sylveon|Sylveon, M|93/100
|move|p1a: Dracozolt|Bolt Beak|p2a: Sylveon
|-damage|p2a: Sylveon|0 fnt
|faint|p2a: Sylveon
|
|-damage|p1a: Dracozolt|16/100 psn|[from] psn
|upkeep
|
|switch|p2a: Toxapex|Toxapex, M|100/100
|turn|23
|
|move|p2a: Toxapex|Baneful Bunker|p2a: Toxapex
|-singleturn|p2a: Toxapex|move: Protect
|move|p1a: Dracozolt|Bolt Beak|p2a: Toxapex
|-activate|p2a: Toxapex|move: Protect
|
|-damage|p1a: Dracozolt|3/100 psn|[from] psn
|upkeep
|turn|24
|
|move|p2a: Toxapex|Baneful Bunker||[still]
|-fail|p2a: Toxapex
|move|p1a: Dracozolt|Bolt Beak|p2a: Toxapex|[miss]
|-miss|p1a: Dracozolt|p2a: Toxapex
|
|-damage|p1a: Dracozolt|0 fnt|[from] psn
|faint|p1a: Dracozolt
|upkeep
|
|switch|p1a: Excadrill|Excadrill, F|100/100
|-ability|p1a: Excadrill|Mold Breaker
|turn|25
|
|move|p1a: Excadrill|Earthquake|p2a: Toxapex
|-supereffective|p2a: Toxapex
|-damage|p2a: Toxapex|33/100
|move|p2a: Toxapex|Scald|p1a: Excadrill
|-supereffective|p1a: Excadrill
|-damage|p1a: Excadrill|58/100
|
|-heal|p1a: Excadrill|64/100|[from] item: Leftovers
|-heal|p2a: Toxapex|39/100|[from] item: Black Sludge
|upkeep
|turn|26
|
|move|p1a: Excadrill|Swords Dance|p1a: Excadrill
|-boost|p1a: Excadrill|atk|2
|move|p2a: Toxapex|Scald|p1a: Excadrill
|-supereffective|p1a: Excadrill
|-damage|p1a: Excadrill|16/100
|
|-heal|p1a: Excadrill|22/100|[from] item: Leftovers
|-heal|p2a: Toxapex|45/100|[from] item: Black Sludge
|upkeep
|turn|27
|-message|SuperBilly115 forfeited.
|
|win|XHtishen
|l|☆SuperBilly115
|raw|XHtishen's rating: 1408 → 1428(+20 for winning)
|raw|SuperBilly115's rating: 1410 → 1390(-20 for losing)
