|ScrapeTime|2020-01-01-11:59:21
|j|☆Nuze
|j|☆New gainzes
|player|p1|Nuze|benga|1082
|player|p2|New gainzes|101|1000
|teamsize|p1|6
|teamsize|p2|6
|gametype|singles
|gen|8
|tier|[Gen 8] OU
|rated|
|rule|Sleep Clause Mod: Limit one foe put to sleep
|rule|Species Clause: Limit one of each Pokémon
|rule|OHKO Clause: OHKO moves are banned
|rule|Evasion Moves Clause: Evasion moves are banned
|rule|Endless Battle Clause: Forcing endless battles is banned
|rule|HP Percentage Mod: HP is shown in percentages
|clearpoke
|poke|p1|Lucario, F|
|poke|p1|Toxtricity, M|
|poke|p1|Toxapex, M|
|poke|p1|Ferrothorn, M|
|poke|p1|Bisharp, M|
|poke|p1|Corsola-Galar, M|
|poke|p2|Aegislash, M|
|poke|p2|Bisharp, M|
|poke|p2|Dragapult, F|
|poke|p2|Hydreigon, M|
|poke|p2|Mimikyu, M|
|poke|p2|Mew|
|rule|Dynamax Clause: You cannot dynamax
|teampreview
|inactive|Battle timer is ON: inactive players will automatically lose when time's up. (requested by New gainzes)
|
|start
|switch|p1a: Ferrothorn|Ferrothorn, M|100/100
|switch|p2a: Mew|Mew|100/100
|turn|1
|
|move|p2a: Mew|Taunt|p1a: Ferrothorn
|-start|p1a: Ferrothorn|move: Taunt
|cant|p1a: Ferrothorn|move: Taunt|Stealth Rock
|
|upkeep
|turn|2
|
|move|p2a: Mew|Stealth Rock|p1a: Ferrothorn
|-sidestart|p1: Nuze|move: Stealth Rock
|move|p1a: Ferrothorn|Knock Off|p2a: Mew
|-supereffective|p2a: Mew
|-crit|p2a: Mew
|-damage|p2a: Mew|50/100
|-enditem|p2a: Mew|Red Card|[from] move: Knock Off|[of] p1a: Ferrothorn
|
|upkeep
|turn|3
|
|move|p2a: Mew|Skill Swap|p1a: Ferrothorn
|-activate|p2a: Mew|move: Skill Swap|Iron Barbs|Synchronize|[of] p1a: Ferrothorn
|move|p1a: Ferrothorn|Knock Off|p2a: Mew
|-supereffective|p2a: Mew
|-damage|p2a: Mew|26/100
|-damage|p1a: Ferrothorn|88/100|[from] ability: Iron Barbs|[of] p2a: Mew
|
|-end|p1a: Ferrothorn|move: Taunt
|upkeep
|turn|4
|
|move|p2a: Mew|Spikes|p1a: Ferrothorn
|-sidestart|p1: Nuze|Spikes
|move|p1a: Ferrothorn|Stealth Rock|p2a: Mew
|-sidestart|p2: New gainzes|move: Stealth Rock
|
|upkeep
|turn|5
|
|move|p2a: Mew|Spikes|p1a: Ferrothorn
|-sidestart|p1: Nuze|Spikes
|move|p1a: Ferrothorn|Leech Seed|p2a: Mew
|-start|p2a: Mew|move: Leech Seed
|
|-damage|p2a: Mew|13/100|[from] Leech Seed|[of] p1a: Ferrothorn
|-heal|p1a: Ferrothorn|100/100|[silent]
|upkeep
|turn|6
|
|move|p2a: Mew|Taunt|p1a: Ferrothorn
|-start|p1a: Ferrothorn|move: Taunt
|move|p1a: Ferrothorn|Knock Off|p2a: Mew
|-supereffective|p2a: Mew
|-damage|p2a: Mew|0 fnt
|-damage|p1a: Ferrothorn|88/100|[from] ability: Iron Barbs|[of] p2a: Mew
|faint|p2a: Mew
|
|upkeep
|
|switch|p2a: Hydreigon|Hydreigon, M|100/100
|-damage|p2a: Hydreigon|88/100|[from] Stealth Rock
|turn|7
|
|switch|p1a: Toxapex|Toxapex, M, shiny|100/100
|-damage|p1a: Toxapex|88/100|[from] Stealth Rock
|-damage|p1a: Toxapex|72/100|[from] Spikes
|move|p2a: Hydreigon|Nasty Plot|p2a: Hydreigon
|-boost|p2a: Hydreigon|spa|2
|
|-heal|p2a: Hydreigon|94/100|[from] item: Leftovers
|-heal|p1a: Toxapex|78/100|[from] item: Black Sludge
|upkeep
|turn|8
|
|move|p2a: Hydreigon|Dark Pulse|p1a: Toxapex
|-damage|p1a: Toxapex|25/100
|move|p1a: Toxapex|Haze|p1a: Toxapex
|-clearallboost
|
|-heal|p2a: Hydreigon|100/100|[from] item: Leftovers
|-heal|p1a: Toxapex|32/100|[from] item: Black Sludge
|upkeep
|turn|9
|
|move|p2a: Hydreigon|Substitute|p2a: Hydreigon
|-start|p2a: Hydreigon|Substitute
|-damage|p2a: Hydreigon|76/100
|move|p1a: Toxapex|Toxic||[still]
|-fail|p1a: Toxapex
|
|-heal|p2a: Hydreigon|82/100|[from] item: Leftovers
|-heal|p1a: Toxapex|38/100|[from] item: Black Sludge
|upkeep
|turn|10
|
|switch|p1a: Lucario|Lucario, F|100/100
|-damage|p1a: Lucario|84/100|[from] Spikes
|-damage|p1a: Lucario|81/100|[from] Stealth Rock
|move|p2a: Hydreigon|Nasty Plot|p2a: Hydreigon
|-boost|p2a: Hydreigon|spa|2
|
|-heal|p2a: Hydreigon|88/100|[from] item: Leftovers
|-heal|p1a: Lucario|87/100|[from] item: Leftovers
|upkeep
|turn|11
|
|move|p1a: Lucario|Extreme Speed|p2a: Hydreigon
|-end|p2a: Hydreigon|Substitute
|move|p2a: Hydreigon|Flash Cannon|p1a: Lucario
|-resisted|p1a: Lucario
|-damage|p1a: Lucario|41/100
|
|-heal|p2a: Hydreigon|94/100|[from] item: Leftovers
|-heal|p1a: Lucario|47/100|[from] item: Leftovers
|upkeep
|turn|12
|
|switch|p2a: Dragapult|Dragapult, F|100/100
|-damage|p2a: Dragapult|88/100|[from] Stealth Rock
|move|p1a: Lucario|Close Combat|p2a: Dragapult
|-immune|p2a: Dragapult
|
|-heal|p1a: Lucario|53/100|[from] item: Leftovers
|upkeep
|turn|13
|
|switch|p1a: Bisharp|Bisharp, M|100/100
|-damage|p1a: Bisharp|84/100|[from] Spikes
|-damage|p1a: Bisharp|78/100|[from] Stealth Rock
|move|p2a: Dragapult|Shadow Ball|p1a: Bisharp
|-resisted|p1a: Bisharp
|-damage|p1a: Bisharp|41/100
|-unboost|p1a: Bisharp|spd|1
|-ability|p1a: Bisharp|Defiant
|-boost|p1a: Bisharp|atk|2
|
|upkeep
|turn|14
|
|switch|p2a: Hydreigon|Hydreigon, M|94/100
|-damage|p2a: Hydreigon|82/100|[from] Stealth Rock
|move|p1a: Bisharp|Sucker Punch||[still]
|-fail|p1a: Bisharp
|
|-heal|p2a: Hydreigon|88/100|[from] item: Leftovers
|upkeep
|turn|15
|
|move|p2a: Hydreigon|Dark Pulse|p1a: Bisharp
|-resisted|p1a: Bisharp
|-damage|p1a: Bisharp|2/100
|-enditem|p1a: Bisharp|Aguav Berry|[eat]
|-heal|p1a: Bisharp|35/100|[from] item: Aguav Berry
|move|p1a: Bisharp|Poison Jab|p2a: Hydreigon
|-damage|p2a: Hydreigon|23/100
|
|-heal|p2a: Hydreigon|29/100|[from] item: Leftovers
|upkeep
|turn|16
|
|move|p1a: Bisharp|Sucker Punch||[still]
|-fail|p1a: Bisharp
|move|p2a: Hydreigon|Substitute|p2a: Hydreigon
|-start|p2a: Hydreigon|Substitute
|-damage|p2a: Hydreigon|4/100
|
|-heal|p2a: Hydreigon|10/100|[from] item: Leftovers
|upkeep
|turn|17
|
|move|p1a: Bisharp|Sucker Punch|p2a: Hydreigon
|-resisted|p2a: Hydreigon
|-crit|p2a: Hydreigon
|-end|p2a: Hydreigon|Substitute
|move|p2a: Hydreigon|Dark Pulse|p1a: Bisharp
|-resisted|p1a: Bisharp
|-damage|p1a: Bisharp|0 fnt
|faint|p1a: Bisharp
|
|-heal|p2a: Hydreigon|16/100|[from] item: Leftovers
|upkeep
|
|switch|p1a: Lucario|Lucario, F|53/100
|-damage|p1a: Lucario|37/100|[from] Spikes
|-damage|p1a: Lucario|34/100|[from] Stealth Rock
|turn|18
|
|switch|p2a: Dragapult|Dragapult, F|88/100
|-damage|p2a: Dragapult|76/100|[from] Stealth Rock
|move|p1a: Lucario|Close Combat|p2a: Dragapult
|-immune|p2a: Dragapult
|
|-heal|p1a: Lucario|40/100|[from] item: Leftovers
|upkeep
|turn|19
|
|switch|p1a: Ferrothorn|Ferrothorn, M|88/100
|-damage|p1a: Ferrothorn|82/100|[from] Stealth Rock
|-damage|p1a: Ferrothorn|65/100|[from] Spikes
|move|p2a: Dragapult|Shadow Ball|p1a: Ferrothorn
|-damage|p1a: Ferrothorn|22/100
|
|upkeep
|turn|20
|c|☆New gainzes|Despite criiting twice, you lose.
|
|move|p2a: Dragapult|Shadow Ball|p1a: Ferrothorn
|-damage|p1a: Ferrothorn|0 fnt
|faint|p1a: Ferrothorn
|
|upkeep
|
|switch|p1a: Toxapex|Toxapex, M, shiny|71/100
|-damage|p1a: Toxapex|59/100|[from] Stealth Rock
|-damage|p1a: Toxapex|42/100|[from] Spikes
|turn|21
|
|move|p2a: Dragapult|Shadow Ball|p1a: Toxapex
|-crit|p1a: Toxapex
|-damage|p1a: Toxapex|0 fnt
|faint|p1a: Toxapex
|
|upkeep
|-message|Nuze forfeited.
|
|win|New gainzes
|l|☆Nuze
|raw|Nuze's rating: 1082 → 1054(-28 for losing)
|raw|New gainzes's rating: 1000 → 1049(+49 for winning)
