|ScrapeTime|2020-01-01-06:15:03
|j|☆Neutralist
|j|☆001Mewtwo-
|player|p1|Neutralist|265|
|player|p2|001Mewtwo-|red|
|teamsize|p1|6
|teamsize|p2|6
|gametype|singles
|gen|8
|tier|[Gen 8] OU
|rule|Sleep Clause Mod: Limit one foe put to sleep
|rule|Species Clause: Limit one of each Pokémon
|rule|OHKO Clause: OHKO moves are banned
|rule|Evasion Moves Clause: Evasion moves are banned
|rule|Endless Battle Clause: Forcing endless battles is banned
|rule|HP Percentage Mod: HP is shown in percentages
|clearpoke
|poke|p1|Dracovish, L82|
|poke|p1|Galvantula, M|
|poke|p1|Toxtricity, L84, M|
|poke|p1|Togekiss, L80, F|
|poke|p1|Arctozolt|
|poke|p1|Hawlucha, F|
|poke|p2|Dragapult, F|
|poke|p2|Ditto|
|poke|p2|Corviknight, M|
|poke|p2|Toxtricity, M|
|poke|p2|Barraskewda, F|
|poke|p2|Hatterene, F|
|rule|Dynamax Clause: You cannot dynamax
|teampreview
|
|start
|switch|p1a: Galvantula|Galvantula, M|100/100
|switch|p2a: Corviknight|Corviknight, M|100/100
|turn|1
|c|☆Neutralist|My galvantula is trash
|
|move|p1a: Galvantula|Thunder Wave|p2a: Corviknight
|-status|p2a: Corviknight|par
|move|p2a: Corviknight|Taunt|p1a: Galvantula
|-start|p1a: Galvantula|move: Taunt
|
|upkeep
|turn|2
|inactive|Battle timer is ON: inactive players will automatically lose when time's up. (requested by Neutralist)
|
|switch|p2a: Dragapult|Dragapult, F|100/100
|move|p1a: Galvantula|Sucker Punch||[still]
|-fail|p1a: Galvantula
|
|upkeep
|turn|3
|
|move|p1a: Galvantula|Sucker Punch||[still]
|-fail|p1a: Galvantula
|move|p2a: Dragapult|Dragon Dance|p2a: Dragapult
|-boost|p2a: Dragapult|atk|1
|-boost|p2a: Dragapult|spe|1
|
|upkeep
|turn|4
|
|switch|p1a: Ozzy|Toxtricity, L84, M|100/100
|move|p2a: Dragapult|Dragon Dance|p2a: Dragapult
|-boost|p2a: Dragapult|atk|1
|-boost|p2a: Dragapult|spe|1
|
|upkeep
|turn|5
|
|move|p2a: Dragapult|Dragon Darts|p1a: Ozzy
|-damage|p1a: Ozzy|0 fnt
|-hitcount|p1a: Ozzy|1
|faint|p1a: Ozzy
|
|upkeep
|
|switch|p1a: Galvantula|Galvantula, M|100/100
|turn|6
|
|move|p2a: Dragapult|Dragon Darts|p1a: Galvantula
|-damage|p1a: Galvantula|16/100
|-damage|p1a: Galvantula|0 fnt
|-hitcount|p1a: Galvantula|2
|faint|p1a: Galvantula
|
|upkeep
|
|switch|p1a: H O T F I S H|Dracovish, L82|100/100
|turn|7
|
|move|p2a: Dragapult|Dragon Darts|p1a: H O T F I S H
|-supereffective|p1a: H O T F I S H
|-damage|p1a: H O T F I S H|0 fnt
|-hitcount|p1a: H O T F I S H|1
|faint|p1a: H O T F I S H
|
|upkeep
|c|☆Neutralist|Behold
|
|switch|p1a: Warmthneeded|Arctozolt|100/100
|turn|8
|
|move|p2a: Dragapult|Dragon Darts|p1a: Warmthneeded
|-damage|p1a: Warmthneeded|45/100
|-damage|p1a: Warmthneeded|0 fnt
|-hitcount|p1a: Warmthneeded|2
|faint|p1a: Warmthneeded
|
|upkeep
|
|switch|p1a: Togekiss|Togekiss, L80, F|100/100
|turn|9
|
|move|p2a: Dragapult|Psychic Fangs|p1a: Togekiss
|-damage|p1a: Togekiss|0 fnt
|faint|p1a: Togekiss
|
|upkeep
|c|☆Neutralist|Jeez epic dragapult sweep
|
|switch|p1a: Jotaro|Hawlucha, F|100/100
|turn|10
|c|☆001Mewtwo-|Ha
|
|move|p2a: Dragapult|Dragon Darts|p1a: Jotaro
|-damage|p1a: Jotaro|21/100
|-damage|p1a: Jotaro|0 fnt
|-hitcount|p1a: Jotaro|2
|faint|p1a: Jotaro
|
|win|001Mewtwo-
|c|☆Neutralist|gg
|l|☆Neutralist
