|ScrapeTime|2020-01-02-01:27:02
|j|☆MoeAlejoNU2
|j|☆terrem10
|player|p1|MoeAlejoNU2|223|1163
|player|p2|terrem10|1|1153
|teamsize|p1|6
|teamsize|p2|6
|gametype|singles
|gen|8
|tier|[Gen 8] OU
|rated|
|rule|Sleep Clause Mod: Limit one foe put to sleep
|rule|Species Clause: Limit one of each Pokémon
|rule|OHKO Clause: OHKO moves are banned
|rule|Evasion Moves Clause: Evasion moves are banned
|rule|Endless Battle Clause: Forcing endless battles is banned
|rule|HP Percentage Mod: HP is shown in percentages
|clearpoke
|poke|p1|Hitmonlee, M|
|poke|p1|Weezing-Galar, M|
|poke|p1|Pincurchin, F|
|poke|p1|Hawlucha, M|
|poke|p1|Corviknight, M|
|poke|p1|Seismitoad, M|
|poke|p2|Dragapult, M|
|poke|p2|Clefable, M|
|poke|p2|Mandibuzz, F|
|poke|p2|Hydreigon, M|
|poke|p2|Hatterene, F|
|poke|p2|Cinderace, M|
|rule|Dynamax Clause: You cannot dynamax
|teampreview
|inactive|Battle timer is ON: inactive players will automatically lose when time's up. (requested by MoeAlejoNU2)
|
|start
|switch|p1a: Pincurchin|Pincurchin, F|100/100
|switch|p2a: Clefable|Clefable, M|100/100
|-fieldstart|move: Electric Terrain|[from] ability: Electric Surge|[of] p1a: Pincurchin
|turn|1
|
|move|p2a: Clefable|Moonblast|p1a: Pincurchin
|-damage|p1a: Pincurchin|29/100
|-unboost|p1a: Pincurchin|spa|1
|move|p1a: Pincurchin|Toxic Spikes|p2a: Clefable
|-sidestart|p2: terrem10|move: Toxic Spikes
|
|upkeep
|turn|2
|
|switch|p1a: Seismitoad|Seismitoad, M|100/100
|move|p2a: Clefable|Moonblast|p1a: Seismitoad
|-damage|p1a: Seismitoad|41/100
|
|-heal|p1a: Seismitoad|47/100|[from] item: Leftovers
|upkeep
|turn|3
|
|move|p1a: Seismitoad|Protect|p1a: Seismitoad
|-singleturn|p1a: Seismitoad|Protect
|move|p2a: Clefable|Moonblast|p1a: Seismitoad
|-activate|p1a: Seismitoad|move: Protect
|
|-heal|p1a: Seismitoad|53/100|[from] item: Leftovers
|upkeep
|turn|4
|
|switch|p1a: Corviknight|Corviknight, M|100/100
|-ability|p1a: Corviknight|Pressure
|move|p2a: Clefable|Moonblast|p1a: Corviknight
|-resisted|p1a: Corviknight
|-damage|p1a: Corviknight|74/100
|-unboost|p1a: Corviknight|spa|1
|
|-heal|p1a: Corviknight|80/100|[from] item: Leftovers
|upkeep
|turn|5
|
|move|p1a: Corviknight|Roost|p1a: Corviknight
|-heal|p1a: Corviknight|100/100
|-singleturn|p1a: Corviknight|move: Roost
|move|p2a: Clefable|Thunderbolt|p1a: Corviknight
|-damage|p1a: Corviknight|53/100
|
|-heal|p1a: Corviknight|59/100|[from] item: Leftovers
|-fieldend|move: Electric Terrain
|upkeep
|turn|6
|
|move|p1a: Corviknight|Roost|p1a: Corviknight
|-heal|p1a: Corviknight|100/100
|-singleturn|p1a: Corviknight|move: Roost
|move|p2a: Clefable|Thunderbolt|p1a: Corviknight
|-damage|p1a: Corviknight|63/100
|
|-heal|p1a: Corviknight|69/100|[from] item: Leftovers
|upkeep
|turn|7
|
|switch|p1a: Weezing|Weezing-Galar, M|100/100
|-fieldstart|move: Misty Terrain|[from] ability: Misty Surge|[of] p1a: Weezing
|move|p2a: Clefable|Flamethrower|p1a: Weezing
|-damage|p1a: Weezing|64/100
|
|upkeep
|turn|8
|
|switch|p2a: Cinderace|Cinderace, M|100/100
|move|p1a: Weezing|Sludge Bomb|p2a: Cinderace
|-damage|p2a: Cinderace|64/100
|
|upkeep
|turn|9
|
|move|p2a: Cinderace|Court Change|p2a: Cinderace
|-sideend|p2: terrem10|Toxic Spikes|[silent]
|-sidestart|p1: MoeAlejoNU2|Toxic Spikes|[silent]
|-activate|p2a: Cinderace|move: Court Change
|move|p1a: Weezing|Memento|p2a: Cinderace
|-unboost|p2a: Cinderace|atk|2
|-unboost|p2a: Cinderace|spa|2
|faint|p1a: Weezing
|
|upkeep
|
|switch|p1a: Hawlucha|Hawlucha, M|100/100
|-enditem|p1a: Hawlucha|Misty Seed
|-boost|p1a: Hawlucha|spd|1
|turn|10
|
|switch|p2a: Clefable|Clefable, M|100/100
|move|p1a: Hawlucha|Swords Dance|p1a: Hawlucha
|-boost|p1a: Hawlucha|atk|2
|
|upkeep
|turn|11
|
|move|p1a: Hawlucha|Acrobatics|p2a: Clefable
|-damage|p2a: Clefable|0 fnt
|faint|p2a: Clefable
|
|-fieldend|Misty Terrain
|upkeep
|inactive|terrem10 has 120 seconds left.
|
|switch|p2a: Mandibuzz|Mandibuzz, F|100/100
|turn|12
|
|move|p1a: Hawlucha|High Jump Kick|p2a: Mandibuzz
|-damage|p2a: Mandibuzz|37/100
|move|p2a: Mandibuzz|Foul Play|p1a: Hawlucha
|-resisted|p1a: Hawlucha
|-damage|p1a: Hawlucha|37/100
|
|upkeep
|turn|13
|
|switch|p2a: Dragapult|Dragapult, M|100/100
|move|p1a: Hawlucha|Acrobatics|p2a: Dragapult
|-damage|p2a: Dragapult|0 fnt
|faint|p2a: Dragapult
|
|upkeep
|
|switch|p2a: Cinderace|Cinderace, M|64/100
|turn|14
|
|move|p2a: Cinderace|Sucker Punch|p1a: Hawlucha
|-resisted|p1a: Hawlucha
|-damage|p1a: Hawlucha|20/100
|move|p1a: Hawlucha|Acrobatics|p2a: Cinderace
|-damage|p2a: Cinderace|0 fnt
|faint|p2a: Cinderace
|
|upkeep
|
|switch|p2a: Hatterene|Hatterene, F|100/100
|turn|15
|
|move|p1a: Hawlucha|Acrobatics|p2a: Hatterene
|-damage|p2a: Hatterene|0 fnt
|faint|p2a: Hatterene
|
|upkeep
|
|switch|p2a: Hydreigon|Hydreigon, M|100/100
|turn|16
|
|move|p1a: Hawlucha|High Jump Kick|p2a: Hydreigon
|-supereffective|p2a: Hydreigon
|-damage|p2a: Hydreigon|0 fnt
|faint|p2a: Hydreigon
|
|upkeep
|
|switch|p2a: Mandibuzz|Mandibuzz, F|37/100
|turn|17
|
|move|p1a: Hawlucha|Thunder Punch|p2a: Mandibuzz
|-supereffective|p2a: Mandibuzz
|-damage|p2a: Mandibuzz|0 fnt
|faint|p2a: Mandibuzz
|
|win|MoeAlejoNU2
|l|☆terrem10
|raw|MoeAlejoNU2's rating: 1136 → 1163(+27 for winning)
|raw|terrem10's rating: 1153 → 1127(-26 for losing)
