|ScrapeTime|2020-01-02-03:15:07
|j|☆Phill^aCup
|j|☆taught him
|player|p1|Phill^aCup|bruno|1260
|player|p2|taught him|dawn|1275
|teamsize|p1|6
|teamsize|p2|6
|gametype|singles
|gen|8
|tier|[Gen 8] OU
|rated|
|rule|Sleep Clause Mod: Limit one foe put to sleep
|rule|Species Clause: Limit one of each Pokémon
|rule|OHKO Clause: OHKO moves are banned
|rule|Evasion Moves Clause: Evasion moves are banned
|rule|Endless Battle Clause: Forcing endless battles is banned
|rule|HP Percentage Mod: HP is shown in percentages
|clearpoke
|poke|p1|Milotic, F|
|poke|p1|Bisharp, M|
|poke|p1|Haxorus, M|
|poke|p1|Dragapult, F|
|poke|p1|Toxtricity, M|
|poke|p1|Mew|
|poke|p2|Cinderace, M|
|poke|p2|Corviknight, F|
|poke|p2|Seismitoad, F|
|poke|p2|Dragapult, F|
|poke|p2|Excadrill, F|
|poke|p2|Hippowdon, F|
|rule|Dynamax Clause: You cannot dynamax
|teampreview
|
|start
|switch|p1a: Milotic|Milotic, F|100/100
|switch|p2a: Seismitoad|Seismitoad, F|100/100
|turn|1
|
|move|p2a: Seismitoad|Toxic|p1a: Milotic
|-status|p1a: Milotic|tox
|move|p1a: Milotic|Dragon Tail|p2a: Seismitoad
|-damage|p2a: Seismitoad|92/100
|drag|p2a: Dragapult|Dragapult, F|100/100
|
|-damage|p1a: Milotic|94/100 tox|[from] psn
|upkeep
|turn|2
|
|switch|p2a: Seismitoad|Seismitoad, F|92/100
|move|p1a: Milotic|Scald|p2a: Seismitoad
|-heal|p2a: Seismitoad|100/100|[from] ability: Water Absorb|[of] p1a: Milotic
|
|-damage|p1a: Milotic|82/100 tox|[from] psn
|upkeep
|turn|3
|
|switch|p1a: Mew|Mew|100/100
|move|p2a: Seismitoad|Stealth Rock|p1a: Mew
|-sidestart|p1: Phill^aCup|move: Stealth Rock
|
|upkeep
|turn|4
|
|move|p1a: Mew|Stealth Rock|p2a: Seismitoad
|-sidestart|p2: taught him|move: Stealth Rock
|move|p2a: Seismitoad|Scald|p1a: Mew
|-damage|p1a: Mew|79/100
|
|-heal|p1a: Mew|85/100|[from] item: Leftovers
|upkeep
|turn|5
|
|move|p1a: Mew|Psychic|p2a: Seismitoad
|-damage|p2a: Seismitoad|76/100
|move|p2a: Seismitoad|Scald|p1a: Mew
|-damage|p1a: Mew|63/100
|
|-heal|p1a: Mew|69/100|[from] item: Leftovers
|-heal|p2a: Seismitoad|82/100|[from] item: Leftovers
|upkeep
|turn|6
|
|move|p1a: Mew|Spikes|p2a: Seismitoad
|-sidestart|p2: taught him|Spikes
|move|p2a: Seismitoad|Scald|p1a: Mew
|-damage|p1a: Mew|50/100
|-status|p1a: Mew|brn
|-activate|p1a: Mew|ability: Synchronize
|-status|p2a: Seismitoad|brn
|
|-heal|p1a: Mew|56/100 brn|[from] item: Leftovers
|-heal|p2a: Seismitoad|88/100 brn|[from] item: Leftovers
|-damage|p1a: Mew|50/100 brn|[from] brn
|-damage|p2a: Seismitoad|82/100 brn|[from] brn
|upkeep
|turn|7
|
|switch|p1a: Milotic|Milotic, F|82/100 tox
|-damage|p1a: Milotic|70/100 tox|[from] Stealth Rock
|move|p2a: Seismitoad|Scald|p1a: Milotic
|-resisted|p1a: Milotic
|-damage|p1a: Milotic|63/100 tox
|
|-heal|p2a: Seismitoad|88/100 brn|[from] item: Leftovers
|-damage|p1a: Milotic|57/100 tox|[from] psn
|-damage|p2a: Seismitoad|82/100 brn|[from] brn
|upkeep
|turn|8
|
|move|p2a: Seismitoad|Protect|p2a: Seismitoad
|-singleturn|p2a: Seismitoad|Protect
|move|p1a: Milotic|Recover|p1a: Milotic
|-heal|p1a: Milotic|100/100 tox
|
|-heal|p2a: Seismitoad|88/100 brn|[from] item: Leftovers
|-damage|p1a: Milotic|88/100 tox|[from] psn
|-damage|p2a: Seismitoad|82/100 brn|[from] brn
|upkeep
|turn|9
|
|move|p2a: Seismitoad|Scald|p1a: Milotic
|-resisted|p1a: Milotic
|-damage|p1a: Milotic|82/100 tox
|move|p1a: Milotic|Dragon Tail|p2a: Seismitoad
|-crit|p2a: Seismitoad
|-damage|p2a: Seismitoad|70/100 brn
|drag|p2a: Cinderace|Cinderace, M|100/100
|
|-damage|p1a: Milotic|63/100 tox|[from] psn
|upkeep
|turn|10
|
|move|p2a: Cinderace|Court Change|p2a: Cinderace
|-sideend|p2: taught him|Spikes|[silent]
|-sidestart|p1: Phill^aCup|Spikes|[silent]
|-sideend|p2: taught him|Stealth Rock|[silent]
|-sideend|p1: Phill^aCup|Stealth Rock|[silent]
|-sidestart|p2: taught him|Stealth Rock|[silent]
|-sidestart|p1: Phill^aCup|Stealth Rock|[silent]
|-activate|p2a: Cinderace|move: Court Change
|move|p1a: Milotic|Scald|p2a: Cinderace
|-supereffective|p2a: Cinderace
|-damage|p2a: Cinderace|23/100
|
|-damage|p1a: Milotic|39/100 tox|[from] psn
|upkeep
|turn|11
|
|move|p2a: Cinderace|High Jump Kick|p1a: Milotic
|-damage|p1a: Milotic|10/100 tox
|move|p1a: Milotic|Scald|p2a: Cinderace
|-supereffective|p2a: Cinderace
|-damage|p2a: Cinderace|0 fnt
|faint|p2a: Cinderace
|
|-damage|p1a: Milotic|0 fnt|[from] psn
|faint|p1a: Milotic
|upkeep
|
|switch|p2a: Hippowdon|Hippowdon, F|100/100
|switch|p1a: Mew|Mew|50/100 brn
|-damage|p1a: Mew|38/100 brn|[from] Spikes
|-damage|p1a: Mew|25/100 brn|[from] Stealth Rock
|-damage|p2a: Hippowdon|94/100|[from] Stealth Rock
|-weather|Sandstorm|[from] ability: Sand Stream|[of] p2a: Hippowdon
|turn|12
|
|move|p1a: Mew|Spikes|p2a: Hippowdon
|-sidestart|p2: taught him|Spikes
|move|p2a: Hippowdon|Earthquake|p1a: Mew
|-damage|p1a: Mew|0 fnt
|faint|p1a: Mew
|
|-weather|Sandstorm|[upkeep]
|upkeep
|
|switch|p1a: Dragapult|Dragapult, F|100/100
|-damage|p1a: Dragapult|88/100|[from] Stealth Rock
|-damage|p1a: Dragapult|76/100|[from] Spikes
|turn|13
|
|move|p1a: Dragapult|Will-O-Wisp|p2a: Hippowdon
|-status|p2a: Hippowdon|brn
|move|p2a: Hippowdon|Yawn|p1a: Dragapult
|-start|p1a: Dragapult|move: Yawn|[of] p2a: Hippowdon
|
|-weather|Sandstorm|[upkeep]
|-damage|p1a: Dragapult|70/100|[from] Sandstorm
|-heal|p1a: Dragapult|76/100|[from] item: Leftovers
|-damage|p2a: Hippowdon|88/100 brn|[from] brn
|upkeep
|turn|14
|
|move|p1a: Dragapult|Substitute|p1a: Dragapult
|-start|p1a: Dragapult|Substitute
|-damage|p1a: Dragapult|51/100
|move|p2a: Hippowdon|Earthquake|p1a: Dragapult
|-activate|p1a: Dragapult|move: Substitute|[damage]
|
|-weather|Sandstorm|[upkeep]
|-damage|p1a: Dragapult|45/100|[from] Sandstorm
|-heal|p1a: Dragapult|51/100|[from] item: Leftovers
|-damage|p2a: Hippowdon|82/100 brn|[from] brn
|-end|p1a: Dragapult|move: Yawn|[silent]
|-status|p1a: Dragapult|slp
|upkeep
|turn|15
|
|cant|p1a: Dragapult|slp
|move|p2a: Hippowdon|Earthquake|p1a: Dragapult
|-end|p1a: Dragapult|Substitute
|
|-weather|Sandstorm|[upkeep]
|-damage|p1a: Dragapult|45/100 slp|[from] Sandstorm
|-heal|p1a: Dragapult|51/100 slp|[from] item: Leftovers
|-damage|p2a: Hippowdon|76/100 brn|[from] brn
|upkeep
|turn|16
|
|switch|p2a: Dragapult|Dragapult, F|100/100
|-damage|p2a: Dragapult|88/100|[from] Spikes
|-damage|p2a: Dragapult|76/100|[from] Stealth Rock
|cant|p1a: Dragapult|slp
|
|-weather|none
|-heal|p1a: Dragapult|57/100 slp|[from] item: Leftovers
|upkeep
|turn|17
|
|cant|p1a: Dragapult|slp
|move|p2a: Dragapult|Shadow Ball|p1a: Dragapult
|-supereffective|p1a: Dragapult
|-damage|p1a: Dragapult|0 fnt
|faint|p1a: Dragapult
|
|upkeep
|
|switch|p1a: Bisharp|Bisharp, M|100/100
|-damage|p1a: Bisharp|95/100|[from] Stealth Rock
|-damage|p1a: Bisharp|82/100|[from] Spikes
|turn|18
|
|switch|p2a: Hippowdon|Hippowdon, F|76/100 brn
|-damage|p2a: Hippowdon|63/100 brn|[from] Spikes
|-damage|p2a: Hippowdon|57/100 brn|[from] Stealth Rock
|-weather|Sandstorm|[from] ability: Sand Stream|[of] p2a: Hippowdon
|move|p1a: Bisharp|Swords Dance|p1a: Bisharp
|-boost|p1a: Bisharp|atk|2
|
|-weather|Sandstorm|[upkeep]
|-damage|p2a: Hippowdon|51/100 brn|[from] brn
|upkeep
|turn|19
|
|move|p1a: Bisharp|Throat Chop|p2a: Hippowdon
|-damage|p2a: Hippowdon|0 fnt
|faint|p2a: Hippowdon
|
|-weather|Sandstorm|[upkeep]
|upkeep
|
|switch|p2a: Excadrill|Excadrill, F|100/100
|-damage|p2a: Excadrill|88/100|[from] Spikes
|-damage|p2a: Excadrill|85/100|[from] Stealth Rock
|turn|20
|
|move|p1a: Bisharp|Sucker Punch|p2a: Excadrill
|-damage|p2a: Excadrill|0 fnt
|faint|p2a: Excadrill
|
|-weather|Sandstorm|[upkeep]
|upkeep
|
|switch|p2a: Corviknight|Corviknight, F|100/100
|-damage|p2a: Corviknight|88/100|[from] Stealth Rock
|turn|21
|
|move|p1a: Bisharp|Swords Dance|p1a: Bisharp
|-boost|p1a: Bisharp|atk|2
|move|p2a: Corviknight|Bulk Up|p2a: Corviknight
|-boost|p2a: Corviknight|atk|1
|-boost|p2a: Corviknight|def|1
|
|-weather|Sandstorm|[upkeep]
|upkeep
|turn|22
|
|move|p1a: Bisharp|Swords Dance|p1a: Bisharp
|-boost|p1a: Bisharp|atk|2
|move|p2a: Corviknight|Bulk Up|p2a: Corviknight
|-boost|p2a: Corviknight|atk|1
|-boost|p2a: Corviknight|def|1
|
|-weather|none
|upkeep
|turn|23
|
|move|p1a: Bisharp|Throat Chop|p2a: Corviknight
|-damage|p2a: Corviknight|21/100
|-damage|p1a: Bisharp|66/100|[from] item: Rocky Helmet|[of] p2a: Corviknight
|-start|p2a: Corviknight|Throat Chop|[silent]
|move|p2a: Corviknight|Body Press|p1a: Bisharp
|-supereffective|p1a: Bisharp
|-damage|p1a: Bisharp|0 fnt
|faint|p1a: Bisharp
|
|upkeep
|
|switch|p1a: Toxtricity|Toxtricity, M|100/100
|-damage|p1a: Toxtricity|88/100|[from] Stealth Rock
|-damage|p1a: Toxtricity|76/100|[from] Spikes
|turn|24
|
|switch|p2a: Seismitoad|Seismitoad, F|70/100 brn
|-damage|p2a: Seismitoad|57/100 brn|[from] Spikes
|-damage|p2a: Seismitoad|51/100 brn|[from] Stealth Rock
|move|p1a: Toxtricity|Overdrive|p2a: Seismitoad
|-immune|p2a: Seismitoad
|
|-heal|p2a: Seismitoad|57/100 brn|[from] item: Leftovers
|-damage|p2a: Seismitoad|51/100 brn|[from] brn
|upkeep
|turn|25
|
|move|p1a: Toxtricity|Boomburst|p2a: Seismitoad
|-damage|p2a: Seismitoad|2/100 brn
|-enditem|p1a: Toxtricity|Throat Spray
|-boost|p1a: Toxtricity|spa|1
|move|p2a: Seismitoad|Scald|p1a: Toxtricity
|-damage|p1a: Toxtricity|37/100
|
|-heal|p2a: Seismitoad|8/100 brn|[from] item: Leftovers
|-damage|p2a: Seismitoad|2/100 brn|[from] brn
|upkeep
|turn|26
|
|move|p1a: Toxtricity|Boomburst|p2a: Seismitoad
|-damage|p2a: Seismitoad|0 fnt
|faint|p2a: Seismitoad
|
|upkeep
|
|switch|p2a: Dragapult|Dragapult, F|76/100
|-damage|p2a: Dragapult|64/100|[from] Stealth Rock
|-damage|p2a: Dragapult|51/100|[from] Spikes
|turn|27
|
|move|p2a: Dragapult|Shadow Ball|p1a: Toxtricity
|-damage|p1a: Toxtricity|0 fnt
|faint|p1a: Toxtricity
|
|upkeep
|
|switch|p1a: Haxorus|Haxorus, M, shiny|100/100
|-damage|p1a: Haxorus|88/100|[from] Spikes
|-damage|p1a: Haxorus|76/100|[from] Stealth Rock
|-ability|p1a: Haxorus|Mold Breaker
|turn|28
|
|switch|p2a: Corviknight|Corviknight, F|21/100
|-damage|p2a: Corviknight|9/100|[from] Stealth Rock
|move|p1a: Haxorus|Dragon Claw|p2a: Corviknight
|-resisted|p2a: Corviknight
|-damage|p2a: Corviknight|0 fnt
|-damage|p1a: Haxorus|60/100|[from] item: Rocky Helmet|[of] p2a: Corviknight
|faint|p2a: Corviknight
|
|upkeep
|
|switch|p2a: Dragapult|Dragapult, F|51/100
|-damage|p2a: Dragapult|39/100|[from] Stealth Rock
|-damage|p2a: Dragapult|27/100|[from] Spikes
|turn|29
|
|move|p2a: Dragapult|Draco Meteor|p1a: Haxorus
|-supereffective|p1a: Haxorus
|-damage|p1a: Haxorus|0 fnt
|-unboost|p2a: Dragapult|spa|2
|faint|p1a: Haxorus
|
|win|taught him
|raw|Phill^aCup's rating: 1260 → 1236(-24 for losing)
|raw|taught him's rating: 1275 → 1299(+24 for winning)
|l|☆Phill^aCup
