|ScrapeTime|2020-01-02-06:15:16
|j|☆bigwhoops
|j|☆Dem0nz
|player|p1|bigwhoops|rood|1124
|player|p2|Dem0nz|279|1148
|teamsize|p1|6
|teamsize|p2|6
|gametype|singles
|gen|8
|tier|[Gen 8] OU
|rated|
|rule|Sleep Clause Mod: Limit one foe put to sleep
|rule|Species Clause: Limit one of each Pokémon
|rule|OHKO Clause: OHKO moves are banned
|rule|Evasion Moves Clause: Evasion moves are banned
|rule|Endless Battle Clause: Forcing endless battles is banned
|rule|HP Percentage Mod: HP is shown in percentages
|clearpoke
|poke|p1|Cinderace, F|
|poke|p1|Dragapult, M|
|poke|p1|Ferrothorn, F|
|poke|p1|Toxtricity, M|
|poke|p1|Grimmsnarl, M|
|poke|p1|Gastrodon, F|
|poke|p2|Roserade, M|
|poke|p2|Toxtricity-Low-Key, M|
|poke|p2|Gengar, F|
|poke|p2|Toxapex, F|
|poke|p2|Drapion, M|
|poke|p2|Qwilfish, F|
|rule|Dynamax Clause: You cannot dynamax
|teampreview
|
|start
|switch|p1a: Dragapult|Dragapult, M|100/100
|switch|p2a: Gengar|Gengar, F|100/100
|turn|1
|
|move|p2a: Gengar|Shadow Ball|p1a: Dragapult
|-supereffective|p1a: Dragapult
|-damage|p1a: Dragapult|0 fnt
|faint|p1a: Dragapult
|
|upkeep
|
|switch|p1a: Cinderace|Cinderace, F|100/100
|turn|2
|
|move|p1a: Cinderace|Sucker Punch|p2a: Gengar
|-supereffective|p2a: Gengar
|-damage|p2a: Gengar|0 fnt
|-damage|p1a: Cinderace|91/100|[from] item: Life Orb
|faint|p2a: Gengar
|
|upkeep
|
|switch|p2a: Qwilfish|Qwilfish, F|100/100
|-ability|p2a: Qwilfish|Intimidate|boost
|-unboost|p1a: Cinderace|atk|1
|turn|3
|
|switch|p1a: Toxtricity|Toxtricity, M|100/100
|move|p2a: Qwilfish|Thunder Wave|p1a: Toxtricity
|-immune|p1a: Toxtricity
|
|upkeep
|turn|4
|
|move|p2a: Qwilfish|Taunt|p1a: Toxtricity
|-start|p1a: Toxtricity|move: Taunt
|move|p1a: Toxtricity|Overdrive|p2a: Qwilfish
|-supereffective|p2a: Qwilfish
|-damage|p2a: Qwilfish|0 fnt
|faint|p2a: Qwilfish
|
|upkeep
|
|switch|p2a: Roserade|Roserade, M|100/100
|turn|5
|
|move|p2a: Roserade|Extrasensory|p1a: Toxtricity
|-supereffective|p1a: Toxtricity
|-damage|p1a: Toxtricity|0 fnt
|faint|p1a: Toxtricity
|
|upkeep
|
|switch|p1a: Cinderace|Cinderace, F|91/100
|turn|6
|
|switch|p2a: Toxapex|Toxapex, F|100/100
|move|p1a: Cinderace|Pyro Ball|p2a: Toxapex
|-resisted|p2a: Toxapex
|-damage|p2a: Toxapex|76/100
|-damage|p1a: Cinderace|81/100|[from] item: Life Orb
|
|-heal|p2a: Toxapex|82/100|[from] item: Black Sludge
|upkeep
|turn|7
|
|switch|p1a: Ferrothorn|Ferrothorn, F|100/100
|move|p2a: Toxapex|Scald|p1a: Ferrothorn
|-resisted|p1a: Ferrothorn
|-damage|p1a: Ferrothorn|93/100
|
|-heal|p2a: Toxapex|89/100|[from] item: Black Sludge
|upkeep
|turn|8
|
|move|p2a: Toxapex|Scald|p1a: Ferrothorn
|-resisted|p1a: Ferrothorn
|-damage|p1a: Ferrothorn|85/100
|move|p1a: Ferrothorn|Leech Seed|p2a: Toxapex
|-start|p2a: Toxapex|move: Leech Seed
|
|-heal|p2a: Toxapex|95/100|[from] item: Black Sludge
|-damage|p2a: Toxapex|82/100|[from] Leech Seed|[of] p1a: Ferrothorn
|-heal|p1a: Ferrothorn|96/100|[silent]
|upkeep
|turn|9
|
|move|p2a: Toxapex|Scald|p1a: Ferrothorn
|-resisted|p1a: Ferrothorn
|-damage|p1a: Ferrothorn|90/100
|move|p1a: Ferrothorn|Stealth Rock|p2a: Toxapex
|-sidestart|p2: Dem0nz|move: Stealth Rock
|
|-heal|p2a: Toxapex|89/100|[from] item: Black Sludge
|-damage|p2a: Toxapex|76/100|[from] Leech Seed|[of] p1a: Ferrothorn
|-heal|p1a: Ferrothorn|100/100|[silent]
|upkeep
|turn|10
|
|move|p2a: Toxapex|Scald|p1a: Ferrothorn
|-resisted|p1a: Ferrothorn
|-damage|p1a: Ferrothorn|93/100
|move|p1a: Ferrothorn|Bullet Seed|p2a: Toxapex
|-damage|p2a: Toxapex|71/100
|-damage|p2a: Toxapex|66/100
|-damage|p2a: Toxapex|61/100
|-hitcount|p2a: Toxapex|3
|
|-heal|p2a: Toxapex|68/100|[from] item: Black Sludge
|-damage|p2a: Toxapex|55/100|[from] Leech Seed|[of] p1a: Ferrothorn
|-heal|p1a: Ferrothorn|100/100|[silent]
|upkeep
|turn|11
|
|move|p2a: Toxapex|Scald|p1a: Ferrothorn
|-resisted|p1a: Ferrothorn
|-damage|p1a: Ferrothorn|93/100
|move|p1a: Ferrothorn|Bullet Seed|p2a: Toxapex
|-damage|p2a: Toxapex|50/100
|-damage|p2a: Toxapex|45/100
|-hitcount|p2a: Toxapex|2
|
|-heal|p2a: Toxapex|51/100|[from] item: Black Sludge
|-damage|p2a: Toxapex|39/100|[from] Leech Seed|[of] p1a: Ferrothorn
|-heal|p1a: Ferrothorn|100/100|[silent]
|upkeep
|turn|12
|
|move|p2a: Toxapex|Recover|p2a: Toxapex
|-heal|p2a: Toxapex|89/100
|move|p1a: Ferrothorn|Bullet Seed|p2a: Toxapex
|-damage|p2a: Toxapex|83/100
|-damage|p2a: Toxapex|78/100
|-crit|p2a: Toxapex
|-damage|p2a: Toxapex|71/100
|-damage|p2a: Toxapex|66/100
|-hitcount|p2a: Toxapex|4
|
|-heal|p2a: Toxapex|72/100|[from] item: Black Sludge
|-damage|p2a: Toxapex|59/100|[from] Leech Seed|[of] p1a: Ferrothorn
|upkeep
|turn|13
|inactive|Battle timer is ON: inactive players will automatically lose when time's up. (requested by bigwhoops)
|
|switch|p2a: Drapion|Drapion, M|100/100
|-damage|p2a: Drapion|88/100|[from] Stealth Rock
|switch|p1a: Gastrodon|Gastrodon, F|100/100
|
|-heal|p2a: Drapion|94/100|[from] item: Black Sludge
|upkeep
|turn|14
|
|move|p2a: Drapion|Knock Off|p1a: Gastrodon
|-crit|p1a: Gastrodon
|-damage|p1a: Gastrodon|32/100
|-enditem|p1a: Gastrodon|Rindo Berry|[from] move: Knock Off|[of] p2a: Drapion
|move|p1a: Gastrodon|Earth Power|p2a: Drapion
|-supereffective|p2a: Drapion
|-damage|p2a: Drapion|0 fnt
|faint|p2a: Drapion
|
|upkeep
|
|switch|p2a: Roserade|Roserade, M|100/100
|-damage|p2a: Roserade|88/100|[from] Stealth Rock
|turn|15
|
|switch|p1a: Ferrothorn|Ferrothorn, F|100/100
|move|p2a: Roserade|Shadow Ball|p1a: Ferrothorn
|-damage|p1a: Ferrothorn|63/100
|
|upkeep
|turn|16
|inactive|bigwhoops has 120 seconds left.
|c|☆bigwhoops|!weak roserade
|html|Roserade (ignoring abilities):Weaknesses: Fire, Flying, Ice, PsychicResistances: Electric, Fairy, Fighting, Grass, WaterImmunities: None
|
|move|p2a: Roserade|Shadow Ball|p1a: Ferrothorn
|-damage|p1a: Ferrothorn|31/100
|move|p1a: Ferrothorn|Leech Seed|p2a: Roserade
|-immune|p2a: Roserade
|
|upkeep
|turn|17
|
|move|p2a: Roserade|Shadow Ball|p1a: Ferrothorn
|-damage|p1a: Ferrothorn|0 fnt
|faint|p1a: Ferrothorn
|
|upkeep
|
|switch|p1a: Cinderace|Cinderace, F|81/100
|turn|18
|
|switch|p2a: Toxapex|Toxapex, F|93/100
|-damage|p2a: Toxapex|80/100|[from] Stealth Rock
|move|p1a: Cinderace|Pyro Ball|p2a: Toxapex
|-resisted|p2a: Toxapex
|-damage|p2a: Toxapex|57/100
|-damage|p1a: Cinderace|71/100|[from] item: Life Orb
|
|-heal|p2a: Toxapex|63/100|[from] item: Black Sludge
|upkeep
|turn|19
|
|switch|p1a: Gastrodon|Gastrodon, F|32/100
|move|p2a: Toxapex|Recover|p2a: Toxapex
|-heal|p2a: Toxapex|100/100
|
|upkeep
|turn|20
|
|move|p2a: Toxapex|Baneful Bunker|p2a: Toxapex
|-singleturn|p2a: Toxapex|move: Protect
|move|p1a: Gastrodon|Recover|p1a: Gastrodon
|-heal|p1a: Gastrodon|82/100
|
|upkeep
|turn|21
|
|switch|p2a: Roserade|Roserade, M|88/100
|-damage|p2a: Roserade|76/100|[from] Stealth Rock
|move|p1a: Gastrodon|Earth Power|p2a: Roserade
|-damage|p2a: Roserade|37/100
|
|upkeep
|turn|22
|inactive|Dem0nz has 120 seconds left.
|
|switch|p1a: Grimmsnarl|Grimmsnarl, M|100/100
|move|p2a: Roserade|Sludge Bomb|p1a: Grimmsnarl
|-supereffective|p1a: Grimmsnarl
|-damage|p1a: Grimmsnarl|0 fnt
|faint|p1a: Grimmsnarl
|
|upkeep
|
|switch|p1a: Cinderace|Cinderace, F|71/100
|turn|23
|
|switch|p2a: Toxapex|Toxapex, F|100/100
|-damage|p2a: Toxapex|88/100|[from] Stealth Rock
|move|p1a: Cinderace|Pyro Ball|p2a: Toxapex
|-resisted|p2a: Toxapex
|-damage|p2a: Toxapex|65/100
|-damage|p1a: Cinderace|61/100|[from] item: Life Orb
|
|-heal|p2a: Toxapex|71/100|[from] item: Black Sludge
|upkeep
|turn|24
|
|switch|p1a: Gastrodon|Gastrodon, F|82/100
|switch|p2a: Roserade|Roserade, M|37/100
|-damage|p2a: Roserade|25/100|[from] Stealth Rock
|
|upkeep
|turn|25
|
|switch|p1a: Cinderace|Cinderace, F|61/100
|move|p2a: Roserade|Energy Ball|p1a: Cinderace
|-resisted|p1a: Cinderace
|-damage|p1a: Cinderace|9/100
|
|upkeep
|turn|26
|
|switch|p1a: Gastrodon|Gastrodon, F|82/100
|switch|p2a: Toxtricity|Toxtricity-Low-Key, M|100/100
|-damage|p2a: Toxtricity|88/100|[from] Stealth Rock
|
|upkeep
|turn|27
|inactive|Dem0nz has 120 seconds left.
|
|move|p2a: Toxtricity|Boomburst|p1a: Gastrodon
|-damage|p1a: Gastrodon|19/100
|-enditem|p2a: Toxtricity|Throat Spray
|-boost|p2a: Toxtricity|spa|1
|move|p1a: Gastrodon|Earth Power|p2a: Toxtricity
|-supereffective|p2a: Toxtricity
|-damage|p2a: Toxtricity|0 fnt
|faint|p2a: Toxtricity
|
|upkeep
|
|switch|p2a: Roserade|Roserade, M|25/100
|-damage|p2a: Roserade|12/100|[from] Stealth Rock
|turn|28
|
|move|p2a: Roserade|Energy Ball|p1a: Gastrodon
|-supereffective|p1a: Gastrodon
|-damage|p1a: Gastrodon|0 fnt
|faint|p1a: Gastrodon
|
|upkeep
|
|switch|p1a: Cinderace|Cinderace, F|9/100
|turn|29
|
|switch|p2a: Toxapex|Toxapex, F|100/100
|-damage|p2a: Toxapex|88/100|[from] Stealth Rock
|move|p1a: Cinderace|Sucker Punch||[still]
|-fail|p1a: Cinderace
|
|-heal|p2a: Toxapex|94/100|[from] item: Black Sludge
|upkeep
|turn|30
|-message|bigwhoops forfeited.
|
|win|Dem0nz
|l|☆bigwhoops
|raw|bigwhoops's rating: 1124 → 1101(-23 for losing)
|raw|Dem0nz's rating: 1148 → 1171(+23 for winning)
