|ScrapeTime|2020-01-02-10:25:35
|j|☆Malanaki
|j|☆BRCY
|player|p1|Malanaki|2|1215
|player|p2|BRCY|169|1181
|teamsize|p1|6
|teamsize|p2|6
|gametype|singles
|gen|8
|tier|[Gen 8] OU
|rated|
|rule|Sleep Clause Mod: Limit one foe put to sleep
|rule|Species Clause: Limit one of each Pokémon
|rule|OHKO Clause: OHKO moves are banned
|rule|Evasion Moves Clause: Evasion moves are banned
|rule|Endless Battle Clause: Forcing endless battles is banned
|rule|HP Percentage Mod: HP is shown in percentages
|clearpoke
|poke|p1|Pincurchin, M|
|poke|p1|Hawlucha, F|
|poke|p1|Aegislash, M|
|poke|p1|Mamoswine, F|
|poke|p1|Torkoal, M|
|poke|p1|Orbeetle, F|
|poke|p2|Conkeldurr, M|
|poke|p2|Hydreigon, F|
|poke|p2|Ferrothorn, M|
|poke|p2|Ditto|
|poke|p2|Gyarados, F|
|poke|p2|Mew|
|rule|Dynamax Clause: You cannot dynamax
|teampreview
|inactive|Battle timer is ON: inactive players will automatically lose when time's up. (requested by Malanaki)
|
|start
|switch|p1a: Mamoswine|Mamoswine, F|100/100
|switch|p2a: Conkeldurr|Conkeldurr, M|100/100
|turn|1
|
|move|p1a: Mamoswine|Earthquake|p2a: Conkeldurr
|-damage|p2a: Conkeldurr|47/100
|move|p2a: Conkeldurr|Drain Punch|p1a: Mamoswine
|-supereffective|p1a: Mamoswine
|-damage|p1a: Mamoswine|6/100
|-heal|p2a: Conkeldurr|88/100|[from] drain|[of] p1a: Mamoswine
|
|upkeep
|turn|2
|
|move|p1a: Mamoswine|Earthquake|p2a: Conkeldurr
|-damage|p2a: Conkeldurr|35/100
|move|p2a: Conkeldurr|Drain Punch|p1a: Mamoswine
|-supereffective|p1a: Mamoswine
|-damage|p1a: Mamoswine|0 fnt
|-heal|p2a: Conkeldurr|38/100|[from] drain|[of] p1a: Mamoswine
|faint|p1a: Mamoswine
|
|upkeep
|
|switch|p1a: Orbeetle|Orbeetle, F|100/100
|-item|p2a: Conkeldurr|Assault Vest|[from] ability: Frisk|[of] p1a: Orbeetle|[identify]
|turn|3
|
|switch|p2a: Hydreigon|Hydreigon, F|100/100
|move|p1a: Orbeetle|Iron Defense|p1a: Orbeetle
|-boost|p1a: Orbeetle|def|2
|
|upkeep
|turn|4
|
|move|p2a: Hydreigon|Fire Blast|p1a: Orbeetle|[miss]
|-miss|p2a: Hydreigon|p1a: Orbeetle
|move|p1a: Orbeetle|Calm Mind|p1a: Orbeetle
|-boost|p1a: Orbeetle|spa|1
|-boost|p1a: Orbeetle|spd|1
|
|upkeep
|turn|5
|
|move|p2a: Hydreigon|Fire Blast|p1a: Orbeetle|[miss]
|-miss|p2a: Hydreigon|p1a: Orbeetle
|move|p1a: Orbeetle|Calm Mind|p1a: Orbeetle
|-boost|p1a: Orbeetle|spa|1
|-boost|p1a: Orbeetle|spd|1
|
|upkeep
|turn|6
|
|move|p2a: Hydreigon|Fire Blast|p1a: Orbeetle
|-supereffective|p1a: Orbeetle
|-damage|p1a: Orbeetle|53/100
|move|p1a: Orbeetle|Calm Mind|p1a: Orbeetle
|-boost|p1a: Orbeetle|spa|1
|-boost|p1a: Orbeetle|spd|1
|
|-heal|p1a: Orbeetle|59/100|[from] item: Leftovers
|upkeep
|turn|7
|
|move|p2a: Hydreigon|Fire Blast|p1a: Orbeetle
|-supereffective|p1a: Orbeetle
|-damage|p1a: Orbeetle|19/100
|move|p1a: Orbeetle|Recover|p1a: Orbeetle
|-heal|p1a: Orbeetle|69/100
|
|-heal|p1a: Orbeetle|75/100|[from] item: Leftovers
|upkeep
|turn|8
|
|move|p2a: Hydreigon|Fire Blast|p1a: Orbeetle
|-supereffective|p1a: Orbeetle
|-damage|p1a: Orbeetle|36/100
|move|p1a: Orbeetle|Recover|p1a: Orbeetle
|-heal|p1a: Orbeetle|86/100
|
|-heal|p1a: Orbeetle|92/100|[from] item: Leftovers
|upkeep
|turn|9
|
|move|p2a: Hydreigon|Fire Blast|p1a: Orbeetle
|-supereffective|p1a: Orbeetle
|-damage|p1a: Orbeetle|48/100
|move|p1a: Orbeetle|Calm Mind|p1a: Orbeetle
|-boost|p1a: Orbeetle|spa|1
|-boost|p1a: Orbeetle|spd|1
|
|-heal|p1a: Orbeetle|54/100|[from] item: Leftovers
|upkeep
|turn|10
|
|switch|p2a: Ferrothorn|Ferrothorn, M|100/100
|move|p1a: Orbeetle|Recover|p1a: Orbeetle
|-heal|p1a: Orbeetle|100/100
|
|upkeep
|turn|11
|
|move|p1a: Orbeetle|Iron Defense|p1a: Orbeetle
|-boost|p1a: Orbeetle|def|2
|move|p2a: Ferrothorn|Leech Seed|p1a: Orbeetle
|-start|p1a: Orbeetle|move: Leech Seed
|
|-damage|p1a: Orbeetle|88/100|[from] Leech Seed|[of] p2a: Ferrothorn
|upkeep
|turn|12
|
|move|p1a: Orbeetle|Iron Defense|p1a: Orbeetle
|-boost|p1a: Orbeetle|def|2
|move|p2a: Ferrothorn|Stealth Rock|p1a: Orbeetle
|-sidestart|p1: Malanaki|move: Stealth Rock
|
|-heal|p1a: Orbeetle|94/100|[from] item: Leftovers
|-damage|p1a: Orbeetle|82/100|[from] Leech Seed|[of] p2a: Ferrothorn
|upkeep
|turn|13
|
|move|p1a: Orbeetle|Recover|p1a: Orbeetle
|-heal|p1a: Orbeetle|100/100
|move|p2a: Ferrothorn|Gyro Ball|p1a: Orbeetle
|-damage|p1a: Orbeetle|91/100
|
|-heal|p1a: Orbeetle|97/100|[from] item: Leftovers
|-damage|p1a: Orbeetle|85/100|[from] Leech Seed|[of] p2a: Ferrothorn
|upkeep
|turn|14
|
|switch|p2a: Conkeldurr|Conkeldurr, M|38/100
|move|p1a: Orbeetle|Calm Mind|p1a: Orbeetle
|-boost|p1a: Orbeetle|spa|1
|-boost|p1a: Orbeetle|spd|1
|
|-heal|p1a: Orbeetle|91/100|[from] item: Leftovers
|-damage|p1a: Orbeetle|79/100|[from] Leech Seed|[of] p2a: Conkeldurr
|-heal|p2a: Conkeldurr|45/100|[silent]
|upkeep
|turn|15
|
|move|p1a: Orbeetle|Calm Mind|p1a: Orbeetle
|-boost|p1a: Orbeetle|spa|1
|-boost|p1a: Orbeetle|spd|1
|move|p2a: Conkeldurr|Rock Slide|p1a: Orbeetle
|-supereffective|p1a: Orbeetle
|-damage|p1a: Orbeetle|67/100
|
|-heal|p1a: Orbeetle|73/100|[from] item: Leftovers
|-damage|p1a: Orbeetle|61/100|[from] Leech Seed|[of] p2a: Conkeldurr
|-heal|p2a: Conkeldurr|53/100|[silent]
|upkeep
|turn|16
|
|move|p1a: Orbeetle|Recover|p1a: Orbeetle
|-heal|p1a: Orbeetle|100/100
|move|p2a: Conkeldurr|Rock Slide|p1a: Orbeetle
|-supereffective|p1a: Orbeetle
|-damage|p1a: Orbeetle|87/100
|
|-heal|p1a: Orbeetle|94/100|[from] item: Leftovers
|-damage|p1a: Orbeetle|81/100|[from] Leech Seed|[of] p2a: Conkeldurr
|-heal|p2a: Conkeldurr|61/100|[silent]
|upkeep
|turn|17
|
|move|p1a: Orbeetle|Stored Power|p2a: Conkeldurr
|-supereffective|p2a: Conkeldurr
|-damage|p2a: Conkeldurr|0 fnt
|faint|p2a: Conkeldurr
|
|-heal|p1a: Orbeetle|87/100|[from] item: Leftovers
|upkeep
|
|switch|p2a: Hydreigon|Hydreigon, F|100/100
|turn|18
|
|move|p2a: Hydreigon|Dark Pulse|p1a: Orbeetle
|-supereffective|p1a: Orbeetle
|-damage|p1a: Orbeetle|58/100
|cant|p1a: Orbeetle|flinch
|
|-heal|p1a: Orbeetle|64/100|[from] item: Leftovers
|-damage|p1a: Orbeetle|51/100|[from] Leech Seed|[of] p2a: Hydreigon
|upkeep
|turn|19
|
|move|p2a: Hydreigon|Dark Pulse|p1a: Orbeetle
|-supereffective|p1a: Orbeetle
|-damage|p1a: Orbeetle|24/100
|cant|p1a: Orbeetle|flinch
|
|-heal|p1a: Orbeetle|30/100|[from] item: Leftovers
|-damage|p1a: Orbeetle|18/100|[from] Leech Seed|[of] p2a: Hydreigon
|upkeep
|turn|20
|
|move|p2a: Hydreigon|Dark Pulse|p1a: Orbeetle
|-supereffective|p1a: Orbeetle
|-damage|p1a: Orbeetle|0 fnt
|faint|p1a: Orbeetle
|
|upkeep
|
|switch|p1a: Pincurchin|Pincurchin, M|100/100
|-damage|p1a: Pincurchin|88/100|[from] Stealth Rock
|-fieldstart|move: Electric Terrain|[from] ability: Electric Surge|[of] p1a: Pincurchin
|-enditem|p1a: Pincurchin|Electric Seed
|-boost|p1a: Pincurchin|def|1
|turn|21
|
|switch|p2a: Mew|Mew|100/100
|move|p1a: Pincurchin|Thunder Wave|p2a: Mew
|-status|p2a: Mew|par
|-activate|p2a: Mew|ability: Synchronize
|-immune|p1a: Pincurchin
|
|upkeep
|turn|22
|
|move|p2a: Mew|Will-O-Wisp|p1a: Pincurchin
|-status|p1a: Pincurchin|brn
|move|p1a: Pincurchin|Pin Missile|p2a: Mew
|-supereffective|p2a: Mew
|-damage|p2a: Mew|96/100 par
|-supereffective|p2a: Mew
|-damage|p2a: Mew|90/100 par
|-supereffective|p2a: Mew
|-damage|p2a: Mew|86/100 par
|-supereffective|p2a: Mew
|-crit|p2a: Mew
|-damage|p2a: Mew|78/100 par
|-hitcount|p2a: Mew|4
|
|-heal|p2a: Mew|84/100 par|[from] item: Leftovers
|-damage|p1a: Pincurchin|82/100 brn|[from] brn
|upkeep
|turn|23
|
|move|p2a: Mew|Psychic|p1a: Pincurchin
|-damage|p1a: Pincurchin|42/100 brn
|move|p1a: Pincurchin|Pin Missile|p2a: Mew
|-supereffective|p2a: Mew
|-damage|p2a: Mew|80/100 par
|-supereffective|p2a: Mew
|-damage|p2a: Mew|75/100 par
|-hitcount|p2a: Mew|2
|
|-heal|p2a: Mew|81/100 par|[from] item: Leftovers
|-damage|p1a: Pincurchin|36/100 brn|[from] brn
|upkeep
|turn|24
|
|cant|p2a: Mew|par
|move|p1a: Pincurchin|Memento|p2a: Mew
|-unboost|p2a: Mew|atk|2
|-unboost|p2a: Mew|spa|2
|faint|p1a: Pincurchin
|
|-heal|p2a: Mew|87/100 par|[from] item: Leftovers
|upkeep
|
|switch|p1a: Hawlucha|Hawlucha, F|100/100
|-damage|p1a: Hawlucha|88/100|[from] Stealth Rock
|-enditem|p1a: Hawlucha|Electric Seed
|-boost|p1a: Hawlucha|def|1
|turn|25
|
|move|p1a: Hawlucha|Substitute|p1a: Hawlucha
|-start|p1a: Hawlucha|Substitute
|-damage|p1a: Hawlucha|63/100
|cant|p2a: Mew|par
|
|-heal|p2a: Mew|94/100 par|[from] item: Leftovers
|-fieldend|move: Electric Terrain
|upkeep
|turn|26
|
|move|p1a: Hawlucha|Swords Dance|p1a: Hawlucha
|-boost|p1a: Hawlucha|atk|2
|move|p2a: Mew|U-turn|p1a: Hawlucha
|-resisted|p1a: Hawlucha
|-activate|p1a: Hawlucha|move: Substitute|[damage]
|
|switch|p2a: Ferrothorn|Ferrothorn, M|100/100|[from]move: U-turn
|
|upkeep
|turn|27
|
|move|p2a: Ferrothorn|Protect|p2a: Ferrothorn
|-singleturn|p2a: Ferrothorn|Protect
|move|p1a: Hawlucha|Close Combat|p2a: Ferrothorn
|-activate|p2a: Ferrothorn|move: Protect
|
|upkeep
|turn|28
|
|move|p1a: Hawlucha|Close Combat|p2a: Ferrothorn
|-supereffective|p2a: Ferrothorn
|-damage|p2a: Ferrothorn|0 fnt
|-damage|p1a: Hawlucha|51/100|[from] ability: Iron Barbs|[of] p2a: Ferrothorn
|-damage|p1a: Hawlucha|34/100|[from] item: Rocky Helmet|[of] p2a: Ferrothorn
|-unboost|p1a: Hawlucha|def|1
|-unboost|p1a: Hawlucha|spd|1
|faint|p2a: Ferrothorn
|
|upkeep
|
|switch|p2a: Mew|Mew|94/100 par
|turn|29
|
|move|p1a: Hawlucha|Acrobatics|p2a: Mew
|-damage|p2a: Mew|12/100 par
|cant|p2a: Mew|par
|
|-heal|p2a: Mew|18/100 par|[from] item: Leftovers
|upkeep
|turn|30
|
|move|p1a: Hawlucha|Acrobatics|p2a: Mew
|-crit|p2a: Mew
|-damage|p2a: Mew|0 fnt
|faint|p2a: Mew
|
|upkeep
|
|switch|p2a: Ditto|Ditto|100/100
|turn|31
|
|move|p1a: Hawlucha|Close Combat|p2a: Ditto
|-supereffective|p2a: Ditto
|-damage|p2a: Ditto|0 fnt
|-unboost|p1a: Hawlucha|def|1
|-unboost|p1a: Hawlucha|spd|1
|faint|p2a: Ditto
|
|upkeep
|
|switch|p2a: Gyarados|Gyarados, F|100/100
|turn|32
|
|move|p1a: Hawlucha|Acrobatics|p2a: Gyarados
|-damage|p2a: Gyarados|0 fnt
|faint|p2a: Gyarados
|
|upkeep
|
|switch|p2a: Hydreigon|Hydreigon, F|100/100
|turn|33
|
|move|p1a: Hawlucha|Close Combat|p2a: Hydreigon
|-supereffective|p2a: Hydreigon
|-damage|p2a: Hydreigon|0 fnt
|-unboost|p1a: Hawlucha|def|1
|-unboost|p1a: Hawlucha|spd|1
|faint|p2a: Hydreigon
|
|win|Malanaki
|raw|Malanaki's rating: 1215 → 1237(+22 for winning)
|raw|BRCY's rating: 1181 → 1158(-23 for losing)
|l|☆BRCY
