|ScrapeTime|2020-01-01-15:54:57
|j|☆Nabsuki
|j|☆jyai
|player|p1|Nabsuki|101|1590
|player|p2|jyai|preschoolerf|1650
|teamsize|p1|6
|teamsize|p2|6
|gametype|singles
|gen|8
|tier|[Gen 8] OU
|rated|
|rule|Sleep Clause Mod: Limit one foe put to sleep
|rule|Species Clause: Limit one of each Pokémon
|rule|OHKO Clause: OHKO moves are banned
|rule|Evasion Moves Clause: Evasion moves are banned
|rule|Endless Battle Clause: Forcing endless battles is banned
|rule|HP Percentage Mod: HP is shown in percentages
|clearpoke
|poke|p1|Gengar, M|
|poke|p1|Conkeldurr, F|
|poke|p1|Clefable, M|
|poke|p1|Mandibuzz, F|
|poke|p1|Rotom-Heat|
|poke|p1|Seismitoad, M|
|poke|p2|Toxtricity, M|
|poke|p2|Hydreigon, F|
|poke|p2|Corviknight, M|
|poke|p2|Clefable, F|
|poke|p2|Conkeldurr, M|
|poke|p2|Seismitoad, M|
|rule|Dynamax Clause: You cannot dynamax
|teampreview
|c|☆jyai|nk
|inactive|Battle timer is ON: inactive players will automatically lose when time's up. (requested by Nabsuki)
|
|start
|switch|p1a: Seismitoad|Seismitoad, M|100/100
|switch|p2a: Toxtricity|Toxtricity, M|100/100
|turn|1
|
|move|p1a: Seismitoad|Protect|p1a: Seismitoad
|-singleturn|p1a: Seismitoad|Protect
|move|p2a: Toxtricity|Boomburst|p1a: Seismitoad
|-activate|p1a: Seismitoad|move: Protect
|
|upkeep
|turn|2
|
|move|p2a: Toxtricity|Boomburst|p1a: Seismitoad
|-damage|p1a: Seismitoad|16/100
|move|p1a: Seismitoad|Stealth Rock|p2a: Toxtricity
|-sidestart|p2: jyai|move: Stealth Rock
|
|-heal|p1a: Seismitoad|22/100|[from] item: Leftovers
|upkeep
|turn|3
|
|switch|p2a: Corviknight|Corviknight, M|100/100
|-damage|p2a: Corviknight|88/100|[from] Stealth Rock
|-ability|p2a: Corviknight|Pressure
|switch|p1a: Gengar|Gengar, M|100/100
|
|-heal|p2a: Corviknight|94/100|[from] item: Leftovers
|upkeep
|turn|4
|
|move|p1a: Gengar|Trick|p2a: Corviknight
|-activate|p1a: Gengar|move: Trick|[of] p2a: Corviknight
|-item|p2a: Corviknight|Choice Scarf|[from] move: Trick
|-item|p1a: Gengar|Leftovers|[from] move: Trick
|move|p2a: Corviknight|Defog|p1a: Gengar
|-unboost|p1a: Gengar|evasion|1
|-sideend|p2: jyai|Stealth Rock|[from] move: Defog|[of] p2a: Corviknight
|
|upkeep
|turn|5
|
|switch|p2a: Hydreigon|Hydreigon, F|100/100
|move|p1a: Gengar|Nasty Plot|p1a: Gengar
|-boost|p1a: Gengar|spa|2
|
|upkeep
|turn|6
|
|switch|p1a: Mandibuzz|Mandibuzz, F|100/100
|move|p2a: Hydreigon|U-turn|p1a: Mandibuzz
|-damage|p1a: Mandibuzz|88/100
|
|switch|p2a: Clefable|Clefable, F|100/100|[from]move: U-turn
|
|upkeep
|turn|7
|
|switch|p1a: Rotom|Rotom-Heat|100/100
|move|p2a: Clefable|Moonblast|p1a: Rotom
|-resisted|p1a: Rotom
|-damage|p1a: Rotom|80/100
|
|upkeep
|turn|8
|
|switch|p2a: Hydreigon|Hydreigon, F|100/100
|move|p1a: Rotom|Nasty Plot|p1a: Rotom
|-boost|p1a: Rotom|spa|2
|
|upkeep
|turn|9
|
|switch|p1a: Clefable|Clefable, M|100/100
|move|p2a: Hydreigon|Draco Meteor|p1a: Clefable
|-immune|p1a: Clefable
|
|upkeep
|turn|10
|
|switch|p2a: Corviknight|Corviknight, M|94/100
|-ability|p2a: Corviknight|Pressure
|move|p1a: Clefable|Moonblast|p2a: Corviknight
|-resisted|p2a: Corviknight
|-damage|p2a: Corviknight|70/100
|
|upkeep
|turn|11
|
|move|p2a: Corviknight|U-turn|p1a: Clefable
|-resisted|p1a: Clefable
|-damage|p1a: Clefable|92/100
|
|switch|p2a: Clefable|Clefable, F|100/100|[from]move: U-turn
|move|p1a: Clefable|Moonblast|p2a: Clefable
|-damage|p2a: Clefable|63/100
|
|-heal|p2a: Clefable|70/100|[from] item: Leftovers
|upkeep
|turn|12
|
|switch|p1a: Gengar|Gengar, M|100/100
|move|p2a: Clefable|Wish|p2a: Clefable
|
|-heal|p2a: Clefable|76/100|[from] item: Leftovers
|upkeep
|turn|13
|
|switch|p1a: Mandibuzz|Mandibuzz, F|88/100
|switch|p2a: Corviknight|Corviknight, M|70/100
|-ability|p2a: Corviknight|Pressure
|
|-heal|p2a: Corviknight|100/100|[from] move: Wish|[wisher] Clefable
|upkeep
|turn|14
|
|move|p2a: Corviknight|Iron Head|p1a: Mandibuzz
|-damage|p1a: Mandibuzz|70/100
|cant|p1a: Mandibuzz|flinch
|
|upkeep
|turn|15
|
|switch|p2a: Toxtricity|Toxtricity, M|100/100
|move|p1a: Mandibuzz|U-turn|p2a: Toxtricity
|-resisted|p2a: Toxtricity
|-damage|p2a: Toxtricity|92/100
|
|switch|p1a: Seismitoad|Seismitoad, M|22/100|[from]move: U-turn
|
|-heal|p1a: Seismitoad|28/100|[from] item: Leftovers
|upkeep
|turn|16
|
|move|p1a: Seismitoad|Protect|p1a: Seismitoad
|-singleturn|p1a: Seismitoad|Protect
|move|p2a: Toxtricity|Snarl|p1a: Seismitoad
|-activate|p1a: Seismitoad|move: Protect
|
|-heal|p1a: Seismitoad|34/100|[from] item: Leftovers
|upkeep
|turn|17
|
|switch|p2a: Conkeldurr|Conkeldurr, M|100/100
|switch|p1a: Mandibuzz|Mandibuzz, F|70/100
|
|-status|p2a: Conkeldurr|brn|[from] item: Flame Orb
|upkeep
|turn|18
|
|move|p1a: Mandibuzz|U-turn|p2a: Conkeldurr
|-resisted|p2a: Conkeldurr
|-damage|p2a: Conkeldurr|95/100 brn
|
|switch|p1a: Rotom|Rotom-Heat|80/100|[from]move: U-turn
|move|p2a: Conkeldurr|Thunder Punch|p1a: Rotom
|-resisted|p1a: Rotom
|-damage|p1a: Rotom|50/100
|
|-damage|p2a: Conkeldurr|89/100 brn|[from] brn
|upkeep
|turn|19
|
|switch|p1a: Clefable|Clefable, M|92/100
|switch|p2a: Seismitoad|Seismitoad, M|100/100
|
|upkeep
|turn|20
|
|move|p2a: Seismitoad|Stealth Rock|p1a: Clefable
|-sidestart|p1: Nabsuki|move: Stealth Rock
|move|p1a: Clefable|Moonblast|p2a: Seismitoad
|-damage|p2a: Seismitoad|43/100
|
|-heal|p2a: Seismitoad|49/100|[from] item: Leftovers
|upkeep
|turn|21
|
|switch|p2a: Toxtricity|Toxtricity, M|92/100
|switch|p1a: Seismitoad|Seismitoad, M|34/100
|-damage|p1a: Seismitoad|28/100|[from] Stealth Rock
|
|-heal|p1a: Seismitoad|34/100|[from] item: Leftovers
|upkeep
|turn|22
|
|move|p1a: Seismitoad|Protect|p1a: Seismitoad
|-singleturn|p1a: Seismitoad|Protect
|move|p2a: Toxtricity|Snarl|p1a: Seismitoad
|-activate|p1a: Seismitoad|move: Protect
|
|-heal|p1a: Seismitoad|40/100|[from] item: Leftovers
|upkeep
|turn|23
|
|move|p2a: Toxtricity|Snarl|p1a: Seismitoad
|-damage|p1a: Seismitoad|7/100
|-unboost|p1a: Seismitoad|spa|1
|move|p1a: Seismitoad|Stealth Rock|p2a: Toxtricity
|-sidestart|p2: jyai|move: Stealth Rock
|
|-heal|p1a: Seismitoad|13/100|[from] item: Leftovers
|upkeep
|turn|24
|
|move|p1a: Seismitoad|Protect|p1a: Seismitoad
|-singleturn|p1a: Seismitoad|Protect
|move|p2a: Toxtricity|Snarl|p1a: Seismitoad
|-activate|p1a: Seismitoad|move: Protect
|
|-heal|p1a: Seismitoad|19/100|[from] item: Leftovers
|upkeep
|turn|25
|
|switch|p2a: Clefable|Clefable, F|76/100
|switch|p1a: Clefable|Clefable, M|92/100
|
|-heal|p2a: Clefable|82/100|[from] item: Leftovers
|upkeep
|turn|26
|
|move|p2a: Clefable|Protect|p2a: Clefable
|-singleturn|p2a: Clefable|Protect
|move|p1a: Clefable|Moonblast|p2a: Clefable
|-activate|p2a: Clefable|move: Protect
|
|-heal|p2a: Clefable|88/100|[from] item: Leftovers
|upkeep
|turn|27
|
|move|p1a: Clefable|Moonblast|p2a: Clefable
|-damage|p2a: Clefable|53/100
|-unboost|p2a: Clefable|spa|1
|move|p2a: Clefable|Wish|p2a: Clefable
|
|-heal|p2a: Clefable|59/100|[from] item: Leftovers
|upkeep
|turn|28
|
|move|p1a: Clefable|Moonblast|p2a: Clefable
|-crit|p2a: Clefable
|-damage|p2a: Clefable|3/100
|move|p2a: Clefable|Thunder Wave|p1a: Clefable
|-status|p1a: Clefable|par
|
|-heal|p2a: Clefable|53/100|[from] move: Wish|[wisher] Clefable
|-heal|p2a: Clefable|59/100|[from] item: Leftovers
|upkeep
|turn|29
|
|switch|p1a: Gengar|Gengar, M|100/100
|-damage|p1a: Gengar|88/100|[from] Stealth Rock
|move|p2a: Clefable|Wish|p2a: Clefable
|
|-heal|p1a: Gengar|94/100|[from] item: Leftovers
|-heal|p2a: Clefable|65/100|[from] item: Leftovers
|upkeep
|turn|30
|
|switch|p2a: Seismitoad|Seismitoad, M|49/100
|-damage|p2a: Seismitoad|43/100|[from] Stealth Rock
|move|p1a: Gengar|Nasty Plot|p1a: Gengar
|-boost|p1a: Gengar|spa|2
|
|-heal|p2a: Seismitoad|91/100|[from] move: Wish|[wisher] Clefable
|-heal|p1a: Gengar|99/100|[from] item: Leftovers
|-heal|p2a: Seismitoad|97/100|[from] item: Leftovers
|upkeep
|turn|31
|
|move|p1a: Gengar|Shadow Ball|p2a: Seismitoad
|-damage|p2a: Seismitoad|15/100
|move|p2a: Seismitoad|Earthquake|p1a: Gengar
|-supereffective|p1a: Gengar
|-damage|p1a: Gengar|0 fnt
|faint|p1a: Gengar
|
|-heal|p2a: Seismitoad|22/100|[from] item: Leftovers
|upkeep
|
|switch|p1a: Conkeldurr|Conkeldurr, F|100/100
|-damage|p1a: Conkeldurr|94/100|[from] Stealth Rock
|turn|32
|
|move|p2a: Seismitoad|Toxic|p1a: Conkeldurr
|-status|p1a: Conkeldurr|tox
|move|p1a: Conkeldurr|Drain Punch|p2a: Seismitoad
|-damage|p2a: Seismitoad|0 fnt
|-heal|p1a: Conkeldurr|100/100 tox|[from] drain|[of] p2a: Seismitoad
|faint|p2a: Seismitoad
|
|-damage|p1a: Conkeldurr|94/100 tox|[from] psn
|upkeep
|
|switch|p2a: Clefable|Clefable, F|65/100
|turn|33
|
|move|p1a: Conkeldurr|Earthquake|p2a: Clefable
|-damage|p2a: Clefable|0 fnt
|faint|p2a: Clefable
|
|-damage|p1a: Conkeldurr|82/100 tox|[from] psn
|upkeep
|
|switch|p2a: Toxtricity|Toxtricity, M|92/100
|-damage|p2a: Toxtricity|80/100|[from] Stealth Rock
|turn|34
|
|switch|p1a: Seismitoad|Seismitoad, M|19/100
|-damage|p1a: Seismitoad|13/100|[from] Stealth Rock
|move|p2a: Toxtricity|Boomburst|p1a: Seismitoad
|-damage|p1a: Seismitoad|0 fnt
|faint|p1a: Seismitoad
|
|upkeep
|
|switch|p1a: Rotom|Rotom-Heat|50/100
|turn|35
|
|switch|p2a: Hydreigon|Hydreigon, F|100/100
|-damage|p2a: Hydreigon|88/100|[from] Stealth Rock
|move|p1a: Rotom|Overheat|p2a: Hydreigon
|-resisted|p2a: Hydreigon
|-damage|p2a: Hydreigon|55/100
|-unboost|p1a: Rotom|spa|2
|
|upkeep
|turn|36
|
|switch|p1a: Clefable|Clefable, M|92/100 par
|move|p2a: Hydreigon|U-turn|p1a: Clefable
|-resisted|p1a: Clefable
|-damage|p1a: Clefable|83/100 par
|
|switch|p2a: Toxtricity|Toxtricity, M|80/100|[from]move: U-turn
|-damage|p2a: Toxtricity|67/100|[from] Stealth Rock
|
|upkeep
|turn|37
|
|switch|p1a: Mandibuzz|Mandibuzz, F|70/100
|move|p2a: Toxtricity|Boomburst|p1a: Mandibuzz
|-damage|p1a: Mandibuzz|15/100
|
|upkeep
|turn|38
|
|move|p2a: Toxtricity|Boomburst|p1a: Mandibuzz
|-damage|p1a: Mandibuzz|0 fnt
|faint|p1a: Mandibuzz
|
|upkeep
|
|switch|p1a: Rotom|Rotom-Heat|50/100
|turn|39
|
|switch|p2a: Conkeldurr|Conkeldurr, M|89/100 brn
|-damage|p2a: Conkeldurr|83/100 brn|[from] Stealth Rock
|move|p1a: Rotom|Overheat|p2a: Conkeldurr
|-damage|p2a: Conkeldurr|0 fnt
|-unboost|p1a: Rotom|spa|2
|faint|p2a: Conkeldurr
|
|upkeep
|
|switch|p2a: Toxtricity|Toxtricity, M|67/100
|-damage|p2a: Toxtricity|55/100|[from] Stealth Rock
|turn|40
|
|move|p1a: Rotom|Overheat|p2a: Toxtricity
|-damage|p2a: Toxtricity|7/100
|-unboost|p1a: Rotom|spa|2
|move|p2a: Toxtricity|Boomburst|p1a: Rotom
|-damage|p1a: Rotom|0 fnt
|faint|p1a: Rotom
|
|upkeep
|
|switch|p1a: Conkeldurr|Conkeldurr, F|82/100 tox
|-damage|p1a: Conkeldurr|76/100 tox|[from] Stealth Rock
|turn|41
|
|switch|p2a: Corviknight|Corviknight, M|100/100
|-damage|p2a: Corviknight|88/100|[from] Stealth Rock
|-ability|p2a: Corviknight|Pressure
|move|p1a: Conkeldurr|Mach Punch|p2a: Corviknight
|-damage|p2a: Corviknight|56/100
|
|-damage|p1a: Conkeldurr|70/100 tox|[from] psn
|upkeep
|turn|42
|
|move|p2a: Corviknight|Iron Head|p1a: Conkeldurr
|-damage|p1a: Conkeldurr|46/100 tox
|move|p1a: Conkeldurr|Drain Punch|p2a: Corviknight
|-damage|p2a: Corviknight|1/100
|-heal|p1a: Conkeldurr|75/100 tox|[from] drain|[of] p2a: Corviknight
|
|-damage|p1a: Conkeldurr|63/100 tox|[from] psn
|upkeep
|turn|43
|
|move|p1a: Conkeldurr|Mach Punch|p2a: Corviknight
|-damage|p2a: Corviknight|0 fnt
|faint|p2a: Corviknight
|
|-damage|p1a: Conkeldurr|45/100 tox|[from] psn
|upkeep
|
|switch|p2a: Hydreigon|Hydreigon, F|55/100
|-damage|p2a: Hydreigon|43/100|[from] Stealth Rock
|turn|44
|
|move|p1a: Conkeldurr|Mach Punch|p2a: Hydreigon
|-supereffective|p2a: Hydreigon
|-damage|p2a: Hydreigon|0 fnt
|faint|p2a: Hydreigon
|
|-damage|p1a: Conkeldurr|21/100 tox|[from] psn
|upkeep
|-message|jyai forfeited.
|
|win|Nabsuki
|l|☆jyai
|raw|Nabsuki's rating: 1590 → 1614(+24 for winning)
|raw|jyai's rating: 1650 → 1627(-23 for losing)
