|ScrapeTime|2020-01-02-08:54:52
|j|☆NoobOnALaptop
|j|☆shuvi302
|player|p1|NoobOnALaptop|266|1481
|player|p2|shuvi302|266|1410
|teamsize|p1|6
|teamsize|p2|6
|gametype|singles
|gen|8
|tier|[Gen 8] OU
|rated|
|rule|Sleep Clause Mod: Limit one foe put to sleep
|rule|Species Clause: Limit one of each Pokémon
|rule|OHKO Clause: OHKO moves are banned
|rule|Evasion Moves Clause: Evasion moves are banned
|rule|Endless Battle Clause: Forcing endless battles is banned
|rule|HP Percentage Mod: HP is shown in percentages
|clearpoke
|poke|p1|Torkoal, F|
|poke|p1|Charizard, F|
|poke|p1|Cinderace, F|
|poke|p1|Seismitoad, M|
|poke|p1|Dugtrio, F|
|poke|p1|Mandibuzz, F|
|poke|p2|Corviknight, M|
|poke|p2|Toxapex, F|
|poke|p2|Clefable, M|
|poke|p2|Dragapult, F|
|poke|p2|Rotom-Heat|
|poke|p2|Ferrothorn, F|
|rule|Dynamax Clause: You cannot dynamax
|teampreview
|inactive|Battle timer is ON: inactive players will automatically lose when time's up. (requested by NoobOnALaptop)
|
|start
|switch|p1a: Torkoal|Torkoal, F|100/100
|switch|p2a: Toxapex|Toxapex, F|100/100
|-weather|SunnyDay|[from] ability: Drought|[of] p1a: Torkoal
|turn|1
|
|move|p2a: Toxapex|Toxic|p1a: Torkoal
|-status|p1a: Torkoal|tox
|move|p1a: Torkoal|Stealth Rock|p2a: Toxapex
|-sidestart|p2: shuvi302|move: Stealth Rock
|
|-weather|SunnyDay|[upkeep]
|-damage|p1a: Torkoal|94/100 tox|[from] psn
|upkeep
|turn|2
|
|switch|p1a: Dugtrio|Dugtrio, F|100/100
|move|p2a: Toxapex|Toxic|p1a: Dugtrio
|-status|p1a: Dugtrio|tox
|
|-weather|SunnyDay|[upkeep]
|-damage|p1a: Dugtrio|94/100 tox|[from] psn
|upkeep
|turn|3
|
|move|p1a: Dugtrio|Earthquake|p2a: Toxapex
|-supereffective|p2a: Toxapex
|-damage|p2a: Toxapex|39/100
|move|p2a: Toxapex|Recover|p2a: Toxapex
|-heal|p2a: Toxapex|89/100
|
|-weather|SunnyDay|[upkeep]
|-heal|p2a: Toxapex|96/100|[from] item: Black Sludge
|-damage|p1a: Dugtrio|82/100 tox|[from] psn
|upkeep
|turn|4
|
|move|p1a: Dugtrio|Earthquake|p2a: Toxapex
|-supereffective|p2a: Toxapex
|-damage|p2a: Toxapex|36/100
|move|p2a: Toxapex|Recover|p2a: Toxapex
|-heal|p2a: Toxapex|86/100
|
|-weather|SunnyDay|[upkeep]
|-heal|p2a: Toxapex|92/100|[from] item: Black Sludge
|-damage|p1a: Dugtrio|64/100 tox|[from] psn
|upkeep
|turn|5
|
|switch|p1a: Seismitoad|Seismitoad, M|100/100
|move|p2a: Toxapex|Recover|p2a: Toxapex
|-heal|p2a: Toxapex|100/100
|
|-weather|SunnyDay|[upkeep]
|upkeep
|turn|6
|
|move|p1a: Seismitoad|Earth Power|p2a: Toxapex
|-supereffective|p2a: Toxapex
|-damage|p2a: Toxapex|51/100
|move|p2a: Toxapex|Toxic|p1a: Seismitoad
|-status|p1a: Seismitoad|tox
|
|-weather|SunnyDay|[upkeep]
|-heal|p2a: Toxapex|57/100|[from] item: Black Sludge
|-damage|p1a: Seismitoad|94/100 tox|[from] psn
|upkeep
|turn|7
|
|switch|p1a: Torkoal|Torkoal, F|94/100 tox
|switch|p2a: Ferrothorn|Ferrothorn, F|100/100
|-damage|p2a: Ferrothorn|94/100|[from] Stealth Rock
|
|-weather|SunnyDay|[upkeep]
|-heal|p2a: Ferrothorn|100/100|[from] item: Leftovers
|-damage|p1a: Torkoal|88/100 tox|[from] psn
|upkeep
|turn|8
|
|switch|p2a: Toxapex|Toxapex, F|91/100
|-damage|p2a: Toxapex|78/100|[from] Stealth Rock
|move|p1a: Torkoal|Yawn|p2a: Toxapex
|-start|p2a: Toxapex|move: Yawn|[of] p1a: Torkoal
|
|-weather|none
|-heal|p2a: Toxapex|84/100|[from] item: Black Sludge
|-damage|p1a: Torkoal|76/100 tox|[from] psn
|upkeep
|turn|9
|
|switch|p2a: Corviknight|Corviknight, M|100/100
|-damage|p2a: Corviknight|88/100|[from] Stealth Rock
|-ability|p2a: Corviknight|Pressure
|switch|p1a: Cinderace|Cinderace, F|100/100
|
|-heal|p2a: Corviknight|94/100|[from] item: Leftovers
|upkeep
|turn|10
|
|switch|p2a: Toxapex|Toxapex, F|100/100
|-damage|p2a: Toxapex|88/100|[from] Stealth Rock
|move|p1a: Cinderace|U-turn|p2a: Toxapex
|-resisted|p2a: Toxapex
|-damage|p2a: Toxapex|81/100
|
|switch|p1a: Torkoal|Torkoal, F|76/100 tox|[from]move: U-turn
|-weather|SunnyDay|[from] ability: Drought|[of] p1a: Torkoal
|
|-weather|SunnyDay|[upkeep]
|-heal|p2a: Toxapex|88/100|[from] item: Black Sludge
|-damage|p1a: Torkoal|70/100 tox|[from] psn
|upkeep
|turn|11
|
|move|p2a: Toxapex|Scald|p1a: Torkoal
|-supereffective|p1a: Torkoal
|-damage|p1a: Torkoal|55/100 tox
|move|p1a: Torkoal|Yawn|p2a: Toxapex
|-start|p2a: Toxapex|move: Yawn|[of] p1a: Torkoal
|
|-weather|SunnyDay|[upkeep]
|-heal|p2a: Toxapex|94/100|[from] item: Black Sludge
|-damage|p1a: Torkoal|43/100 tox|[from] psn
|upkeep
|turn|12
|
|switch|p2a: Corviknight|Corviknight, M|94/100
|-damage|p2a: Corviknight|82/100|[from] Stealth Rock
|-ability|p2a: Corviknight|Pressure
|switch|p1a: Charizard|Charizard, F|100/100
|
|-weather|SunnyDay|[upkeep]
|-damage|p1a: Charizard|88/100|[from] ability: Solar Power|[of] p1a: Charizard
|-heal|p2a: Corviknight|88/100|[from] item: Leftovers
|upkeep
|turn|13
|
|switch|p2a: Toxapex|Toxapex, F|100/100
|-damage|p2a: Toxapex|88/100|[from] Stealth Rock
|move|p1a: Charizard|Fire Blast|p2a: Toxapex
|-resisted|p2a: Toxapex
|-damage|p2a: Toxapex|30/100
|
|-weather|SunnyDay|[upkeep]
|-damage|p1a: Charizard|76/100|[from] ability: Solar Power|[of] p1a: Charizard
|-heal|p2a: Toxapex|36/100|[from] item: Black Sludge
|upkeep
|turn|14
|
|switch|p2a: Dragapult|Dragapult, F|100/100
|-damage|p2a: Dragapult|88/100|[from] Stealth Rock
|move|p1a: Charizard|Fire Blast|p2a: Dragapult|[miss]
|-miss|p1a: Charizard|p2a: Dragapult
|
|-weather|SunnyDay|[upkeep]
|-damage|p1a: Charizard|63/100|[from] ability: Solar Power|[of] p1a: Charizard
|upkeep
|turn|15
|
|switch|p1a: Mandibuzz|Mandibuzz, F|100/100
|move|p2a: Dragapult|Draco Meteor|p1a: Mandibuzz
|-damage|p1a: Mandibuzz|67/100
|-unboost|p2a: Dragapult|spa|2
|
|-weather|SunnyDay|[upkeep]
|upkeep
|turn|16
|
|move|p2a: Dragapult|U-turn|p1a: Mandibuzz
|-damage|p1a: Mandibuzz|55/100
|
|switch|p2a: Toxapex|Toxapex, F|69/100|[from]move: U-turn
|-damage|p2a: Toxapex|57/100|[from] Stealth Rock
|move|p1a: Mandibuzz|U-turn|p2a: Toxapex
|-resisted|p2a: Toxapex
|-damage|p2a: Toxapex|53/100
|
|switch|p1a: Charizard|Charizard, F|63/100|[from]move: U-turn
|
|-weather|SunnyDay|[upkeep]
|-damage|p1a: Charizard|51/100|[from] ability: Solar Power|[of] p1a: Charizard
|-heal|p2a: Toxapex|60/100|[from] item: Black Sludge
|upkeep
|turn|17
|
|move|p1a: Charizard|Fire Blast|p2a: Toxapex
|-resisted|p2a: Toxapex
|-damage|p2a: Toxapex|8/100
|move|p2a: Toxapex|Recover|p2a: Toxapex
|-heal|p2a: Toxapex|58/100
|
|-weather|none
|-heal|p2a: Toxapex|64/100|[from] item: Black Sludge
|upkeep
|turn|18
|
|switch|p1a: Torkoal|Torkoal, F|43/100 tox
|-weather|SunnyDay|[from] ability: Drought|[of] p1a: Torkoal
|move|p2a: Toxapex|Scald|p1a: Torkoal
|-supereffective|p1a: Torkoal
|-damage|p1a: Torkoal|27/100 tox
|
|-weather|SunnyDay|[upkeep]
|-heal|p2a: Toxapex|70/100|[from] item: Black Sludge
|-damage|p1a: Torkoal|21/100 tox|[from] psn
|upkeep
|turn|19
|
|switch|p2a: Ferrothorn|Ferrothorn, F|100/100
|-damage|p2a: Ferrothorn|94/100|[from] Stealth Rock
|move|p1a: Torkoal|Yawn|p2a: Ferrothorn
|-start|p2a: Ferrothorn|move: Yawn|[of] p1a: Torkoal
|
|-weather|SunnyDay|[upkeep]
|-heal|p2a: Ferrothorn|100/100|[from] item: Leftovers
|-damage|p1a: Torkoal|9/100 tox|[from] psn
|upkeep
|turn|20
|
|switch|p2a: Toxapex|Toxapex, F|100/100
|-damage|p2a: Toxapex|88/100|[from] Stealth Rock
|move|p1a: Torkoal|Lava Plume|p2a: Toxapex
|-resisted|p2a: Toxapex
|-damage|p2a: Toxapex|73/100
|
|-weather|SunnyDay|[upkeep]
|-heal|p2a: Toxapex|79/100|[from] item: Black Sludge
|-damage|p1a: Torkoal|0 fnt|[from] psn
|faint|p1a: Torkoal
|upkeep
|-message|NoobOnALaptop forfeited.
|
|win|shuvi302
|l|☆NoobOnALaptop
|raw|NoobOnALaptop's rating: 1482 → 1458(-24 for losing)
|raw|shuvi302's rating: 1410 → 1434(+24 for winning)
