|ScrapeTime|2020-01-03-01:14:47
|j|☆Sir Isaac Mewton
|j|☆i sniff elmers
|player|p1|Sir Isaac Mewton|267|1769
|player|p2|i sniff elmers|170|1748
|teamsize|p1|6
|teamsize|p2|6
|gametype|singles
|gen|8
|tier|[Gen 8] OU
|rated|
|rule|Sleep Clause Mod: Limit one foe put to sleep
|rule|Species Clause: Limit one of each Pokémon
|rule|OHKO Clause: OHKO moves are banned
|rule|Evasion Moves Clause: Evasion moves are banned
|rule|Endless Battle Clause: Forcing endless battles is banned
|rule|HP Percentage Mod: HP is shown in percentages
|clearpoke
|poke|p1|Aegislash, M|
|poke|p1|Hydreigon, M|
|poke|p1|Corsola-Galar, M|
|poke|p1|Ferrothorn, F|
|poke|p1|Toxapex, F|
|poke|p1|Ditto|
|poke|p2|Dragapult, M|
|poke|p2|Dracozolt|
|poke|p2|Conkeldurr, M|
|poke|p2|Vaporeon, M|
|poke|p2|Mandibuzz, F|
|poke|p2|Coalossal, M|
|rule|Dynamax Clause: You cannot dynamax
|teampreview
|
|start
|switch|p1a: Hgon|Hydreigon, M|100/100
|switch|p2a: Dracozolt|Dracozolt|100/100
|turn|1
|j| steven 2222
|
|switch|p2a: Mandibuzz|Mandibuzz, F|100/100
|move|p1a: Hgon|Draco Meteor|p2a: Mandibuzz
|-damage|p2a: Mandibuzz|61/100
|-unboost|p1a: Hgon|spa|2
|
|upkeep
|turn|2
|
|switch|p2a: Dracozolt|Dracozolt|100/100
|move|p1a: Hgon|U-turn|p2a: Dracozolt
|-damage|p2a: Dracozolt|82/100
|
|switch|p1a: Ditt|Ditto|100/100|[from]move: U-turn
|-transform|p1a: Ditt|p2a: Dracozolt|[from] ability: Imposter
|
|-heal|p2a: Dracozolt|89/100|[from] item: Leftovers
|upkeep
|turn|3
|j| RomeXIV
|j| JKongh
|
|switch|p2a: Vaporeon|Vaporeon, M|100/100
|move|p1a: Ditt|Dragon Claw|p2a: Vaporeon
|-damage|p2a: Vaporeon|72/100
|
|-heal|p2a: Vaporeon|78/100|[from] item: Leftovers
|upkeep
|turn|4
|
|switch|p1a: Fert|Ferrothorn, F|100/100
|move|p2a: Vaporeon|Scald|p1a: Fert
|-resisted|p1a: Fert
|-damage|p1a: Fert|89/100
|-status|p1a: Fert|brn
|
|-heal|p2a: Vaporeon|85/100|[from] item: Leftovers
|-heal|p1a: Fert|96/100 brn|[from] item: Leftovers
|-damage|p1a: Fert|89/100 brn|[from] brn
|upkeep
|turn|5
|
|switch|p2a: Conkeldurr|Conkeldurr, M|100/100
|move|p1a: Fert|Spikes|p2a: Conkeldurr
|-sidestart|p2: i sniff elmers|Spikes
|
|-heal|p1a: Fert|96/100 brn|[from] item: Leftovers
|-damage|p1a: Fert|89/100 brn|[from] brn
|-status|p2a: Conkeldurr|brn|[from] item: Flame Orb
|upkeep
|turn|6
|
|switch|p1a: Cola|Corsola-Galar, M|100/100
|move|p2a: Conkeldurr|Earthquake|p1a: Cola
|-damage|p1a: Cola|72/100
|-start|p2a: Conkeldurr|Disable|Earthquake|[from] ability: Cursed Body|[of] p1a: Cola
|
|-damage|p2a: Conkeldurr|95/100 brn|[from] brn
|upkeep
|turn|7
|
|switch|p2a: Coalossal|Coalossal, M|100/100
|switch|p1a: Toxe|Toxapex, F|100/100
|
|upkeep
|turn|8
|
|switch|p2a: Mandibuzz|Mandibuzz, F|61/100
|move|p1a: Toxe|Toxic|p2a: Mandibuzz
|-status|p2a: Mandibuzz|tox
|
|-damage|p2a: Mandibuzz|55/100 tox|[from] psn
|upkeep
|turn|9
|
|switch|p1a: Fert|Ferrothorn, F|89/100 brn
|move|p2a: Mandibuzz|Roost|p2a: Mandibuzz
|-heal|p2a: Mandibuzz|100/100 tox
|-singleturn|p2a: Mandibuzz|move: Roost
|
|-heal|p1a: Fert|96/100 brn|[from] item: Leftovers
|-damage|p2a: Mandibuzz|88/100 tox|[from] psn
|-damage|p1a: Fert|89/100 brn|[from] brn
|upkeep
|turn|10
|
|switch|p2a: Coalossal|Coalossal, M|100/100
|move|p1a: Fert|Knock Off|p2a: Coalossal
|-damage|p2a: Coalossal|93/100
|-enditem|p2a: Coalossal|Heavy-Duty Boots|[from] move: Knock Off|[of] p1a: Fert
|
|-heal|p1a: Fert|96/100 brn|[from] item: Leftovers
|-damage|p1a: Fert|89/100 brn|[from] brn
|upkeep
|turn|11
|
|switch|p1a: Toxe|Toxapex, F|100/100
|move|p2a: Coalossal|Stealth Rock|p1a: Toxe
|-sidestart|p1: Sir Isaac Mewton|move: Stealth Rock
|
|upkeep
|turn|12
|
|switch|p2a: Mandibuzz|Mandibuzz, F|88/100 tox
|move|p1a: Toxe|Toxic|p2a: Mandibuzz
|-fail|p2a: Mandibuzz|tox
|
|-damage|p2a: Mandibuzz|82/100 tox|[from] psn
|upkeep
|turn|13
|
|move|p2a: Mandibuzz|U-turn|p1a: Toxe
|-resisted|p1a: Toxe
|-damage|p1a: Toxe|96/100
|
|switch|p2a: Dracozolt|Dracozolt|89/100|[from]move: U-turn
|-damage|p2a: Dracozolt|76/100|[from] Spikes
|move|p1a: Toxe|Scald|p2a: Dracozolt
|-resisted|p2a: Dracozolt
|-damage|p2a: Dracozolt|63/100
|-status|p2a: Dracozolt|brn
|
|-heal|p2a: Dracozolt|69/100 brn|[from] item: Leftovers
|-heal|p1a: Toxe|100/100|[from] item: Black Sludge
|-damage|p2a: Dracozolt|63/100 brn|[from] brn
|upkeep
|turn|14
|j| lugirio
|-message|i sniff elmers forfeited.
|
|win|Sir Isaac Mewton
|l|☆i sniff elmers
|j| Lucky bbbb
