|ScrapeTime|2020-01-02-13:56:43
|j|☆Taiyougetsu
|j|☆detonador10
|player|p1|Taiyougetsu|101|1119
|player|p2|detonador10|101|1125
|teamsize|p1|6
|teamsize|p2|6
|gametype|singles
|gen|8
|tier|[Gen 8] OU
|rated|
|rule|Sleep Clause Mod: Limit one foe put to sleep
|rule|Species Clause: Limit one of each Pokémon
|rule|OHKO Clause: OHKO moves are banned
|rule|Evasion Moves Clause: Evasion moves are banned
|rule|Endless Battle Clause: Forcing endless battles is banned
|rule|HP Percentage Mod: HP is shown in percentages
|clearpoke
|poke|p1|Cinderace, M|
|poke|p1|Dusclops, F|
|poke|p1|Dragapult, M|
|poke|p1|Drapion, M|
|poke|p1|Tyranitar, M|
|poke|p1|Abomasnow, M|
|poke|p2|Dragapult, F|
|poke|p2|Excadrill, F|
|poke|p2|Tyranitar, F|
|poke|p2|Corviknight, F|
|poke|p2|Rotom-Wash|
|poke|p2|Cinderace, F|
|rule|Dynamax Clause: You cannot dynamax
|teampreview
|
|start
|switch|p1a: Dusclops|Dusclops, F|100/100
|switch|p2a: Cinderace|Cinderace, F|100/100
|-ability|p1a: Dusclops|Pressure
|turn|1
|
|move|p2a: Cinderace|Pyro Ball|p1a: Dusclops
|-damage|p1a: Dusclops|62/100
|move|p1a: Dusclops|Pain Split|p2a: Cinderace
|-sethp|p2a: Cinderace|73/100|[from] move: Pain Split|[silent]
|-sethp|p1a: Dusclops|99/100|[from] move: Pain Split
|
|upkeep
|turn|2
|
|switch|p2a: Rotom|Rotom-Wash|100/100
|switch|p1a: Dragapult|Dragapult, M|100/100
|
|upkeep
|turn|3
|
|move|p1a: Dragapult|Shadow Ball|p2a: Rotom
|-crit|p2a: Rotom
|-damage|p2a: Rotom|44/100
|move|p2a: Rotom|Thunder Wave|p1a: Dragapult
|-status|p1a: Dragapult|par
|
|-heal|p2a: Rotom|50/100|[from] item: Leftovers
|upkeep
|turn|4
|
|move|p1a: Dragapult|Shadow Ball|p2a: Rotom
|-damage|p2a: Rotom|10/100
|move|p2a: Rotom|Volt Switch|p1a: Dragapult
|-resisted|p1a: Dragapult
|-damage|p1a: Dragapult|84/100 par
|
|switch|p2a: Dragapult|Dragapult, F|100/100|[from]move: Volt Switch
|
|upkeep
|turn|5
|
|switch|p1a: Cinderace|Cinderace, M|100/100
|move|p2a: Dragapult|Shadow Ball|p1a: Cinderace
|-damage|p1a: Cinderace|37/100
|-unboost|p1a: Cinderace|spd|1
|-damage|p2a: Dragapult|91/100|[from] item: Life Orb
|
|upkeep
|turn|6
|
|move|p1a: Cinderace|Sucker Punch|p2a: Dragapult
|-supereffective|p2a: Dragapult
|-damage|p2a: Dragapult|30/100
|move|p2a: Dragapult|Shadow Ball|p1a: Cinderace
|-damage|p1a: Cinderace|0 fnt
|-damage|p2a: Dragapult|20/100|[from] item: Life Orb
|faint|p1a: Cinderace
|
|upkeep
|
|switch|p1a: Abomasnow|Abomasnow, M|100/100
|-weather|Hail|[from] ability: Snow Warning|[of] p1a: Abomasnow
|turn|7
|
|move|p2a: Dragapult|Fire Blast|p1a: Abomasnow
|-supereffective|p1a: Abomasnow
|-damage|p1a: Abomasnow|0 fnt
|-damage|p2a: Dragapult|11/100|[from] item: Life Orb
|faint|p1a: Abomasnow
|
|-weather|Hail|[upkeep]
|-damage|p2a: Dragapult|5/100|[from] Hail
|upkeep
|
|switch|p1a: Dusclops|Dusclops, F|99/100
|-ability|p1a: Dusclops|Pressure
|turn|8
|
|move|p2a: Dragapult|Shadow Ball|p1a: Dusclops
|-supereffective|p1a: Dusclops
|-damage|p1a: Dusclops|43/100
|-damage|p2a: Dragapult|0 fnt|[from] item: Life Orb
|faint|p2a: Dragapult
|move|p1a: Dusclops|Hex|p2: Dragapult|[notarget]
|-fail|p1a: Dusclops
|
|-weather|Hail|[upkeep]
|-damage|p1a: Dusclops|37/100|[from] Hail
|upkeep
|
|switch|p2a: Tyranitar|Tyranitar, F|100/100
|-weather|Sandstorm|[from] ability: Sand Stream|[of] p2a: Tyranitar
|turn|9
|
|move|p2a: Tyranitar|Crunch|p1a: Dusclops
|-supereffective|p1a: Dusclops
|-damage|p1a: Dusclops|0 fnt
|faint|p1a: Dusclops
|
|-weather|Sandstorm|[upkeep]
|upkeep
|
|switch|p1a: Tyranitar|Tyranitar, M|100/100
|turn|10
|
|move|p1a: Tyranitar|Dragon Dance|p1a: Tyranitar
|-boost|p1a: Tyranitar|atk|1
|-boost|p1a: Tyranitar|spe|1
|move|p2a: Tyranitar|Low Kick|p1a: Tyranitar
|-supereffective|p1a: Tyranitar
|-damage|p1a: Tyranitar|0 fnt
|faint|p1a: Tyranitar
|
|-weather|Sandstorm|[upkeep]
|upkeep
|
|switch|p1a: Dragapult|Dragapult, M|84/100 par
|turn|11
|
|move|p1a: Dragapult|U-turn|p2a: Tyranitar
|-supereffective|p2a: Tyranitar
|-damage|p2a: Tyranitar|69/100
|
|switch|p1a: Drapion|Drapion, M|100/100|[from]move: U-turn
|move|p2a: Tyranitar|Crunch|p1a: Drapion
|-resisted|p1a: Drapion
|-damage|p1a: Drapion|74/100
|
|-weather|Sandstorm|[upkeep]
|-damage|p1a: Drapion|68/100|[from] Sandstorm
|upkeep
|turn|12
|
|move|p1a: Drapion|Leech Life|p2a: Tyranitar
|-supereffective|p2a: Tyranitar
|-damage|p2a: Tyranitar|34/100
|-heal|p1a: Drapion|93/100|[from] drain|[of] p2a: Tyranitar
|move|p2a: Tyranitar|Stealth Rock|p1a: Drapion
|-sidestart|p1: Taiyougetsu|move: Stealth Rock
|
|-weather|Sandstorm|[upkeep]
|-damage|p1a: Drapion|87/100|[from] Sandstorm
|upkeep
|turn|13
|
|move|p1a: Drapion|Leech Life|p2a: Tyranitar
|-supereffective|p2a: Tyranitar
|-damage|p2a: Tyranitar|0 fnt
|-heal|p1a: Drapion|100/100|[from] drain|[of] p2a: Tyranitar
|faint|p2a: Tyranitar
|
|-weather|Sandstorm|[upkeep]
|-damage|p1a: Drapion|94/100|[from] Sandstorm
|upkeep
|
|switch|p2a: Excadrill|Excadrill, F|100/100
|turn|14
|
|move|p2a: Excadrill|Earthquake|p1a: Drapion
|-supereffective|p1a: Drapion
|-damage|p1a: Drapion|0 fnt
|faint|p1a: Drapion
|
|-weather|Sandstorm|[upkeep]
|upkeep
|
|switch|p1a: Dragapult|Dragapult, M|84/100 par
|-damage|p1a: Dragapult|72/100 par|[from] Stealth Rock
|turn|15
|
|move|p2a: Excadrill|Iron Head|p1a: Dragapult
|-crit|p1a: Dragapult
|-damage|p1a: Dragapult|0 fnt
|faint|p1a: Dragapult
|
|win|detonador10
|c|☆Taiyougetsu|gg
|c|☆detonador10|gg
|raw|Taiyougetsu's rating: 1119 → 1094(-25 for losing)
|raw|detonador10's rating: 1125 → 1149(+24 for winning)
