|ScrapeTime|2020-01-02-05:44:26
|j|☆sprinkles uncle
|j|☆darkdarkrai72
|player|p1|sprinkles uncle|dawn|1806
|player|p2|darkdarkrai72|102|1767
|teamsize|p1|6
|teamsize|p2|6
|gametype|singles
|gen|8
|tier|[Gen 8] OU
|rated|
|rule|Sleep Clause Mod: Limit one foe put to sleep
|rule|Species Clause: Limit one of each Pokémon
|rule|OHKO Clause: OHKO moves are banned
|rule|Evasion Moves Clause: Evasion moves are banned
|rule|Endless Battle Clause: Forcing endless battles is banned
|rule|HP Percentage Mod: HP is shown in percentages
|clearpoke
|poke|p1|Mimikyu, F|
|poke|p1|Cloyster, F|
|poke|p1|Excadrill, F|
|poke|p1|Bisharp, F|
|poke|p1|Gyarados, F|
|poke|p1|Hawlucha, M|
|poke|p2|Excadrill, M|
|poke|p2|Clefable, F|
|poke|p2|Aegislash, M|
|poke|p2|Toxapex, F|
|poke|p2|Corviknight, M|
|poke|p2|Gengar, F|
|rule|Dynamax Clause: You cannot dynamax
|teampreview
|c|☆sprinkles uncle|fuck off
|c|☆darkdarkrai72|LOL
|c|☆darkdarkrai72|damn
|c|☆sprinkles uncle|if thats corvi
|c|☆sprinkles uncle|has
|c|☆sprinkles uncle|rocky helmet
|c|☆sprinkles uncle|ur getting blocked
|j| dominique cross
|c| dominique cross|wow
|c| dominique cross|a high stakes battle
|j| Starplatinum01
|c| dominique cross|between sprinkles uncle and rui's cousins
|c| dominique cross|*cousin
|j| PikAleex
|j| master of miss
|c|☆darkdarkrai72|hell yeah
|
|start
|switch|p1a: Cloyster|Cloyster, F|100/100
|switch|p2a: Toxapex|Toxapex, F|100/100
|turn|1
|n| eo supporter dice|dominiquecross
|
|switch|p1a: Excadrill|Excadrill, F|100/100
|-ability|p1a: Excadrill|Mold Breaker
|move|p2a: Toxapex|Toxic|p1a: Excadrill
|-immune|p1a: Excadrill
|
|upkeep
|turn|2
|
|move|p1a: Excadrill|Stealth Rock|p2a: Toxapex
|-sidestart|p2: darkdarkrai72|move: Stealth Rock
|move|p2a: Toxapex|Scald|p1a: Excadrill
|-supereffective|p1a: Excadrill
|-damage|p1a: Excadrill|57/100
|
|upkeep
|turn|3
|c| eo supporter dice|LET'S GO darkdarkrai72
|
|switch|p2a: Corviknight|Corviknight, M|100/100
|-damage|p2a: Corviknight|88/100|[from] Stealth Rock
|-ability|p2a: Corviknight|Pressure
|move|p1a: Excadrill|Earthquake|p2a: Corviknight
|-immune|p2a: Corviknight
|
|-heal|p2a: Corviknight|94/100|[from] item: Leftovers
|upkeep
|turn|4
|c| eo supporter dice|nice play
|
|switch|p1a: Cloyster|Cloyster, F|100/100
|move|p2a: Corviknight|Body Press|p1a: Cloyster
|-supereffective|p1a: Cloyster
|-damage|p1a: Cloyster|62/100
|
|-heal|p2a: Corviknight|100/100|[from] item: Leftovers
|upkeep
|turn|5
|
|move|p1a: Cloyster|Icicle Spear|p2a: Corviknight
|-damage|p2a: Corviknight|91/100
|-damage|p2a: Corviknight|82/100
|-damage|p2a: Corviknight|74/100
|-damage|p2a: Corviknight|65/100
|-damage|p2a: Corviknight|56/100
|-hitcount|p2a: Corviknight|5
|move|p2a: Corviknight|Body Press|p1a: Cloyster
|-supereffective|p1a: Cloyster
|-damage|p1a: Cloyster|28/100
|
|-heal|p2a: Corviknight|62/100|[from] item: Leftovers
|upkeep
|turn|6
|
|move|p1a: Cloyster|Icicle Spear|p2a: Corviknight
|-damage|p2a: Corviknight|54/100
|-damage|p2a: Corviknight|45/100
|-damage|p2a: Corviknight|37/100
|-damage|p2a: Corviknight|28/100
|-crit|p2a: Corviknight
|-damage|p2a: Corviknight|16/100
|-hitcount|p2a: Corviknight|5
|move|p2a: Corviknight|Roost|p2a: Corviknight
|-heal|p2a: Corviknight|66/100
|-singleturn|p2a: Corviknight|move: Roost
|
|-heal|p2a: Corviknight|72/100|[from] item: Leftovers
|upkeep
|turn|7
|c| eo supporter dice|holy cow
|c| eo supporter dice|the outplay
|
|move|p1a: Cloyster|Icicle Spear|p2a: Corviknight
|-damage|p2a: Corviknight|63/100
|-damage|p2a: Corviknight|54/100
|-damage|p2a: Corviknight|45/100
|-damage|p2a: Corviknight|37/100
|-damage|p2a: Corviknight|28/100
|-hitcount|p2a: Corviknight|5
|move|p2a: Corviknight|Roost|p2a: Corviknight
|-heal|p2a: Corviknight|78/100
|-singleturn|p2a: Corviknight|move: Roost
|
|-heal|p2a: Corviknight|84/100|[from] item: Leftovers
|upkeep
|turn|8
|
|switch|p2a: Toxapex|Toxapex, F|100/100
|-damage|p2a: Toxapex|88/100|[from] Stealth Rock
|move|p1a: Cloyster|Icicle Spear|p2a: Toxapex
|-resisted|p2a: Toxapex
|-damage|p2a: Toxapex|84/100
|-resisted|p2a: Toxapex
|-damage|p2a: Toxapex|80/100
|-resisted|p2a: Toxapex
|-damage|p2a: Toxapex|77/100
|-resisted|p2a: Toxapex
|-damage|p2a: Toxapex|73/100
|-resisted|p2a: Toxapex
|-damage|p2a: Toxapex|69/100
|-hitcount|p2a: Toxapex|5
|
|-heal|p2a: Toxapex|75/100|[from] item: Black Sludge
|upkeep
|turn|9
|j| m8puppet
|c| eo supporter dice|wow
|
|move|p1a: Cloyster|Rock Blast|p2a: Toxapex
|-damage|p2a: Toxapex|70/100
|-crit|p2a: Toxapex
|-damage|p2a: Toxapex|62/100
|-damage|p2a: Toxapex|57/100
|-damage|p2a: Toxapex|52/100
|-damage|p2a: Toxapex|48/100
|-hitcount|p2a: Toxapex|5
|move|p2a: Toxapex|Toxic|p1a: Cloyster
|-status|p1a: Cloyster|tox
|
|-heal|p2a: Toxapex|54/100|[from] item: Black Sludge
|-damage|p1a: Cloyster|22/100 tox|[from] psn
|upkeep
|turn|10
|c| eo supporter dice|eviscerated
|
|switch|p1a: Gyarados|Gyarados, F|100/100
|move|p2a: Toxapex|Recover|p2a: Toxapex
|-heal|p2a: Toxapex|100/100
|
|upkeep
|turn|11
|c|☆darkdarkrai72|wowerz
|
|move|p1a: Gyarados|Dragon Dance|p1a: Gyarados
|-boost|p1a: Gyarados|atk|1
|-boost|p1a: Gyarados|spe|1
|move|p2a: Toxapex|Toxic|p1a: Gyarados
|-status|p1a: Gyarados|tox
|
|-damage|p1a: Gyarados|94/100 tox|[from] psn
|upkeep
|turn|12
|
|move|p1a: Gyarados|Waterfall|p2a: Toxapex
|-resisted|p2a: Toxapex
|-damage|p2a: Toxapex|80/100
|move|p2a: Toxapex|Scald|p1a: Gyarados
|-resisted|p1a: Gyarados
|-damage|p1a: Gyarados|86/100 tox
|
|-heal|p2a: Toxapex|86/100|[from] item: Black Sludge
|-damage|p1a: Gyarados|74/100 tox|[from] psn
|upkeep
|turn|13
|
|move|p2a: Toxapex|Baneful Bunker|p2a: Toxapex
|-singleturn|p2a: Toxapex|move: Protect
|move|p1a: Gyarados|Waterfall|p2a: Toxapex
|-activate|p2a: Toxapex|move: Protect
|
|-heal|p2a: Toxapex|92/100|[from] item: Black Sludge
|-damage|p1a: Gyarados|56/100 tox|[from] psn
|upkeep
|turn|14
|c| eo supporter dice|wowzers
|
|move|p1a: Gyarados|Waterfall|p2a: Toxapex
|-resisted|p2a: Toxapex
|-damage|p2a: Toxapex|71/100
|move|p2a: Toxapex|Recover|p2a: Toxapex
|-heal|p2a: Toxapex|100/100
|
|-damage|p1a: Gyarados|31/100 tox|[from] psn
|upkeep
|turn|15
|
|move|p1a: Gyarados|Earthquake|p2a: Toxapex
|-supereffective|p2a: Toxapex
|-damage|p2a: Toxapex|37/100
|move|p2a: Toxapex|Recover|p2a: Toxapex
|-heal|p2a: Toxapex|87/100
|
|-heal|p2a: Toxapex|94/100|[from] item: Black Sludge
|-damage|p1a: Gyarados|0 fnt|[from] psn
|faint|p1a: Gyarados
|upkeep
|
|switch|p1a: Bisharp|Bisharp, F|100/100
|turn|16
|
|move|p1a: Bisharp|Swords Dance|p1a: Bisharp
|-boost|p1a: Bisharp|atk|2
|move|p2a: Toxapex|Scald|p1a: Bisharp
|-damage|p1a: Bisharp|75/100
|
|-heal|p2a: Toxapex|99/100|[from] item: Black Sludge
|upkeep
|turn|17
|
|move|p1a: Bisharp|Throat Chop|p2a: Toxapex
|-damage|p2a: Toxapex|47/100
|-start|p2a: Toxapex|Throat Chop|[silent]
|move|p2a: Toxapex|Scald|p1a: Bisharp
|-damage|p1a: Bisharp|47/100
|
|-heal|p2a: Toxapex|53/100|[from] item: Black Sludge
|upkeep
|turn|18
|c| eo supporter dice|is this gonna 6-0
|c| eo supporter dice|lmao
|c|☆darkdarkrai72|maybe...
|
|switch|p2a: Clefable|Clefable, F|100/100
|move|p1a: Bisharp|Swords Dance|p1a: Bisharp
|-boost|p1a: Bisharp|atk|2
|
|upkeep
|turn|19
|
|move|p1a: Bisharp|Iron Head|p2a: Clefable
|-supereffective|p2a: Clefable
|-damage|p2a: Clefable|0 fnt
|faint|p2a: Clefable
|
|upkeep
|
|switch|p2a: Gengar|Gengar, F|100/100
|-damage|p2a: Gengar|88/100|[from] Stealth Rock
|turn|20
|
|switch|p2a: Corviknight|Corviknight, M|84/100
|-damage|p2a: Corviknight|72/100|[from] Stealth Rock
|-ability|p2a: Corviknight|Pressure
|move|p1a: Bisharp|Throat Chop|p2a: Corviknight
|-damage|p2a: Corviknight|0 fnt
|faint|p2a: Corviknight
|
|upkeep
|c| eo supporter dice|....
|c| eo supporter dice|what kind of maneuver was THAT
|
|switch|p2a: Gengar|Gengar, F|88/100
|-damage|p2a: Gengar|76/100|[from] Stealth Rock
|turn|21
|n| eononsupporterdice|eosupporterdice
|
|move|p2a: Gengar|Thunderbolt|p1a: Bisharp
|-damage|p1a: Bisharp|0 fnt
|faint|p1a: Bisharp
|
|upkeep
|
|switch|p1a: Mimikyu|Mimikyu, F|100/100
|turn|22
|c| eononsupporterdice|:O
|
|move|p2a: Gengar|Thunderbolt|p1a: Mimikyu
|-activate|p1a: Mimikyu|ability: Disguise
|-damage|p1a: Mimikyu|100/100
|detailschange|p1a: Mimikyu|Mimikyu-Busted, F
|-damage|p1a: Mimikyu|88/100|[from] ability: Disguise|[of] p1a: Mimikyu
|move|p1a: Mimikyu|Swords Dance|p1a: Mimikyu
|-boost|p1a: Mimikyu|atk|2
|
|upkeep
|turn|23
|
|move|p2a: Gengar|Thunderbolt|p1a: Mimikyu
|-damage|p1a: Mimikyu|24/100
|move|p1a: Mimikyu|Swords Dance|p1a: Mimikyu
|-boost|p1a: Mimikyu|atk|2
|
|upkeep
|turn|24
|
|move|p1a: Mimikyu|Shadow Sneak|p2a: Gengar
|-supereffective|p2a: Gengar
|-damage|p2a: Gengar|0 fnt
|-damage|p1a: Mimikyu|14/100|[from] item: Life Orb
|faint|p2a: Gengar
|
|upkeep
|c| eononsupporterdice|omg why didnt u go to pex
|n|!eononsupporterdice|eononsupporterdice
|c|☆darkdarkrai72|wait
|c|☆darkdarkrai72|LOL
|c|☆darkdarkrai72|I fucked up
|c|☆darkdarkrai72|maybe
|
|switch|p2a: Aegislash|Aegislash, M|100/100
|-damage|p2a: Aegislash|94/100|[from] Stealth Rock
|turn|25
|
|move|p1a: Mimikyu|Shadow Sneak|p2a: Aegislash
|-supereffective|p2a: Aegislash
|-damage|p2a: Aegislash|0 fnt
|-damage|p1a: Mimikyu|4/100|[from] item: Life Orb
|faint|p2a: Aegislash
|
|upkeep
|
|switch|p2a: Toxapex|Toxapex, F|86/100
|-damage|p2a: Toxapex|74/100|[from] Stealth Rock
|turn|26
|
|move|p2a: Toxapex|Baneful Bunker|p2a: Toxapex
|-singleturn|p2a: Toxapex|move: Protect
|move|p1a: Mimikyu|Shadow Claw|p2a: Toxapex
|-activate|p2a: Toxapex|move: Protect
|-status|p1a: Mimikyu|psn
|
|-heal|p2a: Toxapex|80/100|[from] item: Black Sludge
|-damage|p1a: Mimikyu|0 fnt|[from] psn
|faint|p1a: Mimikyu
|upkeep
|
|switch|p1a: Excadrill|Excadrill, F|57/100
|-ability|p1a: Excadrill|Mold Breaker
|turn|27
|
|move|p1a: Excadrill|Earthquake|p2a: Toxapex
|-supereffective|p2a: Toxapex
|-damage|p2a: Toxapex|12/100
|move|p2a: Toxapex|Recover|p2a: Toxapex
|-heal|p2a: Toxapex|62/100
|
|-heal|p2a: Toxapex|68/100|[from] item: Black Sludge
|upkeep
|turn|28
|
|move|p2a: Toxapex|Baneful Bunker|p2a: Toxapex
|-singleturn|p2a: Toxapex|move: Protect
|move|p1a: Excadrill|Earthquake|p2a: Toxapex
|-activate|p2a: Toxapex|move: Protect
|
|-heal|p2a: Toxapex|75/100|[from] item: Black Sludge
|upkeep
|turn|29
|
|move|p1a: Excadrill|Earthquake|p2a: Toxapex
|-supereffective|p2a: Toxapex
|-damage|p2a: Toxapex|5/100
|move|p2a: Toxapex|Scald|p1a: Excadrill
|-supereffective|p1a: Excadrill
|-damage|p1a: Excadrill|8/100
|-status|p1a: Excadrill|brn
|
|-heal|p2a: Toxapex|11/100|[from] item: Black Sludge
|-damage|p1a: Excadrill|2/100 brn|[from] brn
|upkeep
|turn|30
|c|☆sprinkles uncle|nice choke eo...
|c|☆sprinkles uncle|now dont burn me
|c|☆sprinkles uncle|fuck off
|
|switch|p2a: Excadrill|Excadrill, M|100/100
|-damage|p2a: Excadrill|97/100|[from] Stealth Rock
|-ability|p2a: Excadrill|Mold Breaker
|move|p1a: Excadrill|Earthquake|p2a: Excadrill
|-supereffective|p2a: Excadrill
|-damage|p2a: Excadrill|22/100
|
|-heal|p2a: Excadrill|28/100|[from] item: Leftovers
|-damage|p1a: Excadrill|0 fnt|[from] brn
|faint|p1a: Excadrill
|upkeep
|
|switch|p1a: Hawlucha|Hawlucha, M|100/100
|turn|31
|c|☆sprinkles uncle|are u dumb
|
|move|p1a: Hawlucha|Swords Dance|p1a: Hawlucha
|-boost|p1a: Hawlucha|atk|2
|move|p2a: Excadrill|Rapid Spin|p1a: Hawlucha
|-damage|p1a: Hawlucha|74/100
|-sideend|p2: darkdarkrai72|Stealth Rock|[from] move: Rapid Spin|[of] p2a: Excadrill
|-boost|p2a: Excadrill|spe|1
|
|-heal|p2a: Excadrill|34/100|[from] item: Leftovers
|upkeep
|turn|32
|
|move|p2a: Excadrill|Iron Head|p1a: Hawlucha
|-damage|p1a: Hawlucha|13/100
|move|p1a: Hawlucha|Close Combat|p2a: Excadrill
|-supereffective|p2a: Excadrill
|-damage|p2a: Excadrill|0 fnt
|-unboost|p1a: Hawlucha|def|1
|-unboost|p1a: Hawlucha|spd|1
|faint|p2a: Excadrill
|
|upkeep
|
|switch|p2a: Toxapex|Toxapex, F|44/100
|turn|33
|
|move|p2a: Toxapex|Baneful Bunker|p2a: Toxapex
|-singleturn|p2a: Toxapex|move: Protect
|move|p1a: Hawlucha|Sky Attack||[still]
|-prepare|p1a: Hawlucha|Sky Attack|p2a: Toxapex
|-enditem|p1a: Hawlucha|Power Herb
|-anim|p1a: Hawlucha|Sky Attack|p2a: Toxapex
|-activate|p2a: Toxapex|move: Protect
|
|-heal|p2a: Toxapex|50/100|[from] item: Black Sludge
|upkeep
|turn|34
|
|move|p2a: Toxapex|Baneful Bunker|p2a: Toxapex
|-singleturn|p2a: Toxapex|move: Protect
|move|p1a: Hawlucha|Acrobatics|p2a: Toxapex
|-activate|p2a: Toxapex|move: Protect
|-status|p1a: Hawlucha|psn
|
|-heal|p2a: Toxapex|57/100|[from] item: Black Sludge
|-damage|p1a: Hawlucha|0 fnt|[from] psn
|faint|p1a: Hawlucha
|upkeep
|c|☆sprinkles uncle|...
|c|☆darkdarkrai72|LOL
|c|☆sprinkles uncle|are u seirous
|
|switch|p1a: Cloyster|Cloyster, F|22/100 tox
|turn|35
|n|!eo supporter dice|eononsupporterdice
|
|move|p1a: Cloyster|Rock Blast|p2a: Toxapex
|-damage|p2a: Toxapex|52/100
|-damage|p2a: Toxapex|47/100
|-damage|p2a: Toxapex|42/100
|-damage|p2a: Toxapex|37/100
|-damage|p2a: Toxapex|32/100
|-hitcount|p2a: Toxapex|5
|move|p2a: Toxapex|Scald|p1a: Cloyster
|-resisted|p1a: Cloyster
|-damage|p1a: Cloyster|2/100 tox
|
|-heal|p2a: Toxapex|38/100|[from] item: Black Sludge
|-damage|p1a: Cloyster|0 fnt|[from] psn
|faint|p1a: Cloyster
|
|win|darkdarkrai72
|upkeep
|raw|sprinkles uncle's rating: 1806 → 1783(-23 for losing)
|raw|darkdarkrai72's rating: 1767 → 1789(+22 for winning)
|c|☆darkdarkrai72|gg.
|l|☆sprinkles uncle
|l|☆darkdarkrai72
