|ScrapeTime|2020-01-01-14:25:19
|j|☆GreatBimz
|j|☆Mr.asianeggplant
|player|p1|GreatBimz|266|1207
|player|p2|Mr.asianeggplant|33|1222
|teamsize|p1|6
|teamsize|p2|6
|gametype|singles
|gen|8
|tier|[Gen 8] OU
|rated|
|rule|Sleep Clause Mod: Limit one foe put to sleep
|rule|Species Clause: Limit one of each Pokémon
|rule|OHKO Clause: OHKO moves are banned
|rule|Evasion Moves Clause: Evasion moves are banned
|rule|Endless Battle Clause: Forcing endless battles is banned
|rule|HP Percentage Mod: HP is shown in percentages
|clearpoke
|poke|p1|Grimmsnarl, M|
|poke|p1|Excadrill, F|
|poke|p1|Aegislash, F|
|poke|p1|Kommo-o, M|
|poke|p1|Hawlucha, F|
|poke|p1|Gyarados, F|
|poke|p2|Ferrothorn, M|
|poke|p2|Dracovish|
|poke|p2|Dragapult, F|
|poke|p2|Pelipper, M|
|poke|p2|Morpeko, F|
|poke|p2|Conkeldurr, M|
|rule|Dynamax Clause: You cannot dynamax
|teampreview
|inactive|Battle timer is ON: inactive players will automatically lose when time's up. (requested by Mr.asianeggplant)
|
|start
|switch|p1a: Excadrill|Excadrill, F|100/100
|switch|p2a: Morpeko|Morpeko, F|100/100
|-ability|p1a: Excadrill|Mold Breaker
|turn|1
|
|move|p2a: Morpeko|Protect|p2a: Morpeko
|-singleturn|p2a: Morpeko|Protect
|move|p1a: Excadrill|Earthquake|p2a: Morpeko
|-activate|p2a: Morpeko|move: Protect
|
|-formechange|p2a: Morpeko|Morpeko-Hangry||[from] ability: Hunger Switch
|upkeep
|turn|2
|
|switch|p2a: Pelipper|Pelipper, M|100/100
|-weather|RainDance|[from] ability: Drizzle|[of] p2a: Pelipper
|move|p1a: Excadrill|Stealth Rock|p2a: Pelipper
|-sidestart|p2: Mr.asianeggplant|move: Stealth Rock
|
|-weather|RainDance|[upkeep]
|upkeep
|turn|3
|
|switch|p1a: Grimmsnarl|Grimmsnarl, M|100/100
|move|p2a: Pelipper|Tailwind|p2a: Pelipper
|-sidestart|p2: Mr.asianeggplant|move: Tailwind
|
|-weather|RainDance|[upkeep]
|upkeep
|turn|4
|
|move|p1a: Grimmsnarl|Reflect|p1a: Grimmsnarl
|-sidestart|p1: GreatBimz|Reflect
|move|p2a: Pelipper|U-turn|p1a: Grimmsnarl
|-damage|p1a: Grimmsnarl|95/100
|
|switch|p2a: Morpeko|Morpeko, F|100/100|[from]move: U-turn
|
|-weather|RainDance|[upkeep]
|-formechange|p2a: Morpeko|Morpeko-Hangry||[from] ability: Hunger Switch
|upkeep
|turn|5
|
|move|p2a: Morpeko|Rapid Spin|p1a: Grimmsnarl
|-damage|p1a: Grimmsnarl|86/100
|-sideend|p2: Mr.asianeggplant|Stealth Rock|[from] move: Rapid Spin|[of] p2a: Morpeko
|-boost|p2a: Morpeko|spe|1
|move|p1a: Grimmsnarl|Spirit Break|p2a: Morpeko
|-supereffective|p2a: Morpeko
|-damage|p2a: Morpeko|0 fnt
|faint|p2a: Morpeko
|
|-weather|RainDance|[upkeep]
|upkeep
|
|switch|p2a: Dracovish|Dracovish|100/100
|turn|6
|
|move|p2a: Dracovish|Fishious Rend|p1a: Grimmsnarl
|-damage|p1a: Grimmsnarl|0 fnt
|faint|p1a: Grimmsnarl
|
|-weather|RainDance|[upkeep]
|-sideend|p2: Mr.asianeggplant|move: Tailwind
|upkeep
|
|switch|p1a: Excadrill|Excadrill, F|100/100
|-ability|p1a: Excadrill|Mold Breaker
|turn|7
|
|move|p1a: Excadrill|Earthquake|p2a: Dracovish
|-damage|p2a: Dracovish|41/100
|move|p2a: Dracovish|Fishious Rend|p1a: Excadrill
|-supereffective|p1a: Excadrill
|-enditem|p1a: Excadrill|Focus Sash
|-damage|p1a: Excadrill|1/100
|
|-weather|RainDance|[upkeep]
|upkeep
|turn|8
|
|switch|p2a: Pelipper|Pelipper, M|100/100
|move|p1a: Excadrill|Earthquake|p2a: Pelipper
|-immune|p2a: Pelipper
|
|-weather|RainDance|[upkeep]
|upkeep
|turn|9
|
|switch|p1a: Gyarados|Gyarados, F|100/100
|move|p2a: Pelipper|Tailwind|p2a: Pelipper
|-sidestart|p2: Mr.asianeggplant|move: Tailwind
|
|-weather|none
|upkeep
|turn|10
|
|move|p2a: Pelipper|U-turn|p1a: Gyarados
|-resisted|p1a: Gyarados
|-damage|p1a: Gyarados|98/100
|
|switch|p2a: Dracovish|Dracovish|41/100|[from]move: U-turn
|move|p1a: Gyarados|Substitute|p1a: Gyarados
|-start|p1a: Gyarados|Substitute
|-damage|p1a: Gyarados|73/100
|
|upkeep
|turn|11
|
|switch|p2a: Dragapult|Dragapult, F|100/100
|move|p1a: Gyarados|Bounce||[still]
|-prepare|p1a: Gyarados|Bounce|p2a: Dragapult
|
|-sideend|p1: GreatBimz|Reflect
|upkeep
|turn|12
|
|switch|p2a: Ferrothorn|Ferrothorn, M|100/100
|move|p1a: Gyarados|Bounce|p2a: Ferrothorn|[from]lockedmove
|-damage|p2a: Ferrothorn|75/100
|-damage|p1a: Gyarados|61/100|[from] ability: Iron Barbs|[of] p2a: Ferrothorn
|
|-heal|p2a: Ferrothorn|81/100|[from] item: Leftovers
|-sideend|p2: Mr.asianeggplant|move: Tailwind
|upkeep
|turn|13
|
|switch|p1a: Hawlucha|Hawlucha, F|100/100
|move|p2a: Ferrothorn|Power Whip|p1a: Hawlucha|[miss]
|-miss|p2a: Ferrothorn|p1a: Hawlucha
|
|-heal|p2a: Ferrothorn|87/100|[from] item: Leftovers
|upkeep
|turn|14
|
|switch|p1a: Aegislash|Aegislash, F|100/100
|-item|p1a: Aegislash|Air Balloon
|switch|p2a: Pelipper|Pelipper, M|100/100
|-weather|RainDance|[from] ability: Drizzle|[of] p2a: Pelipper
|
|-weather|RainDance|[upkeep]
|upkeep
|turn|15
|
|move|p1a: Aegislash|Autotomize|p1a: Aegislash
|-boost|p1a: Aegislash|spe|2
|-start|p1a: Aegislash|Autotomize
|move|p2a: Pelipper|Scald|p1a: Aegislash
|-damage|p1a: Aegislash|60/100
|-enditem|p1a: Aegislash|Air Balloon
|
|-weather|RainDance|[upkeep]
|upkeep
|turn|16
|
|move|p1a: Aegislash|Swords Dance|p1a: Aegislash
|-boost|p1a: Aegislash|atk|2
|move|p2a: Pelipper|Tailwind|p2a: Pelipper
|-sidestart|p2: Mr.asianeggplant|move: Tailwind
|
|-weather|RainDance|[upkeep]
|upkeep
|turn|17
|
|-formechange|p1a: Aegislash|Aegislash-Blade||[from] ability: Stance Change
|move|p1a: Aegislash|Shadow Claw|p2a: Pelipper
|-damage|p2a: Pelipper|26/100
|move|p2a: Pelipper|Scald|p1a: Aegislash
|-damage|p1a: Aegislash|0 fnt
|faint|p1a: Aegislash
|
|-weather|RainDance|[upkeep]
|upkeep
|
|switch|p1a: Kommo-o|Kommo-o, M|100/100
|turn|18
|
|switch|p1a: Gyarados|Gyarados, F|61/100
|move|p2a: Pelipper|Hurricane|p1a: Gyarados
|-crit|p1a: Gyarados
|-damage|p1a: Gyarados|7/100
|
|-weather|RainDance|[upkeep]
|upkeep
|turn|19
|
|move|p2a: Pelipper|Scald|p1a: Gyarados
|-resisted|p1a: Gyarados
|-crit|p1a: Gyarados
|-damage|p1a: Gyarados|0 fnt
|faint|p1a: Gyarados
|
|-weather|RainDance|[upkeep]
|-sideend|p2: Mr.asianeggplant|move: Tailwind
|upkeep
|
|switch|p1a: Hawlucha|Hawlucha, F|100/100
|turn|20
|
|move|p1a: Hawlucha|Close Combat|p2a: Pelipper
|-resisted|p2a: Pelipper
|-crit|p2a: Pelipper
|-damage|p2a: Pelipper|0 fnt
|-unboost|p1a: Hawlucha|def|1
|-unboost|p1a: Hawlucha|spd|1
|-enditem|p1a: Hawlucha|White Herb
|-clearnegativeboost|p1a: Hawlucha|[silent]
|faint|p2a: Pelipper
|
|-weather|RainDance|[upkeep]
|upkeep
|
|switch|p2a: Dragapult|Dragapult, F|100/100
|turn|21
|
|move|p1a: Hawlucha|Swords Dance|p1a: Hawlucha
|-boost|p1a: Hawlucha|atk|2
|move|p2a: Dragapult|Shadow Ball|p1a: Hawlucha
|-damage|p1a: Hawlucha|8/100
|-unboost|p1a: Hawlucha|spd|1
|
|-weather|none
|upkeep
|turn|22
|
|move|p1a: Hawlucha|Acrobatics|p2a: Dragapult
|-damage|p2a: Dragapult|0 fnt
|faint|p2a: Dragapult
|
|upkeep
|
|switch|p2a: Conkeldurr|Conkeldurr, M|100/100
|turn|23
|
|move|p2a: Conkeldurr|Mach Punch|p1a: Hawlucha
|-resisted|p1a: Hawlucha
|-damage|p1a: Hawlucha|0 fnt
|faint|p1a: Hawlucha
|
|-status|p2a: Conkeldurr|brn|[from] item: Flame Orb
|upkeep
|
|switch|p1a: Kommo-o|Kommo-o, M|100/100
|turn|24
|
|move|p1a: Kommo-o|Clangorous Soul|p1a: Kommo-o
|-boost|p1a: Kommo-o|atk|1
|-boost|p1a: Kommo-o|def|1
|-boost|p1a: Kommo-o|spa|1
|-boost|p1a: Kommo-o|spd|1
|-boost|p1a: Kommo-o|spe|1
|-damage|p1a: Kommo-o|67/100
|-enditem|p1a: Kommo-o|Throat Spray
|-boost|p1a: Kommo-o|spa|1
|move|p2a: Conkeldurr|Drain Punch|p1a: Kommo-o
|-damage|p1a: Kommo-o|23/100
|
|-damage|p2a: Conkeldurr|95/100 brn|[from] brn
|upkeep
|turn|25
|
|move|p2a: Conkeldurr|Mach Punch|p1a: Kommo-o
|-damage|p1a: Kommo-o|0 fnt
|faint|p1a: Kommo-o
|
|-damage|p2a: Conkeldurr|89/100 brn|[from] brn
|upkeep
|c|☆Mr.asianeggplant|Gg
|-message|GreatBimz forfeited.
|
|win|Mr.asianeggplant
|l|☆GreatBimz
|raw|GreatBimz's rating: 1207 → 1183(-24 for losing)
|raw|Mr.asianeggplant's rating: 1222 → 1246(+24 for winning)
