|ScrapeTime|2020-01-01-18:25:47
|j|☆Noiboomburstvern
|j|☆Char11
|player|p1|Noiboomburstvern|99|1237
|player|p2|Char11|265|1199
|teamsize|p1|6
|teamsize|p2|6
|gametype|singles
|gen|8
|tier|[Gen 8] OU
|rated|
|rule|Sleep Clause Mod: Limit one foe put to sleep
|rule|Species Clause: Limit one of each Pokémon
|rule|OHKO Clause: OHKO moves are banned
|rule|Evasion Moves Clause: Evasion moves are banned
|rule|Endless Battle Clause: Forcing endless battles is banned
|rule|HP Percentage Mod: HP is shown in percentages
|clearpoke
|poke|p1|Dragapult, M|
|poke|p1|Grimmsnarl, M|
|poke|p1|Hydreigon, F|
|poke|p1|Rotom-Heat|
|poke|p1|Corviknight, F|
|poke|p1|Mr. Rime, F|
|poke|p2|Grimmsnarl, M|
|poke|p2|Kommo-o, F|
|poke|p2|Polteageist|
|poke|p2|Mew|
|poke|p2|Bisharp, M|
|poke|p2|Conkeldurr, F|
|rule|Dynamax Clause: You cannot dynamax
|teampreview
|inactive|Battle timer is ON: inactive players will automatically lose when time's up. (requested by Noiboomburstvern)
|
|start
|switch|p1a: Hydreigon|Hydreigon, F|100/100
|switch|p2a: Bisharp|Bisharp, M|100/100
|turn|1
|
|switch|p2a: Grimmsnarl|Grimmsnarl, M|100/100
|move|p1a: Hydreigon|Flamethrower|p2a: Grimmsnarl
|-damage|p2a: Grimmsnarl|79/100
|
|upkeep
|turn|2
|
|switch|p1a: Corviknight|Corviknight, F|100/100
|move|p2a: Grimmsnarl|Reflect|p2a: Grimmsnarl
|-sidestart|p2: Char11|Reflect
|
|upkeep
|turn|3
|inactive|Noiboomburstvern has 120 seconds left.
|
|move|p2a: Grimmsnarl|Taunt|p1a: Corviknight
|-start|p1a: Corviknight|move: Taunt
|cant|p1a: Corviknight|move: Taunt|Bulk Up
|
|upkeep
|turn|4
|inactive|Char11 has 120 seconds left.
|
|switch|p2a: Conkeldurr|Conkeldurr, F|100/100
|move|p1a: Corviknight|Iron Head|p2a: Conkeldurr
|-damage|p2a: Conkeldurr|88/100
|
|-status|p2a: Conkeldurr|brn|[from] item: Flame Orb
|upkeep
|turn|5
|inactive|Char11 has 120 seconds left.
|
|move|p1a: Corviknight|Brave Bird|p2a: Conkeldurr
|-supereffective|p2a: Conkeldurr
|-damage|p2a: Conkeldurr|48/100 brn
|-damage|p1a: Corviknight|85/100|[from] Recoil
|move|p2a: Conkeldurr|Thunder Punch|p1a: Corviknight
|-supereffective|p1a: Corviknight
|-damage|p1a: Corviknight|10/100
|-damage|p2a: Conkeldurr|32/100 brn|[from] item: Rocky Helmet|[of] p1a: Corviknight
|-status|p1a: Corviknight|par
|
|-damage|p2a: Conkeldurr|26/100 brn|[from] brn
|-end|p1a: Corviknight|move: Taunt
|upkeep
|turn|6
|inactive|Char11 has 120 seconds left.
|inactive|Noiboomburstvern has 120 seconds left.
|
|move|p2a: Conkeldurr|Drain Punch|p1a: Corviknight
|-damage|p1a: Corviknight|0 fnt
|-heal|p2a: Conkeldurr|30/100 brn|[from] drain|[of] p1a: Corviknight
|-damage|p2a: Conkeldurr|13/100 brn|[from] item: Rocky Helmet|[of] p1a: Corviknight
|faint|p1a: Corviknight
|
|-damage|p2a: Conkeldurr|7/100 brn|[from] brn
|upkeep
|inactive|Noiboomburstvern has 120 seconds left.
|
|switch|p1a: Mr. Rime|Mr. Rime, F|100/100
|-sideend|p2: Char11|Reflect
|-activate|p1a: Mr. Rime|ability: Screen Cleaner
|-sideend|p2: Char11|Reflect
|turn|7
|
|move|p2a: Conkeldurr|Mach Punch|p1a: Mr. Rime
|-damage|p1a: Mr. Rime|50/100
|move|p1a: Mr. Rime|Rapid Spin|p2a: Conkeldurr
|-damage|p2a: Conkeldurr|0 fnt
|-boost|p1a: Mr. Rime|spe|1
|faint|p2a: Conkeldurr
|
|upkeep
|inactive|Char11 has 120 seconds left.
|
|switch|p2a: Polteageist|Polteageist|100/100
|turn|8
|inactive|Noiboomburstvern has 120 seconds left.
|inactive|Noiboomburstvern has 90 seconds left.
|inactive|Noiboomburstvern has 60 seconds left.
|inactive|Noiboomburstvern has 30 seconds left.
|inactive|Noiboomburstvern has 20 seconds left.
|inactive|Noiboomburstvern has 15 seconds left.
|inactive|Noiboomburstvern has 10 seconds left.
|inactive|Noiboomburstvern has 5 seconds left.
|-message|Noiboomburstvern lost due to inactivity.
|
|win|Char11
|raw|Noiboomburstvern's rating: 1237 → 1208(-29 for losing)
|raw|Char11's rating: 1174 → 1203(+29 for winning)
