|ScrapeTime|2020-01-02-06:05:48
|j|☆Takaxhy!
|j|☆Toxic_Emerald_015
|player|p1|Takaxhy!|unknown|1109
|player|p2|Toxic_Emerald_015|170|1085
|teamsize|p1|6
|teamsize|p2|6
|gametype|singles
|gen|8
|tier|[Gen 8] OU
|rated|
|rule|Sleep Clause Mod: Limit one foe put to sleep
|rule|Species Clause: Limit one of each Pokémon
|rule|OHKO Clause: OHKO moves are banned
|rule|Evasion Moves Clause: Evasion moves are banned
|rule|Endless Battle Clause: Forcing endless battles is banned
|rule|HP Percentage Mod: HP is shown in percentages
|clearpoke
|poke|p1|Corsola-Galar, F|
|poke|p1|Hatterene, F|
|poke|p1|Mandibuzz, F|
|poke|p1|Rotom-Wash|
|poke|p1|Cinderace, M|
|poke|p1|Excadrill, F|
|poke|p2|Hydreigon, F|
|poke|p2|Weavile, M|
|poke|p2|Morpeko, M|
|poke|p2|Toxapex, F|
|poke|p2|Weezing-Galar, F|
|poke|p2|Obstagoon, M|
|rule|Dynamax Clause: You cannot dynamax
|teampreview
|
|start
|switch|p1a: Ryte|Rotom-Wash|100/100
|switch|p2a: Weavile|Weavile, M|100/100
|-ability|p2a: Weavile|Pressure
|turn|1
|
|move|p2a: Weavile|Fake Out|p1a: Ryte
|-crit|p1a: Ryte
|-damage|p1a: Ryte|79/100
|-damage|p2a: Weavile|91/100|[from] item: Life Orb
|cant|p1a: Ryte|flinch
|
|-heal|p1a: Ryte|85/100|[from] item: Leftovers
|upkeep
|turn|2
|
|switch|p2a: Obstagoon|Obstagoon, M|100/100
|move|p1a: Ryte|Will-O-Wisp|p2a: Obstagoon
|-status|p2a: Obstagoon|brn
|
|-heal|p1a: Ryte|91/100|[from] item: Leftovers
|-damage|p2a: Obstagoon|94/100 brn|[from] brn
|upkeep
|turn|3
|inactive|Battle timer is ON: inactive players will automatically lose when time's up. (requested by Toxic_Emerald_015)
|
|move|p2a: Obstagoon|Facade|p1a: Ryte
|-damage|p1a: Ryte|19/100
|move|p1a: Ryte|Volt Switch|p2a: Obstagoon
|-damage|p2a: Obstagoon|65/100 brn
|inactive|Takaxhy! has 120 seconds left.
|
|switch|p1a: Blazeryuu|Cinderace, M|100/100|[from]move: Volt Switch
|
|-damage|p2a: Obstagoon|59/100 brn|[from] brn
|upkeep
|turn|4
|
|move|p2a: Obstagoon|Obstruct|p2a: Obstagoon
|-singleturn|p2a: Obstagoon|Protect
|move|p1a: Blazeryuu|U-turn|p2a: Obstagoon
|-activate|p2a: Obstagoon|move: Protect
|-unboost|p1a: Blazeryuu|def|2
|
|-damage|p2a: Obstagoon|52/100 brn|[from] brn
|upkeep
|turn|5
|
|switch|p2a: Toxapex|Toxapex, F|100/100
|move|p1a: Blazeryuu|U-turn|p2a: Toxapex
|-resisted|p2a: Toxapex
|-damage|p2a: Toxapex|94/100
|
|switch|p1a: Ryte|Rotom-Wash|19/100|[from]move: U-turn
|
|-heal|p1a: Ryte|25/100|[from] item: Leftovers
|-heal|p2a: Toxapex|100/100|[from] item: Black Sludge
|upkeep
|turn|6
|
|move|p2a: Toxapex|Baneful Bunker|p2a: Toxapex
|-singleturn|p2a: Toxapex|move: Protect
|move|p1a: Ryte|Volt Switch|p2a: Toxapex
|-activate|p2a: Toxapex|move: Protect
|
|-heal|p1a: Ryte|31/100|[from] item: Leftovers
|upkeep
|turn|7
|
|move|p1a: Ryte|Volt Switch|p2a: Toxapex
|-supereffective|p2a: Toxapex
|-damage|p2a: Toxapex|58/100
|
|switch|p1a: Haty|Hatterene, F|100/100|[from]move: Volt Switch
|move|p2a: Toxapex|Recover|p2a: Toxapex
|-heal|p2a: Toxapex|100/100
|
|upkeep
|turn|8
|
|switch|p2a: Obstagoon|Obstagoon, M|52/100 brn
|move|p1a: Haty|Calm Mind|p1a: Haty
|-boost|p1a: Haty|spa|1
|-boost|p1a: Haty|spd|1
|
|-damage|p2a: Obstagoon|46/100 brn|[from] brn
|upkeep
|turn|9
|
|switch|p1a: Anti-HeartBeat|Corsola-Galar, F, shiny|100/100
|move|p2a: Obstagoon|Knock Off|p1a: Anti-HeartBeat
|-supereffective|p1a: Anti-HeartBeat
|-damage|p1a: Anti-HeartBeat|38/100
|-enditem|p1a: Anti-HeartBeat|Eviolite|[from] move: Knock Off|[of] p2a: Obstagoon
|
|-damage|p2a: Obstagoon|40/100 brn|[from] brn
|upkeep
|turn|10
|
|move|p2a: Obstagoon|Knock Off|p1a: Anti-HeartBeat
|-supereffective|p1a: Anti-HeartBeat
|-damage|p1a: Anti-HeartBeat|0 fnt
|-start|p2a: Obstagoon|Disable|Knock Off|[from] ability: Cursed Body|[of] p1a: Anti-HeartBeat
|faint|p1a: Anti-HeartBeat
|
|-damage|p2a: Obstagoon|34/100 brn|[from] brn
|upkeep
|
|switch|p1a: Drillher|Excadrill, F|100/100
|-ability|p1a: Drillher|Mold Breaker
|turn|11
|
|move|p2a: Obstagoon|Obstruct|p2a: Obstagoon
|-singleturn|p2a: Obstagoon|Protect
|move|p1a: Drillher|Earthquake|p2a: Obstagoon
|-activate|p2a: Obstagoon|move: Protect
|
|-damage|p2a: Obstagoon|28/100 brn|[from] brn
|upkeep
|turn|12
|
|move|p1a: Drillher|Earthquake|p2a: Obstagoon
|-damage|p2a: Obstagoon|0 fnt
|faint|p2a: Obstagoon
|
|upkeep
|
|switch|p2a: Hydreigon|Hydreigon, F|100/100
|turn|13
|
|switch|p1a: Maryku|Mandibuzz, F|100/100
|move|p2a: Hydreigon|Dark Pulse|p1a: Maryku
|-resisted|p1a: Maryku
|-damage|p1a: Maryku|88/100
|
|upkeep
|turn|14
|
|switch|p2a: Weezing|Weezing-Galar, F|100/100
|move|p1a: Maryku|Knock Off|p2a: Weezing
|-resisted|p2a: Weezing
|-damage|p2a: Weezing|90/100
|-enditem|p2a: Weezing|Black Sludge|[from] move: Knock Off|[of] p1a: Maryku
|
|upkeep
|turn|15
|
|switch|p1a: Drillher|Excadrill, F|100/100
|-ability|p1a: Drillher|Mold Breaker
|move|p2a: Weezing|Strange Steam|p1a: Drillher
|-resisted|p1a: Drillher
|-damage|p1a: Drillher|82/100
|
|upkeep
|turn|16
|
|move|p1a: Drillher|Earthquake|p2a: Weezing
|-supereffective|p2a: Weezing
|-damage|p2a: Weezing|0 fnt
|faint|p2a: Weezing
|
|upkeep
|
|switch|p2a: Hydreigon|Hydreigon, F|100/100
|turn|17
|
|switch|p1a: Maryku|Mandibuzz, F|88/100
|move|p2a: Hydreigon|Dark Pulse|p1a: Maryku
|-resisted|p1a: Maryku
|-damage|p1a: Maryku|76/100
|
|upkeep
|turn|18
|
|move|p2a: Hydreigon|U-turn|p1a: Maryku
|-damage|p1a: Maryku|65/100
|
|switch|p2a: Toxapex|Toxapex, F|100/100|[from]move: U-turn
|move|p1a: Maryku|Knock Off|p2a: Toxapex
|-damage|p2a: Toxapex|87/100
|-enditem|p2a: Toxapex|Black Sludge|[from] move: Knock Off|[of] p1a: Maryku
|
|upkeep
|turn|19
|
|switch|p1a: Haty|Hatterene, F|100/100
|move|p2a: Toxapex|Scald|p1a: Haty
|-damage|p1a: Haty|81/100
|
|-heal|p1a: Haty|87/100|[from] item: Leftovers
|upkeep
|turn|20
|
|switch|p2a: Weavile|Weavile, M|91/100
|-ability|p2a: Weavile|Pressure
|move|p1a: Haty|Draining Kiss|p2a: Weavile
|-supereffective|p2a: Weavile
|-damage|p2a: Weavile|22/100
|-heal|p1a: Haty|100/100|[from] drain|[of] p2a: Weavile
|
|upkeep
|turn|21
|
|switch|p2a: Morpeko|Morpeko, M|100/100
|switch|p1a: Ryte|Rotom-Wash|31/100
|
|-heal|p1a: Ryte|38/100|[from] item: Leftovers
|-formechange|p2a: Morpeko|Morpeko-Hangry||[from] ability: Hunger Switch
|upkeep
|turn|22
|
|move|p2a: Morpeko|Aura Wheel|p1a: Ryte
|-damage|p1a: Ryte|10/100
|-boost|p2a: Morpeko|spe|1
|move|p1a: Ryte|Volt Switch|p2a: Morpeko
|-resisted|p2a: Morpeko
|-damage|p2a: Morpeko|78/100
|
|switch|p1a: Drillher|Excadrill, F|82/100|[from]move: Volt Switch
|-ability|p1a: Drillher|Mold Breaker
|
|-formechange|p2a: Morpeko|Morpeko||[from] ability: Hunger Switch
|upkeep
|turn|23
|
|move|p2a: Morpeko|Protect|p2a: Morpeko
|-singleturn|p2a: Morpeko|Protect
|move|p1a: Drillher|Earthquake|p2a: Morpeko
|-activate|p2a: Morpeko|move: Protect
|
|-formechange|p2a: Morpeko|Morpeko-Hangry||[from] ability: Hunger Switch
|upkeep
|turn|24
|
|move|p2a: Morpeko|Aura Wheel|p1a: Drillher
|-damage|p1a: Drillher|31/100
|-boost|p2a: Morpeko|spe|1
|move|p1a: Drillher|Earthquake|p2a: Morpeko
|-supereffective|p2a: Morpeko
|-damage|p2a: Morpeko|0 fnt
|faint|p2a: Morpeko
|
|upkeep
|
|switch|p2a: Toxapex|Toxapex, F|100/100
|turn|25
|
|switch|p1a: Ryte|Rotom-Wash|10/100
|move|p2a: Toxapex|Scald|p1a: Ryte
|-resisted|p1a: Ryte
|-damage|p1a: Ryte|1/100
|
|-heal|p1a: Ryte|7/100|[from] item: Leftovers
|upkeep
|turn|26
|
|move|p1a: Ryte|Volt Switch|p2a: Toxapex
|-supereffective|p2a: Toxapex
|-damage|p2a: Toxapex|60/100
|
|switch|p1a: Haty|Hatterene, F|100/100|[from]move: Volt Switch
|move|p2a: Toxapex|Scald|p1a: Haty
|-damage|p1a: Haty|83/100
|-status|p1a: Haty|brn
|
|-heal|p1a: Haty|89/100 brn|[from] item: Leftovers
|-damage|p1a: Haty|83/100 brn|[from] brn
|upkeep
|turn|27
|
|switch|p2a: Hydreigon|Hydreigon, F|100/100
|move|p1a: Haty|Draining Kiss|p2a: Hydreigon
|-supereffective|p2a: Hydreigon
|-damage|p2a: Hydreigon|0 fnt
|-heal|p1a: Haty|100/100 brn|[from] drain|[of] p2a: Hydreigon
|faint|p2a: Hydreigon
|
|-damage|p1a: Haty|95/100 brn|[from] brn
|upkeep
|
|switch|p2a: Toxapex|Toxapex, F|94/100
|turn|28
|
|switch|p2a: Weavile|Weavile, M|22/100
|-ability|p2a: Weavile|Pressure
|move|p1a: Haty|Calm Mind|p1a: Haty
|-boost|p1a: Haty|spa|1
|-boost|p1a: Haty|spd|1
|
|-heal|p1a: Haty|100/100 brn|[from] item: Leftovers
|-damage|p1a: Haty|95/100 brn|[from] brn
|upkeep
|turn|29
|
|move|p2a: Weavile|Night Slash|p1a: Haty
|-damage|p1a: Haty|55/100 brn
|-damage|p2a: Weavile|12/100|[from] item: Life Orb
|move|p1a: Haty|Draining Kiss|p2a: Weavile
|-supereffective|p2a: Weavile
|-damage|p2a: Weavile|0 fnt
|-heal|p1a: Haty|63/100 brn|[from] drain|[of] p2a: Weavile
|faint|p2a: Weavile
|
|-heal|p1a: Haty|69/100 brn|[from] item: Leftovers
|-damage|p1a: Haty|63/100 brn|[from] brn
|upkeep
|-message|Toxic_Emerald_015 forfeited.
|
|win|Takaxhy!
|l|☆Toxic_Emerald_015
|raw|Takaxhy!'s rating: 1109 → 1132(+23 for winning)
|raw|Toxic_Emerald_015's rating: 1085 → 1064(-21 for losing)
