|ScrapeTime|2020-01-01-08:55:35
|j|☆ItsTerminatee
|j|☆qilson
|player|p1|ItsTerminatee|dawn|1300
|player|p2|qilson|170|1259
|teamsize|p1|6
|teamsize|p2|6
|gametype|singles
|gen|8
|tier|[Gen 8] OU
|rated|
|rule|Sleep Clause Mod: Limit one foe put to sleep
|rule|Species Clause: Limit one of each Pokémon
|rule|OHKO Clause: OHKO moves are banned
|rule|Evasion Moves Clause: Evasion moves are banned
|rule|Endless Battle Clause: Forcing endless battles is banned
|rule|HP Percentage Mod: HP is shown in percentages
|clearpoke
|poke|p1|Aegislash, F|
|poke|p1|Corsola-Galar, F|
|poke|p1|Hydreigon, M|
|poke|p1|Rotom-Wash|
|poke|p1|Excadrill, F|
|poke|p1|Hawlucha, F|
|poke|p2|Aegislash, F|
|poke|p2|Gastrodon, M|
|poke|p2|Toxtricity-Low-Key, F|
|poke|p2|Grimmsnarl, M|
|poke|p2|Clefable, M|
|poke|p2|Corviknight, F|
|rule|Dynamax Clause: You cannot dynamax
|teampreview
|l|☆qilson
|player|p2|
|j|☆qilson
|player|p2|qilson|170
|inactive|Battle timer is ON: inactive players will automatically lose when time's up. (requested by ItsTerminatee)
|
|start
|switch|p1a: Hawlucha|Hawlucha, F|100/100
|switch|p2a: Clefable|Clefable, M|100/100
|turn|1
|
|switch|p1a: Aegislash|Aegislash, F|100/100
|move|p2a: Clefable|Moonblast|p1a: Aegislash
|-resisted|p1a: Aegislash
|-damage|p1a: Aegislash|84/100
|
|upkeep
|turn|2
|
|move|p2a: Clefable|Mystical Fire|p1a: Aegislash
|-supereffective|p1a: Aegislash
|-damage|p1a: Aegislash|44/100
|-unboost|p1a: Aegislash|spa|1
|-formechange|p1a: Aegislash|Aegislash-Blade||[from] ability: Stance Change
|move|p1a: Aegislash|Flash Cannon|p2a: Clefable
|-supereffective|p2a: Clefable
|-damage|p2a: Clefable|51/100
|
|upkeep
|turn|3
|l|☆qilson
|inactive|qilson disconnected and has a minute to reconnect!
|player|p2|
|j|☆qilson
|inactive|qilson reconnected and has 130 seconds left.
|player|p2|qilson|170
|inactive|ItsTerminatee has 120 seconds left.
|inactive|qilson has 120 seconds left.
|
|switch|p1a: Corsola|Corsola-Galar, F|100/100
|move|p2a: Clefable|Moonlight|p2a: Clefable
|-heal|p2a: Clefable|100/100
|
|upkeep
|turn|4
|inactive|ItsTerminatee has 120 seconds left.
|l|☆qilson
|inactive|qilson disconnected and has a minute to reconnect!
|player|p2|
|j|☆qilson
|inactive|qilson reconnected and has 95 seconds left.
|player|p2|qilson|170
|inactive|qilson has 90 seconds left.
|
|move|p2a: Clefable|Stealth Rock|p1a: Corsola
|-sidestart|p1: ItsTerminatee|move: Stealth Rock
|move|p1a: Corsola|Night Shade|p2a: Clefable
|-damage|p2a: Clefable|75/100
|
|upkeep
|turn|5
|inactive|ItsTerminatee has 120 seconds left.
|l|☆qilson
|inactive|qilson disconnected and has a minute to reconnect!
|player|p2|
|j|☆qilson
|inactive|qilson reconnected and has 45 seconds left.
|player|p2|qilson|170
|
|move|p2a: Clefable|Moonblast|p1a: Corsola
|-damage|p1a: Corsola|73/100
|-start|p2a: Clefable|Disable|Moonblast|[from] ability: Cursed Body|[of] p1a: Corsola
|move|p1a: Corsola|Night Shade|p2a: Clefable
|-damage|p2a: Clefable|50/100
|
|upkeep
|turn|6
|
|move|p2a: Clefable|Moonlight|p2a: Clefable
|-heal|p2a: Clefable|99/100
|move|p1a: Corsola|Night Shade|p2a: Clefable
|-damage|p2a: Clefable|74/100
|
|upkeep
|turn|7
|inactive|ItsTerminatee has 120 seconds left.
|
|switch|p2a: Toxtricity|Toxtricity-Low-Key, F|100/100
|move|p1a: Corsola|Night Shade|p2a: Toxtricity
|-damage|p2a: Toxtricity|66/100
|
|upkeep
|turn|8
|
|move|p2a: Toxtricity|Hex|p1a: Corsola
|-supereffective|p1a: Corsola
|-damage|p1a: Corsola|39/100
|move|p1a: Corsola|Night Shade|p2a: Toxtricity
|-damage|p2a: Toxtricity|32/100
|
|upkeep
|turn|9
|
|move|p2a: Toxtricity|Hex|p1a: Corsola
|-supereffective|p1a: Corsola
|-damage|p1a: Corsola|10/100
|-start|p2a: Toxtricity|Disable|Hex|[from] ability: Cursed Body|[of] p1a: Corsola
|move|p1a: Corsola|Night Shade|p2a: Toxtricity
|-damage|p2a: Toxtricity|0 fnt
|faint|p2a: Toxtricity
|
|upkeep
|inactive|qilson has 30 seconds left.
|
|switch|p2a: Clefable|Clefable, M|74/100
|turn|10
|
|move|p2a: Clefable|Moonblast|p1a: Corsola
|-damage|p1a: Corsola|0 fnt
|faint|p1a: Corsola
|
|upkeep
|
|switch|p1a: Excadrill|Excadrill, F|100/100
|-damage|p1a: Excadrill|97/100|[from] Stealth Rock
|-ability|p1a: Excadrill|Mold Breaker
|turn|11
|
|switch|p2a: Corviknight|Corviknight, F|100/100
|move|p1a: Excadrill|Iron Head|p2a: Corviknight
|-resisted|p2a: Corviknight
|-damage|p2a: Corviknight|88/100
|-damage|p1a: Excadrill|81/100|[from] item: Rocky Helmet|[of] p2a: Corviknight
|
|upkeep
|turn|12
|
|move|p1a: Excadrill|Stealth Rock|p2a: Corviknight
|-sidestart|p2: qilson|move: Stealth Rock
|move|p2a: Corviknight|U-turn|p1a: Excadrill
|-resisted|p1a: Excadrill
|-damage|p1a: Excadrill|71/100
|
|switch|p2a: Gastrodon|Gastrodon, M|100/100|[from]move: U-turn
|-damage|p2a: Gastrodon|94/100|[from] Stealth Rock
|
|-heal|p2a: Gastrodon|100/100|[from] item: Leftovers
|upkeep
|turn|13
|
|switch|p1a: Rotom|Rotom-Wash|100/100
|-damage|p1a: Rotom|88/100|[from] Stealth Rock
|move|p2a: Gastrodon|Scald|p1a: Rotom
|-resisted|p1a: Rotom
|-damage|p1a: Rotom|75/100
|
|-heal|p1a: Rotom|82/100|[from] item: Leftovers
|upkeep
|turn|14
|
|move|p1a: Rotom|Will-O-Wisp|p2a: Gastrodon
|-status|p2a: Gastrodon|brn
|move|p2a: Gastrodon|Yawn|p1a: Rotom
|-start|p1a: Rotom|move: Yawn|[of] p2a: Gastrodon
|
|-heal|p1a: Rotom|88/100|[from] item: Leftovers
|-damage|p2a: Gastrodon|94/100 brn|[from] brn
|upkeep
|turn|15
|
|switch|p1a: Aegislash|Aegislash, F|44/100
|-damage|p1a: Aegislash|38/100|[from] Stealth Rock
|switch|p2a: Clefable|Clefable, M|74/100
|
|upkeep
|turn|16
|
|-formechange|p1a: Aegislash|Aegislash-Blade||[from] ability: Stance Change
|move|p1a: Aegislash|Shadow Sneak|p2a: Clefable
|-crit|p2a: Clefable
|-damage|p2a: Clefable|36/100
|move|p2a: Clefable|Mystical Fire|p1a: Aegislash
|-supereffective|p1a: Aegislash
|-damage|p1a: Aegislash|0 fnt
|faint|p1a: Aegislash
|
|upkeep
|inactive|ItsTerminatee has 120 seconds left.
|
|switch|p1a: Excadrill|Excadrill, F|71/100
|-damage|p1a: Excadrill|68/100|[from] Stealth Rock
|-ability|p1a: Excadrill|Mold Breaker
|turn|17
|l|☆qilson
|inactive|qilson disconnected and has a minute to reconnect!
|player|p2|
|j|☆qilson
|inactive|qilson reconnected and has 55 seconds left.
|player|p2|qilson|170
|
|switch|p2a: Corviknight|Corviknight, F|88/100
|-damage|p2a: Corviknight|76/100|[from] Stealth Rock
|move|p1a: Excadrill|Rapid Spin|p2a: Corviknight
|-resisted|p2a: Corviknight
|-damage|p2a: Corviknight|70/100
|-damage|p1a: Excadrill|51/100|[from] item: Rocky Helmet|[of] p2a: Corviknight
|-sideend|p1: ItsTerminatee|Stealth Rock|[from] move: Rapid Spin|[of] p1a: Excadrill
|-boost|p1a: Excadrill|spe|1
|
|upkeep
|turn|18
|
|switch|p1a: Rotom|Rotom-Wash|88/100
|move|p2a: Corviknight|Defog|p1a: Rotom
|-unboost|p1a: Rotom|evasion|1
|-sideend|p2: qilson|Stealth Rock|[from] move: Defog|[of] p2a: Corviknight
|
|-heal|p1a: Rotom|94/100|[from] item: Leftovers
|upkeep
|turn|19
|
|switch|p1a: Hydreigon|Hydreigon, M|100/100
|switch|p2a: Gastrodon|Gastrodon, M|94/100 brn
|
|-heal|p2a: Gastrodon|100/100 brn|[from] item: Leftovers
|-damage|p2a: Gastrodon|94/100 brn|[from] brn
|upkeep
|turn|20
|
|switch|p2a: Grimmsnarl|Grimmsnarl, M|100/100
|move|p1a: Hydreigon|Draco Meteor|p2a: Grimmsnarl
|-immune|p2a: Grimmsnarl
|
|upkeep
|turn|21
|
|switch|p1a: Rotom|Rotom-Wash|94/100
|move|p2a: Grimmsnarl|Reflect|p2a: Grimmsnarl
|-sidestart|p2: qilson|Reflect
|
|-heal|p1a: Rotom|100/100|[from] item: Leftovers
|upkeep
|turn|22
|
|switch|p2a: Gastrodon|Gastrodon, M|94/100 brn
|move|p1a: Rotom|Will-O-Wisp|p2a: Gastrodon
|-fail|p2a: Gastrodon|brn
|
|-heal|p2a: Gastrodon|100/100 brn|[from] item: Leftovers
|-damage|p2a: Gastrodon|94/100 brn|[from] brn
|upkeep
|turn|23
|l|☆qilson
|inactive|qilson disconnected and has a minute to reconnect!
|player|p2|
|inactive|qilson has 30 seconds left.
|j|☆qilson
|inactive|qilson reconnected and has 30 seconds left.
|player|p2|qilson|170
|
|switch|p1a: Hydreigon|Hydreigon, M|100/100
|move|p2a: Gastrodon|Yawn|p1a: Hydreigon
|-start|p1a: Hydreigon|move: Yawn|[of] p2a: Gastrodon
|
|-heal|p2a: Gastrodon|100/100 brn|[from] item: Leftovers
|-damage|p2a: Gastrodon|94/100 brn|[from] brn
|upkeep
|turn|24
|inactive|qilson has 30 seconds left.
|
|move|p1a: Hydreigon|U-turn|p2a: Gastrodon
|-damage|p2a: Gastrodon|87/100 brn
|inactive|qilson has 30 seconds left this turn.
|
|switch|p1a: Rotom|Rotom-Wash|100/100|[from]move: U-turn
|move|p2a: Gastrodon|Yawn|p1a: Rotom
|-start|p1a: Rotom|move: Yawn|[of] p2a: Gastrodon
|
|-heal|p2a: Gastrodon|93/100 brn|[from] item: Leftovers
|-damage|p2a: Gastrodon|87/100 brn|[from] brn
|upkeep
|turn|25
|inactive|qilson has 30 seconds left.
|
|switch|p1a: Hydreigon|Hydreigon, M|100/100
|switch|p2a: Clefable|Clefable, M|36/100
|
|upkeep
|turn|26
|inactive|qilson has 30 seconds left.
|
|move|p1a: Hydreigon|U-turn|p2a: Clefable
|-resisted|p2a: Clefable
|-damage|p2a: Clefable|32/100
|inactive|qilson has 30 seconds left this turn.
|
|switch|p1a: Excadrill|Excadrill, F|51/100|[from]move: U-turn
|-ability|p1a: Excadrill|Mold Breaker
|move|p2a: Clefable|Moonlight|p2a: Clefable
|-heal|p2a: Clefable|82/100
|
|upkeep
|turn|27
|
|move|p1a: Excadrill|Stealth Rock|p2a: Clefable
|-sidestart|p2: qilson|move: Stealth Rock
|move|p2a: Clefable|Mystical Fire|p1a: Excadrill
|-supereffective|p1a: Excadrill
|-damage|p1a: Excadrill|0 fnt
|faint|p1a: Excadrill
|
|upkeep
|
|switch|p1a: Rotom|Rotom-Wash|100/100
|turn|28
|l|☆qilson
|inactive|qilson disconnected and has a minute to reconnect!
|player|p2|
|j|☆qilson
|inactive|qilson reconnected and has 35 seconds left.
|player|p2|qilson|170
|inactive|qilson has 30 seconds left.
|
|switch|p2a: Gastrodon|Gastrodon, M|87/100 brn
|-damage|p2a: Gastrodon|81/100 brn|[from] Stealth Rock
|move|p1a: Rotom|Thunder Wave|p2a: Gastrodon
|-immune|p2a: Gastrodon
|
|-heal|p2a: Gastrodon|87/100 brn|[from] item: Leftovers
|-damage|p2a: Gastrodon|81/100 brn|[from] brn
|-sideend|p2: qilson|Reflect
|upkeep
|turn|29
|inactive|qilson has 30 seconds left.
|
|switch|p1a: Hydreigon|Hydreigon, M|100/100
|switch|p2a: Corviknight|Corviknight, F|70/100
|-damage|p2a: Corviknight|58/100|[from] Stealth Rock
|
|upkeep
|turn|30
|inactive|qilson has 30 seconds left.
|
|move|p1a: Hydreigon|Dark Pulse|p2a: Corviknight
|-damage|p2a: Corviknight|17/100
|move|p2a: Corviknight|Defog|p1a: Hydreigon
|-unboost|p1a: Hydreigon|evasion|1
|-sideend|p2: qilson|Stealth Rock|[from] move: Defog|[of] p2a: Corviknight
|
|upkeep
|turn|31
|inactive|qilson has 30 seconds left.
|
|switch|p2a: Clefable|Clefable, M|82/100
|move|p1a: Hydreigon|Dark Pulse|p2a: Clefable
|-resisted|p2a: Clefable
|-crit|p2a: Clefable
|-damage|p2a: Clefable|53/100
|
|upkeep
|turn|32
|inactive|qilson has 30 seconds left.
|
|switch|p1a: Rotom|Rotom-Wash|100/100
|move|p2a: Clefable|Moonlight|p2a: Clefable
|-heal|p2a: Clefable|100/100
|
|upkeep
|turn|33
|inactive|qilson has 30 seconds left.
|
|switch|p2a: Gastrodon|Gastrodon, M|81/100 brn
|move|p1a: Rotom|Thunder Wave|p2a: Gastrodon
|-immune|p2a: Gastrodon
|
|-heal|p2a: Gastrodon|87/100 brn|[from] item: Leftovers
|-damage|p2a: Gastrodon|81/100 brn|[from] brn
|upkeep
|turn|34
|inactive|qilson has 30 seconds left.
|
|switch|p1a: Hydreigon|Hydreigon, M|100/100
|move|p2a: Gastrodon|Yawn|p1a: Hydreigon
|-start|p1a: Hydreigon|move: Yawn|[of] p2a: Gastrodon
|
|-heal|p2a: Gastrodon|87/100 brn|[from] item: Leftovers
|-damage|p2a: Gastrodon|81/100 brn|[from] brn
|upkeep
|turn|35
|inactive|qilson has 30 seconds left.
|
|move|p1a: Hydreigon|U-turn|p2a: Gastrodon
|-damage|p2a: Gastrodon|64/100 brn
|
|switch|p1a: Rotom|Rotom-Wash|100/100|[from]move: U-turn
|move|p2a: Gastrodon|Yawn|p1a: Rotom
|-start|p1a: Rotom|move: Yawn|[of] p2a: Gastrodon
|
|-heal|p2a: Gastrodon|70/100 brn|[from] item: Leftovers
|-damage|p2a: Gastrodon|64/100 brn|[from] brn
|upkeep
|turn|36
|inactive|qilson has 30 seconds left.
|
|switch|p1a: Hydreigon|Hydreigon, M|100/100
|switch|p2a: Clefable|Clefable, M|100/100
|
|upkeep
|turn|37
|
|move|p1a: Hydreigon|U-turn|p2a: Clefable
|-resisted|p2a: Clefable
|-damage|p2a: Clefable|91/100
|
|switch|p1a: Rotom|Rotom-Wash|100/100|[from]move: U-turn
|move|p2a: Clefable|Stealth Rock|p1a: Rotom
|-sidestart|p1: ItsTerminatee|move: Stealth Rock
|
|upkeep
|turn|38
|
|switch|p2a: Gastrodon|Gastrodon, M|64/100 brn
|move|p1a: Rotom|Thunder Wave|p2a: Gastrodon
|-immune|p2a: Gastrodon
|
|-heal|p2a: Gastrodon|70/100 brn|[from] item: Leftovers
|-damage|p2a: Gastrodon|64/100 brn|[from] brn
|upkeep
|turn|39
|
|switch|p1a: Hydreigon|Hydreigon, M|100/100
|-damage|p1a: Hydreigon|88/100|[from] Stealth Rock
|move|p2a: Gastrodon|Recover|p2a: Gastrodon
|-heal|p2a: Gastrodon|100/100 brn
|
|-damage|p2a: Gastrodon|94/100 brn|[from] brn
|upkeep
|turn|40
|
|switch|p2a: Grimmsnarl|Grimmsnarl, M|100/100
|move|p1a: Hydreigon|Dark Pulse|p2a: Grimmsnarl
|-resisted|p2a: Grimmsnarl
|-damage|p2a: Grimmsnarl|91/100
|
|upkeep
|turn|41
|
|switch|p1a: Rotom|Rotom-Wash|100/100
|-damage|p1a: Rotom|88/100|[from] Stealth Rock
|move|p2a: Grimmsnarl|Light Screen|p2a: Grimmsnarl
|-sidestart|p2: qilson|move: Light Screen
|
|-heal|p1a: Rotom|94/100|[from] item: Leftovers
|upkeep
|turn|42
|
|switch|p2a: Gastrodon|Gastrodon, M|94/100 brn
|move|p1a: Rotom|Thunder Wave|p2a: Gastrodon
|-immune|p2a: Gastrodon
|
|-heal|p1a: Rotom|100/100|[from] item: Leftovers
|-heal|p2a: Gastrodon|100/100 brn|[from] item: Leftovers
|-damage|p2a: Gastrodon|94/100 brn|[from] brn
|upkeep
|turn|43
|
|switch|p1a: Hydreigon|Hydreigon, M|88/100
|-damage|p1a: Hydreigon|76/100|[from] Stealth Rock
|move|p2a: Gastrodon|Yawn|p1a: Hydreigon
|-start|p1a: Hydreigon|move: Yawn|[of] p2a: Gastrodon
|
|-heal|p2a: Gastrodon|100/100 brn|[from] item: Leftovers
|-damage|p2a: Gastrodon|94/100 brn|[from] brn
|upkeep
|turn|44
|
|move|p1a: Hydreigon|U-turn|p2a: Gastrodon
|-damage|p2a: Gastrodon|76/100 brn
|
|switch|p1a: Rotom|Rotom-Wash|100/100|[from]move: U-turn
|-damage|p1a: Rotom|88/100|[from] Stealth Rock
|move|p2a: Gastrodon|Yawn|p1a: Rotom
|-start|p1a: Rotom|move: Yawn|[of] p2a: Gastrodon
|
|-heal|p1a: Rotom|94/100|[from] item: Leftovers
|-heal|p2a: Gastrodon|82/100 brn|[from] item: Leftovers
|-damage|p2a: Gastrodon|76/100 brn|[from] brn
|upkeep
|turn|45
|inactive|qilson has 60 seconds left.
|
|switch|p1a: Hydreigon|Hydreigon, M|76/100
|-damage|p1a: Hydreigon|64/100|[from] Stealth Rock
|switch|p2a: Clefable|Clefable, M|91/100
|
|upkeep
|turn|46
|
|move|p1a: Hydreigon|U-turn|p2a: Clefable
|-resisted|p2a: Clefable
|-damage|p2a: Clefable|83/100
|
|switch|p1a: Rotom|Rotom-Wash|94/100|[from]move: U-turn
|-damage|p1a: Rotom|82/100|[from] Stealth Rock
|move|p2a: Clefable|Moonblast|p1a: Rotom
|-damage|p1a: Rotom|22/100
|-unboost|p1a: Rotom|spa|1
|
|-heal|p1a: Rotom|28/100|[from] item: Leftovers
|upkeep
|turn|47
|inactive|qilson has 60 seconds left.
|
|move|p1a: Rotom|Thunder Wave|p2a: Clefable|[miss]
|-miss|p1a: Rotom|p2a: Clefable
|move|p2a: Clefable|Moonblast|p1a: Rotom
|-damage|p1a: Rotom|0 fnt
|faint|p1a: Rotom
|
|upkeep
|
|switch|p1a: Hydreigon|Hydreigon, M|64/100
|-damage|p1a: Hydreigon|51/100|[from] Stealth Rock
|turn|48
|
|switch|p2a: Aegislash|Aegislash, F|100/100
|move|p1a: Hydreigon|Dark Pulse|p2a: Aegislash
|-supereffective|p2a: Aegislash
|-damage|p2a: Aegislash|68/100
|
|-heal|p2a: Aegislash|74/100|[from] item: Leftovers
|-sideend|p2: qilson|move: Light Screen
|upkeep
|turn|49
|inactive|qilson has 60 seconds left.
|
|switch|p2a: Grimmsnarl|Grimmsnarl, M|91/100
|move|p1a: Hydreigon|Dark Pulse|p2a: Grimmsnarl
|-resisted|p2a: Grimmsnarl
|-damage|p2a: Grimmsnarl|82/100
|
|upkeep
|turn|50
|inactive|qilson has 60 seconds left.
|
|switch|p1a: Hawlucha|Hawlucha, F|100/100
|-damage|p1a: Hawlucha|88/100|[from] Stealth Rock
|move|p2a: Grimmsnarl|Light Screen|p2a: Grimmsnarl
|-sidestart|p2: qilson|move: Light Screen
|
|upkeep
|turn|51
|inactive|qilson has 60 seconds left.
|
|move|p2a: Grimmsnarl|Thunder Wave|p1a: Hawlucha
|-status|p1a: Hawlucha|par
|move|p1a: Hawlucha|Swords Dance|p1a: Hawlucha
|-boost|p1a: Hawlucha|atk|2
|
|upkeep
|turn|52
|inactive|qilson has 60 seconds left.
|
|move|p2a: Grimmsnarl|Reflect|p2a: Grimmsnarl
|-sidestart|p2: qilson|Reflect
|move|p1a: Hawlucha|Close Combat|p2a: Grimmsnarl
|-damage|p2a: Grimmsnarl|32/100
|-unboost|p1a: Hawlucha|def|1
|-unboost|p1a: Hawlucha|spd|1
|-enditem|p1a: Hawlucha|White Herb
|-clearnegativeboost|p1a: Hawlucha|[silent]
|
|upkeep
|turn|53
|
|switch|p2a: Corviknight|Corviknight, F|17/100
|move|p1a: Hawlucha|Swords Dance|p1a: Hawlucha
|-boost|p1a: Hawlucha|atk|2
|
|upkeep
|turn|54
|
|cant|p1a: Hawlucha|par
|move|p2a: Corviknight|Brave Bird|p1a: Hawlucha
|-supereffective|p1a: Hawlucha
|-damage|p1a: Hawlucha|0 fnt
|-damage|p2a: Corviknight|0 fnt|[from] Recoil
|faint|p1a: Hawlucha
|faint|p2a: Corviknight
|
|upkeep
|inactive|qilson has 60 seconds left.
|-message|ItsTerminatee forfeited.
|
|win|qilson
|l|☆ItsTerminatee
|raw|ItsTerminatee's rating: 1300 → 1272(-28 for losing)
|raw|qilson's rating: 1260 → 1288(+28 for winning)
