|ScrapeTime|2020-01-02-02:45:09
|j|☆ogTFlame
|j|☆Geralt the Rivera
|player|p1|ogTFlame|lucas|1479
|player|p2|Geralt the Rivera|bruno|1522
|teamsize|p1|6
|teamsize|p2|6
|gametype|singles
|gen|8
|tier|[Gen 8] OU
|rated|
|rule|Sleep Clause Mod: Limit one foe put to sleep
|rule|Species Clause: Limit one of each Pokémon
|rule|OHKO Clause: OHKO moves are banned
|rule|Evasion Moves Clause: Evasion moves are banned
|rule|Endless Battle Clause: Forcing endless battles is banned
|rule|HP Percentage Mod: HP is shown in percentages
|clearpoke
|poke|p1|Cinderace, M|
|poke|p1|Excadrill, M|
|poke|p1|Rotom-Wash|
|poke|p1|Aegislash, F|
|poke|p1|Gyarados, F|
|poke|p1|Conkeldurr, F|
|poke|p2|Mew|
|poke|p2|Aegislash, F|
|poke|p2|Lucario, M|
|poke|p2|Dragapult, F|
|poke|p2|Crawdaunt, F|
|poke|p2|Bisharp, F|
|rule|Dynamax Clause: You cannot dynamax
|teampreview
|inactive|Battle timer is ON: inactive players will automatically lose when time's up. (requested by ogTFlame)
|
|start
|switch|p1a: CLEEEAN|Rotom-Wash|100/100
|switch|p2a: Mew|Mew|100/100
|turn|1
|
|move|p1a: CLEEEAN|Volt Switch|p2a: Mew
|-damage|p2a: Mew|85/100
|-enditem|p2a: Mew|Red Card|[of] p1a: CLEEEAN
|drag|p1a: Rampage|Gyarados, F|100/100
|move|p2a: Mew|Stealth Rock|p1a: Rampage
|-sidestart|p1: ogTFlame|move: Stealth Rock
|
|upkeep
|turn|2
|
|switch|p1a: CLEEEAN|Rotom-Wash|100/100
|-damage|p1a: CLEEEAN|88/100|[from] Stealth Rock
|move|p2a: Mew|Rock Tomb|p1a: CLEEEAN|[miss]
|-miss|p2a: Mew|p1a: CLEEEAN
|
|-heal|p1a: CLEEEAN|94/100|[from] item: Leftovers
|upkeep
|turn|3
|
|move|p1a: CLEEEAN|Will-O-Wisp|p2a: Mew|[miss]
|-miss|p1a: CLEEEAN|p2a: Mew
|move|p2a: Mew|Rock Tomb|p1a: CLEEEAN
|-damage|p1a: CLEEEAN|81/100
|-unboost|p1a: CLEEEAN|spe|1
|
|-heal|p1a: CLEEEAN|87/100|[from] item: Leftovers
|upkeep
|turn|4
|
|move|p2a: Mew|Taunt|p1a: CLEEEAN
|-start|p1a: CLEEEAN|move: Taunt
|move|p1a: CLEEEAN|Hydro Pump|p2a: Mew|[miss]
|-miss|p1a: CLEEEAN|p2a: Mew
|
|-heal|p1a: CLEEEAN|93/100|[from] item: Leftovers
|upkeep
|turn|5
|
|move|p2a: Mew|Spikes|p1a: CLEEEAN
|-sidestart|p1: ogTFlame|Spikes
|move|p1a: CLEEEAN|Volt Switch|p2a: Mew
|-damage|p2a: Mew|70/100
|
|switch|p1a: Brody|Conkeldurr, F|100/100|[from]move: Volt Switch
|-damage|p1a: Brody|88/100|[from] Spikes
|-damage|p1a: Brody|82/100|[from] Stealth Rock
|
|-status|p1a: Brody|brn|[from] item: Flame Orb
|upkeep
|turn|6
|
|move|p2a: Mew|Spikes|p1a: Brody
|-sidestart|p1: ogTFlame|Spikes
|move|p1a: Brody|Earthquake|p2a: Mew
|-damage|p2a: Mew|18/100
|
|-damage|p1a: Brody|76/100 brn|[from] brn
|upkeep
|turn|7
|
|move|p2a: Mew|Spikes|p1a: Brody
|-sidestart|p1: ogTFlame|Spikes
|move|p1a: Brody|Earthquake|p2a: Mew
|-damage|p2a: Mew|0 fnt
|faint|p2a: Mew
|
|-damage|p1a: Brody|70/100 brn|[from] brn
|upkeep
|
|switch|p2a: Dragapult|Dragapult, F|100/100
|turn|8
|
|switch|p1a: SLICE EM UP|Aegislash, F|100/100
|-damage|p1a: SLICE EM UP|75/100|[from] Spikes
|-damage|p1a: SLICE EM UP|69/100|[from] Stealth Rock
|move|p2a: Dragapult|Dragon Dance|p2a: Dragapult
|-boost|p2a: Dragapult|atk|1
|-boost|p2a: Dragapult|spe|1
|
|-heal|p1a: SLICE EM UP|75/100|[from] item: Leftovers
|upkeep
|turn|9
|
|-formechange|p1a: SLICE EM UP|Aegislash-Blade||[from] ability: Stance Change
|move|p1a: SLICE EM UP|Shadow Sneak|p2a: Dragapult
|-supereffective|p2a: Dragapult
|-damage|p2a: Dragapult|37/100
|move|p2a: Dragapult|Phantom Force||[still]
|-prepare|p2a: Dragapult|Phantom Force|p1a: SLICE EM UP
|
|-heal|p2a: Dragapult|43/100|[from] item: Leftovers
|-heal|p1a: SLICE EM UP|82/100|[from] item: Leftovers
|upkeep
|turn|10
|
|switch|p1a: Rampage|Gyarados, F|100/100
|move|p2a: Dragapult|Phantom Force|p1a: Rampage|[from]lockedmove
|-damage|p1a: Rampage|10/100
|
|-heal|p2a: Dragapult|49/100|[from] item: Leftovers
|upkeep
|turn|11
|
|move|p2a: Dragapult|Substitute|p2a: Dragapult
|-start|p2a: Dragapult|Substitute
|-damage|p2a: Dragapult|24/100
|move|p1a: Rampage|Earthquake|p2a: Dragapult
|-end|p2a: Dragapult|Substitute
|
|-heal|p2a: Dragapult|30/100|[from] item: Leftovers
|upkeep
|turn|12
|
|move|p2a: Dragapult|Dragon Darts|p1a: Rampage
|-damage|p1a: Rampage|0 fnt
|-hitcount|p1a: Rampage|1
|faint|p1a: Rampage
|
|-heal|p2a: Dragapult|36/100|[from] item: Leftovers
|upkeep
|
|switch|p1a: SLICE EM UP|Aegislash, F|82/100
|-damage|p1a: SLICE EM UP|75/100|[from] Stealth Rock
|-damage|p1a: SLICE EM UP|50/100|[from] Spikes
|turn|13
|
|switch|p2a: Bisharp|Bisharp, F|100/100
|switch|p1a: Nesquik|Cinderace, M|100/100
|-damage|p1a: Nesquik|76/100|[from] Spikes
|-damage|p1a: Nesquik|51/100|[from] Stealth Rock
|
|upkeep
|turn|14
|
|move|p1a: Nesquik|Court Change|p1a: Nesquik
|-sideend|p1: ogTFlame|Spikes|[silent]
|-sidestart|p2: Geralt the Rivera|Spikes|[silent]
|-sidestart|p2: Geralt the Rivera|Spikes|[silent]
|-sidestart|p2: Geralt the Rivera|Spikes|[silent]
|-sideend|p1: ogTFlame|Stealth Rock|[silent]
|-sidestart|p2: Geralt the Rivera|Stealth Rock|[silent]
|-activate|p1a: Nesquik|move: Court Change
|move|p2a: Bisharp|Throat Chop|p1a: Nesquik
|-damage|p1a: Nesquik|0 fnt
|faint|p1a: Nesquik
|
|upkeep
|
|switch|p1a: Brody|Conkeldurr, F|70/100 brn
|turn|15
|
|switch|p2a: Aegislash|Aegislash, F|100/100
|-damage|p2a: Aegislash|94/100|[from] Stealth Rock
|-item|p2a: Aegislash|Air Balloon
|move|p1a: Brody|Mach Punch|p2a: Aegislash
|-immune|p2a: Aegislash
|
|-damage|p1a: Brody|64/100 brn|[from] brn
|upkeep
|turn|16
|
|switch|p1a: SLICE EM UP|Aegislash, F|50/100
|move|p2a: Aegislash|Swords Dance|p2a: Aegislash
|-boost|p2a: Aegislash|atk|2
|
|-heal|p1a: SLICE EM UP|57/100|[from] item: Leftovers
|upkeep
|turn|17
|
|-formechange|p1a: SLICE EM UP|Aegislash-Blade||[from] ability: Stance Change
|move|p1a: SLICE EM UP|Shadow Sneak|p2a: Aegislash
|-supereffective|p2a: Aegislash
|-damage|p2a: Aegislash|52/100
|-enditem|p2a: Aegislash|Air Balloon
|-formechange|p2a: Aegislash|Aegislash-Blade||[from] ability: Stance Change
|move|p2a: Aegislash|Shadow Sneak|p1a: SLICE EM UP
|-supereffective|p1a: SLICE EM UP
|-damage|p1a: SLICE EM UP|0 fnt
|faint|p1a: SLICE EM UP
|
|upkeep
|
|switch|p1a: SHOOTINGSTAR|Excadrill, M|100/100
|-ability|p1a: SHOOTINGSTAR|Mold Breaker
|turn|18
|
|move|p2a: Aegislash|Shadow Sneak|p1a: SHOOTINGSTAR
|-damage|p1a: SHOOTINGSTAR|33/100
|move|p1a: SHOOTINGSTAR|Earthquake|p2a: Aegislash
|-supereffective|p2a: Aegislash
|-damage|p2a: Aegislash|0 fnt
|faint|p2a: Aegislash
|
|upkeep
|
|switch|p2a: Dragapult|Dragapult, F|36/100
|-damage|p2a: Dragapult|12/100|[from] Spikes
|-damage|p2a: Dragapult|0 fnt|[from] Stealth Rock
|faint|p2a: Dragapult
|
|switch|p2a: Crawdaunt|Crawdaunt, F|100/100
|-damage|p2a: Crawdaunt|88/100|[from] Stealth Rock
|-damage|p2a: Crawdaunt|63/100|[from] Spikes
|turn|19
|inactive|ogTFlame has 120 seconds left.
|
|move|p2a: Crawdaunt|Aqua Jet|p1a: SHOOTINGSTAR
|-supereffective|p1a: SHOOTINGSTAR
|-damage|p1a: SHOOTINGSTAR|0 fnt
|-damage|p2a: Crawdaunt|54/100|[from] item: Life Orb
|faint|p1a: SHOOTINGSTAR
|
|upkeep
|inactive|ogTFlame has 120 seconds left.
|
|switch|p1a: CLEEEAN|Rotom-Wash|93/100
|turn|20
|
|move|p1a: CLEEEAN|Volt Switch|p2a: Crawdaunt
|-supereffective|p2a: Crawdaunt
|-damage|p2a: Crawdaunt|0 fnt
|faint|p2a: Crawdaunt
|
|switch|p1a: Brody|Conkeldurr, F|64/100 brn|[from]move: Volt Switch
|
|-damage|p1a: Brody|58/100 brn|[from] brn
|upkeep
|
|switch|p2a: Bisharp|Bisharp, F|100/100
|-damage|p2a: Bisharp|95/100|[from] Stealth Rock
|-damage|p2a: Bisharp|70/100|[from] Spikes
|turn|21
|
|move|p2a: Bisharp|Sucker Punch|p1a: Brody
|-resisted|p1a: Brody
|-damage|p1a: Brody|38/100 brn
|move|p1a: Brody|Mach Punch|p2a: Bisharp
|-supereffective|p2a: Bisharp
|-damage|p2a: Bisharp|0 fnt
|faint|p2a: Bisharp
|
|-damage|p1a: Brody|32/100 brn|[from] brn
|upkeep
|
|switch|p2a: Lucario|Lucario, M|100/100
|-damage|p2a: Lucario|98/100|[from] Stealth Rock
|-damage|p2a: Lucario|73/100|[from] Spikes
|turn|22
|
|move|p1a: Brody|Mach Punch|p2a: Lucario
|-supereffective|p2a: Lucario
|-damage|p2a: Lucario|0 fnt
|faint|p2a: Lucario
|
|win|ogTFlame
|c|☆ogTFlame|gg
|raw|ogTFlame's rating: 1479 → 1502(+23 for winning)
|raw|Geralt the Rivera's rating: 1522 → 1500(-22 for losing)
|c|☆Geralt the Rivera|GG
