|ScrapeTime|2020-01-03-02:08:51
|j|☆Mchunter95
|j|☆Raylolo
|player|p1|Mchunter95|bugcatcher|1170
|player|p2|Raylolo|170|1186
|teamsize|p1|6
|teamsize|p2|6
|gametype|singles
|gen|8
|tier|[Gen 8] OU
|rated|
|rule|Sleep Clause Mod: Limit one foe put to sleep
|rule|Species Clause: Limit one of each Pokémon
|rule|OHKO Clause: OHKO moves are banned
|rule|Evasion Moves Clause: Evasion moves are banned
|rule|Endless Battle Clause: Forcing endless battles is banned
|rule|HP Percentage Mod: HP is shown in percentages
|clearpoke
|poke|p1|Corsola-Galar, F|
|poke|p1|Gyarados, M|
|poke|p1|Mimikyu, M|
|poke|p1|Alcremie, F|
|poke|p1|Hippowdon, F|
|poke|p1|Salazzle, F|
|poke|p2|Corviknight, M|
|poke|p2|Mimikyu, F|
|poke|p2|Conkeldurr, M|
|poke|p2|Dragapult, F|
|poke|p2|Toxtricity, F|
|poke|p2|Gyarados, M|
|rule|Dynamax Clause: You cannot dynamax
|teampreview
|
|start
|switch|p1a: Salazzle|Salazzle, F|100/100
|switch|p2a: Mimikyu|Mimikyu, F, shiny|100/100
|turn|1
|
|move|p1a: Salazzle|Toxic|p2a: Mimikyu
|-status|p2a: Mimikyu|tox
|move|p2a: Mimikyu|Swords Dance|p2a: Mimikyu
|-boost|p2a: Mimikyu|atk|2
|
|-damage|p2a: Mimikyu|95/100 tox|[from] psn
|upkeep
|turn|2
|c|☆Raylolo|!weak Salazzle
|html|Salazzle (ignoring abilities):Weaknesses: Ground, Psychic, Rock, WaterResistances: Bug, Fairy, Fighting, Fire, Grass, Ice, Poison, SteelImmunities: None
|
|move|p1a: Salazzle|Sludge Bomb|p2a: Mimikyu
|-activate|p2a: Mimikyu|ability: Disguise
|-damage|p2a: Mimikyu|95/100 tox
|detailschange|p2a: Mimikyu|Mimikyu-Busted, F, shiny
|-damage|p2a: Mimikyu|82/100 tox|[from] ability: Disguise|[of] p2a: Mimikyu
|move|p2a: Mimikyu|Swords Dance|p2a: Mimikyu
|-boost|p2a: Mimikyu|atk|2
|
|-damage|p2a: Mimikyu|70/100 tox|[from] psn
|upkeep
|turn|3
|
|move|p2a: Mimikyu|Shadow Sneak|p1a: Salazzle
|-damage|p1a: Salazzle|0 fnt
|-damage|p2a: Mimikyu|60/100 tox|[from] item: Life Orb
|faint|p1a: Salazzle
|
|-damage|p2a: Mimikyu|42/100 tox|[from] psn
|upkeep
|
|switch|p1a: Gyarados|Gyarados, M|100/100
|turn|4
|
|move|p1a: Gyarados|Waterfall|p2a: Mimikyu
|-damage|p2a: Mimikyu|0 fnt
|faint|p2a: Mimikyu
|-ability|p1a: Gyarados|Moxie|boost
|-boost|p1a: Gyarados|atk|1
|
|upkeep
|
|switch|p2a: Toxtricity|Toxtricity, F|100/100
|turn|5
|
|switch|p1a: Hippowdon|Hippowdon, F|100/100
|-weather|Sandstorm|[from] ability: Sand Stream|[of] p1a: Hippowdon
|move|p2a: Toxtricity|Overdrive|p1a: Hippowdon
|-immune|p1a: Hippowdon
|
|-weather|Sandstorm|[upkeep]
|-damage|p2a: Toxtricity|94/100|[from] Sandstorm
|upkeep
|turn|6
|
|switch|p2a: Corviknight|Corviknight, M, shiny|100/100
|-ability|p2a: Corviknight|Pressure
|move|p1a: Hippowdon|Earthquake|p2a: Corviknight
|-immune|p2a: Corviknight
|
|-weather|Sandstorm|[upkeep]
|upkeep
|turn|7
|
|move|p2a: Corviknight|Substitute|p2a: Corviknight
|-start|p2a: Corviknight|Substitute
|-damage|p2a: Corviknight|76/100
|move|p1a: Hippowdon|Whirlwind|p2a: Corviknight
|drag|p2a: Gyarados|Gyarados, M|100/100
|
|-weather|Sandstorm|[upkeep]
|-damage|p2a: Gyarados|94/100|[from] Sandstorm
|upkeep
|turn|8
|
|move|p2a: Gyarados|Dragon Dance|p2a: Gyarados
|-boost|p2a: Gyarados|atk|1
|-boost|p2a: Gyarados|spe|1
|move|p1a: Hippowdon|Ice Fang|p2a: Gyarados
|-damage|p2a: Gyarados|73/100
|
|-weather|Sandstorm|[upkeep]
|-damage|p2a: Gyarados|67/100|[from] Sandstorm
|upkeep
|turn|9
|
|move|p2a: Gyarados|Substitute|p2a: Gyarados
|-start|p2a: Gyarados|Substitute
|-damage|p2a: Gyarados|42/100
|move|p1a: Hippowdon|Whirlwind|p2a: Gyarados
|drag|p2a: Conkeldurr|Conkeldurr, M|100/100
|
|-weather|none
|-status|p2a: Conkeldurr|brn|[from] item: Flame Orb
|upkeep
|turn|10
|
|move|p2a: Conkeldurr|Drain Punch|p1a: Hippowdon
|-damage|p1a: Hippowdon|63/100
|move|p1a: Hippowdon|Earthquake|p2a: Conkeldurr
|-damage|p2a: Conkeldurr|69/100 brn
|
|-heal|p1a: Hippowdon|69/100|[from] item: Leftovers
|-damage|p2a: Conkeldurr|63/100 brn|[from] brn
|upkeep
|turn|11
|
|move|p2a: Conkeldurr|Drain Punch|p1a: Hippowdon
|-damage|p1a: Hippowdon|35/100
|-heal|p2a: Conkeldurr|80/100 brn|[from] drain|[of] p1a: Hippowdon
|move|p1a: Hippowdon|Slack Off|p1a: Hippowdon
|-heal|p1a: Hippowdon|85/100
|
|-heal|p1a: Hippowdon|91/100|[from] item: Leftovers
|-damage|p2a: Conkeldurr|74/100 brn|[from] brn
|upkeep
|turn|12
|
|move|p2a: Conkeldurr|Drain Punch|p1a: Hippowdon
|-damage|p1a: Hippowdon|53/100
|-heal|p2a: Conkeldurr|94/100 brn|[from] drain|[of] p1a: Hippowdon
|move|p1a: Hippowdon|Earthquake|p2a: Conkeldurr
|-damage|p2a: Conkeldurr|60/100 brn
|
|-heal|p1a: Hippowdon|60/100|[from] item: Leftovers
|-damage|p2a: Conkeldurr|54/100 brn|[from] brn
|upkeep
|turn|13
|
|move|p2a: Conkeldurr|Drain Punch|p1a: Hippowdon
|-damage|p1a: Hippowdon|25/100
|-heal|p2a: Conkeldurr|72/100 brn|[from] drain|[of] p1a: Hippowdon
|move|p1a: Hippowdon|Slack Off|p1a: Hippowdon
|-heal|p1a: Hippowdon|75/100
|
|-heal|p1a: Hippowdon|81/100|[from] item: Leftovers
|-damage|p2a: Conkeldurr|66/100 brn|[from] brn
|upkeep
|turn|14
|
|switch|p1a: Mimikyu|Mimikyu, M|100/100
|move|p2a: Conkeldurr|Drain Punch|p1a: Mimikyu
|-immune|p1a: Mimikyu
|
|-damage|p2a: Conkeldurr|60/100 brn|[from] brn
|upkeep
|turn|15
|
|switch|p2a: Corviknight|Corviknight, M, shiny|76/100
|-ability|p2a: Corviknight|Pressure
|move|p1a: Mimikyu|Hone Claws|p1a: Mimikyu
|-boost|p1a: Mimikyu|atk|1
|-boost|p1a: Mimikyu|accuracy|1
|
|-heal|p2a: Corviknight|82/100|[from] item: Leftovers
|upkeep
|turn|16
|
|move|p1a: Mimikyu|Shadow Claw|p2a: Corviknight
|-damage|p2a: Corviknight|46/100
|move|p2a: Corviknight|Bulk Up|p2a: Corviknight
|-boost|p2a: Corviknight|atk|1
|-boost|p2a: Corviknight|def|1
|
|-heal|p2a: Corviknight|52/100|[from] item: Leftovers
|upkeep
|turn|17
|
|move|p1a: Mimikyu|Shadow Claw|p2a: Corviknight
|-damage|p2a: Corviknight|30/100
|move|p2a: Corviknight|Bulk Up|p2a: Corviknight
|-boost|p2a: Corviknight|atk|1
|-boost|p2a: Corviknight|def|1
|
|-heal|p2a: Corviknight|36/100|[from] item: Leftovers
|upkeep
|turn|18
|
|move|p1a: Mimikyu|Shadow Claw|p2a: Corviknight
|-damage|p2a: Corviknight|17/100
|move|p2a: Corviknight|Roost|p2a: Corviknight
|-heal|p2a: Corviknight|67/100
|-singleturn|p2a: Corviknight|move: Roost
|
|-heal|p2a: Corviknight|73/100|[from] item: Leftovers
|upkeep
|turn|19
|inactive|Battle timer is ON: inactive players will automatically lose when time's up. (requested by Raylolo)
|inactive|Mchunter95 has 120 seconds left.
|inactive|Mchunter95 has 90 seconds left.
|inactive|Mchunter95 has 60 seconds left.
|
|move|p1a: Mimikyu|Shadow Claw|p2a: Corviknight
|-damage|p2a: Corviknight|56/100
|move|p2a: Corviknight|Substitute|p2a: Corviknight
|-start|p2a: Corviknight|Substitute
|-damage|p2a: Corviknight|31/100
|
|-heal|p2a: Corviknight|37/100|[from] item: Leftovers
|upkeep
|turn|20
|inactive|Mchunter95 has 120 seconds left.
|
|move|p1a: Mimikyu|Shadow Claw|p2a: Corviknight
|-activate|p2a: Corviknight|move: Substitute|[damage]
|move|p2a: Corviknight|Roost|p2a: Corviknight
|-heal|p2a: Corviknight|87/100
|-singleturn|p2a: Corviknight|move: Roost
|
|-heal|p2a: Corviknight|93/100|[from] item: Leftovers
|upkeep
|turn|21
|inactive|Mchunter95 has 120 seconds left.
|
|switch|p1a: Corsola|Corsola-Galar, F|100/100
|move|p2a: Corviknight|Bulk Up|p2a: Corviknight
|-boost|p2a: Corviknight|atk|1
|-boost|p2a: Corviknight|def|1
|
|-heal|p2a: Corviknight|99/100|[from] item: Leftovers
|upkeep
|turn|22
|
|move|p2a: Corviknight|Brave Bird|p1a: Corsola
|-damage|p1a: Corsola|34/100
|-start|p2a: Corviknight|Disable|Brave Bird|[from] ability: Cursed Body|[of] p1a: Corsola
|-damage|p2a: Corviknight|81/100|[from] Recoil
|move|p1a: Corsola|Hex|p2a: Corviknight
|-end|p2a: Corviknight|Substitute
|
|-heal|p2a: Corviknight|87/100|[from] item: Leftovers
|upkeep
|turn|23
|
|switch|p2a: Toxtricity|Toxtricity, F|94/100
|move|p1a: Corsola|Strength Sap|p2a: Toxtricity
|-unboost|p2a: Toxtricity|atk|1
|-heal|p1a: Corsola|98/100
|
|upkeep
|turn|24
|
|move|p2a: Toxtricity|Sludge Wave|p1a: Corsola
|-resisted|p1a: Corsola
|-damage|p1a: Corsola|81/100
|-start|p2a: Toxtricity|Disable|Sludge Wave|[from] ability: Cursed Body|[of] p1a: Corsola
|move|p1a: Corsola|Stealth Rock|p2a: Toxtricity
|-sidestart|p2: Raylolo|move: Stealth Rock
|
|upkeep
|turn|25
|
|switch|p2a: Dragapult|Dragapult, F|100/100
|-damage|p2a: Dragapult|88/100|[from] Stealth Rock
|move|p1a: Corsola|Will-O-Wisp|p2a: Dragapult
|-status|p2a: Dragapult|brn
|
|-damage|p2a: Dragapult|82/100 brn|[from] brn
|upkeep
|turn|26
|
|switch|p1a: Alcremie|Alcremie, F|100/100
|move|p2a: Dragapult|Draco Meteor|p1a: Alcremie
|-immune|p1a: Alcremie
|
|-damage|p2a: Dragapult|76/100 brn|[from] brn
|upkeep
|turn|27
|
|switch|p2a: Toxtricity|Toxtricity, F|94/100
|-damage|p2a: Toxtricity|82/100|[from] Stealth Rock
|move|p1a: Alcremie|Calm Mind|p1a: Alcremie
|-boost|p1a: Alcremie|spa|1
|-boost|p1a: Alcremie|spd|1
|
|upkeep
|turn|28
|
|switch|p1a: Hippowdon|Hippowdon, F|81/100
|-weather|Sandstorm|[from] ability: Sand Stream|[of] p1a: Hippowdon
|move|p2a: Toxtricity|Sludge Wave|p1a: Hippowdon
|-resisted|p1a: Hippowdon
|-damage|p1a: Hippowdon|46/100
|
|-weather|Sandstorm|[upkeep]
|-damage|p2a: Toxtricity|76/100|[from] Sandstorm
|-heal|p1a: Hippowdon|52/100|[from] item: Leftovers
|upkeep
|turn|29
|
|switch|p2a: Gyarados|Gyarados, M|42/100
|move|p1a: Hippowdon|Ice Fang|p2a: Gyarados
|-damage|p2a: Gyarados|23/100
|-status|p2a: Gyarados|frz
|
|-weather|Sandstorm|[upkeep]
|-damage|p2a: Gyarados|17/100 frz|[from] Sandstorm
|-heal|p1a: Hippowdon|59/100|[from] item: Leftovers
|upkeep
|turn|30
|
|cant|p2a: Gyarados|frz
|move|p1a: Hippowdon|Slack Off|p1a: Hippowdon
|-heal|p1a: Hippowdon|100/100
|
|-weather|Sandstorm|[upkeep]
|-damage|p2a: Gyarados|10/100 frz|[from] Sandstorm
|upkeep
|turn|31
|
|cant|p2a: Gyarados|frz
|move|p1a: Hippowdon|Ice Fang|p2a: Gyarados
|-damage|p2a: Gyarados|0 fnt
|faint|p2a: Gyarados
|
|-weather|Sandstorm|[upkeep]
|upkeep
|
|switch|p2a: Conkeldurr|Conkeldurr, M|60/100 brn
|-damage|p2a: Conkeldurr|53/100 brn|[from] Stealth Rock
|turn|32
|
|switch|p1a: Corsola|Corsola-Galar, F|81/100
|move|p2a: Conkeldurr|Drain Punch|p1a: Corsola
|-immune|p1a: Corsola
|
|-weather|none
|-damage|p2a: Conkeldurr|47/100 brn|[from] brn
|upkeep
|turn|33
|
|move|p2a: Conkeldurr|Earthquake|p1a: Corsola
|-damage|p1a: Corsola|38/100
|move|p1a: Corsola|Strength Sap|p2a: Conkeldurr
|-unboost|p2a: Conkeldurr|atk|1
|-heal|p1a: Corsola|100/100
|
|-damage|p2a: Conkeldurr|41/100 brn|[from] brn
|upkeep
|turn|34
|
|switch|p1a: Gyarados|Gyarados, M|100/100
|move|p2a: Conkeldurr|Earthquake|p1a: Gyarados
|-immune|p1a: Gyarados
|
|-damage|p2a: Conkeldurr|35/100 brn|[from] brn
|upkeep
|turn|35
|
|move|p1a: Gyarados|Waterfall|p2a: Conkeldurr
|-damage|p2a: Conkeldurr|0 fnt
|faint|p2a: Conkeldurr
|-ability|p1a: Gyarados|Moxie|boost
|-boost|p1a: Gyarados|atk|1
|
|upkeep
|
|switch|p2a: Toxtricity|Toxtricity, F|76/100
|-damage|p2a: Toxtricity|64/100|[from] Stealth Rock
|turn|36
|
|move|p1a: Gyarados|Waterfall|p2a: Toxtricity
|-damage|p2a: Toxtricity|0 fnt
|faint|p2a: Toxtricity
|-ability|p1a: Gyarados|Moxie|boost
|-boost|p1a: Gyarados|atk|1
|
|upkeep
|
|switch|p2a: Dragapult|Dragapult, F|76/100 brn
|-damage|p2a: Dragapult|64/100 brn|[from] Stealth Rock
|turn|37
|
|switch|p1a: Alcremie|Alcremie, F|100/100
|move|p2a: Dragapult|Thunderbolt|p1a: Alcremie
|-damage|p1a: Alcremie|79/100
|
|-damage|p2a: Dragapult|58/100 brn|[from] brn
|upkeep
|turn|38
|
|move|p2a: Dragapult|Shadow Ball|p1a: Alcremie
|-damage|p1a: Alcremie|50/100
|move|p1a: Alcremie|Calm Mind|p1a: Alcremie
|-boost|p1a: Alcremie|spa|1
|-boost|p1a: Alcremie|spd|1
|
|-damage|p2a: Dragapult|52/100 brn|[from] brn
|upkeep
|turn|39
|
|move|p2a: Dragapult|Shadow Ball|p1a: Alcremie
|-damage|p1a: Alcremie|30/100
|move|p1a: Alcremie|Dazzling Gleam|p2a: Dragapult
|-supereffective|p2a: Dragapult
|-damage|p2a: Dragapult|0 fnt
|faint|p2a: Dragapult
|
|upkeep
|
|switch|p2a: Corviknight|Corviknight, M, shiny|87/100
|-damage|p2a: Corviknight|75/100|[from] Stealth Rock
|-ability|p2a: Corviknight|Pressure
|turn|40
|
|move|p2a: Corviknight|Brave Bird|p1a: Alcremie
|-damage|p1a: Alcremie|0 fnt
|-damage|p2a: Corviknight|67/100|[from] Recoil
|faint|p1a: Alcremie
|
|-heal|p2a: Corviknight|73/100|[from] item: Leftovers
|upkeep
|
|switch|p1a: Corsola|Corsola-Galar, F|100/100
|turn|41
|
|move|p2a: Corviknight|Brave Bird|p1a: Corsola
|-damage|p1a: Corsola|73/100
|-start|p2a: Corviknight|Disable|Brave Bird|[from] ability: Cursed Body|[of] p1a: Corsola
|-damage|p2a: Corviknight|66/100|[from] Recoil
|move|p1a: Corsola|Will-O-Wisp|p2a: Corviknight
|-status|p2a: Corviknight|brn
|
|-heal|p2a: Corviknight|72/100 brn|[from] item: Leftovers
|-damage|p2a: Corviknight|66/100 brn|[from] brn
|upkeep
|turn|42
|
|move|p2a: Corviknight|Bulk Up|p2a: Corviknight
|-boost|p2a: Corviknight|atk|1
|-boost|p2a: Corviknight|def|1
|move|p1a: Corsola|Hex|p2a: Corviknight
|-damage|p2a: Corviknight|44/100 brn
|
|-heal|p2a: Corviknight|50/100 brn|[from] item: Leftovers
|-damage|p2a: Corviknight|44/100 brn|[from] brn
|upkeep
|turn|43
|
|move|p2a: Corviknight|Roost|p2a: Corviknight
|-heal|p2a: Corviknight|94/100 brn
|-singleturn|p2a: Corviknight|move: Roost
|move|p1a: Corsola|Strength Sap|p2a: Corviknight
|-unboost|p2a: Corviknight|atk|1
|-heal|p1a: Corsola|100/100
|
|-heal|p2a: Corviknight|100/100 brn|[from] item: Leftovers
|-damage|p2a: Corviknight|94/100 brn|[from] brn
|upkeep
|turn|44
|
|move|p2a: Corviknight|Bulk Up|p2a: Corviknight
|-boost|p2a: Corviknight|atk|1
|-boost|p2a: Corviknight|def|1
|move|p1a: Corsola|Hex|p2a: Corviknight
|-damage|p2a: Corviknight|75/100 brn
|
|-heal|p2a: Corviknight|81/100 brn|[from] item: Leftovers
|-damage|p2a: Corviknight|75/100 brn|[from] brn
|-end|p2a: Corviknight|Disable
|upkeep
|turn|45
|
|move|p2a: Corviknight|Bulk Up|p2a: Corviknight
|-boost|p2a: Corviknight|atk|1
|-boost|p2a: Corviknight|def|1
|move|p1a: Corsola|Hex|p2a: Corviknight
|-damage|p2a: Corviknight|51/100 brn
|
|-heal|p2a: Corviknight|57/100 brn|[from] item: Leftovers
|-damage|p2a: Corviknight|51/100 brn|[from] brn
|upkeep
|turn|46
|
|move|p2a: Corviknight|Bulk Up|p2a: Corviknight
|-boost|p2a: Corviknight|atk|1
|-boost|p2a: Corviknight|def|1
|move|p1a: Corsola|Strength Sap|p2a: Corviknight
|-unboost|p2a: Corviknight|atk|1
|
|-heal|p2a: Corviknight|57/100 brn|[from] item: Leftovers
|-damage|p2a: Corviknight|51/100 brn|[from] brn
|upkeep
|turn|47
|
|move|p2a: Corviknight|Bulk Up|p2a: Corviknight
|-boost|p2a: Corviknight|atk|1
|-boost|p2a: Corviknight|def|1
|move|p1a: Corsola|Strength Sap|p2a: Corviknight
|-unboost|p2a: Corviknight|atk|1
|
|-heal|p2a: Corviknight|57/100 brn|[from] item: Leftovers
|-damage|p2a: Corviknight|51/100 brn|[from] brn
|upkeep
|turn|48
|
|move|p2a: Corviknight|Bulk Up|p2a: Corviknight
|-boost|p2a: Corviknight|atk|1
|-boost|p2a: Corviknight|def|1
|move|p1a: Corsola|Strength Sap|p2a: Corviknight
|-unboost|p2a: Corviknight|atk|1
|
|-heal|p2a: Corviknight|57/100 brn|[from] item: Leftovers
|-damage|p2a: Corviknight|51/100 brn|[from] brn
|upkeep
|turn|49
|
|move|p2a: Corviknight|Roost|p2a: Corviknight
|-heal|p2a: Corviknight|100/100 brn
|-singleturn|p2a: Corviknight|move: Roost
|move|p1a: Corsola|Hex|p2a: Corviknight
|-damage|p2a: Corviknight|79/100 brn
|
|-heal|p2a: Corviknight|85/100 brn|[from] item: Leftovers
|-damage|p2a: Corviknight|79/100 brn|[from] brn
|upkeep
|turn|50
|
|move|p2a: Corviknight|Bulk Up|p2a: Corviknight
|-boost|p2a: Corviknight|atk|1
|-boost|p2a: Corviknight|def|0
|move|p1a: Corsola|Hex|p2a: Corviknight
|-damage|p2a: Corviknight|59/100 brn
|
|-heal|p2a: Corviknight|65/100 brn|[from] item: Leftovers
|-damage|p2a: Corviknight|59/100 brn|[from] brn
|upkeep
|turn|51
|
|move|p2a: Corviknight|Bulk Up|p2a: Corviknight
|-boost|p2a: Corviknight|atk|1
|-boost|p2a: Corviknight|def|0
|move|p1a: Corsola|Strength Sap|p2a: Corviknight
|-unboost|p2a: Corviknight|atk|1
|
|-heal|p2a: Corviknight|65/100 brn|[from] item: Leftovers
|-damage|p2a: Corviknight|59/100 brn|[from] brn
|upkeep
|turn|52
|
|move|p2a: Corviknight|Bulk Up|p2a: Corviknight
|-boost|p2a: Corviknight|atk|1
|-boost|p2a: Corviknight|def|0
|move|p1a: Corsola|Hex|p2a: Corviknight
|-damage|p2a: Corviknight|39/100 brn
|
|-heal|p2a: Corviknight|45/100 brn|[from] item: Leftovers
|-damage|p2a: Corviknight|39/100 brn|[from] brn
|upkeep
|turn|53
|
|move|p2a: Corviknight|Roost|p2a: Corviknight
|-heal|p2a: Corviknight|89/100 brn
|-singleturn|p2a: Corviknight|move: Roost
|move|p1a: Corsola|Hex|p2a: Corviknight
|-damage|p2a: Corviknight|66/100 brn
|
|-heal|p2a: Corviknight|72/100 brn|[from] item: Leftovers
|-damage|p2a: Corviknight|66/100 brn|[from] brn
|upkeep
|turn|54
|
|switch|p1a: Gyarados|Gyarados, M|100/100
|move|p2a: Corviknight|Bulk Up|p2a: Corviknight
|-boost|p2a: Corviknight|atk|1
|-boost|p2a: Corviknight|def|0
|
|-heal|p2a: Corviknight|72/100 brn|[from] item: Leftovers
|-damage|p2a: Corviknight|66/100 brn|[from] brn
|upkeep
|turn|55
|
|move|p1a: Gyarados|Crunch|p2a: Corviknight
|-damage|p2a: Corviknight|60/100 brn
|-unboost|p2a: Corviknight|def|1
|move|p2a: Corviknight|Bulk Up|p2a: Corviknight
|-boost|p2a: Corviknight|atk|1
|-boost|p2a: Corviknight|def|1
|
|-heal|p2a: Corviknight|66/100 brn|[from] item: Leftovers
|-damage|p2a: Corviknight|60/100 brn|[from] brn
|upkeep
|turn|56
|
|switch|p1a: Hippowdon|Hippowdon, F|100/100
|-weather|Sandstorm|[from] ability: Sand Stream|[of] p1a: Hippowdon
|move|p2a: Corviknight|Substitute|p2a: Corviknight
|-start|p2a: Corviknight|Substitute
|-damage|p2a: Corviknight|36/100 brn
|
|-weather|Sandstorm|[upkeep]
|-heal|p2a: Corviknight|42/100 brn|[from] item: Leftovers
|-damage|p2a: Corviknight|36/100 brn|[from] brn
|upkeep
|turn|57
|
|move|p2a: Corviknight|Roost|p2a: Corviknight
|-heal|p2a: Corviknight|86/100 brn
|-singleturn|p2a: Corviknight|move: Roost
|move|p1a: Hippowdon|Ice Fang|p2a: Corviknight
|-resisted|p2a: Corviknight
|-activate|p2a: Corviknight|move: Substitute|[damage]
|
|-weather|Sandstorm|[upkeep]
|-heal|p2a: Corviknight|92/100 brn|[from] item: Leftovers
|-damage|p2a: Corviknight|86/100 brn|[from] brn
|upkeep
|turn|58
|
|move|p2a: Corviknight|Brave Bird|p1a: Hippowdon
|-damage|p1a: Hippowdon|60/100
|-damage|p2a: Corviknight|72/100 brn|[from] Recoil
|move|p1a: Hippowdon|Ice Fang|p2a: Corviknight
|-activate|p2a: Corviknight|move: Substitute|[damage]
|
|-weather|Sandstorm|[upkeep]
|-heal|p2a: Corviknight|78/100 brn|[from] item: Leftovers
|-heal|p1a: Hippowdon|66/100|[from] item: Leftovers
|-damage|p2a: Corviknight|72/100 brn|[from] brn
|upkeep
|turn|59
|
|move|p2a: Corviknight|Brave Bird|p1a: Hippowdon
|-damage|p1a: Hippowdon|25/100
|-damage|p2a: Corviknight|58/100 brn|[from] Recoil
|move|p1a: Hippowdon|Ice Fang|p2a: Corviknight
|-activate|p2a: Corviknight|move: Substitute|[damage]
|
|-weather|Sandstorm|[upkeep]
|-heal|p2a: Corviknight|64/100 brn|[from] item: Leftovers
|-heal|p1a: Hippowdon|31/100|[from] item: Leftovers
|-damage|p2a: Corviknight|58/100 brn|[from] brn
|upkeep
|turn|60
|
|move|p2a: Corviknight|Brave Bird|p1a: Hippowdon
|-damage|p1a: Hippowdon|0 fnt
|-damage|p2a: Corviknight|47/100 brn|[from] Recoil
|faint|p1a: Hippowdon
|
|-weather|none
|-heal|p2a: Corviknight|53/100 brn|[from] item: Leftovers
|-damage|p2a: Corviknight|47/100 brn|[from] brn
|upkeep
|
|switch|p1a: Corsola|Corsola-Galar, F|100/100
|turn|61
|
|move|p2a: Corviknight|Roost|p2a: Corviknight
|-heal|p2a: Corviknight|97/100 brn
|-singleturn|p2a: Corviknight|move: Roost
|move|p1a: Corsola|Strength Sap||[still]
|-fail|p1a: Corsola
|
|-heal|p2a: Corviknight|100/100 brn|[from] item: Leftovers
|-damage|p2a: Corviknight|94/100 brn|[from] brn
|upkeep
|turn|62
|
|switch|p1a: Mimikyu|Mimikyu, M|100/100
|move|p2a: Corviknight|Brave Bird|p1a: Mimikyu
|-activate|p1a: Mimikyu|ability: Disguise
|-damage|p1a: Mimikyu|100/100
|-damage|p2a: Corviknight|78/100 brn|[from] item: Rocky Helmet|[of] p1a: Mimikyu
|detailschange|p1a: Mimikyu|Mimikyu-Busted, M
|-damage|p1a: Mimikyu|88/100|[from] ability: Disguise|[of] p1a: Mimikyu
|
|-heal|p2a: Corviknight|84/100 brn|[from] item: Leftovers
|-damage|p2a: Corviknight|78/100 brn|[from] brn
|upkeep
|turn|63
|
|move|p1a: Mimikyu|Shadow Claw|p2a: Corviknight
|-activate|p2a: Corviknight|move: Substitute|[damage]
|move|p2a: Corviknight|Brave Bird|p1a: Mimikyu
|-damage|p1a: Mimikyu|0 fnt
|-damage|p2a: Corviknight|61/100 brn|[from] item: Rocky Helmet|[of] p1a: Mimikyu
|-damage|p2a: Corviknight|43/100 brn|[from] Recoil
|faint|p1a: Mimikyu
|
|-heal|p2a: Corviknight|49/100 brn|[from] item: Leftovers
|-damage|p2a: Corviknight|43/100 brn|[from] brn
|upkeep
|
|switch|p1a: Gyarados|Gyarados, M|100/100
|turn|64
|
|move|p1a: Gyarados|Waterfall|p2a: Corviknight
|-activate|p2a: Corviknight|move: Substitute|[damage]
|move|p2a: Corviknight|Roost|p2a: Corviknight
|-heal|p2a: Corviknight|93/100 brn
|-singleturn|p2a: Corviknight|move: Roost
|
|-heal|p2a: Corviknight|99/100 brn|[from] item: Leftovers
|-damage|p2a: Corviknight|93/100 brn|[from] brn
|upkeep
|turn|65
|
|move|p1a: Gyarados|Waterfall|p2a: Corviknight
|-end|p2a: Corviknight|Substitute
|move|p2a: Corviknight|Brave Bird|p1a: Gyarados
|-damage|p1a: Gyarados|16/100
|-damage|p2a: Corviknight|70/100 brn|[from] Recoil
|
|-heal|p2a: Corviknight|76/100 brn|[from] item: Leftovers
|-damage|p2a: Corviknight|70/100 brn|[from] brn
|upkeep
|turn|66
|
|move|p1a: Gyarados|Waterfall|p2a: Corviknight
|-damage|p2a: Corviknight|61/100 brn
|move|p2a: Corviknight|Substitute|p2a: Corviknight
|-start|p2a: Corviknight|Substitute
|-damage|p2a: Corviknight|36/100 brn
|
|-heal|p2a: Corviknight|42/100 brn|[from] item: Leftovers
|-damage|p2a: Corviknight|36/100 brn|[from] brn
|upkeep
|turn|67
|
|move|p1a: Gyarados|Waterfall|p2a: Corviknight
|-activate|p2a: Corviknight|move: Substitute|[damage]
|move|p2a: Corviknight|Roost|p2a: Corviknight
|-heal|p2a: Corviknight|86/100 brn
|-singleturn|p2a: Corviknight|move: Roost
|
|-heal|p2a: Corviknight|92/100 brn|[from] item: Leftovers
|-damage|p2a: Corviknight|86/100 brn|[from] brn
|upkeep
|turn|68
|
|move|p1a: Gyarados|Waterfall|p2a: Corviknight
|-activate|p2a: Corviknight|move: Substitute|[damage]
|move|p2a: Corviknight|Brave Bird|p1a: Gyarados
|-damage|p1a: Gyarados|0 fnt
|-damage|p2a: Corviknight|82/100 brn|[from] Recoil
|faint|p1a: Gyarados
|
|-heal|p2a: Corviknight|88/100 brn|[from] item: Leftovers
|-damage|p2a: Corviknight|82/100 brn|[from] brn
|upkeep
|
|switch|p1a: Corsola|Corsola-Galar, F|100/100
|turn|69
|
|move|p2a: Corviknight|Roost|p2a: Corviknight
|-heal|p2a: Corviknight|100/100 brn
|-singleturn|p2a: Corviknight|move: Roost
|move|p1a: Corsola|Strength Sap||[still]
|-fail|p1a: Corsola
|
|-damage|p2a: Corviknight|94/100 brn|[from] brn
|upkeep
|turn|70
|
|move|p2a: Corviknight|Brave Bird|p1a: Corsola
|-damage|p1a: Corsola|46/100
|-start|p2a: Corviknight|Disable|Brave Bird|[from] ability: Cursed Body|[of] p1a: Corsola
|-damage|p2a: Corviknight|80/100 brn|[from] Recoil
|move|p1a: Corsola|Will-O-Wisp|p2a: Corviknight|[miss]
|-miss|p1a: Corsola|p2a: Corviknight
|
|-heal|p2a: Corviknight|86/100 brn|[from] item: Leftovers
|-damage|p2a: Corviknight|80/100 brn|[from] brn
|upkeep
|turn|71
|
|move|p2a: Corviknight|Roost|p2a: Corviknight
|-heal|p2a: Corviknight|100/100 brn
|-singleturn|p2a: Corviknight|move: Roost
|move|p1a: Corsola|Stealth Rock||[still]
|-fail|p1a: Corsola
|
|-damage|p2a: Corviknight|94/100 brn|[from] brn
|upkeep
|turn|72
|-message|Mchunter95 forfeited.
|
|win|Raylolo
|l|☆Mchunter95
|raw|Mchunter95's rating: 1170 → 1146(-24 for losing)
|raw|Raylolo's rating: 1186 → 1210(+24 for winning)
