|ScrapeTime|2020-01-02-13:36:29
|j|☆Richard8312
|j|☆iHaveFallenOver
|player|p1|Richard8312|266|1075
|player|p2|iHaveFallenOver|dawn|1045
|teamsize|p1|6
|teamsize|p2|6
|gametype|singles
|gen|8
|tier|[Gen 8] OU
|rated|
|rule|Sleep Clause Mod: Limit one foe put to sleep
|rule|Species Clause: Limit one of each Pokémon
|rule|OHKO Clause: OHKO moves are banned
|rule|Evasion Moves Clause: Evasion moves are banned
|rule|Endless Battle Clause: Forcing endless battles is banned
|rule|HP Percentage Mod: HP is shown in percentages
|clearpoke
|poke|p1|Dragapult, M|
|poke|p1|Mandibuzz, F|
|poke|p1|Shuckle, M|
|poke|p1|Excadrill, F|
|poke|p1|Abomasnow, M|
|poke|p1|Mimikyu, M|
|poke|p2|Sirfetch'd, F|
|poke|p2|Gardevoir, M|
|poke|p2|Toxapex, M|
|poke|p2|Clefable, M|
|poke|p2|Bisharp, F|
|poke|p2|Rotom-Heat|
|rule|Dynamax Clause: You cannot dynamax
|teampreview
|
|start
|switch|p1a: Shuckle|Shuckle, M|100/100
|switch|p2a: Koo|Rotom-Heat|100/100
|turn|1
|
|move|p2a: Koo|Trick|p1a: Shuckle
|-activate|p2a: Koo|move: Trick|[of] p1a: Shuckle
|-item|p1a: Shuckle|Choice Scarf|[from] move: Trick
|-item|p2a: Koo|Leftovers|[from] move: Trick
|move|p1a: Shuckle|Toxic|p2a: Koo
|-status|p2a: Koo|tox
|
|-damage|p2a: Koo|94/100 tox|[from] psn
|upkeep
|turn|2
|
|switch|p1a: Mandibuzz|Mandibuzz, F|100/100
|move|p2a: Koo|Overheat|p1a: Mandibuzz
|-damage|p1a: Mandibuzz|49/100
|-unboost|p2a: Koo|spa|2
|
|-heal|p2a: Koo|100/100 tox|[from] item: Leftovers
|-damage|p2a: Koo|88/100 tox|[from] psn
|upkeep
|turn|3
|
|move|p2a: Koo|Trick|p1a: Mandibuzz
|-activate|p2a: Koo|move: Trick|[of] p1a: Mandibuzz
|-item|p1a: Mandibuzz|Leftovers|[from] move: Trick
|-item|p2a: Koo|Rocky Helmet|[from] move: Trick
|move|p1a: Mandibuzz|Roost|p1a: Mandibuzz
|-heal|p1a: Mandibuzz|99/100
|-singleturn|p1a: Mandibuzz|move: Roost
|
|-heal|p1a: Mandibuzz|100/100|[from] item: Leftovers
|-damage|p2a: Koo|70/100 tox|[from] psn
|upkeep
|turn|4
|
|move|p2a: Koo|Volt Switch|p1a: Mandibuzz
|-supereffective|p1a: Mandibuzz
|-damage|p1a: Mandibuzz|74/100
|
|switch|p2a: Good|Clefable, M, shiny|100/100|[from]move: Volt Switch
|move|p1a: Mandibuzz|Nasty Plot|p1a: Mandibuzz
|-boost|p1a: Mandibuzz|spa|2
|
|-heal|p1a: Mandibuzz|81/100|[from] item: Leftovers
|upkeep
|turn|5
|
|move|p1a: Mandibuzz|Air Slash|p2a: Good
|-damage|p2a: Good|49/100
|cant|p2a: Good|flinch
|
|-heal|p1a: Mandibuzz|87/100|[from] item: Leftovers
|-heal|p2a: Good|56/100|[from] item: Leftovers
|upkeep
|turn|6
|
|move|p1a: Mandibuzz|Air Slash|p2a: Good
|-damage|p2a: Good|11/100
|move|p2a: Good|Mystical Fire|p1a: Mandibuzz
|-damage|p1a: Mandibuzz|69/100
|-unboost|p1a: Mandibuzz|spa|1
|
|-heal|p1a: Mandibuzz|75/100|[from] item: Leftovers
|-heal|p2a: Good|17/100|[from] item: Leftovers
|upkeep
|turn|7
|
|move|p1a: Mandibuzz|Air Slash|p2a: Good|[miss]
|-miss|p1a: Mandibuzz|p2a: Good
|move|p2a: Good|Grass Knot|p1a: Mandibuzz
|-resisted|p1a: Mandibuzz
|-damage|p1a: Mandibuzz|67/100
|
|-heal|p1a: Mandibuzz|74/100|[from] item: Leftovers
|-heal|p2a: Good|23/100|[from] item: Leftovers
|upkeep
|turn|8
|
|move|p1a: Mandibuzz|Nasty Plot|p1a: Mandibuzz
|-boost|p1a: Mandibuzz|spa|2
|move|p2a: Good|Moonblast|p1a: Mandibuzz
|-supereffective|p1a: Mandibuzz
|-damage|p1a: Mandibuzz|5/100
|-unboost|p1a: Mandibuzz|spa|1
|
|-heal|p1a: Mandibuzz|12/100|[from] item: Leftovers
|-heal|p2a: Good|29/100|[from] item: Leftovers
|upkeep
|turn|9
|
|move|p1a: Mandibuzz|Air Slash|p2a: Good
|-damage|p2a: Good|0 fnt
|faint|p2a: Good
|
|-heal|p1a: Mandibuzz|18/100|[from] item: Leftovers
|upkeep
|
|switch|p2a: Koo|Rotom-Heat|70/100 tox
|turn|10
|
|move|p2a: Koo|Trick|p1a: Mandibuzz
|-activate|p2a: Koo|move: Trick|[of] p1a: Mandibuzz
|-item|p1a: Mandibuzz|Rocky Helmet|[from] move: Trick
|-item|p2a: Koo|Leftovers|[from] move: Trick
|move|p1a: Mandibuzz|Roost|p1a: Mandibuzz
|-heal|p1a: Mandibuzz|68/100
|-singleturn|p1a: Mandibuzz|move: Roost
|
|-heal|p2a: Koo|76/100 tox|[from] item: Leftovers
|-damage|p2a: Koo|70/100 tox|[from] psn
|upkeep
|turn|11
|
|move|p2a: Koo|Volt Switch|p1a: Mandibuzz
|-supereffective|p1a: Mandibuzz
|-damage|p1a: Mandibuzz|17/100
|
|switch|p2a: Not OU|Toxapex, M, shiny|100/100|[from]move: Volt Switch
|move|p1a: Mandibuzz|Roost|p1a: Mandibuzz
|-heal|p1a: Mandibuzz|67/100
|-singleturn|p1a: Mandibuzz|move: Roost
|
|upkeep
|turn|12
|
|move|p2a: Not OU|Baneful Bunker|p2a: Not OU
|-singleturn|p2a: Not OU|move: Protect
|move|p1a: Mandibuzz|Dark Pulse|p2a: Not OU
|-activate|p2a: Not OU|move: Protect
|
|upkeep
|turn|13
|
|move|p1a: Mandibuzz|Dark Pulse|p2a: Not OU
|-damage|p2a: Not OU|53/100
|cant|p2a: Not OU|flinch
|
|-heal|p2a: Not OU|59/100|[from] item: Leftovers
|upkeep
|turn|14
|
|move|p1a: Mandibuzz|Dark Pulse|p2a: Not OU
|-damage|p2a: Not OU|17/100
|move|p2a: Not OU|Toxic Spikes|p1a: Mandibuzz
|-sidestart|p1: Richard8312|move: Toxic Spikes
|
|-heal|p2a: Not OU|23/100|[from] item: Leftovers
|upkeep
|turn|15
|
|switch|p2a: Koo|Rotom-Heat|70/100 tox
|move|p1a: Mandibuzz|Nasty Plot|p1a: Mandibuzz
|-boost|p1a: Mandibuzz|spa|2
|
|-heal|p2a: Koo|76/100 tox|[from] item: Leftovers
|-damage|p2a: Koo|70/100 tox|[from] psn
|upkeep
|turn|16
|
|move|p2a: Koo|Volt Switch|p1a: Mandibuzz
|-supereffective|p1a: Mandibuzz
|-damage|p1a: Mandibuzz|14/100
|
|switch|p2a: Not OU|Toxapex, M, shiny|56/100|[from]move: Volt Switch
|move|p1a: Mandibuzz|Roost|p1a: Mandibuzz
|-heal|p1a: Mandibuzz|65/100
|-singleturn|p1a: Mandibuzz|move: Roost
|
|-heal|p2a: Not OU|62/100|[from] item: Leftovers
|upkeep
|turn|17
|
|move|p1a: Mandibuzz|Dark Pulse|p2a: Not OU
|-damage|p2a: Not OU|0 fnt
|faint|p2a: Not OU
|
|upkeep
|
|switch|p2a: Sir Fetched the 1s|Sirfetch'd, F|100/100
|turn|18
|
|move|p1a: Mandibuzz|Air Slash|p2a: Sir Fetched the 1s
|-supereffective|p2a: Sir Fetched the 1s
|-enditem|p2a: Sir Fetched the 1s|Focus Sash
|-damage|p2a: Sir Fetched the 1s|1/100
|cant|p2a: Sir Fetched the 1s|flinch
|
|upkeep
|turn|19
|
|move|p1a: Mandibuzz|Air Slash|p2a: Sir Fetched the 1s
|-supereffective|p2a: Sir Fetched the 1s
|-damage|p2a: Sir Fetched the 1s|0 fnt
|faint|p2a: Sir Fetched the 1s
|
|upkeep
|
|switch|p2a: Shar|Bisharp, F, shiny|100/100
|turn|20
|
|move|p1a: Mandibuzz|Dark Pulse|p2a: Shar
|-resisted|p2a: Shar
|-damage|p2a: Shar|46/100
|move|p2a: Shar|Substitute|p2a: Shar
|-start|p2a: Shar|Substitute
|-damage|p2a: Shar|21/100
|-enditem|p2a: Shar|Figy Berry|[eat]
|-heal|p2a: Shar|54/100|[from] item: Figy Berry
|
|upkeep
|turn|21
|
|move|p1a: Mandibuzz|Dark Pulse|p2a: Shar
|-resisted|p2a: Shar
|-end|p2a: Shar|Substitute
|move|p2a: Shar|Swords Dance|p2a: Shar
|-boost|p2a: Shar|atk|2
|
|upkeep
|turn|22
|
|move|p2a: Shar|Sucker Punch|p1a: Mandibuzz
|-resisted|p1a: Mandibuzz
|-damage|p1a: Mandibuzz|35/100
|-damage|p2a: Shar|38/100|[from] item: Rocky Helmet|[of] p1a: Mandibuzz
|move|p1a: Mandibuzz|Dark Pulse|p2a: Shar
|-resisted|p2a: Shar
|-damage|p2a: Shar|0 fnt
|faint|p2a: Shar
|
|upkeep
|
|switch|p2a: Koo|Rotom-Heat|70/100 tox
|turn|23
|
|move|p2a: Koo|Volt Switch|p1a: Mandibuzz
|-supereffective|p1a: Mandibuzz
|-damage|p1a: Mandibuzz|0 fnt
|faint|p1a: Mandibuzz
|
|switch|p2a: Gossip|Gardevoir, M, shiny|100/100|[from]move: Volt Switch
|
|upkeep
|
|switch|p1a: Excadrill|Excadrill, F|100/100
|-ability|p2a: Gossip|Sand Rush|[from] ability: Trace|[of] p1a: Excadrill
|-item|p1a: Excadrill|Air Balloon
|turn|24
|
|move|p2a: Gossip|Calm Mind|p2a: Gossip
|-boost|p2a: Gossip|spa|1
|-boost|p2a: Gossip|spd|1
|move|p1a: Excadrill|Swords Dance|p1a: Excadrill
|-boost|p1a: Excadrill|atk|2
|
|upkeep
|turn|25
|
|move|p2a: Gossip|Draining Kiss|p1a: Excadrill
|-resisted|p1a: Excadrill
|-damage|p1a: Excadrill|76/100
|-enditem|p1a: Excadrill|Air Balloon
|move|p1a: Excadrill|Iron Head|p2a: Gossip
|-supereffective|p2a: Gossip
|-damage|p2a: Gossip|0 fnt
|faint|p2a: Gossip
|
|upkeep
|
|switch|p2a: Koo|Rotom-Heat|70/100 tox
|turn|26
|
|move|p2a: Koo|Overheat|p1a: Excadrill
|-supereffective|p1a: Excadrill
|-damage|p1a: Excadrill|0 fnt
|-unboost|p2a: Koo|spa|2
|faint|p1a: Excadrill
|
|-heal|p2a: Koo|76/100 tox|[from] item: Leftovers
|-damage|p2a: Koo|70/100 tox|[from] psn
|upkeep
|
|switch|p1a: Shuckle|Shuckle, M|100/100
|-status|p1a: Shuckle|psn
|turn|27
|
|move|p1a: Shuckle|Protect|p1a: Shuckle
|-singleturn|p1a: Shuckle|Protect
|move|p2a: Koo|Overheat|p1a: Shuckle
|-activate|p1a: Shuckle|move: Protect
|
|-heal|p2a: Koo|76/100 tox|[from] item: Leftovers
|-damage|p2a: Koo|63/100 tox|[from] psn
|-damage|p1a: Shuckle|88/100 psn|[from] psn
|upkeep
|turn|28
|
|move|p1a: Shuckle|Protect||[still]
|-fail|p1a: Shuckle
|move|p2a: Koo|Overheat|p1a: Shuckle
|-damage|p1a: Shuckle|73/100 psn
|-unboost|p2a: Koo|spa|2
|
|-heal|p2a: Koo|70/100 tox|[from] item: Leftovers
|-damage|p2a: Koo|51/100 tox|[from] psn
|-damage|p1a: Shuckle|61/100 psn|[from] psn
|upkeep
|turn|29
|
|move|p1a: Shuckle|Protect|p1a: Shuckle
|-singleturn|p1a: Shuckle|Protect
|move|p2a: Koo|Volt Switch|p1a: Shuckle
|-activate|p1a: Shuckle|move: Protect
|
|-heal|p2a: Koo|57/100 tox|[from] item: Leftovers
|-damage|p2a: Koo|32/100 tox|[from] psn
|-damage|p1a: Shuckle|48/100 psn|[from] psn
|upkeep
|turn|30
|
|move|p1a: Shuckle|Protect||[still]
|-fail|p1a: Shuckle
|move|p2a: Koo|Volt Switch|p1a: Shuckle
|-damage|p1a: Shuckle|43/100 psn
|
|-heal|p2a: Koo|39/100 tox|[from] item: Leftovers
|-damage|p2a: Koo|8/100 tox|[from] psn
|-damage|p1a: Shuckle|31/100 psn|[from] psn
|upkeep
|turn|31
|
|move|p1a: Shuckle|Protect|p1a: Shuckle
|-singleturn|p1a: Shuckle|Protect
|move|p2a: Koo|Overheat|p1a: Shuckle
|-activate|p1a: Shuckle|move: Protect
|
|-heal|p2a: Koo|14/100 tox|[from] item: Leftovers
|-damage|p2a: Koo|0 fnt|[from] psn
|faint|p2a: Koo
|
|win|Richard8312
|upkeep
|raw|Richard8312's rating: 1075 → 1101(+26 for winning)
|raw|iHaveFallenOver's rating: 1045 → 1029(-16 for losing)
|l|☆iHaveFallenOver
