|ScrapeTime|2020-01-01-18:54:41
|j|☆B. Ezequiel
|j|☆aceguy123
|inactive|Battle timer is ON: inactive players will automatically lose when time's up.
|player|p1|B. Ezequiel|265|
|player|p2|aceguy123|firebreather|
|teamsize|p1|6
|teamsize|p2|6
|gametype|singles
|gen|8
|tier|[Gen 8] OU
|rated|Tournament battle
|rule|Sleep Clause Mod: Limit one foe put to sleep
|rule|Species Clause: Limit one of each Pokémon
|rule|OHKO Clause: OHKO moves are banned
|rule|Evasion Moves Clause: Evasion moves are banned
|rule|Endless Battle Clause: Forcing endless battles is banned
|rule|HP Percentage Mod: HP is shown in percentages
|clearpoke
|poke|p1|Excadrill, F|
|poke|p1|Grimmsnarl, M|
|poke|p1|Hydreigon, M|
|poke|p1|Rotom-Wash|
|poke|p1|Dragapult, F|
|poke|p1|Cinderace, M|
|poke|p2|Bisharp, F|
|poke|p2|Sylveon, M|
|poke|p2|Dragapult, F|
|poke|p2|Grimmsnarl, M|
|poke|p2|Cloyster, M|
|poke|p2|Mew|
|rule|Dynamax Clause: You cannot dynamax
|teampreview
|j| hax and dmax
|j| glaceli
|j| TheAnnoyingWalrus
|j| athertot
|j| Sung Zed-Saibot
|j| Zidex
|j| Stev-Mb
|j| hoggu
|c| Sung Zed-Saibot|gl
|j| Raskingball
|j| Panjan0
|j|‽Linkart567
|c| TheAnnoyingWalrus|gl
|j| DemZii
|j| Pink Halo
|j| sdfhgdtgf
|j| faunazon
|j| Frawg Master
|
|start
|switch|p1a: Grimmsnarl|Grimmsnarl, M|100/100
|switch|p2a: Grimmsnarl|Grimmsnarl, M|100/100
|turn|1
|c|☆aceguy123|this is gonna be a gentleman's game
|c| Raskingball|these teams are literally the exact same
|
|move|p1a: Grimmsnarl|Reflect|p1a: Grimmsnarl
|-sidestart|p1: B. Ezequiel|Reflect
|move|p2a: Grimmsnarl|Reflect|p2a: Grimmsnarl
|-sidestart|p2: aceguy123|Reflect
|
|upkeep
|turn|2
|c| sdfhgdtgf|bullshi
|
|move|p2a: Grimmsnarl|Light Screen|p2a: Grimmsnarl
|-sidestart|p2: aceguy123|move: Light Screen
|move|p1a: Grimmsnarl|Play Rough|p2a: Grimmsnarl
|-supereffective|p2a: Grimmsnarl
|-damage|p2a: Grimmsnarl|56/100
|
|upkeep
|turn|3
|c| Sung Zed-Saibot|this is the meta now
|j| Bluetix
|c| Sung Zed-Saibot|accept it
|j| Tapu Eleectric
|
|switch|p2a: Cloyster|Cloyster, M, shiny|100/100
|move|p1a: Grimmsnarl|Light Screen|p1a: Grimmsnarl
|-sidestart|p1: B. Ezequiel|move: Light Screen
|
|upkeep
|turn|4
|j| sasawe
|j| masterinfini
|
|move|p1a: Grimmsnarl|Taunt|p2a: Cloyster
|-start|p2a: Cloyster|move: Taunt
|cant|p2a: Cloyster|move: Taunt|Shell Smash
|
|upkeep
|turn|5
|c| sdfhgdtgf|damn
|j| dwedc
|l| Tapu Eleectric
|l| dwedc
|c| TheAnnoyingWalrus|use court change for the memes
|j| dwedc
|j| BlazeLatias
|
|switch|p2a: Sylveon|Sylveon, M, shiny|100/100
|switch|p1a: Rotom|Rotom-Wash|100/100
|
|upkeep
|turn|6
|c| Raskingball|imagine not being the god brick break grimmsnarl that only runs reflect
|
|move|p1a: Rotom|Volt Switch|p2a: Sylveon
|-damage|p2a: Sylveon|90/100
|j| LegendOfGible
|j| grookies ♫ ♪
|
|switch|p1a: Excadrill|Excadrill, F|100/100|[from]move: Volt Switch
|-ability|p1a: Excadrill|Mold Breaker
|move|p2a: Sylveon|Calm Mind|p2a: Sylveon
|-boost|p2a: Sylveon|spa|1
|-boost|p2a: Sylveon|spd|1
|
|-heal|p2a: Sylveon|96/100|[from] item: Leftovers
|upkeep
|turn|7
|
|switch|p2a: Cloyster|Cloyster, M, shiny|100/100
|move|p1a: Excadrill|Swords Dance|p1a: Excadrill
|-boost|p1a: Excadrill|atk|2
|
|upkeep
|turn|8
|
|move|p1a: Excadrill|Iron Head|p2a: Cloyster
|-crit|p2a: Cloyster
|-damage|p2a: Cloyster|0 fnt
|faint|p2a: Cloyster
|
|-sideend|p2: aceguy123|Reflect
|-sideend|p1: B. Ezequiel|Reflect
|upkeep
|j| darkguyY
|c| hax and dmax|**YEET**
|
|switch|p2a: Grimmsnarl|Grimmsnarl, M|56/100
|turn|9
|c| sdfhgdtgf|gg
|l| Zidex
|j| vdsojpdsvjop
|
|move|p2a: Grimmsnarl|Reflect|p2a: Grimmsnarl
|-sidestart|p2: aceguy123|Reflect
|move|p1a: Excadrill|Iron Head|p2a: Grimmsnarl
|-supereffective|p2a: Grimmsnarl
|-damage|p2a: Grimmsnarl|0 fnt
|faint|p2a: Grimmsnarl
|
|-sideend|p2: aceguy123|move: Light Screen
|upkeep
|j| Big Shat
|c|☆aceguy123|crits are epic
|c| LegendOfGible|gg
|c| Raskingball|just forfeit now
|c| BlazeLatias|all im going to say is
|
|switch|p2a: Mew|Mew|100/100
|turn|10
|c| BlazeLatias|screens suck
|j| OutofWoods
|c| sdfhgdtgf|build of this excadrill pls
|c| BlazeLatias|just use a actual team
|c| hax and dmax|0/10 finals
|
|move|p2a: Mew|Nasty Plot|p2a: Mew
|-boost|p2a: Mew|spa|2
|move|p1a: Excadrill|Earthquake|p2a: Mew
|-damage|p2a: Mew|46/100
|
|-heal|p2a: Mew|52/100|[from] item: Leftovers
|-sideend|p1: B. Ezequiel|move: Light Screen
|upkeep
|turn|11
|c| vdsojpdsvjop|its mons crits are to be expected tbh
|c| Raskingball|at least you'll keep some dignity
|c| hax and dmax|would not reccomen to frens
|
|move|p2a: Mew|Aura Sphere|p1a: Excadrill
|-supereffective|p1a: Excadrill
|-enditem|p1a: Excadrill|Focus Sash
|-damage|p1a: Excadrill|1/100
|move|p1a: Excadrill|Earthquake|p2a: Mew
|-crit|p2a: Mew
|-damage|p2a: Mew|0 fnt
|faint|p2a: Mew
|
|upkeep
|c| sdfhgdtgf|damn
|j| Bronzel Main
|
|switch|p2a: Dragapult|Dragapult, F|100/100
|turn|12
|c| hax and dmax|ooof
|c| TheAnnoyingWalrus|wtf
|c| sdfhgdtgf|holy shit
|l| OutofWoods
|c| Pink Halo|crit god
|c| TheAnnoyingWalrus|is that scope lens?
|
|move|p2a: Dragapult|Dragon Dance|p2a: Dragapult
|-boost|p2a: Dragapult|atk|1
|-boost|p2a: Dragapult|spe|1
|move|p1a: Excadrill|Earthquake|p2a: Dragapult
|-damage|p2a: Dragapult|33/100
|
|-heal|p2a: Dragapult|39/100|[from] item: Leftovers
|upkeep
|turn|13
|
|move|p2a: Dragapult|Dragon Darts|p1a: Excadrill
|-resisted|p1a: Excadrill
|-damage|p1a: Excadrill|0 fnt
|-hitcount|p1a: Excadrill|1
|faint|p1a: Excadrill
|
|-heal|p2a: Dragapult|45/100|[from] item: Leftovers
|upkeep
|
|switch|p1a: Grimmsnarl|Grimmsnarl, M|100/100
|turn|14
|
|switch|p2a: Bisharp|Bisharp, F, shiny|100/100
|move|p1a: Grimmsnarl|Reflect|p1a: Grimmsnarl
|-sidestart|p1: B. Ezequiel|Reflect
|
|upkeep
|turn|15
|c| sdfhgdtgf|excadrill ma boy
|c| hax and dmax|steel wing go
|c| hax and dmax|D:
|
|switch|p1a: Rotom|Rotom-Wash|100/100
|move|p2a: Bisharp|Swords Dance|p2a: Bisharp
|-boost|p2a: Bisharp|atk|2
|
|upkeep
|turn|16
|c| TheAnnoyingWalrus|lum berry bisharp
|c| TheAnnoyingWalrus|lum berry bisharp
|c| LegendOfGible|inb4 rawrst berry
|j| Low Ladder Skills
|c| LegendOfGible|oh
|c| Raskingball|brick break bisharp
|c| LegendOfGible|lum
|inactive|aceguy123 has 120 seconds left.
|c| LegendOfGible|bet this is sub NP
|
|switch|p2a: Sylveon|Sylveon, M, shiny|96/100
|move|p1a: Rotom|Hydro Pump|p2a: Sylveon|[miss]
|-miss|p1a: Rotom|p2a: Sylveon
|
|-heal|p2a: Sylveon|100/100|[from] item: Leftovers
|-sideend|p2: aceguy123|Reflect
|upkeep
|turn|17
|j| ExcaliburAmi
|
|move|p1a: Rotom|Volt Switch|p2a: Sylveon
|-damage|p2a: Sylveon|81/100
|
|switch|p1a: Cinderace|Cinderace, M|100/100|[from]move: Volt Switch
|-item|p1a: Cinderace|Air Balloon
|move|p2a: Sylveon|Calm Mind|p2a: Sylveon
|-boost|p2a: Sylveon|spa|1
|-boost|p2a: Sylveon|spd|1
|
|-heal|p2a: Sylveon|87/100|[from] item: Leftovers
|upkeep
|turn|18
|
|move|p1a: Cinderace|Pyro Ball|p2a: Sylveon
|-damage|p2a: Sylveon|10/100
|move|p2a: Sylveon|Hyper Voice|p1a: Cinderace
|-resisted|p1a: Cinderace
|-damage|p1a: Cinderace|45/100
|-enditem|p1a: Cinderace|Air Balloon
|
|-heal|p2a: Sylveon|16/100|[from] item: Leftovers
|upkeep
|turn|19
|j| TheFoundationn
|
|move|p1a: Cinderace|Pyro Ball|p2a: Sylveon
|-damage|p2a: Sylveon|0 fnt
|faint|p2a: Sylveon
|
|upkeep
|
|switch|p2a: Dragapult|Dragapult, F|45/100
|turn|20
|c| grookies ♫ ♪|it died!!!!!!!!!!!!!
|
|switch|p1a: Grimmsnarl|Grimmsnarl, M|100/100
|move|p2a: Dragapult|Dragon Dance|p2a: Dragapult
|-boost|p2a: Dragapult|atk|1
|-boost|p2a: Dragapult|spe|1
|
|-heal|p2a: Dragapult|51/100|[from] item: Leftovers
|upkeep
|turn|21
|
|switch|p2a: Bisharp|Bisharp, F, shiny|100/100
|move|p1a: Grimmsnarl|Play Rough|p2a: Bisharp|[miss]
|-miss|p1a: Grimmsnarl|p2a: Bisharp
|
|-sideend|p1: B. Ezequiel|Reflect
|upkeep
|turn|22
|c| sdfhgdtgf|bruh
|c| hax and dmax|oof
|c| hax and dmax|**oof**
|
|switch|p1a: Dragapult|Dragapult, F|100/100
|move|p2a: Bisharp|Swords Dance|p2a: Bisharp
|-boost|p2a: Bisharp|atk|2
|
|upkeep
|turn|23
|c| Raskingball|imagine not running steel wing
|l| TheFoundationn
|
|move|p1a: Dragapult|Substitute|p1a: Dragapult
|-start|p1a: Dragapult|Substitute
|-damage|p1a: Dragapult|76/100
|move|p2a: Bisharp|Throat Chop|p1a: Dragapult
|-supereffective|p1a: Dragapult
|-end|p1a: Dragapult|Substitute
|-damage|p2a: Bisharp|91/100|[from] item: Life Orb
|
|upkeep
|turn|24
|c| TheAnnoyingWalrus|sucker
|
|switch|p2a: Dragapult|Dragapult, F|51/100
|move|p1a: Dragapult|Substitute|p1a: Dragapult
|-start|p1a: Dragapult|Substitute
|-damage|p1a: Dragapult|51/100
|
|-heal|p2a: Dragapult|57/100|[from] item: Leftovers
|upkeep
|turn|25
|c| sdfhgdtgf|substitute for the win
|j| gyhfght
|l| dwedc
|j| tumbulate
|
|switch|p2a: Bisharp|Bisharp, F, shiny|91/100
|move|p1a: Dragapult|Shadow Ball|p2a: Bisharp
|-resisted|p2a: Bisharp
|-damage|p2a: Bisharp|59/100
|
|upkeep
|turn|26
|j| PaviaRokan
|c| Stev-Mb|lol
|
|move|p1a: Dragapult|Flamethrower|p2a: Bisharp
|-supereffective|p2a: Bisharp
|-damage|p2a: Bisharp|0 fnt
|faint|p2a: Bisharp
|
|upkeep
|
|switch|p2a: Dragapult|Dragapult, F|57/100
|turn|27
|l| ExcaliburAmi
|c| Raskingball|gg
|c| Raskingball|g
|c| Raskingball|g
|c| Raskingball|gf
|c| Raskingball|f
|
|move|p1a: Dragapult|Shadow Ball|p2a: Dragapult
|-supereffective|p2a: Dragapult
|-damage|p2a: Dragapult|0 fnt
|faint|p2a: Dragapult
|
|win|B. Ezequiel
