|ScrapeTime|2020-01-02-02:14:36
|j|☆JCIS17
|j|☆KozmoFoes
|player|p1|JCIS17|shauntal|1213
|player|p2|KozmoFoes|283|1246
|teamsize|p1|6
|teamsize|p2|6
|gametype|singles
|gen|8
|tier|[Gen 8] OU
|rated|
|rule|Sleep Clause Mod: Limit one foe put to sleep
|rule|Species Clause: Limit one of each Pokémon
|rule|OHKO Clause: OHKO moves are banned
|rule|Evasion Moves Clause: Evasion moves are banned
|rule|Endless Battle Clause: Forcing endless battles is banned
|rule|HP Percentage Mod: HP is shown in percentages
|clearpoke
|poke|p1|Corviknight, F|
|poke|p1|Dragapult, F|
|poke|p1|Grimmsnarl, M|
|poke|p1|Hatterene, F|
|poke|p1|Falinks|
|poke|p1|Hydreigon, F|
|poke|p2|Cinderace, F|
|poke|p2|Dracozolt|
|poke|p2|Dragapult, M|
|poke|p2|Clefable, F|
|poke|p2|Toxapex, M|
|poke|p2|Corviknight, F|
|rule|Dynamax Clause: You cannot dynamax
|teampreview
|inactive|Battle timer is ON: inactive players will automatically lose when time's up. (requested by JCIS17)
|
|start
|switch|p1a: Dragapult|Dragapult, F|100/100
|switch|p2a: Dracozolt|Dracozolt|100/100
|turn|1
|
|switch|p2a: Toxapex|Toxapex, M|100/100
|move|p1a: Dragapult|Shadow Ball|p2a: Toxapex
|-damage|p2a: Toxapex|54/100
|-unboost|p2a: Toxapex|spd|1
|
|-heal|p2a: Toxapex|60/100|[from] item: Black Sludge
|upkeep
|turn|2
|
|switch|p2a: Corviknight|Corviknight, F|100/100
|-ability|p2a: Corviknight|Pressure
|move|p1a: Dragapult|Shadow Ball|p2a: Corviknight
|-damage|p2a: Corviknight|61/100
|-unboost|p2a: Corviknight|spd|1
|
|-heal|p2a: Corviknight|67/100|[from] item: Leftovers
|upkeep
|turn|3
|
|switch|p2a: Clefable|Clefable, F|100/100
|move|p1a: Dragapult|Shadow Ball|p2a: Clefable
|-damage|p2a: Clefable|47/100
|
|upkeep
|turn|4
|
|switch|p2a: Toxapex|Toxapex, M|94/100
|move|p1a: Dragapult|Shadow Ball|p2a: Toxapex
|-damage|p2a: Toxapex|48/100
|
|-heal|p2a: Toxapex|54/100|[from] item: Black Sludge
|upkeep
|turn|5
|
|move|p1a: Dragapult|Shadow Ball|p2a: Toxapex
|-damage|p2a: Toxapex|9/100
|-unboost|p2a: Toxapex|spd|1
|move|p2a: Toxapex|Recover|p2a: Toxapex
|-heal|p2a: Toxapex|59/100
|
|-heal|p2a: Toxapex|65/100|[from] item: Black Sludge
|upkeep
|turn|6
|
|switch|p2a: Corviknight|Corviknight, F|67/100
|-ability|p2a: Corviknight|Pressure
|move|p1a: Dragapult|Shadow Ball|p2a: Corviknight
|-damage|p2a: Corviknight|26/100
|
|-heal|p2a: Corviknight|32/100|[from] item: Leftovers
|upkeep
|turn|7
|
|switch|p2a: Toxapex|Toxapex, M|98/100
|move|p1a: Dragapult|Shadow Ball|p2a: Toxapex
|-damage|p2a: Toxapex|53/100
|
|-heal|p2a: Toxapex|60/100|[from] item: Black Sludge
|upkeep
|turn|8
|
|move|p1a: Dragapult|Shadow Ball|p2a: Toxapex
|-crit|p2a: Toxapex
|-damage|p2a: Toxapex|0 fnt
|faint|p2a: Toxapex
|
|upkeep
|-message|KozmoFoes forfeited.
|
|win|JCIS17
|l|☆KozmoFoes
|c|☆JCIS17|LOL
|raw|JCIS17's rating: 1213 → 1241(+28 for winning)
|raw|KozmoFoes's rating: 1246 → 1218(-28 for losing)
