|ScrapeTime|2020-01-01-04:45:02
|j|☆rafaelhuma
|j|☆clairepop
|player|p1|rafaelhuma|101|1085
|player|p2|clairepop|parasollady-gen4|1061
|teamsize|p1|6
|teamsize|p2|6
|gametype|singles
|gen|8
|tier|[Gen 8] OU
|rated|
|rule|Sleep Clause Mod: Limit one foe put to sleep
|rule|Species Clause: Limit one of each Pokémon
|rule|OHKO Clause: OHKO moves are banned
|rule|Evasion Moves Clause: Evasion moves are banned
|rule|Endless Battle Clause: Forcing endless battles is banned
|rule|HP Percentage Mod: HP is shown in percentages
|clearpoke
|poke|p1|Dragapult, M|
|poke|p1|Excadrill, F|
|poke|p1|Tyranitar, F|
|poke|p1|Corviknight, F|
|poke|p1|Rotom-Wash|
|poke|p1|Rillaboom, M|
|poke|p2|Pelipper, F|
|poke|p2|Dracovish|
|poke|p2|Ferrothorn, F|
|poke|p2|Ludicolo, F|
|poke|p2|Barraskewda, F|
|poke|p2|Rotom-Wash|
|rule|Dynamax Clause: You cannot dynamax
|teampreview
|inactive|Battle timer is ON: inactive players will automatically lose when time's up. (requested by clairepop)
|
|start
|switch|p1a: Dragapult|Dragapult, M|100/100
|switch|p2a: TT|Ferrothorn, F|100/100
|turn|1
|
|switch|p2a: JIHYO|Rotom-Wash|100/100
|move|p1a: Dragapult|Fire Blast|p2a: JIHYO|[miss]
|-miss|p1a: Dragapult|p2a: JIHYO
|
|upkeep
|turn|2
|
|move|p1a: Dragapult|Shadow Ball|p2a: JIHYO
|-damage|p2a: JIHYO|67/100
|-damage|p1a: Dragapult|91/100|[from] item: Life Orb
|move|p2a: JIHYO|Hydro Pump|p1a: Dragapult|[miss]
|-miss|p2a: JIHYO|p1a: Dragapult
|
|-heal|p2a: JIHYO|73/100|[from] item: Leftovers
|upkeep
|turn|3
|
|switch|p1a: Rillaboom|Rillaboom, M|100/100
|move|p2a: JIHYO|Volt Switch|p1a: Rillaboom
|-resisted|p1a: Rillaboom
|-damage|p1a: Rillaboom|83/100
|
|switch|p2a: FANCY U|Pelipper, F|100/100|[from]move: Volt Switch
|-weather|RainDance|[from] ability: Drizzle|[of] p2a: FANCY U
|
|-weather|RainDance|[upkeep]
|upkeep
|turn|4
|
|move|p1a: Rillaboom|U-turn|p2a: FANCY U
|-resisted|p2a: FANCY U
|-damage|p2a: FANCY U|86/100
|
|switch|p1a: Rotom|Rotom-Wash|100/100|[from]move: U-turn
|move|p2a: FANCY U|Hurricane|p1a: Rotom
|-resisted|p1a: Rotom
|-damage|p1a: Rotom|83/100
|
|-weather|RainDance|[upkeep]
|-heal|p1a: Rotom|89/100|[from] item: Leftovers
|upkeep
|turn|5
|
|switch|p2a: TT|Ferrothorn, F|100/100
|move|p1a: Rotom|Will-O-Wisp|p2a: TT
|-status|p2a: TT|brn
|
|-weather|RainDance|[upkeep]
|-heal|p1a: Rotom|95/100|[from] item: Leftovers
|-damage|p2a: TT|94/100 brn|[from] brn
|upkeep
|turn|6
|
|move|p1a: Rotom|Volt Switch|p2a: TT
|-resisted|p2a: TT
|-damage|p2a: TT|85/100 brn
|
|switch|p1a: Corviknight|Corviknight, F|100/100|[from]move: Volt Switch
|move|p2a: TT|Knock Off|p1a: Corviknight
|-damage|p1a: Corviknight|92/100
|-enditem|p1a: Corviknight|Leftovers|[from] move: Knock Off|[of] p2a: TT
|
|-weather|RainDance|[upkeep]
|-damage|p2a: TT|78/100 brn|[from] brn
|upkeep
|turn|7
|
|move|p1a: Corviknight|Bulk Up|p1a: Corviknight
|-boost|p1a: Corviknight|atk|1
|-boost|p1a: Corviknight|def|1
|move|p2a: TT|Leech Seed|p1a: Corviknight
|-start|p1a: Corviknight|move: Leech Seed
|
|-weather|RainDance|[upkeep]
|-damage|p1a: Corviknight|80/100|[from] Leech Seed|[of] p2a: TT
|-heal|p2a: TT|93/100 brn|[silent]
|-damage|p2a: TT|86/100 brn|[from] brn
|upkeep
|turn|8
|
|move|p1a: Corviknight|Bulk Up|p1a: Corviknight
|-boost|p1a: Corviknight|atk|1
|-boost|p1a: Corviknight|def|1
|move|p2a: TT|Stealth Rock|p1a: Corviknight
|-sidestart|p1: rafaelhuma|move: Stealth Rock
|
|-weather|RainDance|[upkeep]
|-damage|p1a: Corviknight|67/100|[from] Leech Seed|[of] p2a: TT
|-heal|p2a: TT|100/100 brn|[silent]
|-damage|p2a: TT|94/100 brn|[from] brn
|upkeep
|turn|9
|
|switch|p2a: FANCY U|Pelipper, F|86/100
|move|p1a: Corviknight|Bulk Up|p1a: Corviknight
|-boost|p1a: Corviknight|atk|1
|-boost|p1a: Corviknight|def|1
|
|-weather|RainDance|[upkeep]
|-damage|p1a: Corviknight|55/100|[from] Leech Seed|[of] p2a: FANCY U
|-heal|p2a: FANCY U|100/100|[silent]
|upkeep
|turn|10
|
|switch|p2a: TT|Ferrothorn, F|94/100 brn
|move|p1a: Corviknight|Roost|p1a: Corviknight
|-heal|p1a: Corviknight|100/100
|-singleturn|p1a: Corviknight|move: Roost
|
|-weather|none
|-damage|p1a: Corviknight|88/100|[from] Leech Seed|[of] p2a: TT
|-heal|p2a: TT|100/100 brn|[silent]
|-damage|p2a: TT|94/100 brn|[from] brn
|upkeep
|turn|11
|
|switch|p2a: FANCY U|Pelipper, F|100/100
|-weather|RainDance|[from] ability: Drizzle|[of] p2a: FANCY U
|move|p1a: Corviknight|Bulk Up|p1a: Corviknight
|-boost|p1a: Corviknight|atk|1
|-boost|p1a: Corviknight|def|1
|
|-weather|RainDance|[upkeep]
|-damage|p1a: Corviknight|75/100|[from] Leech Seed|[of] p2a: FANCY U
|upkeep
|turn|12
|
|move|p1a: Corviknight|Power Trip|p2a: FANCY U
|-damage|p2a: FANCY U|23/100
|move|p2a: FANCY U|Scald|p1a: Corviknight
|-damage|p1a: Corviknight|36/100
|-status|p1a: Corviknight|brn
|
|-weather|RainDance|[upkeep]
|-damage|p1a: Corviknight|23/100 brn|[from] Leech Seed|[of] p2a: FANCY U
|-heal|p2a: FANCY U|38/100|[silent]
|-damage|p1a: Corviknight|17/100 brn|[from] brn
|upkeep
|turn|13
|-message|rafaelhuma forfeited.
|
|win|clairepop
|l|☆rafaelhuma
|c|☆clairepop|lol
|raw|rafaelhuma's rating: 1085 → 1060(-25 for losing)
|raw|clairepop's rating: 1061 → 1094(+33 for winning)
