|ScrapeTime|2020-01-01-07:04:53
|j|☆test the new year
|j|☆Pink Halo
|player|p1|test the new year|mallow|1186
|player|p2|Pink Halo|caitlin|1136
|teamsize|p1|6
|teamsize|p2|6
|gametype|singles
|gen|8
|tier|[Gen 8] OU
|rated|
|rule|Sleep Clause Mod: Limit one foe put to sleep
|rule|Species Clause: Limit one of each Pokémon
|rule|OHKO Clause: OHKO moves are banned
|rule|Evasion Moves Clause: Evasion moves are banned
|rule|Endless Battle Clause: Forcing endless battles is banned
|rule|HP Percentage Mod: HP is shown in percentages
|clearpoke
|poke|p1|Kommo-o, M|
|poke|p1|Toxtricity, M|
|poke|p1|Dragapult, M|
|poke|p1|Cinderace, M|
|poke|p1|Bisharp, M|
|poke|p1|Rillaboom, F|
|poke|p2|Roserade, M|
|poke|p2|Chandelure, F|
|poke|p2|Mandibuzz, F|
|poke|p2|Clefable, M|
|poke|p2|Rotom-Wash|
|poke|p2|Flygon, F|
|rule|Dynamax Clause: You cannot dynamax
|teampreview
|inactive|Battle timer is ON: inactive players will automatically lose when time's up. (requested by Pink Halo)
|
|start
|switch|p1a: Rillaboom|Rillaboom, F|100/100
|switch|p2a: Rotom|Rotom-Wash|100/100
|turn|1
|
|move|p1a: Rillaboom|U-turn|p2a: Rotom
|-damage|p2a: Rotom|66/100
|
|switch|p1a: Kommo-o|Kommo-o, M|100/100|[from]move: U-turn
|move|p2a: Rotom|Volt Switch|p1a: Kommo-o
|-resisted|p1a: Kommo-o
|-damage|p1a: Kommo-o|87/100
|
|switch|p2a: Clefable|Clefable, M|100/100|[from]move: Volt Switch
|
|-heal|p1a: Kommo-o|93/100|[from] item: Leftovers
|upkeep
|turn|2
|
|switch|p1a: Rillaboom|Rillaboom, F|100/100
|move|p2a: Clefable|Stealth Rock|p1a: Rillaboom
|-sidestart|p1: test the new year|move: Stealth Rock
|
|upkeep
|turn|3
|
|move|p2a: Clefable|Protect|p2a: Clefable
|-singleturn|p2a: Clefable|Protect
|move|p1a: Rillaboom|Wood Hammer|p2a: Clefable
|-activate|p2a: Clefable|move: Protect
|
|upkeep
|turn|4
|
|switch|p1a: Cinderace|Cinderace, M|100/100
|switch|p2a: Chandelure|Chandelure, F|100/100
|
|upkeep
|turn|5
|
|move|p1a: Cinderace|Court Change|p1a: Cinderace
|-sideend|p1: test the new year|Stealth Rock|[silent]
|-sidestart|p2: Pink Halo|Stealth Rock|[silent]
|-activate|p1a: Cinderace|move: Court Change
|move|p2a: Chandelure|Substitute|p2a: Chandelure
|-start|p2a: Chandelure|Substitute
|-damage|p2a: Chandelure|76/100
|
|-heal|p2a: Chandelure|82/100|[from] item: Leftovers
|upkeep
|turn|6
|
|move|p1a: Cinderace|U-turn|p2a: Chandelure
|-resisted|p2a: Chandelure
|-activate|p2a: Chandelure|move: Substitute|[damage]
|
|switch|p1a: Toxtricity|Toxtricity, M|100/100|[from]move: U-turn
|move|p2a: Chandelure|Calm Mind|p2a: Chandelure
|-boost|p2a: Chandelure|spa|1
|-boost|p2a: Chandelure|spd|1
|
|-heal|p2a: Chandelure|88/100|[from] item: Leftovers
|upkeep
|turn|7
|
|move|p2a: Chandelure|Shadow Ball|p1a: Toxtricity
|-damage|p1a: Toxtricity|1/100
|move|p1a: Toxtricity|Overdrive|p2a: Chandelure
|-damage|p2a: Chandelure|16/100
|
|-heal|p2a: Chandelure|22/100|[from] item: Leftovers
|upkeep
|turn|8
|
|move|p2a: Chandelure|Shadow Ball|p1a: Toxtricity
|-damage|p1a: Toxtricity|0 fnt
|faint|p1a: Toxtricity
|
|-heal|p2a: Chandelure|28/100|[from] item: Leftovers
|upkeep
|
|switch|p1a: Dragapult|Dragapult, M|100/100
|turn|9
|
|switch|p2a: Mandibuzz|Mandibuzz, F|100/100
|move|p1a: Dragapult|Shadow Ball|p2a: Mandibuzz
|-resisted|p2a: Mandibuzz
|-damage|p2a: Mandibuzz|87/100
|
|upkeep
|turn|10
|
|switch|p1a: Bisharp|Bisharp, M|100/100
|move|p2a: Mandibuzz|Knock Off|p1a: Bisharp
|-resisted|p1a: Bisharp
|-damage|p1a: Bisharp|85/100
|-enditem|p1a: Bisharp|Black Glasses|[from] move: Knock Off|[of] p2a: Mandibuzz
|
|upkeep
|turn|11
|
|move|p1a: Bisharp|Swords Dance|p1a: Bisharp
|-boost|p1a: Bisharp|atk|2
|move|p2a: Mandibuzz|U-turn|p1a: Bisharp
|-damage|p1a: Bisharp|70/100
|inactive|Pink Halo has 120 seconds left.
|
|switch|p2a: Flygon|Flygon, F|100/100|[from]move: U-turn
|-damage|p2a: Flygon|95/100|[from] Stealth Rock
|
|upkeep
|turn|12
|
|move|p1a: Bisharp|Sucker Punch|p2a: Flygon
|-damage|p2a: Flygon|4/100
|move|p2a: Flygon|Earthquake|p1a: Bisharp
|-supereffective|p1a: Bisharp
|-damage|p1a: Bisharp|0 fnt
|faint|p1a: Bisharp
|
|upkeep
|
|switch|p1a: Rillaboom|Rillaboom, F|100/100
|turn|13
|
|move|p2a: Flygon|Earthquake|p1a: Rillaboom
|-resisted|p1a: Rillaboom
|-damage|p1a: Rillaboom|78/100
|move|p1a: Rillaboom|Wood Hammer|p2a: Flygon
|-damage|p2a: Flygon|0 fnt
|-damage|p1a: Rillaboom|77/100|[from] Recoil
|faint|p2a: Flygon
|
|upkeep
|
|switch|p2a: Roserade|Roserade, M|100/100
|-damage|p2a: Roserade|88/100|[from] Stealth Rock
|turn|14
|
|switch|p1a: Dragapult|Dragapult, M|100/100
|move|p2a: Roserade|Sludge Bomb|p1a: Dragapult
|-resisted|p1a: Dragapult
|-damage|p1a: Dragapult|68/100
|
|-heal|p2a: Roserade|94/100|[from] item: Black Sludge
|upkeep
|turn|15
|
|switch|p2a: Mandibuzz|Mandibuzz, F|87/100
|move|p1a: Dragapult|Fire Blast|p2a: Mandibuzz
|-damage|p2a: Mandibuzz|59/100
|
|upkeep
|turn|16
|
|switch|p1a: Kommo-o|Kommo-o, M|93/100
|move|p2a: Mandibuzz|U-turn|p1a: Kommo-o
|-resisted|p1a: Kommo-o
|-damage|p1a: Kommo-o|89/100
|
|switch|p2a: Clefable|Clefable, M|100/100|[from]move: U-turn
|
|-heal|p1a: Kommo-o|95/100|[from] item: Leftovers
|upkeep
|turn|17
|
|switch|p1a: Cinderace|Cinderace, M|100/100
|move|p2a: Clefable|Moonblast|p1a: Cinderace
|-resisted|p1a: Cinderace
|-damage|p1a: Cinderace|77/100
|-unboost|p1a: Cinderace|spa|1
|
|upkeep
|turn|18
|inactive|test the new year has 120 seconds left.
|
|switch|p2a: Chandelure|Chandelure, F|28/100
|-damage|p2a: Chandelure|4/100|[from] Stealth Rock
|move|p1a: Cinderace|Pyro Ball|p2a: Chandelure
|-start|p2a: Chandelure|ability: Flash Fire
|
|-heal|p2a: Chandelure|10/100|[from] item: Leftovers
|upkeep
|turn|19
|
|move|p1a: Cinderace|U-turn|p2a: Chandelure
|-resisted|p2a: Chandelure
|-damage|p2a: Chandelure|2/100
|
|switch|p1a: Kommo-o|Kommo-o, M|95/100|[from]move: U-turn
|move|p2a: Chandelure|Shadow Ball|p1a: Kommo-o
|-immune|p1a: Kommo-o|[from] ability: Bulletproof
|
|-heal|p2a: Chandelure|9/100|[from] item: Leftovers
|-heal|p1a: Kommo-o|100/100|[from] item: Leftovers
|upkeep
|turn|20
|
|-end|p2a: Chandelure|ability: Flash Fire|[silent]
|switch|p2a: Clefable|Clefable, M|100/100
|move|p1a: Kommo-o|Taunt|p2a: Clefable
|-start|p2a: Clefable|move: Taunt
|
|upkeep
|turn|21
|
|switch|p1a: Cinderace|Cinderace, M|77/100
|move|p2a: Clefable|Moonblast|p1a: Cinderace
|-resisted|p1a: Cinderace
|-damage|p1a: Cinderace|55/100
|
|upkeep
|turn|22
|
|switch|p2a: Chandelure|Chandelure, F|9/100
|-damage|p2a: Chandelure|0 fnt|[from] Stealth Rock
|faint|p2a: Chandelure
|move|p1a: Cinderace|Pyro Ball|p2: Chandelure|[notarget]
|-fail|p1a: Cinderace
|
|upkeep
|
|switch|p2a: Rotom|Rotom-Wash|66/100
|-damage|p2a: Rotom|53/100|[from] Stealth Rock
|turn|23
|
|switch|p1a: Rillaboom|Rillaboom, F|77/100
|move|p2a: Rotom|Thunder Wave|p1a: Rillaboom
|-status|p1a: Rillaboom|par
|
|-heal|p2a: Rotom|59/100|[from] item: Leftovers
|upkeep
|turn|24
|
|switch|p2a: Roserade|Roserade, M|94/100
|-damage|p2a: Roserade|82/100|[from] Stealth Rock
|move|p1a: Rillaboom|U-turn|p2a: Roserade
|-damage|p2a: Roserade|32/100
|
|switch|p1a: Cinderace|Cinderace, M|55/100|[from]move: U-turn
|
|-heal|p2a: Roserade|38/100|[from] item: Black Sludge
|upkeep
|turn|25
|
|move|p1a: Cinderace|Pyro Ball|p2a: Roserade
|-supereffective|p2a: Roserade
|-damage|p2a: Roserade|0 fnt
|faint|p2a: Roserade
|
|upkeep
|
|switch|p2a: Rotom|Rotom-Wash|59/100
|-damage|p2a: Rotom|47/100|[from] Stealth Rock
|turn|26
|
|switch|p1a: Rillaboom|Rillaboom, F|77/100 par
|move|p2a: Rotom|Hydro Pump|p1a: Rillaboom
|-resisted|p1a: Rillaboom
|-damage|p1a: Rillaboom|46/100 par
|
|-heal|p2a: Rotom|53/100|[from] item: Leftovers
|upkeep
|turn|27
|
|move|p2a: Rotom|Volt Switch|p1a: Rillaboom
|-resisted|p1a: Rillaboom
|-damage|p1a: Rillaboom|27/100 par
|
|switch|p2a: Clefable|Clefable, M|100/100|[from]move: Volt Switch
|move|p1a: Rillaboom|Wood Hammer|p2a: Clefable
|-damage|p2a: Clefable|0 fnt
|-damage|p1a: Rillaboom|0 fnt|[from] Recoil
|faint|p2a: Clefable
|faint|p1a: Rillaboom
|
|upkeep
|-message|Pink Halo forfeited.
|
|win|test the new year
|l|☆Pink Halo
|raw|test the new year's rating: 1186 → 1206(+20 for winning)
|raw|Pink Halo's rating: 1109 → 1090(-19 for losing)
