|ScrapeTime|2020-01-03-00:34:48
|j|☆NoUsernameForMe
|j|☆Nebris47
|player|p1|NoUsernameForMe|veteran|1342
|player|p2|Nebris47|110|1373
|teamsize|p1|6
|teamsize|p2|6
|gametype|singles
|gen|8
|tier|[Gen 8] OU
|rated|
|rule|Sleep Clause Mod: Limit one foe put to sleep
|rule|Species Clause: Limit one of each Pokémon
|rule|OHKO Clause: OHKO moves are banned
|rule|Evasion Moves Clause: Evasion moves are banned
|rule|Endless Battle Clause: Forcing endless battles is banned
|rule|HP Percentage Mod: HP is shown in percentages
|clearpoke
|poke|p1|Haxorus, M|
|poke|p1|Corviknight, M|
|poke|p1|Clefable, F|
|poke|p1|Runerigus, F|
|poke|p1|Maractus, F|
|poke|p1|Rotom-Wash|
|poke|p2|Corviknight, F|
|poke|p2|Rotom-Wash|
|poke|p2|Cinderace, F|
|poke|p2|Hatterene, F|
|poke|p2|Dragapult, F|
|poke|p2|Excadrill, F|
|rule|Dynamax Clause: You cannot dynamax
|teampreview
|
|start
|switch|p1a: Runerigus|Runerigus, F|100/100
|switch|p2a: Rotom|Rotom-Wash|100/100
|turn|1
|
|switch|p1a: Maractus|Maractus, F|100/100
|move|p2a: Rotom|Thunder Wave|p1a: Maractus
|-status|p1a: Maractus|par
|
|upkeep
|turn|2
|
|switch|p2a: Cinderace|Cinderace, F|100/100
|cant|p1a: Maractus|par
|
|upkeep
|turn|3
|
|switch|p1a: Runerigus|Runerigus, F|100/100
|move|p2a: Cinderace|U-turn|p1a: Runerigus
|-resisted|p1a: Runerigus
|-damage|p1a: Runerigus|92/100
|-activate|p2a: Cinderace|ability: Wandering Spirit|Wandering Spirit|Blaze|[of] p1a: Runerigus
|
|switch|p2a: Rotom|Rotom-Wash|100/100|[from]move: U-turn
|
|upkeep
|turn|4
|
|switch|p1a: Maractus|Maractus, F|100/100 par
|move|p2a: Rotom|Hydro Pump|p1a: Maractus
|-immune|p1a: Maractus|[from] ability: Water Absorb
|
|upkeep
|turn|5
|
|switch|p2a: Hatterene|Hatterene, F|100/100
|move|p1a: Maractus|Giga Drain|p2a: Hatterene
|-damage|p2a: Hatterene|69/100
|-damage|p1a: Maractus|91/100 par|[from] item: Life Orb
|
|upkeep
|turn|6
|
|move|p2a: Hatterene|Giga Drain|p1a: Maractus
|-resisted|p1a: Maractus
|-damage|p1a: Maractus|69/100 par
|-heal|p2a: Hatterene|81/100|[from] drain|[of] p1a: Maractus
|move|p1a: Maractus|Giga Drain|p2a: Hatterene
|-damage|p2a: Hatterene|49/100
|-heal|p1a: Maractus|84/100 par|[from] drain|[of] p2a: Hatterene
|-damage|p1a: Maractus|74/100 par|[from] item: Life Orb
|
|upkeep
|turn|7
|
|switch|p1a: Clefable|Clefable, F|100/100
|move|p2a: Hatterene|Mystical Fire|p1a: Clefable
|-damage|p1a: Clefable|79/100
|-unboost|p1a: Clefable|spa|1
|
|-heal|p1a: Clefable|85/100|[from] item: Leftovers
|upkeep
|turn|8
|
|move|p1a: Clefable|Meteor Mash|p2a: Hatterene
|-supereffective|p2a: Hatterene
|-damage|p2a: Hatterene|15/100
|move|p2a: Hatterene|Mystical Fire|p1a: Clefable
|-damage|p1a: Clefable|63/100
|-unboost|p1a: Clefable|spa|1
|
|-heal|p1a: Clefable|69/100|[from] item: Leftovers
|upkeep
|turn|9
|c|☆Nebris47|wtf
|c|☆Nebris47|meteor mash!
|c|☆Nebris47|thats fire
|
|switch|p2a: Rotom|Rotom-Wash|100/100
|move|p1a: Clefable|Meteor Mash|p2a: Rotom
|-resisted|p2a: Rotom
|-damage|p2a: Rotom|98/100
|
|-heal|p1a: Clefable|76/100|[from] item: Leftovers
|upkeep
|turn|10
|
|switch|p1a: Maractus|Maractus, F|74/100 par
|move|p2a: Rotom|Volt Switch|p1a: Maractus
|-resisted|p1a: Maractus
|-damage|p1a: Maractus|56/100 par
|
|switch|p2a: Cinderace|Cinderace, F|100/100|[from]move: Volt Switch
|
|upkeep
|turn|11
|
|switch|p1a: Runerigus|Runerigus, F|92/100
|move|p2a: Cinderace|U-turn|p1a: Runerigus
|-resisted|p1a: Runerigus
|-damage|p1a: Runerigus|84/100
|-activate|p2a: Cinderace|ability: Wandering Spirit|Wandering Spirit|Blaze|[of] p1a: Runerigus
|
|switch|p2a: Rotom|Rotom-Wash|98/100|[from]move: U-turn
|
|upkeep
|turn|12
|
|move|p2a: Rotom|Volt Switch|p1a: Runerigus
|-immune|p1a: Runerigus
|move|p1a: Runerigus|Will-O-Wisp|p2a: Rotom
|-status|p2a: Rotom|brn
|
|-damage|p2a: Rotom|92/100 brn|[from] brn
|upkeep
|turn|13
|
|switch|p1a: Maractus|Maractus, F|56/100 par
|move|p2a: Rotom|Volt Switch|p1a: Maractus
|-resisted|p1a: Maractus
|-damage|p1a: Maractus|38/100 par
|
|switch|p2a: Cinderace|Cinderace, F|100/100|[from]move: Volt Switch
|
|upkeep
|turn|14
|
|switch|p1a: Haxorus|Haxorus, M|100/100
|-ability|p1a: Haxorus|Mold Breaker
|move|p2a: Cinderace|U-turn|p1a: Haxorus
|-damage|p1a: Haxorus|72/100
|
|switch|p2a: Rotom|Rotom-Wash|92/100 brn|[from]move: U-turn
|
|-damage|p2a: Rotom|86/100 brn|[from] brn
|upkeep
|turn|15
|
|move|p1a: Haxorus|Earthquake|p2a: Rotom
|-supereffective|p2a: Rotom
|-damage|p2a: Rotom|0 fnt
|faint|p2a: Rotom
|
|upkeep
|
|switch|p2a: Corviknight|Corviknight, F|100/100
|turn|16
|
|switch|p1a: Rotom|Rotom-Wash|100/100
|move|p2a: Corviknight|Bulk Up|p2a: Corviknight
|-boost|p2a: Corviknight|atk|1
|-boost|p2a: Corviknight|def|1
|
|upkeep
|turn|17
|
|move|p1a: Rotom|Thunderbolt|p2a: Corviknight
|-supereffective|p2a: Corviknight
|-damage|p2a: Corviknight|25/100
|move|p2a: Corviknight|Body Press|p1a: Rotom
|-damage|p1a: Rotom|50/100
|
|-heal|p2a: Corviknight|31/100|[from] item: Leftovers
|upkeep
|turn|18
|
|switch|p2a: Hatterene|Hatterene, F|15/100
|move|p1a: Rotom|Thunderbolt|p2a: Hatterene
|-damage|p2a: Hatterene|0 fnt
|faint|p2a: Hatterene
|
|upkeep
|
|switch|p2a: Excadrill|Excadrill, F|100/100
|-ability|p2a: Excadrill|Mold Breaker
|turn|19
|c|☆NoUsernameForMe|Thanks, sorry for not responding earlier, im playing on aphone
|
|switch|p1a: Runerigus|Runerigus, F|84/100
|move|p2a: Excadrill|Stealth Rock|p1a: Runerigus
|-sidestart|p1: NoUsernameForMe|move: Stealth Rock
|
|upkeep
|turn|20
|c|☆Nebris47|no worries
|
|switch|p2a: Cinderace|Cinderace, F|100/100
|move|p1a: Runerigus|Stealth Rock|p2a: Cinderace
|-sidestart|p2: Nebris47|move: Stealth Rock
|
|upkeep
|turn|21
|
|move|p2a: Cinderace|Pyro Ball|p1a: Runerigus|[miss]
|-miss|p2a: Cinderace|p1a: Runerigus
|move|p1a: Runerigus|Earthquake|p2a: Cinderace
|-supereffective|p2a: Cinderace
|-damage|p2a: Cinderace|0 fnt
|faint|p2a: Cinderace
|
|upkeep
|
|switch|p2a: Corviknight|Corviknight, F|31/100
|-damage|p2a: Corviknight|19/100|[from] Stealth Rock
|turn|22
|
|move|p2a: Corviknight|Roost|p2a: Corviknight
|-heal|p2a: Corviknight|69/100
|-singleturn|p2a: Corviknight|move: Roost
|move|p1a: Runerigus|Will-O-Wisp|p2a: Corviknight
|-status|p2a: Corviknight|brn
|
|-heal|p2a: Corviknight|75/100 brn|[from] item: Leftovers
|-damage|p2a: Corviknight|69/100 brn|[from] brn
|upkeep
|turn|23
|
|switch|p1a: Rotom|Rotom-Wash|50/100
|-damage|p1a: Rotom|38/100|[from] Stealth Rock
|move|p2a: Corviknight|Brave Bird|p1a: Rotom
|-resisted|p1a: Rotom
|-damage|p1a: Rotom|27/100
|-damage|p2a: Corviknight|66/100 brn|[from] Recoil
|
|-heal|p2a: Corviknight|72/100 brn|[from] item: Leftovers
|-damage|p2a: Corviknight|66/100 brn|[from] brn
|upkeep
|turn|24
|
|move|p1a: Rotom|Thunderbolt|p2a: Corviknight
|-supereffective|p2a: Corviknight
|-damage|p2a: Corviknight|0 fnt
|faint|p2a: Corviknight
|
|upkeep
|
|switch|p2a: Dragapult|Dragapult, F|100/100
|-damage|p2a: Dragapult|88/100|[from] Stealth Rock
|turn|25
|
|move|p1a: Rotom|Thunderbolt|p2a: Dragapult
|-resisted|p2a: Dragapult
|-damage|p2a: Dragapult|60/100
|move|p2a: Dragapult|Substitute|p2a: Dragapult
|-start|p2a: Dragapult|Substitute
|-damage|p2a: Dragapult|35/100
|
|-heal|p2a: Dragapult|41/100|[from] item: Leftovers
|upkeep
|turn|26
|
|move|p1a: Rotom|Thunderbolt|p2a: Dragapult
|-resisted|p2a: Dragapult
|-end|p2a: Dragapult|Substitute
|move|p2a: Dragapult|Hex|p1a: Rotom
|-damage|p1a: Rotom|0 fnt
|faint|p1a: Rotom
|
|-heal|p2a: Dragapult|47/100|[from] item: Leftovers
|upkeep
|
|switch|p1a: Clefable|Clefable, F|76/100
|turn|27
|
|move|p2a: Dragapult|Will-O-Wisp|p1a: Clefable
|-status|p1a: Clefable|brn
|move|p1a: Clefable|Moonblast|p2a: Dragapult
|-supereffective|p2a: Dragapult
|-damage|p2a: Dragapult|0 fnt
|faint|p2a: Dragapult
|
|-heal|p1a: Clefable|82/100 brn|[from] item: Leftovers
|upkeep
|c|☆Nebris47|gg
|
|switch|p2a: Excadrill|Excadrill, F|100/100
|-damage|p2a: Excadrill|97/100|[from] Stealth Rock
|-ability|p2a: Excadrill|Mold Breaker
|turn|28
|-message|Nebris47 forfeited.
|
|win|NoUsernameForMe
|l|☆Nebris47
|raw|NoUsernameForMe's rating: 1342 → 1363(+21 for winning)
|raw|Nebris47's rating: 1353 → 1333(-20 for losing)
