|ScrapeTime|2020-01-02-00:44:57
|j|☆Grinwald Krieg
|j|☆kiise
|player|p1|Grinwald Krieg|mina|1165
|player|p2|kiise|169|1201
|teamsize|p1|6
|teamsize|p2|6
|gametype|singles
|gen|8
|tier|[Gen 8] OU
|rated|
|rule|Sleep Clause Mod: Limit one foe put to sleep
|rule|Species Clause: Limit one of each Pokémon
|rule|OHKO Clause: OHKO moves are banned
|rule|Evasion Moves Clause: Evasion moves are banned
|rule|Endless Battle Clause: Forcing endless battles is banned
|rule|HP Percentage Mod: HP is shown in percentages
|clearpoke
|poke|p1|Cloyster, F|
|poke|p1|Dragapult, M|
|poke|p1|Cinderace, F|
|poke|p1|Clefable, M|
|poke|p1|Aegislash, F|
|poke|p1|Seismitoad, M|
|poke|p2|Excadrill, F|
|poke|p2|Mimikyu, F|
|poke|p2|Gastrodon, M|
|poke|p2|Ditto|
|poke|p2|Ferrothorn, F|
|poke|p2|Cinderace, M|
|rule|Dynamax Clause: You cannot dynamax
|teampreview
|inactive|Battle timer is ON: inactive players will automatically lose when time's up. (requested by kiise)
|inactive|Grinwald Krieg has 120 seconds left.
|
|start
|switch|p1a: Clefable|Clefable, M|100/100
|switch|p2a: Ditto|Ditto|100/100
|-transform|p2a: Ditto|p1a: Clefable|[from] ability: Imposter
|turn|1
|inactive|kiise has 120 seconds left.
|
|switch|p2a: Excadrill|Excadrill, F|100/100
|-ability|p2a: Excadrill|Mold Breaker
|switch|p1a: Seismitoad|Seismitoad, M|100/100
|
|upkeep
|turn|2
|
|move|p2a: Excadrill|Stealth Rock|p1a: Seismitoad
|-sidestart|p1: Grinwald Krieg|move: Stealth Rock
|move|p1a: Seismitoad|Drain Punch|p2a: Excadrill
|-supereffective|p2a: Excadrill
|-damage|p2a: Excadrill|33/100
|
|upkeep
|turn|3
|inactive|kiise has 120 seconds left.
|
|switch|p2a: Ferrothorn|Ferrothorn, F|100/100
|move|p1a: Seismitoad|Drain Punch|p2a: Ferrothorn
|-supereffective|p2a: Ferrothorn
|-damage|p2a: Ferrothorn|75/100
|-damage|p1a: Seismitoad|88/100|[from] ability: Iron Barbs|[of] p2a: Ferrothorn
|
|-heal|p2a: Ferrothorn|81/100|[from] item: Leftovers
|upkeep
|turn|4
|inactive|kiise has 120 seconds left.
|
|switch|p1a: Cinderace|Cinderace, F|100/100
|move|p2a: Ferrothorn|Knock Off|p1a: Cinderace
|-damage|p1a: Cinderace|68/100
|-enditem|p1a: Cinderace|Heavy-Duty Boots|[from] move: Knock Off|[of] p2a: Ferrothorn
|
|-heal|p2a: Ferrothorn|87/100|[from] item: Leftovers
|upkeep
|turn|5
|
|switch|p2a: Cinderace|Cinderace, M|100/100
|move|p1a: Cinderace|Court Change|p1a: Cinderace
|-sideend|p1: Grinwald Krieg|Stealth Rock|[silent]
|-sidestart|p2: kiise|Stealth Rock|[silent]
|-activate|p1a: Cinderace|move: Court Change
|
|upkeep
|turn|6
|
|move|p1a: Cinderace|U-turn|p2a: Cinderace
|-resisted|p2a: Cinderace
|-damage|p2a: Cinderace|84/100
|
|switch|p1a: Seismitoad|Seismitoad, M|88/100|[from]move: U-turn
|move|p2a: Cinderace|Court Change|p2a: Cinderace
|-sideend|p2: kiise|Stealth Rock|[silent]
|-sidestart|p1: Grinwald Krieg|Stealth Rock|[silent]
|-activate|p2a: Cinderace|move: Court Change
|
|upkeep
|turn|7
|
|move|p2a: Cinderace|U-turn|p1a: Seismitoad
|-damage|p1a: Seismitoad|54/100
|-damage|p2a: Cinderace|74/100|[from] item: Life Orb
|
|switch|p2a: Ferrothorn|Ferrothorn, F|87/100|[from]move: U-turn
|move|p1a: Seismitoad|Drain Punch|p2a: Ferrothorn
|-supereffective|p2a: Ferrothorn
|-damage|p2a: Ferrothorn|58/100
|-heal|p1a: Seismitoad|67/100|[from] drain|[of] p2a: Ferrothorn
|-damage|p1a: Seismitoad|54/100|[from] ability: Iron Barbs|[of] p2a: Ferrothorn
|
|-heal|p2a: Ferrothorn|65/100|[from] item: Leftovers
|upkeep
|turn|8
|
|switch|p2a: Gastrodon|Gastrodon, M|100/100
|move|p1a: Seismitoad|Earthquake|p2a: Gastrodon
|-damage|p2a: Gastrodon|52/100
|
|-heal|p2a: Gastrodon|58/100|[from] item: Leftovers
|upkeep
|turn|9
|
|move|p1a: Seismitoad|Ice Punch|p2a: Gastrodon
|-damage|p2a: Gastrodon|35/100
|move|p2a: Gastrodon|Scald|p1a: Seismitoad
|-heal|p1a: Seismitoad|79/100|[from] ability: Water Absorb|[of] p2a: Gastrodon
|
|-heal|p2a: Gastrodon|41/100|[from] item: Leftovers
|upkeep
|turn|10
|
|move|p1a: Seismitoad|Earthquake|p2a: Gastrodon
|-damage|p2a: Gastrodon|0 fnt
|faint|p2a: Gastrodon
|
|upkeep
|
|switch|p2a: Ferrothorn|Ferrothorn, F|65/100
|turn|11
|
|move|p1a: Seismitoad|Ice Punch|p2a: Ferrothorn
|-damage|p2a: Ferrothorn|50/100
|-damage|p1a: Seismitoad|67/100|[from] ability: Iron Barbs|[of] p2a: Ferrothorn
|move|p2a: Ferrothorn|Leech Seed|p1a: Seismitoad
|-start|p1a: Seismitoad|move: Leech Seed
|
|-heal|p2a: Ferrothorn|57/100|[from] item: Leftovers
|-damage|p1a: Seismitoad|55/100|[from] Leech Seed|[of] p2a: Ferrothorn
|-heal|p2a: Ferrothorn|71/100|[silent]
|upkeep
|turn|12
|
|switch|p1a: Cloyster|Cloyster, F, shiny|100/100
|-damage|p1a: Cloyster|76/100|[from] Stealth Rock
|move|p2a: Ferrothorn|Seed Bomb|p1a: Cloyster
|-supereffective|p1a: Cloyster
|-damage|p1a: Cloyster|31/100
|
|-heal|p2a: Ferrothorn|77/100|[from] item: Leftovers
|upkeep
|turn|13
|
|move|p1a: Cloyster|Shell Smash|p1a: Cloyster
|-unboost|p1a: Cloyster|def|1
|-unboost|p1a: Cloyster|spd|1
|-boost|p1a: Cloyster|atk|2
|-boost|p1a: Cloyster|spa|2
|-boost|p1a: Cloyster|spe|2
|move|p2a: Ferrothorn|Seed Bomb|p1a: Cloyster
|-supereffective|p1a: Cloyster
|-damage|p1a: Cloyster|0 fnt
|faint|p1a: Cloyster
|
|-heal|p2a: Ferrothorn|84/100|[from] item: Leftovers
|upkeep
|
|switch|p1a: Cinderace|Cinderace, F|68/100
|-damage|p1a: Cinderace|43/100|[from] Stealth Rock
|turn|14
|
|move|p1a: Cinderace|Court Change|p1a: Cinderace
|-sideend|p1: Grinwald Krieg|Stealth Rock|[silent]
|-sidestart|p2: kiise|Stealth Rock|[silent]
|-activate|p1a: Cinderace|move: Court Change
|move|p2a: Ferrothorn|Leech Seed|p1a: Cinderace
|-start|p1a: Cinderace|move: Leech Seed
|
|-heal|p2a: Ferrothorn|90/100|[from] item: Leftovers
|-damage|p1a: Cinderace|31/100|[from] Leech Seed|[of] p2a: Ferrothorn
|-heal|p2a: Ferrothorn|100/100|[silent]
|upkeep
|turn|15
|
|move|p1a: Cinderace|Pyro Ball|p2a: Ferrothorn|[miss]
|-miss|p1a: Cinderace|p2a: Ferrothorn
|move|p2a: Ferrothorn|Spikes|p1a: Cinderace
|-sidestart|p1: Grinwald Krieg|Spikes
|
|-damage|p1a: Cinderace|18/100|[from] Leech Seed|[of] p2a: Ferrothorn
|upkeep
|turn|16
|
|move|p1a: Cinderace|Pyro Ball|p2a: Ferrothorn
|-supereffective|p2a: Ferrothorn
|-damage|p2a: Ferrothorn|0 fnt
|faint|p2a: Ferrothorn
|
|upkeep
|
|switch|p2a: Ditto|Ditto|100/100
|-damage|p2a: Ditto|88/100|[from] Stealth Rock
|-transform|p2a: Ditto|p1a: Cinderace|[from] ability: Imposter
|turn|17
|
|switch|p1a: Dragapult|Dragapult, M|100/100
|-damage|p1a: Dragapult|88/100|[from] Spikes
|move|p2a: Ditto|U-turn|p1a: Dragapult
|-resisted|p1a: Dragapult
|-damage|p1a: Dragapult|74/100
|
|switch|p2a: Mimikyu|Mimikyu, F|100/100|[from]move: U-turn
|-damage|p2a: Mimikyu|88/100|[from] Stealth Rock
|
|upkeep
|turn|18
|
|move|p1a: Dragapult|U-turn|p2a: Mimikyu
|-activate|p2a: Mimikyu|ability: Disguise
|-damage|p2a: Mimikyu|88/100
|detailschange|p2a: Mimikyu|Mimikyu-Busted, F
|-damage|p2a: Mimikyu|76/100|[from] ability: Disguise|[of] p2a: Mimikyu
|
|switch|p1a: Clefable|Clefable, M|100/100|[from]move: U-turn
|move|p2a: Mimikyu|Play Rough|p1a: Clefable
|-damage|p1a: Clefable|49/100
|-damage|p2a: Mimikyu|66/100|[from] item: Life Orb
|
|upkeep
|turn|19
|
|move|p2a: Mimikyu|Play Rough|p1a: Clefable
|-damage|p1a: Clefable|0 fnt
|-damage|p2a: Mimikyu|56/100|[from] item: Life Orb
|faint|p1a: Clefable
|
|upkeep
|
|switch|p1a: Seismitoad|Seismitoad, M|55/100
|-damage|p1a: Seismitoad|42/100|[from] Spikes
|turn|20
|
|switch|p2a: Excadrill|Excadrill, F|33/100
|-damage|p2a: Excadrill|30/100|[from] Stealth Rock
|-ability|p2a: Excadrill|Mold Breaker
|move|p1a: Seismitoad|Earthquake|p2a: Excadrill
|-supereffective|p2a: Excadrill
|-damage|p2a: Excadrill|0 fnt
|faint|p2a: Excadrill
|
|upkeep
|
|switch|p2a: Cinderace|Cinderace, M|74/100
|-damage|p2a: Cinderace|49/100|[from] Stealth Rock
|turn|21
|
|move|p2a: Cinderace|High Jump Kick|p1a: Seismitoad
|-damage|p1a: Seismitoad|0 fnt
|-damage|p2a: Cinderace|39/100|[from] item: Life Orb
|faint|p1a: Seismitoad
|
|upkeep
|
|switch|p1a: Dragapult|Dragapult, M|74/100
|-damage|p1a: Dragapult|62/100|[from] Spikes
|turn|22
|
|move|p1a: Dragapult|Sucker Punch|p2a: Cinderace
|-damage|p2a: Cinderace|0 fnt
|faint|p2a: Cinderace
|
|upkeep
|
|switch|p2a: Mimikyu|Mimikyu-Busted, F|56/100
|-damage|p2a: Mimikyu|44/100|[from] Stealth Rock
|turn|23
|
|switch|p1a: Cinderace|Cinderace, F|18/100
|-damage|p1a: Cinderace|6/100|[from] Spikes
|move|p2a: Mimikyu|Play Rough|p1a: Cinderace
|-resisted|p1a: Cinderace
|-crit|p1a: Cinderace
|-damage|p1a: Cinderace|0 fnt
|-damage|p2a: Mimikyu|34/100|[from] item: Life Orb
|faint|p1a: Cinderace
|
|upkeep
|
|switch|p1a: Aegislash|Aegislash, F|100/100
|-damage|p1a: Aegislash|88/100|[from] Spikes
|turn|24
|
|move|p2a: Mimikyu|Shadow Claw|p1a: Aegislash
|-supereffective|p1a: Aegislash
|-crit|p1a: Aegislash
|-damage|p1a: Aegislash|3/100
|-damage|p2a: Mimikyu|24/100|[from] item: Life Orb
|move|p1a: Aegislash|Swords Dance|p1a: Aegislash
|-boost|p1a: Aegislash|atk|2
|
|-heal|p1a: Aegislash|9/100|[from] item: Leftovers
|upkeep
|turn|25
|
|-formechange|p1a: Aegislash|Aegislash-Blade||[from] ability: Stance Change
|move|p1a: Aegislash|Shadow Sneak|p2a: Mimikyu
|-supereffective|p2a: Mimikyu
|-damage|p2a: Mimikyu|0 fnt
|faint|p2a: Mimikyu
|
|-heal|p1a: Aegislash|15/100|[from] item: Leftovers
|upkeep
|
|switch|p2a: Ditto|Ditto|88/100
|-damage|p2a: Ditto|76/100|[from] Stealth Rock
|-transform|p2a: Ditto|p1a: Aegislash|[from] ability: Imposter
|turn|26
|
|-formechange|p1a: Aegislash|Aegislash||[from] ability: Stance Change
|move|p1a: Aegislash|King's Shield|p1a: Aegislash
|-singleturn|p1a: Aegislash|Protect
|move|p2a: Ditto|Shadow Sneak|p1a: Aegislash
|-activate|p1a: Aegislash|move: Protect
|-unboost|p2a: Ditto|atk|1
|
|-heal|p1a: Aegislash|21/100|[from] item: Leftovers
|upkeep
|turn|27
|
|move|p2a: Ditto|Shadow Sneak|p1a: Aegislash
|-supereffective|p1a: Aegislash
|-damage|p1a: Aegislash|0 fnt
|faint|p1a: Aegislash
|
|upkeep
|
|switch|p1a: Dragapult|Dragapult, M|62/100
|-damage|p1a: Dragapult|49/100|[from] Spikes
|turn|28
|
|move|p2a: Ditto|Shadow Sneak|p1a: Dragapult
|-supereffective|p1a: Dragapult
|-damage|p1a: Dragapult|0 fnt
|faint|p1a: Dragapult
|
|win|kiise
|l|☆Grinwald Krieg
|raw|Grinwald Krieg's rating: 1165 → 1141(-24 for losing)
|raw|kiise's rating: 1176 → 1200(+24 for winning)
