|ScrapeTime|2020-01-01-08:55:33
|j|☆quitos02
|j|☆GREENFF
|player|p1|quitos02|169|1074
|player|p2|GREENFF|cyclist-gen4|1117
|teamsize|p1|6
|teamsize|p2|6
|gametype|singles
|gen|8
|tier|[Gen 8] OU
|rated|
|rule|Sleep Clause Mod: Limit one foe put to sleep
|rule|Species Clause: Limit one of each Pokémon
|rule|OHKO Clause: OHKO moves are banned
|rule|Evasion Moves Clause: Evasion moves are banned
|rule|Endless Battle Clause: Forcing endless battles is banned
|rule|HP Percentage Mod: HP is shown in percentages
|clearpoke
|poke|p1|Dubwool, M|
|poke|p1|Corsola-Galar, M|
|poke|p1|Dragapult, F|
|poke|p1|Excadrill, F|
|poke|p1|Mudsdale, F|
|poke|p1|Weezing-Galar, M|
|poke|p2|Cinderace, F|
|poke|p2|Ferrothorn, F|
|poke|p2|Seismitoad, F|
|poke|p2|Clefable, M|
|poke|p2|Togekiss, F|
|poke|p2|Excadrill, F|
|rule|Dynamax Clause: You cannot dynamax
|teampreview
|
|start
|switch|p1a: Weezing|Weezing-Galar, M|100/100
|switch|p2a: Togekiss|Togekiss, F|100/100
|-ability|p1a: Weezing|Neutralizing Gas
|turn|1
|
|move|p2a: Togekiss|Substitute|p2a: Togekiss
|-start|p2a: Togekiss|Substitute
|-damage|p2a: Togekiss|76/100
|move|p1a: Weezing|Toxic Spikes|p2a: Togekiss
|-sidestart|p2: GREENFF|move: Toxic Spikes
|
|-heal|p2a: Togekiss|82/100|[from] item: Leftovers
|upkeep
|turn|2
|
|move|p2a: Togekiss|Nasty Plot|p2a: Togekiss
|-boost|p2a: Togekiss|spa|2
|move|p1a: Weezing|Toxic Spikes|p2a: Togekiss
|-sidestart|p2: GREENFF|move: Toxic Spikes
|
|-heal|p2a: Togekiss|88/100|[from] item: Leftovers
|upkeep
|turn|3
|
|move|p2a: Togekiss|Nasty Plot|p2a: Togekiss
|-boost|p2a: Togekiss|spa|2
|move|p1a: Weezing|Fire Blast|p2a: Togekiss
|-activate|p2a: Togekiss|move: Substitute|[damage]
|
|-heal|p2a: Togekiss|94/100|[from] item: Leftovers
|upkeep
|turn|4
|
|switch|p1a: Excadrill|Excadrill, F|100/100
|move|p2a: Togekiss|Nasty Plot|p2a: Togekiss
|-boost|p2a: Togekiss|spa|2
|
|-heal|p2a: Togekiss|99/100|[from] item: Leftovers
|upkeep
|turn|5
|
|move|p1a: Excadrill|Iron Head|p2a: Togekiss
|-supereffective|p2a: Togekiss
|-end|p2a: Togekiss|Substitute
|move|p2a: Togekiss|Air Slash|p1a: Excadrill
|-resisted|p1a: Excadrill
|-enditem|p1a: Excadrill|Focus Sash
|-damage|p1a: Excadrill|1/100
|
|-heal|p2a: Togekiss|100/100|[from] item: Leftovers
|upkeep
|turn|6
|
|move|p1a: Excadrill|Iron Head|p2a: Togekiss
|-supereffective|p2a: Togekiss
|-damage|p2a: Togekiss|25/100
|move|p2a: Togekiss|Air Slash|p1a: Excadrill
|-resisted|p1a: Excadrill
|-damage|p1a: Excadrill|0 fnt
|faint|p1a: Excadrill
|
|-heal|p2a: Togekiss|31/100|[from] item: Leftovers
|upkeep
|j| Blasco jzjzjz
|
|switch|p1a: Dragapult|Dragapult, F|100/100
|turn|7
|
|switch|p2a: Excadrill|Excadrill, F|100/100
|-ability|p2a: Excadrill|Mold Breaker
|move|p1a: Dragapult|Thunderbolt|p2a: Excadrill
|-immune|p2a: Excadrill
|
|upkeep
|turn|8
|
|move|p1a: Dragapult|Fire Blast|p2a: Excadrill|[miss]
|-miss|p1a: Dragapult|p2a: Excadrill
|move|p2a: Excadrill|Rapid Spin|p1a: Dragapult
|-immune|p1a: Dragapult
|
|upkeep
|turn|9
|
|switch|p2a: Seismitoad|Seismitoad, F|100/100
|-status|p2a: Seismitoad|tox
|move|p1a: Dragapult|Dragon Darts|p2a: Seismitoad
|-damage|p2a: Seismitoad|81/100 tox
|-crit|p2a: Seismitoad
|-damage|p2a: Seismitoad|54/100 tox
|-hitcount|p2a: Seismitoad|2
|
|-damage|p2a: Seismitoad|48/100 tox|[from] psn
|upkeep
|turn|10
|
|move|p1a: Dragapult|Will-O-Wisp||[still]
|-fail|p1a: Dragapult
|move|p2a: Seismitoad|Toxic|p1a: Dragapult
|-status|p1a: Dragapult|tox
|
|-damage|p1a: Dragapult|94/100 tox|[from] psn
|-damage|p2a: Seismitoad|36/100 tox|[from] psn
|upkeep
|turn|11
|
|move|p1a: Dragapult|Dragon Darts|p2a: Seismitoad
|-damage|p2a: Seismitoad|19/100 tox
|-enditem|p2a: Seismitoad|Aguav Berry|[eat]
|-heal|p2a: Seismitoad|52/100 tox|[from] item: Aguav Berry
|-damage|p2a: Seismitoad|34/100 tox
|-hitcount|p2a: Seismitoad|2
|move|p2a: Seismitoad|Stealth Rock|p1a: Dragapult
|-sidestart|p1: quitos02|move: Stealth Rock
|
|-heal|p1a: Dragapult|100/100 tox|[from] item: Leftovers
|-damage|p1a: Dragapult|88/100 tox|[from] psn
|-damage|p2a: Seismitoad|16/100 tox|[from] psn
|upkeep
|turn|12
|
|move|p2a: Seismitoad|Protect|p2a: Seismitoad
|-singleturn|p2a: Seismitoad|Protect
|move|p1a: Dragapult|Dragon Darts|p2a: Seismitoad
|-activate|p2a: Seismitoad|move: Protect
|
|-heal|p1a: Dragapult|94/100 tox|[from] item: Leftovers
|-damage|p1a: Dragapult|76/100 tox|[from] psn
|-damage|p2a: Seismitoad|0 fnt|[from] psn
|faint|p2a: Seismitoad
|upkeep
|
|switch|p2a: Clefable|Clefable, M|100/100
|-status|p2a: Clefable|tox
|turn|13
|
|switch|p1a: Mudsdale|Mudsdale, F|100/100
|-damage|p1a: Mudsdale|94/100|[from] Stealth Rock
|move|p2a: Clefable|Moonblast|p1a: Mudsdale
|-damage|p1a: Mudsdale|41/100
|-ability|p1a: Mudsdale|Stamina|boost
|-boost|p1a: Mudsdale|def|1
|
|upkeep
|turn|14
|
|switch|p2a: Excadrill|Excadrill, F|100/100
|-ability|p2a: Excadrill|Mold Breaker
|move|p1a: Mudsdale|Stealth Rock|p2a: Excadrill
|-sidestart|p2: GREENFF|move: Stealth Rock
|
|upkeep
|turn|15
|
|switch|p1a: Dubwool|Dubwool, M|100/100
|-damage|p1a: Dubwool|88/100|[from] Stealth Rock
|move|p2a: Excadrill|Earthquake|p1a: Dubwool
|-damage|p1a: Dubwool|46/100
|
|-heal|p1a: Dubwool|52/100|[from] item: Leftovers
|upkeep
|turn|16
|inactive|Battle timer is ON: inactive players will automatically lose when time's up. (requested by quitos02)
|
|move|p2a: Excadrill|Rapid Spin|p1a: Dubwool
|-damage|p1a: Dubwool|37/100
|-sideend|p2: GREENFF|Toxic Spikes|[from] move: Rapid Spin|[of] p2a: Excadrill
|-sideend|p2: GREENFF|Stealth Rock|[from] move: Rapid Spin|[of] p2a: Excadrill
|-boost|p2a: Excadrill|spe|1
|move|p1a: Dubwool|Cotton Guard|p1a: Dubwool
|-boost|p1a: Dubwool|def|3
|
|-heal|p1a: Dubwool|43/100|[from] item: Leftovers
|upkeep
|turn|17
|
|move|p1a: Dubwool|Protect|p1a: Dubwool
|-singleturn|p1a: Dubwool|Protect
|move|p2a: Excadrill|Earthquake|p1a: Dubwool
|-activate|p1a: Dubwool|move: Protect
|
|-heal|p1a: Dubwool|49/100|[from] item: Leftovers
|upkeep
|turn|18
|
|switch|p2a: Ferrothorn|Ferrothorn, F|100/100
|move|p1a: Dubwool|Cotton Guard|p1a: Dubwool
|-boost|p1a: Dubwool|def|3
|
|-heal|p1a: Dubwool|55/100|[from] item: Leftovers
|upkeep
|turn|19
|
|move|p1a: Dubwool|Body Press|p2a: Ferrothorn
|-supereffective|p2a: Ferrothorn
|-damage|p2a: Ferrothorn|2/100
|-damage|p1a: Dubwool|42/100|[from] ability: Iron Barbs|[of] p2a: Ferrothorn
|move|p2a: Ferrothorn|Leech Seed|p1a: Dubwool
|-start|p1a: Dubwool|move: Leech Seed
|
|-heal|p1a: Dubwool|48/100|[from] item: Leftovers
|-heal|p2a: Ferrothorn|8/100|[from] item: Leftovers
|-damage|p1a: Dubwool|36/100|[from] Leech Seed|[of] p2a: Ferrothorn
|-heal|p2a: Ferrothorn|21/100|[silent]
|upkeep
|turn|20
|inactive|quitos02 has 120 seconds left.
|
|move|p2a: Ferrothorn|Protect|p2a: Ferrothorn
|-singleturn|p2a: Ferrothorn|Protect
|move|p1a: Dubwool|Body Press|p2a: Ferrothorn
|-activate|p2a: Ferrothorn|move: Protect
|
|-heal|p1a: Dubwool|42/100|[from] item: Leftovers
|-heal|p2a: Ferrothorn|27/100|[from] item: Leftovers
|-damage|p1a: Dubwool|30/100|[from] Leech Seed|[of] p2a: Ferrothorn
|-heal|p2a: Ferrothorn|39/100|[silent]
|upkeep
|turn|21
|
|switch|p2a: Cinderace|Cinderace, F|100/100
|move|p1a: Dubwool|Body Press|p2a: Cinderace
|-damage|p2a: Cinderace|0 fnt
|faint|p2a: Cinderace
|
|-heal|p1a: Dubwool|36/100|[from] item: Leftovers
|upkeep
|
|switch|p2a: Togekiss|Togekiss, F|31/100
|turn|22
|c|☆quitos02|dubwool es inimputable
|
|switch|p2a: Ferrothorn|Ferrothorn, F|39/100
|move|p1a: Dubwool|Body Press|p2a: Ferrothorn
|-supereffective|p2a: Ferrothorn
|-damage|p2a: Ferrothorn|0 fnt
|-damage|p1a: Dubwool|23/100|[from] ability: Iron Barbs|[of] p2a: Ferrothorn
|faint|p2a: Ferrothorn
|
|-heal|p1a: Dubwool|30/100|[from] item: Leftovers
|upkeep
|
|switch|p2a: Togekiss|Togekiss, F|31/100
|turn|23
|inactive|quitos02 has 120 seconds left.
|
|move|p1a: Dubwool|Body Press|p2a: Togekiss
|-resisted|p2a: Togekiss
|-damage|p2a: Togekiss|9/100
|move|p2a: Togekiss|Air Slash|p1a: Dubwool
|-crit|p1a: Dubwool
|-damage|p1a: Dubwool|0 fnt
|faint|p1a: Dubwool
|
|-heal|p2a: Togekiss|15/100|[from] item: Leftovers
|upkeep
|inactive|quitos02 has 120 seconds left.
|
|switch|p1a: Corsola|Corsola-Galar, M, shiny|100/100
|-damage|p1a: Corsola|88/100|[from] Stealth Rock
|turn|24
|
|move|p2a: Togekiss|Thunder Wave|p1a: Corsola
|-status|p1a: Corsola|par
|move|p1a: Corsola|Shadow Ball|p2a: Togekiss
|-damage|p2a: Togekiss|0 fnt
|faint|p2a: Togekiss
|
|upkeep
|
|switch|p2a: Clefable|Clefable, M|100/100 tox
|turn|25
|c| Blasco jzjzjz|Alta paliza hermano xd
|
|move|p2a: Clefable|Moonblast|p1a: Corsola
|-damage|p1a: Corsola|52/100 par
|move|p1a: Corsola|Stealth Rock|p2a: Clefable
|-sidestart|p2: GREENFF|move: Stealth Rock
|
|upkeep
|turn|26
|
|move|p2a: Clefable|Moonblast|p1a: Corsola
|-damage|p1a: Corsola|16/100 par
|-unboost|p1a: Corsola|spa|1
|move|p1a: Corsola|Shadow Ball|p2a: Clefable
|-damage|p2a: Clefable|88/100 tox
|
|upkeep
|turn|27
|
|move|p2a: Clefable|Moonblast|p1a: Corsola
|-damage|p1a: Corsola|0 fnt
|faint|p1a: Corsola
|
|upkeep
|
|switch|p1a: Weezing|Weezing-Galar, M|100/100
|-ability|p1a: Weezing|Neutralizing Gas
|-damage|p1a: Weezing|88/100|[from] Stealth Rock
|turn|28
|
|move|p1a: Weezing|Fire Blast|p2a: Clefable
|-damage|p2a: Clefable|66/100 tox
|move|p2a: Clefable|Moonblast|p1a: Weezing
|-resisted|p1a: Weezing
|-damage|p1a: Weezing|62/100
|-damage|p2a: Clefable|56/100 tox|[from] item: Life Orb
|
|-heal|p1a: Weezing|68/100|[from] item: Black Sludge
|-damage|p2a: Clefable|32/100 tox|[from] psn
|upkeep
|turn|29
|
|move|p1a: Weezing|Fire Blast|p2a: Clefable|[miss]
|-miss|p1a: Weezing|p2a: Clefable
|move|p2a: Clefable|Moonlight|p2a: Clefable
|-heal|p2a: Clefable|82/100 tox
|
|-heal|p1a: Weezing|74/100|[from] item: Black Sludge
|-damage|p2a: Clefable|52/100 tox|[from] psn
|upkeep
|turn|30
|
|switch|p2a: Excadrill|Excadrill, F|100/100
|-damage|p2a: Excadrill|97/100|[from] Stealth Rock
|move|p1a: Weezing|Fire Blast|p2a: Excadrill
|-supereffective|p2a: Excadrill
|-damage|p2a: Excadrill|38/100
|
|-heal|p1a: Weezing|80/100|[from] item: Black Sludge
|upkeep
|turn|31
|
|move|p2a: Excadrill|Earthquake|p1a: Weezing
|-supereffective|p1a: Weezing
|-damage|p1a: Weezing|0 fnt
|faint|p1a: Weezing
|-ability|p2a: Excadrill|Mold Breaker
|
|upkeep
|
|switch|p1a: Mudsdale|Mudsdale, F|41/100
|-damage|p1a: Mudsdale|35/100|[from] Stealth Rock
|turn|32
|
|move|p2a: Excadrill|Earthquake|p1a: Mudsdale
|-damage|p1a: Mudsdale|0 fnt
|faint|p1a: Mudsdale
|
|upkeep
|
|switch|p1a: Dragapult|Dragapult, F|76/100 tox
|-damage|p1a: Dragapult|64/100 tox|[from] Stealth Rock
|turn|33
|
|move|p1a: Dragapult|Fire Blast|p2a: Excadrill
|-supereffective|p2a: Excadrill
|-damage|p2a: Excadrill|0 fnt
|faint|p2a: Excadrill
|
|-heal|p1a: Dragapult|70/100 tox|[from] item: Leftovers
|-damage|p1a: Dragapult|64/100 tox|[from] psn
|upkeep
|
|switch|p2a: Clefable|Clefable, M|52/100 tox
|turn|34
|
|move|p1a: Dragapult|Fire Blast|p2a: Clefable|[miss]
|-miss|p1a: Dragapult|p2a: Clefable
|move|p2a: Clefable|Moonlight|p2a: Clefable
|-heal|p2a: Clefable|100/100 tox
|
|-heal|p1a: Dragapult|70/100 tox|[from] item: Leftovers
|-damage|p1a: Dragapult|58/100 tox|[from] psn
|upkeep
|turn|35
|
|move|p1a: Dragapult|Fire Blast|p2a: Clefable
|-damage|p2a: Clefable|80/100 tox
|move|p2a: Clefable|Moonblast|p1a: Dragapult
|-supereffective|p1a: Dragapult
|-crit|p1a: Dragapult
|-damage|p1a: Dragapult|0 fnt
|faint|p1a: Dragapult
|
|win|GREENFF
|raw|quitos02's rating: 1074 → 1056(-18 for losing)
|raw|GREENFF's rating: 1117 → 1139(+22 for winning)
|c|☆quitos02|gg
|c|☆GREENFF|GG
