|ScrapeTime|2020-01-01-23:28:50
|j|☆Low IQ Plays
|j|☆Grinwald Krieg
|player|p1|Low IQ Plays|64|1000
|player|p2|Grinwald Krieg|mina|1041
|teamsize|p1|6
|teamsize|p2|6
|gametype|singles
|gen|8
|tier|[Gen 8] OU
|rated|
|rule|Sleep Clause Mod: Limit one foe put to sleep
|rule|Species Clause: Limit one of each Pokémon
|rule|OHKO Clause: OHKO moves are banned
|rule|Evasion Moves Clause: Evasion moves are banned
|rule|Endless Battle Clause: Forcing endless battles is banned
|rule|HP Percentage Mod: HP is shown in percentages
|clearpoke
|poke|p1|Barraskewda, F|
|poke|p1|Dracovish|
|poke|p1|Aegislash, M|
|poke|p1|Corsola-Galar, F|
|poke|p1|Toxtricity-Low-Key, M|
|poke|p1|Hydreigon, F|
|poke|p2|Cloyster, F|
|poke|p2|Dracovish|
|poke|p2|Dragapult, F|
|poke|p2|Cinderace, F|
|poke|p2|Rotom-Wash|
|poke|p2|Clefable, F|
|rule|Dynamax Clause: You cannot dynamax
|teampreview
|
|start
|switch|p1a: Toxtricity|Toxtricity-Low-Key, M|100/100
|switch|p2a: Cloyster|Cloyster, F, shiny|100/100
|turn|1
|inactive|Battle timer is ON: inactive players will automatically lose when time's up. (requested by Grinwald Krieg)
|
|move|p1a: Toxtricity|Volt Switch|p2a: Cloyster
|-supereffective|p2a: Cloyster
|-enditem|p2a: Cloyster|Focus Sash
|-damage|p2a: Cloyster|1/100
|
|switch|p1a: Barraskewda|Barraskewda, F|100/100|[from]move: Volt Switch
|move|p2a: Cloyster|Shell Smash|p2a: Cloyster
|-unboost|p2a: Cloyster|def|1
|-unboost|p2a: Cloyster|spd|1
|-boost|p2a: Cloyster|atk|2
|-boost|p2a: Cloyster|spa|2
|-boost|p2a: Cloyster|spe|2
|
|upkeep
|turn|2
|
|move|p1a: Barraskewda|Aqua Jet|p2a: Cloyster
|-resisted|p2a: Cloyster
|-damage|p2a: Cloyster|0 fnt
|-damage|p1a: Barraskewda|91/100|[from] item: Life Orb
|faint|p2a: Cloyster
|
|upkeep
|
|switch|p2a: Clefable|Clefable, F|100/100
|turn|3
|
|move|p1a: Barraskewda|Liquidation|p2a: Clefable
|-damage|p2a: Clefable|27/100
|-damage|p1a: Barraskewda|81/100|[from] item: Life Orb
|move|p2a: Clefable|Thunderbolt|p1a: Barraskewda
|-supereffective|p1a: Barraskewda
|-damage|p1a: Barraskewda|0 fnt
|faint|p1a: Barraskewda
|
|upkeep
|
|switch|p1a: Aegislash|Aegislash, M|100/100
|turn|4
|
|move|p1a: Aegislash|Swords Dance|p1a: Aegislash
|-boost|p1a: Aegislash|atk|2
|move|p2a: Clefable|Stealth Rock|p1a: Aegislash
|-sidestart|p1: Low IQ Plays|move: Stealth Rock
|
|upkeep
|turn|5
|
|move|p2a: Clefable|Moonblast|p1a: Aegislash
|-resisted|p1a: Aegislash
|-damage|p1a: Aegislash|78/100
|move|p1a: Aegislash|Swords Dance|p1a: Aegislash
|-boost|p1a: Aegislash|atk|2
|
|upkeep
|turn|6
|
|-formechange|p1a: Aegislash|Aegislash-Blade||[from] ability: Stance Change
|move|p1a: Aegislash|Shadow Sneak|p2a: Clefable
|-damage|p2a: Clefable|0 fnt
|faint|p2a: Clefable
|
|upkeep
|
|switch|p2a: Rotom|Rotom-Wash|100/100
|turn|7
|
|-formechange|p1a: Aegislash|Aegislash||[from] ability: Stance Change
|move|p1a: Aegislash|King's Shield|p1a: Aegislash
|-singleturn|p1a: Aegislash|Protect
|move|p2a: Rotom|Rain Dance|p2a: Rotom
|-weather|RainDance
|
|-weather|RainDance|[upkeep]
|upkeep
|turn|8
|
|move|p2a: Rotom|Will-O-Wisp|p1a: Aegislash
|-status|p1a: Aegislash|brn
|-formechange|p1a: Aegislash|Aegislash-Blade||[from] ability: Stance Change
|move|p1a: Aegislash|Close Combat|p2a: Rotom
|-damage|p2a: Rotom|12/100
|-unboost|p1a: Aegislash|def|1
|-unboost|p1a: Aegislash|spd|1
|
|-weather|RainDance|[upkeep]
|-damage|p1a: Aegislash|72/100 brn|[from] brn
|upkeep
|turn|9
|
|move|p1a: Aegislash|Shadow Sneak|p2a: Rotom
|-damage|p2a: Rotom|0 fnt
|faint|p2a: Rotom
|
|-weather|RainDance|[upkeep]
|-damage|p1a: Aegislash|66/100 brn|[from] brn
|upkeep
|
|switch|p2a: Dracovish|Dracovish|100/100
|turn|10
|
|-formechange|p1a: Aegislash|Aegislash||[from] ability: Stance Change
|move|p1a: Aegislash|King's Shield|p1a: Aegislash
|-singleturn|p1a: Aegislash|Protect
|move|p2a: Dracovish|Fishious Rend|p1a: Aegislash
|-activate|p1a: Aegislash|move: Protect
|-unboost|p2a: Dracovish|atk|1
|
|-weather|RainDance|[upkeep]
|-damage|p1a: Aegislash|59/100 brn|[from] brn
|upkeep
|turn|11
|
|-formechange|p1a: Aegislash|Aegislash-Blade||[from] ability: Stance Change
|move|p1a: Aegislash|Shadow Sneak|p2a: Dracovish
|-damage|p2a: Dracovish|62/100
|move|p2a: Dracovish|Fishious Rend|p1a: Aegislash
|-damage|p1a: Aegislash|0 fnt
|-damage|p2a: Dracovish|46/100|[from] item: Rocky Helmet|[of] p1a: Aegislash
|faint|p1a: Aegislash
|
|-weather|RainDance|[upkeep]
|upkeep
|
|switch|p1a: Toxtricity|Toxtricity-Low-Key, M|100/100
|-damage|p1a: Toxtricity|88/100|[from] Stealth Rock
|turn|12
|
|move|p2a: Dracovish|Fishious Rend|p1a: Toxtricity
|-damage|p1a: Toxtricity|0 fnt
|faint|p1a: Toxtricity
|
|-weather|RainDance|[upkeep]
|upkeep
|
|switch|p1a: Corsola|Corsola-Galar, F|100/100
|-damage|p1a: Corsola|88/100|[from] Stealth Rock
|turn|13
|
|move|p2a: Dracovish|Fishious Rend|p1a: Corsola
|-damage|p1a: Corsola|0 fnt
|faint|p1a: Corsola
|
|-weather|RainDance|[upkeep]
|upkeep
|
|switch|p1a: Hydreigon|Hydreigon, F|100/100
|-damage|p1a: Hydreigon|88/100|[from] Stealth Rock
|turn|14
|
|move|p2a: Dracovish|Fishious Rend|p1a: Hydreigon
|-resisted|p1a: Hydreigon
|-damage|p1a: Hydreigon|15/100
|move|p1a: Hydreigon|Dark Pulse|p2a: Dracovish
|-damage|p2a: Dracovish|0 fnt
|faint|p2a: Dracovish
|
|-weather|none
|upkeep
|
|switch|p2a: Cinderace|Cinderace, F|100/100
|turn|15
|
|move|p2a: Cinderace|U-turn|p1a: Hydreigon
|-supereffective|p1a: Hydreigon
|-damage|p1a: Hydreigon|0 fnt
|faint|p1a: Hydreigon
|
|switch|p2a: Dragapult|Dragapult, F|100/100|[from]move: U-turn
|
|upkeep
|
|switch|p1a: Dracovish|Dracovish|100/100
|-damage|p1a: Dracovish|88/100|[from] Stealth Rock
|turn|16
|
|move|p2a: Dragapult|Outrage|p1a: Dracovish
|-supereffective|p1a: Dracovish
|-damage|p1a: Dracovish|0 fnt
|faint|p1a: Dracovish
|
|win|Grinwald Krieg
|l|☆Low IQ Plays
|raw|Low IQ Plays's rating: 1000 → 1000(+0 for losing)
|raw|Grinwald Krieg's rating: 1041 → 1071(+30 for winning)
