|ScrapeTime|2020-01-02-11:15:22
|j|☆totallytokie
|j|☆KiritoSAO2020
|player|p1|totallytokie|zinnia|1020
|player|p2|KiritoSAO2020|fantina|1087
|teamsize|p1|6
|teamsize|p2|6
|gametype|singles
|gen|8
|tier|[Gen 8] OU
|rated|
|rule|Sleep Clause Mod: Limit one foe put to sleep
|rule|Species Clause: Limit one of each Pokémon
|rule|OHKO Clause: OHKO moves are banned
|rule|Evasion Moves Clause: Evasion moves are banned
|rule|Endless Battle Clause: Forcing endless battles is banned
|rule|HP Percentage Mod: HP is shown in percentages
|clearpoke
|poke|p1|Roserade, M|
|poke|p1|Mr. Rime, F|
|poke|p1|Cinderace, F|
|poke|p1|Gyarados, F|
|poke|p1|Excadrill, F|
|poke|p1|Gengar, M|
|poke|p2|Mimikyu, F|
|poke|p2|Aegislash, M|
|poke|p2|Dracovish|
|poke|p2|Polteageist|
|poke|p2|Rillaboom, F|
|poke|p2|Rotom-Wash|
|rule|Dynamax Clause: You cannot dynamax
|teampreview
|
|start
|switch|p1a: Mr. Rime|Mr. Rime, F|100/100
|switch|p2a: dab|Dracovish, shiny|100/100
|turn|1
|inactive|Battle timer is ON: inactive players will automatically lose when time's up. (requested by KiritoSAO2020)
|
|move|p2a: dab|Crunch|p1a: Mr. Rime
|-supereffective|p1a: Mr. Rime
|-enditem|p1a: Mr. Rime|Focus Sash
|-damage|p1a: Mr. Rime|1/100
|move|p1a: Mr. Rime|Psychic|p2a: dab
|-damage|p2a: dab|53/100
|
|upkeep
|turn|2
|
|move|p2a: dab|Crunch|p1a: Mr. Rime
|-supereffective|p1a: Mr. Rime
|-damage|p1a: Mr. Rime|0 fnt
|faint|p1a: Mr. Rime
|
|upkeep
|
|switch|p1a: Roserade|Roserade, M|100/100
|turn|3
|
|switch|p2a: un boo-clier|Aegislash, M|100/100
|move|p1a: Roserade|Leaf Storm|p2a: un boo-clier|[miss]
|-miss|p1a: Roserade|p2a: un boo-clier
|
|upkeep
|turn|4
|
|switch|p1a: Cinderace|Cinderace, F, shiny|100/100
|-formechange|p2a: un boo-clier|Aegislash-Blade||[from] ability: Stance Change
|move|p2a: un boo-clier|Iron Head|p1a: Cinderace
|-resisted|p1a: Cinderace
|-damage|p1a: Cinderace|67/100
|
|upkeep
|turn|5
|
|-formechange|p2a: un boo-clier|Aegislash||[from] ability: Stance Change
|move|p2a: un boo-clier|King's Shield|p2a: un boo-clier
|-singleturn|p2a: un boo-clier|Protect
|move|p1a: Cinderace|Sucker Punch||[still]
|-fail|p1a: Cinderace
|
|upkeep
|turn|6
|
|switch|p2a: il tourne :o|Rotom-Wash, shiny|100/100
|move|p1a: Cinderace|Substitute|p1a: Cinderace
|-start|p1a: Cinderace|Substitute
|-damage|p1a: Cinderace|42/100
|
|upkeep
|turn|7
|
|move|p1a: Cinderace|Sucker Punch|p2a: il tourne :o
|-damage|p2a: il tourne :o|78/100
|-damage|p1a: Cinderace|32/100|[from] item: Life Orb
|move|p2a: il tourne :o|Hydro Pump|p1a: Cinderace
|-supereffective|p1a: Cinderace
|-end|p1a: Cinderace|Substitute
|
|upkeep
|turn|8
|inactive|KiritoSAO2020 has 120 seconds left.
|
|switch|p1a: Gyarados|Gyarados, F|100/100
|switch|p2a: prank bro|Mimikyu, F, shiny|100/100
|
|upkeep
|turn|9
|
|move|p2a: prank bro|Curse|p1a: Gyarados
|-start|p1a: Gyarados|Curse|[of] p2a: prank bro
|-damage|p2a: prank bro|50/100
|move|p1a: Gyarados|Dragon Dance|p1a: Gyarados
|-boost|p1a: Gyarados|atk|1
|-boost|p1a: Gyarados|spe|1
|
|-heal|p2a: prank bro|56/100|[from] item: Leftovers
|-damage|p1a: Gyarados|76/100|[from] Curse
|upkeep
|turn|10
|
|move|p1a: Gyarados|Crunch|p2a: prank bro
|-activate|p2a: prank bro|ability: Disguise
|-damage|p2a: prank bro|56/100
|detailschange|p2a: prank bro|Mimikyu-Busted, F, shiny
|-damage|p2a: prank bro|44/100|[from] ability: Disguise|[of] p2a: prank bro
|move|p2a: prank bro|Swords Dance|p2a: prank bro
|-boost|p2a: prank bro|atk|2
|
|-heal|p2a: prank bro|50/100|[from] item: Leftovers
|-damage|p1a: Gyarados|51/100|[from] Curse
|upkeep
|turn|11
|
|move|p2a: prank bro|Protect|p2a: prank bro
|-singleturn|p2a: prank bro|Protect
|move|p1a: Gyarados|Crunch|p2a: prank bro
|-activate|p2a: prank bro|move: Protect
|
|-heal|p2a: prank bro|56/100|[from] item: Leftovers
|-damage|p1a: Gyarados|26/100|[from] Curse
|upkeep
|turn|12
|
|move|p2a: prank bro|Shadow Sneak|p1a: Gyarados
|-damage|p1a: Gyarados|0 fnt
|faint|p1a: Gyarados
|
|-heal|p2a: prank bro|62/100|[from] item: Leftovers
|upkeep
|-message|totallytokie forfeited.
|
|win|KiritoSAO2020
|l|☆totallytokie
|raw|totallytokie's rating: 1020 → 1009(-11 for losing)
|raw|KiritoSAO2020's rating: 1087 → 1108(+21 for winning)
