|ScrapeTime|2020-01-02-14:56:38
|j|☆milk7234
|j|☆True_Enigma365
|player|p1|milk7234|169|1000
|player|p2|True_Enigma365|steven|1029
|teamsize|p1|6
|teamsize|p2|6
|gametype|singles
|gen|8
|tier|[Gen 8] OU
|rated|
|rule|Sleep Clause Mod: Limit one foe put to sleep
|rule|Species Clause: Limit one of each Pokémon
|rule|OHKO Clause: OHKO moves are banned
|rule|Evasion Moves Clause: Evasion moves are banned
|rule|Endless Battle Clause: Forcing endless battles is banned
|rule|HP Percentage Mod: HP is shown in percentages
|clearpoke
|poke|p1|Rotom-Frost|
|poke|p1|Tyranitar, F|
|poke|p1|Gengar, F|
|poke|p1|Togekiss, F|
|poke|p1|Ferrothorn, F|
|poke|p1|Jolteon, M|
|poke|p2|Dragapult, F|
|poke|p2|Mimikyu, M|
|poke|p2|Dracovish|
|poke|p2|Toxtricity-Low-Key, F|
|poke|p2|Goodra, M|
|poke|p2|Corviknight, F|
|rule|Dynamax Clause: You cannot dynamax
|teampreview
|
|start
|switch|p1a: Ferrothorn|Ferrothorn, F|100/100
|switch|p2a: Dracovish|Dracovish|100/100
|turn|1
|inactive|Battle timer is ON: inactive players will automatically lose when time's up. (requested by True_Enigma365)
|
|move|p2a: Dracovish|Fishious Rend|p1a: Ferrothorn
|-resisted|p1a: Ferrothorn
|-damage|p1a: Ferrothorn|69/100
|-damage|p2a: Dracovish|88/100|[from] ability: Iron Barbs|[of] p1a: Ferrothorn
|move|p1a: Ferrothorn|Energy Ball|p2a: Dracovish
|-damage|p2a: Dracovish|67/100
|
|upkeep
|turn|2
|
|move|p2a: Dracovish|Fishious Rend|p1a: Ferrothorn
|-resisted|p1a: Ferrothorn
|-damage|p1a: Ferrothorn|34/100
|-damage|p2a: Dracovish|55/100|[from] ability: Iron Barbs|[of] p1a: Ferrothorn
|move|p1a: Ferrothorn|Gyro Ball|p2a: Dracovish
|-resisted|p2a: Dracovish
|-damage|p2a: Dracovish|30/100
|
|upkeep
|turn|3
|
|move|p2a: Dracovish|Fishious Rend|p1a: Ferrothorn
|-resisted|p1a: Ferrothorn
|-damage|p1a: Ferrothorn|1/100
|-damage|p2a: Dracovish|18/100|[from] ability: Iron Barbs|[of] p1a: Ferrothorn
|move|p1a: Ferrothorn|Gyro Ball|p2a: Dracovish
|-resisted|p2a: Dracovish
|-damage|p2a: Dracovish|0 fnt
|faint|p2a: Dracovish
|
|upkeep
|
|switch|p2a: Corviknight|Corviknight, F|100/100
|-ability|p2a: Corviknight|Pressure
|turn|4
|
|move|p2a: Corviknight|Brave Bird|p1a: Ferrothorn
|-damage|p1a: Ferrothorn|0 fnt
|-damage|p2a: Corviknight|88/100|[from] ability: Iron Barbs|[of] p1a: Ferrothorn
|-damage|p2a: Corviknight|88/100|[from] Recoil
|faint|p1a: Ferrothorn
|
|-heal|p2a: Corviknight|94/100|[from] item: Leftovers
|upkeep
|
|switch|p1a: Jolteon|Jolteon, M|100/100
|turn|5
|
|move|p1a: Jolteon|Thunder Wave|p2a: Corviknight
|-status|p2a: Corviknight|par
|move|p2a: Corviknight|Substitute|p2a: Corviknight
|-start|p2a: Corviknight|Substitute
|-damage|p2a: Corviknight|69/100 par
|
|-heal|p2a: Corviknight|75/100 par|[from] item: Leftovers
|upkeep
|turn|6
|
|move|p1a: Jolteon|Thunderbolt|p2a: Corviknight
|-supereffective|p2a: Corviknight
|-end|p2a: Corviknight|Substitute
|move|p2a: Corviknight|Iron Defense|p2a: Corviknight
|-boost|p2a: Corviknight|def|2
|
|-heal|p2a: Corviknight|81/100 par|[from] item: Leftovers
|upkeep
|turn|7
|
|switch|p2a: Toxtricity|Toxtricity-Low-Key, F|100/100
|move|p1a: Jolteon|Thunderbolt|p2a: Toxtricity
|-resisted|p2a: Toxtricity
|-damage|p2a: Toxtricity|78/100
|
|upkeep
|turn|8
|
|switch|p1a: Tyranitar|Tyranitar, F|100/100
|-weather|Sandstorm|[from] ability: Sand Stream|[of] p1a: Tyranitar
|move|p2a: Toxtricity|Boomburst|p1a: Tyranitar
|-resisted|p1a: Tyranitar
|-damage|p1a: Tyranitar|71/100
|
|-weather|Sandstorm|[upkeep]
|-damage|p2a: Toxtricity|71/100|[from] Sandstorm
|upkeep
|turn|9
|
|switch|p2a: Goodra|Goodra, M|100/100
|move|p1a: Tyranitar|Earthquake|p2a: Goodra
|-damage|p2a: Goodra|42/100
|
|-weather|Sandstorm|[upkeep]
|-damage|p2a: Goodra|35/100|[from] Sandstorm
|upkeep
|turn|10
|
|move|p2a: Goodra|Aqua Tail|p1a: Tyranitar
|-supereffective|p1a: Tyranitar
|-damage|p1a: Tyranitar|20/100
|-damage|p2a: Goodra|25/100|[from] item: Life Orb
|move|p1a: Tyranitar|Earthquake|p2a: Goodra
|-damage|p2a: Goodra|0 fnt
|faint|p2a: Goodra
|
|-weather|Sandstorm|[upkeep]
|upkeep
|
|switch|p2a: Dragapult|Dragapult, F|100/100
|turn|11
|
|switch|p1a: Togekiss|Togekiss, F|100/100
|move|p2a: Dragapult|U-turn|p1a: Togekiss
|-resisted|p1a: Togekiss
|-damage|p1a: Togekiss|91/100
|
|switch|p2a: Mimikyu|Mimikyu, M, shiny|100/100|[from]move: U-turn
|
|-weather|Sandstorm|[upkeep]
|-damage|p2a: Mimikyu|95/100|[from] Sandstorm
|-damage|p1a: Togekiss|85/100|[from] Sandstorm
|upkeep
|turn|12
|
|move|p2a: Mimikyu|Will-O-Wisp|p1a: Togekiss
|-status|p1a: Togekiss|brn
|move|p1a: Togekiss|Light Screen|p1a: Togekiss
|-sidestart|p1: milk7234|move: Light Screen
|
|-weather|none
|-damage|p1a: Togekiss|79/100 brn|[from] brn
|upkeep
|turn|13
|
|move|p2a: Mimikyu|Swords Dance|p2a: Mimikyu
|-boost|p2a: Mimikyu|atk|2
|move|p1a: Togekiss|Flamethrower|p2a: Mimikyu
|-activate|p2a: Mimikyu|ability: Disguise
|-damage|p2a: Mimikyu|95/100
|detailschange|p2a: Mimikyu|Mimikyu-Busted, M, shiny
|-damage|p2a: Mimikyu|82/100|[from] ability: Disguise|[of] p2a: Mimikyu
|
|-damage|p1a: Togekiss|73/100 brn|[from] brn
|upkeep
|turn|14
|
|move|p2a: Mimikyu|Play Rough|p1a: Togekiss
|-damage|p1a: Togekiss|0 fnt
|-damage|p2a: Mimikyu|72/100|[from] item: Life Orb
|faint|p1a: Togekiss
|
|upkeep
|
|switch|p1a: Gengar|Gengar, F|100/100
|turn|15
|
|move|p2a: Mimikyu|Play Rough|p1a: Gengar
|-resisted|p1a: Gengar
|-damage|p1a: Gengar|7/100
|-start|p2a: Mimikyu|Disable|Play Rough|[from] ability: Cursed Body|[of] p1a: Gengar
|-unboost|p1a: Gengar|atk|1
|-damage|p2a: Mimikyu|62/100|[from] item: Life Orb
|move|p1a: Gengar|Clear Smog|p2a: Mimikyu
|-damage|p2a: Mimikyu|27/100
|-clearboost|p2a: Mimikyu
|
|-heal|p1a: Gengar|13/100|[from] item: Leftovers
|upkeep
|turn|16
|
|move|p2a: Mimikyu|Shadow Sneak|p1a: Gengar
|-supereffective|p1a: Gengar
|-damage|p1a: Gengar|0 fnt
|-damage|p2a: Mimikyu|17/100|[from] item: Life Orb
|faint|p1a: Gengar
|
|-sideend|p1: milk7234|move: Light Screen
|upkeep
|
|switch|p1a: Jolteon|Jolteon, M|100/100
|turn|17
|
|move|p1a: Jolteon|Volt Switch|p2a: Mimikyu
|-damage|p2a: Mimikyu|0 fnt
|faint|p2a: Mimikyu
|
|switch|p1a: Rotom|Rotom-Frost|100/100|[from]move: Volt Switch
|
|upkeep
|
|switch|p2a: Toxtricity|Toxtricity-Low-Key, F|71/100
|turn|18
|
|move|p1a: Rotom|Blizzard|p2a: Toxtricity
|-damage|p2a: Toxtricity|19/100
|move|p2a: Toxtricity|Discharge|p1a: Rotom
|-resisted|p1a: Rotom
|-damage|p1a: Rotom|70/100
|
|-heal|p1a: Rotom|76/100|[from] item: Leftovers
|upkeep
|turn|19
|
|move|p1a: Rotom|Shadow Ball|p2a: Toxtricity
|-damage|p2a: Toxtricity|0 fnt
|faint|p2a: Toxtricity
|
|-heal|p1a: Rotom|82/100|[from] item: Leftovers
|upkeep
|
|switch|p2a: Corviknight|Corviknight, F|81/100 par
|-ability|p2a: Corviknight|Pressure
|turn|20
|
|move|p1a: Rotom|Blizzard|p2a: Corviknight
|-damage|p2a: Corviknight|50/100 par
|cant|p2a: Corviknight|par
|
|-heal|p1a: Rotom|88/100|[from] item: Leftovers
|-heal|p2a: Corviknight|56/100 par|[from] item: Leftovers
|upkeep
|turn|21
|
|move|p1a: Rotom|Will-O-Wisp||[still]
|-fail|p1a: Rotom
|cant|p2a: Corviknight|par
|
|-heal|p1a: Rotom|95/100|[from] item: Leftovers
|-heal|p2a: Corviknight|62/100 par|[from] item: Leftovers
|upkeep
|turn|22
|
|move|p1a: Rotom|Shadow Ball|p2a: Corviknight
|-damage|p2a: Corviknight|47/100 par
|move|p2a: Corviknight|Brave Bird|p1a: Rotom
|-resisted|p1a: Rotom
|-crit|p1a: Rotom
|-damage|p1a: Rotom|65/100
|-damage|p2a: Corviknight|41/100 par|[from] Recoil
|
|-heal|p1a: Rotom|71/100|[from] item: Leftovers
|-heal|p2a: Corviknight|47/100 par|[from] item: Leftovers
|upkeep
|turn|23
|
|move|p1a: Rotom|Shadow Ball|p2a: Corviknight
|-damage|p2a: Corviknight|31/100 par
|move|p2a: Corviknight|Roost|p2a: Corviknight
|-heal|p2a: Corviknight|81/100 par
|-singleturn|p2a: Corviknight|move: Roost
|
|-heal|p1a: Rotom|78/100|[from] item: Leftovers
|-heal|p2a: Corviknight|87/100 par|[from] item: Leftovers
|upkeep
|turn|24
|
|switch|p1a: Jolteon|Jolteon, M|100/100
|move|p2a: Corviknight|Iron Defense|p2a: Corviknight
|-boost|p2a: Corviknight|def|2
|
|-heal|p2a: Corviknight|93/100 par|[from] item: Leftovers
|upkeep
|turn|25
|
|move|p1a: Jolteon|Thunderbolt|p2a: Corviknight
|-supereffective|p2a: Corviknight
|-damage|p2a: Corviknight|40/100 par
|cant|p2a: Corviknight|par
|
|-heal|p2a: Corviknight|46/100 par|[from] item: Leftovers
|upkeep
|turn|26
|
|switch|p2a: Dragapult|Dragapult, F|100/100
|move|p1a: Jolteon|Thunder Wave|p2a: Dragapult|[miss]
|-miss|p1a: Jolteon|p2a: Dragapult
|
|upkeep
|turn|27
|
|move|p2a: Dragapult|Dragon Darts|p1a: Jolteon
|-damage|p1a: Jolteon|43/100
|-damage|p1a: Jolteon|0 fnt
|-hitcount|p1a: Jolteon|2
|faint|p1a: Jolteon
|
|upkeep
|
|switch|p1a: Rotom|Rotom-Frost|78/100
|turn|28
|
|move|p2a: Dragapult|Dragon Darts|p1a: Rotom
|-damage|p1a: Rotom|37/100
|-damage|p1a: Rotom|0 fnt
|-hitcount|p1a: Rotom|2
|faint|p1a: Rotom
|
|upkeep
|
|switch|p1a: Tyranitar|Tyranitar, F|20/100
|-weather|Sandstorm|[from] ability: Sand Stream|[of] p1a: Tyranitar
|turn|29
|c|☆milk7234|gg
|
|move|p2a: Dragapult|Dragon Darts|p1a: Tyranitar
|-damage|p1a: Tyranitar|0 fnt
|-hitcount|p1a: Tyranitar|1
|faint|p1a: Tyranitar
|
|win|True_Enigma365
|raw|milk7234's rating: 1000 → 1000(+0 for losing)
|raw|True_Enigma365's rating: 1029 → 1062(+33 for winning)
|l|☆milk7234
