|ScrapeTime|2020-01-01-22:58:38
|j|☆Porygonalta
|j|☆nikolay11
|player|p1|Porygonalta|cyclist|
|player|p2|nikolay11|steven|
|teamsize|p1|6
|teamsize|p2|6
|gametype|singles
|gen|8
|tier|[Gen 8] OU
|rule|Sleep Clause Mod: Limit one foe put to sleep
|rule|Species Clause: Limit one of each Pokémon
|rule|OHKO Clause: OHKO moves are banned
|rule|Evasion Moves Clause: Evasion moves are banned
|rule|Endless Battle Clause: Forcing endless battles is banned
|rule|HP Percentage Mod: HP is shown in percentages
|clearpoke
|poke|p1|Ninetales, M|
|poke|p1|Shiftry, M|
|poke|p1|Salazzle, F|
|poke|p1|Arcanine, M|
|poke|p1|Whimsicott, M|
|poke|p1|Cinderace, F|
|poke|p2|Aegislash, F|
|poke|p2|Coalossal, F|
|poke|p2|Snorlax, M|
|poke|p2|Corviknight, F|
|poke|p2|Grimmsnarl, M|
|poke|p2|Ditto|
|rule|Dynamax Clause: You cannot dynamax
|teampreview
|c|☆Porygonalta|Vamo so mais essa ai nois para
|c|☆nikolay11|agora vamo fazer referencia a o que?
|
|start
|switch|p1a: Ninetales|Ninetales, M|100/100
|switch|p2a: Ditto|Ditto|100/100
|-weather|SunnyDay|[from] ability: Drought|[of] p1a: Ninetales
|-transform|p2a: Ditto|p1a: Ninetales|[from] ability: Imposter
|turn|1
|c|☆nikolay11|ja foi sobre jojo
|c|☆Porygonalta|Obliteração
|
|move|p1a: Ninetales|Extrasensory|p2a: Ditto
|-damage|p2a: Ditto|75/100
|move|p2a: Ditto|Nasty Plot|p2a: Ditto
|-boost|p2a: Ditto|spa|2
|
|-weather|SunnyDay|[upkeep]
|-heal|p2a: Ditto|81/100|[from] item: Leftovers
|upkeep
|turn|2
|c|☆nikolay11|eu vou usar aquele jutsu
|
|move|p2a: Ditto|Nasty Plot|p2a: Ditto
|-boost|p2a: Ditto|spa|2
|move|p1a: Ninetales|Fire Blast|p2a: Ditto
|-resisted|p2a: Ditto
|-damage|p2a: Ditto|45/100
|
|-weather|SunnyDay|[upkeep]
|-heal|p2a: Ditto|51/100|[from] item: Leftovers
|upkeep
|turn|3
|c|☆Porygonalta|N aquele jutsu n
|c|☆nikolay11|sim, eu vou usar aquele jutsu
|c|☆nikolay11|hakai
|
|switch|p1a: Cinderace|Cinderace, F|100/100
|move|p2a: Ditto|Fire Blast|p1a: Cinderace
|-resisted|p1a: Cinderace
|-damage|p1a: Cinderace|0 fnt
|faint|p1a: Cinderace
|
|-weather|SunnyDay|[upkeep]
|-heal|p2a: Ditto|57/100|[from] item: Leftovers
|upkeep
|c|☆Porygonalta|8 portões exodia
|
|switch|p1a: Shiftry|Shiftry, M|100/100
|turn|4
|c|☆nikolay11|um grass???
|c|☆Porygonalta|Estilo ash
|c|☆nikolay11|ele não sera pareo pro meu dragão branco de olhos azuis
|
|move|p1a: Shiftry|Rock Slide|p2a: Ditto
|-supereffective|p2a: Ditto
|-crit|p2a: Ditto
|-damage|p2a: Ditto|0 fnt
|-damage|p1a: Shiftry|91/100|[from] item: Life Orb
|faint|p2a: Ditto
|
|-weather|SunnyDay|[upkeep]
|upkeep
|c|☆nikolay11|foi sim ;-;
|c|☆Porygonalta|Ae
|
|switch|p2a: Grimmsnarl|Grimmsnarl, M|100/100
|turn|5
|c|☆Porygonalta|Estilo ash jutsu pokemon clm desvantagem op !!
|
|move|p2a: Grimmsnarl|Bulk Up|p2a: Grimmsnarl
|-boost|p2a: Grimmsnarl|atk|1
|-boost|p2a: Grimmsnarl|def|1
|move|p1a: Shiftry|Leaf Blade|p2a: Grimmsnarl
|-damage|p2a: Grimmsnarl|54/100
|-damage|p1a: Shiftry|81/100|[from] item: Life Orb
|
|-weather|SunnyDay|[upkeep]
|upkeep
|turn|6
|c|☆nikolay11|estilo nikolayzinho
|c|☆nikolay11|jutsu buffar no meio da luta
|inactive|Battle timer is ON: inactive players will automatically lose when time's up. (requested by Porygonalta)
|
|move|p1a: Shiftry|Leaf Blade|p2a: Grimmsnarl
|-damage|p2a: Grimmsnarl|10/100
|-damage|p1a: Shiftry|71/100|[from] item: Life Orb
|move|p2a: Grimmsnarl|Play Rough|p1a: Shiftry
|-supereffective|p1a: Shiftry
|-damage|p1a: Shiftry|0 fnt
|-damage|p2a: Grimmsnarl|0 fnt|[from] item: Life Orb
|faint|p1a: Shiftry
|faint|p2a: Grimmsnarl
|
|-weather|SunnyDay|[upkeep]
|upkeep
|c|☆Porygonalta|Estilo wobufet empate
|
|switch|p1a: Arcanine|Arcanine, M|100/100
|switch|p2a: Corviknight|Corviknight, F|100/100
|-ability|p2a: Corviknight|Pressure
|turn|7
|c|☆nikolay11|mano, calma ai.
|c|☆nikolay11|vamo no bar do seu ze
|inactive|nikolay11 has 270 seconds left.
|c|☆Porygonalta|Estili low lader jutsu clicar botões
|c|☆nikolay11|não usa flametrower
|c|☆Porygonalta|Bora
|
|move|p1a: Arcanine|Flare Blitz|p2a: Corviknight
|-supereffective|p2a: Corviknight
|-damage|p2a: Corviknight|0 fnt
|-damage|p1a: Arcanine|59/100|[from] Recoil
|-damage|p1a: Arcanine|49/100|[from] item: Life Orb
|faint|p2a: Corviknight
|
|-weather|SunnyDay|[upkeep]
|upkeep
|
|switch|p2a: Snorlax|Snorlax, M|100/100
|turn|8
|c|☆Porygonalta|N foi flametrower
|c|☆nikolay11|"tem um homem nessa grama"
|
|move|p1a: Arcanine|Flare Blitz|p2a: Snorlax
|-damage|p2a: Snorlax|0 fnt
|-damage|p1a: Arcanine|0 fnt|[from] Recoil
|faint|p2a: Snorlax
|faint|p1a: Arcanine
|
|-weather|none
|upkeep
|c|☆Porygonalta|Empate denovo
|
|switch|p1a: Ninetales|Ninetales, M|100/100
|switch|p2a: Coalossal|Coalossal, F|100/100
|-weather|SunnyDay|[from] ability: Drought|[of] p1a: Ninetales
|turn|9
|c|☆Porygonalta|Estilo noob descobrir que o meu time é de sol no meio da partida
|inactive|Porygonalta has 270 seconds left.
|
|move|p1a: Ninetales|Solar Beam||[still]
|-prepare|p1a: Ninetales|Solar Beam|p2a: Coalossal
|-anim|p1a: Ninetales|Solar Beam|p2a: Coalossal
|-damage|p2a: Coalossal|83/100
|move|p2a: Coalossal|Earthquake|p1a: Ninetales
|-supereffective|p1a: Ninetales
|-damage|p1a: Ninetales|15/100
|
|-weather|SunnyDay|[upkeep]
|upkeep
|turn|10
|c|☆nikolay11|estilo opressor.
|inactive|Porygonalta has 270 seconds left.
|inactive|nikolay11 has 240 seconds left.
|c|☆Porygonalta|Quebrou o metagame
|c|☆nikolay11|jutsu meu pokemon é negro e o seu é branco e loiro e vc não pode me atacar
|
|switch|p1a: Whimsicott|Whimsicott, M|100/100
|move|p2a: Coalossal|Earthquake|p1a: Whimsicott
|-resisted|p1a: Whimsicott
|-damage|p1a: Whimsicott|82/100
|
|-weather|SunnyDay|[upkeep]
|upkeep
|turn|11
|
|move|p1a: Whimsicott|Growth|p1a: Whimsicott
|-boost|p1a: Whimsicott|atk|2
|-boost|p1a: Whimsicott|spa|2
|move|p2a: Coalossal|Fire Blast|p1a: Whimsicott
|-supereffective|p1a: Whimsicott
|-damage|p1a: Whimsicott|0 fnt
|faint|p1a: Whimsicott
|
|-weather|SunnyDay|[upkeep]
|upkeep
|c|☆Porygonalta|Estilo wismicot ...
|inactive|Porygonalta has 270 seconds left.
|
|switch|p1a: Salazzle|Salazzle, F|100/100
|turn|12
|
|move|p1a: Salazzle|Sludge Wave|p2a: Coalossal
|-resisted|p2a: Coalossal
|-damage|p2a: Coalossal|69/100
|-status|p2a: Coalossal|psn
|move|p2a: Coalossal|Earthquake|p1a: Salazzle
|-supereffective|p1a: Salazzle
|-damage|p1a: Salazzle|0 fnt
|faint|p1a: Salazzle
|
|-weather|SunnyDay|[upkeep]
|-damage|p2a: Coalossal|56/100 psn|[from] psn
|upkeep
|c|☆Porygonalta|Tu vai ganhar
|
|switch|p1a: Ninetales|Ninetales, M|15/100
|turn|13
|c|☆nikolay11|estilo jojo
|inactive|nikolay11 has 240 seconds left.
|c|☆nikolay11|jutsu bite the dust
|
|move|p1a: Ninetales|Extrasensory|p2a: Coalossal
|-damage|p2a: Coalossal|44/100 psn
|move|p2a: Coalossal|Explosion|p1a: Ninetales
|-damage|p1a: Ninetales|0 fnt
|faint|p2a: Coalossal
|faint|p1a: Ninetales
|
|win|nikolay11
|c|☆Porygonalta|Oarabens vc ganhou uma
|c|☆nikolay11|superaaaa
