|ScrapeTime|2020-01-02-10:14:33
|j|☆giafdgsfgh
|j|☆mimi (bitches)
|player|p1|giafdgsfgh|102|1178
|player|p2|mimi (bitches)|erika-gen1|1132
|teamsize|p1|6
|teamsize|p2|6
|gametype|singles
|gen|8
|tier|[Gen 8] OU
|rated|
|rule|Sleep Clause Mod: Limit one foe put to sleep
|rule|Species Clause: Limit one of each Pokémon
|rule|OHKO Clause: OHKO moves are banned
|rule|Evasion Moves Clause: Evasion moves are banned
|rule|Endless Battle Clause: Forcing endless battles is banned
|rule|HP Percentage Mod: HP is shown in percentages
|clearpoke
|poke|p1|Excadrill, M|
|poke|p1|Gyarados, M|
|poke|p1|Dragapult, M|
|poke|p1|Rotom-Wash|
|poke|p1|Grimmsnarl, M|
|poke|p1|Clefable, M|
|poke|p2|Flygon, F|
|poke|p2|Skuntank, M|
|poke|p2|Cinderace, F|
|poke|p2|Ferrothorn, F|
|poke|p2|Goodra, M|
|poke|p2|Kommo-o, M|
|rule|Dynamax Clause: You cannot dynamax
|teampreview
|inactive|Battle timer is ON: inactive players will automatically lose when time's up. (requested by giafdgsfgh)
|
|start
|switch|p1a: Rotom|Rotom-Wash|100/100
|switch|p2a: Skuntank|Skuntank, M|100/100
|turn|1
|
|move|p1a: Rotom|Volt Switch|p2a: Skuntank
|-damage|p2a: Skuntank|41/100
|
|switch|p1a: Excadrill|Excadrill, M|100/100|[from]move: Volt Switch
|move|p2a: Skuntank|Memento|p1a: Excadrill
|-unboost|p1a: Excadrill|atk|2
|-unboost|p1a: Excadrill|spa|2
|faint|p2a: Skuntank
|
|upkeep
|
|switch|p2a: Kommo-o|Kommo-o, M|100/100
|turn|2
|
|switch|p1a: Dragapult|Dragapult, M|100/100
|move|p2a: Kommo-o|Clangorous Soul|p2a: Kommo-o
|-boost|p2a: Kommo-o|atk|1
|-boost|p2a: Kommo-o|def|1
|-boost|p2a: Kommo-o|spa|1
|-boost|p2a: Kommo-o|spd|1
|-boost|p2a: Kommo-o|spe|1
|-damage|p2a: Kommo-o|67/100
|-enditem|p2a: Kommo-o|Throat Spray
|-boost|p2a: Kommo-o|spa|1
|
|upkeep
|turn|3
|
|move|p2a: Kommo-o|Clanging Scales|p1a: Dragapult
|-supereffective|p1a: Dragapult
|-damage|p1a: Dragapult|0 fnt
|-unboost|p2a: Kommo-o|def|1
|faint|p1a: Dragapult
|
|upkeep
|
|switch|p1a: Excadrill|Excadrill, M|100/100
|turn|4
|
|move|p2a: Kommo-o|Flamethrower|p1a: Excadrill
|-supereffective|p1a: Excadrill
|-enditem|p1a: Excadrill|Focus Sash
|-damage|p1a: Excadrill|1/100
|move|p1a: Excadrill|Earthquake|p2a: Kommo-o
|-damage|p2a: Kommo-o|16/100
|
|upkeep
|turn|5
|
|move|p2a: Kommo-o|Flamethrower|p1a: Excadrill
|-supereffective|p1a: Excadrill
|-damage|p1a: Excadrill|0 fnt
|faint|p1a: Excadrill
|
|upkeep
|
|switch|p1a: Grimmsnarl|Grimmsnarl, M|100/100
|turn|6
|
|move|p1a: Grimmsnarl|Light Screen|p1a: Grimmsnarl
|-sidestart|p1: giafdgsfgh|move: Light Screen
|move|p2a: Kommo-o|Boomburst|p1a: Grimmsnarl
|-damage|p1a: Grimmsnarl|59/100
|
|upkeep
|turn|7
|
|move|p1a: Grimmsnarl|Thunder Wave|p2a: Kommo-o|[miss]
|-miss|p1a: Grimmsnarl|p2a: Kommo-o
|move|p2a: Kommo-o|Clangorous Soul||[still]
|-fail|p2a: Kommo-o
|
|upkeep
|turn|8
|
|move|p1a: Grimmsnarl|Thunder Wave|p2a: Kommo-o
|-status|p2a: Kommo-o|par
|move|p2a: Kommo-o|Boomburst|p1a: Grimmsnarl
|-damage|p1a: Grimmsnarl|22/100
|
|upkeep
|turn|9
|
|move|p1a: Grimmsnarl|Reflect|p1a: Grimmsnarl
|-sidestart|p1: giafdgsfgh|Reflect
|move|p2a: Kommo-o|Boomburst|p1a: Grimmsnarl
|-damage|p1a: Grimmsnarl|0 fnt
|faint|p1a: Grimmsnarl
|
|upkeep
|
|switch|p1a: Gyarados|Gyarados, M|100/100
|turn|10
|
|move|p1a: Gyarados|Dragon Dance|p1a: Gyarados
|-boost|p1a: Gyarados|atk|1
|-boost|p1a: Gyarados|spe|1
|move|p2a: Kommo-o|Clanging Scales|p1a: Gyarados
|-damage|p1a: Gyarados|53/100
|-unboost|p2a: Kommo-o|def|1
|
|upkeep
|turn|11
|
|move|p1a: Gyarados|Waterfall|p2a: Kommo-o
|-resisted|p2a: Kommo-o
|-damage|p2a: Kommo-o|0 fnt
|faint|p2a: Kommo-o
|-ability|p1a: Gyarados|Moxie|boost
|-boost|p1a: Gyarados|atk|1
|
|upkeep
|
|switch|p2a: Ferrothorn|Ferrothorn, F|100/100
|turn|12
|
|move|p1a: Gyarados|Bounce||[still]
|-prepare|p1a: Gyarados|Bounce|p2a: Ferrothorn
|move|p2a: Ferrothorn|Leech Seed|p1a: Gyarados|[miss]
|-miss|p2a: Ferrothorn|p1a: Gyarados
|
|upkeep
|turn|13
|
|move|p1a: Gyarados|Bounce|p2a: Ferrothorn|[from]lockedmove
|-damage|p2a: Ferrothorn|52/100
|-damage|p1a: Gyarados|40/100|[from] ability: Iron Barbs|[of] p2a: Ferrothorn
|-damage|p1a: Gyarados|24/100|[from] item: Rocky Helmet|[of] p2a: Ferrothorn
|move|p2a: Ferrothorn|Power Whip|p1a: Gyarados|[miss]
|-miss|p2a: Ferrothorn|p1a: Gyarados
|
|-sideend|p1: giafdgsfgh|move: Light Screen
|upkeep
|turn|14
|
|move|p1a: Gyarados|Waterfall|p2a: Ferrothorn
|-resisted|p2a: Ferrothorn
|-damage|p2a: Ferrothorn|29/100
|-damage|p1a: Gyarados|11/100|[from] ability: Iron Barbs|[of] p2a: Ferrothorn
|-damage|p1a: Gyarados|0 fnt|[from] item: Rocky Helmet|[of] p2a: Ferrothorn
|faint|p1a: Gyarados
|move|p2a: Ferrothorn|Stealth Rock|p1: Gyarados
|-sidestart|p1: giafdgsfgh|move: Stealth Rock
|
|upkeep
|
|switch|p1a: Rotom|Rotom-Wash|100/100
|-damage|p1a: Rotom|88/100|[from] Stealth Rock
|turn|15
|
|move|p1a: Rotom|Volt Switch|p2a: Ferrothorn
|-resisted|p2a: Ferrothorn
|-damage|p2a: Ferrothorn|11/100
|
|switch|p1a: Clefable|Clefable, M|100/100|[from]move: Volt Switch
|move|p2a: Ferrothorn|Gyro Ball|p1a: Clefable
|-supereffective|p1a: Clefable
|-damage|p1a: Clefable|80/100
|
|-heal|p1a: Clefable|86/100|[from] item: Leftovers
|upkeep
|turn|16
|
|move|p1a: Clefable|Stealth Rock|p2a: Ferrothorn
|-sidestart|p2: mimi (bitches)|move: Stealth Rock
|move|p2a: Ferrothorn|Gyro Ball|p1a: Clefable
|-supereffective|p1a: Clefable
|-damage|p1a: Clefable|64/100
|
|-heal|p1a: Clefable|71/100|[from] item: Leftovers
|-sideend|p1: giafdgsfgh|Reflect
|upkeep
|turn|17
|
|move|p1a: Clefable|Moonblast|p2a: Ferrothorn
|-resisted|p2a: Ferrothorn
|-damage|p2a: Ferrothorn|0 fnt
|faint|p2a: Ferrothorn
|
|-heal|p1a: Clefable|77/100|[from] item: Leftovers
|upkeep
|
|switch|p2a: Goodra|Goodra, M|100/100
|-damage|p2a: Goodra|88/100|[from] Stealth Rock
|turn|18
|
|move|p2a: Goodra|Sludge Wave|p1a: Clefable
|-supereffective|p1a: Clefable
|-damage|p1a: Clefable|0 fnt
|-damage|p2a: Goodra|78/100|[from] item: Life Orb
|faint|p1a: Clefable
|
|upkeep
|
|switch|p1a: Rotom|Rotom-Wash|88/100
|-damage|p1a: Rotom|76/100|[from] Stealth Rock
|turn|19
|
|move|p1a: Rotom|Hydro Pump|p2a: Goodra|[miss]
|-miss|p1a: Rotom|p2a: Goodra
|move|p2a: Goodra|Draco Meteor|p1a: Rotom
|-damage|p1a: Rotom|0 fnt
|-unboost|p2a: Goodra|spa|2
|-damage|p2a: Goodra|68/100|[from] item: Life Orb
|faint|p1a: Rotom
|
|win|mimi (bitches)
|raw|giafdgsfgh's rating: 1178 → 1149(-29 for losing)
|raw|mimi (bitches)'s rating: 1132 → 1160(+28 for winning)
|l|☆giafdgsfgh
