|ScrapeTime|2020-01-02-10:34:44
|j|☆rigobertomanfinfla
|j|☆el 7wa dwa
|player|p1|rigobertomanfinfla|ryuki|1586
|player|p2|el 7wa dwa|257|1569
|teamsize|p1|6
|teamsize|p2|6
|gametype|singles
|gen|8
|tier|[Gen 8] OU
|rated|
|rule|Sleep Clause Mod: Limit one foe put to sleep
|rule|Species Clause: Limit one of each Pokémon
|rule|OHKO Clause: OHKO moves are banned
|rule|Evasion Moves Clause: Evasion moves are banned
|rule|Endless Battle Clause: Forcing endless battles is banned
|rule|HP Percentage Mod: HP is shown in percentages
|clearpoke
|poke|p1|Aegislash, M|
|poke|p1|Crawdaunt, M|
|poke|p1|Mew|
|poke|p1|Lucario, M|
|poke|p1|Bisharp, F|
|poke|p1|Dragapult, M|
|poke|p2|Haxorus, M|
|poke|p2|Clefable, M|
|poke|p2|Grimmsnarl, M|
|poke|p2|Cinderace, F|
|poke|p2|Gastrodon, F|
|poke|p2|Toxtricity-Low-Key, M|
|rule|Dynamax Clause: You cannot dynamax
|teampreview
|inactive|Battle timer is ON: inactive players will automatically lose when time's up. (requested by rigobertomanfinfla)
|c|☆el 7wa dwa|tu copies la team en entier ^^' ... bref si ça te donne du plaisir
|inactive|el 7wa dwa has 120 seconds left.
|
|start
|switch|p1a: Mew|Mew|100/100
|switch|p2a: Toxtricity|Toxtricity-Low-Key, M|100/100
|turn|1
|c|☆rigobertomanfinfla|i dont understand
|c|☆rigobertomanfinfla|sorry
|c|☆rigobertomanfinfla|don't speak italian :(
|c|☆el 7wa dwa|this is redemption team i think but hey ... use it if it's what u wnt to play
|inactive|el 7wa dwa has 120 seconds left.
|c|☆rigobertomanfinfla|oh
|c|☆el 7wa dwa|it's french not italian ^^'
|c|☆rigobertomanfinfla|i'm kidding
|c|☆rigobertomanfinfla|also
|c|☆rigobertomanfinfla|this is my team
|c|☆el 7wa dwa|okey
|
|move|p1a: Mew|Stealth Rock|p2a: Toxtricity
|-sidestart|p2: el 7wa dwa|move: Stealth Rock
|move|p2a: Toxtricity|Overdrive|p1a: Mew
|-damage|p1a: Mew|34/100
|
|upkeep
|turn|2
|c|☆rigobertomanfinfla|https://www.smogon.com/forums/threads/priority-spam-hyper-offense-peaked-1838-29-on-the-ladder.3658410/
|
|move|p1a: Mew|Spikes|p2a: Toxtricity
|-sidestart|p2: el 7wa dwa|Spikes
|move|p2a: Toxtricity|Overdrive|p1a: Mew
|-damage|p1a: Mew|0 fnt
|faint|p1a: Mew
|
|upkeep
|inactive|rigobertomanfinfla has 120 seconds left.
|
|switch|p1a: Lucario|Lucario, M|100/100
|turn|3
|c|☆el 7wa dwa|so the french youtuber took it from u
|
|move|p1a: Lucario|Earthquake|p2a: Toxtricity
|-supereffective|p2a: Toxtricity
|-damage|p2a: Toxtricity|0 fnt
|-damage|p1a: Lucario|91/100|[from] item: Life Orb
|faint|p2a: Toxtricity
|
|upkeep
|inactive|el 7wa dwa has 90 seconds left.
|
|switch|p2a: Cinderace|Cinderace, F|100/100
|turn|4
|c|☆rigobertomanfinfla|someone from his discord passed it to him
|
|switch|p1a: Dragapult|Dragapult, M|100/100
|move|p2a: Cinderace|Pyro Ball|p1a: Dragapult
|-resisted|p1a: Dragapult
|-damage|p1a: Dragapult|62/100
|
|-heal|p1a: Dragapult|68/100|[from] item: Leftovers
|upkeep
|turn|5
|
|move|p1a: Dragapult|Dragon Darts|p2a: Cinderace
|-damage|p2a: Cinderace|58/100
|-damage|p2a: Cinderace|18/100
|-hitcount|p2a: Cinderace|2
|move|p2a: Cinderace|Court Change|p2a: Cinderace
|-sideend|p2: el 7wa dwa|Spikes|[silent]
|-sidestart|p1: rigobertomanfinfla|Spikes|[silent]
|-sideend|p2: el 7wa dwa|Stealth Rock|[silent]
|-sidestart|p1: rigobertomanfinfla|Stealth Rock|[silent]
|-activate|p2a: Cinderace|move: Court Change
|
|-heal|p1a: Dragapult|74/100|[from] item: Leftovers
|upkeep
|turn|6
|c|☆el 7wa dwa|i see
|inactive|rigobertomanfinfla has 120 seconds left.
|
|switch|p1a: Bisharp|Bisharp, F|100/100
|-damage|p1a: Bisharp|95/100|[from] Stealth Rock
|-damage|p1a: Bisharp|82/100|[from] Spikes
|move|p2a: Cinderace|Sucker Punch||[still]
|-fail|p2a: Cinderace
|
|upkeep
|turn|7
|
|switch|p2a: Haxorus|Haxorus, M|100/100
|-ability|p2a: Haxorus|Mold Breaker
|move|p1a: Bisharp|Sucker Punch||[still]
|-fail|p1a: Bisharp
|
|upkeep
|turn|8
|
|switch|p1a: Aegislash|Aegislash, M|100/100
|-damage|p1a: Aegislash|94/100|[from] Stealth Rock
|-item|p1a: Aegislash|Air Balloon
|move|p2a: Haxorus|Earthquake|p1a: Aegislash
|-immune|p1a: Aegislash
|
|upkeep
|turn|9
|
|switch|p2a: Cinderace|Cinderace, F|18/100
|move|p1a: Aegislash|Swords Dance|p1a: Aegislash
|-boost|p1a: Aegislash|atk|2
|
|upkeep
|turn|10
|
|move|p2a: Cinderace|Sucker Punch||[still]
|-fail|p2a: Cinderace
|move|p1a: Aegislash|Swords Dance|p1a: Aegislash
|-boost|p1a: Aegislash|atk|2
|
|upkeep
|turn|11
|
|-formechange|p1a: Aegislash|Aegislash-Blade||[from] ability: Stance Change
|move|p1a: Aegislash|Shadow Sneak|p2a: Cinderace
|-damage|p2a: Cinderace|0 fnt
|faint|p2a: Cinderace
|
|upkeep
|
|switch|p2a: Grimmsnarl|Grimmsnarl, M|100/100
|turn|12
|
|switch|p1a: Bisharp|Bisharp, F|82/100
|-damage|p1a: Bisharp|70/100|[from] Spikes
|-damage|p1a: Bisharp|64/100|[from] Stealth Rock
|move|p2a: Grimmsnarl|Thunder Wave|p1a: Bisharp
|-hint|Since gen 7, Dark is immune to Prankster moves.
|-immune|p1a: Bisharp
|
|upkeep
|turn|13
|
|move|p2a: Grimmsnarl|Sucker Punch|p1a: Bisharp
|-resisted|p1a: Bisharp
|-damage|p1a: Bisharp|34/100
|-damage|p2a: Grimmsnarl|91/100|[from] item: Life Orb
|move|p1a: Bisharp|Iron Head|p2a: Grimmsnarl
|-supereffective|p2a: Grimmsnarl
|-damage|p2a: Grimmsnarl|0 fnt
|-damage|p1a: Bisharp|24/100|[from] item: Life Orb
|faint|p2a: Grimmsnarl
|
|upkeep
|inactive|el 7wa dwa has 90 seconds left.
|
|switch|p2a: Gastrodon|Gastrodon, F|100/100
|turn|14
|
|move|p1a: Bisharp|Throat Chop|p2a: Gastrodon
|-crit|p2a: Gastrodon
|-damage|p2a: Gastrodon|40/100
|-start|p2a: Gastrodon|Throat Chop|[silent]
|-damage|p1a: Bisharp|15/100|[from] item: Life Orb
|move|p2a: Gastrodon|Stockpile|p2a: Gastrodon
|-start|p2a: Gastrodon|stockpile1
|-boost|p2a: Gastrodon|def|1
|-boost|p2a: Gastrodon|spd|1
|
|-heal|p2a: Gastrodon|47/100|[from] item: Leftovers
|upkeep
|turn|15
|
|move|p1a: Bisharp|Swords Dance|p1a: Bisharp
|-boost|p1a: Bisharp|atk|2
|move|p2a: Gastrodon|Recover|p2a: Gastrodon
|-heal|p2a: Gastrodon|97/100
|
|-heal|p2a: Gastrodon|100/100|[from] item: Leftovers
|-end|p2a: Gastrodon|Throat Chop|[silent]
|upkeep
|turn|16
|
|move|p1a: Bisharp|Throat Chop|p2a: Gastrodon
|-damage|p2a: Gastrodon|45/100
|-start|p2a: Gastrodon|Throat Chop|[silent]
|-damage|p1a: Bisharp|5/100|[from] item: Life Orb
|move|p2a: Gastrodon|Recover|p2a: Gastrodon
|-heal|p2a: Gastrodon|95/100
|
|-heal|p2a: Gastrodon|100/100|[from] item: Leftovers
|upkeep
|turn|17
|
|move|p1a: Bisharp|Swords Dance|p1a: Bisharp
|-boost|p1a: Bisharp|atk|2
|move|p2a: Gastrodon|Earth Power|p1a: Bisharp
|-supereffective|p1a: Bisharp
|-damage|p1a: Bisharp|0 fnt
|faint|p1a: Bisharp
|
|-end|p2a: Gastrodon|Throat Chop|[silent]
|upkeep
|
|switch|p1a: Crawdaunt|Crawdaunt, M|100/100
|-damage|p1a: Crawdaunt|88/100|[from] Stealth Rock
|-damage|p1a: Crawdaunt|76/100|[from] Spikes
|turn|18
|inactive|el 7wa dwa has 120 seconds left.
|
|move|p1a: Crawdaunt|Swords Dance|p1a: Crawdaunt
|-boost|p1a: Crawdaunt|atk|2
|move|p2a: Gastrodon|Earth Power|p1a: Crawdaunt
|-damage|p1a: Crawdaunt|14/100
|
|upkeep
|turn|19
|inactive|el 7wa dwa has 120 seconds left.
|
|move|p1a: Crawdaunt|Knock Off|p2a: Gastrodon
|-damage|p2a: Gastrodon|3/100
|-enditem|p2a: Gastrodon|Leftovers|[from] move: Knock Off|[of] p1a: Crawdaunt
|-damage|p1a: Crawdaunt|4/100|[from] item: Life Orb
|move|p2a: Gastrodon|Recover|p2a: Gastrodon
|-heal|p2a: Gastrodon|53/100
|
|upkeep
|turn|20
|
|move|p1a: Crawdaunt|Knock Off|p2a: Gastrodon
|-damage|p2a: Gastrodon|0 fnt
|-damage|p1a: Crawdaunt|0 fnt|[from] item: Life Orb
|faint|p2a: Gastrodon
|faint|p1a: Crawdaunt
|
|upkeep
|
|switch|p1a: Lucario|Lucario, M|91/100
|switch|p2a: Clefable|Clefable, M|100/100
|-damage|p1a: Lucario|88/100|[from] Stealth Rock
|-damage|p1a: Lucario|75/100|[from] Spikes
|turn|21
|
|move|p1a: Lucario|Bullet Punch|p2a: Clefable
|-supereffective|p2a: Clefable
|-damage|p2a: Clefable|46/100
|-damage|p1a: Lucario|65/100|[from] item: Life Orb
|move|p2a: Clefable|Flamethrower|p1a: Lucario
|-supereffective|p1a: Lucario
|-damage|p1a: Lucario|0 fnt
|faint|p1a: Lucario
|
|upkeep
|
|switch|p1a: Aegislash|Aegislash, M|94/100
|-damage|p1a: Aegislash|88/100|[from] Stealth Rock
|-item|p1a: Aegislash|Air Balloon
|turn|22
|
|-formechange|p1a: Aegislash|Aegislash-Blade||[from] ability: Stance Change
|move|p1a: Aegislash|Iron Head|p2a: Clefable
|-supereffective|p2a: Clefable
|-damage|p2a: Clefable|0 fnt
|faint|p2a: Clefable
|
|upkeep
|c|☆el 7wa dwa|the balloon
|inactive|el 7wa dwa has 120 seconds left.
|c|☆el 7wa dwa|saved the game
|c|☆el 7wa dwa|:p
|
|switch|p2a: Haxorus|Haxorus, M|100/100
|-ability|p2a: Haxorus|Mold Breaker
|turn|23
|c|☆rigobertomanfinfla|that's why it's here
|
|move|p2a: Haxorus|Dragon Claw|p1a: Aegislash
|-resisted|p1a: Aegislash
|-damage|p1a: Aegislash|30/100
|-enditem|p1a: Aegislash|Air Balloon
|move|p1a: Aegislash|Iron Head|p2a: Haxorus
|-damage|p2a: Haxorus|43/100
|
|upkeep
|turn|24
|
|move|p1a: Aegislash|Shadow Sneak|p2a: Haxorus
|-damage|p2a: Haxorus|11/100
|move|p2a: Haxorus|Dragon Claw|p1a: Aegislash
|-resisted|p1a: Aegislash
|-damage|p1a: Aegislash|0 fnt
|faint|p1a: Aegislash
|
|upkeep
|
|switch|p1a: Dragapult|Dragapult, M|74/100
|-damage|p1a: Dragapult|62/100|[from] Spikes
|-damage|p1a: Dragapult|50/100|[from] Stealth Rock
|turn|25
|
|move|p2a: Haxorus|Dragon Claw|p1a: Dragapult
|-supereffective|p1a: Dragapult
|-damage|p1a: Dragapult|0 fnt
|faint|p1a: Dragapult
|
|win|el 7wa dwa
|c|☆rigobertomanfinfla|oh you were scarf
|c|☆rigobertomanfinfla|gg
|c|☆el 7wa dwa|that was a great one gg
|l|☆rigobertomanfinfla
|raw|rigobertomanfinfla's rating: 1586 → 1565(-21 for losing)
|raw|el 7wa dwa's rating: 1569 → 1590(+21 for winning)
