|ScrapeTime|2020-01-01-06:42:26
|j|☆rigobertomanfinfla
|j|☆D甲user
|player|p1|rigobertomanfinfla|ryuki|1526
|player|p2|D甲user|lyra|1575
|teamsize|p1|6
|teamsize|p2|6
|gametype|singles
|gen|8
|tier|[Gen 8] OU
|rated|
|rule|Sleep Clause Mod: Limit one foe put to sleep
|rule|Species Clause: Limit one of each Pokémon
|rule|OHKO Clause: OHKO moves are banned
|rule|Evasion Moves Clause: Evasion moves are banned
|rule|Endless Battle Clause: Forcing endless battles is banned
|rule|HP Percentage Mod: HP is shown in percentages
|clearpoke
|poke|p1|Flareon, F|
|poke|p1|Tyranitar, M|
|poke|p1|Excadrill, F|
|poke|p1|Jellicent, F|
|poke|p1|Roserade, F|
|poke|p1|Kommo-o, M|
|poke|p2|Cinderace, M|
|poke|p2|Conkeldurr, M|
|poke|p2|Rotom-Mow|
|poke|p2|Dragapult, M|
|poke|p2|Excadrill, M|
|poke|p2|Gastrodon-East, M|
|rule|Dynamax Clause: You cannot dynamax
|teampreview
|j| killer mbappe
|c|☆rigobertomanfinfla|hf
|
|start
|switch|p1a: Roserade|Roserade, F|100/100
|switch|p2a: Dragapult|Dragapult, M|100/100
|turn|1
|
|switch|p1a: Flareon|Flareon, F|100/100
|move|p2a: Dragapult|Dragon Darts|p1a: Flareon
|-damage|p1a: Flareon|33/100
|-damage|p1a: Flareon|0 fnt
|-hitcount|p1a: Flareon|2
|faint|p1a: Flareon
|
|upkeep
|c|☆rigobertomanfinfla|LOL
|c| killer mbappe|RIP
|
|switch|p1a: Tyranitar|Tyranitar, M|100/100
|-weather|Sandstorm|[from] ability: Sand Stream|[of] p1a: Tyranitar
|turn|2
|j| steven 2222
|
|switch|p1a: Kommo-o|Kommo-o, M|100/100
|move|p2a: Dragapult|Dragon Darts|p1a: Kommo-o
|-supereffective|p1a: Kommo-o
|-damage|p1a: Kommo-o|49/100
|-supereffective|p1a: Kommo-o
|-damage|p1a: Kommo-o|0 fnt
|-hitcount|p1a: Kommo-o|2
|faint|p1a: Kommo-o
|
|-weather|Sandstorm|[upkeep]
|-damage|p2a: Dragapult|94/100|[from] Sandstorm
|upkeep
|
|switch|p1a: Tyranitar|Tyranitar, M|100/100
|turn|3
|c|☆D甲user|Ah
|c|☆D甲user|Why
|c|☆rigobertomanfinfla|misclick
|
|switch|p2a: Conkeldurr|Conkeldurr, M, shiny|100/100
|move|p1a: Tyranitar|Crunch|p2a: Conkeldurr
|-resisted|p2a: Conkeldurr
|-damage|p2a: Conkeldurr|68/100
|
|-weather|Sandstorm|[upkeep]
|-damage|p2a: Conkeldurr|62/100|[from] Sandstorm
|-status|p2a: Conkeldurr|brn|[from] item: Flame Orb
|upkeep
|turn|4
|c|☆rigobertomanfinfla|lmao
|
|switch|p1a: Jellicent|Jellicent, F|100/100
|move|p2a: Conkeldurr|Thunder Punch|p1a: Jellicent
|-supereffective|p1a: Jellicent
|-damage|p1a: Jellicent|18/100
|
|-weather|Sandstorm|[upkeep]
|-damage|p1a: Jellicent|12/100|[from] Sandstorm
|-damage|p2a: Conkeldurr|56/100 brn|[from] Sandstorm
|-heal|p1a: Jellicent|18/100|[from] item: Leftovers
|-damage|p2a: Conkeldurr|50/100 brn|[from] brn
|upkeep
|turn|5
|
|switch|p2a: Rotom|Rotom-Mow, shiny|100/100
|move|p1a: Jellicent|Hex|p2a: Rotom
|-damage|p2a: Rotom|80/100
|
|-weather|Sandstorm|[upkeep]
|-damage|p2a: Rotom|74/100|[from] Sandstorm
|-damage|p1a: Jellicent|12/100|[from] Sandstorm
|-heal|p1a: Jellicent|18/100|[from] item: Leftovers
|upkeep
|turn|6
|
|switch|p1a: Excadrill|Excadrill, F|100/100
|-item|p1a: Excadrill|Air Balloon
|move|p2a: Rotom|Leaf Storm|p1a: Excadrill
|-damage|p1a: Excadrill|0 fnt
|-enditem|p1a: Excadrill|Air Balloon
|-unboost|p2a: Rotom|spa|2
|faint|p1a: Excadrill
|
|-weather|none
|upkeep
|
|switch|p1a: Roserade|Roserade, F|100/100
|turn|7
|c|☆D甲user|specs
|
|switch|p2a: Cinderace|Cinderace, M|100/100
|move|p1a: Roserade|Sleep Powder|p2a: Cinderace
|-status|p2a: Cinderace|slp|[from] move: Sleep Powder
|
|upkeep
|turn|8
|
|switch|p2a: Excadrill|Excadrill, M|100/100
|-ability|p2a: Excadrill|Mold Breaker
|switch|p1a: Tyranitar|Tyranitar, M|100/100
|-weather|Sandstorm|[from] ability: Sand Stream|[of] p1a: Tyranitar
|
|-weather|Sandstorm|[upkeep]
|upkeep
|turn|9
|
|move|p1a: Tyranitar|Earthquake|p2a: Excadrill
|-supereffective|p2a: Excadrill
|-enditem|p2a: Excadrill|Focus Sash
|-damage|p2a: Excadrill|1/100
|move|p2a: Excadrill|Earthquake|p1a: Tyranitar
|-supereffective|p1a: Tyranitar
|-crit|p1a: Tyranitar
|-damage|p1a: Tyranitar|0 fnt
|faint|p1a: Tyranitar
|
|-weather|Sandstorm|[upkeep]
|upkeep
|c| killer mbappe|wtf
|
|switch|p1a: Roserade|Roserade, F|100/100
|turn|10
|c|☆D甲user|haha
|c|☆rigobertomanfinfla|my nigga usin trick room driller
|j| Darison05
|c|☆rigobertomanfinfla|i can respect that
|
|move|p1a: Roserade|Leaf Storm|p2a: Excadrill
|-damage|p2a: Excadrill|0 fnt
|-unboost|p1a: Roserade|spa|2
|-damage|p1a: Roserade|91/100|[from] item: Life Orb
|faint|p2a: Excadrill
|
|-weather|Sandstorm|[upkeep]
|-damage|p1a: Roserade|84/100|[from] Sandstorm
|upkeep
|
|switch|p2a: Dragapult|Dragapult, M|94/100
|turn|11
|c| killer mbappe|XDDDD
|
|switch|p1a: Jellicent|Jellicent, F|18/100
|move|p2a: Dragapult|Dragon Darts|p1a: Jellicent
|-damage|p1a: Jellicent|0 fnt
|-hitcount|p1a: Jellicent|1
|faint|p1a: Jellicent
|
|-weather|Sandstorm|[upkeep]
|-damage|p2a: Dragapult|88/100|[from] Sandstorm
|upkeep
|
|switch|p1a: Roserade|Roserade, F|84/100
|turn|12
|c|☆D甲user|Band
|
|move|p2a: Dragapult|Dragon Darts|p1a: Roserade
|-damage|p1a: Roserade|4/100
|-damage|p1a: Roserade|0 fnt
|-hitcount|p1a: Roserade|2
|faint|p1a: Roserade
|
|win|D甲user
|raw|rigobertomanfinfla's rating: 1523 → 1506(-17 for losing)
|raw|D甲user's rating: 1575 → 1592(+17 for winning)
|l|☆rigobertomanfinfla
|l| steven 2222
|l| killer mbappe
|l| Darison05
