|ScrapeTime|2020-01-01-15:15:39
|j|☆2 quiet
|j|☆Eunice23
|player|p1|2 quiet|294|1684
|player|p2|Eunice23|169|1650
|teamsize|p1|6
|teamsize|p2|6
|gametype|singles
|gen|8
|tier|[Gen 8] OU
|rated|
|rule|Sleep Clause Mod: Limit one foe put to sleep
|rule|Species Clause: Limit one of each Pokémon
|rule|OHKO Clause: OHKO moves are banned
|rule|Evasion Moves Clause: Evasion moves are banned
|rule|Endless Battle Clause: Forcing endless battles is banned
|rule|HP Percentage Mod: HP is shown in percentages
|clearpoke
|poke|p1|Crawdaunt, M|
|poke|p1|Dragapult, M|
|poke|p1|Rotom-Mow|
|poke|p1|Corviknight, M|
|poke|p1|Toxtricity, M|
|poke|p1|Dugtrio, M|
|poke|p2|Seismitoad, F|
|poke|p2|Corviknight, M|
|poke|p2|Chandelure, F|
|poke|p2|Clefable, F|
|poke|p2|Lucario, F|
|poke|p2|Hydreigon, F|
|rule|Dynamax Clause: You cannot dynamax
|teampreview
|
|start
|switch|p1a: Dugtrio|Dugtrio, M|100/100
|switch|p2a: Hydreigon|Hydreigon, F|100/100
|turn|1
|inactive|Battle timer is ON: inactive players will automatically lose when time's up. (requested by Eunice23)
|
|switch|p1a: Corviknight|Corviknight, M|100/100
|-ability|p1a: Corviknight|Pressure
|move|p2a: Hydreigon|U-turn|p1a: Corviknight
|-resisted|p1a: Corviknight
|-damage|p1a: Corviknight|98/100
|
|switch|p2a: Chandelure|Chandelure, F|100/100|[from]move: U-turn
|-item|p2a: Chandelure|Air Balloon
|
|-heal|p1a: Corviknight|100/100|[from] item: Leftovers
|upkeep
|turn|2
|
|switch|p1a: Dragapult|Dragapult, M|100/100
|move|p2a: Chandelure|Flamethrower|p1a: Dragapult
|-resisted|p1a: Dragapult
|-damage|p1a: Dragapult|63/100
|
|upkeep
|turn|3
|
|switch|p2a: Corviknight|Corviknight, M|100/100
|-ability|p2a: Corviknight|Pressure
|move|p1a: Dragapult|U-turn|p2a: Corviknight
|-resisted|p2a: Corviknight
|-damage|p2a: Corviknight|97/100
|inactive|2 quiet has 120 seconds left.
|
|switch|p1a: Toxtricity|Toxtricity, M|100/100|[from]move: U-turn
|
|-heal|p2a: Corviknight|100/100|[from] item: Leftovers
|upkeep
|turn|4
|
|switch|p2a: Seismitoad|Seismitoad, F|100/100
|move|p1a: Toxtricity|Overdrive|p2a: Seismitoad
|-immune|p2a: Seismitoad
|
|upkeep
|turn|5
|
|switch|p1a: Rotom|Rotom-Mow|100/100
|move|p2a: Seismitoad|Earthquake|p1a: Rotom
|-immune|p1a: Rotom|[from] ability: Levitate
|
|upkeep
|turn|6
|
|switch|p2a: Corviknight|Corviknight, M|100/100
|-ability|p2a: Corviknight|Pressure
|move|p1a: Rotom|Volt Switch|p2a: Corviknight
|-supereffective|p2a: Corviknight
|-damage|p2a: Corviknight|60/100
|
|switch|p1a: Crawdaunt|Crawdaunt, M|100/100|[from]move: Volt Switch
|
|-heal|p2a: Corviknight|66/100|[from] item: Leftovers
|upkeep
|turn|7
|
|move|p1a: Crawdaunt|Swords Dance|p1a: Crawdaunt
|-boost|p1a: Crawdaunt|atk|2
|move|p2a: Corviknight|U-turn|p1a: Crawdaunt
|-supereffective|p1a: Crawdaunt
|-damage|p1a: Crawdaunt|60/100
|
|switch|p2a: Hydreigon|Hydreigon, F|100/100|[from]move: U-turn
|
|upkeep
|turn|8
|j| pm)danelchami123
|
|switch|p1a: Corviknight|Corviknight, M|100/100
|-ability|p1a: Corviknight|Pressure
|move|p2a: Hydreigon|Draco Meteor|p1a: Corviknight
|-resisted|p1a: Corviknight
|-damage|p1a: Corviknight|66/100
|-unboost|p2a: Hydreigon|spa|2
|
|-heal|p1a: Corviknight|72/100|[from] item: Leftovers
|upkeep
|turn|9
|
|switch|p2a: Corviknight|Corviknight, M|66/100
|-ability|p2a: Corviknight|Pressure
|move|p1a: Corviknight|U-turn|p2a: Corviknight
|-resisted|p2a: Corviknight
|-damage|p2a: Corviknight|64/100
|
|switch|p1a: Rotom|Rotom-Mow|100/100|[from]move: U-turn
|
|-heal|p2a: Corviknight|70/100|[from] item: Leftovers
|upkeep
|turn|10
|
|move|p1a: Rotom|Thunderbolt|p2a: Corviknight
|-supereffective|p2a: Corviknight
|-damage|p2a: Corviknight|21/100
|move|p2a: Corviknight|U-turn|p1a: Rotom
|-supereffective|p1a: Rotom
|-damage|p1a: Rotom|73/100
|
|switch|p2a: Chandelure|Chandelure, F|100/100|[from]move: U-turn
|-item|p2a: Chandelure|Air Balloon
|
|-heal|p1a: Rotom|79/100|[from] item: Leftovers
|upkeep
|turn|11
|inactive|2 quiet has 120 seconds left.
|
|switch|p1a: Crawdaunt|Crawdaunt, M|60/100
|move|p2a: Chandelure|Flamethrower|p1a: Crawdaunt
|-resisted|p1a: Crawdaunt
|-damage|p1a: Crawdaunt|5/100
|
|upkeep
|turn|12
|
|switch|p2a: Seismitoad|Seismitoad, F|100/100
|move|p1a: Crawdaunt|Aqua Jet|p2a: Seismitoad
|-immune|p2a: Seismitoad|[from] ability: Water Absorb
|
|upkeep
|turn|13
|
|move|p1a: Crawdaunt|Knock Off|p2a: Seismitoad
|-damage|p2a: Seismitoad|33/100
|-enditem|p2a: Seismitoad|Leftovers|[from] move: Knock Off|[of] p1a: Crawdaunt
|-damage|p1a: Crawdaunt|0 fnt|[from] item: Life Orb
|faint|p1a: Crawdaunt
|move|p2a: Seismitoad|Stealth Rock|p1: Crawdaunt
|-sidestart|p1: 2 quiet|move: Stealth Rock
|
|upkeep
|
|switch|p1a: Dugtrio|Dugtrio, M|100/100
|-damage|p1a: Dugtrio|94/100|[from] Stealth Rock
|turn|14
|
|move|p1a: Dugtrio|Earthquake|p2a: Seismitoad
|-damage|p2a: Seismitoad|0 fnt
|faint|p2a: Seismitoad
|
|upkeep
|
|switch|p2a: Clefable|Clefable, F|100/100
|turn|15
|
|move|p1a: Dugtrio|Stealth Rock|p2a: Clefable
|-sidestart|p2: Eunice23|move: Stealth Rock
|move|p2a: Clefable|Thunder Wave|p1a: Dugtrio
|-immune|p1a: Dugtrio
|
|upkeep
|turn|16
|
|switch|p1a: Toxtricity|Toxtricity, M|100/100
|-damage|p1a: Toxtricity|88/100|[from] Stealth Rock
|move|p2a: Clefable|Thunder Wave|p1a: Toxtricity
|-immune|p1a: Toxtricity
|
|-heal|p1a: Toxtricity|94/100|[from] item: Black Sludge
|upkeep
|turn|17
|
|switch|p2a: Corviknight|Corviknight, M|21/100
|-damage|p2a: Corviknight|9/100|[from] Stealth Rock
|-ability|p2a: Corviknight|Pressure
|move|p1a: Toxtricity|Overdrive|p2a: Corviknight
|-supereffective|p2a: Corviknight
|-damage|p2a: Corviknight|0 fnt
|faint|p2a: Corviknight
|
|-heal|p1a: Toxtricity|100/100|[from] item: Black Sludge
|upkeep
|
|switch|p2a: Hydreigon|Hydreigon, F|100/100
|-damage|p2a: Hydreigon|88/100|[from] Stealth Rock
|turn|18
|inactive|2 quiet has 120 seconds left.
|j| milokathy
|
|switch|p1a: Corviknight|Corviknight, M|72/100
|-damage|p1a: Corviknight|60/100|[from] Stealth Rock
|-ability|p1a: Corviknight|Pressure
|move|p2a: Hydreigon|Draco Meteor|p1a: Corviknight
|-resisted|p1a: Corviknight
|-damage|p1a: Corviknight|27/100
|-unboost|p2a: Hydreigon|spa|2
|
|-heal|p1a: Corviknight|33/100|[from] item: Leftovers
|upkeep
|turn|19
|inactive|2 quiet has 90 seconds left.
|
|switch|p2a: Lucario|Lucario, F|100/100
|-damage|p2a: Lucario|98/100|[from] Stealth Rock
|move|p1a: Corviknight|Roost|p1a: Corviknight
|-heal|p1a: Corviknight|83/100
|-singleturn|p1a: Corviknight|move: Roost
|
|-heal|p1a: Corviknight|89/100|[from] item: Leftovers
|upkeep
|turn|20
|
|move|p2a: Lucario|Swords Dance|p2a: Lucario
|-boost|p2a: Lucario|atk|2
|move|p1a: Corviknight|U-turn|p2a: Lucario
|-resisted|p2a: Lucario
|-damage|p2a: Lucario|92/100
|inactive|2 quiet has 90 seconds left.
|
|switch|p1a: Dragapult|Dragapult, M|63/100|[from]move: U-turn
|-damage|p1a: Dragapult|51/100|[from] Stealth Rock
|
|upkeep
|turn|21
|j| bad_yusuke
|
|move|p2a: Lucario|Bullet Punch|p1a: Dragapult
|-damage|p1a: Dragapult|0 fnt
|-damage|p2a: Lucario|82/100|[from] item: Life Orb
|faint|p1a: Dragapult
|
|upkeep
|c|☆Eunice23|nice team
|c|☆Eunice23|gg
|
|switch|p1a: Rotom|Rotom-Mow|79/100
|-damage|p1a: Rotom|67/100|[from] Stealth Rock
|turn|22
|
|move|p2a: Lucario|Close Combat|p1a: Rotom
|-damage|p1a: Rotom|0 fnt
|-unboost|p2a: Lucario|def|1
|-unboost|p2a: Lucario|spd|1
|-damage|p2a: Lucario|72/100|[from] item: Life Orb
|faint|p1a: Rotom
|
|upkeep
|-message|2 quiet forfeited.
|
|win|Eunice23
|l|☆2 quiet
|raw|2 quiet's rating: 1684 → 1662(-22 for losing)
|raw|Eunice23's rating: 1650 → 1671(+21 for winning)
