|ScrapeTime|2020-01-01-16:05:22
|j|☆labine
|j|☆Last Rank
|player|p1|labine|101|1437
|player|p2|Last Rank|aetherfoundation|1381
|teamsize|p1|6
|teamsize|p2|6
|gametype|singles
|gen|8
|tier|[Gen 8] OU
|rated|
|rule|Sleep Clause Mod: Limit one foe put to sleep
|rule|Species Clause: Limit one of each Pokémon
|rule|OHKO Clause: OHKO moves are banned
|rule|Evasion Moves Clause: Evasion moves are banned
|rule|Endless Battle Clause: Forcing endless battles is banned
|rule|HP Percentage Mod: HP is shown in percentages
|clearpoke
|poke|p1|Dracovish|
|poke|p1|Pelipper, F|
|poke|p1|Barraskewda, F|
|poke|p1|Ferrothorn, F|
|poke|p1|Grimmsnarl, M|
|poke|p1|Accelgor, M|
|poke|p2|Cloyster, M|
|poke|p2|Dracovish|
|poke|p2|Rotom-Mow|
|poke|p2|Clefable, M|
|poke|p2|Corviknight, F|
|poke|p2|Conkeldurr, M|
|rule|Dynamax Clause: You cannot dynamax
|teampreview
|
|start
|switch|p1a: Accelgor|Accelgor, M|100/100
|switch|p2a: Clefable|Clefable, M|100/100
|turn|1
|inactive|Battle timer is ON: inactive players will automatically lose when time's up. (requested by Last Rank)
|
|move|p1a: Accelgor|Toxic Spikes|p2a: Clefable
|-sidestart|p2: Last Rank|move: Toxic Spikes
|move|p2a: Clefable|Flamethrower|p1a: Accelgor
|-supereffective|p1a: Accelgor
|-damage|p1a: Accelgor|5/100
|
|upkeep
|turn|2
|
|switch|p2a: Corviknight|Corviknight, F|100/100
|-ability|p2a: Corviknight|Pressure
|move|p1a: Accelgor|Spikes|p2a: Corviknight
|-sidestart|p2: Last Rank|Spikes
|
|upkeep
|turn|3
|
|move|p1a: Accelgor|Final Gambit|p2a: Corviknight
|-damage|p2a: Corviknight|97/100
|faint|p1a: Accelgor
|move|p2a: Corviknight|Defog|p1: Accelgor|[notarget]
|-fail|p2a: Corviknight
|
|-heal|p2a: Corviknight|100/100|[from] item: Leftovers
|upkeep
|
|switch|p1a: Dracovish|Dracovish|100/100
|turn|4
|
|move|p1a: Dracovish|Fishious Rend|p2a: Corviknight
|-damage|p2a: Corviknight|2/100
|move|p2a: Corviknight|Defog|p1a: Dracovish
|-unboost|p1a: Dracovish|evasion|1
|-sideend|p2: Last Rank|Spikes|[from] move: Defog|[of] p2a: Corviknight
|-sideend|p2: Last Rank|Toxic Spikes|[from] move: Defog|[of] p2a: Corviknight
|
|-heal|p2a: Corviknight|8/100|[from] item: Leftovers
|upkeep
|turn|5
|
|switch|p2a: Dracovish|Dracovish|100/100
|move|p1a: Dracovish|Fishious Rend|p2a: Dracovish
|-resisted|p2a: Dracovish
|-damage|p2a: Dracovish|57/100
|
|upkeep
|turn|6
|
|switch|p1a: Ferrothorn|Ferrothorn, F|100/100
|move|p2a: Dracovish|Fishious Rend|p1a: Ferrothorn
|-resisted|p1a: Ferrothorn
|-damage|p1a: Ferrothorn|73/100
|-damage|p2a: Dracovish|45/100|[from] ability: Iron Barbs|[of] p1a: Ferrothorn
|
|-heal|p1a: Ferrothorn|79/100|[from] item: Leftovers
|upkeep
|turn|7
|
|switch|p2a: Corviknight|Corviknight, F|8/100
|-ability|p2a: Corviknight|Pressure
|switch|p1a: Dracovish|Dracovish|100/100
|
|-heal|p2a: Corviknight|15/100|[from] item: Leftovers
|upkeep
|turn|8
|
|move|p1a: Dracovish|Fishious Rend|p2a: Corviknight
|-damage|p2a: Corviknight|0 fnt
|faint|p2a: Corviknight
|
|upkeep
|
|switch|p2a: Rotom|Rotom-Mow|100/100
|turn|9
|
|switch|p1a: Ferrothorn|Ferrothorn, F|79/100
|move|p2a: Rotom|Volt Switch|p1a: Ferrothorn
|-resisted|p1a: Ferrothorn
|-damage|p1a: Ferrothorn|67/100
|
|switch|p2a: Clefable|Clefable, M|100/100|[from]move: Volt Switch
|
|-heal|p1a: Ferrothorn|73/100|[from] item: Leftovers
|upkeep
|turn|10
|
|switch|p1a: Pelipper|Pelipper, F|100/100
|-weather|RainDance|[from] ability: Drizzle|[of] p1a: Pelipper
|move|p2a: Clefable|Stealth Rock|p1a: Pelipper
|-sidestart|p1: labine|move: Stealth Rock
|
|-weather|RainDance|[upkeep]
|upkeep
|turn|11
|inactive|Last Rank has 120 seconds left.
|
|move|p1a: Pelipper|U-turn|p2a: Clefable
|-resisted|p2a: Clefable
|-damage|p2a: Clefable|95/100
|
|switch|p1a: Ferrothorn|Ferrothorn, F|73/100|[from]move: U-turn
|-damage|p1a: Ferrothorn|67/100|[from] Stealth Rock
|move|p2a: Clefable|Moonblast|p1a: Ferrothorn
|-resisted|p1a: Ferrothorn
|-damage|p1a: Ferrothorn|44/100
|
|-weather|RainDance|[upkeep]
|-heal|p1a: Ferrothorn|50/100|[from] item: Leftovers
|upkeep
|turn|12
|
|move|p2a: Clefable|Flamethrower|p1a: Ferrothorn
|-supereffective|p1a: Ferrothorn
|-damage|p1a: Ferrothorn|0 fnt
|faint|p1a: Ferrothorn
|
|-weather|RainDance|[upkeep]
|upkeep
|
|switch|p1a: Dracovish|Dracovish|100/100
|-damage|p1a: Dracovish|88/100|[from] Stealth Rock
|turn|13
|inactive|Last Rank has 120 seconds left.
|
|switch|p2a: Dracovish|Dracovish|45/100
|move|p1a: Dracovish|Fishious Rend|p2a: Dracovish
|-resisted|p2a: Dracovish
|-damage|p2a: Dracovish|0 fnt
|faint|p2a: Dracovish
|
|-weather|RainDance|[upkeep]
|upkeep
|
|switch|p2a: Rotom|Rotom-Mow|100/100
|turn|14
|
|move|p2a: Rotom|Volt Switch|p1a: Dracovish
|-damage|p1a: Dracovish|48/100
|inactive|Last Rank has 120 seconds left.
|
|switch|p2a: Conkeldurr|Conkeldurr, M|100/100|[from]move: Volt Switch
|move|p1a: Dracovish|Fishious Rend|p2a: Conkeldurr
|-damage|p2a: Conkeldurr|0 fnt
|faint|p2a: Conkeldurr
|
|-weather|RainDance|[upkeep]
|upkeep
|
|switch|p2a: Rotom|Rotom-Mow|100/100
|turn|15
|
|switch|p1a: Grimmsnarl|Grimmsnarl, M|100/100
|-damage|p1a: Grimmsnarl|88/100|[from] Stealth Rock
|move|p2a: Rotom|Leaf Storm|p1a: Grimmsnarl
|-damage|p1a: Grimmsnarl|20/100
|-unboost|p2a: Rotom|spa|2
|
|-weather|RainDance|[upkeep]
|upkeep
|turn|16
|
|move|p1a: Grimmsnarl|Light Screen|p1a: Grimmsnarl
|-sidestart|p1: labine|move: Light Screen
|move|p2a: Rotom|Leaf Storm|p1a: Grimmsnarl
|-damage|p1a: Grimmsnarl|5/100
|-unboost|p2a: Rotom|spa|2
|
|-weather|RainDance|[upkeep]
|upkeep
|turn|17
|
|switch|p2a: Clefable|Clefable, M|95/100
|move|p1a: Grimmsnarl|Reflect|p1a: Grimmsnarl
|-sidestart|p1: labine|Reflect
|
|-weather|none
|upkeep
|turn|18
|inactive|Last Rank has 120 seconds left.
|
|move|p1a: Grimmsnarl|Thunder Wave|p2a: Clefable
|-status|p2a: Clefable|par
|move|p2a: Clefable|Moonlight|p2a: Clefable
|-heal|p2a: Clefable|100/100 par
|
|upkeep
|turn|19
|
|switch|p1a: Pelipper|Pelipper, F|100/100
|-damage|p1a: Pelipper|76/100|[from] Stealth Rock
|-weather|RainDance|[from] ability: Drizzle|[of] p1a: Pelipper
|move|p2a: Clefable|Moonblast|p1a: Pelipper
|-damage|p1a: Pelipper|30/100
|
|-weather|RainDance|[upkeep]
|upkeep
|turn|20
|inactive|Last Rank has 120 seconds left.
|
|move|p1a: Pelipper|Scald|p2a: Clefable
|-damage|p2a: Clefable|58/100 par
|move|p2a: Clefable|Flamethrower|p1a: Pelipper
|-resisted|p1a: Pelipper
|-damage|p1a: Pelipper|23/100
|
|-weather|RainDance|[upkeep]
|upkeep
|turn|21
|
|move|p1a: Pelipper|Scald|p2a: Clefable
|-damage|p2a: Clefable|19/100 par
|move|p2a: Clefable|Moonlight|p2a: Clefable
|-heal|p2a: Clefable|44/100 par
|
|-weather|RainDance|[upkeep]
|upkeep
|turn|22
|
|move|p1a: Pelipper|Scald|p2a: Clefable
|-damage|p2a: Clefable|0 fnt
|faint|p2a: Clefable
|
|-weather|RainDance|[upkeep]
|upkeep
|
|switch|p2a: Rotom|Rotom-Mow|100/100
|turn|23
|
|move|p2a: Rotom|Volt Switch|p1a: Pelipper
|-supereffective|p1a: Pelipper
|-damage|p1a: Pelipper|0 fnt
|faint|p1a: Pelipper
|
|switch|p2a: Cloyster|Cloyster, M|100/100|[from]move: Volt Switch
|
|-weather|RainDance|[upkeep]
|-sideend|p1: labine|move: Light Screen
|upkeep
|
|switch|p1a: Dracovish|Dracovish|48/100
|-damage|p1a: Dracovish|35/100|[from] Stealth Rock
|turn|24
|
|move|p2a: Cloyster|Ice Shard|p1a: Dracovish
|-damage|p1a: Dracovish|25/100
|move|p1a: Dracovish|Fishious Rend|p2a: Cloyster
|-resisted|p2a: Cloyster
|-damage|p2a: Cloyster|46/100
|
|-weather|RainDance|[upkeep]
|-sideend|p1: labine|Reflect
|upkeep
|turn|25
|
|move|p2a: Cloyster|Ice Shard|p1a: Dracovish
|-damage|p1a: Dracovish|3/100
|move|p1a: Dracovish|Fishious Rend|p2a: Cloyster
|-resisted|p2a: Cloyster
|-damage|p2a: Cloyster|0 fnt
|faint|p2a: Cloyster
|
|-weather|RainDance|[upkeep]
|upkeep
|
|switch|p2a: Rotom|Rotom-Mow|100/100
|turn|26
|
|move|p2a: Rotom|Volt Switch|p1a: Dracovish
|-crit|p1a: Dracovish
|-damage|p1a: Dracovish|0 fnt
|faint|p1a: Dracovish
|
|-weather|none
|upkeep
|
|switch|p1a: Grimmsnarl|Grimmsnarl, M|5/100
|-damage|p1a: Grimmsnarl|0 fnt|[from] Stealth Rock
|faint|p1a: Grimmsnarl
|
|switch|p1a: Barraskewda|Barraskewda, F|100/100
|-damage|p1a: Barraskewda|88/100|[from] Stealth Rock
|turn|27
|
|move|p2a: Rotom|Volt Switch|p1a: Barraskewda
|-supereffective|p1a: Barraskewda
|-damage|p1a: Barraskewda|0 fnt
|faint|p1a: Barraskewda
|
|win|Last Rank
|l|☆labine
|raw|labine's rating: 1437 → 1413(-24 for losing)
|raw|Last Rank's rating: 1362 → 1387(+25 for winning)
