|ScrapeTime|2020-01-02-03:45:45
|j|☆haunter100
|j|☆Darkfrye
|player|p1|haunter100|dragontamer|1404
|player|p2|Darkfrye|flint|1392
|teamsize|p1|6
|teamsize|p2|6
|gametype|singles
|gen|8
|tier|[Gen 8] OU
|rated|
|rule|Sleep Clause Mod: Limit one foe put to sleep
|rule|Species Clause: Limit one of each Pokémon
|rule|OHKO Clause: OHKO moves are banned
|rule|Evasion Moves Clause: Evasion moves are banned
|rule|Endless Battle Clause: Forcing endless battles is banned
|rule|HP Percentage Mod: HP is shown in percentages
|clearpoke
|poke|p1|Hydreigon, F|
|poke|p1|Dragapult, F|
|poke|p1|Corviknight, M|
|poke|p1|Rotom-Heat|
|poke|p1|Clefable, M|
|poke|p1|Conkeldurr, F|
|poke|p2|Bisharp, M|
|poke|p2|Clefable, F|
|poke|p2|Dugtrio, F|
|poke|p2|Seismitoad, F|
|poke|p2|Rotom-Mow|
|poke|p2|Excadrill, F|
|rule|Dynamax Clause: You cannot dynamax
|teampreview
|inactive|Battle timer is ON: inactive players will automatically lose when time's up. (requested by Darkfrye)
|
|start
|switch|p1a: Conkeldurr|Conkeldurr, F|100/100
|switch|p2a: Clefable|Clefable, F|100/100
|turn|1
|
|switch|p1a: Rotom|Rotom-Heat|100/100
|move|p2a: Clefable|Moonblast|p1a: Rotom
|-resisted|p1a: Rotom
|-damage|p1a: Rotom|71/100
|
|upkeep
|turn|2
|
|switch|p2a: Seismitoad|Seismitoad, F|100/100
|move|p1a: Rotom|Overheat|p2a: Seismitoad
|-resisted|p2a: Seismitoad
|-damage|p2a: Seismitoad|69/100
|-unboost|p1a: Rotom|spa|2
|
|-heal|p2a: Seismitoad|75/100|[from] item: Leftovers
|upkeep
|turn|3
|
|move|p1a: Rotom|Will-O-Wisp|p2a: Seismitoad
|-status|p2a: Seismitoad|brn
|move|p2a: Seismitoad|Toxic|p1a: Rotom
|-status|p1a: Rotom|tox
|
|-heal|p2a: Seismitoad|81/100 brn|[from] item: Leftovers
|-damage|p1a: Rotom|65/100 tox|[from] psn
|-damage|p2a: Seismitoad|75/100 brn|[from] brn
|upkeep
|turn|4
|
|switch|p1a: Conkeldurr|Conkeldurr, F|100/100
|move|p2a: Seismitoad|Stealth Rock|p1a: Conkeldurr
|-sidestart|p1: haunter100|move: Stealth Rock
|
|-heal|p2a: Seismitoad|81/100 brn|[from] item: Leftovers
|-damage|p2a: Seismitoad|75/100 brn|[from] brn
|-status|p1a: Conkeldurr|brn|[from] item: Flame Orb
|upkeep
|turn|5
|
|switch|p2a: Rotom|Rotom-Mow|100/100
|move|p1a: Conkeldurr|Facade|p2a: Rotom
|-damage|p2a: Rotom|0 fnt
|faint|p2a: Rotom
|
|-damage|p1a: Conkeldurr|94/100 brn|[from] brn
|upkeep
|
|switch|p2a: Clefable|Clefable, F|100/100
|turn|6
|
|switch|p1a: Rotom|Rotom-Heat|65/100 tox
|move|p2a: Clefable|Moonblast|p1a: Rotom
|-resisted|p1a: Rotom
|-damage|p1a: Rotom|33/100 tox
|
|-damage|p1a: Rotom|27/100 tox|[from] psn
|upkeep
|turn|7
|
|switch|p2a: Seismitoad|Seismitoad, F|75/100 brn
|move|p1a: Rotom|Overheat|p2a: Seismitoad
|-resisted|p2a: Seismitoad
|-damage|p2a: Seismitoad|42/100 brn
|-unboost|p1a: Rotom|spa|2
|
|-heal|p2a: Seismitoad|48/100 brn|[from] item: Leftovers
|-damage|p1a: Rotom|15/100 tox|[from] psn
|-damage|p2a: Seismitoad|42/100 brn|[from] brn
|upkeep
|turn|8
|
|move|p1a: Rotom|Overheat|p2a: Seismitoad
|-resisted|p2a: Seismitoad
|-damage|p2a: Seismitoad|25/100 brn
|-unboost|p1a: Rotom|spa|2
|move|p2a: Seismitoad|Scald|p1a: Rotom
|-supereffective|p1a: Rotom
|-damage|p1a: Rotom|0 fnt
|faint|p1a: Rotom
|
|-heal|p2a: Seismitoad|31/100 brn|[from] item: Leftovers
|-damage|p2a: Seismitoad|25/100 brn|[from] brn
|upkeep
|
|switch|p1a: Clefable|Clefable, M|100/100
|turn|9
|
|switch|p2a: Excadrill|Excadrill, F|100/100
|-ability|p2a: Excadrill|Mold Breaker
|move|p1a: Clefable|Stealth Rock|p2a: Excadrill
|-sidestart|p2: Darkfrye|move: Stealth Rock
|
|upkeep
|turn|10
|
|move|p2a: Excadrill|Iron Head|p1a: Clefable
|-supereffective|p1a: Clefable
|-damage|p1a: Clefable|3/100
|move|p1a: Clefable|Fire Blast|p2a: Excadrill
|-supereffective|p2a: Excadrill
|-enditem|p2a: Excadrill|Focus Sash
|-damage|p2a: Excadrill|1/100
|
|upkeep
|turn|11
|
|switch|p1a: Dragapult|Dragapult, F|100/100
|-damage|p1a: Dragapult|88/100|[from] Stealth Rock
|move|p2a: Excadrill|Iron Head|p1a: Dragapult
|-damage|p1a: Dragapult|27/100
|
|upkeep
|turn|12
|
|move|p1a: Dragapult|Shadow Ball|p2a: Excadrill
|-damage|p2a: Excadrill|0 fnt
|faint|p2a: Excadrill
|
|upkeep
|
|switch|p2a: Bisharp|Bisharp, M|100/100
|-damage|p2a: Bisharp|95/100|[from] Stealth Rock
|turn|13
|
|switch|p1a: Conkeldurr|Conkeldurr, F|94/100 brn
|-damage|p1a: Conkeldurr|88/100 brn|[from] Stealth Rock
|move|p2a: Bisharp|Low Kick|p1a: Conkeldurr
|-damage|p1a: Conkeldurr|57/100 brn
|-damage|p2a: Bisharp|85/100|[from] item: Life Orb
|
|-damage|p1a: Conkeldurr|51/100 brn|[from] brn
|upkeep
|turn|14
|
|switch|p2a: Seismitoad|Seismitoad, F|25/100 brn
|-damage|p2a: Seismitoad|19/100 brn|[from] Stealth Rock
|move|p1a: Conkeldurr|Mach Punch|p2a: Seismitoad
|-damage|p2a: Seismitoad|0 fnt
|faint|p2a: Seismitoad
|
|-damage|p1a: Conkeldurr|45/100 brn|[from] brn
|upkeep
|
|switch|p2a: Clefable|Clefable, F|100/100
|turn|15
|
|switch|p1a: Clefable|Clefable, M|3/100
|move|p2a: Clefable|Moonblast|p1a: Clefable
|-damage|p1a: Clefable|0 fnt
|faint|p1a: Clefable
|
|upkeep
|
|switch|p1a: Dragapult|Dragapult, F|27/100
|-damage|p1a: Dragapult|15/100|[from] Stealth Rock
|turn|16
|
|switch|p2a: Bisharp|Bisharp, M|85/100
|-damage|p2a: Bisharp|79/100|[from] Stealth Rock
|move|p1a: Dragapult|Shadow Ball|p2a: Bisharp
|-resisted|p2a: Bisharp
|-damage|p2a: Bisharp|33/100
|
|upkeep
|turn|17
|
|move|p2a: Bisharp|Sucker Punch|p1a: Dragapult
|-supereffective|p1a: Dragapult
|-damage|p1a: Dragapult|0 fnt
|-damage|p2a: Bisharp|23/100|[from] item: Life Orb
|faint|p1a: Dragapult
|
|upkeep
|
|switch|p1a: Conkeldurr|Conkeldurr, F|45/100 brn
|-damage|p1a: Conkeldurr|39/100 brn|[from] Stealth Rock
|turn|18
|
|move|p2a: Bisharp|Low Kick|p1a: Conkeldurr
|-damage|p1a: Conkeldurr|5/100 brn
|-damage|p2a: Bisharp|13/100|[from] item: Life Orb
|move|p1a: Conkeldurr|Facade|p2a: Bisharp
|-resisted|p2a: Bisharp
|-crit|p2a: Bisharp
|-damage|p2a: Bisharp|0 fnt
|faint|p2a: Bisharp
|
|-damage|p1a: Conkeldurr|0 fnt|[from] brn
|faint|p1a: Conkeldurr
|upkeep
|
|switch|p2a: Clefable|Clefable, F|100/100
|switch|p1a: Corviknight|Corviknight, M|100/100
|-damage|p1a: Corviknight|88/100|[from] Stealth Rock
|-ability|p1a: Corviknight|Pressure
|turn|19
|
|move|p1a: Corviknight|Brave Bird|p2a: Clefable
|-damage|p2a: Clefable|57/100
|-damage|p1a: Corviknight|74/100|[from] Recoil
|move|p2a: Clefable|Flamethrower|p1a: Corviknight
|-supereffective|p1a: Corviknight
|-damage|p1a: Corviknight|24/100
|
|-heal|p1a: Corviknight|30/100|[from] item: Leftovers
|upkeep
|turn|20
|
|move|p1a: Corviknight|Roost|p1a: Corviknight
|-heal|p1a: Corviknight|80/100
|-singleturn|p1a: Corviknight|move: Roost
|move|p2a: Clefable|Moonlight|p2a: Clefable
|-heal|p2a: Clefable|100/100
|
|-heal|p1a: Corviknight|86/100|[from] item: Leftovers
|upkeep
|turn|21
|
|move|p1a: Corviknight|Bulk Up|p1a: Corviknight
|-boost|p1a: Corviknight|atk|1
|-boost|p1a: Corviknight|def|1
|move|p2a: Clefable|Flamethrower|p1a: Corviknight
|-supereffective|p1a: Corviknight
|-damage|p1a: Corviknight|39/100
|
|-heal|p1a: Corviknight|46/100|[from] item: Leftovers
|upkeep
|turn|22
|
|move|p1a: Corviknight|Roost|p1a: Corviknight
|-heal|p1a: Corviknight|96/100
|-singleturn|p1a: Corviknight|move: Roost
|move|p2a: Clefable|Flamethrower|p1a: Corviknight
|-supereffective|p1a: Corviknight
|-damage|p1a: Corviknight|44/100
|
|-heal|p1a: Corviknight|51/100|[from] item: Leftovers
|upkeep
|turn|23
|
|move|p1a: Corviknight|Roost|p1a: Corviknight
|-heal|p1a: Corviknight|100/100
|-singleturn|p1a: Corviknight|move: Roost
|move|p2a: Clefable|Flamethrower|p1a: Corviknight
|-supereffective|p1a: Corviknight
|-damage|p1a: Corviknight|51/100
|
|-heal|p1a: Corviknight|57/100|[from] item: Leftovers
|upkeep
|turn|24
|
|move|p1a: Corviknight|Bulk Up|p1a: Corviknight
|-boost|p1a: Corviknight|atk|1
|-boost|p1a: Corviknight|def|1
|move|p2a: Clefable|Flamethrower|p1a: Corviknight
|-supereffective|p1a: Corviknight
|-damage|p1a: Corviknight|7/100
|
|-heal|p1a: Corviknight|13/100|[from] item: Leftovers
|upkeep
|turn|25
|
|move|p1a: Corviknight|Roost|p1a: Corviknight
|-heal|p1a: Corviknight|63/100
|-singleturn|p1a: Corviknight|move: Roost
|move|p2a: Clefable|Flamethrower|p1a: Corviknight
|-supereffective|p1a: Corviknight
|-damage|p1a: Corviknight|16/100
|
|-heal|p1a: Corviknight|22/100|[from] item: Leftovers
|upkeep
|turn|26
|
|move|p1a: Corviknight|Roost|p1a: Corviknight
|-heal|p1a: Corviknight|72/100
|-singleturn|p1a: Corviknight|move: Roost
|move|p2a: Clefable|Flamethrower|p1a: Corviknight
|-supereffective|p1a: Corviknight
|-damage|p1a: Corviknight|20/100
|
|-heal|p1a: Corviknight|26/100|[from] item: Leftovers
|upkeep
|turn|27
|
|move|p1a: Corviknight|Roost|p1a: Corviknight
|-heal|p1a: Corviknight|76/100
|-singleturn|p1a: Corviknight|move: Roost
|move|p2a: Clefable|Flamethrower|p1a: Corviknight
|-supereffective|p1a: Corviknight
|-damage|p1a: Corviknight|29/100
|
|-heal|p1a: Corviknight|35/100|[from] item: Leftovers
|upkeep
|turn|28
|
|move|p1a: Corviknight|Roost|p1a: Corviknight
|-heal|p1a: Corviknight|85/100
|-singleturn|p1a: Corviknight|move: Roost
|move|p2a: Clefable|Flamethrower|p1a: Corviknight
|-supereffective|p1a: Corviknight
|-damage|p1a: Corviknight|35/100
|
|-heal|p1a: Corviknight|41/100|[from] item: Leftovers
|upkeep
|turn|29
|
|move|p1a: Corviknight|Roost|p1a: Corviknight
|-heal|p1a: Corviknight|91/100
|-singleturn|p1a: Corviknight|move: Roost
|move|p2a: Clefable|Flamethrower|p1a: Corviknight
|-supereffective|p1a: Corviknight
|-damage|p1a: Corviknight|41/100
|
|-heal|p1a: Corviknight|48/100|[from] item: Leftovers
|upkeep
|turn|30
|
|move|p1a: Corviknight|Roost|p1a: Corviknight
|-heal|p1a: Corviknight|98/100
|-singleturn|p1a: Corviknight|move: Roost
|move|p2a: Clefable|Flamethrower|p1a: Corviknight
|-supereffective|p1a: Corviknight
|-damage|p1a: Corviknight|44/100
|
|-heal|p1a: Corviknight|51/100|[from] item: Leftovers
|upkeep
|turn|31
|
|move|p1a: Corviknight|Roost|p1a: Corviknight
|-heal|p1a: Corviknight|100/100
|-singleturn|p1a: Corviknight|move: Roost
|move|p2a: Clefable|Flamethrower|p1a: Corviknight
|-supereffective|p1a: Corviknight
|-damage|p1a: Corviknight|52/100
|
|-heal|p1a: Corviknight|59/100|[from] item: Leftovers
|upkeep
|turn|32
|
|move|p1a: Corviknight|Roost|p1a: Corviknight
|-heal|p1a: Corviknight|100/100
|-singleturn|p1a: Corviknight|move: Roost
|move|p2a: Clefable|Moonblast|p1a: Corviknight
|-resisted|p1a: Corviknight
|-damage|p1a: Corviknight|79/100
|
|-heal|p1a: Corviknight|86/100|[from] item: Leftovers
|upkeep
|turn|33
|
|move|p1a: Corviknight|Bulk Up|p1a: Corviknight
|-boost|p1a: Corviknight|atk|1
|-boost|p1a: Corviknight|def|1
|move|p2a: Clefable|Moonblast|p1a: Corviknight
|-resisted|p1a: Corviknight
|-damage|p1a: Corviknight|66/100
|
|-heal|p1a: Corviknight|72/100|[from] item: Leftovers
|upkeep
|turn|34
|
|switch|p2a: Dugtrio|Dugtrio, F|100/100
|-damage|p2a: Dugtrio|94/100|[from] Stealth Rock
|move|p1a: Corviknight|Bulk Up|p1a: Corviknight
|-boost|p1a: Corviknight|atk|1
|-boost|p1a: Corviknight|def|1
|
|-heal|p1a: Corviknight|79/100|[from] item: Leftovers
|upkeep
|turn|35
|
|move|p2a: Dugtrio|Stone Edge|p1a: Corviknight
|-damage|p1a: Corviknight|71/100
|move|p1a: Corviknight|Brave Bird|p2a: Dugtrio
|-damage|p2a: Dugtrio|0 fnt
|-damage|p1a: Corviknight|55/100|[from] Recoil
|faint|p2a: Dugtrio
|
|-heal|p1a: Corviknight|61/100|[from] item: Leftovers
|upkeep
|
|switch|p2a: Clefable|Clefable, F|100/100
|turn|36
|
|move|p1a: Corviknight|Roost|p1a: Corviknight
|-heal|p1a: Corviknight|100/100
|-singleturn|p1a: Corviknight|move: Roost
|move|p2a: Clefable|Moonlight||[still]
|-fail|p2a: Clefable
|
|upkeep
|turn|37
|
|move|p1a: Corviknight|Brave Bird|p2a: Clefable
|-damage|p2a: Clefable|0 fnt
|-damage|p1a: Corviknight|68/100|[from] Recoil
|faint|p2a: Clefable
|
|win|haunter100
|raw|haunter100's rating: 1404 → 1423(+19 for winning)
|raw|Darkfrye's rating: 1392 → 1373(-19 for losing)
|l|☆Darkfrye
