|ScrapeTime|2020-01-02-07:45:22
|j|☆XXXTentacruel69
|j|☆Mapleandsakura
|player|p1|XXXTentacruel69|1|1214
|player|p2|Mapleandsakura|170|1237
|teamsize|p1|6
|teamsize|p2|6
|gametype|singles
|gen|8
|tier|[Gen 8] OU
|rated|
|rule|Sleep Clause Mod: Limit one foe put to sleep
|rule|Species Clause: Limit one of each Pokémon
|rule|OHKO Clause: OHKO moves are banned
|rule|Evasion Moves Clause: Evasion moves are banned
|rule|Endless Battle Clause: Forcing endless battles is banned
|rule|HP Percentage Mod: HP is shown in percentages
|clearpoke
|poke|p1|Dragapult, F|
|poke|p1|Dracovish|
|poke|p1|Orbeetle, M|
|poke|p1|Toxapex, F|
|poke|p1|Corviknight, M|
|poke|p1|Togekiss, M|
|poke|p2|Dracovish|
|poke|p2|Dragapult, M|
|poke|p2|Conkeldurr, M|
|poke|p2|Indeedee-F, F|
|poke|p2|Seismitoad, M|
|poke|p2|Rotom-Heat|
|rule|Dynamax Clause: You cannot dynamax
|teampreview
|inactive|Battle timer is ON: inactive players will automatically lose when time's up. (requested by XXXTentacruel69)
|
|start
|switch|p1a: Dragapult|Dragapult, F|100/100
|switch|p2a: Seismitoad|Seismitoad, M|100/100
|turn|1
|
|move|p2a: Seismitoad|Protect|p2a: Seismitoad
|-singleturn|p2a: Seismitoad|Protect
|move|p1a: Dragapult|Shadow Ball|p2a: Seismitoad
|-activate|p2a: Seismitoad|move: Protect
|
|upkeep
|turn|2
|
|switch|p2a: Indeedee|Indeedee-F, F|100/100
|-fieldstart|move: Psychic Terrain|[from] ability: Psychic Surge|[of] p2a: Indeedee
|move|p1a: Dragapult|Shadow Ball|p2a: Indeedee
|-immune|p2a: Indeedee
|
|upkeep
|turn|3
|
|switch|p1a: Togekiss|Togekiss, M|100/100
|move|p2a: Indeedee|Dazzling Gleam|p1a: Togekiss
|-damage|p1a: Togekiss|74/100
|
|upkeep
|turn|4
|
|move|p1a: Togekiss|Air Slash|p2a: Indeedee
|-damage|p2a: Indeedee|75/100
|move|p2a: Indeedee|Psychic|p1a: Togekiss
|-damage|p1a: Togekiss|22/100
|
|upkeep
|turn|5
|
|move|p1a: Togekiss|Air Slash|p2a: Indeedee
|-damage|p2a: Indeedee|49/100
|move|p2a: Indeedee|Hyper Voice|p1a: Togekiss
|-damage|p1a: Togekiss|0 fnt
|faint|p1a: Togekiss
|
|upkeep
|
|switch|p1a: Dracovish|Dracovish|100/100
|turn|6
|
|switch|p2a: Dracovish|Dracovish|100/100
|move|p1a: Dracovish|Crunch|p2a: Dracovish
|-damage|p2a: Dracovish|63/100
|
|-fieldend|move: Psychic Terrain
|upkeep
|turn|7
|
|switch|p2a: Conkeldurr|Conkeldurr, M|100/100
|switch|p1a: Toxapex|Toxapex, F|100/100
|
|upkeep
|turn|8
|
|switch|p2a: Indeedee|Indeedee-F, F|49/100
|-fieldstart|move: Psychic Terrain|[from] ability: Psychic Surge|[of] p2a: Indeedee
|move|p1a: Toxapex|Toxic Spikes|p2a: Indeedee
|-sidestart|p2: Mapleandsakura|move: Toxic Spikes
|
|upkeep
|turn|9
|
|switch|p1a: Orbeetle|Orbeetle, M|100/100
|-item|p2a: Indeedee|Assault Vest|[from] ability: Frisk|[of] p1a: Orbeetle|[identify]
|move|p2a: Indeedee|Psychic|p1a: Orbeetle
|-resisted|p1a: Orbeetle
|-damage|p1a: Orbeetle|80/100
|
|upkeep
|turn|10
|
|switch|p2a: Conkeldurr|Conkeldurr, M|100/100
|-status|p2a: Conkeldurr|psn
|move|p1a: Orbeetle|Sticky Web|p2a: Conkeldurr
|-sidestart|p2: Mapleandsakura|move: Sticky Web
|
|-damage|p2a: Conkeldurr|88/100 psn|[from] psn
|upkeep
|turn|11
|
|move|p1a: Orbeetle|Psychic|p2a: Conkeldurr
|-supereffective|p2a: Conkeldurr
|-damage|p2a: Conkeldurr|20/100 psn
|move|p2a: Conkeldurr|Defog|p1a: Orbeetle
|-unboost|p1a: Orbeetle|evasion|1
|-sideend|p2: Mapleandsakura|Toxic Spikes|[from] move: Defog|[of] p2a: Conkeldurr
|-sideend|p2: Mapleandsakura|Sticky Web|[from] move: Defog|[of] p2a: Conkeldurr
|-fieldend|move: Psychic Terrain
|
|-heal|p2a: Conkeldurr|26/100 psn|[from] item: Leftovers
|-damage|p2a: Conkeldurr|14/100 psn|[from] psn
|upkeep
|turn|12
|
|switch|p2a: Rotom|Rotom-Heat|100/100
|move|p1a: Orbeetle|Sticky Web|p2a: Rotom
|-sidestart|p2: Mapleandsakura|move: Sticky Web
|
|upkeep
|turn|13
|
|move|p2a: Rotom|Thunderbolt|p1a: Orbeetle
|-damage|p1a: Orbeetle|46/100
|move|p1a: Orbeetle|Light Screen|p1a: Orbeetle
|-sidestart|p1: XXXTentacruel69|move: Light Screen
|
|upkeep
|turn|14
|
|move|p2a: Rotom|Thunderbolt|p1a: Orbeetle
|-damage|p1a: Orbeetle|30/100
|move|p1a: Orbeetle|Reflect|p1a: Orbeetle
|-sidestart|p1: XXXTentacruel69|Reflect
|
|upkeep
|turn|15
|
|move|p2a: Rotom|Thunderbolt|p1a: Orbeetle
|-damage|p1a: Orbeetle|14/100
|move|p1a: Orbeetle|Psychic|p2a: Rotom
|-damage|p2a: Rotom|63/100
|
|upkeep
|turn|16
|
|move|p2a: Rotom|Thunderbolt|p1a: Orbeetle
|-damage|p1a: Orbeetle|0 fnt
|faint|p1a: Orbeetle
|
|upkeep
|
|switch|p1a: Dracovish|Dracovish|100/100
|turn|17
|
|switch|p2a: Seismitoad|Seismitoad, M|100/100
|-activate|p2a: Seismitoad|move: Sticky Web
|-unboost|p2a: Seismitoad|spe|1
|move|p1a: Dracovish|Outrage|p2a: Seismitoad
|-damage|p2a: Seismitoad|62/100
|
|-heal|p2a: Seismitoad|68/100|[from] item: Leftovers
|upkeep
|turn|18
|
|move|p2a: Seismitoad|Protect|p2a: Seismitoad
|-singleturn|p2a: Seismitoad|Protect
|move|p1a: Dracovish|Outrage|p2a: Seismitoad|[from]lockedmove
|-activate|p2a: Seismitoad|move: Protect
|
|-heal|p2a: Seismitoad|74/100|[from] item: Leftovers
|upkeep
|turn|19
|
|switch|p1a: Corviknight|Corviknight, M|100/100
|move|p2a: Seismitoad|Stealth Rock|p1a: Corviknight
|-sidestart|p1: XXXTentacruel69|move: Stealth Rock
|
|-heal|p2a: Seismitoad|80/100|[from] item: Leftovers
|upkeep
|turn|20
|
|move|p1a: Corviknight|Iron Defense|p1a: Corviknight
|-boost|p1a: Corviknight|def|2
|move|p2a: Seismitoad|Scald|p1a: Corviknight
|-damage|p1a: Corviknight|92/100
|
|-heal|p1a: Corviknight|99/100|[from] item: Leftovers
|-heal|p2a: Seismitoad|86/100|[from] item: Leftovers
|-sideend|p1: XXXTentacruel69|move: Light Screen
|upkeep
|turn|21
|
|move|p1a: Corviknight|Body Press|p2a: Seismitoad
|-damage|p2a: Seismitoad|54/100
|move|p2a: Seismitoad|Scald|p1a: Corviknight
|-damage|p1a: Corviknight|82/100
|
|-heal|p1a: Corviknight|88/100|[from] item: Leftovers
|-heal|p2a: Seismitoad|60/100|[from] item: Leftovers
|-sideend|p1: XXXTentacruel69|Reflect
|upkeep
|turn|22
|
|move|p1a: Corviknight|Body Press|p2a: Seismitoad
|-damage|p2a: Seismitoad|32/100
|move|p2a: Seismitoad|Scald|p1a: Corviknight
|-damage|p1a: Corviknight|73/100
|
|-heal|p1a: Corviknight|79/100|[from] item: Leftovers
|-heal|p2a: Seismitoad|38/100|[from] item: Leftovers
|upkeep
|turn|23
|l|☆XXXTentacruel69
|inactive|XXXTentacruel69 disconnected and has a minute to reconnect!
|player|p1|
|inactive|XXXTentacruel69 has 30 seconds to reconnect!
|j|☆XXXTentacruel69
|inactive|XXXTentacruel69 reconnected and has 105 seconds left.
|player|p1|XXXTentacruel69|1
|
|move|p2a: Seismitoad|Protect|p2a: Seismitoad
|-singleturn|p2a: Seismitoad|Protect
|move|p1a: Corviknight|Body Press|p2a: Seismitoad
|-activate|p2a: Seismitoad|move: Protect
|
|-heal|p1a: Corviknight|86/100|[from] item: Leftovers
|-heal|p2a: Seismitoad|44/100|[from] item: Leftovers
|upkeep
|turn|24
|
|move|p1a: Corviknight|Iron Defense|p1a: Corviknight
|-boost|p1a: Corviknight|def|2
|move|p2a: Seismitoad|Scald|p1a: Corviknight
|-damage|p1a: Corviknight|70/100
|
|-heal|p1a: Corviknight|76/100|[from] item: Leftovers
|-heal|p2a: Seismitoad|50/100|[from] item: Leftovers
|upkeep
|turn|25
|inactive|XXXTentacruel69 has 120 seconds left.
|
|move|p1a: Corviknight|Body Press|p2a: Seismitoad
|-damage|p2a: Seismitoad|5/100
|move|p2a: Seismitoad|Scald|p1a: Corviknight
|-damage|p1a: Corviknight|60/100
|
|-heal|p1a: Corviknight|66/100|[from] item: Leftovers
|-heal|p2a: Seismitoad|11/100|[from] item: Leftovers
|upkeep
|turn|26
|
|move|p1a: Corviknight|Roost|p1a: Corviknight
|-heal|p1a: Corviknight|100/100
|-singleturn|p1a: Corviknight|move: Roost
|move|p2a: Seismitoad|Scald|p1a: Corviknight
|-damage|p1a: Corviknight|85/100
|
|-heal|p1a: Corviknight|91/100|[from] item: Leftovers
|-heal|p2a: Seismitoad|17/100|[from] item: Leftovers
|upkeep
|turn|27
|
|move|p2a: Seismitoad|Protect|p2a: Seismitoad
|-singleturn|p2a: Seismitoad|Protect
|move|p1a: Corviknight|Body Press|p2a: Seismitoad
|-activate|p2a: Seismitoad|move: Protect
|
|-heal|p1a: Corviknight|98/100|[from] item: Leftovers
|-heal|p2a: Seismitoad|23/100|[from] item: Leftovers
|upkeep
|turn|28
|
|move|p1a: Corviknight|Body Press|p2a: Seismitoad
|-damage|p2a: Seismitoad|0 fnt
|faint|p2a: Seismitoad
|
|-heal|p1a: Corviknight|100/100|[from] item: Leftovers
|upkeep
|
|switch|p2a: Dragapult|Dragapult, M|100/100
|-activate|p2a: Dragapult|move: Sticky Web
|-unboost|p2a: Dragapult|spe|1
|turn|29
|
|move|p2a: Dragapult|Dragon Dance|p2a: Dragapult
|-boost|p2a: Dragapult|atk|1
|-boost|p2a: Dragapult|spe|1
|move|p1a: Corviknight|Roost||[still]
|-fail|p1a: Corviknight|heal
|
|upkeep
|turn|30
|
|switch|p1a: Toxapex|Toxapex, F|100/100
|-damage|p1a: Toxapex|88/100|[from] Stealth Rock
|move|p2a: Dragapult|Dragon Dance|p2a: Dragapult
|-boost|p2a: Dragapult|atk|1
|-boost|p2a: Dragapult|spe|1
|
|upkeep
|turn|31
|
|move|p2a: Dragapult|Dragon Darts|p1a: Toxapex
|-damage|p1a: Toxapex|50/100
|-damage|p1a: Toxapex|8/100
|-hitcount|p1a: Toxapex|2
|move|p1a: Toxapex|Haze|p1a: Toxapex
|-clearallboost
|
|upkeep
|turn|32
|
|switch|p1a: Corviknight|Corviknight, M|100/100
|-damage|p1a: Corviknight|88/100|[from] Stealth Rock
|move|p2a: Dragapult|Dragon Dance|p2a: Dragapult
|-boost|p2a: Dragapult|atk|1
|-boost|p2a: Dragapult|spe|1
|
|-heal|p1a: Corviknight|94/100|[from] item: Leftovers
|upkeep
|turn|33
|
|switch|p1a: Toxapex|Toxapex, F|41/100
|-damage|p1a: Toxapex|29/100|[from] Stealth Rock
|move|p2a: Dragapult|Dragon Dance|p2a: Dragapult
|-boost|p2a: Dragapult|atk|1
|-boost|p2a: Dragapult|spe|1
|
|upkeep
|turn|34
|
|move|p2a: Dragapult|Dragon Darts|p1a: Toxapex
|-damage|p1a: Toxapex|0 fnt
|-hitcount|p1a: Toxapex|1
|faint|p1a: Toxapex
|
|upkeep
|
|switch|p1a: Dracovish|Dracovish|100/100
|-damage|p1a: Dracovish|88/100|[from] Stealth Rock
|turn|35
|
|move|p2a: Dragapult|Dragon Darts|p1a: Dracovish
|-supereffective|p1a: Dracovish
|-damage|p1a: Dracovish|0 fnt
|-hitcount|p1a: Dracovish|1
|faint|p1a: Dracovish
|
|upkeep
|
|switch|p1a: Dragapult|Dragapult, F|100/100
|-damage|p1a: Dragapult|88/100|[from] Stealth Rock
|turn|36
|
|move|p2a: Dragapult|Dragon Darts|p1a: Dragapult
|-supereffective|p1a: Dragapult
|-damage|p1a: Dragapult|0 fnt
|-hitcount|p1a: Dragapult|1
|faint|p1a: Dragapult
|
|upkeep
|
|switch|p1a: Corviknight|Corviknight, M|94/100
|-damage|p1a: Corviknight|82/100|[from] Stealth Rock
|turn|37
|
|move|p2a: Dragapult|Dragon Dance|p2a: Dragapult
|-boost|p2a: Dragapult|atk|1
|-boost|p2a: Dragapult|spe|1
|move|p1a: Corviknight|Roost|p1a: Corviknight
|-heal|p1a: Corviknight|100/100
|-singleturn|p1a: Corviknight|move: Roost
|
|upkeep
|turn|38
|
|move|p2a: Dragapult|Dragon Darts|p1a: Corviknight
|-resisted|p1a: Corviknight
|-damage|p1a: Corviknight|75/100
|-resisted|p1a: Corviknight
|-damage|p1a: Corviknight|46/100
|-hitcount|p1a: Corviknight|2
|move|p1a: Corviknight|Iron Defense|p1a: Corviknight
|-boost|p1a: Corviknight|def|2
|
|-heal|p1a: Corviknight|52/100|[from] item: Leftovers
|upkeep
|turn|39
|
|move|p2a: Dragapult|Dragon Darts|p1a: Corviknight
|-resisted|p1a: Corviknight
|-damage|p1a: Corviknight|39/100
|-resisted|p1a: Corviknight
|-damage|p1a: Corviknight|24/100
|-hitcount|p1a: Corviknight|2
|move|p1a: Corviknight|Roost|p1a: Corviknight
|-heal|p1a: Corviknight|74/100
|-singleturn|p1a: Corviknight|move: Roost
|
|-heal|p1a: Corviknight|81/100|[from] item: Leftovers
|upkeep
|turn|40
|
|move|p2a: Dragapult|Dragon Dance|p2a: Dragapult
|-boost|p2a: Dragapult|atk|1
|-boost|p2a: Dragapult|spe|1
|move|p1a: Corviknight|Iron Defense|p1a: Corviknight
|-boost|p1a: Corviknight|def|2
|
|-heal|p1a: Corviknight|87/100|[from] item: Leftovers
|upkeep
|turn|41
|
|move|p2a: Dragapult|Dragon Darts|p1a: Corviknight
|-resisted|p1a: Corviknight
|-damage|p1a: Corviknight|75/100
|-resisted|p1a: Corviknight
|-damage|p1a: Corviknight|63/100
|-hitcount|p1a: Corviknight|2
|move|p1a: Corviknight|Iron Defense|p1a: Corviknight
|-boost|p1a: Corviknight|def|2
|
|-heal|p1a: Corviknight|69/100|[from] item: Leftovers
|upkeep
|turn|42
|
|move|p2a: Dragapult|Dragon Dance|p2a: Dragapult
|-boost|p2a: Dragapult|atk|1
|-boost|p2a: Dragapult|spe|1
|move|p1a: Corviknight|Roost|p1a: Corviknight
|-heal|p1a: Corviknight|100/100
|-singleturn|p1a: Corviknight|move: Roost
|
|upkeep
|turn|43
|
|move|p2a: Dragapult|Dragon Dance|p2a: Dragapult
|-boost|p2a: Dragapult|atk|1
|-boost|p2a: Dragapult|spe|1
|move|p1a: Corviknight|Roost||[still]
|-fail|p1a: Corviknight|heal
|
|upkeep
|turn|44
|
|move|p2a: Dragapult|Dragon Dance|p2a: Dragapult
|-boost|p2a: Dragapult|atk|0
|-boost|p2a: Dragapult|spe|0
|move|p1a: Corviknight|Iron Defense|p1a: Corviknight
|-boost|p1a: Corviknight|def|0
|
|upkeep
|turn|45
|
|move|p2a: Dragapult|Dragon Darts|p1a: Corviknight
|-resisted|p1a: Corviknight
|-damage|p1a: Corviknight|89/100
|-resisted|p1a: Corviknight
|-damage|p1a: Corviknight|79/100
|-hitcount|p1a: Corviknight|2
|move|p1a: Corviknight|Iron Defense|p1a: Corviknight
|-boost|p1a: Corviknight|def|0
|
|-heal|p1a: Corviknight|85/100|[from] item: Leftovers
|upkeep
|turn|46
|
|move|p2a: Dragapult|Sucker Punch||[still]
|-fail|p2a: Dragapult
|move|p1a: Corviknight|Iron Defense|p1a: Corviknight
|-boost|p1a: Corviknight|def|0
|
|-heal|p1a: Corviknight|91/100|[from] item: Leftovers
|upkeep
|turn|47
|
|move|p2a: Dragapult|Steel Wing|p1a: Corviknight
|-resisted|p1a: Corviknight
|-damage|p1a: Corviknight|82/100
|move|p1a: Corviknight|Iron Defense|p1a: Corviknight
|-boost|p1a: Corviknight|def|0
|
|-heal|p1a: Corviknight|88/100|[from] item: Leftovers
|upkeep
|turn|48
|
|move|p2a: Dragapult|Steel Wing|p1a: Corviknight
|-resisted|p1a: Corviknight
|-damage|p1a: Corviknight|77/100
|move|p1a: Corviknight|Iron Defense|p1a: Corviknight
|-boost|p1a: Corviknight|def|0
|
|-heal|p1a: Corviknight|84/100|[from] item: Leftovers
|upkeep
|turn|49
|
|move|p2a: Dragapult|Steel Wing|p1a: Corviknight
|-resisted|p1a: Corviknight
|-damage|p1a: Corviknight|74/100
|move|p1a: Corviknight|Iron Defense|p1a: Corviknight
|-boost|p1a: Corviknight|def|0
|
|-heal|p1a: Corviknight|80/100|[from] item: Leftovers
|upkeep
|turn|50
|
|move|p2a: Dragapult|Steel Wing|p1a: Corviknight
|-resisted|p1a: Corviknight
|-damage|p1a: Corviknight|70/100
|-boost|p2a: Dragapult|def|1
|move|p1a: Corviknight|Iron Defense|p1a: Corviknight
|-boost|p1a: Corviknight|def|0
|
|-heal|p1a: Corviknight|76/100|[from] item: Leftovers
|upkeep
|turn|51
|
|move|p2a: Dragapult|Steel Wing|p1a: Corviknight
|-resisted|p1a: Corviknight
|-damage|p1a: Corviknight|66/100
|move|p1a: Corviknight|Iron Defense|p1a: Corviknight
|-boost|p1a: Corviknight|def|0
|
|-heal|p1a: Corviknight|72/100|[from] item: Leftovers
|upkeep
|turn|52
|c|☆XXXTentacruel69|Damn you got 40 steel wings? Rip
|-message|XXXTentacruel69 forfeited.
|
|win|Mapleandsakura
|l|☆XXXTentacruel69
|raw|XXXTentacruel69's rating: 1214 → 1191(-23 for losing)
|raw|Mapleandsakura's rating: 1237 → 1261(+24 for winning)
