|ScrapeTime|2020-01-01-06:25:13
|j|☆Gman2005
|j|☆rella.kidd
|player|p1|Gman2005|blackbelt-gen4dp|1043
|player|p2|rella.kidd|rocketgrunt|1089
|teamsize|p1|6
|teamsize|p2|6
|gametype|singles
|gen|8
|tier|[Gen 8] OU
|rated|
|rule|Sleep Clause Mod: Limit one foe put to sleep
|rule|Species Clause: Limit one of each Pokémon
|rule|OHKO Clause: OHKO moves are banned
|rule|Evasion Moves Clause: Evasion moves are banned
|rule|Endless Battle Clause: Forcing endless battles is banned
|rule|HP Percentage Mod: HP is shown in percentages
|clearpoke
|poke|p1|Mandibuzz, F|
|poke|p1|Seismitoad, F|
|poke|p1|Sandaconda, F|
|poke|p1|Barraskewda, F|
|poke|p1|Hatterene, F|
|poke|p1|Bisharp, M|
|poke|p2|Seismitoad, F|
|poke|p2|Togekiss, M|
|poke|p2|Hydreigon, M|
|poke|p2|Aegislash, M|
|poke|p2|Salazzle, F|
|poke|p2|Maractus, M|
|rule|Dynamax Clause: You cannot dynamax
|teampreview
|
|start
|switch|p1a: Seismitoad|Seismitoad, F|100/100
|switch|p2a: thick lizard|Salazzle, F|100/100
|turn|1
|
|move|p2a: thick lizard|Toxic|p1a: Seismitoad
|-status|p1a: Seismitoad|tox
|move|p1a: Seismitoad|Rain Dance|p1a: Seismitoad
|-weather|RainDance
|
|-weather|RainDance|[upkeep]
|-damage|p1a: Seismitoad|94/100 tox|[from] psn
|upkeep
|turn|2
|
|switch|p2a: Seismitoad|Seismitoad, F, shiny|100/100
|move|p1a: Seismitoad|Earthquake|p2a: Seismitoad
|-damage|p2a: Seismitoad|76/100
|
|-weather|RainDance|[upkeep]
|-heal|p2a: Seismitoad|82/100|[from] item: Leftovers
|-heal|p1a: Seismitoad|100/100 tox|[from] item: Leftovers
|-damage|p1a: Seismitoad|88/100 tox|[from] psn
|upkeep
|turn|3
|
|switch|p2a: Togekiss|Togekiss, M, shiny|100/100
|switch|p1a: Barraskewda|Barraskewda, F|100/100
|
|-weather|RainDance|[upkeep]
|upkeep
|turn|4
|
|move|p1a: Barraskewda|Substitute|p1a: Barraskewda
|-start|p1a: Barraskewda|Substitute
|-damage|p1a: Barraskewda|76/100
|move|p2a: Togekiss|Nasty Plot|p2a: Togekiss
|-boost|p2a: Togekiss|spa|2
|
|-weather|RainDance|[upkeep]
|-heal|p1a: Barraskewda|82/100|[from] item: Leftovers
|upkeep
|turn|5
|
|move|p1a: Barraskewda|Agility|p1a: Barraskewda
|-boost|p1a: Barraskewda|spe|2
|move|p2a: Togekiss|Nasty Plot|p2a: Togekiss
|-boost|p2a: Togekiss|spa|2
|
|-weather|none
|-heal|p1a: Barraskewda|88/100|[from] item: Leftovers
|upkeep
|turn|6
|
|move|p1a: Barraskewda|Acupressure|p1a: Barraskewda
|-boost|p1a: Barraskewda|evasion|2
|move|p2a: Togekiss|Air Slash|p1a: Barraskewda|[miss]
|-miss|p2a: Togekiss|p1a: Barraskewda
|
|-heal|p1a: Barraskewda|94/100|[from] item: Leftovers
|upkeep
|turn|7
|
|move|p1a: Barraskewda|Acupressure|p1a: Barraskewda
|-boost|p1a: Barraskewda|accuracy|2
|move|p2a: Togekiss|Air Slash|p1a: Barraskewda|[miss]
|-miss|p2a: Togekiss|p1a: Barraskewda
|
|-heal|p1a: Barraskewda|99/100|[from] item: Leftovers
|upkeep
|turn|8
|
|move|p1a: Barraskewda|Acupressure|p1a: Barraskewda
|-boost|p1a: Barraskewda|evasion|2
|move|p2a: Togekiss|Air Slash|p1a: Barraskewda|[miss]
|-miss|p2a: Togekiss|p1a: Barraskewda
|
|-heal|p1a: Barraskewda|100/100|[from] item: Leftovers
|upkeep
|turn|9
|
|move|p1a: Barraskewda|Acupressure|p1a: Barraskewda
|-boost|p1a: Barraskewda|def|2
|move|p2a: Togekiss|Air Slash|p1a: Barraskewda|[miss]
|-miss|p2a: Togekiss|p1a: Barraskewda
|
|upkeep
|turn|10
|
|move|p1a: Barraskewda|Acupressure|p1a: Barraskewda
|-boost|p1a: Barraskewda|spd|2
|move|p2a: Togekiss|Air Slash|p1a: Barraskewda|[miss]
|-miss|p2a: Togekiss|p1a: Barraskewda
|
|upkeep
|turn|11
|
|move|p1a: Barraskewda|Acupressure|p1a: Barraskewda
|-boost|p1a: Barraskewda|spa|2
|move|p2a: Togekiss|Air Slash|p1a: Barraskewda|[miss]
|-miss|p2a: Togekiss|p1a: Barraskewda
|
|upkeep
|turn|12
|
|move|p1a: Barraskewda|Acupressure|p1a: Barraskewda
|-boost|p1a: Barraskewda|evasion|2
|move|p2a: Togekiss|Air Slash|p1a: Barraskewda|[miss]
|-miss|p2a: Togekiss|p1a: Barraskewda
|
|upkeep
|turn|13
|
|move|p1a: Barraskewda|Acupressure|p1a: Barraskewda
|-boost|p1a: Barraskewda|spe|2
|move|p2a: Togekiss|Substitute|p2a: Togekiss
|-start|p2a: Togekiss|Substitute
|-damage|p2a: Togekiss|76/100
|
|-heal|p2a: Togekiss|82/100|[from] item: Leftovers
|upkeep
|turn|14
|
|move|p1a: Barraskewda|Acupressure|p1a: Barraskewda
|-boost|p1a: Barraskewda|atk|2
|move|p2a: Togekiss|Nasty Plot|p2a: Togekiss
|-boost|p2a: Togekiss|spa|2
|
|-heal|p2a: Togekiss|88/100|[from] item: Leftovers
|upkeep
|turn|15
|
|move|p1a: Barraskewda|Acupressure|p1a: Barraskewda
|-boost|p1a: Barraskewda|atk|2
|move|p2a: Togekiss|Air Slash|p1a: Barraskewda
|-end|p1a: Barraskewda|Substitute
|
|-heal|p2a: Togekiss|94/100|[from] item: Leftovers
|upkeep
|turn|16
|
|move|p1a: Barraskewda|Substitute|p1a: Barraskewda
|-start|p1a: Barraskewda|Substitute
|-damage|p1a: Barraskewda|76/100
|move|p2a: Togekiss|Air Slash|p1a: Barraskewda
|-end|p1a: Barraskewda|Substitute
|
|-heal|p1a: Barraskewda|82/100|[from] item: Leftovers
|-heal|p2a: Togekiss|99/100|[from] item: Leftovers
|upkeep
|turn|17
|
|move|p1a: Barraskewda|Substitute|p1a: Barraskewda
|-start|p1a: Barraskewda|Substitute
|-damage|p1a: Barraskewda|57/100
|move|p2a: Togekiss|Air Slash|p1a: Barraskewda|[miss]
|-miss|p2a: Togekiss|p1a: Barraskewda
|
|-heal|p1a: Barraskewda|63/100|[from] item: Leftovers
|-heal|p2a: Togekiss|100/100|[from] item: Leftovers
|upkeep
|turn|18
|
|move|p1a: Barraskewda|Liquidation|p2a: Togekiss
|-end|p2a: Togekiss|Substitute
|move|p2a: Togekiss|Air Slash|p1a: Barraskewda|[miss]
|-miss|p2a: Togekiss|p1a: Barraskewda
|
|-heal|p1a: Barraskewda|69/100|[from] item: Leftovers
|upkeep
|turn|19
|
|switch|p2a: Seismitoad|Seismitoad, F, shiny|82/100
|move|p1a: Barraskewda|Liquidation|p2a: Seismitoad
|-heal|p2a: Seismitoad|100/100|[from] ability: Water Absorb|[of] p1a: Barraskewda
|
|-heal|p1a: Barraskewda|75/100|[from] item: Leftovers
|upkeep
|turn|20
|
|switch|p1a: Mandibuzz|Mandibuzz, F|100/100
|move|p2a: Seismitoad|Earthquake|p1a: Mandibuzz
|-immune|p1a: Mandibuzz
|
|upkeep
|turn|21
|
|move|p1a: Mandibuzz|Iron Defense|p1a: Mandibuzz
|-boost|p1a: Mandibuzz|def|2
|move|p2a: Seismitoad|Toxic|p1a: Mandibuzz
|-status|p1a: Mandibuzz|tox
|
|-damage|p1a: Mandibuzz|94/100 tox|[from] psn
|upkeep
|turn|22
|
|switch|p2a: Hydreigon|Hydreigon, M|100/100
|move|p1a: Mandibuzz|Iron Defense|p1a: Mandibuzz
|-boost|p1a: Mandibuzz|def|2
|
|-heal|p1a: Mandibuzz|100/100 tox|[from] item: Leftovers
|-damage|p1a: Mandibuzz|88/100 tox|[from] psn
|upkeep
|turn|23
|
|move|p2a: Hydreigon|Nasty Plot|p2a: Hydreigon
|-boost|p2a: Hydreigon|spa|2
|move|p1a: Mandibuzz|Nasty Plot|p1a: Mandibuzz
|-boost|p1a: Mandibuzz|spa|2
|
|-heal|p1a: Mandibuzz|94/100 tox|[from] item: Leftovers
|-damage|p1a: Mandibuzz|76/100 tox|[from] psn
|upkeep
|turn|24
|
|move|p2a: Hydreigon|Nasty Plot|p2a: Hydreigon
|-boost|p2a: Hydreigon|spa|2
|move|p1a: Mandibuzz|Nasty Plot|p1a: Mandibuzz
|-boost|p1a: Mandibuzz|spa|2
|
|-heal|p1a: Mandibuzz|82/100 tox|[from] item: Leftovers
|-damage|p1a: Mandibuzz|58/100 tox|[from] psn
|upkeep
|turn|25
|
|move|p2a: Hydreigon|Nasty Plot|p2a: Hydreigon
|-boost|p2a: Hydreigon|spa|2
|move|p1a: Mandibuzz|Nasty Plot|p1a: Mandibuzz
|-boost|p1a: Mandibuzz|spa|2
|
|-heal|p1a: Mandibuzz|64/100 tox|[from] item: Leftovers
|-damage|p1a: Mandibuzz|33/100 tox|[from] psn
|upkeep
|turn|26
|
|move|p2a: Hydreigon|Substitute|p2a: Hydreigon
|-start|p2a: Hydreigon|Substitute
|-damage|p2a: Hydreigon|76/100
|move|p1a: Mandibuzz|Roost|p1a: Mandibuzz
|-heal|p1a: Mandibuzz|83/100 tox
|-singleturn|p1a: Mandibuzz|move: Roost
|
|-heal|p2a: Hydreigon|82/100|[from] item: Leftovers
|-heal|p1a: Mandibuzz|89/100 tox|[from] item: Leftovers
|-damage|p1a: Mandibuzz|52/100 tox|[from] psn
|upkeep
|turn|27
|
|move|p2a: Hydreigon|Flash Cannon|p1a: Mandibuzz
|-damage|p1a: Mandibuzz|0 fnt
|faint|p1a: Mandibuzz
|
|-heal|p2a: Hydreigon|88/100|[from] item: Leftovers
|upkeep
|
|switch|p1a: Barraskewda|Barraskewda, F|75/100
|turn|28
|
|move|p1a: Barraskewda|Substitute|p1a: Barraskewda
|-start|p1a: Barraskewda|Substitute
|-damage|p1a: Barraskewda|51/100
|move|p2a: Hydreigon|Dark Pulse|p1a: Barraskewda
|-end|p1a: Barraskewda|Substitute
|
|-heal|p1a: Barraskewda|57/100|[from] item: Leftovers
|-heal|p2a: Hydreigon|94/100|[from] item: Leftovers
|upkeep
|turn|29
|
|switch|p1a: Hatterene|Hatterene, F|100/100
|move|p2a: Hydreigon|Dark Pulse|p1a: Hatterene
|-crit|p1a: Hatterene
|-damage|p1a: Hatterene|0 fnt
|faint|p1a: Hatterene
|
|-heal|p2a: Hydreigon|99/100|[from] item: Leftovers
|upkeep
|
|switch|p1a: Sandaconda|Sandaconda, F|100/100
|turn|30
|
|move|p2a: Hydreigon|Dark Pulse|p1a: Sandaconda
|-damage|p1a: Sandaconda|0 fnt
|-weather|Sandstorm|[from] ability: Sand Spit|[of] p1a: Sandaconda
|faint|p1a: Sandaconda
|
|-weather|Sandstorm|[upkeep]
|-damage|p2a: Hydreigon|94/100|[from] Sandstorm
|-heal|p2a: Hydreigon|99/100|[from] item: Leftovers
|upkeep
|-message|Gman2005 forfeited.
|
|win|rella.kidd
|l|☆Gman2005
|raw|Gman2005's rating: 1043 → 1029(-14 for losing)
|raw|rella.kidd's rating: 1089 → 1112(+23 for winning)
