|ScrapeTime|2020-01-02-11:46:50
|j|☆demipods
|j|☆Tnx_Zenter
|player|p1|demipods|rocketgruntf|1286
|player|p2|Tnx_Zenter|riley|1203
|teamsize|p1|6
|teamsize|p2|6
|gametype|singles
|gen|8
|tier|[Gen 8] OU
|rated|
|rule|Sleep Clause Mod: Limit one foe put to sleep
|rule|Species Clause: Limit one of each Pokémon
|rule|OHKO Clause: OHKO moves are banned
|rule|Evasion Moves Clause: Evasion moves are banned
|rule|Endless Battle Clause: Forcing endless battles is banned
|rule|HP Percentage Mod: HP is shown in percentages
|clearpoke
|poke|p1|Clefable, M|
|poke|p1|Corviknight, M|
|poke|p1|Seismitoad, M|
|poke|p1|Hydreigon, F|
|poke|p1|Aegislash, M|
|poke|p1|Rotom-Heat|
|poke|p2|Dracovish|
|poke|p2|Cinderace, M|
|poke|p2|Tyranitar, F|
|poke|p2|Ferrothorn, M|
|poke|p2|Diggersby, F|
|poke|p2|Toxapex, F|
|rule|Dynamax Clause: You cannot dynamax
|teampreview
|inactive|Battle timer is ON: inactive players will automatically lose when time's up. (requested by demipods)
|
|start
|switch|p1a: Seismitoad|Seismitoad, M|100/100
|switch|p2a: Cinderace|Cinderace, M|100/100
|turn|1
|
|move|p2a: Cinderace|High Jump Kick|p1a: Seismitoad
|-damage|p1a: Seismitoad|71/100
|move|p1a: Seismitoad|Earthquake|p2a: Cinderace
|-supereffective|p2a: Cinderace
|-damage|p2a: Cinderace|23/100
|
|-heal|p1a: Seismitoad|77/100|[from] item: Leftovers
|upkeep
|turn|2
|
|move|p2a: Cinderace|U-turn|p1a: Seismitoad
|-damage|p1a: Seismitoad|62/100
|
|switch|p2a: Diggersby|Diggersby, F|100/100|[from]move: U-turn
|move|p1a: Seismitoad|Earthquake|p2a: Diggersby
|-damage|p2a: Diggersby|67/100
|
|-heal|p1a: Seismitoad|68/100|[from] item: Leftovers
|upkeep
|turn|3
|
|move|p2a: Diggersby|Body Slam|p1a: Seismitoad
|-damage|p1a: Seismitoad|7/100
|move|p1a: Seismitoad|Scald|p2a: Diggersby
|-supereffective|p2a: Diggersby
|-damage|p2a: Diggersby|1/100
|-status|p2a: Diggersby|brn
|
|-heal|p1a: Seismitoad|13/100|[from] item: Leftovers
|-damage|p2a: Diggersby|0 fnt|[from] brn
|faint|p2a: Diggersby
|upkeep
|
|switch|p2a: Cinderace|Cinderace, M|23/100
|turn|4
|
|move|p2a: Cinderace|Pyro Ball|p1a: Seismitoad
|-resisted|p1a: Seismitoad
|-damage|p1a: Seismitoad|0 fnt
|faint|p1a: Seismitoad
|
|upkeep
|
|switch|p1a: Hydreigon|Hydreigon, F|100/100
|turn|5
|
|move|p1a: Hydreigon|Dark Pulse|p2a: Cinderace
|-damage|p2a: Cinderace|0 fnt
|faint|p2a: Cinderace
|
|upkeep
|
|switch|p2a: Dracovish|Dracovish|100/100
|turn|6
|
|switch|p1a: Clefable|Clefable, M|100/100
|move|p2a: Dracovish|Fishious Rend|p1a: Clefable
|-damage|p1a: Clefable|0 fnt
|faint|p1a: Clefable
|
|upkeep
|
|switch|p1a: Hydreigon|Hydreigon, F|100/100
|turn|7
|
|switch|p2a: Ferrothorn|Ferrothorn, M|100/100
|move|p1a: Hydreigon|Draco Meteor|p2a: Ferrothorn|[miss]
|-miss|p1a: Hydreigon|p2a: Ferrothorn
|
|upkeep
|turn|8
|
|switch|p1a: Rotom|Rotom-Heat|100/100
|switch|p2a: Toxapex|Toxapex, F|100/100
|
|upkeep
|turn|9
|
|switch|p2a: Tyranitar|Tyranitar, F|100/100
|-weather|Sandstorm|[from] ability: Sand Stream|[of] p2a: Tyranitar
|move|p1a: Rotom|Volt Switch|p2a: Tyranitar
|-damage|p2a: Tyranitar|88/100
|
|switch|p1a: Aegislash|Aegislash, M|100/100|[from]move: Volt Switch
|
|-weather|Sandstorm|[upkeep]
|-heal|p2a: Tyranitar|94/100|[from] item: Leftovers
|upkeep
|turn|10
|
|-formechange|p1a: Aegislash|Aegislash-Blade||[from] ability: Stance Change
|move|p1a: Aegislash|Close Combat|p2a: Tyranitar
|-supereffective|p2a: Tyranitar
|-damage|p2a: Tyranitar|0 fnt
|-unboost|p1a: Aegislash|def|1
|-unboost|p1a: Aegislash|spd|1
|faint|p2a: Tyranitar
|
|-weather|Sandstorm|[upkeep]
|upkeep
|
|switch|p2a: Dracovish|Dracovish|100/100
|turn|11
|
|switch|p1a: Corviknight|Corviknight, M|100/100
|move|p2a: Dracovish|Fishious Rend|p1a: Corviknight
|-damage|p1a: Corviknight|0 fnt
|faint|p1a: Corviknight
|
|-weather|Sandstorm|[upkeep]
|-damage|p2a: Dracovish|94/100|[from] Sandstorm
|upkeep
|
|switch|p1a: Hydreigon|Hydreigon, F|100/100
|turn|12
|
|switch|p2a: Toxapex|Toxapex, F|100/100
|move|p1a: Hydreigon|Fire Blast|p2a: Toxapex
|-resisted|p2a: Toxapex
|-damage|p2a: Toxapex|87/100
|
|-weather|Sandstorm|[upkeep]
|-damage|p1a: Hydreigon|94/100|[from] Sandstorm
|-damage|p2a: Toxapex|81/100|[from] Sandstorm
|-heal|p2a: Toxapex|87/100|[from] item: Black Sludge
|upkeep
|turn|13
|
|switch|p1a: Aegislash|Aegislash, M|100/100
|switch|p2a: Dracovish|Dracovish|94/100
|
|-weather|none
|upkeep
|turn|14
|inactive|Tnx_Zenter has 120 seconds left.
|
|switch|p1a: Rotom|Rotom-Heat|100/100
|move|p2a: Dracovish|Fishious Rend|p1a: Rotom
|-supereffective|p1a: Rotom
|-damage|p1a: Rotom|0 fnt
|faint|p1a: Rotom
|
|upkeep
|
|switch|p1a: Hydreigon|Hydreigon, F|94/100
|turn|15
|
|switch|p1a: Aegislash|Aegislash, M|100/100
|switch|p2a: Ferrothorn|Ferrothorn, M|100/100
|
|upkeep
|turn|16
|
|-formechange|p1a: Aegislash|Aegislash-Blade||[from] ability: Stance Change
|move|p1a: Aegislash|Close Combat|p2a: Ferrothorn
|-supereffective|p2a: Ferrothorn
|-damage|p2a: Ferrothorn|0 fnt
|-damage|p1a: Aegislash|88/100|[from] ability: Iron Barbs|[of] p2a: Ferrothorn
|-unboost|p1a: Aegislash|def|1
|-unboost|p1a: Aegislash|spd|1
|faint|p2a: Ferrothorn
|
|upkeep
|
|switch|p2a: Dracovish|Dracovish|94/100
|turn|17
|
|move|p2a: Dracovish|Fishious Rend|p1a: Aegislash
|-damage|p1a: Aegislash|0 fnt
|faint|p1a: Aegislash
|
|upkeep
|
|switch|p1a: Hydreigon|Hydreigon, F|94/100
|turn|18
|
|switch|p2a: Toxapex|Toxapex, F|100/100
|move|p1a: Hydreigon|Dark Pulse|p2a: Toxapex
|-damage|p2a: Toxapex|73/100
|
|-heal|p2a: Toxapex|79/100|[from] item: Black Sludge
|upkeep
|turn|19
|c|☆Tnx_Zenter|il fait chaud là
|
|move|p1a: Hydreigon|Dark Pulse|p2a: Toxapex
|-damage|p2a: Toxapex|48/100
|move|p2a: Toxapex|Toxic|p1a: Hydreigon
|-status|p1a: Hydreigon|tox
|
|-heal|p2a: Toxapex|54/100|[from] item: Black Sludge
|-damage|p1a: Hydreigon|88/100 tox|[from] psn
|upkeep
|turn|20
|
|move|p1a: Hydreigon|Dark Pulse|p2a: Toxapex
|-damage|p2a: Toxapex|25/100
|cant|p2a: Toxapex|flinch
|
|-heal|p2a: Toxapex|32/100|[from] item: Black Sludge
|-damage|p1a: Hydreigon|76/100 tox|[from] psn
|upkeep
|turn|21
|
|move|p1a: Hydreigon|Dark Pulse|p2a: Toxapex
|-damage|p2a: Toxapex|1/100
|move|p2a: Toxapex|Recover|p2a: Toxapex
|-heal|p2a: Toxapex|51/100
|
|-heal|p2a: Toxapex|57/100|[from] item: Black Sludge
|-damage|p1a: Hydreigon|57/100 tox|[from] psn
|upkeep
|turn|22
|
|move|p1a: Hydreigon|Dark Pulse|p2a: Toxapex
|-damage|p2a: Toxapex|28/100
|move|p2a: Toxapex|Recover|p2a: Toxapex
|-heal|p2a: Toxapex|78/100
|
|-heal|p2a: Toxapex|85/100|[from] item: Black Sludge
|-damage|p1a: Hydreigon|33/100 tox|[from] psn
|upkeep
|turn|23
|-message|demipods forfeited.
|
|win|Tnx_Zenter
|l|☆demipods
|raw|demipods's rating: 1287 → 1256(-31 for losing)
|raw|Tnx_Zenter's rating: 1203 → 1234(+31 for winning)
