|ScrapeTime|2020-01-02-03:14:45
|j|☆4G3NC Benita Lord
|j|☆BrandyL
|player|p1|4G3NC Benita Lord|1|1489
|player|p2|BrandyL|265|1436
|teamsize|p1|6
|teamsize|p2|6
|gametype|singles
|gen|8
|tier|[Gen 8] OU
|rated|
|rule|Sleep Clause Mod: Limit one foe put to sleep
|rule|Species Clause: Limit one of each Pokémon
|rule|OHKO Clause: OHKO moves are banned
|rule|Evasion Moves Clause: Evasion moves are banned
|rule|Endless Battle Clause: Forcing endless battles is banned
|rule|HP Percentage Mod: HP is shown in percentages
|clearpoke
|poke|p1|Dracovish|
|poke|p1|Pelipper, F|
|poke|p1|Ferrothorn, F|
|poke|p1|Drednaw, M|
|poke|p1|Excadrill, F|
|poke|p1|Mantine, F|
|poke|p2|Dragapult, M|
|poke|p2|Hatterene, F|
|poke|p2|Aegislash, F|
|poke|p2|Toxapex, M|
|poke|p2|Ferrothorn, M|
|poke|p2|Cinderace, M|
|rule|Dynamax Clause: You cannot dynamax
|teampreview
|
|start
|switch|p1a: Excadrill|Excadrill, F|100/100
|switch|p2a: Aegislash|Aegislash, F|100/100
|-ability|p1a: Excadrill|Mold Breaker
|turn|1
|
|switch|p1a: Drednaw|Drednaw, M|100/100
|-formechange|p2a: Aegislash|Aegislash-Blade||[from] ability: Stance Change
|move|p2a: Aegislash|Shadow Ball|p1a: Drednaw
|-damage|p1a: Drednaw|0 fnt
|faint|p1a: Drednaw
|
|upkeep
|
|switch|p1a: Excadrill|Excadrill, F|100/100
|-ability|p1a: Excadrill|Mold Breaker
|turn|2
|
|switch|p2a: Ferrothorn|Ferrothorn, M|100/100
|move|p1a: Excadrill|Earthquake|p2a: Ferrothorn
|-damage|p2a: Ferrothorn|67/100
|
|-heal|p2a: Ferrothorn|74/100|[from] item: Leftovers
|upkeep
|turn|3
|
|switch|p1a: Ferrothorn|Ferrothorn, F|100/100
|move|p2a: Ferrothorn|Leech Seed|p1a: Ferrothorn
|-immune|p1a: Ferrothorn
|
|-heal|p2a: Ferrothorn|80/100|[from] item: Leftovers
|upkeep
|turn|4
|
|switch|p1a: Excadrill|Excadrill, F|100/100
|-ability|p1a: Excadrill|Mold Breaker
|switch|p2a: Cinderace|Cinderace, M|100/100
|
|upkeep
|turn|5
|
|move|p1a: Excadrill|Earthquake|p2a: Cinderace
|-supereffective|p2a: Cinderace
|-damage|p2a: Cinderace|0 fnt
|faint|p2a: Cinderace
|
|upkeep
|
|switch|p2a: Ferrothorn|Ferrothorn, M|80/100
|turn|6
|
|switch|p1a: Ferrothorn|Ferrothorn, F|100/100
|switch|p2a: Aegislash|Aegislash, F|100/100
|
|upkeep
|turn|7
|
|-formechange|p2a: Aegislash|Aegislash-Blade||[from] ability: Stance Change
|move|p2a: Aegislash|Shadow Ball|p1a: Ferrothorn
|-damage|p1a: Ferrothorn|42/100
|-unboost|p1a: Ferrothorn|spd|1
|move|p1a: Ferrothorn|Knock Off|p2a: Aegislash
|-supereffective|p2a: Aegislash
|-damage|p2a: Aegislash|1/100
|-enditem|p2a: Aegislash|Choice Specs|[from] move: Knock Off|[of] p1a: Ferrothorn
|
|-heal|p1a: Ferrothorn|49/100|[from] item: Leftovers
|upkeep
|turn|8
|
|switch|p1a: Mantine|Mantine, F|100/100
|move|p2a: Aegislash|Shadow Ball|p1a: Mantine
|-damage|p1a: Mantine|58/100
|
|upkeep
|turn|9
|
|switch|p2a: Toxapex|Toxapex, M|100/100
|move|p1a: Mantine|Air Slash|p2a: Toxapex
|-crit|p2a: Toxapex
|-damage|p2a: Toxapex|45/100
|
|-heal|p2a: Toxapex|51/100|[from] item: Black Sludge
|upkeep
|turn|10
|
|move|p1a: Mantine|Air Slash|p2a: Toxapex
|-damage|p2a: Toxapex|14/100
|move|p2a: Toxapex|Recover|p2a: Toxapex
|-heal|p2a: Toxapex|64/100
|
|-heal|p2a: Toxapex|70/100|[from] item: Black Sludge
|upkeep
|turn|11
|
|switch|p2a: Aegislash|Aegislash, F|1/100
|move|p1a: Mantine|Air Slash|p2a: Aegislash
|-resisted|p2a: Aegislash
|-damage|p2a: Aegislash|0 fnt
|faint|p2a: Aegislash
|
|upkeep
|
|switch|p2a: Dragapult|Dragapult, M|100/100
|turn|12
|
|switch|p1a: Dracovish|Dracovish|100/100
|move|p2a: Dragapult|Dragon Darts|p1a: Dracovish
|-supereffective|p1a: Dracovish
|-damage|p1a: Dracovish|18/100
|-supereffective|p1a: Dracovish
|-damage|p1a: Dracovish|0 fnt
|-hitcount|p1a: Dracovish|2
|faint|p1a: Dracovish
|
|upkeep
|
|switch|p1a: Excadrill|Excadrill, F|100/100
|-ability|p1a: Excadrill|Mold Breaker
|turn|13
|
|switch|p2a: Ferrothorn|Ferrothorn, M|80/100
|move|p1a: Excadrill|Earthquake|p2a: Ferrothorn
|-crit|p2a: Ferrothorn
|-damage|p2a: Ferrothorn|35/100
|
|-heal|p2a: Ferrothorn|41/100|[from] item: Leftovers
|upkeep
|turn|14
|
|move|p1a: Excadrill|Earthquake|p2a: Ferrothorn
|-damage|p2a: Ferrothorn|10/100
|move|p2a: Ferrothorn|Leech Seed|p1a: Excadrill
|-start|p1a: Excadrill|move: Leech Seed
|
|-heal|p2a: Ferrothorn|16/100|[from] item: Leftovers
|-damage|p1a: Excadrill|88/100|[from] Leech Seed|[of] p2a: Ferrothorn
|-heal|p2a: Ferrothorn|29/100|[silent]
|upkeep
|turn|15
|
|move|p2a: Ferrothorn|Protect|p2a: Ferrothorn
|-singleturn|p2a: Ferrothorn|Protect
|move|p1a: Excadrill|Earthquake|p2a: Ferrothorn
|-activate|p2a: Ferrothorn|move: Protect
|
|-heal|p2a: Ferrothorn|35/100|[from] item: Leftovers
|-damage|p1a: Excadrill|76/100|[from] Leech Seed|[of] p2a: Ferrothorn
|-heal|p2a: Ferrothorn|48/100|[silent]
|upkeep
|turn|16
|
|switch|p1a: Ferrothorn|Ferrothorn, F|49/100
|move|p2a: Ferrothorn|Leech Seed|p1a: Ferrothorn
|-immune|p1a: Ferrothorn
|
|-heal|p1a: Ferrothorn|55/100|[from] item: Leftovers
|-heal|p2a: Ferrothorn|54/100|[from] item: Leftovers
|upkeep
|turn|17
|
|switch|p2a: Hatterene|Hatterene, F|100/100
|move|p1a: Ferrothorn|Knock Off|p2a: Hatterene
|-damage|p2a: Hatterene|84/100
|-enditem|p2a: Hatterene|Leftovers|[from] move: Knock Off|[of] p1a: Ferrothorn
|
|-heal|p1a: Ferrothorn|61/100|[from] item: Leftovers
|upkeep
|turn|18
|
|switch|p1a: Pelipper|Pelipper, F|100/100
|-weather|RainDance|[from] ability: Drizzle|[of] p1a: Pelipper
|move|p2a: Hatterene|Mystical Fire|p1a: Pelipper
|-resisted|p1a: Pelipper
|-damage|p1a: Pelipper|92/100
|-unboost|p1a: Pelipper|spa|1
|
|-weather|RainDance|[upkeep]
|upkeep
|turn|19
|
|move|p1a: Pelipper|U-turn|p2a: Hatterene
|-damage|p2a: Hatterene|78/100
|
|switch|p1a: Excadrill|Excadrill, F|76/100|[from]move: U-turn
|-ability|p1a: Excadrill|Mold Breaker
|move|p2a: Hatterene|Mystical Fire|p1a: Excadrill
|-supereffective|p1a: Excadrill
|-damage|p1a: Excadrill|48/100
|-unboost|p1a: Excadrill|spa|1
|
|-weather|RainDance|[upkeep]
|upkeep
|turn|20
|
|move|p1a: Excadrill|Earthquake|p2a: Hatterene
|-damage|p2a: Hatterene|33/100
|move|p2a: Hatterene|Psychic|p1a: Excadrill
|-resisted|p1a: Excadrill
|-damage|p1a: Excadrill|20/100
|-unboost|p1a: Excadrill|spd|1
|
|-weather|RainDance|[upkeep]
|upkeep
|turn|21
|
|move|p1a: Excadrill|Earthquake|p2a: Hatterene
|-damage|p2a: Hatterene|0 fnt
|faint|p2a: Hatterene
|
|-weather|RainDance|[upkeep]
|upkeep
|
|switch|p2a: Ferrothorn|Ferrothorn, M|54/100
|turn|22
|
|switch|p1a: Ferrothorn|Ferrothorn, F|61/100
|switch|p2a: Dragapult|Dragapult, M|100/100
|
|-weather|RainDance|[upkeep]
|-heal|p1a: Ferrothorn|67/100|[from] item: Leftovers
|upkeep
|turn|23
|
|move|p2a: Dragapult|Phantom Force||[still]
|-prepare|p2a: Dragapult|Phantom Force|p1a: Ferrothorn
|move|p1a: Ferrothorn|Knock Off|p2a: Dragapult|[miss]
|-miss|p1a: Ferrothorn|p2a: Dragapult
|
|-weather|RainDance|[upkeep]
|-heal|p1a: Ferrothorn|74/100|[from] item: Leftovers
|upkeep
|turn|24
|
|switch|p1a: Pelipper|Pelipper, F|92/100
|move|p2a: Dragapult|Phantom Force|p1a: Pelipper|[from]lockedmove
|-damage|p1a: Pelipper|33/100
|
|-weather|RainDance|[upkeep]
|upkeep
|turn|25
|
|move|p2a: Dragapult|Phantom Force||[still]
|-prepare|p2a: Dragapult|Phantom Force|p1a: Pelipper
|move|p1a: Pelipper|Roost|p1a: Pelipper
|-heal|p1a: Pelipper|83/100
|-singleturn|p1a: Pelipper|move: Roost
|
|-weather|none
|upkeep
|turn|26
|
|move|p2a: Dragapult|Phantom Force|p1a: Pelipper|[from]lockedmove
|-damage|p1a: Pelipper|26/100
|move|p1a: Pelipper|Roost|p1a: Pelipper
|-heal|p1a: Pelipper|76/100
|-singleturn|p1a: Pelipper|move: Roost
|
|upkeep
|turn|27
|
|switch|p2a: Ferrothorn|Ferrothorn, M|54/100
|move|p1a: Pelipper|Roost|p1a: Pelipper
|-heal|p1a: Pelipper|100/100
|-singleturn|p1a: Pelipper|move: Roost
|
|-heal|p2a: Ferrothorn|60/100|[from] item: Leftovers
|upkeep
|turn|28
|
|switch|p2a: Dragapult|Dragapult, M|100/100
|move|p1a: Pelipper|Knock Off|p2a: Dragapult
|-supereffective|p2a: Dragapult
|-damage|p2a: Dragapult|76/100
|-enditem|p2a: Dragapult|Choice Band|[from] move: Knock Off|[of] p1a: Pelipper
|
|upkeep
|turn|29
|
|move|p2a: Dragapult|Dragon Darts|p1a: Pelipper
|-damage|p1a: Pelipper|79/100
|-damage|p1a: Pelipper|59/100
|-hitcount|p1a: Pelipper|2
|move|p1a: Pelipper|Scald|p2a: Dragapult
|-resisted|p2a: Dragapult
|-damage|p2a: Dragapult|59/100
|-status|p2a: Dragapult|brn
|
|-damage|p2a: Dragapult|53/100 brn|[from] brn
|upkeep
|turn|30
|-message|BrandyL forfeited.
|
|win|4G3NC Benita Lord
|l|☆BrandyL
