|ScrapeTime|2020-01-01-19:04:55
|j|☆RTTT lele
|j|☆tonyeffe777sk
|player|p1|RTTT lele|226|1380
|player|p2|tonyeffe777sk|brawly|1369
|teamsize|p1|6
|teamsize|p2|6
|gametype|singles
|gen|8
|tier|[Gen 8] OU
|rated|
|rule|Sleep Clause Mod: Limit one foe put to sleep
|rule|Species Clause: Limit one of each Pokémon
|rule|OHKO Clause: OHKO moves are banned
|rule|Evasion Moves Clause: Evasion moves are banned
|rule|Endless Battle Clause: Forcing endless battles is banned
|rule|HP Percentage Mod: HP is shown in percentages
|clearpoke
|poke|p1|Toxapex, F|
|poke|p1|Hydreigon, F|
|poke|p1|Corviknight, M|
|poke|p1|Clefable, M|
|poke|p1|Conkeldurr, F|
|poke|p1|Dracozolt|
|poke|p2|Cinderace, F|
|poke|p2|Ferrothorn, M|
|poke|p2|Ditto|
|poke|p2|Dracovish|
|poke|p2|Aegislash, F|
|poke|p2|Toxapex, M|
|rule|Dynamax Clause: You cannot dynamax
|teampreview
|inactive|Battle timer is ON: inactive players will automatically lose when time's up. (requested by RTTT lele)
|
|start
|switch|p1a: Hydreigon|Hydreigon, F|100/100
|switch|p2a: Cinderace|Cinderace, F|100/100
|turn|1
|
|move|p1a: Hydreigon|U-turn|p2a: Cinderace
|-resisted|p2a: Cinderace
|-damage|p2a: Cinderace|89/100
|
|switch|p1a: Toxapex|Toxapex, F|100/100|[from]move: U-turn
|move|p2a: Cinderace|High Jump Kick|p1a: Toxapex
|-resisted|p1a: Toxapex
|-damage|p1a: Toxapex|87/100
|
|-heal|p1a: Toxapex|94/100|[from] item: Black Sludge
|upkeep
|turn|2
|
|switch|p2a: Dracovish|Dracovish|100/100
|move|p1a: Toxapex|Scald|p2a: Dracovish
|-resisted|p2a: Dracovish
|-damage|p2a: Dracovish|96/100
|-status|p2a: Dracovish|brn
|
|-heal|p1a: Toxapex|99/100|[from] item: Black Sludge
|-damage|p2a: Dracovish|89/100 brn|[from] brn
|upkeep
|turn|3
|
|move|p2a: Dracovish|Psychic Fangs|p1a: Toxapex
|-supereffective|p1a: Toxapex
|-damage|p1a: Toxapex|67/100
|move|p1a: Toxapex|Toxic Spikes|p2a: Dracovish
|-sidestart|p2: tonyeffe777sk|move: Toxic Spikes
|
|-heal|p1a: Toxapex|74/100|[from] item: Black Sludge
|-damage|p2a: Dracovish|83/100 brn|[from] brn
|upkeep
|turn|4
|
|switch|p2a: Toxapex|Toxapex, M|100/100
|-sideend|p2: tonyeffe777sk|move: Toxic Spikes|[of] p2a: Toxapex
|move|p1a: Toxapex|Scald|p2a: Toxapex
|-resisted|p2a: Toxapex
|-damage|p2a: Toxapex|96/100
|
|-heal|p1a: Toxapex|80/100|[from] item: Black Sludge
|-heal|p2a: Toxapex|100/100|[from] item: Black Sludge
|upkeep
|turn|5
|
|switch|p1a: Conkeldurr|Conkeldurr, F|100/100
|move|p2a: Toxapex|Toxic Spikes|p1a: Conkeldurr
|-sidestart|p1: RTTT lele|move: Toxic Spikes
|
|-status|p1a: Conkeldurr|brn|[from] item: Flame Orb
|upkeep
|turn|6
|
|move|p1a: Conkeldurr|Earthquake|p2a: Toxapex
|-supereffective|p2a: Toxapex
|-damage|p2a: Toxapex|13/100
|move|p2a: Toxapex|Scald|p1a: Conkeldurr
|-damage|p1a: Conkeldurr|78/100 brn
|
|-heal|p2a: Toxapex|19/100|[from] item: Black Sludge
|-damage|p1a: Conkeldurr|72/100 brn|[from] brn
|upkeep
|turn|7
|
|switch|p2a: Dracovish|Dracovish|83/100 brn
|move|p1a: Conkeldurr|Drain Punch|p2a: Dracovish
|-damage|p2a: Dracovish|11/100 brn
|-heal|p1a: Conkeldurr|100/100 brn|[from] drain|[of] p2a: Dracovish
|
|-damage|p2a: Dracovish|5/100 brn|[from] brn
|-damage|p1a: Conkeldurr|94/100 brn|[from] brn
|upkeep
|turn|8
|
|move|p1a: Conkeldurr|Mach Punch|p2a: Dracovish
|-damage|p2a: Dracovish|0 fnt
|faint|p2a: Dracovish
|
|-damage|p1a: Conkeldurr|88/100 brn|[from] brn
|upkeep
|inactive|tonyeffe777sk has 120 seconds left.
|l|☆tonyeffe777sk
|inactive|tonyeffe777sk disconnected and has a minute to reconnect!
|player|p2|
|c|☆RTTT lele|coward
|j|☆tonyeffe777sk
|inactive|tonyeffe777sk reconnected and has 110 seconds left.
|player|p2|tonyeffe777sk|brawly
|l|☆tonyeffe777sk
|inactive|tonyeffe777sk disconnected and has a minute to reconnect!
|player|p2|
|inactive|tonyeffe777sk has 30 seconds to reconnect!
|inactive|tonyeffe777sk has 20 seconds to reconnect!
|inactive|tonyeffe777sk has 15 seconds to reconnect!
|inactive|tonyeffe777sk has 10 seconds to reconnect!
|inactive|tonyeffe777sk has 5 seconds to reconnect!
|-message|tonyeffe777sk lost due to inactivity.
|
|win|RTTT lele
|raw|RTTT lele's rating: 1380 → 1400(+20 for winning)
|raw|tonyeffe777sk's rating: 1369 → 1350(-19 for losing)
