|ScrapeTime|2020-01-02-05:35:47
|j|☆Whitehen
|j|☆seanisghey
|player|p1|Whitehen|170|1327
|player|p2|seanisghey|gardenia|1321
|teamsize|p1|6
|teamsize|p2|6
|gametype|singles
|gen|8
|tier|[Gen 8] OU
|rated|
|rule|Sleep Clause Mod: Limit one foe put to sleep
|rule|Species Clause: Limit one of each Pokémon
|rule|OHKO Clause: OHKO moves are banned
|rule|Evasion Moves Clause: Evasion moves are banned
|rule|Endless Battle Clause: Forcing endless battles is banned
|rule|HP Percentage Mod: HP is shown in percentages
|clearpoke
|poke|p1|Mamoswine, F|
|poke|p1|Excadrill, M|
|poke|p1|Gyarados, M|
|poke|p1|Cinderace, M|
|poke|p1|Dragapult, M|
|poke|p1|Aegislash, M|
|poke|p2|Ribombee, F|
|poke|p2|Dracozolt|
|poke|p2|Bisharp, M|
|poke|p2|Ferrothorn, F|
|poke|p2|Excadrill, F|
|poke|p2|Vaporeon, M|
|rule|Dynamax Clause: You cannot dynamax
|teampreview
|inactive|Battle timer is ON: inactive players will automatically lose when time's up. (requested by seanisghey)
|
|start
|switch|p1a: Mamoswine|Mamoswine, F|100/100
|switch|p2a: Dracozolt|Dracozolt|100/100
|turn|1
|
|switch|p2a: Ferrothorn|Ferrothorn, F|100/100
|move|p1a: Mamoswine|Earthquake|p2a: Ferrothorn
|-damage|p2a: Ferrothorn|71/100
|
|upkeep
|turn|2
|
|move|p1a: Mamoswine|Stealth Rock|p2a: Ferrothorn
|-sidestart|p2: seanisghey|move: Stealth Rock
|move|p2a: Ferrothorn|Knock Off|p1a: Mamoswine
|-damage|p1a: Mamoswine|75/100
|-enditem|p1a: Mamoswine|Focus Sash|[from] move: Knock Off|[of] p2a: Ferrothorn
|
|upkeep
|turn|3
|
|move|p1a: Mamoswine|Earthquake|p2a: Ferrothorn
|-damage|p2a: Ferrothorn|39/100
|move|p2a: Ferrothorn|Stealth Rock|p1a: Mamoswine
|-sidestart|p1: Whitehen|move: Stealth Rock
|
|upkeep
|turn|4
|
|move|p1a: Mamoswine|Earthquake|p2a: Ferrothorn
|-damage|p2a: Ferrothorn|8/100
|move|p2a: Ferrothorn|Spikes|p1a: Mamoswine
|-sidestart|p1: Whitehen|Spikes
|
|upkeep
|turn|5
|
|move|p2a: Ferrothorn|Protect|p2a: Ferrothorn
|-singleturn|p2a: Ferrothorn|Protect
|move|p1a: Mamoswine|Earthquake|p2a: Ferrothorn
|-activate|p2a: Ferrothorn|move: Protect
|
|upkeep
|turn|6
|
|switch|p2a: Vaporeon|Vaporeon, M|100/100
|-damage|p2a: Vaporeon|88/100|[from] Stealth Rock
|move|p1a: Mamoswine|Earthquake|p2a: Vaporeon
|-damage|p2a: Vaporeon|50/100
|
|-heal|p2a: Vaporeon|56/100|[from] item: Leftovers
|upkeep
|turn|7
|
|move|p1a: Mamoswine|Earthquake|p2a: Vaporeon
|-damage|p2a: Vaporeon|20/100
|move|p2a: Vaporeon|Scald|p1a: Mamoswine
|-supereffective|p1a: Mamoswine
|-damage|p1a: Mamoswine|0 fnt
|faint|p1a: Mamoswine
|
|-heal|p2a: Vaporeon|26/100|[from] item: Leftovers
|upkeep
|
|switch|p1a: Aegislash|Aegislash, M|100/100
|-damage|p1a: Aegislash|88/100|[from] Spikes
|-damage|p1a: Aegislash|82/100|[from] Stealth Rock
|turn|8
|
|move|p1a: Aegislash|King's Shield|p1a: Aegislash
|-singleturn|p1a: Aegislash|Protect
|move|p2a: Vaporeon|Wish|p2a: Vaporeon
|
|-heal|p2a: Vaporeon|33/100|[from] item: Leftovers
|upkeep
|turn|9
|
|move|p2a: Vaporeon|Protect|p2a: Vaporeon
|-singleturn|p2a: Vaporeon|Protect
|move|p1a: Aegislash|Swords Dance|p1a: Aegislash
|-boost|p1a: Aegislash|atk|2
|
|-heal|p2a: Vaporeon|83/100|[from] move: Wish|[wisher] Vaporeon
|-heal|p2a: Vaporeon|89/100|[from] item: Leftovers
|upkeep
|turn|10
|
|move|p2a: Vaporeon|Scald|p1a: Aegislash
|-damage|p1a: Aegislash|59/100
|move|p1a: Aegislash|Swords Dance|p1a: Aegislash
|-boost|p1a: Aegislash|atk|2
|
|-heal|p2a: Vaporeon|95/100|[from] item: Leftovers
|upkeep
|turn|11
|
|move|p2a: Vaporeon|Scald|p1a: Aegislash
|-damage|p1a: Aegislash|36/100
|-status|p1a: Aegislash|brn
|-formechange|p1a: Aegislash|Aegislash-Blade||[from] ability: Stance Change
|move|p1a: Aegislash|Sacred Sword|p2a: Vaporeon
|-damage|p2a: Vaporeon|58/100
|
|-heal|p2a: Vaporeon|65/100|[from] item: Leftovers
|-damage|p1a: Aegislash|30/100 brn|[from] brn
|upkeep
|turn|12
|
|move|p1a: Aegislash|Shadow Sneak|p2a: Vaporeon
|-damage|p2a: Vaporeon|38/100
|move|p2a: Vaporeon|Scald|p1a: Aegislash
|-damage|p1a: Aegislash|0 fnt
|faint|p1a: Aegislash
|
|-heal|p2a: Vaporeon|44/100|[from] item: Leftovers
|upkeep
|
|switch|p1a: Excadrill|Excadrill, M|100/100
|-damage|p1a: Excadrill|88/100|[from] Spikes
|-damage|p1a: Excadrill|85/100|[from] Stealth Rock
|-ability|p1a: Excadrill|Mold Breaker
|turn|13
|
|move|p1a: Excadrill|Earthquake|p2a: Vaporeon
|-damage|p2a: Vaporeon|8/100
|move|p2a: Vaporeon|Scald|p1a: Excadrill
|-supereffective|p1a: Excadrill
|-damage|p1a: Excadrill|4/100
|
|-heal|p2a: Vaporeon|14/100|[from] item: Leftovers
|upkeep
|turn|14
|
|switch|p2a: Ferrothorn|Ferrothorn, F|8/100
|-damage|p2a: Ferrothorn|2/100|[from] Stealth Rock
|move|p1a: Excadrill|Earthquake|p2a: Ferrothorn
|-damage|p2a: Ferrothorn|0 fnt
|faint|p2a: Ferrothorn
|
|upkeep
|
|switch|p2a: Excadrill|Excadrill, F|100/100
|-damage|p2a: Excadrill|97/100|[from] Stealth Rock
|-ability|p2a: Excadrill|Mold Breaker
|-item|p2a: Excadrill|Air Balloon
|turn|15
|
|move|p1a: Excadrill|Earthquake|p2a: Excadrill
|-immune|p2a: Excadrill
|move|p2a: Excadrill|Rapid Spin|p1a: Excadrill
|-resisted|p1a: Excadrill
|-damage|p1a: Excadrill|0 fnt
|-sideend|p2: seanisghey|Stealth Rock|[from] move: Rapid Spin|[of] p2a: Excadrill
|-boost|p2a: Excadrill|spe|1
|faint|p1a: Excadrill
|
|upkeep
|
|switch|p1a: Gyarados|Gyarados, M|100/100
|-damage|p1a: Gyarados|76/100|[from] Stealth Rock
|turn|16
|
|move|p2a: Excadrill|Rock Slide|p1a: Gyarados
|-supereffective|p1a: Gyarados
|-damage|p1a: Gyarados|1/100
|cant|p1a: Gyarados|flinch
|
|upkeep
|turn|17
|
|move|p2a: Excadrill|Iron Head|p1a: Gyarados
|-resisted|p1a: Gyarados
|-damage|p1a: Gyarados|0 fnt
|faint|p1a: Gyarados
|
|upkeep
|
|switch|p1a: Dragapult|Dragapult, M|100/100
|-damage|p1a: Dragapult|88/100|[from] Stealth Rock
|-damage|p1a: Dragapult|76/100|[from] Spikes
|turn|18
|
|move|p2a: Excadrill|Earthquake|p1a: Dragapult
|-damage|p1a: Dragapult|0 fnt
|faint|p1a: Dragapult
|
|upkeep
|-message|Whitehen forfeited.
|
|win|seanisghey
|l|☆Whitehen
|raw|Whitehen's rating: 1327 → 1307(-20 for losing)
|raw|seanisghey's rating: 1321 → 1342(+21 for winning)
