|ScrapeTime|2020-01-01-17:45:32
|j|☆ErsGuterZokka
|j|☆Babby Yoda
|player|p1|ErsGuterZokka|cyrus|1361
|player|p2|Babby Yoda|101|1328
|teamsize|p1|6
|teamsize|p2|6
|gametype|singles
|gen|8
|tier|[Gen 8] OU
|rated|
|rule|Sleep Clause Mod: Limit one foe put to sleep
|rule|Species Clause: Limit one of each Pokémon
|rule|OHKO Clause: OHKO moves are banned
|rule|Evasion Moves Clause: Evasion moves are banned
|rule|Endless Battle Clause: Forcing endless battles is banned
|rule|HP Percentage Mod: HP is shown in percentages
|clearpoke
|poke|p1|Tyranitar, M|
|poke|p1|Ditto|
|poke|p1|Rotom-Mow|
|poke|p1|Machamp, F|
|poke|p1|Vaporeon, F|
|poke|p1|Cinderace, M|
|poke|p2|Seismitoad, F|
|poke|p2|Corsola-Galar, F|
|poke|p2|Snorlax, F|
|poke|p2|Hatterene, F|
|poke|p2|Dragapult, F|
|poke|p2|Conkeldurr, F|
|rule|Dynamax Clause: You cannot dynamax
|teampreview
|inactive|Battle timer is ON: inactive players will automatically lose when time's up. (requested by Babby Yoda)
|
|start
|switch|p1a: Machamp|Machamp, F|100/100
|switch|p2a: Seismitoad|Seismitoad, F|100/100
|turn|1
|
|move|p2a: Seismitoad|Toxic|p1a: Machamp
|-status|p1a: Machamp|tox
|move|p1a: Machamp|Close Combat|p2a: Seismitoad
|-damage|p2a: Seismitoad|0 fnt
|-unboost|p1a: Machamp|def|1
|-unboost|p1a: Machamp|spd|1
|faint|p2a: Seismitoad
|
|-damage|p1a: Machamp|94/100 tox|[from] psn
|upkeep
|
|switch|p2a: Corsola|Corsola-Galar, F|100/100
|turn|2
|
|switch|p1a: Cinderace|Cinderace, M|100/100
|move|p2a: Corsola|Will-O-Wisp|p1a: Cinderace
|-immune|p1a: Cinderace
|
|upkeep
|turn|3
|
|move|p1a: Cinderace|Pyro Ball|p2a: Corsola
|-damage|p2a: Corsola|73/100
|move|p2a: Corsola|Night Shade|p1a: Cinderace
|-damage|p1a: Cinderace|67/100
|
|upkeep
|turn|4
|
|move|p1a: Cinderace|U-turn|p2a: Corsola
|-resisted|p2a: Corsola
|-damage|p2a: Corsola|67/100
|
|switch|p1a: Machamp|Machamp, F|94/100 tox|[from]move: U-turn
|move|p2a: Corsola|Strength Sap|p1a: Machamp
|-unboost|p1a: Machamp|atk|1
|-heal|p2a: Corsola|100/100
|
|-damage|p1a: Machamp|88/100 tox|[from] psn
|upkeep
|turn|5
|
|move|p1a: Machamp|Darkest Lariat|p2a: Corsola
|-supereffective|p2a: Corsola
|-damage|p2a: Corsola|55/100
|move|p2a: Corsola|Night Shade|p1a: Machamp
|-damage|p1a: Machamp|62/100 tox
|
|-damage|p1a: Machamp|50/100 tox|[from] psn
|upkeep
|turn|6
|
|switch|p1a: Cinderace|Cinderace, M|67/100
|move|p2a: Corsola|Strength Sap|p1a: Cinderace
|-unboost|p1a: Cinderace|atk|1
|-heal|p2a: Corsola|100/100
|
|upkeep
|turn|7
|
|move|p1a: Cinderace|Pyro Ball|p2a: Corsola
|-damage|p2a: Corsola|81/100
|move|p2a: Corsola|Night Shade|p1a: Cinderace
|-damage|p1a: Cinderace|34/100
|
|upkeep
|turn|8
|
|move|p1a: Cinderace|U-turn|p2a: Corsola
|-resisted|p2a: Corsola
|-damage|p2a: Corsola|77/100
|-start|p1a: Cinderace|Disable|U-turn|[from] ability: Cursed Body|[of] p2a: Corsola
|
|switch|p1a: Rotom|Rotom-Mow|100/100|[from]move: U-turn
|move|p2a: Corsola|Night Shade|p1a: Rotom
|-damage|p1a: Rotom|59/100
|
|upkeep
|turn|9
|
|move|p1a: Rotom|Trick|p2a: Corsola
|-activate|p1a: Rotom|move: Trick|[of] p2a: Corsola
|-item|p2a: Corsola|Choice Specs|[from] move: Trick
|-item|p1a: Rotom|Eviolite|[from] move: Trick
|move|p2a: Corsola|Haze|p2a: Corsola
|-clearallboost
|
|upkeep
|turn|10
|
|switch|p2a: Snorlax|Snorlax, F|100/100
|move|p1a: Rotom|Volt Switch|p2a: Snorlax
|-damage|p2a: Snorlax|87/100
|
|switch|p1a: Machamp|Machamp, F|50/100 tox|[from]move: Volt Switch
|
|-heal|p2a: Snorlax|93/100|[from] item: Leftovers
|-damage|p1a: Machamp|44/100 tox|[from] psn
|upkeep
|turn|11
|
|switch|p2a: Corsola|Corsola-Galar, F|77/100
|move|p1a: Machamp|Close Combat|p2a: Corsola
|-immune|p2a: Corsola
|
|-damage|p1a: Machamp|32/100 tox|[from] psn
|upkeep
|turn|12
|
|switch|p1a: Vaporeon|Vaporeon, F|100/100
|move|p2a: Corsola|Night Shade|p1a: Vaporeon
|-damage|p1a: Vaporeon|79/100
|
|-heal|p1a: Vaporeon|85/100|[from] item: Leftovers
|upkeep
|turn|13
|
|switch|p2a: Hatterene|Hatterene, F|100/100
|move|p1a: Vaporeon|Wish|p1a: Vaporeon
|
|-heal|p1a: Vaporeon|91/100|[from] item: Leftovers
|upkeep
|turn|14
|
|switch|p1a: Rotom|Rotom-Mow|59/100
|move|p2a: Hatterene|Trick Room|p2a: Hatterene
|-fieldstart|move: Trick Room|[of] p2a: Hatterene
|
|-heal|p1a: Rotom|100/100|[from] move: Wish|[wisher] Vaporeon
|upkeep
|turn|15
|
|move|p2a: Hatterene|Mystical Fire|p1a: Rotom
|-supereffective|p1a: Rotom
|-damage|p1a: Rotom|26/100
|-unboost|p1a: Rotom|spa|1
|move|p1a: Rotom|Volt Switch|p2a: Hatterene
|-damage|p2a: Hatterene|78/100
|
|switch|p1a: Vaporeon|Vaporeon, F|91/100|[from]move: Volt Switch
|
|-heal|p2a: Hatterene|84/100|[from] item: Leftovers
|-heal|p1a: Vaporeon|98/100|[from] item: Leftovers
|upkeep
|turn|16
|
|move|p2a: Hatterene|Psychic|p1a: Vaporeon
|-damage|p1a: Vaporeon|56/100
|move|p1a: Vaporeon|Scald|p2a: Hatterene
|-damage|p2a: Hatterene|52/100
|-status|p2a: Hatterene|brn
|
|-heal|p2a: Hatterene|58/100 brn|[from] item: Leftovers
|-heal|p1a: Vaporeon|63/100|[from] item: Leftovers
|-damage|p2a: Hatterene|52/100 brn|[from] brn
|upkeep
|turn|17
|
|move|p1a: Vaporeon|Protect|p1a: Vaporeon
|-singleturn|p1a: Vaporeon|Protect
|move|p2a: Hatterene|Psychic|p1a: Vaporeon
|-activate|p1a: Vaporeon|move: Protect
|
|-heal|p2a: Hatterene|58/100 brn|[from] item: Leftovers
|-heal|p1a: Vaporeon|69/100|[from] item: Leftovers
|-damage|p2a: Hatterene|52/100 brn|[from] brn
|upkeep
|turn|18
|
|move|p2a: Hatterene|Psychic|p1a: Vaporeon
|-damage|p1a: Vaporeon|27/100
|move|p1a: Vaporeon|Wish|p1a: Vaporeon
|
|-heal|p2a: Hatterene|58/100 brn|[from] item: Leftovers
|-heal|p1a: Vaporeon|34/100|[from] item: Leftovers
|-damage|p2a: Hatterene|52/100 brn|[from] brn
|-fieldend|move: Trick Room
|upkeep
|turn|19
|
|switch|p2a: Dragapult|Dragapult, F|100/100
|move|p1a: Vaporeon|Protect||[still]
|-fail|p1a: Vaporeon
|
|-heal|p1a: Vaporeon|84/100|[from] move: Wish|[wisher] Vaporeon
|-heal|p1a: Vaporeon|90/100|[from] item: Leftovers
|upkeep
|turn|20
|
|switch|p1a: Tyranitar|Tyranitar, M|100/100
|-weather|Sandstorm|[from] ability: Sand Stream|[of] p1a: Tyranitar
|move|p2a: Dragapult|Substitute|p2a: Dragapult
|-start|p2a: Dragapult|Substitute
|-damage|p2a: Dragapult|76/100
|
|-weather|Sandstorm|[upkeep]
|-damage|p2a: Dragapult|70/100|[from] Sandstorm
|-heal|p2a: Dragapult|76/100|[from] item: Leftovers
|upkeep
|turn|21
|
|switch|p2a: Conkeldurr|Conkeldurr, F|100/100
|move|p1a: Tyranitar|Crunch|p2a: Conkeldurr
|-resisted|p2a: Conkeldurr
|-damage|p2a: Conkeldurr|79/100
|
|-weather|Sandstorm|[upkeep]
|-damage|p2a: Conkeldurr|73/100|[from] Sandstorm
|-status|p2a: Conkeldurr|brn|[from] item: Flame Orb
|upkeep
|turn|22
|
|switch|p1a: Cinderace|Cinderace, M|34/100
|move|p2a: Conkeldurr|Drain Punch|p1a: Cinderace
|-damage|p1a: Cinderace|0 fnt
|-heal|p2a: Conkeldurr|87/100 brn|[from] drain|[of] p1a: Cinderace
|faint|p1a: Cinderace
|
|-weather|Sandstorm|[upkeep]
|-damage|p2a: Conkeldurr|81/100 brn|[from] Sandstorm
|-damage|p2a: Conkeldurr|75/100 brn|[from] brn
|upkeep
|
|switch|p1a: Rotom|Rotom-Mow|26/100
|turn|23
|
|move|p1a: Rotom|Leaf Storm|p2a: Conkeldurr
|-damage|p2a: Conkeldurr|0 fnt
|-unboost|p1a: Rotom|spa|2
|faint|p2a: Conkeldurr
|
|-weather|Sandstorm|[upkeep]
|-damage|p1a: Rotom|20/100|[from] Sandstorm
|upkeep
|
|switch|p2a: Dragapult|Dragapult, F|76/100
|turn|24
|
|move|p2a: Dragapult|Dragon Dance|p2a: Dragapult
|-boost|p2a: Dragapult|atk|1
|-boost|p2a: Dragapult|spe|1
|move|p1a: Rotom|Volt Switch|p2a: Dragapult
|-resisted|p2a: Dragapult
|-crit|p2a: Dragapult
|-damage|p2a: Dragapult|44/100
|
|switch|p1a: Ditto|Ditto|100/100|[from]move: Volt Switch
|-transform|p1a: Ditto|p2a: Dragapult|[from] ability: Imposter
|
|-weather|none
|-heal|p2a: Dragapult|50/100|[from] item: Leftovers
|upkeep
|turn|25
|-message|Babby Yoda forfeited.
|
|win|ErsGuterZokka
|l|☆Babby Yoda
|raw|ErsGuterZokka's rating: 1361 → 1378(+17 for winning)
|raw|Babby Yoda's rating: 1308 → 1291(-17 for losing)
