|ScrapeTime|2020-01-02-12:55:47
|j|☆IM A G3NG4R
|j|☆Tardysoap
|player|p1|IM A G3NG4R|acerola|1145
|player|p2|Tardysoap|219|1175
|teamsize|p1|6
|teamsize|p2|6
|gametype|singles
|gen|8
|tier|[Gen 8] OU
|rated|
|rule|Sleep Clause Mod: Limit one foe put to sleep
|rule|Species Clause: Limit one of each Pokémon
|rule|OHKO Clause: OHKO moves are banned
|rule|Evasion Moves Clause: Evasion moves are banned
|rule|Endless Battle Clause: Forcing endless battles is banned
|rule|HP Percentage Mod: HP is shown in percentages
|clearpoke
|poke|p1|Espeon, M|
|poke|p1|Corviknight, M|
|poke|p1|Gyarados, M|
|poke|p1|Ditto|
|poke|p1|Excadrill, M|
|poke|p1|Dragapult, M|
|poke|p2|Seismitoad, M|
|poke|p2|Obstagoon, M|
|poke|p2|Frosmoth, M|
|poke|p2|Scrafty, F|
|poke|p2|Dubwool, F|
|poke|p2|Escavalier, M|
|rule|Dynamax Clause: You cannot dynamax
|teampreview
|
|start
|switch|p1a: Espeon|Espeon, M, shiny|100/100
|switch|p2a: Frosmoth|Frosmoth, M|100/100
|turn|1
|inactive|Battle timer is ON: inactive players will automatically lose when time's up. (requested by IM A G3NG4R)
|
|move|p1a: Espeon|Psychic|p2a: Frosmoth
|-damage|p2a: Frosmoth|51/100
|move|p2a: Frosmoth|Bug Buzz|p1a: Espeon
|-supereffective|p1a: Espeon
|-damage|p1a: Espeon|0 fnt
|faint|p1a: Espeon
|
|upkeep
|
|switch|p1a: Gyarados|Gyarados, M|100/100
|turn|2
|
|switch|p2a: Dubwool|Dubwool, F|100/100
|move|p1a: Gyarados|Dragon Dance|p1a: Gyarados
|-boost|p1a: Gyarados|atk|1
|-boost|p1a: Gyarados|spe|1
|
|upkeep
|turn|3
|
|move|p1a: Gyarados|Waterfall|p2a: Dubwool
|-damage|p2a: Dubwool|79/100
|move|p2a: Dubwool|Cotton Guard|p2a: Dubwool
|-boost|p2a: Dubwool|def|3
|
|-heal|p2a: Dubwool|85/100|[from] item: Leftovers
|upkeep
|turn|4
|
|move|p1a: Gyarados|Dragon Dance|p1a: Gyarados
|-boost|p1a: Gyarados|atk|1
|-boost|p1a: Gyarados|spe|1
|move|p2a: Dubwool|Substitute|p2a: Dubwool
|-start|p2a: Dubwool|Substitute
|-damage|p2a: Dubwool|60/100
|
|-heal|p2a: Dubwool|66/100|[from] item: Leftovers
|upkeep
|turn|5
|
|move|p1a: Gyarados|Dragon Dance|p1a: Gyarados
|-boost|p1a: Gyarados|atk|1
|-boost|p1a: Gyarados|spe|1
|move|p2a: Dubwool|Cotton Guard|p2a: Dubwool
|-boost|p2a: Dubwool|def|3
|
|-heal|p2a: Dubwool|72/100|[from] item: Leftovers
|upkeep
|turn|6
|
|move|p1a: Gyarados|Waterfall|p2a: Dubwool
|-crit|p2a: Dubwool
|-end|p2a: Dubwool|Substitute
|move|p2a: Dubwool|Body Press|p1a: Gyarados
|-resisted|p1a: Gyarados
|-damage|p1a: Gyarados|35/100
|
|-heal|p2a: Dubwool|78/100|[from] item: Leftovers
|upkeep
|turn|7
|
|switch|p1a: Dragapult|Dragapult, M|100/100
|move|p2a: Dubwool|Substitute|p2a: Dubwool
|-start|p2a: Dubwool|Substitute
|-damage|p2a: Dubwool|53/100
|
|-heal|p2a: Dubwool|59/100|[from] item: Leftovers
|upkeep
|turn|8
|
|move|p1a: Dragapult|Flamethrower|p2a: Dubwool
|-damage|p2a: Dubwool|0 fnt
|faint|p2a: Dubwool
|
|upkeep
|
|switch|p2a: Scrafty|Scrafty, F|100/100
|turn|9
|
|move|p1a: Dragapult|Flamethrower|p2a: Scrafty
|-damage|p2a: Scrafty|50/100
|move|p2a: Scrafty|Dragon Dance|p2a: Scrafty
|-boost|p2a: Scrafty|atk|1
|-boost|p2a: Scrafty|spe|1
|
|upkeep
|turn|10
|
|switch|p2a: Toad|Seismitoad, M|100/100
|move|p1a: Dragapult|Flamethrower|p2a: Toad
|-resisted|p2a: Toad
|-damage|p2a: Toad|77/100
|
|-heal|p2a: Toad|83/100|[from] item: Leftovers
|upkeep
|turn|11
|
|switch|p1a: Gyarados|Gyarados, M|35/100
|move|p2a: Toad|Stealth Rock|p1a: Gyarados
|-sidestart|p1: IM A G3NG4R|move: Stealth Rock
|
|-heal|p2a: Toad|89/100|[from] item: Leftovers
|upkeep
|turn|12
|
|move|p1a: Gyarados|Power Whip|p2a: Toad
|-supereffective|p2a: Toad
|-damage|p2a: Toad|0 fnt
|faint|p2a: Toad
|-ability|p1a: Gyarados|Moxie|boost
|-boost|p1a: Gyarados|atk|1
|
|upkeep
|
|switch|p2a: Scrafty|Scrafty, F|50/100
|turn|13
|
|move|p1a: Gyarados|Waterfall|p2a: Scrafty
|-crit|p2a: Scrafty
|-damage|p2a: Scrafty|0 fnt
|faint|p2a: Scrafty
|-ability|p1a: Gyarados|Moxie|boost
|-boost|p1a: Gyarados|atk|1
|
|upkeep
|-message|Tardysoap forfeited.
|
|win|IM A G3NG4R
|l|☆Tardysoap
|raw|IM A G3NG4R's rating: 1145 → 1173(+28 for winning)
|raw|Tardysoap's rating: 1175 → 1148(-27 for losing)
