|ScrapeTime|2020-01-02-23:54:48
|j|☆RazorSharpX
|j|☆Rev Knight of FIR
|player|p1|RazorSharpX|lance|
|player|p2|Rev Knight of FIR|richboy-gen4|
|teamsize|p1|6
|teamsize|p2|6
|gametype|singles
|gen|8
|tier|[Gen 8] OU
|rule|Sleep Clause Mod: Limit one foe put to sleep
|rule|Species Clause: Limit one of each Pokémon
|rule|OHKO Clause: OHKO moves are banned
|rule|Evasion Moves Clause: Evasion moves are banned
|rule|Endless Battle Clause: Forcing endless battles is banned
|rule|HP Percentage Mod: HP is shown in percentages
|clearpoke
|poke|p1|Dragapult, M|
|poke|p1|Hydreigon, M|
|poke|p1|Cinderace, F|
|poke|p1|Rotom-Wash|
|poke|p1|Corviknight, M|
|poke|p1|Hatterene, F|
|poke|p2|Seismitoad, F|
|poke|p2|Corviknight, M|
|poke|p2|Rotom-Heat|
|poke|p2|Dragapult, F|
|poke|p2|Bisharp, M|
|poke|p2|Dugtrio, M|
|rule|Dynamax Clause: You cannot dynamax
|teampreview
|j| Stargazed*FIR
|c|☆Rev Knight of FIR|Was having an argument in gym leaders chat sry haha
|c|☆RazorSharpX|This should be fun
|
|start
|switch|p1a: Hatterene|Hatterene, F|100/100
|switch|p2a: Seismitoad|Seismitoad, F|100/100
|turn|1
|
|switch|p2a: Corviknight|Corviknight, M|100/100
|-ability|p2a: Corviknight|Pressure
|move|p1a: Hatterene|Trick Room|p1a: Hatterene
|-fieldstart|move: Trick Room|[of] p1a: Hatterene
|
|upkeep
|turn|2
|
|switch|p2a: Rotom|Rotom-Heat|100/100
|move|p1a: Hatterene|Mystical Fire|p2a: Rotom
|-resisted|p2a: Rotom
|-crit|p2a: Rotom
|-damage|p2a: Rotom|77/100
|-unboost|p2a: Rotom|spa|1
|
|upkeep
|turn|3
|
|move|p1a: Hatterene|Mystical Fire|p2a: Rotom
|-resisted|p2a: Rotom
|-damage|p2a: Rotom|62/100
|-unboost|p2a: Rotom|spa|1
|move|p2a: Rotom|Volt Switch|p1a: Hatterene
|-damage|p1a: Hatterene|86/100
|
|switch|p2a: Seismitoad|Seismitoad, F|100/100|[from]move: Volt Switch
|
|-heal|p1a: Hatterene|92/100|[from] item: Leftovers
|upkeep
|turn|4
|
|move|p1a: Hatterene|Dazzling Gleam|p2a: Seismitoad
|-damage|p2a: Seismitoad|50/100
|move|p2a: Seismitoad|Scald|p1a: Hatterene
|-damage|p1a: Hatterene|66/100
|
|-heal|p1a: Hatterene|72/100|[from] item: Leftovers
|-heal|p2a: Seismitoad|56/100|[from] item: Leftovers
|upkeep
|turn|5
|
|switch|p2a: Corviknight|Corviknight, M|100/100
|-ability|p2a: Corviknight|Pressure
|move|p1a: Hatterene|Mystical Fire|p2a: Corviknight
|-supereffective|p2a: Corviknight
|-crit|p2a: Corviknight
|-damage|p2a: Corviknight|42/100
|-unboost|p2a: Corviknight|spa|1
|
|-heal|p1a: Hatterene|78/100|[from] item: Leftovers
|-heal|p2a: Corviknight|48/100|[from] item: Leftovers
|-fieldend|move: Trick Room
|upkeep
|turn|6
|c|☆Rev Knight of FIR|Mystical fire crit both times. Haxxxxx lmao
|
|move|p2a: Corviknight|Roost|p2a: Corviknight
|-heal|p2a: Corviknight|98/100
|-singleturn|p2a: Corviknight|move: Roost
|move|p1a: Hatterene|Trick Room|p1a: Hatterene
|-fieldstart|move: Trick Room|[of] p1a: Hatterene
|
|-heal|p1a: Hatterene|84/100|[from] item: Leftovers
|-heal|p2a: Corviknight|100/100|[from] item: Leftovers
|upkeep
|turn|7
|
|move|p1a: Hatterene|Psychic|p2a: Corviknight
|-resisted|p2a: Corviknight
|-damage|p2a: Corviknight|82/100
|move|p2a: Corviknight|Brave Bird|p1a: Hatterene
|-damage|p1a: Hatterene|42/100
|-damage|p2a: Corviknight|71/100|[from] Recoil
|
|-heal|p1a: Hatterene|48/100|[from] item: Leftovers
|-heal|p2a: Corviknight|77/100|[from] item: Leftovers
|upkeep
|turn|8
|
|move|p1a: Hatterene|Mystical Fire|p2a: Corviknight
|-supereffective|p2a: Corviknight
|-damage|p2a: Corviknight|36/100
|-unboost|p2a: Corviknight|spa|1
|move|p2a: Corviknight|Brave Bird|p1a: Hatterene
|-damage|p1a: Hatterene|9/100
|-damage|p2a: Corviknight|26/100|[from] Recoil
|
|-heal|p1a: Hatterene|15/100|[from] item: Leftovers
|-heal|p2a: Corviknight|32/100|[from] item: Leftovers
|upkeep
|turn|9
|
|switch|p2a: Rotom|Rotom-Heat|62/100
|move|p1a: Hatterene|Psychic|p2a: Rotom
|-damage|p2a: Rotom|6/100
|
|-heal|p1a: Hatterene|21/100|[from] item: Leftovers
|upkeep
|turn|10
|
|move|p1a: Hatterene|Mystical Fire|p2a: Rotom
|-resisted|p2a: Rotom
|-damage|p2a: Rotom|0 fnt
|faint|p2a: Rotom
|
|-heal|p1a: Hatterene|27/100|[from] item: Leftovers
|-fieldend|move: Trick Room
|upkeep
|
|switch|p2a: Dugtrio|Dugtrio, M|100/100
|turn|11
|
|move|p2a: Dugtrio|Earthquake|p1a: Hatterene
|-damage|p1a: Hatterene|0 fnt
|faint|p1a: Hatterene
|
|upkeep
|
|switch|p1a: Corviknight|Corviknight, M|100/100
|-ability|p1a: Corviknight|Pressure
|turn|12
|
|move|p2a: Dugtrio|Stone Edge|p1a: Corviknight
|-damage|p1a: Corviknight|77/100
|move|p1a: Corviknight|Bulk Up|p1a: Corviknight
|-boost|p1a: Corviknight|atk|1
|-boost|p1a: Corviknight|def|1
|
|-heal|p1a: Corviknight|83/100|[from] item: Leftovers
|upkeep
|turn|13
|
|switch|p2a: Dragapult|Dragapult, F|100/100
|move|p1a: Corviknight|Brave Bird|p2a: Dragapult
|-damage|p2a: Dragapult|31/100
|-damage|p1a: Corviknight|65/100|[from] Recoil
|
|-heal|p1a: Corviknight|71/100|[from] item: Leftovers
|upkeep
|turn|14
|
|move|p2a: Dragapult|Thunderbolt|p1a: Corviknight
|-supereffective|p1a: Corviknight
|-damage|p1a: Corviknight|16/100
|-status|p1a: Corviknight|par
|move|p1a: Corviknight|Roost|p1a: Corviknight
|-heal|p1a: Corviknight|66/100 par
|-singleturn|p1a: Corviknight|move: Roost
|
|-heal|p1a: Corviknight|73/100 par|[from] item: Leftovers
|upkeep
|turn|15
|c|☆RazorSharpX|Hax for a hax lmfao
|
|switch|p2a: Corviknight|Corviknight, M|32/100
|-ability|p2a: Corviknight|Pressure
|move|p1a: Corviknight|Brave Bird|p2a: Corviknight
|-resisted|p2a: Corviknight
|-damage|p2a: Corviknight|11/100
|-damage|p1a: Corviknight|66/100 par|[from] Recoil
|
|-heal|p2a: Corviknight|18/100|[from] item: Leftovers
|-heal|p1a: Corviknight|72/100 par|[from] item: Leftovers
|upkeep
|turn|16
|
|switch|p1a: Cinderace|Cinderace, F|100/100
|move|p2a: Corviknight|Roost|p2a: Corviknight
|-heal|p2a: Corviknight|68/100
|-singleturn|p2a: Corviknight|move: Roost
|
|-heal|p2a: Corviknight|74/100|[from] item: Leftovers
|upkeep
|turn|17
|
|switch|p2a: Seismitoad|Seismitoad, F|56/100
|move|p1a: Cinderace|U-turn|p2a: Seismitoad
|-damage|p2a: Seismitoad|34/100
|
|switch|p1a: Hydreigon|Hydreigon, M|100/100|[from]move: U-turn
|
|-heal|p2a: Seismitoad|40/100|[from] item: Leftovers
|upkeep
|turn|18
|
|switch|p2a: Corviknight|Corviknight, M|74/100
|-ability|p2a: Corviknight|Pressure
|move|p1a: Hydreigon|Substitute|p1a: Hydreigon
|-start|p1a: Hydreigon|Substitute
|-damage|p1a: Hydreigon|76/100
|
|-heal|p1a: Hydreigon|82/100|[from] item: Leftovers
|-heal|p2a: Corviknight|80/100|[from] item: Leftovers
|upkeep
|turn|19
|
|move|p1a: Hydreigon|Nasty Plot|p1a: Hydreigon
|-boost|p1a: Hydreigon|spa|2
|move|p2a: Corviknight|Brave Bird|p1a: Hydreigon
|-end|p1a: Hydreigon|Substitute
|-damage|p2a: Corviknight|73/100|[from] Recoil|[of] p1a: Hydreigon
|
|-heal|p1a: Hydreigon|88/100|[from] item: Leftovers
|-heal|p2a: Corviknight|80/100|[from] item: Leftovers
|upkeep
|turn|20
|
|move|p1a: Hydreigon|Dark Pulse|p2a: Corviknight
|-damage|p2a: Corviknight|20/100
|move|p2a: Corviknight|Brave Bird|p1a: Hydreigon
|-damage|p1a: Hydreigon|47/100
|-damage|p2a: Corviknight|9/100|[from] Recoil
|
|-heal|p1a: Hydreigon|53/100|[from] item: Leftovers
|-heal|p2a: Corviknight|15/100|[from] item: Leftovers
|upkeep
|turn|21
|
|move|p1a: Hydreigon|Dark Pulse|p2a: Corviknight
|-crit|p2a: Corviknight
|-damage|p2a: Corviknight|0 fnt
|faint|p2a: Corviknight
|
|-heal|p1a: Hydreigon|59/100|[from] item: Leftovers
|upkeep
|
|switch|p2a: Dugtrio|Dugtrio, M|100/100
|turn|22
|
|move|p2a: Dugtrio|Reversal|p1a: Hydreigon
|-supereffective|p1a: Hydreigon
|-damage|p1a: Hydreigon|46/100
|move|p1a: Hydreigon|Dark Pulse|p2a: Dugtrio
|-enditem|p2a: Dugtrio|Focus Sash
|-damage|p2a: Dugtrio|1/100
|
|-heal|p1a: Hydreigon|52/100|[from] item: Leftovers
|upkeep
|turn|23
|
|move|p2a: Dugtrio|Reversal|p1a: Hydreigon
|-supereffective|p1a: Hydreigon
|-damage|p1a: Hydreigon|0 fnt
|faint|p1a: Hydreigon
|
|upkeep
|
|switch|p1a: Rotom|Rotom-Wash|100/100
|turn|24
|
|switch|p2a: Seismitoad|Seismitoad, F|40/100
|move|p1a: Rotom|Trick|p2a: Seismitoad
|-activate|p1a: Rotom|move: Trick|[of] p2a: Seismitoad
|-item|p2a: Seismitoad|Choice Scarf|[from] move: Trick
|-item|p1a: Rotom|Leftovers|[from] move: Trick
|
|upkeep
|turn|25
|
|switch|p1a: Corviknight|Corviknight, M|72/100 par
|-ability|p1a: Corviknight|Pressure
|move|p2a: Seismitoad|Scald|p1a: Corviknight
|-damage|p1a: Corviknight|54/100 par
|
|-heal|p1a: Corviknight|60/100 par|[from] item: Leftovers
|upkeep
|turn|26
|
|switch|p2a: Dragapult|Dragapult, F|31/100
|move|p1a: Corviknight|Bulk Up|p1a: Corviknight
|-boost|p1a: Corviknight|atk|1
|-boost|p1a: Corviknight|def|1
|
|-heal|p1a: Corviknight|67/100 par|[from] item: Leftovers
|upkeep
|turn|27
|
|move|p2a: Dragapult|Thunderbolt|p1a: Corviknight
|-supereffective|p1a: Corviknight
|-damage|p1a: Corviknight|10/100 par
|move|p1a: Corviknight|Brave Bird|p2a: Dragapult
|-damage|p2a: Dragapult|0 fnt
|-damage|p1a: Corviknight|2/100 par|[from] Recoil
|faint|p2a: Dragapult
|
|-heal|p1a: Corviknight|8/100 par|[from] item: Leftovers
|upkeep
|
|switch|p2a: Bisharp|Bisharp, M|100/100
|turn|28
|
|move|p2a: Bisharp|Swords Dance|p2a: Bisharp
|-boost|p2a: Bisharp|atk|2
|move|p1a: Corviknight|Roost|p1a: Corviknight
|-heal|p1a: Corviknight|58/100 par
|-singleturn|p1a: Corviknight|move: Roost
|
|-heal|p1a: Corviknight|65/100 par|[from] item: Leftovers
|upkeep
|turn|29
|
|move|p2a: Bisharp|Swords Dance|p2a: Bisharp
|-boost|p2a: Bisharp|atk|2
|move|p1a: Corviknight|Bulk Up|p1a: Corviknight
|-boost|p1a: Corviknight|atk|1
|-boost|p1a: Corviknight|def|1
|
|-heal|p1a: Corviknight|71/100 par|[from] item: Leftovers
|upkeep
|turn|30
|
|move|p2a: Bisharp|Swords Dance|p2a: Bisharp
|-boost|p2a: Bisharp|atk|2
|move|p1a: Corviknight|Bulk Up|p1a: Corviknight
|-boost|p1a: Corviknight|atk|1
|-boost|p1a: Corviknight|def|1
|
|-heal|p1a: Corviknight|77/100 par|[from] item: Leftovers
|upkeep
|turn|31
|
|move|p2a: Bisharp|Throat Chop|p1a: Corviknight
|-damage|p1a: Corviknight|6/100 par
|-start|p1a: Corviknight|Throat Chop|[silent]
|-damage|p2a: Bisharp|91/100|[from] item: Life Orb
|move|p1a: Corviknight|Bulk Up|p1a: Corviknight
|-boost|p1a: Corviknight|atk|1
|-boost|p1a: Corviknight|def|1
|
|-heal|p1a: Corviknight|12/100 par|[from] item: Leftovers
|upkeep
|turn|32
|
|move|p2a: Bisharp|Throat Chop|p1a: Corviknight
|-damage|p1a: Corviknight|0 fnt
|-damage|p2a: Bisharp|81/100|[from] item: Life Orb
|faint|p1a: Corviknight
|
|upkeep
|
|switch|p1a: Rotom|Rotom-Wash|100/100
|turn|33
|
|move|p1a: Rotom|Thunder Wave|p2a: Bisharp
|-status|p2a: Bisharp|par
|cant|p2a: Bisharp|par
|
|upkeep
|turn|34
|
|cant|p2a: Bisharp|par
|move|p1a: Rotom|Hydro Pump|p2a: Bisharp
|-damage|p2a: Bisharp|0 fnt
|faint|p2a: Bisharp
|
|upkeep
|c| Stargazed*FIR|wow
|c|☆Rev Knight of FIR|Classic
|
|switch|p2a: Seismitoad|Seismitoad, F|40/100
|turn|35
|
|move|p1a: Rotom|Thunder Wave|p2a: Seismitoad
|-immune|p2a: Seismitoad
|move|p2a: Seismitoad|Toxic|p1a: Rotom
|-status|p1a: Rotom|tox
|
|-damage|p1a: Rotom|94/100 tox|[from] psn
|upkeep
|turn|36
|
|switch|p1a: Dragapult|Dragapult, M|100/100
|move|p2a: Seismitoad|Toxic|p1a: Dragapult
|-status|p1a: Dragapult|tox
|
|-damage|p1a: Dragapult|95/100 tox|[from] psn
|upkeep
|turn|37
|
|move|p1a: Dragapult|Shadow Ball|p2a: Seismitoad
|-damage|p2a: Seismitoad|0 fnt
|faint|p2a: Seismitoad
|
|-damage|p1a: Dragapult|83/100 tox|[from] psn
|upkeep
|
|switch|p2a: Dugtrio|Dugtrio, M|1/100
|turn|38
|
|move|p2a: Dugtrio|Sucker Punch|p1a: Dragapult
|-supereffective|p1a: Dragapult
|-damage|p1a: Dragapult|27/100 tox
|move|p1a: Dragapult|Shadow Ball|p2a: Dugtrio
|-damage|p2a: Dugtrio|0 fnt
|faint|p2a: Dugtrio
|
|win|RazorSharpX
|c|☆Rev Knight of FIR|Gg
