|ScrapeTime|2020-01-01-23:05:33
|j|☆Gen8=Big Trash
|j|☆S1mba20
|player|p1|Gen8=Big Trash|168|1502
|player|p2|S1mba20|brawly|1458
|teamsize|p1|6
|teamsize|p2|6
|gametype|singles
|gen|8
|tier|[Gen 8] OU
|rated|
|rule|Sleep Clause Mod: Limit one foe put to sleep
|rule|Species Clause: Limit one of each Pokémon
|rule|OHKO Clause: OHKO moves are banned
|rule|Evasion Moves Clause: Evasion moves are banned
|rule|Endless Battle Clause: Forcing endless battles is banned
|rule|HP Percentage Mod: HP is shown in percentages
|clearpoke
|poke|p1|Dragapult, M|
|poke|p1|Mamoswine, M|
|poke|p1|Ditto|
|poke|p1|Mandibuzz, F|
|poke|p1|Rotom-Heat|
|poke|p1|Ferrothorn, M|
|poke|p2|Tyranitar, F|
|poke|p2|Jellicent, F|
|poke|p2|Hatterene, F|
|poke|p2|Aegislash, M|
|poke|p2|Excadrill, F|
|poke|p2|Hydreigon, M|
|rule|Dynamax Clause: You cannot dynamax
|teampreview
|inactive|Battle timer is ON: inactive players will automatically lose when time's up. (requested by Gen8=Big Trash)
|
|start
|switch|p1a: Mandibuzz|Mandibuzz, F|100/100
|switch|p2a: Hydreigon|Hydreigon, M|100/100
|turn|1
|
|move|p2a: Hydreigon|U-turn|p1a: Mandibuzz
|-damage|p1a: Mandibuzz|88/100
|
|switch|p2a: Hatterene|Hatterene, F|100/100|[from]move: U-turn
|move|p1a: Mandibuzz|Knock Off|p2a: Hatterene
|-damage|p2a: Hatterene|74/100
|-enditem|p2a: Hatterene|Assault Vest|[from] move: Knock Off|[of] p1a: Mandibuzz
|
|upkeep
|turn|2
|
|switch|p1a: Rotom|Rotom-Heat|100/100
|move|p2a: Hatterene|Psychic|p1a: Rotom
|-damage|p1a: Rotom|44/100
|
|upkeep
|turn|3
|
|switch|p2a: Tyranitar|Tyranitar, F|100/100
|-weather|Sandstorm|[from] ability: Sand Stream|[of] p2a: Tyranitar
|move|p1a: Rotom|Volt Switch|p2a: Tyranitar
|-damage|p2a: Tyranitar|91/100
|
|switch|p1a: Mamoswine|Mamoswine, M|100/100|[from]move: Volt Switch
|
|-weather|Sandstorm|[upkeep]
|upkeep
|turn|4
|
|switch|p2a: Hydreigon|Hydreigon, M|100/100
|move|p1a: Mamoswine|Stealth Rock|p2a: Hydreigon
|-sidestart|p2: S1mba20|move: Stealth Rock
|
|-weather|Sandstorm|[upkeep]
|-damage|p2a: Hydreigon|94/100|[from] Sandstorm
|upkeep
|turn|5
|
|switch|p2a: Jellicent|Jellicent, F|100/100
|-damage|p2a: Jellicent|88/100|[from] Stealth Rock
|switch|p1a: Mandibuzz|Mandibuzz, F|88/100
|
|-weather|Sandstorm|[upkeep]
|-damage|p2a: Jellicent|82/100|[from] Sandstorm
|-heal|p2a: Jellicent|88/100|[from] item: Leftovers
|upkeep
|turn|6
|
|move|p1a: Mandibuzz|Taunt|p2a: Jellicent
|-start|p2a: Jellicent|move: Taunt
|cant|p2a: Jellicent|move: Taunt|Will-O-Wisp
|
|-weather|Sandstorm|[upkeep]
|-damage|p2a: Jellicent|82/100|[from] Sandstorm
|-heal|p2a: Jellicent|88/100|[from] item: Leftovers
|upkeep
|turn|7
|
|switch|p2a: Hatterene|Hatterene, F|74/100
|-damage|p2a: Hatterene|62/100|[from] Stealth Rock
|move|p1a: Mandibuzz|Knock Off|p2a: Hatterene
|-damage|p2a: Hatterene|44/100
|
|-weather|none
|upkeep
|turn|8
|
|switch|p1a: Ferrothorn|Ferrothorn, M|100/100
|move|p2a: Hatterene|Dazzling Gleam|p1a: Ferrothorn
|-resisted|p1a: Ferrothorn
|-damage|p1a: Ferrothorn|80/100
|
|-heal|p1a: Ferrothorn|86/100|[from] item: Leftovers
|upkeep
|turn|9
|
|switch|p1a: Dragapult|Dragapult, M|100/100
|move|p2a: Hatterene|Mystical Fire|p1a: Dragapult
|-resisted|p1a: Dragapult
|-damage|p1a: Dragapult|82/100
|-unboost|p1a: Dragapult|spa|1
|
|upkeep
|turn|10
|
|switch|p2a: Tyranitar|Tyranitar, F|91/100
|-damage|p2a: Tyranitar|78/100|[from] Stealth Rock
|-weather|Sandstorm|[from] ability: Sand Stream|[of] p2a: Tyranitar
|move|p1a: Dragapult|U-turn|p2a: Tyranitar
|-supereffective|p2a: Tyranitar
|-damage|p2a: Tyranitar|54/100
|
|switch|p1a: Mamoswine|Mamoswine, M|100/100|[from]move: U-turn
|
|-weather|Sandstorm|[upkeep]
|upkeep
|turn|11
|
|move|p1a: Mamoswine|Earthquake|p2a: Tyranitar
|-supereffective|p2a: Tyranitar
|-crit|p2a: Tyranitar
|-damage|p2a: Tyranitar|0 fnt
|-damage|p1a: Mamoswine|91/100|[from] item: Life Orb
|faint|p2a: Tyranitar
|
|-weather|Sandstorm|[upkeep]
|upkeep
|
|switch|p2a: Excadrill|Excadrill, F|100/100
|-damage|p2a: Excadrill|97/100|[from] Stealth Rock
|turn|12
|
|switch|p1a: Ferrothorn|Ferrothorn, M|86/100
|move|p2a: Excadrill|Earthquake|p1a: Ferrothorn
|-crit|p1a: Ferrothorn
|-damage|p1a: Ferrothorn|38/100
|
|-weather|Sandstorm|[upkeep]
|-heal|p1a: Ferrothorn|44/100|[from] item: Leftovers
|upkeep
|turn|13
|
|move|p2a: Excadrill|Swords Dance|p2a: Excadrill
|-boost|p2a: Excadrill|atk|2
|move|p1a: Ferrothorn|Leech Seed|p2a: Excadrill
|-start|p2a: Excadrill|move: Leech Seed
|
|-weather|Sandstorm|[upkeep]
|-heal|p1a: Ferrothorn|50/100|[from] item: Leftovers
|-damage|p2a: Excadrill|85/100|[from] Leech Seed|[of] p1a: Ferrothorn
|-heal|p1a: Ferrothorn|63/100|[silent]
|upkeep
|turn|14
|
|switch|p1a: Mandibuzz|Mandibuzz, F|88/100
|move|p2a: Excadrill|Earthquake|p1a: Mandibuzz
|-immune|p1a: Mandibuzz
|
|-weather|none
|-damage|p2a: Excadrill|73/100|[from] Leech Seed|[of] p1a: Mandibuzz
|-heal|p1a: Mandibuzz|99/100|[silent]
|upkeep
|turn|15
|
|switch|p1a: Ferrothorn|Ferrothorn, M|63/100
|move|p2a: Excadrill|Rock Slide|p1a: Ferrothorn
|-resisted|p1a: Ferrothorn
|-damage|p1a: Ferrothorn|49/100
|
|-heal|p1a: Ferrothorn|55/100|[from] item: Leftovers
|-damage|p2a: Excadrill|60/100|[from] Leech Seed|[of] p1a: Ferrothorn
|-heal|p1a: Ferrothorn|68/100|[silent]
|upkeep
|turn|16
|
|move|p1a: Ferrothorn|Protect|p1a: Ferrothorn
|-singleturn|p1a: Ferrothorn|Protect
|move|p2a: Excadrill|Rock Slide|p1a: Ferrothorn
|-activate|p1a: Ferrothorn|move: Protect
|
|-heal|p1a: Ferrothorn|74/100|[from] item: Leftovers
|-damage|p2a: Excadrill|48/100|[from] Leech Seed|[of] p1a: Ferrothorn
|-heal|p1a: Ferrothorn|87/100|[silent]
|upkeep
|turn|17
|
|move|p2a: Excadrill|Earthquake|p1a: Ferrothorn
|-damage|p1a: Ferrothorn|20/100
|move|p1a: Ferrothorn|Power Whip|p2a: Excadrill
|-damage|p2a: Excadrill|0 fnt
|faint|p2a: Excadrill
|
|-heal|p1a: Ferrothorn|26/100|[from] item: Leftovers
|upkeep
|
|switch|p2a: Hatterene|Hatterene, F|44/100
|-damage|p2a: Hatterene|32/100|[from] Stealth Rock
|turn|18
|
|move|p2a: Hatterene|Dazzling Gleam|p1a: Ferrothorn
|-resisted|p1a: Ferrothorn
|-damage|p1a: Ferrothorn|8/100
|move|p1a: Ferrothorn|Power Whip|p2a: Hatterene
|-damage|p2a: Hatterene|0 fnt
|faint|p2a: Hatterene
|
|-heal|p1a: Ferrothorn|14/100|[from] item: Leftovers
|upkeep
|
|switch|p2a: Hydreigon|Hydreigon, M|94/100
|-damage|p2a: Hydreigon|82/100|[from] Stealth Rock
|turn|19
|
|move|p2a: Hydreigon|Dark Pulse|p1a: Ferrothorn
|-damage|p1a: Ferrothorn|0 fnt
|faint|p1a: Ferrothorn
|
|upkeep
|
|switch|p1a: Mandibuzz|Mandibuzz, F|99/100
|turn|20
|
|switch|p2a: Jellicent|Jellicent, F|88/100
|-damage|p2a: Jellicent|76/100|[from] Stealth Rock
|move|p1a: Mandibuzz|Knock Off|p2a: Jellicent
|-supereffective|p2a: Jellicent
|-damage|p2a: Jellicent|40/100
|-enditem|p2a: Jellicent|Leftovers|[from] move: Knock Off|[of] p1a: Mandibuzz
|
|upkeep
|turn|21
|
|move|p1a: Mandibuzz|Taunt|p2a: Jellicent
|-start|p2a: Jellicent|move: Taunt
|cant|p2a: Jellicent|move: Taunt|Strength Sap
|
|upkeep
|turn|22
|-message|S1mba20 forfeited.
|
|win|Gen8=Big Trash
|l|☆S1mba20
