|ScrapeTime|2020-01-01-20:25:11
|j|☆TristarOrion
|j|☆KindofKitty
|player|p1|TristarOrion|steven|1081
|player|p2|KindofKitty|dahlia|1081
|teamsize|p1|6
|teamsize|p2|6
|gametype|singles
|gen|8
|tier|[Gen 8] OU
|rated|
|rule|Sleep Clause Mod: Limit one foe put to sleep
|rule|Species Clause: Limit one of each Pokémon
|rule|OHKO Clause: OHKO moves are banned
|rule|Evasion Moves Clause: Evasion moves are banned
|rule|Endless Battle Clause: Forcing endless battles is banned
|rule|HP Percentage Mod: HP is shown in percentages
|clearpoke
|poke|p1|Corviknight, F|
|poke|p1|Cinderace, M|
|poke|p1|Dracozolt|
|poke|p1|Excadrill, M|
|poke|p1|Rotom-Heat|
|poke|p1|Hatterene, F|
|poke|p2|Durant, F|
|poke|p2|Hawlucha, M|
|poke|p2|Dugtrio, F|
|poke|p2|Gengar, F|
|poke|p2|Ferrothorn, F|
|poke|p2|Hippowdon, F|
|rule|Dynamax Clause: You cannot dynamax
|teampreview
|
|start
|switch|p1a: Rotom|Rotom-Heat|100/100
|switch|p2a: Durant|Durant, F|100/100
|turn|1
|
|move|p1a: Rotom|Will-O-Wisp|p2a: Durant
|-status|p2a: Durant|brn
|move|p2a: Durant|Entrainment|p1a: Rotom
|-endability|p1a: Rotom|Levitate|[from] move: Entrainment
|-ability|p1a: Rotom|Truant|[from] move: Entrainment
|
|-damage|p2a: Durant|94/100 brn|[from] brn
|upkeep
|turn|2
|
|switch|p1a: Excadrill|Excadrill, M|100/100
|-ability|p1a: Excadrill|Mold Breaker
|switch|p2a: Hawlucha|Hawlucha, M|100/100
|
|upkeep
|turn|3
|inactive|Battle timer is ON: inactive players will automatically lose when time's up. (requested by KindofKitty)
|
|switch|p1a: Hatterene|Hatterene, F|100/100
|move|p2a: Hawlucha|Protect||[still]
|-fail|p2a: Hawlucha
|
|upkeep
|turn|4
|
|move|p2a: Hawlucha|Protect|p2a: Hawlucha
|-singleturn|p2a: Hawlucha|Protect
|move|p1a: Hatterene|Calm Mind|p1a: Hatterene
|-boost|p1a: Hatterene|spa|1
|-boost|p1a: Hatterene|spd|1
|
|upkeep
|turn|5
|
|move|p2a: Hawlucha|Bulk Up|p2a: Hawlucha
|-boost|p2a: Hawlucha|atk|1
|-boost|p2a: Hawlucha|def|1
|move|p1a: Hatterene|Draining Kiss|p2a: Hawlucha
|-supereffective|p2a: Hawlucha
|-damage|p2a: Hawlucha|0 fnt
|faint|p2a: Hawlucha
|
|upkeep
|
|switch|p2a: Ferrothorn|Ferrothorn, F|100/100
|turn|6
|
|move|p1a: Hatterene|Mystical Fire|p2a: Ferrothorn
|-supereffective|p2a: Ferrothorn
|-damage|p2a: Ferrothorn|0 fnt
|faint|p2a: Ferrothorn
|
|upkeep
|-message|KindofKitty forfeited.
|
|win|TristarOrion
|l|☆KindofKitty
|raw|TristarOrion's rating: 1081 → 1109(+28 for winning)
|raw|KindofKitty's rating: 1081 → 1059(-22 for losing)
