|ScrapeTime|2020-01-03-00:04:58
|j|☆thelectricow
|j|☆perfect imperfect
|player|p1|thelectricow|elesa-gen5bw2|1439
|player|p2|perfect imperfect|170|1363
|teamsize|p1|6
|teamsize|p2|6
|gametype|singles
|gen|8
|tier|[Gen 8] OU
|rated|
|rule|Sleep Clause Mod: Limit one foe put to sleep
|rule|Species Clause: Limit one of each Pokémon
|rule|OHKO Clause: OHKO moves are banned
|rule|Evasion Moves Clause: Evasion moves are banned
|rule|Endless Battle Clause: Forcing endless battles is banned
|rule|HP Percentage Mod: HP is shown in percentages
|clearpoke
|poke|p1|Excadrill, M|
|poke|p1|Tyranitar, F|
|poke|p1|Clefable, M|
|poke|p1|Seismitoad, M|
|poke|p1|Mandibuzz, F|
|poke|p1|Corsola-Galar, F|
|poke|p2|Pelipper, M|
|poke|p2|Dracovish|
|poke|p2|Barraskewda, M|
|poke|p2|Ferrothorn, M|
|poke|p2|Grimmsnarl, M|
|poke|p2|Conkeldurr, M|
|rule|Dynamax Clause: You cannot dynamax
|teampreview
|
|start
|switch|p1a: Tyranitar|Tyranitar, F|100/100
|switch|p2a: Pelipper|Pelipper, M|100/100
|-weather|RainDance|[from] ability: Drizzle|[of] p2a: Pelipper
|-weather|Sandstorm|[from] ability: Sand Stream|[of] p1a: Tyranitar
|turn|1
|
|move|p2a: Pelipper|U-turn|p1a: Tyranitar
|-supereffective|p1a: Tyranitar
|-damage|p1a: Tyranitar|85/100
|
|switch|p2a: Conkeldurr|Conkeldurr, M|100/100|[from]move: U-turn
|move|p1a: Tyranitar|Stone Edge|p2a: Conkeldurr|[miss]
|-miss|p1a: Tyranitar|p2a: Conkeldurr
|
|-weather|Sandstorm|[upkeep]
|-damage|p2a: Conkeldurr|94/100|[from] Sandstorm
|-heal|p1a: Tyranitar|91/100|[from] item: Leftovers
|-status|p2a: Conkeldurr|brn|[from] item: Flame Orb
|upkeep
|turn|2
|inactive|Battle timer is ON: inactive players will automatically lose when time's up. (requested by perfect imperfect)
|
|switch|p1a: Mandibuzz|Mandibuzz, F|100/100
|move|p2a: Conkeldurr|Earthquake|p1a: Mandibuzz
|-immune|p1a: Mandibuzz
|
|-weather|Sandstorm|[upkeep]
|-damage|p2a: Conkeldurr|88/100 brn|[from] Sandstorm
|-damage|p2a: Conkeldurr|82/100 brn|[from] brn
|upkeep
|turn|3
|
|move|p1a: Mandibuzz|U-turn|p2a: Conkeldurr
|-resisted|p2a: Conkeldurr
|-damage|p2a: Conkeldurr|77/100 brn
|
|switch|p1a: Clefable|Clefable, M|100/100|[from]move: U-turn
|move|p2a: Conkeldurr|Drain Punch|p1a: Clefable
|-resisted|p1a: Clefable
|-damage|p1a: Clefable|59/100
|-heal|p2a: Conkeldurr|96/100 brn|[from] drain|[of] p1a: Clefable
|
|-weather|Sandstorm|[upkeep]
|-damage|p2a: Conkeldurr|90/100 brn|[from] Sandstorm
|-damage|p2a: Conkeldurr|84/100 brn|[from] brn
|upkeep
|turn|4
|
|switch|p2a: Ferrothorn|Ferrothorn, M|100/100
|move|p1a: Clefable|Moonblast|p2a: Ferrothorn
|-resisted|p2a: Ferrothorn
|-damage|p2a: Ferrothorn|75/100
|
|-weather|Sandstorm|[upkeep]
|-heal|p2a: Ferrothorn|81/100|[from] item: Leftovers
|upkeep
|turn|5
|
|switch|p2a: Dracovish|Dracovish|100/100
|move|p1a: Clefable|Flamethrower|p2a: Dracovish
|-resisted|p2a: Dracovish
|-damage|p2a: Dracovish|89/100
|-status|p2a: Dracovish|brn
|
|-weather|none
|-damage|p2a: Dracovish|82/100 brn|[from] brn
|upkeep
|turn|6
|
|switch|p1a: Seismitoad|Seismitoad, M|100/100
|move|p2a: Dracovish|Crunch|p1a: Seismitoad
|-damage|p1a: Seismitoad|81/100
|
|-heal|p1a: Seismitoad|87/100|[from] item: Leftovers
|-damage|p2a: Dracovish|76/100 brn|[from] brn
|upkeep
|turn|7
|
|switch|p2a: Grimmsnarl|Grimmsnarl, M|100/100
|switch|p1a: Clefable|Clefable, M|59/100
|
|upkeep
|turn|8
|
|move|p2a: Grimmsnarl|Power Whip|p1a: Clefable
|-damage|p1a: Clefable|8/100
|move|p1a: Clefable|Moonlight|p1a: Clefable
|-heal|p1a: Clefable|58/100
|
|upkeep
|turn|9
|
|switch|p2a: Ferrothorn|Ferrothorn, M|81/100
|switch|p1a: Corsola|Corsola-Galar, F|100/100
|
|-heal|p2a: Ferrothorn|87/100|[from] item: Leftovers
|upkeep
|turn|10
|
|move|p1a: Corsola|Will-O-Wisp|p2a: Ferrothorn
|-status|p2a: Ferrothorn|brn
|move|p2a: Ferrothorn|Knock Off|p1a: Corsola
|-supereffective|p1a: Corsola
|-damage|p1a: Corsola|89/100
|-enditem|p1a: Corsola|Eviolite|[from] move: Knock Off|[of] p2a: Ferrothorn
|
|-heal|p2a: Ferrothorn|93/100 brn|[from] item: Leftovers
|-damage|p2a: Ferrothorn|87/100 brn|[from] brn
|upkeep
|turn|11
|
|move|p1a: Corsola|Stealth Rock|p2a: Ferrothorn
|-sidestart|p2: perfect imperfect|move: Stealth Rock
|move|p2a: Ferrothorn|Stealth Rock|p1a: Corsola
|-sidestart|p1: thelectricow|move: Stealth Rock
|
|-heal|p2a: Ferrothorn|93/100 brn|[from] item: Leftovers
|-damage|p2a: Ferrothorn|87/100 brn|[from] brn
|upkeep
|turn|12
|
|move|p1a: Corsola|Night Shade|p2a: Ferrothorn
|-damage|p2a: Ferrothorn|58/100 brn
|move|p2a: Ferrothorn|Leech Seed|p1a: Corsola
|-start|p1a: Corsola|move: Leech Seed
|
|-heal|p2a: Ferrothorn|64/100 brn|[from] item: Leftovers
|-damage|p1a: Corsola|76/100|[from] Leech Seed|[of] p2a: Ferrothorn
|-heal|p2a: Ferrothorn|76/100 brn|[silent]
|-damage|p2a: Ferrothorn|70/100 brn|[from] brn
|upkeep
|turn|13
|
|switch|p1a: Mandibuzz|Mandibuzz, F|100/100
|-damage|p1a: Mandibuzz|76/100|[from] Stealth Rock
|move|p2a: Ferrothorn|Knock Off|p1a: Mandibuzz
|-resisted|p1a: Mandibuzz
|-damage|p1a: Mandibuzz|71/100
|-enditem|p1a: Mandibuzz|Leftovers|[from] move: Knock Off|[of] p2a: Ferrothorn
|
|-heal|p2a: Ferrothorn|76/100 brn|[from] item: Leftovers
|-damage|p2a: Ferrothorn|70/100 brn|[from] brn
|upkeep
|turn|14
|
|move|p1a: Mandibuzz|Defog|p2a: Ferrothorn
|-unboost|p2a: Ferrothorn|evasion|1
|-sideend|p2: perfect imperfect|Stealth Rock|[from] move: Defog|[of] p1a: Mandibuzz
|-sideend|p1: thelectricow|Stealth Rock|[from] move: Defog|[of] p1a: Mandibuzz
|move|p2a: Ferrothorn|Leech Seed|p1a: Mandibuzz
|-start|p1a: Mandibuzz|move: Leech Seed
|
|-heal|p2a: Ferrothorn|76/100 brn|[from] item: Leftovers
|-damage|p1a: Mandibuzz|59/100|[from] Leech Seed|[of] p2a: Ferrothorn
|-heal|p2a: Ferrothorn|91/100 brn|[silent]
|-damage|p2a: Ferrothorn|85/100 brn|[from] brn
|upkeep
|turn|15
|
|switch|p1a: Clefable|Clefable, M|58/100
|move|p2a: Ferrothorn|Stealth Rock|p1a: Clefable
|-sidestart|p1: thelectricow|move: Stealth Rock
|
|-heal|p2a: Ferrothorn|91/100 brn|[from] item: Leftovers
|-damage|p2a: Ferrothorn|85/100 brn|[from] brn
|upkeep
|turn|16
|
|move|p1a: Clefable|Moonlight|p1a: Clefable
|-heal|p1a: Clefable|100/100
|move|p2a: Ferrothorn|Gyro Ball|p1a: Clefable
|-supereffective|p1a: Clefable
|-damage|p1a: Clefable|58/100
|
|-heal|p2a: Ferrothorn|91/100 brn|[from] item: Leftovers
|-damage|p2a: Ferrothorn|85/100 brn|[from] brn
|upkeep
|turn|17
|
|switch|p2a: Barraskewda|Barraskewda, M|100/100
|move|p1a: Clefable|Flamethrower|p2a: Barraskewda
|-resisted|p2a: Barraskewda
|-crit|p2a: Barraskewda
|-damage|p2a: Barraskewda|44/100
|
|upkeep
|turn|18
|
|switch|p1a: Seismitoad|Seismitoad, M|87/100
|-damage|p1a: Seismitoad|81/100|[from] Stealth Rock
|move|p2a: Barraskewda|Close Combat|p1a: Seismitoad
|-damage|p1a: Seismitoad|33/100
|-unboost|p2a: Barraskewda|def|1
|-unboost|p2a: Barraskewda|spd|1
|
|-heal|p1a: Seismitoad|39/100|[from] item: Leftovers
|upkeep
|turn|19
|
|switch|p2a: Conkeldurr|Conkeldurr, M|84/100 brn
|move|p1a: Seismitoad|Earthquake|p2a: Conkeldurr
|-damage|p2a: Conkeldurr|57/100 brn
|
|-heal|p1a: Seismitoad|46/100|[from] item: Leftovers
|-damage|p2a: Conkeldurr|51/100 brn|[from] brn
|upkeep
|turn|20
|
|move|p1a: Seismitoad|Earthquake|p2a: Conkeldurr
|-damage|p2a: Conkeldurr|22/100 brn
|move|p2a: Conkeldurr|Earthquake|p1a: Seismitoad
|-damage|p1a: Seismitoad|0 fnt
|faint|p1a: Seismitoad
|
|-damage|p2a: Conkeldurr|16/100 brn|[from] brn
|upkeep
|
|switch|p1a: Clefable|Clefable, M|58/100
|turn|21
|
|switch|p2a: Pelipper|Pelipper, M|100/100
|-weather|RainDance|[from] ability: Drizzle|[of] p2a: Pelipper
|move|p1a: Clefable|Moonblast|p2a: Pelipper
|-damage|p2a: Pelipper|18/100
|
|-weather|RainDance|[upkeep]
|upkeep
|turn|22
|
|switch|p2a: Ferrothorn|Ferrothorn, M|85/100 brn
|move|p1a: Clefable|Moonlight|p1a: Clefable
|-heal|p1a: Clefable|83/100
|
|-weather|RainDance|[upkeep]
|-heal|p2a: Ferrothorn|91/100 brn|[from] item: Leftovers
|-damage|p2a: Ferrothorn|85/100 brn|[from] brn
|upkeep
|turn|23
|
|switch|p1a: Mandibuzz|Mandibuzz, F|59/100
|-damage|p1a: Mandibuzz|34/100|[from] Stealth Rock
|move|p2a: Ferrothorn|Knock Off|p1a: Mandibuzz
|-resisted|p1a: Mandibuzz
|-damage|p1a: Mandibuzz|32/100
|
|-weather|RainDance|[upkeep]
|-heal|p2a: Ferrothorn|91/100 brn|[from] item: Leftovers
|-damage|p2a: Ferrothorn|85/100 brn|[from] brn
|upkeep
|turn|24
|
|move|p1a: Mandibuzz|Roost|p1a: Mandibuzz
|-heal|p1a: Mandibuzz|82/100
|-singleturn|p1a: Mandibuzz|move: Roost
|move|p2a: Ferrothorn|Leech Seed|p1a: Mandibuzz
|-start|p1a: Mandibuzz|move: Leech Seed
|
|-weather|RainDance|[upkeep]
|-heal|p2a: Ferrothorn|91/100 brn|[from] item: Leftovers
|-damage|p1a: Mandibuzz|70/100|[from] Leech Seed|[of] p2a: Ferrothorn
|-heal|p2a: Ferrothorn|100/100 brn|[silent]
|-damage|p2a: Ferrothorn|95/100 brn|[from] brn
|upkeep
|turn|25
|
|switch|p2a: Dracovish|Dracovish|76/100 brn
|move|p1a: Mandibuzz|Defog|p2a: Dracovish
|-unboost|p2a: Dracovish|evasion|1
|-sideend|p1: thelectricow|Stealth Rock|[from] move: Defog|[of] p1a: Mandibuzz
|
|-weather|RainDance|[upkeep]
|-damage|p1a: Mandibuzz|57/100|[from] Leech Seed|[of] p2a: Dracovish
|-heal|p2a: Dracovish|92/100 brn|[silent]
|-damage|p2a: Dracovish|86/100 brn|[from] brn
|upkeep
|turn|26
|
|move|p2a: Dracovish|Fishious Rend|p1a: Mandibuzz
|-damage|p1a: Mandibuzz|0 fnt
|faint|p1a: Mandibuzz
|
|-weather|RainDance|[upkeep]
|-damage|p2a: Dracovish|80/100 brn|[from] brn
|upkeep
|
|switch|p1a: Corsola|Corsola-Galar, F|76/100
|turn|27
|
|move|p2a: Dracovish|Fishious Rend|p1a: Corsola
|-damage|p1a: Corsola|0 fnt
|-start|p2a: Dracovish|Disable|Fishious Rend|[from] ability: Cursed Body|[of] p1a: Corsola
|faint|p1a: Corsola
|
|-weather|RainDance|[upkeep]
|-damage|p2a: Dracovish|74/100 brn|[from] brn
|upkeep
|
|switch|p1a: Clefable|Clefable, M|83/100
|turn|28
|
|switch|p2a: Ferrothorn|Ferrothorn, M|95/100 brn
|move|p1a: Clefable|Moonblast|p2a: Ferrothorn
|-resisted|p2a: Ferrothorn
|-damage|p2a: Ferrothorn|72/100 brn
|
|-weather|none
|-heal|p2a: Ferrothorn|78/100 brn|[from] item: Leftovers
|-damage|p2a: Ferrothorn|72/100 brn|[from] brn
|upkeep
|turn|29
|
|move|p1a: Clefable|Moonblast|p2a: Ferrothorn
|-resisted|p2a: Ferrothorn
|-damage|p2a: Ferrothorn|49/100 brn
|move|p2a: Ferrothorn|Gyro Ball|p1a: Clefable
|-supereffective|p1a: Clefable
|-damage|p1a: Clefable|44/100
|
|-heal|p2a: Ferrothorn|55/100 brn|[from] item: Leftovers
|-damage|p2a: Ferrothorn|49/100 brn|[from] brn
|upkeep
|turn|30
|
|move|p1a: Clefable|Moonlight|p1a: Clefable
|-heal|p1a: Clefable|94/100
|move|p2a: Ferrothorn|Gyro Ball|p1a: Clefable
|-supereffective|p1a: Clefable
|-damage|p1a: Clefable|55/100
|
|-heal|p2a: Ferrothorn|55/100 brn|[from] item: Leftovers
|-damage|p2a: Ferrothorn|49/100 brn|[from] brn
|upkeep
|turn|31
|
|move|p1a: Clefable|Flamethrower|p2a: Ferrothorn
|-supereffective|p2a: Ferrothorn
|-damage|p2a: Ferrothorn|0 fnt
|faint|p2a: Ferrothorn
|
|upkeep
|
|switch|p2a: Dracovish|Dracovish|74/100 brn
|turn|32
|
|move|p2a: Dracovish|Fishious Rend|p1a: Clefable
|-damage|p1a: Clefable|0 fnt
|faint|p1a: Clefable
|
|-damage|p2a: Dracovish|67/100 brn|[from] brn
|upkeep
|
|switch|p1a: Tyranitar|Tyranitar, F|91/100
|-weather|Sandstorm|[from] ability: Sand Stream|[of] p1a: Tyranitar
|turn|33
|
|move|p2a: Dracovish|Fishious Rend|p1a: Tyranitar
|-supereffective|p1a: Tyranitar
|-damage|p1a: Tyranitar|0 fnt
|faint|p1a: Tyranitar
|
|-weather|Sandstorm|[upkeep]
|-damage|p2a: Dracovish|61/100 brn|[from] Sandstorm
|-damage|p2a: Dracovish|55/100 brn|[from] brn
|upkeep
|
|switch|p1a: Excadrill|Excadrill, M|100/100
|-item|p1a: Excadrill|Air Balloon
|turn|34
|
|move|p1a: Excadrill|Iron Head|p2a: Dracovish
|-resisted|p2a: Dracovish
|-damage|p2a: Dracovish|33/100 brn
|move|p2a: Dracovish|Fishious Rend|p1a: Excadrill
|-supereffective|p1a: Excadrill
|-damage|p1a: Excadrill|0 fnt
|-enditem|p1a: Excadrill|Air Balloon
|faint|p1a: Excadrill
|
|win|perfect imperfect
|l|☆thelectricow
|raw|thelectricow's rating: 1419 → 1394(-25 for losing)
|raw|perfect imperfect's rating: 1342 → 1366(+24 for winning)
