|ScrapeTime|2020-01-01-15:55:02
|j|☆Huntx1
|j|☆Sart2
|player|p1|Huntx1|tuber|1028
|player|p2|Sart2|156|1000
|teamsize|p1|6
|teamsize|p2|6
|gametype|singles
|gen|8
|tier|[Gen 8] OU
|rated|
|rule|Sleep Clause Mod: Limit one foe put to sleep
|rule|Species Clause: Limit one of each Pokémon
|rule|OHKO Clause: OHKO moves are banned
|rule|Evasion Moves Clause: Evasion moves are banned
|rule|Endless Battle Clause: Forcing endless battles is banned
|rule|HP Percentage Mod: HP is shown in percentages
|clearpoke
|poke|p1|Aegislash, M|
|poke|p1|Cinderace, M|
|poke|p1|Sylveon, F|
|poke|p1|Dracovish|
|poke|p1|Dragapult, F|
|poke|p1|Pelipper, F|
|poke|p2|Clefable, F|
|poke|p2|Conkeldurr, F|
|poke|p2|Corviknight, F|
|poke|p2|Hydreigon, F|
|poke|p2|Rotom-Heat|
|poke|p2|Seismitoad, F|
|rule|Dynamax Clause: You cannot dynamax
|teampreview
|inactive|Battle timer is ON: inactive players will automatically lose when time's up. (requested by Sart2)
|
|start
|switch|p1a: Cinderace|Cinderace, M|100/100
|switch|p2a: Seismitoad|Seismitoad, F|100/100
|turn|1
|
|move|p1a: Cinderace|U-turn|p2a: Seismitoad
|-damage|p2a: Seismitoad|83/100
|
|switch|p1a: Aegislash|Aegislash, M, shiny|100/100|[from]move: U-turn
|move|p2a: Seismitoad|Stealth Rock|p1a: Aegislash
|-sidestart|p1: Huntx1|move: Stealth Rock
|
|-heal|p2a: Seismitoad|89/100|[from] item: Leftovers
|upkeep
|turn|2
|
|move|p2a: Seismitoad|Earthquake|p1a: Aegislash
|-supereffective|p1a: Aegislash
|-damage|p1a: Aegislash|49/100
|-formechange|p1a: Aegislash|Aegislash-Blade||[from] ability: Stance Change
|move|p1a: Aegislash|Air Slash|p2a: Seismitoad
|-damage|p2a: Seismitoad|67/100
|
|-heal|p2a: Seismitoad|73/100|[from] item: Leftovers
|-heal|p1a: Aegislash|55/100|[from] item: Leftovers
|upkeep
|turn|3
|
|switch|p1a: Pelipper|Pelipper, F, shiny|100/100
|-damage|p1a: Pelipper|76/100|[from] Stealth Rock
|-weather|RainDance|[from] ability: Drizzle|[of] p1a: Pelipper
|move|p2a: Seismitoad|Earthquake|p1a: Pelipper
|-immune|p1a: Pelipper
|
|-weather|RainDance|[upkeep]
|-heal|p2a: Seismitoad|79/100|[from] item: Leftovers
|upkeep
|turn|4
|
|move|p2a: Seismitoad|Toxic|p1a: Pelipper
|-status|p1a: Pelipper|tox
|move|p1a: Pelipper|Knock Off|p2a: Seismitoad
|-damage|p2a: Seismitoad|70/100
|-enditem|p2a: Seismitoad|Leftovers|[from] move: Knock Off|[of] p1a: Pelipper
|
|-weather|RainDance|[upkeep]
|-damage|p1a: Pelipper|70/100 tox|[from] psn
|upkeep
|turn|5
|
|switch|p1a: Dracovish|Dracovish|100/100
|-damage|p1a: Dracovish|88/100|[from] Stealth Rock
|move|p2a: Seismitoad|Protect||[still]
|-fail|p2a: Seismitoad
|
|-weather|RainDance|[upkeep]
|upkeep
|turn|6
|inactive|Huntx1 has 120 seconds left.
|
|move|p2a: Seismitoad|Protect|p2a: Seismitoad
|-singleturn|p2a: Seismitoad|Protect
|move|p1a: Dracovish|Fishious Rend|p2a: Seismitoad
|-activate|p2a: Seismitoad|move: Protect
|
|-weather|RainDance|[upkeep]
|upkeep
|turn|7
|inactive|Huntx1 has 120 seconds left.
|inactive|Sart2 has 120 seconds left.
|
|move|p1a: Dracovish|Fishious Rend|p2a: Seismitoad
|-heal|p2a: Seismitoad|95/100|[from] ability: Water Absorb|[of] p1a: Dracovish
|move|p2a: Seismitoad|Toxic|p1a: Dracovish
|-status|p1a: Dracovish|tox
|
|-weather|none
|-damage|p1a: Dracovish|82/100 tox|[from] psn
|upkeep
|turn|8
|inactive|Huntx1 has 120 seconds left.
|
|switch|p1a: Cinderace|Cinderace, M|100/100
|-damage|p1a: Cinderace|76/100|[from] Stealth Rock
|move|p2a: Seismitoad|Protect||[still]
|-fail|p2a: Seismitoad
|
|upkeep
|turn|9
|
|move|p2a: Seismitoad|Protect|p2a: Seismitoad
|-singleturn|p2a: Seismitoad|Protect
|move|p1a: Cinderace|Court Change|p1a: Cinderace
|-sideend|p1: Huntx1|Stealth Rock|[silent]
|-sidestart|p2: Sart2|Stealth Rock|[silent]
|-activate|p1a: Cinderace|move: Court Change
|
|upkeep
|turn|10
|
|move|p1a: Cinderace|U-turn|p2a: Seismitoad
|-damage|p2a: Seismitoad|78/100
|
|switch|p1a: Sylveon|Sylveon, F|100/100|[from]move: U-turn
|move|p2a: Seismitoad|Stealth Rock|p1a: Sylveon
|-sidestart|p1: Huntx1|move: Stealth Rock
|
|upkeep
|turn|11
|
|switch|p2a: Corviknight|Corviknight, F|100/100
|-damage|p2a: Corviknight|88/100|[from] Stealth Rock
|-ability|p2a: Corviknight|Pressure
|move|p1a: Sylveon|Hyper Voice|p2a: Corviknight
|-resisted|p2a: Corviknight
|-damage|p2a: Corviknight|68/100
|
|-heal|p2a: Corviknight|74/100|[from] item: Leftovers
|upkeep
|turn|12
|
|switch|p1a: Cinderace|Cinderace, M|76/100
|-damage|p1a: Cinderace|51/100|[from] Stealth Rock
|move|p2a: Corviknight|U-turn|p1a: Cinderace
|-resisted|p1a: Cinderace
|-damage|p1a: Cinderace|41/100
|
|switch|p2a: Seismitoad|Seismitoad, F|78/100|[from]move: U-turn
|-damage|p2a: Seismitoad|72/100|[from] Stealth Rock
|
|upkeep
|turn|13
|
|move|p1a: Cinderace|Court Change|p1a: Cinderace
|-sideend|p1: Huntx1|Stealth Rock|[silent]
|-sideend|p2: Sart2|Stealth Rock|[silent]
|-sidestart|p1: Huntx1|Stealth Rock|[silent]
|-sidestart|p2: Sart2|Stealth Rock|[silent]
|-activate|p1a: Cinderace|move: Court Change
|move|p2a: Seismitoad|Earthquake|p1a: Cinderace
|-supereffective|p1a: Cinderace
|-damage|p1a: Cinderace|0 fnt
|faint|p1a: Cinderace
|
|upkeep
|
|switch|p1a: Aegislash|Aegislash, M, shiny|55/100
|-damage|p1a: Aegislash|49/100|[from] Stealth Rock
|turn|14
|
|move|p2a: Seismitoad|Earthquake|p1a: Aegislash
|-supereffective|p1a: Aegislash
|-damage|p1a: Aegislash|0 fnt
|faint|p1a: Aegislash
|
|upkeep
|-message|Huntx1 forfeited.
|
|win|Sart2
|l|☆Huntx1
