|ScrapeTime|2020-01-02-14:05:27
|j|☆my diggasby
|j|☆Pokerandall5
|player|p1|my diggasby|marshal|1372
|player|p2|Pokerandall5|schoolkid-gen4|1411
|teamsize|p1|6
|teamsize|p2|6
|gametype|singles
|gen|8
|tier|[Gen 8] OU
|rated|
|rule|Sleep Clause Mod: Limit one foe put to sleep
|rule|Species Clause: Limit one of each Pokémon
|rule|OHKO Clause: OHKO moves are banned
|rule|Evasion Moves Clause: Evasion moves are banned
|rule|Endless Battle Clause: Forcing endless battles is banned
|rule|HP Percentage Mod: HP is shown in percentages
|clearpoke
|poke|p1|Bewear, M|
|poke|p1|Centiskorch, F|
|poke|p1|Rotom-Wash|
|poke|p1|Dragapult, F|
|poke|p1|Ferrothorn, F|
|poke|p1|Hippowdon, M|
|poke|p2|Gengar, M|
|poke|p2|Dracovish|
|poke|p2|Eiscue, M|
|poke|p2|Stunfisk-Galar, F|
|poke|p2|Hatterene, F|
|poke|p2|Rotom-Heat|
|rule|Dynamax Clause: You cannot dynamax
|teampreview
|inactive|Battle timer is ON: inactive players will automatically lose when time's up. (requested by my diggasby)
|j| V1KT0RR
|
|start
|switch|p1a: Hippowdon|Hippowdon, M|100/100
|switch|p2a: Dracovish|Dracovish|100/100
|-weather|Sandstorm|[from] ability: Sand Stream|[of] p1a: Hippowdon
|turn|1
|
|switch|p2a: Hatterene|Hatterene, F|100/100
|switch|p1a: Ferrothorn|Ferrothorn, F|100/100
|
|-weather|Sandstorm|[upkeep]
|-damage|p2a: Hatterene|95/100|[from] Sandstorm
|upkeep
|turn|2
|
|switch|p1a: Centiskorch|Centiskorch, F|100/100
|move|p2a: Hatterene|Mystical Fire|p1a: Centiskorch
|-start|p1a: Centiskorch|ability: Flash Fire
|
|-weather|Sandstorm|[upkeep]
|-damage|p1a: Centiskorch|94/100|[from] Sandstorm
|-damage|p2a: Hatterene|89/100|[from] Sandstorm
|upkeep
|turn|3
|l| V1KT0RR
|
|switch|p2a: Dracovish|Dracovish|100/100
|move|p1a: Centiskorch|Knock Off|p2a: Dracovish
|-damage|p2a: Dracovish|77/100
|-enditem|p2a: Dracovish|Quick Claw|[from] move: Knock Off|[of] p1a: Centiskorch
|
|-weather|Sandstorm|[upkeep]
|-damage|p2a: Dracovish|71/100|[from] Sandstorm
|-damage|p1a: Centiskorch|88/100|[from] Sandstorm
|upkeep
|turn|4
|j| V1KT0RR
|
|-end|p1a: Centiskorch|ability: Flash Fire|[silent]
|switch|p1a: Ferrothorn|Ferrothorn, F|100/100
|move|p2a: Dracovish|Earthquake|p1a: Ferrothorn
|-damage|p1a: Ferrothorn|84/100
|
|-weather|Sandstorm|[upkeep]
|-damage|p2a: Dracovish|65/100|[from] Sandstorm
|-heal|p1a: Ferrothorn|90/100|[from] item: Leftovers
|upkeep
|turn|5
|
|switch|p2a: Hatterene|Hatterene, F|89/100
|move|p1a: Ferrothorn|Power Whip|p2a: Hatterene
|-damage|p2a: Hatterene|47/100
|
|-weather|none
|-heal|p1a: Ferrothorn|97/100|[from] item: Leftovers
|upkeep
|turn|6
|
|move|p1a: Ferrothorn|Protect|p1a: Ferrothorn
|-singleturn|p1a: Ferrothorn|Protect
|move|p2a: Hatterene|Draining Kiss|p1a: Ferrothorn
|-activate|p1a: Ferrothorn|move: Protect
|
|-heal|p1a: Ferrothorn|100/100|[from] item: Leftovers
|upkeep
|turn|7
|
|switch|p1a: Centiskorch|Centiskorch, F|88/100
|move|p2a: Hatterene|Mystical Fire|p1a: Centiskorch
|-start|p1a: Centiskorch|ability: Flash Fire
|
|upkeep
|turn|8
|l| V1KT0RR
|
|switch|p2a: Dracovish|Dracovish|65/100
|move|p1a: Centiskorch|Fire Lash|p2a: Dracovish
|-resisted|p2a: Dracovish
|-damage|p2a: Dracovish|55/100
|-unboost|p2a: Dracovish|def|1
|
|upkeep
|turn|9
|
|switch|p2a: Rotom|Rotom-Heat|100/100
|-end|p1a: Centiskorch|ability: Flash Fire|[silent]
|switch|p1a: Rotom|Rotom-Wash|100/100
|
|upkeep
|turn|10
|
|switch|p2a: Dracovish|Dracovish|55/100
|move|p1a: Rotom|Hydro Pump|p2a: Dracovish
|-resisted|p2a: Dracovish
|-damage|p2a: Dracovish|41/100
|
|upkeep
|turn|11
|
|move|p1a: Rotom|Discharge|p2a: Dracovish
|-damage|p2a: Dracovish|0 fnt
|faint|p2a: Dracovish
|
|upkeep
|
|switch|p2a: Hatterene|Hatterene, F|47/100
|turn|12
|
|move|p1a: Rotom|Hydro Pump|p2a: Hatterene
|-damage|p2a: Hatterene|12/100
|move|p2a: Hatterene|Giga Drain|p1a: Rotom
|-supereffective|p1a: Rotom
|-damage|p1a: Rotom|14/100
|-heal|p2a: Hatterene|45/100|[from] drain|[of] p1a: Rotom
|-enditem|p1a: Rotom|Iapapa Berry|[eat]
|-heal|p1a: Rotom|47/100|[from] item: Iapapa Berry
|
|upkeep
|turn|13
|
|switch|p1a: Centiskorch|Centiskorch, F|88/100
|move|p2a: Hatterene|Psyshock|p1a: Centiskorch
|-damage|p1a: Centiskorch|34/100
|
|upkeep
|turn|14
|
|switch|p2a: Rotom|Rotom-Heat|100/100
|move|p1a: Centiskorch|Knock Off|p2a: Rotom
|-damage|p2a: Rotom|67/100
|-enditem|p2a: Rotom|Choice Scarf|[from] move: Knock Off|[of] p1a: Centiskorch
|
|upkeep
|turn|15
|
|move|p2a: Rotom|Trick|p1a: Centiskorch
|-activate|p2a: Rotom|move: Trick|[of] p1a: Centiskorch
|-enditem|p1a: Centiskorch|Heavy-Duty Boots|[silent]|[from] move: Trick
|-item|p2a: Rotom|Heavy-Duty Boots|[from] move: Trick
|move|p1a: Centiskorch|Rest|p1a: Centiskorch
|-status|p1a: Centiskorch|slp|[from] move: Rest
|-heal|p1a: Centiskorch|100/100 slp|[silent]
|
|upkeep
|turn|16
|
|move|p2a: Rotom|Volt Switch|p1a: Centiskorch
|-damage|p1a: Centiskorch|82/100 slp
|
|switch|p2a: Gengar|Gengar, M|100/100|[from]move: Volt Switch
|cant|p1a: Centiskorch|slp
|move|p1a: Centiskorch|Sleep Talk|p1a: Centiskorch
|move|p1a: Centiskorch|Rest|p1a: Centiskorch|[from]Sleep Talk
|-fail|p1a: Centiskorch
|
|upkeep
|turn|17
|
|move|p2a: Gengar|Nasty Plot|p2a: Gengar
|-boost|p2a: Gengar|spa|2
|cant|p1a: Centiskorch|slp
|move|p1a: Centiskorch|Sleep Talk|p1a: Centiskorch
|move|p1a: Centiskorch|Knock Off|p2a: Gengar|[from]Sleep Talk
|-supereffective|p2a: Gengar
|-damage|p2a: Gengar|1/100
|-enditem|p2a: Gengar|Focus Sash|[from] move: Knock Off|[of] p1a: Centiskorch
|
|upkeep
|turn|18
|
|move|p2a: Gengar|Sludge Bomb|p1a: Centiskorch
|-damage|p1a: Centiskorch|16/100 slp
|-curestatus|p1a: Centiskorch|slp|[msg]
|move|p1a: Centiskorch|Knock Off|p2a: Gengar
|-supereffective|p2a: Gengar
|-damage|p2a: Gengar|0 fnt
|-start|p1a: Centiskorch|Disable|Knock Off|[from] ability: Cursed Body|[of] p2a: Gengar
|faint|p2a: Gengar
|
|upkeep
|
|switch|p2a: Eiscue|Eiscue, M, shiny|100/100
|turn|19
|
|move|p2a: Eiscue|Belly Drum|p2a: Eiscue
|-damage|p2a: Eiscue|50/100
|-setboost|p2a: Eiscue|atk|6|[from] move: Belly Drum
|move|p1a: Centiskorch|Fire Lash|p2a: Eiscue
|-activate|p2a: Eiscue|ability: Ice Face
|-damage|p2a: Eiscue|50/100
|-unboost|p2a: Eiscue|def|1
|detailschange|p2a: Eiscue|Eiscue-Noice, M, shiny
|
|upkeep
|turn|20
|
|move|p2a: Eiscue|Ice Punch|p1a: Centiskorch
|-resisted|p1a: Centiskorch
|-damage|p1a: Centiskorch|0 fnt
|faint|p1a: Centiskorch
|
|upkeep
|
|switch|p1a: Dragapult|Dragapult, F|100/100
|turn|21
|
|move|p2a: Eiscue|Endure|p2a: Eiscue
|-singleturn|p2a: Eiscue|move: Endure
|move|p1a: Dragapult|Draco Meteor|p2a: Eiscue|[miss]
|-miss|p1a: Dragapult|p2a: Eiscue
|
|upkeep
|turn|22
|
|move|p1a: Dragapult|Draco Meteor|p2a: Eiscue
|-damage|p2a: Eiscue|0 fnt
|-unboost|p1a: Dragapult|spa|2
|faint|p2a: Eiscue
|
|upkeep
|c|☆my diggasby|clutch miss lol
|
|switch|p2a: Hatterene|Hatterene, F|45/100
|turn|23
|
|switch|p1a: Hippowdon|Hippowdon, M|100/100
|-weather|Sandstorm|[from] ability: Sand Stream|[of] p1a: Hippowdon
|move|p2a: Hatterene|Giga Drain|p1a: Hippowdon
|-supereffective|p1a: Hippowdon
|-damage|p1a: Hippowdon|38/100
|-heal|p2a: Hatterene|86/100|[from] drain|[of] p1a: Hippowdon
|
|-weather|Sandstorm|[upkeep]
|-damage|p2a: Hatterene|80/100|[from] Sandstorm
|-heal|p1a: Hippowdon|44/100|[from] item: Leftovers
|upkeep
|turn|24
|
|move|p1a: Hippowdon|Earthquake|p2a: Hatterene
|-damage|p2a: Hatterene|39/100
|move|p2a: Hatterene|Giga Drain|p1a: Hippowdon
|-supereffective|p1a: Hippowdon
|-damage|p1a: Hippowdon|0 fnt
|-heal|p2a: Hatterene|68/100|[from] drain|[of] p1a: Hippowdon
|faint|p1a: Hippowdon
|
|-weather|Sandstorm|[upkeep]
|-damage|p2a: Hatterene|62/100|[from] Sandstorm
|upkeep
|inactive|my diggasby has 120 seconds left.
|
|switch|p1a: Dragapult|Dragapult, F|100/100
|turn|25
|
|move|p1a: Dragapult|Shadow Ball|p2a: Hatterene
|-supereffective|p2a: Hatterene
|-damage|p2a: Hatterene|0 fnt
|faint|p2a: Hatterene
|
|-weather|Sandstorm|[upkeep]
|-damage|p1a: Dragapult|95/100|[from] Sandstorm
|upkeep
|
|switch|p2a: Rotom|Rotom-Heat|67/100
|turn|26
|
|move|p1a: Dragapult|Shadow Ball|p2a: Rotom
|-damage|p2a: Rotom|0 fnt
|faint|p2a: Rotom
|
|-weather|Sandstorm|[upkeep]
|-damage|p1a: Dragapult|89/100|[from] Sandstorm
|upkeep
|
|switch|p2a: Stunfisk|Stunfisk-Galar, F|100/100
|turn|27
|
|move|p1a: Dragapult|Shadow Ball|p2a: Stunfisk
|-damage|p2a: Stunfisk|52/100
|-unboost|p2a: Stunfisk|spd|1
|move|p2a: Stunfisk|Yawn|p1a: Dragapult
|-start|p1a: Dragapult|move: Yawn|[of] p2a: Stunfisk
|
|-weather|none
|-heal|p2a: Stunfisk|58/100|[from] item: Leftovers
|upkeep
|turn|28
|
|move|p1a: Dragapult|Shadow Ball|p2a: Stunfisk
|-damage|p2a: Stunfisk|0 fnt
|faint|p2a: Stunfisk
|
|win|my diggasby
|c|☆my diggasby|gg
|raw|my diggasby's rating: 1373 → 1395(+22 for winning)
|raw|Pokerandall5's rating: 1411 → 1389(-22 for losing)
|l|☆Pokerandall5
