|ScrapeTime|2020-01-03-00:05:30
|j|☆I do gen 8
|j|☆wannahavefun2
|player|p1|I do gen 8|1|1574
|player|p2|wannahavefun2|elesa|1527
|teamsize|p1|6
|teamsize|p2|6
|gametype|singles
|gen|8
|tier|[Gen 8] OU
|rated|
|rule|Sleep Clause Mod: Limit one foe put to sleep
|rule|Species Clause: Limit one of each Pokémon
|rule|OHKO Clause: OHKO moves are banned
|rule|Evasion Moves Clause: Evasion moves are banned
|rule|Endless Battle Clause: Forcing endless battles is banned
|rule|HP Percentage Mod: HP is shown in percentages
|clearpoke
|poke|p1|Tyranitar, M|
|poke|p1|Dugtrio, F|
|poke|p1|Aegislash, F|
|poke|p1|Mandibuzz, F|
|poke|p1|Seismitoad, F|
|poke|p1|Hatterene, F|
|poke|p2|Dragapult, F|
|poke|p2|Grimmsnarl, M|
|poke|p2|Chandelure, M|
|poke|p2|Hydreigon, F|
|poke|p2|Dugtrio, M|
|poke|p2|Corviknight, M|
|rule|Dynamax Clause: You cannot dynamax
|teampreview
|
|start
|switch|p1a: Seismitoad|Seismitoad, F|100/100
|switch|p2a: Hydreigon|Hydreigon, F|100/100
|turn|1
|
|move|p2a: Hydreigon|Substitute|p2a: Hydreigon
|-start|p2a: Hydreigon|Substitute
|-damage|p2a: Hydreigon|76/100
|move|p1a: Seismitoad|Stealth Rock|p2a: Hydreigon
|-sidestart|p2: wannahavefun2|move: Stealth Rock
|
|-heal|p2a: Hydreigon|82/100|[from] item: Leftovers
|upkeep
|turn|2
|inactive|Battle timer is ON: inactive players will automatically lose when time's up. (requested by I do gen 8)
|
|switch|p1a: Mandibuzz|Mandibuzz, F|100/100
|move|p2a: Hydreigon|Nasty Plot|p2a: Hydreigon
|-boost|p2a: Hydreigon|spa|2
|
|-heal|p2a: Hydreigon|88/100|[from] item: Leftovers
|upkeep
|turn|3
|
|move|p2a: Hydreigon|Nasty Plot|p2a: Hydreigon
|-boost|p2a: Hydreigon|spa|2
|move|p1a: Mandibuzz|U-turn|p2a: Hydreigon
|-supereffective|p2a: Hydreigon
|-end|p2a: Hydreigon|Substitute
|
|switch|p1a: Dugtrio|Dugtrio, F|100/100|[from]move: U-turn
|
|-heal|p2a: Hydreigon|94/100|[from] item: Leftovers
|upkeep
|turn|4
|
|move|p1a: Dugtrio|Stone Edge|p2a: Hydreigon
|-damage|p2a: Hydreigon|63/100
|move|p2a: Hydreigon|Substitute|p2a: Hydreigon
|-start|p2a: Hydreigon|Substitute
|-damage|p2a: Hydreigon|38/100
|
|-heal|p2a: Hydreigon|44/100|[from] item: Leftovers
|upkeep
|turn|5
|
|move|p1a: Dugtrio|Stone Edge|p2a: Hydreigon
|-end|p2a: Hydreigon|Substitute
|move|p2a: Hydreigon|Dark Pulse|p1a: Dugtrio
|-enditem|p1a: Dugtrio|Focus Sash
|-damage|p1a: Dugtrio|1/100
|
|-heal|p2a: Hydreigon|50/100|[from] item: Leftovers
|upkeep
|turn|6
|
|move|p1a: Dugtrio|Reversal|p2a: Hydreigon
|-supereffective|p2a: Hydreigon
|-damage|p2a: Hydreigon|0 fnt
|faint|p2a: Hydreigon
|
|upkeep
|
|switch|p2a: Corviknight|Corviknight, M|100/100
|-damage|p2a: Corviknight|88/100|[from] Stealth Rock
|-ability|p2a: Corviknight|Pressure
|turn|7
|
|move|p1a: Dugtrio|Reversal|p2a: Corviknight
|-damage|p2a: Corviknight|51/100
|move|p2a: Corviknight|Defog|p1a: Dugtrio
|-unboost|p1a: Dugtrio|evasion|1
|-sideend|p2: wannahavefun2|Stealth Rock|[from] move: Defog|[of] p2a: Corviknight
|
|-heal|p2a: Corviknight|57/100|[from] item: Leftovers
|upkeep
|turn|8
|
|switch|p1a: Seismitoad|Seismitoad, F|100/100
|move|p2a: Corviknight|U-turn|p1a: Seismitoad
|-damage|p1a: Seismitoad|90/100
|
|switch|p2a: Dragapult|Dragapult, F|100/100|[from]move: U-turn
|
|-heal|p1a: Seismitoad|96/100|[from] item: Leftovers
|upkeep
|turn|9
|
|switch|p1a: Mandibuzz|Mandibuzz, F|100/100
|move|p2a: Dragapult|Dragon Darts|p1a: Mandibuzz
|-damage|p1a: Mandibuzz|74/100
|-damage|p1a: Mandibuzz|47/100
|-hitcount|p1a: Mandibuzz|2
|
|upkeep
|turn|10
|
|switch|p2a: Chandelure|Chandelure, M|100/100
|switch|p1a: Aegislash|Aegislash, F|100/100
|
|upkeep
|turn|11
|
|move|p1a: Aegislash|King's Shield|p1a: Aegislash
|-singleturn|p1a: Aegislash|Protect
|move|p2a: Chandelure|Shadow Ball|p1a: Aegislash
|-activate|p1a: Aegislash|move: Protect
|
|upkeep
|turn|12
|
|switch|p2a: Grimmsnarl|Grimmsnarl, M|100/100
|switch|p1a: Mandibuzz|Mandibuzz, F|47/100
|
|upkeep
|turn|13
|
|move|p1a: Mandibuzz|Roost|p1a: Mandibuzz
|-heal|p1a: Mandibuzz|97/100
|-singleturn|p1a: Mandibuzz|move: Roost
|move|p2a: Grimmsnarl|Spirit Break|p1a: Mandibuzz
|-supereffective|p1a: Mandibuzz
|-damage|p1a: Mandibuzz|31/100
|-unboost|p1a: Mandibuzz|spa|1
|
|upkeep
|turn|14
|
|move|p1a: Mandibuzz|U-turn|p2a: Grimmsnarl
|-damage|p2a: Grimmsnarl|84/100
|
|switch|p1a: Aegislash|Aegislash, F|100/100|[from]move: U-turn
|move|p2a: Grimmsnarl|Spirit Break|p1a: Aegislash
|-resisted|p1a: Aegislash
|-damage|p1a: Aegislash|82/100
|-unboost|p1a: Aegislash|spa|1
|
|-heal|p1a: Aegislash|88/100|[from] item: Leftovers
|-heal|p2a: Grimmsnarl|90/100|[from] item: Leftovers
|upkeep
|turn|15
|
|move|p2a: Grimmsnarl|Sucker Punch|p1a: Aegislash
|-supereffective|p1a: Aegislash
|-damage|p1a: Aegislash|16/100
|-formechange|p1a: Aegislash|Aegislash-Blade||[from] ability: Stance Change
|move|p1a: Aegislash|Flash Cannon|p2a: Grimmsnarl
|-supereffective|p2a: Grimmsnarl
|-damage|p2a: Grimmsnarl|10/100
|
|-heal|p1a: Aegislash|22/100|[from] item: Leftovers
|-heal|p2a: Grimmsnarl|17/100|[from] item: Leftovers
|upkeep
|turn|16
|
|switch|p1a: Seismitoad|Seismitoad, F|96/100
|move|p2a: Grimmsnarl|Sucker Punch||[still]
|-fail|p2a: Grimmsnarl
|
|-heal|p2a: Grimmsnarl|23/100|[from] item: Leftovers
|-heal|p1a: Seismitoad|100/100|[from] item: Leftovers
|upkeep
|turn|17
|
|switch|p2a: Dragapult|Dragapult, F|100/100
|move|p1a: Seismitoad|Scald|p2a: Dragapult
|-resisted|p2a: Dragapult
|-damage|p2a: Dragapult|83/100
|
|upkeep
|turn|18
|
|move|p2a: Dragapult|Dragon Darts|p1a: Seismitoad
|-damage|p1a: Seismitoad|74/100
|-damage|p1a: Seismitoad|47/100
|-hitcount|p1a: Seismitoad|2
|move|p1a: Seismitoad|Earth Power|p2a: Dragapult
|-crit|p2a: Dragapult
|-damage|p2a: Dragapult|23/100
|
|-heal|p1a: Seismitoad|53/100|[from] item: Leftovers
|upkeep
|turn|19
|
|switch|p2a: Chandelure|Chandelure, M|100/100
|switch|p1a: Hatterene|Hatterene, F|100/100
|
|upkeep
|turn|20
|
|switch|p1a: Seismitoad|Seismitoad, F|53/100
|move|p2a: Chandelure|Shadow Ball|p1a: Seismitoad
|-damage|p1a: Seismitoad|0 fnt
|faint|p1a: Seismitoad
|
|upkeep
|
|switch|p1a: Tyranitar|Tyranitar, M|100/100
|-weather|Sandstorm|[from] ability: Sand Stream|[of] p1a: Tyranitar
|turn|21
|
|switch|p2a: Corviknight|Corviknight, M|57/100
|-ability|p2a: Corviknight|Pressure
|switch|p1a: Mandibuzz|Mandibuzz, F|31/100
|
|-weather|Sandstorm|[upkeep]
|-heal|p2a: Corviknight|63/100|[from] item: Leftovers
|upkeep
|turn|22
|
|move|p1a: Mandibuzz|Roost|p1a: Mandibuzz
|-heal|p1a: Mandibuzz|81/100
|-singleturn|p1a: Mandibuzz|move: Roost
|move|p2a: Corviknight|Roost|p2a: Corviknight
|-heal|p2a: Corviknight|100/100
|-singleturn|p2a: Corviknight|move: Roost
|
|-weather|Sandstorm|[upkeep]
|upkeep
|turn|23
|
|move|p1a: Mandibuzz|Knock Off|p2a: Corviknight
|-damage|p2a: Corviknight|87/100
|-enditem|p2a: Corviknight|Leftovers|[from] move: Knock Off|[of] p1a: Mandibuzz
|move|p2a: Corviknight|U-turn|p1a: Mandibuzz
|-damage|p1a: Mandibuzz|70/100
|
|switch|p2a: Grimmsnarl|Grimmsnarl, M|23/100|[from]move: U-turn
|
|-weather|Sandstorm|[upkeep]
|-damage|p2a: Grimmsnarl|17/100|[from] Sandstorm
|-heal|p2a: Grimmsnarl|23/100|[from] item: Leftovers
|upkeep
|turn|24
|
|move|p1a: Mandibuzz|U-turn|p2a: Grimmsnarl
|-damage|p2a: Grimmsnarl|6/100
|
|switch|p1a: Tyranitar|Tyranitar, M|100/100|[from]move: U-turn
|move|p2a: Grimmsnarl|Spirit Break|p1a: Tyranitar
|-supereffective|p1a: Tyranitar
|-damage|p1a: Tyranitar|20/100
|-unboost|p1a: Tyranitar|spa|1
|
|-weather|Sandstorm|[upkeep]
|-damage|p2a: Grimmsnarl|0 fnt|[from] Sandstorm
|faint|p2a: Grimmsnarl
|upkeep
|
|switch|p2a: Dugtrio|Dugtrio, M|100/100
|turn|25
|
|move|p2a: Dugtrio|Earthquake|p1a: Tyranitar
|-supereffective|p1a: Tyranitar
|-damage|p1a: Tyranitar|0 fnt
|faint|p1a: Tyranitar
|
|-weather|none
|upkeep
|
|switch|p1a: Hatterene|Hatterene, F|100/100
|turn|26
|
|move|p2a: Dugtrio|Earthquake|p1a: Hatterene
|-damage|p1a: Hatterene|64/100
|move|p1a: Hatterene|Calm Mind|p1a: Hatterene
|-boost|p1a: Hatterene|spa|1
|-boost|p1a: Hatterene|spd|1
|
|-heal|p1a: Hatterene|70/100|[from] item: Leftovers
|upkeep
|turn|27
|
|move|p2a: Dugtrio|Earthquake|p1a: Hatterene
|-damage|p1a: Hatterene|38/100
|move|p1a: Hatterene|Draining Kiss|p2a: Dugtrio
|-damage|p2a: Dugtrio|29/100
|-heal|p1a: Hatterene|74/100|[from] drain|[of] p2a: Dugtrio
|
|-heal|p1a: Hatterene|80/100|[from] item: Leftovers
|upkeep
|turn|28
|
|move|p2a: Dugtrio|Stealth Rock|p1a: Hatterene
|move|p1a: Hatterene|Stealth Rock|p2a: Dugtrio|[from]Magic Bounce
|-sidestart|p2: wannahavefun2|move: Stealth Rock
|move|p1a: Hatterene|Draining Kiss|p2a: Dugtrio
|-damage|p2a: Dugtrio|0 fnt
|-heal|p1a: Hatterene|94/100|[from] drain|[of] p2a: Dugtrio
|faint|p2a: Dugtrio
|
|-heal|p1a: Hatterene|99/100|[from] item: Leftovers
|upkeep
|
|switch|p2a: Chandelure|Chandelure, M|100/100
|-damage|p2a: Chandelure|76/100|[from] Stealth Rock
|turn|29
|
|move|p2a: Chandelure|Flamethrower|p1a: Hatterene
|-damage|p1a: Hatterene|43/100
|move|p1a: Hatterene|Psyshock|p2a: Chandelure
|-crit|p2a: Chandelure
|-damage|p2a: Chandelure|0 fnt
|faint|p2a: Chandelure
|
|-heal|p1a: Hatterene|49/100|[from] item: Leftovers
|upkeep
|
|switch|p2a: Dragapult|Dragapult, F|23/100
|-damage|p2a: Dragapult|11/100|[from] Stealth Rock
|turn|30
|inactive|I do gen 8 has 120 seconds left.
|
|switch|p1a: Dugtrio|Dugtrio, F|1/100
|move|p2a: Dragapult|Phantom Force||[still]
|-prepare|p2a: Dragapult|Phantom Force|p1a: Dugtrio
|
|upkeep
|turn|31
|inactive|I do gen 8 has 120 seconds left.
|
|switch|p1a: Mandibuzz|Mandibuzz, F|70/100
|move|p2a: Dragapult|Phantom Force|p1a: Mandibuzz|[from]lockedmove
|-resisted|p1a: Mandibuzz
|-damage|p1a: Mandibuzz|43/100
|
|upkeep
|turn|32
|
|switch|p2a: Corviknight|Corviknight, M|87/100
|-damage|p2a: Corviknight|74/100|[from] Stealth Rock
|-ability|p2a: Corviknight|Pressure
|move|p1a: Mandibuzz|U-turn|p2a: Corviknight
|-resisted|p2a: Corviknight
|-damage|p2a: Corviknight|73/100
|
|switch|p1a: Aegislash|Aegislash, F|22/100|[from]move: U-turn
|
|-heal|p1a: Aegislash|28/100|[from] item: Leftovers
|upkeep
|turn|33
|
|-formechange|p1a: Aegislash|Aegislash-Blade||[from] ability: Stance Change
|move|p1a: Aegislash|Shadow Ball|p2a: Corviknight
|-damage|p2a: Corviknight|21/100
|move|p2a: Corviknight|Defog|p1a: Aegislash
|-unboost|p1a: Aegislash|evasion|1
|-sideend|p2: wannahavefun2|Stealth Rock|[from] move: Defog|[of] p2a: Corviknight
|
|-heal|p1a: Aegislash|35/100|[from] item: Leftovers
|upkeep
|turn|34
|
|move|p1a: Aegislash|Shadow Ball|p2a: Corviknight
|-damage|p2a: Corviknight|0 fnt
|faint|p2a: Corviknight
|
|-heal|p1a: Aegislash|41/100|[from] item: Leftovers
|upkeep
|-message|wannahavefun2 forfeited.
|
|win|I do gen 8
|l|☆wannahavefun2
