|ScrapeTime|2020-01-01-21:16:24
|j|☆drcollateral
|j|☆theluffydu
|player|p1|drcollateral|fantina|1080
|player|p2|theluffydu|102|1053
|teamsize|p1|6
|teamsize|p2|6
|gametype|singles
|gen|8
|tier|[Gen 8] OU
|rated|
|rule|Sleep Clause Mod: Limit one foe put to sleep
|rule|Species Clause: Limit one of each Pokémon
|rule|OHKO Clause: OHKO moves are banned
|rule|Evasion Moves Clause: Evasion moves are banned
|rule|Endless Battle Clause: Forcing endless battles is banned
|rule|HP Percentage Mod: HP is shown in percentages
|clearpoke
|poke|p1|Mr. Mime-Galar, F|
|poke|p1|Accelgor, M|
|poke|p1|Arcanine, M|
|poke|p1|Excadrill, F|
|poke|p1|Tyranitar, F|
|poke|p1|Espeon, F|
|poke|p2|Cinderace, F|
|poke|p2|Grimmsnarl, M|
|poke|p2|Ditto|
|poke|p2|Corviknight, F|
|poke|p2|Dragapult, F|
|poke|p2|Ludicolo, F|
|rule|Dynamax Clause: You cannot dynamax
|teampreview
|inactive|Battle timer is ON: inactive players will automatically lose when time's up. (requested by theluffydu)
|
|start
|switch|p1a: Accelgor|Accelgor, M|100/100
|switch|p2a: Ditto|Ditto|100/100
|-transform|p2a: Ditto|p1a: Accelgor|[from] ability: Imposter
|turn|1
|
|move|p2a: Ditto|Bug Buzz|p1a: Accelgor
|-damage|p1a: Accelgor|45/100
|move|p1a: Accelgor|Spikes|p2a: Ditto
|-sidestart|p2: theluffydu|Spikes
|
|upkeep
|turn|2
|
|switch|p1a: Arcanine|Arcanine, M|100/100
|-ability|p1a: Arcanine|Intimidate|boost
|-unboost|p2a: Ditto|atk|1
|move|p2a: Ditto|Bug Buzz|p1a: Arcanine
|-resisted|p1a: Arcanine
|-damage|p1a: Arcanine|85/100
|
|upkeep
|turn|3
|
|switch|p2a: Ludicolo|Ludicolo, F|100/100
|-damage|p2a: Ludicolo|88/100|[from] Spikes
|move|p1a: Arcanine|Will-O-Wisp|p2a: Ludicolo
|-status|p2a: Ludicolo|brn
|
|-damage|p2a: Ludicolo|82/100 brn|[from] brn
|upkeep
|turn|4
|
|switch|p1a: Mr. Mime|Mr. Mime-Galar, F|100/100
|move|p2a: Ludicolo|Fake Out|p1a: Mr. Mime
|-damage|p1a: Mr. Mime|96/100
|
|-damage|p2a: Ludicolo|76/100 brn|[from] brn
|upkeep
|turn|5
|
|move|p1a: Mr. Mime|Freeze-Dry|p2a: Ludicolo
|-supereffective|p2a: Ludicolo
|-damage|p2a: Ludicolo|3/100 brn
|move|p2a: Ludicolo|Hydro Pump|p1a: Mr. Mime
|-damage|p1a: Mr. Mime|38/100
|
|-damage|p2a: Ludicolo|0 fnt|[from] brn
|faint|p2a: Ludicolo
|upkeep
|
|switch|p2a: Ditto|Ditto|100/100
|-damage|p2a: Ditto|88/100|[from] Spikes
|-transform|p2a: Ditto|p1a: Mr. Mime|[from] ability: Imposter
|turn|6
|
|move|p2a: Ditto|Taunt|p1a: Mr. Mime
|-start|p1a: Mr. Mime|move: Taunt
|cant|p1a: Mr. Mime|move: Taunt|Light Screen
|
|upkeep
|turn|7
|
|switch|p2a: Corviknight|Corviknight, F|100/100
|-ability|p2a: Corviknight|Pressure
|move|p1a: Mr. Mime|Freeze-Dry|p2a: Corviknight
|-damage|p2a: Corviknight|78/100
|-status|p2a: Corviknight|frz
|
|upkeep
|turn|8
|
|switch|p1a: Accelgor|Accelgor, M|45/100
|cant|p2a: Corviknight|frz
|
|upkeep
|turn|9
|
|move|p1a: Accelgor|Spikes|p2a: Corviknight
|-sidestart|p2: theluffydu|Spikes
|cant|p2a: Corviknight|frz
|
|upkeep
|turn|10
|
|move|p1a: Accelgor|Toxic Spikes|p2a: Corviknight
|-sidestart|p2: theluffydu|move: Toxic Spikes
|cant|p2a: Corviknight|frz
|
|upkeep
|turn|11
|
|move|p1a: Accelgor|Toxic Spikes|p2a: Corviknight
|-sidestart|p2: theluffydu|move: Toxic Spikes
|cant|p2a: Corviknight|frz
|
|upkeep
|turn|12
|
|switch|p1a: Mr. Mime|Mr. Mime-Galar, F|38/100
|cant|p2a: Corviknight|frz
|
|upkeep
|turn|13
|
|move|p1a: Mr. Mime|Taunt|p2a: Corviknight
|-start|p2a: Corviknight|move: Taunt
|cant|p2a: Corviknight|frz
|
|upkeep
|turn|14
|c|☆drcollateral|lol
|
|move|p1a: Mr. Mime|Reflect|p1a: Mr. Mime
|-sidestart|p1: drcollateral|Reflect
|cant|p2a: Corviknight|frz
|
|upkeep
|turn|15
|
|move|p1a: Mr. Mime|Light Screen|p1a: Mr. Mime
|-sidestart|p1: drcollateral|move: Light Screen
|cant|p2a: Corviknight|frz
|
|-end|p2a: Corviknight|move: Taunt
|upkeep
|turn|16
|
|move|p1a: Mr. Mime|Taunt|p2a: Corviknight
|-start|p2a: Corviknight|move: Taunt
|cant|p2a: Corviknight|frz
|
|upkeep
|turn|17
|
|move|p1a: Mr. Mime|Freeze-Dry|p2a: Corviknight
|-damage|p2a: Corviknight|58/100 frz
|cant|p2a: Corviknight|frz
|
|upkeep
|turn|18
|
|move|p1a: Mr. Mime|Freeze-Dry|p2a: Corviknight
|-damage|p2a: Corviknight|35/100 frz
|cant|p2a: Corviknight|frz
|
|-end|p2a: Corviknight|move: Taunt
|upkeep
|turn|19
|
|move|p1a: Mr. Mime|Taunt|p2a: Corviknight
|-start|p2a: Corviknight|move: Taunt
|cant|p2a: Corviknight|frz
|
|upkeep
|turn|20
|
|move|p1a: Mr. Mime|Freeze-Dry|p2a: Corviknight
|-damage|p2a: Corviknight|14/100 frz
|cant|p2a: Corviknight|frz
|
|upkeep
|turn|21
|c|☆drcollateral|what is happening
|
|switch|p2a: Grimmsnarl|Grimmsnarl, M|100/100
|-damage|p2a: Grimmsnarl|84/100|[from] Spikes
|-status|p2a: Grimmsnarl|tox
|move|p1a: Mr. Mime|Freeze-Dry|p2a: Grimmsnarl
|-damage|p2a: Grimmsnarl|57/100 tox
|
|-damage|p2a: Grimmsnarl|51/100 tox|[from] psn
|-sideend|p1: drcollateral|Reflect
|upkeep
|turn|22
|
|move|p2a: Grimmsnarl|Taunt|p1a: Mr. Mime
|-start|p1a: Mr. Mime|move: Taunt
|cant|p1a: Mr. Mime|move: Taunt|Taunt
|
|-damage|p2a: Grimmsnarl|39/100 tox|[from] psn
|-sideend|p1: drcollateral|move: Light Screen
|upkeep
|turn|23
|
|switch|p1a: Arcanine|Arcanine, M|85/100
|-ability|p1a: Arcanine|Intimidate|boost
|-unboost|p2a: Grimmsnarl|atk|1
|move|p2a: Grimmsnarl|Spirit Break|p1a: Arcanine
|-resisted|p1a: Arcanine
|-damage|p1a: Arcanine|70/100
|-unboost|p1a: Arcanine|spa|1
|
|-damage|p2a: Grimmsnarl|20/100 tox|[from] psn
|upkeep
|turn|24
|
|move|p2a: Grimmsnarl|Reflect|p2a: Grimmsnarl
|-sidestart|p2: theluffydu|Reflect
|move|p1a: Arcanine|Will-O-Wisp||[still]
|-fail|p1a: Arcanine
|
|-damage|p2a: Grimmsnarl|0 fnt|[from] psn
|faint|p2a: Grimmsnarl
|upkeep
|
|switch|p2a: Corviknight|Corviknight, F|14/100 frz
|-ability|p2a: Corviknight|Pressure
|turn|25
|
|move|p1a: Arcanine|Burn Up|p2a: Corviknight
|-supereffective|p2a: Corviknight
|-damage|p2a: Corviknight|0 fnt
|-start|p1a: Arcanine|typechange|???|[from] move: Burn Up
|faint|p2a: Corviknight
|
|upkeep
|inactive|theluffydu has 120 seconds left.
|
|switch|p2a: Dragapult|Dragapult, F|100/100
|-status|p2a: Dragapult|tox
|-damage|p2a: Dragapult|84/100 tox|[from] Spikes
|turn|26
|
|move|p2a: Dragapult|Substitute|p2a: Dragapult
|-start|p2a: Dragapult|Substitute
|-damage|p2a: Dragapult|59/100 tox
|move|p1a: Arcanine|Roar|p2a: Dragapult
|drag|p2a: Cinderace|Cinderace, F|100/100
|
|upkeep
|turn|27
|
|move|p2a: Cinderace|Court Change|p2a: Cinderace
|-sideend|p2: theluffydu|Spikes|[silent]
|-sidestart|p1: drcollateral|Spikes|[silent]
|-sidestart|p1: drcollateral|Spikes|[silent]
|-sideend|p2: theluffydu|Toxic Spikes|[silent]
|-sidestart|p1: drcollateral|Toxic Spikes|[silent]
|-sidestart|p1: drcollateral|Toxic Spikes|[silent]
|-sideend|p2: theluffydu|Reflect|[silent]
|-sidestart|p1: drcollateral|Reflect|[silent]
|-activate|p2a: Cinderace|move: Court Change
|move|p1a: Arcanine|Roar|p2a: Cinderace
|drag|p2a: Dragapult|Dragapult, F|59/100 tox
|
|-heal|p2a: Dragapult|65/100 tox|[from] item: Leftovers
|-damage|p2a: Dragapult|59/100 tox|[from] psn
|upkeep
|turn|28
|
|move|p2a: Dragapult|Hex|p1a: Arcanine
|-damage|p1a: Arcanine|50/100
|move|p1a: Arcanine|Roar|p2a: Dragapult
|drag|p2a: Ditto|Ditto|88/100
|-transform|p2a: Ditto|p1a: Arcanine|[from] ability: Imposter
|-ability|p2a: Ditto|Intimidate|boost
|-unboost|p1a: Arcanine|atk|1
|
|upkeep
|turn|29
|
|move|p2a: Ditto|Burn Up||[still]
|-fail|p2a: Ditto|move: Burn Up
|move|p1a: Arcanine|Morning Sun|p1a: Arcanine
|-heal|p1a: Arcanine|99/100
|
|upkeep
|turn|30
|
|switch|p2a: Cinderace|Cinderace, F|100/100
|switch|p1a: Excadrill|Excadrill, F|100/100
|-damage|p1a: Excadrill|84/100|[from] Spikes
|
|upkeep
|turn|31
|
|switch|p1a: Arcanine|Arcanine, M|99/100
|-status|p1a: Arcanine|tox
|-damage|p1a: Arcanine|83/100 tox|[from] Spikes
|-ability|p1a: Arcanine|Intimidate|boost
|-unboost|p2a: Cinderace|atk|1
|move|p2a: Cinderace|Pyro Ball|p1a: Arcanine
|-resisted|p1a: Arcanine
|-damage|p1a: Arcanine|73/100 tox
|
|-damage|p1a: Arcanine|67/100 tox|[from] psn
|-sideend|p1: drcollateral|Reflect
|upkeep
|turn|32
|
|switch|p1a: Tyranitar|Tyranitar, F|100/100
|-damage|p1a: Tyranitar|84/100|[from] Spikes
|-status|p1a: Tyranitar|tox
|-weather|Sandstorm|[from] ability: Sand Stream|[of] p1a: Tyranitar
|move|p2a: Cinderace|High Jump Kick|p1a: Tyranitar
|-supereffective|p1a: Tyranitar
|-damage|p1a: Tyranitar|0 fnt
|faint|p1a: Tyranitar
|
|-weather|Sandstorm|[upkeep]
|-damage|p2a: Cinderace|95/100|[from] Sandstorm
|upkeep
|
|switch|p1a: Excadrill|Excadrill, F|84/100
|-damage|p1a: Excadrill|67/100|[from] Spikes
|turn|33
|
|move|p1a: Excadrill|Earthquake|p2a: Cinderace
|-supereffective|p2a: Cinderace
|-damage|p2a: Cinderace|0 fnt
|faint|p2a: Cinderace
|
|-weather|Sandstorm|[upkeep]
|upkeep
|
|switch|p2a: Ditto|Ditto|88/100
|-transform|p2a: Ditto|p1a: Excadrill|[from] ability: Imposter
|turn|34
|
|move|p2a: Ditto|Earthquake|p1a: Excadrill
|-supereffective|p1a: Excadrill
|-damage|p1a: Excadrill|0 fnt
|faint|p1a: Excadrill
|
|-weather|Sandstorm|[upkeep]
|upkeep
|-message|drcollateral forfeited.
|
|win|theluffydu
|l|☆drcollateral
|raw|drcollateral's rating: 1060 → 1042(-18 for losing)
|raw|theluffydu's rating: 1081 → 1107(+26 for winning)
