|ScrapeTime|2020-01-01-07:44:48
|j|☆Abner67
|j|☆TrainerSai
|player|p1|Abner67|pokemonbreeder-gen4|1069
|player|p2|TrainerSai|102|1045
|teamsize|p1|6
|teamsize|p2|6
|gametype|singles
|gen|8
|tier|[Gen 8] OU
|rated|
|rule|Sleep Clause Mod: Limit one foe put to sleep
|rule|Species Clause: Limit one of each Pokémon
|rule|OHKO Clause: OHKO moves are banned
|rule|Evasion Moves Clause: Evasion moves are banned
|rule|Endless Battle Clause: Forcing endless battles is banned
|rule|HP Percentage Mod: HP is shown in percentages
|clearpoke
|poke|p1|Excadrill, M|
|poke|p1|Sirfetch'd, M|
|poke|p1|Togekiss, F|
|poke|p1|Gengar, M|
|poke|p1|Hydreigon, F|
|poke|p1|Inteleon, F|
|poke|p2|Cinderace, M|
|poke|p2|Ditto|
|poke|p2|Corsola-Galar, M|
|poke|p2|Cramorant, F|
|poke|p2|Polteageist|
|poke|p2|Falinks|
|rule|Dynamax Clause: You cannot dynamax
|teampreview
|inactive|Battle timer is ON: inactive players will automatically lose when time's up. (requested by TrainerSai)
|
|start
|switch|p1a: Stephen|Gengar, M|100/100
|switch|p2a: Corsola|Corsola-Galar, M|100/100
|turn|1
|
|move|p1a: Stephen|Shadow Ball|p2a: Corsola
|-supereffective|p2a: Corsola
|-damage|p2a: Corsola|47/100
|-damage|p1a: Stephen|91/100|[from] item: Life Orb
|move|p2a: Corsola|Stealth Rock|p1a: Stephen
|-sidestart|p1: Abner67|move: Stealth Rock
|
|upkeep
|turn|2
|
|move|p1a: Stephen|Shadow Ball|p2a: Corsola
|-supereffective|p2a: Corsola
|-damage|p2a: Corsola|0 fnt
|-damage|p1a: Stephen|81/100|[from] item: Life Orb
|faint|p2a: Corsola
|
|upkeep
|
|switch|p2a: Cinderace|Cinderace, M|100/100
|turn|3
|
|switch|p1a: Lerna|Hydreigon, F|100/100
|-damage|p1a: Lerna|88/100|[from] Stealth Rock
|move|p2a: Cinderace|Pyro Ball|p1a: Lerna
|-resisted|p1a: Lerna
|-damage|p1a: Lerna|58/100
|
|upkeep
|turn|4
|
|move|p2a: Cinderace|High Jump Kick|p1a: Lerna
|-supereffective|p1a: Lerna
|-damage|p1a: Lerna|0 fnt
|faint|p1a: Lerna
|
|upkeep
|
|switch|p1a: Earhart|Togekiss, F, shiny|100/100
|-damage|p1a: Earhart|76/100|[from] Stealth Rock
|turn|5
|
|move|p2a: Cinderace|U-turn|p1a: Earhart
|-resisted|p1a: Earhart
|-damage|p1a: Earhart|70/100
|
|switch|p2a: Ditto|Ditto|100/100|[from]move: U-turn
|-transform|p2a: Ditto|p1a: Earhart|[from] ability: Imposter
|move|p1a: Earhart|Dazzling Gleam|p2a: Ditto
|-damage|p2a: Ditto|62/100
|
|-heal|p1a: Earhart|76/100|[from] item: Leftovers
|upkeep
|turn|6
|
|switch|p2a: Cramorant|Cramorant, F|100/100
|switch|p1a: Pedro|Excadrill, M|100/100
|-damage|p1a: Pedro|97/100|[from] Stealth Rock
|-ability|p1a: Pedro|Mold Breaker
|
|upkeep
|turn|7
|
|move|p2a: Cramorant|Surf|p1a: Pedro
|-supereffective|p1a: Pedro
|-damage|p1a: Pedro|4/100
|-formechange|p2a: Cramorant|Cramorant-Gulping|
|move|p1a: Pedro|Rapid Spin|p2a: Cramorant
|-damage|p2a: Cramorant|46/100
|-damage|p1a: Pedro|0 fnt|[from] item: Rocky Helmet|[of] p2a: Cramorant
|faint|p1a: Pedro
|
|upkeep
|
|switch|p1a: Stephen|Gengar, M|81/100
|-damage|p1a: Stephen|68/100|[from] Stealth Rock
|turn|8
|
|move|p2a: Cramorant|Endure|p2a: Cramorant
|-singleturn|p2a: Cramorant|move: Endure
|move|p1a: Stephen|Thunderbolt|p2a: Cramorant
|-supereffective|p2a: Cramorant
|-formechange|p2a: Cramorant|Cramorant|
|-damage|p1a: Stephen|43/100|[from] ability: Gulp Missile|[of] p2a: Cramorant
|-unboost|p1a: Stephen|def|1
|-activate|p2a: Cramorant|move: Endure
|-damage|p2a: Cramorant|1/100
|-damage|p1a: Stephen|33/100|[from] item: Life Orb
|
|upkeep
|turn|9
|
|move|p1a: Stephen|Thunderbolt|p2a: Cramorant
|-supereffective|p2a: Cramorant
|-damage|p2a: Cramorant|0 fnt
|-damage|p1a: Stephen|23/100|[from] item: Life Orb
|faint|p2a: Cramorant
|
|upkeep
|
|switch|p2a: Polteageist|Polteageist|100/100
|turn|10
|
|move|p1a: Stephen|Shadow Ball|p2a: Polteageist
|-supereffective|p2a: Polteageist
|-damage|p2a: Polteageist|0 fnt
|-damage|p1a: Stephen|14/100|[from] item: Life Orb
|faint|p2a: Polteageist
|
|upkeep
|
|switch|p2a: Ditto|Ditto|62/100
|-transform|p2a: Ditto|p1a: Stephen|[from] ability: Imposter
|turn|11
|
|move|p2a: Ditto|Shadow Ball|p1a: Stephen
|-supereffective|p1a: Stephen
|-damage|p1a: Stephen|0 fnt
|-start|p2a: Ditto|Disable|Shadow Ball|[from] ability: Cursed Body|[of] p1a: Stephen
|faint|p1a: Stephen
|
|upkeep
|
|switch|p1a: Pavlichenko|Inteleon, F|100/100
|-damage|p1a: Pavlichenko|88/100|[from] Stealth Rock
|turn|12
|
|switch|p2a: Cinderace|Cinderace, M|100/100
|move|p1a: Pavlichenko|Hydro Pump|p2a: Cinderace
|-supereffective|p2a: Cinderace
|-damage|p2a: Cinderace|0 fnt
|faint|p2a: Cinderace
|
|upkeep
|
|switch|p2a: Falinks|Falinks|100/100
|turn|13
|
|switch|p1a: Earhart|Togekiss, F, shiny|76/100
|-damage|p1a: Earhart|51/100|[from] Stealth Rock
|move|p2a: Falinks|No Retreat|p2a: Falinks
|-boost|p2a: Falinks|atk|1
|-boost|p2a: Falinks|def|1
|-boost|p2a: Falinks|spa|1
|-boost|p2a: Falinks|spd|1
|-boost|p2a: Falinks|spe|1
|-start|p2a: Falinks|move: No Retreat
|
|-heal|p1a: Earhart|57/100|[from] item: Leftovers
|upkeep
|turn|14
|
|move|p2a: Falinks|Zen Headbutt|p1a: Earhart
|-damage|p1a: Earhart|17/100
|move|p1a: Earhart|Air Slash|p2a: Falinks
|-supereffective|p2a: Falinks
|-damage|p2a: Falinks|10/100
|
|-heal|p1a: Earhart|23/100|[from] item: Leftovers
|upkeep
|turn|15
|
|move|p2a: Falinks|Zen Headbutt|p1a: Earhart
|-damage|p1a: Earhart|0 fnt
|faint|p1a: Earhart
|
|upkeep
|
|switch|p1a: Pavlichenko|Inteleon, F|88/100
|-damage|p1a: Pavlichenko|76/100|[from] Stealth Rock
|turn|16
|
|move|p2a: Falinks|Close Combat|p1a: Pavlichenko
|-damage|p1a: Pavlichenko|0 fnt
|-unboost|p2a: Falinks|def|1
|-unboost|p2a: Falinks|spd|1
|faint|p1a: Pavlichenko
|
|upkeep
|
|switch|p1a: Percival|Sirfetch'd, M|100/100
|-damage|p1a: Percival|94/100|[from] Stealth Rock
|turn|17
|
|move|p2a: Falinks|Close Combat|p1a: Percival
|-damage|p1a: Percival|0 fnt
|-unboost|p2a: Falinks|def|1
|-unboost|p2a: Falinks|spd|1
|faint|p1a: Percival
|
|win|TrainerSai
|raw|Abner67's rating: 1070 → 1048(-22 for losing)
|raw|TrainerSai's rating: 1045 → 1080(+35 for winning)
|l|☆Abner67
