|ScrapeTime|2020-01-01-05:04:48
|j|☆andrewm0n
|j|☆Yorick Nori
|player|p1|andrewm0n|253|1560
|player|p2|Yorick Nori|266|1572
|teamsize|p1|6
|teamsize|p2|6
|gametype|singles
|gen|8
|tier|[Gen 8] OU
|rated|
|rule|Sleep Clause Mod: Limit one foe put to sleep
|rule|Species Clause: Limit one of each Pokémon
|rule|OHKO Clause: OHKO moves are banned
|rule|Evasion Moves Clause: Evasion moves are banned
|rule|Endless Battle Clause: Forcing endless battles is banned
|rule|HP Percentage Mod: HP is shown in percentages
|clearpoke
|poke|p1|Excadrill, M|
|poke|p1|Polteageist|
|poke|p1|Hatterene, F|
|poke|p1|Vaporeon, F|
|poke|p1|Mandibuzz, F|
|poke|p1|Kommo-o, M|
|poke|p2|Ferrothorn, F|
|poke|p2|Rotom-Wash|
|poke|p2|Corviknight, M|
|poke|p2|Toxapex, F|
|poke|p2|Dracozolt|
|poke|p2|Clefable, F|
|rule|Dynamax Clause: You cannot dynamax
|teampreview
|
|start
|switch|p1a: Polteageist|Polteageist|100/100
|switch|p2a: Rotom|Rotom-Wash|100/100
|turn|1
|
|move|p2a: Rotom|Volt Switch|p1a: Polteageist
|-damage|p1a: Polteageist|59/100
|
|switch|p2a: Corviknight|Corviknight, M|100/100|[from]move: Volt Switch
|-ability|p2a: Corviknight|Pressure
|move|p1a: Polteageist|Will-O-Wisp|p2a: Corviknight
|-status|p2a: Corviknight|brn
|
|-heal|p1a: Polteageist|65/100|[from] item: Leftovers
|-damage|p2a: Corviknight|94/100 brn|[from] brn
|upkeep
|turn|2
|
|switch|p2a: Clefable|Clefable, F|100/100
|move|p1a: Polteageist|Hex|p2a: Clefable
|-damage|p2a: Clefable|83/100
|
|-heal|p1a: Polteageist|71/100|[from] item: Leftovers
|-heal|p2a: Clefable|89/100|[from] item: Leftovers
|upkeep
|turn|3
|
|switch|p1a: Excadrill|Excadrill, M|100/100
|-ability|p1a: Excadrill|Mold Breaker
|move|p2a: Clefable|Moonblast|p1a: Excadrill
|-resisted|p1a: Excadrill
|-damage|p1a: Excadrill|79/100
|
|-heal|p2a: Clefable|95/100|[from] item: Leftovers
|upkeep
|turn|4
|
|switch|p2a: Corviknight|Corviknight, M|94/100 brn
|-ability|p2a: Corviknight|Pressure
|move|p1a: Excadrill|Iron Head|p2a: Corviknight
|-resisted|p2a: Corviknight
|-damage|p2a: Corviknight|77/100 brn
|
|-heal|p2a: Corviknight|83/100 brn|[from] item: Leftovers
|-damage|p2a: Corviknight|77/100 brn|[from] brn
|upkeep
|turn|5
|
|switch|p2a: Clefable|Clefable, F|95/100
|move|p1a: Excadrill|Stealth Rock|p2a: Clefable
|-sidestart|p2: Yorick Nori|move: Stealth Rock
|
|-heal|p2a: Clefable|100/100|[from] item: Leftovers
|upkeep
|turn|6
|
|switch|p2a: Corviknight|Corviknight, M|77/100 brn
|-damage|p2a: Corviknight|64/100 brn|[from] Stealth Rock
|-ability|p2a: Corviknight|Pressure
|move|p1a: Excadrill|Iron Head|p2a: Corviknight
|-resisted|p2a: Corviknight
|-damage|p2a: Corviknight|47/100 brn
|
|-heal|p2a: Corviknight|54/100 brn|[from] item: Leftovers
|-damage|p2a: Corviknight|47/100 brn|[from] brn
|upkeep
|turn|7
|
|move|p1a: Excadrill|Iron Head|p2a: Corviknight
|-resisted|p2a: Corviknight
|-damage|p2a: Corviknight|30/100 brn
|cant|p2a: Corviknight|flinch
|
|-heal|p2a: Corviknight|36/100 brn|[from] item: Leftovers
|-damage|p2a: Corviknight|30/100 brn|[from] brn
|upkeep
|turn|8
|
|switch|p1a: Polteageist|Polteageist|71/100
|move|p2a: Corviknight|Roost|p2a: Corviknight
|-heal|p2a: Corviknight|80/100 brn
|-singleturn|p2a: Corviknight|move: Roost
|
|-heal|p1a: Polteageist|77/100|[from] item: Leftovers
|-heal|p2a: Corviknight|86/100 brn|[from] item: Leftovers
|-damage|p2a: Corviknight|80/100 brn|[from] brn
|upkeep
|turn|9
|
|move|p1a: Polteageist|Hex|p2a: Corviknight
|-damage|p2a: Corviknight|41/100 brn
|move|p2a: Corviknight|Defog|p1a: Polteageist
|-unboost|p1a: Polteageist|evasion|1
|-sideend|p2: Yorick Nori|Stealth Rock|[from] move: Defog|[of] p2a: Corviknight
|
|-heal|p1a: Polteageist|84/100|[from] item: Leftovers
|-heal|p2a: Corviknight|48/100 brn|[from] item: Leftovers
|-damage|p2a: Corviknight|41/100 brn|[from] brn
|upkeep
|turn|10
|
|move|p1a: Polteageist|Hex|p2a: Corviknight
|-damage|p2a: Corviknight|2/100 brn
|move|p2a: Corviknight|Roost|p2a: Corviknight
|-heal|p2a: Corviknight|52/100 brn
|-singleturn|p2a: Corviknight|move: Roost
|
|-heal|p1a: Polteageist|90/100|[from] item: Leftovers
|-heal|p2a: Corviknight|59/100 brn|[from] item: Leftovers
|-damage|p2a: Corviknight|52/100 brn|[from] brn
|upkeep
|turn|11
|
|switch|p1a: Vaporeon|Vaporeon, F|100/100
|move|p2a: Corviknight|Roost|p2a: Corviknight
|-heal|p2a: Corviknight|100/100 brn
|-singleturn|p2a: Corviknight|move: Roost
|
|-damage|p2a: Corviknight|94/100 brn|[from] brn
|upkeep
|turn|12
|
|switch|p2a: Toxapex|Toxapex, F|100/100
|move|p1a: Vaporeon|Fake Tears|p2a: Toxapex
|-unboost|p2a: Toxapex|spd|2
|
|upkeep
|turn|13
|
|switch|p1a: Hatterene|Hatterene, F|100/100
|move|p2a: Toxapex|Toxic|p1a: Hatterene
|move|p1a: Hatterene|Toxic|p2a: Toxapex|[from]Magic Bounce
|-immune|p2a: Toxapex
|
|upkeep
|turn|14
|
|switch|p2a: Corviknight|Corviknight, M|94/100 brn
|-ability|p2a: Corviknight|Pressure
|move|p1a: Hatterene|Mystical Fire|p2a: Corviknight
|-supereffective|p2a: Corviknight
|-damage|p2a: Corviknight|59/100 brn
|-unboost|p2a: Corviknight|spa|1
|
|-heal|p2a: Corviknight|65/100 brn|[from] item: Leftovers
|-damage|p2a: Corviknight|59/100 brn|[from] brn
|upkeep
|turn|15
|
|move|p2a: Corviknight|Roost|p2a: Corviknight
|-heal|p2a: Corviknight|100/100 brn
|-singleturn|p2a: Corviknight|move: Roost
|move|p1a: Hatterene|Mystical Fire|p2a: Corviknight
|-supereffective|p2a: Corviknight
|-damage|p2a: Corviknight|62/100 brn
|-unboost|p2a: Corviknight|spa|1
|
|-heal|p2a: Corviknight|69/100 brn|[from] item: Leftovers
|-damage|p2a: Corviknight|62/100 brn|[from] brn
|upkeep
|turn|16
|
|move|p2a: Corviknight|Roost|p2a: Corviknight
|-heal|p2a: Corviknight|100/100 brn
|-singleturn|p2a: Corviknight|move: Roost
|move|p1a: Hatterene|Mystical Fire|p2a: Corviknight
|-supereffective|p2a: Corviknight
|-damage|p2a: Corviknight|64/100 brn
|-unboost|p2a: Corviknight|spa|1
|
|-heal|p2a: Corviknight|71/100 brn|[from] item: Leftovers
|-damage|p2a: Corviknight|64/100 brn|[from] brn
|upkeep
|turn|17
|
|move|p2a: Corviknight|Roost|p2a: Corviknight
|-heal|p2a: Corviknight|100/100 brn
|-singleturn|p2a: Corviknight|move: Roost
|move|p1a: Hatterene|Mystical Fire|p2a: Corviknight
|-supereffective|p2a: Corviknight
|-damage|p2a: Corviknight|62/100 brn
|-unboost|p2a: Corviknight|spa|1
|
|-heal|p2a: Corviknight|68/100 brn|[from] item: Leftovers
|-damage|p2a: Corviknight|62/100 brn|[from] brn
|upkeep
|turn|18
|
|move|p2a: Corviknight|Roost|p2a: Corviknight
|-heal|p2a: Corviknight|100/100 brn
|-singleturn|p2a: Corviknight|move: Roost
|move|p1a: Hatterene|Mystical Fire|p2a: Corviknight
|-supereffective|p2a: Corviknight
|-crit|p2a: Corviknight
|-damage|p2a: Corviknight|39/100 brn
|-unboost|p2a: Corviknight|spa|1
|
|-heal|p2a: Corviknight|46/100 brn|[from] item: Leftovers
|-damage|p2a: Corviknight|39/100 brn|[from] brn
|upkeep
|turn|19
|
|switch|p1a: Vaporeon|Vaporeon, F|100/100
|move|p2a: Corviknight|Roost|p2a: Corviknight
|-heal|p2a: Corviknight|89/100 brn
|-singleturn|p2a: Corviknight|move: Roost
|
|-heal|p2a: Corviknight|96/100 brn|[from] item: Leftovers
|-damage|p2a: Corviknight|89/100 brn|[from] brn
|upkeep
|turn|20
|
|switch|p2a: Toxapex|Toxapex, F|100/100
|move|p1a: Vaporeon|Fake Tears|p2a: Toxapex
|-unboost|p2a: Toxapex|spd|2
|
|upkeep
|turn|21
|
|move|p1a: Vaporeon|Scald|p2a: Toxapex
|-resisted|p2a: Toxapex
|-damage|p2a: Toxapex|78/100
|-status|p2a: Toxapex|brn
|move|p2a: Toxapex|Scald|p1a: Vaporeon
|-immune|p1a: Vaporeon|[from] ability: Water Absorb
|
|-heal|p2a: Toxapex|84/100 brn|[from] item: Black Sludge
|-damage|p2a: Toxapex|78/100 brn|[from] brn
|upkeep
|turn|22
|
|move|p1a: Vaporeon|Scald|p2a: Toxapex
|-resisted|p2a: Toxapex
|-damage|p2a: Toxapex|52/100 brn
|move|p2a: Toxapex|Scald|p1a: Vaporeon
|-immune|p1a: Vaporeon|[from] ability: Water Absorb
|
|-heal|p2a: Toxapex|58/100 brn|[from] item: Black Sludge
|-damage|p2a: Toxapex|52/100 brn|[from] brn
|upkeep
|turn|23
|
|switch|p1a: Hatterene|Hatterene, F|100/100
|switch|p2a: Clefable|Clefable, F|100/100
|
|upkeep
|turn|24
|
|move|p2a: Clefable|Aromatherapy|p2a: Clefable
|-activate|p2a: Clefable|move: Aromatherapy
|-curestatus|p2: Corviknight|brn|[msg]
|-curestatus|p2: Toxapex|brn|[msg]
|move|p1a: Hatterene|Nuzzle|p2a: Clefable
|-damage|p2a: Clefable|96/100
|-status|p2a: Clefable|par
|
|-heal|p2a: Clefable|100/100 par|[from] item: Leftovers
|upkeep
|turn|25
|
|switch|p1a: Excadrill|Excadrill, M|79/100
|-ability|p1a: Excadrill|Mold Breaker
|switch|p2a: Corviknight|Corviknight, M|89/100
|-ability|p2a: Corviknight|Pressure
|
|-heal|p2a: Corviknight|96/100|[from] item: Leftovers
|upkeep
|turn|26
|
|move|p1a: Excadrill|Stealth Rock|p2a: Corviknight
|-sidestart|p2: Yorick Nori|move: Stealth Rock
|move|p2a: Corviknight|Bulk Up|p2a: Corviknight
|-boost|p2a: Corviknight|atk|1
|-boost|p2a: Corviknight|def|1
|
|-heal|p2a: Corviknight|100/100|[from] item: Leftovers
|upkeep
|turn|27
|
|switch|p1a: Polteageist|Polteageist|90/100
|move|p2a: Corviknight|Bulk Up|p2a: Corviknight
|-boost|p2a: Corviknight|atk|1
|-boost|p2a: Corviknight|def|1
|
|-heal|p1a: Polteageist|96/100|[from] item: Leftovers
|upkeep
|turn|28
|
|move|p1a: Polteageist|Will-O-Wisp|p2a: Corviknight|[miss]
|-miss|p1a: Polteageist|p2a: Corviknight
|move|p2a: Corviknight|Brave Bird|p1a: Polteageist
|-damage|p1a: Polteageist|5/100
|-start|p2a: Corviknight|Disable|Brave Bird|[from] ability: Cursed Body|[of] p1a: Polteageist
|-damage|p2a: Corviknight|76/100|[from] Recoil
|
|-heal|p1a: Polteageist|11/100|[from] item: Leftovers
|-heal|p2a: Corviknight|82/100|[from] item: Leftovers
|upkeep
|turn|29
|
|move|p1a: Polteageist|Will-O-Wisp|p2a: Corviknight
|-status|p2a: Corviknight|brn
|move|p2a: Corviknight|Bulk Up|p2a: Corviknight
|-boost|p2a: Corviknight|atk|1
|-boost|p2a: Corviknight|def|1
|
|-heal|p1a: Polteageist|17/100|[from] item: Leftovers
|-heal|p2a: Corviknight|89/100 brn|[from] item: Leftovers
|-damage|p2a: Corviknight|82/100 brn|[from] brn
|upkeep
|turn|30
|
|move|p1a: Polteageist|Strength Sap|p2a: Corviknight
|-unboost|p2a: Corviknight|atk|1
|-heal|p1a: Polteageist|100/100
|move|p2a: Corviknight|Bulk Up|p2a: Corviknight
|-boost|p2a: Corviknight|atk|1
|-boost|p2a: Corviknight|def|1
|
|-heal|p2a: Corviknight|89/100 brn|[from] item: Leftovers
|-damage|p2a: Corviknight|82/100 brn|[from] brn
|upkeep
|turn|31
|
|move|p1a: Polteageist|Hex|p2a: Corviknight
|-damage|p2a: Corviknight|45/100 brn
|move|p2a: Corviknight|Bulk Up|p2a: Corviknight
|-boost|p2a: Corviknight|atk|1
|-boost|p2a: Corviknight|def|1
|
|-heal|p2a: Corviknight|52/100 brn|[from] item: Leftovers
|-damage|p2a: Corviknight|45/100 brn|[from] brn
|-end|p2a: Corviknight|Disable
|upkeep
|turn|32
|
|move|p1a: Polteageist|Hex|p2a: Corviknight
|-damage|p2a: Corviknight|8/100 brn
|move|p2a: Corviknight|Roost|p2a: Corviknight
|-heal|p2a: Corviknight|58/100 brn
|-singleturn|p2a: Corviknight|move: Roost
|
|-heal|p2a: Corviknight|64/100 brn|[from] item: Leftovers
|-damage|p2a: Corviknight|58/100 brn|[from] brn
|upkeep
|turn|33
|
|move|p1a: Polteageist|Hex|p2a: Corviknight
|-damage|p2a: Corviknight|17/100 brn
|move|p2a: Corviknight|Roost|p2a: Corviknight
|-heal|p2a: Corviknight|67/100 brn
|-singleturn|p2a: Corviknight|move: Roost
|
|-heal|p2a: Corviknight|73/100 brn|[from] item: Leftovers
|-damage|p2a: Corviknight|67/100 brn|[from] brn
|upkeep
|turn|34
|
|switch|p1a: Vaporeon|Vaporeon, F|100/100
|move|p2a: Corviknight|Roost|p2a: Corviknight
|-heal|p2a: Corviknight|100/100 brn
|-singleturn|p2a: Corviknight|move: Roost
|
|-damage|p2a: Corviknight|94/100 brn|[from] brn
|upkeep
|turn|35
|
|move|p2a: Corviknight|Brave Bird|p1a: Vaporeon
|-damage|p1a: Vaporeon|59/100
|-damage|p2a: Corviknight|78/100 brn|[from] Recoil
|move|p1a: Vaporeon|Fake Tears|p2a: Corviknight
|-unboost|p2a: Corviknight|spd|2
|
|-heal|p2a: Corviknight|85/100 brn|[from] item: Leftovers
|-heal|p1a: Vaporeon|65/100|[from] item: Leftovers
|-damage|p2a: Corviknight|78/100 brn|[from] brn
|upkeep
|turn|36
|
|move|p2a: Corviknight|Brave Bird|p1a: Vaporeon
|-damage|p1a: Vaporeon|24/100
|-damage|p2a: Corviknight|63/100 brn|[from] Recoil
|move|p1a: Vaporeon|Scald|p2a: Corviknight
|-damage|p2a: Corviknight|18/100 brn
|
|-heal|p2a: Corviknight|25/100 brn|[from] item: Leftovers
|-heal|p1a: Vaporeon|31/100|[from] item: Leftovers
|-damage|p2a: Corviknight|18/100 brn|[from] brn
|upkeep
|turn|37
|
|move|p1a: Vaporeon|Protect|p1a: Vaporeon
|-singleturn|p1a: Vaporeon|Protect
|move|p2a: Corviknight|Brave Bird|p1a: Vaporeon
|-activate|p1a: Vaporeon|move: Protect
|
|-heal|p2a: Corviknight|25/100 brn|[from] item: Leftovers
|-heal|p1a: Vaporeon|37/100|[from] item: Leftovers
|-damage|p2a: Corviknight|18/100 brn|[from] brn
|upkeep
|turn|38
|
|switch|p1a: Mandibuzz|Mandibuzz, F|100/100
|move|p2a: Corviknight|Roost|p2a: Corviknight
|-heal|p2a: Corviknight|68/100 brn
|-singleturn|p2a: Corviknight|move: Roost
|
|-heal|p2a: Corviknight|75/100 brn|[from] item: Leftovers
|-damage|p2a: Corviknight|68/100 brn|[from] brn
|upkeep
|turn|39
|
|move|p1a: Mandibuzz|Knock Off|p2a: Corviknight
|-damage|p2a: Corviknight|62/100 brn
|-enditem|p2a: Corviknight|Leftovers|[from] move: Knock Off|[of] p1a: Mandibuzz
|move|p2a: Corviknight|Bulk Up|p2a: Corviknight
|-boost|p2a: Corviknight|atk|1
|-boost|p2a: Corviknight|def|1
|
|-damage|p2a: Corviknight|56/100 brn|[from] brn
|upkeep
|turn|40
|
|move|p1a: Mandibuzz|Foul Play|p2a: Corviknight
|-damage|p2a: Corviknight|37/100 brn
|move|p2a: Corviknight|Bulk Up|p2a: Corviknight
|-boost|p2a: Corviknight|atk|1
|-boost|p2a: Corviknight|def|0
|
|-damage|p2a: Corviknight|31/100 brn|[from] brn
|upkeep
|turn|41
|
|move|p1a: Mandibuzz|Foul Play|p2a: Corviknight
|-damage|p2a: Corviknight|8/100 brn
|move|p2a: Corviknight|Roost|p2a: Corviknight
|-heal|p2a: Corviknight|57/100 brn
|-singleturn|p2a: Corviknight|move: Roost
|
|-damage|p2a: Corviknight|51/100 brn|[from] brn
|upkeep
|turn|42
|
|move|p1a: Mandibuzz|Foul Play|p2a: Corviknight
|-damage|p2a: Corviknight|27/100 brn
|move|p2a: Corviknight|Roost|p2a: Corviknight
|-heal|p2a: Corviknight|77/100 brn
|-singleturn|p2a: Corviknight|move: Roost
|
|-damage|p2a: Corviknight|71/100 brn|[from] brn
|upkeep
|turn|43
|
|move|p1a: Mandibuzz|Foul Play|p2a: Corviknight
|-damage|p2a: Corviknight|45/100 brn
|move|p2a: Corviknight|Defog|p1a: Mandibuzz
|-unboost|p1a: Mandibuzz|evasion|1
|-sideend|p2: Yorick Nori|Stealth Rock|[from] move: Defog|[of] p2a: Corviknight
|
|-damage|p2a: Corviknight|38/100 brn|[from] brn
|upkeep
|turn|44
|
|move|p1a: Mandibuzz|Foul Play|p2a: Corviknight
|-damage|p2a: Corviknight|15/100 brn
|move|p2a: Corviknight|Roost|p2a: Corviknight
|-heal|p2a: Corviknight|65/100 brn
|-singleturn|p2a: Corviknight|move: Roost
|
|-damage|p2a: Corviknight|59/100 brn|[from] brn
|upkeep
|turn|45
|
|move|p1a: Mandibuzz|Foul Play|p2a: Corviknight
|-damage|p2a: Corviknight|32/100 brn
|move|p2a: Corviknight|Brave Bird|p1a: Mandibuzz
|-damage|p1a: Mandibuzz|56/100
|-damage|p2a: Corviknight|17/100 brn|[from] Recoil
|
|-damage|p2a: Corviknight|11/100 brn|[from] brn
|upkeep
|turn|46
|
|switch|p2a: Clefable|Clefable, F|100/100 par
|move|p1a: Mandibuzz|Foul Play|p2a: Clefable
|-resisted|p2a: Clefable
|-damage|p2a: Clefable|91/100 par
|
|-heal|p2a: Clefable|97/100 par|[from] item: Leftovers
|upkeep
|turn|47
|
|move|p1a: Mandibuzz|Knock Off|p2a: Clefable
|-resisted|p2a: Clefable
|-damage|p2a: Clefable|83/100 par
|-enditem|p2a: Clefable|Leftovers|[from] move: Knock Off|[of] p1a: Mandibuzz
|move|p2a: Clefable|Aromatherapy|p2a: Clefable
|-activate|p2a: Clefable|move: Aromatherapy
|-curestatus|p2a: Clefable|par|[msg]
|-curestatus|p2: Corviknight|brn|[msg]
|
|upkeep
|turn|48
|
|switch|p1a: Hatterene|Hatterene, F|100/100
|move|p2a: Clefable|Wish|p2a: Clefable
|
|upkeep
|turn|49
|
|switch|p2a: Dracozolt|Dracozolt|100/100
|move|p1a: Hatterene|Psychic|p2a: Dracozolt
|-damage|p2a: Dracozolt|60/100
|
|-heal|p2a: Dracozolt|100/100|[from] move: Wish|[wisher] Clefable
|upkeep
|turn|50
|
|switch|p1a: Kommo-o|Kommo-o, M|100/100
|move|p2a: Dracozolt|Bolt Beak|p1a: Kommo-o
|-resisted|p1a: Kommo-o
|-damage|p1a: Kommo-o|40/100
|
|-heal|p1a: Kommo-o|47/100|[from] item: Leftovers
|upkeep
|turn|51
|
|move|p1a: Kommo-o|Clanging Scales|p2a: Dracozolt
|-supereffective|p2a: Dracozolt
|-damage|p2a: Dracozolt|38/100
|-unboost|p1a: Kommo-o|def|1
|move|p2a: Dracozolt|Bolt Beak|p1a: Kommo-o
|-resisted|p1a: Kommo-o
|-damage|p1a: Kommo-o|6/100
|
|-heal|p1a: Kommo-o|12/100|[from] item: Leftovers
|upkeep
|turn|52
|
|switch|p2a: Toxapex|Toxapex, F|85/100
|move|p1a: Kommo-o|Drain Punch|p2a: Toxapex
|-resisted|p2a: Toxapex
|-damage|p2a: Toxapex|74/100
|-heal|p1a: Kommo-o|18/100|[from] drain|[of] p2a: Toxapex
|
|-heal|p1a: Kommo-o|24/100|[from] item: Leftovers
|-heal|p2a: Toxapex|80/100|[from] item: Black Sludge
|upkeep
|turn|53
|
|switch|p1a: Hatterene|Hatterene, F|100/100
|move|p2a: Toxapex|Scald|p1a: Hatterene
|-damage|p1a: Hatterene|88/100
|
|-heal|p2a: Toxapex|87/100|[from] item: Black Sludge
|upkeep
|turn|54
|
|move|p1a: Hatterene|Nuzzle|p2a: Toxapex
|-supereffective|p2a: Toxapex
|-damage|p2a: Toxapex|81/100
|-status|p2a: Toxapex|par
|move|p2a: Toxapex|Scald|p1a: Hatterene
|-damage|p1a: Hatterene|76/100
|
|-heal|p2a: Toxapex|88/100 par|[from] item: Black Sludge
|upkeep
|turn|55
|
|switch|p2a: Clefable|Clefable, F|83/100
|move|p1a: Hatterene|Psychic|p2a: Clefable
|-damage|p2a: Clefable|52/100
|
|upkeep
|turn|56
|
|move|p2a: Clefable|Wish|p2a: Clefable
|move|p1a: Hatterene|Nuzzle|p2a: Clefable
|-damage|p2a: Clefable|47/100
|-status|p2a: Clefable|par
|
|upkeep
|turn|57
|
|move|p1a: Hatterene|Psychic|p2a: Clefable
|-damage|p2a: Clefable|12/100 par
|move|p2a: Clefable|Aromatherapy|p2a: Clefable
|-activate|p2a: Clefable|move: Aromatherapy
|-curestatus|p2a: Clefable|par|[msg]
|-curestatus|p2: Toxapex|par|[msg]
|
|-heal|p2a: Clefable|62/100|[from] move: Wish|[wisher] Clefable
|upkeep
|turn|58
|
|move|p2a: Clefable|Wish|p2a: Clefable
|move|p1a: Hatterene|Nuzzle|p2a: Clefable
|-damage|p2a: Clefable|58/100
|-status|p2a: Clefable|par
|
|upkeep
|turn|59
|inactive|Battle timer is ON: inactive players will automatically lose when time's up. (requested by andrewm0n)
|inactive|Yorick Nori has 120 seconds left.
|j| Celtis Laddering
|inactive|Yorick Nori has 90 seconds left.
|
|move|p1a: Hatterene|Psychic|p2a: Clefable
|-damage|p2a: Clefable|26/100 par
|move|p2a: Clefable|Aromatherapy|p2a: Clefable
|-activate|p2a: Clefable|move: Aromatherapy
|-curestatus|p2a: Clefable|par|[msg]
|
|-heal|p2a: Clefable|76/100|[from] move: Wish|[wisher] Clefable
|upkeep
|turn|60
|
|switch|p2a: Rotom|Rotom-Wash|100/100
|move|p1a: Hatterene|Nuzzle|p2a: Rotom
|-damage|p2a: Rotom|95/100
|
|upkeep
|turn|61
|
|switch|p1a: Excadrill|Excadrill, M|79/100
|-ability|p1a: Excadrill|Mold Breaker
|move|p2a: Rotom|Trick|p1a: Excadrill
|-activate|p2a: Rotom|move: Trick|[of] p1a: Excadrill
|-item|p1a: Excadrill|Choice Specs|[from] move: Trick
|-item|p2a: Rotom|Focus Sash|[from] move: Trick
|
|upkeep
|turn|62
|
|switch|p2a: Corviknight|Corviknight, M|11/100
|-ability|p2a: Corviknight|Pressure
|move|p1a: Excadrill|Iron Head|p2a: Corviknight
|-resisted|p2a: Corviknight
|-damage|p2a: Corviknight|0 fnt
|faint|p2a: Corviknight
|
|upkeep
|
|switch|p2a: Rotom|Rotom-Wash|95/100
|turn|63
|
|switch|p1a: Hatterene|Hatterene, F|76/100
|move|p2a: Rotom|Volt Switch|p1a: Hatterene
|-damage|p1a: Hatterene|54/100
|
|switch|p2a: Dracozolt|Dracozolt|38/100|[from]move: Volt Switch
|
|upkeep
|turn|64
|
|switch|p1a: Mandibuzz|Mandibuzz, F|56/100
|move|p2a: Dracozolt|Earthquake|p1a: Mandibuzz
|-immune|p1a: Mandibuzz
|
|upkeep
|turn|65
|inactive|Yorick Nori has 120 seconds left.
|
|move|p2a: Dracozolt|Bolt Beak|p1a: Mandibuzz
|-supereffective|p1a: Mandibuzz
|-damage|p1a: Mandibuzz|0 fnt
|faint|p1a: Mandibuzz
|
|upkeep
|
|switch|p1a: Excadrill|Excadrill, M|79/100
|-ability|p1a: Excadrill|Mold Breaker
|turn|66
|
|switch|p2a: Ferrothorn|Ferrothorn, F|100/100
|move|p1a: Excadrill|Earthquake|p2a: Ferrothorn
|-damage|p2a: Ferrothorn|68/100
|
|-heal|p2a: Ferrothorn|74/100|[from] item: Leftovers
|upkeep
|turn|67
|
|switch|p1a: Polteageist|Polteageist|100/100
|move|p2a: Ferrothorn|Knock Off|p1a: Polteageist
|-supereffective|p1a: Polteageist
|-damage|p1a: Polteageist|53/100
|-enditem|p1a: Polteageist|Leftovers|[from] move: Knock Off|[of] p2a: Ferrothorn
|
|-heal|p2a: Ferrothorn|80/100|[from] item: Leftovers
|upkeep
|turn|68
|
|move|p1a: Polteageist|Will-O-Wisp|p2a: Ferrothorn
|-status|p2a: Ferrothorn|brn
|move|p2a: Ferrothorn|Stealth Rock|p1a: Polteageist
|-sidestart|p1: andrewm0n|move: Stealth Rock
|
|-heal|p2a: Ferrothorn|87/100 brn|[from] item: Leftovers
|-damage|p2a: Ferrothorn|80/100 brn|[from] brn
|upkeep
|turn|69
|
|switch|p1a: Excadrill|Excadrill, M|79/100
|-damage|p1a: Excadrill|76/100|[from] Stealth Rock
|-ability|p1a: Excadrill|Mold Breaker
|switch|p2a: Clefable|Clefable, F|76/100
|
|upkeep
|turn|70
|
|move|p2a: Clefable|Protect|p2a: Clefable
|-singleturn|p2a: Clefable|Protect
|move|p1a: Excadrill|Stealth Rock|p2a: Clefable
|-sidestart|p2: Yorick Nori|move: Stealth Rock
|
|upkeep
|turn|71
|
|switch|p1a: Hatterene|Hatterene, F|54/100
|-damage|p1a: Hatterene|41/100|[from] Stealth Rock
|move|p2a: Clefable|Moonblast|p1a: Hatterene
|-damage|p1a: Hatterene|19/100
|
|upkeep
|turn|72
|
|switch|p1a: Excadrill|Excadrill, M|76/100
|-damage|p1a: Excadrill|73/100|[from] Stealth Rock
|-ability|p1a: Excadrill|Mold Breaker
|move|p2a: Clefable|Moonblast|p1a: Excadrill
|-resisted|p1a: Excadrill
|-damage|p1a: Excadrill|53/100
|
|upkeep
|turn|73
|
|move|p2a: Clefable|Protect|p2a: Clefable
|-singleturn|p2a: Clefable|Protect
|move|p1a: Excadrill|Rapid Spin|p2a: Clefable
|-activate|p2a: Clefable|move: Protect
|
|upkeep
|turn|74
|
|move|p1a: Excadrill|Rapid Spin|p2a: Clefable
|-damage|p2a: Clefable|56/100
|-sideend|p1: andrewm0n|Stealth Rock|[from] move: Rapid Spin|[of] p1a: Excadrill
|-boost|p1a: Excadrill|spe|1
|move|p2a: Clefable|Moonblast|p1a: Excadrill
|-resisted|p1a: Excadrill
|-damage|p1a: Excadrill|32/100
|-unboost|p1a: Excadrill|spa|1
|
|upkeep
|turn|75
|
|switch|p1a: Polteageist|Polteageist|53/100
|move|p2a: Clefable|Wish|p2a: Clefable
|
|upkeep
|turn|76
|
|move|p1a: Polteageist|Hex|p2a: Clefable
|-damage|p2a: Clefable|36/100
|move|p2a: Clefable|Aromatherapy|p2a: Clefable
|-activate|p2a: Clefable|move: Aromatherapy
|-curestatus|p2: Ferrothorn|brn|[msg]
|
|-heal|p2a: Clefable|86/100|[from] move: Wish|[wisher] Clefable
|upkeep
|turn|77
|
|switch|p1a: Excadrill|Excadrill, M|32/100
|-ability|p1a: Excadrill|Mold Breaker
|move|p2a: Clefable|Wish|p2a: Clefable
|
|upkeep
|turn|78
|
|move|p2a: Clefable|Protect|p2a: Clefable
|-singleturn|p2a: Clefable|Protect
|move|p1a: Excadrill|Earthquake|p2a: Clefable
|-activate|p2a: Clefable|move: Protect
|
|-heal|p2a: Clefable|100/100|[from] move: Wish|[wisher] Clefable
|upkeep
|turn|79
|
|move|p1a: Excadrill|Earthquake|p2a: Clefable
|-damage|p2a: Clefable|37/100
|move|p2a: Clefable|Moonblast|p1a: Excadrill
|-resisted|p1a: Excadrill
|-damage|p1a: Excadrill|10/100
|
|upkeep
|turn|80
|
|switch|p2a: Ferrothorn|Ferrothorn, F|80/100
|-damage|p2a: Ferrothorn|74/100|[from] Stealth Rock
|move|p1a: Excadrill|Earthquake|p2a: Ferrothorn
|-damage|p2a: Ferrothorn|45/100
|
|-heal|p2a: Ferrothorn|51/100|[from] item: Leftovers
|upkeep
|turn|81
|
|switch|p1a: Hatterene|Hatterene, F|19/100
|move|p2a: Ferrothorn|Power Whip|p1a: Hatterene
|-damage|p1a: Hatterene|0 fnt
|faint|p1a: Hatterene
|
|-heal|p2a: Ferrothorn|58/100|[from] item: Leftovers
|upkeep
|
|switch|p1a: Vaporeon|Vaporeon, F|37/100
|turn|82
|
|move|p1a: Vaporeon|Wish|p1a: Vaporeon
|move|p2a: Ferrothorn|Leech Seed|p1a: Vaporeon
|-start|p1a: Vaporeon|move: Leech Seed
|
|-heal|p1a: Vaporeon|43/100|[from] item: Leftovers
|-heal|p2a: Ferrothorn|64/100|[from] item: Leftovers
|-damage|p1a: Vaporeon|30/100|[from] Leech Seed|[of] p2a: Ferrothorn
|-heal|p2a: Ferrothorn|80/100|[silent]
|upkeep
|turn|83
|
|switch|p1a: Kommo-o|Kommo-o, M|24/100
|move|p2a: Ferrothorn|Power Whip|p1a: Kommo-o
|-resisted|p1a: Kommo-o
|-damage|p1a: Kommo-o|7/100
|
|-heal|p1a: Kommo-o|86/100|[from] move: Wish|[wisher] Vaporeon
|-heal|p1a: Kommo-o|92/100|[from] item: Leftovers
|-heal|p2a: Ferrothorn|86/100|[from] item: Leftovers
|upkeep
|turn|84
|
|move|p1a: Kommo-o|Clangorous Soul|p1a: Kommo-o
|-boost|p1a: Kommo-o|atk|1
|-boost|p1a: Kommo-o|def|1
|-boost|p1a: Kommo-o|spa|1
|-boost|p1a: Kommo-o|spd|1
|-boost|p1a: Kommo-o|spe|1
|-damage|p1a: Kommo-o|59/100
|move|p2a: Ferrothorn|Leech Seed|p1a: Kommo-o
|-start|p1a: Kommo-o|move: Leech Seed
|
|-heal|p1a: Kommo-o|65/100|[from] item: Leftovers
|-heal|p2a: Ferrothorn|93/100|[from] item: Leftovers
|-damage|p1a: Kommo-o|53/100|[from] Leech Seed|[of] p2a: Ferrothorn
|-heal|p2a: Ferrothorn|100/100|[silent]
|upkeep
|turn|85
|
|switch|p2a: Clefable|Clefable, F|37/100
|move|p1a: Kommo-o|Clangorous Soul|p1a: Kommo-o
|-boost|p1a: Kommo-o|atk|1
|-boost|p1a: Kommo-o|def|1
|-boost|p1a: Kommo-o|spa|1
|-boost|p1a: Kommo-o|spd|1
|-boost|p1a: Kommo-o|spe|1
|-damage|p1a: Kommo-o|19/100
|
|-heal|p1a: Kommo-o|26/100|[from] item: Leftovers
|-damage|p1a: Kommo-o|13/100|[from] Leech Seed|[of] p2a: Clefable
|-heal|p2a: Clefable|46/100|[silent]
|upkeep
|turn|86
|
|move|p2a: Clefable|Protect|p2a: Clefable
|-singleturn|p2a: Clefable|Protect
|move|p1a: Kommo-o|Poison Jab|p2a: Clefable
|-activate|p2a: Clefable|move: Protect
|
|-heal|p1a: Kommo-o|19/100|[from] item: Leftovers
|-damage|p1a: Kommo-o|7/100|[from] Leech Seed|[of] p2a: Clefable
|-heal|p2a: Clefable|56/100|[silent]
|upkeep
|turn|87
|
|move|p2a: Clefable|Protect||[still]
|-fail|p2a: Clefable
|move|p1a: Kommo-o|Drain Punch|p2a: Clefable
|-resisted|p2a: Clefable
|-damage|p2a: Clefable|17/100
|-heal|p1a: Kommo-o|33/100|[from] drain|[of] p2a: Clefable
|
|-heal|p1a: Kommo-o|39/100|[from] item: Leftovers
|-damage|p1a: Kommo-o|27/100|[from] Leech Seed|[of] p2a: Clefable
|-heal|p2a: Clefable|26/100|[silent]
|upkeep
|turn|88
|
|move|p2a: Clefable|Protect|p2a: Clefable
|-singleturn|p2a: Clefable|Protect
|move|p1a: Kommo-o|Drain Punch|p2a: Clefable
|-activate|p2a: Clefable|move: Protect
|
|-heal|p1a: Kommo-o|33/100|[from] item: Leftovers
|-damage|p1a: Kommo-o|21/100|[from] Leech Seed|[of] p2a: Clefable
|-heal|p2a: Clefable|35/100|[silent]
|upkeep
|turn|89
|
|move|p1a: Kommo-o|Drain Punch|p2a: Clefable
|-resisted|p2a: Clefable
|-damage|p2a: Clefable|0 fnt
|-heal|p1a: Kommo-o|44/100|[from] drain|[of] p2a: Clefable
|faint|p2a: Clefable
|
|-heal|p1a: Kommo-o|51/100|[from] item: Leftovers
|upkeep
|
|switch|p2a: Toxapex|Toxapex, F|100/100
|-damage|p2a: Toxapex|88/100|[from] Stealth Rock
|turn|90
|
|move|p1a: Kommo-o|Clanging Scales|p2a: Toxapex
|-damage|p2a: Toxapex|18/100
|-unboost|p1a: Kommo-o|def|1
|move|p2a: Toxapex|Haze|p2a: Toxapex
|-clearallboost
|
|-heal|p1a: Kommo-o|57/100|[from] item: Leftovers
|-heal|p2a: Toxapex|24/100|[from] item: Black Sludge
|-damage|p1a: Kommo-o|44/100|[from] Leech Seed|[of] p2a: Toxapex
|-heal|p2a: Toxapex|36/100|[silent]
|upkeep
|turn|91
|
|move|p1a: Kommo-o|Clanging Scales|p2a: Toxapex
|-damage|p2a: Toxapex|6/100
|-unboost|p1a: Kommo-o|def|1
|move|p2a: Toxapex|Recover|p2a: Toxapex
|-heal|p2a: Toxapex|56/100
|
|-heal|p1a: Kommo-o|51/100|[from] item: Leftovers
|-heal|p2a: Toxapex|62/100|[from] item: Black Sludge
|-damage|p1a: Kommo-o|38/100|[from] Leech Seed|[of] p2a: Toxapex
|-heal|p2a: Toxapex|74/100|[silent]
|upkeep
|turn|92
|
|switch|p1a: Vaporeon|Vaporeon, F|30/100
|move|p2a: Toxapex|Toxic|p1a: Vaporeon
|-status|p1a: Vaporeon|tox
|
|-heal|p1a: Vaporeon|36/100 tox|[from] item: Leftovers
|-heal|p2a: Toxapex|80/100|[from] item: Black Sludge
|-damage|p1a: Vaporeon|30/100 tox|[from] psn
|upkeep
|turn|93
|
|switch|p2a: Rotom|Rotom-Wash|95/100
|-damage|p2a: Rotom|82/100|[from] Stealth Rock
|move|p1a: Vaporeon|Wish|p1a: Vaporeon
|
|-heal|p1a: Vaporeon|36/100 tox|[from] item: Leftovers
|-damage|p1a: Vaporeon|24/100 tox|[from] psn
|upkeep
|turn|94
|inactive|Yorick Nori has 120 seconds left.
|
|switch|p1a: Kommo-o|Kommo-o, M|38/100
|move|p2a: Rotom|Hydro Pump|p1a: Kommo-o
|-resisted|p1a: Kommo-o
|-damage|p1a: Kommo-o|6/100
|
|-heal|p1a: Kommo-o|86/100|[from] move: Wish|[wisher] Vaporeon
|-heal|p1a: Kommo-o|92/100|[from] item: Leftovers
|upkeep
|turn|95
|
|move|p2a: Rotom|Will-O-Wisp|p1a: Kommo-o
|-status|p1a: Kommo-o|brn
|move|p1a: Kommo-o|Clangorous Soul|p1a: Kommo-o
|-boost|p1a: Kommo-o|atk|1
|-boost|p1a: Kommo-o|def|1
|-boost|p1a: Kommo-o|spa|1
|-boost|p1a: Kommo-o|spd|1
|-boost|p1a: Kommo-o|spe|1
|-damage|p1a: Kommo-o|59/100 brn
|
|-heal|p1a: Kommo-o|65/100 brn|[from] item: Leftovers
|-damage|p1a: Kommo-o|59/100 brn|[from] brn
|upkeep
|turn|96
|
|move|p1a: Kommo-o|Clangorous Soul|p1a: Kommo-o
|-boost|p1a: Kommo-o|atk|1
|-boost|p1a: Kommo-o|def|1
|-boost|p1a: Kommo-o|spa|1
|-boost|p1a: Kommo-o|spd|1
|-boost|p1a: Kommo-o|spe|1
|-damage|p1a: Kommo-o|25/100 brn
|move|p2a: Rotom|Volt Switch|p1a: Kommo-o
|-resisted|p1a: Kommo-o
|-crit|p1a: Kommo-o
|-damage|p1a: Kommo-o|0 fnt
|faint|p1a: Kommo-o
|
|switch|p2a: Ferrothorn|Ferrothorn, F|100/100|[from]move: Volt Switch
|-damage|p2a: Ferrothorn|94/100|[from] Stealth Rock
|
|-heal|p2a: Ferrothorn|100/100|[from] item: Leftovers
|upkeep
|c|☆andrewm0n|....
|
|switch|p1a: Polteageist|Polteageist|53/100
|turn|97
|
|move|p1a: Polteageist|Will-O-Wisp|p2a: Ferrothorn
|-status|p2a: Ferrothorn|brn
|move|p2a: Ferrothorn|Leech Seed|p1a: Polteageist
|-start|p1a: Polteageist|move: Leech Seed
|
|-damage|p1a: Polteageist|41/100|[from] Leech Seed|[of] p2a: Ferrothorn
|-damage|p2a: Ferrothorn|94/100 brn|[from] brn
|upkeep
|turn|98
|
|move|p1a: Polteageist|Strength Sap|p2a: Ferrothorn
|-unboost|p2a: Ferrothorn|atk|1
|-heal|p1a: Polteageist|100/100
|move|p2a: Ferrothorn|Knock Off|p1a: Polteageist
|-supereffective|p1a: Polteageist
|-damage|p1a: Polteageist|90/100
|
|-heal|p2a: Ferrothorn|100/100 brn|[from] item: Leftovers
|-damage|p1a: Polteageist|78/100|[from] Leech Seed|[of] p2a: Ferrothorn
|-damage|p2a: Ferrothorn|94/100 brn|[from] brn
|upkeep
|turn|99
|
|move|p1a: Polteageist|Hex|p2a: Ferrothorn
|-damage|p2a: Ferrothorn|46/100 brn
|move|p2a: Ferrothorn|Stealth Rock|p1a: Polteageist
|-sidestart|p1: andrewm0n|move: Stealth Rock
|
|-heal|p2a: Ferrothorn|52/100 brn|[from] item: Leftovers
|-damage|p1a: Polteageist|65/100|[from] Leech Seed|[of] p2a: Ferrothorn
|-heal|p2a: Ferrothorn|64/100 brn|[silent]
|-damage|p2a: Ferrothorn|58/100 brn|[from] brn
|upkeep
|turn|100
|
|switch|p2a: Toxapex|Toxapex, F|100/100
|-damage|p2a: Toxapex|88/100|[from] Stealth Rock
|move|p1a: Polteageist|Aromatherapy|p1a: Polteageist
|-activate|p1a: Polteageist|move: Aromatherapy
|-curestatus|p1: Vaporeon|tox|[msg]
|
|-heal|p2a: Toxapex|94/100|[from] item: Black Sludge
|-damage|p1a: Polteageist|53/100|[from] Leech Seed|[of] p2a: Toxapex
|-heal|p2a: Toxapex|100/100|[silent]
|upkeep
|turn|101
|
|move|p1a: Polteageist|Will-O-Wisp|p2a: Toxapex
|-status|p2a: Toxapex|brn
|move|p2a: Toxapex|Toxic|p1a: Polteageist
|-status|p1a: Polteageist|tox
|
|-damage|p1a: Polteageist|41/100 tox|[from] Leech Seed|[of] p2a: Toxapex
|-damage|p1a: Polteageist|34/100 tox|[from] psn
|-damage|p2a: Toxapex|94/100 brn|[from] brn
|upkeep
|turn|102
|
|move|p1a: Polteageist|Strength Sap|p2a: Toxapex
|-unboost|p2a: Toxapex|atk|1
|-heal|p1a: Polteageist|71/100 tox
|move|p2a: Toxapex|Recover|p2a: Toxapex
|-heal|p2a: Toxapex|100/100 brn
|
|-damage|p1a: Polteageist|58/100 tox|[from] Leech Seed|[of] p2a: Toxapex
|-damage|p1a: Polteageist|46/100 tox|[from] psn
|-damage|p2a: Toxapex|94/100 brn|[from] brn
|upkeep
|turn|103
|
|switch|p1a: Vaporeon|Vaporeon, F|24/100
|-damage|p1a: Vaporeon|12/100|[from] Stealth Rock
|move|p2a: Toxapex|Toxic|p1a: Vaporeon
|-status|p1a: Vaporeon|tox
|
|-heal|p1a: Vaporeon|18/100 tox|[from] item: Leftovers
|-heal|p2a: Toxapex|100/100 brn|[from] item: Black Sludge
|-damage|p1a: Vaporeon|12/100 tox|[from] psn
|-damage|p2a: Toxapex|94/100 brn|[from] brn
|upkeep
|turn|104
|
|switch|p2a: Rotom|Rotom-Wash|82/100
|-damage|p2a: Rotom|70/100|[from] Stealth Rock
|move|p1a: Vaporeon|Wish|p1a: Vaporeon
|
|-heal|p1a: Vaporeon|18/100 tox|[from] item: Leftovers
|-damage|p1a: Vaporeon|6/100 tox|[from] psn
|upkeep
|turn|105
|
|switch|p1a: Excadrill|Excadrill, M|10/100
|-damage|p1a: Excadrill|7/100|[from] Stealth Rock
|-ability|p1a: Excadrill|Mold Breaker
|move|p2a: Rotom|Volt Switch|p1a: Excadrill
|-immune|p1a: Excadrill
|
|-heal|p1a: Excadrill|71/100|[from] move: Wish|[wisher] Vaporeon
|upkeep
|turn|106
|
|move|p1a: Excadrill|Earthquake|p2a: Rotom
|-supereffective|p2a: Rotom
|-damage|p2a: Rotom|0 fnt
|faint|p2a: Rotom
|
|upkeep
|
|switch|p2a: Ferrothorn|Ferrothorn, F|58/100 brn
|-damage|p2a: Ferrothorn|51/100 brn|[from] Stealth Rock
|turn|107
|
|switch|p1a: Vaporeon|Vaporeon, F|6/100 tox
|-damage|p1a: Vaporeon|0 fnt|[from] Stealth Rock
|faint|p1a: Vaporeon
|move|p2a: Ferrothorn|Leech Seed|p1: Vaporeon|[notarget]
|-fail|p2a: Ferrothorn
|
|-heal|p2a: Ferrothorn|58/100 brn|[from] item: Leftovers
|-damage|p2a: Ferrothorn|51/100 brn|[from] brn
|upkeep
|
|switch|p1a: Polteageist|Polteageist|46/100 tox
|-damage|p1a: Polteageist|34/100 tox|[from] Stealth Rock
|turn|108
|l| Celtis Laddering
|
|move|p1a: Polteageist|Hex|p2a: Ferrothorn
|-damage|p2a: Ferrothorn|0 fnt
|faint|p2a: Ferrothorn
|
|-damage|p1a: Polteageist|27/100 tox|[from] psn
|upkeep
|
|switch|p2a: Dracozolt|Dracozolt|38/100
|-damage|p2a: Dracozolt|25/100|[from] Stealth Rock
|turn|109
|
|move|p1a: Polteageist|Hex|p2a: Dracozolt
|-damage|p2a: Dracozolt|1/100
|move|p2a: Dracozolt|Earthquake|p1a: Polteageist
|-damage|p1a: Polteageist|0 fnt
|faint|p1a: Polteageist
|
|upkeep
|
|switch|p1a: Excadrill|Excadrill, M|71/100
|-damage|p1a: Excadrill|68/100|[from] Stealth Rock
|-ability|p1a: Excadrill|Mold Breaker
|turn|110
|
|move|p1a: Excadrill|Earthquake|p2a: Dracozolt
|-supereffective|p2a: Dracozolt
|-damage|p2a: Dracozolt|0 fnt
|faint|p2a: Dracozolt
|
|upkeep
|
|switch|p2a: Toxapex|Toxapex, F|100/100 brn
|-damage|p2a: Toxapex|88/100 brn|[from] Stealth Rock
|turn|111
|
|move|p1a: Excadrill|Earthquake|p2a: Toxapex
|-supereffective|p2a: Toxapex
|-damage|p2a: Toxapex|21/100 brn
|move|p2a: Toxapex|Scald|p1a: Excadrill
|-supereffective|p1a: Excadrill
|-damage|p1a: Excadrill|22/100
|
|-heal|p2a: Toxapex|27/100 brn|[from] item: Black Sludge
|-damage|p2a: Toxapex|21/100 brn|[from] brn
|upkeep
|turn|112
|
|move|p1a: Excadrill|Earthquake|p2a: Toxapex
|-supereffective|p2a: Toxapex
|-crit|p2a: Toxapex
|-damage|p2a: Toxapex|0 fnt
|faint|p2a: Toxapex
|
|win|andrewm0n
|l|☆Yorick Nori
|raw|andrewm0n's rating: 1560 → 1581(+21 for winning)
|raw|Yorick Nori's rating: 1572 → 1551(-21 for losing)
