|ScrapeTime|2020-01-03-00:35:10
|j|☆Vandosaurus
|j|☆Woodsy Noctowl
|player|p1|Vandosaurus|165|
|player|p2|Woodsy Noctowl|192|
|teamsize|p1|6
|teamsize|p2|6
|gametype|singles
|gen|8
|tier|[Gen 8] OU
|rule|Sleep Clause Mod: Limit one foe put to sleep
|rule|Species Clause: Limit one of each Pokémon
|rule|OHKO Clause: OHKO moves are banned
|rule|Evasion Moves Clause: Evasion moves are banned
|rule|Endless Battle Clause: Forcing endless battles is banned
|rule|HP Percentage Mod: HP is shown in percentages
|clearpoke
|poke|p1|Mamoswine, M|
|poke|p1|Roserade, F|
|poke|p1|Arcanine, M|
|poke|p1|Gardevoir, F|
|poke|p1|Ditto|
|poke|p1|Boltund, F|
|poke|p2|Aegislash, M|
|poke|p2|Noivern, F|
|poke|p2|Seismitoad, F|
|poke|p2|Stonjourner, M|
|poke|p2|Golisopod, F|
|poke|p2|Heliolisk, F|
|rule|Dynamax Clause: You cannot dynamax
|teampreview
|c|☆Woodsy Noctowl|glhf
|
|start
|switch|p1a: FLOWER POWER|Roserade, F|100/100
|switch|p2a: Alien vs Predator|Golisopod, F|100/100
|turn|1
|c|☆Vandosaurus|Glhf
|j| Jjjjjerry
|c| Jjjjjerry|hf boys
|
|switch|p1a: Bork 1|Arcanine, M|100/100
|-ability|p1a: Bork 1|Intimidate|boost
|-unboost|p2a: Alien vs Predator|atk|1
|switch|p2a: Manbat|Noivern, F|100/100
|
|upkeep
|turn|2
|
|move|p2a: Manbat|Hurricane|p1a: Bork 1
|-damage|p1a: Bork 1|48/100
|move|p1a: Bork 1|Play Rough|p2a: Manbat
|-supereffective|p2a: Manbat
|-damage|p2a: Manbat|29/100
|
|-heal|p1a: Bork 1|54/100|[from] item: Leftovers
|upkeep
|turn|3
|c|☆Woodsy Noctowl|ah it learns play rough lol
|
|switch|p2a: Shit Kickers|Stonjourner, M|100/100
|move|p1a: Bork 1|Flare Blitz|p2a: Shit Kickers
|-resisted|p2a: Shit Kickers
|-damage|p2a: Shit Kickers|80/100
|-damage|p1a: Bork 1|48/100|[from] Recoil
|
|-heal|p1a: Bork 1|54/100|[from] item: Leftovers
|upkeep
|turn|4
|c| Jjjjjerry|i luv him
|c|☆Vandosaurus|Yeah i brought it just for noivern
|
|switch|p1a: FLOWER POWER|Roserade, F|100/100
|move|p2a: Shit Kickers|Rock Slide|p1a: FLOWER POWER
|-damage|p1a: FLOWER POWER|23/100
|
|upkeep
|turn|5
|c|☆Woodsy Noctowl|is that a gen 8 thing or has it always?
|
|move|p2a: Shit Kickers|Rock Slide|p1a: FLOWER POWER
|-damage|p1a: FLOWER POWER|0 fnt
|faint|p1a: FLOWER POWER
|
|upkeep
|c|☆Vandosaurus|I think it had it in gen 7
|c| Jjjjjerry|gen 7 ii think
|
|switch|p1a: You but better|Ditto|100/100
|-transform|p1a: You but better|p2a: Shit Kickers|[from] ability: Imposter
|turn|6
|
|switch|p2a: Crazy Frog|Seismitoad, F|100/100
|move|p1a: You but better|Stone Edge|p2a: Crazy Frog
|-resisted|p2a: Crazy Frog
|-damage|p2a: Crazy Frog|80/100
|
|-heal|p2a: Crazy Frog|86/100|[from] item: Leftovers
|upkeep
|turn|7
|
|switch|p1a: Beastiality?|Gardevoir, F|100/100
|-ability|p1a: Beastiality?|Water Absorb|[from] ability: Trace|[of] p2a: Crazy Frog
|move|p2a: Crazy Frog|Stealth Rock|p1a: Beastiality?
|-sidestart|p1: Vandosaurus|move: Stealth Rock
|
|-heal|p2a: Crazy Frog|93/100|[from] item: Leftovers
|upkeep
|turn|8
|
|switch|p2a: game title|Aegislash, M|100/100
|move|p1a: Beastiality?|Grass Knot|p2a: game title
|-resisted|p2a: game title
|-damage|p2a: game title|93/100
|
|-heal|p2a: game title|99/100|[from] item: Leftovers
|upkeep
|turn|9
|
|switch|p1a: You but better|Ditto|100/100
|-damage|p1a: You but better|88/100|[from] Stealth Rock
|-transform|p1a: You but better|p2a: game title|[from] ability: Imposter
|-formechange|p2a: game title|Aegislash-Blade||[from] ability: Stance Change
|move|p2a: game title|Shadow Claw|p1a: You but better
|-supereffective|p1a: You but better
|-damage|p1a: You but better|33/100
|
|-heal|p2a: game title|100/100|[from] item: Leftovers
|upkeep
|turn|10
|
|-formechange|p2a: game title|Aegislash||[from] ability: Stance Change
|move|p2a: game title|King's Shield|p2a: game title
|-singleturn|p2a: game title|Protect
|move|p1a: You but better|Shadow Claw|p2a: game title
|-activate|p2a: game title|move: Protect
|-unboost|p1a: You but better|atk|1
|
|upkeep
|turn|11
|
|switch|p2a: Apollo|Heliolisk, F|100/100
|move|p1a: You but better|Shadow Claw|p2a: Apollo
|-immune|p2a: Apollo
|
|upkeep
|turn|12
|
|switch|p1a: Bork 2|Boltund, F|100/100
|-damage|p1a: Bork 2|88/100|[from] Stealth Rock
|move|p2a: Apollo|Substitute|p2a: Apollo
|-start|p2a: Apollo|Substitute
|-damage|p2a: Apollo|75/100
|
|-heal|p2a: Apollo|82/100|[from] item: Leftovers
|upkeep
|turn|13
|
|move|p1a: Bork 2|Fire Fang|p2a: Apollo
|-end|p2a: Apollo|Substitute
|-damage|p1a: Bork 2|79/100|[from] item: Life Orb
|move|p2a: Apollo|Hyper Voice|p1a: Bork 2
|-damage|p1a: Bork 2|0 fnt
|faint|p1a: Bork 2
|
|-heal|p2a: Apollo|88/100|[from] item: Leftovers
|upkeep
|
|switch|p1a: Pork|Mamoswine, M|100/100
|-damage|p1a: Pork|88/100|[from] Stealth Rock
|turn|14
|
|switch|p2a: Alien vs Predator|Golisopod, F|100/100
|move|p1a: Pork|Earthquake|p2a: Alien vs Predator
|-resisted|p2a: Alien vs Predator
|-damage|p2a: Alien vs Predator|72/100
|-damage|p1a: Pork|78/100|[from] item: Life Orb
|
|upkeep
|turn|15
|
|switch|p1a: Bork 1|Arcanine, M|54/100
|-damage|p1a: Bork 1|29/100|[from] Stealth Rock
|-ability|p1a: Bork 1|Intimidate|boost
|-unboost|p2a: Alien vs Predator|atk|1
|move|p2a: Alien vs Predator|First Impression|p1a: Bork 1
|-resisted|p1a: Bork 1
|-damage|p1a: Bork 1|13/100
|
|-heal|p1a: Bork 1|19/100|[from] item: Leftovers
|upkeep
|turn|16
|
|switch|p2a: Shit Kickers|Stonjourner, M|80/100
|move|p1a: Bork 1|Morning Sun|p1a: Bork 1
|-heal|p1a: Bork 1|69/100
|
|-heal|p1a: Bork 1|75/100|[from] item: Leftovers
|upkeep
|turn|17
|
|move|p2a: Shit Kickers|Rock Slide|p1a: Bork 1
|-supereffective|p1a: Bork 1
|-damage|p1a: Bork 1|0 fnt
|faint|p1a: Bork 1
|
|upkeep
|
|switch|p1a: You but better|Ditto|33/100
|-damage|p1a: You but better|21/100|[from] Stealth Rock
|-transform|p1a: You but better|p2a: Shit Kickers|[from] ability: Imposter
|turn|18
|
|move|p1a: You but better|Earthquake|p2a: Shit Kickers
|-supereffective|p2a: Shit Kickers
|-damage|p2a: Shit Kickers|31/100
|move|p2a: Shit Kickers|Rock Slide|p1a: You but better
|-damage|p1a: You but better|0 fnt
|faint|p1a: You but better
|
|upkeep
|
|switch|p1a: Beastiality?|Gardevoir, F|100/100
|-damage|p1a: Beastiality?|88/100|[from] Stealth Rock
|-ability|p1a: Beastiality?|Power Spot|[from] ability: Trace|[of] p2a: Shit Kickers
|turn|19
|
|switch|p2a: game title|Aegislash, M|100/100
|move|p1a: Beastiality?|Mystical Fire|p2a: game title
|-supereffective|p2a: game title
|-crit|p2a: game title
|-damage|p2a: game title|53/100
|-unboost|p2a: game title|spa|1
|
|-heal|p2a: game title|59/100|[from] item: Leftovers
|upkeep
|turn|20
|
|move|p1a: Beastiality?|Mystical Fire|p2a: game title
|-supereffective|p2a: game title
|-damage|p2a: game title|27/100
|-unboost|p2a: game title|spa|1
|-formechange|p2a: game title|Aegislash-Blade||[from] ability: Stance Change
|move|p2a: game title|Shadow Claw|p1a: Beastiality?
|-supereffective|p1a: Beastiality?
|-damage|p1a: Beastiality?|0 fnt
|faint|p1a: Beastiality?
|
|-heal|p2a: game title|33/100|[from] item: Leftovers
|upkeep
|
|switch|p1a: Pork|Mamoswine, M|78/100
|-damage|p1a: Pork|66/100|[from] Stealth Rock
|turn|21
|
|-formechange|p2a: game title|Aegislash||[from] ability: Stance Change
|move|p2a: game title|King's Shield|p2a: game title
|-singleturn|p2a: game title|Protect
|move|p1a: Pork|Earthquake|p2a: game title
|-activate|p2a: game title|move: Protect
|
|-heal|p2a: game title|39/100|[from] item: Leftovers
|upkeep
|turn|22
|
|move|p1a: Pork|Earthquake|p2a: game title
|-supereffective|p2a: game title
|-damage|p2a: game title|0 fnt
|-damage|p1a: Pork|56/100|[from] item: Life Orb
|faint|p2a: game title
|
|upkeep
|
|switch|p2a: Alien vs Predator|Golisopod, F|72/100
|turn|23
|
|move|p2a: Alien vs Predator|First Impression|p1a: Pork
|-damage|p1a: Pork|0 fnt
|faint|p1a: Pork
|
|win|Woodsy Noctowl
|c|☆Woodsy Noctowl|gg
