|ScrapeTime|2020-01-02-09:55:00
|j|☆porrompompom
|j|☆Zhi Yuan 233
|player|p1|porrompompom|170|1851
|player|p2|Zhi Yuan 233|102|1656
|teamsize|p1|6
|teamsize|p2|6
|gametype|singles
|gen|8
|tier|[Gen 8] OU
|rated|
|rule|Sleep Clause Mod: Limit one foe put to sleep
|rule|Species Clause: Limit one of each Pokémon
|rule|OHKO Clause: OHKO moves are banned
|rule|Evasion Moves Clause: Evasion moves are banned
|rule|Endless Battle Clause: Forcing endless battles is banned
|rule|HP Percentage Mod: HP is shown in percentages
|clearpoke
|poke|p1|Reuniclus, F|
|poke|p1|Toxapex, F|
|poke|p1|Corviknight, M|
|poke|p1|Dragapult, F|
|poke|p1|Ferrothorn, F|
|poke|p1|Mandibuzz, F|
|poke|p2|Seismitoad, F|
|poke|p2|Mandibuzz, F|
|poke|p2|Mimikyu, M|
|poke|p2|Dracozolt|
|poke|p2|Cinderace, F|
|poke|p2|Dragapult, F|
|rule|Dynamax Clause: You cannot dynamax
|teampreview
|inactive|Battle timer is ON: inactive players will automatically lose when time's up. (requested by Zhi Yuan 233)
|j|+eMrE MoR 9
|j| IdolsAndAnchorsss
|
|start
|switch|p1a: Dragapult|Dragapult, F|100/100
|switch|p2a: Dracozolt|Dracozolt|100/100
|turn|1
|
|move|p1a: Dragapult|Will-O-Wisp|p2a: Dracozolt|[miss]
|-miss|p1a: Dragapult|p2a: Dracozolt
|move|p2a: Dracozolt|Bolt Beak|p1a: Dragapult
|-resisted|p1a: Dragapult
|-damage|p1a: Dragapult|58/100
|
|-heal|p1a: Dragapult|64/100|[from] item: Leftovers
|upkeep
|turn|2
|j| SKLKLK
|
|switch|p2a: Cinderace|Cinderace, F|100/100
|move|p1a: Dragapult|Will-O-Wisp|p2a: Cinderace|[miss]
|-miss|p1a: Dragapult|p2a: Cinderace
|
|-heal|p1a: Dragapult|70/100|[from] item: Leftovers
|upkeep
|turn|3
|
|move|p1a: Dragapult|Protect|p1a: Dragapult
|-singleturn|p1a: Dragapult|Protect
|move|p2a: Cinderace|U-turn|p1a: Dragapult
|-activate|p1a: Dragapult|move: Protect
|
|-heal|p1a: Dragapult|76/100|[from] item: Leftovers
|upkeep
|turn|4
|
|move|p1a: Dragapult|Substitute|p1a: Dragapult
|-start|p1a: Dragapult|Substitute
|-damage|p1a: Dragapult|51/100
|move|p2a: Cinderace|Pyro Ball|p1a: Dragapult
|-resisted|p1a: Dragapult
|-end|p1a: Dragapult|Substitute
|
|-heal|p1a: Dragapult|57/100|[from] item: Leftovers
|upkeep
|turn|5
|
|move|p1a: Dragapult|Protect|p1a: Dragapult
|-singleturn|p1a: Dragapult|Protect
|move|p2a: Cinderace|U-turn|p1a: Dragapult
|-activate|p1a: Dragapult|move: Protect
|
|-heal|p1a: Dragapult|63/100|[from] item: Leftovers
|upkeep
|turn|6
|
|move|p1a: Dragapult|Hex|p2a: Cinderace
|-damage|p2a: Cinderace|60/100
|move|p2a: Cinderace|U-turn|p1a: Dragapult
|-resisted|p1a: Dragapult
|-damage|p1a: Dragapult|46/100
|-start|p2a: Cinderace|Disable|U-turn|[from] ability: Cursed Body|[of] p1a: Dragapult
|
|switch|p2a: Mandibuzz|Mandibuzz, F|100/100|[from]move: U-turn
|
|-heal|p1a: Dragapult|52/100|[from] item: Leftovers
|upkeep
|turn|7
|
|move|p1a: Dragapult|Protect|p1a: Dragapult
|-singleturn|p1a: Dragapult|Protect
|move|p2a: Mandibuzz|U-turn|p1a: Dragapult
|-activate|p1a: Dragapult|move: Protect
|
|-heal|p1a: Dragapult|58/100|[from] item: Leftovers
|upkeep
|turn|8
|
|switch|p1a: Ferrothorn|Ferrothorn, F|100/100
|move|p2a: Mandibuzz|Foul Play|p1a: Ferrothorn
|-damage|p1a: Ferrothorn|79/100
|-damage|p2a: Mandibuzz|88/100|[from] ability: Iron Barbs|[of] p1a: Ferrothorn
|
|-heal|p1a: Ferrothorn|85/100|[from] item: Leftovers
|upkeep
|turn|9
|j| AgentJojo
|
|switch|p2a: Cinderace|Cinderace, F|60/100
|move|p1a: Ferrothorn|Leech Seed|p2a: Cinderace
|-start|p2a: Cinderace|move: Leech Seed
|
|-heal|p1a: Ferrothorn|91/100|[from] item: Leftovers
|-damage|p2a: Cinderace|47/100|[from] Leech Seed|[of] p1a: Ferrothorn
|-heal|p1a: Ferrothorn|100/100|[silent]
|upkeep
|turn|10
|
|move|p1a: Ferrothorn|Protect|p1a: Ferrothorn
|-singleturn|p1a: Ferrothorn|Protect
|move|p2a: Cinderace|U-turn|p1a: Ferrothorn
|-activate|p1a: Ferrothorn|move: Protect
|
|-damage|p2a: Cinderace|35/100|[from] Leech Seed|[of] p1a: Ferrothorn
|upkeep
|turn|11
|
|switch|p1a: Dragapult|Dragapult, F|58/100
|move|p2a: Cinderace|U-turn|p1a: Dragapult
|-resisted|p1a: Dragapult
|-damage|p1a: Dragapult|42/100
|-start|p2a: Cinderace|Disable|U-turn|[from] ability: Cursed Body|[of] p1a: Dragapult
|
|switch|p2a: Dragapult|Dragapult, F|100/100|[from]move: U-turn
|
|-heal|p1a: Dragapult|48/100|[from] item: Leftovers
|upkeep
|turn|12
|
|move|p1a: Dragapult|Protect|p1a: Dragapult
|-singleturn|p1a: Dragapult|Protect
|move|p2a: Dragapult|Shadow Ball|p1a: Dragapult
|-activate|p1a: Dragapult|move: Protect
|
|-heal|p1a: Dragapult|54/100|[from] item: Leftovers
|upkeep
|turn|13
|
|switch|p1a: Toxapex|Toxapex, F|100/100
|switch|p2a: Dracozolt|Dracozolt|100/100
|
|upkeep
|turn|14
|
|switch|p1a: Ferrothorn|Ferrothorn, F|100/100
|move|p2a: Dracozolt|Substitute|p2a: Dracozolt
|-start|p2a: Dracozolt|Substitute
|-damage|p2a: Dracozolt|76/100
|
|-heal|p2a: Dracozolt|82/100|[from] item: Leftovers
|upkeep
|turn|15
|
|move|p2a: Dracozolt|Low Kick|p1a: Ferrothorn|[miss]
|-miss|p2a: Dracozolt|p1a: Ferrothorn
|move|p1a: Ferrothorn|Stealth Rock|p2a: Dracozolt
|-sidestart|p2: Zhi Yuan 233|move: Stealth Rock
|
|-heal|p2a: Dracozolt|88/100|[from] item: Leftovers
|upkeep
|turn|16
|
|switch|p1a: Dragapult|Dragapult, F|54/100
|move|p2a: Dracozolt|Low Kick|p1a: Dragapult
|-immune|p1a: Dragapult
|
|-heal|p1a: Dragapult|60/100|[from] item: Leftovers
|-heal|p2a: Dracozolt|94/100|[from] item: Leftovers
|upkeep
|turn|17
|
|move|p1a: Dragapult|Protect|p1a: Dragapult
|-singleturn|p1a: Dragapult|Protect
|move|p2a: Dracozolt|Bolt Beak|p1a: Dragapult
|-activate|p1a: Dragapult|move: Protect
|
|-heal|p1a: Dragapult|66/100|[from] item: Leftovers
|-heal|p2a: Dracozolt|100/100|[from] item: Leftovers
|upkeep
|turn|18
|
|move|p1a: Dragapult|Hex|p2a: Dracozolt
|-end|p2a: Dracozolt|Substitute
|move|p2a: Dracozolt|Bolt Beak|p1a: Dragapult
|-resisted|p1a: Dragapult
|-damage|p1a: Dragapult|21/100
|
|-heal|p1a: Dragapult|27/100|[from] item: Leftovers
|upkeep
|turn|19
|
|switch|p2a: Cinderace|Cinderace, F|35/100
|move|p1a: Dragapult|Hex|p2a: Cinderace
|-damage|p2a: Cinderace|0 fnt
|faint|p2a: Cinderace
|
|-heal|p1a: Dragapult|33/100|[from] item: Leftovers
|upkeep
|
|switch|p2a: Mimikyu|Mimikyu, M|100/100
|-damage|p2a: Mimikyu|88/100|[from] Stealth Rock
|turn|20
|
|switch|p1a: Toxapex|Toxapex, F|100/100
|switch|p2a: Dracozolt|Dracozolt|100/100
|-damage|p2a: Dracozolt|88/100|[from] Stealth Rock
|
|-heal|p2a: Dracozolt|94/100|[from] item: Leftovers
|upkeep
|turn|21
|
|switch|p1a: Dragapult|Dragapult, F|33/100
|move|p2a: Dracozolt|Substitute|p2a: Dracozolt
|-start|p2a: Dracozolt|Substitute
|-damage|p2a: Dracozolt|69/100
|
|-heal|p1a: Dragapult|39/100|[from] item: Leftovers
|-heal|p2a: Dracozolt|76/100|[from] item: Leftovers
|upkeep
|turn|22
|
|move|p1a: Dragapult|Protect|p1a: Dragapult
|-singleturn|p1a: Dragapult|Protect
|move|p2a: Dracozolt|Bolt Beak|p1a: Dragapult
|-activate|p1a: Dragapult|move: Protect
|
|-heal|p1a: Dragapult|45/100|[from] item: Leftovers
|-heal|p2a: Dracozolt|82/100|[from] item: Leftovers
|upkeep
|turn|23
|
|move|p1a: Dragapult|Hex|p2a: Dracozolt
|-end|p2a: Dracozolt|Substitute
|move|p2a: Dracozolt|Bolt Beak|p1a: Dragapult
|-resisted|p1a: Dragapult
|-damage|p1a: Dragapult|1/100
|
|-heal|p1a: Dragapult|7/100|[from] item: Leftovers
|-heal|p2a: Dracozolt|88/100|[from] item: Leftovers
|upkeep
|turn|24
|
|switch|p2a: Mandibuzz|Mandibuzz, F|88/100
|move|p1a: Dragapult|Will-O-Wisp|p2a: Mandibuzz
|-status|p2a: Mandibuzz|brn
|
|-heal|p1a: Dragapult|13/100|[from] item: Leftovers
|-damage|p2a: Mandibuzz|82/100 brn|[from] brn
|upkeep
|turn|25
|
|move|p1a: Dragapult|Protect|p1a: Dragapult
|-singleturn|p1a: Dragapult|Protect
|move|p2a: Mandibuzz|Defog|p1a: Dragapult
|-activate|p1a: Dragapult|move: Protect
|
|-heal|p1a: Dragapult|19/100|[from] item: Leftovers
|-damage|p2a: Mandibuzz|76/100 brn|[from] brn
|upkeep
|turn|26
|
|switch|p1a: Corviknight|Corviknight, M|100/100
|-ability|p1a: Corviknight|Pressure
|move|p2a: Mandibuzz|Defog|p1a: Corviknight
|-unboost|p1a: Corviknight|evasion|1
|-sideend|p2: Zhi Yuan 233|Stealth Rock|[from] move: Defog|[of] p2a: Mandibuzz
|
|-damage|p2a: Mandibuzz|70/100 brn|[from] brn
|upkeep
|turn|27
|
|move|p2a: Mandibuzz|Roost|p2a: Mandibuzz
|-heal|p2a: Mandibuzz|100/100 brn
|-singleturn|p2a: Mandibuzz|move: Roost
|move|p1a: Corviknight|Bulk Up|p1a: Corviknight
|-boost|p1a: Corviknight|atk|1
|-boost|p1a: Corviknight|def|1
|
|-damage|p2a: Mandibuzz|94/100 brn|[from] brn
|upkeep
|turn|28
|
|move|p2a: Mandibuzz|U-turn|p1a: Corviknight
|-resisted|p1a: Corviknight
|-damage|p1a: Corviknight|99/100
|
|switch|p2a: Dracozolt|Dracozolt|88/100|[from]move: U-turn
|move|p1a: Corviknight|Substitute|p1a: Corviknight
|-start|p1a: Corviknight|Substitute
|-damage|p1a: Corviknight|75/100
|
|-heal|p2a: Dracozolt|94/100|[from] item: Leftovers
|-heal|p1a: Corviknight|81/100|[from] item: Leftovers
|upkeep
|turn|29
|
|move|p2a: Dracozolt|Bolt Beak|p1a: Corviknight
|-supereffective|p1a: Corviknight
|-end|p1a: Corviknight|Substitute
|move|p1a: Corviknight|Substitute|p1a: Corviknight
|-start|p1a: Corviknight|Substitute
|-damage|p1a: Corviknight|56/100
|
|-heal|p2a: Dracozolt|100/100|[from] item: Leftovers
|-heal|p1a: Corviknight|62/100|[from] item: Leftovers
|upkeep
|turn|30
|
|move|p2a: Dracozolt|Bolt Beak|p1a: Corviknight
|-supereffective|p1a: Corviknight
|-end|p1a: Corviknight|Substitute
|move|p1a: Corviknight|Substitute|p1a: Corviknight
|-start|p1a: Corviknight|Substitute
|-damage|p1a: Corviknight|37/100
|
|-heal|p1a: Corviknight|43/100|[from] item: Leftovers
|upkeep
|turn|31
|
|move|p2a: Dracozolt|Bolt Beak|p1a: Corviknight
|-supereffective|p1a: Corviknight
|-end|p1a: Corviknight|Substitute
|move|p1a: Corviknight|Substitute|p1a: Corviknight
|-start|p1a: Corviknight|Substitute
|-damage|p1a: Corviknight|19/100
|
|-heal|p1a: Corviknight|25/100|[from] item: Leftovers
|upkeep
|turn|32
|
|move|p2a: Dracozolt|Bolt Beak|p1a: Corviknight
|-supereffective|p1a: Corviknight
|-end|p1a: Corviknight|Substitute
|move|p1a: Corviknight|Brave Bird|p2a: Dracozolt
|-resisted|p2a: Dracozolt
|-damage|p2a: Dracozolt|67/100
|-damage|p1a: Corviknight|16/100|[from] Recoil
|
|-heal|p2a: Dracozolt|73/100|[from] item: Leftovers
|-heal|p1a: Corviknight|22/100|[from] item: Leftovers
|upkeep
|turn|33
|
|move|p2a: Dracozolt|Substitute|p2a: Dracozolt
|-start|p2a: Dracozolt|Substitute
|-damage|p2a: Dracozolt|48/100
|move|p1a: Corviknight|Roost|p1a: Corviknight
|-heal|p1a: Corviknight|72/100
|-singleturn|p1a: Corviknight|move: Roost
|
|-heal|p2a: Dracozolt|55/100|[from] item: Leftovers
|-heal|p1a: Corviknight|78/100|[from] item: Leftovers
|upkeep
|turn|34
|j| zombie727
|j| Narmanitan
|
|switch|p1a: Ferrothorn|Ferrothorn, F|100/100
|move|p2a: Dracozolt|Bolt Beak|p1a: Ferrothorn
|-resisted|p1a: Ferrothorn
|-damage|p1a: Ferrothorn|63/100
|-damage|p2a: Dracozolt|42/100|[from] ability: Iron Barbs|[of] p1a: Ferrothorn
|
|-heal|p2a: Dracozolt|48/100|[from] item: Leftovers
|-heal|p1a: Ferrothorn|69/100|[from] item: Leftovers
|upkeep
|turn|35
|
|switch|p1a: Corviknight|Corviknight, M|78/100
|-ability|p1a: Corviknight|Pressure
|move|p2a: Dracozolt|Low Kick|p1a: Corviknight
|-damage|p1a: Corviknight|48/100
|
|-heal|p2a: Dracozolt|55/100|[from] item: Leftovers
|-heal|p1a: Corviknight|54/100|[from] item: Leftovers
|upkeep
|turn|36
|
|move|p2a: Dracozolt|Low Kick|p1a: Corviknight
|-damage|p1a: Corviknight|22/100
|move|p1a: Corviknight|Roost|p1a: Corviknight
|-heal|p1a: Corviknight|72/100
|-singleturn|p1a: Corviknight|move: Roost
|
|-heal|p2a: Dracozolt|61/100|[from] item: Leftovers
|-heal|p1a: Corviknight|78/100|[from] item: Leftovers
|upkeep
|turn|37
|
|move|p2a: Dracozolt|Bolt Beak|p1a: Corviknight
|-supereffective|p1a: Corviknight
|-damage|p1a: Corviknight|0 fnt
|faint|p1a: Corviknight
|
|-heal|p2a: Dracozolt|67/100|[from] item: Leftovers
|upkeep
|
|switch|p1a: Toxapex|Toxapex, F|100/100
|turn|38
|
|move|p2a: Dracozolt|Outrage|p1a: Toxapex|[miss]
|-miss|p2a: Dracozolt|p1a: Toxapex
|move|p1a: Toxapex|Toxic Spikes|p2a: Dracozolt
|-sidestart|p2: Zhi Yuan 233|move: Toxic Spikes
|
|-heal|p2a: Dracozolt|73/100|[from] item: Leftovers
|upkeep
|turn|39
|
|switch|p1a: Ferrothorn|Ferrothorn, F|69/100
|move|p2a: Dracozolt|Outrage|p1a: Ferrothorn
|-resisted|p1a: Ferrothorn
|-damage|p1a: Ferrothorn|40/100
|-damage|p2a: Dracozolt|61/100|[from] ability: Iron Barbs|[of] p1a: Ferrothorn
|
|-heal|p2a: Dracozolt|67/100|[from] item: Leftovers
|-heal|p1a: Ferrothorn|46/100|[from] item: Leftovers
|upkeep
|turn|40
|
|move|p2a: Dracozolt|Outrage|p1a: Ferrothorn|[from]lockedmove
|-resisted|p1a: Ferrothorn
|-damage|p1a: Ferrothorn|18/100
|-damage|p2a: Dracozolt|55/100|[from] ability: Iron Barbs|[of] p1a: Ferrothorn
|move|p1a: Ferrothorn|Power Whip|p2a: Dracozolt
|-resisted|p2a: Dracozolt
|-activate|p2a: Dracozolt|move: Substitute|[damage]
|
|-heal|p2a: Dracozolt|61/100|[from] item: Leftovers
|-heal|p1a: Ferrothorn|24/100|[from] item: Leftovers
|upkeep
|turn|41
|
|move|p1a: Ferrothorn|Protect|p1a: Ferrothorn
|-singleturn|p1a: Ferrothorn|Protect
|move|p2a: Dracozolt|Outrage|p1a: Ferrothorn|[from]lockedmove
|-activate|p1a: Ferrothorn|move: Protect
|-start|p2a: Dracozolt|confusion|[fatigue]
|
|-heal|p2a: Dracozolt|67/100|[from] item: Leftovers
|-heal|p1a: Ferrothorn|30/100|[from] item: Leftovers
|upkeep
|turn|42
|
|-activate|p2a: Dracozolt|confusion
|move|p2a: Dracozolt|Low Kick|p1a: Ferrothorn
|-supereffective|p1a: Ferrothorn
|-crit|p1a: Ferrothorn
|-damage|p1a: Ferrothorn|0 fnt
|-damage|p2a: Dracozolt|55/100|[from] ability: Iron Barbs|[of] p1a: Ferrothorn
|faint|p1a: Ferrothorn
|
|-heal|p2a: Dracozolt|61/100|[from] item: Leftovers
|upkeep
|
|switch|p1a: Reuniclus|Reuniclus, F|100/100
|turn|43
|
|-activate|p2a: Dracozolt|confusion
|-damage|p2a: Dracozolt|40/100|[from] confusion
|move|p1a: Reuniclus|Iron Defense|p1a: Reuniclus
|-boost|p1a: Reuniclus|def|2
|
|-heal|p2a: Dracozolt|46/100|[from] item: Leftovers
|upkeep
|turn|44
|
|switch|p2a: Dragapult|Dragapult, F|100/100
|-status|p2a: Dragapult|psn
|move|p1a: Reuniclus|Iron Defense|p1a: Reuniclus
|-boost|p1a: Reuniclus|def|2
|
|-damage|p2a: Dragapult|88/100 psn|[from] psn
|upkeep
|turn|45
|
|switch|p1a: Mandibuzz|Mandibuzz, F|100/100
|move|p2a: Dragapult|Shadow Ball|p1a: Mandibuzz
|-resisted|p1a: Mandibuzz
|-damage|p1a: Mandibuzz|84/100
|
|-damage|p2a: Dragapult|76/100 psn|[from] psn
|upkeep
|turn|46
|
|switch|p2a: Dracozolt|Dracozolt|46/100
|-status|p2a: Dracozolt|psn
|move|p1a: Mandibuzz|Knock Off|p2a: Dracozolt
|-crit|p2a: Dracozolt
|-damage|p2a: Dracozolt|3/100 psn
|-enditem|p2a: Dracozolt|Leftovers|[from] move: Knock Off|[of] p1a: Mandibuzz
|
|-damage|p2a: Dracozolt|0 fnt|[from] psn
|faint|p2a: Dracozolt
|upkeep
|
|switch|p2a: Mimikyu|Mimikyu, M|88/100
|-status|p2a: Mimikyu|psn
|turn|47
|
|move|p2a: Mimikyu|Swords Dance|p2a: Mimikyu
|-boost|p2a: Mimikyu|atk|2
|move|p1a: Mandibuzz|Knock Off|p2a: Mimikyu
|-activate|p2a: Mimikyu|ability: Disguise
|-damage|p2a: Mimikyu|88/100 psn
|-enditem|p2a: Mimikyu|Life Orb|[from] move: Knock Off|[of] p1a: Mandibuzz
|detailschange|p2a: Mimikyu|Mimikyu-Busted, M
|-damage|p2a: Mimikyu|76/100 psn|[from] ability: Disguise|[of] p2a: Mimikyu
|
|-damage|p2a: Mimikyu|64/100 psn|[from] psn
|upkeep
|turn|48
|
|switch|p1a: Toxapex|Toxapex, F|100/100
|move|p2a: Mimikyu|Play Rough|p1a: Toxapex|[miss]
|-miss|p2a: Mimikyu|p1a: Toxapex
|
|-damage|p2a: Mimikyu|51/100 psn|[from] psn
|upkeep
|turn|49
|-message|Zhi Yuan 233 forfeited.
|
|win|porrompompom
|l|☆Zhi Yuan 233
|raw|porrompompom's rating: 1851 → 1861(+10 for winning)
|raw|Zhi Yuan 233's rating: 1656 → 1646(-10 for losing)
|l|☆porrompompom
