|ScrapeTime|2020-01-02-11:05:01
|j|☆MegaFish12
|j|☆Devil94
|player|p1|MegaFish12|pokemonbreederf|1676
|player|p2|Devil94|101|1584
|teamsize|p1|6
|teamsize|p2|6
|gametype|singles
|gen|8
|tier|[Gen 8] OU
|rated|
|rule|Sleep Clause Mod: Limit one foe put to sleep
|rule|Species Clause: Limit one of each Pokémon
|rule|OHKO Clause: OHKO moves are banned
|rule|Evasion Moves Clause: Evasion moves are banned
|rule|Endless Battle Clause: Forcing endless battles is banned
|rule|HP Percentage Mod: HP is shown in percentages
|clearpoke
|poke|p1|Corviknight, F|
|poke|p1|Clefable, M|
|poke|p1|Aegislash, F|
|poke|p1|Cinderace, M|
|poke|p1|Hydreigon, F|
|poke|p1|Seismitoad, F|
|poke|p2|Hatterene, F|
|poke|p2|Dragapult, M|
|poke|p2|Seismitoad, M|
|poke|p2|Conkeldurr, F|
|poke|p2|Bisharp, M|
|poke|p2|Mandibuzz, F|
|rule|Dynamax Clause: You cannot dynamax
|teampreview
|
|start
|switch|p1a: Clefable|Clefable, M|100/100
|switch|p2a: Seismitoad|Seismitoad, M|100/100
|turn|1
|
|move|p1a: Clefable|Calm Mind|p1a: Clefable
|-boost|p1a: Clefable|spa|1
|-boost|p1a: Clefable|spd|1
|move|p2a: Seismitoad|Stealth Rock|p1a: Clefable
|-sidestart|p1: MegaFish12|move: Stealth Rock
|
|upkeep
|turn|2
|
|switch|p2a: Bisharp|Bisharp, M|100/100
|move|p1a: Clefable|Moonblast|p2a: Bisharp
|-damage|p2a: Bisharp|0 fnt
|faint|p2a: Bisharp
|
|upkeep
|
|switch|p2a: Hatterene|Hatterene, F|100/100
|turn|3
|
|move|p1a: Clefable|Moonblast|p2a: Hatterene
|-damage|p2a: Hatterene|4/100
|move|p2a: Hatterene|Calm Mind|p2a: Hatterene
|-boost|p2a: Hatterene|spa|1
|-boost|p2a: Hatterene|spd|1
|
|-heal|p2a: Hatterene|10/100|[from] item: Leftovers
|upkeep
|turn|4
|
|move|p1a: Clefable|Moonblast|p2a: Hatterene
|-crit|p2a: Hatterene
|-damage|p2a: Hatterene|0 fnt
|faint|p2a: Hatterene
|
|upkeep
|
|switch|p2a: Conkeldurr|Conkeldurr, F|100/100
|turn|5
|
|move|p1a: Clefable|Moonblast|p2a: Conkeldurr
|-supereffective|p2a: Conkeldurr
|-damage|p2a: Conkeldurr|0 fnt
|faint|p2a: Conkeldurr
|
|upkeep
|-message|Devil94 forfeited.
|
|win|MegaFish12
|l|☆Devil94
|raw|MegaFish12's rating: 1676 → 1690(+14 for winning)
|raw|Devil94's rating: 1584 → 1569(-15 for losing)
