|ScrapeTime|2020-01-02-13:04:55
|j|☆MacroYeet
|j|☆Heero2417
|player|p1|MacroYeet|ingo|1305
|player|p2|Heero2417|266|1304
|teamsize|p1|6
|teamsize|p2|6
|gametype|singles
|gen|8
|tier|[Gen 8] OU
|rated|
|rule|Sleep Clause Mod: Limit one foe put to sleep
|rule|Species Clause: Limit one of each Pokémon
|rule|OHKO Clause: OHKO moves are banned
|rule|Evasion Moves Clause: Evasion moves are banned
|rule|Endless Battle Clause: Forcing endless battles is banned
|rule|HP Percentage Mod: HP is shown in percentages
|clearpoke
|poke|p1|Dragapult, F|
|poke|p1|Aegislash, F|
|poke|p1|Dugtrio, M|
|poke|p1|Quagsire, F|
|poke|p1|Mandibuzz, F|
|poke|p1|Corviknight, M|
|poke|p2|Hydreigon, M|
|poke|p2|Aegislash, M|
|poke|p2|Milotic, F|
|poke|p2|Rotom-Heat|
|poke|p2|Hippowdon, F|
|poke|p2|Conkeldurr, F|
|rule|Dynamax Clause: You cannot dynamax
|teampreview
|inactive|Battle timer is ON: inactive players will automatically lose when time's up. (requested by Heero2417)
|
|start
|switch|p1a: Dugtrio|Dugtrio, M|100/100
|switch|p2a: Conkeldurr|Conkeldurr, F|100/100
|turn|1
|
|switch|p1a: Aegislash|Aegislash, F|100/100
|move|p2a: Conkeldurr|Mach Punch|p1a: Aegislash
|-immune|p1a: Aegislash
|
|-status|p2a: Conkeldurr|brn|[from] item: Flame Orb
|upkeep
|turn|2
|
|switch|p2a: Hippowdon|Hippowdon, F|100/100
|-weather|Sandstorm|[from] ability: Sand Stream|[of] p2a: Hippowdon
|move|p1a: Aegislash|King's Shield||[still]
|-fail|p1a: Aegislash
|
|-weather|Sandstorm|[upkeep]
|upkeep
|turn|3
|
|move|p1a: Aegislash|Metal Sound|p2a: Hippowdon
|-unboost|p2a: Hippowdon|spd|2
|move|p2a: Hippowdon|Stealth Rock|p1a: Aegislash
|-sidestart|p1: MacroYeet|move: Stealth Rock
|
|-weather|Sandstorm|[upkeep]
|upkeep
|turn|4
|
|switch|p2a: Milotic|Milotic, F|100/100
|-formechange|p1a: Aegislash|Aegislash-Blade||[from] ability: Stance Change
|move|p1a: Aegislash|Flash Cannon|p2a: Milotic
|-resisted|p2a: Milotic
|-damage|p2a: Milotic|85/100
|
|-weather|Sandstorm|[upkeep]
|-damage|p2a: Milotic|78/100|[from] Sandstorm
|-heal|p2a: Milotic|85/100|[from] item: Leftovers
|upkeep
|turn|5
|
|-formechange|p1a: Aegislash|Aegislash||[from] ability: Stance Change
|move|p1a: Aegislash|King's Shield|p1a: Aegislash
|-singleturn|p1a: Aegislash|Protect
|move|p2a: Milotic|Scald|p1a: Aegislash
|-activate|p1a: Aegislash|move: Protect
|
|-weather|Sandstorm|[upkeep]
|-damage|p2a: Milotic|78/100|[from] Sandstorm
|-heal|p2a: Milotic|85/100|[from] item: Leftovers
|upkeep
|turn|6
|
|move|p1a: Aegislash|Metal Sound|p2a: Milotic
|-unboost|p2a: Milotic|spd|2
|-ability|p2a: Milotic|Competitive
|-boost|p2a: Milotic|spa|2
|move|p2a: Milotic|Scald|p1a: Aegislash
|-damage|p1a: Aegislash|47/100
|
|-weather|none
|-heal|p1a: Aegislash|53/100|[from] item: Leftovers
|-heal|p2a: Milotic|91/100|[from] item: Leftovers
|upkeep
|turn|7
|
|switch|p2a: Hydreigon|Hydreigon, M|100/100
|move|p1a: Aegislash|King's Shield||[still]
|-fail|p1a: Aegislash
|
|-heal|p1a: Aegislash|59/100|[from] item: Leftovers
|upkeep
|turn|8
|
|move|p2a: Hydreigon|Dark Pulse|p1a: Aegislash
|-supereffective|p1a: Aegislash
|-damage|p1a: Aegislash|0 fnt
|faint|p1a: Aegislash
|
|upkeep
|
|switch|p1a: Dragapult|Dragapult, F|100/100
|-damage|p1a: Dragapult|88/100|[from] Stealth Rock
|turn|9
|
|switch|p2a: Aegislash|Aegislash, M|100/100
|move|p1a: Dragapult|Substitute|p1a: Dragapult
|-start|p1a: Dragapult|Substitute
|-damage|p1a: Dragapult|63/100
|
|-heal|p1a: Dragapult|69/100|[from] item: Leftovers
|upkeep
|turn|10
|
|-formechange|p2a: Aegislash|Aegislash-Blade||[from] ability: Stance Change
|move|p2a: Aegislash|Shadow Sneak|p1a: Dragapult
|-supereffective|p1a: Dragapult
|-end|p1a: Dragapult|Substitute
|move|p1a: Dragapult|Phantom Force||[still]
|-prepare|p1a: Dragapult|Phantom Force|p2a: Aegislash
|
|-heal|p1a: Dragapult|75/100|[from] item: Leftovers
|upkeep
|turn|11
|
|switch|p2a: Hippowdon|Hippowdon, F|100/100
|-weather|Sandstorm|[from] ability: Sand Stream|[of] p2a: Hippowdon
|move|p1a: Dragapult|Phantom Force|p2a: Hippowdon|[from]lockedmove
|-damage|p2a: Hippowdon|66/100
|
|-weather|Sandstorm|[upkeep]
|-damage|p1a: Dragapult|69/100|[from] Sandstorm
|-heal|p1a: Dragapult|75/100|[from] item: Leftovers
|-heal|p2a: Hippowdon|72/100|[from] item: Leftovers
|upkeep
|turn|12
|
|move|p1a: Dragapult|Dragon Darts|p2a: Hippowdon
|-damage|p2a: Hippowdon|54/100
|-damage|p2a: Hippowdon|36/100
|-hitcount|p2a: Hippowdon|2
|move|p2a: Hippowdon|Whirlwind|p1a: Dragapult
|drag|p1a: Corviknight|Corviknight, M|100/100
|-damage|p1a: Corviknight|88/100|[from] Stealth Rock
|-ability|p1a: Corviknight|Pressure
|
|-weather|Sandstorm|[upkeep]
|-heal|p1a: Corviknight|94/100|[from] item: Leftovers
|-heal|p2a: Hippowdon|42/100|[from] item: Leftovers
|upkeep
|turn|13
|
|move|p1a: Corviknight|Brave Bird|p2a: Hippowdon
|-damage|p2a: Hippowdon|18/100
|-damage|p1a: Corviknight|86/100|[from] Recoil
|move|p2a: Hippowdon|Slack Off|p2a: Hippowdon
|-heal|p2a: Hippowdon|68/100
|
|-weather|Sandstorm|[upkeep]
|-heal|p1a: Corviknight|92/100|[from] item: Leftovers
|-heal|p2a: Hippowdon|74/100|[from] item: Leftovers
|upkeep
|turn|14
|
|move|p1a: Corviknight|Bulk Up|p1a: Corviknight
|-boost|p1a: Corviknight|atk|1
|-boost|p1a: Corviknight|def|1
|move|p2a: Hippowdon|Slack Off|p2a: Hippowdon
|-heal|p2a: Hippowdon|100/100
|
|-weather|Sandstorm|[upkeep]
|-heal|p1a: Corviknight|98/100|[from] item: Leftovers
|upkeep
|turn|15
|
|switch|p2a: Rotom|Rotom-Heat|100/100
|move|p1a: Corviknight|Brave Bird|p2a: Rotom
|-resisted|p2a: Rotom
|-damage|p2a: Rotom|71/100
|-damage|p1a: Corviknight|91/100|[from] Recoil
|
|-weather|none
|-heal|p1a: Corviknight|97/100|[from] item: Leftovers
|upkeep
|turn|16
|
|switch|p1a: Quagsire|Quagsire, F|100/100
|-damage|p1a: Quagsire|94/100|[from] Stealth Rock
|move|p2a: Rotom|Trick|p1a: Quagsire
|-activate|p2a: Rotom|move: Trick|[of] p1a: Quagsire
|-item|p1a: Quagsire|Choice Scarf|[from] move: Trick
|-item|p2a: Rotom|Leftovers|[from] move: Trick
|
|-heal|p2a: Rotom|77/100|[from] item: Leftovers
|upkeep
|turn|17
|
|switch|p2a: Milotic|Milotic, F|91/100
|move|p1a: Quagsire|Scald|p2a: Milotic
|-resisted|p2a: Milotic
|-damage|p2a: Milotic|84/100
|
|-heal|p2a: Milotic|90/100|[from] item: Leftovers
|upkeep
|turn|18
|
|switch|p1a: Corviknight|Corviknight, M|97/100
|-damage|p1a: Corviknight|85/100|[from] Stealth Rock
|-ability|p1a: Corviknight|Pressure
|move|p2a: Milotic|Ice Beam|p1a: Corviknight
|-damage|p1a: Corviknight|70/100
|
|-heal|p2a: Milotic|96/100|[from] item: Leftovers
|-heal|p1a: Corviknight|76/100|[from] item: Leftovers
|upkeep
|turn|19
|
|move|p2a: Milotic|Scald|p1a: Corviknight
|-damage|p1a: Corviknight|56/100
|move|p1a: Corviknight|Bulk Up|p1a: Corviknight
|-boost|p1a: Corviknight|atk|1
|-boost|p1a: Corviknight|def|1
|
|-heal|p2a: Milotic|100/100|[from] item: Leftovers
|-heal|p1a: Corviknight|62/100|[from] item: Leftovers
|upkeep
|turn|20
|
|move|p2a: Milotic|Scald|p1a: Corviknight
|-damage|p1a: Corviknight|44/100
|move|p1a: Corviknight|Bulk Up|p1a: Corviknight
|-boost|p1a: Corviknight|atk|1
|-boost|p1a: Corviknight|def|1
|
|-heal|p1a: Corviknight|50/100|[from] item: Leftovers
|upkeep
|turn|21
|
|move|p2a: Milotic|Scald|p1a: Corviknight
|-damage|p1a: Corviknight|30/100
|move|p1a: Corviknight|Roost|p1a: Corviknight
|-heal|p1a: Corviknight|80/100
|-singleturn|p1a: Corviknight|move: Roost
|
|-heal|p1a: Corviknight|86/100|[from] item: Leftovers
|upkeep
|turn|22
|
|move|p2a: Milotic|Scald|p1a: Corviknight
|-damage|p1a: Corviknight|66/100
|move|p1a: Corviknight|Body Press|p2a: Milotic
|-damage|p2a: Milotic|72/100
|
|-heal|p2a: Milotic|78/100|[from] item: Leftovers
|-heal|p1a: Corviknight|72/100|[from] item: Leftovers
|upkeep
|turn|23
|
|move|p2a: Milotic|Scald|p1a: Corviknight
|-damage|p1a: Corviknight|53/100
|move|p1a: Corviknight|Bulk Up|p1a: Corviknight
|-boost|p1a: Corviknight|atk|1
|-boost|p1a: Corviknight|def|1
|
|-heal|p2a: Milotic|84/100|[from] item: Leftovers
|-heal|p1a: Corviknight|60/100|[from] item: Leftovers
|upkeep
|turn|24
|
|move|p2a: Milotic|Hypnosis|p1a: Corviknight|[miss]
|-miss|p2a: Milotic|p1a: Corviknight
|move|p1a: Corviknight|Bulk Up|p1a: Corviknight
|-boost|p1a: Corviknight|atk|1
|-boost|p1a: Corviknight|def|1
|
|-heal|p2a: Milotic|90/100|[from] item: Leftovers
|-heal|p1a: Corviknight|66/100|[from] item: Leftovers
|upkeep
|turn|25
|
|switch|p2a: Aegislash|Aegislash, M|100/100
|move|p1a: Corviknight|Roost|p1a: Corviknight
|-heal|p1a: Corviknight|100/100
|-singleturn|p1a: Corviknight|move: Roost
|
|upkeep
|turn|26
|
|-formechange|p2a: Aegislash|Aegislash-Blade||[from] ability: Stance Change
|move|p2a: Aegislash|Head Smash|p1a: Corviknight|[miss]
|-miss|p2a: Aegislash|p1a: Corviknight
|move|p1a: Corviknight|Bulk Up|p1a: Corviknight
|-boost|p1a: Corviknight|atk|1
|-boost|p1a: Corviknight|def|1
|
|upkeep
|turn|27
|
|move|p2a: Aegislash|Head Smash|p1a: Corviknight
|-damage|p1a: Corviknight|81/100
|-damage|p2a: Aegislash|85/100|[from] Recoil
|move|p1a: Corviknight|Bulk Up|p1a: Corviknight
|-boost|p1a: Corviknight|atk|1
|-boost|p1a: Corviknight|def|1
|
|-heal|p1a: Corviknight|87/100|[from] item: Leftovers
|upkeep
|turn|28
|
|move|p2a: Aegislash|Head Smash|p1a: Corviknight
|-damage|p1a: Corviknight|70/100
|-damage|p2a: Aegislash|72/100|[from] Recoil
|move|p1a: Corviknight|Brave Bird|p2a: Aegislash
|-resisted|p2a: Aegislash
|-damage|p2a: Aegislash|0 fnt
|-damage|p1a: Corviknight|54/100|[from] Recoil
|faint|p2a: Aegislash
|
|-heal|p1a: Corviknight|61/100|[from] item: Leftovers
|upkeep
|
|switch|p2a: Rotom|Rotom-Heat|77/100
|turn|29
|
|move|p2a: Rotom|Overheat|p1a: Corviknight
|-supereffective|p1a: Corviknight
|-damage|p1a: Corviknight|0 fnt
|-unboost|p2a: Rotom|spa|2
|faint|p1a: Corviknight
|
|-heal|p2a: Rotom|83/100|[from] item: Leftovers
|upkeep
|
|switch|p1a: Dugtrio|Dugtrio, M|100/100
|-damage|p1a: Dugtrio|94/100|[from] Stealth Rock
|turn|30
|
|switch|p2a: Hydreigon|Hydreigon, M|100/100
|move|p1a: Dugtrio|Stone Edge|p2a: Hydreigon
|-crit|p2a: Hydreigon
|-damage|p2a: Hydreigon|46/100
|
|-heal|p2a: Hydreigon|52/100|[from] item: Leftovers
|upkeep
|turn|31
|
|switch|p2a: Hippowdon|Hippowdon, F|100/100
|-weather|Sandstorm|[from] ability: Sand Stream|[of] p2a: Hippowdon
|move|p1a: Dugtrio|Stone Edge|p2a: Hippowdon
|-resisted|p2a: Hippowdon
|-damage|p2a: Hippowdon|91/100
|
|-weather|Sandstorm|[upkeep]
|-heal|p2a: Hippowdon|97/100|[from] item: Leftovers
|upkeep
|turn|32
|
|switch|p1a: Quagsire|Quagsire, F|94/100
|-damage|p1a: Quagsire|88/100|[from] Stealth Rock
|move|p2a: Hippowdon|Whirlwind|p1a: Quagsire
|drag|p1a: Dugtrio|Dugtrio, M|94/100
|-damage|p1a: Dugtrio|88/100|[from] Stealth Rock
|
|-weather|Sandstorm|[upkeep]
|-heal|p2a: Hippowdon|100/100|[from] item: Leftovers
|upkeep
|turn|33
|
|switch|p1a: Quagsire|Quagsire, F|88/100
|-damage|p1a: Quagsire|82/100|[from] Stealth Rock
|move|p2a: Hippowdon|Earthquake|p1a: Quagsire
|-damage|p1a: Quagsire|54/100
|
|-weather|Sandstorm|[upkeep]
|upkeep
|turn|34
|
|switch|p2a: Milotic|Milotic, F|90/100
|move|p1a: Quagsire|Toxic|p2a: Milotic
|-status|p2a: Milotic|tox
|
|-weather|Sandstorm|[upkeep]
|-damage|p2a: Milotic|84/100 tox|[from] Sandstorm
|-heal|p2a: Milotic|90/100 tox|[from] item: Leftovers
|-damage|p2a: Milotic|84/100 tox|[from] psn
|upkeep
|turn|35
|
|switch|p1a: Mandibuzz|Mandibuzz, F|100/100
|move|p2a: Milotic|Ice Beam|p1a: Mandibuzz
|-supereffective|p1a: Mandibuzz
|-damage|p1a: Mandibuzz|77/100
|
|-weather|none
|-heal|p2a: Milotic|90/100 tox|[from] item: Leftovers
|-damage|p2a: Milotic|78/100 tox|[from] psn
|upkeep
|turn|36
|
|switch|p2a: Rotom|Rotom-Heat|83/100
|move|p1a: Mandibuzz|Knock Off|p2a: Rotom
|-damage|p2a: Rotom|59/100
|-enditem|p2a: Rotom|Leftovers|[from] move: Knock Off|[of] p1a: Mandibuzz
|
|upkeep
|turn|37
|
|switch|p2a: Hydreigon|Hydreigon, M|52/100
|move|p1a: Mandibuzz|Roost|p1a: Mandibuzz
|-heal|p1a: Mandibuzz|100/100
|-singleturn|p1a: Mandibuzz|move: Roost
|
|-heal|p2a: Hydreigon|58/100|[from] item: Leftovers
|upkeep
|turn|38
|
|switch|p2a: Rotom|Rotom-Heat|59/100
|move|p1a: Mandibuzz|Knock Off|p2a: Rotom
|-damage|p2a: Rotom|42/100
|
|upkeep
|turn|39
|
|move|p2a: Rotom|Volt Switch|p1a: Mandibuzz
|-supereffective|p1a: Mandibuzz
|-damage|p1a: Mandibuzz|66/100
|
|switch|p2a: Conkeldurr|Conkeldurr, F|100/100 brn|[from]move: Volt Switch
|move|p1a: Mandibuzz|Roost|p1a: Mandibuzz
|-heal|p1a: Mandibuzz|100/100
|-singleturn|p1a: Mandibuzz|move: Roost
|
|-damage|p2a: Conkeldurr|94/100 brn|[from] brn
|upkeep
|turn|40
|
|move|p1a: Mandibuzz|U-turn|p2a: Conkeldurr
|-resisted|p2a: Conkeldurr
|-damage|p2a: Conkeldurr|89/100 brn
|
|switch|p1a: Dragapult|Dragapult, F|75/100|[from]move: U-turn
|-damage|p1a: Dragapult|63/100|[from] Stealth Rock
|move|p2a: Conkeldurr|Drain Punch|p1a: Dragapult
|-immune|p1a: Dragapult
|
|-heal|p1a: Dragapult|69/100|[from] item: Leftovers
|-damage|p2a: Conkeldurr|83/100 brn|[from] brn
|upkeep
|turn|41
|
|switch|p2a: Hippowdon|Hippowdon, F|100/100
|-weather|Sandstorm|[from] ability: Sand Stream|[of] p2a: Hippowdon
|move|p1a: Dragapult|Substitute|p1a: Dragapult
|-start|p1a: Dragapult|Substitute
|-damage|p1a: Dragapult|44/100
|
|-weather|Sandstorm|[upkeep]
|-damage|p1a: Dragapult|38/100|[from] Sandstorm
|-heal|p1a: Dragapult|44/100|[from] item: Leftovers
|upkeep
|turn|42
|
|move|p1a: Dragapult|Dragon Dance|p1a: Dragapult
|-boost|p1a: Dragapult|atk|1
|-boost|p1a: Dragapult|spe|1
|move|p2a: Hippowdon|Whirlwind|p1a: Dragapult
|drag|p1a: Mandibuzz|Mandibuzz, F|100/100
|
|-weather|Sandstorm|[upkeep]
|upkeep
|turn|43
|
|switch|p2a: Conkeldurr|Conkeldurr, F|83/100 brn
|move|p1a: Mandibuzz|Knock Off|p2a: Conkeldurr
|-resisted|p2a: Conkeldurr
|-damage|p2a: Conkeldurr|74/100 brn
|-enditem|p2a: Conkeldurr|Flame Orb|[from] move: Knock Off|[of] p1a: Mandibuzz
|
|-weather|Sandstorm|[upkeep]
|-damage|p2a: Conkeldurr|68/100 brn|[from] Sandstorm
|-damage|p2a: Conkeldurr|62/100 brn|[from] brn
|upkeep
|turn|44
|
|move|p1a: Mandibuzz|U-turn|p2a: Conkeldurr
|-resisted|p2a: Conkeldurr
|-damage|p2a: Conkeldurr|57/100 brn
|
|switch|p1a: Dugtrio|Dugtrio, M|88/100|[from]move: U-turn
|-damage|p1a: Dugtrio|82/100|[from] Stealth Rock
|move|p2a: Conkeldurr|Drain Punch|p1a: Dugtrio
|-damage|p1a: Dugtrio|0 fnt
|-heal|p2a: Conkeldurr|78/100 brn|[from] drain|[of] p1a: Dugtrio
|faint|p1a: Dugtrio
|
|-weather|Sandstorm|[upkeep]
|-damage|p2a: Conkeldurr|72/100 brn|[from] Sandstorm
|-damage|p2a: Conkeldurr|66/100 brn|[from] brn
|upkeep
|
|switch|p1a: Dragapult|Dragapult, F|44/100
|-damage|p1a: Dragapult|32/100|[from] Stealth Rock
|turn|45
|
|switch|p2a: Hippowdon|Hippowdon, F|100/100
|move|p1a: Dragapult|Dragon Darts|p2a: Hippowdon
|-damage|p2a: Hippowdon|80/100
|-damage|p2a: Hippowdon|60/100
|-hitcount|p2a: Hippowdon|2
|
|-weather|none
|-heal|p1a: Dragapult|38/100|[from] item: Leftovers
|-heal|p2a: Hippowdon|66/100|[from] item: Leftovers
|upkeep
|turn|46
|
|move|p1a: Dragapult|Dragon Darts|p2a: Hippowdon
|-damage|p2a: Hippowdon|46/100
|-damage|p2a: Hippowdon|28/100
|-hitcount|p2a: Hippowdon|2
|move|p2a: Hippowdon|Earthquake|p1a: Dragapult
|-damage|p1a: Dragapult|0 fnt
|faint|p1a: Dragapult
|
|-heal|p2a: Hippowdon|34/100|[from] item: Leftovers
|upkeep
|
|switch|p1a: Mandibuzz|Mandibuzz, F|100/100
|turn|47
|
|switch|p2a: Conkeldurr|Conkeldurr, F|66/100 brn
|move|p1a: Mandibuzz|Knock Off|p2a: Conkeldurr
|-resisted|p2a: Conkeldurr
|-damage|p2a: Conkeldurr|59/100 brn
|
|-damage|p2a: Conkeldurr|52/100 brn|[from] brn
|upkeep
|turn|48
|
|move|p1a: Mandibuzz|Defog|p2a: Conkeldurr
|-unboost|p2a: Conkeldurr|evasion|1
|-sideend|p1: MacroYeet|Stealth Rock|[from] move: Defog|[of] p1a: Mandibuzz
|move|p2a: Conkeldurr|Drain Punch|p1a: Mandibuzz
|-damage|p1a: Mandibuzz|52/100
|-heal|p2a: Conkeldurr|77/100 brn|[from] drain|[of] p1a: Mandibuzz
|
|-damage|p2a: Conkeldurr|71/100 brn|[from] brn
|upkeep
|turn|49
|
|move|p1a: Mandibuzz|Roost|p1a: Mandibuzz
|-heal|p1a: Mandibuzz|100/100
|-singleturn|p1a: Mandibuzz|move: Roost
|move|p2a: Conkeldurr|Drain Punch|p1a: Mandibuzz
|-supereffective|p1a: Mandibuzz
|-damage|p1a: Mandibuzz|0 fnt
|-heal|p2a: Conkeldurr|100/100 brn|[from] drain|[of] p1a: Mandibuzz
|faint|p1a: Mandibuzz
|
|-damage|p2a: Conkeldurr|94/100 brn|[from] brn
|upkeep
|
|switch|p1a: Quagsire|Quagsire, F|54/100
|turn|50
|
|move|p1a: Quagsire|Recover|p1a: Quagsire
|-heal|p1a: Quagsire|100/100
|move|p2a: Conkeldurr|Drain Punch|p1a: Quagsire
|-damage|p1a: Quagsire|54/100
|-heal|p2a: Conkeldurr|100/100 brn|[from] drain|[of] p1a: Quagsire
|
|-damage|p2a: Conkeldurr|94/100 brn|[from] brn
|upkeep
|turn|51
|
|move|p1a: Quagsire|Recover|p1a: Quagsire
|-heal|p1a: Quagsire|100/100
|move|p2a: Conkeldurr|Drain Punch|p1a: Quagsire
|-damage|p1a: Quagsire|54/100
|-heal|p2a: Conkeldurr|100/100 brn|[from] drain|[of] p1a: Quagsire
|
|-damage|p2a: Conkeldurr|94/100 brn|[from] brn
|upkeep
|turn|52
|
|move|p1a: Quagsire|Recover|p1a: Quagsire
|-heal|p1a: Quagsire|100/100
|move|p2a: Conkeldurr|Drain Punch|p1a: Quagsire
|-damage|p1a: Quagsire|55/100
|-heal|p2a: Conkeldurr|100/100 brn|[from] drain|[of] p1a: Quagsire
|
|-damage|p2a: Conkeldurr|94/100 brn|[from] brn
|upkeep
|turn|53
|
|move|p1a: Quagsire|Recover|p1a: Quagsire
|-heal|p1a: Quagsire|100/100
|move|p2a: Conkeldurr|Drain Punch|p1a: Quagsire
|-damage|p1a: Quagsire|54/100
|-heal|p2a: Conkeldurr|100/100 brn|[from] drain|[of] p1a: Quagsire
|
|-damage|p2a: Conkeldurr|94/100 brn|[from] brn
|upkeep
|turn|54
|
|move|p1a: Quagsire|Recover|p1a: Quagsire
|-heal|p1a: Quagsire|100/100
|move|p2a: Conkeldurr|Drain Punch|p1a: Quagsire
|-damage|p1a: Quagsire|52/100
|-heal|p2a: Conkeldurr|100/100 brn|[from] drain|[of] p1a: Quagsire
|
|-damage|p2a: Conkeldurr|94/100 brn|[from] brn
|upkeep
|turn|55
|-message|MacroYeet forfeited.
|
|win|Heero2417
|l|☆MacroYeet
|raw|MacroYeet's rating: 1305 → 1285(-20 for losing)
|raw|Heero2417's rating: 1304 → 1324(+20 for winning)
