|ScrapeTime|2020-01-01-06:04:48
|j|☆torisuma可爱
|j|☆outmbgw
|player|p1|torisuma可爱|lana|
|player|p2|outmbgw|27|
|teamsize|p1|6
|teamsize|p2|6
|gametype|singles
|gen|8
|tier|[Gen 8] OU
|rule|Sleep Clause Mod: Limit one foe put to sleep
|rule|Species Clause: Limit one of each Pokémon
|rule|OHKO Clause: OHKO moves are banned
|rule|Evasion Moves Clause: Evasion moves are banned
|rule|Endless Battle Clause: Forcing endless battles is banned
|rule|HP Percentage Mod: HP is shown in percentages
|clearpoke
|poke|p1|Mimikyu, F|
|poke|p1|Indeedee, M|
|poke|p1|Hawlucha, M|
|poke|p1|Cinderace, F|
|poke|p1|Seismitoad, M|
|poke|p1|Excadrill, F|
|poke|p2|Bisharp, F|
|poke|p2|Cloyster, M|
|poke|p2|Grimmsnarl, M|
|poke|p2|Kommo-o, M|
|poke|p2|Mew|
|poke|p2|Toxtricity, M|
|rule|Dynamax Clause: You cannot dynamax
|teampreview
|
|start
|switch|p1a: Cinderace|Cinderace, F|100/100
|switch|p2a: Mew|Mew|100/100
|turn|1
|
|move|p1a: Cinderace|Pyro Ball|p2a: Mew
|-damage|p2a: Mew|50/100
|-status|p2a: Mew|brn
|-activate|p2a: Mew|ability: Synchronize
|-immune|p1a: Cinderace
|-enditem|p2a: Mew|Red Card|[of] p1a: Cinderace
|drag|p1a: Excadrill|Excadrill, F|100/100
|-ability|p1a: Excadrill|Mold Breaker
|move|p2a: Mew|Stealth Rock|p1a: Excadrill
|-sidestart|p1: torisuma可爱|move: Stealth Rock
|
|-damage|p2a: Mew|44/100 brn|[from] brn
|upkeep
|turn|2
|
|move|p2a: Mew|Self-Destruct|p1a: Excadrill
|-resisted|p1a: Excadrill
|-damage|p1a: Excadrill|85/100
|faint|p2a: Mew
|move|p1a: Excadrill|Earthquake|p2: Mew|[notarget]
|-fail|p1a: Excadrill
|
|upkeep
|
|switch|p2a: Cloyster|Cloyster, M|100/100
|turn|3
|
|move|p1a: Excadrill|Iron Head|p2a: Cloyster
|-damage|p2a: Cloyster|66/100
|cant|p2a: Cloyster|flinch
|
|upkeep
|turn|4
|
|move|p1a: Excadrill|Rapid Spin|p2a: Cloyster
|-damage|p2a: Cloyster|50/100
|-sideend|p1: torisuma可爱|Stealth Rock|[from] move: Rapid Spin|[of] p1a: Excadrill
|-boost|p1a: Excadrill|spe|1
|move|p2a: Cloyster|Shell Smash|p2a: Cloyster
|-unboost|p2a: Cloyster|def|1
|-unboost|p2a: Cloyster|spd|1
|-boost|p2a: Cloyster|atk|2
|-boost|p2a: Cloyster|spa|2
|-boost|p2a: Cloyster|spe|2
|
|upkeep
|turn|5
|
|switch|p1a: Indeedee|Indeedee, M|100/100
|-fieldstart|move: Psychic Terrain|[from] ability: Psychic Surge|[of] p1a: Indeedee
|move|p2a: Cloyster|Icicle Spear|p1a: Indeedee
|-damage|p1a: Indeedee|47/100
|-damage|p1a: Indeedee|0 fnt
|-hitcount|p1a: Indeedee|2
|faint|p1a: Indeedee
|
|upkeep
|
|switch|p1a: Hawlucha|Hawlucha, M|100/100
|-enditem|p1a: Hawlucha|Psychic Seed
|-boost|p1a: Hawlucha|spd|1
|turn|6
|
|move|p2a: Cloyster|Ice Shard|p1a: Hawlucha
|-supereffective|p1a: Hawlucha
|-damage|p1a: Hawlucha|0 fnt
|faint|p1a: Hawlucha
|
|upkeep
|c|☆torisuma可爱|啊？
|c|☆torisuma可爱|昨天怎么没死
|c|☆outmbgw|随机数？
|
|switch|p1a: Seismitoad|Seismitoad, M|100/100
|turn|7
|
|move|p2a: Cloyster|Icicle Spear|p1a: Seismitoad
|-damage|p1a: Seismitoad|82/100
|-damage|p1a: Seismitoad|67/100
|-damage|p1a: Seismitoad|50/100
|-damage|p1a: Seismitoad|33/100
|-damage|p1a: Seismitoad|15/100
|-hitcount|p1a: Seismitoad|5
|move|p1a: Seismitoad|Toxic|p2a: Cloyster
|-status|p2a: Cloyster|tox
|
|-heal|p1a: Seismitoad|21/100|[from] item: Leftovers
|-damage|p2a: Cloyster|44/100 tox|[from] psn
|upkeep
|turn|8
|c|☆torisuma可爱|玩不懂了
|
|switch|p1a: Cinderace|Cinderace, F|100/100
|move|p2a: Cloyster|Icicle Spear|p1a: Cinderace
|-resisted|p1a: Cinderace
|-damage|p1a: Cinderace|85/100
|-resisted|p1a: Cinderace
|-damage|p1a: Cinderace|68/100
|-resisted|p1a: Cinderace
|-damage|p1a: Cinderace|51/100
|-resisted|p1a: Cinderace
|-damage|p1a: Cinderace|34/100
|-resisted|p1a: Cinderace
|-damage|p1a: Cinderace|19/100
|-hitcount|p1a: Cinderace|5
|
|-damage|p2a: Cloyster|32/100 tox|[from] psn
|upkeep
|turn|9
|
|switch|p1a: Seismitoad|Seismitoad, M|21/100
|move|p2a: Cloyster|Ice Shard|p1a: Seismitoad
|-activate|p1a: Seismitoad|move: Psychic Terrain
|
|-heal|p1a: Seismitoad|27/100|[from] item: Leftovers
|-damage|p2a: Cloyster|13/100 tox|[from] psn
|-fieldend|move: Psychic Terrain
|upkeep
|turn|10
|c|☆outmbgw|草我忘了
|
|move|p2a: Cloyster|Icicle Spear|p1a: Seismitoad
|-damage|p1a: Seismitoad|9/100
|-damage|p1a: Seismitoad|0 fnt
|-hitcount|p1a: Seismitoad|2
|faint|p1a: Seismitoad
|
|-damage|p2a: Cloyster|0 fnt|[from] psn
|faint|p2a: Cloyster
|upkeep
|
|switch|p2a: Grimmsnarl|Grimmsnarl, M|100/100
|switch|p1a: Excadrill|Excadrill, F|85/100
|-ability|p1a: Excadrill|Mold Breaker
|turn|11
|
|move|p2a: Grimmsnarl|Reflect|p2a: Grimmsnarl
|-sidestart|p2: outmbgw|Reflect
|move|p1a: Excadrill|Iron Head|p2a: Grimmsnarl
|-supereffective|p2a: Grimmsnarl
|-damage|p2a: Grimmsnarl|68/100
|
|upkeep
|turn|12
|
|move|p2a: Grimmsnarl|Taunt|p1a: Excadrill
|-start|p1a: Excadrill|move: Taunt
|cant|p1a: Excadrill|move: Taunt|Stealth Rock
|
|upkeep
|turn|13
|
|move|p1a: Excadrill|Iron Head|p2a: Grimmsnarl
|-supereffective|p2a: Grimmsnarl
|-damage|p2a: Grimmsnarl|36/100
|move|p2a: Grimmsnarl|Play Rough|p1a: Excadrill
|-resisted|p1a: Excadrill
|-damage|p1a: Excadrill|60/100
|
|upkeep
|turn|14
|
|move|p1a: Excadrill|Iron Head|p2a: Grimmsnarl
|-supereffective|p2a: Grimmsnarl
|-damage|p2a: Grimmsnarl|0 fnt
|faint|p2a: Grimmsnarl
|
|-end|p1a: Excadrill|move: Taunt
|upkeep
|
|switch|p2a: Kommo-o|Kommo-o, M|100/100
|turn|15
|
|switch|p1a: Mimikyu|Mimikyu, F|100/100
|move|p2a: Kommo-o|Earthquake|p1a: Mimikyu
|-activate|p1a: Mimikyu|ability: Disguise
|-damage|p1a: Mimikyu|100/100
|detailschange|p1a: Mimikyu|Mimikyu-Busted, F
|-damage|p1a: Mimikyu|88/100|[from] ability: Disguise|[of] p1a: Mimikyu
|-enditem|p1a: Mimikyu|Red Card|[of] p2a: Kommo-o
|drag|p2a: Bisharp|Bisharp, F|100/100
|
|upkeep
|turn|16
|
|switch|p1a: Cinderace|Cinderace, F|19/100
|move|p2a: Bisharp|Iron Head|p1a: Cinderace
|-resisted|p1a: Cinderace
|-damage|p1a: Cinderace|0 fnt
|-damage|p2a: Bisharp|91/100|[from] item: Life Orb
|faint|p1a: Cinderace
|
|upkeep
|
|switch|p1a: Excadrill|Excadrill, F|60/100
|-ability|p1a: Excadrill|Mold Breaker
|turn|17
|
|switch|p2a: Kommo-o|Kommo-o, M|100/100
|move|p1a: Excadrill|Stealth Rock|p2a: Kommo-o
|-sidestart|p2: outmbgw|move: Stealth Rock
|
|upkeep
|turn|18
|
|switch|p1a: Mimikyu|Mimikyu-Busted, F|88/100
|move|p2a: Kommo-o|Earthquake|p1a: Mimikyu
|-damage|p1a: Mimikyu|39/100
|
|-sideend|p2: outmbgw|Reflect
|upkeep
|turn|19
|
|switch|p1a: Excadrill|Excadrill, F|60/100
|-ability|p1a: Excadrill|Mold Breaker
|switch|p2a: Toxtricity|Toxtricity, M|100/100
|-damage|p2a: Toxtricity|88/100|[from] Stealth Rock
|
|upkeep
|turn|20
|
|move|p1a: Excadrill|Earthquake|p2a: Toxtricity
|-supereffective|p2a: Toxtricity
|-crit|p2a: Toxtricity
|-damage|p2a: Toxtricity|0 fnt
|faint|p2a: Toxtricity
|
|upkeep
|
|switch|p2a: Kommo-o|Kommo-o, M|100/100
|-damage|p2a: Kommo-o|94/100|[from] Stealth Rock
|turn|21
|
|move|p1a: Excadrill|Earthquake|p2a: Kommo-o
|-damage|p2a: Kommo-o|45/100
|move|p2a: Kommo-o|Earthquake|p1a: Excadrill
|-supereffective|p1a: Excadrill
|-damage|p1a: Excadrill|0 fnt
|faint|p1a: Excadrill
|
|upkeep
|
|switch|p1a: Mimikyu|Mimikyu-Busted, F|39/100
|turn|22
|
|move|p1a: Mimikyu|Play Rough|p2a: Kommo-o
|-supereffective|p2a: Kommo-o
|-damage|p2a: Kommo-o|0 fnt
|faint|p2a: Kommo-o
|
|upkeep
|
|switch|p2a: Bisharp|Bisharp, F|91/100
|-damage|p2a: Bisharp|85/100|[from] Stealth Rock
|turn|23
|c|☆torisuma可爱|吸收拳
|
|move|p2a: Bisharp|Sucker Punch||[still]
|-fail|p2a: Bisharp
|move|p1a: Mimikyu|Swords Dance|p1a: Mimikyu
|-boost|p1a: Mimikyu|atk|2
|
|upkeep
|turn|24
|c|☆torisuma可爱|啊
|c|☆torisuma可爱|不用吸收拳了
|
|move|p1a: Mimikyu|Swords Dance|p1a: Mimikyu
|-boost|p1a: Mimikyu|atk|2
|move|p2a: Bisharp|Iron Head|p1a: Mimikyu
|-supereffective|p1a: Mimikyu
|-damage|p1a: Mimikyu|0 fnt
|-damage|p2a: Bisharp|75/100|[from] item: Life Orb
|faint|p1a: Mimikyu
|
|win|outmbgw
