|ScrapeTime|2020-01-01-07:35:50
|j|☆Lightz9
|j|☆cooshW
|player|p1|Lightz9|163|1369
|player|p2|cooshW|cynthia|1458
|teamsize|p1|6
|teamsize|p2|6
|gametype|singles
|gen|8
|tier|[Gen 8] OU
|rated|
|rule|Sleep Clause Mod: Limit one foe put to sleep
|rule|Species Clause: Limit one of each Pokémon
|rule|OHKO Clause: OHKO moves are banned
|rule|Evasion Moves Clause: Evasion moves are banned
|rule|Endless Battle Clause: Forcing endless battles is banned
|rule|HP Percentage Mod: HP is shown in percentages
|clearpoke
|poke|p1|Rotom-Wash|
|poke|p1|Hawlucha, F|
|poke|p1|Dracozolt|
|poke|p1|Bisharp, M|
|poke|p1|Cinderace, F|
|poke|p1|Dragapult, M|
|poke|p2|Kommo-o, F|
|poke|p2|Grimmsnarl, M|
|poke|p2|Seismitoad, M|
|poke|p2|Corviknight, F|
|poke|p2|Gengar, M|
|poke|p2|Rotom-Heat|
|rule|Dynamax Clause: You cannot dynamax
|teampreview
|inactive|Battle timer is ON: inactive players will automatically lose when time's up. (requested by Lightz9)
|inactive|cooshW has 120 seconds left.
|
|start
|switch|p1a: Cinderace|Cinderace, F|100/100
|switch|p2a: Grimmsnarl|Grimmsnarl, M|100/100
|turn|1
|
|switch|p2a: Seismitoad|Seismitoad, M|100/100
|move|p1a: Cinderace|Pyro Ball|p2a: Seismitoad
|-resisted|p2a: Seismitoad
|-damage|p2a: Seismitoad|80/100
|
|-heal|p2a: Seismitoad|86/100|[from] item: Leftovers
|upkeep
|turn|2
|
|move|p1a: Cinderace|Taunt|p2a: Seismitoad
|-start|p2a: Seismitoad|move: Taunt
|cant|p2a: Seismitoad|move: Taunt|Stealth Rock
|
|-heal|p2a: Seismitoad|92/100|[from] item: Leftovers
|upkeep
|turn|3
|
|switch|p1a: Rotom|Rotom-Wash|100/100
|move|p2a: Seismitoad|Scald|p1a: Rotom
|-resisted|p1a: Rotom
|-damage|p1a: Rotom|83/100
|
|-heal|p2a: Seismitoad|98/100|[from] item: Leftovers
|upkeep
|turn|4
|
|move|p1a: Rotom|Trick|p2a: Seismitoad
|-activate|p1a: Rotom|move: Trick|[of] p2a: Seismitoad
|-item|p2a: Seismitoad|Choice Scarf|[from] move: Trick
|-item|p1a: Rotom|Leftovers|[from] move: Trick
|move|p2a: Seismitoad|Scald|p1a: Rotom
|-resisted|p1a: Rotom
|-damage|p1a: Rotom|66/100
|
|-heal|p1a: Rotom|73/100|[from] item: Leftovers
|-end|p2a: Seismitoad|move: Taunt
|upkeep
|turn|5
|
|move|p1a: Rotom|Will-O-Wisp|p2a: Seismitoad
|-status|p2a: Seismitoad|brn
|move|p2a: Seismitoad|Scald|p1a: Rotom
|-resisted|p1a: Rotom
|-damage|p1a: Rotom|55/100
|-status|p1a: Rotom|brn
|
|-heal|p1a: Rotom|61/100 brn|[from] item: Leftovers
|-damage|p1a: Rotom|55/100 brn|[from] brn
|-damage|p2a: Seismitoad|92/100 brn|[from] brn
|upkeep
|turn|6
|inactive|Lightz9 has 120 seconds left.
|
|move|p1a: Rotom|Will-O-Wisp|p2a: Seismitoad
|-fail|p2a: Seismitoad|brn
|move|p2a: Seismitoad|Scald|p1a: Rotom
|-resisted|p1a: Rotom
|-damage|p1a: Rotom|39/100 brn
|
|-heal|p1a: Rotom|45/100 brn|[from] item: Leftovers
|-damage|p1a: Rotom|39/100 brn|[from] brn
|-damage|p2a: Seismitoad|86/100 brn|[from] brn
|upkeep
|turn|7
|inactive|Lightz9 has 120 seconds left.
|
|switch|p2a: Rotom|Rotom-Heat|100/100
|move|p1a: Rotom|Will-O-Wisp|p2a: Rotom
|-immune|p2a: Rotom
|
|-heal|p1a: Rotom|45/100 brn|[from] item: Leftovers
|-damage|p1a: Rotom|39/100 brn|[from] brn
|upkeep
|turn|8
|
|move|p1a: Rotom|Volt Switch|p2a: Rotom
|-resisted|p2a: Rotom
|-damage|p2a: Rotom|83/100
|
|switch|p1a: Cinderace|Cinderace, F|100/100|[from]move: Volt Switch
|move|p2a: Rotom|Volt Switch|p1a: Cinderace
|-damage|p1a: Cinderace|66/100
|
|switch|p2a: Seismitoad|Seismitoad, M|86/100 brn|[from]move: Volt Switch
|
|-damage|p2a: Seismitoad|80/100 brn|[from] brn
|upkeep
|turn|9
|
|move|p1a: Cinderace|Sucker Punch||[still]
|-fail|p1a: Cinderace
|move|p2a: Seismitoad|Stealth Rock|p1a: Cinderace
|-sidestart|p1: Lightz9|move: Stealth Rock
|
|-damage|p2a: Seismitoad|74/100 brn|[from] brn
|upkeep
|turn|10
|
|switch|p2a: Rotom|Rotom-Heat|83/100
|move|p1a: Cinderace|Court Change|p1a: Cinderace
|-sideend|p1: Lightz9|Stealth Rock|[silent]
|-sidestart|p2: cooshW|Stealth Rock|[silent]
|-activate|p1a: Cinderace|move: Court Change
|
|upkeep
|turn|11
|
|move|p1a: Cinderace|Sucker Punch|p2a: Rotom
|-damage|p2a: Rotom|60/100
|move|p2a: Rotom|Volt Switch|p1a: Cinderace
|-damage|p1a: Cinderace|32/100
|
|switch|p2a: Seismitoad|Seismitoad, M|74/100 brn|[from]move: Volt Switch
|-damage|p2a: Seismitoad|68/100 brn|[from] Stealth Rock
|
|-damage|p2a: Seismitoad|62/100 brn|[from] brn
|upkeep
|turn|12
|
|switch|p1a: Dragapult|Dragapult, M|100/100
|move|p2a: Seismitoad|Scald|p1a: Dragapult
|-resisted|p1a: Dragapult
|-damage|p1a: Dragapult|84/100
|
|-damage|p2a: Seismitoad|56/100 brn|[from] brn
|upkeep
|turn|13
|
|switch|p2a: Grimmsnarl|Grimmsnarl, M|100/100
|-damage|p2a: Grimmsnarl|88/100|[from] Stealth Rock
|move|p1a: Dragapult|Dragon Dance|p1a: Dragapult
|-boost|p1a: Dragapult|atk|1
|-boost|p1a: Dragapult|spe|1
|
|upkeep
|turn|14
|
|move|p2a: Grimmsnarl|Sucker Punch||[still]
|-fail|p2a: Grimmsnarl
|move|p1a: Dragapult|Substitute|p1a: Dragapult
|-start|p1a: Dragapult|Substitute
|-damage|p1a: Dragapult|59/100
|
|upkeep
|turn|15
|
|move|p1a: Dragapult|Dragon Dance|p1a: Dragapult
|-boost|p1a: Dragapult|atk|1
|-boost|p1a: Dragapult|spe|1
|move|p2a: Grimmsnarl|Darkest Lariat|p1a: Dragapult
|-supereffective|p1a: Dragapult
|-end|p1a: Dragapult|Substitute
|
|upkeep
|turn|16
|
|move|p1a: Dragapult|Substitute|p1a: Dragapult
|-start|p1a: Dragapult|Substitute
|-damage|p1a: Dragapult|34/100
|move|p2a: Grimmsnarl|Darkest Lariat|p1a: Dragapult
|-supereffective|p1a: Dragapult
|-end|p1a: Dragapult|Substitute
|
|upkeep
|turn|17
|
|move|p1a: Dragapult|Phantom Force||[still]
|-prepare|p1a: Dragapult|Phantom Force|p2a: Grimmsnarl
|move|p2a: Grimmsnarl|Darkest Lariat|p1a: Dragapult|[miss]
|-miss|p2a: Grimmsnarl|p1a: Dragapult
|
|upkeep
|turn|18
|
|move|p1a: Dragapult|Phantom Force|p2a: Grimmsnarl|[from]lockedmove
|-resisted|p2a: Grimmsnarl
|-damage|p2a: Grimmsnarl|34/100
|move|p2a: Grimmsnarl|Darkest Lariat|p1a: Dragapult
|-supereffective|p1a: Dragapult
|-damage|p1a: Dragapult|0 fnt
|faint|p1a: Dragapult
|
|upkeep
|inactive|Lightz9 has 120 seconds left.
|
|switch|p1a: Cinderace|Cinderace, F|32/100
|turn|19
|
|move|p2a: Grimmsnarl|Sucker Punch|p1a: Cinderace
|-damage|p1a: Cinderace|0 fnt
|faint|p1a: Cinderace
|
|upkeep
|inactive|Lightz9 has 120 seconds left.
|
|switch|p1a: Bisharp|Bisharp, M|100/100
|turn|20
|
|move|p1a: Bisharp|Iron Head|p2a: Grimmsnarl
|-supereffective|p2a: Grimmsnarl
|-damage|p2a: Grimmsnarl|0 fnt
|faint|p2a: Grimmsnarl
|
|upkeep
|
|switch|p2a: Kommo-o|Kommo-o, F|100/100
|-damage|p2a: Kommo-o|94/100|[from] Stealth Rock
|turn|21
|
|move|p2a: Kommo-o|Substitute|p2a: Kommo-o
|-start|p2a: Kommo-o|Substitute
|-damage|p2a: Kommo-o|69/100
|move|p1a: Bisharp|Iron Head|p2a: Kommo-o
|-end|p2a: Kommo-o|Substitute
|
|upkeep
|turn|22
|
|move|p2a: Kommo-o|Drain Punch|p1a: Bisharp
|-supereffective|p1a: Bisharp
|-damage|p1a: Bisharp|0 fnt
|-heal|p2a: Kommo-o|100/100|[from] drain|[of] p1a: Bisharp
|faint|p1a: Bisharp
|
|upkeep
|
|switch|p1a: Hawlucha|Hawlucha, F|100/100
|turn|23
|
|move|p1a: Hawlucha|Swords Dance|p1a: Hawlucha
|-boost|p1a: Hawlucha|atk|2
|move|p2a: Kommo-o|Thunder Punch|p1a: Hawlucha
|-supereffective|p1a: Hawlucha
|-damage|p1a: Hawlucha|29/100
|-enditem|p1a: Hawlucha|Red Card|[of] p2a: Kommo-o
|drag|p2a: Rotom|Rotom-Heat|60/100
|
|upkeep
|turn|24
|
|move|p1a: Hawlucha|Close Combat|p2a: Rotom
|-damage|p2a: Rotom|0 fnt
|-unboost|p1a: Hawlucha|def|1
|-unboost|p1a: Hawlucha|spd|1
|faint|p2a: Rotom
|
|upkeep
|
|switch|p2a: Corviknight|Corviknight, F|100/100
|-damage|p2a: Corviknight|88/100|[from] Stealth Rock
|-ability|p2a: Corviknight|Pressure
|turn|25
|
|move|p1a: Hawlucha|Close Combat|p2a: Corviknight
|-damage|p2a: Corviknight|3/100
|-unboost|p1a: Hawlucha|def|1
|-unboost|p1a: Hawlucha|spd|1
|move|p2a: Corviknight|Brave Bird|p1a: Hawlucha
|-supereffective|p1a: Hawlucha
|-damage|p1a: Hawlucha|0 fnt
|-damage|p2a: Corviknight|0 fnt|[from] Recoil
|faint|p1a: Hawlucha
|faint|p2a: Corviknight
|
|upkeep
|
|switch|p1a: Rotom|Rotom-Wash|39/100 brn
|switch|p2a: Kommo-o|Kommo-o, F|100/100
|-damage|p2a: Kommo-o|94/100|[from] Stealth Rock
|turn|26
|
|switch|p2a: Seismitoad|Seismitoad, M|56/100 brn
|-damage|p2a: Seismitoad|50/100 brn|[from] Stealth Rock
|move|p1a: Rotom|Will-O-Wisp|p2a: Seismitoad
|-fail|p2a: Seismitoad|brn
|
|-heal|p1a: Rotom|45/100 brn|[from] item: Leftovers
|-damage|p1a: Rotom|39/100 brn|[from] brn
|-damage|p2a: Seismitoad|43/100 brn|[from] brn
|upkeep
|turn|27
|
|move|p1a: Rotom|Trick|p2a: Seismitoad
|-activate|p1a: Rotom|move: Trick|[of] p2a: Seismitoad
|-item|p2a: Seismitoad|Leftovers|[from] move: Trick
|-item|p1a: Rotom|Choice Scarf|[from] move: Trick
|move|p2a: Seismitoad|Scald|p1a: Rotom
|-resisted|p1a: Rotom
|-damage|p1a: Rotom|24/100 brn
|
|-heal|p2a: Seismitoad|50/100 brn|[from] item: Leftovers
|-damage|p1a: Rotom|18/100 brn|[from] brn
|-damage|p2a: Seismitoad|43/100 brn|[from] brn
|upkeep
|turn|28
|
|switch|p2a: Gengar|Gengar, M|100/100
|-damage|p2a: Gengar|88/100|[from] Stealth Rock
|move|p1a: Rotom|Will-O-Wisp|p2a: Gengar|[miss]
|-miss|p1a: Rotom|p2a: Gengar
|
|-damage|p1a: Rotom|11/100 brn|[from] brn
|upkeep
|turn|29
|
|move|p2a: Gengar|Shadow Ball|p1a: Rotom
|-damage|p1a: Rotom|0 fnt
|faint|p1a: Rotom
|
|upkeep
|
|switch|p1a: Dracozolt|Dracozolt|100/100
|turn|30
|
|move|p2a: Gengar|Shadow Ball|p1a: Dracozolt
|-damage|p1a: Dracozolt|43/100
|move|p1a: Dracozolt|Outrage|p2a: Gengar
|-damage|p2a: Gengar|0 fnt
|faint|p2a: Gengar
|
|upkeep
|
|switch|p2a: Kommo-o|Kommo-o, F|94/100
|-damage|p2a: Kommo-o|88/100|[from] Stealth Rock
|turn|31
|
|move|p1a: Dracozolt|Outrage|p2a: Kommo-o|[from]lockedmove
|-supereffective|p2a: Kommo-o
|-damage|p2a: Kommo-o|0 fnt
|faint|p2a: Kommo-o
|
|upkeep
|
|switch|p2a: Seismitoad|Seismitoad, M|43/100 brn
|-damage|p2a: Seismitoad|37/100 brn|[from] Stealth Rock
|turn|32
|
|move|p1a: Dracozolt|Outrage|p2a: Seismitoad|[from]lockedmove
|-damage|p2a: Seismitoad|2/100 brn
|-start|p1a: Dracozolt|confusion|[fatigue]
|move|p2a: Seismitoad|Earth Power|p1a: Dracozolt
|-supereffective|p1a: Dracozolt
|-damage|p1a: Dracozolt|0 fnt
|faint|p1a: Dracozolt
|
|win|cooshW
|raw|Lightz9's rating: 1369 → 1354(-15 for losing)
|raw|cooshW's rating: 1458 → 1473(+15 for winning)
|c|☆cooshW|gg
|l|☆cooshW
