|ScrapeTime|2020-01-01-22:16:55
|j|☆Pingo668
|j|☆ArcherLegend
|player|p1|Pingo668|lucas|1411
|player|p2|ArcherLegend|archer|1389
|teamsize|p1|6
|teamsize|p2|6
|gametype|singles
|gen|8
|tier|[Gen 8] OU
|rated|
|rule|Sleep Clause Mod: Limit one foe put to sleep
|rule|Species Clause: Limit one of each Pokémon
|rule|OHKO Clause: OHKO moves are banned
|rule|Evasion Moves Clause: Evasion moves are banned
|rule|Endless Battle Clause: Forcing endless battles is banned
|rule|HP Percentage Mod: HP is shown in percentages
|clearpoke
|poke|p1|Dragapult, F|
|poke|p1|Toxtricity, M|
|poke|p1|Obstagoon, M|
|poke|p1|Seismitoad, F|
|poke|p1|Corviknight, F|
|poke|p1|Cinderace, M|
|poke|p2|Chandelure, M|
|poke|p2|Gastrodon-East, M|
|poke|p2|Shiinotic, F|
|poke|p2|Hatterene, F|
|poke|p2|Cramorant, F|
|poke|p2|Dracozolt|
|rule|Dynamax Clause: You cannot dynamax
|teampreview
|
|start
|switch|p1a: Cinderace|Cinderace, M|100/100
|switch|p2a: Chandelure|Chandelure, M|100/100
|turn|1
|
|move|p1a: Cinderace|U-turn|p2a: Chandelure
|-resisted|p2a: Chandelure
|-damage|p2a: Chandelure|93/100
|
|switch|p1a: Seismitoad|Seismitoad, F|100/100|[from]move: U-turn
|move|p2a: Chandelure|Substitute|p2a: Chandelure
|-start|p2a: Chandelure|Substitute
|-damage|p2a: Chandelure|68/100
|
|-heal|p2a: Chandelure|74/100|[from] item: Leftovers
|upkeep
|turn|2
|
|move|p2a: Chandelure|Energy Ball|p1a: Seismitoad
|-supereffective|p1a: Seismitoad
|-damage|p1a: Seismitoad|0 fnt
|faint|p1a: Seismitoad
|
|-heal|p2a: Chandelure|80/100|[from] item: Leftovers
|upkeep
|
|switch|p1a: Dragapult|Dragapult, F|100/100
|turn|3
|
|switch|p2a: Gastrodon|Gastrodon-East, M|100/100
|move|p1a: Dragapult|Hex|p2a: Gastrodon
|-damage|p2a: Gastrodon|76/100
|
|-heal|p2a: Gastrodon|82/100|[from] item: Leftovers
|upkeep
|turn|4
|
|move|p1a: Dragapult|Substitute|p1a: Dragapult
|-start|p1a: Dragapult|Substitute
|-damage|p1a: Dragapult|76/100
|move|p2a: Gastrodon|Ice Beam|p1a: Dragapult
|-supereffective|p1a: Dragapult
|-end|p1a: Dragapult|Substitute
|
|-heal|p1a: Dragapult|82/100|[from] item: Leftovers
|-heal|p2a: Gastrodon|88/100|[from] item: Leftovers
|upkeep
|turn|5
|
|switch|p2a: Hatterene|Hatterene, F|100/100
|move|p1a: Dragapult|Disable|p2a: Hatterene
|move|p2a: Hatterene|Disable|p1a: Dragapult|[from]Magic Bounce
|-start|p1a: Dragapult|Disable|Disable
|
|-heal|p1a: Dragapult|88/100|[from] item: Leftovers
|upkeep
|turn|6
|c|☆ArcherLegend|;)
|
|switch|p1a: Corviknight|Corviknight, F|100/100
|-ability|p1a: Corviknight|Pressure
|move|p2a: Hatterene|Mystical Fire|p1a: Corviknight
|-supereffective|p1a: Corviknight
|-damage|p1a: Corviknight|47/100
|-unboost|p1a: Corviknight|spa|1
|
|-heal|p1a: Corviknight|53/100|[from] item: Leftovers
|upkeep
|turn|7
|
|move|p1a: Corviknight|Roost|p1a: Corviknight
|-heal|p1a: Corviknight|100/100
|-singleturn|p1a: Corviknight|move: Roost
|move|p2a: Hatterene|Mystical Fire|p1a: Corviknight
|-supereffective|p1a: Corviknight
|-damage|p1a: Corviknight|37/100
|-unboost|p1a: Corviknight|spa|1
|
|-heal|p1a: Corviknight|44/100|[from] item: Leftovers
|upkeep
|turn|8
|
|move|p1a: Corviknight|Roost|p1a: Corviknight
|-heal|p1a: Corviknight|94/100
|-singleturn|p1a: Corviknight|move: Roost
|move|p2a: Hatterene|Mystical Fire|p1a: Corviknight
|-supereffective|p1a: Corviknight
|-damage|p1a: Corviknight|32/100
|-unboost|p1a: Corviknight|spa|1
|
|-heal|p1a: Corviknight|38/100|[from] item: Leftovers
|upkeep
|turn|9
|
|switch|p2a: Dracozolt|Dracozolt|100/100
|move|p1a: Corviknight|Roost|p1a: Corviknight
|-heal|p1a: Corviknight|88/100
|-singleturn|p1a: Corviknight|move: Roost
|
|-heal|p1a: Corviknight|95/100|[from] item: Leftovers
|upkeep
|turn|10
|
|move|p2a: Dracozolt|Bolt Beak|p1a: Corviknight
|-supereffective|p1a: Corviknight
|-damage|p1a: Corviknight|0 fnt
|faint|p1a: Corviknight
|
|upkeep
|
|switch|p1a: Toxtricity|Toxtricity, M|100/100
|turn|11
|
|switch|p2a: Chandelure|Chandelure, M|80/100
|switch|p1a: Dragapult|Dragapult, F|88/100
|
|-heal|p1a: Dragapult|94/100|[from] item: Leftovers
|-heal|p2a: Chandelure|86/100|[from] item: Leftovers
|upkeep
|turn|12
|
|switch|p2a: Hatterene|Hatterene, F|100/100
|move|p1a: Dragapult|Hex|p2a: Hatterene
|-supereffective|p2a: Hatterene
|-damage|p2a: Hatterene|63/100
|
|-heal|p1a: Dragapult|99/100|[from] item: Leftovers
|upkeep
|turn|13
|
|move|p1a: Dragapult|Hex|p2a: Hatterene
|-supereffective|p2a: Hatterene
|-damage|p2a: Hatterene|21/100
|move|p2a: Hatterene|Shadow Ball|p1a: Dragapult
|-supereffective|p1a: Dragapult
|-damage|p1a: Dragapult|19/100
|
|-heal|p1a: Dragapult|25/100|[from] item: Leftovers
|upkeep
|turn|14
|
|switch|p2a: Shiinotic|Shiinotic, F, shiny|100/100
|move|p1a: Dragapult|Hex|p2a: Shiinotic
|-damage|p2a: Shiinotic|74/100
|
|-heal|p1a: Dragapult|31/100|[from] item: Leftovers
|-heal|p2a: Shiinotic|80/100|[from] item: Leftovers
|upkeep
|turn|15
|
|move|p1a: Dragapult|Substitute|p1a: Dragapult
|-start|p1a: Dragapult|Substitute
|-damage|p1a: Dragapult|6/100
|move|p2a: Shiinotic|Moonblast|p1a: Dragapult
|-supereffective|p1a: Dragapult
|-end|p1a: Dragapult|Substitute
|
|-heal|p1a: Dragapult|12/100|[from] item: Leftovers
|-heal|p2a: Shiinotic|87/100|[from] item: Leftovers
|upkeep
|turn|16
|
|switch|p1a: Cinderace|Cinderace, M|100/100
|move|p2a: Shiinotic|Spore|p1a: Cinderace
|-status|p1a: Cinderace|slp|[from] move: Spore
|
|-heal|p2a: Shiinotic|93/100|[from] item: Leftovers
|upkeep
|turn|17
|
|switch|p2a: Cramorant|Cramorant, F|100/100
|cant|p1a: Cinderace|slp
|
|upkeep
|turn|18
|
|cant|p1a: Cinderace|slp
|move|p2a: Cramorant|Surf|p1a: Cinderace
|-supereffective|p1a: Cinderace
|-damage|p1a: Cinderace|5/100 slp
|-formechange|p2a: Cramorant|Cramorant-Gulping|
|
|upkeep
|turn|19
|
|cant|p1a: Cinderace|slp
|move|p2a: Cramorant|Surf|p1a: Cinderace
|-supereffective|p1a: Cinderace
|-damage|p1a: Cinderace|0 fnt
|faint|p1a: Cinderace
|
|upkeep
|
|switch|p1a: Obstagoon|Obstagoon, M|100/100
|turn|20
|
|move|p1a: Obstagoon|Facade|p2a: Cramorant
|-formechange|p2a: Cramorant|Cramorant|
|-damage|p1a: Obstagoon|76/100|[from] ability: Gulp Missile|[of] p2a: Cramorant
|-unboost|p1a: Obstagoon|def|1
|-damage|p2a: Cramorant|43/100
|move|p2a: Cramorant|Surf|p1a: Obstagoon
|-damage|p1a: Obstagoon|31/100
|-formechange|p2a: Cramorant|Cramorant-Gorging|
|
|-status|p1a: Obstagoon|brn|[from] item: Flame Orb
|upkeep
|turn|21
|
|move|p2a: Cramorant|Endure|p2a: Cramorant
|-singleturn|p2a: Cramorant|move: Endure
|move|p1a: Obstagoon|Facade|p2a: Cramorant
|-formechange|p2a: Cramorant|Cramorant|
|-damage|p1a: Obstagoon|7/100 brn|[from] ability: Gulp Missile|[of] p2a: Cramorant
|-activate|p2a: Cramorant|move: Endure
|-damage|p2a: Cramorant|1/100
|
|-damage|p1a: Obstagoon|0 fnt|[from] brn
|faint|p1a: Obstagoon
|upkeep
|-message|Pingo668 forfeited.
|
|win|ArcherLegend
|l|☆Pingo668
|raw|Pingo668's rating: 1411 → 1389(-22 for losing)
|raw|ArcherLegend's rating: 1370 → 1392(+22 for winning)
