|ScrapeTime|2020-01-01-10:34:48
|j|☆jeanpipo
|j|☆GLOCKAVELI
|player|p1|jeanpipo|201|1141
|player|p2|GLOCKAVELI|smasher|1112
|teamsize|p1|6
|teamsize|p2|6
|gametype|singles
|gen|8
|tier|[Gen 8] OU
|rated|
|rule|Sleep Clause Mod: Limit one foe put to sleep
|rule|Species Clause: Limit one of each Pokémon
|rule|OHKO Clause: OHKO moves are banned
|rule|Evasion Moves Clause: Evasion moves are banned
|rule|Endless Battle Clause: Forcing endless battles is banned
|rule|HP Percentage Mod: HP is shown in percentages
|clearpoke
|poke|p1|Barraskewda, F|
|poke|p1|Dracovish|
|poke|p1|Pelipper, F|
|poke|p1|Rotom-Wash|
|poke|p1|Seismitoad, M|
|poke|p1|Toxapex, M|
|poke|p2|Bisharp, M|
|poke|p2|Excadrill, F|
|poke|p2|Togekiss, F|
|poke|p2|Rotom-Wash|
|poke|p2|Hawlucha, M|
|poke|p2|Boltund, M|
|rule|Dynamax Clause: You cannot dynamax
|teampreview
|inactive|Battle timer is ON: inactive players will automatically lose when time's up. (requested by GLOCKAVELI)
|
|start
|switch|p1a: Rotom|Rotom-Wash|100/100
|switch|p2a: Boltund|Boltund, M|100/100
|turn|1
|
|switch|p2a: Rotom|Rotom-Wash|100/100
|move|p1a: Rotom|Will-O-Wisp|p2a: Rotom
|-status|p2a: Rotom|brn
|
|-damage|p2a: Rotom|94/100 brn|[from] brn
|upkeep
|turn|2
|
|switch|p1a: Seismitoad|Seismitoad, M|100/100
|switch|p2a: Boltund|Boltund, M|100/100
|
|upkeep
|turn|3
|
|switch|p2a: Rotom|Rotom-Wash|94/100 brn
|move|p1a: Seismitoad|Earth Power|p2a: Rotom
|-immune|p2a: Rotom|[from] ability: Levitate
|
|-heal|p2a: Rotom|100/100 brn|[from] item: Leftovers
|-damage|p2a: Rotom|94/100 brn|[from] brn
|upkeep
|turn|4
|
|move|p2a: Rotom|Thunder Wave|p1a: Seismitoad
|-immune|p1a: Seismitoad
|move|p1a: Seismitoad|Sludge Bomb|p2a: Rotom
|-damage|p2a: Rotom|67/100 brn
|
|-heal|p2a: Rotom|73/100 brn|[from] item: Leftovers
|-damage|p2a: Rotom|67/100 brn|[from] brn
|upkeep
|turn|5
|
|move|p2a: Rotom|Hydro Pump|p1a: Seismitoad
|-damage|p1a: Seismitoad|53/100
|move|p1a: Seismitoad|Stealth Rock|p2a: Rotom
|-sidestart|p2: GLOCKAVELI|move: Stealth Rock
|
|-heal|p2a: Rotom|73/100 brn|[from] item: Leftovers
|-heal|p1a: Seismitoad|59/100|[from] item: Leftovers
|-damage|p2a: Rotom|67/100 brn|[from] brn
|upkeep
|turn|6
|
|switch|p1a: Toxapex|Toxapex, M|100/100
|move|p2a: Rotom|Hydro Pump|p1a: Toxapex
|-resisted|p1a: Toxapex
|-damage|p1a: Toxapex|84/100
|
|-heal|p2a: Rotom|73/100 brn|[from] item: Leftovers
|-heal|p1a: Toxapex|91/100|[from] item: Black Sludge
|-damage|p2a: Rotom|67/100 brn|[from] brn
|upkeep
|turn|7
|
|move|p2a: Rotom|Thunder Wave|p1a: Toxapex
|-status|p1a: Toxapex|par
|move|p1a: Toxapex|Scald|p2a: Rotom
|-resisted|p2a: Rotom
|-damage|p2a: Rotom|58/100 brn
|
|-heal|p2a: Rotom|64/100 brn|[from] item: Leftovers
|-heal|p1a: Toxapex|97/100 par|[from] item: Black Sludge
|-damage|p2a: Rotom|58/100 brn|[from] brn
|upkeep
|turn|8
|
|move|p2a: Rotom|Volt Switch|p1a: Toxapex
|-supereffective|p1a: Toxapex
|-crit|p1a: Toxapex
|-damage|p1a: Toxapex|33/100 par
|
|switch|p2a: Excadrill|Excadrill, F|100/100|[from]move: Volt Switch
|-damage|p2a: Excadrill|97/100|[from] Stealth Rock
|-ability|p2a: Excadrill|Mold Breaker
|move|p1a: Toxapex|Scald|p2a: Excadrill
|-supereffective|p2a: Excadrill
|-damage|p2a: Excadrill|50/100
|
|-heal|p1a: Toxapex|39/100 par|[from] item: Black Sludge
|upkeep
|turn|9
|
|switch|p1a: Rotom|Rotom-Wash|100/100
|move|p2a: Excadrill|Earthquake|p1a: Rotom
|-supereffective|p1a: Rotom
|-damage|p1a: Rotom|0 fnt
|-damage|p2a: Excadrill|40/100|[from] item: Life Orb
|faint|p1a: Rotom
|
|upkeep
|
|switch|p1a: Pelipper|Pelipper, F|100/100
|-weather|RainDance|[from] ability: Drizzle|[of] p1a: Pelipper
|turn|10
|
|move|p2a: Excadrill|Rapid Spin|p1a: Pelipper
|-damage|p1a: Pelipper|82/100
|-sideend|p2: GLOCKAVELI|Stealth Rock|[from] move: Rapid Spin|[of] p2a: Excadrill
|-boost|p2a: Excadrill|spe|1
|-damage|p2a: Excadrill|30/100|[from] item: Life Orb
|move|p1a: Pelipper|Scald|p2a: Excadrill
|-supereffective|p2a: Excadrill
|-damage|p2a: Excadrill|0 fnt
|faint|p2a: Excadrill
|
|-weather|RainDance|[upkeep]
|upkeep
|
|switch|p2a: Boltund|Boltund, M|100/100
|turn|11
|
|switch|p1a: Seismitoad|Seismitoad, M|59/100
|move|p2a: Boltund|Agility|p2a: Boltund
|-boost|p2a: Boltund|spe|2
|
|-weather|RainDance|[upkeep]
|-heal|p1a: Seismitoad|65/100|[from] item: Leftovers
|upkeep
|turn|12
|
|move|p2a: Boltund|Crunch|p1a: Seismitoad
|-crit|p1a: Seismitoad
|-damage|p1a: Seismitoad|0 fnt
|-damage|p2a: Boltund|91/100|[from] item: Life Orb
|faint|p1a: Seismitoad
|
|-weather|RainDance|[upkeep]
|upkeep
|
|switch|p1a: Barraskewda|Barraskewda, F|100/100
|turn|13
|c|☆GLOCKAVELI|damn
|c|☆GLOCKAVELI|lmao
|
|move|p1a: Barraskewda|Liquidation|p2a: Boltund
|-damage|p2a: Boltund|0 fnt
|-damage|p1a: Barraskewda|91/100|[from] item: Life Orb
|faint|p2a: Boltund
|
|-weather|RainDance|[upkeep]
|upkeep
|c|☆jeanpipo|yay
|c|☆GLOCKAVELI|god damn
|c|☆GLOCKAVELI|barraskewda a fkin threat
|
|switch|p2a: Rotom|Rotom-Wash|58/100 brn
|turn|14
|
|move|p1a: Barraskewda|Psychic Fangs|p2a: Rotom
|-damage|p2a: Rotom|0 fnt
|-damage|p1a: Barraskewda|81/100|[from] item: Life Orb
|faint|p2a: Rotom
|
|-weather|RainDance|[upkeep]
|upkeep
|
|switch|p2a: Togekiss|Togekiss, F|100/100
|turn|15
|
|move|p1a: Barraskewda|Liquidation|p2a: Togekiss
|-damage|p2a: Togekiss|2/100
|-damage|p1a: Barraskewda|71/100|[from] item: Life Orb
|move|p2a: Togekiss|Air Slash|p1a: Barraskewda
|-damage|p1a: Barraskewda|0 fnt
|faint|p1a: Barraskewda
|
|-weather|RainDance|[upkeep]
|upkeep
|
|switch|p1a: Dracovish|Dracovish|100/100
|turn|16
|
|move|p2a: Togekiss|Air Slash|p1a: Dracovish
|-crit|p1a: Dracovish
|-damage|p1a: Dracovish|5/100
|cant|p1a: Dracovish|flinch
|
|-weather|RainDance|[upkeep]
|upkeep
|turn|17
|c|☆GLOCKAVELI|shiit
|
|move|p2a: Togekiss|Air Slash|p1a: Dracovish
|-damage|p1a: Dracovish|0 fnt
|faint|p1a: Dracovish
|
|-weather|none
|upkeep
|c|☆jeanpipo|xD
|c|☆GLOCKAVELI|pokemon for ya
|
|switch|p1a: Toxapex|Toxapex, M|73/100 par
|turn|18
|
|move|p2a: Togekiss|Air Slash|p1a: Toxapex
|-damage|p1a: Toxapex|27/100 par
|cant|p1a: Toxapex|flinch
|
|-heal|p1a: Toxapex|33/100 par|[from] item: Black Sludge
|upkeep
|turn|19
|
|move|p2a: Togekiss|Air Slash|p1a: Toxapex
|-damage|p1a: Toxapex|0 fnt
|faint|p1a: Toxapex
|
|upkeep
|
|switch|p1a: Pelipper|Pelipper, F|82/100
|-weather|RainDance|[from] ability: Drizzle|[of] p1a: Pelipper
|turn|20
|
|move|p2a: Togekiss|Air Slash|p1a: Pelipper
|-damage|p1a: Pelipper|8/100
|cant|p1a: Pelipper|flinch
|
|-weather|RainDance|[upkeep]
|upkeep
|turn|21
|c|☆GLOCKAVELI|holy
|c|☆GLOCKAVELI|mb fam
|
|move|p2a: Togekiss|Air Slash|p1a: Pelipper
|-damage|p1a: Pelipper|0 fnt
|faint|p1a: Pelipper
|
|win|GLOCKAVELI
|c|☆jeanpipo|pokemon is fun xD
