|ScrapeTime|2020-01-01-19:55:17
|j|☆Mizzop
|j|☆NasPena2
|player|p1|Mizzop|156|1463
|player|p2|NasPena2|blaine|1524
|teamsize|p1|6
|teamsize|p2|6
|gametype|singles
|gen|8
|tier|[Gen 8] OU
|rated|
|rule|Sleep Clause Mod: Limit one foe put to sleep
|rule|Species Clause: Limit one of each Pokémon
|rule|OHKO Clause: OHKO moves are banned
|rule|Evasion Moves Clause: Evasion moves are banned
|rule|Endless Battle Clause: Forcing endless battles is banned
|rule|HP Percentage Mod: HP is shown in percentages
|clearpoke
|poke|p1|Dragapult, F|
|poke|p1|Corviknight, F|
|poke|p1|Clefable, M|
|poke|p1|Dracovish|
|poke|p1|Seismitoad, F|
|poke|p1|Conkeldurr, M|
|poke|p2|Dragapult, M|
|poke|p2|Obstagoon, M|
|poke|p2|Ferrothorn, F|
|poke|p2|Rotom-Heat|
|poke|p2|Hippowdon, F|
|poke|p2|Hatterene, F|
|rule|Dynamax Clause: You cannot dynamax
|teampreview
|inactive|Battle timer is ON: inactive players will automatically lose when time's up. (requested by Mizzop)
|
|start
|switch|p1a: Seismitoad|Seismitoad, F|100/100
|switch|p2a: Toothless|Dragapult, M|100/100
|turn|1
|
|move|p2a: Toothless|Shadow Ball|p1a: Seismitoad
|-damage|p1a: Seismitoad|43/100
|move|p1a: Seismitoad|Stealth Rock|p2a: Toothless
|-sidestart|p2: NasPena2|move: Stealth Rock
|
|-heal|p1a: Seismitoad|49/100|[from] item: Leftovers
|upkeep
|turn|2
|
|switch|p1a: Corviknight|Corviknight, F|100/100
|-ability|p1a: Corviknight|Pressure
|move|p2a: Toothless|Shadow Ball|p1a: Corviknight
|-damage|p1a: Corviknight|67/100
|
|-heal|p1a: Corviknight|73/100|[from] item: Leftovers
|upkeep
|turn|3
|
|switch|p2a: Bertha|Hippowdon, F, shiny|100/100
|-damage|p2a: Bertha|94/100|[from] Stealth Rock
|-weather|Sandstorm|[from] ability: Sand Stream|[of] p2a: Bertha
|switch|p1a: Seismitoad|Seismitoad, F|49/100
|
|-weather|Sandstorm|[upkeep]
|-heal|p1a: Seismitoad|55/100|[from] item: Leftovers
|-heal|p2a: Bertha|100/100|[from] item: Leftovers
|upkeep
|turn|4
|
|move|p1a: Seismitoad|Scald|p2a: Bertha
|-supereffective|p2a: Bertha
|-crit|p2a: Bertha
|-damage|p2a: Bertha|56/100
|move|p2a: Bertha|Stealth Rock|p1a: Seismitoad
|-sidestart|p1: Mizzop|move: Stealth Rock
|
|-weather|Sandstorm|[upkeep]
|-heal|p1a: Seismitoad|61/100|[from] item: Leftovers
|-heal|p2a: Bertha|62/100|[from] item: Leftovers
|upkeep
|turn|5
|
|switch|p2a: Nettles|Ferrothorn, F|100/100
|-damage|p2a: Nettles|94/100|[from] Stealth Rock
|move|p1a: Seismitoad|Scald|p2a: Nettles
|-resisted|p2a: Nettles
|-damage|p2a: Nettles|84/100
|-status|p2a: Nettles|brn
|
|-weather|Sandstorm|[upkeep]
|-heal|p1a: Seismitoad|67/100|[from] item: Leftovers
|-heal|p2a: Nettles|91/100 brn|[from] item: Leftovers
|-damage|p2a: Nettles|84/100 brn|[from] brn
|upkeep
|turn|6
|
|switch|p1a: Clefable|Clefable, M|100/100
|move|p2a: Nettles|Spikes|p1a: Clefable
|-sidestart|p1: Mizzop|Spikes
|
|-weather|Sandstorm|[upkeep]
|-heal|p2a: Nettles|91/100 brn|[from] item: Leftovers
|-damage|p2a: Nettles|84/100 brn|[from] brn
|upkeep
|turn|7
|
|switch|p2a: Hotbox|Rotom-Heat, shiny|100/100
|move|p1a: Clefable|Flamethrower|p2a: Hotbox
|-resisted|p2a: Hotbox
|-damage|p2a: Hotbox|83/100
|
|-weather|none
|upkeep
|turn|8
|
|move|p2a: Hotbox|Thunder Wave|p1a: Clefable
|-status|p1a: Clefable|par
|move|p1a: Clefable|Moonlight||[still]
|-fail|p1a: Clefable
|
|upkeep
|turn|9
|
|move|p2a: Hotbox|Nasty Plot|p2a: Hotbox
|-boost|p2a: Hotbox|spa|2
|cant|p1a: Clefable|par
|
|upkeep
|turn|10
|
|move|p2a: Hotbox|Nasty Plot|p2a: Hotbox
|-boost|p2a: Hotbox|spa|2
|move|p1a: Clefable|Moonblast|p2a: Hotbox
|-resisted|p2a: Hotbox
|-damage|p2a: Hotbox|51/100
|
|upkeep
|turn|11
|
|switch|p1a: Seismitoad|Seismitoad, F|67/100
|-damage|p1a: Seismitoad|55/100|[from] Spikes
|-damage|p1a: Seismitoad|49/100|[from] Stealth Rock
|move|p2a: Hotbox|Overheat|p1a: Seismitoad
|-resisted|p1a: Seismitoad
|-damage|p1a: Seismitoad|0 fnt
|-unboost|p2a: Hotbox|spa|2
|faint|p1a: Seismitoad
|
|upkeep
|
|switch|p1a: Dragapult|Dragapult, F|100/100
|-damage|p1a: Dragapult|88/100|[from] Stealth Rock
|-damage|p1a: Dragapult|76/100|[from] Spikes
|turn|12
|
|switch|p2a: Bertha|Hippowdon, F, shiny|62/100
|-damage|p2a: Bertha|56/100|[from] Stealth Rock
|-weather|Sandstorm|[from] ability: Sand Stream|[of] p2a: Bertha
|move|p1a: Dragapult|Shadow Ball|p2a: Bertha
|-damage|p2a: Bertha|21/100
|-unboost|p2a: Bertha|spd|1
|
|-weather|Sandstorm|[upkeep]
|-damage|p1a: Dragapult|70/100|[from] Sandstorm
|-heal|p2a: Bertha|27/100|[from] item: Leftovers
|upkeep
|turn|13
|
|switch|p1a: Clefable|Clefable, M|100/100 par
|switch|p2a: Gene|Obstagoon, M|100/100
|-damage|p2a: Gene|88/100|[from] Stealth Rock
|
|-weather|Sandstorm|[upkeep]
|-damage|p2a: Gene|82/100|[from] Sandstorm
|-status|p2a: Gene|brn|[from] item: Flame Orb
|upkeep
|turn|14
|
|move|p2a: Gene|Facade|p1a: Clefable
|-damage|p1a: Clefable|0 fnt
|faint|p1a: Clefable
|
|-weather|Sandstorm|[upkeep]
|-damage|p2a: Gene|76/100 brn|[from] Sandstorm
|-damage|p2a: Gene|70/100 brn|[from] brn
|upkeep
|
|switch|p1a: Conkeldurr|Conkeldurr, M|100/100
|-damage|p1a: Conkeldurr|88/100|[from] Spikes
|-damage|p1a: Conkeldurr|82/100|[from] Stealth Rock
|turn|15
|
|switch|p2a: Toothless|Dragapult, M|100/100
|-damage|p2a: Toothless|88/100|[from] Stealth Rock
|move|p1a: Conkeldurr|Mach Punch|p2a: Toothless
|-immune|p2a: Toothless
|
|-weather|Sandstorm|[upkeep]
|-damage|p2a: Toothless|82/100|[from] Sandstorm
|-damage|p1a: Conkeldurr|76/100|[from] Sandstorm
|-status|p1a: Conkeldurr|brn|[from] item: Flame Orb
|upkeep
|turn|16
|inactive|NasPena2 has 120 seconds left.
|
|switch|p1a: Corviknight|Corviknight, F|73/100
|-damage|p1a: Corviknight|61/100|[from] Stealth Rock
|-ability|p1a: Corviknight|Pressure
|move|p2a: Toothless|Draco Meteor|p1a: Corviknight
|-resisted|p1a: Corviknight
|-damage|p1a: Corviknight|35/100
|-unboost|p2a: Toothless|spa|2
|
|-weather|none
|-heal|p1a: Corviknight|41/100|[from] item: Leftovers
|upkeep
|turn|17
|inactive|NasPena2 has 120 seconds left.
|
|switch|p2a: The Hat|Hatterene, F|100/100
|-damage|p2a: The Hat|88/100|[from] Stealth Rock
|move|p1a: Corviknight|Roost|p1a: Corviknight
|-heal|p1a: Corviknight|91/100
|-singleturn|p1a: Corviknight|move: Roost
|
|-heal|p1a: Corviknight|97/100|[from] item: Leftovers
|-heal|p2a: The Hat|94/100|[from] item: Leftovers
|upkeep
|turn|18
|inactive|NasPena2 has 120 seconds left.
|
|move|p1a: Corviknight|Substitute|p1a: Corviknight
|-start|p1a: Corviknight|Substitute
|-damage|p1a: Corviknight|72/100
|move|p2a: The Hat|Calm Mind|p2a: The Hat
|-boost|p2a: The Hat|spa|1
|-boost|p2a: The Hat|spd|1
|
|-heal|p1a: Corviknight|78/100|[from] item: Leftovers
|-heal|p2a: The Hat|99/100|[from] item: Leftovers
|upkeep
|turn|19
|
|move|p1a: Corviknight|Bulk Up|p1a: Corviknight
|-boost|p1a: Corviknight|atk|1
|-boost|p1a: Corviknight|def|1
|move|p2a: The Hat|Mystical Fire|p1a: Corviknight
|-supereffective|p1a: Corviknight
|-end|p1a: Corviknight|Substitute
|
|-heal|p1a: Corviknight|84/100|[from] item: Leftovers
|-heal|p2a: The Hat|100/100|[from] item: Leftovers
|upkeep
|turn|20
|
|move|p1a: Corviknight|Substitute|p1a: Corviknight
|-start|p1a: Corviknight|Substitute
|-damage|p1a: Corviknight|59/100
|move|p2a: The Hat|Mystical Fire|p1a: Corviknight
|-supereffective|p1a: Corviknight
|-end|p1a: Corviknight|Substitute
|
|-heal|p1a: Corviknight|65/100|[from] item: Leftovers
|upkeep
|turn|21
|
|move|p1a: Corviknight|Roost|p1a: Corviknight
|-heal|p1a: Corviknight|100/100
|-singleturn|p1a: Corviknight|move: Roost
|move|p2a: The Hat|Mystical Fire|p1a: Corviknight
|-supereffective|p1a: Corviknight
|-damage|p1a: Corviknight|50/100
|-unboost|p1a: Corviknight|spa|1
|
|-heal|p1a: Corviknight|56/100|[from] item: Leftovers
|upkeep
|turn|22
|
|move|p1a: Corviknight|Roost|p1a: Corviknight
|-heal|p1a: Corviknight|100/100
|-singleturn|p1a: Corviknight|move: Roost
|move|p2a: The Hat|Mystical Fire|p1a: Corviknight
|-supereffective|p1a: Corviknight
|-damage|p1a: Corviknight|52/100
|-unboost|p1a: Corviknight|spa|1
|
|-heal|p1a: Corviknight|58/100|[from] item: Leftovers
|upkeep
|turn|23
|
|move|p1a: Corviknight|Substitute|p1a: Corviknight
|-start|p1a: Corviknight|Substitute
|-damage|p1a: Corviknight|33/100
|move|p2a: The Hat|Calm Mind|p2a: The Hat
|-boost|p2a: The Hat|spa|1
|-boost|p2a: The Hat|spd|1
|
|-heal|p1a: Corviknight|39/100|[from] item: Leftovers
|upkeep
|turn|24
|
|move|p1a: Corviknight|Roost|p1a: Corviknight
|-heal|p1a: Corviknight|89/100
|-singleturn|p1a: Corviknight|move: Roost
|move|p2a: The Hat|Psyshock|p1a: Corviknight
|-resisted|p1a: Corviknight
|-activate|p1a: Corviknight|move: Substitute|[damage]
|
|-heal|p1a: Corviknight|95/100|[from] item: Leftovers
|upkeep
|turn|25
|
|move|p1a: Corviknight|Brave Bird|p2a: The Hat
|-damage|p2a: The Hat|54/100
|-damage|p1a: Corviknight|83/100|[from] Recoil
|move|p2a: The Hat|Psyshock|p1a: Corviknight
|-resisted|p1a: Corviknight
|-end|p1a: Corviknight|Substitute
|
|-heal|p1a: Corviknight|89/100|[from] item: Leftovers
|-heal|p2a: The Hat|60/100|[from] item: Leftovers
|upkeep
|turn|26
|
|move|p1a: Corviknight|Substitute|p1a: Corviknight
|-start|p1a: Corviknight|Substitute
|-damage|p1a: Corviknight|64/100
|move|p2a: The Hat|Mystical Fire|p1a: Corviknight
|-supereffective|p1a: Corviknight
|-end|p1a: Corviknight|Substitute
|
|-heal|p1a: Corviknight|70/100|[from] item: Leftovers
|-heal|p2a: The Hat|66/100|[from] item: Leftovers
|upkeep
|turn|27
|
|move|p1a: Corviknight|Roost|p1a: Corviknight
|-heal|p1a: Corviknight|100/100
|-singleturn|p1a: Corviknight|move: Roost
|move|p2a: The Hat|Mystical Fire|p1a: Corviknight
|-supereffective|p1a: Corviknight
|-damage|p1a: Corviknight|38/100
|-unboost|p1a: Corviknight|spa|1
|
|-heal|p1a: Corviknight|44/100|[from] item: Leftovers
|-heal|p2a: The Hat|72/100|[from] item: Leftovers
|upkeep
|turn|28
|
|move|p1a: Corviknight|Roost|p1a: Corviknight
|-heal|p1a: Corviknight|94/100
|-singleturn|p1a: Corviknight|move: Roost
|move|p2a: The Hat|Calm Mind|p2a: The Hat
|-boost|p2a: The Hat|spa|1
|-boost|p2a: The Hat|spd|1
|
|-heal|p1a: Corviknight|99/100|[from] item: Leftovers
|-heal|p2a: The Hat|78/100|[from] item: Leftovers
|upkeep
|turn|29
|
|move|p1a: Corviknight|Substitute|p1a: Corviknight
|-start|p1a: Corviknight|Substitute
|-damage|p1a: Corviknight|75/100
|move|p2a: The Hat|Mystical Fire|p1a: Corviknight
|-supereffective|p1a: Corviknight
|-end|p1a: Corviknight|Substitute
|
|-heal|p1a: Corviknight|81/100|[from] item: Leftovers
|-heal|p2a: The Hat|84/100|[from] item: Leftovers
|upkeep
|turn|30
|
|move|p1a: Corviknight|Substitute|p1a: Corviknight
|-start|p1a: Corviknight|Substitute
|-damage|p1a: Corviknight|56/100
|move|p2a: The Hat|Psyshock|p1a: Corviknight
|-resisted|p1a: Corviknight
|-end|p1a: Corviknight|Substitute
|
|-heal|p1a: Corviknight|62/100|[from] item: Leftovers
|-heal|p2a: The Hat|90/100|[from] item: Leftovers
|upkeep
|turn|31
|
|move|p1a: Corviknight|Roost|p1a: Corviknight
|-heal|p1a: Corviknight|100/100
|-singleturn|p1a: Corviknight|move: Roost
|move|p2a: The Hat|Draining Kiss|p1a: Corviknight
|-resisted|p1a: Corviknight
|-damage|p1a: Corviknight|81/100
|-heal|p2a: The Hat|100/100|[from] drain|[of] p1a: Corviknight
|
|-heal|p1a: Corviknight|87/100|[from] item: Leftovers
|upkeep
|turn|32
|
|move|p1a: Corviknight|Substitute|p1a: Corviknight
|-start|p1a: Corviknight|Substitute
|-damage|p1a: Corviknight|62/100
|move|p2a: The Hat|Calm Mind|p2a: The Hat
|-boost|p2a: The Hat|spa|1
|-boost|p2a: The Hat|spd|1
|
|-heal|p1a: Corviknight|68/100|[from] item: Leftovers
|upkeep
|turn|33
|
|move|p1a: Corviknight|Roost|p1a: Corviknight
|-heal|p1a: Corviknight|100/100
|-singleturn|p1a: Corviknight|move: Roost
|move|p2a: The Hat|Psyshock|p1a: Corviknight
|-resisted|p1a: Corviknight
|-end|p1a: Corviknight|Substitute
|
|upkeep
|turn|34
|
|move|p1a: Corviknight|Substitute|p1a: Corviknight
|-start|p1a: Corviknight|Substitute
|-damage|p1a: Corviknight|76/100
|move|p2a: The Hat|Calm Mind|p2a: The Hat
|-boost|p2a: The Hat|spa|1
|-boost|p2a: The Hat|spd|1
|
|-heal|p1a: Corviknight|82/100|[from] item: Leftovers
|upkeep
|turn|35
|
|move|p1a: Corviknight|Brave Bird|p2a: The Hat
|-damage|p2a: The Hat|56/100
|-damage|p1a: Corviknight|70/100|[from] Recoil
|move|p2a: The Hat|Psyshock|p1a: Corviknight
|-resisted|p1a: Corviknight
|-end|p1a: Corviknight|Substitute
|
|-heal|p1a: Corviknight|76/100|[from] item: Leftovers
|-heal|p2a: The Hat|62/100|[from] item: Leftovers
|upkeep
|turn|36
|
|move|p1a: Corviknight|Substitute|p1a: Corviknight
|-start|p1a: Corviknight|Substitute
|-damage|p1a: Corviknight|51/100
|move|p2a: The Hat|Psyshock|p1a: Corviknight
|-resisted|p1a: Corviknight
|-end|p1a: Corviknight|Substitute
|
|-heal|p1a: Corviknight|57/100|[from] item: Leftovers
|-heal|p2a: The Hat|68/100|[from] item: Leftovers
|upkeep
|turn|37
|
|move|p1a: Corviknight|Roost|p1a: Corviknight
|-heal|p1a: Corviknight|100/100
|-singleturn|p1a: Corviknight|move: Roost
|move|p2a: The Hat|Mystical Fire|p1a: Corviknight
|-supereffective|p1a: Corviknight
|-damage|p1a: Corviknight|0 fnt
|faint|p1a: Corviknight
|
|-heal|p2a: The Hat|74/100|[from] item: Leftovers
|upkeep
|
|switch|p1a: Dracovish|Dracovish|100/100
|-damage|p1a: Dracovish|88/100|[from] Spikes
|-damage|p1a: Dracovish|76/100|[from] Stealth Rock
|turn|38
|
|move|p1a: Dracovish|Fishious Rend|p2a: The Hat
|-damage|p2a: The Hat|0 fnt
|faint|p2a: The Hat
|
|upkeep
|
|switch|p2a: Toothless|Dragapult, M|82/100
|-damage|p2a: Toothless|70/100|[from] Stealth Rock
|turn|39
|
|move|p2a: Toothless|Draco Meteor|p1a: Dracovish
|-supereffective|p1a: Dracovish
|-damage|p1a: Dracovish|0 fnt
|-unboost|p2a: Toothless|spa|2
|faint|p1a: Dracovish
|
|upkeep
|
|switch|p1a: Dragapult|Dragapult, F|70/100
|-damage|p1a: Dragapult|58/100|[from] Spikes
|-damage|p1a: Dragapult|45/100|[from] Stealth Rock
|turn|40
|
|switch|p2a: Nettles|Ferrothorn, F|84/100 brn
|-damage|p2a: Nettles|78/100 brn|[from] Stealth Rock
|move|p1a: Dragapult|Dragon Pulse|p2a: Nettles
|-resisted|p2a: Nettles
|-damage|p2a: Nettles|54/100 brn
|
|-heal|p2a: Nettles|60/100 brn|[from] item: Leftovers
|-damage|p2a: Nettles|54/100 brn|[from] brn
|upkeep
|turn|41
|
|move|p1a: Dragapult|Dragon Pulse|p2a: Nettles
|-resisted|p2a: Nettles
|-damage|p2a: Nettles|29/100 brn
|move|p2a: Nettles|Leech Seed|p1a: Dragapult
|-start|p1a: Dragapult|move: Leech Seed
|
|-heal|p2a: Nettles|35/100 brn|[from] item: Leftovers
|-damage|p1a: Dragapult|33/100|[from] Leech Seed|[of] p2a: Nettles
|-heal|p2a: Nettles|46/100 brn|[silent]
|-damage|p2a: Nettles|40/100 brn|[from] brn
|upkeep
|turn|42
|
|switch|p1a: Conkeldurr|Conkeldurr, M|76/100 brn
|-damage|p1a: Conkeldurr|64/100 brn|[from] Spikes
|-damage|p1a: Conkeldurr|58/100 brn|[from] Stealth Rock
|move|p2a: Nettles|Heavy Slam|p1a: Conkeldurr
|-damage|p1a: Conkeldurr|52/100 brn
|
|-heal|p2a: Nettles|46/100 brn|[from] item: Leftovers
|-damage|p1a: Conkeldurr|46/100 brn|[from] brn
|-damage|p2a: Nettles|40/100 brn|[from] brn
|upkeep
|turn|43
|
|move|p1a: Conkeldurr|Close Combat|p2a: Nettles
|-supereffective|p2a: Nettles
|-damage|p2a: Nettles|0 fnt
|-damage|p1a: Conkeldurr|33/100 brn|[from] ability: Iron Barbs|[of] p2a: Nettles
|-unboost|p1a: Conkeldurr|def|1
|-unboost|p1a: Conkeldurr|spd|1
|faint|p2a: Nettles
|
|-damage|p1a: Conkeldurr|27/100 brn|[from] brn
|upkeep
|
|switch|p2a: Toothless|Dragapult, M|70/100
|-damage|p2a: Toothless|58/100|[from] Stealth Rock
|turn|44
|
|move|p2a: Toothless|Shadow Ball|p1a: Conkeldurr
|-damage|p1a: Conkeldurr|0 fnt
|faint|p1a: Conkeldurr
|
|upkeep
|
|switch|p1a: Dragapult|Dragapult, F|33/100
|-damage|p1a: Dragapult|21/100|[from] Spikes
|-damage|p1a: Dragapult|8/100|[from] Stealth Rock
|turn|45
|
|move|p2a: Toothless|Shadow Ball|p1a: Dragapult
|-supereffective|p1a: Dragapult
|-damage|p1a: Dragapult|0 fnt
|faint|p1a: Dragapult
|
|win|NasPena2
|l|☆Mizzop
|c|☆NasPena2|gg
|raw|Mizzop's rating: 1482 → 1464(-18 for losing)
|raw|NasPena2's rating: 1524 → 1542(+18 for winning)
