|ScrapeTime|2020-01-02-08:04:53
|j|☆DesolatePancake
|j|☆SacredFlame6
|player|p1|DesolatePancake|colress|1027
|player|p2|SacredFlame6|acetrainer-gen4dp|1052
|teamsize|p1|6
|teamsize|p2|6
|gametype|singles
|gen|8
|tier|[Gen 8] OU
|rated|
|rule|Sleep Clause Mod: Limit one foe put to sleep
|rule|Species Clause: Limit one of each Pokémon
|rule|OHKO Clause: OHKO moves are banned
|rule|Evasion Moves Clause: Evasion moves are banned
|rule|Endless Battle Clause: Forcing endless battles is banned
|rule|HP Percentage Mod: HP is shown in percentages
|clearpoke
|poke|p1|Corsola-Galar, F|
|poke|p1|Dracovish|
|poke|p1|Ferrothorn, M|
|poke|p1|Hippowdon, M|
|poke|p1|Togekiss, F|
|poke|p1|Rotom-Wash|
|poke|p2|Falinks|
|poke|p2|Indeedee, M|
|poke|p2|Corviknight, M|
|poke|p2|Seismitoad, M|
|poke|p2|Tyranitar, F|
|poke|p2|Excadrill, M|
|rule|Dynamax Clause: You cannot dynamax
|teampreview
|
|start
|switch|p1a: Ferrothorn|Ferrothorn, M|100/100
|switch|p2a: Indeedee|Indeedee, M|100/100
|-fieldstart|move: Psychic Terrain|[from] ability: Psychic Surge|[of] p2a: Indeedee
|turn|1
|
|move|p2a: Indeedee|Mystical Fire|p1a: Ferrothorn
|-supereffective|p1a: Ferrothorn
|-damage|p1a: Ferrothorn|10/100
|-unboost|p1a: Ferrothorn|spa|1
|move|p1a: Ferrothorn|Knock Off|p2a: Indeedee
|-supereffective|p2a: Indeedee
|-damage|p2a: Indeedee|26/100
|-enditem|p2a: Indeedee|Leftovers|[from] move: Knock Off|[of] p1a: Ferrothorn
|
|upkeep
|turn|2
|
|move|p2a: Indeedee|Psychic|p1a: Ferrothorn
|-resisted|p1a: Ferrothorn
|-damage|p1a: Ferrothorn|0 fnt
|faint|p1a: Ferrothorn
|
|upkeep
|
|switch|p1a: Corsola|Corsola-Galar, F, shiny|100/100
|turn|3
|
|move|p2a: Indeedee|Dazzling Gleam|p1a: Corsola
|-damage|p1a: Corsola|82/100
|move|p1a: Corsola|Whirlpool|p2a: Indeedee|[miss]
|-miss|p1a: Corsola|p2a: Indeedee
|
|upkeep
|turn|4
|
|switch|p2a: Seismitoad|Seismitoad, M|100/100
|move|p1a: Corsola|Will-O-Wisp|p2a: Seismitoad
|-status|p2a: Seismitoad|brn
|
|-damage|p2a: Seismitoad|94/100 brn|[from] brn
|upkeep
|turn|5
|
|move|p2a: Seismitoad|Toxic|p1a: Corsola
|-status|p1a: Corsola|tox
|move|p1a: Corsola|Night Shade|p2a: Seismitoad
|-damage|p2a: Seismitoad|70/100 brn
|
|-heal|p2a: Seismitoad|76/100 brn|[from] item: Leftovers
|-damage|p2a: Seismitoad|70/100 brn|[from] brn
|-damage|p1a: Corsola|76/100 tox|[from] psn
|-fieldend|move: Psychic Terrain
|upkeep
|turn|6
|
|switch|p1a: Togekiss|Togekiss, F, shiny|100/100
|move|p2a: Seismitoad|Liquidation|p1a: Togekiss
|-damage|p1a: Togekiss|78/100
|
|-heal|p1a: Togekiss|84/100|[from] item: Leftovers
|-heal|p2a: Seismitoad|76/100 brn|[from] item: Leftovers
|-damage|p2a: Seismitoad|70/100 brn|[from] brn
|upkeep
|turn|7
|
|switch|p2a: Tyranitar|Tyranitar, F|100/100
|-weather|Sandstorm|[from] ability: Sand Stream|[of] p2a: Tyranitar
|move|p1a: Togekiss|Nasty Plot|p1a: Togekiss
|-boost|p1a: Togekiss|spa|2
|
|-weather|Sandstorm|[upkeep]
|-damage|p1a: Togekiss|78/100|[from] Sandstorm
|-heal|p1a: Togekiss|84/100|[from] item: Leftovers
|upkeep
|turn|8
|
|move|p1a: Togekiss|Dazzling Gleam|p2a: Tyranitar
|-supereffective|p2a: Tyranitar
|-damage|p2a: Tyranitar|0 fnt
|faint|p2a: Tyranitar
|
|-weather|Sandstorm|[upkeep]
|-damage|p1a: Togekiss|78/100|[from] Sandstorm
|-heal|p1a: Togekiss|84/100|[from] item: Leftovers
|upkeep
|
|switch|p2a: Excadrill|Excadrill, M|100/100
|turn|9
|inactive|Battle timer is ON: inactive players will automatically lose when time's up. (requested by DesolatePancake)
|
|move|p2a: Excadrill|Swords Dance|p2a: Excadrill
|-boost|p2a: Excadrill|atk|2
|move|p1a: Togekiss|Flamethrower|p2a: Excadrill
|-supereffective|p2a: Excadrill
|-damage|p2a: Excadrill|0 fnt
|faint|p2a: Excadrill
|
|-weather|Sandstorm|[upkeep]
|-damage|p1a: Togekiss|78/100|[from] Sandstorm
|-heal|p1a: Togekiss|84/100|[from] item: Leftovers
|upkeep
|
|switch|p2a: Corviknight|Corviknight, M|100/100
|turn|10
|
|move|p1a: Togekiss|Flamethrower|p2a: Corviknight
|-supereffective|p2a: Corviknight
|-damage|p2a: Corviknight|0 fnt
|faint|p2a: Corviknight
|
|-weather|Sandstorm|[upkeep]
|-damage|p1a: Togekiss|78/100|[from] Sandstorm
|-heal|p1a: Togekiss|84/100|[from] item: Leftovers
|upkeep
|
|switch|p2a: Indeedee|Indeedee, M|26/100
|-fieldstart|move: Psychic Terrain|[from] ability: Psychic Surge|[of] p2a: Indeedee
|turn|11
|
|move|p1a: Togekiss|Dazzling Gleam|p2a: Indeedee
|-damage|p2a: Indeedee|0 fnt
|faint|p2a: Indeedee
|
|-weather|none
|-heal|p1a: Togekiss|90/100|[from] item: Leftovers
|upkeep
|
|switch|p2a: Falinks|Falinks|100/100
|-enditem|p2a: Falinks|Psychic Seed
|-boost|p2a: Falinks|spd|1
|turn|12
|
|move|p1a: Togekiss|Air Slash|p2a: Falinks
|-supereffective|p2a: Falinks
|-damage|p2a: Falinks|0 fnt
|faint|p2a: Falinks
|
|-heal|p1a: Togekiss|96/100|[from] item: Leftovers
|upkeep
|
|switch|p2a: Seismitoad|Seismitoad, M|70/100 brn
|turn|13
|
|move|p1a: Togekiss|Nasty Plot|p1a: Togekiss
|-boost|p1a: Togekiss|spa|2
|move|p2a: Seismitoad|Toxic|p1a: Togekiss
|-status|p1a: Togekiss|tox
|
|-heal|p1a: Togekiss|100/100 tox|[from] item: Leftovers
|-heal|p2a: Seismitoad|76/100 brn|[from] item: Leftovers
|-damage|p1a: Togekiss|94/100 tox|[from] psn
|-damage|p2a: Seismitoad|70/100 brn|[from] brn
|upkeep
|turn|14
|
|move|p1a: Togekiss|Flamethrower|p2a: Seismitoad
|-resisted|p2a: Seismitoad
|-damage|p2a: Seismitoad|23/100 brn
|move|p2a: Seismitoad|Liquidation|p1a: Togekiss
|-damage|p1a: Togekiss|73/100 tox
|
|-heal|p1a: Togekiss|79/100 tox|[from] item: Leftovers
|-heal|p2a: Seismitoad|29/100 brn|[from] item: Leftovers
|-damage|p1a: Togekiss|67/100 tox|[from] psn
|-damage|p2a: Seismitoad|23/100 brn|[from] brn
|upkeep
|turn|15
|
|move|p1a: Togekiss|Flamethrower|p2a: Seismitoad
|-resisted|p2a: Seismitoad
|-damage|p2a: Seismitoad|0 fnt
|faint|p2a: Seismitoad
|
|win|DesolatePancake
|raw|DesolatePancake's rating: 1027 → 1065(+38 for winning)
|raw|SacredFlame6's rating: 1052 → 1033(-19 for losing)
|l|☆SacredFlame6
