|ScrapeTime|2020-01-01-06:15:15
|j|☆DeadFear
|j|☆Monograk
|player|p1|DeadFear|n|1026
|player|p2|Monograk|10|1026
|teamsize|p1|6
|teamsize|p2|6
|gametype|singles
|gen|8
|tier|[Gen 8] OU
|rated|
|rule|Sleep Clause Mod: Limit one foe put to sleep
|rule|Species Clause: Limit one of each Pokémon
|rule|OHKO Clause: OHKO moves are banned
|rule|Evasion Moves Clause: Evasion moves are banned
|rule|Endless Battle Clause: Forcing endless battles is banned
|rule|HP Percentage Mod: HP is shown in percentages
|clearpoke
|poke|p1|Glalie, F|
|poke|p1|Gengar, M|
|poke|p1|Excadrill, F|
|poke|p1|Flygon, M|
|poke|p1|Malamar, M|
|poke|p1|Golisopod, M|
|poke|p2|Corviknight, M|
|poke|p2|Grimmsnarl, M|
|poke|p2|Falinks|
|poke|p2|Runerigus, M|
|poke|p2|Coalossal, M|
|poke|p2|Ferrothorn, M|
|rule|Dynamax Clause: You cannot dynamax
|teampreview
|
|start
|switch|p1a: Golisopod|Golisopod, M, shiny|100/100
|switch|p2a: Runerigus|Runerigus, M|100/100
|turn|1
|
|switch|p1a: Gengar|Gengar, M, shiny|100/100
|switch|p2a: Ferrothorn|Ferrothorn, M|100/100
|
|upkeep
|turn|2
|
|switch|p1a: Flygon|Flygon, M|100/100
|move|p2a: Ferrothorn|Spikes|p1a: Flygon
|-sidestart|p1: DeadFear|Spikes
|
|upkeep
|turn|3
|
|move|p1a: Flygon|Flamethrower|p2a: Ferrothorn
|-supereffective|p2a: Ferrothorn
|-damage|p2a: Ferrothorn|52/100
|move|p2a: Ferrothorn|Gyro Ball|p1a: Flygon
|-damage|p1a: Flygon|48/100
|-enditem|p1a: Flygon|Berry Juice
|-heal|p1a: Flygon|54/100|[from] item: Berry Juice
|
|-heal|p2a: Ferrothorn|58/100|[from] item: Leftovers
|upkeep
|turn|4
|
|switch|p2a: Coalossal|Coalossal, M|100/100
|move|p1a: Flygon|Flamethrower|p2a: Coalossal
|-resisted|p2a: Coalossal
|-damage|p2a: Coalossal|96/100
|-ability|p2a: Coalossal|Steam Engine|boost
|-boost|p2a: Coalossal|spe|6
|
|upkeep
|turn|5
|inactive|Battle timer is ON: inactive players will automatically lose when time's up. (requested by DeadFear)
|
|move|p2a: Coalossal|Flare Blitz|p1a: Flygon
|-resisted|p1a: Flygon
|-damage|p1a: Flygon|31/100
|-damage|p2a: Coalossal|90/100|[from] Recoil
|move|p1a: Flygon|Fly||[still]
|-prepare|p1a: Flygon|Fly|p2a: Coalossal
|
|upkeep
|turn|6
|
|switch|p2a: Runerigus|Runerigus, M|100/100
|move|p1a: Flygon|Fly|p2a: Runerigus|[from]lockedmove
|-damage|p2a: Runerigus|85/100
|-activate|p1a: Flygon|ability: Wandering Spirit|Wandering Spirit|Levitate|[of] p2a: Runerigus
|
|-heal|p2a: Runerigus|91/100|[from] item: Leftovers
|upkeep
|turn|7
|
|move|p1a: Flygon|Earthquake|p2a: Runerigus
|-immune|p2a: Runerigus|[from] ability: Levitate
|move|p2a: Runerigus|Stealth Rock|p1a: Flygon
|-sidestart|p1: DeadFear|move: Stealth Rock
|
|-heal|p2a: Runerigus|98/100|[from] item: Leftovers
|upkeep
|turn|8
|
|move|p1a: Flygon|Fly||[still]
|-prepare|p1a: Flygon|Fly|p2a: Runerigus
|move|p2a: Runerigus|Will-O-Wisp|p1a: Flygon|[miss]
|-miss|p2a: Runerigus|p1a: Flygon
|
|-heal|p2a: Runerigus|100/100|[from] item: Leftovers
|upkeep
|turn|9
|
|move|p1a: Flygon|Fly|p2a: Runerigus|[from]lockedmove
|-damage|p2a: Runerigus|87/100
|move|p2a: Runerigus|Will-O-Wisp|p1a: Flygon
|-status|p1a: Flygon|brn
|
|-heal|p2a: Runerigus|93/100|[from] item: Leftovers
|-damage|p1a: Flygon|25/100 brn|[from] brn
|upkeep
|turn|10
|
|switch|p2a: Grimmsnarl|Grimmsnarl, M|100/100
|move|p1a: Flygon|Flamethrower|p2a: Grimmsnarl
|-damage|p2a: Grimmsnarl|87/100
|
|-damage|p1a: Flygon|19/100 brn|[from] brn
|upkeep
|turn|11
|
|move|p2a: Grimmsnarl|Light Screen|p2a: Grimmsnarl
|-sidestart|p2: Monograk|move: Light Screen
|move|p1a: Flygon|Earthquake|p2a: Grimmsnarl
|-damage|p2a: Grimmsnarl|62/100
|
|-damage|p1a: Flygon|13/100 brn|[from] brn
|upkeep
|turn|12
|
|move|p2a: Grimmsnarl|Reflect|p2a: Grimmsnarl
|-sidestart|p2: Monograk|Reflect
|move|p1a: Flygon|Earthquake|p2a: Grimmsnarl
|-damage|p2a: Grimmsnarl|50/100
|
|-damage|p1a: Flygon|7/100 brn|[from] brn
|upkeep
|turn|13
|inactive|Monograk has 120 seconds left.
|
|switch|p2a: Corviknight|Corviknight, M|100/100
|-ability|p2a: Corviknight|Pressure
|move|p1a: Flygon|Earthquake|p2a: Corviknight
|-immune|p2a: Corviknight
|
|-damage|p1a: Flygon|1/100 brn|[from] brn
|upkeep
|turn|14
|
|move|p1a: Flygon|Flamethrower|p2a: Corviknight
|-supereffective|p2a: Corviknight
|-damage|p2a: Corviknight|87/100
|-status|p2a: Corviknight|brn
|move|p2a: Corviknight|Bulk Up|p2a: Corviknight
|-boost|p2a: Corviknight|atk|1
|-boost|p2a: Corviknight|def|1
|
|-heal|p2a: Corviknight|93/100 brn|[from] item: Leftovers
|-damage|p1a: Flygon|0 fnt|[from] brn
|faint|p1a: Flygon
|-damage|p2a: Corviknight|87/100 brn|[from] brn
|upkeep
|
|switch|p1a: Glalie|Glalie, F, shiny|100/100
|-damage|p1a: Glalie|88/100|[from] Spikes
|-damage|p1a: Glalie|63/100|[from] Stealth Rock
|turn|15
|
|move|p1a: Glalie|Dark Pulse|p2a: Corviknight
|-crit|p2a: Corviknight
|-damage|p2a: Corviknight|70/100 brn
|cant|p2a: Corviknight|flinch
|
|-heal|p2a: Corviknight|76/100 brn|[from] item: Leftovers
|-damage|p2a: Corviknight|70/100 brn|[from] brn
|upkeep
|turn|16
|
|move|p1a: Glalie|Ice Beam|p2a: Corviknight
|-damage|p2a: Corviknight|60/100 brn
|move|p2a: Corviknight|Bulk Up|p2a: Corviknight
|-boost|p2a: Corviknight|atk|1
|-boost|p2a: Corviknight|def|1
|
|-heal|p2a: Corviknight|66/100 brn|[from] item: Leftovers
|-damage|p2a: Corviknight|60/100 brn|[from] brn
|upkeep
|turn|17
|
|move|p1a: Glalie|Shadow Ball|p2a: Corviknight
|-damage|p2a: Corviknight|54/100 brn
|-unboost|p2a: Corviknight|spd|1
|move|p2a: Corviknight|Substitute|p2a: Corviknight
|-start|p2a: Corviknight|Substitute
|-damage|p2a: Corviknight|29/100 brn
|
|-heal|p2a: Corviknight|35/100 brn|[from] item: Leftovers
|-damage|p2a: Corviknight|29/100 brn|[from] brn
|upkeep
|turn|18
|
|move|p1a: Glalie|Dark Pulse|p2a: Corviknight
|-activate|p2a: Corviknight|move: Substitute|[damage]
|move|p2a: Corviknight|Roost|p2a: Corviknight
|-heal|p2a: Corviknight|79/100 brn
|-singleturn|p2a: Corviknight|move: Roost
|
|-heal|p2a: Corviknight|85/100 brn|[from] item: Leftovers
|-damage|p2a: Corviknight|79/100 brn|[from] brn
|-sideend|p2: Monograk|move: Light Screen
|upkeep
|turn|19
|
|move|p1a: Glalie|Rollout|p2a: Corviknight
|-activate|p2a: Corviknight|move: Substitute|[damage]
|move|p2a: Corviknight|Substitute|p2a: Corviknight
|-fail|p2a: Corviknight|move: Substitute
|
|-heal|p2a: Corviknight|85/100 brn|[from] item: Leftovers
|-damage|p2a: Corviknight|79/100 brn|[from] brn
|-sideend|p2: Monograk|Reflect
|upkeep
|turn|20
|
|move|p1a: Glalie|Rollout|p2a: Corviknight|[from]lockedmove
|-activate|p2a: Corviknight|move: Substitute|[damage]
|move|p2a: Corviknight|Bulk Up|p2a: Corviknight
|-boost|p2a: Corviknight|atk|1
|-boost|p2a: Corviknight|def|1
|
|-heal|p2a: Corviknight|85/100 brn|[from] item: Leftovers
|-damage|p2a: Corviknight|79/100 brn|[from] brn
|upkeep
|turn|21
|
|move|p1a: Glalie|Rollout|p2a: Corviknight|[from]lockedmove|[miss]
|-miss|p1a: Glalie|p2a: Corviknight
|move|p2a: Corviknight|Bulk Up|p2a: Corviknight
|-boost|p2a: Corviknight|atk|1
|-boost|p2a: Corviknight|def|1
|
|-heal|p2a: Corviknight|85/100 brn|[from] item: Leftovers
|-damage|p2a: Corviknight|79/100 brn|[from] brn
|upkeep
|turn|22
|
|move|p1a: Glalie|Ice Beam|p2a: Corviknight
|-end|p2a: Corviknight|Substitute
|move|p2a: Corviknight|Substitute|p2a: Corviknight
|-start|p2a: Corviknight|Substitute
|-damage|p2a: Corviknight|54/100 brn
|
|-heal|p2a: Corviknight|60/100 brn|[from] item: Leftovers
|-damage|p2a: Corviknight|54/100 brn|[from] brn
|upkeep
|turn|23
|
|move|p1a: Glalie|Ice Beam|p2a: Corviknight
|-end|p2a: Corviknight|Substitute
|move|p2a: Corviknight|Roost|p2a: Corviknight
|-heal|p2a: Corviknight|100/100 brn
|-singleturn|p2a: Corviknight|move: Roost
|
|-damage|p2a: Corviknight|94/100 brn|[from] brn
|upkeep
|turn|24
|
|move|p1a: Glalie|Rollout|p2a: Corviknight
|-damage|p2a: Corviknight|92/100 brn
|move|p2a: Corviknight|Brave Bird|p1a: Glalie
|-damage|p1a: Glalie|2/100
|-enditem|p1a: Glalie|Berry Juice
|-heal|p1a: Glalie|8/100|[from] item: Berry Juice
|-damage|p2a: Corviknight|76/100 brn|[from] Recoil
|
|-heal|p2a: Corviknight|82/100 brn|[from] item: Leftovers
|-damage|p2a: Corviknight|76/100 brn|[from] brn
|upkeep
|turn|25
|
|move|p1a: Glalie|Rollout|p2a: Corviknight|[from]lockedmove
|-damage|p2a: Corviknight|72/100 brn
|move|p2a: Corviknight|Substitute|p2a: Corviknight
|-start|p2a: Corviknight|Substitute
|-damage|p2a: Corviknight|47/100 brn
|
|-heal|p2a: Corviknight|54/100 brn|[from] item: Leftovers
|-damage|p2a: Corviknight|47/100 brn|[from] brn
|upkeep
|turn|26
|
|move|p1a: Glalie|Rollout|p2a: Corviknight|[from]lockedmove
|-activate|p2a: Corviknight|move: Substitute|[damage]
|move|p2a: Corviknight|Brave Bird|p1a: Glalie
|-damage|p1a: Glalie|0 fnt
|-damage|p2a: Corviknight|45/100 brn|[from] Recoil
|faint|p1a: Glalie
|
|-heal|p2a: Corviknight|52/100 brn|[from] item: Leftovers
|-damage|p2a: Corviknight|45/100 brn|[from] brn
|upkeep
|
|switch|p1a: Excadrill|Excadrill, F|100/100
|-damage|p1a: Excadrill|88/100|[from] Spikes
|-damage|p1a: Excadrill|85/100|[from] Stealth Rock
|turn|27
|
|move|p1a: Excadrill|Dig||[still]
|-prepare|p1a: Excadrill|Dig|p2a: Corviknight
|move|p2a: Corviknight|Brave Bird|p1a: Excadrill|[miss]
|-miss|p2a: Corviknight|p1a: Excadrill
|
|-heal|p2a: Corviknight|52/100 brn|[from] item: Leftovers
|-damage|p2a: Corviknight|45/100 brn|[from] brn
|upkeep
|turn|28
|
|move|p1a: Excadrill|Dig|p2a: Corviknight|[from]lockedmove
|-immune|p2a: Corviknight
|move|p2a: Corviknight|Bulk Up|p2a: Corviknight
|-boost|p2a: Corviknight|atk|1
|-boost|p2a: Corviknight|def|1
|
|-heal|p2a: Corviknight|52/100 brn|[from] item: Leftovers
|-damage|p2a: Corviknight|45/100 brn|[from] brn
|upkeep
|turn|29
|
|move|p1a: Excadrill|Dig||[still]
|-prepare|p1a: Excadrill|Dig|p2a: Corviknight
|move|p2a: Corviknight|Roost|p2a: Corviknight
|-heal|p2a: Corviknight|95/100 brn
|-singleturn|p2a: Corviknight|move: Roost
|
|-heal|p2a: Corviknight|100/100 brn|[from] item: Leftovers
|-damage|p2a: Corviknight|94/100 brn|[from] brn
|upkeep
|turn|30
|
|move|p1a: Excadrill|Dig|p2a: Corviknight|[from]lockedmove
|-immune|p2a: Corviknight
|move|p2a: Corviknight|Bulk Up|p2a: Corviknight
|-boost|p2a: Corviknight|atk|1
|-boost|p2a: Corviknight|def|1
|
|-heal|p2a: Corviknight|100/100 brn|[from] item: Leftovers
|-damage|p2a: Corviknight|94/100 brn|[from] brn
|upkeep
|turn|31
|
|move|p1a: Excadrill|Brick Break|p2a: Corviknight
|-crit|p2a: Corviknight
|-end|p2a: Corviknight|Substitute
|move|p2a: Corviknight|Brave Bird|p1a: Excadrill
|-resisted|p1a: Excadrill
|-damage|p1a: Excadrill|40/100
|-damage|p2a: Corviknight|80/100 brn|[from] Recoil
|
|-heal|p2a: Corviknight|86/100 brn|[from] item: Leftovers
|-damage|p2a: Corviknight|80/100 brn|[from] brn
|upkeep
|turn|32
|
|move|p1a: Excadrill|Brick Break|p2a: Corviknight
|-damage|p2a: Corviknight|74/100 brn
|move|p2a: Corviknight|Brave Bird|p1a: Excadrill
|-resisted|p1a: Excadrill
|-damage|p1a: Excadrill|0 fnt
|-damage|p2a: Corviknight|61/100 brn|[from] Recoil
|faint|p1a: Excadrill
|
|-heal|p2a: Corviknight|68/100 brn|[from] item: Leftovers
|-damage|p2a: Corviknight|61/100 brn|[from] brn
|upkeep
|
|switch|p1a: Malamar|Malamar, M|100/100
|-damage|p1a: Malamar|88/100|[from] Stealth Rock
|-damage|p1a: Malamar|76/100|[from] Spikes
|turn|33
|
|move|p1a: Malamar|Hypnosis||[still]
|-fail|p1a: Malamar
|move|p2a: Corviknight|Brave Bird|p1a: Malamar
|-damage|p1a: Malamar|8/100
|-enditem|p1a: Malamar|Berry Juice
|-heal|p1a: Malamar|14/100|[from] item: Berry Juice
|-damage|p2a: Corviknight|43/100 brn|[from] Recoil
|
|-heal|p2a: Corviknight|49/100 brn|[from] item: Leftovers
|-damage|p2a: Corviknight|43/100 brn|[from] brn
|upkeep
|turn|34
|c|☆Monograk|Berry juice is not a good item except in little cup
|inactive|Monograk has 120 seconds left.
|c|☆Monograk|hypnosis doesn’t work cuz I’m burned
|
|move|p1a: Malamar|Hypnosis||[still]
|-fail|p1a: Malamar
|move|p2a: Corviknight|Roost|p2a: Corviknight
|-heal|p2a: Corviknight|93/100 brn
|-singleturn|p2a: Corviknight|move: Roost
|
|-heal|p2a: Corviknight|99/100 brn|[from] item: Leftovers
|-damage|p2a: Corviknight|93/100 brn|[from] brn
|upkeep
|turn|35
|
|move|p1a: Malamar|Hypnosis|p2a: Corviknight|[miss]
|-miss|p1a: Malamar|p2a: Corviknight
|move|p2a: Corviknight|Brave Bird|p1a: Malamar
|-damage|p1a: Malamar|0 fnt
|-damage|p2a: Corviknight|89/100 brn|[from] Recoil
|faint|p1a: Malamar
|
|-heal|p2a: Corviknight|95/100 brn|[from] item: Leftovers
|-damage|p2a: Corviknight|89/100 brn|[from] brn
|upkeep
|
|switch|p1a: Golisopod|Golisopod, M, shiny|100/100
|-damage|p1a: Golisopod|76/100|[from] Stealth Rock
|-damage|p1a: Golisopod|63/100|[from] Spikes
|turn|36
|c|☆Monograk|Hypnosis cannot hit I am already burned
|inactive|Monograk has 120 seconds left.
|
|move|p2a: Corviknight|Brave Bird|p1a: Golisopod
|-supereffective|p1a: Golisopod
|-damage|p1a: Golisopod|0 fnt
|-damage|p2a: Corviknight|72/100 brn|[from] Recoil
|faint|p1a: Golisopod
|
|-heal|p2a: Corviknight|78/100 brn|[from] item: Leftovers
|-damage|p2a: Corviknight|72/100 brn|[from] brn
|upkeep
|
|switch|p1a: Gengar|Gengar, M, shiny|100/100
|-damage|p1a: Gengar|88/100|[from] Spikes
|-damage|p1a: Gengar|76/100|[from] Stealth Rock
|turn|37
|inactive|Monograk has 120 seconds left.
|
|switch|p2a: Grimmsnarl|Grimmsnarl, M|50/100
|move|p1a: Gengar|Sludge Wave|p2a: Grimmsnarl
|-supereffective|p2a: Grimmsnarl
|-damage|p2a: Grimmsnarl|0 fnt
|faint|p2a: Grimmsnarl
|
|upkeep
|inactive|Monograk has 120 seconds left.
|
|switch|p2a: Ferrothorn|Ferrothorn, M|58/100
|turn|38
|
|move|p1a: Gengar|Sludge Wave|p2a: Ferrothorn
|-immune|p2a: Ferrothorn
|move|p2a: Ferrothorn|Gyro Ball|p1a: Gengar
|-damage|p1a: Gengar|6/100
|-start|p2a: Ferrothorn|Disable|Gyro Ball|[from] ability: Cursed Body|[of] p1a: Gengar
|
|-heal|p2a: Ferrothorn|64/100|[from] item: Leftovers
|upkeep
|turn|39
|inactive|Monograk has 120 seconds left.
|
|move|p1a: Gengar|Dark Pulse|p2a: Ferrothorn
|-damage|p2a: Ferrothorn|47/100
|move|p2a: Ferrothorn|Leech Seed|p1a: Gengar
|-start|p1a: Gengar|move: Leech Seed
|
|-heal|p2a: Ferrothorn|53/100|[from] item: Leftovers
|-damage|p1a: Gengar|0 fnt|[from] Leech Seed|[of] p2a: Ferrothorn
|-heal|p2a: Ferrothorn|57/100|[silent]
|faint|p1a: Gengar
|
|win|Monograk
|upkeep
|raw|DeadFear's rating: 1026 → 1012(-14 for losing)
|raw|Monograk's rating: 1026 → 1062(+36 for winning)
