|ScrapeTime|2020-01-01-09:35:14
|j|☆thomas888 ★
|j|☆Helpinghans
|player|p1|thomas888 ★|brycen|1721
|player|p2|Helpinghans|pilot|1812
|teamsize|p1|6
|teamsize|p2|6
|gametype|singles
|gen|8
|tier|[Gen 8] OU
|rated|
|rule|Sleep Clause Mod: Limit one foe put to sleep
|rule|Species Clause: Limit one of each Pokémon
|rule|OHKO Clause: OHKO moves are banned
|rule|Evasion Moves Clause: Evasion moves are banned
|rule|Endless Battle Clause: Forcing endless battles is banned
|rule|HP Percentage Mod: HP is shown in percentages
|clearpoke
|poke|p1|Dracozolt|
|poke|p1|Togekiss, M|
|poke|p1|Corviknight, M|
|poke|p1|Seismitoad, F|
|poke|p1|Dragapult, F|
|poke|p1|Conkeldurr, M|
|poke|p2|Tyranitar, M|
|poke|p2|Excadrill, M|
|poke|p2|Hatterene, F|
|poke|p2|Reuniclus, F|
|poke|p2|Ferrothorn, F|
|poke|p2|Toxapex, F|
|rule|Dynamax Clause: You cannot dynamax
|teampreview
|inactive|Battle timer is ON: inactive players will automatically lose when time's up. (requested by Helpinghans)
|
|start
|switch|p1a: Dracozolt|Dracozolt|100/100
|switch|p2a: StuGIII Ausf.H|Ferrothorn, F|100/100
|turn|1
|
|move|p1a: Dracozolt|Substitute|p1a: Dracozolt
|-start|p1a: Dracozolt|Substitute
|-damage|p1a: Dracozolt|76/100
|move|p2a: StuGIII Ausf.H|Body Press|p1a: Dracozolt
|-end|p1a: Dracozolt|Substitute
|
|-heal|p1a: Dracozolt|82/100|[from] item: Leftovers
|upkeep
|turn|2
|
|move|p1a: Dracozolt|Fire Fang|p2a: StuGIII Ausf.H|[miss]
|-miss|p1a: Dracozolt|p2a: StuGIII Ausf.H
|move|p2a: StuGIII Ausf.H|Leech Seed|p1a: Dracozolt
|-start|p1a: Dracozolt|move: Leech Seed
|
|-heal|p1a: Dracozolt|88/100|[from] item: Leftovers
|-damage|p1a: Dracozolt|76/100|[from] Leech Seed|[of] p2a: StuGIII Ausf.H
|upkeep
|turn|3
|
|switch|p1a: Conkeldurr|Conkeldurr, M|100/100
|move|p2a: StuGIII Ausf.H|Leech Seed|p1a: Conkeldurr
|-start|p1a: Conkeldurr|move: Leech Seed
|
|-damage|p1a: Conkeldurr|88/100|[from] Leech Seed|[of] p2a: StuGIII Ausf.H
|-status|p1a: Conkeldurr|brn|[from] item: Flame Orb
|upkeep
|turn|4
|
|switch|p1a: Dracozolt|Dracozolt|76/100
|move|p2a: StuGIII Ausf.H|Body Press|p1a: Dracozolt
|-damage|p1a: Dracozolt|44/100
|
|-heal|p1a: Dracozolt|50/100|[from] item: Leftovers
|upkeep
|turn|5
|
|move|p1a: Dracozolt|Fire Fang|p2a: StuGIII Ausf.H
|-supereffective|p2a: StuGIII Ausf.H
|-damage|p2a: StuGIII Ausf.H|36/100
|-damage|p1a: Dracozolt|38/100|[from] ability: Iron Barbs|[of] p2a: StuGIII Ausf.H
|move|p2a: StuGIII Ausf.H|Body Press|p1a: Dracozolt
|-damage|p1a: Dracozolt|6/100
|
|-heal|p1a: Dracozolt|13/100|[from] item: Leftovers
|-heal|p2a: StuGIII Ausf.H|42/100|[from] item: Leftovers
|upkeep
|turn|6
|
|switch|p2a: Pz.KpfwVI Ausf.E|Tyranitar, M|100/100
|-weather|Sandstorm|[from] ability: Sand Stream|[of] p2a: Pz.KpfwVI Ausf.E
|move|p1a: Dracozolt|Fire Fang|p2a: Pz.KpfwVI Ausf.E
|-resisted|p2a: Pz.KpfwVI Ausf.E
|-damage|p2a: Pz.KpfwVI Ausf.E|88/100
|
|-weather|Sandstorm|[upkeep]
|-damage|p1a: Dracozolt|6/100|[from] Sandstorm
|-heal|p1a: Dracozolt|13/100|[from] item: Leftovers
|upkeep
|turn|7
|
|switch|p2a: StuGIII Ausf.H|Ferrothorn, F|42/100
|move|p1a: Dracozolt|Bolt Beak|p2a: StuGIII Ausf.H
|-resisted|p2a: StuGIII Ausf.H
|-damage|p2a: StuGIII Ausf.H|10/100
|-damage|p1a: Dracozolt|0 fnt|[from] ability: Iron Barbs|[of] p2a: StuGIII Ausf.H
|faint|p1a: Dracozolt
|
|-weather|Sandstorm|[upkeep]
|-heal|p2a: StuGIII Ausf.H|16/100|[from] item: Leftovers
|upkeep
|
|switch|p1a: Conkeldurr|Conkeldurr, M|88/100 brn
|turn|8
|
|switch|p2a: BattlegruppeA|Reuniclus, F|100/100
|move|p1a: Conkeldurr|Earthquake|p2a: BattlegruppeA
|-damage|p2a: BattlegruppeA|60/100
|
|-weather|Sandstorm|[upkeep]
|-damage|p1a: Conkeldurr|82/100 brn|[from] Sandstorm
|-damage|p2a: BattlegruppeA|54/100|[from] Sandstorm
|-heal|p2a: BattlegruppeA|60/100|[from] item: Leftovers
|-damage|p1a: Conkeldurr|76/100 brn|[from] brn
|upkeep
|turn|9
|
|switch|p1a: Dragapult|Dragapult, F|100/100
|switch|p2a: 8.8cm Flak36|Hatterene, F|100/100
|
|-weather|Sandstorm|[upkeep]
|-damage|p1a: Dragapult|95/100|[from] Sandstorm
|-damage|p2a: 8.8cm Flak36|95/100|[from] Sandstorm
|-heal|p1a: Dragapult|100/100|[from] item: Leftovers
|-heal|p2a: 8.8cm Flak36|100/100|[from] item: Leftovers
|upkeep
|turn|10
|
|move|p1a: Dragapult|Phantom Force||[still]
|-prepare|p1a: Dragapult|Phantom Force|p2a: 8.8cm Flak36
|move|p2a: 8.8cm Flak36|Calm Mind|p2a: 8.8cm Flak36
|-boost|p2a: 8.8cm Flak36|spa|1
|-boost|p2a: 8.8cm Flak36|spd|1
|
|-weather|none
|upkeep
|turn|11
|
|move|p1a: Dragapult|Phantom Force|p2a: 8.8cm Flak36|[from]lockedmove
|-supereffective|p2a: 8.8cm Flak36
|-damage|p2a: 8.8cm Flak36|25/100
|move|p2a: 8.8cm Flak36|Draining Kiss|p1a: Dragapult
|-supereffective|p1a: Dragapult
|-damage|p1a: Dragapult|15/100
|-heal|p2a: 8.8cm Flak36|89/100|[from] drain|[of] p1a: Dragapult
|
|-heal|p1a: Dragapult|21/100|[from] item: Leftovers
|-heal|p2a: 8.8cm Flak36|95/100|[from] item: Leftovers
|upkeep
|turn|12
|-message|thomas888 ★ forfeited.
|
|win|Helpinghans
|j| zzs is my goddess
|l|☆thomas888 ★
|raw|thomas888 ★'s rating: 1721 → 1706(-15 for losing)
|raw|Helpinghans's rating: 1812 → 1827(+15 for winning)
