|ScrapeTime|2020-01-01-20:15:21
|j|☆JuiceWorldTheBeast
|j|☆Rahuul (Indian Btw
|player|p1|JuiceWorldTheBeast|76|1203
|player|p2|Rahuul (Indian Btw|2|1168
|teamsize|p1|6
|teamsize|p2|6
|gametype|singles
|gen|8
|tier|[Gen 8] OU
|rated|
|rule|Sleep Clause Mod: Limit one foe put to sleep
|rule|Species Clause: Limit one of each Pokémon
|rule|OHKO Clause: OHKO moves are banned
|rule|Evasion Moves Clause: Evasion moves are banned
|rule|Endless Battle Clause: Forcing endless battles is banned
|rule|HP Percentage Mod: HP is shown in percentages
|clearpoke
|poke|p1|Dracozolt|
|poke|p1|Grimmsnarl, M|
|poke|p1|Maractus, F|
|poke|p1|Weavile, M|
|poke|p1|Hitmonlee, M|
|poke|p1|Machamp, M|
|poke|p2|Dracozolt|
|poke|p2|Corviknight, M|
|poke|p2|Dragapult, M|
|poke|p2|Ribombee, F|
|poke|p2|Corsola-Galar, M|
|poke|p2|Excadrill, F|
|rule|Dynamax Clause: You cannot dynamax
|teampreview
|
|start
|switch|p1a: Dracozolt|Dracozolt|100/100
|switch|p2a: Ribombee|Ribombee, F|100/100
|turn|1
|inactive|Battle timer is ON: inactive players will automatically lose when time's up. (requested by Rahuul (Indian Btw)
|
|switch|p1a: Maractus|Maractus, F|100/100
|move|p2a: Ribombee|Sticky Web|p1a: Maractus
|-sidestart|p1: JuiceWorldTheBeast|move: Sticky Web
|
|upkeep
|turn|2
|
|move|p2a: Ribombee|Stun Spore|p1a: Maractus
|-immune|p1a: Maractus
|move|p1a: Maractus|Giga Drain|p2a: Ribombee
|-resisted|p2a: Ribombee
|-damage|p2a: Ribombee|69/100
|
|upkeep
|turn|3
|c|☆Rahuul (Indian Btw|whoops
|
|move|p2a: Ribombee|Moonblast|p1a: Maractus
|-crit|p1a: Maractus
|-damage|p1a: Maractus|2/100
|move|p1a: Maractus|Substitute|p1a: Maractus
|-fail|p1a: Maractus|move: Substitute|[weak]
|
|-heal|p1a: Maractus|8/100|[from] item: Leftovers
|upkeep
|turn|4
|
|move|p2a: Ribombee|Moonblast|p1a: Maractus
|-damage|p1a: Maractus|0 fnt
|faint|p1a: Maractus
|
|upkeep
|
|switch|p1a: Machamp|Machamp, M|100/100
|-activate|p1a: Machamp|move: Sticky Web
|-unboost|p1a: Machamp|spe|1
|turn|5
|
|move|p1a: Machamp|Bullet Punch|p2a: Ribombee
|-supereffective|p2a: Ribombee
|-damage|p2a: Ribombee|6/100
|move|p2a: Ribombee|Moonblast|p1a: Machamp
|-supereffective|p1a: Machamp
|-damage|p1a: Machamp|22/100
|
|-status|p1a: Machamp|brn|[from] item: Flame Orb
|upkeep
|turn|6
|
|move|p1a: Machamp|Bullet Punch|p2a: Ribombee
|-supereffective|p2a: Ribombee
|-damage|p2a: Ribombee|0 fnt
|faint|p2a: Ribombee
|
|-damage|p1a: Machamp|16/100 brn|[from] brn
|upkeep
|inactive|Rahuul (Indian Btw has 120 seconds left.
|inactive|Rahuul (Indian Btw has 90 seconds left.
|
|switch|p2a: Corviknight|Corviknight, M|100/100
|-ability|p2a: Corviknight|Pressure
|turn|7
|
|move|p2a: Corviknight|Bulk Up|p2a: Corviknight
|-boost|p2a: Corviknight|atk|1
|-boost|p2a: Corviknight|def|1
|move|p1a: Machamp|Close Combat|p2a: Corviknight
|-crit|p2a: Corviknight
|-damage|p2a: Corviknight|6/100
|-unboost|p1a: Machamp|def|1
|-unboost|p1a: Machamp|spd|1
|
|-heal|p2a: Corviknight|13/100|[from] item: Leftovers
|-damage|p1a: Machamp|10/100 brn|[from] brn
|upkeep
|turn|8
|inactive|Rahuul (Indian Btw has 90 seconds left.
|
|move|p2a: Corviknight|Brave Bird|p1a: Machamp
|-supereffective|p1a: Machamp
|-damage|p1a: Machamp|0 fnt
|-damage|p2a: Corviknight|10/100|[from] Recoil
|faint|p1a: Machamp
|
|-heal|p2a: Corviknight|16/100|[from] item: Leftovers
|upkeep
|
|switch|p1a: Hitmonlee|Hitmonlee, M|100/100
|turn|9
|inactive|Rahuul (Indian Btw has 90 seconds left.
|
|switch|p2a: Corsola|Corsola-Galar, M|100/100
|move|p1a: Hitmonlee|Rapid Spin|p2a: Corsola
|-immune|p2a: Corsola
|
|upkeep
|turn|10
|
|move|p1a: Hitmonlee|Substitute|p1a: Hitmonlee
|-start|p1a: Hitmonlee|Substitute
|-damage|p1a: Hitmonlee|76/100
|move|p2a: Corsola|Will-O-Wisp|p1a: Hitmonlee|[miss]
|-miss|p2a: Corsola|p1a: Hitmonlee
|
|upkeep
|turn|11
|
|move|p1a: Hitmonlee|Throat Chop|p2a: Corsola
|-supereffective|p2a: Corsola
|-damage|p2a: Corsola|62/100
|-start|p2a: Corsola|Throat Chop|[silent]
|move|p2a: Corsola|Stealth Rock|p1a: Hitmonlee
|-sidestart|p1: JuiceWorldTheBeast|move: Stealth Rock
|
|upkeep
|turn|12
|
|move|p1a: Hitmonlee|Throat Chop|p2a: Corsola
|-supereffective|p2a: Corsola
|-crit|p2a: Corsola
|-damage|p2a: Corsola|9/100
|move|p2a: Corsola|Hex|p1a: Hitmonlee
|-activate|p1a: Hitmonlee|move: Substitute|[damage]
|
|-end|p2a: Corsola|Throat Chop|[silent]
|upkeep
|turn|13
|
|move|p1a: Hitmonlee|Throat Chop|p2a: Corsola
|-supereffective|p2a: Corsola
|-damage|p2a: Corsola|0 fnt
|faint|p2a: Corsola
|
|upkeep
|
|switch|p2a: Dragapult|Dragapult, M|100/100
|turn|14
|
|move|p2a: Dragapult|Draco Meteor|p1a: Hitmonlee
|-damage|p1a: Hitmonlee|0 fnt
|-unboost|p2a: Dragapult|spa|2
|faint|p1a: Hitmonlee
|
|upkeep
|
|switch|p1a: Grimmsnarl|Grimmsnarl, M|100/100
|-activate|p1a: Grimmsnarl|move: Sticky Web
|-unboost|p1a: Grimmsnarl|spe|1
|-damage|p1a: Grimmsnarl|88/100|[from] Stealth Rock
|turn|15
|
|switch|p2a: Corviknight|Corviknight, M|16/100
|-ability|p2a: Corviknight|Pressure
|move|p1a: Grimmsnarl|Bulk Up|p1a: Grimmsnarl
|-boost|p1a: Grimmsnarl|atk|1
|-boost|p1a: Grimmsnarl|def|1
|
|-heal|p2a: Corviknight|22/100|[from] item: Leftovers
|-heal|p1a: Grimmsnarl|94/100|[from] item: Leftovers
|upkeep
|turn|16
|
|move|p1a: Grimmsnarl|Bulk Up|p1a: Grimmsnarl
|-boost|p1a: Grimmsnarl|atk|1
|-boost|p1a: Grimmsnarl|def|1
|move|p2a: Corviknight|Roost|p2a: Corviknight
|-heal|p2a: Corviknight|72/100
|-singleturn|p2a: Corviknight|move: Roost
|
|-heal|p2a: Corviknight|78/100|[from] item: Leftovers
|-heal|p1a: Grimmsnarl|100/100|[from] item: Leftovers
|upkeep
|turn|17
|inactive|Rahuul (Indian Btw has 120 seconds left.
|
|move|p1a: Grimmsnarl|Substitute|p1a: Grimmsnarl
|-start|p1a: Grimmsnarl|Substitute
|-damage|p1a: Grimmsnarl|76/100
|move|p2a: Corviknight|Bulk Up|p2a: Corviknight
|-boost|p2a: Corviknight|atk|1
|-boost|p2a: Corviknight|def|1
|
|-heal|p2a: Corviknight|85/100|[from] item: Leftovers
|-heal|p1a: Grimmsnarl|82/100|[from] item: Leftovers
|upkeep
|turn|18
|inactive|Rahuul (Indian Btw has 120 seconds left.
|
|move|p1a: Grimmsnarl|Bulk Up|p1a: Grimmsnarl
|-boost|p1a: Grimmsnarl|atk|1
|-boost|p1a: Grimmsnarl|def|1
|move|p2a: Corviknight|Bulk Up|p2a: Corviknight
|-boost|p2a: Corviknight|atk|1
|-boost|p2a: Corviknight|def|1
|
|-heal|p2a: Corviknight|91/100|[from] item: Leftovers
|-heal|p1a: Grimmsnarl|88/100|[from] item: Leftovers
|upkeep
|turn|19
|
|move|p1a: Grimmsnarl|Bulk Up|p1a: Grimmsnarl
|-boost|p1a: Grimmsnarl|atk|1
|-boost|p1a: Grimmsnarl|def|1
|move|p2a: Corviknight|Bulk Up|p2a: Corviknight
|-boost|p2a: Corviknight|atk|1
|-boost|p2a: Corviknight|def|1
|
|-heal|p2a: Corviknight|97/100|[from] item: Leftovers
|-heal|p1a: Grimmsnarl|94/100|[from] item: Leftovers
|upkeep
|turn|20
|
|move|p1a: Grimmsnarl|Bulk Up|p1a: Grimmsnarl
|-boost|p1a: Grimmsnarl|atk|1
|-boost|p1a: Grimmsnarl|def|1
|move|p2a: Corviknight|Bulk Up|p2a: Corviknight
|-boost|p2a: Corviknight|atk|1
|-boost|p2a: Corviknight|def|1
|
|-heal|p2a: Corviknight|100/100|[from] item: Leftovers
|-heal|p1a: Grimmsnarl|100/100|[from] item: Leftovers
|upkeep
|turn|21
|
|move|p1a: Grimmsnarl|Bulk Up|p1a: Grimmsnarl
|-boost|p1a: Grimmsnarl|atk|1
|-boost|p1a: Grimmsnarl|def|1
|move|p2a: Corviknight|Bulk Up|p2a: Corviknight
|-boost|p2a: Corviknight|atk|1
|-boost|p2a: Corviknight|def|1
|
|upkeep
|turn|22
|c|☆Rahuul (Indian Btw|lool
|c|☆Rahuul (Indian Btw|lol
|
|move|p2a: Corviknight|Bulk Up|p2a: Corviknight
|-boost|p2a: Corviknight|atk|1
|-boost|p2a: Corviknight|def|1
|move|p1a: Grimmsnarl|Darkest Lariat|p2a: Corviknight
|-damage|p2a: Corviknight|10/100
|
|-heal|p2a: Corviknight|17/100|[from] item: Leftovers
|upkeep
|turn|23
|
|move|p1a: Grimmsnarl|Sucker Punch|p2a: Corviknight
|-damage|p2a: Corviknight|0 fnt
|faint|p2a: Corviknight
|
|upkeep
|
|switch|p2a: Dragapult|Dragapult, M|100/100
|turn|24
|
|move|p1a: Grimmsnarl|Sucker Punch|p2a: Dragapult
|-supereffective|p2a: Dragapult
|-damage|p2a: Dragapult|0 fnt
|faint|p2a: Dragapult
|
|upkeep
|c|☆JuiceWorldTheBeast|lol
|
|switch|p2a: Excadrill|Excadrill, F|100/100
|-ability|p2a: Excadrill|Mold Breaker
|turn|25
|
|move|p1a: Grimmsnarl|Sucker Punch|p2a: Excadrill
|-enditem|p2a: Excadrill|Focus Sash
|-damage|p2a: Excadrill|1/100
|move|p2a: Excadrill|Earthquake|p1a: Grimmsnarl
|-activate|p1a: Grimmsnarl|move: Substitute|[damage]
|
|upkeep
|turn|26
|
|move|p1a: Grimmsnarl|Sucker Punch||[still]
|-fail|p1a: Grimmsnarl
|move|p2a: Excadrill|Stealth Rock||[still]
|-fail|p2a: Excadrill
|
|upkeep
|turn|27
|
|move|p2a: Excadrill|Earthquake|p1a: Grimmsnarl
|-end|p1a: Grimmsnarl|Substitute
|move|p1a: Grimmsnarl|Darkest Lariat|p2a: Excadrill
|-damage|p2a: Excadrill|0 fnt
|faint|p2a: Excadrill
|
|upkeep
|
|switch|p2a: Dracozolt|Dracozolt|100/100
|turn|28
|
|move|p1a: Grimmsnarl|Sucker Punch|p2a: Dracozolt
|-damage|p2a: Dracozolt|0 fnt
|faint|p2a: Dracozolt
|
|win|JuiceWorldTheBeast
|l|☆Rahuul (Indian Btw
|c|☆JuiceWorldTheBeast|loool
|raw|JuiceWorldTheBeast's rating: 1203 → 1228(+25 for winning)
|raw|Rahuul (Indian Btw's rating: 1197 → 1172(-25 for losing)
