|ScrapeTime|2020-01-03-00:56:29
|j|☆grungealternative
|j|☆florping
|player|p1|grungealternative|4|1519
|player|p2|florping|skyla|1513
|teamsize|p1|6
|teamsize|p2|6
|gametype|singles
|gen|8
|tier|[Gen 8] OU
|rated|
|rule|Sleep Clause Mod: Limit one foe put to sleep
|rule|Species Clause: Limit one of each Pokémon
|rule|OHKO Clause: OHKO moves are banned
|rule|Evasion Moves Clause: Evasion moves are banned
|rule|Endless Battle Clause: Forcing endless battles is banned
|rule|HP Percentage Mod: HP is shown in percentages
|clearpoke
|poke|p1|Conkeldurr, F|
|poke|p1|Seismitoad, F|
|poke|p1|Clefable, F|
|poke|p1|Rotom-Heat|
|poke|p1|Corviknight, M|
|poke|p1|Hydreigon, M|
|poke|p2|Dragapult, F|
|poke|p2|Corviknight, F|
|poke|p2|Seismitoad, F|
|poke|p2|Ferrothorn, F|
|poke|p2|Clefable, F|
|poke|p2|Hydreigon, M|
|rule|Dynamax Clause: You cannot dynamax
|teampreview
|
|start
|switch|p1a: Seismitoad|Seismitoad, F|100/100
|switch|p2a: Dragapult|Dragapult, F|100/100
|turn|1
|
|switch|p1a: Clefable|Clefable, F|100/100
|move|p2a: Dragapult|Dragon Darts|p1a: Clefable
|-immune|p1a: Clefable
|
|upkeep
|turn|2
|
|switch|p2a: Clefable|Clefable, F|100/100
|move|p1a: Clefable|Thunder Wave|p2a: Clefable
|-status|p2a: Clefable|par
|
|upkeep
|turn|3
|
|switch|p1a: Corviknight|Corviknight, M|100/100
|-ability|p1a: Corviknight|Pressure
|move|p2a: Clefable|Moonblast|p1a: Corviknight
|-resisted|p1a: Corviknight
|-damage|p1a: Corviknight|77/100
|-unboost|p1a: Corviknight|spa|1
|
|-heal|p1a: Corviknight|84/100|[from] item: Leftovers
|upkeep
|turn|4
|
|move|p1a: Corviknight|Iron Head|p2a: Clefable
|-supereffective|p2a: Clefable
|-damage|p2a: Clefable|42/100 par
|cant|p2a: Clefable|flinch
|
|-heal|p1a: Corviknight|90/100|[from] item: Leftovers
|upkeep
|turn|5
|
|switch|p2a: Ferrothorn|Ferrothorn, F|100/100
|move|p1a: Corviknight|Iron Head|p2a: Ferrothorn
|-resisted|p2a: Ferrothorn
|-damage|p2a: Ferrothorn|91/100
|-damage|p1a: Corviknight|77/100|[from] ability: Iron Barbs|[of] p2a: Ferrothorn
|
|-heal|p1a: Corviknight|84/100|[from] item: Leftovers
|-heal|p2a: Ferrothorn|97/100|[from] item: Leftovers
|upkeep
|turn|6
|inactive|Battle timer is ON: inactive players will automatically lose when time's up. (requested by florping)
|
|switch|p1a: Hydreigon|Hydreigon, M|100/100
|switch|p2a: Seismitoad|Seismitoad, F|100/100
|
|upkeep
|turn|7
|inactive|florping has 120 seconds left.
|
|move|p1a: Hydreigon|U-turn|p2a: Seismitoad
|-damage|p2a: Seismitoad|89/100
|inactive|grungealternative has 120 seconds left.
|inactive|grungealternative has 90 seconds left.
|
|switch|p1a: Clefable|Clefable, F|100/100|[from]move: U-turn
|move|p2a: Seismitoad|Stealth Rock|p1a: Clefable
|-sidestart|p1: grungealternative|move: Stealth Rock
|
|-heal|p2a: Seismitoad|95/100|[from] item: Leftovers
|upkeep
|turn|8
|inactive|florping has 120 seconds left.
|
|switch|p2a: Ferrothorn|Ferrothorn, F|97/100
|move|p1a: Clefable|Thunder Wave|p2a: Ferrothorn
|-status|p2a: Ferrothorn|par
|
|-heal|p2a: Ferrothorn|100/100 par|[from] item: Leftovers
|upkeep
|turn|9
|
|switch|p1a: Corviknight|Corviknight, M|84/100
|-damage|p1a: Corviknight|71/100|[from] Stealth Rock
|-ability|p1a: Corviknight|Pressure
|move|p2a: Ferrothorn|Spikes|p1a: Corviknight
|-sidestart|p1: grungealternative|Spikes
|
|-heal|p1a: Corviknight|77/100|[from] item: Leftovers
|upkeep
|turn|10
|inactive|florping has 120 seconds left.
|
|switch|p2a: Hydreigon|Hydreigon, M|100/100
|move|p1a: Corviknight|Defog|p2a: Hydreigon
|-unboost|p2a: Hydreigon|evasion|1
|-sideend|p1: grungealternative|Spikes|[from] move: Defog|[of] p1a: Corviknight
|-sideend|p1: grungealternative|Stealth Rock|[from] move: Defog|[of] p1a: Corviknight
|
|-heal|p1a: Corviknight|84/100|[from] item: Leftovers
|upkeep
|turn|11
|
|move|p2a: Hydreigon|Substitute|p2a: Hydreigon
|-start|p2a: Hydreigon|Substitute
|-damage|p2a: Hydreigon|76/100
|move|p1a: Corviknight|U-turn|p2a: Hydreigon
|-supereffective|p2a: Hydreigon
|-end|p2a: Hydreigon|Substitute
|
|switch|p1a: Conkeldurr|Conkeldurr, F|100/100|[from]move: U-turn
|
|-heal|p2a: Hydreigon|82/100|[from] item: Leftovers
|-status|p1a: Conkeldurr|brn|[from] item: Flame Orb
|upkeep
|turn|12
|
|switch|p2a: Dragapult|Dragapult, F|100/100
|switch|p1a: Corviknight|Corviknight, M|84/100
|-ability|p1a: Corviknight|Pressure
|
|-heal|p1a: Corviknight|90/100|[from] item: Leftovers
|upkeep
|turn|13
|c|☆florping|t wave clef is not very fun
|
|switch|p1a: Clefable|Clefable, F|100/100
|move|p2a: Dragapult|U-turn|p1a: Clefable
|-resisted|p1a: Clefable
|-damage|p1a: Clefable|84/100
|
|switch|p2a: Clefable|Clefable, F|42/100 par|[from]move: U-turn
|
|-heal|p1a: Clefable|90/100|[from] item: Leftovers
|upkeep
|turn|14
|
|move|p1a: Clefable|Moonblast|p2a: Clefable
|-damage|p2a: Clefable|12/100 par
|cant|p2a: Clefable|par
|
|-heal|p1a: Clefable|96/100|[from] item: Leftovers
|upkeep
|turn|15
|c|☆florping|lmao
|c|☆florping|i hate paralysis
|c|☆florping|really needs a rework
|
|move|p1a: Clefable|Moonblast|p2a: Clefable
|-damage|p2a: Clefable|0 fnt
|faint|p2a: Clefable
|
|-heal|p1a: Clefable|100/100|[from] item: Leftovers
|upkeep
|
|switch|p2a: Corviknight|Corviknight, F|100/100
|-ability|p2a: Corviknight|Pressure
|turn|16
|inactive|grungealternative has 120 seconds left.
|
|switch|p1a: Rotom|Rotom-Heat|100/100
|move|p2a: Corviknight|U-turn|p1a: Rotom
|-resisted|p1a: Rotom
|-damage|p1a: Rotom|92/100
|
|switch|p2a: Hydreigon|Hydreigon, M|82/100|[from]move: U-turn
|
|-heal|p2a: Hydreigon|88/100|[from] item: Leftovers
|upkeep
|turn|17
|
|switch|p1a: Corviknight|Corviknight, M|90/100
|-ability|p1a: Corviknight|Pressure
|move|p2a: Hydreigon|Substitute|p2a: Hydreigon
|-start|p2a: Hydreigon|Substitute
|-damage|p2a: Hydreigon|63/100
|
|-heal|p2a: Hydreigon|69/100|[from] item: Leftovers
|-heal|p1a: Corviknight|96/100|[from] item: Leftovers
|upkeep
|turn|18
|
|move|p2a: Hydreigon|Dark Pulse|p1a: Corviknight
|-damage|p1a: Corviknight|64/100
|move|p1a: Corviknight|U-turn|p2a: Hydreigon
|-supereffective|p2a: Hydreigon
|-end|p2a: Hydreigon|Substitute
|inactive|grungealternative has 90 seconds left.
|
|switch|p1a: Hydreigon|Hydreigon, M|100/100|[from]move: U-turn
|
|-heal|p2a: Hydreigon|75/100|[from] item: Leftovers
|upkeep
|turn|19
|
|switch|p2a: Corviknight|Corviknight, F|100/100
|-ability|p2a: Corviknight|Pressure
|move|p1a: Hydreigon|Draco Meteor|p2a: Corviknight|[miss]
|-miss|p1a: Hydreigon|p2a: Corviknight
|
|upkeep
|turn|20
|inactive|grungealternative has 90 seconds left.
|inactive|grungealternative has 60 seconds left.
|
|switch|p1a: Seismitoad|Seismitoad, F|100/100
|move|p2a: Corviknight|U-turn|p1a: Seismitoad
|-damage|p1a: Seismitoad|90/100
|
|switch|p2a: Hydreigon|Hydreigon, M|75/100|[from]move: U-turn
|
|-heal|p2a: Hydreigon|81/100|[from] item: Leftovers
|-heal|p1a: Seismitoad|96/100|[from] item: Leftovers
|upkeep
|turn|21
|inactive|grungealternative has 60 seconds left.
|
|switch|p1a: Corviknight|Corviknight, M|64/100
|-ability|p1a: Corviknight|Pressure
|move|p2a: Hydreigon|Substitute|p2a: Hydreigon
|-start|p2a: Hydreigon|Substitute
|-damage|p2a: Hydreigon|57/100
|
|-heal|p2a: Hydreigon|63/100|[from] item: Leftovers
|-heal|p1a: Corviknight|70/100|[from] item: Leftovers
|upkeep
|turn|22
|
|move|p2a: Hydreigon|Dark Pulse|p1a: Corviknight
|-damage|p1a: Corviknight|34/100
|move|p1a: Corviknight|Roost|p1a: Corviknight
|-heal|p1a: Corviknight|84/100
|-singleturn|p1a: Corviknight|move: Roost
|
|-heal|p2a: Hydreigon|69/100|[from] item: Leftovers
|-heal|p1a: Corviknight|91/100|[from] item: Leftovers
|upkeep
|turn|23
|
|move|p2a: Hydreigon|Dark Pulse|p1a: Corviknight
|-damage|p1a: Corviknight|59/100
|move|p1a: Corviknight|U-turn|p2a: Hydreigon
|-supereffective|p2a: Hydreigon
|-end|p2a: Hydreigon|Substitute
|inactive|grungealternative has 60 seconds left.
|
|switch|p1a: Hydreigon|Hydreigon, M|100/100|[from]move: U-turn
|
|-heal|p2a: Hydreigon|75/100|[from] item: Leftovers
|upkeep
|turn|24
|
|switch|p2a: Corviknight|Corviknight, F|100/100
|-ability|p2a: Corviknight|Pressure
|move|p1a: Hydreigon|Draco Meteor|p2a: Corviknight|[miss]
|-miss|p1a: Hydreigon|p2a: Corviknight
|
|upkeep
|turn|25
|
|switch|p1a: Seismitoad|Seismitoad, F|96/100
|move|p2a: Corviknight|U-turn|p1a: Seismitoad
|-damage|p1a: Seismitoad|87/100
|
|switch|p2a: Hydreigon|Hydreigon, M|75/100|[from]move: U-turn
|
|-heal|p2a: Hydreigon|81/100|[from] item: Leftovers
|-heal|p1a: Seismitoad|93/100|[from] item: Leftovers
|upkeep
|turn|26
|
|switch|p1a: Clefable|Clefable, F|100/100
|move|p2a: Hydreigon|Substitute|p2a: Hydreigon
|-start|p2a: Hydreigon|Substitute
|-damage|p2a: Hydreigon|56/100
|
|-heal|p2a: Hydreigon|62/100|[from] item: Leftovers
|upkeep
|turn|27
|
|switch|p1a: Corviknight|Corviknight, M|59/100
|-ability|p1a: Corviknight|Pressure
|move|p2a: Hydreigon|Nasty Plot|p2a: Hydreigon
|-boost|p2a: Hydreigon|spa|2
|
|-heal|p2a: Hydreigon|68/100|[from] item: Leftovers
|-heal|p1a: Corviknight|65/100|[from] item: Leftovers
|upkeep
|turn|28
|
|move|p2a: Hydreigon|Dark Pulse|p1a: Corviknight
|-damage|p1a: Corviknight|0 fnt
|faint|p1a: Corviknight
|
|-heal|p2a: Hydreigon|75/100|[from] item: Leftovers
|upkeep
|
|switch|p1a: Hydreigon|Hydreigon, M|100/100
|turn|29
|
|move|p1a: Hydreigon|U-turn|p2a: Hydreigon
|-supereffective|p2a: Hydreigon
|-end|p2a: Hydreigon|Substitute
|
|switch|p1a: Clefable|Clefable, F|100/100|[from]move: U-turn
|move|p2a: Hydreigon|Flash Cannon|p1a: Clefable
|-supereffective|p1a: Clefable
|-damage|p1a: Clefable|23/100
|-unboost|p1a: Clefable|spd|1
|
|-heal|p2a: Hydreigon|81/100|[from] item: Leftovers
|-heal|p1a: Clefable|29/100|[from] item: Leftovers
|upkeep
|turn|30
|
|move|p1a: Clefable|Protect|p1a: Clefable
|-singleturn|p1a: Clefable|Protect
|move|p2a: Hydreigon|Dark Pulse|p1a: Clefable
|-activate|p1a: Clefable|move: Protect
|
|-heal|p2a: Hydreigon|87/100|[from] item: Leftovers
|-heal|p1a: Clefable|35/100|[from] item: Leftovers
|upkeep
|turn|31
|
|move|p2a: Hydreigon|Flash Cannon|p1a: Clefable
|-supereffective|p1a: Clefable
|-damage|p1a: Clefable|0 fnt
|faint|p1a: Clefable
|
|-heal|p2a: Hydreigon|93/100|[from] item: Leftovers
|upkeep
|
|switch|p1a: Hydreigon|Hydreigon, M|100/100
|turn|32
|
|switch|p2a: Corviknight|Corviknight, F|100/100
|-ability|p2a: Corviknight|Pressure
|move|p1a: Hydreigon|Draco Meteor|p2a: Corviknight
|-resisted|p2a: Corviknight
|-crit|p2a: Corviknight
|-damage|p2a: Corviknight|49/100
|-unboost|p1a: Hydreigon|spa|2
|
|-heal|p2a: Corviknight|56/100|[from] item: Leftovers
|upkeep
|turn|33
|
|switch|p1a: Seismitoad|Seismitoad, F|93/100
|move|p2a: Corviknight|Roost|p2a: Corviknight
|-heal|p2a: Corviknight|100/100
|-singleturn|p2a: Corviknight|move: Roost
|
|-heal|p1a: Seismitoad|99/100|[from] item: Leftovers
|upkeep
|turn|34
|
|move|p2a: Corviknight|U-turn|p1a: Seismitoad
|-crit|p1a: Seismitoad
|-damage|p1a: Seismitoad|83/100
|
|switch|p2a: Ferrothorn|Ferrothorn, F|100/100 par|[from]move: U-turn
|move|p1a: Seismitoad|Scald|p2a: Ferrothorn
|-resisted|p2a: Ferrothorn
|-damage|p2a: Ferrothorn|93/100 par
|
|-heal|p1a: Seismitoad|89/100|[from] item: Leftovers
|-heal|p2a: Ferrothorn|99/100 par|[from] item: Leftovers
|upkeep
|turn|35
|
|switch|p1a: Rotom|Rotom-Heat|92/100
|move|p2a: Ferrothorn|Spikes|p1a: Rotom
|-sidestart|p1: grungealternative|Spikes
|
|-heal|p2a: Ferrothorn|100/100 par|[from] item: Leftovers
|upkeep
|turn|36
|
|switch|p2a: Seismitoad|Seismitoad, F|95/100
|move|p1a: Rotom|Nasty Plot|p1a: Rotom
|-boost|p1a: Rotom|spa|2
|
|-heal|p2a: Seismitoad|100/100|[from] item: Leftovers
|upkeep
|turn|37
|
|move|p1a: Rotom|Nasty Plot|p1a: Rotom
|-boost|p1a: Rotom|spa|2
|move|p2a: Seismitoad|Stealth Rock|p1a: Rotom
|-sidestart|p1: grungealternative|move: Stealth Rock
|
|upkeep
|turn|38
|
|move|p1a: Rotom|Overheat|p2a: Seismitoad
|-resisted|p2a: Seismitoad
|-damage|p2a: Seismitoad|37/100
|-unboost|p1a: Rotom|spa|2
|move|p2a: Seismitoad|Scald|p1a: Rotom
|-supereffective|p1a: Rotom
|-damage|p1a: Rotom|44/100
|
|-heal|p2a: Seismitoad|43/100|[from] item: Leftovers
|upkeep
|turn|39
|
|switch|p1a: Conkeldurr|Conkeldurr, F|100/100 brn
|-damage|p1a: Conkeldurr|88/100 brn|[from] Spikes
|-damage|p1a: Conkeldurr|82/100 brn|[from] Stealth Rock
|move|p2a: Seismitoad|Scald|p1a: Conkeldurr
|-damage|p1a: Conkeldurr|51/100 brn
|
|-heal|p2a: Seismitoad|49/100|[from] item: Leftovers
|-damage|p1a: Conkeldurr|45/100 brn|[from] brn
|upkeep
|turn|40
|
|move|p2a: Seismitoad|Scald|p1a: Conkeldurr
|-damage|p1a: Conkeldurr|18/100 brn
|move|p1a: Conkeldurr|Drain Punch|p2a: Seismitoad
|-damage|p2a: Seismitoad|0 fnt
|-heal|p1a: Conkeldurr|43/100 brn|[from] drain|[of] p2a: Seismitoad
|faint|p2a: Seismitoad
|
|-damage|p1a: Conkeldurr|37/100 brn|[from] brn
|upkeep
|
|switch|p2a: Dragapult|Dragapult, F|100/100
|turn|41
|
|switch|p1a: Seismitoad|Seismitoad, F|89/100
|-damage|p1a: Seismitoad|77/100|[from] Spikes
|-damage|p1a: Seismitoad|71/100|[from] Stealth Rock
|move|p2a: Dragapult|Phantom Force||[still]
|-prepare|p2a: Dragapult|Phantom Force|p1a: Seismitoad
|
|-heal|p1a: Seismitoad|77/100|[from] item: Leftovers
|upkeep
|turn|42
|
|move|p2a: Dragapult|Phantom Force|p1a: Seismitoad|[from]lockedmove
|-damage|p1a: Seismitoad|33/100
|move|p1a: Seismitoad|Scald|p2a: Dragapult
|-resisted|p2a: Dragapult
|-damage|p2a: Dragapult|83/100
|
|-heal|p1a: Seismitoad|39/100|[from] item: Leftovers
|upkeep
|turn|43
|
|switch|p2a: Ferrothorn|Ferrothorn, F|100/100 par
|move|p1a: Seismitoad|Scald|p2a: Ferrothorn
|-resisted|p2a: Ferrothorn
|-damage|p2a: Ferrothorn|93/100 par
|
|-heal|p1a: Seismitoad|45/100|[from] item: Leftovers
|-heal|p2a: Ferrothorn|99/100 par|[from] item: Leftovers
|upkeep
|turn|44
|
|switch|p1a: Conkeldurr|Conkeldurr, F|37/100 brn
|-damage|p1a: Conkeldurr|30/100 brn|[from] Stealth Rock
|-damage|p1a: Conkeldurr|18/100 brn|[from] Spikes
|move|p2a: Ferrothorn|Power Whip|p1a: Conkeldurr|[miss]
|-miss|p2a: Ferrothorn|p1a: Conkeldurr
|
|-heal|p2a: Ferrothorn|100/100 par|[from] item: Leftovers
|-damage|p1a: Conkeldurr|12/100 brn|[from] brn
|upkeep
|turn|45
|
|switch|p2a: Dragapult|Dragapult, F|83/100
|move|p1a: Conkeldurr|Close Combat|p2a: Dragapult
|-immune|p2a: Dragapult
|
|-damage|p1a: Conkeldurr|6/100 brn|[from] brn
|upkeep
|turn|46
|
|move|p2a: Dragapult|U-turn|p1a: Conkeldurr
|-resisted|p1a: Conkeldurr
|-damage|p1a: Conkeldurr|0 fnt
|faint|p1a: Conkeldurr
|
|switch|p2a: Hydreigon|Hydreigon, M|93/100|[from]move: U-turn
|
|-heal|p2a: Hydreigon|99/100|[from] item: Leftovers
|upkeep
|
|switch|p1a: Hydreigon|Hydreigon, M|100/100
|-damage|p1a: Hydreigon|88/100|[from] Stealth Rock
|turn|47
|
|switch|p2a: Corviknight|Corviknight, F|100/100
|-ability|p2a: Corviknight|Pressure
|move|p1a: Hydreigon|Draco Meteor|p2a: Corviknight
|-resisted|p2a: Corviknight
|-damage|p2a: Corviknight|70/100
|-unboost|p1a: Hydreigon|spa|2
|
|-heal|p2a: Corviknight|76/100|[from] item: Leftovers
|upkeep
|turn|48
|
|switch|p1a: Rotom|Rotom-Heat|44/100
|move|p2a: Corviknight|U-turn|p1a: Rotom
|-resisted|p1a: Rotom
|-damage|p1a: Rotom|36/100
|
|switch|p2a: Dragapult|Dragapult, F|83/100|[from]move: U-turn
|
|upkeep
|turn|49
|
|switch|p1a: Seismitoad|Seismitoad, F|45/100
|-damage|p1a: Seismitoad|33/100|[from] Spikes
|-damage|p1a: Seismitoad|27/100|[from] Stealth Rock
|move|p2a: Dragapult|Dragon Darts|p1a: Seismitoad
|-damage|p1a: Seismitoad|0 fnt
|-hitcount|p1a: Seismitoad|1
|faint|p1a: Seismitoad
|
|upkeep
|
|switch|p1a: Hydreigon|Hydreigon, M|88/100
|-damage|p1a: Hydreigon|76/100|[from] Stealth Rock
|turn|50
|
|switch|p2a: Corviknight|Corviknight, F|76/100
|-ability|p2a: Corviknight|Pressure
|move|p1a: Hydreigon|Dark Pulse|p2a: Corviknight
|-damage|p2a: Corviknight|35/100
|
|-heal|p2a: Corviknight|41/100|[from] item: Leftovers
|upkeep
|turn|51
|
|switch|p2a: Ferrothorn|Ferrothorn, F|100/100 par
|move|p1a: Hydreigon|Dark Pulse|p2a: Ferrothorn
|-damage|p2a: Ferrothorn|75/100 par
|
|-heal|p2a: Ferrothorn|82/100 par|[from] item: Leftovers
|upkeep
|turn|52
|
|switch|p1a: Rotom|Rotom-Heat|36/100
|move|p2a: Ferrothorn|Leech Seed|p1a: Rotom
|-start|p1a: Rotom|move: Leech Seed
|
|-heal|p2a: Ferrothorn|88/100 par|[from] item: Leftovers
|-damage|p1a: Rotom|24/100|[from] Leech Seed|[of] p2a: Ferrothorn
|-heal|p2a: Ferrothorn|99/100 par|[silent]
|upkeep
|turn|53
|
|switch|p2a: Corviknight|Corviknight, F|41/100
|-ability|p2a: Corviknight|Pressure
|move|p1a: Rotom|Volt Switch|p2a: Corviknight
|-supereffective|p2a: Corviknight
|-damage|p2a: Corviknight|0 fnt
|faint|p2a: Corviknight
|
|switch|p1a: Hydreigon|Hydreigon, M|76/100|[from]move: Volt Switch
|-damage|p1a: Hydreigon|64/100|[from] Stealth Rock
|
|upkeep
|
|switch|p2a: Ferrothorn|Ferrothorn, F|99/100 par
|turn|54
|
|move|p1a: Hydreigon|Fire Blast|p2a: Ferrothorn
|-supereffective|p2a: Ferrothorn
|-damage|p2a: Ferrothorn|8/100 par
|cant|p2a: Ferrothorn|par
|
|-heal|p2a: Ferrothorn|14/100 par|[from] item: Leftovers
|upkeep
|turn|55
|
|switch|p1a: Rotom|Rotom-Heat|24/100
|switch|p2a: Dragapult|Dragapult, F|83/100
|
|upkeep
|turn|56
|
|move|p2a: Dragapult|Dragon Darts|p1a: Rotom
|-damage|p1a: Rotom|0 fnt
|-hitcount|p1a: Rotom|1
|faint|p1a: Rotom
|
|upkeep
|
|switch|p1a: Hydreigon|Hydreigon, M|64/100
|-damage|p1a: Hydreigon|51/100|[from] Stealth Rock
|turn|57
|
|move|p1a: Hydreigon|Dark Pulse|p2a: Dragapult
|-supereffective|p2a: Dragapult
|-damage|p2a: Dragapult|0 fnt
|faint|p2a: Dragapult
|
|upkeep
|
|switch|p2a: Ferrothorn|Ferrothorn, F|14/100 par
|turn|58
|
|move|p2a: Ferrothorn|Protect|p2a: Ferrothorn
|-singleturn|p2a: Ferrothorn|Protect
|move|p1a: Hydreigon|Dark Pulse|p2a: Ferrothorn
|-activate|p2a: Ferrothorn|move: Protect
|
|-heal|p2a: Ferrothorn|20/100 par|[from] item: Leftovers
|upkeep
|turn|59
|
|move|p1a: Hydreigon|Dark Pulse|p2a: Ferrothorn
|-damage|p2a: Ferrothorn|0 fnt
|faint|p2a: Ferrothorn
|
|upkeep
|
|switch|p2a: Hydreigon|Hydreigon, M|99/100
|turn|60
|
|move|p1a: Hydreigon|Dark Pulse|p2a: Hydreigon
|-resisted|p2a: Hydreigon
|-damage|p2a: Hydreigon|75/100
|cant|p2a: Hydreigon|flinch
|
|-heal|p2a: Hydreigon|81/100|[from] item: Leftovers
|upkeep
|turn|61
|
|move|p1a: Hydreigon|Dark Pulse|p2a: Hydreigon
|-resisted|p2a: Hydreigon
|-damage|p2a: Hydreigon|57/100
|move|p2a: Hydreigon|Flash Cannon|p1a: Hydreigon
|-damage|p1a: Hydreigon|20/100
|
|-heal|p2a: Hydreigon|63/100|[from] item: Leftovers
|upkeep
|turn|62
|c|☆florping|gg
|
|move|p1a: Hydreigon|Dark Pulse|p2a: Hydreigon
|-resisted|p2a: Hydreigon
|-damage|p2a: Hydreigon|39/100
|move|p2a: Hydreigon|Flash Cannon|p1a: Hydreigon
|-damage|p1a: Hydreigon|0 fnt
|faint|p1a: Hydreigon
|
|win|florping
|c|☆grungealternative|gg
|l|☆grungealternative
|raw|grungealternative's rating: 1519 → 1499(-20 for losing)
|raw|florping's rating: 1513 → 1533(+20 for winning)
