|ScrapeTime|2020-01-02-09:05:33
|j|☆alex1467174
|j|☆jam's disciples
|player|p1|alex1467174|steven|1464
|player|p2|jam's disciples|265|1427
|teamsize|p1|6
|teamsize|p2|6
|gametype|singles
|gen|8
|tier|[Gen 8] OU
|rated|
|rule|Sleep Clause Mod: Limit one foe put to sleep
|rule|Species Clause: Limit one of each Pokémon
|rule|OHKO Clause: OHKO moves are banned
|rule|Evasion Moves Clause: Evasion moves are banned
|rule|Endless Battle Clause: Forcing endless battles is banned
|rule|HP Percentage Mod: HP is shown in percentages
|clearpoke
|poke|p1|Bisharp, M|
|poke|p1|Toxapex, M|
|poke|p1|Dragapult, F|
|poke|p1|Corviknight, M|
|poke|p1|Seismitoad, F|
|poke|p1|Clefable, M|
|poke|p2|Mandibuzz, F|
|poke|p2|Ferrothorn, M|
|poke|p2|Aegislash, F|
|poke|p2|Toxtricity, F|
|poke|p2|Rotom-Wash|
|poke|p2|Conkeldurr, F|
|rule|Dynamax Clause: You cannot dynamax
|teampreview
|inactive|Battle timer is ON: inactive players will automatically lose when time's up. (requested by alex1467174)
|
|start
|switch|p1a: Dragapult|Dragapult, F|100/100
|switch|p2a: Conkeldurr|Conkeldurr, F|100/100
|turn|1
|
|move|p1a: Dragapult|U-turn|p2a: Conkeldurr
|-resisted|p2a: Conkeldurr
|-damage|p2a: Conkeldurr|94/100
|
|switch|p1a: Bisharp|Bisharp, M|100/100|[from]move: U-turn
|move|p2a: Conkeldurr|Earthquake|p1a: Bisharp
|-supereffective|p1a: Bisharp
|-damage|p1a: Bisharp|2/100
|
|-status|p2a: Conkeldurr|brn|[from] item: Flame Orb
|upkeep
|turn|2
|
|switch|p1a: Dragapult|Dragapult, F|100/100
|move|p2a: Conkeldurr|Mach Punch|p1a: Dragapult
|-immune|p1a: Dragapult
|
|-damage|p2a: Conkeldurr|87/100 brn|[from] brn
|upkeep
|turn|3
|j| hero
|
|move|p1a: Dragapult|Draco Meteor|p2a: Conkeldurr
|-damage|p2a: Conkeldurr|19/100 brn
|-unboost|p1a: Dragapult|spa|2
|move|p2a: Conkeldurr|Earthquake|p1a: Dragapult
|-damage|p1a: Dragapult|22/100
|
|-damage|p2a: Conkeldurr|13/100 brn|[from] brn
|upkeep
|turn|4
|
|switch|p2a: Ferrothorn|Ferrothorn, M|100/100
|move|p1a: Dragapult|Draco Meteor|p2a: Ferrothorn
|-resisted|p2a: Ferrothorn
|-damage|p2a: Ferrothorn|88/100
|-unboost|p1a: Dragapult|spa|2
|
|upkeep
|turn|5
|
|switch|p1a: Corviknight|Corviknight, M|100/100
|-ability|p1a: Corviknight|Pressure
|move|p2a: Ferrothorn|Stealth Rock|p1a: Corviknight
|-sidestart|p1: alex1467174|move: Stealth Rock
|
|upkeep
|turn|6
|
|switch|p2a: Conkeldurr|Conkeldurr, F|13/100 brn
|move|p1a: Corviknight|Defog|p2a: Conkeldurr
|-unboost|p2a: Conkeldurr|evasion|1
|-sideend|p1: alex1467174|Stealth Rock|[from] move: Defog|[of] p1a: Corviknight
|
|-damage|p2a: Conkeldurr|7/100 brn|[from] brn
|upkeep
|turn|7
|
|move|p1a: Corviknight|Brave Bird|p2a: Conkeldurr
|-supereffective|p2a: Conkeldurr
|-damage|p2a: Conkeldurr|0 fnt
|-damage|p1a: Corviknight|98/100|[from] Recoil
|faint|p2a: Conkeldurr
|
|-heal|p1a: Corviknight|100/100|[from] item: Leftovers
|upkeep
|
|switch|p2a: Toxtricity|Toxtricity, F|100/100
|turn|8
|
|move|p2a: Toxtricity|Shift Gear|p2a: Toxtricity
|-boost|p2a: Toxtricity|spe|2
|-boost|p2a: Toxtricity|atk|1
|move|p1a: Corviknight|Roost||[still]
|-fail|p1a: Corviknight|heal
|
|upkeep
|turn|9
|
|switch|p1a: Seismitoad|Seismitoad, F|100/100
|move|p2a: Toxtricity|Overdrive|p1a: Seismitoad
|-immune|p1a: Seismitoad
|
|upkeep
|turn|10
|
|switch|p2a: Rotom|Rotom-Wash|100/100
|move|p1a: Seismitoad|Earth Power|p2a: Rotom
|-immune|p2a: Rotom|[from] ability: Levitate
|
|upkeep
|turn|11
|
|switch|p2a: Ferrothorn|Ferrothorn, M|88/100
|move|p1a: Seismitoad|Stealth Rock|p2a: Ferrothorn
|-sidestart|p2: jam's disciples|move: Stealth Rock
|
|upkeep
|turn|12
|c| hero|so ur jam's disciples but you're not testing the team
|c| hero|crazE
|
|switch|p1a: Dragapult|Dragapult, F|22/100
|move|p2a: Ferrothorn|Stealth Rock|p1a: Dragapult
|-sidestart|p1: alex1467174|move: Stealth Rock
|
|upkeep
|turn|13
|
|switch|p2a: Mandibuzz|Mandibuzz, F|100/100
|move|p1a: Dragapult|Flamethrower|p2a: Mandibuzz
|-damage|p2a: Mandibuzz|85/100
|
|upkeep
|turn|14
|
|switch|p1a: Toxapex|Toxapex, M|100/100
|-damage|p1a: Toxapex|88/100|[from] Stealth Rock
|move|p2a: Mandibuzz|Knock Off|p1a: Toxapex
|-damage|p1a: Toxapex|73/100
|-enditem|p1a: Toxapex|Black Sludge|[from] move: Knock Off|[of] p2a: Mandibuzz
|
|upkeep
|turn|15
|
|move|p2a: Mandibuzz|Taunt|p1a: Toxapex
|-start|p1a: Toxapex|move: Taunt
|move|p1a: Toxapex|Scald|p2a: Mandibuzz
|-damage|p2a: Mandibuzz|74/100
|
|upkeep
|turn|16
|
|switch|p2a: Ferrothorn|Ferrothorn, M|88/100
|-damage|p2a: Ferrothorn|82/100|[from] Stealth Rock
|move|p1a: Toxapex|Scald|p2a: Ferrothorn
|-resisted|p2a: Ferrothorn
|-damage|p2a: Ferrothorn|75/100
|-status|p2a: Ferrothorn|brn
|
|-damage|p2a: Ferrothorn|69/100 brn|[from] brn
|upkeep
|turn|17
|
|switch|p1a: Corviknight|Corviknight, M|100/100
|-damage|p1a: Corviknight|88/100|[from] Stealth Rock
|-ability|p1a: Corviknight|Pressure
|move|p2a: Ferrothorn|Leech Seed|p1a: Corviknight
|-start|p1a: Corviknight|move: Leech Seed
|
|-heal|p1a: Corviknight|94/100|[from] item: Leftovers
|-damage|p1a: Corviknight|82/100|[from] Leech Seed|[of] p2a: Ferrothorn
|-heal|p2a: Ferrothorn|83/100 brn|[silent]
|-damage|p2a: Ferrothorn|77/100 brn|[from] brn
|upkeep
|turn|18
|
|switch|p2a: Toxtricity|Toxtricity, F|100/100
|-damage|p2a: Toxtricity|88/100|[from] Stealth Rock
|move|p1a: Corviknight|Defog|p2a: Toxtricity
|-unboost|p2a: Toxtricity|evasion|1
|-sideend|p2: jam's disciples|Stealth Rock|[from] move: Defog|[of] p1a: Corviknight
|-sideend|p1: alex1467174|Stealth Rock|[from] move: Defog|[of] p1a: Corviknight
|
|-heal|p1a: Corviknight|88/100|[from] item: Leftovers
|-damage|p1a: Corviknight|76/100|[from] Leech Seed|[of] p2a: Toxtricity
|-heal|p2a: Toxtricity|100/100|[silent]
|upkeep
|turn|19
|l| hero
|
|switch|p1a: Seismitoad|Seismitoad, F|100/100
|move|p2a: Toxtricity|Boomburst|p1a: Seismitoad
|-damage|p1a: Seismitoad|36/100
|-enditem|p2a: Toxtricity|Throat Spray
|-boost|p2a: Toxtricity|spa|1
|
|-heal|p1a: Seismitoad|42/100|[from] item: Leftovers
|upkeep
|turn|20
|
|switch|p1a: Bisharp|Bisharp, M|2/100
|move|p2a: Toxtricity|Shift Gear|p2a: Toxtricity
|-boost|p2a: Toxtricity|spe|2
|-boost|p2a: Toxtricity|atk|1
|
|upkeep
|turn|21
|
|move|p1a: Bisharp|Sucker Punch|p2a: Toxtricity
|-damage|p2a: Toxtricity|16/100
|-damage|p1a: Bisharp|0 fnt|[from] item: Life Orb
|faint|p1a: Bisharp
|move|p2a: Toxtricity|Fire Punch|p1: Bisharp|[notarget]
|-fail|p2a: Toxtricity
|
|upkeep
|
|switch|p1a: Clefable|Clefable, M|100/100
|turn|22
|
|move|p2a: Toxtricity|Boomburst|p1a: Clefable
|-damage|p1a: Clefable|38/100
|move|p1a: Clefable|Moonblast|p2a: Toxtricity
|-resisted|p2a: Toxtricity
|-damage|p2a: Toxtricity|0 fnt
|faint|p2a: Toxtricity
|
|-heal|p1a: Clefable|45/100|[from] item: Leftovers
|upkeep
|
|switch|p2a: Aegislash|Aegislash, F|100/100
|turn|23
|
|-formechange|p2a: Aegislash|Aegislash-Blade||[from] ability: Stance Change
|move|p2a: Aegislash|Shadow Ball|p1a: Clefable
|-damage|p1a: Clefable|0 fnt
|faint|p1a: Clefable
|
|upkeep
|
|switch|p1a: Toxapex|Toxapex, M|100/100
|turn|24
|
|move|p2a: Aegislash|Shadow Ball|p1a: Toxapex
|-damage|p1a: Toxapex|38/100
|move|p1a: Toxapex|Scald|p2a: Aegislash
|-damage|p2a: Aegislash|65/100
|-status|p2a: Aegislash|brn
|
|-damage|p2a: Aegislash|59/100 brn|[from] brn
|upkeep
|turn|25
|
|move|p2a: Aegislash|Shadow Ball|p1a: Toxapex
|-damage|p1a: Toxapex|0 fnt
|faint|p1a: Toxapex
|
|-damage|p2a: Aegislash|53/100 brn|[from] brn
|upkeep
|
|switch|p1a: Corviknight|Corviknight, M|76/100
|-ability|p1a: Corviknight|Pressure
|turn|26
|
|move|p2a: Aegislash|Shadow Ball|p1a: Corviknight
|-damage|p1a: Corviknight|19/100
|move|p1a: Corviknight|Roost|p1a: Corviknight
|-heal|p1a: Corviknight|69/100
|-singleturn|p1a: Corviknight|move: Roost
|
|-heal|p1a: Corviknight|75/100|[from] item: Leftovers
|-damage|p2a: Aegislash|47/100 brn|[from] brn
|upkeep
|turn|27
|
|move|p2a: Aegislash|Shadow Ball|p1a: Corviknight
|-damage|p1a: Corviknight|24/100
|move|p1a: Corviknight|Roost|p1a: Corviknight
|-heal|p1a: Corviknight|74/100
|-singleturn|p1a: Corviknight|move: Roost
|
|-heal|p1a: Corviknight|80/100|[from] item: Leftovers
|-damage|p2a: Aegislash|41/100 brn|[from] brn
|upkeep
|turn|28
|
|move|p2a: Aegislash|Shadow Ball|p1a: Corviknight
|-damage|p1a: Corviknight|27/100
|move|p1a: Corviknight|Roost|p1a: Corviknight
|-heal|p1a: Corviknight|77/100
|-singleturn|p1a: Corviknight|move: Roost
|
|-heal|p1a: Corviknight|83/100|[from] item: Leftovers
|-damage|p2a: Aegislash|35/100 brn|[from] brn
|upkeep
|turn|29
|
|switch|p2a: Rotom|Rotom-Wash|100/100
|move|p1a: Corviknight|Roost|p1a: Corviknight
|-heal|p1a: Corviknight|100/100
|-singleturn|p1a: Corviknight|move: Roost
|
|upkeep
|turn|30
|
|switch|p1a: Seismitoad|Seismitoad, F|42/100
|move|p2a: Rotom|Trick|p1a: Seismitoad
|-activate|p2a: Rotom|move: Trick|[of] p1a: Seismitoad
|-item|p1a: Seismitoad|Choice Scarf|[from] move: Trick
|-item|p2a: Rotom|Leftovers|[from] move: Trick
|
|upkeep
|turn|31
|
|switch|p2a: Aegislash|Aegislash, F|35/100 brn
|move|p1a: Seismitoad|Scald|p2a: Aegislash
|-damage|p2a: Aegislash|13/100 brn
|
|-damage|p2a: Aegislash|7/100 brn|[from] brn
|upkeep
|turn|32
|
|move|p1a: Seismitoad|Scald|p2a: Aegislash
|-damage|p2a: Aegislash|0 fnt
|faint|p2a: Aegislash
|
|upkeep
|
|switch|p2a: Ferrothorn|Ferrothorn, M|77/100 brn
|turn|33
|
|switch|p1a: Corviknight|Corviknight, M|100/100
|-ability|p1a: Corviknight|Pressure
|move|p2a: Ferrothorn|Leech Seed|p1a: Corviknight
|-start|p1a: Corviknight|move: Leech Seed
|
|-damage|p1a: Corviknight|88/100|[from] Leech Seed|[of] p2a: Ferrothorn
|-heal|p2a: Ferrothorn|91/100 brn|[silent]
|-damage|p2a: Ferrothorn|85/100 brn|[from] brn
|upkeep
|turn|34
|
|move|p1a: Corviknight|Bulk Up|p1a: Corviknight
|-boost|p1a: Corviknight|atk|1
|-boost|p1a: Corviknight|def|1
|move|p2a: Ferrothorn|Knock Off|p1a: Corviknight
|-damage|p1a: Corviknight|83/100
|-enditem|p1a: Corviknight|Leftovers|[from] move: Knock Off|[of] p2a: Ferrothorn
|
|-damage|p1a: Corviknight|70/100|[from] Leech Seed|[of] p2a: Ferrothorn
|-heal|p2a: Ferrothorn|99/100 brn|[silent]
|-damage|p2a: Ferrothorn|93/100 brn|[from] brn
|upkeep
|turn|35
|
|switch|p2a: Rotom|Rotom-Wash|100/100
|move|p1a: Corviknight|Bulk Up|p1a: Corviknight
|-boost|p1a: Corviknight|atk|1
|-boost|p1a: Corviknight|def|1
|
|-damage|p1a: Corviknight|58/100|[from] Leech Seed|[of] p2a: Rotom
|upkeep
|turn|36
|
|switch|p1a: Seismitoad|Seismitoad, F|42/100
|move|p2a: Rotom|Hydro Pump|p1a: Seismitoad
|-heal|p1a: Seismitoad|67/100|[from] ability: Water Absorb|[of] p2a: Rotom
|
|upkeep
|turn|37
|
|switch|p2a: Ferrothorn|Ferrothorn, M|93/100 brn
|move|p1a: Seismitoad|Scald|p2a: Ferrothorn
|-resisted|p2a: Ferrothorn
|-damage|p2a: Ferrothorn|82/100 brn
|
|-damage|p2a: Ferrothorn|76/100 brn|[from] brn
|upkeep
|turn|38
|
|move|p1a: Seismitoad|Scald|p2a: Ferrothorn
|-resisted|p2a: Ferrothorn
|-damage|p2a: Ferrothorn|66/100 brn
|move|p2a: Ferrothorn|Leech Seed|p1a: Seismitoad
|-start|p1a: Seismitoad|move: Leech Seed
|
|-damage|p1a: Seismitoad|54/100|[from] Leech Seed|[of] p2a: Ferrothorn
|-heal|p2a: Ferrothorn|81/100 brn|[silent]
|-damage|p2a: Ferrothorn|75/100 brn|[from] brn
|upkeep
|turn|39
|
|switch|p1a: Corviknight|Corviknight, M|58/100
|-ability|p1a: Corviknight|Pressure
|move|p2a: Ferrothorn|Knock Off|p1a: Corviknight
|-damage|p1a: Corviknight|52/100
|
|-damage|p2a: Ferrothorn|69/100 brn|[from] brn
|upkeep
|turn|40
|
|move|p1a: Corviknight|Bulk Up|p1a: Corviknight
|-boost|p1a: Corviknight|atk|1
|-boost|p1a: Corviknight|def|1
|move|p2a: Ferrothorn|Leech Seed|p1a: Corviknight
|-start|p1a: Corviknight|move: Leech Seed
|
|-damage|p1a: Corviknight|40/100|[from] Leech Seed|[of] p2a: Ferrothorn
|-heal|p2a: Ferrothorn|83/100 brn|[silent]
|-damage|p2a: Ferrothorn|77/100 brn|[from] brn
|upkeep
|turn|41
|
|switch|p2a: Rotom|Rotom-Wash|100/100
|move|p1a: Corviknight|Roost|p1a: Corviknight
|-heal|p1a: Corviknight|90/100
|-singleturn|p1a: Corviknight|move: Roost
|
|-damage|p1a: Corviknight|78/100|[from] Leech Seed|[of] p2a: Rotom
|upkeep
|turn|42
|
|switch|p2a: Ferrothorn|Ferrothorn, M|77/100 brn
|switch|p1a: Seismitoad|Seismitoad, F|54/100
|
|-damage|p2a: Ferrothorn|71/100 brn|[from] brn
|upkeep
|turn|43
|
|switch|p1a: Corviknight|Corviknight, M|78/100
|-ability|p1a: Corviknight|Pressure
|move|p2a: Ferrothorn|Stealth Rock|p1a: Corviknight
|-sidestart|p1: alex1467174|move: Stealth Rock
|
|-damage|p2a: Ferrothorn|65/100 brn|[from] brn
|upkeep
|turn|44
|
|move|p1a: Corviknight|Defog|p2a: Ferrothorn
|-unboost|p2a: Ferrothorn|evasion|1
|-sideend|p1: alex1467174|Stealth Rock|[from] move: Defog|[of] p1a: Corviknight
|move|p2a: Ferrothorn|Leech Seed|p1a: Corviknight
|-start|p1a: Corviknight|move: Leech Seed
|
|-damage|p1a: Corviknight|66/100|[from] Leech Seed|[of] p2a: Ferrothorn
|-heal|p2a: Ferrothorn|79/100 brn|[silent]
|-damage|p2a: Ferrothorn|73/100 brn|[from] brn
|upkeep
|turn|45
|
|move|p1a: Corviknight|Bulk Up|p1a: Corviknight
|-boost|p1a: Corviknight|atk|1
|-boost|p1a: Corviknight|def|1
|move|p2a: Ferrothorn|Stealth Rock|p1a: Corviknight
|-sidestart|p1: alex1467174|move: Stealth Rock
|
|-damage|p1a: Corviknight|53/100|[from] Leech Seed|[of] p2a: Ferrothorn
|-heal|p2a: Ferrothorn|87/100 brn|[silent]
|-damage|p2a: Ferrothorn|81/100 brn|[from] brn
|upkeep
|turn|46
|
|switch|p2a: Rotom|Rotom-Wash|100/100
|move|p1a: Corviknight|Defog|p2a: Rotom
|-unboost|p2a: Rotom|evasion|1
|-sideend|p1: alex1467174|Stealth Rock|[from] move: Defog|[of] p1a: Corviknight
|
|-damage|p1a: Corviknight|41/100|[from] Leech Seed|[of] p2a: Rotom
|upkeep
|turn|47
|
|switch|p2a: Ferrothorn|Ferrothorn, M|81/100 brn
|switch|p1a: Seismitoad|Seismitoad, F|54/100
|
|-damage|p2a: Ferrothorn|75/100 brn|[from] brn
|upkeep
|turn|48
|
|move|p1a: Seismitoad|Earth Power|p2a: Ferrothorn
|-damage|p2a: Ferrothorn|51/100 brn
|-unboost|p2a: Ferrothorn|spd|1
|move|p2a: Ferrothorn|Knock Off|p1a: Seismitoad
|-crit|p1a: Seismitoad
|-damage|p1a: Seismitoad|43/100
|-enditem|p1a: Seismitoad|Choice Scarf|[from] move: Knock Off|[of] p2a: Ferrothorn
|
|-damage|p2a: Ferrothorn|45/100 brn|[from] brn
|upkeep
|turn|49
|
|switch|p1a: Corviknight|Corviknight, M|41/100
|-ability|p1a: Corviknight|Pressure
|switch|p2a: Mandibuzz|Mandibuzz, F|74/100
|
|upkeep
|turn|50
|
|move|p2a: Mandibuzz|Taunt|p1a: Corviknight
|-start|p1a: Corviknight|move: Taunt
|cant|p1a: Corviknight|move: Taunt|Roost
|
|upkeep
|turn|51
|
|switch|p1a: Seismitoad|Seismitoad, F|43/100
|move|p2a: Mandibuzz|Knock Off|p1a: Seismitoad
|-damage|p1a: Seismitoad|31/100
|
|upkeep
|turn|52
|
|move|p2a: Mandibuzz|Taunt|p1a: Seismitoad
|-start|p1a: Seismitoad|move: Taunt
|move|p1a: Seismitoad|Scald|p2a: Mandibuzz
|-damage|p2a: Mandibuzz|61/100
|-status|p2a: Mandibuzz|brn
|
|-damage|p2a: Mandibuzz|55/100 brn|[from] brn
|upkeep
|turn|53
|
|move|p2a: Mandibuzz|Roost|p2a: Mandibuzz
|-heal|p2a: Mandibuzz|100/100 brn
|-singleturn|p2a: Mandibuzz|move: Roost
|move|p1a: Seismitoad|Scald|p2a: Mandibuzz
|-damage|p2a: Mandibuzz|86/100 brn
|
|-damage|p2a: Mandibuzz|80/100 brn|[from] brn
|upkeep
|turn|54
|
|move|p2a: Mandibuzz|Knock Off|p1a: Seismitoad
|-damage|p1a: Seismitoad|25/100
|move|p1a: Seismitoad|Scald|p2a: Mandibuzz
|-damage|p2a: Mandibuzz|66/100 brn
|
|-damage|p2a: Mandibuzz|60/100 brn|[from] brn
|-end|p1a: Seismitoad|move: Taunt
|upkeep
|turn|55
|
|move|p2a: Mandibuzz|Knock Off|p1a: Seismitoad
|-damage|p1a: Seismitoad|19/100
|move|p1a: Seismitoad|Scald|p2a: Mandibuzz
|-damage|p2a: Mandibuzz|45/100 brn
|
|-damage|p2a: Mandibuzz|39/100 brn|[from] brn
|upkeep
|turn|56
|
|move|p2a: Mandibuzz|Roost|p2a: Mandibuzz
|-heal|p2a: Mandibuzz|89/100 brn
|-singleturn|p2a: Mandibuzz|move: Roost
|move|p1a: Seismitoad|Stealth Rock|p2a: Mandibuzz
|-sidestart|p2: jam's disciples|move: Stealth Rock
|
|-damage|p2a: Mandibuzz|83/100 brn|[from] brn
|upkeep
|turn|57
|
|move|p2a: Mandibuzz|Knock Off|p1a: Seismitoad
|-damage|p1a: Seismitoad|13/100
|move|p1a: Seismitoad|Scald|p2a: Mandibuzz
|-damage|p2a: Mandibuzz|67/100 brn
|
|-damage|p2a: Mandibuzz|61/100 brn|[from] brn
|upkeep
|turn|58
|
|move|p2a: Mandibuzz|Roost|p2a: Mandibuzz
|-heal|p2a: Mandibuzz|100/100 brn
|-singleturn|p2a: Mandibuzz|move: Roost
|move|p1a: Seismitoad|Scald|p2a: Mandibuzz
|-damage|p2a: Mandibuzz|86/100 brn
|
|-damage|p2a: Mandibuzz|80/100 brn|[from] brn
|upkeep
|turn|59
|
|switch|p1a: Corviknight|Corviknight, M|41/100
|-ability|p1a: Corviknight|Pressure
|move|p2a: Mandibuzz|Knock Off|p1a: Corviknight
|-damage|p1a: Corviknight|34/100
|
|-damage|p2a: Mandibuzz|74/100 brn|[from] brn
|upkeep
|turn|60
|
|move|p2a: Mandibuzz|Taunt|p1a: Corviknight
|-start|p1a: Corviknight|move: Taunt
|cant|p1a: Corviknight|move: Taunt|Defog
|
|-damage|p2a: Mandibuzz|68/100 brn|[from] brn
|upkeep
|turn|61
|
|switch|p2a: Ferrothorn|Ferrothorn, M|45/100 brn
|-damage|p2a: Ferrothorn|39/100 brn|[from] Stealth Rock
|switch|p1a: Dragapult|Dragapult, F|22/100
|
|-damage|p2a: Ferrothorn|33/100 brn|[from] brn
|upkeep
|turn|62
|
|move|p1a: Dragapult|Shadow Ball|p2a: Ferrothorn
|-damage|p2a: Ferrothorn|2/100 brn
|move|p2a: Ferrothorn|Knock Off|p1a: Dragapult
|-supereffective|p1a: Dragapult
|-damage|p1a: Dragapult|0 fnt
|-enditem|p1a: Dragapult|Choice Scarf|[from] move: Knock Off|[of] p2a: Ferrothorn
|faint|p1a: Dragapult
|
|-damage|p2a: Ferrothorn|0 fnt|[from] brn
|faint|p2a: Ferrothorn
|upkeep
|
|switch|p1a: Seismitoad|Seismitoad, F|13/100
|switch|p2a: Rotom|Rotom-Wash|100/100
|-damage|p2a: Rotom|88/100|[from] Stealth Rock
|turn|63
|
|switch|p2a: Mandibuzz|Mandibuzz, F|68/100 brn
|move|p1a: Seismitoad|Scald|p2a: Mandibuzz
|-damage|p2a: Mandibuzz|54/100 brn
|
|-damage|p2a: Mandibuzz|48/100 brn|[from] brn
|upkeep
|turn|64
|
|switch|p1a: Corviknight|Corviknight, M|34/100
|-ability|p1a: Corviknight|Pressure
|move|p2a: Mandibuzz|Roost|p2a: Mandibuzz
|-heal|p2a: Mandibuzz|98/100 brn
|-singleturn|p2a: Mandibuzz|move: Roost
|
|-damage|p2a: Mandibuzz|92/100 brn|[from] brn
|upkeep
|turn|65
|
|move|p2a: Mandibuzz|Taunt|p1a: Corviknight
|-start|p1a: Corviknight|move: Taunt
|move|p1a: Corviknight|Brave Bird|p2a: Mandibuzz
|-damage|p2a: Mandibuzz|63/100 brn
|-damage|p1a: Corviknight|24/100|[from] Recoil
|
|-damage|p2a: Mandibuzz|57/100 brn|[from] brn
|upkeep
|turn|66
|
|switch|p1a: Seismitoad|Seismitoad, F|13/100
|move|p2a: Mandibuzz|Knock Off|p1a: Seismitoad
|-damage|p1a: Seismitoad|7/100
|
|-damage|p2a: Mandibuzz|51/100 brn|[from] brn
|upkeep
|turn|67
|
|move|p2a: Mandibuzz|Roost|p2a: Mandibuzz
|-heal|p2a: Mandibuzz|100/100 brn
|-singleturn|p2a: Mandibuzz|move: Roost
|move|p1a: Seismitoad|Scald|p2a: Mandibuzz
|-crit|p2a: Mandibuzz
|-damage|p2a: Mandibuzz|81/100 brn
|
|-damage|p2a: Mandibuzz|74/100 brn|[from] brn
|upkeep
|turn|68
|-message|alex1467174 forfeited.
|
|win|jam's disciples
|l|☆alex1467174
|raw|alex1467174's rating: 1464 → 1442(-22 for losing)
|raw|jam's disciples's rating: 1427 → 1449(+22 for winning)
