|ScrapeTime|2020-01-02-04:35:38
|j|☆Grinwald Krieg
|j|☆EloiGP
|player|p1|Grinwald Krieg|mina|
|player|p2|EloiGP|252|
|teamsize|p1|6
|teamsize|p2|6
|gametype|singles
|gen|8
|tier|[Gen 8] OU
|rule|Sleep Clause Mod: Limit one foe put to sleep
|rule|Species Clause: Limit one of each Pokémon
|rule|OHKO Clause: OHKO moves are banned
|rule|Evasion Moves Clause: Evasion moves are banned
|rule|Endless Battle Clause: Forcing endless battles is banned
|rule|HP Percentage Mod: HP is shown in percentages
|clearpoke
|poke|p1|Cloyster, F|
|poke|p1|Dragapult, F|
|poke|p1|Cinderace, F|
|poke|p1|Clefable, F|
|poke|p1|Aegislash, M|
|poke|p1|Seismitoad, M|
|poke|p2|Cinderace, F|
|poke|p2|Dragapult, F|
|poke|p2|Excadrill, F|
|poke|p2|Aegislash, M|
|poke|p2|Polteageist|
|poke|p2|Dracozolt|
|rule|Dynamax Clause: You cannot dynamax
|teampreview
|c|☆EloiGP|ah ouais
|
|start
|switch|p1a: Cloyster|Cloyster, F, shiny|100/100
|switch|p2a: Polteageist|Polteageist|100/100
|turn|1
|c|☆Grinwald Krieg|Quoi donc ?
|inactive|Battle timer is ON: inactive players will automatically lose when time's up. (requested by Grinwald Krieg)
|
|move|p1a: Cloyster|Shell Smash|p1a: Cloyster
|-unboost|p1a: Cloyster|def|1
|-unboost|p1a: Cloyster|spd|1
|-boost|p1a: Cloyster|atk|2
|-boost|p1a: Cloyster|spa|2
|-boost|p1a: Cloyster|spe|2
|move|p2a: Polteageist|Shell Smash|p2a: Polteageist
|-unboost|p2a: Polteageist|def|1
|-unboost|p2a: Polteageist|spd|1
|-boost|p2a: Polteageist|atk|2
|-boost|p2a: Polteageist|spa|2
|-boost|p2a: Polteageist|spe|2
|
|upkeep
|turn|2
|c|☆EloiGP|combat de géant
|
|move|p1a: Cloyster|Icicle Spear|p2a: Polteageist
|-damage|p2a: Polteageist|60/100
|-start|p1a: Cloyster|Disable|Icicle Spear|[from] ability: Cursed Body|[of] p2a: Polteageist
|-damage|p2a: Polteageist|17/100
|-damage|p2a: Polteageist|0 fnt
|-hitcount|p2a: Polteageist|3
|faint|p2a: Polteageist
|
|upkeep
|c|☆Grinwald Krieg|cloyster 1, polteageist 0 x)
|inactive|EloiGP has 270 seconds left.
|c|☆EloiGP|jppeux savoir pk la white herb a pas fonctionner  je suis dans le mal la
|
|switch|p2a: Aegislash|Aegislash, M|100/100
|turn|3
|c|☆Grinwald Krieg|En vrai j'ai âs de réponse
|
|move|p1a: Cloyster|Rock Blast|p2a: Aegislash
|-resisted|p2a: Aegislash
|-damage|p2a: Aegislash|95/100
|-resisted|p2a: Aegislash
|-damage|p2a: Aegislash|88/100
|-resisted|p2a: Aegislash
|-damage|p2a: Aegislash|82/100
|-resisted|p2a: Aegislash
|-damage|p2a: Aegislash|76/100
|-resisted|p2a: Aegislash
|-damage|p2a: Aegislash|69/100
|-hitcount|p2a: Aegislash|5
|move|p2a: Aegislash|Swords Dance|p2a: Aegislash
|-boost|p2a: Aegislash|atk|2
|
|-heal|p2a: Aegislash|75/100|[from] item: Leftovers
|upkeep
|turn|4
|inactive|EloiGP has 270 seconds left.
|c|☆EloiGP|jsuis con javais mis la mental herb
|inactive|EloiGP has 240 seconds left.
|
|switch|p1a: Seismitoad|Seismitoad, M|100/100
|move|p2a: Aegislash|Swords Dance|p2a: Aegislash
|-boost|p2a: Aegislash|atk|2
|
|-heal|p2a: Aegislash|81/100|[from] item: Leftovers
|upkeep
|turn|5
|c|☆Grinwald Krieg|Ahahah classique
|inactive|EloiGP has 240 seconds left.
|inactive|Grinwald Krieg has 270 seconds left.
|c|☆Grinwald Krieg|Je fait la même dès que je joue Brutalibre, je pick la mauvaise xD
|inactive|EloiGP has 210 seconds left.
|
|move|p1a: Seismitoad|Earthquake|p2a: Aegislash
|-supereffective|p2a: Aegislash
|-crit|p2a: Aegislash
|-damage|p2a: Aegislash|7/100
|-formechange|p2a: Aegislash|Aegislash-Blade||[from] ability: Stance Change
|move|p2a: Aegislash|Close Combat|p1a: Seismitoad
|-damage|p1a: Seismitoad|0 fnt
|-unboost|p2a: Aegislash|def|1
|-unboost|p2a: Aegislash|spd|1
|faint|p1a: Seismitoad
|
|-heal|p2a: Aegislash|13/100|[from] item: Leftovers
|upkeep
|
|switch|p1a: Cinderace|Cinderace, F|100/100
|turn|6
|inactive|EloiGP has 210 seconds left.
|inactive|EloiGP has 180 seconds left.
|
|move|p1a: Cinderace|Sucker Punch|p2a: Aegislash
|-supereffective|p2a: Aegislash
|-damage|p2a: Aegislash|0 fnt
|faint|p2a: Aegislash
|
|upkeep
|c|☆EloiGP|oof
|
|switch|p2a: Excadrill|Excadrill, F|100/100
|-ability|p2a: Excadrill|Mold Breaker
|turn|7
|inactive|Grinwald Krieg has 270 seconds left.
|
|switch|p1a: Cloyster|Cloyster, F, shiny|100/100
|move|p2a: Excadrill|Earthquake|p1a: Cloyster
|-damage|p1a: Cloyster|56/100
|
|upkeep
|turn|8
|
|move|p2a: Excadrill|Earthquake|p1a: Cloyster
|-damage|p1a: Cloyster|12/100
|move|p1a: Cloyster|Icicle Spear|p2a: Excadrill
|-damage|p2a: Excadrill|84/100
|-damage|p2a: Excadrill|67/100
|-damage|p2a: Excadrill|49/100
|-damage|p2a: Excadrill|32/100
|-damage|p2a: Excadrill|15/100
|-hitcount|p2a: Excadrill|5
|
|upkeep
|turn|9
|
|move|p1a: Cloyster|Ice Shard|p2a: Excadrill
|-damage|p2a: Excadrill|0 fnt
|faint|p2a: Excadrill
|
|upkeep
|
|switch|p2a: Dracozolt|Dracozolt|100/100
|turn|10
|
|move|p2a: Dracozolt|Bolt Beak|p1a: Cloyster
|-supereffective|p1a: Cloyster
|-damage|p1a: Cloyster|0 fnt
|faint|p1a: Cloyster
|
|upkeep
|
|switch|p1a: Clefable|Clefable, F|100/100
|turn|11
|
|move|p2a: Dracozolt|Bolt Beak|p1a: Clefable|[miss]
|-miss|p2a: Dracozolt|p1a: Clefable
|move|p1a: Clefable|Moonblast|p2a: Dracozolt
|-supereffective|p2a: Dracozolt
|-damage|p2a: Dracozolt|0 fnt
|faint|p2a: Dracozolt
|
|upkeep
|inactive|EloiGP has 210 seconds left.
|
|switch|p2a: Cinderace|Cinderace, F|100/100
|turn|12
|
|move|p2a: Cinderace|Pyro Ball|p1a: Clefable
|-damage|p1a: Clefable|33/100
|move|p1a: Clefable|Moonblast|p2a: Cinderace
|-resisted|p2a: Cinderace
|-damage|p2a: Cinderace|57/100
|-unboost|p2a: Cinderace|spa|1
|
|upkeep
|turn|13
|c|☆Grinwald Krieg|YES
|c|☆Grinwald Krieg|Le down en SpA
|c|☆Grinwald Krieg|ça fait le match, ça
|c|☆Grinwald Krieg|JPP
|inactive|Grinwald Krieg has 270 seconds left.
|
|move|p2a: Cinderace|Pyro Ball|p1a: Clefable
|-damage|p1a: Clefable|0 fnt
|faint|p1a: Clefable
|
|upkeep
|inactive|Grinwald Krieg has 270 seconds left.
|
|switch|p1a: Dragapult|Dragapult, F|100/100
|turn|14
|inactive|EloiGP has 210 seconds left.
|
|move|p1a: Dragapult|Phantom Force||[still]
|-prepare|p1a: Dragapult|Phantom Force|p2a: Cinderace
|move|p2a: Cinderace|U-turn|p1a: Dragapult|[miss]
|-miss|p2a: Cinderace|p1a: Dragapult
|
|upkeep
|turn|15
|inactive|Grinwald Krieg has 270 seconds left.
|
|move|p1a: Dragapult|Phantom Force|p2a: Cinderace|[from]lockedmove
|-damage|p2a: Cinderace|0 fnt
|faint|p2a: Cinderace
|
|upkeep
|inactive|EloiGP has 210 seconds left.
|
|switch|p2a: Dragapult|Dragapult, F|100/100
|turn|16
|inactive|Grinwald Krieg has 270 seconds left.
|
|move|p2a: Dragapult|Hydro Pump|p1a: Dragapult
|-resisted|p1a: Dragapult
|-damage|p1a: Dragapult|68/100
|move|p1a: Dragapult|Phantom Force||[still]
|-prepare|p1a: Dragapult|Phantom Force|p2a: Dragapult
|
|upkeep
|turn|17
|
|move|p1a: Dragapult|Phantom Force|p2a: Dragapult|[from]lockedmove
|-supereffective|p2a: Dragapult
|-damage|p2a: Dragapult|0 fnt
|faint|p2a: Dragapult
|
|win|Grinwald Krieg
|c|☆EloiGP|OOF
|l|☆EloiGP
