|ScrapeTime|2020-01-02-07:14:47
|j|☆eduardoxmenezes
|j|☆Ruface owl
|player|p1|eduardoxmenezes|thorton|1058
|player|p2|Ruface owl|170|1040
|teamsize|p1|5
|teamsize|p2|6
|gametype|singles
|gen|8
|tier|[Gen 8] OU
|rated|
|rule|Sleep Clause Mod: Limit one foe put to sleep
|rule|Species Clause: Limit one of each Pokémon
|rule|OHKO Clause: OHKO moves are banned
|rule|Evasion Moves Clause: Evasion moves are banned
|rule|Endless Battle Clause: Forcing endless battles is banned
|rule|HP Percentage Mod: HP is shown in percentages
|clearpoke
|poke|p1|Inteleon, F|
|poke|p1|Obstagoon, M|
|poke|p1|Alcremie, F|
|poke|p1|Morpeko, F|
|poke|p1|Cursola, M|
|poke|p2|Dragapult, M|
|poke|p2|Aegislash, M|
|poke|p2|Galvantula, M|
|poke|p2|Ferrothorn, M|
|poke|p2|Arcanine, M|
|poke|p2|Toxapex, F|
|rule|Dynamax Clause: You cannot dynamax
|teampreview
|
|start
|switch|p1a: tapukoko|Morpeko, F|100/100
|switch|p2a: Webby|Galvantula, M|100/100
|turn|1
|
|move|p2a: Webby|Sticky Web|p1a: tapukoko
|-sidestart|p1: eduardoxmenezes|move: Sticky Web
|move|p1a: tapukoko|Aura Wheel|p2a: Webby
|-resisted|p2a: Webby
|-damage|p2a: Webby|60/100
|-boost|p1a: tapukoko|spe|1
|
|-formechange|p1a: tapukoko|Morpeko-Hangry||[from] ability: Hunger Switch
|upkeep
|turn|2
|
|move|p1a: tapukoko|Aura Wheel|p2a: Webby
|-damage|p2a: Webby|0 fnt
|-boost|p1a: tapukoko|spe|1
|faint|p2a: Webby
|
|-formechange|p1a: tapukoko|Morpeko||[from] ability: Hunger Switch
|upkeep
|
|switch|p2a: Spikes boi|Ferrothorn, M|100/100
|turn|3
|
|move|p1a: tapukoko|Super Fang|p2a: Spikes boi
|-damage|p2a: Spikes boi|50/100
|-damage|p1a: tapukoko|88/100|[from] ability: Iron Barbs|[of] p2a: Spikes boi
|move|p2a: Spikes boi|Stealth Rock|p1a: tapukoko
|-sidestart|p1: eduardoxmenezes|move: Stealth Rock
|
|-heal|p2a: Spikes boi|57/100|[from] item: Leftovers
|-formechange|p1a: tapukoko|Morpeko-Hangry||[from] ability: Hunger Switch
|upkeep
|turn|4
|
|move|p2a: Spikes boi|Protect|p2a: Spikes boi
|-singleturn|p2a: Spikes boi|Protect
|move|p1a: tapukoko|Aura Wheel|p2a: Spikes boi
|-activate|p2a: Spikes boi|move: Protect
|
|-heal|p2a: Spikes boi|63/100|[from] item: Leftovers
|-formechange|p1a: tapukoko|Morpeko||[from] ability: Hunger Switch
|upkeep
|turn|5
|
|move|p1a: tapukoko|Super Fang|p2a: Spikes boi
|-damage|p2a: Spikes boi|32/100
|-damage|p1a: tapukoko|76/100|[from] ability: Iron Barbs|[of] p2a: Spikes boi
|move|p2a: Spikes boi|Leech Seed|p1a: tapukoko
|-start|p1a: tapukoko|move: Leech Seed
|
|-heal|p2a: Spikes boi|38/100|[from] item: Leftovers
|-damage|p1a: tapukoko|63/100|[from] Leech Seed|[of] p2a: Spikes boi
|-heal|p2a: Spikes boi|49/100|[silent]
|-formechange|p1a: tapukoko|Morpeko-Hangry||[from] ability: Hunger Switch
|upkeep
|turn|6
|
|switch|p1a: yakuza|Obstagoon, M|100/100
|-activate|p1a: yakuza|move: Sticky Web
|-unboost|p1a: yakuza|spe|1
|-ability|p1a: yakuza|Defiant
|-boost|p1a: yakuza|atk|2
|-damage|p1a: yakuza|88/100|[from] Stealth Rock
|move|p2a: Spikes boi|Protect||[still]
|-fail|p2a: Spikes boi
|
|-heal|p2a: Spikes boi|55/100|[from] item: Leftovers
|upkeep
|turn|7
|
|move|p1a: yakuza|Taunt|p2a: Spikes boi
|-start|p2a: Spikes boi|move: Taunt
|cant|p2a: Spikes boi|move: Taunt|Leech Seed
|
|-heal|p2a: Spikes boi|62/100|[from] item: Leftovers
|upkeep
|turn|8
|
|move|p1a: yakuza|Knock Off|p2a: Spikes boi
|-damage|p2a: Spikes boi|3/100
|-damage|p1a: yakuza|76/100|[from] ability: Iron Barbs|[of] p2a: Spikes boi
|-enditem|p2a: Spikes boi|Leftovers|[from] move: Knock Off|[of] p1a: yakuza
|move|p2a: Spikes boi|Gyro Ball|p1a: yakuza
|-damage|p1a: yakuza|37/100
|-damage|p2a: Spikes boi|0 fnt|[from] item: Rocky Helmet|[of] p1a: yakuza
|faint|p2a: Spikes boi
|
|upkeep
|
|switch|p2a: Toxic|Toxapex, F|100/100
|turn|9
|
|move|p1a: yakuza|Taunt|p2a: Toxic
|-start|p2a: Toxic|move: Taunt
|cant|p2a: Toxic|move: Taunt|Toxic Spikes
|
|upkeep
|turn|10
|
|switch|p2a: Swap out|Arcanine, M|100/100
|-ability|p2a: Swap out|Intimidate|boost
|-unboost|p1a: yakuza|atk|1
|-ability|p1a: yakuza|Defiant
|-boost|p1a: yakuza|atk|2
|move|p1a: yakuza|Knock Off|p2a: Swap out
|-damage|p2a: Swap out|0 fnt
|-enditem|p2a: Swap out|Choice Scarf|[from] move: Knock Off|[of] p1a: yakuza
|faint|p2a: Swap out
|
|upkeep
|c|☆eduardoxmenezes|omg
|
|switch|p2a: Red|Aegislash, M, shiny|100/100
|turn|11
|
|move|p1a: yakuza|Knock Off|p2a: Red
|-supereffective|p2a: Red
|-damage|p2a: Red|0 fnt
|-enditem|p2a: Red|Assault Vest|[from] move: Knock Off|[of] p1a: yakuza
|faint|p2a: Red
|
|upkeep
|
|switch|p2a: Derp|Dragapult, M, shiny|100/100
|turn|12
|
|move|p1a: yakuza|Obstruct|p1a: yakuza
|-singleturn|p1a: yakuza|Protect
|move|p2a: Derp|U-turn|p1a: yakuza
|-activate|p1a: yakuza|move: Protect
|-fail|p2a: Derp|unboost|[from] ability: Clear Body|[of] p2a: Derp
|
|upkeep
|turn|13
|
|switch|p1a: dedsola|Cursola, M|100/100
|-damage|p1a: dedsola|88/100|[from] Stealth Rock
|-activate|p1a: dedsola|move: Sticky Web
|-unboost|p1a: dedsola|spe|1
|move|p2a: Derp|Phantom Force||[still]
|-prepare|p2a: Derp|Phantom Force|p1a: dedsola
|
|upkeep
|turn|14
|
|switch|p1a: creamer|Alcremie, F|100/100
|-damage|p1a: creamer|88/100|[from] Stealth Rock
|-activate|p1a: creamer|move: Sticky Web
|-unboost|p1a: creamer|spe|1
|move|p2a: Derp|Phantom Force|p1a: creamer|[from]lockedmove
|-damage|p1a: creamer|19/100
|-damage|p2a: Derp|91/100|[from] item: Life Orb
|
|upkeep
|turn|15
|
|move|p1a: creamer|Baby-Doll Eyes|p2a: Derp
|-fail|p2a: Derp|unboost|[from] ability: Clear Body|[of] p2a: Derp
|move|p2a: Derp|Steel Wing|p1a: creamer
|-supereffective|p1a: creamer
|-damage|p1a: creamer|0 fnt
|-damage|p2a: Derp|81/100|[from] item: Life Orb
|faint|p1a: creamer
|
|upkeep
|
|switch|p1a: tapukoko|Morpeko, F|63/100
|-damage|p1a: tapukoko|51/100|[from] Stealth Rock
|-activate|p1a: tapukoko|move: Sticky Web
|-unboost|p1a: tapukoko|spe|1
|turn|16
|
|move|p2a: Derp|U-turn|p1a: tapukoko
|-supereffective|p1a: tapukoko
|-damage|p1a: tapukoko|0 fnt
|-damage|p2a: Derp|71/100|[from] item: Life Orb
|faint|p1a: tapukoko
|
|switch|p2a: Toxic|Toxapex, F|100/100|[from]move: U-turn
|
|upkeep
|
|switch|p1a: yakuza|Obstagoon, M|37/100
|-activate|p1a: yakuza|move: Sticky Web
|-unboost|p1a: yakuza|spe|1
|-ability|p1a: yakuza|Defiant
|-boost|p1a: yakuza|atk|2
|-damage|p1a: yakuza|25/100|[from] Stealth Rock
|turn|17
|
|move|p2a: Toxic|Baneful Bunker|p2a: Toxic
|-singleturn|p2a: Toxic|move: Protect
|move|p1a: yakuza|Taunt|p2a: Toxic
|-activate|p2a: Toxic|move: Protect
|
|upkeep
|turn|18
|
|move|p2a: Toxic|Protect||[still]
|-fail|p2a: Toxic
|move|p1a: yakuza|Knock Off|p2a: Toxic
|-damage|p2a: Toxic|35/100
|-damage|p1a: yakuza|8/100|[from] item: Rocky Helmet|[of] p2a: Toxic
|-enditem|p2a: Toxic|Rocky Helmet|[from] move: Knock Off|[of] p1a: yakuza
|
|upkeep
|turn|19
|
|move|p1a: yakuza|Obstruct|p1a: yakuza
|-singleturn|p1a: yakuza|Protect
|move|p2a: Toxic|Toxic|p1a: yakuza
|-activate|p1a: yakuza|move: Protect
|
|upkeep
|turn|20
|
|move|p2a: Toxic|Baneful Bunker|p2a: Toxic
|-singleturn|p2a: Toxic|move: Protect
|move|p1a: yakuza|Taunt|p2a: Toxic
|-activate|p2a: Toxic|move: Protect
|
|upkeep
|turn|21
|
|move|p1a: yakuza|Knock Off|p2a: Toxic
|-damage|p2a: Toxic|0 fnt
|faint|p2a: Toxic
|
|upkeep
|
|switch|p2a: Derp|Dragapult, M, shiny|71/100
|turn|22
|
|move|p2a: Derp|Steel Wing|p1a: yakuza|[miss]
|-miss|p2a: Derp|p1a: yakuza
|move|p1a: yakuza|Knock Off|p2a: Derp
|-supereffective|p2a: Derp
|-damage|p2a: Derp|0 fnt
|-enditem|p2a: Derp|Life Orb|[from] move: Knock Off|[of] p1a: yakuza
|faint|p2a: Derp
|
|win|eduardoxmenezes
|raw|eduardoxmenezes's rating: 1058 → 1088(+30 for winning)
|raw|Ruface owl's rating: 1040 → 1025(-15 for losing)
|c|☆eduardoxmenezes|omg
|l|☆Ruface owl
