|ScrapeTime|2020-01-02-06:15:31
|j|☆sprinkles uncle
|j|☆Turned Out Fine
|player|p1|sprinkles uncle|dawn|1764
|player|p2|Turned Out Fine|lance-gen2|1769
|teamsize|p1|6
|teamsize|p2|6
|gametype|singles
|gen|8
|tier|[Gen 8] OU
|rated|
|rule|Sleep Clause Mod: Limit one foe put to sleep
|rule|Species Clause: Limit one of each Pokémon
|rule|OHKO Clause: OHKO moves are banned
|rule|Evasion Moves Clause: Evasion moves are banned
|rule|Endless Battle Clause: Forcing endless battles is banned
|rule|HP Percentage Mod: HP is shown in percentages
|clearpoke
|poke|p1|Seismitoad, M|
|poke|p1|Rotom-Mow|
|poke|p1|Cinderace, M|
|poke|p1|Aegislash, M|
|poke|p1|Sylveon, M|
|poke|p1|Hydreigon, F|
|poke|p2|Aegislash, M|
|poke|p2|Dragapult, M|
|poke|p2|Hydreigon, M|
|poke|p2|Cloyster, F|
|poke|p2|Obstagoon, M|
|poke|p2|Cinderace, F|
|rule|Dynamax Clause: You cannot dynamax
|teampreview
|inactive|Battle timer is ON: inactive players will automatically lose when time's up. (requested by Turned Out Fine)
|
|start
|switch|p1a: Sylveon|Sylveon, M|100/100
|switch|p2a: Cinderace|Cinderace, F|100/100
|turn|1
|
|switch|p1a: Seismitoad|Seismitoad, M|100/100
|move|p2a: Cinderace|Pyro Ball|p1a: Seismitoad
|-resisted|p1a: Seismitoad
|-damage|p1a: Seismitoad|77/100
|-status|p1a: Seismitoad|brn
|
|-heal|p1a: Seismitoad|83/100 brn|[from] item: Leftovers
|-damage|p1a: Seismitoad|77/100 brn|[from] brn
|upkeep
|turn|2
|
|move|p2a: Cinderace|U-turn|p1a: Seismitoad
|-damage|p1a: Seismitoad|58/100 brn
|
|switch|p2a: Obstagoon|Obstagoon, M|100/100|[from]move: U-turn
|move|p1a: Seismitoad|Stealth Rock|p2a: Obstagoon
|-sidestart|p2: Turned Out Fine|move: Stealth Rock
|
|-heal|p1a: Seismitoad|64/100 brn|[from] item: Leftovers
|-damage|p1a: Seismitoad|58/100 brn|[from] brn
|-status|p2a: Obstagoon|brn|[from] item: Flame Orb
|upkeep
|turn|3
|
|move|p2a: Obstagoon|Knock Off|p1a: Seismitoad
|-damage|p1a: Seismitoad|15/100 brn
|-enditem|p1a: Seismitoad|Leftovers|[from] move: Knock Off|[of] p2a: Obstagoon
|move|p1a: Seismitoad|Scald|p2a: Obstagoon
|-damage|p2a: Obstagoon|69/100 brn
|
|-damage|p2a: Obstagoon|63/100 brn|[from] brn
|-damage|p1a: Seismitoad|8/100 brn|[from] brn
|upkeep
|turn|4
|
|move|p2a: Obstagoon|Knock Off|p1a: Seismitoad
|-damage|p1a: Seismitoad|0 fnt
|faint|p1a: Seismitoad
|
|-damage|p2a: Obstagoon|57/100 brn|[from] brn
|upkeep
|j| Starplatinum01
|
|switch|p1a: Cinderace|Cinderace, M|100/100
|turn|5
|
|switch|p2a: Cinderace|Cinderace, F|100/100
|move|p1a: Cinderace|Pyro Ball|p2a: Cinderace|[miss]
|-miss|p1a: Cinderace|p2a: Cinderace
|
|upkeep
|turn|6
|j| JKongh
|
|move|p1a: Cinderace|Pyro Ball|p2a: Cinderace
|-resisted|p2a: Cinderace
|-damage|p2a: Cinderace|58/100
|move|p2a: Cinderace|Court Change|p2a: Cinderace
|-sideend|p2: Turned Out Fine|Stealth Rock|[silent]
|-sidestart|p1: sprinkles uncle|Stealth Rock|[silent]
|-activate|p2a: Cinderace|move: Court Change
|
|upkeep
|turn|7
|j| dominique cross
|
|move|p1a: Cinderace|Court Change|p1a: Cinderace
|-sideend|p1: sprinkles uncle|Stealth Rock|[silent]
|-sidestart|p2: Turned Out Fine|Stealth Rock|[silent]
|-activate|p1a: Cinderace|move: Court Change
|move|p2a: Cinderace|Court Change|p2a: Cinderace
|-sideend|p2: Turned Out Fine|Stealth Rock|[silent]
|-sidestart|p1: sprinkles uncle|Stealth Rock|[silent]
|-activate|p2a: Cinderace|move: Court Change
|
|upkeep
|turn|8
|
|move|p1a: Cinderace|Court Change|p1a: Cinderace
|-sideend|p1: sprinkles uncle|Stealth Rock|[silent]
|-sidestart|p2: Turned Out Fine|Stealth Rock|[silent]
|-activate|p1a: Cinderace|move: Court Change
|move|p2a: Cinderace|Pyro Ball|p1a: Cinderace
|-resisted|p1a: Cinderace
|-damage|p1a: Cinderace|57/100
|
|upkeep
|turn|9
|
|move|p1a: Cinderace|Pyro Ball|p2a: Cinderace
|-resisted|p2a: Cinderace
|-damage|p2a: Cinderace|15/100
|move|p2a: Cinderace|Court Change|p2a: Cinderace
|-sideend|p2: Turned Out Fine|Stealth Rock|[silent]
|-sidestart|p1: sprinkles uncle|Stealth Rock|[silent]
|-activate|p2a: Cinderace|move: Court Change
|
|upkeep
|turn|10
|
|move|p1a: Cinderace|Court Change|p1a: Cinderace
|-sideend|p1: sprinkles uncle|Stealth Rock|[silent]
|-sidestart|p2: Turned Out Fine|Stealth Rock|[silent]
|-activate|p1a: Cinderace|move: Court Change
|move|p2a: Cinderace|Court Change|p2a: Cinderace
|-sideend|p2: Turned Out Fine|Stealth Rock|[silent]
|-sidestart|p1: sprinkles uncle|Stealth Rock|[silent]
|-activate|p2a: Cinderace|move: Court Change
|
|upkeep
|turn|11
|
|switch|p2a: Dragapult|Dragapult, M|100/100
|move|p1a: Cinderace|Court Change|p1a: Cinderace
|-sideend|p1: sprinkles uncle|Stealth Rock|[silent]
|-sidestart|p2: Turned Out Fine|Stealth Rock|[silent]
|-activate|p1a: Cinderace|move: Court Change
|
|upkeep
|turn|12
|
|switch|p1a: Sylveon|Sylveon, M|100/100
|move|p2a: Dragapult|Dragon Darts|p1a: Sylveon
|-immune|p1a: Sylveon
|
|upkeep
|turn|13
|
|switch|p2a: Aegislash|Aegislash, M|100/100
|-damage|p2a: Aegislash|94/100|[from] Stealth Rock
|move|p1a: Sylveon|Hyper Voice|p2a: Aegislash
|-resisted|p2a: Aegislash
|-damage|p2a: Aegislash|75/100
|
|upkeep
|turn|14
|
|switch|p2a: Cinderace|Cinderace, F|15/100
|switch|p1a: Hydreigon|Hydreigon, F|100/100
|
|upkeep
|turn|15
|
|switch|p1a: Cinderace|Cinderace, M|57/100
|move|p2a: Cinderace|Court Change|p2a: Cinderace
|-sideend|p2: Turned Out Fine|Stealth Rock|[silent]
|-sidestart|p1: sprinkles uncle|Stealth Rock|[silent]
|-activate|p2a: Cinderace|move: Court Change
|
|upkeep
|turn|16
|
|move|p1a: Cinderace|Court Change|p1a: Cinderace
|-sideend|p1: sprinkles uncle|Stealth Rock|[silent]
|-sidestart|p2: Turned Out Fine|Stealth Rock|[silent]
|-activate|p1a: Cinderace|move: Court Change
|move|p2a: Cinderace|Pyro Ball|p1a: Cinderace
|-resisted|p1a: Cinderace
|-damage|p1a: Cinderace|0 fnt
|faint|p1a: Cinderace
|
|upkeep
|
|switch|p1a: Rotom|Rotom-Mow|100/100
|turn|17
|
|switch|p2a: Hydreigon|Hydreigon, M|100/100
|-damage|p2a: Hydreigon|88/100|[from] Stealth Rock
|move|p1a: Rotom|Volt Switch|p2a: Hydreigon
|-resisted|p2a: Hydreigon
|-damage|p2a: Hydreigon|73/100
|
|switch|p1a: Sylveon|Sylveon, M|100/100|[from]move: Volt Switch
|
|upkeep
|turn|18
|j| FM Blood
|
|move|p2a: Hydreigon|Flash Cannon|p1a: Sylveon
|-supereffective|p1a: Sylveon
|-damage|p1a: Sylveon|62/100
|-damage|p2a: Hydreigon|64/100|[from] item: Life Orb
|move|p1a: Sylveon|Hyper Voice|p2a: Hydreigon
|-supereffective|p2a: Hydreigon
|-damage|p2a: Hydreigon|0 fnt
|faint|p2a: Hydreigon
|
|-heal|p1a: Sylveon|68/100|[from] item: Leftovers
|upkeep
|
|switch|p2a: Cinderace|Cinderace, F|15/100
|turn|19
|
|move|p2a: Cinderace|Court Change|p2a: Cinderace
|-sideend|p2: Turned Out Fine|Stealth Rock|[silent]
|-sidestart|p1: sprinkles uncle|Stealth Rock|[silent]
|-activate|p2a: Cinderace|move: Court Change
|move|p1a: Sylveon|Hyper Voice|p2a: Cinderace
|-resisted|p2a: Cinderace
|-damage|p2a: Cinderace|0 fnt
|faint|p2a: Cinderace
|
|-heal|p1a: Sylveon|74/100|[from] item: Leftovers
|upkeep
|
|switch|p2a: Obstagoon|Obstagoon, M|57/100 brn
|turn|20
|
|move|p1a: Sylveon|Protect|p1a: Sylveon
|-singleturn|p1a: Sylveon|Protect
|move|p2a: Obstagoon|Facade|p1a: Sylveon
|-activate|p1a: Sylveon|move: Protect
|
|-heal|p1a: Sylveon|80/100|[from] item: Leftovers
|-damage|p2a: Obstagoon|51/100 brn|[from] brn
|upkeep
|turn|21
|
|switch|p1a: Aegislash|Aegislash, M|100/100
|-damage|p1a: Aegislash|95/100|[from] Stealth Rock
|move|p2a: Obstagoon|Facade|p1a: Aegislash
|-immune|p1a: Aegislash
|
|-damage|p2a: Obstagoon|45/100 brn|[from] brn
|upkeep
|turn|22
|
|move|p1a: Aegislash|King's Shield|p1a: Aegislash
|-singleturn|p1a: Aegislash|Protect
|move|p2a: Obstagoon|Knock Off|p1a: Aegislash
|-activate|p1a: Aegislash|move: Protect
|-unboost|p2a: Obstagoon|atk|1
|
|-damage|p2a: Obstagoon|39/100 brn|[from] brn
|upkeep
|turn|23
|
|switch|p1a: Rotom|Rotom-Mow|100/100
|-damage|p1a: Rotom|88/100|[from] Stealth Rock
|move|p2a: Obstagoon|Knock Off|p1a: Rotom
|-damage|p1a: Rotom|48/100
|-enditem|p1a: Rotom|Choice Scarf|[from] move: Knock Off|[of] p2a: Obstagoon
|
|-damage|p2a: Obstagoon|33/100 brn|[from] brn
|upkeep
|turn|24
|
|switch|p1a: Aegislash|Aegislash, M|95/100
|-damage|p1a: Aegislash|89/100|[from] Stealth Rock
|move|p2a: Obstagoon|Facade|p1a: Aegislash
|-immune|p1a: Aegislash
|
|-damage|p2a: Obstagoon|26/100 brn|[from] brn
|upkeep
|turn|25
|
|move|p1a: Aegislash|King's Shield|p1a: Aegislash
|-singleturn|p1a: Aegislash|Protect
|move|p2a: Obstagoon|Bulk Up|p2a: Obstagoon
|-boost|p2a: Obstagoon|atk|1
|-boost|p2a: Obstagoon|def|1
|
|-damage|p2a: Obstagoon|20/100 brn|[from] brn
|upkeep
|turn|26
|j| vusty
|
|switch|p1a: Rotom|Rotom-Mow|48/100
|-damage|p1a: Rotom|36/100|[from] Stealth Rock
|move|p2a: Obstagoon|Knock Off|p1a: Rotom
|-damage|p1a: Rotom|0 fnt
|faint|p1a: Rotom
|
|-damage|p2a: Obstagoon|14/100 brn|[from] brn
|upkeep
|
|switch|p1a: Aegislash|Aegislash, M|89/100
|-damage|p1a: Aegislash|83/100|[from] Stealth Rock
|turn|27
|
|move|p1a: Aegislash|King's Shield|p1a: Aegislash
|-singleturn|p1a: Aegislash|Protect
|move|p2a: Obstagoon|Knock Off|p1a: Aegislash
|-activate|p1a: Aegislash|move: Protect
|-unboost|p2a: Obstagoon|atk|1
|
|-damage|p2a: Obstagoon|8/100 brn|[from] brn
|upkeep
|turn|28
|
|switch|p1a: Sylveon|Sylveon, M|80/100
|-damage|p1a: Sylveon|68/100|[from] Stealth Rock
|move|p2a: Obstagoon|Knock Off|p1a: Sylveon
|-resisted|p1a: Sylveon
|-damage|p1a: Sylveon|42/100
|-enditem|p1a: Sylveon|Leftovers|[from] move: Knock Off|[of] p2a: Obstagoon
|
|-damage|p2a: Obstagoon|2/100 brn|[from] brn
|upkeep
|turn|29
|
|move|p1a: Sylveon|Protect|p1a: Sylveon
|-singleturn|p1a: Sylveon|Protect
|move|p2a: Obstagoon|Knock Off|p1a: Sylveon
|-activate|p1a: Sylveon|move: Protect
|
|-damage|p2a: Obstagoon|0 fnt|[from] brn
|faint|p2a: Obstagoon
|upkeep
|
|switch|p2a: Dragapult|Dragapult, M|100/100
|turn|30
|
|switch|p1a: Hydreigon|Hydreigon, F|100/100
|-damage|p1a: Hydreigon|88/100|[from] Stealth Rock
|move|p2a: Dragapult|Phantom Force||[still]
|-prepare|p2a: Dragapult|Phantom Force|p1a: Hydreigon
|
|-heal|p1a: Hydreigon|94/100|[from] item: Leftovers
|upkeep
|turn|31
|
|move|p2a: Dragapult|Phantom Force|p1a: Hydreigon|[from]lockedmove
|-resisted|p1a: Hydreigon
|-damage|p1a: Hydreigon|58/100
|-damage|p2a: Dragapult|91/100|[from] item: Life Orb
|move|p1a: Hydreigon|Dark Pulse|p2a: Dragapult
|-supereffective|p2a: Dragapult
|-damage|p2a: Dragapult|0 fnt
|faint|p2a: Dragapult
|
|-heal|p1a: Hydreigon|64/100|[from] item: Leftovers
|upkeep
|
|switch|p2a: Cloyster|Cloyster, F|100/100
|turn|32
|j| if you are young
|
|move|p1a: Hydreigon|Dark Pulse|p2a: Cloyster
|-enditem|p2a: Cloyster|Focus Sash
|-damage|p2a: Cloyster|1/100
|move|p2a: Cloyster|Shell Smash|p2a: Cloyster
|-unboost|p2a: Cloyster|def|1
|-unboost|p2a: Cloyster|spd|1
|-boost|p2a: Cloyster|atk|2
|-boost|p2a: Cloyster|spa|2
|-boost|p2a: Cloyster|spe|2
|
|-heal|p1a: Hydreigon|71/100|[from] item: Leftovers
|upkeep
|turn|33
|
|switch|p1a: Sylveon|Sylveon, M|42/100
|-damage|p1a: Sylveon|30/100|[from] Stealth Rock
|move|p2a: Cloyster|Icicle Spear|p1a: Sylveon
|-damage|p1a: Sylveon|1/100
|-damage|p1a: Sylveon|0 fnt
|-hitcount|p1a: Sylveon|2
|faint|p1a: Sylveon
|
|upkeep
|
|switch|p1a: Aegislash|Aegislash, M|83/100
|-damage|p1a: Aegislash|77/100|[from] Stealth Rock
|turn|34
|
|-formechange|p1a: Aegislash|Aegislash-Blade||[from] ability: Stance Change
|move|p1a: Aegislash|Shadow Sneak|p2a: Cloyster
|-damage|p2a: Cloyster|0 fnt
|faint|p2a: Cloyster
|
|upkeep
|
|switch|p2a: Aegislash|Aegislash, M|75/100
|turn|35
|
|-formechange|p2a: Aegislash|Aegislash-Blade||[from] ability: Stance Change
|move|p2a: Aegislash|Shadow Sneak|p1a: Aegislash
|-supereffective|p1a: Aegislash
|-damage|p1a: Aegislash|0 fnt
|-damage|p2a: Aegislash|65/100|[from] item: Life Orb
|faint|p1a: Aegislash
|
|upkeep
|
|switch|p1a: Hydreigon|Hydreigon, F|71/100
|-damage|p1a: Hydreigon|58/100|[from] Stealth Rock
|turn|36
|j| Frawg Master
|
|move|p1a: Hydreigon|Dark Pulse|p2a: Aegislash
|-supereffective|p2a: Aegislash
|-damage|p2a: Aegislash|0 fnt
|faint|p2a: Aegislash
|
|win|sprinkles uncle
|raw|sprinkles uncle's rating: 1764 → 1785(+21 for winning)
|raw|Turned Out Fine's rating: 1769 → 1748(-21 for losing)
|l|☆sprinkles uncle
|l|☆Turned Out Fine
|l| if you are young
|l| dominique cross
|l| Frawg Master
|l| Starplatinum01
|l| FM Blood
|j| FM Blood
