|ScrapeTime|2020-01-01-19:44:26
|j|☆AnAron304
|j|☆Ladderhopeful
|player|p1|AnAron304|266|1334
|player|p2|Ladderhopeful|1|1296
|teamsize|p1|6
|teamsize|p2|6
|gametype|singles
|gen|8
|tier|[Gen 8] OU
|rated|
|rule|Sleep Clause Mod: Limit one foe put to sleep
|rule|Species Clause: Limit one of each Pokémon
|rule|OHKO Clause: OHKO moves are banned
|rule|Evasion Moves Clause: Evasion moves are banned
|rule|Endless Battle Clause: Forcing endless battles is banned
|rule|HP Percentage Mod: HP is shown in percentages
|clearpoke
|poke|p1|Toxapex, F|
|poke|p1|Grimmsnarl, M|
|poke|p1|Toxtricity-Low-Key, M|
|poke|p1|Conkeldurr, F|
|poke|p1|Hydreigon, M|
|poke|p1|Cinderace, F|
|poke|p2|Gastrodon, F|
|poke|p2|Corviknight, M|
|poke|p2|Arcanine, M|
|poke|p2|Bisharp, F|
|poke|p2|Hawlucha, F|
|poke|p2|Grimmsnarl, M|
|rule|Dynamax Clause: You cannot dynamax
|teampreview
|inactive|Battle timer is ON: inactive players will automatically lose when time's up. (requested by Ladderhopeful)
|
|start
|switch|p1a: Hydreigon|Hydreigon, M|100/100
|switch|p2a: Arcanine|Arcanine, M|100/100
|-ability|p2a: Arcanine|Intimidate|boost
|-unboost|p1a: Hydreigon|atk|1
|turn|1
|
|switch|p1a: Toxapex|Toxapex, F|100/100
|move|p2a: Arcanine|Close Combat|p1a: Toxapex
|-resisted|p1a: Toxapex
|-damage|p1a: Toxapex|82/100
|-unboost|p2a: Arcanine|def|1
|-unboost|p2a: Arcanine|spd|1
|
|-heal|p1a: Toxapex|89/100|[from] item: Black Sludge
|upkeep
|turn|2
|
|switch|p2a: Gastrodon|Gastrodon, F|100/100
|move|p1a: Toxapex|Scald|p2a: Gastrodon
|-ability|p2a: Gastrodon|Storm Drain|boost
|-boost|p2a: Gastrodon|spa|1
|
|-heal|p1a: Toxapex|95/100|[from] item: Black Sludge
|upkeep
|turn|3
|
|move|p2a: Gastrodon|Earth Power|p1a: Toxapex
|-supereffective|p1a: Toxapex
|-damage|p1a: Toxapex|0 fnt
|faint|p1a: Toxapex
|
|upkeep
|
|switch|p1a: Hydreigon|Hydreigon, M|100/100
|turn|4
|
|switch|p2a: Corviknight|Corviknight, M|100/100
|move|p1a: Hydreigon|Substitute|p1a: Hydreigon
|-start|p1a: Hydreigon|Substitute
|-damage|p1a: Hydreigon|76/100
|
|-heal|p1a: Hydreigon|82/100|[from] item: Leftovers
|upkeep
|turn|5
|
|move|p1a: Hydreigon|Dark Pulse|p2a: Corviknight
|-damage|p2a: Corviknight|58/100
|move|p2a: Corviknight|Body Press|p1a: Hydreigon
|-supereffective|p1a: Hydreigon
|-end|p1a: Hydreigon|Substitute
|
|-heal|p1a: Hydreigon|88/100|[from] item: Leftovers
|-heal|p2a: Corviknight|64/100|[from] item: Leftovers
|upkeep
|turn|6
|
|switch|p1a: Toxtricity|Toxtricity-Low-Key, M|100/100
|move|p2a: Corviknight|Body Press|p1a: Toxtricity
|-resisted|p1a: Toxtricity
|-damage|p1a: Toxtricity|86/100
|
|-heal|p2a: Corviknight|70/100|[from] item: Leftovers
|upkeep
|turn|7
|inactive|Ladderhopeful has 120 seconds left.
|
|move|p1a: Toxtricity|Boomburst|p2a: Corviknight
|-resisted|p2a: Corviknight
|-damage|p2a: Corviknight|31/100
|move|p2a: Corviknight|Iron Head|p1a: Toxtricity
|-resisted|p1a: Toxtricity
|-crit|p1a: Toxtricity
|-damage|p1a: Toxtricity|47/100
|
|-heal|p2a: Corviknight|37/100|[from] item: Leftovers
|upkeep
|turn|8
|
|move|p1a: Toxtricity|Boomburst|p2a: Corviknight
|-resisted|p2a: Corviknight
|-damage|p2a: Corviknight|0 fnt
|faint|p2a: Corviknight
|
|upkeep
|
|switch|p2a: Bisharp|Bisharp, F|100/100
|turn|9
|
|switch|p1a: Conkeldurr|Conkeldurr, F|100/100
|move|p2a: Bisharp|Sucker Punch||[still]
|-fail|p2a: Bisharp
|
|-status|p1a: Conkeldurr|brn|[from] item: Flame Orb
|upkeep
|turn|10
|
|switch|p2a: Arcanine|Arcanine, M|100/100
|-ability|p2a: Arcanine|Intimidate|boost
|-unboost|p1a: Conkeldurr|atk|1
|move|p1a: Conkeldurr|Drain Punch|p2a: Arcanine
|-damage|p2a: Arcanine|42/100
|
|-damage|p1a: Conkeldurr|94/100 brn|[from] brn
|upkeep
|turn|11
|
|move|p2a: Arcanine|Flare Blitz|p1a: Conkeldurr
|-damage|p1a: Conkeldurr|24/100 brn
|-damage|p2a: Arcanine|12/100|[from] Recoil
|move|p1a: Conkeldurr|Drain Punch|p2a: Arcanine
|-damage|p2a: Arcanine|0 fnt
|-heal|p1a: Conkeldurr|29/100 brn|[from] drain|[of] p2a: Arcanine
|faint|p2a: Arcanine
|
|-damage|p1a: Conkeldurr|23/100 brn|[from] brn
|upkeep
|inactive|Ladderhopeful has 120 seconds left.
|
|switch|p2a: Grimmsnarl|Grimmsnarl, M|100/100
|turn|12
|inactive|AnAron304 has 120 seconds left.
|
|switch|p1a: Toxtricity|Toxtricity-Low-Key, M|47/100
|move|p2a: Grimmsnarl|Play Rough|p1a: Toxtricity|[miss]
|-miss|p2a: Grimmsnarl|p1a: Toxtricity
|
|upkeep
|turn|13
|inactive|Ladderhopeful has 120 seconds left.
|
|move|p1a: Toxtricity|Boomburst|p2a: Grimmsnarl
|-damage|p2a: Grimmsnarl|4/100
|move|p2a: Grimmsnarl|Darkest Lariat|p1a: Toxtricity
|-damage|p1a: Toxtricity|0 fnt
|faint|p1a: Toxtricity
|
|-heal|p2a: Grimmsnarl|10/100|[from] item: Leftovers
|upkeep
|inactive|AnAron304 has 90 seconds left.
|
|switch|p1a: Hydreigon|Hydreigon, M|88/100
|turn|14
|inactive|AnAron304 has 90 seconds left.
|
|move|p1a: Hydreigon|Substitute|p1a: Hydreigon
|-start|p1a: Hydreigon|Substitute
|-damage|p1a: Hydreigon|63/100
|move|p2a: Grimmsnarl|Play Rough|p1a: Hydreigon
|-supereffective|p1a: Hydreigon
|-end|p1a: Hydreigon|Substitute
|
|-heal|p1a: Hydreigon|69/100|[from] item: Leftovers
|-heal|p2a: Grimmsnarl|16/100|[from] item: Leftovers
|upkeep
|turn|15
|
|move|p1a: Hydreigon|Flash Cannon|p2a: Grimmsnarl
|-supereffective|p2a: Grimmsnarl
|-damage|p2a: Grimmsnarl|0 fnt
|faint|p2a: Grimmsnarl
|
|-heal|p1a: Hydreigon|75/100|[from] item: Leftovers
|upkeep
|inactive|Ladderhopeful has 120 seconds left.
|
|switch|p2a: Gastrodon|Gastrodon, F|100/100
|turn|16
|inactive|AnAron304 has 90 seconds left.
|
|move|p1a: Hydreigon|Substitute|p1a: Hydreigon
|-start|p1a: Hydreigon|Substitute
|-damage|p1a: Hydreigon|50/100
|move|p2a: Gastrodon|Sludge Bomb|p1a: Hydreigon
|-end|p1a: Hydreigon|Substitute
|
|-heal|p1a: Hydreigon|57/100|[from] item: Leftovers
|upkeep
|turn|17
|inactive|AnAron304 has 90 seconds left.
|
|move|p1a: Hydreigon|Dark Pulse|p2a: Gastrodon
|-damage|p2a: Gastrodon|62/100
|move|p2a: Gastrodon|Sludge Bomb|p1a: Hydreigon
|-damage|p1a: Hydreigon|8/100
|-status|p1a: Hydreigon|psn
|
|-heal|p1a: Hydreigon|14/100 psn|[from] item: Leftovers
|-damage|p1a: Hydreigon|1/100 psn|[from] psn
|upkeep
|turn|18
|
|switch|p2a: Hawlucha|Hawlucha, F|100/100
|move|p1a: Hydreigon|Dark Pulse|p2a: Hawlucha
|-resisted|p2a: Hawlucha
|-damage|p2a: Hawlucha|65/100
|
|-heal|p1a: Hydreigon|8/100 psn|[from] item: Leftovers
|-damage|p1a: Hydreigon|0 fnt|[from] psn
|faint|p1a: Hydreigon
|upkeep
|
|switch|p1a: Cinderace|Cinderace, F|100/100
|turn|19
|
|move|p1a: Cinderace|Pyro Ball|p2a: Hawlucha
|-damage|p2a: Hawlucha|0 fnt
|faint|p2a: Hawlucha
|
|upkeep
|
|switch|p2a: Gastrodon|Gastrodon, F|62/100
|turn|20
|inactive|AnAron304 has 90 seconds left.
|
|move|p1a: Cinderace|U-turn|p2a: Gastrodon
|-damage|p2a: Gastrodon|37/100
|
|switch|p1a: Grimmsnarl|Grimmsnarl, M|100/100|[from]move: U-turn
|move|p2a: Gastrodon|Earth Power|p1a: Grimmsnarl
|-damage|p1a: Grimmsnarl|32/100
|-unboost|p1a: Grimmsnarl|spd|1
|
|upkeep
|turn|21
|
|move|p1a: Grimmsnarl|Play Rough|p2a: Gastrodon
|-damage|p2a: Gastrodon|0 fnt
|faint|p2a: Gastrodon
|
|upkeep
|
|switch|p2a: Bisharp|Bisharp, F|100/100
|turn|22
|
|move|p1a: Grimmsnarl|Play Rough|p2a: Bisharp
|-damage|p2a: Bisharp|51/100
|move|p2a: Bisharp|Iron Head|p1a: Grimmsnarl
|-supereffective|p1a: Grimmsnarl
|-damage|p1a: Grimmsnarl|0 fnt
|faint|p1a: Grimmsnarl
|
|upkeep
|
|switch|p1a: Cinderace|Cinderace, F|100/100
|turn|23
|
|move|p2a: Bisharp|Sucker Punch|p1a: Cinderace
|-damage|p1a: Cinderace|46/100
|move|p1a: Cinderace|Pyro Ball|p2a: Bisharp|[miss]
|-miss|p1a: Cinderace|p2a: Bisharp
|
|upkeep
|turn|24
|inactive|AnAron304 has 90 seconds left.
|
|switch|p1a: Conkeldurr|Conkeldurr, F|23/100 brn
|move|p2a: Bisharp|Sucker Punch||[still]
|-fail|p2a: Bisharp
|
|-damage|p1a: Conkeldurr|17/100 brn|[from] brn
|upkeep
|turn|25
|
|move|p2a: Bisharp|Sucker Punch|p1a: Conkeldurr
|-resisted|p1a: Conkeldurr
|-damage|p1a: Conkeldurr|0 fnt
|faint|p1a: Conkeldurr
|
|upkeep
|
|switch|p1a: Cinderace|Cinderace, F|46/100
|turn|26
|
|move|p2a: Bisharp|Sucker Punch||[still]
|-fail|p2a: Bisharp
|move|p1a: Cinderace|Court Change||[still]
|-fail|p1a: Cinderace
|
|upkeep
|turn|27
|
|move|p2a: Bisharp|Sucker Punch|p1a: Cinderace
|-damage|p1a: Cinderace|0 fnt
|faint|p1a: Cinderace
|
|win|Ladderhopeful
|l|☆AnAron304
|c|☆Ladderhopeful|Gg
|raw|AnAron304's rating: 1335 → 1311(-24 for losing)
|raw|Ladderhopeful's rating: 1272 → 1302(+30 for winning)
