|ScrapeTime|2020-01-01-11:45:56
|j|☆lucas lan 2
|j|☆gabrieluco
|player|p1|lucas lan 2|blackbelt|1039
|player|p2|gabrieluco|162|1068
|teamsize|p1|6
|teamsize|p2|6
|gametype|singles
|gen|8
|tier|[Gen 8] OU
|rated|
|rule|Sleep Clause Mod: Limit one foe put to sleep
|rule|Species Clause: Limit one of each Pokémon
|rule|OHKO Clause: OHKO moves are banned
|rule|Evasion Moves Clause: Evasion moves are banned
|rule|Endless Battle Clause: Forcing endless battles is banned
|rule|HP Percentage Mod: HP is shown in percentages
|clearpoke
|poke|p1|Dracozolt|
|poke|p1|Dracovish|
|poke|p1|Cinderace, F|
|poke|p1|Rotom-Heat|
|poke|p1|Toxtricity-Low-Key, F|
|poke|p1|Togekiss, M|
|poke|p2|Appletun, F|
|poke|p2|Flapple, M|
|poke|p2|Corsola-Galar, F|
|poke|p2|Duraludon, M|
|poke|p2|Toxtricity-Low-Key, M|
|poke|p2|Barraskewda, F|
|rule|Dynamax Clause: You cannot dynamax
|teampreview
|
|start
|switch|p1a: Rotom|Rotom-Heat, shiny|100/100
|switch|p2a: Toxtricity|Toxtricity-Low-Key, M|100/100
|turn|1
|
|move|p1a: Rotom|Overheat|p2a: Toxtricity
|-damage|p2a: Toxtricity|0 fnt
|-unboost|p1a: Rotom|spa|2
|faint|p2a: Toxtricity
|
|upkeep
|
|switch|p2a: Barraskewda|Barraskewda, F|100/100
|turn|2
|
|switch|p1a: Dracozolt|Dracozolt|100/100
|move|p2a: Barraskewda|Waterfall|p1a: Dracozolt
|-resisted|p1a: Dracozolt
|-damage|p1a: Dracozolt|82/100
|
|upkeep
|turn|3
|
|switch|p2a: Appletun|Appletun, F|100/100
|move|p1a: Dracozolt|Bolt Beak|p2a: Appletun
|-resisted|p2a: Appletun
|-damage|p2a: Appletun|72/100
|
|upkeep
|turn|4
|
|switch|p1a: Rotom|Rotom-Heat, shiny|100/100
|move|p2a: Appletun|Reflect|p2a: Appletun
|-sidestart|p2: gabrieluco|Reflect
|
|upkeep
|turn|5
|
|move|p1a: Rotom|Overheat|p2a: Appletun
|-damage|p2a: Appletun|27/100
|-unboost|p1a: Rotom|spa|2
|move|p2a: Appletun|Light Screen|p2a: Appletun
|-sidestart|p2: gabrieluco|move: Light Screen
|
|upkeep
|turn|6
|
|switch|p1a: Togekiss|Togekiss, M|100/100
|move|p2a: Appletun|Draco Meteor|p1a: Togekiss
|-immune|p1a: Togekiss
|
|upkeep
|turn|7
|
|move|p1a: Togekiss|Dazzling Gleam|p2a: Appletun
|-supereffective|p2a: Appletun
|-damage|p2a: Appletun|0 fnt
|-damage|p1a: Togekiss|91/100|[from] item: Life Orb
|faint|p2a: Appletun
|
|upkeep
|
|switch|p2a: Duraludon|Duraludon, M|100/100
|turn|8
|
|switch|p1a: Dracozolt|Dracozolt|82/100
|move|p2a: Duraludon|Draco Meteor|p1a: Dracozolt
|-supereffective|p1a: Dracozolt
|-crit|p1a: Dracozolt
|-damage|p1a: Dracozolt|0 fnt
|-unboost|p2a: Duraludon|spa|2
|faint|p1a: Dracozolt
|
|upkeep
|
|switch|p1a: Cinderace|Cinderace, F|100/100
|turn|9
|
|move|p1a: Cinderace|High Jump Kick|p2a: Duraludon
|-supereffective|p2a: Duraludon
|-damage|p2a: Duraludon|39/100
|-damage|p1a: Cinderace|91/100|[from] item: Life Orb
|move|p2a: Duraludon|Draco Meteor|p1a: Cinderace
|-damage|p1a: Cinderace|27/100
|-unboost|p2a: Duraludon|spa|2
|
|upkeep
|turn|10
|
|switch|p2a: Corsola|Corsola-Galar, F|100/100
|move|p1a: Cinderace|High Jump Kick|p2a: Corsola
|-immune|p2a: Corsola
|-damage|p1a: Cinderace|0 fnt|[from] highjumpkick
|faint|p1a: Cinderace
|
|upkeep
|
|switch|p1a: Toxtricity|Toxtricity-Low-Key, F|100/100
|turn|11
|
|move|p1a: Toxtricity|Toxic|p2a: Corsola
|-status|p2a: Corsola|tox
|move|p2a: Corsola|Hex|p1a: Toxtricity
|-damage|p1a: Toxtricity|76/100
|
|-damage|p2a: Corsola|94/100 tox|[from] psn
|-sideend|p2: gabrieluco|Reflect
|upkeep
|turn|12
|inactive|Battle timer is ON: inactive players will automatically lose when time's up. (requested by lucas lan 2)
|
|move|p1a: Toxtricity|Overdrive|p2a: Corsola
|-damage|p2a: Corsola|75/100 tox
|-damage|p1a: Toxtricity|66/100|[from] item: Life Orb
|move|p2a: Corsola|Will-O-Wisp|p1a: Toxtricity
|-status|p1a: Toxtricity|brn
|
|-damage|p1a: Toxtricity|60/100 brn|[from] brn
|-damage|p2a: Corsola|63/100 tox|[from] psn
|-sideend|p2: gabrieluco|move: Light Screen
|upkeep
|turn|13
|
|move|p1a: Toxtricity|Overdrive|p2a: Corsola
|-damage|p2a: Corsola|24/100 tox
|-damage|p1a: Toxtricity|50/100 brn|[from] item: Life Orb
|move|p2a: Corsola|Hex|p1a: Toxtricity
|-damage|p1a: Toxtricity|0 fnt
|faint|p1a: Toxtricity
|
|-damage|p2a: Corsola|6/100 tox|[from] psn
|upkeep
|
|switch|p1a: Togekiss|Togekiss, M|91/100
|turn|14
|
|move|p1a: Togekiss|Ancient Power|p2a: Corsola
|-damage|p2a: Corsola|0 fnt
|-boost|p1a: Togekiss|atk|1
|-boost|p1a: Togekiss|def|1
|-boost|p1a: Togekiss|spa|1
|-boost|p1a: Togekiss|spd|1
|-boost|p1a: Togekiss|spe|1
|-damage|p1a: Togekiss|81/100|[from] item: Life Orb
|faint|p2a: Corsola
|
|upkeep
|
|switch|p2a: Duraludon|Duraludon, M|39/100
|turn|15
|
|move|p1a: Togekiss|Dazzling Gleam|p2a: Duraludon
|-damage|p2a: Duraludon|0 fnt
|-damage|p1a: Togekiss|71/100|[from] item: Life Orb
|faint|p2a: Duraludon
|
|upkeep
|
|switch|p2a: Barraskewda|Barraskewda, F|100/100
|turn|16
|
|move|p2a: Barraskewda|Waterfall|p1a: Togekiss
|-damage|p1a: Togekiss|41/100
|move|p1a: Togekiss|Air Slash|p2a: Barraskewda
|-damage|p2a: Barraskewda|0 fnt
|-damage|p1a: Togekiss|31/100|[from] item: Life Orb
|faint|p2a: Barraskewda
|
|upkeep
|
|switch|p2a: Flapple|Flapple, M|100/100
|turn|17
|
|move|p1a: Togekiss|Dazzling Gleam|p2a: Flapple
|-supereffective|p2a: Flapple
|-damage|p2a: Flapple|0 fnt
|-damage|p1a: Togekiss|21/100|[from] item: Life Orb
|faint|p2a: Flapple
|
|win|lucas lan 2
|raw|lucas lan 2's rating: 1039 → 1076(+37 for winning)
|raw|gabrieluco's rating: 1068 → 1046(-22 for losing)
|l|☆gabrieluco
