|ScrapeTime|2020-01-02-11:14:33
|j|☆Utfhhtdg
|j|☆BloodSnail
|player|p1|Utfhhtdg|102|1000
|player|p2|BloodSnail|170|1022
|teamsize|p1|6
|teamsize|p2|6
|gametype|singles
|gen|8
|tier|[Gen 8] OU
|rated|
|rule|Sleep Clause Mod: Limit one foe put to sleep
|rule|Species Clause: Limit one of each Pokémon
|rule|OHKO Clause: OHKO moves are banned
|rule|Evasion Moves Clause: Evasion moves are banned
|rule|Endless Battle Clause: Forcing endless battles is banned
|rule|HP Percentage Mod: HP is shown in percentages
|clearpoke
|poke|p1|Hydreigon, F|
|poke|p1|Seismitoad, M|
|poke|p1|Aegislash, F|
|poke|p1|Clefable, F|
|poke|p1|Corviknight, M|
|poke|p1|Rotom-Heat|
|poke|p2|Rotom-Heat|
|poke|p2|Grimmsnarl, M|
|poke|p2|Dracovish|
|poke|p2|Seismitoad, F|
|poke|p2|Dugtrio, M|
|poke|p2|Sylveon, F|
|rule|Dynamax Clause: You cannot dynamax
|teampreview
|
|start
|switch|p1a: Aegislash|Aegislash, F|100/100
|switch|p2a: Seismitoad|Seismitoad, F|100/100
|turn|1
|inactive|Battle timer is ON: inactive players will automatically lose when time's up. (requested by BloodSnail)
|
|-formechange|p1a: Aegislash|Aegislash-Blade||[from] ability: Stance Change
|move|p1a: Aegislash|Close Combat|p2a: Seismitoad
|-damage|p2a: Seismitoad|46/100
|-unboost|p1a: Aegislash|def|1
|-unboost|p1a: Aegislash|spd|1
|move|p2a: Seismitoad|Stealth Rock|p1a: Aegislash
|-sidestart|p1: Utfhhtdg|move: Stealth Rock
|
|-heal|p2a: Seismitoad|52/100|[from] item: Leftovers
|upkeep
|turn|2
|
|switch|p2a: Grimmsnarl|Grimmsnarl, M|100/100
|move|p1a: Aegislash|Close Combat|p2a: Grimmsnarl
|-damage|p2a: Grimmsnarl|0 fnt
|-unboost|p1a: Aegislash|def|1
|-unboost|p1a: Aegislash|spd|1
|faint|p2a: Grimmsnarl
|
|upkeep
|
|switch|p2a: Sylveon|Sylveon, F|100/100
|turn|3
|
|switch|p1a: Clefable|Clefable, F|100/100
|move|p2a: Sylveon|Protect||[still]
|-fail|p2a: Sylveon
|
|upkeep
|turn|4
|
|switch|p1a: Corviknight|Corviknight, M|100/100
|-damage|p1a: Corviknight|88/100|[from] Stealth Rock
|-ability|p1a: Corviknight|Pressure
|move|p2a: Sylveon|Wish|p2a: Sylveon
|
|-heal|p1a: Corviknight|94/100|[from] item: Leftovers
|upkeep
|turn|5
|
|move|p1a: Corviknight|Defog|p2a: Sylveon
|-unboost|p2a: Sylveon|evasion|1
|-sideend|p1: Utfhhtdg|Stealth Rock|[from] move: Defog|[of] p1a: Corviknight
|move|p2a: Sylveon|Mystical Fire|p1a: Corviknight
|-supereffective|p1a: Corviknight
|-damage|p1a: Corviknight|66/100
|-unboost|p1a: Corviknight|spa|1
|
|-heal|p1a: Corviknight|72/100|[from] item: Leftovers
|upkeep
|turn|6
|inactive|Utfhhtdg has 120 seconds left.
|
|switch|p1a: Rotom|Rotom-Heat|100/100
|move|p2a: Sylveon|Hyper Voice|p1a: Rotom
|-resisted|p1a: Rotom
|-damage|p1a: Rotom|73/100
|
|upkeep
|turn|7
|
|move|p2a: Sylveon|Protect|p2a: Sylveon
|-singleturn|p2a: Sylveon|Protect
|move|p1a: Rotom|Trick|p2a: Sylveon
|-activate|p2a: Sylveon|move: Protect
|
|upkeep
|turn|8
|
|switch|p1a: Hydreigon|Hydreigon, F|100/100
|switch|p2a: Seismitoad|Seismitoad, F|52/100
|
|-heal|p2a: Seismitoad|58/100|[from] item: Leftovers
|upkeep
|turn|9
|
|move|p1a: Hydreigon|Dark Pulse|p2a: Seismitoad
|-damage|p2a: Seismitoad|19/100
|move|p2a: Seismitoad|Stealth Rock|p1a: Hydreigon
|-sidestart|p1: Utfhhtdg|move: Stealth Rock
|
|-heal|p2a: Seismitoad|25/100|[from] item: Leftovers
|upkeep
|turn|10
|
|switch|p2a: Sylveon|Sylveon, F|100/100
|move|p1a: Hydreigon|Flash Cannon|p2a: Sylveon
|-supereffective|p2a: Sylveon
|-damage|p2a: Sylveon|67/100
|
|-heal|p2a: Sylveon|73/100|[from] item: Leftovers
|upkeep
|turn|11
|
|switch|p1a: Aegislash|Aegislash, F|100/100
|-damage|p1a: Aegislash|94/100|[from] Stealth Rock
|move|p2a: Sylveon|Protect||[still]
|-fail|p2a: Sylveon
|
|-heal|p2a: Sylveon|79/100|[from] item: Leftovers
|upkeep
|turn|12
|
|-formechange|p1a: Aegislash|Aegislash-Blade||[from] ability: Stance Change
|move|p1a: Aegislash|Shadow Claw|p2a: Sylveon
|-damage|p2a: Sylveon|26/100
|move|p2a: Sylveon|Mystical Fire|p1a: Aegislash
|-supereffective|p1a: Aegislash
|-damage|p1a: Aegislash|10/100
|-unboost|p1a: Aegislash|spa|1
|
|-heal|p2a: Sylveon|32/100|[from] item: Leftovers
|upkeep
|turn|13
|
|move|p1a: Aegislash|Shadow Claw|p2a: Sylveon
|-damage|p2a: Sylveon|0 fnt
|faint|p2a: Sylveon
|
|upkeep
|
|switch|p2a: Dugtrio|Dugtrio, M|100/100
|turn|14
|
|switch|p1a: Corviknight|Corviknight, M|72/100
|-damage|p1a: Corviknight|59/100|[from] Stealth Rock
|-ability|p1a: Corviknight|Pressure
|move|p2a: Dugtrio|Earthquake|p1a: Corviknight
|-immune|p1a: Corviknight
|
|-heal|p1a: Corviknight|66/100|[from] item: Leftovers
|upkeep
|turn|15
|inactive|Utfhhtdg has 120 seconds left.
|
|move|p2a: Dugtrio|Screech|p1a: Corviknight
|-unboost|p1a: Corviknight|def|2
|move|p1a: Corviknight|Defog|p2a: Dugtrio
|-unboost|p2a: Dugtrio|evasion|1
|-sideend|p1: Utfhhtdg|Stealth Rock|[from] move: Defog|[of] p1a: Corviknight
|
|-heal|p1a: Corviknight|72/100|[from] item: Leftovers
|upkeep
|turn|16
|inactive|Utfhhtdg has 120 seconds left.
|
|move|p2a: Dugtrio|Sucker Punch|p1a: Corviknight
|-damage|p1a: Corviknight|45/100
|move|p1a: Corviknight|Brave Bird|p2a: Dugtrio
|-enditem|p2a: Dugtrio|Focus Sash
|-damage|p2a: Dugtrio|1/100
|-damage|p1a: Corviknight|28/100|[from] Recoil
|
|-heal|p1a: Corviknight|34/100|[from] item: Leftovers
|upkeep
|turn|17
|
|move|p2a: Dugtrio|Sucker Punch||[still]
|-fail|p2a: Dugtrio
|move|p1a: Corviknight|Roost|p1a: Corviknight
|-heal|p1a: Corviknight|84/100
|-singleturn|p1a: Corviknight|move: Roost
|
|-heal|p1a: Corviknight|91/100|[from] item: Leftovers
|upkeep
|turn|18
|
|move|p2a: Dugtrio|Reversal|p1a: Corviknight
|-damage|p1a: Corviknight|13/100
|move|p1a: Corviknight|Brave Bird|p2a: Dugtrio
|-damage|p2a: Dugtrio|0 fnt
|-damage|p1a: Corviknight|13/100|[from] Recoil
|faint|p2a: Dugtrio
|
|-heal|p1a: Corviknight|19/100|[from] item: Leftovers
|upkeep
|
|switch|p2a: Dracovish|Dracovish|100/100
|turn|19
|inactive|Utfhhtdg has 120 seconds left.
|
|move|p2a: Dracovish|Fishious Rend|p1a: Corviknight
|-damage|p1a: Corviknight|0 fnt
|faint|p1a: Corviknight
|
|upkeep
|inactive|Utfhhtdg has 120 seconds left.
|
|switch|p1a: Seismitoad|Seismitoad, M|100/100
|turn|20
|inactive|Utfhhtdg has 120 seconds left.
|-message|BloodSnail forfeited.
|
|win|Utfhhtdg
|l|☆BloodSnail
|raw|Utfhhtdg's rating: 1000 → 1043(+43 for winning)
|raw|BloodSnail's rating: 1022 → 1008(-14 for losing)
