|ScrapeTime|2020-01-01-22:45:17
|j|☆Pokemon192837465
|j|☆itsartzyy
|player|p1|Pokemon192837465|nate|1143
|player|p2|itsartzyy|blue|1186
|teamsize|p1|6
|teamsize|p2|6
|gametype|singles
|gen|8
|tier|[Gen 8] OU
|rated|
|rule|Sleep Clause Mod: Limit one foe put to sleep
|rule|Species Clause: Limit one of each Pokémon
|rule|OHKO Clause: OHKO moves are banned
|rule|Evasion Moves Clause: Evasion moves are banned
|rule|Endless Battle Clause: Forcing endless battles is banned
|rule|HP Percentage Mod: HP is shown in percentages
|clearpoke
|poke|p1|Corviknight, M|
|poke|p1|Ditto|
|poke|p1|Dracovish|
|poke|p1|Cinderace, M|
|poke|p1|Thievul, F|
|poke|p1|Dubwool, F|
|poke|p2|Weavile, F|
|poke|p2|Jellicent, M|
|poke|p2|Mandibuzz, F|
|poke|p2|Duraludon, F|
|poke|p2|Rotom-Heat|
|poke|p2|Gardevoir, F|
|rule|Dynamax Clause: You cannot dynamax
|teampreview
|inactive|Battle timer is ON: inactive players will automatically lose when time's up. (requested by Pokemon192837465)
|
|start
|switch|p1a: Ditto|Ditto|100/100
|switch|p2a: Gardevoir|Gardevoir, F|100/100
|-transform|p1a: Ditto|p2a: Gardevoir|[from] ability: Imposter
|turn|1
|
|move|p1a: Ditto|Moonblast|p2a: Gardevoir
|-damage|p2a: Gardevoir|52/100
|move|p2a: Gardevoir|Mystical Fire|p1a: Ditto
|-damage|p1a: Ditto|63/100
|-unboost|p1a: Ditto|spa|1
|
|upkeep
|turn|2
|
|switch|p1a: Dracovish|Dracovish|100/100
|-ability|p2a: Gardevoir|Strong Jaw|[from] ability: Trace|[of] p1a: Dracovish
|move|p2a: Gardevoir|Mystical Fire|p1a: Dracovish
|-resisted|p1a: Dracovish
|-damage|p1a: Dracovish|89/100
|-unboost|p1a: Dracovish|spa|1
|
|upkeep
|turn|3
|
|switch|p2a: Jellicent|Jellicent, M|100/100
|move|p1a: Dracovish|Fishious Rend|p2a: Jellicent
|-resisted|p2a: Jellicent
|-damage|p2a: Jellicent|61/100
|
|-heal|p2a: Jellicent|67/100|[from] item: Leftovers
|upkeep
|turn|4
|
|switch|p1a: Dubwool|Dubwool, F|100/100
|move|p2a: Jellicent|Strength Sap|p1a: Dubwool
|-unboost|p1a: Dubwool|atk|1
|-heal|p2a: Jellicent|100/100
|
|upkeep
|turn|5
|
|move|p1a: Dubwool|Cotton Guard|p1a: Dubwool
|-boost|p1a: Dubwool|def|3
|move|p2a: Jellicent|Taunt|p1a: Dubwool
|-start|p1a: Dubwool|move: Taunt
|
|upkeep
|turn|6
|
|move|p1a: Dubwool|Payback|p2a: Jellicent
|-supereffective|p2a: Jellicent
|-damage|p2a: Jellicent|91/100
|move|p2a: Jellicent|Will-O-Wisp|p1a: Dubwool
|-status|p1a: Dubwool|brn
|
|-heal|p2a: Jellicent|97/100|[from] item: Leftovers
|-damage|p1a: Dubwool|94/100 brn|[from] brn
|upkeep
|turn|7
|
|switch|p1a: Ditto|Ditto|63/100
|-transform|p1a: Ditto|p2a: Jellicent|[from] ability: Imposter
|switch|p2a: Gardevoir|Gardevoir, F|52/100
|-ability|p2a: Gardevoir|Cursed Body|[from] ability: Trace|[of] p1a: Ditto
|
|upkeep
|turn|8
|
|switch|p1a: Cinderace|Cinderace, M|100/100
|move|p2a: Gardevoir|Energy Ball|p1a: Cinderace
|-resisted|p1a: Cinderace
|-damage|p1a: Cinderace|69/100
|-unboost|p1a: Cinderace|spd|1
|
|upkeep
|turn|9
|
|switch|p2a: Rotom|Rotom-Heat|100/100
|move|p1a: Cinderace|U-turn|p2a: Rotom
|-resisted|p2a: Rotom
|-damage|p2a: Rotom|86/100
|
|switch|p1a: Dracovish|Dracovish|89/100|[from]move: U-turn
|
|upkeep
|turn|10
|
|switch|p2a: Jellicent|Jellicent, M|97/100
|move|p1a: Dracovish|Crunch|p2a: Jellicent
|-supereffective|p2a: Jellicent
|-damage|p2a: Jellicent|42/100
|-start|p1a: Dracovish|Disable|Crunch|[from] ability: Cursed Body|[of] p2a: Jellicent
|
|-heal|p2a: Jellicent|48/100|[from] item: Leftovers
|upkeep
|turn|11
|
|switch|p1a: Dubwool|Dubwool, F|94/100 brn
|move|p2a: Jellicent|Strength Sap|p1a: Dubwool
|-unboost|p1a: Dubwool|atk|1
|-heal|p2a: Jellicent|92/100
|
|-heal|p1a: Dubwool|100/100 brn|[from] item: Leftovers
|-heal|p2a: Jellicent|98/100|[from] item: Leftovers
|-damage|p1a: Dubwool|94/100 brn|[from] brn
|upkeep
|turn|12
|
|switch|p1a: Thievul|Thievul, F|100/100
|move|p2a: Jellicent|Taunt|p1a: Thievul
|-start|p1a: Thievul|move: Taunt
|
|-heal|p2a: Jellicent|100/100|[from] item: Leftovers
|upkeep
|turn|13
|
|switch|p2a: Mandibuzz|Mandibuzz, F|100/100
|move|p1a: Thievul|Dark Pulse|p2a: Mandibuzz
|-resisted|p2a: Mandibuzz
|-damage|p2a: Mandibuzz|91/100
|
|upkeep
|turn|14
|
|switch|p1a: Ditto|Ditto|63/100
|-transform|p1a: Ditto|p2a: Mandibuzz|[from] ability: Imposter
|move|p2a: Mandibuzz|Knock Off|p1a: Ditto
|-resisted|p1a: Ditto
|-damage|p1a: Ditto|50/100
|-enditem|p1a: Ditto|Choice Scarf|[from] move: Knock Off|[of] p2a: Mandibuzz
|
|upkeep
|turn|15
|
|move|p2a: Mandibuzz|Toxic|p1a: Ditto
|-status|p1a: Ditto|tox
|move|p1a: Ditto|Toxic|p2a: Mandibuzz
|-status|p2a: Mandibuzz|tox
|
|-damage|p2a: Mandibuzz|84/100 tox|[from] psn
|-damage|p1a: Ditto|44/100 tox|[from] psn
|upkeep
|turn|16
|
|switch|p2a: Gardevoir|Gardevoir, F|52/100
|-ability|p2a: Gardevoir|Big Pecks|[from] ability: Trace|[of] p1a: Ditto
|move|p1a: Ditto|Roost|p1a: Ditto
|-heal|p1a: Ditto|94/100 tox
|-singleturn|p1a: Ditto|move: Roost
|
|-damage|p1a: Ditto|82/100 tox|[from] psn
|upkeep
|turn|17
|
|switch|p1a: Corviknight|Corviknight, M|100/100
|-ability|p1a: Corviknight|Pressure
|move|p2a: Gardevoir|Mystical Fire|p1a: Corviknight
|-supereffective|p1a: Corviknight
|-damage|p1a: Corviknight|47/100
|-unboost|p1a: Corviknight|spa|1
|
|-heal|p1a: Corviknight|53/100|[from] item: Leftovers
|upkeep
|turn|18
|
|switch|p1a: Dracovish|Dracovish|89/100
|move|p2a: Gardevoir|Mystical Fire|p1a: Dracovish
|-resisted|p1a: Dracovish
|-damage|p1a: Dracovish|76/100
|-unboost|p1a: Dracovish|spa|1
|
|upkeep
|turn|19
|
|switch|p2a: Jellicent|Jellicent, M|100/100
|move|p1a: Dracovish|Crunch|p2a: Jellicent
|-supereffective|p2a: Jellicent
|-damage|p2a: Jellicent|46/100
|
|-heal|p2a: Jellicent|52/100|[from] item: Leftovers
|upkeep
|turn|20
|
|switch|p2a: Gardevoir|Gardevoir, F|52/100
|-ability|p2a: Gardevoir|Strong Jaw|[from] ability: Trace|[of] p1a: Dracovish
|move|p1a: Dracovish|Crunch|p2a: Gardevoir
|-damage|p2a: Gardevoir|0 fnt
|faint|p2a: Gardevoir
|
|upkeep
|
|switch|p2a: Duraludon|Duraludon, F|100/100
|turn|21
|
|switch|p1a: Corviknight|Corviknight, M|53/100
|-ability|p1a: Corviknight|Pressure
|move|p2a: Duraludon|Thunderbolt|p1a: Corviknight
|-supereffective|p1a: Corviknight
|-damage|p1a: Corviknight|7/100
|
|-heal|p1a: Corviknight|13/100|[from] item: Leftovers
|upkeep
|turn|22
|
|switch|p1a: Ditto|Ditto|82/100 tox
|-transform|p1a: Ditto|p2a: Duraludon|[from] ability: Imposter
|move|p2a: Duraludon|Thunderbolt|p1a: Ditto
|-resisted|p1a: Ditto
|-damage|p1a: Ditto|47/100 tox
|
|-damage|p1a: Ditto|41/100 tox|[from] psn
|upkeep
|turn|23
|
|switch|p2a: Mandibuzz|Mandibuzz, F|84/100 tox
|move|p1a: Ditto|Draco Meteor|p2a: Mandibuzz|[miss]
|-miss|p1a: Ditto|p2a: Mandibuzz
|
|-damage|p1a: Ditto|29/100 tox|[from] psn
|-damage|p2a: Mandibuzz|78/100 tox|[from] psn
|upkeep
|turn|24
|
|move|p1a: Ditto|Thunderbolt|p2a: Mandibuzz
|-supereffective|p2a: Mandibuzz
|-damage|p2a: Mandibuzz|39/100 tox
|move|p2a: Mandibuzz|Knock Off|p1a: Ditto
|-damage|p1a: Ditto|11/100 tox
|
|-damage|p1a: Ditto|0 fnt|[from] psn
|faint|p1a: Ditto
|-damage|p2a: Mandibuzz|27/100 tox|[from] psn
|upkeep
|
|switch|p1a: Corviknight|Corviknight, M|13/100
|-ability|p1a: Corviknight|Pressure
|turn|25
|
|move|p2a: Mandibuzz|Knock Off|p1a: Corviknight
|-damage|p1a: Corviknight|0 fnt
|-enditem|p1a: Corviknight|Leftovers|[from] move: Knock Off|[of] p2a: Mandibuzz
|faint|p1a: Corviknight
|
|-damage|p2a: Mandibuzz|9/100 tox|[from] psn
|upkeep
|
|switch|p1a: Dracovish|Dracovish|76/100
|turn|26
|
|move|p1a: Dracovish|Crunch|p2a: Mandibuzz
|-resisted|p2a: Mandibuzz
|-damage|p2a: Mandibuzz|0 fnt
|faint|p2a: Mandibuzz
|
|upkeep
|
|switch|p2a: Weavile|Weavile, F, shiny|100/100
|-ability|p2a: Weavile|Pressure
|turn|27
|
|switch|p1a: Dubwool|Dubwool, F|94/100 brn
|move|p2a: Weavile|Throat Chop|p1a: Dubwool
|-damage|p1a: Dubwool|75/100 brn
|-start|p1a: Dubwool|Throat Chop|[silent]
|
|-heal|p1a: Dubwool|81/100 brn|[from] item: Leftovers
|-damage|p1a: Dubwool|75/100 brn|[from] brn
|upkeep
|turn|28
|
|switch|p2a: Jellicent|Jellicent, M|52/100
|move|p1a: Dubwool|Cotton Guard|p1a: Dubwool
|-boost|p1a: Dubwool|def|3
|
|-heal|p1a: Dubwool|81/100 brn|[from] item: Leftovers
|-heal|p2a: Jellicent|58/100|[from] item: Leftovers
|-damage|p1a: Dubwool|75/100 brn|[from] brn
|-end|p1a: Dubwool|Throat Chop|[silent]
|upkeep
|turn|29
|
|move|p1a: Dubwool|Rest|p1a: Dubwool
|-status|p1a: Dubwool|slp|[from] move: Rest
|-heal|p1a: Dubwool|100/100 slp|[silent]
|move|p2a: Jellicent|Taunt|p1a: Dubwool
|-start|p1a: Dubwool|move: Taunt
|
|-heal|p2a: Jellicent|65/100|[from] item: Leftovers
|upkeep
|turn|30
|
|cant|p1a: Dubwool|slp
|move|p2a: Jellicent|Strength Sap|p1a: Dubwool
|-unboost|p1a: Dubwool|atk|1
|-heal|p2a: Jellicent|100/100
|
|upkeep
|turn|31
|
|switch|p1a: Thievul|Thievul, F|100/100
|move|p2a: Jellicent|Night Shade|p1a: Thievul
|-damage|p1a: Thievul|65/100
|
|upkeep
|turn|32
|
|move|p1a: Thievul|Dark Pulse|p2a: Jellicent
|-supereffective|p2a: Jellicent
|-damage|p2a: Jellicent|40/100
|move|p2a: Jellicent|Taunt|p1a: Thievul
|-start|p1a: Thievul|move: Taunt
|
|-heal|p2a: Jellicent|46/100|[from] item: Leftovers
|upkeep
|turn|33
|
|switch|p2a: Duraludon|Duraludon, F|100/100
|move|p1a: Thievul|Dark Pulse|p2a: Duraludon
|-damage|p2a: Duraludon|52/100
|
|upkeep
|turn|34
|
|move|p1a: Thievul|Dark Pulse|p2a: Duraludon
|-damage|p2a: Duraludon|3/100
|move|p2a: Duraludon|Draco Meteor|p1a: Thievul
|-damage|p1a: Thievul|0 fnt
|-unboost|p2a: Duraludon|spa|2
|faint|p1a: Thievul
|
|upkeep
|
|switch|p1a: Dracovish|Dracovish|76/100
|turn|35
|
|move|p1a: Dracovish|Fishious Rend|p2a: Duraludon
|-resisted|p2a: Duraludon
|-damage|p2a: Duraludon|0 fnt
|faint|p2a: Duraludon
|
|upkeep
|
|switch|p2a: Jellicent|Jellicent, M|46/100
|turn|36
|
|switch|p1a: Dubwool|Dubwool, F|100/100 slp
|move|p2a: Jellicent|Strength Sap|p1a: Dubwool
|-unboost|p1a: Dubwool|atk|1
|-heal|p2a: Jellicent|89/100
|
|-heal|p2a: Jellicent|96/100|[from] item: Leftovers
|upkeep
|turn|37
|
|cant|p1a: Dubwool|slp
|move|p2a: Jellicent|Night Shade|p1a: Dubwool
|-immune|p1a: Dubwool
|
|-heal|p2a: Jellicent|100/100|[from] item: Leftovers
|upkeep
|turn|38
|
|switch|p2a: Rotom|Rotom-Heat|86/100
|-curestatus|p1a: Dubwool|slp|[msg]
|move|p1a: Dubwool|Cotton Guard|p1a: Dubwool
|-boost|p1a: Dubwool|def|3
|
|upkeep
|turn|39
|
|move|p2a: Rotom|Nasty Plot|p2a: Rotom
|-boost|p2a: Rotom|spa|2
|move|p1a: Dubwool|Body Press|p2a: Rotom
|-damage|p2a: Rotom|20/100
|
|upkeep
|turn|40
|
|switch|p1a: Cinderace|Cinderace, M|69/100
|move|p2a: Rotom|Overheat|p1a: Cinderace
|-resisted|p1a: Cinderace
|-damage|p1a: Cinderace|0 fnt
|-unboost|p2a: Rotom|spa|2
|-damage|p2a: Rotom|10/100|[from] item: Life Orb
|faint|p1a: Cinderace
|
|upkeep
|
|switch|p1a: Dracovish|Dracovish|76/100
|turn|41
|
|move|p1a: Dracovish|Fishious Rend|p2a: Rotom
|-supereffective|p2a: Rotom
|-damage|p2a: Rotom|0 fnt
|faint|p2a: Rotom
|
|upkeep
|
|switch|p2a: Weavile|Weavile, F, shiny|100/100
|-ability|p2a: Weavile|Pressure
|turn|42
|
|move|p1a: Dracovish|Fishious Rend|p2a: Weavile
|-enditem|p2a: Weavile|Focus Sash
|-damage|p2a: Weavile|1/100
|move|p2a: Weavile|Swords Dance|p2a: Weavile
|-boost|p2a: Weavile|atk|2
|
|upkeep
|turn|43
|
|move|p2a: Weavile|Ice Shard|p1a: Dracovish
|-damage|p1a: Dracovish|36/100
|move|p1a: Dracovish|Fishious Rend|p2a: Weavile
|-damage|p2a: Weavile|0 fnt
|faint|p2a: Weavile
|
|upkeep
|
|switch|p2a: Jellicent|Jellicent, M|100/100
|turn|44
|
|switch|p1a: Dubwool|Dubwool, F|100/100
|move|p2a: Jellicent|Strength Sap|p1a: Dubwool
|-unboost|p1a: Dubwool|atk|1
|
|upkeep
|turn|45
|
|move|p1a: Dubwool|Cotton Guard|p1a: Dubwool
|-boost|p1a: Dubwool|def|3
|move|p2a: Jellicent|Taunt|p1a: Dubwool
|-start|p1a: Dubwool|move: Taunt
|
|upkeep
|turn|46
|
|move|p1a: Dubwool|Body Press|p2a: Jellicent
|-immune|p2a: Jellicent
|move|p2a: Jellicent|Will-O-Wisp|p1a: Dubwool
|-status|p1a: Dubwool|brn
|
|-damage|p1a: Dubwool|94/100 brn|[from] brn
|upkeep
|turn|47
|
|move|p1a: Dubwool|Body Press|p2a: Jellicent
|-immune|p2a: Jellicent
|move|p2a: Jellicent|Will-O-Wisp|p1a: Dubwool
|-fail|p1a: Dubwool|brn
|
|-heal|p1a: Dubwool|100/100 brn|[from] item: Leftovers
|-damage|p1a: Dubwool|94/100 brn|[from] brn
|upkeep
|turn|48
|
|move|p1a: Dubwool|Body Press|p2a: Jellicent
|-immune|p2a: Jellicent
|move|p2a: Jellicent|Taunt||[still]
|-fail|p2a: Jellicent
|
|-heal|p1a: Dubwool|100/100 brn|[from] item: Leftovers
|-damage|p1a: Dubwool|94/100 brn|[from] brn
|-end|p1a: Dubwool|move: Taunt
|upkeep
|turn|49
|
|move|p1a: Dubwool|Cotton Guard|p1a: Dubwool
|-boost|p1a: Dubwool|def|3
|move|p2a: Jellicent|Taunt|p1a: Dubwool
|-start|p1a: Dubwool|move: Taunt
|
|-heal|p1a: Dubwool|100/100 brn|[from] item: Leftovers
|-damage|p1a: Dubwool|94/100 brn|[from] brn
|upkeep
|turn|50
|
|move|p1a: Dubwool|Body Press|p2a: Jellicent
|-immune|p2a: Jellicent
|move|p2a: Jellicent|Strength Sap|p1a: Dubwool
|-unboost|p1a: Dubwool|atk|1
|
|-heal|p1a: Dubwool|100/100 brn|[from] item: Leftovers
|-damage|p1a: Dubwool|94/100 brn|[from] brn
|upkeep
|turn|51
|
|move|p1a: Dubwool|Body Press|p2a: Jellicent
|-immune|p2a: Jellicent
|move|p2a: Jellicent|Will-O-Wisp|p1a: Dubwool|[miss]
|-miss|p2a: Jellicent|p1a: Dubwool
|
|-heal|p1a: Dubwool|100/100 brn|[from] item: Leftovers
|-damage|p1a: Dubwool|94/100 brn|[from] brn
|upkeep
|turn|52
|c|☆itsartzyy|damn it will never end
|
|move|p1a: Dubwool|Body Press|p2a: Jellicent
|-immune|p2a: Jellicent
|move|p2a: Jellicent|Will-O-Wisp|p1a: Dubwool
|-fail|p1a: Dubwool|brn
|
|-heal|p1a: Dubwool|100/100 brn|[from] item: Leftovers
|-damage|p1a: Dubwool|94/100 brn|[from] brn
|-end|p1a: Dubwool|move: Taunt
|upkeep
|turn|53
|inactive|itsartzyy has 120 seconds left.
|
|move|p1a: Dubwool|Rest|p1a: Dubwool
|-status|p1a: Dubwool|slp|[from] move: Rest
|-heal|p1a: Dubwool|100/100 slp|[silent]
|move|p2a: Jellicent|Will-O-Wisp||[still]
|-fail|p2a: Jellicent
|
|upkeep
|turn|54
|inactive|itsartzyy has 120 seconds left.
|-message|itsartzyy forfeited.
|
|win|Pokemon192837465
|l|☆itsartzyy
