|ScrapeTime|2020-01-02-10:55:45
|j|☆el 7wa dwa
|j|☆freezeflare
|player|p1|el 7wa dwa|257|1607
|player|p2|freezeflare|brawly|1582
|teamsize|p1|6
|teamsize|p2|6
|gametype|singles
|gen|8
|tier|[Gen 8] OU
|rated|
|rule|Sleep Clause Mod: Limit one foe put to sleep
|rule|Species Clause: Limit one of each Pokémon
|rule|OHKO Clause: OHKO moves are banned
|rule|Evasion Moves Clause: Evasion moves are banned
|rule|Endless Battle Clause: Forcing endless battles is banned
|rule|HP Percentage Mod: HP is shown in percentages
|clearpoke
|poke|p1|Haxorus, M|
|poke|p1|Clefable, M|
|poke|p1|Grimmsnarl, M|
|poke|p1|Cinderace, F|
|poke|p1|Gastrodon, F|
|poke|p1|Toxtricity-Low-Key, F|
|poke|p2|Dragapult, M|
|poke|p2|Cinderace, M|
|poke|p2|Gengar, F|
|poke|p2|Conkeldurr, M|
|poke|p2|Bisharp, M|
|poke|p2|Ferrothorn, M|
|rule|Dynamax Clause: You cannot dynamax
|teampreview
|inactive|Battle timer is ON: inactive players will automatically lose when time's up. (requested by el 7wa dwa)
|
|start
|switch|p1a: Clefable|Clefable, M|100/100
|switch|p2a: Ferrothorn|Ferrothorn, M|100/100
|turn|1
|
|move|p1a: Clefable|Flamethrower|p2a: Ferrothorn
|-supereffective|p2a: Ferrothorn
|-damage|p2a: Ferrothorn|16/100
|move|p2a: Ferrothorn|Gyro Ball|p1a: Clefable
|-supereffective|p1a: Clefable
|-damage|p1a: Clefable|31/100
|
|-heal|p2a: Ferrothorn|23/100|[from] item: Leftovers
|upkeep
|turn|2
|
|move|p1a: Clefable|Flamethrower|p2a: Ferrothorn
|-supereffective|p2a: Ferrothorn
|-damage|p2a: Ferrothorn|0 fnt
|faint|p2a: Ferrothorn
|
|upkeep
|
|switch|p2a: Dragapult|Dragapult, M|100/100
|turn|3
|
|switch|p1a: Grimmsnarl|Grimmsnarl, M|100/100
|move|p2a: Dragapult|Thunderbolt|p1a: Grimmsnarl
|-damage|p1a: Grimmsnarl|49/100
|
|upkeep
|turn|4
|
|switch|p2a: Bisharp|Bisharp, M|100/100
|switch|p1a: Gastrodon|Gastrodon, F|100/100
|
|upkeep
|turn|5
|
|switch|p2a: Dragapult|Dragapult, M|100/100
|move|p1a: Gastrodon|Earth Power|p2a: Dragapult
|-damage|p2a: Dragapult|59/100
|
|upkeep
|turn|6
|
|switch|p1a: Grimmsnarl|Grimmsnarl, M|49/100
|move|p2a: Dragapult|Draco Meteor|p1a: Grimmsnarl
|-immune|p1a: Grimmsnarl
|
|upkeep
|turn|7
|
|switch|p2a: Bisharp|Bisharp, M|100/100
|switch|p1a: Cinderace|Cinderace, F|100/100
|
|upkeep
|turn|8
|
|switch|p2a: Gengar|Gengar, F|100/100
|move|p1a: Cinderace|U-turn|p2a: Gengar
|-resisted|p2a: Gengar
|-damage|p2a: Gengar|90/100
|
|switch|p1a: Haxorus|Haxorus, M|100/100|[from]move: U-turn
|-ability|p1a: Haxorus|Mold Breaker
|
|upkeep
|turn|9
|
|move|p2a: Gengar|Dazzling Gleam|p1a: Haxorus
|-supereffective|p1a: Haxorus
|-damage|p1a: Haxorus|18/100
|move|p1a: Haxorus|Earthquake|p2a: Gengar
|-supereffective|p2a: Gengar
|-damage|p2a: Gengar|0 fnt
|faint|p2a: Gengar
|
|upkeep
|
|switch|p2a: Cinderace|Cinderace, M|100/100
|turn|10
|
|move|p1a: Haxorus|Earthquake|p2a: Cinderace
|-supereffective|p2a: Cinderace
|-crit|p2a: Cinderace
|-damage|p2a: Cinderace|0 fnt
|faint|p2a: Cinderace
|
|upkeep
|
|switch|p2a: Conkeldurr|Conkeldurr, M|100/100
|turn|11
|
|switch|p1a: Clefable|Clefable, M|31/100
|move|p2a: Conkeldurr|Bulk Up|p2a: Conkeldurr
|-boost|p2a: Conkeldurr|atk|1
|-boost|p2a: Conkeldurr|def|1
|
|-status|p2a: Conkeldurr|brn|[from] item: Flame Orb
|upkeep
|turn|12
|
|move|p2a: Conkeldurr|Mach Punch|p1a: Clefable
|-resisted|p1a: Clefable
|-damage|p1a: Clefable|3/100
|move|p1a: Clefable|Moonblast|p2a: Conkeldurr
|-supereffective|p2a: Conkeldurr
|-damage|p2a: Conkeldurr|0 fnt
|faint|p2a: Conkeldurr
|
|upkeep
|
|switch|p2a: Dragapult|Dragapult, M|59/100
|turn|13
|
|move|p2a: Dragapult|Thunderbolt|p1a: Clefable
|-damage|p1a: Clefable|0 fnt
|faint|p1a: Clefable
|
|upkeep
|
|switch|p1a: Gastrodon|Gastrodon, F|100/100
|turn|14
|
|move|p2a: Dragapult|Thunderbolt|p1a: Gastrodon
|-immune|p1a: Gastrodon
|move|p1a: Gastrodon|Earth Power|p2a: Dragapult
|-damage|p2a: Dragapult|21/100
|
|upkeep
|turn|15
|
|move|p2a: Dragapult|Thunderbolt|p1a: Gastrodon
|-immune|p1a: Gastrodon
|move|p1a: Gastrodon|Stockpile|p1a: Gastrodon
|-start|p1a: Gastrodon|stockpile1
|-boost|p1a: Gastrodon|def|1
|-boost|p1a: Gastrodon|spd|1
|
|upkeep
|turn|16
|
|switch|p2a: Bisharp|Bisharp, M|100/100
|move|p1a: Gastrodon|Earth Power|p2a: Bisharp
|-supereffective|p2a: Bisharp
|-damage|p2a: Bisharp|0 fnt
|faint|p2a: Bisharp
|
|upkeep
|-message|freezeflare forfeited.
|
|win|el 7wa dwa
|l|☆freezeflare
|raw|el 7wa dwa's rating: 1607 → 1626(+19 for winning)
|raw|freezeflare's rating: 1582 → 1564(-18 for losing)
