|ScrapeTime|2020-01-02-08:34:31
|j|☆jhayx0933
|j|☆rossopowa
|player|p1|jhayx0933|101|1315
|player|p2|rossopowa|102|1300
|teamsize|p1|6
|teamsize|p2|6
|gametype|singles
|gen|8
|tier|[Gen 8] OU
|rated|
|rule|Sleep Clause Mod: Limit one foe put to sleep
|rule|Species Clause: Limit one of each Pokémon
|rule|OHKO Clause: OHKO moves are banned
|rule|Evasion Moves Clause: Evasion moves are banned
|rule|Endless Battle Clause: Forcing endless battles is banned
|rule|HP Percentage Mod: HP is shown in percentages
|clearpoke
|poke|p1|Gyarados, F|
|poke|p1|Hydreigon, M|
|poke|p1|Cinderace, F|
|poke|p1|Togekiss, F|
|poke|p1|Excadrill, F|
|poke|p1|Dragapult, F|
|poke|p2|Gengar, M|
|poke|p2|Tsareena, F|
|poke|p2|Dracovish|
|poke|p2|Ferrothorn, M|
|poke|p2|Pelipper, F|
|poke|p2|Barraskewda, M|
|rule|Dynamax Clause: You cannot dynamax
|teampreview
|inactive|Battle timer is ON: inactive players will automatically lose when time's up. (requested by rossopowa)
|
|start
|switch|p1a: Hydreigon|Hydreigon, M|100/100
|switch|p2a: Tsareena|Tsareena, F|100/100
|turn|1
|
|move|p1a: Hydreigon|Flamethrower|p2a: Tsareena
|-supereffective|p2a: Tsareena
|-damage|p2a: Tsareena|63/100
|move|p2a: Tsareena|High Jump Kick|p1a: Hydreigon|[miss]
|-miss|p2a: Tsareena|p1a: Hydreigon
|-damage|p2a: Tsareena|13/100|[from] highjumpkick
|
|upkeep
|turn|2
|
|move|p1a: Hydreigon|Flamethrower|p2a: Tsareena
|-supereffective|p2a: Tsareena
|-damage|p2a: Tsareena|0 fnt
|faint|p2a: Tsareena
|
|upkeep
|
|switch|p2a: Pelipper|Pelipper, F|100/100
|-weather|RainDance|[from] ability: Drizzle|[of] p2a: Pelipper
|turn|3
|
|switch|p1a: Gyarados|Gyarados, F|100/100
|move|p2a: Pelipper|U-turn|p1a: Gyarados
|-resisted|p1a: Gyarados
|-damage|p1a: Gyarados|95/100
|
|switch|p2a: Dracovish|Dracovish|100/100|[from]move: U-turn
|
|-weather|RainDance|[upkeep]
|-heal|p1a: Gyarados|100/100|[from] item: Leftovers
|upkeep
|turn|4
|
|move|p2a: Dracovish|Fishious Rend|p1a: Gyarados
|-resisted|p1a: Gyarados
|-damage|p1a: Gyarados|0 fnt
|faint|p1a: Gyarados
|
|-weather|RainDance|[upkeep]
|upkeep
|
|switch|p1a: Hydreigon|Hydreigon, M|100/100
|turn|5
|
|switch|p2a: Ferrothorn|Ferrothorn, M|100/100
|move|p1a: Hydreigon|Draco Meteor|p2a: Ferrothorn
|-resisted|p2a: Ferrothorn
|-damage|p2a: Ferrothorn|75/100
|-unboost|p1a: Hydreigon|spa|2
|
|-weather|RainDance|[upkeep]
|-heal|p2a: Ferrothorn|81/100|[from] item: Leftovers
|upkeep
|turn|6
|
|switch|p1a: Togekiss|Togekiss, F, shiny|100/100
|move|p2a: Ferrothorn|Stealth Rock|p1a: Togekiss
|-sidestart|p1: jhayx0933|move: Stealth Rock
|
|-weather|RainDance|[upkeep]
|-heal|p2a: Ferrothorn|87/100|[from] item: Leftovers
|upkeep
|turn|7
|
|move|p1a: Togekiss|Nasty Plot|p1a: Togekiss
|-boost|p1a: Togekiss|spa|2
|move|p2a: Ferrothorn|Gyro Ball|p1a: Togekiss
|-supereffective|p1a: Togekiss
|-damage|p1a: Togekiss|29/100
|
|-weather|RainDance|[upkeep]
|-heal|p1a: Togekiss|35/100|[from] item: Leftovers
|-heal|p2a: Ferrothorn|93/100|[from] item: Leftovers
|upkeep
|turn|8
|
|move|p1a: Togekiss|Flamethrower|p2a: Ferrothorn
|-supereffective|p2a: Ferrothorn
|-damage|p2a: Ferrothorn|0 fnt
|faint|p2a: Ferrothorn
|
|-weather|RainDance|[upkeep]
|-heal|p1a: Togekiss|41/100|[from] item: Leftovers
|upkeep
|
|switch|p2a: Gengar|Gengar, M|100/100
|turn|9
|
|move|p2a: Gengar|Sludge Wave|p1a: Togekiss
|-supereffective|p1a: Togekiss
|-damage|p1a: Togekiss|0 fnt
|faint|p1a: Togekiss
|
|-weather|RainDance|[upkeep]
|upkeep
|
|switch|p1a: Dragapult|Dragapult, F|100/100
|-damage|p1a: Dragapult|88/100|[from] Stealth Rock
|turn|10
|
|move|p1a: Dragapult|Shadow Ball|p2a: Gengar
|-supereffective|p2a: Gengar
|-enditem|p2a: Gengar|Kasib Berry|[eat]
|-enditem|p2a: Gengar|Kasib Berry|[weaken]
|-damage|p2a: Gengar|23/100
|-damage|p1a: Dragapult|78/100|[from] item: Life Orb
|move|p2a: Gengar|Shadow Ball|p1a: Dragapult
|-supereffective|p1a: Dragapult
|-crit|p1a: Dragapult
|-damage|p1a: Dragapult|0 fnt
|faint|p1a: Dragapult
|
|-weather|none
|upkeep
|
|switch|p1a: Hydreigon|Hydreigon, M|100/100
|-damage|p1a: Hydreigon|88/100|[from] Stealth Rock
|turn|11
|
|switch|p2a: Pelipper|Pelipper, F|100/100
|-weather|RainDance|[from] ability: Drizzle|[of] p2a: Pelipper
|move|p1a: Hydreigon|Dark Pulse|p2a: Pelipper
|-damage|p2a: Pelipper|45/100
|
|-weather|RainDance|[upkeep]
|upkeep
|turn|12
|inactive|jhayx0933 has 120 seconds left.
|
|move|p1a: Hydreigon|Dark Pulse|p2a: Pelipper
|-damage|p2a: Pelipper|0 fnt
|faint|p2a: Pelipper
|
|-weather|RainDance|[upkeep]
|upkeep
|
|switch|p2a: Barraskewda|Barraskewda, M|100/100
|turn|13
|
|switch|p1a: Excadrill|Excadrill, F|100/100
|-damage|p1a: Excadrill|97/100|[from] Stealth Rock
|-ability|p1a: Excadrill|Mold Breaker
|move|p2a: Barraskewda|Close Combat|p1a: Excadrill
|-supereffective|p1a: Excadrill
|-damage|p1a: Excadrill|0 fnt
|-unboost|p2a: Barraskewda|def|1
|-unboost|p2a: Barraskewda|spd|1
|faint|p1a: Excadrill
|
|-weather|RainDance|[upkeep]
|upkeep
|
|switch|p1a: Cinderace|Cinderace, F|100/100
|turn|14
|
|switch|p2a: Gengar|Gengar, M|23/100
|move|p1a: Cinderace|High Jump Kick|p2a: Gengar
|-immune|p2a: Gengar
|-damage|p1a: Cinderace|51/100|[from] highjumpkick
|
|-weather|RainDance|[upkeep]
|upkeep
|turn|15
|
|move|p1a: Cinderace|Sucker Punch|p2a: Gengar
|-supereffective|p2a: Gengar
|-damage|p2a: Gengar|0 fnt
|-start|p1a: Cinderace|Disable|Sucker Punch|[from] ability: Cursed Body|[of] p2a: Gengar
|faint|p2a: Gengar
|
|-weather|RainDance|[upkeep]
|upkeep
|
|switch|p2a: Barraskewda|Barraskewda, M|100/100
|turn|16
|
|move|p2a: Barraskewda|Close Combat|p1a: Cinderace
|-damage|p1a: Cinderace|0 fnt
|-unboost|p2a: Barraskewda|def|1
|-unboost|p2a: Barraskewda|spd|1
|faint|p1a: Cinderace
|
|-weather|RainDance|[upkeep]
|upkeep
|c|☆rossopowa|gg
|
|switch|p1a: Hydreigon|Hydreigon, M|88/100
|-damage|p1a: Hydreigon|76/100|[from] Stealth Rock
|turn|17
|
|move|p2a: Barraskewda|Close Combat|p1a: Hydreigon
|-supereffective|p1a: Hydreigon
|-damage|p1a: Hydreigon|0 fnt
|-unboost|p2a: Barraskewda|def|1
|-unboost|p2a: Barraskewda|spd|1
|faint|p1a: Hydreigon
|
|win|rossopowa
|raw|jhayx0933's rating: 1315 → 1295(-20 for losing)
|raw|rossopowa's rating: 1300 → 1321(+21 for winning)
|l|☆jhayx0933
