|ScrapeTime|2020-01-02-05:04:50
|j|☆Flippersjosh
|j|☆terghwth
|player|p1|Flippersjosh|lucas-gen4pt|1234
|player|p2|terghwth|266|1194
|teamsize|p1|6
|teamsize|p2|6
|gametype|singles
|gen|8
|tier|[Gen 8] OU
|rated|
|rule|Sleep Clause Mod: Limit one foe put to sleep
|rule|Species Clause: Limit one of each Pokémon
|rule|OHKO Clause: OHKO moves are banned
|rule|Evasion Moves Clause: Evasion moves are banned
|rule|Endless Battle Clause: Forcing endless battles is banned
|rule|HP Percentage Mod: HP is shown in percentages
|clearpoke
|poke|p1|Ninetales, M|
|poke|p1|Shiftry, M|
|poke|p1|Dugtrio, M|
|poke|p1|Hatterene, F|
|poke|p1|Grimmsnarl, M|
|poke|p1|Dragapult, M|
|poke|p2|Hatterene, F|
|poke|p2|Dracovish|
|poke|p2|Dragapult, F|
|poke|p2|Excadrill, F|
|poke|p2|Ferrothorn, M|
|poke|p2|Rotom-Heat|
|rule|Dynamax Clause: You cannot dynamax
|teampreview
|inactive|Battle timer is ON: inactive players will automatically lose when time's up. (requested by Flippersjosh)
|
|start
|switch|p1a: Ninetales|Ninetales, M, shiny|100/100
|switch|p2a: Excadrill|Excadrill, F|100/100
|-ability|p2a: Excadrill|Mold Breaker
|-weather|SunnyDay|[from] ability: Drought|[of] p1a: Ninetales
|turn|1
|
|switch|p1a: Dugtrio|Dugtrio, M, shiny|100/100
|move|p2a: Excadrill|Earthquake|p1a: Dugtrio
|-enditem|p1a: Dugtrio|Focus Sash
|-damage|p1a: Dugtrio|1/100
|
|-weather|SunnyDay|[upkeep]
|upkeep
|turn|2
|
|move|p2a: Excadrill|Earthquake|p1a: Dugtrio
|-damage|p1a: Dugtrio|0 fnt
|faint|p1a: Dugtrio
|
|-weather|SunnyDay|[upkeep]
|upkeep
|
|switch|p1a: Shiftry|Shiftry, M|100/100
|turn|3
|
|switch|p2a: Rotom|Rotom-Heat|100/100
|move|p1a: Shiftry|Growth|p1a: Shiftry
|-boost|p1a: Shiftry|atk|2
|-boost|p1a: Shiftry|spa|2
|
|-weather|SunnyDay|[upkeep]
|upkeep
|turn|4
|
|move|p1a: Shiftry|Throat Chop|p2a: Rotom
|-damage|p2a: Rotom|0 fnt
|-damage|p1a: Shiftry|91/100|[from] item: Life Orb
|faint|p2a: Rotom
|
|-weather|SunnyDay|[upkeep]
|upkeep
|
|switch|p2a: Dragapult|Dragapult, F|100/100
|turn|5
|
|switch|p2a: Ferrothorn|Ferrothorn, M|100/100
|move|p1a: Shiftry|Throat Chop|p2a: Ferrothorn
|-damage|p2a: Ferrothorn|46/100
|-damage|p1a: Shiftry|78/100|[from] ability: Iron Barbs|[of] p2a: Ferrothorn
|-start|p2a: Ferrothorn|Throat Chop|[silent]
|-damage|p1a: Shiftry|68/100|[from] item: Life Orb
|
|-weather|SunnyDay|[upkeep]
|-heal|p2a: Ferrothorn|52/100|[from] item: Leftovers
|upkeep
|turn|6
|
|switch|p2a: Dracovish|Dracovish|100/100
|move|p1a: Shiftry|Heat Wave|p2a: Dracovish
|-resisted|p2a: Dracovish
|-damage|p2a: Dracovish|75/100
|-damage|p1a: Shiftry|58/100|[from] item: Life Orb
|
|-weather|SunnyDay|[upkeep]
|upkeep
|turn|7
|
|switch|p2a: Ferrothorn|Ferrothorn, M|52/100
|move|p1a: Shiftry|Throat Chop|p2a: Ferrothorn
|-damage|p2a: Ferrothorn|3/100
|-damage|p1a: Shiftry|46/100|[from] ability: Iron Barbs|[of] p2a: Ferrothorn
|-start|p2a: Ferrothorn|Throat Chop|[silent]
|-damage|p1a: Shiftry|36/100|[from] item: Life Orb
|
|-weather|SunnyDay|[upkeep]
|-heal|p2a: Ferrothorn|10/100|[from] item: Leftovers
|upkeep
|turn|8
|
|move|p1a: Shiftry|Throat Chop|p2a: Ferrothorn
|-damage|p2a: Ferrothorn|0 fnt
|-damage|p1a: Shiftry|23/100|[from] ability: Iron Barbs|[of] p2a: Ferrothorn
|-damage|p1a: Shiftry|13/100|[from] item: Life Orb
|faint|p2a: Ferrothorn
|
|-weather|none
|upkeep
|
|switch|p2a: Dragapult|Dragapult, F|100/100
|turn|9
|
|switch|p1a: Grimmsnarl|Grimmsnarl, M|100/100
|move|p2a: Dragapult|U-turn|p1a: Grimmsnarl
|-damage|p1a: Grimmsnarl|78/100
|
|switch|p2a: Dracovish|Dracovish|75/100|[from]move: U-turn
|
|upkeep
|turn|10
|
|move|p1a: Grimmsnarl|Reflect|p1a: Grimmsnarl
|-sidestart|p1: Flippersjosh|Reflect
|move|p2a: Dracovish|Fishious Rend|p1a: Grimmsnarl
|-damage|p1a: Grimmsnarl|24/100
|
|upkeep
|turn|11
|
|move|p2a: Dracovish|Fishious Rend|p1a: Grimmsnarl
|-damage|p1a: Grimmsnarl|0 fnt
|faint|p1a: Grimmsnarl
|
|upkeep
|
|switch|p1a: Dragapult|Dragapult, M|100/100
|turn|12
|
|move|p1a: Dragapult|Dragon Dance|p1a: Dragapult
|-boost|p1a: Dragapult|atk|1
|-boost|p1a: Dragapult|spe|1
|move|p2a: Dracovish|Fishious Rend|p1a: Dragapult
|-resisted|p1a: Dragapult
|-damage|p1a: Dragapult|75/100
|
|upkeep
|turn|13
|
|move|p1a: Dragapult|Dragon Dance|p1a: Dragapult
|-boost|p1a: Dragapult|atk|1
|-boost|p1a: Dragapult|spe|1
|move|p2a: Dracovish|Fishious Rend|p1a: Dragapult
|-resisted|p1a: Dragapult
|-damage|p1a: Dragapult|49/100
|
|upkeep
|turn|14
|
|move|p1a: Dragapult|Dragon Dance|p1a: Dragapult
|-boost|p1a: Dragapult|atk|1
|-boost|p1a: Dragapult|spe|1
|move|p2a: Dracovish|Fishious Rend|p1a: Dragapult
|-resisted|p1a: Dragapult
|-damage|p1a: Dragapult|23/100
|-enditem|p1a: Dragapult|Liechi Berry|[eat]
|-boost|p1a: Dragapult|atk|1
|
|upkeep
|turn|15
|
|move|p1a: Dragapult|Dragon Darts|p2a: Dracovish
|-supereffective|p2a: Dracovish
|-damage|p2a: Dracovish|0 fnt
|-hitcount|p2a: Dracovish|1
|faint|p2a: Dracovish
|
|upkeep
|
|switch|p2a: Hatterene|Hatterene, F|100/100
|turn|16
|
|move|p1a: Dragapult|Phantom Force||[still]
|-prepare|p1a: Dragapult|Phantom Force|p2a: Hatterene
|move|p2a: Hatterene|Dazzling Gleam|p1a: Dragapult|[miss]
|-miss|p2a: Hatterene|p1a: Dragapult
|
|upkeep
|turn|17
|-message|terghwth forfeited.
|
|win|Flippersjosh
|l|☆terghwth
