|ScrapeTime|2020-01-02-15:58:26
|j|☆Kyoi Hami
|j|☆PintoBeans123
|player|p1|Kyoi Hami|138|1000
|player|p2|PintoBeans123|169|1061
|teamsize|p1|6
|teamsize|p2|6
|gametype|singles
|gen|8
|tier|[Gen 8] OU
|rated|
|rule|Sleep Clause Mod: Limit one foe put to sleep
|rule|Species Clause: Limit one of each Pokémon
|rule|OHKO Clause: OHKO moves are banned
|rule|Evasion Moves Clause: Evasion moves are banned
|rule|Endless Battle Clause: Forcing endless battles is banned
|rule|HP Percentage Mod: HP is shown in percentages
|clearpoke
|poke|p1|Sylveon, F|
|poke|p1|Corsola-Galar, F|
|poke|p1|Cinderace, F|
|poke|p1|Barraskewda, F|
|poke|p1|Eldegoss, F|
|poke|p1|Claydol|
|poke|p2|Dragapult, M|
|poke|p2|Mimikyu, M|
|poke|p2|Toxtricity, M|
|poke|p2|Corviknight, M|
|poke|p2|Dracovish|
|poke|p2|Rotom-Wash|
|rule|Dynamax Clause: You cannot dynamax
|teampreview
|
|start
|switch|p1a: Cinderace|Cinderace, F|100/100
|switch|p2a: Mimikyu|Mimikyu, M|100/100
|turn|1
|
|move|p1a: Cinderace|U-turn|p2a: Mimikyu
|-activate|p2a: Mimikyu|ability: Disguise
|-damage|p2a: Mimikyu|100/100
|detailschange|p2a: Mimikyu|Mimikyu-Busted, M
|-damage|p2a: Mimikyu|88/100|[from] ability: Disguise|[of] p2a: Mimikyu
|
|switch|p1a: Eldegoss|Eldegoss, F|100/100|[from]move: U-turn
|move|p2a: Mimikyu|Swords Dance|p2a: Mimikyu
|-boost|p2a: Mimikyu|atk|2
|
|upkeep
|turn|2
|
|move|p2a: Mimikyu|Shadow Claw|p1a: Eldegoss
|-damage|p1a: Eldegoss|20/100
|-damage|p2a: Mimikyu|78/100|[from] item: Life Orb
|move|p1a: Eldegoss|Sleep Powder|p2a: Mimikyu
|-status|p2a: Mimikyu|slp|[from] move: Sleep Powder
|
|-heal|p1a: Eldegoss|26/100|[from] item: Leftovers
|upkeep
|turn|3
|
|switch|p2a: Dragapult|Dragapult, M|100/100
|move|p1a: Eldegoss|Leech Seed|p2a: Dragapult|[miss]
|-miss|p1a: Eldegoss|p2a: Dragapult
|
|-heal|p1a: Eldegoss|32/100|[from] item: Leftovers
|upkeep
|turn|4
|
|move|p2a: Dragapult|Draco Meteor|p1a: Eldegoss
|-damage|p1a: Eldegoss|0 fnt
|-unboost|p2a: Dragapult|spa|2
|faint|p1a: Eldegoss
|
|upkeep
|
|switch|p1a: Sylveon|Sylveon, F|100/100
|turn|5
|
|switch|p2a: Toxtricity|Toxtricity, M|100/100
|move|p1a: Sylveon|Calm Mind|p1a: Sylveon
|-boost|p1a: Sylveon|spa|1
|-boost|p1a: Sylveon|spd|1
|
|upkeep
|turn|6
|
|move|p1a: Sylveon|Protect|p1a: Sylveon
|-singleturn|p1a: Sylveon|Protect
|move|p2a: Toxtricity|Sludge Wave|p1a: Sylveon
|-activate|p1a: Sylveon|move: Protect
|
|upkeep
|turn|7
|
|move|p2a: Toxtricity|Sludge Wave|p1a: Sylveon
|-supereffective|p1a: Sylveon
|-damage|p1a: Sylveon|38/100
|-status|p1a: Sylveon|psn
|move|p1a: Sylveon|Hyper Voice|p2a: Toxtricity
|-resisted|p2a: Toxtricity
|-damage|p2a: Toxtricity|71/100
|-enditem|p1a: Sylveon|Throat Spray
|-boost|p1a: Sylveon|spa|1
|
|-damage|p1a: Sylveon|26/100 psn|[from] psn
|upkeep
|turn|8
|
|move|p2a: Toxtricity|Sludge Wave|p1a: Sylveon
|-supereffective|p1a: Sylveon
|-damage|p1a: Sylveon|0 fnt
|faint|p1a: Sylveon
|
|upkeep
|
|switch|p1a: Claydol|Claydol|100/100
|turn|9
|
|switch|p2a: Rotom|Rotom-Wash|100/100
|move|p1a: Claydol|Stone Edge|p2a: Rotom
|-damage|p2a: Rotom|79/100
|
|upkeep
|turn|10
|
|move|p2a: Rotom|Hydro Pump|p1a: Claydol
|-supereffective|p1a: Claydol
|-damage|p1a: Claydol|17/100
|move|p1a: Claydol|Power Swap|p2a: Rotom
|-swapboost|p1a: Claydol|p2a: Rotom|atk, spa|[from] move: Power Swap
|
|upkeep
|turn|11
|
|move|p2a: Rotom|Hydro Pump|p1a: Claydol
|-supereffective|p1a: Claydol
|-damage|p1a: Claydol|0 fnt
|faint|p1a: Claydol
|
|upkeep
|
|switch|p1a: Cinderace|Cinderace, F|100/100
|turn|12
|
|move|p1a: Cinderace|High Jump Kick|p2a: Rotom
|-damage|p2a: Rotom|24/100
|move|p2a: Rotom|Rain Dance|p2a: Rotom
|-weather|RainDance
|
|-weather|RainDance|[upkeep]
|upkeep
|turn|13
|
|move|p1a: Cinderace|High Jump Kick|p2a: Rotom
|-damage|p2a: Rotom|0 fnt
|faint|p2a: Rotom
|
|-weather|RainDance|[upkeep]
|upkeep
|
|switch|p2a: Dracovish|Dracovish|100/100
|turn|14
|
|move|p2a: Dracovish|Fishious Rend|p1a: Cinderace
|-supereffective|p1a: Cinderace
|-crit|p1a: Cinderace
|-damage|p1a: Cinderace|0 fnt
|faint|p1a: Cinderace
|
|-weather|RainDance|[upkeep]
|upkeep
|
|switch|p1a: Barraskewda|Barraskewda, F|100/100
|turn|15
|
|switch|p2a: Toxtricity|Toxtricity, M|71/100
|move|p1a: Barraskewda|Aqua Jet|p2a: Toxtricity
|-damage|p2a: Toxtricity|22/100
|
|-weather|RainDance|[upkeep]
|upkeep
|turn|16
|
|move|p1a: Barraskewda|Aqua Jet|p2a: Toxtricity
|-damage|p2a: Toxtricity|0 fnt
|faint|p2a: Toxtricity
|
|-weather|RainDance|[upkeep]
|upkeep
|
|switch|p2a: Corviknight|Corviknight, M|100/100
|-ability|p2a: Corviknight|Pressure
|turn|17
|
|move|p1a: Barraskewda|Aqua Jet|p2a: Corviknight
|-damage|p2a: Corviknight|78/100
|move|p2a: Corviknight|Bulk Up|p2a: Corviknight
|-boost|p2a: Corviknight|atk|1
|-boost|p2a: Corviknight|def|1
|
|-weather|RainDance|[upkeep]
|-heal|p2a: Corviknight|85/100|[from] item: Leftovers
|upkeep
|turn|18
|
|move|p1a: Barraskewda|Ice Fang|p2a: Corviknight
|-damage|p2a: Corviknight|73/100
|move|p2a: Corviknight|Bulk Up|p2a: Corviknight
|-boost|p2a: Corviknight|atk|1
|-boost|p2a: Corviknight|def|1
|
|-weather|RainDance|[upkeep]
|-heal|p2a: Corviknight|79/100|[from] item: Leftovers
|upkeep
|turn|19
|
|move|p1a: Barraskewda|Psychic Fangs|p2a: Corviknight
|-resisted|p2a: Corviknight
|-damage|p2a: Corviknight|73/100
|move|p2a: Corviknight|Brave Bird|p1a: Barraskewda
|-damage|p1a: Barraskewda|0 fnt
|-damage|p2a: Corviknight|52/100|[from] Recoil
|faint|p1a: Barraskewda
|
|-weather|none
|-heal|p2a: Corviknight|58/100|[from] item: Leftovers
|upkeep
|
|switch|p1a: Corsola|Corsola-Galar, F|100/100
|turn|20
|
|move|p2a: Corviknight|Brave Bird|p1a: Corsola
|-damage|p1a: Corsola|51/100
|-start|p2a: Corviknight|Disable|Brave Bird|[from] ability: Cursed Body|[of] p1a: Corsola
|-damage|p2a: Corviknight|45/100|[from] Recoil
|move|p1a: Corsola|Hex|p2a: Corviknight
|-damage|p2a: Corviknight|28/100
|
|-heal|p2a: Corviknight|34/100|[from] item: Leftovers
|upkeep
|turn|21
|
|move|p2a: Corviknight|Roost|p2a: Corviknight
|-heal|p2a: Corviknight|84/100
|-singleturn|p2a: Corviknight|move: Roost
|move|p1a: Corsola|Strength Sap|p2a: Corviknight
|-unboost|p2a: Corviknight|atk|1
|-heal|p1a: Corsola|100/100
|
|-heal|p2a: Corviknight|90/100|[from] item: Leftovers
|upkeep
|turn|22
|
|move|p2a: Corviknight|Bulk Up|p2a: Corviknight
|-boost|p2a: Corviknight|atk|1
|-boost|p2a: Corviknight|def|1
|move|p1a: Corsola|Hex|p2a: Corviknight
|-damage|p2a: Corviknight|72/100
|
|-heal|p2a: Corviknight|79/100|[from] item: Leftovers
|upkeep
|turn|23
|
|move|p2a: Corviknight|Bulk Up|p2a: Corviknight
|-boost|p2a: Corviknight|atk|1
|-boost|p2a: Corviknight|def|1
|move|p1a: Corsola|Hex|p2a: Corviknight
|-damage|p2a: Corviknight|61/100
|
|-heal|p2a: Corviknight|67/100|[from] item: Leftovers
|-end|p2a: Corviknight|Disable
|upkeep
|turn|24
|
|move|p2a: Corviknight|Brave Bird|p1a: Corsola
|-damage|p1a: Corsola|31/100
|-start|p2a: Corviknight|Disable|Brave Bird|[from] ability: Cursed Body|[of] p1a: Corsola
|-damage|p2a: Corviknight|48/100|[from] Recoil
|move|p1a: Corsola|Hex|p2a: Corviknight
|-damage|p2a: Corviknight|29/100
|
|-heal|p2a: Corviknight|35/100|[from] item: Leftovers
|upkeep
|turn|25
|
|move|p2a: Corviknight|Roost|p2a: Corviknight
|-heal|p2a: Corviknight|85/100
|-singleturn|p2a: Corviknight|move: Roost
|move|p1a: Corsola|Strength Sap|p2a: Corviknight
|-unboost|p2a: Corviknight|atk|1
|-heal|p1a: Corsola|100/100
|
|-heal|p2a: Corviknight|91/100|[from] item: Leftovers
|upkeep
|turn|26
|
|move|p2a: Corviknight|Bulk Up|p2a: Corviknight
|-boost|p2a: Corviknight|atk|1
|-boost|p2a: Corviknight|def|1
|move|p1a: Corsola|Hex|p2a: Corviknight
|-damage|p2a: Corviknight|72/100
|
|-heal|p2a: Corviknight|79/100|[from] item: Leftovers
|upkeep
|turn|27
|
|move|p2a: Corviknight|Bulk Up|p2a: Corviknight
|-boost|p2a: Corviknight|atk|1
|-boost|p2a: Corviknight|def|1
|move|p1a: Corsola|Hex|p2a: Corviknight
|-damage|p2a: Corviknight|59/100
|
|-heal|p2a: Corviknight|65/100|[from] item: Leftovers
|-end|p2a: Corviknight|Disable
|upkeep
|turn|28
|
|move|p2a: Corviknight|Bulk Up|p2a: Corviknight
|-boost|p2a: Corviknight|atk|1
|-boost|p2a: Corviknight|def|0
|move|p1a: Corsola|Strength Sap|p2a: Corviknight
|-unboost|p2a: Corviknight|atk|1
|
|-heal|p2a: Corviknight|72/100|[from] item: Leftovers
|upkeep
|turn|29
|
|move|p2a: Corviknight|Bulk Up|p2a: Corviknight
|-boost|p2a: Corviknight|atk|1
|-boost|p2a: Corviknight|def|0
|move|p1a: Corsola|Hex|p2a: Corviknight
|-damage|p2a: Corviknight|54/100
|
|-heal|p2a: Corviknight|61/100|[from] item: Leftovers
|upkeep
|turn|30
|
|move|p2a: Corviknight|Bulk Up|p2a: Corviknight
|-boost|p2a: Corviknight|atk|1
|-boost|p2a: Corviknight|def|0
|move|p1a: Corsola|Hex|p2a: Corviknight
|-damage|p2a: Corviknight|43/100
|
|-heal|p2a: Corviknight|49/100|[from] item: Leftovers
|upkeep
|turn|31
|
|move|p2a: Corviknight|Brave Bird|p1a: Corsola
|-damage|p1a: Corsola|0 fnt
|-damage|p2a: Corviknight|23/100|[from] Recoil
|faint|p1a: Corsola
|
|win|PintoBeans123
|c|☆PintoBeans123|gg
|l|☆Kyoi Hami
