|ScrapeTime|2020-01-01-18:54:50
|j|☆soft boys
|j|☆Rarri4President
|player|p1|soft boys|pokekid|1125
|player|p2|Rarri4President|palmer|1136
|teamsize|p1|6
|teamsize|p2|6
|gametype|singles
|gen|8
|tier|[Gen 8] OU
|rated|
|rule|Sleep Clause Mod: Limit one foe put to sleep
|rule|Species Clause: Limit one of each Pokémon
|rule|OHKO Clause: OHKO moves are banned
|rule|Evasion Moves Clause: Evasion moves are banned
|rule|Endless Battle Clause: Forcing endless battles is banned
|rule|HP Percentage Mod: HP is shown in percentages
|clearpoke
|poke|p1|Pincurchin, M|
|poke|p1|Snom, M|
|poke|p1|Pyukumuku, F|
|poke|p1|Corsola-Galar, M|
|poke|p1|Eldegoss, F|
|poke|p1|Slurpuff, M|
|poke|p2|Clefable, F|
|poke|p2|Conkeldurr, M|
|poke|p2|Mandibuzz, F|
|poke|p2|Dragapult, M|
|poke|p2|Excadrill, M|
|poke|p2|Rotom-Wash|
|rule|Dynamax Clause: You cannot dynamax
|teampreview
|
|start
|switch|p1a: Corsola|Corsola-Galar, M|100/100
|switch|p2a: Excadrill|Excadrill, M|100/100
|-ability|p2a: Excadrill|Mold Breaker
|turn|1
|
|move|p2a: Excadrill|Stealth Rock|p1a: Corsola
|-sidestart|p1: soft boys|move: Stealth Rock
|move|p1a: Corsola|Will-O-Wisp|p2a: Excadrill
|-status|p2a: Excadrill|brn
|
|-damage|p2a: Excadrill|94/100 brn|[from] brn
|upkeep
|turn|2
|
|move|p2a: Excadrill|Earthquake|p1a: Corsola
|-damage|p1a: Corsola|82/100
|move|p1a: Corsola|Stealth Rock|p2a: Excadrill
|-sidestart|p2: Rarri4President|move: Stealth Rock
|
|-damage|p2a: Excadrill|88/100 brn|[from] brn
|upkeep
|turn|3
|
|move|p2a: Excadrill|Rapid Spin|p1a: Corsola
|-immune|p1a: Corsola
|move|p1a: Corsola|Night Shade|p2a: Excadrill
|-damage|p2a: Excadrill|61/100 brn
|
|-damage|p2a: Excadrill|55/100 brn|[from] brn
|upkeep
|turn|4
|
|switch|p2a: Mandibuzz|Mandibuzz, F|100/100
|move|p1a: Corsola|Will-O-Wisp|p2a: Mandibuzz
|-status|p2a: Mandibuzz|brn
|
|-damage|p2a: Mandibuzz|94/100 brn|[from] brn
|upkeep
|turn|5
|-message|Rarri4President forfeited.
|
|win|soft boys
|l|☆Rarri4President
