|ScrapeTime|2020-01-02-23:18:16
|j|☆RTXSophie
|j|☆JoshVermaas
|player|p1|RTXSophie|cynthia-gen4|1132
|player|p2|JoshVermaas|rosa|1113
|teamsize|p1|6
|teamsize|p2|6
|gametype|singles
|gen|8
|tier|[Gen 8] OU
|rated|
|rule|Sleep Clause Mod: Limit one foe put to sleep
|rule|Species Clause: Limit one of each Pokémon
|rule|OHKO Clause: OHKO moves are banned
|rule|Evasion Moves Clause: Evasion moves are banned
|rule|Endless Battle Clause: Forcing endless battles is banned
|rule|HP Percentage Mod: HP is shown in percentages
|clearpoke
|poke|p1|Dracovish|
|poke|p1|Whimsicott, M|
|poke|p1|Dracozolt|
|poke|p1|Rotom-Wash|
|poke|p1|Cinderace, F|
|poke|p1|Togekiss, M|
|poke|p2|Mimikyu, M|
|poke|p2|Bisharp, M|
|poke|p2|Rotom-Heat|
|poke|p2|Tsareena, F|
|poke|p2|Polteageist|
|poke|p2|Sylveon, M|
|rule|Dynamax Clause: You cannot dynamax
|teampreview
|
|start
|switch|p1a: Whimsicott|Whimsicott, M|100/100
|switch|p2a: Saltea|Polteageist, shiny|100/100
|turn|1
|
|move|p1a: Whimsicott|Tailwind|p1a: Whimsicott
|-sidestart|p1: RTXSophie|move: Tailwind
|move|p2a: Saltea|Shell Smash|p2a: Saltea
|-unboost|p2a: Saltea|def|1
|-unboost|p2a: Saltea|spd|1
|-boost|p2a: Saltea|atk|2
|-boost|p2a: Saltea|spa|2
|-boost|p2a: Saltea|spe|2
|
|upkeep
|turn|2
|
|move|p1a: Whimsicott|Encore|p2a: Saltea
|-start|p2a: Saltea|Encore
|move|p2a: Saltea|Shell Smash|p2a: Saltea
|-unboost|p2a: Saltea|def|1
|-unboost|p2a: Saltea|spd|1
|-boost|p2a: Saltea|atk|2
|-boost|p2a: Saltea|spa|2
|-boost|p2a: Saltea|spe|2
|
|upkeep
|turn|3
|
|move|p2a: Saltea|Shell Smash|p2a: Saltea
|-unboost|p2a: Saltea|def|1
|-unboost|p2a: Saltea|spd|1
|-boost|p2a: Saltea|atk|2
|-boost|p2a: Saltea|spa|2
|-boost|p2a: Saltea|spe|2
|move|p1a: Whimsicott|Moonblast|p2a: Saltea
|-crit|p2a: Saltea
|-enditem|p2a: Saltea|Focus Sash
|-damage|p2a: Saltea|1/100
|
|upkeep
|turn|4
|c|☆RTXSophie|i don't feel very saltea
|
|move|p2a: Saltea|Shell Smash|p2a: Saltea
|-unboost|p2a: Saltea|def|1
|-unboost|p2a: Saltea|spd|1
|-boost|p2a: Saltea|atk|0
|-boost|p2a: Saltea|spa|0
|-boost|p2a: Saltea|spe|0
|move|p1a: Whimsicott|Moonblast|p2a: Saltea
|-damage|p2a: Saltea|0 fnt
|faint|p2a: Saltea
|
|-sideend|p1: RTXSophie|move: Tailwind
|upkeep
|c|☆RTXSophie|do you
|
|switch|p2a: Bimo|Rotom-Heat|100/100
|turn|5
|
|switch|p1a: Rotom|Rotom-Wash|100/100
|move|p2a: Bimo|Overheat|p1a: Rotom
|-resisted|p1a: Rotom
|-damage|p1a: Rotom|69/100
|-unboost|p2a: Bimo|spa|2
|
|-heal|p1a: Rotom|75/100|[from] item: Leftovers
|upkeep
|turn|6
|
|switch|p2a: P. Peach|Tsareena, F|100/100
|switch|p1a: Cinderace|Cinderace, F|100/100
|
|upkeep
|turn|7
|inactive|Battle timer is ON: inactive players will automatically lose when time's up. (requested by RTXSophie)
|
|switch|p2a: Bimo|Rotom-Heat|100/100
|move|p1a: Cinderace|Pyro Ball|p2a: Bimo
|-resisted|p2a: Bimo
|-damage|p2a: Bimo|65/100
|
|upkeep
|turn|8
|
|move|p2a: Bimo|Volt Switch|p1a: Cinderace
|-damage|p1a: Cinderace|55/100
|
|switch|p2a: Bishamon|Bisharp, M|100/100|[from]move: Volt Switch
|move|p1a: Cinderace|High Jump Kick|p2a: Bishamon
|-supereffective|p2a: Bishamon
|-damage|p2a: Bishamon|0 fnt
|faint|p2a: Bishamon
|
|upkeep
|
|switch|p2a: Memeikyu|Mimikyu, M|100/100
|turn|9
|
|move|p2a: Memeikyu|Shadow Sneak|p1a: Cinderace
|-damage|p1a: Cinderace|26/100
|-damage|p2a: Memeikyu|91/100|[from] item: Life Orb
|move|p1a: Cinderace|Pyro Ball|p2a: Memeikyu
|-activate|p2a: Memeikyu|ability: Disguise
|-damage|p2a: Memeikyu|91/100
|detailschange|p2a: Memeikyu|Mimikyu-Busted, M
|-damage|p2a: Memeikyu|78/100|[from] ability: Disguise|[of] p2a: Memeikyu
|
|upkeep
|turn|10
|
|switch|p1a: Rotom|Rotom-Wash|75/100
|move|p2a: Memeikyu|Shadow Sneak|p1a: Rotom
|-damage|p1a: Rotom|53/100
|-damage|p2a: Memeikyu|68/100|[from] item: Life Orb
|
|-heal|p1a: Rotom|59/100|[from] item: Leftovers
|upkeep
|turn|11
|
|move|p2a: Memeikyu|Play Rough|p1a: Rotom
|-damage|p1a: Rotom|14/100
|-damage|p2a: Memeikyu|58/100|[from] item: Life Orb
|move|p1a: Rotom|Will-O-Wisp|p2a: Memeikyu
|-status|p2a: Memeikyu|brn
|
|-heal|p1a: Rotom|20/100|[from] item: Leftovers
|-damage|p2a: Memeikyu|52/100 brn|[from] brn
|upkeep
|turn|12
|
|switch|p1a: Whimsicott|Whimsicott, M|100/100
|move|p2a: Memeikyu|Shadow Sneak|p1a: Whimsicott
|-damage|p1a: Whimsicott|86/100
|-damage|p2a: Memeikyu|42/100 brn|[from] item: Life Orb
|
|-damage|p2a: Memeikyu|36/100 brn|[from] brn
|upkeep
|turn|13
|
|switch|p2a: Bimo|Rotom-Heat|65/100
|move|p1a: Whimsicott|Tailwind|p1a: Whimsicott
|-sidestart|p1: RTXSophie|move: Tailwind
|
|upkeep
|turn|14
|
|switch|p1a: Dracovish|Dracovish|100/100
|move|p2a: Bimo|Overheat|p1a: Dracovish
|-resisted|p1a: Dracovish
|-damage|p1a: Dracovish|83/100
|-unboost|p2a: Bimo|spa|2
|
|upkeep
|turn|15
|
|switch|p2a: P. Peach|Tsareena, F|100/100
|move|p1a: Dracovish|Fishious Rend|p2a: P. Peach
|-resisted|p2a: P. Peach
|-damage|p2a: P. Peach|9/100
|
|upkeep
|turn|16
|inactive|JoshVermaas has 120 seconds left.
|
|move|p1a: Dracovish|Fishious Rend|p2a: P. Peach
|-resisted|p2a: P. Peach
|-damage|p2a: P. Peach|0 fnt
|faint|p2a: P. Peach
|
|-sideend|p1: RTXSophie|move: Tailwind
|upkeep
|inactive|JoshVermaas has 120 seconds left.
|
|switch|p2a: Gusi|Sylveon, M|100/100
|turn|17
|
|move|p2a: Gusi|Protect|p2a: Gusi
|-singleturn|p2a: Gusi|Protect
|move|p1a: Dracovish|Fishious Rend|p2a: Gusi
|-activate|p2a: Gusi|move: Protect
|
|upkeep
|turn|18
|
|move|p1a: Dracovish|Fishious Rend|p2a: Gusi
|-damage|p2a: Gusi|0 fnt
|faint|p2a: Gusi
|
|upkeep
|c|☆RTXSophie|lol
|
|switch|p2a: Memeikyu|Mimikyu-Busted, M|36/100 brn
|turn|19
|
|move|p2a: Memeikyu|Play Rough|p1a: Dracovish
|-supereffective|p1a: Dracovish
|-damage|p1a: Dracovish|33/100
|-damage|p2a: Memeikyu|26/100 brn|[from] item: Life Orb
|move|p1a: Dracovish|Fishious Rend|p2a: Memeikyu
|-damage|p2a: Memeikyu|0 fnt
|faint|p2a: Memeikyu
|
|upkeep
|c|☆RTXSophie|lol
|
|switch|p2a: Bimo|Rotom-Heat|65/100
|turn|20
|
|switch|p1a: Dracozolt|Dracozolt|100/100
|move|p2a: Bimo|Volt Switch|p1a: Dracozolt
|-resisted|p1a: Dracozolt
|-damage|p1a: Dracozolt|90/100
|
|upkeep
|turn|21
|-message|JoshVermaas forfeited.
|
|win|RTXSophie
|l|☆JoshVermaas
