|ScrapeTime|2020-01-01-22:44:24
|j|☆Lisasoou
|j|☆Grimreminder09
|player|p1|Lisasoou|38|1455
|player|p2|Grimreminder09|126|1481
|teamsize|p1|6
|teamsize|p2|6
|gametype|singles
|gen|8
|tier|[Gen 8] OU
|rated|
|rule|Sleep Clause Mod: Limit one foe put to sleep
|rule|Species Clause: Limit one of each Pokémon
|rule|OHKO Clause: OHKO moves are banned
|rule|Evasion Moves Clause: Evasion moves are banned
|rule|Endless Battle Clause: Forcing endless battles is banned
|rule|HP Percentage Mod: HP is shown in percentages
|clearpoke
|poke|p1|Aegislash, F|
|poke|p1|Dracovish|
|poke|p1|Dragapult, M|
|poke|p1|Hatterene, F|
|poke|p1|Corviknight, F|
|poke|p1|Hydreigon, F|
|poke|p2|Dracovish|
|poke|p2|Pelipper, M|
|poke|p2|Excadrill, F|
|poke|p2|Toxtricity-Low-Key, M|
|poke|p2|Ferrothorn, F|
|poke|p2|Hydreigon, M|
|rule|Dynamax Clause: You cannot dynamax
|teampreview
|inactive|Battle timer is ON: inactive players will automatically lose when time's up. (requested by Lisasoou)
|
|start
|switch|p1a: Dragapult|Dragapult, M|100/100
|switch|p2a: Hydreigon|Hydreigon, M|100/100
|turn|1
|
|move|p1a: Dragapult|Draco Meteor|p2a: Hydreigon
|-supereffective|p2a: Hydreigon
|-damage|p2a: Hydreigon|0 fnt
|-unboost|p1a: Dragapult|spa|2
|faint|p2a: Hydreigon
|
|upkeep
|
|switch|p2a: Dracovish|Dracovish|100/100
|turn|2
|
|switch|p1a: Aegislash|Aegislash, F|100/100
|move|p2a: Dracovish|Fishious Rend|p1a: Aegislash
|-damage|p1a: Aegislash|0 fnt
|faint|p1a: Aegislash
|
|upkeep
|
|switch|p1a: Dragapult|Dragapult, M|100/100
|turn|3
|
|switch|p2a: Pelipper|Pelipper, M|100/100
|-weather|RainDance|[from] ability: Drizzle|[of] p2a: Pelipper
|move|p1a: Dragapult|Draco Meteor|p2a: Pelipper
|-damage|p2a: Pelipper|16/100
|-unboost|p1a: Dragapult|spa|2
|
|-weather|RainDance|[upkeep]
|upkeep
|turn|4
|
|switch|p2a: Ferrothorn|Ferrothorn, F, shiny|100/100
|move|p1a: Dragapult|Draco Meteor|p2a: Ferrothorn
|-resisted|p2a: Ferrothorn
|-damage|p2a: Ferrothorn|91/100
|-unboost|p1a: Dragapult|spa|2
|
|-weather|RainDance|[upkeep]
|-heal|p2a: Ferrothorn|97/100|[from] item: Leftovers
|upkeep
|turn|5
|
|switch|p1a: Hatterene|Hatterene, F|100/100
|move|p2a: Ferrothorn|Gyro Ball|p1a: Hatterene
|-supereffective|p1a: Hatterene
|-damage|p1a: Hatterene|74/100
|
|-weather|RainDance|[upkeep]
|-heal|p1a: Hatterene|80/100|[from] item: Leftovers
|-heal|p2a: Ferrothorn|100/100|[from] item: Leftovers
|upkeep
|turn|6
|
|move|p1a: Hatterene|Nuzzle|p2a: Ferrothorn
|-resisted|p2a: Ferrothorn
|-damage|p2a: Ferrothorn|99/100
|-damage|p1a: Hatterene|68/100|[from] ability: Iron Barbs|[of] p2a: Ferrothorn
|-status|p2a: Ferrothorn|par
|move|p2a: Ferrothorn|Gyro Ball|p1a: Hatterene
|-supereffective|p1a: Hatterene
|-damage|p1a: Hatterene|13/100
|
|-weather|RainDance|[upkeep]
|-heal|p1a: Hatterene|19/100|[from] item: Leftovers
|-heal|p2a: Ferrothorn|100/100 par|[from] item: Leftovers
|upkeep
|turn|7
|c|☆Grimreminder09|wait it gets nuzzle
|c|☆Grimreminder09|tf
|
|move|p1a: Hatterene|Mystical Fire|p2a: Ferrothorn
|-supereffective|p2a: Ferrothorn
|-damage|p2a: Ferrothorn|69/100 par
|-unboost|p2a: Ferrothorn|spa|1
|cant|p2a: Ferrothorn|par
|
|-weather|RainDance|[upkeep]
|-heal|p1a: Hatterene|25/100|[from] item: Leftovers
|-heal|p2a: Ferrothorn|75/100 par|[from] item: Leftovers
|upkeep
|turn|8
|
|switch|p1a: Hydreigon|Hydreigon, F|100/100
|cant|p2a: Ferrothorn|par
|
|-weather|RainDance|[upkeep]
|-heal|p2a: Ferrothorn|81/100 par|[from] item: Leftovers
|upkeep
|turn|9
|
|move|p1a: Hydreigon|Substitute|p1a: Hydreigon
|-start|p1a: Hydreigon|Substitute
|-damage|p1a: Hydreigon|76/100
|move|p2a: Ferrothorn|Gyro Ball|p1a: Hydreigon
|-end|p1a: Hydreigon|Substitute
|
|-weather|RainDance|[upkeep]
|-heal|p1a: Hydreigon|82/100|[from] item: Leftovers
|-heal|p2a: Ferrothorn|87/100 par|[from] item: Leftovers
|upkeep
|turn|10
|
|switch|p2a: Toxtricity|Toxtricity-Low-Key, M|100/100
|move|p1a: Hydreigon|Dark Pulse|p2a: Toxtricity
|-damage|p2a: Toxtricity|42/100
|
|-weather|none
|-heal|p1a: Hydreigon|88/100|[from] item: Leftovers
|upkeep
|turn|11
|
|move|p1a: Hydreigon|Dark Pulse|p2a: Toxtricity
|-damage|p2a: Toxtricity|0 fnt
|faint|p2a: Toxtricity
|
|-heal|p1a: Hydreigon|94/100|[from] item: Leftovers
|upkeep
|
|switch|p2a: Dracovish|Dracovish|100/100
|turn|12
|
|switch|p1a: Hatterene|Hatterene, F|25/100
|move|p2a: Dracovish|Outrage|p1a: Hatterene
|-immune|p1a: Hatterene
|
|-heal|p1a: Hatterene|31/100|[from] item: Leftovers
|upkeep
|turn|13
|
|switch|p2a: Excadrill|Excadrill, F|100/100
|-ability|p2a: Excadrill|Mold Breaker
|move|p1a: Hatterene|Mystical Fire|p2a: Excadrill
|-supereffective|p2a: Excadrill
|-damage|p2a: Excadrill|43/100
|-unboost|p2a: Excadrill|spa|1
|
|-heal|p1a: Hatterene|37/100|[from] item: Leftovers
|upkeep
|turn|14
|
|move|p2a: Excadrill|Stealth Rock|p1a: Hatterene
|-sidestart|p1: Lisasoou|move: Stealth Rock
|move|p1a: Hatterene|Mystical Fire|p2a: Excadrill
|-supereffective|p2a: Excadrill
|-damage|p2a: Excadrill|0 fnt
|faint|p2a: Excadrill
|
|-heal|p1a: Hatterene|43/100|[from] item: Leftovers
|upkeep
|
|switch|p2a: Dracovish|Dracovish|100/100
|turn|15
|
|move|p2a: Dracovish|Fishious Rend|p1a: Hatterene
|-damage|p1a: Hatterene|0 fnt
|faint|p1a: Hatterene
|
|upkeep
|
|switch|p1a: Dragapult|Dragapult, M|100/100
|-damage|p1a: Dragapult|88/100|[from] Stealth Rock
|turn|16
|
|switch|p2a: Pelipper|Pelipper, M|16/100
|-weather|RainDance|[from] ability: Drizzle|[of] p2a: Pelipper
|move|p1a: Dragapult|Draco Meteor|p2a: Pelipper
|-damage|p2a: Pelipper|0 fnt
|-unboost|p1a: Dragapult|spa|2
|faint|p2a: Pelipper
|
|-weather|RainDance|[upkeep]
|upkeep
|
|switch|p2a: Dracovish|Dracovish|100/100
|turn|17
|
|switch|p1a: Dracovish|Dracovish|100/100
|-damage|p1a: Dracovish|88/100|[from] Stealth Rock
|move|p2a: Dracovish|Fishious Rend|p1a: Dracovish
|-resisted|p1a: Dracovish
|-crit|p1a: Dracovish
|-damage|p1a: Dracovish|0 fnt
|faint|p1a: Dracovish
|
|-weather|RainDance|[upkeep]
|upkeep
|
|switch|p1a: Dragapult|Dragapult, M|88/100
|-damage|p1a: Dragapult|76/100|[from] Stealth Rock
|turn|18
|
|switch|p2a: Ferrothorn|Ferrothorn, F, shiny|87/100 par
|move|p1a: Dragapult|Draco Meteor|p2a: Ferrothorn
|-resisted|p2a: Ferrothorn
|-damage|p2a: Ferrothorn|67/100 par
|-unboost|p1a: Dragapult|spa|2
|
|-weather|RainDance|[upkeep]
|-heal|p2a: Ferrothorn|73/100 par|[from] item: Leftovers
|upkeep
|turn|19
|
|switch|p1a: Corviknight|Corviknight, F|100/100
|-damage|p1a: Corviknight|88/100|[from] Stealth Rock
|switch|p2a: Dracovish|Dracovish|100/100
|
|-weather|RainDance|[upkeep]
|-heal|p1a: Corviknight|94/100|[from] item: Leftovers
|upkeep
|turn|20
|
|switch|p1a: Hydreigon|Hydreigon, F|94/100
|-damage|p1a: Hydreigon|82/100|[from] Stealth Rock
|move|p2a: Dracovish|Fishious Rend|p1a: Hydreigon
|-resisted|p1a: Hydreigon
|-damage|p1a: Hydreigon|0 fnt
|faint|p1a: Hydreigon
|
|-weather|RainDance|[upkeep]
|upkeep
|
|switch|p1a: Dragapult|Dragapult, M|76/100
|-damage|p1a: Dragapult|64/100|[from] Stealth Rock
|turn|21
|
|switch|p2a: Ferrothorn|Ferrothorn, F, shiny|73/100 par
|move|p1a: Dragapult|U-turn|p2a: Ferrothorn
|-crit|p2a: Ferrothorn
|-damage|p2a: Ferrothorn|53/100 par
|-damage|p1a: Dragapult|51/100|[from] ability: Iron Barbs|[of] p2a: Ferrothorn
|
|switch|p1a: Corviknight|Corviknight, F|94/100|[from]move: U-turn
|-damage|p1a: Corviknight|82/100|[from] Stealth Rock
|
|-weather|RainDance|[upkeep]
|-heal|p1a: Corviknight|88/100|[from] item: Leftovers
|-heal|p2a: Ferrothorn|59/100 par|[from] item: Leftovers
|upkeep
|turn|22
|
|switch|p2a: Dracovish|Dracovish|100/100
|move|p1a: Corviknight|Substitute|p1a: Corviknight
|-start|p1a: Corviknight|Substitute
|-damage|p1a: Corviknight|63/100
|
|-weather|RainDance|[upkeep]
|-heal|p1a: Corviknight|69/100|[from] item: Leftovers
|upkeep
|turn|23
|
|move|p2a: Dracovish|Fishious Rend|p1a: Corviknight
|-end|p1a: Corviknight|Substitute
|move|p1a: Corviknight|Bulk Up|p1a: Corviknight
|-boost|p1a: Corviknight|atk|1
|-boost|p1a: Corviknight|def|1
|
|-weather|none
|-heal|p1a: Corviknight|75/100|[from] item: Leftovers
|upkeep
|turn|24
|
|move|p2a: Dracovish|Fishious Rend|p1a: Corviknight
|-damage|p1a: Corviknight|0 fnt
|faint|p1a: Corviknight
|
|upkeep
|
|switch|p1a: Dragapult|Dragapult, M|51/100
|-damage|p1a: Dragapult|39/100|[from] Stealth Rock
|turn|25
|
|move|p1a: Dragapult|Draco Meteor|p2a: Dracovish
|-supereffective|p2a: Dracovish
|-damage|p2a: Dracovish|0 fnt
|-unboost|p1a: Dragapult|spa|2
|faint|p2a: Dracovish
|
|upkeep
|
|switch|p2a: Ferrothorn|Ferrothorn, F, shiny|59/100 par
|turn|26
|
|move|p1a: Dragapult|Draco Meteor|p2a: Ferrothorn|[miss]
|-miss|p1a: Dragapult|p2a: Ferrothorn
|cant|p2a: Ferrothorn|par
|
|-heal|p2a: Ferrothorn|66/100 par|[from] item: Leftovers
|upkeep
|turn|27
|
|move|p1a: Dragapult|Draco Meteor|p2a: Ferrothorn
|-resisted|p2a: Ferrothorn
|-damage|p2a: Ferrothorn|56/100 par
|-unboost|p1a: Dragapult|spa|2
|cant|p2a: Ferrothorn|par
|
|-heal|p2a: Ferrothorn|62/100 par|[from] item: Leftovers
|upkeep
|turn|28
|
|-activate|p1a: Dragapult|move: Struggle
|move|p1a: Dragapult|Struggle|p2a: Ferrothorn
|-damage|p2a: Ferrothorn|52/100 par
|-damage|p1a: Dragapult|27/100|[from] ability: Iron Barbs|[of] p2a: Ferrothorn
|-damage|p1a: Dragapult|2/100|[from] recoil
|cant|p2a: Ferrothorn|par
|
|-heal|p2a: Ferrothorn|58/100 par|[from] item: Leftovers
|upkeep
|turn|29
|-message|Lisasoou forfeited.
|
|win|Grimreminder09
|l|☆Lisasoou
