|ScrapeTime|2020-01-01-15:35:01
|j|☆LeviXypher-san
|j|☆IM A G3NG4R
|player|p1|LeviXypher-san|70|1040
|player|p2|IM A G3NG4R|acerola|1041
|teamsize|p1|6
|teamsize|p2|6
|gametype|singles
|gen|8
|tier|[Gen 8] OU
|rated|
|rule|Sleep Clause Mod: Limit one foe put to sleep
|rule|Species Clause: Limit one of each Pokémon
|rule|OHKO Clause: OHKO moves are banned
|rule|Evasion Moves Clause: Evasion moves are banned
|rule|Endless Battle Clause: Forcing endless battles is banned
|rule|HP Percentage Mod: HP is shown in percentages
|clearpoke
|poke|p1|Dracozolt|
|poke|p1|Ferrothorn, M|
|poke|p1|Polteageist|
|poke|p1|Rotom-Wash|
|poke|p1|Cinderace, M|
|poke|p1|Dhelmise|
|poke|p2|Bisharp, F|
|poke|p2|Ditto|
|poke|p2|Toxtricity, F|
|poke|p2|Dragapult, F|
|poke|p2|Gyarados, M|
|poke|p2|Excadrill, F|
|rule|Dynamax Clause: You cannot dynamax
|teampreview
|inactive|Battle timer is ON: inactive players will automatically lose when time's up. (requested by IM A G3NG4R)
|
|start
|switch|p1a: Ferrothorn|Ferrothorn, M|100/100
|switch|p2a: Dragapult|Dragapult, F|100/100
|turn|1
|
|move|p2a: Dragapult|Flamethrower|p1a: Ferrothorn
|-supereffective|p1a: Ferrothorn
|-damage|p1a: Ferrothorn|0 fnt
|faint|p1a: Ferrothorn
|
|upkeep
|
|switch|p1a: Rotom|Rotom-Wash|100/100
|turn|2
|
|switch|p2a: Gyarados|Gyarados, M|100/100
|move|p1a: Rotom|Volt Switch|p2a: Gyarados
|-supereffective|p2a: Gyarados
|-damage|p2a: Gyarados|0 fnt
|faint|p2a: Gyarados
|
|switch|p1a: Cinderace|Cinderace, M|100/100|[from]move: Volt Switch
|
|upkeep
|
|switch|p2a: Excadrill|Excadrill, F|100/100
|-ability|p2a: Excadrill|Mold Breaker
|turn|3
|
|move|p1a: Cinderace|Pyro Ball|p2a: Excadrill
|-supereffective|p2a: Excadrill
|-enditem|p2a: Excadrill|Focus Sash
|-damage|p2a: Excadrill|1/100
|move|p2a: Excadrill|Earthquake|p1a: Cinderace
|-supereffective|p1a: Cinderace
|-damage|p1a: Cinderace|0 fnt
|faint|p1a: Cinderace
|
|upkeep
|
|switch|p1a: Rotom|Rotom-Wash|100/100
|turn|4
|
|move|p2a: Excadrill|Earthquake|p1a: Rotom
|-supereffective|p1a: Rotom
|-crit|p1a: Rotom
|-damage|p1a: Rotom|0 fnt
|faint|p1a: Rotom
|
|upkeep
|
|switch|p1a: Dhelmise|Dhelmise|100/100
|turn|5
|
|move|p2a: Excadrill|Stealth Rock|p1a: Dhelmise
|-sidestart|p1: LeviXypher-san|move: Stealth Rock
|move|p1a: Dhelmise|Shadow Claw|p2a: Excadrill
|-damage|p2a: Excadrill|0 fnt
|faint|p2a: Excadrill
|
|upkeep
|
|switch|p2a: Bisharp|Bisharp, F|100/100
|turn|6
|
|move|p2a: Bisharp|Swords Dance|p2a: Bisharp
|-boost|p2a: Bisharp|atk|2
|move|p1a: Dhelmise|Rapid Spin|p2a: Bisharp
|-resisted|p2a: Bisharp
|-damage|p2a: Bisharp|89/100
|-sideend|p1: LeviXypher-san|Stealth Rock|[from] move: Rapid Spin|[of] p1a: Dhelmise
|-boost|p1a: Dhelmise|spe|1
|
|upkeep
|turn|7
|
|move|p2a: Bisharp|Throat Chop|p1a: Dhelmise
|-supereffective|p1a: Dhelmise
|-damage|p1a: Dhelmise|0 fnt
|faint|p1a: Dhelmise
|
|upkeep
|
|switch|p1a: Dracozolt|Dracozolt|100/100
|turn|8
|
|move|p2a: Bisharp|Sucker Punch|p1a: Dracozolt
|-damage|p1a: Dracozolt|0 fnt
|faint|p1a: Dracozolt
|
|upkeep
|-message|LeviXypher-san forfeited.
|
|win|IM A G3NG4R
|l|☆LeviXypher-san
