|ScrapeTime|2020-01-01-06:55:34
|j|☆pastagirl
|j|☆Basic Plains
|player|p1|pastagirl|beauty-gen4dp|1330
|player|p2|Basic Plains|101|1303
|teamsize|p1|6
|teamsize|p2|6
|gametype|singles
|gen|8
|tier|[Gen 8] OU
|rated|
|rule|Sleep Clause Mod: Limit one foe put to sleep
|rule|Species Clause: Limit one of each Pokémon
|rule|OHKO Clause: OHKO moves are banned
|rule|Evasion Moves Clause: Evasion moves are banned
|rule|Endless Battle Clause: Forcing endless battles is banned
|rule|HP Percentage Mod: HP is shown in percentages
|clearpoke
|poke|p1|Togekiss, F|
|poke|p1|Mamoswine, M|
|poke|p1|Ferrothorn, M|
|poke|p1|Dracozolt|
|poke|p1|Conkeldurr, F|
|poke|p1|Toxapex, M|
|poke|p2|Bisharp, M|
|poke|p2|Toxtricity, F|
|poke|p2|Ribombee, M|
|poke|p2|Excadrill, F|
|poke|p2|Dragapult, M|
|poke|p2|Dracovish|
|rule|Dynamax Clause: You cannot dynamax
|teampreview
|
|start
|switch|p1a: Togekiss|Togekiss, F|100/100
|switch|p2a: Ribombee|Ribombee, M|100/100
|turn|1
|
|move|p1a: Togekiss|Air Slash|p2a: Ribombee
|-supereffective|p2a: Ribombee
|-crit|p2a: Ribombee
|-enditem|p2a: Ribombee|Focus Sash
|-damage|p2a: Ribombee|1/100
|move|p2a: Ribombee|Sticky Web|p1a: Togekiss
|-sidestart|p1: pastagirl|move: Sticky Web
|
|upkeep
|turn|2
|
|switch|p2a: Bisharp|Bisharp, M|100/100
|move|p1a: Togekiss|Air Slash|p2a: Bisharp
|-resisted|p2a: Bisharp
|-damage|p2a: Bisharp|76/100
|
|-heal|p2a: Bisharp|82/100|[from] item: Leftovers
|upkeep
|turn|3
|
|switch|p1a: Ferrothorn|Ferrothorn, M|100/100
|-activate|p1a: Ferrothorn|move: Sticky Web
|-unboost|p1a: Ferrothorn|spe|1
|switch|p2a: Dragapult|Dragapult, M|100/100
|
|upkeep
|turn|4
|
|switch|p1a: Toxapex|Toxapex, M|100/100
|-activate|p1a: Toxapex|move: Sticky Web
|-unboost|p1a: Toxapex|spe|1
|move|p2a: Dragapult|Flamethrower|p1a: Toxapex
|-resisted|p1a: Toxapex
|-damage|p1a: Toxapex|84/100
|
|-heal|p1a: Toxapex|90/100|[from] item: Black Sludge
|upkeep
|turn|5
|
|switch|p2a: Excadrill|Excadrill, F|100/100
|-ability|p2a: Excadrill|Mold Breaker
|-item|p2a: Excadrill|Air Balloon
|switch|p1a: Togekiss|Togekiss, F|100/100
|
|upkeep
|turn|6
|
|switch|p2a: Dragapult|Dragapult, M|100/100
|move|p1a: Togekiss|Fire Blast|p2a: Dragapult
|-resisted|p2a: Dragapult
|-damage|p2a: Dragapult|77/100
|
|upkeep
|turn|7
|
|switch|p1a: Toxapex|Toxapex, M|100/100
|-activate|p1a: Toxapex|move: Sticky Web
|-unboost|p1a: Toxapex|spe|1
|switch|p2a: Toxtricity|Toxtricity, F|100/100
|
|upkeep
|turn|8
|
|switch|p1a: Ferrothorn|Ferrothorn, M|100/100
|-activate|p1a: Ferrothorn|move: Sticky Web
|-unboost|p1a: Ferrothorn|spe|1
|move|p2a: Toxtricity|Boomburst|p1a: Ferrothorn
|-resisted|p1a: Ferrothorn
|-damage|p1a: Ferrothorn|61/100
|
|-heal|p1a: Ferrothorn|68/100|[from] item: Leftovers
|upkeep
|turn|9
|
|switch|p2a: Excadrill|Excadrill, F|100/100
|-ability|p2a: Excadrill|Mold Breaker
|-item|p2a: Excadrill|Air Balloon
|switch|p1a: Mamoswine|Mamoswine, M|100/100
|-activate|p1a: Mamoswine|move: Sticky Web
|-unboost|p1a: Mamoswine|spe|1
|
|upkeep
|turn|10
|
|switch|p1a: Ferrothorn|Ferrothorn, M|68/100
|-activate|p1a: Ferrothorn|move: Sticky Web
|-unboost|p1a: Ferrothorn|spe|1
|move|p2a: Excadrill|Rapid Spin|p1a: Ferrothorn
|-resisted|p1a: Ferrothorn
|-damage|p1a: Ferrothorn|62/100
|-damage|p2a: Excadrill|88/100|[from] ability: Iron Barbs|[of] p1a: Ferrothorn
|-boost|p2a: Excadrill|spe|1
|
|-heal|p1a: Ferrothorn|69/100|[from] item: Leftovers
|upkeep
|turn|11
|
|move|p2a: Excadrill|Stealth Rock|p1a: Ferrothorn
|-sidestart|p1: pastagirl|move: Stealth Rock
|move|p1a: Ferrothorn|Leech Seed|p2a: Excadrill
|-start|p2a: Excadrill|move: Leech Seed
|
|-heal|p1a: Ferrothorn|75/100|[from] item: Leftovers
|-damage|p2a: Excadrill|76/100|[from] Leech Seed|[of] p1a: Ferrothorn
|-heal|p1a: Ferrothorn|88/100|[silent]
|upkeep
|turn|12
|
|switch|p2a: Dragapult|Dragapult, M|77/100
|move|p1a: Ferrothorn|Power Whip|p2a: Dragapult
|-resisted|p2a: Dragapult
|-damage|p2a: Dragapult|50/100
|
|-heal|p1a: Ferrothorn|94/100|[from] item: Leftovers
|upkeep
|turn|13
|
|move|p2a: Dragapult|Shadow Ball|p1a: Ferrothorn
|-damage|p1a: Ferrothorn|50/100
|move|p1a: Ferrothorn|Stealth Rock|p2a: Dragapult
|-sidestart|p2: Basic Plains|move: Stealth Rock
|
|-heal|p1a: Ferrothorn|56/100|[from] item: Leftovers
|upkeep
|turn|14
|
|switch|p1a: Toxapex|Toxapex, M|100/100
|-activate|p1a: Toxapex|move: Sticky Web
|-unboost|p1a: Toxapex|spe|1
|-damage|p1a: Toxapex|88/100|[from] Stealth Rock
|move|p2a: Dragapult|Shadow Ball|p1a: Toxapex
|-damage|p1a: Toxapex|49/100
|
|-heal|p1a: Toxapex|55/100|[from] item: Black Sludge
|upkeep
|turn|15
|
|switch|p2a: Excadrill|Excadrill, F|76/100
|-damage|p2a: Excadrill|73/100|[from] Stealth Rock
|-ability|p2a: Excadrill|Mold Breaker
|-item|p2a: Excadrill|Air Balloon
|move|p1a: Toxapex|Recover|p1a: Toxapex
|-heal|p1a: Toxapex|100/100
|
|upkeep
|turn|16
|
|move|p2a: Excadrill|Rapid Spin|p1a: Toxapex
|-crit|p1a: Toxapex
|-damage|p1a: Toxapex|82/100
|-sideend|p2: Basic Plains|Stealth Rock|[from] move: Rapid Spin|[of] p2a: Excadrill
|-boost|p2a: Excadrill|spe|1
|move|p1a: Toxapex|Scald|p2a: Excadrill
|-supereffective|p2a: Excadrill
|-damage|p2a: Excadrill|24/100
|-enditem|p2a: Excadrill|Air Balloon
|
|-heal|p1a: Toxapex|89/100|[from] item: Black Sludge
|upkeep
|turn|17
|
|switch|p1a: Togekiss|Togekiss, F|100/100
|-damage|p1a: Togekiss|76/100|[from] Stealth Rock
|move|p2a: Excadrill|Earthquake|p1a: Togekiss
|-immune|p1a: Togekiss
|
|upkeep
|turn|18
|inactive|Battle timer is ON: inactive players will automatically lose when time's up. (requested by Basic Plains)
|
|switch|p2a: Ribombee|Ribombee, M|1/100
|switch|p1a: Conkeldurr|Conkeldurr, F|100/100
|-activate|p1a: Conkeldurr|move: Sticky Web
|-unboost|p1a: Conkeldurr|spe|1
|-damage|p1a: Conkeldurr|94/100|[from] Stealth Rock
|
|-status|p1a: Conkeldurr|brn|[from] item: Flame Orb
|upkeep
|turn|19
|
|move|p2a: Ribombee|Moonblast|p1a: Conkeldurr
|-supereffective|p1a: Conkeldurr
|-damage|p1a: Conkeldurr|7/100 brn
|move|p1a: Conkeldurr|Defog|p2a: Ribombee
|-unboost|p2a: Ribombee|evasion|1
|-sideend|p1: pastagirl|Stealth Rock|[from] move: Defog|[of] p1a: Conkeldurr
|-sideend|p1: pastagirl|Sticky Web|[from] move: Defog|[of] p1a: Conkeldurr
|
|-damage|p1a: Conkeldurr|1/100 brn|[from] brn
|upkeep
|turn|20
|inactive|Basic Plains has 120 seconds left.
|
|move|p1a: Conkeldurr|Mach Punch|p2a: Ribombee
|-resisted|p2a: Ribombee
|-damage|p2a: Ribombee|0 fnt
|faint|p2a: Ribombee
|
|-damage|p1a: Conkeldurr|0 fnt|[from] brn
|faint|p1a: Conkeldurr
|upkeep
|inactive|Basic Plains has 120 seconds left.
|inactive|pastagirl has 120 seconds left.
|
|switch|p2a: Excadrill|Excadrill, F|24/100
|switch|p1a: Mamoswine|Mamoswine, M|100/100
|-ability|p2a: Excadrill|Mold Breaker
|turn|21
|
|switch|p1a: Ferrothorn|Ferrothorn, M|56/100
|move|p2a: Excadrill|Stealth Rock|p1a: Ferrothorn
|-sidestart|p1: pastagirl|move: Stealth Rock
|
|-heal|p1a: Ferrothorn|62/100|[from] item: Leftovers
|upkeep
|turn|22
|
|move|p2a: Excadrill|Earthquake|p1a: Ferrothorn
|-damage|p1a: Ferrothorn|29/100
|move|p1a: Ferrothorn|Stealth Rock|p2a: Excadrill
|-sidestart|p2: Basic Plains|move: Stealth Rock
|
|-heal|p1a: Ferrothorn|35/100|[from] item: Leftovers
|upkeep
|turn|23
|
|move|p2a: Excadrill|Rapid Spin|p1a: Ferrothorn
|-resisted|p1a: Ferrothorn
|-damage|p1a: Ferrothorn|29/100
|-damage|p2a: Excadrill|11/100|[from] ability: Iron Barbs|[of] p1a: Ferrothorn
|-sideend|p2: Basic Plains|Stealth Rock|[from] move: Rapid Spin|[of] p2a: Excadrill
|-boost|p2a: Excadrill|spe|1
|move|p1a: Ferrothorn|Power Whip|p2a: Excadrill|[miss]
|-miss|p1a: Ferrothorn|p2a: Excadrill
|
|-heal|p1a: Ferrothorn|36/100|[from] item: Leftovers
|upkeep
|turn|24
|
|move|p2a: Excadrill|Earthquake|p1a: Ferrothorn
|-damage|p1a: Ferrothorn|2/100
|move|p1a: Ferrothorn|Stealth Rock|p2a: Excadrill
|-sidestart|p2: Basic Plains|move: Stealth Rock
|
|-heal|p1a: Ferrothorn|9/100|[from] item: Leftovers
|upkeep
|turn|25
|
|switch|p1a: Togekiss|Togekiss, F|76/100
|-damage|p1a: Togekiss|51/100|[from] Stealth Rock
|move|p2a: Excadrill|Earthquake|p1a: Togekiss
|-immune|p1a: Togekiss
|
|upkeep
|turn|26
|
|switch|p1a: Ferrothorn|Ferrothorn, M|9/100
|-damage|p1a: Ferrothorn|2/100|[from] Stealth Rock
|move|p2a: Excadrill|Iron Head|p1a: Ferrothorn
|-resisted|p1a: Ferrothorn
|-damage|p1a: Ferrothorn|0 fnt
|-damage|p2a: Excadrill|0 fnt|[from] ability: Iron Barbs|[of] p1a: Ferrothorn
|faint|p1a: Ferrothorn
|faint|p2a: Excadrill
|
|upkeep
|inactive|pastagirl has 120 seconds left.
|inactive|Basic Plains has 120 seconds left.
|inactive|pastagirl has 90 seconds left.
|
|switch|p2a: Dragapult|Dragapult, M|50/100
|switch|p1a: Dracozolt|Dracozolt|100/100
|-damage|p2a: Dragapult|38/100|[from] Stealth Rock
|-damage|p1a: Dracozolt|88/100|[from] Stealth Rock
|turn|27
|inactive|pastagirl has 90 seconds left.
|inactive|Basic Plains has 90 seconds left.
|
|switch|p2a: Toxtricity|Toxtricity, F|100/100
|-damage|p2a: Toxtricity|88/100|[from] Stealth Rock
|switch|p1a: Mamoswine|Mamoswine, M|100/100
|-damage|p1a: Mamoswine|88/100|[from] Stealth Rock
|
|upkeep
|turn|28
|
|switch|p2a: Dracovish|Dracovish|100/100
|-damage|p2a: Dracovish|88/100|[from] Stealth Rock
|move|p1a: Mamoswine|Earthquake|p2a: Dracovish
|-damage|p2a: Dracovish|43/100
|
|upkeep
|turn|29
|
|switch|p1a: Dracozolt|Dracozolt|88/100
|-damage|p1a: Dracozolt|76/100|[from] Stealth Rock
|move|p2a: Dracovish|Fishious Rend|p1a: Dracozolt
|-resisted|p1a: Dracozolt
|-damage|p1a: Dracozolt|19/100
|
|upkeep
|turn|30
|
|move|p2a: Dracovish|Fishious Rend|p1a: Dracozolt
|-resisted|p1a: Dracozolt
|-crit|p1a: Dracozolt
|-damage|p1a: Dracozolt|0 fnt
|faint|p1a: Dracozolt
|
|upkeep
|
|switch|p1a: Togekiss|Togekiss, F|51/100
|-damage|p1a: Togekiss|26/100|[from] Stealth Rock
|turn|31
|inactive|Basic Plains has 90 seconds left.
|
|move|p1a: Togekiss|Dazzling Gleam|p2a: Dracovish
|-supereffective|p2a: Dracovish
|-damage|p2a: Dracovish|0 fnt
|faint|p2a: Dracovish
|
|upkeep
|
|switch|p2a: Toxtricity|Toxtricity, F|88/100
|-damage|p2a: Toxtricity|76/100|[from] Stealth Rock
|turn|32
|inactive|pastagirl has 90 seconds left.
|inactive|Basic Plains has 90 seconds left.
|
|move|p1a: Togekiss|Dazzling Gleam|p2a: Toxtricity
|-resisted|p2a: Toxtricity
|-damage|p2a: Toxtricity|47/100
|move|p2a: Toxtricity|Boomburst|p1a: Togekiss
|-damage|p1a: Togekiss|0 fnt
|faint|p1a: Togekiss
|
|upkeep
|
|switch|p1a: Mamoswine|Mamoswine, M|88/100
|-damage|p1a: Mamoswine|75/100|[from] Stealth Rock
|turn|33
|
|switch|p2a: Bisharp|Bisharp, M|82/100
|-damage|p2a: Bisharp|76/100|[from] Stealth Rock
|move|p1a: Mamoswine|Earthquake|p2a: Bisharp
|-supereffective|p2a: Bisharp
|-damage|p2a: Bisharp|0 fnt
|faint|p2a: Bisharp
|
|upkeep
|
|switch|p2a: Dragapult|Dragapult, M|38/100
|-damage|p2a: Dragapult|25/100|[from] Stealth Rock
|turn|34
|
|move|p2a: Dragapult|Shadow Ball|p1a: Mamoswine
|-damage|p1a: Mamoswine|49/100
|move|p1a: Mamoswine|Earthquake|p2a: Dragapult
|-damage|p2a: Dragapult|0 fnt
|faint|p2a: Dragapult
|
|upkeep
|
|switch|p2a: Toxtricity|Toxtricity, F|47/100
|-damage|p2a: Toxtricity|34/100|[from] Stealth Rock
|turn|35
|
|move|p1a: Mamoswine|Ice Shard|p2a: Toxtricity
|-damage|p2a: Toxtricity|6/100
|move|p2a: Toxtricity|Boomburst|p1a: Mamoswine
|-damage|p1a: Mamoswine|0 fnt
|faint|p1a: Mamoswine
|
|upkeep
|
|switch|p1a: Toxapex|Toxapex, M|100/100
|-damage|p1a: Toxapex|88/100|[from] Stealth Rock
|turn|36
|
|move|p2a: Toxtricity|Boomburst|p1a: Toxapex
|-damage|p1a: Toxapex|3/100
|move|p1a: Toxapex|Scald|p2a: Toxtricity
|-damage|p2a: Toxtricity|0 fnt
|faint|p2a: Toxtricity
|
|win|pastagirl
|c|☆pastagirl|lol
|raw|pastagirl's rating: 1330 → 1349(+19 for winning)
|raw|Basic Plains's rating: 1303 → 1285(-18 for losing)
|c|☆pastagirl|i almost choked
|c|☆Basic Plains|gg
|l|☆Basic Plains
|c|☆pastagirl|i forgot to click ice shard on pult
