|ScrapeTime|2020-01-01-06:45:26
|j|☆BandicootMan0913
|j|☆Lancetty
|player|p1|BandicootMan0913|hiker-gen4|1207
|player|p2|Lancetty|steven|1176
|teamsize|p1|6
|teamsize|p2|6
|gametype|singles
|gen|8
|tier|[Gen 8] OU
|rated|
|rule|Sleep Clause Mod: Limit one foe put to sleep
|rule|Species Clause: Limit one of each Pokémon
|rule|OHKO Clause: OHKO moves are banned
|rule|Evasion Moves Clause: Evasion moves are banned
|rule|Endless Battle Clause: Forcing endless battles is banned
|rule|HP Percentage Mod: HP is shown in percentages
|clearpoke
|poke|p1|Dracovish|
|poke|p1|Conkeldurr, M|
|poke|p1|Toxtricity, M|
|poke|p1|Pelipper, F|
|poke|p1|Seismitoad, M|
|poke|p1|Ferrothorn, F|
|poke|p2|Corsola-Galar, M|
|poke|p2|Hatterene, F|
|poke|p2|Dracovish|
|poke|p2|Orbeetle, M|
|poke|p2|Dragapult, F|
|poke|p2|Corviknight, M|
|rule|Dynamax Clause: You cannot dynamax
|teampreview
|c|☆BandicootMan0913|Glhf
|inactive|Battle timer is ON: inactive players will automatically lose when time's up. (requested by Lancetty)
|c|☆Lancetty|What
|
|start
|switch|p1a: Toxtricity|Toxtricity, M|100/100
|switch|p2a: Dragapult|Dragapult, F|100/100
|turn|1
|
|switch|p1a: Ferrothorn|Ferrothorn, F|100/100
|move|p2a: Dragapult|Draco Meteor|p1a: Ferrothorn
|-resisted|p1a: Ferrothorn
|-damage|p1a: Ferrothorn|59/100
|-unboost|p2a: Dragapult|spa|2
|
|-heal|p1a: Ferrothorn|65/100|[from] item: Leftovers
|upkeep
|turn|2
|
|switch|p2a: Hatterene|Hatterene, F|100/100
|move|p1a: Ferrothorn|Spikes|p2a: Hatterene
|move|p2a: Hatterene|Spikes|p1a: Ferrothorn|[from]Magic Bounce
|-sidestart|p1: BandicootMan0913|Spikes
|
|-heal|p1a: Ferrothorn|71/100|[from] item: Leftovers
|upkeep
|turn|3
|
|move|p1a: Ferrothorn|Protect|p1a: Ferrothorn
|-singleturn|p1a: Ferrothorn|Protect
|move|p2a: Hatterene|Substitute|p2a: Hatterene
|-start|p2a: Hatterene|Substitute
|-damage|p2a: Hatterene|75/100
|
|-heal|p2a: Hatterene|82/100|[from] item: Leftovers
|-heal|p1a: Ferrothorn|77/100|[from] item: Leftovers
|upkeep
|turn|4
|
|move|p2a: Hatterene|Mystical Fire|p1a: Ferrothorn
|-supereffective|p1a: Ferrothorn
|-damage|p1a: Ferrothorn|0 fnt
|faint|p1a: Ferrothorn
|
|-heal|p2a: Hatterene|88/100|[from] item: Leftovers
|upkeep
|
|switch|p1a: Toxtricity|Toxtricity, M|100/100
|-damage|p1a: Toxtricity|88/100|[from] Spikes
|turn|5
|
|move|p1a: Toxtricity|Volt Switch|p2a: Hatterene
|-end|p2a: Hatterene|Substitute
|
|switch|p1a: Pelipper|Pelipper, F|100/100|[from]move: Volt Switch
|-weather|RainDance|[from] ability: Drizzle|[of] p1a: Pelipper
|move|p2a: Hatterene|Psychic|p1a: Pelipper
|-damage|p1a: Pelipper|30/100
|
|-weather|RainDance|[upkeep]
|-heal|p2a: Hatterene|94/100|[from] item: Leftovers
|upkeep
|turn|6
|
|move|p1a: Pelipper|Scald|p2a: Hatterene
|-damage|p2a: Hatterene|50/100
|-status|p2a: Hatterene|brn
|move|p2a: Hatterene|Substitute|p2a: Hatterene
|-start|p2a: Hatterene|Substitute
|-damage|p2a: Hatterene|25/100 brn
|
|-weather|RainDance|[upkeep]
|-heal|p2a: Hatterene|31/100 brn|[from] item: Leftovers
|-damage|p2a: Hatterene|25/100 brn|[from] brn
|upkeep
|turn|7
|
|move|p1a: Pelipper|Scald|p2a: Hatterene
|-end|p2a: Hatterene|Substitute
|move|p2a: Hatterene|Psychic|p1a: Pelipper
|-damage|p1a: Pelipper|0 fnt
|faint|p1a: Pelipper
|
|-weather|RainDance|[upkeep]
|-heal|p2a: Hatterene|31/100 brn|[from] item: Leftovers
|-damage|p2a: Hatterene|25/100 brn|[from] brn
|upkeep
|
|switch|p1a: Seismitoad|Seismitoad, M|100/100
|-damage|p1a: Seismitoad|88/100|[from] Spikes
|turn|8
|
|switch|p2a: Corsola|Corsola-Galar, M|100/100
|move|p1a: Seismitoad|Earth Power|p2a: Corsola
|-damage|p2a: Corsola|79/100
|-unboost|p2a: Corsola|spd|1
|
|-weather|RainDance|[upkeep]
|upkeep
|turn|9
|
|switch|p2a: Orbeetle|Orbeetle, M|100/100
|-item|p1a: Seismitoad|Expert Belt|[from] ability: Frisk|[of] p2a: Orbeetle|[identify]
|move|p1a: Seismitoad|Hydro Pump|p2a: Orbeetle
|-damage|p2a: Orbeetle|46/100
|
|-weather|RainDance|[upkeep]
|upkeep
|turn|10
|
|move|p1a: Seismitoad|Hydro Pump|p2a: Orbeetle|[miss]
|-miss|p1a: Seismitoad|p2a: Orbeetle
|move|p2a: Orbeetle|Sticky Web|p1a: Seismitoad
|-sidestart|p1: BandicootMan0913|move: Sticky Web
|
|-weather|RainDance|[upkeep]
|upkeep
|turn|11
|
|move|p1a: Seismitoad|Hydro Pump|p2a: Orbeetle
|-damage|p2a: Orbeetle|0 fnt
|faint|p2a: Orbeetle
|
|-weather|RainDance|[upkeep]
|upkeep
|inactive|Lancetty has 120 seconds left.
|
|switch|p2a: Corsola|Corsola-Galar, M|79/100
|turn|12
|
|switch|p1a: Conkeldurr|Conkeldurr, M|100/100
|-activate|p1a: Conkeldurr|move: Sticky Web
|-unboost|p1a: Conkeldurr|spe|1
|-damage|p1a: Conkeldurr|88/100|[from] Spikes
|move|p2a: Corsola|Stealth Rock|p1a: Conkeldurr
|-sidestart|p1: BandicootMan0913|move: Stealth Rock
|
|-weather|none
|-status|p1a: Conkeldurr|brn|[from] item: Flame Orb
|upkeep
|turn|13
|
|move|p1a: Conkeldurr|Defog|p2a: Corsola
|-unboost|p2a: Corsola|evasion|1
|-sideend|p1: BandicootMan0913|Spikes|[from] move: Defog|[of] p1a: Conkeldurr
|-sideend|p1: BandicootMan0913|Stealth Rock|[from] move: Defog|[of] p1a: Conkeldurr
|-sideend|p1: BandicootMan0913|Sticky Web|[from] move: Defog|[of] p1a: Conkeldurr
|move|p2a: Corsola|Strength Sap|p1a: Conkeldurr
|-unboost|p1a: Conkeldurr|atk|1
|-heal|p2a: Corsola|100/100
|
|-damage|p1a: Conkeldurr|82/100 brn|[from] brn
|upkeep
|turn|14
|
|switch|p1a: Toxtricity|Toxtricity, M|88/100
|move|p2a: Corsola|Night Shade|p1a: Toxtricity
|-damage|p1a: Toxtricity|54/100
|
|upkeep
|turn|15
|
|move|p1a: Toxtricity|Overdrive|p2a: Corsola
|-damage|p2a: Corsola|70/100
|move|p2a: Corsola|Night Shade|p1a: Toxtricity
|-damage|p1a: Toxtricity|19/100
|
|upkeep
|turn|16
|
|move|p1a: Toxtricity|Overdrive|p2a: Corsola
|-damage|p2a: Corsola|40/100
|-start|p1a: Toxtricity|Disable|Overdrive|[from] ability: Cursed Body|[of] p2a: Corsola
|move|p2a: Corsola|Night Shade|p1a: Toxtricity
|-damage|p1a: Toxtricity|0 fnt
|faint|p1a: Toxtricity
|
|upkeep
|
|switch|p1a: Dracovish|Dracovish|100/100
|turn|17
|
|switch|p2a: Hatterene|Hatterene, F|25/100 brn
|move|p1a: Dracovish|Fishious Rend|p2a: Hatterene
|-damage|p2a: Hatterene|0 fnt
|faint|p2a: Hatterene
|
|upkeep
|
|switch|p2a: Dragapult|Dragapult, F|100/100
|turn|18
|
|switch|p1a: Seismitoad|Seismitoad, M|88/100
|move|p2a: Dragapult|Draco Meteor|p1a: Seismitoad
|-crit|p1a: Seismitoad
|-damage|p1a: Seismitoad|0 fnt
|-unboost|p2a: Dragapult|spa|2
|faint|p1a: Seismitoad
|
|upkeep
|
|switch|p1a: Conkeldurr|Conkeldurr, M|82/100 brn
|turn|19
|
|switch|p2a: Corsola|Corsola-Galar, M|40/100
|move|p1a: Conkeldurr|Thunder Punch|p2a: Corsola
|-damage|p2a: Corsola|15/100
|
|-damage|p1a: Conkeldurr|76/100 brn|[from] brn
|upkeep
|turn|20
|
|move|p1a: Conkeldurr|Thunder Punch|p2a: Corsola
|-crit|p2a: Corsola
|-damage|p2a: Corsola|0 fnt
|faint|p2a: Corsola
|
|-damage|p1a: Conkeldurr|70/100 brn|[from] brn
|upkeep
|
|switch|p2a: Corviknight|Corviknight, M|100/100
|turn|21
|
|move|p2a: Corviknight|Agility|p2a: Corviknight
|-boost|p2a: Corviknight|spe|2
|move|p1a: Conkeldurr|Drain Punch|p2a: Corviknight
|-damage|p2a: Corviknight|43/100
|-heal|p1a: Conkeldurr|98/100 brn|[from] drain|[of] p2a: Corviknight
|
|-heal|p2a: Corviknight|49/100|[from] item: Leftovers
|-damage|p1a: Conkeldurr|92/100 brn|[from] brn
|upkeep
|turn|22
|
|move|p2a: Corviknight|Roost|p2a: Corviknight
|-heal|p2a: Corviknight|99/100
|-singleturn|p2a: Corviknight|move: Roost
|move|p1a: Conkeldurr|Drain Punch|p2a: Corviknight
|-supereffective|p2a: Corviknight
|-damage|p2a: Corviknight|0 fnt
|-heal|p1a: Conkeldurr|100/100 brn|[from] drain|[of] p2a: Corviknight
|faint|p2a: Corviknight
|
|-damage|p1a: Conkeldurr|94/100 brn|[from] brn
|upkeep
|
|switch|p2a: Dracovish|Dracovish|100/100
|turn|23
|
|switch|p1a: Dracovish|Dracovish|100/100
|move|p2a: Dracovish|Fishious Rend|p1a: Dracovish
|-resisted|p1a: Dracovish
|-damage|p1a: Dracovish|56/100
|
|upkeep
|turn|24
|
|move|p1a: Dracovish|Outrage|p2a: Dracovish
|-supereffective|p2a: Dracovish
|-crit|p2a: Dracovish
|-damage|p2a: Dracovish|0 fnt
|faint|p2a: Dracovish
|
|upkeep
|
|switch|p2a: Dragapult|Dragapult, F|100/100
|turn|25
|
|move|p1a: Dracovish|Outrage|p2a: Dragapult|[from]lockedmove
|-supereffective|p2a: Dragapult
|-damage|p2a: Dragapult|0 fnt
|-start|p1a: Dracovish|confusion|[fatigue]
|faint|p2a: Dragapult
|
|win|BandicootMan0913
|raw|BandicootMan0913's rating: 1207 → 1229(+22 for winning)
|raw|Lancetty's rating: 1176 → 1154(-22 for losing)
|l|☆Lancetty
