|ScrapeTime|2020-01-02-23:38:55
|j|☆Fffffrrrrreeeez
|j|☆Shynigold
|player|p1|Fffffrrrrreeeez|1|1367
|player|p2|Shynigold|doctor|1318
|teamsize|p1|6
|teamsize|p2|6
|gametype|singles
|gen|8
|tier|[Gen 8] OU
|rated|
|rule|Sleep Clause Mod: Limit one foe put to sleep
|rule|Species Clause: Limit one of each Pokémon
|rule|OHKO Clause: OHKO moves are banned
|rule|Evasion Moves Clause: Evasion moves are banned
|rule|Endless Battle Clause: Forcing endless battles is banned
|rule|HP Percentage Mod: HP is shown in percentages
|clearpoke
|poke|p1|Whimsicott, M|
|poke|p1|Excadrill, M|
|poke|p1|Dragapult, F|
|poke|p1|Haxorus, F|
|poke|p1|Gengar, F|
|poke|p1|Toxicroak, M|
|poke|p2|Cinderace, M|
|poke|p2|Dracovish|
|poke|p2|Ditto|
|poke|p2|Bisharp, F|
|poke|p2|Grimmsnarl, M|
|poke|p2|Hawlucha, M|
|rule|Dynamax Clause: You cannot dynamax
|teampreview
|inactive|Battle timer is ON: inactive players will automatically lose when time's up. (requested by Fffffrrrrreeeez)
|
|start
|switch|p1a: Excadrill|Excadrill, M|100/100
|switch|p2a: Grimmsnarl|Grimmsnarl, M|100/100
|-ability|p1a: Excadrill|Mold Breaker
|turn|1
|
|move|p1a: Excadrill|Iron Head|p2a: Grimmsnarl
|-supereffective|p2a: Grimmsnarl
|-damage|p2a: Grimmsnarl|0 fnt
|faint|p2a: Grimmsnarl
|
|upkeep
|
|switch|p2a: Ditto|Ditto|100/100
|-transform|p2a: Ditto|p1a: Excadrill|[from] ability: Imposter
|-ability|p2a: Ditto|Mold Breaker
|turn|2
|
|switch|p2a: Hawlucha|Hawlucha, M|100/100
|switch|p1a: Whimsicott|Whimsicott, M|100/100
|
|upkeep
|turn|3
|
|move|p2a: Hawlucha|Brave Bird|p1a: Whimsicott
|-supereffective|p1a: Whimsicott
|-enditem|p1a: Whimsicott|Focus Sash
|-damage|p1a: Whimsicott|1/100
|-damage|p2a: Hawlucha|64/100|[from] Recoil
|move|p1a: Whimsicott|Moonblast|p2a: Hawlucha
|-supereffective|p2a: Hawlucha
|-damage|p2a: Hawlucha|0 fnt
|faint|p2a: Hawlucha
|
|upkeep
|
|switch|p2a: Ditto|Ditto|100/100
|-transform|p2a: Ditto|p1a: Whimsicott|[from] ability: Imposter
|turn|4
|
|move|p2a: Ditto|U-turn|p1a: Whimsicott
|-damage|p1a: Whimsicott|0 fnt
|faint|p1a: Whimsicott
|
|switch|p2a: Cinderace|Cinderace, M|100/100|[from]move: U-turn
|
|upkeep
|
|switch|p1a: Excadrill|Excadrill, M|100/100
|-ability|p1a: Excadrill|Mold Breaker
|turn|5
|
|move|p1a: Excadrill|Earthquake|p2a: Cinderace
|-supereffective|p2a: Cinderace
|-damage|p2a: Cinderace|0 fnt
|faint|p2a: Cinderace
|
|upkeep
|
|switch|p2a: Dracovish|Dracovish|100/100
|turn|6
|
|switch|p1a: Toxicroak|Toxicroak, M|100/100
|move|p2a: Dracovish|Fishious Rend|p1a: Toxicroak
|-immune|p1a: Toxicroak|[from] ability: Dry Skin
|
|upkeep
|turn|7
|
|switch|p2a: Ditto|Ditto|100/100
|-transform|p2a: Ditto|p1a: Toxicroak|[from] ability: Imposter
|move|p1a: Toxicroak|Substitute|p1a: Toxicroak
|-start|p1a: Toxicroak|Substitute
|-damage|p1a: Toxicroak|76/100
|
|upkeep
|turn|8
|
|move|p2a: Ditto|Thunder Punch|p1a: Toxicroak
|-end|p1a: Toxicroak|Substitute
|move|p1a: Toxicroak|Swords Dance|p1a: Toxicroak
|-boost|p1a: Toxicroak|atk|2
|
|upkeep
|turn|9
|
|move|p2a: Ditto|Thunder Punch|p1a: Toxicroak
|-damage|p1a: Toxicroak|40/100
|move|p1a: Toxicroak|Thunder Punch|p2a: Ditto
|-crit|p2a: Ditto
|-damage|p2a: Ditto|0 fnt
|faint|p2a: Ditto
|
|upkeep
|
|switch|p2a: Bisharp|Bisharp, F|100/100
|turn|10
|
|switch|p2a: Dracovish|Dracovish|100/100
|move|p1a: Toxicroak|Substitute|p1a: Toxicroak
|-start|p1a: Toxicroak|Substitute
|-damage|p1a: Toxicroak|15/100
|
|upkeep
|turn|11
|
|move|p1a: Toxicroak|Cross Chop|p2a: Dracovish
|-damage|p2a: Dracovish|0 fnt
|faint|p2a: Dracovish
|
|upkeep
|
|switch|p2a: Bisharp|Bisharp, F|100/100
|turn|12
|
|move|p2a: Bisharp|Sucker Punch|p1a: Toxicroak
|-resisted|p1a: Toxicroak
|-end|p1a: Toxicroak|Substitute
|move|p1a: Toxicroak|Cross Chop|p2a: Bisharp
|-supereffective|p2a: Bisharp
|-damage|p2a: Bisharp|0 fnt
|faint|p2a: Bisharp
|
|win|Fffffrrrrreeeez
|l|☆Shynigold
|raw|Fffffrrrrreeeez's rating: 1367 → 1385(+18 for winning)
|raw|Shynigold's rating: 1318 → 1301(-17 for losing)
