|ScrapeTime|2020-01-01-09:25:53
|j|☆yovn ('>_>')_/
|j|☆JK41
|player|p1|yovn ('>_>')_/|ltsurge|1554
|player|p2|JK41|169|1407
|teamsize|p1|6
|teamsize|p2|6
|gametype|singles
|gen|8
|tier|[Gen 8] OU
|rated|
|rule|Sleep Clause Mod: Limit one foe put to sleep
|rule|Species Clause: Limit one of each Pokémon
|rule|OHKO Clause: OHKO moves are banned
|rule|Evasion Moves Clause: Evasion moves are banned
|rule|Endless Battle Clause: Forcing endless battles is banned
|rule|HP Percentage Mod: HP is shown in percentages
|clearpoke
|poke|p1|Duraludon, F|
|poke|p1|Sylveon, M|
|poke|p1|Corviknight, M|
|poke|p1|Rapidash-Galar, F|
|poke|p1|Toxapex, F|
|poke|p1|Rotom-Heat|
|poke|p2|Boltund, F|
|poke|p2|Gyarados, F|
|poke|p2|Chandelure, M|
|poke|p2|Seismitoad, F|
|poke|p2|Vileplume, M|
|poke|p2|Morpeko, M|
|rule|Dynamax Clause: You cannot dynamax
|teampreview
|inactive|Battle timer is ON: inactive players will automatically lose when time's up. (requested by JK41)
|
|start
|switch|p1a: Duraludon|Duraludon, F|100/100
|switch|p2a: Seismitoad|Seismitoad, F|100/100
|turn|1
|
|move|p1a: Duraludon|Stealth Rock|p2a: Seismitoad
|-sidestart|p2: JK41|move: Stealth Rock
|move|p2a: Seismitoad|Stealth Rock|p1a: Duraludon
|-sidestart|p1: yovn ('>_>')_/|move: Stealth Rock
|
|upkeep
|turn|2
|
|switch|p1a: Toxapex|Toxapex, F|100/100
|-damage|p1a: Toxapex|88/100|[from] Stealth Rock
|move|p2a: Seismitoad|Earthquake|p1a: Toxapex
|-supereffective|p1a: Toxapex
|-damage|p1a: Toxapex|50/100
|
|-heal|p1a: Toxapex|57/100|[from] item: Black Sludge
|upkeep
|turn|3
|
|switch|p2a: Vileplume|Vileplume, M|100/100
|-damage|p2a: Vileplume|88/100|[from] Stealth Rock
|move|p1a: Toxapex|Toxic Spikes|p2a: Vileplume
|-sidestart|p2: JK41|move: Toxic Spikes
|
|-heal|p2a: Vileplume|94/100|[from] item: Black Sludge
|-heal|p1a: Toxapex|63/100|[from] item: Black Sludge
|upkeep
|turn|4
|
|switch|p1a: Duraludon|Duraludon, F|100/100
|-damage|p1a: Duraludon|94/100|[from] Stealth Rock
|move|p2a: Vileplume|Sleep Powder|p1a: Duraludon
|-status|p1a: Duraludon|slp|[from] move: Sleep Powder
|
|-heal|p1a: Duraludon|100/100 slp|[from] item: Leftovers
|-heal|p2a: Vileplume|100/100|[from] item: Black Sludge
|upkeep
|turn|5
|
|switch|p1a: Rapidash|Rapidash-Galar, F|100/100
|-damage|p1a: Rapidash|88/100|[from] Stealth Rock
|move|p2a: Vileplume|Moonblast|p1a: Rapidash
|-damage|p1a: Rapidash|38/100
|-unboost|p1a: Rapidash|spa|1
|
|upkeep
|turn|6
|
|move|p1a: Rapidash|Zen Headbutt|p2a: Vileplume
|-supereffective|p2a: Vileplume
|-damage|p2a: Vileplume|23/100
|move|p2a: Vileplume|Moonblast|p1a: Rapidash
|-crit|p1a: Rapidash
|-damage|p1a: Rapidash|0 fnt
|faint|p1a: Rapidash
|
|-heal|p2a: Vileplume|29/100|[from] item: Black Sludge
|upkeep
|
|switch|p1a: Rotom|Rotom-Heat|100/100
|turn|7
|
|switch|p2a: Seismitoad|Seismitoad, F|100/100
|-damage|p2a: Seismitoad|94/100|[from] Stealth Rock
|-status|p2a: Seismitoad|psn
|move|p1a: Rotom|Overheat|p2a: Seismitoad
|-resisted|p2a: Seismitoad
|-damage|p2a: Seismitoad|72/100 psn
|-unboost|p1a: Rotom|spa|2
|
|-heal|p2a: Seismitoad|79/100 psn|[from] item: Leftovers
|-damage|p2a: Seismitoad|66/100 psn|[from] psn
|upkeep
|turn|8
|
|switch|p1a: Toxapex|Toxapex, F|96/100
|-damage|p1a: Toxapex|84/100|[from] Stealth Rock
|switch|p2a: Vileplume|Vileplume, M|29/100
|-damage|p2a: Vileplume|16/100|[from] Stealth Rock
|-sideend|p2: JK41|move: Toxic Spikes|[of] p2a: Vileplume
|
|-heal|p2a: Vileplume|23/100|[from] item: Black Sludge
|-heal|p1a: Toxapex|90/100|[from] item: Black Sludge
|upkeep
|turn|9
|
|move|p2a: Vileplume|Strength Sap|p1a: Toxapex
|-unboost|p1a: Toxapex|atk|1
|-heal|p2a: Vileplume|69/100
|move|p1a: Toxapex|Toxic Spikes|p2a: Vileplume
|-sidestart|p2: JK41|move: Toxic Spikes
|
|-heal|p2a: Vileplume|75/100|[from] item: Black Sludge
|-heal|p1a: Toxapex|96/100|[from] item: Black Sludge
|upkeep
|turn|10
|
|switch|p2a: Seismitoad|Seismitoad, F|66/100 psn
|-damage|p2a: Seismitoad|60/100 psn|[from] Stealth Rock
|switch|p1a: Sylveon|Sylveon, M|100/100
|-damage|p1a: Sylveon|88/100|[from] Stealth Rock
|
|-heal|p2a: Seismitoad|66/100 psn|[from] item: Leftovers
|-heal|p1a: Sylveon|94/100|[from] item: Leftovers
|-damage|p2a: Seismitoad|54/100 psn|[from] psn
|upkeep
|turn|11
|
|switch|p1a: Toxapex|Toxapex, F|100/100
|-damage|p1a: Toxapex|88/100|[from] Stealth Rock
|move|p2a: Seismitoad|Toxic|p1a: Toxapex|[miss]
|-miss|p2a: Seismitoad|p1a: Toxapex
|
|-heal|p2a: Seismitoad|60/100 psn|[from] item: Leftovers
|-heal|p1a: Toxapex|94/100|[from] item: Black Sludge
|-damage|p2a: Seismitoad|48/100 psn|[from] psn
|upkeep
|turn|12
|
|switch|p1a: Corviknight|Corviknight, M|100/100
|-damage|p1a: Corviknight|88/100|[from] Stealth Rock
|-ability|p1a: Corviknight|Pressure
|move|p2a: Seismitoad|Earthquake|p1a: Corviknight
|-immune|p1a: Corviknight
|
|-heal|p2a: Seismitoad|54/100 psn|[from] item: Leftovers
|-heal|p1a: Corviknight|94/100|[from] item: Leftovers
|-damage|p2a: Seismitoad|41/100 psn|[from] psn
|upkeep
|turn|13
|
|switch|p2a: Vileplume|Vileplume, M|75/100
|-damage|p2a: Vileplume|62/100|[from] Stealth Rock
|-sideend|p2: JK41|move: Toxic Spikes|[of] p2a: Vileplume
|move|p1a: Corviknight|U-turn|p2a: Vileplume
|-damage|p2a: Vileplume|45/100
|
|switch|p1a: Toxapex|Toxapex, F|100/100|[from]move: U-turn
|-damage|p1a: Toxapex|88/100|[from] Stealth Rock
|
|-heal|p2a: Vileplume|51/100|[from] item: Black Sludge
|-heal|p1a: Toxapex|94/100|[from] item: Black Sludge
|upkeep
|turn|14
|
|move|p2a: Vileplume|Strength Sap|p1a: Toxapex
|-unboost|p1a: Toxapex|atk|1
|-heal|p2a: Vileplume|97/100
|move|p1a: Toxapex|Toxic Spikes|p2a: Vileplume
|-sidestart|p2: JK41|move: Toxic Spikes
|
|-heal|p2a: Vileplume|100/100|[from] item: Black Sludge
|-heal|p1a: Toxapex|100/100|[from] item: Black Sludge
|upkeep
|turn|15
|
|switch|p1a: Corviknight|Corviknight, M|94/100
|-damage|p1a: Corviknight|82/100|[from] Stealth Rock
|-ability|p1a: Corviknight|Pressure
|move|p2a: Vileplume|Sludge Wave|p1a: Corviknight
|-immune|p1a: Corviknight
|
|-heal|p1a: Corviknight|88/100|[from] item: Leftovers
|upkeep
|turn|16
|
|move|p1a: Corviknight|Brave Bird|p2a: Vileplume
|-supereffective|p2a: Vileplume
|-damage|p2a: Vileplume|24/100
|-damage|p1a: Corviknight|66/100|[from] Recoil
|move|p2a: Vileplume|Strength Sap|p1a: Corviknight
|-unboost|p1a: Corviknight|atk|1
|-heal|p2a: Vileplume|84/100
|
|-heal|p1a: Corviknight|72/100|[from] item: Leftovers
|-heal|p2a: Vileplume|90/100|[from] item: Black Sludge
|upkeep
|turn|17
|
|move|p1a: Corviknight|U-turn|p2a: Vileplume
|-damage|p2a: Vileplume|79/100
|
|switch|p1a: Toxapex|Toxapex, F|100/100|[from]move: U-turn
|-damage|p1a: Toxapex|88/100|[from] Stealth Rock
|move|p2a: Vileplume|Moonblast|p1a: Toxapex
|-resisted|p1a: Toxapex
|-damage|p1a: Toxapex|75/100
|
|-heal|p2a: Vileplume|86/100|[from] item: Black Sludge
|-heal|p1a: Toxapex|82/100|[from] item: Black Sludge
|upkeep
|turn|18
|
|switch|p1a: Corviknight|Corviknight, M|72/100
|-damage|p1a: Corviknight|59/100|[from] Stealth Rock
|-ability|p1a: Corviknight|Pressure
|move|p2a: Vileplume|Moonblast|p1a: Corviknight
|-resisted|p1a: Corviknight
|-damage|p1a: Corviknight|43/100
|-unboost|p1a: Corviknight|spa|1
|
|-heal|p1a: Corviknight|49/100|[from] item: Leftovers
|-heal|p2a: Vileplume|92/100|[from] item: Black Sludge
|upkeep
|turn|19
|
|move|p1a: Corviknight|Roost|p1a: Corviknight
|-heal|p1a: Corviknight|99/100
|-singleturn|p1a: Corviknight|move: Roost
|move|p2a: Vileplume|Strength Sap|p1a: Corviknight
|-unboost|p1a: Corviknight|atk|1
|-heal|p2a: Vileplume|100/100
|
|-heal|p1a: Corviknight|100/100|[from] item: Leftovers
|upkeep
|turn|20
|
|move|p1a: Corviknight|U-turn|p2a: Vileplume
|-damage|p2a: Vileplume|91/100
|
|switch|p1a: Toxapex|Toxapex, F|100/100|[from]move: U-turn
|-damage|p1a: Toxapex|88/100|[from] Stealth Rock
|move|p2a: Vileplume|Moonblast|p1a: Toxapex
|-resisted|p1a: Toxapex
|-damage|p1a: Toxapex|74/100
|
|-heal|p2a: Vileplume|97/100|[from] item: Black Sludge
|-heal|p1a: Toxapex|80/100|[from] item: Black Sludge
|upkeep
|turn|21
|
|switch|p2a: Boltund|Boltund, F|100/100
|-damage|p2a: Boltund|88/100|[from] Stealth Rock
|-status|p2a: Boltund|psn
|move|p1a: Toxapex|Scald|p2a: Boltund
|-damage|p2a: Boltund|61/100 psn
|
|-heal|p1a: Toxapex|87/100|[from] item: Black Sludge
|-damage|p2a: Boltund|49/100 psn|[from] psn
|upkeep
|turn|22
|
|switch|p1a: Duraludon|Duraludon, F|100/100 slp
|-damage|p1a: Duraludon|94/100 slp|[from] Stealth Rock
|move|p2a: Boltund|Thunder Fang|p1a: Duraludon
|-resisted|p1a: Duraludon
|-damage|p1a: Duraludon|75/100 slp
|
|-heal|p1a: Duraludon|81/100 slp|[from] item: Leftovers
|-damage|p2a: Boltund|37/100 psn|[from] psn
|upkeep
|turn|23
|
|switch|p2a: Gyarados|Gyarados, F|100/100
|cant|p1a: Duraludon|slp
|
|-heal|p1a: Duraludon|87/100 slp|[from] item: Leftovers
|upkeep
|turn|24
|
|move|p2a: Gyarados|Substitute|p2a: Gyarados
|-start|p2a: Gyarados|Substitute
|-damage|p2a: Gyarados|76/100
|-curestatus|p1a: Duraludon|slp|[msg]
|move|p1a: Duraludon|Thunder Wave||[still]
|-fail|p1a: Duraludon
|
|-heal|p1a: Duraludon|93/100|[from] item: Leftovers
|upkeep
|turn|25
|
|move|p2a: Gyarados|Dragon Dance|p2a: Gyarados
|-boost|p2a: Gyarados|atk|1
|-boost|p2a: Gyarados|spe|1
|move|p1a: Duraludon|Body Press|p2a: Gyarados
|-resisted|p2a: Gyarados
|-activate|p2a: Gyarados|move: Substitute|[damage]
|
|-heal|p1a: Duraludon|99/100|[from] item: Leftovers
|upkeep
|turn|26
|
|move|p2a: Gyarados|Earthquake|p1a: Duraludon
|-supereffective|p1a: Duraludon
|-damage|p1a: Duraludon|28/100
|move|p1a: Duraludon|Body Press|p2a: Gyarados
|-resisted|p2a: Gyarados
|-end|p2a: Gyarados|Substitute
|
|-heal|p1a: Duraludon|35/100|[from] item: Leftovers
|upkeep
|turn|27
|
|switch|p1a: Sylveon|Sylveon, M|94/100
|-damage|p1a: Sylveon|82/100|[from] Stealth Rock
|move|p2a: Gyarados|Earthquake|p1a: Sylveon
|-damage|p1a: Sylveon|12/100
|
|-heal|p1a: Sylveon|18/100|[from] item: Leftovers
|upkeep
|turn|28
|
|switch|p1a: Corviknight|Corviknight, M|100/100
|-damage|p1a: Corviknight|88/100|[from] Stealth Rock
|-ability|p1a: Corviknight|Pressure
|move|p2a: Gyarados|Waterfall|p1a: Corviknight
|-damage|p1a: Corviknight|47/100
|
|-heal|p1a: Corviknight|53/100|[from] item: Leftovers
|upkeep
|turn|29
|
|move|p2a: Gyarados|Waterfall|p1a: Corviknight
|-crit|p1a: Corviknight
|-damage|p1a: Corviknight|0 fnt
|faint|p1a: Corviknight
|-ability|p2a: Gyarados|Moxie|boost
|-boost|p2a: Gyarados|atk|1
|
|upkeep
|-message|yovn ('>_>')_/ forfeited.
|
|win|JK41
|l|☆yovn ('>_>')_/
|raw|yovn ('>_>')_/'s rating: 1554 → 1526(-28 for losing)
|raw|JK41's rating: 1407 → 1435(+28 for winning)
