|ScrapeTime|2020-01-03-01:34:24
|j|☆The Black Tetsuo
|j|☆TroyEvez13
|player|p1|The Black Tetsuo|pokemaniac-gen1|1131
|player|p2|TroyEvez13|1|1099
|teamsize|p1|6
|teamsize|p2|6
|gametype|singles
|gen|8
|tier|[Gen 8] OU
|rated|
|rule|Sleep Clause Mod: Limit one foe put to sleep
|rule|Species Clause: Limit one of each Pokémon
|rule|OHKO Clause: OHKO moves are banned
|rule|Evasion Moves Clause: Evasion moves are banned
|rule|Endless Battle Clause: Forcing endless battles is banned
|rule|HP Percentage Mod: HP is shown in percentages
|clearpoke
|poke|p1|Sandaconda, M|
|poke|p1|Lucario, F|
|poke|p1|Ribombee, F|
|poke|p1|Inteleon, F|
|poke|p1|Morpeko, M|
|poke|p1|Avalugg, F|
|poke|p2|Dragapult, M|
|poke|p2|Seismitoad, F|
|poke|p2|Ludicolo, M|
|poke|p2|Cinderace, M|
|poke|p2|Togekiss, M|
|poke|p2|Morpeko, M|
|rule|Dynamax Clause: You cannot dynamax
|teampreview
|j| yumyumboy
|
|start
|switch|p1a: Ribombee|Ribombee, F|100/100
|switch|p2a: Dragapult|Dragapult, M|100/100
|turn|1
|
|move|p2a: Dragapult|Flamethrower|p1a: Ribombee
|-supereffective|p1a: Ribombee
|-damage|p1a: Ribombee|28/100
|move|p1a: Ribombee|Stun Spore|p2a: Dragapult
|-status|p2a: Dragapult|par
|
|upkeep
|turn|2
|
|switch|p2a: Togekiss|Togekiss, M|100/100
|move|p1a: Ribombee|Sticky Web|p2a: Togekiss
|-sidestart|p2: TroyEvez13|move: Sticky Web
|
|upkeep
|turn|3
|c| yumyumboy|Your dragapult boo boo
|
|move|p1a: Ribombee|Stun Spore|p2a: Togekiss
|-status|p2a: Togekiss|par
|move|p2a: Togekiss|Ancient Power|p1a: Ribombee
|-supereffective|p1a: Ribombee
|-damage|p1a: Ribombee|0 fnt
|faint|p1a: Ribombee
|
|upkeep
|
|switch|p1a: Lucario|Lucario, F, shiny|100/100
|turn|4
|
|switch|p2a: Seismitoad|Seismitoad, F, shiny|100/100
|-activate|p2a: Seismitoad|move: Sticky Web
|-unboost|p2a: Seismitoad|spe|1
|move|p1a: Lucario|Swords Dance|p1a: Lucario
|-boost|p1a: Lucario|atk|2
|
|upkeep
|turn|5
|
|move|p1a: Lucario|Swords Dance|p1a: Lucario
|-boost|p1a: Lucario|atk|2
|move|p2a: Seismitoad|Earthquake|p1a: Lucario
|-supereffective|p1a: Lucario
|-enditem|p1a: Lucario|Focus Sash
|-damage|p1a: Lucario|1/100
|
|upkeep
|turn|6
|c| yumyumboy|no sir
|
|move|p1a: Lucario|Close Combat|p2a: Seismitoad
|-crit|p2a: Seismitoad
|-damage|p2a: Seismitoad|0 fnt
|-unboost|p1a: Lucario|def|1
|-unboost|p1a: Lucario|spd|1
|faint|p2a: Seismitoad
|
|upkeep
|c|☆The Black Tetsuo|crit did not matter
|
|switch|p2a: Togekiss|Togekiss, M|100/100 par
|turn|7
|inactive|Battle timer is ON: inactive players will automatically lose when time's up. (requested by TroyEvez13)
|inactive|The Black Tetsuo has 120 seconds left.
|inactive|The Black Tetsuo has 90 seconds left.
|inactive|The Black Tetsuo has 60 seconds left.
|inactive|The Black Tetsuo has 30 seconds left.
|inactive|The Black Tetsuo has 20 seconds left.
|inactive|The Black Tetsuo has 15 seconds left.
|
|switch|p1a: Avalugg|Avalugg, F|100/100
|move|p2a: Togekiss|Ancient Power|p1a: Avalugg
|-supereffective|p1a: Avalugg
|-damage|p1a: Avalugg|34/100
|
|-heal|p1a: Avalugg|40/100|[from] item: Leftovers
|upkeep
|turn|8
|
|move|p2a: Togekiss|Ancient Power|p1a: Avalugg
|-supereffective|p1a: Avalugg
|-damage|p1a: Avalugg|0 fnt
|faint|p1a: Avalugg
|
|upkeep
|
|switch|p1a: Inteleon|Inteleon, F|100/100
|turn|9
|
|move|p1a: Inteleon|Focus Energy|p1a: Inteleon
|-start|p1a: Inteleon|move: Focus Energy
|move|p2a: Togekiss|Grass Knot|p1a: Inteleon
|-supereffective|p1a: Inteleon
|-damage|p1a: Inteleon|27/100
|
|upkeep
|turn|10
|inactive|The Black Tetsuo has 90 seconds left.
|
|move|p1a: Inteleon|Snipe Shot|p2a: Togekiss
|-crit|p2a: Togekiss
|-damage|p2a: Togekiss|14/100 par
|-damage|p1a: Inteleon|17/100|[from] item: Life Orb
|move|p2a: Togekiss|Grass Knot|p1a: Inteleon
|-supereffective|p1a: Inteleon
|-damage|p1a: Inteleon|0 fnt
|faint|p1a: Inteleon
|
|upkeep
|inactive|The Black Tetsuo has 90 seconds left.
|
|switch|p1a: Morpeko|Morpeko, M|100/100
|turn|11
|
|switch|p2a: Ludicolo|Ludicolo, M, shiny|100/100
|-activate|p2a: Ludicolo|move: Sticky Web
|-unboost|p2a: Ludicolo|spe|1
|move|p1a: Morpeko|Aura Wheel|p2a: Ludicolo
|-damage|p2a: Ludicolo|14/100
|-boost|p1a: Morpeko|spe|1
|-damage|p1a: Morpeko|91/100|[from] item: Life Orb
|
|-heal|p2a: Ludicolo|20/100|[from] item: Leftovers
|-formechange|p1a: Morpeko|Morpeko-Hangry||[from] ability: Hunger Switch
|upkeep
|turn|12
|
|move|p1a: Morpeko|Aura Wheel|p2a: Ludicolo
|-damage|p2a: Ludicolo|0 fnt
|-boost|p1a: Morpeko|spe|1
|-damage|p1a: Morpeko|81/100|[from] item: Life Orb
|faint|p2a: Ludicolo
|
|-formechange|p1a: Morpeko|Morpeko||[from] ability: Hunger Switch
|upkeep
|
|switch|p2a: Morpeko|Morpeko, M|100/100
|-activate|p2a: Morpeko|move: Sticky Web
|-unboost|p2a: Morpeko|spe|1
|turn|13
|inactive|The Black Tetsuo has 120 seconds left.
|
|move|p1a: Morpeko|Aura Wheel|p2a: Morpeko
|-resisted|p2a: Morpeko
|-damage|p2a: Morpeko|34/100
|-boost|p1a: Morpeko|spe|1
|-damage|p1a: Morpeko|71/100|[from] item: Life Orb
|move|p2a: Morpeko|Rapid Spin|p1a: Morpeko
|-damage|p1a: Morpeko|39/100
|-sideend|p2: TroyEvez13|Sticky Web|[from] move: Rapid Spin|[of] p2a: Morpeko
|-boost|p2a: Morpeko|spe|1
|
|-formechange|p1a: Morpeko|Morpeko-Hangry||[from] ability: Hunger Switch
|-formechange|p2a: Morpeko|Morpeko-Hangry||[from] ability: Hunger Switch
|upkeep
|turn|14
|inactive|The Black Tetsuo has 120 seconds left.
|c|☆The Black Tetsuo|why rapid spin
|inactive|TroyEvez13 has 120 seconds left.
|
|switch|p2a: Dragapult|Dragapult, M|100/100 par
|move|p1a: Morpeko|Aura Wheel|p2a: Dragapult
|-supereffective|p2a: Dragapult
|-damage|p2a: Dragapult|0 fnt
|-boost|p1a: Morpeko|spe|1
|-damage|p1a: Morpeko|29/100|[from] item: Life Orb
|faint|p2a: Dragapult
|
|-formechange|p1a: Morpeko|Morpeko||[from] ability: Hunger Switch
|upkeep
|
|switch|p2a: Togekiss|Togekiss, M|14/100 par
|turn|15
|
|move|p1a: Morpeko|Aura Wheel|p2a: Togekiss
|-supereffective|p2a: Togekiss
|-damage|p2a: Togekiss|0 fnt
|-boost|p1a: Morpeko|spe|1
|-damage|p1a: Morpeko|19/100|[from] item: Life Orb
|faint|p2a: Togekiss
|
|-formechange|p1a: Morpeko|Morpeko-Hangry||[from] ability: Hunger Switch
|upkeep
|inactive|TroyEvez13 has 120 seconds left.
|
|switch|p2a: Cinderace|Cinderace, M|100/100
|turn|16
|inactive|TroyEvez13 has 120 seconds left.
|
|move|p1a: Morpeko|Aura Wheel|p2a: Cinderace
|-damage|p2a: Cinderace|17/100
|-boost|p1a: Morpeko|spe|1
|-damage|p1a: Morpeko|9/100|[from] item: Life Orb
|move|p2a: Cinderace|Pyro Ball|p1a: Morpeko|[miss]
|-miss|p2a: Cinderace|p1a: Morpeko
|
|-formechange|p1a: Morpeko|Morpeko||[from] ability: Hunger Switch
|upkeep
|turn|17
|c|☆The Black Tetsuo|LOOOOOOL
|inactive|TroyEvez13 has 120 seconds left.
|c| yumyumboy|YO
|
|move|p1a: Morpeko|Aura Wheel|p2a: Cinderace
|-damage|p2a: Cinderace|0 fnt
|-damage|p1a: Morpeko|0 fnt|[from] item: Life Orb
|faint|p2a: Cinderace
|faint|p1a: Morpeko
|
|upkeep
|
|switch|p2a: Morpeko|Morpeko, M|34/100
|switch|p1a: slatt|Sandaconda, M|100/100
|turn|18
|
|move|p2a: Morpeko|Foul Play|p1a: slatt
|-damage|p1a: slatt|62/100
|move|p1a: slatt|Earthquake|p2a: Morpeko
|-supereffective|p2a: Morpeko
|-damage|p2a: Morpeko|0 fnt
|faint|p2a: Morpeko
|
|win|The Black Tetsuo
|c|☆The Black Tetsuo|Your set is awful
|c|☆The Black Tetsuo|fix your morpeko
|raw|The Black Tetsuo's rating: 1131 → 1154(+23 for winning)
|raw|TroyEvez13's rating: 1099 → 1076(-23 for losing)
