|ScrapeTime|2020-01-02-01:47:05
|j|☆KourtneyKardashian
|j|☆Bloody Regina
|player|p1|KourtneyKardashian|cynthia|1405
|player|p2|Bloody Regina|mira|1384
|teamsize|p1|6
|teamsize|p2|6
|gametype|singles
|gen|8
|tier|[Gen 8] OU
|rated|
|rule|Sleep Clause Mod: Limit one foe put to sleep
|rule|Species Clause: Limit one of each Pokémon
|rule|OHKO Clause: OHKO moves are banned
|rule|Evasion Moves Clause: Evasion moves are banned
|rule|Endless Battle Clause: Forcing endless battles is banned
|rule|HP Percentage Mod: HP is shown in percentages
|clearpoke
|poke|p1|Grimmsnarl, M|
|poke|p1|Aegislash, M|
|poke|p1|Ferrothorn, F|
|poke|p1|Toxapex, F|
|poke|p1|Excadrill, F|
|poke|p1|Gyarados, M|
|poke|p2|Weezing-Galar, M|
|poke|p2|Dragapult, M|
|poke|p2|Sylveon, F|
|poke|p2|Rotom-Wash|
|poke|p2|Corviknight, M|
|poke|p2|Cinderace, M|
|rule|Dynamax Clause: You cannot dynamax
|teampreview
|
|start
|switch|p1a: Excadrill|Excadrill, F|100/100
|switch|p2a: Rotom|Rotom-Wash|100/100
|-ability|p1a: Excadrill|Mold Breaker
|turn|1
|
|move|p1a: Excadrill|Earthquake|p2a: Rotom
|-supereffective|p2a: Rotom
|-damage|p2a: Rotom|0 fnt
|faint|p2a: Rotom
|
|upkeep
|
|switch|p2a: Corviknight|Corviknight, M|100/100
|-ability|p2a: Corviknight|Pressure
|turn|2
|
|switch|p1a: Toxapex|Toxapex, F|100/100
|move|p2a: Corviknight|Iron Defense|p2a: Corviknight
|-boost|p2a: Corviknight|def|2
|
|upkeep
|turn|3
|
|move|p2a: Corviknight|Body Press|p1a: Toxapex
|-resisted|p1a: Toxapex
|-damage|p1a: Toxapex|80/100
|move|p1a: Toxapex|Toxic Spikes|p2a: Corviknight
|-sidestart|p2: Bloody Regina|move: Toxic Spikes
|
|-heal|p1a: Toxapex|87/100|[from] item: Black Sludge
|upkeep
|turn|4
|
|move|p2a: Corviknight|Iron Defense|p2a: Corviknight
|-boost|p2a: Corviknight|def|2
|move|p1a: Toxapex|Scald|p2a: Corviknight
|-damage|p2a: Corviknight|84/100
|
|-heal|p2a: Corviknight|90/100|[from] item: Leftovers
|-heal|p1a: Toxapex|93/100|[from] item: Black Sludge
|upkeep
|turn|5
|
|move|p2a: Corviknight|Iron Defense|p2a: Corviknight
|-boost|p2a: Corviknight|def|2
|move|p1a: Toxapex|Haze|p1a: Toxapex
|-clearallboost
|
|-heal|p2a: Corviknight|96/100|[from] item: Leftovers
|-heal|p1a: Toxapex|99/100|[from] item: Black Sludge
|upkeep
|turn|6
|
|switch|p2a: Weezing|Weezing-Galar, M|100/100
|move|p1a: Toxapex|Scald|p2a: Weezing
|-damage|p2a: Weezing|82/100
|
|-heal|p2a: Weezing|88/100|[from] item: Black Sludge
|-heal|p1a: Toxapex|100/100|[from] item: Black Sludge
|upkeep
|turn|7
|
|move|p2a: Weezing|Will-O-Wisp|p1a: Toxapex
|-status|p1a: Toxapex|brn
|move|p1a: Toxapex|Scald|p2a: Weezing
|-damage|p2a: Weezing|72/100
|
|-heal|p2a: Weezing|78/100|[from] item: Black Sludge
|-damage|p1a: Toxapex|94/100 brn|[from] brn
|upkeep
|turn|8
|
|move|p2a: Weezing|Strange Steam|p1a: Toxapex
|-resisted|p1a: Toxapex
|-damage|p1a: Toxapex|86/100 brn
|move|p1a: Toxapex|Scald|p2a: Weezing
|-damage|p2a: Weezing|61/100
|
|-heal|p2a: Weezing|67/100|[from] item: Black Sludge
|-heal|p1a: Toxapex|92/100 brn|[from] item: Black Sludge
|-damage|p1a: Toxapex|86/100 brn|[from] brn
|upkeep
|turn|9
|
|move|p2a: Weezing|Strange Steam|p1a: Toxapex
|-resisted|p1a: Toxapex
|-damage|p1a: Toxapex|77/100 brn
|move|p1a: Toxapex|Scald|p2a: Weezing
|-damage|p2a: Weezing|49/100
|-status|p2a: Weezing|brn
|
|-heal|p2a: Weezing|55/100 brn|[from] item: Black Sludge
|-heal|p1a: Toxapex|83/100 brn|[from] item: Black Sludge
|-damage|p2a: Weezing|49/100 brn|[from] brn
|-damage|p1a: Toxapex|77/100 brn|[from] brn
|upkeep
|turn|10
|
|switch|p1a: Aegislash|Aegislash, M|100/100
|move|p2a: Weezing|Pain Split|p1a: Aegislash
|-sethp|p1a: Aegislash|75/100|[from] move: Pain Split|[silent]
|-sethp|p2a: Weezing|73/100 brn|[from] move: Pain Split
|
|-heal|p2a: Weezing|79/100 brn|[from] item: Black Sludge
|-damage|p2a: Weezing|73/100 brn|[from] brn
|upkeep
|turn|11
|
|move|p2a: Weezing|Will-O-Wisp|p1a: Aegislash
|-status|p1a: Aegislash|brn
|-formechange|p1a: Aegislash|Aegislash-Blade||[from] ability: Stance Change
|move|p1a: Aegislash|Shadow Ball|p2a: Weezing
|-damage|p2a: Weezing|27/100 brn
|-unboost|p2a: Weezing|spd|1
|
|-heal|p2a: Weezing|33/100 brn|[from] item: Black Sludge
|-damage|p2a: Weezing|27/100 brn|[from] brn
|-damage|p1a: Aegislash|69/100 brn|[from] brn
|upkeep
|turn|12
|
|-formechange|p1a: Aegislash|Aegislash||[from] ability: Stance Change
|move|p1a: Aegislash|King's Shield|p1a: Aegislash
|-singleturn|p1a: Aegislash|Protect
|move|p2a: Weezing|Pain Split|p1a: Aegislash
|-sethp|p1a: Aegislash|49/100 brn|[from] move: Pain Split|[silent]
|-sethp|p2a: Weezing|47/100 brn|[from] move: Pain Split
|
|-heal|p2a: Weezing|53/100 brn|[from] item: Black Sludge
|-damage|p2a: Weezing|47/100 brn|[from] brn
|-damage|p1a: Aegislash|42/100 brn|[from] brn
|upkeep
|turn|13
|
|move|p2a: Weezing|Strange Steam|p1a: Aegislash
|-resisted|p1a: Aegislash
|-damage|p1a: Aegislash|33/100 brn
|-formechange|p1a: Aegislash|Aegislash-Blade||[from] ability: Stance Change
|move|p1a: Aegislash|Shadow Ball|p2a: Weezing
|-damage|p2a: Weezing|0 fnt
|faint|p2a: Weezing
|
|-damage|p1a: Aegislash|26/100 brn|[from] brn
|upkeep
|inactive|Battle timer is ON: inactive players will automatically lose when time's up. (requested by KourtneyKardashian)
|
|switch|p2a: Cinderace|Cinderace, M|100/100
|turn|14
|
|-formechange|p1a: Aegislash|Aegislash||[from] ability: Stance Change
|move|p1a: Aegislash|King's Shield|p1a: Aegislash
|-singleturn|p1a: Aegislash|Protect
|move|p2a: Cinderace|Pyro Ball|p1a: Aegislash
|-activate|p1a: Aegislash|move: Protect
|
|-damage|p1a: Aegislash|20/100 brn|[from] brn
|upkeep
|turn|15
|
|-formechange|p1a: Aegislash|Aegislash-Blade||[from] ability: Stance Change
|move|p1a: Aegislash|Shadow Sneak|p2a: Cinderace
|-damage|p2a: Cinderace|87/100
|move|p2a: Cinderace|Pyro Ball|p1a: Aegislash
|-supereffective|p1a: Aegislash
|-damage|p1a: Aegislash|0 fnt
|faint|p1a: Aegislash
|
|upkeep
|
|switch|p1a: Excadrill|Excadrill, F|100/100
|-ability|p1a: Excadrill|Mold Breaker
|turn|16
|
|switch|p2a: Corviknight|Corviknight, M|96/100
|-ability|p2a: Corviknight|Pressure
|move|p1a: Excadrill|Earthquake|p2a: Corviknight
|-immune|p2a: Corviknight
|
|-heal|p2a: Corviknight|100/100|[from] item: Leftovers
|upkeep
|turn|17
|inactive|KourtneyKardashian has 120 seconds left.
|
|switch|p1a: Ferrothorn|Ferrothorn, F|100/100
|move|p2a: Corviknight|Iron Defense|p2a: Corviknight
|-boost|p2a: Corviknight|def|2
|
|upkeep
|turn|18
|
|switch|p1a: Toxapex|Toxapex, F|100/100 brn
|move|p2a: Corviknight|Body Press|p1a: Toxapex
|-resisted|p1a: Toxapex
|-damage|p1a: Toxapex|82/100 brn
|
|-heal|p1a: Toxapex|88/100 brn|[from] item: Black Sludge
|-damage|p1a: Toxapex|82/100 brn|[from] brn
|upkeep
|turn|19
|
|switch|p2a: Sylveon|Sylveon, F|100/100
|-status|p2a: Sylveon|psn
|move|p1a: Toxapex|Scald|p2a: Sylveon
|-damage|p2a: Sylveon|90/100 psn
|
|-heal|p1a: Toxapex|88/100 brn|[from] item: Black Sludge
|-damage|p2a: Sylveon|77/100 psn|[from] psn
|-damage|p1a: Toxapex|82/100 brn|[from] brn
|upkeep
|turn|20
|inactive|KourtneyKardashian has 90 seconds left.
|
|move|p2a: Sylveon|Substitute|p2a: Sylveon
|-start|p2a: Sylveon|Substitute
|-damage|p2a: Sylveon|52/100 psn
|move|p1a: Toxapex|Recover|p1a: Toxapex
|-heal|p1a: Toxapex|100/100 brn
|
|-damage|p2a: Sylveon|40/100 psn|[from] psn
|-damage|p1a: Toxapex|94/100 brn|[from] brn
|upkeep
|turn|21
|inactive|KourtneyKardashian has 90 seconds left.
|
|move|p2a: Sylveon|Hyper Voice|p1a: Toxapex
|-resisted|p1a: Toxapex
|-damage|p1a: Toxapex|77/100 brn
|move|p1a: Toxapex|Haze|p1a: Toxapex
|-clearallboost
|
|-heal|p1a: Toxapex|84/100 brn|[from] item: Black Sludge
|-damage|p2a: Sylveon|27/100 psn|[from] psn
|-damage|p1a: Toxapex|77/100 brn|[from] brn
|upkeep
|turn|22
|
|move|p2a: Sylveon|Hyper Voice|p1a: Toxapex
|-resisted|p1a: Toxapex
|-damage|p1a: Toxapex|59/100 brn
|move|p1a: Toxapex|Haze|p1a: Toxapex
|-clearallboost
|
|-heal|p1a: Toxapex|65/100 brn|[from] item: Black Sludge
|-damage|p2a: Sylveon|15/100 psn|[from] psn
|-damage|p1a: Toxapex|59/100 brn|[from] brn
|upkeep
|turn|23
|
|move|p2a: Sylveon|Hyper Voice|p1a: Toxapex
|-resisted|p1a: Toxapex
|-damage|p1a: Toxapex|40/100 brn
|move|p1a: Toxapex|Recover|p1a: Toxapex
|-heal|p1a: Toxapex|90/100 brn
|
|-heal|p1a: Toxapex|96/100 brn|[from] item: Black Sludge
|-damage|p2a: Sylveon|3/100 psn|[from] psn
|-damage|p1a: Toxapex|90/100 brn|[from] brn
|upkeep
|turn|24
|
|move|p2a: Sylveon|Hyper Voice|p1a: Toxapex
|-resisted|p1a: Toxapex
|-damage|p1a: Toxapex|71/100 brn
|move|p1a: Toxapex|Recover|p1a: Toxapex
|-heal|p1a: Toxapex|100/100 brn
|
|-damage|p2a: Sylveon|0 fnt|[from] psn
|faint|p2a: Sylveon
|-damage|p1a: Toxapex|94/100 brn|[from] brn
|upkeep
|
|switch|p2a: Cinderace|Cinderace, M|87/100
|turn|25
|
|move|p2a: Cinderace|Court Change|p2a: Cinderace
|-sideend|p2: Bloody Regina|Toxic Spikes|[silent]
|-sidestart|p1: KourtneyKardashian|Toxic Spikes|[silent]
|-activate|p2a: Cinderace|move: Court Change
|move|p1a: Toxapex|Scald|p2a: Cinderace
|-supereffective|p2a: Cinderace
|-damage|p2a: Cinderace|39/100
|
|-heal|p1a: Toxapex|100/100 brn|[from] item: Black Sludge
|-damage|p1a: Toxapex|94/100 brn|[from] brn
|upkeep
|turn|26
|
|move|p2a: Cinderace|U-turn|p1a: Toxapex
|-resisted|p1a: Toxapex
|-damage|p1a: Toxapex|85/100 brn
|
|switch|p2a: Dragapult|Dragapult, M|100/100|[from]move: U-turn
|move|p1a: Toxapex|Scald|p2a: Dragapult
|-resisted|p2a: Dragapult
|-damage|p2a: Dragapult|87/100
|
|-heal|p1a: Toxapex|91/100 brn|[from] item: Black Sludge
|-damage|p1a: Toxapex|85/100 brn|[from] brn
|upkeep
|turn|27
|
|switch|p1a: Ferrothorn|Ferrothorn, F|100/100
|move|p2a: Dragapult|Thunderbolt|p1a: Ferrothorn
|-resisted|p1a: Ferrothorn
|-damage|p1a: Ferrothorn|93/100
|
|-heal|p1a: Ferrothorn|99/100|[from] item: Leftovers
|upkeep
|turn|28
|
|switch|p2a: Corviknight|Corviknight, M|100/100
|-ability|p2a: Corviknight|Pressure
|move|p1a: Ferrothorn|Gyro Ball|p2a: Corviknight
|-resisted|p2a: Corviknight
|-damage|p2a: Corviknight|88/100
|
|-heal|p2a: Corviknight|94/100|[from] item: Leftovers
|-heal|p1a: Ferrothorn|100/100|[from] item: Leftovers
|upkeep
|turn|29
|
|switch|p1a: Toxapex|Toxapex, F|100/100 brn
|-sideend|p1: KourtneyKardashian|move: Toxic Spikes|[of] p1a: Toxapex
|move|p2a: Corviknight|Iron Defense|p2a: Corviknight
|-boost|p2a: Corviknight|def|2
|
|-heal|p2a: Corviknight|100/100|[from] item: Leftovers
|-damage|p1a: Toxapex|94/100 brn|[from] brn
|upkeep
|turn|30
|
|move|p2a: Corviknight|Body Press|p1a: Toxapex
|-resisted|p1a: Toxapex
|-damage|p1a: Toxapex|76/100 brn
|move|p1a: Toxapex|Scald|p2a: Corviknight
|-damage|p2a: Corviknight|84/100
|
|-heal|p2a: Corviknight|90/100|[from] item: Leftovers
|-heal|p1a: Toxapex|82/100 brn|[from] item: Black Sludge
|-damage|p1a: Toxapex|76/100 brn|[from] brn
|upkeep
|turn|31
|
|move|p2a: Corviknight|Body Press|p1a: Toxapex
|-resisted|p1a: Toxapex
|-damage|p1a: Toxapex|58/100 brn
|move|p1a: Toxapex|Scald|p2a: Corviknight
|-damage|p2a: Corviknight|74/100
|
|-heal|p2a: Corviknight|80/100|[from] item: Leftovers
|-heal|p1a: Toxapex|64/100 brn|[from] item: Black Sludge
|-damage|p1a: Toxapex|58/100 brn|[from] brn
|upkeep
|turn|32
|inactive|KourtneyKardashian has 120 seconds left.
|
|move|p2a: Corviknight|Body Press|p1a: Toxapex
|-resisted|p1a: Toxapex
|-damage|p1a: Toxapex|37/100 brn
|move|p1a: Toxapex|Scald|p2a: Corviknight
|-damage|p2a: Corviknight|64/100
|
|-heal|p2a: Corviknight|70/100|[from] item: Leftovers
|-heal|p1a: Toxapex|44/100 brn|[from] item: Black Sludge
|-damage|p1a: Toxapex|37/100 brn|[from] brn
|upkeep
|turn|33
|
|move|p2a: Corviknight|Body Press|p1a: Toxapex
|-resisted|p1a: Toxapex
|-damage|p1a: Toxapex|16/100 brn
|move|p1a: Toxapex|Haze|p1a: Toxapex
|-clearallboost
|
|-heal|p2a: Corviknight|76/100|[from] item: Leftovers
|-heal|p1a: Toxapex|22/100 brn|[from] item: Black Sludge
|-damage|p1a: Toxapex|16/100 brn|[from] brn
|upkeep
|turn|34
|inactive|KourtneyKardashian has 90 seconds left.
|
|switch|p1a: Grimmsnarl|Grimmsnarl, M|100/100
|move|p2a: Corviknight|Brave Bird|p1a: Grimmsnarl
|-damage|p1a: Grimmsnarl|53/100
|-damage|p2a: Corviknight|60/100|[from] Recoil
|
|-heal|p2a: Corviknight|66/100|[from] item: Leftovers
|-heal|p1a: Grimmsnarl|59/100|[from] item: Leftovers
|upkeep
|turn|35
|inactive|KourtneyKardashian has 90 seconds left.
|
|move|p1a: Grimmsnarl|Bulk Up|p1a: Grimmsnarl
|-boost|p1a: Grimmsnarl|atk|1
|-boost|p1a: Grimmsnarl|def|1
|move|p2a: Corviknight|Iron Defense|p2a: Corviknight
|-boost|p2a: Corviknight|def|2
|
|-heal|p2a: Corviknight|72/100|[from] item: Leftovers
|-heal|p1a: Grimmsnarl|65/100|[from] item: Leftovers
|upkeep
|turn|36
|
|move|p1a: Grimmsnarl|Bulk Up|p1a: Grimmsnarl
|-boost|p1a: Grimmsnarl|atk|1
|-boost|p1a: Grimmsnarl|def|1
|move|p2a: Corviknight|Iron Defense|p2a: Corviknight
|-boost|p2a: Corviknight|def|2
|
|-heal|p2a: Corviknight|78/100|[from] item: Leftovers
|-heal|p1a: Grimmsnarl|71/100|[from] item: Leftovers
|upkeep
|turn|37
|
|move|p1a: Grimmsnarl|Bulk Up|p1a: Grimmsnarl
|-boost|p1a: Grimmsnarl|atk|1
|-boost|p1a: Grimmsnarl|def|1
|move|p2a: Corviknight|Body Press|p1a: Grimmsnarl
|-damage|p1a: Grimmsnarl|32/100
|
|-heal|p2a: Corviknight|84/100|[from] item: Leftovers
|-heal|p1a: Grimmsnarl|39/100|[from] item: Leftovers
|upkeep
|turn|38
|
|move|p1a: Grimmsnarl|Rest|p1a: Grimmsnarl
|-status|p1a: Grimmsnarl|slp|[from] move: Rest
|-heal|p1a: Grimmsnarl|100/100 slp|[silent]
|move|p2a: Corviknight|Iron Defense|p2a: Corviknight
|-boost|p2a: Corviknight|def|2
|
|-heal|p2a: Corviknight|90/100|[from] item: Leftovers
|upkeep
|turn|39
|
|cant|p1a: Grimmsnarl|slp
|move|p1a: Grimmsnarl|Sleep Talk|p1a: Grimmsnarl
|move|p1a: Grimmsnarl|Rest|p1a: Grimmsnarl|[from]Sleep Talk
|-fail|p1a: Grimmsnarl|heal
|move|p2a: Corviknight|Body Press|p1a: Grimmsnarl
|-damage|p1a: Grimmsnarl|54/100 slp
|
|-heal|p2a: Corviknight|96/100|[from] item: Leftovers
|-heal|p1a: Grimmsnarl|60/100 slp|[from] item: Leftovers
|upkeep
|turn|40
|
|cant|p1a: Grimmsnarl|slp
|move|p1a: Grimmsnarl|Sleep Talk|p1a: Grimmsnarl
|move|p1a: Grimmsnarl|Spirit Break|p2a: Corviknight|[from]Sleep Talk
|-resisted|p2a: Corviknight
|-damage|p2a: Corviknight|90/100
|-unboost|p2a: Corviknight|spa|1
|move|p2a: Corviknight|Body Press|p1a: Grimmsnarl
|-damage|p1a: Grimmsnarl|14/100 slp
|
|-heal|p2a: Corviknight|96/100|[from] item: Leftovers
|-heal|p1a: Grimmsnarl|20/100 slp|[from] item: Leftovers
|upkeep
|turn|41
|
|-curestatus|p1a: Grimmsnarl|slp|[msg]
|move|p1a: Grimmsnarl|Rest|p1a: Grimmsnarl
|-status|p1a: Grimmsnarl|slp|[from] move: Rest
|-heal|p1a: Grimmsnarl|100/100 slp|[silent]
|move|p2a: Corviknight|Body Press|p1a: Grimmsnarl
|-damage|p1a: Grimmsnarl|47/100 slp
|
|-heal|p2a: Corviknight|100/100|[from] item: Leftovers
|-heal|p1a: Grimmsnarl|53/100 slp|[from] item: Leftovers
|upkeep
|turn|42
|inactive|KourtneyKardashian has 90 seconds left.
|
|cant|p1a: Grimmsnarl|slp
|move|p2a: Corviknight|Body Press|p1a: Grimmsnarl
|-damage|p1a: Grimmsnarl|5/100 slp
|
|-heal|p1a: Grimmsnarl|11/100 slp|[from] item: Leftovers
|upkeep
|turn|43
|
|cant|p1a: Grimmsnarl|slp
|move|p2a: Corviknight|Body Press|p1a: Grimmsnarl
|-damage|p1a: Grimmsnarl|0 fnt
|faint|p1a: Grimmsnarl
|
|upkeep
|inactive|KourtneyKardashian has 90 seconds left.
|
|switch|p1a: Gyarados|Gyarados, M|100/100
|turn|44
|inactive|KourtneyKardashian has 90 seconds left.
|
|switch|p1a: Ferrothorn|Ferrothorn, F|100/100
|move|p2a: Corviknight|Body Press|p1a: Ferrothorn
|-supereffective|p1a: Ferrothorn
|-damage|p1a: Ferrothorn|0 fnt
|-damage|p2a: Corviknight|88/100|[from] ability: Iron Barbs|[of] p1a: Ferrothorn
|faint|p1a: Ferrothorn
|
|-heal|p2a: Corviknight|94/100|[from] item: Leftovers
|upkeep
|
|switch|p1a: Toxapex|Toxapex, F|49/100 brn
|turn|45
|
|move|p2a: Corviknight|Body Press|p1a: Toxapex
|-resisted|p1a: Toxapex
|-damage|p1a: Toxapex|11/100 brn
|move|p1a: Toxapex|Recover|p1a: Toxapex
|-heal|p1a: Toxapex|61/100 brn
|
|-heal|p2a: Corviknight|99/100|[from] item: Leftovers
|-heal|p1a: Toxapex|67/100 brn|[from] item: Black Sludge
|-damage|p1a: Toxapex|61/100 brn|[from] brn
|upkeep
|turn|46
|
|move|p2a: Corviknight|Body Press|p1a: Toxapex
|-resisted|p1a: Toxapex
|-damage|p1a: Toxapex|23/100 brn
|move|p1a: Toxapex|Haze|p1a: Toxapex
|-clearallboost
|
|-heal|p2a: Corviknight|100/100|[from] item: Leftovers
|-heal|p1a: Toxapex|29/100 brn|[from] item: Black Sludge
|-damage|p1a: Toxapex|23/100 brn|[from] brn
|upkeep
|turn|47
|
|switch|p1a: Gyarados|Gyarados, M|100/100
|move|p2a: Corviknight|Brave Bird|p1a: Gyarados
|-damage|p1a: Gyarados|58/100
|-damage|p2a: Corviknight|89/100|[from] Recoil
|
|-heal|p2a: Corviknight|95/100|[from] item: Leftovers
|upkeep
|turn|48
|
|move|p1a: Gyarados|Waterfall|p2a: Corviknight
|-damage|p2a: Corviknight|60/100
|-damage|p1a: Gyarados|48/100|[from] item: Life Orb
|cant|p2a: Corviknight|flinch
|
|-heal|p2a: Corviknight|66/100|[from] item: Leftovers
|upkeep
|turn|49
|
|move|p1a: Gyarados|Waterfall|p2a: Corviknight
|-crit|p2a: Corviknight
|-damage|p2a: Corviknight|13/100
|-damage|p1a: Gyarados|38/100|[from] item: Life Orb
|move|p2a: Corviknight|Iron Defense|p2a: Corviknight
|-boost|p2a: Corviknight|def|2
|
|-heal|p2a: Corviknight|19/100|[from] item: Leftovers
|upkeep
|turn|50
|
|move|p1a: Gyarados|Waterfall|p2a: Corviknight
|-damage|p2a: Corviknight|3/100
|-damage|p1a: Gyarados|28/100|[from] item: Life Orb
|move|p2a: Corviknight|Roost|p2a: Corviknight
|-heal|p2a: Corviknight|53/100
|-singleturn|p2a: Corviknight|move: Roost
|
|-heal|p2a: Corviknight|59/100|[from] item: Leftovers
|upkeep
|turn|51
|
|move|p1a: Gyarados|Waterfall|p2a: Corviknight
|-damage|p2a: Corviknight|43/100
|-damage|p1a: Gyarados|18/100|[from] item: Life Orb
|cant|p2a: Corviknight|flinch
|
|-heal|p2a: Corviknight|49/100|[from] item: Leftovers
|upkeep
|turn|52
|
|switch|p1a: Toxapex|Toxapex, F|56/100 brn
|move|p2a: Corviknight|Roost|p2a: Corviknight
|-heal|p2a: Corviknight|99/100
|-singleturn|p2a: Corviknight|move: Roost
|
|-heal|p2a: Corviknight|100/100|[from] item: Leftovers
|-heal|p1a: Toxapex|62/100 brn|[from] item: Black Sludge
|-damage|p1a: Toxapex|56/100 brn|[from] brn
|upkeep
|turn|53
|
|move|p2a: Corviknight|Brave Bird|p1a: Toxapex
|-damage|p1a: Toxapex|26/100 brn
|-damage|p2a: Corviknight|93/100|[from] Recoil
|move|p1a: Toxapex|Recover|p1a: Toxapex
|-heal|p1a: Toxapex|76/100 brn
|
|-heal|p2a: Corviknight|99/100|[from] item: Leftovers
|-heal|p1a: Toxapex|83/100 brn|[from] item: Black Sludge
|-damage|p1a: Toxapex|76/100 brn|[from] brn
|upkeep
|turn|54
|
|move|p2a: Corviknight|Iron Defense|p2a: Corviknight
|-boost|p2a: Corviknight|def|2
|move|p1a: Toxapex|Scald|p2a: Corviknight
|-damage|p2a: Corviknight|84/100
|
|-heal|p2a: Corviknight|90/100|[from] item: Leftovers
|-heal|p1a: Toxapex|83/100 brn|[from] item: Black Sludge
|-damage|p1a: Toxapex|76/100 brn|[from] brn
|upkeep
|turn|55
|
|move|p2a: Corviknight|Brave Bird|p1a: Toxapex
|-damage|p1a: Toxapex|50/100 brn
|-damage|p2a: Corviknight|84/100|[from] Recoil
|move|p1a: Toxapex|Scald|p2a: Corviknight
|-damage|p2a: Corviknight|68/100
|
|-heal|p2a: Corviknight|74/100|[from] item: Leftovers
|-heal|p1a: Toxapex|56/100 brn|[from] item: Black Sludge
|-damage|p1a: Toxapex|50/100 brn|[from] brn
|upkeep
|turn|56
|
|move|p2a: Corviknight|Brave Bird|p1a: Toxapex
|-damage|p1a: Toxapex|20/100 brn
|-damage|p2a: Corviknight|66/100|[from] Recoil
|move|p1a: Toxapex|Recover|p1a: Toxapex
|-heal|p1a: Toxapex|70/100 brn
|
|-heal|p2a: Corviknight|72/100|[from] item: Leftovers
|-heal|p1a: Toxapex|76/100 brn|[from] item: Black Sludge
|-damage|p1a: Toxapex|70/100 brn|[from] brn
|upkeep
|turn|57
|
|move|p2a: Corviknight|Brave Bird|p1a: Toxapex
|-damage|p1a: Toxapex|42/100 brn
|-damage|p2a: Corviknight|65/100|[from] Recoil
|move|p1a: Toxapex|Scald|p2a: Corviknight
|-damage|p2a: Corviknight|49/100
|
|-heal|p2a: Corviknight|55/100|[from] item: Leftovers
|-heal|p1a: Toxapex|49/100 brn|[from] item: Black Sludge
|-damage|p1a: Toxapex|42/100 brn|[from] brn
|upkeep
|turn|58
|c|☆KourtneyKardashian|not a single burn
|c|☆KourtneyKardashian|like cmon
|
|move|p2a: Corviknight|Roost|p2a: Corviknight
|-heal|p2a: Corviknight|100/100
|-singleturn|p2a: Corviknight|move: Roost
|move|p1a: Toxapex|Recover|p1a: Toxapex
|-heal|p1a: Toxapex|92/100 brn
|
|-heal|p1a: Toxapex|99/100 brn|[from] item: Black Sludge
|-damage|p1a: Toxapex|92/100 brn|[from] brn
|upkeep
|turn|59
|
|move|p2a: Corviknight|Brave Bird|p1a: Toxapex
|-damage|p1a: Toxapex|63/100 brn
|-damage|p2a: Corviknight|93/100|[from] Recoil
|move|p1a: Toxapex|Scald|p2a: Corviknight
|-damage|p2a: Corviknight|77/100
|
|-heal|p2a: Corviknight|83/100|[from] item: Leftovers
|-heal|p1a: Toxapex|69/100 brn|[from] item: Black Sludge
|-damage|p1a: Toxapex|63/100 brn|[from] brn
|upkeep
|turn|60
|
|move|p2a: Corviknight|Brave Bird|p1a: Toxapex
|-damage|p1a: Toxapex|34/100 brn
|-damage|p2a: Corviknight|76/100|[from] Recoil
|move|p1a: Toxapex|Scald|p2a: Corviknight
|-damage|p2a: Corviknight|59/100
|-status|p2a: Corviknight|brn
|
|-heal|p2a: Corviknight|65/100 brn|[from] item: Leftovers
|-heal|p1a: Toxapex|40/100 brn|[from] item: Black Sludge
|-damage|p2a: Corviknight|59/100 brn|[from] brn
|-damage|p1a: Toxapex|34/100 brn|[from] brn
|upkeep
|turn|61
|
|move|p2a: Corviknight|Roost|p2a: Corviknight
|-heal|p2a: Corviknight|100/100 brn
|-singleturn|p2a: Corviknight|move: Roost
|move|p1a: Toxapex|Recover|p1a: Toxapex
|-heal|p1a: Toxapex|84/100 brn
|
|-heal|p1a: Toxapex|90/100 brn|[from] item: Black Sludge
|-damage|p2a: Corviknight|94/100 brn|[from] brn
|-damage|p1a: Toxapex|84/100 brn|[from] brn
|upkeep
|turn|62
|
|move|p2a: Corviknight|Brave Bird|p1a: Toxapex
|-damage|p1a: Toxapex|70/100 brn
|-damage|p2a: Corviknight|91/100 brn|[from] Recoil
|move|p1a: Toxapex|Haze|p1a: Toxapex
|-clearallboost
|
|-heal|p2a: Corviknight|97/100 brn|[from] item: Leftovers
|-heal|p1a: Toxapex|76/100 brn|[from] item: Black Sludge
|-damage|p2a: Corviknight|91/100 brn|[from] brn
|-damage|p1a: Toxapex|70/100 brn|[from] brn
|upkeep
|turn|63
|
|move|p2a: Corviknight|Iron Defense|p2a: Corviknight
|-boost|p2a: Corviknight|def|2
|move|p1a: Toxapex|Haze|p1a: Toxapex
|-clearallboost
|
|-heal|p2a: Corviknight|97/100 brn|[from] item: Leftovers
|-heal|p1a: Toxapex|76/100 brn|[from] item: Black Sludge
|-damage|p2a: Corviknight|91/100 brn|[from] brn
|-damage|p1a: Toxapex|70/100 brn|[from] brn
|upkeep
|turn|64
|
|switch|p2a: Cinderace|Cinderace, M|39/100
|move|p1a: Toxapex|Toxic Spikes|p2a: Cinderace
|-sidestart|p2: Bloody Regina|move: Toxic Spikes
|
|-heal|p1a: Toxapex|76/100 brn|[from] item: Black Sludge
|-damage|p1a: Toxapex|70/100 brn|[from] brn
|upkeep
|turn|65
|
|switch|p2a: Dragapult|Dragapult, M|87/100
|-status|p2a: Dragapult|psn
|switch|p1a: Gyarados|Gyarados, M|18/100
|
|-damage|p2a: Dragapult|75/100 psn|[from] psn
|upkeep
|turn|66
|
|move|p2a: Dragapult|Dragon Darts|p1a: Gyarados
|-damage|p1a: Gyarados|0 fnt
|-hitcount|p1a: Gyarados|1
|faint|p1a: Gyarados
|
|-damage|p2a: Dragapult|63/100 psn|[from] psn
|upkeep
|inactive|KourtneyKardashian has 120 seconds left.
|
|switch|p1a: Toxapex|Toxapex, F|100/100 brn
|turn|67
|inactive|KourtneyKardashian has 120 seconds left.
|
|switch|p2a: Corviknight|Corviknight, M|91/100 brn
|-ability|p2a: Corviknight|Pressure
|move|p1a: Toxapex|Toxic Spikes|p2a: Corviknight
|-sidestart|p2: Bloody Regina|move: Toxic Spikes
|
|-heal|p2a: Corviknight|97/100 brn|[from] item: Leftovers
|-damage|p2a: Corviknight|91/100 brn|[from] brn
|-damage|p1a: Toxapex|94/100 brn|[from] brn
|upkeep
|turn|68
|inactive|KourtneyKardashian has 120 seconds left.
|
|move|p2a: Corviknight|Brave Bird|p1a: Toxapex
|-damage|p1a: Toxapex|79/100 brn
|-damage|p2a: Corviknight|87/100 brn|[from] Recoil
|move|p1a: Toxapex|Haze|p1a: Toxapex
|-clearallboost
|
|-heal|p2a: Corviknight|93/100 brn|[from] item: Leftovers
|-heal|p1a: Toxapex|85/100 brn|[from] item: Black Sludge
|-damage|p2a: Corviknight|87/100 brn|[from] brn
|-damage|p1a: Toxapex|79/100 brn|[from] brn
|upkeep
|turn|69
|inactive|KourtneyKardashian has 120 seconds left.
|
|switch|p2a: Cinderace|Cinderace, M|39/100
|move|p1a: Toxapex|Haze|p1a: Toxapex
|-clearallboost
|
|-heal|p1a: Toxapex|85/100 brn|[from] item: Black Sludge
|-damage|p1a: Toxapex|79/100 brn|[from] brn
|upkeep
|turn|70
|inactive|KourtneyKardashian has 90 seconds left.
|
|move|p2a: Cinderace|U-turn|p1a: Toxapex
|-resisted|p1a: Toxapex
|-damage|p1a: Toxapex|70/100 brn
|
|switch|p2a: Corviknight|Corviknight, M|87/100 brn|[from]move: U-turn
|-ability|p2a: Corviknight|Pressure
|move|p1a: Toxapex|Toxic Spikes||[still]
|-fail|p1a: Toxapex
|
|-heal|p2a: Corviknight|93/100 brn|[from] item: Leftovers
|-heal|p1a: Toxapex|76/100 brn|[from] item: Black Sludge
|-damage|p2a: Corviknight|87/100 brn|[from] brn
|-damage|p1a: Toxapex|70/100 brn|[from] brn
|upkeep
|turn|71
|inactive|KourtneyKardashian has 90 seconds left.
|
|switch|p2a: Cinderace|Cinderace, M|39/100
|move|p1a: Toxapex|Haze|p1a: Toxapex
|-clearallboost
|
|-heal|p1a: Toxapex|76/100 brn|[from] item: Black Sludge
|-damage|p1a: Toxapex|70/100 brn|[from] brn
|upkeep
|turn|72
|
|move|p2a: Cinderace|U-turn|p1a: Toxapex
|-resisted|p1a: Toxapex
|-damage|p1a: Toxapex|61/100 brn
|
|switch|p2a: Dragapult|Dragapult, M|63/100 psn|[from]move: U-turn
|move|p1a: Toxapex|Recover|p1a: Toxapex
|-heal|p1a: Toxapex|100/100 brn
|
|-damage|p2a: Dragapult|50/100 psn|[from] psn
|-damage|p1a: Toxapex|94/100 brn|[from] brn
|upkeep
|turn|73
|
|switch|p1a: Excadrill|Excadrill, F|100/100
|-ability|p1a: Excadrill|Mold Breaker
|move|p2a: Dragapult|U-turn|p1a: Excadrill
|-resisted|p1a: Excadrill
|-damage|p1a: Excadrill|82/100
|
|switch|p2a: Corviknight|Corviknight, M|87/100 brn|[from]move: U-turn
|-ability|p2a: Corviknight|Pressure
|
|-heal|p2a: Corviknight|93/100 brn|[from] item: Leftovers
|-damage|p2a: Corviknight|87/100 brn|[from] brn
|upkeep
|turn|74
|
|move|p1a: Excadrill|Swords Dance|p1a: Excadrill
|-boost|p1a: Excadrill|atk|2
|move|p2a: Corviknight|Iron Defense|p2a: Corviknight
|-boost|p2a: Corviknight|def|2
|
|-heal|p2a: Corviknight|93/100 brn|[from] item: Leftovers
|-damage|p2a: Corviknight|87/100 brn|[from] brn
|upkeep
|turn|75
|
|switch|p1a: Toxapex|Toxapex, F|100/100 brn
|move|p2a: Corviknight|Iron Defense|p2a: Corviknight
|-boost|p2a: Corviknight|def|2
|
|-heal|p2a: Corviknight|93/100 brn|[from] item: Leftovers
|-damage|p2a: Corviknight|87/100 brn|[from] brn
|-damage|p1a: Toxapex|94/100 brn|[from] brn
|upkeep
|turn|76
|inactive|KourtneyKardashian has 120 seconds left.
|
|move|p2a: Corviknight|Brave Bird|p1a: Toxapex
|-damage|p1a: Toxapex|80/100 brn
|-damage|p2a: Corviknight|84/100 brn|[from] Recoil
|move|p1a: Toxapex|Haze|p1a: Toxapex
|-clearallboost
|
|-heal|p2a: Corviknight|90/100 brn|[from] item: Leftovers
|-heal|p1a: Toxapex|87/100 brn|[from] item: Black Sludge
|-damage|p2a: Corviknight|84/100 brn|[from] brn
|-damage|p1a: Toxapex|80/100 brn|[from] brn
|upkeep
|turn|77
|inactive|KourtneyKardashian has 120 seconds left.
|
|switch|p2a: Cinderace|Cinderace, M|39/100
|move|p1a: Toxapex|Toxic Spikes||[still]
|-fail|p1a: Toxapex
|
|-heal|p1a: Toxapex|87/100 brn|[from] item: Black Sludge
|-damage|p1a: Toxapex|80/100 brn|[from] brn
|upkeep
|turn|78
|inactive|KourtneyKardashian has 120 seconds left.
|
|move|p2a: Cinderace|U-turn|p1a: Toxapex
|-resisted|p1a: Toxapex
|-damage|p1a: Toxapex|71/100 brn
|
|switch|p2a: Corviknight|Corviknight, M|84/100 brn|[from]move: U-turn
|-ability|p2a: Corviknight|Pressure
|move|p1a: Toxapex|Toxic Spikes||[still]
|-fail|p1a: Toxapex
|
|-heal|p2a: Corviknight|90/100 brn|[from] item: Leftovers
|-heal|p1a: Toxapex|77/100 brn|[from] item: Black Sludge
|-damage|p2a: Corviknight|84/100 brn|[from] brn
|-damage|p1a: Toxapex|71/100 brn|[from] brn
|upkeep
|turn|79
|
|switch|p2a: Cinderace|Cinderace, M|39/100
|switch|p1a: Excadrill|Excadrill, F|82/100
|-ability|p1a: Excadrill|Mold Breaker
|
|upkeep
|turn|80
|
|switch|p1a: Toxapex|Toxapex, F|100/100 brn
|move|p2a: Cinderace|Pyro Ball|p1a: Toxapex
|-resisted|p1a: Toxapex
|-damage|p1a: Toxapex|78/100 brn
|
|-heal|p1a: Toxapex|84/100 brn|[from] item: Black Sludge
|-damage|p1a: Toxapex|78/100 brn|[from] brn
|upkeep
|turn|81
|
|move|p2a: Cinderace|U-turn|p1a: Toxapex
|-resisted|p1a: Toxapex
|-damage|p1a: Toxapex|68/100 brn
|
|switch|p2a: Corviknight|Corviknight, M|84/100 brn|[from]move: U-turn
|-ability|p2a: Corviknight|Pressure
|move|p1a: Toxapex|Toxic Spikes||[still]
|-fail|p1a: Toxapex
|
|-heal|p2a: Corviknight|90/100 brn|[from] item: Leftovers
|-heal|p1a: Toxapex|74/100 brn|[from] item: Black Sludge
|-damage|p2a: Corviknight|84/100 brn|[from] brn
|-damage|p1a: Toxapex|68/100 brn|[from] brn
|upkeep
|turn|82
|
|switch|p1a: Excadrill|Excadrill, F|82/100
|-ability|p1a: Excadrill|Mold Breaker
|move|p2a: Corviknight|Iron Defense|p2a: Corviknight
|-boost|p2a: Corviknight|def|2
|
|-heal|p2a: Corviknight|90/100 brn|[from] item: Leftovers
|-damage|p2a: Corviknight|84/100 brn|[from] brn
|upkeep
|turn|83
|
|switch|p1a: Toxapex|Toxapex, F|100/100 brn
|move|p2a: Corviknight|Brave Bird|p1a: Toxapex
|-damage|p1a: Toxapex|87/100 brn
|-damage|p2a: Corviknight|80/100 brn|[from] Recoil
|
|-heal|p2a: Corviknight|86/100 brn|[from] item: Leftovers
|-heal|p1a: Toxapex|93/100 brn|[from] item: Black Sludge
|-damage|p2a: Corviknight|80/100 brn|[from] brn
|-damage|p1a: Toxapex|87/100 brn|[from] brn
|upkeep
|turn|84
|
|move|p2a: Corviknight|Iron Defense|p2a: Corviknight
|-boost|p2a: Corviknight|def|2
|move|p1a: Toxapex|Toxic Spikes||[still]
|-fail|p1a: Toxapex
|
|-heal|p2a: Corviknight|86/100 brn|[from] item: Leftovers
|-heal|p1a: Toxapex|93/100 brn|[from] item: Black Sludge
|-damage|p2a: Corviknight|80/100 brn|[from] brn
|-damage|p1a: Toxapex|87/100 brn|[from] brn
|upkeep
|turn|85
|
|move|p2a: Corviknight|Brave Bird|p1a: Toxapex
|-damage|p1a: Toxapex|73/100 brn
|-damage|p2a: Corviknight|77/100 brn|[from] Recoil
|move|p1a: Toxapex|Toxic Spikes||[still]
|-fail|p1a: Toxapex
|
|-heal|p2a: Corviknight|83/100 brn|[from] item: Leftovers
|-heal|p1a: Toxapex|79/100 brn|[from] item: Black Sludge
|-damage|p2a: Corviknight|77/100 brn|[from] brn
|-damage|p1a: Toxapex|73/100 brn|[from] brn
|upkeep
|turn|86
|
|switch|p2a: Cinderace|Cinderace, M|39/100
|switch|p1a: Excadrill|Excadrill, F|82/100
|-ability|p1a: Excadrill|Mold Breaker
|
|upkeep
|turn|87
|
|switch|p1a: Toxapex|Toxapex, F|100/100 brn
|move|p2a: Cinderace|Pyro Ball|p1a: Toxapex
|-resisted|p1a: Toxapex
|-damage|p1a: Toxapex|76/100 brn
|
|-heal|p1a: Toxapex|83/100 brn|[from] item: Black Sludge
|-damage|p1a: Toxapex|76/100 brn|[from] brn
|upkeep
|turn|88
|inactive|KourtneyKardashian has 120 seconds left.
|
|move|p2a: Cinderace|Court Change|p2a: Cinderace
|-sideend|p2: Bloody Regina|Toxic Spikes|[silent]
|-sidestart|p1: KourtneyKardashian|Toxic Spikes|[silent]
|-sidestart|p1: KourtneyKardashian|Toxic Spikes|[silent]
|-activate|p2a: Cinderace|move: Court Change
|move|p1a: Toxapex|Toxic Spikes|p2a: Cinderace
|-sidestart|p2: Bloody Regina|move: Toxic Spikes
|
|-heal|p1a: Toxapex|83/100 brn|[from] item: Black Sludge
|-damage|p1a: Toxapex|76/100 brn|[from] brn
|upkeep
|turn|89
|inactive|KourtneyKardashian has 90 seconds left.
|
|move|p2a: Cinderace|Court Change|p2a: Cinderace
|-sideend|p2: Bloody Regina|Toxic Spikes|[silent]
|-sideend|p1: KourtneyKardashian|Toxic Spikes|[silent]
|-sidestart|p2: Bloody Regina|Toxic Spikes|[silent]
|-sidestart|p2: Bloody Regina|Toxic Spikes|[silent]
|-sidestart|p1: KourtneyKardashian|Toxic Spikes|[silent]
|-activate|p2a: Cinderace|move: Court Change
|move|p1a: Toxapex|Toxic Spikes||[still]
|-fail|p1a: Toxapex
|
|-heal|p1a: Toxapex|83/100 brn|[from] item: Black Sludge
|-damage|p1a: Toxapex|76/100 brn|[from] brn
|upkeep
|turn|90
|inactive|KourtneyKardashian has 90 seconds left.
|
|move|p2a: Cinderace|Court Change|p2a: Cinderace
|-sideend|p2: Bloody Regina|Toxic Spikes|[silent]
|-sideend|p1: KourtneyKardashian|Toxic Spikes|[silent]
|-sidestart|p2: Bloody Regina|Toxic Spikes|[silent]
|-sidestart|p1: KourtneyKardashian|Toxic Spikes|[silent]
|-sidestart|p1: KourtneyKardashian|Toxic Spikes|[silent]
|-activate|p2a: Cinderace|move: Court Change
|move|p1a: Toxapex|Toxic Spikes|p2a: Cinderace
|-sidestart|p2: Bloody Regina|move: Toxic Spikes
|
|-heal|p1a: Toxapex|83/100 brn|[from] item: Black Sludge
|-damage|p1a: Toxapex|76/100 brn|[from] brn
|upkeep
|turn|91
|
|switch|p2a: Corviknight|Corviknight, M|77/100 brn
|-ability|p2a: Corviknight|Pressure
|move|p1a: Toxapex|Toxic Spikes||[still]
|-fail|p1a: Toxapex
|
|-heal|p2a: Corviknight|83/100 brn|[from] item: Leftovers
|-heal|p1a: Toxapex|83/100 brn|[from] item: Black Sludge
|-damage|p2a: Corviknight|77/100 brn|[from] brn
|-damage|p1a: Toxapex|76/100 brn|[from] brn
|upkeep
|turn|92
|
|switch|p1a: Excadrill|Excadrill, F|82/100
|-ability|p1a: Excadrill|Mold Breaker
|move|p2a: Corviknight|Brave Bird|p1a: Excadrill
|-resisted|p1a: Excadrill
|-damage|p1a: Excadrill|68/100
|-damage|p2a: Corviknight|73/100 brn|[from] Recoil
|
|-heal|p2a: Corviknight|79/100 brn|[from] item: Leftovers
|-damage|p2a: Corviknight|73/100 brn|[from] brn
|upkeep
|turn|93
|
|switch|p1a: Toxapex|Toxapex, F|100/100 brn
|-sideend|p1: KourtneyKardashian|move: Toxic Spikes|[of] p1a: Toxapex
|move|p2a: Corviknight|Iron Defense|p2a: Corviknight
|-boost|p2a: Corviknight|def|2
|
|-heal|p2a: Corviknight|79/100 brn|[from] item: Leftovers
|-damage|p2a: Corviknight|73/100 brn|[from] brn
|-damage|p1a: Toxapex|94/100 brn|[from] brn
|upkeep
|turn|94
|
|move|p2a: Corviknight|Brave Bird|p1a: Toxapex
|-damage|p1a: Toxapex|79/100 brn
|-damage|p2a: Corviknight|69/100 brn|[from] Recoil
|move|p1a: Toxapex|Toxic Spikes||[still]
|-fail|p1a: Toxapex
|
|-heal|p2a: Corviknight|75/100 brn|[from] item: Leftovers
|-heal|p1a: Toxapex|86/100 brn|[from] item: Black Sludge
|-damage|p2a: Corviknight|69/100 brn|[from] brn
|-damage|p1a: Toxapex|79/100 brn|[from] brn
|upkeep
|turn|95
|inactive|KourtneyKardashian has 90 seconds left.
|
|switch|p2a: Dragapult|Dragapult, M|50/100 psn
|switch|p1a: Excadrill|Excadrill, F|68/100
|-ability|p1a: Excadrill|Mold Breaker
|
|-damage|p2a: Dragapult|38/100 psn|[from] psn
|upkeep
|turn|96
|inactive|KourtneyKardashian has 90 seconds left.
|
|switch|p1a: Toxapex|Toxapex, F|100/100 brn
|move|p2a: Dragapult|Fire Blast|p1a: Toxapex
|-resisted|p1a: Toxapex
|-damage|p1a: Toxapex|92/100 brn
|
|-heal|p1a: Toxapex|98/100 brn|[from] item: Black Sludge
|-damage|p2a: Dragapult|26/100 psn|[from] psn
|-damage|p1a: Toxapex|92/100 brn|[from] brn
|upkeep
|turn|97
|
|switch|p2a: Cinderace|Cinderace, M|39/100
|move|p1a: Toxapex|Toxic Spikes||[still]
|-fail|p1a: Toxapex
|
|-heal|p1a: Toxapex|98/100 brn|[from] item: Black Sludge
|-damage|p1a: Toxapex|92/100 brn|[from] brn
|upkeep
|turn|98
|
|switch|p2a: Corviknight|Corviknight, M|69/100 brn
|-ability|p2a: Corviknight|Pressure
|move|p1a: Toxapex|Haze|p1a: Toxapex
|-clearallboost
|
|-heal|p2a: Corviknight|75/100 brn|[from] item: Leftovers
|-heal|p1a: Toxapex|98/100 brn|[from] item: Black Sludge
|-damage|p2a: Corviknight|69/100 brn|[from] brn
|-damage|p1a: Toxapex|92/100 brn|[from] brn
|upkeep
|turn|99
|
|switch|p2a: Cinderace|Cinderace, M|39/100
|move|p1a: Toxapex|Haze|p1a: Toxapex
|-clearallboost
|
|-heal|p1a: Toxapex|98/100 brn|[from] item: Black Sludge
|-damage|p1a: Toxapex|92/100 brn|[from] brn
|upkeep
|turn|100
|
|switch|p2a: Corviknight|Corviknight, M|69/100 brn
|-ability|p2a: Corviknight|Pressure
|move|p1a: Toxapex|Toxic Spikes||[still]
|-fail|p1a: Toxapex
|
|-heal|p2a: Corviknight|75/100 brn|[from] item: Leftovers
|-heal|p1a: Toxapex|98/100 brn|[from] item: Black Sludge
|-damage|p2a: Corviknight|69/100 brn|[from] brn
|-damage|p1a: Toxapex|92/100 brn|[from] brn
|upkeep
|turn|101
|
|switch|p2a: Cinderace|Cinderace, M|39/100
|switch|p1a: Excadrill|Excadrill, F|68/100
|-ability|p1a: Excadrill|Mold Breaker
|
|upkeep
|turn|102
|
|switch|p1a: Toxapex|Toxapex, F|100/100 brn
|move|p2a: Cinderace|U-turn|p1a: Toxapex
|-resisted|p1a: Toxapex
|-damage|p1a: Toxapex|92/100 brn
|
|switch|p2a: Corviknight|Corviknight, M|69/100 brn|[from]move: U-turn
|-ability|p2a: Corviknight|Pressure
|
|-heal|p2a: Corviknight|75/100 brn|[from] item: Leftovers
|-heal|p1a: Toxapex|98/100 brn|[from] item: Black Sludge
|-damage|p2a: Corviknight|69/100 brn|[from] brn
|-damage|p1a: Toxapex|92/100 brn|[from] brn
|upkeep
|turn|103
|inactive|KourtneyKardashian has 90 seconds left.
|
|switch|p2a: Cinderace|Cinderace, M|39/100
|switch|p1a: Excadrill|Excadrill, F|68/100
|-ability|p1a: Excadrill|Mold Breaker
|
|upkeep
|turn|104
|inactive|KourtneyKardashian has 90 seconds left.
|
|switch|p1a: Toxapex|Toxapex, F|100/100 brn
|move|p2a: Cinderace|U-turn|p1a: Toxapex
|-resisted|p1a: Toxapex
|-damage|p1a: Toxapex|90/100 brn
|
|switch|p2a: Corviknight|Corviknight, M|69/100 brn|[from]move: U-turn
|-ability|p2a: Corviknight|Pressure
|
|-heal|p2a: Corviknight|75/100 brn|[from] item: Leftovers
|-heal|p1a: Toxapex|96/100 brn|[from] item: Black Sludge
|-damage|p2a: Corviknight|69/100 brn|[from] brn
|-damage|p1a: Toxapex|90/100 brn|[from] brn
|upkeep
|turn|105
|
|switch|p2a: Cinderace|Cinderace, M|39/100
|move|p1a: Toxapex|Haze|p1a: Toxapex
|-clearallboost
|
|-heal|p1a: Toxapex|96/100 brn|[from] item: Black Sludge
|-damage|p1a: Toxapex|90/100 brn|[from] brn
|upkeep
|turn|106
|
|switch|p2a: Corviknight|Corviknight, M|69/100 brn
|-ability|p2a: Corviknight|Pressure
|move|p1a: Toxapex|Toxic Spikes||[still]
|-fail|p1a: Toxapex
|
|-heal|p2a: Corviknight|75/100 brn|[from] item: Leftovers
|-heal|p1a: Toxapex|96/100 brn|[from] item: Black Sludge
|-damage|p2a: Corviknight|69/100 brn|[from] brn
|-damage|p1a: Toxapex|90/100 brn|[from] brn
|upkeep
|turn|107
|
|switch|p2a: Cinderace|Cinderace, M|39/100
|switch|p1a: Excadrill|Excadrill, F|68/100
|-ability|p1a: Excadrill|Mold Breaker
|
|upkeep
|turn|108
|
|switch|p2a: Corviknight|Corviknight, M|69/100 brn
|-ability|p2a: Corviknight|Pressure
|move|p1a: Excadrill|Iron Head|p2a: Corviknight
|-resisted|p2a: Corviknight
|-damage|p2a: Corviknight|55/100 brn
|
|-heal|p2a: Corviknight|61/100 brn|[from] item: Leftovers
|-damage|p2a: Corviknight|55/100 brn|[from] brn
|upkeep
|turn|109
|
|move|p1a: Excadrill|Iron Head|p2a: Corviknight
|-resisted|p2a: Corviknight
|-damage|p2a: Corviknight|43/100 brn
|cant|p2a: Corviknight|flinch
|
|-heal|p2a: Corviknight|49/100 brn|[from] item: Leftovers
|-damage|p2a: Corviknight|43/100 brn|[from] brn
|upkeep
|turn|110
|
|switch|p1a: Toxapex|Toxapex, F|100/100 brn
|move|p2a: Corviknight|Iron Defense|p2a: Corviknight
|-boost|p2a: Corviknight|def|2
|
|-heal|p2a: Corviknight|49/100 brn|[from] item: Leftovers
|-damage|p2a: Corviknight|43/100 brn|[from] brn
|-damage|p1a: Toxapex|94/100 brn|[from] brn
|upkeep
|turn|111
|
|switch|p1a: Excadrill|Excadrill, F|68/100
|-ability|p1a: Excadrill|Mold Breaker
|move|p2a: Corviknight|Roost|p2a: Corviknight
|-heal|p2a: Corviknight|93/100 brn
|-singleturn|p2a: Corviknight|move: Roost
|
|-heal|p2a: Corviknight|99/100 brn|[from] item: Leftovers
|-damage|p2a: Corviknight|93/100 brn|[from] brn
|upkeep
|turn|112
|
|switch|p1a: Toxapex|Toxapex, F|100/100 brn
|move|p2a: Corviknight|Brave Bird|p1a: Toxapex
|-damage|p1a: Toxapex|85/100 brn
|-damage|p2a: Corviknight|89/100 brn|[from] Recoil
|
|-heal|p2a: Corviknight|95/100 brn|[from] item: Leftovers
|-heal|p1a: Toxapex|91/100 brn|[from] item: Black Sludge
|-damage|p2a: Corviknight|89/100 brn|[from] brn
|-damage|p1a: Toxapex|85/100 brn|[from] brn
|upkeep
|turn|113
|inactive|KourtneyKardashian has 90 seconds left.
|
|move|p2a: Corviknight|Brave Bird|p1a: Toxapex
|-damage|p1a: Toxapex|71/100 brn
|-damage|p2a: Corviknight|85/100 brn|[from] Recoil
|move|p1a: Toxapex|Haze|p1a: Toxapex
|-clearallboost
|
|-heal|p2a: Corviknight|91/100 brn|[from] item: Leftovers
|-heal|p1a: Toxapex|77/100 brn|[from] item: Black Sludge
|-damage|p2a: Corviknight|85/100 brn|[from] brn
|-damage|p1a: Toxapex|71/100 brn|[from] brn
|upkeep
|turn|114
|
|switch|p2a: Cinderace|Cinderace, M|39/100
|switch|p1a: Excadrill|Excadrill, F|68/100
|-ability|p1a: Excadrill|Mold Breaker
|
|upkeep
|turn|115
|
|switch|p1a: Toxapex|Toxapex, F|100/100 brn
|move|p2a: Cinderace|U-turn|p1a: Toxapex
|-resisted|p1a: Toxapex
|-damage|p1a: Toxapex|91/100 brn
|
|switch|p2a: Corviknight|Corviknight, M|85/100 brn|[from]move: U-turn
|-ability|p2a: Corviknight|Pressure
|
|-heal|p2a: Corviknight|91/100 brn|[from] item: Leftovers
|-heal|p1a: Toxapex|97/100 brn|[from] item: Black Sludge
|-damage|p2a: Corviknight|85/100 brn|[from] brn
|-damage|p1a: Toxapex|91/100 brn|[from] brn
|upkeep
|turn|116
|
|switch|p2a: Cinderace|Cinderace, M|39/100
|switch|p1a: Excadrill|Excadrill, F|68/100
|-ability|p1a: Excadrill|Mold Breaker
|
|upkeep
|turn|117
|
|switch|p1a: Toxapex|Toxapex, F|100/100 brn
|move|p2a: Cinderace|Pyro Ball|p1a: Toxapex
|-resisted|p1a: Toxapex
|-damage|p1a: Toxapex|75/100 brn
|
|-heal|p1a: Toxapex|82/100 brn|[from] item: Black Sludge
|-damage|p1a: Toxapex|75/100 brn|[from] brn
|upkeep
|turn|118
|
|move|p2a: Cinderace|U-turn|p1a: Toxapex
|-resisted|p1a: Toxapex
|-damage|p1a: Toxapex|67/100 brn
|
|switch|p2a: Corviknight|Corviknight, M|85/100 brn|[from]move: U-turn
|-ability|p2a: Corviknight|Pressure
|move|p1a: Toxapex|Toxic Spikes||[still]
|-fail|p1a: Toxapex
|
|-heal|p2a: Corviknight|91/100 brn|[from] item: Leftovers
|-heal|p1a: Toxapex|73/100 brn|[from] item: Black Sludge
|-damage|p2a: Corviknight|85/100 brn|[from] brn
|-damage|p1a: Toxapex|67/100 brn|[from] brn
|upkeep
|turn|119
|
|switch|p2a: Cinderace|Cinderace, M|39/100
|switch|p1a: Excadrill|Excadrill, F|68/100
|-ability|p1a: Excadrill|Mold Breaker
|
|upkeep
|turn|120
|
|switch|p2a: Corviknight|Corviknight, M|85/100 brn
|-ability|p2a: Corviknight|Pressure
|switch|p1a: Toxapex|Toxapex, F|99/100 brn
|
|-heal|p2a: Corviknight|91/100 brn|[from] item: Leftovers
|-heal|p1a: Toxapex|100/100 brn|[from] item: Black Sludge
|-damage|p2a: Corviknight|85/100 brn|[from] brn
|-damage|p1a: Toxapex|94/100 brn|[from] brn
|upkeep
|turn|121
|
|switch|p2a: Cinderace|Cinderace, M|39/100
|switch|p1a: Excadrill|Excadrill, F|68/100
|-ability|p1a: Excadrill|Mold Breaker
|
|upkeep
|turn|122
|
|switch|p2a: Corviknight|Corviknight, M|85/100 brn
|-ability|p2a: Corviknight|Pressure
|switch|p1a: Toxapex|Toxapex, F|100/100 brn
|
|-heal|p2a: Corviknight|91/100 brn|[from] item: Leftovers
|-damage|p2a: Corviknight|85/100 brn|[from] brn
|-damage|p1a: Toxapex|94/100 brn|[from] brn
|upkeep
|turn|123
|
|switch|p2a: Cinderace|Cinderace, M|39/100
|switch|p1a: Excadrill|Excadrill, F|68/100
|-ability|p1a: Excadrill|Mold Breaker
|
|upkeep
|turn|124
|
|switch|p1a: Toxapex|Toxapex, F|100/100 brn
|move|p2a: Cinderace|U-turn|p1a: Toxapex
|-resisted|p1a: Toxapex
|-damage|p1a: Toxapex|90/100 brn
|
|switch|p2a: Corviknight|Corviknight, M|85/100 brn|[from]move: U-turn
|-ability|p2a: Corviknight|Pressure
|
|-heal|p2a: Corviknight|91/100 brn|[from] item: Leftovers
|-heal|p1a: Toxapex|97/100 brn|[from] item: Black Sludge
|-damage|p2a: Corviknight|85/100 brn|[from] brn
|-damage|p1a: Toxapex|90/100 brn|[from] brn
|upkeep
|turn|125
|inactive|KourtneyKardashian has 90 seconds left.
|
|switch|p1a: Excadrill|Excadrill, F|68/100
|-ability|p1a: Excadrill|Mold Breaker
|move|p2a: Corviknight|Brave Bird|p1a: Excadrill
|-resisted|p1a: Excadrill
|-damage|p1a: Excadrill|56/100
|-damage|p2a: Corviknight|82/100 brn|[from] Recoil
|
|-heal|p2a: Corviknight|88/100 brn|[from] item: Leftovers
|-damage|p2a: Corviknight|82/100 brn|[from] brn
|upkeep
|turn|126
|inactive|KourtneyKardashian has 90 seconds left.
|
|switch|p1a: Toxapex|Toxapex, F|100/100 brn
|move|p2a: Corviknight|Brave Bird|p1a: Toxapex
|-damage|p1a: Toxapex|85/100 brn
|-damage|p2a: Corviknight|78/100 brn|[from] Recoil
|
|-heal|p2a: Corviknight|84/100 brn|[from] item: Leftovers
|-heal|p1a: Toxapex|91/100 brn|[from] item: Black Sludge
|-damage|p2a: Corviknight|78/100 brn|[from] brn
|-damage|p1a: Toxapex|85/100 brn|[from] brn
|upkeep
|turn|127
|inactive|KourtneyKardashian has 90 seconds left.
|
|switch|p1a: Excadrill|Excadrill, F|56/100
|-ability|p1a: Excadrill|Mold Breaker
|move|p2a: Corviknight|Iron Defense|p2a: Corviknight
|-boost|p2a: Corviknight|def|2
|
|-heal|p2a: Corviknight|84/100 brn|[from] item: Leftovers
|-damage|p2a: Corviknight|78/100 brn|[from] brn
|upkeep
|turn|128
|
|switch|p1a: Toxapex|Toxapex, F|100/100 brn
|move|p2a: Corviknight|Roost|p2a: Corviknight
|-heal|p2a: Corviknight|100/100 brn
|-singleturn|p2a: Corviknight|move: Roost
|
|-damage|p2a: Corviknight|94/100 brn|[from] brn
|-damage|p1a: Toxapex|94/100 brn|[from] brn
|upkeep
|turn|129
|inactive|KourtneyKardashian has 90 seconds left.
|
|switch|p2a: Cinderace|Cinderace, M|39/100
|move|p1a: Toxapex|Haze|p1a: Toxapex
|-clearallboost
|
|-heal|p1a: Toxapex|100/100 brn|[from] item: Black Sludge
|-damage|p1a: Toxapex|94/100 brn|[from] brn
|upkeep
|turn|130
|
|move|p2a: Cinderace|Court Change|p2a: Cinderace
|-sideend|p2: Bloody Regina|Toxic Spikes|[silent]
|-sidestart|p1: KourtneyKardashian|Toxic Spikes|[silent]
|-sidestart|p1: KourtneyKardashian|Toxic Spikes|[silent]
|-activate|p2a: Cinderace|move: Court Change
|move|p1a: Toxapex|Haze|p1a: Toxapex
|-clearallboost
|
|-heal|p1a: Toxapex|100/100 brn|[from] item: Black Sludge
|-damage|p1a: Toxapex|94/100 brn|[from] brn
|upkeep
|turn|131
|
|switch|p1a: Excadrill|Excadrill, F|56/100
|-ability|p1a: Excadrill|Mold Breaker
|move|p2a: Cinderace|Court Change|p2a: Cinderace
|-sideend|p1: KourtneyKardashian|Toxic Spikes|[silent]
|-sidestart|p2: Bloody Regina|Toxic Spikes|[silent]
|-sidestart|p2: Bloody Regina|Toxic Spikes|[silent]
|-activate|p2a: Cinderace|move: Court Change
|
|upkeep
|turn|132
|
|switch|p1a: Toxapex|Toxapex, F|100/100 brn
|move|p2a: Cinderace|U-turn|p1a: Toxapex
|-resisted|p1a: Toxapex
|-damage|p1a: Toxapex|92/100 brn
|
|switch|p2a: Corviknight|Corviknight, M|94/100 brn|[from]move: U-turn
|-ability|p2a: Corviknight|Pressure
|
|-heal|p2a: Corviknight|100/100 brn|[from] item: Leftovers
|-heal|p1a: Toxapex|98/100 brn|[from] item: Black Sludge
|-damage|p2a: Corviknight|94/100 brn|[from] brn
|-damage|p1a: Toxapex|92/100 brn|[from] brn
|upkeep
|turn|133
|
|move|p2a: Corviknight|Iron Defense|p2a: Corviknight
|-boost|p2a: Corviknight|def|2
|move|p1a: Toxapex|Toxic Spikes||[still]
|-fail|p1a: Toxapex
|
|-heal|p2a: Corviknight|100/100 brn|[from] item: Leftovers
|-heal|p1a: Toxapex|98/100 brn|[from] item: Black Sludge
|-damage|p2a: Corviknight|94/100 brn|[from] brn
|-damage|p1a: Toxapex|92/100 brn|[from] brn
|upkeep
|turn|134
|
|move|p2a: Corviknight|Brave Bird|p1a: Toxapex
|-damage|p1a: Toxapex|78/100 brn
|-damage|p2a: Corviknight|91/100 brn|[from] Recoil
|move|p1a: Toxapex|Haze|p1a: Toxapex
|-clearallboost
|
|-heal|p2a: Corviknight|97/100 brn|[from] item: Leftovers
|-heal|p1a: Toxapex|84/100 brn|[from] item: Black Sludge
|-damage|p2a: Corviknight|91/100 brn|[from] brn
|-damage|p1a: Toxapex|78/100 brn|[from] brn
|upkeep
|turn|135
|inactive|KourtneyKardashian has 90 seconds left.
|
|switch|p2a: Cinderace|Cinderace, M|39/100
|switch|p1a: Excadrill|Excadrill, F|56/100
|-ability|p1a: Excadrill|Mold Breaker
|
|upkeep
|turn|136
|
|switch|p1a: Toxapex|Toxapex, F|100/100 brn
|move|p2a: Cinderace|U-turn|p1a: Toxapex
|-resisted|p1a: Toxapex
|-damage|p1a: Toxapex|91/100 brn
|
|switch|p2a: Corviknight|Corviknight, M|91/100 brn|[from]move: U-turn
|-ability|p2a: Corviknight|Pressure
|
|-heal|p2a: Corviknight|97/100 brn|[from] item: Leftovers
|-heal|p1a: Toxapex|98/100 brn|[from] item: Black Sludge
|-damage|p2a: Corviknight|91/100 brn|[from] brn
|-damage|p1a: Toxapex|91/100 brn|[from] brn
|upkeep
|turn|137
|
|switch|p2a: Cinderace|Cinderace, M|39/100
|switch|p1a: Excadrill|Excadrill, F|56/100
|-ability|p1a: Excadrill|Mold Breaker
|
|upkeep
|turn|138
|
|switch|p1a: Toxapex|Toxapex, F|100/100 brn
|move|p2a: Cinderace|Pyro Ball|p1a: Toxapex
|-resisted|p1a: Toxapex
|-crit|p1a: Toxapex
|-damage|p1a: Toxapex|66/100 brn
|
|-heal|p1a: Toxapex|72/100 brn|[from] item: Black Sludge
|-damage|p1a: Toxapex|66/100 brn|[from] brn
|upkeep
|turn|139
|
|move|p2a: Cinderace|Court Change|p2a: Cinderace
|-sideend|p2: Bloody Regina|Toxic Spikes|[silent]
|-sidestart|p1: KourtneyKardashian|Toxic Spikes|[silent]
|-sidestart|p1: KourtneyKardashian|Toxic Spikes|[silent]
|-activate|p2a: Cinderace|move: Court Change
|move|p1a: Toxapex|Haze|p1a: Toxapex
|-clearallboost
|
|-heal|p1a: Toxapex|72/100 brn|[from] item: Black Sludge
|-damage|p1a: Toxapex|66/100 brn|[from] brn
|upkeep
|turn|140
|
|move|p2a: Cinderace|Court Change|p2a: Cinderace
|-sideend|p1: KourtneyKardashian|Toxic Spikes|[silent]
|-sidestart|p2: Bloody Regina|Toxic Spikes|[silent]
|-sidestart|p2: Bloody Regina|Toxic Spikes|[silent]
|-activate|p2a: Cinderace|move: Court Change
|move|p1a: Toxapex|Haze|p1a: Toxapex
|-clearallboost
|
|-heal|p1a: Toxapex|72/100 brn|[from] item: Black Sludge
|-damage|p1a: Toxapex|66/100 brn|[from] brn
|upkeep
|turn|141
|
|switch|p1a: Excadrill|Excadrill, F|56/100
|-ability|p1a: Excadrill|Mold Breaker
|move|p2a: Cinderace|Court Change|p2a: Cinderace
|-sideend|p2: Bloody Regina|Toxic Spikes|[silent]
|-sidestart|p1: KourtneyKardashian|Toxic Spikes|[silent]
|-sidestart|p1: KourtneyKardashian|Toxic Spikes|[silent]
|-activate|p2a: Cinderace|move: Court Change
|
|upkeep
|turn|142
|
|switch|p1a: Toxapex|Toxapex, F|99/100 brn
|-sideend|p1: KourtneyKardashian|move: Toxic Spikes|[of] p1a: Toxapex
|move|p2a: Cinderace|U-turn|p1a: Toxapex
|-resisted|p1a: Toxapex
|-damage|p1a: Toxapex|90/100 brn
|
|switch|p2a: Corviknight|Corviknight, M|91/100 brn|[from]move: U-turn
|-ability|p2a: Corviknight|Pressure
|
|-heal|p2a: Corviknight|97/100 brn|[from] item: Leftovers
|-heal|p1a: Toxapex|96/100 brn|[from] item: Black Sludge
|-damage|p2a: Corviknight|91/100 brn|[from] brn
|-damage|p1a: Toxapex|90/100 brn|[from] brn
|upkeep
|turn|143
|
|switch|p2a: Cinderace|Cinderace, M|39/100
|switch|p1a: Excadrill|Excadrill, F|56/100
|-ability|p1a: Excadrill|Mold Breaker
|
|upkeep
|turn|144
|inactive|KourtneyKardashian has 60 seconds left.
|
|switch|p1a: Toxapex|Toxapex, F|100/100 brn
|move|p2a: Cinderace|U-turn|p1a: Toxapex
|-resisted|p1a: Toxapex
|-damage|p1a: Toxapex|91/100 brn
|
|switch|p2a: Corviknight|Corviknight, M|91/100 brn|[from]move: U-turn
|-ability|p2a: Corviknight|Pressure
|
|-heal|p2a: Corviknight|97/100 brn|[from] item: Leftovers
|-heal|p1a: Toxapex|97/100 brn|[from] item: Black Sludge
|-damage|p2a: Corviknight|91/100 brn|[from] brn
|-damage|p1a: Toxapex|91/100 brn|[from] brn
|upkeep
|turn|145
|
|switch|p2a: Cinderace|Cinderace, M|39/100
|switch|p1a: Excadrill|Excadrill, F|56/100
|-ability|p1a: Excadrill|Mold Breaker
|
|upkeep
|turn|146
|
|switch|p2a: Corviknight|Corviknight, M|91/100 brn
|-ability|p2a: Corviknight|Pressure
|switch|p1a: Toxapex|Toxapex, F|100/100 brn
|
|-heal|p2a: Corviknight|97/100 brn|[from] item: Leftovers
|-damage|p2a: Corviknight|91/100 brn|[from] brn
|-damage|p1a: Toxapex|94/100 brn|[from] brn
|upkeep
|turn|147
|
|switch|p2a: Cinderace|Cinderace, M|39/100
|switch|p1a: Excadrill|Excadrill, F|56/100
|-ability|p1a: Excadrill|Mold Breaker
|
|upkeep
|turn|148
|
|switch|p1a: Toxapex|Toxapex, F|100/100 brn
|move|p2a: Cinderace|Court Change||[still]
|-fail|p2a: Cinderace
|
|-damage|p1a: Toxapex|94/100 brn|[from] brn
|upkeep
|turn|149
|
|switch|p1a: Excadrill|Excadrill, F|56/100
|-ability|p1a: Excadrill|Mold Breaker
|move|p2a: Cinderace|U-turn|p1a: Excadrill
|-resisted|p1a: Excadrill
|-damage|p1a: Excadrill|37/100
|
|switch|p2a: Corviknight|Corviknight, M|91/100 brn|[from]move: U-turn
|-ability|p2a: Corviknight|Pressure
|
|-heal|p2a: Corviknight|97/100 brn|[from] item: Leftovers
|-damage|p2a: Corviknight|91/100 brn|[from] brn
|upkeep
|turn|150
|
|switch|p1a: Toxapex|Toxapex, F|100/100 brn
|move|p2a: Corviknight|Iron Defense|p2a: Corviknight
|-boost|p2a: Corviknight|def|2
|
|-heal|p2a: Corviknight|97/100 brn|[from] item: Leftovers
|-damage|p2a: Corviknight|91/100 brn|[from] brn
|-damage|p1a: Toxapex|94/100 brn|[from] brn
|upkeep
|turn|151
|
|switch|p2a: Cinderace|Cinderace, M|39/100
|move|p1a: Toxapex|Haze|p1a: Toxapex
|-clearallboost
|
|-heal|p1a: Toxapex|100/100 brn|[from] item: Black Sludge
|-damage|p1a: Toxapex|94/100 brn|[from] brn
|upkeep
|turn|152
|
|move|p2a: Cinderace|U-turn|p1a: Toxapex
|-resisted|p1a: Toxapex
|-damage|p1a: Toxapex|85/100 brn
|
|switch|p2a: Corviknight|Corviknight, M|91/100 brn|[from]move: U-turn
|-ability|p2a: Corviknight|Pressure
|move|p1a: Toxapex|Haze|p1a: Toxapex
|-clearallboost
|
|-heal|p2a: Corviknight|97/100 brn|[from] item: Leftovers
|-heal|p1a: Toxapex|91/100 brn|[from] item: Black Sludge
|-damage|p2a: Corviknight|91/100 brn|[from] brn
|-damage|p1a: Toxapex|85/100 brn|[from] brn
|upkeep
|turn|153
|
|switch|p1a: Excadrill|Excadrill, F|37/100
|-ability|p1a: Excadrill|Mold Breaker
|move|p2a: Corviknight|Roost|p2a: Corviknight
|-heal|p2a: Corviknight|100/100 brn
|-singleturn|p2a: Corviknight|move: Roost
|
|-damage|p2a: Corviknight|94/100 brn|[from] brn
|upkeep
|turn|154
|
|move|p1a: Excadrill|Earthquake|p2a: Corviknight
|-immune|p2a: Corviknight
|move|p2a: Corviknight|Iron Defense|p2a: Corviknight
|-boost|p2a: Corviknight|def|2
|
|-heal|p2a: Corviknight|100/100 brn|[from] item: Leftovers
|-damage|p2a: Corviknight|94/100 brn|[from] brn
|upkeep
|turn|155
|
|switch|p1a: Toxapex|Toxapex, F|100/100 brn
|move|p2a: Corviknight|Brave Bird|p1a: Toxapex
|-damage|p1a: Toxapex|86/100 brn
|-damage|p2a: Corviknight|91/100 brn|[from] Recoil
|
|-heal|p2a: Corviknight|97/100 brn|[from] item: Leftovers
|-heal|p1a: Toxapex|92/100 brn|[from] item: Black Sludge
|-damage|p2a: Corviknight|91/100 brn|[from] brn
|-damage|p1a: Toxapex|86/100 brn|[from] brn
|upkeep
|turn|156
|
|switch|p2a: Cinderace|Cinderace, M|39/100
|move|p1a: Toxapex|Haze|p1a: Toxapex
|-clearallboost
|
|-heal|p1a: Toxapex|92/100 brn|[from] item: Black Sludge
|-damage|p1a: Toxapex|86/100 brn|[from] brn
|upkeep
|turn|157
|
|move|p2a: Cinderace|U-turn|p1a: Toxapex
|-resisted|p1a: Toxapex
|-damage|p1a: Toxapex|75/100 brn
|
|switch|p2a: Corviknight|Corviknight, M|91/100 brn|[from]move: U-turn
|-ability|p2a: Corviknight|Pressure
|move|p1a: Toxapex|Haze|p1a: Toxapex
|-clearallboost
|
|-heal|p2a: Corviknight|97/100 brn|[from] item: Leftovers
|-heal|p1a: Toxapex|81/100 brn|[from] item: Black Sludge
|-damage|p2a: Corviknight|91/100 brn|[from] brn
|-damage|p1a: Toxapex|75/100 brn|[from] brn
|upkeep
|turn|158
|
|switch|p2a: Cinderace|Cinderace, M|39/100
|switch|p1a: Excadrill|Excadrill, F|37/100
|-ability|p1a: Excadrill|Mold Breaker
|
|upkeep
|turn|159
|
|move|p2a: Cinderace|U-turn|p1a: Excadrill
|-resisted|p1a: Excadrill
|-damage|p1a: Excadrill|19/100
|
|switch|p2a: Corviknight|Corviknight, M|91/100 brn|[from]move: U-turn
|-ability|p2a: Corviknight|Pressure
|move|p1a: Excadrill|Earthquake|p2a: Corviknight
|-immune|p2a: Corviknight
|
|-heal|p2a: Corviknight|97/100 brn|[from] item: Leftovers
|-damage|p2a: Corviknight|91/100 brn|[from] brn
|upkeep
|turn|160
|inactive|KourtneyKardashian has 90 seconds left.
|
|switch|p1a: Toxapex|Toxapex, F|100/100 brn
|move|p2a: Corviknight|Brave Bird|p1a: Toxapex
|-damage|p1a: Toxapex|86/100 brn
|-damage|p2a: Corviknight|87/100 brn|[from] Recoil
|
|-heal|p2a: Corviknight|93/100 brn|[from] item: Leftovers
|-heal|p1a: Toxapex|92/100 brn|[from] item: Black Sludge
|-damage|p2a: Corviknight|87/100 brn|[from] brn
|-damage|p1a: Toxapex|86/100 brn|[from] brn
|upkeep
|turn|161
|inactive|KourtneyKardashian has 90 seconds left.
|
|switch|p2a: Cinderace|Cinderace, M|39/100
|move|p1a: Toxapex|Haze|p1a: Toxapex
|-clearallboost
|
|-heal|p1a: Toxapex|92/100 brn|[from] item: Black Sludge
|-damage|p1a: Toxapex|86/100 brn|[from] brn
|upkeep
|turn|162
|inactive|KourtneyKardashian has 60 seconds left.
|
|move|p2a: Cinderace|U-turn|p1a: Toxapex
|-resisted|p1a: Toxapex
|-damage|p1a: Toxapex|76/100 brn
|
|switch|p2a: Corviknight|Corviknight, M|87/100 brn|[from]move: U-turn
|-ability|p2a: Corviknight|Pressure
|move|p1a: Toxapex|Haze|p1a: Toxapex
|-clearallboost
|
|-heal|p2a: Corviknight|93/100 brn|[from] item: Leftovers
|-heal|p1a: Toxapex|83/100 brn|[from] item: Black Sludge
|-damage|p2a: Corviknight|87/100 brn|[from] brn
|-damage|p1a: Toxapex|76/100 brn|[from] brn
|upkeep
|turn|163
|
|move|p2a: Corviknight|Roost|p2a: Corviknight
|-heal|p2a: Corviknight|100/100 brn
|-singleturn|p2a: Corviknight|move: Roost
|move|p1a: Toxapex|Recover|p1a: Toxapex
|-heal|p1a: Toxapex|100/100 brn
|
|-damage|p2a: Corviknight|94/100 brn|[from] brn
|-damage|p1a: Toxapex|94/100 brn|[from] brn
|upkeep
|turn|164
|
|switch|p2a: Cinderace|Cinderace, M|39/100
|switch|p1a: Excadrill|Excadrill, F|19/100
|-ability|p1a: Excadrill|Mold Breaker
|
|upkeep
|turn|165
|
|switch|p1a: Toxapex|Toxapex, F|100/100 brn
|move|p2a: Cinderace|U-turn|p1a: Toxapex
|-resisted|p1a: Toxapex
|-damage|p1a: Toxapex|91/100 brn
|
|switch|p2a: Corviknight|Corviknight, M|94/100 brn|[from]move: U-turn
|-ability|p2a: Corviknight|Pressure
|
|-heal|p2a: Corviknight|100/100 brn|[from] item: Leftovers
|-heal|p1a: Toxapex|97/100 brn|[from] item: Black Sludge
|-damage|p2a: Corviknight|94/100 brn|[from] brn
|-damage|p1a: Toxapex|91/100 brn|[from] brn
|upkeep
|turn|166
|
|switch|p2a: Cinderace|Cinderace, M|39/100
|switch|p1a: Excadrill|Excadrill, F|19/100
|-ability|p1a: Excadrill|Mold Breaker
|
|upkeep
|turn|167
|
|switch|p1a: Toxapex|Toxapex, F|100/100 brn
|move|p2a: Cinderace|U-turn|p1a: Toxapex
|-resisted|p1a: Toxapex
|-damage|p1a: Toxapex|91/100 brn
|
|switch|p2a: Corviknight|Corviknight, M|94/100 brn|[from]move: U-turn
|-ability|p2a: Corviknight|Pressure
|
|-heal|p2a: Corviknight|100/100 brn|[from] item: Leftovers
|-heal|p1a: Toxapex|97/100 brn|[from] item: Black Sludge
|-damage|p2a: Corviknight|94/100 brn|[from] brn
|-damage|p1a: Toxapex|91/100 brn|[from] brn
|upkeep
|turn|168
|
|switch|p2a: Cinderace|Cinderace, M|39/100
|switch|p1a: Excadrill|Excadrill, F|19/100
|-ability|p1a: Excadrill|Mold Breaker
|
|upkeep
|turn|169
|
|switch|p2a: Corviknight|Corviknight, M|94/100 brn
|-ability|p2a: Corviknight|Pressure
|switch|p1a: Toxapex|Toxapex, F|100/100 brn
|
|-heal|p2a: Corviknight|100/100 brn|[from] item: Leftovers
|-damage|p2a: Corviknight|94/100 brn|[from] brn
|-damage|p1a: Toxapex|94/100 brn|[from] brn
|upkeep
|turn|170
|
|switch|p2a: Cinderace|Cinderace, M|39/100
|move|p1a: Toxapex|Haze|p1a: Toxapex
|-clearallboost
|
|-heal|p1a: Toxapex|100/100 brn|[from] item: Black Sludge
|-damage|p1a: Toxapex|94/100 brn|[from] brn
|upkeep
|turn|171
|
|move|p2a: Cinderace|U-turn|p1a: Toxapex
|-resisted|p1a: Toxapex
|-damage|p1a: Toxapex|84/100 brn
|
|switch|p2a: Corviknight|Corviknight, M|94/100 brn|[from]move: U-turn
|-ability|p2a: Corviknight|Pressure
|move|p1a: Toxapex|Haze|p1a: Toxapex
|-clearallboost
|
|-heal|p2a: Corviknight|100/100 brn|[from] item: Leftovers
|-heal|p1a: Toxapex|91/100 brn|[from] item: Black Sludge
|-damage|p2a: Corviknight|94/100 brn|[from] brn
|-damage|p1a: Toxapex|84/100 brn|[from] brn
|upkeep
|turn|172
|
|switch|p2a: Cinderace|Cinderace, M|39/100
|switch|p1a: Excadrill|Excadrill, F|19/100
|-ability|p1a: Excadrill|Mold Breaker
|
|upkeep
|turn|173
|
|switch|p1a: Toxapex|Toxapex, F|100/100 brn
|move|p2a: Cinderace|U-turn|p1a: Toxapex
|-resisted|p1a: Toxapex
|-damage|p1a: Toxapex|91/100 brn
|
|switch|p2a: Corviknight|Corviknight, M|94/100 brn|[from]move: U-turn
|-ability|p2a: Corviknight|Pressure
|
|-heal|p2a: Corviknight|100/100 brn|[from] item: Leftovers
|-heal|p1a: Toxapex|97/100 brn|[from] item: Black Sludge
|-damage|p2a: Corviknight|94/100 brn|[from] brn
|-damage|p1a: Toxapex|91/100 brn|[from] brn
|upkeep
|turn|174
|inactive|KourtneyKardashian has 60 seconds left.
|
|switch|p2a: Cinderace|Cinderace, M|39/100
|move|p1a: Toxapex|Haze|p1a: Toxapex
|-clearallboost
|
|-heal|p1a: Toxapex|97/100 brn|[from] item: Black Sludge
|-damage|p1a: Toxapex|91/100 brn|[from] brn
|upkeep
|turn|175
|
|switch|p2a: Corviknight|Corviknight, M|94/100 brn
|-ability|p2a: Corviknight|Pressure
|move|p1a: Toxapex|Haze|p1a: Toxapex
|-clearallboost
|
|-heal|p2a: Corviknight|100/100 brn|[from] item: Leftovers
|-heal|p1a: Toxapex|97/100 brn|[from] item: Black Sludge
|-damage|p2a: Corviknight|94/100 brn|[from] brn
|-damage|p1a: Toxapex|91/100 brn|[from] brn
|upkeep
|turn|176
|
|switch|p2a: Cinderace|Cinderace, M|39/100
|switch|p1a: Excadrill|Excadrill, F|19/100
|-ability|p1a: Excadrill|Mold Breaker
|
|upkeep
|turn|177
|
|switch|p2a: Corviknight|Corviknight, M|94/100 brn
|-ability|p2a: Corviknight|Pressure
|switch|p1a: Toxapex|Toxapex, F|100/100 brn
|
|-heal|p2a: Corviknight|100/100 brn|[from] item: Leftovers
|-damage|p2a: Corviknight|94/100 brn|[from] brn
|-damage|p1a: Toxapex|94/100 brn|[from] brn
|upkeep
|turn|178
|
|switch|p2a: Cinderace|Cinderace, M|39/100
|switch|p1a: Excadrill|Excadrill, F|19/100
|-ability|p1a: Excadrill|Mold Breaker
|
|upkeep
|turn|179
|
|move|p2a: Cinderace|U-turn|p1a: Excadrill
|-resisted|p1a: Excadrill
|-damage|p1a: Excadrill|1/100
|
|switch|p2a: Corviknight|Corviknight, M|94/100 brn|[from]move: U-turn
|-ability|p2a: Corviknight|Pressure
|move|p1a: Excadrill|Swords Dance|p1a: Excadrill
|-boost|p1a: Excadrill|atk|2
|
|-heal|p2a: Corviknight|100/100 brn|[from] item: Leftovers
|-damage|p2a: Corviknight|94/100 brn|[from] brn
|upkeep
|turn|180
|inactive|KourtneyKardashian has 30 seconds left.
|
|move|p1a: Excadrill|Iron Head|p2a: Corviknight
|-resisted|p2a: Corviknight
|-damage|p2a: Corviknight|66/100 brn
|move|p2a: Corviknight|Brave Bird|p1a: Excadrill
|-resisted|p1a: Excadrill
|-damage|p1a: Excadrill|0 fnt
|-damage|p2a: Corviknight|66/100 brn|[from] Recoil
|faint|p1a: Excadrill
|
|-heal|p2a: Corviknight|72/100 brn|[from] item: Leftovers
|-damage|p2a: Corviknight|66/100 brn|[from] brn
|upkeep
|
|switch|p1a: Toxapex|Toxapex, F|100/100 brn
|turn|181
|inactive|KourtneyKardashian has 30 seconds left.
|c|☆KourtneyKardashian|gg
|c|☆KourtneyKardashian|got tired of this
|inactive|KourtneyKardashian has 20 seconds left.
|-message|KourtneyKardashian forfeited.
|
|win|Bloody Regina
|inactive|KourtneyKardashian has 20 seconds left this turn.
|raw|KourtneyKardashian's rating: 1427 → 1403(-24 for losing)
|raw|Bloody Regina's rating: 1363 → 1387(+24 for winning)
