|ScrapeTime|2020-01-01-13:24:27
|j|☆shiitogee
|j|☆Helpinghans
|player|p1|shiitogee|flannery|1735
|player|p2|Helpinghans|pilot|1839
|teamsize|p1|6
|teamsize|p2|6
|gametype|singles
|gen|8
|tier|[Gen 8] OU
|rated|
|rule|Sleep Clause Mod: Limit one foe put to sleep
|rule|Species Clause: Limit one of each Pokémon
|rule|OHKO Clause: OHKO moves are banned
|rule|Evasion Moves Clause: Evasion moves are banned
|rule|Endless Battle Clause: Forcing endless battles is banned
|rule|HP Percentage Mod: HP is shown in percentages
|clearpoke
|poke|p1|Aegislash, F|
|poke|p1|Bisharp, M|
|poke|p1|Dragapult, M|
|poke|p1|Kommo-o, M|
|poke|p1|Obstagoon, F|
|poke|p1|Shuckle, F|
|poke|p2|Tyranitar, F|
|poke|p2|Excadrill, F|
|poke|p2|Hatterene, F|
|poke|p2|Reuniclus, M|
|poke|p2|Ferrothorn, F|
|poke|p2|Toxapex, M|
|rule|Dynamax Clause: You cannot dynamax
|teampreview
|inactive|Battle timer is ON: inactive players will automatically lose when time's up. (requested by shiitogee)
|j| fasdgfweg35
|j| Oman p
|
|start
|switch|p1a: Shuckle|Shuckle, F|100/100
|switch|p2a: Pz.KpfwVI Ausf.E|Tyranitar, F|100/100
|-weather|Sandstorm|[from] ability: Sand Stream|[of] p2a: Pz.KpfwVI Ausf.E
|turn|1
|
|switch|p1a: Aegislash|Aegislash, F|100/100
|-item|p1a: Aegislash|Air Balloon
|move|p2a: Pz.KpfwVI Ausf.E|Stone Edge|p1a: Aegislash
|-resisted|p1a: Aegislash
|-damage|p1a: Aegislash|79/100
|-enditem|p1a: Aegislash|Air Balloon
|
|-weather|Sandstorm|[upkeep]
|upkeep
|turn|2
|
|switch|p1a: Shuckle|Shuckle, F|100/100
|switch|p2a: Flakviering36|Toxapex, M|100/100
|
|-weather|Sandstorm|[upkeep]
|-damage|p2a: Flakviering36|95/100|[from] Sandstorm
|-heal|p2a: Flakviering36|100/100|[from] item: Black Sludge
|upkeep
|turn|3
|
|move|p2a: Flakviering36|Scald|p1a: Shuckle
|-supereffective|p1a: Shuckle
|-damage|p1a: Shuckle|83/100
|-status|p1a: Shuckle|brn
|move|p1a: Shuckle|Sticky Web|p2a: Flakviering36
|-sidestart|p2: Helpinghans|move: Sticky Web
|
|-weather|Sandstorm|[upkeep]
|-damage|p2a: Flakviering36|95/100|[from] Sandstorm
|-heal|p2a: Flakviering36|100/100|[from] item: Black Sludge
|-damage|p1a: Shuckle|77/100 brn|[from] brn
|upkeep
|turn|4
|
|switch|p2a: 8.8cm Flak36|Hatterene, F|100/100
|-activate|p2a: 8.8cm Flak36|move: Sticky Web
|-unboost|p2a: 8.8cm Flak36|spe|1
|switch|p1a: Obstagoon|Obstagoon, F|100/100
|
|-weather|Sandstorm|[upkeep]
|-damage|p1a: Obstagoon|94/100|[from] Sandstorm
|-damage|p2a: 8.8cm Flak36|95/100|[from] Sandstorm
|-heal|p2a: 8.8cm Flak36|100/100|[from] item: Leftovers
|-status|p1a: Obstagoon|brn|[from] item: Flame Orb
|upkeep
|turn|5
|
|move|p1a: Obstagoon|Facade|p2a: 8.8cm Flak36
|-damage|p2a: 8.8cm Flak36|27/100
|move|p2a: 8.8cm Flak36|Draining Kiss|p1a: Obstagoon
|-supereffective|p1a: Obstagoon
|-damage|p1a: Obstagoon|41/100 brn
|-heal|p2a: 8.8cm Flak36|68/100|[from] drain|[of] p1a: Obstagoon
|
|-weather|none
|-heal|p2a: 8.8cm Flak36|74/100|[from] item: Leftovers
|-damage|p1a: Obstagoon|35/100 brn|[from] brn
|upkeep
|turn|6
|
|switch|p2a: StuGIII Ausf.H|Ferrothorn, F|100/100
|-activate|p2a: StuGIII Ausf.H|move: Sticky Web
|-unboost|p2a: StuGIII Ausf.H|spe|1
|move|p1a: Obstagoon|Facade|p2a: StuGIII Ausf.H
|-resisted|p2a: StuGIII Ausf.H
|-damage|p2a: StuGIII Ausf.H|77/100
|-damage|p1a: Obstagoon|23/100 brn|[from] ability: Iron Barbs|[of] p2a: StuGIII Ausf.H
|
|-heal|p2a: StuGIII Ausf.H|83/100|[from] item: Leftovers
|-damage|p1a: Obstagoon|17/100 brn|[from] brn
|upkeep
|turn|7
|
|move|p2a: StuGIII Ausf.H|Protect|p2a: StuGIII Ausf.H
|-singleturn|p2a: StuGIII Ausf.H|Protect
|move|p1a: Obstagoon|Taunt|p2a: StuGIII Ausf.H
|-activate|p2a: StuGIII Ausf.H|move: Protect
|
|-heal|p2a: StuGIII Ausf.H|89/100|[from] item: Leftovers
|-damage|p1a: Obstagoon|11/100 brn|[from] brn
|upkeep
|turn|8
|
|switch|p2a: Flakviering36|Toxapex, M|100/100
|-activate|p2a: Flakviering36|move: Sticky Web
|-unboost|p2a: Flakviering36|spe|1
|move|p1a: Obstagoon|Knock Off|p2a: Flakviering36
|-damage|p2a: Flakviering36|62/100
|-enditem|p2a: Flakviering36|Black Sludge|[from] move: Knock Off|[of] p1a: Obstagoon
|
|-damage|p1a: Obstagoon|4/100 brn|[from] brn
|upkeep
|turn|9
|
|move|p2a: Flakviering36|Baneful Bunker|p2a: Flakviering36
|-singleturn|p2a: Flakviering36|move: Protect
|move|p1a: Obstagoon|Taunt|p2a: Flakviering36
|-activate|p2a: Flakviering36|move: Protect
|
|-damage|p1a: Obstagoon|0 fnt|[from] brn
|faint|p1a: Obstagoon
|upkeep
|
|switch|p1a: Kommo-o|Kommo-o, M|100/100
|turn|10
|j| 999Elo4Ever
|
|switch|p2a: BattlegruppeA|Reuniclus, M|100/100
|-activate|p2a: BattlegruppeA|move: Sticky Web
|-unboost|p2a: BattlegruppeA|spe|1
|move|p1a: Kommo-o|Dragon Dance|p1a: Kommo-o
|-boost|p1a: Kommo-o|atk|1
|-boost|p1a: Kommo-o|spe|1
|
|upkeep
|turn|11
|
|switch|p1a: Bisharp|Bisharp, M|100/100
|move|p2a: BattlegruppeA|Iron Defense|p2a: BattlegruppeA
|-boost|p2a: BattlegruppeA|def|2
|
|upkeep
|turn|12
|
|switch|p2a: StuGIII Ausf.H|Ferrothorn, F|89/100
|-activate|p2a: StuGIII Ausf.H|move: Sticky Web
|-unboost|p2a: StuGIII Ausf.H|spe|1
|move|p1a: Bisharp|Throat Chop|p2a: StuGIII Ausf.H
|-damage|p2a: StuGIII Ausf.H|61/100
|-damage|p1a: Bisharp|88/100|[from] ability: Iron Barbs|[of] p2a: StuGIII Ausf.H
|-start|p2a: StuGIII Ausf.H|Throat Chop|[silent]
|-damage|p1a: Bisharp|78/100|[from] item: Life Orb
|
|-heal|p2a: StuGIII Ausf.H|67/100|[from] item: Leftovers
|upkeep
|turn|13
|
|switch|p1a: Shuckle|Shuckle, F|77/100 brn
|move|p2a: StuGIII Ausf.H|Leech Seed|p1a: Shuckle
|-start|p1a: Shuckle|move: Leech Seed
|
|-heal|p2a: StuGIII Ausf.H|73/100|[from] item: Leftovers
|-damage|p1a: Shuckle|65/100 brn|[from] Leech Seed|[of] p2a: StuGIII Ausf.H
|-heal|p2a: StuGIII Ausf.H|82/100|[silent]
|-damage|p1a: Shuckle|59/100 brn|[from] brn
|-end|p2a: StuGIII Ausf.H|Throat Chop|[silent]
|upkeep
|turn|14
|
|switch|p2a: 8.8cm Flak36|Hatterene, F|74/100
|-activate|p2a: 8.8cm Flak36|move: Sticky Web
|-unboost|p2a: 8.8cm Flak36|spe|1
|move|p1a: Shuckle|Stealth Rock|p2a: 8.8cm Flak36
|move|p2a: 8.8cm Flak36|Stealth Rock|p1a: Shuckle|[from]Magic Bounce
|-sidestart|p1: shiitogee|move: Stealth Rock
|
|-heal|p2a: 8.8cm Flak36|80/100|[from] item: Leftovers
|-damage|p1a: Shuckle|46/100 brn|[from] Leech Seed|[of] p2a: 8.8cm Flak36
|-heal|p2a: 8.8cm Flak36|89/100|[silent]
|-damage|p1a: Shuckle|40/100 brn|[from] brn
|upkeep
|turn|15
|
|switch|p2a: Fallschirms|Excadrill, F|100/100
|-item|p2a: Fallschirms|Air Balloon
|move|p1a: Shuckle|Encore||[still]
|-fail|p1a: Shuckle
|
|-damage|p1a: Shuckle|28/100 brn|[from] Leech Seed|[of] p2a: Fallschirms
|-damage|p1a: Shuckle|21/100 brn|[from] brn
|upkeep
|turn|16
|
|move|p2a: Fallschirms|Earthquake|p1a: Shuckle
|-damage|p1a: Shuckle|0 fnt
|faint|p1a: Shuckle
|
|upkeep
|j| bad the child
|
|switch|p1a: Kommo-o|Kommo-o, M|100/100
|-damage|p1a: Kommo-o|94/100|[from] Stealth Rock
|turn|17
|
|switch|p2a: BattlegruppeA|Reuniclus, M|100/100
|-activate|p2a: BattlegruppeA|move: Sticky Web
|-unboost|p2a: BattlegruppeA|spe|1
|move|p1a: Kommo-o|Dragon Dance|p1a: Kommo-o
|-boost|p1a: Kommo-o|atk|1
|-boost|p1a: Kommo-o|spe|1
|
|upkeep
|turn|18
|
|move|p1a: Kommo-o|Iron Head|p2a: BattlegruppeA
|-damage|p2a: BattlegruppeA|60/100
|-damage|p1a: Kommo-o|84/100|[from] item: Life Orb
|move|p2a: BattlegruppeA|Iron Defense|p2a: BattlegruppeA
|-boost|p2a: BattlegruppeA|def|2
|
|-heal|p2a: BattlegruppeA|66/100|[from] item: Leftovers
|upkeep
|turn|19
|c| bad the child|哇
|
|move|p1a: Kommo-o|Iron Head|p2a: BattlegruppeA
|-damage|p2a: BattlegruppeA|45/100
|-damage|p1a: Kommo-o|74/100|[from] item: Life Orb
|move|p2a: BattlegruppeA|Stored Power|p1a: Kommo-o
|-supereffective|p1a: Kommo-o
|-damage|p1a: Kommo-o|18/100
|
|-heal|p2a: BattlegruppeA|51/100|[from] item: Leftovers
|upkeep
|turn|20
|j| Zigurat420
|c| bad the child|随便点了一个
|
|move|p1a: Kommo-o|Earthquake|p2a: BattlegruppeA
|-damage|p2a: BattlegruppeA|27/100
|-damage|p1a: Kommo-o|8/100|[from] item: Life Orb
|move|p2a: BattlegruppeA|Stored Power|p1a: Kommo-o
|-supereffective|p1a: Kommo-o
|-damage|p1a: Kommo-o|0 fnt
|faint|p1a: Kommo-o
|
|-heal|p2a: BattlegruppeA|33/100|[from] item: Leftovers
|upkeep
|
|switch|p1a: Bisharp|Bisharp, M|78/100
|-damage|p1a: Bisharp|72/100|[from] Stealth Rock
|turn|21
|c| bad the child|竟然逮到了老基
|c|☆Helpinghans|owo
|
|switch|p2a: StuGIII Ausf.H|Ferrothorn, F|82/100
|-activate|p2a: StuGIII Ausf.H|move: Sticky Web
|-unboost|p2a: StuGIII Ausf.H|spe|1
|move|p1a: Bisharp|Swords Dance|p1a: Bisharp
|-boost|p1a: Bisharp|atk|2
|
|-heal|p2a: StuGIII Ausf.H|88/100|[from] item: Leftovers
|upkeep
|turn|22
|
|move|p1a: Bisharp|Throat Chop|p2a: StuGIII Ausf.H
|-damage|p2a: StuGIII Ausf.H|29/100
|-damage|p1a: Bisharp|60/100|[from] ability: Iron Barbs|[of] p2a: StuGIII Ausf.H
|-start|p2a: StuGIII Ausf.H|Throat Chop|[silent]
|-damage|p1a: Bisharp|50/100|[from] item: Life Orb
|move|p2a: StuGIII Ausf.H|Body Press|p1a: Bisharp
|-supereffective|p1a: Bisharp
|-damage|p1a: Bisharp|0 fnt
|faint|p1a: Bisharp
|
|-heal|p2a: StuGIII Ausf.H|35/100|[from] item: Leftovers
|upkeep
|
|switch|p1a: Dragapult|Dragapult, M|100/100
|-damage|p1a: Dragapult|88/100|[from] Stealth Rock
|turn|23
|
|switch|p2a: Pz.KpfwVI Ausf.E|Tyranitar, F|100/100
|-activate|p2a: Pz.KpfwVI Ausf.E|move: Sticky Web
|-unboost|p2a: Pz.KpfwVI Ausf.E|spe|1
|-weather|Sandstorm|[from] ability: Sand Stream|[of] p2a: Pz.KpfwVI Ausf.E
|move|p1a: Dragapult|Substitute|p1a: Dragapult
|-start|p1a: Dragapult|Substitute
|-damage|p1a: Dragapult|63/100
|
|-weather|Sandstorm|[upkeep]
|-damage|p1a: Dragapult|57/100|[from] Sandstorm
|-heal|p1a: Dragapult|63/100|[from] item: Leftovers
|upkeep
|turn|24
|
|move|p1a: Dragapult|Dragon Dance|p1a: Dragapult
|-boost|p1a: Dragapult|atk|1
|-boost|p1a: Dragapult|spe|1
|move|p2a: Pz.KpfwVI Ausf.E|Crunch|p1a: Dragapult
|-supereffective|p1a: Dragapult
|-end|p1a: Dragapult|Substitute
|
|-weather|Sandstorm|[upkeep]
|-damage|p1a: Dragapult|57/100|[from] Sandstorm
|-heal|p1a: Dragapult|63/100|[from] item: Leftovers
|upkeep
|turn|25
|
|move|p1a: Dragapult|Dragon Darts|p2a: Pz.KpfwVI Ausf.E
|-damage|p2a: Pz.KpfwVI Ausf.E|70/100
|-damage|p2a: Pz.KpfwVI Ausf.E|39/100
|-hitcount|p2a: Pz.KpfwVI Ausf.E|2
|move|p2a: Pz.KpfwVI Ausf.E|Crunch|p1a: Dragapult
|-supereffective|p1a: Dragapult
|-damage|p1a: Dragapult|0 fnt
|faint|p1a: Dragapult
|
|-weather|Sandstorm|[upkeep]
|upkeep
|
|switch|p1a: Aegislash|Aegislash, F|79/100
|-damage|p1a: Aegislash|73/100|[from] Stealth Rock
|turn|26
|
|move|p1a: Aegislash|Swords Dance|p1a: Aegislash
|-boost|p1a: Aegislash|atk|2
|move|p2a: Pz.KpfwVI Ausf.E|Crunch|p1a: Aegislash
|-supereffective|p1a: Aegislash
|-damage|p1a: Aegislash|2/100
|
|-weather|Sandstorm|[upkeep]
|upkeep
|turn|27
|-message|shiitogee forfeited.
|
|win|Helpinghans
|l|☆shiitogee
|raw|shiitogee's rating: 1735 → 1721(-14 for losing)
|raw|Helpinghans's rating: 1839 → 1853(+14 for winning)
