|ScrapeTime|2020-01-01-11:14:58
|j|☆index0405
|j|☆maki77
|player|p1|index0405|260|1466
|player|p2|maki77|169|1425
|teamsize|p1|6
|teamsize|p2|6
|gametype|singles
|gen|8
|tier|[Gen 8] OU
|rated|
|rule|Sleep Clause Mod: Limit one foe put to sleep
|rule|Species Clause: Limit one of each Pokémon
|rule|OHKO Clause: OHKO moves are banned
|rule|Evasion Moves Clause: Evasion moves are banned
|rule|Endless Battle Clause: Forcing endless battles is banned
|rule|HP Percentage Mod: HP is shown in percentages
|clearpoke
|poke|p1|Toxapex, F|
|poke|p1|Toxtricity, M|
|poke|p1|Hydreigon, M|
|poke|p1|Corviknight, M|
|poke|p1|Clefable, M|
|poke|p1|Conkeldurr, M|
|poke|p2|Toxapex, M|
|poke|p2|Ditto|
|poke|p2|Arcanine, F|
|poke|p2|Gyarados, M|
|poke|p2|Ferrothorn, M|
|poke|p2|Corviknight, F|
|rule|Dynamax Clause: You cannot dynamax
|teampreview
|
|start
|switch|p1a: Hydreigon|Hydreigon, M|100/100
|switch|p2a: Ferrothorn|Ferrothorn, M|100/100
|turn|1
|inactive|Battle timer is ON: inactive players will automatically lose when time's up. (requested by maki77)
|
|switch|p1a: Conkeldurr|Conkeldurr, M|100/100
|move|p2a: Ferrothorn|Leech Seed|p1a: Conkeldurr
|-start|p1a: Conkeldurr|move: Leech Seed
|
|-damage|p1a: Conkeldurr|88/100|[from] Leech Seed|[of] p2a: Ferrothorn
|-status|p1a: Conkeldurr|brn|[from] item: Flame Orb
|upkeep
|turn|2
|
|move|p2a: Ferrothorn|Protect|p2a: Ferrothorn
|-singleturn|p2a: Ferrothorn|Protect
|move|p1a: Conkeldurr|Close Combat|p2a: Ferrothorn
|-activate|p2a: Ferrothorn|move: Protect
|
|-damage|p1a: Conkeldurr|75/100 brn|[from] Leech Seed|[of] p2a: Ferrothorn
|-damage|p1a: Conkeldurr|69/100 brn|[from] brn
|upkeep
|turn|3
|
|switch|p2a: Gyarados|Gyarados, M|100/100
|-ability|p2a: Gyarados|Intimidate|boost
|-unboost|p1a: Conkeldurr|atk|1
|move|p1a: Conkeldurr|Earthquake|p2a: Gyarados
|-immune|p2a: Gyarados
|
|-damage|p1a: Conkeldurr|57/100 brn|[from] Leech Seed|[of] p2a: Gyarados
|-damage|p1a: Conkeldurr|50/100 brn|[from] brn
|upkeep
|turn|4
|
|switch|p1a: Corviknight|Corviknight, M|100/100
|-ability|p1a: Corviknight|Pressure
|move|p2a: Gyarados|Dragon Dance|p2a: Gyarados
|-boost|p2a: Gyarados|atk|1
|-boost|p2a: Gyarados|spe|1
|
|upkeep
|turn|5
|
|move|p2a: Gyarados|Waterfall|p1a: Corviknight
|-damage|p1a: Corviknight|43/100
|-damage|p2a: Gyarados|84/100|[from] item: Rocky Helmet|[of] p1a: Corviknight
|move|p1a: Corviknight|U-turn|p2a: Gyarados
|-resisted|p2a: Gyarados
|-damage|p2a: Gyarados|75/100
|
|switch|p1a: Hydreigon|Hydreigon, M|100/100|[from]move: U-turn
|
|-heal|p2a: Gyarados|81/100|[from] item: Leftovers
|upkeep
|turn|6
|
|move|p1a: Hydreigon|Draco Meteor|p2a: Gyarados
|-damage|p2a: Gyarados|15/100
|-unboost|p1a: Hydreigon|spa|2
|move|p2a: Gyarados|Waterfall|p1a: Hydreigon
|-resisted|p1a: Hydreigon
|-damage|p1a: Hydreigon|60/100
|
|-heal|p2a: Gyarados|21/100|[from] item: Leftovers
|upkeep
|turn|7
|
|switch|p2a: Ferrothorn|Ferrothorn, M|100/100
|move|p1a: Hydreigon|Draco Meteor|p2a: Ferrothorn
|-resisted|p2a: Ferrothorn
|-damage|p2a: Ferrothorn|86/100
|-unboost|p1a: Hydreigon|spa|2
|
|-heal|p2a: Ferrothorn|92/100|[from] item: Leftovers
|upkeep
|turn|8
|
|switch|p1a: Corviknight|Corviknight, M|43/100
|-ability|p1a: Corviknight|Pressure
|move|p2a: Ferrothorn|Knock Off|p1a: Corviknight
|-damage|p1a: Corviknight|25/100
|-damage|p2a: Ferrothorn|76/100|[from] item: Rocky Helmet|[of] p1a: Corviknight
|-enditem|p1a: Corviknight|Rocky Helmet|[from] move: Knock Off|[of] p2a: Ferrothorn
|
|-heal|p2a: Ferrothorn|82/100|[from] item: Leftovers
|upkeep
|turn|9
|
|move|p1a: Corviknight|Roost|p1a: Corviknight
|-heal|p1a: Corviknight|75/100
|-singleturn|p1a: Corviknight|move: Roost
|move|p2a: Ferrothorn|Leech Seed|p1a: Corviknight
|-start|p1a: Corviknight|move: Leech Seed
|
|-heal|p2a: Ferrothorn|88/100|[from] item: Leftovers
|-damage|p1a: Corviknight|63/100|[from] Leech Seed|[of] p2a: Ferrothorn
|-heal|p2a: Ferrothorn|100/100|[silent]
|upkeep
|turn|10
|
|move|p1a: Corviknight|Roost|p1a: Corviknight
|-heal|p1a: Corviknight|100/100
|-singleturn|p1a: Corviknight|move: Roost
|move|p2a: Ferrothorn|Knock Off|p1a: Corviknight
|-damage|p1a: Corviknight|89/100
|
|-damage|p1a: Corviknight|77/100|[from] Leech Seed|[of] p2a: Ferrothorn
|upkeep
|turn|11
|
|switch|p1a: Toxapex|Toxapex, F|100/100
|move|p2a: Ferrothorn|Knock Off|p1a: Toxapex
|-damage|p1a: Toxapex|87/100
|-enditem|p1a: Toxapex|Black Sludge|[from] move: Knock Off|[of] p2a: Ferrothorn
|
|upkeep
|turn|12
|
|move|p1a: Toxapex|Scald|p2a: Ferrothorn
|-resisted|p2a: Ferrothorn
|-damage|p2a: Ferrothorn|94/100
|-status|p2a: Ferrothorn|brn
|move|p2a: Ferrothorn|Leech Seed|p1a: Toxapex
|-start|p1a: Toxapex|move: Leech Seed
|
|-heal|p2a: Ferrothorn|99/100 brn|[from] item: Leftovers
|-damage|p1a: Toxapex|74/100|[from] Leech Seed|[of] p2a: Ferrothorn
|-heal|p2a: Ferrothorn|100/100 brn|[silent]
|-damage|p2a: Ferrothorn|94/100 brn|[from] brn
|upkeep
|turn|13
|inactive|maki77 has 120 seconds left.
|
|switch|p1a: Clefable|Clefable, M|100/100
|switch|p2a: Gyarados|Gyarados, M|21/100
|-ability|p2a: Gyarados|Intimidate|boost
|-unboost|p1a: Clefable|atk|1
|
|-heal|p2a: Gyarados|27/100|[from] item: Leftovers
|upkeep
|turn|14
|inactive|maki77 has 120 seconds left.
|
|switch|p2a: Ferrothorn|Ferrothorn, M|94/100 brn
|move|p1a: Clefable|Moonblast|p2a: Ferrothorn
|-resisted|p2a: Ferrothorn
|-damage|p2a: Ferrothorn|80/100 brn
|
|-heal|p2a: Ferrothorn|86/100 brn|[from] item: Leftovers
|-damage|p2a: Ferrothorn|80/100 brn|[from] brn
|upkeep
|turn|15
|
|move|p1a: Clefable|Stealth Rock|p2a: Ferrothorn
|-sidestart|p2: maki77|move: Stealth Rock
|move|p2a: Ferrothorn|Knock Off|p1a: Clefable
|-resisted|p1a: Clefable
|-damage|p1a: Clefable|95/100
|-enditem|p1a: Clefable|Leftovers|[from] move: Knock Off|[of] p2a: Ferrothorn
|
|-heal|p2a: Ferrothorn|86/100 brn|[from] item: Leftovers
|-damage|p2a: Ferrothorn|80/100 brn|[from] brn
|upkeep
|turn|16
|
|switch|p2a: Corviknight|Corviknight, F|100/100
|-damage|p2a: Corviknight|88/100|[from] Stealth Rock
|move|p1a: Clefable|Wish|p1a: Clefable
|
|-heal|p2a: Corviknight|94/100|[from] item: Leftovers
|upkeep
|turn|17
|
|switch|p1a: Toxtricity|Toxtricity, M|100/100
|move|p2a: Corviknight|Defog|p1a: Toxtricity
|-unboost|p1a: Toxtricity|evasion|1
|-sideend|p2: maki77|Stealth Rock|[from] move: Defog|[of] p2a: Corviknight
|
|-heal|p2a: Corviknight|100/100|[from] item: Leftovers
|upkeep
|turn|18
|inactive|maki77 has 120 seconds left.
|
|move|p1a: Toxtricity|Volt Switch|p2a: Corviknight
|-supereffective|p2a: Corviknight
|-damage|p2a: Corviknight|11/100
|
|switch|p1a: Hydreigon|Hydreigon, M|60/100|[from]move: Volt Switch
|move|p2a: Corviknight|U-turn|p1a: Hydreigon
|-supereffective|p1a: Hydreigon
|-damage|p1a: Hydreigon|25/100
|inactive|maki77 has 120 seconds left.
|
|switch|p2a: Arcanine|Arcanine, F|100/100|[from]move: U-turn
|-ability|p2a: Arcanine|Intimidate|boost
|-unboost|p1a: Hydreigon|atk|1
|
|upkeep
|turn|19
|
|switch|p1a: Toxapex|Toxapex, F|100/100
|move|p2a: Arcanine|Extreme Speed|p1a: Toxapex
|-damage|p1a: Toxapex|87/100
|
|upkeep
|turn|20
|
|switch|p2a: Toxapex|Toxapex, M|100/100
|move|p1a: Toxapex|Scald|p2a: Toxapex
|-resisted|p2a: Toxapex
|-damage|p2a: Toxapex|94/100
|
|-heal|p2a: Toxapex|99/100|[from] item: Black Sludge
|upkeep
|turn|21
|inactive|maki77 has 120 seconds left.
|
|switch|p1a: Clefable|Clefable, M|95/100
|move|p2a: Toxapex|Toxic Spikes|p1a: Clefable
|-sidestart|p1: index0405|move: Toxic Spikes
|
|-heal|p2a: Toxapex|100/100|[from] item: Black Sludge
|upkeep
|turn|22
|
|switch|p2a: Corviknight|Corviknight, F|11/100
|move|p1a: Clefable|Wish|p1a: Clefable
|
|-heal|p2a: Corviknight|18/100|[from] item: Leftovers
|upkeep
|turn|23
|
|switch|p1a: Toxtricity|Toxtricity, M|100/100
|-sideend|p1: index0405|move: Toxic Spikes|[of] p1a: Toxtricity
|move|p2a: Corviknight|Roost|p2a: Corviknight
|-heal|p2a: Corviknight|68/100
|-singleturn|p2a: Corviknight|move: Roost
|
|-heal|p2a: Corviknight|74/100|[from] item: Leftovers
|upkeep
|turn|24
|
|switch|p2a: Ferrothorn|Ferrothorn, M|80/100 brn
|move|p1a: Toxtricity|Volt Switch|p2a: Ferrothorn
|-resisted|p2a: Ferrothorn
|-damage|p2a: Ferrothorn|58/100 brn
|
|switch|p1a: Conkeldurr|Conkeldurr, M|50/100 brn|[from]move: Volt Switch
|
|-heal|p2a: Ferrothorn|64/100 brn|[from] item: Leftovers
|-damage|p1a: Conkeldurr|44/100 brn|[from] brn
|-damage|p2a: Ferrothorn|58/100 brn|[from] brn
|upkeep
|turn|25
|
|move|p2a: Ferrothorn|Protect|p2a: Ferrothorn
|-singleturn|p2a: Ferrothorn|Protect
|move|p1a: Conkeldurr|Close Combat|p2a: Ferrothorn
|-activate|p2a: Ferrothorn|move: Protect
|
|-heal|p2a: Ferrothorn|64/100 brn|[from] item: Leftovers
|-damage|p1a: Conkeldurr|38/100 brn|[from] brn
|-damage|p2a: Ferrothorn|58/100 brn|[from] brn
|upkeep
|turn|26
|
|switch|p2a: Corviknight|Corviknight, F|74/100
|move|p1a: Conkeldurr|Drain Punch|p2a: Corviknight
|-damage|p2a: Corviknight|37/100
|-heal|p1a: Conkeldurr|58/100 brn|[from] drain|[of] p2a: Corviknight
|
|-heal|p2a: Corviknight|43/100|[from] item: Leftovers
|-damage|p1a: Conkeldurr|52/100 brn|[from] brn
|upkeep
|turn|27
|
|move|p1a: Conkeldurr|Close Combat|p2a: Corviknight
|-damage|p2a: Corviknight|0 fnt
|-unboost|p1a: Conkeldurr|def|1
|-unboost|p1a: Conkeldurr|spd|1
|faint|p2a: Corviknight
|
|-damage|p1a: Conkeldurr|46/100 brn|[from] brn
|upkeep
|
|switch|p2a: Gyarados|Gyarados, M|27/100
|-ability|p2a: Gyarados|Intimidate|boost
|-unboost|p1a: Conkeldurr|atk|1
|turn|28
|
|move|p2a: Gyarados|Dragon Dance|p2a: Gyarados
|-boost|p2a: Gyarados|atk|1
|-boost|p2a: Gyarados|spe|1
|move|p1a: Conkeldurr|Close Combat|p2a: Gyarados
|-resisted|p2a: Gyarados
|-damage|p2a: Gyarados|0 fnt
|-unboost|p1a: Conkeldurr|def|1
|-unboost|p1a: Conkeldurr|spd|1
|faint|p2a: Gyarados
|
|-damage|p1a: Conkeldurr|39/100 brn|[from] brn
|upkeep
|-message|maki77 forfeited.
|
|win|index0405
|l|☆maki77
|raw|index0405's rating: 1466 → 1484(+18 for winning)
|raw|maki77's rating: 1425 → 1407(-18 for losing)
