|ScrapeTime|2020-01-01-14:14:50
|j|☆hombre mana
|j|☆Rupert870
|player|p1|hombre mana|lucas|1178
|player|p2|Rupert870|linebacker|1160
|teamsize|p1|6
|teamsize|p2|6
|gametype|singles
|gen|8
|tier|[Gen 8] OU
|rated|
|rule|Sleep Clause Mod: Limit one foe put to sleep
|rule|Species Clause: Limit one of each Pokémon
|rule|OHKO Clause: OHKO moves are banned
|rule|Evasion Moves Clause: Evasion moves are banned
|rule|Endless Battle Clause: Forcing endless battles is banned
|rule|HP Percentage Mod: HP is shown in percentages
|clearpoke
|poke|p1|Golurk|
|poke|p1|Toxtricity-Low-Key, M|
|poke|p1|Haxorus, F|
|poke|p1|Weezing-Galar, F|
|poke|p1|Stunfisk-Galar, F|
|poke|p1|Milotic, F|
|poke|p2|Hippowdon, F|
|poke|p2|Dracovish|
|poke|p2|Dragapult, F|
|poke|p2|Gengar, M|
|poke|p2|Gyarados, F|
|poke|p2|Excadrill, F|
|rule|Dynamax Clause: You cannot dynamax
|teampreview
|
|start
|switch|p1a: Milotic|Milotic, F|100/100
|switch|p2a: Hippowdon|Hippowdon, F|100/100
|-weather|Sandstorm|[from] ability: Sand Stream|[of] p2a: Hippowdon
|turn|1
|
|move|p1a: Milotic|Scald|p2a: Hippowdon
|-supereffective|p2a: Hippowdon
|-damage|p2a: Hippowdon|43/100
|move|p2a: Hippowdon|Stealth Rock|p1a: Milotic
|-sidestart|p1: hombre mana|move: Stealth Rock
|
|-weather|Sandstorm|[upkeep]
|-damage|p1a: Milotic|94/100|[from] Sandstorm
|-heal|p1a: Milotic|100/100|[from] item: Leftovers
|upkeep
|turn|2
|
|switch|p2a: Gyarados|Gyarados, F, shiny|100/100
|move|p1a: Milotic|Scald|p2a: Gyarados
|-resisted|p2a: Gyarados
|-damage|p2a: Gyarados|82/100
|
|-weather|Sandstorm|[upkeep]
|-damage|p2a: Gyarados|76/100|[from] Sandstorm
|-damage|p1a: Milotic|94/100|[from] Sandstorm
|-heal|p1a: Milotic|100/100|[from] item: Leftovers
|upkeep
|turn|3
|
|move|p2a: Gyarados|Dragon Dance|p2a: Gyarados
|-boost|p2a: Gyarados|atk|1
|-boost|p2a: Gyarados|spe|1
|move|p1a: Milotic|Scald|p2a: Gyarados
|-resisted|p2a: Gyarados
|-damage|p2a: Gyarados|57/100
|-status|p2a: Gyarados|brn
|
|-weather|Sandstorm|[upkeep]
|-damage|p2a: Gyarados|51/100 brn|[from] Sandstorm
|-damage|p1a: Milotic|94/100|[from] Sandstorm
|-heal|p1a: Milotic|100/100|[from] item: Leftovers
|-damage|p2a: Gyarados|45/100 brn|[from] brn
|upkeep
|turn|4
|
|move|p2a: Gyarados|Crunch|p1a: Milotic
|-damage|p1a: Milotic|80/100
|move|p1a: Milotic|Haze|p1a: Milotic
|-clearallboost
|
|-weather|Sandstorm|[upkeep]
|-damage|p2a: Gyarados|39/100 brn|[from] Sandstorm
|-damage|p1a: Milotic|74/100|[from] Sandstorm
|-heal|p1a: Milotic|80/100|[from] item: Leftovers
|-damage|p2a: Gyarados|33/100 brn|[from] brn
|upkeep
|turn|5
|
|move|p2a: Gyarados|Dragon Dance|p2a: Gyarados
|-boost|p2a: Gyarados|atk|1
|-boost|p2a: Gyarados|spe|1
|move|p1a: Milotic|Ice Beam|p2a: Gyarados
|-damage|p2a: Gyarados|5/100 brn
|
|-weather|Sandstorm|[upkeep]
|-damage|p2a: Gyarados|0 fnt|[from] Sandstorm
|-damage|p1a: Milotic|74/100|[from] Sandstorm
|faint|p2a: Gyarados
|-heal|p1a: Milotic|80/100|[from] item: Leftovers
|upkeep
|
|switch|p2a: Dragapult|Dragapult, F|100/100
|turn|6
|
|move|p2a: Dragapult|Thunderbolt|p1a: Milotic
|-supereffective|p1a: Milotic
|-damage|p1a: Milotic|20/100
|move|p1a: Milotic|Ice Beam|p2a: Dragapult
|-supereffective|p2a: Dragapult
|-damage|p2a: Dragapult|29/100
|
|-weather|Sandstorm|[upkeep]
|-damage|p2a: Dragapult|23/100|[from] Sandstorm
|-damage|p1a: Milotic|14/100|[from] Sandstorm
|-heal|p1a: Milotic|20/100|[from] item: Leftovers
|upkeep
|turn|7
|
|switch|p1a: Stunfisk|Stunfisk-Galar, F|100/100
|-damage|p1a: Stunfisk|98/100|[from] Stealth Rock
|move|p2a: Dragapult|Thunderbolt|p1a: Stunfisk
|-immune|p1a: Stunfisk
|
|-weather|Sandstorm|[upkeep]
|-damage|p2a: Dragapult|17/100|[from] Sandstorm
|-heal|p1a: Stunfisk|100/100|[from] item: Leftovers
|upkeep
|turn|8
|inactive|Battle timer is ON: inactive players will automatically lose when time's up. (requested by hombre mana)
|
|switch|p2a: Excadrill|Excadrill, F|100/100
|move|p1a: Stunfisk|Yawn|p2a: Excadrill
|-start|p2a: Excadrill|move: Yawn|[of] p1a: Stunfisk
|
|-weather|none
|upkeep
|turn|9
|
|move|p2a: Excadrill|Swords Dance|p2a: Excadrill
|-boost|p2a: Excadrill|atk|2
|move|p1a: Stunfisk|Stealth Rock|p2a: Excadrill
|-sidestart|p2: Rupert870|move: Stealth Rock
|
|-end|p2a: Excadrill|move: Yawn|[silent]
|-status|p2a: Excadrill|slp
|upkeep
|turn|10
|
|cant|p2a: Excadrill|slp
|move|p1a: Stunfisk|Earthquake|p2a: Excadrill
|-supereffective|p2a: Excadrill
|-damage|p2a: Excadrill|15/100 slp
|
|upkeep
|turn|11
|
|move|p1a: Stunfisk|Sucker Punch|p2a: Excadrill
|-damage|p2a: Excadrill|0 fnt
|faint|p2a: Excadrill
|
|upkeep
|-message|Rupert870 forfeited.
|
|win|hombre mana
|l|☆Rupert870
|j|☆Rupert870
|player|p2|Rupert870|linebacker
|raw|hombre mana's rating: 1178 → 1202(+24 for winning)
|raw|Rupert870's rating: 1160 → 1136(-24 for losing)
