|ScrapeTime|2020-01-01-14:06:05
|j|☆Lapis-lazuris
|j|☆Caleum99
|player|p1|Lapis-lazuris|rosa|1175
|player|p2|Caleum99|169|1166
|teamsize|p1|6
|teamsize|p2|6
|gametype|singles
|gen|8
|tier|[Gen 8] OU
|rated|
|rule|Sleep Clause Mod: Limit one foe put to sleep
|rule|Species Clause: Limit one of each Pokémon
|rule|OHKO Clause: OHKO moves are banned
|rule|Evasion Moves Clause: Evasion moves are banned
|rule|Endless Battle Clause: Forcing endless battles is banned
|rule|HP Percentage Mod: HP is shown in percentages
|clearpoke
|poke|p1|Cinderace, M|
|poke|p1|Toxtricity, M|
|poke|p1|Heliolisk, M|
|poke|p1|Weavile, M|
|poke|p1|Dragapult, M|
|poke|p1|Tyranitar, M|
|poke|p2|Pyukumuku, F|
|poke|p2|Ferrothorn, F|
|poke|p2|Dragapult, M|
|poke|p2|Stonjourner, F|
|poke|p2|Togekiss, M|
|poke|p2|Cinderace, F|
|rule|Dynamax Clause: You cannot dynamax
|teampreview
|inactive|Battle timer is ON: inactive players will automatically lose when time's up. (requested by Caleum99)
|
|start
|switch|p1a: Heliolisk|Heliolisk, M|100/100
|switch|p2a: Ferrothorn|Ferrothorn, F|100/100
|turn|1
|
|move|p2a: Ferrothorn|Protect|p2a: Ferrothorn
|-singleturn|p2a: Ferrothorn|Protect
|move|p1a: Heliolisk|Glare|p2a: Ferrothorn
|-activate|p2a: Ferrothorn|move: Protect
|
|upkeep
|turn|2
|
|move|p2a: Ferrothorn|Protect||[still]
|-fail|p2a: Ferrothorn
|move|p1a: Heliolisk|Glare|p2a: Ferrothorn
|-status|p2a: Ferrothorn|par
|
|upkeep
|turn|3
|
|move|p1a: Heliolisk|Focus Blast|p2a: Ferrothorn|[miss]
|-miss|p1a: Heliolisk|p2a: Ferrothorn
|cant|p2a: Ferrothorn|par
|
|upkeep
|turn|4
|
|move|p1a: Heliolisk|Focus Blast|p2a: Ferrothorn|[miss]
|-miss|p1a: Heliolisk|p2a: Ferrothorn
|move|p2a: Ferrothorn|Leech Seed|p1a: Heliolisk
|-start|p1a: Heliolisk|move: Leech Seed
|
|-damage|p1a: Heliolisk|88/100|[from] Leech Seed|[of] p2a: Ferrothorn
|upkeep
|turn|5
|
|switch|p1a: Pagaille|Cinderace, M|100/100
|move|p2a: Ferrothorn|Stealth Rock|p1a: Pagaille
|-sidestart|p1: Lapis-lazuris|move: Stealth Rock
|
|upkeep
|turn|6
|inactive|Caleum99 has 120 seconds left.
|
|switch|p2a: Pyukumuku|Pyukumuku, F|100/100
|move|p1a: Pagaille|Court Change|p1a: Pagaille
|-sideend|p1: Lapis-lazuris|Stealth Rock|[silent]
|-sidestart|p2: Caleum99|Stealth Rock|[silent]
|-activate|p1a: Pagaille|move: Court Change
|
|upkeep
|turn|7
|inactive|Caleum99 has 120 seconds left.
|
|switch|p1a: Raph|Toxtricity, M|100/100
|move|p2a: Pyukumuku|Toxic|p1a: Raph
|-immune|p1a: Raph
|
|upkeep
|turn|8
|
|move|p1a: Raph|Overdrive|p2a: Pyukumuku
|-supereffective|p2a: Pyukumuku
|-damage|p2a: Pyukumuku|0 fnt
|faint|p2a: Pyukumuku
|
|upkeep
|inactive|Caleum99 has 120 seconds left.
|
|switch|p2a: Dragapult|Dragapult, M|100/100
|-damage|p2a: Dragapult|88/100|[from] Stealth Rock
|turn|9
|
|switch|p1a: Kirby|Tyranitar, M, shiny|100/100
|-weather|Sandstorm|[from] ability: Sand Stream|[of] p1a: Kirby
|move|p2a: Dragapult|Draco Meteor|p1a: Kirby
|-damage|p1a: Kirby|66/100
|-unboost|p2a: Dragapult|spa|2
|
|-weather|Sandstorm|[upkeep]
|-damage|p2a: Dragapult|82/100|[from] Sandstorm
|upkeep
|turn|10
|inactive|Caleum99 has 120 seconds left.
|-message|Caleum99 forfeited.
|
|win|Lapis-lazuris
|l|☆Caleum99
|raw|Lapis-lazuris's rating: 1175 → 1201(+26 for winning)
|raw|Caleum99's rating: 1187 → 1161(-26 for losing)
