|ScrapeTime|2020-01-02-03:24:58
|j|☆FranciscoMena
|j|☆seanisghey
|player|p1|FranciscoMena|80|1350
|player|p2|seanisghey|gardenia|1329
|teamsize|p1|6
|teamsize|p2|6
|gametype|singles
|gen|8
|tier|[Gen 8] OU
|rated|
|rule|Sleep Clause Mod: Limit one foe put to sleep
|rule|Species Clause: Limit one of each Pokémon
|rule|OHKO Clause: OHKO moves are banned
|rule|Evasion Moves Clause: Evasion moves are banned
|rule|Endless Battle Clause: Forcing endless battles is banned
|rule|HP Percentage Mod: HP is shown in percentages
|clearpoke
|poke|p1|Barraskewda, M|
|poke|p1|Pelipper, M|
|poke|p1|Dragapult, M|
|poke|p1|Ludicolo, M|
|poke|p1|Corviknight, M|
|poke|p1|Cinderace, M|
|poke|p2|Ribombee, F|
|poke|p2|Dracozolt|
|poke|p2|Bisharp, F|
|poke|p2|Ferrothorn, M|
|poke|p2|Excadrill, F|
|poke|p2|Vaporeon, F|
|rule|Dynamax Clause: You cannot dynamax
|teampreview
|inactive|Battle timer is ON: inactive players will automatically lose when time's up. (requested by seanisghey)
|
|start
|switch|p1a: Cinderace|Cinderace, M|100/100
|switch|p2a: Dracozolt|Dracozolt|100/100
|turn|1
|
|move|p1a: Cinderace|High Jump Kick|p2a: Dracozolt
|-damage|p2a: Dracozolt|55/100
|move|p2a: Dracozolt|Bolt Beak|p1a: Cinderace
|-crit|p1a: Cinderace
|-damage|p1a: Cinderace|0 fnt
|faint|p1a: Cinderace
|
|-heal|p2a: Dracozolt|62/100|[from] item: Leftovers
|upkeep
|
|switch|p1a: Dragapult|Dragapult, M|100/100
|turn|2
|
|switch|p2a: Ferrothorn|Ferrothorn, M|100/100
|move|p1a: Dragapult|Shadow Ball|p2a: Ferrothorn
|-damage|p2a: Ferrothorn|59/100
|
|upkeep
|turn|3
|
|move|p1a: Dragapult|Shadow Ball|p2a: Ferrothorn
|-damage|p2a: Ferrothorn|12/100
|move|p2a: Ferrothorn|Knock Off|p1a: Dragapult
|-supereffective|p1a: Dragapult
|-damage|p1a: Dragapult|37/100
|-enditem|p1a: Dragapult|Choice Specs|[from] move: Knock Off|[of] p2a: Ferrothorn
|
|upkeep
|turn|4
|
|move|p1a: Dragapult|Shadow Ball|p2a: Ferrothorn
|-damage|p2a: Ferrothorn|0 fnt
|faint|p2a: Ferrothorn
|
|upkeep
|
|switch|p2a: Bisharp|Bisharp, F|100/100
|turn|5
|
|switch|p1a: Pelipper|Pelipper, M|100/100
|-weather|RainDance|[from] ability: Drizzle|[of] p1a: Pelipper
|move|p2a: Bisharp|Swords Dance|p2a: Bisharp
|-boost|p2a: Bisharp|atk|2
|
|-weather|RainDance|[upkeep]
|upkeep
|turn|6
|
|move|p2a: Bisharp|Throat Chop|p1a: Pelipper
|-damage|p1a: Pelipper|21/100
|-start|p1a: Pelipper|Throat Chop|[silent]
|move|p1a: Pelipper|Scald|p2a: Bisharp
|-damage|p2a: Bisharp|36/100
|
|-weather|RainDance|[upkeep]
|upkeep
|turn|7
|
|move|p2a: Bisharp|Throat Chop|p1a: Pelipper
|-damage|p1a: Pelipper|0 fnt
|faint|p1a: Pelipper
|
|-weather|RainDance|[upkeep]
|upkeep
|
|switch|p1a: Corviknight|Corviknight, M|100/100
|turn|8
|
|move|p2a: Bisharp|Throat Chop|p1a: Corviknight
|-crit|p1a: Corviknight
|-damage|p1a: Corviknight|0 fnt
|faint|p1a: Corviknight
|
|-weather|RainDance|[upkeep]
|upkeep
|
|switch|p1a: Ludicolo|Ludicolo, M|100/100
|turn|9
|
|move|p2a: Bisharp|Sucker Punch|p1a: Ludicolo
|-damage|p1a: Ludicolo|0 fnt
|faint|p1a: Ludicolo
|
|-weather|RainDance|[upkeep]
|upkeep
|-message|FranciscoMena forfeited.
|
|win|seanisghey
|l|☆FranciscoMena
|raw|FranciscoMena's rating: 1350 → 1329(-21 for losing)
|raw|seanisghey's rating: 1329 → 1351(+22 for winning)
