|ScrapeTime|2020-01-02-05:25:09
|j|☆Elite 4 Azure
|j|☆m3s1
|player|p1|Elite 4 Azure|141|1127
|player|p2|m3s1|169|1127
|teamsize|p1|6
|teamsize|p2|6
|gametype|singles
|gen|8
|tier|[Gen 8] OU
|rated|
|rule|Sleep Clause Mod: Limit one foe put to sleep
|rule|Species Clause: Limit one of each Pokémon
|rule|OHKO Clause: OHKO moves are banned
|rule|Evasion Moves Clause: Evasion moves are banned
|rule|Endless Battle Clause: Forcing endless battles is banned
|rule|HP Percentage Mod: HP is shown in percentages
|clearpoke
|poke|p1|Tsareena, F|
|poke|p1|Rhyperior, F|
|poke|p1|Galvantula, M|
|poke|p1|Accelgor, M|
|poke|p1|Type: Null|
|poke|p1|Trevenant, F|
|poke|p2|Dragapult, F|
|poke|p2|Araquanid, F|
|poke|p2|Hatterene, F|
|poke|p2|Salazzle, F|
|poke|p2|Excadrill, M|
|poke|p2|Heliolisk, M|
|rule|Dynamax Clause: You cannot dynamax
|teampreview
|
|start
|switch|p1a: Trevenant|Trevenant, F|100/100
|switch|p2a: Heliolisk|Heliolisk, M|100/100
|turn|1
|
|move|p2a: Heliolisk|Glare|p1a: Trevenant
|-status|p1a: Trevenant|par
|cant|p1a: Trevenant|par
|
|upkeep
|turn|2
|
|switch|p2a: Salazzle|Salazzle, F|100/100
|move|p1a: Trevenant|Substitute|p1a: Trevenant
|-start|p1a: Trevenant|Substitute
|-damage|p1a: Trevenant|75/100 par
|
|upkeep
|turn|3
|
|move|p2a: Salazzle|Sludge Wave|p1a: Trevenant
|-end|p1a: Trevenant|Substitute
|move|p1a: Trevenant|Bulldoze|p2a: Salazzle
|-supereffective|p2a: Salazzle
|-damage|p2a: Salazzle|4/100
|-unboost|p2a: Salazzle|spe|1
|
|-heal|p2a: Salazzle|10/100|[from] item: Black Sludge
|upkeep
|turn|4
|
|move|p2a: Salazzle|Sludge Wave|p1a: Trevenant
|-damage|p1a: Trevenant|43/100 par
|move|p1a: Trevenant|Bulldoze|p2a: Salazzle
|-supereffective|p2a: Salazzle
|-damage|p2a: Salazzle|0 fnt
|faint|p2a: Salazzle
|
|upkeep
|
|switch|p2a: Dragapult|Dragapult, F|100/100
|turn|5
|
|move|p2a: Dragapult|Phantom Force||[still]
|-prepare|p2a: Dragapult|Phantom Force|p1a: Trevenant
|move|p1a: Trevenant|Curse|p2a: Dragapult|[miss]
|-miss|p1a: Trevenant|p2a: Dragapult
|
|upkeep
|turn|6
|
|switch|p1a: Type: Null|Type: Null|100/100
|move|p2a: Dragapult|Phantom Force|p1a: Type: Null|[from]lockedmove
|-immune|p1a: Type: Null
|
|upkeep
|turn|7
|
|switch|p2a: Excadrill|Excadrill, M|100/100
|-ability|p2a: Excadrill|Mold Breaker
|-item|p2a: Excadrill|Air Balloon
|move|p1a: Type: Null|Iron Head|p2a: Excadrill
|-resisted|p2a: Excadrill
|-damage|p2a: Excadrill|84/100
|-enditem|p2a: Excadrill|Air Balloon
|
|upkeep
|turn|8
|
|switch|p1a: Rhyperior|Rhyperior, F|100/100
|move|p2a: Excadrill|Earthquake|p1a: Rhyperior
|-supereffective|p1a: Rhyperior
|-damage|p1a: Rhyperior|34/100
|
|-heal|p1a: Rhyperior|40/100|[from] item: Leftovers
|upkeep
|turn|9
|
|switch|p1a: Tsareena|Tsareena, F|100/100
|move|p2a: Excadrill|Earthquake|p1a: Tsareena
|-resisted|p1a: Tsareena
|-damage|p1a: Tsareena|73/100
|
|upkeep
|turn|10
|
|switch|p2a: Dragapult|Dragapult, F|100/100
|move|p1a: Tsareena|Trop Kick|p2a: Dragapult
|-resisted|p2a: Dragapult
|-damage|p2a: Dragapult|71/100
|-unboost|p2a: Dragapult|atk|1
|
|upkeep
|turn|11
|
|move|p2a: Dragapult|Flamethrower|p1a: Tsareena
|-supereffective|p1a: Tsareena
|-damage|p1a: Tsareena|30/100
|move|p1a: Tsareena|Trop Kick|p2a: Dragapult
|-resisted|p2a: Dragapult
|-damage|p2a: Dragapult|43/100
|-unboost|p2a: Dragapult|atk|1
|
|upkeep
|turn|12
|
|switch|p1a: Rhyperior|Rhyperior, F|40/100
|move|p2a: Dragapult|Flamethrower|p1a: Rhyperior
|-resisted|p1a: Rhyperior
|-damage|p1a: Rhyperior|28/100
|
|-heal|p1a: Rhyperior|35/100|[from] item: Leftovers
|upkeep
|turn|13
|
|switch|p2a: Araquanid|Araquanid, F|100/100
|move|p1a: Rhyperior|Stealth Rock|p2a: Araquanid
|-sidestart|p2: m3s1|move: Stealth Rock
|
|-heal|p1a: Rhyperior|41/100|[from] item: Leftovers
|upkeep
|turn|14
|
|move|p2a: Araquanid|Sticky Web|p1a: Rhyperior
|-sidestart|p1: Elite 4 Azure|move: Sticky Web
|move|p1a: Rhyperior|Stone Edge|p2a: Araquanid
|-supereffective|p2a: Araquanid
|-crit|p2a: Araquanid
|-damage|p2a: Araquanid|0 fnt
|faint|p2a: Araquanid
|
|-heal|p1a: Rhyperior|47/100|[from] item: Leftovers
|upkeep
|
|switch|p2a: Excadrill|Excadrill, M|84/100
|-damage|p2a: Excadrill|81/100|[from] Stealth Rock
|-ability|p2a: Excadrill|Mold Breaker
|turn|15
|
|move|p2a: Excadrill|Earthquake|p1a: Rhyperior
|-supereffective|p1a: Rhyperior
|-damage|p1a: Rhyperior|0 fnt
|faint|p1a: Rhyperior
|
|upkeep
|
|switch|p1a: Tsareena|Tsareena, F|30/100
|turn|16
|
|move|p2a: Excadrill|Rapid Spin|p1a: Tsareena
|-damage|p1a: Tsareena|12/100
|-sideend|p2: m3s1|Stealth Rock|[from] move: Rapid Spin|[of] p2a: Excadrill
|-boost|p2a: Excadrill|spe|1
|move|p1a: Tsareena|Rapid Spin|p2a: Excadrill
|-resisted|p2a: Excadrill
|-damage|p2a: Excadrill|67/100
|-sideend|p1: Elite 4 Azure|Sticky Web|[from] move: Rapid Spin|[of] p1a: Tsareena
|-boost|p1a: Tsareena|spe|1
|
|upkeep
|turn|17
|
|move|p2a: Excadrill|Earthquake|p1a: Tsareena
|-resisted|p1a: Tsareena
|-damage|p1a: Tsareena|0 fnt
|faint|p1a: Tsareena
|
|upkeep
|
|switch|p1a: Accelgor|Accelgor, M, shiny|100/100
|turn|18
|
|switch|p2a: Dragapult|Dragapult, F|43/100
|move|p1a: Accelgor|Giga Drain|p2a: Dragapult
|-resisted|p2a: Dragapult
|-damage|p2a: Dragapult|26/100
|
|upkeep
|turn|19
|
|move|p2a: Dragapult|Flamethrower|p1a: Accelgor
|-supereffective|p1a: Accelgor
|-damage|p1a: Accelgor|35/100
|move|p1a: Accelgor|Bug Buzz|p2a: Dragapult
|-resisted|p2a: Dragapult
|-damage|p2a: Dragapult|0 fnt
|faint|p2a: Dragapult
|
|upkeep
|
|switch|p2a: Heliolisk|Heliolisk, M|100/100
|turn|20
|
|move|p1a: Accelgor|Giga Drain|p2a: Heliolisk
|-damage|p2a: Heliolisk|66/100
|-heal|p1a: Accelgor|51/100|[from] drain|[of] p2a: Heliolisk
|move|p2a: Heliolisk|Thunderbolt|p1a: Accelgor
|-damage|p1a: Accelgor|0 fnt
|-damage|p2a: Heliolisk|56/100|[from] item: Life Orb
|faint|p1a: Accelgor
|
|upkeep
|
|switch|p1a: Trevenant|Trevenant, F|43/100 par
|turn|21
|
|move|p2a: Heliolisk|Dragon Pulse|p1a: Trevenant
|-damage|p1a: Trevenant|18/100 par
|-enditem|p1a: Trevenant|Aguav Berry|[eat]
|-heal|p1a: Trevenant|50/100 par|[from] item: Aguav Berry
|-damage|p2a: Heliolisk|47/100|[from] item: Life Orb
|move|p1a: Trevenant|Substitute|p1a: Trevenant
|-start|p1a: Trevenant|Substitute
|-damage|p1a: Trevenant|25/100 par
|
|upkeep
|turn|22
|
|move|p2a: Heliolisk|Dragon Pulse|p1a: Trevenant
|-activate|p1a: Trevenant|move: Substitute|[damage]
|-damage|p2a: Heliolisk|37/100|[from] item: Life Orb
|cant|p1a: Trevenant|par
|
|upkeep
|turn|23
|
|move|p2a: Heliolisk|Dragon Pulse|p1a: Trevenant
|-end|p1a: Trevenant|Substitute
|-damage|p2a: Heliolisk|27/100|[from] item: Life Orb
|cant|p1a: Trevenant|par
|
|-item|p1a: Trevenant|Aguav Berry|[from] ability: Harvest
|upkeep
|-enditem|p1a: Trevenant|Aguav Berry|[eat]
|-heal|p1a: Trevenant|58/100 par|[from] item: Aguav Berry
|turn|24
|
|move|p2a: Heliolisk|Dragon Pulse|p1a: Trevenant
|-damage|p1a: Trevenant|31/100 par
|-damage|p2a: Heliolisk|17/100|[from] item: Life Orb
|cant|p1a: Trevenant|par
|
|upkeep
|turn|25
|
|move|p2a: Heliolisk|Dragon Pulse|p1a: Trevenant
|-damage|p1a: Trevenant|4/100 par
|-damage|p2a: Heliolisk|7/100|[from] item: Life Orb
|move|p1a: Trevenant|Bulldoze|p2a: Heliolisk
|-supereffective|p2a: Heliolisk
|-damage|p2a: Heliolisk|0 fnt
|faint|p2a: Heliolisk
|
|-item|p1a: Trevenant|Aguav Berry|[from] ability: Harvest
|upkeep
|-enditem|p1a: Trevenant|Aguav Berry|[eat]
|-heal|p1a: Trevenant|37/100 par|[from] item: Aguav Berry
|
|switch|p2a: Hatterene|Hatterene, F|100/100
|turn|26
|
|move|p2a: Hatterene|Mystical Fire|p1a: Trevenant
|-supereffective|p1a: Trevenant
|-damage|p1a: Trevenant|0 fnt
|faint|p1a: Trevenant
|
|upkeep
|
|switch|p1a: Type: Null|Type: Null|100/100
|turn|27
|
|move|p1a: Type: Null|Iron Head|p2a: Hatterene
|-supereffective|p2a: Hatterene
|-damage|p2a: Hatterene|50/100
|move|p2a: Hatterene|Psyshock|p1a: Type: Null
|-damage|p1a: Type: Null|75/100
|
|upkeep
|turn|28
|
|move|p1a: Type: Null|Iron Head|p2a: Hatterene
|-supereffective|p2a: Hatterene
|-damage|p2a: Hatterene|0 fnt
|faint|p2a: Hatterene
|
|upkeep
|
|switch|p2a: Excadrill|Excadrill, M|67/100
|-ability|p2a: Excadrill|Mold Breaker
|turn|29
|
|move|p2a: Excadrill|Earthquake|p1a: Type: Null
|-damage|p1a: Type: Null|44/100
|move|p1a: Type: Null|Crush Claw|p2a: Excadrill
|-resisted|p2a: Excadrill
|-damage|p2a: Excadrill|45/100
|-unboost|p2a: Excadrill|def|1
|
|upkeep
|turn|30
|
|move|p2a: Excadrill|Earthquake|p1a: Type: Null
|-damage|p1a: Type: Null|16/100
|move|p1a: Type: Null|Crush Claw|p2a: Excadrill
|-resisted|p2a: Excadrill
|-damage|p2a: Excadrill|12/100
|-unboost|p2a: Excadrill|def|1
|
|upkeep
|turn|31
|
|move|p2a: Excadrill|Earthquake|p1a: Type: Null
|-damage|p1a: Type: Null|0 fnt
|faint|p1a: Type: Null
|
|upkeep
|
|switch|p1a: Galvantula|Galvantula, M|100/100
|turn|32
|
|move|p1a: Galvantula|Energy Ball|p2a: Excadrill
|-damage|p2a: Excadrill|0 fnt
|faint|p2a: Excadrill
|
|win|Elite 4 Azure
|c|☆Elite 4 Azure|gg
