|ScrapeTime|2020-01-02-05:55:04
|j|☆Pickled Pizza
|j|☆Honey Ant
|player|p1|Pickled Pizza|170|1339
|player|p2|Honey Ant|chili|1319
|teamsize|p1|6
|teamsize|p2|6
|gametype|singles
|gen|8
|tier|[Gen 8] OU
|rated|
|rule|Sleep Clause Mod: Limit one foe put to sleep
|rule|Species Clause: Limit one of each Pokémon
|rule|OHKO Clause: OHKO moves are banned
|rule|Evasion Moves Clause: Evasion moves are banned
|rule|Endless Battle Clause: Forcing endless battles is banned
|rule|HP Percentage Mod: HP is shown in percentages
|clearpoke
|poke|p1|Tyranitar, F|
|poke|p1|Excadrill, M|
|poke|p1|Corviknight, M|
|poke|p1|Sylveon, F|
|poke|p1|Toxapex, F|
|poke|p1|Rotom-Heat|
|poke|p2|Haxorus, M|
|poke|p2|Conkeldurr, M|
|poke|p2|Dhelmise|
|poke|p2|Mamoswine, M|
|poke|p2|Golisopod, F|
|poke|p2|Cinderace, F|
|rule|Dynamax Clause: You cannot dynamax
|teampreview
|inactive|Battle timer is ON: inactive players will automatically lose when time's up. (requested by Honey Ant)
|
|start
|switch|p1a: Sylveon|Sylveon, F|100/100
|switch|p2a: Mamoswine|Mamoswine, M, shiny|100/100
|turn|1
|
|move|p2a: Mamoswine|Stealth Rock|p1a: Sylveon
|-sidestart|p1: Pickled Pizza|move: Stealth Rock
|move|p1a: Sylveon|Hyper Voice|p2a: Mamoswine
|-damage|p2a: Mamoswine|59/100
|
|upkeep
|turn|2
|
|switch|p2a: Dhelmise|Dhelmise, shiny|100/100
|move|p1a: Sylveon|Hyper Voice|p2a: Dhelmise
|-damage|p2a: Dhelmise|45/100
|
|upkeep
|turn|3
|
|move|p1a: Sylveon|Hyper Voice|p2a: Dhelmise
|-damage|p2a: Dhelmise|0 fnt
|faint|p2a: Dhelmise
|
|upkeep
|
|switch|p2a: Cinderace|Cinderace, F|100/100
|-item|p2a: Cinderace|Air Balloon
|turn|4
|
|move|p2a: Cinderace|Pyro Ball|p1a: Sylveon
|-damage|p1a: Sylveon|49/100
|move|p1a: Sylveon|Wish|p1a: Sylveon
|
|-heal|p1a: Sylveon|55/100|[from] item: Leftovers
|upkeep
|turn|5
|
|move|p2a: Cinderace|Pyro Ball|p1a: Sylveon
|-damage|p1a: Sylveon|1/100
|move|p1a: Sylveon|Hyper Voice|p2a: Cinderace
|-resisted|p2a: Cinderace
|-damage|p2a: Cinderace|73/100
|-enditem|p2a: Cinderace|Air Balloon
|
|-heal|p1a: Sylveon|51/100|[from] move: Wish|[wisher] Sylveon
|-heal|p1a: Sylveon|57/100|[from] item: Leftovers
|upkeep
|turn|6
|
|move|p1a: Sylveon|Protect|p1a: Sylveon
|-singleturn|p1a: Sylveon|Protect
|move|p2a: Cinderace|Pyro Ball|p1a: Sylveon
|-activate|p1a: Sylveon|move: Protect
|
|-heal|p1a: Sylveon|63/100|[from] item: Leftovers
|upkeep
|turn|7
|
|move|p2a: Cinderace|U-turn|p1a: Sylveon
|-resisted|p1a: Sylveon
|-damage|p1a: Sylveon|52/100
|
|switch|p2a: Golisopod|Golisopod, F, shiny|100/100|[from]move: U-turn
|move|p1a: Sylveon|Wish|p1a: Sylveon
|
|-heal|p1a: Sylveon|58/100|[from] item: Leftovers
|upkeep
|turn|8
|
|move|p1a: Sylveon|Protect|p1a: Sylveon
|-singleturn|p1a: Sylveon|Protect
|move|p2a: Golisopod|Razor Shell|p1a: Sylveon
|-activate|p1a: Sylveon|move: Protect
|
|-heal|p1a: Sylveon|100/100|[from] move: Wish|[wisher] Sylveon
|upkeep
|turn|9
|
|move|p1a: Sylveon|Hyper Voice|p2a: Golisopod
|-damage|p2a: Golisopod|61/100
|move|p2a: Golisopod|Razor Shell|p1a: Sylveon
|-damage|p1a: Sylveon|47/100
|
|-heal|p1a: Sylveon|53/100|[from] item: Leftovers
|upkeep
|turn|10
|
|move|p1a: Sylveon|Wish|p1a: Sylveon
|move|p2a: Golisopod|Razor Shell|p1a: Sylveon
|-damage|p1a: Sylveon|3/100
|-unboost|p1a: Sylveon|def|1
|
|-heal|p1a: Sylveon|9/100|[from] item: Leftovers
|upkeep
|turn|11
|
|move|p1a: Sylveon|Protect|p1a: Sylveon
|-singleturn|p1a: Sylveon|Protect
|move|p2a: Golisopod|Razor Shell|p1a: Sylveon
|-activate|p1a: Sylveon|move: Protect
|
|-heal|p1a: Sylveon|59/100|[from] move: Wish|[wisher] Sylveon
|-heal|p1a: Sylveon|65/100|[from] item: Leftovers
|upkeep
|turn|12
|
|switch|p1a: Toxapex|Toxapex, F|100/100
|-damage|p1a: Toxapex|88/100|[from] Stealth Rock
|move|p2a: Golisopod|Razor Shell|p1a: Toxapex
|-resisted|p1a: Toxapex
|-damage|p1a: Toxapex|69/100
|
|-heal|p1a: Toxapex|75/100|[from] item: Black Sludge
|upkeep
|turn|13
|
|switch|p2a: Conkeldurr|Conkeldurr, M, shiny|100/100
|move|p1a: Toxapex|Scald|p2a: Conkeldurr
|-damage|p2a: Conkeldurr|81/100
|
|-heal|p1a: Toxapex|82/100|[from] item: Black Sludge
|upkeep
|turn|14
|
|move|p1a: Toxapex|Baneful Bunker|p1a: Toxapex
|-singleturn|p1a: Toxapex|move: Protect
|move|p2a: Conkeldurr|Thunder Punch|p1a: Toxapex
|-activate|p1a: Toxapex|move: Protect
|-status|p2a: Conkeldurr|psn
|
|-heal|p1a: Toxapex|88/100|[from] item: Black Sludge
|-damage|p2a: Conkeldurr|68/100 psn|[from] psn
|upkeep
|turn|15
|
|switch|p2a: Haxorus|Haxorus, M, shiny|100/100
|-ability|p2a: Haxorus|Mold Breaker
|move|p1a: Toxapex|Recover|p1a: Toxapex
|-heal|p1a: Toxapex|100/100
|
|upkeep
|turn|16
|
|move|p2a: Haxorus|Earthquake|p1a: Toxapex
|-supereffective|p1a: Toxapex
|-damage|p1a: Toxapex|25/100
|move|p1a: Toxapex|Scald|p2a: Haxorus
|-resisted|p2a: Haxorus
|-damage|p2a: Haxorus|87/100
|
|-heal|p1a: Toxapex|31/100|[from] item: Black Sludge
|upkeep
|turn|17
|
|switch|p2a: Cinderace|Cinderace, F|73/100
|switch|p1a: Corviknight|Corviknight, M|100/100
|-damage|p1a: Corviknight|88/100|[from] Stealth Rock
|
|-heal|p1a: Corviknight|94/100|[from] item: Leftovers
|upkeep
|turn|18
|
|switch|p1a: Toxapex|Toxapex, F|64/100
|-damage|p1a: Toxapex|52/100|[from] Stealth Rock
|move|p2a: Cinderace|Pyro Ball|p1a: Toxapex
|-resisted|p1a: Toxapex
|-damage|p1a: Toxapex|34/100
|
|-heal|p1a: Toxapex|40/100|[from] item: Black Sludge
|upkeep
|turn|19
|
|move|p2a: Cinderace|Zen Headbutt|p1a: Toxapex
|-supereffective|p1a: Toxapex
|-damage|p1a: Toxapex|8/100
|move|p1a: Toxapex|Recover|p1a: Toxapex
|-heal|p1a: Toxapex|58/100
|
|-heal|p1a: Toxapex|64/100|[from] item: Black Sludge
|upkeep
|turn|20
|
|switch|p2a: Mamoswine|Mamoswine, M, shiny|59/100
|move|p1a: Toxapex|Baneful Bunker||[still]
|-fail|p1a: Toxapex
|
|-heal|p1a: Toxapex|71/100|[from] item: Black Sludge
|upkeep
|turn|21
|
|move|p1a: Toxapex|Baneful Bunker|p1a: Toxapex
|-singleturn|p1a: Toxapex|move: Protect
|move|p2a: Mamoswine|Earthquake|p1a: Toxapex
|-activate|p1a: Toxapex|move: Protect
|
|-heal|p1a: Toxapex|77/100|[from] item: Black Sludge
|upkeep
|turn|22
|
|switch|p2a: Haxorus|Haxorus, M, shiny|87/100
|-ability|p2a: Haxorus|Mold Breaker
|switch|p1a: Corviknight|Corviknight, M|94/100
|-damage|p1a: Corviknight|82/100|[from] Stealth Rock
|
|-heal|p1a: Corviknight|88/100|[from] item: Leftovers
|upkeep
|turn|23
|
|move|p2a: Haxorus|Crunch|p1a: Corviknight
|-damage|p1a: Corviknight|46/100
|move|p1a: Corviknight|Defog|p2a: Haxorus
|-unboost|p2a: Haxorus|evasion|1
|-sideend|p1: Pickled Pizza|Stealth Rock|[from] move: Defog|[of] p1a: Corviknight
|
|-heal|p1a: Corviknight|52/100|[from] item: Leftovers
|upkeep
|turn|24
|
|move|p2a: Haxorus|Crunch|p1a: Corviknight
|-damage|p1a: Corviknight|9/100
|move|p1a: Corviknight|Roost|p1a: Corviknight
|-heal|p1a: Corviknight|59/100
|-singleturn|p1a: Corviknight|move: Roost
|
|-heal|p1a: Corviknight|66/100|[from] item: Leftovers
|upkeep
|turn|25
|
|move|p2a: Haxorus|Crunch|p1a: Corviknight
|-damage|p1a: Corviknight|25/100
|move|p1a: Corviknight|Roost|p1a: Corviknight
|-heal|p1a: Corviknight|75/100
|-singleturn|p1a: Corviknight|move: Roost
|
|-heal|p1a: Corviknight|81/100|[from] item: Leftovers
|upkeep
|turn|26
|
|switch|p2a: Cinderace|Cinderace, F|73/100
|move|p1a: Corviknight|Roost|p1a: Corviknight
|-heal|p1a: Corviknight|100/100
|-singleturn|p1a: Corviknight|move: Roost
|
|upkeep
|turn|27
|
|switch|p1a: Rotom|Rotom-Heat|100/100
|move|p2a: Cinderace|U-turn|p1a: Rotom
|-resisted|p1a: Rotom
|-damage|p1a: Rotom|85/100
|
|switch|p2a: Haxorus|Haxorus, M, shiny|87/100|[from]move: U-turn
|-ability|p2a: Haxorus|Mold Breaker
|
|upkeep
|turn|28
|
|move|p1a: Rotom|Trick|p2a: Haxorus
|-activate|p1a: Rotom|move: Trick|[of] p2a: Haxorus
|-item|p2a: Haxorus|Choice Scarf|[from] move: Trick
|-item|p1a: Rotom|Choice Band|[from] move: Trick
|move|p2a: Haxorus|Crunch|p1a: Rotom
|-damage|p1a: Rotom|41/100
|
|upkeep
|turn|29
|
|switch|p1a: Sylveon|Sylveon, F|65/100
|move|p2a: Haxorus|Crunch|p1a: Sylveon
|-resisted|p1a: Sylveon
|-damage|p1a: Sylveon|50/100
|
|-heal|p1a: Sylveon|56/100|[from] item: Leftovers
|upkeep
|turn|30
|
|switch|p2a: Cinderace|Cinderace, F|73/100
|move|p1a: Sylveon|Wish|p1a: Sylveon
|
|-heal|p1a: Sylveon|62/100|[from] item: Leftovers
|upkeep
|turn|31
|
|move|p2a: Cinderace|Pyro Ball|p1a: Sylveon|[miss]
|-miss|p2a: Cinderace|p1a: Sylveon
|move|p1a: Sylveon|Hyper Voice|p2a: Cinderace
|-resisted|p2a: Cinderace
|-damage|p2a: Cinderace|42/100
|
|-heal|p1a: Sylveon|100/100|[from] move: Wish|[wisher] Sylveon
|upkeep
|turn|32
|
|move|p1a: Sylveon|Protect|p1a: Sylveon
|-singleturn|p1a: Sylveon|Protect
|move|p2a: Cinderace|Pyro Ball|p1a: Sylveon
|-activate|p1a: Sylveon|move: Protect
|
|upkeep
|turn|33
|
|move|p2a: Cinderace|Acrobatics|p1a: Sylveon
|-damage|p1a: Sylveon|65/100
|move|p1a: Sylveon|Wish|p1a: Sylveon
|
|-heal|p1a: Sylveon|71/100|[from] item: Leftovers
|upkeep
|turn|34
|
|move|p1a: Sylveon|Protect|p1a: Sylveon
|-singleturn|p1a: Sylveon|Protect
|move|p2a: Cinderace|U-turn|p1a: Sylveon
|-activate|p1a: Sylveon|move: Protect
|
|-heal|p1a: Sylveon|100/100|[from] move: Wish|[wisher] Sylveon
|upkeep
|turn|35
|
|move|p2a: Cinderace|Zen Headbutt|p1a: Sylveon
|-damage|p1a: Sylveon|76/100
|cant|p1a: Sylveon|flinch
|
|-heal|p1a: Sylveon|82/100|[from] item: Leftovers
|upkeep
|turn|36
|
|move|p2a: Cinderace|Zen Headbutt|p1a: Sylveon|[miss]
|-miss|p2a: Cinderace|p1a: Sylveon
|move|p1a: Sylveon|Hyper Voice|p2a: Cinderace
|-resisted|p2a: Cinderace
|-damage|p2a: Cinderace|14/100
|
|-heal|p1a: Sylveon|88/100|[from] item: Leftovers
|upkeep
|turn|37
|
|move|p2a: Cinderace|U-turn|p1a: Sylveon
|-resisted|p1a: Sylveon
|-damage|p1a: Sylveon|78/100
|
|switch|p2a: Golisopod|Golisopod, F, shiny|61/100|[from]move: U-turn
|move|p1a: Sylveon|Wish|p1a: Sylveon
|
|-heal|p1a: Sylveon|84/100|[from] item: Leftovers
|upkeep
|turn|38
|
|move|p1a: Sylveon|Hyper Voice|p2a: Golisopod
|-damage|p2a: Golisopod|20/100
|-activate|p2a: Golisopod|ability: Emergency Exit
|
|switch|p2a: Haxorus|Haxorus, M, shiny|87/100
|-ability|p2a: Haxorus|Mold Breaker
|
|-heal|p1a: Sylveon|100/100|[from] move: Wish|[wisher] Sylveon
|upkeep
|turn|39
|
|move|p2a: Haxorus|Earthquake|p1a: Sylveon
|-damage|p1a: Sylveon|66/100
|move|p1a: Sylveon|Hyper Voice|p2a: Haxorus
|-supereffective|p2a: Haxorus
|-damage|p2a: Haxorus|0 fnt
|faint|p2a: Haxorus
|
|-heal|p1a: Sylveon|72/100|[from] item: Leftovers
|upkeep
|
|switch|p2a: Conkeldurr|Conkeldurr, M, shiny|68/100 psn
|turn|40
|
|move|p1a: Sylveon|Protect|p1a: Sylveon
|-singleturn|p1a: Sylveon|Protect
|move|p2a: Conkeldurr|Poison Jab|p1a: Sylveon
|-activate|p1a: Sylveon|move: Protect
|
|-heal|p1a: Sylveon|78/100|[from] item: Leftovers
|-damage|p2a: Conkeldurr|56/100 psn|[from] psn
|upkeep
|turn|41
|
|switch|p1a: Corviknight|Corviknight, M|100/100
|switch|p2a: Mamoswine|Mamoswine, M, shiny|59/100
|
|upkeep
|turn|42
|
|move|p2a: Mamoswine|Icicle Crash|p1a: Corviknight|[miss]
|-miss|p2a: Mamoswine|p1a: Corviknight
|move|p1a: Corviknight|Brave Bird|p2a: Mamoswine
|-damage|p2a: Mamoswine|19/100
|-damage|p1a: Corviknight|88/100|[from] Recoil
|
|-heal|p1a: Corviknight|94/100|[from] item: Leftovers
|upkeep
|turn|43
|
|move|p2a: Mamoswine|Icicle Crash|p1a: Corviknight
|-damage|p1a: Corviknight|31/100
|cant|p1a: Corviknight|flinch
|
|-heal|p1a: Corviknight|37/100|[from] item: Leftovers
|upkeep
|turn|44
|
|move|p2a: Mamoswine|Icicle Crash|p1a: Corviknight
|-damage|p1a: Corviknight|0 fnt
|faint|p1a: Corviknight
|
|upkeep
|
|switch|p1a: Sylveon|Sylveon, F|78/100
|turn|45
|
|move|p2a: Mamoswine|Icicle Crash|p1a: Sylveon
|-damage|p1a: Sylveon|13/100
|move|p1a: Sylveon|Hyper Voice|p2a: Mamoswine
|-damage|p2a: Mamoswine|0 fnt
|faint|p2a: Mamoswine
|
|-heal|p1a: Sylveon|19/100|[from] item: Leftovers
|upkeep
|
|switch|p2a: Golisopod|Golisopod, F, shiny|20/100
|turn|46
|
|move|p1a: Sylveon|Protect|p1a: Sylveon
|-singleturn|p1a: Sylveon|Protect
|move|p2a: Golisopod|Aqua Jet|p1a: Sylveon
|-activate|p1a: Sylveon|move: Protect
|
|-heal|p1a: Sylveon|25/100|[from] item: Leftovers
|upkeep
|turn|47
|
|switch|p1a: Toxapex|Toxapex, F|100/100
|move|p2a: Golisopod|Aqua Jet|p1a: Toxapex
|-resisted|p1a: Toxapex
|-damage|p1a: Toxapex|90/100
|
|-heal|p1a: Toxapex|96/100|[from] item: Black Sludge
|upkeep
|turn|48
|
|switch|p2a: Conkeldurr|Conkeldurr, M, shiny|56/100 psn
|move|p1a: Toxapex|Toxic Spikes|p2a: Conkeldurr
|-sidestart|p2: Honey Ant|move: Toxic Spikes
|
|-heal|p1a: Toxapex|100/100|[from] item: Black Sludge
|-damage|p2a: Conkeldurr|44/100 psn|[from] psn
|upkeep
|turn|49
|
|move|p2a: Conkeldurr|Facade|p1a: Toxapex
|-damage|p1a: Toxapex|25/100
|move|p1a: Toxapex|Toxic Spikes|p2a: Conkeldurr
|-sidestart|p2: Honey Ant|move: Toxic Spikes
|
|-heal|p1a: Toxapex|31/100|[from] item: Black Sludge
|-damage|p2a: Conkeldurr|31/100 psn|[from] psn
|upkeep
|turn|50
|
|switch|p1a: Tyranitar|Tyranitar, F|100/100
|-weather|Sandstorm|[from] ability: Sand Stream|[of] p1a: Tyranitar
|move|p2a: Conkeldurr|Facade|p1a: Tyranitar
|-resisted|p1a: Tyranitar
|-damage|p1a: Tyranitar|49/100
|
|-weather|Sandstorm|[upkeep]
|-damage|p2a: Conkeldurr|25/100 psn|[from] Sandstorm
|-damage|p2a: Conkeldurr|13/100 psn|[from] psn
|upkeep
|turn|51
|
|switch|p2a: Cinderace|Cinderace, F|14/100
|-status|p2a: Cinderace|tox
|move|p1a: Tyranitar|Crunch|p2a: Cinderace
|-damage|p2a: Cinderace|0 fnt
|faint|p2a: Cinderace
|
|-weather|Sandstorm|[upkeep]
|upkeep
|
|switch|p2a: Golisopod|Golisopod, F, shiny|20/100
|-status|p2a: Golisopod|tox
|turn|52
|
|switch|p1a: Toxapex|Toxapex, F|64/100
|move|p2a: Golisopod|Leech Life|p1a: Toxapex
|-resisted|p1a: Toxapex
|-damage|p1a: Toxapex|43/100
|-heal|p2a: Golisopod|31/100 tox|[from] drain|[of] p1a: Toxapex
|
|-weather|Sandstorm|[upkeep]
|-damage|p2a: Golisopod|25/100 tox|[from] Sandstorm
|-damage|p1a: Toxapex|36/100|[from] Sandstorm
|-heal|p1a: Toxapex|43/100|[from] item: Black Sludge
|-damage|p2a: Golisopod|18/100 tox|[from] psn
|upkeep
|turn|53
|
|move|p2a: Golisopod|Leech Life|p1a: Toxapex
|-resisted|p1a: Toxapex
|-damage|p1a: Toxapex|24/100
|-heal|p2a: Golisopod|27/100 tox|[from] drain|[of] p1a: Toxapex
|move|p1a: Toxapex|Recover|p1a: Toxapex
|-heal|p1a: Toxapex|74/100
|
|-weather|Sandstorm|[upkeep]
|-damage|p2a: Golisopod|21/100 tox|[from] Sandstorm
|-damage|p1a: Toxapex|68/100|[from] Sandstorm
|-heal|p1a: Toxapex|74/100|[from] item: Black Sludge
|-damage|p2a: Golisopod|9/100 tox|[from] psn
|upkeep
|turn|54
|c|☆Pickled Pizza|Mach punch
|c|☆Pickled Pizza|Bro
|
|move|p2a: Golisopod|Leech Life|p1a: Toxapex
|-resisted|p1a: Toxapex
|-damage|p1a: Toxapex|52/100
|-heal|p2a: Golisopod|19/100 tox|[from] drain|[of] p1a: Toxapex
|move|p1a: Toxapex|Recover|p1a: Toxapex
|-heal|p1a: Toxapex|100/100
|
|-weather|none
|-damage|p2a: Golisopod|0 fnt|[from] psn
|faint|p2a: Golisopod
|upkeep
|
|switch|p2a: Conkeldurr|Conkeldurr, M, shiny|13/100 psn
|turn|55
|
|move|p1a: Toxapex|Baneful Bunker|p1a: Toxapex
|-singleturn|p1a: Toxapex|move: Protect
|move|p2a: Conkeldurr|Mach Punch|p1a: Toxapex
|-activate|p1a: Toxapex|move: Protect
|
|-damage|p2a: Conkeldurr|1/100 psn|[from] psn
|upkeep
|turn|56
|
|move|p2a: Conkeldurr|Mach Punch|p1a: Toxapex
|-resisted|p1a: Toxapex
|-damage|p1a: Toxapex|83/100
|move|p1a: Toxapex|Scald|p2a: Conkeldurr
|-damage|p2a: Conkeldurr|0 fnt
|faint|p2a: Conkeldurr
|
|win|Pickled Pizza
|l|☆Honey Ant
|raw|Pickled Pizza's rating: 1339 → 1358(+19 for winning)
|raw|Honey Ant's rating: 1319 → 1300(-19 for losing)
