|ScrapeTime|2020-01-02-15:47:00
|j|☆le faux fifou
|j|☆aqaqaqaQH
|player|p1|le faux fifou|tuber|1076
|player|p2|aqaqaqaQH|2|1084
|teamsize|p1|6
|teamsize|p2|6
|gametype|singles
|gen|8
|tier|[Gen 8] OU
|rated|
|rule|Sleep Clause Mod: Limit one foe put to sleep
|rule|Species Clause: Limit one of each Pokémon
|rule|OHKO Clause: OHKO moves are banned
|rule|Evasion Moves Clause: Evasion moves are banned
|rule|Endless Battle Clause: Forcing endless battles is banned
|rule|HP Percentage Mod: HP is shown in percentages
|clearpoke
|poke|p1|Ferrothorn, F|
|poke|p1|Rhydon, M|
|poke|p1|Hatterene, F|
|poke|p1|Bronzong|
|poke|p1|Grimmsnarl, M|
|poke|p1|Corsola-Galar, F|
|poke|p2|Barraskewda, M|
|poke|p2|Dracovish|
|poke|p2|Pelipper, M|
|poke|p2|Drednaw, F|
|poke|p2|Corsola-Galar, F|
|poke|p2|Dragapult, F|
|rule|Dynamax Clause: You cannot dynamax
|teampreview
|inactive|Battle timer is ON: inactive players will automatically lose when time's up. (requested by aqaqaqaQH)
|
|start
|switch|p1a: Hatterene|Hatterene, F, shiny|100/100
|switch|p2a: Corsola|Corsola-Galar, F|100/100
|turn|1
|
|move|p2a: Corsola|Stealth Rock|p1a: Hatterene
|move|p1a: Hatterene|Stealth Rock|p2a: Corsola|[from]Magic Bounce
|-sidestart|p2: aqaqaqaQH|move: Stealth Rock
|move|p1a: Hatterene|Trick Room|p1a: Hatterene
|-fieldstart|move: Trick Room|[of] p1a: Hatterene
|
|upkeep
|turn|2
|c|☆le faux fifou|it's a funny trick room don't juge
|
|switch|p1a: Ferrothorn|Ferrothorn, F, shiny|100/100
|move|p2a: Corsola|Night Shade|p1a: Ferrothorn
|-damage|p1a: Ferrothorn|72/100
|
|upkeep
|turn|3
|c|☆aqaqaqaQH|loul
|
|move|p1a: Ferrothorn|Knock Off|p2a: Corsola
|-supereffective|p2a: Corsola
|-damage|p2a: Corsola|53/100
|-enditem|p2a: Corsola|Eviolite|[from] move: Knock Off|[of] p1a: Ferrothorn
|move|p2a: Corsola|Will-O-Wisp|p1a: Ferrothorn
|-status|p1a: Ferrothorn|brn
|
|-damage|p1a: Ferrothorn|66/100 brn|[from] brn
|upkeep
|turn|4
|
|move|p1a: Ferrothorn|Knock Off|p2a: Corsola
|-supereffective|p2a: Corsola
|-damage|p2a: Corsola|31/100
|move|p2a: Corsola|Strength Sap|p1a: Ferrothorn
|-unboost|p1a: Ferrothorn|atk|1
|-heal|p2a: Corsola|100/100
|
|-damage|p1a: Ferrothorn|60/100 brn|[from] brn
|upkeep
|turn|5
|
|switch|p1a: Grimmsnarl|Grimmsnarl, M, shiny|100/100
|move|p2a: Corsola|Night Shade|p1a: Grimmsnarl
|-damage|p1a: Grimmsnarl|70/100
|
|-fieldend|move: Trick Room
|upkeep
|turn|6
|c|☆aqaqaqaQH|Dracovish OS your 6 pokemon
|
|move|p1a: Grimmsnarl|Darkest Lariat|p2a: Corsola
|-supereffective|p2a: Corsola
|-damage|p2a: Corsola|11/100
|-start|p1a: Grimmsnarl|Disable|Darkest Lariat|[from] ability: Cursed Body|[of] p2a: Corsola
|-damage|p1a: Grimmsnarl|60/100|[from] item: Life Orb
|move|p2a: Corsola|Will-O-Wisp|p1a: Grimmsnarl|[miss]
|-miss|p2a: Corsola|p1a: Grimmsnarl
|
|upkeep
|turn|7
|c|☆le faux fifou|yes
|
|move|p1a: Grimmsnarl|Play Rough|p2a: Corsola
|-damage|p2a: Corsola|0 fnt
|-damage|p1a: Grimmsnarl|50/100|[from] item: Life Orb
|faint|p2a: Corsola
|
|upkeep
|
|switch|p2a: Pelipper|Pelipper, M, shiny|100/100
|-damage|p2a: Pelipper|75/100|[from] Stealth Rock
|-weather|RainDance|[from] ability: Drizzle|[of] p2a: Pelipper
|turn|8
|
|move|p1a: Grimmsnarl|Bulk Up|p1a: Grimmsnarl
|-boost|p1a: Grimmsnarl|atk|1
|-boost|p1a: Grimmsnarl|def|1
|move|p2a: Pelipper|Scald|p1a: Grimmsnarl
|-damage|p1a: Grimmsnarl|2/100
|
|-weather|RainDance|[upkeep]
|upkeep
|turn|9
|
|move|p1a: Grimmsnarl|Sucker Punch|p2a: Pelipper
|-damage|p2a: Pelipper|22/100
|-damage|p1a: Grimmsnarl|0 fnt|[from] item: Life Orb
|faint|p1a: Grimmsnarl
|move|p2a: Pelipper|Scald|p1: Grimmsnarl|[notarget]
|-fail|p2a: Pelipper
|
|-weather|RainDance|[upkeep]
|upkeep
|
|switch|p1a: Bronzong|Bronzong|100/100
|turn|10
|
|switch|p2a: Dracovish|Dracovish|100/100
|-damage|p2a: Dracovish|88/100|[from] Stealth Rock
|move|p1a: Bronzong|Trick Room|p1a: Bronzong
|-fieldstart|move: Trick Room|[of] p1a: Bronzong
|
|-weather|RainDance|[upkeep]
|upkeep
|turn|11
|
|move|p1a: Bronzong|Body Press|p2a: Dracovish
|-damage|p2a: Dracovish|58/100
|move|p2a: Dracovish|Fishious Rend|p1a: Bronzong
|-damage|p1a: Bronzong|43/100
|
|-weather|RainDance|[upkeep]
|upkeep
|turn|12
|
|move|p1a: Bronzong|Body Press|p2a: Dracovish
|-damage|p2a: Dracovish|29/100
|move|p2a: Dracovish|Fishious Rend|p1a: Bronzong
|-damage|p1a: Bronzong|0 fnt
|faint|p1a: Bronzong
|
|-weather|RainDance|[upkeep]
|upkeep
|c|☆aqaqaqaQH|I'm scraft
|c|☆aqaqaqaQH|scarf
|
|switch|p1a: Ferrothorn|Ferrothorn, F, shiny|60/100 brn
|turn|13
|c|☆le faux fifou|trick room
|
|move|p1a: Ferrothorn|Explosion|p2a: Dracovish
|-damage|p2a: Dracovish|0 fnt
|faint|p1a: Ferrothorn
|faint|p2a: Dracovish
|
|-weather|RainDance|[upkeep]
|upkeep
|c|☆aqaqaqaQH|yes
|c|☆le faux fifou|dracovish os my 6 poke where is dracovish ?
|inactive|le faux fifou has 120 seconds left.
|
|switch|p1a: Rhydon|Rhydon, M, shiny|100/100
|switch|p2a: Dragapult|Dragapult, F|100/100
|-damage|p2a: Dragapult|88/100|[from] Stealth Rock
|turn|14
|c|☆aqaqaqaQH|I'm not band lmao
|
|move|p1a: Rhydon|Ice Punch|p2a: Dragapult
|-supereffective|p2a: Dragapult
|-crit|p2a: Dragapult
|-damage|p2a: Dragapult|0 fnt
|faint|p2a: Dragapult
|
|-weather|RainDance|[upkeep]
|-fieldend|move: Trick Room
|upkeep
|c|☆aqaqaqaQH|OOF
|c|☆le faux fifou|sorry for the crit
|
|switch|p2a: Barraskewda|Barraskewda, M|100/100
|-damage|p2a: Barraskewda|88/100|[from] Stealth Rock
|turn|15
|
|move|p2a: Barraskewda|Liquidation|p1a: Rhydon
|-supereffective|p1a: Rhydon
|-damage|p1a: Rhydon|0 fnt
|faint|p1a: Rhydon
|
|-weather|none
|upkeep
|
|switch|p1a: Corsola|Corsola-Galar, F, shiny|100/100
|turn|16
|
|switch|p2a: Drednaw|Drednaw, F|100/100
|-damage|p2a: Drednaw|88/100|[from] Stealth Rock
|move|p1a: Corsola|Stealth Rock||[still]
|-fail|p1a: Corsola
|
|upkeep
|turn|17
|c|☆le faux fifou|no miss click
|
|move|p2a: Drednaw|Swords Dance|p2a: Drednaw
|-boost|p2a: Drednaw|atk|2
|move|p1a: Corsola|Will-O-Wisp|p2a: Drednaw
|-status|p2a: Drednaw|brn
|
|-damage|p2a: Drednaw|82/100 brn|[from] brn
|upkeep
|turn|18
|
|move|p2a: Drednaw|Swords Dance|p2a: Drednaw
|-boost|p2a: Drednaw|atk|2
|move|p1a: Corsola|Strength Sap|p2a: Drednaw
|-unboost|p2a: Drednaw|atk|1
|
|-damage|p2a: Drednaw|76/100 brn|[from] brn
|upkeep
|turn|19
|
|move|p2a: Drednaw|Swords Dance|p2a: Drednaw
|-boost|p2a: Drednaw|atk|2
|move|p1a: Corsola|Shadow Ball|p2a: Drednaw
|-damage|p2a: Drednaw|48/100 brn
|
|-damage|p2a: Drednaw|42/100 brn|[from] brn
|upkeep
|turn|20
|
|move|p2a: Drednaw|Liquidation|p1a: Corsola
|-damage|p1a: Corsola|46/100
|-start|p2a: Drednaw|Disable|Liquidation|[from] ability: Cursed Body|[of] p1a: Corsola
|-unboost|p1a: Corsola|def|1
|-damage|p2a: Drednaw|32/100 brn|[from] item: Life Orb
|move|p1a: Corsola|Shadow Ball|p2a: Drednaw
|-damage|p2a: Drednaw|2/100 brn
|
|-damage|p2a: Drednaw|0 fnt|[from] brn
|faint|p2a: Drednaw
|upkeep
|
|switch|p2a: Barraskewda|Barraskewda, M|88/100
|-damage|p2a: Barraskewda|76/100|[from] Stealth Rock
|turn|21
|
|move|p2a: Barraskewda|Liquidation|p1a: Corsola
|-damage|p1a: Corsola|0 fnt
|faint|p1a: Corsola
|
|upkeep
|
|switch|p1a: Hatterene|Hatterene, F, shiny|100/100
|turn|22
|
|switch|p2a: Pelipper|Pelipper, M, shiny|22/100
|-damage|p2a: Pelipper|0 fnt|[from] Stealth Rock
|faint|p2a: Pelipper
|move|p1a: Hatterene|Psychic|p2: Pelipper|[notarget]
|-fail|p1a: Hatterene
|
|upkeep
|c|☆aqaqaqaQH|ah shit
|c|☆le faux fifou|rip
|
|switch|p2a: Barraskewda|Barraskewda, M|76/100
|-damage|p2a: Barraskewda|64/100|[from] Stealth Rock
|turn|23
|
|move|p2a: Barraskewda|Liquidation|p1a: Hatterene
|-damage|p1a: Hatterene|27/100
|-unboost|p1a: Hatterene|def|1
|move|p1a: Hatterene|Psychic|p2a: Barraskewda
|-damage|p2a: Barraskewda|0 fnt
|-damage|p1a: Hatterene|17/100|[from] item: Life Orb
|faint|p2a: Barraskewda
|
|win|le faux fifou
|c|☆le faux fifou|gg
|c|☆aqaqaqaQH|wp
|l|☆aqaqaqaQH
|raw|le faux fifou's rating: 1076 → 1105(+29 for winning)
|raw|aqaqaqaQH's rating: 1084 → 1061(-23 for losing)
|c|☆le faux fifou|big gg
