|ScrapeTime|2020-01-01-22:55:40
|j|☆Blessed 9'inch
|j|☆YoloExceptCats
|player|p1|Blessed 9'inch|248|1197
|player|p2|YoloExceptCats|102|1151
|teamsize|p1|6
|teamsize|p2|6
|gametype|singles
|gen|8
|tier|[Gen 8] OU
|rated|
|rule|Sleep Clause Mod: Limit one foe put to sleep
|rule|Species Clause: Limit one of each Pokémon
|rule|OHKO Clause: OHKO moves are banned
|rule|Evasion Moves Clause: Evasion moves are banned
|rule|Endless Battle Clause: Forcing endless battles is banned
|rule|HP Percentage Mod: HP is shown in percentages
|clearpoke
|poke|p1|Charizard, M|
|poke|p1|Corviknight, F|
|poke|p1|Torkoal, M|
|poke|p1|Hatterene, F|
|poke|p1|Gyarados, M|
|poke|p1|Dracozolt|
|poke|p2|Torkoal, M|
|poke|p2|Excadrill, M|
|poke|p2|Hydreigon, M|
|poke|p2|Charizard, F|
|poke|p2|Flapple, M|
|poke|p2|Sylveon, F|
|rule|Dynamax Clause: You cannot dynamax
|teampreview
|inactive|Battle timer is ON: inactive players will automatically lose when time's up. (requested by Blessed 9'inch)
|
|start
|switch|p1a: Gyarados|Gyarados, M|100/100
|switch|p2a: Torkoal|Torkoal, M|100/100
|-ability|p1a: Gyarados|Intimidate|boost
|-unboost|p2a: Torkoal|atk|1
|-weather|SunnyDay|[from] ability: Drought|[of] p2a: Torkoal
|turn|1
|
|move|p1a: Gyarados|Substitute|p1a: Gyarados
|-start|p1a: Gyarados|Substitute
|-damage|p1a: Gyarados|76/100
|move|p2a: Torkoal|Yawn||[still]
|-fail|p2a: Torkoal
|
|-weather|SunnyDay|[upkeep]
|-heal|p1a: Gyarados|82/100|[from] item: Leftovers
|upkeep
|turn|2
|
|switch|p2a: Flapple|Flapple, M|100/100
|move|p1a: Gyarados|Dragon Dance|p1a: Gyarados
|-boost|p1a: Gyarados|atk|1
|-boost|p1a: Gyarados|spe|1
|
|-weather|SunnyDay|[upkeep]
|-heal|p1a: Gyarados|88/100|[from] item: Leftovers
|upkeep
|turn|3
|
|move|p1a: Gyarados|Earthquake|p2a: Flapple
|-resisted|p2a: Flapple
|-damage|p2a: Flapple|61/100
|move|p2a: Flapple|Grav Apple|p1a: Gyarados
|-end|p1a: Gyarados|Substitute
|
|-weather|SunnyDay|[upkeep]
|-heal|p1a: Gyarados|94/100|[from] item: Leftovers
|upkeep
|turn|4
|
|move|p1a: Gyarados|Dragon Dance|p1a: Gyarados
|-boost|p1a: Gyarados|atk|1
|-boost|p1a: Gyarados|spe|1
|move|p2a: Flapple|Growth|p2a: Flapple
|-boost|p2a: Flapple|atk|2
|-boost|p2a: Flapple|spa|2
|
|-weather|SunnyDay|[upkeep]
|-heal|p1a: Gyarados|99/100|[from] item: Leftovers
|upkeep
|turn|5
|
|move|p1a: Gyarados|Earthquake|p2a: Flapple
|-resisted|p2a: Flapple
|-damage|p2a: Flapple|2/100
|-enditem|p2a: Flapple|Salac Berry|[eat]
|-boost|p2a: Flapple|spe|2
|move|p2a: Flapple|Grav Apple|p1a: Gyarados
|-damage|p1a: Gyarados|0 fnt
|faint|p1a: Gyarados
|
|-weather|none
|upkeep
|inactive|Blessed 9'inch has 120 seconds left.
|
|switch|p1a: Hatterene|Hatterene, F|100/100
|turn|6
|
|move|p2a: Flapple|Grav Apple|p1a: Hatterene
|-damage|p1a: Hatterene|12/100
|-unboost|p1a: Hatterene|def|1
|move|p1a: Hatterene|Dazzling Gleam|p2a: Flapple
|-supereffective|p2a: Flapple
|-damage|p2a: Flapple|0 fnt
|faint|p2a: Flapple
|
|upkeep
|inactive|YoloExceptCats has 120 seconds left.
|
|switch|p2a: Torkoal|Torkoal, M|100/100
|-weather|SunnyDay|[from] ability: Drought|[of] p2a: Torkoal
|turn|7
|
|move|p1a: Hatterene|Psychic|p2a: Torkoal
|-damage|p2a: Torkoal|24/100
|move|p2a: Torkoal|Lava Plume|p1a: Hatterene
|-damage|p1a: Hatterene|0 fnt
|faint|p1a: Hatterene
|
|-weather|SunnyDay|[upkeep]
|upkeep
|
|switch|p1a: Charizard|Charizard, M|100/100
|turn|8
|inactive|YoloExceptCats has 120 seconds left.
|
|move|p1a: Charizard|Dragon Dance|p1a: Charizard
|-boost|p1a: Charizard|atk|1
|-boost|p1a: Charizard|spe|1
|move|p2a: Torkoal|Stealth Rock|p1a: Charizard
|-sidestart|p1: Blessed 9'inch|move: Stealth Rock
|
|-weather|SunnyDay|[upkeep]
|-damage|p1a: Charizard|88/100|[from] ability: Solar Power|[of] p1a: Charizard
|upkeep
|turn|9
|inactive|YoloExceptCats has 120 seconds left.
|
|move|p1a: Charizard|Fire Blast|p2a: Torkoal
|-resisted|p2a: Torkoal
|-damage|p2a: Torkoal|0 fnt
|faint|p2a: Torkoal
|
|-weather|SunnyDay|[upkeep]
|-damage|p1a: Charizard|76/100|[from] ability: Solar Power|[of] p1a: Charizard
|upkeep
|inactive|YoloExceptCats has 120 seconds left.
|
|switch|p2a: Charizard|Charizard, F|100/100
|turn|10
|
|move|p1a: Charizard|Fire Blast|p2a: Charizard|[miss]
|-miss|p1a: Charizard|p2a: Charizard
|move|p2a: Charizard|Weather Ball|p1a: Charizard
|-resisted|p1a: Charizard
|-damage|p1a: Charizard|0 fnt
|faint|p1a: Charizard
|
|-weather|SunnyDay|[upkeep]
|-damage|p2a: Charizard|88/100|[from] ability: Solar Power|[of] p2a: Charizard
|upkeep
|
|switch|p1a: Dracozolt|Dracozolt|100/100
|-damage|p1a: Dracozolt|88/100|[from] Stealth Rock
|turn|11
|
|move|p1a: Dracozolt|Bolt Beak|p2a: Charizard
|-supereffective|p2a: Charizard
|-crit|p2a: Charizard
|-damage|p2a: Charizard|0 fnt
|faint|p2a: Charizard
|
|-weather|none
|upkeep
|
|switch|p2a: Excadrill|Excadrill, M|100/100
|-ability|p2a: Excadrill|Mold Breaker
|turn|12
|
|switch|p1a: Corviknight|Corviknight, F|100/100
|-damage|p1a: Corviknight|88/100|[from] Stealth Rock
|switch|p2a: Hydreigon|Hydreigon, M|100/100
|
|-heal|p1a: Corviknight|94/100|[from] item: Leftovers
|upkeep
|turn|13
|
|move|p2a: Hydreigon|Nasty Plot|p2a: Hydreigon
|-boost|p2a: Hydreigon|spa|2
|move|p1a: Corviknight|Roost|p1a: Corviknight
|-heal|p1a: Corviknight|100/100
|-singleturn|p1a: Corviknight|move: Roost
|
|upkeep
|turn|14
|
|switch|p1a: Torkoal|Torkoal, M|100/100
|-damage|p1a: Torkoal|76/100|[from] Stealth Rock
|-weather|SunnyDay|[from] ability: Drought|[of] p1a: Torkoal
|move|p2a: Hydreigon|Dark Pulse|p1a: Torkoal
|-damage|p1a: Torkoal|0 fnt
|faint|p1a: Torkoal
|
|-weather|SunnyDay|[upkeep]
|upkeep
|
|switch|p1a: Dracozolt|Dracozolt|88/100
|-damage|p1a: Dracozolt|76/100|[from] Stealth Rock
|turn|15
|
|switch|p2a: Sylveon|Sylveon, F|100/100
|move|p1a: Dracozolt|Bolt Beak|p2a: Sylveon
|-damage|p2a: Sylveon|3/100
|
|-weather|SunnyDay|[upkeep]
|-heal|p2a: Sylveon|9/100|[from] item: Leftovers
|upkeep
|turn|16
|
|switch|p1a: Corviknight|Corviknight, F|100/100
|-damage|p1a: Corviknight|88/100|[from] Stealth Rock
|switch|p2a: Excadrill|Excadrill, M|100/100
|-ability|p2a: Excadrill|Mold Breaker
|
|-weather|SunnyDay|[upkeep]
|-heal|p1a: Corviknight|94/100|[from] item: Leftovers
|upkeep
|turn|17
|
|switch|p2a: Hydreigon|Hydreigon, M|100/100
|move|p1a: Corviknight|Bulk Up|p1a: Corviknight
|-boost|p1a: Corviknight|atk|1
|-boost|p1a: Corviknight|def|1
|
|-weather|SunnyDay|[upkeep]
|-heal|p1a: Corviknight|100/100|[from] item: Leftovers
|upkeep
|turn|18
|
|move|p2a: Hydreigon|Nasty Plot|p2a: Hydreigon
|-boost|p2a: Hydreigon|spa|2
|move|p1a: Corviknight|Body Press|p2a: Hydreigon
|-supereffective|p2a: Hydreigon
|-damage|p2a: Hydreigon|38/100
|
|-weather|SunnyDay|[upkeep]
|upkeep
|turn|19
|
|move|p2a: Hydreigon|Dark Pulse|p1a: Corviknight
|-damage|p1a: Corviknight|40/100
|move|p1a: Corviknight|Body Press|p2a: Hydreigon
|-supereffective|p2a: Hydreigon
|-damage|p2a: Hydreigon|0 fnt
|faint|p2a: Hydreigon
|
|-weather|SunnyDay|[upkeep]
|-heal|p1a: Corviknight|46/100|[from] item: Leftovers
|upkeep
|
|switch|p2a: Sylveon|Sylveon, F|9/100
|turn|20
|
|move|p1a: Corviknight|Body Press|p2a: Sylveon
|-resisted|p2a: Sylveon
|-damage|p2a: Sylveon|0 fnt
|faint|p2a: Sylveon
|
|-weather|SunnyDay|[upkeep]
|-heal|p1a: Corviknight|53/100|[from] item: Leftovers
|upkeep
|
|switch|p2a: Excadrill|Excadrill, M|100/100
|-ability|p2a: Excadrill|Mold Breaker
|turn|21
|
|move|p2a: Excadrill|Iron Head|p1a: Corviknight
|-resisted|p1a: Corviknight
|-damage|p1a: Corviknight|41/100
|move|p1a: Corviknight|Body Press|p2a: Excadrill
|-supereffective|p2a: Excadrill
|-damage|p2a: Excadrill|25/100
|
|-weather|none
|-heal|p2a: Excadrill|31/100|[from] item: Leftovers
|-heal|p1a: Corviknight|47/100|[from] item: Leftovers
|upkeep
|turn|22
|
|move|p2a: Excadrill|Iron Head|p1a: Corviknight
|-resisted|p1a: Corviknight
|-damage|p1a: Corviknight|35/100
|cant|p1a: Corviknight|flinch
|
|-heal|p2a: Excadrill|37/100|[from] item: Leftovers
|-heal|p1a: Corviknight|41/100|[from] item: Leftovers
|upkeep
|turn|23
|
|move|p2a: Excadrill|Iron Head|p1a: Corviknight
|-resisted|p1a: Corviknight
|-damage|p1a: Corviknight|30/100
|cant|p1a: Corviknight|flinch
|
|-heal|p2a: Excadrill|43/100|[from] item: Leftovers
|-heal|p1a: Corviknight|36/100|[from] item: Leftovers
|upkeep
|turn|24
|
|move|p2a: Excadrill|Iron Head|p1a: Corviknight
|-resisted|p1a: Corviknight
|-damage|p1a: Corviknight|25/100
|cant|p1a: Corviknight|flinch
|
|-heal|p2a: Excadrill|50/100|[from] item: Leftovers
|-heal|p1a: Corviknight|31/100|[from] item: Leftovers
|upkeep
|turn|25
|-message|YoloExceptCats forfeited.
|
|win|Blessed 9'inch
|l|☆YoloExceptCats
|raw|Blessed 9'inch's rating: 1197 → 1217(+20 for winning)
|raw|YoloExceptCats's rating: 1130 → 1110(-20 for losing)
