|ScrapeTime|2020-01-02-04:06:54
|j|☆T.B Qc
|j|☆priparap
|player|p1|T.B Qc|52|1804
|player|p2|priparap|45|1575
|teamsize|p1|6
|teamsize|p2|6
|gametype|singles
|gen|8
|tier|[Gen 8] OU
|rated|
|rule|Sleep Clause Mod: Limit one foe put to sleep
|rule|Species Clause: Limit one of each Pokémon
|rule|OHKO Clause: OHKO moves are banned
|rule|Evasion Moves Clause: Evasion moves are banned
|rule|Endless Battle Clause: Forcing endless battles is banned
|rule|HP Percentage Mod: HP is shown in percentages
|clearpoke
|poke|p1|Ferrothorn, F|
|poke|p1|Hatterene, F|
|poke|p1|Toxapex, F|
|poke|p1|Corsola-Galar, M|
|poke|p1|Sylveon, F|
|poke|p1|Dracozolt|
|poke|p2|Bisharp, M|
|poke|p2|Kommo-o, F|
|poke|p2|Mew|
|poke|p2|Clefable, M|
|poke|p2|Hawlucha, M|
|poke|p2|Aegislash, F|
|rule|Dynamax Clause: You cannot dynamax
|teampreview
|c|☆priparap|glhf
|j| King Kekler
|c|☆T.B Qc|ty you too:)
|
|start
|switch|p1a: Corsola|Corsola-Galar, M|100/100
|switch|p2a: Mew|Mew|100/100
|turn|1
|
|switch|p1a: Hatterene|Hatterene, F|100/100
|move|p2a: Mew|Taunt|p1a: Hatterene
|move|p1a: Hatterene|Taunt|p2a: Mew|[from]Magic Bounce
|-start|p2a: Mew|move: Taunt
|
|upkeep
|turn|2
|
|move|p2a: Mew|Gunk Shot|p1a: Hatterene
|-supereffective|p1a: Hatterene
|-damage|p1a: Hatterene|39/100
|move|p1a: Hatterene|Mystical Fire|p2a: Mew
|-damage|p2a: Mew|74/100
|-unboost|p2a: Mew|spa|1
|-enditem|p2a: Mew|Red Card|[of] p1a: Hatterene
|drag|p1a: Sylveon|Sylveon, F|100/100
|
|upkeep
|turn|3
|
|switch|p1a: Dracozolt|Dracozolt|100/100
|move|p2a: Mew|Gunk Shot|p1a: Dracozolt
|-damage|p1a: Dracozolt|71/100
|
|-heal|p1a: Dracozolt|77/100|[from] item: Leftovers
|upkeep
|turn|4
|
|move|p2a: Mew|Gunk Shot|p1a: Dracozolt
|-damage|p1a: Dracozolt|46/100
|move|p1a: Dracozolt|Bolt Beak|p2a: Mew
|-damage|p2a: Mew|23/100
|
|-heal|p1a: Dracozolt|52/100|[from] item: Leftovers
|-end|p2a: Mew|move: Taunt
|upkeep
|turn|5
|
|switch|p1a: Hatterene|Hatterene, F|39/100
|move|p2a: Mew|Stealth Rock|p1a: Hatterene
|move|p1a: Hatterene|Stealth Rock|p2a: Mew|[from]Magic Bounce
|-sidestart|p2: priparap|move: Stealth Rock
|
|-heal|p1a: Hatterene|45/100|[from] item: Leftovers
|upkeep
|turn|6
|
|switch|p1a: Ferrothorn|Ferrothorn, F|100/100
|move|p2a: Mew|Stealth Rock|p1a: Ferrothorn
|-sidestart|p1: T.B Qc|move: Stealth Rock
|
|upkeep
|turn|7
|
|move|p2a: Mew|Taunt|p1a: Ferrothorn
|-start|p1a: Ferrothorn|move: Taunt
|cant|p1a: Ferrothorn|move: Taunt|Spikes
|
|upkeep
|turn|8
|
|switch|p1a: Hatterene|Hatterene, F|45/100
|-damage|p1a: Hatterene|33/100|[from] Stealth Rock
|move|p2a: Mew|Spikes|p1a: Hatterene
|move|p1a: Hatterene|Spikes|p2a: Mew|[from]Magic Bounce
|-sidestart|p2: priparap|Spikes
|
|-heal|p1a: Hatterene|39/100|[from] item: Leftovers
|upkeep
|turn|9
|
|move|p2a: Mew|Gunk Shot|p1a: Hatterene
|-supereffective|p1a: Hatterene
|-damage|p1a: Hatterene|0 fnt
|faint|p1a: Hatterene
|
|upkeep
|
|switch|p1a: Ferrothorn|Ferrothorn, F|100/100
|-damage|p1a: Ferrothorn|94/100|[from] Stealth Rock
|turn|10
|
|move|p2a: Mew|Spikes|p1a: Ferrothorn
|-sidestart|p1: T.B Qc|Spikes
|move|p1a: Ferrothorn|Iron Head|p2a: Mew
|-damage|p2a: Mew|0 fnt
|faint|p2a: Mew
|
|-heal|p1a: Ferrothorn|100/100|[from] item: Leftovers
|upkeep
|
|switch|p2a: Clefable|Clefable, M|100/100
|turn|11
|
|switch|p1a: Sylveon|Sylveon, F|100/100
|-damage|p1a: Sylveon|88/100|[from] Spikes
|-damage|p1a: Sylveon|76/100|[from] Stealth Rock
|move|p2a: Clefable|Flamethrower|p1a: Sylveon
|-damage|p1a: Sylveon|56/100
|
|-heal|p1a: Sylveon|62/100|[from] item: Leftovers
|upkeep
|turn|12
|
|switch|p2a: Aegislash|Aegislash, F|100/100
|-damage|p2a: Aegislash|94/100|[from] Stealth Rock
|-damage|p2a: Aegislash|82/100|[from] Spikes
|move|p1a: Sylveon|Wish|p1a: Sylveon
|
|-heal|p1a: Sylveon|68/100|[from] item: Leftovers
|upkeep
|turn|13
|
|switch|p1a: Dracozolt|Dracozolt|52/100
|-damage|p1a: Dracozolt|39/100|[from] Spikes
|-damage|p1a: Dracozolt|27/100|[from] Stealth Rock
|-formechange|p2a: Aegislash|Aegislash-Blade||[from] ability: Stance Change
|move|p2a: Aegislash|Shadow Claw|p1a: Dracozolt
|-damage|p1a: Dracozolt|0 fnt
|faint|p1a: Dracozolt
|
|upkeep
|
|switch|p1a: Ferrothorn|Ferrothorn, F|100/100
|-damage|p1a: Ferrothorn|88/100|[from] Spikes
|-damage|p1a: Ferrothorn|82/100|[from] Stealth Rock
|turn|14
|
|switch|p2a: Hawlucha|Hawlucha, M|100/100
|-damage|p2a: Hawlucha|88/100|[from] Stealth Rock
|move|p1a: Ferrothorn|Leech Seed|p2a: Hawlucha
|-start|p2a: Hawlucha|move: Leech Seed
|
|-heal|p1a: Ferrothorn|88/100|[from] item: Leftovers
|-damage|p2a: Hawlucha|76/100|[from] Leech Seed|[of] p1a: Ferrothorn
|-heal|p1a: Ferrothorn|99/100|[silent]
|upkeep
|turn|15
|
|switch|p2a: Kommo-o|Kommo-o, F|100/100
|-damage|p2a: Kommo-o|94/100|[from] Stealth Rock
|-damage|p2a: Kommo-o|82/100|[from] Spikes
|move|p1a: Ferrothorn|Spikes|p2a: Kommo-o
|-sidestart|p2: priparap|Spikes
|
|-heal|p1a: Ferrothorn|100/100|[from] item: Leftovers
|upkeep
|turn|16
|
|move|p2a: Kommo-o|Clangorous Soul|p2a: Kommo-o
|-boost|p2a: Kommo-o|atk|1
|-boost|p2a: Kommo-o|def|1
|-boost|p2a: Kommo-o|spa|1
|-boost|p2a: Kommo-o|spd|1
|-boost|p2a: Kommo-o|spe|1
|-damage|p2a: Kommo-o|49/100
|-enditem|p2a: Kommo-o|Throat Spray
|-boost|p2a: Kommo-o|spa|1
|move|p1a: Ferrothorn|Leech Seed|p2a: Kommo-o
|-start|p2a: Kommo-o|move: Leech Seed
|
|-damage|p2a: Kommo-o|36/100|[from] Leech Seed|[of] p1a: Ferrothorn
|upkeep
|turn|17
|
|move|p1a: Ferrothorn|Protect|p1a: Ferrothorn
|-singleturn|p1a: Ferrothorn|Protect
|move|p2a: Kommo-o|Flamethrower|p1a: Ferrothorn
|-activate|p1a: Ferrothorn|move: Protect
|
|-damage|p2a: Kommo-o|24/100|[from] Leech Seed|[of] p1a: Ferrothorn
|upkeep
|turn|18
|
|switch|p1a: Toxapex|Toxapex, F|100/100
|-damage|p1a: Toxapex|88/100|[from] Spikes
|-damage|p1a: Toxapex|75/100|[from] Stealth Rock
|move|p2a: Kommo-o|Flamethrower|p1a: Toxapex
|-resisted|p1a: Toxapex
|-damage|p1a: Toxapex|59/100
|
|-heal|p1a: Toxapex|66/100|[from] item: Black Sludge
|-damage|p2a: Kommo-o|11/100|[from] Leech Seed|[of] p1a: Toxapex
|-heal|p1a: Toxapex|77/100|[silent]
|upkeep
|turn|19
|
|move|p2a: Kommo-o|Clanging Scales|p1a: Toxapex
|-damage|p1a: Toxapex|13/100
|-unboost|p2a: Kommo-o|def|1
|move|p1a: Toxapex|Recover|p1a: Toxapex
|-heal|p1a: Toxapex|63/100
|
|-heal|p1a: Toxapex|69/100|[from] item: Black Sludge
|-damage|p2a: Kommo-o|0 fnt|[from] Leech Seed|[of] p1a: Toxapex
|-heal|p1a: Toxapex|80/100|[silent]
|faint|p2a: Kommo-o
|upkeep
|
|switch|p2a: Clefable|Clefable, M|100/100
|turn|20
|
|move|p1a: Toxapex|Baneful Bunker|p1a: Toxapex
|-singleturn|p1a: Toxapex|move: Protect
|move|p2a: Clefable|Psychic|p1a: Toxapex
|-activate|p1a: Toxapex|move: Protect
|
|-heal|p1a: Toxapex|86/100|[from] item: Black Sludge
|upkeep
|turn|21
|
|move|p2a: Clefable|Psychic|p1a: Toxapex
|-supereffective|p1a: Toxapex
|-damage|p1a: Toxapex|43/100
|move|p1a: Toxapex|Scald|p2a: Clefable
|-damage|p2a: Clefable|83/100
|-status|p2a: Clefable|brn
|
|-heal|p1a: Toxapex|50/100|[from] item: Black Sludge
|upkeep
|turn|22
|
|move|p1a: Toxapex|Baneful Bunker|p1a: Toxapex
|-singleturn|p1a: Toxapex|move: Protect
|move|p2a: Clefable|Psychic|p1a: Toxapex
|-activate|p1a: Toxapex|move: Protect
|
|-heal|p1a: Toxapex|56/100|[from] item: Black Sludge
|upkeep
|turn|23
|l| King Kekler
|
|move|p2a: Clefable|Psychic|p1a: Toxapex
|-supereffective|p1a: Toxapex
|-damage|p1a: Toxapex|8/100
|move|p1a: Toxapex|Recover|p1a: Toxapex
|-heal|p1a: Toxapex|58/100
|
|-heal|p1a: Toxapex|64/100|[from] item: Black Sludge
|upkeep
|turn|24
|
|move|p1a: Toxapex|Baneful Bunker|p1a: Toxapex
|-singleturn|p1a: Toxapex|move: Protect
|move|p2a: Clefable|Psychic|p1a: Toxapex
|-activate|p1a: Toxapex|move: Protect
|
|-heal|p1a: Toxapex|70/100|[from] item: Black Sludge
|upkeep
|turn|25
|
|move|p2a: Clefable|Psychic|p1a: Toxapex
|-supereffective|p1a: Toxapex
|-damage|p1a: Toxapex|22/100
|move|p1a: Toxapex|Recover|p1a: Toxapex
|-heal|p1a: Toxapex|72/100
|
|-heal|p1a: Toxapex|78/100|[from] item: Black Sludge
|upkeep
|turn|26
|
|move|p1a: Toxapex|Baneful Bunker|p1a: Toxapex
|-singleturn|p1a: Toxapex|move: Protect
|move|p2a: Clefable|Flamethrower|p1a: Toxapex
|-activate|p1a: Toxapex|move: Protect
|
|-heal|p1a: Toxapex|84/100|[from] item: Black Sludge
|upkeep
|turn|27
|
|move|p2a: Clefable|Psychic|p1a: Toxapex
|-supereffective|p1a: Toxapex
|-damage|p1a: Toxapex|37/100
|move|p1a: Toxapex|Recover|p1a: Toxapex
|-heal|p1a: Toxapex|87/100
|
|-heal|p1a: Toxapex|93/100|[from] item: Black Sludge
|upkeep
|turn|28
|
|move|p2a: Clefable|Flamethrower|p1a: Toxapex
|-resisted|p1a: Toxapex
|-damage|p1a: Toxapex|82/100
|move|p1a: Toxapex|Scald|p2a: Clefable
|-damage|p2a: Clefable|67/100 brn
|
|-heal|p1a: Toxapex|88/100|[from] item: Black Sludge
|upkeep
|turn|29
|
|move|p1a: Toxapex|Baneful Bunker|p1a: Toxapex
|-singleturn|p1a: Toxapex|move: Protect
|move|p2a: Clefable|Flamethrower|p1a: Toxapex
|-activate|p1a: Toxapex|move: Protect
|
|-heal|p1a: Toxapex|95/100|[from] item: Black Sludge
|upkeep
|turn|30
|
|move|p2a: Clefable|Psychic|p1a: Toxapex
|-supereffective|p1a: Toxapex
|-damage|p1a: Toxapex|46/100
|move|p1a: Toxapex|Recover|p1a: Toxapex
|-heal|p1a: Toxapex|96/100
|
|-heal|p1a: Toxapex|100/100|[from] item: Black Sludge
|upkeep
|turn|31
|
|move|p2a: Clefable|Psychic|p1a: Toxapex
|-supereffective|p1a: Toxapex
|-damage|p1a: Toxapex|57/100
|move|p1a: Toxapex|Scald|p2a: Clefable
|-damage|p2a: Clefable|51/100 brn
|
|-heal|p1a: Toxapex|63/100|[from] item: Black Sludge
|upkeep
|turn|32
|
|move|p2a: Clefable|Moonlight|p2a: Clefable
|-heal|p2a: Clefable|100/100 brn
|move|p1a: Toxapex|Recover|p1a: Toxapex
|-heal|p1a: Toxapex|100/100
|
|upkeep
|turn|33
|
|move|p2a: Clefable|Flamethrower|p1a: Toxapex
|-resisted|p1a: Toxapex
|-damage|p1a: Toxapex|90/100
|move|p1a: Toxapex|Scald|p2a: Clefable
|-damage|p2a: Clefable|84/100 brn
|
|-heal|p1a: Toxapex|96/100|[from] item: Black Sludge
|upkeep
|turn|34
|
|move|p2a: Clefable|Flamethrower|p1a: Toxapex
|-resisted|p1a: Toxapex
|-damage|p1a: Toxapex|84/100
|move|p1a: Toxapex|Scald|p2a: Clefable
|-damage|p2a: Clefable|67/100 brn
|
|-heal|p1a: Toxapex|91/100|[from] item: Black Sludge
|upkeep
|turn|35
|
|move|p2a: Clefable|Psychic|p1a: Toxapex
|-supereffective|p1a: Toxapex
|-damage|p1a: Toxapex|44/100
|move|p1a: Toxapex|Scald|p2a: Clefable
|-damage|p2a: Clefable|51/100 brn
|
|-heal|p1a: Toxapex|50/100|[from] item: Black Sludge
|upkeep
|turn|36
|
|move|p1a: Toxapex|Baneful Bunker|p1a: Toxapex
|-singleturn|p1a: Toxapex|move: Protect
|move|p2a: Clefable|Flamethrower|p1a: Toxapex
|-activate|p1a: Toxapex|move: Protect
|
|-heal|p1a: Toxapex|56/100|[from] item: Black Sludge
|upkeep
|turn|37
|
|move|p2a: Clefable|Psychic|p1a: Toxapex
|-supereffective|p1a: Toxapex
|-damage|p1a: Toxapex|14/100
|move|p1a: Toxapex|Recover|p1a: Toxapex
|-heal|p1a: Toxapex|64/100
|
|-heal|p1a: Toxapex|71/100|[from] item: Black Sludge
|upkeep
|turn|38
|
|move|p1a: Toxapex|Baneful Bunker|p1a: Toxapex
|-singleturn|p1a: Toxapex|move: Protect
|move|p2a: Clefable|Flamethrower|p1a: Toxapex
|-activate|p1a: Toxapex|move: Protect
|
|-heal|p1a: Toxapex|77/100|[from] item: Black Sludge
|upkeep
|turn|39
|
|move|p2a: Clefable|Psychic|p1a: Toxapex
|-supereffective|p1a: Toxapex
|-damage|p1a: Toxapex|34/100
|move|p1a: Toxapex|Recover|p1a: Toxapex
|-heal|p1a: Toxapex|84/100
|
|-heal|p1a: Toxapex|90/100|[from] item: Black Sludge
|upkeep
|turn|40
|
|move|p2a: Clefable|Flamethrower|p1a: Toxapex
|-resisted|p1a: Toxapex
|-damage|p1a: Toxapex|80/100
|move|p1a: Toxapex|Scald|p2a: Clefable
|-damage|p2a: Clefable|34/100 brn
|
|-heal|p1a: Toxapex|86/100|[from] item: Black Sludge
|upkeep
|turn|41
|
|move|p2a: Clefable|Moonlight|p2a: Clefable
|-heal|p2a: Clefable|84/100 brn
|move|p1a: Toxapex|Scald|p2a: Clefable
|-damage|p2a: Clefable|67/100 brn
|
|-heal|p1a: Toxapex|92/100|[from] item: Black Sludge
|upkeep
|turn|42
|
|move|p2a: Clefable|Flamethrower|p1a: Toxapex
|-resisted|p1a: Toxapex
|-damage|p1a: Toxapex|81/100
|-status|p1a: Toxapex|brn
|move|p1a: Toxapex|Scald|p2a: Clefable
|-damage|p2a: Clefable|51/100 brn
|
|-heal|p1a: Toxapex|87/100 brn|[from] item: Black Sludge
|-damage|p1a: Toxapex|81/100 brn|[from] brn
|upkeep
|turn|43
|
|move|p2a: Clefable|Moonlight|p2a: Clefable
|-heal|p2a: Clefable|100/100 brn
|move|p1a: Toxapex|Recover|p1a: Toxapex
|-heal|p1a: Toxapex|100/100 brn
|
|-damage|p1a: Toxapex|94/100 brn|[from] brn
|upkeep
|turn|44
|
|move|p1a: Toxapex|Baneful Bunker|p1a: Toxapex
|-singleturn|p1a: Toxapex|move: Protect
|move|p2a: Clefable|Moonblast|p1a: Toxapex
|-activate|p1a: Toxapex|move: Protect
|
|-heal|p1a: Toxapex|100/100 brn|[from] item: Black Sludge
|-damage|p1a: Toxapex|94/100 brn|[from] brn
|upkeep
|turn|45
|
|move|p2a: Clefable|Psychic|p1a: Toxapex
|-supereffective|p1a: Toxapex
|-damage|p1a: Toxapex|51/100 brn
|move|p1a: Toxapex|Recover|p1a: Toxapex
|-heal|p1a: Toxapex|100/100 brn
|
|-damage|p1a: Toxapex|94/100 brn|[from] brn
|upkeep
|turn|46
|
|move|p2a: Clefable|Moonblast|p1a: Toxapex
|-resisted|p1a: Toxapex
|-damage|p1a: Toxapex|77/100 brn
|move|p1a: Toxapex|Scald|p2a: Clefable
|-damage|p2a: Clefable|85/100 brn
|
|-heal|p1a: Toxapex|83/100 brn|[from] item: Black Sludge
|-damage|p1a: Toxapex|77/100 brn|[from] brn
|upkeep
|turn|47
|
|move|p2a: Clefable|Moonblast|p1a: Toxapex
|-resisted|p1a: Toxapex
|-damage|p1a: Toxapex|58/100 brn
|move|p1a: Toxapex|Scald|p2a: Clefable
|-damage|p2a: Clefable|69/100 brn
|
|-heal|p1a: Toxapex|65/100 brn|[from] item: Black Sludge
|-damage|p1a: Toxapex|58/100 brn|[from] brn
|upkeep
|turn|48
|
|move|p2a: Clefable|Psychic|p1a: Toxapex
|-supereffective|p1a: Toxapex
|-damage|p1a: Toxapex|10/100 brn
|move|p1a: Toxapex|Recover|p1a: Toxapex
|-heal|p1a: Toxapex|60/100 brn
|
|-heal|p1a: Toxapex|67/100 brn|[from] item: Black Sludge
|-damage|p1a: Toxapex|60/100 brn|[from] brn
|upkeep
|turn|49
|
|move|p2a: Clefable|Moonblast|p1a: Toxapex
|-resisted|p1a: Toxapex
|-damage|p1a: Toxapex|41/100 brn
|move|p1a: Toxapex|Recover|p1a: Toxapex
|-heal|p1a: Toxapex|91/100 brn
|
|-heal|p1a: Toxapex|97/100 brn|[from] item: Black Sludge
|-damage|p1a: Toxapex|91/100 brn|[from] brn
|upkeep
|turn|50
|
|move|p2a: Clefable|Psychic|p1a: Toxapex
|-supereffective|p1a: Toxapex
|-damage|p1a: Toxapex|46/100 brn
|move|p1a: Toxapex|Scald|p2a: Clefable
|-damage|p2a: Clefable|52/100 brn
|
|-heal|p1a: Toxapex|52/100 brn|[from] item: Black Sludge
|-damage|p1a: Toxapex|46/100 brn|[from] brn
|upkeep
|turn|51
|
|move|p2a: Clefable|Psychic|p1a: Toxapex
|-supereffective|p1a: Toxapex
|-crit|p1a: Toxapex
|-damage|p1a: Toxapex|0 fnt
|faint|p1a: Toxapex
|
|upkeep
|
|switch|p1a: Sylveon|Sylveon, F|68/100
|-damage|p1a: Sylveon|56/100|[from] Spikes
|-damage|p1a: Sylveon|43/100|[from] Stealth Rock
|turn|52
|
|switch|p2a: Aegislash|Aegislash, F|82/100
|-damage|p2a: Aegislash|66/100|[from] Spikes
|-damage|p2a: Aegislash|60/100|[from] Stealth Rock
|move|p1a: Sylveon|Wish|p1a: Sylveon
|
|-heal|p1a: Sylveon|49/100|[from] item: Leftovers
|upkeep
|turn|53
|
|move|p1a: Sylveon|Protect|p1a: Sylveon
|-singleturn|p1a: Sylveon|Protect
|-formechange|p2a: Aegislash|Aegislash-Blade||[from] ability: Stance Change
|move|p2a: Aegislash|Shadow Claw|p1a: Sylveon
|-activate|p1a: Sylveon|move: Protect
|
|-heal|p1a: Sylveon|99/100|[from] move: Wish|[wisher] Sylveon
|-heal|p1a: Sylveon|100/100|[from] item: Leftovers
|upkeep
|turn|54
|
|switch|p1a: Ferrothorn|Ferrothorn, F|100/100
|-damage|p1a: Ferrothorn|94/100|[from] Stealth Rock
|-damage|p1a: Ferrothorn|82/100|[from] Spikes
|move|p2a: Aegislash|Shadow Claw|p1a: Ferrothorn
|-damage|p1a: Ferrothorn|45/100
|-damage|p2a: Aegislash|47/100|[from] ability: Iron Barbs|[of] p1a: Ferrothorn
|
|-heal|p1a: Ferrothorn|51/100|[from] item: Leftovers
|upkeep
|turn|55
|
|switch|p2a: Hawlucha|Hawlucha, M|76/100
|-damage|p2a: Hawlucha|63/100|[from] Stealth Rock
|move|p1a: Ferrothorn|Iron Head|p2a: Hawlucha
|-damage|p2a: Hawlucha|25/100
|
|-heal|p1a: Ferrothorn|57/100|[from] item: Leftovers
|upkeep
|turn|56
|
|switch|p1a: Corsola|Corsola-Galar, M|100/100
|-damage|p1a: Corsola|88/100|[from] Stealth Rock
|-damage|p1a: Corsola|76/100|[from] Spikes
|move|p2a: Hawlucha|Close Combat|p1a: Corsola
|-immune|p1a: Corsola
|
|upkeep
|turn|57
|
|switch|p2a: Clefable|Clefable, M|52/100 brn
|move|p1a: Corsola|Strength Sap|p2a: Clefable
|-unboost|p2a: Clefable|atk|1
|-heal|p1a: Corsola|100/100
|
|upkeep
|turn|58
|
|switch|p1a: Sylveon|Sylveon, F|100/100
|-damage|p1a: Sylveon|88/100|[from] Spikes
|-damage|p1a: Sylveon|76/100|[from] Stealth Rock
|move|p2a: Clefable|Moonlight|p2a: Clefable
|-heal|p2a: Clefable|100/100 brn
|
|-heal|p1a: Sylveon|82/100|[from] item: Leftovers
|upkeep
|turn|59
|
|switch|p2a: Hawlucha|Hawlucha, M|25/100
|-damage|p2a: Hawlucha|13/100|[from] Stealth Rock
|move|p1a: Sylveon|Hyper Voice|p2a: Hawlucha
|-supereffective|p2a: Hawlucha
|-damage|p2a: Hawlucha|0 fnt
|faint|p2a: Hawlucha
|
|-heal|p1a: Sylveon|88/100|[from] item: Leftovers
|upkeep
|
|switch|p2a: Aegislash|Aegislash, F|47/100
|-damage|p2a: Aegislash|41/100|[from] Stealth Rock
|-damage|p2a: Aegislash|25/100|[from] Spikes
|turn|60
|
|move|p1a: Sylveon|Protect|p1a: Sylveon
|-singleturn|p1a: Sylveon|Protect
|-formechange|p2a: Aegislash|Aegislash-Blade||[from] ability: Stance Change
|move|p2a: Aegislash|Shadow Claw|p1a: Sylveon
|-activate|p1a: Sylveon|move: Protect
|
|-heal|p1a: Sylveon|94/100|[from] item: Leftovers
|upkeep
|turn|61
|
|move|p2a: Aegislash|Shadow Claw|p1a: Sylveon
|-damage|p1a: Sylveon|9/100
|move|p1a: Sylveon|Wish|p1a: Sylveon
|
|-heal|p1a: Sylveon|15/100|[from] item: Leftovers
|upkeep
|turn|62
|
|switch|p1a: Ferrothorn|Ferrothorn, F|57/100
|-damage|p1a: Ferrothorn|45/100|[from] Spikes
|-damage|p1a: Ferrothorn|39/100|[from] Stealth Rock
|move|p2a: Aegislash|Shadow Claw|p1a: Ferrothorn
|-damage|p1a: Ferrothorn|1/100
|-damage|p2a: Aegislash|12/100|[from] ability: Iron Barbs|[of] p1a: Ferrothorn
|
|-heal|p1a: Ferrothorn|57/100|[from] move: Wish|[wisher] Sylveon
|-heal|p1a: Ferrothorn|63/100|[from] item: Leftovers
|upkeep
|turn|63
|
|move|p1a: Ferrothorn|Protect|p1a: Ferrothorn
|-singleturn|p1a: Ferrothorn|Protect
|move|p2a: Aegislash|Shadow Claw|p1a: Ferrothorn
|-activate|p1a: Ferrothorn|move: Protect
|
|-heal|p1a: Ferrothorn|70/100|[from] item: Leftovers
|upkeep
|turn|64
|
|move|p2a: Aegislash|Shadow Claw|p1a: Ferrothorn
|-damage|p1a: Ferrothorn|33/100
|-damage|p2a: Aegislash|0 fnt|[from] ability: Iron Barbs|[of] p1a: Ferrothorn
|faint|p2a: Aegislash
|move|p1a: Ferrothorn|Leech Seed|p2: Aegislash|[notarget]
|-fail|p1a: Ferrothorn
|
|-heal|p1a: Ferrothorn|39/100|[from] item: Leftovers
|upkeep
|
|switch|p2a: Clefable|Clefable, M|100/100 brn
|turn|65
|
|switch|p1a: Sylveon|Sylveon, F|15/100
|-damage|p1a: Sylveon|3/100|[from] Spikes
|-damage|p1a: Sylveon|0 fnt|[from] Stealth Rock
|faint|p1a: Sylveon
|move|p2a: Clefable|Flamethrower|p1: Sylveon|[notarget]
|-fail|p2a: Clefable
|
|upkeep
|
|switch|p1a: Corsola|Corsola-Galar, M|100/100
|-damage|p1a: Corsola|88/100|[from] Stealth Rock
|-damage|p1a: Corsola|76/100|[from] Spikes
|turn|66
|-message|T.B Qc forfeited.
|
|win|priparap
|l|☆T.B Qc
|raw|T.B Qc's rating: 1804 → 1773(-31 for losing)
|raw|priparap's rating: 1575 → 1606(+31 for winning)
