|ScrapeTime|2020-01-02-03:02:29
|j|☆4G3NC Benita Lord
|j|☆NutjobGreta
|player|p1|4G3NC Benita Lord|1|1454
|player|p2|NutjobGreta|steven|1440
|teamsize|p1|6
|teamsize|p2|6
|gametype|singles
|gen|8
|tier|[Gen 8] OU
|rated|
|rule|Sleep Clause Mod: Limit one foe put to sleep
|rule|Species Clause: Limit one of each Pokémon
|rule|OHKO Clause: OHKO moves are banned
|rule|Evasion Moves Clause: Evasion moves are banned
|rule|Endless Battle Clause: Forcing endless battles is banned
|rule|HP Percentage Mod: HP is shown in percentages
|clearpoke
|poke|p1|Dracovish|
|poke|p1|Pelipper, F|
|poke|p1|Ferrothorn, F|
|poke|p1|Drednaw, M|
|poke|p1|Excadrill, M|
|poke|p1|Mantine, F|
|poke|p2|Dragapult, F|
|poke|p2|Excadrill, F|
|poke|p2|Seismitoad, M|
|poke|p2|Quagsire, F|
|poke|p2|Sylveon, M|
|poke|p2|Corviknight, M|
|rule|Dynamax Clause: You cannot dynamax
|teampreview
|inactive|Battle timer is ON: inactive players will automatically lose when time's up. (requested by 4G3NC Benita Lord)
|inactive|NutjobGreta also wants the timer to be on.
|
|start
|switch|p1a: Excadrill|Excadrill, M|100/100
|switch|p2a: Dragapult|Dragapult, F|100/100
|-ability|p1a: Excadrill|Mold Breaker
|turn|1
|
|move|p1a: Excadrill|Earthquake|p2a: Dragapult
|-damage|p2a: Dragapult|33/100
|move|p2a: Dragapult|Fire Blast|p1a: Excadrill
|-supereffective|p1a: Excadrill
|-damage|p1a: Excadrill|0 fnt
|-damage|p2a: Dragapult|24/100|[from] item: Life Orb
|faint|p1a: Excadrill
|
|upkeep
|
|switch|p1a: Pelipper|Pelipper, F|100/100
|-weather|RainDance|[from] ability: Drizzle|[of] p1a: Pelipper
|turn|2
|c|☆NutjobGreta|scarf lol
|
|move|p2a: Dragapult|Shadow Ball|p1a: Pelipper
|-damage|p1a: Pelipper|31/100
|-damage|p2a: Dragapult|14/100|[from] item: Life Orb
|move|p1a: Pelipper|Knock Off|p2a: Dragapult
|-supereffective|p2a: Dragapult
|-damage|p2a: Dragapult|0 fnt
|-enditem|p2a: Dragapult|Life Orb|[from] move: Knock Off|[of] p1a: Pelipper
|faint|p2a: Dragapult
|
|-weather|RainDance|[upkeep]
|upkeep
|
|switch|p2a: Sylveon|Sylveon, M|100/100
|turn|3
|
|move|p1a: Pelipper|U-turn|p2a: Sylveon
|-resisted|p2a: Sylveon
|-damage|p2a: Sylveon|98/100
|
|switch|p1a: Ferrothorn|Ferrothorn, F|100/100|[from]move: U-turn
|move|p2a: Sylveon|Calm Mind|p2a: Sylveon
|-boost|p2a: Sylveon|spa|1
|-boost|p2a: Sylveon|spd|1
|
|-weather|RainDance|[upkeep]
|-heal|p2a: Sylveon|100/100|[from] item: Leftovers
|upkeep
|turn|4
|
|switch|p1a: Dracovish|Dracovish|100/100
|move|p2a: Sylveon|Calm Mind|p2a: Sylveon
|-boost|p2a: Sylveon|spa|1
|-boost|p2a: Sylveon|spd|1
|
|-weather|RainDance|[upkeep]
|upkeep
|turn|5
|
|switch|p1a: Ferrothorn|Ferrothorn, F|100/100
|switch|p2a: Seismitoad|Seismitoad, M|100/100
|
|-weather|RainDance|[upkeep]
|upkeep
|turn|6
|
|move|p2a: Seismitoad|Scald|p1a: Ferrothorn
|-resisted|p1a: Ferrothorn
|-damage|p1a: Ferrothorn|87/100
|move|p1a: Ferrothorn|Leech Seed|p2a: Seismitoad
|-start|p2a: Seismitoad|move: Leech Seed
|
|-weather|RainDance|[upkeep]
|-heal|p1a: Ferrothorn|93/100|[from] item: Leftovers
|-damage|p2a: Seismitoad|88/100|[from] Leech Seed|[of] p1a: Ferrothorn
|-heal|p1a: Ferrothorn|100/100|[silent]
|upkeep
|turn|7
|-message|NutjobGreta forfeited.
|
|win|4G3NC Benita Lord
|l|☆NutjobGreta
|raw|4G3NC Benita Lord's rating: 1454 → 1472(+18 for winning)
|raw|NutjobGreta's rating: 1418 → 1400(-18 for losing)
|c|☆4G3NC Benita Lord|HAHA NOOB U LOST TO SCARF EXCA
