|ScrapeTime|2020-01-01-06:55:41
|j|☆Lance1217
|j|☆uriah.urgelia1999
|player|p1|Lance1217|102|1142
|player|p2|uriah.urgelia1999|265|1114
|teamsize|p1|6
|teamsize|p2|6
|gametype|singles
|gen|8
|tier|[Gen 8] OU
|rated|
|rule|Sleep Clause Mod: Limit one foe put to sleep
|rule|Species Clause: Limit one of each Pokémon
|rule|OHKO Clause: OHKO moves are banned
|rule|Evasion Moves Clause: Evasion moves are banned
|rule|Endless Battle Clause: Forcing endless battles is banned
|rule|HP Percentage Mod: HP is shown in percentages
|clearpoke
|poke|p1|Toxapex, M|
|poke|p1|Ferrothorn, F|
|poke|p1|Cloyster, M|
|poke|p1|Hydreigon, M|
|poke|p1|Goodra, M|
|poke|p1|Excadrill, M|
|poke|p2|Clefable, M|
|poke|p2|Sigilyph, F|
|poke|p2|Boltund, M|
|poke|p2|Dragapult, M|
|poke|p2|Gastrodon, F|
|poke|p2|Ferrothorn, F|
|rule|Dynamax Clause: You cannot dynamax
|teampreview
|
|start
|switch|p1a: Goodra|Goodra, M|100/100
|switch|p2a: Boltund|Boltund, M|100/100
|turn|1
|
|move|p2a: Boltund|Volt Switch|p1a: Goodra
|-resisted|p1a: Goodra
|-damage|p1a: Goodra|97/100
|
|switch|p2a: Clefable|Clefable, M|100/100|[from]move: Volt Switch
|move|p1a: Goodra|Sludge Wave|p2a: Clefable
|-supereffective|p2a: Clefable
|-damage|p2a: Clefable|46/100
|
|upkeep
|turn|2
|
|move|p1a: Goodra|Sludge Wave|p2a: Clefable
|-supereffective|p2a: Clefable
|-damage|p2a: Clefable|0 fnt
|faint|p2a: Clefable
|
|upkeep
|
|switch|p2a: Dragapult|Dragapult, M|100/100
|turn|3
|
|switch|p1a: Toxapex|Toxapex, M|100/100
|move|p2a: Dragapult|Dragon Darts|p1a: Toxapex
|-damage|p1a: Toxapex|86/100
|-damage|p1a: Toxapex|72/100
|-hitcount|p1a: Toxapex|2
|
|-heal|p1a: Toxapex|78/100|[from] item: Black Sludge
|upkeep
|turn|4
|
|switch|p2a: Gastrodon|Gastrodon, F|100/100
|move|p1a: Toxapex|Toxic|p2a: Gastrodon
|-status|p2a: Gastrodon|tox
|
|-heal|p1a: Toxapex|84/100|[from] item: Black Sludge
|-damage|p2a: Gastrodon|94/100 tox|[from] psn
|upkeep
|turn|5
|
|switch|p2a: Sigilyph|Sigilyph, F|100/100
|move|p1a: Toxapex|Baneful Bunker||[still]
|-fail|p1a: Toxapex
|
|-heal|p1a: Toxapex|90/100|[from] item: Black Sludge
|upkeep
|turn|6
|
|switch|p1a: Goodra|Goodra, M|97/100
|move|p2a: Sigilyph|Tailwind|p2a: Sigilyph
|-sidestart|p2: uriah.urgelia1999|move: Tailwind
|
|upkeep
|turn|7
|
|switch|p2a: Gastrodon|Gastrodon, F|94/100 tox
|move|p1a: Goodra|Ice Beam|p2a: Gastrodon
|-damage|p2a: Gastrodon|77/100 tox
|
|-heal|p2a: Gastrodon|84/100 tox|[from] item: Leftovers
|-damage|p2a: Gastrodon|77/100 tox|[from] psn
|upkeep
|turn|8
|
|switch|p1a: Toxapex|Toxapex, M|100/100
|move|p2a: Gastrodon|Recover|p2a: Gastrodon
|-heal|p2a: Gastrodon|100/100 tox
|
|-damage|p2a: Gastrodon|88/100 tox|[from] psn
|upkeep
|turn|9
|
|move|p2a: Gastrodon|Earth Power|p1a: Toxapex
|-supereffective|p1a: Toxapex
|-damage|p1a: Toxapex|49/100
|move|p1a: Toxapex|Scald|p2a: Gastrodon
|-ability|p2a: Gastrodon|Storm Drain|boost
|-boost|p2a: Gastrodon|spa|1
|
|-heal|p2a: Gastrodon|94/100 tox|[from] item: Leftovers
|-heal|p1a: Toxapex|55/100|[from] item: Black Sludge
|-damage|p2a: Gastrodon|76/100 tox|[from] psn
|-sideend|p2: uriah.urgelia1999|move: Tailwind
|upkeep
|turn|10
|
|switch|p2a: Dragapult|Dragapult, M|100/100
|move|p1a: Toxapex|Baneful Bunker||[still]
|-fail|p1a: Toxapex
|
|-heal|p1a: Toxapex|62/100|[from] item: Black Sludge
|upkeep
|turn|11
|
|move|p2a: Dragapult|U-turn|p1a: Toxapex
|-resisted|p1a: Toxapex
|-damage|p1a: Toxapex|55/100
|
|switch|p2a: Sigilyph|Sigilyph, F|100/100|[from]move: U-turn
|move|p1a: Toxapex|Toxic|p2a: Sigilyph
|-status|p2a: Sigilyph|tox
|
|-heal|p1a: Toxapex|61/100|[from] item: Black Sludge
|upkeep
|turn|12
|
|move|p1a: Toxapex|Baneful Bunker|p1a: Toxapex
|-singleturn|p1a: Toxapex|move: Protect
|move|p2a: Sigilyph|Psyshock|p1a: Toxapex
|-activate|p1a: Toxapex|move: Protect
|
|-heal|p1a: Toxapex|67/100|[from] item: Black Sludge
|upkeep
|turn|13
|
|switch|p2a: Dragapult|Dragapult, M|100/100
|switch|p1a: Hydreigon|Hydreigon, M|100/100
|
|upkeep
|turn|14
|
|switch|p1a: Toxapex|Toxapex, M|100/100
|move|p2a: Dragapult|U-turn|p1a: Toxapex
|-resisted|p1a: Toxapex
|-damage|p1a: Toxapex|93/100
|
|switch|p2a: Boltund|Boltund, M|100/100|[from]move: U-turn
|
|-heal|p1a: Toxapex|99/100|[from] item: Black Sludge
|upkeep
|turn|15
|
|switch|p1a: Ferrothorn|Ferrothorn, F|100/100
|move|p2a: Boltund|Volt Switch|p1a: Ferrothorn
|-resisted|p1a: Ferrothorn
|-damage|p1a: Ferrothorn|91/100
|
|switch|p2a: Ferrothorn|Ferrothorn, F|100/100|[from]move: Volt Switch
|
|upkeep
|turn|16
|
|move|p1a: Ferrothorn|Stealth Rock|p2a: Ferrothorn
|-sidestart|p2: uriah.urgelia1999|move: Stealth Rock
|move|p2a: Ferrothorn|Stealth Rock|p1a: Ferrothorn
|-sidestart|p1: Lance1217|move: Stealth Rock
|
|upkeep
|turn|17
|
|switch|p1a: Excadrill|Excadrill, M|100/100
|-damage|p1a: Excadrill|97/100|[from] Stealth Rock
|-ability|p1a: Excadrill|Mold Breaker
|move|p2a: Ferrothorn|Body Press|p1a: Excadrill
|-supereffective|p1a: Excadrill
|-damage|p1a: Excadrill|15/100
|
|upkeep
|turn|18
|
|move|p1a: Excadrill|Earthquake|p2a: Ferrothorn
|-damage|p2a: Ferrothorn|69/100
|move|p2a: Ferrothorn|Body Press|p1a: Excadrill
|-supereffective|p1a: Excadrill
|-damage|p1a: Excadrill|0 fnt
|faint|p1a: Excadrill
|
|upkeep
|
|switch|p1a: Hydreigon|Hydreigon, M|100/100
|-damage|p1a: Hydreigon|88/100|[from] Stealth Rock
|turn|19
|
|switch|p2a: Gastrodon|Gastrodon, F|76/100 tox
|-damage|p2a: Gastrodon|70/100 tox|[from] Stealth Rock
|move|p1a: Hydreigon|Draco Meteor|p2a: Gastrodon|[miss]
|-miss|p1a: Hydreigon|p2a: Gastrodon
|
|-heal|p2a: Gastrodon|76/100 tox|[from] item: Leftovers
|-damage|p2a: Gastrodon|70/100 tox|[from] psn
|upkeep
|turn|20
|
|move|p1a: Hydreigon|Draco Meteor|p2a: Gastrodon|[miss]
|-miss|p1a: Hydreigon|p2a: Gastrodon
|move|p2a: Gastrodon|Recover|p2a: Gastrodon
|-heal|p2a: Gastrodon|100/100 tox
|
|-damage|p2a: Gastrodon|88/100 tox|[from] psn
|upkeep
|turn|21
|
|move|p1a: Hydreigon|Draco Meteor|p2a: Gastrodon
|-damage|p2a: Gastrodon|26/100 tox
|-unboost|p1a: Hydreigon|spa|2
|move|p2a: Gastrodon|Scald|p1a: Hydreigon
|-resisted|p1a: Hydreigon
|-damage|p1a: Hydreigon|72/100
|
|-heal|p2a: Gastrodon|32/100 tox|[from] item: Leftovers
|-damage|p2a: Gastrodon|14/100 tox|[from] psn
|upkeep
|turn|22
|
|switch|p2a: Dragapult|Dragapult, M|100/100
|-damage|p2a: Dragapult|88/100|[from] Stealth Rock
|move|p1a: Hydreigon|Draco Meteor|p2a: Dragapult
|-supereffective|p2a: Dragapult
|-damage|p2a: Dragapult|0 fnt
|-unboost|p1a: Hydreigon|spa|2
|faint|p2a: Dragapult
|
|upkeep
|
|switch|p2a: Ferrothorn|Ferrothorn, F|69/100
|-damage|p2a: Ferrothorn|63/100|[from] Stealth Rock
|turn|23
|
|switch|p1a: Toxapex|Toxapex, M|100/100
|-damage|p1a: Toxapex|88/100|[from] Stealth Rock
|move|p2a: Ferrothorn|Body Press|p1a: Toxapex
|-resisted|p1a: Toxapex
|-damage|p1a: Toxapex|79/100
|
|-heal|p1a: Toxapex|85/100|[from] item: Black Sludge
|upkeep
|turn|24
|
|move|p1a: Toxapex|Scald|p2a: Ferrothorn
|-resisted|p2a: Ferrothorn
|-damage|p2a: Ferrothorn|55/100
|-status|p2a: Ferrothorn|brn
|move|p2a: Ferrothorn|Leech Seed|p1a: Toxapex
|-start|p1a: Toxapex|move: Leech Seed
|
|-heal|p1a: Toxapex|92/100|[from] item: Black Sludge
|-damage|p1a: Toxapex|79/100|[from] Leech Seed|[of] p2a: Ferrothorn
|-heal|p2a: Ferrothorn|66/100 brn|[silent]
|-damage|p2a: Ferrothorn|60/100 brn|[from] brn
|upkeep
|turn|25
|
|switch|p1a: Hydreigon|Hydreigon, M|72/100
|-damage|p1a: Hydreigon|60/100|[from] Stealth Rock
|switch|p2a: Gastrodon|Gastrodon, F|14/100 tox
|-damage|p2a: Gastrodon|8/100 tox|[from] Stealth Rock
|
|-heal|p2a: Gastrodon|14/100 tox|[from] item: Leftovers
|-damage|p2a: Gastrodon|8/100 tox|[from] psn
|upkeep
|turn|26
|
|move|p1a: Hydreigon|Flamethrower|p2a: Gastrodon
|-resisted|p2a: Gastrodon
|-crit|p2a: Gastrodon
|-damage|p2a: Gastrodon|0 fnt
|faint|p2a: Gastrodon
|
|upkeep
|
|switch|p2a: Boltund|Boltund, M|100/100
|turn|27
|
|move|p2a: Boltund|Nuzzle|p1a: Hydreigon
|-resisted|p1a: Hydreigon
|-damage|p1a: Hydreigon|56/100
|-status|p1a: Hydreigon|par
|cant|p1a: Hydreigon|par
|
|upkeep
|turn|28
|
|move|p2a: Boltund|Volt Switch|p1a: Hydreigon
|-resisted|p1a: Hydreigon
|-damage|p1a: Hydreigon|44/100 par
|
|switch|p2a: Ferrothorn|Ferrothorn, F|60/100 brn|[from]move: Volt Switch
|-damage|p2a: Ferrothorn|53/100 brn|[from] Stealth Rock
|move|p1a: Hydreigon|Flamethrower|p2a: Ferrothorn
|-supereffective|p2a: Ferrothorn
|-damage|p2a: Ferrothorn|0 fnt
|faint|p2a: Ferrothorn
|
|upkeep
|
|switch|p2a: Boltund|Boltund, M|100/100
|turn|29
|
|move|p2a: Boltund|Fire Fang|p1a: Hydreigon
|-resisted|p1a: Hydreigon
|-damage|p1a: Hydreigon|29/100 par
|move|p1a: Hydreigon|Flamethrower|p2a: Boltund
|-damage|p2a: Boltund|12/100
|
|upkeep
|turn|30
|
|move|p2a: Boltund|Fire Fang|p1a: Hydreigon
|-resisted|p1a: Hydreigon
|-damage|p1a: Hydreigon|15/100 par
|cant|p1a: Hydreigon|flinch
|
|upkeep
|turn|31
|
|move|p2a: Boltund|Fire Fang|p1a: Hydreigon
|-resisted|p1a: Hydreigon
|-damage|p1a: Hydreigon|0 fnt
|faint|p1a: Hydreigon
|
|upkeep
|
|switch|p1a: Toxapex|Toxapex, M|100/100
|-damage|p1a: Toxapex|88/100|[from] Stealth Rock
|turn|32
|
|move|p2a: Boltund|Volt Switch|p1a: Toxapex
|-supereffective|p1a: Toxapex
|-damage|p1a: Toxapex|50/100
|
|switch|p2a: Sigilyph|Sigilyph, F|100/100 tox|[from]move: Volt Switch
|move|p1a: Toxapex|Scald|p2a: Sigilyph
|-damage|p2a: Sigilyph|76/100 tox
|
|-heal|p1a: Toxapex|57/100|[from] item: Black Sludge
|upkeep
|turn|33
|
|switch|p1a: Goodra|Goodra, M|97/100
|-damage|p1a: Goodra|84/100|[from] Stealth Rock
|move|p2a: Sigilyph|Psyshock|p1a: Goodra
|-damage|p1a: Goodra|11/100
|
|upkeep
|turn|34
|
|move|p2a: Sigilyph|Psyshock|p1a: Goodra
|-damage|p1a: Goodra|0 fnt
|faint|p1a: Goodra
|
|upkeep
|
|switch|p1a: Ferrothorn|Ferrothorn, F|91/100
|-damage|p1a: Ferrothorn|85/100|[from] Stealth Rock
|turn|35
|
|move|p2a: Sigilyph|Shadow Ball|p1a: Ferrothorn
|-damage|p1a: Ferrothorn|58/100
|move|p1a: Ferrothorn|Gyro Ball|p2a: Sigilyph
|-damage|p2a: Sigilyph|34/100 tox
|
|upkeep
|turn|36
|
|move|p2a: Sigilyph|Roost|p2a: Sigilyph
|-heal|p2a: Sigilyph|84/100 tox
|-singleturn|p2a: Sigilyph|move: Roost
|move|p1a: Ferrothorn|Gyro Ball|p2a: Sigilyph
|-damage|p2a: Sigilyph|36/100 tox
|
|upkeep
|turn|37
|
|move|p2a: Sigilyph|Roost|p2a: Sigilyph
|-heal|p2a: Sigilyph|86/100 tox
|-singleturn|p2a: Sigilyph|move: Roost
|move|p1a: Ferrothorn|Leech Seed|p2a: Sigilyph
|-start|p2a: Sigilyph|move: Leech Seed
|
|upkeep
|turn|38
|
|move|p2a: Sigilyph|Shadow Ball|p1a: Ferrothorn
|-damage|p1a: Ferrothorn|31/100
|move|p1a: Ferrothorn|Gyro Ball|p2a: Sigilyph
|-damage|p2a: Sigilyph|40/100 tox
|
|upkeep
|turn|39
|
|move|p2a: Sigilyph|Roost|p2a: Sigilyph
|-heal|p2a: Sigilyph|90/100 tox
|-singleturn|p2a: Sigilyph|move: Roost
|move|p1a: Ferrothorn|Gyro Ball|p2a: Sigilyph
|-damage|p2a: Sigilyph|45/100 tox
|
|upkeep
|turn|40
|
|move|p2a: Sigilyph|Roost|p2a: Sigilyph
|-heal|p2a: Sigilyph|95/100 tox
|-singleturn|p2a: Sigilyph|move: Roost
|move|p1a: Ferrothorn|Gyro Ball|p2a: Sigilyph
|-damage|p2a: Sigilyph|52/100 tox
|
|upkeep
|turn|41
|
|move|p2a: Sigilyph|Roost|p2a: Sigilyph
|-heal|p2a: Sigilyph|100/100 tox
|-singleturn|p2a: Sigilyph|move: Roost
|move|p1a: Ferrothorn|Gyro Ball|p2a: Sigilyph
|-damage|p2a: Sigilyph|55/100 tox
|
|upkeep
|turn|42
|
|move|p2a: Sigilyph|Roost|p2a: Sigilyph
|-heal|p2a: Sigilyph|100/100 tox
|-singleturn|p2a: Sigilyph|move: Roost
|move|p1a: Ferrothorn|Gyro Ball|p2a: Sigilyph
|-damage|p2a: Sigilyph|56/100 tox
|
|upkeep
|turn|43
|
|switch|p1a: Cloyster|Cloyster, M|100/100
|-damage|p1a: Cloyster|76/100|[from] Stealth Rock
|move|p2a: Sigilyph|Roost|p2a: Sigilyph
|-heal|p2a: Sigilyph|100/100 tox
|-singleturn|p2a: Sigilyph|move: Roost
|
|upkeep
|turn|44
|
|move|p2a: Sigilyph|Shadow Ball|p1a: Cloyster
|-damage|p1a: Cloyster|0 fnt
|faint|p1a: Cloyster
|
|upkeep
|-message|Lance1217 forfeited.
|
|win|uriah.urgelia1999
|l|☆Lance1217
|raw|Lance1217's rating: 1142 → 1115(-27 for losing)
|raw|uriah.urgelia1999's rating: 1114 → 1141(+27 for winning)
