|ScrapeTime|2020-01-01-23:22:26
|j|☆Didn't have
|j|☆Dr.Catgoose69
|player|p1|Didn't have|101|1130
|player|p2|Dr.Catgoose69|169|1080
|teamsize|p1|6
|teamsize|p2|6
|gametype|singles
|gen|8
|tier|[Gen 8] OU
|rated|
|rule|Sleep Clause Mod: Limit one foe put to sleep
|rule|Species Clause: Limit one of each Pokémon
|rule|OHKO Clause: OHKO moves are banned
|rule|Evasion Moves Clause: Evasion moves are banned
|rule|Endless Battle Clause: Forcing endless battles is banned
|rule|HP Percentage Mod: HP is shown in percentages
|clearpoke
|poke|p1|Vileplume, M|
|poke|p1|Grimmsnarl, M|
|poke|p1|Charizard, F|
|poke|p1|Torkoal, M|
|poke|p1|Leafeon, M|
|poke|p1|Haxorus, M|
|poke|p2|Aegislash, F|
|poke|p2|Crawdaunt, F|
|poke|p2|Mew|
|poke|p2|Lucario, F|
|poke|p2|Bisharp, M|
|poke|p2|Dragapult, F|
|rule|Dynamax Clause: You cannot dynamax
|teampreview
|
|start
|switch|p1a: Torkoal|Torkoal, M|100/100
|switch|p2a: Mew|Mew|100/100
|-weather|SunnyDay|[from] ability: Drought|[of] p1a: Torkoal
|turn|1
|
|move|p2a: Mew|Taunt|p1a: Torkoal
|-start|p1a: Torkoal|move: Taunt
|cant|p1a: Torkoal|move: Taunt|Stealth Rock
|
|-weather|SunnyDay|[upkeep]
|upkeep
|turn|2
|
|move|p2a: Mew|Stealth Rock|p1a: Torkoal
|-sidestart|p1: Didn't have|move: Stealth Rock
|move|p1a: Torkoal|Lava Plume|p2a: Mew
|-damage|p2a: Mew|68/100
|-enditem|p2a: Mew|Red Card|[of] p1a: Torkoal
|drag|p1a: Haxorus|Haxorus, M|100/100
|-damage|p1a: Haxorus|88/100|[from] Stealth Rock
|-ability|p1a: Haxorus|Mold Breaker
|
|-weather|SunnyDay|[upkeep]
|upkeep
|turn|3
|
|move|p1a: Haxorus|First Impression|p2a: Mew
|-supereffective|p2a: Mew
|-damage|p2a: Mew|0 fnt
|-damage|p1a: Haxorus|78/100|[from] item: Life Orb
|faint|p2a: Mew
|
|-weather|SunnyDay|[upkeep]
|upkeep
|
|switch|p2a: Crawdaunt|Crawdaunt, F|100/100
|turn|4
|
|move|p1a: Haxorus|Dragon Dance|p1a: Haxorus
|-boost|p1a: Haxorus|atk|1
|-boost|p1a: Haxorus|spe|1
|move|p2a: Crawdaunt|Knock Off|p1a: Haxorus
|-damage|p1a: Haxorus|0 fnt
|-enditem|p1a: Haxorus|Life Orb|[from] move: Knock Off|[of] p2a: Crawdaunt
|-damage|p2a: Crawdaunt|91/100|[from] item: Life Orb
|faint|p1a: Haxorus
|
|-weather|SunnyDay|[upkeep]
|upkeep
|
|switch|p1a: Vileplume|Vileplume, M|100/100
|-damage|p1a: Vileplume|88/100|[from] Stealth Rock
|turn|5
|
|switch|p2a: Bisharp|Bisharp, M|100/100
|move|p1a: Vileplume|Solar Beam||[still]
|-prepare|p1a: Vileplume|Solar Beam|p2a: Bisharp
|-anim|p1a: Vileplume|Solar Beam|p2a: Bisharp
|-resisted|p2a: Bisharp
|-damage|p2a: Bisharp|49/100
|
|-weather|SunnyDay|[upkeep]
|upkeep
|turn|6
|
|move|p1a: Vileplume|Solar Beam||[still]
|-prepare|p1a: Vileplume|Solar Beam|p2a: Bisharp
|-anim|p1a: Vileplume|Solar Beam|p2a: Bisharp
|-resisted|p2a: Bisharp
|-damage|p2a: Bisharp|0 fnt
|faint|p2a: Bisharp
|
|-weather|SunnyDay|[upkeep]
|upkeep
|
|switch|p2a: Lucario|Lucario, F|100/100
|turn|7
|
|move|p1a: Vileplume|Solar Beam||[still]
|-prepare|p1a: Vileplume|Solar Beam|p2a: Lucario
|-anim|p1a: Vileplume|Solar Beam|p2a: Lucario
|-resisted|p2a: Lucario
|-damage|p2a: Lucario|52/100
|move|p2a: Lucario|Earthquake|p1a: Vileplume
|-damage|p1a: Vileplume|31/100
|-damage|p2a: Lucario|42/100|[from] item: Life Orb
|
|-weather|SunnyDay|[upkeep]
|upkeep
|turn|8
|
|move|p2a: Lucario|Bullet Punch|p1a: Vileplume
|-damage|p1a: Vileplume|0 fnt
|-damage|p2a: Lucario|32/100|[from] item: Life Orb
|faint|p1a: Vileplume
|
|-weather|none
|upkeep
|
|switch|p1a: Torkoal|Torkoal, M|100/100
|-damage|p1a: Torkoal|76/100|[from] Stealth Rock
|-weather|SunnyDay|[from] ability: Drought|[of] p1a: Torkoal
|turn|9
|
|move|p2a: Lucario|Earthquake|p1a: Torkoal
|-supereffective|p1a: Torkoal
|-damage|p1a: Torkoal|14/100
|-damage|p2a: Lucario|22/100|[from] item: Life Orb
|move|p1a: Torkoal|Rapid Spin|p2a: Lucario
|-resisted|p2a: Lucario
|-damage|p2a: Lucario|16/100
|-sideend|p1: Didn't have|Stealth Rock|[from] move: Rapid Spin|[of] p1a: Torkoal
|-boost|p1a: Torkoal|spe|1
|
|-weather|SunnyDay|[upkeep]
|upkeep
|turn|10
|
|switch|p1a: Charizard|Charizard, F|100/100
|move|p2a: Lucario|Bullet Punch|p1a: Charizard
|-resisted|p1a: Charizard
|-damage|p1a: Charizard|80/100
|-damage|p2a: Lucario|6/100|[from] item: Life Orb
|
|-weather|SunnyDay|[upkeep]
|-damage|p1a: Charizard|68/100|[from] ability: Solar Power|[of] p1a: Charizard
|upkeep
|turn|11
|
|move|p2a: Lucario|Bullet Punch|p1a: Charizard
|-resisted|p1a: Charizard
|-damage|p1a: Charizard|50/100
|-damage|p2a: Lucario|0 fnt|[from] item: Life Orb
|faint|p2a: Lucario
|move|p1a: Charizard|Flamethrower|p2: Lucario|[notarget]
|-fail|p1a: Charizard
|
|-weather|SunnyDay|[upkeep]
|-damage|p1a: Charizard|38/100|[from] ability: Solar Power|[of] p1a: Charizard
|upkeep
|
|switch|p2a: Crawdaunt|Crawdaunt, F|91/100
|turn|12
|
|move|p2a: Crawdaunt|Aqua Jet|p1a: Charizard
|-supereffective|p1a: Charizard
|-damage|p1a: Charizard|0 fnt
|-damage|p2a: Crawdaunt|81/100|[from] item: Life Orb
|faint|p1a: Charizard
|
|-weather|SunnyDay|[upkeep]
|upkeep
|
|switch|p1a: Leafeon|Leafeon, M|100/100
|turn|13
|
|switch|p2a: Aegislash|Aegislash, F|100/100
|-item|p2a: Aegislash|Air Balloon
|move|p1a: Leafeon|Swords Dance|p1a: Leafeon
|-boost|p1a: Leafeon|atk|2
|
|-weather|SunnyDay|[upkeep]
|upkeep
|turn|14
|
|move|p1a: Leafeon|Solar Blade||[still]
|-prepare|p1a: Leafeon|Solar Blade|p2a: Aegislash
|-anim|p1a: Leafeon|Solar Blade|p2a: Aegislash
|-resisted|p2a: Aegislash
|-damage|p2a: Aegislash|42/100
|-enditem|p2a: Aegislash|Air Balloon
|move|p2a: Aegislash|Swords Dance|p2a: Aegislash
|-boost|p2a: Aegislash|atk|2
|
|-weather|SunnyDay|[upkeep]
|upkeep
|turn|15
|
|-formechange|p2a: Aegislash|Aegislash-Blade||[from] ability: Stance Change
|move|p2a: Aegislash|Shadow Sneak|p1a: Leafeon
|-damage|p1a: Leafeon|60/100
|move|p1a: Leafeon|Solar Blade||[still]
|-prepare|p1a: Leafeon|Solar Blade|p2a: Aegislash
|-anim|p1a: Leafeon|Solar Blade|p2a: Aegislash
|-resisted|p2a: Aegislash
|-damage|p2a: Aegislash|0 fnt
|faint|p2a: Aegislash
|
|-weather|SunnyDay|[upkeep]
|-heal|p1a: Leafeon|66/100|[from] item: Leftovers
|upkeep
|
|switch|p2a: Dragapult|Dragapult, F|100/100
|turn|16
|
|move|p1a: Leafeon|Solar Blade||[still]
|-prepare|p1a: Leafeon|Solar Blade|p2a: Dragapult
|-anim|p1a: Leafeon|Solar Blade|p2a: Dragapult
|-resisted|p2a: Dragapult
|-damage|p2a: Dragapult|18/100
|move|p2a: Dragapult|Dragon Darts|p1a: Leafeon
|-damage|p1a: Leafeon|45/100
|-damage|p1a: Leafeon|24/100
|-hitcount|p1a: Leafeon|2
|
|-weather|none
|-heal|p1a: Leafeon|30/100|[from] item: Leftovers
|-heal|p2a: Dragapult|24/100|[from] item: Leftovers
|upkeep
|turn|17
|
|switch|p1a: Torkoal|Torkoal, M|14/100
|-weather|SunnyDay|[from] ability: Drought|[of] p1a: Torkoal
|move|p2a: Dragapult|Dragon Darts|p1a: Torkoal
|-damage|p1a: Torkoal|0 fnt
|-hitcount|p1a: Torkoal|1
|faint|p1a: Torkoal
|
|-weather|SunnyDay|[upkeep]
|-heal|p2a: Dragapult|30/100|[from] item: Leftovers
|upkeep
|
|switch|p1a: Grimmsnarl|Grimmsnarl, M|100/100
|turn|18
|
|move|p1a: Grimmsnarl|Reflect|p1a: Grimmsnarl
|-sidestart|p1: Didn't have|Reflect
|move|p2a: Dragapult|Substitute|p2a: Dragapult
|-start|p2a: Dragapult|Substitute
|-damage|p2a: Dragapult|5/100
|
|-weather|SunnyDay|[upkeep]
|-heal|p2a: Dragapult|11/100|[from] item: Leftovers
|upkeep
|turn|19
|
|move|p2a: Dragapult|Dragon Dance|p2a: Dragapult
|-boost|p2a: Dragapult|atk|1
|-boost|p2a: Dragapult|spe|1
|move|p1a: Grimmsnarl|Spirit Break|p2a: Dragapult
|-supereffective|p2a: Dragapult
|-end|p2a: Dragapult|Substitute
|
|-weather|SunnyDay|[upkeep]
|-heal|p2a: Dragapult|17/100|[from] item: Leftovers
|upkeep
|turn|20
|
|move|p2a: Dragapult|Phantom Force||[still]
|-prepare|p2a: Dragapult|Phantom Force|p1a: Grimmsnarl
|move|p1a: Grimmsnarl|Spirit Break|p2a: Dragapult|[miss]
|-miss|p1a: Grimmsnarl|p2a: Dragapult
|
|-weather|SunnyDay|[upkeep]
|-heal|p2a: Dragapult|23/100|[from] item: Leftovers
|upkeep
|turn|21
|
|move|p2a: Dragapult|Phantom Force|p1a: Grimmsnarl|[from]lockedmove
|-resisted|p1a: Grimmsnarl
|-damage|p1a: Grimmsnarl|61/100
|move|p1a: Grimmsnarl|Spirit Break|p2a: Dragapult
|-supereffective|p2a: Dragapult
|-damage|p2a: Dragapult|0 fnt
|faint|p2a: Dragapult
|
|-weather|SunnyDay|[upkeep]
|upkeep
|
|switch|p2a: Crawdaunt|Crawdaunt, F|81/100
|turn|22
|
|move|p1a: Grimmsnarl|Thunder Wave|p2a: Crawdaunt
|-hint|Since gen 7, Dark is immune to Prankster moves.
|-immune|p2a: Crawdaunt
|move|p2a: Crawdaunt|Crabhammer|p1a: Grimmsnarl
|-damage|p1a: Grimmsnarl|30/100
|-damage|p2a: Crawdaunt|71/100|[from] item: Life Orb
|
|-weather|SunnyDay|[upkeep]
|upkeep
|turn|23
|-message|Dr.Catgoose69 forfeited.
|
|win|Didn't have
|l|☆Dr.Catgoose69
|j|☆Dr.Catgoose69
|player|p2|Dr.Catgoose69|169
