|ScrapeTime|2020-01-02-06:42:26
|j|☆Eldecrok
|j|☆Myra-CrimeScene
|player|p1|Eldecrok|pokekid|
|player|p2|Myra-CrimeScene|lady|
|teamsize|p1|6
|teamsize|p2|6
|gametype|singles
|gen|8
|tier|[Gen 8] OU
|rule|Sleep Clause Mod: Limit one foe put to sleep
|rule|Species Clause: Limit one of each Pokémon
|rule|OHKO Clause: OHKO moves are banned
|rule|Evasion Moves Clause: Evasion moves are banned
|rule|Endless Battle Clause: Forcing endless battles is banned
|rule|HP Percentage Mod: HP is shown in percentages
|clearpoke
|poke|p1|Morpeko, F|
|poke|p1|Obstagoon, F|
|poke|p1|Arctozolt|
|poke|p1|Silvally-*|
|poke|p1|Appletun, F|
|poke|p1|Orbeetle, M|
|poke|p2|Snorlax, M|
|poke|p2|Hatterene, F|
|poke|p2|Rotom-Wash|
|poke|p2|Ninjask, M|
|poke|p2|Hitmontop, M|
|poke|p2|Bronzong|
|rule|Dynamax Clause: You cannot dynamax
|teampreview
|c|☆Eldecrok|There we go!
|c|☆Eldecrok|GLHF <3
|c|☆Myra-CrimeScene|Neat
|c|☆Myra-CrimeScene|Good luck!
|c|☆Eldecrok|Morpeko Stronk!
|c|☆Myra-CrimeScene|Yes, very.
|
|start
|switch|p1a: Obstagoon|Obstagoon, F|100/100
|switch|p2a: Ninjask|Ninjask, M, shiny|100/100
|turn|1
|
|move|p1a: Obstagoon|Obstruct|p1a: Obstagoon
|-singleturn|p1a: Obstagoon|Protect
|move|p2a: Ninjask|Swords Dance|p2a: Ninjask
|-boost|p2a: Ninjask|atk|2
|
|-ability|p2a: Ninjask|Speed Boost|boost
|-boost|p2a: Ninjask|spe|1
|-status|p1a: Obstagoon|brn|[from] item: Flame Orb
|upkeep
|turn|2
|c|☆Myra-CrimeScene|Nice
|
|move|p2a: Ninjask|Leech Life|p1a: Obstagoon
|-supereffective|p1a: Obstagoon
|-damage|p1a: Obstagoon|0 fnt
|faint|p1a: Obstagoon
|
|-ability|p2a: Ninjask|Speed Boost|boost
|-boost|p2a: Ninjask|spe|1
|upkeep
|
|switch|p1a: Silvally|Silvally-Fairy|100/100
|turn|3
|
|move|p2a: Ninjask|Acrobatics|p1a: Silvally
|-damage|p1a: Silvally|38/100
|move|p1a: Silvally|Flamethrower|p2a: Ninjask
|-supereffective|p2a: Ninjask
|-damage|p2a: Ninjask|4/100
|
|-ability|p2a: Ninjask|Speed Boost|boost
|-boost|p2a: Ninjask|spe|1
|upkeep
|turn|4
|c|☆Eldecrok|I forget some pokemon have speed boost x-x
|
|move|p2a: Ninjask|Acrobatics|p1a: Silvally
|-damage|p1a: Silvally|0 fnt
|faint|p1a: Silvally
|
|-ability|p2a: Ninjask|Speed Boost|boost
|-boost|p2a: Ninjask|spe|1
|upkeep
|c|☆Myra-CrimeScene|Lel
|
|switch|p1a: Appletun|Appletun, F|100/100
|turn|5
|c|☆Myra-CrimeScene|Well, they do.
|
|move|p2a: Ninjask|Leech Life|p1a: Appletun
|-supereffective|p1a: Appletun
|-damage|p1a: Appletun|0 fnt
|-heal|p2a: Ninjask|84/100|[from] drain|[of] p1a: Appletun
|faint|p1a: Appletun
|
|-ability|p2a: Ninjask|Speed Boost|boost
|-boost|p2a: Ninjask|spe|1
|upkeep
|c|☆Eldecrok|Yamero ;~;
|
|switch|p1a: Orbeetle|Orbeetle, M|100/100
|turn|6
|c|☆Myra-CrimeScene|mmmm all that wonderful HP
|
|move|p2a: Ninjask|Leech Life|p1a: Orbeetle
|-supereffective|p1a: Orbeetle
|-damage|p1a: Orbeetle|0 fnt
|-heal|p2a: Ninjask|100/100|[from] drain|[of] p1a: Orbeetle
|faint|p1a: Orbeetle
|
|-ability|p2a: Ninjask|Speed Boost|boost
|-boost|p2a: Ninjask|spe|1
|upkeep
|
|switch|p1a: Arctozolt|Arctozolt|100/100
|turn|7
|c|☆Myra-CrimeScene|It's so easy for Ninjask to sweep
|c|☆Myra-CrimeScene|Lmao
|
|move|p2a: Ninjask|Leech Life|p1a: Arctozolt
|-damage|p1a: Arctozolt|22/100
|move|p1a: Arctozolt|Icicle Crash|p2a: Ninjask
|-supereffective|p2a: Ninjask
|-enditem|p2a: Ninjask|Focus Sash
|-damage|p2a: Ninjask|1/100
|
|upkeep
|turn|8
|c|☆Eldecrok|That sash tho
|
|move|p2a: Ninjask|Leech Life|p1a: Arctozolt
|-damage|p1a: Arctozolt|0 fnt
|-heal|p2a: Ninjask|14/100|[from] drain|[of] p1a: Arctozolt
|faint|p1a: Arctozolt
|
|upkeep
|c|☆Myra-CrimeScene|Yep
|c|☆Myra-CrimeScene|Very hadny
|
|switch|p1a: Morpeko|Morpeko, F|100/100
|turn|9
|c|☆Myra-CrimeScene|*handy
|
|move|p1a: Morpeko|Quick Attack|p2a: Ninjask
|-damage|p2a: Ninjask|0 fnt
|faint|p2a: Ninjask
|
|-formechange|p1a: Morpeko|Morpeko-Hangry||[from] ability: Hunger Switch
|upkeep
|c|☆Myra-CrimeScene|Oof.
|c|☆Myra-CrimeScene|Quick Attack on morpeko really
|c|☆Myra-CrimeScene|lmao
|c|☆Eldecrok|Yes
|
|switch|p2a: Hitmontop|Hitmontop, M, shiny|100/100
|turn|10
|c|☆Eldecrok|I normally use fake out but Quick Attack's a special option for me
|
|move|p2a: Hitmontop|Mach Punch|p1a: Morpeko
|-supereffective|p1a: Morpeko
|-enditem|p1a: Morpeko|Focus Sash
|-damage|p1a: Morpeko|1/100
|move|p1a: Morpeko|Aura Wheel|p2a: Hitmontop
|-resisted|p2a: Hitmontop
|-damage|p2a: Hitmontop|74/100
|-boost|p1a: Morpeko|spe|1
|
|-formechange|p1a: Morpeko|Morpeko||[from] ability: Hunger Switch
|upkeep
|turn|11
|c|☆Myra-CrimeScene|Neato
|c|☆Myra-CrimeScene|!dt aura wheel
|raw|Aura Wheel  Power110 Accuracy100% PP16 Morpeko: Electric; Hangry: Dark; 100% +1 Spe. 
|raw|Priority: 0 |&ThickSpaceGen: 8 |&ThickSpace✓ Secondary effect |&ThickSpaceZ-Power: 185 |&ThickSpaceDynamax Power: 140 |&ThickSpaceTarget: One Adjacent Pokémon

|c|☆Myra-CrimeScene|It's so OP
|c|☆Eldecrok|Yeah, it is
|c|☆Myra-CrimeScene|110 power
|
|move|p2a: Hitmontop|Mach Punch|p1a: Morpeko
|-supereffective|p1a: Morpeko
|-damage|p1a: Morpeko|0 fnt
|faint|p1a: Morpeko
|
|win|Myra-CrimeScene
|c|☆Myra-CrimeScene|Gg's.
|c|☆Eldecrok|But no one uses Morpeko
