|ScrapeTime|2020-01-01-07:55:40
|j|☆Alex_888Master
|j|☆sbj192003
|player|p1|Alex_888Master|red|1412
|player|p2|sbj192003|169|1420
|teamsize|p1|6
|teamsize|p2|6
|gametype|singles
|gen|8
|tier|[Gen 8] OU
|rated|
|rule|Sleep Clause Mod: Limit one foe put to sleep
|rule|Species Clause: Limit one of each Pokémon
|rule|OHKO Clause: OHKO moves are banned
|rule|Evasion Moves Clause: Evasion moves are banned
|rule|Endless Battle Clause: Forcing endless battles is banned
|rule|HP Percentage Mod: HP is shown in percentages
|clearpoke
|poke|p1|Dracovish|
|poke|p1|Excadrill, M|
|poke|p1|Toxapex, F|
|poke|p1|Cinderace, F|
|poke|p1|Dragapult, M|
|poke|p1|Obstagoon, M|
|poke|p2|Cinderace, F|
|poke|p2|Clefable, M|
|poke|p2|Dragapult, M|
|poke|p2|Seismitoad, F|
|poke|p2|Corviknight, F|
|poke|p2|Hydreigon, M|
|rule|Dynamax Clause: You cannot dynamax
|teampreview
|inactive|Battle timer is ON: inactive players will automatically lose when time's up. (requested by Alex_888Master)
|
|start
|switch|p1a: Dragapult|Dragapult, M|100/100
|switch|p2a: Seismitoad|Seismitoad, F, shiny|100/100
|turn|1
|
|move|p1a: Dragapult|Substitute|p1a: Dragapult
|-start|p1a: Dragapult|Substitute
|-damage|p1a: Dragapult|76/100
|move|p2a: Seismitoad|Stealth Rock|p1a: Dragapult
|-sidestart|p1: Alex_888Master|move: Stealth Rock
|
|-heal|p1a: Dragapult|82/100|[from] item: Leftovers
|upkeep
|turn|2
|
|move|p1a: Dragapult|Dragon Dance|p1a: Dragapult
|-boost|p1a: Dragapult|atk|1
|-boost|p1a: Dragapult|spe|1
|move|p2a: Seismitoad|Earthquake|p1a: Dragapult
|-end|p1a: Dragapult|Substitute
|
|-heal|p1a: Dragapult|88/100|[from] item: Leftovers
|upkeep
|turn|3
|
|move|p1a: Dragapult|Substitute|p1a: Dragapult
|-start|p1a: Dragapult|Substitute
|-damage|p1a: Dragapult|63/100
|move|p2a: Seismitoad|Earthquake|p1a: Dragapult
|-end|p1a: Dragapult|Substitute
|
|-heal|p1a: Dragapult|69/100|[from] item: Leftovers
|upkeep
|turn|4
|
|move|p1a: Dragapult|Dragon Darts|p2a: Seismitoad
|-damage|p2a: Seismitoad|73/100
|-damage|p2a: Seismitoad|43/100
|-hitcount|p2a: Seismitoad|2
|move|p2a: Seismitoad|Earthquake|p1a: Dragapult
|-damage|p1a: Dragapult|27/100
|
|-heal|p1a: Dragapult|33/100|[from] item: Leftovers
|-heal|p2a: Seismitoad|49/100|[from] item: Leftovers
|upkeep
|turn|5
|
|move|p2a: Seismitoad|Protect|p2a: Seismitoad
|-singleturn|p2a: Seismitoad|Protect
|move|p1a: Dragapult|Phantom Force||[still]
|-prepare|p1a: Dragapult|Phantom Force|p2a: Seismitoad
|
|-heal|p1a: Dragapult|39/100|[from] item: Leftovers
|-heal|p2a: Seismitoad|55/100|[from] item: Leftovers
|upkeep
|turn|6
|
|move|p1a: Dragapult|Phantom Force|p2a: Seismitoad|[from]lockedmove
|-damage|p2a: Seismitoad|0 fnt
|faint|p2a: Seismitoad
|
|-heal|p1a: Dragapult|45/100|[from] item: Leftovers
|upkeep
|
|switch|p2a: Cinderace|Cinderace, F, shiny|100/100
|turn|7
|
|move|p2a: Cinderace|Sucker Punch||[still]
|-fail|p2a: Cinderace
|move|p1a: Dragapult|Substitute|p1a: Dragapult
|-start|p1a: Dragapult|Substitute
|-damage|p1a: Dragapult|20/100
|
|-heal|p1a: Dragapult|26/100|[from] item: Leftovers
|upkeep
|turn|8
|
|move|p2a: Cinderace|Sucker Punch||[still]
|-fail|p2a: Cinderace
|move|p1a: Dragapult|Dragon Dance|p1a: Dragapult
|-boost|p1a: Dragapult|atk|1
|-boost|p1a: Dragapult|spe|1
|
|-heal|p1a: Dragapult|32/100|[from] item: Leftovers
|upkeep
|turn|9
|c|☆Alex_888Master|gg
|
|move|p1a: Dragapult|Dragon Darts|p2a: Cinderace
|-damage|p2a: Cinderace|32/100
|-damage|p2a: Cinderace|0 fnt
|-hitcount|p2a: Cinderace|2
|faint|p2a: Cinderace
|
|-heal|p1a: Dragapult|38/100|[from] item: Leftovers
|upkeep
|
|switch|p2a: Dragapult|Dragapult, M|100/100
|turn|10
|
|move|p1a: Dragapult|Dragon Darts|p2a: Dragapult
|-supereffective|p2a: Dragapult
|-damage|p2a: Dragapult|0 fnt
|-hitcount|p2a: Dragapult|1
|faint|p2a: Dragapult
|
|-heal|p1a: Dragapult|44/100|[from] item: Leftovers
|upkeep
|
|switch|p2a: Clefable|Clefable, M|100/100
|turn|11
|
|move|p1a: Dragapult|Phantom Force||[still]
|-prepare|p1a: Dragapult|Phantom Force|p2a: Clefable
|move|p2a: Clefable|Moonblast|p1a: Dragapult|[miss]
|-miss|p2a: Clefable|p1a: Dragapult
|
|-heal|p1a: Dragapult|50/100|[from] item: Leftovers
|upkeep
|turn|12
|
|move|p1a: Dragapult|Phantom Force|p2a: Clefable|[from]lockedmove
|-damage|p2a: Clefable|0 fnt
|faint|p2a: Clefable
|
|-heal|p1a: Dragapult|56/100|[from] item: Leftovers
|upkeep
|
|switch|p2a: Corviknight|Corviknight, F, shiny|100/100
|turn|13
|
|move|p1a: Dragapult|Dragon Darts|p2a: Corviknight
|-resisted|p2a: Corviknight
|-damage|p2a: Corviknight|78/100
|-resisted|p2a: Corviknight
|-damage|p2a: Corviknight|54/100
|-hitcount|p2a: Corviknight|2
|move|p2a: Corviknight|Bulk Up|p2a: Corviknight
|-boost|p2a: Corviknight|atk|1
|-boost|p2a: Corviknight|def|1
|
|-heal|p1a: Dragapult|62/100|[from] item: Leftovers
|-heal|p2a: Corviknight|60/100|[from] item: Leftovers
|upkeep
|turn|14
|
|move|p1a: Dragapult|Phantom Force||[still]
|-prepare|p1a: Dragapult|Phantom Force|p2a: Corviknight
|move|p2a: Corviknight|Roost|p2a: Corviknight
|-heal|p2a: Corviknight|100/100
|-singleturn|p2a: Corviknight|move: Roost
|
|-heal|p1a: Dragapult|68/100|[from] item: Leftovers
|upkeep
|turn|15
|
|move|p1a: Dragapult|Phantom Force|p2a: Corviknight|[from]lockedmove
|-damage|p2a: Corviknight|46/100
|move|p2a: Corviknight|Bulk Up|p2a: Corviknight
|-boost|p2a: Corviknight|atk|1
|-boost|p2a: Corviknight|def|1
|
|-heal|p1a: Dragapult|74/100|[from] item: Leftovers
|-heal|p2a: Corviknight|52/100|[from] item: Leftovers
|upkeep
|turn|16
|
|move|p1a: Dragapult|Dragon Darts|p2a: Corviknight
|-resisted|p2a: Corviknight
|-damage|p2a: Corviknight|41/100
|-resisted|p2a: Corviknight
|-damage|p2a: Corviknight|30/100
|-hitcount|p2a: Corviknight|2
|move|p2a: Corviknight|Roost|p2a: Corviknight
|-heal|p2a: Corviknight|80/100
|-singleturn|p2a: Corviknight|move: Roost
|
|-heal|p1a: Dragapult|80/100|[from] item: Leftovers
|-heal|p2a: Corviknight|86/100|[from] item: Leftovers
|upkeep
|turn|17
|
|move|p1a: Dragapult|Dragon Dance|p1a: Dragapult
|-boost|p1a: Dragapult|atk|1
|-boost|p1a: Dragapult|spe|1
|move|p2a: Corviknight|Bulk Up|p2a: Corviknight
|-boost|p2a: Corviknight|atk|1
|-boost|p2a: Corviknight|def|1
|
|-heal|p1a: Dragapult|86/100|[from] item: Leftovers
|-heal|p2a: Corviknight|92/100|[from] item: Leftovers
|upkeep
|turn|18
|
|move|p1a: Dragapult|Dragon Dance|p1a: Dragapult
|-boost|p1a: Dragapult|atk|1
|-boost|p1a: Dragapult|spe|1
|move|p2a: Corviknight|Taunt|p1a: Dragapult
|-start|p1a: Dragapult|move: Taunt
|
|-heal|p1a: Dragapult|92/100|[from] item: Leftovers
|-heal|p2a: Corviknight|98/100|[from] item: Leftovers
|upkeep
|turn|19
|
|move|p1a: Dragapult|Dragon Darts|p2a: Corviknight
|-resisted|p2a: Corviknight
|-damage|p2a: Corviknight|84/100
|-resisted|p2a: Corviknight
|-damage|p2a: Corviknight|70/100
|-hitcount|p2a: Corviknight|2
|move|p2a: Corviknight|Bulk Up|p2a: Corviknight
|-boost|p2a: Corviknight|atk|1
|-boost|p2a: Corviknight|def|1
|
|-heal|p1a: Dragapult|98/100|[from] item: Leftovers
|-heal|p2a: Corviknight|76/100|[from] item: Leftovers
|upkeep
|turn|20
|
|move|p1a: Dragapult|Dragon Darts|p2a: Corviknight
|-resisted|p2a: Corviknight
|-damage|p2a: Corviknight|64/100
|-resisted|p2a: Corviknight
|-damage|p2a: Corviknight|51/100
|-hitcount|p2a: Corviknight|2
|move|p2a: Corviknight|Bulk Up|p2a: Corviknight
|-boost|p2a: Corviknight|atk|1
|-boost|p2a: Corviknight|def|1
|
|-heal|p1a: Dragapult|100/100|[from] item: Leftovers
|-heal|p2a: Corviknight|57/100|[from] item: Leftovers
|upkeep
|turn|21
|
|move|p1a: Dragapult|Dragon Darts|p2a: Corviknight
|-resisted|p2a: Corviknight
|-damage|p2a: Corviknight|47/100
|-resisted|p2a: Corviknight
|-damage|p2a: Corviknight|36/100
|-hitcount|p2a: Corviknight|2
|move|p2a: Corviknight|Bulk Up|p2a: Corviknight
|-boost|p2a: Corviknight|atk|1
|-boost|p2a: Corviknight|def|1
|
|-heal|p2a: Corviknight|42/100|[from] item: Leftovers
|-end|p1a: Dragapult|move: Taunt
|upkeep
|turn|22
|
|move|p1a: Dragapult|Dragon Darts|p2a: Corviknight
|-resisted|p2a: Corviknight
|-damage|p2a: Corviknight|34/100
|-resisted|p2a: Corviknight
|-damage|p2a: Corviknight|25/100
|-hitcount|p2a: Corviknight|2
|move|p2a: Corviknight|Roost|p2a: Corviknight
|-heal|p2a: Corviknight|75/100
|-singleturn|p2a: Corviknight|move: Roost
|
|-heal|p2a: Corviknight|81/100|[from] item: Leftovers
|upkeep
|turn|23
|
|move|p1a: Dragapult|Dragon Darts|p2a: Corviknight
|-resisted|p2a: Corviknight
|-damage|p2a: Corviknight|72/100
|-resisted|p2a: Corviknight
|-damage|p2a: Corviknight|63/100
|-hitcount|p2a: Corviknight|2
|move|p2a: Corviknight|Brave Bird|p1a: Dragapult
|-end|p1a: Dragapult|Substitute
|-damage|p2a: Corviknight|56/100|[from] Recoil|[of] p1a: Dragapult
|
|-heal|p2a: Corviknight|63/100|[from] item: Leftovers
|upkeep
|turn|24
|
|move|p1a: Dragapult|Dragon Darts|p2a: Corviknight
|-resisted|p2a: Corviknight
|-damage|p2a: Corviknight|54/100
|-resisted|p2a: Corviknight
|-damage|p2a: Corviknight|45/100
|-hitcount|p2a: Corviknight|2
|move|p2a: Corviknight|Roost|p2a: Corviknight
|-heal|p2a: Corviknight|95/100
|-singleturn|p2a: Corviknight|move: Roost
|
|-heal|p2a: Corviknight|100/100|[from] item: Leftovers
|upkeep
|turn|25
|
|move|p1a: Dragapult|Dragon Darts|p2a: Corviknight
|-resisted|p2a: Corviknight
|-damage|p2a: Corviknight|91/100
|-resisted|p2a: Corviknight
|-damage|p2a: Corviknight|83/100
|-hitcount|p2a: Corviknight|2
|move|p2a: Corviknight|Brave Bird|p1a: Dragapult
|-damage|p1a: Dragapult|0 fnt
|-damage|p2a: Corviknight|55/100|[from] Recoil
|faint|p1a: Dragapult
|
|-heal|p2a: Corviknight|61/100|[from] item: Leftovers
|upkeep
|
|switch|p1a: Toxapex|Toxapex, F|100/100
|-damage|p1a: Toxapex|88/100|[from] Stealth Rock
|turn|26
|
|move|p2a: Corviknight|Taunt|p1a: Toxapex
|-start|p1a: Toxapex|move: Taunt
|cant|p1a: Toxapex|move: Taunt|Haze
|
|-heal|p2a: Corviknight|67/100|[from] item: Leftovers
|-heal|p1a: Toxapex|94/100|[from] item: Black Sludge
|upkeep
|turn|27
|
|move|p2a: Corviknight|Roost|p2a: Corviknight
|-heal|p2a: Corviknight|100/100
|-singleturn|p2a: Corviknight|move: Roost
|move|p1a: Toxapex|Scald|p2a: Corviknight
|-damage|p2a: Corviknight|88/100
|
|-heal|p2a: Corviknight|94/100|[from] item: Leftovers
|-heal|p1a: Toxapex|100/100|[from] item: Black Sludge
|upkeep
|turn|28
|
|move|p2a: Corviknight|Brave Bird|p1a: Toxapex
|-damage|p1a: Toxapex|19/100
|-damage|p2a: Corviknight|73/100|[from] Recoil
|move|p1a: Toxapex|Scald|p2a: Corviknight
|-damage|p2a: Corviknight|61/100
|
|-heal|p2a: Corviknight|67/100|[from] item: Leftovers
|-heal|p1a: Toxapex|25/100|[from] item: Black Sludge
|-end|p1a: Toxapex|move: Taunt
|upkeep
|turn|29
|
|move|p2a: Corviknight|Brave Bird|p1a: Toxapex
|-damage|p1a: Toxapex|0 fnt
|-damage|p2a: Corviknight|60/100|[from] Recoil
|faint|p1a: Toxapex
|
|-heal|p2a: Corviknight|66/100|[from] item: Leftovers
|upkeep
|
|switch|p1a: Obstagoon|Obstagoon, M|100/100
|-damage|p1a: Obstagoon|88/100|[from] Stealth Rock
|turn|30
|
|move|p1a: Obstagoon|Knock Off|p2a: Corviknight
|-damage|p2a: Corviknight|57/100
|-enditem|p2a: Corviknight|Leftovers|[from] move: Knock Off|[of] p1a: Obstagoon
|move|p2a: Corviknight|Brave Bird|p1a: Obstagoon
|-damage|p1a: Obstagoon|0 fnt
|-damage|p2a: Corviknight|32/100|[from] Recoil
|faint|p1a: Obstagoon
|
|upkeep
|
|switch|p1a: Cinderace|Cinderace, F|100/100
|turn|31
|
|move|p1a: Cinderace|Pyro Ball|p2a: Corviknight
|-supereffective|p2a: Corviknight
|-damage|p2a: Corviknight|8/100
|move|p2a: Corviknight|Roost|p2a: Corviknight
|-heal|p2a: Corviknight|58/100
|-singleturn|p2a: Corviknight|move: Roost
|
|upkeep
|turn|32
|
|move|p1a: Cinderace|Pyro Ball|p2a: Corviknight
|-supereffective|p2a: Corviknight
|-damage|p2a: Corviknight|31/100
|-status|p2a: Corviknight|brn
|move|p2a: Corviknight|Roost|p2a: Corviknight
|-heal|p2a: Corviknight|81/100 brn
|-singleturn|p2a: Corviknight|move: Roost
|
|-damage|p2a: Corviknight|75/100 brn|[from] brn
|upkeep
|turn|33
|
|move|p1a: Cinderace|Court Change|p1a: Cinderace
|-sideend|p1: Alex_888Master|Stealth Rock|[silent]
|-sidestart|p2: sbj192003|Stealth Rock|[silent]
|-activate|p1a: Cinderace|move: Court Change
|move|p2a: Corviknight|Brave Bird|p1a: Cinderace
|-damage|p1a: Cinderace|0 fnt
|-damage|p2a: Corviknight|49/100 brn|[from] Recoil
|faint|p1a: Cinderace
|
|-damage|p2a: Corviknight|42/100 brn|[from] brn
|upkeep
|
|switch|p1a: Dracovish|Dracovish, shiny|100/100
|turn|34
|
|move|p1a: Dracovish|Fishious Rend|p2a: Corviknight
|-damage|p2a: Corviknight|19/100 brn
|move|p2a: Corviknight|Roost|p2a: Corviknight
|-heal|p2a: Corviknight|69/100 brn
|-singleturn|p2a: Corviknight|move: Roost
|
|-damage|p2a: Corviknight|63/100 brn|[from] brn
|upkeep
|turn|35
|
|move|p1a: Dracovish|Fishious Rend|p2a: Corviknight
|-damage|p2a: Corviknight|39/100 brn
|move|p2a: Corviknight|Roost|p2a: Corviknight
|-heal|p2a: Corviknight|89/100 brn
|-singleturn|p2a: Corviknight|move: Roost
|
|-damage|p2a: Corviknight|83/100 brn|[from] brn
|upkeep
|turn|36
|
|move|p1a: Dracovish|Fishious Rend|p2a: Corviknight
|-damage|p2a: Corviknight|58/100 brn
|move|p2a: Corviknight|Brave Bird|p1a: Dracovish
|-damage|p1a: Dracovish|28/100
|-damage|p2a: Corviknight|38/100 brn|[from] Recoil
|
|-damage|p2a: Corviknight|32/100 brn|[from] brn
|upkeep
|turn|37
|
|move|p1a: Dracovish|Fishious Rend|p2a: Corviknight
|-damage|p2a: Corviknight|9/100 brn
|move|p2a: Corviknight|Roost|p2a: Corviknight
|-heal|p2a: Corviknight|59/100 brn
|-singleturn|p2a: Corviknight|move: Roost
|
|-damage|p2a: Corviknight|53/100 brn|[from] brn
|upkeep
|turn|38
|c|☆Alex_888Master|Bruhhhhh
|c|☆Alex_888Master|i didn’t get a single fucking crit
|c|☆Alex_888Master|with any moves
|
|move|p1a: Dracovish|Fishious Rend|p2a: Corviknight
|-damage|p2a: Corviknight|30/100 brn
|move|p2a: Corviknight|Roost|p2a: Corviknight
|-heal|p2a: Corviknight|80/100 brn
|-singleturn|p2a: Corviknight|move: Roost
|
|-damage|p2a: Corviknight|74/100 brn|[from] brn
|upkeep
|turn|39
|
|move|p1a: Dracovish|Fishious Rend|p2a: Corviknight
|-damage|p2a: Corviknight|53/100 brn
|move|p2a: Corviknight|Roost|p2a: Corviknight
|-heal|p2a: Corviknight|100/100 brn
|-singleturn|p2a: Corviknight|move: Roost
|
|-damage|p2a: Corviknight|94/100 brn|[from] brn
|upkeep
|turn|40
|
|move|p1a: Dracovish|Fishious Rend|p2a: Corviknight
|-damage|p2a: Corviknight|74/100 brn
|move|p2a: Corviknight|Brave Bird|p1a: Dracovish
|-damage|p1a: Dracovish|0 fnt
|-damage|p2a: Corviknight|66/100 brn|[from] Recoil
|faint|p1a: Dracovish
|
|-damage|p2a: Corviknight|60/100 brn|[from] brn
|upkeep
|
|switch|p1a: Excadrill|Excadrill, M|100/100
|-ability|p1a: Excadrill|Mold Breaker
|-item|p1a: Excadrill|Air Balloon
|turn|41
|
|move|p1a: Excadrill|Rock Slide|p2a: Corviknight
|-damage|p2a: Corviknight|54/100 brn
|move|p2a: Corviknight|Brave Bird|p1a: Excadrill
|-resisted|p1a: Excadrill
|-damage|p1a: Excadrill|48/100
|-enditem|p1a: Excadrill|Air Balloon
|-damage|p2a: Corviknight|37/100 brn|[from] Recoil
|
|-damage|p2a: Corviknight|31/100 brn|[from] brn
|upkeep
|turn|42
|
|move|p1a: Excadrill|Rock Slide|p2a: Corviknight
|-damage|p2a: Corviknight|24/100 brn
|move|p2a: Corviknight|Roost|p2a: Corviknight
|-heal|p2a: Corviknight|74/100 brn
|-singleturn|p2a: Corviknight|move: Roost
|
|-damage|p2a: Corviknight|68/100 brn|[from] brn
|upkeep
|turn|43
|-message|Alex_888Master forfeited.
|
|win|sbj192003
|l|☆Alex_888Master
|raw|Alex_888Master's rating: 1412 → 1392(-20 for losing)
|raw|sbj192003's rating: 1420 → 1439(+19 for winning)
