|ScrapeTime|2020-01-01-23:40:55
|j|☆Hamman329
|j|☆Kickbutticus14
|player|p1|Hamman329|266|1070
|player|p2|Kickbutticus14|hilbert|1106
|teamsize|p1|6
|teamsize|p2|6
|gametype|singles
|gen|8
|tier|[Gen 8] OU
|rated|
|rule|Sleep Clause Mod: Limit one foe put to sleep
|rule|Species Clause: Limit one of each Pokémon
|rule|OHKO Clause: OHKO moves are banned
|rule|Evasion Moves Clause: Evasion moves are banned
|rule|Endless Battle Clause: Forcing endless battles is banned
|rule|HP Percentage Mod: HP is shown in percentages
|clearpoke
|poke|p1|Reuniclus, F|
|poke|p1|Umbreon, F|
|poke|p1|Turtonator, M|
|poke|p1|Xatu, F|
|poke|p1|Grimmsnarl, M|
|poke|p1|Conkeldurr, M|
|poke|p2|Shuckle, M|
|poke|p2|Dugtrio, F|
|poke|p2|Aegislash, F|
|poke|p2|Toxtricity, M|
|poke|p2|Eiscue, M|
|poke|p2|Drapion, M|
|rule|Dynamax Clause: You cannot dynamax
|teampreview
|
|start
|switch|p1a: Grimmsnarl|Grimmsnarl, M|100/100
|switch|p2a: Shuckle|Shuckle, M|100/100
|turn|1
|
|move|p1a: Grimmsnarl|Thunder Wave|p2a: Shuckle
|-status|p2a: Shuckle|par
|move|p2a: Shuckle|Sticky Web|p1a: Grimmsnarl
|-sidestart|p1: Hamman329|move: Sticky Web
|
|upkeep
|turn|2
|
|move|p1a: Grimmsnarl|Taunt|p2a: Shuckle
|-start|p2a: Shuckle|move: Taunt
|-enditem|p2a: Shuckle|Mental Herb
|-end|p2a: Shuckle|move: Taunt
|move|p2a: Shuckle|Stealth Rock|p1a: Grimmsnarl
|-sidestart|p1: Hamman329|move: Stealth Rock
|
|upkeep
|turn|3
|
|move|p1a: Grimmsnarl|Reflect|p1a: Grimmsnarl
|-sidestart|p1: Hamman329|Reflect
|cant|p2a: Shuckle|par
|
|upkeep
|turn|4
|
|switch|p1a: Reuniclus|Reuniclus, F|100/100
|-activate|p1a: Reuniclus|move: Sticky Web
|-unboost|p1a: Reuniclus|spe|1
|move|p2a: Shuckle|Final Gambit|p1a: Reuniclus
|-damage|p1a: Reuniclus|41/100
|faint|p2a: Shuckle
|
|-heal|p1a: Reuniclus|47/100|[from] item: Leftovers
|upkeep
|
|switch|p2a: Dugtrio|Dugtrio, F|100/100
|turn|5
|
|move|p2a: Dugtrio|Memento|p1a: Reuniclus
|-unboost|p1a: Reuniclus|atk|2
|-unboost|p1a: Reuniclus|spa|2
|faint|p2a: Dugtrio
|move|p1a: Reuniclus|Recover|p1a: Reuniclus
|-heal|p1a: Reuniclus|97/100
|
|-heal|p1a: Reuniclus|100/100|[from] item: Leftovers
|upkeep
|inactive|Battle timer is ON: inactive players will automatically lose when time's up. (requested by Hamman329)
|
|switch|p2a: Aegislash|Aegislash, F|100/100
|turn|6
|
|switch|p1a: Umbreon|Umbreon, F|100/100
|-activate|p1a: Umbreon|move: Sticky Web
|-unboost|p1a: Umbreon|spe|1
|-damage|p1a: Umbreon|88/100|[from] Stealth Rock
|move|p2a: Aegislash|Swords Dance|p2a: Aegislash
|-boost|p2a: Aegislash|atk|2
|
|-heal|p1a: Umbreon|94/100|[from] item: Leftovers
|upkeep
|turn|7
|
|-formechange|p2a: Aegislash|Aegislash-Blade||[from] ability: Stance Change
|move|p2a: Aegislash|Sacred Sword|p1a: Umbreon
|-supereffective|p1a: Umbreon
|-damage|p1a: Umbreon|17/100
|-damage|p2a: Aegislash|91/100|[from] item: Life Orb
|move|p1a: Umbreon|Foul Play|p2a: Aegislash
|-supereffective|p2a: Aegislash
|-damage|p2a: Aegislash|0 fnt
|faint|p2a: Aegislash
|
|-heal|p1a: Umbreon|23/100|[from] item: Leftovers
|upkeep
|
|switch|p2a: Eiscue|Eiscue, M|100/100
|turn|8
|
|move|p2a: Eiscue|Belly Drum|p2a: Eiscue
|-damage|p2a: Eiscue|51/100
|-setboost|p2a: Eiscue|atk|6|[from] move: Belly Drum
|move|p1a: Umbreon|Charm|p2a: Eiscue
|-unboost|p2a: Eiscue|atk|2
|
|-heal|p1a: Umbreon|29/100|[from] item: Leftovers
|upkeep
|turn|9
|
|move|p2a: Eiscue|Icicle Crash|p1a: Umbreon
|-damage|p1a: Umbreon|0 fnt
|faint|p1a: Umbreon
|
|upkeep
|
|switch|p1a: Grimmsnarl|Grimmsnarl, M|100/100
|-damage|p1a: Grimmsnarl|88/100|[from] Stealth Rock
|-activate|p1a: Grimmsnarl|move: Sticky Web
|-unboost|p1a: Grimmsnarl|spe|1
|turn|10
|
|move|p1a: Grimmsnarl|Thunder Wave|p2a: Eiscue
|-status|p2a: Eiscue|par
|move|p2a: Eiscue|Icicle Crash|p1a: Grimmsnarl
|-damage|p1a: Grimmsnarl|26/100
|
|-sideend|p1: Hamman329|Reflect
|upkeep
|turn|11
|
|move|p1a: Grimmsnarl|Reflect|p1a: Grimmsnarl
|-sidestart|p1: Hamman329|Reflect
|cant|p2a: Eiscue|par
|
|upkeep
|turn|12
|
|switch|p1a: Turtonator|Turtonator, M|100/100
|move|p2a: Eiscue|Icicle Crash|p1a: Turtonator
|-damage|p1a: Turtonator|67/100
|
|upkeep
|turn|13
|
|move|p2a: Eiscue|Liquidation|p1a: Turtonator
|-damage|p1a: Turtonator|46/100
|move|p1a: Turtonator|Flash Cannon|p2a: Eiscue
|-supereffective|p2a: Eiscue
|-damage|p2a: Eiscue|7/100 par
|-enditem|p2a: Eiscue|Figy Berry|[eat]
|-heal|p2a: Eiscue|40/100 par|[from] item: Figy Berry
|
|upkeep
|turn|14
|
|move|p2a: Eiscue|Icicle Crash|p1a: Turtonator
|-damage|p1a: Turtonator|16/100
|cant|p1a: Turtonator|flinch
|
|upkeep
|turn|15
|
|move|p2a: Eiscue|Liquidation|p1a: Turtonator
|-damage|p1a: Turtonator|0 fnt
|faint|p1a: Turtonator
|
|upkeep
|
|switch|p1a: Reuniclus|Reuniclus, F|100/100
|-activate|p1a: Reuniclus|move: Sticky Web
|-unboost|p1a: Reuniclus|spe|1
|turn|16
|
|move|p2a: Eiscue|Icicle Crash|p1a: Reuniclus
|-damage|p1a: Reuniclus|66/100
|cant|p1a: Reuniclus|flinch
|
|-heal|p1a: Reuniclus|72/100|[from] item: Leftovers
|upkeep
|turn|17
|
|cant|p2a: Eiscue|par
|move|p1a: Reuniclus|Focus Blast|p2a: Eiscue
|-supereffective|p2a: Eiscue
|-damage|p2a: Eiscue|0 fnt
|faint|p2a: Eiscue
|
|-heal|p1a: Reuniclus|78/100|[from] item: Leftovers
|upkeep
|
|switch|p2a: Toxtricity|Toxtricity, M|100/100
|turn|18
|
|move|p2a: Toxtricity|Overdrive|p1a: Reuniclus
|-damage|p1a: Reuniclus|34/100
|-enditem|p2a: Toxtricity|Throat Spray
|-boost|p2a: Toxtricity|spa|1
|move|p1a: Reuniclus|Calm Mind|p1a: Reuniclus
|-boost|p1a: Reuniclus|spa|1
|-boost|p1a: Reuniclus|spd|1
|
|-heal|p1a: Reuniclus|40/100|[from] item: Leftovers
|-sideend|p1: Hamman329|Reflect
|upkeep
|turn|19
|
|switch|p1a: Conkeldurr|Conkeldurr, M|100/100
|-activate|p1a: Conkeldurr|move: Sticky Web
|-unboost|p1a: Conkeldurr|spe|1
|-damage|p1a: Conkeldurr|94/100|[from] Stealth Rock
|move|p2a: Toxtricity|Overdrive|p1a: Conkeldurr
|-damage|p1a: Conkeldurr|8/100
|
|-status|p1a: Conkeldurr|brn|[from] item: Flame Orb
|upkeep
|turn|20
|
|move|p1a: Conkeldurr|Mach Punch|p2a: Toxtricity
|-resisted|p2a: Toxtricity
|-damage|p2a: Toxtricity|72/100
|move|p2a: Toxtricity|Boomburst|p1a: Conkeldurr
|-damage|p1a: Conkeldurr|0 fnt
|faint|p1a: Conkeldurr
|
|upkeep
|
|switch|p1a: Grimmsnarl|Grimmsnarl, M|26/100
|-damage|p1a: Grimmsnarl|14/100|[from] Stealth Rock
|-activate|p1a: Grimmsnarl|move: Sticky Web
|-unboost|p1a: Grimmsnarl|spe|1
|turn|21
|
|move|p1a: Grimmsnarl|Light Screen|p1a: Grimmsnarl
|-sidestart|p1: Hamman329|move: Light Screen
|move|p2a: Toxtricity|Overdrive|p1a: Grimmsnarl
|-damage|p1a: Grimmsnarl|0 fnt
|faint|p1a: Grimmsnarl
|
|upkeep
|
|switch|p1a: Xatu|Xatu, F|100/100
|-damage|p1a: Xatu|76/100|[from] Stealth Rock
|turn|22
|
|move|p2a: Toxtricity|Overdrive|p1a: Xatu
|-supereffective|p1a: Xatu
|-damage|p1a: Xatu|0 fnt
|faint|p1a: Xatu
|
|upkeep
|
|switch|p1a: Reuniclus|Reuniclus, F|40/100
|-activate|p1a: Reuniclus|move: Sticky Web
|-unboost|p1a: Reuniclus|spe|1
|turn|23
|
|move|p2a: Toxtricity|Sludge Wave|p1a: Reuniclus
|-damage|p1a: Reuniclus|7/100
|move|p1a: Reuniclus|Recover|p1a: Reuniclus
|-heal|p1a: Reuniclus|57/100
|
|-heal|p1a: Reuniclus|63/100|[from] item: Leftovers
|upkeep
|turn|24
|
|move|p2a: Toxtricity|Overdrive|p1a: Reuniclus
|-damage|p1a: Reuniclus|26/100
|move|p1a: Reuniclus|Calm Mind|p1a: Reuniclus
|-boost|p1a: Reuniclus|spa|1
|-boost|p1a: Reuniclus|spd|1
|
|-heal|p1a: Reuniclus|32/100|[from] item: Leftovers
|upkeep
|turn|25
|
|move|p2a: Toxtricity|Boomburst|p1a: Reuniclus
|-damage|p1a: Reuniclus|5/100
|move|p1a: Reuniclus|Recover|p1a: Reuniclus
|-heal|p1a: Reuniclus|55/100
|
|-heal|p1a: Reuniclus|61/100|[from] item: Leftovers
|upkeep
|turn|26
|
|move|p2a: Toxtricity|Boomburst|p1a: Reuniclus
|-damage|p1a: Reuniclus|36/100
|move|p1a: Reuniclus|Calm Mind|p1a: Reuniclus
|-boost|p1a: Reuniclus|spa|1
|-boost|p1a: Reuniclus|spd|1
|
|-heal|p1a: Reuniclus|42/100|[from] item: Leftovers
|upkeep
|turn|27
|
|move|p2a: Toxtricity|Overdrive|p1a: Reuniclus
|-damage|p1a: Reuniclus|24/100
|move|p1a: Reuniclus|Calm Mind|p1a: Reuniclus
|-boost|p1a: Reuniclus|spa|1
|-boost|p1a: Reuniclus|spd|1
|
|-heal|p1a: Reuniclus|30/100|[from] item: Leftovers
|upkeep
|turn|28
|
|move|p2a: Toxtricity|Overdrive|p1a: Reuniclus
|-damage|p1a: Reuniclus|17/100
|move|p1a: Reuniclus|Recover|p1a: Reuniclus
|-heal|p1a: Reuniclus|67/100
|
|-heal|p1a: Reuniclus|73/100|[from] item: Leftovers
|-sideend|p1: Hamman329|move: Light Screen
|upkeep
|turn|29
|
|move|p2a: Toxtricity|Boomburst|p1a: Reuniclus
|-damage|p1a: Reuniclus|40/100
|move|p1a: Reuniclus|Recover|p1a: Reuniclus
|-heal|p1a: Reuniclus|90/100
|
|-heal|p1a: Reuniclus|96/100|[from] item: Leftovers
|upkeep
|turn|30
|
|move|p2a: Toxtricity|Sludge Wave|p1a: Reuniclus
|-damage|p1a: Reuniclus|72/100
|move|p1a: Reuniclus|Stored Power|p2a: Toxtricity
|-supereffective|p2a: Toxtricity
|-damage|p2a: Toxtricity|0 fnt
|faint|p2a: Toxtricity
|
|-heal|p1a: Reuniclus|78/100|[from] item: Leftovers
|upkeep
|
|switch|p2a: Drapion|Drapion, M|100/100
|turn|31
|
|move|p2a: Drapion|Leech Life|p1a: Reuniclus
|-supereffective|p1a: Reuniclus
|-damage|p1a: Reuniclus|46/100
|move|p1a: Reuniclus|Focus Blast|p2a: Drapion
|-damage|p2a: Drapion|12/100
|
|-heal|p1a: Reuniclus|52/100|[from] item: Leftovers
|upkeep
|turn|32
|
|move|p2a: Drapion|Leech Life|p1a: Reuniclus
|-supereffective|p1a: Reuniclus
|-damage|p1a: Reuniclus|17/100
|-heal|p2a: Drapion|37/100|[from] drain|[of] p1a: Reuniclus
|move|p1a: Reuniclus|Recover|p1a: Reuniclus
|-heal|p1a: Reuniclus|67/100
|
|-heal|p1a: Reuniclus|73/100|[from] item: Leftovers
|upkeep
|turn|33
|
|move|p2a: Drapion|Leech Life|p1a: Reuniclus
|-supereffective|p1a: Reuniclus
|-damage|p1a: Reuniclus|40/100
|-heal|p2a: Drapion|62/100|[from] drain|[of] p1a: Reuniclus
|move|p1a: Reuniclus|Focus Blast|p2a: Drapion|[miss]
|-miss|p1a: Reuniclus|p2a: Drapion
|
|-heal|p1a: Reuniclus|46/100|[from] item: Leftovers
|upkeep
|turn|34
|
|move|p2a: Drapion|Leech Life|p1a: Reuniclus
|-supereffective|p1a: Reuniclus
|-damage|p1a: Reuniclus|10/100
|-heal|p2a: Drapion|88/100|[from] drain|[of] p1a: Reuniclus
|move|p1a: Reuniclus|Recover|p1a: Reuniclus
|-heal|p1a: Reuniclus|61/100
|
|-heal|p1a: Reuniclus|67/100|[from] item: Leftovers
|upkeep
|turn|35
|
|move|p2a: Drapion|Leech Life|p1a: Reuniclus
|-supereffective|p1a: Reuniclus
|-damage|p1a: Reuniclus|31/100
|-heal|p2a: Drapion|100/100|[from] drain|[of] p1a: Reuniclus
|move|p1a: Reuniclus|Focus Blast|p2a: Drapion
|-damage|p2a: Drapion|9/100
|
|-heal|p1a: Reuniclus|37/100|[from] item: Leftovers
|upkeep
|turn|36
|
|move|p2a: Drapion|Leech Life|p1a: Reuniclus
|-supereffective|p1a: Reuniclus
|-damage|p1a: Reuniclus|1/100
|-heal|p2a: Drapion|36/100|[from] drain|[of] p1a: Reuniclus
|move|p1a: Reuniclus|Focus Blast|p2a: Drapion
|-damage|p2a: Drapion|0 fnt
|faint|p2a: Drapion
|
|win|Hamman329
|c|☆Hamman329|gg
|raw|Hamman329's rating: 1104 → 1129(+25 for winning)
|raw|Kickbutticus14's rating: 1106 → 1081(-25 for losing)
|l|☆Kickbutticus14
