|ScrapeTime|2020-01-02-00:34:33
|j|☆The Super Seviper
|j|☆Samwise777
|player|p1|The Super Seviper|101|1332
|player|p2|Samwise777|169|1385
|teamsize|p1|6
|teamsize|p2|6
|gametype|singles
|gen|8
|tier|[Gen 8] OU
|rated|
|rule|Sleep Clause Mod: Limit one foe put to sleep
|rule|Species Clause: Limit one of each Pokémon
|rule|OHKO Clause: OHKO moves are banned
|rule|Evasion Moves Clause: Evasion moves are banned
|rule|Endless Battle Clause: Forcing endless battles is banned
|rule|HP Percentage Mod: HP is shown in percentages
|clearpoke
|poke|p1|Coalossal, F|
|poke|p1|Clefable, M|
|poke|p1|Ferrothorn, M|
|poke|p1|Seismitoad, F|
|poke|p1|Hawlucha, F|
|poke|p1|Frosmoth, M|
|poke|p2|Hitmonlee, M|
|poke|p2|Espeon, M|
|poke|p2|Hydreigon, F|
|poke|p2|Aegislash, M|
|poke|p2|Clefable, F|
|poke|p2|Cinderace, M|
|rule|Dynamax Clause: You cannot dynamax
|teampreview
|inactive|Battle timer is ON: inactive players will automatically lose when time's up. (requested by Samwise777)
|
|start
|switch|p1a: Ferrothorn|Ferrothorn, M|100/100
|switch|p2a: Cinderace|Cinderace, M|100/100
|turn|1
|
|switch|p1a: Marge|Coalossal, F, shiny|100/100
|move|p2a: Cinderace|Pyro Ball|p1a: Marge
|-resisted|p1a: Marge
|-damage|p1a: Marge|89/100
|-ability|p1a: Marge|Steam Engine|boost
|-boost|p1a: Marge|spe|6
|
|upkeep
|turn|2
|
|switch|p2a: Hitmonlee|Hitmonlee, M|100/100
|move|p1a: Marge|Stone Edge|p2a: Hitmonlee|[miss]
|-miss|p1a: Marge|p2a: Hitmonlee
|
|upkeep
|turn|3
|
|move|p1a: Marge|Flare Blitz|p2a: Hitmonlee
|-damage|p2a: Hitmonlee|0 fnt
|-damage|p1a: Marge|69/100|[from] Recoil
|faint|p2a: Hitmonlee
|
|upkeep
|
|switch|p2a: Clefable|Clefable, F|100/100
|turn|4
|
|move|p1a: Marge|Flare Blitz|p2a: Clefable
|-damage|p2a: Clefable|62/100
|-damage|p1a: Marge|56/100|[from] Recoil
|move|p2a: Clefable|Moonblast|p1a: Marge
|-resisted|p1a: Marge
|-damage|p1a: Marge|43/100
|
|-heal|p2a: Clefable|68/100|[from] item: Leftovers
|upkeep
|turn|5
|
|move|p1a: Marge|Stone Edge|p2a: Clefable|[miss]
|-miss|p1a: Marge|p2a: Clefable
|move|p2a: Clefable|Moonlight|p2a: Clefable
|-heal|p2a: Clefable|100/100
|
|upkeep
|turn|6
|
|move|p1a: Marge|Stone Edge|p2a: Clefable
|-damage|p2a: Clefable|68/100
|move|p2a: Clefable|Stealth Rock|p1a: Marge
|-sidestart|p1: The Super Seviper|move: Stealth Rock
|
|-heal|p2a: Clefable|74/100|[from] item: Leftovers
|upkeep
|turn|7
|
|move|p1a: Marge|Stone Edge|p2a: Clefable
|-damage|p2a: Clefable|45/100
|move|p2a: Clefable|Moonblast|p1a: Marge
|-resisted|p1a: Marge
|-damage|p1a: Marge|28/100
|
|-heal|p2a: Clefable|51/100|[from] item: Leftovers
|upkeep
|turn|8
|
|move|p1a: Marge|Rapid Spin|p2a: Clefable
|-damage|p2a: Clefable|40/100
|-sideend|p1: The Super Seviper|Stealth Rock|[from] move: Rapid Spin|[of] p1a: Marge
|move|p2a: Clefable|Moonlight|p2a: Clefable
|-heal|p2a: Clefable|90/100
|
|-heal|p2a: Clefable|96/100|[from] item: Leftovers
|upkeep
|turn|9
|
|switch|p1a: Ferrothorn|Ferrothorn, M|100/100
|move|p2a: Clefable|Calm Mind|p2a: Clefable
|-boost|p2a: Clefable|spa|1
|-boost|p2a: Clefable|spd|1
|
|-heal|p2a: Clefable|100/100|[from] item: Leftovers
|upkeep
|turn|10
|
|move|p2a: Clefable|Stealth Rock|p1a: Ferrothorn
|-sidestart|p1: The Super Seviper|move: Stealth Rock
|move|p1a: Ferrothorn|Gyro Ball|p2a: Clefable
|-supereffective|p2a: Clefable
|-damage|p2a: Clefable|50/100
|
|-heal|p2a: Clefable|56/100|[from] item: Leftovers
|upkeep
|turn|11
|
|switch|p2a: Cinderace|Cinderace, M|100/100
|move|p1a: Ferrothorn|Gyro Ball|p2a: Cinderace
|-resisted|p2a: Cinderace
|-damage|p2a: Cinderace|67/100
|
|upkeep
|turn|12
|
|move|p2a: Cinderace|Taunt|p1a: Ferrothorn
|-start|p1a: Ferrothorn|move: Taunt
|cant|p1a: Ferrothorn|move: Taunt|Spikes
|
|upkeep
|turn|13
|
|switch|p1a: Marge|Coalossal, F, shiny|28/100
|move|p2a: Cinderace|Pyro Ball|p1a: Marge
|-resisted|p1a: Marge
|-damage|p1a: Marge|16/100
|-ability|p1a: Marge|Steam Engine|boost
|-boost|p1a: Marge|spe|6
|
|upkeep
|turn|14
|
|move|p2a: Cinderace|Sucker Punch|p1a: Marge
|-damage|p1a: Marge|0 fnt
|faint|p1a: Marge
|
|upkeep
|
|switch|p1a: Hawlucha|Hawlucha, F|100/100
|-damage|p1a: Hawlucha|88/100|[from] Stealth Rock
|turn|15
|
|move|p2a: Cinderace|Pyro Ball|p1a: Hawlucha
|-damage|p1a: Hawlucha|2/100
|move|p1a: Hawlucha|Swords Dance|p1a: Hawlucha
|-boost|p1a: Hawlucha|atk|2
|
|upkeep
|turn|16
|
|move|p2a: Cinderace|Sucker Punch|p1a: Hawlucha
|-resisted|p1a: Hawlucha
|-damage|p1a: Hawlucha|0 fnt
|faint|p1a: Hawlucha
|
|upkeep
|
|switch|p1a: Seismitoad|Seismitoad, F|100/100
|-damage|p1a: Seismitoad|94/100|[from] Stealth Rock
|turn|17
|
|move|p2a: Cinderace|Taunt|p1a: Seismitoad
|-start|p1a: Seismitoad|move: Taunt
|cant|p1a: Seismitoad|move: Taunt|Stealth Rock
|
|-heal|p1a: Seismitoad|100/100|[from] item: Leftovers
|upkeep
|turn|18
|
|switch|p2a: Aegislash|Aegislash, M|100/100
|move|p1a: Seismitoad|Earthquake|p2a: Aegislash
|-supereffective|p2a: Aegislash
|-damage|p2a: Aegislash|45/100
|
|-heal|p2a: Aegislash|51/100|[from] item: Leftovers
|upkeep
|turn|19
|
|move|p1a: Seismitoad|Scald|p2a: Aegislash
|-damage|p2a: Aegislash|33/100
|move|p2a: Aegislash|Swords Dance|p2a: Aegislash
|-boost|p2a: Aegislash|atk|2
|
|-heal|p2a: Aegislash|40/100|[from] item: Leftovers
|-end|p1a: Seismitoad|move: Taunt
|upkeep
|turn|20
|
|-formechange|p2a: Aegislash|Aegislash-Blade||[from] ability: Stance Change
|move|p2a: Aegislash|Shadow Sneak|p1a: Seismitoad
|-damage|p1a: Seismitoad|69/100
|move|p1a: Seismitoad|Earthquake|p2a: Aegislash
|-supereffective|p2a: Aegislash
|-damage|p2a: Aegislash|0 fnt
|faint|p2a: Aegislash
|
|-heal|p1a: Seismitoad|75/100|[from] item: Leftovers
|upkeep
|
|switch|p2a: Espeon|Espeon, M|100/100
|turn|21
|
|switch|p1a: Ferrothorn|Ferrothorn, M|100/100
|-damage|p1a: Ferrothorn|94/100|[from] Stealth Rock
|move|p2a: Espeon|Trick|p1a: Ferrothorn
|-activate|p2a: Espeon|move: Trick|[of] p1a: Ferrothorn
|-item|p1a: Ferrothorn|Choice Specs|[from] move: Trick
|-item|p2a: Espeon|Rocky Helmet|[from] move: Trick
|
|upkeep
|turn|22
|
|switch|p2a: Cinderace|Cinderace, M|67/100
|move|p1a: Ferrothorn|Gyro Ball|p2a: Cinderace
|-resisted|p2a: Cinderace
|-damage|p2a: Cinderace|33/100
|
|upkeep
|turn|23
|
|move|p2a: Cinderace|Pyro Ball|p1a: Ferrothorn
|-supereffective|p1a: Ferrothorn
|-damage|p1a: Ferrothorn|0 fnt
|faint|p1a: Ferrothorn
|
|upkeep
|
|switch|p1a: Seismitoad|Seismitoad, F|75/100
|-damage|p1a: Seismitoad|69/100|[from] Stealth Rock
|turn|24
|
|move|p2a: Cinderace|Pyro Ball|p1a: Seismitoad
|-resisted|p1a: Seismitoad
|-damage|p1a: Seismitoad|37/100
|move|p1a: Seismitoad|Scald|p2a: Cinderace
|-supereffective|p2a: Cinderace
|-damage|p2a: Cinderace|0 fnt
|faint|p2a: Cinderace
|
|-heal|p1a: Seismitoad|43/100|[from] item: Leftovers
|upkeep
|
|switch|p2a: Hydreigon|Hydreigon, F|100/100
|turn|25
|
|switch|p1a: Clefable|Clefable, M|100/100
|move|p2a: Hydreigon|U-turn|p1a: Clefable
|-resisted|p1a: Clefable
|-damage|p1a: Clefable|90/100
|
|switch|p2a: Espeon|Espeon, M|100/100|[from]move: U-turn
|
|upkeep
|turn|26
|
|move|p2a: Espeon|Dazzling Gleam|p1a: Clefable
|-damage|p1a: Clefable|58/100
|move|p1a: Clefable|Moonblast|p2a: Espeon
|-damage|p2a: Espeon|31/100
|-unboost|p2a: Espeon|spa|1
|
|upkeep
|turn|27
|
|move|p2a: Espeon|Trick|p1a: Clefable
|-activate|p2a: Espeon|move: Trick|[of] p1a: Clefable
|-item|p1a: Clefable|Rocky Helmet|[from] move: Trick
|-item|p2a: Espeon|Life Orb|[from] move: Trick
|move|p1a: Clefable|Moonlight|p1a: Clefable
|-heal|p1a: Clefable|100/100
|
|upkeep
|turn|28
|
|move|p2a: Espeon|Psychic|p1a: Clefable
|-damage|p1a: Clefable|57/100
|-damage|p2a: Espeon|21/100|[from] item: Life Orb
|move|p1a: Clefable|Moonblast|p2a: Espeon
|-damage|p2a: Espeon|0 fnt
|faint|p2a: Espeon
|
|upkeep
|
|switch|p2a: Clefable|Clefable, F|56/100
|turn|29
|
|switch|p1a: Frosmoth|Frosmoth, M|100/100
|-damage|p1a: Frosmoth|51/100|[from] Stealth Rock
|move|p2a: Clefable|Moonlight|p2a: Clefable
|-heal|p2a: Clefable|100/100
|
|upkeep
|turn|30
|
|move|p1a: Frosmoth|Quiver Dance|p1a: Frosmoth
|-boost|p1a: Frosmoth|spa|1
|-boost|p1a: Frosmoth|spd|1
|-boost|p1a: Frosmoth|spe|1
|move|p2a: Clefable|Calm Mind|p2a: Clefable
|-boost|p2a: Clefable|spa|1
|-boost|p2a: Clefable|spd|1
|
|upkeep
|turn|31
|
|move|p1a: Frosmoth|Quiver Dance|p1a: Frosmoth
|-boost|p1a: Frosmoth|spa|1
|-boost|p1a: Frosmoth|spd|1
|-boost|p1a: Frosmoth|spe|1
|move|p2a: Clefable|Calm Mind|p2a: Clefable
|-boost|p2a: Clefable|spa|1
|-boost|p2a: Clefable|spd|1
|
|upkeep
|turn|32
|
|move|p1a: Frosmoth|Quiver Dance|p1a: Frosmoth
|-boost|p1a: Frosmoth|spa|1
|-boost|p1a: Frosmoth|spd|1
|-boost|p1a: Frosmoth|spe|1
|move|p2a: Clefable|Moonblast|p1a: Frosmoth
|-damage|p1a: Frosmoth|34/100
|
|upkeep
|turn|33
|
|move|p1a: Frosmoth|Quiver Dance|p1a: Frosmoth
|-boost|p1a: Frosmoth|spa|1
|-boost|p1a: Frosmoth|spd|1
|-boost|p1a: Frosmoth|spe|1
|move|p2a: Clefable|Calm Mind|p2a: Clefable
|-boost|p2a: Clefable|spa|1
|-boost|p2a: Clefable|spd|1
|
|upkeep
|turn|34
|
|move|p1a: Frosmoth|Giga Drain|p2a: Clefable
|-damage|p2a: Clefable|68/100
|-heal|p1a: Frosmoth|56/100|[from] drain|[of] p2a: Clefable
|move|p2a: Clefable|Calm Mind|p2a: Clefable
|-boost|p2a: Clefable|spa|1
|-boost|p2a: Clefable|spd|1
|
|-heal|p2a: Clefable|74/100|[from] item: Leftovers
|upkeep
|turn|35
|
|move|p1a: Frosmoth|Quiver Dance|p1a: Frosmoth
|-boost|p1a: Frosmoth|spa|1
|-boost|p1a: Frosmoth|spd|1
|-boost|p1a: Frosmoth|spe|1
|move|p2a: Clefable|Calm Mind|p2a: Clefable
|-boost|p2a: Clefable|spa|1
|-boost|p2a: Clefable|spd|1
|
|-heal|p2a: Clefable|80/100|[from] item: Leftovers
|upkeep
|turn|36
|
|move|p1a: Frosmoth|Quiver Dance|p1a: Frosmoth
|-boost|p1a: Frosmoth|spa|1
|-boost|p1a: Frosmoth|spd|1
|-boost|p1a: Frosmoth|spe|1
|move|p2a: Clefable|Calm Mind|p2a: Clefable
|-boost|p2a: Clefable|spa|1
|-boost|p2a: Clefable|spd|1
|
|-heal|p2a: Clefable|87/100|[from] item: Leftovers
|upkeep
|turn|37
|
|move|p1a: Frosmoth|Giga Drain|p2a: Clefable
|-damage|p2a: Clefable|60/100
|-heal|p1a: Frosmoth|75/100|[from] drain|[of] p2a: Clefable
|move|p2a: Clefable|Moonblast|p1a: Frosmoth
|-damage|p1a: Frosmoth|55/100
|-unboost|p1a: Frosmoth|spa|1
|
|-heal|p2a: Clefable|66/100|[from] item: Leftovers
|upkeep
|turn|38
|
|move|p1a: Frosmoth|Bug Buzz|p2a: Clefable
|-resisted|p2a: Clefable
|-damage|p2a: Clefable|47/100
|-enditem|p1a: Frosmoth|Throat Spray
|-boost|p1a: Frosmoth|spa|1
|move|p2a: Clefable|Moonblast|p1a: Frosmoth
|-damage|p1a: Frosmoth|35/100
|-unboost|p1a: Frosmoth|spa|1
|
|-heal|p2a: Clefable|53/100|[from] item: Leftovers
|upkeep
|turn|39
|
|move|p1a: Frosmoth|Giga Drain|p2a: Clefable
|-damage|p2a: Clefable|28/100
|-heal|p1a: Frosmoth|52/100|[from] drain|[of] p2a: Clefable
|move|p2a: Clefable|Moonlight|p2a: Clefable
|-heal|p2a: Clefable|78/100
|
|-heal|p2a: Clefable|84/100|[from] item: Leftovers
|upkeep
|turn|40
|
|move|p1a: Frosmoth|Quiver Dance|p1a: Frosmoth
|-boost|p1a: Frosmoth|spa|1
|-boost|p1a: Frosmoth|spd|0
|-boost|p1a: Frosmoth|spe|0
|move|p2a: Clefable|Moonblast|p1a: Frosmoth
|-damage|p1a: Frosmoth|31/100
|
|-heal|p2a: Clefable|90/100|[from] item: Leftovers
|upkeep
|turn|41
|
|move|p1a: Frosmoth|Giga Drain|p2a: Clefable
|-damage|p2a: Clefable|63/100
|-heal|p1a: Frosmoth|50/100|[from] drain|[of] p2a: Clefable
|move|p2a: Clefable|Moonblast|p1a: Frosmoth
|-damage|p1a: Frosmoth|29/100
|
|-heal|p2a: Clefable|69/100|[from] item: Leftovers
|upkeep
|turn|42
|inactive|Samwise777 has 120 seconds left.
|
|move|p1a: Frosmoth|Giga Drain|p2a: Clefable
|-damage|p2a: Clefable|45/100
|-heal|p1a: Frosmoth|46/100|[from] drain|[of] p2a: Clefable
|move|p2a: Clefable|Moonblast|p1a: Frosmoth
|-damage|p1a: Frosmoth|27/100
|
|-heal|p2a: Clefable|51/100|[from] item: Leftovers
|upkeep
|turn|43
|inactive|Samwise777 has 120 seconds left.
|
|move|p1a: Frosmoth|Ice Beam|p2a: Clefable
|-damage|p2a: Clefable|0 fnt
|faint|p2a: Clefable
|
|upkeep
|inactive|Samwise777 has 120 seconds left.
|
|switch|p2a: Hydreigon|Hydreigon, F|100/100
|turn|44
|
|move|p1a: Frosmoth|Ice Beam|p2a: Hydreigon
|-supereffective|p2a: Hydreigon
|-damage|p2a: Hydreigon|0 fnt
|faint|p2a: Hydreigon
|
|win|The Super Seviper
|c|☆The Super Seviper|gg
|raw|The Super Seviper's rating: 1332 → 1355(+23 for winning)
|raw|Samwise777's rating: 1385 → 1362(-23 for losing)
|l|☆Samwise777
