|ScrapeTime|2020-01-02-02:36:41
|j|☆Kingdra
|j|☆Allisonwasrobbed
|player|p1|Kingdra|101|1187
|player|p2|Allisonwasrobbed|flint|1195
|teamsize|p1|6
|teamsize|p2|6
|gametype|singles
|gen|8
|tier|[Gen 8] OU
|rated|
|rule|Sleep Clause Mod: Limit one foe put to sleep
|rule|Species Clause: Limit one of each Pokémon
|rule|OHKO Clause: OHKO moves are banned
|rule|Evasion Moves Clause: Evasion moves are banned
|rule|Endless Battle Clause: Forcing endless battles is banned
|rule|HP Percentage Mod: HP is shown in percentages
|clearpoke
|poke|p1|Hydreigon, M|
|poke|p1|Clefable, M|
|poke|p1|Seismitoad, F|
|poke|p1|Ditto|
|poke|p1|Corviknight, M|
|poke|p1|Mandibuzz, F|
|poke|p2|Corviknight, F|
|poke|p2|Rotom-Heat|
|poke|p2|Dugtrio, F|
|poke|p2|Seismitoad, M|
|poke|p2|Clefable, F|
|poke|p2|Dragapult, F|
|rule|Dynamax Clause: You cannot dynamax
|teampreview
|inactive|Battle timer is ON: inactive players will automatically lose when time's up. (requested by Kingdra)
|
|start
|switch|p1a: Seismitoad|Seismitoad, F|100/100
|switch|p2a: Seismitoad|Seismitoad, M|100/100
|turn|1
|
|move|p1a: Seismitoad|Toxic|p2a: Seismitoad
|-status|p2a: Seismitoad|tox
|move|p2a: Seismitoad|Stealth Rock|p1a: Seismitoad
|-sidestart|p1: Kingdra|move: Stealth Rock
|
|-damage|p2a: Seismitoad|94/100 tox|[from] psn
|upkeep
|turn|2
|
|switch|p1a: Clefable|Clefable, M|100/100
|switch|p2a: Dragapult|Dragapult, F|100/100
|
|upkeep
|turn|3
|
|move|p2a: Dragapult|Substitute|p2a: Dragapult
|-start|p2a: Dragapult|Substitute
|-damage|p2a: Dragapult|76/100
|move|p1a: Clefable|Moonblast|p2a: Dragapult
|-supereffective|p2a: Dragapult
|-end|p2a: Dragapult|Substitute
|
|-heal|p2a: Dragapult|82/100|[from] item: Leftovers
|upkeep
|turn|4
|
|switch|p1a: Seismitoad|Seismitoad, F|100/100
|-damage|p1a: Seismitoad|94/100|[from] Stealth Rock
|move|p2a: Dragapult|Disable||[still]
|-fail|p2a: Dragapult
|
|-heal|p2a: Dragapult|88/100|[from] item: Leftovers
|-heal|p1a: Seismitoad|100/100|[from] item: Leftovers
|upkeep
|turn|5
|
|move|p2a: Dragapult|Substitute|p2a: Dragapult
|-start|p2a: Dragapult|Substitute
|-damage|p2a: Dragapult|63/100
|move|p1a: Seismitoad|Stealth Rock|p2a: Dragapult
|-sidestart|p2: Allisonwasrobbed|move: Stealth Rock
|
|-heal|p2a: Dragapult|69/100|[from] item: Leftovers
|upkeep
|turn|6
|
|switch|p1a: Mandibuzz|Mandibuzz, F|100/100
|move|p2a: Dragapult|Will-O-Wisp|p1a: Mandibuzz
|-status|p1a: Mandibuzz|brn
|
|-heal|p2a: Dragapult|75/100|[from] item: Leftovers
|-damage|p1a: Mandibuzz|94/100 brn|[from] brn
|upkeep
|turn|7
|
|move|p2a: Dragapult|Hex|p1a: Mandibuzz
|-resisted|p1a: Mandibuzz
|-damage|p1a: Mandibuzz|77/100 brn
|move|p1a: Mandibuzz|Knock Off|p2a: Dragapult
|-supereffective|p2a: Dragapult
|-end|p2a: Dragapult|Substitute
|
|-heal|p2a: Dragapult|81/100|[from] item: Leftovers
|-damage|p1a: Mandibuzz|71/100 brn|[from] brn
|upkeep
|turn|8
|
|switch|p2a: Seismitoad|Seismitoad, M|94/100 tox
|-damage|p2a: Seismitoad|88/100 tox|[from] Stealth Rock
|switch|p1a: Hydreigon|Hydreigon, M|100/100
|-damage|p1a: Hydreigon|88/100|[from] Stealth Rock
|
|-heal|p1a: Hydreigon|94/100|[from] item: Leftovers
|-heal|p2a: Seismitoad|94/100 tox|[from] item: Leftovers
|-damage|p2a: Seismitoad|88/100 tox|[from] psn
|upkeep
|turn|9
|
|switch|p2a: Clefable|Clefable, F|100/100
|move|p1a: Hydreigon|Substitute|p1a: Hydreigon
|-start|p1a: Hydreigon|Substitute
|-damage|p1a: Hydreigon|69/100
|
|-heal|p1a: Hydreigon|76/100|[from] item: Leftovers
|upkeep
|turn|10
|
|move|p1a: Hydreigon|Nasty Plot|p1a: Hydreigon
|-boost|p1a: Hydreigon|spa|2
|move|p2a: Clefable|Moonblast|p1a: Hydreigon
|-supereffective|p1a: Hydreigon
|-end|p1a: Hydreigon|Substitute
|
|-heal|p1a: Hydreigon|82/100|[from] item: Leftovers
|upkeep
|turn|11
|
|move|p1a: Hydreigon|Flash Cannon|p2a: Clefable
|-supereffective|p2a: Clefable
|-damage|p2a: Clefable|0 fnt
|faint|p2a: Clefable
|
|-heal|p1a: Hydreigon|88/100|[from] item: Leftovers
|upkeep
|
|switch|p2a: Rotom|Rotom-Heat|100/100
|-damage|p2a: Rotom|76/100|[from] Stealth Rock
|turn|12
|
|move|p2a: Rotom|Trick|p1a: Hydreigon
|-activate|p2a: Rotom|move: Trick|[of] p1a: Hydreigon
|-item|p1a: Hydreigon|Choice Scarf|[from] move: Trick
|-item|p2a: Rotom|Leftovers|[from] move: Trick
|move|p1a: Hydreigon|Dark Pulse|p2a: Rotom
|-damage|p2a: Rotom|0 fnt
|faint|p2a: Rotom
|
|upkeep
|
|switch|p2a: Corviknight|Corviknight, F|100/100
|-damage|p2a: Corviknight|88/100|[from] Stealth Rock
|-ability|p2a: Corviknight|Pressure
|turn|13
|-message|Allisonwasrobbed forfeited.
|
|win|Kingdra
|l|☆Allisonwasrobbed
|raw|Kingdra's rating: 1187 → 1213(+26 for winning)
|raw|Allisonwasrobbed's rating: 1195 → 1170(-25 for losing)
