|ScrapeTime|2020-01-01-17:24:34
|j|☆ImDaTa
|j|☆Krisjuan
|player|p1|ImDaTa|135|1399
|player|p2|Krisjuan|170|1444
|teamsize|p1|6
|teamsize|p2|6
|gametype|singles
|gen|8
|tier|[Gen 8] OU
|rated|
|rule|Sleep Clause Mod: Limit one foe put to sleep
|rule|Species Clause: Limit one of each Pokémon
|rule|OHKO Clause: OHKO moves are banned
|rule|Evasion Moves Clause: Evasion moves are banned
|rule|Endless Battle Clause: Forcing endless battles is banned
|rule|HP Percentage Mod: HP is shown in percentages
|clearpoke
|poke|p1|Alcremie, F|
|poke|p1|Seismitoad, F|
|poke|p1|Corviknight, M|
|poke|p1|Ditto|
|poke|p1|Dragapult, M|
|poke|p1|Sirfetch'd, F|
|poke|p2|Pyukumuku, M|
|poke|p2|Corsola-Galar, M|
|poke|p2|Ferrothorn, F|
|poke|p2|Eldegoss, M|
|poke|p2|Gastrodon, M|
|poke|p2|Araquanid, F|
|rule|Dynamax Clause: You cannot dynamax
|teampreview
|c|☆Krisjuan|glhf
|inactive|Battle timer is ON: inactive players will automatically lose when time's up. (requested by Krisjuan)
|c|☆ImDaTa|u2
|
|start
|switch|p1a: Dragapult|Dragapult, M|100/100
|switch|p2a: Ferrothorn|Ferrothorn, F|100/100
|turn|1
|
|switch|p2a: Eldegoss|Eldegoss, M|100/100
|move|p1a: Dragapult|Fire Blast|p2a: Eldegoss
|-supereffective|p2a: Eldegoss
|-damage|p2a: Eldegoss|36/100
|
|-heal|p2a: Eldegoss|42/100|[from] item: Leftovers
|upkeep
|turn|2
|
|switch|p2a: Araquanid|Araquanid, F|100/100
|move|p1a: Dragapult|Fire Blast|p2a: Araquanid|[miss]
|-miss|p1a: Dragapult|p2a: Araquanid
|
|upkeep
|turn|3
|
|switch|p1a: Seismitoad|Seismitoad, F|100/100
|move|p2a: Araquanid|Leech Life|p1a: Seismitoad
|-damage|p1a: Seismitoad|78/100
|
|-heal|p1a: Seismitoad|84/100|[from] item: Leftovers
|upkeep
|turn|4
|
|switch|p2a: Ferrothorn|Ferrothorn, F|100/100
|move|p1a: Seismitoad|Stealth Rock|p2a: Ferrothorn
|-sidestart|p2: Krisjuan|move: Stealth Rock
|
|-heal|p1a: Seismitoad|90/100|[from] item: Leftovers
|upkeep
|turn|5
|
|switch|p1a: Sirfetch'd|Sirfetch'd, F|100/100
|move|p2a: Ferrothorn|Spikes|p1a: Sirfetch'd
|-sidestart|p1: ImDaTa|Spikes
|
|upkeep
|turn|6
|
|switch|p2a: Pyukumuku|Pyukumuku, M|100/100
|-damage|p2a: Pyukumuku|88/100|[from] Stealth Rock
|move|p1a: Sirfetch'd|Knock Off|p2a: Pyukumuku
|-damage|p2a: Pyukumuku|58/100
|-enditem|p2a: Pyukumuku|Leftovers|[from] move: Knock Off|[of] p1a: Sirfetch'd
|-damage|p1a: Sirfetch'd|91/100|[from] item: Life Orb
|
|upkeep
|turn|7
|
|switch|p1a: Seismitoad|Seismitoad, F|90/100
|-damage|p1a: Seismitoad|77/100|[from] Spikes
|move|p2a: Pyukumuku|Toxic|p1a: Seismitoad
|-status|p1a: Seismitoad|tox
|
|-heal|p1a: Seismitoad|84/100 tox|[from] item: Leftovers
|-damage|p1a: Seismitoad|77/100 tox|[from] psn
|upkeep
|turn|8
|
|move|p1a: Seismitoad|Toxic|p2a: Pyukumuku
|-status|p2a: Pyukumuku|tox
|move|p2a: Pyukumuku|Recover|p2a: Pyukumuku
|-heal|p2a: Pyukumuku|100/100 tox
|
|-heal|p1a: Seismitoad|84/100 tox|[from] item: Leftovers
|-damage|p1a: Seismitoad|71/100 tox|[from] psn
|-damage|p2a: Pyukumuku|94/100 tox|[from] psn
|upkeep
|turn|9
|
|switch|p1a: Alcremie|Alcremie, F|100/100
|-damage|p1a: Alcremie|88/100|[from] Spikes
|switch|p2a: Corsola|Corsola-Galar, M|100/100
|-damage|p2a: Corsola|88/100|[from] Stealth Rock
|
|-heal|p1a: Alcremie|94/100|[from] item: Leftovers
|upkeep
|turn|10
|
|move|p1a: Alcremie|Dazzling Gleam|p2a: Corsola
|-crit|p2a: Corsola
|-damage|p2a: Corsola|64/100
|move|p2a: Corsola|Stealth Rock|p1a: Alcremie
|-sidestart|p1: ImDaTa|move: Stealth Rock
|
|-heal|p1a: Alcremie|99/100|[from] item: Leftovers
|upkeep
|turn|11
|
|switch|p1a: Corviknight|Corviknight, M|100/100
|-damage|p1a: Corviknight|88/100|[from] Stealth Rock
|-ability|p1a: Corviknight|Pressure
|switch|p2a: Eldegoss|Eldegoss, M|75/100
|-damage|p2a: Eldegoss|63/100|[from] Stealth Rock
|
|-heal|p1a: Corviknight|94/100|[from] item: Leftovers
|-heal|p2a: Eldegoss|69/100|[from] item: Leftovers
|upkeep
|turn|12
|
|move|p1a: Corviknight|Brave Bird|p2a: Eldegoss
|-supereffective|p2a: Eldegoss
|-damage|p2a: Eldegoss|0 fnt
|-damage|p1a: Corviknight|76/100|[from] Recoil
|faint|p2a: Eldegoss
|
|-heal|p1a: Corviknight|82/100|[from] item: Leftovers
|upkeep
|
|switch|p2a: Corsola|Corsola-Galar, M|64/100
|-damage|p2a: Corsola|52/100|[from] Stealth Rock
|turn|13
|
|move|p1a: Corviknight|Defog|p2a: Corsola
|-unboost|p2a: Corsola|evasion|1
|-sideend|p2: Krisjuan|Stealth Rock|[from] move: Defog|[of] p1a: Corviknight
|-sideend|p1: ImDaTa|Spikes|[from] move: Defog|[of] p1a: Corviknight
|-sideend|p1: ImDaTa|Stealth Rock|[from] move: Defog|[of] p1a: Corviknight
|move|p2a: Corsola|Will-O-Wisp|p1a: Corviknight
|-status|p1a: Corviknight|brn
|
|-heal|p1a: Corviknight|88/100 brn|[from] item: Leftovers
|-damage|p1a: Corviknight|82/100 brn|[from] brn
|upkeep
|turn|14
|
|move|p1a: Corviknight|U-turn|p2a: Corsola
|-resisted|p2a: Corsola
|-damage|p2a: Corsola|49/100
|
|switch|p1a: Ditto|Ditto|100/100|[from]move: U-turn
|-transform|p1a: Ditto|p2a: Corsola|[from] ability: Imposter
|move|p2a: Corsola|Strength Sap|p1a: Ditto
|-unboost|p1a: Ditto|atk|1
|-heal|p2a: Corsola|81/100
|
|upkeep
|turn|15
|
|move|p1a: Ditto|Stealth Rock|p2a: Corsola
|-sidestart|p2: Krisjuan|move: Stealth Rock
|move|p2a: Corsola|Stealth Rock|p1a: Ditto
|-sidestart|p1: ImDaTa|move: Stealth Rock
|
|upkeep
|turn|16
|
|switch|p1a: Corviknight|Corviknight, M|82/100 brn
|-damage|p1a: Corviknight|70/100 brn|[from] Stealth Rock
|-ability|p1a: Corviknight|Pressure
|switch|p2a: Ferrothorn|Ferrothorn, F|100/100
|-damage|p2a: Ferrothorn|94/100|[from] Stealth Rock
|
|-heal|p1a: Corviknight|76/100 brn|[from] item: Leftovers
|-heal|p2a: Ferrothorn|100/100|[from] item: Leftovers
|-damage|p1a: Corviknight|70/100 brn|[from] brn
|upkeep
|turn|17
|
|move|p1a: Corviknight|Roost|p1a: Corviknight
|-heal|p1a: Corviknight|100/100 brn
|-singleturn|p1a: Corviknight|move: Roost
|move|p2a: Ferrothorn|Leech Seed|p1a: Corviknight
|-start|p1a: Corviknight|move: Leech Seed
|
|-damage|p1a: Corviknight|88/100 brn|[from] Leech Seed|[of] p2a: Ferrothorn
|-damage|p1a: Corviknight|82/100 brn|[from] brn
|upkeep
|turn|18
|
|switch|p1a: Dragapult|Dragapult, M|100/100
|-damage|p1a: Dragapult|88/100|[from] Stealth Rock
|move|p2a: Ferrothorn|Knock Off|p1a: Dragapult
|-supereffective|p1a: Dragapult
|-damage|p1a: Dragapult|26/100
|-enditem|p1a: Dragapult|Choice Specs|[from] move: Knock Off|[of] p2a: Ferrothorn
|
|upkeep
|turn|19
|
|switch|p2a: Gastrodon|Gastrodon, M|100/100
|-damage|p2a: Gastrodon|94/100|[from] Stealth Rock
|move|p1a: Dragapult|Fire Blast|p2a: Gastrodon
|-resisted|p2a: Gastrodon
|-damage|p2a: Gastrodon|79/100
|
|-heal|p2a: Gastrodon|85/100|[from] item: Leftovers
|upkeep
|turn|20
|
|move|p1a: Dragapult|U-turn|p2a: Gastrodon
|-damage|p2a: Gastrodon|72/100
|
|switch|p1a: Seismitoad|Seismitoad, F|71/100 tox|[from]move: U-turn
|-damage|p1a: Seismitoad|65/100 tox|[from] Stealth Rock
|move|p2a: Gastrodon|Ice Beam|p1a: Seismitoad
|-damage|p1a: Seismitoad|43/100 tox
|
|-heal|p1a: Seismitoad|49/100 tox|[from] item: Leftovers
|-heal|p2a: Gastrodon|78/100|[from] item: Leftovers
|-damage|p1a: Seismitoad|43/100 tox|[from] psn
|upkeep
|turn|21
|
|switch|p2a: Ferrothorn|Ferrothorn, F|100/100
|-damage|p2a: Ferrothorn|94/100|[from] Stealth Rock
|move|p1a: Seismitoad|Toxic|p2a: Ferrothorn|[miss]
|-miss|p1a: Seismitoad|p2a: Ferrothorn
|
|-heal|p1a: Seismitoad|49/100 tox|[from] item: Leftovers
|-heal|p2a: Ferrothorn|100/100|[from] item: Leftovers
|-damage|p1a: Seismitoad|37/100 tox|[from] psn
|upkeep
|turn|22
|
|switch|p1a: Alcremie|Alcremie, F|99/100
|-damage|p1a: Alcremie|88/100|[from] Stealth Rock
|move|p2a: Ferrothorn|Leech Seed|p1a: Alcremie
|-start|p1a: Alcremie|move: Leech Seed
|
|-heal|p1a: Alcremie|94/100|[from] item: Leftovers
|-damage|p1a: Alcremie|82/100|[from] Leech Seed|[of] p2a: Ferrothorn
|upkeep
|turn|23
|
|switch|p1a: Corviknight|Corviknight, M|82/100 brn
|-damage|p1a: Corviknight|69/100 brn|[from] Stealth Rock
|-ability|p1a: Corviknight|Pressure
|switch|p2a: Gastrodon|Gastrodon, M|78/100
|-damage|p2a: Gastrodon|72/100|[from] Stealth Rock
|
|-heal|p1a: Corviknight|75/100 brn|[from] item: Leftovers
|-heal|p2a: Gastrodon|78/100|[from] item: Leftovers
|-damage|p1a: Corviknight|69/100 brn|[from] brn
|upkeep
|turn|24
|
|move|p1a: Corviknight|Brave Bird|p2a: Gastrodon
|-damage|p2a: Gastrodon|65/100
|-damage|p1a: Corviknight|64/100 brn|[from] Recoil
|move|p2a: Gastrodon|Recover|p2a: Gastrodon
|-heal|p2a: Gastrodon|100/100
|
|-heal|p1a: Corviknight|71/100 brn|[from] item: Leftovers
|-damage|p1a: Corviknight|64/100 brn|[from] brn
|upkeep
|turn|25
|
|move|p1a: Corviknight|Defog|p2a: Gastrodon
|-unboost|p2a: Gastrodon|evasion|1
|-sideend|p2: Krisjuan|Stealth Rock|[from] move: Defog|[of] p1a: Corviknight
|-sideend|p1: ImDaTa|Stealth Rock|[from] move: Defog|[of] p1a: Corviknight
|move|p2a: Gastrodon|Ice Beam|p1a: Corviknight
|-damage|p1a: Corviknight|49/100 brn
|
|-heal|p1a: Corviknight|55/100 brn|[from] item: Leftovers
|-damage|p1a: Corviknight|49/100 brn|[from] brn
|upkeep
|turn|26
|
|move|p1a: Corviknight|Roost|p1a: Corviknight
|-heal|p1a: Corviknight|99/100 brn
|-singleturn|p1a: Corviknight|move: Roost
|move|p2a: Gastrodon|Scald|p1a: Corviknight
|-damage|p1a: Corviknight|80/100 brn
|
|-heal|p1a: Corviknight|86/100 brn|[from] item: Leftovers
|-damage|p1a: Corviknight|80/100 brn|[from] brn
|upkeep
|turn|27
|
|switch|p2a: Corsola|Corsola-Galar, M|81/100
|move|p1a: Corviknight|U-turn|p2a: Corsola
|-resisted|p2a: Corsola
|-damage|p2a: Corsola|79/100
|-start|p1a: Corviknight|Disable|U-turn|[from] ability: Cursed Body|[of] p2a: Corsola
|
|switch|p1a: Dragapult|Dragapult, M|26/100|[from]move: U-turn
|
|upkeep
|turn|28
|
|move|p1a: Dragapult|Shadow Ball|p2a: Corsola
|-supereffective|p2a: Corsola
|-damage|p2a: Corsola|43/100
|-start|p1a: Dragapult|Disable|Shadow Ball|[from] ability: Cursed Body|[of] p2a: Corsola
|move|p2a: Corsola|Night Shade|p1a: Dragapult
|-damage|p1a: Dragapult|0 fnt
|faint|p1a: Dragapult
|
|upkeep
|
|switch|p1a: Sirfetch'd|Sirfetch'd, F|91/100
|turn|29
|
|move|p1a: Sirfetch'd|Knock Off|p2a: Corsola
|-supereffective|p2a: Corsola
|-damage|p2a: Corsola|0 fnt
|-enditem|p2a: Corsola|Eviolite|[from] move: Knock Off|[of] p1a: Sirfetch'd
|-damage|p1a: Sirfetch'd|81/100|[from] item: Life Orb
|faint|p2a: Corsola
|
|upkeep
|
|switch|p2a: Araquanid|Araquanid, F|100/100
|turn|30
|
|switch|p1a: Seismitoad|Seismitoad, F|37/100 tox
|move|p2a: Araquanid|Liquidation|p1a: Seismitoad
|-heal|p1a: Seismitoad|62/100 tox|[from] ability: Water Absorb|[of] p2a: Araquanid
|
|-heal|p1a: Seismitoad|68/100 tox|[from] item: Leftovers
|-damage|p1a: Seismitoad|62/100 tox|[from] psn
|upkeep
|turn|31
|
|switch|p2a: Ferrothorn|Ferrothorn, F|100/100
|move|p1a: Seismitoad|Toxic|p2a: Ferrothorn
|-immune|p2a: Ferrothorn
|
|-heal|p1a: Seismitoad|68/100 tox|[from] item: Leftovers
|-damage|p1a: Seismitoad|55/100 tox|[from] psn
|upkeep
|turn|32
|
|move|p1a: Seismitoad|Stealth Rock|p2a: Ferrothorn
|-sidestart|p2: Krisjuan|move: Stealth Rock
|move|p2a: Ferrothorn|Spikes|p1a: Seismitoad
|-sidestart|p1: ImDaTa|Spikes
|
|-heal|p1a: Seismitoad|62/100 tox|[from] item: Leftovers
|-damage|p1a: Seismitoad|43/100 tox|[from] psn
|upkeep
|turn|33
|
|switch|p1a: Sirfetch'd|Sirfetch'd, F|81/100
|-damage|p1a: Sirfetch'd|68/100|[from] Spikes
|move|p2a: Ferrothorn|Knock Off|p1a: Sirfetch'd
|-resisted|p1a: Sirfetch'd
|-damage|p1a: Sirfetch'd|54/100
|-enditem|p1a: Sirfetch'd|Life Orb|[from] move: Knock Off|[of] p2a: Ferrothorn
|
|upkeep
|turn|34
|
|move|p1a: Sirfetch'd|Close Combat|p2a: Ferrothorn
|-supereffective|p2a: Ferrothorn
|-damage|p2a: Ferrothorn|25/100
|-damage|p1a: Sirfetch'd|42/100|[from] ability: Iron Barbs|[of] p2a: Ferrothorn
|-unboost|p1a: Sirfetch'd|def|1
|-unboost|p1a: Sirfetch'd|spd|1
|move|p2a: Ferrothorn|Leech Seed|p1a: Sirfetch'd
|-start|p1a: Sirfetch'd|move: Leech Seed
|
|-heal|p2a: Ferrothorn|31/100|[from] item: Leftovers
|-damage|p1a: Sirfetch'd|29/100|[from] Leech Seed|[of] p2a: Ferrothorn
|-heal|p2a: Ferrothorn|41/100|[silent]
|upkeep
|turn|35
|
|switch|p1a: Alcremie|Alcremie, F|82/100
|-damage|p1a: Alcremie|69/100|[from] Spikes
|move|p2a: Ferrothorn|Knock Off|p1a: Alcremie
|-resisted|p1a: Alcremie
|-damage|p1a: Alcremie|56/100
|-enditem|p1a: Alcremie|Leftovers|[from] move: Knock Off|[of] p2a: Ferrothorn
|
|-heal|p2a: Ferrothorn|47/100|[from] item: Leftovers
|upkeep
|turn|36
|
|switch|p2a: Araquanid|Araquanid, F|100/100
|-damage|p2a: Araquanid|75/100|[from] Stealth Rock
|move|p1a: Alcremie|Mystical Fire|p2a: Araquanid
|-damage|p2a: Araquanid|70/100
|-unboost|p2a: Araquanid|spa|1
|
|upkeep
|turn|37
|
|move|p1a: Alcremie|Recover|p1a: Alcremie
|-heal|p1a: Alcremie|100/100
|move|p2a: Araquanid|Leech Life|p1a: Alcremie
|-resisted|p1a: Alcremie
|-damage|p1a: Alcremie|82/100
|-heal|p2a: Araquanid|80/100|[from] drain|[of] p1a: Alcremie
|
|upkeep
|turn|38
|
|switch|p1a: Seismitoad|Seismitoad, F|43/100 tox
|-damage|p1a: Seismitoad|31/100 tox|[from] Spikes
|move|p2a: Araquanid|Poison Jab|p1a: Seismitoad
|-resisted|p1a: Seismitoad
|-damage|p1a: Seismitoad|24/100 tox
|
|-heal|p1a: Seismitoad|30/100 tox|[from] item: Leftovers
|-damage|p1a: Seismitoad|24/100 tox|[from] psn
|upkeep
|turn|39
|
|switch|p2a: Pyukumuku|Pyukumuku, M|94/100 tox
|-damage|p2a: Pyukumuku|82/100 tox|[from] Stealth Rock
|move|p1a: Seismitoad|Earthquake|p2a: Pyukumuku
|-damage|p2a: Pyukumuku|62/100 tox
|
|-heal|p1a: Seismitoad|30/100 tox|[from] item: Leftovers
|-damage|p1a: Seismitoad|18/100 tox|[from] psn
|-damage|p2a: Pyukumuku|56/100 tox|[from] psn
|upkeep
|turn|40
|
|move|p1a: Seismitoad|Earthquake|p2a: Pyukumuku
|-damage|p2a: Pyukumuku|34/100 tox
|move|p2a: Pyukumuku|Recover|p2a: Pyukumuku
|-heal|p2a: Pyukumuku|84/100 tox
|
|-heal|p1a: Seismitoad|24/100 tox|[from] item: Leftovers
|-damage|p1a: Seismitoad|6/100 tox|[from] psn
|-damage|p2a: Pyukumuku|72/100 tox|[from] psn
|upkeep
|turn|41
|
|move|p2a: Pyukumuku|Protect|p2a: Pyukumuku
|-singleturn|p2a: Pyukumuku|Protect
|move|p1a: Seismitoad|Earthquake|p2a: Pyukumuku
|-activate|p2a: Pyukumuku|move: Protect
|
|-heal|p1a: Seismitoad|12/100 tox|[from] item: Leftovers
|-damage|p1a: Seismitoad|0 fnt|[from] psn
|faint|p1a: Seismitoad
|-damage|p2a: Pyukumuku|54/100 tox|[from] psn
|upkeep
|
|switch|p1a: Sirfetch'd|Sirfetch'd, F|29/100
|-damage|p1a: Sirfetch'd|17/100|[from] Spikes
|turn|42
|
|move|p1a: Sirfetch'd|Close Combat|p2a: Pyukumuku
|-damage|p2a: Pyukumuku|10/100 tox
|-unboost|p1a: Sirfetch'd|def|1
|-unboost|p1a: Sirfetch'd|spd|1
|move|p2a: Pyukumuku|Recover|p2a: Pyukumuku
|-heal|p2a: Pyukumuku|60/100 tox
|
|-damage|p2a: Pyukumuku|36/100 tox|[from] psn
|upkeep
|turn|43
|
|move|p1a: Sirfetch'd|Close Combat|p2a: Pyukumuku
|-damage|p2a: Pyukumuku|0 fnt
|-unboost|p1a: Sirfetch'd|def|1
|-unboost|p1a: Sirfetch'd|spd|1
|faint|p2a: Pyukumuku
|
|upkeep
|
|switch|p2a: Gastrodon|Gastrodon, M|100/100
|-damage|p2a: Gastrodon|94/100|[from] Stealth Rock
|turn|44
|
|move|p1a: Sirfetch'd|Knock Off|p2a: Gastrodon
|-damage|p2a: Gastrodon|66/100
|-enditem|p2a: Gastrodon|Leftovers|[from] move: Knock Off|[of] p1a: Sirfetch'd
|move|p2a: Gastrodon|Scald|p1a: Sirfetch'd
|-damage|p1a: Sirfetch'd|0 fnt
|faint|p1a: Sirfetch'd
|
|upkeep
|
|switch|p1a: Corviknight|Corviknight, M|80/100 brn
|-ability|p1a: Corviknight|Pressure
|turn|45
|
|switch|p2a: Ferrothorn|Ferrothorn, F|47/100
|-damage|p2a: Ferrothorn|41/100|[from] Stealth Rock
|move|p1a: Corviknight|Roost|p1a: Corviknight
|-heal|p1a: Corviknight|100/100 brn
|-singleturn|p1a: Corviknight|move: Roost
|
|-heal|p2a: Ferrothorn|47/100|[from] item: Leftovers
|-damage|p1a: Corviknight|94/100 brn|[from] brn
|upkeep
|turn|46
|
|move|p1a: Corviknight|U-turn|p2a: Ferrothorn
|-damage|p2a: Ferrothorn|43/100
|-damage|p1a: Corviknight|82/100 brn|[from] ability: Iron Barbs|[of] p2a: Ferrothorn
|
|switch|p1a: Alcremie|Alcremie, F|82/100|[from]move: U-turn
|-damage|p1a: Alcremie|69/100|[from] Spikes
|move|p2a: Ferrothorn|Leech Seed|p1a: Alcremie
|-start|p1a: Alcremie|move: Leech Seed
|
|-heal|p2a: Ferrothorn|49/100|[from] item: Leftovers
|-damage|p1a: Alcremie|57/100|[from] Leech Seed|[of] p2a: Ferrothorn
|-heal|p2a: Ferrothorn|60/100|[silent]
|upkeep
|turn|47
|
|switch|p2a: Gastrodon|Gastrodon, M|66/100
|-damage|p2a: Gastrodon|60/100|[from] Stealth Rock
|move|p1a: Alcremie|Mystical Fire|p2a: Gastrodon
|-resisted|p2a: Gastrodon
|-damage|p2a: Gastrodon|51/100
|-unboost|p2a: Gastrodon|spa|1
|
|-damage|p1a: Alcremie|45/100|[from] Leech Seed|[of] p2a: Gastrodon
|-heal|p2a: Gastrodon|61/100|[silent]
|upkeep
|turn|48
|
|move|p1a: Alcremie|Recover|p1a: Alcremie
|-heal|p1a: Alcremie|95/100
|move|p2a: Gastrodon|Earth Power|p1a: Alcremie
|-damage|p1a: Alcremie|82/100
|
|-damage|p1a: Alcremie|70/100|[from] Leech Seed|[of] p2a: Gastrodon
|-heal|p2a: Gastrodon|70/100|[silent]
|upkeep
|turn|49
|
|switch|p2a: Araquanid|Araquanid, F|80/100
|-damage|p2a: Araquanid|55/100|[from] Stealth Rock
|move|p1a: Alcremie|Decorate|p2a: Araquanid
|-boost|p2a: Araquanid|atk|2
|-boost|p2a: Araquanid|spa|2
|
|-damage|p1a: Alcremie|57/100|[from] Leech Seed|[of] p2a: Araquanid
|-heal|p2a: Araquanid|67/100|[silent]
|upkeep
|turn|50
|c|☆Krisjuan|huh
|
|move|p1a: Alcremie|Decorate|p2a: Araquanid
|-boost|p2a: Araquanid|atk|2
|-boost|p2a: Araquanid|spa|2
|move|p2a: Araquanid|Liquidation|p1a: Alcremie
|-damage|p1a: Alcremie|0 fnt
|faint|p1a: Alcremie
|
|upkeep
|
|switch|p1a: Ditto|Ditto|100/100
|-damage|p1a: Ditto|88/100|[from] Spikes
|-transform|p1a: Ditto|p2a: Araquanid|[from] ability: Imposter
|turn|51
|c|☆Krisjuan|i am confused
|c|☆Krisjuan|oh lol wtf
|inactive|ImDaTa has 120 seconds left.
|inactive|ImDaTa has 90 seconds left.
|
|move|p1a: Ditto|Leech Life|p2a: Araquanid
|-damage|p2a: Araquanid|0 fnt
|-heal|p1a: Ditto|100/100|[from] drain|[of] p2a: Araquanid
|faint|p2a: Araquanid
|
|upkeep
|inactive|Krisjuan has 120 seconds left.
|
|switch|p2a: Ferrothorn|Ferrothorn, F|60/100
|-damage|p2a: Ferrothorn|54/100|[from] Stealth Rock
|turn|52
|
|move|p1a: Ditto|Leech Life|p2a: Ferrothorn
|-damage|p2a: Ferrothorn|0 fnt
|-damage|p1a: Ditto|88/100|[from] ability: Iron Barbs|[of] p2a: Ferrothorn
|faint|p2a: Ferrothorn
|
|upkeep
|
|switch|p2a: Gastrodon|Gastrodon, M|70/100
|-damage|p2a: Gastrodon|64/100|[from] Stealth Rock
|turn|53
|
|move|p1a: Ditto|Leech Life|p2a: Gastrodon
|-damage|p2a: Gastrodon|0 fnt
|-heal|p1a: Ditto|100/100|[from] drain|[of] p2a: Gastrodon
|faint|p2a: Gastrodon
|
|win|ImDaTa
|c|☆ImDaTa|gg
|raw|ImDaTa's rating: 1399 → 1422(+23 for winning)
|raw|Krisjuan's rating: 1444 → 1421(-23 for losing)
|c|☆Krisjuan|lol gg
|l|☆Krisjuan
|c|☆ImDaTa|decorate ditto the new meta
