|ScrapeTime|2020-01-02-04:02:26
|j|☆scraggymcd
|j|☆Phazon JJ
|player|p1|scraggymcd|ghetsis|
|player|p2|Phazon JJ|150|
|teamsize|p1|6
|teamsize|p2|6
|gametype|singles
|gen|8
|tier|[Gen 8] OU
|rule|Sleep Clause Mod: Limit one foe put to sleep
|rule|Species Clause: Limit one of each Pokémon
|rule|OHKO Clause: OHKO moves are banned
|rule|Evasion Moves Clause: Evasion moves are banned
|rule|Endless Battle Clause: Forcing endless battles is banned
|rule|HP Percentage Mod: HP is shown in percentages
|clearpoke
|poke|p1|Barraskewda, F|
|poke|p1|Pelipper, M|
|poke|p1|Seismitoad, M|
|poke|p1|Ferrothorn, M|
|poke|p1|Dracovish|
|poke|p1|Dragapult, M|
|poke|p2|Dracozolt|
|poke|p2|Milotic, F|
|poke|p2|Goodra, M|
|poke|p2|Corviknight, F|
|poke|p2|Rotom-Mow|
|poke|p2|Weavile, M|
|rule|Dynamax Clause: You cannot dynamax
|teampreview
|
|start
|switch|p1a: Pelipper|Pelipper, M|100/100
|switch|p2a: Milotic|Milotic, F, shiny|100/100
|-weather|RainDance|[from] ability: Drizzle|[of] p1a: Pelipper
|turn|1
|
|switch|p2a: Corviknight|Corviknight, F|100/100
|-ability|p2a: Corviknight|Pressure
|move|p1a: Pelipper|Knock Off|p2a: Corviknight
|-damage|p2a: Corviknight|91/100
|-enditem|p2a: Corviknight|Leftovers|[from] move: Knock Off|[of] p1a: Pelipper
|
|-weather|RainDance|[upkeep]
|upkeep
|turn|2
|
|switch|p2a: Milotic|Milotic, F, shiny|100/100
|switch|p1a: Ferrothorn|Ferrothorn, M|100/100
|
|-weather|RainDance|[upkeep]
|-status|p2a: Milotic|brn|[from] item: Flame Orb
|upkeep
|turn|3
|
|switch|p2a: Rotom|Rotom-Mow|100/100
|move|p1a: Ferrothorn|Body Press|p2a: Rotom
|-damage|p2a: Rotom|69/100
|
|-weather|RainDance|[upkeep]
|upkeep
|turn|4
|c|☆scraggymcd|i almsot double knocked
|c|☆Phazon JJ|that would have been scart
|c|☆Phazon JJ|sacry
|c|☆Phazon JJ|scary
|c|☆Phazon JJ|lol
|
|move|p2a: Rotom|Trick|p1a: Ferrothorn
|-activate|p2a: Rotom|move: Trick|[of] p1a: Ferrothorn
|-item|p1a: Ferrothorn|Choice Scarf|[from] move: Trick
|-item|p2a: Rotom|Rocky Helmet|[from] move: Trick
|move|p1a: Ferrothorn|Stealth Rock|p2a: Rotom
|-sidestart|p2: Phazon JJ|move: Stealth Rock
|
|-weather|RainDance|[upkeep]
|upkeep
|turn|5
|
|move|p2a: Rotom|Volt Switch|p1a: Ferrothorn
|-resisted|p1a: Ferrothorn
|-damage|p1a: Ferrothorn|91/100
|
|switch|p2a: Goodra|Goodra, M, shiny|100/100|[from]move: Volt Switch
|-damage|p2a: Goodra|88/100|[from] Stealth Rock
|move|p1a: Ferrothorn|Stealth Rock||[still]
|-fail|p1a: Ferrothorn
|
|-weather|RainDance|[upkeep]
|upkeep
|turn|6
|
|switch|p1a: Pelipper|Pelipper, M|100/100
|move|p2a: Goodra|Thunderbolt|p1a: Pelipper
|-supereffective|p1a: Pelipper
|-damage|p1a: Pelipper|0 fnt
|faint|p1a: Pelipper
|
|-weather|RainDance|[upkeep]
|upkeep
|
|switch|p1a: Dracovish|Dracovish|100/100
|turn|7
|c|☆scraggymcd|wp
|c|☆Phazon JJ|ty
|
|switch|p2a: Corviknight|Corviknight, F|91/100
|-damage|p2a: Corviknight|79/100|[from] Stealth Rock
|-ability|p2a: Corviknight|Pressure
|move|p1a: Dracovish|Fishious Rend|p2a: Corviknight
|-damage|p2a: Corviknight|0 fnt
|faint|p2a: Corviknight
|
|-weather|RainDance|[upkeep]
|upkeep
|
|switch|p2a: Rotom|Rotom-Mow|69/100
|-damage|p2a: Rotom|56/100|[from] Stealth Rock
|turn|8
|
|switch|p2a: Milotic|Milotic, F, shiny|100/100 brn
|-damage|p2a: Milotic|88/100 brn|[from] Stealth Rock
|move|p1a: Dracovish|Fishious Rend|p2a: Milotic
|-resisted|p2a: Milotic
|-damage|p2a: Milotic|48/100 brn
|
|-weather|none
|-damage|p2a: Milotic|42/100 brn|[from] brn
|upkeep
|turn|9
|
|switch|p1a: Dragapult|Dragapult, M|100/100
|move|p2a: Milotic|Recover|p2a: Milotic
|-heal|p2a: Milotic|92/100 brn
|
|-damage|p2a: Milotic|86/100 brn|[from] brn
|upkeep
|turn|10
|
|switch|p2a: Goodra|Goodra, M, shiny|88/100
|-damage|p2a: Goodra|76/100|[from] Stealth Rock
|move|p1a: Dragapult|U-turn|p2a: Goodra
|-damage|p2a: Goodra|55/100
|
|switch|p1a: Seismitoad|Seismitoad, M|100/100|[from]move: U-turn
|
|upkeep
|turn|11
|
|move|p1a: Seismitoad|Rain Dance|p1a: Seismitoad
|-weather|RainDance
|move|p2a: Goodra|Dragon Pulse|p1a: Seismitoad
|-damage|p1a: Seismitoad|52/100
|
|-weather|RainDance|[upkeep]
|upkeep
|turn|12
|
|switch|p1a: Ferrothorn|Ferrothorn, M|91/100
|switch|p2a: Rotom|Rotom-Mow|56/100
|-damage|p2a: Rotom|44/100|[from] Stealth Rock
|
|-weather|RainDance|[upkeep]
|upkeep
|turn|13
|
|switch|p1a: Seismitoad|Seismitoad, M|52/100
|move|p2a: Rotom|Volt Switch|p1a: Seismitoad
|-immune|p1a: Seismitoad
|
|-weather|RainDance|[upkeep]
|upkeep
|turn|14
|
|switch|p1a: Dragapult|Dragapult, M|100/100
|move|p2a: Rotom|Leaf Storm|p1a: Dragapult
|-resisted|p1a: Dragapult
|-damage|p1a: Dragapult|59/100
|-unboost|p2a: Rotom|spa|2
|
|-weather|RainDance|[upkeep]
|upkeep
|turn|15
|
|move|p1a: Dragapult|Draco Meteor|p2a: Rotom
|-damage|p2a: Rotom|0 fnt
|-unboost|p1a: Dragapult|spa|2
|faint|p2a: Rotom
|
|-weather|none
|upkeep
|c|☆Phazon JJ|hmmmmmmmmmmmmmmmm
|
|switch|p2a: Goodra|Goodra, M, shiny|55/100
|-damage|p2a: Goodra|43/100|[from] Stealth Rock
|turn|16
|
|switch|p1a: Ferrothorn|Ferrothorn, M|91/100
|move|p2a: Goodra|Dragon Pulse|p1a: Ferrothorn
|-resisted|p1a: Ferrothorn
|-damage|p1a: Ferrothorn|76/100
|
|upkeep
|turn|17
|
|move|p2a: Goodra|Dragon Pulse|p1a: Ferrothorn
|-resisted|p1a: Ferrothorn
|-damage|p1a: Ferrothorn|63/100
|move|p1a: Ferrothorn|Body Press|p2a: Goodra
|-damage|p2a: Goodra|16/100
|
|upkeep
|turn|18
|
|move|p2a: Goodra|Fire Blast|p1a: Ferrothorn
|-supereffective|p1a: Ferrothorn
|-damage|p1a: Ferrothorn|0 fnt
|faint|p1a: Ferrothorn
|
|upkeep
|
|switch|p1a: Dragapult|Dragapult, M|59/100
|turn|19
|
|move|p1a: Dragapult|Shadow Ball|p2a: Goodra
|-damage|p2a: Goodra|0 fnt
|faint|p2a: Goodra
|
|upkeep
|
|switch|p2a: Weavile|Weavile, M|100/100
|-damage|p2a: Weavile|76/100|[from] Stealth Rock
|-ability|p2a: Weavile|Pressure
|turn|20
|
|switch|p1a: Barraskewda|Barraskewda, F|100/100
|move|p2a: Weavile|Ice Shard|p1a: Barraskewda
|-resisted|p1a: Barraskewda
|-damage|p1a: Barraskewda|75/100
|-damage|p2a: Weavile|66/100|[from] item: Life Orb
|
|upkeep
|turn|21
|
|move|p2a: Weavile|Night Slash|p1a: Barraskewda
|-damage|p1a: Barraskewda|0 fnt
|-damage|p2a: Weavile|56/100|[from] item: Life Orb
|faint|p1a: Barraskewda
|
|upkeep
|
|switch|p1a: Dracovish|Dracovish|100/100
|turn|22
|
|switch|p2a: Milotic|Milotic, F, shiny|86/100 brn
|-damage|p2a: Milotic|74/100 brn|[from] Stealth Rock
|move|p1a: Dracovish|Fishious Rend|p2a: Milotic
|-resisted|p2a: Milotic
|-damage|p2a: Milotic|47/100 brn
|
|-damage|p2a: Milotic|41/100 brn|[from] brn
|upkeep
|turn|23
|
|switch|p1a: Seismitoad|Seismitoad, M|52/100
|move|p2a: Milotic|Recover|p2a: Milotic
|-heal|p2a: Milotic|91/100 brn
|
|-damage|p2a: Milotic|85/100 brn|[from] brn
|upkeep
|turn|24
|
|move|p1a: Seismitoad|Rain Dance|p1a: Seismitoad
|-weather|RainDance
|move|p2a: Milotic|Scald|p1a: Seismitoad
|-damage|p1a: Seismitoad|3/100
|
|-weather|RainDance|[upkeep]
|-damage|p2a: Milotic|78/100 brn|[from] brn
|upkeep
|turn|25
|
|move|p1a: Seismitoad|Grass Knot|p2a: Milotic
|-supereffective|p2a: Milotic
|-damage|p2a: Milotic|40/100 brn
|move|p2a: Milotic|Hypnosis|p1a: Seismitoad
|-status|p1a: Seismitoad|slp|[from] move: Hypnosis
|
|-weather|RainDance|[upkeep]
|-damage|p2a: Milotic|34/100 brn|[from] brn
|upkeep
|turn|26
|
|switch|p1a: Dragapult|Dragapult, M|59/100
|move|p2a: Milotic|Recover|p2a: Milotic
|-heal|p2a: Milotic|84/100 brn
|
|-weather|RainDance|[upkeep]
|-damage|p2a: Milotic|78/100 brn|[from] brn
|upkeep
|turn|27
|
|move|p1a: Dragapult|Draco Meteor|p2a: Milotic
|-damage|p2a: Milotic|19/100 brn
|-unboost|p1a: Dragapult|spa|2
|move|p2a: Milotic|Dragon Tail|p1a: Dragapult
|-supereffective|p1a: Dragapult
|-damage|p1a: Dragapult|48/100
|drag|p1a: Dracovish|Dracovish|100/100
|
|-weather|RainDance|[upkeep]
|-damage|p2a: Milotic|13/100 brn|[from] brn
|upkeep
|turn|28
|
|move|p1a: Dracovish|Fishious Rend|p2a: Milotic
|-resisted|p2a: Milotic
|-crit|p2a: Milotic
|-damage|p2a: Milotic|0 fnt
|faint|p2a: Milotic
|
|-weather|none
|upkeep
|
|switch|p2a: Dracozolt|Dracozolt|100/100
|-damage|p2a: Dracozolt|88/100|[from] Stealth Rock
|turn|29
|
|switch|p1a: Seismitoad|Seismitoad, M|3/100 slp
|move|p2a: Dracozolt|Dragon Claw|p1a: Seismitoad
|-damage|p1a: Seismitoad|0 fnt
|faint|p1a: Seismitoad
|
|upkeep
|
|switch|p1a: Dragapult|Dragapult, M|48/100
|turn|30
|
|move|p1a: Dragapult|Draco Meteor|p2a: Dracozolt
|-supereffective|p2a: Dracozolt
|-damage|p2a: Dracozolt|0 fnt
|-unboost|p1a: Dragapult|spa|2
|faint|p2a: Dracozolt
|
|upkeep
|
|switch|p2a: Weavile|Weavile, M|56/100
|-damage|p2a: Weavile|31/100|[from] Stealth Rock
|-ability|p2a: Weavile|Pressure
|turn|31
|
|move|p2a: Weavile|Ice Shard|p1a: Dragapult
|-supereffective|p1a: Dragapult
|-damage|p1a: Dragapult|0 fnt
|-damage|p2a: Weavile|21/100|[from] item: Life Orb
|faint|p1a: Dragapult
|
|upkeep
|
|switch|p1a: Dracovish|Dracovish|100/100
|turn|32
|
|move|p2a: Weavile|Ice Shard|p1a: Dracovish
|-damage|p1a: Dracovish|72/100
|-damage|p2a: Weavile|11/100|[from] item: Life Orb
|move|p1a: Dracovish|Leech Life|p2a: Weavile
|-supereffective|p2a: Weavile
|-damage|p2a: Weavile|0 fnt
|-heal|p1a: Dracovish|77/100|[from] drain|[of] p2a: Weavile
|faint|p2a: Weavile
|
|win|scraggymcd
|c|☆scraggymcd|gg
|c|☆Phazon JJ|gg
