|ScrapeTime|2020-01-01-19:47:21
|j|☆Humpanickel
|j|☆striker_845
|player|p1|Humpanickel|170|1183
|player|p2|striker_845|yellow|1174
|teamsize|p1|6
|teamsize|p2|6
|gametype|singles
|gen|8
|tier|[Gen 8] OU
|rated|
|rule|Sleep Clause Mod: Limit one foe put to sleep
|rule|Species Clause: Limit one of each Pokémon
|rule|OHKO Clause: OHKO moves are banned
|rule|Evasion Moves Clause: Evasion moves are banned
|rule|Endless Battle Clause: Forcing endless battles is banned
|rule|HP Percentage Mod: HP is shown in percentages
|clearpoke
|poke|p1|Heliolisk, M|
|poke|p1|Grimmsnarl, M|
|poke|p1|Salazzle, F|
|poke|p1|Ninetales, M|
|poke|p1|Cinderace, M|
|poke|p1|Shiftry, F|
|poke|p2|Mandibuzz, F|
|poke|p2|Dragapult, F|
|poke|p2|Aegislash, M|
|poke|p2|Rotom-Heat|
|poke|p2|Seismitoad, M|
|poke|p2|Cinderace, F|
|rule|Dynamax Clause: You cannot dynamax
|teampreview
|
|start
|switch|p1a: Ninetales|Ninetales, M|100/100
|switch|p2a: Cinderace|Cinderace, F|100/100
|-weather|SunnyDay|[from] ability: Drought|[of] p1a: Ninetales
|turn|1
|
|switch|p1a: Grimmsnarl|Grimmsnarl, M|100/100
|move|p2a: Cinderace|Pyro Ball|p1a: Grimmsnarl
|-damage|p1a: Grimmsnarl|0 fnt
|faint|p1a: Grimmsnarl
|
|-weather|SunnyDay|[upkeep]
|upkeep
|
|switch|p1a: Shiftry|Shiftry, F|100/100
|turn|2
|
|move|p1a: Shiftry|Rock Slide|p2a: Cinderace
|-supereffective|p2a: Cinderace
|-crit|p2a: Cinderace
|-damage|p2a: Cinderace|0 fnt
|-damage|p1a: Shiftry|91/100|[from] item: Life Orb
|faint|p2a: Cinderace
|
|-weather|SunnyDay|[upkeep]
|upkeep
|
|switch|p2a: Rotom|Rotom-Heat|100/100
|turn|3
|
|switch|p1a: Heliolisk|Heliolisk, M|100/100
|move|p2a: Rotom|Overheat|p1a: Heliolisk
|-damage|p1a: Heliolisk|0 fnt
|-unboost|p2a: Rotom|spa|2
|faint|p1a: Heliolisk
|
|-weather|SunnyDay|[upkeep]
|upkeep
|
|switch|p1a: Salazzle|Salazzle, F, shiny|100/100
|turn|4
|
|switch|p1a: Shiftry|Shiftry, F|91/100
|switch|p2a: Seismitoad|Seismitoad, M|100/100
|
|-weather|SunnyDay|[upkeep]
|upkeep
|turn|5
|
|switch|p2a: Rotom|Rotom-Heat|100/100
|move|p1a: Shiftry|Solar Blade||[still]
|-prepare|p1a: Shiftry|Solar Blade|p2a: Rotom
|-anim|p1a: Shiftry|Solar Blade|p2a: Rotom
|-resisted|p2a: Rotom
|-damage|p2a: Rotom|58/100
|-damage|p1a: Shiftry|81/100|[from] item: Life Orb
|
|-weather|SunnyDay|[upkeep]
|upkeep
|turn|6
|
|move|p1a: Shiftry|Rock Slide|p2a: Rotom|[miss]
|-miss|p1a: Shiftry|p2a: Rotom
|move|p2a: Rotom|Thunder Wave|p1a: Shiftry
|-status|p1a: Shiftry|par
|
|-weather|SunnyDay|[upkeep]
|upkeep
|turn|7
|
|move|p1a: Shiftry|Rock Slide|p2a: Rotom
|-supereffective|p2a: Rotom
|-damage|p2a: Rotom|0 fnt
|-damage|p1a: Shiftry|71/100 par|[from] item: Life Orb
|faint|p2a: Rotom
|
|-weather|SunnyDay|[upkeep]
|upkeep
|
|switch|p2a: Dragapult|Dragapult, F|100/100
|turn|8
|
|move|p2a: Dragapult|Flamethrower|p1a: Shiftry
|-supereffective|p1a: Shiftry
|-damage|p1a: Shiftry|0 fnt
|faint|p1a: Shiftry
|
|-weather|none
|upkeep
|
|switch|p1a: Salazzle|Salazzle, F, shiny|100/100
|turn|9
|
|switch|p2a: Seismitoad|Seismitoad, M|100/100
|move|p1a: Salazzle|Dragon Pulse|p2a: Seismitoad
|-crit|p2a: Seismitoad
|-damage|p2a: Seismitoad|46/100
|-damage|p1a: Salazzle|91/100|[from] item: Life Orb
|
|upkeep
|turn|10
|
|move|p1a: Salazzle|Sludge Wave|p2a: Seismitoad
|-resisted|p2a: Seismitoad
|-damage|p2a: Seismitoad|17/100
|-status|p2a: Seismitoad|psn
|-damage|p1a: Salazzle|81/100|[from] item: Life Orb
|move|p2a: Seismitoad|Rest|p2a: Seismitoad
|-status|p2a: Seismitoad|slp|[from] move: Rest
|-heal|p2a: Seismitoad|100/100 slp|[silent]
|-enditem|p2a: Seismitoad|Chesto Berry|[eat]
|-curestatus|p2a: Seismitoad|slp|[msg]
|
|upkeep
|turn|11
|
|switch|p1a: Ninetales|Ninetales, M|100/100
|-weather|SunnyDay|[from] ability: Drought|[of] p1a: Ninetales
|move|p2a: Seismitoad|Stealth Rock|p1a: Ninetales
|-sidestart|p1: Humpanickel|move: Stealth Rock
|
|-weather|SunnyDay|[upkeep]
|upkeep
|turn|12
|
|move|p1a: Ninetales|Solar Beam||[still]
|-prepare|p1a: Ninetales|Solar Beam|p2a: Seismitoad
|-anim|p1a: Ninetales|Solar Beam|p2a: Seismitoad
|-supereffective|p2a: Seismitoad
|-damage|p2a: Seismitoad|0 fnt
|faint|p2a: Seismitoad
|
|-weather|SunnyDay|[upkeep]
|upkeep
|
|switch|p2a: Dragapult|Dragapult, F|100/100
|turn|13
|
|move|p2a: Dragapult|Shadow Ball|p1a: Ninetales
|-damage|p1a: Ninetales|75/100
|move|p1a: Ninetales|Nasty Plot|p1a: Ninetales
|-boost|p1a: Ninetales|spa|2
|
|-weather|SunnyDay|[upkeep]
|upkeep
|turn|14
|
|switch|p2a: Mandibuzz|Mandibuzz, F|100/100
|move|p1a: Ninetales|Flamethrower|p2a: Mandibuzz
|-damage|p2a: Mandibuzz|51/100
|
|-weather|SunnyDay|[upkeep]
|upkeep
|turn|15
|
|move|p1a: Ninetales|Flamethrower|p2a: Mandibuzz
|-damage|p2a: Mandibuzz|1/100
|move|p2a: Mandibuzz|Foul Play|p1a: Ninetales
|-damage|p1a: Ninetales|49/100
|
|-weather|SunnyDay|[upkeep]
|upkeep
|turn|16
|
|move|p1a: Ninetales|Flamethrower|p2a: Mandibuzz
|-damage|p2a: Mandibuzz|0 fnt
|faint|p2a: Mandibuzz
|
|-weather|SunnyDay|[upkeep]
|upkeep
|
|switch|p2a: Dragapult|Dragapult, F|100/100
|turn|17
|
|move|p2a: Dragapult|Dragon Darts|p1a: Ninetales
|-damage|p1a: Ninetales|20/100
|-damage|p1a: Ninetales|0 fnt
|-hitcount|p1a: Ninetales|2
|faint|p1a: Ninetales
|
|-weather|SunnyDay|[upkeep]
|upkeep
|
|switch|p1a: Cinderace|Cinderace, M|100/100
|turn|18
|
|move|p2a: Dragapult|Dragon Darts|p1a: Cinderace
|-damage|p1a: Cinderace|68/100
|-crit|p1a: Cinderace
|-damage|p1a: Cinderace|21/100
|-hitcount|p1a: Cinderace|2
|move|p1a: Cinderace|Pyro Ball|p2a: Dragapult
|-resisted|p2a: Dragapult
|-damage|p2a: Dragapult|8/100
|
|-weather|none
|upkeep
|turn|19
|
|move|p2a: Dragapult|Dragon Darts|p1a: Cinderace
|-damage|p1a: Cinderace|0 fnt
|-hitcount|p1a: Cinderace|1
|faint|p1a: Cinderace
|
|upkeep
|
|switch|p1a: Salazzle|Salazzle, F, shiny|81/100
|-damage|p1a: Salazzle|56/100|[from] Stealth Rock
|turn|20
|
|move|p2a: Dragapult|Dragon Darts|p1a: Salazzle
|-damage|p1a: Salazzle|13/100
|-damage|p1a: Salazzle|0 fnt
|-hitcount|p1a: Salazzle|2
|faint|p1a: Salazzle
|
|win|striker_845
|l|☆Humpanickel
|raw|Humpanickel's rating: 1183 → 1158(-25 for losing)
|raw|striker_845's rating: 1174 → 1200(+26 for winning)
