|ScrapeTime|2020-01-02-01:46:46
|j|☆zeurney
|j|☆eeraa
|player|p1|zeurney|steven|1491
|player|p2|eeraa|unknownf|1589
|teamsize|p1|6
|teamsize|p2|6
|gametype|singles
|gen|8
|tier|[Gen 8] OU
|rated|
|rule|Sleep Clause Mod: Limit one foe put to sleep
|rule|Species Clause: Limit one of each Pokémon
|rule|OHKO Clause: OHKO moves are banned
|rule|Evasion Moves Clause: Evasion moves are banned
|rule|Endless Battle Clause: Forcing endless battles is banned
|rule|HP Percentage Mod: HP is shown in percentages
|clearpoke
|poke|p1|Pelipper, M|
|poke|p1|Ferrothorn, F|
|poke|p1|Seismitoad, F|
|poke|p1|Barraskewda, M|
|poke|p1|Dragapult, M|
|poke|p1|Hatterene, F|
|poke|p2|Glaceon, F|
|poke|p2|Flareon, M|
|poke|p2|Seismitoad, F|
|poke|p2|Corviknight, F|
|poke|p2|Aegislash, M|
|poke|p2|Hydreigon, F|
|rule|Dynamax Clause: You cannot dynamax
|teampreview
|inactive|Battle timer is ON: inactive players will automatically lose when time's up. (requested by eeraa)
|
|start
|switch|p1a: Pelipper|Pelipper, M, shiny|100/100
|switch|p2a: Glaceon|Glaceon, F|100/100
|-weather|RainDance|[from] ability: Drizzle|[of] p1a: Pelipper
|turn|1
|inactive|zeurney has 120 seconds left.
|
|move|p1a: Pelipper|Protect|p1a: Pelipper
|-singleturn|p1a: Pelipper|Protect
|move|p2a: Glaceon|Freeze-Dry|p1a: Pelipper
|-activate|p1a: Pelipper|move: Protect
|
|-weather|RainDance|[upkeep]
|upkeep
|turn|2
|inactive|eeraa has 120 seconds left.
|
|switch|p1a: Ferrothorn|Ferrothorn, F|100/100
|move|p2a: Glaceon|Blizzard|p1a: Ferrothorn|[miss]
|-miss|p2a: Glaceon|p1a: Ferrothorn
|
|-weather|RainDance|[upkeep]
|upkeep
|turn|3
|inactive|eeraa has 120 seconds left.
|
|switch|p2a: Corviknight|Corviknight, F|100/100
|-ability|p2a: Corviknight|Pressure
|move|p1a: Ferrothorn|Leech Seed|p2a: Corviknight
|-start|p2a: Corviknight|move: Leech Seed
|
|-weather|RainDance|[upkeep]
|-damage|p2a: Corviknight|88/100|[from] Leech Seed|[of] p1a: Ferrothorn
|upkeep
|turn|4
|inactive|eeraa has 120 seconds left.
|
|switch|p2a: Aegislash|Aegislash, M|100/100
|move|p1a: Ferrothorn|Knock Off|p2a: Aegislash
|-supereffective|p2a: Aegislash
|-damage|p2a: Aegislash|63/100
|-enditem|p2a: Aegislash|Leftovers|[from] move: Knock Off|[of] p1a: Ferrothorn
|
|-weather|RainDance|[upkeep]
|upkeep
|turn|5
|inactive|eeraa has 120 seconds left.
|
|switch|p2a: Corviknight|Corviknight, F|88/100
|-ability|p2a: Corviknight|Pressure
|move|p1a: Ferrothorn|Leech Seed|p2a: Corviknight
|-start|p2a: Corviknight|move: Leech Seed
|
|-weather|RainDance|[upkeep]
|-heal|p2a: Corviknight|94/100|[from] item: Leftovers
|-damage|p2a: Corviknight|82/100|[from] Leech Seed|[of] p1a: Ferrothorn
|upkeep
|turn|6
|inactive|eeraa has 120 seconds left.
|
|move|p2a: Corviknight|Body Press|p1a: Ferrothorn
|-supereffective|p1a: Ferrothorn
|-damage|p1a: Ferrothorn|67/100
|-damage|p2a: Corviknight|70/100|[from] ability: Iron Barbs|[of] p1a: Ferrothorn
|move|p1a: Ferrothorn|Knock Off|p2a: Corviknight
|-damage|p2a: Corviknight|58/100
|-enditem|p2a: Corviknight|Leftovers|[from] move: Knock Off|[of] p1a: Ferrothorn
|
|-weather|RainDance|[upkeep]
|-heal|p1a: Ferrothorn|73/100|[from] item: Leftovers
|-damage|p2a: Corviknight|45/100|[from] Leech Seed|[of] p1a: Ferrothorn
|-heal|p1a: Ferrothorn|87/100|[silent]
|upkeep
|turn|7
|
|move|p2a: Corviknight|Roost|p2a: Corviknight
|-heal|p2a: Corviknight|95/100
|-singleturn|p2a: Corviknight|move: Roost
|move|p1a: Ferrothorn|Body Press|p2a: Corviknight
|-supereffective|p2a: Corviknight
|-damage|p2a: Corviknight|61/100
|
|-weather|RainDance|[upkeep]
|-heal|p1a: Ferrothorn|93/100|[from] item: Leftovers
|-damage|p2a: Corviknight|49/100|[from] Leech Seed|[of] p1a: Ferrothorn
|-heal|p1a: Ferrothorn|100/100|[silent]
|upkeep
|turn|8
|
|switch|p2a: Flareon|Flareon, M|100/100
|move|p1a: Ferrothorn|Leech Seed|p2a: Flareon
|-start|p2a: Flareon|move: Leech Seed
|
|-weather|none
|-damage|p2a: Flareon|88/100|[from] Leech Seed|[of] p1a: Ferrothorn
|upkeep
|turn|9
|
|switch|p2a: Glaceon|Glaceon, F|100/100
|move|p1a: Ferrothorn|Protect||[still]
|-fail|p1a: Ferrothorn
|
|upkeep
|turn|10
|
|move|p2a: Glaceon|Blizzard|p1a: Ferrothorn
|-damage|p1a: Ferrothorn|36/100
|-status|p1a: Ferrothorn|frz
|-damage|p2a: Glaceon|91/100|[from] item: Life Orb
|cant|p1a: Ferrothorn|frz
|
|-heal|p1a: Ferrothorn|42/100 frz|[from] item: Leftovers
|upkeep
|turn|11
|
|move|p2a: Glaceon|Freeze-Dry|p1a: Ferrothorn
|-damage|p1a: Ferrothorn|0 fnt
|-damage|p2a: Glaceon|81/100|[from] item: Life Orb
|faint|p1a: Ferrothorn
|
|upkeep
|
|switch|p1a: Barraskewda|Barraskewda, M|100/100
|turn|12
|
|switch|p2a: Seismitoad|Seismitoad, F|100/100
|move|p1a: Barraskewda|Close Combat|p2a: Seismitoad
|-damage|p2a: Seismitoad|58/100
|-unboost|p1a: Barraskewda|def|1
|-unboost|p1a: Barraskewda|spd|1
|-damage|p1a: Barraskewda|91/100|[from] item: Life Orb
|
|-heal|p2a: Seismitoad|64/100|[from] item: Leftovers
|upkeep
|turn|13
|
|switch|p1a: Hatterene|Hatterene, F|100/100
|switch|p2a: Aegislash|Aegislash, M|63/100
|
|upkeep
|turn|14
|
|-formechange|p2a: Aegislash|Aegislash-Blade||[from] ability: Stance Change
|move|p2a: Aegislash|Iron Head|p1a: Hatterene
|-supereffective|p1a: Hatterene
|-damage|p1a: Hatterene|0 fnt
|faint|p1a: Hatterene
|
|upkeep
|
|switch|p1a: Pelipper|Pelipper, M, shiny|100/100
|-weather|RainDance|[from] ability: Drizzle|[of] p1a: Pelipper
|turn|15
|
|switch|p2a: Flareon|Flareon, M|88/100
|move|p1a: Pelipper|U-turn|p2a: Flareon
|-resisted|p2a: Flareon
|-damage|p2a: Flareon|82/100
|
|switch|p1a: Seismitoad|Seismitoad, F|100/100|[from]move: U-turn
|
|-weather|RainDance|[upkeep]
|upkeep
|turn|16
|
|move|p1a: Seismitoad|Earth Power|p2a: Flareon
|-supereffective|p2a: Flareon
|-damage|p2a: Flareon|9/100
|-damage|p1a: Seismitoad|91/100|[from] item: Life Orb
|move|p2a: Flareon|Yawn|p1a: Seismitoad
|-start|p1a: Seismitoad|move: Yawn|[of] p2a: Flareon
|
|-weather|RainDance|[upkeep]
|upkeep
|turn|17
|
|switch|p1a: Pelipper|Pelipper, M, shiny|100/100
|move|p2a: Flareon|Wish|p2a: Flareon
|
|-weather|RainDance|[upkeep]
|upkeep
|turn|18
|
|switch|p2a: Glaceon|Glaceon, F|81/100
|move|p1a: Pelipper|Scald|p2a: Glaceon
|-damage|p2a: Glaceon|24/100
|-status|p2a: Glaceon|brn
|
|-weather|RainDance|[upkeep]
|-heal|p2a: Glaceon|79/100 brn|[from] move: Wish|[wisher] Flareon
|-damage|p2a: Glaceon|73/100 brn|[from] brn
|upkeep
|turn|19
|
|switch|p1a: Dragapult|Dragapult, M|100/100
|move|p2a: Glaceon|Freeze-Dry|p1a: Dragapult
|-supereffective|p1a: Dragapult
|-damage|p1a: Dragapult|0 fnt
|-damage|p2a: Glaceon|63/100 brn|[from] item: Life Orb
|faint|p1a: Dragapult
|
|-weather|RainDance|[upkeep]
|-damage|p2a: Glaceon|57/100 brn|[from] brn
|upkeep
|
|switch|p1a: Seismitoad|Seismitoad, F|91/100
|turn|20
|
|switch|p2a: Flareon|Flareon, M|9/100
|move|p1a: Seismitoad|Hydro Pump|p2a: Flareon
|-supereffective|p2a: Flareon
|-damage|p2a: Flareon|0 fnt
|-damage|p1a: Seismitoad|81/100|[from] item: Life Orb
|faint|p2a: Flareon
|
|-weather|RainDance|[upkeep]
|upkeep
|
|switch|p2a: Corviknight|Corviknight, F|49/100
|-ability|p2a: Corviknight|Pressure
|turn|21
|
|move|p1a: Seismitoad|Hydro Pump|p2a: Corviknight
|-damage|p2a: Corviknight|0 fnt
|-damage|p1a: Seismitoad|71/100|[from] item: Life Orb
|faint|p2a: Corviknight
|
|-weather|RainDance|[upkeep]
|upkeep
|
|switch|p2a: Hydreigon|Hydreigon, F|100/100
|turn|22
|
|switch|p2a: Aegislash|Aegislash, M|63/100
|move|p1a: Seismitoad|Focus Blast|p2a: Aegislash
|-immune|p2a: Aegislash
|
|-weather|none
|upkeep
|turn|23
|
|switch|p1a: Pelipper|Pelipper, M, shiny|100/100
|-weather|RainDance|[from] ability: Drizzle|[of] p1a: Pelipper
|switch|p2a: Glaceon|Glaceon, F|57/100 brn
|
|-weather|RainDance|[upkeep]
|-damage|p2a: Glaceon|51/100 brn|[from] brn
|upkeep
|turn|24
|
|move|p2a: Glaceon|Freeze-Dry|p1a: Pelipper
|-supereffective|p1a: Pelipper
|-damage|p1a: Pelipper|0 fnt
|-damage|p2a: Glaceon|41/100 brn|[from] item: Life Orb
|faint|p1a: Pelipper
|
|-weather|RainDance|[upkeep]
|-damage|p2a: Glaceon|35/100 brn|[from] brn
|upkeep
|c|☆zeurney|nicely done
|
|switch|p1a: Seismitoad|Seismitoad, F|71/100
|turn|25
|
|move|p2a: Glaceon|Protect|p2a: Glaceon
|-singleturn|p2a: Glaceon|Protect
|move|p1a: Seismitoad|Hydro Pump|p2a: Glaceon
|-activate|p2a: Glaceon|move: Protect
|
|-weather|RainDance|[upkeep]
|-damage|p2a: Glaceon|29/100 brn|[from] brn
|upkeep
|turn|26
|
|switch|p2a: Hydreigon|Hydreigon, F|100/100
|move|p1a: Seismitoad|Hydro Pump|p2a: Hydreigon|[miss]
|-miss|p1a: Seismitoad|p2a: Hydreigon
|
|-weather|RainDance|[upkeep]
|upkeep
|turn|27
|
|move|p1a: Seismitoad|Hydro Pump|p2a: Hydreigon
|-resisted|p2a: Hydreigon
|-damage|p2a: Hydreigon|51/100
|-damage|p1a: Seismitoad|61/100|[from] item: Life Orb
|move|p2a: Hydreigon|Draco Meteor|p1a: Seismitoad
|-damage|p1a: Seismitoad|0 fnt
|-unboost|p2a: Hydreigon|spa|2
|faint|p1a: Seismitoad
|
|-weather|RainDance|[upkeep]
|upkeep
|
|switch|p1a: Barraskewda|Barraskewda, M|91/100
|turn|28
|
|switch|p2a: Glaceon|Glaceon, F|29/100 brn
|move|p1a: Barraskewda|Close Combat|p2a: Glaceon
|-supereffective|p2a: Glaceon
|-damage|p2a: Glaceon|0 fnt
|-unboost|p1a: Barraskewda|def|1
|-unboost|p1a: Barraskewda|spd|1
|-damage|p1a: Barraskewda|81/100|[from] item: Life Orb
|faint|p2a: Glaceon
|
|-weather|RainDance|[upkeep]
|upkeep
|
|switch|p2a: Seismitoad|Seismitoad, F|64/100
|turn|29
|
|move|p1a: Barraskewda|Close Combat|p2a: Seismitoad
|-damage|p2a: Seismitoad|21/100
|-unboost|p1a: Barraskewda|def|1
|-unboost|p1a: Barraskewda|spd|1
|-damage|p1a: Barraskewda|71/100|[from] item: Life Orb
|move|p2a: Seismitoad|Earth Power|p1a: Barraskewda
|-damage|p1a: Barraskewda|0 fnt
|faint|p1a: Barraskewda
|
|win|eeraa
|c|☆eeraa|gg
|l|☆zeurney
|raw|zeurney's rating: 1491 → 1477(-14 for losing)
|raw|eeraa's rating: 1589 → 1604(+15 for winning)
