|ScrapeTime|2020-01-03-00:44:38
|j|☆Camilofoda
|j|☆KaKaOHO
|player|p1|Camilofoda|giovanni|
|player|p2|KaKaOHO|n|
|teamsize|p1|6
|teamsize|p2|6
|gametype|singles
|gen|8
|tier|[Gen 8] OU
|rule|Sleep Clause Mod: Limit one foe put to sleep
|rule|Species Clause: Limit one of each Pokémon
|rule|OHKO Clause: OHKO moves are banned
|rule|Evasion Moves Clause: Evasion moves are banned
|rule|Endless Battle Clause: Forcing endless battles is banned
|rule|HP Percentage Mod: HP is shown in percentages
|clearpoke
|poke|p1|Cinderace, F|
|poke|p1|Barraskewda, M|
|poke|p1|Obstagoon, M|
|poke|p1|Alcremie, F|
|poke|p1|Dragapult, F|
|poke|p1|Diggersby, M|
|poke|p2|Frosmoth, M|
|poke|p2|Morpeko, M|
|poke|p2|Hippowdon, M|
|poke|p2|Hatterene, F|
|poke|p2|Excadrill, F|
|poke|p2|Kommo-o, F|
|rule|Dynamax Clause: You cannot dynamax
|teampreview
|
|start
|switch|p1a: Diggersby|Diggersby, M|100/100
|switch|p2a: he ticc|Hippowdon, M|100/100
|-weather|Sandstorm|[from] ability: Sand Stream|[of] p2a: he ticc
|turn|1
|
|move|p1a: Diggersby|Ice Punch|p2a: he ticc
|-supereffective|p2a: he ticc
|-damage|p2a: he ticc|68/100
|move|p2a: he ticc|Whirlwind|p1a: Diggersby
|drag|p1a: Barraskewda|Barraskewda, M|100/100
|
|-weather|Sandstorm|[upkeep]
|-damage|p1a: Barraskewda|94/100|[from] Sandstorm
|-heal|p2a: he ticc|74/100|[from] item: Leftovers
|upkeep
|turn|2
|
|move|p1a: Barraskewda|Liquidation|p2a: he ticc
|-supereffective|p2a: he ticc
|-crit|p2a: he ticc
|-damage|p2a: he ticc|0 fnt
|-damage|p1a: Barraskewda|85/100|[from] item: Life Orb
|faint|p2a: he ticc
|
|-weather|Sandstorm|[upkeep]
|-damage|p1a: Barraskewda|78/100|[from] Sandstorm
|upkeep
|
|switch|p2a: uh oh stinky|Excadrill, F|100/100
|turn|3
|
|move|p2a: uh oh stinky|Earthquake|p1a: Barraskewda
|-damage|p1a: Barraskewda|0 fnt
|-damage|p2a: uh oh stinky|91/100|[from] item: Life Orb
|faint|p1a: Barraskewda
|
|-weather|Sandstorm|[upkeep]
|upkeep
|
|switch|p1a: Obstagoon|Obstagoon, M|100/100
|turn|4
|
|move|p1a: Obstagoon|Obstruct|p1a: Obstagoon
|-singleturn|p1a: Obstagoon|Protect
|move|p2a: uh oh stinky|Brick Break|p1a: Obstagoon
|-activate|p1a: Obstagoon|move: Protect
|-unboost|p2a: uh oh stinky|def|2
|
|-weather|Sandstorm|[upkeep]
|-damage|p1a: Obstagoon|94/100|[from] Sandstorm
|-status|p1a: Obstagoon|brn|[from] item: Flame Orb
|upkeep
|turn|5
|inactive|Battle timer is ON: inactive players will automatically lose when time's up. (requested by KaKaOHO)
|
|move|p2a: uh oh stinky|Brick Break|p1a: Obstagoon
|-supereffective|p1a: Obstagoon
|-damage|p1a: Obstagoon|0 fnt
|-damage|p2a: uh oh stinky|81/100|[from] item: Life Orb
|faint|p1a: Obstagoon
|
|-weather|none
|upkeep
|
|switch|p1a: Cinderace|Cinderace, F|100/100
|turn|6
|
|switch|p2a: Kommo-o|Kommo-o, F|100/100
|move|p1a: Cinderace|Pyro Ball|p2a: Kommo-o
|-resisted|p2a: Kommo-o
|-damage|p2a: Kommo-o|65/100
|-damage|p1a: Cinderace|91/100|[from] item: Life Orb
|
|upkeep
|turn|7
|
|move|p1a: Cinderace|Zen Headbutt|p2a: Kommo-o
|-supereffective|p2a: Kommo-o
|-damage|p2a: Kommo-o|0 fnt
|-damage|p1a: Cinderace|81/100|[from] item: Life Orb
|faint|p2a: Kommo-o
|
|upkeep
|
|switch|p2a: hangy|Morpeko, M|100/100
|turn|8
|
|move|p1a: Cinderace|High Jump Kick|p2a: hangy
|-supereffective|p2a: hangy
|-damage|p2a: hangy|0 fnt
|-damage|p1a: Cinderace|71/100|[from] item: Life Orb
|faint|p2a: hangy
|
|upkeep
|
|switch|p2a: Hatterene|Hatterene, F|100/100
|turn|9
|
|move|p1a: Cinderace|Gunk Shot|p2a: Hatterene
|-supereffective|p2a: Hatterene
|-damage|p2a: Hatterene|0 fnt
|-damage|p1a: Cinderace|61/100|[from] item: Life Orb
|faint|p2a: Hatterene
|
|upkeep
|
|switch|p2a: mein baby|Frosmoth, M|100/100
|turn|10
|
|move|p1a: Cinderace|Pyro Ball|p2a: mein baby
|-supereffective|p2a: mein baby
|-damage|p2a: mein baby|0 fnt
|-damage|p1a: Cinderace|51/100|[from] item: Life Orb
|faint|p2a: mein baby
|
|upkeep
|
|switch|p2a: uh oh stinky|Excadrill, F|81/100
|turn|11
|
|move|p1a: Cinderace|High Jump Kick|p2a: uh oh stinky
|-supereffective|p2a: uh oh stinky
|-damage|p2a: uh oh stinky|0 fnt
|-damage|p1a: Cinderace|41/100|[from] item: Life Orb
|faint|p2a: uh oh stinky
|
|win|Camilofoda
|l|☆KaKaOHO
