|ScrapeTime|2020-01-03-00:55:42
|j|☆The Kommo-okings
|j|☆Frankness
|player|p1|The Kommo-okings|102|
|player|p2|Frankness|2|
|teamsize|p1|6
|teamsize|p2|6
|gametype|singles
|gen|8
|tier|[Gen 8] OU
|rule|Sleep Clause Mod: Limit one foe put to sleep
|rule|Species Clause: Limit one of each Pokémon
|rule|OHKO Clause: OHKO moves are banned
|rule|Evasion Moves Clause: Evasion moves are banned
|rule|Endless Battle Clause: Forcing endless battles is banned
|rule|HP Percentage Mod: HP is shown in percentages
|clearpoke
|poke|p1|Seismitoad, F|
|poke|p1|Corviknight, F|
|poke|p1|Salazzle, F|
|poke|p1|Hitmonlee, M|
|poke|p1|Mr. Rime, F|
|poke|p1|Drampa, F|
|poke|p2|Obstagoon, F|
|poke|p2|Galvantula, F|
|poke|p2|Rillaboom, F|
|poke|p2|Noivern, F|
|poke|p2|Milotic, M|
|poke|p2|Perrserker, F|
|rule|Dynamax Clause: You cannot dynamax
|teampreview
|
|start
|switch|p1a: Salazzle|Salazzle, F, shiny|100/100
|switch|p2a: Rillaboom|Rillaboom, F|100/100
|turn|1
|
|switch|p2a: Milotic|Milotic, M|100/100
|switch|p1a: Corviknight|Corviknight, F|100/100
|-ability|p1a: Corviknight|Pressure
|
|upkeep
|turn|2
|
|switch|p1a: Seismitoad|Seismitoad, F, shiny|100/100
|move|p2a: Milotic|Scald|p1a: Seismitoad
|-immune|p1a: Seismitoad|[from] ability: Water Absorb
|
|upkeep
|turn|3
|
|move|p1a: Seismitoad|Scald|p2a: Milotic
|-resisted|p2a: Milotic
|-damage|p2a: Milotic|92/100
|move|p2a: Milotic|Recover|p2a: Milotic
|-heal|p2a: Milotic|100/100
|
|upkeep
|turn|4
|
|move|p1a: Seismitoad|Toxic|p2a: Milotic
|-status|p2a: Milotic|tox
|move|p2a: Milotic|Ice Beam|p1a: Seismitoad
|-damage|p1a: Seismitoad|79/100
|
|-heal|p1a: Seismitoad|86/100|[from] item: Leftovers
|-damage|p2a: Milotic|94/100 tox|[from] psn
|upkeep
|turn|5
|
|switch|p2a: Rillaboom|Rillaboom, F|100/100
|move|p1a: Seismitoad|Stealth Rock|p2a: Rillaboom
|-sidestart|p2: Frankness|move: Stealth Rock
|
|-heal|p1a: Seismitoad|92/100|[from] item: Leftovers
|upkeep
|turn|6
|
|switch|p1a: Corviknight|Corviknight, F|100/100
|-ability|p1a: Corviknight|Pressure
|move|p2a: Rillaboom|Earthquake|p1a: Corviknight
|-immune|p1a: Corviknight
|
|upkeep
|turn|7
|
|switch|p2a: Noivern|Noivern, F|100/100
|-damage|p2a: Noivern|75/100|[from] Stealth Rock
|switch|p1a: Drampa|Drampa, F|100/100
|
|upkeep
|turn|8
|
|switch|p1a: Corviknight|Corviknight, F|100/100
|-ability|p1a: Corviknight|Pressure
|move|p2a: Noivern|Defog|p1a: Corviknight
|-unboost|p1a: Corviknight|evasion|1
|-sideend|p2: Frankness|Stealth Rock|[from] move: Defog|[of] p2a: Noivern
|
|upkeep
|turn|9
|
|switch|p2a: Milotic|Milotic, M|94/100 tox
|move|p1a: Corviknight|Roost||[still]
|-fail|p1a: Corviknight|heal
|
|-heal|p2a: Milotic|100/100 tox|[from] item: Leftovers
|-damage|p2a: Milotic|94/100 tox|[from] psn
|upkeep
|turn|10
|
|switch|p2a: Rillaboom|Rillaboom, F|100/100
|switch|p1a: Seismitoad|Seismitoad, F, shiny|92/100
|
|-heal|p1a: Seismitoad|98/100|[from] item: Leftovers
|upkeep
|turn|11
|
|switch|p1a: Corviknight|Corviknight, F|100/100
|-ability|p1a: Corviknight|Pressure
|move|p2a: Rillaboom|Drain Punch|p1a: Corviknight
|-damage|p1a: Corviknight|77/100
|
|-heal|p1a: Corviknight|83/100|[from] item: Leftovers
|upkeep
|turn|12
|
|switch|p2a: Milotic|Milotic, M|94/100 tox
|move|p1a: Corviknight|Substitute|p1a: Corviknight
|-start|p1a: Corviknight|Substitute
|-damage|p1a: Corviknight|58/100
|
|-heal|p2a: Milotic|100/100 tox|[from] item: Leftovers
|-heal|p1a: Corviknight|64/100|[from] item: Leftovers
|-damage|p2a: Milotic|94/100 tox|[from] psn
|upkeep
|turn|13
|
|move|p2a: Milotic|Scald|p1a: Corviknight
|-activate|p1a: Corviknight|move: Substitute|[damage]
|move|p1a: Corviknight|Roost|p1a: Corviknight
|-heal|p1a: Corviknight|100/100
|-singleturn|p1a: Corviknight|move: Roost
|
|-heal|p2a: Milotic|100/100 tox|[from] item: Leftovers
|-damage|p2a: Milotic|88/100 tox|[from] psn
|upkeep
|turn|14
|
|switch|p1a: Seismitoad|Seismitoad, F, shiny|98/100
|move|p2a: Milotic|Scald|p1a: Seismitoad
|-heal|p1a: Seismitoad|100/100|[from] ability: Water Absorb|[of] p2a: Milotic
|
|-heal|p2a: Milotic|94/100 tox|[from] item: Leftovers
|-damage|p2a: Milotic|76/100 tox|[from] psn
|upkeep
|turn|15
|
|switch|p2a: Rillaboom|Rillaboom, F|100/100
|move|p1a: Seismitoad|Scald|p2a: Rillaboom
|-resisted|p2a: Rillaboom
|-damage|p2a: Rillaboom|85/100
|
|upkeep
|turn|16
|
|switch|p2a: Obstagoon|Obstagoon, F|100/100
|move|p1a: Seismitoad|Scald|p2a: Obstagoon
|-damage|p2a: Obstagoon|72/100
|
|-status|p2a: Obstagoon|brn|[from] item: Flame Orb
|upkeep
|turn|17
|
|switch|p1a: Drampa|Drampa, F|100/100
|move|p2a: Obstagoon|Facade|p1a: Drampa
|-damage|p1a: Drampa|15/100
|-ability|p1a: Drampa|Berserk|boost
|-boost|p1a: Drampa|spa|1
|
|-heal|p1a: Drampa|21/100|[from] item: Leftovers
|-damage|p2a: Obstagoon|66/100 brn|[from] brn
|upkeep
|turn|18
|
|move|p2a: Obstagoon|Facade|p1a: Drampa
|-damage|p1a: Drampa|0 fnt
|faint|p1a: Drampa
|
|-damage|p2a: Obstagoon|60/100 brn|[from] brn
|upkeep
|
|switch|p1a: Salazzle|Salazzle, F, shiny|100/100
|turn|19
|
|switch|p2a: Milotic|Milotic, M|76/100 tox
|move|p1a: Salazzle|Fake Out|p2a: Milotic
|-damage|p2a: Milotic|73/100 tox
|
|-heal|p2a: Milotic|79/100 tox|[from] item: Leftovers
|-damage|p2a: Milotic|73/100 tox|[from] psn
|upkeep
|turn|20
|
|move|p1a: Salazzle|Taunt|p2a: Milotic
|-start|p2a: Milotic|move: Taunt
|move|p2a: Milotic|Ice Beam|p1a: Salazzle
|-resisted|p1a: Salazzle
|-damage|p1a: Salazzle|84/100
|
|-heal|p1a: Salazzle|90/100|[from] item: Leftovers
|-heal|p2a: Milotic|79/100 tox|[from] item: Leftovers
|-damage|p2a: Milotic|66/100 tox|[from] psn
|upkeep
|turn|21
|
|switch|p1a: Mr. Rime|Mr. Rime, F|100/100
|move|p2a: Milotic|Scald|p1a: Mr. Rime
|-damage|p1a: Mr. Rime|73/100
|-status|p1a: Mr. Rime|brn
|
|-heal|p2a: Milotic|73/100 tox|[from] item: Leftovers
|-heal|p1a: Mr. Rime|79/100 brn|[from] item: Leftovers
|-damage|p2a: Milotic|54/100 tox|[from] psn
|-damage|p1a: Mr. Rime|73/100 brn|[from] brn
|upkeep
|turn|22
|
|switch|p2a: Galvantula|Galvantula, F|100/100
|switch|p1a: Corviknight|Corviknight, F|100/100
|-ability|p1a: Corviknight|Pressure
|
|upkeep
|turn|23
|
|switch|p1a: Seismitoad|Seismitoad, F, shiny|100/100
|move|p2a: Galvantula|Sticky Web|p1a: Seismitoad
|-sidestart|p1: The Kommo-okings|move: Sticky Web
|
|upkeep
|turn|24
|
|switch|p2a: Obstagoon|Obstagoon, F|60/100 brn
|move|p1a: Seismitoad|Stealth Rock|p2a: Obstagoon
|-sidestart|p2: Frankness|move: Stealth Rock
|
|-damage|p2a: Obstagoon|53/100 brn|[from] brn
|upkeep
|turn|25
|
|move|p2a: Obstagoon|Facade|p1a: Seismitoad
|-damage|p1a: Seismitoad|37/100
|move|p1a: Seismitoad|Earth Power|p2a: Obstagoon
|-damage|p2a: Obstagoon|19/100 brn
|
|-heal|p1a: Seismitoad|43/100|[from] item: Leftovers
|-damage|p2a: Obstagoon|12/100 brn|[from] brn
|upkeep
|turn|26
|
|switch|p1a: Mr. Rime|Mr. Rime, F|73/100 brn
|-activate|p1a: Mr. Rime|move: Sticky Web
|-unboost|p1a: Mr. Rime|spe|1
|move|p2a: Obstagoon|Close Combat|p1a: Mr. Rime
|-damage|p1a: Mr. Rime|34/100 brn
|-unboost|p2a: Obstagoon|def|1
|-unboost|p2a: Obstagoon|spd|1
|
|-heal|p1a: Mr. Rime|40/100 brn|[from] item: Leftovers
|-damage|p2a: Obstagoon|6/100 brn|[from] brn
|-damage|p1a: Mr. Rime|34/100 brn|[from] brn
|upkeep
|turn|27
|
|move|p2a: Obstagoon|Facade|p1a: Mr. Rime
|-damage|p1a: Mr. Rime|0 fnt
|faint|p1a: Mr. Rime
|
|-damage|p2a: Obstagoon|0 fnt|[from] brn
|faint|p2a: Obstagoon
|upkeep
|
|switch|p2a: Galvantula|Galvantula, F|100/100
|switch|p1a: Corviknight|Corviknight, F|100/100
|-damage|p2a: Galvantula|76/100|[from] Stealth Rock
|-ability|p1a: Corviknight|Pressure
|turn|28
|
|switch|p1a: Seismitoad|Seismitoad, F, shiny|43/100
|-activate|p1a: Seismitoad|move: Sticky Web
|-unboost|p1a: Seismitoad|spe|1
|move|p2a: Galvantula|Thunder|p1a: Seismitoad
|-immune|p1a: Seismitoad
|
|-heal|p1a: Seismitoad|50/100|[from] item: Leftovers
|upkeep
|turn|29
|
|switch|p2a: Noivern|Noivern, F|75/100
|-damage|p2a: Noivern|50/100|[from] Stealth Rock
|switch|p1a: Salazzle|Salazzle, F, shiny|90/100
|-activate|p1a: Salazzle|move: Sticky Web
|-unboost|p1a: Salazzle|spe|1
|
|-heal|p1a: Salazzle|96/100|[from] item: Leftovers
|upkeep
|turn|30
|
|move|p1a: Salazzle|Fake Out|p2a: Noivern
|-damage|p2a: Noivern|42/100
|cant|p2a: Noivern|flinch
|
|-heal|p1a: Salazzle|100/100|[from] item: Leftovers
|upkeep
|turn|31
|
|switch|p1a: Corviknight|Corviknight, F|100/100
|-ability|p1a: Corviknight|Pressure
|move|p2a: Noivern|Boomburst|p1a: Corviknight
|-resisted|p1a: Corviknight
|-damage|p1a: Corviknight|85/100
|
|-heal|p1a: Corviknight|91/100|[from] item: Leftovers
|upkeep
|turn|32
|
|move|p2a: Noivern|Defog|p1a: Corviknight
|-unboost|p1a: Corviknight|evasion|1
|-sideend|p1: The Kommo-okings|Sticky Web|[from] move: Defog|[of] p2a: Noivern
|-sideend|p2: Frankness|Stealth Rock|[from] move: Defog|[of] p2a: Noivern
|move|p1a: Corviknight|Substitute|p1a: Corviknight
|-start|p1a: Corviknight|Substitute
|-damage|p1a: Corviknight|67/100
|
|-heal|p1a: Corviknight|73/100|[from] item: Leftovers
|upkeep
|turn|33
|
|move|p2a: Noivern|Hurricane|p1a: Corviknight
|-resisted|p1a: Corviknight
|-damage|p1a: Corviknight|55/100
|-start|p1a: Corviknight|confusion
|-activate|p1a: Corviknight|confusion
|move|p1a: Corviknight|Bulk Up|p1a: Corviknight
|-boost|p1a: Corviknight|atk|1
|-boost|p1a: Corviknight|def|1
|
|-heal|p1a: Corviknight|61/100|[from] item: Leftovers
|upkeep
|turn|34
|
|move|p2a: Noivern|Hurricane|p1a: Corviknight
|-resisted|p1a: Corviknight
|-damage|p1a: Corviknight|43/100
|-activate|p1a: Corviknight|confusion
|move|p1a: Corviknight|Roost|p1a: Corviknight
|-heal|p1a: Corviknight|93/100
|-singleturn|p1a: Corviknight|move: Roost
|
|-heal|p1a: Corviknight|99/100|[from] item: Leftovers
|upkeep
|turn|35
|
|move|p2a: Noivern|Boomburst|p1a: Corviknight
|-resisted|p1a: Corviknight
|-damage|p1a: Corviknight|85/100
|-activate|p1a: Corviknight|confusion
|move|p1a: Corviknight|Bulk Up|p1a: Corviknight
|-boost|p1a: Corviknight|atk|1
|-boost|p1a: Corviknight|def|1
|
|-heal|p1a: Corviknight|91/100|[from] item: Leftovers
|upkeep
|turn|36
|
|move|p2a: Noivern|Hurricane|p1a: Corviknight
|-resisted|p1a: Corviknight
|-damage|p1a: Corviknight|74/100
|-activate|p1a: Corviknight|confusion
|-damage|p1a: Corviknight|67/100|[from] confusion
|
|-heal|p1a: Corviknight|73/100|[from] item: Leftovers
|upkeep
|turn|37
|
|move|p2a: Noivern|Boomburst|p1a: Corviknight
|-resisted|p1a: Corviknight
|-damage|p1a: Corviknight|59/100
|-end|p1a: Corviknight|confusion
|move|p1a: Corviknight|Bulk Up|p1a: Corviknight
|-boost|p1a: Corviknight|atk|1
|-boost|p1a: Corviknight|def|1
|
|-heal|p1a: Corviknight|65/100|[from] item: Leftovers
|upkeep
|turn|38
|
|move|p2a: Noivern|Boomburst|p1a: Corviknight
|-resisted|p1a: Corviknight
|-damage|p1a: Corviknight|50/100
|move|p1a: Corviknight|Roost|p1a: Corviknight
|-heal|p1a: Corviknight|99/100
|-singleturn|p1a: Corviknight|move: Roost
|
|-heal|p1a: Corviknight|100/100|[from] item: Leftovers
|upkeep
|turn|39
|
|move|p2a: Noivern|Hurricane|p1a: Corviknight
|-resisted|p1a: Corviknight
|-damage|p1a: Corviknight|84/100
|move|p1a: Corviknight|Brave Bird|p2a: Noivern
|-damage|p2a: Noivern|0 fnt
|-damage|p1a: Corviknight|74/100|[from] Recoil
|faint|p2a: Noivern
|
|-heal|p1a: Corviknight|80/100|[from] item: Leftovers
|upkeep
|
|switch|p2a: Perrserker|Perrserker, F|100/100
|turn|40
|
|move|p2a: Perrserker|Close Combat|p1a: Corviknight
|-activate|p1a: Corviknight|move: Substitute|[damage]
|-unboost|p2a: Perrserker|def|1
|-unboost|p2a: Perrserker|spd|1
|-damage|p2a: Perrserker|91/100|[from] item: Life Orb
|move|p1a: Corviknight|Bulk Up|p1a: Corviknight
|-boost|p1a: Corviknight|atk|1
|-boost|p1a: Corviknight|def|1
|
|-heal|p1a: Corviknight|86/100|[from] item: Leftovers
|upkeep
|turn|41
|
|move|p2a: Perrserker|Close Combat|p1a: Corviknight
|-end|p1a: Corviknight|Substitute
|-unboost|p2a: Perrserker|def|1
|-unboost|p2a: Perrserker|spd|1
|-damage|p2a: Perrserker|81/100|[from] item: Life Orb
|move|p1a: Corviknight|Bulk Up|p1a: Corviknight
|-boost|p1a: Corviknight|atk|1
|-boost|p1a: Corviknight|def|1
|
|-heal|p1a: Corviknight|92/100|[from] item: Leftovers
|upkeep
|turn|42
|
|move|p2a: Perrserker|Swords Dance|p2a: Perrserker
|-boost|p2a: Perrserker|atk|2
|move|p1a: Corviknight|Substitute|p1a: Corviknight
|-start|p1a: Corviknight|Substitute
|-damage|p1a: Corviknight|67/100
|
|-heal|p1a: Corviknight|73/100|[from] item: Leftovers
|upkeep
|turn|43
|
|move|p2a: Perrserker|Close Combat|p1a: Corviknight
|-end|p1a: Corviknight|Substitute
|-unboost|p2a: Perrserker|def|1
|-unboost|p2a: Perrserker|spd|1
|-damage|p2a: Perrserker|71/100|[from] item: Life Orb
|move|p1a: Corviknight|Brave Bird|p2a: Perrserker
|-resisted|p2a: Perrserker
|-damage|p2a: Perrserker|0 fnt
|-damage|p1a: Corviknight|57/100|[from] Recoil
|faint|p2a: Perrserker
|
|-heal|p1a: Corviknight|63/100|[from] item: Leftovers
|upkeep
|
|switch|p2a: Galvantula|Galvantula, F|76/100
|turn|44
|
|switch|p1a: Seismitoad|Seismitoad, F, shiny|50/100
|move|p2a: Galvantula|Thunder|p1a: Seismitoad
|-immune|p1a: Seismitoad
|
|-heal|p1a: Seismitoad|56/100|[from] item: Leftovers
|upkeep
|turn|45
|
|switch|p2a: Milotic|Milotic, M|54/100 tox
|move|p1a: Seismitoad|Scald|p2a: Milotic
|-resisted|p2a: Milotic
|-damage|p2a: Milotic|46/100 tox
|
|-heal|p1a: Seismitoad|62/100|[from] item: Leftovers
|-heal|p2a: Milotic|53/100 tox|[from] item: Leftovers
|-damage|p2a: Milotic|46/100 tox|[from] psn
|upkeep
|turn|46
|
|move|p1a: Seismitoad|Stealth Rock|p2a: Milotic
|-sidestart|p2: Frankness|move: Stealth Rock
|move|p2a: Milotic|Scald|p1a: Seismitoad
|-heal|p1a: Seismitoad|86/100|[from] ability: Water Absorb|[of] p2a: Milotic
|
|-heal|p1a: Seismitoad|93/100|[from] item: Leftovers
|-heal|p2a: Milotic|53/100 tox|[from] item: Leftovers
|-damage|p2a: Milotic|40/100 tox|[from] psn
|upkeep
|turn|47
|
|move|p1a: Seismitoad|Scald|p2a: Milotic
|-resisted|p2a: Milotic
|-damage|p2a: Milotic|32/100 tox
|move|p2a: Milotic|Scald|p1a: Seismitoad
|-heal|p1a: Seismitoad|100/100|[from] ability: Water Absorb|[of] p2a: Milotic
|
|-heal|p2a: Milotic|38/100 tox|[from] item: Leftovers
|-damage|p2a: Milotic|20/100 tox|[from] psn
|upkeep
|turn|48
|
|move|p1a: Seismitoad|Earth Power|p2a: Milotic
|-damage|p2a: Milotic|4/100 tox
|move|p2a: Milotic|Recover|p2a: Milotic
|-heal|p2a: Milotic|54/100 tox
|
|-heal|p2a: Milotic|60/100 tox|[from] item: Leftovers
|-damage|p2a: Milotic|36/100 tox|[from] psn
|upkeep
|turn|49
|
|switch|p2a: Rillaboom|Rillaboom, F|85/100
|-damage|p2a: Rillaboom|72/100|[from] Stealth Rock
|move|p1a: Seismitoad|Scald|p2a: Rillaboom
|-resisted|p2a: Rillaboom
|-damage|p2a: Rillaboom|55/100
|
|upkeep
|turn|50
|
|switch|p1a: Corviknight|Corviknight, F|63/100
|-ability|p1a: Corviknight|Pressure
|move|p2a: Rillaboom|U-turn|p1a: Corviknight
|-resisted|p1a: Corviknight
|-damage|p1a: Corviknight|57/100
|
|switch|p2a: Galvantula|Galvantula, F|76/100|[from]move: U-turn
|-damage|p2a: Galvantula|51/100|[from] Stealth Rock
|
|-heal|p1a: Corviknight|63/100|[from] item: Leftovers
|upkeep
|turn|51
|
|switch|p1a: Seismitoad|Seismitoad, F, shiny|100/100
|move|p2a: Galvantula|Bug Buzz|p1a: Seismitoad
|-damage|p1a: Seismitoad|55/100
|
|-heal|p1a: Seismitoad|61/100|[from] item: Leftovers
|upkeep
|turn|52
|
|switch|p2a: Milotic|Milotic, M|36/100 tox
|-damage|p2a: Milotic|23/100 tox|[from] Stealth Rock
|move|p1a: Seismitoad|Scald|p2a: Milotic
|-resisted|p2a: Milotic
|-damage|p2a: Milotic|14/100 tox
|
|-heal|p1a: Seismitoad|67/100|[from] item: Leftovers
|-heal|p2a: Milotic|21/100 tox|[from] item: Leftovers
|-damage|p2a: Milotic|14/100 tox|[from] psn
|upkeep
|turn|53
|
|move|p1a: Seismitoad|Earth Power|p2a: Milotic
|-damage|p2a: Milotic|0 fnt
|faint|p2a: Milotic
|
|-heal|p1a: Seismitoad|73/100|[from] item: Leftovers
|upkeep
|
|switch|p2a: Rillaboom|Rillaboom, F|55/100
|-damage|p2a: Rillaboom|43/100|[from] Stealth Rock
|turn|54
|
|switch|p1a: Corviknight|Corviknight, F|63/100
|-ability|p1a: Corviknight|Pressure
|move|p2a: Rillaboom|Drain Punch|p1a: Corviknight
|-damage|p1a: Corviknight|41/100
|-heal|p2a: Rillaboom|56/100|[from] drain|[of] p1a: Corviknight
|
|-heal|p1a: Corviknight|47/100|[from] item: Leftovers
|upkeep
|turn|55
|
|move|p2a: Rillaboom|Drain Punch|p1a: Corviknight
|-damage|p1a: Corviknight|23/100
|-heal|p2a: Rillaboom|70/100|[from] drain|[of] p1a: Corviknight
|move|p1a: Corviknight|Roost|p1a: Corviknight
|-heal|p1a: Corviknight|73/100
|-singleturn|p1a: Corviknight|move: Roost
|
|-heal|p1a: Corviknight|79/100|[from] item: Leftovers
|upkeep
|turn|56
|
|move|p2a: Rillaboom|Drain Punch|p1a: Corviknight
|-damage|p1a: Corviknight|55/100
|-heal|p2a: Rillaboom|84/100|[from] drain|[of] p1a: Corviknight
|move|p1a: Corviknight|Substitute|p1a: Corviknight
|-start|p1a: Corviknight|Substitute
|-damage|p1a: Corviknight|30/100
|
|-heal|p1a: Corviknight|36/100|[from] item: Leftovers
|upkeep
|turn|57
|
|move|p2a: Rillaboom|Drain Punch|p1a: Corviknight
|-activate|p1a: Corviknight|move: Substitute|[damage]
|-heal|p2a: Rillaboom|97/100|[from] drain|[of] p1a: Corviknight
|move|p1a: Corviknight|Bulk Up|p1a: Corviknight
|-boost|p1a: Corviknight|atk|1
|-boost|p1a: Corviknight|def|1
|
|-heal|p1a: Corviknight|42/100|[from] item: Leftovers
|upkeep
|turn|58
|
|move|p2a: Rillaboom|Drain Punch|p1a: Corviknight
|-end|p1a: Corviknight|Substitute
|-heal|p2a: Rillaboom|99/100|[from] drain|[of] p1a: Corviknight
|move|p1a: Corviknight|Roost|p1a: Corviknight
|-heal|p1a: Corviknight|92/100
|-singleturn|p1a: Corviknight|move: Roost
|
|-heal|p1a: Corviknight|98/100|[from] item: Leftovers
|upkeep
|turn|59
|
|switch|p2a: Galvantula|Galvantula, F|51/100
|-damage|p2a: Galvantula|26/100|[from] Stealth Rock
|move|p1a: Corviknight|Substitute|p1a: Corviknight
|-start|p1a: Corviknight|Substitute
|-damage|p1a: Corviknight|74/100
|
|-heal|p1a: Corviknight|80/100|[from] item: Leftovers
|upkeep
|turn|60
|
|move|p2a: Galvantula|Thunder|p1a: Corviknight
|-supereffective|p1a: Corviknight
|-end|p1a: Corviknight|Substitute
|move|p1a: Corviknight|Brave Bird|p2a: Galvantula
|-damage|p2a: Galvantula|0 fnt
|-damage|p1a: Corviknight|74/100|[from] Recoil
|faint|p2a: Galvantula
|
|-heal|p1a: Corviknight|80/100|[from] item: Leftovers
|upkeep
|
|switch|p2a: Rillaboom|Rillaboom, F|99/100
|-damage|p2a: Rillaboom|86/100|[from] Stealth Rock
|turn|61
|
|move|p2a: Rillaboom|Wood Hammer|p1a: Corviknight
|-resisted|p1a: Corviknight
|-damage|p1a: Corviknight|71/100
|-damage|p2a: Rillaboom|83/100|[from] Recoil
|move|p1a: Corviknight|Brave Bird|p2a: Rillaboom
|-supereffective|p2a: Rillaboom
|-damage|p2a: Rillaboom|0 fnt
|-damage|p1a: Corviknight|48/100|[from] Recoil
|faint|p2a: Rillaboom
|
|win|The Kommo-okings
|c|☆The Kommo-okings|Gg
