|ScrapeTime|2020-01-01-22:05:12
|j|☆emivvv
|j|☆Hi there m9!
|player|p1|emivvv|medium|1139
|player|p2|Hi there m9!|56|1177
|teamsize|p1|6
|teamsize|p2|6
|gametype|singles
|gen|8
|tier|[Gen 8] OU
|rated|
|rule|Sleep Clause Mod: Limit one foe put to sleep
|rule|Species Clause: Limit one of each Pokémon
|rule|OHKO Clause: OHKO moves are banned
|rule|Evasion Moves Clause: Evasion moves are banned
|rule|Endless Battle Clause: Forcing endless battles is banned
|rule|HP Percentage Mod: HP is shown in percentages
|clearpoke
|poke|p1|Snorlax, F|
|poke|p1|Aegislash, M|
|poke|p1|Chandelure, F|
|poke|p1|Pyukumuku, M|
|poke|p1|Polteageist|
|poke|p1|Hydreigon, M|
|poke|p2|Cinderace, F|
|poke|p2|Clefable, M|
|poke|p2|Hatterene, F|
|poke|p2|Hydreigon, F|
|poke|p2|Dragapult, F|
|poke|p2|Excadrill, M|
|rule|Dynamax Clause: You cannot dynamax
|teampreview
|
|start
|switch|p1a: pruple drank|Polteageist|100/100
|switch|p2a: Cinderace|Cinderace, F|100/100
|turn|1
|inactive|Battle timer is ON: inactive players will automatically lose when time's up. (requested by emivvv)
|
|move|p2a: Cinderace|Pyro Ball|p1a: pruple drank|[miss]
|-miss|p2a: Cinderace|p1a: pruple drank
|move|p1a: pruple drank|Shell Smash|p1a: pruple drank
|-unboost|p1a: pruple drank|def|1
|-unboost|p1a: pruple drank|spd|1
|-boost|p1a: pruple drank|atk|2
|-boost|p1a: pruple drank|spa|2
|-boost|p1a: pruple drank|spe|2
|
|upkeep
|turn|2
|c|☆emivvv|hiii!!!
|
|move|p1a: pruple drank|Shell Smash|p1a: pruple drank
|-unboost|p1a: pruple drank|def|1
|-unboost|p1a: pruple drank|spd|1
|-boost|p1a: pruple drank|atk|2
|-boost|p1a: pruple drank|spa|2
|-boost|p1a: pruple drank|spe|2
|move|p2a: Cinderace|Pyro Ball|p1a: pruple drank
|-enditem|p1a: pruple drank|Focus Sash
|-damage|p1a: pruple drank|1/100
|-ability|p1a: pruple drank|Weak Armor|boost
|-unboost|p1a: pruple drank|def|1
|-boost|p1a: pruple drank|spe|2
|
|upkeep
|turn|3
|
|move|p1a: pruple drank|Stored Power|p2a: Cinderace
|-damage|p2a: Cinderace|0 fnt
|faint|p2a: Cinderace
|
|upkeep
|
|switch|p2a: Excadrill|Excadrill, M|100/100
|-ability|p2a: Excadrill|Mold Breaker
|turn|4
|
|move|p1a: pruple drank|Stored Power|p2a: Excadrill
|-resisted|p2a: Excadrill
|-enditem|p2a: Excadrill|Focus Sash
|-damage|p2a: Excadrill|1/100
|move|p2a: Excadrill|Earthquake|p1a: pruple drank
|-damage|p1a: pruple drank|0 fnt
|faint|p1a: pruple drank
|
|upkeep
|
|switch|p1a: triple YOMP|Hydreigon, M|100/100
|turn|5
|
|switch|p2a: Clefable|Clefable, M|100/100
|move|p1a: triple YOMP|Dark Pulse|p2a: Clefable
|-resisted|p2a: Clefable
|-damage|p2a: Clefable|77/100
|
|upkeep
|turn|6
|
|switch|p1a: me|Snorlax, F|100/100
|move|p2a: Clefable|Moonblast|p1a: me
|-damage|p1a: me|74/100
|
|upkeep
|turn|7
|
|move|p2a: Clefable|Flamethrower|p1a: me
|-damage|p1a: me|56/100
|move|p1a: me|Belly Drum|p1a: me
|-damage|p1a: me|6/100
|-setboost|p1a: me|atk|6|[from] move: Belly Drum
|-enditem|p1a: me|Aguav Berry|[eat]
|-heal|p1a: me|39/100|[from] item: Aguav Berry
|
|upkeep
|turn|8
|
|switch|p2a: Excadrill|Excadrill, M|1/100
|-ability|p2a: Excadrill|Mold Breaker
|move|p1a: me|Recycle|p1a: me
|-item|p1a: me|Aguav Berry|[from] move: Recycle
|-enditem|p1a: me|Aguav Berry|[eat]
|-heal|p1a: me|72/100|[from] item: Aguav Berry
|
|upkeep
|turn|9
|
|move|p2a: Excadrill|Earthquake|p1a: me
|-damage|p1a: me|23/100
|move|p1a: me|Body Slam|p2a: Excadrill
|-resisted|p2a: Excadrill
|-damage|p2a: Excadrill|0 fnt
|faint|p2a: Excadrill
|
|upkeep
|
|switch|p2a: Clefable|Clefable, M|77/100
|turn|10
|
|move|p2a: Clefable|Moonblast|p1a: me
|-damage|p1a: me|0 fnt
|faint|p1a: me
|
|upkeep
|
|switch|p1a: cute blobby|Pyukumuku, M|100/100
|turn|11
|
|move|p2a: Clefable|Thunderbolt|p1a: cute blobby
|-supereffective|p1a: cute blobby
|-damage|p1a: cute blobby|47/100
|move|p1a: cute blobby|Soak|p2a: Clefable
|-start|p2a: Clefable|typechange|Water
|
|-heal|p1a: cute blobby|53/100|[from] item: Leftovers
|upkeep
|turn|12
|
|move|p1a: cute blobby|Protect|p1a: cute blobby
|-singleturn|p1a: cute blobby|Protect
|move|p2a: Clefable|Thunderbolt|p1a: cute blobby
|-activate|p1a: cute blobby|move: Protect
|
|-heal|p1a: cute blobby|59/100|[from] item: Leftovers
|upkeep
|turn|13
|
|move|p2a: Clefable|Thunderbolt|p1a: cute blobby
|-supereffective|p1a: cute blobby
|-damage|p1a: cute blobby|3/100
|move|p1a: cute blobby|Toxic|p2a: Clefable
|-status|p2a: Clefable|tox
|
|-heal|p1a: cute blobby|9/100|[from] item: Leftovers
|upkeep
|turn|14
|
|move|p1a: cute blobby|Protect|p1a: cute blobby
|-singleturn|p1a: cute blobby|Protect
|move|p2a: Clefable|Thunderbolt|p1a: cute blobby
|-activate|p1a: cute blobby|move: Protect
|
|-heal|p1a: cute blobby|15/100|[from] item: Leftovers
|upkeep
|turn|15
|
|move|p1a: cute blobby|Protect||[still]
|-fail|p1a: cute blobby
|move|p2a: Clefable|Thunderbolt|p1a: cute blobby
|-supereffective|p1a: cute blobby
|-damage|p1a: cute blobby|0 fnt
|faint|p1a: cute blobby
|
|upkeep
|
|switch|p1a: sword man|Aegislash, M|100/100
|turn|16
|
|move|p1a: sword man|King's Shield|p1a: sword man
|-singleturn|p1a: sword man|Protect
|move|p2a: Clefable|Flamethrower|p1a: sword man
|-activate|p1a: sword man|move: Protect
|
|upkeep
|turn|17
|
|move|p2a: Clefable|Flamethrower|p1a: sword man
|-supereffective|p1a: sword man
|-damage|p1a: sword man|44/100
|-formechange|p1a: sword man|Aegislash-Blade||[from] ability: Stance Change
|move|p1a: sword man|Shadow Claw|p2a: Clefable
|-crit|p2a: Clefable
|-damage|p2a: Clefable|17/100 tox
|
|-heal|p1a: sword man|50/100|[from] item: Leftovers
|upkeep
|turn|18
|
|-formechange|p1a: sword man|Aegislash||[from] ability: Stance Change
|move|p1a: sword man|King's Shield|p1a: sword man
|-singleturn|p1a: sword man|Protect
|move|p2a: Clefable|Moonlight|p2a: Clefable
|-heal|p2a: Clefable|67/100 tox
|
|-heal|p1a: sword man|57/100|[from] item: Leftovers
|upkeep
|turn|19
|
|move|p1a: sword man|King's Shield||[still]
|-fail|p1a: sword man
|move|p2a: Clefable|Flamethrower|p1a: sword man
|-supereffective|p1a: sword man
|-damage|p1a: sword man|4/100
|
|-heal|p1a: sword man|10/100|[from] item: Leftovers
|upkeep
|turn|20
|
|move|p1a: sword man|King's Shield|p1a: sword man
|-singleturn|p1a: sword man|Protect
|move|p2a: Clefable|Thunderbolt|p1a: sword man
|-activate|p1a: sword man|move: Protect
|
|-heal|p1a: sword man|16/100|[from] item: Leftovers
|upkeep
|turn|21
|
|move|p2a: Clefable|Thunderbolt|p1a: sword man
|-damage|p1a: sword man|0 fnt
|faint|p1a: sword man
|
|upkeep
|
|switch|p1a: spookers|Chandelure, F|100/100
|turn|22
|
|move|p1a: spookers|Fire Blast|p2a: Clefable
|-resisted|p2a: Clefable
|-damage|p2a: Clefable|30/100 tox
|move|p2a: Clefable|Moonlight|p2a: Clefable
|-heal|p2a: Clefable|80/100 tox
|
|upkeep
|turn|23
|-message|emivvv forfeited.
|
|win|Hi there m9!
