|ScrapeTime|2020-01-01-04:45:12
|j|☆master of miss
|j|☆garbage weeb
|player|p1|master of miss|swimmerf-gen4dp|1377
|player|p2|garbage weeb|253|1437
|teamsize|p1|6
|teamsize|p2|6
|gametype|singles
|gen|8
|tier|[Gen 8] OU
|rated|
|rule|Sleep Clause Mod: Limit one foe put to sleep
|rule|Species Clause: Limit one of each Pokémon
|rule|OHKO Clause: OHKO moves are banned
|rule|Evasion Moves Clause: Evasion moves are banned
|rule|Endless Battle Clause: Forcing endless battles is banned
|rule|HP Percentage Mod: HP is shown in percentages
|clearpoke
|poke|p1|Hydreigon, F|
|poke|p1|Sylveon, M|
|poke|p1|Mimikyu, M|
|poke|p1|Arcanine, F|
|poke|p1|Corviknight, M|
|poke|p1|Dracovish|
|poke|p2|Vanilluxe, M|
|poke|p2|Aegislash, F|
|poke|p2|Obstagoon, F|
|poke|p2|Corviknight, F|
|poke|p2|Dragapult, M|
|poke|p2|Hatterene, F|
|rule|Dynamax Clause: You cannot dynamax
|teampreview
|
|start
|switch|p1a: Arcanine|Arcanine, F|100/100
|switch|p2a: Vanilluxe|Vanilluxe, M|100/100
|-weather|Hail|[from] ability: Snow Warning|[of] p2a: Vanilluxe
|-ability|p1a: Arcanine|Intimidate|boost
|-unboost|p2a: Vanilluxe|atk|1
|turn|1
|
|move|p2a: Vanilluxe|Aurora Veil|p2a: Vanilluxe
|-sidestart|p2: garbage weeb|move: Aurora Veil
|move|p1a: Arcanine|Flare Blitz|p2a: Vanilluxe
|-supereffective|p2a: Vanilluxe
|-damage|p2a: Vanilluxe|23/100
|-damage|p1a: Arcanine|81/100|[from] Recoil
|
|-weather|Hail|[upkeep]
|-damage|p1a: Arcanine|75/100|[from] Hail
|upkeep
|turn|2
|
|move|p2a: Vanilluxe|Blizzard|p1a: Arcanine
|-resisted|p1a: Arcanine
|-damage|p1a: Arcanine|43/100
|move|p1a: Arcanine|Flare Blitz|p2a: Vanilluxe
|-supereffective|p2a: Vanilluxe
|-damage|p2a: Vanilluxe|0 fnt
|-damage|p1a: Arcanine|37/100|[from] Recoil
|faint|p2a: Vanilluxe
|
|-weather|Hail|[upkeep]
|-damage|p1a: Arcanine|31/100|[from] Hail
|upkeep
|
|switch|p2a: Dragapult|Dragapult, M|100/100
|turn|3
|
|switch|p1a: Corviknight|Corviknight, M|100/100
|move|p2a: Dragapult|Substitute|p2a: Dragapult
|-start|p2a: Dragapult|Substitute
|-damage|p2a: Dragapult|76/100
|
|-weather|Hail|[upkeep]
|-damage|p2a: Dragapult|70/100|[from] Hail
|-damage|p1a: Corviknight|94/100|[from] Hail
|upkeep
|turn|4
|
|switch|p1a: Sylveon|Sylveon, M|100/100
|move|p2a: Dragapult|Dragon Dance|p2a: Dragapult
|-boost|p2a: Dragapult|atk|1
|-boost|p2a: Dragapult|spe|1
|
|-weather|Hail|[upkeep]
|-damage|p2a: Dragapult|64/100|[from] Hail
|-damage|p1a: Sylveon|94/100|[from] Hail
|upkeep
|turn|5
|
|move|p2a: Dragapult|Phantom Force||[still]
|-prepare|p2a: Dragapult|Phantom Force|p1a: Sylveon
|move|p1a: Sylveon|Hyper Voice|p2a: Dragapult|[miss]
|-miss|p1a: Sylveon|p2a: Dragapult
|
|-weather|none
|-sideend|p2: garbage weeb|move: Aurora Veil
|upkeep
|turn|6
|
|switch|p1a: Arcanine|Arcanine, F|31/100
|-ability|p1a: Arcanine|Intimidate|boost
|-immune|p2a: Dragapult
|move|p2a: Dragapult|Phantom Force|p1a: Arcanine|[from]lockedmove
|-damage|p1a: Arcanine|0 fnt
|faint|p1a: Arcanine
|
|upkeep
|
|switch|p1a: Sylveon|Sylveon, M|94/100
|turn|7
|
|move|p2a: Dragapult|Phantom Force||[still]
|-prepare|p2a: Dragapult|Phantom Force|p1a: Sylveon
|move|p1a: Sylveon|Substitute|p1a: Sylveon
|-start|p1a: Sylveon|Substitute
|-damage|p1a: Sylveon|70/100
|
|upkeep
|turn|8
|
|move|p2a: Dragapult|Phantom Force|p1a: Sylveon|[from]lockedmove
|-damage|p1a: Sylveon|0 fnt
|faint|p1a: Sylveon
|
|upkeep
|-message|master of miss forfeited.
|
|win|garbage weeb
|l|☆master of miss
|raw|master of miss's rating: 1377 → 1360(-17 for losing)
|raw|garbage weeb's rating: 1437 → 1454(+17 for winning)
