|ScrapeTime|2020-01-01-21:38:38
|j|☆Blue Thursday
|j|☆Hi there m9!
|player|p1|Blue Thursday|265|1187
|player|p2|Hi there m9!|56|1173
|teamsize|p1|6
|teamsize|p2|6
|gametype|singles
|gen|8
|tier|[Gen 8] OU
|rated|
|rule|Sleep Clause Mod: Limit one foe put to sleep
|rule|Species Clause: Limit one of each Pokémon
|rule|OHKO Clause: OHKO moves are banned
|rule|Evasion Moves Clause: Evasion moves are banned
|rule|Endless Battle Clause: Forcing endless battles is banned
|rule|HP Percentage Mod: HP is shown in percentages
|clearpoke
|poke|p1|Espeon, F|
|poke|p1|Polteageist|
|poke|p1|Grimmsnarl, M|
|poke|p1|Excadrill, F|
|poke|p1|Hatterene, F|
|poke|p1|Indeedee, M|
|poke|p2|Cinderace, F|
|poke|p2|Clefable, F|
|poke|p2|Hatterene, F|
|poke|p2|Hydreigon, M|
|poke|p2|Dragapult, M|
|poke|p2|Excadrill, F|
|rule|Dynamax Clause: You cannot dynamax
|teampreview
|inactive|Battle timer is ON: inactive players will automatically lose when time's up. (requested by Hi there m9!)
|
|start
|switch|p1a: Excadrill|Excadrill, F|100/100
|switch|p2a: Cinderace|Cinderace, F|100/100
|-ability|p1a: Excadrill|Mold Breaker
|turn|1
|
|move|p2a: Cinderace|U-turn|p1a: Excadrill
|-resisted|p1a: Excadrill
|-damage|p1a: Excadrill|84/100
|
|switch|p2a: Clefable|Clefable, F|100/100|[from]move: U-turn
|move|p1a: Excadrill|Earthquake|p2a: Clefable
|-damage|p2a: Clefable|39/100
|
|upkeep
|turn|2
|
|switch|p2a: Excadrill|Excadrill, F|100/100
|-ability|p2a: Excadrill|Mold Breaker
|move|p1a: Excadrill|Iron Head|p2a: Excadrill
|-resisted|p2a: Excadrill
|-damage|p2a: Excadrill|70/100
|
|upkeep
|turn|3
|
|move|p1a: Excadrill|Stealth Rock|p2a: Excadrill
|-sidestart|p2: Hi there m9!|move: Stealth Rock
|move|p2a: Excadrill|Earthquake|p1a: Excadrill
|-supereffective|p1a: Excadrill
|-crit|p1a: Excadrill
|-damage|p1a: Excadrill|0 fnt
|faint|p1a: Excadrill
|
|upkeep
|
|switch|p1a: Indeedee|Indeedee, M|100/100
|-fieldstart|move: Psychic Terrain|[from] ability: Psychic Surge|[of] p1a: Indeedee
|turn|4
|
|move|p1a: Indeedee|Mystical Fire|p2a: Excadrill
|-supereffective|p2a: Excadrill
|-damage|p2a: Excadrill|0 fnt
|faint|p2a: Excadrill
|
|upkeep
|
|switch|p2a: Cinderace|Cinderace, F|100/100
|turn|5
|
|switch|p1a: Bartholomew|Grimmsnarl, M, shiny|100/100
|move|p2a: Cinderace|Court Change|p2a: Cinderace
|-sideend|p2: Hi there m9!|Stealth Rock|[silent]
|-sidestart|p1: Blue Thursday|Stealth Rock|[silent]
|-activate|p2a: Cinderace|move: Court Change
|
|upkeep
|turn|6
|
|switch|p2a: Clefable|Clefable, F|39/100
|move|p1a: Bartholomew|Light Screen|p1a: Bartholomew
|-sidestart|p1: Blue Thursday|move: Light Screen
|
|upkeep
|turn|7
|
|switch|p1a: Espeon|Espeon, F|100/100
|-damage|p1a: Espeon|88/100|[from] Stealth Rock
|move|p2a: Clefable|Moonblast|p1a: Espeon
|-damage|p1a: Espeon|48/100
|-unboost|p1a: Espeon|spa|1
|
|upkeep
|turn|8
|
|move|p1a: Espeon|Psychic|p2a: Clefable
|-damage|p2a: Clefable|0 fnt
|faint|p2a: Clefable
|
|-fieldend|move: Psychic Terrain
|upkeep
|
|switch|p2a: Cinderace|Cinderace, F|100/100
|turn|9
|
|move|p2a: Cinderace|Court Change|p2a: Cinderace
|-sideend|p1: Blue Thursday|Stealth Rock|[silent]
|-sidestart|p2: Hi there m9!|Stealth Rock|[silent]
|-sideend|p1: Blue Thursday|Light Screen|[silent]
|-sidestart|p2: Hi there m9!|Light Screen|[silent]
|-activate|p2a: Cinderace|move: Court Change
|move|p1a: Espeon|Psychic|p2a: Cinderace
|-damage|p2a: Cinderace|67/100
|
|upkeep
|turn|10
|inactive|Blue Thursday has 120 seconds left.
|
|switch|p1a: Bartholomew|Grimmsnarl, M, shiny|100/100
|move|p2a: Cinderace|Pyro Ball|p1a: Bartholomew
|-damage|p1a: Bartholomew|52/100
|
|upkeep
|turn|11
|
|move|p1a: Bartholomew|Light Screen|p1a: Bartholomew
|-sidestart|p1: Blue Thursday|move: Light Screen
|move|p2a: Cinderace|Pyro Ball|p1a: Bartholomew|[miss]
|-miss|p2a: Cinderace|p1a: Bartholomew
|
|upkeep
|turn|12
|
|move|p1a: Bartholomew|Reflect|p1a: Bartholomew
|-sidestart|p1: Blue Thursday|Reflect
|move|p2a: Cinderace|Pyro Ball|p1a: Bartholomew
|-damage|p1a: Bartholomew|26/100
|
|upkeep
|turn|13
|
|move|p2a: Cinderace|Court Change|p2a: Cinderace
|-sideend|p2: Hi there m9!|Stealth Rock|[silent]
|-sidestart|p1: Blue Thursday|Stealth Rock|[silent]
|-sideend|p2: Hi there m9!|Light Screen|[silent]
|-sideend|p1: Blue Thursday|Light Screen|[silent]
|-sidestart|p2: Hi there m9!|Light Screen|[silent]
|-sidestart|p1: Blue Thursday|Light Screen|[silent]
|-sideend|p1: Blue Thursday|Reflect|[silent]
|-sidestart|p2: Hi there m9!|Reflect|[silent]
|-activate|p2a: Cinderace|move: Court Change
|move|p1a: Bartholomew|Spirit Break|p2a: Cinderace
|-resisted|p2a: Cinderace
|-damage|p2a: Cinderace|56/100
|-unboost|p2a: Cinderace|spa|1
|
|-sideend|p1: Blue Thursday|move: Light Screen
|upkeep
|turn|14
|
|move|p1a: Bartholomew|Taunt|p2a: Cinderace
|-start|p2a: Cinderace|move: Taunt
|move|p2a: Cinderace|Pyro Ball|p1a: Bartholomew
|-damage|p1a: Bartholomew|0 fnt
|faint|p1a: Bartholomew
|
|upkeep
|
|switch|p1a: Hatterene|Hatterene, F|100/100
|-damage|p1a: Hatterene|88/100|[from] Stealth Rock
|turn|15
|
|move|p2a: Cinderace|U-turn|p1a: Hatterene
|-damage|p1a: Hatterene|61/100
|
|switch|p2a: Hatterene|Hatterene, F|100/100|[from]move: U-turn
|move|p1a: Hatterene|Trick Room|p1a: Hatterene
|-fieldstart|move: Trick Room|[of] p1a: Hatterene
|
|upkeep
|turn|16
|
|move|p2a: Hatterene|Dazzling Gleam|p1a: Hatterene
|-damage|p1a: Hatterene|12/100
|move|p1a: Hatterene|Psychic|p2a: Hatterene
|-resisted|p2a: Hatterene
|-damage|p2a: Hatterene|82/100
|-damage|p1a: Hatterene|2/100|[from] item: Life Orb
|
|-heal|p2a: Hatterene|88/100|[from] item: Leftovers
|upkeep
|turn|17
|
|move|p2a: Hatterene|Dazzling Gleam|p1a: Hatterene
|-damage|p1a: Hatterene|0 fnt
|faint|p1a: Hatterene
|
|-heal|p2a: Hatterene|94/100|[from] item: Leftovers
|upkeep
|
|switch|p1a: Polteageist|Polteageist|100/100
|-damage|p1a: Polteageist|88/100|[from] Stealth Rock
|turn|18
|
|switch|p2a: Cinderace|Cinderace, F|56/100
|move|p1a: Polteageist|Shell Smash|p1a: Polteageist
|-unboost|p1a: Polteageist|def|1
|-unboost|p1a: Polteageist|spd|1
|-boost|p1a: Polteageist|atk|2
|-boost|p1a: Polteageist|spa|2
|-boost|p1a: Polteageist|spe|2
|
|-sideend|p2: Hi there m9!|move: Light Screen
|upkeep
|turn|19
|
|move|p2a: Cinderace|Pyro Ball|p1a: Polteageist
|-damage|p1a: Polteageist|0 fnt
|faint|p1a: Polteageist
|
|-sideend|p2: Hi there m9!|Reflect
|-fieldend|move: Trick Room
|upkeep
|
|switch|p1a: Indeedee|Indeedee, M|100/100
|-damage|p1a: Indeedee|88/100|[from] Stealth Rock
|-fieldstart|move: Psychic Terrain|[from] ability: Psychic Surge|[of] p1a: Indeedee
|turn|20
|
|move|p2a: Cinderace|U-turn|p1a: Indeedee
|-supereffective|p1a: Indeedee
|-damage|p1a: Indeedee|0 fnt
|faint|p1a: Indeedee
|
|switch|p2a: Hydreigon|Hydreigon, M|100/100|[from]move: U-turn
|
|upkeep
|-message|Blue Thursday forfeited.
|
|win|Hi there m9!
|l|☆Blue Thursday
|raw|Blue Thursday's rating: 1187 → 1160(-27 for losing)
|raw|Hi there m9!'s rating: 1149 → 1177(+28 for winning)
