|ScrapeTime|2020-01-02-02:26:50
|j|☆ninimia
|j|☆diaperbabe29
|player|p1|ninimia|169|1718
|player|p2|diaperbabe29|8|1739
|teamsize|p1|6
|teamsize|p2|6
|gametype|singles
|gen|8
|tier|[Gen 8] OU
|rated|
|rule|Sleep Clause Mod: Limit one foe put to sleep
|rule|Species Clause: Limit one of each Pokémon
|rule|OHKO Clause: OHKO moves are banned
|rule|Evasion Moves Clause: Evasion moves are banned
|rule|Endless Battle Clause: Forcing endless battles is banned
|rule|HP Percentage Mod: HP is shown in percentages
|clearpoke
|poke|p1|Crawdaunt, F|
|poke|p1|Froslass, F|
|poke|p1|Bisharp, M|
|poke|p1|Excadrill, F|
|poke|p1|Dragapult, M|
|poke|p1|Sirfetch'd, M|
|poke|p2|Sylveon, M|
|poke|p2|Corviknight, F|
|poke|p2|Gastrodon-East, M|
|poke|p2|Toxtricity, F|
|poke|p2|Conkeldurr, F|
|poke|p2|Ditto|
|rule|Dynamax Clause: You cannot dynamax
|teampreview
|j| DiabloCow
|
|start
|switch|p1a: Excadrill|Excadrill, F|100/100
|switch|p2a: Corviknight|Corviknight, F|100/100
|-ability|p1a: Excadrill|Mold Breaker
|-ability|p2a: Corviknight|Pressure
|turn|1
|inactive|Battle timer is ON: inactive players will automatically lose when time's up. (requested by ninimia)
|j| Lucky Lucas
|
|move|p1a: Excadrill|Stealth Rock|p2a: Corviknight
|-sidestart|p2: diaperbabe29|move: Stealth Rock
|move|p2a: Corviknight|Brave Bird|p1a: Excadrill
|-resisted|p1a: Excadrill
|-damage|p1a: Excadrill|75/100
|-damage|p2a: Corviknight|93/100|[from] Recoil
|
|-heal|p2a: Corviknight|99/100|[from] item: Leftovers
|upkeep
|turn|2
|
|switch|p1a: Dragapult|Dragapult, M|100/100
|move|p2a: Corviknight|Brave Bird|p1a: Dragapult
|-damage|p1a: Dragapult|52/100
|-damage|p2a: Corviknight|86/100|[from] Recoil
|
|-heal|p2a: Corviknight|93/100|[from] item: Leftovers
|upkeep
|turn|3
|
|switch|p2a: Sylveon|Sylveon, M|100/100
|-damage|p2a: Sylveon|88/100|[from] Stealth Rock
|move|p1a: Dragapult|Flamethrower|p2a: Sylveon
|-damage|p2a: Sylveon|63/100
|
|-heal|p2a: Sylveon|69/100|[from] item: Leftovers
|upkeep
|turn|4
|
|switch|p1a: Excadrill|Excadrill, F|75/100
|-ability|p1a: Excadrill|Mold Breaker
|move|p2a: Sylveon|Wish|p2a: Sylveon
|
|-heal|p2a: Sylveon|75/100|[from] item: Leftovers
|upkeep
|turn|5
|
|move|p2a: Sylveon|Protect|p2a: Sylveon
|-singleturn|p2a: Sylveon|Protect
|move|p1a: Excadrill|Iron Head|p2a: Sylveon
|-activate|p2a: Sylveon|move: Protect
|
|-heal|p2a: Sylveon|100/100|[from] move: Wish|[wisher] Sylveon
|upkeep
|turn|6
|
|switch|p2a: Corviknight|Corviknight, F|93/100
|-damage|p2a: Corviknight|80/100|[from] Stealth Rock
|-ability|p2a: Corviknight|Pressure
|move|p1a: Excadrill|Iron Head|p2a: Corviknight
|-resisted|p2a: Corviknight
|-crit|p2a: Corviknight
|-damage|p2a: Corviknight|62/100
|
|-heal|p2a: Corviknight|68/100|[from] item: Leftovers
|upkeep
|turn|7
|
|switch|p1a: Sirfetch'd|Sirfetch'd, M|100/100
|move|p2a: Corviknight|Roost|p2a: Corviknight
|-heal|p2a: Corviknight|100/100
|-singleturn|p2a: Corviknight|move: Roost
|
|upkeep
|turn|8
|j| virgin pex user
|l| virgin pex user
|
|move|p1a: Sirfetch'd|Close Combat|p2a: Corviknight
|-damage|p2a: Corviknight|43/100
|-unboost|p1a: Sirfetch'd|def|1
|-unboost|p1a: Sirfetch'd|spd|1
|-damage|p1a: Sirfetch'd|91/100|[from] item: Life Orb
|move|p2a: Corviknight|Brave Bird|p1a: Sirfetch'd
|-supereffective|p1a: Sirfetch'd
|-damage|p1a: Sirfetch'd|0 fnt
|-damage|p2a: Corviknight|23/100|[from] Recoil
|faint|p1a: Sirfetch'd
|
|-heal|p2a: Corviknight|29/100|[from] item: Leftovers
|upkeep
|
|switch|p1a: Dragapult|Dragapult, M|52/100
|turn|9
|
|switch|p2a: Sylveon|Sylveon, M|100/100
|-damage|p2a: Sylveon|88/100|[from] Stealth Rock
|move|p1a: Dragapult|Shadow Ball|p2a: Sylveon
|-damage|p2a: Sylveon|55/100
|-unboost|p2a: Sylveon|spd|1
|
|-heal|p2a: Sylveon|61/100|[from] item: Leftovers
|upkeep
|turn|10
|
|switch|p1a: Froslass|Froslass, F|100/100
|move|p2a: Sylveon|Hyper Voice|p1a: Froslass
|-damage|p1a: Froslass|47/100
|-start|p2a: Sylveon|Disable|Hyper Voice|[from] ability: Cursed Body|[of] p1a: Froslass
|
|-heal|p2a: Sylveon|67/100|[from] item: Leftovers
|upkeep
|turn|11
|
|move|p1a: Froslass|Taunt|p2a: Sylveon
|-start|p2a: Sylveon|move: Taunt
|move|p2a: Sylveon|Mystical Fire|p1a: Froslass
|-supereffective|p1a: Froslass
|-damage|p1a: Froslass|0 fnt
|faint|p1a: Froslass
|
|-heal|p2a: Sylveon|73/100|[from] item: Leftovers
|upkeep
|
|switch|p1a: Crawdaunt|Crawdaunt, F|100/100
|turn|12
|
|switch|p2a: Corviknight|Corviknight, F|29/100
|-damage|p2a: Corviknight|17/100|[from] Stealth Rock
|-ability|p2a: Corviknight|Pressure
|move|p1a: Crawdaunt|Knock Off|p2a: Corviknight
|-damage|p2a: Corviknight|0 fnt
|-enditem|p2a: Corviknight|Leftovers|[from] move: Knock Off|[of] p1a: Crawdaunt
|-damage|p1a: Crawdaunt|91/100|[from] item: Life Orb
|faint|p2a: Corviknight
|
|upkeep
|
|switch|p2a: Toxtricity|Toxtricity, F|100/100
|-damage|p2a: Toxtricity|88/100|[from] Stealth Rock
|turn|13
|
|switch|p1a: Excadrill|Excadrill, F|75/100
|-ability|p1a: Excadrill|Mold Breaker
|move|p2a: Toxtricity|Boomburst|p1a: Excadrill
|-resisted|p1a: Excadrill
|-damage|p1a: Excadrill|38/100
|
|-heal|p2a: Toxtricity|94/100|[from] item: Black Sludge
|upkeep
|turn|14
|
|switch|p2a: Gastrodon|Gastrodon-East, M|100/100
|-damage|p2a: Gastrodon|94/100|[from] Stealth Rock
|move|p1a: Excadrill|Earthquake|p2a: Gastrodon
|-damage|p2a: Gastrodon|46/100
|
|-heal|p2a: Gastrodon|52/100|[from] item: Leftovers
|upkeep
|turn|15
|j| JKongh
|j| sidfudfsjkdfs
|
|switch|p1a: Dragapult|Dragapult, M|52/100
|move|p2a: Gastrodon|Earth Power|p1a: Dragapult
|-damage|p1a: Dragapult|12/100
|
|-heal|p2a: Gastrodon|58/100|[from] item: Leftovers
|upkeep
|turn|16
|
|move|p1a: Dragapult|Shadow Ball|p2a: Gastrodon
|-damage|p2a: Gastrodon|18/100
|move|p2a: Gastrodon|Recover|p2a: Gastrodon
|-heal|p2a: Gastrodon|68/100
|
|-heal|p2a: Gastrodon|74/100|[from] item: Leftovers
|upkeep
|turn|17
|
|move|p1a: Dragapult|Shadow Ball|p2a: Gastrodon
|-damage|p2a: Gastrodon|35/100
|move|p2a: Gastrodon|Recover|p2a: Gastrodon
|-heal|p2a: Gastrodon|85/100
|
|-heal|p2a: Gastrodon|92/100|[from] item: Leftovers
|upkeep
|turn|18
|
|move|p1a: Dragapult|Shadow Ball|p2a: Gastrodon
|-damage|p2a: Gastrodon|47/100
|move|p2a: Gastrodon|Earth Power|p1a: Dragapult
|-damage|p1a: Dragapult|0 fnt
|faint|p1a: Dragapult
|
|-heal|p2a: Gastrodon|53/100|[from] item: Leftovers
|upkeep
|
|switch|p1a: Crawdaunt|Crawdaunt, F|91/100
|turn|19
|
|move|p1a: Crawdaunt|Knock Off|p2a: Gastrodon
|-damage|p2a: Gastrodon|0 fnt
|-enditem|p2a: Gastrodon|Leftovers|[from] move: Knock Off|[of] p1a: Crawdaunt
|-damage|p1a: Crawdaunt|81/100|[from] item: Life Orb
|faint|p2a: Gastrodon
|
|upkeep
|
|switch|p2a: Toxtricity|Toxtricity, F|94/100
|-damage|p2a: Toxtricity|82/100|[from] Stealth Rock
|turn|20
|j| TheLindomar
|-message|ninimia forfeited.
|
|win|diaperbabe29
|l|☆ninimia
|raw|ninimia's rating: 1719 → 1700(-19 for losing)
|raw|diaperbabe29's rating: 1739 → 1758(+19 for winning)
