|ScrapeTime|2020-01-01-16:35:17
|j|☆Algometeo
|j|☆hhedshzs
|player|p1|Algometeo|102|1016
|player|p2|hhedshzs|2|1000
|teamsize|p1|1
|teamsize|p2|6
|gametype|singles
|gen|8
|tier|[Gen 8] OU
|rated|
|rule|Sleep Clause Mod: Limit one foe put to sleep
|rule|Species Clause: Limit one of each Pokémon
|rule|OHKO Clause: OHKO moves are banned
|rule|Evasion Moves Clause: Evasion moves are banned
|rule|Endless Battle Clause: Forcing endless battles is banned
|rule|HP Percentage Mod: HP is shown in percentages
|clearpoke
|poke|p1|Shuckle, F|
|poke|p2|Corviknight, M|
|poke|p2|Toxtricity, F|
|poke|p2|Cinderace, M|
|poke|p2|Runerigus, M|
|poke|p2|Dragapult, M|
|poke|p2|Grimmsnarl, M|
|rule|Dynamax Clause: You cannot dynamax
|teampreview
|inactive|Battle timer is ON: inactive players will automatically lose when time's up. (requested by Algometeo)
|
|start
|switch|p1a: Shuckle|Shuckle, F|100/100
|switch|p2a: Runerigus|Runerigus, M|100/100
|turn|1
|
|switch|p2a: Cinderace|Cinderace, M|100/100
|move|p1a: Shuckle|Power Split|p2a: Cinderace
|-activate|p1a: Shuckle|move: Power Split|[of] p2a: Cinderace
|
|upkeep
|turn|2
|
|move|p2a: Cinderace|Focus Blast|p1a: Shuckle
|-damage|p1a: Shuckle|92/100
|move|p1a: Shuckle|Acupressure|p1a: Shuckle
|-boost|p1a: Shuckle|def|2
|
|-heal|p1a: Shuckle|98/100|[from] item: Leftovers
|upkeep
|turn|3
|
|switch|p2a: Dragapult|Dragapult, M|100/100
|move|p1a: Shuckle|Acupressure|p1a: Shuckle
|-boost|p1a: Shuckle|spd|2
|
|-heal|p1a: Shuckle|100/100|[from] item: Leftovers
|upkeep
|turn|4
|
|move|p2a: Dragapult|Dragon Darts|p1a: Shuckle
|-damage|p1a: Shuckle|91/100
|-damage|p1a: Shuckle|82/100
|-hitcount|p1a: Shuckle|2
|move|p1a: Shuckle|Power Split|p2a: Dragapult
|-activate|p1a: Shuckle|move: Power Split|[of] p2a: Dragapult
|
|-heal|p1a: Shuckle|89/100|[from] item: Leftovers
|upkeep
|turn|5
|
|move|p2a: Dragapult|Dragon Darts|p1a: Shuckle
|-damage|p1a: Shuckle|81/100
|-damage|p1a: Shuckle|75/100
|-hitcount|p1a: Shuckle|2
|move|p1a: Shuckle|Acupressure|p1a: Shuckle
|-boost|p1a: Shuckle|atk|2
|
|-heal|p1a: Shuckle|81/100|[from] item: Leftovers
|upkeep
|turn|6
|
|switch|p2a: Toxtricity|Toxtricity, F|100/100
|move|p1a: Shuckle|Acupressure|p1a: Shuckle
|-boost|p1a: Shuckle|spe|2
|
|-heal|p1a: Shuckle|87/100|[from] item: Leftovers
|upkeep
|turn|7
|
|move|p2a: Toxtricity|Toxic|p1a: Shuckle
|-status|p1a: Shuckle|tox
|move|p1a: Shuckle|Acupressure|p1a: Shuckle
|-boost|p1a: Shuckle|evasion|2
|
|-heal|p1a: Shuckle|93/100 tox|[from] item: Leftovers
|-damage|p1a: Shuckle|87/100 tox|[from] psn
|upkeep
|turn|8
|
|move|p2a: Toxtricity|Boomburst|p1a: Shuckle|[miss]
|-miss|p2a: Toxtricity|p1a: Shuckle
|move|p1a: Shuckle|Acupressure|p1a: Shuckle
|-boost|p1a: Shuckle|accuracy|2
|
|-heal|p1a: Shuckle|93/100 tox|[from] item: Leftovers
|-damage|p1a: Shuckle|81/100 tox|[from] psn
|upkeep
|turn|9
|
|move|p2a: Toxtricity|Discharge|p1a: Shuckle
|-damage|p1a: Shuckle|70/100 tox
|move|p1a: Shuckle|Acupressure|p1a: Shuckle
|-boost|p1a: Shuckle|accuracy|2
|
|-heal|p1a: Shuckle|76/100 tox|[from] item: Leftovers
|-damage|p1a: Shuckle|57/100 tox|[from] psn
|upkeep
|turn|10
|
|move|p2a: Toxtricity|Discharge|p1a: Shuckle
|-damage|p1a: Shuckle|46/100 tox
|move|p1a: Shuckle|Rest|p1a: Shuckle
|-status|p1a: Shuckle|slp|[from] move: Rest
|-heal|p1a: Shuckle|100/100 slp|[silent]
|
|upkeep
|turn|11
|
|move|p2a: Toxtricity|Toxic||[still]
|-fail|p2a: Toxtricity
|cant|p1a: Shuckle|slp
|
|upkeep
|turn|12
|
|move|p2a: Toxtricity|Discharge|p1a: Shuckle
|-damage|p1a: Shuckle|89/100 slp
|cant|p1a: Shuckle|slp
|
|-heal|p1a: Shuckle|95/100 slp|[from] item: Leftovers
|upkeep
|turn|13
|
|move|p2a: Toxtricity|Discharge|p1a: Shuckle
|-damage|p1a: Shuckle|83/100 slp
|-curestatus|p1a: Shuckle|slp|[msg]
|move|p1a: Shuckle|Acupressure|p1a: Shuckle
|-boost|p1a: Shuckle|def|2
|
|-heal|p1a: Shuckle|89/100|[from] item: Leftovers
|upkeep
|turn|14
|
|move|p2a: Toxtricity|Toxic|p1a: Shuckle
|-status|p1a: Shuckle|tox
|move|p1a: Shuckle|Acupressure|p1a: Shuckle
|-boost|p1a: Shuckle|evasion|2
|
|-heal|p1a: Shuckle|95/100 tox|[from] item: Leftovers
|-damage|p1a: Shuckle|89/100 tox|[from] psn
|upkeep
|turn|15
|l|☆hhedshzs
|inactive|hhedshzs disconnected and has a minute to reconnect!
|player|p2|
|inactive|hhedshzs has 30 seconds to reconnect!
|inactive|hhedshzs has 20 seconds to reconnect!
|inactive|hhedshzs has 15 seconds to reconnect!
|inactive|hhedshzs has 10 seconds to reconnect!
|inactive|hhedshzs has 5 seconds to reconnect!
|-message|hhedshzs lost due to inactivity.
|
|win|Algometeo
|raw|Algometeo's rating: 1004 → 1043(+39 for winning)
|raw|hhedshzs's rating: 1000 → 1000(+0 for losing)
