|ScrapeTime|2020-01-02-14:54:31
|j|☆qgzrg
|j|☆Radamois
|player|p1|qgzrg|101|1044
|player|p2|Radamois|169|1000
|teamsize|p1|6
|teamsize|p2|6
|gametype|singles
|gen|8
|tier|[Gen 8] OU
|rated|
|rule|Sleep Clause Mod: Limit one foe put to sleep
|rule|Species Clause: Limit one of each Pokémon
|rule|OHKO Clause: OHKO moves are banned
|rule|Evasion Moves Clause: Evasion moves are banned
|rule|Endless Battle Clause: Forcing endless battles is banned
|rule|HP Percentage Mod: HP is shown in percentages
|clearpoke
|poke|p1|Grimmsnarl, M|
|poke|p1|Excadrill, F|
|poke|p1|Aegislash, M|
|poke|p1|Kommo-o, F|
|poke|p1|Hawlucha, F|
|poke|p1|Gyarados, M|
|poke|p2|Cloyster, M|
|poke|p2|Gengar, F|
|poke|p2|Rotom-Heat|
|poke|p2|Espeon, F|
|poke|p2|Conkeldurr, M|
|poke|p2|Ferrothorn, M|
|rule|Dynamax Clause: You cannot dynamax
|teampreview
|inactive|Battle timer is ON: inactive players will automatically lose when time's up. (requested by qgzrg)
|
|start
|switch|p1a: Excadrill|Excadrill, F|100/100
|switch|p2a: Espeon|Espeon, F|100/100
|-ability|p1a: Excadrill|Mold Breaker
|turn|1
|inactive|qgzrg has 120 seconds left.
|
|move|p2a: Espeon|Trick|p1a: Excadrill
|-activate|p2a: Espeon|move: Trick|[of] p1a: Excadrill
|-item|p1a: Excadrill|Choice Specs|[from] move: Trick
|-item|p2a: Espeon|Focus Sash|[from] move: Trick
|move|p1a: Excadrill|Rapid Spin|p2a: Espeon
|-damage|p2a: Espeon|68/100
|-boost|p1a: Excadrill|spe|1
|
|upkeep
|turn|2
|
|move|p1a: Excadrill|Rapid Spin|p2a: Espeon
|-damage|p2a: Espeon|32/100
|-boost|p1a: Excadrill|spe|1
|move|p2a: Espeon|Grass Knot|p1a: Excadrill
|-damage|p1a: Excadrill|70/100
|
|upkeep
|turn|3
|inactive|qgzrg has 120 seconds left.
|
|move|p1a: Excadrill|Rapid Spin|p2a: Espeon
|-damage|p2a: Espeon|0 fnt
|-boost|p1a: Excadrill|spe|1
|faint|p2a: Espeon
|
|upkeep
|
|switch|p2a: Cloyster|Cloyster, M|100/100
|turn|4
|
|switch|p1a: Aegislash|Aegislash, M|100/100
|-item|p1a: Aegislash|Air Balloon
|move|p2a: Cloyster|Shell Smash|p2a: Cloyster
|-unboost|p2a: Cloyster|def|1
|-unboost|p2a: Cloyster|spd|1
|-boost|p2a: Cloyster|atk|2
|-boost|p2a: Cloyster|spa|2
|-boost|p2a: Cloyster|spe|2
|-enditem|p2a: Cloyster|White Herb
|-clearnegativeboost|p2a: Cloyster|[silent]
|
|upkeep
|turn|5
|
|move|p2a: Cloyster|Shell Smash|p2a: Cloyster
|-unboost|p2a: Cloyster|def|1
|-unboost|p2a: Cloyster|spd|1
|-boost|p2a: Cloyster|atk|2
|-boost|p2a: Cloyster|spa|2
|-boost|p2a: Cloyster|spe|2
|-formechange|p1a: Aegislash|Aegislash-Blade||[from] ability: Stance Change
|move|p1a: Aegislash|Close Combat|p2a: Cloyster
|-supereffective|p2a: Cloyster
|-damage|p2a: Cloyster|7/100
|-unboost|p1a: Aegislash|def|1
|-unboost|p1a: Aegislash|spd|1
|
|upkeep
|turn|6
|
|switch|p1a: Excadrill|Excadrill, F|70/100
|-ability|p1a: Excadrill|Mold Breaker
|move|p2a: Cloyster|Icicle Crash|p1a: Excadrill
|-damage|p1a: Excadrill|0 fnt
|faint|p1a: Excadrill
|
|upkeep
|
|switch|p1a: Aegislash|Aegislash, M|100/100
|-item|p1a: Aegislash|Air Balloon
|turn|7
|
|move|p2a: Cloyster|Icicle Crash|p1a: Aegislash
|-resisted|p1a: Aegislash
|-damage|p1a: Aegislash|63/100
|-enditem|p1a: Aegislash|Air Balloon
|-formechange|p1a: Aegislash|Aegislash-Blade||[from] ability: Stance Change
|move|p1a: Aegislash|Shadow Claw|p2a: Cloyster
|-damage|p2a: Cloyster|0 fnt
|faint|p2a: Cloyster
|
|upkeep
|
|switch|p2a: Conkeldurr|Conkeldurr, M|100/100
|turn|8
|
|move|p1a: Aegislash|Shadow Claw|p2a: Conkeldurr
|-damage|p2a: Conkeldurr|68/100
|move|p2a: Conkeldurr|Earthquake|p1a: Aegislash
|-supereffective|p1a: Aegislash
|-damage|p1a: Aegislash|0 fnt
|faint|p1a: Aegislash
|
|-status|p2a: Conkeldurr|brn|[from] item: Flame Orb
|upkeep
|
|switch|p1a: Hawlucha|Hawlucha, F|100/100
|turn|9
|
|move|p1a: Hawlucha|Brave Bird|p2a: Conkeldurr
|-supereffective|p2a: Conkeldurr
|-damage|p2a: Conkeldurr|0 fnt
|-damage|p1a: Hawlucha|69/100|[from] Recoil
|faint|p2a: Conkeldurr
|
|upkeep
|
|switch|p2a: Rotom|Rotom-Heat|100/100
|turn|10
|
|move|p2a: Rotom|Volt Switch|p1a: Hawlucha
|-supereffective|p1a: Hawlucha
|-damage|p1a: Hawlucha|0 fnt
|faint|p1a: Hawlucha
|
|switch|p2a: Gengar|Gengar, F|100/100|[from]move: Volt Switch
|
|upkeep
|
|switch|p1a: Gyarados|Gyarados, M|100/100
|turn|11
|
|move|p2a: Gengar|Encore||[still]
|-fail|p2a: Gengar
|move|p1a: Gyarados|Dragon Dance|p1a: Gyarados
|-boost|p1a: Gyarados|atk|1
|-boost|p1a: Gyarados|spe|1
|
|upkeep
|turn|12
|
|move|p1a: Gyarados|Waterfall|p2a: Gengar
|-enditem|p2a: Gengar|Focus Sash
|-damage|p2a: Gengar|1/100
|-start|p1a: Gyarados|Disable|Waterfall|[from] ability: Cursed Body|[of] p2a: Gengar
|move|p2a: Gengar|Encore|p1a: Gyarados
|-start|p1a: Gyarados|Encore
|
|upkeep
|turn|13
|
|-activate|p1a: Gyarados|move: Struggle
|move|p1a: Gyarados|Struggle|p2a: Gengar
|-damage|p2a: Gengar|0 fnt
|-damage|p1a: Gyarados|75/100|[from] recoil
|faint|p2a: Gengar
|-ability|p1a: Gyarados|Moxie|boost
|-boost|p1a: Gyarados|atk|1
|
|upkeep
|
|switch|p2a: Ferrothorn|Ferrothorn, M|100/100
|turn|14
|
|-activate|p1a: Gyarados|move: Struggle
|move|p1a: Gyarados|Struggle|p2a: Ferrothorn
|-damage|p2a: Ferrothorn|82/100
|-damage|p1a: Gyarados|63/100|[from] ability: Iron Barbs|[of] p2a: Ferrothorn
|-damage|p1a: Gyarados|38/100|[from] recoil
|move|p2a: Ferrothorn|Thunder Wave|p1a: Gyarados
|-status|p1a: Gyarados|par
|
|-heal|p2a: Ferrothorn|88/100|[from] item: Leftovers
|upkeep
|turn|15
|
|-activate|p1a: Gyarados|move: Struggle
|move|p1a: Gyarados|Struggle|p2a: Ferrothorn
|-damage|p2a: Ferrothorn|69/100
|-damage|p1a: Gyarados|26/100 par|[from] ability: Iron Barbs|[of] p2a: Ferrothorn
|-damage|p1a: Gyarados|0 fnt|[from] recoil
|faint|p1a: Gyarados
|move|p2a: Ferrothorn|Stealth Rock|p1: Gyarados
|-sidestart|p1: qgzrg|move: Stealth Rock
|
|-heal|p2a: Ferrothorn|75/100|[from] item: Leftovers
|upkeep
|
|switch|p1a: Grimmsnarl|Grimmsnarl, M|100/100
|-damage|p1a: Grimmsnarl|88/100|[from] Stealth Rock
|turn|16
|
|move|p1a: Grimmsnarl|Reflect|p1a: Grimmsnarl
|-sidestart|p1: qgzrg|Reflect
|move|p2a: Ferrothorn|Knock Off|p1a: Grimmsnarl
|-resisted|p1a: Grimmsnarl
|-damage|p1a: Grimmsnarl|85/100
|-enditem|p1a: Grimmsnarl|Light Clay|[from] move: Knock Off|[of] p2a: Ferrothorn
|
|-heal|p2a: Ferrothorn|82/100|[from] item: Leftovers
|upkeep
|turn|17
|
|move|p1a: Grimmsnarl|Light Screen|p1a: Grimmsnarl
|-sidestart|p1: qgzrg|move: Light Screen
|move|p2a: Ferrothorn|Thunder Wave|p1a: Grimmsnarl
|-status|p1a: Grimmsnarl|par
|
|-heal|p2a: Ferrothorn|88/100|[from] item: Leftovers
|upkeep
|turn|18
|
|switch|p2a: Rotom|Rotom-Heat|100/100
|move|p1a: Grimmsnarl|Taunt|p2a: Rotom
|-start|p2a: Rotom|move: Taunt
|
|upkeep
|turn|19
|
|move|p2a: Rotom|Discharge|p1a: Grimmsnarl
|-damage|p1a: Grimmsnarl|63/100 par
|move|p1a: Grimmsnarl|Spirit Break|p2a: Rotom
|-resisted|p2a: Rotom
|-damage|p2a: Rotom|75/100
|-unboost|p2a: Rotom|spa|1
|
|upkeep
|turn|20
|
|switch|p2a: Ferrothorn|Ferrothorn, M|88/100
|move|p1a: Grimmsnarl|Spirit Break|p2a: Ferrothorn
|-resisted|p2a: Ferrothorn
|-damage|p2a: Ferrothorn|76/100
|-unboost|p2a: Ferrothorn|spa|1
|
|-heal|p2a: Ferrothorn|82/100|[from] item: Leftovers
|upkeep
|turn|21
|
|cant|p1a: Grimmsnarl|par
|move|p2a: Ferrothorn|Leech Seed|p1a: Grimmsnarl
|-start|p1a: Grimmsnarl|move: Leech Seed
|
|-heal|p2a: Ferrothorn|89/100|[from] item: Leftovers
|-damage|p1a: Grimmsnarl|51/100 par|[from] Leech Seed|[of] p2a: Ferrothorn
|-heal|p2a: Ferrothorn|100/100|[silent]
|-sideend|p1: qgzrg|move: Light Screen
|upkeep
|turn|22
|
|switch|p2a: Rotom|Rotom-Heat|75/100
|move|p1a: Grimmsnarl|Light Screen|p1a: Grimmsnarl
|-sidestart|p1: qgzrg|move: Light Screen
|
|-damage|p1a: Grimmsnarl|38/100 par|[from] Leech Seed|[of] p2a: Rotom
|-heal|p2a: Rotom|93/100|[silent]
|upkeep
|turn|23
|
|move|p1a: Grimmsnarl|Taunt|p2a: Rotom
|-start|p2a: Rotom|move: Taunt
|move|p2a: Rotom|Dark Pulse|p1a: Grimmsnarl
|-resisted|p1a: Grimmsnarl
|-damage|p1a: Grimmsnarl|35/100 par
|
|-damage|p1a: Grimmsnarl|23/100 par|[from] Leech Seed|[of] p2a: Rotom
|-heal|p2a: Rotom|100/100|[silent]
|-sideend|p1: qgzrg|Reflect
|upkeep
|turn|24
|
|switch|p2a: Ferrothorn|Ferrothorn, M|100/100
|move|p1a: Grimmsnarl|Reflect|p1a: Grimmsnarl
|-sidestart|p1: qgzrg|Reflect
|
|-damage|p1a: Grimmsnarl|10/100 par|[from] Leech Seed|[of] p2a: Ferrothorn
|upkeep
|turn|25
|
|move|p1a: Grimmsnarl|Taunt|p2a: Ferrothorn
|-start|p2a: Ferrothorn|move: Taunt
|move|p2a: Ferrothorn|Knock Off|p1a: Grimmsnarl
|-resisted|p1a: Grimmsnarl
|-damage|p1a: Grimmsnarl|8/100 par
|
|-damage|p1a: Grimmsnarl|0 fnt|[from] Leech Seed|[of] p2a: Ferrothorn
|faint|p1a: Grimmsnarl
|upkeep
|
|switch|p1a: Kommo-o|Kommo-o, F|100/100
|-damage|p1a: Kommo-o|94/100|[from] Stealth Rock
|turn|26
|
|move|p1a: Kommo-o|Clangorous Soul|p1a: Kommo-o
|-boost|p1a: Kommo-o|atk|1
|-boost|p1a: Kommo-o|def|1
|-boost|p1a: Kommo-o|spa|1
|-boost|p1a: Kommo-o|spd|1
|-boost|p1a: Kommo-o|spe|1
|-damage|p1a: Kommo-o|61/100
|-enditem|p1a: Kommo-o|Throat Spray
|-boost|p1a: Kommo-o|spa|1
|move|p2a: Ferrothorn|Knock Off|p1a: Kommo-o
|-resisted|p1a: Kommo-o
|-damage|p1a: Kommo-o|59/100
|
|-sideend|p1: qgzrg|move: Light Screen
|upkeep
|turn|27
|
|switch|p2a: Rotom|Rotom-Heat|100/100
|move|p1a: Kommo-o|Flamethrower|p2a: Rotom
|-resisted|p2a: Rotom
|-damage|p2a: Rotom|67/100
|
|upkeep
|turn|28
|
|move|p2a: Rotom|Discharge|p1a: Kommo-o
|-resisted|p1a: Kommo-o
|-damage|p1a: Kommo-o|47/100
|-status|p1a: Kommo-o|par
|cant|p1a: Kommo-o|par
|
|-sideend|p1: qgzrg|Reflect
|upkeep
|turn|29
|
|switch|p2a: Ferrothorn|Ferrothorn, M|100/100
|cant|p1a: Kommo-o|par
|
|upkeep
|turn|30
|
|move|p1a: Kommo-o|Flamethrower|p2a: Ferrothorn
|-supereffective|p2a: Ferrothorn
|-damage|p2a: Ferrothorn|0 fnt
|faint|p2a: Ferrothorn
|
|upkeep
|
|switch|p2a: Rotom|Rotom-Heat|67/100
|turn|31
|
|move|p2a: Rotom|Overheat|p1a: Kommo-o
|-resisted|p1a: Kommo-o
|-damage|p1a: Kommo-o|26/100 par
|-unboost|p2a: Rotom|spa|2
|move|p1a: Kommo-o|Clanging Scales|p2a: Rotom
|-damage|p2a: Rotom|0 fnt
|-unboost|p1a: Kommo-o|def|1
|faint|p2a: Rotom
|
|win|qgzrg
|l|☆qgzrg
|l|☆Radamois
|raw|qgzrg's rating: 1074 → 1097(+23 for winning)
|raw|Radamois's rating: 1000 → 1000(+0 for losing)
|j|☆qgzrg
|player|p1|qgzrg|101
