|ScrapeTime|2020-01-02-08:42:26
|j|☆TOINHA
|j|☆gu3st567
|player|p1|TOINHA|roxie|1705
|player|p2|gu3st567|248|1713
|teamsize|p1|6
|teamsize|p2|6
|gametype|singles
|gen|8
|tier|[Gen 8] OU
|rated|
|rule|Sleep Clause Mod: Limit one foe put to sleep
|rule|Species Clause: Limit one of each Pokémon
|rule|OHKO Clause: OHKO moves are banned
|rule|Evasion Moves Clause: Evasion moves are banned
|rule|Endless Battle Clause: Forcing endless battles is banned
|rule|HP Percentage Mod: HP is shown in percentages
|clearpoke
|poke|p1|Ribombee, F|
|poke|p1|Cloyster, F|
|poke|p1|Hydreigon, F|
|poke|p1|Bisharp, F|
|poke|p1|Gengar, M|
|poke|p1|Excadrill, F|
|poke|p2|Hydreigon, M|
|poke|p2|Cinderace, M|
|poke|p2|Toxtricity-Low-Key, M|
|poke|p2|Mandibuzz, F|
|poke|p2|Excadrill, M|
|poke|p2|Toxapex, F|
|rule|Dynamax Clause: You cannot dynamax
|teampreview
|j| master of miss
|c|☆gu3st567|gl hf
|
|start
|switch|p1a: Excadrill|Excadrill, F|100/100
|switch|p2a: Toxtricity|Toxtricity-Low-Key, M|100/100
|-ability|p1a: Excadrill|Mold Breaker
|turn|1
|j| hero
|
|switch|p2a: Mandibuzz|Mandibuzz, F|100/100
|move|p1a: Excadrill|Earthquake|p2a: Mandibuzz
|-immune|p2a: Mandibuzz
|
|upkeep
|turn|2
|j| Low Ladder Skills
|j| teriyakisource
|l| Low Ladder Skills
|
|move|p1a: Excadrill|Stealth Rock|p2a: Mandibuzz
|-sidestart|p2: gu3st567|move: Stealth Rock
|move|p2a: Mandibuzz|Knock Off|p1a: Excadrill
|-damage|p1a: Excadrill|62/100
|-enditem|p1a: Excadrill|Focus Sash|[from] move: Knock Off|[of] p2a: Mandibuzz
|
|upkeep
|turn|3
|
|switch|p1a: Bisharp|Bisharp, F|100/100
|move|p2a: Mandibuzz|Foul Play|p1a: Bisharp
|-resisted|p1a: Bisharp
|-damage|p1a: Bisharp|72/100
|
|upkeep
|turn|4
|j| Dugtriostan
|l| hero
|
|move|p1a: Bisharp|Swords Dance|p1a: Bisharp
|-boost|p1a: Bisharp|atk|2
|move|p2a: Mandibuzz|Knock Off|p1a: Bisharp
|-resisted|p1a: Bisharp
|-damage|p1a: Bisharp|58/100
|-enditem|p1a: Bisharp|Life Orb|[from] move: Knock Off|[of] p2a: Mandibuzz
|
|upkeep
|turn|5
|l| Dugtriostan
|
|move|p1a: Bisharp|Swords Dance|p1a: Bisharp
|-boost|p1a: Bisharp|atk|2
|move|p2a: Mandibuzz|Foul Play|p1a: Bisharp
|-resisted|p1a: Bisharp
|-crit|p1a: Bisharp
|-damage|p1a: Bisharp|0 fnt
|faint|p1a: Bisharp
|
|upkeep
|
|switch|p1a: Hydreigon|Hydreigon, F|100/100
|turn|6
|inactive|Battle timer is ON: inactive players will automatically lose when time's up. (requested by gu3st567)
|
|move|p1a: Hydreigon|Nasty Plot|p1a: Hydreigon
|-boost|p1a: Hydreigon|spa|2
|move|p2a: Mandibuzz|Knock Off|p1a: Hydreigon
|-resisted|p1a: Hydreigon
|-damage|p1a: Hydreigon|88/100
|-enditem|p1a: Hydreigon|Life Orb|[from] move: Knock Off|[of] p2a: Mandibuzz
|
|upkeep
|turn|7
|
|move|p1a: Hydreigon|Draco Meteor|p2a: Mandibuzz
|-damage|p2a: Mandibuzz|20/100
|-unboost|p1a: Hydreigon|spa|2
|move|p2a: Mandibuzz|U-turn|p1a: Hydreigon
|-supereffective|p1a: Hydreigon
|-damage|p1a: Hydreigon|63/100
|
|switch|p2a: Cinderace|Cinderace, M|100/100|[from]move: U-turn
|
|upkeep
|turn|8
|
|move|p2a: Cinderace|Court Change|p2a: Cinderace
|-sideend|p2: gu3st567|Stealth Rock|[silent]
|-sidestart|p1: TOINHA|Stealth Rock|[silent]
|-activate|p2a: Cinderace|move: Court Change
|move|p1a: Hydreigon|Draco Meteor|p2a: Cinderace
|-damage|p2a: Cinderace|14/100
|-unboost|p1a: Hydreigon|spa|2
|
|upkeep
|turn|9
|
|move|p2a: Cinderace|U-turn|p1a: Hydreigon
|-supereffective|p1a: Hydreigon
|-damage|p1a: Hydreigon|10/100
|
|switch|p2a: Mandibuzz|Mandibuzz, F|20/100|[from]move: U-turn
|move|p1a: Hydreigon|Nasty Plot|p1a: Hydreigon
|-boost|p1a: Hydreigon|spa|2
|
|upkeep
|turn|10
|
|move|p1a: Hydreigon|Flash Cannon|p2a: Mandibuzz
|-damage|p2a: Mandibuzz|2/100
|move|p2a: Mandibuzz|U-turn|p1a: Hydreigon
|-supereffective|p1a: Hydreigon
|-damage|p1a: Hydreigon|0 fnt
|faint|p1a: Hydreigon
|
|switch|p2a: Hydreigon|Hydreigon, M|100/100|[from]move: U-turn
|
|upkeep
|
|switch|p1a: Ribombee|Ribombee, F|100/100
|-damage|p1a: Ribombee|76/100|[from] Stealth Rock
|turn|11
|
|move|p2a: Hydreigon|Flamethrower|p1a: Ribombee
|-supereffective|p1a: Ribombee
|-damage|p1a: Ribombee|0 fnt
|faint|p1a: Ribombee
|
|upkeep
|
|switch|p1a: Cloyster|Cloyster, F|100/100
|-damage|p1a: Cloyster|76/100|[from] Stealth Rock
|turn|12
|
|move|p2a: Hydreigon|Flamethrower|p1a: Cloyster
|-damage|p1a: Cloyster|0 fnt
|faint|p1a: Cloyster
|
|upkeep
|-message|TOINHA forfeited.
|
|win|gu3st567
|l|☆TOINHA
|raw|TOINHA's rating: 1705 → 1686(-19 for losing)
|raw|gu3st567's rating: 1713 → 1733(+20 for winning)
|l| teriyakisource
|l| master of miss
