|ScrapeTime|2020-01-02-23:46:36
|j|☆hey it's me riley
|j|☆I do gen 8
|player|p1|hey it's me riley|backpackerf|1550
|player|p2|I do gen 8|1|1533
|teamsize|p1|6
|teamsize|p2|6
|gametype|singles
|gen|8
|tier|[Gen 8] OU
|rated|
|rule|Sleep Clause Mod: Limit one foe put to sleep
|rule|Species Clause: Limit one of each Pokémon
|rule|OHKO Clause: OHKO moves are banned
|rule|Evasion Moves Clause: Evasion moves are banned
|rule|Endless Battle Clause: Forcing endless battles is banned
|rule|HP Percentage Mod: HP is shown in percentages
|clearpoke
|poke|p1|Dragapult, M|
|poke|p1|Mandibuzz, F|
|poke|p1|Aegislash, F|
|poke|p1|Gyarados, F|
|poke|p1|Conkeldurr, F|
|poke|p1|Silvally-*|
|poke|p2|Tyranitar, F|
|poke|p2|Dugtrio, M|
|poke|p2|Aegislash, F|
|poke|p2|Mandibuzz, F|
|poke|p2|Seismitoad, F|
|poke|p2|Hatterene, F|
|rule|Dynamax Clause: You cannot dynamax
|teampreview
|
|start
|switch|p1a: Silvally|Silvally-Fairy|100/100
|switch|p2a: Tyranitar|Tyranitar, F|100/100
|-weather|Sandstorm|[from] ability: Sand Stream|[of] p2a: Tyranitar
|turn|1
|
|switch|p2a: Seismitoad|Seismitoad, F|100/100
|move|p1a: Silvally|Swords Dance|p1a: Silvally
|-boost|p1a: Silvally|atk|2
|
|-weather|Sandstorm|[upkeep]
|-damage|p1a: Silvally|94/100|[from] Sandstorm
|upkeep
|turn|2
|
|move|p1a: Silvally|Multi-Attack|p2a: Seismitoad
|-damage|p2a: Seismitoad|26/100
|move|p2a: Seismitoad|Stealth Rock|p1a: Silvally
|-sidestart|p1: hey it's me riley|move: Stealth Rock
|
|-weather|Sandstorm|[upkeep]
|-damage|p1a: Silvally|88/100|[from] Sandstorm
|-heal|p2a: Seismitoad|32/100|[from] item: Leftovers
|upkeep
|turn|3
|
|switch|p2a: Aegislash|Aegislash, F|100/100
|move|p1a: Silvally|Multi-Attack|p2a: Aegislash
|-resisted|p2a: Aegislash
|-damage|p2a: Aegislash|51/100
|
|-weather|Sandstorm|[upkeep]
|-damage|p1a: Silvally|82/100|[from] Sandstorm
|-heal|p2a: Aegislash|57/100|[from] item: Leftovers
|upkeep
|turn|4
|
|move|p2a: Aegislash|King's Shield|p2a: Aegislash
|-singleturn|p2a: Aegislash|Protect
|move|p1a: Silvally|Fire Fang|p2a: Aegislash
|-activate|p2a: Aegislash|move: Protect
|-unboost|p1a: Silvally|atk|1
|
|-weather|Sandstorm|[upkeep]
|-damage|p1a: Silvally|76/100|[from] Sandstorm
|-heal|p2a: Aegislash|63/100|[from] item: Leftovers
|upkeep
|turn|5
|
|move|p1a: Silvally|Swords Dance|p1a: Silvally
|-boost|p1a: Silvally|atk|2
|-formechange|p2a: Aegislash|Aegislash-Blade||[from] ability: Stance Change
|move|p2a: Aegislash|Flash Cannon|p1a: Silvally
|-supereffective|p1a: Silvally
|-damage|p1a: Silvally|0 fnt
|faint|p1a: Silvally
|
|-weather|none
|-heal|p2a: Aegislash|69/100|[from] item: Leftovers
|upkeep
|
|switch|p1a: Mandibuzz|Mandibuzz, F|100/100
|turn|6
|
|switch|p2a: Tyranitar|Tyranitar, F|100/100
|-weather|Sandstorm|[from] ability: Sand Stream|[of] p2a: Tyranitar
|move|p1a: Mandibuzz|Defog|p2a: Tyranitar
|-unboost|p2a: Tyranitar|evasion|1
|-sideend|p1: hey it's me riley|Stealth Rock|[from] move: Defog|[of] p1a: Mandibuzz
|
|-weather|Sandstorm|[upkeep]
|upkeep
|turn|7
|
|move|p2a: Tyranitar|Stone Edge|p1a: Mandibuzz|[miss]
|-miss|p2a: Tyranitar|p1a: Mandibuzz
|move|p1a: Mandibuzz|U-turn|p2a: Tyranitar
|-supereffective|p2a: Tyranitar
|-damage|p2a: Tyranitar|81/100
|
|switch|p1a: Conkeldurr|Conkeldurr, F|100/100|[from]move: U-turn
|
|-weather|Sandstorm|[upkeep]
|-damage|p1a: Conkeldurr|94/100|[from] Sandstorm
|-status|p1a: Conkeldurr|brn|[from] item: Flame Orb
|upkeep
|turn|8
|inactive|Battle timer is ON: inactive players will automatically lose when time's up. (requested by hey it's me riley)
|
|switch|p2a: Seismitoad|Seismitoad, F|32/100
|move|p1a: Conkeldurr|Earthquake|p2a: Seismitoad
|-damage|p2a: Seismitoad|0 fnt
|faint|p2a: Seismitoad
|
|-weather|Sandstorm|[upkeep]
|-damage|p1a: Conkeldurr|88/100 brn|[from] Sandstorm
|-damage|p1a: Conkeldurr|82/100 brn|[from] brn
|upkeep
|
|switch|p2a: Hatterene|Hatterene, F|100/100
|turn|9
|
|switch|p1a: Aegislash|Aegislash, F|100/100
|-item|p1a: Aegislash|Air Balloon
|move|p2a: Hatterene|Draining Kiss|p1a: Aegislash
|-resisted|p1a: Aegislash
|-damage|p1a: Aegislash|91/100
|-enditem|p1a: Aegislash|Air Balloon
|
|-weather|Sandstorm|[upkeep]
|-damage|p2a: Hatterene|95/100|[from] Sandstorm
|-heal|p2a: Hatterene|100/100|[from] item: Leftovers
|upkeep
|turn|10
|c|☆I do gen 8|The luck
|
|switch|p2a: Mandibuzz|Mandibuzz, F|100/100
|-formechange|p1a: Aegislash|Aegislash-Blade||[from] ability: Stance Change
|move|p1a: Aegislash|Iron Head|p2a: Mandibuzz
|-damage|p2a: Mandibuzz|66/100
|
|-weather|none
|upkeep
|turn|11
|
|switch|p1a: Conkeldurr|Conkeldurr, F|82/100 brn
|move|p2a: Mandibuzz|Roost|p2a: Mandibuzz
|-heal|p2a: Mandibuzz|100/100
|-singleturn|p2a: Mandibuzz|move: Roost
|
|-damage|p1a: Conkeldurr|76/100 brn|[from] brn
|upkeep
|turn|12
|
|move|p2a: Mandibuzz|U-turn|p1a: Conkeldurr
|-resisted|p1a: Conkeldurr
|-damage|p1a: Conkeldurr|71/100 brn
|
|switch|p2a: Hatterene|Hatterene, F|100/100|[from]move: U-turn
|move|p1a: Conkeldurr|Drain Punch|p2a: Hatterene
|-resisted|p2a: Hatterene
|-damage|p2a: Hatterene|87/100
|-heal|p1a: Conkeldurr|77/100 brn|[from] drain|[of] p2a: Hatterene
|
|-heal|p2a: Hatterene|93/100|[from] item: Leftovers
|-damage|p1a: Conkeldurr|71/100 brn|[from] brn
|upkeep
|turn|13
|
|move|p1a: Conkeldurr|Earthquake|p2a: Hatterene
|-damage|p2a: Hatterene|48/100
|move|p2a: Hatterene|Psyshock|p1a: Conkeldurr
|-supereffective|p1a: Conkeldurr
|-damage|p1a: Conkeldurr|9/100 brn
|
|-heal|p2a: Hatterene|54/100|[from] item: Leftovers
|-damage|p1a: Conkeldurr|3/100 brn|[from] brn
|upkeep
|turn|14
|
|switch|p1a: Aegislash|Aegislash, F|91/100
|switch|p2a: Mandibuzz|Mandibuzz, F|100/100
|
|upkeep
|turn|15
|
|switch|p1a: Gyarados|Gyarados, F|100/100
|move|p2a: Mandibuzz|Knock Off|p1a: Gyarados
|-damage|p1a: Gyarados|71/100
|-enditem|p1a: Gyarados|Lum Berry|[from] move: Knock Off|[of] p2a: Mandibuzz
|
|upkeep
|turn|16
|
|move|p1a: Gyarados|Dragon Dance|p1a: Gyarados
|-boost|p1a: Gyarados|atk|1
|-boost|p1a: Gyarados|spe|1
|move|p2a: Mandibuzz|U-turn|p1a: Gyarados
|-resisted|p1a: Gyarados
|-damage|p1a: Gyarados|65/100
|
|switch|p2a: Hatterene|Hatterene, F|54/100|[from]move: U-turn
|
|-heal|p2a: Hatterene|60/100|[from] item: Leftovers
|upkeep
|turn|17
|
|move|p1a: Gyarados|Waterfall|p2a: Hatterene
|-damage|p2a: Hatterene|13/100
|move|p2a: Hatterene|Psyshock|p1a: Gyarados
|-damage|p1a: Gyarados|23/100
|
|-heal|p2a: Hatterene|19/100|[from] item: Leftovers
|upkeep
|turn|18
|
|move|p1a: Gyarados|Waterfall|p2a: Hatterene
|-damage|p2a: Hatterene|0 fnt
|faint|p2a: Hatterene
|-ability|p1a: Gyarados|Moxie|boost
|-boost|p1a: Gyarados|atk|1
|
|upkeep
|
|switch|p2a: Dugtrio|Dugtrio, M|100/100
|turn|19
|
|switch|p1a: Mandibuzz|Mandibuzz, F|100/100
|move|p2a: Dugtrio|Reversal|p1a: Mandibuzz
|-damage|p1a: Mandibuzz|96/100
|
|upkeep
|turn|20
|
|switch|p2a: Mandibuzz|Mandibuzz, F|100/100
|move|p1a: Mandibuzz|Foul Play|p2a: Mandibuzz
|-resisted|p2a: Mandibuzz
|-damage|p2a: Mandibuzz|92/100
|
|upkeep
|turn|21
|
|move|p2a: Mandibuzz|Knock Off|p1a: Mandibuzz
|-resisted|p1a: Mandibuzz
|-damage|p1a: Mandibuzz|87/100
|-enditem|p1a: Mandibuzz|Heavy-Duty Boots|[from] move: Knock Off|[of] p2a: Mandibuzz
|move|p1a: Mandibuzz|U-turn|p2a: Mandibuzz
|-damage|p2a: Mandibuzz|82/100
|
|switch|p1a: Dragapult|Dragapult, M|100/100|[from]move: U-turn
|
|upkeep
|turn|22
|
|move|p1a: Dragapult|Thunderbolt|p2a: Mandibuzz
|-supereffective|p2a: Mandibuzz
|-damage|p2a: Mandibuzz|39/100
|-damage|p1a: Dragapult|91/100|[from] item: Life Orb
|move|p2a: Mandibuzz|Roost|p2a: Mandibuzz
|-heal|p2a: Mandibuzz|89/100
|-singleturn|p2a: Mandibuzz|move: Roost
|
|upkeep
|turn|23
|
|move|p1a: Dragapult|Thunderbolt|p2a: Mandibuzz
|-supereffective|p2a: Mandibuzz
|-damage|p2a: Mandibuzz|47/100
|-damage|p1a: Dragapult|81/100|[from] item: Life Orb
|move|p2a: Mandibuzz|Knock Off|p1a: Dragapult
|-supereffective|p1a: Dragapult
|-damage|p1a: Dragapult|14/100
|-enditem|p1a: Dragapult|Life Orb|[from] move: Knock Off|[of] p2a: Mandibuzz
|
|upkeep
|turn|24
|
|move|p1a: Dragapult|Thunderbolt|p2a: Mandibuzz
|-supereffective|p2a: Mandibuzz
|-damage|p2a: Mandibuzz|16/100
|move|p2a: Mandibuzz|Roost|p2a: Mandibuzz
|-heal|p2a: Mandibuzz|66/100
|-singleturn|p2a: Mandibuzz|move: Roost
|
|upkeep
|turn|25
|
|move|p1a: Dragapult|Thunderbolt|p2a: Mandibuzz
|-supereffective|p2a: Mandibuzz
|-damage|p2a: Mandibuzz|35/100
|move|p2a: Mandibuzz|Roost|p2a: Mandibuzz
|-heal|p2a: Mandibuzz|85/100
|-singleturn|p2a: Mandibuzz|move: Roost
|
|upkeep
|turn|26
|
|move|p1a: Dragapult|Thunderbolt|p2a: Mandibuzz
|-supereffective|p2a: Mandibuzz
|-damage|p2a: Mandibuzz|56/100
|move|p2a: Mandibuzz|Roost|p2a: Mandibuzz
|-heal|p2a: Mandibuzz|100/100
|-singleturn|p2a: Mandibuzz|move: Roost
|
|upkeep
|turn|27
|
|switch|p2a: Tyranitar|Tyranitar, F|81/100
|-weather|Sandstorm|[from] ability: Sand Stream|[of] p2a: Tyranitar
|move|p1a: Dragapult|Thunderbolt|p2a: Tyranitar
|-damage|p2a: Tyranitar|63/100
|-status|p2a: Tyranitar|par
|
|-weather|Sandstorm|[upkeep]
|-damage|p1a: Dragapult|8/100|[from] Sandstorm
|upkeep
|turn|28
|
|switch|p2a: Aegislash|Aegislash, F|69/100
|move|p1a: Dragapult|U-turn|p2a: Aegislash
|-resisted|p2a: Aegislash
|-damage|p2a: Aegislash|65/100
|
|switch|p1a: Mandibuzz|Mandibuzz, F|87/100|[from]move: U-turn
|
|-weather|Sandstorm|[upkeep]
|-heal|p2a: Aegislash|71/100|[from] item: Leftovers
|upkeep
|turn|29
|
|move|p2a: Aegislash|King's Shield|p2a: Aegislash
|-singleturn|p2a: Aegislash|Protect
|move|p1a: Mandibuzz|U-turn|p2a: Aegislash
|-activate|p2a: Aegislash|move: Protect
|-unboost|p1a: Mandibuzz|atk|1
|
|-weather|Sandstorm|[upkeep]
|-heal|p2a: Aegislash|78/100|[from] item: Leftovers
|upkeep
|turn|30
|
|switch|p2a: Mandibuzz|Mandibuzz, F|100/100
|move|p1a: Mandibuzz|Foul Play|p2a: Mandibuzz
|-resisted|p2a: Mandibuzz
|-damage|p2a: Mandibuzz|92/100
|
|-weather|Sandstorm|[upkeep]
|upkeep
|turn|31
|
|move|p2a: Mandibuzz|U-turn|p1a: Mandibuzz
|-damage|p1a: Mandibuzz|79/100
|
|switch|p2a: Aegislash|Aegislash, F|78/100|[from]move: U-turn
|move|p1a: Mandibuzz|U-turn|p2a: Aegislash
|-resisted|p2a: Aegislash
|-damage|p2a: Aegislash|76/100
|
|switch|p1a: Dragapult|Dragapult, M|8/100|[from]move: U-turn
|
|-weather|none
|-heal|p2a: Aegislash|82/100|[from] item: Leftovers
|upkeep
|turn|32
|
|switch|p2a: Tyranitar|Tyranitar, F|63/100 par
|-weather|Sandstorm|[from] ability: Sand Stream|[of] p2a: Tyranitar
|move|p1a: Dragapult|Shadow Ball|p2a: Tyranitar
|-resisted|p2a: Tyranitar
|-damage|p2a: Tyranitar|52/100 par
|
|-weather|Sandstorm|[upkeep]
|-damage|p1a: Dragapult|2/100|[from] Sandstorm
|upkeep
|turn|33
|
|switch|p2a: Mandibuzz|Mandibuzz, F|92/100
|move|p1a: Dragapult|U-turn|p2a: Mandibuzz
|-damage|p2a: Mandibuzz|78/100
|
|switch|p1a: Mandibuzz|Mandibuzz, F|79/100|[from]move: U-turn
|
|-weather|Sandstorm|[upkeep]
|upkeep
|turn|34
|
|move|p2a: Mandibuzz|Knock Off|p1a: Mandibuzz
|-resisted|p1a: Mandibuzz
|-damage|p1a: Mandibuzz|74/100
|move|p1a: Mandibuzz|U-turn|p2a: Mandibuzz
|-damage|p2a: Mandibuzz|69/100
|
|switch|p1a: Gyarados|Gyarados, F|23/100|[from]move: U-turn
|
|-weather|Sandstorm|[upkeep]
|-damage|p1a: Gyarados|17/100|[from] Sandstorm
|upkeep
|turn|35
|
|move|p1a: Gyarados|Waterfall|p2a: Mandibuzz
|-damage|p2a: Mandibuzz|36/100
|move|p2a: Mandibuzz|Knock Off|p1a: Gyarados
|-damage|p1a: Gyarados|0 fnt
|faint|p1a: Gyarados
|
|-weather|Sandstorm|[upkeep]
|upkeep
|
|switch|p1a: Dragapult|Dragapult, M|2/100
|turn|36
|
|switch|p2a: Dugtrio|Dugtrio, M|100/100
|move|p1a: Dragapult|U-turn|p2a: Dugtrio
|-damage|p2a: Dugtrio|54/100
|
|switch|p1a: Mandibuzz|Mandibuzz, F|74/100|[from]move: U-turn
|
|-weather|none
|upkeep
|turn|37
|
|switch|p2a: Mandibuzz|Mandibuzz, F|36/100
|move|p1a: Mandibuzz|U-turn|p2a: Mandibuzz
|-damage|p2a: Mandibuzz|27/100
|
|switch|p1a: Dragapult|Dragapult, M|2/100|[from]move: U-turn
|
|upkeep
|turn|38
|
|switch|p2a: Tyranitar|Tyranitar, F|52/100 par
|-weather|Sandstorm|[from] ability: Sand Stream|[of] p2a: Tyranitar
|move|p1a: Dragapult|Draco Meteor|p2a: Tyranitar
|-damage|p2a: Tyranitar|13/100 par
|-unboost|p1a: Dragapult|spa|2
|
|-weather|Sandstorm|[upkeep]
|-damage|p1a: Dragapult|0 fnt|[from] Sandstorm
|faint|p1a: Dragapult
|upkeep
|
|switch|p1a: Mandibuzz|Mandibuzz, F|74/100
|turn|39
|
|switch|p2a: Mandibuzz|Mandibuzz, F|27/100
|move|p1a: Mandibuzz|U-turn|p2a: Mandibuzz
|-damage|p2a: Mandibuzz|19/100
|
|switch|p1a: Aegislash|Aegislash, F|91/100|[from]move: U-turn
|
|-weather|Sandstorm|[upkeep]
|upkeep
|turn|40
|
|-formechange|p1a: Aegislash|Aegislash-Blade||[from] ability: Stance Change
|move|p1a: Aegislash|Iron Head|p2a: Mandibuzz
|-damage|p2a: Mandibuzz|0 fnt
|faint|p2a: Mandibuzz
|
|-weather|Sandstorm|[upkeep]
|upkeep
|
|switch|p2a: Aegislash|Aegislash, F|82/100
|turn|41
|
|switch|p1a: Mandibuzz|Mandibuzz, F|74/100
|-formechange|p2a: Aegislash|Aegislash-Blade||[from] ability: Stance Change
|move|p2a: Aegislash|Shadow Ball|p1a: Mandibuzz
|-resisted|p1a: Mandibuzz
|-damage|p1a: Mandibuzz|59/100
|
|-weather|Sandstorm|[upkeep]
|-heal|p2a: Aegislash|88/100|[from] item: Leftovers
|upkeep
|turn|42
|
|-formechange|p2a: Aegislash|Aegislash||[from] ability: Stance Change
|move|p2a: Aegislash|King's Shield|p2a: Aegislash
|-singleturn|p2a: Aegislash|Protect
|move|p1a: Mandibuzz|Roost|p1a: Mandibuzz
|-heal|p1a: Mandibuzz|100/100
|-singleturn|p1a: Mandibuzz|move: Roost
|
|-weather|none
|-heal|p2a: Aegislash|94/100|[from] item: Leftovers
|upkeep
|turn|43
|
|move|p2a: Aegislash|Metal Sound|p1a: Mandibuzz
|-unboost|p1a: Mandibuzz|spd|2
|move|p1a: Mandibuzz|Foul Play|p2a: Aegislash
|-supereffective|p2a: Aegislash
|-damage|p2a: Aegislash|66/100
|
|-heal|p2a: Aegislash|73/100|[from] item: Leftovers
|upkeep
|turn|44
|
|move|p2a: Aegislash|King's Shield|p2a: Aegislash
|-singleturn|p2a: Aegislash|Protect
|move|p1a: Mandibuzz|U-turn|p2a: Aegislash
|-activate|p2a: Aegislash|move: Protect
|-unboost|p1a: Mandibuzz|atk|1
|
|-heal|p2a: Aegislash|79/100|[from] item: Leftovers
|upkeep
|turn|45
|
|move|p2a: Aegislash|Metal Sound|p1a: Mandibuzz
|-unboost|p1a: Mandibuzz|spd|2
|move|p1a: Mandibuzz|U-turn|p2a: Aegislash
|-resisted|p2a: Aegislash
|-damage|p2a: Aegislash|77/100
|
|switch|p1a: Aegislash|Aegislash, F|91/100|[from]move: U-turn
|
|-heal|p2a: Aegislash|83/100|[from] item: Leftovers
|upkeep
|turn|46
|
|move|p2a: Aegislash|King's Shield|p2a: Aegislash
|-singleturn|p2a: Aegislash|Protect
|move|p1a: Aegislash|Swords Dance|p1a: Aegislash
|-boost|p1a: Aegislash|atk|2
|
|-heal|p2a: Aegislash|89/100|[from] item: Leftovers
|upkeep
|turn|47
|
|-formechange|p2a: Aegislash|Aegislash-Blade||[from] ability: Stance Change
|move|p2a: Aegislash|Shadow Ball|p1a: Aegislash
|-supereffective|p1a: Aegislash
|-damage|p1a: Aegislash|1/100
|move|p1a: Aegislash|Swords Dance|p1a: Aegislash
|-boost|p1a: Aegislash|atk|2
|
|-heal|p2a: Aegislash|95/100|[from] item: Leftovers
|upkeep
|turn|48
|
|switch|p2a: Tyranitar|Tyranitar, F|13/100 par
|-weather|Sandstorm|[from] ability: Sand Stream|[of] p2a: Tyranitar
|-formechange|p1a: Aegislash|Aegislash-Blade||[from] ability: Stance Change
|move|p1a: Aegislash|Shadow Sneak|p2a: Tyranitar
|-resisted|p2a: Tyranitar
|-damage|p2a: Tyranitar|0 fnt
|faint|p2a: Tyranitar
|
|-weather|Sandstorm|[upkeep]
|upkeep
|
|switch|p2a: Dugtrio|Dugtrio, M|54/100
|turn|49
|
|switch|p1a: Mandibuzz|Mandibuzz, F|100/100
|move|p2a: Dugtrio|Sucker Punch||[still]
|-fail|p2a: Dugtrio
|
|-weather|Sandstorm|[upkeep]
|upkeep
|turn|50
|
|move|p2a: Dugtrio|Screech|p1a: Mandibuzz
|-unboost|p1a: Mandibuzz|def|2
|move|p1a: Mandibuzz|Foul Play|p2a: Dugtrio
|-damage|p2a: Dugtrio|0 fnt
|faint|p2a: Dugtrio
|
|-weather|Sandstorm|[upkeep]
|upkeep
|
|switch|p2a: Aegislash|Aegislash, F|95/100
|turn|51
|
|move|p2a: Aegislash|Metal Sound|p1a: Mandibuzz
|-unboost|p1a: Mandibuzz|spd|2
|move|p1a: Mandibuzz|Foul Play|p2a: Aegislash
|-supereffective|p2a: Aegislash
|-damage|p2a: Aegislash|69/100
|
|-weather|Sandstorm|[upkeep]
|-heal|p2a: Aegislash|75/100|[from] item: Leftovers
|upkeep
|turn|52
|
|move|p2a: Aegislash|Metal Sound|p1a: Mandibuzz
|-unboost|p1a: Mandibuzz|spd|2
|move|p1a: Mandibuzz|U-turn|p2a: Aegislash
|-resisted|p2a: Aegislash
|-damage|p2a: Aegislash|73/100
|
|switch|p1a: Aegislash|Aegislash, F|1/100|[from]move: U-turn
|
|-weather|none
|-heal|p2a: Aegislash|79/100|[from] item: Leftovers
|upkeep
|turn|53
|
|-formechange|p2a: Aegislash|Aegislash-Blade||[from] ability: Stance Change
|move|p2a: Aegislash|Shadow Ball|p1a: Aegislash
|-supereffective|p1a: Aegislash
|-damage|p1a: Aegislash|0 fnt
|faint|p1a: Aegislash
|
|-heal|p2a: Aegislash|85/100|[from] item: Leftovers
|upkeep
|
|switch|p1a: Conkeldurr|Conkeldurr, F|3/100 brn
|turn|54
|
|-formechange|p2a: Aegislash|Aegislash||[from] ability: Stance Change
|move|p2a: Aegislash|King's Shield|p2a: Aegislash
|-singleturn|p2a: Aegislash|Protect
|move|p1a: Conkeldurr|Earthquake|p2a: Aegislash
|-activate|p2a: Aegislash|move: Protect
|
|-heal|p2a: Aegislash|91/100|[from] item: Leftovers
|-damage|p1a: Conkeldurr|0 fnt|[from] brn
|faint|p1a: Conkeldurr
|upkeep
|
|switch|p1a: Mandibuzz|Mandibuzz, F|100/100
|turn|55
|
|move|p2a: Aegislash|Metal Sound|p1a: Mandibuzz
|-unboost|p1a: Mandibuzz|spd|2
|move|p1a: Mandibuzz|Foul Play|p2a: Aegislash
|-supereffective|p2a: Aegislash
|-damage|p2a: Aegislash|67/100
|
|-heal|p2a: Aegislash|73/100|[from] item: Leftovers
|upkeep
|turn|56
|
|move|p2a: Aegislash|Metal Sound|p1a: Mandibuzz
|-unboost|p1a: Mandibuzz|spd|2
|move|p1a: Mandibuzz|Foul Play|p2a: Aegislash
|-supereffective|p2a: Aegislash
|-damage|p2a: Aegislash|46/100
|
|-heal|p2a: Aegislash|52/100|[from] item: Leftovers
|upkeep
|turn|57
|
|move|p2a: Aegislash|Metal Sound|p1a: Mandibuzz|[miss]
|-miss|p2a: Aegislash|p1a: Mandibuzz
|move|p1a: Mandibuzz|Foul Play|p2a: Aegislash
|-supereffective|p2a: Aegislash
|-damage|p2a: Aegislash|28/100
|
|-heal|p2a: Aegislash|34/100|[from] item: Leftovers
|upkeep
|turn|58
|
|move|p2a: Aegislash|King's Shield|p2a: Aegislash
|-singleturn|p2a: Aegislash|Protect
|move|p1a: Mandibuzz|Foul Play|p2a: Aegislash
|-activate|p2a: Aegislash|move: Protect
|-unboost|p1a: Mandibuzz|atk|1
|
|-heal|p2a: Aegislash|40/100|[from] item: Leftovers
|upkeep
|turn|59
|
|move|p2a: Aegislash|Metal Sound|p1a: Mandibuzz
|-unboost|p1a: Mandibuzz|spd|2
|move|p1a: Mandibuzz|Foul Play|p2a: Aegislash
|-supereffective|p2a: Aegislash
|-damage|p2a: Aegislash|15/100
|
|-heal|p2a: Aegislash|21/100|[from] item: Leftovers
|upkeep
|turn|60
|
|move|p2a: Aegislash|King's Shield|p2a: Aegislash
|-singleturn|p2a: Aegislash|Protect
|move|p1a: Mandibuzz|Foul Play|p2a: Aegislash
|-activate|p2a: Aegislash|move: Protect
|-unboost|p1a: Mandibuzz|atk|1
|
|-heal|p2a: Aegislash|27/100|[from] item: Leftovers
|upkeep
|turn|61
|
|move|p2a: Aegislash|Metal Sound|p1a: Mandibuzz
|-unboost|p1a: Mandibuzz|spd|0
|move|p1a: Mandibuzz|Foul Play|p2a: Aegislash
|-supereffective|p2a: Aegislash
|-damage|p2a: Aegislash|2/100
|
|-heal|p2a: Aegislash|8/100|[from] item: Leftovers
|upkeep
|turn|62
|
|move|p2a: Aegislash|King's Shield|p2a: Aegislash
|-singleturn|p2a: Aegislash|Protect
|move|p1a: Mandibuzz|Foul Play|p2a: Aegislash
|-activate|p2a: Aegislash|move: Protect
|-unboost|p1a: Mandibuzz|atk|1
|
|-heal|p2a: Aegislash|14/100|[from] item: Leftovers
|upkeep
|turn|63
|
|-formechange|p2a: Aegislash|Aegislash-Blade||[from] ability: Stance Change
|move|p2a: Aegislash|Flash Cannon|p1a: Mandibuzz
|-damage|p1a: Mandibuzz|0 fnt
|faint|p1a: Mandibuzz
|
|win|I do gen 8
|l|☆hey it's me riley
