|ScrapeTime|2020-01-01-19:54:31
|j|☆Qwantum Fieldz
|j|☆Srdevil
|player|p1|Qwantum Fieldz|scientist-gen4dp|1464
|player|p2|Srdevil|silver|1452
|teamsize|p1|6
|teamsize|p2|6
|gametype|singles
|gen|8
|tier|[Gen 8] OU
|rated|
|rule|Sleep Clause Mod: Limit one foe put to sleep
|rule|Species Clause: Limit one of each Pokémon
|rule|OHKO Clause: OHKO moves are banned
|rule|Evasion Moves Clause: Evasion moves are banned
|rule|Endless Battle Clause: Forcing endless battles is banned
|rule|HP Percentage Mod: HP is shown in percentages
|clearpoke
|poke|p1|Sylveon, F|
|poke|p1|Ferrothorn, M|
|poke|p1|Toxicroak, F|
|poke|p1|Avalugg, F|
|poke|p1|Mew|
|poke|p1|Goodra, M|
|poke|p2|Hydreigon, M|
|poke|p2|Corviknight, M|
|poke|p2|Seismitoad, M|
|poke|p2|Corsola-Galar, M|
|poke|p2|Hatterene, F|
|poke|p2|Eiscue, M|
|rule|Dynamax Clause: You cannot dynamax
|teampreview
|inactive|Battle timer is ON: inactive players will automatically lose when time's up. (requested by Srdevil)
|inactive|Qwantum Fieldz has 120 seconds left.
|
|start
|switch|p1a: Mew|Mew|100/100
|switch|p2a: Seismitoad|Seismitoad, M|100/100
|turn|1
|
|switch|p1a: Ferrothorn|Ferrothorn, M|100/100
|switch|p2a: Hatterene|Hatterene, F|100/100
|
|upkeep
|turn|2
|
|switch|p1a: Sylveon|Sylveon, F|100/100
|move|p2a: Hatterene|Mystical Fire|p1a: Sylveon
|-damage|p1a: Sylveon|88/100
|-unboost|p1a: Sylveon|spa|1
|
|-heal|p1a: Sylveon|94/100|[from] item: Leftovers
|upkeep
|turn|3
|
|switch|p2a: Seismitoad|Seismitoad, M|100/100
|move|p1a: Sylveon|Mystical Fire|p2a: Seismitoad
|-resisted|p2a: Seismitoad
|-damage|p2a: Seismitoad|96/100
|-unboost|p2a: Seismitoad|spa|1
|
|-heal|p2a: Seismitoad|100/100|[from] item: Leftovers
|-heal|p1a: Sylveon|99/100|[from] item: Leftovers
|upkeep
|turn|4
|
|switch|p1a: Mew|Mew|100/100
|move|p2a: Seismitoad|Stealth Rock|p1a: Mew
|-sidestart|p1: Qwantum Fieldz|move: Stealth Rock
|
|upkeep
|turn|5
|
|switch|p2a: Hatterene|Hatterene, F|100/100
|move|p1a: Mew|Shadow Ball|p2a: Hatterene
|-supereffective|p2a: Hatterene
|-damage|p2a: Hatterene|55/100
|
|-heal|p2a: Hatterene|61/100|[from] item: Leftovers
|upkeep
|turn|6
|
|move|p1a: Mew|Shadow Ball|p2a: Hatterene
|-supereffective|p2a: Hatterene
|-damage|p2a: Hatterene|15/100
|move|p2a: Hatterene|Draining Kiss|p1a: Mew
|-damage|p1a: Mew|77/100
|-heal|p2a: Hatterene|34/100|[from] drain|[of] p1a: Mew
|
|-heal|p2a: Hatterene|40/100|[from] item: Leftovers
|upkeep
|turn|7
|
|switch|p2a: Seismitoad|Seismitoad, M|100/100
|move|p1a: Mew|Shadow Ball|p2a: Seismitoad
|-damage|p2a: Seismitoad|85/100
|
|-heal|p2a: Seismitoad|91/100|[from] item: Leftovers
|upkeep
|turn|8
|
|switch|p1a: Ferrothorn|Ferrothorn, M|100/100
|-damage|p1a: Ferrothorn|94/100|[from] Stealth Rock
|move|p2a: Seismitoad|Toxic|p1a: Ferrothorn
|-immune|p1a: Ferrothorn
|
|-heal|p2a: Seismitoad|97/100|[from] item: Leftovers
|-heal|p1a: Ferrothorn|100/100|[from] item: Leftovers
|upkeep
|turn|9
|
|switch|p2a: Corviknight|Corviknight, M|100/100
|-ability|p2a: Corviknight|Pressure
|move|p1a: Ferrothorn|Stealth Rock|p2a: Corviknight
|-sidestart|p2: Srdevil|move: Stealth Rock
|
|upkeep
|turn|10
|
|switch|p1a: Mew|Mew|77/100
|-damage|p1a: Mew|64/100|[from] Stealth Rock
|move|p2a: Corviknight|Defog|p1a: Mew
|-unboost|p1a: Mew|evasion|1
|-sideend|p1: Qwantum Fieldz|Stealth Rock|[from] move: Defog|[of] p2a: Corviknight
|-sideend|p2: Srdevil|Stealth Rock|[from] move: Defog|[of] p2a: Corviknight
|
|upkeep
|turn|11
|
|move|p1a: Mew|Volt Switch|p2a: Corviknight
|-supereffective|p2a: Corviknight
|-damage|p2a: Corviknight|61/100
|
|switch|p1a: Ferrothorn|Ferrothorn, M|100/100|[from]move: Volt Switch
|move|p2a: Corviknight|U-turn|p1a: Ferrothorn
|-damage|p1a: Ferrothorn|91/100
|-damage|p2a: Corviknight|48/100|[from] ability: Iron Barbs|[of] p1a: Ferrothorn
|
|switch|p2a: Hydreigon|Hydreigon, M|100/100|[from]move: U-turn
|
|-heal|p1a: Ferrothorn|97/100|[from] item: Leftovers
|upkeep
|turn|12
|
|switch|p1a: Sylveon|Sylveon, F|99/100
|move|p2a: Hydreigon|Flamethrower|p1a: Sylveon
|-damage|p1a: Sylveon|83/100
|
|-heal|p1a: Sylveon|89/100|[from] item: Leftovers
|upkeep
|turn|13
|
|switch|p2a: Seismitoad|Seismitoad, M|97/100
|move|p1a: Sylveon|Hyper Voice|p2a: Seismitoad
|-damage|p2a: Seismitoad|66/100
|
|-heal|p2a: Seismitoad|72/100|[from] item: Leftovers
|-heal|p1a: Sylveon|95/100|[from] item: Leftovers
|upkeep
|turn|14
|
|switch|p1a: Ferrothorn|Ferrothorn, M|97/100
|move|p2a: Seismitoad|Stealth Rock|p1a: Ferrothorn
|-sidestart|p1: Qwantum Fieldz|move: Stealth Rock
|
|-heal|p2a: Seismitoad|78/100|[from] item: Leftovers
|-heal|p1a: Ferrothorn|100/100|[from] item: Leftovers
|upkeep
|turn|15
|
|switch|p2a: Hatterene|Hatterene, F|40/100
|move|p1a: Ferrothorn|Gyro Ball|p2a: Hatterene
|-supereffective|p2a: Hatterene
|-damage|p2a: Hatterene|13/100
|
|-heal|p2a: Hatterene|19/100|[from] item: Leftovers
|upkeep
|turn|16
|
|switch|p1a: Sylveon|Sylveon, F|95/100
|-damage|p1a: Sylveon|83/100|[from] Stealth Rock
|move|p2a: Hatterene|Mystical Fire|p1a: Sylveon
|-damage|p1a: Sylveon|71/100
|-unboost|p1a: Sylveon|spa|1
|
|-heal|p1a: Sylveon|77/100|[from] item: Leftovers
|-heal|p2a: Hatterene|25/100|[from] item: Leftovers
|upkeep
|turn|17
|
|move|p1a: Sylveon|Mystical Fire|p2a: Hatterene
|-damage|p2a: Hatterene|12/100
|-unboost|p2a: Hatterene|spa|1
|move|p2a: Hatterene|Draining Kiss|p1a: Sylveon
|-damage|p1a: Sylveon|69/100
|-heal|p2a: Hatterene|20/100|[from] drain|[of] p1a: Sylveon
|
|-heal|p1a: Sylveon|75/100|[from] item: Leftovers
|-heal|p2a: Hatterene|26/100|[from] item: Leftovers
|upkeep
|turn|18
|
|move|p1a: Sylveon|Hyper Voice|p2a: Hatterene
|-damage|p2a: Hatterene|2/100
|move|p2a: Hatterene|Draining Kiss|p1a: Sylveon
|-damage|p1a: Sylveon|67/100
|-heal|p2a: Hatterene|10/100|[from] drain|[of] p1a: Sylveon
|
|-heal|p1a: Sylveon|73/100|[from] item: Leftovers
|-heal|p2a: Hatterene|16/100|[from] item: Leftovers
|upkeep
|turn|19
|
|switch|p2a: Corsola|Corsola-Galar, M|100/100
|move|p1a: Sylveon|Mystical Fire|p2a: Corsola
|-damage|p2a: Corsola|92/100
|-unboost|p2a: Corsola|spa|1
|
|-heal|p1a: Sylveon|79/100|[from] item: Leftovers
|upkeep
|turn|20
|
|move|p1a: Sylveon|Hyper Voice|p2a: Corsola
|-damage|p2a: Corsola|75/100
|move|p2a: Corsola|Night Shade|p1a: Sylveon
|-damage|p1a: Sylveon|54/100
|
|-heal|p1a: Sylveon|60/100|[from] item: Leftovers
|upkeep
|turn|21
|
|move|p1a: Sylveon|Hyper Voice|p2a: Corsola
|-crit|p2a: Corsola
|-damage|p2a: Corsola|39/100
|-start|p1a: Sylveon|Disable|Hyper Voice|[from] ability: Cursed Body|[of] p2a: Corsola
|move|p2a: Corsola|Night Shade|p1a: Sylveon
|-damage|p1a: Sylveon|34/100
|
|-heal|p1a: Sylveon|40/100|[from] item: Leftovers
|upkeep
|turn|22
|
|move|p1a: Sylveon|Wish|p1a: Sylveon
|move|p2a: Corsola|Strength Sap|p1a: Sylveon
|-unboost|p1a: Sylveon|atk|1
|-heal|p2a: Corsola|77/100
|
|-heal|p1a: Sylveon|46/100|[from] item: Leftovers
|upkeep
|turn|23
|
|move|p1a: Sylveon|Mystical Fire|p2a: Corsola
|-damage|p2a: Corsola|68/100
|-unboost|p2a: Corsola|spa|1
|move|p2a: Corsola|Will-O-Wisp|p1a: Sylveon
|-status|p1a: Sylveon|brn
|
|-heal|p1a: Sylveon|96/100 brn|[from] move: Wish|[wisher] Sylveon
|-heal|p1a: Sylveon|100/100 brn|[from] item: Leftovers
|-damage|p1a: Sylveon|94/100 brn|[from] brn
|upkeep
|turn|24
|
|move|p1a: Sylveon|Mystical Fire|p2a: Corsola
|-crit|p2a: Corsola
|-damage|p2a: Corsola|50/100
|-unboost|p2a: Corsola|spa|1
|move|p2a: Corsola|Night Shade|p1a: Sylveon
|-damage|p1a: Sylveon|69/100 brn
|
|-heal|p1a: Sylveon|75/100 brn|[from] item: Leftovers
|-damage|p1a: Sylveon|69/100 brn|[from] brn
|-end|p1a: Sylveon|Disable
|upkeep
|turn|25
|
|move|p1a: Sylveon|Mystical Fire|p2a: Corsola
|-damage|p2a: Corsola|42/100
|-start|p1a: Sylveon|Disable|Mystical Fire|[from] ability: Cursed Body|[of] p2a: Corsola
|-unboost|p2a: Corsola|spa|1
|move|p2a: Corsola|Strength Sap|p1a: Sylveon
|-unboost|p1a: Sylveon|atk|1
|-heal|p2a: Corsola|66/100
|
|-heal|p1a: Sylveon|75/100 brn|[from] item: Leftovers
|-damage|p1a: Sylveon|69/100 brn|[from] brn
|upkeep
|turn|26
|
|switch|p2a: Seismitoad|Seismitoad, M|78/100
|move|p1a: Sylveon|Hyper Voice|p2a: Seismitoad
|-damage|p2a: Seismitoad|60/100
|
|-heal|p2a: Seismitoad|66/100|[from] item: Leftovers
|-heal|p1a: Sylveon|75/100 brn|[from] item: Leftovers
|-damage|p1a: Sylveon|69/100 brn|[from] brn
|upkeep
|turn|27
|
|move|p2a: Seismitoad|Scald|p1a: Sylveon
|-damage|p1a: Sylveon|56/100 brn
|move|p1a: Sylveon|Hyper Voice|p2a: Seismitoad
|-damage|p2a: Seismitoad|46/100
|
|-heal|p2a: Seismitoad|52/100|[from] item: Leftovers
|-heal|p1a: Sylveon|62/100 brn|[from] item: Leftovers
|-damage|p1a: Sylveon|56/100 brn|[from] brn
|upkeep
|turn|28
|
|move|p2a: Seismitoad|Scald|p1a: Sylveon
|-damage|p1a: Sylveon|44/100 brn
|move|p1a: Sylveon|Hyper Voice|p2a: Seismitoad
|-damage|p2a: Seismitoad|31/100
|
|-heal|p2a: Seismitoad|37/100|[from] item: Leftovers
|-heal|p1a: Sylveon|50/100 brn|[from] item: Leftovers
|-damage|p1a: Sylveon|44/100 brn|[from] brn
|-end|p1a: Sylveon|Disable
|upkeep
|turn|29
|
|move|p2a: Seismitoad|Scald|p1a: Sylveon
|-damage|p1a: Sylveon|31/100 brn
|move|p1a: Sylveon|Wish|p1a: Sylveon
|
|-heal|p2a: Seismitoad|43/100|[from] item: Leftovers
|-heal|p1a: Sylveon|38/100 brn|[from] item: Leftovers
|-damage|p1a: Sylveon|31/100 brn|[from] brn
|upkeep
|turn|30
|
|move|p2a: Seismitoad|Scald|p1a: Sylveon
|-damage|p1a: Sylveon|19/100 brn
|move|p1a: Sylveon|Hyper Voice|p2a: Seismitoad
|-damage|p2a: Seismitoad|24/100
|
|-heal|p1a: Sylveon|69/100 brn|[from] move: Wish|[wisher] Sylveon
|-heal|p2a: Seismitoad|30/100|[from] item: Leftovers
|-heal|p1a: Sylveon|75/100 brn|[from] item: Leftovers
|-damage|p1a: Sylveon|69/100 brn|[from] brn
|upkeep
|turn|31
|
|move|p2a: Seismitoad|Protect|p2a: Seismitoad
|-singleturn|p2a: Seismitoad|Protect
|move|p1a: Sylveon|Mystical Fire|p2a: Seismitoad
|-activate|p2a: Seismitoad|move: Protect
|
|-heal|p2a: Seismitoad|36/100|[from] item: Leftovers
|-heal|p1a: Sylveon|75/100 brn|[from] item: Leftovers
|-damage|p1a: Sylveon|69/100 brn|[from] brn
|upkeep
|turn|32
|
|switch|p2a: Hatterene|Hatterene, F|16/100
|move|p1a: Sylveon|Wish|p1a: Sylveon
|
|-heal|p1a: Sylveon|75/100 brn|[from] item: Leftovers
|-heal|p2a: Hatterene|22/100|[from] item: Leftovers
|-damage|p1a: Sylveon|69/100 brn|[from] brn
|upkeep
|turn|33
|
|move|p1a: Sylveon|Mystical Fire|p2a: Hatterene
|-damage|p2a: Hatterene|10/100
|-unboost|p2a: Hatterene|spa|1
|move|p2a: Hatterene|Mystical Fire|p1a: Sylveon
|-damage|p1a: Sylveon|62/100 brn
|-unboost|p1a: Sylveon|spa|1
|
|-heal|p1a: Sylveon|100/100 brn|[from] move: Wish|[wisher] Sylveon
|-heal|p2a: Hatterene|16/100|[from] item: Leftovers
|-damage|p1a: Sylveon|94/100 brn|[from] brn
|upkeep
|turn|34
|
|move|p1a: Sylveon|Hyper Voice|p2a: Hatterene
|-damage|p2a: Hatterene|0 fnt
|faint|p2a: Hatterene
|
|-heal|p1a: Sylveon|100/100 brn|[from] item: Leftovers
|-damage|p1a: Sylveon|94/100 brn|[from] brn
|upkeep
|
|switch|p2a: Eiscue|Eiscue, M|100/100
|turn|35
|
|move|p2a: Eiscue|Liquidation|p1a: Sylveon
|-damage|p1a: Sylveon|66/100 brn
|-unboost|p1a: Sylveon|def|1
|move|p1a: Sylveon|Hyper Voice|p2a: Eiscue
|-damage|p2a: Eiscue|76/100
|
|-heal|p1a: Sylveon|72/100 brn|[from] item: Leftovers
|-damage|p1a: Sylveon|66/100 brn|[from] brn
|upkeep
|turn|36
|
|switch|p1a: Mew|Mew|64/100
|-damage|p1a: Mew|52/100|[from] Stealth Rock
|move|p2a: Eiscue|Liquidation|p1a: Mew
|-damage|p1a: Mew|31/100
|
|upkeep
|turn|37
|
|switch|p2a: Hydreigon|Hydreigon, M|100/100
|move|p1a: Mew|Flamethrower|p2a: Hydreigon
|-resisted|p2a: Hydreigon
|-damage|p2a: Hydreigon|86/100
|
|-heal|p2a: Hydreigon|92/100|[from] item: Leftovers
|upkeep
|turn|38
|
|switch|p1a: Ferrothorn|Ferrothorn, M|100/100
|-damage|p1a: Ferrothorn|94/100|[from] Stealth Rock
|move|p2a: Hydreigon|Substitute|p2a: Hydreigon
|-start|p2a: Hydreigon|Substitute
|-damage|p2a: Hydreigon|68/100
|
|-heal|p2a: Hydreigon|74/100|[from] item: Leftovers
|-heal|p1a: Ferrothorn|100/100|[from] item: Leftovers
|upkeep
|turn|39
|
|switch|p1a: Sylveon|Sylveon, F|66/100 brn
|-damage|p1a: Sylveon|54/100 brn|[from] Stealth Rock
|move|p2a: Hydreigon|Flamethrower|p1a: Sylveon
|-damage|p1a: Sylveon|37/100 brn
|
|-heal|p2a: Hydreigon|80/100|[from] item: Leftovers
|-heal|p1a: Sylveon|43/100 brn|[from] item: Leftovers
|-damage|p1a: Sylveon|37/100 brn|[from] brn
|upkeep
|turn|40
|
|move|p1a: Sylveon|Protect|p1a: Sylveon
|-singleturn|p1a: Sylveon|Protect
|move|p2a: Hydreigon|Nasty Plot|p2a: Hydreigon
|-boost|p2a: Hydreigon|spa|2
|
|-heal|p2a: Hydreigon|86/100|[from] item: Leftovers
|-heal|p1a: Sylveon|43/100 brn|[from] item: Leftovers
|-damage|p1a: Sylveon|37/100 brn|[from] brn
|upkeep
|turn|41
|
|move|p2a: Hydreigon|Flamethrower|p1a: Sylveon
|-damage|p1a: Sylveon|7/100 brn
|move|p1a: Sylveon|Wish|p1a: Sylveon
|
|-heal|p2a: Hydreigon|92/100|[from] item: Leftovers
|-heal|p1a: Sylveon|13/100 brn|[from] item: Leftovers
|-damage|p1a: Sylveon|7/100 brn|[from] brn
|upkeep
|turn|42
|
|move|p1a: Sylveon|Protect|p1a: Sylveon
|-singleturn|p1a: Sylveon|Protect
|move|p2a: Hydreigon|Nasty Plot|p2a: Hydreigon
|-boost|p2a: Hydreigon|spa|2
|
|-heal|p1a: Sylveon|57/100 brn|[from] move: Wish|[wisher] Sylveon
|-heal|p2a: Hydreigon|98/100|[from] item: Leftovers
|-heal|p1a: Sylveon|63/100 brn|[from] item: Leftovers
|-damage|p1a: Sylveon|57/100 brn|[from] brn
|upkeep
|turn|43
|
|move|p2a: Hydreigon|Flamethrower|p1a: Sylveon
|-damage|p1a: Sylveon|9/100 brn
|move|p1a: Sylveon|Hyper Voice|p2a: Hydreigon
|-supereffective|p2a: Hydreigon
|-damage|p2a: Hydreigon|0 fnt
|faint|p2a: Hydreigon
|
|-heal|p1a: Sylveon|15/100 brn|[from] item: Leftovers
|-damage|p1a: Sylveon|9/100 brn|[from] brn
|upkeep
|
|switch|p2a: Eiscue|Eiscue, M|76/100
|turn|44
|
|move|p2a: Eiscue|Liquidation|p1a: Sylveon
|-damage|p1a: Sylveon|0 fnt
|faint|p1a: Sylveon
|
|upkeep
|
|switch|p1a: Mew|Mew|31/100
|-damage|p1a: Mew|19/100|[from] Stealth Rock
|turn|45
|
|switch|p2a: Seismitoad|Seismitoad, M|36/100
|move|p1a: Mew|Flamethrower|p2a: Seismitoad
|-resisted|p2a: Seismitoad
|-damage|p2a: Seismitoad|26/100
|
|-heal|p2a: Seismitoad|32/100|[from] item: Leftovers
|upkeep
|turn|46
|
|switch|p1a: Ferrothorn|Ferrothorn, M|100/100
|-damage|p1a: Ferrothorn|94/100|[from] Stealth Rock
|move|p2a: Seismitoad|Toxic|p1a: Ferrothorn
|-immune|p1a: Ferrothorn
|
|-heal|p2a: Seismitoad|38/100|[from] item: Leftovers
|-heal|p1a: Ferrothorn|100/100|[from] item: Leftovers
|upkeep
|turn|47
|
|move|p2a: Seismitoad|Scald|p1a: Ferrothorn
|-resisted|p1a: Ferrothorn
|-damage|p1a: Ferrothorn|90/100
|move|p1a: Ferrothorn|Stealth Rock|p2a: Seismitoad
|-sidestart|p2: Srdevil|move: Stealth Rock
|
|-heal|p2a: Seismitoad|44/100|[from] item: Leftovers
|-heal|p1a: Ferrothorn|97/100|[from] item: Leftovers
|upkeep
|turn|48
|
|move|p2a: Seismitoad|Scald|p1a: Ferrothorn
|-resisted|p1a: Ferrothorn
|-damage|p1a: Ferrothorn|86/100
|-status|p1a: Ferrothorn|brn
|move|p1a: Ferrothorn|Spikes|p2a: Seismitoad
|-sidestart|p2: Srdevil|Spikes
|
|-heal|p2a: Seismitoad|50/100|[from] item: Leftovers
|-heal|p1a: Ferrothorn|93/100 brn|[from] item: Leftovers
|-damage|p1a: Ferrothorn|86/100 brn|[from] brn
|upkeep
|turn|49
|
|switch|p2a: Corviknight|Corviknight, M|48/100
|-damage|p2a: Corviknight|36/100|[from] Stealth Rock
|-ability|p2a: Corviknight|Pressure
|move|p1a: Ferrothorn|Gyro Ball|p2a: Corviknight
|-resisted|p2a: Corviknight
|-damage|p2a: Corviknight|31/100
|
|-heal|p2a: Corviknight|37/100|[from] item: Leftovers
|-heal|p1a: Ferrothorn|93/100 brn|[from] item: Leftovers
|-damage|p1a: Ferrothorn|86/100 brn|[from] brn
|upkeep
|turn|50
|
|switch|p1a: Avalugg|Avalugg, F|100/100
|-damage|p1a: Avalugg|76/100|[from] Stealth Rock
|move|p2a: Corviknight|Roost|p2a: Corviknight
|-heal|p2a: Corviknight|87/100
|-singleturn|p2a: Corviknight|move: Roost
|
|-heal|p2a: Corviknight|94/100|[from] item: Leftovers
|-heal|p1a: Avalugg|82/100|[from] item: Leftovers
|upkeep
|turn|51
|
|move|p2a: Corviknight|Defog|p1a: Avalugg
|-unboost|p1a: Avalugg|evasion|1
|-sideend|p1: Qwantum Fieldz|Stealth Rock|[from] move: Defog|[of] p2a: Corviknight
|-sideend|p2: Srdevil|Spikes|[from] move: Defog|[of] p2a: Corviknight
|-sideend|p2: Srdevil|Stealth Rock|[from] move: Defog|[of] p2a: Corviknight
|move|p1a: Avalugg|Avalanche|p2a: Corviknight
|-damage|p2a: Corviknight|78/100
|
|-heal|p2a: Corviknight|85/100|[from] item: Leftovers
|-heal|p1a: Avalugg|88/100|[from] item: Leftovers
|upkeep
|turn|52
|
|switch|p2a: Corsola|Corsola-Galar, M|66/100
|move|p1a: Avalugg|Body Press|p2a: Corsola
|-immune|p2a: Corsola
|
|-heal|p1a: Avalugg|94/100|[from] item: Leftovers
|upkeep
|turn|53
|
|move|p2a: Corsola|Will-O-Wisp|p1a: Avalugg
|-status|p1a: Avalugg|brn
|move|p1a: Avalugg|Avalanche|p2a: Corsola
|-damage|p2a: Corsola|60/100
|
|-heal|p1a: Avalugg|99/100 brn|[from] item: Leftovers
|-damage|p1a: Avalugg|94/100 brn|[from] brn
|upkeep
|turn|54
|
|move|p2a: Corsola|Night Shade|p1a: Avalugg
|-damage|p1a: Avalugg|69/100 brn
|move|p1a: Avalugg|Avalanche|p2a: Corsola
|-damage|p2a: Corsola|45/100
|-start|p1a: Avalugg|Disable|Avalanche|[from] ability: Cursed Body|[of] p2a: Corsola
|
|-heal|p1a: Avalugg|75/100 brn|[from] item: Leftovers
|-damage|p1a: Avalugg|69/100 brn|[from] brn
|upkeep
|turn|55
|
|move|p2a: Corsola|Strength Sap|p1a: Avalugg
|-unboost|p1a: Avalugg|atk|1
|-heal|p2a: Corsola|100/100
|move|p1a: Avalugg|Recover|p1a: Avalugg
|-heal|p1a: Avalugg|100/100 brn
|
|-damage|p1a: Avalugg|94/100 brn|[from] brn
|upkeep
|turn|56
|
|move|p2a: Corsola|Night Shade|p1a: Avalugg
|-damage|p1a: Avalugg|69/100 brn
|move|p1a: Avalugg|Body Press|p2a: Corsola
|-immune|p2a: Corsola
|
|-heal|p1a: Avalugg|75/100 brn|[from] item: Leftovers
|-damage|p1a: Avalugg|69/100 brn|[from] brn
|upkeep
|turn|57
|
|move|p2a: Corsola|Night Shade|p1a: Avalugg
|-damage|p1a: Avalugg|44/100 brn
|move|p1a: Avalugg|Body Press|p2a: Corsola
|-immune|p2a: Corsola
|
|-heal|p1a: Avalugg|50/100 brn|[from] item: Leftovers
|-damage|p1a: Avalugg|44/100 brn|[from] brn
|-end|p1a: Avalugg|Disable
|upkeep
|turn|58
|
|move|p2a: Corsola|Night Shade|p1a: Avalugg
|-damage|p1a: Avalugg|18/100 brn
|move|p1a: Avalugg|Avalanche|p2a: Corsola
|-damage|p2a: Corsola|92/100
|
|-heal|p1a: Avalugg|24/100 brn|[from] item: Leftovers
|-damage|p1a: Avalugg|18/100 brn|[from] brn
|upkeep
|turn|59
|
|switch|p2a: Eiscue|Eiscue, M|76/100
|switch|p1a: Goodra|Goodra, M|100/100
|
|upkeep
|turn|60
|
|switch|p2a: Seismitoad|Seismitoad, M|50/100
|move|p1a: Goodra|Flamethrower|p2a: Seismitoad
|-resisted|p2a: Seismitoad
|-damage|p2a: Seismitoad|39/100
|
|-heal|p2a: Seismitoad|45/100|[from] item: Leftovers
|upkeep
|turn|61
|
|move|p1a: Goodra|Draco Meteor|p2a: Seismitoad|[miss]
|-miss|p1a: Goodra|p2a: Seismitoad
|move|p2a: Seismitoad|Stealth Rock|p1a: Goodra
|-sidestart|p1: Qwantum Fieldz|move: Stealth Rock
|
|-heal|p2a: Seismitoad|51/100|[from] item: Leftovers
|upkeep
|turn|62
|
|move|p2a: Seismitoad|Protect|p2a: Seismitoad
|-singleturn|p2a: Seismitoad|Protect
|move|p1a: Goodra|Draco Meteor|p2a: Seismitoad
|-activate|p2a: Seismitoad|move: Protect
|
|-heal|p2a: Seismitoad|57/100|[from] item: Leftovers
|upkeep
|turn|63
|
|move|p1a: Goodra|Draco Meteor|p2a: Seismitoad
|-damage|p2a: Seismitoad|5/100
|-unboost|p1a: Goodra|spa|2
|move|p2a: Seismitoad|Toxic|p1a: Goodra
|-status|p1a: Goodra|tox
|
|-heal|p2a: Seismitoad|11/100|[from] item: Leftovers
|-damage|p1a: Goodra|94/100 tox|[from] psn
|upkeep
|turn|64
|
|switch|p1a: Ferrothorn|Ferrothorn, M|86/100 brn
|-damage|p1a: Ferrothorn|80/100 brn|[from] Stealth Rock
|move|p2a: Seismitoad|Protect||[still]
|-fail|p2a: Seismitoad
|
|-heal|p2a: Seismitoad|17/100|[from] item: Leftovers
|-heal|p1a: Ferrothorn|86/100 brn|[from] item: Leftovers
|-damage|p1a: Ferrothorn|80/100 brn|[from] brn
|upkeep
|turn|65
|
|switch|p2a: Corviknight|Corviknight, M|85/100
|-ability|p2a: Corviknight|Pressure
|move|p1a: Ferrothorn|Stealth Rock|p2a: Corviknight
|-sidestart|p2: Srdevil|move: Stealth Rock
|
|-heal|p2a: Corviknight|91/100|[from] item: Leftovers
|-heal|p1a: Ferrothorn|86/100 brn|[from] item: Leftovers
|-damage|p1a: Ferrothorn|80/100 brn|[from] brn
|upkeep
|turn|66
|
|move|p2a: Corviknight|Brave Bird|p1a: Ferrothorn
|-damage|p1a: Ferrothorn|60/100 brn
|-damage|p2a: Corviknight|78/100|[from] ability: Iron Barbs|[of] p1a: Ferrothorn
|-damage|p2a: Corviknight|73/100|[from] Recoil
|move|p1a: Ferrothorn|Spikes|p2a: Corviknight
|-sidestart|p2: Srdevil|Spikes
|
|-heal|p2a: Corviknight|79/100|[from] item: Leftovers
|-heal|p1a: Ferrothorn|67/100 brn|[from] item: Leftovers
|-damage|p1a: Ferrothorn|60/100 brn|[from] brn
|upkeep
|turn|67
|
|move|p2a: Corviknight|Brave Bird|p1a: Ferrothorn
|-damage|p1a: Ferrothorn|38/100 brn
|-damage|p2a: Corviknight|66/100|[from] ability: Iron Barbs|[of] p1a: Ferrothorn
|-damage|p2a: Corviknight|60/100|[from] Recoil
|move|p1a: Ferrothorn|Spikes|p2a: Corviknight
|-sidestart|p2: Srdevil|Spikes
|
|-heal|p2a: Corviknight|66/100|[from] item: Leftovers
|-heal|p1a: Ferrothorn|44/100 brn|[from] item: Leftovers
|-damage|p1a: Ferrothorn|38/100 brn|[from] brn
|upkeep
|turn|68
|
|move|p2a: Corviknight|Defog|p1a: Ferrothorn
|-unboost|p1a: Ferrothorn|evasion|1
|-sideend|p1: Qwantum Fieldz|Stealth Rock|[from] move: Defog|[of] p2a: Corviknight
|-sideend|p2: Srdevil|Spikes|[from] move: Defog|[of] p2a: Corviknight
|-sideend|p2: Srdevil|Stealth Rock|[from] move: Defog|[of] p2a: Corviknight
|move|p1a: Ferrothorn|Gyro Ball|p2a: Corviknight
|-resisted|p2a: Corviknight
|-damage|p2a: Corviknight|61/100
|
|-heal|p2a: Corviknight|68/100|[from] item: Leftovers
|-heal|p1a: Ferrothorn|44/100 brn|[from] item: Leftovers
|-damage|p1a: Ferrothorn|38/100 brn|[from] brn
|upkeep
|turn|69
|
|switch|p1a: Avalugg|Avalugg, F|18/100 brn
|move|p2a: Corviknight|Brave Bird|p1a: Avalugg
|-damage|p1a: Avalugg|5/100 brn
|-damage|p2a: Corviknight|63/100|[from] Recoil
|
|-heal|p2a: Corviknight|69/100|[from] item: Leftovers
|-heal|p1a: Avalugg|11/100 brn|[from] item: Leftovers
|-damage|p1a: Avalugg|5/100 brn|[from] brn
|upkeep
|turn|70
|
|move|p2a: Corviknight|U-turn|p1a: Avalugg
|-damage|p1a: Avalugg|0 fnt
|faint|p1a: Avalugg
|
|switch|p2a: Corsola|Corsola-Galar, M|92/100|[from]move: U-turn
|
|upkeep
|
|switch|p1a: Toxicroak|Toxicroak, F|100/100
|turn|71
|
|move|p1a: Toxicroak|Bulk Up|p1a: Toxicroak
|-boost|p1a: Toxicroak|atk|1
|-boost|p1a: Toxicroak|def|1
|move|p2a: Corsola|Strength Sap|p1a: Toxicroak
|-unboost|p1a: Toxicroak|atk|1
|-heal|p2a: Corsola|100/100
|
|upkeep
|turn|72
|
|move|p1a: Toxicroak|Gunk Shot|p2a: Corsola
|-resisted|p2a: Corsola
|-damage|p2a: Corsola|82/100
|-start|p1a: Toxicroak|Disable|Gunk Shot|[from] ability: Cursed Body|[of] p2a: Corsola
|-status|p2a: Corsola|psn
|move|p2a: Corsola|Will-O-Wisp|p1a: Toxicroak
|-status|p1a: Toxicroak|brn
|
|-damage|p1a: Toxicroak|94/100 brn|[from] brn
|-damage|p2a: Corsola|70/100 psn|[from] psn
|upkeep
|turn|73
|inactive|Qwantum Fieldz has 120 seconds left.
|
|switch|p1a: Ferrothorn|Ferrothorn, M|38/100 brn
|move|p2a: Corsola|Night Shade|p1a: Ferrothorn
|-damage|p1a: Ferrothorn|10/100 brn
|
|-heal|p1a: Ferrothorn|16/100 brn|[from] item: Leftovers
|-damage|p2a: Corsola|57/100 psn|[from] psn
|-damage|p1a: Ferrothorn|10/100 brn|[from] brn
|upkeep
|turn|74
|
|move|p2a: Corsola|Strength Sap|p1a: Ferrothorn
|-unboost|p1a: Ferrothorn|atk|1
|-heal|p2a: Corsola|100/100 psn
|move|p1a: Ferrothorn|Stealth Rock|p2a: Corsola
|-sidestart|p2: Srdevil|move: Stealth Rock
|
|-heal|p1a: Ferrothorn|16/100 brn|[from] item: Leftovers
|-damage|p2a: Corsola|88/100 psn|[from] psn
|-damage|p1a: Ferrothorn|10/100 brn|[from] brn
|upkeep
|turn|75
|
|move|p2a: Corsola|Night Shade|p1a: Ferrothorn
|-damage|p1a: Ferrothorn|0 fnt
|faint|p1a: Ferrothorn
|
|-damage|p2a: Corsola|76/100 psn|[from] psn
|upkeep
|
|switch|p1a: Mew|Mew|19/100
|turn|76
|
|move|p1a: Mew|Shadow Ball|p2a: Corsola
|-supereffective|p2a: Corsola
|-damage|p2a: Corsola|48/100 psn
|-unboost|p2a: Corsola|spd|1
|move|p2a: Corsola|Strength Sap|p1a: Mew
|-unboost|p1a: Mew|atk|1
|-heal|p2a: Corsola|100/100 psn
|
|-damage|p2a: Corsola|88/100 psn|[from] psn
|upkeep
|turn|77
|
|switch|p2a: Seismitoad|Seismitoad, M|17/100
|-damage|p2a: Seismitoad|11/100|[from] Stealth Rock
|move|p1a: Mew|Shadow Ball|p2a: Seismitoad
|-damage|p2a: Seismitoad|0 fnt
|faint|p2a: Seismitoad
|
|upkeep
|
|switch|p2a: Corviknight|Corviknight, M|69/100
|-damage|p2a: Corviknight|57/100|[from] Stealth Rock
|-ability|p2a: Corviknight|Pressure
|turn|78
|inactive|Qwantum Fieldz has 120 seconds left.
|
|switch|p1a: Goodra|Goodra, M|94/100 tox
|move|p2a: Corviknight|Roost|p2a: Corviknight
|-heal|p2a: Corviknight|100/100
|-singleturn|p2a: Corviknight|move: Roost
|
|-damage|p1a: Goodra|88/100 tox|[from] psn
|upkeep
|turn|79
|inactive|Qwantum Fieldz has 120 seconds left.
|
|move|p1a: Goodra|Flamethrower|p2a: Corviknight
|-supereffective|p2a: Corviknight
|-damage|p2a: Corviknight|41/100
|move|p2a: Corviknight|Roost|p2a: Corviknight
|-heal|p2a: Corviknight|91/100
|-singleturn|p2a: Corviknight|move: Roost
|
|-heal|p2a: Corviknight|98/100|[from] item: Leftovers
|-damage|p1a: Goodra|76/100 tox|[from] psn
|upkeep
|turn|80
|
|move|p1a: Goodra|Flamethrower|p2a: Corviknight
|-supereffective|p2a: Corviknight
|-damage|p2a: Corviknight|46/100
|move|p2a: Corviknight|Roost|p2a: Corviknight
|-heal|p2a: Corviknight|96/100
|-singleturn|p2a: Corviknight|move: Roost
|
|-heal|p2a: Corviknight|100/100|[from] item: Leftovers
|-damage|p1a: Goodra|57/100 tox|[from] psn
|upkeep
|turn|81
|
|switch|p1a: Mew|Mew|19/100
|move|p2a: Corviknight|Roost||[still]
|-fail|p2a: Corviknight|heal
|
|upkeep
|turn|82
|
|move|p1a: Mew|Flamethrower|p2a: Corviknight
|-supereffective|p2a: Corviknight
|-damage|p2a: Corviknight|56/100
|move|p2a: Corviknight|U-turn|p1a: Mew
|-supereffective|p1a: Mew
|-damage|p1a: Mew|0 fnt
|faint|p1a: Mew
|
|switch|p2a: Corsola|Corsola-Galar, M|88/100 psn|[from]move: U-turn
|-damage|p2a: Corsola|76/100 psn|[from] Stealth Rock
|
|-damage|p2a: Corsola|63/100 psn|[from] psn
|upkeep
|l|☆Qwantum Fieldz
|inactive|Qwantum Fieldz disconnected and has a minute to reconnect!
|player|p1|
|inactive|Qwantum Fieldz has 30 seconds to reconnect!
|inactive|Qwantum Fieldz has 20 seconds to reconnect!
|inactive|Qwantum Fieldz has 15 seconds to reconnect!
|inactive|Qwantum Fieldz has 10 seconds to reconnect!
|inactive|Qwantum Fieldz has 5 seconds to reconnect!
|-message|Qwantum Fieldz lost due to inactivity.
|
|win|Srdevil
|c|☆Srdevil|Gg
|raw|Qwantum Fieldz's rating: 1464 → 1443(-21 for losing)
|raw|Srdevil's rating: 1452 → 1472(+20 for winning)
