|ScrapeTime|2020-01-01-18:34:56
|j|☆Helpinghans
|j|☆STAVO COR LIBANESE
|player|p1|Helpinghans|pilot|1796
|player|p2|STAVO COR LIBANESE|clerk|1838
|teamsize|p1|6
|teamsize|p2|6
|gametype|singles
|gen|8
|tier|[Gen 8] OU
|rated|
|rule|Sleep Clause Mod: Limit one foe put to sleep
|rule|Species Clause: Limit one of each Pokémon
|rule|OHKO Clause: OHKO moves are banned
|rule|Evasion Moves Clause: Evasion moves are banned
|rule|Endless Battle Clause: Forcing endless battles is banned
|rule|HP Percentage Mod: HP is shown in percentages
|clearpoke
|poke|p1|Tyranitar, M|
|poke|p1|Excadrill, M|
|poke|p1|Hatterene, F|
|poke|p1|Reuniclus, F|
|poke|p1|Ferrothorn, M|
|poke|p1|Toxapex, F|
|poke|p2|Hatterene, F|
|poke|p2|Mamoswine, F|
|poke|p2|Corviknight, F|
|poke|p2|Hydreigon, M|
|poke|p2|Dragapult, M|
|poke|p2|Gastrodon, F|
|rule|Dynamax Clause: You cannot dynamax
|teampreview
|c|☆STAVO COR LIBANESE|Mazar
|j| I Could Be High
|j| FG Alice
|j| gueladio
|inactive|Battle timer is ON: inactive players will automatically lose when time's up. (requested by Helpinghans)
|j| kelvintrainer28
|j| mikmer
|j| ahhhaaaaa
|l| mikmer
|
|start
|switch|p1a: StuGIII Ausf.H|Ferrothorn, M|100/100
|switch|p2a: Dragapult|Dragapult, M|100/100
|turn|1
|
|move|p1a: StuGIII Ausf.H|Protect|p1a: StuGIII Ausf.H
|-singleturn|p1a: StuGIII Ausf.H|Protect
|move|p2a: Dragapult|U-turn|p1a: StuGIII Ausf.H
|-activate|p1a: StuGIII Ausf.H|move: Protect
|
|upkeep
|turn|2
|
|switch|p2a: Hatterene|Hatterene, F|100/100
|move|p1a: StuGIII Ausf.H|Power Whip|p2a: Hatterene
|-damage|p2a: Hatterene|70/100
|
|-heal|p2a: Hatterene|76/100|[from] item: Leftovers
|upkeep
|turn|3
|j| KindleAri
|
|switch|p1a: Flakviering36|Toxapex, F|100/100
|move|p2a: Hatterene|Draining Kiss|p1a: Flakviering36
|-resisted|p1a: Flakviering36
|-crit|p1a: Flakviering36
|-damage|p1a: Flakviering36|87/100
|-heal|p2a: Hatterene|85/100|[from] drain|[of] p1a: Flakviering36
|
|-heal|p1a: Flakviering36|93/100|[from] item: Black Sludge
|-heal|p2a: Hatterene|91/100|[from] item: Leftovers
|upkeep
|turn|4
|
|move|p1a: Flakviering36|Scald|p2a: Hatterene
|-damage|p2a: Hatterene|73/100
|-status|p2a: Hatterene|brn
|move|p2a: Hatterene|Calm Mind|p2a: Hatterene
|-boost|p2a: Hatterene|spa|1
|-boost|p2a: Hatterene|spd|1
|
|-heal|p1a: Flakviering36|99/100|[from] item: Black Sludge
|-heal|p2a: Hatterene|79/100 brn|[from] item: Leftovers
|-damage|p2a: Hatterene|73/100 brn|[from] brn
|upkeep
|turn|5
|j|‽MegaStarUniverse
|
|switch|p1a: Pz.KpfwVI Ausf.E|Tyranitar, M|100/100
|-weather|Sandstorm|[from] ability: Sand Stream|[of] p1a: Pz.KpfwVI Ausf.E
|move|p2a: Hatterene|Draining Kiss|p1a: Pz.KpfwVI Ausf.E
|-supereffective|p1a: Pz.KpfwVI Ausf.E
|-damage|p1a: Pz.KpfwVI Ausf.E|83/100
|-heal|p2a: Hatterene|90/100 brn|[from] drain|[of] p1a: Pz.KpfwVI Ausf.E
|
|-weather|Sandstorm|[upkeep]
|-damage|p2a: Hatterene|84/100 brn|[from] Sandstorm
|-heal|p2a: Hatterene|90/100 brn|[from] item: Leftovers
|-damage|p2a: Hatterene|84/100 brn|[from] brn
|upkeep
|turn|6
|
|switch|p2a: Mamoswine|Mamoswine, F|100/100
|move|p1a: Pz.KpfwVI Ausf.E|Heavy Slam|p2a: Mamoswine
|-supereffective|p2a: Mamoswine
|-damage|p2a: Mamoswine|74/100
|
|-weather|Sandstorm|[upkeep]
|upkeep
|turn|7
|
|switch|p1a: StuGIII Ausf.H|Ferrothorn, M|100/100
|move|p2a: Mamoswine|Icicle Crash|p1a: StuGIII Ausf.H
|-damage|p1a: StuGIII Ausf.H|64/100
|
|-weather|Sandstorm|[upkeep]
|-heal|p1a: StuGIII Ausf.H|70/100|[from] item: Leftovers
|upkeep
|turn|8
|
|switch|p2a: Corviknight|Corviknight, F|100/100
|-ability|p2a: Corviknight|Pressure
|move|p1a: StuGIII Ausf.H|Power Whip|p2a: Corviknight
|-resisted|p2a: Corviknight
|-damage|p2a: Corviknight|92/100
|
|-weather|Sandstorm|[upkeep]
|-heal|p2a: Corviknight|98/100|[from] item: Leftovers
|-heal|p1a: StuGIII Ausf.H|76/100|[from] item: Leftovers
|upkeep
|turn|9
|
|switch|p2a: Hatterene|Hatterene, F|84/100 brn
|move|p1a: StuGIII Ausf.H|Power Whip|p2a: Hatterene
|-damage|p2a: Hatterene|54/100 brn
|
|-weather|none
|-heal|p2a: Hatterene|60/100 brn|[from] item: Leftovers
|-heal|p1a: StuGIII Ausf.H|82/100|[from] item: Leftovers
|-damage|p2a: Hatterene|54/100 brn|[from] brn
|upkeep
|turn|10
|
|switch|p1a: Pz.KpfwVI Ausf.E|Tyranitar, M|83/100
|-weather|Sandstorm|[from] ability: Sand Stream|[of] p1a: Pz.KpfwVI Ausf.E
|move|p2a: Hatterene|Draining Kiss|p1a: Pz.KpfwVI Ausf.E
|-supereffective|p1a: Pz.KpfwVI Ausf.E
|-damage|p1a: Pz.KpfwVI Ausf.E|69/100
|-heal|p2a: Hatterene|67/100 brn|[from] drain|[of] p1a: Pz.KpfwVI Ausf.E
|
|-weather|Sandstorm|[upkeep]
|-damage|p2a: Hatterene|61/100 brn|[from] Sandstorm
|-heal|p2a: Hatterene|67/100 brn|[from] item: Leftovers
|-damage|p2a: Hatterene|61/100 brn|[from] brn
|upkeep
|turn|11
|
|switch|p1a: StuGIII Ausf.H|Ferrothorn, M|82/100
|switch|p2a: Corviknight|Corviknight, F|98/100
|-ability|p2a: Corviknight|Pressure
|
|-weather|Sandstorm|[upkeep]
|-heal|p2a: Corviknight|100/100|[from] item: Leftovers
|-heal|p1a: StuGIII Ausf.H|89/100|[from] item: Leftovers
|upkeep
|turn|12
|
|switch|p2a: Hydreigon|Hydreigon, M|100/100
|move|p1a: StuGIII Ausf.H|Leech Seed|p2a: Hydreigon
|-start|p2a: Hydreigon|move: Leech Seed
|
|-weather|Sandstorm|[upkeep]
|-damage|p2a: Hydreigon|94/100|[from] Sandstorm
|-heal|p2a: Hydreigon|100/100|[from] item: Leftovers
|-heal|p1a: StuGIII Ausf.H|95/100|[from] item: Leftovers
|-damage|p2a: Hydreigon|88/100|[from] Leech Seed|[of] p1a: StuGIII Ausf.H
|-heal|p1a: StuGIII Ausf.H|100/100|[silent]
|upkeep
|turn|13
|j| subgenio
|
|switch|p2a: Corviknight|Corviknight, F|100/100
|-ability|p2a: Corviknight|Pressure
|switch|p1a: Pz.KpfwVI Ausf.E|Tyranitar, M|69/100
|
|-weather|Sandstorm|[upkeep]
|upkeep
|turn|14
|
|switch|p1a: StuGIII Ausf.H|Ferrothorn, M|100/100
|move|p2a: Corviknight|U-turn|p1a: StuGIII Ausf.H
|-damage|p1a: StuGIII Ausf.H|92/100
|-damage|p2a: Corviknight|88/100|[from] ability: Iron Barbs|[of] p1a: StuGIII Ausf.H
|
|switch|p2a: Hatterene|Hatterene, F|61/100 brn|[from]move: U-turn
|
|-weather|none
|-heal|p2a: Hatterene|67/100 brn|[from] item: Leftovers
|-heal|p1a: StuGIII Ausf.H|98/100|[from] item: Leftovers
|-damage|p2a: Hatterene|61/100 brn|[from] brn
|upkeep
|turn|15
|
|switch|p1a: Pz.KpfwVI Ausf.E|Tyranitar, M|69/100
|-weather|Sandstorm|[from] ability: Sand Stream|[of] p1a: Pz.KpfwVI Ausf.E
|move|p2a: Hatterene|Mystical Fire|p1a: Pz.KpfwVI Ausf.E
|-resisted|p1a: Pz.KpfwVI Ausf.E
|-crit|p1a: Pz.KpfwVI Ausf.E
|-damage|p1a: Pz.KpfwVI Ausf.E|64/100
|-unboost|p1a: Pz.KpfwVI Ausf.E|spa|1
|
|-weather|Sandstorm|[upkeep]
|-damage|p2a: Hatterene|55/100 brn|[from] Sandstorm
|-heal|p2a: Hatterene|61/100 brn|[from] item: Leftovers
|-damage|p2a: Hatterene|55/100 brn|[from] brn
|upkeep
|turn|16
|
|switch|p1a: StuGIII Ausf.H|Ferrothorn, M|98/100
|switch|p2a: Corviknight|Corviknight, F|88/100
|-ability|p2a: Corviknight|Pressure
|
|-weather|Sandstorm|[upkeep]
|-heal|p2a: Corviknight|94/100|[from] item: Leftovers
|-heal|p1a: StuGIII Ausf.H|100/100|[from] item: Leftovers
|upkeep
|turn|17
|
|switch|p2a: Hydreigon|Hydreigon, M|88/100
|move|p1a: StuGIII Ausf.H|Leech Seed|p2a: Hydreigon
|-start|p2a: Hydreigon|move: Leech Seed
|
|-weather|Sandstorm|[upkeep]
|-damage|p2a: Hydreigon|82/100|[from] Sandstorm
|-heal|p2a: Hydreigon|88/100|[from] item: Leftovers
|-damage|p2a: Hydreigon|76/100|[from] Leech Seed|[of] p1a: StuGIII Ausf.H
|upkeep
|turn|18
|
|switch|p2a: Corviknight|Corviknight, F|94/100
|-ability|p2a: Corviknight|Pressure
|move|p1a: StuGIII Ausf.H|Power Whip|p2a: Corviknight|[miss]
|-miss|p1a: StuGIII Ausf.H|p2a: Corviknight
|
|-weather|Sandstorm|[upkeep]
|-heal|p2a: Corviknight|99/100|[from] item: Leftovers
|upkeep
|turn|19
|
|move|p2a: Corviknight|Iron Head|p1a: StuGIII Ausf.H
|-resisted|p1a: StuGIII Ausf.H
|-damage|p1a: StuGIII Ausf.H|94/100
|-damage|p2a: Corviknight|88/100|[from] ability: Iron Barbs|[of] p1a: StuGIII Ausf.H
|move|p1a: StuGIII Ausf.H|Power Whip|p2a: Corviknight
|-resisted|p2a: Corviknight
|-damage|p2a: Corviknight|81/100
|
|-weather|none
|-heal|p2a: Corviknight|87/100|[from] item: Leftovers
|-heal|p1a: StuGIII Ausf.H|99/100|[from] item: Leftovers
|upkeep
|turn|20
|
|switch|p2a: Hydreigon|Hydreigon, M|76/100
|move|p1a: StuGIII Ausf.H|Leech Seed|p2a: Hydreigon
|-start|p2a: Hydreigon|move: Leech Seed
|
|-heal|p2a: Hydreigon|82/100|[from] item: Leftovers
|-heal|p1a: StuGIII Ausf.H|100/100|[from] item: Leftovers
|-damage|p2a: Hydreigon|70/100|[from] Leech Seed|[of] p1a: StuGIII Ausf.H
|upkeep
|turn|21
|
|switch|p2a: Corviknight|Corviknight, F|87/100
|-ability|p2a: Corviknight|Pressure
|move|p1a: StuGIII Ausf.H|Leech Seed|p2a: Corviknight
|-start|p2a: Corviknight|move: Leech Seed
|
|-heal|p2a: Corviknight|93/100|[from] item: Leftovers
|-damage|p2a: Corviknight|80/100|[from] Leech Seed|[of] p1a: StuGIII Ausf.H
|upkeep
|turn|22
|l| subgenio
|
|switch|p2a: Hatterene|Hatterene, F|55/100 brn
|move|p1a: StuGIII Ausf.H|Protect||[still]
|-fail|p1a: StuGIII Ausf.H
|
|-heal|p2a: Hatterene|61/100 brn|[from] item: Leftovers
|-damage|p2a: Hatterene|55/100 brn|[from] brn
|upkeep
|turn|23
|
|switch|p2a: Corviknight|Corviknight, F|80/100
|-ability|p2a: Corviknight|Pressure
|move|p1a: StuGIII Ausf.H|Power Whip|p2a: Corviknight
|-resisted|p2a: Corviknight
|-damage|p2a: Corviknight|73/100
|
|-heal|p2a: Corviknight|79/100|[from] item: Leftovers
|upkeep
|turn|24
|
|move|p2a: Corviknight|Roost|p2a: Corviknight
|-heal|p2a: Corviknight|100/100
|-singleturn|p2a: Corviknight|move: Roost
|move|p1a: StuGIII Ausf.H|Leech Seed|p2a: Corviknight
|-start|p2a: Corviknight|move: Leech Seed
|
|-damage|p2a: Corviknight|88/100|[from] Leech Seed|[of] p1a: StuGIII Ausf.H
|upkeep
|turn|25
|
|switch|p2a: Hydreigon|Hydreigon, M|70/100
|move|p1a: StuGIII Ausf.H|Body Press|p2a: Hydreigon
|-supereffective|p2a: Hydreigon
|-crit|p2a: Hydreigon
|-damage|p2a: Hydreigon|0 fnt
|faint|p2a: Hydreigon
|
|upkeep
|l| I Could Be High
|
|switch|p2a: Hatterene|Hatterene, F|55/100 brn
|turn|26
|n| Duke Groundrunner|kindleari
|j| ornithorynk3
|j| flameengo
|
|switch|p1a: Flakviering36|Toxapex, F|100/100
|move|p2a: Hatterene|Calm Mind|p2a: Hatterene
|-boost|p2a: Hatterene|spa|1
|-boost|p2a: Hatterene|spd|1
|
|-heal|p2a: Hatterene|61/100 brn|[from] item: Leftovers
|-damage|p2a: Hatterene|55/100 brn|[from] brn
|upkeep
|turn|27
|l| ahhhaaaaa
|
|move|p1a: Flakviering36|Haze|p1a: Flakviering36
|-clearallboost
|move|p2a: Hatterene|Psyshock|p1a: Flakviering36
|-supereffective|p1a: Flakviering36
|-damage|p1a: Flakviering36|60/100
|
|-heal|p1a: Flakviering36|66/100|[from] item: Black Sludge
|-heal|p2a: Hatterene|61/100 brn|[from] item: Leftovers
|-damage|p2a: Hatterene|55/100 brn|[from] brn
|upkeep
|turn|28
|j| ahhhaaaaa
|
|move|p1a: Flakviering36|Scald|p2a: Hatterene
|-damage|p2a: Hatterene|36/100 brn
|move|p2a: Hatterene|Calm Mind|p2a: Hatterene
|-boost|p2a: Hatterene|spa|1
|-boost|p2a: Hatterene|spd|1
|
|-heal|p1a: Flakviering36|72/100|[from] item: Black Sludge
|-heal|p2a: Hatterene|42/100 brn|[from] item: Leftovers
|-damage|p2a: Hatterene|36/100 brn|[from] brn
|upkeep
|turn|29
|
|switch|p2a: Mamoswine|Mamoswine, F|74/100
|move|p1a: Flakviering36|Haze|p1a: Flakviering36
|-clearallboost
|
|-heal|p1a: Flakviering36|78/100|[from] item: Black Sludge
|upkeep
|turn|30
|l| kelvintrainer28
|
|switch|p1a: 8.8cm Flak36|Hatterene, F|100/100
|move|p2a: Mamoswine|Stealth Rock|p1a: 8.8cm Flak36
|move|p1a: 8.8cm Flak36|Stealth Rock|p2a: Mamoswine|[from]Magic Bounce
|-sidestart|p2: STAVO COR LIBANESE|move: Stealth Rock
|
|upkeep
|turn|31
|l| ornithorynk3
|
|move|p2a: Mamoswine|Earthquake|p1a: 8.8cm Flak36
|-damage|p1a: 8.8cm Flak36|54/100
|move|p1a: 8.8cm Flak36|Draining Kiss|p2a: Mamoswine
|-damage|p2a: Mamoswine|42/100
|-heal|p1a: 8.8cm Flak36|82/100|[from] drain|[of] p2a: Mamoswine
|
|-heal|p1a: 8.8cm Flak36|88/100|[from] item: Leftovers
|upkeep
|turn|32
|
|move|p2a: Mamoswine|Icicle Crash|p1a: 8.8cm Flak36
|-damage|p1a: 8.8cm Flak36|38/100
|move|p1a: 8.8cm Flak36|Psychic|p2a: Mamoswine
|-damage|p2a: Mamoswine|0 fnt
|faint|p2a: Mamoswine
|
|-heal|p1a: 8.8cm Flak36|44/100|[from] item: Leftovers
|upkeep
|-message|STAVO COR LIBANESE forfeited.
|
|win|Helpinghans
