|ScrapeTime|2020-01-02-01:54:46
|j|☆hiiroG
|j|☆Flippersjosh
|player|p1|hiiroG|alder|1350
|player|p2|Flippersjosh|lucas-gen4pt|1320
|teamsize|p1|6
|teamsize|p2|6
|gametype|singles
|gen|8
|tier|[Gen 8] OU
|rated|
|rule|Sleep Clause Mod: Limit one foe put to sleep
|rule|Species Clause: Limit one of each Pokémon
|rule|OHKO Clause: OHKO moves are banned
|rule|Evasion Moves Clause: Evasion moves are banned
|rule|Endless Battle Clause: Forcing endless battles is banned
|rule|HP Percentage Mod: HP is shown in percentages
|clearpoke
|poke|p1|Ninetales, M|
|poke|p1|Shiftry, M|
|poke|p1|Seismitoad, F|
|poke|p1|Mandibuzz, F|
|poke|p1|Cinderace, F|
|poke|p1|Salazzle, F|
|poke|p2|Drednaw, M|
|poke|p2|Pelipper, M|
|poke|p2|Seismitoad, M|
|poke|p2|Toxtricity, M|
|poke|p2|Conkeldurr, M|
|poke|p2|Ferrothorn, M|
|rule|Dynamax Clause: You cannot dynamax
|teampreview
|inactive|Battle timer is ON: inactive players will automatically lose when time's up. (requested by Flippersjosh)
|
|start
|switch|p1a: Cinderace|Cinderace, F|100/100
|switch|p2a: Pelipper|Pelipper, M|100/100
|-weather|RainDance|[from] ability: Drizzle|[of] p2a: Pelipper
|turn|1
|
|move|p1a: Cinderace|U-turn|p2a: Pelipper
|-resisted|p2a: Pelipper
|-damage|p2a: Pelipper|84/100
|
|switch|p1a: Ninetales|Ninetales, M, shiny|100/100|[from]move: U-turn
|-weather|SunnyDay|[from] ability: Drought|[of] p1a: Ninetales
|move|p2a: Pelipper|U-turn|p1a: Ninetales
|-resisted|p1a: Ninetales
|-damage|p1a: Ninetales|95/100
|
|switch|p2a: Seismitoad|Seismitoad, M|100/100|[from]move: U-turn
|
|-weather|SunnyDay|[upkeep]
|upkeep
|turn|2
|
|switch|p2a: Pelipper|Pelipper, M|84/100
|-weather|RainDance|[from] ability: Drizzle|[of] p2a: Pelipper
|move|p1a: Ninetales|Solar Beam||[still]
|-prepare|p1a: Ninetales|Solar Beam|p2a: Pelipper
|
|-weather|RainDance|[upkeep]
|upkeep
|turn|3
|
|move|p1a: Ninetales|Solar Beam|p2a: Pelipper|[from]lockedmove
|-damage|p2a: Pelipper|67/100
|move|p2a: Pelipper|Scald|p1a: Ninetales
|-supereffective|p1a: Ninetales
|-damage|p1a: Ninetales|2/100
|
|-weather|RainDance|[upkeep]
|upkeep
|turn|4
|
|switch|p1a: Seismitoad|Seismitoad, F|100/100
|move|p2a: Pelipper|U-turn|p1a: Seismitoad
|-damage|p1a: Seismitoad|95/100
|
|switch|p2a: Conkeldurr|Conkeldurr, M|100/100|[from]move: U-turn
|
|-weather|RainDance|[upkeep]
|-heal|p1a: Seismitoad|100/100|[from] item: Leftovers
|-status|p2a: Conkeldurr|brn|[from] item: Flame Orb
|upkeep
|turn|5
|
|move|p1a: Seismitoad|Stealth Rock|p2a: Conkeldurr
|-sidestart|p2: Flippersjosh|move: Stealth Rock
|move|p2a: Conkeldurr|Drain Punch|p1a: Seismitoad
|-damage|p1a: Seismitoad|51/100
|
|-weather|RainDance|[upkeep]
|-heal|p1a: Seismitoad|57/100|[from] item: Leftovers
|-damage|p2a: Conkeldurr|94/100 brn|[from] brn
|upkeep
|turn|6
|
|move|p1a: Seismitoad|Earth Power|p2a: Conkeldurr
|-crit|p2a: Conkeldurr
|-damage|p2a: Conkeldurr|45/100 brn
|move|p2a: Conkeldurr|Drain Punch|p1a: Seismitoad
|-damage|p1a: Seismitoad|7/100
|-heal|p2a: Conkeldurr|70/100 brn|[from] drain|[of] p1a: Seismitoad
|
|-weather|RainDance|[upkeep]
|-heal|p1a: Seismitoad|13/100|[from] item: Leftovers
|-damage|p2a: Conkeldurr|64/100 brn|[from] brn
|upkeep
|turn|7
|
|move|p2a: Conkeldurr|Mach Punch|p1a: Seismitoad
|-damage|p1a: Seismitoad|0 fnt
|faint|p1a: Seismitoad
|
|-weather|RainDance|[upkeep]
|-damage|p2a: Conkeldurr|58/100 brn|[from] brn
|upkeep
|
|switch|p1a: Ninetales|Ninetales, M, shiny|2/100
|-weather|SunnyDay|[from] ability: Drought|[of] p1a: Ninetales
|turn|8
|
|move|p2a: Conkeldurr|Mach Punch|p1a: Ninetales
|-damage|p1a: Ninetales|0 fnt
|faint|p1a: Ninetales
|
|-weather|SunnyDay|[upkeep]
|-damage|p2a: Conkeldurr|52/100 brn|[from] brn
|upkeep
|
|switch|p1a: Salazzle|Salazzle, F|100/100
|turn|9
|
|move|p1a: Salazzle|Flamethrower|p2a: Conkeldurr
|-damage|p2a: Conkeldurr|0 fnt
|faint|p2a: Conkeldurr
|
|-weather|SunnyDay|[upkeep]
|upkeep
|
|switch|p2a: Seismitoad|Seismitoad, M|100/100
|-damage|p2a: Seismitoad|94/100|[from] Stealth Rock
|turn|10
|
|switch|p1a: Shiftry|Shiftry, M|100/100
|move|p2a: Seismitoad|Earthquake|p1a: Shiftry
|-resisted|p1a: Shiftry
|-damage|p1a: Shiftry|72/100
|
|-weather|SunnyDay|[upkeep]
|-heal|p2a: Seismitoad|100/100|[from] item: Leftovers
|upkeep
|turn|11
|
|switch|p2a: Ferrothorn|Ferrothorn, M|100/100
|-damage|p2a: Ferrothorn|94/100|[from] Stealth Rock
|move|p1a: Shiftry|Solar Blade||[still]
|-prepare|p1a: Shiftry|Solar Blade|p2a: Ferrothorn
|-anim|p1a: Shiftry|Solar Blade|p2a: Ferrothorn
|-resisted|p2a: Ferrothorn
|-damage|p2a: Ferrothorn|79/100
|-damage|p1a: Shiftry|60/100|[from] ability: Iron Barbs|[of] p2a: Ferrothorn
|-damage|p1a: Shiftry|50/100|[from] item: Life Orb
|
|-weather|SunnyDay|[upkeep]
|-heal|p2a: Ferrothorn|86/100|[from] item: Leftovers
|upkeep
|turn|12
|
|move|p1a: Shiftry|Heat Wave|p2a: Ferrothorn|[miss]
|-miss|p1a: Shiftry|p2a: Ferrothorn
|move|p2a: Ferrothorn|Spikes|p1a: Shiftry
|-sidestart|p1: hiiroG|Spikes
|
|-weather|SunnyDay|[upkeep]
|-heal|p2a: Ferrothorn|92/100|[from] item: Leftovers
|upkeep
|turn|13
|
|move|p2a: Ferrothorn|Protect|p2a: Ferrothorn
|-singleturn|p2a: Ferrothorn|Protect
|move|p1a: Shiftry|Growth|p1a: Shiftry
|-boost|p1a: Shiftry|atk|2
|-boost|p1a: Shiftry|spa|2
|
|-weather|SunnyDay|[upkeep]
|-heal|p2a: Ferrothorn|98/100|[from] item: Leftovers
|upkeep
|turn|14
|c|☆Flippersjosh|Phew
|c|☆hiiroG|><
|
|move|p1a: Shiftry|Heat Wave|p2a: Ferrothorn
|-supereffective|p2a: Ferrothorn
|-damage|p2a: Ferrothorn|0 fnt
|-damage|p1a: Shiftry|40/100|[from] item: Life Orb
|faint|p2a: Ferrothorn
|
|-weather|SunnyDay|[upkeep]
|upkeep
|
|switch|p2a: Pelipper|Pelipper, M|67/100
|-damage|p2a: Pelipper|42/100|[from] Stealth Rock
|-weather|RainDance|[from] ability: Drizzle|[of] p2a: Pelipper
|turn|15
|inactive|Flippersjosh has 120 seconds left.
|
|switch|p2a: Toxtricity|Toxtricity, M|100/100
|-damage|p2a: Toxtricity|88/100|[from] Stealth Rock
|move|p1a: Shiftry|Sucker Punch||[still]
|-fail|p1a: Shiftry
|
|-weather|RainDance|[upkeep]
|upkeep
|turn|16
|inactive|Flippersjosh has 120 seconds left.
|
|move|p1a: Shiftry|Sucker Punch|p2a: Toxtricity
|-damage|p2a: Toxtricity|0 fnt
|-damage|p1a: Shiftry|30/100|[from] item: Life Orb
|faint|p2a: Toxtricity
|
|-weather|RainDance|[upkeep]
|upkeep
|
|switch|p2a: Drednaw|Drednaw, M|100/100
|-damage|p2a: Drednaw|88/100|[from] Stealth Rock
|turn|17
|
|move|p1a: Shiftry|Sucker Punch|p2a: Drednaw
|-damage|p2a: Drednaw|0 fnt
|-damage|p1a: Shiftry|20/100|[from] item: Life Orb
|faint|p2a: Drednaw
|
|-weather|RainDance|[upkeep]
|upkeep
|-message|Flippersjosh forfeited.
|
|win|hiiroG
|l|☆Flippersjosh
|raw|hiiroG's rating: 1350 → 1368(+18 for winning)
|raw|Flippersjosh's rating: 1320 → 1301(-19 for losing)
