|ScrapeTime|2020-01-01-16:25:44
|j|☆DarkJester95
|j|☆nom522
|player|p1|DarkJester95|hugh|1319
|player|p2|nom522|247|1346
|teamsize|p1|6
|teamsize|p2|6
|gametype|singles
|gen|8
|tier|[Gen 8] OU
|rated|
|rule|Sleep Clause Mod: Limit one foe put to sleep
|rule|Species Clause: Limit one of each Pokémon
|rule|OHKO Clause: OHKO moves are banned
|rule|Evasion Moves Clause: Evasion moves are banned
|rule|Endless Battle Clause: Forcing endless battles is banned
|rule|HP Percentage Mod: HP is shown in percentages
|clearpoke
|poke|p1|Dracovish|
|poke|p1|Pelipper, F|
|poke|p1|Barraskewda, F|
|poke|p1|Ferrothorn, F|
|poke|p1|Ditto|
|poke|p1|Dragapult, F|
|poke|p2|Ferrothorn, M|
|poke|p2|Corviknight, M|
|poke|p2|Cinderace, M|
|poke|p2|Tyranitar, F|
|poke|p2|Torkoal, F|
|poke|p2|Dragapult, M|
|rule|Dynamax Clause: You cannot dynamax
|teampreview
|inactive|Battle timer is ON: inactive players will automatically lose when time's up. (requested by nom522)
|inactive|DarkJester95 also wants the timer to be on.
|
|start
|switch|p1a: Dragapult|Dragapult, F|100/100
|switch|p2a: Torkoal|Torkoal, F|100/100
|-weather|SunnyDay|[from] ability: Drought|[of] p2a: Torkoal
|turn|1
|
|move|p1a: Dragapult|Hex|p2a: Torkoal
|-damage|p2a: Torkoal|64/100
|move|p2a: Torkoal|Stealth Rock|p1a: Dragapult
|-sidestart|p1: DarkJester95|move: Stealth Rock
|
|-weather|SunnyDay|[upkeep]
|upkeep
|turn|2
|
|switch|p2a: Tyranitar|Tyranitar, F|100/100
|-weather|Sandstorm|[from] ability: Sand Stream|[of] p2a: Tyranitar
|move|p1a: Dragapult|Thunder|p2a: Tyranitar
|-damage|p2a: Tyranitar|86/100
|
|-weather|Sandstorm|[upkeep]
|-damage|p1a: Dragapult|94/100|[from] Sandstorm
|upkeep
|turn|3
|
|switch|p1a: Pelipper|Pelipper, F|100/100
|-damage|p1a: Pelipper|76/100|[from] Stealth Rock
|-weather|RainDance|[from] ability: Drizzle|[of] p1a: Pelipper
|move|p2a: Tyranitar|Stone Edge|p1a: Pelipper|[miss]
|-miss|p2a: Tyranitar|p1a: Pelipper
|
|-weather|RainDance|[upkeep]
|upkeep
|turn|4
|
|switch|p1a: Dracovish|Dracovish|100/100
|-damage|p1a: Dracovish|88/100|[from] Stealth Rock
|move|p2a: Tyranitar|Stone Edge|p1a: Dracovish
|-damage|p1a: Dracovish|29/100
|
|-weather|RainDance|[upkeep]
|upkeep
|turn|5
|
|switch|p2a: Torkoal|Torkoal, F|64/100
|-weather|SunnyDay|[from] ability: Drought|[of] p2a: Torkoal
|move|p1a: Dracovish|Fishious Rend|p2a: Torkoal
|-supereffective|p2a: Torkoal
|-damage|p2a: Torkoal|0 fnt
|faint|p2a: Torkoal
|
|-weather|SunnyDay|[upkeep]
|upkeep
|
|switch|p2a: Ferrothorn|Ferrothorn, M|100/100
|turn|6
|
|switch|p1a: Pelipper|Pelipper, F|76/100
|-damage|p1a: Pelipper|51/100|[from] Stealth Rock
|-weather|RainDance|[from] ability: Drizzle|[of] p1a: Pelipper
|move|p2a: Ferrothorn|Knock Off|p1a: Pelipper
|-damage|p1a: Pelipper|34/100
|-enditem|p1a: Pelipper|Damp Rock|[from] move: Knock Off|[of] p2a: Ferrothorn
|
|-weather|RainDance|[upkeep]
|upkeep
|turn|7
|
|switch|p2a: Tyranitar|Tyranitar, F|86/100
|-weather|Sandstorm|[from] ability: Sand Stream|[of] p2a: Tyranitar
|move|p1a: Pelipper|U-turn|p2a: Tyranitar
|-supereffective|p2a: Tyranitar
|-damage|p2a: Tyranitar|70/100
|
|switch|p1a: Dracovish|Dracovish|29/100|[from]move: U-turn
|-damage|p1a: Dracovish|17/100|[from] Stealth Rock
|
|-weather|Sandstorm|[upkeep]
|-damage|p1a: Dracovish|10/100|[from] Sandstorm
|upkeep
|turn|8
|
|switch|p2a: Ferrothorn|Ferrothorn, M|100/100
|move|p1a: Dracovish|Fishious Rend|p2a: Ferrothorn
|-resisted|p2a: Ferrothorn
|-damage|p2a: Ferrothorn|54/100
|-damage|p1a: Dracovish|0 fnt|[from] ability: Iron Barbs|[of] p2a: Ferrothorn
|faint|p1a: Dracovish
|
|-weather|Sandstorm|[upkeep]
|upkeep
|
|switch|p1a: Pelipper|Pelipper, F|34/100
|-damage|p1a: Pelipper|9/100|[from] Stealth Rock
|-weather|RainDance|[from] ability: Drizzle|[of] p1a: Pelipper
|turn|9
|
|move|p1a: Pelipper|Roost|p1a: Pelipper
|-heal|p1a: Pelipper|60/100
|-singleturn|p1a: Pelipper|move: Roost
|move|p2a: Ferrothorn|Knock Off|p1a: Pelipper
|-damage|p1a: Pelipper|49/100
|
|-weather|RainDance|[upkeep]
|upkeep
|turn|10
|
|move|p1a: Pelipper|Roost|p1a: Pelipper
|-heal|p1a: Pelipper|99/100
|-singleturn|p1a: Pelipper|move: Roost
|move|p2a: Ferrothorn|Leech Seed|p1a: Pelipper
|-start|p1a: Pelipper|move: Leech Seed
|
|-weather|RainDance|[upkeep]
|-damage|p1a: Pelipper|87/100|[from] Leech Seed|[of] p2a: Ferrothorn
|-heal|p2a: Ferrothorn|65/100|[silent]
|upkeep
|turn|11
|
|move|p1a: Pelipper|U-turn|p2a: Ferrothorn
|-damage|p2a: Ferrothorn|60/100
|-damage|p1a: Pelipper|75/100|[from] ability: Iron Barbs|[of] p2a: Ferrothorn
|-damage|p1a: Pelipper|58/100|[from] item: Rocky Helmet|[of] p2a: Ferrothorn
|
|switch|p1a: Barraskewda|Barraskewda, F|100/100|[from]move: U-turn
|-damage|p1a: Barraskewda|88/100|[from] Stealth Rock
|move|p2a: Ferrothorn|Leech Seed|p1a: Barraskewda
|-start|p1a: Barraskewda|move: Leech Seed
|
|-weather|RainDance|[upkeep]
|-damage|p1a: Barraskewda|75/100|[from] Leech Seed|[of] p2a: Ferrothorn
|-heal|p2a: Ferrothorn|70/100|[silent]
|upkeep
|turn|12
|
|switch|p2a: Corviknight|Corviknight, M|100/100
|move|p1a: Barraskewda|Close Combat|p2a: Corviknight
|-damage|p2a: Corviknight|63/100
|-damage|p1a: Barraskewda|59/100|[from] item: Rocky Helmet|[of] p2a: Corviknight
|-unboost|p1a: Barraskewda|def|1
|-unboost|p1a: Barraskewda|spd|1
|
|-weather|RainDance|[upkeep]
|-damage|p1a: Barraskewda|46/100|[from] Leech Seed|[of] p2a: Corviknight
|-heal|p2a: Corviknight|71/100|[silent]
|upkeep
|turn|13
|
|switch|p1a: Ferrothorn|Ferrothorn, F|100/100
|-damage|p1a: Ferrothorn|94/100|[from] Stealth Rock
|switch|p2a: Tyranitar|Tyranitar, F|70/100
|-weather|Sandstorm|[from] ability: Sand Stream|[of] p2a: Tyranitar
|
|-weather|Sandstorm|[upkeep]
|upkeep
|turn|14
|
|switch|p2a: Ferrothorn|Ferrothorn, M|70/100
|move|p1a: Ferrothorn|Thunder Wave|p2a: Ferrothorn
|-status|p2a: Ferrothorn|par
|
|-weather|Sandstorm|[upkeep]
|upkeep
|turn|15
|
|move|p1a: Ferrothorn|Stealth Rock|p2a: Ferrothorn
|-sidestart|p2: nom522|move: Stealth Rock
|move|p2a: Ferrothorn|Knock Off|p1a: Ferrothorn
|-damage|p1a: Ferrothorn|77/100
|-damage|p2a: Ferrothorn|57/100 par|[from] ability: Iron Barbs|[of] p1a: Ferrothorn
|-enditem|p1a: Ferrothorn|Occa Berry|[from] move: Knock Off|[of] p2a: Ferrothorn
|
|-weather|Sandstorm|[upkeep]
|upkeep
|turn|16
|
|switch|p1a: Pelipper|Pelipper, F|58/100
|-damage|p1a: Pelipper|34/100|[from] Stealth Rock
|-weather|RainDance|[from] ability: Drizzle|[of] p1a: Pelipper
|switch|p2a: Corviknight|Corviknight, M|71/100
|-damage|p2a: Corviknight|59/100|[from] Stealth Rock
|
|-weather|RainDance|[upkeep]
|upkeep
|turn|17
|
|move|p2a: Corviknight|Defog|p1a: Pelipper
|-unboost|p1a: Pelipper|evasion|1
|-sideend|p1: DarkJester95|Stealth Rock|[from] move: Defog|[of] p2a: Corviknight
|-sideend|p2: nom522|Stealth Rock|[from] move: Defog|[of] p2a: Corviknight
|move|p1a: Pelipper|Roost|p1a: Pelipper
|-heal|p1a: Pelipper|84/100
|-singleturn|p1a: Pelipper|move: Roost
|
|-weather|RainDance|[upkeep]
|upkeep
|turn|18
|
|move|p2a: Corviknight|Bulk Up|p2a: Corviknight
|-boost|p2a: Corviknight|atk|1
|-boost|p2a: Corviknight|def|1
|move|p1a: Pelipper|U-turn|p2a: Corviknight
|-resisted|p2a: Corviknight
|-damage|p2a: Corviknight|58/100
|-damage|p1a: Pelipper|67/100|[from] item: Rocky Helmet|[of] p2a: Corviknight
|
|switch|p1a: Dragapult|Dragapult, F|94/100|[from]move: U-turn
|
|-weather|RainDance|[upkeep]
|upkeep
|turn|19
|
|switch|p2a: Tyranitar|Tyranitar, F|70/100
|-weather|Sandstorm|[from] ability: Sand Stream|[of] p2a: Tyranitar
|move|p1a: Dragapult|Thunder|p2a: Tyranitar
|-damage|p2a: Tyranitar|57/100
|-status|p2a: Tyranitar|par
|
|-weather|Sandstorm|[upkeep]
|-damage|p1a: Dragapult|88/100|[from] Sandstorm
|upkeep
|turn|20
|
|switch|p2a: Cinderace|Cinderace, M|100/100
|move|p1a: Dragapult|U-turn|p2a: Cinderace
|-resisted|p2a: Cinderace
|-damage|p2a: Cinderace|89/100
|
|switch|p1a: Pelipper|Pelipper, F|67/100|[from]move: U-turn
|-weather|RainDance|[from] ability: Drizzle|[of] p1a: Pelipper
|
|-weather|RainDance|[upkeep]
|upkeep
|turn|21
|
|move|p2a: Cinderace|U-turn|p1a: Pelipper
|-resisted|p1a: Pelipper
|-damage|p1a: Pelipper|56/100
|
|switch|p2a: Dragapult|Dragapult, M|100/100|[from]move: U-turn
|move|p1a: Pelipper|Roost|p1a: Pelipper
|-heal|p1a: Pelipper|100/100
|-singleturn|p1a: Pelipper|move: Roost
|
|-weather|RainDance|[upkeep]
|upkeep
|turn|22
|
|move|p2a: Dragapult|U-turn|p1a: Pelipper
|-resisted|p1a: Pelipper
|-damage|p1a: Pelipper|94/100
|
|switch|p2a: Tyranitar|Tyranitar, F|57/100 par|[from]move: U-turn
|-weather|Sandstorm|[from] ability: Sand Stream|[of] p2a: Tyranitar
|move|p1a: Pelipper|U-turn|p2a: Tyranitar
|-supereffective|p2a: Tyranitar
|-damage|p2a: Tyranitar|40/100 par
|
|switch|p1a: Barraskewda|Barraskewda, F|46/100|[from]move: U-turn
|
|-weather|Sandstorm|[upkeep]
|-damage|p1a: Barraskewda|40/100|[from] Sandstorm
|upkeep
|turn|23
|
|switch|p2a: Dragapult|Dragapult, M|100/100
|move|p1a: Barraskewda|Crunch|p2a: Dragapult
|-supereffective|p2a: Dragapult
|-damage|p2a: Dragapult|0 fnt
|faint|p2a: Dragapult
|
|-weather|Sandstorm|[upkeep]
|-damage|p1a: Barraskewda|34/100|[from] Sandstorm
|upkeep
|
|switch|p2a: Ferrothorn|Ferrothorn, M|57/100 par
|turn|24
|
|switch|p1a: Pelipper|Pelipper, F|94/100
|-weather|RainDance|[from] ability: Drizzle|[of] p1a: Pelipper
|cant|p2a: Ferrothorn|par
|
|-weather|RainDance|[upkeep]
|upkeep
|turn|25
|
|move|p1a: Pelipper|Scald|p2a: Ferrothorn
|-resisted|p2a: Ferrothorn
|-damage|p2a: Ferrothorn|39/100 par
|move|p2a: Ferrothorn|Power Whip|p1a: Pelipper
|-damage|p1a: Pelipper|66/100
|
|-weather|RainDance|[upkeep]
|upkeep
|turn|26
|
|move|p1a: Pelipper|Scald|p2a: Ferrothorn
|-resisted|p2a: Ferrothorn
|-damage|p2a: Ferrothorn|23/100 par
|move|p2a: Ferrothorn|Leech Seed|p1a: Pelipper
|-start|p1a: Pelipper|move: Leech Seed
|
|-weather|RainDance|[upkeep]
|-damage|p1a: Pelipper|54/100|[from] Leech Seed|[of] p2a: Ferrothorn
|-heal|p2a: Ferrothorn|34/100 par|[silent]
|upkeep
|turn|27
|
|switch|p1a: Ferrothorn|Ferrothorn, F|77/100
|switch|p2a: Corviknight|Corviknight, M|58/100
|
|-weather|RainDance|[upkeep]
|upkeep
|turn|28
|
|move|p2a: Corviknight|Roost|p2a: Corviknight
|-heal|p2a: Corviknight|100/100
|-singleturn|p2a: Corviknight|move: Roost
|move|p1a: Ferrothorn|Thunder Wave|p2a: Corviknight
|-status|p2a: Corviknight|par
|
|-weather|none
|upkeep
|turn|29
|
|move|p2a: Corviknight|Bulk Up|p2a: Corviknight
|-boost|p2a: Corviknight|atk|1
|-boost|p2a: Corviknight|def|1
|move|p1a: Ferrothorn|Iron Head|p2a: Corviknight
|-resisted|p2a: Corviknight
|-damage|p2a: Corviknight|95/100 par
|-damage|p1a: Ferrothorn|61/100|[from] item: Rocky Helmet|[of] p2a: Corviknight
|
|upkeep
|turn|30
|
|move|p2a: Corviknight|Bulk Up|p2a: Corviknight
|-boost|p2a: Corviknight|atk|1
|-boost|p2a: Corviknight|def|1
|move|p1a: Ferrothorn|Leech Seed|p2a: Corviknight
|-start|p2a: Corviknight|move: Leech Seed
|
|-damage|p2a: Corviknight|83/100 par|[from] Leech Seed|[of] p1a: Ferrothorn
|-heal|p1a: Ferrothorn|75/100|[silent]
|upkeep
|turn|31
|
|move|p2a: Corviknight|Bulk Up|p2a: Corviknight
|-boost|p2a: Corviknight|atk|1
|-boost|p2a: Corviknight|def|1
|move|p1a: Ferrothorn|Stealth Rock|p2a: Corviknight
|-sidestart|p2: nom522|move: Stealth Rock
|
|-damage|p2a: Corviknight|71/100 par|[from] Leech Seed|[of] p1a: Ferrothorn
|-heal|p1a: Ferrothorn|88/100|[silent]
|upkeep
|turn|32
|
|switch|p1a: Pelipper|Pelipper, F|54/100
|-weather|RainDance|[from] ability: Drizzle|[of] p1a: Pelipper
|cant|p2a: Corviknight|par
|
|-weather|RainDance|[upkeep]
|-damage|p2a: Corviknight|58/100 par|[from] Leech Seed|[of] p1a: Pelipper
|-heal|p1a: Pelipper|69/100|[silent]
|upkeep
|turn|33
|
|move|p1a: Pelipper|Roost|p1a: Pelipper
|-heal|p1a: Pelipper|100/100
|-singleturn|p1a: Pelipper|move: Roost
|move|p2a: Corviknight|Roost|p2a: Corviknight
|-heal|p2a: Corviknight|100/100 par
|-singleturn|p2a: Corviknight|move: Roost
|
|-weather|RainDance|[upkeep]
|-damage|p2a: Corviknight|88/100 par|[from] Leech Seed|[of] p1a: Pelipper
|upkeep
|turn|34
|
|move|p1a: Pelipper|Hurricane|p2a: Corviknight
|-resisted|p2a: Corviknight
|-damage|p2a: Corviknight|71/100 par
|-start|p2a: Corviknight|confusion
|-activate|p2a: Corviknight|confusion
|-damage|p2a: Corviknight|66/100 par|[from] confusion
|
|-weather|RainDance|[upkeep]
|-damage|p2a: Corviknight|53/100 par|[from] Leech Seed|[of] p1a: Pelipper
|upkeep
|turn|35
|
|move|p1a: Pelipper|U-turn|p2a: Corviknight
|-resisted|p2a: Corviknight
|-damage|p2a: Corviknight|53/100 par
|-damage|p1a: Pelipper|84/100|[from] item: Rocky Helmet|[of] p2a: Corviknight
|
|switch|p1a: Dragapult|Dragapult, F|88/100|[from]move: U-turn
|-activate|p2a: Corviknight|confusion
|move|p2a: Corviknight|Roost|p2a: Corviknight
|-heal|p2a: Corviknight|100/100 par
|-singleturn|p2a: Corviknight|move: Roost
|
|-weather|RainDance|[upkeep]
|-damage|p2a: Corviknight|88/100 par|[from] Leech Seed|[of] p1a: Dragapult
|-heal|p1a: Dragapult|100/100|[silent]
|upkeep
|turn|36
|
|move|p1a: Dragapult|Thunder|p2a: Corviknight
|-supereffective|p2a: Corviknight
|-damage|p2a: Corviknight|12/100 par
|-activate|p2a: Corviknight|confusion
|-damage|p2a: Corviknight|7/100 par|[from] confusion
|
|-weather|none
|-damage|p2a: Corviknight|0 fnt|[from] Leech Seed|[of] p1a: Dragapult
|faint|p2a: Corviknight
|upkeep
|
|switch|p2a: Tyranitar|Tyranitar, F|40/100 par
|-damage|p2a: Tyranitar|28/100 par|[from] Stealth Rock
|-weather|Sandstorm|[from] ability: Sand Stream|[of] p2a: Tyranitar
|turn|37
|
|move|p1a: Dragapult|U-turn|p2a: Tyranitar
|-supereffective|p2a: Tyranitar
|-damage|p2a: Tyranitar|0 fnt
|faint|p2a: Tyranitar
|
|switch|p1a: Pelipper|Pelipper, F|84/100|[from]move: U-turn
|-weather|RainDance|[from] ability: Drizzle|[of] p1a: Pelipper
|
|-weather|RainDance|[upkeep]
|upkeep
|
|switch|p2a: Ferrothorn|Ferrothorn, M|34/100 par
|-damage|p2a: Ferrothorn|28/100 par|[from] Stealth Rock
|turn|38
|
|move|p1a: Pelipper|Scald|p2a: Ferrothorn
|-resisted|p2a: Ferrothorn
|-damage|p2a: Ferrothorn|12/100 par
|cant|p2a: Ferrothorn|par
|
|-weather|RainDance|[upkeep]
|upkeep
|turn|39
|-message|nom522 forfeited.
|
|win|DarkJester95
|l|☆nom522
|raw|DarkJester95's rating: 1319 → 1341(+22 for winning)
|raw|nom522's rating: 1346 → 1325(-21 for losing)
