|ScrapeTime|2020-01-01-18:06:34
|j|☆onestlamagueul
|j|☆Patullor
|player|p1|onestlamagueul|102|1225
|player|p2|Patullor|swimmer-gen4|1182
|teamsize|p1|6
|teamsize|p2|6
|gametype|singles
|gen|8
|tier|[Gen 8] OU
|rated|
|rule|Sleep Clause Mod: Limit one foe put to sleep
|rule|Species Clause: Limit one of each Pokémon
|rule|OHKO Clause: OHKO moves are banned
|rule|Evasion Moves Clause: Evasion moves are banned
|rule|Endless Battle Clause: Forcing endless battles is banned
|rule|HP Percentage Mod: HP is shown in percentages
|clearpoke
|poke|p1|Pelipper, M|
|poke|p1|Barraskewda, F|
|poke|p1|Dracovish|
|poke|p1|Grimmsnarl, M|
|poke|p1|Corsola-Galar, M|
|poke|p1|Ditto|
|poke|p2|Crawdaunt, M|
|poke|p2|Durant, M|
|poke|p2|Clefable, F|
|poke|p2|Mandibuzz, F|
|poke|p2|Ditto|
|poke|p2|Shedinja|
|rule|Dynamax Clause: You cannot dynamax
|teampreview
|
|start
|switch|p1a: Corsola|Corsola-Galar, M|100/100
|switch|p2a: Bagot|Durant, M|100/100
|turn|1
|inactive|Battle timer is ON: inactive players will automatically lose when time's up. (requested by onestlamagueul)
|
|switch|p2a: Birdy|Mandibuzz, F|100/100
|move|p1a: Corsola|Will-O-Wisp|p2a: Birdy
|-status|p2a: Birdy|brn
|
|-damage|p2a: Birdy|94/100 brn|[from] brn
|upkeep
|turn|2
|
|switch|p1a: Pelipper|Pelipper, M|100/100
|-weather|RainDance|[from] ability: Drizzle|[of] p1a: Pelipper
|move|p2a: Birdy|Foul Play|p1a: Pelipper
|-damage|p1a: Pelipper|94/100
|
|-weather|RainDance|[upkeep]
|-heal|p2a: Birdy|100/100 brn|[from] item: Leftovers
|-damage|p2a: Birdy|94/100 brn|[from] brn
|upkeep
|turn|3
|
|move|p2a: Birdy|U-turn|p1a: Pelipper
|-resisted|p1a: Pelipper
|-damage|p1a: Pelipper|92/100
|
|switch|p2a: Pink Blob|Clefable, F|100/100|[from]move: U-turn
|move|p1a: Pelipper|U-turn|p2a: Pink Blob
|-resisted|p2a: Pink Blob
|-damage|p2a: Pink Blob|96/100
|
|switch|p1a: Grimmsnarl|Grimmsnarl, M|100/100|[from]move: U-turn
|
|-weather|RainDance|[upkeep]
|-heal|p2a: Pink Blob|100/100|[from] item: Leftovers
|upkeep
|turn|4
|l|☆Patullor
|inactive|Patullor disconnected and has a minute to reconnect!
|player|p2|
|j|☆Patullor
|inactive|Patullor reconnected and has 130 seconds left.
|player|p2|Patullor|swimmer-gen4
|inactive|Patullor has 120 seconds left.
|
|move|p1a: Grimmsnarl|Light Screen|p1a: Grimmsnarl
|-sidestart|p1: onestlamagueul|move: Light Screen
|move|p2a: Pink Blob|Stealth Rock|p1a: Grimmsnarl
|-sidestart|p1: onestlamagueul|move: Stealth Rock
|
|-weather|RainDance|[upkeep]
|upkeep
|turn|5
|
|move|p1a: Grimmsnarl|Reflect|p1a: Grimmsnarl
|-sidestart|p1: onestlamagueul|Reflect
|move|p2a: Pink Blob|Moonblast|p1a: Grimmsnarl
|-supereffective|p1a: Grimmsnarl
|-damage|p1a: Grimmsnarl|74/100
|
|-weather|RainDance|[upkeep]
|upkeep
|turn|6
|
|switch|p1a: Barraskewda|Barraskewda, F|100/100
|-damage|p1a: Barraskewda|88/100|[from] Stealth Rock
|move|p2a: Pink Blob|Moonblast|p1a: Barraskewda
|-damage|p1a: Barraskewda|54/100
|
|-weather|RainDance|[upkeep]
|upkeep
|turn|7
|
|move|p2a: Pink Blob|Protect|p2a: Pink Blob
|-singleturn|p2a: Pink Blob|Protect
|move|p1a: Barraskewda|Liquidation|p2a: Pink Blob
|-activate|p2a: Pink Blob|move: Protect
|
|-weather|RainDance|[upkeep]
|upkeep
|turn|8
|
|switch|p2a: Gourd|Shedinja|100/100
|move|p1a: Barraskewda|Liquidation|p2a: Gourd
|-immune|p2a: Gourd|[from] ability: Wonder Guard
|
|-weather|RainDance|[upkeep]
|upkeep
|turn|9
|inactive|onestlamagueul has 120 seconds left.
|inactive|onestlamagueul has 90 seconds left.
|
|move|p2a: Gourd|Protect|p2a: Gourd
|-singleturn|p2a: Gourd|Protect
|move|p1a: Barraskewda|Crunch|p2a: Gourd
|-activate|p2a: Gourd|move: Protect
|
|-weather|none
|upkeep
|turn|10
|
|switch|p2a: Bagot|Durant, M|100/100
|move|p1a: Barraskewda|Liquidation|p2a: Bagot
|-damage|p2a: Bagot|26/100
|-damage|p1a: Barraskewda|44/100|[from] item: Life Orb
|
|upkeep
|turn|11
|
|move|p2a: Bagot|First Impression|p1a: Barraskewda
|-damage|p1a: Barraskewda|0 fnt
|-damage|p2a: Bagot|16/100|[from] item: Life Orb
|faint|p1a: Barraskewda
|
|-sideend|p1: onestlamagueul|move: Light Screen
|upkeep
|
|switch|p1a: Corsola|Corsola-Galar, M|100/100
|-damage|p1a: Corsola|88/100|[from] Stealth Rock
|turn|12
|
|move|p2a: Bagot|Iron Head|p1a: Corsola
|-damage|p1a: Corsola|70/100
|-damage|p2a: Bagot|6/100|[from] item: Life Orb
|move|p1a: Corsola|Stealth Rock|p2a: Bagot
|-sidestart|p2: Patullor|move: Stealth Rock
|
|-sideend|p1: onestlamagueul|Reflect
|upkeep
|turn|13
|
|move|p2a: Bagot|Iron Head|p1a: Corsola
|-damage|p1a: Corsola|36/100
|-start|p2a: Bagot|Disable|Iron Head|[from] ability: Cursed Body|[of] p1a: Corsola
|-damage|p2a: Bagot|0 fnt|[from] item: Life Orb
|faint|p2a: Bagot
|move|p1a: Corsola|Strength Sap|p2: Bagot|[notarget]
|-fail|p1a: Corsola
|
|upkeep
|
|switch|p2a: Fyishe|Crawdaunt, M|100/100
|-damage|p2a: Fyishe|88/100|[from] Stealth Rock
|turn|14
|
|move|p2a: Fyishe|Knock Off|p1a: Corsola
|-supereffective|p1a: Corsola
|-crit|p1a: Corsola
|-damage|p1a: Corsola|0 fnt
|-enditem|p1a: Corsola|Eviolite|[from] move: Knock Off|[of] p2a: Fyishe
|faint|p1a: Corsola
|
|upkeep
|
|switch|p1a: Dracovish|Dracovish|100/100
|-damage|p1a: Dracovish|88/100|[from] Stealth Rock
|turn|15
|
|switch|p2a: Gourd|Shedinja|100/100
|move|p1a: Dracovish|Fishious Rend|p2a: Gourd
|-immune|p2a: Gourd|[from] ability: Wonder Guard
|
|upkeep
|turn|16
|inactive|onestlamagueul has 120 seconds left.
|
|switch|p1a: Pelipper|Pelipper, M|92/100
|-damage|p1a: Pelipper|67/100|[from] Stealth Rock
|-weather|RainDance|[from] ability: Drizzle|[of] p1a: Pelipper
|switch|p2a: Fyishe|Crawdaunt, M|88/100
|-damage|p2a: Fyishe|76/100|[from] Stealth Rock
|
|-weather|RainDance|[upkeep]
|upkeep
|turn|17
|inactive|onestlamagueul has 120 seconds left.
|
|move|p2a: Fyishe|Knock Off|p1a: Pelipper
|-damage|p1a: Pelipper|0 fnt
|-enditem|p1a: Pelipper|Damp Rock|[from] move: Knock Off|[of] p2a: Fyishe
|faint|p1a: Pelipper
|
|-weather|RainDance|[upkeep]
|upkeep
|inactive|onestlamagueul has 120 seconds left.
|
|switch|p1a: Dracovish|Dracovish|88/100
|-damage|p1a: Dracovish|76/100|[from] Stealth Rock
|turn|18
|
|move|p1a: Dracovish|Crunch|p2a: Fyishe
|-resisted|p2a: Fyishe
|-damage|p2a: Fyishe|37/100
|move|p2a: Fyishe|Knock Off|p1a: Dracovish
|-damage|p1a: Dracovish|0 fnt
|-enditem|p1a: Dracovish|Choice Band|[from] move: Knock Off|[of] p2a: Fyishe
|faint|p1a: Dracovish
|
|-weather|RainDance|[upkeep]
|upkeep
|-message|onestlamagueul forfeited.
|
|win|Patullor
|l|☆onestlamagueul
|raw|onestlamagueul's rating: 1196 → 1170(-26 for losing)
|raw|Patullor's rating: 1182 → 1208(+26 for winning)
