|ScrapeTime|2020-01-01-07:05:26
|j|☆lxz2323
|j|☆Jeff Bezos GayGay
|player|p1|lxz2323|290|1183
|player|p2|Jeff Bezos GayGay|2|1212
|teamsize|p1|6
|teamsize|p2|6
|gametype|singles
|gen|8
|tier|[Gen 8] OU
|rated|
|rule|Sleep Clause Mod: Limit one foe put to sleep
|rule|Species Clause: Limit one of each Pokémon
|rule|OHKO Clause: OHKO moves are banned
|rule|Evasion Moves Clause: Evasion moves are banned
|rule|Endless Battle Clause: Forcing endless battles is banned
|rule|HP Percentage Mod: HP is shown in percentages
|clearpoke
|poke|p1|Tyranitar, M|
|poke|p1|Excadrill, M|
|poke|p1|Sirfetch'd, M|
|poke|p1|Ferrothorn, M|
|poke|p1|Gyarados, M|
|poke|p1|Reuniclus, M|
|poke|p2|Diggersby, F|
|poke|p2|Jellicent, M|
|poke|p2|Dragapult, F|
|poke|p2|Hatterene, F|
|poke|p2|Rotom-Heat|
|poke|p2|Tyranitar, F|
|rule|Dynamax Clause: You cannot dynamax
|teampreview
|inactive|Battle timer is ON: inactive players will automatically lose when time's up. (requested by lxz2323)
|
|start
|switch|p1a: Excadrill|Excadrill, M|100/100
|switch|p2a: Diggersby|Diggersby, F|100/100
|turn|1
|
|switch|p1a: Gyarados|Gyarados, M|100/100
|-ability|p1a: Gyarados|Intimidate|boost
|-unboost|p2a: Diggersby|atk|1
|move|p2a: Diggersby|Earthquake|p1a: Gyarados
|-immune|p1a: Gyarados
|
|upkeep
|turn|2
|
|switch|p2a: Jellicent|Jellicent, M|100/100
|move|p1a: Gyarados|Dragon Dance|p1a: Gyarados
|-boost|p1a: Gyarados|atk|1
|-boost|p1a: Gyarados|spe|1
|
|upkeep
|turn|3
|
|move|p1a: Gyarados|Substitute|p1a: Gyarados
|-start|p1a: Gyarados|Substitute
|-damage|p1a: Gyarados|76/100
|move|p2a: Jellicent|Will-O-Wisp||[still]
|-fail|p2a: Jellicent
|
|-heal|p1a: Gyarados|82/100|[from] item: Leftovers
|upkeep
|turn|4
|
|move|p1a: Gyarados|Dragon Dance|p1a: Gyarados
|-boost|p1a: Gyarados|atk|1
|-boost|p1a: Gyarados|spe|1
|move|p2a: Jellicent|Taunt|p1a: Gyarados
|-start|p1a: Gyarados|move: Taunt
|
|-heal|p1a: Gyarados|88/100|[from] item: Leftovers
|upkeep
|turn|5
|
|move|p1a: Gyarados|Earthquake|p2a: Jellicent
|-damage|p2a: Jellicent|51/100
|move|p2a: Jellicent|Scald|p1a: Gyarados
|-resisted|p1a: Gyarados
|-activate|p1a: Gyarados|move: Substitute|[damage]
|
|-heal|p1a: Gyarados|94/100|[from] item: Leftovers
|-heal|p2a: Jellicent|58/100|[from] item: Leftovers
|upkeep
|turn|6
|
|move|p1a: Gyarados|Earthquake|p2a: Jellicent
|-damage|p2a: Jellicent|6/100
|move|p2a: Jellicent|Scald|p1a: Gyarados
|-resisted|p1a: Gyarados
|-activate|p1a: Gyarados|move: Substitute|[damage]
|
|-heal|p1a: Gyarados|100/100|[from] item: Leftovers
|-heal|p2a: Jellicent|12/100|[from] item: Leftovers
|upkeep
|turn|7
|
|switch|p2a: Rotom|Rotom-Heat|100/100
|move|p1a: Gyarados|Earthquake|p2a: Rotom
|-immune|p2a: Rotom|[from] ability: Levitate
|
|-end|p1a: Gyarados|move: Taunt
|upkeep
|turn|8
|
|switch|p2a: Jellicent|Jellicent, M|12/100
|move|p1a: Gyarados|Dragon Dance|p1a: Gyarados
|-boost|p1a: Gyarados|atk|1
|-boost|p1a: Gyarados|spe|1
|
|-heal|p2a: Jellicent|18/100|[from] item: Leftovers
|upkeep
|turn|9
|
|move|p1a: Gyarados|Earthquake|p2a: Jellicent
|-damage|p2a: Jellicent|0 fnt
|faint|p2a: Jellicent
|
|upkeep
|
|switch|p2a: Diggersby|Diggersby, F|100/100
|turn|10
|
|move|p2a: Diggersby|Quick Attack|p1a: Gyarados
|-end|p1a: Gyarados|Substitute
|move|p1a: Gyarados|Waterfall|p2a: Diggersby
|-supereffective|p2a: Diggersby
|-damage|p2a: Diggersby|0 fnt
|faint|p2a: Diggersby
|
|upkeep
|
|switch|p2a: Dragapult|Dragapult, F|100/100
|turn|11
|
|move|p1a: Gyarados|Earthquake|p2a: Dragapult
|-damage|p2a: Dragapult|0 fnt
|faint|p2a: Dragapult
|
|upkeep
|
|switch|p2a: Rotom|Rotom-Heat|100/100
|turn|12
|
|move|p1a: Gyarados|Waterfall|p2a: Rotom
|-supereffective|p2a: Rotom
|-damage|p2a: Rotom|0 fnt
|faint|p2a: Rotom
|
|upkeep
|-message|Jeff Bezos GayGay forfeited.
|
|win|lxz2323
|l|☆Jeff Bezos GayGay
|raw|lxz2323's rating: 1184 → 1211(+27 for winning)
|raw|Jeff Bezos GayGay's rating: 1213 → 1186(-27 for losing)
