|ScrapeTime|2020-01-02-05:55:28
|j|☆reiko123
|j|☆GiaDesimo
|player|p1|reiko123|41|1804
|player|p2|GiaDesimo|2|1800
|teamsize|p1|6
|teamsize|p2|6
|gametype|singles
|gen|8
|tier|[Gen 8] OU
|rated|
|rule|Sleep Clause Mod: Limit one foe put to sleep
|rule|Species Clause: Limit one of each Pokémon
|rule|OHKO Clause: OHKO moves are banned
|rule|Evasion Moves Clause: Evasion moves are banned
|rule|Endless Battle Clause: Forcing endless battles is banned
|rule|HP Percentage Mod: HP is shown in percentages
|clearpoke
|poke|p1|Cinderace, M|
|poke|p1|Seismitoad, F|
|poke|p1|Corviknight, M|
|poke|p1|Hydreigon, M|
|poke|p1|Hatterene, F|
|poke|p1|Conkeldurr, M|
|poke|p2|Kommo-o, M|
|poke|p2|Ferrothorn, M|
|poke|p2|Excadrill, M|
|poke|p2|Corviknight, F|
|poke|p2|Clefable, F|
|poke|p2|Gengar, M|
|rule|Dynamax Clause: You cannot dynamax
|teampreview
|
|start
|switch|p1a: Cinderace|Cinderace, M|100/100
|switch|p2a: Clefable|Clefable, F|100/100
|turn|1
|
|move|p2a: Clefable|Protect|p2a: Clefable
|-singleturn|p2a: Clefable|Protect
|move|p1a: Cinderace|Pyro Ball|p2a: Clefable
|-activate|p2a: Clefable|move: Protect
|
|upkeep
|turn|2
|
|switch|p2a: Kommo-o|Kommo-o, M|100/100
|move|p1a: Cinderace|Pyro Ball|p2a: Kommo-o
|-immune|p2a: Kommo-o|[from] ability: Bulletproof
|
|upkeep
|turn|3
|
|switch|p1a: Hatterene|Hatterene, F|100/100
|move|p2a: Kommo-o|Protect||[still]
|-fail|p2a: Kommo-o
|
|upkeep
|turn|4
|
|switch|p2a: Excadrill|Excadrill, M|100/100
|-ability|p2a: Excadrill|Mold Breaker
|move|p1a: Hatterene|Dazzling Gleam|p2a: Excadrill
|-resisted|p2a: Excadrill
|-damage|p2a: Excadrill|71/100
|
|-heal|p2a: Excadrill|77/100|[from] item: Leftovers
|upkeep
|turn|5
|
|switch|p1a: Corviknight|Corviknight, M|100/100
|-ability|p1a: Corviknight|Pressure
|move|p2a: Excadrill|Earthquake|p1a: Corviknight
|-immune|p1a: Corviknight
|
|-heal|p2a: Excadrill|83/100|[from] item: Leftovers
|upkeep
|turn|6
|
|switch|p2a: Ferrothorn|Ferrothorn, M|100/100
|move|p1a: Corviknight|U-turn|p2a: Ferrothorn
|-damage|p2a: Ferrothorn|88/100
|-damage|p1a: Corviknight|88/100|[from] ability: Iron Barbs|[of] p2a: Ferrothorn
|j| m8puppet
|
|switch|p1a: Conkeldurr|Conkeldurr, M|100/100|[from]move: U-turn
|
|-heal|p2a: Ferrothorn|94/100|[from] item: Leftovers
|upkeep
|turn|7
|
|switch|p2a: Clefable|Clefable, F|100/100
|move|p1a: Conkeldurr|Thunder Punch|p2a: Clefable
|-damage|p2a: Clefable|39/100
|
|-heal|p2a: Clefable|45/100|[from] item: Leftovers
|upkeep
|turn|8
|
|move|p2a: Clefable|Protect|p2a: Clefable
|-singleturn|p2a: Clefable|Protect
|move|p1a: Conkeldurr|Thunder Punch|p2a: Clefable
|-activate|p2a: Clefable|move: Protect
|
|-heal|p2a: Clefable|51/100|[from] item: Leftovers
|upkeep
|turn|9
|j| moms are heavy
|
|switch|p2a: Ferrothorn|Ferrothorn, M|94/100
|move|p1a: Conkeldurr|Thunder Punch|p2a: Ferrothorn
|-resisted|p2a: Ferrothorn
|-damage|p2a: Ferrothorn|78/100
|-damage|p1a: Conkeldurr|88/100|[from] ability: Iron Barbs|[of] p2a: Ferrothorn
|
|-heal|p2a: Ferrothorn|84/100|[from] item: Leftovers
|upkeep
|turn|10
|
|move|p1a: Conkeldurr|Close Combat|p2a: Ferrothorn
|-supereffective|p2a: Ferrothorn
|-damage|p2a: Ferrothorn|0 fnt
|-damage|p1a: Conkeldurr|76/100|[from] ability: Iron Barbs|[of] p2a: Ferrothorn
|-unboost|p1a: Conkeldurr|def|1
|-unboost|p1a: Conkeldurr|spd|1
|-damage|p1a: Conkeldurr|66/100|[from] item: Life Orb
|faint|p2a: Ferrothorn
|
|upkeep
|
|switch|p2a: Gengar|Gengar, M|100/100
|turn|11
|j| TheDirtyRed
|
|move|p2a: Gengar|Focus Blast|p1a: Conkeldurr
|-damage|p1a: Conkeldurr|0 fnt
|faint|p1a: Conkeldurr
|
|upkeep
|j| sink sonker
|
|switch|p1a: Cinderace|Cinderace, M|100/100
|turn|12
|
|switch|p2a: Kommo-o|Kommo-o, M|100/100
|move|p1a: Cinderace|U-turn|p2a: Kommo-o
|-resisted|p2a: Kommo-o
|-damage|p2a: Kommo-o|89/100
|
|switch|p1a: Hatterene|Hatterene, F|100/100|[from]move: U-turn
|
|-heal|p2a: Kommo-o|95/100|[from] item: Leftovers
|upkeep
|turn|13
|
|switch|p2a: Clefable|Clefable, F|51/100
|move|p1a: Hatterene|Mystical Fire|p2a: Clefable
|-damage|p2a: Clefable|30/100
|-unboost|p2a: Clefable|spa|1
|
|-heal|p2a: Clefable|36/100|[from] item: Leftovers
|upkeep
|turn|14
|
|move|p2a: Clefable|Protect|p2a: Clefable
|-singleturn|p2a: Clefable|Protect
|move|p1a: Hatterene|Psychic|p2a: Clefable
|-activate|p2a: Clefable|move: Protect
|
|-heal|p2a: Clefable|42/100|[from] item: Leftovers
|upkeep
|turn|15
|
|move|p2a: Clefable|Wish|p2a: Clefable
|move|p1a: Hatterene|Psychic|p2a: Clefable
|-damage|p2a: Clefable|6/100
|
|-heal|p2a: Clefable|12/100|[from] item: Leftovers
|upkeep
|turn|16
|
|switch|p1a: Cinderace|Cinderace, M|100/100
|move|p2a: Clefable|Protect||[still]
|-fail|p2a: Clefable
|
|-heal|p2a: Clefable|62/100|[from] move: Wish|[wisher] Clefable
|-heal|p2a: Clefable|69/100|[from] item: Leftovers
|upkeep
|turn|17
|
|move|p2a: Clefable|Protect|p2a: Clefable
|-singleturn|p2a: Clefable|Protect
|move|p1a: Cinderace|Pyro Ball|p2a: Clefable
|-activate|p2a: Clefable|move: Protect
|
|-heal|p2a: Clefable|75/100|[from] item: Leftovers
|upkeep
|turn|18
|
|switch|p2a: Kommo-o|Kommo-o, M|95/100
|move|p1a: Cinderace|Pyro Ball|p2a: Kommo-o
|-immune|p2a: Kommo-o|[from] ability: Bulletproof
|
|-heal|p2a: Kommo-o|100/100|[from] item: Leftovers
|upkeep
|turn|19
|
|switch|p1a: Hatterene|Hatterene, F|100/100
|move|p2a: Kommo-o|Body Press|p1a: Hatterene
|-resisted|p1a: Hatterene
|-damage|p1a: Hatterene|89/100
|
|-heal|p1a: Hatterene|95/100|[from] item: Leftovers
|upkeep
|turn|20
|
|switch|p2a: Clefable|Clefable, F|75/100
|move|p1a: Hatterene|Mystical Fire|p2a: Clefable
|-damage|p2a: Clefable|55/100
|-unboost|p2a: Clefable|spa|1
|
|-heal|p2a: Clefable|61/100|[from] item: Leftovers
|-heal|p1a: Hatterene|100/100|[from] item: Leftovers
|upkeep
|turn|21
|
|switch|p1a: Seismitoad|Seismitoad, F|100/100
|move|p2a: Clefable|Wish|p2a: Clefable
|
|-heal|p2a: Clefable|67/100|[from] item: Leftovers
|upkeep
|turn|22
|
|move|p1a: Seismitoad|Earthquake|p2a: Clefable
|-damage|p2a: Clefable|0 fnt
|faint|p2a: Clefable
|
|upkeep
|
|switch|p2a: Corviknight|Corviknight, F|100/100
|-ability|p2a: Corviknight|Pressure
|turn|23
|
|switch|p1a: Cinderace|Cinderace, M|100/100
|move|p2a: Corviknight|Brave Bird|p1a: Cinderace
|-damage|p1a: Cinderace|47/100
|-damage|p2a: Corviknight|87/100|[from] Recoil
|
|-heal|p2a: Corviknight|93/100|[from] item: Leftovers
|upkeep
|turn|24
|
|switch|p2a: Kommo-o|Kommo-o, M|100/100
|move|p1a: Cinderace|U-turn|p2a: Kommo-o
|-resisted|p2a: Kommo-o
|-damage|p2a: Kommo-o|89/100
|
|switch|p1a: Hatterene|Hatterene, F|100/100|[from]move: U-turn
|
|-heal|p2a: Kommo-o|95/100|[from] item: Leftovers
|upkeep
|turn|25
|
|switch|p2a: Corviknight|Corviknight, F|93/100
|-ability|p2a: Corviknight|Pressure
|move|p1a: Hatterene|Mystical Fire|p2a: Corviknight
|-supereffective|p2a: Corviknight
|-damage|p2a: Corviknight|53/100
|-unboost|p2a: Corviknight|spa|1
|
|-heal|p2a: Corviknight|59/100|[from] item: Leftovers
|upkeep
|turn|26
|
|switch|p1a: Hydreigon|Hydreigon, M|100/100
|move|p2a: Corviknight|Roost|p2a: Corviknight
|-heal|p2a: Corviknight|100/100
|-singleturn|p2a: Corviknight|move: Roost
|
|upkeep
|turn|27
|
|move|p1a: Hydreigon|Dark Pulse|p2a: Corviknight
|-damage|p2a: Corviknight|62/100
|move|p2a: Corviknight|U-turn|p1a: Hydreigon
|-supereffective|p1a: Hydreigon
|-damage|p1a: Hydreigon|68/100
|
|switch|p2a: Gengar|Gengar, M|100/100|[from]move: U-turn
|
|upkeep
|turn|28
|
|switch|p1a: Corviknight|Corviknight, M|88/100
|-ability|p1a: Corviknight|Pressure
|move|p2a: Gengar|Focus Blast|p1a: Corviknight
|-damage|p1a: Corviknight|44/100
|
|upkeep
|turn|29
|
|move|p2a: Gengar|Shadow Ball|p1a: Corviknight
|-damage|p1a: Corviknight|4/100
|move|p1a: Corviknight|Roost|p1a: Corviknight
|-heal|p1a: Corviknight|54/100
|-singleturn|p1a: Corviknight|move: Roost
|
|upkeep
|turn|30
|
|move|p2a: Gengar|Nasty Plot|p2a: Gengar
|-boost|p2a: Gengar|spa|2
|move|p1a: Corviknight|Roost|p1a: Corviknight
|-heal|p1a: Corviknight|100/100
|-singleturn|p1a: Corviknight|move: Roost
|
|upkeep
|turn|31
|
|move|p2a: Gengar|Shadow Ball|p1a: Corviknight
|-damage|p1a: Corviknight|18/100
|move|p1a: Corviknight|U-turn|p2a: Gengar
|-resisted|p2a: Gengar
|-damage|p2a: Gengar|91/100
|
|switch|p1a: Cinderace|Cinderace, M|47/100|[from]move: U-turn
|
|-heal|p2a: Gengar|97/100|[from] item: Black Sludge
|upkeep
|turn|32
|
|switch|p2a: Kommo-o|Kommo-o, M|95/100
|move|p1a: Cinderace|Pyro Ball|p2a: Kommo-o
|-immune|p2a: Kommo-o|[from] ability: Bulletproof
|
|-heal|p2a: Kommo-o|100/100|[from] item: Leftovers
|upkeep
|turn|33
|
|switch|p2a: Gengar|Gengar, M|97/100
|move|p1a: Cinderace|Pyro Ball|p2a: Gengar
|-damage|p2a: Gengar|0 fnt
|-start|p1a: Cinderace|Disable|Pyro Ball|[from] ability: Cursed Body|[of] p2a: Gengar
|faint|p2a: Gengar
|
|upkeep
|
|switch|p2a: Excadrill|Excadrill, M|83/100
|-ability|p2a: Excadrill|Mold Breaker
|turn|34
|
|switch|p1a: Corviknight|Corviknight, M|18/100
|-ability|p1a: Corviknight|Pressure
|move|p2a: Excadrill|Rapid Spin|p1a: Corviknight
|-resisted|p1a: Corviknight
|-damage|p1a: Corviknight|10/100
|-damage|p2a: Excadrill|66/100|[from] item: Rocky Helmet|[of] p1a: Corviknight
|-boost|p2a: Excadrill|spe|1
|
|-heal|p2a: Excadrill|73/100|[from] item: Leftovers
|upkeep
|turn|35
|
|move|p2a: Excadrill|Iron Head|p1a: Corviknight
|-resisted|p1a: Corviknight
|-damage|p1a: Corviknight|0 fnt
|-damage|p2a: Excadrill|56/100|[from] item: Rocky Helmet|[of] p1a: Corviknight
|faint|p1a: Corviknight
|
|-heal|p2a: Excadrill|62/100|[from] item: Leftovers
|upkeep
|
|switch|p1a: Seismitoad|Seismitoad, F|100/100
|turn|36
|
|switch|p2a: Kommo-o|Kommo-o, M|100/100
|move|p1a: Seismitoad|Ice Punch|p2a: Kommo-o
|-supereffective|p2a: Kommo-o
|-damage|p2a: Kommo-o|56/100
|
|-heal|p2a: Kommo-o|62/100|[from] item: Leftovers
|upkeep
|turn|37
|
|switch|p1a: Hatterene|Hatterene, F|100/100
|switch|p2a: Corviknight|Corviknight, F|62/100
|-ability|p2a: Corviknight|Pressure
|
|-heal|p2a: Corviknight|68/100|[from] item: Leftovers
|upkeep
|turn|38
|
|switch|p1a: Seismitoad|Seismitoad, F|100/100
|move|p2a: Corviknight|Roost|p2a: Corviknight
|-heal|p2a: Corviknight|100/100
|-singleturn|p2a: Corviknight|move: Roost
|
|upkeep
|turn|39
|
|move|p1a: Seismitoad|Liquidation|p2a: Corviknight
|-damage|p2a: Corviknight|48/100
|move|p2a: Corviknight|Bulk Up|p2a: Corviknight
|-boost|p2a: Corviknight|atk|1
|-boost|p2a: Corviknight|def|1
|
|-heal|p2a: Corviknight|54/100|[from] item: Leftovers
|upkeep
|turn|40
|
|switch|p1a: Cinderace|Cinderace, M|47/100
|move|p2a: Corviknight|Roost|p2a: Corviknight
|-heal|p2a: Corviknight|100/100
|-singleturn|p2a: Corviknight|move: Roost
|
|upkeep
|turn|41
|
|switch|p2a: Kommo-o|Kommo-o, M|62/100
|move|p1a: Cinderace|Pyro Ball|p2a: Kommo-o
|-immune|p2a: Kommo-o|[from] ability: Bulletproof
|
|-heal|p2a: Kommo-o|68/100|[from] item: Leftovers
|upkeep
|turn|42
|
|switch|p1a: Hatterene|Hatterene, F|100/100
|move|p2a: Kommo-o|Body Press|p1a: Hatterene
|-resisted|p1a: Hatterene
|-damage|p1a: Hatterene|87/100
|
|-heal|p2a: Kommo-o|75/100|[from] item: Leftovers
|-heal|p1a: Hatterene|93/100|[from] item: Leftovers
|upkeep
|turn|43
|j| JKongh
|
|move|p2a: Kommo-o|Protect|p2a: Kommo-o
|-singleturn|p2a: Kommo-o|Protect
|move|p1a: Hatterene|Mystical Fire|p2a: Kommo-o
|-activate|p2a: Kommo-o|move: Protect
|
|-heal|p2a: Kommo-o|81/100|[from] item: Leftovers
|-heal|p1a: Hatterene|99/100|[from] item: Leftovers
|upkeep
|turn|44
|j| the412gang ㋛
|
|switch|p2a: Corviknight|Corviknight, F|100/100
|-ability|p2a: Corviknight|Pressure
|move|p1a: Hatterene|Mystical Fire|p2a: Corviknight
|-supereffective|p2a: Corviknight
|-damage|p2a: Corviknight|60/100
|-unboost|p2a: Corviknight|spa|1
|
|-heal|p2a: Corviknight|66/100|[from] item: Leftovers
|-heal|p1a: Hatterene|100/100|[from] item: Leftovers
|upkeep
|turn|45
|
|switch|p1a: Seismitoad|Seismitoad, F|100/100
|move|p2a: Corviknight|Roost|p2a: Corviknight
|-heal|p2a: Corviknight|100/100
|-singleturn|p2a: Corviknight|move: Roost
|
|upkeep
|turn|46
|
|move|p1a: Seismitoad|Liquidation|p2a: Corviknight
|-damage|p2a: Corviknight|56/100
|move|p2a: Corviknight|Bulk Up|p2a: Corviknight
|-boost|p2a: Corviknight|atk|1
|-boost|p2a: Corviknight|def|1
|
|-heal|p2a: Corviknight|62/100|[from] item: Leftovers
|upkeep
|turn|47
|
|move|p1a: Seismitoad|Liquidation|p2a: Corviknight
|-damage|p2a: Corviknight|30/100
|move|p2a: Corviknight|Roost|p2a: Corviknight
|-heal|p2a: Corviknight|80/100
|-singleturn|p2a: Corviknight|move: Roost
|
|-heal|p2a: Corviknight|86/100|[from] item: Leftovers
|upkeep
|turn|48
|
|move|p1a: Seismitoad|Liquidation|p2a: Corviknight
|-damage|p2a: Corviknight|56/100
|-unboost|p2a: Corviknight|def|1
|move|p2a: Corviknight|Brave Bird|p1a: Seismitoad
|-damage|p1a: Seismitoad|42/100
|-damage|p2a: Corviknight|36/100|[from] Recoil
|
|-heal|p2a: Corviknight|42/100|[from] item: Leftovers
|upkeep
|turn|49
|j| gyhfght
|
|switch|p2a: Kommo-o|Kommo-o, M|81/100
|move|p1a: Seismitoad|Liquidation|p2a: Kommo-o
|-resisted|p2a: Kommo-o
|-damage|p2a: Kommo-o|62/100
|
|-heal|p2a: Kommo-o|68/100|[from] item: Leftovers
|upkeep
|turn|50
|
|move|p1a: Seismitoad|Liquidation|p2a: Kommo-o
|-resisted|p2a: Kommo-o
|-damage|p2a: Kommo-o|50/100
|move|p2a: Kommo-o|Body Press|p1a: Seismitoad
|-damage|p1a: Seismitoad|0 fnt
|faint|p1a: Seismitoad
|
|-heal|p2a: Kommo-o|56/100|[from] item: Leftovers
|upkeep
|
|switch|p1a: Hydreigon|Hydreigon, M|68/100
|turn|51
|l| the412gang ㋛
|
|move|p1a: Hydreigon|Draco Meteor|p2a: Kommo-o
|-supereffective|p2a: Kommo-o
|-damage|p2a: Kommo-o|0 fnt
|-unboost|p1a: Hydreigon|spa|2
|faint|p2a: Kommo-o
|
|upkeep
|
|switch|p2a: Corviknight|Corviknight, F|42/100
|-ability|p2a: Corviknight|Pressure
|turn|52
|
|switch|p1a: Cinderace|Cinderace, M|47/100
|move|p2a: Corviknight|Roost|p2a: Corviknight
|-heal|p2a: Corviknight|92/100
|-singleturn|p2a: Corviknight|move: Roost
|
|-heal|p2a: Corviknight|98/100|[from] item: Leftovers
|upkeep
|turn|53
|
|switch|p2a: Excadrill|Excadrill, M|62/100
|-ability|p2a: Excadrill|Mold Breaker
|move|p1a: Cinderace|Pyro Ball|p2a: Excadrill
|-supereffective|p2a: Excadrill
|-damage|p2a: Excadrill|0 fnt
|faint|p2a: Excadrill
|
|upkeep
|
|switch|p2a: Corviknight|Corviknight, F|98/100
|-ability|p2a: Corviknight|Pressure
|turn|54
|
|switch|p1a: Hydreigon|Hydreigon, M|68/100
|move|p2a: Corviknight|Bulk Up|p2a: Corviknight
|-boost|p2a: Corviknight|atk|1
|-boost|p2a: Corviknight|def|1
|
|-heal|p2a: Corviknight|100/100|[from] item: Leftovers
|upkeep
|turn|55
|
|move|p1a: Hydreigon|Dark Pulse|p2a: Corviknight
|-damage|p2a: Corviknight|57/100
|move|p2a: Corviknight|U-turn|p1a: Hydreigon
|-supereffective|p1a: Hydreigon
|-damage|p1a: Hydreigon|23/100
|
|-heal|p2a: Corviknight|63/100|[from] item: Leftovers
|upkeep
|turn|56
|
|move|p1a: Hydreigon|Dark Pulse|p2a: Corviknight
|-damage|p2a: Corviknight|20/100
|move|p2a: Corviknight|U-turn|p1a: Hydreigon
|-supereffective|p1a: Hydreigon
|-damage|p1a: Hydreigon|0 fnt
|faint|p1a: Hydreigon
|
|-heal|p2a: Corviknight|26/100|[from] item: Leftovers
|upkeep
|j| PikAleex
|j| FM Blood
|
|switch|p1a: Hatterene|Hatterene, F|100/100
|turn|57
|
|move|p2a: Corviknight|Roost|p2a: Corviknight
|-heal|p2a: Corviknight|76/100
|-singleturn|p2a: Corviknight|move: Roost
|move|p1a: Hatterene|Trick Room|p1a: Hatterene
|-fieldstart|move: Trick Room|[of] p1a: Hatterene
|
|-heal|p2a: Corviknight|82/100|[from] item: Leftovers
|upkeep
|turn|58
|
|move|p1a: Hatterene|Psychic|p2a: Corviknight
|-resisted|p2a: Corviknight
|-damage|p2a: Corviknight|65/100
|move|p2a: Corviknight|Roost|p2a: Corviknight
|-heal|p2a: Corviknight|100/100
|-singleturn|p2a: Corviknight|move: Roost
|
|upkeep
|turn|59
|
|move|p1a: Hatterene|Psychic|p2a: Corviknight
|-resisted|p2a: Corviknight
|-damage|p2a: Corviknight|81/100
|move|p2a: Corviknight|Bulk Up|p2a: Corviknight
|-boost|p2a: Corviknight|atk|1
|-boost|p2a: Corviknight|def|1
|
|-heal|p2a: Corviknight|87/100|[from] item: Leftovers
|upkeep
|turn|60
|
|move|p1a: Hatterene|Psychic|p2a: Corviknight
|-resisted|p2a: Corviknight
|-damage|p2a: Corviknight|69/100
|move|p2a: Corviknight|Roost|p2a: Corviknight
|-heal|p2a: Corviknight|100/100
|-singleturn|p2a: Corviknight|move: Roost
|
|upkeep
|turn|61
|
|move|p1a: Hatterene|Mystical Fire|p2a: Corviknight
|-supereffective|p2a: Corviknight
|-damage|p2a: Corviknight|60/100
|-unboost|p2a: Corviknight|spa|1
|move|p2a: Corviknight|Brave Bird|p1a: Hatterene
|-crit|p1a: Hatterene
|-damage|p1a: Hatterene|0 fnt
|-damage|p2a: Corviknight|34/100|[from] Recoil
|faint|p1a: Hatterene
|
|-heal|p2a: Corviknight|40/100|[from] item: Leftovers
|-fieldend|move: Trick Room
|upkeep
|
|switch|p1a: Cinderace|Cinderace, M|47/100
|turn|62
|
|move|p1a: Cinderace|Sucker Punch||[still]
|-fail|p1a: Cinderace
|move|p2a: Corviknight|Roost|p2a: Corviknight
|-heal|p2a: Corviknight|90/100
|-singleturn|p2a: Corviknight|move: Roost
|
|-heal|p2a: Corviknight|96/100|[from] item: Leftovers
|upkeep
|turn|63
|-message|reiko123 forfeited.
|
|win|GiaDesimo
|l|☆reiko123
|raw|reiko123's rating: 1827 → 1805(-22 for losing)
|raw|GiaDesimo's rating: 1800 → 1821(+21 for winning)
