|ScrapeTime|2020-01-03-01:46:33
|j|☆Monaman1
|j|☆Rengarzero
|player|p1|Monaman1|110|1374
|player|p2|Rengarzero|hilbert|1424
|teamsize|p1|6
|teamsize|p2|6
|gametype|singles
|gen|8
|tier|[Gen 8] OU
|rated|
|rule|Sleep Clause Mod: Limit one foe put to sleep
|rule|Species Clause: Limit one of each Pokémon
|rule|OHKO Clause: OHKO moves are banned
|rule|Evasion Moves Clause: Evasion moves are banned
|rule|Endless Battle Clause: Forcing endless battles is banned
|rule|HP Percentage Mod: HP is shown in percentages
|clearpoke
|poke|p1|Hatterene, F|
|poke|p1|Seismitoad, F|
|poke|p1|Dragapult, M|
|poke|p1|Rotom-Wash|
|poke|p1|Corviknight, F|
|poke|p1|Tyranitar, F|
|poke|p2|Sirfetch'd, M|
|poke|p2|Dragapult, F|
|poke|p2|Snorlax, F|
|poke|p2|Seismitoad, M|
|poke|p2|Rotom-Heat|
|poke|p2|Corviknight, M|
|rule|Dynamax Clause: You cannot dynamax
|teampreview
|inactive|Battle timer is ON: inactive players will automatically lose when time's up. (requested by Monaman1)
|
|start
|switch|p1a: Rotom|Rotom-Wash|100/100
|switch|p2a: Corviknight|Corviknight, M|100/100
|-ability|p2a: Corviknight|Pressure
|turn|1
|
|switch|p2a: Seismitoad|Seismitoad, M|100/100
|move|p1a: Rotom|Trick|p2a: Seismitoad
|-activate|p1a: Rotom|move: Trick|[of] p2a: Seismitoad
|-item|p2a: Seismitoad|Choice Scarf|[from] move: Trick
|-item|p1a: Rotom|Leftovers|[from] move: Trick
|
|upkeep
|turn|2
|
|switch|p1a: Hatterene|Hatterene, F|100/100
|move|p2a: Seismitoad|Scald|p1a: Hatterene
|-damage|p1a: Hatterene|74/100
|
|-heal|p1a: Hatterene|80/100|[from] item: Leftovers
|upkeep
|turn|3
|
|switch|p2a: Corviknight|Corviknight, M|100/100
|-ability|p2a: Corviknight|Pressure
|move|p1a: Hatterene|Draining Kiss|p2a: Corviknight
|-resisted|p2a: Corviknight
|-damage|p2a: Corviknight|91/100
|-heal|p1a: Hatterene|89/100|[from] drain|[of] p2a: Corviknight
|
|-heal|p2a: Corviknight|97/100|[from] item: Leftovers
|-heal|p1a: Hatterene|95/100|[from] item: Leftovers
|upkeep
|turn|4
|
|move|p2a: Corviknight|Iron Head|p1a: Hatterene
|-supereffective|p1a: Hatterene
|-crit|p1a: Hatterene
|-damage|p1a: Hatterene|14/100
|cant|p1a: Hatterene|flinch
|
|-heal|p2a: Corviknight|100/100|[from] item: Leftovers
|-heal|p1a: Hatterene|20/100|[from] item: Leftovers
|upkeep
|turn|5
|
|switch|p1a: Corviknight|Corviknight, F|100/100
|move|p2a: Corviknight|U-turn|p1a: Corviknight
|-resisted|p1a: Corviknight
|-damage|p1a: Corviknight|98/100
|-damage|p2a: Corviknight|84/100|[from] item: Rocky Helmet|[of] p1a: Corviknight
|
|switch|p2a: Dragapult|Dragapult, F|100/100|[from]move: U-turn
|
|upkeep
|turn|6
|
|switch|p1a: Tyranitar|Tyranitar, F|100/100
|-weather|Sandstorm|[from] ability: Sand Stream|[of] p1a: Tyranitar
|move|p2a: Dragapult|Flamethrower|p1a: Tyranitar
|-resisted|p1a: Tyranitar
|-crit|p1a: Tyranitar
|-damage|p1a: Tyranitar|84/100
|
|-weather|Sandstorm|[upkeep]
|-damage|p2a: Dragapult|95/100|[from] Sandstorm
|upkeep
|turn|7
|
|switch|p2a: Sirfetch'd|Sirfetch'd, M|100/100
|move|p1a: Tyranitar|Stone Edge|p2a: Sirfetch'd
|-resisted|p2a: Sirfetch'd
|-damage|p2a: Sirfetch'd|43/100
|
|-weather|Sandstorm|[upkeep]
|-damage|p2a: Sirfetch'd|37/100|[from] Sandstorm
|upkeep
|turn|8
|
|switch|p1a: Corviknight|Corviknight, F|98/100
|move|p2a: Sirfetch'd|Close Combat|p1a: Corviknight
|-damage|p1a: Corviknight|33/100
|-damage|p2a: Sirfetch'd|20/100|[from] item: Rocky Helmet|[of] p1a: Corviknight
|-unboost|p2a: Sirfetch'd|def|1
|-unboost|p2a: Sirfetch'd|spd|1
|
|-weather|Sandstorm|[upkeep]
|-damage|p2a: Sirfetch'd|14/100|[from] Sandstorm
|upkeep
|turn|9
|
|switch|p2a: Rotom|Rotom-Heat|100/100
|move|p1a: Corviknight|Roost|p1a: Corviknight
|-heal|p1a: Corviknight|83/100
|-singleturn|p1a: Corviknight|move: Roost
|
|-weather|Sandstorm|[upkeep]
|-damage|p2a: Rotom|94/100|[from] Sandstorm
|upkeep
|turn|10
|
|switch|p1a: Seismitoad|Seismitoad, F|100/100
|move|p2a: Rotom|Trick|p1a: Seismitoad
|-activate|p2a: Rotom|move: Trick|[of] p1a: Seismitoad
|-item|p1a: Seismitoad|Choice Scarf|[from] move: Trick
|-item|p2a: Rotom|Leftovers|[from] move: Trick
|
|-weather|none
|-heal|p2a: Rotom|100/100|[from] item: Leftovers
|upkeep
|turn|11
|
|switch|p2a: Snorlax|Snorlax, F|100/100
|move|p1a: Seismitoad|Stealth Rock|p2a: Snorlax
|-sidestart|p2: Rengarzero|move: Stealth Rock
|
|upkeep
|turn|12
|
|switch|p1a: Rotom|Rotom-Wash|100/100
|move|p2a: Snorlax|Curse|p2a: Snorlax
|-unboost|p2a: Snorlax|spe|1
|-boost|p2a: Snorlax|atk|1
|-boost|p2a: Snorlax|def|1
|
|upkeep
|turn|13
|
|move|p1a: Rotom|Will-O-Wisp|p2a: Snorlax
|-status|p2a: Snorlax|brn
|move|p2a: Snorlax|Curse|p2a: Snorlax
|-unboost|p2a: Snorlax|spe|1
|-boost|p2a: Snorlax|atk|1
|-boost|p2a: Snorlax|def|1
|
|-damage|p2a: Snorlax|94/100 brn|[from] brn
|upkeep
|turn|14
|
|switch|p1a: Dragapult|Dragapult, M|100/100
|move|p2a: Snorlax|Curse|p2a: Snorlax
|-unboost|p2a: Snorlax|spe|1
|-boost|p2a: Snorlax|atk|1
|-boost|p2a: Snorlax|def|1
|
|-heal|p2a: Snorlax|100/100 brn|[from] item: Leftovers
|-damage|p2a: Snorlax|94/100 brn|[from] brn
|upkeep
|turn|15
|
|move|p1a: Dragapult|Draco Meteor|p2a: Snorlax
|-damage|p2a: Snorlax|46/100 brn
|-unboost|p1a: Dragapult|spa|2
|move|p2a: Snorlax|Darkest Lariat|p1a: Dragapult
|-supereffective|p1a: Dragapult
|-damage|p1a: Dragapult|23/100
|
|-heal|p2a: Snorlax|52/100 brn|[from] item: Leftovers
|-damage|p2a: Snorlax|46/100 brn|[from] brn
|upkeep
|turn|16
|
|switch|p1a: Tyranitar|Tyranitar, F|84/100
|-weather|Sandstorm|[from] ability: Sand Stream|[of] p1a: Tyranitar
|move|p2a: Snorlax|Rest|p2a: Snorlax
|-status|p2a: Snorlax|slp|[from] move: Rest
|-heal|p2a: Snorlax|100/100 slp|[silent]
|
|-weather|Sandstorm|[upkeep]
|-damage|p2a: Snorlax|94/100 slp|[from] Sandstorm
|-heal|p2a: Snorlax|100/100 slp|[from] item: Leftovers
|upkeep
|turn|17
|
|move|p1a: Tyranitar|Crunch|p2a: Snorlax
|-damage|p2a: Snorlax|80/100 slp
|-unboost|p2a: Snorlax|def|1
|cant|p2a: Snorlax|slp
|
|-weather|Sandstorm|[upkeep]
|-damage|p2a: Snorlax|74/100 slp|[from] Sandstorm
|-heal|p2a: Snorlax|80/100 slp|[from] item: Leftovers
|upkeep
|turn|18
|
|move|p1a: Tyranitar|Crunch|p2a: Snorlax
|-damage|p2a: Snorlax|54/100 slp
|cant|p2a: Snorlax|slp
|
|-weather|Sandstorm|[upkeep]
|-damage|p2a: Snorlax|48/100 slp|[from] Sandstorm
|-heal|p2a: Snorlax|54/100 slp|[from] item: Leftovers
|upkeep
|turn|19
|
|move|p1a: Tyranitar|Crunch|p2a: Snorlax
|-damage|p2a: Snorlax|31/100 slp
|-curestatus|p2a: Snorlax|slp|[msg]
|move|p2a: Snorlax|Curse|p2a: Snorlax
|-unboost|p2a: Snorlax|spe|1
|-boost|p2a: Snorlax|atk|1
|-boost|p2a: Snorlax|def|1
|
|-weather|Sandstorm|[upkeep]
|-damage|p2a: Snorlax|25/100|[from] Sandstorm
|-heal|p2a: Snorlax|31/100|[from] item: Leftovers
|upkeep
|turn|20
|
|move|p1a: Tyranitar|Crunch|p2a: Snorlax
|-damage|p2a: Snorlax|14/100
|-unboost|p2a: Snorlax|def|1
|move|p2a: Snorlax|Rest|p2a: Snorlax
|-status|p2a: Snorlax|slp|[from] move: Rest
|-heal|p2a: Snorlax|100/100 slp|[silent]
|
|-weather|none
|upkeep
|turn|21
|
|switch|p1a: Hatterene|Hatterene, F|20/100
|cant|p2a: Snorlax|slp
|
|-heal|p1a: Hatterene|26/100|[from] item: Leftovers
|upkeep
|turn|22
|
|move|p1a: Hatterene|Draining Kiss|p2a: Snorlax
|-damage|p2a: Snorlax|84/100 slp
|-heal|p1a: Hatterene|46/100|[from] drain|[of] p2a: Snorlax
|cant|p2a: Snorlax|slp
|
|-heal|p1a: Hatterene|52/100|[from] item: Leftovers
|-heal|p2a: Snorlax|90/100 slp|[from] item: Leftovers
|upkeep
|turn|23
|
|move|p1a: Hatterene|Draining Kiss|p2a: Snorlax
|-damage|p2a: Snorlax|73/100 slp
|-heal|p1a: Hatterene|73/100|[from] drain|[of] p2a: Snorlax
|-curestatus|p2a: Snorlax|slp|[msg]
|move|p2a: Snorlax|Body Slam|p1a: Hatterene
|-damage|p1a: Hatterene|0 fnt
|faint|p1a: Hatterene
|
|-heal|p2a: Snorlax|79/100|[from] item: Leftovers
|upkeep
|
|switch|p1a: Tyranitar|Tyranitar, F|84/100
|-weather|Sandstorm|[from] ability: Sand Stream|[of] p1a: Tyranitar
|turn|24
|
|move|p1a: Tyranitar|Crunch|p2a: Snorlax
|-damage|p2a: Snorlax|56/100
|move|p2a: Snorlax|Curse|p2a: Snorlax
|-unboost|p2a: Snorlax|spe|1
|-boost|p2a: Snorlax|atk|1
|-boost|p2a: Snorlax|def|1
|
|-weather|Sandstorm|[upkeep]
|-damage|p2a: Snorlax|50/100|[from] Sandstorm
|-heal|p2a: Snorlax|56/100|[from] item: Leftovers
|upkeep
|turn|25
|
|move|p1a: Tyranitar|Crunch|p2a: Snorlax
|-damage|p2a: Snorlax|37/100
|move|p2a: Snorlax|Curse|p2a: Snorlax
|-unboost|p2a: Snorlax|spe|1
|-boost|p2a: Snorlax|atk|1
|-boost|p2a: Snorlax|def|1
|
|-weather|Sandstorm|[upkeep]
|-damage|p2a: Snorlax|31/100|[from] Sandstorm
|-heal|p2a: Snorlax|37/100|[from] item: Leftovers
|upkeep
|turn|26
|
|move|p1a: Tyranitar|Crunch|p2a: Snorlax
|-damage|p2a: Snorlax|22/100
|move|p2a: Snorlax|Body Slam|p1a: Tyranitar
|-resisted|p1a: Tyranitar
|-damage|p1a: Tyranitar|34/100
|
|-weather|Sandstorm|[upkeep]
|-damage|p2a: Snorlax|16/100|[from] Sandstorm
|-heal|p2a: Snorlax|22/100|[from] item: Leftovers
|upkeep
|turn|27
|
|move|p1a: Tyranitar|Crunch|p2a: Snorlax
|-damage|p2a: Snorlax|6/100
|move|p2a: Snorlax|Rest|p2a: Snorlax
|-status|p2a: Snorlax|slp|[from] move: Rest
|-heal|p2a: Snorlax|100/100 slp|[silent]
|
|-weather|Sandstorm|[upkeep]
|-damage|p2a: Snorlax|94/100 slp|[from] Sandstorm
|-heal|p2a: Snorlax|100/100 slp|[from] item: Leftovers
|upkeep
|turn|28
|
|move|p1a: Tyranitar|Crunch|p2a: Snorlax
|-damage|p2a: Snorlax|84/100 slp
|-unboost|p2a: Snorlax|def|1
|cant|p2a: Snorlax|slp
|
|-weather|none
|-heal|p2a: Snorlax|90/100 slp|[from] item: Leftovers
|upkeep
|turn|29
|
|move|p1a: Tyranitar|Crunch|p2a: Snorlax
|-damage|p2a: Snorlax|72/100 slp
|cant|p2a: Snorlax|slp
|
|-heal|p2a: Snorlax|78/100 slp|[from] item: Leftovers
|upkeep
|turn|30
|
|move|p1a: Tyranitar|Crunch|p2a: Snorlax
|-damage|p2a: Snorlax|59/100 slp
|-curestatus|p2a: Snorlax|slp|[msg]
|move|p2a: Snorlax|Body Slam|p1a: Tyranitar
|-resisted|p1a: Tyranitar
|-damage|p1a: Tyranitar|0 fnt
|faint|p1a: Tyranitar
|
|-heal|p2a: Snorlax|65/100|[from] item: Leftovers
|upkeep
|
|switch|p1a: Rotom|Rotom-Wash|100/100
|turn|31
|
|move|p1a: Rotom|Will-O-Wisp|p2a: Snorlax
|-status|p2a: Snorlax|brn
|move|p2a: Snorlax|Darkest Lariat|p1a: Rotom
|-damage|p1a: Rotom|48/100
|
|-heal|p1a: Rotom|54/100|[from] item: Leftovers
|-heal|p2a: Snorlax|71/100 brn|[from] item: Leftovers
|-damage|p2a: Snorlax|65/100 brn|[from] brn
|upkeep
|turn|32
|
|move|p1a: Rotom|Volt Switch|p2a: Snorlax
|-damage|p2a: Snorlax|48/100 brn
|
|switch|p1a: Corviknight|Corviknight, F|83/100|[from]move: Volt Switch
|move|p2a: Snorlax|Darkest Lariat|p1a: Corviknight
|-damage|p1a: Corviknight|57/100
|-damage|p2a: Snorlax|32/100 brn|[from] item: Rocky Helmet|[of] p1a: Corviknight
|
|-heal|p2a: Snorlax|38/100 brn|[from] item: Leftovers
|-damage|p2a: Snorlax|32/100 brn|[from] brn
|upkeep
|turn|33
|
|move|p1a: Corviknight|Iron Head|p2a: Snorlax
|-damage|p2a: Snorlax|25/100 brn
|cant|p2a: Snorlax|flinch
|
|-heal|p2a: Snorlax|31/100 brn|[from] item: Leftovers
|-damage|p2a: Snorlax|25/100 brn|[from] brn
|upkeep
|turn|34
|
|move|p1a: Corviknight|Iron Head|p2a: Snorlax
|-damage|p2a: Snorlax|17/100 brn
|move|p2a: Snorlax|Rest|p2a: Snorlax
|-status|p2a: Snorlax|slp|[from] move: Rest
|-heal|p2a: Snorlax|100/100 slp|[silent]
|
|upkeep
|turn|35
|
|move|p1a: Corviknight|Roost|p1a: Corviknight
|-heal|p1a: Corviknight|100/100
|-singleturn|p1a: Corviknight|move: Roost
|cant|p2a: Snorlax|slp
|
|upkeep
|turn|36
|
|move|p1a: Corviknight|U-turn|p2a: Snorlax
|-damage|p2a: Snorlax|97/100 slp
|
|switch|p1a: Rotom|Rotom-Wash|54/100|[from]move: U-turn
|cant|p2a: Snorlax|slp
|
|-heal|p1a: Rotom|61/100|[from] item: Leftovers
|-heal|p2a: Snorlax|100/100 slp|[from] item: Leftovers
|upkeep
|turn|37
|
|move|p1a: Rotom|Volt Switch|p2a: Snorlax
|-damage|p2a: Snorlax|84/100 slp
|
|switch|p1a: Corviknight|Corviknight, F|100/100|[from]move: Volt Switch
|-curestatus|p2a: Snorlax|slp|[msg]
|move|p2a: Snorlax|Body Slam|p1a: Corviknight
|-resisted|p1a: Corviknight
|-damage|p1a: Corviknight|60/100
|-damage|p2a: Snorlax|68/100|[from] item: Rocky Helmet|[of] p1a: Corviknight
|
|-heal|p2a: Snorlax|74/100|[from] item: Leftovers
|upkeep
|turn|38
|
|move|p1a: Corviknight|Roost|p1a: Corviknight
|-heal|p1a: Corviknight|100/100
|-singleturn|p1a: Corviknight|move: Roost
|move|p2a: Snorlax|Darkest Lariat|p1a: Corviknight
|-damage|p1a: Corviknight|48/100
|-damage|p2a: Snorlax|57/100|[from] item: Rocky Helmet|[of] p1a: Corviknight
|
|-heal|p2a: Snorlax|63/100|[from] item: Leftovers
|upkeep
|turn|39
|
|move|p1a: Corviknight|Roost|p1a: Corviknight
|-heal|p1a: Corviknight|98/100
|-singleturn|p1a: Corviknight|move: Roost
|move|p2a: Snorlax|Body Slam|p1a: Corviknight
|-resisted|p1a: Corviknight
|-damage|p1a: Corviknight|59/100
|-damage|p2a: Snorlax|47/100|[from] item: Rocky Helmet|[of] p1a: Corviknight
|
|-heal|p2a: Snorlax|53/100|[from] item: Leftovers
|upkeep
|turn|40
|
|move|p1a: Corviknight|Roost|p1a: Corviknight
|-heal|p1a: Corviknight|100/100
|-singleturn|p1a: Corviknight|move: Roost
|move|p2a: Snorlax|Curse|p2a: Snorlax
|-boost|p2a: Snorlax|def|1
|
|-heal|p2a: Snorlax|59/100|[from] item: Leftovers
|upkeep
|turn|41
|
|move|p1a: Corviknight|Iron Head|p2a: Snorlax
|-damage|p2a: Snorlax|53/100
|move|p2a: Snorlax|Body Slam|p1a: Corviknight
|-resisted|p1a: Corviknight
|-damage|p1a: Corviknight|62/100
|-damage|p2a: Snorlax|36/100|[from] item: Rocky Helmet|[of] p1a: Corviknight
|
|-heal|p2a: Snorlax|42/100|[from] item: Leftovers
|upkeep
|turn|42
|
|switch|p1a: Dragapult|Dragapult, M|23/100
|move|p2a: Snorlax|Rest|p2a: Snorlax
|-status|p2a: Snorlax|slp|[from] move: Rest
|-heal|p2a: Snorlax|100/100 slp|[silent]
|
|upkeep
|turn|43
|
|move|p1a: Dragapult|Draco Meteor|p2a: Snorlax
|-damage|p2a: Snorlax|57/100 slp
|-unboost|p1a: Dragapult|spa|2
|cant|p2a: Snorlax|slp
|
|-heal|p2a: Snorlax|63/100 slp|[from] item: Leftovers
|upkeep
|turn|44
|
|move|p1a: Dragapult|Draco Meteor|p2a: Snorlax
|-damage|p2a: Snorlax|42/100 slp
|-unboost|p1a: Dragapult|spa|2
|cant|p2a: Snorlax|slp
|
|-heal|p2a: Snorlax|48/100 slp|[from] item: Leftovers
|upkeep
|turn|45
|
|switch|p1a: Corviknight|Corviknight, F|62/100
|-curestatus|p2a: Snorlax|slp|[msg]
|move|p2a: Snorlax|Body Slam|p1a: Corviknight
|-resisted|p1a: Corviknight
|-damage|p1a: Corviknight|25/100
|-damage|p2a: Snorlax|31/100|[from] item: Rocky Helmet|[of] p1a: Corviknight
|
|-heal|p2a: Snorlax|38/100|[from] item: Leftovers
|upkeep
|turn|46
|
|move|p1a: Corviknight|Iron Head|p2a: Snorlax
|-damage|p2a: Snorlax|31/100
|cant|p2a: Snorlax|flinch
|
|-heal|p2a: Snorlax|37/100|[from] item: Leftovers
|upkeep
|turn|47
|
|move|p1a: Corviknight|Iron Head|p2a: Snorlax
|-damage|p2a: Snorlax|32/100
|move|p2a: Snorlax|Rest|p2a: Snorlax
|-status|p2a: Snorlax|slp|[from] move: Rest
|-heal|p2a: Snorlax|100/100 slp|[silent]
|
|upkeep
|turn|48
|
|move|p1a: Corviknight|Roost|p1a: Corviknight
|-heal|p1a: Corviknight|75/100
|-singleturn|p1a: Corviknight|move: Roost
|cant|p2a: Snorlax|slp
|
|upkeep
|turn|49
|
|move|p1a: Corviknight|Roost|p1a: Corviknight
|-heal|p1a: Corviknight|100/100
|-singleturn|p1a: Corviknight|move: Roost
|cant|p2a: Snorlax|slp
|
|upkeep
|turn|50
|
|move|p1a: Corviknight|Iron Head|p2a: Snorlax
|-damage|p2a: Snorlax|94/100 slp
|-curestatus|p2a: Snorlax|slp|[msg]
|move|p2a: Snorlax|Body Slam|p1a: Corviknight
|-resisted|p1a: Corviknight
|-damage|p1a: Corviknight|63/100
|-damage|p2a: Snorlax|77/100|[from] item: Rocky Helmet|[of] p1a: Corviknight
|
|-heal|p2a: Snorlax|83/100|[from] item: Leftovers
|upkeep
|turn|51
|-message|Monaman1 forfeited.
|
|win|Rengarzero
|l|☆Monaman1
|raw|Monaman1's rating: 1374 → 1356(-18 for losing)
|raw|Rengarzero's rating: 1424 → 1441(+17 for winning)
