|ScrapeTime|2020-01-01-20:06:36
|j|☆Use Them All
|j|☆BrunoChaudPatate
|inactive|Battle timer is ON: inactive players will automatically lose when time's up.
|player|p1|Use Them All|fisherman-gen4|
|player|p2|BrunoChaudPatate|marlon|
|teamsize|p1|6
|teamsize|p2|6
|gametype|singles
|gen|8
|tier|[Gen 8] OU
|rated|Tournament battle
|rule|Sleep Clause Mod: Limit one foe put to sleep
|rule|Species Clause: Limit one of each Pokémon
|rule|OHKO Clause: OHKO moves are banned
|rule|Evasion Moves Clause: Evasion moves are banned
|rule|Endless Battle Clause: Forcing endless battles is banned
|rule|HP Percentage Mod: HP is shown in percentages
|clearpoke
|poke|p1|Togekiss, M|
|poke|p1|Dracovish|
|poke|p1|Dracozolt|
|poke|p1|Dragapult, M|
|poke|p1|Cinderace, M|
|poke|p1|Hatterene, F|
|poke|p2|Gengar, M|
|poke|p2|Dracovish|
|poke|p2|Clefable, F|
|poke|p2|Cinderace, F|
|poke|p2|Hatterene, F|
|poke|p2|Corviknight, M|
|rule|Dynamax Clause: You cannot dynamax
|teampreview
|j| Zecular
|j| AaronVGC20
|c|☆Use Them All|Tu vas voir à la fin du combat tu seras BrunoFroidPicard
|j| le gitan qui mange
|l| AaronVGC20
|inactive|Use Them All has 120 seconds left.
|
|start
|switch|p1a: bruno t'es pas bea|Dracozolt|100/100
|switch|p2a: Corviknight|Corviknight, M|100/100
|-ability|p2a: Corviknight|Pressure
|turn|1
|l| Zecular
|inactive|BrunoChaudPatate has 120 seconds left.
|
|switch|p2a: Clefable|Clefable, F|100/100
|move|p1a: bruno t'es pas bea|Bolt Beak|p2a: Clefable
|-damage|p2a: Clefable|17/100
|
|-heal|p2a: Clefable|23/100|[from] item: Leftovers
|upkeep
|turn|2
|
|move|p1a: bruno t'es pas bea|Bolt Beak|p2a: Clefable
|-damage|p2a: Clefable|0 fnt
|faint|p2a: Clefable
|
|upkeep
|inactive|BrunoChaudPatate has 120 seconds left.
|
|switch|p2a: Hatterene|Hatterene, F|100/100
|turn|3
|j| It's a bad kitty
|
|move|p1a: bruno t'es pas bea|Bolt Beak|p2a: Hatterene
|-damage|p2a: Hatterene|16/100
|move|p2a: Hatterene|Draining Kiss|p1a: bruno t'es pas bea
|-supereffective|p1a: bruno t'es pas bea
|-damage|p1a: bruno t'es pas bea|33/100
|-heal|p2a: Hatterene|67/100|[from] drain|[of] p1a: bruno t'es pas bea
|
|-heal|p2a: Hatterene|73/100|[from] item: Leftovers
|upkeep
|turn|4
|inactive|BrunoChaudPatate has 120 seconds left.
|
|move|p1a: bruno t'es pas bea|Bolt Beak|p2a: Hatterene
|-damage|p2a: Hatterene|0 fnt
|faint|p2a: Hatterene
|
|upkeep
|
|switch|p2a: Gengar|Gengar, M|100/100
|turn|5
|
|move|p1a: bruno t'es pas bea|Bolt Beak|p2a: Gengar
|-crit|p2a: Gengar
|-damage|p2a: Gengar|0 fnt
|faint|p2a: Gengar
|
|upkeep
|
|switch|p2a: Dracovish|Dracovish|100/100
|turn|6
|
|move|p1a: bruno t'es pas bea|Bolt Beak|p2a: Dracovish
|-damage|p2a: Dracovish|0 fnt
|faint|p2a: Dracovish
|
|upkeep
|
|switch|p2a: Cinderace|Cinderace, F|100/100
|turn|7
|
|move|p1a: bruno t'es pas bea|Bolt Beak|p2a: Cinderace
|-damage|p2a: Cinderace|0 fnt
|faint|p2a: Cinderace
|
|upkeep
|-message|BrunoChaudPatate forfeited.
|
|win|Use Them All
|l|☆BrunoChaudPatate
