|ScrapeTime|2020-01-02-15:56:29
|j|☆CableCharger
|j|☆Volodia
|player|p1|CableCharger|101|1063
|player|p2|Volodia|244|1077
|teamsize|p1|6
|teamsize|p2|6
|gametype|singles
|gen|8
|tier|[Gen 8] OU
|rated|
|rule|Sleep Clause Mod: Limit one foe put to sleep
|rule|Species Clause: Limit one of each Pokémon
|rule|OHKO Clause: OHKO moves are banned
|rule|Evasion Moves Clause: Evasion moves are banned
|rule|Endless Battle Clause: Forcing endless battles is banned
|rule|HP Percentage Mod: HP is shown in percentages
|clearpoke
|poke|p1|Dragapult, F|
|poke|p1|Corviknight, F|
|poke|p1|Seismitoad, M|
|poke|p1|Sylveon, F|
|poke|p1|Centiskorch, F|
|poke|p1|Drapion, F|
|poke|p2|Pelipper, F|
|poke|p2|Dracovish|
|poke|p2|Qwilfish, M|
|poke|p2|Barbaracle, F|
|poke|p2|Ludicolo, M|
|poke|p2|Goodra, M|
|rule|Dynamax Clause: You cannot dynamax
|teampreview
|inactive|Battle timer is ON: inactive players will automatically lose when time's up. (requested by CableCharger)
|
|start
|switch|p1a: Seismitoad|Seismitoad, M|100/100
|switch|p2a: Goodra|Goodra, M|100/100
|turn|1
|
|move|p2a: Goodra|Rain Dance|p2a: Goodra
|-weather|RainDance
|move|p1a: Seismitoad|Stealth Rock|p2a: Goodra
|-sidestart|p2: Volodia|move: Stealth Rock
|
|-weather|RainDance|[upkeep]
|upkeep
|turn|2
|
|switch|p2a: Qwilfish|Qwilfish, M|100/100
|-damage|p2a: Qwilfish|88/100|[from] Stealth Rock
|-ability|p2a: Qwilfish|Intimidate|boost
|-unboost|p1a: Seismitoad|atk|1
|move|p1a: Seismitoad|Toxic|p2a: Qwilfish
|-immune|p2a: Qwilfish
|
|-weather|RainDance|[upkeep]
|-heal|p2a: Qwilfish|94/100|[from] item: Black Sludge
|upkeep
|turn|3
|
|move|p2a: Qwilfish|Spikes|p1a: Seismitoad
|-sidestart|p1: CableCharger|Spikes
|move|p1a: Seismitoad|Earthquake|p2a: Qwilfish
|-supereffective|p2a: Qwilfish
|-damage|p2a: Qwilfish|58/100
|
|-weather|RainDance|[upkeep]
|-heal|p2a: Qwilfish|64/100|[from] item: Black Sludge
|upkeep
|turn|4
|
|move|p2a: Qwilfish|Spikes|p1a: Seismitoad
|-sidestart|p1: CableCharger|Spikes
|move|p1a: Seismitoad|Earthquake|p2a: Qwilfish
|-supereffective|p2a: Qwilfish
|-damage|p2a: Qwilfish|26/100
|
|-weather|RainDance|[upkeep]
|-heal|p2a: Qwilfish|32/100|[from] item: Black Sludge
|upkeep
|turn|5
|
|move|p2a: Qwilfish|Spikes|p1a: Seismitoad
|-sidestart|p1: CableCharger|Spikes
|move|p1a: Seismitoad|Earthquake|p2a: Qwilfish
|-supereffective|p2a: Qwilfish
|-damage|p2a: Qwilfish|0 fnt
|faint|p2a: Qwilfish
|
|-weather|RainDance|[upkeep]
|upkeep
|
|switch|p2a: Ludicolo|Ludicolo, M|100/100
|-damage|p2a: Ludicolo|88/100|[from] Stealth Rock
|turn|6
|
|move|p2a: Ludicolo|Giga Drain|p1a: Seismitoad
|-supereffective|p1a: Seismitoad
|-damage|p1a: Seismitoad|0 fnt
|-heal|p2a: Ludicolo|100/100|[from] drain|[of] p1a: Seismitoad
|-damage|p2a: Ludicolo|91/100|[from] item: Life Orb
|faint|p1a: Seismitoad
|
|-weather|RainDance|[upkeep]
|upkeep
|
|switch|p1a: Corviknight|Corviknight, F|100/100
|turn|7
|
|move|p2a: Ludicolo|Hydro Pump|p1a: Corviknight
|-damage|p1a: Corviknight|8/100
|-damage|p2a: Ludicolo|81/100|[from] item: Life Orb
|move|p1a: Corviknight|Defog|p2a: Ludicolo
|-unboost|p2a: Ludicolo|evasion|1
|-sideend|p2: Volodia|Stealth Rock|[from] move: Defog|[of] p1a: Corviknight
|-sideend|p1: CableCharger|Spikes|[from] move: Defog|[of] p1a: Corviknight
|
|-weather|RainDance|[upkeep]
|-heal|p1a: Corviknight|15/100|[from] item: Leftovers
|upkeep
|turn|8
|
|move|p2a: Ludicolo|Hydro Pump|p1a: Corviknight
|-damage|p1a: Corviknight|0 fnt
|-damage|p2a: Ludicolo|71/100|[from] item: Life Orb
|faint|p1a: Corviknight
|
|-weather|none
|upkeep
|
|switch|p1a: Drapion|Drapion, F|100/100
|turn|9
|
|switch|p2a: Pelipper|Pelipper, F|100/100
|-weather|RainDance|[from] ability: Drizzle|[of] p2a: Pelipper
|move|p1a: Drapion|Night Slash|p2a: Pelipper
|-damage|p2a: Pelipper|72/100
|-damage|p1a: Drapion|91/100|[from] item: Life Orb
|
|-weather|RainDance|[upkeep]
|upkeep
|turn|10
|
|move|p1a: Drapion|Cross Poison|p2a: Pelipper
|-damage|p2a: Pelipper|42/100
|-damage|p1a: Drapion|81/100|[from] item: Life Orb
|move|p2a: Pelipper|Tailwind|p2a: Pelipper
|-sidestart|p2: Volodia|move: Tailwind
|
|-weather|RainDance|[upkeep]
|upkeep
|turn|11
|
|move|p2a: Pelipper|U-turn|p1a: Drapion
|-damage|p1a: Drapion|70/100
|
|switch|p2a: Dracovish|Dracovish|100/100|[from]move: U-turn
|move|p1a: Drapion|Cross Poison|p2a: Dracovish
|-damage|p2a: Dracovish|64/100
|-status|p2a: Dracovish|psn
|-damage|p1a: Drapion|60/100|[from] item: Life Orb
|
|-weather|RainDance|[upkeep]
|-damage|p2a: Dracovish|52/100 psn|[from] psn
|upkeep
|turn|12
|
|move|p2a: Dracovish|Fishious Rend|p1a: Drapion
|-damage|p1a: Drapion|0 fnt
|faint|p1a: Drapion
|
|-weather|RainDance|[upkeep]
|-damage|p2a: Dracovish|39/100 psn|[from] psn
|upkeep
|c|☆Volodia|this is gonna hurt
|
|switch|p1a: Dragapult|Dragapult, F|100/100
|turn|13
|
|move|p1a: Dragapult|Thunderbolt|p2a: Dracovish
|-damage|p2a: Dracovish|5/100 psn
|move|p2a: Dracovish|Fishious Rend|p1a: Dragapult
|-resisted|p1a: Dragapult
|-damage|p1a: Dragapult|21/100
|
|-weather|RainDance|[upkeep]
|-damage|p2a: Dracovish|0 fnt|[from] psn
|faint|p2a: Dracovish
|-sideend|p2: Volodia|move: Tailwind
|upkeep
|
|switch|p2a: Goodra|Goodra, M|100/100
|turn|14
|
|switch|p1a: Sylveon|Sylveon, F|100/100
|move|p2a: Goodra|Thunder|p1a: Sylveon
|-damage|p1a: Sylveon|80/100
|-status|p1a: Sylveon|par
|
|-weather|RainDance|[upkeep]
|upkeep
|turn|15
|
|move|p2a: Goodra|Hydro Pump|p1a: Sylveon
|-damage|p1a: Sylveon|52/100 par
|move|p1a: Sylveon|Hyper Voice|p2a: Goodra
|-supereffective|p2a: Goodra
|-damage|p2a: Goodra|0 fnt
|faint|p2a: Goodra
|
|-weather|RainDance|[upkeep]
|upkeep
|
|switch|p2a: Ludicolo|Ludicolo, M|71/100
|turn|16
|
|move|p2a: Ludicolo|Leaf Storm|p1a: Sylveon
|-damage|p1a: Sylveon|3/100 par
|-unboost|p2a: Ludicolo|spa|2
|-damage|p2a: Ludicolo|61/100|[from] item: Life Orb
|move|p1a: Sylveon|Hyper Voice|p2a: Ludicolo
|-damage|p2a: Ludicolo|0 fnt
|faint|p2a: Ludicolo
|
|-weather|none
|upkeep
|
|switch|p2a: Pelipper|Pelipper, F|42/100
|-weather|RainDance|[from] ability: Drizzle|[of] p2a: Pelipper
|turn|17
|
|move|p2a: Pelipper|U-turn|p1a: Sylveon
|-resisted|p1a: Sylveon
|-damage|p1a: Sylveon|0 fnt
|faint|p1a: Sylveon
|
|switch|p2a: Barbaracle|Barbaracle, F|100/100|[from]move: U-turn
|
|-weather|RainDance|[upkeep]
|upkeep
|
|switch|p1a: Dragapult|Dragapult, F|21/100
|turn|18
|
|move|p1a: Dragapult|Thunderbolt|p2a: Barbaracle
|-supereffective|p2a: Barbaracle
|-damage|p2a: Barbaracle|26/100
|move|p2a: Barbaracle|Liquidation|p1a: Dragapult
|-resisted|p1a: Dragapult
|-damage|p1a: Dragapult|0 fnt
|faint|p1a: Dragapult
|
|-weather|RainDance|[upkeep]
|upkeep
|
|switch|p1a: Centiskorch|Centiskorch, F|100/100
|turn|19
|
|move|p2a: Barbaracle|Liquidation|p1a: Centiskorch
|-supereffective|p1a: Centiskorch
|-damage|p1a: Centiskorch|0 fnt
|faint|p1a: Centiskorch
|
|win|Volodia
|c|☆Volodia|i am GOD
|c|☆CableCharger|was gonna say gg
|raw|CableCharger's rating: 1063 → 1044(-19 for losing)
|raw|Volodia's rating: 1077 → 1104(+27 for winning)
