|ScrapeTime|2020-01-01-05:14:51
|j|☆garbage weeb
|j|☆AirBear
|player|p1|garbage weeb|253|1425
|player|p2|AirBear|1|1346
|teamsize|p1|6
|teamsize|p2|6
|gametype|singles
|gen|8
|tier|[Gen 8] OU
|rated|
|rule|Sleep Clause Mod: Limit one foe put to sleep
|rule|Species Clause: Limit one of each Pokémon
|rule|OHKO Clause: OHKO moves are banned
|rule|Evasion Moves Clause: Evasion moves are banned
|rule|Endless Battle Clause: Forcing endless battles is banned
|rule|HP Percentage Mod: HP is shown in percentages
|clearpoke
|poke|p1|Vanilluxe, F|
|poke|p1|Aegislash, M|
|poke|p1|Obstagoon, M|
|poke|p1|Corviknight, F|
|poke|p1|Dragapult, F|
|poke|p1|Seismitoad, F|
|poke|p2|Conkeldurr, M|
|poke|p2|Boltund, F|
|poke|p2|Clefable, M|
|poke|p2|Rotom-Wash|
|poke|p2|Ferrothorn, M|
|poke|p2|Togekiss, F|
|rule|Dynamax Clause: You cannot dynamax
|teampreview
|
|start
|switch|p1a: Aegislash|Aegislash, M|100/100
|switch|p2a: Ferrothorn|Ferrothorn, M|100/100
|turn|1
|
|-formechange|p1a: Aegislash|Aegislash-Blade||[from] ability: Stance Change
|move|p1a: Aegislash|Close Combat|p2a: Ferrothorn
|-supereffective|p2a: Ferrothorn
|-damage|p2a: Ferrothorn|28/100
|-damage|p1a: Aegislash|88/100|[from] ability: Iron Barbs|[of] p2a: Ferrothorn
|-damage|p1a: Aegislash|71/100|[from] item: Rocky Helmet|[of] p2a: Ferrothorn
|-unboost|p1a: Aegislash|def|1
|-unboost|p1a: Aegislash|spd|1
|move|p2a: Ferrothorn|Knock Off|p1a: Aegislash
|-supereffective|p1a: Aegislash
|-damage|p1a: Aegislash|0 fnt
|-enditem|p1a: Aegislash|Leftovers|[from] move: Knock Off|[of] p2a: Ferrothorn
|faint|p1a: Aegislash
|
|upkeep
|
|switch|p1a: Vanilluxe|Vanilluxe, F|100/100
|-weather|Hail|[from] ability: Snow Warning|[of] p1a: Vanilluxe
|turn|2
|
|move|p2a: Ferrothorn|Protect|p2a: Ferrothorn
|-singleturn|p2a: Ferrothorn|Protect
|move|p1a: Vanilluxe|Freeze-Dry|p2a: Ferrothorn
|-activate|p2a: Ferrothorn|move: Protect
|
|-weather|Hail|[upkeep]
|-damage|p2a: Ferrothorn|22/100|[from] Hail
|upkeep
|turn|3
|
|move|p1a: Vanilluxe|Aurora Veil|p1a: Vanilluxe
|-sidestart|p1: garbage weeb|move: Aurora Veil
|move|p2a: Ferrothorn|Leech Seed|p1a: Vanilluxe
|-start|p1a: Vanilluxe|move: Leech Seed
|
|-weather|Hail|[upkeep]
|-damage|p2a: Ferrothorn|16/100|[from] Hail
|-damage|p1a: Vanilluxe|88/100|[from] Leech Seed|[of] p2a: Ferrothorn
|-heal|p2a: Ferrothorn|28/100|[silent]
|upkeep
|turn|4
|
|switch|p1a: Dragapult|Dragapult, F|100/100
|move|p2a: Ferrothorn|Protect||[still]
|-fail|p2a: Ferrothorn
|
|-weather|Hail|[upkeep]
|-damage|p1a: Dragapult|95/100|[from] Hail
|-damage|p2a: Ferrothorn|22/100|[from] Hail
|upkeep
|turn|5
|
|move|p2a: Ferrothorn|Protect|p2a: Ferrothorn
|-singleturn|p2a: Ferrothorn|Protect
|move|p1a: Dragapult|Substitute|p1a: Dragapult
|-start|p1a: Dragapult|Substitute
|-damage|p1a: Dragapult|70/100
|
|-weather|Hail|[upkeep]
|-damage|p1a: Dragapult|64/100|[from] Hail
|-damage|p2a: Ferrothorn|15/100|[from] Hail
|upkeep
|turn|6
|
|move|p1a: Dragapult|Dragon Dance|p1a: Dragapult
|-boost|p1a: Dragapult|atk|1
|-boost|p1a: Dragapult|spe|1
|move|p2a: Ferrothorn|Knock Off|p1a: Dragapult
|-supereffective|p1a: Dragapult
|-activate|p1a: Dragapult|move: Substitute|[damage]
|
|-weather|none
|upkeep
|turn|7
|
|move|p1a: Dragapult|Dragon Dance|p1a: Dragapult
|-boost|p1a: Dragapult|atk|1
|-boost|p1a: Dragapult|spe|1
|move|p2a: Ferrothorn|Knock Off|p1a: Dragapult
|-supereffective|p1a: Dragapult
|-end|p1a: Dragapult|Substitute
|
|-sideend|p1: garbage weeb|move: Aurora Veil
|upkeep
|turn|8
|
|move|p1a: Dragapult|Dragon Darts|p2a: Ferrothorn
|-resisted|p2a: Ferrothorn
|-damage|p2a: Ferrothorn|0 fnt
|-hitcount|p2a: Ferrothorn|1
|faint|p2a: Ferrothorn
|
|upkeep
|
|switch|p2a: Clefable|Clefable, M|100/100
|turn|9
|
|move|p1a: Dragapult|Phantom Force||[still]
|-prepare|p1a: Dragapult|Phantom Force|p2a: Clefable
|move|p2a: Clefable|Moonblast|p1a: Dragapult|[miss]
|-miss|p2a: Clefable|p1a: Dragapult
|
|upkeep
|turn|10
|
|move|p1a: Dragapult|Phantom Force|p2a: Clefable|[from]lockedmove
|-damage|p2a: Clefable|0 fnt
|faint|p2a: Clefable
|
|upkeep
|
|switch|p2a: Conkeldurr|Conkeldurr, M|100/100
|turn|11
|
|move|p1a: Dragapult|Dragon Darts|p2a: Conkeldurr
|-damage|p2a: Conkeldurr|50/100
|-damage|p2a: Conkeldurr|2/100
|-hitcount|p2a: Conkeldurr|2
|move|p2a: Conkeldurr|Stone Edge|p1a: Dragapult
|-damage|p1a: Dragapult|6/100
|
|-status|p2a: Conkeldurr|brn|[from] item: Flame Orb
|upkeep
|turn|12
|
|move|p1a: Dragapult|Dragon Darts|p2a: Conkeldurr
|-damage|p2a: Conkeldurr|0 fnt
|-hitcount|p2a: Conkeldurr|1
|faint|p2a: Conkeldurr
|
|upkeep
|
|switch|p2a: Rotom|Rotom-Wash|100/100
|turn|13
|
|move|p1a: Dragapult|Dragon Darts|p2a: Rotom
|-damage|p2a: Rotom|34/100
|-damage|p2a: Rotom|0 fnt
|-hitcount|p2a: Rotom|2
|faint|p2a: Rotom
|
|upkeep
|
|switch|p2a: Togekiss|Togekiss, F|100/100
|turn|14
|
|move|p1a: Dragapult|Phantom Force||[still]
|-prepare|p1a: Dragapult|Phantom Force|p2a: Togekiss
|move|p2a: Togekiss|Air Slash|p1a: Dragapult|[miss]
|-miss|p2a: Togekiss|p1a: Dragapult
|
|upkeep
|turn|15
|
|move|p1a: Dragapult|Phantom Force|p2a: Togekiss|[from]lockedmove
|-damage|p2a: Togekiss|0 fnt
|faint|p2a: Togekiss
|
|upkeep
|
|switch|p2a: Boltund|Boltund, F|100/100
|turn|16
|inactive|Battle timer is ON: inactive players will automatically lose when time's up. (requested by garbage weeb)
|
|move|p1a: Dragapult|Dragon Darts|p2a: Boltund
|-damage|p2a: Boltund|0 fnt
|-hitcount|p2a: Boltund|1
|faint|p2a: Boltund
|
|win|garbage weeb
