|ScrapeTime|2020-01-02-23:27:02
|j|☆En4ru
|j|☆Beeheyylmao
|player|p1|En4ru|rosa|1163
|player|p2|Beeheyylmao|169|1178
|teamsize|p1|6
|teamsize|p2|6
|gametype|singles
|gen|8
|tier|[Gen 8] OU
|rated|
|rule|Sleep Clause Mod: Limit one foe put to sleep
|rule|Species Clause: Limit one of each Pokémon
|rule|OHKO Clause: OHKO moves are banned
|rule|Evasion Moves Clause: Evasion moves are banned
|rule|Endless Battle Clause: Forcing endless battles is banned
|rule|HP Percentage Mod: HP is shown in percentages
|clearpoke
|poke|p1|Cinderace, F|
|poke|p1|Mimikyu, F|
|poke|p1|Togekiss, F|
|poke|p1|Corsola-Galar, M|
|poke|p1|Clefable, F|
|poke|p1|Toxtricity, M|
|poke|p2|Mawile, M|
|poke|p2|Stonjourner, M|
|poke|p2|Corviknight, F|
|poke|p2|Excadrill, M|
|poke|p2|Toxapex, F|
|poke|p2|Krabby, M|
|rule|Dynamax Clause: You cannot dynamax
|teampreview
|j| iopfklgkldg
|j| Ignis+Trueblade
|j| donel_futanari
|j| Ethics Violator
|j| Formerly Chuck
|j| PreciousLeaf
|j| Janice R Menise
|c| Formerly Chuck|v stupid abomination to mankind
|j| TheLordOfSmug
|c| Ethics Violator|9 off dubs!
|j| vampe
|inactive|Battle timer is ON: inactive players will automatically lose when time's up. (requested by Beeheyylmao)
|c| TheLordOfSmug|wtf
|j| New Gorilla
|
|start
|switch|p1a: Sad Emoji Face|Corsola-Galar, M|100/100
|switch|p2a: top pex|Toxapex, F|100/100
|turn|1
|c| PreciousLeaf|a rosa idiot
|c| Ignis+Trueblade|>There are people right now who don't want the full version of the fossils because """"that'd be missing the point"""
|c| Ethics Violator|^misses the point
|
|move|p2a: top pex|Toxic|p1a: Sad Emoji Face
|-status|p1a: Sad Emoji Face|tox
|move|p1a: Sad Emoji Face|Will-O-Wisp|p2a: top pex
|-status|p2a: top pex|brn
|
|-damage|p2a: top pex|94/100 brn|[from] brn
|-damage|p1a: Sad Emoji Face|94/100 tox|[from] psn
|upkeep
|turn|2
|c| vampe|v misses my ass
|
|move|p2a: top pex|Scald|p1a: Sad Emoji Face
|-damage|p1a: Sad Emoji Face|85/100 tox
|move|p1a: Sad Emoji Face|Stealth Rock|p2a: top pex
|-sidestart|p2: Beeheyylmao|move: Stealth Rock
|
|-heal|p2a: top pex|100/100 brn|[from] item: Black Sludge
|-damage|p2a: top pex|94/100 brn|[from] brn
|-damage|p1a: Sad Emoji Face|73/100 tox|[from] psn
|upkeep
|turn|3
|c| Ignis+Trueblade|-One way mirror-
|j| nice smogon nerd
|c| donel_futanari|^this kind of """peopl"""
|
|move|p2a: top pex|Toxic Spikes|p1a: Sad Emoji Face
|-sidestart|p1: En4ru|move: Toxic Spikes
|move|p1a: Sad Emoji Face|Strength Sap|p2a: top pex
|-unboost|p2a: top pex|atk|1
|-heal|p1a: Sad Emoji Face|100/100 tox
|
|-heal|p2a: top pex|100/100 brn|[from] item: Black Sludge
|-damage|p2a: top pex|94/100 brn|[from] brn
|-damage|p1a: Sad Emoji Face|82/100 tox|[from] psn
|upkeep
|turn|4
|c| Janice R Menise|el campeón....
|c| PreciousLeaf|hope oppo loses cuz rosa sucks
|c| Formerly Chuck|>sad emoji face
|
|switch|p1a: Iggy|Toxtricity, M|100/100
|-sideend|p1: En4ru|move: Toxic Spikes|[of] p1a: Iggy
|move|p2a: top pex|Toxic Spikes|p1a: Iggy
|-sidestart|p1: En4ru|move: Toxic Spikes
|
|-heal|p2a: top pex|100/100 brn|[from] item: Black Sludge
|-damage|p2a: top pex|94/100 brn|[from] brn
|upkeep
|turn|5
|c| Formerly Chuck|oof
|c| TheLordOfSmug|well if theres all forms of fossils
|j| BeadyEye
|c| Ethics Violator|sad emoji face :(
|
|move|p1a: Iggy|Overdrive|p2a: top pex
|-supereffective|p2a: top pex
|-damage|p2a: top pex|9/100 brn
|move|p2a: top pex|Toxic Spikes|p1a: Iggy
|-sidestart|p1: En4ru|move: Toxic Spikes
|
|-heal|p2a: top pex|16/100 brn|[from] item: Black Sludge
|-damage|p2a: top pex|9/100 brn|[from] brn
|upkeep
|turn|6
|c| TheLordOfSmug|thats 32 forms with the full original formes
|
|move|p1a: Iggy|Overdrive|p2a: top pex
|-supereffective|p2a: top pex
|-damage|p2a: top pex|0 fnt
|faint|p2a: top pex
|
|upkeep
|
|switch|p2a: nick gurr|Excadrill, M|100/100
|-damage|p2a: nick gurr|97/100|[from] Stealth Rock
|turn|7
|c| Janice R Menise|el chimpancé....
|
|switch|p1a: No Haxx Involved|Togekiss, F|100/100
|move|p2a: nick gurr|Earthquake|p1a: No Haxx Involved
|-immune|p1a: No Haxx Involved
|
|upkeep
|turn|8
|
|move|p1a: No Haxx Involved|Flamethrower|p2a: nick gurr
|-supereffective|p2a: nick gurr
|-damage|p2a: nick gurr|19/100
|move|p2a: nick gurr|Iron Head|p1a: No Haxx Involved
|-supereffective|p1a: No Haxx Involved
|-damage|p1a: No Haxx Involved|0 fnt
|faint|p1a: No Haxx Involved
|
|upkeep
|c| donel_futanari|champ...
|
|switch|p1a: Rabbitnoe|Cinderace, F, shiny|100/100
|turn|9
|
|move|p1a: Rabbitnoe|Pyro Ball|p2a: nick gurr
|-supereffective|p2a: nick gurr
|-damage|p2a: nick gurr|0 fnt
|faint|p2a: nick gurr
|
|upkeep
|c| Ignis+Trueblade|Max SwSh will come out and just show us the Draco and Arcto faces
|c| Ethics Violator|GOAAAL
|
|switch|p2a: I STUDIED THE BLAD|Corviknight, F|100/100
|-damage|p2a: I STUDIED THE BLAD|88/100|[from] Stealth Rock
|-ability|p2a: I STUDIED THE BLAD|Pressure
|turn|10
|c| Ignis+Trueblade|And the bottoms for Vish and Zolt
|c| Formerly Chuck|>not named messi
|c| Ignis+Trueblade|Bet
|c| Formerly Chuck|i am disappoint
|
|move|p1a: Rabbitnoe|Pyro Ball|p2a: I STUDIED THE BLAD
|-supereffective|p2a: I STUDIED THE BLAD
|-damage|p2a: I STUDIED THE BLAD|0 fnt
|faint|p2a: I STUDIED THE BLAD
|
|upkeep
|c| Ethics Violator|GOAAAL
|c| Ignis+Trueblade|>Draco Face with Zolt Body
|
|switch|p2a: ARE YOU READY KIDS|Krabby, M|100/100
|-damage|p2a: ARE YOU READY KIDS|88/100|[from] Stealth Rock
|turn|11
|j| HanakoToast
|c| Formerly Chuck|GOOOOOOOAAAAAAAAAALLLLLLLLLLLL
|
|move|p1a: Rabbitnoe|High Jump Kick|p2a: ARE YOU READY KIDS
|-damage|p2a: ARE YOU READY KIDS|34/100
|move|p2a: ARE YOU READY KIDS|Crabhammer|p1a: Rabbitnoe
|-supereffective|p1a: Rabbitnoe
|-damage|p1a: Rabbitnoe|0 fnt
|-damage|p2a: ARE YOU READY KIDS|24/100|[from] item: Life Orb
|faint|p1a: Rabbitnoe
|
|upkeep
|c| vampe|crabe
|c| HanakoToast|AYE AYE CAPTAIN
|c| donel_futanari|>
|
|switch|p1a: Iggy|Toxtricity, M|100/100
|-sideend|p1: En4ru|move: Toxic Spikes|[of] p1a: Iggy
|turn|12
|c| Formerly Chuck|formerly goal
|
|move|p1a: Iggy|Volt Switch|p2a: ARE YOU READY KIDS
|-supereffective|p2a: ARE YOU READY KIDS
|-damage|p2a: ARE YOU READY KIDS|0 fnt
|faint|p2a: ARE YOU READY KIDS
|c| Ethics Violator|Is that a Jojo reference?
|c| HanakoToast|OHHHHHHHHHHHHHHHHHHHHHHHHHHHHHHHHHHHHHHHHHHHHHHHHHHHHHHHHHHHHHHHHHHHHHHHHHHHHHHHHHHHHHHHHHHHHHHHHHHHHHHHHHHH
|c| Ignis+Trueblade|No
|
|switch|p1a: MimiCute|Mimikyu, F|100/100|[from]move: Volt Switch
|
|upkeep
|c| Ignis+Trueblade|IT'd be a dog if it was
|
|switch|p2a: trapper|Mawile, M|100/100
|-damage|p2a: trapper|95/100|[from] Stealth Rock
|turn|13
|
|move|p1a: MimiCute|Swords Dance|p1a: MimiCute
|-boost|p1a: MimiCute|atk|2
|move|p2a: trapper|Iron Head|p1a: MimiCute
|-activate|p1a: MimiCute|ability: Disguise
|-damage|p1a: MimiCute|100/100
|detailschange|p1a: MimiCute|Mimikyu-Busted, F
|-damage|p1a: MimiCute|88/100|[from] ability: Disguise|[of] p1a: MimiCute
|
|upkeep
|turn|14
|j| Back2daBooper
|c| Ethics Violator|Why'd you reference the band which referenced the stand?
|
|move|p1a: MimiCute|Shadow Claw|p2a: trapper
|-crit|p2a: trapper
|-damage|p2a: trapper|0 fnt
|-damage|p1a: MimiCute|78/100|[from] item: Life Orb
|faint|p2a: trapper
|
|upkeep
|c| donel_futanari|>
|c| Ethics Violator|wtf crit
|
|switch|p2a: 5000 years in spac|Stonjourner, M|100/100
|-damage|p2a: 5000 years in spac|88/100|[from] Stealth Rock
|turn|15
|
|move|p1a: MimiCute|Play Rough|p2a: 5000 years in spac|[miss]
|-miss|p1a: MimiCute|p2a: 5000 years in spac
|move|p2a: 5000 years in spac|Iron Defense|p2a: 5000 years in spac
|-boost|p2a: 5000 years in spac|def|2
|
|-heal|p2a: 5000 years in spac|94/100|[from] item: Leftovers
|upkeep
|turn|16
|
|move|p1a: MimiCute|Shadow Claw|p2a: 5000 years in spac
|-damage|p2a: 5000 years in spac|75/100
|-damage|p1a: MimiCute|68/100|[from] item: Life Orb
|move|p2a: 5000 years in spac|Iron Defense|p2a: 5000 years in spac
|-boost|p2a: 5000 years in spac|def|2
|
|-heal|p2a: 5000 years in spac|81/100|[from] item: Leftovers
|upkeep
|turn|17
|c| vampe|dogs not dead shes
|c| Ethics Violator|"""Good in VGC""" stone
|
|move|p1a: MimiCute|Swords Dance|p1a: MimiCute
|-boost|p1a: MimiCute|atk|2
|move|p2a: 5000 years in spac|Iron Defense|p2a: 5000 years in spac
|-boost|p2a: 5000 years in spac|def|2
|
|-heal|p2a: 5000 years in spac|87/100|[from] item: Leftovers
|upkeep
|turn|18
|
|move|p1a: MimiCute|Swords Dance|p1a: MimiCute
|-boost|p1a: MimiCute|atk|2
|move|p2a: 5000 years in spac|Block||[still]
|-fail|p2a: 5000 years in spac
|
|-heal|p2a: 5000 years in spac|93/100|[from] item: Leftovers
|upkeep
|turn|19
|
|move|p1a: MimiCute|Play Rough|p2a: 5000 years in spac
|-damage|p2a: 5000 years in spac|69/100
|-damage|p1a: MimiCute|58/100|[from] item: Life Orb
|move|p2a: 5000 years in spac|Body Press|p1a: MimiCute
|-immune|p1a: MimiCute
|
|-heal|p2a: 5000 years in spac|75/100|[from] item: Leftovers
|upkeep
|turn|20
|c| Ignis+Trueblade|Champ
|c| Formerly Chuck|>
|c| nice smogon nerd|uh oh
|
|move|p1a: MimiCute|Play Rough|p2a: 5000 years in spac
|-crit|p2a: 5000 years in spac
|-damage|p2a: 5000 years in spac|0 fnt
|-damage|p1a: MimiCute|48/100|[from] item: Life Orb
|faint|p2a: 5000 years in spac
|
|win|En4ru
|c| Ignis+Trueblade|Do you have Stone Edge
|c| PreciousLeaf|champ lost
|c|☆Beeheyylmao|oh no
|c| Ethics Violator|walled by ghost set
|c| Ignis+Trueblade|>>>>>
|c|☆Beeheyylmao|no
|j| Hypno Gengar Man
|j| Gunkro
|c| Formerly Chuck|formerly yes
|c| Gunkro|🍆pingas
|c| Formerly Chuck|usual i seed
|l|☆Beeheyylmao
||Ladder (probably) updated, but score could not be retrieved (Response not received).
