|ScrapeTime|2020-01-03-00:08:29
|j|☆TheExd
|j|☆qpropl
|player|p1|TheExd|gambler|1053
|player|p2|qpropl|galacticgrunt|1061
|teamsize|p1|6
|teamsize|p2|6
|gametype|singles
|gen|8
|tier|[Gen 8] OU
|rated|
|rule|Sleep Clause Mod: Limit one foe put to sleep
|rule|Species Clause: Limit one of each Pokémon
|rule|OHKO Clause: OHKO moves are banned
|rule|Evasion Moves Clause: Evasion moves are banned
|rule|Endless Battle Clause: Forcing endless battles is banned
|rule|HP Percentage Mod: HP is shown in percentages
|clearpoke
|poke|p1|Ferrothorn, M|
|poke|p1|Hatterene, F|
|poke|p1|Toxtricity-Low-Key, F|
|poke|p1|Hydreigon, F|
|poke|p1|Cinderace, F|
|poke|p1|Seismitoad, F|
|poke|p2|Tyranitar, F|
|poke|p2|Gigalith, F|
|poke|p2|Hippowdon, M|
|poke|p2|Excadrill, F|
|poke|p2|Sandaconda, F|
|poke|p2|Gastrodon-East, M|
|rule|Dynamax Clause: You cannot dynamax
|teampreview
|inactive|Battle timer is ON: inactive players will automatically lose when time's up. (requested by qpropl)
|
|start
|switch|p1a: Ferrothorn|Ferrothorn, M|100/100
|switch|p2a: Hippowdon|Hippowdon, M|100/100
|-weather|Sandstorm|[from] ability: Sand Stream|[of] p2a: Hippowdon
|turn|1
|
|move|p2a: Hippowdon|Superpower|p1a: Ferrothorn
|-supereffective|p1a: Ferrothorn
|-damage|p1a: Ferrothorn|49/100
|-damage|p2a: Hippowdon|88/100|[from] ability: Iron Barbs|[of] p1a: Ferrothorn
|-damage|p2a: Hippowdon|72/100|[from] item: Rocky Helmet|[of] p1a: Ferrothorn
|-unboost|p2a: Hippowdon|atk|1
|-unboost|p2a: Hippowdon|def|1
|move|p1a: Ferrothorn|Leech Seed|p2a: Hippowdon
|-start|p2a: Hippowdon|move: Leech Seed
|
|-weather|Sandstorm|[upkeep]
|-damage|p2a: Hippowdon|59/100|[from] Leech Seed|[of] p1a: Ferrothorn
|-heal|p1a: Ferrothorn|61/100|[silent]
|upkeep
|turn|2
|
|move|p2a: Hippowdon|Superpower|p1a: Ferrothorn
|-supereffective|p1a: Ferrothorn
|-crit|p1a: Ferrothorn
|-damage|p1a: Ferrothorn|0 fnt
|-damage|p2a: Hippowdon|47/100|[from] ability: Iron Barbs|[of] p1a: Ferrothorn
|-damage|p2a: Hippowdon|30/100|[from] item: Rocky Helmet|[of] p1a: Ferrothorn
|-unboost|p2a: Hippowdon|atk|1
|-unboost|p2a: Hippowdon|def|1
|faint|p1a: Ferrothorn
|
|-weather|Sandstorm|[upkeep]
|upkeep
|
|switch|p1a: Seismitoad|Seismitoad, F|100/100
|turn|3
|
|move|p1a: Seismitoad|Liquidation|p2a: Hippowdon
|-supereffective|p2a: Hippowdon
|-damage|p2a: Hippowdon|0 fnt
|faint|p2a: Hippowdon
|
|-weather|Sandstorm|[upkeep]
|upkeep
|
|switch|p2a: Sandaconda|Sandaconda, F|100/100
|turn|4
|
|move|p2a: Sandaconda|Glare|p1a: Seismitoad
|-status|p1a: Seismitoad|par
|move|p1a: Seismitoad|Liquidation|p2a: Sandaconda|[miss]
|-miss|p1a: Seismitoad|p2a: Sandaconda
|
|-weather|Sandstorm|[upkeep]
|upkeep
|turn|5
|
|move|p2a: Sandaconda|Coil|p2a: Sandaconda
|-boost|p2a: Sandaconda|atk|1
|-boost|p2a: Sandaconda|def|1
|-boost|p2a: Sandaconda|accuracy|1
|cant|p1a: Seismitoad|par
|
|-weather|none
|upkeep
|turn|6
|
|move|p2a: Sandaconda|Dragon Rush|p1a: Seismitoad
|-damage|p1a: Seismitoad|61/100 par
|cant|p1a: Seismitoad|flinch
|
|upkeep
|turn|7
|
|move|p2a: Sandaconda|Dragon Rush|p1a: Seismitoad
|-damage|p1a: Seismitoad|20/100 par
|move|p1a: Seismitoad|Liquidation|p2a: Sandaconda
|-supereffective|p2a: Sandaconda
|-damage|p2a: Sandaconda|54/100
|
|upkeep
|turn|8
|
|switch|p1a: Hatterene|Hatterene, F|100/100
|move|p2a: Sandaconda|Dragon Rush|p1a: Hatterene
|-immune|p1a: Hatterene
|
|upkeep
|turn|9
|
|move|p2a: Sandaconda|Earthquake|p1a: Hatterene
|-damage|p1a: Hatterene|12/100
|move|p1a: Hatterene|Psychic|p2a: Sandaconda
|-damage|p2a: Sandaconda|0 fnt
|faint|p2a: Sandaconda
|
|-heal|p1a: Hatterene|18/100|[from] item: Leftovers
|upkeep
|
|switch|p2a: Excadrill|Excadrill, F|100/100
|turn|10
|
|switch|p1a: Cinderace|Cinderace, F|100/100
|move|p2a: Excadrill|Rock Slide|p1a: Cinderace
|-supereffective|p1a: Cinderace
|-damage|p1a: Cinderace|0 fnt
|faint|p1a: Cinderace
|
|upkeep
|inactive|TheExd has 120 seconds left.
|
|switch|p1a: Hydreigon|Hydreigon, F|100/100
|turn|11
|
|switch|p2a: Tyranitar|Tyranitar, F|100/100
|-weather|Sandstorm|[from] ability: Sand Stream|[of] p2a: Tyranitar
|move|p1a: Hydreigon|Flamethrower|p2a: Tyranitar
|-resisted|p2a: Tyranitar
|-damage|p2a: Tyranitar|91/100
|-damage|p1a: Hydreigon|91/100|[from] item: Life Orb
|
|-weather|Sandstorm|[upkeep]
|-damage|p1a: Hydreigon|84/100|[from] Sandstorm
|upkeep
|turn|12
|
|move|p1a: Hydreigon|Flash Cannon|p2a: Tyranitar
|-supereffective|p2a: Tyranitar
|-damage|p2a: Tyranitar|58/100
|-unboost|p2a: Tyranitar|spd|1
|-damage|p1a: Hydreigon|75/100|[from] item: Life Orb
|move|p2a: Tyranitar|Breaking Swipe|p1a: Hydreigon
|-supereffective|p1a: Hydreigon
|-damage|p1a: Hydreigon|25/100
|-unboost|p1a: Hydreigon|atk|1
|
|-weather|Sandstorm|[upkeep]
|-damage|p1a: Hydreigon|19/100|[from] Sandstorm
|upkeep
|turn|13
|inactive|TheExd has 90 seconds left.
|
|move|p1a: Hydreigon|Flash Cannon|p2a: Tyranitar
|-supereffective|p2a: Tyranitar
|-damage|p2a: Tyranitar|10/100
|-damage|p1a: Hydreigon|9/100|[from] item: Life Orb
|move|p2a: Tyranitar|Rock Slide|p1a: Hydreigon
|-damage|p1a: Hydreigon|0 fnt
|faint|p1a: Hydreigon
|
|-weather|Sandstorm|[upkeep]
|upkeep
|inactive|TheExd has 60 seconds left.
|inactive|TheExd has 30 seconds left.
|inactive|TheExd has 20 seconds left.
|inactive|TheExd has 15 seconds left.
|inactive|TheExd has 10 seconds left.
|inactive|TheExd has 5 seconds left.
|-message|TheExd lost due to inactivity.
|
|win|qpropl
|raw|TheExd's rating: 1053 → 1035(-18 for losing)
|raw|qpropl's rating: 1061 → 1091(+30 for winning)
