|ScrapeTime|2020-01-02-13:36:24
|j|☆IM A G3NG4R
|j|☆TeSjeff
|player|p1|IM A G3NG4R|acerola|1124
|player|p2|TeSjeff|swimmer|1165
|teamsize|p1|6
|teamsize|p2|6
|gametype|singles
|gen|8
|tier|[Gen 8] OU
|rated|
|rule|Sleep Clause Mod: Limit one foe put to sleep
|rule|Species Clause: Limit one of each Pokémon
|rule|OHKO Clause: OHKO moves are banned
|rule|Evasion Moves Clause: Evasion moves are banned
|rule|Endless Battle Clause: Forcing endless battles is banned
|rule|HP Percentage Mod: HP is shown in percentages
|clearpoke
|poke|p1|Cinderace, F|
|poke|p1|Dragapult, F|
|poke|p1|Corviknight, M|
|poke|p1|Clefable, F|
|poke|p1|Ditto|
|poke|p1|Grimmsnarl, M|
|poke|p2|Cinderace, M|
|poke|p2|Mimikyu, F|
|poke|p2|Ferrothorn, M|
|poke|p2|Boltund, M|
|poke|p2|Rotom-Wash|
|poke|p2|Dragapult, M|
|rule|Dynamax Clause: You cannot dynamax
|teampreview
|inactive|Battle timer is ON: inactive players will automatically lose when time's up. (requested by IM A G3NG4R)
|
|start
|switch|p1a: Dragapult|Dragapult, F|100/100
|switch|p2a: Ferrothorn|Ferrothorn, M|100/100
|turn|1
|
|move|p1a: Dragapult|Flamethrower|p2a: Ferrothorn
|-supereffective|p2a: Ferrothorn
|-damage|p2a: Ferrothorn|0 fnt
|faint|p2a: Ferrothorn
|
|upkeep
|
|switch|p2a: Mimikyu|Mimikyu, F|100/100
|turn|2
|
|switch|p1a: Grimmsnarl|Grimmsnarl, M|100/100
|move|p2a: Mimikyu|Play Rough|p1a: Grimmsnarl
|-supereffective|p1a: Grimmsnarl
|-damage|p1a: Grimmsnarl|4/100
|
|-heal|p1a: Grimmsnarl|10/100|[from] item: Leftovers
|upkeep
|turn|3
|
|move|p2a: Mimikyu|Shadow Sneak|p1a: Grimmsnarl
|-resisted|p1a: Grimmsnarl
|-damage|p1a: Grimmsnarl|0 fnt
|faint|p1a: Grimmsnarl
|
|upkeep
|
|switch|p1a: Clefable|Clefable, F|100/100
|turn|4
|
|move|p2a: Mimikyu|Thunder Wave|p1a: Clefable
|-status|p1a: Clefable|par
|move|p1a: Clefable|Moonblast|p2a: Mimikyu
|-activate|p2a: Mimikyu|ability: Disguise
|-damage|p2a: Mimikyu|100/100
|-unboost|p2a: Mimikyu|spa|1
|detailschange|p2a: Mimikyu|Mimikyu-Busted, F
|-damage|p2a: Mimikyu|88/100|[from] ability: Disguise|[of] p2a: Mimikyu
|
|-heal|p2a: Mimikyu|94/100|[from] item: Leftovers
|upkeep
|turn|5
|
|switch|p2a: Boltund|Boltund, M|100/100
|move|p1a: Clefable|Moonblast|p2a: Boltund
|-damage|p2a: Boltund|0 fnt
|faint|p2a: Boltund
|
|upkeep
|
|switch|p2a: Rotom|Rotom-Wash|100/100
|turn|6
|
|move|p2a: Rotom|Hydro Pump|p1a: Clefable
|-damage|p1a: Clefable|38/100 par
|move|p1a: Clefable|Thunderbolt|p2a: Rotom
|-damage|p2a: Rotom|54/100
|
|-heal|p2a: Rotom|60/100|[from] item: Leftovers
|upkeep
|turn|7
|
|move|p2a: Rotom|Hydro Pump|p1a: Clefable
|-damage|p1a: Clefable|0 fnt
|faint|p1a: Clefable
|
|-heal|p2a: Rotom|66/100|[from] item: Leftovers
|upkeep
|
|switch|p1a: Dragapult|Dragapult, F|100/100
|turn|8
|
|move|p1a: Dragapult|Shadow Ball|p2a: Rotom
|-damage|p2a: Rotom|5/100
|move|p2a: Rotom|Volt Switch|p1a: Dragapult
|-resisted|p1a: Dragapult
|-damage|p1a: Dragapult|77/100
|
|switch|p2a: Mimikyu|Mimikyu-Busted, F|94/100|[from]move: Volt Switch
|
|-heal|p2a: Mimikyu|99/100|[from] item: Leftovers
|upkeep
|turn|9
|
|move|p2a: Mimikyu|Shadow Sneak|p1a: Dragapult
|-supereffective|p1a: Dragapult
|-damage|p1a: Dragapult|32/100
|move|p1a: Dragapult|Shadow Ball|p2a: Mimikyu
|-supereffective|p2a: Mimikyu
|-damage|p2a: Mimikyu|0 fnt
|faint|p2a: Mimikyu
|
|upkeep
|
|switch|p2a: Dragapult|Dragapult, M|100/100
|turn|10
|
|move|p1a: Dragapult|Shadow Ball|p2a: Dragapult
|-supereffective|p2a: Dragapult
|-damage|p2a: Dragapult|0 fnt
|faint|p2a: Dragapult
|
|upkeep
|
|switch|p2a: Cinderace|Cinderace, M|100/100
|turn|11
|
|move|p1a: Dragapult|Shadow Ball|p2a: Cinderace
|-damage|p2a: Cinderace|23/100
|move|p2a: Cinderace|Pyro Ball|p1a: Dragapult
|-resisted|p1a: Dragapult
|-damage|p1a: Dragapult|0 fnt
|faint|p1a: Dragapult
|
|upkeep
|
|switch|p1a: Cinderace|Cinderace, F|100/100
|turn|12
|
|move|p2a: Cinderace|U-turn|p1a: Cinderace
|-resisted|p1a: Cinderace
|-damage|p1a: Cinderace|85/100
|
|switch|p2a: Rotom|Rotom-Wash|5/100|[from]move: U-turn
|move|p1a: Cinderace|High Jump Kick|p2a: Rotom
|-damage|p2a: Rotom|0 fnt
|faint|p2a: Rotom
|
|upkeep
|
|switch|p2a: Cinderace|Cinderace, M|23/100
|turn|13
|
|move|p2a: Cinderace|Zen Headbutt|p1a: Cinderace
|-damage|p1a: Cinderace|47/100
|move|p1a: Cinderace|Pyro Ball|p2a: Cinderace
|-resisted|p2a: Cinderace
|-crit|p2a: Cinderace
|-damage|p2a: Cinderace|0 fnt
|faint|p2a: Cinderace
|
|win|IM A G3NG4R
|raw|IM A G3NG4R's rating: 1124 → 1152(+28 for winning)
|raw|TeSjeff's rating: 1165 → 1137(-28 for losing)
|l|☆TeSjeff
