|ScrapeTime|2020-01-02-09:05:43
|j|☆noveliss
|j|☆stunna4vegas
|player|p1|noveliss|mina|
|player|p2|stunna4vegas|2|
|teamsize|p1|6
|teamsize|p2|6
|gametype|singles
|gen|8
|tier|[Gen 8] OU
|rule|Sleep Clause Mod: Limit one foe put to sleep
|rule|Species Clause: Limit one of each Pokémon
|rule|OHKO Clause: OHKO moves are banned
|rule|Evasion Moves Clause: Evasion moves are banned
|rule|Endless Battle Clause: Forcing endless battles is banned
|rule|HP Percentage Mod: HP is shown in percentages
|clearpoke
|poke|p1|Aegislash, F|
|poke|p1|Bisharp, M|
|poke|p1|Dragapult, M|
|poke|p1|Mew|
|poke|p1|Mimikyu, M|
|poke|p1|Rotom-Mow|
|poke|p2|Dracovish|
|poke|p2|Clefable, F|
|poke|p2|Dragapult, M|
|poke|p2|Ditto|
|poke|p2|Cinderace, F|
|poke|p2|Obstagoon, F|
|rule|Dynamax Clause: You cannot dynamax
|teampreview
|
|start
|switch|p1a: Mew|Mew|100/100
|switch|p2a: Cinderace|Cinderace, F|100/100
|turn|1
|c|☆stunna4vegas|dam
|c|☆stunna4vegas|eveeryone use mimijyy
|c|☆stunna4vegas|mimikyu smh
|
|move|p2a: Cinderace|U-turn|p1a: Mew
|-supereffective|p1a: Mew
|-damage|p1a: Mew|56/100
|-enditem|p1a: Mew|Red Card|[of] p2a: Cinderace
|drag|p2a: Clefable|Clefable, F, shiny|100/100
|move|p1a: Mew|Stealth Rock|p2a: Clefable
|-sidestart|p2: stunna4vegas|move: Stealth Rock
|
|upkeep
|turn|2
|
|switch|p2a: Cinderace|Cinderace, F|100/100
|move|p1a: Mew|Taunt|p2a: Cinderace
|-start|p2a: Cinderace|move: Taunt
|
|upkeep
|turn|3
|
|move|p2a: Cinderace|Pyro Ball|p1a: Mew
|-damage|p1a: Mew|5/100
|move|p1a: Mew|Spikes|p2a: Cinderace
|-sidestart|p2: stunna4vegas|Spikes
|
|upkeep
|turn|4
|
|move|p2a: Cinderace|U-turn|p1a: Mew
|-supereffective|p1a: Mew
|-damage|p1a: Mew|0 fnt
|faint|p1a: Mew
|
|switch|p2a: Clefable|Clefable, F, shiny|100/100|[from]move: U-turn
|
|upkeep
|
|switch|p1a: Aegislash|Aegislash, F|100/100
|turn|5
|j| iam✞parabellum✞
|c| iam✞parabellum✞|close ur tabs
|
|switch|p2a: Cinderace|Cinderace, F|100/100
|-formechange|p1a: Aegislash|Aegislash-Blade||[from] ability: Stance Change
|move|p1a: Aegislash|Flash Cannon|p2a: Cinderace
|-resisted|p2a: Cinderace
|-damage|p2a: Cinderace|54/100
|
|upkeep
|turn|6
|
|switch|p1a: Dragapult|Dragapult, M|100/100
|move|p2a: Cinderace|Pyro Ball|p1a: Dragapult
|-resisted|p1a: Dragapult
|-damage|p1a: Dragapult|59/100
|-status|p1a: Dragapult|brn
|
|-damage|p1a: Dragapult|53/100 brn|[from] brn
|upkeep
|turn|7
|c|☆noveliss|end your life
|c|☆noveliss|chomo
|
|move|p1a: Dragapult|Dragon Darts|p2a: Cinderace
|-damage|p2a: Cinderace|36/100
|-damage|p2a: Cinderace|18/100
|-hitcount|p2a: Cinderace|2
|move|p2a: Cinderace|Court Change|p2a: Cinderace
|-sideend|p2: stunna4vegas|Spikes|[silent]
|-sidestart|p1: noveliss|Spikes|[silent]
|-sideend|p2: stunna4vegas|Stealth Rock|[silent]
|-sidestart|p1: noveliss|Stealth Rock|[silent]
|-activate|p2a: Cinderace|move: Court Change
|
|-damage|p1a: Dragapult|47/100 brn|[from] brn
|upkeep
|turn|8
|c|☆stunna4vegas|i played every turn correctly no cap
|
|move|p2a: Cinderace|Sucker Punch|p1a: Dragapult
|-supereffective|p1a: Dragapult
|-damage|p1a: Dragapult|0 fnt
|faint|p1a: Dragapult
|
|upkeep
|c|☆stunna4vegas|n i had sucker anyways
|
|switch|p1a: Rotom|Rotom-Mow|100/100
|-damage|p1a: Rotom|88/100|[from] Stealth Rock
|turn|9
|
|switch|p2a: Clefable|Clefable, F, shiny|100/100
|move|p1a: Rotom|Volt Switch|p2a: Clefable
|-crit|p2a: Clefable
|-damage|p2a: Clefable|57/100
|c|☆stunna4vegas|bet
|
|switch|p1a: Aegislash|Aegislash, F|100/100|[from]move: Volt Switch
|-damage|p1a: Aegislash|88/100|[from] Spikes
|-damage|p1a: Aegislash|82/100|[from] Stealth Rock
|
|upkeep
|turn|10
|
|-formechange|p1a: Aegislash|Aegislash-Blade||[from] ability: Stance Change
|move|p1a: Aegislash|Flash Cannon|p2a: Clefable
|-supereffective|p2a: Clefable
|-damage|p2a: Clefable|0 fnt
|faint|p2a: Clefable
|
|upkeep
|
|switch|p2a: Obstagoon|Obstagoon, F|100/100
|turn|11
|
|move|p2a: Obstagoon|Knock Off|p1a: Aegislash
|-supereffective|p1a: Aegislash
|-damage|p1a: Aegislash|0 fnt
|-enditem|p1a: Aegislash|Choice Specs|[from] move: Knock Off|[of] p2a: Obstagoon
|faint|p1a: Aegislash
|
|-status|p2a: Obstagoon|brn|[from] item: Flame Orb
|upkeep
|
|switch|p1a: Mimikyu|Mimikyu, M|100/100
|-damage|p1a: Mimikyu|88/100|[from] Spikes
|-damage|p1a: Mimikyu|76/100|[from] Stealth Rock
|turn|12
|
|switch|p2a: Cinderace|Cinderace, F|18/100
|move|p1a: Mimikyu|Play Rough|p2a: Cinderace
|-resisted|p2a: Cinderace
|-damage|p2a: Cinderace|0 fnt
|-damage|p1a: Mimikyu|66/100|[from] item: Life Orb
|faint|p2a: Cinderace
|
|upkeep
|
|switch|p2a: Ditto|Ditto, shiny|100/100
|-transform|p2a: Ditto|p1a: Mimikyu|[from] ability: Imposter
|turn|13
|
|move|p2a: Ditto|Shadow Claw|p1a: Mimikyu
|-activate|p1a: Mimikyu|ability: Disguise
|-damage|p1a: Mimikyu|66/100
|detailschange|p1a: Mimikyu|Mimikyu-Busted, M
|-damage|p1a: Mimikyu|53/100|[from] ability: Disguise|[of] p1a: Mimikyu
|move|p1a: Mimikyu|Swords Dance|p1a: Mimikyu
|-boost|p1a: Mimikyu|atk|2
|
|upkeep
|turn|14
|
|move|p1a: Mimikyu|Shadow Sneak|p2a: Ditto
|-supereffective|p2a: Ditto
|-damage|p2a: Ditto|0 fnt
|-damage|p1a: Mimikyu|44/100|[from] item: Life Orb
|faint|p2a: Ditto
|
|upkeep
|c|☆stunna4vegas|o i choked
|c|☆stunna4vegas|on dicks
|c|☆noveliss|u good?
|c|☆noveliss|stupid bitch
|c|☆stunna4vegas|im really really high
|c|☆stunna4vegas|dam
|c|☆noveliss|mongoloid
|c|☆stunna4vegas|i had won im gay
|c|☆noveliss|mongotard
|c|☆noveliss|caucasian
|
|switch|p2a: Dracovish|Dracovish, shiny|100/100
|turn|15
|
|move|p2a: Dracovish|Fishious Rend|p1a: Mimikyu
|-damage|p1a: Mimikyu|0 fnt
|faint|p1a: Mimikyu
|
|upkeep
|
|switch|p1a: Rotom|Rotom-Mow|88/100
|-damage|p1a: Rotom|76/100|[from] Stealth Rock
|turn|16
|
|switch|p2a: Obstagoon|Obstagoon, F|100/100 brn
|move|p1a: Rotom|Trick|p2a: Obstagoon
|-activate|p1a: Rotom|move: Trick|[of] p2a: Obstagoon
|-item|p2a: Obstagoon|Choice Scarf|[from] move: Trick
|-item|p1a: Rotom|Flame Orb|[from] move: Trick
|
|-damage|p2a: Obstagoon|94/100 brn|[from] brn
|-status|p1a: Rotom|brn|[from] item: Flame Orb
|upkeep
|turn|17
|c|☆stunna4vegas|i think i can still win but idk
|c| iam✞parabellum✞|cock
|c|☆stunna4vegas|o bet
|
|move|p2a: Obstagoon|Facade|p1a: Rotom
|-crit|p1a: Rotom
|-damage|p1a: Rotom|0 fnt
|faint|p1a: Rotom
|
|-damage|p2a: Obstagoon|88/100 brn|[from] brn
|upkeep
|
|switch|p1a: Bisharp|Bisharp, M|100/100
|-damage|p1a: Bisharp|95/100|[from] Stealth Rock
|-damage|p1a: Bisharp|82/100|[from] Spikes
|turn|18
|c|☆stunna4vegas|gg
|c|☆noveliss|fuck you
|
|switch|p2a: Dracovish|Dracovish, shiny|100/100
|move|p1a: Bisharp|Swords Dance|p1a: Bisharp
|-boost|p1a: Bisharp|atk|2
|
|upkeep
|turn|19
|c|☆noveliss|whore
|
|move|p1a: Bisharp|Sucker Punch|p2a: Dracovish
|-damage|p2a: Dracovish|5/100
|-damage|p1a: Bisharp|72/100|[from] item: Life Orb
|move|p2a: Dracovish|Fishious Rend|p1a: Bisharp
|-damage|p1a: Bisharp|0 fnt
|faint|p1a: Bisharp
|
|win|stunna4vegas
|c|☆stunna4vegas|lol it ate
