|ScrapeTime|2020-01-01-18:45:22
|j|☆KarimAliK
|j|☆Togekiss527
|player|p1|KarimAliK|102|1000
|player|p2|Togekiss527|1|1000
|teamsize|p1|6
|teamsize|p2|6
|gametype|singles
|gen|8
|tier|[Gen 8] OU
|rated|
|rule|Sleep Clause Mod: Limit one foe put to sleep
|rule|Species Clause: Limit one of each Pokémon
|rule|OHKO Clause: OHKO moves are banned
|rule|Evasion Moves Clause: Evasion moves are banned
|rule|Endless Battle Clause: Forcing endless battles is banned
|rule|HP Percentage Mod: HP is shown in percentages
|clearpoke
|poke|p1|Grimmsnarl, M|
|poke|p1|Tyranitar, F|
|poke|p1|Excadrill, M|
|poke|p1|Gastrodon, F|
|poke|p1|Duraludon, M|
|poke|p1|Rotom-Mow|
|poke|p2|Grimmsnarl, M|
|poke|p2|Excadrill, F|
|poke|p2|Machamp, F|
|poke|p2|Haxorus, F|
|poke|p2|Hatterene, F|
|poke|p2|Gengar, F|
|rule|Dynamax Clause: You cannot dynamax
|teampreview
|inactive|Battle timer is ON: inactive players will automatically lose when time's up. (requested by KarimAliK)
|inactive|Togekiss527 also wants the timer to be on.
|
|start
|switch|p1a: Grimmsnarl|Grimmsnarl, M|100/100
|switch|p2a: Machamp|Machamp, F, shiny|100/100
|turn|1
|
|move|p1a: Grimmsnarl|Reflect|p1a: Grimmsnarl
|-sidestart|p1: KarimAliK|Reflect
|move|p2a: Machamp|Knock Off|p1a: Grimmsnarl
|-resisted|p1a: Grimmsnarl
|-damage|p1a: Grimmsnarl|96/100
|-enditem|p1a: Grimmsnarl|Light Clay|[from] move: Knock Off|[of] p2a: Machamp
|
|upkeep
|turn|2
|
|switch|p2a: Hatterene|Hatterene, F|100/100
|move|p1a: Grimmsnarl|Foul Play|p2a: Hatterene
|-damage|p2a: Hatterene|76/100
|
|-heal|p2a: Hatterene|82/100|[from] item: Leftovers
|upkeep
|turn|3
|
|move|p1a: Grimmsnarl|Light Screen|p1a: Grimmsnarl
|-sidestart|p1: KarimAliK|move: Light Screen
|move|p2a: Hatterene|Calm Mind|p2a: Hatterene
|-boost|p2a: Hatterene|spa|1
|-boost|p2a: Hatterene|spd|1
|
|-heal|p2a: Hatterene|88/100|[from] item: Leftovers
|upkeep
|turn|4
|
|move|p1a: Grimmsnarl|Thunder Wave|p2a: Hatterene
|move|p2a: Hatterene|Thunder Wave|p1a: Grimmsnarl|[from]Magic Bounce
|-status|p1a: Grimmsnarl|par
|move|p2a: Hatterene|Calm Mind|p2a: Hatterene
|-boost|p2a: Hatterene|spa|1
|-boost|p2a: Hatterene|spd|1
|
|-heal|p2a: Hatterene|94/100|[from] item: Leftovers
|upkeep
|turn|5
|
|move|p2a: Hatterene|Giga Drain|p1a: Grimmsnarl
|-damage|p1a: Grimmsnarl|73/100 par
|-heal|p2a: Hatterene|100/100|[from] drain|[of] p1a: Grimmsnarl
|move|p1a: Grimmsnarl|Foul Play|p2a: Hatterene
|-damage|p2a: Hatterene|75/100
|
|-heal|p2a: Hatterene|81/100|[from] item: Leftovers
|upkeep
|turn|6
|
|cant|p1a: Grimmsnarl|par
|move|p2a: Hatterene|Giga Drain|p1a: Grimmsnarl
|-damage|p1a: Grimmsnarl|52/100 par
|-heal|p2a: Hatterene|94/100|[from] drain|[of] p1a: Grimmsnarl
|
|-heal|p2a: Hatterene|99/100|[from] item: Leftovers
|upkeep
|turn|7
|
|move|p1a: Grimmsnarl|Light Screen||[still]
|-fail|p1a: Grimmsnarl
|move|p2a: Hatterene|Giga Drain|p1a: Grimmsnarl
|-damage|p1a: Grimmsnarl|27/100 par
|-heal|p2a: Hatterene|100/100|[from] drain|[of] p1a: Grimmsnarl
|
|-sideend|p1: KarimAliK|move: Light Screen
|upkeep
|turn|8
|
|cant|p1a: Grimmsnarl|par
|move|p2a: Hatterene|Giga Drain|p1a: Grimmsnarl
|-damage|p1a: Grimmsnarl|0 fnt
|faint|p1a: Grimmsnarl
|
|-sideend|p1: KarimAliK|Reflect
|upkeep
|inactive|KarimAliK has 120 seconds left.
|
|switch|p1a: Rotom|Rotom-Mow|100/100
|turn|9
|
|move|p1a: Rotom|Volt Switch|p2a: Hatterene
|-damage|p2a: Hatterene|88/100
|
|switch|p1a: Duraludon|Duraludon, M|100/100|[from]move: Volt Switch
|move|p2a: Hatterene|Mystical Fire|p1a: Duraludon
|-damage|p1a: Duraludon|0 fnt
|faint|p1a: Duraludon
|
|-heal|p2a: Hatterene|94/100|[from] item: Leftovers
|upkeep
|
|switch|p1a: Gastrodon|Gastrodon, F|100/100
|turn|10
|
|move|p1a: Gastrodon|Protect|p1a: Gastrodon
|-singleturn|p1a: Gastrodon|Protect
|move|p2a: Hatterene|Giga Drain|p1a: Gastrodon
|-activate|p1a: Gastrodon|move: Protect
|
|-heal|p2a: Hatterene|99/100|[from] item: Leftovers
|upkeep
|turn|11
|inactive|KarimAliK has 120 seconds left.
|
|move|p1a: Gastrodon|Ice Beam|p2a: Hatterene
|-damage|p2a: Hatterene|88/100
|move|p2a: Hatterene|Mystical Fire|p1a: Gastrodon
|-resisted|p1a: Gastrodon
|-damage|p1a: Gastrodon|75/100
|-unboost|p1a: Gastrodon|spa|1
|
|-heal|p1a: Gastrodon|81/100|[from] item: Leftovers
|-heal|p2a: Hatterene|94/100|[from] item: Leftovers
|upkeep
|turn|12
|inactive|KarimAliK has 120 seconds left.
|
|move|p1a: Gastrodon|Earth Power|p2a: Hatterene
|-damage|p2a: Hatterene|82/100
|move|p2a: Hatterene|Giga Drain|p1a: Gastrodon
|-supereffective|p1a: Gastrodon
|-damage|p1a: Gastrodon|0 fnt
|-heal|p2a: Hatterene|100/100|[from] drain|[of] p1a: Gastrodon
|faint|p1a: Gastrodon
|
|upkeep
|inactive|KarimAliK has 120 seconds left.
|
|switch|p1a: Rotom|Rotom-Mow|100/100
|turn|13
|inactive|KarimAliK has 120 seconds left.
|
|move|p1a: Rotom|Will-O-Wisp|p2a: Hatterene
|move|p2a: Hatterene|Will-O-Wisp|p1a: Rotom|[from]Magic Bounce
|-status|p1a: Rotom|brn
|move|p2a: Hatterene|Mystical Fire|p1a: Rotom
|-supereffective|p1a: Rotom
|-damage|p1a: Rotom|0 fnt
|faint|p1a: Rotom
|
|upkeep
|
|switch|p1a: Excadrill|Excadrill, M|100/100
|turn|14
|inactive|Togekiss527 has 120 seconds left.
|inactive|Togekiss527 has 90 seconds left.
|inactive|Togekiss527 has 60 seconds left.
|inactive|Togekiss527 has 30 seconds left.
|inactive|Togekiss527 has 20 seconds left.
|inactive|Togekiss527 has 15 seconds left.
|inactive|Togekiss527 has 10 seconds left.
|inactive|Togekiss527 has 5 seconds left.
|-message|Togekiss527 lost due to inactivity.
|
|win|KarimAliK
|raw|KarimAliK's rating: 1000 → 1040(+40 for winning)
|raw|Togekiss527's rating: 1000 → 1000(+0 for losing)
