|ScrapeTime|2020-01-01-14:25:21
|j|☆lzaaaaa
|j|☆tuuuuun
|player|p1|lzaaaaa|1|1751
|player|p2|tuuuuun|unknown|1655
|teamsize|p1|6
|teamsize|p2|6
|gametype|singles
|gen|8
|tier|[Gen 8] OU
|rated|
|rule|Sleep Clause Mod: Limit one foe put to sleep
|rule|Species Clause: Limit one of each Pokémon
|rule|OHKO Clause: OHKO moves are banned
|rule|Evasion Moves Clause: Evasion moves are banned
|rule|Endless Battle Clause: Forcing endless battles is banned
|rule|HP Percentage Mod: HP is shown in percentages
|clearpoke
|poke|p1|Toxtricity, F|
|poke|p1|Cinderace, F|
|poke|p1|Seismitoad, F|
|poke|p1|Rotom-Heat|
|poke|p1|Corviknight, F|
|poke|p1|Dragapult, F|
|poke|p2|Gengar, F|
|poke|p2|Excadrill, M|
|poke|p2|Ferrothorn, F|
|poke|p2|Gyarados, F|
|poke|p2|Hydreigon, F|
|poke|p2|Mimikyu, M|
|rule|Dynamax Clause: You cannot dynamax
|teampreview
|
|start
|switch|p1a: Seismitoad|Seismitoad, F|100/100
|switch|p2a: Gengar|Gengar, F|100/100
|turn|1
|
|move|p1a: Seismitoad|Protect|p1a: Seismitoad
|-singleturn|p1a: Seismitoad|Protect
|move|p2a: Gengar|Shadow Ball|p1a: Seismitoad
|-activate|p1a: Seismitoad|move: Protect
|
|upkeep
|turn|2
|
|move|p2a: Gengar|Shadow Ball|p1a: Seismitoad
|-damage|p1a: Seismitoad|35/100
|move|p1a: Seismitoad|Earthquake|p2a: Gengar
|-supereffective|p2a: Gengar
|-damage|p2a: Gengar|0 fnt
|-start|p1a: Seismitoad|Disable|Earthquake|[from] ability: Cursed Body|[of] p2a: Gengar
|faint|p2a: Gengar
|
|-heal|p1a: Seismitoad|41/100|[from] item: Leftovers
|upkeep
|
|switch|p2a: Ferrothorn|Ferrothorn, F|100/100
|turn|3
|j| TheLindomar
|
|switch|p1a: Cinderace|Cinderace, F|100/100
|move|p2a: Ferrothorn|Stealth Rock|p1a: Cinderace
|-sidestart|p1: lzaaaaa|move: Stealth Rock
|
|upkeep
|turn|4
|
|switch|p2a: Gyarados|Gyarados, F|100/100
|move|p1a: Cinderace|Court Change|p1a: Cinderace
|-sideend|p1: lzaaaaa|Stealth Rock|[silent]
|-sidestart|p2: tuuuuun|Stealth Rock|[silent]
|-activate|p1a: Cinderace|move: Court Change
|
|upkeep
|turn|5
|
|move|p1a: Cinderace|U-turn|p2a: Gyarados
|-resisted|p2a: Gyarados
|-damage|p2a: Gyarados|86/100
|
|switch|p1a: Seismitoad|Seismitoad, F|41/100|[from]move: U-turn
|move|p2a: Gyarados|Dragon Dance|p2a: Gyarados
|-boost|p2a: Gyarados|atk|1
|-boost|p2a: Gyarados|spe|1
|
|-heal|p1a: Seismitoad|47/100|[from] item: Leftovers
|upkeep
|turn|6
|
|move|p2a: Gyarados|Dragon Dance|p2a: Gyarados
|-boost|p2a: Gyarados|atk|1
|-boost|p2a: Gyarados|spe|1
|move|p1a: Seismitoad|Scald|p2a: Gyarados
|-resisted|p2a: Gyarados
|-damage|p2a: Gyarados|75/100
|
|-heal|p1a: Seismitoad|53/100|[from] item: Leftovers
|upkeep
|turn|7
|
|move|p1a: Seismitoad|Protect|p1a: Seismitoad
|-singleturn|p1a: Seismitoad|Protect
|move|p2a: Gyarados|Power Whip|p1a: Seismitoad
|-activate|p1a: Seismitoad|move: Protect
|
|-heal|p1a: Seismitoad|59/100|[from] item: Leftovers
|upkeep
|turn|8
|
|move|p2a: Gyarados|Power Whip|p1a: Seismitoad
|-supereffective|p1a: Seismitoad
|-damage|p1a: Seismitoad|0 fnt
|faint|p1a: Seismitoad
|-ability|p2a: Gyarados|Moxie|boost
|-boost|p2a: Gyarados|atk|1
|
|upkeep
|
|switch|p1a: Dragapult|Dragapult, F|100/100
|turn|9
|
|move|p2a: Gyarados|Bounce||[still]
|-prepare|p2a: Gyarados|Bounce|p1a: Dragapult
|move|p1a: Dragapult|Thunderbolt|p2a: Gyarados|[miss]
|-miss|p1a: Dragapult|p2a: Gyarados
|
|upkeep
|turn|10
|
|switch|p1a: Corviknight|Corviknight, F|100/100
|-ability|p1a: Corviknight|Pressure
|move|p2a: Gyarados|Bounce|p1a: Corviknight|[from]lockedmove
|-resisted|p1a: Corviknight
|-damage|p1a: Corviknight|53/100
|-status|p1a: Corviknight|par
|
|-heal|p1a: Corviknight|59/100 par|[from] item: Leftovers
|upkeep
|turn|11
|
|move|p2a: Gyarados|Waterfall|p1a: Corviknight
|-damage|p1a: Corviknight|0 fnt
|faint|p1a: Corviknight
|-ability|p2a: Gyarados|Moxie|boost
|-boost|p2a: Gyarados|atk|1
|
|upkeep
|
|switch|p1a: Dragapult|Dragapult, F|100/100
|turn|12
|
|switch|p1a: Rotom|Rotom-Heat|100/100
|move|p2a: Gyarados|Waterfall|p1a: Rotom
|-supereffective|p1a: Rotom
|-damage|p1a: Rotom|0 fnt
|faint|p1a: Rotom
|-ability|p2a: Gyarados|Moxie|boost
|-boost|p2a: Gyarados|atk|1
|
|upkeep
|c|☆tuuuuun|gg
|
|switch|p1a: Dragapult|Dragapult, F|100/100
|turn|13
|
|switch|p1a: Toxtricity|Toxtricity, F|100/100
|move|p2a: Gyarados|Bounce||[still]
|-prepare|p2a: Gyarados|Bounce|p1a: Toxtricity
|
|upkeep
|turn|14
|
|move|p2a: Gyarados|Bounce|p1a: Toxtricity|[from]lockedmove|[miss]
|-miss|p2a: Gyarados|p1a: Toxtricity
|move|p1a: Toxtricity|Overdrive|p2a: Gyarados
|-supereffective|p2a: Gyarados
|-damage|p2a: Gyarados|0 fnt
|-enditem|p1a: Toxtricity|Throat Spray
|-boost|p1a: Toxtricity|spa|1
|faint|p2a: Gyarados
|
|upkeep
|
|switch|p2a: Hydreigon|Hydreigon, F|100/100
|-damage|p2a: Hydreigon|88/100|[from] Stealth Rock
|turn|15
|
|move|p2a: Hydreigon|Draco Meteor|p1a: Toxtricity
|-damage|p1a: Toxtricity|0 fnt
|-unboost|p2a: Hydreigon|spa|2
|faint|p1a: Toxtricity
|
|upkeep
|
|switch|p1a: Cinderace|Cinderace, F|100/100
|turn|16
|j| sasawe
|
|switch|p2a: Ferrothorn|Ferrothorn, F|100/100
|-damage|p2a: Ferrothorn|94/100|[from] Stealth Rock
|move|p1a: Cinderace|Pyro Ball|p2a: Ferrothorn
|-supereffective|p2a: Ferrothorn
|-damage|p2a: Ferrothorn|0 fnt
|faint|p2a: Ferrothorn
|
|upkeep
|
|switch|p2a: Mimikyu|Mimikyu, M|100/100
|-damage|p2a: Mimikyu|88/100|[from] Stealth Rock
|turn|17
|
|move|p1a: Cinderace|Pyro Ball|p2a: Mimikyu
|-activate|p2a: Mimikyu|ability: Disguise
|-damage|p2a: Mimikyu|88/100
|detailschange|p2a: Mimikyu|Mimikyu-Busted, M
|-damage|p2a: Mimikyu|76/100|[from] ability: Disguise|[of] p2a: Mimikyu
|move|p2a: Mimikyu|Shadow Claw|p1a: Cinderace
|-damage|p1a: Cinderace|48/100
|-damage|p2a: Mimikyu|66/100|[from] item: Life Orb
|
|upkeep
|turn|18
|
|switch|p2a: Excadrill|Excadrill, M|100/100
|-damage|p2a: Excadrill|98/100|[from] Stealth Rock
|-ability|p2a: Excadrill|Mold Breaker
|-item|p2a: Excadrill|Air Balloon
|move|p1a: Cinderace|Pyro Ball|p2a: Excadrill
|-supereffective|p2a: Excadrill
|-damage|p2a: Excadrill|0 fnt
|-enditem|p2a: Excadrill|Air Balloon
|faint|p2a: Excadrill
|
|upkeep
|
|switch|p2a: Hydreigon|Hydreigon, F|88/100
|-damage|p2a: Hydreigon|76/100|[from] Stealth Rock
|turn|19
|
|move|p2a: Hydreigon|Dark Pulse|p1a: Cinderace
|-damage|p1a: Cinderace|0 fnt
|faint|p1a: Cinderace
|
|upkeep
|
|switch|p1a: Dragapult|Dragapult, F|100/100
|turn|20
|
|move|p2a: Hydreigon|Dark Pulse|p1a: Dragapult
|-supereffective|p1a: Dragapult
|-damage|p1a: Dragapult|0 fnt
|faint|p1a: Dragapult
|
|win|tuuuuun
|raw|lzaaaaa's rating: 1751 → 1725(-26 for losing)
|raw|tuuuuun's rating: 1655 → 1680(+25 for winning)
|l|☆lzaaaaa
