|ScrapeTime|2020-01-01-21:06:24
|j|☆Atrill
|j|☆hiiroG
|player|p1|Atrill|pokemaniac|1302
|player|p2|hiiroG|alder|1312
|teamsize|p1|6
|teamsize|p2|6
|gametype|singles
|gen|8
|tier|[Gen 8] OU
|rated|
|rule|Sleep Clause Mod: Limit one foe put to sleep
|rule|Species Clause: Limit one of each Pokémon
|rule|OHKO Clause: OHKO moves are banned
|rule|Evasion Moves Clause: Evasion moves are banned
|rule|Endless Battle Clause: Forcing endless battles is banned
|rule|HP Percentage Mod: HP is shown in percentages
|clearpoke
|poke|p1|Aegislash, M|
|poke|p1|Rotom-Heat|
|poke|p1|Clefable, F|
|poke|p1|Toxtricity, F|
|poke|p1|Mandibuzz, F|
|poke|p1|Corviknight, M|
|poke|p2|Torkoal, M|
|poke|p2|Shiftry, F|
|poke|p2|Arcanine, F|
|poke|p2|Gastrodon, M|
|poke|p2|Cinderace, F|
|poke|p2|Vileplume, M|
|rule|Dynamax Clause: You cannot dynamax
|teampreview
|
|start
|switch|p1a: Rotom|Rotom-Heat, shiny|100/100
|switch|p2a: Torkoal|Torkoal, M|100/100
|-weather|SunnyDay|[from] ability: Drought|[of] p2a: Torkoal
|turn|1
|inactive|Battle timer is ON: inactive players will automatically lose when time's up. (requested by hiiroG)
|
|move|p1a: Rotom|Nasty Plot|p1a: Rotom
|-boost|p1a: Rotom|spa|2
|move|p2a: Torkoal|Stealth Rock|p1a: Rotom
|-sidestart|p1: Atrill|move: Stealth Rock
|
|-weather|SunnyDay|[upkeep]
|upkeep
|turn|2
|
|move|p1a: Rotom|Nasty Plot|p1a: Rotom
|-boost|p1a: Rotom|spa|2
|move|p2a: Torkoal|Lava Plume|p1a: Rotom
|-resisted|p1a: Rotom
|-damage|p1a: Rotom|81/100
|
|-weather|SunnyDay|[upkeep]
|upkeep
|turn|3
|
|move|p1a: Rotom|Overheat|p2a: Torkoal
|-resisted|p2a: Torkoal
|-damage|p2a: Torkoal|0 fnt
|-unboost|p1a: Rotom|spa|2
|faint|p2a: Torkoal
|
|-weather|SunnyDay|[upkeep]
|upkeep
|inactive|hiiroG has 120 seconds left.
|
|switch|p2a: Arcanine|Arcanine, F|100/100
|-ability|p2a: Arcanine|Intimidate|boost
|-unboost|p1a: Rotom|atk|1
|turn|4
|inactive|hiiroG has 90 seconds left.
|
|move|p2a: Arcanine|Close Combat|p1a: Rotom
|-damage|p1a: Rotom|42/100
|-unboost|p2a: Arcanine|def|1
|-unboost|p2a: Arcanine|spd|1
|move|p1a: Rotom|Volt Switch|p2a: Arcanine
|-damage|p2a: Arcanine|1/100
|
|switch|p1a: Mandibuzz|Mandibuzz, F|100/100|[from]move: Volt Switch
|
|-weather|SunnyDay|[upkeep]
|upkeep
|turn|5
|
|move|p2a: Arcanine|Wild Charge|p1a: Mandibuzz
|-supereffective|p1a: Mandibuzz
|-damage|p1a: Mandibuzz|48/100
|-damage|p2a: Arcanine|0 fnt|[from] Recoil
|faint|p2a: Arcanine
|move|p1a: Mandibuzz|Defog|p2: Arcanine|[notarget]
|-fail|p1a: Mandibuzz
|
|-weather|SunnyDay|[upkeep]
|upkeep
|
|switch|p2a: Cinderace|Cinderace, F|100/100
|turn|6
|
|switch|p1a: Rotom|Rotom-Heat, shiny|42/100
|move|p2a: Cinderace|Pyro Ball|p1a: Rotom
|-resisted|p1a: Rotom
|-damage|p1a: Rotom|0 fnt
|faint|p1a: Rotom
|
|-weather|SunnyDay|[upkeep]
|upkeep
|
|switch|p1a: Clefable|Clefable, F|100/100
|turn|7
|
|move|p2a: Cinderace|Pyro Ball|p1a: Clefable
|-damage|p1a: Clefable|0 fnt
|faint|p1a: Clefable
|
|-weather|SunnyDay|[upkeep]
|upkeep
|
|switch|p1a: Aegislash|Aegislash, M|100/100
|-damage|p1a: Aegislash|94/100|[from] Stealth Rock
|turn|8
|
|move|p1a: Aegislash|King's Shield|p1a: Aegislash
|-singleturn|p1a: Aegislash|Protect
|move|p2a: Cinderace|Pyro Ball|p1a: Aegislash
|-activate|p1a: Aegislash|move: Protect
|
|-weather|none
|-heal|p1a: Aegislash|100/100|[from] item: Leftovers
|upkeep
|turn|9
|
|move|p2a: Cinderace|Pyro Ball|p1a: Aegislash
|-supereffective|p1a: Aegislash
|-damage|p1a: Aegislash|0 fnt
|faint|p1a: Aegislash
|
|upkeep
|
|switch|p1a: Mandibuzz|Mandibuzz, F|48/100
|turn|10
|
|move|p2a: Cinderace|Pyro Ball|p1a: Mandibuzz
|-damage|p1a: Mandibuzz|0 fnt
|faint|p1a: Mandibuzz
|
|upkeep
|
|switch|p1a: Corviknight|Corviknight, M|100/100
|-damage|p1a: Corviknight|88/100|[from] Stealth Rock
|-ability|p1a: Corviknight|Pressure
|turn|11
|
|move|p2a: Cinderace|Pyro Ball|p1a: Corviknight
|-supereffective|p1a: Corviknight
|-damage|p1a: Corviknight|0 fnt
|faint|p1a: Corviknight
|
|upkeep
|
|switch|p1a: Toxtricity|Toxtricity, F|100/100
|-damage|p1a: Toxtricity|88/100|[from] Stealth Rock
|turn|12
|
|move|p2a: Cinderace|Pyro Ball|p1a: Toxtricity
|-damage|p1a: Toxtricity|0 fnt
|faint|p1a: Toxtricity
|
|win|hiiroG
|l|☆Atrill
|raw|Atrill's rating: 1302 → 1283(-19 for losing)
|raw|hiiroG's rating: 1312 → 1332(+20 for winning)
