|ScrapeTime|2020-01-01-07:04:36
|j|☆AsumaTest
|j|☆NubKnightZ
|player|p1|AsumaTest|gambler|1351
|player|p2|NubKnightZ|1|1322
|teamsize|p1|6
|teamsize|p2|6
|gametype|singles
|gen|8
|tier|[Gen 8] OU
|rated|
|rule|Sleep Clause Mod: Limit one foe put to sleep
|rule|Species Clause: Limit one of each Pokémon
|rule|OHKO Clause: OHKO moves are banned
|rule|Evasion Moves Clause: Evasion moves are banned
|rule|Endless Battle Clause: Forcing endless battles is banned
|rule|HP Percentage Mod: HP is shown in percentages
|clearpoke
|poke|p1|Hydreigon, M|
|poke|p1|Corviknight, M|
|poke|p1|Seismitoad, F|
|poke|p1|Sylveon, M|
|poke|p1|Excadrill, F|
|poke|p1|Conkeldurr, F|
|poke|p2|Bisharp, M|
|poke|p2|Seismitoad, M|
|poke|p2|Clefable, M|
|poke|p2|Dragapult, F|
|poke|p2|Corviknight, F|
|poke|p2|Hatterene, F|
|rule|Dynamax Clause: You cannot dynamax
|teampreview
|j| C1K
|
|start
|switch|p1a: Hydreigon|Hydreigon, M|100/100
|switch|p2a: Dragapult|Dragapult, F|100/100
|turn|1
|
|switch|p1a: Sylveon|Sylveon, M|100/100
|switch|p2a: Clefable|Clefable, M|100/100
|
|upkeep
|turn|2
|
|move|p1a: Sylveon|Hyper Voice|p2a: Clefable
|-damage|p2a: Clefable|71/100
|move|p2a: Clefable|Thunder Wave|p1a: Sylveon
|-status|p1a: Sylveon|par
|
|-heal|p2a: Clefable|77/100|[from] item: Leftovers
|upkeep
|turn|3
|
|move|p2a: Clefable|Moonblast|p1a: Sylveon
|-damage|p1a: Sylveon|83/100 par
|-unboost|p1a: Sylveon|spa|1
|move|p1a: Sylveon|Wish|p1a: Sylveon
|
|-heal|p2a: Clefable|83/100|[from] item: Leftovers
|-heal|p1a: Sylveon|89/100 par|[from] item: Leftovers
|upkeep
|turn|4
|
|switch|p1a: Corviknight|Corviknight, M, shiny|100/100
|move|p2a: Clefable|Wish|p2a: Clefable
|
|-heal|p2a: Clefable|90/100|[from] item: Leftovers
|upkeep
|turn|5
|
|move|p1a: Corviknight|Iron Head|p2a: Clefable
|-supereffective|p2a: Clefable
|-crit|p2a: Clefable
|-damage|p2a: Clefable|22/100
|move|p2a: Clefable|Thunder Wave|p1a: Corviknight
|-status|p1a: Corviknight|par
|
|-heal|p2a: Clefable|72/100|[from] move: Wish|[wisher] Clefable
|-heal|p2a: Clefable|78/100|[from] item: Leftovers
|upkeep
|turn|6
|
|move|p2a: Clefable|Wish|p2a: Clefable
|move|p1a: Corviknight|Taunt|p2a: Clefable
|-start|p2a: Clefable|move: Taunt
|
|-heal|p2a: Clefable|84/100|[from] item: Leftovers
|upkeep
|turn|7
|
|switch|p2a: Dragapult|Dragapult, F|100/100
|cant|p1a: Corviknight|par
|
|upkeep
|turn|8
|
|switch|p1a: Sylveon|Sylveon, M|89/100 par
|move|p2a: Dragapult|Shadow Ball|p1a: Sylveon
|-damage|p1a: Sylveon|55/100 par
|
|-heal|p1a: Sylveon|61/100 par|[from] item: Leftovers
|upkeep
|turn|9
|
|switch|p2a: Clefable|Clefable, M|84/100
|cant|p1a: Sylveon|par
|
|-heal|p2a: Clefable|90/100|[from] item: Leftovers
|-heal|p1a: Sylveon|68/100 par|[from] item: Leftovers
|upkeep
|turn|10
|
|move|p2a: Clefable|Moonblast|p1a: Sylveon
|-damage|p1a: Sylveon|50/100 par
|move|p1a: Sylveon|Wish|p1a: Sylveon
|
|-heal|p2a: Clefable|96/100|[from] item: Leftovers
|-heal|p1a: Sylveon|56/100 par|[from] item: Leftovers
|upkeep
|turn|11
|
|switch|p2a: Hatterene|Hatterene, F|100/100
|move|p1a: Sylveon|Hyper Voice|p2a: Hatterene
|-damage|p2a: Hatterene|59/100
|
|-heal|p1a: Sylveon|100/100 par|[from] move: Wish|[wisher] Sylveon
|-heal|p2a: Hatterene|65/100|[from] item: Leftovers
|upkeep
|turn|12
|
|switch|p1a: Corviknight|Corviknight, M, shiny|100/100 par
|move|p2a: Hatterene|Psychic|p1a: Corviknight
|-resisted|p1a: Corviknight
|-damage|p1a: Corviknight|83/100 par
|-ability|p1a: Corviknight|Mirror Armor
|-unboost|p2a: Hatterene|spd|1
|
|-heal|p1a: Corviknight|89/100 par|[from] item: Leftovers
|-heal|p2a: Hatterene|71/100|[from] item: Leftovers
|upkeep
|turn|13
|
|switch|p2a: Dragapult|Dragapult, F|100/100
|move|p1a: Corviknight|U-turn|p2a: Dragapult
|-resisted|p2a: Dragapult
|-damage|p2a: Dragapult|91/100
|
|switch|p1a: Hydreigon|Hydreigon, M|100/100|[from]move: U-turn
|
|upkeep
|turn|14
|
|switch|p2a: Clefable|Clefable, M|96/100
|move|p1a: Hydreigon|U-turn|p2a: Clefable
|-resisted|p2a: Clefable
|-damage|p2a: Clefable|89/100
|
|switch|p1a: Excadrill|Excadrill, F, shiny|100/100|[from]move: U-turn
|-ability|p1a: Excadrill|Mold Breaker
|
|-heal|p2a: Clefable|95/100|[from] item: Leftovers
|upkeep
|turn|15
|
|switch|p1a: Seismitoad|Seismitoad, F|100/100
|switch|p2a: Seismitoad|Seismitoad, M|100/100
|
|upkeep
|turn|16
|
|move|p1a: Seismitoad|Stealth Rock|p2a: Seismitoad
|-sidestart|p2: NubKnightZ|move: Stealth Rock
|move|p2a: Seismitoad|Toxic|p1a: Seismitoad
|-status|p1a: Seismitoad|tox
|
|-damage|p1a: Seismitoad|94/100 tox|[from] psn
|upkeep
|turn|17
|
|move|p1a: Seismitoad|Toxic|p2a: Seismitoad
|-status|p2a: Seismitoad|tox
|move|p2a: Seismitoad|Stealth Rock|p1a: Seismitoad
|-sidestart|p1: AsumaTest|move: Stealth Rock
|
|-heal|p1a: Seismitoad|100/100 tox|[from] item: Leftovers
|-damage|p1a: Seismitoad|88/100 tox|[from] psn
|-damage|p2a: Seismitoad|94/100 tox|[from] psn
|upkeep
|turn|18
|
|switch|p1a: Corviknight|Corviknight, M, shiny|89/100 par
|-damage|p1a: Corviknight|77/100 par|[from] Stealth Rock
|switch|p2a: Dragapult|Dragapult, F|91/100
|-damage|p2a: Dragapult|79/100|[from] Stealth Rock
|
|-heal|p1a: Corviknight|83/100 par|[from] item: Leftovers
|upkeep
|turn|19
|
|move|p2a: Dragapult|Fire Blast|p1a: Corviknight
|-supereffective|p1a: Corviknight
|-damage|p1a: Corviknight|13/100 par
|move|p1a: Corviknight|Roost|p1a: Corviknight
|-heal|p1a: Corviknight|63/100 par
|-singleturn|p1a: Corviknight|move: Roost
|
|-heal|p1a: Corviknight|69/100 par|[from] item: Leftovers
|upkeep
|turn|20
|
|switch|p1a: Hydreigon|Hydreigon, M|100/100
|-damage|p1a: Hydreigon|88/100|[from] Stealth Rock
|move|p2a: Dragapult|Fire Blast|p1a: Hydreigon|[miss]
|-miss|p2a: Dragapult|p1a: Hydreigon
|
|upkeep
|turn|21
|
|switch|p2a: Clefable|Clefable, M|95/100
|move|p1a: Hydreigon|U-turn|p2a: Clefable
|-resisted|p2a: Clefable
|-damage|p2a: Clefable|88/100
|
|switch|p1a: Excadrill|Excadrill, F, shiny|100/100|[from]move: U-turn
|-damage|p1a: Excadrill|97/100|[from] Stealth Rock
|-ability|p1a: Excadrill|Mold Breaker
|
|-heal|p1a: Excadrill|100/100|[from] item: Leftovers
|-heal|p2a: Clefable|94/100|[from] item: Leftovers
|upkeep
|turn|22
|
|switch|p2a: Seismitoad|Seismitoad, M|94/100 tox
|-damage|p2a: Seismitoad|88/100 tox|[from] Stealth Rock
|move|p1a: Excadrill|Rapid Spin|p2a: Seismitoad
|-damage|p2a: Seismitoad|75/100 tox
|-sideend|p1: AsumaTest|Stealth Rock|[from] move: Rapid Spin|[of] p1a: Excadrill
|-boost|p1a: Excadrill|spe|1
|
|-heal|p2a: Seismitoad|81/100 tox|[from] item: Leftovers
|-damage|p2a: Seismitoad|75/100 tox|[from] psn
|upkeep
|turn|23
|
|switch|p1a: Conkeldurr|Conkeldurr, F, shiny|100/100
|switch|p2a: Corviknight|Corviknight, F|100/100
|-damage|p2a: Corviknight|88/100|[from] Stealth Rock
|-ability|p2a: Corviknight|Pressure
|
|-heal|p2a: Corviknight|94/100|[from] item: Leftovers
|-status|p1a: Conkeldurr|brn|[from] item: Flame Orb
|upkeep
|turn|24
|
|move|p2a: Corviknight|Defog|p1a: Conkeldurr
|-unboost|p1a: Conkeldurr|evasion|1
|-sideend|p2: NubKnightZ|Stealth Rock|[from] move: Defog|[of] p2a: Corviknight
|move|p1a: Conkeldurr|Drain Punch|p2a: Corviknight
|-damage|p2a: Corviknight|48/100
|
|-heal|p2a: Corviknight|54/100|[from] item: Leftovers
|-damage|p1a: Conkeldurr|94/100 brn|[from] brn
|upkeep
|turn|25
|
|move|p2a: Corviknight|U-turn|p1a: Conkeldurr
|-resisted|p1a: Conkeldurr
|-damage|p1a: Conkeldurr|88/100 brn
|
|switch|p2a: Clefable|Clefable, M|94/100|[from]move: U-turn
|move|p1a: Conkeldurr|Facade|p2a: Clefable
|-damage|p2a: Clefable|14/100
|
|-heal|p2a: Clefable|21/100|[from] item: Leftovers
|-damage|p1a: Conkeldurr|82/100 brn|[from] brn
|upkeep
|turn|26
|
|move|p2a: Clefable|Protect|p2a: Clefable
|-singleturn|p2a: Clefable|Protect
|move|p1a: Conkeldurr|Facade|p2a: Clefable
|-activate|p2a: Clefable|move: Protect
|
|-heal|p2a: Clefable|27/100|[from] item: Leftovers
|-damage|p1a: Conkeldurr|76/100 brn|[from] brn
|upkeep
|turn|27
|
|switch|p2a: Dragapult|Dragapult, F|79/100
|move|p1a: Conkeldurr|Earthquake|p2a: Dragapult
|-crit|p2a: Dragapult
|-damage|p2a: Dragapult|0 fnt
|faint|p2a: Dragapult
|
|-damage|p1a: Conkeldurr|70/100 brn|[from] brn
|upkeep
|
|switch|p2a: Clefable|Clefable, M|27/100
|turn|28
|
|switch|p1a: Excadrill|Excadrill, F, shiny|100/100
|-ability|p1a: Excadrill|Mold Breaker
|move|p2a: Clefable|Protect||[still]
|-fail|p2a: Clefable
|
|-heal|p2a: Clefable|33/100|[from] item: Leftovers
|upkeep
|turn|29
|
|switch|p2a: Corviknight|Corviknight, F|54/100
|-ability|p2a: Corviknight|Pressure
|move|p1a: Excadrill|Swords Dance|p1a: Excadrill
|-boost|p1a: Excadrill|atk|2
|
|-heal|p2a: Corviknight|60/100|[from] item: Leftovers
|upkeep
|turn|30
|
|move|p1a: Excadrill|Iron Head|p2a: Corviknight
|-resisted|p2a: Corviknight
|-damage|p2a: Corviknight|33/100
|move|p2a: Corviknight|Roost|p2a: Corviknight
|-heal|p2a: Corviknight|83/100
|-singleturn|p2a: Corviknight|move: Roost
|
|-heal|p2a: Corviknight|89/100|[from] item: Leftovers
|upkeep
|turn|31
|
|move|p1a: Excadrill|Swords Dance|p1a: Excadrill
|-boost|p1a: Excadrill|atk|2
|move|p2a: Corviknight|Brave Bird|p1a: Excadrill
|-resisted|p1a: Excadrill
|-damage|p1a: Excadrill|73/100
|-damage|p2a: Corviknight|81/100|[from] Recoil
|
|-heal|p1a: Excadrill|79/100|[from] item: Leftovers
|-heal|p2a: Corviknight|87/100|[from] item: Leftovers
|upkeep
|turn|32
|
|move|p1a: Excadrill|Swords Dance|p1a: Excadrill
|-boost|p1a: Excadrill|atk|2
|move|p2a: Corviknight|Brave Bird|p1a: Excadrill
|-resisted|p1a: Excadrill
|-damage|p1a: Excadrill|52/100
|-damage|p2a: Corviknight|79/100|[from] Recoil
|
|-heal|p1a: Excadrill|58/100|[from] item: Leftovers
|-heal|p2a: Corviknight|85/100|[from] item: Leftovers
|upkeep
|turn|33
|
|move|p1a: Excadrill|Iron Head|p2a: Corviknight
|-resisted|p2a: Corviknight
|-damage|p2a: Corviknight|30/100
|move|p2a: Corviknight|Roost|p2a: Corviknight
|-heal|p2a: Corviknight|80/100
|-singleturn|p2a: Corviknight|move: Roost
|
|-heal|p1a: Excadrill|64/100|[from] item: Leftovers
|-heal|p2a: Corviknight|86/100|[from] item: Leftovers
|upkeep
|turn|34
|
|move|p1a: Excadrill|Iron Head|p2a: Corviknight
|-resisted|p2a: Corviknight
|-damage|p2a: Corviknight|27/100
|cant|p2a: Corviknight|flinch
|
|-heal|p1a: Excadrill|70/100|[from] item: Leftovers
|-heal|p2a: Corviknight|33/100|[from] item: Leftovers
|upkeep
|turn|35
|-message|NubKnightZ forfeited.
|
|win|AsumaTest
|l|☆NubKnightZ
|raw|AsumaTest's rating: 1351 → 1369(+18 for winning)
|raw|NubKnightZ's rating: 1322 → 1304(-18 for losing)
|l| C1K
