|ScrapeTime|2020-01-01-09:14:55
|j|☆CaptenCollin
|j|☆Lay the Bizarre
|player|p1|CaptenCollin|brock|1285
|player|p2|Lay the Bizarre|265|1217
|teamsize|p1|6
|teamsize|p2|6
|gametype|singles
|gen|8
|tier|[Gen 8] OU
|rated|
|rule|Sleep Clause Mod: Limit one foe put to sleep
|rule|Species Clause: Limit one of each Pokémon
|rule|OHKO Clause: OHKO moves are banned
|rule|Evasion Moves Clause: Evasion moves are banned
|rule|Endless Battle Clause: Forcing endless battles is banned
|rule|HP Percentage Mod: HP is shown in percentages
|clearpoke
|poke|p1|Dragapult, M|
|poke|p1|Durant, M|
|poke|p1|Centiskorch, F|
|poke|p1|Seismitoad, M|
|poke|p1|Hatterene, F|
|poke|p1|Corviknight, F|
|poke|p2|Chandelure, F|
|poke|p2|Cinderace, M|
|poke|p2|Dugtrio, F|
|poke|p2|Hydreigon, M|
|poke|p2|Corsola-Galar, M|
|poke|p2|Seismitoad, F|
|rule|Dynamax Clause: You cannot dynamax
|teampreview
|
|start
|switch|p1a: Durant|Durant, M, shiny|100/100
|switch|p2a: Cinderace|Cinderace, M|100/100
|turn|1
|
|switch|p1a: Seismitoad|Seismitoad, M|100/100
|move|p2a: Cinderace|Pyro Ball|p1a: Seismitoad
|-resisted|p1a: Seismitoad
|-damage|p1a: Seismitoad|79/100
|
|-heal|p1a: Seismitoad|85/100|[from] item: Leftovers
|upkeep
|turn|2
|
|move|p2a: Cinderace|U-turn|p1a: Seismitoad
|-damage|p1a: Seismitoad|69/100
|
|switch|p2a: Hydreigon|Hydreigon, M|100/100|[from]move: U-turn
|move|p1a: Seismitoad|Toxic|p2a: Hydreigon
|-status|p2a: Hydreigon|tox
|
|-heal|p1a: Seismitoad|75/100|[from] item: Leftovers
|-damage|p2a: Hydreigon|94/100 tox|[from] psn
|upkeep
|turn|3
|
|switch|p1a: Centiskorch|Centiskorch, F|100/100
|move|p2a: Hydreigon|Draco Meteor|p1a: Centiskorch
|-damage|p1a: Centiskorch|54/100
|-unboost|p2a: Hydreigon|spa|2
|
|-damage|p2a: Hydreigon|82/100 tox|[from] psn
|upkeep
|turn|4
|
|switch|p2a: Corsola|Corsola-Galar, M|100/100
|move|p1a: Centiskorch|Knock Off|p2a: Corsola
|-supereffective|p2a: Corsola
|-damage|p2a: Corsola|76/100
|-enditem|p2a: Corsola|Eviolite|[from] move: Knock Off|[of] p1a: Centiskorch
|
|upkeep
|turn|5
|
|switch|p1a: Hatterene|Hatterene, F|100/100
|move|p2a: Corsola|Amnesia|p2a: Corsola
|-boost|p2a: Corsola|spd|2
|
|upkeep
|turn|6
|
|move|p1a: Hatterene|Calm Mind|p1a: Hatterene
|-boost|p1a: Hatterene|spa|1
|-boost|p1a: Hatterene|spd|1
|move|p2a: Corsola|Night Shade|p1a: Hatterene
|-damage|p1a: Hatterene|69/100
|
|-heal|p1a: Hatterene|75/100|[from] item: Leftovers
|upkeep
|turn|7
|
|move|p1a: Hatterene|Draining Kiss|p2a: Corsola
|-damage|p2a: Corsola|58/100
|-heal|p1a: Hatterene|89/100|[from] drain|[of] p2a: Corsola
|move|p2a: Corsola|Night Shade|p1a: Hatterene
|-damage|p1a: Hatterene|58/100
|
|-heal|p1a: Hatterene|64/100|[from] item: Leftovers
|upkeep
|turn|8
|
|move|p1a: Hatterene|Draining Kiss|p2a: Corsola
|-damage|p2a: Corsola|40/100
|-heal|p1a: Hatterene|78/100|[from] drain|[of] p2a: Corsola
|-start|p1a: Hatterene|Disable|Draining Kiss|[from] ability: Cursed Body|[of] p2a: Corsola
|move|p2a: Corsola|Amnesia|p2a: Corsola
|-boost|p2a: Corsola|spd|2
|
|-heal|p1a: Hatterene|84/100|[from] item: Leftovers
|upkeep
|turn|9
|
|move|p1a: Hatterene|Psychic|p2a: Corsola
|-damage|p2a: Corsola|20/100
|-unboost|p2a: Corsola|spd|1
|move|p2a: Corsola|Night Shade|p1a: Hatterene
|-damage|p1a: Hatterene|52/100
|
|-heal|p1a: Hatterene|58/100|[from] item: Leftovers
|upkeep
|turn|10
|inactive|Battle timer is ON: inactive players will automatically lose when time's up. (requested by Lay the Bizarre)
|
|switch|p2a: Hydreigon|Hydreigon, M|82/100 tox
|move|p1a: Hatterene|Mystical Fire|p2a: Hydreigon
|-resisted|p2a: Hydreigon
|-damage|p2a: Hydreigon|63/100 tox
|-unboost|p2a: Hydreigon|spa|1
|
|-heal|p1a: Hatterene|64/100|[from] item: Leftovers
|-damage|p2a: Hydreigon|57/100 tox|[from] psn
|upkeep
|turn|11
|inactive|Lay the Bizarre has 120 seconds left.
|
|switch|p1a: Centiskorch|Centiskorch, F|54/100
|move|p2a: Hydreigon|U-turn|p1a: Centiskorch
|-resisted|p1a: Centiskorch
|-damage|p1a: Centiskorch|45/100
|
|switch|p2a: Dugtrio|Dugtrio, F|100/100|[from]move: U-turn
|
|upkeep
|turn|12
|
|move|p2a: Dugtrio|Stone Edge|p1a: Centiskorch
|-supereffective|p1a: Centiskorch
|-crit|p1a: Centiskorch
|-damage|p1a: Centiskorch|0 fnt
|faint|p1a: Centiskorch
|
|upkeep
|
|switch|p1a: Durant|Durant, M, shiny|100/100
|turn|13
|
|move|p1a: Durant|First Impression|p2a: Dugtrio|[miss]
|-miss|p1a: Durant|p2a: Dugtrio
|move|p2a: Dugtrio|Earthquake|p1a: Durant
|-damage|p1a: Durant|46/100
|
|upkeep
|turn|14
|
|move|p2a: Dugtrio|Earthquake|p1a: Durant
|-damage|p1a: Durant|0 fnt
|faint|p1a: Durant
|
|upkeep
|
|switch|p1a: Seismitoad|Seismitoad, M|75/100
|turn|15
|inactive|Lay the Bizarre has 120 seconds left.
|
|switch|p2a: Corsola|Corsola-Galar, M|20/100
|move|p1a: Seismitoad|Stealth Rock|p2a: Corsola
|-sidestart|p2: Lay the Bizarre|move: Stealth Rock
|
|-heal|p1a: Seismitoad|81/100|[from] item: Leftovers
|upkeep
|turn|16
|
|move|p1a: Seismitoad|Earthquake|p2a: Corsola
|-damage|p2a: Corsola|0 fnt
|-start|p1a: Seismitoad|Disable|Earthquake|[from] ability: Cursed Body|[of] p2a: Corsola
|faint|p2a: Corsola
|
|-heal|p1a: Seismitoad|87/100|[from] item: Leftovers
|upkeep
|
|switch|p2a: Hydreigon|Hydreigon, M|57/100 tox
|-damage|p2a: Hydreigon|44/100 tox|[from] Stealth Rock
|turn|17
|
|switch|p1a: Corviknight|Corviknight, F|100/100
|-ability|p1a: Corviknight|Pressure
|move|p2a: Hydreigon|U-turn|p1a: Corviknight
|-resisted|p1a: Corviknight
|-damage|p1a: Corviknight|98/100
|
|switch|p2a: Cinderace|Cinderace, M|100/100|[from]move: U-turn
|
|-heal|p1a: Corviknight|100/100|[from] item: Leftovers
|upkeep
|turn|18
|
|move|p2a: Cinderace|Pyro Ball|p1a: Corviknight
|-supereffective|p1a: Corviknight
|-damage|p1a: Corviknight|13/100
|move|p1a: Corviknight|U-turn|p2a: Cinderace
|-resisted|p2a: Cinderace
|-damage|p2a: Cinderace|91/100
|
|switch|p1a: Dragapult|Dragapult, M|100/100|[from]move: U-turn
|
|upkeep
|turn|19
|
|move|p2a: Cinderace|Sucker Punch|p1a: Dragapult
|-supereffective|p1a: Dragapult
|-damage|p1a: Dragapult|40/100
|move|p1a: Dragapult|Draco Meteor|p2a: Cinderace
|-crit|p2a: Cinderace
|-damage|p2a: Cinderace|0 fnt
|-unboost|p1a: Dragapult|spa|2
|faint|p2a: Cinderace
|
|upkeep
|
|switch|p2a: Hydreigon|Hydreigon, M|44/100 tox
|-damage|p2a: Hydreigon|32/100 tox|[from] Stealth Rock
|turn|20
|
|move|p2a: Hydreigon|Draco Meteor|p1a: Dragapult
|-supereffective|p1a: Dragapult
|-damage|p1a: Dragapult|0 fnt
|-unboost|p2a: Hydreigon|spa|2
|faint|p1a: Dragapult
|
|-damage|p2a: Hydreigon|26/100 tox|[from] psn
|upkeep
|
|switch|p1a: Hatterene|Hatterene, F|64/100
|turn|21
|
|switch|p2a: Seismitoad|Seismitoad, F|100/100
|-damage|p2a: Seismitoad|94/100|[from] Stealth Rock
|move|p1a: Hatterene|Draining Kiss|p2a: Seismitoad
|-damage|p2a: Seismitoad|72/100
|-heal|p1a: Hatterene|84/100|[from] drain|[of] p2a: Seismitoad
|
|-heal|p2a: Seismitoad|78/100|[from] item: Leftovers
|-heal|p1a: Hatterene|90/100|[from] item: Leftovers
|upkeep
|turn|22
|
|switch|p2a: Dugtrio|Dugtrio, F|100/100
|-damage|p2a: Dugtrio|94/100|[from] Stealth Rock
|move|p1a: Hatterene|Calm Mind|p1a: Hatterene
|-boost|p1a: Hatterene|spa|1
|-boost|p1a: Hatterene|spd|1
|
|-heal|p1a: Hatterene|96/100|[from] item: Leftovers
|upkeep
|turn|23
|
|move|p2a: Dugtrio|Earthquake|p1a: Hatterene
|-damage|p1a: Hatterene|62/100
|move|p1a: Hatterene|Draining Kiss|p2a: Dugtrio
|-damage|p2a: Dugtrio|16/100
|-heal|p1a: Hatterene|100/100|[from] drain|[of] p2a: Dugtrio
|
|upkeep
|turn|24
|
|move|p2a: Dugtrio|Memento|p1a: Hatterene
|-unboost|p1a: Hatterene|atk|2
|-unboost|p1a: Hatterene|spa|2
|faint|p2a: Dugtrio
|move|p1a: Hatterene|Draining Kiss|p2: Dugtrio|[notarget]
|-fail|p1a: Hatterene
|
|upkeep
|
|switch|p2a: Chandelure|Chandelure, F|100/100
|-damage|p2a: Chandelure|76/100|[from] Stealth Rock
|turn|25
|
|move|p2a: Chandelure|Imprison|p2a: Chandelure
|-start|p2a: Chandelure|move: Imprison
|cant|p1a: Hatterene|move: Imprison|Psychic
|
|upkeep
|turn|26
|
|switch|p1a: Seismitoad|Seismitoad, M|87/100
|move|p2a: Chandelure|Shadow Ball|p1a: Seismitoad
|-damage|p1a: Seismitoad|41/100
|
|-heal|p1a: Seismitoad|47/100|[from] item: Leftovers
|upkeep
|turn|27
|
|move|p2a: Chandelure|Shadow Ball|p1a: Seismitoad
|-damage|p1a: Seismitoad|0 fnt
|faint|p1a: Seismitoad
|
|upkeep
|
|switch|p1a: Hatterene|Hatterene, F|100/100
|turn|28
|
|move|p2a: Chandelure|Shadow Ball|p1a: Hatterene
|-supereffective|p1a: Hatterene
|-damage|p1a: Hatterene|0 fnt
|faint|p1a: Hatterene
|
|upkeep
|-message|CaptenCollin forfeited.
|
|win|Lay the Bizarre
|l|☆CaptenCollin
|raw|CaptenCollin's rating: 1285 → 1256(-29 for losing)
|raw|Lay the Bizarre's rating: 1217 → 1247(+30 for winning)
