|ScrapeTime|2020-01-01-22:22:26
|j|☆PaperToadster
|j|☆brayan9999
|player|p1|PaperToadster|206|1180
|player|p2|brayan9999|59|1144
|teamsize|p1|6
|teamsize|p2|6
|gametype|singles
|gen|8
|tier|[Gen 8] OU
|rated|
|rule|Sleep Clause Mod: Limit one foe put to sleep
|rule|Species Clause: Limit one of each Pokémon
|rule|OHKO Clause: OHKO moves are banned
|rule|Evasion Moves Clause: Evasion moves are banned
|rule|Endless Battle Clause: Forcing endless battles is banned
|rule|HP Percentage Mod: HP is shown in percentages
|clearpoke
|poke|p1|Seismitoad, M|
|poke|p1|Chandelure, M|
|poke|p1|Arctozolt|
|poke|p1|Mandibuzz, F|
|poke|p1|Togekiss, M|
|poke|p1|Ferrothorn, M|
|poke|p2|Corviknight, M|
|poke|p2|Dugtrio, F|
|poke|p2|Appletun, F|
|poke|p2|Mimikyu, F|
|poke|p2|Rotom-Wash|
|poke|p2|Cinderace, M|
|rule|Dynamax Clause: You cannot dynamax
|teampreview
|
|start
|switch|p1a: Mandibuzz|Mandibuzz, F|100/100
|switch|p2a: Rotom|Rotom-Wash|100/100
|turn|1
|
|switch|p1a: Seismitoad|Seismitoad, M|100/100
|move|p2a: Rotom|Discharge|p1a: Seismitoad
|-immune|p1a: Seismitoad
|
|upkeep
|turn|2
|
|move|p2a: Rotom|Will-O-Wisp|p1a: Seismitoad
|-status|p1a: Seismitoad|brn
|move|p1a: Seismitoad|Stealth Rock|p2a: Rotom
|-sidestart|p2: brayan9999|move: Stealth Rock
|
|-damage|p1a: Seismitoad|94/100 brn|[from] brn
|upkeep
|turn|3
|
|switch|p2a: Appletun|Appletun, F|100/100
|-damage|p2a: Appletun|88/100|[from] Stealth Rock
|move|p1a: Seismitoad|Toxic|p2a: Appletun|[miss]
|-miss|p1a: Seismitoad|p2a: Appletun
|
|-heal|p2a: Appletun|94/100|[from] item: Leftovers
|-damage|p1a: Seismitoad|88/100 brn|[from] brn
|upkeep
|turn|4
|
|switch|p1a: Ferrothorn|Ferrothorn, M|100/100
|move|p2a: Appletun|Apple Acid|p1a: Ferrothorn
|-resisted|p1a: Ferrothorn
|-damage|p1a: Ferrothorn|93/100
|-unboost|p1a: Ferrothorn|spd|1
|
|-heal|p2a: Appletun|99/100|[from] item: Leftovers
|-heal|p1a: Ferrothorn|99/100|[from] item: Leftovers
|upkeep
|turn|5
|
|switch|p2a: Corviknight|Corviknight, M|100/100
|-damage|p2a: Corviknight|88/100|[from] Stealth Rock
|switch|p1a: Togekiss|Togekiss, M|100/100
|
|-heal|p2a: Corviknight|94/100|[from] item: Leftovers
|upkeep
|turn|6
|
|move|p1a: Togekiss|Thunder Wave|p2a: Corviknight
|-status|p2a: Corviknight|par
|cant|p2a: Corviknight|par
|
|-heal|p2a: Corviknight|100/100 par|[from] item: Leftovers
|upkeep
|turn|7
|
|move|p1a: Togekiss|Air Slash|p2a: Corviknight
|-resisted|p2a: Corviknight
|-damage|p2a: Corviknight|85/100 par
|cant|p2a: Corviknight|flinch
|
|-heal|p2a: Corviknight|91/100 par|[from] item: Leftovers
|upkeep
|turn|8
|
|move|p1a: Togekiss|Air Slash|p2a: Corviknight
|-resisted|p2a: Corviknight
|-damage|p2a: Corviknight|76/100 par
|cant|p2a: Corviknight|flinch
|
|-heal|p2a: Corviknight|83/100 par|[from] item: Leftovers
|upkeep
|turn|9
|
|move|p1a: Togekiss|Air Slash|p2a: Corviknight
|-resisted|p2a: Corviknight
|-damage|p2a: Corviknight|67/100 par
|move|p2a: Corviknight|Defog|p1a: Togekiss
|-unboost|p1a: Togekiss|evasion|1
|-sideend|p2: brayan9999|Stealth Rock|[from] move: Defog|[of] p2a: Corviknight
|
|-heal|p2a: Corviknight|73/100 par|[from] item: Leftovers
|upkeep
|turn|10
|
|switch|p2a: Rotom|Rotom-Wash|100/100
|move|p1a: Togekiss|Air Slash|p2a: Rotom
|-resisted|p2a: Rotom
|-damage|p2a: Rotom|83/100
|
|-heal|p2a: Rotom|89/100|[from] item: Leftovers
|upkeep
|turn|11
|
|switch|p1a: Seismitoad|Seismitoad, M|88/100 brn
|move|p2a: Rotom|Discharge|p1a: Seismitoad
|-immune|p1a: Seismitoad
|
|-heal|p2a: Rotom|95/100|[from] item: Leftovers
|-damage|p1a: Seismitoad|82/100 brn|[from] brn
|upkeep
|turn|12
|
|switch|p2a: Appletun|Appletun, F|99/100
|move|p1a: Seismitoad|Stealth Rock|p2a: Appletun
|-sidestart|p2: brayan9999|move: Stealth Rock
|
|-heal|p2a: Appletun|100/100|[from] item: Leftovers
|-damage|p1a: Seismitoad|76/100 brn|[from] brn
|upkeep
|turn|13
|
|switch|p1a: Togekiss|Togekiss, M|100/100
|move|p2a: Appletun|Leech Seed|p1a: Togekiss|[miss]
|-miss|p2a: Appletun|p1a: Togekiss
|
|upkeep
|turn|14
|
|move|p1a: Togekiss|Air Slash|p2a: Appletun
|-supereffective|p2a: Appletun
|-damage|p2a: Appletun|45/100
|move|p2a: Appletun|Leech Seed|p1a: Togekiss
|-start|p1a: Togekiss|move: Leech Seed
|
|-heal|p2a: Appletun|51/100|[from] item: Leftovers
|-damage|p1a: Togekiss|88/100|[from] Leech Seed|[of] p2a: Appletun
|-heal|p2a: Appletun|62/100|[silent]
|upkeep
|turn|15
|
|switch|p2a: Rotom|Rotom-Wash|95/100
|-damage|p2a: Rotom|83/100|[from] Stealth Rock
|move|p1a: Togekiss|Air Slash|p2a: Rotom
|-resisted|p2a: Rotom
|-damage|p2a: Rotom|66/100
|
|-heal|p2a: Rotom|72/100|[from] item: Leftovers
|-damage|p1a: Togekiss|76/100|[from] Leech Seed|[of] p2a: Rotom
|-heal|p2a: Rotom|91/100|[silent]
|upkeep
|turn|16
|
|switch|p1a: Seismitoad|Seismitoad, M|76/100 brn
|move|p2a: Rotom|Discharge|p1a: Seismitoad
|-immune|p1a: Seismitoad
|
|-heal|p2a: Rotom|97/100|[from] item: Leftovers
|-damage|p1a: Seismitoad|70/100 brn|[from] brn
|upkeep
|turn|17
|
|switch|p2a: Corviknight|Corviknight, M|73/100 par
|-damage|p2a: Corviknight|61/100 par|[from] Stealth Rock
|move|p1a: Seismitoad|Toxic||[still]
|-fail|p1a: Seismitoad
|
|-heal|p2a: Corviknight|67/100 par|[from] item: Leftovers
|-damage|p1a: Seismitoad|64/100 brn|[from] brn
|upkeep
|turn|18
|
|move|p1a: Seismitoad|Scald|p2a: Corviknight
|-damage|p2a: Corviknight|42/100 par
|move|p2a: Corviknight|Defog|p1a: Seismitoad
|-unboost|p1a: Seismitoad|evasion|1
|-sideend|p2: brayan9999|Stealth Rock|[from] move: Defog|[of] p2a: Corviknight
|
|-heal|p2a: Corviknight|48/100 par|[from] item: Leftovers
|-damage|p1a: Seismitoad|58/100 brn|[from] brn
|upkeep
|turn|19
|
|switch|p2a: Appletun|Appletun, F|62/100
|move|p1a: Seismitoad|Toxic|p2a: Appletun
|-status|p2a: Appletun|tox
|
|-heal|p2a: Appletun|68/100 tox|[from] item: Leftovers
|-damage|p1a: Seismitoad|52/100 brn|[from] brn
|-damage|p2a: Appletun|62/100 tox|[from] psn
|upkeep
|turn|20
|
|switch|p1a: Togekiss|Togekiss, M|76/100
|move|p2a: Appletun|Leech Seed|p1a: Togekiss
|-start|p1a: Togekiss|move: Leech Seed
|
|-heal|p2a: Appletun|68/100 tox|[from] item: Leftovers
|-damage|p1a: Togekiss|64/100|[from] Leech Seed|[of] p2a: Appletun
|-heal|p2a: Appletun|79/100 tox|[silent]
|-damage|p2a: Appletun|67/100 tox|[from] psn
|upkeep
|turn|21
|
|switch|p2a: Rotom|Rotom-Wash|97/100
|move|p1a: Togekiss|Air Slash|p2a: Rotom
|-resisted|p2a: Rotom
|-damage|p2a: Rotom|80/100
|
|-heal|p2a: Rotom|86/100|[from] item: Leftovers
|-damage|p1a: Togekiss|51/100|[from] Leech Seed|[of] p2a: Rotom
|-heal|p2a: Rotom|100/100|[silent]
|upkeep
|turn|22
|
|switch|p1a: Seismitoad|Seismitoad, M|52/100 brn
|move|p2a: Rotom|Discharge|p1a: Seismitoad
|-immune|p1a: Seismitoad
|
|-damage|p1a: Seismitoad|46/100 brn|[from] brn
|upkeep
|turn|23
|
|switch|p2a: Appletun|Appletun, F|67/100 tox
|move|p1a: Seismitoad|Stealth Rock|p2a: Appletun
|-sidestart|p2: brayan9999|move: Stealth Rock
|
|-heal|p2a: Appletun|73/100 tox|[from] item: Leftovers
|-damage|p1a: Seismitoad|40/100 brn|[from] brn
|-damage|p2a: Appletun|67/100 tox|[from] psn
|upkeep
|turn|24
|
|switch|p1a: Togekiss|Togekiss, M|51/100
|move|p2a: Appletun|Leech Seed|p1a: Togekiss|[miss]
|-miss|p2a: Appletun|p1a: Togekiss
|
|-heal|p2a: Appletun|73/100 tox|[from] item: Leftovers
|-damage|p2a: Appletun|61/100 tox|[from] psn
|upkeep
|turn|25
|
|switch|p2a: Rotom|Rotom-Wash|100/100
|-damage|p2a: Rotom|88/100|[from] Stealth Rock
|move|p1a: Togekiss|Wish|p1a: Togekiss
|
|-heal|p2a: Rotom|94/100|[from] item: Leftovers
|upkeep
|turn|26
|
|switch|p2a: Corviknight|Corviknight, M|48/100 par
|-damage|p2a: Corviknight|36/100 par|[from] Stealth Rock
|switch|p1a: Seismitoad|Seismitoad, M|40/100 brn
|
|-heal|p1a: Seismitoad|85/100 brn|[from] move: Wish|[wisher] Togekiss
|-heal|p2a: Corviknight|42/100 par|[from] item: Leftovers
|-damage|p1a: Seismitoad|79/100 brn|[from] brn
|upkeep
|turn|27
|
|move|p1a: Seismitoad|Scald|p2a: Corviknight
|-damage|p2a: Corviknight|19/100 par
|move|p2a: Corviknight|Defog|p1a: Seismitoad
|-unboost|p1a: Seismitoad|evasion|1
|-sideend|p2: brayan9999|Stealth Rock|[from] move: Defog|[of] p2a: Corviknight
|
|-heal|p2a: Corviknight|25/100 par|[from] item: Leftovers
|-damage|p1a: Seismitoad|73/100 brn|[from] brn
|upkeep
|turn|28
|
|switch|p2a: Appletun|Appletun, F|61/100 tox
|move|p1a: Seismitoad|Toxic|p2a: Appletun
|-fail|p2a: Appletun|tox
|
|-heal|p2a: Appletun|67/100 tox|[from] item: Leftovers
|-damage|p1a: Seismitoad|67/100 brn|[from] brn
|-damage|p2a: Appletun|61/100 tox|[from] psn
|upkeep
|turn|29
|
|switch|p1a: Togekiss|Togekiss, M|51/100
|move|p2a: Appletun|Leech Seed|p1a: Togekiss
|-start|p1a: Togekiss|move: Leech Seed
|
|-heal|p2a: Appletun|67/100 tox|[from] item: Leftovers
|-damage|p1a: Togekiss|39/100|[from] Leech Seed|[of] p2a: Appletun
|-heal|p2a: Appletun|78/100 tox|[silent]
|-damage|p2a: Appletun|66/100 tox|[from] psn
|upkeep
|turn|30
|
|switch|p2a: Corviknight|Corviknight, M|25/100 par
|move|p1a: Togekiss|Wish|p1a: Togekiss
|
|-heal|p2a: Corviknight|31/100 par|[from] item: Leftovers
|-damage|p1a: Togekiss|27/100|[from] Leech Seed|[of] p2a: Corviknight
|-heal|p2a: Corviknight|43/100 par|[silent]
|upkeep
|turn|31
|
|move|p1a: Togekiss|Protect|p1a: Togekiss
|-singleturn|p1a: Togekiss|Protect
|move|p2a: Corviknight|Brave Bird|p1a: Togekiss
|-activate|p1a: Togekiss|move: Protect
|
|-heal|p1a: Togekiss|77/100|[from] move: Wish|[wisher] Togekiss
|-heal|p2a: Corviknight|49/100 par|[from] item: Leftovers
|-damage|p1a: Togekiss|64/100|[from] Leech Seed|[of] p2a: Corviknight
|-heal|p2a: Corviknight|61/100 par|[silent]
|upkeep
|turn|32
|
|switch|p1a: Mandibuzz|Mandibuzz, F|100/100
|move|p2a: Corviknight|Iron Head|p1a: Mandibuzz
|-damage|p1a: Mandibuzz|82/100
|
|-heal|p2a: Corviknight|67/100 par|[from] item: Leftovers
|upkeep
|turn|33
|
|switch|p2a: Rotom|Rotom-Wash|94/100
|move|p1a: Mandibuzz|Knock Off|p2a: Rotom
|-damage|p2a: Rotom|65/100
|-enditem|p2a: Rotom|Leftovers|[from] move: Knock Off|[of] p1a: Mandibuzz
|
|upkeep
|turn|34
|
|switch|p1a: Seismitoad|Seismitoad, M|67/100 brn
|move|p2a: Rotom|Discharge|p1a: Seismitoad
|-immune|p1a: Seismitoad
|
|-damage|p1a: Seismitoad|61/100 brn|[from] brn
|upkeep
|turn|35
|
|switch|p2a: Appletun|Appletun, F|66/100 tox
|move|p1a: Seismitoad|Stealth Rock|p2a: Appletun
|-sidestart|p2: brayan9999|move: Stealth Rock
|
|-heal|p2a: Appletun|72/100 tox|[from] item: Leftovers
|-damage|p1a: Seismitoad|55/100 brn|[from] brn
|-damage|p2a: Appletun|66/100 tox|[from] psn
|upkeep
|turn|36
|
|switch|p1a: Togekiss|Togekiss, M|64/100
|move|p2a: Appletun|Leech Seed|p1a: Togekiss
|-start|p1a: Togekiss|move: Leech Seed
|
|-heal|p2a: Appletun|72/100 tox|[from] item: Leftovers
|-damage|p1a: Togekiss|52/100|[from] Leech Seed|[of] p2a: Appletun
|-heal|p2a: Appletun|83/100 tox|[silent]
|-damage|p2a: Appletun|70/100 tox|[from] psn
|upkeep
|turn|37
|
|switch|p2a: Corviknight|Corviknight, M|67/100 par
|-damage|p2a: Corviknight|54/100 par|[from] Stealth Rock
|move|p1a: Togekiss|Air Slash|p2a: Corviknight
|-resisted|p2a: Corviknight
|-damage|p2a: Corviknight|39/100 par
|
|-heal|p2a: Corviknight|45/100 par|[from] item: Leftovers
|-damage|p1a: Togekiss|40/100|[from] Leech Seed|[of] p2a: Corviknight
|-heal|p2a: Corviknight|57/100 par|[silent]
|upkeep
|turn|38
|
|switch|p1a: Arctozolt|Arctozolt|100/100
|move|p2a: Corviknight|Defog|p1a: Arctozolt
|-unboost|p1a: Arctozolt|evasion|1
|-sideend|p2: brayan9999|Stealth Rock|[from] move: Defog|[of] p2a: Corviknight
|
|-heal|p2a: Corviknight|63/100 par|[from] item: Leftovers
|upkeep
|turn|39
|
|switch|p2a: Rotom|Rotom-Wash|65/100
|move|p1a: Arctozolt|Bolt Beak|p2a: Rotom
|-crit|p2a: Rotom
|-damage|p2a: Rotom|0 fnt
|-damage|p1a: Arctozolt|91/100|[from] item: Life Orb
|faint|p2a: Rotom
|
|upkeep
|
|switch|p2a: Dugtrio|Dugtrio, F|100/100
|turn|40
|
|move|p2a: Dugtrio|Earthquake|p1a: Arctozolt
|-supereffective|p1a: Arctozolt
|-damage|p1a: Arctozolt|0 fnt
|faint|p1a: Arctozolt
|
|upkeep
|
|switch|p1a: Ferrothorn|Ferrothorn, M|99/100
|turn|41
|
|switch|p2a: Cinderace|Cinderace, M|100/100
|move|p1a: Ferrothorn|Leech Seed|p2a: Cinderace
|-start|p2a: Cinderace|move: Leech Seed
|
|-heal|p1a: Ferrothorn|100/100|[from] item: Leftovers
|-damage|p2a: Cinderace|88/100|[from] Leech Seed|[of] p1a: Ferrothorn
|upkeep
|turn|42
|
|move|p1a: Ferrothorn|Protect|p1a: Ferrothorn
|-singleturn|p1a: Ferrothorn|Protect
|move|p2a: Cinderace|Pyro Ball|p1a: Ferrothorn
|-activate|p1a: Ferrothorn|move: Protect
|
|-damage|p2a: Cinderace|76/100|[from] Leech Seed|[of] p1a: Ferrothorn
|upkeep
|turn|43
|
|switch|p1a: Chandelure|Chandelure, M|100/100
|move|p2a: Cinderace|Low Kick|p1a: Chandelure
|-immune|p1a: Chandelure
|
|-damage|p2a: Cinderace|64/100|[from] Leech Seed|[of] p1a: Chandelure
|upkeep
|turn|44
|
|move|p1a: Chandelure|Fire Blast|p2a: Cinderace
|-resisted|p2a: Cinderace
|-damage|p2a: Cinderace|31/100
|move|p2a: Cinderace|U-turn|p1a: Chandelure
|-resisted|p1a: Chandelure
|-damage|p1a: Chandelure|92/100
|
|switch|p2a: Dugtrio|Dugtrio, F|100/100|[from]move: U-turn
|
|upkeep
|turn|45
|
|move|p1a: Chandelure|Fire Blast|p2a: Dugtrio
|-damage|p2a: Dugtrio|0 fnt
|faint|p2a: Dugtrio
|
|upkeep
|
|switch|p2a: Mimikyu|Mimikyu, F|100/100
|turn|46
|
|switch|p1a: Ferrothorn|Ferrothorn, M|100/100
|move|p2a: Mimikyu|Shadow Claw|p1a: Ferrothorn
|-damage|p1a: Ferrothorn|77/100
|-damage|p2a: Mimikyu|88/100|[from] ability: Iron Barbs|[of] p1a: Ferrothorn
|-damage|p2a: Mimikyu|78/100|[from] item: Life Orb
|
|-heal|p1a: Ferrothorn|83/100|[from] item: Leftovers
|upkeep
|turn|47
|
|move|p2a: Mimikyu|Swords Dance|p2a: Mimikyu
|-boost|p2a: Mimikyu|atk|2
|move|p1a: Ferrothorn|Gyro Ball|p2a: Mimikyu
|-activate|p2a: Mimikyu|ability: Disguise
|-damage|p2a: Mimikyu|78/100
|detailschange|p2a: Mimikyu|Mimikyu-Busted, F
|-damage|p2a: Mimikyu|66/100|[from] ability: Disguise|[of] p2a: Mimikyu
|
|-heal|p1a: Ferrothorn|90/100|[from] item: Leftovers
|upkeep
|turn|48
|
|move|p2a: Mimikyu|Swords Dance|p2a: Mimikyu
|-boost|p2a: Mimikyu|atk|2
|move|p1a: Ferrothorn|Gyro Ball|p2a: Mimikyu
|-supereffective|p2a: Mimikyu
|-damage|p2a: Mimikyu|0 fnt
|faint|p2a: Mimikyu
|
|-heal|p1a: Ferrothorn|96/100|[from] item: Leftovers
|upkeep
|
|switch|p2a: Cinderace|Cinderace, M|31/100
|turn|49
|
|switch|p1a: Chandelure|Chandelure, M|92/100
|move|p2a: Cinderace|Pyro Ball|p1a: Chandelure
|-start|p1a: Chandelure|ability: Flash Fire
|
|upkeep
|turn|50
|
|move|p1a: Chandelure|Fire Blast|p2a: Cinderace
|-resisted|p2a: Cinderace
|-damage|p2a: Cinderace|0 fnt
|faint|p2a: Cinderace
|
|upkeep
|
|switch|p2a: Appletun|Appletun, F|70/100 tox
|turn|51
|
|move|p1a: Chandelure|Fire Blast|p2a: Appletun
|-damage|p2a: Appletun|29/100 tox
|move|p2a: Appletun|Draco Meteor|p1a: Chandelure
|-damage|p1a: Chandelure|9/100
|-unboost|p2a: Appletun|spa|2
|
|-heal|p2a: Appletun|35/100 tox|[from] item: Leftovers
|-damage|p2a: Appletun|29/100 tox|[from] psn
|upkeep
|turn|52
|
|move|p1a: Chandelure|Fire Blast|p2a: Appletun
|-damage|p2a: Appletun|0 fnt
|faint|p2a: Appletun
|
|upkeep
|
|switch|p2a: Corviknight|Corviknight, M|63/100 par
|turn|53
|
|move|p1a: Chandelure|Fire Blast|p2a: Corviknight
|-supereffective|p2a: Corviknight
|-damage|p2a: Corviknight|0 fnt
|faint|p2a: Corviknight
|
|win|PaperToadster
|l|☆brayan9999
|c|☆PaperToadster|gg
|raw|PaperToadster's rating: 1180 → 1203(+23 for winning)
|raw|brayan9999's rating: 1144 → 1121(-23 for losing)
