|ScrapeTime|2020-01-01-23:44:40
|j|☆Gym. Leader jakc
|j|☆Cheshire006
|player|p1|Gym. Leader jakc|benga|1181
|player|p2|Cheshire006|palmer|1155
|teamsize|p1|6
|teamsize|p2|6
|gametype|singles
|gen|8
|tier|[Gen 8] OU
|rated|
|rule|Sleep Clause Mod: Limit one foe put to sleep
|rule|Species Clause: Limit one of each Pokémon
|rule|OHKO Clause: OHKO moves are banned
|rule|Evasion Moves Clause: Evasion moves are banned
|rule|Endless Battle Clause: Forcing endless battles is banned
|rule|HP Percentage Mod: HP is shown in percentages
|clearpoke
|poke|p1|Jolteon, F|
|poke|p1|Cinderace, M|
|poke|p1|Toxapex, F|
|poke|p1|Conkeldurr, F|
|poke|p1|Reuniclus, F|
|poke|p1|Weavile, M|
|poke|p2|Crawdaunt, F|
|poke|p2|Dugtrio, M|
|poke|p2|Hatterene, F|
|poke|p2|Toxapex, M|
|poke|p2|Ferrothorn, F|
|poke|p2|Aegislash, M|
|rule|Dynamax Clause: You cannot dynamax
|teampreview
|inactive|Battle timer is ON: inactive players will automatically lose when time's up. (requested by Gym. Leader jakc)
|
|start
|switch|p1a: Conkeldurr|Conkeldurr, F|100/100
|switch|p2a: Crawdaunt|Crawdaunt, F|100/100
|turn|1
|
|switch|p2a: Toxapex|Toxapex, M|100/100
|move|p1a: Conkeldurr|Earthquake|p2a: Toxapex
|-supereffective|p2a: Toxapex
|-damage|p2a: Toxapex|49/100
|
|-heal|p2a: Toxapex|55/100|[from] item: Black Sludge
|-status|p1a: Conkeldurr|brn|[from] item: Flame Orb
|upkeep
|turn|2
|
|move|p2a: Toxapex|Protect|p2a: Toxapex
|-singleturn|p2a: Toxapex|Protect
|move|p1a: Conkeldurr|Earthquake|p2a: Toxapex
|-activate|p2a: Toxapex|move: Protect
|
|-heal|p2a: Toxapex|62/100|[from] item: Black Sludge
|-damage|p1a: Conkeldurr|94/100 brn|[from] brn
|upkeep
|turn|3
|inactive|Cheshire006 has 120 seconds left.
|
|move|p1a: Conkeldurr|Earthquake|p2a: Toxapex
|-supereffective|p2a: Toxapex
|-damage|p2a: Toxapex|0 fnt
|faint|p2a: Toxapex
|
|-damage|p1a: Conkeldurr|88/100 brn|[from] brn
|upkeep
|
|switch|p2a: Aegislash|Aegislash, M, shiny|100/100
|turn|4
|
|move|p2a: Aegislash|King's Shield|p2a: Aegislash
|-singleturn|p2a: Aegislash|Protect
|move|p1a: Conkeldurr|Earthquake|p2a: Aegislash
|-activate|p2a: Aegislash|move: Protect
|
|-damage|p1a: Conkeldurr|82/100 brn|[from] brn
|upkeep
|turn|5
|inactive|Cheshire006 has 120 seconds left.
|
|switch|p2a: Hatterene|Hatterene, F|100/100
|move|p1a: Conkeldurr|Earthquake|p2a: Hatterene
|-damage|p2a: Hatterene|37/100
|
|-heal|p2a: Hatterene|43/100|[from] item: Leftovers
|-damage|p1a: Conkeldurr|76/100 brn|[from] brn
|upkeep
|turn|6
|
|switch|p2a: Dugtrio|Dugtrio, M|100/100
|move|p1a: Conkeldurr|Poison Jab|p2a: Dugtrio
|-resisted|p2a: Dugtrio
|-damage|p2a: Dugtrio|29/100
|
|-damage|p1a: Conkeldurr|70/100 brn|[from] brn
|upkeep
|turn|7
|
|move|p1a: Conkeldurr|Mach Punch|p2a: Dugtrio
|-damage|p2a: Dugtrio|0 fnt
|faint|p2a: Dugtrio
|
|-damage|p1a: Conkeldurr|64/100 brn|[from] brn
|upkeep
|
|switch|p2a: Aegislash|Aegislash, M, shiny|100/100
|turn|8
|
|move|p2a: Aegislash|King's Shield|p2a: Aegislash
|-singleturn|p2a: Aegislash|Protect
|move|p1a: Conkeldurr|Earthquake|p2a: Aegislash
|-activate|p2a: Aegislash|move: Protect
|
|-damage|p1a: Conkeldurr|58/100 brn|[from] brn
|upkeep
|turn|9
|
|-formechange|p2a: Aegislash|Aegislash-Blade||[from] ability: Stance Change
|move|p2a: Aegislash|Shadow Sneak|p1a: Conkeldurr
|-damage|p1a: Conkeldurr|31/100 brn
|-damage|p2a: Aegislash|91/100|[from] item: Life Orb
|move|p1a: Conkeldurr|Earthquake|p2a: Aegislash
|-supereffective|p2a: Aegislash
|-damage|p2a: Aegislash|0 fnt
|faint|p2a: Aegislash
|
|-damage|p1a: Conkeldurr|25/100 brn|[from] brn
|upkeep
|
|switch|p2a: Hatterene|Hatterene, F|43/100
|turn|10
|
|move|p1a: Conkeldurr|Poison Jab|p2a: Hatterene
|-supereffective|p2a: Hatterene
|-damage|p2a: Hatterene|0 fnt
|faint|p2a: Hatterene
|
|-damage|p1a: Conkeldurr|19/100 brn|[from] brn
|upkeep
|
|switch|p2a: Crawdaunt|Crawdaunt, F|100/100
|turn|11
|
|move|p1a: Conkeldurr|Mach Punch|p2a: Crawdaunt
|-supereffective|p2a: Crawdaunt
|-damage|p2a: Crawdaunt|11/100
|move|p2a: Crawdaunt|Aqua Jet|p1a: Conkeldurr
|-damage|p1a: Conkeldurr|0 fnt
|-damage|p2a: Crawdaunt|1/100|[from] item: Life Orb
|faint|p1a: Conkeldurr
|
|upkeep
|-message|Cheshire006 forfeited.
|
|win|Gym. Leader jakc
|l|☆Cheshire006
|raw|Gym. Leader jakc's rating: 1181 → 1204(+23 for winning)
|raw|Cheshire006's rating: 1155 → 1131(-24 for losing)
