|ScrapeTime|2020-01-02-01:16:24
|j|☆Algometeo
|j|☆FabRD
|player|p1|Algometeo|169|1074
|player|p2|FabRD|lady|1084
|teamsize|p1|1
|teamsize|p2|6
|gametype|singles
|gen|8
|tier|[Gen 8] OU
|rated|
|rule|Sleep Clause Mod: Limit one foe put to sleep
|rule|Species Clause: Limit one of each Pokémon
|rule|OHKO Clause: OHKO moves are banned
|rule|Evasion Moves Clause: Evasion moves are banned
|rule|Endless Battle Clause: Forcing endless battles is banned
|rule|HP Percentage Mod: HP is shown in percentages
|clearpoke
|poke|p1|Shuckle, M|
|poke|p2|Sandaconda, M|
|poke|p2|Grimmsnarl, M|
|poke|p2|Frosmoth, M|
|poke|p2|Toxtricity, M|
|poke|p2|Appletun, M|
|poke|p2|Cramorant, F|
|rule|Dynamax Clause: You cannot dynamax
|teampreview
|inactive|Battle timer is ON: inactive players will automatically lose when time's up. (requested by FabRD)
|
|start
|switch|p1a: Shuckle|Shuckle, M|100/100
|switch|p2a: Cramorant|Cramorant, F|100/100
|turn|1
|
|move|p2a: Cramorant|Dive||[still]
|-prepare|p2a: Cramorant|Dive|p1a: Shuckle
|move|p1a: Shuckle|Power Split|p2a: Cramorant|[miss]
|-miss|p1a: Shuckle|p2a: Cramorant
|
|upkeep
|turn|2
|
|move|p2a: Cramorant|Dive|p1a: Shuckle|[from]lockedmove
|-supereffective|p1a: Shuckle
|-damage|p1a: Shuckle|73/100
|-formechange|p2a: Cramorant|Cramorant-Gulping|
|move|p1a: Shuckle|Power Split|p2a: Cramorant
|-activate|p1a: Shuckle|move: Power Split|[of] p2a: Cramorant
|
|-heal|p1a: Shuckle|79/100|[from] item: Leftovers
|upkeep
|turn|3
|
|move|p2a: Cramorant|Roost||[still]
|-fail|p2a: Cramorant|heal
|move|p1a: Shuckle|Acupressure|p1a: Shuckle
|-boost|p1a: Shuckle|accuracy|2
|
|-heal|p1a: Shuckle|85/100|[from] item: Leftovers
|upkeep
|turn|4
|
|move|p2a: Cramorant|Dive||[still]
|-prepare|p2a: Cramorant|Dive|p1a: Shuckle
|move|p1a: Shuckle|Acupressure|p1a: Shuckle
|-boost|p1a: Shuckle|spe|2
|
|-heal|p1a: Shuckle|91/100|[from] item: Leftovers
|upkeep
|turn|5
|
|move|p2a: Cramorant|Dive|p1a: Shuckle|[from]lockedmove
|-supereffective|p1a: Shuckle
|-damage|p1a: Shuckle|71/100
|move|p1a: Shuckle|Acupressure|p1a: Shuckle
|-boost|p1a: Shuckle|def|2
|
|-heal|p1a: Shuckle|78/100|[from] item: Leftovers
|upkeep
|turn|6
|
|move|p2a: Cramorant|Stockpile|p2a: Cramorant
|-start|p2a: Cramorant|stockpile1
|-boost|p2a: Cramorant|def|1
|-boost|p2a: Cramorant|spd|1
|move|p1a: Shuckle|Acupressure|p1a: Shuckle
|-boost|p1a: Shuckle|evasion|2
|
|-heal|p1a: Shuckle|84/100|[from] item: Leftovers
|upkeep
|turn|7
|
|move|p2a: Cramorant|Stockpile|p2a: Cramorant
|-start|p2a: Cramorant|stockpile2
|-boost|p2a: Cramorant|def|1
|-boost|p2a: Cramorant|spd|1
|move|p1a: Shuckle|Acupressure|p1a: Shuckle
|-boost|p1a: Shuckle|spd|2
|
|-heal|p1a: Shuckle|90/100|[from] item: Leftovers
|upkeep
|turn|8
|
|move|p2a: Cramorant|Stockpile|p2a: Cramorant
|-start|p2a: Cramorant|stockpile3
|-boost|p2a: Cramorant|def|1
|-boost|p2a: Cramorant|spd|1
|move|p1a: Shuckle|Acupressure|p1a: Shuckle
|-boost|p1a: Shuckle|spa|2
|
|-heal|p1a: Shuckle|96/100|[from] item: Leftovers
|upkeep
|turn|9
|
|move|p2a: Cramorant|Dive||[still]
|-prepare|p2a: Cramorant|Dive|p1a: Shuckle
|move|p1a: Shuckle|Acupressure|p1a: Shuckle
|-boost|p1a: Shuckle|spe|2
|
|-heal|p1a: Shuckle|100/100|[from] item: Leftovers
|upkeep
|turn|10
|
|move|p2a: Cramorant|Dive|p1a: Shuckle|[from]lockedmove
|-supereffective|p1a: Shuckle
|-damage|p1a: Shuckle|91/100
|move|p1a: Shuckle|Acupressure|p1a: Shuckle
|-boost|p1a: Shuckle|evasion|2
|
|-heal|p1a: Shuckle|97/100|[from] item: Leftovers
|upkeep
|turn|11
|
|move|p2a: Cramorant|Roost||[still]
|-fail|p2a: Cramorant|heal
|move|p1a: Shuckle|Acupressure|p1a: Shuckle
|-boost|p1a: Shuckle|evasion|2
|
|-heal|p1a: Shuckle|100/100|[from] item: Leftovers
|upkeep
|turn|12
|
|move|p2a: Cramorant|Dive||[still]
|-prepare|p2a: Cramorant|Dive|p1a: Shuckle
|move|p1a: Shuckle|Acupressure|p1a: Shuckle
|-boost|p1a: Shuckle|spd|2
|
|upkeep
|turn|13
|
|move|p2a: Cramorant|Dive|p1a: Shuckle|[from]lockedmove
|-supereffective|p1a: Shuckle
|-damage|p1a: Shuckle|92/100
|move|p1a: Shuckle|Acupressure|p1a: Shuckle
|-boost|p1a: Shuckle|spa|2
|
|-heal|p1a: Shuckle|98/100|[from] item: Leftovers
|upkeep
|turn|14
|
|move|p2a: Cramorant|Dive||[still]
|-prepare|p2a: Cramorant|Dive|p1a: Shuckle
|move|p1a: Shuckle|Acupressure|p1a: Shuckle
|-boost|p1a: Shuckle|spe|2
|
|-heal|p1a: Shuckle|100/100|[from] item: Leftovers
|upkeep
|turn|15
|
|move|p2a: Cramorant|Dive|p1a: Shuckle|[from]lockedmove
|-supereffective|p1a: Shuckle
|-damage|p1a: Shuckle|92/100
|move|p1a: Shuckle|Acupressure|p1a: Shuckle
|-boost|p1a: Shuckle|atk|2
|
|-heal|p1a: Shuckle|98/100|[from] item: Leftovers
|upkeep
|turn|16
|
|move|p2a: Cramorant|Dive||[still]
|-prepare|p2a: Cramorant|Dive|p1a: Shuckle
|move|p1a: Shuckle|Acupressure|p1a: Shuckle
|-boost|p1a: Shuckle|spa|2
|
|-heal|p1a: Shuckle|100/100|[from] item: Leftovers
|upkeep
|turn|17
|
|move|p2a: Cramorant|Dive|p1a: Shuckle|[from]lockedmove|[miss]
|-miss|p2a: Cramorant|p1a: Shuckle
|move|p1a: Shuckle|Acupressure|p1a: Shuckle
|-boost|p1a: Shuckle|spd|2
|
|upkeep
|turn|18
|
|move|p2a: Cramorant|Dive||[still]
|-prepare|p2a: Cramorant|Dive|p1a: Shuckle
|move|p1a: Shuckle|Acupressure|p1a: Shuckle
|-boost|p1a: Shuckle|accuracy|2
|
|upkeep
|turn|19
|
|move|p2a: Cramorant|Dive|p1a: Shuckle|[from]lockedmove|[miss]
|-miss|p2a: Cramorant|p1a: Shuckle
|move|p1a: Shuckle|Acupressure|p1a: Shuckle
|-boost|p1a: Shuckle|atk|2
|
|upkeep
|turn|20
|
|move|p2a: Cramorant|Brave Bird|p1a: Shuckle|[miss]
|-miss|p2a: Cramorant|p1a: Shuckle
|move|p1a: Shuckle|Acupressure|p1a: Shuckle
|-boost|p1a: Shuckle|accuracy|2
|
|upkeep
|turn|21
|
|move|p2a: Cramorant|Brave Bird|p1a: Shuckle|[miss]
|-miss|p2a: Cramorant|p1a: Shuckle
|move|p1a: Shuckle|Acupressure|p1a: Shuckle
|-boost|p1a: Shuckle|def|2
|
|upkeep
|turn|22
|
|move|p2a: Cramorant|Brave Bird|p1a: Shuckle
|-damage|p1a: Shuckle|96/100
|-damage|p2a: Cramorant|99/100|[from] Recoil
|move|p1a: Shuckle|Acupressure|p1a: Shuckle
|-boost|p1a: Shuckle|def|2
|
|-heal|p1a: Shuckle|100/100|[from] item: Leftovers
|upkeep
|turn|23
|
|move|p2a: Cramorant|Brave Bird|p1a: Shuckle|[miss]
|-miss|p2a: Cramorant|p1a: Shuckle
|move|p1a: Shuckle|Acupressure|p1a: Shuckle
|-boost|p1a: Shuckle|atk|2
|
|upkeep
|turn|24
|
|move|p2a: Cramorant|Brave Bird|p1a: Shuckle|[miss]
|-miss|p2a: Cramorant|p1a: Shuckle
|move|p1a: Shuckle|Rollout|p2a: Cramorant
|-supereffective|p2a: Cramorant
|-crit|p2a: Cramorant
|-formechange|p2a: Cramorant|Cramorant|
|-damage|p1a: Shuckle|75/100|[from] ability: Gulp Missile|[of] p2a: Cramorant
|-unboost|p1a: Shuckle|def|1
|-damage|p2a: Cramorant|0 fnt
|-damage|p1a: Shuckle|59/100|[from] item: Rocky Helmet|[of] p2a: Cramorant
|faint|p2a: Cramorant
|
|-heal|p1a: Shuckle|65/100|[from] item: Leftovers
|upkeep
|
|switch|p2a: Grimmsnarl|Grimmsnarl, M|100/100
|turn|25
|
|move|p2a: Grimmsnarl|Bulk Up|p2a: Grimmsnarl
|-boost|p2a: Grimmsnarl|atk|1
|-boost|p2a: Grimmsnarl|def|1
|move|p1a: Shuckle|Rollout|p2a: Grimmsnarl|[from]lockedmove
|-damage|p2a: Grimmsnarl|60/100
|
|-heal|p1a: Shuckle|71/100|[from] item: Leftovers
|-heal|p2a: Grimmsnarl|66/100|[from] item: Leftovers
|upkeep
|turn|26
|
|move|p2a: Grimmsnarl|Rest|p2a: Grimmsnarl
|-status|p2a: Grimmsnarl|slp|[from] move: Rest
|-heal|p2a: Grimmsnarl|100/100 slp|[silent]
|move|p1a: Shuckle|Rollout|p2a: Grimmsnarl|[from]lockedmove
|-crit|p2a: Grimmsnarl
|-damage|p2a: Grimmsnarl|0 fnt
|faint|p2a: Grimmsnarl
|
|-heal|p1a: Shuckle|78/100|[from] item: Leftovers
|upkeep
|
|switch|p2a: Frosmoth|Frosmoth, M|100/100
|turn|27
|
|move|p2a: Frosmoth|Ice Beam|p1a: Shuckle|[miss]
|-miss|p2a: Frosmoth|p1a: Shuckle
|move|p1a: Shuckle|Rollout|p2a: Frosmoth|[from]lockedmove
|-supereffective|p2a: Frosmoth
|-damage|p2a: Frosmoth|0 fnt
|faint|p2a: Frosmoth
|
|-heal|p1a: Shuckle|84/100|[from] item: Leftovers
|upkeep
|-message|FabRD forfeited.
|
|win|Algometeo
|l|☆FabRD
|raw|Algometeo's rating: 1074 → 1104(+30 for winning)
|raw|FabRD's rating: 1084 → 1060(-24 for losing)
