|ScrapeTime|2020-01-01-04:28:49
|j|☆Bathoven
|j|☆SroudDuors
|player|p1|Bathoven|124|1354
|player|p2|SroudDuors|elesa|1376
|teamsize|p1|6
|teamsize|p2|6
|gametype|singles
|gen|8
|tier|[Gen 8] OU
|rated|
|rule|Sleep Clause Mod: Limit one foe put to sleep
|rule|Species Clause: Limit one of each Pokémon
|rule|OHKO Clause: OHKO moves are banned
|rule|Evasion Moves Clause: Evasion moves are banned
|rule|Endless Battle Clause: Forcing endless battles is banned
|rule|HP Percentage Mod: HP is shown in percentages
|clearpoke
|poke|p1|Seismitoad, F|
|poke|p1|Rotom-Heat|
|poke|p1|Corviknight, F|
|poke|p1|Dragapult, F|
|poke|p1|Hatterene, F|
|poke|p1|Roserade, M|
|poke|p2|Hatterene, F|
|poke|p2|Dragapult, F|
|poke|p2|Mandibuzz, F|
|poke|p2|Haxorus, F|
|poke|p2|Jellicent, F|
|poke|p2|Cinderace, F|
|rule|Dynamax Clause: You cannot dynamax
|teampreview
|inactive|Battle timer is ON: inactive players will automatically lose when time's up. (requested by Bathoven)
|
|start
|switch|p1a: Rotom|Rotom-Heat|100/100
|switch|p2a: Dragapult|Dragapult, F|100/100
|turn|1
|c|☆Bathoven|Gl hf
|
|move|p2a: Dragapult|Shadow Ball|p1a: Rotom
|-damage|p1a: Rotom|37/100
|move|p1a: Rotom|Volt Switch|p2a: Dragapult
|-resisted|p2a: Dragapult
|-damage|p2a: Dragapult|82/100
|
|switch|p1a: Roserade|Roserade, M|100/100|[from]move: Volt Switch
|
|upkeep
|turn|2
|
|switch|p2a: Cinderace|Cinderace, F|100/100
|move|p1a: Roserade|Dazzling Gleam|p2a: Cinderace
|-resisted|p2a: Cinderace
|-damage|p2a: Cinderace|82/100
|
|upkeep
|turn|3
|
|switch|p1a: Seismitoad|Seismitoad, F|100/100
|move|p2a: Cinderace|Pyro Ball|p1a: Seismitoad
|-resisted|p1a: Seismitoad
|-damage|p1a: Seismitoad|80/100
|
|-heal|p1a: Seismitoad|86/100|[from] item: Leftovers
|upkeep
|turn|4
|
|switch|p2a: Hatterene|Hatterene, F|100/100
|move|p1a: Seismitoad|Stealth Rock|p2a: Hatterene
|move|p2a: Hatterene|Stealth Rock|p1a: Seismitoad|[from]Magic Bounce
|-sidestart|p1: Bathoven|move: Stealth Rock
|
|-heal|p1a: Seismitoad|92/100|[from] item: Leftovers
|upkeep
|turn|5
|
|move|p1a: Seismitoad|Earthquake|p2a: Hatterene
|-damage|p2a: Hatterene|60/100
|move|p2a: Hatterene|Trick Room|p2a: Hatterene
|-fieldstart|move: Trick Room|[of] p2a: Hatterene
|
|-heal|p2a: Hatterene|66/100|[from] item: Leftovers
|-heal|p1a: Seismitoad|98/100|[from] item: Leftovers
|upkeep
|turn|6
|
|move|p2a: Hatterene|Draining Kiss|p1a: Seismitoad
|-damage|p1a: Seismitoad|70/100
|-heal|p2a: Hatterene|94/100|[from] drain|[of] p1a: Seismitoad
|move|p1a: Seismitoad|Earthquake|p2a: Hatterene
|-damage|p2a: Hatterene|57/100
|
|-heal|p2a: Hatterene|63/100|[from] item: Leftovers
|-heal|p1a: Seismitoad|76/100|[from] item: Leftovers
|upkeep
|turn|7
|
|move|p2a: Hatterene|Draining Kiss|p1a: Seismitoad
|-damage|p1a: Seismitoad|42/100
|-heal|p2a: Hatterene|95/100|[from] drain|[of] p1a: Seismitoad
|move|p1a: Seismitoad|Earthquake|p2a: Hatterene
|-damage|p2a: Hatterene|57/100
|
|-heal|p2a: Hatterene|63/100|[from] item: Leftovers
|-heal|p1a: Seismitoad|48/100|[from] item: Leftovers
|upkeep
|turn|8
|
|switch|p1a: Rotom|Rotom-Heat|37/100
|move|p2a: Hatterene|Draining Kiss|p1a: Rotom
|-resisted|p1a: Rotom
|-damage|p1a: Rotom|22/100
|-heal|p2a: Hatterene|73/100|[from] drain|[of] p1a: Rotom
|
|-heal|p2a: Hatterene|79/100|[from] item: Leftovers
|upkeep
|turn|9
|
|move|p2a: Hatterene|Psychic|p1a: Rotom
|-damage|p1a: Rotom|0 fnt
|faint|p1a: Rotom
|
|-heal|p2a: Hatterene|85/100|[from] item: Leftovers
|-fieldend|move: Trick Room
|upkeep
|
|switch|p1a: Dragapult|Dragapult, F|100/100
|-damage|p1a: Dragapult|88/100|[from] Stealth Rock
|turn|10
|
|switch|p2a: Mandibuzz|Mandibuzz, F|100/100
|move|p1a: Dragapult|Draco Meteor|p2a: Mandibuzz
|-damage|p2a: Mandibuzz|29/100
|-unboost|p1a: Dragapult|spa|2
|
|upkeep
|turn|11
|
|switch|p1a: Corviknight|Corviknight, F|100/100
|-damage|p1a: Corviknight|88/100|[from] Stealth Rock
|-ability|p1a: Corviknight|Pressure
|switch|p2a: Hatterene|Hatterene, F|85/100
|
|-heal|p1a: Corviknight|94/100|[from] item: Leftovers
|-heal|p2a: Hatterene|91/100|[from] item: Leftovers
|upkeep
|turn|12
|
|move|p1a: Corviknight|Brave Bird|p2a: Hatterene
|-damage|p2a: Hatterene|50/100
|-damage|p1a: Corviknight|83/100|[from] Recoil
|move|p2a: Hatterene|Trick Room|p2a: Hatterene
|-fieldstart|move: Trick Room|[of] p2a: Hatterene
|
|-heal|p2a: Hatterene|56/100|[from] item: Leftovers
|-heal|p1a: Corviknight|89/100|[from] item: Leftovers
|upkeep
|turn|13
|
|switch|p1a: Hatterene|Hatterene, F|100/100
|-damage|p1a: Hatterene|88/100|[from] Stealth Rock
|move|p2a: Hatterene|Mystical Fire|p1a: Hatterene
|-damage|p1a: Hatterene|60/100
|-unboost|p1a: Hatterene|spa|1
|
|-heal|p1a: Hatterene|66/100|[from] item: Leftovers
|-heal|p2a: Hatterene|62/100|[from] item: Leftovers
|upkeep
|turn|14
|
|move|p1a: Hatterene|Dazzling Gleam|p2a: Hatterene
|-crit|p2a: Hatterene
|-damage|p2a: Hatterene|0 fnt
|faint|p2a: Hatterene
|
|-heal|p1a: Hatterene|72/100|[from] item: Leftovers
|upkeep
|c|☆SroudDuors|Ofc
|
|switch|p2a: Jellicent|Jellicent, F|100/100
|turn|15
|
|switch|p1a: Roserade|Roserade, M|100/100
|-damage|p1a: Roserade|88/100|[from] Stealth Rock
|move|p2a: Jellicent|Shadow Ball|p1a: Roserade
|-damage|p1a: Roserade|58/100
|
|-heal|p1a: Roserade|64/100|[from] item: Black Sludge
|upkeep
|turn|16
|
|switch|p2a: Cinderace|Cinderace, F|82/100
|move|p1a: Roserade|Dazzling Gleam|p2a: Cinderace
|-resisted|p2a: Cinderace
|-damage|p2a: Cinderace|63/100
|
|-heal|p1a: Roserade|71/100|[from] item: Black Sludge
|-fieldend|move: Trick Room
|upkeep
|turn|17
|
|switch|p1a: Dragapult|Dragapult, F|88/100
|-damage|p1a: Dragapult|76/100|[from] Stealth Rock
|move|p2a: Cinderace|Pyro Ball|p1a: Dragapult
|-resisted|p1a: Dragapult
|-damage|p1a: Dragapult|34/100
|
|upkeep
|turn|18
|
|move|p2a: Cinderace|Sucker Punch|p1a: Dragapult
|-supereffective|p1a: Dragapult
|-damage|p1a: Dragapult|0 fnt
|faint|p1a: Dragapult
|
|upkeep
|
|switch|p1a: Seismitoad|Seismitoad, F|48/100
|-damage|p1a: Seismitoad|42/100|[from] Stealth Rock
|turn|19
|
|switch|p2a: Dragapult|Dragapult, F|82/100
|move|p1a: Seismitoad|Toxic|p2a: Dragapult
|-status|p2a: Dragapult|tox
|
|-heal|p1a: Seismitoad|48/100|[from] item: Leftovers
|-damage|p2a: Dragapult|76/100 tox|[from] psn
|upkeep
|turn|20
|
|move|p2a: Dragapult|Shadow Ball|p1a: Seismitoad
|-damage|p1a: Seismitoad|0 fnt
|faint|p1a: Seismitoad
|
|-damage|p2a: Dragapult|64/100 tox|[from] psn
|upkeep
|
|switch|p1a: Corviknight|Corviknight, F|89/100
|-damage|p1a: Corviknight|77/100|[from] Stealth Rock
|-ability|p1a: Corviknight|Pressure
|turn|21
|
|switch|p2a: Cinderace|Cinderace, F|63/100
|move|p1a: Corviknight|Brave Bird|p2a: Cinderace
|-damage|p2a: Cinderace|7/100
|-damage|p1a: Corviknight|63/100|[from] Recoil
|
|-heal|p1a: Corviknight|69/100|[from] item: Leftovers
|upkeep
|turn|22
|
|move|p2a: Cinderace|Pyro Ball|p1a: Corviknight
|-supereffective|p1a: Corviknight
|-damage|p1a: Corviknight|0 fnt
|faint|p1a: Corviknight
|
|upkeep
|
|switch|p1a: Hatterene|Hatterene, F|72/100
|-damage|p1a: Hatterene|60/100|[from] Stealth Rock
|turn|23
|
|move|p2a: Cinderace|Pyro Ball|p1a: Hatterene
|-damage|p1a: Hatterene|0 fnt
|faint|p1a: Hatterene
|
|upkeep
|
|switch|p1a: Roserade|Roserade, M|71/100
|-damage|p1a: Roserade|58/100|[from] Stealth Rock
|turn|24
|
|move|p2a: Cinderace|Pyro Ball|p1a: Roserade
|-supereffective|p1a: Roserade
|-damage|p1a: Roserade|0 fnt
|faint|p1a: Roserade
|
|win|SroudDuors
|l|☆Bathoven
|raw|Bathoven's rating: 1354 → 1335(-19 for losing)
|raw|SroudDuors's rating: 1376 → 1395(+19 for winning)
