|ScrapeTime|2020-01-02-05:24:50
|j|☆SparkyHooman
|j|☆BirdieBirdBird
|player|p1|SparkyHooman|265|1388
|player|p2|BirdieBirdBird|colress|1458
|teamsize|p1|6
|teamsize|p2|6
|gametype|singles
|gen|8
|tier|[Gen 8] OU
|rated|
|rule|Sleep Clause Mod: Limit one foe put to sleep
|rule|Species Clause: Limit one of each Pokémon
|rule|OHKO Clause: OHKO moves are banned
|rule|Evasion Moves Clause: Evasion moves are banned
|rule|Endless Battle Clause: Forcing endless battles is banned
|rule|HP Percentage Mod: HP is shown in percentages
|clearpoke
|poke|p1|Toxapex, M|
|poke|p1|Tyranitar, M|
|poke|p1|Dragapult, F|
|poke|p1|Excadrill, M|
|poke|p1|Corviknight, M|
|poke|p1|Togekiss, F|
|poke|p2|Sirfetch'd, M|
|poke|p2|Pyukumuku, M|
|poke|p2|Corviknight, M|
|poke|p2|Rotom-Heat|
|poke|p2|Corsola-Galar, M|
|poke|p2|Haxorus, F|
|rule|Dynamax Clause: You cannot dynamax
|teampreview
|
|start
|switch|p1a: Togekiss|Togekiss, F|100/100
|switch|p2a: Haxorus|Haxorus, F|100/100
|-ability|p2a: Haxorus|Mold Breaker
|turn|1
|
|move|p2a: Haxorus|Poison Jab|p1a: Togekiss
|-supereffective|p1a: Togekiss
|-damage|p1a: Togekiss|26/100
|move|p1a: Togekiss|Nasty Plot|p1a: Togekiss
|-boost|p1a: Togekiss|spa|2
|
|upkeep
|turn|2
|inactive|Battle timer is ON: inactive players will automatically lose when time's up. (requested by SparkyHooman)
|
|switch|p2a: u w0t|Rotom-Heat|100/100
|switch|p1a: Corviknight|Corviknight, M|100/100
|-ability|p1a: Corviknight|Pressure
|
|upkeep
|turn|3
|
|switch|p2a: Spencer|Sirfetch'd, M|100/100
|switch|p1a: Tyranitar|Tyranitar, M|100/100
|-weather|Sandstorm|[from] ability: Sand Stream|[of] p1a: Tyranitar
|
|-weather|Sandstorm|[upkeep]
|-damage|p2a: Spencer|94/100|[from] Sandstorm
|upkeep
|turn|4
|
|switch|p1a: Dragapult|Dragapult, F|100/100
|move|p2a: Spencer|Knock Off|p1a: Dragapult
|-supereffective|p1a: Dragapult
|-damage|p1a: Dragapult|0 fnt
|-enditem|p1a: Dragapult|Leftovers|[from] move: Knock Off|[of] p2a: Spencer
|faint|p1a: Dragapult
|
|-weather|Sandstorm|[upkeep]
|-damage|p2a: Spencer|88/100|[from] Sandstorm
|upkeep
|
|switch|p1a: Toxapex|Toxapex, M|100/100
|turn|5
|
|move|p2a: Spencer|Knock Off|p1a: Toxapex
|-damage|p1a: Toxapex|69/100
|-enditem|p1a: Toxapex|Black Sludge|[from] move: Knock Off|[of] p2a: Spencer
|move|p1a: Toxapex|Toxic Spikes|p2a: Spencer
|-sidestart|p2: BirdieBirdBird|move: Toxic Spikes
|
|-weather|Sandstorm|[upkeep]
|-damage|p2a: Spencer|82/100|[from] Sandstorm
|-damage|p1a: Toxapex|63/100|[from] Sandstorm
|upkeep
|turn|6
|
|switch|p2a: OU Agent|Corviknight, M|100/100
|-ability|p2a: OU Agent|Pressure
|move|p1a: Toxapex|Scald|p2a: OU Agent
|-damage|p2a: OU Agent|83/100
|
|-weather|Sandstorm|[upkeep]
|-damage|p1a: Toxapex|56/100|[from] Sandstorm
|-heal|p2a: OU Agent|89/100|[from] item: Leftovers
|upkeep
|turn|7
|
|move|p2a: OU Agent|Defog|p1a: Toxapex
|-unboost|p1a: Toxapex|evasion|1
|-sideend|p2: BirdieBirdBird|Toxic Spikes|[from] move: Defog|[of] p2a: OU Agent
|move|p1a: Toxapex|Scald|p2a: OU Agent
|-damage|p2a: OU Agent|73/100
|
|-weather|none
|-heal|p2a: OU Agent|79/100|[from] item: Leftovers
|upkeep
|turn|8
|
|move|p2a: OU Agent|U-turn|p1a: Toxapex
|-resisted|p1a: Toxapex
|-damage|p1a: Toxapex|52/100
|
|switch|p2a: Mood|Corsola-Galar, M|100/100|[from]move: U-turn
|move|p1a: Toxapex|Scald|p2a: Mood
|-damage|p2a: Mood|88/100
|-start|p1a: Toxapex|Disable|Scald|[from] ability: Cursed Body|[of] p2a: Mood
|
|upkeep
|turn|9
|
|move|p1a: Toxapex|Toxic Spikes|p2a: Mood
|-sidestart|p2: BirdieBirdBird|move: Toxic Spikes
|move|p2a: Mood|Will-O-Wisp|p1a: Toxapex
|-status|p1a: Toxapex|brn
|
|-damage|p1a: Toxapex|46/100 brn|[from] brn
|upkeep
|turn|10
|
|switch|p2a: u w0t|Rotom-Heat|100/100
|move|p1a: Toxapex|Recover|p1a: Toxapex
|-heal|p1a: Toxapex|96/100 brn
|
|-damage|p1a: Toxapex|89/100 brn|[from] brn
|upkeep
|turn|11
|
|switch|p2a: OU Agent|Corviknight, M|79/100
|-ability|p2a: OU Agent|Pressure
|switch|p1a: Tyranitar|Tyranitar, M|100/100
|-weather|Sandstorm|[from] ability: Sand Stream|[of] p1a: Tyranitar
|
|-weather|Sandstorm|[upkeep]
|-heal|p2a: OU Agent|86/100|[from] item: Leftovers
|upkeep
|turn|12
|
|move|p2a: OU Agent|Defog|p1a: Tyranitar
|-unboost|p1a: Tyranitar|evasion|1
|-sideend|p2: BirdieBirdBird|Toxic Spikes|[from] move: Defog|[of] p2a: OU Agent
|move|p1a: Tyranitar|Rock Slide|p2a: OU Agent
|-damage|p2a: OU Agent|64/100
|
|-weather|Sandstorm|[upkeep]
|-heal|p2a: OU Agent|70/100|[from] item: Leftovers
|upkeep
|turn|13
|
|move|p2a: OU Agent|U-turn|p1a: Tyranitar
|-supereffective|p1a: Tyranitar
|-damage|p1a: Tyranitar|78/100
|
|switch|p2a: Spencer|Sirfetch'd, M|82/100|[from]move: U-turn
|move|p1a: Tyranitar|Fire Punch|p2a: Spencer
|-damage|p2a: Spencer|58/100
|
|-weather|Sandstorm|[upkeep]
|-damage|p2a: Spencer|52/100|[from] Sandstorm
|upkeep
|turn|14
|
|switch|p1a: Toxapex|Toxapex, M|100/100 brn
|move|p2a: Spencer|Close Combat|p1a: Toxapex
|-resisted|p1a: Toxapex
|-damage|p1a: Toxapex|67/100 brn
|-unboost|p2a: Spencer|def|1
|-unboost|p2a: Spencer|spd|1
|
|-weather|Sandstorm|[upkeep]
|-damage|p2a: Spencer|46/100|[from] Sandstorm
|-damage|p1a: Toxapex|60/100 brn|[from] Sandstorm
|-damage|p1a: Toxapex|54/100 brn|[from] brn
|upkeep
|turn|15
|
|switch|p2a: Haxorus|Haxorus, F|100/100
|-ability|p2a: Haxorus|Mold Breaker
|move|p1a: Toxapex|Toxic Spikes|p2a: Haxorus
|-sidestart|p2: BirdieBirdBird|move: Toxic Spikes
|
|-weather|none
|-damage|p1a: Toxapex|48/100 brn|[from] brn
|upkeep
|turn|16
|inactive|BirdieBirdBird has 120 seconds left.
|
|switch|p1a: Corviknight|Corviknight, M|100/100
|-ability|p1a: Corviknight|Pressure
|move|p2a: Haxorus|Earthquake|p1a: Corviknight
|-immune|p1a: Corviknight
|
|upkeep
|turn|17
|
|switch|p2a: u w0t|Rotom-Heat|100/100
|move|p1a: Corviknight|Bulk Up|p1a: Corviknight
|-boost|p1a: Corviknight|atk|1
|-boost|p1a: Corviknight|def|1
|
|upkeep
|turn|18
|
|switch|p2a: OU Agent|Corviknight, M|70/100
|-ability|p2a: OU Agent|Pressure
|switch|p1a: Toxapex|Toxapex, M|81/100 brn
|
|-heal|p2a: OU Agent|76/100|[from] item: Leftovers
|-damage|p1a: Toxapex|75/100 brn|[from] brn
|upkeep
|turn|19
|
|move|p2a: OU Agent|Defog|p1a: Toxapex
|-unboost|p1a: Toxapex|evasion|1
|-sideend|p2: BirdieBirdBird|Toxic Spikes|[from] move: Defog|[of] p2a: OU Agent
|move|p1a: Toxapex|Scald|p2a: OU Agent
|-damage|p2a: OU Agent|59/100
|
|-heal|p2a: OU Agent|65/100|[from] item: Leftovers
|-damage|p1a: Toxapex|69/100 brn|[from] brn
|upkeep
|turn|20
|
|move|p2a: OU Agent|U-turn|p1a: Toxapex
|-resisted|p1a: Toxapex
|-damage|p1a: Toxapex|64/100 brn
|
|switch|p2a: Mood|Corsola-Galar, M|88/100|[from]move: U-turn
|move|p1a: Toxapex|Toxic Spikes|p2a: Mood
|-sidestart|p2: BirdieBirdBird|move: Toxic Spikes
|
|-damage|p1a: Toxapex|58/100 brn|[from] brn
|upkeep
|turn|21
|
|move|p1a: Toxapex|Scald|p2a: Mood
|-damage|p2a: Mood|77/100
|move|p2a: Mood|Night Shade|p1a: Toxapex
|-damage|p1a: Toxapex|25/100 brn
|
|-damage|p1a: Toxapex|19/100 brn|[from] brn
|upkeep
|turn|22
|
|move|p1a: Toxapex|Recover|p1a: Toxapex
|-heal|p1a: Toxapex|69/100 brn
|move|p2a: Mood|Night Shade|p1a: Toxapex
|-damage|p1a: Toxapex|36/100 brn
|
|-damage|p1a: Toxapex|30/100 brn|[from] brn
|upkeep
|turn|23
|
|switch|p1a: Tyranitar|Tyranitar, M|78/100
|-weather|Sandstorm|[from] ability: Sand Stream|[of] p1a: Tyranitar
|move|p2a: Mood|Night Shade|p1a: Tyranitar
|-damage|p1a: Tyranitar|53/100
|
|-weather|Sandstorm|[upkeep]
|-damage|p2a: Mood|71/100|[from] Sandstorm
|upkeep
|turn|24
|
|switch|p2a: OU Agent|Corviknight, M|65/100
|-ability|p2a: OU Agent|Pressure
|move|p1a: Tyranitar|Fire Punch|p2a: OU Agent
|-supereffective|p2a: OU Agent
|-damage|p2a: OU Agent|39/100
|-status|p2a: OU Agent|brn
|
|-weather|Sandstorm|[upkeep]
|-heal|p2a: OU Agent|45/100 brn|[from] item: Leftovers
|-damage|p2a: OU Agent|39/100 brn|[from] brn
|upkeep
|turn|25
|
|move|p2a: OU Agent|Defog|p1a: Tyranitar
|-unboost|p1a: Tyranitar|evasion|1
|-sideend|p2: BirdieBirdBird|Toxic Spikes|[from] move: Defog|[of] p2a: OU Agent
|move|p1a: Tyranitar|Fire Punch|p2a: OU Agent
|-supereffective|p2a: OU Agent
|-damage|p2a: OU Agent|12/100 brn
|
|-weather|Sandstorm|[upkeep]
|-heal|p2a: OU Agent|18/100 brn|[from] item: Leftovers
|-damage|p2a: OU Agent|12/100 brn|[from] brn
|upkeep
|turn|26
|
|move|p2a: OU Agent|Roost|p2a: OU Agent
|-heal|p2a: OU Agent|62/100 brn
|-singleturn|p2a: OU Agent|move: Roost
|move|p1a: Tyranitar|Rock Slide|p2a: OU Agent
|-resisted|p2a: OU Agent
|-damage|p2a: OU Agent|51/100 brn
|
|-weather|Sandstorm|[upkeep]
|-heal|p2a: OU Agent|57/100 brn|[from] item: Leftovers
|-damage|p2a: OU Agent|51/100 brn|[from] brn
|upkeep
|turn|27
|
|move|p2a: OU Agent|Roost|p2a: OU Agent
|-heal|p2a: OU Agent|100/100 brn
|-singleturn|p2a: OU Agent|move: Roost
|move|p1a: Tyranitar|Fire Punch|p2a: OU Agent
|-supereffective|p2a: OU Agent
|-damage|p2a: OU Agent|74/100 brn
|
|-weather|none
|-heal|p2a: OU Agent|80/100 brn|[from] item: Leftovers
|-damage|p2a: OU Agent|74/100 brn|[from] brn
|upkeep
|turn|28
|
|move|p2a: OU Agent|U-turn|p1a: Tyranitar
|-supereffective|p1a: Tyranitar
|-damage|p1a: Tyranitar|42/100
|
|switch|p2a: Haxorus|Haxorus, F|100/100|[from]move: U-turn
|-ability|p2a: Haxorus|Mold Breaker
|move|p1a: Tyranitar|Fire Punch|p2a: Haxorus
|-resisted|p2a: Haxorus
|-damage|p2a: Haxorus|87/100
|
|upkeep
|turn|29
|
|switch|p2a: u w0t|Rotom-Heat|100/100
|switch|p1a: Corviknight|Corviknight, M|100/100
|-ability|p1a: Corviknight|Pressure
|
|upkeep
|turn|30
|
|switch|p1a: Tyranitar|Tyranitar, M|42/100
|-weather|Sandstorm|[from] ability: Sand Stream|[of] p1a: Tyranitar
|move|p2a: u w0t|Nasty Plot|p2a: u w0t
|-boost|p2a: u w0t|spa|2
|
|-weather|Sandstorm|[upkeep]
|-damage|p2a: u w0t|94/100|[from] Sandstorm
|upkeep
|turn|31
|
|move|p2a: u w0t|Thunderbolt|p1a: Tyranitar
|-damage|p1a: Tyranitar|18/100
|move|p1a: Tyranitar|Rock Slide|p2a: u w0t
|-supereffective|p2a: u w0t
|-damage|p2a: u w0t|6/100
|
|-weather|Sandstorm|[upkeep]
|-damage|p2a: u w0t|0 fnt|[from] Sandstorm
|faint|p2a: u w0t
|upkeep
|
|switch|p2a: Spencer|Sirfetch'd, M|46/100
|turn|32
|
|switch|p2a: Haxorus|Haxorus, F|87/100
|-ability|p2a: Haxorus|Mold Breaker
|move|p1a: Tyranitar|Earthquake|p2a: Haxorus
|-crit|p2a: Haxorus
|-damage|p2a: Haxorus|24/100
|
|-weather|Sandstorm|[upkeep]
|-damage|p2a: Haxorus|18/100|[from] Sandstorm
|upkeep
|turn|33
|
|move|p2a: Haxorus|Close Combat|p1a: Tyranitar
|-supereffective|p1a: Tyranitar
|-damage|p1a: Tyranitar|0 fnt
|-unboost|p2a: Haxorus|def|1
|-unboost|p2a: Haxorus|spd|1
|faint|p1a: Tyranitar
|
|-weather|Sandstorm|[upkeep]
|-damage|p2a: Haxorus|12/100|[from] Sandstorm
|upkeep
|
|switch|p1a: Excadrill|Excadrill, M|100/100
|turn|34
|
|move|p1a: Excadrill|Iron Head|p2a: Haxorus
|-damage|p2a: Haxorus|0 fnt
|faint|p2a: Haxorus
|
|-weather|none
|upkeep
|
|switch|p2a: Mood|Corsola-Galar, M|71/100
|turn|35
|
|move|p1a: Excadrill|Swords Dance|p1a: Excadrill
|-boost|p1a: Excadrill|atk|2
|move|p2a: Mood|Night Shade|p1a: Excadrill
|-damage|p1a: Excadrill|73/100
|
|-heal|p1a: Excadrill|79/100|[from] item: Leftovers
|upkeep
|turn|36
|
|move|p1a: Excadrill|Swords Dance|p1a: Excadrill
|-boost|p1a: Excadrill|atk|2
|move|p2a: Mood|Will-O-Wisp|p1a: Excadrill
|-status|p1a: Excadrill|brn
|
|-heal|p1a: Excadrill|85/100 brn|[from] item: Leftovers
|-damage|p1a: Excadrill|79/100 brn|[from] brn
|upkeep
|turn|37
|
|move|p1a: Excadrill|Earthquake|p2a: Mood
|-damage|p2a: Mood|32/100
|move|p2a: Mood|Strength Sap|p1a: Excadrill
|-unboost|p1a: Excadrill|atk|1
|-heal|p2a: Mood|100/100
|
|-heal|p1a: Excadrill|85/100 brn|[from] item: Leftovers
|-damage|p1a: Excadrill|79/100 brn|[from] brn
|upkeep
|turn|38
|
|move|p1a: Excadrill|Swords Dance|p1a: Excadrill
|-boost|p1a: Excadrill|atk|2
|move|p2a: Mood|Night Shade|p1a: Excadrill
|-damage|p1a: Excadrill|51/100 brn
|
|-heal|p1a: Excadrill|57/100 brn|[from] item: Leftovers
|-damage|p1a: Excadrill|51/100 brn|[from] brn
|upkeep
|turn|39
|
|switch|p1a: Togekiss|Togekiss, F|26/100
|move|p2a: Mood|Strength Sap|p1a: Togekiss
|-unboost|p1a: Togekiss|atk|1
|
|upkeep
|turn|40
|
|move|p1a: Togekiss|Nasty Plot|p1a: Togekiss
|-boost|p1a: Togekiss|spa|2
|move|p2a: Mood|Night Shade|p1a: Togekiss
|-damage|p1a: Togekiss|0 fnt
|faint|p1a: Togekiss
|
|upkeep
|
|switch|p1a: Corviknight|Corviknight, M|100/100
|-ability|p1a: Corviknight|Pressure
|turn|41
|
|move|p1a: Corviknight|Bulk Up|p1a: Corviknight
|-boost|p1a: Corviknight|atk|1
|-boost|p1a: Corviknight|def|1
|move|p2a: Mood|Will-O-Wisp|p1a: Corviknight
|-status|p1a: Corviknight|brn
|
|-damage|p1a: Corviknight|94/100 brn|[from] brn
|upkeep
|turn|42
|
|move|p1a: Corviknight|Bulk Up|p1a: Corviknight
|-boost|p1a: Corviknight|atk|1
|-boost|p1a: Corviknight|def|1
|move|p2a: Mood|Night Shade|p1a: Corviknight
|-damage|p1a: Corviknight|69/100 brn
|
|-heal|p1a: Corviknight|75/100 brn|[from] item: Leftovers
|-damage|p1a: Corviknight|69/100 brn|[from] brn
|upkeep
|turn|43
|
|move|p1a: Corviknight|Bulk Up|p1a: Corviknight
|-boost|p1a: Corviknight|atk|1
|-boost|p1a: Corviknight|def|1
|move|p2a: Mood|Night Shade|p1a: Corviknight
|-damage|p1a: Corviknight|44/100 brn
|
|-heal|p1a: Corviknight|50/100 brn|[from] item: Leftovers
|-damage|p1a: Corviknight|44/100 brn|[from] brn
|upkeep
|turn|44
|
|switch|p2a: Spencer|Sirfetch'd, M|46/100
|move|p1a: Corviknight|Roost|p1a: Corviknight
|-heal|p1a: Corviknight|94/100 brn
|-singleturn|p1a: Corviknight|move: Roost
|
|-heal|p1a: Corviknight|100/100 brn|[from] item: Leftovers
|-damage|p1a: Corviknight|94/100 brn|[from] brn
|upkeep
|turn|45
|
|move|p2a: Spencer|Knock Off|p1a: Corviknight
|-damage|p1a: Corviknight|77/100 brn
|-enditem|p1a: Corviknight|Leftovers|[from] move: Knock Off|[of] p2a: Spencer
|move|p1a: Corviknight|Brave Bird|p2a: Spencer
|-supereffective|p2a: Spencer
|-damage|p2a: Spencer|0 fnt
|-damage|p1a: Corviknight|65/100 brn|[from] Recoil
|faint|p2a: Spencer
|
|-damage|p1a: Corviknight|59/100 brn|[from] brn
|upkeep
|
|switch|p2a: Humiliation|Pyukumuku, M, shiny|100/100
|turn|46
|
|move|p1a: Corviknight|Roost|p1a: Corviknight
|-heal|p1a: Corviknight|100/100 brn
|-singleturn|p1a: Corviknight|move: Roost
|move|p2a: Humiliation|Counter||[still]
|-fail|p2a: Humiliation
|
|-damage|p1a: Corviknight|94/100 brn|[from] brn
|upkeep
|turn|47
|
|switch|p2a: OU Agent|Corviknight, M|74/100 brn
|-ability|p2a: OU Agent|Pressure
|move|p1a: Corviknight|Bulk Up|p1a: Corviknight
|-boost|p1a: Corviknight|atk|1
|-boost|p1a: Corviknight|def|1
|
|-heal|p2a: OU Agent|80/100 brn|[from] item: Leftovers
|-damage|p2a: OU Agent|74/100 brn|[from] brn
|-damage|p1a: Corviknight|88/100 brn|[from] brn
|upkeep
|turn|48
|
|move|p2a: OU Agent|Roost|p2a: OU Agent
|-heal|p2a: OU Agent|100/100 brn
|-singleturn|p2a: OU Agent|move: Roost
|move|p1a: Corviknight|Bulk Up|p1a: Corviknight
|-boost|p1a: Corviknight|atk|1
|-boost|p1a: Corviknight|def|1
|
|-damage|p2a: OU Agent|94/100 brn|[from] brn
|-damage|p1a: Corviknight|82/100 brn|[from] brn
|upkeep
|turn|49
|
|move|p2a: OU Agent|U-turn|p1a: Corviknight
|-resisted|p1a: Corviknight
|-damage|p1a: Corviknight|81/100 brn
|
|switch|p2a: Humiliation|Pyukumuku, M, shiny|100/100|[from]move: U-turn
|move|p1a: Corviknight|Bulk Up|p1a: Corviknight
|-boost|p1a: Corviknight|atk|1
|-boost|p1a: Corviknight|def|1
|
|-damage|p1a: Corviknight|75/100 brn|[from] brn
|upkeep
|turn|50
|
|move|p1a: Corviknight|Roost|p1a: Corviknight
|-heal|p1a: Corviknight|100/100 brn
|-singleturn|p1a: Corviknight|move: Roost
|move|p2a: Humiliation|Counter||[still]
|-fail|p2a: Humiliation
|
|-damage|p1a: Corviknight|94/100 brn|[from] brn
|upkeep
|turn|51
|
|move|p1a: Corviknight|Roost|p1a: Corviknight
|-heal|p1a: Corviknight|100/100 brn
|-singleturn|p1a: Corviknight|move: Roost
|move|p2a: Humiliation|Counter||[still]
|-fail|p2a: Humiliation
|
|-damage|p1a: Corviknight|94/100 brn|[from] brn
|upkeep
|turn|52
|
|switch|p2a: OU Agent|Corviknight, M|94/100 brn
|-ability|p2a: OU Agent|Pressure
|move|p1a: Corviknight|Bulk Up|p1a: Corviknight
|-boost|p1a: Corviknight|atk|0
|-boost|p1a: Corviknight|def|0
|
|-heal|p2a: OU Agent|100/100 brn|[from] item: Leftovers
|-damage|p2a: OU Agent|94/100 brn|[from] brn
|-damage|p1a: Corviknight|88/100 brn|[from] brn
|upkeep
|turn|53
|
|move|p2a: OU Agent|Brave Bird|p1a: Corviknight
|-resisted|p1a: Corviknight
|-damage|p1a: Corviknight|86/100 brn
|-damage|p2a: OU Agent|94/100 brn|[from] Recoil
|move|p1a: Corviknight|Brave Bird|p2a: OU Agent
|-resisted|p2a: OU Agent
|-damage|p2a: OU Agent|74/100 brn
|-damage|p1a: Corviknight|80/100 brn|[from] Recoil
|
|-heal|p2a: OU Agent|80/100 brn|[from] item: Leftovers
|-damage|p2a: OU Agent|74/100 brn|[from] brn
|-damage|p1a: Corviknight|73/100 brn|[from] brn
|upkeep
|turn|54
|
|move|p2a: OU Agent|Brave Bird|p1a: Corviknight
|-resisted|p1a: Corviknight
|-damage|p1a: Corviknight|72/100 brn
|-damage|p2a: OU Agent|73/100 brn|[from] Recoil
|move|p1a: Corviknight|Brave Bird|p2a: OU Agent
|-resisted|p2a: OU Agent
|-damage|p2a: OU Agent|53/100 brn
|-damage|p1a: Corviknight|65/100 brn|[from] Recoil
|
|-heal|p2a: OU Agent|59/100 brn|[from] item: Leftovers
|-damage|p2a: OU Agent|53/100 brn|[from] brn
|-damage|p1a: Corviknight|59/100 brn|[from] brn
|upkeep
|turn|55
|
|move|p2a: OU Agent|Brave Bird|p1a: Corviknight
|-resisted|p1a: Corviknight
|-damage|p1a: Corviknight|57/100 brn
|-damage|p2a: OU Agent|52/100 brn|[from] Recoil
|move|p1a: Corviknight|Roost|p1a: Corviknight
|-heal|p1a: Corviknight|100/100 brn
|-singleturn|p1a: Corviknight|move: Roost
|
|-heal|p2a: OU Agent|58/100 brn|[from] item: Leftovers
|-damage|p2a: OU Agent|52/100 brn|[from] brn
|-damage|p1a: Corviknight|94/100 brn|[from] brn
|upkeep
|turn|56
|
|move|p2a: OU Agent|Brave Bird|p1a: Corviknight
|-resisted|p1a: Corviknight
|-damage|p1a: Corviknight|93/100 brn
|-damage|p2a: OU Agent|52/100 brn|[from] Recoil
|move|p1a: Corviknight|Brave Bird|p2a: OU Agent
|-resisted|p2a: OU Agent
|-damage|p2a: OU Agent|28/100 brn
|-damage|p1a: Corviknight|85/100 brn|[from] Recoil
|
|-heal|p2a: OU Agent|34/100 brn|[from] item: Leftovers
|-damage|p2a: OU Agent|28/100 brn|[from] brn
|-damage|p1a: Corviknight|79/100 brn|[from] brn
|upkeep
|turn|57
|
|move|p2a: OU Agent|Roost|p2a: OU Agent
|-heal|p2a: OU Agent|78/100 brn
|-singleturn|p2a: OU Agent|move: Roost
|move|p1a: Corviknight|Brave Bird|p2a: OU Agent
|-resisted|p2a: OU Agent
|-damage|p2a: OU Agent|56/100 brn
|-damage|p1a: Corviknight|71/100 brn|[from] Recoil
|
|-heal|p2a: OU Agent|62/100 brn|[from] item: Leftovers
|-damage|p2a: OU Agent|56/100 brn|[from] brn
|-damage|p1a: Corviknight|65/100 brn|[from] brn
|upkeep
|turn|58
|
|move|p2a: OU Agent|Brave Bird|p1a: Corviknight
|-resisted|p1a: Corviknight
|-damage|p1a: Corviknight|64/100 brn
|-damage|p2a: OU Agent|56/100 brn|[from] Recoil
|move|p1a: Corviknight|Brave Bird|p2a: OU Agent
|-resisted|p2a: OU Agent
|-damage|p2a: OU Agent|32/100 brn
|-damage|p1a: Corviknight|56/100 brn|[from] Recoil
|
|-heal|p2a: OU Agent|38/100 brn|[from] item: Leftovers
|-damage|p2a: OU Agent|32/100 brn|[from] brn
|-damage|p1a: Corviknight|50/100 brn|[from] brn
|upkeep
|turn|59
|c|☆BirdieBirdBird|this is actually aids
|
|move|p2a: OU Agent|Roost|p2a: OU Agent
|-heal|p2a: OU Agent|82/100 brn
|-singleturn|p2a: OU Agent|move: Roost
|move|p1a: Corviknight|Brave Bird|p2a: OU Agent
|-resisted|p2a: OU Agent
|-damage|p2a: OU Agent|59/100 brn
|-damage|p1a: Corviknight|42/100 brn|[from] Recoil
|
|-heal|p2a: OU Agent|65/100 brn|[from] item: Leftovers
|-damage|p2a: OU Agent|59/100 brn|[from] brn
|-damage|p1a: Corviknight|36/100 brn|[from] brn
|upkeep
|turn|60
|c|☆SparkyHooman|well then ff
|c|☆BirdieBirdBird|the bravest birds on Earth
|
|move|p2a: OU Agent|Brave Bird|p1a: Corviknight
|-resisted|p1a: Corviknight
|-damage|p1a: Corviknight|34/100 brn
|-damage|p2a: OU Agent|59/100 brn|[from] Recoil
|move|p1a: Corviknight|Roost|p1a: Corviknight
|-heal|p1a: Corviknight|84/100 brn
|-singleturn|p1a: Corviknight|move: Roost
|
|-heal|p2a: OU Agent|65/100 brn|[from] item: Leftovers
|-damage|p2a: OU Agent|59/100 brn|[from] brn
|-damage|p1a: Corviknight|78/100 brn|[from] brn
|upkeep
|turn|61
|
|move|p2a: OU Agent|Roost|p2a: OU Agent
|-heal|p2a: OU Agent|100/100 brn
|-singleturn|p2a: OU Agent|move: Roost
|move|p1a: Corviknight|Brave Bird|p2a: OU Agent
|-resisted|p2a: OU Agent
|-damage|p2a: OU Agent|78/100 brn
|-damage|p1a: Corviknight|71/100 brn|[from] Recoil
|
|-heal|p2a: OU Agent|84/100 brn|[from] item: Leftovers
|-damage|p2a: OU Agent|78/100 brn|[from] brn
|-damage|p1a: Corviknight|64/100 brn|[from] brn
|upkeep
|turn|62
|
|move|p2a: OU Agent|Brave Bird|p1a: Corviknight
|-resisted|p1a: Corviknight
|-crit|p1a: Corviknight
|-damage|p1a: Corviknight|55/100 brn
|-damage|p2a: OU Agent|75/100 brn|[from] Recoil
|move|p1a: Corviknight|U-turn|p2a: OU Agent
|-resisted|p2a: OU Agent
|-damage|p2a: OU Agent|71/100 brn
|
|switch|p1a: Toxapex|Toxapex, M|63/100 brn|[from]move: U-turn
|
|-heal|p2a: OU Agent|77/100 brn|[from] item: Leftovers
|-damage|p2a: OU Agent|71/100 brn|[from] brn
|-damage|p1a: Toxapex|57/100 brn|[from] brn
|upkeep
|turn|63
|
|move|p2a: OU Agent|U-turn|p1a: Toxapex
|-resisted|p1a: Toxapex
|-damage|p1a: Toxapex|54/100 brn
|
|switch|p2a: Mood|Corsola-Galar, M|100/100|[from]move: U-turn
|move|p1a: Toxapex|Toxic Spikes|p2a: Mood
|-sidestart|p2: BirdieBirdBird|move: Toxic Spikes
|
|-damage|p1a: Toxapex|48/100 brn|[from] brn
|upkeep
|turn|64
|
|move|p1a: Toxapex|Recover|p1a: Toxapex
|-heal|p1a: Toxapex|98/100 brn
|move|p2a: Mood|Stealth Rock|p1a: Toxapex
|-sidestart|p1: SparkyHooman|move: Stealth Rock
|
|-damage|p1a: Toxapex|92/100 brn|[from] brn
|upkeep
|turn|65
|
|move|p1a: Toxapex|Toxic Spikes|p2a: Mood
|-sidestart|p2: BirdieBirdBird|move: Toxic Spikes
|move|p2a: Mood|Night Shade|p1a: Toxapex
|-damage|p1a: Toxapex|59/100 brn
|
|-damage|p1a: Toxapex|53/100 brn|[from] brn
|upkeep
|turn|66
|
|move|p1a: Toxapex|Recover|p1a: Toxapex
|-heal|p1a: Toxapex|100/100 brn
|move|p2a: Mood|Night Shade|p1a: Toxapex
|-damage|p1a: Toxapex|68/100 brn
|
|-damage|p1a: Toxapex|61/100 brn|[from] brn
|upkeep
|turn|67
|
|move|p1a: Toxapex|Scald|p2a: Mood
|-damage|p2a: Mood|88/100
|-start|p1a: Toxapex|Disable|Scald|[from] ability: Cursed Body|[of] p2a: Mood
|move|p2a: Mood|Night Shade|p1a: Toxapex
|-damage|p1a: Toxapex|28/100 brn
|
|-damage|p1a: Toxapex|22/100 brn|[from] brn
|upkeep
|turn|68
|
|move|p1a: Toxapex|Recover|p1a: Toxapex
|-heal|p1a: Toxapex|72/100 brn
|move|p2a: Mood|Night Shade|p1a: Toxapex
|-damage|p1a: Toxapex|39/100 brn
|
|-damage|p1a: Toxapex|33/100 brn|[from] brn
|upkeep
|turn|69
|
|move|p1a: Toxapex|Recover|p1a: Toxapex
|-heal|p1a: Toxapex|83/100 brn
|move|p2a: Mood|Night Shade|p1a: Toxapex
|-damage|p1a: Toxapex|50/100 brn
|
|-damage|p1a: Toxapex|44/100 brn|[from] brn
|upkeep
|turn|70
|
|move|p1a: Toxapex|Recover|p1a: Toxapex
|-heal|p1a: Toxapex|94/100 brn
|move|p2a: Mood|Night Shade|p1a: Toxapex
|-damage|p1a: Toxapex|61/100 brn
|
|-damage|p1a: Toxapex|55/100 brn|[from] brn
|-end|p1a: Toxapex|Disable
|upkeep
|turn|71
|
|switch|p2a: OU Agent|Corviknight, M|71/100 brn
|-ability|p2a: OU Agent|Pressure
|move|p1a: Toxapex|Scald|p2a: OU Agent
|-damage|p2a: OU Agent|54/100 brn
|
|-heal|p2a: OU Agent|60/100 brn|[from] item: Leftovers
|-damage|p2a: OU Agent|54/100 brn|[from] brn
|-damage|p1a: Toxapex|49/100 brn|[from] brn
|upkeep
|turn|72
|
|move|p2a: OU Agent|Defog|p1a: Toxapex
|-unboost|p1a: Toxapex|evasion|1
|-sideend|p1: SparkyHooman|Stealth Rock|[from] move: Defog|[of] p2a: OU Agent
|-sideend|p2: BirdieBirdBird|Toxic Spikes|[from] move: Defog|[of] p2a: OU Agent
|move|p1a: Toxapex|Toxic Spikes|p2a: OU Agent
|-sidestart|p2: BirdieBirdBird|move: Toxic Spikes
|
|-heal|p2a: OU Agent|60/100 brn|[from] item: Leftovers
|-damage|p2a: OU Agent|54/100 brn|[from] brn
|-damage|p1a: Toxapex|42/100 brn|[from] brn
|upkeep
|turn|73
|
|move|p2a: OU Agent|Defog|p1a: Toxapex
|-unboost|p1a: Toxapex|evasion|1
|-sideend|p2: BirdieBirdBird|Toxic Spikes|[from] move: Defog|[of] p2a: OU Agent
|move|p1a: Toxapex|Recover|p1a: Toxapex
|-heal|p1a: Toxapex|92/100 brn
|
|-heal|p2a: OU Agent|60/100 brn|[from] item: Leftovers
|-damage|p2a: OU Agent|54/100 brn|[from] brn
|-damage|p1a: Toxapex|86/100 brn|[from] brn
|upkeep
|turn|74
|
|move|p2a: OU Agent|Roost|p2a: OU Agent
|-heal|p2a: OU Agent|100/100 brn
|-singleturn|p2a: OU Agent|move: Roost
|move|p1a: Toxapex|Toxic Spikes|p2a: OU Agent
|-sidestart|p2: BirdieBirdBird|move: Toxic Spikes
|
|-damage|p2a: OU Agent|94/100 brn|[from] brn
|-damage|p1a: Toxapex|80/100 brn|[from] brn
|upkeep
|turn|75
|
|move|p2a: OU Agent|Defog|p1a: Toxapex
|-unboost|p1a: Toxapex|evasion|1
|-sideend|p2: BirdieBirdBird|Toxic Spikes|[from] move: Defog|[of] p2a: OU Agent
|move|p1a: Toxapex|Scald|p2a: OU Agent
|-damage|p2a: OU Agent|77/100 brn
|
|-heal|p2a: OU Agent|83/100 brn|[from] item: Leftovers
|-damage|p2a: OU Agent|77/100 brn|[from] brn
|-damage|p1a: Toxapex|74/100 brn|[from] brn
|upkeep
|turn|76
|
|move|p2a: OU Agent|Defog|p1a: Toxapex
|-unboost|p1a: Toxapex|evasion|1
|move|p1a: Toxapex|Scald|p2a: OU Agent
|-damage|p2a: OU Agent|59/100 brn
|
|-heal|p2a: OU Agent|65/100 brn|[from] item: Leftovers
|-damage|p2a: OU Agent|59/100 brn|[from] brn
|-damage|p1a: Toxapex|67/100 brn|[from] brn
|upkeep
|turn|77
|
|move|p2a: OU Agent|Roost|p2a: OU Agent
|-heal|p2a: OU Agent|100/100 brn
|-singleturn|p2a: OU Agent|move: Roost
|move|p1a: Toxapex|Scald|p2a: OU Agent
|-damage|p2a: OU Agent|84/100 brn
|
|-heal|p2a: OU Agent|90/100 brn|[from] item: Leftovers
|-damage|p2a: OU Agent|84/100 brn|[from] brn
|-damage|p1a: Toxapex|61/100 brn|[from] brn
|upkeep
|turn|78
|
|switch|p2a: Humiliation|Pyukumuku, M, shiny|100/100
|move|p1a: Toxapex|Toxic Spikes|p2a: Humiliation
|-sidestart|p2: BirdieBirdBird|move: Toxic Spikes
|
|-damage|p1a: Toxapex|55/100 brn|[from] brn
|upkeep
|turn|79
|
|move|p1a: Toxapex|Scald|p2a: Humiliation
|-resisted|p2a: Humiliation
|-damage|p2a: Humiliation|95/100
|move|p2a: Humiliation|Mirror Coat|p1a: Toxapex
|-damage|p1a: Toxapex|44/100 brn
|
|-heal|p2a: Humiliation|100/100|[from] item: Leftovers
|-damage|p1a: Toxapex|38/100 brn|[from] brn
|upkeep
|turn|80
|
|switch|p2a: OU Agent|Corviknight, M|84/100 brn
|-ability|p2a: OU Agent|Pressure
|move|p1a: Toxapex|Recover|p1a: Toxapex
|-heal|p1a: Toxapex|88/100 brn
|
|-heal|p2a: OU Agent|90/100 brn|[from] item: Leftovers
|-damage|p2a: OU Agent|84/100 brn|[from] brn
|-damage|p1a: Toxapex|82/100 brn|[from] brn
|upkeep
|turn|81
|
|move|p2a: OU Agent|Defog|p1a: Toxapex
|-unboost|p1a: Toxapex|evasion|1
|-sideend|p2: BirdieBirdBird|Toxic Spikes|[from] move: Defog|[of] p2a: OU Agent
|move|p1a: Toxapex|Scald|p2a: OU Agent
|-damage|p2a: OU Agent|68/100 brn
|
|-heal|p2a: OU Agent|74/100 brn|[from] item: Leftovers
|-damage|p2a: OU Agent|68/100 brn|[from] brn
|-damage|p1a: Toxapex|75/100 brn|[from] brn
|upkeep
|turn|82
|
|move|p2a: OU Agent|Brave Bird|p1a: Toxapex
|-damage|p1a: Toxapex|65/100 brn
|-damage|p2a: OU Agent|65/100 brn|[from] Recoil
|move|p1a: Toxapex|Toxic Spikes|p2a: OU Agent
|-sidestart|p2: BirdieBirdBird|move: Toxic Spikes
|
|-heal|p2a: OU Agent|71/100 brn|[from] item: Leftovers
|-damage|p2a: OU Agent|65/100 brn|[from] brn
|-damage|p1a: Toxapex|59/100 brn|[from] brn
|upkeep
|turn|83
|
|move|p2a: OU Agent|Defog|p1a: Toxapex
|-unboost|p1a: Toxapex|evasion|1
|-sideend|p2: BirdieBirdBird|Toxic Spikes|[from] move: Defog|[of] p2a: OU Agent
|move|p1a: Toxapex|Toxic Spikes|p2a: OU Agent
|-sidestart|p2: BirdieBirdBird|move: Toxic Spikes
|
|-heal|p2a: OU Agent|71/100 brn|[from] item: Leftovers
|-damage|p2a: OU Agent|65/100 brn|[from] brn
|-damage|p1a: Toxapex|52/100 brn|[from] brn
|upkeep
|turn|84
|
|move|p2a: OU Agent|Defog|p1a: Toxapex
|-unboost|p1a: Toxapex|evasion|0
|-sideend|p2: BirdieBirdBird|Toxic Spikes|[from] move: Defog|[of] p2a: OU Agent
|move|p1a: Toxapex|Toxic Spikes|p2a: OU Agent
|-sidestart|p2: BirdieBirdBird|move: Toxic Spikes
|
|-heal|p2a: OU Agent|71/100 brn|[from] item: Leftovers
|-damage|p2a: OU Agent|65/100 brn|[from] brn
|-damage|p1a: Toxapex|46/100 brn|[from] brn
|upkeep
|turn|85
|
|move|p2a: OU Agent|Defog|p1a: Toxapex
|-unboost|p1a: Toxapex|evasion|0
|-sideend|p2: BirdieBirdBird|Toxic Spikes|[from] move: Defog|[of] p2a: OU Agent
|move|p1a: Toxapex|Recover|p1a: Toxapex
|-heal|p1a: Toxapex|96/100 brn
|
|-heal|p2a: OU Agent|71/100 brn|[from] item: Leftovers
|-damage|p2a: OU Agent|65/100 brn|[from] brn
|-damage|p1a: Toxapex|90/100 brn|[from] brn
|upkeep
|turn|86
|
|switch|p2a: Mood|Corsola-Galar, M|88/100
|move|p1a: Toxapex|Toxic Spikes|p2a: Mood
|-sidestart|p2: BirdieBirdBird|move: Toxic Spikes
|
|-damage|p1a: Toxapex|84/100 brn|[from] brn
|upkeep
|turn|87
|
|switch|p2a: OU Agent|Corviknight, M|65/100 brn
|-ability|p2a: OU Agent|Pressure
|move|p1a: Toxapex|Scald|p2a: OU Agent
|-damage|p2a: OU Agent|49/100 brn
|
|-heal|p2a: OU Agent|56/100 brn|[from] item: Leftovers
|-damage|p2a: OU Agent|49/100 brn|[from] brn
|-damage|p1a: Toxapex|77/100 brn|[from] brn
|upkeep
|turn|88
|
|move|p2a: OU Agent|Roost|p2a: OU Agent
|-heal|p2a: OU Agent|99/100 brn
|-singleturn|p2a: OU Agent|move: Roost
|move|p1a: Toxapex|Toxic Spikes|p2a: OU Agent
|-sidestart|p2: BirdieBirdBird|move: Toxic Spikes
|
|-heal|p2a: OU Agent|100/100 brn|[from] item: Leftovers
|-damage|p2a: OU Agent|94/100 brn|[from] brn
|-damage|p1a: Toxapex|71/100 brn|[from] brn
|upkeep
|turn|89
|
|move|p2a: OU Agent|Defog|p1a: Toxapex
|-unboost|p1a: Toxapex|evasion|0
|-sideend|p2: BirdieBirdBird|Toxic Spikes|[from] move: Defog|[of] p2a: OU Agent
|move|p1a: Toxapex|Toxic Spikes|p2a: OU Agent
|-sidestart|p2: BirdieBirdBird|move: Toxic Spikes
|
|-heal|p2a: OU Agent|100/100 brn|[from] item: Leftovers
|-damage|p2a: OU Agent|94/100 brn|[from] brn
|-damage|p1a: Toxapex|65/100 brn|[from] brn
|upkeep
|turn|90
|
|move|p2a: OU Agent|Defog|p1a: Toxapex
|-unboost|p1a: Toxapex|evasion|0
|-sideend|p2: BirdieBirdBird|Toxic Spikes|[from] move: Defog|[of] p2a: OU Agent
|move|p1a: Toxapex|Toxic Spikes|p2a: OU Agent
|-sidestart|p2: BirdieBirdBird|move: Toxic Spikes
|
|-heal|p2a: OU Agent|100/100 brn|[from] item: Leftovers
|-damage|p2a: OU Agent|94/100 brn|[from] brn
|-damage|p1a: Toxapex|59/100 brn|[from] brn
|upkeep
|turn|91
|
|move|p2a: OU Agent|Defog|p1a: Toxapex
|-unboost|p1a: Toxapex|evasion|0
|-sideend|p2: BirdieBirdBird|Toxic Spikes|[from] move: Defog|[of] p2a: OU Agent
|move|p1a: Toxapex|Toxic Spikes|p2a: OU Agent
|-sidestart|p2: BirdieBirdBird|move: Toxic Spikes
|
|-heal|p2a: OU Agent|100/100 brn|[from] item: Leftovers
|-damage|p2a: OU Agent|94/100 brn|[from] brn
|-damage|p1a: Toxapex|52/100 brn|[from] brn
|upkeep
|turn|92
|
|move|p2a: OU Agent|Defog|p1a: Toxapex
|-unboost|p1a: Toxapex|evasion|0
|-sideend|p2: BirdieBirdBird|Toxic Spikes|[from] move: Defog|[of] p2a: OU Agent
|move|p1a: Toxapex|Toxic Spikes|p2a: OU Agent
|-sidestart|p2: BirdieBirdBird|move: Toxic Spikes
|
|-heal|p2a: OU Agent|100/100 brn|[from] item: Leftovers
|-damage|p2a: OU Agent|94/100 brn|[from] brn
|-damage|p1a: Toxapex|46/100 brn|[from] brn
|upkeep
|turn|93
|
|move|p2a: OU Agent|Defog|p1a: Toxapex
|-unboost|p1a: Toxapex|evasion|0
|-sideend|p2: BirdieBirdBird|Toxic Spikes|[from] move: Defog|[of] p2a: OU Agent
|move|p1a: Toxapex|Recover|p1a: Toxapex
|-heal|p1a: Toxapex|96/100 brn
|
|-heal|p2a: OU Agent|100/100 brn|[from] item: Leftovers
|-damage|p2a: OU Agent|94/100 brn|[from] brn
|-damage|p1a: Toxapex|90/100 brn|[from] brn
|upkeep
|turn|94
|inactive|BirdieBirdBird has 120 seconds left.
|
|switch|p2a: Mood|Corsola-Galar, M|88/100
|move|p1a: Toxapex|Toxic Spikes|p2a: Mood
|-sidestart|p2: BirdieBirdBird|move: Toxic Spikes
|
|-damage|p1a: Toxapex|84/100 brn|[from] brn
|upkeep
|turn|95
|inactive|BirdieBirdBird has 120 seconds left.
|
|switch|p2a: OU Agent|Corviknight, M|94/100 brn
|-ability|p2a: OU Agent|Pressure
|move|p1a: Toxapex|Scald|p2a: OU Agent
|-damage|p2a: OU Agent|76/100 brn
|
|-heal|p2a: OU Agent|82/100 brn|[from] item: Leftovers
|-damage|p2a: OU Agent|76/100 brn|[from] brn
|-damage|p1a: Toxapex|77/100 brn|[from] brn
|upkeep
|turn|96
|inactive|BirdieBirdBird has 120 seconds left.
|
|move|p2a: OU Agent|Defog|p1a: Toxapex
|-unboost|p1a: Toxapex|evasion|0
|-sideend|p2: BirdieBirdBird|Toxic Spikes|[from] move: Defog|[of] p2a: OU Agent
|move|p1a: Toxapex|Haze|p1a: Toxapex
|-clearallboost
|
|-heal|p2a: OU Agent|82/100 brn|[from] item: Leftovers
|-damage|p2a: OU Agent|76/100 brn|[from] brn
|-damage|p1a: Toxapex|71/100 brn|[from] brn
|upkeep
|turn|97
|
|move|p2a: OU Agent|U-turn|p1a: Toxapex
|-resisted|p1a: Toxapex
|-damage|p1a: Toxapex|69/100 brn
|
|switch|p2a: Mood|Corsola-Galar, M|88/100|[from]move: U-turn
|move|p1a: Toxapex|Haze|p1a: Toxapex
|-clearallboost
|
|-damage|p1a: Toxapex|63/100 brn|[from] brn
|upkeep
|turn|98
|
|switch|p2a: OU Agent|Corviknight, M|76/100 brn
|-ability|p2a: OU Agent|Pressure
|move|p1a: Toxapex|Toxic Spikes|p2a: OU Agent
|-sidestart|p2: BirdieBirdBird|move: Toxic Spikes
|
|-heal|p2a: OU Agent|82/100 brn|[from] item: Leftovers
|-damage|p2a: OU Agent|76/100 brn|[from] brn
|-damage|p1a: Toxapex|57/100 brn|[from] brn
|upkeep
|turn|99
|
|move|p2a: OU Agent|Defog|p1a: Toxapex
|-unboost|p1a: Toxapex|evasion|1
|-sideend|p2: BirdieBirdBird|Toxic Spikes|[from] move: Defog|[of] p2a: OU Agent
|move|p1a: Toxapex|Haze|p1a: Toxapex
|-clearallboost
|
|-heal|p2a: OU Agent|82/100 brn|[from] item: Leftovers
|-damage|p2a: OU Agent|76/100 brn|[from] brn
|-damage|p1a: Toxapex|50/100 brn|[from] brn
|upkeep
|turn|100
|
|move|p2a: OU Agent|U-turn|p1a: Toxapex
|-resisted|p1a: Toxapex
|-damage|p1a: Toxapex|49/100 brn
|
|switch|p2a: Humiliation|Pyukumuku, M, shiny|100/100|[from]move: U-turn
|move|p1a: Toxapex|Recover|p1a: Toxapex
|-heal|p1a: Toxapex|99/100 brn
|
|-damage|p1a: Toxapex|92/100 brn|[from] brn
|upkeep
|turn|101
|
|switch|p1a: Corviknight|Corviknight, M|55/100 brn
|-ability|p1a: Corviknight|Pressure
|switch|p2a: OU Agent|Corviknight, M|76/100 brn
|-ability|p2a: OU Agent|Pressure
|
|-heal|p2a: OU Agent|82/100 brn|[from] item: Leftovers
|-damage|p2a: OU Agent|76/100 brn|[from] brn
|-damage|p1a: Corviknight|49/100 brn|[from] brn
|upkeep
|turn|102
|
|move|p2a: OU Agent|U-turn|p1a: Corviknight
|-resisted|p1a: Corviknight
|-damage|p1a: Corviknight|48/100 brn
|
|switch|p2a: Mood|Corsola-Galar, M|88/100|[from]move: U-turn
|move|p1a: Corviknight|Bulk Up|p1a: Corviknight
|-boost|p1a: Corviknight|atk|1
|-boost|p1a: Corviknight|def|1
|
|-damage|p1a: Corviknight|41/100 brn|[from] brn
|upkeep
|turn|103
|
|switch|p2a: OU Agent|Corviknight, M|76/100 brn
|-ability|p2a: OU Agent|Pressure
|move|p1a: Corviknight|Roost|p1a: Corviknight
|-heal|p1a: Corviknight|91/100 brn
|-singleturn|p1a: Corviknight|move: Roost
|
|-heal|p2a: OU Agent|82/100 brn|[from] item: Leftovers
|-damage|p2a: OU Agent|76/100 brn|[from] brn
|-damage|p1a: Corviknight|85/100 brn|[from] brn
|upkeep
|turn|104
|
|move|p2a: OU Agent|U-turn|p1a: Corviknight
|-resisted|p1a: Corviknight
|-damage|p1a: Corviknight|84/100 brn
|
|switch|p2a: Mood|Corsola-Galar, M|88/100|[from]move: U-turn
|move|p1a: Corviknight|Bulk Up|p1a: Corviknight
|-boost|p1a: Corviknight|atk|1
|-boost|p1a: Corviknight|def|1
|
|-damage|p1a: Corviknight|78/100 brn|[from] brn
|upkeep
|turn|105
|
|move|p1a: Corviknight|Bulk Up|p1a: Corviknight
|-boost|p1a: Corviknight|atk|1
|-boost|p1a: Corviknight|def|1
|move|p2a: Mood|Night Shade|p1a: Corviknight
|-damage|p1a: Corviknight|53/100 brn
|
|-damage|p1a: Corviknight|47/100 brn|[from] brn
|upkeep
|turn|106
|
|switch|p2a: OU Agent|Corviknight, M|76/100 brn
|-ability|p2a: OU Agent|Pressure
|move|p1a: Corviknight|Roost|p1a: Corviknight
|-heal|p1a: Corviknight|97/100 brn
|-singleturn|p1a: Corviknight|move: Roost
|
|-heal|p2a: OU Agent|82/100 brn|[from] item: Leftovers
|-damage|p2a: OU Agent|76/100 brn|[from] brn
|-damage|p1a: Corviknight|91/100 brn|[from] brn
|upkeep
|turn|107
|
|switch|p2a: Mood|Corsola-Galar, M|88/100
|move|p1a: Corviknight|Bulk Up|p1a: Corviknight
|-boost|p1a: Corviknight|atk|1
|-boost|p1a: Corviknight|def|1
|
|-damage|p1a: Corviknight|84/100 brn|[from] brn
|upkeep
|turn|108
|
|move|p1a: Corviknight|Bulk Up|p1a: Corviknight
|-boost|p1a: Corviknight|atk|1
|-boost|p1a: Corviknight|def|1
|move|p2a: Mood|Stealth Rock|p1a: Corviknight
|-sidestart|p1: SparkyHooman|move: Stealth Rock
|
|-damage|p1a: Corviknight|78/100 brn|[from] brn
|upkeep
|turn|109
|
|move|p1a: Corviknight|Bulk Up|p1a: Corviknight
|-boost|p1a: Corviknight|atk|1
|-boost|p1a: Corviknight|def|1
|move|p2a: Mood|Strength Sap|p1a: Corviknight
|-unboost|p1a: Corviknight|atk|1
|-heal|p2a: Mood|100/100
|
|-damage|p1a: Corviknight|72/100 brn|[from] brn
|upkeep
|turn|110
|
|switch|p2a: OU Agent|Corviknight, M|76/100 brn
|-ability|p2a: OU Agent|Pressure
|move|p1a: Corviknight|Brave Bird|p2a: OU Agent
|-resisted|p2a: OU Agent
|-damage|p2a: OU Agent|58/100 brn
|-damage|p1a: Corviknight|66/100 brn|[from] Recoil
|
|-heal|p2a: OU Agent|65/100 brn|[from] item: Leftovers
|-damage|p2a: OU Agent|58/100 brn|[from] brn
|-damage|p1a: Corviknight|60/100 brn|[from] brn
|upkeep
|turn|111
|
|move|p2a: OU Agent|U-turn|p1a: Corviknight
|-resisted|p1a: Corviknight
|-damage|p1a: Corviknight|60/100 brn
|
|switch|p2a: Humiliation|Pyukumuku, M, shiny|100/100|[from]move: U-turn
|move|p1a: Corviknight|Brave Bird|p2a: Humiliation
|-damage|p2a: Humiliation|86/100
|-damage|p1a: Corviknight|56/100 brn|[from] Recoil
|
|-heal|p2a: Humiliation|92/100|[from] item: Leftovers
|-damage|p1a: Corviknight|50/100 brn|[from] brn
|upkeep
|turn|112
|
|switch|p2a: OU Agent|Corviknight, M|58/100 brn
|-ability|p2a: OU Agent|Pressure
|move|p1a: Corviknight|Roost|p1a: Corviknight
|-heal|p1a: Corviknight|99/100 brn
|-singleturn|p1a: Corviknight|move: Roost
|
|-heal|p2a: OU Agent|65/100 brn|[from] item: Leftovers
|-damage|p2a: OU Agent|58/100 brn|[from] brn
|-damage|p1a: Corviknight|93/100 brn|[from] brn
|upkeep
|turn|113
|inactive|SparkyHooman has 120 seconds left.
|inactive|BirdieBirdBird has 90 seconds left.
|
|switch|p2a: Humiliation|Pyukumuku, M, shiny|92/100
|move|p1a: Corviknight|Bulk Up|p1a: Corviknight
|-boost|p1a: Corviknight|atk|1
|-boost|p1a: Corviknight|def|0
|
|-heal|p2a: Humiliation|98/100|[from] item: Leftovers
|-damage|p1a: Corviknight|87/100 brn|[from] brn
|upkeep
|turn|114
|inactive|SparkyHooman has 120 seconds left.
|
|move|p1a: Corviknight|Brave Bird|p2a: Humiliation
|-damage|p2a: Humiliation|83/100
|-damage|p1a: Corviknight|83/100 brn|[from] Recoil
|move|p2a: Humiliation|Counter|p1a: Corviknight
|-damage|p1a: Corviknight|60/100 brn
|
|-heal|p2a: Humiliation|89/100|[from] item: Leftovers
|-damage|p1a: Corviknight|54/100 brn|[from] brn
|upkeep
|turn|115
|inactive|SparkyHooman has 120 seconds left.
|
|switch|p2a: OU Agent|Corviknight, M|58/100 brn
|-ability|p2a: OU Agent|Pressure
|move|p1a: Corviknight|Roost|p1a: Corviknight
|-heal|p1a: Corviknight|100/100 brn
|-singleturn|p1a: Corviknight|move: Roost
|
|-heal|p2a: OU Agent|65/100 brn|[from] item: Leftovers
|-damage|p2a: OU Agent|58/100 brn|[from] brn
|-damage|p1a: Corviknight|94/100 brn|[from] brn
|upkeep
|turn|116
|inactive|SparkyHooman has 120 seconds left.
|inactive|BirdieBirdBird has 60 seconds left.
|
|move|p2a: OU Agent|U-turn|p1a: Corviknight
|-resisted|p1a: Corviknight
|-damage|p1a: Corviknight|94/100 brn
|
|switch|p2a: Humiliation|Pyukumuku, M, shiny|89/100|[from]move: U-turn
|move|p1a: Corviknight|Brave Bird|p2a: Humiliation
|-damage|p2a: Humiliation|73/100
|-damage|p1a: Corviknight|90/100 brn|[from] Recoil
|
|-heal|p2a: Humiliation|79/100|[from] item: Leftovers
|-damage|p1a: Corviknight|83/100 brn|[from] brn
|upkeep
|turn|117
|inactive|SparkyHooman has 120 seconds left.
|inactive|BirdieBirdBird has 60 seconds left.
|
|move|p1a: Corviknight|Bulk Up|p1a: Corviknight
|-boost|p1a: Corviknight|atk|0
|-boost|p1a: Corviknight|def|0
|move|p2a: Humiliation|Counter||[still]
|-fail|p2a: Humiliation
|
|-heal|p2a: Humiliation|85/100|[from] item: Leftovers
|-damage|p1a: Corviknight|77/100 brn|[from] brn
|upkeep
|turn|118
|inactive|BirdieBirdBird has 60 seconds left.
|j| Dev2905
|
|move|p1a: Corviknight|Bulk Up|p1a: Corviknight
|-boost|p1a: Corviknight|atk|0
|-boost|p1a: Corviknight|def|0
|move|p2a: Humiliation|Toxic||[still]
|-fail|p2a: Humiliation
|
|-heal|p2a: Humiliation|91/100|[from] item: Leftovers
|-damage|p1a: Corviknight|71/100 brn|[from] brn
|upkeep
|turn|119
|inactive|SparkyHooman has 120 seconds left.
|c|☆BirdieBirdBird|welcome to Hell
|
|move|p1a: Corviknight|Bulk Up|p1a: Corviknight
|-boost|p1a: Corviknight|atk|0
|-boost|p1a: Corviknight|def|0
|move|p2a: Humiliation|Toxic||[still]
|-fail|p2a: Humiliation
|
|-heal|p2a: Humiliation|97/100|[from] item: Leftovers
|-damage|p1a: Corviknight|65/100 brn|[from] brn
|upkeep
|turn|120
|
|switch|p2a: OU Agent|Corviknight, M|58/100 brn
|-ability|p2a: OU Agent|Pressure
|move|p1a: Corviknight|Brave Bird|p2a: OU Agent
|-resisted|p2a: OU Agent
|-damage|p2a: OU Agent|36/100 brn
|-damage|p1a: Corviknight|57/100 brn|[from] Recoil
|
|-heal|p2a: OU Agent|42/100 brn|[from] item: Leftovers
|-damage|p2a: OU Agent|36/100 brn|[from] brn
|-damage|p1a: Corviknight|51/100 brn|[from] brn
|upkeep
|turn|121
|
|move|p2a: OU Agent|Roost|p2a: OU Agent
|-heal|p2a: OU Agent|86/100 brn
|-singleturn|p2a: OU Agent|move: Roost
|move|p1a: Corviknight|Brave Bird|p2a: OU Agent
|-resisted|p2a: OU Agent
|-damage|p2a: OU Agent|66/100 brn
|-damage|p1a: Corviknight|44/100 brn|[from] Recoil
|
|-heal|p2a: OU Agent|72/100 brn|[from] item: Leftovers
|-damage|p2a: OU Agent|66/100 brn|[from] brn
|-damage|p1a: Corviknight|38/100 brn|[from] brn
|upkeep
|turn|122
|
|move|p2a: OU Agent|Brave Bird|p1a: Corviknight
|-resisted|p1a: Corviknight
|-damage|p1a: Corviknight|37/100 brn
|-damage|p2a: OU Agent|65/100 brn|[from] Recoil
|move|p1a: Corviknight|Roost|p1a: Corviknight
|-heal|p1a: Corviknight|87/100 brn
|-singleturn|p1a: Corviknight|move: Roost
|
|-heal|p2a: OU Agent|72/100 brn|[from] item: Leftovers
|-damage|p2a: OU Agent|65/100 brn|[from] brn
|-damage|p1a: Corviknight|80/100 brn|[from] brn
|upkeep
|turn|123
|inactive|BirdieBirdBird has 30 seconds left.
|
|switch|p1a: Toxapex|Toxapex, M|100/100 brn
|-damage|p1a: Toxapex|88/100 brn|[from] Stealth Rock
|move|p2a: OU Agent|U-turn|p1a: Toxapex
|-resisted|p1a: Toxapex
|-damage|p1a: Toxapex|86/100 brn
|l| Dev2905
|inactive|BirdieBirdBird has 30 seconds left.
|
|switch|p2a: Humiliation|Pyukumuku, M, shiny|97/100|[from]move: U-turn
|
|-heal|p2a: Humiliation|100/100|[from] item: Leftovers
|-damage|p1a: Toxapex|80/100 brn|[from] brn
|upkeep
|turn|124
|inactive|BirdieBirdBird has 30 seconds left.
|
|move|p1a: Toxapex|Haze|p1a: Toxapex
|-clearallboost
|move|p2a: Humiliation|Toxic||[still]
|-fail|p2a: Humiliation
|
|-damage|p1a: Toxapex|74/100 brn|[from] brn
|upkeep
|turn|125
|inactive|BirdieBirdBird has 30 seconds left.
|
|switch|p2a: Mood|Corsola-Galar, M|100/100
|move|p1a: Toxapex|Haze|p1a: Toxapex
|-clearallboost
|
|-damage|p1a: Toxapex|67/100 brn|[from] brn
|upkeep
|turn|126
|inactive|BirdieBirdBird has 30 seconds left.
|
|move|p1a: Toxapex|Haze|p1a: Toxapex
|-clearallboost
|move|p2a: Mood|Night Shade|p1a: Toxapex
|-damage|p1a: Toxapex|34/100 brn
|
|-damage|p1a: Toxapex|28/100 brn|[from] brn
|upkeep
|turn|127
|inactive|BirdieBirdBird has 30 seconds left.
|
|switch|p2a: OU Agent|Corviknight, M|65/100 brn
|-ability|p2a: OU Agent|Pressure
|move|p1a: Toxapex|Recover|p1a: Toxapex
|-heal|p1a: Toxapex|78/100 brn
|
|-heal|p2a: OU Agent|72/100 brn|[from] item: Leftovers
|-damage|p2a: OU Agent|65/100 brn|[from] brn
|-damage|p1a: Toxapex|72/100 brn|[from] brn
|upkeep
|turn|128
|inactive|BirdieBirdBird has 30 seconds left.
|
|move|p2a: OU Agent|U-turn|p1a: Toxapex
|-resisted|p1a: Toxapex
|-damage|p1a: Toxapex|70/100 brn
|
|switch|p2a: Mood|Corsola-Galar, M|100/100|[from]move: U-turn
|move|p1a: Toxapex|Haze|p1a: Toxapex
|-clearallboost
|
|-damage|p1a: Toxapex|64/100 brn|[from] brn
|upkeep
|turn|129
|c|☆BirdieBirdBird|why do i have 30 seconds left
|
|switch|p2a: Humiliation|Pyukumuku, M, shiny|100/100
|move|p1a: Toxapex|Haze|p1a: Toxapex
|-clearallboost
|
|-damage|p1a: Toxapex|57/100 brn|[from] brn
|upkeep
|turn|130
|
|switch|p2a: OU Agent|Corviknight, M|65/100 brn
|-ability|p2a: OU Agent|Pressure
|move|p1a: Toxapex|Haze|p1a: Toxapex
|-clearallboost
|
|-heal|p2a: OU Agent|72/100 brn|[from] item: Leftovers
|-damage|p2a: OU Agent|65/100 brn|[from] brn
|-damage|p1a: Toxapex|51/100 brn|[from] brn
|upkeep
|turn|131
|inactive|BirdieBirdBird has 30 seconds left.
|
|move|p2a: OU Agent|Brave Bird|p1a: Toxapex
|-damage|p1a: Toxapex|41/100 brn
|-damage|p2a: OU Agent|63/100 brn|[from] Recoil
|move|p1a: Toxapex|Haze|p1a: Toxapex
|-clearallboost
|
|-heal|p2a: OU Agent|69/100 brn|[from] item: Leftovers
|-damage|p2a: OU Agent|63/100 brn|[from] brn
|-damage|p1a: Toxapex|35/100 brn|[from] brn
|upkeep
|turn|132
|inactive|BirdieBirdBird has 30 seconds left.
|
|switch|p2a: Humiliation|Pyukumuku, M, shiny|100/100
|switch|p1a: Corviknight|Corviknight, M|80/100 brn
|-damage|p1a: Corviknight|68/100 brn|[from] Stealth Rock
|-ability|p1a: Corviknight|Pressure
|
|-damage|p1a: Corviknight|62/100 brn|[from] brn
|upkeep
|turn|133
|inactive|BirdieBirdBird has 30 seconds left this turn.
|inactive|BirdieBirdBird has 20 seconds left.
|
|switch|p2a: OU Agent|Corviknight, M|63/100 brn
|-ability|p2a: OU Agent|Pressure
|move|p1a: Corviknight|Bulk Up|p1a: Corviknight
|-boost|p1a: Corviknight|atk|1
|-boost|p1a: Corviknight|def|1
|
|-heal|p2a: OU Agent|69/100 brn|[from] item: Leftovers
|-damage|p2a: OU Agent|63/100 brn|[from] brn
|-damage|p1a: Corviknight|56/100 brn|[from] brn
|upkeep
|turn|134
|inactive|BirdieBirdBird has 25 seconds left this turn.
|c|☆BirdieBirdBird|why the fuck
|inactive|BirdieBirdBird has 20 seconds left.
|inactive|BirdieBirdBird has 15 seconds left.
|
|switch|p2a: Humiliation|Pyukumuku, M, shiny|100/100
|move|p1a: Corviknight|Bulk Up|p1a: Corviknight
|-boost|p1a: Corviknight|atk|1
|-boost|p1a: Corviknight|def|1
|
|-damage|p1a: Corviknight|49/100 brn|[from] brn
|upkeep
|turn|135
|inactive|BirdieBirdBird has 20 seconds left this turn.
|inactive|BirdieBirdBird has 15 seconds left.
|inactive|SparkyHooman has 90 seconds left.
|
|switch|p2a: OU Agent|Corviknight, M|63/100 brn
|-ability|p2a: OU Agent|Pressure
|move|p1a: Corviknight|Roost|p1a: Corviknight
|-heal|p1a: Corviknight|99/100 brn
|-singleturn|p1a: Corviknight|move: Roost
|
|-heal|p2a: OU Agent|69/100 brn|[from] item: Leftovers
|-damage|p2a: OU Agent|63/100 brn|[from] brn
|-damage|p1a: Corviknight|93/100 brn|[from] brn
|upkeep
|turn|136
|inactive|BirdieBirdBird has 20 seconds left this turn.
|inactive|BirdieBirdBird has 15 seconds left.
|inactive|BirdieBirdBird has 10 seconds left.
|
|move|p2a: OU Agent|Roost|p2a: OU Agent
|-heal|p2a: OU Agent|100/100 brn
|-singleturn|p2a: OU Agent|move: Roost
|move|p1a: Corviknight|Bulk Up|p1a: Corviknight
|-boost|p1a: Corviknight|atk|1
|-boost|p1a: Corviknight|def|1
|
|-damage|p2a: OU Agent|94/100 brn|[from] brn
|-damage|p1a: Corviknight|87/100 brn|[from] brn
|upkeep
|turn|137
|inactive|BirdieBirdBird has 15 seconds left this turn.
|inactive|BirdieBirdBird has 10 seconds left.
|
|move|p2a: OU Agent|U-turn|p1a: Corviknight
|-resisted|p1a: Corviknight
|-damage|p1a: Corviknight|86/100 brn
|inactive|BirdieBirdBird has 15 seconds left this turn.
|
|switch|p2a: Mood|Corsola-Galar, M|100/100|[from]move: U-turn
|move|p1a: Corviknight|U-turn|p2a: Mood
|-resisted|p2a: Mood
|-damage|p2a: Mood|96/100
|-start|p1a: Corviknight|Disable|U-turn|[from] ability: Cursed Body|[of] p2a: Mood
|inactive|BirdieBirdBird has 20 seconds left this turn.
|
|switch|p1a: Toxapex|Toxapex, M|68/100 brn|[from]move: U-turn
|-damage|p1a: Toxapex|55/100 brn|[from] Stealth Rock
|
|-damage|p1a: Toxapex|49/100 brn|[from] brn
|upkeep
|turn|138
|inactive|BirdieBirdBird has 25 seconds left this turn.
|inactive|BirdieBirdBird has 20 seconds left.
|
|switch|p2a: Humiliation|Pyukumuku, M, shiny|100/100
|move|p1a: Toxapex|Recover|p1a: Toxapex
|-heal|p1a: Toxapex|99/100 brn
|
|-damage|p1a: Toxapex|93/100 brn|[from] brn
|upkeep
|turn|139
|inactive|BirdieBirdBird has 25 seconds left this turn.
|inactive|BirdieBirdBird has 20 seconds left.
|
|move|p1a: Toxapex|Toxic Spikes|p2a: Humiliation
|-sidestart|p2: BirdieBirdBird|move: Toxic Spikes
|move|p2a: Humiliation|Toxic|p1a: Toxapex|[miss]
|-miss|p2a: Humiliation|p1a: Toxapex
|
|-damage|p1a: Toxapex|87/100 brn|[from] brn
|upkeep
|turn|140
|inactive|BirdieBirdBird has 25 seconds left this turn.
|inactive|BirdieBirdBird has 20 seconds left.
|
|switch|p1a: Excadrill|Excadrill, M|51/100 brn
|-damage|p1a: Excadrill|48/100 brn|[from] Stealth Rock
|switch|p2a: OU Agent|Corviknight, M|94/100 brn
|-ability|p2a: OU Agent|Pressure
|
|-heal|p1a: Excadrill|54/100 brn|[from] item: Leftovers
|-heal|p2a: OU Agent|100/100 brn|[from] item: Leftovers
|-damage|p1a: Excadrill|48/100 brn|[from] brn
|-damage|p2a: OU Agent|94/100 brn|[from] brn
|upkeep
|turn|141
|inactive|BirdieBirdBird has 25 seconds left this turn.
|inactive|BirdieBirdBird has 20 seconds left.
|inactive|BirdieBirdBird has 15 seconds left.
|
|move|p1a: Excadrill|Swords Dance|p1a: Excadrill
|-boost|p1a: Excadrill|atk|2
|move|p2a: OU Agent|Defog|p1a: Excadrill
|-unboost|p1a: Excadrill|evasion|1
|-sideend|p1: SparkyHooman|Stealth Rock|[from] move: Defog|[of] p2a: OU Agent
|-sideend|p2: BirdieBirdBird|Toxic Spikes|[from] move: Defog|[of] p2a: OU Agent
|
|-heal|p1a: Excadrill|54/100 brn|[from] item: Leftovers
|-heal|p2a: OU Agent|100/100 brn|[from] item: Leftovers
|-damage|p1a: Excadrill|48/100 brn|[from] brn
|-damage|p2a: OU Agent|94/100 brn|[from] brn
|upkeep
|turn|142
|inactive|BirdieBirdBird has 20 seconds left this turn.
|inactive|BirdieBirdBird has 15 seconds left.
|inactive|BirdieBirdBird has 10 seconds left.
|
|switch|p2a: Mood|Corsola-Galar, M|96/100
|move|p1a: Excadrill|Swords Dance|p1a: Excadrill
|-boost|p1a: Excadrill|atk|2
|
|-heal|p1a: Excadrill|54/100 brn|[from] item: Leftovers
|-damage|p1a: Excadrill|48/100 brn|[from] brn
|upkeep
|turn|143
|inactive|BirdieBirdBird has 15 seconds left this turn.
|inactive|BirdieBirdBird has 10 seconds left.
|
|move|p1a: Excadrill|Earthquake|p2a: Mood
|-damage|p2a: Mood|52/100
|move|p2a: Mood|Strength Sap|p1a: Excadrill
|-unboost|p1a: Excadrill|atk|1
|-heal|p2a: Mood|100/100
|
|-heal|p1a: Excadrill|54/100 brn|[from] item: Leftovers
|-damage|p1a: Excadrill|48/100 brn|[from] brn
|upkeep
|turn|144
|inactive|BirdieBirdBird has 15 seconds left this turn.
|inactive|BirdieBirdBird has 10 seconds left.
|inactive|BirdieBirdBird has 5 seconds left.
|
|move|p1a: Excadrill|Swords Dance|p1a: Excadrill
|-boost|p1a: Excadrill|atk|2
|move|p2a: Mood|Stealth Rock|p1a: Excadrill
|-sidestart|p1: SparkyHooman|move: Stealth Rock
|
|-heal|p1a: Excadrill|54/100 brn|[from] item: Leftovers
|-damage|p1a: Excadrill|48/100 brn|[from] brn
|upkeep
|turn|145
|inactive|BirdieBirdBird has 10 seconds left this turn.
|inactive|BirdieBirdBird has 5 seconds left.
|
|move|p1a: Excadrill|Earthquake|p2a: Mood
|-damage|p2a: Mood|51/100
|move|p2a: Mood|Strength Sap|p1a: Excadrill
|-unboost|p1a: Excadrill|atk|1
|-heal|p2a: Mood|100/100
|
|-heal|p1a: Excadrill|54/100 brn|[from] item: Leftovers
|-damage|p1a: Excadrill|48/100 brn|[from] brn
|upkeep
|turn|146
|inactive|BirdieBirdBird has 10 seconds left this turn.
|inactive|BirdieBirdBird has 5 seconds left.
|-message|BirdieBirdBird lost due to inactivity.
|
|win|SparkyHooman
|raw|SparkyHooman's rating: 1388 → 1412(+24 for winning)
|raw|BirdieBirdBird's rating: 1458 → 1434(-24 for losing)
|c|☆BirdieBirdBird|BRO
|c|☆BirdieBirdBird|WHAT IS THIS TIMER
|c|☆SparkyHooman|LMAO
|c|☆BirdieBirdBird|WHY IS IT AGAINST ME
|c|☆SparkyHooman|taking too long boii
|c|☆BirdieBirdBird|bro legit the timer
|c|☆BirdieBirdBird|went on
|c|☆BirdieBirdBird|when I couldn't do shit
|c|☆SparkyHooman|oof
|c|☆BirdieBirdBird|oh well gg I guess XD
|c|☆SparkyHooman|gg
|c|☆BirdieBirdBird|but seriously
|c|☆BirdieBirdBird|what is this timer
|c|☆SparkyHooman|save replay
|c|☆BirdieBirdBird|do you know why it works against me
