|ScrapeTime|2020-01-01-19:01:07
|j|☆venomania
|j|☆Truebeliever
|player|p1|venomania|169|1180
|player|p2|Truebeliever|64|1148
|teamsize|p1|6
|teamsize|p2|6
|gametype|singles
|gen|8
|tier|[Gen 8] OU
|rated|
|rule|Sleep Clause Mod: Limit one foe put to sleep
|rule|Species Clause: Limit one of each Pokémon
|rule|OHKO Clause: OHKO moves are banned
|rule|Evasion Moves Clause: Evasion moves are banned
|rule|Endless Battle Clause: Forcing endless battles is banned
|rule|HP Percentage Mod: HP is shown in percentages
|clearpoke
|poke|p1|Dracovish|
|poke|p1|Conkeldurr, M|
|poke|p1|Galvantula, F|
|poke|p1|Dragapult, M|
|poke|p1|Steelix, F|
|poke|p1|Toxapex, F|
|poke|p2|Espeon, F|
|poke|p2|Bewear, M|
|poke|p2|Cinderace, M|
|poke|p2|Sableye, M|
|poke|p2|Alcremie, F|
|poke|p2|Dracozolt|
|rule|Dynamax Clause: You cannot dynamax
|teampreview
|
|start
|switch|p1a: Steelix|Steelix, F|100/100
|switch|p2a: Bauble|Sableye, M|100/100
|turn|1
|
|switch|p1a: Galvantula|Galvantula, F|100/100
|move|p2a: Bauble|Taunt|p1a: Galvantula
|-start|p1a: Galvantula|move: Taunt
|
|upkeep
|turn|2
|
|switch|p2a: Olio|Dracozolt|100/100
|move|p1a: Galvantula|Thunder|p2a: Olio
|-immune|p2a: Olio|[from] ability: Volt Absorb
|
|upkeep
|turn|3
|
|switch|p1a: Steelix|Steelix, F|100/100
|move|p2a: Olio|Earthquake|p1a: Steelix
|-supereffective|p1a: Steelix
|-damage|p1a: Steelix|77/100
|
|-heal|p1a: Steelix|83/100|[from] item: Leftovers
|upkeep
|turn|4
|
|switch|p2a: Sol|Espeon, F|100/100
|move|p1a: Steelix|Dragon Tail|p2a: Sol
|-damage|p2a: Sol|83/100
|drag|p2a: Ace|Cinderace, M|100/100
|
|-heal|p1a: Steelix|89/100|[from] item: Leftovers
|upkeep
|turn|5
|inactive|Battle timer is ON: inactive players will automatically lose when time's up. (requested by venomania)
|
|move|p2a: Ace|Pyro Ball|p1a: Steelix
|-supereffective|p1a: Steelix
|-damage|p1a: Steelix|37/100
|move|p1a: Steelix|Earthquake|p2a: Ace
|-supereffective|p2a: Ace
|-damage|p2a: Ace|19/100
|
|-heal|p1a: Steelix|43/100|[from] item: Leftovers
|upkeep
|turn|6
|
|switch|p1a: Toxapex|Toxapex, F|100/100
|move|p2a: Ace|U-turn|p1a: Toxapex
|-resisted|p1a: Toxapex
|-damage|p1a: Toxapex|93/100
|
|switch|p2a: Sol|Espeon, F|83/100|[from]move: U-turn
|
|-heal|p2a: Sol|89/100|[from] item: Leftovers
|-heal|p1a: Toxapex|99/100|[from] item: Black Sludge
|upkeep
|turn|7
|
|switch|p1a: Steelix|Steelix, F|43/100
|move|p2a: Sol|Psyshock|p1a: Steelix
|-resisted|p1a: Steelix
|-damage|p1a: Steelix|36/100
|
|-heal|p2a: Sol|95/100|[from] item: Leftovers
|-heal|p1a: Steelix|42/100|[from] item: Leftovers
|upkeep
|turn|8
|
|switch|p2a: Roosevelt|Bewear, M|100/100
|move|p1a: Steelix|Gyro Ball|p2a: Roosevelt
|-damage|p2a: Roosevelt|94/100
|
|-heal|p2a: Roosevelt|99/100|[from] item: Leftovers
|-heal|p1a: Steelix|49/100|[from] item: Leftovers
|upkeep
|turn|9
|
|switch|p1a: Dragapult|Dragapult, M|100/100
|move|p2a: Roosevelt|Drain Punch|p1a: Dragapult
|-immune|p1a: Dragapult
|
|-heal|p2a: Roosevelt|100/100|[from] item: Leftovers
|upkeep
|turn|10
|
|switch|p2a: Bon|Alcremie, F|100/100
|move|p1a: Dragapult|Fire Blast|p2a: Bon
|-damage|p2a: Bon|70/100
|-damage|p1a: Dragapult|91/100|[from] item: Life Orb
|
|-heal|p2a: Bon|76/100|[from] item: Leftovers
|upkeep
|turn|11
|
|switch|p1a: Steelix|Steelix, F|49/100
|move|p2a: Bon|Mystical Fire|p1a: Steelix
|-supereffective|p1a: Steelix
|-damage|p1a: Steelix|0 fnt
|faint|p1a: Steelix
|
|-heal|p2a: Bon|82/100|[from] item: Leftovers
|upkeep
|
|switch|p1a: Dracovish|Dracovish|100/100
|turn|12
|
|switch|p2a: Olio|Dracozolt|100/100
|move|p1a: Dracovish|Fishious Rend|p2a: Olio
|-resisted|p2a: Olio
|-damage|p2a: Olio|40/100
|
|upkeep
|turn|13
|
|switch|p1a: Galvantula|Galvantula, F|100/100
|move|p2a: Olio|Breaking Swipe|p1a: Galvantula
|-damage|p1a: Galvantula|52/100
|-unboost|p1a: Galvantula|atk|1
|
|upkeep
|turn|14
|
|move|p1a: Galvantula|Sticky Web|p2a: Olio
|-sidestart|p2: Truebeliever|move: Sticky Web
|move|p2a: Olio|Earthquake|p1a: Galvantula
|-damage|p1a: Galvantula|0 fnt
|faint|p1a: Galvantula
|
|upkeep
|
|switch|p1a: Dragapult|Dragapult, M|91/100
|turn|15
|
|switch|p2a: Bon|Alcremie, F|82/100
|-activate|p2a: Bon|move: Sticky Web
|-unboost|p2a: Bon|spe|1
|move|p1a: Dragapult|Dragon Pulse|p2a: Bon
|-immune|p2a: Bon
|
|-heal|p2a: Bon|88/100|[from] item: Leftovers
|upkeep
|turn|16
|
|switch|p1a: Toxapex|Toxapex, F|100/100
|move|p2a: Bon|Mystical Fire|p1a: Toxapex
|-resisted|p1a: Toxapex
|-damage|p1a: Toxapex|93/100
|-unboost|p1a: Toxapex|spa|1
|
|-heal|p2a: Bon|94/100|[from] item: Leftovers
|-heal|p1a: Toxapex|99/100|[from] item: Black Sludge
|upkeep
|turn|17
|
|switch|p2a: Sol|Espeon, F|95/100
|-activate|p2a: Sol|move: Sticky Web
|-unboost|p2a: Sol|spe|1
|move|p1a: Toxapex|Toxic|p2a: Sol
|move|p2a: Sol|Toxic|p1a: Toxapex|[from]Magic Bounce
|-immune|p1a: Toxapex
|
|-heal|p2a: Sol|100/100|[from] item: Leftovers
|-heal|p1a: Toxapex|100/100|[from] item: Black Sludge
|upkeep
|turn|18
|
|move|p2a: Sol|Dazzling Gleam|p1a: Toxapex
|-resisted|p1a: Toxapex
|-damage|p1a: Toxapex|93/100
|move|p1a: Toxapex|Scald|p2a: Sol
|-damage|p2a: Sol|92/100
|-status|p2a: Sol|brn
|
|-heal|p2a: Sol|98/100 brn|[from] item: Leftovers
|-heal|p1a: Toxapex|99/100|[from] item: Black Sludge
|-damage|p2a: Sol|92/100 brn|[from] brn
|upkeep
|turn|19
|
|switch|p2a: Bauble|Sableye, M|100/100
|-activate|p2a: Bauble|move: Sticky Web
|-unboost|p2a: Bauble|spe|1
|move|p1a: Toxapex|Scald|p2a: Bauble
|-damage|p2a: Bauble|87/100
|
|-heal|p1a: Toxapex|100/100|[from] item: Black Sludge
|-heal|p2a: Bauble|94/100|[from] item: Leftovers
|upkeep
|turn|20
|
|move|p1a: Toxapex|Toxic|p2a: Bauble
|-status|p2a: Bauble|tox
|move|p2a: Bauble|Knock Off|p1a: Toxapex
|-damage|p1a: Toxapex|81/100
|-enditem|p1a: Toxapex|Black Sludge|[from] move: Knock Off|[of] p2a: Bauble
|
|-heal|p2a: Bauble|99/100 tox|[from] item: Leftovers
|-damage|p2a: Bauble|94/100 tox|[from] psn
|upkeep
|turn|21
|
|move|p2a: Bauble|Will-O-Wisp|p1a: Toxapex
|-status|p1a: Toxapex|brn
|move|p1a: Toxapex|Scald|p2a: Bauble
|-crit|p2a: Bauble
|-damage|p2a: Bauble|64/100 tox
|
|-heal|p2a: Bauble|70/100 tox|[from] item: Leftovers
|-damage|p1a: Toxapex|75/100 brn|[from] brn
|-damage|p2a: Bauble|57/100 tox|[from] psn
|upkeep
|turn|22
|
|switch|p2a: Bon|Alcremie, F|94/100
|-activate|p2a: Bon|move: Sticky Web
|-unboost|p2a: Bon|spe|1
|move|p1a: Toxapex|Scald|p2a: Bon
|-damage|p2a: Bon|87/100
|-status|p2a: Bon|brn
|
|-heal|p2a: Bon|93/100 brn|[from] item: Leftovers
|-damage|p2a: Bon|87/100 brn|[from] brn
|-damage|p1a: Toxapex|68/100 brn|[from] brn
|upkeep
|turn|23
|
|move|p2a: Bon|Aromatherapy|p2a: Bon
|-activate|p2a: Bon|move: Aromatherapy
|-curestatus|p2a: Bon|brn|[msg]
|-curestatus|p2: Bauble|tox|[msg]
|-curestatus|p2: Sol|brn|[msg]
|move|p1a: Toxapex|Scald|p2a: Bon
|-damage|p2a: Bon|78/100
|
|-heal|p2a: Bon|85/100|[from] item: Leftovers
|-damage|p1a: Toxapex|62/100 brn|[from] brn
|upkeep
|turn|24
|
|switch|p2a: Bauble|Sableye, M|57/100
|-activate|p2a: Bauble|move: Sticky Web
|-unboost|p2a: Bauble|spe|1
|move|p1a: Toxapex|Toxic|p2a: Bauble
|-status|p2a: Bauble|tox
|
|-heal|p2a: Bauble|64/100 tox|[from] item: Leftovers
|-damage|p1a: Toxapex|56/100 brn|[from] brn
|-damage|p2a: Bauble|57/100 tox|[from] psn
|upkeep
|turn|25
|
|switch|p2a: Bon|Alcremie, F|85/100
|-activate|p2a: Bon|move: Sticky Web
|-unboost|p2a: Bon|spe|1
|move|p1a: Toxapex|Scald|p2a: Bon
|-damage|p2a: Bon|77/100
|
|-heal|p2a: Bon|83/100|[from] item: Leftovers
|-damage|p1a: Toxapex|50/100 brn|[from] brn
|upkeep
|turn|26
|
|switch|p1a: Dracovish|Dracovish|100/100
|move|p2a: Bon|Aromatherapy|p2a: Bon
|-activate|p2a: Bon|move: Aromatherapy
|-curestatus|p2: Bauble|tox|[msg]
|
|-heal|p2a: Bon|89/100|[from] item: Leftovers
|upkeep
|turn|27
|
|switch|p2a: Olio|Dracozolt|40/100
|-activate|p2a: Olio|move: Sticky Web
|-unboost|p2a: Olio|spe|1
|move|p1a: Dracovish|Fishious Rend|p2a: Olio
|-resisted|p2a: Olio
|-damage|p2a: Olio|0 fnt
|faint|p2a: Olio
|
|upkeep
|inactive|Truebeliever has 120 seconds left.
|
|switch|p2a: Bauble|Sableye, M|57/100
|-activate|p2a: Bauble|move: Sticky Web
|-unboost|p2a: Bauble|spe|1
|turn|28
|
|switch|p1a: Toxapex|Toxapex, F|83/100 brn
|move|p2a: Bauble|Will-O-Wisp|p1a: Toxapex
|-fail|p1a: Toxapex|brn
|
|-heal|p2a: Bauble|64/100|[from] item: Leftovers
|-damage|p1a: Toxapex|76/100 brn|[from] brn
|upkeep
|turn|29
|
|switch|p2a: Ace|Cinderace, M|19/100
|move|p1a: Toxapex|Toxic|p2a: Ace
|-status|p2a: Ace|tox
|
|-damage|p2a: Ace|13/100 tox|[from] psn
|-damage|p1a: Toxapex|70/100 brn|[from] brn
|upkeep
|turn|30
|
|move|p1a: Toxapex|Baneful Bunker|p1a: Toxapex
|-singleturn|p1a: Toxapex|move: Protect
|move|p2a: Ace|Court Change|p2a: Ace
|-sideend|p2: Truebeliever|Sticky Web|[silent]
|-sidestart|p1: venomania|Sticky Web|[silent]
|-activate|p2a: Ace|move: Court Change
|
|-damage|p2a: Ace|1/100 tox|[from] psn
|-damage|p1a: Toxapex|64/100 brn|[from] brn
|upkeep
|turn|31
|
|move|p2a: Ace|U-turn|p1a: Toxapex
|-resisted|p1a: Toxapex
|-damage|p1a: Toxapex|56/100 brn
|
|switch|p2a: Sol|Espeon, F|92/100|[from]move: U-turn
|move|p1a: Toxapex|Scald|p2a: Sol
|-damage|p2a: Sol|79/100
|
|-heal|p2a: Sol|85/100|[from] item: Leftovers
|-damage|p1a: Toxapex|50/100 brn|[from] brn
|upkeep
|turn|32
|
|move|p2a: Sol|Calm Mind|p2a: Sol
|-boost|p2a: Sol|spa|1
|-boost|p2a: Sol|spd|1
|move|p1a: Toxapex|Scald|p2a: Sol
|-damage|p2a: Sol|76/100
|
|-heal|p2a: Sol|82/100|[from] item: Leftovers
|-damage|p1a: Toxapex|44/100 brn|[from] brn
|upkeep
|turn|33
|
|switch|p1a: Dracovish|Dracovish|100/100
|-activate|p1a: Dracovish|move: Sticky Web
|-unboost|p1a: Dracovish|spe|1
|move|p2a: Sol|Psyshock|p1a: Dracovish
|-damage|p1a: Dracovish|50/100
|
|-heal|p2a: Sol|88/100|[from] item: Leftovers
|upkeep
|turn|34
|
|move|p2a: Sol|Dazzling Gleam|p1a: Dracovish
|-supereffective|p1a: Dracovish
|-damage|p1a: Dracovish|0 fnt
|faint|p1a: Dracovish
|
|-heal|p2a: Sol|94/100|[from] item: Leftovers
|upkeep
|-message|venomania forfeited.
|
|win|Truebeliever
|l|☆venomania
