|ScrapeTime|2020-01-01-17:55:14
|j|☆Trop Spooky
|j|☆OuTierGod
|player|p1|Trop Spooky|petrel|1137
|player|p2|OuTierGod|blue|1098
|teamsize|p1|6
|teamsize|p2|6
|gametype|singles
|gen|8
|tier|[Gen 8] OU
|rated|
|rule|Sleep Clause Mod: Limit one foe put to sleep
|rule|Species Clause: Limit one of each Pokémon
|rule|OHKO Clause: OHKO moves are banned
|rule|Evasion Moves Clause: Evasion moves are banned
|rule|Endless Battle Clause: Forcing endless battles is banned
|rule|HP Percentage Mod: HP is shown in percentages
|clearpoke
|poke|p1|Ferrothorn, F|
|poke|p1|Hydreigon, M|
|poke|p1|Centiskorch, M|
|poke|p1|Clefable, F|
|poke|p1|Toxapex, F|
|poke|p1|Conkeldurr, M|
|poke|p2|Shuckle, F|
|poke|p2|Hydreigon, M|
|poke|p2|Clefable, M|
|poke|p2|Dracovish|
|poke|p2|Excadrill, M|
|poke|p2|Dragapult, F|
|rule|Dynamax Clause: You cannot dynamax
|teampreview
|
|start
|switch|p1a: Hydreigon|Hydreigon, M|100/100
|switch|p2a: Clefable|Clefable, M|100/100
|turn|1
|
|switch|p1a: Centiskorch|Centiskorch, M|100/100
|move|p2a: Clefable|Moonblast|p1a: Centiskorch
|-resisted|p1a: Centiskorch
|-damage|p1a: Centiskorch|74/100
|
|upkeep
|turn|2
|
|switch|p2a: Shuckle|Shuckle, F, shiny|100/100
|move|p1a: Centiskorch|Leech Life|p2a: Shuckle
|-damage|p2a: Shuckle|78/100
|-heal|p1a: Centiskorch|81/100|[from] drain|[of] p2a: Shuckle
|
|-heal|p2a: Shuckle|84/100|[from] item: Leftovers
|upkeep
|turn|3
|
|move|p1a: Centiskorch|Fire Lash|p2a: Shuckle
|-damage|p2a: Shuckle|64/100
|-unboost|p2a: Shuckle|def|1
|move|p2a: Shuckle|Sticky Web|p1a: Centiskorch
|-sidestart|p1: Trop Spooky|move: Sticky Web
|
|-heal|p2a: Shuckle|70/100|[from] item: Leftovers
|upkeep
|turn|4
|
|switch|p1a: Ferrothorn|Ferrothorn, F|100/100
|-activate|p1a: Ferrothorn|move: Sticky Web
|-unboost|p1a: Ferrothorn|spe|1
|move|p2a: Shuckle|Stealth Rock|p1a: Ferrothorn
|-sidestart|p1: Trop Spooky|move: Stealth Rock
|
|-heal|p2a: Shuckle|77/100|[from] item: Leftovers
|upkeep
|turn|5
|
|switch|p2a: Clefable|Clefable, M|100/100
|move|p1a: Ferrothorn|Stealth Rock|p2a: Clefable
|-sidestart|p2: OuTierGod|move: Stealth Rock
|
|upkeep
|turn|6
|
|switch|p1a: Centiskorch|Centiskorch, M|81/100
|move|p2a: Clefable|Thunderbolt|p1a: Centiskorch
|-damage|p1a: Centiskorch|51/100
|
|upkeep
|turn|7
|
|switch|p2a: Shuckle|Shuckle, F, shiny|77/100
|-damage|p2a: Shuckle|52/100|[from] Stealth Rock
|move|p1a: Centiskorch|Fire Lash|p2a: Shuckle
|-damage|p2a: Shuckle|32/100
|-unboost|p2a: Shuckle|def|1
|
|-heal|p2a: Shuckle|38/100|[from] item: Leftovers
|upkeep
|turn|8
|
|move|p1a: Centiskorch|Leech Life|p2a: Shuckle
|-crit|p2a: Shuckle
|-damage|p2a: Shuckle|0 fnt
|-heal|p1a: Centiskorch|62/100|[from] drain|[of] p2a: Shuckle
|faint|p2a: Shuckle
|
|upkeep
|
|switch|p2a: Dragapult|Dragapult, F|100/100
|-damage|p2a: Dragapult|88/100|[from] Stealth Rock
|turn|9
|
|move|p2a: Dragapult|Shadow Ball|p1a: Centiskorch
|-damage|p1a: Centiskorch|31/100
|move|p1a: Centiskorch|Fire Lash|p2a: Dragapult
|-resisted|p2a: Dragapult
|-damage|p2a: Dragapult|65/100
|-unboost|p2a: Dragapult|def|1
|
|upkeep
|turn|10
|
|move|p2a: Dragapult|Draco Meteor|p1a: Centiskorch
|-damage|p1a: Centiskorch|0 fnt
|-unboost|p2a: Dragapult|spa|2
|faint|p1a: Centiskorch
|
|upkeep
|
|switch|p1a: Conkeldurr|Conkeldurr, M|100/100
|-activate|p1a: Conkeldurr|move: Sticky Web
|-unboost|p1a: Conkeldurr|spe|1
|-damage|p1a: Conkeldurr|94/100|[from] Stealth Rock
|turn|11
|c|☆OuTierGod|!weakness fighting
|html|Fighting:Weaknesses: Fairy, Flying, PsychicResistances: Bug, Dark, RockImmunities: None
|
|switch|p2a: Dracovish|Dracovish|100/100
|-damage|p2a: Dracovish|88/100|[from] Stealth Rock
|move|p1a: Conkeldurr|Earthquake|p2a: Dracovish
|-damage|p2a: Dracovish|48/100
|
|-status|p1a: Conkeldurr|brn|[from] item: Flame Orb
|upkeep
|turn|12
|
|switch|p1a: Ferrothorn|Ferrothorn, F|100/100
|-activate|p1a: Ferrothorn|move: Sticky Web
|-unboost|p1a: Ferrothorn|spe|1
|-damage|p1a: Ferrothorn|95/100|[from] Stealth Rock
|move|p2a: Dracovish|Psychic Fangs|p1a: Ferrothorn
|-resisted|p1a: Ferrothorn
|-damage|p1a: Ferrothorn|79/100
|-damage|p2a: Dracovish|35/100|[from] ability: Iron Barbs|[of] p1a: Ferrothorn
|-damage|p2a: Dracovish|19/100|[from] item: Rocky Helmet|[of] p1a: Ferrothorn
|
|upkeep
|turn|13
|inactive|Battle timer is ON: inactive players will automatically lose when time's up. (requested by OuTierGod)
|
|switch|p2a: Dragapult|Dragapult, F|65/100
|-damage|p2a: Dragapult|53/100|[from] Stealth Rock
|move|p1a: Ferrothorn|Gyro Ball|p2a: Dragapult
|-damage|p2a: Dragapult|0 fnt
|faint|p2a: Dragapult
|
|upkeep
|
|switch|p2a: Clefable|Clefable, M|100/100
|turn|14
|
|switch|p1a: Toxapex|Toxapex, F|100/100
|-damage|p1a: Toxapex|88/100|[from] Stealth Rock
|-activate|p1a: Toxapex|move: Sticky Web
|-unboost|p1a: Toxapex|spe|1
|move|p2a: Clefable|Flamethrower|p1a: Toxapex
|-resisted|p1a: Toxapex
|-damage|p1a: Toxapex|75/100
|
|-heal|p1a: Toxapex|81/100|[from] item: Black Sludge
|upkeep
|turn|15
|
|move|p2a: Clefable|Thunderbolt|p1a: Toxapex
|-supereffective|p1a: Toxapex
|-damage|p1a: Toxapex|33/100
|move|p1a: Toxapex|Scald|p2a: Clefable
|-damage|p2a: Clefable|85/100
|
|-heal|p1a: Toxapex|38/100|[from] item: Black Sludge
|upkeep
|turn|16
|
|move|p2a: Clefable|Thunderbolt|p1a: Toxapex
|-supereffective|p1a: Toxapex
|-damage|p1a: Toxapex|0 fnt
|faint|p1a: Toxapex
|
|upkeep
|inactive|Trop Spooky has 120 seconds left.
|
|switch|p1a: Clefable|Clefable, F|100/100
|-activate|p1a: Clefable|move: Sticky Web
|-unboost|p1a: Clefable|spe|1
|turn|17
|
|switch|p2a: Excadrill|Excadrill, M|100/100
|-damage|p2a: Excadrill|97/100|[from] Stealth Rock
|-ability|p2a: Excadrill|Mold Breaker
|move|p1a: Clefable|Moonblast|p2a: Excadrill
|-resisted|p2a: Excadrill
|-damage|p2a: Excadrill|71/100
|
|-heal|p2a: Excadrill|77/100|[from] item: Leftovers
|upkeep
|turn|18
|inactive|Trop Spooky has 120 seconds left.
|
|switch|p1a: Hydreigon|Hydreigon, M|100/100
|-damage|p1a: Hydreigon|88/100|[from] Stealth Rock
|move|p2a: Excadrill|Rapid Spin|p1a: Hydreigon
|-damage|p1a: Hydreigon|66/100
|-sideend|p2: OuTierGod|Stealth Rock|[from] move: Rapid Spin|[of] p2a: Excadrill
|-boost|p2a: Excadrill|spe|1
|
|-heal|p2a: Excadrill|83/100|[from] item: Leftovers
|-heal|p1a: Hydreigon|72/100|[from] item: Leftovers
|upkeep
|turn|19
|inactive|OuTierGod has 120 seconds left.
|inactive|OuTierGod has 90 seconds left.
|
|move|p2a: Excadrill|Iron Head|p1a: Hydreigon
|-damage|p1a: Hydreigon|24/100
|move|p1a: Hydreigon|Dark Pulse|p2a: Excadrill
|-damage|p2a: Excadrill|31/100
|
|-heal|p2a: Excadrill|37/100|[from] item: Leftovers
|-heal|p1a: Hydreigon|31/100|[from] item: Leftovers
|upkeep
|turn|20
|inactive|OuTierGod has 90 seconds left.
|
|switch|p1a: Ferrothorn|Ferrothorn, F|79/100
|-damage|p1a: Ferrothorn|73/100|[from] Stealth Rock
|-activate|p1a: Ferrothorn|move: Sticky Web
|-unboost|p1a: Ferrothorn|spe|1
|move|p2a: Excadrill|Iron Head|p1a: Ferrothorn
|-resisted|p1a: Ferrothorn
|-damage|p1a: Ferrothorn|59/100
|-damage|p2a: Excadrill|25/100|[from] ability: Iron Barbs|[of] p1a: Ferrothorn
|-damage|p2a: Excadrill|8/100|[from] item: Rocky Helmet|[of] p1a: Ferrothorn
|
|-heal|p2a: Excadrill|14/100|[from] item: Leftovers
|upkeep
|turn|21
|inactive|OuTierGod has 90 seconds left.
|
|switch|p1a: Hydreigon|Hydreigon, M|31/100
|-damage|p1a: Hydreigon|18/100|[from] Stealth Rock
|move|p2a: Excadrill|Earthquake|p1a: Hydreigon
|-crit|p1a: Hydreigon
|-damage|p1a: Hydreigon|0 fnt
|faint|p1a: Hydreigon
|
|-heal|p2a: Excadrill|20/100|[from] item: Leftovers
|upkeep
|
|switch|p1a: Conkeldurr|Conkeldurr, M|94/100 brn
|-damage|p1a: Conkeldurr|88/100 brn|[from] Stealth Rock
|-activate|p1a: Conkeldurr|move: Sticky Web
|-unboost|p1a: Conkeldurr|spe|1
|turn|22
|inactive|Trop Spooky has 90 seconds left.
|inactive|OuTierGod has 60 seconds left.
|
|move|p2a: Excadrill|Earthquake|p1a: Conkeldurr
|-damage|p1a: Conkeldurr|42/100 brn
|move|p1a: Conkeldurr|Facade|p2a: Excadrill
|-resisted|p2a: Excadrill
|-damage|p2a: Excadrill|0 fnt
|faint|p2a: Excadrill
|
|-damage|p1a: Conkeldurr|36/100 brn|[from] brn
|upkeep
|
|switch|p2a: Clefable|Clefable, M|85/100
|turn|23
|inactive|Trop Spooky has 90 seconds left.
|
|move|p2a: Clefable|Moonblast|p1a: Conkeldurr
|-supereffective|p1a: Conkeldurr
|-damage|p1a: Conkeldurr|0 fnt
|faint|p1a: Conkeldurr
|
|upkeep
|
|switch|p1a: Clefable|Clefable, F|100/100
|-activate|p1a: Clefable|move: Sticky Web
|-unboost|p1a: Clefable|spe|1
|turn|24
|
|move|p2a: Clefable|Thunderbolt|p1a: Clefable
|-damage|p1a: Clefable|75/100
|move|p1a: Clefable|Moonblast|p2a: Clefable
|-damage|p2a: Clefable|45/100
|-unboost|p2a: Clefable|spa|1
|
|upkeep
|turn|25
|inactive|Trop Spooky has 90 seconds left.
|
|move|p2a: Clefable|Moonblast|p1a: Clefable
|-damage|p1a: Clefable|48/100
|move|p1a: Clefable|Moonblast|p2a: Clefable
|-damage|p2a: Clefable|0 fnt
|faint|p2a: Clefable
|
|upkeep
|inactive|OuTierGod has 30 seconds left.
|
|switch|p2a: Dracovish|Dracovish|19/100
|turn|26
|inactive|OuTierGod has 30 seconds left.
|inactive|OuTierGod has 20 seconds left.
|inactive|OuTierGod has 15 seconds left.
|inactive|OuTierGod has 10 seconds left.
|
|switch|p1a: Ferrothorn|Ferrothorn, F|59/100
|-damage|p1a: Ferrothorn|53/100|[from] Stealth Rock
|-activate|p1a: Ferrothorn|move: Sticky Web
|-unboost|p1a: Ferrothorn|spe|1
|move|p2a: Dracovish|Outrage|p1a: Ferrothorn
|-resisted|p1a: Ferrothorn
|-damage|p1a: Ferrothorn|30/100
|-damage|p2a: Dracovish|6/100|[from] ability: Iron Barbs|[of] p1a: Ferrothorn
|-damage|p2a: Dracovish|0 fnt|[from] item: Rocky Helmet|[of] p1a: Ferrothorn
|faint|p2a: Dracovish
|
|upkeep
|inactive|OuTierGod has 15 seconds left this turn.
|inactive|OuTierGod has 10 seconds left.
|
|switch|p2a: Hydreigon|Hydreigon, M, shiny|100/100
|turn|27
|inactive|OuTierGod has 20 seconds left this turn.
|
|move|p2a: Hydreigon|Nasty Plot|p2a: Hydreigon
|-boost|p2a: Hydreigon|spa|2
|move|p1a: Ferrothorn|Gyro Ball|p2a: Hydreigon
|-damage|p2a: Hydreigon|48/100
|
|-heal|p2a: Hydreigon|55/100|[from] item: Leftovers
|upkeep
|turn|28
|inactive|OuTierGod has 30 seconds left this turn.
|inactive|Trop Spooky has 120 seconds left.
|
|move|p2a: Hydreigon|Dark Pulse|p1a: Ferrothorn
|-damage|p1a: Ferrothorn|0 fnt
|faint|p1a: Ferrothorn
|
|-heal|p2a: Hydreigon|61/100|[from] item: Leftovers
|upkeep
|inactive|Trop Spooky has 120 seconds left.
|
|switch|p1a: Clefable|Clefable, F|48/100
|-activate|p1a: Clefable|move: Sticky Web
|-unboost|p1a: Clefable|spe|1
|turn|29
|
|move|p2a: Hydreigon|Flash Cannon|p1a: Clefable
|-supereffective|p1a: Clefable
|-damage|p1a: Clefable|0 fnt
|faint|p1a: Clefable
|
|win|OuTierGod
|l|☆Trop Spooky
|raw|Trop Spooky's rating: 1137 → 1109(-28 for losing)
|raw|OuTierGod's rating: 1098 → 1126(+28 for winning)
