|ScrapeTime|2020-01-03-00:28:47
|j|☆Yibril
|j|☆dani on wii fit
|player|p1|Yibril|99|1400
|player|p2|dani on wii fit|silver-gen2|1439
|teamsize|p1|6
|teamsize|p2|6
|gametype|singles
|gen|8
|tier|[Gen 8] OU
|rated|
|rule|Sleep Clause Mod: Limit one foe put to sleep
|rule|Species Clause: Limit one of each Pokémon
|rule|OHKO Clause: OHKO moves are banned
|rule|Evasion Moves Clause: Evasion moves are banned
|rule|Endless Battle Clause: Forcing endless battles is banned
|rule|HP Percentage Mod: HP is shown in percentages
|clearpoke
|poke|p1|Polteageist|
|poke|p1|Cinccino, F|
|poke|p1|Cloyster, M|
|poke|p1|Togekiss, M|
|poke|p1|Grimmsnarl, M|
|poke|p1|Cinderace, F|
|poke|p2|Roserade, M|
|poke|p2|Hydreigon, M|
|poke|p2|Clefable, F|
|poke|p2|Torkoal, F|
|poke|p2|Jellicent, M|
|poke|p2|Dracovish|
|rule|Dynamax Clause: You cannot dynamax
|teampreview
|inactive|Battle timer is ON: inactive players will automatically lose when time's up. (requested by dani on wii fit)
|
|start
|switch|p1a: Grimmsnarl|Grimmsnarl, M|100/100
|switch|p2a: Hydreigon|Hydreigon, M|100/100
|turn|1
|
|switch|p2a: Clefable|Clefable, F|100/100
|move|p1a: Grimmsnarl|Light Screen|p1a: Grimmsnarl
|-sidestart|p1: Yibril|move: Light Screen
|
|upkeep
|turn|2
|
|move|p1a: Grimmsnarl|Thunder Wave|p2a: Clefable
|-status|p2a: Clefable|par
|move|p2a: Clefable|Moonblast|p1a: Grimmsnarl
|-supereffective|p1a: Grimmsnarl
|-damage|p1a: Grimmsnarl|67/100
|-unboost|p1a: Grimmsnarl|spa|1
|
|upkeep
|turn|3
|inactive|Yibril has 120 seconds left.
|
|switch|p1a: Togekiss|Togekiss, M|100/100
|cant|p2a: Clefable|par
|
|upkeep
|turn|4
|inactive|Yibril has 120 seconds left.
|
|move|p1a: Togekiss|Air Slash|p2a: Clefable
|-damage|p2a: Clefable|68/100 par
|move|p2a: Clefable|Thunder Wave|p1a: Togekiss
|-status|p1a: Togekiss|par
|
|-heal|p2a: Clefable|74/100 par|[from] item: Leftovers
|upkeep
|turn|5
|
|switch|p2a: Torkoal|Torkoal, F|100/100
|-weather|SunnyDay|[from] ability: Drought|[of] p2a: Torkoal
|cant|p1a: Togekiss|par
|
|-weather|SunnyDay|[upkeep]
|upkeep
|turn|6
|
|move|p1a: Togekiss|Thunder Wave|p2a: Torkoal
|-status|p2a: Torkoal|par
|move|p2a: Torkoal|Yawn||[still]
|-fail|p2a: Torkoal
|
|-weather|SunnyDay|[upkeep]
|upkeep
|turn|7
|
|move|p1a: Togekiss|Air Slash|p2a: Torkoal
|-damage|p2a: Torkoal|51/100 par
|move|p2a: Torkoal|Lava Plume|p1a: Togekiss
|-damage|p1a: Togekiss|84/100 par
|
|-weather|SunnyDay|[upkeep]
|-heal|p1a: Togekiss|90/100 par|[from] item: Leftovers
|upkeep
|turn|8
|
|move|p1a: Togekiss|Air Slash|p2a: Torkoal
|-damage|p2a: Torkoal|0 fnt
|faint|p2a: Torkoal
|
|-weather|SunnyDay|[upkeep]
|-heal|p1a: Togekiss|96/100 par|[from] item: Leftovers
|-sideend|p1: Yibril|move: Light Screen
|upkeep
|
|switch|p2a: Roserade|Roserade, M|100/100
|turn|9
|
|switch|p1a: Cinderace|Cinderace, F|100/100
|move|p2a: Roserade|Sludge Bomb|p1a: Cinderace
|-damage|p1a: Cinderace|13/100
|-status|p1a: Cinderace|psn
|-damage|p2a: Roserade|91/100|[from] item: Life Orb
|
|-weather|none
|-damage|p1a: Cinderace|1/100 psn|[from] psn
|upkeep
|turn|10
|
|switch|p2a: Dracovish|Dracovish|100/100
|move|p1a: Cinderace|High Jump Kick|p2a: Dracovish
|-damage|p2a: Dracovish|59/100
|
|-damage|p1a: Cinderace|0 fnt|[from] psn
|faint|p1a: Cinderace
|upkeep
|
|switch|p1a: Grimmsnarl|Grimmsnarl, M|67/100
|turn|11
|
|move|p1a: Grimmsnarl|Reflect|p1a: Grimmsnarl
|-sidestart|p1: Yibril|Reflect
|move|p2a: Dracovish|Fishious Rend|p1a: Grimmsnarl
|-damage|p1a: Grimmsnarl|30/100
|
|upkeep
|turn|12
|
|move|p1a: Grimmsnarl|Thunder Wave|p2a: Dracovish
|-status|p2a: Dracovish|par
|move|p2a: Dracovish|Fishious Rend|p1a: Grimmsnarl
|-damage|p1a: Grimmsnarl|0 fnt
|faint|p1a: Grimmsnarl
|
|upkeep
|
|switch|p1a: Cloyster|Cloyster, M|100/100
|turn|13
|inactive|dani on wii fit has 120 seconds left.
|
|move|p1a: Cloyster|Shell Smash|p1a: Cloyster
|-unboost|p1a: Cloyster|def|1
|-unboost|p1a: Cloyster|spd|1
|-boost|p1a: Cloyster|atk|2
|-boost|p1a: Cloyster|spa|2
|-boost|p1a: Cloyster|spe|2
|move|p2a: Dracovish|Fishious Rend|p1a: Cloyster
|-resisted|p1a: Cloyster
|-damage|p1a: Cloyster|76/100
|
|upkeep
|turn|14
|
|move|p1a: Cloyster|Icicle Spear|p2a: Dracovish
|-damage|p2a: Dracovish|35/100 par
|-damage|p2a: Dracovish|9/100 par
|-damage|p2a: Dracovish|0 fnt
|-hitcount|p2a: Dracovish|3
|faint|p2a: Dracovish
|
|upkeep
|inactive|dani on wii fit has 90 seconds left.
|
|switch|p2a: Jellicent|Jellicent, M|100/100
|turn|15
|
|switch|p1a: Togekiss|Togekiss, M|96/100 par
|move|p2a: Jellicent|Strength Sap|p1a: Togekiss
|-unboost|p1a: Togekiss|atk|1
|
|-heal|p1a: Togekiss|100/100 par|[from] item: Leftovers
|upkeep
|turn|16
|inactive|dani on wii fit has 90 seconds left.
|
|switch|p2a: Clefable|Clefable, F|74/100 par
|move|p1a: Togekiss|Thunder Wave|p2a: Clefable
|-fail|p2a: Clefable|par
|
|-heal|p2a: Clefable|80/100 par|[from] item: Leftovers
|upkeep
|turn|17
|inactive|dani on wii fit has 90 seconds left.
|
|move|p1a: Togekiss|Air Slash|p2a: Clefable
|-damage|p2a: Clefable|47/100 par
|cant|p2a: Clefable|par
|
|-heal|p2a: Clefable|53/100 par|[from] item: Leftovers
|upkeep
|turn|18
|
|move|p1a: Togekiss|Air Slash|p2a: Clefable
|-damage|p2a: Clefable|20/100 par
|cant|p2a: Clefable|flinch
|
|-heal|p2a: Clefable|26/100 par|[from] item: Leftovers
|-sideend|p1: Yibril|Reflect
|upkeep
|turn|19
|
|move|p1a: Togekiss|Air Slash|p2a: Clefable
|-damage|p2a: Clefable|0 fnt
|faint|p2a: Clefable
|
|upkeep
|
|switch|p2a: Roserade|Roserade, M|91/100
|turn|20
|
|move|p2a: Roserade|Sludge Bomb|p1a: Togekiss
|-supereffective|p1a: Togekiss
|-damage|p1a: Togekiss|0 fnt
|-damage|p2a: Roserade|81/100|[from] item: Life Orb
|faint|p1a: Togekiss
|
|upkeep
|
|switch|p1a: Cinccino|Cinccino, F|100/100
|turn|21
|inactive|dani on wii fit has 120 seconds left.
|inactive|dani on wii fit has 90 seconds left.
|
|move|p1a: Cinccino|Thunder Wave|p2a: Roserade|[miss]
|-miss|p1a: Cinccino|p2a: Roserade
|move|p2a: Roserade|Sludge Bomb|p1a: Cinccino
|-damage|p1a: Cinccino|0 fnt
|-damage|p2a: Roserade|71/100|[from] item: Life Orb
|faint|p1a: Cinccino
|
|upkeep
|
|switch|p1a: Polteageist|Polteageist|100/100
|turn|22
|
|move|p2a: Roserade|Sleep Powder|p1a: Polteageist
|-status|p1a: Polteageist|slp|[from] move: Sleep Powder
|cant|p1a: Polteageist|slp
|
|upkeep
|turn|23
|
|move|p2a: Roserade|Sludge Bomb|p1a: Polteageist
|-resisted|p1a: Polteageist
|-damage|p1a: Polteageist|71/100 slp
|-damage|p2a: Roserade|61/100|[from] item: Life Orb
|cant|p1a: Polteageist|slp
|
|upkeep
|turn|24
|
|switch|p2a: Hydreigon|Hydreigon, M|100/100
|cant|p1a: Polteageist|slp
|
|upkeep
|turn|25
|
|move|p2a: Hydreigon|Dark Pulse|p1a: Polteageist
|-supereffective|p1a: Polteageist
|-damage|p1a: Polteageist|0 fnt
|faint|p1a: Polteageist
|
|upkeep
|
|switch|p1a: Cloyster|Cloyster, M|76/100
|turn|26
|
|move|p2a: Hydreigon|Dark Pulse|p1a: Cloyster
|-damage|p1a: Cloyster|0 fnt
|faint|p1a: Cloyster
|
|win|dani on wii fit
|l|☆Yibril
|c|☆dani on wii fit|gg
|raw|Yibril's rating: 1400 → 1382(-18 for losing)
|raw|dani on wii fit's rating: 1439 → 1457(+18 for winning)
