|ScrapeTime|2020-01-03-01:28:24
|j|☆TestSubject88
|j|☆exelphantom
|player|p1|TestSubject88|wally|1461
|player|p2|exelphantom|290|1420
|teamsize|p1|6
|teamsize|p2|6
|gametype|singles
|gen|8
|tier|[Gen 8] OU
|rated|
|rule|Sleep Clause Mod: Limit one foe put to sleep
|rule|Species Clause: Limit one of each Pokémon
|rule|OHKO Clause: OHKO moves are banned
|rule|Evasion Moves Clause: Evasion moves are banned
|rule|Endless Battle Clause: Forcing endless battles is banned
|rule|HP Percentage Mod: HP is shown in percentages
|clearpoke
|poke|p1|Obstagoon, F|
|poke|p1|Corviknight, F|
|poke|p1|Seismitoad, F|
|poke|p1|Gengar, M|
|poke|p1|Cinderace, F|
|poke|p1|Clefable, M|
|poke|p2|Excadrill, M|
|poke|p2|Rotom-Wash|
|poke|p2|Dragapult, F|
|poke|p2|Clefable, F|
|poke|p2|Conkeldurr, M|
|poke|p2|Corviknight, F|
|rule|Dynamax Clause: You cannot dynamax
|teampreview
|inactive|Battle timer is ON: inactive players will automatically lose when time's up. (requested by exelphantom)
|
|start
|switch|p1a: Cinderace|Cinderace, F|100/100
|switch|p2a: Rotom|Rotom-Wash|100/100
|turn|1
|
|move|p1a: Cinderace|U-turn|p2a: Rotom
|-damage|p2a: Rotom|69/100
|
|switch|p1a: Seismitoad|Seismitoad, F|100/100|[from]move: U-turn
|move|p2a: Rotom|Hydro Pump|p1a: Seismitoad
|-immune|p1a: Seismitoad|[from] ability: Water Absorb
|
|upkeep
|turn|2
|
|switch|p2a: Corviknight|Corviknight, F|100/100
|-ability|p2a: Corviknight|Pressure
|move|p1a: Seismitoad|Stealth Rock|p2a: Corviknight
|-sidestart|p2: exelphantom|move: Stealth Rock
|
|upkeep
|turn|3
|
|move|p2a: Corviknight|Substitute|p2a: Corviknight
|-start|p2a: Corviknight|Substitute
|-damage|p2a: Corviknight|76/100
|move|p1a: Seismitoad|Scald|p2a: Corviknight
|-activate|p2a: Corviknight|move: Substitute|[damage]
|
|-heal|p2a: Corviknight|82/100|[from] item: Leftovers
|upkeep
|turn|4
|
|switch|p1a: Gengar|Gengar, M|100/100
|move|p2a: Corviknight|Bulk Up|p2a: Corviknight
|-boost|p2a: Corviknight|atk|1
|-boost|p2a: Corviknight|def|1
|
|-heal|p2a: Corviknight|88/100|[from] item: Leftovers
|upkeep
|turn|5
|
|move|p1a: Gengar|Shadow Ball|p2a: Corviknight
|-end|p2a: Corviknight|Substitute
|-damage|p1a: Gengar|91/100|[from] item: Life Orb
|move|p2a: Corviknight|Brave Bird|p1a: Gengar
|-damage|p1a: Gengar|0 fnt
|-start|p2a: Corviknight|Disable|Brave Bird|[from] ability: Cursed Body|[of] p1a: Gengar
|-damage|p2a: Corviknight|68/100|[from] Recoil
|faint|p1a: Gengar
|
|-heal|p2a: Corviknight|74/100|[from] item: Leftovers
|upkeep
|
|switch|p1a: Cinderace|Cinderace, F|100/100
|turn|6
|
|switch|p2a: Rotom|Rotom-Wash|69/100
|-damage|p2a: Rotom|57/100|[from] Stealth Rock
|move|p1a: Cinderace|Pyro Ball|p2a: Rotom
|-resisted|p2a: Rotom
|-damage|p2a: Rotom|16/100
|
|upkeep
|turn|7
|
|move|p1a: Cinderace|Pyro Ball|p2a: Rotom
|-resisted|p2a: Rotom
|-damage|p2a: Rotom|0 fnt
|faint|p2a: Rotom
|
|upkeep
|
|switch|p2a: Dragapult|Dragapult, F|100/100
|-damage|p2a: Dragapult|88/100|[from] Stealth Rock
|turn|8
|
|switch|p1a: Clefable|Clefable, M|100/100
|move|p2a: Dragapult|Dragon Dance|p2a: Dragapult
|-boost|p2a: Dragapult|atk|1
|-boost|p2a: Dragapult|spe|1
|
|upkeep
|turn|9
|
|move|p2a: Dragapult|Phantom Force||[still]
|-prepare|p2a: Dragapult|Phantom Force|p1a: Clefable
|move|p1a: Clefable|Moonblast|p2a: Dragapult|[miss]
|-miss|p1a: Clefable|p2a: Dragapult
|
|upkeep
|turn|10
|
|move|p2a: Dragapult|Phantom Force|p1a: Clefable|[from]lockedmove
|-damage|p1a: Clefable|18/100
|-damage|p2a: Dragapult|78/100|[from] item: Life Orb
|move|p1a: Clefable|Moonblast|p2a: Dragapult
|-supereffective|p2a: Dragapult
|-damage|p2a: Dragapult|0 fnt
|faint|p2a: Dragapult
|
|-heal|p1a: Clefable|24/100|[from] item: Leftovers
|upkeep
|
|switch|p2a: Excadrill|Excadrill, M|100/100
|-damage|p2a: Excadrill|97/100|[from] Stealth Rock
|-ability|p2a: Excadrill|Mold Breaker
|turn|11
|
|move|p2a: Excadrill|Rapid Spin|p1a: Clefable
|-damage|p1a: Clefable|7/100
|-sideend|p2: exelphantom|Stealth Rock|[from] move: Rapid Spin|[of] p2a: Excadrill
|-boost|p2a: Excadrill|spe|1
|move|p1a: Clefable|Wish|p1a: Clefable
|
|-heal|p1a: Clefable|13/100|[from] item: Leftovers
|upkeep
|turn|12
|
|move|p1a: Clefable|Protect|p1a: Clefable
|-singleturn|p1a: Clefable|Protect
|move|p2a: Excadrill|Iron Head|p1a: Clefable
|-activate|p1a: Clefable|move: Protect
|
|-heal|p1a: Clefable|63/100|[from] move: Wish|[wisher] Clefable
|-heal|p1a: Clefable|69/100|[from] item: Leftovers
|upkeep
|turn|13
|
|switch|p1a: Seismitoad|Seismitoad, F|100/100
|move|p2a: Excadrill|Iron Head|p1a: Seismitoad
|-resisted|p1a: Seismitoad
|-damage|p1a: Seismitoad|84/100
|
|-heal|p1a: Seismitoad|90/100|[from] item: Leftovers
|upkeep
|turn|14
|
|move|p2a: Excadrill|Earthquake|p1a: Seismitoad
|-damage|p1a: Seismitoad|50/100
|move|p1a: Seismitoad|Scald|p2a: Excadrill
|-supereffective|p2a: Excadrill
|-damage|p2a: Excadrill|38/100
|
|-heal|p1a: Seismitoad|56/100|[from] item: Leftovers
|upkeep
|turn|15
|
|switch|p2a: Conkeldurr|Conkeldurr, M|100/100
|move|p1a: Seismitoad|Scald|p2a: Conkeldurr
|-damage|p2a: Conkeldurr|74/100
|-status|p2a: Conkeldurr|brn
|
|-heal|p1a: Seismitoad|62/100|[from] item: Leftovers
|-damage|p2a: Conkeldurr|68/100 brn|[from] brn
|upkeep
|turn|16
|
|move|p1a: Seismitoad|Stealth Rock|p2a: Conkeldurr
|-sidestart|p2: exelphantom|move: Stealth Rock
|move|p2a: Conkeldurr|Drain Punch|p1a: Seismitoad
|-damage|p1a: Seismitoad|9/100
|-heal|p2a: Conkeldurr|95/100 brn|[from] drain|[of] p1a: Seismitoad
|
|-heal|p1a: Seismitoad|15/100|[from] item: Leftovers
|-damage|p2a: Conkeldurr|89/100 brn|[from] brn
|upkeep
|turn|17
|
|move|p2a: Conkeldurr|Mach Punch|p1a: Seismitoad
|-damage|p1a: Seismitoad|0 fnt
|faint|p1a: Seismitoad
|
|-damage|p2a: Conkeldurr|83/100 brn|[from] brn
|upkeep
|
|switch|p1a: Corviknight|Corviknight, F|100/100
|-ability|p1a: Corviknight|Pressure
|turn|18
|
|move|p1a: Corviknight|Brave Bird|p2a: Conkeldurr
|-supereffective|p2a: Conkeldurr
|-crit|p2a: Conkeldurr
|-damage|p2a: Conkeldurr|0 fnt
|-damage|p1a: Corviknight|72/100|[from] Recoil
|faint|p2a: Conkeldurr
|
|-heal|p1a: Corviknight|79/100|[from] item: Leftovers
|upkeep
|
|switch|p2a: Clefable|Clefable, F|100/100
|turn|19
|
|move|p1a: Corviknight|U-turn|p2a: Clefable
|-resisted|p2a: Clefable
|-damage|p2a: Clefable|93/100
|
|switch|p1a: Clefable|Clefable, M|69/100|[from]move: U-turn
|move|p2a: Clefable|Fire Blast|p1a: Clefable
|-damage|p1a: Clefable|37/100
|-status|p1a: Clefable|brn
|
|-heal|p1a: Clefable|43/100 brn|[from] item: Leftovers
|upkeep
|turn|20
|
|switch|p2a: Excadrill|Excadrill, M|38/100
|-damage|p2a: Excadrill|35/100|[from] Stealth Rock
|-ability|p2a: Excadrill|Mold Breaker
|move|p1a: Clefable|Thunder Wave|p2a: Excadrill
|-immune|p2a: Excadrill
|
|-heal|p1a: Clefable|49/100 brn|[from] item: Leftovers
|upkeep
|turn|21
|
|move|p2a: Excadrill|Iron Head|p1a: Clefable
|-supereffective|p1a: Clefable
|-damage|p1a: Clefable|0 fnt
|faint|p1a: Clefable
|
|upkeep
|
|switch|p1a: Obstagoon|Obstagoon, F|100/100
|turn|22
|
|move|p1a: Obstagoon|Bulk Up|p1a: Obstagoon
|-boost|p1a: Obstagoon|atk|1
|-boost|p1a: Obstagoon|def|1
|move|p2a: Excadrill|Rapid Spin|p1a: Obstagoon
|-damage|p1a: Obstagoon|88/100
|-sideend|p2: exelphantom|Stealth Rock|[from] move: Rapid Spin|[of] p2a: Excadrill
|-boost|p2a: Excadrill|spe|1
|
|-status|p1a: Obstagoon|brn|[from] item: Flame Orb
|upkeep
|turn|23
|
|move|p2a: Excadrill|Earthquake|p1a: Obstagoon
|-damage|p1a: Obstagoon|49/100 brn
|move|p1a: Obstagoon|Knock Off|p2a: Excadrill
|-damage|p2a: Excadrill|0 fnt
|-enditem|p2a: Excadrill|Focus Sash|[from] move: Knock Off|[of] p1a: Obstagoon
|faint|p2a: Excadrill
|
|-damage|p1a: Obstagoon|43/100 brn|[from] brn
|upkeep
|
|switch|p2a: Clefable|Clefable, F|93/100
|turn|24
|
|move|p1a: Obstagoon|Facade|p2a: Clefable
|-damage|p2a: Clefable|0 fnt
|faint|p2a: Clefable
|
|-damage|p1a: Obstagoon|37/100 brn|[from] brn
|upkeep
|
|switch|p2a: Corviknight|Corviknight, F|74/100
|-ability|p2a: Corviknight|Pressure
|turn|25
|
|move|p1a: Obstagoon|Knock Off|p2a: Corviknight
|-damage|p2a: Corviknight|9/100
|-enditem|p2a: Corviknight|Leftovers|[from] move: Knock Off|[of] p1a: Obstagoon
|move|p2a: Corviknight|Bulk Up|p2a: Corviknight
|-boost|p2a: Corviknight|atk|1
|-boost|p2a: Corviknight|def|1
|
|-damage|p1a: Obstagoon|31/100 brn|[from] brn
|upkeep
|turn|26
|
|move|p1a: Obstagoon|Knock Off|p2a: Corviknight
|-damage|p2a: Corviknight|0 fnt
|faint|p2a: Corviknight
|
|win|TestSubject88
|c|☆exelphantom|gg
|l|☆exelphantom
|c|☆TestSubject88|gg
|raw|TestSubject88's rating: 1461 → 1478(+17 for winning)
|raw|exelphantom's rating: 1420 → 1402(-18 for losing)
