|ScrapeTime|2020-01-01-19:22:24
|j|☆StarPlatinum96
|j|☆Gaygayhomo
|player|p1|StarPlatinum96|giovanni|1252
|player|p2|Gaygayhomo|clay|1262
|teamsize|p1|6
|teamsize|p2|6
|gametype|singles
|gen|8
|tier|[Gen 8] OU
|rated|
|rule|Sleep Clause Mod: Limit one foe put to sleep
|rule|Species Clause: Limit one of each Pokémon
|rule|OHKO Clause: OHKO moves are banned
|rule|Evasion Moves Clause: Evasion moves are banned
|rule|Endless Battle Clause: Forcing endless battles is banned
|rule|HP Percentage Mod: HP is shown in percentages
|clearpoke
|poke|p1|Mimikyu, F|
|poke|p1|Ferrothorn, F|
|poke|p1|Dragapult, M|
|poke|p1|Excadrill, M|
|poke|p1|Mandibuzz, F|
|poke|p1|Tyranitar, M|
|poke|p2|Toxapex, F|
|poke|p2|Hydreigon, M|
|poke|p2|Corviknight, F|
|poke|p2|Clefable, M|
|poke|p2|Conkeldurr, F|
|poke|p2|Excadrill, M|
|rule|Dynamax Clause: You cannot dynamax
|teampreview
|inactive|Battle timer is ON: inactive players will automatically lose when time's up. (requested by StarPlatinum96)
|
|start
|switch|p1a: Excadrill|Excadrill, M|100/100
|switch|p2a: Hydreigon|Hydreigon, M|100/100
|turn|1
|
|move|p2a: Hydreigon|U-turn|p1a: Excadrill
|-resisted|p1a: Excadrill
|-damage|p1a: Excadrill|90/100
|
|switch|p2a: Corviknight|Corviknight, F|100/100|[from]move: U-turn
|-ability|p2a: Corviknight|Pressure
|move|p1a: Excadrill|Stealth Rock|p2a: Corviknight
|-sidestart|p2: Gaygayhomo|move: Stealth Rock
|
|upkeep
|turn|2
|
|switch|p1a: Mandibuzz|Mandibuzz, F|100/100
|move|p2a: Corviknight|Defog|p1a: Mandibuzz
|-unboost|p1a: Mandibuzz|evasion|1
|-sideend|p2: Gaygayhomo|Stealth Rock|[from] move: Defog|[of] p2a: Corviknight
|
|upkeep
|turn|3
|
|move|p2a: Corviknight|U-turn|p1a: Mandibuzz
|-damage|p1a: Mandibuzz|89/100
|
|switch|p2a: Toxapex|Toxapex, F|100/100|[from]move: U-turn
|move|p1a: Mandibuzz|Knock Off|p2a: Toxapex
|-damage|p2a: Toxapex|86/100
|-enditem|p2a: Toxapex|Black Sludge|[from] move: Knock Off|[of] p1a: Mandibuzz
|
|-heal|p1a: Mandibuzz|95/100|[from] item: Leftovers
|upkeep
|turn|4
|
|switch|p1a: Ferrothorn|Ferrothorn, F|100/100
|switch|p2a: Conkeldurr|Conkeldurr, F|100/100
|
|-status|p2a: Conkeldurr|brn|[from] item: Flame Orb
|upkeep
|turn|5
|
|switch|p1a: Dragapult|Dragapult, M|100/100
|move|p2a: Conkeldurr|Earthquake|p1a: Dragapult
|-damage|p1a: Dragapult|20/100
|
|-damage|p2a: Conkeldurr|94/100 brn|[from] brn
|upkeep
|turn|6
|
|switch|p1a: Ferrothorn|Ferrothorn, F|100/100
|switch|p2a: Clefable|Clefable, M|100/100
|
|upkeep
|turn|7
|
|switch|p2a: Corviknight|Corviknight, F|100/100
|-ability|p2a: Corviknight|Pressure
|switch|p1a: Mandibuzz|Mandibuzz, F|95/100
|
|-heal|p1a: Mandibuzz|100/100|[from] item: Leftovers
|upkeep
|turn|8
|
|move|p2a: Corviknight|U-turn|p1a: Mandibuzz
|-damage|p1a: Mandibuzz|88/100
|
|switch|p2a: Conkeldurr|Conkeldurr, F|94/100 brn|[from]move: U-turn
|move|p1a: Mandibuzz|Knock Off|p2a: Conkeldurr
|-resisted|p2a: Conkeldurr
|-damage|p2a: Conkeldurr|82/100 brn
|-enditem|p2a: Conkeldurr|Flame Orb|[from] move: Knock Off|[of] p1a: Mandibuzz
|
|-heal|p1a: Mandibuzz|95/100|[from] item: Leftovers
|-damage|p2a: Conkeldurr|76/100 brn|[from] brn
|upkeep
|turn|9
|
|move|p1a: Mandibuzz|Foul Play|p2a: Conkeldurr
|-resisted|p2a: Conkeldurr
|-damage|p2a: Conkeldurr|50/100 brn
|move|p2a: Conkeldurr|Close Combat|p1a: Mandibuzz
|-damage|p1a: Mandibuzz|12/100
|-unboost|p2a: Conkeldurr|def|1
|-unboost|p2a: Conkeldurr|spd|1
|
|-heal|p1a: Mandibuzz|18/100|[from] item: Leftovers
|-damage|p2a: Conkeldurr|43/100 brn|[from] brn
|upkeep
|turn|10
|
|move|p2a: Conkeldurr|Mach Punch|p1a: Mandibuzz
|-damage|p1a: Mandibuzz|0 fnt
|faint|p1a: Mandibuzz
|
|-damage|p2a: Conkeldurr|37/100 brn|[from] brn
|upkeep
|
|switch|p1a: Dragapult|Dragapult, M|20/100
|turn|11
|
|switch|p2a: Clefable|Clefable, M|100/100
|move|p1a: Dragapult|Shadow Ball|p2a: Clefable
|-damage|p2a: Clefable|66/100
|
|-heal|p2a: Clefable|72/100|[from] item: Leftovers
|upkeep
|turn|12
|
|move|p1a: Dragapult|Shadow Ball|p2a: Clefable
|-damage|p2a: Clefable|36/100
|move|p2a: Clefable|Thunder Wave|p1a: Dragapult
|-status|p1a: Dragapult|par
|
|-heal|p2a: Clefable|42/100|[from] item: Leftovers
|upkeep
|turn|13
|
|move|p2a: Clefable|Protect|p2a: Clefable
|-singleturn|p2a: Clefable|Protect
|cant|p1a: Dragapult|par
|
|-heal|p2a: Clefable|48/100|[from] item: Leftovers
|upkeep
|turn|14
|
|move|p1a: Dragapult|Shadow Ball|p2a: Clefable
|-damage|p2a: Clefable|10/100
|move|p2a: Clefable|Wish|p2a: Clefable
|
|-heal|p2a: Clefable|16/100|[from] item: Leftovers
|upkeep
|turn|15
|
|switch|p1a: Mimikyu|Mimikyu, F|100/100
|move|p2a: Clefable|Protect||[still]
|-fail|p2a: Clefable
|
|-heal|p2a: Clefable|66/100|[from] move: Wish|[wisher] Clefable
|-heal|p2a: Clefable|73/100|[from] item: Leftovers
|upkeep
|turn|16
|
|switch|p2a: Toxapex|Toxapex, F|100/100
|move|p1a: Mimikyu|Swords Dance|p1a: Mimikyu
|-boost|p1a: Mimikyu|atk|2
|
|upkeep
|turn|17
|
|move|p1a: Mimikyu|Shadow Claw|p2a: Toxapex
|-damage|p2a: Toxapex|58/100
|-damage|p1a: Mimikyu|91/100|[from] item: Life Orb
|move|p2a: Toxapex|Haze|p2a: Toxapex
|-clearallboost
|
|upkeep
|turn|18
|
|switch|p1a: Dragapult|Dragapult, M|20/100 par
|move|p2a: Toxapex|Toxic||[still]
|-fail|p2a: Toxapex
|
|upkeep
|turn|19
|
|switch|p2a: Clefable|Clefable, M|73/100
|move|p1a: Dragapult|Draco Meteor|p2a: Clefable
|-immune|p2a: Clefable
|
|-heal|p2a: Clefable|79/100|[from] item: Leftovers
|upkeep
|turn|20
|
|switch|p1a: Tyranitar|Tyranitar, M|100/100
|-weather|Sandstorm|[from] ability: Sand Stream|[of] p1a: Tyranitar
|move|p2a: Clefable|Wish|p2a: Clefable
|
|-weather|Sandstorm|[upkeep]
|-heal|p2a: Clefable|85/100|[from] item: Leftovers
|upkeep
|turn|21
|
|move|p1a: Tyranitar|Stone Edge|p2a: Clefable
|-damage|p2a: Clefable|18/100
|move|p2a: Clefable|Thunder Wave|p1a: Tyranitar
|-status|p1a: Tyranitar|par
|
|-weather|Sandstorm|[upkeep]
|-heal|p2a: Clefable|68/100|[from] move: Wish|[wisher] Clefable
|-heal|p2a: Clefable|74/100|[from] item: Leftovers
|upkeep
|turn|22
|
|switch|p2a: Excadrill|Excadrill, M|100/100
|-ability|p2a: Excadrill|Mold Breaker
|-item|p2a: Excadrill|Air Balloon
|move|p1a: Tyranitar|Heavy Slam|p2a: Excadrill
|-resisted|p2a: Excadrill
|-damage|p2a: Excadrill|74/100
|-enditem|p2a: Excadrill|Air Balloon
|
|-weather|Sandstorm|[upkeep]
|upkeep
|turn|23
|
|switch|p1a: Ferrothorn|Ferrothorn, F|100/100
|move|p2a: Excadrill|Stealth Rock|p1a: Ferrothorn
|-sidestart|p1: StarPlatinum96|move: Stealth Rock
|
|-weather|Sandstorm|[upkeep]
|upkeep
|turn|24
|
|switch|p2a: Conkeldurr|Conkeldurr, F|37/100 brn
|move|p1a: Ferrothorn|Leech Seed|p2a: Conkeldurr
|-start|p2a: Conkeldurr|move: Leech Seed
|
|-weather|none
|-damage|p2a: Conkeldurr|25/100 brn|[from] Leech Seed|[of] p1a: Ferrothorn
|-damage|p2a: Conkeldurr|18/100 brn|[from] brn
|upkeep
|turn|25
|
|switch|p2a: Clefable|Clefable, M|74/100
|move|p1a: Ferrothorn|Gyro Ball|p2a: Clefable
|-supereffective|p2a: Clefable
|-damage|p2a: Clefable|4/100
|
|-heal|p2a: Clefable|10/100|[from] item: Leftovers
|upkeep
|turn|26
|
|move|p2a: Clefable|Wish|p2a: Clefable
|move|p1a: Ferrothorn|Gyro Ball|p2a: Clefable
|-supereffective|p2a: Clefable
|-damage|p2a: Clefable|0 fnt
|faint|p2a: Clefable
|
|upkeep
|
|switch|p2a: Conkeldurr|Conkeldurr, F|18/100 brn
|turn|27
|
|switch|p1a: Dragapult|Dragapult, M|20/100 par
|-damage|p1a: Dragapult|8/100 par|[from] Stealth Rock
|move|p2a: Conkeldurr|Drain Punch|p1a: Dragapult
|-immune|p1a: Dragapult
|
|-heal|p2a: Conkeldurr|74/100 brn|[from] move: Wish|[wisher] Clefable
|-damage|p2a: Conkeldurr|68/100 brn|[from] brn
|upkeep
|turn|28
|
|switch|p2a: Corviknight|Corviknight, F|100/100
|-ability|p2a: Corviknight|Pressure
|move|p1a: Dragapult|Shadow Ball|p2a: Corviknight
|-damage|p2a: Corviknight|53/100
|
|-heal|p2a: Corviknight|59/100|[from] item: Leftovers
|upkeep
|turn|29
|
|switch|p2a: Hydreigon|Hydreigon, M|100/100
|move|p1a: Dragapult|Shadow Ball|p2a: Hydreigon
|-resisted|p2a: Hydreigon
|-damage|p2a: Hydreigon|73/100
|-unboost|p2a: Hydreigon|spd|1
|
|upkeep
|turn|30
|
|move|p2a: Hydreigon|U-turn|p1a: Dragapult
|-resisted|p1a: Dragapult
|-damage|p1a: Dragapult|0 fnt
|faint|p1a: Dragapult
|
|switch|p2a: Corviknight|Corviknight, F|59/100|[from]move: U-turn
|-ability|p2a: Corviknight|Pressure
|
|-heal|p2a: Corviknight|65/100|[from] item: Leftovers
|upkeep
|
|switch|p1a: Ferrothorn|Ferrothorn, F|100/100
|-damage|p1a: Ferrothorn|95/100|[from] Stealth Rock
|turn|31
|
|move|p2a: Corviknight|Roost|p2a: Corviknight
|-heal|p2a: Corviknight|100/100
|-singleturn|p2a: Corviknight|move: Roost
|move|p1a: Ferrothorn|Thunder Wave|p2a: Corviknight
|-status|p2a: Corviknight|par
|
|upkeep
|turn|32
|inactive|Gaygayhomo has 120 seconds left.
|
|move|p2a: Corviknight|Roost||[still]
|-fail|p2a: Corviknight|heal
|move|p1a: Ferrothorn|Leech Seed|p2a: Corviknight
|-start|p2a: Corviknight|move: Leech Seed
|
|-damage|p2a: Corviknight|88/100 par|[from] Leech Seed|[of] p1a: Ferrothorn
|-heal|p1a: Ferrothorn|100/100|[silent]
|upkeep
|turn|33
|
|move|p2a: Corviknight|U-turn|p1a: Ferrothorn
|-damage|p1a: Ferrothorn|93/100
|-damage|p2a: Corviknight|75/100 par|[from] ability: Iron Barbs|[of] p1a: Ferrothorn
|-damage|p2a: Corviknight|59/100 par|[from] item: Rocky Helmet|[of] p1a: Ferrothorn
|
|switch|p2a: Conkeldurr|Conkeldurr, F|68/100 brn|[from]move: U-turn
|move|p1a: Ferrothorn|Knock Off|p2a: Conkeldurr
|-resisted|p2a: Conkeldurr
|-damage|p2a: Conkeldurr|61/100 brn
|
|-damage|p2a: Conkeldurr|55/100 brn|[from] brn
|upkeep
|turn|34
|
|move|p2a: Conkeldurr|Drain Punch|p1a: Ferrothorn
|-supereffective|p1a: Ferrothorn
|-damage|p1a: Ferrothorn|19/100
|-heal|p2a: Conkeldurr|92/100 brn|[from] drain|[of] p1a: Ferrothorn
|-damage|p2a: Conkeldurr|79/100 brn|[from] ability: Iron Barbs|[of] p1a: Ferrothorn
|-damage|p2a: Conkeldurr|63/100 brn|[from] item: Rocky Helmet|[of] p1a: Ferrothorn
|move|p1a: Ferrothorn|Leech Seed|p2a: Conkeldurr
|-start|p2a: Conkeldurr|move: Leech Seed
|
|-damage|p2a: Conkeldurr|50/100 brn|[from] Leech Seed|[of] p1a: Ferrothorn
|-heal|p1a: Ferrothorn|32/100|[silent]
|-damage|p2a: Conkeldurr|44/100 brn|[from] brn
|upkeep
|turn|35
|
|switch|p1a: Mimikyu|Mimikyu, F|91/100
|-damage|p1a: Mimikyu|78/100|[from] Stealth Rock
|move|p2a: Conkeldurr|Earthquake|p1a: Mimikyu
|-activate|p1a: Mimikyu|ability: Disguise
|-damage|p1a: Mimikyu|78/100
|detailschange|p1a: Mimikyu|Mimikyu-Busted, F
|-damage|p1a: Mimikyu|66/100|[from] ability: Disguise|[of] p1a: Mimikyu
|
|-damage|p2a: Conkeldurr|31/100 brn|[from] Leech Seed|[of] p1a: Mimikyu
|-heal|p1a: Mimikyu|83/100|[silent]
|-damage|p2a: Conkeldurr|25/100 brn|[from] brn
|upkeep
|turn|36
|
|switch|p2a: Toxapex|Toxapex, F|91/100
|move|p1a: Mimikyu|Shadow Sneak|p2a: Toxapex
|-damage|p2a: Toxapex|79/100
|-damage|p1a: Mimikyu|73/100|[from] item: Life Orb
|
|upkeep
|turn|37
|
|switch|p1a: Ferrothorn|Ferrothorn, F|32/100
|-damage|p1a: Ferrothorn|26/100|[from] Stealth Rock
|switch|p2a: Hydreigon|Hydreigon, M|73/100
|
|upkeep
|turn|38
|
|move|p2a: Hydreigon|Dark Pulse|p1a: Ferrothorn
|-damage|p1a: Ferrothorn|0 fnt
|faint|p1a: Ferrothorn
|
|upkeep
|inactive|StarPlatinum96 has 120 seconds left.
|
|switch|p1a: Mimikyu|Mimikyu-Busted, F|73/100
|-damage|p1a: Mimikyu|61/100|[from] Stealth Rock
|turn|39
|
|move|p2a: Hydreigon|Dark Pulse|p1a: Mimikyu
|-damage|p1a: Mimikyu|8/100
|move|p1a: Mimikyu|Play Rough|p2a: Hydreigon
|-supereffective|p2a: Hydreigon
|-damage|p2a: Hydreigon|0 fnt
|-damage|p1a: Mimikyu|0 fnt|[from] item: Life Orb
|faint|p2a: Hydreigon
|faint|p1a: Mimikyu
|
|upkeep
|
|switch|p2a: Conkeldurr|Conkeldurr, F|25/100 brn
|switch|p1a: Tyranitar|Tyranitar, M|100/100 par
|-damage|p1a: Tyranitar|88/100 par|[from] Stealth Rock
|-weather|Sandstorm|[from] ability: Sand Stream|[of] p1a: Tyranitar
|turn|40
|
|move|p2a: Conkeldurr|Drain Punch|p1a: Tyranitar
|-supereffective|p1a: Tyranitar
|-damage|p1a: Tyranitar|0 fnt
|-heal|p2a: Conkeldurr|75/100 brn|[from] drain|[of] p1a: Tyranitar
|faint|p1a: Tyranitar
|
|-weather|Sandstorm|[upkeep]
|-damage|p2a: Conkeldurr|69/100 brn|[from] Sandstorm
|-damage|p2a: Conkeldurr|63/100 brn|[from] brn
|upkeep
|
|switch|p1a: Excadrill|Excadrill, M|90/100
|-damage|p1a: Excadrill|87/100|[from] Stealth Rock
|turn|41
|
|move|p2a: Conkeldurr|Mach Punch|p1a: Excadrill
|-supereffective|p1a: Excadrill
|-damage|p1a: Excadrill|0 fnt
|faint|p1a: Excadrill
|
|win|Gaygayhomo
|l|☆StarPlatinum96
|raw|StarPlatinum96's rating: 1252 → 1227(-25 for losing)
|raw|Gaygayhomo's rating: 1263 → 1287(+24 for winning)
