|ScrapeTime|2020-01-01-10:35:23
|j|☆AG3NC ZONE
|j|☆nmb46
|player|p1|AG3NC ZONE|101|1327
|player|p2|nmb46|pokekid|1276
|teamsize|p1|6
|teamsize|p2|6
|gametype|singles
|gen|8
|tier|[Gen 8] OU
|rated|
|rule|Sleep Clause Mod: Limit one foe put to sleep
|rule|Species Clause: Limit one of each Pokémon
|rule|OHKO Clause: OHKO moves are banned
|rule|Evasion Moves Clause: Evasion moves are banned
|rule|Endless Battle Clause: Forcing endless battles is banned
|rule|HP Percentage Mod: HP is shown in percentages
|clearpoke
|poke|p1|Dragapult, M|
|poke|p1|Dugtrio, M|
|poke|p1|Grimmsnarl, M|
|poke|p1|Toxapex, F|
|poke|p1|Copperajah, F|
|poke|p1|Eldegoss, F|
|poke|p2|Clefable, M|
|poke|p2|Kommo-o, F|
|poke|p2|Corsola-Galar, F|
|poke|p2|Chandelure, M|
|poke|p2|Bisharp, M|
|poke|p2|Gyarados, F|
|rule|Dynamax Clause: You cannot dynamax
|teampreview
|inactive|Battle timer is ON: inactive players will automatically lose when time's up. (requested by nmb46)
|
|start
|switch|p1a: Dragapult|Dragapult, M|100/100
|switch|p2a: Bisharp|Bisharp, M|100/100
|turn|1
|
|move|p1a: Dragapult|Substitute|p1a: Dragapult
|-start|p1a: Dragapult|Substitute
|-damage|p1a: Dragapult|76/100
|move|p2a: Bisharp|Throat Chop|p1a: Dragapult
|-supereffective|p1a: Dragapult
|-end|p1a: Dragapult|Substitute
|-damage|p2a: Bisharp|91/100|[from] item: Life Orb
|
|-heal|p1a: Dragapult|82/100|[from] item: Leftovers
|upkeep
|turn|2
|
|switch|p1a: Copperajah|Copperajah, F|100/100
|switch|p2a: Clefable|Clefable, M|100/100
|
|upkeep
|turn|3
|
|switch|p2a: Gyarados|Gyarados, F|100/100
|-ability|p2a: Gyarados|Intimidate|boost
|-unboost|p1a: Copperajah|atk|1
|move|p1a: Copperajah|Heavy Slam|p2a: Gyarados
|-resisted|p2a: Gyarados
|-damage|p2a: Gyarados|80/100
|
|-heal|p2a: Gyarados|86/100|[from] item: Leftovers
|upkeep
|turn|4
|
|switch|p1a: Grimmsnarl|Grimmsnarl, M|100/100
|move|p2a: Gyarados|Thunder Wave|p1a: Grimmsnarl
|-status|p1a: Grimmsnarl|par
|
|-heal|p2a: Gyarados|92/100|[from] item: Leftovers
|upkeep
|turn|5
|
|switch|p2a: Clefable|Clefable, M|100/100
|move|p1a: Grimmsnarl|Spirit Break|p2a: Clefable
|-damage|p2a: Clefable|73/100
|-unboost|p2a: Clefable|spa|1
|
|-heal|p2a: Clefable|79/100|[from] item: Leftovers
|upkeep
|turn|6
|
|switch|p1a: Eldegoss|Eldegoss, F|100/100
|move|p2a: Clefable|Wish|p2a: Clefable
|
|-heal|p2a: Clefable|85/100|[from] item: Leftovers
|upkeep
|turn|7
|
|switch|p2a: Chandelure|Chandelure, M|100/100
|switch|p1a: Toxapex|Toxapex, F|100/100
|
|upkeep
|turn|8
|
|switch|p2a: Clefable|Clefable, M|85/100
|move|p1a: Toxapex|Toxic Spikes|p2a: Clefable
|-sidestart|p2: nmb46|move: Toxic Spikes
|
|-heal|p2a: Clefable|91/100|[from] item: Leftovers
|upkeep
|turn|9
|
|move|p2a: Clefable|Moonblast|p1a: Toxapex
|-resisted|p1a: Toxapex
|-damage|p1a: Toxapex|87/100
|move|p1a: Toxapex|Sludge Bomb|p2a: Clefable
|-supereffective|p2a: Clefable
|-damage|p2a: Clefable|65/100
|
|-heal|p2a: Clefable|71/100|[from] item: Leftovers
|-heal|p1a: Toxapex|93/100|[from] item: Black Sludge
|upkeep
|turn|10
|
|move|p2a: Clefable|Moonblast|p1a: Toxapex
|-resisted|p1a: Toxapex
|-damage|p1a: Toxapex|80/100
|-unboost|p1a: Toxapex|spa|1
|move|p1a: Toxapex|Scald|p2a: Clefable
|-damage|p2a: Clefable|62/100
|
|-heal|p2a: Clefable|69/100|[from] item: Leftovers
|-heal|p1a: Toxapex|86/100|[from] item: Black Sludge
|upkeep
|turn|11
|
|switch|p1a: Eldegoss|Eldegoss, F|100/100
|move|p2a: Clefable|Wish|p2a: Clefable
|
|-heal|p2a: Clefable|75/100|[from] item: Leftovers
|upkeep
|turn|12
|
|move|p2a: Clefable|Calm Mind|p2a: Clefable
|-boost|p2a: Clefable|spa|1
|-boost|p2a: Clefable|spd|1
|move|p1a: Eldegoss|Leech Seed|p2a: Clefable
|-start|p2a: Clefable|move: Leech Seed
|
|-heal|p2a: Clefable|100/100|[from] move: Wish|[wisher] Clefable
|upkeep
|turn|13
|
|switch|p1a: Copperajah|Copperajah, F|100/100
|move|p2a: Clefable|Moonblast|p1a: Copperajah
|-resisted|p1a: Copperajah
|-damage|p1a: Copperajah|84/100
|-unboost|p1a: Copperajah|spa|1
|
|upkeep
|turn|14
|
|switch|p2a: Gyarados|Gyarados, F|92/100
|-ability|p2a: Gyarados|Intimidate|boost
|-unboost|p1a: Copperajah|atk|1
|move|p1a: Copperajah|Power Whip|p2a: Gyarados
|-damage|p2a: Gyarados|64/100
|
|-heal|p2a: Gyarados|70/100|[from] item: Leftovers
|upkeep
|turn|15
|
|switch|p1a: Grimmsnarl|Grimmsnarl, M|100/100 par
|move|p2a: Gyarados|Waterfall|p1a: Grimmsnarl
|-damage|p1a: Grimmsnarl|59/100 par
|
|-heal|p2a: Gyarados|76/100|[from] item: Leftovers
|upkeep
|turn|16
|
|cant|p1a: Grimmsnarl|par
|move|p2a: Gyarados|Waterfall|p1a: Grimmsnarl
|-damage|p1a: Grimmsnarl|21/100 par
|
|-heal|p2a: Gyarados|82/100|[from] item: Leftovers
|upkeep
|turn|17
|
|move|p1a: Grimmsnarl|Thunder Wave|p2a: Gyarados|[miss]
|-miss|p1a: Grimmsnarl|p2a: Gyarados
|move|p2a: Gyarados|Waterfall|p1a: Grimmsnarl
|-damage|p1a: Grimmsnarl|0 fnt
|faint|p1a: Grimmsnarl
|
|-heal|p2a: Gyarados|88/100|[from] item: Leftovers
|upkeep
|
|switch|p1a: Dragapult|Dragapult, M|82/100
|turn|18
|
|switch|p2a: Clefable|Clefable, M|100/100
|-status|p2a: Clefable|psn
|move|p1a: Dragapult|Substitute|p1a: Dragapult
|-start|p1a: Dragapult|Substitute
|-damage|p1a: Dragapult|57/100
|
|-heal|p1a: Dragapult|63/100|[from] item: Leftovers
|upkeep
|turn|19
|
|move|p1a: Dragapult|Hex|p2a: Clefable
|-damage|p2a: Clefable|68/100 psn
|move|p2a: Clefable|Calm Mind|p2a: Clefable
|-boost|p2a: Clefable|spa|1
|-boost|p2a: Clefable|spd|1
|
|-heal|p1a: Dragapult|69/100|[from] item: Leftovers
|-heal|p2a: Clefable|74/100 psn|[from] item: Leftovers
|upkeep
|turn|20
|
|move|p1a: Dragapult|Hex|p2a: Clefable
|-damage|p2a: Clefable|50/100 psn
|move|p2a: Clefable|Wish|p2a: Clefable
|
|-heal|p1a: Dragapult|75/100|[from] item: Leftovers
|-heal|p2a: Clefable|56/100 psn|[from] item: Leftovers
|upkeep
|turn|21
|
|move|p1a: Dragapult|Hex|p2a: Clefable
|-damage|p2a: Clefable|33/100 psn
|move|p2a: Clefable|Moonblast|p1a: Dragapult
|-supereffective|p1a: Dragapult
|-end|p1a: Dragapult|Substitute
|
|-heal|p2a: Clefable|83/100 psn|[from] move: Wish|[wisher] Clefable
|-heal|p1a: Dragapult|81/100|[from] item: Leftovers
|-heal|p2a: Clefable|89/100 psn|[from] item: Leftovers
|upkeep
|turn|22
|
|move|p2a: Clefable|Protect|p2a: Clefable
|-singleturn|p2a: Clefable|Protect
|move|p1a: Dragapult|Disable|p2a: Clefable
|-activate|p2a: Clefable|move: Protect
|
|-heal|p1a: Dragapult|87/100|[from] item: Leftovers
|-heal|p2a: Clefable|95/100 psn|[from] item: Leftovers
|upkeep
|turn|23
|
|move|p1a: Dragapult|Substitute|p1a: Dragapult
|-start|p1a: Dragapult|Substitute
|-damage|p1a: Dragapult|63/100
|move|p2a: Clefable|Moonblast|p1a: Dragapult
|-supereffective|p1a: Dragapult
|-end|p1a: Dragapult|Substitute
|
|-heal|p1a: Dragapult|69/100|[from] item: Leftovers
|-heal|p2a: Clefable|100/100 psn|[from] item: Leftovers
|upkeep
|turn|24
|
|switch|p1a: Copperajah|Copperajah, F|84/100
|move|p2a: Clefable|Protect||[still]
|-fail|p2a: Clefable
|
|upkeep
|turn|25
|
|switch|p2a: Gyarados|Gyarados, F|88/100
|-ability|p2a: Gyarados|Intimidate|boost
|-unboost|p1a: Copperajah|atk|1
|switch|p1a: Dragapult|Dragapult, M|69/100
|
|-heal|p1a: Dragapult|75/100|[from] item: Leftovers
|-heal|p2a: Gyarados|94/100|[from] item: Leftovers
|upkeep
|turn|26
|
|switch|p2a: Clefable|Clefable, M|100/100 psn
|move|p1a: Dragapult|Will-O-Wisp||[still]
|-fail|p1a: Dragapult
|
|-heal|p1a: Dragapult|81/100|[from] item: Leftovers
|upkeep
|turn|27
|
|move|p1a: Dragapult|Hex|p2a: Clefable
|-damage|p2a: Clefable|68/100 psn
|move|p2a: Clefable|Calm Mind|p2a: Clefable
|-boost|p2a: Clefable|spa|1
|-boost|p2a: Clefable|spd|1
|
|-heal|p1a: Dragapult|87/100|[from] item: Leftovers
|-heal|p2a: Clefable|74/100 psn|[from] item: Leftovers
|upkeep
|turn|28
|
|switch|p1a: Copperajah|Copperajah, F|84/100
|move|p2a: Clefable|Moonblast|p1a: Copperajah
|-resisted|p1a: Copperajah
|-damage|p1a: Copperajah|66/100
|
|-heal|p2a: Clefable|80/100 psn|[from] item: Leftovers
|upkeep
|turn|29
|
|move|p2a: Clefable|Protect|p2a: Clefable
|-singleturn|p2a: Clefable|Protect
|move|p1a: Copperajah|Power Whip|p2a: Clefable
|-activate|p2a: Clefable|move: Protect
|
|-heal|p2a: Clefable|86/100 psn|[from] item: Leftovers
|upkeep
|turn|30
|
|switch|p2a: Bisharp|Bisharp, M|91/100
|move|p1a: Copperajah|Heavy Slam|p2a: Bisharp
|-resisted|p2a: Bisharp
|-damage|p2a: Bisharp|48/100
|
|upkeep
|turn|31
|inactive|AG3NC ZONE has 120 seconds left.
|
|move|p2a: Bisharp|Throat Chop|p1a: Copperajah
|-damage|p1a: Copperajah|9/100
|-start|p1a: Copperajah|Throat Chop|[silent]
|-damage|p2a: Bisharp|38/100|[from] item: Life Orb
|move|p1a: Copperajah|Heat Crash|p2a: Bisharp
|-supereffective|p2a: Bisharp
|-damage|p2a: Bisharp|0 fnt
|faint|p2a: Bisharp
|
|upkeep
|j| ygwh
|l| ygwh
|inactive|nmb46 has 120 seconds left.
|
|switch|p2a: Gyarados|Gyarados, F|94/100
|-ability|p2a: Gyarados|Intimidate|boost
|-unboost|p1a: Copperajah|atk|1
|turn|32
|
|switch|p1a: Eldegoss|Eldegoss, F|100/100
|move|p2a: Gyarados|Waterfall|p1a: Eldegoss
|-resisted|p1a: Eldegoss
|-damage|p1a: Eldegoss|81/100
|
|-heal|p2a: Gyarados|99/100|[from] item: Leftovers
|upkeep
|turn|33
|
|switch|p2a: Clefable|Clefable, M|86/100 psn
|move|p1a: Eldegoss|Leech Seed|p2a: Clefable
|-start|p2a: Clefable|move: Leech Seed
|
|-heal|p2a: Clefable|92/100 psn|[from] item: Leftovers
|upkeep
|turn|34
|-message|AG3NC ZONE forfeited.
|
|win|nmb46
|l|☆AG3NC ZONE
|raw|AG3NC ZONE's rating: 1327 → 1304(-23 for losing)
|raw|nmb46's rating: 1276 → 1305(+29 for winning)
