|ScrapeTime|2020-01-02-23:39:05
|j|☆EarthBoundFan3
|j|☆lgkh02
|player|p1|EarthBoundFan3|psychic-gen4|1304
|player|p2|lgkh02|plasmagruntf|1288
|teamsize|p1|6
|teamsize|p2|6
|gametype|singles
|gen|8
|tier|[Gen 8] OU
|rated|
|rule|Sleep Clause Mod: Limit one foe put to sleep
|rule|Species Clause: Limit one of each Pokémon
|rule|OHKO Clause: OHKO moves are banned
|rule|Evasion Moves Clause: Evasion moves are banned
|rule|Endless Battle Clause: Forcing endless battles is banned
|rule|HP Percentage Mod: HP is shown in percentages
|clearpoke
|poke|p1|Weavile, M|
|poke|p1|Polteageist|
|poke|p1|Excadrill, F|
|poke|p1|Dragapult, M|
|poke|p1|Sigilyph, M|
|poke|p1|Conkeldurr, M|
|poke|p2|Conkeldurr, F|
|poke|p2|Corviknight, M|
|poke|p2|Dragapult, M|
|poke|p2|Toxapex, M|
|poke|p2|Clefable, M|
|poke|p2|Excadrill, F|
|rule|Dynamax Clause: You cannot dynamax
|teampreview
|
|start
|switch|p1a: Dragapult|Dragapult, M|100/100
|switch|p2a: Excadrill|Excadrill, F|100/100
|-ability|p2a: Excadrill|Mold Breaker
|turn|1
|inactive|Battle timer is ON: inactive players will automatically lose when time's up. (requested by EarthBoundFan3)
|
|move|p1a: Dragapult|Fire Blast|p2a: Excadrill
|-supereffective|p2a: Excadrill
|-enditem|p2a: Excadrill|Focus Sash
|-damage|p2a: Excadrill|1/100
|-damage|p1a: Dragapult|91/100|[from] item: Life Orb
|move|p2a: Excadrill|Earthquake|p1a: Dragapult
|-damage|p1a: Dragapult|14/100
|
|upkeep
|turn|2
|
|switch|p2a: Toxapex|Toxapex, M|100/100
|move|p1a: Dragapult|Shadow Ball|p2a: Toxapex
|-damage|p2a: Toxapex|63/100
|-unboost|p2a: Toxapex|spd|1
|-damage|p1a: Dragapult|5/100|[from] item: Life Orb
|
|-heal|p2a: Toxapex|70/100|[from] item: Black Sludge
|upkeep
|turn|3
|
|move|p1a: Dragapult|Thunder|p2a: Toxapex
|-supereffective|p2a: Toxapex
|-damage|p2a: Toxapex|0 fnt
|-damage|p1a: Dragapult|0 fnt|[from] item: Life Orb
|faint|p2a: Toxapex
|faint|p1a: Dragapult
|
|upkeep
|
|switch|p1a: Excadrill|Excadrill, F|100/100
|switch|p2a: Corviknight|Corviknight, M|100/100
|-ability|p1a: Excadrill|Mold Breaker
|-ability|p2a: Corviknight|Pressure
|turn|4
|
|move|p1a: Excadrill|Stealth Rock|p2a: Corviknight
|-sidestart|p2: lgkh02|move: Stealth Rock
|move|p2a: Corviknight|Substitute|p2a: Corviknight
|-start|p2a: Corviknight|Substitute
|-damage|p2a: Corviknight|76/100
|
|-heal|p2a: Corviknight|82/100|[from] item: Leftovers
|upkeep
|turn|5
|
|switch|p1a: Sigilyph|Sigilyph, M|100/100
|move|p2a: Corviknight|Bulk Up|p2a: Corviknight
|-boost|p2a: Corviknight|atk|1
|-boost|p2a: Corviknight|def|1
|
|-heal|p2a: Corviknight|88/100|[from] item: Leftovers
|upkeep
|turn|6
|
|move|p2a: Corviknight|Brave Bird|p1a: Sigilyph
|-damage|p1a: Sigilyph|32/100
|-damage|p2a: Corviknight|72/100|[from] Recoil
|move|p1a: Sigilyph|Cosmic Power|p1a: Sigilyph
|-boost|p1a: Sigilyph|def|1
|-boost|p1a: Sigilyph|spd|1
|
|-heal|p2a: Corviknight|78/100|[from] item: Leftovers
|-heal|p1a: Sigilyph|38/100|[from] item: Leftovers
|upkeep
|turn|7
|
|move|p2a: Corviknight|Brave Bird|p1a: Sigilyph
|-damage|p1a: Sigilyph|0 fnt
|-damage|p2a: Corviknight|69/100|[from] Recoil
|faint|p1a: Sigilyph
|
|-heal|p2a: Corviknight|75/100|[from] item: Leftovers
|upkeep
|
|switch|p1a: Conkeldurr|Conkeldurr, M|100/100
|turn|8
|
|move|p1a: Conkeldurr|Mach Punch|p2a: Corviknight
|-activate|p2a: Corviknight|move: Substitute|[damage]
|move|p2a: Corviknight|Brave Bird|p1a: Conkeldurr
|-supereffective|p1a: Conkeldurr
|-crit|p1a: Conkeldurr
|-damage|p1a: Conkeldurr|0 fnt
|-damage|p2a: Corviknight|41/100|[from] Recoil
|faint|p1a: Conkeldurr
|
|-heal|p2a: Corviknight|47/100|[from] item: Leftovers
|upkeep
|
|switch|p1a: Dragon Slayer|Weavile, M|100/100
|turn|9
|
|move|p1a: Dragon Slayer|Icicle Crash|p2a: Corviknight
|-end|p2a: Corviknight|Substitute
|move|p2a: Corviknight|Brave Bird|p1a: Dragon Slayer
|-crit|p1a: Dragon Slayer
|-damage|p1a: Dragon Slayer|0 fnt
|-damage|p2a: Corviknight|23/100|[from] Recoil
|faint|p1a: Dragon Slayer
|
|-heal|p2a: Corviknight|29/100|[from] item: Leftovers
|upkeep
|
|switch|p1a: Polteageist|Polteageist|100/100
|turn|10
|
|move|p2a: Corviknight|Roost|p2a: Corviknight
|-heal|p2a: Corviknight|79/100
|-singleturn|p2a: Corviknight|move: Roost
|move|p1a: Polteageist|Shell Smash|p1a: Polteageist
|-unboost|p1a: Polteageist|def|1
|-unboost|p1a: Polteageist|spd|1
|-boost|p1a: Polteageist|atk|2
|-boost|p1a: Polteageist|spa|2
|-boost|p1a: Polteageist|spe|2
|
|-heal|p2a: Corviknight|85/100|[from] item: Leftovers
|upkeep
|turn|11
|
|move|p1a: Polteageist|Shell Smash|p1a: Polteageist
|-unboost|p1a: Polteageist|def|1
|-unboost|p1a: Polteageist|spd|1
|-boost|p1a: Polteageist|atk|2
|-boost|p1a: Polteageist|spa|2
|-boost|p1a: Polteageist|spe|2
|move|p2a: Corviknight|Brave Bird|p1a: Polteageist
|-enditem|p1a: Polteageist|Focus Sash
|-damage|p1a: Polteageist|1/100
|-ability|p1a: Polteageist|Weak Armor|boost
|-unboost|p1a: Polteageist|def|1
|-boost|p1a: Polteageist|spe|2
|-damage|p2a: Corviknight|64/100|[from] Recoil
|
|-heal|p2a: Corviknight|70/100|[from] item: Leftovers
|upkeep
|turn|12
|
|move|p1a: Polteageist|Shadow Ball|p2a: Corviknight
|-damage|p2a: Corviknight|0 fnt
|faint|p2a: Corviknight
|
|upkeep
|
|switch|p2a: Clefable|Clefable, M|100/100
|turn|13
|
|move|p1a: Polteageist|Stored Power|p2a: Clefable
|-damage|p2a: Clefable|0 fnt
|faint|p2a: Clefable
|
|upkeep
|c|☆EarthBoundFan3|300 power
|
|switch|p2a: Conkeldurr|Conkeldurr, F|100/100
|-damage|p2a: Conkeldurr|94/100|[from] Stealth Rock
|turn|14
|c|☆lgkh02|fucjk
|
|move|p1a: Polteageist|Stored Power|p2a: Conkeldurr
|-supereffective|p2a: Conkeldurr
|-damage|p2a: Conkeldurr|0 fnt
|faint|p2a: Conkeldurr
|
|upkeep
|
|switch|p2a: Dragapult|Dragapult, M|100/100
|-damage|p2a: Dragapult|88/100|[from] Stealth Rock
|turn|15
|
|move|p1a: Polteageist|Shadow Ball|p2a: Dragapult
|-supereffective|p2a: Dragapult
|-damage|p2a: Dragapult|0 fnt
|faint|p2a: Dragapult
|
|upkeep
|
|switch|p2a: Excadrill|Excadrill, F|1/100
|-damage|p2a: Excadrill|0 fnt|[from] Stealth Rock
|faint|p2a: Excadrill
|
|win|EarthBoundFan3
|l|☆lgkh02
