|ScrapeTime|2020-01-01-17:58:41
|j|☆Arcanine Gang
|j|‽Linkart567
|inactive|Battle timer is ON: inactive players will automatically lose when time's up.
|player|p1|Arcanine Gang|teamrocket|
|player|p2|Linkart567|harlequin|
|teamsize|p1|6
|teamsize|p2|6
|gametype|singles
|gen|8
|tier|[Gen 8] OU
|rated|Tournament battle
|rule|Sleep Clause Mod: Limit one foe put to sleep
|rule|Species Clause: Limit one of each Pokémon
|rule|OHKO Clause: OHKO moves are banned
|rule|Evasion Moves Clause: Evasion moves are banned
|rule|Endless Battle Clause: Forcing endless battles is banned
|rule|HP Percentage Mod: HP is shown in percentages
|clearpoke
|poke|p1|Arcanine, F|
|poke|p1|Mandibuzz, F|
|poke|p1|Toxapex, F|
|poke|p1|Seismitoad, M|
|poke|p1|Roserade, F|
|poke|p1|Runerigus, F|
|poke|p2|Hydreigon, M|
|poke|p2|Conkeldurr, M|
|poke|p2|Rotom-Heat|
|poke|p2|Sylveon, F|
|poke|p2|Corviknight, M|
|poke|p2|Seismitoad, M|
|rule|Dynamax Clause: You cannot dynamax
|teampreview
|
|start
|switch|p1a: Roserade|Roserade, F|100/100
|switch|p2a: Corviknight|Corviknight, M|100/100
|turn|1
|
|move|p1a: Roserade|Sleep Powder|p2a: Corviknight
|-status|p2a: Corviknight|slp|[from] move: Sleep Powder
|cant|p2a: Corviknight|slp
|
|upkeep
|turn|2
|
|move|p1a: Roserade|Spikes|p2a: Corviknight
|-sidestart|p2: Linkart567|Spikes
|cant|p2a: Corviknight|slp
|
|upkeep
|turn|3
|
|switch|p1a: Toxapex|Toxapex, F|100/100
|-curestatus|p2a: Corviknight|slp|[msg]
|move|p2a: Corviknight|Taunt|p1a: Toxapex
|-start|p1a: Toxapex|move: Taunt
|
|upkeep
|turn|4
|
|move|p2a: Corviknight|Defog|p1a: Toxapex
|-unboost|p1a: Toxapex|evasion|1
|-sideend|p2: Linkart567|Spikes|[from] move: Defog|[of] p2a: Corviknight
|move|p1a: Toxapex|Scald|p2a: Corviknight
|-damage|p2a: Corviknight|85/100
|-status|p2a: Corviknight|brn
|
|-heal|p2a: Corviknight|91/100 brn|[from] item: Leftovers
|-damage|p2a: Corviknight|85/100 brn|[from] brn
|upkeep
|turn|5
|
|switch|p1a: Mandibuzz|Mandibuzz, F|100/100
|move|p2a: Corviknight|U-turn|p1a: Mandibuzz
|-damage|p1a: Mandibuzz|96/100
|
|switch|p2a: Rotom|Rotom-Heat, shiny|100/100|[from]move: U-turn
|
|upkeep
|turn|6
|
|switch|p1a: Seismitoad|Seismitoad, M|100/100
|move|p2a: Rotom|Will-O-Wisp|p1a: Seismitoad|[miss]
|-miss|p2a: Rotom|p1a: Seismitoad
|
|upkeep
|turn|7
|
|switch|p2a: Corviknight|Corviknight, M|85/100 brn
|move|p1a: Seismitoad|Toxic||[still]
|-fail|p1a: Seismitoad
|
|-heal|p2a: Corviknight|91/100 brn|[from] item: Leftovers
|-damage|p2a: Corviknight|85/100 brn|[from] brn
|upkeep
|turn|8
|
|move|p1a: Seismitoad|Stealth Rock|p2a: Corviknight
|-sidestart|p2: Linkart567|move: Stealth Rock
|move|p2a: Corviknight|U-turn|p1a: Seismitoad
|-damage|p1a: Seismitoad|95/100
|
|switch|p2a: Hydreigon|Hydreigon, M|100/100|[from]move: U-turn
|-damage|p2a: Hydreigon|88/100|[from] Stealth Rock
|
|-heal|p2a: Hydreigon|94/100|[from] item: Leftovers
|-heal|p1a: Seismitoad|100/100|[from] item: Leftovers
|upkeep
|turn|9
|
|switch|p1a: Arcanine|Arcanine, F|100/100
|-ability|p1a: Arcanine|Intimidate|boost
|-unboost|p2a: Hydreigon|atk|1
|move|p2a: Hydreigon|Substitute|p2a: Hydreigon
|-start|p2a: Hydreigon|Substitute
|-damage|p2a: Hydreigon|69/100
|
|-heal|p2a: Hydreigon|76/100|[from] item: Leftovers
|upkeep
|turn|10
|
|move|p2a: Hydreigon|Nasty Plot|p2a: Hydreigon
|-boost|p2a: Hydreigon|spa|2
|move|p1a: Arcanine|Play Rough|p2a: Hydreigon
|-supereffective|p2a: Hydreigon
|-end|p2a: Hydreigon|Substitute
|
|-heal|p2a: Hydreigon|82/100|[from] item: Leftovers
|upkeep
|turn|11
|
|switch|p2a: Seismitoad|Seismitoad, M|100/100
|-damage|p2a: Seismitoad|94/100|[from] Stealth Rock
|move|p1a: Arcanine|Play Rough|p2a: Seismitoad|[miss]
|-miss|p1a: Arcanine|p2a: Seismitoad
|
|-heal|p2a: Seismitoad|100/100|[from] item: Leftovers
|upkeep
|turn|12
|
|switch|p1a: Roserade|Roserade, F|100/100
|move|p2a: Seismitoad|Stealth Rock|p1a: Roserade
|-sidestart|p1: Arcanine Gang|move: Stealth Rock
|
|upkeep
|turn|13
|
|switch|p2a: Corviknight|Corviknight, M|85/100 brn
|-damage|p2a: Corviknight|73/100 brn|[from] Stealth Rock
|move|p1a: Roserade|Spikes|p2a: Corviknight
|-sidestart|p2: Linkart567|Spikes
|
|-heal|p2a: Corviknight|79/100 brn|[from] item: Leftovers
|-damage|p2a: Corviknight|73/100 brn|[from] brn
|upkeep
|turn|14
|
|switch|p1a: Mandibuzz|Mandibuzz, F|96/100
|move|p2a: Corviknight|Defog|p1a: Mandibuzz
|-unboost|p1a: Mandibuzz|evasion|1
|-sideend|p1: Arcanine Gang|Stealth Rock|[from] move: Defog|[of] p2a: Corviknight
|-sideend|p2: Linkart567|Spikes|[from] move: Defog|[of] p2a: Corviknight
|-sideend|p2: Linkart567|Stealth Rock|[from] move: Defog|[of] p2a: Corviknight
|
|-heal|p2a: Corviknight|79/100 brn|[from] item: Leftovers
|-damage|p2a: Corviknight|73/100 brn|[from] brn
|upkeep
|turn|15
|
|move|p1a: Mandibuzz|Foul Play|p2a: Corviknight
|-damage|p2a: Corviknight|53/100 brn
|move|p2a: Corviknight|U-turn|p1a: Mandibuzz
|-damage|p1a: Mandibuzz|93/100
|
|switch|p2a: Rotom|Rotom-Heat, shiny|100/100|[from]move: U-turn
|
|upkeep
|turn|16
|
|switch|p1a: Arcanine|Arcanine, F|100/100
|-ability|p1a: Arcanine|Intimidate|boost
|-unboost|p2a: Rotom|atk|1
|move|p2a: Rotom|Will-O-Wisp|p1a: Arcanine
|-immune|p1a: Arcanine
|
|upkeep
|turn|17
|
|move|p1a: Arcanine|Flare Blitz|p2a: Rotom
|-resisted|p2a: Rotom
|-damage|p2a: Rotom|82/100
|-damage|p1a: Arcanine|96/100|[from] Recoil
|move|p2a: Rotom|Will-O-Wisp|p1a: Arcanine
|-immune|p1a: Arcanine
|
|-heal|p2a: Rotom|88/100|[from] item: Leftovers
|upkeep
|turn|18
|
|move|p1a: Arcanine|Flare Blitz|p2a: Rotom
|-resisted|p2a: Rotom
|-damage|p2a: Rotom|69/100
|-damage|p1a: Arcanine|91/100|[from] Recoil
|move|p2a: Rotom|Volt Switch|p1a: Arcanine
|-damage|p1a: Arcanine|72/100
|
|switch|p2a: Seismitoad|Seismitoad, M|100/100|[from]move: Volt Switch
|
|upkeep
|turn|19
|
|switch|p1a: Seismitoad|Seismitoad, M|100/100
|move|p2a: Seismitoad|Stealth Rock|p1a: Seismitoad
|-sidestart|p1: Arcanine Gang|move: Stealth Rock
|
|upkeep
|turn|20
|
|switch|p2a: Hydreigon|Hydreigon, M|82/100
|move|p1a: Seismitoad|Toxic|p2a: Hydreigon
|-status|p2a: Hydreigon|tox
|
|-heal|p2a: Hydreigon|88/100 tox|[from] item: Leftovers
|-damage|p2a: Hydreigon|82/100 tox|[from] psn
|upkeep
|turn|21
|
|move|p2a: Hydreigon|Dark Pulse|p1a: Seismitoad
|-damage|p1a: Seismitoad|56/100
|move|p1a: Seismitoad|Stealth Rock|p2a: Hydreigon
|-sidestart|p2: Linkart567|move: Stealth Rock
|
|-heal|p2a: Hydreigon|88/100 tox|[from] item: Leftovers
|-heal|p1a: Seismitoad|62/100|[from] item: Leftovers
|-damage|p2a: Hydreigon|76/100 tox|[from] psn
|upkeep
|turn|22
|
|move|p1a: Seismitoad|Protect|p1a: Seismitoad
|-singleturn|p1a: Seismitoad|Protect
|move|p2a: Hydreigon|Dark Pulse|p1a: Seismitoad
|-activate|p1a: Seismitoad|move: Protect
|
|-heal|p2a: Hydreigon|82/100 tox|[from] item: Leftovers
|-heal|p1a: Seismitoad|68/100|[from] item: Leftovers
|-damage|p2a: Hydreigon|63/100 tox|[from] psn
|upkeep
|turn|23
|
|switch|p1a: Toxapex|Toxapex, F|100/100
|-damage|p1a: Toxapex|88/100|[from] Stealth Rock
|move|p2a: Hydreigon|Nasty Plot|p2a: Hydreigon
|-boost|p2a: Hydreigon|spa|2
|
|-heal|p2a: Hydreigon|69/100 tox|[from] item: Leftovers
|-heal|p1a: Toxapex|94/100|[from] item: Black Sludge
|-damage|p2a: Hydreigon|45/100 tox|[from] psn
|upkeep
|turn|24
|
|move|p2a: Hydreigon|Dark Pulse|p1a: Toxapex
|-damage|p1a: Toxapex|45/100
|cant|p1a: Toxapex|flinch
|
|-heal|p2a: Hydreigon|51/100 tox|[from] item: Leftovers
|-heal|p1a: Toxapex|51/100|[from] item: Black Sludge
|-damage|p2a: Hydreigon|20/100 tox|[from] psn
|upkeep
|turn|25
|
|switch|p1a: Mandibuzz|Mandibuzz, F|93/100
|move|p2a: Hydreigon|Dark Pulse|p1a: Mandibuzz
|-resisted|p1a: Mandibuzz
|-damage|p1a: Mandibuzz|58/100
|
|-heal|p2a: Hydreigon|26/100 tox|[from] item: Leftovers
|-damage|p2a: Hydreigon|0 fnt|[from] psn
|faint|p2a: Hydreigon
|upkeep
|
|switch|p2a: Corviknight|Corviknight, M|53/100 brn
|-damage|p2a: Corviknight|41/100 brn|[from] Stealth Rock
|turn|26
|
|move|p1a: Mandibuzz|Roost|p1a: Mandibuzz
|-heal|p1a: Mandibuzz|100/100
|-singleturn|p1a: Mandibuzz|move: Roost
|move|p2a: Corviknight|Defog|p1a: Mandibuzz
|-unboost|p1a: Mandibuzz|evasion|1
|-sideend|p1: Arcanine Gang|Stealth Rock|[from] move: Defog|[of] p2a: Corviknight
|-sideend|p2: Linkart567|Stealth Rock|[from] move: Defog|[of] p2a: Corviknight
|
|-heal|p2a: Corviknight|47/100 brn|[from] item: Leftovers
|-damage|p2a: Corviknight|41/100 brn|[from] brn
|upkeep
|turn|27
|
|move|p1a: Mandibuzz|U-turn|p2a: Corviknight
|-resisted|p2a: Corviknight
|-damage|p2a: Corviknight|39/100 brn
|
|switch|p1a: Toxapex|Toxapex, F|84/100|[from]move: U-turn
|move|p2a: Corviknight|U-turn|p1a: Toxapex
|-resisted|p1a: Toxapex
|-damage|p1a: Toxapex|81/100
|
|switch|p2a: Seismitoad|Seismitoad, M|100/100|[from]move: U-turn
|
|-heal|p1a: Toxapex|88/100|[from] item: Black Sludge
|upkeep
|turn|28
|
|switch|p1a: Roserade|Roserade, F|100/100
|move|p2a: Seismitoad|Stealth Rock|p1a: Roserade
|-sidestart|p1: Arcanine Gang|move: Stealth Rock
|
|upkeep
|turn|29
|j| Low Ladder Skills
|c|☆Arcanine Gang|scouting smh
|inactive|Linkart567 has 120 seconds left.
|
|switch|p2a: Corviknight|Corviknight, M|39/100 brn
|move|p1a: Roserade|Spikes|p2a: Corviknight
|-sidestart|p2: Linkart567|Spikes
|
|-heal|p2a: Corviknight|45/100 brn|[from] item: Leftovers
|-damage|p2a: Corviknight|39/100 brn|[from] brn
|upkeep
|turn|30
|
|move|p1a: Roserade|Leaf Storm|p2a: Corviknight
|-resisted|p2a: Corviknight
|-damage|p2a: Corviknight|18/100 brn
|-unboost|p1a: Roserade|spa|2
|-damage|p1a: Roserade|91/100|[from] item: Life Orb
|move|p2a: Corviknight|U-turn|p1a: Roserade
|-damage|p1a: Roserade|78/100
|
|switch|p2a: Conkeldurr|Conkeldurr, M, shiny|100/100|[from]move: U-turn
|-damage|p2a: Conkeldurr|88/100|[from] Spikes
|
|-status|p2a: Conkeldurr|brn|[from] item: Flame Orb
|upkeep
|turn|31
|
|switch|p1a: Runerigus|Runerigus, F|100/100
|-damage|p1a: Runerigus|95/100|[from] Stealth Rock
|-item|p1a: Runerigus|Air Balloon
|move|p2a: Conkeldurr|Facade|p1a: Runerigus
|-immune|p1a: Runerigus
|
|-damage|p2a: Conkeldurr|82/100 brn|[from] brn
|upkeep
|turn|32
|inactive|Linkart567 has 120 seconds left.
|
|switch|p2a: Rotom|Rotom-Heat, shiny|69/100
|move|p1a: Runerigus|Shadow Claw|p2a: Rotom
|-crit|p2a: Rotom
|-damage|p2a: Rotom|41/100
|
|-heal|p2a: Rotom|47/100|[from] item: Leftovers
|upkeep
|turn|33
|
|switch|p1a: Seismitoad|Seismitoad, M|68/100
|-damage|p1a: Seismitoad|62/100|[from] Stealth Rock
|move|p2a: Rotom|Will-O-Wisp|p1a: Seismitoad
|-status|p1a: Seismitoad|brn
|
|-heal|p2a: Rotom|53/100|[from] item: Leftovers
|-heal|p1a: Seismitoad|68/100 brn|[from] item: Leftovers
|-damage|p1a: Seismitoad|62/100 brn|[from] brn
|upkeep
|turn|34
|
|switch|p2a: Conkeldurr|Conkeldurr, M, shiny|82/100 brn
|-damage|p2a: Conkeldurr|70/100 brn|[from] Spikes
|move|p1a: Seismitoad|Stealth Rock|p2a: Conkeldurr
|-sidestart|p2: Linkart567|move: Stealth Rock
|
|-heal|p1a: Seismitoad|68/100 brn|[from] item: Leftovers
|-damage|p1a: Seismitoad|62/100 brn|[from] brn
|-damage|p2a: Conkeldurr|64/100 brn|[from] brn
|upkeep
|turn|35
|
|switch|p2a: Corviknight|Corviknight, M|18/100 brn
|-damage|p2a: Corviknight|5/100 brn|[from] Stealth Rock
|move|p1a: Seismitoad|Protect||[still]
|-fail|p1a: Seismitoad
|
|-heal|p1a: Seismitoad|68/100 brn|[from] item: Leftovers
|-heal|p2a: Corviknight|12/100 brn|[from] item: Leftovers
|-damage|p1a: Seismitoad|62/100 brn|[from] brn
|-damage|p2a: Corviknight|5/100 brn|[from] brn
|upkeep
|turn|36
|-message|Linkart567 forfeited.
|
|win|Arcanine Gang
|l|‽Linkart567
