|ScrapeTime|2020-01-02-05:44:40
|j|☆StevennMae
|j|☆Nekron01
|player|p1|StevennMae|hilda-dueldisk|1119
|player|p2|Nekron01|1|1149
|teamsize|p1|6
|teamsize|p2|6
|gametype|singles
|gen|8
|tier|[Gen 8] OU
|rated|
|rule|Sleep Clause Mod: Limit one foe put to sleep
|rule|Species Clause: Limit one of each Pokémon
|rule|OHKO Clause: OHKO moves are banned
|rule|Evasion Moves Clause: Evasion moves are banned
|rule|Endless Battle Clause: Forcing endless battles is banned
|rule|HP Percentage Mod: HP is shown in percentages
|clearpoke
|poke|p1|Corsola-Galar, M|
|poke|p1|Pangoro, F|
|poke|p1|Bronzong|
|poke|p1|Salazzle, F|
|poke|p1|Whimsicott, M|
|poke|p1|Rotom-Wash|
|poke|p2|Cramorant, F|
|poke|p2|Eiscue, F|
|poke|p2|Sirfetch'd, M|
|poke|p2|Toxtricity, F|
|poke|p2|Indeedee, M|
|poke|p2|Appletun, M|
|rule|Dynamax Clause: You cannot dynamax
|teampreview
|
|start
|switch|p1a: Rotom|Rotom-Wash|100/100
|switch|p2a: Cramorant|Cramorant, F|100/100
|turn|1
|
|switch|p2a: Appletun|Appletun, M|100/100
|move|p1a: Rotom|Volt Switch|p2a: Appletun
|-resisted|p2a: Appletun
|-damage|p2a: Appletun|93/100
|
|switch|p1a: Corsola|Corsola-Galar, M|100/100|[from]move: Volt Switch
|
|upkeep
|turn|2
|
|move|p1a: Corsola|Will-O-Wisp|p2a: Appletun
|-status|p2a: Appletun|brn
|move|p2a: Appletun|Apple Acid|p1a: Corsola
|-damage|p1a: Corsola|81/100
|-unboost|p1a: Corsola|spd|1
|
|-damage|p2a: Appletun|87/100 brn|[from] brn
|upkeep
|turn|3
|
|move|p1a: Corsola|Strength Sap|p2a: Appletun
|-unboost|p2a: Appletun|atk|1
|-heal|p1a: Corsola|100/100
|move|p2a: Appletun|Apple Acid|p1a: Corsola
|-damage|p1a: Corsola|72/100
|-start|p2a: Appletun|Disable|Apple Acid|[from] ability: Cursed Body|[of] p1a: Corsola
|-unboost|p1a: Corsola|spd|1
|
|-damage|p2a: Appletun|80/100 brn|[from] brn
|upkeep
|turn|4
|
|move|p2a: Appletun|Dragon Pulse|p1a: Corsola
|-damage|p1a: Corsola|30/100
|move|p1a: Corsola|Whirlpool|p2a: Appletun
|-resisted|p2a: Appletun
|-damage|p2a: Appletun|79/100 brn
|-activate|p2a: Appletun|move: Whirlpool|[of] p1a: Corsola
|
|-damage|p2a: Appletun|73/100 brn|[from] brn
|-damage|p2a: Appletun|60/100 brn|[from] move: Whirlpool|[partiallytrapped]
|upkeep
|turn|5
|
|switch|p1a: Whimsicott|Whimsicott, M|100/100
|move|p2a: Appletun|Iron Defense|p2a: Appletun
|-boost|p2a: Appletun|def|2
|
|-damage|p2a: Appletun|54/100 brn|[from] brn
|-end|p2a: Appletun|Whirlpool|[partiallytrapped]|[silent]
|upkeep
|turn|6
|
|move|p1a: Whimsicott|Moonblast|p2a: Appletun
|-supereffective|p2a: Appletun
|-damage|p2a: Appletun|0 fnt
|faint|p2a: Appletun
|
|upkeep
|
|switch|p2a: Indeedee|Indeedee, M|100/100
|-fieldstart|move: Psychic Terrain|[from] ability: Psychic Surge|[of] p2a: Indeedee
|turn|7
|
|switch|p1a: Rotom|Rotom-Wash|100/100
|move|p2a: Indeedee|Mystical Fire|p1a: Rotom
|-resisted|p1a: Rotom
|-damage|p1a: Rotom|89/100
|-unboost|p1a: Rotom|spa|1
|
|-heal|p1a: Rotom|95/100|[from] item: Leftovers
|upkeep
|turn|8
|
|move|p2a: Indeedee|Mystical Fire|p1a: Rotom
|-resisted|p1a: Rotom
|-damage|p1a: Rotom|83/100
|-unboost|p1a: Rotom|spa|1
|move|p1a: Rotom|Thunder Wave|p2a: Indeedee
|-status|p2a: Indeedee|par
|
|-heal|p1a: Rotom|89/100|[from] item: Leftovers
|upkeep
|turn|9
|
|switch|p2a: Toxtricity|Toxtricity, F|100/100
|move|p1a: Rotom|Hydro Pump|p2a: Toxtricity
|-damage|p2a: Toxtricity|58/100
|
|-heal|p1a: Rotom|96/100|[from] item: Leftovers
|upkeep
|turn|10
|
|move|p2a: Toxtricity|Overdrive|p1a: Rotom
|-damage|p1a: Rotom|14/100
|move|p1a: Rotom|Volt Switch|p2a: Toxtricity
|-resisted|p2a: Toxtricity
|-damage|p2a: Toxtricity|46/100
|
|switch|p1a: Bronzong|Bronzong|100/100|[from]move: Volt Switch
|
|upkeep
|turn|11
|
|move|p2a: Toxtricity|Overdrive|p1a: Bronzong
|-damage|p1a: Bronzong|55/100
|move|p1a: Bronzong|Earthquake|p2a: Toxtricity
|-supereffective|p2a: Toxtricity
|-damage|p2a: Toxtricity|0 fnt
|faint|p2a: Toxtricity
|
|-heal|p1a: Bronzong|61/100|[from] item: Leftovers
|-fieldend|move: Psychic Terrain
|upkeep
|
|switch|p2a: Eiscue|Eiscue, F|100/100
|turn|12
|
|move|p2a: Eiscue|Belly Drum|p2a: Eiscue
|-damage|p2a: Eiscue|51/100
|-setboost|p2a: Eiscue|atk|6|[from] move: Belly Drum
|move|p1a: Bronzong|Stealth Rock|p2a: Eiscue
|-sidestart|p2: Nekron01|move: Stealth Rock
|
|-heal|p1a: Bronzong|68/100|[from] item: Leftovers
|upkeep
|turn|13
|
|switch|p1a: Corsola|Corsola-Galar, M|30/100
|move|p2a: Eiscue|Liquidation|p1a: Corsola
|-damage|p1a: Corsola|0 fnt
|faint|p1a: Corsola
|
|upkeep
|
|switch|p1a: Salazzle|Salazzle, F|100/100
|turn|14
|
|switch|p2a: Cramorant|Cramorant, F|100/100
|-damage|p2a: Cramorant|75/100|[from] Stealth Rock
|move|p1a: Salazzle|Flamethrower|p2a: Cramorant
|-resisted|p2a: Cramorant
|-damage|p2a: Cramorant|61/100
|
|-heal|p2a: Cramorant|67/100|[from] item: Leftovers
|upkeep
|turn|15
|
|switch|p1a: Bronzong|Bronzong|68/100
|move|p2a: Cramorant|Defog|p1a: Bronzong
|-unboost|p1a: Bronzong|evasion|1
|-sideend|p2: Nekron01|Stealth Rock|[from] move: Defog|[of] p2a: Cramorant
|
|-heal|p2a: Cramorant|73/100|[from] item: Leftovers
|-heal|p1a: Bronzong|74/100|[from] item: Leftovers
|upkeep
|turn|16
|
|move|p2a: Cramorant|Stockpile|p2a: Cramorant
|-start|p2a: Cramorant|stockpile1
|-boost|p2a: Cramorant|def|1
|-boost|p2a: Cramorant|spd|1
|move|p1a: Bronzong|Iron Head|p2a: Cramorant
|-resisted|p2a: Cramorant
|-damage|p2a: Cramorant|60/100
|
|-heal|p2a: Cramorant|66/100|[from] item: Leftovers
|-heal|p1a: Bronzong|80/100|[from] item: Leftovers
|upkeep
|turn|17
|
|move|p2a: Cramorant|Stockpile|p2a: Cramorant
|-start|p2a: Cramorant|stockpile2
|-boost|p2a: Cramorant|def|1
|-boost|p2a: Cramorant|spd|1
|move|p1a: Bronzong|Stealth Rock|p2a: Cramorant
|-sidestart|p2: Nekron01|move: Stealth Rock
|
|-heal|p2a: Cramorant|72/100|[from] item: Leftovers
|-heal|p1a: Bronzong|86/100|[from] item: Leftovers
|upkeep
|turn|18
|
|switch|p1a: Rotom|Rotom-Wash|14/100
|move|p2a: Cramorant|Defog|p1a: Rotom
|-unboost|p1a: Rotom|evasion|1
|-sideend|p2: Nekron01|Stealth Rock|[from] move: Defog|[of] p2a: Cramorant
|
|-heal|p1a: Rotom|20/100|[from] item: Leftovers
|-heal|p2a: Cramorant|78/100|[from] item: Leftovers
|upkeep
|turn|19
|
|move|p1a: Rotom|Volt Switch|p2a: Cramorant
|-supereffective|p2a: Cramorant
|-damage|p2a: Cramorant|25/100
|
|switch|p1a: Bronzong|Bronzong|86/100|[from]move: Volt Switch
|move|p2a: Cramorant|Surf|p1a: Bronzong
|-damage|p1a: Bronzong|68/100
|-formechange|p2a: Cramorant|Cramorant-Gorging|
|
|-heal|p2a: Cramorant|31/100|[from] item: Leftovers
|-heal|p1a: Bronzong|74/100|[from] item: Leftovers
|upkeep
|turn|20
|
|move|p2a: Cramorant|Roost|p2a: Cramorant
|-heal|p2a: Cramorant|81/100
|-singleturn|p2a: Cramorant|move: Roost
|move|p1a: Bronzong|Iron Head|p2a: Cramorant
|-resisted|p2a: Cramorant
|-formechange|p2a: Cramorant|Cramorant|
|-damage|p1a: Bronzong|49/100|[from] ability: Gulp Missile|[of] p2a: Cramorant
|-status|p1a: Bronzong|par
|-damage|p2a: Cramorant|70/100
|
|-heal|p2a: Cramorant|76/100|[from] item: Leftovers
|-heal|p1a: Bronzong|55/100 par|[from] item: Leftovers
|upkeep
|turn|21
|
|move|p2a: Cramorant|Surf|p1a: Bronzong
|-damage|p1a: Bronzong|37/100 par
|-formechange|p2a: Cramorant|Cramorant-Gulping|
|move|p1a: Bronzong|Stealth Rock|p2a: Cramorant
|-sidestart|p2: Nekron01|move: Stealth Rock
|
|-heal|p2a: Cramorant|82/100|[from] item: Leftovers
|-heal|p1a: Bronzong|43/100 par|[from] item: Leftovers
|upkeep
|turn|22
|
|move|p2a: Cramorant|Surf|p1a: Bronzong
|-damage|p1a: Bronzong|25/100 par
|move|p1a: Bronzong|Iron Head|p2a: Cramorant
|-resisted|p2a: Cramorant
|-formechange|p2a: Cramorant|Cramorant|
|-damage|p1a: Bronzong|0 fnt|[from] ability: Gulp Missile|[of] p2a: Cramorant
|-damage|p2a: Cramorant|72/100
|faint|p1a: Bronzong
|
|-heal|p2a: Cramorant|78/100|[from] item: Leftovers
|upkeep
|
|switch|p1a: Whimsicott|Whimsicott, M|100/100
|turn|23
|
|move|p1a: Whimsicott|Energy Ball|p2a: Cramorant
|-damage|p2a: Cramorant|60/100
|move|p2a: Cramorant|Surf|p1a: Whimsicott
|-resisted|p1a: Whimsicott
|-damage|p1a: Whimsicott|76/100
|-formechange|p2a: Cramorant|Cramorant-Gulping|
|
|-heal|p2a: Cramorant|66/100|[from] item: Leftovers
|upkeep
|turn|24
|
|switch|p1a: Rotom|Rotom-Wash|20/100
|move|p2a: Cramorant|Surf|p1a: Rotom
|-resisted|p1a: Rotom
|-damage|p1a: Rotom|4/100
|
|-heal|p1a: Rotom|11/100|[from] item: Leftovers
|-heal|p2a: Cramorant|72/100|[from] item: Leftovers
|upkeep
|turn|25
|
|move|p1a: Rotom|Volt Switch|p2a: Cramorant
|-supereffective|p2a: Cramorant
|-formechange|p2a: Cramorant|Cramorant|
|-damage|p1a: Rotom|0 fnt|[from] ability: Gulp Missile|[of] p2a: Cramorant
|-damage|p2a: Cramorant|19/100
|faint|p1a: Rotom
|move|p2a: Cramorant|Roost|p2a: Cramorant
|-heal|p2a: Cramorant|69/100
|-singleturn|p2a: Cramorant|move: Roost
|
|-heal|p2a: Cramorant|75/100|[from] item: Leftovers
|upkeep
|
|switch|p1a: Salazzle|Salazzle, F|100/100
|turn|26
|
|move|p1a: Salazzle|Encore|p2a: Cramorant
|-start|p2a: Cramorant|Encore
|move|p2a: Cramorant|Roost|p2a: Cramorant
|-heal|p2a: Cramorant|100/100
|-singleturn|p2a: Cramorant|move: Roost
|
|upkeep
|turn|27
|
|move|p1a: Salazzle|Nasty Plot|p1a: Salazzle
|-boost|p1a: Salazzle|spa|2
|move|p2a: Cramorant|Roost||[still]
|-fail|p2a: Cramorant|heal
|
|upkeep
|turn|28
|
|move|p1a: Salazzle|Nasty Plot|p1a: Salazzle
|-boost|p1a: Salazzle|spa|2
|move|p2a: Cramorant|Roost||[still]
|-fail|p2a: Cramorant|heal
|
|-end|p2a: Cramorant|Encore
|upkeep
|turn|29
|
|move|p1a: Salazzle|Nasty Plot|p1a: Salazzle
|-boost|p1a: Salazzle|spa|2
|move|p2a: Cramorant|Surf|p1a: Salazzle
|-supereffective|p1a: Salazzle
|-enditem|p1a: Salazzle|Focus Sash
|-damage|p1a: Salazzle|1/100
|-formechange|p2a: Cramorant|Cramorant-Gulping|
|
|upkeep
|turn|30
|
|move|p1a: Salazzle|Sludge Wave|p2a: Cramorant
|-formechange|p2a: Cramorant|Cramorant|
|-damage|p1a: Salazzle|0 fnt|[from] ability: Gulp Missile|[of] p2a: Cramorant
|-damage|p2a: Cramorant|37/100
|faint|p1a: Salazzle
|move|p2a: Cramorant|Defog|p1: Salazzle|[notarget]
|-fail|p2a: Cramorant
|
|-heal|p2a: Cramorant|44/100|[from] item: Leftovers
|upkeep
|
|switch|p1a: Pangoro|Pangoro, F|100/100
|turn|31
|
|move|p2a: Cramorant|Roost|p2a: Cramorant
|-heal|p2a: Cramorant|94/100
|-singleturn|p2a: Cramorant|move: Roost
|move|p1a: Pangoro|Parting Shot|p2a: Cramorant
|-unboost|p2a: Cramorant|atk|1
|-unboost|p2a: Cramorant|spa|1
|
|switch|p1a: Whimsicott|Whimsicott, M|76/100|[from]move: Parting Shot
|
|-heal|p2a: Cramorant|99/100|[from] item: Leftovers
|upkeep
|turn|32
|
|move|p1a: Whimsicott|Moonblast|p2a: Cramorant
|-damage|p2a: Cramorant|79/100
|move|p2a: Cramorant|Surf|p1a: Whimsicott
|-resisted|p1a: Whimsicott
|-damage|p1a: Whimsicott|62/100
|-formechange|p2a: Cramorant|Cramorant-Gulping|
|
|-heal|p2a: Cramorant|85/100|[from] item: Leftovers
|upkeep
|turn|33
|
|switch|p1a: Pangoro|Pangoro, F|100/100
|move|p2a: Cramorant|Stockpile|p2a: Cramorant
|-start|p2a: Cramorant|stockpile3
|-boost|p2a: Cramorant|def|1
|-boost|p2a: Cramorant|spd|1
|
|-heal|p2a: Cramorant|91/100|[from] item: Leftovers
|upkeep
|turn|34
|
|move|p2a: Cramorant|Surf|p1a: Pangoro
|-damage|p1a: Pangoro|81/100
|move|p1a: Pangoro|Parting Shot|p2a: Cramorant
|-unboost|p2a: Cramorant|atk|1
|-unboost|p2a: Cramorant|spa|1
|
|switch|p1a: Whimsicott|Whimsicott, M|62/100|[from]move: Parting Shot
|
|-heal|p2a: Cramorant|98/100|[from] item: Leftovers
|upkeep
|turn|35
|
|move|p1a: Whimsicott|U-turn|p2a: Cramorant
|-resisted|p2a: Cramorant
|-formechange|p2a: Cramorant|Cramorant|
|-damage|p1a: Whimsicott|38/100|[from] ability: Gulp Missile|[of] p2a: Cramorant
|-unboost|p1a: Whimsicott|def|1
|-damage|p2a: Cramorant|94/100
|
|switch|p1a: Pangoro|Pangoro, F|81/100|[from]move: U-turn
|move|p2a: Cramorant|Defog|p1a: Pangoro
|-unboost|p1a: Pangoro|evasion|1
|-sideend|p2: Nekron01|Stealth Rock|[from] move: Defog|[of] p2a: Cramorant
|
|-heal|p2a: Cramorant|100/100|[from] item: Leftovers
|upkeep
|turn|36
|
|move|p2a: Cramorant|Surf|p1a: Pangoro
|-damage|p1a: Pangoro|65/100
|-formechange|p2a: Cramorant|Cramorant-Gulping|
|move|p1a: Pangoro|Parting Shot|p2a: Cramorant
|-unboost|p2a: Cramorant|atk|1
|-unboost|p2a: Cramorant|spa|1
|
|switch|p1a: Whimsicott|Whimsicott, M|38/100|[from]move: Parting Shot
|
|upkeep
|turn|37
|
|move|p1a: Whimsicott|Moonblast|p2a: Cramorant
|-formechange|p2a: Cramorant|Cramorant|
|-damage|p1a: Whimsicott|13/100|[from] ability: Gulp Missile|[of] p2a: Cramorant
|-unboost|p1a: Whimsicott|def|1
|-damage|p2a: Cramorant|84/100
|-unboost|p2a: Cramorant|spa|1
|move|p2a: Cramorant|Surf|p1a: Whimsicott
|-resisted|p1a: Whimsicott
|-damage|p1a: Whimsicott|5/100
|-formechange|p2a: Cramorant|Cramorant-Gulping|
|
|-heal|p2a: Cramorant|90/100|[from] item: Leftovers
|upkeep
|turn|38
|
|move|p1a: Whimsicott|Moonblast|p2a: Cramorant
|-formechange|p2a: Cramorant|Cramorant|
|-damage|p1a: Whimsicott|0 fnt|[from] ability: Gulp Missile|[of] p2a: Cramorant
|-damage|p2a: Cramorant|75/100
|faint|p1a: Whimsicott
|move|p2a: Cramorant|Surf|p1: Whimsicott|[notarget]
|-fail|p2a: Cramorant
|-formechange|p2a: Cramorant|Cramorant-Gulping|
|
|-heal|p2a: Cramorant|81/100|[from] item: Leftovers
|upkeep
|
|switch|p1a: Pangoro|Pangoro, F|65/100
|turn|39
|
|move|p2a: Cramorant|Surf|p1a: Pangoro
|-damage|p1a: Pangoro|54/100
|move|p1a: Pangoro|Bulk Up|p1a: Pangoro
|-boost|p1a: Pangoro|atk|1
|-boost|p1a: Pangoro|def|1
|
|-heal|p2a: Cramorant|87/100|[from] item: Leftovers
|upkeep
|turn|40
|
|move|p2a: Cramorant|Surf|p1a: Pangoro
|-damage|p1a: Pangoro|44/100
|move|p1a: Pangoro|Darkest Lariat|p2a: Cramorant
|-formechange|p2a: Cramorant|Cramorant|
|-damage|p1a: Pangoro|19/100|[from] ability: Gulp Missile|[of] p2a: Cramorant
|-unboost|p1a: Pangoro|def|1
|-damage|p2a: Cramorant|0 fnt
|-enditem|p1a: Pangoro|Aguav Berry|[eat]
|-heal|p1a: Pangoro|52/100|[from] item: Aguav Berry
|faint|p2a: Cramorant
|
|upkeep
|
|switch|p2a: Sirfetch'd|Sirfetch'd, M|100/100
|turn|41
|
|move|p2a: Sirfetch'd|Close Combat|p1a: Pangoro
|-supereffective|p1a: Pangoro
|-damage|p1a: Pangoro|0 fnt
|-unboost|p2a: Sirfetch'd|def|1
|-unboost|p2a: Sirfetch'd|spd|1
|faint|p1a: Pangoro
|
|win|Nekron01
|raw|StevennMae's rating: 1119 → 1096(-23 for losing)
|raw|Nekron01's rating: 1149 → 1172(+23 for winning)
|l|☆StevennMae
