|ScrapeTime|2020-01-02-03:25:12
|j|☆knexhawk
|j|☆NastyPlotGar
|player|p1|knexhawk|benga|1573
|player|p2|NastyPlotGar|battlegirl|1547
|teamsize|p1|6
|teamsize|p2|6
|gametype|singles
|gen|8
|tier|[Gen 8] OU
|rated|
|rule|Sleep Clause Mod: Limit one foe put to sleep
|rule|Species Clause: Limit one of each Pokémon
|rule|OHKO Clause: OHKO moves are banned
|rule|Evasion Moves Clause: Evasion moves are banned
|rule|Endless Battle Clause: Forcing endless battles is banned
|rule|HP Percentage Mod: HP is shown in percentages
|clearpoke
|poke|p1|Kommo-o, M|
|poke|p1|Togekiss, M|
|poke|p1|Rotom-Mow|
|poke|p1|Conkeldurr, M|
|poke|p1|Seismitoad, F|
|poke|p1|Steelix, F|
|poke|p2|Whimsicott, F|
|poke|p2|Bronzong|
|poke|p2|Jellicent, F|
|poke|p2|Rhyperior, F|
|poke|p2|Hatterene, F|
|poke|p2|Copperajah, M|
|rule|Dynamax Clause: You cannot dynamax
|teampreview
|j| mariofanas
|
|start
|switch|p1a: Will miss leaf sto|Rotom-Mow|100/100
|switch|p2a: Bronzong|Bronzong|100/100
|turn|1
|
|move|p1a: Will miss leaf sto|Trick|p2a: Bronzong
|-activate|p1a: Will miss leaf sto|move: Trick|[of] p2a: Bronzong
|-item|p2a: Bronzong|Choice Specs|[from] move: Trick
|-item|p1a: Will miss leaf sto|Life Orb|[from] move: Trick
|move|p2a: Bronzong|Stealth Rock|p1a: Will miss leaf sto
|-sidestart|p1: knexhawk|move: Stealth Rock
|
|upkeep
|turn|2
|
|switch|p2a: Whimsicott|Whimsicott, F|100/100
|move|p1a: Will miss leaf sto|Leaf Storm|p2a: Whimsicott|[miss]
|-miss|p1a: Will miss leaf sto|p2a: Whimsicott
|
|upkeep
|turn|3
|
|move|p1a: Will miss leaf sto|Trick|p2a: Whimsicott
|-activate|p1a: Will miss leaf sto|move: Trick|[of] p2a: Whimsicott
|-item|p2a: Whimsicott|Life Orb|[from] move: Trick
|-item|p1a: Will miss leaf sto|Leftovers|[from] move: Trick
|move|p2a: Whimsicott|Trick Room|p2a: Whimsicott
|-fieldstart|move: Trick Room|[of] p2a: Whimsicott
|
|upkeep
|turn|4
|
|move|p2a: Whimsicott|U-turn|p1a: Will miss leaf sto
|-supereffective|p1a: Will miss leaf sto
|-damage|p1a: Will miss leaf sto|59/100
|-damage|p2a: Whimsicott|91/100|[from] item: Life Orb
|
|switch|p2a: Bronzong|Bronzong|100/100|[from]move: U-turn
|move|p1a: Will miss leaf sto|Volt Switch|p2a: Bronzong
|-damage|p2a: Bronzong|74/100
|
|switch|p1a: Conkeldurr|Conkeldurr, M|100/100|[from]move: Volt Switch
|-damage|p1a: Conkeldurr|94/100|[from] Stealth Rock
|
|-heal|p1a: Conkeldurr|100/100|[from] item: Leftovers
|upkeep
|turn|5
|
|move|p2a: Bronzong|Gyro Ball|p1a: Conkeldurr
|-damage|p1a: Conkeldurr|81/100
|move|p1a: Conkeldurr|Defog|p2a: Bronzong
|-unboost|p2a: Bronzong|evasion|1
|-sideend|p1: knexhawk|Stealth Rock|[from] move: Defog|[of] p1a: Conkeldurr
|
|-heal|p1a: Conkeldurr|87/100|[from] item: Leftovers
|upkeep
|turn|6
|
|switch|p2a: Jellicent|Jellicent, F|100/100
|switch|p1a: Kommo-o|Kommo-o, M|100/100
|
|upkeep
|turn|7
|
|switch|p1a: Seismitoad|Seismitoad, F|100/100
|move|p2a: Jellicent|Scald|p1a: Seismitoad
|-immune|p1a: Seismitoad|[from] ability: Water Absorb
|
|-fieldend|move: Trick Room
|upkeep
|turn|8
|
|switch|p1a: Steelix|Steelix, F|100/100
|switch|p2a: Hatterene|Hatterene, F|100/100
|
|upkeep
|turn|9
|
|switch|p2a: Bronzong|Bronzong|74/100
|move|p1a: Steelix|Heavy Slam|p2a: Bronzong
|-resisted|p2a: Bronzong
|-damage|p2a: Bronzong|62/100
|
|upkeep
|turn|10
|
|switch|p1a: Togekiss|Togekiss, M|100/100
|move|p2a: Bronzong|Stealth Rock|p1a: Togekiss
|-sidestart|p1: knexhawk|move: Stealth Rock
|
|upkeep
|turn|11
|
|switch|p2a: Whimsicott|Whimsicott, F|91/100
|move|p1a: Togekiss|Nasty Plot|p1a: Togekiss
|-boost|p1a: Togekiss|spa|2
|
|upkeep
|turn|12
|
|move|p2a: Whimsicott|Encore|p1a: Togekiss
|-start|p1a: Togekiss|Encore
|move|p1a: Togekiss|Nasty Plot|p1a: Togekiss
|-boost|p1a: Togekiss|spa|2
|
|upkeep
|turn|13
|
|switch|p1a: Conkeldurr|Conkeldurr, M|87/100
|-damage|p1a: Conkeldurr|81/100|[from] Stealth Rock
|move|p2a: Whimsicott|Trick Room|p2a: Whimsicott
|-fieldstart|move: Trick Room|[of] p2a: Whimsicott
|
|-heal|p1a: Conkeldurr|87/100|[from] item: Leftovers
|upkeep
|turn|14
|
|switch|p1a: Steelix|Steelix, F|100/100
|-damage|p1a: Steelix|97/100|[from] Stealth Rock
|move|p2a: Whimsicott|U-turn|p1a: Steelix
|-resisted|p1a: Steelix
|-damage|p1a: Steelix|93/100
|-damage|p2a: Whimsicott|81/100|[from] item: Life Orb
|
|switch|p2a: Rhyperior|Rhyperior, F|100/100|[from]move: U-turn
|
|upkeep
|turn|15
|
|move|p2a: Rhyperior|Swords Dance|p2a: Rhyperior
|-boost|p2a: Rhyperior|atk|2
|move|p1a: Steelix|Earthquake|p2a: Rhyperior
|-supereffective|p2a: Rhyperior
|-damage|p2a: Rhyperior|57/100
|
|upkeep
|turn|16
|
|switch|p1a: Togekiss|Togekiss, M|100/100
|-damage|p1a: Togekiss|76/100|[from] Stealth Rock
|move|p2a: Rhyperior|Heat Crash|p1a: Togekiss
|-damage|p1a: Togekiss|0 fnt
|-damage|p2a: Rhyperior|47/100|[from] item: Life Orb
|faint|p1a: Togekiss
|
|upkeep
|
|switch|p1a: Conkeldurr|Conkeldurr, M|87/100
|-damage|p1a: Conkeldurr|81/100|[from] Stealth Rock
|turn|17
|l| mariofanas
|
|move|p2a: Rhyperior|Earthquake|p1a: Conkeldurr
|-damage|p1a: Conkeldurr|0 fnt
|-damage|p2a: Rhyperior|37/100|[from] item: Life Orb
|faint|p1a: Conkeldurr
|
|-fieldend|move: Trick Room
|upkeep
|-message|knexhawk forfeited.
|
|win|NastyPlotGar
|l|☆knexhawk
|raw|knexhawk's rating: 1573 → 1550(-23 for losing)
|raw|NastyPlotGar's rating: 1529 → 1551(+22 for winning)
