|ScrapeTime|2020-01-01-17:08:54
|j|☆IM A G3NG4R
|j|☆VTMagno
|player|p1|IM A G3NG4R|acerola|1163
|player|p2|VTMagno|2|1139
|teamsize|p1|6
|teamsize|p2|6
|gametype|singles
|gen|8
|tier|[Gen 8] OU
|rated|
|rule|Sleep Clause Mod: Limit one foe put to sleep
|rule|Species Clause: Limit one of each Pokémon
|rule|OHKO Clause: OHKO moves are banned
|rule|Evasion Moves Clause: Evasion moves are banned
|rule|Endless Battle Clause: Forcing endless battles is banned
|rule|HP Percentage Mod: HP is shown in percentages
|clearpoke
|poke|p1|Flareon, M|
|poke|p1|Ferrothorn, M|
|poke|p1|Avalugg, F|
|poke|p1|Corviknight, F|
|poke|p1|Seismitoad, F|
|poke|p1|Tyranitar, F|
|poke|p2|Cinderace, F|
|poke|p2|Jolteon, F|
|poke|p2|Togekiss, M|
|poke|p2|Corsola-Galar, M|
|poke|p2|Grimmsnarl, M|
|poke|p2|Excadrill, M|
|rule|Dynamax Clause: You cannot dynamax
|teampreview
|inactive|Battle timer is ON: inactive players will automatically lose when time's up. (requested by IM A G3NG4R)
|
|start
|switch|p1a: Seismitoad|Seismitoad, F|100/100
|switch|p2a: Corsola|Corsola-Galar, M|100/100
|turn|1
|
|move|p1a: Seismitoad|Toxic|p2a: Corsola
|-status|p2a: Corsola|tox
|move|p2a: Corsola|Will-O-Wisp|p1a: Seismitoad
|-status|p1a: Seismitoad|brn
|
|-damage|p1a: Seismitoad|94/100 brn|[from] brn
|-damage|p2a: Corsola|94/100 tox|[from] psn
|upkeep
|turn|2
|
|move|p1a: Seismitoad|Stealth Rock|p2a: Corsola
|-sidestart|p2: VTMagno|move: Stealth Rock
|move|p2a: Corsola|Stealth Rock|p1a: Seismitoad
|-sidestart|p1: IM A G3NG4R|move: Stealth Rock
|
|-heal|p1a: Seismitoad|100/100 brn|[from] item: Leftovers
|-damage|p1a: Seismitoad|94/100 brn|[from] brn
|-damage|p2a: Corsola|82/100 tox|[from] psn
|upkeep
|turn|3
|
|move|p1a: Seismitoad|Scald|p2a: Corsola
|-damage|p2a: Corsola|66/100 tox
|move|p2a: Corsola|Hex|p1a: Seismitoad
|-damage|p1a: Seismitoad|63/100 brn
|
|-heal|p1a: Seismitoad|69/100 brn|[from] item: Leftovers
|-damage|p1a: Seismitoad|63/100 brn|[from] brn
|-damage|p2a: Corsola|48/100 tox|[from] psn
|upkeep
|turn|4
|
|switch|p1a: Tyranitar|Tyranitar, F|100/100
|-damage|p1a: Tyranitar|88/100|[from] Stealth Rock
|-weather|Sandstorm|[from] ability: Sand Stream|[of] p1a: Tyranitar
|move|p2a: Corsola|Strength Sap|p1a: Tyranitar
|-unboost|p1a: Tyranitar|atk|1
|-heal|p2a: Corsola|100/100 tox
|
|-weather|Sandstorm|[upkeep]
|-damage|p2a: Corsola|94/100 tox|[from] Sandstorm
|-heal|p1a: Tyranitar|94/100|[from] item: Leftovers
|-damage|p2a: Corsola|70/100 tox|[from] psn
|upkeep
|turn|5
|
|switch|p1a: Ferrothorn|Ferrothorn, M|100/100
|-damage|p1a: Ferrothorn|94/100|[from] Stealth Rock
|switch|p2a: Excadrill|Excadrill, M|100/100
|-damage|p2a: Excadrill|97/100|[from] Stealth Rock
|-ability|p2a: Excadrill|Mold Breaker
|
|-weather|Sandstorm|[upkeep]
|-heal|p1a: Ferrothorn|100/100|[from] item: Leftovers
|upkeep
|turn|6
|
|move|p2a: Excadrill|Swords Dance|p2a: Excadrill
|-boost|p2a: Excadrill|atk|2
|move|p1a: Ferrothorn|Power Whip|p2a: Excadrill
|-damage|p2a: Excadrill|41/100
|
|-weather|Sandstorm|[upkeep]
|upkeep
|turn|7
|
|move|p2a: Excadrill|Earthquake|p1a: Ferrothorn
|-damage|p1a: Ferrothorn|36/100
|move|p1a: Ferrothorn|Power Whip|p2a: Excadrill
|-damage|p2a: Excadrill|0 fnt
|faint|p2a: Excadrill
|
|-weather|Sandstorm|[upkeep]
|-heal|p1a: Ferrothorn|42/100|[from] item: Leftovers
|upkeep
|
|switch|p2a: Cinderace|Cinderace, F, shiny|100/100
|-damage|p2a: Cinderace|76/100|[from] Stealth Rock
|turn|8
|
|switch|p1a: Seismitoad|Seismitoad, F|63/100 brn
|-damage|p1a: Seismitoad|57/100 brn|[from] Stealth Rock
|move|p2a: Cinderace|Bulk Up|p2a: Cinderace
|-boost|p2a: Cinderace|atk|1
|-boost|p2a: Cinderace|def|1
|
|-weather|none
|-heal|p1a: Seismitoad|63/100 brn|[from] item: Leftovers
|-damage|p1a: Seismitoad|57/100 brn|[from] brn
|upkeep
|turn|9
|
|move|p2a: Cinderace|High Jump Kick|p1a: Seismitoad
|-damage|p1a: Seismitoad|12/100 brn
|move|p1a: Seismitoad|Scald|p2a: Cinderace
|-supereffective|p2a: Cinderace
|-damage|p2a: Cinderace|6/100
|
|-heal|p1a: Seismitoad|18/100 brn|[from] item: Leftovers
|-damage|p1a: Seismitoad|12/100 brn|[from] brn
|upkeep
|turn|10
|
|move|p2a: Cinderace|High Jump Kick|p1a: Seismitoad
|-damage|p1a: Seismitoad|0 fnt
|faint|p1a: Seismitoad
|
|upkeep
|
|switch|p1a: Flareon|Flareon, M|100/100
|turn|11
|
|move|p1a: Flareon|Protect|p1a: Flareon
|-singleturn|p1a: Flareon|Protect
|move|p2a: Cinderace|High Jump Kick|p1a: Flareon
|-activate|p1a: Flareon|move: Protect
|-damage|p2a: Cinderace|0 fnt|[from] highjumpkick
|faint|p2a: Cinderace
|
|upkeep
|
|switch|p2a: Jolteon|Jolteon, F|100/100
|-damage|p2a: Jolteon|88/100|[from] Stealth Rock
|turn|12
|
|move|p2a: Jolteon|Thunderbolt|p1a: Flareon
|-damage|p1a: Flareon|68/100
|move|p1a: Flareon|Yawn|p2a: Jolteon
|-start|p2a: Jolteon|move: Yawn|[of] p1a: Flareon
|
|-status|p2a: Jolteon|brn|[from] item: Flame Orb
|upkeep
|turn|13
|
|move|p2a: Jolteon|Thunderbolt|p1a: Flareon
|-damage|p1a: Flareon|34/100
|move|p1a: Flareon|Yawn||[still]
|-fail|p1a: Flareon
|
|-damage|p2a: Jolteon|82/100 brn|[from] brn
|-end|p2a: Jolteon|move: Yawn|[silent]
|upkeep
|turn|14
|
|move|p2a: Jolteon|Thunderbolt|p1a: Flareon
|-damage|p1a: Flareon|1/100
|move|p1a: Flareon|Wish|p1a: Flareon
|
|-damage|p2a: Jolteon|77/100 brn|[from] brn
|upkeep
|turn|15
|
|move|p1a: Flareon|Protect|p1a: Flareon
|-singleturn|p1a: Flareon|Protect
|move|p2a: Jolteon|Volt Switch|p1a: Flareon
|-activate|p1a: Flareon|move: Protect
|
|-heal|p1a: Flareon|51/100|[from] move: Wish|[wisher] Flareon
|-damage|p2a: Jolteon|71/100 brn|[from] brn
|upkeep
|turn|16
|
|move|p2a: Jolteon|Thunderbolt|p1a: Flareon
|-damage|p1a: Flareon|18/100
|move|p1a: Flareon|Wish|p1a: Flareon
|
|-damage|p2a: Jolteon|65/100 brn|[from] brn
|upkeep
|turn|17
|
|move|p1a: Flareon|Protect|p1a: Flareon
|-singleturn|p1a: Flareon|Protect
|move|p2a: Jolteon|Shadow Ball|p1a: Flareon
|-activate|p1a: Flareon|move: Protect
|
|-heal|p1a: Flareon|68/100|[from] move: Wish|[wisher] Flareon
|-damage|p2a: Jolteon|59/100 brn|[from] brn
|upkeep
|turn|18
|
|move|p2a: Jolteon|Electro Ball|p1a: Flareon
|-damage|p1a: Flareon|22/100
|move|p1a: Flareon|Flare Blitz|p2a: Jolteon
|-damage|p2a: Jolteon|0 fnt
|-damage|p1a: Flareon|6/100|[from] Recoil
|faint|p2a: Jolteon
|
|upkeep
|
|switch|p2a: Grimmsnarl|Grimmsnarl, M|100/100
|-damage|p2a: Grimmsnarl|88/100|[from] Stealth Rock
|turn|19
|
|move|p2a: Grimmsnarl|Substitute|p2a: Grimmsnarl
|-start|p2a: Grimmsnarl|Substitute
|-damage|p2a: Grimmsnarl|63/100
|move|p1a: Flareon|Wish|p1a: Flareon
|
|upkeep
|turn|20
|
|move|p1a: Flareon|Protect|p1a: Flareon
|-singleturn|p1a: Flareon|Protect
|move|p2a: Grimmsnarl|Bulk Up|p2a: Grimmsnarl
|-boost|p2a: Grimmsnarl|atk|1
|-boost|p2a: Grimmsnarl|def|1
|
|-heal|p1a: Flareon|56/100|[from] move: Wish|[wisher] Flareon
|upkeep
|turn|21
|
|move|p2a: Grimmsnarl|Bulk Up|p2a: Grimmsnarl
|-boost|p2a: Grimmsnarl|atk|1
|-boost|p2a: Grimmsnarl|def|1
|move|p1a: Flareon|Flare Blitz|p2a: Grimmsnarl
|-end|p2a: Grimmsnarl|Substitute
|-damage|p1a: Flareon|46/100|[from] Recoil|[of] p2a: Grimmsnarl
|
|upkeep
|turn|22
|
|move|p1a: Flareon|Yawn|p2a: Grimmsnarl
|-start|p2a: Grimmsnarl|move: Yawn|[of] p1a: Flareon
|move|p2a: Grimmsnarl|Darkest Lariat|p1a: Flareon
|-damage|p1a: Flareon|0 fnt
|faint|p1a: Flareon
|
|upkeep
|
|switch|p1a: Tyranitar|Tyranitar, F|94/100
|-damage|p1a: Tyranitar|82/100|[from] Stealth Rock
|-weather|Sandstorm|[from] ability: Sand Stream|[of] p1a: Tyranitar
|turn|23
|
|switch|p1a: Avalugg|Avalugg, F|100/100
|move|p2a: Grimmsnarl|Trick|p1a: Avalugg
|-activate|p2a: Grimmsnarl|move: Trick|[of] p1a: Avalugg
|-item|p1a: Avalugg|Lagging Tail|[from] move: Trick
|-item|p2a: Grimmsnarl|Heavy-Duty Boots|[from] move: Trick
|
|-weather|Sandstorm|[upkeep]
|-damage|p2a: Grimmsnarl|57/100|[from] Sandstorm
|-damage|p1a: Avalugg|94/100|[from] Sandstorm
|-end|p2a: Grimmsnarl|move: Yawn|[silent]
|-status|p2a: Grimmsnarl|slp
|upkeep
|turn|24
|
|cant|p2a: Grimmsnarl|slp
|move|p1a: Avalugg|Body Press|p2a: Grimmsnarl
|-damage|p2a: Grimmsnarl|32/100 slp
|
|-weather|Sandstorm|[upkeep]
|-damage|p2a: Grimmsnarl|26/100 slp|[from] Sandstorm
|-damage|p1a: Avalugg|88/100|[from] Sandstorm
|upkeep
|turn|25
|
|cant|p2a: Grimmsnarl|slp
|move|p1a: Avalugg|Body Press|p2a: Grimmsnarl
|-damage|p2a: Grimmsnarl|3/100 slp
|
|-weather|Sandstorm|[upkeep]
|-damage|p2a: Grimmsnarl|0 fnt|[from] Sandstorm
|-damage|p1a: Avalugg|82/100|[from] Sandstorm
|faint|p2a: Grimmsnarl
|upkeep
|
|switch|p2a: Corsola|Corsola-Galar, M|70/100 tox
|-damage|p2a: Corsola|57/100 tox|[from] Stealth Rock
|turn|26
|
|move|p2a: Corsola|Will-O-Wisp|p1a: Avalugg
|-status|p1a: Avalugg|brn
|move|p1a: Avalugg|Avalanche|p2a: Corsola
|-damage|p2a: Corsola|52/100 tox
|
|-weather|Sandstorm|[upkeep]
|-damage|p2a: Corsola|46/100 tox|[from] Sandstorm
|-damage|p1a: Avalugg|76/100 brn|[from] Sandstorm
|-damage|p2a: Corsola|39/100 tox|[from] psn
|-damage|p1a: Avalugg|70/100 brn|[from] brn
|upkeep
|turn|27
|j| Jade Narwhal Bear
|
|switch|p1a: Tyranitar|Tyranitar, F|82/100
|-damage|p1a: Tyranitar|70/100|[from] Stealth Rock
|move|p2a: Corsola|Strength Sap|p1a: Tyranitar
|-unboost|p1a: Tyranitar|atk|1
|-heal|p2a: Corsola|100/100 tox
|
|-weather|none
|-heal|p1a: Tyranitar|76/100|[from] item: Leftovers
|-damage|p2a: Corsola|88/100 tox|[from] psn
|upkeep
|turn|28
|
|switch|p1a: Ferrothorn|Ferrothorn, M|42/100
|-damage|p1a: Ferrothorn|36/100|[from] Stealth Rock
|move|p2a: Corsola|Will-O-Wisp|p1a: Ferrothorn
|-status|p1a: Ferrothorn|brn
|
|-heal|p1a: Ferrothorn|42/100 brn|[from] item: Leftovers
|-damage|p2a: Corsola|70/100 tox|[from] psn
|-damage|p1a: Ferrothorn|36/100 brn|[from] brn
|upkeep
|turn|29
|
|move|p2a: Corsola|Strength Sap|p1a: Ferrothorn
|-unboost|p1a: Ferrothorn|atk|1
|-heal|p2a: Corsola|100/100 tox
|move|p1a: Ferrothorn|Leech Seed|p2a: Corsola
|-start|p2a: Corsola|move: Leech Seed
|
|-heal|p1a: Ferrothorn|42/100 brn|[from] item: Leftovers
|-damage|p2a: Corsola|88/100 tox|[from] Leech Seed|[of] p1a: Ferrothorn
|-heal|p1a: Ferrothorn|53/100 brn|[silent]
|-damage|p2a: Corsola|63/100 tox|[from] psn
|-damage|p1a: Ferrothorn|47/100 brn|[from] brn
|upkeep
|turn|30
|
|switch|p2a: Togekiss|Togekiss, M|100/100
|-damage|p2a: Togekiss|76/100|[from] Stealth Rock
|move|p1a: Ferrothorn|Gyro Ball|p2a: Togekiss
|-supereffective|p2a: Togekiss
|-damage|p2a: Togekiss|60/100
|
|-heal|p2a: Togekiss|66/100|[from] item: Leftovers
|-heal|p1a: Ferrothorn|53/100 brn|[from] item: Leftovers
|-damage|p1a: Ferrothorn|47/100 brn|[from] brn
|upkeep
|turn|31
|inactive|VTMagno has 120 seconds left.
|
|switch|p1a: Tyranitar|Tyranitar, F|76/100
|-damage|p1a: Tyranitar|64/100|[from] Stealth Rock
|-weather|Sandstorm|[from] ability: Sand Stream|[of] p1a: Tyranitar
|move|p2a: Togekiss|Air Slash|p1a: Tyranitar|[miss]
|-miss|p2a: Togekiss|p1a: Tyranitar
|
|-weather|Sandstorm|[upkeep]
|-damage|p2a: Togekiss|60/100|[from] Sandstorm
|-heal|p1a: Tyranitar|70/100|[from] item: Leftovers
|-heal|p2a: Togekiss|66/100|[from] item: Leftovers
|upkeep
|turn|32
|inactive|VTMagno has 120 seconds left.
|
|switch|p2a: Corsola|Corsola-Galar, M|63/100 tox
|-damage|p2a: Corsola|51/100 tox|[from] Stealth Rock
|move|p1a: Tyranitar|Stone Edge|p2a: Corsola
|-damage|p2a: Corsola|22/100 tox
|-start|p1a: Tyranitar|Disable|Stone Edge|[from] ability: Cursed Body|[of] p2a: Corsola
|
|-weather|Sandstorm|[upkeep]
|-damage|p2a: Corsola|16/100 tox|[from] Sandstorm
|-heal|p1a: Tyranitar|76/100|[from] item: Leftovers
|-damage|p2a: Corsola|10/100 tox|[from] psn
|upkeep
|turn|33
|inactive|VTMagno has 120 seconds left.
|
|move|p1a: Tyranitar|Crunch|p2a: Corsola
|-supereffective|p2a: Corsola
|-damage|p2a: Corsola|0 fnt
|faint|p2a: Corsola
|
|-weather|Sandstorm|[upkeep]
|-heal|p1a: Tyranitar|82/100|[from] item: Leftovers
|upkeep
|inactive|VTMagno has 120 seconds left.
|
|switch|p2a: Togekiss|Togekiss, M|66/100
|-damage|p2a: Togekiss|41/100|[from] Stealth Rock
|turn|34
|
|move|p1a: Tyranitar|Fire Punch|p2a: Togekiss
|-damage|p2a: Togekiss|17/100
|move|p2a: Togekiss|Thunder Wave|p1a: Tyranitar
|-status|p1a: Tyranitar|par
|
|-weather|Sandstorm|[upkeep]
|-damage|p2a: Togekiss|11/100|[from] Sandstorm
|-heal|p2a: Togekiss|17/100|[from] item: Leftovers
|-heal|p1a: Tyranitar|88/100 par|[from] item: Leftovers
|upkeep
|turn|35
|
|move|p2a: Togekiss|Wish|p2a: Togekiss
|cant|p1a: Tyranitar|par
|
|-weather|none
|-heal|p2a: Togekiss|23/100|[from] item: Leftovers
|-heal|p1a: Tyranitar|94/100 par|[from] item: Leftovers
|-end|p1a: Tyranitar|Disable
|upkeep
|turn|36
|
|move|p2a: Togekiss|Air Slash|p1a: Tyranitar
|-resisted|p1a: Tyranitar
|-damage|p1a: Tyranitar|76/100 par
|move|p1a: Tyranitar|Stone Edge|p2a: Togekiss
|-supereffective|p2a: Togekiss
|-damage|p2a: Togekiss|0 fnt
|faint|p2a: Togekiss
|
|win|IM A G3NG4R
|raw|IM A G3NG4R's rating: 1163 → 1185(+22 for winning)
|raw|VTMagno's rating: 1113 → 1091(-22 for losing)
