|ScrapeTime|2020-01-01-10:54:50
|j|☆zzleepy
|j|☆Xdv6
|player|p1|zzleepy|gardenia|1361
|player|p2|Xdv6|2|1322
|teamsize|p1|6
|teamsize|p2|6
|gametype|singles
|gen|8
|tier|[Gen 8] OU
|rated|
|rule|Sleep Clause Mod: Limit one foe put to sleep
|rule|Species Clause: Limit one of each Pokémon
|rule|OHKO Clause: OHKO moves are banned
|rule|Evasion Moves Clause: Evasion moves are banned
|rule|Endless Battle Clause: Forcing endless battles is banned
|rule|HP Percentage Mod: HP is shown in percentages
|clearpoke
|poke|p1|Obstagoon, F|
|poke|p1|Flareon, F|
|poke|p1|Seismitoad, F|
|poke|p1|Corviknight, F|
|poke|p1|Hydreigon, M|
|poke|p1|Dragapult, F|
|poke|p2|Bisharp, F|
|poke|p2|Clefable, F|
|poke|p2|Corviknight, M|
|poke|p2|Tyranitar, F|
|poke|p2|Excadrill, F|
|poke|p2|Rotom-Wash|
|rule|Dynamax Clause: You cannot dynamax
|teampreview
|inactive|Battle timer is ON: inactive players will automatically lose when time's up. (requested by Xdv6)
|
|start
|switch|p1a: Hydreigon|Hydreigon, M|100/100
|switch|p2a: Excadrill|Excadrill, F|100/100
|turn|1
|
|switch|p2a: Rotom|Rotom-Wash|100/100
|move|p1a: Hydreigon|U-turn|p2a: Rotom
|-damage|p2a: Rotom|89/100
|
|switch|p1a: Seismitoad|Seismitoad, F|100/100|[from]move: U-turn
|
|-heal|p2a: Rotom|95/100|[from] item: Leftovers
|upkeep
|turn|2
|
|move|p2a: Rotom|Will-O-Wisp|p1a: Seismitoad
|-status|p1a: Seismitoad|brn
|move|p1a: Seismitoad|Stealth Rock|p2a: Rotom
|-sidestart|p2: Xdv6|move: Stealth Rock
|
|-heal|p2a: Rotom|100/100|[from] item: Leftovers
|-damage|p1a: Seismitoad|94/100 brn|[from] brn
|upkeep
|turn|3
|
|switch|p2a: Corviknight|Corviknight, M|100/100
|-damage|p2a: Corviknight|88/100|[from] Stealth Rock
|-ability|p2a: Corviknight|Pressure
|move|p1a: Seismitoad|Toxic|p2a: Corviknight
|-immune|p2a: Corviknight
|
|-heal|p1a: Seismitoad|100/100 brn|[from] item: Leftovers
|-heal|p2a: Corviknight|94/100|[from] item: Leftovers
|-damage|p1a: Seismitoad|94/100 brn|[from] brn
|upkeep
|turn|4
|
|switch|p1a: Flareon|Flareon, F|100/100
|move|p2a: Corviknight|Defog|p1a: Flareon
|-unboost|p1a: Flareon|evasion|1
|-sideend|p2: Xdv6|Stealth Rock|[from] move: Defog|[of] p2a: Corviknight
|
|-heal|p2a: Corviknight|100/100|[from] item: Leftovers
|upkeep
|turn|5
|
|switch|p2a: Tyranitar|Tyranitar, F|100/100
|-weather|Sandstorm|[from] ability: Sand Stream|[of] p2a: Tyranitar
|move|p1a: Flareon|Yawn|p2a: Tyranitar
|-start|p2a: Tyranitar|move: Yawn|[of] p1a: Flareon
|
|-weather|Sandstorm|[upkeep]
|-damage|p1a: Flareon|95/100|[from] Sandstorm
|upkeep
|turn|6
|
|switch|p1a: Corviknight|Corviknight, F|100/100
|-ability|p1a: Corviknight|Pressure
|move|p2a: Tyranitar|Stone Edge|p1a: Corviknight
|-damage|p1a: Corviknight|65/100
|
|-weather|Sandstorm|[upkeep]
|-heal|p1a: Corviknight|71/100|[from] item: Leftovers
|-end|p2a: Tyranitar|move: Yawn|[silent]
|-status|p2a: Tyranitar|slp
|upkeep
|turn|7
|
|move|p1a: Corviknight|U-turn|p2a: Tyranitar
|-supereffective|p2a: Tyranitar
|-damage|p2a: Tyranitar|78/100 slp
|
|switch|p1a: Hydreigon|Hydreigon, M|100/100|[from]move: U-turn
|cant|p2a: Tyranitar|slp
|
|-weather|Sandstorm|[upkeep]
|-damage|p1a: Hydreigon|94/100|[from] Sandstorm
|upkeep
|turn|8
|
|switch|p2a: Rotom|Rotom-Wash|100/100
|move|p1a: Hydreigon|Flash Cannon|p2a: Rotom
|-resisted|p2a: Rotom
|-crit|p2a: Rotom
|-damage|p2a: Rotom|91/100
|
|-weather|Sandstorm|[upkeep]
|-damage|p1a: Hydreigon|88/100|[from] Sandstorm
|-damage|p2a: Rotom|84/100|[from] Sandstorm
|-heal|p2a: Rotom|91/100|[from] item: Leftovers
|upkeep
|turn|9
|
|switch|p1a: Dragapult|Dragapult, F|100/100
|switch|p2a: Clefable|Clefable, F|100/100
|
|-weather|Sandstorm|[upkeep]
|-damage|p1a: Dragapult|94/100|[from] Sandstorm
|-heal|p1a: Dragapult|100/100|[from] item: Leftovers
|upkeep
|turn|10
|
|switch|p1a: Flareon|Flareon, F|95/100
|move|p2a: Clefable|Moonblast|p1a: Flareon
|-resisted|p1a: Flareon
|-damage|p1a: Flareon|74/100
|-unboost|p1a: Flareon|spa|1
|
|-weather|Sandstorm|[upkeep]
|-damage|p1a: Flareon|68/100|[from] Sandstorm
|upkeep
|turn|11
|
|move|p2a: Clefable|Thunderbolt|p1a: Flareon
|-damage|p1a: Flareon|42/100
|move|p1a: Flareon|Wish|p1a: Flareon
|
|-weather|Sandstorm|[upkeep]
|-damage|p1a: Flareon|36/100|[from] Sandstorm
|upkeep
|turn|12
|
|move|p1a: Flareon|Protect|p1a: Flareon
|-singleturn|p1a: Flareon|Protect
|move|p2a: Clefable|Moonblast|p1a: Flareon
|-activate|p1a: Flareon|move: Protect
|
|-weather|none
|-heal|p1a: Flareon|86/100|[from] move: Wish|[wisher] Flareon
|upkeep
|turn|13
|
|move|p2a: Clefable|Moonblast|p1a: Flareon
|-resisted|p1a: Flareon
|-damage|p1a: Flareon|68/100
|move|p1a: Flareon|Flare Blitz|p2a: Clefable
|-crit|p2a: Clefable
|-damage|p2a: Clefable|15/100
|-status|p2a: Clefable|brn
|-damage|p1a: Flareon|36/100|[from] Recoil
|
|upkeep
|turn|14
|
|switch|p2a: Rotom|Rotom-Wash|91/100
|move|p1a: Flareon|Wish|p1a: Flareon
|
|-heal|p2a: Rotom|97/100|[from] item: Leftovers
|upkeep
|turn|15
|
|move|p1a: Flareon|Protect|p1a: Flareon
|-singleturn|p1a: Flareon|Protect
|move|p2a: Rotom|Hydro Pump|p1a: Flareon
|-activate|p1a: Flareon|move: Protect
|
|-heal|p1a: Flareon|86/100|[from] move: Wish|[wisher] Flareon
|-heal|p2a: Rotom|100/100|[from] item: Leftovers
|upkeep
|turn|16
|
|switch|p1a: Seismitoad|Seismitoad, F|94/100 brn
|move|p2a: Rotom|Hydro Pump|p1a: Seismitoad
|-heal|p1a: Seismitoad|100/100 brn|[from] ability: Water Absorb|[of] p2a: Rotom
|
|-damage|p1a: Seismitoad|94/100 brn|[from] brn
|upkeep
|turn|17
|
|switch|p2a: Clefable|Clefable, F|15/100 brn
|move|p1a: Seismitoad|Stealth Rock|p2a: Clefable
|-sidestart|p2: Xdv6|move: Stealth Rock
|
|-heal|p1a: Seismitoad|100/100 brn|[from] item: Leftovers
|-damage|p1a: Seismitoad|94/100 brn|[from] brn
|upkeep
|turn|18
|
|switch|p1a: Flareon|Flareon, F|86/100
|move|p2a: Clefable|Moonlight|p2a: Clefable
|-heal|p2a: Clefable|65/100 brn
|
|upkeep
|turn|19
|
|switch|p2a: Tyranitar|Tyranitar, F|78/100 slp
|-damage|p2a: Tyranitar|65/100 slp|[from] Stealth Rock
|-weather|Sandstorm|[from] ability: Sand Stream|[of] p2a: Tyranitar
|move|p1a: Flareon|Flare Blitz|p2a: Tyranitar
|-resisted|p2a: Tyranitar
|-damage|p2a: Tyranitar|44/100 slp
|-damage|p1a: Flareon|77/100|[from] Recoil
|
|-weather|Sandstorm|[upkeep]
|-damage|p1a: Flareon|71/100|[from] Sandstorm
|upkeep
|turn|20
|
|switch|p1a: Seismitoad|Seismitoad, F|94/100 brn
|cant|p2a: Tyranitar|slp
|
|-weather|Sandstorm|[upkeep]
|-heal|p1a: Seismitoad|100/100 brn|[from] item: Leftovers
|-damage|p1a: Seismitoad|94/100 brn|[from] brn
|upkeep
|turn|21
|
|switch|p1a: Dragapult|Dragapult, F|100/100
|-curestatus|p2a: Tyranitar|slp|[msg]
|move|p2a: Tyranitar|Stone Edge|p1a: Dragapult
|-crit|p1a: Dragapult
|-damage|p1a: Dragapult|7/100
|
|-weather|Sandstorm|[upkeep]
|-damage|p1a: Dragapult|1/100|[from] Sandstorm
|-heal|p1a: Dragapult|7/100|[from] item: Leftovers
|upkeep
|turn|22
|
|move|p1a: Dragapult|Draco Meteor|p2a: Tyranitar
|-damage|p2a: Tyranitar|9/100
|-unboost|p1a: Dragapult|spa|2
|move|p2a: Tyranitar|Crunch|p1a: Dragapult
|-supereffective|p1a: Dragapult
|-damage|p1a: Dragapult|0 fnt
|faint|p1a: Dragapult
|
|-weather|Sandstorm|[upkeep]
|upkeep
|
|switch|p1a: Hydreigon|Hydreigon, M|88/100
|turn|23
|
|move|p1a: Hydreigon|U-turn|p2a: Tyranitar
|-supereffective|p2a: Tyranitar
|-damage|p2a: Tyranitar|0 fnt
|faint|p2a: Tyranitar
|
|switch|p1a: Seismitoad|Seismitoad, F|94/100 brn|[from]move: U-turn
|
|-weather|Sandstorm|[upkeep]
|-heal|p1a: Seismitoad|100/100 brn|[from] item: Leftovers
|-damage|p1a: Seismitoad|94/100 brn|[from] brn
|upkeep
|
|switch|p2a: Clefable|Clefable, F|65/100 brn
|turn|24
|
|switch|p2a: Excadrill|Excadrill, F|100/100
|-damage|p2a: Excadrill|97/100|[from] Stealth Rock
|move|p1a: Seismitoad|Earthquake|p2a: Excadrill
|-supereffective|p2a: Excadrill
|-damage|p2a: Excadrill|53/100
|
|-weather|Sandstorm|[upkeep]
|-heal|p1a: Seismitoad|100/100 brn|[from] item: Leftovers
|-damage|p1a: Seismitoad|94/100 brn|[from] brn
|upkeep
|turn|25
|
|move|p2a: Excadrill|Rapid Spin|p1a: Seismitoad
|-damage|p1a: Seismitoad|76/100 brn
|-sideend|p2: Xdv6|Stealth Rock|[from] move: Rapid Spin|[of] p2a: Excadrill
|-boost|p2a: Excadrill|spe|1
|-damage|p2a: Excadrill|43/100|[from] item: Life Orb
|move|p1a: Seismitoad|Earthquake|p2a: Excadrill
|-supereffective|p2a: Excadrill
|-damage|p2a: Excadrill|0 fnt
|faint|p2a: Excadrill
|
|-weather|Sandstorm|[upkeep]
|-heal|p1a: Seismitoad|82/100 brn|[from] item: Leftovers
|-damage|p1a: Seismitoad|76/100 brn|[from] brn
|upkeep
|
|switch|p2a: Clefable|Clefable, F|65/100 brn
|turn|26
|
|switch|p1a: Flareon|Flareon, F|71/100
|move|p2a: Clefable|Moonblast|p1a: Flareon
|-resisted|p1a: Flareon
|-damage|p1a: Flareon|50/100
|
|-weather|none
|upkeep
|turn|27
|
|switch|p2a: Rotom|Rotom-Wash|100/100
|move|p1a: Flareon|Wish|p1a: Flareon
|
|upkeep
|turn|28
|
|move|p1a: Flareon|Protect|p1a: Flareon
|-singleturn|p1a: Flareon|Protect
|move|p2a: Rotom|Hydro Pump|p1a: Flareon
|-activate|p1a: Flareon|move: Protect
|
|-heal|p1a: Flareon|100/100|[from] move: Wish|[wisher] Flareon
|upkeep
|turn|29
|
|switch|p2a: Bisharp|Bisharp, F|100/100
|switch|p1a: Seismitoad|Seismitoad, F|76/100 brn
|
|-heal|p1a: Seismitoad|82/100 brn|[from] item: Leftovers
|-damage|p1a: Seismitoad|76/100 brn|[from] brn
|upkeep
|turn|30
|
|move|p2a: Bisharp|Swords Dance|p2a: Bisharp
|-boost|p2a: Bisharp|atk|2
|move|p1a: Seismitoad|Earthquake|p2a: Bisharp
|-supereffective|p2a: Bisharp
|-damage|p2a: Bisharp|59/100
|
|-heal|p1a: Seismitoad|82/100 brn|[from] item: Leftovers
|-damage|p1a: Seismitoad|76/100 brn|[from] brn
|upkeep
|turn|31
|
|move|p2a: Bisharp|Throat Chop|p1a: Seismitoad
|-damage|p1a: Seismitoad|5/100 brn
|-start|p1a: Seismitoad|Throat Chop|[silent]
|move|p1a: Seismitoad|Earthquake|p2a: Bisharp
|-supereffective|p2a: Bisharp
|-damage|p2a: Bisharp|16/100
|
|-heal|p1a: Seismitoad|11/100 brn|[from] item: Leftovers
|-damage|p1a: Seismitoad|5/100 brn|[from] brn
|upkeep
|turn|32
|
|move|p2a: Bisharp|Throat Chop|p1a: Seismitoad
|-damage|p1a: Seismitoad|0 fnt
|faint|p1a: Seismitoad
|
|upkeep
|
|switch|p1a: Hydreigon|Hydreigon, M|88/100
|turn|33
|
|move|p2a: Bisharp|Sucker Punch|p1a: Hydreigon
|-resisted|p1a: Hydreigon
|-damage|p1a: Hydreigon|30/100
|move|p1a: Hydreigon|Dark Pulse|p2a: Bisharp
|-resisted|p2a: Bisharp
|-damage|p2a: Bisharp|0 fnt
|faint|p2a: Bisharp
|
|upkeep
|
|switch|p2a: Corviknight|Corviknight, M|100/100
|-ability|p2a: Corviknight|Pressure
|turn|34
|
|switch|p1a: Obstagoon|Obstagoon, F|100/100
|move|p2a: Corviknight|U-turn|p1a: Obstagoon
|-supereffective|p1a: Obstagoon
|-damage|p1a: Obstagoon|69/100
|
|switch|p2a: Clefable|Clefable, F|65/100 brn|[from]move: U-turn
|
|-status|p1a: Obstagoon|brn|[from] item: Flame Orb
|upkeep
|turn|35
|
|move|p1a: Obstagoon|Facade|p2a: Clefable
|-damage|p2a: Clefable|0 fnt
|faint|p2a: Clefable
|
|-damage|p1a: Obstagoon|63/100 brn|[from] brn
|upkeep
|
|switch|p2a: Rotom|Rotom-Wash|100/100
|turn|36
|
|move|p1a: Obstagoon|Knock Off|p2a: Rotom
|-damage|p2a: Rotom|52/100
|-enditem|p2a: Rotom|Leftovers|[from] move: Knock Off|[of] p1a: Obstagoon
|move|p2a: Rotom|Hydro Pump|p1a: Obstagoon|[miss]
|-miss|p2a: Rotom|p1a: Obstagoon
|
|-damage|p1a: Obstagoon|57/100 brn|[from] brn
|upkeep
|turn|37
|-message|Xdv6 forfeited.
|
|win|zzleepy
|l|☆Xdv6
|raw|zzleepy's rating: 1361 → 1379(+18 for winning)
|raw|Xdv6's rating: 1322 → 1304(-18 for losing)
|l|☆zzleepy
|j|☆zzleepy
|player|p1|zzleepy|gardenia
