|ScrapeTime|2020-01-02-10:35:27
|j|☆Ordoss
|j|☆Its2020Bros
|player|p1|Ordoss|265|1166
|player|p2|Its2020Bros|rood|1166
|teamsize|p1|6
|teamsize|p2|6
|gametype|singles
|gen|8
|tier|[Gen 8] OU
|rated|
|rule|Sleep Clause Mod: Limit one foe put to sleep
|rule|Species Clause: Limit one of each Pokémon
|rule|OHKO Clause: OHKO moves are banned
|rule|Evasion Moves Clause: Evasion moves are banned
|rule|Endless Battle Clause: Forcing endless battles is banned
|rule|HP Percentage Mod: HP is shown in percentages
|clearpoke
|poke|p1|Corsola-Galar, F|
|poke|p1|Rotom-Heat|
|poke|p1|Hatterene, F|
|poke|p1|Excadrill, F|
|poke|p1|Grimmsnarl, M|
|poke|p1|Dragapult, F|
|poke|p2|Excadrill, M|
|poke|p2|Hatterene, F|
|poke|p2|Rotom-Heat|
|poke|p2|Mandibuzz, F|
|poke|p2|Appletun, M|
|poke|p2|Dracovish|
|rule|Dynamax Clause: You cannot dynamax
|teampreview
|
|start
|switch|p1a: Grimmsnarl|Grimmsnarl, M|100/100
|switch|p2a: Rotom|Rotom-Heat|100/100
|turn|1
|
|move|p1a: Grimmsnarl|Fake Out|p2a: Rotom
|-damage|p2a: Rotom|84/100
|cant|p2a: Rotom|flinch
|
|upkeep
|turn|2
|
|switch|p1a: Rotom|Rotom-Heat|100/100
|move|p2a: Rotom|Volt Switch|p1a: Rotom
|-resisted|p1a: Rotom
|-damage|p1a: Rotom|86/100
|
|switch|p2a: Dracovish|Dracovish|100/100|[from]move: Volt Switch
|
|upkeep
|turn|3
|c|☆Ordoss|my deams
|c|☆Ordoss|all ruined
|
|move|p1a: Rotom|Discharge|p2a: Dracovish
|-damage|p2a: Dracovish|61/100
|move|p2a: Dracovish|Fishious Rend|p1a: Rotom
|-supereffective|p1a: Rotom
|-damage|p1a: Rotom|0 fnt
|faint|p1a: Rotom
|
|upkeep
|
|switch|p1a: Dragapult|Dragapult, F|100/100
|turn|4
|
|switch|p2a: Mandibuzz|Mandibuzz, F|100/100
|move|p1a: Dragapult|Flamethrower|p2a: Mandibuzz
|-damage|p2a: Mandibuzz|82/100
|
|upkeep
|turn|5
|
|switch|p1a: Grimmsnarl|Grimmsnarl, M|100/100
|move|p2a: Mandibuzz|Knock Off|p1a: Grimmsnarl
|-resisted|p1a: Grimmsnarl
|-damage|p1a: Grimmsnarl|94/100
|-enditem|p1a: Grimmsnarl|Focus Sash|[from] move: Knock Off|[of] p2a: Mandibuzz
|
|upkeep
|turn|6
|
|move|p1a: Grimmsnarl|Fake Out|p2a: Mandibuzz
|-damage|p2a: Mandibuzz|71/100
|cant|p2a: Mandibuzz|flinch
|
|upkeep
|turn|7
|
|switch|p2a: Rotom|Rotom-Heat|84/100
|move|p1a: Grimmsnarl|Play Rough|p2a: Rotom
|-resisted|p2a: Rotom
|-damage|p2a: Rotom|59/100
|-unboost|p2a: Rotom|atk|1
|
|upkeep
|turn|8
|
|move|p1a: Grimmsnarl|Taunt|p2a: Rotom
|-start|p2a: Rotom|move: Taunt
|cant|p2a: Rotom|move: Taunt|Will-O-Wisp
|
|upkeep
|turn|9
|
|switch|p1a: Excadrill|Excadrill, F|100/100
|-ability|p1a: Excadrill|Mold Breaker
|move|p2a: Rotom|Volt Switch|p1a: Excadrill
|-immune|p1a: Excadrill
|
|upkeep
|turn|10
|
|switch|p2a: Appletun|Appletun, M|100/100
|move|p1a: Excadrill|Swords Dance|p1a: Excadrill
|-boost|p1a: Excadrill|atk|2
|
|upkeep
|turn|11
|
|move|p1a: Excadrill|Iron Head|p2a: Appletun
|-damage|p2a: Appletun|44/100
|move|p2a: Appletun|Apple Acid|p1a: Excadrill
|-crit|p1a: Excadrill
|-damage|p1a: Excadrill|45/100
|-unboost|p1a: Excadrill|spd|1
|
|-heal|p2a: Appletun|50/100|[from] item: Leftovers
|upkeep
|turn|12
|
|move|p1a: Excadrill|Iron Head|p2a: Appletun
|-damage|p2a: Appletun|0 fnt
|faint|p2a: Appletun
|
|upkeep
|
|switch|p2a: Dracovish|Dracovish|61/100
|turn|13
|
|move|p2a: Dracovish|Fishious Rend|p1a: Excadrill
|-supereffective|p1a: Excadrill
|-damage|p1a: Excadrill|0 fnt
|faint|p1a: Excadrill
|
|upkeep
|inactive|Battle timer is ON: inactive players will automatically lose when time's up. (requested by Its2020Bros)
|
|switch|p1a: Corsola|Corsola-Galar, F|100/100
|turn|14
|
|switch|p2a: Hatterene|Hatterene, F|100/100
|move|p1a: Corsola|Will-O-Wisp|p2a: Hatterene
|move|p2a: Hatterene|Will-O-Wisp|p1a: Corsola|[from]Magic Bounce
|-status|p1a: Corsola|brn
|
|-damage|p1a: Corsola|94/100 brn|[from] brn
|upkeep
|turn|15
|
|switch|p1a: Hatterene|Hatterene, F|100/100
|move|p2a: Hatterene|Draining Kiss|p1a: Hatterene
|-damage|p1a: Hatterene|77/100
|
|-heal|p1a: Hatterene|83/100|[from] item: Leftovers
|upkeep
|turn|16
|
|move|p2a: Hatterene|Calm Mind|p2a: Hatterene
|-boost|p2a: Hatterene|spa|1
|-boost|p2a: Hatterene|spd|1
|move|p1a: Hatterene|Calm Mind|p1a: Hatterene
|-boost|p1a: Hatterene|spa|1
|-boost|p1a: Hatterene|spd|1
|
|-heal|p1a: Hatterene|89/100|[from] item: Leftovers
|upkeep
|turn|17
|
|move|p2a: Hatterene|Calm Mind|p2a: Hatterene
|-boost|p2a: Hatterene|spa|1
|-boost|p2a: Hatterene|spd|1
|move|p1a: Hatterene|Calm Mind|p1a: Hatterene
|-boost|p1a: Hatterene|spa|1
|-boost|p1a: Hatterene|spd|1
|
|-heal|p1a: Hatterene|95/100|[from] item: Leftovers
|upkeep
|turn|18
|
|move|p1a: Hatterene|Mystical Fire|p2a: Hatterene
|-damage|p2a: Hatterene|77/100
|-unboost|p2a: Hatterene|spa|1
|move|p2a: Hatterene|Calm Mind|p2a: Hatterene
|-boost|p2a: Hatterene|spa|1
|-boost|p2a: Hatterene|spd|1
|
|-heal|p2a: Hatterene|83/100|[from] item: Leftovers
|-heal|p1a: Hatterene|100/100|[from] item: Leftovers
|upkeep
|turn|19
|
|move|p2a: Hatterene|Mystical Fire|p1a: Hatterene
|-damage|p1a: Hatterene|75/100
|-unboost|p1a: Hatterene|spa|1
|move|p1a: Hatterene|Draining Kiss|p2a: Hatterene
|-damage|p2a: Hatterene|68/100
|-heal|p1a: Hatterene|87/100|[from] drain|[of] p2a: Hatterene
|
|-heal|p2a: Hatterene|74/100|[from] item: Leftovers
|-heal|p1a: Hatterene|93/100|[from] item: Leftovers
|upkeep
|turn|20
|
|move|p1a: Hatterene|Mystical Fire|p2a: Hatterene
|-crit|p2a: Hatterene
|-damage|p2a: Hatterene|19/100
|-unboost|p2a: Hatterene|spa|1
|move|p2a: Hatterene|Calm Mind|p2a: Hatterene
|-boost|p2a: Hatterene|spa|1
|-boost|p2a: Hatterene|spd|1
|
|-heal|p2a: Hatterene|25/100|[from] item: Leftovers
|-heal|p1a: Hatterene|99/100|[from] item: Leftovers
|upkeep
|turn|21
|
|move|p2a: Hatterene|Draining Kiss|p1a: Hatterene
|-damage|p1a: Hatterene|77/100
|-heal|p2a: Hatterene|42/100|[from] drain|[of] p1a: Hatterene
|move|p1a: Hatterene|Mystical Fire|p2a: Hatterene
|-crit|p2a: Hatterene
|-damage|p2a: Hatterene|0 fnt
|faint|p2a: Hatterene
|
|-heal|p1a: Hatterene|83/100|[from] item: Leftovers
|upkeep
|c|☆Ordoss|ooft
|c|☆Ordoss|unlucky
|
|switch|p2a: Excadrill|Excadrill, M|100/100
|-ability|p2a: Excadrill|Mold Breaker
|turn|22
|c|☆Its2020Bros|Wow
|
|move|p2a: Excadrill|Iron Head|p1a: Hatterene
|-supereffective|p1a: Hatterene
|-damage|p1a: Hatterene|11/100
|move|p1a: Hatterene|Mystical Fire|p2a: Excadrill
|-supereffective|p2a: Excadrill
|-damage|p2a: Excadrill|2/100
|-unboost|p2a: Excadrill|spa|1
|
|-heal|p1a: Hatterene|17/100|[from] item: Leftovers
|upkeep
|turn|23
|
|move|p2a: Excadrill|Iron Head|p1a: Hatterene
|-supereffective|p1a: Hatterene
|-damage|p1a: Hatterene|0 fnt
|faint|p1a: Hatterene
|
|upkeep
|
|switch|p1a: Dragapult|Dragapult, F|100/100
|turn|24
|
|move|p1a: Dragapult|Dragon Pulse|p2a: Excadrill
|-resisted|p2a: Excadrill
|-damage|p2a: Excadrill|0 fnt
|faint|p2a: Excadrill
|
|upkeep
|
|switch|p2a: Mandibuzz|Mandibuzz, F|71/100
|turn|25
|
|switch|p1a: Corsola|Corsola-Galar, F|94/100 brn
|move|p2a: Mandibuzz|Foul Play|p1a: Corsola
|-supereffective|p1a: Corsola
|-damage|p1a: Corsola|74/100 brn
|
|-damage|p1a: Corsola|68/100 brn|[from] brn
|upkeep
|turn|26
|
|move|p2a: Mandibuzz|Knock Off|p1a: Corsola
|-supereffective|p1a: Corsola
|-damage|p1a: Corsola|41/100 brn
|-enditem|p1a: Corsola|Eviolite|[from] move: Knock Off|[of] p2a: Mandibuzz
|move|p1a: Corsola|Stealth Rock|p2a: Mandibuzz
|-sidestart|p2: Its2020Bros|move: Stealth Rock
|
|-damage|p1a: Corsola|35/100 brn|[from] brn
|upkeep
|turn|27
|
|move|p2a: Mandibuzz|Knock Off|p1a: Corsola
|-supereffective|p1a: Corsola
|-damage|p1a: Corsola|9/100 brn
|move|p1a: Corsola|Strength Sap|p2a: Mandibuzz
|-unboost|p2a: Mandibuzz|atk|1
|-heal|p1a: Corsola|60/100 brn
|
|-damage|p1a: Corsola|54/100 brn|[from] brn
|upkeep
|turn|28
|
|move|p2a: Mandibuzz|Defog|p1a: Corsola
|-unboost|p1a: Corsola|evasion|1
|-sideend|p2: Its2020Bros|Stealth Rock|[from] move: Defog|[of] p2a: Mandibuzz
|move|p1a: Corsola|Will-O-Wisp|p2a: Mandibuzz|[miss]
|-miss|p1a: Corsola|p2a: Mandibuzz
|
|-damage|p1a: Corsola|47/100 brn|[from] brn
|upkeep
|turn|29
|
|switch|p2a: Rotom|Rotom-Heat|59/100
|move|p1a: Corsola|Will-O-Wisp|p2a: Rotom
|-immune|p2a: Rotom
|
|-damage|p1a: Corsola|41/100 brn|[from] brn
|upkeep
|turn|30
|
|move|p2a: Rotom|Overheat|p1a: Corsola
|-damage|p1a: Corsola|0 fnt
|-start|p2a: Rotom|Disable|Overheat|[from] ability: Cursed Body|[of] p1a: Corsola
|-unboost|p2a: Rotom|spa|2
|faint|p1a: Corsola
|
|upkeep
|
|switch|p1a: Dragapult|Dragapult, F|100/100
|turn|31
|
|move|p1a: Dragapult|Shadow Ball|p2a: Rotom
|-damage|p2a: Rotom|21/100
|-unboost|p2a: Rotom|spd|1
|-enditem|p2a: Rotom|Iapapa Berry|[eat]
|-heal|p2a: Rotom|54/100|[from] item: Iapapa Berry
|move|p2a: Rotom|Volt Switch|p1a: Dragapult
|-resisted|p1a: Dragapult
|-damage|p1a: Dragapult|91/100
|
|switch|p2a: Mandibuzz|Mandibuzz, F|71/100|[from]move: Volt Switch
|
|upkeep
|turn|32
|
|move|p1a: Dragapult|Dragon Pulse|p2a: Mandibuzz
|-damage|p2a: Mandibuzz|48/100
|move|p2a: Mandibuzz|Foul Play|p1a: Dragapult
|-supereffective|p1a: Dragapult
|-damage|p1a: Dragapult|0 fnt
|faint|p1a: Dragapult
|
|upkeep
|
|switch|p1a: Grimmsnarl|Grimmsnarl, M|94/100
|turn|33
|
|move|p1a: Grimmsnarl|Fake Out|p2a: Mandibuzz
|-damage|p2a: Mandibuzz|36/100
|cant|p2a: Mandibuzz|flinch
|
|upkeep
|turn|34
|
|move|p2a: Mandibuzz|Knock Off|p1a: Grimmsnarl
|-resisted|p1a: Grimmsnarl
|-damage|p1a: Grimmsnarl|90/100
|move|p1a: Grimmsnarl|Play Rough|p2a: Mandibuzz
|-supereffective|p2a: Mandibuzz
|-damage|p2a: Mandibuzz|0 fnt
|faint|p2a: Mandibuzz
|
|upkeep
|
|switch|p2a: Dracovish|Dracovish|61/100
|turn|35
|
|move|p1a: Grimmsnarl|Thunder Wave|p2a: Dracovish
|-status|p2a: Dracovish|par
|cant|p2a: Dracovish|par
|
|upkeep
|turn|36
|
|move|p2a: Dracovish|Fishious Rend|p1a: Grimmsnarl
|-damage|p1a: Grimmsnarl|0 fnt
|faint|p1a: Grimmsnarl
|
|win|Its2020Bros
|raw|Ordoss's rating: 1166 → 1141(-25 for losing)
|raw|Its2020Bros's rating: 1166 → 1191(+25 for winning)
|c|☆Ordoss|gg!
|c|☆Its2020Bros|Gg
|l|☆Ordoss
