|ScrapeTime|2020-01-01-19:48:29
|j|☆better than go
|j|☆Otis Jenkins
|player|p1|better than go|flannery|1198
|player|p2|Otis Jenkins|ltsurge|1243
|teamsize|p1|6
|teamsize|p2|6
|gametype|singles
|gen|8
|tier|[Gen 8] OU
|rated|
|rule|Sleep Clause Mod: Limit one foe put to sleep
|rule|Species Clause: Limit one of each Pokémon
|rule|OHKO Clause: OHKO moves are banned
|rule|Evasion Moves Clause: Evasion moves are banned
|rule|Endless Battle Clause: Forcing endless battles is banned
|rule|HP Percentage Mod: HP is shown in percentages
|clearpoke
|poke|p1|Indeedee, M|
|poke|p1|Grapploct, M|
|poke|p1|Gyarados, F|
|poke|p1|Tsareena, F|
|poke|p1|Polteageist|
|poke|p1|Dugtrio, F|
|poke|p2|Obstagoon, F|
|poke|p2|Dragapult, F|
|poke|p2|Toxapex, M|
|poke|p2|Corviknight, M|
|poke|p2|Dugtrio, F|
|poke|p2|Reuniclus, F|
|rule|Dynamax Clause: You cannot dynamax
|teampreview
|inactive|Battle timer is ON: inactive players will automatically lose when time's up. (requested by better than go)
|
|start
|switch|p1a: Dugtrio|Dugtrio, F|100/100
|switch|p2a: Dugtrio|Dugtrio, F|100/100
|turn|1
|c|☆better than go|So, it comes to this
|
|move|p1a: Dugtrio|Stealth Rock|p2a: Dugtrio
|-sidestart|p2: Otis Jenkins|move: Stealth Rock
|move|p2a: Dugtrio|Stealth Rock|p1a: Dugtrio
|-sidestart|p1: better than go|move: Stealth Rock
|
|upkeep
|turn|2
|
|move|p2a: Dugtrio|Earthquake|p1a: Dugtrio
|-enditem|p1a: Dugtrio|Focus Sash
|-damage|p1a: Dugtrio|1/100
|move|p1a: Dugtrio|Earthquake|p2a: Dugtrio
|-enditem|p2a: Dugtrio|Focus Sash
|-damage|p2a: Dugtrio|1/100
|
|upkeep
|turn|3
|c|☆better than go|Thanks I hate it
|c|☆Otis Jenkins|I'm sorry my friend.
|
|move|p2a: Dugtrio|Sucker Punch|p1a: Dugtrio
|-damage|p1a: Dugtrio|0 fnt
|faint|p1a: Dugtrio
|
|upkeep
|inactive|better than go has 120 seconds left.
|
|switch|p1a: Tsareena|Tsareena, F, shiny|100/100
|-damage|p1a: Tsareena|88/100|[from] Stealth Rock
|turn|4
|c|☆better than go|Speed ties though lmao
|
|switch|p2a: Corviknight|Corviknight, M|100/100
|-damage|p2a: Corviknight|88/100|[from] Stealth Rock
|-ability|p2a: Corviknight|Pressure
|move|p1a: Tsareena|Rapid Spin|p2a: Corviknight
|-resisted|p2a: Corviknight
|-damage|p2a: Corviknight|82/100
|-sideend|p1: better than go|Stealth Rock|[from] move: Rapid Spin|[of] p1a: Tsareena
|-boost|p1a: Tsareena|spe|1
|
|-heal|p2a: Corviknight|88/100|[from] item: Leftovers
|upkeep
|turn|5
|
|move|p1a: Tsareena|U-turn|p2a: Corviknight
|-resisted|p2a: Corviknight
|-damage|p2a: Corviknight|84/100
|inactive|better than go has 120 seconds left.
|
|switch|p1a: Indeedee|Indeedee, M|100/100|[from]move: U-turn
|-fieldstart|move: Psychic Terrain|[from] ability: Psychic Surge|[of] p1a: Indeedee
|move|p2a: Corviknight|Defog|p1a: Indeedee
|-unboost|p1a: Indeedee|evasion|1
|-sideend|p2: Otis Jenkins|Stealth Rock|[from] move: Defog|[of] p2a: Corviknight
|-fieldend|move: Psychic Terrain
|
|-heal|p2a: Corviknight|90/100|[from] item: Leftovers
|upkeep
|turn|6
|
|switch|p2a: Obstagoon|Obstagoon, F|100/100
|move|p1a: Indeedee|Mystical Fire|p2a: Obstagoon
|-damage|p2a: Obstagoon|69/100
|-unboost|p2a: Obstagoon|spa|1
|
|-status|p2a: Obstagoon|brn|[from] item: Flame Orb
|upkeep
|turn|7
|inactive|better than go has 120 seconds left.
|
|switch|p1a: Grapploct|Grapploct, M|100/100
|move|p2a: Obstagoon|Knock Off|p1a: Grapploct
|-resisted|p1a: Grapploct
|-damage|p1a: Grapploct|58/100
|-enditem|p1a: Grapploct|Lum Berry|[from] move: Knock Off|[of] p2a: Obstagoon
|
|-damage|p2a: Obstagoon|63/100 brn|[from] brn
|upkeep
|turn|8
|
|move|p2a: Obstagoon|Facade|p1a: Grapploct
|-damage|p1a: Grapploct|0 fnt
|faint|p1a: Grapploct
|
|-damage|p2a: Obstagoon|57/100 brn|[from] brn
|upkeep
|
|switch|p1a: Gyarados|Gyarados, F, shiny|100/100
|turn|9
|
|move|p1a: Gyarados|Waterfall|p2a: Obstagoon
|-damage|p2a: Obstagoon|18/100 brn
|move|p2a: Obstagoon|Facade|p1a: Gyarados
|-damage|p1a: Gyarados|0 fnt
|faint|p1a: Gyarados
|
|-damage|p2a: Obstagoon|12/100 brn|[from] brn
|upkeep
|c|☆better than go|hmmm
|c|☆better than go|well
|c|☆better than go|thats not good
|
|switch|p1a: Polteageist|Polteageist|100/100
|turn|10
|
|move|p2a: Obstagoon|Knock Off|p1a: Polteageist
|-supereffective|p1a: Polteageist
|-crit|p1a: Polteageist
|-enditem|p1a: Polteageist|Focus Sash
|-damage|p1a: Polteageist|1/100
|-ability|p1a: Polteageist|Weak Armor|boost
|-unboost|p1a: Polteageist|def|1
|-boost|p1a: Polteageist|spe|2
|move|p1a: Polteageist|Shell Smash|p1a: Polteageist
|-unboost|p1a: Polteageist|def|1
|-unboost|p1a: Polteageist|spd|1
|-boost|p1a: Polteageist|atk|2
|-boost|p1a: Polteageist|spa|2
|-boost|p1a: Polteageist|spe|2
|
|-damage|p2a: Obstagoon|5/100 brn|[from] brn
|upkeep
|turn|11
|c|☆Otis Jenkins|Oh lawd
|
|move|p1a: Polteageist|Giga Drain|p2a: Obstagoon
|-damage|p2a: Obstagoon|0 fnt
|-heal|p1a: Polteageist|4/100|[from] drain|[of] p2a: Obstagoon
|faint|p2a: Obstagoon
|
|upkeep
|
|switch|p2a: Dugtrio|Dugtrio, F|1/100
|turn|12
|inactive|better than go has 120 seconds left.
|c|☆better than go|I fucked up
|
|move|p2a: Dugtrio|Sucker Punch||[still]
|-fail|p2a: Dugtrio
|move|p1a: Polteageist|Shell Smash|p1a: Polteageist
|-unboost|p1a: Polteageist|def|1
|-unboost|p1a: Polteageist|spd|1
|-boost|p1a: Polteageist|atk|2
|-boost|p1a: Polteageist|spa|2
|-boost|p1a: Polteageist|spe|2
|
|upkeep
|turn|13
|
|move|p2a: Dugtrio|Sucker Punch||[still]
|-fail|p2a: Dugtrio
|move|p1a: Polteageist|Shell Smash|p1a: Polteageist
|-unboost|p1a: Polteageist|def|1
|-unboost|p1a: Polteageist|spd|1
|-boost|p1a: Polteageist|atk|2
|-boost|p1a: Polteageist|spa|2
|-boost|p1a: Polteageist|spe|0
|
|upkeep
|turn|14
|c|☆Otis Jenkins|It appears we have reached am impasse
|
|move|p2a: Dugtrio|Sucker Punch||[still]
|-fail|p2a: Dugtrio
|move|p1a: Polteageist|Shell Smash|p1a: Polteageist
|-unboost|p1a: Polteageist|def|1
|-unboost|p1a: Polteageist|spd|1
|-boost|p1a: Polteageist|atk|0
|-boost|p1a: Polteageist|spa|0
|-boost|p1a: Polteageist|spe|0
|
|upkeep
|turn|15
|
|move|p1a: Polteageist|Giga Drain|p2a: Dugtrio
|-supereffective|p2a: Dugtrio
|-damage|p2a: Dugtrio|0 fnt
|-heal|p1a: Polteageist|4/100|[from] drain|[of] p2a: Dugtrio
|faint|p2a: Dugtrio
|
|upkeep
|c|☆better than go|Fucking
|c|☆better than go|Dab
|
|switch|p2a: Corviknight|Corviknight, M|90/100
|-ability|p2a: Corviknight|Pressure
|turn|16
|c|☆Otis Jenkins|Hello darkness my old friend
|
|move|p1a: Polteageist|Shadow Ball|p2a: Corviknight
|-damage|p2a: Corviknight|0 fnt
|faint|p2a: Corviknight
|
|upkeep
|c|☆better than go|Lol
|
|switch|p2a: Dragapult|Dragapult, F|100/100
|turn|17
|
|move|p1a: Polteageist|Stored Power|p2a: Dragapult
|-damage|p2a: Dragapult|0 fnt
|faint|p2a: Dragapult
|
|upkeep
|
|switch|p2a: Toxapex|Toxapex, M|100/100
|turn|18
|
|move|p1a: Polteageist|Stored Power|p2a: Toxapex
|-supereffective|p2a: Toxapex
|-damage|p2a: Toxapex|0 fnt
|faint|p2a: Toxapex
|
|upkeep
|
|switch|p2a: Reuniclus|Reuniclus, F|100/100
|turn|19
|c|☆better than go|gg
|c|☆Otis Jenkins|gg
|
|move|p1a: Polteageist|Shadow Ball|p2a: Reuniclus
|-supereffective|p2a: Reuniclus
|-damage|p2a: Reuniclus|0 fnt
|faint|p2a: Reuniclus
|
|win|better than go
|l|☆Otis Jenkins
|raw|better than go's rating: 1198 → 1226(+28 for winning)
|raw|Otis Jenkins's rating: 1243 → 1215(-28 for losing)
