|ScrapeTime|2020-01-01-20:17:04
|j|☆Didn't have
|j|☆nandogameplay
|player|p1|Didn't have|265|1096
|player|p2|nandogameplay|veteran|1118
|teamsize|p1|6
|teamsize|p2|5
|gametype|singles
|gen|8
|tier|[Gen 8] OU
|rated|
|rule|Sleep Clause Mod: Limit one foe put to sleep
|rule|Species Clause: Limit one of each Pokémon
|rule|OHKO Clause: OHKO moves are banned
|rule|Evasion Moves Clause: Evasion moves are banned
|rule|Endless Battle Clause: Forcing endless battles is banned
|rule|HP Percentage Mod: HP is shown in percentages
|clearpoke
|poke|p1|Vileplume, M|
|poke|p1|Grimmsnarl, M|
|poke|p1|Charizard, F|
|poke|p1|Torkoal, F|
|poke|p1|Leafeon, F|
|poke|p1|Haxorus, F|
|poke|p2|Toxtricity, M|
|poke|p2|Hydreigon, F|
|poke|p2|Seismitoad, F|
|poke|p2|Clefable, F|
|poke|p2|Steelix, M|
|rule|Dynamax Clause: You cannot dynamax
|teampreview
|
|start
|switch|p1a: Torkoal|Torkoal, F|100/100
|switch|p2a: Seismitoad|Seismitoad, F|100/100
|-weather|SunnyDay|[from] ability: Drought|[of] p1a: Torkoal
|turn|1
|
|switch|p1a: Vileplume|Vileplume, M|100/100
|move|p2a: Seismitoad|Stealth Rock|p1a: Vileplume
|-sidestart|p1: Didn't have|move: Stealth Rock
|
|-weather|SunnyDay|[upkeep]
|upkeep
|turn|2
|inactive|Battle timer is ON: inactive players will automatically lose when time's up. (requested by nandogameplay)
|
|switch|p2a: Hydreigon|Hydreigon, F|100/100
|move|p1a: Vileplume|Moonblast|p2a: Hydreigon
|-supereffective|p2a: Hydreigon
|-damage|p2a: Hydreigon|0 fnt
|faint|p2a: Hydreigon
|
|-weather|SunnyDay|[upkeep]
|upkeep
|inactive|nandogameplay has 120 seconds left.
|
|switch|p2a: Clefable|Clefable, F|100/100
|turn|3
|
|move|p1a: Vileplume|Sludge Wave|p2a: Clefable
|-supereffective|p2a: Clefable
|-damage|p2a: Clefable|7/100
|move|p2a: Clefable|Flamethrower|p1a: Vileplume
|-supereffective|p1a: Vileplume
|-damage|p1a: Vileplume|0 fnt
|faint|p1a: Vileplume
|
|-weather|SunnyDay|[upkeep]
|upkeep
|
|switch|p1a: Torkoal|Torkoal, F|100/100
|-damage|p1a: Torkoal|76/100|[from] Stealth Rock
|turn|4
|
|move|p2a: Clefable|Moonlight|p2a: Clefable
|-heal|p2a: Clefable|73/100
|move|p1a: Torkoal|Rapid Spin|p2a: Clefable
|-damage|p2a: Clefable|64/100
|-sideend|p1: Didn't have|Stealth Rock|[from] move: Rapid Spin|[of] p1a: Torkoal
|-boost|p1a: Torkoal|spe|1
|
|-weather|SunnyDay|[upkeep]
|upkeep
|turn|5
|
|move|p2a: Clefable|Moonblast|p1a: Torkoal
|-resisted|p1a: Torkoal
|-damage|p1a: Torkoal|52/100
|move|p1a: Torkoal|Stealth Rock|p2a: Clefable
|-sidestart|p2: nandogameplay|move: Stealth Rock
|
|-weather|SunnyDay|[upkeep]
|upkeep
|turn|6
|
|move|p2a: Clefable|Thunderbolt|p1a: Torkoal
|-damage|p1a: Torkoal|18/100
|move|p1a: Torkoal|Lava Plume|p2a: Clefable
|-damage|p2a: Clefable|30/100
|
|-weather|SunnyDay|[upkeep]
|upkeep
|turn|7
|
|switch|p1a: Grimmsnarl|Grimmsnarl, M|100/100
|move|p2a: Clefable|Thunderbolt|p1a: Grimmsnarl
|-crit|p1a: Grimmsnarl
|-damage|p1a: Grimmsnarl|44/100
|
|-weather|SunnyDay|[upkeep]
|-heal|p1a: Grimmsnarl|50/100|[from] item: Leftovers
|upkeep
|turn|8
|
|move|p2a: Clefable|Moonblast|p1a: Grimmsnarl
|-supereffective|p1a: Grimmsnarl
|-damage|p1a: Grimmsnarl|0 fnt
|faint|p1a: Grimmsnarl
|
|-weather|none
|upkeep
|
|switch|p1a: Torkoal|Torkoal, F|18/100
|-weather|SunnyDay|[from] ability: Drought|[of] p1a: Torkoal
|turn|9
|
|move|p2a: Clefable|Thunderbolt|p1a: Torkoal
|-damage|p1a: Torkoal|0 fnt
|faint|p1a: Torkoal
|
|-weather|SunnyDay|[upkeep]
|upkeep
|
|switch|p1a: Charizard|Charizard, F|100/100
|turn|10
|
|move|p1a: Charizard|Flamethrower|p2a: Clefable
|-damage|p2a: Clefable|0 fnt
|faint|p2a: Clefable
|
|-weather|SunnyDay|[upkeep]
|-damage|p1a: Charizard|88/100|[from] ability: Solar Power|[of] p1a: Charizard
|upkeep
|
|switch|p2a: Toxtricity|Toxtricity, M|100/100
|-damage|p2a: Toxtricity|88/100|[from] Stealth Rock
|turn|11
|
|move|p1a: Charizard|Flamethrower|p2a: Toxtricity
|-damage|p2a: Toxtricity|0 fnt
|faint|p2a: Toxtricity
|
|-weather|SunnyDay|[upkeep]
|-damage|p1a: Charizard|76/100|[from] ability: Solar Power|[of] p1a: Charizard
|upkeep
|
|switch|p2a: Seismitoad|Seismitoad, F|100/100
|-damage|p2a: Seismitoad|94/100|[from] Stealth Rock
|turn|12
|
|switch|p1a: Leafeon|Leafeon, F|100/100
|move|p2a: Seismitoad|Scald|p1a: Leafeon
|-resisted|p1a: Leafeon
|-damage|p1a: Leafeon|87/100
|-status|p1a: Leafeon|brn
|
|-weather|SunnyDay|[upkeep]
|-heal|p1a: Leafeon|93/100 brn|[from] item: Leftovers
|-heal|p2a: Seismitoad|100/100|[from] item: Leftovers
|-damage|p1a: Leafeon|87/100 brn|[from] brn
|upkeep
|turn|13
|
|switch|p2a: Steelix|Steelix, M|100/100
|-damage|p2a: Steelix|97/100|[from] Stealth Rock
|move|p1a: Leafeon|Solar Blade||[still]
|-prepare|p1a: Leafeon|Solar Blade|p2a: Steelix
|-anim|p1a: Leafeon|Solar Blade|p2a: Steelix
|-damage|p2a: Steelix|78/100
|
|-weather|SunnyDay|[upkeep]
|-heal|p1a: Leafeon|93/100 brn|[from] item: Leftovers
|-damage|p1a: Leafeon|87/100 brn|[from] brn
|upkeep
|turn|14
|
|move|p1a: Leafeon|Swords Dance|p1a: Leafeon
|-boost|p1a: Leafeon|atk|2
|move|p2a: Steelix|Heavy Slam|p1a: Leafeon
|-damage|p1a: Leafeon|29/100 brn
|-damage|p2a: Steelix|68/100|[from] item: Life Orb
|
|-weather|SunnyDay|[upkeep]
|-heal|p1a: Leafeon|35/100 brn|[from] item: Leftovers
|-damage|p1a: Leafeon|29/100 brn|[from] brn
|upkeep
|turn|15
|
|move|p1a: Leafeon|Solar Blade||[still]
|-prepare|p1a: Leafeon|Solar Blade|p2a: Steelix
|-anim|p1a: Leafeon|Solar Blade|p2a: Steelix
|-damage|p2a: Steelix|27/100
|move|p2a: Steelix|Dragon Dance|p2a: Steelix
|-boost|p2a: Steelix|atk|1
|-boost|p2a: Steelix|spe|1
|
|-weather|SunnyDay|[upkeep]
|-heal|p1a: Leafeon|35/100 brn|[from] item: Leftovers
|-damage|p1a: Leafeon|29/100 brn|[from] brn
|upkeep
|turn|16
|
|move|p1a: Leafeon|Solar Blade||[still]
|-prepare|p1a: Leafeon|Solar Blade|p2a: Steelix
|-anim|p1a: Leafeon|Solar Blade|p2a: Steelix
|-damage|p2a: Steelix|0 fnt
|faint|p2a: Steelix
|
|-weather|none
|-heal|p1a: Leafeon|35/100 brn|[from] item: Leftovers
|-damage|p1a: Leafeon|29/100 brn|[from] brn
|upkeep
|
|switch|p2a: Seismitoad|Seismitoad, F|100/100
|-damage|p2a: Seismitoad|94/100|[from] Stealth Rock
|turn|17
|
|move|p1a: Leafeon|Sunny Day|p1a: Leafeon
|-weather|SunnyDay
|move|p2a: Seismitoad|Scald|p1a: Leafeon
|-resisted|p1a: Leafeon
|-damage|p1a: Leafeon|16/100 brn
|
|-weather|SunnyDay|[upkeep]
|-heal|p1a: Leafeon|22/100 brn|[from] item: Leftovers
|-heal|p2a: Seismitoad|100/100|[from] item: Leftovers
|-damage|p1a: Leafeon|16/100 brn|[from] brn
|upkeep
|turn|18
|
|move|p1a: Leafeon|Solar Blade||[still]
|-prepare|p1a: Leafeon|Solar Blade|p2a: Seismitoad
|-anim|p1a: Leafeon|Solar Blade|p2a: Seismitoad
|-supereffective|p2a: Seismitoad
|-damage|p2a: Seismitoad|0 fnt
|faint|p2a: Seismitoad
|
|win|Didn't have
|l|☆nandogameplay
