|ScrapeTime|2020-01-02-12:24:24
|j|☆Contemporary Yard
|j|☆OUTM PLS SAY YES
|player|p1|Contemporary Yard|winona-gen3|1565
|player|p2|OUTM PLS SAY YES|boarder|1568
|teamsize|p1|6
|teamsize|p2|6
|gametype|singles
|gen|8
|tier|[Gen 8] OU
|rated|
|rule|Sleep Clause Mod: Limit one foe put to sleep
|rule|Species Clause: Limit one of each Pokémon
|rule|OHKO Clause: OHKO moves are banned
|rule|Evasion Moves Clause: Evasion moves are banned
|rule|Endless Battle Clause: Forcing endless battles is banned
|rule|HP Percentage Mod: HP is shown in percentages
|clearpoke
|poke|p1|Dragapult, M|
|poke|p1|Sylveon, M|
|poke|p1|Tyranitar, F|
|poke|p1|Excadrill, M|
|poke|p1|Jellicent, F|
|poke|p1|Corviknight, F|
|poke|p2|Hawlucha, M|
|poke|p2|Toxtricity-Low-Key, F|
|poke|p2|Salazzle, F|
|poke|p2|Corsola-Galar, M|
|poke|p2|Hydreigon, F|
|poke|p2|Bisharp, F|
|rule|Dynamax Clause: You cannot dynamax
|teampreview
|inactive|Battle timer is ON: inactive players will automatically lose when time's up. (requested by OUTM PLS SAY YES)
|
|start
|switch|p1a: Sylveon|Sylveon, M|100/100
|switch|p2a: Salazzle|Salazzle, F|100/100
|turn|1
|
|switch|p1a: Jellicent|Jellicent, F|100/100
|move|p2a: Salazzle|Toxic|p1a: Jellicent
|-status|p1a: Jellicent|tox
|
|-damage|p1a: Jellicent|94/100 tox|[from] psn
|upkeep
|turn|2
|
|move|p2a: Salazzle|Substitute|p2a: Salazzle
|-start|p2a: Salazzle|Substitute
|-damage|p2a: Salazzle|76/100
|move|p1a: Jellicent|Hex|p2a: Salazzle
|-end|p2a: Salazzle|Substitute
|
|-heal|p2a: Salazzle|82/100|[from] item: Black Sludge
|-heal|p1a: Jellicent|100/100 tox|[from] item: Leftovers
|-damage|p1a: Jellicent|88/100 tox|[from] psn
|upkeep
|turn|3
|
|move|p2a: Salazzle|Protect|p2a: Salazzle
|-singleturn|p2a: Salazzle|Protect
|move|p1a: Jellicent|Hex|p2a: Salazzle
|-activate|p2a: Salazzle|move: Protect
|
|-heal|p2a: Salazzle|88/100|[from] item: Black Sludge
|-heal|p1a: Jellicent|94/100 tox|[from] item: Leftovers
|-damage|p1a: Jellicent|76/100 tox|[from] psn
|upkeep
|turn|4
|
|move|p2a: Salazzle|Toxic|p1a: Jellicent
|-fail|p1a: Jellicent|tox
|move|p1a: Jellicent|Hex|p2a: Salazzle
|-crit|p2a: Salazzle
|-damage|p2a: Salazzle|45/100
|
|-heal|p2a: Salazzle|51/100|[from] item: Black Sludge
|-heal|p1a: Jellicent|82/100 tox|[from] item: Leftovers
|-damage|p1a: Jellicent|57/100 tox|[from] psn
|upkeep
|turn|5
|
|move|p2a: Salazzle|Protect|p2a: Salazzle
|-singleturn|p2a: Salazzle|Protect
|move|p1a: Jellicent|Recover|p1a: Jellicent
|-heal|p1a: Jellicent|100/100 tox
|
|-heal|p2a: Salazzle|57/100|[from] item: Black Sludge
|-damage|p1a: Jellicent|70/100 tox|[from] psn
|upkeep
|turn|6
|
|switch|p1a: Tyranitar|Tyranitar, F|100/100
|-weather|Sandstorm|[from] ability: Sand Stream|[of] p1a: Tyranitar
|move|p2a: Salazzle|Substitute|p2a: Salazzle
|-start|p2a: Salazzle|Substitute
|-damage|p2a: Salazzle|32/100
|
|-weather|Sandstorm|[upkeep]
|-damage|p2a: Salazzle|26/100|[from] Sandstorm
|-heal|p2a: Salazzle|32/100|[from] item: Black Sludge
|upkeep
|turn|7
|
|move|p2a: Salazzle|Toxic|p1a: Tyranitar
|-status|p1a: Tyranitar|tox
|move|p1a: Tyranitar|Fire Punch|p2a: Salazzle
|-resisted|p2a: Salazzle
|-activate|p2a: Salazzle|move: Substitute|[damage]
|
|-weather|Sandstorm|[upkeep]
|-damage|p2a: Salazzle|26/100|[from] Sandstorm
|-heal|p2a: Salazzle|32/100|[from] item: Black Sludge
|-damage|p1a: Tyranitar|94/100 tox|[from] psn
|upkeep
|turn|8
|
|move|p2a: Salazzle|Protect|p2a: Salazzle
|-singleturn|p2a: Salazzle|Protect
|move|p1a: Tyranitar|Dragon Dance|p1a: Tyranitar
|-boost|p1a: Tyranitar|atk|1
|-boost|p1a: Tyranitar|spe|1
|
|-weather|Sandstorm|[upkeep]
|-damage|p2a: Salazzle|26/100|[from] Sandstorm
|-heal|p2a: Salazzle|32/100|[from] item: Black Sludge
|-damage|p1a: Tyranitar|82/100 tox|[from] psn
|upkeep
|turn|9
|
|move|p2a: Salazzle|Substitute|p2a: Salazzle
|-fail|p2a: Salazzle|move: Substitute
|move|p1a: Tyranitar|Fire Punch|p2a: Salazzle
|-resisted|p2a: Salazzle
|-end|p2a: Salazzle|Substitute
|
|-weather|Sandstorm|[upkeep]
|-damage|p2a: Salazzle|26/100|[from] Sandstorm
|-heal|p2a: Salazzle|32/100|[from] item: Black Sludge
|-damage|p1a: Tyranitar|64/100 tox|[from] psn
|upkeep
|turn|10
|
|move|p2a: Salazzle|Substitute|p2a: Salazzle
|-start|p2a: Salazzle|Substitute
|-damage|p2a: Salazzle|8/100
|move|p1a: Tyranitar|Dragon Dance|p1a: Tyranitar
|-boost|p1a: Tyranitar|atk|1
|-boost|p1a: Tyranitar|spe|1
|
|-weather|Sandstorm|[upkeep]
|-damage|p2a: Salazzle|1/100|[from] Sandstorm
|-heal|p2a: Salazzle|8/100|[from] item: Black Sludge
|-damage|p1a: Tyranitar|39/100 tox|[from] psn
|upkeep
|turn|11
|
|move|p2a: Salazzle|Protect|p2a: Salazzle
|-singleturn|p2a: Salazzle|Protect
|move|p1a: Tyranitar|Stone Edge|p2a: Salazzle
|-activate|p2a: Salazzle|move: Protect
|
|-weather|Sandstorm|[upkeep]
|-damage|p2a: Salazzle|1/100|[from] Sandstorm
|-heal|p2a: Salazzle|8/100|[from] item: Black Sludge
|-damage|p1a: Tyranitar|8/100 tox|[from] psn
|upkeep
|turn|12
|
|move|p1a: Tyranitar|Stone Edge|p2a: Salazzle
|-supereffective|p2a: Salazzle
|-end|p2a: Salazzle|Substitute
|move|p2a: Salazzle|Toxic|p1a: Tyranitar
|-fail|p1a: Tyranitar|tox
|
|-weather|Sandstorm|[upkeep]
|-damage|p2a: Salazzle|1/100|[from] Sandstorm
|-heal|p2a: Salazzle|8/100|[from] item: Black Sludge
|-damage|p1a: Tyranitar|0 fnt|[from] psn
|faint|p1a: Tyranitar
|upkeep
|
|switch|p1a: Excadrill|Excadrill, M|100/100
|-item|p1a: Excadrill|Air Balloon
|turn|13
|
|switch|p2a: Corsola|Corsola-Galar, M|100/100
|move|p1a: Excadrill|Iron Head|p2a: Corsola
|-damage|p2a: Corsola|76/100
|-start|p1a: Excadrill|Disable|Iron Head|[from] ability: Cursed Body|[of] p2a: Corsola
|
|-weather|none
|upkeep
|turn|14
|
|switch|p1a: Corviknight|Corviknight, F|100/100
|-ability|p1a: Corviknight|Pressure
|move|p2a: Corsola|Stealth Rock|p1a: Corviknight
|-sidestart|p1: Contemporary Yard|move: Stealth Rock
|
|upkeep
|turn|15
|
|switch|p2a: Toxtricity|Toxtricity-Low-Key, F|100/100
|move|p1a: Corviknight|Substitute|p1a: Corviknight
|-start|p1a: Corviknight|Substitute
|-damage|p1a: Corviknight|75/100
|
|-heal|p1a: Corviknight|82/100|[from] item: Leftovers
|upkeep
|turn|16
|
|switch|p1a: Excadrill|Excadrill, M|100/100
|-damage|p1a: Excadrill|97/100|[from] Stealth Rock
|-item|p1a: Excadrill|Air Balloon
|move|p2a: Toxtricity|Boomburst|p1a: Excadrill
|-resisted|p1a: Excadrill
|-damage|p1a: Excadrill|55/100
|-enditem|p1a: Excadrill|Air Balloon
|
|upkeep
|turn|17
|
|switch|p1a: Dragapult|Dragapult, M|100/100
|-damage|p1a: Dragapult|88/100|[from] Stealth Rock
|switch|p2a: Corsola|Corsola-Galar, M|76/100
|
|-heal|p1a: Dragapult|94/100|[from] item: Leftovers
|upkeep
|turn|18
|
|switch|p2a: Salazzle|Salazzle, F|8/100
|move|p1a: Dragapult|Substitute|p1a: Dragapult
|-start|p1a: Dragapult|Substitute
|-damage|p1a: Dragapult|69/100
|
|-heal|p1a: Dragapult|75/100|[from] item: Leftovers
|-heal|p2a: Salazzle|14/100|[from] item: Black Sludge
|upkeep
|turn|19
|
|move|p1a: Dragapult|Hex|p2a: Salazzle
|-damage|p2a: Salazzle|0 fnt
|faint|p2a: Salazzle
|
|-heal|p1a: Dragapult|82/100|[from] item: Leftovers
|upkeep
|
|switch|p2a: Hydreigon|Hydreigon, F|100/100
|turn|20
|
|move|p2a: Hydreigon|Dark Pulse|p1a: Dragapult
|-supereffective|p1a: Dragapult
|-end|p1a: Dragapult|Substitute
|move|p1a: Dragapult|Will-O-Wisp|p2a: Hydreigon
|-status|p2a: Hydreigon|brn
|
|-heal|p1a: Dragapult|88/100|[from] item: Leftovers
|-damage|p2a: Hydreigon|94/100 brn|[from] brn
|upkeep
|turn|21
|
|switch|p1a: Sylveon|Sylveon, M|100/100
|-damage|p1a: Sylveon|88/100|[from] Stealth Rock
|move|p2a: Hydreigon|Dark Pulse|p1a: Sylveon
|-resisted|p1a: Sylveon
|-damage|p1a: Sylveon|75/100
|
|-heal|p1a: Sylveon|81/100|[from] item: Leftovers
|-damage|p2a: Hydreigon|88/100 brn|[from] brn
|upkeep
|turn|22
|
|switch|p2a: Toxtricity|Toxtricity-Low-Key, F|100/100
|move|p1a: Sylveon|Mystical Fire|p2a: Toxtricity
|-damage|p2a: Toxtricity|84/100
|-unboost|p2a: Toxtricity|spa|1
|
|-heal|p1a: Sylveon|87/100|[from] item: Leftovers
|upkeep
|turn|23
|
|move|p1a: Sylveon|Protect|p1a: Sylveon
|-singleturn|p1a: Sylveon|Protect
|move|p2a: Toxtricity|Volt Switch|p1a: Sylveon
|-activate|p1a: Sylveon|move: Protect
|
|-heal|p1a: Sylveon|93/100|[from] item: Leftovers
|upkeep
|turn|24
|
|move|p2a: Toxtricity|Boomburst|p1a: Sylveon
|-damage|p1a: Sylveon|67/100
|move|p1a: Sylveon|Hyper Voice|p2a: Toxtricity
|-resisted|p2a: Toxtricity
|-damage|p2a: Toxtricity|75/100
|
|-heal|p1a: Sylveon|73/100|[from] item: Leftovers
|upkeep
|turn|25
|
|move|p2a: Toxtricity|Sludge Wave|p1a: Sylveon
|-supereffective|p1a: Sylveon
|-damage|p1a: Sylveon|34/100
|move|p1a: Sylveon|Wish|p1a: Sylveon
|
|-heal|p1a: Sylveon|40/100|[from] item: Leftovers
|upkeep
|turn|26
|
|switch|p2a: Bisharp|Bisharp, F, shiny|100/100
|move|p1a: Sylveon|Protect||[still]
|-fail|p1a: Sylveon
|
|-heal|p1a: Sylveon|90/100|[from] move: Wish|[wisher] Sylveon
|-heal|p1a: Sylveon|96/100|[from] item: Leftovers
|upkeep
|turn|27
|
|move|p2a: Bisharp|Iron Head|p1a: Sylveon
|-supereffective|p1a: Sylveon
|-damage|p1a: Sylveon|0 fnt
|-damage|p2a: Bisharp|91/100|[from] item: Life Orb
|faint|p1a: Sylveon
|
|upkeep
|
|switch|p1a: Dragapult|Dragapult, M|88/100
|-damage|p1a: Dragapult|75/100|[from] Stealth Rock
|turn|28
|
|move|p1a: Dragapult|Substitute|p1a: Dragapult
|-start|p1a: Dragapult|Substitute
|-damage|p1a: Dragapult|50/100
|move|p2a: Bisharp|Iron Head|p1a: Dragapult
|-end|p1a: Dragapult|Substitute
|-damage|p2a: Bisharp|81/100|[from] item: Life Orb
|
|-heal|p1a: Dragapult|57/100|[from] item: Leftovers
|upkeep
|turn|29
|
|switch|p2a: Hydreigon|Hydreigon, F|88/100 brn
|move|p1a: Dragapult|Will-O-Wisp|p2a: Hydreigon
|-fail|p2a: Hydreigon|brn
|
|-heal|p1a: Dragapult|63/100|[from] item: Leftovers
|-damage|p2a: Hydreigon|82/100 brn|[from] brn
|upkeep
|turn|30
|
|switch|p1a: Jellicent|Jellicent, F|70/100 tox
|-damage|p1a: Jellicent|57/100 tox|[from] Stealth Rock
|move|p2a: Hydreigon|Dark Pulse|p1a: Jellicent
|-supereffective|p1a: Jellicent
|-damage|p1a: Jellicent|0 fnt
|faint|p1a: Jellicent
|
|-damage|p2a: Hydreigon|76/100 brn|[from] brn
|upkeep
|
|switch|p1a: Corviknight|Corviknight, F|82/100
|-damage|p1a: Corviknight|69/100|[from] Stealth Rock
|-ability|p1a: Corviknight|Pressure
|turn|31
|
|switch|p2a: Toxtricity|Toxtricity-Low-Key, F|75/100
|move|p1a: Corviknight|Brave Bird|p2a: Toxtricity
|-resisted|p2a: Toxtricity
|-damage|p2a: Toxtricity|53/100
|-damage|p1a: Corviknight|63/100|[from] Recoil
|
|-heal|p1a: Corviknight|69/100|[from] item: Leftovers
|upkeep
|turn|32
|
|move|p1a: Corviknight|Roost|p1a: Corviknight
|-heal|p1a: Corviknight|100/100
|-singleturn|p1a: Corviknight|move: Roost
|move|p2a: Toxtricity|Overdrive|p1a: Corviknight
|-damage|p1a: Corviknight|60/100
|
|-heal|p1a: Corviknight|66/100|[from] item: Leftovers
|upkeep
|turn|33
|
|switch|p1a: Excadrill|Excadrill, M|55/100
|-damage|p1a: Excadrill|52/100|[from] Stealth Rock
|move|p2a: Toxtricity|Overdrive|p1a: Excadrill
|-immune|p1a: Excadrill
|
|upkeep
|turn|34
|
|switch|p2a: Corsola|Corsola-Galar, M|76/100
|move|p1a: Excadrill|Rapid Spin|p2a: Corsola
|-immune|p2a: Corsola
|
|upkeep
|turn|35
|j| g1ble
|
|move|p1a: Excadrill|Earthquake|p2a: Corsola
|-damage|p2a: Corsola|44/100
|move|p2a: Corsola|Will-O-Wisp|p1a: Excadrill|[miss]
|-miss|p2a: Corsola|p1a: Excadrill
|
|upkeep
|turn|36
|
|move|p1a: Excadrill|Swords Dance|p1a: Excadrill
|-boost|p1a: Excadrill|atk|2
|move|p2a: Corsola|Strength Sap|p1a: Excadrill
|-unboost|p1a: Excadrill|atk|1
|-heal|p2a: Corsola|100/100
|
|upkeep
|turn|37
|
|move|p1a: Excadrill|Earthquake|p2a: Corsola
|-damage|p2a: Corsola|53/100
|-start|p1a: Excadrill|Disable|Earthquake|[from] ability: Cursed Body|[of] p2a: Corsola
|move|p2a: Corsola|Will-O-Wisp|p1a: Excadrill
|-status|p1a: Excadrill|brn
|
|-damage|p1a: Excadrill|46/100 brn|[from] brn
|upkeep
|turn|38
|
|switch|p1a: Dragapult|Dragapult, M|63/100
|-damage|p1a: Dragapult|50/100|[from] Stealth Rock
|move|p2a: Corsola|Will-O-Wisp|p1a: Dragapult
|-status|p1a: Dragapult|brn
|
|-heal|p1a: Dragapult|57/100 brn|[from] item: Leftovers
|-damage|p1a: Dragapult|50/100 brn|[from] brn
|upkeep
|turn|39
|
|switch|p2a: Hydreigon|Hydreigon, F|76/100 brn
|move|p1a: Dragapult|Substitute|p1a: Dragapult
|-start|p1a: Dragapult|Substitute
|-damage|p1a: Dragapult|25/100 brn
|
|-heal|p1a: Dragapult|32/100 brn|[from] item: Leftovers
|-damage|p2a: Hydreigon|70/100 brn|[from] brn
|-damage|p1a: Dragapult|25/100 brn|[from] brn
|upkeep
|turn|40
|
|move|p2a: Hydreigon|Dark Pulse|p1a: Dragapult
|-supereffective|p1a: Dragapult
|-end|p1a: Dragapult|Substitute
|move|p1a: Dragapult|Disable|p2a: Hydreigon
|-start|p2a: Hydreigon|Disable|Dark Pulse
|
|-heal|p1a: Dragapult|32/100 brn|[from] item: Leftovers
|-damage|p2a: Hydreigon|64/100 brn|[from] brn
|-damage|p1a: Dragapult|25/100 brn|[from] brn
|upkeep
|turn|41
|
|switch|p2a: Bisharp|Bisharp, F, shiny|81/100
|move|p1a: Dragapult|Will-O-Wisp|p2a: Bisharp
|-status|p2a: Bisharp|brn
|
|-heal|p1a: Dragapult|32/100 brn|[from] item: Leftovers
|-damage|p1a: Dragapult|25/100 brn|[from] brn
|-damage|p2a: Bisharp|75/100 brn|[from] brn
|upkeep
|turn|42
|
|switch|p1a: Corviknight|Corviknight, F|66/100
|-damage|p1a: Corviknight|54/100|[from] Stealth Rock
|-ability|p1a: Corviknight|Pressure
|move|p2a: Bisharp|Swords Dance|p2a: Bisharp
|-boost|p2a: Bisharp|atk|2
|
|-heal|p1a: Corviknight|60/100|[from] item: Leftovers
|-damage|p2a: Bisharp|69/100 brn|[from] brn
|upkeep
|turn|43
|
|move|p2a: Bisharp|Swords Dance|p2a: Bisharp
|-boost|p2a: Bisharp|atk|2
|move|p1a: Corviknight|Roost|p1a: Corviknight
|-heal|p1a: Corviknight|100/100
|-singleturn|p1a: Corviknight|move: Roost
|
|-damage|p2a: Bisharp|63/100 brn|[from] brn
|upkeep
|turn|44
|
|move|p2a: Bisharp|Sucker Punch||[still]
|-fail|p2a: Bisharp
|move|p1a: Corviknight|Bulk Up|p1a: Corviknight
|-boost|p1a: Corviknight|atk|1
|-boost|p1a: Corviknight|def|1
|
|-damage|p2a: Bisharp|57/100 brn|[from] brn
|upkeep
|turn|45
|
|switch|p2a: Toxtricity|Toxtricity-Low-Key, F|53/100
|move|p1a: Corviknight|Bulk Up|p1a: Corviknight
|-boost|p1a: Corviknight|atk|1
|-boost|p1a: Corviknight|def|1
|
|upkeep
|turn|46
|
|move|p1a: Corviknight|Brave Bird|p2a: Toxtricity
|-resisted|p2a: Toxtricity
|-damage|p2a: Toxtricity|3/100
|-damage|p1a: Corviknight|86/100|[from] Recoil
|move|p2a: Toxtricity|Overdrive|p1a: Corviknight
|-supereffective|p1a: Corviknight
|-damage|p1a: Corviknight|8/100
|
|-heal|p1a: Corviknight|14/100|[from] item: Leftovers
|upkeep
|turn|47
|
|move|p1a: Corviknight|Roost|p1a: Corviknight
|-heal|p1a: Corviknight|64/100
|-singleturn|p1a: Corviknight|move: Roost
|move|p2a: Toxtricity|Overdrive|p1a: Corviknight
|-damage|p1a: Corviknight|21/100
|
|-heal|p1a: Corviknight|27/100|[from] item: Leftovers
|upkeep
|turn|48
|
|move|p1a: Corviknight|Roost|p1a: Corviknight
|-heal|p1a: Corviknight|77/100
|-singleturn|p1a: Corviknight|move: Roost
|move|p2a: Toxtricity|Overdrive|p1a: Corviknight
|-damage|p1a: Corviknight|37/100
|
|-heal|p1a: Corviknight|43/100|[from] item: Leftovers
|upkeep
|turn|49
|
|move|p1a: Corviknight|Roost|p1a: Corviknight
|-heal|p1a: Corviknight|93/100
|-singleturn|p1a: Corviknight|move: Roost
|move|p2a: Toxtricity|Overdrive|p1a: Corviknight
|-damage|p1a: Corviknight|53/100
|
|-heal|p1a: Corviknight|59/100|[from] item: Leftovers
|upkeep
|turn|50
|
|move|p1a: Corviknight|Roost|p1a: Corviknight
|-heal|p1a: Corviknight|100/100
|-singleturn|p1a: Corviknight|move: Roost
|move|p2a: Toxtricity|Overdrive|p1a: Corviknight
|-damage|p1a: Corviknight|63/100
|
|-heal|p1a: Corviknight|69/100|[from] item: Leftovers
|upkeep
|turn|51
|
|move|p1a: Corviknight|Brave Bird|p2a: Toxtricity
|-resisted|p2a: Toxtricity
|-damage|p2a: Toxtricity|0 fnt
|-damage|p1a: Corviknight|68/100|[from] Recoil
|faint|p2a: Toxtricity
|
|-heal|p1a: Corviknight|75/100|[from] item: Leftovers
|upkeep
|
|switch|p2a: Corsola|Corsola-Galar, M|53/100
|turn|52
|
|move|p1a: Corviknight|Substitute|p1a: Corviknight
|-start|p1a: Corviknight|Substitute
|-damage|p1a: Corviknight|50/100
|move|p2a: Corsola|Night Shade|p1a: Corviknight
|-end|p1a: Corviknight|Substitute
|
|-heal|p1a: Corviknight|56/100|[from] item: Leftovers
|upkeep
|turn|53
|
|move|p1a: Corviknight|Substitute|p1a: Corviknight
|-start|p1a: Corviknight|Substitute
|-damage|p1a: Corviknight|31/100
|move|p2a: Corsola|Night Shade|p1a: Corviknight
|-end|p1a: Corviknight|Substitute
|
|-heal|p1a: Corviknight|37/100|[from] item: Leftovers
|upkeep
|turn|54
|
|move|p1a: Corviknight|Roost|p1a: Corviknight
|-heal|p1a: Corviknight|87/100
|-singleturn|p1a: Corviknight|move: Roost
|move|p2a: Corsola|Night Shade|p1a: Corviknight
|-damage|p1a: Corviknight|62/100
|
|-heal|p1a: Corviknight|68/100|[from] item: Leftovers
|upkeep
|turn|55
|
|move|p1a: Corviknight|Substitute|p1a: Corviknight
|-start|p1a: Corviknight|Substitute
|-damage|p1a: Corviknight|43/100
|move|p2a: Corsola|Night Shade|p1a: Corviknight
|-end|p1a: Corviknight|Substitute
|
|-heal|p1a: Corviknight|50/100|[from] item: Leftovers
|upkeep
|turn|56
|
|move|p1a: Corviknight|Roost|p1a: Corviknight
|-heal|p1a: Corviknight|99/100
|-singleturn|p1a: Corviknight|move: Roost
|move|p2a: Corsola|Will-O-Wisp|p1a: Corviknight
|-status|p1a: Corviknight|brn
|
|-heal|p1a: Corviknight|100/100 brn|[from] item: Leftovers
|-damage|p1a: Corviknight|94/100 brn|[from] brn
|upkeep
|turn|57
|
|move|p1a: Corviknight|Substitute|p1a: Corviknight
|-start|p1a: Corviknight|Substitute
|-damage|p1a: Corviknight|69/100 brn
|move|p2a: Corsola|Strength Sap||[still]
|-fail|p2a: Corsola
|
|-heal|p1a: Corviknight|75/100 brn|[from] item: Leftovers
|-damage|p1a: Corviknight|69/100 brn|[from] brn
|upkeep
|turn|58
|
|move|p1a: Corviknight|Brave Bird|p2a: Corsola
|-damage|p2a: Corsola|34/100
|-damage|p1a: Corviknight|64/100 brn|[from] Recoil
|move|p2a: Corsola|Night Shade|p1a: Corviknight
|-end|p1a: Corviknight|Substitute
|
|-heal|p1a: Corviknight|70/100 brn|[from] item: Leftovers
|-damage|p1a: Corviknight|64/100 brn|[from] brn
|upkeep
|turn|59
|
|move|p1a: Corviknight|Bulk Up|p1a: Corviknight
|-boost|p1a: Corviknight|atk|1
|-boost|p1a: Corviknight|def|1
|move|p2a: Corsola|Strength Sap|p1a: Corviknight
|-unboost|p1a: Corviknight|atk|1
|-heal|p2a: Corsola|100/100
|
|-heal|p1a: Corviknight|70/100 brn|[from] item: Leftovers
|-damage|p1a: Corviknight|64/100 brn|[from] brn
|upkeep
|turn|60
|
|move|p1a: Corviknight|Bulk Up|p1a: Corviknight
|-boost|p1a: Corviknight|atk|1
|-boost|p1a: Corviknight|def|1
|move|p2a: Corsola|Night Shade|p1a: Corviknight
|-damage|p1a: Corviknight|39/100 brn
|
|-heal|p1a: Corviknight|45/100 brn|[from] item: Leftovers
|-damage|p1a: Corviknight|39/100 brn|[from] brn
|upkeep
|turn|61
|
|move|p1a: Corviknight|Roost|p1a: Corviknight
|-heal|p1a: Corviknight|89/100 brn
|-singleturn|p1a: Corviknight|move: Roost
|move|p2a: Corsola|Night Shade|p1a: Corviknight
|-damage|p1a: Corviknight|64/100 brn
|
|-heal|p1a: Corviknight|70/100 brn|[from] item: Leftovers
|-damage|p1a: Corviknight|64/100 brn|[from] brn
|upkeep
|turn|62
|
|move|p1a: Corviknight|Bulk Up|p1a: Corviknight
|-boost|p1a: Corviknight|atk|1
|-boost|p1a: Corviknight|def|1
|move|p2a: Corsola|Stealth Rock||[still]
|-fail|p2a: Corsola
|
|-heal|p1a: Corviknight|70/100 brn|[from] item: Leftovers
|-damage|p1a: Corviknight|64/100 brn|[from] brn
|upkeep
|turn|63
|
|move|p1a: Corviknight|Bulk Up|p1a: Corviknight
|-boost|p1a: Corviknight|atk|1
|-boost|p1a: Corviknight|def|1
|move|p2a: Corsola|Night Shade|p1a: Corviknight
|-damage|p1a: Corviknight|39/100 brn
|
|-heal|p1a: Corviknight|45/100 brn|[from] item: Leftovers
|-damage|p1a: Corviknight|39/100 brn|[from] brn
|upkeep
|turn|64
|
|move|p1a: Corviknight|Roost|p1a: Corviknight
|-heal|p1a: Corviknight|89/100 brn
|-singleturn|p1a: Corviknight|move: Roost
|move|p2a: Corsola|Strength Sap|p1a: Corviknight
|-unboost|p1a: Corviknight|atk|1
|
|-heal|p1a: Corviknight|95/100 brn|[from] item: Leftovers
|-damage|p1a: Corviknight|89/100 brn|[from] brn
|upkeep
|turn|65
|
|move|p1a: Corviknight|Substitute|p1a: Corviknight
|-start|p1a: Corviknight|Substitute
|-damage|p1a: Corviknight|64/100 brn
|move|p2a: Corsola|Will-O-Wisp||[still]
|-fail|p2a: Corsola
|
|-heal|p1a: Corviknight|70/100 brn|[from] item: Leftovers
|-damage|p1a: Corviknight|64/100 brn|[from] brn
|upkeep
|turn|66
|
|move|p1a: Corviknight|Bulk Up|p1a: Corviknight
|-boost|p1a: Corviknight|atk|1
|-boost|p1a: Corviknight|def|0
|move|p2a: Corsola|Night Shade|p1a: Corviknight
|-end|p1a: Corviknight|Substitute
|
|-heal|p1a: Corviknight|70/100 brn|[from] item: Leftovers
|-damage|p1a: Corviknight|64/100 brn|[from] brn
|upkeep
|turn|67
|
|move|p1a: Corviknight|Bulk Up|p1a: Corviknight
|-boost|p1a: Corviknight|atk|1
|-boost|p1a: Corviknight|def|0
|move|p2a: Corsola|Stealth Rock||[still]
|-fail|p2a: Corsola
|
|-heal|p1a: Corviknight|70/100 brn|[from] item: Leftovers
|-damage|p1a: Corviknight|64/100 brn|[from] brn
|upkeep
|turn|68
|
|move|p1a: Corviknight|Substitute|p1a: Corviknight
|-start|p1a: Corviknight|Substitute
|-damage|p1a: Corviknight|39/100 brn
|move|p2a: Corsola|Will-O-Wisp|p1a: Corviknight|[miss]
|-miss|p2a: Corsola|p1a: Corviknight
|
|-heal|p1a: Corviknight|45/100 brn|[from] item: Leftovers
|-damage|p1a: Corviknight|39/100 brn|[from] brn
|upkeep
|turn|69
|
|move|p1a: Corviknight|Roost|p1a: Corviknight
|-heal|p1a: Corviknight|89/100 brn
|-singleturn|p1a: Corviknight|move: Roost
|move|p2a: Corsola|Night Shade|p1a: Corviknight
|-end|p1a: Corviknight|Substitute
|
|-heal|p1a: Corviknight|95/100 brn|[from] item: Leftovers
|-damage|p1a: Corviknight|89/100 brn|[from] brn
|upkeep
|turn|70
|
|move|p1a: Corviknight|Substitute|p1a: Corviknight
|-start|p1a: Corviknight|Substitute
|-damage|p1a: Corviknight|64/100 brn
|move|p2a: Corsola|Stealth Rock||[still]
|-fail|p2a: Corsola
|
|-heal|p1a: Corviknight|70/100 brn|[from] item: Leftovers
|-damage|p1a: Corviknight|64/100 brn|[from] brn
|upkeep
|turn|71
|
|move|p1a: Corviknight|Brave Bird|p2a: Corsola
|-damage|p2a: Corsola|61/100
|-damage|p1a: Corviknight|53/100 brn|[from] Recoil
|move|p2a: Corsola|Night Shade|p1a: Corviknight
|-end|p1a: Corviknight|Substitute
|
|-heal|p1a: Corviknight|59/100 brn|[from] item: Leftovers
|-damage|p1a: Corviknight|53/100 brn|[from] brn
|upkeep
|turn|72
|inactive|OUTM PLS SAY YES has 120 seconds left.
|
|move|p1a: Corviknight|Substitute|p1a: Corviknight
|-start|p1a: Corviknight|Substitute
|-damage|p1a: Corviknight|28/100 brn
|move|p2a: Corsola|Stealth Rock||[still]
|-fail|p2a: Corsola
|
|-heal|p1a: Corviknight|34/100 brn|[from] item: Leftovers
|-damage|p1a: Corviknight|28/100 brn|[from] brn
|upkeep
|turn|73
|
|move|p1a: Corviknight|Roost|p1a: Corviknight
|-heal|p1a: Corviknight|78/100 brn
|-singleturn|p1a: Corviknight|move: Roost
|move|p2a: Corsola|Night Shade|p1a: Corviknight
|-end|p1a: Corviknight|Substitute
|
|-heal|p1a: Corviknight|84/100 brn|[from] item: Leftovers
|-damage|p1a: Corviknight|78/100 brn|[from] brn
|upkeep
|turn|74
|
|switch|p2a: Hawlucha|Hawlucha, M|100/100
|move|p1a: Corviknight|Substitute|p1a: Corviknight
|-start|p1a: Corviknight|Substitute
|-damage|p1a: Corviknight|53/100 brn
|
|-heal|p1a: Corviknight|59/100 brn|[from] item: Leftovers
|-damage|p1a: Corviknight|53/100 brn|[from] brn
|upkeep
|turn|75
|
|move|p2a: Hawlucha|Substitute|p2a: Hawlucha
|-start|p2a: Hawlucha|Substitute
|-damage|p2a: Hawlucha|75/100
|move|p1a: Corviknight|Brave Bird|p2a: Hawlucha
|-supereffective|p2a: Hawlucha
|-crit|p2a: Hawlucha
|-end|p2a: Hawlucha|Substitute
|-damage|p1a: Corviknight|47/100 brn|[from] Recoil|[of] p2a: Hawlucha
|
|-heal|p1a: Corviknight|53/100 brn|[from] item: Leftovers
|-damage|p1a: Corviknight|47/100 brn|[from] brn
|upkeep
|turn|76
|inactive|OUTM PLS SAY YES has 120 seconds left.
|
|move|p2a: Hawlucha|Substitute|p2a: Hawlucha
|-start|p2a: Hawlucha|Substitute
|-damage|p2a: Hawlucha|50/100
|-enditem|p2a: Hawlucha|Sitrus Berry|[eat]
|-heal|p2a: Hawlucha|75/100|[from] item: Sitrus Berry
|move|p1a: Corviknight|Roost|p1a: Corviknight
|-heal|p1a: Corviknight|97/100 brn
|-singleturn|p1a: Corviknight|move: Roost
|
|-heal|p1a: Corviknight|100/100 brn|[from] item: Leftovers
|-damage|p1a: Corviknight|94/100 brn|[from] brn
|upkeep
|turn|77
|inactive|OUTM PLS SAY YES has 120 seconds left.
|
|move|p2a: Hawlucha|Swords Dance|p2a: Hawlucha
|-boost|p2a: Hawlucha|atk|2
|move|p1a: Corviknight|Brave Bird|p2a: Hawlucha
|-supereffective|p2a: Hawlucha
|-end|p2a: Hawlucha|Substitute
|-damage|p1a: Corviknight|88/100 brn|[from] Recoil|[of] p2a: Hawlucha
|
|-heal|p1a: Corviknight|94/100 brn|[from] item: Leftovers
|-damage|p1a: Corviknight|88/100 brn|[from] brn
|upkeep
|turn|78
|inactive|OUTM PLS SAY YES has 120 seconds left.
|
|switch|p2a: Corsola|Corsola-Galar, M|61/100
|move|p1a: Corviknight|Brave Bird|p2a: Corsola
|-damage|p2a: Corsola|21/100
|-start|p1a: Corviknight|Disable|Brave Bird|[from] ability: Cursed Body|[of] p2a: Corsola
|-damage|p1a: Corviknight|77/100 brn|[from] Recoil
|
|-heal|p1a: Corviknight|83/100 brn|[from] item: Leftovers
|-damage|p1a: Corviknight|77/100 brn|[from] brn
|upkeep
|turn|79
|inactive|OUTM PLS SAY YES has 120 seconds left.
|
|switch|p2a: Hydreigon|Hydreigon, F|64/100 brn
|move|p1a: Corviknight|Bulk Up|p1a: Corviknight
|-boost|p1a: Corviknight|atk|0
|-boost|p1a: Corviknight|def|0
|
|-heal|p1a: Corviknight|83/100 brn|[from] item: Leftovers
|-damage|p2a: Hydreigon|57/100 brn|[from] brn
|-damage|p1a: Corviknight|77/100 brn|[from] brn
|upkeep
|turn|80
|
|move|p2a: Hydreigon|Fire Blast|p1a: Corviknight
|-supereffective|p1a: Corviknight
|-end|p1a: Corviknight|Substitute
|move|p1a: Corviknight|Substitute|p1a: Corviknight
|-start|p1a: Corviknight|Substitute
|-damage|p1a: Corviknight|52/100 brn
|
|-heal|p1a: Corviknight|58/100 brn|[from] item: Leftovers
|-damage|p2a: Hydreigon|51/100 brn|[from] brn
|-damage|p1a: Corviknight|52/100 brn|[from] brn
|upkeep
|turn|81
|
|move|p2a: Hydreigon|Fire Blast|p1a: Corviknight
|-supereffective|p1a: Corviknight
|-end|p1a: Corviknight|Substitute
|move|p1a: Corviknight|Substitute|p1a: Corviknight
|-start|p1a: Corviknight|Substitute
|-damage|p1a: Corviknight|27/100 brn
|
|-heal|p1a: Corviknight|33/100 brn|[from] item: Leftovers
|-damage|p2a: Hydreigon|45/100 brn|[from] brn
|-damage|p1a: Corviknight|27/100 brn|[from] brn
|-end|p1a: Corviknight|Disable
|upkeep
|turn|82
|
|move|p2a: Hydreigon|Fire Blast|p1a: Corviknight
|-supereffective|p1a: Corviknight
|-end|p1a: Corviknight|Substitute
|move|p1a: Corviknight|Brave Bird|p2a: Hydreigon
|-damage|p2a: Hydreigon|0 fnt
|-damage|p1a: Corviknight|15/100 brn|[from] Recoil
|faint|p2a: Hydreigon
|
|-heal|p1a: Corviknight|21/100 brn|[from] item: Leftovers
|-damage|p1a: Corviknight|15/100 brn|[from] brn
|upkeep
|
|switch|p2a: Hawlucha|Hawlucha, M|75/100
|turn|83
|
|move|p2a: Hawlucha|Swords Dance|p2a: Hawlucha
|-boost|p2a: Hawlucha|atk|2
|move|p1a: Corviknight|Roost|p1a: Corviknight
|-heal|p1a: Corviknight|65/100 brn
|-singleturn|p1a: Corviknight|move: Roost
|
|-heal|p1a: Corviknight|71/100 brn|[from] item: Leftovers
|-damage|p1a: Corviknight|65/100 brn|[from] brn
|upkeep
|turn|84
|
|move|p2a: Hawlucha|Close Combat|p1a: Corviknight
|-damage|p1a: Corviknight|44/100 brn
|-unboost|p2a: Hawlucha|def|1
|-unboost|p2a: Hawlucha|spd|1
|move|p1a: Corviknight|Brave Bird|p2a: Hawlucha
|-supereffective|p2a: Hawlucha
|-damage|p2a: Hawlucha|0 fnt
|-damage|p1a: Corviknight|25/100 brn|[from] Recoil
|faint|p2a: Hawlucha
|
|-heal|p1a: Corviknight|31/100 brn|[from] item: Leftovers
|-damage|p1a: Corviknight|25/100 brn|[from] brn
|upkeep
|
|switch|p2a: Bisharp|Bisharp, F, shiny|57/100 brn
|turn|85
|
|move|p2a: Bisharp|Low Kick|p1a: Corviknight
|-damage|p1a: Corviknight|21/100 brn
|-damage|p2a: Bisharp|47/100 brn|[from] item: Life Orb
|move|p1a: Corviknight|Roost|p1a: Corviknight
|-heal|p1a: Corviknight|71/100 brn
|-singleturn|p1a: Corviknight|move: Roost
|
|-heal|p1a: Corviknight|77/100 brn|[from] item: Leftovers
|-damage|p2a: Bisharp|41/100 brn|[from] brn
|-damage|p1a: Corviknight|71/100 brn|[from] brn
|upkeep
|turn|86
|
|move|p2a: Bisharp|Swords Dance|p2a: Bisharp
|-boost|p2a: Bisharp|atk|2
|move|p1a: Corviknight|Substitute|p1a: Corviknight
|-start|p1a: Corviknight|Substitute
|-damage|p1a: Corviknight|46/100 brn
|
|-heal|p1a: Corviknight|52/100 brn|[from] item: Leftovers
|-damage|p2a: Bisharp|35/100 brn|[from] brn
|-damage|p1a: Corviknight|46/100 brn|[from] brn
|upkeep
|turn|87
|
|move|p2a: Bisharp|Low Kick|p1a: Corviknight
|-activate|p1a: Corviknight|move: Substitute|[damage]
|-damage|p2a: Bisharp|25/100 brn|[from] item: Life Orb
|move|p1a: Corviknight|Brave Bird|p2a: Bisharp
|-resisted|p2a: Bisharp
|-damage|p2a: Bisharp|0 fnt
|-damage|p1a: Corviknight|41/100 brn|[from] Recoil
|faint|p2a: Bisharp
|
|-heal|p1a: Corviknight|47/100 brn|[from] item: Leftovers
|-damage|p1a: Corviknight|41/100 brn|[from] brn
|upkeep
|
|switch|p2a: Corsola|Corsola-Galar, M|21/100
|turn|88
|c|☆Contemporary Yard|gg
|
|move|p1a: Corviknight|Brave Bird|p2a: Corsola
|-damage|p2a: Corsola|0 fnt
|-damage|p1a: Corviknight|35/100 brn|[from] Recoil
|faint|p2a: Corsola
|
|win|Contemporary Yard
|c|☆OUTM PLS SAY YES|gg
|l|☆OUTM PLS SAY YES
|raw|Contemporary Yard's rating: 1565 → 1586(+21 for winning)
|raw|OUTM PLS SAY YES's rating: 1568 → 1548(-20 for losing)
