|ScrapeTime|2020-01-01-23:56:45
|j|☆Grinwald Krieg
|j|☆Kingstar2041
|player|p1|Grinwald Krieg|mina|1113
|player|p2|Kingstar2041|265|1073
|teamsize|p1|6
|teamsize|p2|6
|gametype|singles
|gen|8
|tier|[Gen 8] OU
|rated|
|rule|Sleep Clause Mod: Limit one foe put to sleep
|rule|Species Clause: Limit one of each Pokémon
|rule|OHKO Clause: OHKO moves are banned
|rule|Evasion Moves Clause: Evasion moves are banned
|rule|Endless Battle Clause: Forcing endless battles is banned
|rule|HP Percentage Mod: HP is shown in percentages
|clearpoke
|poke|p1|Cloyster, F|
|poke|p1|Dragapult, M|
|poke|p1|Cinderace, F|
|poke|p1|Clefable, M|
|poke|p1|Aegislash, F|
|poke|p1|Seismitoad, M|
|poke|p2|Cinderace, F|
|poke|p2|Dracovish|
|poke|p2|Aegislash, F|
|poke|p2|Mantine, F|
|poke|p2|Gardevoir, F|
|poke|p2|Vileplume, M|
|rule|Dynamax Clause: You cannot dynamax
|teampreview
|inactive|Battle timer is ON: inactive players will automatically lose when time's up. (requested by Grinwald Krieg)
|
|start
|switch|p1a: Aegislash|Aegislash, F|100/100
|switch|p2a: Cinderace|Cinderace, F|100/100
|turn|1
|
|move|p2a: Cinderace|Pyro Ball|p1a: Aegislash
|-supereffective|p1a: Aegislash
|-damage|p1a: Aegislash|11/100
|-formechange|p1a: Aegislash|Aegislash-Blade||[from] ability: Stance Change
|move|p1a: Aegislash|Close Combat|p2a: Cinderace
|-damage|p2a: Cinderace|22/100
|-unboost|p1a: Aegislash|def|1
|-unboost|p1a: Aegislash|spd|1
|
|-heal|p1a: Aegislash|17/100|[from] item: Leftovers
|upkeep
|turn|2
|
|move|p2a: Cinderace|Sucker Punch|p1a: Aegislash
|-supereffective|p1a: Aegislash
|-damage|p1a: Aegislash|0 fnt
|faint|p1a: Aegislash
|
|upkeep
|
|switch|p1a: Cloyster|Cloyster, F, shiny|100/100
|turn|3
|
|move|p2a: Cinderace|High Jump Kick|p1a: Cloyster
|-supereffective|p1a: Cloyster
|-damage|p1a: Cloyster|32/100
|move|p1a: Cloyster|Shell Smash|p1a: Cloyster
|-unboost|p1a: Cloyster|def|1
|-unboost|p1a: Cloyster|spd|1
|-boost|p1a: Cloyster|atk|2
|-boost|p1a: Cloyster|spa|2
|-boost|p1a: Cloyster|spe|2
|
|upkeep
|turn|4
|
|move|p2a: Cinderace|Sucker Punch||[still]
|-fail|p2a: Cinderace
|move|p1a: Cloyster|Shell Smash|p1a: Cloyster
|-unboost|p1a: Cloyster|def|1
|-unboost|p1a: Cloyster|spd|1
|-boost|p1a: Cloyster|atk|2
|-boost|p1a: Cloyster|spa|2
|-boost|p1a: Cloyster|spe|2
|
|upkeep
|turn|5
|
|move|p1a: Cloyster|Icicle Spear|p2a: Cinderace
|-resisted|p2a: Cinderace
|-damage|p2a: Cinderace|0 fnt
|-hitcount|p2a: Cinderace|1
|faint|p2a: Cinderace
|
|upkeep
|
|switch|p2a: Aegislash|Aegislash, F|100/100
|turn|6
|
|-formechange|p2a: Aegislash|Aegislash-Blade||[from] ability: Stance Change
|move|p2a: Aegislash|Shadow Sneak|p1a: Cloyster
|-damage|p1a: Cloyster|0 fnt
|faint|p1a: Cloyster
|
|upkeep
|
|switch|p1a: Cinderace|Cinderace, F|100/100
|turn|7
|
|switch|p2a: Mantine|Mantine, F|100/100
|move|p1a: Cinderace|Pyro Ball|p2a: Mantine
|-resisted|p2a: Mantine
|-damage|p2a: Mantine|64/100
|
|-heal|p2a: Mantine|70/100|[from] item: Leftovers
|upkeep
|turn|8
|
|move|p1a: Cinderace|U-turn|p2a: Mantine
|-resisted|p2a: Mantine
|-damage|p2a: Mantine|57/100
|
|switch|p1a: Seismitoad|Seismitoad, M|100/100|[from]move: U-turn
|move|p2a: Mantine|Hydro Pump|p1a: Seismitoad
|-immune|p1a: Seismitoad|[from] ability: Water Absorb
|
|-heal|p2a: Mantine|63/100|[from] item: Leftovers
|upkeep
|turn|9
|
|move|p1a: Seismitoad|Ice Punch|p2a: Mantine
|-damage|p2a: Mantine|34/100
|move|p2a: Mantine|Air Slash|p1a: Seismitoad
|-damage|p1a: Seismitoad|84/100
|
|-heal|p2a: Mantine|41/100|[from] item: Leftovers
|upkeep
|turn|10
|
|switch|p2a: Vileplume|Vileplume, M|100/100
|move|p1a: Seismitoad|Ice Punch|p2a: Vileplume
|-supereffective|p2a: Vileplume
|-damage|p2a: Vileplume|50/100
|
|upkeep
|turn|11
|
|move|p1a: Seismitoad|Ice Punch|p2a: Vileplume
|-supereffective|p2a: Vileplume
|-damage|p2a: Vileplume|0 fnt
|faint|p2a: Vileplume
|
|upkeep
|-message|Kingstar2041 forfeited.
|
|win|Grinwald Krieg
|l|☆Kingstar2041
|raw|Grinwald Krieg's rating: 1113 → 1135(+22 for winning)
|raw|Kingstar2041's rating: 1073 → 1055(-18 for losing)
