|ScrapeTime|2020-01-02-02:46:33
|j|☆lilospeos
|j|☆Kingdra
|player|p1|lilospeos|102|1244
|player|p2|Kingdra|101|1212
|teamsize|p1|6
|teamsize|p2|6
|gametype|singles
|gen|8
|tier|[Gen 8] OU
|rated|
|rule|Sleep Clause Mod: Limit one foe put to sleep
|rule|Species Clause: Limit one of each Pokémon
|rule|OHKO Clause: OHKO moves are banned
|rule|Evasion Moves Clause: Evasion moves are banned
|rule|Endless Battle Clause: Forcing endless battles is banned
|rule|HP Percentage Mod: HP is shown in percentages
|clearpoke
|poke|p1|Cinderace, F|
|poke|p1|Cloyster, M|
|poke|p1|Ferrothorn, F|
|poke|p1|Eldegoss, F|
|poke|p1|Togekiss, M|
|poke|p1|Dragapult, M|
|poke|p2|Hydreigon, F|
|poke|p2|Clefable, F|
|poke|p2|Seismitoad, F|
|poke|p2|Ditto|
|poke|p2|Mandibuzz, F|
|poke|p2|Dracovish|
|rule|Dynamax Clause: You cannot dynamax
|teampreview
|
|start
|switch|p1a: Cloyster|Cloyster, M|100/100
|switch|p2a: Seismitoad|Seismitoad, F|100/100
|turn|1
|
|move|p1a: Cloyster|Shell Smash|p1a: Cloyster
|-unboost|p1a: Cloyster|def|1
|-unboost|p1a: Cloyster|spd|1
|-boost|p1a: Cloyster|atk|2
|-boost|p1a: Cloyster|spa|2
|-boost|p1a: Cloyster|spe|2
|-enditem|p1a: Cloyster|White Herb
|-clearnegativeboost|p1a: Cloyster|[silent]
|move|p2a: Seismitoad|Toxic|p1a: Cloyster
|-status|p1a: Cloyster|tox
|
|-damage|p1a: Cloyster|94/100 tox|[from] psn
|upkeep
|turn|2
|
|move|p1a: Cloyster|Icicle Spear|p2a: Seismitoad
|-damage|p2a: Seismitoad|85/100
|-damage|p2a: Seismitoad|70/100
|-damage|p2a: Seismitoad|54/100
|-damage|p2a: Seismitoad|38/100
|-damage|p2a: Seismitoad|22/100
|-hitcount|p2a: Seismitoad|5
|move|p2a: Seismitoad|Stealth Rock|p1a: Cloyster
|-sidestart|p1: lilospeos|move: Stealth Rock
|
|-heal|p2a: Seismitoad|28/100|[from] item: Leftovers
|-damage|p1a: Cloyster|82/100 tox|[from] psn
|upkeep
|turn|3
|
|move|p1a: Cloyster|Liquidation|p2a: Seismitoad
|-heal|p2a: Seismitoad|53/100|[from] ability: Water Absorb|[of] p1a: Cloyster
|move|p2a: Seismitoad|Scald|p1a: Cloyster
|-resisted|p1a: Cloyster
|-damage|p1a: Cloyster|51/100 tox
|
|-heal|p2a: Seismitoad|59/100|[from] item: Leftovers
|-damage|p1a: Cloyster|32/100 tox|[from] psn
|upkeep
|turn|4
|c|☆lilospeos|X.X
|
|move|p1a: Cloyster|Icicle Spear|p2a: Seismitoad
|-damage|p2a: Seismitoad|41/100
|-damage|p2a: Seismitoad|25/100
|-crit|p2a: Seismitoad
|-damage|p2a: Seismitoad|0 fnt
|-hitcount|p2a: Seismitoad|3
|faint|p2a: Seismitoad
|
|-damage|p1a: Cloyster|7/100 tox|[from] psn
|upkeep
|
|switch|p2a: Ditto|Ditto|100/100
|-transform|p2a: Ditto|p1a: Cloyster|[from] ability: Imposter
|turn|5
|
|move|p2a: Ditto|Icicle Spear|p1a: Cloyster
|-resisted|p1a: Cloyster
|-damage|p1a: Cloyster|2/100 tox
|-resisted|p1a: Cloyster
|-damage|p1a: Cloyster|0 fnt
|-hitcount|p1a: Cloyster|2
|faint|p1a: Cloyster
|
|upkeep
|
|switch|p1a: Dragapult|Dragapult, M|100/100
|-damage|p1a: Dragapult|88/100|[from] Stealth Rock
|turn|6
|
|move|p2a: Ditto|Icicle Spear|p1a: Dragapult
|-supereffective|p1a: Dragapult
|-damage|p1a: Dragapult|24/100
|-supereffective|p1a: Dragapult
|-damage|p1a: Dragapult|0 fnt
|-hitcount|p1a: Dragapult|2
|faint|p1a: Dragapult
|
|upkeep
|
|switch|p1a: Ferrothorn|Ferrothorn, F|100/100
|-damage|p1a: Ferrothorn|94/100|[from] Stealth Rock
|turn|7
|
|move|p2a: Ditto|Icicle Spear|p1a: Ferrothorn
|-damage|p1a: Ferrothorn|80/100
|-damage|p1a: Ferrothorn|68/100
|-damage|p1a: Ferrothorn|54/100
|-damage|p1a: Ferrothorn|40/100
|-damage|p1a: Ferrothorn|26/100
|-hitcount|p1a: Ferrothorn|5
|move|p1a: Ferrothorn|Power Whip|p2a: Ditto
|-supereffective|p2a: Ditto
|-damage|p2a: Ditto|46/100
|
|-heal|p1a: Ferrothorn|32/100|[from] item: Leftovers
|upkeep
|turn|8
|
|move|p1a: Ferrothorn|Protect|p1a: Ferrothorn
|-singleturn|p1a: Ferrothorn|Protect
|move|p2a: Ditto|Icicle Spear|p1a: Ferrothorn
|-activate|p1a: Ferrothorn|move: Protect
|
|-heal|p1a: Ferrothorn|38/100|[from] item: Leftovers
|upkeep
|turn|9
|-message|lilospeos forfeited.
|
|win|Kingdra
|l|☆lilospeos
|raw|lilospeos's rating: 1244 → 1217(-27 for losing)
|raw|Kingdra's rating: 1212 → 1240(+28 for winning)
