|ScrapeTime|2020-01-01-16:15:12
|j|☆O Man2020
|j|☆FraRPetO
|player|p1|O Man2020|colress|1489
|player|p2|FraRPetO|unknown|1556
|teamsize|p1|6
|teamsize|p2|6
|gametype|singles
|gen|8
|tier|[Gen 8] OU
|rated|
|rule|Sleep Clause Mod: Limit one foe put to sleep
|rule|Species Clause: Limit one of each Pokémon
|rule|OHKO Clause: OHKO moves are banned
|rule|Evasion Moves Clause: Evasion moves are banned
|rule|Endless Battle Clause: Forcing endless battles is banned
|rule|HP Percentage Mod: HP is shown in percentages
|clearpoke
|poke|p1|Roserade, F|
|poke|p1|Bisharp, M|
|poke|p1|Sylveon, M|
|poke|p1|Dragapult, F|
|poke|p1|Excadrill, M|
|poke|p1|Gyarados, M|
|poke|p2|Ribombee, F|
|poke|p2|Obstagoon, M|
|poke|p2|Seismitoad, M|
|poke|p2|Chandelure, F|
|poke|p2|Dracozolt|
|poke|p2|Lucario, M|
|rule|Dynamax Clause: You cannot dynamax
|teampreview
|inactive|Battle timer is ON: inactive players will automatically lose when time's up. (requested by O Man2020)
|
|start
|switch|p1a: Excadrill|Excadrill, M|100/100
|switch|p2a: Obstagoon|Obstagoon, M|100/100
|-ability|p1a: Excadrill|Mold Breaker
|turn|1
|c|☆O Man2020|Gl hf
|c|☆FraRPetO|hf
|
|move|p2a: Obstagoon|Taunt|p1a: Excadrill
|-start|p1a: Excadrill|move: Taunt
|cant|p1a: Excadrill|move: Taunt|Stealth Rock
|
|-status|p2a: Obstagoon|brn|[from] item: Flame Orb
|upkeep
|turn|2
|
|move|p2a: Obstagoon|Knock Off|p1a: Excadrill
|-damage|p1a: Excadrill|12/100
|-enditem|p1a: Excadrill|Sitrus Berry|[from] move: Knock Off|[of] p2a: Obstagoon
|move|p1a: Excadrill|Rapid Spin|p2a: Obstagoon
|-damage|p2a: Obstagoon|80/100 brn
|-boost|p1a: Excadrill|spe|1
|
|-damage|p2a: Obstagoon|74/100 brn|[from] brn
|upkeep
|turn|3
|
|move|p1a: Excadrill|Iron Head|p2a: Obstagoon
|-damage|p2a: Obstagoon|29/100 brn
|move|p2a: Obstagoon|Knock Off|p1a: Excadrill
|-damage|p1a: Excadrill|0 fnt
|faint|p1a: Excadrill
|
|-damage|p2a: Obstagoon|23/100 brn|[from] brn
|upkeep
|
|switch|p1a: Dragapult|Dragapult, F|100/100
|turn|4
|
|move|p1a: Dragapult|U-turn|p2a: Obstagoon
|-supereffective|p2a: Obstagoon
|-damage|p2a: Obstagoon|0 fnt
|faint|p2a: Obstagoon
|
|switch|p1a: Roserade|Roserade, F|100/100|[from]move: U-turn
|
|upkeep
|
|switch|p2a: Ribombee|Ribombee, F|100/100
|turn|5
|
|move|p2a: Ribombee|Sticky Web|p1a: Roserade
|-sidestart|p1: O Man2020|move: Sticky Web
|move|p1a: Roserade|Sleep Powder|p2a: Ribombee
|-status|p2a: Ribombee|slp|[from] move: Sleep Powder
|
|upkeep
|turn|6
|
|cant|p2a: Ribombee|slp
|move|p1a: Roserade|Spikes|p2a: Ribombee
|-sidestart|p2: FraRPetO|Spikes
|
|upkeep
|turn|7
|
|switch|p2a: Lucario|Lucario, M|100/100
|-damage|p2a: Lucario|88/100|[from] Spikes
|move|p1a: Roserade|Spikes|p2a: Lucario
|-sidestart|p2: FraRPetO|Spikes
|
|upkeep
|turn|8
|inactive|O Man2020 has 120 seconds left.
|
|move|p1a: Roserade|Toxic Spikes|p2a: Lucario
|-sidestart|p2: FraRPetO|move: Toxic Spikes
|move|p2a: Lucario|Nasty Plot|p2a: Lucario
|-boost|p2a: Lucario|spa|2
|
|upkeep
|turn|9
|
|move|p1a: Roserade|Leaf Storm|p2a: Lucario
|-resisted|p2a: Lucario
|-damage|p2a: Lucario|38/100
|-unboost|p1a: Roserade|spa|2
|move|p2a: Lucario|Nasty Plot|p2a: Lucario
|-boost|p2a: Lucario|spa|2
|
|upkeep
|turn|10
|inactive|O Man2020 has 120 seconds left.
|
|move|p2a: Lucario|Flash Cannon|p1a: Roserade
|-enditem|p1a: Roserade|Focus Sash
|-damage|p1a: Roserade|1/100
|-damage|p2a: Lucario|28/100|[from] item: Life Orb
|move|p1a: Roserade|Spikes|p2a: Lucario
|-sidestart|p2: FraRPetO|Spikes
|
|upkeep
|turn|11
|
|move|p2a: Lucario|Vacuum Wave|p1a: Roserade
|-resisted|p1a: Roserade
|-damage|p1a: Roserade|0 fnt
|-damage|p2a: Lucario|18/100|[from] item: Life Orb
|faint|p1a: Roserade
|
|upkeep
|
|switch|p1a: Dragapult|Dragapult, F|100/100
|-activate|p1a: Dragapult|move: Sticky Web
|-unboost|p1a: Dragapult|spe|1
|turn|12
|
|move|p1a: Dragapult|Shadow Ball|p2a: Lucario
|-damage|p2a: Lucario|0 fnt
|faint|p2a: Lucario
|
|upkeep
|
|switch|p2a: Seismitoad|Seismitoad, M|100/100
|-status|p2a: Seismitoad|psn
|-damage|p2a: Seismitoad|75/100 psn|[from] Spikes
|turn|13
|
|move|p1a: Dragapult|Shadow Ball|p2a: Seismitoad
|-damage|p2a: Seismitoad|32/100 psn
|move|p2a: Seismitoad|Stealth Rock|p1a: Dragapult
|-sidestart|p1: O Man2020|move: Stealth Rock
|
|-damage|p2a: Seismitoad|19/100 psn|[from] psn
|upkeep
|turn|14
|
|switch|p1a: Gyarados|Gyarados, M|100/100
|-damage|p1a: Gyarados|76/100|[from] Stealth Rock
|move|p2a: Seismitoad|Earth Power|p1a: Gyarados
|-immune|p1a: Gyarados
|
|-heal|p1a: Gyarados|82/100|[from] item: Leftovers
|-damage|p2a: Seismitoad|7/100 psn|[from] psn
|upkeep
|turn|15
|
|move|p1a: Gyarados|Dragon Dance|p1a: Gyarados
|-boost|p1a: Gyarados|atk|1
|-boost|p1a: Gyarados|spe|1
|move|p2a: Seismitoad|Toxic|p1a: Gyarados
|-status|p1a: Gyarados|tox
|
|-heal|p1a: Gyarados|88/100 tox|[from] item: Leftovers
|-damage|p1a: Gyarados|82/100 tox|[from] psn
|-damage|p2a: Seismitoad|0 fnt|[from] psn
|faint|p2a: Seismitoad
|upkeep
|
|switch|p2a: Ribombee|Ribombee, F|100/100 slp
|-damage|p2a: Ribombee|76/100 slp|[from] Spikes
|turn|16
|
|move|p1a: Gyarados|Waterfall|p2a: Ribombee
|-damage|p2a: Ribombee|0 fnt
|faint|p2a: Ribombee
|-ability|p1a: Gyarados|Moxie|boost
|-boost|p1a: Gyarados|atk|1
|
|-heal|p1a: Gyarados|88/100 tox|[from] item: Leftovers
|-damage|p1a: Gyarados|76/100 tox|[from] psn
|upkeep
|
|switch|p2a: Dracozolt|Dracozolt|100/100
|-status|p2a: Dracozolt|psn
|-damage|p2a: Dracozolt|76/100 psn|[from] Spikes
|turn|17
|
|move|p1a: Gyarados|Ice Fang|p2a: Dracozolt
|-supereffective|p2a: Dracozolt
|-damage|p2a: Dracozolt|0 fnt
|faint|p2a: Dracozolt
|-ability|p1a: Gyarados|Moxie|boost
|-boost|p1a: Gyarados|atk|1
|
|-heal|p1a: Gyarados|82/100 tox|[from] item: Leftovers
|-damage|p1a: Gyarados|64/100 tox|[from] psn
|upkeep
|-message|FraRPetO forfeited.
|
|win|O Man2020
|l|☆FraRPetO
|raw|O Man2020's rating: 1489 → 1513(+24 for winning)
|raw|FraRPetO's rating: 1549 → 1525(-24 for losing)
|c|☆O Man2020|Gg
