|ScrapeTime|2020-01-02-14:15:01
|j|☆Last Rank
|j|☆dripfather
|player|p1|Last Rank|acetrainer|1443
|player|p2|dripfather|102|1351
|teamsize|p1|6
|teamsize|p2|6
|gametype|singles
|gen|8
|tier|[Gen 8] OU
|rated|
|rule|Sleep Clause Mod: Limit one foe put to sleep
|rule|Species Clause: Limit one of each Pokémon
|rule|OHKO Clause: OHKO moves are banned
|rule|Evasion Moves Clause: Evasion moves are banned
|rule|Endless Battle Clause: Forcing endless battles is banned
|rule|HP Percentage Mod: HP is shown in percentages
|clearpoke
|poke|p1|Indeedee, M|
|poke|p1|Bewear, M|
|poke|p1|Araquanid, M|
|poke|p1|Drapion, F|
|poke|p1|Gengar, F|
|poke|p1|Sirfetch'd, F|
|poke|p2|Dracovish|
|poke|p2|Rotom-Mow|
|poke|p2|Pelipper, F|
|poke|p2|Barraskewda, M|
|poke|p2|Crawdaunt, M|
|poke|p2|Seismitoad, M|
|rule|Dynamax Clause: You cannot dynamax
|teampreview
|inactive|Battle timer is ON: inactive players will automatically lose when time's up. (requested by Last Rank)
|
|start
|switch|p1a: Araquanid|Araquanid, M|100/100
|switch|p2a: Pelipper|Pelipper, F|100/100
|-weather|RainDance|[from] ability: Drizzle|[of] p2a: Pelipper
|turn|1
|
|move|p2a: Pelipper|Hurricane|p1a: Araquanid
|-supereffective|p1a: Araquanid
|-damage|p1a: Araquanid|56/100
|move|p1a: Araquanid|Sticky Web|p2a: Pelipper
|-sidestart|p2: dripfather|move: Sticky Web
|
|-weather|RainDance|[upkeep]
|upkeep
|turn|2
|
|move|p2a: Pelipper|U-turn|p1a: Araquanid
|-damage|p1a: Araquanid|46/100
|
|switch|p2a: Dracovish|Dracovish|100/100|[from]move: U-turn
|-activate|p2a: Dracovish|move: Sticky Web
|-unboost|p2a: Dracovish|spe|1
|move|p1a: Araquanid|Rest|p1a: Araquanid
|-status|p1a: Araquanid|slp|[from] move: Rest
|-heal|p1a: Araquanid|100/100 slp|[silent]
|
|-weather|RainDance|[upkeep]
|upkeep
|turn|3
|
|move|p2a: Dracovish|Fishious Rend|p1a: Araquanid
|-immune|p1a: Araquanid|[from] ability: Water Absorb
|cant|p1a: Araquanid|slp
|
|-weather|RainDance|[upkeep]
|upkeep
|turn|4
|
|switch|p2a: Rotom|Rotom-Mow|100/100
|cant|p1a: Araquanid|slp
|
|-weather|RainDance|[upkeep]
|upkeep
|turn|5
|
|switch|p1a: Bewear|Bewear, M|100/100
|move|p2a: Rotom|Nasty Plot|p2a: Rotom
|-boost|p2a: Rotom|spa|2
|
|-weather|RainDance|[upkeep]
|upkeep
|turn|6
|
|move|p2a: Rotom|Leaf Storm|p1a: Bewear
|-damage|p1a: Bewear|25/100
|-unboost|p2a: Rotom|spa|2
|move|p1a: Bewear|Facade|p2a: Rotom
|-damage|p2a: Rotom|59/100
|
|-weather|RainDance|[upkeep]
|-heal|p2a: Rotom|65/100|[from] item: Leftovers
|upkeep
|turn|7
|
|switch|p1a: Indeedee|Indeedee, M|100/100
|-fieldstart|move: Psychic Terrain|[from] ability: Psychic Surge|[of] p1a: Indeedee
|move|p2a: Rotom|Leaf Storm|p1a: Indeedee
|-damage|p1a: Indeedee|33/100
|-unboost|p2a: Rotom|spa|2
|
|-weather|RainDance|[upkeep]
|-heal|p2a: Rotom|70/100|[from] item: Leftovers
|upkeep
|turn|8
|
|switch|p2a: Crawdaunt|Crawdaunt, M|100/100
|-activate|p2a: Crawdaunt|move: Sticky Web
|-unboost|p2a: Crawdaunt|spe|1
|move|p1a: Indeedee|Hyper Voice|p2a: Crawdaunt
|-damage|p2a: Crawdaunt|0 fnt
|faint|p2a: Crawdaunt
|
|-weather|none
|upkeep
|
|switch|p2a: Pelipper|Pelipper, F|100/100
|-weather|RainDance|[from] ability: Drizzle|[of] p2a: Pelipper
|turn|9
|
|move|p1a: Indeedee|Hyper Voice|p2a: Pelipper
|-damage|p2a: Pelipper|12/100
|move|p2a: Pelipper|U-turn|p1a: Indeedee
|-supereffective|p1a: Indeedee
|-damage|p1a: Indeedee|0 fnt
|faint|p1a: Indeedee
|l|☆dripfather
|inactive|dripfather disconnected and has a minute to reconnect!
|player|p2|
|inactive|dripfather has 30 seconds to reconnect!
|inactive|dripfather has 20 seconds to reconnect!
|j|☆dripfather
|inactive|dripfather reconnected and has 90 seconds left.
|player|p2|dripfather|102
|
|switch|p2a: Rotom|Rotom-Mow|70/100|[from]move: U-turn
|
|-weather|RainDance|[upkeep]
|-heal|p2a: Rotom|76/100|[from] item: Leftovers
|upkeep
|
|switch|p1a: Gengar|Gengar, F|100/100
|turn|10
|inactive|dripfather has 90 seconds left.
|
|move|p1a: Gengar|Sludge Wave|p2a: Rotom
|-supereffective|p2a: Rotom
|-damage|p2a: Rotom|0 fnt
|faint|p2a: Rotom
|
|-weather|RainDance|[upkeep]
|upkeep
|inactive|dripfather has 90 seconds left.
|
|switch|p2a: Barraskewda|Barraskewda, M|100/100
|-activate|p2a: Barraskewda|move: Sticky Web
|-unboost|p2a: Barraskewda|spe|1
|turn|11
|
|switch|p1a: Araquanid|Araquanid, M|100/100 slp
|move|p2a: Barraskewda|Psychic Fangs|p1a: Araquanid
|-damage|p1a: Araquanid|32/100 slp
|
|-weather|RainDance|[upkeep]
|-fieldend|move: Psychic Terrain
|upkeep
|turn|12
|
|switch|p1a: Drapion|Drapion, F|100/100
|move|p2a: Barraskewda|Psychic Fangs|p1a: Drapion
|-immune|p1a: Drapion
|
|-weather|RainDance|[upkeep]
|upkeep
|turn|13
|
|switch|p2a: Seismitoad|Seismitoad, M|100/100
|-activate|p2a: Seismitoad|move: Sticky Web
|-unboost|p2a: Seismitoad|spe|1
|move|p1a: Drapion|Knock Off|p2a: Seismitoad
|-damage|p2a: Seismitoad|79/100
|-enditem|p2a: Seismitoad|Leftovers|[from] move: Knock Off|[of] p1a: Drapion
|
|-weather|RainDance|[upkeep]
|upkeep
|turn|14
|inactive|dripfather has 120 seconds left.
|
|switch|p1a: Bewear|Bewear, M|25/100
|move|p2a: Seismitoad|Earthquake|p1a: Bewear
|-damage|p1a: Bewear|0 fnt
|faint|p1a: Bewear
|
|-weather|RainDance|[upkeep]
|upkeep
|
|switch|p1a: Sirfetch'd|Sirfetch'd, F|100/100
|turn|15
|inactive|dripfather has 120 seconds left.
|
|move|p1a: Sirfetch'd|Leaf Blade|p2a: Seismitoad
|-supereffective|p2a: Seismitoad
|-damage|p2a: Seismitoad|0 fnt
|faint|p2a: Seismitoad
|
|-weather|RainDance|[upkeep]
|upkeep
|inactive|dripfather has 120 seconds left.
|
|switch|p2a: Barraskewda|Barraskewda, M|100/100
|-activate|p2a: Barraskewda|move: Sticky Web
|-unboost|p2a: Barraskewda|spe|1
|turn|16
|inactive|dripfather has 120 seconds left.
|
|move|p2a: Barraskewda|Close Combat|p1a: Sirfetch'd
|-damage|p1a: Sirfetch'd|16/100
|-unboost|p2a: Barraskewda|def|1
|-unboost|p2a: Barraskewda|spd|1
|move|p1a: Sirfetch'd|Leaf Blade|p2a: Barraskewda
|-supereffective|p2a: Barraskewda
|-damage|p2a: Barraskewda|0 fnt
|faint|p2a: Barraskewda
|
|-weather|none
|upkeep
|
|switch|p2a: Pelipper|Pelipper, F|12/100
|-weather|RainDance|[from] ability: Drizzle|[of] p2a: Pelipper
|turn|17
|
|move|p1a: Sirfetch'd|Leaf Blade|p2a: Pelipper
|-damage|p2a: Pelipper|0 fnt
|faint|p2a: Pelipper
|
|-weather|RainDance|[upkeep]
|upkeep
|inactive|dripfather has 120 seconds left.
|
|switch|p2a: Dracovish|Dracovish|100/100
|-activate|p2a: Dracovish|move: Sticky Web
|-unboost|p2a: Dracovish|spe|1
|turn|18
|
|switch|p1a: Drapion|Drapion, F|100/100
|move|p2a: Dracovish|Outrage|p1a: Drapion
|-damage|p1a: Drapion|35/100
|
|-weather|RainDance|[upkeep]
|-heal|p1a: Drapion|41/100|[from] item: Black Sludge
|upkeep
|turn|19
|
|move|p1a: Drapion|Knock Off|p2a: Dracovish
|-damage|p2a: Dracovish|70/100
|-enditem|p2a: Dracovish|Choice Band|[from] move: Knock Off|[of] p1a: Drapion
|move|p2a: Dracovish|Outrage|p1a: Drapion|[from]lockedmove
|-damage|p1a: Drapion|0 fnt
|faint|p1a: Drapion
|
|-weather|RainDance|[upkeep]
|upkeep
|
|switch|p1a: Gengar|Gengar, F|100/100
|turn|20
|
|move|p1a: Gengar|Dazzling Gleam|p2a: Dracovish
|-supereffective|p2a: Dracovish
|-damage|p2a: Dracovish|0 fnt
|faint|p2a: Dracovish
|
|win|Last Rank
|l|☆dripfather
|raw|Last Rank's rating: 1443 → 1458(+15 for winning)
|raw|dripfather's rating: 1351 → 1337(-14 for losing)
