|ScrapeTime|2020-01-01-20:36:50
|j|☆Jakarn
|j|☆athertot
|player|p1|Jakarn|acerola|1472
|player|p2|athertot|1|1413
|teamsize|p1|6
|teamsize|p2|6
|gametype|singles
|gen|8
|tier|[Gen 8] OU
|rated|
|rule|Sleep Clause Mod: Limit one foe put to sleep
|rule|Species Clause: Limit one of each Pokémon
|rule|OHKO Clause: OHKO moves are banned
|rule|Evasion Moves Clause: Evasion moves are banned
|rule|Endless Battle Clause: Forcing endless battles is banned
|rule|HP Percentage Mod: HP is shown in percentages
|clearpoke
|poke|p1|Excadrill, M|
|poke|p1|Hatterene, F|
|poke|p1|Conkeldurr, M|
|poke|p1|Dragapult, F|
|poke|p1|Flareon, M|
|poke|p1|Toxapex, F|
|poke|p2|Hydreigon, M|
|poke|p2|Clefable, F|
|poke|p2|Seismitoad, F|
|poke|p2|Ditto|
|poke|p2|Corviknight, M|
|poke|p2|Mandibuzz, F|
|rule|Dynamax Clause: You cannot dynamax
|teampreview
|inactive|Battle timer is ON: inactive players will automatically lose when time's up. (requested by Jakarn)
|
|start
|switch|p1a: Excadrill|Excadrill, M|100/100
|switch|p2a: Seismitoad|Seismitoad, F|100/100
|-ability|p1a: Excadrill|Mold Breaker
|turn|1
|
|move|p1a: Excadrill|Earthquake|p2a: Seismitoad
|-damage|p2a: Seismitoad|64/100
|move|p2a: Seismitoad|Earthquake|p1a: Excadrill
|-supereffective|p1a: Excadrill
|-enditem|p1a: Excadrill|Focus Sash
|-damage|p1a: Excadrill|1/100
|
|-heal|p2a: Seismitoad|70/100|[from] item: Leftovers
|upkeep
|turn|2
|
|switch|p2a: Mandibuzz|Mandibuzz, F|100/100
|move|p1a: Excadrill|Earthquake|p2a: Mandibuzz
|-immune|p2a: Mandibuzz
|
|upkeep
|turn|3
|
|move|p1a: Excadrill|Stealth Rock|p2a: Mandibuzz
|-sidestart|p2: athertot|move: Stealth Rock
|move|p2a: Mandibuzz|Knock Off|p1a: Excadrill
|-damage|p1a: Excadrill|0 fnt
|faint|p1a: Excadrill
|
|upkeep
|
|switch|p1a: Toxapex|Toxapex, F|100/100
|turn|4
|
|switch|p2a: Clefable|Clefable, F|100/100
|move|p1a: Toxapex|Toxic|p2a: Clefable
|-status|p2a: Clefable|tox
|
|upkeep
|turn|5
|
|switch|p2a: Mandibuzz|Mandibuzz, F|100/100
|switch|p1a: Flareon|Flareon, M|100/100
|
|upkeep
|turn|6
|
|switch|p1a: Toxapex|Toxapex, F|100/100
|move|p2a: Mandibuzz|Defog|p1a: Toxapex
|-unboost|p1a: Toxapex|evasion|1
|-sideend|p2: athertot|Stealth Rock|[from] move: Defog|[of] p2a: Mandibuzz
|
|upkeep
|turn|7
|
|move|p2a: Mandibuzz|U-turn|p1a: Toxapex
|-resisted|p1a: Toxapex
|-damage|p1a: Toxapex|97/100
|
|switch|p2a: Clefable|Clefable, F|100/100 tox|[from]move: U-turn
|move|p1a: Toxapex|Toxic|p2a: Clefable
|-fail|p2a: Clefable|tox
|
|-heal|p1a: Toxapex|100/100|[from] item: Black Sludge
|upkeep
|turn|8
|
|move|p2a: Clefable|Thunderbolt|p1a: Toxapex
|-supereffective|p1a: Toxapex
|-damage|p1a: Toxapex|43/100
|move|p1a: Toxapex|Scald|p2a: Clefable
|-damage|p2a: Clefable|83/100 tox
|
|-heal|p1a: Toxapex|50/100|[from] item: Black Sludge
|upkeep
|turn|9
|
|switch|p2a: Seismitoad|Seismitoad, F|70/100
|switch|p1a: Flareon|Flareon, M|100/100
|
|-heal|p2a: Seismitoad|76/100|[from] item: Leftovers
|upkeep
|turn|10
|
|switch|p1a: Conkeldurr|Conkeldurr, M|100/100
|move|p2a: Seismitoad|Earthquake|p1a: Conkeldurr
|-damage|p1a: Conkeldurr|73/100
|
|-heal|p2a: Seismitoad|82/100|[from] item: Leftovers
|-status|p1a: Conkeldurr|brn|[from] item: Flame Orb
|upkeep
|turn|11
|inactive|athertot has 120 seconds left.
|
|switch|p2a: Ditto|Ditto|100/100
|-transform|p2a: Ditto|p1a: Conkeldurr|[from] ability: Imposter
|move|p1a: Conkeldurr|Earthquake|p2a: Ditto
|-damage|p2a: Ditto|24/100
|
|-damage|p1a: Conkeldurr|67/100 brn|[from] brn
|upkeep
|turn|12
|inactive|athertot has 120 seconds left.
|
|move|p2a: Ditto|Mach Punch|p1a: Conkeldurr
|-damage|p1a: Conkeldurr|44/100 brn
|move|p1a: Conkeldurr|Mach Punch|p2a: Ditto
|-damage|p2a: Ditto|0 fnt
|faint|p2a: Ditto
|
|-damage|p1a: Conkeldurr|38/100 brn|[from] brn
|upkeep
|
|switch|p2a: Corviknight|Corviknight, M|100/100
|-ability|p2a: Corviknight|Pressure
|turn|13
|
|switch|p1a: Toxapex|Toxapex, F|83/100
|move|p2a: Corviknight|Brave Bird|p1a: Toxapex
|-damage|p1a: Toxapex|59/100
|-damage|p2a: Corviknight|94/100|[from] Recoil
|
|-heal|p2a: Corviknight|100/100|[from] item: Leftovers
|-heal|p1a: Toxapex|65/100|[from] item: Black Sludge
|upkeep
|turn|14
|
|switch|p2a: Clefable|Clefable, F|83/100 tox
|switch|p1a: Hatterene|Hatterene, F|100/100
|
|upkeep
|turn|15
|
|switch|p1a: Flareon|Flareon, M|100/100
|move|p2a: Clefable|Moonblast|p1a: Flareon
|-resisted|p1a: Flareon
|-damage|p1a: Flareon|81/100
|-unboost|p1a: Flareon|spa|1
|
|-heal|p1a: Flareon|87/100|[from] item: Leftovers
|upkeep
|turn|16
|
|move|p2a: Clefable|Thunderbolt|p1a: Flareon
|-damage|p1a: Flareon|62/100
|move|p1a: Flareon|Wish|p1a: Flareon
|
|-heal|p1a: Flareon|68/100|[from] item: Leftovers
|upkeep
|turn|17
|
|move|p2a: Clefable|Moonblast|p1a: Flareon
|-resisted|p1a: Flareon
|-damage|p1a: Flareon|49/100
|move|p1a: Flareon|Flare Blitz|p2a: Clefable
|-damage|p2a: Clefable|13/100 tox
|-damage|p1a: Flareon|26/100|[from] Recoil
|
|-heal|p1a: Flareon|76/100|[from] move: Wish|[wisher] Flareon
|-heal|p1a: Flareon|82/100|[from] item: Leftovers
|upkeep
|turn|18
|
|switch|p2a: Seismitoad|Seismitoad, F|82/100
|move|p1a: Flareon|Wish|p1a: Flareon
|
|-heal|p2a: Seismitoad|88/100|[from] item: Leftovers
|-heal|p1a: Flareon|88/100|[from] item: Leftovers
|upkeep
|turn|19
|inactive|athertot has 90 seconds left.
|
|switch|p1a: Conkeldurr|Conkeldurr, M|38/100 brn
|move|p2a: Seismitoad|Stealth Rock|p1a: Conkeldurr
|-sidestart|p1: Jakarn|move: Stealth Rock
|
|-heal|p1a: Conkeldurr|79/100 brn|[from] move: Wish|[wisher] Flareon
|-heal|p2a: Seismitoad|94/100|[from] item: Leftovers
|-damage|p1a: Conkeldurr|73/100 brn|[from] brn
|upkeep
|turn|20
|inactive|athertot has 60 seconds left.
|
|switch|p2a: Corviknight|Corviknight, M|100/100
|-ability|p2a: Corviknight|Pressure
|move|p1a: Conkeldurr|Drain Punch|p2a: Corviknight
|-damage|p2a: Corviknight|42/100
|-heal|p1a: Conkeldurr|100/100 brn|[from] drain|[of] p2a: Corviknight
|
|-heal|p2a: Corviknight|48/100|[from] item: Leftovers
|-damage|p1a: Conkeldurr|94/100 brn|[from] brn
|upkeep
|turn|21
|inactive|athertot has 60 seconds left.
|
|move|p2a: Corviknight|Bulk Up|p2a: Corviknight
|-boost|p2a: Corviknight|atk|1
|-boost|p2a: Corviknight|def|1
|move|p1a: Conkeldurr|Drain Punch|p2a: Corviknight
|-damage|p2a: Corviknight|10/100
|-heal|p1a: Conkeldurr|100/100 brn|[from] drain|[of] p2a: Corviknight
|
|-heal|p2a: Corviknight|16/100|[from] item: Leftovers
|-damage|p1a: Conkeldurr|94/100 brn|[from] brn
|upkeep
|turn|22
|
|move|p1a: Conkeldurr|Mach Punch|p2a: Corviknight
|-damage|p2a: Corviknight|0 fnt
|faint|p2a: Corviknight
|
|-damage|p1a: Conkeldurr|88/100 brn|[from] brn
|upkeep
|
|switch|p2a: Clefable|Clefable, F|13/100 tox
|turn|23
|
|move|p1a: Conkeldurr|Mach Punch|p2a: Clefable
|-resisted|p2a: Clefable
|-damage|p2a: Clefable|0 fnt
|faint|p2a: Clefable
|
|-damage|p1a: Conkeldurr|82/100 brn|[from] brn
|upkeep
|inactive|athertot has 60 seconds left.
|
|switch|p2a: Mandibuzz|Mandibuzz, F|100/100
|turn|24
|-message|athertot forfeited.
|
|win|Jakarn
|l|☆athertot
