|ScrapeTime|2020-01-03-01:35:27
|j|☆MIKEYMESTRE
|j|☆uyvghbjbubvyu
|player|p1|MIKEYMESTRE|alder|1000
|player|p2|uyvghbjbubvyu|234|1067
|teamsize|p1|6
|teamsize|p2|4
|gametype|singles
|gen|8
|tier|[Gen 8] OU
|rated|
|rule|Sleep Clause Mod: Limit one foe put to sleep
|rule|Species Clause: Limit one of each Pokémon
|rule|OHKO Clause: OHKO moves are banned
|rule|Evasion Moves Clause: Evasion moves are banned
|rule|Endless Battle Clause: Forcing endless battles is banned
|rule|HP Percentage Mod: HP is shown in percentages
|clearpoke
|poke|p1|Toxapex, M|
|poke|p1|Tyranitar, M|
|poke|p1|Aegislash, M|
|poke|p1|Noivern, M|
|poke|p1|Flareon, M|
|poke|p1|Mamoswine, M|
|poke|p2|Sudowoodo, M|
|poke|p2|Dracovish|
|poke|p2|Corsola-Galar, M|
|poke|p2|Rotom-Heat|
|rule|Dynamax Clause: You cannot dynamax
|teampreview
|inactive|Battle timer is ON: inactive players will automatically lose when time's up. (requested by uyvghbjbubvyu)
|
|start
|switch|p1a: Flareon|Flareon, M|100/100
|switch|p2a: Corsola|Corsola-Galar, M|100/100
|turn|1
|
|move|p1a: Flareon|Rest|p1a: Flareon
|-fail|p1a: Flareon|heal
|move|p2a: Corsola|Strength Sap|p1a: Flareon
|-unboost|p1a: Flareon|atk|1
|
|upkeep
|turn|2
|
|move|p1a: Flareon|Fire Fang|p2a: Corsola
|-damage|p2a: Corsola|89/100
|cant|p2a: Corsola|flinch
|
|upkeep
|turn|3
|
|move|p1a: Flareon|Flamethrower|p2a: Corsola
|-damage|p2a: Corsola|67/100
|-status|p2a: Corsola|brn
|move|p2a: Corsola|Calm Mind|p2a: Corsola
|-boost|p2a: Corsola|spa|1
|-boost|p2a: Corsola|spd|1
|
|-damage|p2a: Corsola|61/100 brn|[from] brn
|upkeep
|turn|4
|
|move|p1a: Flareon|Flamethrower|p2a: Corsola
|-damage|p2a: Corsola|48/100 brn
|move|p2a: Corsola|Calm Mind|p2a: Corsola
|-boost|p2a: Corsola|spa|1
|-boost|p2a: Corsola|spd|1
|
|-damage|p2a: Corsola|42/100 brn|[from] brn
|upkeep
|turn|5
|
|move|p1a: Flareon|Fire Fang|p2a: Corsola
|-damage|p2a: Corsola|30/100 brn
|move|p2a: Corsola|Strength Sap|p1a: Flareon
|-unboost|p1a: Flareon|atk|1
|-heal|p2a: Corsola|96/100 brn
|
|-damage|p2a: Corsola|90/100 brn|[from] brn
|upkeep
|turn|6
|
|move|p1a: Flareon|Flamethrower|p2a: Corsola
|-damage|p2a: Corsola|80/100 brn
|-start|p1a: Flareon|Disable|Flamethrower|[from] ability: Cursed Body|[of] p2a: Corsola
|move|p2a: Corsola|Scald|p1a: Flareon
|-supereffective|p1a: Flareon
|-damage|p1a: Flareon|42/100
|
|-damage|p2a: Corsola|73/100 brn|[from] brn
|upkeep
|turn|7
|
|move|p1a: Flareon|Rest|p1a: Flareon
|-status|p1a: Flareon|slp|[from] move: Rest
|-heal|p1a: Flareon|100/100 slp|[silent]
|move|p2a: Corsola|Scald|p1a: Flareon
|-supereffective|p1a: Flareon
|-damage|p1a: Flareon|49/100 slp
|
|-damage|p2a: Corsola|67/100 brn|[from] brn
|upkeep
|turn|8
|
|cant|p1a: Flareon|slp
|move|p2a: Corsola|Calm Mind|p2a: Corsola
|-boost|p2a: Corsola|spa|1
|-boost|p2a: Corsola|spd|1
|
|-damage|p2a: Corsola|61/100 brn|[from] brn
|upkeep
|turn|9
|
|cant|p1a: Flareon|slp
|move|p2a: Corsola|Scald|p1a: Flareon
|-supereffective|p1a: Flareon
|-damage|p1a: Flareon|0 fnt
|faint|p1a: Flareon
|
|-damage|p2a: Corsola|55/100 brn|[from] brn
|upkeep
|
|switch|p1a: Toxapex|Toxapex, M|100/100
|turn|10
|
|move|p1a: Toxapex|Toxic Spikes|p2a: Corsola
|-sidestart|p2: uyvghbjbubvyu|move: Toxic Spikes
|move|p2a: Corsola|Strength Sap|p1a: Toxapex
|-unboost|p1a: Toxapex|atk|1
|-heal|p2a: Corsola|100/100 brn
|
|-damage|p2a: Corsola|94/100 brn|[from] brn
|upkeep
|turn|11
|
|move|p1a: Toxapex|Poison Jab|p2a: Corsola
|-resisted|p2a: Corsola
|-damage|p2a: Corsola|89/100 brn
|-start|p1a: Toxapex|Disable|Poison Jab|[from] ability: Cursed Body|[of] p2a: Corsola
|move|p2a: Corsola|Calm Mind|p2a: Corsola
|-boost|p2a: Corsola|spa|1
|-boost|p2a: Corsola|spd|1
|
|-damage|p2a: Corsola|83/100 brn|[from] brn
|upkeep
|turn|12
|
|move|p1a: Toxapex|Toxic Spikes|p2a: Corsola
|-sidestart|p2: uyvghbjbubvyu|move: Toxic Spikes
|move|p2a: Corsola|Scald|p1a: Toxapex
|-resisted|p1a: Toxapex
|-damage|p1a: Toxapex|82/100
|
|-damage|p2a: Corsola|76/100 brn|[from] brn
|upkeep
|turn|13
|
|move|p1a: Toxapex|Toxic Spikes||[still]
|-fail|p1a: Toxapex
|move|p2a: Corsola|Scald|p1a: Toxapex
|-resisted|p1a: Toxapex
|-damage|p1a: Toxapex|63/100
|
|-damage|p2a: Corsola|70/100 brn|[from] brn
|upkeep
|turn|14
|
|move|p1a: Toxapex|Toxic||[still]
|-fail|p1a: Toxapex
|move|p2a: Corsola|Scald|p1a: Toxapex
|-resisted|p1a: Toxapex
|-damage|p1a: Toxapex|44/100
|
|-damage|p2a: Corsola|64/100 brn|[from] brn
|-end|p1a: Toxapex|Disable
|upkeep
|turn|15
|
|move|p1a: Toxapex|Toxic Spikes||[still]
|-fail|p1a: Toxapex
|move|p2a: Corsola|Scald|p1a: Toxapex
|-resisted|p1a: Toxapex
|-damage|p1a: Toxapex|24/100
|
|-damage|p2a: Corsola|58/100 brn|[from] brn
|upkeep
|turn|16
|
|move|p1a: Toxapex|Poison Jab|p2a: Corsola
|-resisted|p2a: Corsola
|-damage|p2a: Corsola|53/100 brn
|-start|p1a: Toxapex|Disable|Poison Jab|[from] ability: Cursed Body|[of] p2a: Corsola
|move|p2a: Corsola|Hex|p1a: Toxapex
|-damage|p1a: Toxapex|0 fnt
|faint|p1a: Toxapex
|
|-damage|p2a: Corsola|47/100 brn|[from] brn
|upkeep
|
|switch|p1a: Tyranitar|Tyranitar, M|100/100
|-weather|Sandstorm|[from] ability: Sand Stream|[of] p1a: Tyranitar
|turn|17
|
|move|p1a: Tyranitar|Superpower|p2a: Corsola
|-immune|p2a: Corsola
|move|p2a: Corsola|Strength Sap|p1a: Tyranitar
|-unboost|p1a: Tyranitar|atk|1
|-heal|p2a: Corsola|100/100 brn
|
|-weather|Sandstorm|[upkeep]
|-damage|p2a: Corsola|94/100 brn|[from] Sandstorm
|-damage|p2a: Corsola|88/100 brn|[from] brn
|upkeep
|turn|18
|c|☆uyvghbjbubvyu|scared?
|
|move|p1a: Tyranitar|Earth Power|p2a: Corsola
|-damage|p2a: Corsola|84/100 brn
|move|p2a: Corsola|Scald|p1a: Tyranitar
|-supereffective|p1a: Tyranitar
|-damage|p1a: Tyranitar|69/100
|
|-weather|Sandstorm|[upkeep]
|-damage|p2a: Corsola|77/100 brn|[from] Sandstorm
|-damage|p2a: Corsola|71/100 brn|[from] brn
|upkeep
|turn|19
|c|☆uyvghbjbubvyu|have u just seen a ghost?
|
|move|p1a: Tyranitar|Earthquake|p2a: Corsola
|-damage|p2a: Corsola|58/100 brn
|move|p2a: Corsola|Strength Sap|p1a: Tyranitar
|-unboost|p1a: Tyranitar|atk|1
|-heal|p2a: Corsola|100/100 brn
|
|-weather|Sandstorm|[upkeep]
|-damage|p2a: Corsola|94/100 brn|[from] Sandstorm
|-damage|p2a: Corsola|88/100 brn|[from] brn
|upkeep
|turn|20
|
|switch|p1a: Mamoswine|Mamoswine, M|100/100
|move|p2a: Corsola|Scald|p1a: Mamoswine
|-supereffective|p1a: Mamoswine
|-crit|p1a: Mamoswine
|-damage|p1a: Mamoswine|0 fnt
|faint|p1a: Mamoswine
|
|-weather|Sandstorm|[upkeep]
|-damage|p2a: Corsola|82/100 brn|[from] Sandstorm
|-damage|p2a: Corsola|76/100 brn|[from] brn
|upkeep
|
|switch|p1a: Aegislash|Aegislash, M, shiny|100/100
|turn|21
|
|-formechange|p1a: Aegislash|Aegislash-Blade||[from] ability: Stance Change
|move|p1a: Aegislash|Iron Head|p2a: Corsola
|-damage|p2a: Corsola|53/100 brn
|move|p2a: Corsola|Strength Sap|p1a: Aegislash
|-unboost|p1a: Aegislash|atk|1
|-heal|p2a: Corsola|100/100 brn
|
|-weather|none
|-damage|p2a: Corsola|94/100 brn|[from] brn
|upkeep
|turn|22
|
|-formechange|p1a: Aegislash|Aegislash||[from] ability: Stance Change
|move|p1a: Aegislash|King's Shield|p1a: Aegislash
|-singleturn|p1a: Aegislash|Protect
|move|p2a: Corsola|Scald|p1a: Aegislash
|-activate|p1a: Aegislash|move: Protect
|
|-damage|p2a: Corsola|88/100 brn|[from] brn
|upkeep
|turn|23
|
|-formechange|p1a: Aegislash|Aegislash-Blade||[from] ability: Stance Change
|move|p1a: Aegislash|Iron Head|p2a: Corsola
|-damage|p2a: Corsola|70/100 brn
|move|p2a: Corsola|Scald|p1a: Aegislash
|-damage|p1a: Aegislash|23/100
|
|-damage|p2a: Corsola|64/100 brn|[from] brn
|upkeep
|turn|24
|
|move|p1a: Aegislash|Autotomize|p1a: Aegislash
|-boost|p1a: Aegislash|spe|2
|-start|p1a: Aegislash|Autotomize
|move|p2a: Corsola|Strength Sap|p1a: Aegislash
|-unboost|p1a: Aegislash|atk|1
|-heal|p2a: Corsola|100/100 brn
|
|-damage|p2a: Corsola|94/100 brn|[from] brn
|upkeep
|turn|25
|-message|MIKEYMESTRE forfeited.
|
|win|uyvghbjbubvyu
|l|☆MIKEYMESTRE
