|ScrapeTime|2020-01-02-12:35:06
|j|☆Chacalast
|j|☆Pixeldudeplays
|player|p1|Chacalast|250|1217
|player|p2|Pixeldudeplays|elesa|1187
|teamsize|p1|6
|teamsize|p2|6
|gametype|singles
|gen|8
|tier|[Gen 8] OU
|rated|
|rule|Sleep Clause Mod: Limit one foe put to sleep
|rule|Species Clause: Limit one of each Pokémon
|rule|OHKO Clause: OHKO moves are banned
|rule|Evasion Moves Clause: Evasion moves are banned
|rule|Endless Battle Clause: Forcing endless battles is banned
|rule|HP Percentage Mod: HP is shown in percentages
|clearpoke
|poke|p1|Dubwool, F|
|poke|p1|Cinderace, M|
|poke|p1|Dragapult, M|
|poke|p1|Hydreigon, M|
|poke|p1|Toxtricity, M|
|poke|p1|Seismitoad, F|
|poke|p2|Flygon, M|
|poke|p2|Sylveon, F|
|poke|p2|Crawdaunt, M|
|poke|p2|Dracovish|
|poke|p2|Dugtrio, F|
|poke|p2|Dragapult, M|
|rule|Dynamax Clause: You cannot dynamax
|teampreview
|
|start
|switch|p1a: AMÉRICAAA!!|Dragapult, M|100/100
|switch|p2a: Flygon|Flygon, M|100/100
|turn|1
|inactive|Battle timer is ON: inactive players will automatically lose when time's up. (requested by Pixeldudeplays)
|
|move|p2a: Flygon|Outrage|p1a: AMÉRICAAA!!
|-supereffective|p1a: AMÉRICAAA!!
|-damage|p1a: AMÉRICAAA!!|0 fnt
|faint|p1a: AMÉRICAAA!!
|
|upkeep
|
|switch|p1a: BLUE PRINCE|Seismitoad, F|100/100
|turn|2
|
|switch|p1a: THE WALL|Dubwool, F|100/100
|move|p2a: Flygon|Outrage|p1a: THE WALL|[from]lockedmove
|-damage|p1a: THE WALL|73/100
|-start|p2a: Flygon|confusion|[fatigue]
|
|upkeep
|turn|3
|
|switch|p2a: Dragapult|Dragapult, M|100/100
|move|p1a: THE WALL|Cotton Guard|p1a: THE WALL
|-boost|p1a: THE WALL|def|3
|
|upkeep
|turn|4
|
|move|p2a: Dragapult|Draco Meteor|p1a: THE WALL
|-damage|p1a: THE WALL|0 fnt
|-unboost|p2a: Dragapult|spa|2
|faint|p1a: THE WALL
|
|upkeep
|
|switch|p1a: CORSOLA KILLER|Hydreigon, M|100/100
|turn|5
|
|move|p2a: Dragapult|Draco Meteor|p1a: CORSOLA KILLER
|-supereffective|p1a: CORSOLA KILLER
|-damage|p1a: CORSOLA KILLER|4/100
|-unboost|p2a: Dragapult|spa|2
|move|p1a: CORSOLA KILLER|Dark Pulse|p2a: Dragapult
|-supereffective|p2a: Dragapult
|-damage|p2a: Dragapult|0 fnt
|faint|p2a: Dragapult
|
|upkeep
|
|switch|p2a: Crawdaunt|Crawdaunt, M|100/100
|turn|6
|
|switch|p1a: BLUE PRINCE|Seismitoad, F|100/100
|move|p2a: Crawdaunt|Aqua Jet|p1a: BLUE PRINCE
|-immune|p1a: BLUE PRINCE|[from] ability: Water Absorb
|
|upkeep
|turn|7
|
|switch|p2a: Sylveon|Sylveon, F|100/100
|move|p1a: BLUE PRINCE|Drain Punch|p2a: Sylveon
|-resisted|p2a: Sylveon
|-damage|p2a: Sylveon|86/100
|
|-heal|p2a: Sylveon|92/100|[from] item: Leftovers
|upkeep
|turn|8
|
|move|p1a: BLUE PRINCE|Poison Jab|p2a: Sylveon
|-supereffective|p2a: Sylveon
|-damage|p2a: Sylveon|30/100
|-status|p2a: Sylveon|psn
|move|p2a: Sylveon|Hyper Voice|p1a: BLUE PRINCE
|-damage|p1a: BLUE PRINCE|40/100
|
|-heal|p1a: BLUE PRINCE|46/100|[from] item: Leftovers
|-heal|p2a: Sylveon|37/100 psn|[from] item: Leftovers
|-damage|p2a: Sylveon|24/100 psn|[from] psn
|upkeep
|turn|9
|
|move|p1a: BLUE PRINCE|Poison Jab|p2a: Sylveon
|-supereffective|p2a: Sylveon
|-damage|p2a: Sylveon|0 fnt
|faint|p2a: Sylveon
|
|-heal|p1a: BLUE PRINCE|52/100|[from] item: Leftovers
|upkeep
|
|switch|p2a: Crawdaunt|Crawdaunt, M|100/100
|turn|10
|
|move|p2a: Crawdaunt|Knock Off|p1a: BLUE PRINCE
|-damage|p1a: BLUE PRINCE|0 fnt
|-enditem|p1a: BLUE PRINCE|Leftovers|[from] move: Knock Off|[of] p2a: Crawdaunt
|faint|p1a: BLUE PRINCE
|
|upkeep
|
|switch|p1a: PIEDANL'Q|Cinderace, M|100/100
|turn|11
|
|switch|p2a: Flygon|Flygon, M|100/100
|move|p1a: PIEDANL'Q|High Jump Kick|p2a: Flygon
|-damage|p2a: Flygon|48/100
|
|upkeep
|turn|12
|
|move|p2a: Flygon|Outrage|p1a: PIEDANL'Q
|-damage|p1a: PIEDANL'Q|22/100
|move|p1a: PIEDANL'Q|High Jump Kick|p2a: Flygon
|-damage|p2a: Flygon|0 fnt
|faint|p2a: Flygon
|
|upkeep
|
|switch|p2a: Dugtrio|Dugtrio, F|100/100
|turn|13
|
|move|p2a: Dugtrio|Earthquake|p1a: PIEDANL'Q
|-supereffective|p1a: PIEDANL'Q
|-crit|p1a: PIEDANL'Q
|-damage|p1a: PIEDANL'Q|0 fnt
|faint|p1a: PIEDANL'Q
|
|upkeep
|
|switch|p1a: CORSOLA KILLER|Hydreigon, M|4/100
|turn|14
|
|switch|p2a: Dracovish|Dracovish|100/100
|move|p1a: CORSOLA KILLER|Earth Power|p2a: Dracovish
|-damage|p2a: Dracovish|32/100
|
|upkeep
|turn|15
|
|move|p2a: Dracovish|Fishious Rend|p1a: CORSOLA KILLER
|-resisted|p1a: CORSOLA KILLER
|-damage|p1a: CORSOLA KILLER|0 fnt
|faint|p1a: CORSOLA KILLER
|
|upkeep
|
|switch|p1a: Sajedyh 19|Toxtricity, M|100/100
|turn|16
|
|move|p2a: Dracovish|Fishious Rend|p1a: Sajedyh 19
|-damage|p1a: Sajedyh 19|0 fnt
|faint|p1a: Sajedyh 19
|
|win|Pixeldudeplays
|raw|Chacalast's rating: 1217 → 1190(-27 for losing)
|raw|Pixeldudeplays's rating: 1187 → 1214(+27 for winning)
