|ScrapeTime|2020-01-01-16:14:45
|j|☆D47K/H347T
|j|☆TheUnbeatableLeon
|player|p1|D47K/H347T|plasmagruntf-gen5bw|1217
|player|p2|TheUnbeatableLeon|265|1193
|teamsize|p1|6
|teamsize|p2|6
|gametype|singles
|gen|8
|tier|[Gen 8] OU
|rated|
|rule|Sleep Clause Mod: Limit one foe put to sleep
|rule|Species Clause: Limit one of each Pokémon
|rule|OHKO Clause: OHKO moves are banned
|rule|Evasion Moves Clause: Evasion moves are banned
|rule|Endless Battle Clause: Forcing endless battles is banned
|rule|HP Percentage Mod: HP is shown in percentages
|clearpoke
|poke|p1|Hatterene, F|
|poke|p1|Jellicent, M|
|poke|p1|Hydreigon, M|
|poke|p1|Ninjask, F|
|poke|p1|Tsareena, F|
|poke|p1|Mimikyu, M|
|poke|p2|Ferrothorn, F|
|poke|p2|Tyranitar, F|
|poke|p2|Dragapult, M|
|poke|p2|Gyarados, M|
|poke|p2|Excadrill, M|
|poke|p2|Cinderace, F|
|rule|Dynamax Clause: You cannot dynamax
|teampreview
|inactive|Battle timer is ON: inactive players will automatically lose when time's up. (requested by TheUnbeatableLeon)
|
|start
|switch|p1a: Strife|Hydreigon, M|100/100
|switch|p2a: Cinderace|Cinderace, F|100/100
|turn|1
|
|move|p1a: Strife|Dark Pulse|p2a: Cinderace
|-damage|p2a: Cinderace|46/100
|move|p2a: Cinderace|High Jump Kick|p1a: Strife
|-supereffective|p1a: Strife
|-damage|p1a: Strife|11/100
|
|upkeep
|turn|2
|
|move|p2a: Cinderace|Sucker Punch|p1a: Strife
|-resisted|p1a: Strife
|-damage|p1a: Strife|0 fnt
|faint|p1a: Strife
|
|upkeep
|
|switch|p1a: Mero|Hatterene, F|100/100
|turn|3
|
|switch|p2a: Tyranitar|Tyranitar, F, shiny|100/100
|-weather|Sandstorm|[from] ability: Sand Stream|[of] p2a: Tyranitar
|move|p1a: Mero|Trick Room|p1a: Mero
|-fieldstart|move: Trick Room|[of] p1a: Mero
|
|-weather|Sandstorm|[upkeep]
|-damage|p1a: Mero|95/100|[from] Sandstorm
|-heal|p1a: Mero|100/100|[from] item: Leftovers
|upkeep
|turn|4
|
|move|p1a: Mero|Dazzling Gleam|p2a: Tyranitar
|-supereffective|p2a: Tyranitar
|-damage|p2a: Tyranitar|63/100
|move|p2a: Tyranitar|Dragon Dance|p2a: Tyranitar
|-boost|p2a: Tyranitar|atk|1
|-boost|p2a: Tyranitar|spe|1
|
|-weather|Sandstorm|[upkeep]
|-damage|p1a: Mero|95/100|[from] Sandstorm
|-heal|p1a: Mero|100/100|[from] item: Leftovers
|upkeep
|turn|5
|
|move|p1a: Mero|Dazzling Gleam|p2a: Tyranitar
|-supereffective|p2a: Tyranitar
|-damage|p2a: Tyranitar|27/100
|move|p2a: Tyranitar|Stone Edge|p1a: Mero
|-damage|p1a: Mero|4/100
|-damage|p2a: Tyranitar|17/100|[from] item: Life Orb
|
|-weather|Sandstorm|[upkeep]
|-damage|p1a: Mero|0 fnt|[from] Sandstorm
|faint|p1a: Mero
|upkeep
|
|switch|p1a: Pringles|Jellicent, M|100/100
|turn|6
|
|switch|p2a: Ferrothorn|Ferrothorn, F, shiny|100/100
|move|p1a: Pringles|Scald|p2a: Ferrothorn
|-resisted|p2a: Ferrothorn
|-damage|p2a: Ferrothorn|91/100
|
|-weather|Sandstorm|[upkeep]
|-damage|p1a: Pringles|94/100|[from] Sandstorm
|-heal|p1a: Pringles|100/100|[from] item: Leftovers
|upkeep
|turn|7
|
|move|p2a: Ferrothorn|Stealth Rock|p1a: Pringles
|-sidestart|p1: D47K/H347T|move: Stealth Rock
|move|p1a: Pringles|Will-O-Wisp|p2a: Ferrothorn
|-status|p2a: Ferrothorn|brn
|
|-weather|none
|-damage|p2a: Ferrothorn|84/100 brn|[from] brn
|-fieldend|move: Trick Room
|upkeep
|turn|8
|
|move|p1a: Pringles|Hex|p2a: Ferrothorn
|-damage|p2a: Ferrothorn|49/100 brn
|move|p2a: Ferrothorn|Power Whip|p1a: Pringles
|-supereffective|p1a: Pringles
|-damage|p1a: Pringles|68/100
|
|-heal|p1a: Pringles|75/100|[from] item: Leftovers
|-damage|p2a: Ferrothorn|43/100 brn|[from] brn
|upkeep
|turn|9
|
|switch|p2a: Dragapult|Dragapult, M|100/100
|move|p1a: Pringles|Hex|p2a: Dragapult
|-supereffective|p2a: Dragapult
|-damage|p2a: Dragapult|47/100
|
|-heal|p1a: Pringles|81/100|[from] item: Leftovers
|upkeep
|turn|10
|
|move|p2a: Dragapult|Thunderbolt|p1a: Pringles
|-supereffective|p1a: Pringles
|-damage|p1a: Pringles|41/100
|move|p1a: Pringles|Hex|p2a: Dragapult
|-supereffective|p2a: Dragapult
|-damage|p2a: Dragapult|0 fnt
|faint|p2a: Dragapult
|
|-heal|p1a: Pringles|47/100|[from] item: Leftovers
|upkeep
|
|switch|p2a: Ferrothorn|Ferrothorn, F, shiny|43/100 brn
|turn|11
|
|move|p1a: Pringles|Hex|p2a: Ferrothorn
|-damage|p2a: Ferrothorn|11/100 brn
|move|p2a: Ferrothorn|Spikes|p1a: Pringles
|-sidestart|p1: D47K/H347T|Spikes
|
|-heal|p1a: Pringles|53/100|[from] item: Leftovers
|-damage|p2a: Ferrothorn|5/100 brn|[from] brn
|upkeep
|turn|12
|
|move|p1a: Pringles|Hex|p2a: Ferrothorn
|-damage|p2a: Ferrothorn|0 fnt
|faint|p2a: Ferrothorn
|
|-heal|p1a: Pringles|60/100|[from] item: Leftovers
|upkeep
|
|switch|p2a: Tyranitar|Tyranitar, F, shiny|17/100
|-weather|Sandstorm|[from] ability: Sand Stream|[of] p2a: Tyranitar
|turn|13
|
|move|p1a: Pringles|Strength Sap|p2a: Tyranitar
|-unboost|p2a: Tyranitar|atk|1
|-heal|p1a: Pringles|100/100
|move|p2a: Tyranitar|Stone Edge|p1a: Pringles|[miss]
|-miss|p2a: Tyranitar|p1a: Pringles
|
|-weather|Sandstorm|[upkeep]
|-damage|p1a: Pringles|94/100|[from] Sandstorm
|-heal|p1a: Pringles|100/100|[from] item: Leftovers
|upkeep
|turn|14
|
|move|p1a: Pringles|Scald|p2a: Tyranitar
|-supereffective|p2a: Tyranitar
|-damage|p2a: Tyranitar|0 fnt
|faint|p2a: Tyranitar
|
|-weather|Sandstorm|[upkeep]
|-damage|p1a: Pringles|94/100|[from] Sandstorm
|-heal|p1a: Pringles|100/100|[from] item: Leftovers
|upkeep
|
|switch|p2a: Excadrill|Excadrill, M|100/100
|-item|p2a: Excadrill|Air Balloon
|turn|15
|
|move|p2a: Excadrill|Earthquake|p1a: Pringles
|-damage|p1a: Pringles|56/100
|move|p1a: Pringles|Strength Sap|p2a: Excadrill
|-unboost|p2a: Excadrill|atk|1
|-heal|p1a: Pringles|100/100
|
|-weather|Sandstorm|[upkeep]
|-damage|p1a: Pringles|94/100|[from] Sandstorm
|-heal|p1a: Pringles|100/100|[from] item: Leftovers
|upkeep
|turn|16
|
|switch|p2a: Cinderace|Cinderace, F|46/100
|move|p1a: Pringles|Will-O-Wisp|p2a: Cinderace
|-immune|p2a: Cinderace
|
|-weather|Sandstorm|[upkeep]
|-damage|p2a: Cinderace|40/100|[from] Sandstorm
|-damage|p1a: Pringles|94/100|[from] Sandstorm
|-heal|p1a: Pringles|100/100|[from] item: Leftovers
|upkeep
|turn|17
|
|switch|p2a: Gyarados|Gyarados, M|100/100
|move|p1a: Pringles|Scald|p2a: Gyarados
|-resisted|p2a: Gyarados
|-damage|p2a: Gyarados|88/100
|
|-weather|none
|-heal|p2a: Gyarados|94/100|[from] item: Leftovers
|upkeep
|turn|18
|
|move|p2a: Gyarados|Crunch|p1a: Pringles
|-supereffective|p1a: Pringles
|-damage|p1a: Pringles|56/100
|move|p1a: Pringles|Will-O-Wisp|p2a: Gyarados|[miss]
|-miss|p1a: Pringles|p2a: Gyarados
|
|-heal|p2a: Gyarados|100/100|[from] item: Leftovers
|-heal|p1a: Pringles|63/100|[from] item: Leftovers
|upkeep
|turn|19
|
|move|p2a: Gyarados|Crunch|p1a: Pringles
|-supereffective|p1a: Pringles
|-damage|p1a: Pringles|23/100
|move|p1a: Pringles|Strength Sap|p2a: Gyarados
|-unboost|p2a: Gyarados|atk|1
|-heal|p1a: Pringles|100/100
|
|upkeep
|turn|20
|
|move|p2a: Gyarados|Crunch|p1a: Pringles
|-supereffective|p1a: Pringles
|-damage|p1a: Pringles|75/100
|move|p1a: Pringles|Will-O-Wisp|p2a: Gyarados|[miss]
|-miss|p1a: Pringles|p2a: Gyarados
|
|-heal|p1a: Pringles|81/100|[from] item: Leftovers
|upkeep
|turn|21
|
|switch|p2a: Cinderace|Cinderace, F|40/100
|move|p1a: Pringles|Will-O-Wisp|p2a: Cinderace
|-immune|p2a: Cinderace
|
|-heal|p1a: Pringles|87/100|[from] item: Leftovers
|upkeep
|turn|22
|
|switch|p2a: Gyarados|Gyarados, M|100/100
|move|p1a: Pringles|Strength Sap|p2a: Gyarados
|-unboost|p2a: Gyarados|atk|1
|-heal|p1a: Pringles|100/100
|
|upkeep
|turn|23
|
|move|p2a: Gyarados|Dragon Dance|p2a: Gyarados
|-boost|p2a: Gyarados|atk|1
|-boost|p2a: Gyarados|spe|1
|move|p1a: Pringles|Scald|p2a: Gyarados
|-resisted|p2a: Gyarados
|-damage|p2a: Gyarados|89/100
|-status|p2a: Gyarados|brn
|
|-heal|p2a: Gyarados|95/100 brn|[from] item: Leftovers
|-damage|p2a: Gyarados|89/100 brn|[from] brn
|upkeep
|turn|24
|
|move|p2a: Gyarados|Dragon Dance|p2a: Gyarados
|-boost|p2a: Gyarados|atk|1
|-boost|p2a: Gyarados|spe|1
|move|p1a: Pringles|Hex|p2a: Gyarados
|-damage|p2a: Gyarados|49/100 brn
|
|-heal|p2a: Gyarados|55/100 brn|[from] item: Leftovers
|-damage|p2a: Gyarados|49/100 brn|[from] brn
|upkeep
|turn|25
|
|move|p2a: Gyarados|Dragon Dance|p2a: Gyarados
|-boost|p2a: Gyarados|atk|1
|-boost|p2a: Gyarados|spe|1
|move|p1a: Pringles|Hex|p2a: Gyarados
|-damage|p2a: Gyarados|11/100 brn
|
|-heal|p2a: Gyarados|17/100 brn|[from] item: Leftovers
|-damage|p2a: Gyarados|11/100 brn|[from] brn
|upkeep
|turn|26
|
|move|p2a: Gyarados|Crunch|p1a: Pringles
|-supereffective|p1a: Pringles
|-damage|p1a: Pringles|61/100
|move|p1a: Pringles|Strength Sap|p2a: Gyarados
|-unboost|p2a: Gyarados|atk|1
|-heal|p1a: Pringles|100/100
|
|-heal|p2a: Gyarados|17/100 brn|[from] item: Leftovers
|-damage|p2a: Gyarados|11/100 brn|[from] brn
|upkeep
|turn|27
|
|move|p2a: Gyarados|Crunch|p1a: Pringles
|-supereffective|p1a: Pringles
|-damage|p1a: Pringles|71/100
|-unboost|p1a: Pringles|def|1
|move|p1a: Pringles|Hex|p2a: Gyarados
|-damage|p2a: Gyarados|0 fnt
|faint|p2a: Gyarados
|
|-heal|p1a: Pringles|77/100|[from] item: Leftovers
|upkeep
|
|switch|p2a: Excadrill|Excadrill, M|100/100
|-item|p2a: Excadrill|Air Balloon
|turn|28
|
|move|p2a: Excadrill|Iron Head|p1a: Pringles
|-resisted|p1a: Pringles
|-damage|p1a: Pringles|48/100
|move|p1a: Pringles|Strength Sap|p2a: Excadrill
|-unboost|p2a: Excadrill|atk|1
|-heal|p1a: Pringles|100/100
|
|upkeep
|turn|29
|
|move|p2a: Excadrill|Earthquake|p1a: Pringles
|-damage|p1a: Pringles|54/100
|move|p1a: Pringles|Scald|p2a: Excadrill
|-supereffective|p2a: Excadrill
|-damage|p2a: Excadrill|38/100
|-enditem|p2a: Excadrill|Air Balloon
|
|-heal|p1a: Pringles|61/100|[from] item: Leftovers
|upkeep
|turn|30
|
|move|p2a: Excadrill|Earthquake|p1a: Pringles
|-damage|p1a: Pringles|19/100
|move|p1a: Pringles|Strength Sap|p2a: Excadrill
|-unboost|p2a: Excadrill|atk|1
|-heal|p1a: Pringles|86/100
|
|-heal|p1a: Pringles|92/100|[from] item: Leftovers
|upkeep
|turn|31
|
|move|p2a: Excadrill|Earthquake|p1a: Pringles
|-damage|p1a: Pringles|60/100
|move|p1a: Pringles|Scald|p2a: Excadrill
|-supereffective|p2a: Excadrill
|-damage|p2a: Excadrill|0 fnt
|faint|p2a: Excadrill
|
|-heal|p1a: Pringles|67/100|[from] item: Leftovers
|upkeep
|
|switch|p2a: Cinderace|Cinderace, F|40/100
|turn|32
|
|move|p2a: Cinderace|High Jump Kick|p1a: Pringles
|-immune|p1a: Pringles
|-damage|p2a: Cinderace|0 fnt|[from] highjumpkick
|faint|p2a: Cinderace
|
|win|D47K/H347T
|raw|D47K/H347T's rating: 1217 → 1240(+23 for winning)
|raw|TheUnbeatableLeon's rating: 1193 → 1170(-23 for losing)
