|ScrapeTime|2020-01-02-01:56:46
|j|☆3somesRKewl
|j|☆OhShitImIn
|player|p1|3somesRKewl|102|
|player|p2|OhShitImIn|nanu|
|teamsize|p1|6
|teamsize|p2|6
|gametype|singles
|gen|8
|tier|[Gen 8] OU
|rule|Sleep Clause Mod: Limit one foe put to sleep
|rule|Species Clause: Limit one of each Pokémon
|rule|OHKO Clause: OHKO moves are banned
|rule|Evasion Moves Clause: Evasion moves are banned
|rule|Endless Battle Clause: Forcing endless battles is banned
|rule|HP Percentage Mod: HP is shown in percentages
|clearpoke
|poke|p1|Centiskorch, F|
|poke|p1|Hatterene, F|
|poke|p1|Corviknight, F|
|poke|p1|Seismitoad, M|
|poke|p1|Toxtricity, F|
|poke|p1|Obstagoon, F|
|poke|p2|Aegislash, M|
|poke|p2|Conkeldurr, M|
|poke|p2|Cinderace, F|
|poke|p2|Clefable, M|
|poke|p2|Dracovish|
|poke|p2|Ribombee, M|
|rule|Dynamax Clause: You cannot dynamax
|teampreview
|c|☆3somesRKewl|Still one of your teams but
|
|start
|switch|p1a: Obstagoon|Obstagoon, F|100/100
|switch|p2a: Dracovish|Dracovish|100/100
|turn|1
|
|move|p2a: Dracovish|Fishious Rend|p1a: Obstagoon
|-damage|p1a: Obstagoon|0 fnt
|faint|p1a: Obstagoon
|
|upkeep
|c|☆OhShitImIn|nice
|c|☆3somesRKewl|Lmao well I guessed wrong
|
|switch|p1a: Seismitoad|Seismitoad, M|100/100
|turn|2
|
|switch|p2a: Clefable|Clefable, M|100/100
|move|p1a: Seismitoad|Toxic|p2a: Clefable
|-status|p2a: Clefable|tox
|
|upkeep
|turn|3
|
|move|p2a: Clefable|Moonblast|p1a: Seismitoad
|-damage|p1a: Seismitoad|38/100
|move|p1a: Seismitoad|Stealth Rock|p2a: Clefable
|-sidestart|p2: OhShitImIn|move: Stealth Rock
|
|-heal|p1a: Seismitoad|44/100|[from] item: Leftovers
|upkeep
|turn|4
|
|switch|p1a: Corviknight|Corviknight, F|100/100
|-ability|p1a: Corviknight|Pressure
|move|p2a: Clefable|Thunderbolt|p1a: Corviknight
|-supereffective|p1a: Corviknight
|-damage|p1a: Corviknight|48/100
|
|-heal|p1a: Corviknight|54/100|[from] item: Leftovers
|upkeep
|turn|5
|
|move|p2a: Clefable|Thunderbolt|p1a: Corviknight
|-supereffective|p1a: Corviknight
|-crit|p1a: Corviknight
|-damage|p1a: Corviknight|0 fnt
|faint|p1a: Corviknight
|
|upkeep
|
|switch|p1a: Centiskorch|Centiskorch, F|100/100
|turn|6
|c|☆3somesRKewl|I thought I'd do better at this game cuz I've been using this team all day with Eric. Nah tho maybe I've gotten to that point in the day where I'm like... Fuck it let's click this
|
|switch|p2a: Cinderace|Cinderace, F|100/100
|move|p1a: Centiskorch|Coil|p1a: Centiskorch
|-boost|p1a: Centiskorch|atk|1
|-boost|p1a: Centiskorch|def|1
|-boost|p1a: Centiskorch|accuracy|1
|
|upkeep
|turn|7
|
|move|p2a: Cinderace|Court Change|p2a: Cinderace
|-sideend|p2: OhShitImIn|Stealth Rock|[silent]
|-sidestart|p1: 3somesRKewl|Stealth Rock|[silent]
|-activate|p2a: Cinderace|move: Court Change
|move|p1a: Centiskorch|Fire Lash|p2a: Cinderace
|-resisted|p2a: Cinderace
|-damage|p2a: Cinderace|58/100
|-unboost|p2a: Cinderace|def|1
|
|upkeep
|turn|8
|
|move|p2a: Cinderace|Gunk Shot|p1a: Centiskorch
|-crit|p1a: Centiskorch
|-damage|p1a: Centiskorch|36/100
|move|p1a: Centiskorch|Fire Lash|p2a: Cinderace
|-resisted|p2a: Cinderace
|-damage|p2a: Cinderace|0 fnt
|faint|p2a: Cinderace
|
|upkeep
|
|switch|p2a: Dracovish|Dracovish|100/100
|turn|9
|
|switch|p1a: Seismitoad|Seismitoad, M|44/100
|-damage|p1a: Seismitoad|38/100|[from] Stealth Rock
|move|p2a: Dracovish|Fishious Rend|p1a: Seismitoad
|-heal|p1a: Seismitoad|63/100|[from] ability: Water Absorb|[of] p2a: Dracovish
|
|-heal|p1a: Seismitoad|69/100|[from] item: Leftovers
|upkeep
|turn|10
|
|switch|p2a: Conkeldurr|Conkeldurr, M|100/100
|move|p1a: Seismitoad|Scald|p2a: Conkeldurr
|-damage|p2a: Conkeldurr|71/100
|-status|p2a: Conkeldurr|brn
|
|-heal|p1a: Seismitoad|75/100|[from] item: Leftovers
|-damage|p2a: Conkeldurr|65/100 brn|[from] brn
|upkeep
|turn|11
|
|move|p1a: Seismitoad|Stealth Rock|p2a: Conkeldurr
|-sidestart|p2: OhShitImIn|move: Stealth Rock
|move|p2a: Conkeldurr|Facade|p1a: Seismitoad
|-damage|p1a: Seismitoad|18/100
|
|-heal|p1a: Seismitoad|24/100|[from] item: Leftovers
|-damage|p2a: Conkeldurr|59/100 brn|[from] brn
|upkeep
|turn|12
|
|switch|p1a: Hatterene|Hatterene, F|100/100
|-damage|p1a: Hatterene|88/100|[from] Stealth Rock
|move|p2a: Conkeldurr|Facade|p1a: Hatterene
|-damage|p1a: Hatterene|0 fnt
|faint|p1a: Hatterene
|
|-damage|p2a: Conkeldurr|53/100 brn|[from] brn
|upkeep
|
|switch|p1a: Toxtricity|Toxtricity, F|100/100
|-damage|p1a: Toxtricity|88/100|[from] Stealth Rock
|turn|13
|
|move|p2a: Conkeldurr|Mach Punch|p1a: Toxtricity
|-resisted|p1a: Toxtricity
|-damage|p1a: Toxtricity|58/100
|move|p1a: Toxtricity|Overdrive|p2a: Conkeldurr
|-damage|p2a: Conkeldurr|0 fnt
|faint|p2a: Conkeldurr
|
|upkeep
|
|switch|p2a: Dracovish|Dracovish|100/100
|-damage|p2a: Dracovish|88/100|[from] Stealth Rock
|turn|14
|
|move|p2a: Dracovish|Outrage|p1a: Toxtricity
|-damage|p1a: Toxtricity|0 fnt
|faint|p1a: Toxtricity
|
|upkeep
|c|☆3somesRKewl|I already found out that was scarf
|c|☆OhShitImIn|^
|c|☆3somesRKewl|What am I doing kek
|
|switch|p1a: Seismitoad|Seismitoad, M|24/100
|-damage|p1a: Seismitoad|18/100|[from] Stealth Rock
|turn|15
|
|move|p2a: Dracovish|Outrage|p1a: Seismitoad|[from]lockedmove
|-damage|p1a: Seismitoad|0 fnt
|faint|p1a: Seismitoad
|
|upkeep
|
|switch|p1a: Centiskorch|Centiskorch, F|36/100
|turn|16
|c|☆OhShitImIn|gg
|
|move|p2a: Dracovish|Outrage|p1a: Centiskorch|[from]lockedmove
|-damage|p1a: Centiskorch|0 fnt
|-start|p2a: Dracovish|confusion|[fatigue]
|faint|p1a: Centiskorch
|
|win|OhShitImIn
|l|☆3somesRKewl
