|ScrapeTime|2020-01-01-10:32:29
|j|☆uriah.urgelia1999
|j|☆paperclips-maker
|player|p1|uriah.urgelia1999|265|1331
|player|p2|paperclips-maker|1|1290
|teamsize|p1|6
|teamsize|p2|6
|gametype|singles
|gen|8
|tier|[Gen 8] OU
|rated|
|rule|Sleep Clause Mod: Limit one foe put to sleep
|rule|Species Clause: Limit one of each Pokémon
|rule|OHKO Clause: OHKO moves are banned
|rule|Evasion Moves Clause: Evasion moves are banned
|rule|Endless Battle Clause: Forcing endless battles is banned
|rule|HP Percentage Mod: HP is shown in percentages
|clearpoke
|poke|p1|Clefable, F|
|poke|p1|Sigilyph, F|
|poke|p1|Boltund, F|
|poke|p1|Dragapult, F|
|poke|p1|Gastrodon, F|
|poke|p1|Ferrothorn, M|
|poke|p2|Toxapex, M|
|poke|p2|Corviknight, F|
|poke|p2|Excadrill, F|
|poke|p2|Dracovish|
|poke|p2|Seismitoad, M|
|poke|p2|Dragapult, M|
|rule|Dynamax Clause: You cannot dynamax
|teampreview
|
|start
|switch|p1a: Sigilyph|Sigilyph, F|100/100
|switch|p2a: Dracovish|Dracovish|100/100
|turn|1
|
|switch|p1a: Gastrodon|Gastrodon, F|100/100
|move|p2a: Dracovish|Fishious Rend|p1a: Gastrodon
|-ability|p1a: Gastrodon|Storm Drain|boost
|-boost|p1a: Gastrodon|spa|1
|
|upkeep
|turn|2
|
|switch|p2a: Seismitoad|Seismitoad, M|100/100
|move|p1a: Gastrodon|Earth Power|p2a: Seismitoad
|-damage|p2a: Seismitoad|51/100
|
|-heal|p2a: Seismitoad|57/100|[from] item: Leftovers
|upkeep
|turn|3
|
|move|p2a: Seismitoad|Toxic|p1a: Gastrodon
|-status|p1a: Gastrodon|tox
|move|p1a: Gastrodon|Scald|p2a: Seismitoad
|-heal|p2a: Seismitoad|82/100|[from] ability: Water Absorb|[of] p1a: Gastrodon
|
|-heal|p2a: Seismitoad|88/100|[from] item: Leftovers
|-damage|p1a: Gastrodon|94/100 tox|[from] psn
|upkeep
|turn|4
|
|move|p2a: Seismitoad|Stealth Rock|p1a: Gastrodon
|-sidestart|p1: uriah.urgelia1999|move: Stealth Rock
|move|p1a: Gastrodon|Earth Power|p2a: Seismitoad
|-crit|p2a: Seismitoad
|-damage|p2a: Seismitoad|21/100
|
|-heal|p2a: Seismitoad|27/100|[from] item: Leftovers
|-heal|p1a: Gastrodon|100/100 tox|[from] item: Leftovers
|-damage|p1a: Gastrodon|88/100 tox|[from] psn
|upkeep
|turn|5
|
|switch|p2a: Corviknight|Corviknight, F|100/100
|-ability|p2a: Corviknight|Pressure
|switch|p1a: Ferrothorn|Ferrothorn, M|100/100
|-damage|p1a: Ferrothorn|94/100|[from] Stealth Rock
|
|upkeep
|turn|6
|
|switch|p2a: Dragapult|Dragapult, M|100/100
|move|p1a: Ferrothorn|Stealth Rock|p2a: Dragapult
|-sidestart|p2: paperclips-maker|move: Stealth Rock
|
|upkeep
|turn|7
|
|switch|p1a: Gastrodon|Gastrodon, F|88/100 tox
|-damage|p1a: Gastrodon|82/100 tox|[from] Stealth Rock
|move|p2a: Dragapult|Flamethrower|p1a: Gastrodon
|-resisted|p1a: Gastrodon
|-damage|p1a: Gastrodon|74/100 tox
|
|-heal|p1a: Gastrodon|80/100 tox|[from] item: Leftovers
|-damage|p1a: Gastrodon|74/100 tox|[from] psn
|upkeep
|turn|8
|
|move|p2a: Dragapult|Shadow Ball|p1a: Gastrodon
|-damage|p1a: Gastrodon|50/100 tox
|move|p1a: Gastrodon|Recover|p1a: Gastrodon
|-heal|p1a: Gastrodon|99/100 tox
|
|-heal|p1a: Gastrodon|100/100 tox|[from] item: Leftovers
|-damage|p1a: Gastrodon|88/100 tox|[from] psn
|upkeep
|turn|9
|
|switch|p1a: Clefable|Clefable, F|100/100
|move|p2a: Dragapult|Shadow Ball|p1a: Clefable
|-damage|p1a: Clefable|65/100
|
|upkeep
|turn|10
|
|switch|p2a: Seismitoad|Seismitoad, M|27/100
|-damage|p2a: Seismitoad|21/100|[from] Stealth Rock
|move|p1a: Clefable|Moonblast|p2a: Seismitoad
|-damage|p2a: Seismitoad|0 fnt
|faint|p2a: Seismitoad
|
|upkeep
|
|switch|p2a: Dracovish|Dracovish|100/100
|-damage|p2a: Dracovish|88/100|[from] Stealth Rock
|turn|11
|
|move|p2a: Dracovish|Fishious Rend|p1a: Clefable
|-damage|p1a: Clefable|0 fnt
|faint|p1a: Clefable
|
|upkeep
|
|switch|p1a: Gastrodon|Gastrodon, F|88/100 tox
|-damage|p1a: Gastrodon|82/100 tox|[from] Stealth Rock
|turn|12
|
|switch|p2a: Corviknight|Corviknight, F|100/100
|-damage|p2a: Corviknight|88/100|[from] Stealth Rock
|-ability|p2a: Corviknight|Pressure
|move|p1a: Gastrodon|Earth Power|p2a: Corviknight
|-immune|p2a: Corviknight
|
|-heal|p2a: Corviknight|94/100|[from] item: Leftovers
|-heal|p1a: Gastrodon|88/100 tox|[from] item: Leftovers
|-damage|p1a: Gastrodon|82/100 tox|[from] psn
|upkeep
|turn|13
|
|move|p2a: Corviknight|Substitute|p2a: Corviknight
|-start|p2a: Corviknight|Substitute
|-damage|p2a: Corviknight|69/100
|move|p1a: Gastrodon|Scald|p2a: Corviknight
|-activate|p2a: Corviknight|move: Substitute|[damage]
|
|-heal|p2a: Corviknight|75/100|[from] item: Leftovers
|-heal|p1a: Gastrodon|88/100 tox|[from] item: Leftovers
|-damage|p1a: Gastrodon|76/100 tox|[from] psn
|upkeep
|turn|14
|
|switch|p1a: Boltund|Boltund, F|100/100
|move|p2a: Corviknight|Bulk Up|p2a: Corviknight
|-boost|p2a: Corviknight|atk|1
|-boost|p2a: Corviknight|def|1
|
|-heal|p2a: Corviknight|82/100|[from] item: Leftovers
|upkeep
|turn|15
|
|move|p1a: Boltund|Fire Fang|p2a: Corviknight
|-supereffective|p2a: Corviknight
|-end|p2a: Corviknight|Substitute
|move|p2a: Corviknight|Brave Bird|p1a: Boltund
|-resisted|p1a: Boltund
|-damage|p1a: Boltund|48/100
|-damage|p2a: Corviknight|70/100|[from] Recoil
|
|-heal|p2a: Corviknight|76/100|[from] item: Leftovers
|upkeep
|turn|16
|
|move|p1a: Boltund|Nuzzle|p2a: Corviknight
|-supereffective|p2a: Corviknight
|-damage|p2a: Corviknight|67/100
|-status|p2a: Corviknight|par
|cant|p2a: Corviknight|par
|
|-heal|p2a: Corviknight|73/100 par|[from] item: Leftovers
|upkeep
|turn|17
|
|move|p1a: Boltund|Volt Switch|p2a: Corviknight
|-supereffective|p2a: Corviknight
|-damage|p2a: Corviknight|46/100 par
|
|switch|p1a: Ferrothorn|Ferrothorn, M|94/100|[from]move: Volt Switch
|-damage|p1a: Ferrothorn|88/100|[from] Stealth Rock
|move|p2a: Corviknight|Brave Bird|p1a: Ferrothorn
|-damage|p1a: Ferrothorn|57/100
|-damage|p2a: Corviknight|34/100 par|[from] ability: Iron Barbs|[of] p1a: Ferrothorn
|-damage|p2a: Corviknight|17/100 par|[from] item: Rocky Helmet|[of] p1a: Ferrothorn
|-damage|p2a: Corviknight|8/100 par|[from] Recoil
|
|-heal|p2a: Corviknight|15/100 par|[from] item: Leftovers
|upkeep
|turn|18
|
|move|p2a: Corviknight|Roost|p2a: Corviknight
|-heal|p2a: Corviknight|64/100 par
|-singleturn|p2a: Corviknight|move: Roost
|move|p1a: Ferrothorn|Leech Seed|p2a: Corviknight|[miss]
|-miss|p1a: Ferrothorn|p2a: Corviknight
|
|-heal|p2a: Corviknight|71/100 par|[from] item: Leftovers
|upkeep
|turn|19
|
|cant|p2a: Corviknight|par
|move|p1a: Ferrothorn|Leech Seed|p2a: Corviknight
|-start|p2a: Corviknight|move: Leech Seed
|
|-heal|p2a: Corviknight|77/100 par|[from] item: Leftovers
|-damage|p2a: Corviknight|64/100 par|[from] Leech Seed|[of] p1a: Ferrothorn
|-heal|p1a: Ferrothorn|71/100|[silent]
|upkeep
|turn|20
|
|switch|p2a: Dragapult|Dragapult, M|100/100
|-damage|p2a: Dragapult|88/100|[from] Stealth Rock
|move|p1a: Ferrothorn|Gyro Ball|p2a: Dragapult
|-damage|p2a: Dragapult|25/100
|
|upkeep
|turn|21
|
|switch|p1a: Gastrodon|Gastrodon, F|76/100 tox
|-damage|p1a: Gastrodon|70/100 tox|[from] Stealth Rock
|move|p2a: Dragapult|Flamethrower|p1a: Gastrodon
|-resisted|p1a: Gastrodon
|-damage|p1a: Gastrodon|61/100 tox
|
|-heal|p1a: Gastrodon|67/100 tox|[from] item: Leftovers
|-damage|p1a: Gastrodon|61/100 tox|[from] psn
|upkeep
|turn|22
|
|switch|p2a: Corviknight|Corviknight, F|64/100 par
|-damage|p2a: Corviknight|52/100 par|[from] Stealth Rock
|-ability|p2a: Corviknight|Pressure
|move|p1a: Gastrodon|Recover|p1a: Gastrodon
|-heal|p1a: Gastrodon|100/100 tox
|
|-heal|p2a: Corviknight|58/100 par|[from] item: Leftovers
|-damage|p1a: Gastrodon|88/100 tox|[from] psn
|upkeep
|turn|23
|
|move|p1a: Gastrodon|Scald|p2a: Corviknight
|-damage|p2a: Corviknight|39/100 par
|move|p2a: Corviknight|Roost|p2a: Corviknight
|-heal|p2a: Corviknight|89/100 par
|-singleturn|p2a: Corviknight|move: Roost
|
|-heal|p1a: Gastrodon|94/100 tox|[from] item: Leftovers
|-heal|p2a: Corviknight|96/100 par|[from] item: Leftovers
|-damage|p1a: Gastrodon|76/100 tox|[from] psn
|upkeep
|turn|24
|
|switch|p1a: Ferrothorn|Ferrothorn, M|71/100
|-damage|p1a: Ferrothorn|65/100|[from] Stealth Rock
|move|p2a: Corviknight|Substitute|p2a: Corviknight
|-start|p2a: Corviknight|Substitute
|-damage|p2a: Corviknight|71/100 par
|
|-heal|p2a: Corviknight|77/100 par|[from] item: Leftovers
|upkeep
|turn|25
|
|move|p2a: Corviknight|Bulk Up|p2a: Corviknight
|-boost|p2a: Corviknight|atk|1
|-boost|p2a: Corviknight|def|1
|move|p1a: Ferrothorn|Body Press|p2a: Corviknight
|-activate|p2a: Corviknight|move: Substitute|[damage]
|
|-heal|p2a: Corviknight|83/100 par|[from] item: Leftovers
|upkeep
|turn|26
|
|move|p2a: Corviknight|Bulk Up|p2a: Corviknight
|-boost|p2a: Corviknight|atk|1
|-boost|p2a: Corviknight|def|1
|move|p1a: Ferrothorn|Body Press|p2a: Corviknight
|-end|p2a: Corviknight|Substitute
|
|-heal|p2a: Corviknight|89/100 par|[from] item: Leftovers
|upkeep
|turn|27
|
|move|p2a: Corviknight|Substitute|p2a: Corviknight
|-start|p2a: Corviknight|Substitute
|-damage|p2a: Corviknight|64/100 par
|move|p1a: Ferrothorn|Leech Seed||[still]
|-fail|p1a: Ferrothorn
|
|-heal|p2a: Corviknight|71/100 par|[from] item: Leftovers
|upkeep
|turn|28
|
|move|p2a: Corviknight|Brave Bird|p1a: Ferrothorn
|-damage|p1a: Ferrothorn|22/100
|-damage|p2a: Corviknight|58/100 par|[from] ability: Iron Barbs|[of] p1a: Ferrothorn
|-damage|p2a: Corviknight|42/100 par|[from] item: Rocky Helmet|[of] p1a: Ferrothorn
|-damage|p2a: Corviknight|29/100 par|[from] Recoil
|move|p1a: Ferrothorn|Body Press|p2a: Corviknight
|-activate|p2a: Corviknight|move: Substitute|[damage]
|
|-heal|p2a: Corviknight|35/100 par|[from] item: Leftovers
|upkeep
|turn|29
|
|move|p2a: Corviknight|Roost|p2a: Corviknight
|-heal|p2a: Corviknight|85/100 par
|-singleturn|p2a: Corviknight|move: Roost
|move|p1a: Ferrothorn|Body Press|p2a: Corviknight
|-supereffective|p2a: Corviknight
|-end|p2a: Corviknight|Substitute
|
|-heal|p2a: Corviknight|92/100 par|[from] item: Leftovers
|upkeep
|turn|30
|
|cant|p2a: Corviknight|par
|move|p1a: Ferrothorn|Body Press|p2a: Corviknight
|-damage|p2a: Corviknight|80/100 par
|
|-heal|p2a: Corviknight|86/100 par|[from] item: Leftovers
|upkeep
|turn|31
|
|move|p2a: Corviknight|Substitute|p2a: Corviknight
|-start|p2a: Corviknight|Substitute
|-damage|p2a: Corviknight|61/100 par
|move|p1a: Ferrothorn|Leech Seed||[still]
|-fail|p1a: Ferrothorn
|
|-heal|p2a: Corviknight|67/100 par|[from] item: Leftovers
|upkeep
|turn|32
|
|move|p2a: Corviknight|Brave Bird|p1a: Ferrothorn
|-damage|p1a: Ferrothorn|0 fnt
|-damage|p2a: Corviknight|55/100 par|[from] ability: Iron Barbs|[of] p1a: Ferrothorn
|-damage|p2a: Corviknight|38/100 par|[from] item: Rocky Helmet|[of] p1a: Ferrothorn
|-damage|p2a: Corviknight|32/100 par|[from] Recoil
|faint|p1a: Ferrothorn
|
|-heal|p2a: Corviknight|38/100 par|[from] item: Leftovers
|upkeep
|
|switch|p1a: Dragapult|Dragapult, F|100/100
|-damage|p1a: Dragapult|88/100|[from] Stealth Rock
|turn|33
|
|switch|p2a: Toxapex|Toxapex, M|100/100
|-damage|p2a: Toxapex|88/100|[from] Stealth Rock
|move|p1a: Dragapult|Phantom Force||[still]
|-prepare|p1a: Dragapult|Phantom Force|p2a: Toxapex
|
|-heal|p2a: Toxapex|94/100|[from] item: Black Sludge
|upkeep
|turn|34
|
|move|p1a: Dragapult|Phantom Force|p2a: Toxapex|[from]lockedmove
|-damage|p2a: Toxapex|67/100
|move|p2a: Toxapex|Toxic Spikes|p1a: Dragapult
|-sidestart|p1: uriah.urgelia1999|move: Toxic Spikes
|
|-heal|p2a: Toxapex|73/100|[from] item: Black Sludge
|upkeep
|turn|35
|
|switch|p1a: Sigilyph|Sigilyph, F|100/100
|move|p2a: Toxapex|Scald|p1a: Sigilyph
|-damage|p1a: Sigilyph|76/100
|
|-heal|p2a: Toxapex|79/100|[from] item: Black Sludge
|upkeep
|turn|36
|
|move|p1a: Sigilyph|Psyshock|p2a: Toxapex
|-supereffective|p2a: Toxapex
|-damage|p2a: Toxapex|15/100
|move|p2a: Toxapex|Toxic Spikes|p1a: Sigilyph
|-sidestart|p1: uriah.urgelia1999|move: Toxic Spikes
|
|-heal|p2a: Toxapex|21/100|[from] item: Black Sludge
|upkeep
|turn|37
|
|switch|p2a: Excadrill|Excadrill, F|100/100
|-damage|p2a: Excadrill|97/100|[from] Stealth Rock
|-ability|p2a: Excadrill|Mold Breaker
|move|p1a: Sigilyph|Shadow Ball|p2a: Excadrill
|-damage|p2a: Excadrill|54/100
|
|-heal|p2a: Excadrill|60/100|[from] item: Leftovers
|upkeep
|turn|38
|
|move|p2a: Excadrill|Rapid Spin|p1a: Sigilyph
|-damage|p1a: Sigilyph|51/100
|-sideend|p2: paperclips-maker|Stealth Rock|[from] move: Rapid Spin|[of] p2a: Excadrill
|-boost|p2a: Excadrill|spe|1
|move|p1a: Sigilyph|Ice Beam|p2a: Excadrill
|-damage|p2a: Excadrill|9/100
|-status|p2a: Excadrill|frz
|
|-heal|p2a: Excadrill|15/100 frz|[from] item: Leftovers
|upkeep
|turn|39
|
|cant|p2a: Excadrill|frz
|move|p1a: Sigilyph|Shadow Ball|p2a: Excadrill
|-crit|p2a: Excadrill
|-damage|p2a: Excadrill|0 fnt
|faint|p2a: Excadrill
|
|upkeep
|
|switch|p2a: Dragapult|Dragapult, M|25/100
|turn|40
|
|switch|p1a: Gastrodon|Gastrodon, F|76/100 tox
|-damage|p1a: Gastrodon|70/100 tox|[from] Stealth Rock
|move|p2a: Dragapult|Shadow Ball|p1a: Gastrodon
|-damage|p1a: Gastrodon|48/100 tox
|
|-heal|p1a: Gastrodon|54/100 tox|[from] item: Leftovers
|-damage|p1a: Gastrodon|48/100 tox|[from] psn
|upkeep
|turn|41
|
|switch|p2a: Corviknight|Corviknight, F|38/100 par
|-ability|p2a: Corviknight|Pressure
|switch|p1a: Boltund|Boltund, F|48/100
|
|-heal|p2a: Corviknight|44/100 par|[from] item: Leftovers
|upkeep
|turn|42
|
|switch|p2a: Toxapex|Toxapex, M|54/100
|move|p1a: Boltund|Volt Switch|p2a: Toxapex
|-supereffective|p2a: Toxapex
|-damage|p2a: Toxapex|21/100
|
|switch|p1a: Sigilyph|Sigilyph, F|51/100|[from]move: Volt Switch
|
|-heal|p2a: Toxapex|27/100|[from] item: Black Sludge
|upkeep
|turn|43
|
|move|p1a: Sigilyph|Psyshock|p2a: Toxapex
|-supereffective|p2a: Toxapex
|-damage|p2a: Toxapex|0 fnt
|faint|p2a: Toxapex
|
|upkeep
|
|switch|p2a: Dragapult|Dragapult, M|25/100
|turn|44
|
|switch|p1a: Boltund|Boltund, F|48/100
|move|p2a: Dragapult|Shadow Ball|p1a: Boltund
|-damage|p1a: Boltund|0 fnt
|faint|p1a: Boltund
|
|upkeep
|
|switch|p1a: Dragapult|Dragapult, F|88/100
|-status|p1a: Dragapult|tox
|-damage|p1a: Dragapult|76/100 tox|[from] Stealth Rock
|turn|45
|
|move|p1a: Dragapult|Dragon Darts|p2a: Dragapult
|-supereffective|p2a: Dragapult
|-damage|p2a: Dragapult|0 fnt
|-hitcount|p2a: Dragapult|1
|faint|p2a: Dragapult
|
|-damage|p1a: Dragapult|70/100 tox|[from] psn
|upkeep
|
|switch|p2a: Corviknight|Corviknight, F|44/100 par
|-ability|p2a: Corviknight|Pressure
|turn|46
|
|switch|p1a: Sigilyph|Sigilyph, F|51/100
|cant|p2a: Corviknight|par
|
|-heal|p2a: Corviknight|51/100 par|[from] item: Leftovers
|upkeep
|turn|47
|
|move|p1a: Sigilyph|Shadow Ball|p2a: Corviknight
|-damage|p2a: Corviknight|27/100 par
|move|p2a: Corviknight|Roost|p2a: Corviknight
|-heal|p2a: Corviknight|77/100 par
|-singleturn|p2a: Corviknight|move: Roost
|
|-heal|p2a: Corviknight|83/100 par|[from] item: Leftovers
|upkeep
|turn|48
|
|move|p1a: Sigilyph|Roost|p1a: Sigilyph
|-heal|p1a: Sigilyph|100/100
|-singleturn|p1a: Sigilyph|move: Roost
|move|p2a: Corviknight|Bulk Up|p2a: Corviknight
|-boost|p2a: Corviknight|atk|1
|-boost|p2a: Corviknight|def|1
|
|-heal|p2a: Corviknight|89/100 par|[from] item: Leftovers
|upkeep
|turn|49
|
|move|p1a: Sigilyph|Shadow Ball|p2a: Corviknight
|-damage|p2a: Corviknight|65/100 par
|cant|p2a: Corviknight|par
|
|-heal|p2a: Corviknight|71/100 par|[from] item: Leftovers
|upkeep
|turn|50
|
|move|p1a: Sigilyph|Shadow Ball|p2a: Corviknight
|-damage|p2a: Corviknight|47/100 par
|move|p2a: Corviknight|Roost|p2a: Corviknight
|-heal|p2a: Corviknight|97/100 par
|-singleturn|p2a: Corviknight|move: Roost
|
|-heal|p2a: Corviknight|100/100 par|[from] item: Leftovers
|upkeep
|turn|51
|
|move|p1a: Sigilyph|Shadow Ball|p2a: Corviknight
|-damage|p2a: Corviknight|79/100 par
|move|p2a: Corviknight|Bulk Up|p2a: Corviknight
|-boost|p2a: Corviknight|atk|1
|-boost|p2a: Corviknight|def|1
|
|-heal|p2a: Corviknight|85/100 par|[from] item: Leftovers
|upkeep
|turn|52
|
|move|p1a: Sigilyph|Shadow Ball|p2a: Corviknight
|-damage|p2a: Corviknight|60/100 par
|-unboost|p2a: Corviknight|spd|1
|cant|p2a: Corviknight|par
|
|-heal|p2a: Corviknight|67/100 par|[from] item: Leftovers
|upkeep
|turn|53
|
|move|p1a: Sigilyph|Shadow Ball|p2a: Corviknight
|-damage|p2a: Corviknight|29/100 par
|move|p2a: Corviknight|Brave Bird|p1a: Sigilyph
|-damage|p1a: Sigilyph|0 fnt
|-damage|p2a: Corviknight|5/100 par|[from] Recoil
|faint|p1a: Sigilyph
|
|-heal|p2a: Corviknight|12/100 par|[from] item: Leftovers
|upkeep
|
|switch|p1a: Dragapult|Dragapult, F|70/100 tox
|-damage|p1a: Dragapult|58/100 tox|[from] Stealth Rock
|turn|54
|
|move|p1a: Dragapult|Dragon Darts|p2a: Corviknight
|-resisted|p2a: Corviknight
|-damage|p2a: Corviknight|7/100 par
|-resisted|p2a: Corviknight
|-damage|p2a: Corviknight|3/100 par
|-hitcount|p2a: Corviknight|2
|cant|p2a: Corviknight|par
|
|-heal|p2a: Corviknight|9/100 par|[from] item: Leftovers
|-damage|p1a: Dragapult|52/100 tox|[from] psn
|upkeep
|turn|55
|
|move|p1a: Dragapult|Dragon Darts|p2a: Corviknight
|-resisted|p2a: Corviknight
|-damage|p2a: Corviknight|4/100 par
|-resisted|p2a: Corviknight
|-damage|p2a: Corviknight|0 fnt
|-hitcount|p2a: Corviknight|2
|faint|p2a: Corviknight
|
|-damage|p1a: Dragapult|40/100 tox|[from] psn
|upkeep
|
|switch|p2a: Dracovish|Dracovish|88/100
|turn|56
|
|move|p1a: Dragapult|Dragon Darts|p2a: Dracovish
|-supereffective|p2a: Dracovish
|-damage|p2a: Dracovish|36/100
|-supereffective|p2a: Dracovish
|-damage|p2a: Dracovish|0 fnt
|-hitcount|p2a: Dracovish|2
|faint|p2a: Dracovish
|
|win|uriah.urgelia1999
|raw|uriah.urgelia1999's rating: 1331 → 1348(+17 for winning)
|raw|paperclips-maker's rating: 1290 → 1268(-22 for losing)
|l|☆paperclips-maker
