|ScrapeTime|2020-01-01-20:15:59
|j|☆Neymes253
|j|☆Barbar3d
|player|p1|Neymes253|veteran|1176
|player|p2|Barbar3d|pokefanf-gen4|1168
|teamsize|p1|6
|teamsize|p2|6
|gametype|singles
|gen|8
|tier|[Gen 8] OU
|rated|
|rule|Sleep Clause Mod: Limit one foe put to sleep
|rule|Species Clause: Limit one of each Pokémon
|rule|OHKO Clause: OHKO moves are banned
|rule|Evasion Moves Clause: Evasion moves are banned
|rule|Endless Battle Clause: Forcing endless battles is banned
|rule|HP Percentage Mod: HP is shown in percentages
|clearpoke
|poke|p1|Toxtricity, F|
|poke|p1|Grimmsnarl, M|
|poke|p1|Cinderace, F|
|poke|p1|Obstagoon, M|
|poke|p1|Corviknight, M|
|poke|p1|Excadrill, M|
|poke|p2|Grimmsnarl, M|
|poke|p2|Indeedee, M|
|poke|p2|Obstagoon, M|
|poke|p2|Hawlucha, F|
|poke|p2|Corsola-Galar, M|
|poke|p2|Seismitoad, M|
|rule|Dynamax Clause: You cannot dynamax
|teampreview
|
|start
|switch|p1a: Grimmsnarl|Grimmsnarl, M|100/100
|switch|p2a: Obstagoon|Obstagoon, M|100/100
|turn|1
|
|move|p2a: Obstagoon|Knock Off|p1a: Grimmsnarl
|-resisted|p1a: Grimmsnarl
|-damage|p1a: Grimmsnarl|86/100
|-enditem|p1a: Grimmsnarl|Leftovers|[from] move: Knock Off|[of] p2a: Obstagoon
|move|p1a: Grimmsnarl|Play Rough|p2a: Obstagoon
|-supereffective|p2a: Obstagoon
|-damage|p2a: Obstagoon|21/100
|
|-status|p2a: Obstagoon|brn|[from] item: Flame Orb
|upkeep
|turn|2
|
|move|p1a: Grimmsnarl|Reflect|p1a: Grimmsnarl
|-sidestart|p1: Neymes253|Reflect
|move|p2a: Obstagoon|Facade|p1a: Grimmsnarl
|-damage|p1a: Grimmsnarl|28/100
|
|-damage|p2a: Obstagoon|15/100 brn|[from] brn
|upkeep
|turn|3
|
|switch|p1a: Corviknight|Corviknight, M|100/100
|-ability|p1a: Corviknight|Pressure
|move|p2a: Obstagoon|Facade|p1a: Corviknight
|-resisted|p1a: Corviknight
|-damage|p1a: Corviknight|80/100
|
|-heal|p1a: Corviknight|86/100|[from] item: Leftovers
|-damage|p2a: Obstagoon|9/100 brn|[from] brn
|upkeep
|turn|4
|
|switch|p2a: Corsola|Corsola-Galar, M|100/100
|move|p1a: Corviknight|Bulk Up|p1a: Corviknight
|-boost|p1a: Corviknight|atk|1
|-boost|p1a: Corviknight|def|1
|
|-heal|p1a: Corviknight|93/100|[from] item: Leftovers
|upkeep
|turn|5
|
|move|p1a: Corviknight|Bulk Up|p1a: Corviknight
|-boost|p1a: Corviknight|atk|1
|-boost|p1a: Corviknight|def|1
|move|p2a: Corsola|Will-O-Wisp|p1a: Corviknight
|-status|p1a: Corviknight|brn
|
|-heal|p1a: Corviknight|99/100 brn|[from] item: Leftovers
|-damage|p1a: Corviknight|93/100 brn|[from] brn
|upkeep
|turn|6
|
|move|p1a: Corviknight|Bulk Up|p1a: Corviknight
|-boost|p1a: Corviknight|atk|1
|-boost|p1a: Corviknight|def|1
|move|p2a: Corsola|Strength Sap|p1a: Corviknight
|-unboost|p1a: Corviknight|atk|1
|
|-heal|p1a: Corviknight|99/100 brn|[from] item: Leftovers
|-damage|p1a: Corviknight|93/100 brn|[from] brn
|-sideend|p1: Neymes253|Reflect
|upkeep
|turn|7
|
|move|p1a: Corviknight|Bulk Up|p1a: Corviknight
|-boost|p1a: Corviknight|atk|1
|-boost|p1a: Corviknight|def|1
|move|p2a: Corsola|Stealth Rock|p1a: Corviknight
|-sidestart|p1: Neymes253|move: Stealth Rock
|
|-heal|p1a: Corviknight|99/100 brn|[from] item: Leftovers
|-damage|p1a: Corviknight|93/100 brn|[from] brn
|upkeep
|turn|8
|
|move|p1a: Corviknight|Bulk Up|p1a: Corviknight
|-boost|p1a: Corviknight|atk|1
|-boost|p1a: Corviknight|def|1
|move|p2a: Corsola|Strength Sap|p1a: Corviknight
|-unboost|p1a: Corviknight|atk|1
|
|-heal|p1a: Corviknight|99/100 brn|[from] item: Leftovers
|-damage|p1a: Corviknight|93/100 brn|[from] brn
|upkeep
|turn|9
|
|move|p1a: Corviknight|Bulk Up|p1a: Corviknight
|-boost|p1a: Corviknight|atk|1
|-boost|p1a: Corviknight|def|1
|move|p2a: Corsola|Strength Sap|p1a: Corviknight
|-unboost|p1a: Corviknight|atk|1
|
|-heal|p1a: Corviknight|99/100 brn|[from] item: Leftovers
|-damage|p1a: Corviknight|93/100 brn|[from] brn
|upkeep
|turn|10
|
|move|p1a: Corviknight|Bulk Up|p1a: Corviknight
|-boost|p1a: Corviknight|atk|1
|-boost|p1a: Corviknight|def|0
|move|p2a: Corsola|Night Shade|p1a: Corviknight
|-damage|p1a: Corviknight|63/100 brn
|
|-heal|p1a: Corviknight|69/100 brn|[from] item: Leftovers
|-damage|p1a: Corviknight|63/100 brn|[from] brn
|upkeep
|turn|11
|
|move|p1a: Corviknight|Roost|p1a: Corviknight
|-heal|p1a: Corviknight|100/100 brn
|-singleturn|p1a: Corviknight|move: Roost
|move|p2a: Corsola|Strength Sap|p1a: Corviknight
|-unboost|p1a: Corviknight|atk|1
|
|-damage|p1a: Corviknight|94/100 brn|[from] brn
|upkeep
|turn|12
|
|move|p1a: Corviknight|Brave Bird|p2a: Corsola
|-damage|p2a: Corsola|78/100
|-start|p1a: Corviknight|Disable|Brave Bird|[from] ability: Cursed Body|[of] p2a: Corsola
|-damage|p1a: Corviknight|87/100 brn|[from] Recoil
|move|p2a: Corsola|Strength Sap|p1a: Corviknight
|-unboost|p1a: Corviknight|atk|1
|-heal|p2a: Corsola|100/100
|
|-heal|p1a: Corviknight|93/100 brn|[from] item: Leftovers
|-damage|p1a: Corviknight|87/100 brn|[from] brn
|upkeep
|turn|13
|
|move|p1a: Corviknight|Bulk Up|p1a: Corviknight
|-boost|p1a: Corviknight|atk|1
|-boost|p1a: Corviknight|def|0
|move|p2a: Corsola|Strength Sap|p1a: Corviknight
|-unboost|p1a: Corviknight|atk|1
|
|-heal|p1a: Corviknight|93/100 brn|[from] item: Leftovers
|-damage|p1a: Corviknight|87/100 brn|[from] brn
|upkeep
|turn|14
|
|switch|p2a: Seismitoad|Seismitoad, M|100/100
|move|p1a: Corviknight|Bulk Up|p1a: Corviknight
|-boost|p1a: Corviknight|atk|1
|-boost|p1a: Corviknight|def|0
|
|-heal|p1a: Corviknight|93/100 brn|[from] item: Leftovers
|-damage|p1a: Corviknight|87/100 brn|[from] brn
|upkeep
|turn|15
|
|move|p1a: Corviknight|Iron Head|p2a: Seismitoad
|-resisted|p2a: Seismitoad
|-damage|p2a: Seismitoad|89/100
|move|p2a: Seismitoad|Toxic||[still]
|-fail|p2a: Seismitoad
|
|-heal|p1a: Corviknight|93/100 brn|[from] item: Leftovers
|-heal|p2a: Seismitoad|95/100|[from] item: Leftovers
|-damage|p1a: Corviknight|87/100 brn|[from] brn
|-end|p1a: Corviknight|Disable
|upkeep
|turn|16
|
|switch|p2a: Indeedee|Indeedee, M|100/100
|-fieldstart|move: Psychic Terrain|[from] ability: Psychic Surge|[of] p2a: Indeedee
|move|p1a: Corviknight|Bulk Up|p1a: Corviknight
|-boost|p1a: Corviknight|atk|1
|-boost|p1a: Corviknight|def|0
|
|-heal|p1a: Corviknight|93/100 brn|[from] item: Leftovers
|-damage|p1a: Corviknight|87/100 brn|[from] brn
|upkeep
|turn|17
|
|move|p2a: Indeedee|Mystical Fire|p1a: Corviknight
|-supereffective|p1a: Corviknight
|-damage|p1a: Corviknight|31/100 brn
|-unboost|p1a: Corviknight|spa|1
|move|p1a: Corviknight|Bulk Up|p1a: Corviknight
|-boost|p1a: Corviknight|atk|1
|-boost|p1a: Corviknight|def|0
|
|-heal|p1a: Corviknight|37/100 brn|[from] item: Leftovers
|-damage|p1a: Corviknight|31/100 brn|[from] brn
|upkeep
|turn|18
|
|move|p2a: Indeedee|Mystical Fire|p1a: Corviknight
|-supereffective|p1a: Corviknight
|-damage|p1a: Corviknight|0 fnt
|faint|p1a: Corviknight
|
|upkeep
|
|switch|p1a: Obstagoon|Obstagoon, M|100/100
|-damage|p1a: Obstagoon|88/100|[from] Stealth Rock
|turn|19
|
|switch|p2a: Corsola|Corsola-Galar, M|100/100
|move|p1a: Obstagoon|Knock Off|p2a: Corsola
|-supereffective|p2a: Corsola
|-damage|p2a: Corsola|62/100
|-start|p1a: Obstagoon|Disable|Knock Off|[from] ability: Cursed Body|[of] p2a: Corsola
|-enditem|p2a: Corsola|Eviolite|[from] move: Knock Off|[of] p1a: Obstagoon
|
|-status|p1a: Obstagoon|brn|[from] item: Flame Orb
|upkeep
|turn|20
|
|switch|p1a: Cinderace|Cinderace, F|100/100
|-damage|p1a: Cinderace|76/100|[from] Stealth Rock
|switch|p2a: Hawlucha|Hawlucha, F|100/100
|-enditem|p2a: Hawlucha|Psychic Seed
|-boost|p2a: Hawlucha|spd|1
|
|-fieldend|move: Psychic Terrain
|upkeep
|turn|21
|
|move|p2a: Hawlucha|Acrobatics|p1a: Cinderace
|-damage|p1a: Cinderace|0 fnt
|faint|p1a: Cinderace
|
|upkeep
|
|switch|p1a: Grimmsnarl|Grimmsnarl, M|28/100
|-damage|p1a: Grimmsnarl|15/100|[from] Stealth Rock
|turn|22
|
|move|p1a: Grimmsnarl|Thunder Wave|p2a: Hawlucha
|-status|p2a: Hawlucha|par
|move|p2a: Hawlucha|Acrobatics|p1a: Grimmsnarl
|-damage|p1a: Grimmsnarl|0 fnt
|faint|p1a: Grimmsnarl
|
|upkeep
|
|switch|p1a: Obstagoon|Obstagoon, M|88/100 brn
|-damage|p1a: Obstagoon|75/100 brn|[from] Stealth Rock
|turn|23
|
|switch|p2a: Seismitoad|Seismitoad, M|95/100
|move|p1a: Obstagoon|Obstruct||[still]
|-fail|p1a: Obstagoon
|
|-heal|p2a: Seismitoad|100/100|[from] item: Leftovers
|-damage|p1a: Obstagoon|69/100 brn|[from] brn
|upkeep
|turn|24
|
|move|p1a: Obstagoon|Facade|p2a: Seismitoad
|-damage|p2a: Seismitoad|35/100
|move|p2a: Seismitoad|Toxic||[still]
|-fail|p2a: Seismitoad
|
|-heal|p2a: Seismitoad|41/100|[from] item: Leftovers
|-damage|p1a: Obstagoon|63/100 brn|[from] brn
|upkeep
|turn|25
|
|switch|p2a: Corsola|Corsola-Galar, M|62/100
|move|p1a: Obstagoon|Knock Off|p2a: Corsola
|-supereffective|p2a: Corsola
|-damage|p2a: Corsola|0 fnt
|-start|p1a: Obstagoon|Disable|Knock Off|[from] ability: Cursed Body|[of] p2a: Corsola
|faint|p2a: Corsola
|
|-damage|p1a: Obstagoon|57/100 brn|[from] brn
|upkeep
|
|switch|p2a: Hawlucha|Hawlucha, F|100/100 par
|turn|26
|
|move|p1a: Obstagoon|Obstruct|p1a: Obstagoon
|-singleturn|p1a: Obstagoon|Protect
|move|p2a: Hawlucha|Close Combat|p1a: Obstagoon
|-activate|p1a: Obstagoon|move: Protect
|-unboost|p2a: Hawlucha|def|2
|
|-damage|p1a: Obstagoon|51/100 brn|[from] brn
|upkeep
|turn|27
|
|switch|p1a: Toxtricity|Toxtricity, F|100/100
|-damage|p1a: Toxtricity|88/100|[from] Stealth Rock
|switch|p2a: Grimmsnarl|Grimmsnarl, M|100/100
|
|upkeep
|turn|28
|
|switch|p2a: Seismitoad|Seismitoad, M|41/100
|move|p1a: Toxtricity|Sludge Wave|p2a: Seismitoad
|-resisted|p2a: Seismitoad
|-damage|p2a: Seismitoad|17/100
|-status|p2a: Seismitoad|psn
|
|-heal|p2a: Seismitoad|23/100 psn|[from] item: Leftovers
|-damage|p2a: Seismitoad|11/100 psn|[from] psn
|upkeep
|turn|29
|
|move|p1a: Toxtricity|Sludge Wave|p2a: Seismitoad
|-resisted|p2a: Seismitoad
|-damage|p2a: Seismitoad|0 fnt
|faint|p2a: Seismitoad
|
|upkeep
|
|switch|p2a: Grimmsnarl|Grimmsnarl, M|100/100
|turn|30
|
|move|p2a: Grimmsnarl|Light Screen|p2a: Grimmsnarl
|-sidestart|p2: Barbar3d|move: Light Screen
|move|p1a: Toxtricity|Sludge Wave|p2a: Grimmsnarl
|-supereffective|p2a: Grimmsnarl
|-damage|p2a: Grimmsnarl|59/100
|
|upkeep
|turn|31
|
|switch|p2a: Indeedee|Indeedee, M|100/100
|-fieldstart|move: Psychic Terrain|[from] ability: Psychic Surge|[of] p2a: Indeedee
|move|p1a: Toxtricity|Sludge Wave|p2a: Indeedee
|-damage|p2a: Indeedee|65/100
|-status|p2a: Indeedee|psn
|
|-damage|p2a: Indeedee|53/100 psn|[from] psn
|upkeep
|turn|32
|
|move|p1a: Toxtricity|Sludge Wave|p2a: Indeedee
|-damage|p2a: Indeedee|19/100 psn
|move|p2a: Indeedee|Psychic|p1a: Toxtricity
|-supereffective|p1a: Toxtricity
|-damage|p1a: Toxtricity|0 fnt
|faint|p1a: Toxtricity
|
|-damage|p2a: Indeedee|7/100 psn|[from] psn
|upkeep
|
|switch|p1a: Excadrill|Excadrill, M|100/100
|-damage|p1a: Excadrill|97/100|[from] Stealth Rock
|-ability|p1a: Excadrill|Mold Breaker
|turn|33
|
|move|p2a: Indeedee|Psychic|p1a: Excadrill
|-resisted|p1a: Excadrill
|-damage|p1a: Excadrill|40/100
|move|p1a: Excadrill|Iron Head|p2a: Indeedee
|-damage|p2a: Indeedee|0 fnt
|faint|p2a: Indeedee
|
|upkeep
|
|switch|p2a: Hawlucha|Hawlucha, F|100/100 par
|turn|34
|
|move|p1a: Excadrill|Iron Head|p2a: Hawlucha
|-damage|p2a: Hawlucha|33/100 par
|cant|p2a: Hawlucha|par
|
|upkeep
|turn|35
|
|switch|p2a: Obstagoon|Obstagoon, M|9/100 brn
|move|p1a: Excadrill|Iron Head|p2a: Obstagoon
|-damage|p2a: Obstagoon|0 fnt
|faint|p2a: Obstagoon
|
|-fieldend|move: Psychic Terrain
|upkeep
|
|switch|p2a: Grimmsnarl|Grimmsnarl, M|59/100
|turn|36
|
|move|p2a: Grimmsnarl|Reflect|p2a: Grimmsnarl
|-sidestart|p2: Barbar3d|Reflect
|move|p1a: Excadrill|Iron Head|p2a: Grimmsnarl
|-supereffective|p2a: Grimmsnarl
|-crit|p2a: Grimmsnarl
|-damage|p2a: Grimmsnarl|0 fnt
|faint|p2a: Grimmsnarl
|
|upkeep
|
|switch|p2a: Hawlucha|Hawlucha, F|33/100 par
|turn|37
|
|move|p1a: Excadrill|Iron Head|p2a: Hawlucha
|-damage|p2a: Hawlucha|0 fnt
|faint|p2a: Hawlucha
|
|win|Neymes253
|raw|Neymes253's rating: 1154 → 1180(+26 for winning)
|raw|Barbar3d's rating: 1168 → 1142(-26 for losing)
