|ScrapeTime|2020-01-01-17:25:30
|j|☆Hegel01
|j|☆Pencilshaved
|player|p1|Hegel01|251|1257
|player|p2|Pencilshaved|202|1198
|teamsize|p1|6
|teamsize|p2|6
|gametype|singles
|gen|8
|tier|[Gen 8] OU
|rated|
|rule|Sleep Clause Mod: Limit one foe put to sleep
|rule|Species Clause: Limit one of each Pokémon
|rule|OHKO Clause: OHKO moves are banned
|rule|Evasion Moves Clause: Evasion moves are banned
|rule|Endless Battle Clause: Forcing endless battles is banned
|rule|HP Percentage Mod: HP is shown in percentages
|clearpoke
|poke|p1|Ditto|
|poke|p1|Ferrothorn, M|
|poke|p1|Corviknight, M|
|poke|p1|Cinderace, M|
|poke|p1|Dragapult, F|
|poke|p1|Grimmsnarl, M|
|poke|p2|Dracozolt|
|poke|p2|Araquanid, M|
|poke|p2|Hatterene, F|
|poke|p2|Sirfetch'd, F|
|poke|p2|Claydol|
|poke|p2|Skuntank, F|
|rule|Dynamax Clause: You cannot dynamax
|teampreview
|
|start
|switch|p1a: Grimmsnarl|Grimmsnarl, M|100/100
|switch|p2a: Itsy Bitsy|Araquanid, M|100/100
|turn|1
|
|move|p1a: Grimmsnarl|Reflect|p1a: Grimmsnarl
|-sidestart|p1: Hegel01|Reflect
|move|p2a: Itsy Bitsy|Leech Life|p1a: Grimmsnarl
|-damage|p1a: Grimmsnarl|85/100
|
|upkeep
|turn|2
|
|move|p1a: Grimmsnarl|Light Screen|p1a: Grimmsnarl
|-sidestart|p1: Hegel01|move: Light Screen
|move|p2a: Itsy Bitsy|Sticky Web|p1a: Grimmsnarl
|-sidestart|p1: Hegel01|move: Sticky Web
|
|upkeep
|turn|3
|
|switch|p1a: Cinderace|Cinderace, M|100/100
|switch|p2a: Valkyrie|Sirfetch'd, F|100/100
|
|upkeep
|turn|4
|
|move|p1a: Cinderace|Court Change|p1a: Cinderace
|-sideend|p1: Hegel01|Sticky Web|[silent]
|-sidestart|p2: Pencilshaved|Sticky Web|[silent]
|-sideend|p1: Hegel01|Light Screen|[silent]
|-sidestart|p2: Pencilshaved|Light Screen|[silent]
|-sideend|p1: Hegel01|Reflect|[silent]
|-sidestart|p2: Pencilshaved|Reflect|[silent]
|-activate|p1a: Cinderace|move: Court Change
|move|p2a: Valkyrie|Close Combat|p1a: Cinderace
|-crit|p1a: Cinderace
|-damage|p1a: Cinderace|0 fnt
|-unboost|p2a: Valkyrie|def|1
|-unboost|p2a: Valkyrie|spd|1
|faint|p1a: Cinderace
|
|upkeep
|
|switch|p1a: Corviknight|Corviknight, M|100/100
|-ability|p1a: Corviknight|Pressure
|turn|5
|
|move|p1a: Corviknight|Defog|p2a: Valkyrie
|-unboost|p2a: Valkyrie|evasion|1
|-sideend|p2: Pencilshaved|Reflect
|-sideend|p2: Pencilshaved|move: Light Screen
|-sideend|p2: Pencilshaved|Sticky Web|[from] move: Defog|[of] p1a: Corviknight
|move|p2a: Valkyrie|Close Combat|p1a: Corviknight
|-damage|p1a: Corviknight|53/100
|-unboost|p2a: Valkyrie|def|1
|-unboost|p2a: Valkyrie|spd|1
|
|-heal|p1a: Corviknight|59/100|[from] item: Leftovers
|upkeep
|turn|6
|
|switch|p2a: Vibe Check|Hatterene, F|100/100
|move|p1a: Corviknight|Brave Bird|p2a: Vibe Check
|-damage|p2a: Vibe Check|68/100
|-damage|p1a: Corviknight|51/100|[from] Recoil
|
|-heal|p1a: Corviknight|57/100|[from] item: Leftovers
|-heal|p2a: Vibe Check|74/100|[from] item: Leftovers
|upkeep
|turn|7
|
|switch|p1a: Grimmsnarl|Grimmsnarl, M|85/100
|move|p2a: Vibe Check|Nuzzle|p1a: Grimmsnarl
|-damage|p1a: Grimmsnarl|80/100
|-status|p1a: Grimmsnarl|par
|
|-heal|p2a: Vibe Check|80/100|[from] item: Leftovers
|upkeep
|turn|8
|
|move|p1a: Grimmsnarl|Taunt|p2a: Vibe Check
|move|p2a: Vibe Check|Taunt|p1a: Grimmsnarl|[from]Magic Bounce
|-start|p1a: Grimmsnarl|move: Taunt
|move|p2a: Vibe Check|Dazzling Gleam|p1a: Grimmsnarl
|-supereffective|p1a: Grimmsnarl
|-damage|p1a: Grimmsnarl|0 fnt
|faint|p1a: Grimmsnarl
|
|-heal|p2a: Vibe Check|87/100|[from] item: Leftovers
|upkeep
|
|switch|p1a: Ferrothorn|Ferrothorn, M|100/100
|turn|9
|
|move|p2a: Vibe Check|Mystical Fire|p1a: Ferrothorn
|-supereffective|p1a: Ferrothorn
|-damage|p1a: Ferrothorn|15/100
|-unboost|p1a: Ferrothorn|spa|1
|move|p1a: Ferrothorn|Knock Off|p2a: Vibe Check
|-damage|p2a: Vibe Check|66/100
|-enditem|p2a: Vibe Check|Leftovers|[from] move: Knock Off|[of] p1a: Ferrothorn
|
|-heal|p1a: Ferrothorn|22/100|[from] item: Leftovers
|upkeep
|turn|10
|
|switch|p1a: Dragapult|Dragapult, F|100/100
|move|p2a: Vibe Check|Mystical Fire|p1a: Dragapult
|-resisted|p1a: Dragapult
|-damage|p1a: Dragapult|84/100
|-unboost|p1a: Dragapult|spa|1
|
|-heal|p1a: Dragapult|90/100|[from] item: Leftovers
|upkeep
|turn|11
|
|move|p1a: Dragapult|Phantom Force||[still]
|-prepare|p1a: Dragapult|Phantom Force|p2a: Vibe Check
|move|p2a: Vibe Check|Dazzling Gleam|p1a: Dragapult|[miss]
|-miss|p2a: Vibe Check|p1a: Dragapult
|
|-heal|p1a: Dragapult|96/100|[from] item: Leftovers
|upkeep
|turn|12
|
|switch|p2a: Pincushion|Skuntank, F|100/100
|move|p1a: Dragapult|Phantom Force|p2a: Pincushion|[from]lockedmove
|-resisted|p2a: Pincushion
|-damage|p2a: Pincushion|78/100
|-damage|p1a: Dragapult|80/100|[from] item: Rocky Helmet|[of] p2a: Pincushion
|
|-heal|p1a: Dragapult|86/100|[from] item: Leftovers
|upkeep
|turn|13
|
|move|p1a: Dragapult|Substitute|p1a: Dragapult
|-start|p1a: Dragapult|Substitute
|-damage|p1a: Dragapult|61/100
|move|p2a: Pincushion|Hex|p1a: Dragapult
|-supereffective|p1a: Dragapult
|-end|p1a: Dragapult|Substitute
|
|-heal|p1a: Dragapult|67/100|[from] item: Leftovers
|upkeep
|turn|14
|
|switch|p1a: Corviknight|Corviknight, M|57/100
|-ability|p1a: Corviknight|Pressure
|move|p2a: Pincushion|Hex|p1a: Corviknight
|-damage|p1a: Corviknight|44/100
|
|-heal|p1a: Corviknight|50/100|[from] item: Leftovers
|upkeep
|turn|15
|
|move|p2a: Pincushion|Nasty Plot|p2a: Pincushion
|-boost|p2a: Pincushion|spa|2
|move|p1a: Corviknight|Roost|p1a: Corviknight
|-heal|p1a: Corviknight|99/100
|-singleturn|p1a: Corviknight|move: Roost
|
|-heal|p1a: Corviknight|100/100|[from] item: Leftovers
|upkeep
|turn|16
|
|move|p2a: Pincushion|Nasty Plot|p2a: Pincushion
|-boost|p2a: Pincushion|spa|2
|move|p1a: Corviknight|Brave Bird|p2a: Pincushion
|-damage|p2a: Pincushion|40/100
|-damage|p1a: Corviknight|84/100|[from] item: Rocky Helmet|[of] p2a: Pincushion
|-damage|p1a: Corviknight|71/100|[from] Recoil
|
|-heal|p1a: Corviknight|78/100|[from] item: Leftovers
|upkeep
|turn|17
|
|move|p2a: Pincushion|Hex|p1a: Corviknight
|-damage|p1a: Corviknight|40/100
|move|p1a: Corviknight|Brave Bird|p2a: Pincushion
|-crit|p2a: Pincushion
|-damage|p2a: Pincushion|0 fnt
|-damage|p1a: Corviknight|15/100|[from] ability: Aftermath|[of] p2a: Pincushion
|-damage|p1a: Corviknight|0 fnt|[from] item: Rocky Helmet|[of] p2a: Pincushion
|faint|p2a: Pincushion
|faint|p1a: Corviknight
|
|upkeep
|
|switch|p2a: Valkyrie|Sirfetch'd, F|100/100
|switch|p1a: Ferrothorn|Ferrothorn, M|22/100
|turn|18
|
|move|p2a: Valkyrie|Knock Off|p1a: Ferrothorn
|-crit|p1a: Ferrothorn
|-damage|p1a: Ferrothorn|0 fnt
|-damage|p2a: Valkyrie|88/100|[from] ability: Iron Barbs|[of] p1a: Ferrothorn
|-enditem|p1a: Ferrothorn|Leftovers|[from] move: Knock Off|[of] p2a: Valkyrie
|faint|p1a: Ferrothorn
|
|upkeep
|
|switch|p1a: Dragapult|Dragapult, F|67/100
|turn|19
|
|move|p2a: Valkyrie|Quick Attack|p1a: Dragapult
|-damage|p1a: Dragapult|45/100
|move|p1a: Dragapult|Substitute|p1a: Dragapult
|-start|p1a: Dragapult|Substitute
|-damage|p1a: Dragapult|20/100
|
|-heal|p1a: Dragapult|26/100|[from] item: Leftovers
|upkeep
|turn|20
|
|move|p1a: Dragapult|Dragon Dance|p1a: Dragapult
|-boost|p1a: Dragapult|atk|1
|-boost|p1a: Dragapult|spe|1
|move|p2a: Valkyrie|Knock Off|p1a: Dragapult
|-supereffective|p1a: Dragapult
|-end|p1a: Dragapult|Substitute
|
|-heal|p1a: Dragapult|32/100|[from] item: Leftovers
|upkeep
|turn|21
|
|move|p2a: Valkyrie|Quick Attack|p1a: Dragapult
|-damage|p1a: Dragapult|11/100
|move|p1a: Dragapult|Dragon Darts|p2a: Valkyrie
|-damage|p2a: Valkyrie|44/100
|-damage|p2a: Valkyrie|1/100
|-hitcount|p2a: Valkyrie|2
|
|-heal|p1a: Dragapult|17/100|[from] item: Leftovers
|upkeep
|turn|22
|
|move|p2a: Valkyrie|Quick Attack|p1a: Dragapult
|-damage|p1a: Dragapult|0 fnt
|faint|p1a: Dragapult
|
|upkeep
|-message|Hegel01 forfeited.
|
|win|Pencilshaved
|l|☆Hegel01
|raw|Hegel01's rating: 1229 → 1202(-27 for losing)
|raw|Pencilshaved's rating: 1198 → 1225(+27 for winning)
