|ScrapeTime|2020-01-01-15:54:52
|j|‽cellgenesis
|j|☆HeartlessScumbag
|player|p1|cellgenesis|102|1377
|player|p2|HeartlessScumbag|1|1342
|teamsize|p1|6
|teamsize|p2|6
|gametype|singles
|gen|8
|tier|[Gen 8] OU
|rated|
|rule|Sleep Clause Mod: Limit one foe put to sleep
|rule|Species Clause: Limit one of each Pokémon
|rule|OHKO Clause: OHKO moves are banned
|rule|Evasion Moves Clause: Evasion moves are banned
|rule|Endless Battle Clause: Forcing endless battles is banned
|rule|HP Percentage Mod: HP is shown in percentages
|clearpoke
|poke|p1|Charizard, M|
|poke|p1|Dracovish|
|poke|p1|Kommo-o, M|
|poke|p1|Ferrothorn, M|
|poke|p1|Vaporeon, M|
|poke|p1|Tyranitar, M|
|poke|p2|Pelipper, F|
|poke|p2|Ferrothorn, M|
|poke|p2|Dracovish|
|poke|p2|Barraskewda, M|
|poke|p2|Toxapex, F|
|poke|p2|Heliolisk, M|
|rule|Dynamax Clause: You cannot dynamax
|teampreview
|inactive|Battle timer is ON: inactive players will automatically lose when time's up. (requested by HeartlessScumbag)
|
|start
|switch|p1a: Kommo-o|Kommo-o, M, shiny|100/100
|switch|p2a: Geico|Heliolisk, M, shiny|100/100
|turn|1
|
|move|p2a: Geico|Volt Switch|p1a: Kommo-o
|-resisted|p1a: Kommo-o
|-damage|p1a: Kommo-o|82/100
|-damage|p2a: Geico|91/100|[from] item: Life Orb
|
|switch|p2a: Katrina🌪🌧|Pelipper, F|100/100|[from]move: Volt Switch
|-weather|RainDance|[from] ability: Drizzle|[of] p2a: Katrina🌪🌧
|move|p1a: Kommo-o|Stealth Rock|p2a: Katrina🌪🌧
|-sidestart|p2: HeartlessScumbag|move: Stealth Rock
|
|-weather|RainDance|[upkeep]
|-heal|p1a: Kommo-o|89/100|[from] item: Leftovers
|upkeep
|turn|2
|
|move|p1a: Kommo-o|Substitute|p1a: Kommo-o
|-start|p1a: Kommo-o|Substitute
|-damage|p1a: Kommo-o|64/100
|move|p2a: Katrina🌪🌧|U-turn|p1a: Kommo-o
|-resisted|p1a: Kommo-o
|-activate|p1a: Kommo-o|move: Substitute|[damage]
|
|switch|p2a: Sweet Tooth🦷|Barraskewda, M|100/100|[from]move: U-turn
|-damage|p2a: Sweet Tooth🦷|88/100|[from] Stealth Rock
|
|-weather|RainDance|[upkeep]
|-heal|p1a: Kommo-o|70/100|[from] item: Leftovers
|upkeep
|turn|3
|
|move|p2a: Sweet Tooth🦷|Psychic Fangs|p1a: Kommo-o
|-supereffective|p1a: Kommo-o
|-end|p1a: Kommo-o|Substitute
|-damage|p2a: Sweet Tooth🦷|78/100|[from] item: Life Orb
|move|p1a: Kommo-o|Body Press|p2a: Sweet Tooth🦷
|-damage|p2a: Sweet Tooth🦷|0 fnt
|faint|p2a: Sweet Tooth🦷
|
|-weather|RainDance|[upkeep]
|-heal|p1a: Kommo-o|76/100|[from] item: Leftovers
|upkeep
|
|switch|p2a: Young Draco🔫|Dracovish|100/100
|-damage|p2a: Young Draco🔫|88/100|[from] Stealth Rock
|turn|4
|
|switch|p2a: Geico|Heliolisk, M, shiny|91/100
|-damage|p2a: Geico|78/100|[from] Stealth Rock
|switch|p1a: Ferrothorn|Ferrothorn, M|100/100
|
|-weather|RainDance|[upkeep]
|-heal|p2a: Geico|91/100|[from] ability: Dry Skin
|upkeep
|turn|5
|
|move|p2a: Geico|Focus Blast|p1a: Ferrothorn|[miss]
|-miss|p2a: Geico|p1a: Ferrothorn
|move|p1a: Ferrothorn|Spikes|p2a: Geico
|-sidestart|p2: HeartlessScumbag|Spikes
|
|-weather|RainDance|[upkeep]
|-heal|p2a: Geico|100/100|[from] ability: Dry Skin
|upkeep
|turn|6
|-message|HeartlessScumbag forfeited.
|
|win|cellgenesis
|l|☆HeartlessScumbag
|raw|cellgenesis's rating: 1377 → 1395(+18 for winning)
|raw|HeartlessScumbag's rating: 1342 → 1324(-18 for losing)
