|ScrapeTime|2020-01-01-16:44:26
|j|☆jewishhotdog
|j|☆TheKorboDex
|player|p1|jewishhotdog|skierf|1210
|player|p2|TheKorboDex|163|1190
|teamsize|p1|6
|teamsize|p2|6
|gametype|singles
|gen|8
|tier|[Gen 8] OU
|rated|
|rule|Sleep Clause Mod: Limit one foe put to sleep
|rule|Species Clause: Limit one of each Pokémon
|rule|OHKO Clause: OHKO moves are banned
|rule|Evasion Moves Clause: Evasion moves are banned
|rule|Endless Battle Clause: Forcing endless battles is banned
|rule|HP Percentage Mod: HP is shown in percentages
|clearpoke
|poke|p1|Dracovish|
|poke|p1|Ditto|
|poke|p1|Grimmsnarl, M|
|poke|p1|Ferrothorn, M|
|poke|p1|Dragapult, F|
|poke|p1|Galvantula, F|
|poke|p2|Dragapult, M|
|poke|p2|Corviknight, M|
|poke|p2|Lanturn, M|
|poke|p2|Salazzle, F|
|poke|p2|Corsola-Galar, F|
|poke|p2|Bisharp, M|
|rule|Dynamax Clause: You cannot dynamax
|teampreview
|inactive|Battle timer is ON: inactive players will automatically lose when time's up. (requested by jewishhotdog)
|
|start
|switch|p1a: SPIKY PNIS XD|Ferrothorn, M|100/100
|switch|p2a: Dragapult|Dragapult, M|100/100
|turn|1
|inactive|jewishhotdog has 120 seconds left.
|
|move|p2a: Dragapult|Substitute|p2a: Dragapult
|-start|p2a: Dragapult|Substitute
|-damage|p2a: Dragapult|75/100
|move|p1a: SPIKY PNIS XD|Gyro Ball|p2a: Dragapult
|-end|p2a: Dragapult|Substitute
|
|-heal|p2a: Dragapult|82/100|[from] item: Leftovers
|upkeep
|turn|2
|
|move|p2a: Dragapult|Disable|p1a: SPIKY PNIS XD
|-start|p1a: SPIKY PNIS XD|Disable|Gyro Ball
|cant|p1a: SPIKY PNIS XD|Disable|Gyro Ball
|
|-heal|p2a: Dragapult|88/100|[from] item: Leftovers
|upkeep
|turn|3
|inactive|jewishhotdog has 120 seconds left.
|
|switch|p1a: I AM FREE|Grimmsnarl, M|100/100
|move|p2a: Dragapult|Substitute|p2a: Dragapult
|-start|p2a: Dragapult|Substitute
|-damage|p2a: Dragapult|63/100
|
|-heal|p2a: Dragapult|69/100|[from] item: Leftovers
|upkeep
|turn|4
|
|move|p1a: I AM FREE|Substitute|p1a: I AM FREE
|-start|p1a: I AM FREE|Substitute
|-damage|p1a: I AM FREE|76/100
|move|p2a: Dragapult|Will-O-Wisp||[still]
|-fail|p2a: Dragapult
|
|-heal|p2a: Dragapult|75/100|[from] item: Leftovers
|upkeep
|turn|5
|
|move|p2a: Dragapult|Disable|p1a: I AM FREE
|-start|p1a: I AM FREE|Disable|Substitute
|move|p1a: I AM FREE|Spirit Break|p2a: Dragapult
|-supereffective|p2a: Dragapult
|-end|p2a: Dragapult|Substitute
|
|-heal|p2a: Dragapult|81/100|[from] item: Leftovers
|upkeep
|turn|6
|
|switch|p2a: Bisharp|Bisharp, M|100/100
|move|p1a: I AM FREE|Spirit Break|p2a: Bisharp
|-damage|p2a: Bisharp|61/100
|-unboost|p2a: Bisharp|spa|1
|-ability|p2a: Bisharp|Defiant
|-boost|p2a: Bisharp|atk|2
|
|upkeep
|turn|7
|
|move|p2a: Bisharp|Iron Head|p1a: I AM FREE
|-supereffective|p1a: I AM FREE
|-end|p1a: I AM FREE|Substitute
|-damage|p2a: Bisharp|51/100|[from] item: Life Orb
|move|p1a: I AM FREE|Spirit Break|p2a: Bisharp
|-damage|p2a: Bisharp|8/100
|-unboost|p2a: Bisharp|spa|1
|-ability|p2a: Bisharp|Defiant
|-boost|p2a: Bisharp|atk|2
|
|upkeep
|turn|8
|
|switch|p1a: SPIDER DUDE|Galvantula, F|100/100
|move|p2a: Bisharp|Iron Head|p1a: SPIDER DUDE
|-resisted|p1a: SPIDER DUDE
|-enditem|p1a: SPIDER DUDE|Focus Sash
|-damage|p1a: SPIDER DUDE|1/100
|-damage|p2a: Bisharp|0 fnt|[from] item: Life Orb
|faint|p2a: Bisharp
|
|upkeep
|
|switch|p2a: Salazzle|Salazzle, F, shiny|100/100
|turn|9
|
|move|p2a: Salazzle|Flamethrower|p1a: SPIDER DUDE
|-supereffective|p1a: SPIDER DUDE
|-damage|p1a: SPIDER DUDE|0 fnt
|faint|p1a: SPIDER DUDE
|
|upkeep
|
|switch|p1a: LE FISHE|Dracovish|100/100
|turn|10
|
|move|p2a: Salazzle|Toxic|p1a: LE FISHE
|-status|p1a: LE FISHE|tox
|move|p1a: LE FISHE|Earthquake|p2a: Salazzle
|-supereffective|p2a: Salazzle
|-enditem|p2a: Salazzle|Focus Sash
|-damage|p2a: Salazzle|1/100
|
|-damage|p1a: LE FISHE|94/100 tox|[from] psn
|upkeep
|turn|11
|
|move|p2a: Salazzle|Venoshock|p1a: LE FISHE
|-damage|p1a: LE FISHE|26/100 tox
|move|p1a: LE FISHE|Earthquake|p2a: Salazzle
|-supereffective|p2a: Salazzle
|-damage|p2a: Salazzle|0 fnt
|faint|p2a: Salazzle
|
|-damage|p1a: LE FISHE|14/100 tox|[from] psn
|upkeep
|
|switch|p2a: Dragapult|Dragapult, M|81/100
|turn|12
|
|move|p2a: Dragapult|Substitute|p2a: Dragapult
|-start|p2a: Dragapult|Substitute
|-damage|p2a: Dragapult|56/100
|move|p1a: LE FISHE|Earthquake|p2a: Dragapult
|-crit|p2a: Dragapult
|-end|p2a: Dragapult|Substitute
|
|-heal|p2a: Dragapult|62/100|[from] item: Leftovers
|-damage|p1a: LE FISHE|0 fnt|[from] psn
|faint|p1a: LE FISHE
|upkeep
|
|switch|p1a: I AM YOU|Ditto|100/100
|-transform|p1a: I AM YOU|p2a: Dragapult|[from] ability: Imposter
|turn|13
|
|move|p1a: I AM YOU|Substitute|p1a: I AM YOU
|-start|p1a: I AM YOU|Substitute
|-damage|p1a: I AM YOU|75/100
|move|p2a: Dragapult|Hex|p1a: I AM YOU
|-supereffective|p1a: I AM YOU
|-end|p1a: I AM YOU|Substitute
|
|-heal|p2a: Dragapult|68/100|[from] item: Leftovers
|-heal|p1a: I AM YOU|81/100|[from] item: Leftovers
|upkeep
|turn|14
|
|move|p2a: Dragapult|Will-O-Wisp|p1a: I AM YOU
|-status|p1a: I AM YOU|brn
|move|p1a: I AM YOU|Disable|p2a: Dragapult
|-start|p2a: Dragapult|Disable|Will-O-Wisp
|
|-heal|p2a: Dragapult|74/100|[from] item: Leftovers
|-heal|p1a: I AM YOU|87/100 brn|[from] item: Leftovers
|-damage|p1a: I AM YOU|81/100 brn|[from] brn
|upkeep
|turn|15
|
|move|p1a: I AM YOU|Hex|p2a: Dragapult
|-supereffective|p2a: Dragapult
|-damage|p2a: Dragapult|26/100
|move|p2a: Dragapult|Substitute|p2a: Dragapult
|-start|p2a: Dragapult|Substitute
|-damage|p2a: Dragapult|1/100
|
|-heal|p2a: Dragapult|7/100|[from] item: Leftovers
|-heal|p1a: I AM YOU|87/100 brn|[from] item: Leftovers
|-damage|p1a: I AM YOU|81/100 brn|[from] brn
|upkeep
|turn|16
|
|move|p1a: I AM YOU|Hex|p2a: Dragapult
|-supereffective|p2a: Dragapult
|-end|p2a: Dragapult|Substitute
|move|p2a: Dragapult|Hex|p1a: I AM YOU
|-supereffective|p1a: I AM YOU
|-damage|p1a: I AM YOU|0 fnt
|faint|p1a: I AM YOU
|
|-heal|p2a: Dragapult|13/100|[from] item: Leftovers
|upkeep
|
|switch|p1a: Just Dragapult|Dragapult, F|100/100
|-item|p1a: Just Dragapult|Air Balloon
|turn|17
|
|move|p1a: Just Dragapult|Dragon Darts|p2a: Dragapult
|-supereffective|p2a: Dragapult
|-damage|p2a: Dragapult|0 fnt
|-hitcount|p2a: Dragapult|1
|faint|p2a: Dragapult
|
|upkeep
|
|switch|p2a: Lanturn|Lanturn, M|100/100
|turn|18
|
|switch|p1a: SPIKY PNIS XD|Ferrothorn, M|100/100
|move|p2a: Lanturn|Volt Switch|p1a: SPIKY PNIS XD
|-resisted|p1a: SPIKY PNIS XD
|-damage|p1a: SPIKY PNIS XD|93/100
|
|switch|p2a: Corsola|Corsola-Galar, F, shiny|100/100|[from]move: Volt Switch
|
|upkeep
|turn|19
|
|move|p2a: Corsola|Will-O-Wisp|p1a: SPIKY PNIS XD|[miss]
|-miss|p2a: Corsola|p1a: SPIKY PNIS XD
|move|p1a: SPIKY PNIS XD|Knock Off|p2a: Corsola
|-supereffective|p2a: Corsola
|-crit|p2a: Corsola
|-damage|p2a: Corsola|3/100
|-start|p1a: SPIKY PNIS XD|Disable|Knock Off|[from] ability: Cursed Body|[of] p2a: Corsola
|-enditem|p2a: Corsola|Eviolite|[from] move: Knock Off|[of] p1a: SPIKY PNIS XD
|
|upkeep
|turn|20
|
|switch|p1a: I AM FREE|Grimmsnarl, M|76/100
|move|p2a: Corsola|Strength Sap|p1a: I AM FREE
|-unboost|p1a: I AM FREE|atk|1
|-heal|p2a: Corsola|96/100
|
|upkeep
|turn|21
|
|move|p1a: I AM FREE|Substitute|p1a: I AM FREE
|-start|p1a: I AM FREE|Substitute
|-damage|p1a: I AM FREE|51/100
|move|p2a: Corsola|Night Shade|p1a: I AM FREE
|-end|p1a: I AM FREE|Substitute
|
|upkeep
|turn|22
|
|move|p1a: I AM FREE|Swagger|p2a: Corsola
|-boost|p2a: Corsola|atk|2
|-start|p2a: Corsola|confusion
|-activate|p2a: Corsola|confusion
|-damage|p2a: Corsola|87/100|[from] confusion
|
|upkeep
|turn|23
|
|move|p1a: I AM FREE|Substitute|p1a: I AM FREE
|-start|p1a: I AM FREE|Substitute
|-damage|p1a: I AM FREE|26/100
|-end|p2a: Corsola|confusion
|move|p2a: Corsola|Night Shade|p1a: I AM FREE
|-end|p1a: I AM FREE|Substitute
|
|upkeep
|turn|24
|
|move|p1a: I AM FREE|Swagger|p2a: Corsola
|-boost|p2a: Corsola|atk|2
|-start|p2a: Corsola|confusion
|-activate|p2a: Corsola|confusion
|move|p2a: Corsola|Night Shade|p1a: I AM FREE
|-damage|p1a: I AM FREE|0 fnt
|faint|p1a: I AM FREE
|
|upkeep
|
|switch|p1a: Just Dragapult|Dragapult, F|100/100
|-item|p1a: Just Dragapult|Air Balloon
|turn|25
|
|move|p1a: Just Dragapult|Dragon Darts|p2a: Corsola
|-damage|p2a: Corsola|63/100
|-start|p1a: Just Dragapult|Disable|Dragon Darts|[from] ability: Cursed Body|[of] p2a: Corsola
|-damage|p2a: Corsola|37/100
|-hitcount|p2a: Corsola|2
|-activate|p2a: Corsola|confusion
|move|p2a: Corsola|Will-O-Wisp|p1a: Just Dragapult
|-status|p1a: Just Dragapult|brn
|
|-damage|p1a: Just Dragapult|95/100 brn|[from] brn
|upkeep
|turn|26
|
|move|p1a: Just Dragapult|Will-O-Wisp|p2a: Corsola
|-status|p2a: Corsola|brn
|-activate|p2a: Corsola|confusion
|move|p2a: Corsola|Strength Sap|p1a: Just Dragapult
|-unboost|p1a: Just Dragapult|atk|1
|-heal|p2a: Corsola|100/100 brn
|
|-damage|p1a: Just Dragapult|89/100 brn|[from] brn
|-damage|p2a: Corsola|94/100 brn|[from] brn
|upkeep
|turn|27
|
|move|p1a: Just Dragapult|Flamethrower|p2a: Corsola
|-damage|p2a: Corsola|80/100 brn
|-end|p2a: Corsola|confusion
|move|p2a: Corsola|Night Shade|p1a: Just Dragapult
|-damage|p1a: Just Dragapult|57/100 brn
|-enditem|p1a: Just Dragapult|Air Balloon
|
|-damage|p1a: Just Dragapult|51/100 brn|[from] brn
|-damage|p2a: Corsola|73/100 brn|[from] brn
|upkeep
|turn|28
|
|move|p1a: Just Dragapult|Flamethrower|p2a: Corsola
|-damage|p2a: Corsola|59/100 brn
|move|p2a: Corsola|Night Shade|p1a: Just Dragapult
|-damage|p1a: Just Dragapult|19/100 brn
|
|-damage|p1a: Just Dragapult|13/100 brn|[from] brn
|-damage|p2a: Corsola|53/100 brn|[from] brn
|-end|p1a: Just Dragapult|Disable
|upkeep
|turn|29
|
|move|p1a: Just Dragapult|Dragon Darts|p2a: Corsola
|-damage|p2a: Corsola|44/100 brn
|-damage|p2a: Corsola|36/100 brn
|-hitcount|p2a: Corsola|2
|move|p2a: Corsola|Night Shade|p1a: Just Dragapult
|-damage|p1a: Just Dragapult|0 fnt
|faint|p1a: Just Dragapult
|
|-damage|p2a: Corsola|30/100 brn|[from] brn
|upkeep
|
|switch|p1a: SPIKY PNIS XD|Ferrothorn, M|93/100
|turn|30
|
|move|p2a: Corsola|Strength Sap|p1a: SPIKY PNIS XD
|-unboost|p1a: SPIKY PNIS XD|atk|1
|-heal|p2a: Corsola|100/100 brn
|move|p1a: SPIKY PNIS XD|Gyro Ball|p2a: Corsola
|-damage|p2a: Corsola|71/100 brn
|
|-damage|p2a: Corsola|64/100 brn|[from] brn
|upkeep
|turn|31
|-message|jewishhotdog forfeited.
|
|win|TheKorboDex
|l|☆jewishhotdog
|raw|jewishhotdog's rating: 1210 → 1184(-26 for losing)
|raw|TheKorboDex's rating: 1191 → 1217(+26 for winning)
