|ScrapeTime|2020-01-01-18:32:24
|j|☆sb95
|j|☆pelipepps
|player|p1|sb95|1|1127
|player|p2|pelipepps|170|1158
|teamsize|p1|6
|teamsize|p2|6
|gametype|singles
|gen|8
|tier|[Gen 8] OU
|rated|
|rule|Sleep Clause Mod: Limit one foe put to sleep
|rule|Species Clause: Limit one of each Pokémon
|rule|OHKO Clause: OHKO moves are banned
|rule|Evasion Moves Clause: Evasion moves are banned
|rule|Endless Battle Clause: Forcing endless battles is banned
|rule|HP Percentage Mod: HP is shown in percentages
|clearpoke
|poke|p1|Gastrodon, M|
|poke|p1|Espeon, M|
|poke|p1|Umbreon, M|
|poke|p1|Tyranitar, F|
|poke|p1|Clefable, F|
|poke|p1|Avalugg, F|
|poke|p2|Araquanid, M|
|poke|p2|Dracovish|
|poke|p2|Corviknight, F|
|poke|p2|Grimmsnarl, M|
|poke|p2|Charizard, F|
|poke|p2|Gardevoir, F|
|rule|Dynamax Clause: You cannot dynamax
|teampreview
|
|start
|switch|p1a: Gastrodon|Gastrodon, M|100/100
|switch|p2a: Araquanid|Araquanid, M|100/100
|turn|1
|inactive|Battle timer is ON: inactive players will automatically lose when time's up. (requested by sb95)
|
|move|p2a: Araquanid|Sticky Web|p1a: Gastrodon
|-sidestart|p1: sb95|move: Sticky Web
|move|p1a: Gastrodon|Curse|p1a: Gastrodon
|-unboost|p1a: Gastrodon|spe|1
|-boost|p1a: Gastrodon|atk|1
|-boost|p1a: Gastrodon|def|1
|
|upkeep
|turn|2
|
|move|p2a: Araquanid|Lunge|p1a: Gastrodon
|-damage|p1a: Gastrodon|84/100
|-damage|p2a: Araquanid|84/100|[from] item: Rocky Helmet|[of] p1a: Gastrodon
|-unboost|p1a: Gastrodon|atk|1
|move|p1a: Gastrodon|Curse|p1a: Gastrodon
|-unboost|p1a: Gastrodon|spe|1
|-boost|p1a: Gastrodon|atk|1
|-boost|p1a: Gastrodon|def|1
|
|upkeep
|turn|3
|
|move|p2a: Araquanid|Lunge|p1a: Gastrodon
|-damage|p1a: Gastrodon|71/100
|-damage|p2a: Araquanid|67/100|[from] item: Rocky Helmet|[of] p1a: Gastrodon
|-unboost|p1a: Gastrodon|atk|1
|move|p1a: Gastrodon|Curse|p1a: Gastrodon
|-unboost|p1a: Gastrodon|spe|1
|-boost|p1a: Gastrodon|atk|1
|-boost|p1a: Gastrodon|def|1
|
|upkeep
|turn|4
|
|move|p2a: Araquanid|Lunge|p1a: Gastrodon
|-damage|p1a: Gastrodon|61/100
|-damage|p2a: Araquanid|51/100|[from] item: Rocky Helmet|[of] p1a: Gastrodon
|-unboost|p1a: Gastrodon|atk|1
|move|p1a: Gastrodon|Curse|p1a: Gastrodon
|-unboost|p1a: Gastrodon|spe|1
|-boost|p1a: Gastrodon|atk|1
|-boost|p1a: Gastrodon|def|1
|
|upkeep
|turn|5
|
|move|p2a: Araquanid|Lunge|p1a: Gastrodon
|-damage|p1a: Gastrodon|53/100
|-damage|p2a: Araquanid|34/100|[from] item: Rocky Helmet|[of] p1a: Gastrodon
|-unboost|p1a: Gastrodon|atk|1
|move|p1a: Gastrodon|Curse|p1a: Gastrodon
|-unboost|p1a: Gastrodon|spe|1
|-boost|p1a: Gastrodon|atk|1
|-boost|p1a: Gastrodon|def|1
|
|upkeep
|turn|6
|
|move|p2a: Araquanid|Lunge|p1a: Gastrodon
|-damage|p1a: Gastrodon|45/100
|-damage|p2a: Araquanid|17/100|[from] item: Rocky Helmet|[of] p1a: Gastrodon
|-unboost|p1a: Gastrodon|atk|1
|move|p1a: Gastrodon|Recover|p1a: Gastrodon
|-heal|p1a: Gastrodon|95/100
|
|upkeep
|turn|7
|
|move|p2a: Araquanid|Protect|p2a: Araquanid
|-singleturn|p2a: Araquanid|Protect
|move|p1a: Gastrodon|Recover|p1a: Gastrodon
|-heal|p1a: Gastrodon|100/100
|
|upkeep
|turn|8
|
|move|p2a: Araquanid|Rest|p2a: Araquanid
|-status|p2a: Araquanid|slp|[from] move: Rest
|-heal|p2a: Araquanid|100/100 slp|[silent]
|-enditem|p2a: Araquanid|Chesto Berry|[eat]
|-curestatus|p2a: Araquanid|slp|[msg]
|move|p1a: Gastrodon|Curse|p1a: Gastrodon
|-unboost|p1a: Gastrodon|spe|1
|-boost|p1a: Gastrodon|atk|1
|-boost|p1a: Gastrodon|def|1
|
|upkeep
|turn|9
|
|move|p2a: Araquanid|Lunge|p1a: Gastrodon
|-damage|p1a: Gastrodon|95/100
|-damage|p2a: Araquanid|84/100|[from] item: Rocky Helmet|[of] p1a: Gastrodon
|-unboost|p1a: Gastrodon|atk|1
|move|p1a: Gastrodon|Earthquake|p2a: Araquanid
|-resisted|p2a: Araquanid
|-damage|p2a: Araquanid|69/100
|
|upkeep
|turn|10
|
|move|p2a: Araquanid|Protect|p2a: Araquanid
|-singleturn|p2a: Araquanid|Protect
|move|p1a: Gastrodon|Curse|p1a: Gastrodon
|-boost|p1a: Gastrodon|atk|1
|
|upkeep
|turn|11
|
|move|p2a: Araquanid|Lunge|p1a: Gastrodon
|-damage|p1a: Gastrodon|88/100
|-damage|p2a: Araquanid|52/100|[from] item: Rocky Helmet|[of] p1a: Gastrodon
|-unboost|p1a: Gastrodon|atk|1
|move|p1a: Gastrodon|Curse|p1a: Gastrodon
|-boost|p1a: Gastrodon|atk|1
|
|upkeep
|turn|12
|
|move|p2a: Araquanid|Lunge|p1a: Gastrodon
|-damage|p1a: Gastrodon|82/100
|-damage|p2a: Araquanid|36/100|[from] item: Rocky Helmet|[of] p1a: Gastrodon
|-unboost|p1a: Gastrodon|atk|1
|move|p1a: Gastrodon|Curse|p1a: Gastrodon
|-boost|p1a: Gastrodon|atk|1
|
|upkeep
|turn|13
|
|switch|p2a: Gardevoir|Gardevoir, F|100/100
|move|p1a: Gastrodon|Earthquake|p2a: Gardevoir
|-damage|p2a: Gardevoir|12/100
|
|upkeep
|turn|14
|
|move|p2a: Gardevoir|Moonblast|p1a: Gastrodon
|-damage|p1a: Gastrodon|34/100
|move|p1a: Gastrodon|Waterfall|p2a: Gardevoir
|-damage|p2a: Gardevoir|0 fnt
|faint|p2a: Gardevoir
|
|upkeep
|
|switch|p2a: Araquanid|Araquanid, M|36/100
|turn|15
|
|move|p2a: Araquanid|Protect|p2a: Araquanid
|-singleturn|p2a: Araquanid|Protect
|move|p1a: Gastrodon|Recover|p1a: Gastrodon
|-heal|p1a: Gastrodon|84/100
|
|upkeep
|turn|16
|
|move|p2a: Araquanid|Lunge|p1a: Gastrodon
|-damage|p1a: Gastrodon|78/100
|-damage|p2a: Araquanid|19/100|[from] item: Rocky Helmet|[of] p1a: Gastrodon
|-unboost|p1a: Gastrodon|atk|1
|move|p1a: Gastrodon|Earthquake|p2a: Araquanid
|-resisted|p2a: Araquanid
|-damage|p2a: Araquanid|4/100
|
|upkeep
|turn|17
|
|move|p2a: Araquanid|Protect|p2a: Araquanid
|-singleturn|p2a: Araquanid|Protect
|move|p1a: Gastrodon|Curse|p1a: Gastrodon
|-boost|p1a: Gastrodon|atk|1
|
|upkeep
|turn|18
|
|move|p2a: Araquanid|Rest|p2a: Araquanid
|-status|p2a: Araquanid|slp|[from] move: Rest
|-heal|p2a: Araquanid|100/100 slp|[silent]
|move|p1a: Gastrodon|Earthquake|p2a: Araquanid
|-resisted|p2a: Araquanid
|-damage|p2a: Araquanid|78/100 slp
|
|upkeep
|turn|19
|
|cant|p2a: Araquanid|slp
|move|p1a: Gastrodon|Curse|p1a: Gastrodon
|-boost|p1a: Gastrodon|atk|1
|
|upkeep
|turn|20
|
|cant|p2a: Araquanid|slp
|move|p1a: Gastrodon|Curse|p1a: Gastrodon
|-boost|p1a: Gastrodon|atk|1
|
|upkeep
|turn|21
|
|-curestatus|p2a: Araquanid|slp|[msg]
|move|p2a: Araquanid|Lunge|p1a: Gastrodon
|-damage|p1a: Gastrodon|71/100
|-damage|p2a: Araquanid|61/100|[from] item: Rocky Helmet|[of] p1a: Gastrodon
|-unboost|p1a: Gastrodon|atk|1
|move|p1a: Gastrodon|Earthquake|p2a: Araquanid
|-resisted|p2a: Araquanid
|-damage|p2a: Araquanid|29/100
|
|upkeep
|turn|22
|
|move|p2a: Araquanid|Rest|p2a: Araquanid
|-status|p2a: Araquanid|slp|[from] move: Rest
|-heal|p2a: Araquanid|100/100 slp|[silent]
|move|p1a: Gastrodon|Earthquake|p2a: Araquanid
|-resisted|p2a: Araquanid
|-damage|p2a: Araquanid|69/100 slp
|
|upkeep
|turn|23
|
|cant|p2a: Araquanid|slp
|move|p1a: Gastrodon|Curse|p1a: Gastrodon
|-boost|p1a: Gastrodon|atk|1
|
|upkeep
|turn|24
|
|cant|p2a: Araquanid|slp
|move|p1a: Gastrodon|Curse|p1a: Gastrodon
|-boost|p1a: Gastrodon|atk|1
|
|upkeep
|turn|25
|
|-curestatus|p2a: Araquanid|slp|[msg]
|move|p2a: Araquanid|Lunge|p1a: Gastrodon
|-damage|p1a: Gastrodon|64/100
|-damage|p2a: Araquanid|52/100|[from] item: Rocky Helmet|[of] p1a: Gastrodon
|-unboost|p1a: Gastrodon|atk|1
|move|p1a: Gastrodon|Curse|p1a: Gastrodon
|-boost|p1a: Gastrodon|atk|1
|
|upkeep
|turn|26
|
|move|p2a: Araquanid|Lunge|p1a: Gastrodon
|-damage|p1a: Gastrodon|58/100
|-damage|p2a: Araquanid|36/100|[from] item: Rocky Helmet|[of] p1a: Gastrodon
|-unboost|p1a: Gastrodon|atk|1
|move|p1a: Gastrodon|Recover|p1a: Gastrodon
|-heal|p1a: Gastrodon|100/100
|
|upkeep
|turn|27
|
|move|p2a: Araquanid|Lunge|p1a: Gastrodon
|-crit|p1a: Gastrodon
|-damage|p1a: Gastrodon|65/100
|-damage|p2a: Araquanid|19/100|[from] item: Rocky Helmet|[of] p1a: Gastrodon
|-unboost|p1a: Gastrodon|atk|1
|move|p1a: Gastrodon|Earthquake|p2a: Araquanid
|-resisted|p2a: Araquanid
|-damage|p2a: Araquanid|0 fnt
|faint|p2a: Araquanid
|
|upkeep
|
|switch|p2a: Corviknight|Corviknight, F|100/100
|turn|28
|
|move|p2a: Corviknight|Bulk Up|p2a: Corviknight
|-boost|p2a: Corviknight|atk|1
|-boost|p2a: Corviknight|def|1
|move|p1a: Gastrodon|Waterfall|p2a: Corviknight
|-damage|p2a: Corviknight|72/100
|
|-heal|p2a: Corviknight|79/100|[from] item: Leftovers
|upkeep
|turn|29
|
|move|p2a: Corviknight|Bulk Up|p2a: Corviknight
|-boost|p2a: Corviknight|atk|1
|-boost|p2a: Corviknight|def|1
|move|p1a: Gastrodon|Curse|p1a: Gastrodon
|-boost|p1a: Gastrodon|atk|1
|
|-heal|p2a: Corviknight|85/100|[from] item: Leftovers
|upkeep
|turn|30
|
|move|p2a: Corviknight|Bulk Up|p2a: Corviknight
|-boost|p2a: Corviknight|atk|1
|-boost|p2a: Corviknight|def|1
|move|p1a: Gastrodon|Recover|p1a: Gastrodon
|-heal|p1a: Gastrodon|100/100
|
|-heal|p2a: Corviknight|91/100|[from] item: Leftovers
|upkeep
|turn|31
|
|move|p2a: Corviknight|Bulk Up|p2a: Corviknight
|-boost|p2a: Corviknight|atk|1
|-boost|p2a: Corviknight|def|1
|move|p1a: Gastrodon|Waterfall|p2a: Corviknight
|-damage|p2a: Corviknight|73/100
|
|-heal|p2a: Corviknight|79/100|[from] item: Leftovers
|upkeep
|turn|32
|
|move|p2a: Corviknight|Bulk Up|p2a: Corviknight
|-boost|p2a: Corviknight|atk|1
|-boost|p2a: Corviknight|def|1
|move|p1a: Gastrodon|Waterfall|p2a: Corviknight
|-damage|p2a: Corviknight|62/100
|
|-heal|p2a: Corviknight|68/100|[from] item: Leftovers
|upkeep
|turn|33
|
|move|p2a: Corviknight|Bulk Up|p2a: Corviknight
|-boost|p2a: Corviknight|atk|1
|-boost|p2a: Corviknight|def|1
|move|p1a: Gastrodon|Waterfall|p2a: Corviknight
|-damage|p2a: Corviknight|56/100
|
|-heal|p2a: Corviknight|62/100|[from] item: Leftovers
|upkeep
|turn|34
|
|move|p2a: Corviknight|Roost|p2a: Corviknight
|-heal|p2a: Corviknight|100/100
|-singleturn|p2a: Corviknight|move: Roost
|move|p1a: Gastrodon|Waterfall|p2a: Corviknight
|-damage|p2a: Corviknight|87/100
|
|-heal|p2a: Corviknight|94/100|[from] item: Leftovers
|upkeep
|turn|35
|
|move|p2a: Corviknight|Brave Bird|p1a: Gastrodon
|-damage|p1a: Gastrodon|67/100
|-damage|p2a: Corviknight|77/100|[from] item: Rocky Helmet|[of] p1a: Gastrodon
|-damage|p2a: Corviknight|65/100|[from] Recoil
|move|p1a: Gastrodon|Waterfall|p2a: Corviknight
|-damage|p2a: Corviknight|53/100
|
|-heal|p2a: Corviknight|59/100|[from] item: Leftovers
|upkeep
|turn|36
|
|move|p2a: Corviknight|Brave Bird|p1a: Gastrodon
|-damage|p1a: Gastrodon|34/100
|-damage|p2a: Corviknight|42/100|[from] item: Rocky Helmet|[of] p1a: Gastrodon
|-damage|p2a: Corviknight|31/100|[from] Recoil
|move|p1a: Gastrodon|Waterfall|p2a: Corviknight
|-damage|p2a: Corviknight|16/100
|
|-heal|p2a: Corviknight|23/100|[from] item: Leftovers
|upkeep
|turn|37
|
|move|p2a: Corviknight|Roost|p2a: Corviknight
|-heal|p2a: Corviknight|73/100
|-singleturn|p2a: Corviknight|move: Roost
|move|p1a: Gastrodon|Earthquake|p2a: Corviknight
|-supereffective|p2a: Corviknight
|-damage|p2a: Corviknight|35/100
|
|-heal|p2a: Corviknight|41/100|[from] item: Leftovers
|upkeep
|turn|38
|
|move|p2a: Corviknight|Roost|p2a: Corviknight
|-heal|p2a: Corviknight|91/100
|-singleturn|p2a: Corviknight|move: Roost
|move|p1a: Gastrodon|Earthquake|p2a: Corviknight
|-supereffective|p2a: Corviknight
|-damage|p2a: Corviknight|53/100
|
|-heal|p2a: Corviknight|59/100|[from] item: Leftovers
|upkeep
|turn|39
|
|move|p2a: Corviknight|Brave Bird|p1a: Gastrodon
|-damage|p1a: Gastrodon|0 fnt
|-damage|p2a: Corviknight|43/100|[from] item: Rocky Helmet|[of] p1a: Gastrodon
|-damage|p2a: Corviknight|31/100|[from] Recoil
|faint|p1a: Gastrodon
|
|-heal|p2a: Corviknight|37/100|[from] item: Leftovers
|upkeep
|
|switch|p1a: Avalugg|Avalugg, F|100/100
|-activate|p1a: Avalugg|move: Sticky Web
|-unboost|p1a: Avalugg|spe|1
|turn|40
|
|move|p2a: Corviknight|Roost|p2a: Corviknight
|-heal|p2a: Corviknight|87/100
|-singleturn|p2a: Corviknight|move: Roost
|move|p1a: Avalugg|Body Press|p2a: Corviknight
|-supereffective|p2a: Corviknight
|-damage|p2a: Corviknight|71/100
|
|-heal|p2a: Corviknight|78/100|[from] item: Leftovers
|upkeep
|turn|41
|
|move|p2a: Corviknight|Iron Head|p1a: Avalugg
|-supereffective|p1a: Avalugg
|-damage|p1a: Avalugg|2/100
|-damage|p2a: Corviknight|61/100|[from] item: Rocky Helmet|[of] p1a: Avalugg
|move|p1a: Avalugg|Rapid Spin|p2a: Corviknight
|-resisted|p2a: Corviknight
|-damage|p2a: Corviknight|59/100
|-sideend|p1: sb95|Sticky Web|[from] move: Rapid Spin|[of] p1a: Avalugg
|-boost|p1a: Avalugg|spe|1
|
|-heal|p2a: Corviknight|66/100|[from] item: Leftovers
|upkeep
|turn|42
|
|move|p2a: Corviknight|Roost|p2a: Corviknight
|-heal|p2a: Corviknight|100/100
|-singleturn|p2a: Corviknight|move: Roost
|move|p1a: Avalugg|Body Press|p2a: Corviknight
|-supereffective|p2a: Corviknight
|-damage|p2a: Corviknight|85/100
|
|-heal|p2a: Corviknight|91/100|[from] item: Leftovers
|upkeep
|turn|43
|
|move|p2a: Corviknight|Iron Head|p1a: Avalugg
|-supereffective|p1a: Avalugg
|-damage|p1a: Avalugg|0 fnt
|-damage|p2a: Corviknight|75/100|[from] item: Rocky Helmet|[of] p1a: Avalugg
|faint|p1a: Avalugg
|
|-heal|p2a: Corviknight|81/100|[from] item: Leftovers
|upkeep
|
|switch|p1a: Clefable|Clefable, F|100/100
|turn|44
|
|move|p2a: Corviknight|Iron Head|p1a: Clefable
|-supereffective|p1a: Clefable
|-damage|p1a: Clefable|0 fnt
|faint|p1a: Clefable
|
|-heal|p2a: Corviknight|87/100|[from] item: Leftovers
|upkeep
|
|switch|p1a: Umbreon|Umbreon, M|100/100
|turn|45
|
|move|p2a: Corviknight|Brave Bird|p1a: Umbreon
|-damage|p1a: Umbreon|0 fnt
|-damage|p2a: Corviknight|60/100|[from] Recoil
|faint|p1a: Umbreon
|
|-heal|p2a: Corviknight|66/100|[from] item: Leftovers
|upkeep
|
|switch|p1a: Espeon|Espeon, M|100/100
|turn|46
|
|move|p1a: Espeon|Trick|p2a: Corviknight
|-activate|p1a: Espeon|move: Trick|[of] p2a: Corviknight
|-item|p2a: Corviknight|Choice Specs|[from] move: Trick
|-item|p1a: Espeon|Leftovers|[from] move: Trick
|move|p2a: Corviknight|Iron Head|p1a: Espeon
|-damage|p1a: Espeon|0 fnt
|faint|p1a: Espeon
|
|upkeep
|-message|sb95 forfeited.
|
|win|pelipepps
|l|☆sb95
