|ScrapeTime|2020-01-01-20:44:45
|j|☆Poonut
|j|☆neutralzone!!
|inactive|Battle timer is ON: inactive players will automatically lose when time's up.
|player|p1|Poonut|120|
|player|p2|neutralzone!!|rocketexecutive-gen2|
|teamsize|p1|6
|teamsize|p2|6
|gametype|singles
|gen|8
|tier|[Gen 8] OU
|rated|Tournament battle
|rule|Sleep Clause Mod: Limit one foe put to sleep
|rule|Species Clause: Limit one of each Pokémon
|rule|OHKO Clause: OHKO moves are banned
|rule|Evasion Moves Clause: Evasion moves are banned
|rule|Endless Battle Clause: Forcing endless battles is banned
|rule|HP Percentage Mod: HP is shown in percentages
|clearpoke
|poke|p1|Weavile, F|
|poke|p1|Dragapult, M|
|poke|p1|Mandibuzz, F|
|poke|p1|Rotom-Heat|
|poke|p1|Seismitoad, M|
|poke|p1|Hatterene, F|
|poke|p2|Ferrothorn, M|
|poke|p2|Hippowdon, F|
|poke|p2|Hydreigon, M|
|poke|p2|Toxapex, M|
|poke|p2|Excadrill, F|
|poke|p2|Hatterene, F|
|rule|Dynamax Clause: You cannot dynamax
|teampreview
|c|☆neutralzone!!|hf
|inactive|Poonut has 120 seconds left.
|
|start
|switch|p1a: Seismitoad|Seismitoad, M|100/100
|switch|p2a: hydrei|Hydreigon, M|100/100
|turn|1
|
|switch|p1a: Mandibuzz|Mandibuzz, F|100/100
|move|p2a: hydrei|Substitute|p2a: hydrei
|-start|p2a: hydrei|Substitute
|-damage|p2a: hydrei|76/100
|
|-heal|p2a: hydrei|82/100|[from] item: Leftovers
|upkeep
|turn|2
|
|move|p2a: hydrei|Nasty Plot|p2a: hydrei
|-boost|p2a: hydrei|spa|2
|move|p1a: Mandibuzz|U-turn|p2a: hydrei
|-supereffective|p2a: hydrei
|-end|p2a: hydrei|Substitute
|
|switch|p1a: Weavile|Weavile, F|100/100|[from]move: U-turn
|-ability|p1a: Weavile|Pressure
|
|-heal|p2a: hydrei|88/100|[from] item: Leftovers
|upkeep
|turn|3
|
|switch|p2a: pex|Toxapex, M|100/100
|move|p1a: Weavile|Icicle Crash|p2a: pex
|-resisted|p2a: pex
|-damage|p2a: pex|87/100
|
|-heal|p2a: pex|93/100|[from] item: Black Sludge
|upkeep
|turn|4
|
|switch|p1a: Hatterene|Hatterene, F|100/100
|move|p2a: pex|Toxic|p1a: Hatterene
|move|p1a: Hatterene|Toxic|p2a: pex|[from]Magic Bounce
|-immune|p2a: pex
|
|-heal|p2a: pex|99/100|[from] item: Black Sludge
|upkeep
|turn|5
|inactive|Poonut has 120 seconds left.
|
|switch|p2a: drill|Excadrill, F|100/100
|-item|p2a: drill|Air Balloon
|move|p1a: Hatterene|Dazzling Gleam|p2a: drill
|-resisted|p2a: drill
|-damage|p2a: drill|71/100
|-enditem|p2a: drill|Air Balloon
|
|upkeep
|turn|6
|inactive|Poonut has 120 seconds left.
|
|switch|p1a: Rotom|Rotom-Heat|100/100
|move|p2a: drill|Swords Dance|p2a: drill
|-boost|p2a: drill|atk|2
|
|upkeep
|turn|7
|
|switch|p2a: hydrei|Hydreigon, M|88/100
|move|p1a: Rotom|Will-O-Wisp|p2a: hydrei
|-status|p2a: hydrei|brn
|
|-heal|p2a: hydrei|94/100 brn|[from] item: Leftovers
|-damage|p2a: hydrei|88/100 brn|[from] brn
|upkeep
|turn|8
|inactive|Poonut has 120 seconds left.
|
|move|p2a: hydrei|Nasty Plot|p2a: hydrei
|-boost|p2a: hydrei|spa|2
|move|p1a: Rotom|Volt Switch|p2a: hydrei
|-resisted|p2a: hydrei
|-damage|p2a: hydrei|72/100 brn
|
|switch|p1a: Weavile|Weavile, F|100/100|[from]move: Volt Switch
|-ability|p1a: Weavile|Pressure
|
|-heal|p2a: hydrei|78/100 brn|[from] item: Leftovers
|-damage|p2a: hydrei|72/100 brn|[from] brn
|upkeep
|turn|9
|inactive|Poonut has 120 seconds left.
|
|move|p1a: Weavile|Icicle Crash|p2a: hydrei
|-supereffective|p2a: hydrei
|-damage|p2a: hydrei|0 fnt
|faint|p2a: hydrei
|
|upkeep
|
|switch|p2a: pex|Toxapex, M|100/100
|turn|10
|inactive|Poonut has 120 seconds left.
|
|switch|p1a: Hatterene|Hatterene, F|100/100
|switch|p2a: drill|Excadrill, F|71/100
|
|upkeep
|turn|11
|j| Yari le baka
|inactive|Poonut has 120 seconds left.
|j| False Pretences
|l| Yari le baka
|inactive|neutralzone!! has 120 seconds left.
|l| False Pretences
|
|switch|p2a: hat|Hatterene, F|100/100
|switch|p1a: Rotom|Rotom-Heat|100/100
|
|upkeep
|turn|12
|j| PaviaRokan
|inactive|Poonut has 120 seconds left.
|
|switch|p1a: Seismitoad|Seismitoad, M|100/100
|move|p2a: hat|Trick Room|p2a: hat
|-fieldstart|move: Trick Room|[of] p2a: hat
|
|upkeep
|turn|13
|inactive|Poonut has 90 seconds left.
|
|move|p2a: hat|Psychic|p1a: Seismitoad
|-damage|p1a: Seismitoad|30/100
|-damage|p2a: hat|91/100|[from] item: Life Orb
|move|p1a: Seismitoad|Scald|p2a: hat
|-damage|p2a: hat|68/100
|
|-heal|p1a: Seismitoad|36/100|[from] item: Leftovers
|upkeep
|turn|14
|
|switch|p1a: Mandibuzz|Mandibuzz, F|100/100
|move|p2a: hat|Draining Kiss|p1a: Mandibuzz
|-supereffective|p1a: Mandibuzz
|-damage|p1a: Mandibuzz|52/100
|-heal|p2a: hat|100/100|[from] drain|[of] p1a: Mandibuzz
|-damage|p2a: hat|91/100|[from] item: Life Orb
|
|upkeep
|turn|15
|inactive|Poonut has 90 seconds left.
|
|switch|p1a: Hatterene|Hatterene, F|100/100
|move|p2a: hat|Draining Kiss|p1a: Hatterene
|-damage|p1a: Hatterene|72/100
|-heal|p2a: hat|100/100|[from] drain|[of] p1a: Hatterene
|-damage|p2a: hat|91/100|[from] item: Life Orb
|
|upkeep
|turn|16
|inactive|Poonut has 90 seconds left.
|
|switch|p2a: drill|Excadrill, F|71/100
|move|p1a: Hatterene|Shadow Ball|p2a: drill
|-damage|p2a: drill|32/100
|
|-fieldend|move: Trick Room
|upkeep
|turn|17
|
|switch|p2a: hat|Hatterene, F|91/100
|switch|p1a: Rotom|Rotom-Heat|100/100
|
|upkeep
|turn|18
|
|move|p1a: Rotom|Volt Switch|p2a: hat
|-damage|p2a: hat|62/100
|
|switch|p1a: Hatterene|Hatterene, F|72/100|[from]move: Volt Switch
|move|p2a: hat|Draining Kiss|p1a: Hatterene
|-damage|p1a: Hatterene|47/100
|-heal|p2a: hat|81/100|[from] drain|[of] p1a: Hatterene
|-damage|p2a: hat|71/100|[from] item: Life Orb
|
|upkeep
|turn|19
|
|move|p2a: hat|Draining Kiss|p1a: Hatterene
|-damage|p1a: Hatterene|19/100
|-heal|p2a: hat|92/100|[from] drain|[of] p1a: Hatterene
|-damage|p2a: hat|83/100|[from] item: Life Orb
|move|p1a: Hatterene|Shadow Ball|p2a: hat
|-supereffective|p2a: hat
|-damage|p2a: hat|22/100
|
|upkeep
|turn|20
|inactive|Poonut has 120 seconds left.
|
|move|p2a: hat|Draining Kiss|p1a: Hatterene
|-damage|p1a: Hatterene|0 fnt
|-heal|p2a: hat|36/100|[from] drain|[of] p1a: Hatterene
|-damage|p2a: hat|26/100|[from] item: Life Orb
|faint|p1a: Hatterene
|
|upkeep
|c|☆Poonut|question
|j| chibifreak363
|c|☆Poonut|is your hat - SP 0 IV
|inactive|Poonut has 90 seconds left.
|c|☆Poonut|i wanna know if i lost those speed ties or just out ev'ed
|
|switch|p1a: Dragapult|Dragapult, M|100/100
|turn|21
|
|switch|p2a: ferro|Ferrothorn, M|100/100
|move|p1a: Dragapult|Shadow Ball|p2a: ferro
|-damage|p2a: ferro|68/100
|
|-heal|p2a: ferro|74/100|[from] item: Leftovers
|upkeep
|turn|22
|
|switch|p1a: Rotom|Rotom-Heat|100/100
|move|p2a: ferro|Leech Seed|p1a: Rotom
|-start|p1a: Rotom|move: Leech Seed
|
|-heal|p2a: ferro|80/100|[from] item: Leftovers
|-damage|p1a: Rotom|88/100|[from] Leech Seed|[of] p2a: ferro
|-heal|p2a: ferro|91/100|[silent]
|upkeep
|turn|23
|
|move|p2a: ferro|Protect|p2a: ferro
|-singleturn|p2a: ferro|Protect
|move|p1a: Rotom|Will-O-Wisp|p2a: ferro
|-activate|p2a: ferro|move: Protect
|
|-heal|p2a: ferro|97/100|[from] item: Leftovers
|-damage|p1a: Rotom|75/100|[from] Leech Seed|[of] p2a: ferro
|-heal|p2a: ferro|100/100|[silent]
|upkeep
|turn|24
|
|switch|p2a: hat|Hatterene, F|26/100
|move|p1a: Rotom|Overheat|p2a: hat
|-damage|p2a: hat|0 fnt
|-unboost|p1a: Rotom|spa|2
|faint|p2a: hat
|
|upkeep
|
|switch|p2a: pex|Toxapex, M|100/100
|turn|25
|inactive|Poonut has 120 seconds left.
|
|move|p1a: Rotom|Volt Switch|p2a: pex
|-supereffective|p2a: pex
|-damage|p2a: pex|78/100
|inactive|Poonut has 120 seconds left.
|
|switch|p1a: Dragapult|Dragapult, M|100/100|[from]move: Volt Switch
|move|p2a: pex|Toxic|p1a: Dragapult
|-status|p1a: Dragapult|tox
|
|-heal|p2a: pex|84/100|[from] item: Black Sludge
|-damage|p1a: Dragapult|95/100 tox|[from] psn
|upkeep
|turn|26
|inactive|Poonut has 120 seconds left.
|inactive|neutralzone!! has 120 seconds left.
|c|☆neutralzone!!|i’ve 31 speed iv on my hat
|
|switch|p2a: hippo|Hippowdon, F|100/100
|-weather|Sandstorm|[from] ability: Sand Stream|[of] p2a: hippo
|move|p1a: Dragapult|Thunderbolt|p2a: hippo
|-immune|p2a: hippo
|
|-weather|Sandstorm|[upkeep]
|-damage|p1a: Dragapult|89/100 tox|[from] Sandstorm
|-damage|p1a: Dragapult|77/100 tox|[from] psn
|upkeep
|turn|27
|c|☆Poonut|ah okay
|c|☆Poonut|mine was 0 iv
|inactive|Poonut has 120 seconds left.
|c|☆Poonut|so you just outsped outside of trick room
|
|switch|p1a: Mandibuzz|Mandibuzz, F|52/100
|move|p2a: hippo|Stealth Rock|p1a: Mandibuzz
|-sidestart|p1: Poonut|move: Stealth Rock
|
|-weather|Sandstorm|[upkeep]
|upkeep
|turn|28
|c|☆neutralzone!!|y
|
|switch|p2a: pex|Toxapex, M|100/100
|move|p1a: Mandibuzz|Roost|p1a: Mandibuzz
|-heal|p1a: Mandibuzz|100/100
|-singleturn|p1a: Mandibuzz|move: Roost
|
|-weather|Sandstorm|[upkeep]
|-damage|p2a: pex|94/100|[from] Sandstorm
|-heal|p2a: pex|100/100|[from] item: Black Sludge
|upkeep
|turn|29
|l| chibifreak363
|inactive|Poonut has 120 seconds left.
|
|move|p1a: Mandibuzz|Defog|p2a: pex
|-unboost|p2a: pex|evasion|1
|-sideend|p1: Poonut|Stealth Rock|[from] move: Defog|[of] p1a: Mandibuzz
|move|p2a: pex|Toxic|p1a: Mandibuzz
|-status|p1a: Mandibuzz|tox
|
|-weather|Sandstorm|[upkeep]
|-damage|p2a: pex|94/100|[from] Sandstorm
|-heal|p2a: pex|100/100|[from] item: Black Sludge
|-damage|p1a: Mandibuzz|94/100 tox|[from] psn
|upkeep
|turn|30
|
|move|p1a: Mandibuzz|U-turn|p2a: pex
|-resisted|p2a: pex
|-damage|p2a: pex|97/100
|
|switch|p1a: Dragapult|Dragapult, M|77/100 tox|[from]move: U-turn
|move|p2a: pex|Toxic|p1a: Dragapult
|-fail|p1a: Dragapult|tox
|
|-weather|none
|-heal|p2a: pex|100/100|[from] item: Black Sludge
|-damage|p1a: Dragapult|71/100 tox|[from] psn
|upkeep
|turn|31
|
|move|p1a: Dragapult|Draco Meteor|p2a: pex
|-damage|p2a: pex|30/100
|-unboost|p1a: Dragapult|spa|2
|move|p2a: pex|Recover|p2a: pex
|-heal|p2a: pex|80/100
|
|-heal|p2a: pex|86/100|[from] item: Black Sludge
|-damage|p1a: Dragapult|59/100 tox|[from] psn
|upkeep
|turn|32
|
|switch|p1a: Rotom|Rotom-Heat|75/100
|move|p2a: pex|Toxic|p1a: Rotom
|-status|p1a: Rotom|tox
|
|-heal|p2a: pex|93/100|[from] item: Black Sludge
|-damage|p1a: Rotom|69/100 tox|[from] psn
|upkeep
|turn|33
|
|move|p1a: Rotom|Thunder Wave|p2a: pex
|-status|p2a: pex|par
|move|p2a: pex|Recover|p2a: pex
|-heal|p2a: pex|100/100 par
|
|-damage|p1a: Rotom|57/100 tox|[from] psn
|upkeep
|turn|34
|
|switch|p2a: hippo|Hippowdon, F|100/100
|-weather|Sandstorm|[from] ability: Sand Stream|[of] p2a: hippo
|move|p1a: Rotom|Volt Switch|p2a: hippo
|-immune|p2a: hippo
|
|-weather|Sandstorm|[upkeep]
|-damage|p1a: Rotom|50/100 tox|[from] Sandstorm
|-damage|p1a: Rotom|32/100 tox|[from] psn
|upkeep
|turn|35
|
|switch|p1a: Weavile|Weavile, F|100/100
|-ability|p1a: Weavile|Pressure
|switch|p2a: pex|Toxapex, M|100/100 par
|
|-weather|Sandstorm|[upkeep]
|-damage|p1a: Weavile|94/100|[from] Sandstorm
|-damage|p2a: pex|94/100 par|[from] Sandstorm
|-heal|p2a: pex|100/100 par|[from] item: Black Sludge
|upkeep
|turn|36
|j| ilieksobbels
|
|move|p1a: Weavile|Throat Chop|p2a: pex
|-damage|p2a: pex|75/100 par
|-start|p2a: pex|Throat Chop|[silent]
|move|p2a: pex|Scald|p1a: Weavile
|-damage|p1a: Weavile|70/100
|-status|p1a: Weavile|brn
|
|-weather|Sandstorm|[upkeep]
|-damage|p1a: Weavile|63/100 brn|[from] Sandstorm
|-damage|p2a: pex|69/100 par|[from] Sandstorm
|-heal|p2a: pex|75/100 par|[from] item: Black Sludge
|-damage|p1a: Weavile|57/100 brn|[from] brn
|upkeep
|turn|37
|
|switch|p1a: Seismitoad|Seismitoad, M|36/100
|switch|p2a: ferro|Ferrothorn, M|100/100
|
|-weather|Sandstorm|[upkeep]
|-heal|p1a: Seismitoad|43/100|[from] item: Leftovers
|upkeep
|turn|38
|
|move|p1a: Seismitoad|Stealth Rock|p2a: ferro
|-sidestart|p2: neutralzone!!|move: Stealth Rock
|move|p2a: ferro|Leech Seed|p1a: Seismitoad
|-start|p1a: Seismitoad|move: Leech Seed
|
|-weather|none
|-heal|p1a: Seismitoad|49/100|[from] item: Leftovers
|-damage|p1a: Seismitoad|36/100|[from] Leech Seed|[of] p2a: ferro
|upkeep
|turn|39
|
|switch|p1a: Dragapult|Dragapult, M|59/100 tox
|move|p2a: ferro|Leech Seed|p1a: Dragapult
|-start|p1a: Dragapult|move: Leech Seed
|
|-damage|p1a: Dragapult|46/100 tox|[from] Leech Seed|[of] p2a: ferro
|-damage|p1a: Dragapult|40/100 tox|[from] psn
|upkeep
|turn|40
|
|move|p2a: ferro|Protect|p2a: ferro
|-singleturn|p2a: ferro|Protect
|move|p1a: Dragapult|Shadow Ball|p2a: ferro
|-activate|p2a: ferro|move: Protect
|
|-damage|p1a: Dragapult|28/100 tox|[from] Leech Seed|[of] p2a: ferro
|-damage|p1a: Dragapult|16/100 tox|[from] psn
|upkeep
|turn|41
|c|☆Poonut|gg
|
|move|p1a: Dragapult|Shadow Ball|p2a: ferro
|-damage|p2a: ferro|63/100
|-unboost|p2a: ferro|spd|1
|move|p2a: ferro|Spikes|p1a: Dragapult
|-sidestart|p1: Poonut|Spikes
|
|-heal|p2a: ferro|69/100|[from] item: Leftovers
|-damage|p1a: Dragapult|4/100 tox|[from] Leech Seed|[of] p2a: ferro
|-heal|p2a: ferro|80/100|[silent]
|-damage|p1a: Dragapult|0 fnt|[from] psn
|faint|p1a: Dragapult
|upkeep
|
|switch|p1a: Rotom|Rotom-Heat|32/100 tox
|turn|42
|
|move|p2a: ferro|Protect|p2a: ferro
|-singleturn|p2a: ferro|Protect
|move|p1a: Rotom|Volt Switch|p2a: ferro
|-activate|p2a: ferro|move: Protect
|
|-heal|p2a: ferro|86/100|[from] item: Leftovers
|-damage|p1a: Rotom|25/100 tox|[from] psn
|upkeep
|turn|43
|
|move|p1a: Rotom|Volt Switch|p2a: ferro
|-resisted|p2a: ferro
|-damage|p2a: ferro|72/100
|-message|Poonut forfeited.
|
|win|neutralzone!!
