|ScrapeTime|2020-01-02-00:48:34
|j|☆Ms Sticky Fingers
|j|☆Danny_Phant0M
|player|p1|Ms Sticky Fingers|cynthia|1016
|player|p2|Danny_Phant0M|1|1000
|teamsize|p1|6
|teamsize|p2|6
|gametype|singles
|gen|8
|tier|[Gen 8] OU
|rated|
|rule|Sleep Clause Mod: Limit one foe put to sleep
|rule|Species Clause: Limit one of each Pokémon
|rule|OHKO Clause: OHKO moves are banned
|rule|Evasion Moves Clause: Evasion moves are banned
|rule|Endless Battle Clause: Forcing endless battles is banned
|rule|HP Percentage Mod: HP is shown in percentages
|clearpoke
|poke|p1|Hawlucha, F|
|poke|p1|Galvantula, M|
|poke|p1|Tsareena, F|
|poke|p1|Polteageist|
|poke|p1|Falinks|
|poke|p1|Golisopod, F|
|poke|p2|Indeedee-F, F|
|poke|p2|Duraludon, F|
|poke|p2|Dracovish|
|poke|p2|Cramorant, F|
|poke|p2|Boltund, F|
|poke|p2|Polteageist|
|rule|Dynamax Clause: You cannot dynamax
|teampreview
|inactive|Battle timer is ON: inactive players will automatically lose when time's up. (requested by Danny_Phant0M)
|
|start
|switch|p1a: Gilgamesh|Galvantula, M, shiny|100/100
|switch|p2a: Duraludon|Duraludon, F|100/100
|turn|1
|
|move|p1a: Gilgamesh|Sticky Web|p2a: Duraludon
|-sidestart|p2: Danny_Phant0M|move: Sticky Web
|move|p2a: Duraludon|Stealth Rock|p1a: Gilgamesh
|-sidestart|p1: Ms Sticky Fingers|move: Stealth Rock
|
|upkeep
|turn|2
|
|move|p1a: Gilgamesh|Volt Switch|p2a: Duraludon
|-resisted|p2a: Duraludon
|-damage|p2a: Duraludon|69/100
|
|switch|p1a: Ishtar|Tsareena, F|100/100|[from]move: Volt Switch
|-damage|p1a: Ishtar|88/100|[from] Stealth Rock
|move|p2a: Duraludon|Flash Cannon|p1a: Ishtar
|-damage|p1a: Ishtar|55/100
|-damage|p2a: Duraludon|59/100|[from] item: Life Orb
|
|upkeep
|turn|3
|
|move|p2a: Duraludon|Flash Cannon|p1a: Ishtar
|-damage|p1a: Ishtar|23/100
|-damage|p2a: Duraludon|49/100|[from] item: Life Orb
|move|p1a: Ishtar|Rapid Spin|p2a: Duraludon
|-resisted|p2a: Duraludon
|-damage|p2a: Duraludon|38/100
|-sideend|p1: Ms Sticky Fingers|Stealth Rock|[from] move: Rapid Spin|[of] p1a: Ishtar
|-boost|p1a: Ishtar|spe|1
|
|upkeep
|turn|4
|inactive|Danny_Phant0M has 120 seconds left.
|
|move|p2a: Duraludon|Flash Cannon|p1a: Ishtar
|-damage|p1a: Ishtar|0 fnt
|-damage|p2a: Duraludon|29/100|[from] item: Life Orb
|faint|p1a: Ishtar
|
|upkeep
|
|switch|p1a: Quetzalcoatl|Hawlucha, F, shiny|100/100
|turn|5
|
|switch|p2a: Cramorant|Cramorant, F|100/100
|move|p1a: Quetzalcoatl|Swords Dance|p1a: Quetzalcoatl
|-boost|p1a: Quetzalcoatl|atk|2
|
|upkeep
|turn|6
|
|switch|p2a: Duraludon|Duraludon, F|29/100
|-activate|p2a: Duraludon|move: Sticky Web
|-unboost|p2a: Duraludon|spe|1
|move|p1a: Quetzalcoatl|Rock Slide|p2a: Duraludon
|-resisted|p2a: Duraludon
|-damage|p2a: Duraludon|4/100
|
|upkeep
|turn|7
|
|move|p1a: Quetzalcoatl|Drain Punch|p2a: Duraludon
|-supereffective|p2a: Duraludon
|-crit|p2a: Duraludon
|-damage|p2a: Duraludon|0 fnt
|faint|p2a: Duraludon
|
|upkeep
|
|switch|p2a: Cramorant|Cramorant, F|100/100
|turn|8
|
|move|p1a: Quetzalcoatl|Rock Slide|p2a: Cramorant
|-supereffective|p2a: Cramorant
|-damage|p2a: Cramorant|0 fnt
|faint|p2a: Cramorant
|
|upkeep
|
|switch|p2a: Polteageist|Polteageist|100/100
|-activate|p2a: Polteageist|move: Sticky Web
|-unboost|p2a: Polteageist|spe|1
|turn|9
|inactive|Danny_Phant0M has 120 seconds left.
|
|move|p1a: Quetzalcoatl|Brave Bird|p2a: Polteageist
|-damage|p2a: Polteageist|0 fnt
|-damage|p1a: Quetzalcoatl|64/100|[from] Recoil
|faint|p2a: Polteageist
|
|upkeep
|inactive|Danny_Phant0M has 120 seconds left.
|-message|Danny_Phant0M forfeited.
|
|win|Ms Sticky Fingers
|l|☆Danny_Phant0M
|raw|Ms Sticky Fingers's rating: 1016 → 1052(+36 for winning)
|raw|Danny_Phant0M's rating: 1000 → 1000(+0 for losing)
