|ScrapeTime|2020-01-01-07:34:53
|j|☆che420pls
|j|☆Jeff Bezos GayGay
|player|p1|che420pls|1|1187
|player|p2|Jeff Bezos GayGay|2|1159
|teamsize|p1|6
|teamsize|p2|6
|gametype|singles
|gen|8
|tier|[Gen 8] OU
|rated|
|rule|Sleep Clause Mod: Limit one foe put to sleep
|rule|Species Clause: Limit one of each Pokémon
|rule|OHKO Clause: OHKO moves are banned
|rule|Evasion Moves Clause: Evasion moves are banned
|rule|Endless Battle Clause: Forcing endless battles is banned
|rule|HP Percentage Mod: HP is shown in percentages
|clearpoke
|poke|p1|Clefable, M|
|poke|p1|Galvantula, M|
|poke|p1|Obstagoon, M|
|poke|p1|Excadrill, F|
|poke|p1|Crawdaunt, M|
|poke|p1|Aegislash, M|
|poke|p2|Diggersby, M|
|poke|p2|Jellicent, M|
|poke|p2|Dragapult, F|
|poke|p2|Hatterene, F|
|poke|p2|Rotom-Heat|
|poke|p2|Tyranitar, M|
|rule|Dynamax Clause: You cannot dynamax
|teampreview
|inactive|Battle timer is ON: inactive players will automatically lose when time's up. (requested by che420pls)
|
|start
|switch|p1a: Bugaloo|Galvantula, M|100/100
|switch|p2a: Diggersby|Diggersby, M|100/100
|turn|1
|l|☆che420pls
|inactive|che420pls disconnected and has a minute to reconnect!
|player|p1|
|inactive|che420pls has 30 seconds to reconnect!
|j|☆che420pls
|inactive|che420pls reconnected and has 95 seconds left.
|player|p1|che420pls|1
|inactive|che420pls has 90 seconds left.
|
|switch|p2a: Hatterene|Hatterene, F|100/100
|move|p1a: Bugaloo|Energy Ball|p2a: Hatterene
|-damage|p2a: Hatterene|74/100
|
|-heal|p2a: Hatterene|80/100|[from] item: Leftovers
|upkeep
|turn|2
|inactive|che420pls has 90 seconds left.
|
|switch|p1a: Barbara|Clefable, M|100/100
|move|p2a: Hatterene|Mystical Fire|p1a: Barbara
|-damage|p1a: Barbara|71/100
|-unboost|p1a: Barbara|spa|1
|
|-heal|p2a: Hatterene|86/100|[from] item: Leftovers
|upkeep
|turn|3
|
|move|p1a: Barbara|Moonlight|p1a: Barbara
|-heal|p1a: Barbara|100/100
|move|p2a: Hatterene|Trick Room|p2a: Hatterene
|-fieldstart|move: Trick Room|[of] p2a: Hatterene
|
|-heal|p2a: Hatterene|92/100|[from] item: Leftovers
|upkeep
|turn|4
|
|move|p2a: Hatterene|Psychic|p1a: Barbara
|-damage|p1a: Barbara|52/100
|move|p1a: Barbara|Moonblast|p2a: Hatterene
|-damage|p2a: Hatterene|54/100
|
|-heal|p2a: Hatterene|60/100|[from] item: Leftovers
|upkeep
|turn|5
|
|move|p2a: Hatterene|Draining Kiss|p1a: Barbara
|-damage|p1a: Barbara|23/100
|-heal|p2a: Hatterene|87/100|[from] drain|[of] p1a: Barbara
|move|p1a: Barbara|Moonblast|p2a: Hatterene
|-damage|p2a: Hatterene|47/100
|
|-heal|p2a: Hatterene|53/100|[from] item: Leftovers
|upkeep
|turn|6
|
|move|p2a: Hatterene|Draining Kiss|p1a: Barbara
|-damage|p1a: Barbara|0 fnt
|-heal|p2a: Hatterene|74/100|[from] drain|[of] p1a: Barbara
|faint|p1a: Barbara
|
|-heal|p2a: Hatterene|80/100|[from] item: Leftovers
|upkeep
|inactive|che420pls has 90 seconds left.
|
|switch|p1a: Sword twerk|Aegislash, M|100/100
|-item|p1a: Sword twerk|Air Balloon
|turn|7
|
|switch|p2a: Jellicent|Jellicent, M|100/100
|switch|p1a: Bill Cosby|Crawdaunt, M|100/100
|
|-fieldend|move: Trick Room
|upkeep
|turn|8
|
|move|p2a: Jellicent|Will-O-Wisp|p1a: Bill Cosby
|-status|p1a: Bill Cosby|brn
|move|p1a: Bill Cosby|Knock Off|p2a: Jellicent
|-supereffective|p2a: Jellicent
|-damage|p2a: Jellicent|34/100
|-enditem|p2a: Jellicent|Leftovers|[from] move: Knock Off|[of] p1a: Bill Cosby
|-damage|p1a: Bill Cosby|90/100 brn|[from] item: Life Orb
|
|-damage|p1a: Bill Cosby|84/100 brn|[from] brn
|upkeep
|turn|9
|
|move|p2a: Jellicent|Strength Sap|p1a: Bill Cosby
|-unboost|p1a: Bill Cosby|atk|1
|-heal|p2a: Jellicent|100/100
|move|p1a: Bill Cosby|Knock Off|p2a: Jellicent
|-supereffective|p2a: Jellicent
|-damage|p2a: Jellicent|69/100
|-damage|p1a: Bill Cosby|74/100 brn|[from] item: Life Orb
|
|-damage|p1a: Bill Cosby|68/100 brn|[from] brn
|upkeep
|turn|10
|
|switch|p1a: Bugaloo|Galvantula, M|100/100
|move|p2a: Jellicent|Strength Sap|p1a: Bugaloo
|-unboost|p1a: Bugaloo|atk|1
|-heal|p2a: Jellicent|100/100
|
|upkeep
|turn|11
|
|switch|p2a: Hatterene|Hatterene, F|80/100
|move|p1a: Bugaloo|Energy Ball|p2a: Hatterene
|-damage|p2a: Hatterene|50/100
|
|-heal|p2a: Hatterene|56/100|[from] item: Leftovers
|upkeep
|turn|12
|
|move|p1a: Bugaloo|Thunderbolt|p2a: Hatterene
|-damage|p2a: Hatterene|16/100
|-status|p2a: Hatterene|par
|move|p2a: Hatterene|Trick Room|p2a: Hatterene
|-fieldstart|move: Trick Room|[of] p2a: Hatterene
|
|-heal|p2a: Hatterene|22/100 par|[from] item: Leftovers
|upkeep
|turn|13
|
|move|p2a: Hatterene|Draining Kiss|p1a: Bugaloo
|-damage|p1a: Bugaloo|44/100
|-heal|p2a: Hatterene|59/100 par|[from] drain|[of] p1a: Bugaloo
|move|p1a: Bugaloo|Thunderbolt|p2a: Hatterene
|-damage|p2a: Hatterene|18/100 par
|
|-heal|p2a: Hatterene|24/100 par|[from] item: Leftovers
|upkeep
|turn|14
|
|cant|p2a: Hatterene|par
|move|p1a: Bugaloo|Thunderbolt|p2a: Hatterene
|-damage|p2a: Hatterene|0 fnt
|faint|p2a: Hatterene
|
|upkeep
|
|switch|p2a: Diggersby|Diggersby, M|100/100
|turn|15
|inactive|che420pls has 120 seconds left.
|
|move|p2a: Diggersby|Body Slam|p1a: Bugaloo
|-damage|p1a: Bugaloo|0 fnt
|faint|p1a: Bugaloo
|
|upkeep
|inactive|che420pls has 120 seconds left.
|
|switch|p1a: Sword twerk|Aegislash, M|100/100
|-item|p1a: Sword twerk|Air Balloon
|turn|16
|inactive|che420pls has 120 seconds left.
|
|switch|p2a: Rotom|Rotom-Heat|100/100
|move|p1a: Sword twerk|Swords Dance|p1a: Sword twerk
|-boost|p1a: Sword twerk|atk|2
|
|-fieldend|move: Trick Room
|upkeep
|turn|17
|inactive|che420pls has 120 seconds left.
|
|switch|p1a: Radio Rebel|Obstagoon, M|100/100
|move|p2a: Rotom|Overheat|p1a: Radio Rebel
|-damage|p1a: Radio Rebel|33/100
|-unboost|p2a: Rotom|spa|2
|
|-status|p1a: Radio Rebel|brn|[from] item: Flame Orb
|upkeep
|turn|18
|inactive|che420pls has 120 seconds left.
|
|move|p1a: Radio Rebel|Knock Off|p2a: Rotom
|-damage|p2a: Rotom|52/100
|-enditem|p2a: Rotom|Leftovers|[from] move: Knock Off|[of] p1a: Radio Rebel
|move|p2a: Rotom|Volt Switch|p1a: Radio Rebel
|-damage|p1a: Radio Rebel|15/100 brn
|
|switch|p2a: Dragapult|Dragapult, F|100/100|[from]move: Volt Switch
|
|-damage|p1a: Radio Rebel|9/100 brn|[from] brn
|upkeep
|turn|19
|inactive|che420pls has 120 seconds left.
|
|move|p2a: Dragapult|Substitute|p2a: Dragapult
|-start|p2a: Dragapult|Substitute
|-damage|p2a: Dragapult|76/100
|move|p1a: Radio Rebel|Knock Off|p2a: Dragapult
|-supereffective|p2a: Dragapult
|-end|p2a: Dragapult|Substitute
|
|-heal|p2a: Dragapult|82/100|[from] item: Leftovers
|-damage|p1a: Radio Rebel|3/100 brn|[from] brn
|upkeep
|turn|20
|
|move|p2a: Dragapult|Substitute|p2a: Dragapult
|-start|p2a: Dragapult|Substitute
|-damage|p2a: Dragapult|57/100
|move|p1a: Radio Rebel|Knock Off|p2a: Dragapult
|-supereffective|p2a: Dragapult
|-end|p2a: Dragapult|Substitute
|
|-heal|p2a: Dragapult|63/100|[from] item: Leftovers
|-damage|p1a: Radio Rebel|0 fnt|[from] brn
|faint|p1a: Radio Rebel
|upkeep
|
|switch|p1a: Gandhi|Excadrill, F|100/100
|-ability|p1a: Gandhi|Mold Breaker
|turn|21
|
|move|p2a: Dragapult|Phantom Force||[still]
|-prepare|p2a: Dragapult|Phantom Force|p1a: Gandhi
|move|p1a: Gandhi|Earthquake|p2a: Dragapult|[miss]
|-miss|p1a: Gandhi|p2a: Dragapult
|
|-heal|p2a: Dragapult|69/100|[from] item: Leftovers
|upkeep
|turn|22
|
|switch|p1a: Bill Cosby|Crawdaunt, M|68/100 brn
|move|p2a: Dragapult|Phantom Force|p1a: Bill Cosby|[from]lockedmove
|-resisted|p1a: Bill Cosby
|-damage|p1a: Bill Cosby|43/100 brn
|
|-heal|p2a: Dragapult|75/100|[from] item: Leftovers
|-damage|p1a: Bill Cosby|37/100 brn|[from] brn
|upkeep
|turn|23
|
|move|p2a: Dragapult|Dragon Darts|p1a: Bill Cosby
|-damage|p1a: Bill Cosby|6/100 brn
|-damage|p1a: Bill Cosby|0 fnt
|-hitcount|p1a: Bill Cosby|2
|faint|p1a: Bill Cosby
|
|-heal|p2a: Dragapult|81/100|[from] item: Leftovers
|upkeep
|
|switch|p1a: Sword twerk|Aegislash, M|100/100
|-item|p1a: Sword twerk|Air Balloon
|turn|24
|
|move|p2a: Dragapult|Dragon Dance|p2a: Dragapult
|-boost|p2a: Dragapult|atk|1
|-boost|p2a: Dragapult|spe|1
|move|p1a: Sword twerk|Swords Dance|p1a: Sword twerk
|-boost|p1a: Sword twerk|atk|2
|
|-heal|p2a: Dragapult|87/100|[from] item: Leftovers
|upkeep
|turn|25
|
|move|p2a: Dragapult|Phantom Force||[still]
|-prepare|p2a: Dragapult|Phantom Force|p1a: Sword twerk
|-formechange|p1a: Sword twerk|Aegislash-Blade||[from] ability: Stance Change
|move|p1a: Sword twerk|Shadow Claw|p2a: Dragapult|[miss]
|-miss|p1a: Sword twerk|p2a: Dragapult
|
|-heal|p2a: Dragapult|93/100|[from] item: Leftovers
|upkeep
|turn|26
|
|move|p2a: Dragapult|Phantom Force|p1a: Sword twerk|[from]lockedmove
|-supereffective|p1a: Sword twerk
|-damage|p1a: Sword twerk|0 fnt
|-enditem|p1a: Sword twerk|Air Balloon
|faint|p1a: Sword twerk
|
|-heal|p2a: Dragapult|99/100|[from] item: Leftovers
|upkeep
|
|switch|p1a: Gandhi|Excadrill, F|100/100
|-ability|p1a: Gandhi|Mold Breaker
|turn|27
|
|move|p2a: Dragapult|Phantom Force||[still]
|-prepare|p2a: Dragapult|Phantom Force|p1a: Gandhi
|move|p1a: Gandhi|Earthquake|p2a: Dragapult|[miss]
|-miss|p1a: Gandhi|p2a: Dragapult
|
|-heal|p2a: Dragapult|100/100|[from] item: Leftovers
|upkeep
|turn|28
|
|move|p2a: Dragapult|Phantom Force|p1a: Gandhi|[from]lockedmove
|-enditem|p1a: Gandhi|Focus Sash
|-damage|p1a: Gandhi|1/100
|move|p1a: Gandhi|Earthquake|p2a: Dragapult
|-damage|p2a: Dragapult|28/100
|
|-heal|p2a: Dragapult|34/100|[from] item: Leftovers
|upkeep
|turn|29
|
|move|p2a: Dragapult|Dragon Darts|p1a: Gandhi
|-resisted|p1a: Gandhi
|-damage|p1a: Gandhi|0 fnt
|-hitcount|p1a: Gandhi|1
|faint|p1a: Gandhi
|
|win|Jeff Bezos GayGay
|raw|che420pls's rating: 1187 → 1160(-27 for losing)
|raw|Jeff Bezos GayGay's rating: 1159 → 1186(+27 for winning)
