|ScrapeTime|2020-01-01-18:19:06
|j|☆Aivie
|j|☆VampireStyle
|player|p1|Aivie|169|1235
|player|p2|VampireStyle|dragontamer|1224
|teamsize|p1|6
|teamsize|p2|6
|gametype|singles
|gen|8
|tier|[Gen 8] OU
|rated|
|rule|Sleep Clause Mod: Limit one foe put to sleep
|rule|Species Clause: Limit one of each Pokémon
|rule|OHKO Clause: OHKO moves are banned
|rule|Evasion Moves Clause: Evasion moves are banned
|rule|Endless Battle Clause: Forcing endless battles is banned
|rule|HP Percentage Mod: HP is shown in percentages
|clearpoke
|poke|p1|Dragapult, F|
|poke|p1|Toxapex, F|
|poke|p1|Hatterene, F|
|poke|p1|Ferrothorn, F|
|poke|p1|Hawlucha, F|
|poke|p1|Ditto|
|poke|p2|Corsola-Galar, F|
|poke|p2|Corviknight, M|
|poke|p2|Eldegoss, F|
|poke|p2|Dragapult, F|
|poke|p2|Sylveon, M|
|poke|p2|Pyukumuku, M|
|rule|Dynamax Clause: You cannot dynamax
|teampreview
|
|start
|switch|p1a: Je vol|Hawlucha, F|100/100
|switch|p2a: Corsola|Corsola-Galar, F|100/100
|turn|1
|j| Aelteria
|
|switch|p1a: Vive les renes|Hatterene, F|100/100
|move|p2a: Corsola|Night Shade|p1a: Vive les renes
|-damage|p1a: Vive les renes|69/100
|
|-heal|p1a: Vive les renes|75/100|[from] item: Leftovers
|upkeep
|turn|2
|
|move|p1a: Vive les renes|Calm Mind|p1a: Vive les renes
|-boost|p1a: Vive les renes|spa|1
|-boost|p1a: Vive les renes|spd|1
|move|p2a: Corsola|Night Shade|p1a: Vive les renes
|-damage|p1a: Vive les renes|44/100
|
|-heal|p1a: Vive les renes|50/100|[from] item: Leftovers
|upkeep
|turn|3
|
|switch|p2a: Pyukumuku|Pyukumuku, M|100/100
|move|p1a: Vive les renes|Draining Kiss|p2a: Pyukumuku
|-damage|p2a: Pyukumuku|85/100
|-heal|p1a: Vive les renes|61/100|[from] drain|[of] p2a: Pyukumuku
|
|-heal|p1a: Vive les renes|67/100|[from] item: Leftovers
|-heal|p2a: Pyukumuku|91/100|[from] item: Leftovers
|upkeep
|turn|4
|
|move|p1a: Vive les renes|Calm Mind|p1a: Vive les renes
|-boost|p1a: Vive les renes|spa|1
|-boost|p1a: Vive les renes|spd|1
|move|p2a: Pyukumuku|Soak|p1a: Vive les renes
|move|p1a: Vive les renes|Soak|p2a: Pyukumuku|[from]Magic Bounce
|-fail|p2a: Pyukumuku
|
|-heal|p1a: Vive les renes|73/100|[from] item: Leftovers
|-heal|p2a: Pyukumuku|97/100|[from] item: Leftovers
|upkeep
|turn|5
|
|move|p1a: Vive les renes|Calm Mind|p1a: Vive les renes
|-boost|p1a: Vive les renes|spa|1
|-boost|p1a: Vive les renes|spd|1
|move|p2a: Pyukumuku|Soak|p1a: Vive les renes
|move|p1a: Vive les renes|Soak|p2a: Pyukumuku|[from]Magic Bounce
|-fail|p2a: Pyukumuku
|
|-heal|p1a: Vive les renes|79/100|[from] item: Leftovers
|-heal|p2a: Pyukumuku|100/100|[from] item: Leftovers
|upkeep
|turn|6
|
|move|p1a: Vive les renes|Calm Mind|p1a: Vive les renes
|-boost|p1a: Vive les renes|spa|1
|-boost|p1a: Vive les renes|spd|1
|move|p2a: Pyukumuku|Soak|p1a: Vive les renes
|move|p1a: Vive les renes|Soak|p2a: Pyukumuku|[from]Magic Bounce
|-fail|p2a: Pyukumuku
|
|-heal|p1a: Vive les renes|85/100|[from] item: Leftovers
|upkeep
|turn|7
|
|move|p1a: Vive les renes|Calm Mind|p1a: Vive les renes
|-boost|p1a: Vive les renes|spa|1
|-boost|p1a: Vive les renes|spd|1
|move|p2a: Pyukumuku|Soak|p1a: Vive les renes
|move|p1a: Vive les renes|Soak|p2a: Pyukumuku|[from]Magic Bounce
|-fail|p2a: Pyukumuku
|
|-heal|p1a: Vive les renes|91/100|[from] item: Leftovers
|upkeep
|turn|8
|
|move|p1a: Vive les renes|Calm Mind|p1a: Vive les renes
|-boost|p1a: Vive les renes|spa|1
|-boost|p1a: Vive les renes|spd|1
|move|p2a: Pyukumuku|Soak|p1a: Vive les renes
|move|p1a: Vive les renes|Soak|p2a: Pyukumuku|[from]Magic Bounce
|-fail|p2a: Pyukumuku
|
|-heal|p1a: Vive les renes|97/100|[from] item: Leftovers
|upkeep
|turn|9
|
|move|p1a: Vive les renes|Draining Kiss|p2a: Pyukumuku
|-damage|p2a: Pyukumuku|86/100
|-heal|p1a: Vive les renes|100/100|[from] drain|[of] p2a: Pyukumuku
|move|p2a: Pyukumuku|Soak|p1a: Vive les renes
|move|p1a: Vive les renes|Soak|p2a: Pyukumuku|[from]Magic Bounce
|-fail|p2a: Pyukumuku
|
|-heal|p2a: Pyukumuku|92/100|[from] item: Leftovers
|upkeep
|turn|10
|c| Aelteria|Stop, it'll never work q.q
|
|move|p2a: Pyukumuku|Protect|p2a: Pyukumuku
|-singleturn|p2a: Pyukumuku|Protect
|move|p1a: Vive les renes|Psychic|p2a: Pyukumuku
|-activate|p2a: Pyukumuku|move: Protect
|
|-heal|p2a: Pyukumuku|98/100|[from] item: Leftovers
|upkeep
|turn|11
|c|☆VampireStyle|nothing else
|
|move|p1a: Vive les renes|Psychic|p2a: Pyukumuku
|-damage|p2a: Pyukumuku|72/100
|move|p2a: Pyukumuku|Soak|p1a: Vive les renes
|move|p1a: Vive les renes|Soak|p2a: Pyukumuku|[from]Magic Bounce
|-fail|p2a: Pyukumuku
|
|-heal|p2a: Pyukumuku|78/100|[from] item: Leftovers
|upkeep
|turn|12
|c| Aelteria|Wtf xD
|
|move|p1a: Vive les renes|Psychic|p2a: Pyukumuku
|-damage|p2a: Pyukumuku|54/100
|move|p2a: Pyukumuku|Recover|p2a: Pyukumuku
|-heal|p2a: Pyukumuku|100/100
|
|upkeep
|turn|13
|
|switch|p1a: Je v vite|Dragapult, F|100/100
|move|p2a: Pyukumuku|Soak|p1a: Je v vite
|-start|p1a: Je v vite|typechange|Water
|
|upkeep
|turn|14
|
|switch|p2a: Sylveon|Sylveon, M|100/100
|move|p1a: Je v vite|Thunderbolt|p2a: Sylveon
|-damage|p2a: Sylveon|76/100
|
|-heal|p2a: Sylveon|82/100|[from] item: Leftovers
|upkeep
|turn|15
|
|switch|p1a: Je pik aussi|Ferrothorn, F|100/100
|move|p2a: Sylveon|Mystical Fire|p1a: Je pik aussi
|-supereffective|p1a: Je pik aussi
|-damage|p1a: Je pik aussi|37/100
|-unboost|p1a: Je pik aussi|spa|1
|
|-heal|p2a: Sylveon|88/100|[from] item: Leftovers
|-heal|p1a: Je pik aussi|43/100|[from] item: Leftovers
|upkeep
|turn|16
|
|move|p1a: Je pik aussi|Protect|p1a: Je pik aussi
|-singleturn|p1a: Je pik aussi|Protect
|move|p2a: Sylveon|Mystical Fire|p1a: Je pik aussi
|-activate|p1a: Je pik aussi|move: Protect
|
|-heal|p2a: Sylveon|94/100|[from] item: Leftovers
|-heal|p1a: Je pik aussi|49/100|[from] item: Leftovers
|upkeep
|turn|17
|
|switch|p1a: Je pik|Toxapex, F|100/100
|move|p2a: Sylveon|Hyper Voice|p1a: Je pik
|-resisted|p1a: Je pik
|-damage|p1a: Je pik|84/100
|
|-heal|p2a: Sylveon|99/100|[from] item: Leftovers
|-heal|p1a: Je pik|90/100|[from] item: Black Sludge
|upkeep
|turn|18
|
|switch|p2a: Eldegoss|Eldegoss, F|100/100
|move|p1a: Je pik|Toxic|p2a: Eldegoss
|-status|p2a: Eldegoss|tox
|
|-heal|p1a: Je pik|97/100|[from] item: Black Sludge
|-damage|p2a: Eldegoss|94/100 tox|[from] psn
|upkeep
|turn|19
|
|switch|p1a: Je vol|Hawlucha, F|100/100
|move|p2a: Eldegoss|Leech Seed|p1a: Je vol
|-start|p1a: Je vol|move: Leech Seed
|
|-heal|p2a: Eldegoss|100/100 tox|[from] item: Leftovers
|-damage|p1a: Je vol|88/100|[from] Leech Seed|[of] p2a: Eldegoss
|-damage|p2a: Eldegoss|88/100 tox|[from] psn
|upkeep
|turn|20
|
|switch|p2a: Corsola|Corsola-Galar, F|100/100
|move|p1a: Je vol|Acrobatics|p2a: Corsola
|-damage|p2a: Corsola|86/100
|-start|p1a: Je vol|Disable|Acrobatics|[from] ability: Cursed Body|[of] p2a: Corsola
|
|-damage|p1a: Je vol|76/100|[from] Leech Seed|[of] p2a: Corsola
|-heal|p2a: Corsola|98/100|[silent]
|upkeep
|turn|21
|
|switch|p1a: Vive les renes|Hatterene, F|100/100
|move|p2a: Corsola|Night Shade|p1a: Vive les renes
|-damage|p1a: Vive les renes|69/100
|
|-heal|p1a: Vive les renes|75/100|[from] item: Leftovers
|upkeep
|turn|22
|
|switch|p2a: Dragapult|Dragapult, F|100/100
|move|p1a: Vive les renes|Psychic|p2a: Dragapult
|-damage|p2a: Dragapult|46/100
|
|-heal|p1a: Vive les renes|81/100|[from] item: Leftovers
|upkeep
|turn|23
|
|switch|p1a: Je pik|Toxapex, F|100/100
|move|p2a: Dragapult|Shadow Ball|p1a: Je pik
|-damage|p1a: Je pik|68/100
|
|-heal|p1a: Je pik|74/100|[from] item: Black Sludge
|upkeep
|turn|24
|
|switch|p2a: Corviknight|Corviknight, M|100/100
|-ability|p2a: Corviknight|Pressure
|move|p1a: Je pik|Toxic|p2a: Corviknight
|-immune|p2a: Corviknight
|
|-heal|p1a: Je pik|80/100|[from] item: Black Sludge
|upkeep
|turn|25
|
|switch|p1a: Je vol|Hawlucha, F|76/100
|move|p2a: Corviknight|Substitute|p2a: Corviknight
|-start|p2a: Corviknight|Substitute
|-damage|p2a: Corviknight|75/100
|
|-heal|p2a: Corviknight|82/100|[from] item: Leftovers
|upkeep
|turn|26
|
|switch|p1a: Je v vite|Dragapult, F|100/100
|move|p2a: Corviknight|Brave Bird|p1a: Je v vite
|-damage|p1a: Je v vite|53/100
|-damage|p2a: Corviknight|69/100|[from] Recoil
|
|-heal|p2a: Corviknight|75/100|[from] item: Leftovers
|upkeep
|turn|27
|
|switch|p2a: Sylveon|Sylveon, M|99/100
|move|p1a: Je v vite|Fire Blast|p2a: Sylveon
|-damage|p2a: Sylveon|71/100
|
|-heal|p2a: Sylveon|77/100|[from] item: Leftovers
|upkeep
|turn|28
|
|switch|p1a: Je pik|Toxapex, F|100/100
|move|p2a: Sylveon|Mystical Fire|p1a: Je pik
|-resisted|p1a: Je pik
|-damage|p1a: Je pik|92/100
|-unboost|p1a: Je pik|spa|1
|
|-heal|p2a: Sylveon|83/100|[from] item: Leftovers
|-heal|p1a: Je pik|98/100|[from] item: Black Sludge
|upkeep
|turn|29
|
|switch|p2a: Eldegoss|Eldegoss, F|100/100 tox
|switch|p1a: Je vol|Hawlucha, F|76/100
|
|-damage|p2a: Eldegoss|94/100 tox|[from] psn
|upkeep
|turn|30
|
|switch|p2a: Pyukumuku|Pyukumuku, M|100/100
|move|p1a: Je vol|Acrobatics|p2a: Pyukumuku
|-damage|p2a: Pyukumuku|79/100
|
|-heal|p2a: Pyukumuku|85/100|[from] item: Leftovers
|upkeep
|turn|31
|
|switch|p1a: Je pik|Toxapex, F|100/100
|move|p2a: Pyukumuku|Soak|p1a: Je pik
|-start|p1a: Je pik|typechange|Water
|
|-damage|p1a: Je pik|88/100|[from] item: Black Sludge
|-heal|p2a: Pyukumuku|91/100|[from] item: Leftovers
|upkeep
|turn|32
|
|switch|p1a: Je v vite|Dragapult, F|53/100
|switch|p2a: Corviknight|Corviknight, M|75/100
|-ability|p2a: Corviknight|Pressure
|
|-heal|p2a: Corviknight|82/100|[from] item: Leftovers
|upkeep
|turn|33
|
|switch|p2a: Sylveon|Sylveon, M|83/100
|move|p1a: Je v vite|Thunderbolt|p2a: Sylveon
|-damage|p2a: Sylveon|59/100
|
|-heal|p2a: Sylveon|65/100|[from] item: Leftovers
|upkeep
|turn|34
|
|switch|p1a: Je pik|Toxapex, F|100/100
|move|p2a: Sylveon|Wish|p2a: Sylveon
|
|-heal|p2a: Sylveon|71/100|[from] item: Leftovers
|upkeep
|turn|35
|
|move|p2a: Sylveon|Protect|p2a: Sylveon
|-singleturn|p2a: Sylveon|Protect
|move|p1a: Je pik|Toxic|p2a: Sylveon
|-activate|p2a: Sylveon|move: Protect
|
|-heal|p2a: Sylveon|100/100|[from] move: Wish|[wisher] Sylveon
|upkeep
|turn|36
|
|switch|p1a: Ditto|Ditto|100/100
|-transform|p1a: Ditto|p2a: Sylveon|[from] ability: Imposter
|move|p2a: Sylveon|Hyper Voice|p1a: Ditto
|-damage|p1a: Ditto|70/100
|
|upkeep
|turn|37
|
|move|p1a: Ditto|Wish|p1a: Ditto
|move|p2a: Sylveon|Mystical Fire|p1a: Ditto
|-damage|p1a: Ditto|55/100
|-unboost|p1a: Ditto|spa|1
|
|upkeep
|turn|38
|
|switch|p1a: Je v vite|Dragapult, F|53/100
|move|p2a: Sylveon|Mystical Fire|p1a: Je v vite
|-resisted|p1a: Je v vite
|-damage|p1a: Je v vite|39/100
|-unboost|p1a: Je v vite|spa|1
|
|-heal|p1a: Je v vite|86/100|[from] move: Wish|[wisher] Ditto
|upkeep
|turn|39
|
|switch|p1a: Je pik|Toxapex, F|100/100
|move|p2a: Sylveon|Protect||[still]
|-fail|p2a: Sylveon
|
|upkeep
|turn|40
|
|switch|p2a: Eldegoss|Eldegoss, F|100/100 tox
|move|p1a: Je pik|Toxic|p2a: Eldegoss
|-fail|p2a: Eldegoss|tox
|
|-damage|p2a: Eldegoss|94/100 tox|[from] psn
|upkeep
|turn|41
|
|switch|p1a: Je pik aussi|Ferrothorn, F|49/100
|move|p2a: Eldegoss|Aromatherapy|p2a: Eldegoss
|-activate|p2a: Eldegoss|move: Aromatherapy
|-curestatus|p2a: Eldegoss|tox|[msg]
|
|-heal|p2a: Eldegoss|100/100|[from] item: Leftovers
|-heal|p1a: Je pik aussi|56/100|[from] item: Leftovers
|upkeep
|turn|42
|
|switch|p2a: Corviknight|Corviknight, M|82/100
|-ability|p2a: Corviknight|Pressure
|move|p1a: Je pik aussi|Leech Seed|p2a: Corviknight
|-start|p2a: Corviknight|move: Leech Seed
|
|-heal|p2a: Corviknight|88/100|[from] item: Leftovers
|-heal|p1a: Je pik aussi|62/100|[from] item: Leftovers
|-damage|p2a: Corviknight|75/100|[from] Leech Seed|[of] p1a: Je pik aussi
|-heal|p1a: Je pik aussi|76/100|[silent]
|upkeep
|turn|43
|
|switch|p2a: Dragapult|Dragapult, F|46/100
|move|p1a: Je pik aussi|Gyro Ball|p2a: Dragapult
|-damage|p2a: Dragapult|0 fnt
|faint|p2a: Dragapult
|
|-heal|p1a: Je pik aussi|82/100|[from] item: Leftovers
|upkeep
|
|switch|p2a: Corviknight|Corviknight, M|75/100
|-ability|p2a: Corviknight|Pressure
|turn|44
|
|move|p2a: Corviknight|Brave Bird|p1a: Je pik aussi
|-damage|p1a: Je pik aussi|61/100
|-damage|p2a: Corviknight|63/100|[from] ability: Iron Barbs|[of] p1a: Je pik aussi
|-damage|p2a: Corviknight|57/100|[from] Recoil
|move|p1a: Je pik aussi|Leech Seed|p2a: Corviknight
|-start|p2a: Corviknight|move: Leech Seed
|
|-heal|p2a: Corviknight|63/100|[from] item: Leftovers
|-heal|p1a: Je pik aussi|67/100|[from] item: Leftovers
|-damage|p2a: Corviknight|50/100|[from] Leech Seed|[of] p1a: Je pik aussi
|-heal|p1a: Je pik aussi|81/100|[silent]
|upkeep
|turn|45
|
|move|p2a: Corviknight|Roost|p2a: Corviknight
|-heal|p2a: Corviknight|100/100
|-singleturn|p2a: Corviknight|move: Roost
|move|p1a: Je pik aussi|Gyro Ball|p2a: Corviknight
|-resisted|p2a: Corviknight
|-damage|p2a: Corviknight|85/100
|
|-heal|p2a: Corviknight|91/100|[from] item: Leftovers
|-heal|p1a: Je pik aussi|88/100|[from] item: Leftovers
|-damage|p2a: Corviknight|78/100|[from] Leech Seed|[of] p1a: Je pik aussi
|-heal|p1a: Je pik aussi|100/100|[silent]
|upkeep
|turn|46
|
|switch|p2a: Eldegoss|Eldegoss, F|100/100
|switch|p1a: Je v vite|Dragapult, F|86/100
|
|upkeep
|turn|47
|
|switch|p2a: Sylveon|Sylveon, M|100/100
|move|p1a: Je v vite|Shadow Ball|p2a: Sylveon
|-damage|p2a: Sylveon|67/100
|
|-heal|p2a: Sylveon|73/100|[from] item: Leftovers
|upkeep
|turn|48
|
|switch|p1a: Je pik|Toxapex, F|100/100
|move|p2a: Sylveon|Hyper Voice|p1a: Je pik
|-resisted|p1a: Je pik
|-damage|p1a: Je pik|85/100
|
|-heal|p2a: Sylveon|79/100|[from] item: Leftovers
|-heal|p1a: Je pik|91/100|[from] item: Black Sludge
|upkeep
|turn|49
|
|switch|p2a: Corviknight|Corviknight, M|78/100
|-ability|p2a: Corviknight|Pressure
|move|p1a: Je pik|Scald|p2a: Corviknight
|-damage|p2a: Corviknight|65/100
|
|-heal|p2a: Corviknight|71/100|[from] item: Leftovers
|-heal|p1a: Je pik|97/100|[from] item: Black Sludge
|upkeep
|turn|50
|
|switch|p1a: Je vol|Hawlucha, F|76/100
|move|p2a: Corviknight|Substitute|p2a: Corviknight
|-start|p2a: Corviknight|Substitute
|-damage|p2a: Corviknight|46/100
|
|-heal|p2a: Corviknight|52/100|[from] item: Leftovers
|upkeep
|turn|51
|
|move|p1a: Je vol|Acrobatics|p2a: Corviknight
|-resisted|p2a: Corviknight
|-activate|p2a: Corviknight|move: Substitute|[damage]
|move|p2a: Corviknight|Roost|p2a: Corviknight
|-heal|p2a: Corviknight|100/100
|-singleturn|p2a: Corviknight|move: Roost
|
|upkeep
|turn|52
|
|switch|p1a: Je v vite|Dragapult, F|86/100
|move|p2a: Corviknight|Brave Bird|p1a: Je v vite
|-damage|p1a: Je v vite|33/100
|-damage|p2a: Corviknight|86/100|[from] Recoil
|
|-heal|p2a: Corviknight|93/100|[from] item: Leftovers
|upkeep
|turn|53
|
|switch|p2a: Sylveon|Sylveon, M|79/100
|move|p1a: Je v vite|Fire Blast|p2a: Sylveon
|-damage|p2a: Sylveon|49/100
|
|-heal|p2a: Sylveon|55/100|[from] item: Leftovers
|upkeep
|turn|54
|
|switch|p1a: Ditto|Ditto|55/100
|-transform|p1a: Ditto|p2a: Sylveon|[from] ability: Imposter
|move|p2a: Sylveon|Wish|p2a: Sylveon
|
|-heal|p2a: Sylveon|61/100|[from] item: Leftovers
|upkeep
|turn|55
|
|move|p1a: Ditto|Wish|p1a: Ditto
|move|p2a: Sylveon|Hyper Voice|p1a: Ditto
|-damage|p1a: Ditto|20/100
|
|-heal|p2a: Sylveon|100/100|[from] move: Wish|[wisher] Sylveon
|upkeep
|turn|56
|
|switch|p1a: Je vol|Hawlucha, F|76/100
|move|p2a: Sylveon|Hyper Voice|p1a: Je vol
|-supereffective|p1a: Je vol
|-damage|p1a: Je vol|0 fnt
|faint|p1a: Je vol
|
|upkeep
|
|switch|p1a: Je pik aussi|Ferrothorn, F|100/100
|turn|57
|
|move|p2a: Sylveon|Mystical Fire|p1a: Je pik aussi
|-supereffective|p1a: Je pik aussi
|-damage|p1a: Je pik aussi|38/100
|-unboost|p1a: Je pik aussi|spa|1
|move|p1a: Je pik aussi|Leech Seed|p2a: Sylveon
|-start|p2a: Sylveon|move: Leech Seed
|
|-heal|p1a: Je pik aussi|44/100|[from] item: Leftovers
|-damage|p2a: Sylveon|88/100|[from] Leech Seed|[of] p1a: Je pik aussi
|-heal|p1a: Je pik aussi|58/100|[silent]
|upkeep
|turn|58
|
|switch|p2a: Corviknight|Corviknight, M|93/100
|-ability|p2a: Corviknight|Pressure
|move|p1a: Je pik aussi|Protect||[still]
|-fail|p1a: Je pik aussi
|
|-heal|p2a: Corviknight|99/100|[from] item: Leftovers
|-heal|p1a: Je pik aussi|64/100|[from] item: Leftovers
|upkeep
|turn|59
|
|move|p2a: Corviknight|Brave Bird|p1a: Je pik aussi
|-damage|p1a: Je pik aussi|45/100
|-damage|p2a: Corviknight|86/100|[from] ability: Iron Barbs|[of] p1a: Je pik aussi
|-damage|p2a: Corviknight|81/100|[from] Recoil
|move|p1a: Je pik aussi|Leech Seed|p2a: Corviknight
|-start|p2a: Corviknight|move: Leech Seed
|
|-heal|p2a: Corviknight|87/100|[from] item: Leftovers
|-heal|p1a: Je pik aussi|51/100|[from] item: Leftovers
|-damage|p2a: Corviknight|74/100|[from] Leech Seed|[of] p1a: Je pik aussi
|-heal|p1a: Je pik aussi|65/100|[silent]
|upkeep
|turn|60
|
|switch|p2a: Eldegoss|Eldegoss, F|100/100
|move|p1a: Je pik aussi|Gyro Ball|p2a: Eldegoss
|-damage|p2a: Eldegoss|75/100
|
|-heal|p2a: Eldegoss|81/100|[from] item: Leftovers
|-heal|p1a: Je pik aussi|71/100|[from] item: Leftovers
|upkeep
|turn|61
|
|switch|p1a: Je pik|Toxapex, F|100/100
|move|p2a: Eldegoss|Leech Seed|p1a: Je pik
|-start|p1a: Je pik|move: Leech Seed
|
|-heal|p2a: Eldegoss|88/100|[from] item: Leftovers
|-damage|p1a: Je pik|88/100|[from] Leech Seed|[of] p2a: Eldegoss
|-heal|p2a: Eldegoss|99/100|[silent]
|upkeep
|turn|62
|
|switch|p2a: Corviknight|Corviknight, M|74/100
|-ability|p2a: Corviknight|Pressure
|switch|p1a: Je v vite|Dragapult, F|33/100
|
|-heal|p2a: Corviknight|81/100|[from] item: Leftovers
|upkeep
|turn|63
|
|switch|p2a: Sylveon|Sylveon, M|88/100
|move|p1a: Je v vite|Fire Blast|p2a: Sylveon
|-damage|p2a: Sylveon|58/100
|
|-heal|p2a: Sylveon|64/100|[from] item: Leftovers
|upkeep
|turn|64
|
|switch|p1a: Vive les renes|Hatterene, F|81/100
|switch|p2a: Corviknight|Corviknight, M|81/100
|-ability|p2a: Corviknight|Pressure
|
|-heal|p2a: Corviknight|87/100|[from] item: Leftovers
|-heal|p1a: Vive les renes|87/100|[from] item: Leftovers
|upkeep
|turn|65
|
|move|p2a: Corviknight|Brave Bird|p1a: Vive les renes
|-crit|p1a: Vive les renes
|-damage|p1a: Vive les renes|37/100
|-damage|p2a: Corviknight|74/100|[from] Recoil
|move|p1a: Vive les renes|Mystical Fire|p2a: Corviknight
|-supereffective|p2a: Corviknight
|-damage|p2a: Corviknight|39/100
|-unboost|p2a: Corviknight|spa|1
|
|-heal|p2a: Corviknight|45/100|[from] item: Leftovers
|-heal|p1a: Vive les renes|43/100|[from] item: Leftovers
|upkeep
|turn|66
|
|switch|p2a: Pyukumuku|Pyukumuku, M|91/100
|move|p1a: Vive les renes|Draining Kiss|p2a: Pyukumuku
|-damage|p2a: Pyukumuku|77/100
|-heal|p1a: Vive les renes|53/100|[from] drain|[of] p2a: Pyukumuku
|
|-heal|p1a: Vive les renes|59/100|[from] item: Leftovers
|-heal|p2a: Pyukumuku|83/100|[from] item: Leftovers
|upkeep
|turn|67
|
|switch|p1a: Je v vite|Dragapult, F|33/100
|move|p2a: Pyukumuku|Soak|p1a: Je v vite
|-start|p1a: Je v vite|typechange|Water
|
|-heal|p2a: Pyukumuku|89/100|[from] item: Leftovers
|upkeep
|turn|68
|
|move|p2a: Pyukumuku|Protect|p2a: Pyukumuku
|-singleturn|p2a: Pyukumuku|Protect
|move|p1a: Je v vite|Draco Meteor|p2a: Pyukumuku
|-activate|p2a: Pyukumuku|move: Protect
|
|-heal|p2a: Pyukumuku|95/100|[from] item: Leftovers
|upkeep
|turn|69
|
|switch|p2a: Corviknight|Corviknight, M|45/100
|-ability|p2a: Corviknight|Pressure
|move|p1a: Je v vite|Draco Meteor|p2a: Corviknight
|-resisted|p2a: Corviknight
|-damage|p2a: Corviknight|25/100
|-unboost|p1a: Je v vite|spa|2
|
|-heal|p2a: Corviknight|31/100|[from] item: Leftovers
|upkeep
|turn|70
|
|switch|p1a: Vive les renes|Hatterene, F|59/100
|move|p2a: Corviknight|Roost|p2a: Corviknight
|-heal|p2a: Corviknight|81/100
|-singleturn|p2a: Corviknight|move: Roost
|
|-heal|p2a: Corviknight|88/100|[from] item: Leftovers
|-heal|p1a: Vive les renes|65/100|[from] item: Leftovers
|upkeep
|turn|71
|
|switch|p2a: Pyukumuku|Pyukumuku, M|95/100
|move|p1a: Vive les renes|Calm Mind|p1a: Vive les renes
|-boost|p1a: Vive les renes|spa|1
|-boost|p1a: Vive les renes|spd|1
|
|-heal|p1a: Vive les renes|71/100|[from] item: Leftovers
|-heal|p2a: Pyukumuku|100/100|[from] item: Leftovers
|upkeep
|turn|72
|
|switch|p1a: Je pik aussi|Ferrothorn, F|71/100
|move|p2a: Pyukumuku|Soak|p1a: Je pik aussi
|-start|p1a: Je pik aussi|typechange|Water
|
|-heal|p1a: Je pik aussi|77/100|[from] item: Leftovers
|upkeep
|turn|73
|
|switch|p2a: Eldegoss|Eldegoss, F|100/100
|move|p1a: Je pik aussi|Leech Seed|p2a: Eldegoss
|-immune|p2a: Eldegoss
|
|-heal|p1a: Je pik aussi|84/100|[from] item: Leftovers
|upkeep
|turn|74
|
|switch|p2a: Corsola|Corsola-Galar, F|98/100
|switch|p1a: Vive les renes|Hatterene, F|71/100
|
|-heal|p1a: Vive les renes|77/100|[from] item: Leftovers
|upkeep
|turn|75
|
|move|p1a: Vive les renes|Mystical Fire|p2a: Corsola
|-damage|p2a: Corsola|82/100
|-unboost|p2a: Corsola|spa|1
|move|p2a: Corsola|Night Shade|p1a: Vive les renes
|-damage|p1a: Vive les renes|45/100
|
|-heal|p1a: Vive les renes|51/100|[from] item: Leftovers
|upkeep
|turn|76
|
|move|p1a: Vive les renes|Draining Kiss|p2a: Corsola
|-damage|p2a: Corsola|67/100
|-heal|p1a: Vive les renes|63/100|[from] drain|[of] p2a: Corsola
|move|p2a: Corsola|Night Shade|p1a: Vive les renes
|-damage|p1a: Vive les renes|32/100
|
|-heal|p1a: Vive les renes|38/100|[from] item: Leftovers
|upkeep
|turn|77
|
|move|p1a: Vive les renes|Psychic|p2a: Corsola
|-crit|p2a: Corsola
|-damage|p2a: Corsola|25/100
|-start|p1a: Vive les renes|Disable|Psychic|[from] ability: Cursed Body|[of] p2a: Corsola
|move|p2a: Corsola|Night Shade|p1a: Vive les renes
|-damage|p1a: Vive les renes|6/100
|
|-heal|p1a: Vive les renes|12/100|[from] item: Leftovers
|upkeep
|turn|78
|
|move|p1a: Vive les renes|Draining Kiss|p2a: Corsola
|-damage|p2a: Corsola|9/100
|-heal|p1a: Vive les renes|24/100|[from] drain|[of] p2a: Corsola
|move|p2a: Corsola|Night Shade|p1a: Vive les renes
|-damage|p1a: Vive les renes|0 fnt
|faint|p1a: Vive les renes
|
|upkeep
|
|switch|p1a: Je v vite|Dragapult, F|33/100
|turn|79
|
|switch|p2a: Sylveon|Sylveon, M|64/100
|move|p1a: Je v vite|Fire Blast|p2a: Sylveon|[miss]
|-miss|p1a: Je v vite|p2a: Sylveon
|
|-heal|p2a: Sylveon|70/100|[from] item: Leftovers
|upkeep
|turn|80
|
|switch|p1a: Je pik|Toxapex, F|100/100
|move|p2a: Sylveon|Wish|p2a: Sylveon
|
|-heal|p2a: Sylveon|76/100|[from] item: Leftovers
|upkeep
|turn|81
|
|switch|p2a: Corsola|Corsola-Galar, F|9/100
|move|p1a: Je pik|Toxic|p2a: Corsola
|-status|p2a: Corsola|tox
|
|-heal|p2a: Corsola|70/100 tox|[from] move: Wish|[wisher] Sylveon
|-damage|p2a: Corsola|64/100 tox|[from] psn
|upkeep
|turn|82
|
|move|p1a: Je pik|Scald|p2a: Corsola
|-damage|p2a: Corsola|53/100 tox
|move|p2a: Corsola|Stealth Rock|p1a: Je pik
|-sidestart|p1: Aivie|move: Stealth Rock
|
|-damage|p2a: Corsola|40/100 tox|[from] psn
|upkeep
|turn|83
|
|switch|p2a: Pyukumuku|Pyukumuku, M|100/100
|move|p1a: Je pik|Toxic|p2a: Pyukumuku
|-status|p2a: Pyukumuku|tox
|
|-damage|p2a: Pyukumuku|94/100 tox|[from] psn
|upkeep
|turn|84
|
|switch|p2a: Eldegoss|Eldegoss, F|100/100
|move|p1a: Je pik|Scald|p2a: Eldegoss
|-resisted|p2a: Eldegoss
|-damage|p2a: Eldegoss|93/100
|-status|p2a: Eldegoss|brn
|
|-heal|p2a: Eldegoss|99/100 brn|[from] item: Leftovers
|-damage|p2a: Eldegoss|93/100 brn|[from] brn
|upkeep
|turn|85
|
|switch|p1a: Je v vite|Dragapult, F|33/100
|-damage|p1a: Je v vite|21/100|[from] Stealth Rock
|move|p2a: Eldegoss|Aromatherapy|p2a: Eldegoss
|-activate|p2a: Eldegoss|move: Aromatherapy
|-curestatus|p2a: Eldegoss|brn|[msg]
|-curestatus|p2: Pyukumuku|tox|[msg]
|-curestatus|p2: Corsola|tox|[msg]
|
|-heal|p2a: Eldegoss|99/100|[from] item: Leftovers
|upkeep
|turn|86
|inactive|Battle timer is ON: inactive players will automatically lose when time's up. (requested by VampireStyle)
|
|switch|p2a: Sylveon|Sylveon, M|76/100
|move|p1a: Je v vite|Thunderbolt|p2a: Sylveon
|-damage|p2a: Sylveon|51/100
|
|-heal|p2a: Sylveon|57/100|[from] item: Leftovers
|upkeep
|turn|87
|
|switch|p1a: Je pik|Toxapex, F|100/100
|-damage|p1a: Je pik|88/100|[from] Stealth Rock
|move|p2a: Sylveon|Wish|p2a: Sylveon
|
|-heal|p2a: Sylveon|63/100|[from] item: Leftovers
|-heal|p1a: Je pik|94/100|[from] item: Black Sludge
|upkeep
|turn|88
|
|move|p2a: Sylveon|Protect|p2a: Sylveon
|-singleturn|p2a: Sylveon|Protect
|move|p1a: Je pik|Toxic|p2a: Sylveon
|-activate|p2a: Sylveon|move: Protect
|
|-heal|p2a: Sylveon|100/100|[from] move: Wish|[wisher] Sylveon
|-heal|p1a: Je pik|100/100|[from] item: Black Sludge
|upkeep
|turn|89
|
|switch|p2a: Pyukumuku|Pyukumuku, M|94/100
|move|p1a: Je pik|Toxic|p2a: Pyukumuku
|-status|p2a: Pyukumuku|tox
|
|-heal|p2a: Pyukumuku|100/100 tox|[from] item: Leftovers
|-damage|p2a: Pyukumuku|94/100 tox|[from] psn
|upkeep
|turn|90
|
|move|p1a: Je pik|Scald|p2a: Pyukumuku
|-resisted|p2a: Pyukumuku
|-damage|p2a: Pyukumuku|89/100 tox
|move|p2a: Pyukumuku|Soak|p1a: Je pik
|-start|p1a: Je pik|typechange|Water
|
|-damage|p1a: Je pik|88/100|[from] item: Black Sludge
|-heal|p2a: Pyukumuku|95/100 tox|[from] item: Leftovers
|-damage|p2a: Pyukumuku|83/100 tox|[from] psn
|upkeep
|turn|91
|inactive|Aivie has 120 seconds left.
|inactive|Aivie has 90 seconds left.
|
|switch|p1a: Je pik aussi|Ferrothorn, F|84/100
|-damage|p1a: Je pik aussi|77/100|[from] Stealth Rock
|switch|p2a: Corviknight|Corviknight, M|88/100
|-ability|p2a: Corviknight|Pressure
|
|-heal|p2a: Corviknight|94/100|[from] item: Leftovers
|-heal|p1a: Je pik aussi|84/100|[from] item: Leftovers
|upkeep
|turn|92
|inactive|Aivie has 90 seconds left.
|
|move|p2a: Corviknight|Substitute|p2a: Corviknight
|-start|p2a: Corviknight|Substitute
|-damage|p2a: Corviknight|69/100
|move|p1a: Je pik aussi|Gyro Ball|p2a: Corviknight
|-resisted|p2a: Corviknight
|-activate|p2a: Corviknight|move: Substitute|[damage]
|
|-heal|p2a: Corviknight|75/100|[from] item: Leftovers
|-heal|p1a: Je pik aussi|90/100|[from] item: Leftovers
|upkeep
|turn|93
|
|move|p2a: Corviknight|Bulk Up|p2a: Corviknight
|-boost|p2a: Corviknight|atk|1
|-boost|p2a: Corviknight|def|1
|move|p1a: Je pik aussi|Leech Seed||[still]
|-fail|p1a: Je pik aussi
|
|-heal|p2a: Corviknight|81/100|[from] item: Leftovers
|-heal|p1a: Je pik aussi|96/100|[from] item: Leftovers
|upkeep
|turn|94
|
|switch|p1a: Je pik|Toxapex, F|100/100
|-damage|p1a: Je pik|88/100|[from] Stealth Rock
|move|p2a: Corviknight|Brave Bird|p1a: Je pik
|-damage|p1a: Je pik|52/100
|-damage|p2a: Corviknight|72/100|[from] Recoil
|
|-heal|p2a: Corviknight|79/100|[from] item: Leftovers
|-heal|p1a: Je pik|59/100|[from] item: Black Sludge
|upkeep
|turn|95
|
|move|p2a: Corviknight|Brave Bird|p1a: Je pik
|-damage|p1a: Je pik|26/100
|-damage|p2a: Corviknight|70/100|[from] Recoil
|move|p1a: Je pik|Haze|p1a: Je pik
|-clearallboost
|
|-heal|p2a: Corviknight|77/100|[from] item: Leftovers
|-heal|p1a: Je pik|32/100|[from] item: Black Sludge
|upkeep
|turn|96
|
|switch|p2a: Eldegoss|Eldegoss, F|100/100
|switch|p1a: Je pik aussi|Ferrothorn, F|96/100
|-damage|p1a: Je pik aussi|90/100|[from] Stealth Rock
|
|-heal|p1a: Je pik aussi|96/100|[from] item: Leftovers
|upkeep
|turn|97
|inactive|Aivie has 90 seconds left.
|
|switch|p1a: Je pik|Toxapex, F|65/100
|-damage|p1a: Je pik|53/100|[from] Stealth Rock
|move|p2a: Eldegoss|Aromatherapy|p2a: Eldegoss
|-activate|p2a: Eldegoss|move: Aromatherapy
|-curestatus|p2: Pyukumuku|tox|[msg]
|
|-heal|p1a: Je pik|59/100|[from] item: Black Sludge
|upkeep
|turn|98
|
|move|p2a: Eldegoss|Leech Seed|p1a: Je pik
|-start|p1a: Je pik|move: Leech Seed
|move|p1a: Je pik|Recover|p1a: Je pik
|-heal|p1a: Je pik|100/100
|
|-damage|p1a: Je pik|88/100|[from] Leech Seed|[of] p2a: Eldegoss
|upkeep
|turn|99
|
|switch|p2a: Corsola|Corsola-Galar, F|40/100
|switch|p1a: Je pik aussi|Ferrothorn, F|96/100
|-damage|p1a: Je pik aussi|90/100|[from] Stealth Rock
|
|-heal|p1a: Je pik aussi|96/100|[from] item: Leftovers
|upkeep
|turn|100
|
|move|p2a: Corsola|Will-O-Wisp|p1a: Je pik aussi
|-status|p1a: Je pik aussi|brn
|move|p1a: Je pik aussi|Gyro Ball|p2a: Corsola
|-damage|p2a: Corsola|35/100
|-start|p1a: Je pik aussi|Disable|Gyro Ball|[from] ability: Cursed Body|[of] p2a: Corsola
|
|-heal|p1a: Je pik aussi|100/100 brn|[from] item: Leftovers
|-damage|p1a: Je pik aussi|94/100 brn|[from] brn
|upkeep
|turn|101
|
|move|p2a: Corsola|Strength Sap|p1a: Je pik aussi
|-unboost|p1a: Je pik aussi|atk|1
|-heal|p2a: Corsola|100/100
|move|p1a: Je pik aussi|Leech Seed|p2a: Corsola
|-start|p2a: Corsola|move: Leech Seed
|
|-heal|p1a: Je pik aussi|100/100 brn|[from] item: Leftovers
|-damage|p2a: Corsola|88/100|[from] Leech Seed|[of] p1a: Je pik aussi
|-damage|p1a: Je pik aussi|94/100 brn|[from] brn
|upkeep
|turn|102
|inactive|VampireStyle has 120 seconds left.
|
|switch|p2a: Sylveon|Sylveon, M|100/100
|move|p1a: Je pik aussi|Power Whip|p2a: Sylveon|[miss]
|-miss|p1a: Je pik aussi|p2a: Sylveon
|
|-heal|p1a: Je pik aussi|100/100 brn|[from] item: Leftovers
|-damage|p1a: Je pik aussi|94/100 brn|[from] brn
|upkeep
|turn|103
|inactive|VampireStyle has 120 seconds left.
|
|switch|p2a: Pyukumuku|Pyukumuku, M|83/100
|switch|p1a: Je pik|Toxapex, F|100/100
|-damage|p1a: Je pik|88/100|[from] Stealth Rock
|
|-heal|p1a: Je pik|94/100|[from] item: Black Sludge
|-heal|p2a: Pyukumuku|89/100|[from] item: Leftovers
|upkeep
|turn|104
|
|move|p1a: Je pik|Toxic|p2a: Pyukumuku
|-status|p2a: Pyukumuku|tox
|move|p2a: Pyukumuku|Soak|p1a: Je pik
|-start|p1a: Je pik|typechange|Water
|
|-damage|p1a: Je pik|82/100|[from] item: Black Sludge
|-heal|p2a: Pyukumuku|95/100 tox|[from] item: Leftovers
|-damage|p2a: Pyukumuku|89/100 tox|[from] psn
|upkeep
|turn|105
|
|move|p1a: Je pik|Scald|p2a: Pyukumuku
|-resisted|p2a: Pyukumuku
|-damage|p2a: Pyukumuku|83/100 tox
|move|p2a: Pyukumuku|Toxic|p1a: Je pik
|-status|p1a: Je pik|tox
|
|-damage|p1a: Je pik|69/100 tox|[from] item: Black Sludge
|-heal|p2a: Pyukumuku|89/100 tox|[from] item: Leftovers
|-damage|p1a: Je pik|63/100 tox|[from] psn
|-damage|p2a: Pyukumuku|77/100 tox|[from] psn
|upkeep
|turn|106
|inactive|Aivie has 60 seconds left.
|
|switch|p1a: Je pik aussi|Ferrothorn, F|94/100 brn
|-damage|p1a: Je pik aussi|88/100 brn|[from] Stealth Rock
|switch|p2a: Eldegoss|Eldegoss, F|100/100
|
|-heal|p1a: Je pik aussi|94/100 brn|[from] item: Leftovers
|-damage|p1a: Je pik aussi|88/100 brn|[from] brn
|upkeep
|turn|107
|
|switch|p1a: Je v vite|Dragapult, F|21/100
|-damage|p1a: Je v vite|8/100|[from] Stealth Rock
|move|p2a: Eldegoss|Aromatherapy|p2a: Eldegoss
|-activate|p2a: Eldegoss|move: Aromatherapy
|-curestatus|p2: Pyukumuku|tox|[msg]
|
|upkeep
|turn|108
|
|switch|p2a: Sylveon|Sylveon, M|100/100
|move|p1a: Je v vite|Shadow Ball|p2a: Sylveon
|-damage|p2a: Sylveon|65/100
|
|-heal|p2a: Sylveon|72/100|[from] item: Leftovers
|upkeep
|turn|109
|c| Aelteria|That's not boring at all xD
|
|move|p1a: Je v vite|Shadow Ball|p2a: Sylveon
|-damage|p2a: Sylveon|42/100
|move|p2a: Sylveon|Mystical Fire|p1a: Je v vite
|-resisted|p1a: Je v vite
|-damage|p1a: Je v vite|0 fnt
|faint|p1a: Je v vite
|
|-heal|p2a: Sylveon|48/100|[from] item: Leftovers
|upkeep
|
|switch|p1a: Je pik|Toxapex, F|96/100 tox
|-damage|p1a: Je pik|84/100 tox|[from] Stealth Rock
|turn|110
|
|move|p2a: Sylveon|Wish|p2a: Sylveon
|move|p1a: Je pik|Scald|p2a: Sylveon
|-crit|p2a: Sylveon
|-damage|p2a: Sylveon|32/100
|
|-heal|p2a: Sylveon|38/100|[from] item: Leftovers
|-heal|p1a: Je pik|90/100 tox|[from] item: Black Sludge
|-damage|p1a: Je pik|84/100 tox|[from] psn
|upkeep
|turn|111
|
|move|p2a: Sylveon|Mystical Fire|p1a: Je pik
|-resisted|p1a: Je pik
|-damage|p1a: Je pik|76/100 tox
|-unboost|p1a: Je pik|spa|1
|move|p1a: Je pik|Toxic|p2a: Sylveon
|-status|p2a: Sylveon|tox
|
|-heal|p2a: Sylveon|88/100 tox|[from] move: Wish|[wisher] Sylveon
|-heal|p2a: Sylveon|94/100 tox|[from] item: Leftovers
|-heal|p1a: Je pik|82/100 tox|[from] item: Black Sludge
|-damage|p2a: Sylveon|88/100 tox|[from] psn
|-damage|p1a: Je pik|70/100 tox|[from] psn
|upkeep
|turn|112
|
|switch|p2a: Corviknight|Corviknight, M|77/100
|-ability|p2a: Corviknight|Pressure
|move|p1a: Je pik|Scald|p2a: Corviknight
|-damage|p2a: Corviknight|68/100
|
|-heal|p2a: Corviknight|74/100|[from] item: Leftovers
|-heal|p1a: Je pik|76/100 tox|[from] item: Black Sludge
|-damage|p1a: Je pik|57/100 tox|[from] psn
|upkeep
|turn|113
|inactive|Aivie has 30 seconds left.
|
|move|p2a: Corviknight|Substitute|p2a: Corviknight
|-start|p2a: Corviknight|Substitute
|-damage|p2a: Corviknight|49/100
|move|p1a: Je pik|Recover|p1a: Je pik
|-heal|p1a: Je pik|100/100 tox
|
|-heal|p2a: Corviknight|56/100|[from] item: Leftovers
|-damage|p1a: Je pik|75/100 tox|[from] psn
|upkeep
|turn|114
|inactive|Aivie has 30 seconds left.
|
|switch|p1a: Ditto|Ditto|20/100
|-damage|p1a: Ditto|8/100|[from] Stealth Rock
|move|p2a: Corviknight|Roost|p2a: Corviknight
|-heal|p2a: Corviknight|100/100
|-singleturn|p2a: Corviknight|move: Roost
|
|upkeep
|turn|115
|inactive|Aivie has 30 seconds left this turn.
|
|move|p1a: Ditto|Transform||[still]
|-fail|p1a: Ditto
|move|p2a: Corviknight|Bulk Up|p2a: Corviknight
|-boost|p2a: Corviknight|atk|1
|-boost|p2a: Corviknight|def|1
|
|upkeep
|turn|116
|inactive|Aivie has 30 seconds left this turn.
|
|switch|p1a: Je pik|Toxapex, F|100/100 tox
|-damage|p1a: Je pik|88/100 tox|[from] Stealth Rock
|move|p2a: Corviknight|Bulk Up|p2a: Corviknight
|-boost|p2a: Corviknight|atk|1
|-boost|p2a: Corviknight|def|1
|
|-heal|p1a: Je pik|94/100 tox|[from] item: Black Sludge
|-damage|p1a: Je pik|88/100 tox|[from] psn
|upkeep
|turn|117
|inactive|Aivie has 30 seconds left this turn.
|
|move|p2a: Corviknight|Brave Bird|p1a: Je pik
|-damage|p1a: Je pik|43/100 tox
|-damage|p2a: Corviknight|89/100|[from] Recoil
|move|p1a: Je pik|Haze|p1a: Je pik
|-clearallboost
|
|-heal|p2a: Corviknight|95/100|[from] item: Leftovers
|-heal|p1a: Je pik|50/100 tox|[from] item: Black Sludge
|-damage|p1a: Je pik|37/100 tox|[from] psn
|upkeep
|turn|118
|inactive|Aivie has 30 seconds left this turn.
|inactive|Aivie has 20 seconds left.
|
|move|p2a: Corviknight|Bulk Up|p2a: Corviknight
|-boost|p2a: Corviknight|atk|1
|-boost|p2a: Corviknight|def|1
|move|p1a: Je pik|Recover|p1a: Je pik
|-heal|p1a: Je pik|87/100 tox
|
|-heal|p2a: Corviknight|100/100|[from] item: Leftovers
|-heal|p1a: Je pik|93/100 tox|[from] item: Black Sludge
|-damage|p1a: Je pik|75/100 tox|[from] psn
|upkeep
|turn|119
|inactive|Aivie has 25 seconds left this turn.
|inactive|Aivie has 20 seconds left.
|inactive|Aivie has 15 seconds left.
|
|move|p2a: Corviknight|Bulk Up|p2a: Corviknight
|-boost|p2a: Corviknight|atk|1
|-boost|p2a: Corviknight|def|1
|move|p1a: Je pik|Haze|p1a: Je pik
|-clearallboost
|
|-heal|p1a: Je pik|81/100 tox|[from] item: Black Sludge
|-damage|p1a: Je pik|56/100 tox|[from] psn
|upkeep
|turn|120
|inactive|Aivie has 20 seconds left this turn.
|inactive|Aivie has 15 seconds left.
|
|switch|p1a: Je pik aussi|Ferrothorn, F|88/100 brn
|-damage|p1a: Je pik aussi|82/100 brn|[from] Stealth Rock
|move|p2a: Corviknight|Bulk Up|p2a: Corviknight
|-boost|p2a: Corviknight|atk|1
|-boost|p2a: Corviknight|def|1
|
|-heal|p1a: Je pik aussi|88/100 brn|[from] item: Leftovers
|-damage|p1a: Je pik aussi|82/100 brn|[from] brn
|upkeep
|turn|121
|inactive|Aivie has 20 seconds left this turn.
|inactive|Aivie has 15 seconds left.
|inactive|Aivie has 10 seconds left.
|
|switch|p1a: Je pik|Toxapex, F|89/100 tox
|-damage|p1a: Je pik|76/100 tox|[from] Stealth Rock
|move|p2a: Corviknight|Bulk Up|p2a: Corviknight
|-boost|p2a: Corviknight|atk|1
|-boost|p2a: Corviknight|def|1
|
|-heal|p1a: Je pik|83/100 tox|[from] item: Black Sludge
|-damage|p1a: Je pik|76/100 tox|[from] psn
|upkeep
|turn|122
|inactive|Aivie has 15 seconds left this turn.
|inactive|Aivie has 10 seconds left.
|
|move|p2a: Corviknight|Brave Bird|p1a: Je pik
|-damage|p1a: Je pik|36/100 tox
|-damage|p2a: Corviknight|90/100|[from] Recoil
|move|p1a: Je pik|Haze|p1a: Je pik
|-clearallboost
|
|-heal|p2a: Corviknight|96/100|[from] item: Leftovers
|-heal|p1a: Je pik|42/100 tox|[from] item: Black Sludge
|-damage|p1a: Je pik|30/100 tox|[from] psn
|upkeep
|turn|123
|inactive|Aivie has 15 seconds left this turn.
|inactive|Aivie has 10 seconds left.
|inactive|Aivie has 5 seconds left.
|
|move|p2a: Corviknight|Bulk Up|p2a: Corviknight
|-boost|p2a: Corviknight|atk|1
|-boost|p2a: Corviknight|def|1
|move|p1a: Je pik|Recover|p1a: Je pik
|-heal|p1a: Je pik|80/100 tox
|
|-heal|p2a: Corviknight|100/100|[from] item: Leftovers
|-heal|p1a: Je pik|86/100 tox|[from] item: Black Sludge
|-damage|p1a: Je pik|67/100 tox|[from] psn
|upkeep
|turn|124
|inactive|Aivie has 10 seconds left this turn.
|inactive|Aivie has 5 seconds left.
|-message|Aivie lost due to inactivity.
|
|win|VampireStyle
|l|☆VampireStyle
|l|☆Aivie
|raw|Aivie's rating: 1235 → 1209(-26 for losing)
|raw|VampireStyle's rating: 1224 → 1250(+26 for winning)
