|ScrapeTime|2020-01-01-20:26:29
|j|☆Willmer137
|j|☆Didn't have
|player|p1|Willmer137|2|1123
|player|p2|Didn't have|265|1123
|teamsize|p1|6
|teamsize|p2|6
|gametype|singles
|gen|8
|tier|[Gen 8] OU
|rated|
|rule|Sleep Clause Mod: Limit one foe put to sleep
|rule|Species Clause: Limit one of each Pokémon
|rule|OHKO Clause: OHKO moves are banned
|rule|Evasion Moves Clause: Evasion moves are banned
|rule|Endless Battle Clause: Forcing endless battles is banned
|rule|HP Percentage Mod: HP is shown in percentages
|clearpoke
|poke|p1|Hitmontop, M|
|poke|p1|Corsola-Galar, M|
|poke|p1|Clefable, F|
|poke|p1|Mew|
|poke|p1|Malamar, M|
|poke|p1|Dracovish|
|poke|p2|Vileplume, M|
|poke|p2|Grimmsnarl, M|
|poke|p2|Charizard, M|
|poke|p2|Torkoal, M|
|poke|p2|Leafeon, F|
|poke|p2|Haxorus, F|
|rule|Dynamax Clause: You cannot dynamax
|teampreview
|
|start
|switch|p1a: Mew|Mew|100/100
|switch|p2a: Grimmsnarl|Grimmsnarl, M|100/100
|turn|1
|
|move|p2a: Grimmsnarl|Thunder Wave|p1a: Mew
|-status|p1a: Mew|par
|-activate|p1a: Mew|ability: Synchronize
|-status|p2a: Grimmsnarl|par
|move|p1a: Mew|Taunt|p2a: Grimmsnarl
|-start|p2a: Grimmsnarl|move: Taunt
|
|upkeep
|turn|2
|
|switch|p2a: Torkoal|Torkoal, M|100/100
|-weather|SunnyDay|[from] ability: Drought|[of] p2a: Torkoal
|move|p1a: Mew|Dragon Dance|p1a: Mew
|-boost|p1a: Mew|atk|1
|-boost|p1a: Mew|spe|1
|
|-weather|SunnyDay|[upkeep]
|upkeep
|turn|3
|
|move|p1a: Mew|Dragon Dance|p1a: Mew
|-boost|p1a: Mew|atk|1
|-boost|p1a: Mew|spe|1
|move|p2a: Torkoal|Stealth Rock|p1a: Mew
|-sidestart|p1: Willmer137|move: Stealth Rock
|
|-weather|SunnyDay|[upkeep]
|upkeep
|turn|4
|
|move|p1a: Mew|Dragon Dance|p1a: Mew
|-boost|p1a: Mew|atk|1
|-boost|p1a: Mew|spe|1
|move|p2a: Torkoal|Lava Plume|p1a: Mew
|-damage|p1a: Mew|63/100 par
|
|-weather|SunnyDay|[upkeep]
|upkeep
|turn|5
|
|move|p1a: Mew|Shadow Claw|p2a: Torkoal
|-crit|p2a: Torkoal
|-damage|p2a: Torkoal|44/100
|move|p2a: Torkoal|Lava Plume|p1a: Mew
|-damage|p1a: Mew|28/100 par
|
|-weather|SunnyDay|[upkeep]
|upkeep
|turn|6
|
|move|p1a: Mew|Shadow Claw|p2a: Torkoal
|-damage|p2a: Torkoal|7/100
|move|p2a: Torkoal|Lava Plume|p1a: Mew
|-damage|p1a: Mew|0 fnt
|faint|p1a: Mew
|
|-weather|SunnyDay|[upkeep]
|upkeep
|
|switch|p1a: Malamar|Malamar, M|100/100
|-damage|p1a: Malamar|88/100|[from] Stealth Rock
|turn|7
|
|switch|p2a: Grimmsnarl|Grimmsnarl, M|100/100 par
|move|p1a: Malamar|Superpower|p2a: Grimmsnarl
|-damage|p2a: Grimmsnarl|68/100 par
|-boost|p1a: Malamar|atk|1
|-boost|p1a: Malamar|def|1
|
|-weather|SunnyDay|[upkeep]
|-heal|p2a: Grimmsnarl|74/100 par|[from] item: Leftovers
|upkeep
|turn|8
|
|move|p1a: Malamar|Superpower|p2a: Grimmsnarl
|-damage|p2a: Grimmsnarl|26/100 par
|-boost|p1a: Malamar|atk|1
|-boost|p1a: Malamar|def|1
|move|p2a: Grimmsnarl|Spirit Break|p1a: Malamar
|-supereffective|p1a: Malamar
|-crit|p1a: Malamar
|-damage|p1a: Malamar|0 fnt
|faint|p1a: Malamar
|
|-weather|SunnyDay|[upkeep]
|-heal|p2a: Grimmsnarl|32/100 par|[from] item: Leftovers
|upkeep
|
|switch|p1a: Dracovish|Dracovish|100/100
|-damage|p1a: Dracovish|88/100|[from] Stealth Rock
|turn|9
|
|switch|p1a: Clefable|Clefable, F|100/100
|move|p2a: Grimmsnarl|Thunder Wave|p1a: Clefable
|-status|p1a: Clefable|par
|
|-weather|none
|-heal|p2a: Grimmsnarl|38/100 par|[from] item: Leftovers
|upkeep
|turn|10
|
|move|p2a: Grimmsnarl|Light Screen|p2a: Grimmsnarl
|-sidestart|p2: Didn't have|move: Light Screen
|move|p1a: Clefable|Cosmic Power|p1a: Clefable
|-boost|p1a: Clefable|def|1
|-boost|p1a: Clefable|spd|1
|
|-heal|p2a: Grimmsnarl|44/100 par|[from] item: Leftovers
|upkeep
|turn|11
|
|move|p2a: Grimmsnarl|Reflect|p2a: Grimmsnarl
|-sidestart|p2: Didn't have|Reflect
|move|p1a: Clefable|Cosmic Power|p1a: Clefable
|-boost|p1a: Clefable|def|1
|-boost|p1a: Clefable|spd|1
|
|-heal|p2a: Grimmsnarl|50/100 par|[from] item: Leftovers
|upkeep
|turn|12
|
|switch|p2a: Torkoal|Torkoal, M|7/100
|-weather|SunnyDay|[from] ability: Drought|[of] p2a: Torkoal
|move|p1a: Clefable|Cosmic Power|p1a: Clefable
|-boost|p1a: Clefable|def|1
|-boost|p1a: Clefable|spd|1
|
|-weather|SunnyDay|[upkeep]
|upkeep
|turn|13
|
|switch|p2a: Charizard|Charizard, M|100/100
|move|p1a: Clefable|Wish|p1a: Clefable
|
|-weather|SunnyDay|[upkeep]
|-damage|p2a: Charizard|88/100|[from] ability: Solar Power|[of] p2a: Charizard
|upkeep
|turn|14
|
|move|p2a: Charizard|Flamethrower|p1a: Clefable
|-damage|p1a: Clefable|47/100 par
|move|p1a: Clefable|Cosmic Power|p1a: Clefable
|-boost|p1a: Clefable|def|1
|-boost|p1a: Clefable|spd|1
|
|-weather|SunnyDay|[upkeep]
|-damage|p2a: Charizard|76/100|[from] ability: Solar Power|[of] p2a: Charizard
|-heal|p1a: Clefable|97/100 par|[from] move: Wish|[wisher] Clefable
|-heal|p1a: Clefable|100/100 par|[from] item: Leftovers
|-sideend|p2: Didn't have|move: Light Screen
|upkeep
|turn|15
|
|move|p2a: Charizard|Flamethrower|p1a: Clefable
|-damage|p1a: Clefable|54/100 par
|move|p1a: Clefable|Wish|p1a: Clefable
|
|-weather|SunnyDay|[upkeep]
|-damage|p2a: Charizard|63/100|[from] ability: Solar Power|[of] p2a: Charizard
|-heal|p1a: Clefable|60/100 par|[from] item: Leftovers
|-sideend|p2: Didn't have|Reflect
|upkeep
|turn|16
|
|move|p2a: Charizard|Flamethrower|p1a: Clefable
|-damage|p1a: Clefable|18/100 par
|cant|p1a: Clefable|par
|
|-weather|SunnyDay|[upkeep]
|-damage|p2a: Charizard|51/100|[from] ability: Solar Power|[of] p2a: Charizard
|-heal|p1a: Clefable|68/100 par|[from] move: Wish|[wisher] Clefable
|-heal|p1a: Clefable|74/100 par|[from] item: Leftovers
|upkeep
|turn|17
|
|move|p2a: Charizard|Flamethrower|p1a: Clefable
|-damage|p1a: Clefable|32/100 par
|move|p1a: Clefable|Stored Power|p2a: Charizard
|-damage|p2a: Charizard|0 fnt
|faint|p2a: Charizard
|
|-weather|SunnyDay|[upkeep]
|-heal|p1a: Clefable|38/100 par|[from] item: Leftovers
|upkeep
|
|switch|p2a: Vileplume|Vileplume, M|100/100
|turn|18
|
|move|p2a: Vileplume|Sludge Wave|p1a: Clefable
|-supereffective|p1a: Clefable
|-crit|p1a: Clefable
|-damage|p1a: Clefable|0 fnt
|faint|p1a: Clefable
|
|-weather|SunnyDay|[upkeep]
|upkeep
|
|switch|p1a: Dracovish|Dracovish|88/100
|-damage|p1a: Dracovish|76/100|[from] Stealth Rock
|turn|19
|
|move|p2a: Vileplume|Moonblast|p1a: Dracovish
|-supereffective|p1a: Dracovish
|-damage|p1a: Dracovish|9/100
|move|p1a: Dracovish|Rock Tomb|p2a: Vileplume
|-damage|p2a: Vileplume|75/100
|-unboost|p2a: Vileplume|spe|1
|
|-weather|none
|upkeep
|turn|20
|
|switch|p2a: Torkoal|Torkoal, M|7/100
|-weather|SunnyDay|[from] ability: Drought|[of] p2a: Torkoal
|move|p1a: Dracovish|Fishious Rend|p2a: Torkoal
|-supereffective|p2a: Torkoal
|-damage|p2a: Torkoal|0 fnt
|faint|p2a: Torkoal
|
|-weather|SunnyDay|[upkeep]
|upkeep
|
|switch|p2a: Vileplume|Vileplume, M|75/100
|turn|21
|
|switch|p1a: Corsola|Corsola-Galar, M|100/100
|-damage|p1a: Corsola|88/100|[from] Stealth Rock
|move|p2a: Vileplume|Moonblast|p1a: Corsola
|-damage|p1a: Corsola|71/100
|
|-weather|SunnyDay|[upkeep]
|upkeep
|turn|22
|
|move|p2a: Vileplume|Solar Beam||[still]
|-prepare|p2a: Vileplume|Solar Beam|p1a: Corsola
|-anim|p2a: Vileplume|Solar Beam|p1a: Corsola
|-damage|p1a: Corsola|41/100
|move|p1a: Corsola|Curse|p2a: Vileplume
|-start|p2a: Vileplume|Curse|[of] p1a: Corsola
|-damage|p1a: Corsola|0 fnt
|faint|p1a: Corsola
|
|-weather|SunnyDay|[upkeep]
|-damage|p2a: Vileplume|51/100|[from] Curse
|upkeep
|-message|Willmer137 forfeited.
|
|win|Didn't have
|l|☆Willmer137
