|ScrapeTime|2020-01-01-16:24:48
|j|☆u win now
|j|☆LeaderMissingNo
|player|p1|u win now|10|1560
|player|p2|LeaderMissingNo|giovanni|1509
|teamsize|p1|6
|teamsize|p2|6
|gametype|singles
|gen|8
|tier|[Gen 8] OU
|rated|
|rule|Sleep Clause Mod: Limit one foe put to sleep
|rule|Species Clause: Limit one of each Pokémon
|rule|OHKO Clause: OHKO moves are banned
|rule|Evasion Moves Clause: Evasion moves are banned
|rule|Endless Battle Clause: Forcing endless battles is banned
|rule|HP Percentage Mod: HP is shown in percentages
|clearpoke
|poke|p1|Centiskorch, F|
|poke|p1|Seismitoad, M|
|poke|p1|Morpeko, M|
|poke|p1|Sylveon, F|
|poke|p1|Sirfetch'd, M|
|poke|p1|Gengar, M|
|poke|p2|Corsola-Galar, F|
|poke|p2|Toxapex, F|
|poke|p2|Ditto|
|poke|p2|Ferrothorn, F|
|poke|p2|Sylveon, M|
|poke|p2|Avalugg, M|
|rule|Dynamax Clause: You cannot dynamax
|teampreview
|inactive|Battle timer is ON: inactive players will automatically lose when time's up. (requested by u win now)
|j| data8888
|
|start
|switch|p1a: Sirfetch'd|Sirfetch'd, M|100/100
|switch|p2a: Ditto|Ditto|100/100
|-transform|p2a: Ditto|p1a: Sirfetch'd|[from] ability: Imposter
|turn|1
|j| E4.Wataru
|
|switch|p2a: Toxapex|Toxapex, F|100/100
|switch|p1a: Centiskorch|Centiskorch, F|100/100
|
|upkeep
|turn|2
|
|move|p1a: Centiskorch|Knock Off|p2a: Toxapex
|-damage|p2a: Toxapex|81/100
|-enditem|p2a: Toxapex|Black Sludge|[from] move: Knock Off|[of] p1a: Centiskorch
|move|p2a: Toxapex|Toxic|p1a: Centiskorch
|-status|p1a: Centiskorch|tox
|
|-damage|p1a: Centiskorch|94/100 tox|[from] psn
|upkeep
|turn|3
|
|switch|p2a: Corsola|Corsola-Galar, F|100/100
|move|p1a: Centiskorch|Fire Lash|p2a: Corsola
|-damage|p2a: Corsola|83/100
|-unboost|p2a: Corsola|def|1
|
|-damage|p1a: Centiskorch|82/100 tox|[from] psn
|upkeep
|turn|4
|
|move|p1a: Centiskorch|Knock Off|p2a: Corsola
|-supereffective|p2a: Corsola
|-damage|p2a: Corsola|48/100
|-enditem|p2a: Corsola|Eviolite|[from] move: Knock Off|[of] p1a: Centiskorch
|move|p2a: Corsola|Strength Sap|p1a: Centiskorch
|-unboost|p1a: Centiskorch|atk|1
|-heal|p2a: Corsola|100/100
|
|-damage|p1a: Centiskorch|63/100 tox|[from] psn
|upkeep
|turn|5
|
|move|p1a: Centiskorch|Rest|p1a: Centiskorch
|-status|p1a: Centiskorch|slp|[from] move: Rest
|-heal|p1a: Centiskorch|100/100 slp|[silent]
|move|p2a: Corsola|Stealth Rock|p1a: Centiskorch
|-sidestart|p1: u win now|move: Stealth Rock
|
|upkeep
|turn|6
|
|switch|p2a: Toxapex|Toxapex, F|100/100
|cant|p1a: Centiskorch|slp
|move|p1a: Centiskorch|Sleep Talk|p1a: Centiskorch
|move|p1a: Centiskorch|Knock Off|p2a: Toxapex|[from]Sleep Talk
|-damage|p2a: Toxapex|91/100
|
|upkeep
|turn|7
|
|cant|p1a: Centiskorch|slp
|move|p1a: Centiskorch|Sleep Talk|p1a: Centiskorch
|move|p1a: Centiskorch|Rest|p1a: Centiskorch|[from]Sleep Talk
|-fail|p1a: Centiskorch|heal
|move|p2a: Toxapex|Scald|p1a: Centiskorch
|-supereffective|p1a: Centiskorch
|-damage|p1a: Centiskorch|80/100 slp
|
|upkeep
|turn|8
|
|-curestatus|p1a: Centiskorch|slp|[msg]
|move|p1a: Centiskorch|Fire Lash|p2a: Toxapex
|-resisted|p2a: Toxapex
|-damage|p2a: Toxapex|83/100
|-unboost|p2a: Toxapex|def|1
|move|p2a: Toxapex|Scald|p1a: Centiskorch
|-supereffective|p1a: Centiskorch
|-damage|p1a: Centiskorch|59/100
|
|upkeep
|turn|9
|
|move|p1a: Centiskorch|Fire Lash|p2a: Toxapex
|-resisted|p2a: Toxapex
|-damage|p2a: Toxapex|70/100
|-unboost|p2a: Toxapex|def|1
|move|p2a: Toxapex|Toxic|p1a: Centiskorch
|-status|p1a: Centiskorch|tox
|
|-damage|p1a: Centiskorch|53/100 tox|[from] psn
|upkeep
|turn|10
|l| data8888
|
|move|p1a: Centiskorch|Knock Off|p2a: Toxapex
|-damage|p2a: Toxapex|53/100
|move|p2a: Toxapex|Scald|p1a: Centiskorch
|-supereffective|p1a: Centiskorch
|-damage|p1a: Centiskorch|30/100 tox
|
|-damage|p1a: Centiskorch|18/100 tox|[from] psn
|upkeep
|turn|11
|
|switch|p2a: Corsola|Corsola-Galar, F|100/100
|move|p1a: Centiskorch|Rest|p1a: Centiskorch
|-status|p1a: Centiskorch|slp|[from] move: Rest
|-heal|p1a: Centiskorch|100/100 slp|[silent]
|
|upkeep
|turn|12
|
|cant|p1a: Centiskorch|slp
|move|p1a: Centiskorch|Sleep Talk|p1a: Centiskorch
|move|p1a: Centiskorch|Knock Off|p2a: Corsola|[from]Sleep Talk
|-supereffective|p2a: Corsola
|-damage|p2a: Corsola|84/100
|move|p2a: Corsola|Strength Sap|p1a: Centiskorch
|-unboost|p1a: Centiskorch|atk|1
|-heal|p2a: Corsola|100/100
|
|upkeep
|turn|13
|
|cant|p1a: Centiskorch|slp
|move|p1a: Centiskorch|Sleep Talk|p1a: Centiskorch
|move|p1a: Centiskorch|Knock Off|p2a: Corsola|[from]Sleep Talk
|-supereffective|p2a: Corsola
|-damage|p2a: Corsola|88/100
|-start|p1a: Centiskorch|Disable|Sleep Talk|[from] ability: Cursed Body|[of] p2a: Corsola
|move|p2a: Corsola|Night Shade|p1a: Centiskorch
|-damage|p1a: Centiskorch|76/100 slp
|
|upkeep
|turn|14
|
|switch|p1a: Sylveon|Sylveon, F|100/100
|-damage|p1a: Sylveon|88/100|[from] Stealth Rock
|move|p2a: Corsola|Night Shade|p1a: Sylveon
|-damage|p1a: Sylveon|63/100
|
|upkeep
|turn|15
|
|switch|p2a: Sylveon|Sylveon, M|100/100
|move|p1a: Sylveon|Hyper Voice|p2a: Sylveon
|-damage|p2a: Sylveon|53/100
|
|-heal|p2a: Sylveon|59/100|[from] item: Leftovers
|upkeep
|turn|16
|
|move|p1a: Sylveon|Hyper Voice|p2a: Sylveon
|-damage|p2a: Sylveon|13/100
|move|p2a: Sylveon|Hyper Voice|p1a: Sylveon
|-damage|p1a: Sylveon|30/100
|
|-heal|p2a: Sylveon|19/100|[from] item: Leftovers
|upkeep
|turn|17
|
|move|p1a: Sylveon|Hyper Voice|p2a: Sylveon
|-damage|p2a: Sylveon|0 fnt
|faint|p2a: Sylveon
|
|upkeep
|
|switch|p2a: Toxapex|Toxapex, F|86/100
|turn|18
|
|switch|p1a: Seismitoad|Seismitoad, M|100/100
|-damage|p1a: Seismitoad|94/100|[from] Stealth Rock
|move|p2a: Toxapex|Venoshock|p1a: Seismitoad
|-resisted|p1a: Seismitoad
|-damage|p1a: Seismitoad|87/100
|
|-heal|p1a: Seismitoad|93/100|[from] item: Leftovers
|upkeep
|turn|19
|
|switch|p1a: Gengar|Gengar, M|100/100
|-damage|p1a: Gengar|88/100|[from] Stealth Rock
|switch|p2a: Ferrothorn|Ferrothorn, F|100/100
|
|upkeep
|turn|20
|
|switch|p1a: Sirfetch'd|Sirfetch'd, M|100/100
|-damage|p1a: Sirfetch'd|94/100|[from] Stealth Rock
|switch|p2a: Toxapex|Toxapex, F|100/100
|
|upkeep
|turn|21
|
|switch|p1a: Gengar|Gengar, M|88/100
|-damage|p1a: Gengar|76/100|[from] Stealth Rock
|move|p2a: Toxapex|Scald|p1a: Gengar
|-damage|p1a: Gengar|47/100
|
|upkeep
|turn|22
|
|move|p1a: Gengar|Trick|p2a: Toxapex
|-activate|p1a: Gengar|move: Trick|[of] p2a: Toxapex
|-item|p2a: Toxapex|Choice Scarf|[from] move: Trick
|-enditem|p1a: Gengar|Choice Scarf|[silent]|[from] move: Trick
|move|p2a: Toxapex|Scald|p1a: Gengar
|-damage|p1a: Gengar|17/100
|
|upkeep
|turn|23
|
|switch|p1a: Seismitoad|Seismitoad, M|93/100
|-damage|p1a: Seismitoad|87/100|[from] Stealth Rock
|move|p2a: Toxapex|Scald|p1a: Seismitoad
|-heal|p1a: Seismitoad|100/100|[from] ability: Water Absorb|[of] p2a: Toxapex
|
|upkeep
|turn|24
|
|switch|p2a: Ferrothorn|Ferrothorn, F|100/100
|move|p1a: Seismitoad|Stealth Rock|p2a: Ferrothorn
|-sidestart|p2: LeaderMissingNo|move: Stealth Rock
|
|upkeep
|turn|25
|
|switch|p1a: Gengar|Gengar, M|17/100
|-damage|p1a: Gengar|5/100|[from] Stealth Rock
|move|p2a: Ferrothorn|Knock Off|p1a: Gengar
|-supereffective|p1a: Gengar
|-damage|p1a: Gengar|0 fnt
|faint|p1a: Gengar
|
|upkeep
|
|switch|p1a: Sirfetch'd|Sirfetch'd, M|94/100
|-damage|p1a: Sirfetch'd|88/100|[from] Stealth Rock
|turn|26
|
|switch|p2a: Toxapex|Toxapex, F|100/100
|-damage|p2a: Toxapex|88/100|[from] Stealth Rock
|move|p1a: Sirfetch'd|Close Combat|p2a: Toxapex
|-resisted|p2a: Toxapex
|-damage|p2a: Toxapex|50/100
|-unboost|p1a: Sirfetch'd|def|1
|-unboost|p1a: Sirfetch'd|spd|1
|
|upkeep
|turn|27
|
|switch|p1a: Seismitoad|Seismitoad, M|100/100
|-damage|p1a: Seismitoad|94/100|[from] Stealth Rock
|move|p2a: Toxapex|Scald|p1a: Seismitoad
|-heal|p1a: Seismitoad|100/100|[from] ability: Water Absorb|[of] p2a: Toxapex
|
|upkeep
|turn|28
|
|switch|p1a: Sirfetch'd|Sirfetch'd, M|88/100
|-damage|p1a: Sirfetch'd|82/100|[from] Stealth Rock
|switch|p2a: Ferrothorn|Ferrothorn, F|100/100
|-damage|p2a: Ferrothorn|94/100|[from] Stealth Rock
|
|upkeep
|turn|29
|
|switch|p2a: Toxapex|Toxapex, F|83/100
|-damage|p2a: Toxapex|70/100|[from] Stealth Rock
|move|p1a: Sirfetch'd|Close Combat|p2a: Toxapex
|-resisted|p2a: Toxapex
|-damage|p2a: Toxapex|31/100
|-unboost|p1a: Sirfetch'd|def|1
|-unboost|p1a: Sirfetch'd|spd|1
|
|upkeep
|turn|30
|
|move|p1a: Sirfetch'd|Close Combat|p2a: Toxapex
|-resisted|p2a: Toxapex
|-damage|p2a: Toxapex|0 fnt
|-unboost|p1a: Sirfetch'd|def|1
|-unboost|p1a: Sirfetch'd|spd|1
|faint|p2a: Toxapex
|
|upkeep
|
|switch|p2a: Ditto|Ditto|100/100
|-damage|p2a: Ditto|88/100|[from] Stealth Rock
|-transform|p2a: Ditto|p1a: Sirfetch'd|[from] ability: Imposter
|turn|31
|
|switch|p1a: Sylveon|Sylveon, F|30/100
|-damage|p1a: Sylveon|17/100|[from] Stealth Rock
|move|p2a: Ditto|Close Combat|p1a: Sylveon
|-resisted|p1a: Sylveon
|-damage|p1a: Sylveon|0 fnt
|-unboost|p2a: Ditto|def|1
|-unboost|p2a: Ditto|spd|1
|faint|p1a: Sylveon
|
|upkeep
|inactive|u win now has 120 seconds left.
|
|switch|p1a: Centiskorch|Centiskorch, F|76/100 slp
|turn|32
|
|switch|p2a: Corsola|Corsola-Galar, F|88/100
|-damage|p2a: Corsola|75/100|[from] Stealth Rock
|-curestatus|p1a: Centiskorch|slp|[msg]
|move|p1a: Centiskorch|Fire Lash|p2a: Corsola
|-damage|p2a: Corsola|49/100
|-unboost|p2a: Corsola|def|1
|
|upkeep
|turn|33
|
|move|p1a: Centiskorch|Knock Off|p2a: Corsola
|-supereffective|p2a: Corsola
|-damage|p2a: Corsola|8/100
|-start|p1a: Centiskorch|Disable|Knock Off|[from] ability: Cursed Body|[of] p2a: Corsola
|move|p2a: Corsola|Strength Sap|p1a: Centiskorch
|-unboost|p1a: Centiskorch|atk|1
|-heal|p2a: Corsola|90/100
|
|upkeep
|turn|34
|
|move|p1a: Centiskorch|Fire Lash|p2a: Corsola
|-damage|p2a: Corsola|67/100
|-unboost|p2a: Corsola|def|1
|move|p2a: Corsola|Strength Sap|p1a: Centiskorch
|-unboost|p1a: Centiskorch|atk|1
|-heal|p2a: Corsola|100/100
|
|upkeep
|turn|35
|inactive|u win now has 120 seconds left.
|
|move|p1a: Centiskorch|Fire Lash|p2a: Corsola
|-damage|p2a: Corsola|78/100
|-unboost|p2a: Corsola|def|1
|move|p2a: Corsola|Night Shade|p1a: Centiskorch
|-damage|p1a: Centiskorch|51/100
|
|upkeep
|turn|36
|inactive|u win now has 120 seconds left.
|
|move|p1a: Centiskorch|Fire Lash|p2a: Corsola
|-damage|p2a: Corsola|46/100
|-unboost|p2a: Corsola|def|1
|move|p2a: Corsola|Strength Sap|p1a: Centiskorch
|-unboost|p1a: Centiskorch|atk|1
|-heal|p2a: Corsola|88/100
|
|-end|p1a: Centiskorch|Disable
|upkeep
|turn|37
|inactive|u win now has 120 seconds left.
|
|switch|p1a: Morpeko|Morpeko, M|100/100
|move|p2a: Corsola|Night Shade|p1a: Morpeko
|-damage|p1a: Morpeko|62/100
|
|-formechange|p1a: Morpeko|Morpeko-Hangry||[from] ability: Hunger Switch
|upkeep
|turn|38
|inactive|u win now has 120 seconds left.
|
|switch|p2a: Avalugg|Avalugg, M|100/100
|move|p1a: Morpeko|Aura Wheel|p2a: Avalugg
|-damage|p2a: Avalugg|81/100
|-boost|p1a: Morpeko|spe|1
|
|-formechange|p1a: Morpeko|Morpeko||[from] ability: Hunger Switch
|upkeep
|turn|39
|
|move|p1a: Morpeko|Parting Shot|p2a: Avalugg
|-unboost|p2a: Avalugg|atk|1
|-unboost|p2a: Avalugg|spa|1
|
|switch|p1a: Sirfetch'd|Sirfetch'd, M|82/100|[from]move: Parting Shot
|-damage|p1a: Sirfetch'd|76/100|[from] Stealth Rock
|move|p2a: Avalugg|Rapid Spin|p1a: Sirfetch'd
|-damage|p1a: Sirfetch'd|64/100
|-sideend|p2: LeaderMissingNo|Stealth Rock|[from] move: Rapid Spin|[of] p2a: Avalugg
|-boost|p2a: Avalugg|spe|1
|
|upkeep
|turn|40
|
|move|p1a: Sirfetch'd|Close Combat|p2a: Avalugg
|-supereffective|p2a: Avalugg
|-damage|p2a: Avalugg|0 fnt
|-unboost|p1a: Sirfetch'd|def|1
|-unboost|p1a: Sirfetch'd|spd|1
|faint|p2a: Avalugg
|
|upkeep
|
|switch|p2a: Ditto|Ditto|88/100
|-transform|p2a: Ditto|p1a: Sirfetch'd|[from] ability: Imposter
|turn|41
|
|switch|p1a: Seismitoad|Seismitoad, M|100/100
|-damage|p1a: Seismitoad|94/100|[from] Stealth Rock
|move|p2a: Ditto|Brave Bird|p1a: Seismitoad
|-crit|p1a: Seismitoad
|-damage|p1a: Seismitoad|45/100
|-damage|p2a: Ditto|66/100|[from] Recoil
|
|-heal|p1a: Seismitoad|51/100|[from] item: Leftovers
|upkeep
|turn|42
|
|switch|p2a: Ferrothorn|Ferrothorn, F|94/100
|move|p1a: Seismitoad|Stealth Rock|p2a: Ferrothorn
|-sidestart|p2: LeaderMissingNo|move: Stealth Rock
|
|-heal|p1a: Seismitoad|58/100|[from] item: Leftovers
|upkeep
|turn|43
|
|switch|p1a: Sirfetch'd|Sirfetch'd, M|64/100
|-damage|p1a: Sirfetch'd|58/100|[from] Stealth Rock
|move|p2a: Ferrothorn|Knock Off|p1a: Sirfetch'd
|-resisted|p1a: Sirfetch'd
|-damage|p1a: Sirfetch'd|45/100
|-enditem|p1a: Sirfetch'd|Choice Band|[from] move: Knock Off|[of] p2a: Ferrothorn
|
|upkeep
|turn|44
|c| E4.Wataru|cc is free
|
|switch|p2a: Corsola|Corsola-Galar, F|88/100
|-damage|p2a: Corsola|75/100|[from] Stealth Rock
|move|p1a: Sirfetch'd|Close Combat|p2a: Corsola
|-damage|p2a: Corsola|23/100
|-unboost|p1a: Sirfetch'd|def|1
|-unboost|p1a: Sirfetch'd|spd|1
|
|upkeep
|turn|45
|
|move|p1a: Sirfetch'd|Close Combat|p2a: Corsola
|-damage|p2a: Corsola|0 fnt
|-unboost|p1a: Sirfetch'd|def|1
|-unboost|p1a: Sirfetch'd|spd|1
|faint|p2a: Corsola
|
|upkeep
|
|switch|p2a: Ditto|Ditto|66/100
|-damage|p2a: Ditto|53/100|[from] Stealth Rock
|-transform|p2a: Ditto|p1a: Sirfetch'd|[from] ability: Imposter
|turn|46
|
|switch|p1a: Seismitoad|Seismitoad, M|58/100
|-damage|p1a: Seismitoad|51/100|[from] Stealth Rock
|move|p2a: Ditto|Close Combat|p1a: Seismitoad
|-damage|p1a: Seismitoad|0 fnt
|-unboost|p2a: Ditto|def|1
|-unboost|p2a: Ditto|spd|1
|faint|p1a: Seismitoad
|
|upkeep
|
|switch|p1a: Centiskorch|Centiskorch, F|51/100
|turn|47
|
|move|p2a: Ditto|Close Combat|p1a: Centiskorch
|-resisted|p1a: Centiskorch
|-damage|p1a: Centiskorch|11/100
|-unboost|p2a: Ditto|def|1
|-unboost|p2a: Ditto|spd|1
|move|p1a: Centiskorch|Rest|p1a: Centiskorch
|-status|p1a: Centiskorch|slp|[from] move: Rest
|-heal|p1a: Centiskorch|100/100 slp|[silent]
|
|upkeep
|turn|48
|
|switch|p2a: Ferrothorn|Ferrothorn, F|94/100
|-damage|p2a: Ferrothorn|88/100|[from] Stealth Rock
|cant|p1a: Centiskorch|slp
|move|p1a: Centiskorch|Sleep Talk|p1a: Centiskorch
|move|p1a: Centiskorch|Knock Off|p2a: Ferrothorn|[from]Sleep Talk
|-damage|p2a: Ferrothorn|68/100
|-damage|p1a: Centiskorch|88/100 slp|[from] ability: Iron Barbs|[of] p2a: Ferrothorn
|-damage|p1a: Centiskorch|72/100 slp|[from] item: Rocky Helmet|[of] p2a: Ferrothorn
|-enditem|p2a: Ferrothorn|Rocky Helmet|[from] move: Knock Off|[of] p1a: Centiskorch
|
|upkeep
|turn|49
|
|switch|p2a: Ditto|Ditto|53/100
|-damage|p2a: Ditto|41/100|[from] Stealth Rock
|-transform|p2a: Ditto|p1a: Centiskorch|[from] ability: Imposter
|cant|p1a: Centiskorch|slp
|move|p1a: Centiskorch|Sleep Talk|p1a: Centiskorch
|move|p1a: Centiskorch|Rest|p1a: Centiskorch|[from]Sleep Talk
|-fail|p1a: Centiskorch
|
|upkeep
|turn|50
|
|move|p2a: Ditto|Knock Off|p1a: Centiskorch
|-damage|p1a: Centiskorch|40/100 slp
|-enditem|p1a: Centiskorch|Heavy-Duty Boots|[from] move: Knock Off|[of] p2a: Ditto
|-curestatus|p1a: Centiskorch|slp|[msg]
|move|p1a: Centiskorch|Knock Off|p2a: Ditto
|-damage|p2a: Ditto|0 fnt
|-enditem|p2a: Ditto|Choice Scarf|[from] move: Knock Off|[of] p1a: Centiskorch
|faint|p2a: Ditto
|
|upkeep
|
|switch|p2a: Ferrothorn|Ferrothorn, F|68/100
|-damage|p2a: Ferrothorn|62/100|[from] Stealth Rock
|turn|51
|
|move|p1a: Centiskorch|Rest|p1a: Centiskorch
|-status|p1a: Centiskorch|slp|[from] move: Rest
|-heal|p1a: Centiskorch|100/100 slp|[silent]
|move|p2a: Ferrothorn|Leech Seed|p1a: Centiskorch
|-start|p1a: Centiskorch|move: Leech Seed
|
|-damage|p1a: Centiskorch|88/100 slp|[from] Leech Seed|[of] p2a: Ferrothorn
|-heal|p2a: Ferrothorn|76/100|[silent]
|upkeep
|turn|52
|
|cant|p1a: Centiskorch|slp
|move|p1a: Centiskorch|Sleep Talk|p1a: Centiskorch
|move|p1a: Centiskorch|Knock Off|p2a: Ferrothorn|[from]Sleep Talk
|-damage|p2a: Ferrothorn|64/100
|-damage|p1a: Centiskorch|76/100 slp|[from] ability: Iron Barbs|[of] p2a: Ferrothorn
|move|p2a: Ferrothorn|Knock Off|p1a: Centiskorch
|-damage|p1a: Centiskorch|58/100 slp
|
|-damage|p1a: Centiskorch|46/100 slp|[from] Leech Seed|[of] p2a: Ferrothorn
|-heal|p2a: Ferrothorn|79/100|[silent]
|upkeep
|turn|53
|
|cant|p1a: Centiskorch|slp
|move|p1a: Centiskorch|Sleep Talk|p1a: Centiskorch
|move|p1a: Centiskorch|Knock Off|p2a: Ferrothorn|[from]Sleep Talk
|-damage|p2a: Ferrothorn|67/100
|-damage|p1a: Centiskorch|33/100 slp|[from] ability: Iron Barbs|[of] p2a: Ferrothorn
|move|p2a: Ferrothorn|Spikes|p1a: Centiskorch
|-sidestart|p1: u win now|Spikes
|
|-damage|p1a: Centiskorch|21/100 slp|[from] Leech Seed|[of] p2a: Ferrothorn
|-heal|p2a: Ferrothorn|81/100|[silent]
|upkeep
|turn|54
|
|-curestatus|p1a: Centiskorch|slp|[msg]
|move|p1a: Centiskorch|Rest|p1a: Centiskorch
|-status|p1a: Centiskorch|slp|[from] move: Rest
|-heal|p1a: Centiskorch|100/100 slp|[silent]
|move|p2a: Ferrothorn|Knock Off|p1a: Centiskorch
|-damage|p1a: Centiskorch|82/100 slp
|
|-damage|p1a: Centiskorch|70/100 slp|[from] Leech Seed|[of] p2a: Ferrothorn
|-heal|p2a: Ferrothorn|95/100|[silent]
|upkeep
|turn|55
|
|cant|p1a: Centiskorch|slp
|move|p1a: Centiskorch|Sleep Talk|p1a: Centiskorch
|move|p1a: Centiskorch|Knock Off|p2a: Ferrothorn|[from]Sleep Talk
|-damage|p2a: Ferrothorn|83/100
|-damage|p1a: Centiskorch|57/100 slp|[from] ability: Iron Barbs|[of] p2a: Ferrothorn
|move|p2a: Ferrothorn|Knock Off|p1a: Centiskorch
|-damage|p1a: Centiskorch|39/100 slp
|
|-damage|p1a: Centiskorch|26/100 slp|[from] Leech Seed|[of] p2a: Ferrothorn
|-heal|p2a: Ferrothorn|97/100|[silent]
|upkeep
|turn|56
|
|cant|p1a: Centiskorch|slp
|move|p1a: Centiskorch|Sleep Talk|p1a: Centiskorch
|move|p1a: Centiskorch|Knock Off|p2a: Ferrothorn|[from]Sleep Talk
|-crit|p2a: Ferrothorn
|-damage|p2a: Ferrothorn|78/100
|-damage|p1a: Centiskorch|14/100 slp|[from] ability: Iron Barbs|[of] p2a: Ferrothorn
|move|p2a: Ferrothorn|Spikes|p1a: Centiskorch
|-sidestart|p1: u win now|Spikes
|
|-damage|p1a: Centiskorch|1/100 slp|[from] Leech Seed|[of] p2a: Ferrothorn
|-heal|p2a: Ferrothorn|93/100|[silent]
|upkeep
|turn|57
|
|-curestatus|p1a: Centiskorch|slp|[msg]
|move|p1a: Centiskorch|Fire Lash|p2a: Ferrothorn
|-supereffective|p2a: Ferrothorn
|-damage|p2a: Ferrothorn|3/100
|-damage|p1a: Centiskorch|0 fnt|[from] ability: Iron Barbs|[of] p2a: Ferrothorn
|-unboost|p2a: Ferrothorn|def|1
|faint|p1a: Centiskorch
|move|p2a: Ferrothorn|Spikes|p1: Centiskorch
|-sidestart|p1: u win now|Spikes
|
|upkeep
|
|switch|p1a: Sirfetch'd|Sirfetch'd, M|45/100
|-damage|p1a: Sirfetch'd|20/100|[from] Spikes
|-damage|p1a: Sirfetch'd|14/100|[from] Stealth Rock
|turn|58
|
|move|p1a: Sirfetch'd|Close Combat|p2a: Ferrothorn
|-supereffective|p2a: Ferrothorn
|-damage|p2a: Ferrothorn|0 fnt
|-damage|p1a: Sirfetch'd|1/100|[from] ability: Iron Barbs|[of] p2a: Ferrothorn
|-unboost|p1a: Sirfetch'd|def|1
|-unboost|p1a: Sirfetch'd|spd|1
|faint|p2a: Ferrothorn
|
|win|u win now
|raw|u win now's rating: 1560 → 1577(+17 for winning)
|raw|LeaderMissingNo's rating: 1509 → 1492(-17 for losing)
|l|☆LeaderMissingNo
|l| E4.Wataru
