|ScrapeTime|2020-01-02-01:58:59
|j|☆nkE#Qsddasdasc
|j|☆ZackEh
|player|p1|nkE#Qsddasdasc|camper|1109
|player|p2|ZackEh|170|1060
|teamsize|p1|6
|teamsize|p2|6
|gametype|singles
|gen|8
|tier|[Gen 8] OU
|rated|
|rule|Sleep Clause Mod: Limit one foe put to sleep
|rule|Species Clause: Limit one of each Pokémon
|rule|OHKO Clause: OHKO moves are banned
|rule|Evasion Moves Clause: Evasion moves are banned
|rule|Endless Battle Clause: Forcing endless battles is banned
|rule|HP Percentage Mod: HP is shown in percentages
|clearpoke
|poke|p1|Morgrem, M|
|poke|p1|Corviknight, M|
|poke|p1|Cursola, F|
|poke|p1|Mr. Mime-Galar, F|
|poke|p1|Inteleon, F|
|poke|p1|Trapinch, M|
|poke|p2|Togekiss, M|
|poke|p2|Ferrothorn, M|
|poke|p2|Seismitoad, F|
|poke|p2|Tyranitar, F|
|poke|p2|Rotom-Heat|
|poke|p2|Excadrill, F|
|rule|Dynamax Clause: You cannot dynamax
|teampreview
|inactive|Battle timer is ON: inactive players will automatically lose when time's up. (requested by nkE#Qsddasdasc)
|
|start
|switch|p1a: Morgrem|Morgrem, M|100/100
|switch|p2a: Tyranitar|Tyranitar, F|100/100
|-weather|Sandstorm|[from] ability: Sand Stream|[of] p2a: Tyranitar
|turn|1
|
|switch|p1a: Mr. Mime|Mr. Mime-Galar, F|100/100
|move|p2a: Tyranitar|Earthquake|p1a: Mr. Mime
|-damage|p1a: Mr. Mime|49/100
|
|-weather|Sandstorm|[upkeep]
|-damage|p1a: Mr. Mime|43/100|[from] Sandstorm
|upkeep
|turn|2
|
|move|p1a: Mr. Mime|Reflect|p1a: Mr. Mime
|-sidestart|p1: nkE#Qsddasdasc|Reflect
|move|p2a: Tyranitar|Crunch|p1a: Mr. Mime
|-supereffective|p1a: Mr. Mime
|-damage|p1a: Mr. Mime|0 fnt
|faint|p1a: Mr. Mime
|
|-weather|Sandstorm|[upkeep]
|upkeep
|
|switch|p1a: Cursola|Cursola, F|100/100
|turn|3
|
|move|p2a: Tyranitar|Crunch|p1a: Cursola
|-supereffective|p1a: Cursola
|-damage|p1a: Cursola|49/100
|-ability|p1a: Cursola|Perish Body
|-start|p1a: Cursola|perish3
|-start|p2a: Tyranitar|perish3
|move|p1a: Cursola|Strength Sap|p2a: Tyranitar
|-unboost|p2a: Tyranitar|atk|1
|-heal|p1a: Cursola|100/100
|
|-weather|Sandstorm|[upkeep]
|-damage|p1a: Cursola|94/100|[from] Sandstorm
|-heal|p1a: Cursola|100/100|[from] item: Leftovers
|-start|p2a: Tyranitar|perish3
|-start|p1a: Cursola|perish3
|upkeep
|turn|4
|
|switch|p1a: Trapinch|Trapinch, M, shiny|100/100
|move|p2a: Tyranitar|Crunch|p1a: Trapinch
|-damage|p1a: Trapinch|84/100
|
|-weather|Sandstorm|[upkeep]
|-start|p2a: Tyranitar|perish2
|upkeep
|turn|5
|
|move|p2a: Tyranitar|Earthquake|p1a: Trapinch
|-damage|p1a: Trapinch|71/100
|move|p1a: Trapinch|Rock Tomb|p2a: Tyranitar
|-damage|p2a: Tyranitar|90/100
|-unboost|p2a: Tyranitar|spe|1
|
|-weather|none
|-start|p2a: Tyranitar|perish1
|upkeep
|turn|6
|
|move|p1a: Trapinch|Protect|p1a: Trapinch
|-singleturn|p1a: Trapinch|Protect
|move|p2a: Tyranitar|Stone Edge|p1a: Trapinch
|-activate|p1a: Trapinch|move: Protect
|
|-start|p2a: Tyranitar|perish0
|-sideend|p1: nkE#Qsddasdasc|Reflect
|faint|p2a: Tyranitar
|upkeep
|c|☆ZackEh|intresting
|
|switch|p2a: Ferrothorn|Ferrothorn, M|100/100
|turn|7
|c|☆nkE#Qsddasdasc|thanks
|
|switch|p1a: Morgrem|Morgrem, M|100/100
|move|p2a: Ferrothorn|Knock Off|p1a: Morgrem
|-resisted|p1a: Morgrem
|-damage|p1a: Morgrem|97/100
|-enditem|p1a: Morgrem|Eviolite|[from] move: Knock Off|[of] p2a: Ferrothorn
|
|upkeep
|turn|8
|
|move|p1a: Morgrem|Taunt|p2a: Ferrothorn
|-start|p2a: Ferrothorn|move: Taunt
|cant|p2a: Ferrothorn|move: Taunt|Leech Seed
|
|upkeep
|turn|9
|
|move|p1a: Morgrem|Thunder Wave|p2a: Ferrothorn
|-status|p2a: Ferrothorn|par
|cant|p2a: Ferrothorn|par
|
|upkeep
|turn|10
|
|move|p1a: Morgrem|Swagger|p2a: Ferrothorn
|-boost|p2a: Ferrothorn|atk|2
|-start|p2a: Ferrothorn|confusion
|-activate|p2a: Ferrothorn|confusion
|move|p2a: Ferrothorn|Gyro Ball|p1a: Morgrem
|-supereffective|p1a: Morgrem
|-damage|p1a: Morgrem|0 fnt
|faint|p1a: Morgrem
|
|-end|p2a: Ferrothorn|move: Taunt
|upkeep
|
|switch|p1a: Cursola|Cursola, F|100/100
|turn|11
|
|switch|p2a: Seismitoad|Seismitoad, F|100/100
|move|p1a: Cursola|Hex|p2a: Seismitoad
|-damage|p2a: Seismitoad|70/100
|
|-heal|p2a: Seismitoad|76/100|[from] item: Leftovers
|upkeep
|turn|12
|
|move|p2a: Seismitoad|Stealth Rock|p1a: Cursola
|-sidestart|p1: nkE#Qsddasdasc|move: Stealth Rock
|move|p1a: Cursola|Strength Sap|p2a: Seismitoad
|-unboost|p2a: Seismitoad|atk|1
|
|-heal|p2a: Seismitoad|82/100|[from] item: Leftovers
|upkeep
|turn|13
|
|move|p2a: Seismitoad|Toxic|p1a: Cursola
|-status|p1a: Cursola|tox
|move|p1a: Cursola|Will-O-Wisp|p2a: Seismitoad
|-status|p2a: Seismitoad|brn
|
|-heal|p2a: Seismitoad|88/100 brn|[from] item: Leftovers
|-damage|p2a: Seismitoad|82/100 brn|[from] brn
|-damage|p1a: Cursola|94/100 tox|[from] psn
|upkeep
|turn|14
|
|move|p2a: Seismitoad|Scald|p1a: Cursola
|-damage|p1a: Cursola|73/100 tox
|move|p1a: Cursola|Hex|p2a: Seismitoad
|-damage|p2a: Seismitoad|26/100 brn
|
|-heal|p2a: Seismitoad|32/100 brn|[from] item: Leftovers
|-heal|p1a: Cursola|79/100 tox|[from] item: Leftovers
|-damage|p2a: Seismitoad|26/100 brn|[from] brn
|-damage|p1a: Cursola|67/100 tox|[from] psn
|upkeep
|turn|15
|
|switch|p2a: Togekiss|Togekiss, M|100/100
|move|p1a: Cursola|Hex|p2a: Togekiss
|-damage|p2a: Togekiss|76/100
|
|-heal|p2a: Togekiss|83/100|[from] item: Leftovers
|-heal|p1a: Cursola|73/100 tox|[from] item: Leftovers
|-damage|p1a: Cursola|55/100 tox|[from] psn
|upkeep
|turn|16
|
|switch|p1a: Corviknight|Corviknight, M|100/100
|-damage|p1a: Corviknight|88/100|[from] Stealth Rock
|-ability|p1a: Corviknight|Pressure
|move|p2a: Togekiss|Air Slash|p1a: Corviknight
|-resisted|p1a: Corviknight
|-damage|p1a: Corviknight|78/100
|
|-heal|p2a: Togekiss|89/100|[from] item: Leftovers
|-heal|p1a: Corviknight|84/100|[from] item: Leftovers
|upkeep
|turn|17
|
|move|p2a: Togekiss|Flamethrower|p1a: Corviknight
|-supereffective|p1a: Corviknight
|-damage|p1a: Corviknight|51/100
|-status|p1a: Corviknight|brn
|move|p1a: Corviknight|Substitute|p1a: Corviknight
|-start|p1a: Corviknight|Substitute
|-damage|p1a: Corviknight|26/100 brn
|
|-heal|p2a: Togekiss|95/100|[from] item: Leftovers
|-heal|p1a: Corviknight|32/100 brn|[from] item: Leftovers
|-damage|p1a: Corviknight|26/100 brn|[from] brn
|upkeep
|turn|18
|
|switch|p2a: Rotom|Rotom-Heat|100/100
|move|p1a: Corviknight|Roost|p1a: Corviknight
|-heal|p1a: Corviknight|76/100 brn
|-singleturn|p1a: Corviknight|move: Roost
|
|-heal|p1a: Corviknight|82/100 brn|[from] item: Leftovers
|-damage|p1a: Corviknight|76/100 brn|[from] brn
|upkeep
|turn|19
|
|move|p2a: Rotom|Overheat|p1a: Corviknight
|-supereffective|p1a: Corviknight
|-end|p1a: Corviknight|Substitute
|-unboost|p2a: Rotom|spa|2
|move|p1a: Corviknight|Substitute|p1a: Corviknight
|-start|p1a: Corviknight|Substitute
|-damage|p1a: Corviknight|51/100 brn
|
|-heal|p1a: Corviknight|57/100 brn|[from] item: Leftovers
|-damage|p1a: Corviknight|51/100 brn|[from] brn
|upkeep
|turn|20
|
|move|p2a: Rotom|Overheat|p1a: Corviknight
|-supereffective|p1a: Corviknight
|-end|p1a: Corviknight|Substitute
|-unboost|p2a: Rotom|spa|2
|move|p1a: Corviknight|Bulk Up|p1a: Corviknight
|-boost|p1a: Corviknight|atk|1
|-boost|p1a: Corviknight|def|1
|
|-heal|p1a: Corviknight|57/100 brn|[from] item: Leftovers
|-damage|p1a: Corviknight|51/100 brn|[from] brn
|upkeep
|turn|21
|
|move|p2a: Rotom|Overheat|p1a: Corviknight
|-supereffective|p1a: Corviknight
|-damage|p1a: Corviknight|9/100 brn
|-unboost|p2a: Rotom|spa|2
|move|p1a: Corviknight|Roost|p1a: Corviknight
|-heal|p1a: Corviknight|59/100 brn
|-singleturn|p1a: Corviknight|move: Roost
|
|-heal|p1a: Corviknight|65/100 brn|[from] item: Leftovers
|-damage|p1a: Corviknight|59/100 brn|[from] brn
|upkeep
|turn|22
|
|switch|p2a: Ferrothorn|Ferrothorn, M|100/100 par
|move|p1a: Corviknight|Roost|p1a: Corviknight
|-heal|p1a: Corviknight|100/100 brn
|-singleturn|p1a: Corviknight|move: Roost
|
|-damage|p1a: Corviknight|94/100 brn|[from] brn
|upkeep
|turn|23
|
|move|p1a: Corviknight|Substitute|p1a: Corviknight
|-start|p1a: Corviknight|Substitute
|-damage|p1a: Corviknight|70/100 brn
|move|p2a: Ferrothorn|Knock Off|p1a: Corviknight
|-activate|p1a: Corviknight|move: Substitute|[damage]
|
|-heal|p1a: Corviknight|76/100 brn|[from] item: Leftovers
|-damage|p1a: Corviknight|70/100 brn|[from] brn
|upkeep
|turn|24
|
|move|p1a: Corviknight|Bulk Up|p1a: Corviknight
|-boost|p1a: Corviknight|atk|1
|-boost|p1a: Corviknight|def|1
|cant|p2a: Ferrothorn|par
|
|-heal|p1a: Corviknight|76/100 brn|[from] item: Leftovers
|-damage|p1a: Corviknight|70/100 brn|[from] brn
|upkeep
|turn|25
|
|move|p1a: Corviknight|Bulk Up|p1a: Corviknight
|-boost|p1a: Corviknight|atk|1
|-boost|p1a: Corviknight|def|1
|cant|p2a: Ferrothorn|par
|
|-heal|p1a: Corviknight|76/100 brn|[from] item: Leftovers
|-damage|p1a: Corviknight|70/100 brn|[from] brn
|upkeep
|turn|26
|
|move|p1a: Corviknight|Bulk Up|p1a: Corviknight
|-boost|p1a: Corviknight|atk|1
|-boost|p1a: Corviknight|def|1
|cant|p2a: Ferrothorn|par
|
|-heal|p1a: Corviknight|76/100 brn|[from] item: Leftovers
|-damage|p1a: Corviknight|70/100 brn|[from] brn
|upkeep
|turn|27
|
|move|p1a: Corviknight|Bulk Up|p1a: Corviknight
|-boost|p1a: Corviknight|atk|1
|-boost|p1a: Corviknight|def|1
|cant|p2a: Ferrothorn|par
|
|-heal|p1a: Corviknight|76/100 brn|[from] item: Leftovers
|-damage|p1a: Corviknight|70/100 brn|[from] brn
|upkeep
|turn|28
|
|move|p1a: Corviknight|Bulk Up|p1a: Corviknight
|-boost|p1a: Corviknight|atk|1
|-boost|p1a: Corviknight|def|1
|move|p2a: Ferrothorn|Gyro Ball|p1a: Corviknight
|-resisted|p1a: Corviknight
|-activate|p1a: Corviknight|move: Substitute|[damage]
|
|-heal|p1a: Corviknight|76/100 brn|[from] item: Leftovers
|-damage|p1a: Corviknight|70/100 brn|[from] brn
|upkeep
|turn|29
|
|move|p1a: Corviknight|Brave Bird|p2a: Ferrothorn
|-damage|p2a: Ferrothorn|51/100 par
|-damage|p1a: Corviknight|57/100 brn|[from] ability: Iron Barbs|[of] p2a: Ferrothorn
|-damage|p1a: Corviknight|43/100 brn|[from] Recoil
|move|p2a: Ferrothorn|Power Whip|p1a: Corviknight|[miss]
|-miss|p2a: Ferrothorn|p1a: Corviknight
|
|-heal|p1a: Corviknight|49/100 brn|[from] item: Leftovers
|-heal|p2a: Ferrothorn|57/100 par|[from] item: Leftovers
|-damage|p1a: Corviknight|43/100 brn|[from] brn
|upkeep
|turn|30
|
|move|p1a: Corviknight|Brave Bird|p2a: Ferrothorn
|-crit|p2a: Ferrothorn
|-damage|p2a: Ferrothorn|0 fnt
|-damage|p1a: Corviknight|31/100 brn|[from] ability: Iron Barbs|[of] p2a: Ferrothorn
|-damage|p1a: Corviknight|15/100 brn|[from] Recoil
|faint|p2a: Ferrothorn
|
|-heal|p1a: Corviknight|21/100 brn|[from] item: Leftovers
|-damage|p1a: Corviknight|15/100 brn|[from] brn
|upkeep
|
|switch|p2a: Rotom|Rotom-Heat|100/100
|turn|31
|
|move|p2a: Rotom|Overheat|p1a: Corviknight
|-supereffective|p1a: Corviknight
|-end|p1a: Corviknight|Substitute
|-unboost|p2a: Rotom|spa|2
|move|p1a: Corviknight|Roost|p1a: Corviknight
|-heal|p1a: Corviknight|65/100 brn
|-singleturn|p1a: Corviknight|move: Roost
|
|-heal|p1a: Corviknight|71/100 brn|[from] item: Leftovers
|-damage|p1a: Corviknight|65/100 brn|[from] brn
|upkeep
|turn|32
|
|switch|p2a: Excadrill|Excadrill, F, shiny|100/100
|move|p1a: Corviknight|Substitute|p1a: Corviknight
|-start|p1a: Corviknight|Substitute
|-damage|p1a: Corviknight|40/100 brn
|
|-heal|p1a: Corviknight|46/100 brn|[from] item: Leftovers
|-damage|p1a: Corviknight|40/100 brn|[from] brn
|upkeep
|turn|33
|-message|ZackEh forfeited.
|
|win|nkE#Qsddasdasc
|l|☆ZackEh
|raw|nkE#Qsddasdasc's rating: 1109 → 1131(+22 for winning)
|raw|ZackEh's rating: 1060 → 1044(-16 for losing)
