|ScrapeTime|2020-01-02-08:24:51
|j|☆Jayeeee
|j|☆Poom2005
|player|p1|Jayeeee|265|1029
|player|p2|Poom2005|266|1056
|teamsize|p1|6
|teamsize|p2|6
|gametype|singles
|gen|8
|tier|[Gen 8] OU
|rated|
|rule|Sleep Clause Mod: Limit one foe put to sleep
|rule|Species Clause: Limit one of each Pokémon
|rule|OHKO Clause: OHKO moves are banned
|rule|Evasion Moves Clause: Evasion moves are banned
|rule|Endless Battle Clause: Forcing endless battles is banned
|rule|HP Percentage Mod: HP is shown in percentages
|clearpoke
|poke|p1|Boltund, M|
|poke|p1|Alcremie, F|
|poke|p1|Copperajah, F|
|poke|p1|Barraskewda, F|
|poke|p1|Kingler, F|
|poke|p1|Pelipper, F|
|poke|p2|Dracovish|
|poke|p2|Dragapult, M|
|poke|p2|Grimmsnarl, M|
|poke|p2|Lapras, M|
|poke|p2|Duraludon, F|
|poke|p2|Corviknight, F|
|rule|Dynamax Clause: You cannot dynamax
|teampreview
|
|start
|switch|p1a: Kingler|Kingler, F|100/100
|switch|p2a: Lapras|Lapras, M|100/100
|turn|1
|
|move|p1a: Kingler|Hammer Arm|p2a: Lapras
|-supereffective|p2a: Lapras
|-damage|p2a: Lapras|16/100
|-unboost|p1a: Kingler|spe|1
|-damage|p1a: Kingler|91/100|[from] item: Life Orb
|move|p2a: Lapras|Freeze-Dry|p1a: Kingler
|-supereffective|p1a: Kingler
|-crit|p1a: Kingler
|-damage|p1a: Kingler|0 fnt
|faint|p1a: Kingler
|
|upkeep
|
|switch|p1a: Alcremie|Alcremie, F|100/100
|turn|2
|
|move|p1a: Alcremie|Dazzling Gleam|p2a: Lapras
|-damage|p2a: Lapras|0 fnt
|faint|p2a: Lapras
|
|upkeep
|
|switch|p2a: Duraludon|Duraludon, F|100/100
|turn|3
|
|switch|p1a: Barraskewda|Barraskewda, F|100/100
|move|p2a: Duraludon|Flash Cannon|p1a: Barraskewda
|-resisted|p1a: Barraskewda
|-damage|p1a: Barraskewda|48/100
|
|upkeep
|turn|4
|
|move|p1a: Barraskewda|Close Combat|p2a: Duraludon
|-supereffective|p2a: Duraludon
|-damage|p2a: Duraludon|14/100
|-unboost|p1a: Barraskewda|def|1
|-unboost|p1a: Barraskewda|spd|1
|move|p2a: Duraludon|Thunderbolt|p1a: Barraskewda
|-supereffective|p1a: Barraskewda
|-damage|p1a: Barraskewda|0 fnt
|faint|p1a: Barraskewda
|
|-heal|p2a: Duraludon|20/100|[from] item: Leftovers
|upkeep
|
|switch|p1a: Boltund|Boltund, M|100/100
|turn|5
|
|switch|p2a: Grimmsnarl|Grimmsnarl, M|100/100
|move|p1a: Boltund|Fire Fang|p2a: Grimmsnarl
|-damage|p2a: Grimmsnarl|61/100
|-damage|p1a: Boltund|91/100|[from] item: Life Orb
|
|upkeep
|turn|6
|inactive|Battle timer is ON: inactive players will automatically lose when time's up. (requested by Jayeeee)
|
|move|p2a: Grimmsnarl|Light Screen|p2a: Grimmsnarl
|-sidestart|p2: Poom2005|move: Light Screen
|move|p1a: Boltund|Nuzzle|p2a: Grimmsnarl
|-damage|p2a: Grimmsnarl|47/100
|-status|p2a: Grimmsnarl|par
|-damage|p1a: Boltund|81/100|[from] item: Life Orb
|
|upkeep
|turn|7
|
|move|p2a: Grimmsnarl|Reflect|p2a: Grimmsnarl
|-sidestart|p2: Poom2005|Reflect
|move|p1a: Boltund|Fire Fang|p2a: Grimmsnarl
|-damage|p2a: Grimmsnarl|26/100 par
|-damage|p1a: Boltund|71/100|[from] item: Life Orb
|
|upkeep
|turn|8
|
|switch|p2a: Dragapult|Dragapult, M|100/100
|move|p1a: Boltund|Bulk Up|p1a: Boltund
|-boost|p1a: Boltund|atk|1
|-boost|p1a: Boltund|def|1
|
|upkeep
|turn|9
|
|move|p2a: Dragapult|Phantom Force||[still]
|-prepare|p2a: Dragapult|Phantom Force|p1a: Boltund
|move|p1a: Boltund|Wild Charge|p2a: Dragapult|[miss]
|-miss|p1a: Boltund|p2a: Dragapult
|
|upkeep
|turn|10
|
|switch|p1a: Pelipper|Pelipper, F|100/100
|-weather|RainDance|[from] ability: Drizzle|[of] p1a: Pelipper
|move|p2a: Dragapult|Phantom Force|p1a: Pelipper|[from]lockedmove
|-crit|p1a: Pelipper
|-damage|p1a: Pelipper|32/100
|-damage|p2a: Dragapult|91/100|[from] item: Life Orb
|
|-weather|RainDance|[upkeep]
|upkeep
|turn|11
|
|move|p2a: Dragapult|Phantom Force||[still]
|-prepare|p2a: Dragapult|Phantom Force|p1a: Pelipper
|move|p1a: Pelipper|Air Slash|p2a: Dragapult|[miss]
|-miss|p1a: Pelipper|p2a: Dragapult
|
|-weather|RainDance|[upkeep]
|upkeep
|turn|12
|
|move|p2a: Dragapult|Phantom Force|p1a: Pelipper|[from]lockedmove
|-damage|p1a: Pelipper|0 fnt
|-damage|p2a: Dragapult|81/100|[from] item: Life Orb
|faint|p1a: Pelipper
|
|-weather|RainDance|[upkeep]
|upkeep
|
|switch|p1a: Copperajah|Copperajah, F|100/100
|turn|13
|
|move|p2a: Dragapult|Fire Blast|p1a: Copperajah
|-supereffective|p1a: Copperajah
|-damage|p1a: Copperajah|72/100
|-damage|p2a: Dragapult|71/100|[from] item: Life Orb
|move|p1a: Copperajah|Iron Head|p2a: Dragapult
|-damage|p2a: Dragapult|39/100
|
|-weather|RainDance|[upkeep]
|-heal|p1a: Copperajah|78/100|[from] item: Leftovers
|-sideend|p2: Poom2005|move: Light Screen
|upkeep
|turn|14
|
|move|p2a: Dragapult|Fire Blast|p1a: Copperajah|[miss]
|-miss|p2a: Dragapult|p1a: Copperajah
|move|p1a: Copperajah|Whirlwind|p2a: Dragapult
|drag|p2a: Dracovish|Dracovish, shiny|100/100
|
|-weather|none
|-heal|p1a: Copperajah|85/100|[from] item: Leftovers
|-sideend|p2: Poom2005|Reflect
|upkeep
|turn|15
|
|move|p2a: Dracovish|Fishious Rend|p1a: Copperajah
|-damage|p1a: Copperajah|0 fnt
|faint|p1a: Copperajah
|
|upkeep
|
|switch|p1a: Boltund|Boltund, M|71/100
|turn|16
|
|move|p1a: Boltund|Wild Charge|p2a: Dracovish
|-crit|p2a: Dracovish
|-damage|p2a: Dracovish|29/100
|-damage|p1a: Boltund|51/100|[from] Recoil
|-damage|p1a: Boltund|41/100|[from] item: Life Orb
|move|p2a: Dracovish|Fishious Rend|p1a: Boltund
|-damage|p1a: Boltund|0 fnt
|faint|p1a: Boltund
|
|upkeep
|
|switch|p1a: Alcremie|Alcremie, F|100/100
|turn|17
|
|move|p2a: Dracovish|Fishious Rend|p1a: Alcremie
|-damage|p1a: Alcremie|0 fnt
|faint|p1a: Alcremie
|
|win|Poom2005
|raw|Jayeeee's rating: 1029 → 1016(-13 for losing)
|raw|Poom2005's rating: 1056 → 1085(+29 for winning)
|l|☆Poom2005
