|ScrapeTime|2020-01-02-03:06:36
|j|☆Theo216
|j|☆Theukon_Dos
|player|p1|Theo216|170|1095
|player|p2|Theukon_Dos|1|1113
|teamsize|p1|6
|teamsize|p2|6
|gametype|singles
|gen|8
|tier|[Gen 8] OU
|rated|
|rule|Sleep Clause Mod: Limit one foe put to sleep
|rule|Species Clause: Limit one of each Pokémon
|rule|OHKO Clause: OHKO moves are banned
|rule|Evasion Moves Clause: Evasion moves are banned
|rule|Endless Battle Clause: Forcing endless battles is banned
|rule|HP Percentage Mod: HP is shown in percentages
|clearpoke
|poke|p1|Dragapult, M|
|poke|p1|Ferrothorn, M|
|poke|p1|Toxapex, F|
|poke|p1|Corviknight, M|
|poke|p1|Dracovish|
|poke|p1|Clefable, F|
|poke|p2|Grimmsnarl, M|
|poke|p2|Cinderace, M|
|poke|p2|Corsola-Galar, M|
|poke|p2|Dragapult, M|
|poke|p2|Toxtricity, M|
|poke|p2|Clefable, M|
|rule|Dynamax Clause: You cannot dynamax
|teampreview
|
|start
|switch|p1a: Clefable|Clefable, F|100/100
|switch|p2a: Clefable|Clefable, M|100/100
|turn|1
|
|move|p1a: Clefable|Stealth Rock|p2a: Clefable
|-sidestart|p2: Theukon_Dos|move: Stealth Rock
|move|p2a: Clefable|Meteor Mash|p1a: Clefable
|-supereffective|p1a: Clefable
|-damage|p1a: Clefable|35/100
|
|upkeep
|turn|2
|
|switch|p1a: Toxapex|Toxapex, F|100/100
|move|p2a: Clefable|Meteor Mash|p1a: Toxapex
|-resisted|p1a: Toxapex
|-damage|p1a: Toxapex|89/100
|
|-heal|p1a: Toxapex|95/100|[from] item: Black Sludge
|upkeep
|turn|3
|
|move|p2a: Clefable|Stealth Rock|p1a: Toxapex
|-sidestart|p1: Theo216|move: Stealth Rock
|move|p1a: Toxapex|Toxic|p2a: Clefable
|-status|p2a: Clefable|tox
|
|-heal|p1a: Toxapex|100/100|[from] item: Black Sludge
|upkeep
|turn|4
|
|switch|p2a: Toxtricity|Toxtricity, M|100/100
|-damage|p2a: Toxtricity|88/100|[from] Stealth Rock
|move|p1a: Toxapex|Scald|p2a: Toxtricity
|-crit|p2a: Toxtricity
|-damage|p2a: Toxtricity|67/100
|
|upkeep
|turn|5
|
|switch|p1a: Ferrothorn|Ferrothorn, M|100/100
|-damage|p1a: Ferrothorn|94/100|[from] Stealth Rock
|move|p2a: Toxtricity|Overdrive|p1a: Ferrothorn
|-resisted|p1a: Ferrothorn
|-damage|p1a: Ferrothorn|73/100
|
|-heal|p1a: Ferrothorn|79/100|[from] item: Leftovers
|upkeep
|turn|6
|
|move|p2a: Toxtricity|Volt Switch|p1a: Ferrothorn
|-resisted|p1a: Ferrothorn
|-damage|p1a: Ferrothorn|63/100
|
|switch|p2a: Cinderace|Cinderace, M|100/100|[from]move: Volt Switch
|-damage|p2a: Cinderace|76/100|[from] Stealth Rock
|move|p1a: Ferrothorn|Toxic|p2a: Cinderace
|-status|p2a: Cinderace|tox
|
|-heal|p1a: Ferrothorn|69/100|[from] item: Leftovers
|-damage|p2a: Cinderace|70/100 tox|[from] psn
|upkeep
|turn|7
|
|switch|p1a: Toxapex|Toxapex, F|100/100
|-damage|p1a: Toxapex|88/100|[from] Stealth Rock
|move|p2a: Cinderace|Pyro Ball|p1a: Toxapex
|-resisted|p1a: Toxapex
|-damage|p1a: Toxapex|64/100
|
|-heal|p1a: Toxapex|70/100|[from] item: Black Sludge
|-damage|p2a: Cinderace|58/100 tox|[from] psn
|upkeep
|turn|8
|
|switch|p2a: Clefable|Clefable, M|100/100 tox
|move|p1a: Toxapex|Scald|p2a: Clefable
|-damage|p2a: Clefable|85/100 tox
|
|-heal|p1a: Toxapex|76/100|[from] item: Black Sludge
|upkeep
|turn|9
|
|move|p2a: Clefable|Drain Punch|p1a: Toxapex
|-resisted|p1a: Toxapex
|-damage|p1a: Toxapex|66/100
|-heal|p2a: Clefable|89/100 tox|[from] drain|[of] p1a: Toxapex
|move|p1a: Toxapex|Scald|p2a: Clefable
|-crit|p2a: Clefable
|-damage|p2a: Clefable|65/100 tox
|
|-heal|p1a: Toxapex|73/100|[from] item: Black Sludge
|upkeep
|turn|10
|
|switch|p2a: Corsola|Corsola-Galar, M|100/100
|-damage|p2a: Corsola|88/100|[from] Stealth Rock
|move|p1a: Toxapex|Recover|p1a: Toxapex
|-heal|p1a: Toxapex|100/100
|
|upkeep
|turn|11
|
|move|p1a: Toxapex|Toxic|p2a: Corsola
|-status|p2a: Corsola|tox
|move|p2a: Corsola|Will-O-Wisp|p1a: Toxapex|[miss]
|-miss|p2a: Corsola|p1a: Toxapex
|
|-damage|p2a: Corsola|82/100 tox|[from] psn
|upkeep
|turn|12
|
|move|p1a: Toxapex|Scald|p2a: Corsola
|-damage|p2a: Corsola|73/100 tox
|move|p2a: Corsola|Will-O-Wisp|p1a: Toxapex|[miss]
|-miss|p2a: Corsola|p1a: Toxapex
|
|-damage|p2a: Corsola|60/100 tox|[from] psn
|upkeep
|turn|13
|
|switch|p1a: Clefable|Clefable, F|35/100
|move|p2a: Corsola|Will-O-Wisp|p1a: Clefable
|-status|p1a: Clefable|brn
|
|-damage|p2a: Corsola|42/100 tox|[from] psn
|upkeep
|turn|14
|
|switch|p2a: Toxtricity|Toxtricity, M|67/100
|-damage|p2a: Toxtricity|54/100|[from] Stealth Rock
|move|p1a: Clefable|Moonlight|p1a: Clefable
|-heal|p1a: Clefable|85/100 brn
|
|upkeep
|turn|15
|
|switch|p1a: Ferrothorn|Ferrothorn, M|69/100
|-damage|p1a: Ferrothorn|63/100|[from] Stealth Rock
|move|p2a: Toxtricity|Boomburst|p1a: Ferrothorn
|-resisted|p1a: Ferrothorn
|-damage|p1a: Ferrothorn|34/100
|
|-heal|p1a: Ferrothorn|40/100|[from] item: Leftovers
|upkeep
|turn|16
|
|move|p2a: Toxtricity|Volt Switch|p1a: Ferrothorn
|-resisted|p1a: Ferrothorn
|-damage|p1a: Ferrothorn|24/100
|
|switch|p2a: Clefable|Clefable, M|65/100 tox|[from]move: Volt Switch
|move|p1a: Ferrothorn|Leech Seed|p2a: Clefable
|-start|p2a: Clefable|move: Leech Seed
|
|-heal|p1a: Ferrothorn|30/100|[from] item: Leftovers
|upkeep
|turn|17
|
|switch|p1a: Toxapex|Toxapex, F|100/100
|-damage|p1a: Toxapex|88/100|[from] Stealth Rock
|move|p2a: Clefable|Drain Punch|p1a: Toxapex
|-resisted|p1a: Toxapex
|-damage|p1a: Toxapex|78/100
|-heal|p2a: Clefable|69/100 tox|[from] drain|[of] p1a: Toxapex
|
|-heal|p1a: Toxapex|85/100|[from] item: Black Sludge
|upkeep
|turn|18
|
|move|p2a: Clefable|Meteor Mash|p1a: Toxapex
|-resisted|p1a: Toxapex
|-damage|p1a: Toxapex|74/100
|move|p1a: Toxapex|Scald|p2a: Clefable
|-damage|p2a: Clefable|52/100 tox
|
|-heal|p1a: Toxapex|80/100|[from] item: Black Sludge
|upkeep
|turn|19
|-message|Theukon_Dos forfeited.
|
|win|Theo216
|l|☆Theukon_Dos
|raw|Theo216's rating: 1095 → 1122(+27 for winning)
|raw|Theukon_Dos's rating: 1113 → 1086(-27 for losing)
