|ScrapeTime|2020-01-01-09:15:52
|j|☆sucker for oli
|j|☆SwagLordMaster
|player|p1|sucker for oli|waiter-gen4dp|1502
|player|p2|SwagLordMaster|roxie|1501
|teamsize|p1|6
|teamsize|p2|6
|gametype|singles
|gen|8
|tier|[Gen 8] OU
|rated|
|rule|Sleep Clause Mod: Limit one foe put to sleep
|rule|Species Clause: Limit one of each Pokémon
|rule|OHKO Clause: OHKO moves are banned
|rule|Evasion Moves Clause: Evasion moves are banned
|rule|Endless Battle Clause: Forcing endless battles is banned
|rule|HP Percentage Mod: HP is shown in percentages
|clearpoke
|poke|p1|Toxtricity-Low-Key, F|
|poke|p1|Dragapult, F|
|poke|p1|Mandibuzz, F|
|poke|p1|Ferrothorn, F|
|poke|p1|Corviknight, F|
|poke|p1|Toxapex, F|
|poke|p2|Durant, M|
|poke|p2|Dracovish|
|poke|p2|Haxorus, M|
|poke|p2|Aegislash, M|
|poke|p2|Espeon, M|
|poke|p2|Roserade, M|
|rule|Dynamax Clause: You cannot dynamax
|teampreview
|j| James Garden
|inactive|Battle timer is ON: inactive players will automatically lose when time's up. (requested by SwagLordMaster)
|
|start
|switch|p1a: Dragapult|Dragapult, F|100/100
|switch|p2a: Durant|Durant, M|100/100
|turn|1
|
|move|p1a: Dragapult|Flamethrower|p2a: Durant
|-supereffective|p2a: Durant
|-damage|p2a: Durant|0 fnt
|faint|p2a: Durant
|
|upkeep
|
|switch|p2a: Dracovish|Dracovish|100/100
|turn|2
|
|switch|p1a: Ferrothorn|Ferrothorn, F, shiny|100/100
|switch|p2a: Roserade|Roserade, M|100/100
|
|upkeep
|turn|3
|
|switch|p1a: Toxapex|Toxapex, F, shiny|100/100
|move|p2a: Roserade|Spikes|p1a: Toxapex
|-sidestart|p1: sucker for oli|Spikes
|
|upkeep
|turn|4
|
|switch|p1a: Mandibuzz|Mandibuzz, F, shiny|100/100
|move|p2a: Roserade|Sleep Powder|p1a: Mandibuzz
|-status|p1a: Mandibuzz|slp|[from] move: Sleep Powder
|
|upkeep
|turn|5
|
|switch|p1a: Corviknight|Corviknight, F|100/100
|-ability|p1a: Corviknight|Pressure
|move|p2a: Roserade|Sludge Bomb|p1a: Corviknight
|-immune|p1a: Corviknight
|
|upkeep
|turn|6
|
|switch|p2a: Dracovish|Dracovish|100/100
|move|p1a: Corviknight|Substitute|p1a: Corviknight
|-start|p1a: Corviknight|Substitute
|-damage|p1a: Corviknight|75/100
|
|-heal|p1a: Corviknight|82/100|[from] item: Leftovers
|upkeep
|turn|7
|
|move|p2a: Dracovish|Dragon Rush|p1a: Corviknight
|-resisted|p1a: Corviknight
|-activate|p1a: Corviknight|move: Substitute|[damage]
|move|p1a: Corviknight|Brave Bird|p2a: Dracovish
|-damage|p2a: Dracovish|59/100
|-damage|p1a: Corviknight|71/100|[from] Recoil
|
|-heal|p1a: Corviknight|77/100|[from] item: Leftovers
|upkeep
|turn|8
|
|move|p2a: Dracovish|Fishious Rend|p1a: Corviknight
|-end|p1a: Corviknight|Substitute
|move|p1a: Corviknight|Bulk Up|p1a: Corviknight
|-boost|p1a: Corviknight|atk|1
|-boost|p1a: Corviknight|def|1
|
|-heal|p1a: Corviknight|83/100|[from] item: Leftovers
|upkeep
|turn|9
|
|move|p2a: Dracovish|Fishious Rend|p1a: Corviknight
|-damage|p1a: Corviknight|30/100
|move|p1a: Corviknight|Roost|p1a: Corviknight
|-heal|p1a: Corviknight|80/100
|-singleturn|p1a: Corviknight|move: Roost
|
|-heal|p1a: Corviknight|86/100|[from] item: Leftovers
|upkeep
|turn|10
|
|move|p2a: Dracovish|Fishious Rend|p1a: Corviknight
|-damage|p1a: Corviknight|25/100
|move|p1a: Corviknight|Brave Bird|p2a: Dracovish
|-damage|p2a: Dracovish|3/100
|-damage|p1a: Corviknight|10/100|[from] Recoil
|
|-heal|p1a: Corviknight|16/100|[from] item: Leftovers
|upkeep
|turn|11
|
|switch|p1a: Ferrothorn|Ferrothorn, F, shiny|100/100
|-damage|p1a: Ferrothorn|88/100|[from] Spikes
|move|p2a: Dracovish|Fishious Rend|p1a: Ferrothorn
|-resisted|p1a: Ferrothorn
|-damage|p1a: Ferrothorn|57/100
|-damage|p2a: Dracovish|0 fnt|[from] ability: Iron Barbs|[of] p1a: Ferrothorn
|faint|p2a: Dracovish
|
|-heal|p1a: Ferrothorn|64/100|[from] item: Leftovers
|upkeep
|
|switch|p2a: Aegislash|Aegislash, M|100/100
|turn|12
|
|switch|p1a: Toxapex|Toxapex, F, shiny|100/100
|-damage|p1a: Toxapex|88/100|[from] Spikes
|-formechange|p2a: Aegislash|Aegislash-Blade||[from] ability: Stance Change
|move|p2a: Aegislash|Shadow Ball|p1a: Toxapex
|-damage|p1a: Toxapex|50/100
|
|-heal|p1a: Toxapex|56/100|[from] item: Black Sludge
|upkeep
|turn|13
|
|switch|p2a: Espeon|Espeon, M|100/100
|move|p1a: Toxapex|Recover|p1a: Toxapex
|-heal|p1a: Toxapex|100/100
|
|upkeep
|turn|14
|
|switch|p1a: Mandibuzz|Mandibuzz, F, shiny|100/100 slp
|move|p2a: Espeon|Shadow Ball|p1a: Mandibuzz
|-resisted|p1a: Mandibuzz
|-damage|p1a: Mandibuzz|92/100 slp
|-unboost|p1a: Mandibuzz|spd|1
|
|upkeep
|turn|15
|
|switch|p2a: Haxorus|Haxorus, M|100/100
|-ability|p2a: Haxorus|Mold Breaker
|switch|p1a: Ferrothorn|Ferrothorn, F, shiny|64/100
|-damage|p1a: Ferrothorn|51/100|[from] Spikes
|
|-heal|p1a: Ferrothorn|57/100|[from] item: Leftovers
|upkeep
|turn|16
|
|switch|p2a: Aegislash|Aegislash, M|100/100
|move|p1a: Ferrothorn|Leech Seed|p2a: Aegislash
|-start|p2a: Aegislash|move: Leech Seed
|
|-heal|p1a: Ferrothorn|64/100|[from] item: Leftovers
|-damage|p2a: Aegislash|88/100|[from] Leech Seed|[of] p1a: Ferrothorn
|-heal|p1a: Ferrothorn|75/100|[silent]
|upkeep
|turn|17
|
|switch|p2a: Haxorus|Haxorus, M|100/100
|-ability|p2a: Haxorus|Mold Breaker
|move|p1a: Ferrothorn|Protect||[still]
|-fail|p1a: Ferrothorn
|
|-heal|p1a: Ferrothorn|81/100|[from] item: Leftovers
|upkeep
|turn|18
|
|move|p2a: Haxorus|Earthquake|p1a: Ferrothorn
|-damage|p1a: Ferrothorn|54/100
|-damage|p2a: Haxorus|91/100|[from] item: Life Orb
|move|p1a: Ferrothorn|Leech Seed|p2a: Haxorus
|-start|p2a: Haxorus|move: Leech Seed
|
|-heal|p1a: Ferrothorn|60/100|[from] item: Leftovers
|-damage|p2a: Haxorus|78/100|[from] Leech Seed|[of] p1a: Ferrothorn
|-heal|p1a: Ferrothorn|71/100|[silent]
|upkeep
|turn|19
|
|switch|p2a: Espeon|Espeon, M|100/100
|move|p1a: Ferrothorn|Leech Seed|p2a: Espeon
|move|p2a: Espeon|Leech Seed|p1a: Ferrothorn|[from]Magic Bounce
|-immune|p1a: Ferrothorn
|
|-heal|p1a: Ferrothorn|77/100|[from] item: Leftovers
|upkeep
|turn|20
|
|move|p1a: Ferrothorn|Protect|p1a: Ferrothorn
|-singleturn|p1a: Ferrothorn|Protect
|move|p2a: Espeon|Shadow Ball|p1a: Ferrothorn
|-activate|p1a: Ferrothorn|move: Protect
|
|-heal|p1a: Ferrothorn|83/100|[from] item: Leftovers
|upkeep
|turn|21
|
|switch|p1a: Mandibuzz|Mandibuzz, F, shiny|92/100 slp
|move|p2a: Espeon|Shadow Ball|p1a: Mandibuzz
|-resisted|p1a: Mandibuzz
|-damage|p1a: Mandibuzz|83/100 slp
|
|upkeep
|turn|22
|
|switch|p2a: Haxorus|Haxorus, M|78/100
|-ability|p2a: Haxorus|Mold Breaker
|switch|p1a: Ferrothorn|Ferrothorn, F, shiny|83/100
|-damage|p1a: Ferrothorn|71/100|[from] Spikes
|
|-heal|p1a: Ferrothorn|77/100|[from] item: Leftovers
|upkeep
|turn|23
|
|switch|p2a: Espeon|Espeon, M|100/100
|move|p1a: Ferrothorn|Leech Seed|p2a: Espeon
|move|p2a: Espeon|Leech Seed|p1a: Ferrothorn|[from]Magic Bounce
|-immune|p1a: Ferrothorn
|
|-heal|p1a: Ferrothorn|83/100|[from] item: Leftovers
|upkeep
|turn|24
|
|switch|p1a: Mandibuzz|Mandibuzz, F, shiny|83/100 slp
|move|p2a: Espeon|Trick|p1a: Mandibuzz
|-activate|p2a: Espeon|move: Trick|[of] p1a: Mandibuzz
|-item|p1a: Mandibuzz|Choice Scarf|[from] move: Trick
|-item|p2a: Espeon|Heavy-Duty Boots|[from] move: Trick
|
|upkeep
|turn|25
|
|switch|p1a: Corviknight|Corviknight, F|16/100
|-ability|p1a: Corviknight|Pressure
|move|p2a: Espeon|Dazzling Gleam|p1a: Corviknight
|-resisted|p1a: Corviknight
|-damage|p1a: Corviknight|5/100
|
|-heal|p1a: Corviknight|11/100|[from] item: Leftovers
|upkeep
|turn|26
|
|switch|p1a: Mandibuzz|Mandibuzz, F, shiny|83/100 slp
|move|p2a: Espeon|Shadow Ball|p1a: Mandibuzz
|-resisted|p1a: Mandibuzz
|-damage|p1a: Mandibuzz|75/100 slp
|
|upkeep
|turn|27
|
|move|p2a: Espeon|Dazzling Gleam|p1a: Mandibuzz
|-supereffective|p1a: Mandibuzz
|-damage|p1a: Mandibuzz|40/100 slp
|cant|p1a: Mandibuzz|slp
|
|upkeep
|turn|28
|
|move|p2a: Espeon|Dazzling Gleam|p1a: Mandibuzz
|-supereffective|p1a: Mandibuzz
|-damage|p1a: Mandibuzz|9/100 slp
|-curestatus|p1a: Mandibuzz|slp|[msg]
|move|p1a: Mandibuzz|U-turn|p2a: Espeon
|-supereffective|p2a: Espeon
|-damage|p2a: Espeon|59/100
|
|switch|p1a: Dragapult|Dragapult, F|100/100|[from]move: U-turn
|-damage|p1a: Dragapult|88/100|[from] Spikes
|
|upkeep
|turn|29
|
|switch|p2a: Roserade|Roserade, M|100/100
|move|p1a: Dragapult|Shadow Ball|p2a: Roserade
|-damage|p2a: Roserade|39/100
|
|upkeep
|turn|30
|
|move|p1a: Dragapult|Shadow Ball|p2a: Roserade
|-damage|p2a: Roserade|0 fnt
|faint|p2a: Roserade
|
|upkeep
|
|switch|p2a: Haxorus|Haxorus, M|78/100
|-ability|p2a: Haxorus|Mold Breaker
|turn|31
|inactive|sucker for oli has 120 seconds left.
|
|switch|p1a: Corviknight|Corviknight, F|11/100
|-ability|p1a: Corviknight|Pressure
|move|p2a: Haxorus|Dragon Dance|p2a: Haxorus
|-boost|p2a: Haxorus|atk|1
|-boost|p2a: Haxorus|spe|1
|
|-heal|p1a: Corviknight|18/100|[from] item: Leftovers
|upkeep
|turn|32
|
|move|p2a: Haxorus|Dragon Claw|p1a: Corviknight
|-resisted|p1a: Corviknight
|-damage|p1a: Corviknight|0 fnt
|-damage|p2a: Haxorus|68/100|[from] item: Life Orb
|faint|p1a: Corviknight
|
|upkeep
|
|switch|p1a: Ferrothorn|Ferrothorn, F, shiny|83/100
|-damage|p1a: Ferrothorn|71/100|[from] Spikes
|turn|33
|
|move|p2a: Haxorus|Earthquake|p1a: Ferrothorn
|-damage|p1a: Ferrothorn|25/100
|-damage|p2a: Haxorus|59/100|[from] item: Life Orb
|move|p1a: Ferrothorn|Leech Seed|p2a: Haxorus
|-start|p2a: Haxorus|move: Leech Seed
|
|-heal|p1a: Ferrothorn|32/100|[from] item: Leftovers
|-damage|p2a: Haxorus|46/100|[from] Leech Seed|[of] p1a: Ferrothorn
|-heal|p1a: Ferrothorn|42/100|[silent]
|upkeep
|turn|34
|
|move|p2a: Haxorus|Dragon Dance|p2a: Haxorus
|-boost|p2a: Haxorus|atk|1
|-boost|p2a: Haxorus|spe|1
|move|p1a: Ferrothorn|Power Whip|p2a: Haxorus
|-resisted|p2a: Haxorus
|-damage|p2a: Haxorus|22/100
|
|-heal|p1a: Ferrothorn|48/100|[from] item: Leftovers
|-damage|p2a: Haxorus|10/100|[from] Leech Seed|[of] p1a: Ferrothorn
|-heal|p1a: Ferrothorn|58/100|[silent]
|upkeep
|turn|35
|
|move|p1a: Ferrothorn|Protect|p1a: Ferrothorn
|-singleturn|p1a: Ferrothorn|Protect
|move|p2a: Haxorus|Earthquake|p1a: Ferrothorn
|-activate|p1a: Ferrothorn|move: Protect
|
|-heal|p1a: Ferrothorn|65/100|[from] item: Leftovers
|-damage|p2a: Haxorus|0 fnt|[from] Leech Seed|[of] p1a: Ferrothorn
|-heal|p1a: Ferrothorn|72/100|[silent]
|faint|p2a: Haxorus
|upkeep
|-message|SwagLordMaster forfeited.
|
|win|sucker for oli
|l|☆SwagLordMaster
|raw|sucker for oli's rating: 1502 → 1522(+20 for winning)
|raw|SwagLordMaster's rating: 1501 → 1481(-20 for losing)
