|ScrapeTime|2020-01-01-12:15:02
|j|☆notharmful
|j|☆ThunderYDLP
|player|p1|notharmful|unknown|1618
|player|p2|ThunderYDLP|parasollady-gen4|1415
|teamsize|p1|6
|teamsize|p2|6
|gametype|singles
|gen|8
|tier|[Gen 8] OU
|rated|
|rule|Sleep Clause Mod: Limit one foe put to sleep
|rule|Species Clause: Limit one of each Pokémon
|rule|OHKO Clause: OHKO moves are banned
|rule|Evasion Moves Clause: Evasion moves are banned
|rule|Endless Battle Clause: Forcing endless battles is banned
|rule|HP Percentage Mod: HP is shown in percentages
|clearpoke
|poke|p1|Weezing-Galar, M|
|poke|p1|Dragapult, M|
|poke|p1|Hydreigon, M|
|poke|p1|Corviknight, M|
|poke|p1|Rotom-Heat|
|poke|p1|Seismitoad, F|
|poke|p2|Dracovish|
|poke|p2|Dugtrio, M|
|poke|p2|Silvally-*|
|poke|p2|Excadrill, M|
|poke|p2|Jellicent, M|
|poke|p2|Mandibuzz, F|
|rule|Dynamax Clause: You cannot dynamax
|teampreview
|
|start
|switch|p1a: Hydreigon|Hydreigon, M|100/100
|switch|p2a: Dracovish|Dracovish|100/100
|turn|1
|
|switch|p1a: Seismitoad|Seismitoad, F|100/100
|switch|p2a: Mandibuzz|Mandibuzz, F|100/100
|
|upkeep
|turn|2
|
|move|p2a: Mandibuzz|U-turn|p1a: Seismitoad
|-damage|p1a: Seismitoad|92/100
|
|switch|p2a: Jellicent|Jellicent, M|100/100|[from]move: U-turn
|move|p1a: Seismitoad|Toxic|p2a: Jellicent
|-status|p2a: Jellicent|tox
|
|-heal|p1a: Seismitoad|98/100|[from] item: Leftovers
|-damage|p2a: Jellicent|94/100 tox|[from] psn
|upkeep
|turn|3
|
|move|p2a: Jellicent|Will-O-Wisp|p1a: Seismitoad
|-status|p1a: Seismitoad|brn
|move|p1a: Seismitoad|Stealth Rock|p2a: Jellicent
|-sidestart|p2: ThunderYDLP|move: Stealth Rock
|
|-heal|p2a: Jellicent|100/100 tox|[from] item: Leftovers
|-heal|p1a: Seismitoad|100/100 brn|[from] item: Leftovers
|-damage|p2a: Jellicent|88/100 tox|[from] psn
|-damage|p1a: Seismitoad|94/100 brn|[from] brn
|upkeep
|turn|4
|
|switch|p2a: Excadrill|Excadrill, M|100/100
|-damage|p2a: Excadrill|97/100|[from] Stealth Rock
|-ability|p2a: Excadrill|Mold Breaker
|switch|p1a: Hydreigon|Hydreigon, M|100/100
|
|-heal|p2a: Excadrill|100/100|[from] item: Leftovers
|upkeep
|turn|5
|
|move|p1a: Hydreigon|Dark Pulse|p2a: Excadrill
|-damage|p2a: Excadrill|50/100
|move|p2a: Excadrill|Rapid Spin|p1a: Hydreigon
|-damage|p1a: Hydreigon|81/100
|-sideend|p2: ThunderYDLP|Stealth Rock|[from] move: Rapid Spin|[of] p2a: Excadrill
|-boost|p2a: Excadrill|spe|1
|
|-heal|p2a: Excadrill|56/100|[from] item: Leftovers
|-heal|p1a: Hydreigon|88/100|[from] item: Leftovers
|upkeep
|turn|6
|
|switch|p1a: Seismitoad|Seismitoad, F|94/100 brn
|move|p2a: Excadrill|Swords Dance|p2a: Excadrill
|-boost|p2a: Excadrill|atk|2
|
|-heal|p2a: Excadrill|62/100|[from] item: Leftovers
|-heal|p1a: Seismitoad|100/100 brn|[from] item: Leftovers
|-damage|p1a: Seismitoad|94/100 brn|[from] brn
|upkeep
|turn|7
|
|move|p2a: Excadrill|Earthquake|p1a: Seismitoad
|-damage|p1a: Seismitoad|15/100 brn
|move|p1a: Seismitoad|Earthquake|p2a: Excadrill
|-supereffective|p2a: Excadrill
|-damage|p2a: Excadrill|11/100
|
|-heal|p2a: Excadrill|17/100|[from] item: Leftovers
|-heal|p1a: Seismitoad|21/100 brn|[from] item: Leftovers
|-damage|p1a: Seismitoad|15/100 brn|[from] brn
|upkeep
|turn|8
|
|switch|p1a: Corviknight|Corviknight, M|100/100
|-ability|p1a: Corviknight|Pressure
|move|p2a: Excadrill|Iron Head|p1a: Corviknight
|-resisted|p1a: Corviknight
|-damage|p1a: Corviknight|65/100
|
|-heal|p2a: Excadrill|23/100|[from] item: Leftovers
|-heal|p1a: Corviknight|71/100|[from] item: Leftovers
|upkeep
|turn|9
|
|move|p2a: Excadrill|Iron Head|p1a: Corviknight
|-resisted|p1a: Corviknight
|-damage|p1a: Corviknight|38/100
|cant|p1a: Corviknight|flinch
|
|-heal|p2a: Excadrill|29/100|[from] item: Leftovers
|-heal|p1a: Corviknight|44/100|[from] item: Leftovers
|upkeep
|turn|10
|
|move|p2a: Excadrill|Iron Head|p1a: Corviknight
|-resisted|p1a: Corviknight
|-damage|p1a: Corviknight|12/100
|cant|p1a: Corviknight|flinch
|
|-heal|p2a: Excadrill|35/100|[from] item: Leftovers
|-heal|p1a: Corviknight|18/100|[from] item: Leftovers
|upkeep
|turn|11
|
|move|p2a: Excadrill|Iron Head|p1a: Corviknight
|-resisted|p1a: Corviknight
|-damage|p1a: Corviknight|0 fnt
|faint|p1a: Corviknight
|
|-heal|p2a: Excadrill|41/100|[from] item: Leftovers
|upkeep
|
|switch|p1a: Hydreigon|Hydreigon, M|88/100
|turn|12
|
|move|p2a: Excadrill|Earthquake|p1a: Hydreigon
|-damage|p1a: Hydreigon|0 fnt
|faint|p1a: Hydreigon
|
|-heal|p2a: Excadrill|48/100|[from] item: Leftovers
|upkeep
|-message|notharmful forfeited.
|
|win|ThunderYDLP
|l|☆notharmful
|raw|notharmful's rating: 1618 → 1588(-30 for losing)
|raw|ThunderYDLP's rating: 1415 → 1445(+30 for winning)
