|ScrapeTime|2020-01-02-05:15:06
|j|☆Potato Gun
|j|☆T-Storm1290
|player|p1|Potato Gun|cynthia|1130
|player|p2|T-Storm1290|101|1100
|teamsize|p1|6
|teamsize|p2|6
|gametype|singles
|gen|8
|tier|[Gen 8] OU
|rated|
|rule|Sleep Clause Mod: Limit one foe put to sleep
|rule|Species Clause: Limit one of each Pokémon
|rule|OHKO Clause: OHKO moves are banned
|rule|Evasion Moves Clause: Evasion moves are banned
|rule|Endless Battle Clause: Forcing endless battles is banned
|rule|HP Percentage Mod: HP is shown in percentages
|clearpoke
|poke|p1|Dragapult, F|
|poke|p1|Toxapex, F|
|poke|p1|Ferrothorn, F|
|poke|p1|Bisharp, M|
|poke|p1|Togekiss, F|
|poke|p1|Hippowdon, F|
|poke|p2|Rillaboom, M|
|poke|p2|Gyarados, F|
|poke|p2|Duraludon, F|
|poke|p2|Grimmsnarl, M|
|poke|p2|Salazzle, F|
|poke|p2|Runerigus, M|
|rule|Dynamax Clause: You cannot dynamax
|teampreview
|inactive|Battle timer is ON: inactive players will automatically lose when time's up. (requested by Potato Gun)
|
|start
|switch|p1a: Hippowdon|Hippowdon, F|100/100
|switch|p2a: Runerigus|Runerigus, M|100/100
|turn|1
|
|move|p1a: Hippowdon|Stealth Rock|p2a: Runerigus
|-sidestart|p2: T-Storm1290|move: Stealth Rock
|move|p2a: Runerigus|Stealth Rock|p1a: Hippowdon
|-sidestart|p1: Potato Gun|move: Stealth Rock
|
|upkeep
|turn|2
|
|move|p1a: Hippowdon|Stone Edge|p2a: Runerigus
|-resisted|p2a: Runerigus
|-damage|p2a: Runerigus|90/100
|move|p2a: Runerigus|Will-O-Wisp|p1a: Hippowdon|[miss]
|-miss|p2a: Runerigus|p1a: Hippowdon
|
|upkeep
|turn|3
|
|switch|p1a: Dragapult|Dragapult, F|100/100
|-damage|p1a: Dragapult|88/100|[from] Stealth Rock
|move|p2a: Runerigus|Will-O-Wisp|p1a: Dragapult|[miss]
|-miss|p2a: Runerigus|p1a: Dragapult
|
|upkeep
|turn|4
|
|move|p1a: Dragapult|Shadow Ball|p2a: Runerigus
|-supereffective|p2a: Runerigus
|-damage|p2a: Runerigus|19/100
|-enditem|p2a: Runerigus|Sitrus Berry|[eat]
|-heal|p2a: Runerigus|44/100|[from] item: Sitrus Berry
|-damage|p1a: Dragapult|78/100|[from] item: Life Orb
|move|p2a: Runerigus|Shadow Claw|p1a: Dragapult
|-supereffective|p1a: Dragapult
|-damage|p1a: Dragapult|10/100
|
|upkeep
|turn|5
|
|move|p1a: Dragapult|Shadow Ball|p2a: Runerigus
|-supereffective|p2a: Runerigus
|-crit|p2a: Runerigus
|-damage|p2a: Runerigus|0 fnt
|-damage|p1a: Dragapult|0 fnt|[from] item: Life Orb
|faint|p2a: Runerigus
|faint|p1a: Dragapult
|
|upkeep
|
|switch|p1a: Toxapex|Toxapex, F, shiny|100/100
|switch|p2a: Grimmsnarl|Grimmsnarl, M|100/100
|-damage|p2a: Grimmsnarl|88/100|[from] Stealth Rock
|-damage|p1a: Toxapex|88/100|[from] Stealth Rock
|turn|6
|
|move|p2a: Grimmsnarl|Light Screen|p2a: Grimmsnarl
|-sidestart|p2: T-Storm1290|move: Light Screen
|move|p1a: Toxapex|Toxic|p2a: Grimmsnarl
|-status|p2a: Grimmsnarl|tox
|
|-heal|p1a: Toxapex|94/100|[from] item: Black Sludge
|-damage|p2a: Grimmsnarl|82/100 tox|[from] psn
|upkeep
|turn|7
|
|move|p2a: Grimmsnarl|Reflect|p2a: Grimmsnarl
|-sidestart|p2: T-Storm1290|Reflect
|move|p1a: Toxapex|Scald|p2a: Grimmsnarl
|-crit|p2a: Grimmsnarl
|-damage|p2a: Grimmsnarl|53/100 tox
|
|-heal|p1a: Toxapex|100/100|[from] item: Black Sludge
|-damage|p2a: Grimmsnarl|41/100 tox|[from] psn
|upkeep
|turn|8
|
|switch|p2a: Salazzle|Salazzle, F|100/100
|-damage|p2a: Salazzle|76/100|[from] Stealth Rock
|move|p1a: Toxapex|Toxic|p2a: Salazzle
|-immune|p2a: Salazzle
|
|-heal|p2a: Salazzle|82/100|[from] item: Black Sludge
|upkeep
|turn|9
|
|move|p2a: Salazzle|Toxic|p1a: Toxapex
|-status|p1a: Toxapex|tox
|move|p1a: Toxapex|Scald|p2a: Salazzle
|-supereffective|p2a: Salazzle
|-damage|p2a: Salazzle|53/100
|
|-heal|p2a: Salazzle|59/100|[from] item: Black Sludge
|-damage|p1a: Toxapex|94/100 tox|[from] psn
|upkeep
|turn|10
|
|switch|p2a: Duraludon|Duraludon, F|100/100
|-damage|p2a: Duraludon|94/100|[from] Stealth Rock
|move|p1a: Toxapex|Scald|p2a: Duraludon
|-resisted|p2a: Duraludon
|-damage|p2a: Duraludon|89/100
|
|-heal|p1a: Toxapex|100/100 tox|[from] item: Black Sludge
|-damage|p1a: Toxapex|88/100 tox|[from] psn
|upkeep
|turn|11
|
|switch|p1a: Ferrothorn|Ferrothorn, F|100/100
|-damage|p1a: Ferrothorn|94/100|[from] Stealth Rock
|move|p2a: Duraludon|Thunderbolt|p1a: Ferrothorn
|-resisted|p1a: Ferrothorn
|-damage|p1a: Ferrothorn|83/100
|
|-heal|p1a: Ferrothorn|89/100|[from] item: Leftovers
|upkeep
|turn|12
|
|switch|p2a: Rillaboom|Rillaboom, M|100/100
|-damage|p2a: Rillaboom|88/100|[from] Stealth Rock
|move|p1a: Ferrothorn|Gyro Ball|p2a: Rillaboom
|-damage|p2a: Rillaboom|69/100
|
|-heal|p2a: Rillaboom|75/100|[from] item: Leftovers
|-heal|p1a: Ferrothorn|96/100|[from] item: Leftovers
|upkeep
|turn|13
|
|move|p2a: Rillaboom|Knock Off|p1a: Ferrothorn
|-damage|p1a: Ferrothorn|69/100
|-damage|p2a: Rillaboom|63/100|[from] ability: Iron Barbs|[of] p1a: Ferrothorn
|-enditem|p1a: Ferrothorn|Leftovers|[from] move: Knock Off|[of] p2a: Rillaboom
|move|p1a: Ferrothorn|Knock Off|p2a: Rillaboom
|-damage|p2a: Rillaboom|53/100
|-enditem|p2a: Rillaboom|Leftovers|[from] move: Knock Off|[of] p1a: Ferrothorn
|
|-sideend|p2: T-Storm1290|move: Light Screen
|upkeep
|turn|14
|
|move|p2a: Rillaboom|Brick Break|p1a: Ferrothorn
|-supereffective|p1a: Ferrothorn
|-damage|p1a: Ferrothorn|28/100
|-damage|p2a: Rillaboom|41/100|[from] ability: Iron Barbs|[of] p1a: Ferrothorn
|move|p1a: Ferrothorn|Curse|p1a: Ferrothorn
|-unboost|p1a: Ferrothorn|spe|1
|-boost|p1a: Ferrothorn|atk|1
|-boost|p1a: Ferrothorn|def|1
|
|-sideend|p2: T-Storm1290|Reflect
|upkeep
|turn|15
|
|move|p2a: Rillaboom|Brick Break|p1a: Ferrothorn
|-supereffective|p1a: Ferrothorn
|-damage|p1a: Ferrothorn|2/100
|-damage|p2a: Rillaboom|28/100|[from] ability: Iron Barbs|[of] p1a: Ferrothorn
|move|p1a: Ferrothorn|Gyro Ball|p2a: Rillaboom
|-damage|p2a: Rillaboom|0 fnt
|faint|p2a: Rillaboom
|
|upkeep
|
|switch|p2a: Salazzle|Salazzle, F|59/100
|-damage|p2a: Salazzle|34/100|[from] Stealth Rock
|turn|16
|
|move|p2a: Salazzle|Nasty Plot|p2a: Salazzle
|-boost|p2a: Salazzle|spa|2
|move|p1a: Ferrothorn|Knock Off|p2a: Salazzle
|-damage|p2a: Salazzle|0 fnt
|-enditem|p2a: Salazzle|Black Sludge|[from] move: Knock Off|[of] p1a: Ferrothorn
|faint|p2a: Salazzle
|
|upkeep
|
|switch|p2a: Grimmsnarl|Grimmsnarl, M|41/100 tox
|-damage|p2a: Grimmsnarl|28/100 tox|[from] Stealth Rock
|turn|17
|
|move|p2a: Grimmsnarl|Light Screen|p2a: Grimmsnarl
|-sidestart|p2: T-Storm1290|move: Light Screen
|move|p1a: Ferrothorn|Gyro Ball|p2a: Grimmsnarl
|-supereffective|p2a: Grimmsnarl
|-damage|p2a: Grimmsnarl|0 fnt
|faint|p2a: Grimmsnarl
|
|upkeep
|
|switch|p2a: Gyarados|Gyarados, F|100/100
|-damage|p2a: Gyarados|76/100|[from] Stealth Rock
|turn|18
|
|move|p2a: Gyarados|Waterfall|p1a: Ferrothorn
|-resisted|p1a: Ferrothorn
|-damage|p1a: Ferrothorn|0 fnt
|-damage|p2a: Gyarados|63/100|[from] ability: Iron Barbs|[of] p1a: Ferrothorn
|faint|p1a: Ferrothorn
|-ability|p2a: Gyarados|Moxie|boost
|-boost|p2a: Gyarados|atk|1
|
|upkeep
|
|switch|p1a: Hippowdon|Hippowdon, F|100/100
|-damage|p1a: Hippowdon|94/100|[from] Stealth Rock
|turn|19
|
|move|p2a: Gyarados|Waterfall|p1a: Hippowdon
|-supereffective|p1a: Hippowdon
|-damage|p1a: Hippowdon|21/100
|-enditem|p1a: Hippowdon|Weakness Policy
|-boost|p1a: Hippowdon|atk|2
|-boost|p1a: Hippowdon|spa|2
|move|p1a: Hippowdon|Stone Edge|p2a: Gyarados
|-supereffective|p2a: Gyarados
|-damage|p2a: Gyarados|0 fnt
|faint|p2a: Gyarados
|
|upkeep
|
|switch|p2a: Duraludon|Duraludon, F|89/100
|-damage|p2a: Duraludon|83/100|[from] Stealth Rock
|turn|20
|
|move|p2a: Duraludon|Flash Cannon|p1a: Hippowdon
|-damage|p1a: Hippowdon|0 fnt
|faint|p1a: Hippowdon
|
|upkeep
|
|switch|p1a: Togekiss|Togekiss, F, shiny|100/100
|-damage|p1a: Togekiss|76/100|[from] Stealth Rock
|turn|21
|
|move|p1a: Togekiss|Thunder Wave|p2a: Duraludon
|-status|p2a: Duraludon|par
|cant|p2a: Duraludon|par
|
|upkeep
|turn|22
|
|move|p1a: Togekiss|Dazzling Gleam|p2a: Duraludon
|-damage|p2a: Duraludon|58/100 par
|cant|p2a: Duraludon|par
|
|upkeep
|turn|23
|
|move|p1a: Togekiss|Air Slash|p2a: Duraludon
|-resisted|p2a: Duraludon
|-damage|p2a: Duraludon|47/100 par
|cant|p2a: Duraludon|flinch
|
|upkeep
|turn|24
|
|move|p1a: Togekiss|Dazzling Gleam|p2a: Duraludon
|-damage|p2a: Duraludon|23/100 par
|move|p2a: Duraludon|Flash Cannon|p1a: Togekiss
|-supereffective|p1a: Togekiss
|-damage|p1a: Togekiss|12/100
|-enditem|p1a: Togekiss|Sitrus Berry|[eat]
|-heal|p1a: Togekiss|37/100|[from] item: Sitrus Berry
|
|-sideend|p2: T-Storm1290|move: Light Screen
|upkeep
|turn|25
|
|move|p1a: Togekiss|Dazzling Gleam|p2a: Duraludon
|-damage|p2a: Duraludon|0 fnt
|faint|p2a: Duraludon
|
|win|Potato Gun
|c|☆Potato Gun|ggwp
|raw|Potato Gun's rating: 1131 → 1154(+23 for winning)
|raw|T-Storm1290's rating: 1100 → 1078(-22 for losing)
|l|☆T-Storm1290
