|ScrapeTime|2020-01-01-22:08:53
|j|☆charhazzard
|j|☆UnSexyGliscor
|player|p1|charhazzard|2|1678
|player|p2|UnSexyGliscor|52|1583
|teamsize|p1|6
|teamsize|p2|6
|gametype|singles
|gen|8
|tier|[Gen 8] OU
|rated|
|rule|Sleep Clause Mod: Limit one foe put to sleep
|rule|Species Clause: Limit one of each Pokémon
|rule|OHKO Clause: OHKO moves are banned
|rule|Evasion Moves Clause: Evasion moves are banned
|rule|Endless Battle Clause: Forcing endless battles is banned
|rule|HP Percentage Mod: HP is shown in percentages
|clearpoke
|poke|p1|Charizard, M|
|poke|p1|Ninetales, F|
|poke|p1|Shiftry, M|
|poke|p1|Hatterene, F|
|poke|p1|Cinderace, M|
|poke|p1|Toxapex, F|
|poke|p2|Dragapult, M|
|poke|p2|Dracovish|
|poke|p2|Tyranitar, M|
|poke|p2|Clefable, F|
|poke|p2|Ferrothorn, F|
|poke|p2|Corviknight, M|
|rule|Dynamax Clause: You cannot dynamax
|teampreview
|
|start
|switch|p1a: Ninetales|Ninetales, F|100/100
|switch|p2a: Dracovish|Dracovish|100/100
|-weather|SunnyDay|[from] ability: Drought|[of] p1a: Ninetales
|turn|1
|
|switch|p1a: Shiftry|Shiftry, M|100/100
|switch|p2a: Tyranitar|Tyranitar, M|100/100
|-weather|Sandstorm|[from] ability: Sand Stream|[of] p2a: Tyranitar
|
|-weather|Sandstorm|[upkeep]
|-damage|p1a: Shiftry|94/100|[from] Sandstorm
|upkeep
|turn|2
|inactive|Battle timer is ON: inactive players will automatically lose when time's up. (requested by UnSexyGliscor)
|
|switch|p2a: Ferrothorn|Ferrothorn, F|100/100
|move|p1a: Shiftry|Throat Chop|p2a: Ferrothorn
|-damage|p2a: Ferrothorn|74/100
|-damage|p1a: Shiftry|82/100|[from] ability: Iron Barbs|[of] p2a: Ferrothorn
|-start|p2a: Ferrothorn|Throat Chop|[silent]
|-damage|p1a: Shiftry|72/100|[from] item: Life Orb
|
|-weather|Sandstorm|[upkeep]
|-damage|p1a: Shiftry|66/100|[from] Sandstorm
|-heal|p2a: Ferrothorn|80/100|[from] item: Leftovers
|upkeep
|turn|3
|
|switch|p1a: Hatterene|Hatterene, F|100/100
|move|p2a: Ferrothorn|Spikes|p1a: Hatterene
|move|p1a: Hatterene|Spikes|p2a: Ferrothorn|[from]Magic Bounce
|-sidestart|p2: UnSexyGliscor|Spikes
|
|-weather|Sandstorm|[upkeep]
|-damage|p1a: Hatterene|95/100|[from] Sandstorm
|-heal|p1a: Hatterene|100/100|[from] item: Leftovers
|-heal|p2a: Ferrothorn|86/100|[from] item: Leftovers
|-end|p2a: Ferrothorn|Throat Chop|[silent]
|upkeep
|turn|4
|
|switch|p2a: Dracovish|Dracovish|100/100
|-damage|p2a: Dracovish|88/100|[from] Spikes
|move|p1a: Hatterene|Mystical Fire|p2a: Dracovish
|-resisted|p2a: Dracovish
|-damage|p2a: Dracovish|80/100
|-unboost|p2a: Dracovish|spa|1
|
|-weather|Sandstorm|[upkeep]
|-damage|p2a: Dracovish|74/100|[from] Sandstorm
|-damage|p1a: Hatterene|95/100|[from] Sandstorm
|-heal|p1a: Hatterene|100/100|[from] item: Leftovers
|upkeep
|turn|5
|
|switch|p1a: Toxapex|Toxapex, F|100/100
|move|p2a: Dracovish|Fishious Rend|p1a: Toxapex
|-resisted|p1a: Toxapex
|-damage|p1a: Toxapex|51/100
|-enditem|p1a: Toxapex|Eject Button
|
|switch|p1a: Charizard|Charizard, M|100/100
|
|-weather|none
|upkeep
|turn|6
|
|move|p1a: Charizard|Hurricane|p2a: Dracovish
|-damage|p2a: Dracovish|0 fnt
|faint|p2a: Dracovish
|
|upkeep
|
|switch|p2a: Tyranitar|Tyranitar, M|100/100
|-damage|p2a: Tyranitar|88/100|[from] Spikes
|-weather|Sandstorm|[from] ability: Sand Stream|[of] p2a: Tyranitar
|turn|7
|
|switch|p1a: Toxapex|Toxapex, F|84/100
|move|p2a: Tyranitar|Stone Edge|p1a: Toxapex
|-crit|p1a: Toxapex
|-damage|p1a: Toxapex|29/100
|
|-weather|Sandstorm|[upkeep]
|-damage|p1a: Toxapex|23/100|[from] Sandstorm
|-heal|p2a: Tyranitar|94/100|[from] item: Leftovers
|upkeep
|turn|8
|
|move|p2a: Tyranitar|Earthquake|p1a: Toxapex
|-supereffective|p1a: Toxapex
|-damage|p1a: Toxapex|0 fnt
|faint|p1a: Toxapex
|
|-weather|Sandstorm|[upkeep]
|-heal|p2a: Tyranitar|100/100|[from] item: Leftovers
|upkeep
|
|switch|p1a: Cinderace|Cinderace, M|100/100
|turn|9
|
|switch|p2a: Dragapult|Dragapult, M, shiny|100/100
|-damage|p2a: Dragapult|88/100|[from] Spikes
|move|p1a: Cinderace|U-turn|p2a: Dragapult
|-resisted|p2a: Dragapult
|-damage|p2a: Dragapult|72/100
|
|switch|p1a: Hatterene|Hatterene, F|100/100|[from]move: U-turn
|
|-weather|Sandstorm|[upkeep]
|-damage|p2a: Dragapult|66/100|[from] Sandstorm
|-damage|p1a: Hatterene|95/100|[from] Sandstorm
|-heal|p1a: Hatterene|100/100|[from] item: Leftovers
|upkeep
|turn|10
|
|move|p2a: Dragapult|Shadow Ball|p1a: Hatterene
|-supereffective|p1a: Hatterene
|-damage|p1a: Hatterene|14/100
|move|p1a: Hatterene|Draining Kiss|p2a: Dragapult
|-supereffective|p2a: Dragapult
|-damage|p2a: Dragapult|2/100
|-heal|p1a: Hatterene|62/100|[from] drain|[of] p2a: Dragapult
|
|-weather|Sandstorm|[upkeep]
|-damage|p2a: Dragapult|0 fnt|[from] Sandstorm
|-damage|p1a: Hatterene|56/100|[from] Sandstorm
|faint|p2a: Dragapult
|-heal|p1a: Hatterene|62/100|[from] item: Leftovers
|upkeep
|
|switch|p2a: Corviknight|Corviknight, M|100/100
|-ability|p2a: Corviknight|Pressure
|turn|11
|
|switch|p1a: Charizard|Charizard, M|100/100
|move|p2a: Corviknight|Defog|p1a: Charizard
|-unboost|p1a: Charizard|evasion|1
|-sideend|p2: UnSexyGliscor|Spikes|[from] move: Defog|[of] p2a: Corviknight
|
|-weather|none
|upkeep
|turn|12
|
|switch|p2a: Tyranitar|Tyranitar, M|100/100
|-weather|Sandstorm|[from] ability: Sand Stream|[of] p2a: Tyranitar
|move|p1a: Charizard|Focus Blast|p2a: Tyranitar|[miss]
|-miss|p1a: Charizard|p2a: Tyranitar
|
|-weather|Sandstorm|[upkeep]
|-damage|p1a: Charizard|94/100|[from] Sandstorm
|upkeep
|turn|13
|
|move|p1a: Charizard|Focus Blast|p2a: Tyranitar
|-supereffective|p2a: Tyranitar
|-crit|p2a: Tyranitar
|-damage|p2a: Tyranitar|0 fnt
|faint|p2a: Tyranitar
|
|-weather|Sandstorm|[upkeep]
|-damage|p1a: Charizard|88/100|[from] Sandstorm
|upkeep
|
|switch|p2a: Clefable|Clefable, F|100/100
|turn|14
|
|switch|p1a: Ninetales|Ninetales, F|100/100
|-weather|SunnyDay|[from] ability: Drought|[of] p1a: Ninetales
|move|p2a: Clefable|Thunderbolt|p1a: Ninetales
|-damage|p1a: Ninetales|55/100
|
|-weather|SunnyDay|[upkeep]
|upkeep
|turn|15
|
|move|p1a: Ninetales|Flamethrower|p2a: Clefable
|-damage|p2a: Clefable|51/100
|move|p2a: Clefable|Flamethrower|p1a: Ninetales
|-resisted|p1a: Ninetales
|-damage|p1a: Ninetales|22/100
|
|-weather|SunnyDay|[upkeep]
|upkeep
|turn|16
|
|move|p1a: Ninetales|Flamethrower|p2a: Clefable
|-damage|p2a: Clefable|0 fnt
|faint|p2a: Clefable
|
|-weather|SunnyDay|[upkeep]
|upkeep
|-message|UnSexyGliscor forfeited.
|
|win|charhazzard
|l|☆UnSexyGliscor
|raw|charhazzard's rating: 1658 → 1674(+16 for winning)
|raw|UnSexyGliscor's rating: 1596 → 1579(-17 for losing)
