|ScrapeTime|2020-01-01-07:55:14
|j|☆witcher7777
|j|☆Notbadcheese
|player|p1|witcher7777|170|1175
|player|p2|Notbadcheese|12|1159
|teamsize|p1|6
|teamsize|p2|6
|gametype|singles
|gen|8
|tier|[Gen 8] OU
|rated|
|rule|Sleep Clause Mod: Limit one foe put to sleep
|rule|Species Clause: Limit one of each Pokémon
|rule|OHKO Clause: OHKO moves are banned
|rule|Evasion Moves Clause: Evasion moves are banned
|rule|Endless Battle Clause: Forcing endless battles is banned
|rule|HP Percentage Mod: HP is shown in percentages
|clearpoke
|poke|p1|Cinderace, F|
|poke|p1|Conkeldurr, F|
|poke|p1|Hydreigon, M|
|poke|p1|Ferrothorn, M|
|poke|p1|Toxapex, M|
|poke|p1|Hatterene, F|
|poke|p2|Clefable, F|
|poke|p2|Avalugg, M|
|poke|p2|Grimmsnarl, M|
|poke|p2|Jellicent, M|
|poke|p2|Solosis, L1, M|
|poke|p2|Crawdaunt, M|
|rule|Dynamax Clause: You cannot dynamax
|teampreview
|
|start
|switch|p1a: Cinderace|Cinderace, F|100/100
|switch|p2a: Solosis|Solosis, L1, M|100/100
|turn|1
|
|move|p1a: Cinderace|U-turn|p2a: Solosis
|-supereffective|p2a: Solosis
|-enditem|p2a: Solosis|Focus Sash
|-damage|p2a: Solosis|9/100
|
|switch|p1a: Toxapex|Toxapex, M|100/100|[from]move: U-turn
|move|p2a: Solosis|Trick Room|p2a: Solosis
|-fieldstart|move: Trick Room|[of] p2a: Solosis
|
|upkeep
|turn|2
|
|move|p2a: Solosis|Endeavor|p1a: Toxapex
|-damage|p1a: Toxapex|1/100
|move|p1a: Toxapex|Toxic|p2a: Solosis
|-status|p2a: Solosis|tox
|
|-heal|p1a: Toxapex|7/100|[from] item: Black Sludge
|upkeep
|turn|3
|
|move|p2a: Solosis|Confuse Ray|p1a: Toxapex
|-start|p1a: Toxapex|confusion
|-activate|p1a: Toxapex|confusion
|move|p1a: Toxapex|Recover|p1a: Toxapex
|-heal|p1a: Toxapex|57/100
|
|-heal|p1a: Toxapex|63/100|[from] item: Black Sludge
|upkeep
|turn|4
|
|move|p2a: Solosis|Endeavor|p1a: Toxapex
|-damage|p1a: Toxapex|1/100
|-end|p1a: Toxapex|confusion
|move|p1a: Toxapex|Recover|p1a: Toxapex
|-heal|p1a: Toxapex|51/100
|
|-heal|p1a: Toxapex|57/100|[from] item: Black Sludge
|upkeep
|turn|5
|
|move|p2a: Solosis|Confuse Ray|p1a: Toxapex
|-start|p1a: Toxapex|confusion
|-activate|p1a: Toxapex|confusion
|move|p1a: Toxapex|Recover|p1a: Toxapex
|-heal|p1a: Toxapex|100/100
|
|-fieldend|move: Trick Room
|upkeep
|turn|6
|
|-activate|p1a: Toxapex|confusion
|move|p1a: Toxapex|Scald|p2a: Solosis
|-damage|p2a: Solosis|0 fnt
|faint|p2a: Solosis
|
|upkeep
|
|switch|p2a: Clefable|Clefable, F|100/100
|turn|7
|
|move|p2a: Clefable|Thunderbolt|p1a: Toxapex
|-supereffective|p1a: Toxapex
|-damage|p1a: Toxapex|39/100
|-activate|p1a: Toxapex|confusion
|move|p1a: Toxapex|Toxic|p2a: Clefable
|-status|p2a: Clefable|tox
|
|-heal|p1a: Toxapex|45/100|[from] item: Black Sludge
|upkeep
|turn|8
|
|switch|p1a: Ferrothorn|Ferrothorn, M|100/100
|move|p2a: Clefable|Stealth Rock|p1a: Ferrothorn
|-sidestart|p1: witcher7777|move: Stealth Rock
|
|upkeep
|turn|9
|
|move|p2a: Clefable|Flamethrower|p1a: Ferrothorn
|-supereffective|p1a: Ferrothorn
|-damage|p1a: Ferrothorn|0 fnt
|faint|p1a: Ferrothorn
|
|upkeep
|
|switch|p1a: Cinderace|Cinderace, F|100/100
|-damage|p1a: Cinderace|76/100|[from] Stealth Rock
|turn|10
|
|move|p1a: Cinderace|Gunk Shot|p2a: Clefable
|-supereffective|p2a: Clefable
|-damage|p2a: Clefable|8/100 tox
|move|p2a: Clefable|Thunderbolt|p1a: Cinderace
|-damage|p1a: Cinderace|22/100
|
|upkeep
|turn|11
|
|switch|p2a: Jellicent|Jellicent, M|100/100
|move|p1a: Cinderace|Gunk Shot|p2a: Jellicent
|-resisted|p2a: Jellicent
|-damage|p2a: Jellicent|79/100
|-status|p2a: Jellicent|psn
|
|-heal|p2a: Jellicent|86/100 psn|[from] item: Leftovers
|-damage|p2a: Jellicent|73/100 psn|[from] psn
|upkeep
|turn|12
|
|switch|p1a: Toxapex|Toxapex, M|78/100
|-damage|p1a: Toxapex|66/100|[from] Stealth Rock
|move|p2a: Jellicent|Trick Room|p2a: Jellicent
|-fieldstart|move: Trick Room|[of] p2a: Jellicent
|
|-heal|p1a: Toxapex|72/100|[from] item: Black Sludge
|-heal|p2a: Jellicent|79/100 psn|[from] item: Leftovers
|-damage|p2a: Jellicent|67/100 psn|[from] psn
|upkeep
|turn|13
|
|switch|p2a: Clefable|Clefable, F|8/100 tox
|move|p1a: Toxapex|Toxic|p2a: Clefable
|-fail|p2a: Clefable|tox
|
|-heal|p1a: Toxapex|78/100|[from] item: Black Sludge
|upkeep
|turn|14
|
|move|p1a: Toxapex|Scald|p2a: Clefable
|-damage|p2a: Clefable|0 fnt
|faint|p2a: Clefable
|
|-heal|p1a: Toxapex|85/100|[from] item: Black Sludge
|upkeep
|
|switch|p2a: Crawdaunt|Crawdaunt, M|100/100
|turn|15
|
|move|p1a: Toxapex|Toxic|p2a: Crawdaunt
|-status|p2a: Crawdaunt|tox
|move|p2a: Crawdaunt|Knock Off|p1a: Toxapex
|-damage|p1a: Toxapex|20/100
|-enditem|p1a: Toxapex|Black Sludge|[from] move: Knock Off|[of] p2a: Crawdaunt
|
|-damage|p2a: Crawdaunt|94/100 tox|[from] psn
|upkeep
|turn|16
|
|switch|p1a: Cinderace|Cinderace, F|22/100
|-damage|p1a: Cinderace|0 fnt|[from] Stealth Rock
|faint|p1a: Cinderace
|switch|p2a: Grimmsnarl|Grimmsnarl, M|100/100
|
|-fieldend|move: Trick Room
|upkeep
|
|switch|p1a: Hatterene|Hatterene, F|100/100
|-damage|p1a: Hatterene|88/100|[from] Stealth Rock
|turn|17
|
|move|p2a: Grimmsnarl|Spirit Break|p1a: Hatterene
|-damage|p1a: Hatterene|62/100
|-unboost|p1a: Hatterene|spa|1
|move|p1a: Hatterene|Draining Kiss|p2a: Grimmsnarl
|-supereffective|p2a: Grimmsnarl
|-damage|p2a: Grimmsnarl|77/100
|-heal|p1a: Hatterene|84/100|[from] drain|[of] p2a: Grimmsnarl
|
|-heal|p2a: Grimmsnarl|83/100|[from] item: Leftovers
|-heal|p1a: Hatterene|90/100|[from] item: Leftovers
|upkeep
|turn|18
|
|move|p2a: Grimmsnarl|Bulk Up|p2a: Grimmsnarl
|-boost|p2a: Grimmsnarl|atk|1
|-boost|p2a: Grimmsnarl|def|1
|move|p1a: Hatterene|Calm Mind|p1a: Hatterene
|-boost|p1a: Hatterene|spa|1
|-boost|p1a: Hatterene|spd|1
|
|-heal|p2a: Grimmsnarl|89/100|[from] item: Leftovers
|-heal|p1a: Hatterene|96/100|[from] item: Leftovers
|upkeep
|turn|19
|
|move|p2a: Grimmsnarl|Spirit Break|p1a: Hatterene
|-damage|p1a: Hatterene|59/100
|-unboost|p1a: Hatterene|spa|1
|move|p1a: Hatterene|Calm Mind|p1a: Hatterene
|-boost|p1a: Hatterene|spa|1
|-boost|p1a: Hatterene|spd|1
|
|-heal|p2a: Grimmsnarl|95/100|[from] item: Leftovers
|-heal|p1a: Hatterene|65/100|[from] item: Leftovers
|upkeep
|turn|20
|
|move|p2a: Grimmsnarl|Spirit Break|p1a: Hatterene
|-damage|p1a: Hatterene|30/100
|-unboost|p1a: Hatterene|spa|1
|move|p1a: Hatterene|Mystical Fire|p2a: Grimmsnarl
|-damage|p2a: Grimmsnarl|83/100
|-unboost|p2a: Grimmsnarl|spa|1
|
|-heal|p2a: Grimmsnarl|89/100|[from] item: Leftovers
|-heal|p1a: Hatterene|36/100|[from] item: Leftovers
|upkeep
|turn|21
|
|move|p2a: Grimmsnarl|Bulk Up|p2a: Grimmsnarl
|-boost|p2a: Grimmsnarl|atk|1
|-boost|p2a: Grimmsnarl|def|1
|move|p1a: Hatterene|Draining Kiss|p2a: Grimmsnarl
|-supereffective|p2a: Grimmsnarl
|-damage|p2a: Grimmsnarl|62/100
|-heal|p1a: Hatterene|61/100|[from] drain|[of] p2a: Grimmsnarl
|
|-heal|p2a: Grimmsnarl|68/100|[from] item: Leftovers
|-heal|p1a: Hatterene|67/100|[from] item: Leftovers
|upkeep
|turn|22
|
|move|p2a: Grimmsnarl|Spirit Break|p1a: Hatterene
|-damage|p1a: Hatterene|18/100
|-unboost|p1a: Hatterene|spa|1
|move|p1a: Hatterene|Draining Kiss|p2a: Grimmsnarl
|-supereffective|p2a: Grimmsnarl
|-damage|p2a: Grimmsnarl|50/100
|-heal|p1a: Hatterene|34/100|[from] drain|[of] p2a: Grimmsnarl
|
|-heal|p2a: Grimmsnarl|57/100|[from] item: Leftovers
|-heal|p1a: Hatterene|40/100|[from] item: Leftovers
|upkeep
|turn|23
|
|switch|p1a: Toxapex|Toxapex, M|53/100
|-damage|p1a: Toxapex|40/100|[from] Stealth Rock
|move|p2a: Grimmsnarl|Spirit Break|p1a: Toxapex
|-resisted|p1a: Toxapex
|-damage|p1a: Toxapex|23/100
|-unboost|p1a: Toxapex|spa|1
|
|-heal|p2a: Grimmsnarl|63/100|[from] item: Leftovers
|upkeep
|turn|24
|
|move|p2a: Grimmsnarl|Spirit Break|p1a: Toxapex
|-resisted|p1a: Toxapex
|-damage|p1a: Toxapex|4/100
|-unboost|p1a: Toxapex|spa|1
|move|p1a: Toxapex|Recover|p1a: Toxapex
|-heal|p1a: Toxapex|54/100
|
|-heal|p2a: Grimmsnarl|69/100|[from] item: Leftovers
|upkeep
|turn|25
|
|move|p2a: Grimmsnarl|Bulk Up|p2a: Grimmsnarl
|-boost|p2a: Grimmsnarl|atk|1
|-boost|p2a: Grimmsnarl|def|1
|move|p1a: Toxapex|Recover|p1a: Toxapex
|-heal|p1a: Toxapex|100/100
|
|-heal|p2a: Grimmsnarl|75/100|[from] item: Leftovers
|upkeep
|turn|26
|
|move|p2a: Grimmsnarl|Bulk Up|p2a: Grimmsnarl
|-boost|p2a: Grimmsnarl|atk|1
|-boost|p2a: Grimmsnarl|def|1
|move|p1a: Toxapex|Toxic|p2a: Grimmsnarl
|-status|p2a: Grimmsnarl|tox
|
|-heal|p2a: Grimmsnarl|81/100 tox|[from] item: Leftovers
|-damage|p2a: Grimmsnarl|75/100 tox|[from] psn
|upkeep
|turn|27
|
|move|p2a: Grimmsnarl|Spirit Break|p1a: Toxapex
|-resisted|p1a: Toxapex
|-damage|p1a: Toxapex|72/100
|-unboost|p1a: Toxapex|spa|1
|move|p1a: Toxapex|Haze|p1a: Toxapex
|-clearallboost
|
|-heal|p2a: Grimmsnarl|81/100 tox|[from] item: Leftovers
|-damage|p2a: Grimmsnarl|69/100 tox|[from] psn
|upkeep
|turn|28
|
|switch|p2a: Crawdaunt|Crawdaunt, M|94/100 tox
|move|p1a: Toxapex|Scald|p2a: Crawdaunt
|-resisted|p2a: Crawdaunt
|-damage|p2a: Crawdaunt|80/100 tox
|
|-damage|p2a: Crawdaunt|74/100 tox|[from] psn
|upkeep
|turn|29
|
|move|p2a: Crawdaunt|Crabhammer|p1a: Toxapex
|-resisted|p1a: Toxapex
|-damage|p1a: Toxapex|42/100
|move|p1a: Toxapex|Recover|p1a: Toxapex
|-heal|p1a: Toxapex|92/100
|
|-damage|p2a: Crawdaunt|61/100 tox|[from] psn
|upkeep
|turn|30
|
|switch|p2a: Jellicent|Jellicent, M|67/100 psn
|move|p1a: Toxapex|Scald|p2a: Jellicent
|-heal|p2a: Jellicent|92/100 psn|[from] ability: Water Absorb|[of] p1a: Toxapex
|
|-heal|p2a: Jellicent|98/100 psn|[from] item: Leftovers
|-damage|p2a: Jellicent|86/100 psn|[from] psn
|upkeep
|turn|31
|
|switch|p1a: Hatterene|Hatterene, F|40/100
|-damage|p1a: Hatterene|28/100|[from] Stealth Rock
|move|p2a: Jellicent|Will-O-Wisp|p1a: Hatterene
|move|p1a: Hatterene|Will-O-Wisp||[from]Magic Bounce|[still]
|-fail|p1a: Hatterene
|
|-heal|p2a: Jellicent|92/100 psn|[from] item: Leftovers
|-heal|p1a: Hatterene|34/100|[from] item: Leftovers
|-damage|p2a: Jellicent|80/100 psn|[from] psn
|upkeep
|turn|32
|
|move|p2a: Jellicent|Night Shade|p1a: Hatterene
|-damage|p1a: Hatterene|2/100
|move|p1a: Hatterene|Draining Kiss|p2a: Jellicent
|-damage|p2a: Jellicent|67/100 psn
|-heal|p1a: Hatterene|14/100|[from] drain|[of] p2a: Jellicent
|
|-heal|p2a: Jellicent|73/100 psn|[from] item: Leftovers
|-heal|p1a: Hatterene|20/100|[from] item: Leftovers
|-damage|p2a: Jellicent|61/100 psn|[from] psn
|upkeep
|turn|33
|
|move|p2a: Jellicent|Night Shade|p1a: Hatterene
|-damage|p1a: Hatterene|0 fnt
|faint|p1a: Hatterene
|
|-heal|p2a: Jellicent|67/100 psn|[from] item: Leftovers
|-damage|p2a: Jellicent|54/100 psn|[from] psn
|upkeep
|
|switch|p1a: Hydreigon|Hydreigon, M|100/100
|-damage|p1a: Hydreigon|88/100|[from] Stealth Rock
|turn|34
|
|switch|p2a: Grimmsnarl|Grimmsnarl, M|69/100 tox
|move|p1a: Hydreigon|Dark Pulse|p2a: Grimmsnarl
|-resisted|p2a: Grimmsnarl
|-damage|p2a: Grimmsnarl|60/100 tox
|
|-heal|p2a: Grimmsnarl|66/100 tox|[from] item: Leftovers
|-damage|p2a: Grimmsnarl|60/100 tox|[from] psn
|upkeep
|turn|35
|
|switch|p1a: Toxapex|Toxapex, M|100/100
|-damage|p1a: Toxapex|88/100|[from] Stealth Rock
|move|p2a: Grimmsnarl|Spirit Break|p1a: Toxapex
|-resisted|p1a: Toxapex
|-damage|p1a: Toxapex|79/100
|-unboost|p1a: Toxapex|spa|1
|
|-heal|p2a: Grimmsnarl|66/100 tox|[from] item: Leftovers
|-damage|p2a: Grimmsnarl|54/100 tox|[from] psn
|upkeep
|turn|36
|
|switch|p2a: Jellicent|Jellicent, M|54/100 psn
|switch|p1a: Hydreigon|Hydreigon, M|88/100
|-damage|p1a: Hydreigon|76/100|[from] Stealth Rock
|
|-heal|p2a: Jellicent|61/100 psn|[from] item: Leftovers
|-damage|p2a: Jellicent|48/100 psn|[from] psn
|upkeep
|turn|37
|
|switch|p2a: Grimmsnarl|Grimmsnarl, M|54/100 tox
|move|p1a: Hydreigon|Draco Meteor|p2a: Grimmsnarl
|-immune|p2a: Grimmsnarl
|
|-heal|p2a: Grimmsnarl|60/100 tox|[from] item: Leftovers
|-damage|p2a: Grimmsnarl|54/100 tox|[from] psn
|upkeep
|turn|38
|
|switch|p1a: Toxapex|Toxapex, M|100/100
|-damage|p1a: Toxapex|88/100|[from] Stealth Rock
|move|p2a: Grimmsnarl|Rest|p2a: Grimmsnarl
|-status|p2a: Grimmsnarl|slp|[from] move: Rest
|-heal|p2a: Grimmsnarl|100/100 slp|[silent]
|
|upkeep
|turn|39
|
|cant|p2a: Grimmsnarl|slp
|move|p2a: Grimmsnarl|Sleep Talk|p2a: Grimmsnarl
|move|p2a: Grimmsnarl|Bulk Up|p2a: Grimmsnarl|[from]Sleep Talk
|-boost|p2a: Grimmsnarl|atk|1
|-boost|p2a: Grimmsnarl|def|1
|move|p1a: Toxapex|Toxic||[still]
|-fail|p1a: Toxapex
|
|upkeep
|turn|40
|
|switch|p2a: Jellicent|Jellicent, M|48/100 psn
|move|p1a: Toxapex|Haze|p1a: Toxapex
|-clearallboost
|
|-heal|p2a: Jellicent|54/100 psn|[from] item: Leftovers
|-damage|p2a: Jellicent|42/100 psn|[from] psn
|upkeep
|turn|41
|
|move|p2a: Jellicent|Recover|p2a: Jellicent
|-heal|p2a: Jellicent|92/100 psn
|move|p1a: Toxapex|Recover|p1a: Toxapex
|-heal|p1a: Toxapex|100/100
|
|-heal|p2a: Jellicent|98/100 psn|[from] item: Leftovers
|-damage|p2a: Jellicent|86/100 psn|[from] psn
|upkeep
|turn|42
|
|switch|p1a: Conkeldurr|Conkeldurr, F|100/100
|-damage|p1a: Conkeldurr|94/100|[from] Stealth Rock
|move|p2a: Jellicent|Will-O-Wisp|p1a: Conkeldurr|[miss]
|-miss|p2a: Jellicent|p1a: Conkeldurr
|
|-heal|p2a: Jellicent|92/100 psn|[from] item: Leftovers
|-damage|p2a: Jellicent|80/100 psn|[from] psn
|-status|p1a: Conkeldurr|brn|[from] item: Flame Orb
|upkeep
|turn|43
|
|switch|p2a: Crawdaunt|Crawdaunt, M|61/100 tox
|move|p1a: Conkeldurr|Thunder Punch|p2a: Crawdaunt
|-supereffective|p2a: Crawdaunt
|-damage|p2a: Crawdaunt|0 fnt
|faint|p2a: Crawdaunt
|
|-damage|p1a: Conkeldurr|88/100 brn|[from] brn
|upkeep
|
|switch|p2a: Avalugg|Avalugg, M|100/100
|turn|44
|
|move|p1a: Conkeldurr|Mach Punch|p2a: Avalugg
|-supereffective|p2a: Avalugg
|-damage|p2a: Avalugg|64/100
|-damage|p1a: Conkeldurr|72/100 brn|[from] item: Rocky Helmet|[of] p2a: Avalugg
|move|p2a: Avalugg|Body Press|p1a: Conkeldurr
|-damage|p1a: Conkeldurr|40/100 brn
|
|-damage|p1a: Conkeldurr|34/100 brn|[from] brn
|upkeep
|turn|45
|
|switch|p2a: Jellicent|Jellicent, M|80/100 psn
|move|p1a: Conkeldurr|Earthquake|p2a: Jellicent
|-damage|p2a: Jellicent|14/100 psn
|
|-heal|p2a: Jellicent|20/100 psn|[from] item: Leftovers
|-damage|p2a: Jellicent|8/100 psn|[from] psn
|-damage|p1a: Conkeldurr|28/100 brn|[from] brn
|upkeep
|turn|46
|
|move|p2a: Jellicent|Night Shade|p1a: Conkeldurr
|-damage|p1a: Conkeldurr|4/100 brn
|move|p1a: Conkeldurr|Earthquake|p2a: Jellicent
|-damage|p2a: Jellicent|0 fnt
|faint|p2a: Jellicent
|
|-damage|p1a: Conkeldurr|0 fnt|[from] brn
|faint|p1a: Conkeldurr
|upkeep
|
|switch|p2a: Avalugg|Avalugg, M|64/100
|switch|p1a: Hydreigon|Hydreigon, M|76/100
|-damage|p1a: Hydreigon|64/100|[from] Stealth Rock
|turn|47
|
|move|p1a: Hydreigon|U-turn|p2a: Avalugg
|-damage|p2a: Avalugg|56/100
|-damage|p1a: Hydreigon|47/100|[from] item: Rocky Helmet|[of] p2a: Avalugg
|
|switch|p1a: Toxapex|Toxapex, M|100/100|[from]move: U-turn
|-damage|p1a: Toxapex|88/100|[from] Stealth Rock
|move|p2a: Avalugg|Body Press|p1a: Toxapex
|-resisted|p1a: Toxapex
|-damage|p1a: Toxapex|77/100
|
|upkeep
|turn|48
|
|switch|p2a: Grimmsnarl|Grimmsnarl, M|100/100 slp
|move|p1a: Toxapex|Toxic||[still]
|-fail|p1a: Toxapex
|
|upkeep
|turn|49
|
|cant|p2a: Grimmsnarl|slp
|move|p2a: Grimmsnarl|Sleep Talk|p2a: Grimmsnarl
|move|p2a: Grimmsnarl|Spirit Break|p1a: Toxapex|[from]Sleep Talk
|-resisted|p1a: Toxapex
|-damage|p1a: Toxapex|68/100
|-unboost|p1a: Toxapex|spa|1
|move|p1a: Toxapex|Toxic||[still]
|-fail|p1a: Toxapex
|
|upkeep
|turn|50
|
|-curestatus|p2a: Grimmsnarl|slp|[msg]
|move|p2a: Grimmsnarl|Rest|p2a: Grimmsnarl
|-fail|p2a: Grimmsnarl|heal
|move|p1a: Toxapex|Toxic|p2a: Grimmsnarl
|-status|p2a: Grimmsnarl|tox
|
|-damage|p2a: Grimmsnarl|94/100 tox|[from] psn
|upkeep
|turn|51
|
|move|p2a: Grimmsnarl|Rest|p2a: Grimmsnarl
|-status|p2a: Grimmsnarl|slp|[from] move: Rest
|-heal|p2a: Grimmsnarl|100/100 slp|[silent]
|move|p1a: Toxapex|Scald|p2a: Grimmsnarl
|-damage|p2a: Grimmsnarl|91/100 slp
|
|-heal|p2a: Grimmsnarl|97/100 slp|[from] item: Leftovers
|upkeep
|turn|52
|
|cant|p2a: Grimmsnarl|slp
|move|p1a: Toxapex|Recover|p1a: Toxapex
|-heal|p1a: Toxapex|100/100
|
|-heal|p2a: Grimmsnarl|100/100 slp|[from] item: Leftovers
|upkeep
|turn|53
|
|switch|p1a: Hydreigon|Hydreigon, M|47/100
|-damage|p1a: Hydreigon|35/100|[from] Stealth Rock
|cant|p2a: Grimmsnarl|slp
|
|upkeep
|turn|54
|
|move|p1a: Hydreigon|Flash Cannon|p2a: Grimmsnarl
|-supereffective|p2a: Grimmsnarl
|-damage|p2a: Grimmsnarl|57/100 slp
|-curestatus|p2a: Grimmsnarl|slp|[msg]
|move|p2a: Grimmsnarl|Spirit Break|p1a: Hydreigon
|-supereffective|p1a: Hydreigon
|-damage|p1a: Hydreigon|0 fnt
|faint|p1a: Hydreigon
|
|-heal|p2a: Grimmsnarl|63/100|[from] item: Leftovers
|upkeep
|
|switch|p1a: Toxapex|Toxapex, M|100/100
|-damage|p1a: Toxapex|88/100|[from] Stealth Rock
|turn|55
|
|move|p2a: Grimmsnarl|Bulk Up|p2a: Grimmsnarl
|-boost|p2a: Grimmsnarl|atk|1
|-boost|p2a: Grimmsnarl|def|1
|move|p1a: Toxapex|Scald|p2a: Grimmsnarl
|-damage|p2a: Grimmsnarl|49/100
|
|-heal|p2a: Grimmsnarl|55/100|[from] item: Leftovers
|upkeep
|turn|56
|
|move|p2a: Grimmsnarl|Bulk Up|p2a: Grimmsnarl
|-boost|p2a: Grimmsnarl|atk|1
|-boost|p2a: Grimmsnarl|def|1
|move|p1a: Toxapex|Scald|p2a: Grimmsnarl
|-damage|p2a: Grimmsnarl|42/100
|
|-heal|p2a: Grimmsnarl|48/100|[from] item: Leftovers
|upkeep
|turn|57
|
|move|p2a: Grimmsnarl|Bulk Up|p2a: Grimmsnarl
|-boost|p2a: Grimmsnarl|atk|1
|-boost|p2a: Grimmsnarl|def|1
|move|p1a: Toxapex|Haze|p1a: Toxapex
|-clearallboost
|
|-heal|p2a: Grimmsnarl|55/100|[from] item: Leftovers
|upkeep
|turn|58
|
|move|p2a: Grimmsnarl|Bulk Up|p2a: Grimmsnarl
|-boost|p2a: Grimmsnarl|atk|1
|-boost|p2a: Grimmsnarl|def|1
|move|p1a: Toxapex|Scald|p2a: Grimmsnarl
|-damage|p2a: Grimmsnarl|41/100
|
|-heal|p2a: Grimmsnarl|47/100|[from] item: Leftovers
|upkeep
|turn|59
|inactive|Battle timer is ON: inactive players will automatically lose when time's up. (requested by witcher7777)
|
|move|p2a: Grimmsnarl|Rest|p2a: Grimmsnarl
|-status|p2a: Grimmsnarl|slp|[from] move: Rest
|-heal|p2a: Grimmsnarl|100/100 slp|[silent]
|move|p1a: Toxapex|Haze|p1a: Toxapex
|-clearallboost
|
|upkeep
|turn|60
|
|cant|p2a: Grimmsnarl|slp
|move|p1a: Toxapex|Haze|p1a: Toxapex
|-clearallboost
|
|upkeep
|turn|61
|
|cant|p2a: Grimmsnarl|slp
|move|p1a: Toxapex|Haze|p1a: Toxapex
|-clearallboost
|
|upkeep
|turn|62
|
|-curestatus|p2a: Grimmsnarl|slp|[msg]
|move|p2a: Grimmsnarl|Bulk Up|p2a: Grimmsnarl
|-boost|p2a: Grimmsnarl|atk|1
|-boost|p2a: Grimmsnarl|def|1
|move|p1a: Toxapex|Haze|p1a: Toxapex
|-clearallboost
|
|upkeep
|turn|63
|
|switch|p2a: Avalugg|Avalugg, M|56/100
|move|p1a: Toxapex|Scald|p2a: Avalugg
|-damage|p2a: Avalugg|23/100
|
|upkeep
|turn|64
|
|move|p1a: Toxapex|Scald|p2a: Avalugg
|-damage|p2a: Avalugg|0 fnt
|faint|p2a: Avalugg
|
|upkeep
|
|switch|p2a: Grimmsnarl|Grimmsnarl, M|100/100
|turn|65
|
|move|p2a: Grimmsnarl|Spirit Break|p1a: Toxapex
|-resisted|p1a: Toxapex
|-damage|p1a: Toxapex|79/100
|-unboost|p1a: Toxapex|spa|1
|move|p1a: Toxapex|Haze|p1a: Toxapex
|-clearallboost
|
|upkeep
|turn|66
|
|move|p2a: Grimmsnarl|Bulk Up|p2a: Grimmsnarl
|-boost|p2a: Grimmsnarl|atk|1
|-boost|p2a: Grimmsnarl|def|1
|move|p1a: Toxapex|Haze|p1a: Toxapex
|-clearallboost
|
|upkeep
|turn|67
|
|move|p2a: Grimmsnarl|Rest|p2a: Grimmsnarl
|-fail|p2a: Grimmsnarl|heal
|move|p1a: Toxapex|Haze|p1a: Toxapex
|-clearallboost
|
|upkeep
|turn|68
|
|move|p2a: Grimmsnarl|Sleep Talk||[still]
|-fail|p2a: Grimmsnarl
|move|p1a: Toxapex|Haze|p1a: Toxapex
|-clearallboost
|
|upkeep
|turn|69
|
|move|p2a: Grimmsnarl|Sleep Talk||[still]
|-fail|p2a: Grimmsnarl
|move|p1a: Toxapex|Scald|p2a: Grimmsnarl
|-damage|p2a: Grimmsnarl|88/100
|-status|p2a: Grimmsnarl|brn
|
|-heal|p2a: Grimmsnarl|94/100 brn|[from] item: Leftovers
|-damage|p2a: Grimmsnarl|88/100 brn|[from] brn
|upkeep
|turn|70
|
|move|p2a: Grimmsnarl|Sleep Talk||[still]
|-fail|p2a: Grimmsnarl
|move|p1a: Toxapex|Haze|p1a: Toxapex
|-clearallboost
|
|-heal|p2a: Grimmsnarl|94/100 brn|[from] item: Leftovers
|-damage|p2a: Grimmsnarl|88/100 brn|[from] brn
|upkeep
|turn|71
|
|move|p2a: Grimmsnarl|Rest|p2a: Grimmsnarl
|-status|p2a: Grimmsnarl|slp|[from] move: Rest
|-heal|p2a: Grimmsnarl|100/100 slp|[silent]
|move|p1a: Toxapex|Haze|p1a: Toxapex
|-clearallboost
|
|upkeep
|turn|72
|
|cant|p2a: Grimmsnarl|slp
|move|p1a: Toxapex|Scald|p2a: Grimmsnarl
|-damage|p2a: Grimmsnarl|87/100 slp
|
|-heal|p2a: Grimmsnarl|93/100 slp|[from] item: Leftovers
|upkeep
|turn|73
|
|cant|p2a: Grimmsnarl|slp
|move|p1a: Toxapex|Haze|p1a: Toxapex
|-clearallboost
|
|-heal|p2a: Grimmsnarl|99/100 slp|[from] item: Leftovers
|upkeep
|turn|74
|
|-curestatus|p2a: Grimmsnarl|slp|[msg]
|move|p2a: Grimmsnarl|Bulk Up|p2a: Grimmsnarl
|-boost|p2a: Grimmsnarl|atk|1
|-boost|p2a: Grimmsnarl|def|1
|move|p1a: Toxapex|Scald|p2a: Grimmsnarl
|-damage|p2a: Grimmsnarl|86/100
|
|-heal|p2a: Grimmsnarl|92/100|[from] item: Leftovers
|upkeep
|turn|75
|
|move|p2a: Grimmsnarl|Rest|p2a: Grimmsnarl
|-status|p2a: Grimmsnarl|slp|[from] move: Rest
|-heal|p2a: Grimmsnarl|100/100 slp|[silent]
|move|p1a: Toxapex|Haze|p1a: Toxapex
|-clearallboost
|
|upkeep
|turn|76
|
|cant|p2a: Grimmsnarl|slp
|move|p1a: Toxapex|Toxic||[still]
|-fail|p1a: Toxapex
|
|upkeep
|turn|77
|
|cant|p2a: Grimmsnarl|slp
|move|p1a: Toxapex|Toxic||[still]
|-fail|p1a: Toxapex
|
|upkeep
|turn|78
|
|-curestatus|p2a: Grimmsnarl|slp|[msg]
|move|p2a: Grimmsnarl|Bulk Up|p2a: Grimmsnarl
|-boost|p2a: Grimmsnarl|atk|1
|-boost|p2a: Grimmsnarl|def|1
|move|p1a: Toxapex|Toxic|p2a: Grimmsnarl
|-status|p2a: Grimmsnarl|tox
|
|-damage|p2a: Grimmsnarl|94/100 tox|[from] psn
|upkeep
|turn|79
|
|move|p2a: Grimmsnarl|Rest|p2a: Grimmsnarl
|-status|p2a: Grimmsnarl|slp|[from] move: Rest
|-heal|p2a: Grimmsnarl|100/100 slp|[silent]
|move|p1a: Toxapex|Haze|p1a: Toxapex
|-clearallboost
|
|upkeep
|turn|80
|
|cant|p2a: Grimmsnarl|slp
|move|p1a: Toxapex|Recover|p1a: Toxapex
|-heal|p1a: Toxapex|100/100
|
|upkeep
|turn|81
|
|cant|p2a: Grimmsnarl|slp
|move|p1a: Toxapex|Haze|p1a: Toxapex
|-clearallboost
|
|upkeep
|turn|82
|
|-curestatus|p2a: Grimmsnarl|slp|[msg]
|move|p2a: Grimmsnarl|Bulk Up|p2a: Grimmsnarl
|-boost|p2a: Grimmsnarl|atk|1
|-boost|p2a: Grimmsnarl|def|1
|move|p1a: Toxapex|Recover||[still]
|-fail|p1a: Toxapex|heal
|
|upkeep
|turn|83
|
|move|p2a: Grimmsnarl|Spirit Break|p1a: Toxapex
|-resisted|p1a: Toxapex
|-damage|p1a: Toxapex|88/100
|-unboost|p1a: Toxapex|spa|1
|move|p1a: Toxapex|Haze|p1a: Toxapex
|-clearallboost
|
|upkeep
|turn|84
|
|move|p2a: Grimmsnarl|Bulk Up|p2a: Grimmsnarl
|-boost|p2a: Grimmsnarl|atk|1
|-boost|p2a: Grimmsnarl|def|1
|move|p1a: Toxapex|Haze|p1a: Toxapex
|-clearallboost
|
|upkeep
|turn|85
|
|move|p2a: Grimmsnarl|Sleep Talk||[still]
|-fail|p2a: Grimmsnarl
|move|p1a: Toxapex|Haze|p1a: Toxapex
|-clearallboost
|
|upkeep
|turn|86
|
|move|p2a: Grimmsnarl|Sleep Talk||[still]
|-fail|p2a: Grimmsnarl
|move|p1a: Toxapex|Recover|p1a: Toxapex
|-heal|p1a: Toxapex|100/100
|
|upkeep
|turn|87
|
|move|p2a: Grimmsnarl|Sleep Talk||[still]
|-fail|p2a: Grimmsnarl
|move|p1a: Toxapex|Haze|p1a: Toxapex
|-clearallboost
|
|upkeep
|turn|88
|
|move|p2a: Grimmsnarl|Bulk Up|p2a: Grimmsnarl
|-boost|p2a: Grimmsnarl|atk|1
|-boost|p2a: Grimmsnarl|def|1
|move|p1a: Toxapex|Haze|p1a: Toxapex
|-clearallboost
|
|upkeep
|turn|89
|
|move|p2a: Grimmsnarl|Sleep Talk||[still]
|-fail|p2a: Grimmsnarl
|move|p1a: Toxapex|Haze|p1a: Toxapex
|-clearallboost
|
|upkeep
|turn|90
|
|move|p2a: Grimmsnarl|Spirit Break|p1a: Toxapex
|-resisted|p1a: Toxapex
|-damage|p1a: Toxapex|91/100
|-unboost|p1a: Toxapex|spa|1
|move|p1a: Toxapex|Haze|p1a: Toxapex
|-clearallboost
|
|upkeep
|turn|91
|
|move|p2a: Grimmsnarl|Bulk Up|p2a: Grimmsnarl
|-boost|p2a: Grimmsnarl|atk|1
|-boost|p2a: Grimmsnarl|def|1
|move|p1a: Toxapex|Haze|p1a: Toxapex
|-clearallboost
|
|upkeep
|turn|92
|
|move|p2a: Grimmsnarl|Sleep Talk||[still]
|-fail|p2a: Grimmsnarl
|move|p1a: Toxapex|Haze|p1a: Toxapex
|-clearallboost
|
|upkeep
|turn|93
|
|move|p2a: Grimmsnarl|Sleep Talk||[still]
|-fail|p2a: Grimmsnarl
|move|p1a: Toxapex|Haze|p1a: Toxapex
|-clearallboost
|
|upkeep
|turn|94
|
|move|p2a: Grimmsnarl|Bulk Up|p2a: Grimmsnarl
|-boost|p2a: Grimmsnarl|atk|1
|-boost|p2a: Grimmsnarl|def|1
|move|p1a: Toxapex|Haze|p1a: Toxapex
|-clearallboost
|
|upkeep
|turn|95
|
|move|p2a: Grimmsnarl|Bulk Up|p2a: Grimmsnarl
|-boost|p2a: Grimmsnarl|atk|1
|-boost|p2a: Grimmsnarl|def|1
|move|p1a: Toxapex|Haze|p1a: Toxapex
|-clearallboost
|
|upkeep
|turn|96
|
|move|p2a: Grimmsnarl|Sleep Talk||[still]
|-fail|p2a: Grimmsnarl
|move|p1a: Toxapex|Haze|p1a: Toxapex
|-clearallboost
|
|upkeep
|turn|97
|
|move|p2a: Grimmsnarl|Spirit Break|p1a: Toxapex
|-resisted|p1a: Toxapex
|-damage|p1a: Toxapex|82/100
|-unboost|p1a: Toxapex|spa|1
|move|p1a: Toxapex|Haze|p1a: Toxapex
|-clearallboost
|
|upkeep
|turn|98
|
|move|p2a: Grimmsnarl|Spirit Break|p1a: Toxapex
|-resisted|p1a: Toxapex
|-damage|p1a: Toxapex|73/100
|-unboost|p1a: Toxapex|spa|1
|move|p1a: Toxapex|Recover|p1a: Toxapex
|-heal|p1a: Toxapex|100/100
|
|upkeep
|turn|99
|
|move|p2a: Grimmsnarl|Bulk Up|p2a: Grimmsnarl
|-boost|p2a: Grimmsnarl|atk|1
|-boost|p2a: Grimmsnarl|def|1
|move|p1a: Toxapex|Haze|p1a: Toxapex
|-clearallboost
|
|upkeep
|turn|100
|
|move|p2a: Grimmsnarl|Bulk Up|p2a: Grimmsnarl
|-boost|p2a: Grimmsnarl|atk|1
|-boost|p2a: Grimmsnarl|def|1
|move|p1a: Toxapex|Haze|p1a: Toxapex
|-clearallboost
|
|upkeep
|turn|101
|
|move|p2a: Grimmsnarl|Sleep Talk||[still]
|-fail|p2a: Grimmsnarl
|move|p1a: Toxapex|Haze|p1a: Toxapex
|-clearallboost
|
|upkeep
|turn|102
|inactive|Notbadcheese has 120 seconds left.
|
|move|p2a: Grimmsnarl|Bulk Up|p2a: Grimmsnarl
|-boost|p2a: Grimmsnarl|atk|1
|-boost|p2a: Grimmsnarl|def|1
|move|p1a: Toxapex|Haze|p1a: Toxapex
|-clearallboost
|
|upkeep
|turn|103
|inactive|Notbadcheese has 120 seconds left.
|
|move|p2a: Grimmsnarl|Bulk Up|p2a: Grimmsnarl
|-boost|p2a: Grimmsnarl|atk|1
|-boost|p2a: Grimmsnarl|def|1
|move|p1a: Toxapex|Haze|p1a: Toxapex
|-clearallboost
|
|upkeep
|turn|104
|inactive|Notbadcheese has 120 seconds left.
|
|move|p2a: Grimmsnarl|Bulk Up|p2a: Grimmsnarl
|-boost|p2a: Grimmsnarl|atk|1
|-boost|p2a: Grimmsnarl|def|1
|move|p1a: Toxapex|Haze|p1a: Toxapex
|-clearallboost
|
|upkeep
|turn|105
|
|move|p2a: Grimmsnarl|Spirit Break|p1a: Toxapex
|-resisted|p1a: Toxapex
|-damage|p1a: Toxapex|91/100
|-unboost|p1a: Toxapex|spa|1
|move|p1a: Toxapex|Haze|p1a: Toxapex
|-clearallboost
|
|upkeep
|turn|106
|
|move|p2a: Grimmsnarl|Bulk Up|p2a: Grimmsnarl
|-boost|p2a: Grimmsnarl|atk|1
|-boost|p2a: Grimmsnarl|def|1
|move|p1a: Toxapex|Haze|p1a: Toxapex
|-clearallboost
|
|upkeep
|turn|107
|
|move|p2a: Grimmsnarl|Bulk Up|p2a: Grimmsnarl
|-boost|p2a: Grimmsnarl|atk|1
|-boost|p2a: Grimmsnarl|def|1
|move|p1a: Toxapex|Haze|p1a: Toxapex
|-clearallboost
|
|upkeep
|turn|108
|
|move|p2a: Grimmsnarl|Bulk Up|p2a: Grimmsnarl
|-boost|p2a: Grimmsnarl|atk|1
|-boost|p2a: Grimmsnarl|def|1
|move|p1a: Toxapex|Haze|p1a: Toxapex
|-clearallboost
|
|upkeep
|turn|109
|
|move|p2a: Grimmsnarl|Bulk Up|p2a: Grimmsnarl
|-boost|p2a: Grimmsnarl|atk|1
|-boost|p2a: Grimmsnarl|def|1
|move|p1a: Toxapex|Haze|p1a: Toxapex
|-clearallboost
|
|upkeep
|turn|110
|
|move|p2a: Grimmsnarl|Sleep Talk||[still]
|-fail|p2a: Grimmsnarl
|move|p1a: Toxapex|Haze|p1a: Toxapex
|-clearallboost
|
|upkeep
|turn|111
|
|move|p2a: Grimmsnarl|Sleep Talk||[still]
|-fail|p2a: Grimmsnarl
|move|p1a: Toxapex|Haze|p1a: Toxapex
|-clearallboost
|
|upkeep
|turn|112
|
|move|p2a: Grimmsnarl|Bulk Up|p2a: Grimmsnarl
|-boost|p2a: Grimmsnarl|atk|1
|-boost|p2a: Grimmsnarl|def|1
|move|p1a: Toxapex|Haze|p1a: Toxapex
|-clearallboost
|
|upkeep
|turn|113
|
|move|p2a: Grimmsnarl|Bulk Up|p2a: Grimmsnarl
|-boost|p2a: Grimmsnarl|atk|1
|-boost|p2a: Grimmsnarl|def|1
|move|p1a: Toxapex|Recover|p1a: Toxapex
|-heal|p1a: Toxapex|100/100
|
|upkeep
|turn|114
|
|move|p2a: Grimmsnarl|Bulk Up|p2a: Grimmsnarl
|-boost|p2a: Grimmsnarl|atk|1
|-boost|p2a: Grimmsnarl|def|1
|move|p1a: Toxapex|Recover||[still]
|-fail|p1a: Toxapex|heal
|
|upkeep
|turn|115
|
|move|p2a: Grimmsnarl|Spirit Break|p1a: Toxapex
|-resisted|p1a: Toxapex
|-damage|p1a: Toxapex|83/100
|-unboost|p1a: Toxapex|spa|1
|move|p1a: Toxapex|Recover|p1a: Toxapex
|-heal|p1a: Toxapex|100/100
|
|upkeep
|turn|116
|
|move|p2a: Grimmsnarl|Bulk Up|p2a: Grimmsnarl
|-boost|p2a: Grimmsnarl|atk|1
|-boost|p2a: Grimmsnarl|def|1
|move|p1a: Toxapex|Haze|p1a: Toxapex
|-clearallboost
|
|upkeep
|turn|117
|
|move|p2a: Grimmsnarl|Bulk Up|p2a: Grimmsnarl
|-boost|p2a: Grimmsnarl|atk|1
|-boost|p2a: Grimmsnarl|def|1
|move|p1a: Toxapex|Recover||[still]
|-fail|p1a: Toxapex|heal
|
|upkeep
|turn|118
|
|move|p2a: Grimmsnarl|Sleep Talk||[still]
|-fail|p2a: Grimmsnarl
|move|p1a: Toxapex|Haze|p1a: Toxapex
|-clearallboost
|
|upkeep
|turn|119
|
|move|p2a: Grimmsnarl|Rest|p2a: Grimmsnarl
|-fail|p2a: Grimmsnarl|heal
|move|p1a: Toxapex|Haze|p1a: Toxapex
|-clearallboost
|
|upkeep
|turn|120
|
|move|p2a: Grimmsnarl|Rest|p2a: Grimmsnarl
|-fail|p2a: Grimmsnarl|heal
|move|p1a: Toxapex|Toxic|p2a: Grimmsnarl
|-status|p2a: Grimmsnarl|tox
|
|-damage|p2a: Grimmsnarl|94/100 tox|[from] psn
|upkeep
|turn|121
|l|☆Notbadcheese
|inactive|Notbadcheese disconnected and has a minute to reconnect!
|player|p2|
|j|☆Notbadcheese
|inactive|Notbadcheese reconnected and has 100 seconds left.
|player|p2|Notbadcheese|12
|
|move|p2a: Grimmsnarl|Rest|p2a: Grimmsnarl
|-status|p2a: Grimmsnarl|slp|[from] move: Rest
|-heal|p2a: Grimmsnarl|100/100 slp|[silent]
|move|p1a: Toxapex|Toxic||[still]
|-fail|p1a: Toxapex
|
|upkeep
|turn|122
|
|cant|p2a: Grimmsnarl|slp
|move|p1a: Toxapex|Toxic||[still]
|-fail|p1a: Toxapex
|
|upkeep
|turn|123
|
|cant|p2a: Grimmsnarl|slp
|move|p1a: Toxapex|Scald|p2a: Grimmsnarl
|-damage|p2a: Grimmsnarl|88/100 slp
|
|-heal|p2a: Grimmsnarl|94/100 slp|[from] item: Leftovers
|upkeep
|turn|124
|
|-curestatus|p2a: Grimmsnarl|slp|[msg]
|move|p2a: Grimmsnarl|Rest|p2a: Grimmsnarl
|-status|p2a: Grimmsnarl|slp|[from] move: Rest
|-heal|p2a: Grimmsnarl|100/100 slp|[silent]
|move|p1a: Toxapex|Scald|p2a: Grimmsnarl
|-crit|p2a: Grimmsnarl
|-damage|p2a: Grimmsnarl|78/100 slp
|
|-heal|p2a: Grimmsnarl|85/100 slp|[from] item: Leftovers
|upkeep
|turn|125
|inactive|Notbadcheese has 90 seconds left.
|
|cant|p2a: Grimmsnarl|slp
|move|p1a: Toxapex|Scald|p2a: Grimmsnarl
|-damage|p2a: Grimmsnarl|72/100 slp
|
|-heal|p2a: Grimmsnarl|78/100 slp|[from] item: Leftovers
|upkeep
|turn|126
|inactive|Notbadcheese has 90 seconds left.
|
|cant|p2a: Grimmsnarl|slp
|move|p1a: Toxapex|Scald|p2a: Grimmsnarl
|-damage|p2a: Grimmsnarl|64/100 slp
|
|-heal|p2a: Grimmsnarl|70/100 slp|[from] item: Leftovers
|upkeep
|turn|127
|inactive|Notbadcheese has 90 seconds left.
|
|-curestatus|p2a: Grimmsnarl|slp|[msg]
|move|p2a: Grimmsnarl|Rest|p2a: Grimmsnarl
|-status|p2a: Grimmsnarl|slp|[from] move: Rest
|-heal|p2a: Grimmsnarl|100/100 slp|[silent]
|move|p1a: Toxapex|Scald|p2a: Grimmsnarl
|-damage|p2a: Grimmsnarl|87/100 slp
|
|-heal|p2a: Grimmsnarl|93/100 slp|[from] item: Leftovers
|upkeep
|turn|128
|inactive|Notbadcheese has 90 seconds left.
|
|cant|p2a: Grimmsnarl|slp
|move|p1a: Toxapex|Scald|p2a: Grimmsnarl
|-crit|p2a: Grimmsnarl
|-damage|p2a: Grimmsnarl|73/100 slp
|
|-heal|p2a: Grimmsnarl|79/100 slp|[from] item: Leftovers
|upkeep
|turn|129
|
|cant|p2a: Grimmsnarl|slp
|move|p1a: Toxapex|Scald|p2a: Grimmsnarl
|-damage|p2a: Grimmsnarl|66/100 slp
|
|-heal|p2a: Grimmsnarl|72/100 slp|[from] item: Leftovers
|upkeep
|turn|130
|
|-curestatus|p2a: Grimmsnarl|slp|[msg]
|move|p2a: Grimmsnarl|Rest|p2a: Grimmsnarl
|-status|p2a: Grimmsnarl|slp|[from] move: Rest
|-heal|p2a: Grimmsnarl|100/100 slp|[silent]
|move|p1a: Toxapex|Scald|p2a: Grimmsnarl
|-damage|p2a: Grimmsnarl|87/100 slp
|
|-heal|p2a: Grimmsnarl|93/100 slp|[from] item: Leftovers
|upkeep
|turn|131
|
|cant|p2a: Grimmsnarl|slp
|move|p1a: Toxapex|Scald|p2a: Grimmsnarl
|-damage|p2a: Grimmsnarl|79/100 slp
|
|-heal|p2a: Grimmsnarl|85/100 slp|[from] item: Leftovers
|upkeep
|turn|132
|
|cant|p2a: Grimmsnarl|slp
|move|p1a: Toxapex|Scald|p2a: Grimmsnarl
|-damage|p2a: Grimmsnarl|71/100 slp
|
|-heal|p2a: Grimmsnarl|77/100 slp|[from] item: Leftovers
|upkeep
|turn|133
|
|-curestatus|p2a: Grimmsnarl|slp|[msg]
|move|p2a: Grimmsnarl|Rest|p2a: Grimmsnarl
|-status|p2a: Grimmsnarl|slp|[from] move: Rest
|-heal|p2a: Grimmsnarl|100/100 slp|[silent]
|move|p1a: Toxapex|Scald|p2a: Grimmsnarl
|-damage|p2a: Grimmsnarl|86/100 slp
|
|-heal|p2a: Grimmsnarl|92/100 slp|[from] item: Leftovers
|upkeep
|turn|134
|
|cant|p2a: Grimmsnarl|slp
|move|p1a: Toxapex|Toxic||[still]
|-fail|p1a: Toxapex
|
|-heal|p2a: Grimmsnarl|98/100 slp|[from] item: Leftovers
|upkeep
|turn|135
|inactive|witcher7777 has 120 seconds left.
|
|cant|p2a: Grimmsnarl|slp
|-activate|p1a: Toxapex|move: Struggle
|move|p1a: Toxapex|Struggle|p2a: Grimmsnarl
|-damage|p2a: Grimmsnarl|91/100 slp
|-damage|p1a: Toxapex|75/100|[from] recoil
|
|-heal|p2a: Grimmsnarl|97/100 slp|[from] item: Leftovers
|upkeep
|turn|136
|inactive|witcher7777 has 120 seconds left.
|
|-curestatus|p2a: Grimmsnarl|slp|[msg]
|move|p2a: Grimmsnarl|Rest|p2a: Grimmsnarl
|-status|p2a: Grimmsnarl|slp|[from] move: Rest
|-heal|p2a: Grimmsnarl|100/100 slp|[silent]
|-activate|p1a: Toxapex|move: Struggle
|move|p1a: Toxapex|Struggle|p2a: Grimmsnarl
|-damage|p2a: Grimmsnarl|93/100 slp
|-damage|p1a: Toxapex|50/100|[from] recoil
|
|-heal|p2a: Grimmsnarl|99/100 slp|[from] item: Leftovers
|upkeep
|turn|137
|
|cant|p2a: Grimmsnarl|slp
|-activate|p1a: Toxapex|move: Struggle
|move|p1a: Toxapex|Struggle|p2a: Grimmsnarl
|-damage|p2a: Grimmsnarl|91/100 slp
|-damage|p1a: Toxapex|25/100|[from] recoil
|
|-heal|p2a: Grimmsnarl|97/100 slp|[from] item: Leftovers
|upkeep
|turn|138
|
|cant|p2a: Grimmsnarl|slp
|-activate|p1a: Toxapex|move: Struggle
|move|p1a: Toxapex|Struggle|p2a: Grimmsnarl
|-damage|p2a: Grimmsnarl|89/100 slp
|-damage|p1a: Toxapex|0 fnt|[from] recoil
|faint|p1a: Toxapex
|
|win|Notbadcheese
|raw|witcher7777's rating: 1176 → 1150(-26 for losing)
|raw|Notbadcheese's rating: 1159 → 1186(+27 for winning)
|l|☆witcher7777
