|ScrapeTime|2020-01-01-22:14:51
|j|☆Garchomplte
|j|☆emiRA007
|player|p1|Garchomplte|brock|1589
|player|p2|emiRA007|schoolkid-gen4|1606
|teamsize|p1|6
|teamsize|p2|6
|gametype|singles
|gen|8
|tier|[Gen 8] OU
|rated|
|rule|Sleep Clause Mod: Limit one foe put to sleep
|rule|Species Clause: Limit one of each Pokémon
|rule|OHKO Clause: OHKO moves are banned
|rule|Evasion Moves Clause: Evasion moves are banned
|rule|Endless Battle Clause: Forcing endless battles is banned
|rule|HP Percentage Mod: HP is shown in percentages
|clearpoke
|poke|p1|Hippowdon, F|
|poke|p1|Seismitoad, M|
|poke|p1|Mandibuzz, F|
|poke|p1|Bronzong|
|poke|p1|Toxapex, M|
|poke|p1|Toxtricity, M|
|poke|p2|Dracozolt|
|poke|p2|Conkeldurr, M|
|poke|p2|Dragapult, F|
|poke|p2|Corsola-Galar, M|
|poke|p2|Toxapex, M|
|poke|p2|Tyranitar, M|
|rule|Dynamax Clause: You cannot dynamax
|teampreview
|j| KentonUlm2
|
|start
|switch|p1a: Hippowdon|Hippowdon, F|100/100
|switch|p2a: Dragapult|Dragapult, F|100/100
|-weather|Sandstorm|[from] ability: Sand Stream|[of] p1a: Hippowdon
|turn|1
|inactive|Battle timer is ON: inactive players will automatically lose when time's up. (requested by emiRA007)
|
|move|p2a: Dragapult|Draco Meteor|p1a: Hippowdon
|-damage|p1a: Hippowdon|16/100
|-unboost|p2a: Dragapult|spa|2
|move|p1a: Hippowdon|Slack Off|p1a: Hippowdon
|-heal|p1a: Hippowdon|66/100
|
|-weather|Sandstorm|[upkeep]
|-damage|p2a: Dragapult|95/100|[from] Sandstorm
|-heal|p1a: Hippowdon|72/100|[from] item: Leftovers
|upkeep
|turn|2
|
|switch|p2a: Corsola|Corsola-Galar, M|100/100
|move|p1a: Hippowdon|Stealth Rock|p2a: Corsola
|-sidestart|p2: emiRA007|move: Stealth Rock
|
|-weather|Sandstorm|[upkeep]
|-damage|p2a: Corsola|94/100|[from] Sandstorm
|-heal|p1a: Hippowdon|79/100|[from] item: Leftovers
|upkeep
|turn|3
|
|switch|p1a: Mandibuzz|Mandibuzz, F|100/100
|move|p2a: Corsola|Stealth Rock|p1a: Mandibuzz
|-sidestart|p1: Garchomplte|move: Stealth Rock
|
|-weather|Sandstorm|[upkeep]
|-damage|p2a: Corsola|88/100|[from] Sandstorm
|upkeep
|turn|4
|
|switch|p2a: Tyranitar|Tyranitar, M|100/100
|-damage|p2a: Tyranitar|88/100|[from] Stealth Rock
|move|p1a: Mandibuzz|Knock Off|p2a: Tyranitar
|-resisted|p2a: Tyranitar
|-damage|p2a: Tyranitar|77/100
|-enditem|p2a: Tyranitar|Leftovers|[from] move: Knock Off|[of] p1a: Mandibuzz
|
|-weather|Sandstorm|[upkeep]
|upkeep
|turn|5
|j| psydukk++!
|inactive|Garchomplte has 120 seconds left.
|
|switch|p1a: Hippowdon|Hippowdon, F|79/100
|-damage|p1a: Hippowdon|72/100|[from] Stealth Rock
|move|p2a: Tyranitar|Dragon Dance|p2a: Tyranitar
|-boost|p2a: Tyranitar|atk|1
|-boost|p2a: Tyranitar|spe|1
|
|-weather|none
|-heal|p1a: Hippowdon|79/100|[from] item: Leftovers
|upkeep
|turn|6
|
|move|p2a: Tyranitar|Crunch|p1a: Hippowdon
|-damage|p1a: Hippowdon|38/100
|-unboost|p1a: Hippowdon|def|1
|move|p1a: Hippowdon|Slack Off|p1a: Hippowdon
|-heal|p1a: Hippowdon|88/100
|
|-heal|p1a: Hippowdon|94/100|[from] item: Leftovers
|upkeep
|turn|7
|
|move|p2a: Tyranitar|Crunch|p1a: Hippowdon
|-damage|p1a: Hippowdon|32/100
|move|p1a: Hippowdon|Earthquake|p2a: Tyranitar
|-supereffective|p2a: Tyranitar
|-damage|p2a: Tyranitar|7/100
|
|-heal|p1a: Hippowdon|39/100|[from] item: Leftovers
|upkeep
|turn|8
|
|move|p2a: Tyranitar|Crunch|p1a: Hippowdon
|-damage|p1a: Hippowdon|0 fnt
|faint|p1a: Hippowdon
|
|upkeep
|
|switch|p1a: Toxapex|Toxapex, M|100/100
|-damage|p1a: Toxapex|88/100|[from] Stealth Rock
|turn|9
|
|move|p2a: Tyranitar|Stone Edge|p1a: Toxapex
|-crit|p1a: Toxapex
|-damage|p1a: Toxapex|14/100
|move|p1a: Toxapex|Scald|p2a: Tyranitar
|-supereffective|p2a: Tyranitar
|-damage|p2a: Tyranitar|0 fnt
|faint|p2a: Tyranitar
|
|-heal|p1a: Toxapex|20/100|[from] item: Black Sludge
|upkeep
|
|switch|p2a: Dracozolt|Dracozolt|100/100
|-damage|p2a: Dracozolt|88/100|[from] Stealth Rock
|turn|10
|
|switch|p1a: Seismitoad|Seismitoad, M|100/100
|-damage|p1a: Seismitoad|94/100|[from] Stealth Rock
|move|p2a: Dracozolt|Dragon Claw|p1a: Seismitoad
|-damage|p1a: Seismitoad|57/100
|
|-heal|p2a: Dracozolt|94/100|[from] item: Leftovers
|-heal|p1a: Seismitoad|63/100|[from] item: Leftovers
|upkeep
|turn|11
|
|switch|p2a: Corsola|Corsola-Galar, M|88/100
|-damage|p2a: Corsola|76/100|[from] Stealth Rock
|move|p1a: Seismitoad|Toxic|p2a: Corsola
|-status|p2a: Corsola|tox
|
|-heal|p1a: Seismitoad|69/100|[from] item: Leftovers
|-damage|p2a: Corsola|70/100 tox|[from] psn
|upkeep
|turn|12
|
|switch|p1a: Mandibuzz|Mandibuzz, F|100/100
|move|p2a: Corsola|Night Shade|p1a: Mandibuzz
|-damage|p1a: Mandibuzz|77/100
|
|-damage|p2a: Corsola|57/100 tox|[from] psn
|upkeep
|turn|13
|
|switch|p2a: Dracozolt|Dracozolt|94/100
|-damage|p2a: Dracozolt|82/100|[from] Stealth Rock
|move|p1a: Mandibuzz|Knock Off|p2a: Dracozolt
|-damage|p2a: Dracozolt|57/100
|-enditem|p2a: Dracozolt|Leftovers|[from] move: Knock Off|[of] p1a: Mandibuzz
|
|upkeep
|turn|14
|
|switch|p1a: Seismitoad|Seismitoad, M|69/100
|-damage|p1a: Seismitoad|63/100|[from] Stealth Rock
|move|p2a: Dracozolt|Dragon Claw|p1a: Seismitoad
|-damage|p1a: Seismitoad|25/100
|
|-heal|p1a: Seismitoad|31/100|[from] item: Leftovers
|upkeep
|turn|15
|
|move|p2a: Dracozolt|Dragon Claw|p1a: Seismitoad
|-damage|p1a: Seismitoad|0 fnt
|faint|p1a: Seismitoad
|
|upkeep
|
|switch|p1a: Toxtricity|Toxtricity, M|100/100
|-damage|p1a: Toxtricity|88/100|[from] Stealth Rock
|turn|16
|
|switch|p2a: Corsola|Corsola-Galar, M|57/100 tox
|-damage|p2a: Corsola|45/100 tox|[from] Stealth Rock
|move|p1a: Toxtricity|Sludge Wave|p2a: Corsola
|-resisted|p2a: Corsola
|-damage|p2a: Corsola|26/100 tox
|
|-damage|p2a: Corsola|20/100 tox|[from] psn
|upkeep
|turn|17
|
|move|p1a: Toxtricity|Sludge Wave|p2a: Corsola
|-resisted|p2a: Corsola
|-damage|p2a: Corsola|4/100 tox
|move|p2a: Corsola|Will-O-Wisp|p1a: Toxtricity
|-status|p1a: Toxtricity|brn
|
|-damage|p1a: Toxtricity|82/100 brn|[from] brn
|-damage|p2a: Corsola|0 fnt|[from] psn
|faint|p2a: Corsola
|upkeep
|
|switch|p2a: Toxapex|Toxapex, M|100/100
|-damage|p2a: Toxapex|88/100|[from] Stealth Rock
|turn|18
|
|switch|p1a: Bronzong|Bronzong|100/100
|-damage|p1a: Bronzong|94/100|[from] Stealth Rock
|switch|p2a: Dracozolt|Dracozolt|57/100
|-damage|p2a: Dracozolt|44/100|[from] Stealth Rock
|
|-heal|p1a: Bronzong|100/100|[from] item: Leftovers
|upkeep
|turn|19
|
|move|p2a: Dracozolt|Bolt Beak|p1a: Bronzong
|-damage|p1a: Bronzong|11/100
|move|p1a: Bronzong|Earthquake|p2a: Dracozolt
|-supereffective|p2a: Dracozolt
|-damage|p2a: Dracozolt|0 fnt
|faint|p2a: Dracozolt
|
|-heal|p1a: Bronzong|17/100|[from] item: Leftovers
|upkeep
|
|switch|p2a: Dragapult|Dragapult, F|95/100
|-damage|p2a: Dragapult|82/100|[from] Stealth Rock
|turn|20
|
|move|p1a: Bronzong|Protect|p1a: Bronzong
|-singleturn|p1a: Bronzong|Protect
|move|p2a: Dragapult|Thunderbolt|p1a: Bronzong
|-activate|p1a: Bronzong|move: Protect
|
|-heal|p1a: Bronzong|23/100|[from] item: Leftovers
|upkeep
|turn|21
|
|move|p2a: Dragapult|Thunderbolt|p1a: Bronzong
|-damage|p1a: Bronzong|0 fnt
|faint|p1a: Bronzong
|
|upkeep
|
|switch|p1a: Toxtricity|Toxtricity, M|82/100 brn
|-damage|p1a: Toxtricity|70/100 brn|[from] Stealth Rock
|turn|22
|
|move|p2a: Dragapult|Thunderbolt|p1a: Toxtricity
|-resisted|p1a: Toxtricity
|-damage|p1a: Toxtricity|37/100 brn
|move|p1a: Toxtricity|Volt Switch|p2a: Dragapult
|-resisted|p2a: Dragapult
|-damage|p2a: Dragapult|47/100
|
|switch|p1a: Mandibuzz|Mandibuzz, F|77/100|[from]move: Volt Switch
|
|upkeep
|turn|23
|
|move|p2a: Dragapult|Thunderbolt|p1a: Mandibuzz
|-supereffective|p1a: Mandibuzz
|-damage|p1a: Mandibuzz|22/100
|move|p1a: Mandibuzz|Knock Off|p2a: Dragapult
|-supereffective|p2a: Dragapult
|-damage|p2a: Dragapult|0 fnt
|-enditem|p2a: Dragapult|Choice Specs|[from] move: Knock Off|[of] p1a: Mandibuzz
|faint|p2a: Dragapult
|
|upkeep
|
|switch|p2a: Conkeldurr|Conkeldurr, M|100/100
|-damage|p2a: Conkeldurr|94/100|[from] Stealth Rock
|turn|24
|
|move|p1a: Mandibuzz|Knock Off|p2a: Conkeldurr
|-resisted|p2a: Conkeldurr
|-damage|p2a: Conkeldurr|85/100
|-enditem|p2a: Conkeldurr|Flame Orb|[from] move: Knock Off|[of] p1a: Mandibuzz
|move|p2a: Conkeldurr|Drain Punch|p1a: Mandibuzz
|-damage|p1a: Mandibuzz|0 fnt
|-heal|p2a: Conkeldurr|96/100|[from] drain|[of] p1a: Mandibuzz
|faint|p1a: Mandibuzz
|
|upkeep
|
|switch|p1a: Toxtricity|Toxtricity, M|37/100 brn
|-damage|p1a: Toxtricity|24/100 brn|[from] Stealth Rock
|turn|25
|
|move|p2a: Conkeldurr|Mach Punch|p1a: Toxtricity
|-resisted|p1a: Toxtricity
|-damage|p1a: Toxtricity|7/100 brn
|move|p1a: Toxtricity|Boomburst|p2a: Conkeldurr
|-damage|p2a: Conkeldurr|0 fnt
|faint|p2a: Conkeldurr
|
|-damage|p1a: Toxtricity|1/100 brn|[from] brn
|upkeep
|
|switch|p2a: Toxapex|Toxapex, M|100/100
|-damage|p2a: Toxapex|88/100|[from] Stealth Rock
|turn|26
|
|move|p1a: Toxtricity|Boomburst|p2a: Toxapex
|-damage|p2a: Toxapex|11/100
|move|p2a: Toxapex|Recover|p2a: Toxapex
|-heal|p2a: Toxapex|61/100
|
|-heal|p2a: Toxapex|67/100|[from] item: Black Sludge
|-damage|p1a: Toxtricity|0 fnt|[from] brn
|faint|p1a: Toxtricity
|upkeep
|
|switch|p1a: Toxapex|Toxapex, M|53/100
|-damage|p1a: Toxapex|41/100|[from] Stealth Rock
|turn|27
|
|move|p1a: Toxapex|Scald|p2a: Toxapex
|-resisted|p2a: Toxapex
|-damage|p2a: Toxapex|61/100
|-status|p2a: Toxapex|brn
|move|p2a: Toxapex|Scald|p1a: Toxapex
|-resisted|p1a: Toxapex
|-damage|p1a: Toxapex|33/100
|-status|p1a: Toxapex|brn
|
|-heal|p2a: Toxapex|67/100 brn|[from] item: Black Sludge
|-heal|p1a: Toxapex|40/100 brn|[from] item: Black Sludge
|-damage|p2a: Toxapex|61/100 brn|[from] brn
|-damage|p1a: Toxapex|33/100 brn|[from] brn
|upkeep
|turn|28
|
|move|p2a: Toxapex|Scald|p1a: Toxapex
|-resisted|p1a: Toxapex
|-damage|p1a: Toxapex|26/100 brn
|move|p1a: Toxapex|Scald|p2a: Toxapex
|-resisted|p2a: Toxapex
|-damage|p2a: Toxapex|54/100 brn
|
|-heal|p2a: Toxapex|61/100 brn|[from] item: Black Sludge
|-heal|p1a: Toxapex|33/100 brn|[from] item: Black Sludge
|-damage|p2a: Toxapex|54/100 brn|[from] brn
|-damage|p1a: Toxapex|26/100 brn|[from] brn
|upkeep
|turn|29
|
|move|p1a: Toxapex|Scald|p2a: Toxapex
|-resisted|p2a: Toxapex
|-damage|p2a: Toxapex|48/100 brn
|move|p2a: Toxapex|Haze|p2a: Toxapex
|-clearallboost
|
|-heal|p2a: Toxapex|54/100 brn|[from] item: Black Sludge
|-heal|p1a: Toxapex|33/100 brn|[from] item: Black Sludge
|-damage|p2a: Toxapex|48/100 brn|[from] brn
|-damage|p1a: Toxapex|26/100 brn|[from] brn
|upkeep
|turn|30
|
|move|p1a: Toxapex|Scald|p2a: Toxapex
|-resisted|p2a: Toxapex
|-damage|p2a: Toxapex|41/100 brn
|move|p2a: Toxapex|Haze|p2a: Toxapex
|-clearallboost
|
|-heal|p2a: Toxapex|47/100 brn|[from] item: Black Sludge
|-heal|p1a: Toxapex|33/100 brn|[from] item: Black Sludge
|-damage|p2a: Toxapex|41/100 brn|[from] brn
|-damage|p1a: Toxapex|26/100 brn|[from] brn
|upkeep
|turn|31
|
|move|p1a: Toxapex|Scald|p2a: Toxapex
|-resisted|p2a: Toxapex
|-damage|p2a: Toxapex|33/100 brn
|move|p2a: Toxapex|Haze|p2a: Toxapex
|-clearallboost
|
|-heal|p2a: Toxapex|39/100 brn|[from] item: Black Sludge
|-heal|p1a: Toxapex|33/100 brn|[from] item: Black Sludge
|-damage|p2a: Toxapex|33/100 brn|[from] brn
|-damage|p1a: Toxapex|26/100 brn|[from] brn
|upkeep
|turn|32
|l| psydukk++!
|
|move|p2a: Toxapex|Haze|p2a: Toxapex
|-clearallboost
|move|p1a: Toxapex|Scald|p2a: Toxapex
|-resisted|p2a: Toxapex
|-damage|p2a: Toxapex|27/100 brn
|
|-heal|p2a: Toxapex|33/100 brn|[from] item: Black Sludge
|-heal|p1a: Toxapex|33/100 brn|[from] item: Black Sludge
|-damage|p2a: Toxapex|27/100 brn|[from] brn
|-damage|p1a: Toxapex|26/100 brn|[from] brn
|upkeep
|turn|33
|
|move|p1a: Toxapex|Scald|p2a: Toxapex
|-resisted|p2a: Toxapex
|-damage|p2a: Toxapex|20/100 brn
|move|p2a: Toxapex|Scald|p1a: Toxapex
|-resisted|p1a: Toxapex
|-damage|p1a: Toxapex|20/100 brn
|
|-heal|p2a: Toxapex|26/100 brn|[from] item: Black Sludge
|-heal|p1a: Toxapex|26/100 brn|[from] item: Black Sludge
|-damage|p2a: Toxapex|20/100 brn|[from] brn
|-damage|p1a: Toxapex|20/100 brn|[from] brn
|upkeep
|turn|34
|
|move|p2a: Toxapex|Recover|p2a: Toxapex
|-heal|p2a: Toxapex|70/100 brn
|move|p1a: Toxapex|Scald|p2a: Toxapex
|-resisted|p2a: Toxapex
|-damage|p2a: Toxapex|64/100 brn
|
|-heal|p2a: Toxapex|70/100 brn|[from] item: Black Sludge
|-heal|p1a: Toxapex|26/100 brn|[from] item: Black Sludge
|-damage|p2a: Toxapex|64/100 brn|[from] brn
|-damage|p1a: Toxapex|20/100 brn|[from] brn
|upkeep
|turn|35
|
|move|p2a: Toxapex|Scald|p1a: Toxapex
|-resisted|p1a: Toxapex
|-crit|p1a: Toxapex
|-damage|p1a: Toxapex|9/100 brn
|move|p1a: Toxapex|Scald|p2a: Toxapex
|-resisted|p2a: Toxapex
|-damage|p2a: Toxapex|57/100 brn
|
|-heal|p2a: Toxapex|63/100 brn|[from] item: Black Sludge
|-heal|p1a: Toxapex|16/100 brn|[from] item: Black Sludge
|-damage|p2a: Toxapex|57/100 brn|[from] brn
|-damage|p1a: Toxapex|9/100 brn|[from] brn
|upkeep
|turn|36
|
|move|p2a: Toxapex|Scald|p1a: Toxapex
|-resisted|p1a: Toxapex
|-damage|p1a: Toxapex|2/100 brn
|move|p1a: Toxapex|Recover|p1a: Toxapex
|-heal|p1a: Toxapex|52/100 brn
|
|-heal|p2a: Toxapex|63/100 brn|[from] item: Black Sludge
|-heal|p1a: Toxapex|59/100 brn|[from] item: Black Sludge
|-damage|p2a: Toxapex|57/100 brn|[from] brn
|-damage|p1a: Toxapex|52/100 brn|[from] brn
|upkeep
|turn|37
|
|move|p1a: Toxapex|Scald|p2a: Toxapex
|-resisted|p2a: Toxapex
|-damage|p2a: Toxapex|50/100 brn
|move|p2a: Toxapex|Haze|p2a: Toxapex
|-clearallboost
|
|-heal|p2a: Toxapex|56/100 brn|[from] item: Black Sludge
|-heal|p1a: Toxapex|59/100 brn|[from] item: Black Sludge
|-damage|p2a: Toxapex|50/100 brn|[from] brn
|-damage|p1a: Toxapex|52/100 brn|[from] brn
|upkeep
|turn|38
|
|move|p1a: Toxapex|Haze|p1a: Toxapex
|-clearallboost
|move|p2a: Toxapex|Haze|p2a: Toxapex
|-clearallboost
|
|-heal|p2a: Toxapex|56/100 brn|[from] item: Black Sludge
|-heal|p1a: Toxapex|59/100 brn|[from] item: Black Sludge
|-damage|p2a: Toxapex|50/100 brn|[from] brn
|-damage|p1a: Toxapex|52/100 brn|[from] brn
|upkeep
|turn|39
|
|move|p2a: Toxapex|Haze|p2a: Toxapex
|-clearallboost
|move|p1a: Toxapex|Haze|p1a: Toxapex
|-clearallboost
|
|-heal|p2a: Toxapex|56/100 brn|[from] item: Black Sludge
|-heal|p1a: Toxapex|59/100 brn|[from] item: Black Sludge
|-damage|p2a: Toxapex|50/100 brn|[from] brn
|-damage|p1a: Toxapex|52/100 brn|[from] brn
|upkeep
|turn|40
|
|move|p1a: Toxapex|Haze|p1a: Toxapex
|-clearallboost
|move|p2a: Toxapex|Haze|p2a: Toxapex
|-clearallboost
|
|-heal|p2a: Toxapex|56/100 brn|[from] item: Black Sludge
|-heal|p1a: Toxapex|59/100 brn|[from] item: Black Sludge
|-damage|p2a: Toxapex|50/100 brn|[from] brn
|-damage|p1a: Toxapex|52/100 brn|[from] brn
|upkeep
|turn|41
|
|move|p2a: Toxapex|Haze|p2a: Toxapex
|-clearallboost
|move|p1a: Toxapex|Haze|p1a: Toxapex
|-clearallboost
|
|-heal|p2a: Toxapex|56/100 brn|[from] item: Black Sludge
|-heal|p1a: Toxapex|59/100 brn|[from] item: Black Sludge
|-damage|p2a: Toxapex|50/100 brn|[from] brn
|-damage|p1a: Toxapex|52/100 brn|[from] brn
|upkeep
|turn|42
|
|move|p2a: Toxapex|Haze|p2a: Toxapex
|-clearallboost
|move|p1a: Toxapex|Haze|p1a: Toxapex
|-clearallboost
|
|-heal|p2a: Toxapex|56/100 brn|[from] item: Black Sludge
|-heal|p1a: Toxapex|59/100 brn|[from] item: Black Sludge
|-damage|p2a: Toxapex|50/100 brn|[from] brn
|-damage|p1a: Toxapex|52/100 brn|[from] brn
|upkeep
|turn|43
|
|move|p2a: Toxapex|Haze|p2a: Toxapex
|-clearallboost
|move|p1a: Toxapex|Haze|p1a: Toxapex
|-clearallboost
|
|-heal|p2a: Toxapex|56/100 brn|[from] item: Black Sludge
|-heal|p1a: Toxapex|59/100 brn|[from] item: Black Sludge
|-damage|p2a: Toxapex|50/100 brn|[from] brn
|-damage|p1a: Toxapex|52/100 brn|[from] brn
|upkeep
|turn|44
|
|move|p2a: Toxapex|Haze|p2a: Toxapex
|-clearallboost
|move|p1a: Toxapex|Haze|p1a: Toxapex
|-clearallboost
|
|-heal|p2a: Toxapex|56/100 brn|[from] item: Black Sludge
|-heal|p1a: Toxapex|59/100 brn|[from] item: Black Sludge
|-damage|p2a: Toxapex|50/100 brn|[from] brn
|-damage|p1a: Toxapex|52/100 brn|[from] brn
|upkeep
|turn|45
|
|move|p1a: Toxapex|Haze|p1a: Toxapex
|-clearallboost
|move|p2a: Toxapex|Haze|p2a: Toxapex
|-clearallboost
|
|-heal|p2a: Toxapex|56/100 brn|[from] item: Black Sludge
|-heal|p1a: Toxapex|59/100 brn|[from] item: Black Sludge
|-damage|p2a: Toxapex|50/100 brn|[from] brn
|-damage|p1a: Toxapex|52/100 brn|[from] brn
|upkeep
|turn|46
|
|move|p2a: Toxapex|Haze|p2a: Toxapex
|-clearallboost
|move|p1a: Toxapex|Haze|p1a: Toxapex
|-clearallboost
|
|-heal|p2a: Toxapex|56/100 brn|[from] item: Black Sludge
|-heal|p1a: Toxapex|59/100 brn|[from] item: Black Sludge
|-damage|p2a: Toxapex|50/100 brn|[from] brn
|-damage|p1a: Toxapex|52/100 brn|[from] brn
|upkeep
|turn|47
|
|move|p1a: Toxapex|Haze|p1a: Toxapex
|-clearallboost
|move|p2a: Toxapex|Haze|p2a: Toxapex
|-clearallboost
|
|-heal|p2a: Toxapex|56/100 brn|[from] item: Black Sludge
|-heal|p1a: Toxapex|59/100 brn|[from] item: Black Sludge
|-damage|p2a: Toxapex|50/100 brn|[from] brn
|-damage|p1a: Toxapex|52/100 brn|[from] brn
|upkeep
|turn|48
|
|move|p1a: Toxapex|Haze|p1a: Toxapex
|-clearallboost
|move|p2a: Toxapex|Haze|p2a: Toxapex
|-clearallboost
|
|-heal|p2a: Toxapex|56/100 brn|[from] item: Black Sludge
|-heal|p1a: Toxapex|59/100 brn|[from] item: Black Sludge
|-damage|p2a: Toxapex|50/100 brn|[from] brn
|-damage|p1a: Toxapex|52/100 brn|[from] brn
|upkeep
|turn|49
|
|move|p1a: Toxapex|Haze|p1a: Toxapex
|-clearallboost
|move|p2a: Toxapex|Haze|p2a: Toxapex
|-clearallboost
|
|-heal|p2a: Toxapex|56/100 brn|[from] item: Black Sludge
|-heal|p1a: Toxapex|59/100 brn|[from] item: Black Sludge
|-damage|p2a: Toxapex|50/100 brn|[from] brn
|-damage|p1a: Toxapex|52/100 brn|[from] brn
|upkeep
|turn|50
|
|move|p2a: Toxapex|Haze|p2a: Toxapex
|-clearallboost
|move|p1a: Toxapex|Haze|p1a: Toxapex
|-clearallboost
|
|-heal|p2a: Toxapex|56/100 brn|[from] item: Black Sludge
|-heal|p1a: Toxapex|59/100 brn|[from] item: Black Sludge
|-damage|p2a: Toxapex|50/100 brn|[from] brn
|-damage|p1a: Toxapex|52/100 brn|[from] brn
|upkeep
|turn|51
|
|move|p2a: Toxapex|Toxic||[still]
|-fail|p2a: Toxapex
|move|p1a: Toxapex|Haze|p1a: Toxapex
|-clearallboost
|
|-heal|p2a: Toxapex|56/100 brn|[from] item: Black Sludge
|-heal|p1a: Toxapex|59/100 brn|[from] item: Black Sludge
|-damage|p2a: Toxapex|50/100 brn|[from] brn
|-damage|p1a: Toxapex|52/100 brn|[from] brn
|upkeep
|turn|52
|
|move|p2a: Toxapex|Toxic||[still]
|-fail|p2a: Toxapex
|move|p1a: Toxapex|Haze|p1a: Toxapex
|-clearallboost
|
|-heal|p2a: Toxapex|56/100 brn|[from] item: Black Sludge
|-heal|p1a: Toxapex|59/100 brn|[from] item: Black Sludge
|-damage|p2a: Toxapex|50/100 brn|[from] brn
|-damage|p1a: Toxapex|52/100 brn|[from] brn
|upkeep
|turn|53
|
|move|p2a: Toxapex|Toxic||[still]
|-fail|p2a: Toxapex
|move|p1a: Toxapex|Haze|p1a: Toxapex
|-clearallboost
|
|-heal|p2a: Toxapex|56/100 brn|[from] item: Black Sludge
|-heal|p1a: Toxapex|59/100 brn|[from] item: Black Sludge
|-damage|p2a: Toxapex|50/100 brn|[from] brn
|-damage|p1a: Toxapex|52/100 brn|[from] brn
|upkeep
|turn|54
|
|move|p1a: Toxapex|Haze|p1a: Toxapex
|-clearallboost
|move|p2a: Toxapex|Toxic||[still]
|-fail|p2a: Toxapex
|
|-heal|p2a: Toxapex|56/100 brn|[from] item: Black Sludge
|-heal|p1a: Toxapex|59/100 brn|[from] item: Black Sludge
|-damage|p2a: Toxapex|50/100 brn|[from] brn
|-damage|p1a: Toxapex|52/100 brn|[from] brn
|upkeep
|turn|55
|
|move|p2a: Toxapex|Toxic||[still]
|-fail|p2a: Toxapex
|move|p1a: Toxapex|Haze|p1a: Toxapex
|-clearallboost
|
|-heal|p2a: Toxapex|56/100 brn|[from] item: Black Sludge
|-heal|p1a: Toxapex|59/100 brn|[from] item: Black Sludge
|-damage|p2a: Toxapex|50/100 brn|[from] brn
|-damage|p1a: Toxapex|52/100 brn|[from] brn
|upkeep
|turn|56
|
|move|p1a: Toxapex|Haze|p1a: Toxapex
|-clearallboost
|move|p2a: Toxapex|Toxic||[still]
|-fail|p2a: Toxapex
|
|-heal|p2a: Toxapex|56/100 brn|[from] item: Black Sludge
|-heal|p1a: Toxapex|59/100 brn|[from] item: Black Sludge
|-damage|p2a: Toxapex|50/100 brn|[from] brn
|-damage|p1a: Toxapex|52/100 brn|[from] brn
|upkeep
|turn|57
|
|move|p1a: Toxapex|Haze|p1a: Toxapex
|-clearallboost
|move|p2a: Toxapex|Toxic||[still]
|-fail|p2a: Toxapex
|
|-heal|p2a: Toxapex|56/100 brn|[from] item: Black Sludge
|-heal|p1a: Toxapex|59/100 brn|[from] item: Black Sludge
|-damage|p2a: Toxapex|50/100 brn|[from] brn
|-damage|p1a: Toxapex|52/100 brn|[from] brn
|upkeep
|turn|58
|
|move|p1a: Toxapex|Haze|p1a: Toxapex
|-clearallboost
|move|p2a: Toxapex|Toxic||[still]
|-fail|p2a: Toxapex
|
|-heal|p2a: Toxapex|56/100 brn|[from] item: Black Sludge
|-heal|p1a: Toxapex|59/100 brn|[from] item: Black Sludge
|-damage|p2a: Toxapex|50/100 brn|[from] brn
|-damage|p1a: Toxapex|52/100 brn|[from] brn
|upkeep
|turn|59
|
|move|p2a: Toxapex|Toxic||[still]
|-fail|p2a: Toxapex
|move|p1a: Toxapex|Haze|p1a: Toxapex
|-clearallboost
|
|-heal|p2a: Toxapex|56/100 brn|[from] item: Black Sludge
|-heal|p1a: Toxapex|59/100 brn|[from] item: Black Sludge
|-damage|p2a: Toxapex|50/100 brn|[from] brn
|-damage|p1a: Toxapex|52/100 brn|[from] brn
|upkeep
|turn|60
|
|move|p2a: Toxapex|Toxic||[still]
|-fail|p2a: Toxapex
|move|p1a: Toxapex|Haze|p1a: Toxapex
|-clearallboost
|
|-heal|p2a: Toxapex|56/100 brn|[from] item: Black Sludge
|-heal|p1a: Toxapex|59/100 brn|[from] item: Black Sludge
|-damage|p2a: Toxapex|50/100 brn|[from] brn
|-damage|p1a: Toxapex|52/100 brn|[from] brn
|upkeep
|turn|61
|
|move|p1a: Toxapex|Haze|p1a: Toxapex
|-clearallboost
|move|p2a: Toxapex|Toxic||[still]
|-fail|p2a: Toxapex
|
|-heal|p2a: Toxapex|56/100 brn|[from] item: Black Sludge
|-heal|p1a: Toxapex|59/100 brn|[from] item: Black Sludge
|-damage|p2a: Toxapex|50/100 brn|[from] brn
|-damage|p1a: Toxapex|52/100 brn|[from] brn
|upkeep
|turn|62
|
|move|p1a: Toxapex|Haze|p1a: Toxapex
|-clearallboost
|move|p2a: Toxapex|Haze|p2a: Toxapex
|-clearallboost
|
|-heal|p2a: Toxapex|56/100 brn|[from] item: Black Sludge
|-heal|p1a: Toxapex|59/100 brn|[from] item: Black Sludge
|-damage|p2a: Toxapex|50/100 brn|[from] brn
|-damage|p1a: Toxapex|52/100 brn|[from] brn
|upkeep
|turn|63
|c|☆emiRA007|hey bro
|c|☆emiRA007|whats your last move?
|
|move|p2a: Toxapex|Haze|p2a: Toxapex
|-clearallboost
|move|p1a: Toxapex|Haze|p1a: Toxapex
|-clearallboost
|
|-heal|p2a: Toxapex|56/100 brn|[from] item: Black Sludge
|-heal|p1a: Toxapex|59/100 brn|[from] item: Black Sludge
|-damage|p2a: Toxapex|50/100 brn|[from] brn
|-damage|p1a: Toxapex|52/100 brn|[from] brn
|upkeep
|turn|64
|
|move|p2a: Toxapex|Haze|p2a: Toxapex
|-clearallboost
|move|p1a: Toxapex|Haze|p1a: Toxapex
|-clearallboost
|
|-heal|p2a: Toxapex|56/100 brn|[from] item: Black Sludge
|-heal|p1a: Toxapex|59/100 brn|[from] item: Black Sludge
|-damage|p2a: Toxapex|50/100 brn|[from] brn
|-damage|p1a: Toxapex|52/100 brn|[from] brn
|upkeep
|turn|65
|
|move|p1a: Toxapex|Haze|p1a: Toxapex
|-clearallboost
|move|p2a: Toxapex|Haze|p2a: Toxapex
|-clearallboost
|
|-heal|p2a: Toxapex|56/100 brn|[from] item: Black Sludge
|-heal|p1a: Toxapex|59/100 brn|[from] item: Black Sludge
|-damage|p2a: Toxapex|50/100 brn|[from] brn
|-damage|p1a: Toxapex|52/100 brn|[from] brn
|upkeep
|turn|66
|
|move|p1a: Toxapex|Haze|p1a: Toxapex
|-clearallboost
|move|p2a: Toxapex|Haze|p2a: Toxapex
|-clearallboost
|
|-heal|p2a: Toxapex|56/100 brn|[from] item: Black Sludge
|-heal|p1a: Toxapex|59/100 brn|[from] item: Black Sludge
|-damage|p2a: Toxapex|50/100 brn|[from] brn
|-damage|p1a: Toxapex|52/100 brn|[from] brn
|upkeep
|turn|67
|
|move|p2a: Toxapex|Haze|p2a: Toxapex
|-clearallboost
|move|p1a: Toxapex|Haze|p1a: Toxapex
|-clearallboost
|
|-heal|p2a: Toxapex|56/100 brn|[from] item: Black Sludge
|-heal|p1a: Toxapex|59/100 brn|[from] item: Black Sludge
|-damage|p2a: Toxapex|50/100 brn|[from] brn
|-damage|p1a: Toxapex|52/100 brn|[from] brn
|upkeep
|turn|68
|
|move|p2a: Toxapex|Haze|p2a: Toxapex
|-clearallboost
|move|p1a: Toxapex|Haze|p1a: Toxapex
|-clearallboost
|
|-heal|p2a: Toxapex|56/100 brn|[from] item: Black Sludge
|-heal|p1a: Toxapex|59/100 brn|[from] item: Black Sludge
|-damage|p2a: Toxapex|50/100 brn|[from] brn
|-damage|p1a: Toxapex|52/100 brn|[from] brn
|upkeep
|turn|69
|
|move|p2a: Toxapex|Haze|p2a: Toxapex
|-clearallboost
|move|p1a: Toxapex|Haze|p1a: Toxapex
|-clearallboost
|
|-heal|p2a: Toxapex|56/100 brn|[from] item: Black Sludge
|-heal|p1a: Toxapex|59/100 brn|[from] item: Black Sludge
|-damage|p2a: Toxapex|50/100 brn|[from] brn
|-damage|p1a: Toxapex|52/100 brn|[from] brn
|upkeep
|turn|70
|
|move|p1a: Toxapex|Haze|p1a: Toxapex
|-clearallboost
|move|p2a: Toxapex|Haze|p2a: Toxapex
|-clearallboost
|
|-heal|p2a: Toxapex|56/100 brn|[from] item: Black Sludge
|-heal|p1a: Toxapex|59/100 brn|[from] item: Black Sludge
|-damage|p2a: Toxapex|50/100 brn|[from] brn
|-damage|p1a: Toxapex|52/100 brn|[from] brn
|upkeep
|turn|71
|
|move|p1a: Toxapex|Haze|p1a: Toxapex
|-clearallboost
|move|p2a: Toxapex|Haze|p2a: Toxapex
|-clearallboost
|
|-heal|p2a: Toxapex|56/100 brn|[from] item: Black Sludge
|-heal|p1a: Toxapex|59/100 brn|[from] item: Black Sludge
|-damage|p2a: Toxapex|50/100 brn|[from] brn
|-damage|p1a: Toxapex|52/100 brn|[from] brn
|upkeep
|turn|72
|
|move|p2a: Toxapex|Haze|p2a: Toxapex
|-clearallboost
|move|p1a: Toxapex|Haze|p1a: Toxapex
|-clearallboost
|
|-heal|p2a: Toxapex|56/100 brn|[from] item: Black Sludge
|-heal|p1a: Toxapex|59/100 brn|[from] item: Black Sludge
|-damage|p2a: Toxapex|50/100 brn|[from] brn
|-damage|p1a: Toxapex|52/100 brn|[from] brn
|upkeep
|turn|73
|
|move|p2a: Toxapex|Haze|p2a: Toxapex
|-clearallboost
|move|p1a: Toxapex|Haze|p1a: Toxapex
|-clearallboost
|
|-heal|p2a: Toxapex|56/100 brn|[from] item: Black Sludge
|-heal|p1a: Toxapex|59/100 brn|[from] item: Black Sludge
|-damage|p2a: Toxapex|50/100 brn|[from] brn
|-damage|p1a: Toxapex|52/100 brn|[from] brn
|upkeep
|turn|74
|
|move|p1a: Toxapex|Haze|p1a: Toxapex
|-clearallboost
|move|p2a: Toxapex|Haze|p2a: Toxapex
|-clearallboost
|
|-heal|p2a: Toxapex|56/100 brn|[from] item: Black Sludge
|-heal|p1a: Toxapex|59/100 brn|[from] item: Black Sludge
|-damage|p2a: Toxapex|50/100 brn|[from] brn
|-damage|p1a: Toxapex|52/100 brn|[from] brn
|upkeep
|turn|75
|
|move|p2a: Toxapex|Haze|p2a: Toxapex
|-clearallboost
|move|p1a: Toxapex|Haze|p1a: Toxapex
|-clearallboost
|
|-heal|p2a: Toxapex|56/100 brn|[from] item: Black Sludge
|-heal|p1a: Toxapex|59/100 brn|[from] item: Black Sludge
|-damage|p2a: Toxapex|50/100 brn|[from] brn
|-damage|p1a: Toxapex|52/100 brn|[from] brn
|upkeep
|turn|76
|
|move|p1a: Toxapex|Haze|p1a: Toxapex
|-clearallboost
|move|p2a: Toxapex|Haze|p2a: Toxapex
|-clearallboost
|
|-heal|p2a: Toxapex|56/100 brn|[from] item: Black Sludge
|-heal|p1a: Toxapex|59/100 brn|[from] item: Black Sludge
|-damage|p2a: Toxapex|50/100 brn|[from] brn
|-damage|p1a: Toxapex|52/100 brn|[from] brn
|upkeep
|turn|77
|
|move|p1a: Toxapex|Haze|p1a: Toxapex
|-clearallboost
|move|p2a: Toxapex|Haze|p2a: Toxapex
|-clearallboost
|
|-heal|p2a: Toxapex|56/100 brn|[from] item: Black Sludge
|-heal|p1a: Toxapex|59/100 brn|[from] item: Black Sludge
|-damage|p2a: Toxapex|50/100 brn|[from] brn
|-damage|p1a: Toxapex|52/100 brn|[from] brn
|upkeep
|turn|78
|
|move|p1a: Toxapex|Haze|p1a: Toxapex
|-clearallboost
|move|p2a: Toxapex|Haze|p2a: Toxapex
|-clearallboost
|
|-heal|p2a: Toxapex|56/100 brn|[from] item: Black Sludge
|-heal|p1a: Toxapex|59/100 brn|[from] item: Black Sludge
|-damage|p2a: Toxapex|50/100 brn|[from] brn
|-damage|p1a: Toxapex|52/100 brn|[from] brn
|upkeep
|turn|79
|
|move|p1a: Toxapex|Haze|p1a: Toxapex
|-clearallboost
|move|p2a: Toxapex|Haze|p2a: Toxapex
|-clearallboost
|
|-heal|p2a: Toxapex|56/100 brn|[from] item: Black Sludge
|-heal|p1a: Toxapex|59/100 brn|[from] item: Black Sludge
|-damage|p2a: Toxapex|50/100 brn|[from] brn
|-damage|p1a: Toxapex|52/100 brn|[from] brn
|upkeep
|turn|80
|
|move|p1a: Toxapex|Haze|p1a: Toxapex
|-clearallboost
|move|p2a: Toxapex|Haze|p2a: Toxapex
|-clearallboost
|
|-heal|p2a: Toxapex|56/100 brn|[from] item: Black Sludge
|-heal|p1a: Toxapex|59/100 brn|[from] item: Black Sludge
|-damage|p2a: Toxapex|50/100 brn|[from] brn
|-damage|p1a: Toxapex|52/100 brn|[from] brn
|upkeep
|turn|81
|
|move|p1a: Toxapex|Haze|p1a: Toxapex
|-clearallboost
|move|p2a: Toxapex|Haze|p2a: Toxapex
|-clearallboost
|
|-heal|p2a: Toxapex|56/100 brn|[from] item: Black Sludge
|-heal|p1a: Toxapex|59/100 brn|[from] item: Black Sludge
|-damage|p2a: Toxapex|50/100 brn|[from] brn
|-damage|p1a: Toxapex|52/100 brn|[from] brn
|upkeep
|turn|82
|
|move|p1a: Toxapex|Haze|p1a: Toxapex
|-clearallboost
|move|p2a: Toxapex|Haze|p2a: Toxapex
|-clearallboost
|
|-heal|p2a: Toxapex|56/100 brn|[from] item: Black Sludge
|-heal|p1a: Toxapex|59/100 brn|[from] item: Black Sludge
|-damage|p2a: Toxapex|50/100 brn|[from] brn
|-damage|p1a: Toxapex|52/100 brn|[from] brn
|upkeep
|turn|83
|
|move|p1a: Toxapex|Haze|p1a: Toxapex
|-clearallboost
|move|p2a: Toxapex|Haze|p2a: Toxapex
|-clearallboost
|
|-heal|p2a: Toxapex|56/100 brn|[from] item: Black Sludge
|-heal|p1a: Toxapex|59/100 brn|[from] item: Black Sludge
|-damage|p2a: Toxapex|50/100 brn|[from] brn
|-damage|p1a: Toxapex|52/100 brn|[from] brn
|upkeep
|turn|84
|
|move|p1a: Toxapex|Haze|p1a: Toxapex
|-clearallboost
|move|p2a: Toxapex|Haze|p2a: Toxapex
|-clearallboost
|
|-heal|p2a: Toxapex|56/100 brn|[from] item: Black Sludge
|-heal|p1a: Toxapex|59/100 brn|[from] item: Black Sludge
|-damage|p2a: Toxapex|50/100 brn|[from] brn
|-damage|p1a: Toxapex|52/100 brn|[from] brn
|upkeep
|turn|85
|
|move|p1a: Toxapex|Haze|p1a: Toxapex
|-clearallboost
|move|p2a: Toxapex|Haze|p2a: Toxapex
|-clearallboost
|
|-heal|p2a: Toxapex|56/100 brn|[from] item: Black Sludge
|-heal|p1a: Toxapex|59/100 brn|[from] item: Black Sludge
|-damage|p2a: Toxapex|50/100 brn|[from] brn
|-damage|p1a: Toxapex|52/100 brn|[from] brn
|upkeep
|turn|86
|
|move|p1a: Toxapex|Toxic||[still]
|-fail|p1a: Toxapex
|move|p2a: Toxapex|Haze|p2a: Toxapex
|-clearallboost
|
|-heal|p2a: Toxapex|56/100 brn|[from] item: Black Sludge
|-heal|p1a: Toxapex|59/100 brn|[from] item: Black Sludge
|-damage|p2a: Toxapex|50/100 brn|[from] brn
|-damage|p1a: Toxapex|52/100 brn|[from] brn
|upkeep
|turn|87
|
|move|p2a: Toxapex|Haze|p2a: Toxapex
|-clearallboost
|move|p1a: Toxapex|Scald|p2a: Toxapex
|-resisted|p2a: Toxapex
|-damage|p2a: Toxapex|44/100 brn
|
|-heal|p2a: Toxapex|50/100 brn|[from] item: Black Sludge
|-heal|p1a: Toxapex|59/100 brn|[from] item: Black Sludge
|-damage|p2a: Toxapex|44/100 brn|[from] brn
|-damage|p1a: Toxapex|52/100 brn|[from] brn
|upkeep
|turn|88
|
|move|p2a: Toxapex|Haze|p2a: Toxapex
|-clearallboost
|move|p1a: Toxapex|Toxic||[still]
|-fail|p1a: Toxapex
|
|-heal|p2a: Toxapex|50/100 brn|[from] item: Black Sludge
|-heal|p1a: Toxapex|59/100 brn|[from] item: Black Sludge
|-damage|p2a: Toxapex|44/100 brn|[from] brn
|-damage|p1a: Toxapex|52/100 brn|[from] brn
|upkeep
|turn|89
|
|move|p1a: Toxapex|Toxic||[still]
|-fail|p1a: Toxapex
|move|p2a: Toxapex|Haze|p2a: Toxapex
|-clearallboost
|
|-heal|p2a: Toxapex|50/100 brn|[from] item: Black Sludge
|-heal|p1a: Toxapex|59/100 brn|[from] item: Black Sludge
|-damage|p2a: Toxapex|44/100 brn|[from] brn
|-damage|p1a: Toxapex|52/100 brn|[from] brn
|upkeep
|turn|90
|
|move|p1a: Toxapex|Toxic||[still]
|-fail|p1a: Toxapex
|move|p2a: Toxapex|Haze|p2a: Toxapex
|-clearallboost
|
|-heal|p2a: Toxapex|50/100 brn|[from] item: Black Sludge
|-heal|p1a: Toxapex|59/100 brn|[from] item: Black Sludge
|-damage|p2a: Toxapex|44/100 brn|[from] brn
|-damage|p1a: Toxapex|52/100 brn|[from] brn
|upkeep
|turn|91
|
|move|p1a: Toxapex|Toxic||[still]
|-fail|p1a: Toxapex
|move|p2a: Toxapex|Toxic||[still]
|-fail|p2a: Toxapex
|
|-heal|p2a: Toxapex|50/100 brn|[from] item: Black Sludge
|-heal|p1a: Toxapex|59/100 brn|[from] item: Black Sludge
|-damage|p2a: Toxapex|44/100 brn|[from] brn
|-damage|p1a: Toxapex|52/100 brn|[from] brn
|upkeep
|turn|92
|j| Grass Bell
|
|move|p2a: Toxapex|Toxic||[still]
|-fail|p2a: Toxapex
|move|p1a: Toxapex|Toxic||[still]
|-fail|p1a: Toxapex
|
|-heal|p2a: Toxapex|50/100 brn|[from] item: Black Sludge
|-heal|p1a: Toxapex|59/100 brn|[from] item: Black Sludge
|-damage|p2a: Toxapex|44/100 brn|[from] brn
|-damage|p1a: Toxapex|52/100 brn|[from] brn
|upkeep
|turn|93
|
|move|p1a: Toxapex|Toxic||[still]
|-fail|p1a: Toxapex
|move|p2a: Toxapex|Toxic||[still]
|-fail|p2a: Toxapex
|
|-heal|p2a: Toxapex|50/100 brn|[from] item: Black Sludge
|-heal|p1a: Toxapex|59/100 brn|[from] item: Black Sludge
|-damage|p2a: Toxapex|44/100 brn|[from] brn
|-damage|p1a: Toxapex|52/100 brn|[from] brn
|upkeep
|turn|94
|
|move|p1a: Toxapex|Toxic||[still]
|-fail|p1a: Toxapex
|move|p2a: Toxapex|Toxic||[still]
|-fail|p2a: Toxapex
|
|-heal|p2a: Toxapex|50/100 brn|[from] item: Black Sludge
|-heal|p1a: Toxapex|59/100 brn|[from] item: Black Sludge
|-damage|p2a: Toxapex|44/100 brn|[from] brn
|-damage|p1a: Toxapex|52/100 brn|[from] brn
|upkeep
|turn|95
|
|move|p1a: Toxapex|Toxic||[still]
|-fail|p1a: Toxapex
|move|p2a: Toxapex|Toxic||[still]
|-fail|p2a: Toxapex
|
|-heal|p2a: Toxapex|50/100 brn|[from] item: Black Sludge
|-heal|p1a: Toxapex|59/100 brn|[from] item: Black Sludge
|-damage|p2a: Toxapex|44/100 brn|[from] brn
|-damage|p1a: Toxapex|52/100 brn|[from] brn
|upkeep
|turn|96
|
|move|p2a: Toxapex|Haze|p2a: Toxapex
|-clearallboost
|move|p1a: Toxapex|Toxic||[still]
|-fail|p1a: Toxapex
|
|-heal|p2a: Toxapex|50/100 brn|[from] item: Black Sludge
|-heal|p1a: Toxapex|59/100 brn|[from] item: Black Sludge
|-damage|p2a: Toxapex|44/100 brn|[from] brn
|-damage|p1a: Toxapex|52/100 brn|[from] brn
|upkeep
|turn|97
|inactive|emiRA007 has 120 seconds left.
|
|move|p1a: Toxapex|Toxic||[still]
|-fail|p1a: Toxapex
|move|p2a: Toxapex|Scald|p1a: Toxapex
|-resisted|p1a: Toxapex
|-damage|p1a: Toxapex|45/100 brn
|
|-heal|p2a: Toxapex|50/100 brn|[from] item: Black Sludge
|-heal|p1a: Toxapex|51/100 brn|[from] item: Black Sludge
|-damage|p2a: Toxapex|44/100 brn|[from] brn
|-damage|p1a: Toxapex|45/100 brn|[from] brn
|upkeep
|turn|98
|inactive|emiRA007 has 120 seconds left.
|
|move|p1a: Toxapex|Toxic||[still]
|-fail|p1a: Toxapex
|move|p2a: Toxapex|Scald|p1a: Toxapex
|-resisted|p1a: Toxapex
|-damage|p1a: Toxapex|38/100 brn
|
|-heal|p2a: Toxapex|50/100 brn|[from] item: Black Sludge
|-heal|p1a: Toxapex|45/100 brn|[from] item: Black Sludge
|-damage|p2a: Toxapex|44/100 brn|[from] brn
|-damage|p1a: Toxapex|38/100 brn|[from] brn
|upkeep
|turn|99
|
|move|p1a: Toxapex|Toxic||[still]
|-fail|p1a: Toxapex
|move|p2a: Toxapex|Recover|p2a: Toxapex
|-heal|p2a: Toxapex|94/100 brn
|
|-heal|p2a: Toxapex|99/100 brn|[from] item: Black Sludge
|-heal|p1a: Toxapex|45/100 brn|[from] item: Black Sludge
|-damage|p2a: Toxapex|94/100 brn|[from] brn
|-damage|p1a: Toxapex|38/100 brn|[from] brn
|upkeep
|turn|100
|inactive|emiRA007 has 120 seconds left.
|
|move|p2a: Toxapex|Scald|p1a: Toxapex
|-resisted|p1a: Toxapex
|-damage|p1a: Toxapex|31/100 brn
|move|p1a: Toxapex|Toxic||[still]
|-fail|p1a: Toxapex
|
|-heal|p2a: Toxapex|99/100 brn|[from] item: Black Sludge
|-heal|p1a: Toxapex|38/100 brn|[from] item: Black Sludge
|-damage|p2a: Toxapex|94/100 brn|[from] brn
|-damage|p1a: Toxapex|31/100 brn|[from] brn
|upkeep
|turn|101
|
|move|p1a: Toxapex|Toxic||[still]
|-fail|p1a: Toxapex
|move|p2a: Toxapex|Scald|p1a: Toxapex
|-resisted|p1a: Toxapex
|-damage|p1a: Toxapex|25/100 brn
|
|-heal|p2a: Toxapex|99/100 brn|[from] item: Black Sludge
|-heal|p1a: Toxapex|31/100 brn|[from] item: Black Sludge
|-damage|p2a: Toxapex|94/100 brn|[from] brn
|-damage|p1a: Toxapex|25/100 brn|[from] brn
|upkeep
|turn|102
|
|move|p1a: Toxapex|Toxic||[still]
|-fail|p1a: Toxapex
|move|p2a: Toxapex|Scald|p1a: Toxapex
|-resisted|p1a: Toxapex
|-damage|p1a: Toxapex|17/100 brn
|
|-heal|p2a: Toxapex|99/100 brn|[from] item: Black Sludge
|-heal|p1a: Toxapex|24/100 brn|[from] item: Black Sludge
|-damage|p2a: Toxapex|94/100 brn|[from] brn
|-damage|p1a: Toxapex|17/100 brn|[from] brn
|upkeep
|turn|103
|j| psydukk++!
|
|move|p1a: Toxapex|Recover|p1a: Toxapex
|-heal|p1a: Toxapex|67/100 brn
|move|p2a: Toxapex|Scald|p1a: Toxapex
|-resisted|p1a: Toxapex
|-damage|p1a: Toxapex|60/100 brn
|
|-heal|p2a: Toxapex|99/100 brn|[from] item: Black Sludge
|-heal|p1a: Toxapex|67/100 brn|[from] item: Black Sludge
|-damage|p2a: Toxapex|94/100 brn|[from] brn
|-damage|p1a: Toxapex|60/100 brn|[from] brn
|upkeep
|turn|104
|inactive|emiRA007 has 120 seconds left.
|l| psydukk++!
|
|move|p2a: Toxapex|Scald|p1a: Toxapex
|-resisted|p1a: Toxapex
|-damage|p1a: Toxapex|53/100 brn
|move|p1a: Toxapex|Scald|p2a: Toxapex
|-resisted|p2a: Toxapex
|-damage|p2a: Toxapex|87/100 brn
|
|-heal|p2a: Toxapex|94/100 brn|[from] item: Black Sludge
|-heal|p1a: Toxapex|60/100 brn|[from] item: Black Sludge
|-damage|p2a: Toxapex|87/100 brn|[from] brn
|-damage|p1a: Toxapex|53/100 brn|[from] brn
|upkeep
|turn|105
|
|move|p1a: Toxapex|Scald|p2a: Toxapex
|-resisted|p2a: Toxapex
|-damage|p2a: Toxapex|80/100 brn
|move|p2a: Toxapex|Scald|p1a: Toxapex
|-resisted|p1a: Toxapex
|-damage|p1a: Toxapex|46/100 brn
|
|-heal|p2a: Toxapex|87/100 brn|[from] item: Black Sludge
|-heal|p1a: Toxapex|52/100 brn|[from] item: Black Sludge
|-damage|p2a: Toxapex|80/100 brn|[from] brn
|-damage|p1a: Toxapex|46/100 brn|[from] brn
|upkeep
|turn|106
|
|move|p2a: Toxapex|Scald|p1a: Toxapex
|-resisted|p1a: Toxapex
|-damage|p1a: Toxapex|39/100 brn
|move|p1a: Toxapex|Scald|p2a: Toxapex
|-resisted|p2a: Toxapex
|-damage|p2a: Toxapex|73/100 brn
|
|-heal|p2a: Toxapex|79/100 brn|[from] item: Black Sludge
|-heal|p1a: Toxapex|46/100 brn|[from] item: Black Sludge
|-damage|p2a: Toxapex|73/100 brn|[from] brn
|-damage|p1a: Toxapex|39/100 brn|[from] brn
|upkeep
|turn|107
|
|move|p1a: Toxapex|Scald|p2a: Toxapex
|-resisted|p2a: Toxapex
|-damage|p2a: Toxapex|67/100 brn
|move|p2a: Toxapex|Scald|p1a: Toxapex
|-resisted|p1a: Toxapex
|-damage|p1a: Toxapex|32/100 brn
|
|-heal|p2a: Toxapex|73/100 brn|[from] item: Black Sludge
|-heal|p1a: Toxapex|38/100 brn|[from] item: Black Sludge
|-damage|p2a: Toxapex|67/100 brn|[from] brn
|-damage|p1a: Toxapex|32/100 brn|[from] brn
|upkeep
|turn|108
|j| resisttrump
|inactive|emiRA007 has 120 seconds left.
|
|move|p2a: Toxapex|Scald|p1a: Toxapex
|-resisted|p1a: Toxapex
|-damage|p1a: Toxapex|25/100 brn
|move|p1a: Toxapex|Scald|p2a: Toxapex
|-resisted|p2a: Toxapex
|-damage|p2a: Toxapex|60/100 brn
|
|-heal|p2a: Toxapex|66/100 brn|[from] item: Black Sludge
|-heal|p1a: Toxapex|31/100 brn|[from] item: Black Sludge
|-damage|p2a: Toxapex|60/100 brn|[from] brn
|-damage|p1a: Toxapex|25/100 brn|[from] brn
|upkeep
|turn|109
|
|move|p2a: Toxapex|Scald|p1a: Toxapex
|-resisted|p1a: Toxapex
|-damage|p1a: Toxapex|18/100 brn
|move|p1a: Toxapex|Recover|p1a: Toxapex
|-heal|p1a: Toxapex|68/100 brn
|
|-heal|p2a: Toxapex|66/100 brn|[from] item: Black Sludge
|-heal|p1a: Toxapex|74/100 brn|[from] item: Black Sludge
|-damage|p2a: Toxapex|60/100 brn|[from] brn
|-damage|p1a: Toxapex|68/100 brn|[from] brn
|upkeep
|turn|110
|
|move|p1a: Toxapex|Scald|p2a: Toxapex
|-resisted|p2a: Toxapex
|-damage|p2a: Toxapex|53/100 brn
|move|p2a: Toxapex|Scald|p1a: Toxapex
|-resisted|p1a: Toxapex
|-damage|p1a: Toxapex|61/100 brn
|
|-heal|p2a: Toxapex|60/100 brn|[from] item: Black Sludge
|-heal|p1a: Toxapex|67/100 brn|[from] item: Black Sludge
|-damage|p2a: Toxapex|53/100 brn|[from] brn
|-damage|p1a: Toxapex|61/100 brn|[from] brn
|upkeep
|turn|111
|
|move|p2a: Toxapex|Scald|p1a: Toxapex
|-resisted|p1a: Toxapex
|-damage|p1a: Toxapex|54/100 brn
|move|p1a: Toxapex|Scald|p2a: Toxapex
|-resisted|p2a: Toxapex
|-damage|p2a: Toxapex|46/100 brn
|
|-heal|p2a: Toxapex|52/100 brn|[from] item: Black Sludge
|-heal|p1a: Toxapex|61/100 brn|[from] item: Black Sludge
|-damage|p2a: Toxapex|46/100 brn|[from] brn
|-damage|p1a: Toxapex|54/100 brn|[from] brn
|upkeep
|turn|112
|
|move|p1a: Toxapex|Scald|p2a: Toxapex
|-resisted|p2a: Toxapex
|-damage|p2a: Toxapex|40/100 brn
|move|p2a: Toxapex|Scald|p1a: Toxapex
|-resisted|p1a: Toxapex
|-damage|p1a: Toxapex|48/100 brn
|
|-heal|p2a: Toxapex|46/100 brn|[from] item: Black Sludge
|-heal|p1a: Toxapex|54/100 brn|[from] item: Black Sludge
|-damage|p2a: Toxapex|40/100 brn|[from] brn
|-damage|p1a: Toxapex|48/100 brn|[from] brn
|upkeep
|turn|113
|
|move|p1a: Toxapex|Scald|p2a: Toxapex
|-resisted|p2a: Toxapex
|-damage|p2a: Toxapex|33/100 brn
|move|p2a: Toxapex|Scald|p1a: Toxapex
|-resisted|p1a: Toxapex
|-damage|p1a: Toxapex|41/100 brn
|
|-heal|p2a: Toxapex|39/100 brn|[from] item: Black Sludge
|-heal|p1a: Toxapex|47/100 brn|[from] item: Black Sludge
|-damage|p2a: Toxapex|33/100 brn|[from] brn
|-damage|p1a: Toxapex|41/100 brn|[from] brn
|upkeep
|turn|114
|
|move|p1a: Toxapex|Scald|p2a: Toxapex
|-resisted|p2a: Toxapex
|-damage|p2a: Toxapex|26/100 brn
|move|p2a: Toxapex|Scald|p1a: Toxapex
|-resisted|p1a: Toxapex
|-damage|p1a: Toxapex|33/100 brn
|
|-heal|p2a: Toxapex|33/100 brn|[from] item: Black Sludge
|-heal|p1a: Toxapex|40/100 brn|[from] item: Black Sludge
|-damage|p2a: Toxapex|26/100 brn|[from] brn
|-damage|p1a: Toxapex|33/100 brn|[from] brn
|upkeep
|turn|115
|
|move|p2a: Toxapex|Scald|p1a: Toxapex
|-resisted|p1a: Toxapex
|-damage|p1a: Toxapex|27/100 brn
|move|p1a: Toxapex|Scald|p2a: Toxapex
|-resisted|p2a: Toxapex
|-damage|p2a: Toxapex|20/100 brn
|
|-heal|p2a: Toxapex|26/100 brn|[from] item: Black Sludge
|-heal|p1a: Toxapex|33/100 brn|[from] item: Black Sludge
|-damage|p2a: Toxapex|20/100 brn|[from] brn
|-damage|p1a: Toxapex|27/100 brn|[from] brn
|upkeep
|turn|116
|
|move|p1a: Toxapex|Scald|p2a: Toxapex
|-resisted|p2a: Toxapex
|-damage|p2a: Toxapex|12/100 brn
|move|p2a: Toxapex|Scald|p1a: Toxapex
|-resisted|p1a: Toxapex
|-damage|p1a: Toxapex|21/100 brn
|
|-heal|p2a: Toxapex|19/100 brn|[from] item: Black Sludge
|-heal|p1a: Toxapex|27/100 brn|[from] item: Black Sludge
|-damage|p2a: Toxapex|12/100 brn|[from] brn
|-damage|p1a: Toxapex|21/100 brn|[from] brn
|upkeep
|turn|117
|
|move|p1a: Toxapex|Recover|p1a: Toxapex
|-heal|p1a: Toxapex|71/100 brn
|move|p2a: Toxapex|Recover|p2a: Toxapex
|-heal|p2a: Toxapex|62/100 brn
|
|-heal|p2a: Toxapex|69/100 brn|[from] item: Black Sludge
|-heal|p1a: Toxapex|77/100 brn|[from] item: Black Sludge
|-damage|p2a: Toxapex|62/100 brn|[from] brn
|-damage|p1a: Toxapex|71/100 brn|[from] brn
|upkeep
|turn|118
|
|move|p1a: Toxapex|Recover|p1a: Toxapex
|-heal|p1a: Toxapex|100/100 brn
|move|p2a: Toxapex|Recover|p2a: Toxapex
|-heal|p2a: Toxapex|100/100 brn
|
|-damage|p2a: Toxapex|94/100 brn|[from] brn
|-damage|p1a: Toxapex|94/100 brn|[from] brn
|upkeep
|turn|119
|
|move|p1a: Toxapex|Recover|p1a: Toxapex
|-heal|p1a: Toxapex|100/100 brn
|move|p2a: Toxapex|Recover|p2a: Toxapex
|-heal|p2a: Toxapex|100/100 brn
|
|-damage|p2a: Toxapex|94/100 brn|[from] brn
|-damage|p1a: Toxapex|94/100 brn|[from] brn
|upkeep
|turn|120
|
|move|p2a: Toxapex|Recover|p2a: Toxapex
|-heal|p2a: Toxapex|100/100 brn
|move|p1a: Toxapex|Recover|p1a: Toxapex
|-heal|p1a: Toxapex|100/100 brn
|
|-damage|p2a: Toxapex|94/100 brn|[from] brn
|-damage|p1a: Toxapex|94/100 brn|[from] brn
|upkeep
|turn|121
|
|move|p2a: Toxapex|Recover|p2a: Toxapex
|-heal|p2a: Toxapex|100/100 brn
|move|p1a: Toxapex|Recover|p1a: Toxapex
|-heal|p1a: Toxapex|100/100 brn
|
|-damage|p2a: Toxapex|94/100 brn|[from] brn
|-damage|p1a: Toxapex|94/100 brn|[from] brn
|upkeep
|turn|122
|
|move|p2a: Toxapex|Recover|p2a: Toxapex
|-heal|p2a: Toxapex|100/100 brn
|move|p1a: Toxapex|Recover|p1a: Toxapex
|-heal|p1a: Toxapex|100/100 brn
|
|-damage|p2a: Toxapex|94/100 brn|[from] brn
|-damage|p1a: Toxapex|94/100 brn|[from] brn
|upkeep
|turn|123
|
|move|p1a: Toxapex|Recover|p1a: Toxapex
|-heal|p1a: Toxapex|100/100 brn
|move|p2a: Toxapex|Recover|p2a: Toxapex
|-heal|p2a: Toxapex|100/100 brn
|
|-damage|p2a: Toxapex|94/100 brn|[from] brn
|-damage|p1a: Toxapex|94/100 brn|[from] brn
|upkeep
|turn|124
|
|move|p1a: Toxapex|Recover|p1a: Toxapex
|-heal|p1a: Toxapex|100/100 brn
|move|p2a: Toxapex|Recover|p2a: Toxapex
|-heal|p2a: Toxapex|100/100 brn
|
|-damage|p2a: Toxapex|94/100 brn|[from] brn
|-damage|p1a: Toxapex|94/100 brn|[from] brn
|upkeep
|turn|125
|
|move|p1a: Toxapex|Recover|p1a: Toxapex
|-heal|p1a: Toxapex|100/100 brn
|move|p2a: Toxapex|Recover|p2a: Toxapex
|-heal|p2a: Toxapex|100/100 brn
|
|-damage|p2a: Toxapex|94/100 brn|[from] brn
|-damage|p1a: Toxapex|94/100 brn|[from] brn
|upkeep
|turn|126
|
|move|p1a: Toxapex|Recover|p1a: Toxapex
|-heal|p1a: Toxapex|100/100 brn
|move|p2a: Toxapex|Recover|p2a: Toxapex
|-heal|p2a: Toxapex|100/100 brn
|
|-damage|p2a: Toxapex|94/100 brn|[from] brn
|-damage|p1a: Toxapex|94/100 brn|[from] brn
|upkeep
|turn|127
|
|move|p1a: Toxapex|Recover|p1a: Toxapex
|-heal|p1a: Toxapex|100/100 brn
|move|p2a: Toxapex|Recover|p2a: Toxapex
|-heal|p2a: Toxapex|100/100 brn
|
|-damage|p2a: Toxapex|94/100 brn|[from] brn
|-damage|p1a: Toxapex|94/100 brn|[from] brn
|upkeep
|turn|128
|
|move|p2a: Toxapex|Recover|p2a: Toxapex
|-heal|p2a: Toxapex|100/100 brn
|move|p1a: Toxapex|Recover|p1a: Toxapex
|-heal|p1a: Toxapex|100/100 brn
|
|-damage|p2a: Toxapex|94/100 brn|[from] brn
|-damage|p1a: Toxapex|94/100 brn|[from] brn
|upkeep
|turn|129
|
|move|p1a: Toxapex|Recover|p1a: Toxapex
|-heal|p1a: Toxapex|100/100 brn
|move|p2a: Toxapex|Recover|p2a: Toxapex
|-heal|p2a: Toxapex|100/100 brn
|
|-damage|p2a: Toxapex|94/100 brn|[from] brn
|-damage|p1a: Toxapex|94/100 brn|[from] brn
|upkeep
|turn|130
|
|-activate|p1a: Toxapex|move: Struggle
|move|p1a: Toxapex|Struggle|p2a: Toxapex
|-damage|p2a: Toxapex|92/100 brn
|-damage|p1a: Toxapex|69/100 brn|[from] recoil
|-activate|p2a: Toxapex|move: Struggle
|move|p2a: Toxapex|Struggle|p1a: Toxapex
|-damage|p1a: Toxapex|67/100 brn
|-damage|p2a: Toxapex|67/100 brn|[from] recoil
|
|-heal|p2a: Toxapex|73/100 brn|[from] item: Black Sludge
|-heal|p1a: Toxapex|74/100 brn|[from] item: Black Sludge
|-damage|p2a: Toxapex|67/100 brn|[from] brn
|-damage|p1a: Toxapex|67/100 brn|[from] brn
|upkeep
|turn|131
|
|-activate|p1a: Toxapex|move: Struggle
|move|p1a: Toxapex|Struggle|p2a: Toxapex
|-damage|p2a: Toxapex|65/100 brn
|-damage|p1a: Toxapex|42/100 brn|[from] recoil
|-activate|p2a: Toxapex|move: Struggle
|move|p2a: Toxapex|Struggle|p1a: Toxapex
|-damage|p1a: Toxapex|41/100 brn
|-damage|p2a: Toxapex|40/100 brn|[from] recoil
|
|-heal|p2a: Toxapex|46/100 brn|[from] item: Black Sludge
|-heal|p1a: Toxapex|47/100 brn|[from] item: Black Sludge
|-damage|p2a: Toxapex|40/100 brn|[from] brn
|-damage|p1a: Toxapex|41/100 brn|[from] brn
|upkeep
|turn|132
|
|-activate|p2a: Toxapex|move: Struggle
|move|p2a: Toxapex|Struggle|p1a: Toxapex
|-damage|p1a: Toxapex|39/100 brn
|-damage|p2a: Toxapex|15/100 brn|[from] recoil
|-activate|p1a: Toxapex|move: Struggle
|move|p1a: Toxapex|Struggle|p2a: Toxapex
|-damage|p2a: Toxapex|12/100 brn
|-damage|p1a: Toxapex|14/100 brn|[from] recoil
|
|-heal|p2a: Toxapex|19/100 brn|[from] item: Black Sludge
|-heal|p1a: Toxapex|20/100 brn|[from] item: Black Sludge
|-damage|p2a: Toxapex|12/100 brn|[from] brn
|-damage|p1a: Toxapex|14/100 brn|[from] brn
|upkeep
|turn|133
|
|-activate|p2a: Toxapex|move: Struggle
|move|p2a: Toxapex|Struggle|p1a: Toxapex
|-damage|p1a: Toxapex|12/100 brn
|-damage|p2a: Toxapex|0 fnt|[from] recoil
|faint|p2a: Toxapex
|
|win|Garchomplte
|c|☆emiRA007|gg
|c|☆Garchomplte|Gg
|raw|Garchomplte's rating: 1554 → 1577(+23 for winning)
|raw|emiRA007's rating: 1618 → 1595(-23 for losing)
