|ScrapeTime|2020-01-02-10:25:47
|j|☆Rusty blue
|j|☆KFC Chizza
|player|p1|Rusty blue|ingo|1652
|player|p2|KFC Chizza|unknown|1770
|teamsize|p1|6
|teamsize|p2|6
|gametype|singles
|gen|8
|tier|[Gen 8] OU
|rated|
|rule|Sleep Clause Mod: Limit one foe put to sleep
|rule|Species Clause: Limit one of each Pokémon
|rule|OHKO Clause: OHKO moves are banned
|rule|Evasion Moves Clause: Evasion moves are banned
|rule|Endless Battle Clause: Forcing endless battles is banned
|rule|HP Percentage Mod: HP is shown in percentages
|clearpoke
|poke|p1|Corviknight, M|
|poke|p1|Mew|
|poke|p1|Kommo-o, M|
|poke|p1|Tyranitar, M|
|poke|p1|Haxorus, M|
|poke|p1|Dragapult, M|
|poke|p2|Hydreigon, M|
|poke|p2|Cinderace, M|
|poke|p2|Corviknight, F|
|poke|p2|Milotic, M|
|poke|p2|Clefable, M|
|poke|p2|Dugtrio, M|
|rule|Dynamax Clause: You cannot dynamax
|teampreview
|j| Hopopope
|
|start
|switch|p1a: Mew|Mew|100/100
|switch|p2a: Cinderace|Cinderace, M, shiny|100/100
|turn|1
|inactive|Battle timer is ON: inactive players will automatically lose when time's up. (requested by KFC Chizza)
|
|move|p2a: Cinderace|U-turn|p1a: Mew
|-supereffective|p1a: Mew
|-crit|p1a: Mew
|-damage|p1a: Mew|7/100
|
|switch|p2a: Hydreigon|Hydreigon, M|100/100|[from]move: U-turn
|move|p1a: Mew|Psychic|p2a: Hydreigon
|-immune|p2a: Hydreigon
|
|-heal|p1a: Mew|13/100|[from] item: Leftovers
|upkeep
|turn|2
|
|move|p2a: Hydreigon|U-turn|p1a: Mew
|-supereffective|p1a: Mew
|-damage|p1a: Mew|0 fnt
|faint|p1a: Mew
|
|switch|p2a: Cinderace|Cinderace, M, shiny|100/100|[from]move: U-turn
|
|upkeep
|
|switch|p1a: Dragapult|Dragapult, M|100/100
|turn|3
|
|move|p1a: Dragapult|Shadow Ball|p2a: Cinderace
|-crit|p2a: Cinderace
|-damage|p2a: Cinderace|24/100
|move|p2a: Cinderace|U-turn|p1a: Dragapult
|-resisted|p1a: Dragapult
|-damage|p1a: Dragapult|78/100
|
|switch|p2a: Hydreigon|Hydreigon, M|100/100|[from]move: U-turn
|
|upkeep
|turn|4
|
|switch|p1a: Corviknight|Corviknight, M|100/100
|-ability|p1a: Corviknight|Pressure
|move|p2a: Hydreigon|U-turn|p1a: Corviknight
|-resisted|p1a: Corviknight
|-damage|p1a: Corviknight|98/100
|l| Hopopope
|
|switch|p2a: Cinderace|Cinderace, M, shiny|24/100|[from]move: U-turn
|
|-heal|p1a: Corviknight|100/100|[from] item: Leftovers
|upkeep
|turn|5
|
|switch|p1a: Dragapult|Dragapult, M|78/100
|move|p2a: Cinderace|U-turn|p1a: Dragapult
|-resisted|p1a: Dragapult
|-crit|p1a: Dragapult
|-damage|p1a: Dragapult|44/100
|
|switch|p2a: Hydreigon|Hydreigon, M|100/100|[from]move: U-turn
|
|upkeep
|turn|6
|
|move|p2a: Hydreigon|U-turn|p1a: Dragapult
|-resisted|p1a: Dragapult
|-damage|p1a: Dragapult|33/100
|
|switch|p2a: Milotic|Milotic, M|100/100|[from]move: U-turn
|move|p1a: Dragapult|Dragon Pulse|p2a: Milotic
|-damage|p2a: Milotic|72/100
|
|-heal|p2a: Milotic|78/100|[from] item: Leftovers
|upkeep
|turn|7
|
|move|p1a: Dragapult|Thunderbolt|p2a: Milotic
|-supereffective|p2a: Milotic
|-damage|p2a: Milotic|41/100
|-status|p2a: Milotic|par
|move|p2a: Milotic|Scald|p1a: Dragapult
|-resisted|p1a: Dragapult
|-damage|p1a: Dragapult|16/100
|-status|p1a: Dragapult|brn
|
|-heal|p2a: Milotic|47/100 par|[from] item: Leftovers
|-damage|p1a: Dragapult|10/100 brn|[from] brn
|upkeep
|turn|8
|j|+eMrE MoR 9
|
|move|p1a: Dragapult|Shadow Ball|p2a: Milotic
|-damage|p2a: Milotic|22/100 par
|-unboost|p2a: Milotic|spd|1
|move|p2a: Milotic|Recover|p2a: Milotic
|-heal|p2a: Milotic|72/100 par
|
|-heal|p2a: Milotic|78/100 par|[from] item: Leftovers
|-damage|p1a: Dragapult|4/100 brn|[from] brn
|upkeep
|turn|9
|
|move|p1a: Dragapult|Shadow Ball|p2a: Milotic
|-damage|p2a: Milotic|36/100 par
|move|p2a: Milotic|Recover|p2a: Milotic
|-heal|p2a: Milotic|86/100 par
|
|-heal|p2a: Milotic|92/100 par|[from] item: Leftovers
|-damage|p1a: Dragapult|0 fnt|[from] brn
|faint|p1a: Dragapult
|upkeep
|inactive|Rusty blue has 120 seconds left.
|
|switch|p1a: Haxorus|Haxorus, M|100/100
|-ability|p1a: Haxorus|Mold Breaker
|turn|10
|
|switch|p2a: Clefable|Clefable, M|100/100
|move|p1a: Haxorus|Dragon Dance|p1a: Haxorus
|-boost|p1a: Haxorus|atk|1
|-boost|p1a: Haxorus|spe|1
|
|upkeep
|turn|11
|
|move|p1a: Haxorus|Earthquake|p2a: Clefable
|-damage|p2a: Clefable|45/100
|move|p2a: Clefable|Moonblast|p1a: Haxorus
|-supereffective|p1a: Haxorus
|-crit|p1a: Haxorus
|-damage|p1a: Haxorus|0 fnt
|faint|p1a: Haxorus
|
|upkeep
|
|switch|p1a: Kommo-o|Kommo-o, M|100/100
|turn|12
|
|move|p1a: Kommo-o|Iron Head|p2a: Clefable
|-supereffective|p2a: Clefable
|-damage|p2a: Clefable|0 fnt
|faint|p2a: Clefable
|
|upkeep
|
|switch|p2a: Hydreigon|Hydreigon, M|100/100
|turn|13
|
|switch|p1a: Corviknight|Corviknight, M|100/100
|-ability|p1a: Corviknight|Pressure
|move|p2a: Hydreigon|U-turn|p1a: Corviknight
|-resisted|p1a: Corviknight
|-crit|p1a: Corviknight
|-damage|p1a: Corviknight|97/100
|
|switch|p2a: Cinderace|Cinderace, M, shiny|24/100|[from]move: U-turn
|
|-heal|p1a: Corviknight|100/100|[from] item: Leftovers
|upkeep
|turn|14
|
|move|p2a: Cinderace|U-turn|p1a: Corviknight
|-resisted|p1a: Corviknight
|-damage|p1a: Corviknight|95/100
|
|switch|p2a: Corviknight|Corviknight, F|100/100|[from]move: U-turn
|-ability|p2a: Corviknight|Pressure
|move|p1a: Corviknight|U-turn|p2a: Corviknight
|-resisted|p2a: Corviknight
|-damage|p2a: Corviknight|98/100
|
|switch|p1a: Tyranitar|Tyranitar, M|100/100|[from]move: U-turn
|-weather|Sandstorm|[from] ability: Sand Stream|[of] p1a: Tyranitar
|
|-weather|Sandstorm|[upkeep]
|-heal|p2a: Corviknight|100/100|[from] item: Leftovers
|upkeep
|turn|15
|j| Quick Skyz
|
|move|p1a: Tyranitar|Dragon Dance|p1a: Tyranitar
|-boost|p1a: Tyranitar|atk|1
|-boost|p1a: Tyranitar|spe|1
|move|p2a: Corviknight|U-turn|p1a: Tyranitar
|-supereffective|p1a: Tyranitar
|-damage|p1a: Tyranitar|74/100
|
|switch|p2a: Dugtrio|Dugtrio, M|100/100|[from]move: U-turn
|
|-weather|Sandstorm|[upkeep]
|-heal|p1a: Tyranitar|80/100|[from] item: Leftovers
|upkeep
|turn|16
|
|move|p2a: Dugtrio|Earthquake|p1a: Tyranitar
|-supereffective|p1a: Tyranitar
|-damage|p1a: Tyranitar|0 fnt
|faint|p1a: Tyranitar
|
|-weather|Sandstorm|[upkeep]
|upkeep
|l| Quick Skyz
|
|switch|p1a: Corviknight|Corviknight, M|95/100
|-ability|p1a: Corviknight|Pressure
|turn|17
|
|switch|p2a: Corviknight|Corviknight, F|100/100
|-ability|p2a: Corviknight|Pressure
|move|p1a: Corviknight|U-turn|p2a: Corviknight
|-resisted|p2a: Corviknight
|-damage|p2a: Corviknight|98/100
|
|switch|p1a: Kommo-o|Kommo-o, M|100/100|[from]move: U-turn
|
|-weather|Sandstorm|[upkeep]
|-damage|p1a: Kommo-o|94/100|[from] Sandstorm
|-heal|p1a: Kommo-o|100/100|[from] item: Leftovers
|-heal|p2a: Corviknight|100/100|[from] item: Leftovers
|upkeep
|turn|18
|
|move|p1a: Kommo-o|Dragon Dance|p1a: Kommo-o
|-boost|p1a: Kommo-o|atk|1
|-boost|p1a: Kommo-o|spe|1
|move|p2a: Corviknight|Brave Bird|p1a: Kommo-o
|-supereffective|p1a: Kommo-o
|-damage|p1a: Kommo-o|30/100
|-damage|p2a: Corviknight|84/100|[from] Recoil
|
|-weather|none
|-heal|p1a: Kommo-o|37/100|[from] item: Leftovers
|-heal|p2a: Corviknight|90/100|[from] item: Leftovers
|upkeep
|turn|19
|
|move|p1a: Kommo-o|Close Combat|p2a: Corviknight
|-damage|p2a: Corviknight|26/100
|-unboost|p1a: Kommo-o|def|1
|-unboost|p1a: Kommo-o|spd|1
|move|p2a: Corviknight|Brave Bird|p1a: Kommo-o
|-supereffective|p1a: Kommo-o
|-crit|p1a: Kommo-o
|-damage|p1a: Kommo-o|0 fnt
|-damage|p2a: Corviknight|17/100|[from] Recoil
|faint|p1a: Kommo-o
|
|-heal|p2a: Corviknight|23/100|[from] item: Leftovers
|upkeep
|-message|Rusty blue forfeited.
|
|win|KFC Chizza
|l|☆Rusty blue
|raw|Rusty blue's rating: 1669 → 1655(-14 for losing)
|raw|KFC Chizza's rating: 1770 → 1785(+15 for winning)
|l|☆KFC Chizza
