|ScrapeTime|2020-01-02-12:34:54
|j|☆MegaFish12
|j|☆fire manny diaz
|player|p1|MegaFish12|pokemonbreederf|1794
|player|p2|fire manny diaz|76|1767
|teamsize|p1|6
|teamsize|p2|6
|gametype|singles
|gen|8
|tier|[Gen 8] OU
|rated|
|rule|Sleep Clause Mod: Limit one foe put to sleep
|rule|Species Clause: Limit one of each Pokémon
|rule|OHKO Clause: OHKO moves are banned
|rule|Evasion Moves Clause: Evasion moves are banned
|rule|Endless Battle Clause: Forcing endless battles is banned
|rule|HP Percentage Mod: HP is shown in percentages
|clearpoke
|poke|p1|Corviknight, F|
|poke|p1|Clefable, F|
|poke|p1|Aegislash, M|
|poke|p1|Cinderace, F|
|poke|p1|Hydreigon, F|
|poke|p1|Seismitoad, F|
|poke|p2|Dracovish|
|poke|p2|Ferrothorn, M|
|poke|p2|Tyranitar, F|
|poke|p2|Rotom-Heat|
|poke|p2|Clefable, F|
|poke|p2|Corviknight, F|
|rule|Dynamax Clause: You cannot dynamax
|teampreview
|j| wan1213
|j| 3 star
|l| wan1213
|j| ludeman5125
|inactive|Battle timer is ON: inactive players will automatically lose when time's up. (requested by fire manny diaz)
|j| Sing And Noise
|j| Viewing High Elo
|
|start
|switch|p1a: Aegislash|Aegislash, M|100/100
|switch|p2a: Tyranitar|Tyranitar, F|100/100
|-weather|Sandstorm|[from] ability: Sand Stream|[of] p2a: Tyranitar
|turn|1
|inactive|fire manny diaz has 120 seconds left.
|j| g1ble
|
|move|p1a: Aegislash|King's Shield|p1a: Aegislash
|-singleturn|p1a: Aegislash|Protect
|move|p2a: Tyranitar|Crunch|p1a: Aegislash
|-activate|p1a: Aegislash|move: Protect
|-unboost|p2a: Tyranitar|atk|1
|
|-weather|Sandstorm|[upkeep]
|upkeep
|turn|2
|inactive|fire manny diaz has 120 seconds left.
|inactive|MegaFish12 has 120 seconds left.
|l| ludeman5125
|
|switch|p2a: Rotom|Rotom-Heat|100/100
|switch|p1a: Hydreigon|Hydreigon, F|100/100
|
|-weather|Sandstorm|[upkeep]
|-damage|p1a: Hydreigon|94/100|[from] Sandstorm
|-damage|p2a: Rotom|94/100|[from] Sandstorm
|upkeep
|turn|3
|inactive|fire manny diaz has 120 seconds left.
|
|move|p1a: Hydreigon|U-turn|p2a: Rotom
|-resisted|p2a: Rotom
|-damage|p2a: Rotom|86/100
|
|switch|p1a: Seismitoad|Seismitoad, F|100/100|[from]move: U-turn
|move|p2a: Rotom|Nasty Plot|p2a: Rotom
|-boost|p2a: Rotom|spa|2
|
|-weather|Sandstorm|[upkeep]
|-damage|p2a: Rotom|80/100|[from] Sandstorm
|upkeep
|turn|4
|inactive|fire manny diaz has 120 seconds left.
|
|move|p2a: Rotom|Overheat|p1a: Seismitoad
|-resisted|p1a: Seismitoad
|-damage|p1a: Seismitoad|46/100
|-unboost|p2a: Rotom|spa|2
|move|p1a: Seismitoad|Scald|p2a: Rotom
|-supereffective|p2a: Rotom
|-damage|p2a: Rotom|27/100
|
|-weather|Sandstorm|[upkeep]
|-damage|p2a: Rotom|21/100|[from] Sandstorm
|-heal|p1a: Seismitoad|52/100|[from] item: Leftovers
|upkeep
|turn|5
|inactive|MegaFish12 has 120 seconds left.
|
|switch|p1a: Cinderace|Cinderace, F|100/100
|move|p2a: Rotom|Overheat|p1a: Cinderace
|-resisted|p1a: Cinderace
|-damage|p1a: Cinderace|63/100
|-unboost|p2a: Rotom|spa|2
|
|-weather|none
|upkeep
|turn|6
|j| WymanRemembers
|inactive|fire manny diaz has 120 seconds left.
|inactive|MegaFish12 has 90 seconds left.
|
|move|p1a: Cinderace|U-turn|p2a: Rotom
|-resisted|p2a: Rotom
|-damage|p2a: Rotom|10/100
|
|switch|p1a: Seismitoad|Seismitoad, F|52/100|[from]move: U-turn
|move|p2a: Rotom|Nasty Plot|p2a: Rotom
|-boost|p2a: Rotom|spa|2
|
|-heal|p1a: Seismitoad|58/100|[from] item: Leftovers
|upkeep
|turn|7
|
|switch|p1a: Hydreigon|Hydreigon, F|94/100
|move|p2a: Rotom|Overheat|p1a: Hydreigon|[miss]
|-miss|p2a: Rotom|p1a: Hydreigon
|
|upkeep
|turn|8
|j| mikmer
|
|move|p1a: Hydreigon|U-turn|p2a: Rotom
|-resisted|p2a: Rotom
|-damage|p2a: Rotom|2/100
|
|switch|p1a: Seismitoad|Seismitoad, F|58/100|[from]move: U-turn
|move|p2a: Rotom|Volt Switch|p1a: Seismitoad
|-immune|p1a: Seismitoad
|
|-heal|p1a: Seismitoad|64/100|[from] item: Leftovers
|upkeep
|turn|9
|
|switch|p1a: Hydreigon|Hydreigon, F|94/100
|move|p2a: Rotom|Overheat|p1a: Hydreigon|[miss]
|-miss|p2a: Rotom|p1a: Hydreigon
|
|upkeep
|turn|10
|
|move|p1a: Hydreigon|U-turn|p2a: Rotom
|-resisted|p2a: Rotom
|-damage|p2a: Rotom|0 fnt
|faint|p2a: Rotom
|inactive|MegaFish12 has 120 seconds left.
|
|switch|p1a: Aegislash|Aegislash, M|100/100|[from]move: U-turn
|
|upkeep
|
|switch|p2a: Tyranitar|Tyranitar, F|100/100
|-weather|Sandstorm|[from] ability: Sand Stream|[of] p2a: Tyranitar
|turn|11
|
|move|p1a: Aegislash|King's Shield|p1a: Aegislash
|-singleturn|p1a: Aegislash|Protect
|move|p2a: Tyranitar|Earthquake|p1a: Aegislash
|-activate|p1a: Aegislash|move: Protect
|
|-weather|Sandstorm|[upkeep]
|upkeep
|turn|12
|
|switch|p2a: Ferrothorn|Ferrothorn, M|100/100
|switch|p1a: Cinderace|Cinderace, F|63/100
|
|-weather|Sandstorm|[upkeep]
|-damage|p1a: Cinderace|57/100|[from] Sandstorm
|upkeep
|turn|13
|
|move|p1a: Cinderace|Pyro Ball|p2a: Ferrothorn
|-supereffective|p2a: Ferrothorn
|-damage|p2a: Ferrothorn|0 fnt
|faint|p2a: Ferrothorn
|
|-weather|Sandstorm|[upkeep]
|-damage|p1a: Cinderace|51/100|[from] Sandstorm
|upkeep
|
|switch|p2a: Tyranitar|Tyranitar, F|100/100
|turn|14
|
|move|p1a: Cinderace|U-turn|p2a: Tyranitar
|-supereffective|p2a: Tyranitar
|-damage|p2a: Tyranitar|62/100
|
|switch|p1a: Corviknight|Corviknight, F|100/100|[from]move: U-turn
|-ability|p1a: Corviknight|Pressure
|move|p2a: Tyranitar|Crunch|p1a: Corviknight
|-crit|p1a: Corviknight
|-damage|p1a: Corviknight|10/100
|
|-weather|Sandstorm|[upkeep]
|-heal|p1a: Corviknight|16/100|[from] item: Leftovers
|upkeep
|turn|15
|
|move|p2a: Tyranitar|Crunch|p1a: Corviknight
|-damage|p1a: Corviknight|0 fnt
|faint|p1a: Corviknight
|
|-weather|none
|upkeep
|
|switch|p1a: Clefable|Clefable, F|100/100
|turn|16
|
|switch|p2a: Jihad Mode|Corviknight, F|100/100
|-ability|p2a: Jihad Mode|Pressure
|move|p1a: Clefable|Calm Mind|p1a: Clefable
|-boost|p1a: Clefable|spa|1
|-boost|p1a: Clefable|spd|1
|
|upkeep
|turn|17
|j| Dislashed
|
|switch|p2a: Kylo Rend|Dracovish|100/100
|move|p1a: Clefable|Thunderbolt|p2a: Kylo Rend
|-damage|p2a: Kylo Rend|29/100
|
|upkeep
|turn|18
|
|switch|p2a: Tyranitar|Tyranitar, F|62/100
|-weather|Sandstorm|[from] ability: Sand Stream|[of] p2a: Tyranitar
|switch|p1a: Seismitoad|Seismitoad, F|64/100
|
|-weather|Sandstorm|[upkeep]
|-heal|p1a: Seismitoad|70/100|[from] item: Leftovers
|upkeep
|turn|19
|
|move|p2a: Tyranitar|Crunch|p1a: Seismitoad
|-damage|p1a: Seismitoad|20/100
|move|p1a: Seismitoad|Earthquake|p2a: Tyranitar
|-supereffective|p2a: Tyranitar
|-damage|p2a: Tyranitar|0 fnt
|faint|p2a: Tyranitar
|
|-weather|Sandstorm|[upkeep]
|-heal|p1a: Seismitoad|26/100|[from] item: Leftovers
|upkeep
|
|switch|p2a: Jihad Mode|Corviknight, F|100/100
|-ability|p2a: Jihad Mode|Pressure
|turn|20
|l| mikmer
|
|switch|p1a: Clefable|Clefable, F|100/100
|move|p2a: Jihad Mode|Bulk Up|p2a: Jihad Mode
|-boost|p2a: Jihad Mode|atk|1
|-boost|p2a: Jihad Mode|def|1
|
|-weather|Sandstorm|[upkeep]
|upkeep
|turn|21
|
|move|p2a: Jihad Mode|Brave Bird|p1a: Clefable
|-damage|p1a: Clefable|31/100
|-damage|p2a: Jihad Mode|81/100|[from] Recoil
|move|p1a: Clefable|Thunderbolt|p2a: Jihad Mode
|-supereffective|p2a: Jihad Mode
|-damage|p2a: Jihad Mode|20/100
|
|-weather|Sandstorm|[upkeep]
|-heal|p2a: Jihad Mode|26/100|[from] item: Leftovers
|upkeep
|turn|22
|l| Dislashed
|
|move|p2a: Jihad Mode|Brave Bird|p1a: Clefable
|-damage|p1a: Clefable|0 fnt
|-damage|p2a: Jihad Mode|18/100|[from] Recoil
|faint|p1a: Clefable
|
|-weather|none
|-heal|p2a: Jihad Mode|24/100|[from] item: Leftovers
|upkeep
|
|switch|p1a: Cinderace|Cinderace, F|51/100
|turn|23
|
|move|p1a: Cinderace|Pyro Ball|p2a: Jihad Mode
|-supereffective|p2a: Jihad Mode
|-damage|p2a: Jihad Mode|0 fnt
|faint|p2a: Jihad Mode
|
|upkeep
|
|switch|p2a: Kylo Rend|Dracovish|29/100
|turn|24
|
|switch|p1a: Seismitoad|Seismitoad, F|26/100
|move|p2a: Kylo Rend|Earthquake|p1a: Seismitoad
|-damage|p1a: Seismitoad|8/100
|
|-heal|p1a: Seismitoad|14/100|[from] item: Leftovers
|upkeep
|turn|25
|
|switch|p2a: Clefable|Clefable, F|100/100
|move|p1a: Seismitoad|Earthquake|p2a: Clefable
|-damage|p2a: Clefable|55/100
|
|-heal|p1a: Seismitoad|20/100|[from] item: Leftovers
|upkeep
|turn|26
|-message|fire manny diaz forfeited.
|
|win|MegaFish12
|l|☆fire manny diaz
