|ScrapeTime|2020-01-01-13:35:09
|j|☆Hyhgy
|j|☆OZriX
|player|p1|Hyhgy|benga|1000
|player|p2|OZriX|red|1027
|teamsize|p1|6
|teamsize|p2|6
|gametype|singles
|gen|8
|tier|[Gen 8] OU
|rated|
|rule|Sleep Clause Mod: Limit one foe put to sleep
|rule|Species Clause: Limit one of each Pokémon
|rule|OHKO Clause: OHKO moves are banned
|rule|Evasion Moves Clause: Evasion moves are banned
|rule|Endless Battle Clause: Forcing endless battles is banned
|rule|HP Percentage Mod: HP is shown in percentages
|clearpoke
|poke|p1|Excadrill, M|
|poke|p1|Cinderace, M|
|poke|p1|Toxtricity, F|
|poke|p1|Dragapult, F|
|poke|p1|Corviknight, F|
|poke|p1|Ferrothorn, M|
|poke|p2|Cinderace, M|
|poke|p2|Rillaboom, F|
|poke|p2|Inteleon, F|
|poke|p2|Dubwool, F|
|poke|p2|Indeedee, M|
|poke|p2|Morpeko, M|
|rule|Dynamax Clause: You cannot dynamax
|teampreview
|inactive|Battle timer is ON: inactive players will automatically lose when time's up. (requested by OZriX)
|
|start
|switch|p1a: Excadrill|Excadrill, M|100/100
|switch|p2a: Neymar Jr|Cinderace, M|100/100
|-ability|p1a: Excadrill|Mold Breaker
|turn|1
|inactive|Hyhgy has 120 seconds left.
|
|move|p2a: Neymar Jr|Pyro Ball|p1a: Excadrill
|-supereffective|p1a: Excadrill
|-enditem|p1a: Excadrill|Focus Sash
|-damage|p1a: Excadrill|1/100
|move|p1a: Excadrill|Rock Tomb|p2a: Neymar Jr
|-supereffective|p2a: Neymar Jr
|-damage|p2a: Neymar Jr|42/100
|-unboost|p2a: Neymar Jr|spe|1
|
|upkeep
|turn|2
|inactive|Hyhgy has 90 seconds left.
|
|switch|p1a: Cinderace|Cinderace, M|100/100
|move|p2a: Neymar Jr|U-turn|p1a: Cinderace
|-resisted|p1a: Cinderace
|-damage|p1a: Cinderace|84/100
|
|switch|p2a: Pire Starter|Inteleon, F|100/100|[from]move: U-turn
|
|upkeep
|turn|3
|inactive|Hyhgy has 90 seconds left.
|
|move|p2a: Pire Starter|Hydro Pump|p1a: Cinderace
|-supereffective|p1a: Cinderace
|-damage|p1a: Cinderace|0 fnt
|faint|p1a: Cinderace
|
|upkeep
|inactive|Hyhgy has 90 seconds left.
|
|switch|p1a: Ferrothorn|Ferrothorn, M|100/100
|turn|4
|
|switch|p2a: Neymar Jr|Cinderace, M|42/100
|move|p1a: Ferrothorn|Leech Seed|p2a: Neymar Jr
|-start|p2a: Neymar Jr|move: Leech Seed
|
|-damage|p2a: Neymar Jr|30/100|[from] Leech Seed|[of] p1a: Ferrothorn
|upkeep
|turn|5
|inactive|Hyhgy has 90 seconds left.
|
|switch|p1a: Dragapult|Dragapult, F|100/100
|move|p2a: Neymar Jr|Pyro Ball|p1a: Dragapult
|-resisted|p1a: Dragapult
|-damage|p1a: Dragapult|35/100
|
|-heal|p1a: Dragapult|41/100|[from] item: Leftovers
|-damage|p2a: Neymar Jr|17/100|[from] Leech Seed|[of] p1a: Dragapult
|-heal|p1a: Dragapult|53/100|[silent]
|upkeep
|turn|6
|inactive|Hyhgy has 90 seconds left.
|
|move|p1a: Dragapult|Surf|p2a: Neymar Jr
|-supereffective|p2a: Neymar Jr
|-damage|p2a: Neymar Jr|0 fnt
|faint|p2a: Neymar Jr
|
|-heal|p1a: Dragapult|59/100|[from] item: Leftovers
|upkeep
|
|switch|p2a: HamHamPourTjrs|Morpeko, M|100/100
|turn|7
|inactive|Hyhgy has 90 seconds left.
|inactive|Hyhgy has 60 seconds left.
|
|move|p1a: Dragapult|Shadow Ball|p2a: HamHamPourTjrs
|-resisted|p2a: HamHamPourTjrs
|-damage|p2a: HamHamPourTjrs|72/100
|move|p2a: HamHamPourTjrs|Crunch|p1a: Dragapult
|-supereffective|p1a: Dragapult
|-damage|p1a: Dragapult|0 fnt
|-damage|p2a: HamHamPourTjrs|63/100|[from] item: Life Orb
|faint|p1a: Dragapult
|
|-formechange|p2a: HamHamPourTjrs|Morpeko-Hangry||[from] ability: Hunger Switch
|upkeep
|
|switch|p1a: Ferrothorn|Ferrothorn, M|100/100
|turn|8
|
|switch|p2a: Yes my lord !|Indeedee, M|100/100
|-fieldstart|move: Psychic Terrain|[from] ability: Psychic Surge|[of] p2a: Yes my lord !
|move|p1a: Ferrothorn|Leech Seed|p2a: Yes my lord !
|-start|p2a: Yes my lord !|move: Leech Seed
|
|-damage|p2a: Yes my lord !|88/100|[from] Leech Seed|[of] p1a: Ferrothorn
|upkeep
|turn|9
|
|move|p2a: Yes my lord !|Mystical Fire|p1a: Ferrothorn
|-supereffective|p1a: Ferrothorn
|-damage|p1a: Ferrothorn|43/100
|-unboost|p1a: Ferrothorn|spa|1
|move|p1a: Ferrothorn|Spikes|p2a: Yes my lord !
|-sidestart|p2: OZriX|Spikes
|
|-heal|p1a: Ferrothorn|49/100|[from] item: Leftovers
|-damage|p2a: Yes my lord !|76/100|[from] Leech Seed|[of] p1a: Ferrothorn
|-heal|p1a: Ferrothorn|58/100|[silent]
|upkeep
|turn|10
|
|switch|p1a: Corviknight|Corviknight, F|100/100
|-ability|p1a: Corviknight|Pressure
|move|p2a: Yes my lord !|Mystical Fire|p1a: Corviknight
|-supereffective|p1a: Corviknight
|-damage|p1a: Corviknight|53/100
|-unboost|p1a: Corviknight|spa|1
|
|-damage|p2a: Yes my lord !|64/100|[from] Leech Seed|[of] p1a: Corviknight
|-heal|p1a: Corviknight|61/100|[silent]
|upkeep
|turn|11
|inactive|Hyhgy has 30 seconds left.
|
|switch|p1a: Toxtricity|Toxtricity, F|100/100
|move|p2a: Yes my lord !|Mystical Fire|p1a: Toxtricity
|-damage|p1a: Toxtricity|64/100
|-unboost|p1a: Toxtricity|spa|1
|
|-damage|p2a: Yes my lord !|51/100|[from] Leech Seed|[of] p1a: Toxtricity
|-heal|p1a: Toxtricity|75/100|[silent]
|upkeep
|turn|12
|inactive|Hyhgy has 30 seconds left.
|
|switch|p2a: Bob Marley|Rillaboom, F|100/100
|-damage|p2a: Bob Marley|88/100|[from] Spikes
|move|p1a: Toxtricity|Boomburst|p2a: Bob Marley
|-damage|p2a: Bob Marley|22/100
|-damage|p1a: Toxtricity|65/100|[from] item: Life Orb
|
|-fieldend|move: Psychic Terrain
|upkeep
|turn|13
|inactive|Hyhgy has 30 seconds left.
|inactive|Hyhgy has 20 seconds left.
|inactive|Hyhgy has 15 seconds left.
|
|move|p2a: Bob Marley|Earthquake|p1a: Toxtricity
|-supereffective|p1a: Toxtricity
|-damage|p1a: Toxtricity|0 fnt
|faint|p1a: Toxtricity
|
|upkeep
|inactive|Hyhgy has 20 seconds left this turn.
|inactive|Hyhgy has 15 seconds left.
|inactive|Hyhgy has 10 seconds left.
|
|switch|p1a: Ferrothorn|Ferrothorn, M|58/100
|turn|14
|inactive|Hyhgy has 20 seconds left this turn.
|inactive|Hyhgy has 15 seconds left.
|inactive|Hyhgy has 10 seconds left.
|
|move|p2a: Bob Marley|Earthquake|p1a: Ferrothorn
|-damage|p1a: Ferrothorn|22/100
|move|p1a: Ferrothorn|Bullet Seed|p2a: Bob Marley
|-resisted|p2a: Bob Marley
|-damage|p2a: Bob Marley|18/100
|-resisted|p2a: Bob Marley
|-damage|p2a: Bob Marley|13/100
|-resisted|p2a: Bob Marley
|-damage|p2a: Bob Marley|9/100
|-hitcount|p2a: Bob Marley|3
|
|-heal|p1a: Ferrothorn|28/100|[from] item: Leftovers
|upkeep
|turn|15
|inactive|Hyhgy has 20 seconds left this turn.
|inactive|Hyhgy has 15 seconds left.
|inactive|Hyhgy has 10 seconds left.
|inactive|Hyhgy has 5 seconds left.
|-message|Hyhgy lost due to inactivity.
|
|win|OZriX
|raw|Hyhgy's rating: 1000 → 1000(+0 for losing)
|raw|OZriX's rating: 1027 → 1060(+33 for winning)
