|ScrapeTime|2020-01-01-20:15:04
|j|☆Evde
|j|☆AlkagenCU
|player|p1|Evde|184|1548
|player|p2|AlkagenCU|lucas-gen4pt|1585
|teamsize|p1|6
|teamsize|p2|6
|gametype|singles
|gen|8
|tier|[Gen 8] OU
|rated|
|rule|Sleep Clause Mod: Limit one foe put to sleep
|rule|Species Clause: Limit one of each Pokémon
|rule|OHKO Clause: OHKO moves are banned
|rule|Evasion Moves Clause: Evasion moves are banned
|rule|Endless Battle Clause: Forcing endless battles is banned
|rule|HP Percentage Mod: HP is shown in percentages
|clearpoke
|poke|p1|Dragapult, F|
|poke|p1|Corviknight, M|
|poke|p1|Ferrothorn, M|
|poke|p1|Tyranitar, F|
|poke|p1|Cinderace, M|
|poke|p1|Toxapex, F|
|poke|p2|Ditto|
|poke|p2|Excadrill, M|
|poke|p2|Dracozolt|
|poke|p2|Toxapex, F|
|poke|p2|Corsola-Galar, F|
|poke|p2|Corviknight, M|
|rule|Dynamax Clause: You cannot dynamax
|teampreview
|
|start
|switch|p1a: Cinderace|Cinderace, M|100/100
|switch|p2a: Ditto|Ditto|100/100
|-transform|p2a: Ditto|p1a: Cinderace|[from] ability: Imposter
|turn|1
|j| gen8isHOTgarbage
|
|switch|p1a: Toxapex|Toxapex, F|100/100
|move|p2a: Ditto|U-turn|p1a: Toxapex
|-resisted|p1a: Toxapex
|-damage|p1a: Toxapex|93/100
|
|switch|p2a: Dracozolt|Dracozolt|100/100|[from]move: U-turn
|
|-heal|p1a: Toxapex|99/100|[from] item: Black Sludge
|upkeep
|turn|2
|
|switch|p1a: Ferrothorn|Ferrothorn, M|100/100
|move|p2a: Dracozolt|Substitute|p2a: Dracozolt
|-start|p2a: Dracozolt|Substitute
|-damage|p2a: Dracozolt|76/100
|
|-heal|p2a: Dracozolt|82/100|[from] item: Leftovers
|upkeep
|turn|3
|
|move|p2a: Dracozolt|Fire Fang|p1a: Ferrothorn
|-supereffective|p1a: Ferrothorn
|-damage|p1a: Ferrothorn|2/100
|-damage|p2a: Dracozolt|69/100|[from] ability: Iron Barbs|[of] p1a: Ferrothorn
|cant|p1a: Ferrothorn|flinch
|
|-heal|p2a: Dracozolt|76/100|[from] item: Leftovers
|-heal|p1a: Ferrothorn|8/100|[from] item: Leftovers
|upkeep
|turn|4
|
|move|p2a: Dracozolt|Dragon Claw|p1a: Ferrothorn
|-resisted|p1a: Ferrothorn
|-damage|p1a: Ferrothorn|0 fnt
|-damage|p2a: Dracozolt|63/100|[from] ability: Iron Barbs|[of] p1a: Ferrothorn
|faint|p1a: Ferrothorn
|
|-heal|p2a: Dracozolt|69/100|[from] item: Leftovers
|upkeep
|
|switch|p1a: Dragapult|Dragapult, F|100/100
|turn|5
|
|switch|p2a: Toxapex|Toxapex, F|100/100
|move|p1a: Dragapult|Draco Meteor|p2a: Toxapex
|-damage|p2a: Toxapex|33/100
|-unboost|p1a: Dragapult|spa|2
|
|upkeep
|turn|6
|
|switch|p2a: Corviknight|Corviknight, M|100/100
|-ability|p2a: Corviknight|Pressure
|move|p1a: Dragapult|Draco Meteor|p2a: Corviknight
|-resisted|p2a: Corviknight
|-damage|p2a: Corviknight|80/100
|-unboost|p1a: Dragapult|spa|2
|
|-heal|p2a: Corviknight|86/100|[from] item: Leftovers
|upkeep
|turn|7
|
|switch|p1a: Tyranitar|Tyranitar, F|100/100
|-weather|Sandstorm|[from] ability: Sand Stream|[of] p1a: Tyranitar
|move|p2a: Corviknight|U-turn|p1a: Tyranitar
|-supereffective|p1a: Tyranitar
|-damage|p1a: Tyranitar|78/100
|
|switch|p2a: Excadrill|Excadrill, M|100/100|[from]move: U-turn
|-ability|p2a: Excadrill|Mold Breaker
|
|-weather|Sandstorm|[upkeep]
|upkeep
|turn|8
|
|switch|p1a: Corviknight|Corviknight, M|100/100
|move|p2a: Excadrill|Rapid Spin|p1a: Corviknight
|-resisted|p1a: Corviknight
|-damage|p1a: Corviknight|95/100
|-boost|p2a: Excadrill|spe|1
|
|-weather|Sandstorm|[upkeep]
|-heal|p1a: Corviknight|100/100|[from] item: Leftovers
|upkeep
|turn|9
|
|move|p2a: Excadrill|Swords Dance|p2a: Excadrill
|-boost|p2a: Excadrill|atk|2
|move|p1a: Corviknight|Body Press|p2a: Excadrill
|-supereffective|p2a: Excadrill
|-damage|p2a: Excadrill|21/100
|
|-weather|Sandstorm|[upkeep]
|-heal|p2a: Excadrill|27/100|[from] item: Leftovers
|upkeep
|turn|10
|
|switch|p2a: Dracozolt|Dracozolt|69/100
|move|p1a: Corviknight|Body Press|p2a: Dracozolt
|-damage|p2a: Dracozolt|37/100
|
|-weather|Sandstorm|[upkeep]
|-damage|p2a: Dracozolt|31/100|[from] Sandstorm
|-heal|p2a: Dracozolt|37/100|[from] item: Leftovers
|upkeep
|turn|11
|
|move|p2a: Dracozolt|Bolt Beak|p1a: Corviknight
|-supereffective|p1a: Corviknight
|-damage|p1a: Corviknight|0 fnt
|faint|p1a: Corviknight
|
|-weather|none
|-heal|p2a: Dracozolt|43/100|[from] item: Leftovers
|upkeep
|
|switch|p1a: Dragapult|Dragapult, F|100/100
|turn|12
|
|switch|p2a: Corsola|Corsola-Galar, F|100/100
|move|p1a: Dragapult|Shadow Ball|p2a: Corsola
|-supereffective|p2a: Corsola
|-damage|p2a: Corsola|31/100
|
|upkeep
|turn|13
|
|move|p1a: Dragapult|Shadow Ball|p2a: Corsola
|-supereffective|p2a: Corsola
|-damage|p2a: Corsola|0 fnt
|faint|p2a: Corsola
|
|upkeep
|
|switch|p2a: Ditto|Ditto|100/100
|-transform|p2a: Ditto|p1a: Dragapult|[from] ability: Imposter
|turn|14
|
|switch|p1a: Tyranitar|Tyranitar, F|78/100
|-weather|Sandstorm|[from] ability: Sand Stream|[of] p1a: Tyranitar
|move|p2a: Ditto|Draco Meteor|p1a: Tyranitar
|-damage|p1a: Tyranitar|46/100
|-unboost|p2a: Ditto|spa|2
|
|-weather|Sandstorm|[upkeep]
|-damage|p2a: Ditto|94/100|[from] Sandstorm
|upkeep
|turn|15
|
|switch|p2a: Corviknight|Corviknight, M|86/100
|-ability|p2a: Corviknight|Pressure
|move|p1a: Tyranitar|Crunch|p2a: Corviknight
|-damage|p2a: Corviknight|34/100
|
|-weather|Sandstorm|[upkeep]
|-heal|p2a: Corviknight|41/100|[from] item: Leftovers
|upkeep
|turn|16
|
|switch|p2a: Ditto|Ditto|94/100
|-transform|p2a: Ditto|p1a: Tyranitar|[from] ability: Imposter
|switch|p1a: Cinderace|Cinderace, M|100/100
|
|-weather|Sandstorm|[upkeep]
|-damage|p1a: Cinderace|95/100|[from] Sandstorm
|upkeep
|turn|17
|
|switch|p2a: Toxapex|Toxapex, F|67/100
|move|p1a: Cinderace|High Jump Kick|p2a: Toxapex
|-resisted|p2a: Toxapex
|-damage|p2a: Toxapex|55/100
|
|-weather|Sandstorm|[upkeep]
|-damage|p1a: Cinderace|89/100|[from] Sandstorm
|-damage|p2a: Toxapex|49/100|[from] Sandstorm
|upkeep
|turn|18
|
|move|p1a: Cinderace|Zen Headbutt|p2a: Toxapex
|-supereffective|p2a: Toxapex
|-damage|p2a: Toxapex|19/100
|move|p2a: Toxapex|Recover|p2a: Toxapex
|-heal|p2a: Toxapex|69/100
|
|-weather|none
|upkeep
|turn|19
|
|move|p1a: Cinderace|U-turn|p2a: Toxapex
|-resisted|p2a: Toxapex
|-damage|p2a: Toxapex|62/100
|
|switch|p1a: Dragapult|Dragapult, F|100/100|[from]move: U-turn
|move|p2a: Toxapex|Scald|p1a: Dragapult
|-resisted|p1a: Dragapult
|-damage|p1a: Dragapult|90/100
|
|upkeep
|turn|20
|
|move|p1a: Dragapult|Shadow Ball|p2a: Toxapex
|-damage|p2a: Toxapex|15/100
|move|p2a: Toxapex|Recover|p2a: Toxapex
|-heal|p2a: Toxapex|66/100
|
|upkeep
|turn|21
|
|move|p1a: Dragapult|Shadow Ball|p2a: Toxapex
|-damage|p2a: Toxapex|20/100
|move|p2a: Toxapex|Toxic|p1a: Dragapult
|-status|p1a: Dragapult|tox
|
|-damage|p1a: Dragapult|84/100 tox|[from] psn
|upkeep
|turn|22
|
|switch|p2a: Corviknight|Corviknight, M|41/100
|-ability|p2a: Corviknight|Pressure
|move|p1a: Dragapult|Shadow Ball|p2a: Corviknight
|-damage|p2a: Corviknight|0 fnt
|faint|p2a: Corviknight
|
|-damage|p1a: Dragapult|72/100 tox|[from] psn
|upkeep
|
|switch|p2a: Ditto|Ditto|94/100
|-transform|p2a: Ditto|p1a: Dragapult|[from] ability: Imposter
|turn|23
|
|switch|p2a: Excadrill|Excadrill, M|27/100
|-ability|p2a: Excadrill|Mold Breaker
|switch|p1a: Toxapex|Toxapex, F|100/100
|
|-heal|p2a: Excadrill|33/100|[from] item: Leftovers
|upkeep
|turn|24
|
|switch|p2a: Dracozolt|Dracozolt|43/100
|move|p1a: Toxapex|Scald|p2a: Dracozolt
|-resisted|p2a: Dracozolt
|-damage|p2a: Dracozolt|31/100
|
|-heal|p2a: Dracozolt|37/100|[from] item: Leftovers
|upkeep
|turn|25
|
|switch|p1a: Dragapult|Dragapult, F|72/100 tox
|move|p2a: Dracozolt|Bolt Beak|p1a: Dragapult
|-resisted|p1a: Dragapult
|-damage|p1a: Dragapult|0 fnt
|faint|p1a: Dragapult
|
|-heal|p2a: Dracozolt|43/100|[from] item: Leftovers
|upkeep
|
|switch|p1a: Cinderace|Cinderace, M|89/100
|turn|26
|
|switch|p2a: Toxapex|Toxapex, F|53/100
|move|p1a: Cinderace|U-turn|p2a: Toxapex
|-resisted|p2a: Toxapex
|-damage|p2a: Toxapex|46/100
|
|switch|p1a: Tyranitar|Tyranitar, F|46/100|[from]move: U-turn
|-weather|Sandstorm|[from] ability: Sand Stream|[of] p1a: Tyranitar
|
|-weather|Sandstorm|[upkeep]
|-damage|p2a: Toxapex|40/100|[from] Sandstorm
|upkeep
|turn|27
|
|switch|p2a: Ditto|Ditto|94/100
|-transform|p2a: Ditto|p1a: Tyranitar|[from] ability: Imposter
|move|p1a: Tyranitar|Earthquake|p2a: Ditto
|-supereffective|p2a: Ditto
|-damage|p2a: Ditto|0 fnt
|faint|p2a: Ditto
|
|-weather|Sandstorm|[upkeep]
|upkeep
|
|switch|p2a: Excadrill|Excadrill, M|33/100
|-ability|p2a: Excadrill|Mold Breaker
|turn|28
|
|switch|p1a: Toxapex|Toxapex, F|100/100
|move|p2a: Excadrill|Earthquake|p1a: Toxapex
|-supereffective|p1a: Toxapex
|-damage|p1a: Toxapex|35/100
|
|-weather|Sandstorm|[upkeep]
|-damage|p1a: Toxapex|29/100|[from] Sandstorm
|-heal|p2a: Excadrill|40/100|[from] item: Leftovers
|-heal|p1a: Toxapex|35/100|[from] item: Black Sludge
|upkeep
|turn|29
|
|move|p2a: Excadrill|Earthquake|p1a: Toxapex
|-supereffective|p1a: Toxapex
|-damage|p1a: Toxapex|0 fnt
|faint|p1a: Toxapex
|
|-weather|Sandstorm|[upkeep]
|-heal|p2a: Excadrill|46/100|[from] item: Leftovers
|upkeep
|
|switch|p1a: Cinderace|Cinderace, M|89/100
|turn|30
|
|switch|p2a: Toxapex|Toxapex, F|73/100
|move|p1a: Cinderace|U-turn|p2a: Toxapex
|-resisted|p2a: Toxapex
|-damage|p2a: Toxapex|67/100
|
|switch|p1a: Tyranitar|Tyranitar, F|46/100|[from]move: U-turn
|
|-weather|none
|upkeep
|turn|31
|
|switch|p2a: Dracozolt|Dracozolt|43/100
|move|p1a: Tyranitar|Earthquake|p2a: Dracozolt
|-supereffective|p2a: Dracozolt
|-damage|p2a: Dracozolt|0 fnt
|faint|p2a: Dracozolt
|
|upkeep
|
|switch|p2a: Excadrill|Excadrill, M|46/100
|-ability|p2a: Excadrill|Mold Breaker
|turn|32
|
|move|p2a: Excadrill|Earthquake|p1a: Tyranitar
|-supereffective|p1a: Tyranitar
|-crit|p1a: Tyranitar
|-damage|p1a: Tyranitar|0 fnt
|faint|p1a: Tyranitar
|
|-heal|p2a: Excadrill|52/100|[from] item: Leftovers
|upkeep
|
|switch|p1a: Cinderace|Cinderace, M|89/100
|turn|33
|
|move|p1a: Cinderace|Zen Headbutt|p2a: Excadrill
|-resisted|p2a: Excadrill
|-damage|p2a: Excadrill|32/100
|move|p2a: Excadrill|Earthquake|p1a: Cinderace
|-supereffective|p1a: Cinderace
|-damage|p1a: Cinderace|0 fnt
|faint|p1a: Cinderace
|
|win|AlkagenCU
|l|☆Evde
|raw|Evde's rating: 1546 → 1528(-18 for losing)
|raw|AlkagenCU's rating: 1585 → 1603(+18 for winning)
