|ScrapeTime|2020-01-02-03:04:40
|j|☆Jouff
|j|☆Grinwald Krieg
|player|p1|Jouff|214|1162
|player|p2|Grinwald Krieg|mina|1218
|teamsize|p1|6
|teamsize|p2|6
|gametype|singles
|gen|8
|tier|[Gen 8] OU
|rated|
|rule|Sleep Clause Mod: Limit one foe put to sleep
|rule|Species Clause: Limit one of each Pokémon
|rule|OHKO Clause: OHKO moves are banned
|rule|Evasion Moves Clause: Evasion moves are banned
|rule|Endless Battle Clause: Forcing endless battles is banned
|rule|HP Percentage Mod: HP is shown in percentages
|clearpoke
|poke|p1|Dracovish|
|poke|p1|Toxtricity, M|
|poke|p1|Dragapult, F|
|poke|p1|Ferrothorn, F|
|poke|p1|Sylveon, F|
|poke|p1|Dugtrio, M|
|poke|p2|Cloyster, F|
|poke|p2|Dragapult, F|
|poke|p2|Cinderace, F|
|poke|p2|Clefable, F|
|poke|p2|Aegislash, F|
|poke|p2|Seismitoad, F|
|rule|Dynamax Clause: You cannot dynamax
|teampreview
|inactive|Battle timer is ON: inactive players will automatically lose when time's up. (requested by Jouff)
|
|start
|switch|p1a: Dugtrio|Dugtrio, M, shiny|100/100
|switch|p2a: Cloyster|Cloyster, F, shiny|100/100
|turn|1
|
|move|p1a: Dugtrio|Stone Edge|p2a: Cloyster
|-supereffective|p2a: Cloyster
|-crit|p2a: Cloyster
|-damage|p2a: Cloyster|25/100
|move|p2a: Cloyster|Shell Smash|p2a: Cloyster
|-unboost|p2a: Cloyster|def|1
|-unboost|p2a: Cloyster|spd|1
|-boost|p2a: Cloyster|atk|2
|-boost|p2a: Cloyster|spa|2
|-boost|p2a: Cloyster|spe|2
|
|upkeep
|turn|2
|
|move|p2a: Cloyster|Icicle Spear|p1a: Dugtrio
|-supereffective|p1a: Dugtrio
|-enditem|p1a: Dugtrio|Focus Sash
|-damage|p1a: Dugtrio|1/100
|-supereffective|p1a: Dugtrio
|-damage|p1a: Dugtrio|0 fnt
|-hitcount|p1a: Dugtrio|2
|faint|p1a: Dugtrio
|
|upkeep
|
|switch|p1a: Dracovish|Dracovish|100/100
|turn|3
|
|move|p2a: Cloyster|Icicle Spear|p1a: Dracovish
|-damage|p1a: Dracovish|75/100
|-damage|p1a: Dracovish|51/100
|-damage|p1a: Dracovish|27/100
|-damage|p1a: Dracovish|0 fnt
|-hitcount|p1a: Dracovish|4
|faint|p1a: Dracovish
|
|upkeep
|
|switch|p1a: ZeusProtector|Ferrothorn, F, shiny|100/100
|turn|4
|
|move|p2a: Cloyster|Icicle Spear|p1a: ZeusProtector
|-damage|p1a: ZeusProtector|83/100
|-damage|p1a: ZeusProtector|65/100
|-damage|p1a: ZeusProtector|48/100
|-damage|p1a: ZeusProtector|30/100
|-damage|p1a: ZeusProtector|13/100
|-hitcount|p1a: ZeusProtector|5
|move|p1a: ZeusProtector|Gyro Ball|p2a: Cloyster
|-damage|p2a: Cloyster|0 fnt
|faint|p2a: Cloyster
|
|upkeep
|c|☆Jouff|broken
|
|switch|p2a: Seismitoad|Seismitoad, F|100/100
|turn|5
|
|move|p2a: Seismitoad|Drain Punch|p1a: ZeusProtector
|-supereffective|p1a: ZeusProtector
|-damage|p1a: ZeusProtector|0 fnt
|-damage|p2a: Seismitoad|88/100|[from] ability: Iron Barbs|[of] p1a: ZeusProtector
|-damage|p2a: Seismitoad|72/100|[from] item: Rocky Helmet|[of] p1a: ZeusProtector
|faint|p1a: ZeusProtector
|
|upkeep
|
|switch|p1a: Sylveon|Sylveon, F|100/100
|turn|6
|
|move|p2a: Seismitoad|Earthquake|p1a: Sylveon
|-damage|p1a: Sylveon|41/100
|move|p1a: Sylveon|Hyper Voice|p2a: Seismitoad
|-crit|p2a: Seismitoad
|-damage|p2a: Seismitoad|10/100
|
|-heal|p1a: Sylveon|47/100|[from] item: Leftovers
|upkeep
|turn|7
|
|move|p2a: Seismitoad|Earthquake|p1a: Sylveon
|-crit|p1a: Sylveon
|-damage|p1a: Sylveon|0 fnt
|faint|p1a: Sylveon
|
|upkeep
|
|switch|p1a: Zeus|Dragapult, F|100/100
|turn|8
|c|☆Grinwald Krieg|broken what ?
|c|☆Jouff|shell smash
|c|☆Grinwald Krieg|oh
|c|☆Grinwald Krieg|yes it is
|
|move|p1a: Zeus|Shadow Ball|p2a: Seismitoad
|-damage|p2a: Seismitoad|0 fnt
|faint|p2a: Seismitoad
|
|upkeep
|
|switch|p2a: Clefable|Clefable, F|100/100
|turn|9
|
|switch|p1a: Toxtricity|Toxtricity, M|100/100
|move|p2a: Clefable|Moonblast|p1a: Toxtricity
|-resisted|p1a: Toxtricity
|-damage|p1a: Toxtricity|54/100
|-unboost|p1a: Toxtricity|spa|1
|
|upkeep
|turn|10
|
|move|p1a: Toxtricity|Boomburst|p2a: Clefable
|-damage|p2a: Clefable|45/100
|move|p2a: Clefable|Moonblast|p1a: Toxtricity
|-resisted|p1a: Toxtricity
|-damage|p1a: Toxtricity|13/100
|
|upkeep
|turn|11
|
|switch|p1a: Zeus|Dragapult, F|100/100
|switch|p2a: Aegislash|Aegislash, F|100/100
|
|upkeep
|turn|12
|
|move|p2a: Aegislash|King's Shield|p2a: Aegislash
|-singleturn|p2a: Aegislash|Protect
|move|p1a: Zeus|Shadow Ball|p2a: Aegislash
|-activate|p2a: Aegislash|move: Protect
|
|upkeep
|turn|13
|
|-formechange|p2a: Aegislash|Aegislash-Blade||[from] ability: Stance Change
|move|p2a: Aegislash|Shadow Sneak|p1a: Zeus
|-supereffective|p1a: Zeus
|-damage|p1a: Zeus|34/100
|move|p1a: Zeus|Shadow Ball|p2a: Aegislash
|-supereffective|p2a: Aegislash
|-damage|p2a: Aegislash|0 fnt
|faint|p2a: Aegislash
|
|upkeep
|
|switch|p2a: Cinderace|Cinderace, F|100/100
|turn|14
|
|move|p1a: Zeus|Draco Meteor|p2a: Cinderace
|-damage|p2a: Cinderace|21/100
|-unboost|p1a: Zeus|spa|2
|move|p2a: Cinderace|Pyro Ball|p1a: Zeus
|-resisted|p1a: Zeus
|-damage|p1a: Zeus|0 fnt
|faint|p1a: Zeus
|
|upkeep
|
|switch|p1a: Toxtricity|Toxtricity, M|13/100
|turn|15
|
|move|p2a: Cinderace|U-turn|p1a: Toxtricity
|-resisted|p1a: Toxtricity
|-damage|p1a: Toxtricity|0 fnt
|faint|p1a: Toxtricity
|
|win|Grinwald Krieg
|l|☆Jouff
|raw|Jouff's rating: 1162 → 1141(-21 for losing)
|raw|Grinwald Krieg's rating: 1218 → 1239(+21 for winning)
