|ScrapeTime|2020-01-01-10:05:45
|j|☆Wormadam-Gold
|j|☆infernotrees
|player|p1|Wormadam-Gold|ethan-gen2|1773
|player|p2|infernotrees|137|1555
|teamsize|p1|6
|teamsize|p2|6
|gametype|singles
|gen|8
|tier|[Gen 8] OU
|rated|
|rule|Sleep Clause Mod: Limit one foe put to sleep
|rule|Species Clause: Limit one of each Pokémon
|rule|OHKO Clause: OHKO moves are banned
|rule|Evasion Moves Clause: Evasion moves are banned
|rule|Endless Battle Clause: Forcing endless battles is banned
|rule|HP Percentage Mod: HP is shown in percentages
|clearpoke
|poke|p1|Reuniclus, F|
|poke|p1|Dugtrio, F|
|poke|p1|Toxapex, F|
|poke|p1|Centiskorch, F|
|poke|p1|Mandibuzz, F|
|poke|p1|Seismitoad, F|
|poke|p2|Togekiss, F|
|poke|p2|Dragapult, M|
|poke|p2|Dracovish|
|poke|p2|Ferrothorn, M|
|poke|p2|Rotom-Heat|
|poke|p2|Mandibuzz, F|
|rule|Dynamax Clause: You cannot dynamax
|teampreview
|
|start
|switch|p1a: Toxapex|Toxapex, F|100/100
|switch|p2a: Ferrothorn|Ferrothorn, M|100/100
|turn|1
|inactive|Battle timer is ON: inactive players will automatically lose when time's up. (requested by infernotrees)
|
|move|p1a: Toxapex|Toxic Spikes|p2a: Ferrothorn
|-sidestart|p2: infernotrees|move: Toxic Spikes
|move|p2a: Ferrothorn|Stealth Rock|p1a: Toxapex
|-sidestart|p1: Wormadam-Gold|move: Stealth Rock
|
|upkeep
|turn|2
|
|move|p1a: Toxapex|Toxic Spikes|p2a: Ferrothorn
|-sidestart|p2: infernotrees|move: Toxic Spikes
|move|p2a: Ferrothorn|Leech Seed|p1a: Toxapex
|-start|p1a: Toxapex|move: Leech Seed
|
|-damage|p1a: Toxapex|88/100|[from] Leech Seed|[of] p2a: Ferrothorn
|upkeep
|turn|3
|
|switch|p2a: Togekiss|Togekiss, F|100/100
|move|p1a: Toxapex|Scald|p2a: Togekiss
|-damage|p2a: Togekiss|86/100
|
|-heal|p2a: Togekiss|92/100|[from] item: Leftovers
|-heal|p1a: Toxapex|94/100|[from] item: Black Sludge
|-damage|p1a: Toxapex|82/100|[from] Leech Seed|[of] p2a: Togekiss
|-heal|p2a: Togekiss|100/100|[silent]
|upkeep
|turn|4
|
|switch|p1a: Seismitoad|Seismitoad, F|100/100
|-damage|p1a: Seismitoad|94/100|[from] Stealth Rock
|move|p2a: Togekiss|Substitute|p2a: Togekiss
|-start|p2a: Togekiss|Substitute
|-damage|p2a: Togekiss|76/100
|
|-heal|p2a: Togekiss|82/100|[from] item: Leftovers
|-heal|p1a: Seismitoad|100/100|[from] item: Leftovers
|upkeep
|turn|5
|
|move|p2a: Togekiss|Air Slash|p1a: Seismitoad
|-damage|p1a: Seismitoad|69/100
|move|p1a: Seismitoad|Scald|p2a: Togekiss
|-activate|p2a: Togekiss|move: Substitute|[damage]
|
|-heal|p2a: Togekiss|88/100|[from] item: Leftovers
|-heal|p1a: Seismitoad|75/100|[from] item: Leftovers
|upkeep
|turn|6
|
|move|p1a: Seismitoad|Protect|p1a: Seismitoad
|-singleturn|p1a: Seismitoad|Protect
|move|p2a: Togekiss|Nasty Plot|p2a: Togekiss
|-boost|p2a: Togekiss|spa|2
|
|-heal|p2a: Togekiss|94/100|[from] item: Leftovers
|-heal|p1a: Seismitoad|81/100|[from] item: Leftovers
|upkeep
|turn|7
|-message|Wormadam-Gold forfeited.
|
|win|infernotrees
|l|☆Wormadam-Gold
|raw|Wormadam-Gold's rating: 1773 → 1742(-31 for losing)
|raw|infernotrees's rating: 1555 → 1586(+31 for winning)
