|ScrapeTime|2020-01-02-09:05:26
|j|☆Tytsu
|j|☆DJSGames88
|player|p1|Tytsu|290|1037
|player|p2|DJSGames88|hilbert-dueldisk|1000
|teamsize|p1|6
|teamsize|p2|6
|gametype|singles
|gen|8
|tier|[Gen 8] OU
|rated|
|rule|Sleep Clause Mod: Limit one foe put to sleep
|rule|Species Clause: Limit one of each Pokémon
|rule|OHKO Clause: OHKO moves are banned
|rule|Evasion Moves Clause: Evasion moves are banned
|rule|Endless Battle Clause: Forcing endless battles is banned
|rule|HP Percentage Mod: HP is shown in percentages
|clearpoke
|poke|p1|Toxtricity, M|
|poke|p1|Appletun, M|
|poke|p1|Lucario, F|
|poke|p1|Dracozolt|
|poke|p1|Dracovish|
|poke|p1|Gigalith, M|
|poke|p2|Pikachu, M|
|poke|p2|Scorbunny, F|
|poke|p2|Grookey, M|
|poke|p2|Sobble, M|
|poke|p2|Mudbray, F|
|poke|p2|Chinchou, F|
|rule|Dynamax Clause: You cannot dynamax
|teampreview
|
|start
|switch|p1a: Gigalith|Gigalith, M|100/100
|switch|p2a: Sobble|Sobble, M|100/100
|turn|1
|
|move|p2a: Sobble|Liquidation|p1a: Gigalith
|-supereffective|p1a: Gigalith
|-damage|p1a: Gigalith|76/100
|-damage|p2a: Sobble|84/100|[from] item: Rocky Helmet|[of] p1a: Gigalith
|move|p1a: Gigalith|Explosion|p2a: Sobble
|-damage|p2a: Sobble|0 fnt
|faint|p1a: Gigalith
|faint|p2a: Sobble
|
|upkeep
|
|switch|p2a: Chinchou|Chinchou, F|100/100
|switch|p1a: Appletun|Appletun, M|100/100
|turn|2
|
|move|p2a: Chinchou|Protect|p2a: Chinchou
|-singleturn|p2a: Chinchou|Protect
|move|p1a: Appletun|Amnesia|p1a: Appletun
|-boost|p1a: Appletun|spd|2
|
|upkeep
|turn|3
|
|move|p2a: Chinchou|Dazzling Gleam|p1a: Appletun
|-supereffective|p1a: Appletun
|-damage|p1a: Appletun|90/100
|-enditem|p1a: Appletun|Weakness Policy
|-boost|p1a: Appletun|atk|2
|-boost|p1a: Appletun|spa|2
|move|p1a: Appletun|Amnesia|p1a: Appletun
|-boost|p1a: Appletun|spd|2
|
|upkeep
|turn|4
|
|move|p2a: Chinchou|Facade|p1a: Appletun
|-damage|p1a: Appletun|77/100
|move|p1a: Appletun|Leech Seed|p2a: Chinchou
|-start|p2a: Chinchou|move: Leech Seed
|
|-damage|p2a: Chinchou|88/100|[from] Leech Seed|[of] p1a: Appletun
|-heal|p1a: Appletun|86/100|[silent]
|upkeep
|turn|5
|
|switch|p2a: Scorbunny|Scorbunny, F|100/100
|move|p1a: Appletun|Giga Drain|p2a: Scorbunny
|-resisted|p2a: Scorbunny
|-damage|p2a: Scorbunny|47/100
|-heal|p1a: Appletun|100/100|[from] drain|[of] p2a: Scorbunny
|
|upkeep
|turn|6
|
|move|p2a: Scorbunny|Fire Blast|p1a: Appletun
|-damage|p1a: Appletun|97/100
|move|p1a: Appletun|Leech Seed|p2a: Scorbunny
|-start|p2a: Scorbunny|move: Leech Seed
|
|-damage|p2a: Scorbunny|35/100|[from] Leech Seed|[of] p1a: Appletun
|-heal|p1a: Appletun|100/100|[silent]
|upkeep
|turn|7
|
|move|p2a: Scorbunny|Acrobatics|p1a: Appletun
|-supereffective|p1a: Appletun
|-damage|p1a: Appletun|83/100
|move|p1a: Appletun|Giga Drain|p2a: Scorbunny
|-resisted|p2a: Scorbunny
|-damage|p2a: Scorbunny|0 fnt
|-heal|p1a: Appletun|93/100|[from] drain|[of] p2a: Scorbunny
|faint|p2a: Scorbunny
|
|upkeep
|
|switch|p2a: Grookey|Grookey, M|100/100
|turn|8
|
|move|p2a: Grookey|Drain Punch|p1a: Appletun
|-damage|p1a: Appletun|80/100
|move|p1a: Appletun|Giga Drain|p2a: Grookey
|-resisted|p2a: Grookey
|-damage|p2a: Grookey|43/100
|-heal|p1a: Appletun|97/100|[from] drain|[of] p2a: Grookey
|
|upkeep
|turn|9
|
|move|p2a: Grookey|Drain Punch|p1a: Appletun
|-damage|p1a: Appletun|85/100
|-heal|p2a: Grookey|54/100|[from] drain|[of] p1a: Appletun
|move|p1a: Appletun|Giga Drain|p2a: Grookey
|-resisted|p2a: Grookey
|-damage|p2a: Grookey|0 fnt
|-heal|p1a: Appletun|99/100|[from] drain|[of] p2a: Grookey
|faint|p2a: Grookey
|
|upkeep
|
|switch|p2a: Pikachu|Pikachu, M|100/100
|turn|10
|
|move|p2a: Pikachu|Encore|p1a: Appletun
|-start|p1a: Appletun|Encore
|move|p1a: Appletun|Giga Drain|p2a: Pikachu
|-enditem|p2a: Pikachu|Focus Sash
|-damage|p2a: Pikachu|1/100
|-heal|p1a: Appletun|100/100|[from] drain|[of] p2a: Pikachu
|
|upkeep
|turn|11
|
|move|p2a: Pikachu|Brick Break|p1a: Appletun
|-damage|p1a: Appletun|88/100
|move|p1a: Appletun|Giga Drain|p2a: Pikachu
|-damage|p2a: Pikachu|0 fnt
|-heal|p1a: Appletun|89/100|[from] drain|[of] p2a: Pikachu
|faint|p2a: Pikachu
|
|upkeep
|
|switch|p2a: Chinchou|Chinchou, F|88/100
|turn|12
|
|move|p2a: Chinchou|Protect|p2a: Chinchou
|-singleturn|p2a: Chinchou|Protect
|move|p1a: Appletun|Giga Drain|p2a: Chinchou
|-activate|p2a: Chinchou|move: Protect
|
|-end|p1a: Appletun|Encore
|upkeep
|turn|13
|
|move|p2a: Chinchou|Agility|p2a: Chinchou
|-boost|p2a: Chinchou|spe|2
|move|p1a: Appletun|Leech Seed|p2a: Chinchou
|-start|p2a: Chinchou|move: Leech Seed
|
|-damage|p2a: Chinchou|76/100|[from] Leech Seed|[of] p1a: Appletun
|-heal|p1a: Appletun|97/100|[silent]
|upkeep
|turn|14
|
|move|p2a: Chinchou|Dazzling Gleam|p1a: Appletun
|-supereffective|p1a: Appletun
|-damage|p1a: Appletun|91/100
|move|p1a: Appletun|Giga Drain|p2a: Chinchou
|-supereffective|p2a: Chinchou
|-damage|p2a: Chinchou|0 fnt
|-heal|p1a: Appletun|100/100|[from] drain|[of] p2a: Chinchou
|faint|p2a: Chinchou
|
|upkeep
|
|switch|p2a: Mudbray|Mudbray, F|100/100
|turn|15
|
|move|p2a: Mudbray|Substitute|p2a: Mudbray
|-start|p2a: Mudbray|Substitute
|-damage|p2a: Mudbray|75/100
|move|p1a: Appletun|Giga Drain|p2a: Mudbray
|-supereffective|p2a: Mudbray
|-end|p2a: Mudbray|Substitute
|
|upkeep
|turn|16
|
|move|p2a: Mudbray|Close Combat|p1a: Appletun
|-damage|p1a: Appletun|73/100
|-unboost|p2a: Mudbray|def|1
|-unboost|p2a: Mudbray|spd|1
|move|p1a: Appletun|Giga Drain|p2a: Mudbray
|-supereffective|p2a: Mudbray
|-damage|p2a: Mudbray|0 fnt
|-heal|p1a: Appletun|99/100|[from] drain|[of] p2a: Mudbray
|faint|p2a: Mudbray
|
|win|Tytsu
|raw|Tytsu's rating: 1037 → 1068(+31 for winning)
|raw|DJSGames88's rating: 1000 → 1000(+0 for losing)
|l|☆DJSGames88
