|ScrapeTime|2020-01-01-04:46:29
|j|☆IceHarpy
|j|☆Skz10032
|player|p1|IceHarpy|1|1166
|player|p2|Skz10032|110|1148
|teamsize|p1|6
|teamsize|p2|6
|gametype|singles
|gen|8
|tier|[Gen 8] OU
|rated|
|rule|Sleep Clause Mod: Limit one foe put to sleep
|rule|Species Clause: Limit one of each Pokémon
|rule|OHKO Clause: OHKO moves are banned
|rule|Evasion Moves Clause: Evasion moves are banned
|rule|Endless Battle Clause: Forcing endless battles is banned
|rule|HP Percentage Mod: HP is shown in percentages
|clearpoke
|poke|p1|Ninjask, M|
|poke|p1|Gyarados, F|
|poke|p1|Dugtrio, F|
|poke|p1|Corsola-Galar, M|
|poke|p1|Hatterene, F|
|poke|p1|Accelgor, M|
|poke|p2|Hydreigon, M|
|poke|p2|Corviknight, M|
|poke|p2|Cinderace, M|
|poke|p2|Clefable, F|
|poke|p2|Dragapult, F|
|poke|p2|Seismitoad, M|
|rule|Dynamax Clause: You cannot dynamax
|teampreview
|inactive|Battle timer is ON: inactive players will automatically lose when time's up. (requested by IceHarpy)
|
|start
|switch|p1a: Gyarados|Gyarados, F|100/100
|switch|p2a: Seismitoad|Seismitoad, M|100/100
|-ability|p1a: Gyarados|Intimidate|boost
|-unboost|p2a: Seismitoad|atk|1
|turn|1
|
|move|p1a: Gyarados|Dragon Dance|p1a: Gyarados
|-boost|p1a: Gyarados|atk|1
|-boost|p1a: Gyarados|spe|1
|move|p2a: Seismitoad|Scald|p1a: Gyarados
|-resisted|p1a: Gyarados
|-damage|p1a: Gyarados|88/100
|
|-heal|p1a: Gyarados|94/100|[from] item: Leftovers
|upkeep
|turn|2
|
|move|p1a: Gyarados|Earthquake|p2a: Seismitoad
|-damage|p2a: Seismitoad|61/100
|move|p2a: Seismitoad|Scald|p1a: Gyarados
|-resisted|p1a: Gyarados
|-damage|p1a: Gyarados|80/100
|-status|p1a: Gyarados|brn
|
|-heal|p1a: Gyarados|86/100 brn|[from] item: Leftovers
|-heal|p2a: Seismitoad|67/100|[from] item: Leftovers
|-damage|p1a: Gyarados|80/100 brn|[from] brn
|upkeep
|turn|3
|
|switch|p2a: Corviknight|Corviknight, M|100/100
|move|p1a: Gyarados|Dragon Dance|p1a: Gyarados
|-boost|p1a: Gyarados|atk|1
|-boost|p1a: Gyarados|spe|1
|
|-heal|p1a: Gyarados|86/100 brn|[from] item: Leftovers
|-damage|p1a: Gyarados|80/100 brn|[from] brn
|upkeep
|turn|4
|
|move|p1a: Gyarados|Waterfall|p2a: Corviknight
|-damage|p2a: Corviknight|60/100
|move|p2a: Corviknight|Taunt|p1a: Gyarados
|-start|p1a: Gyarados|move: Taunt
|
|-heal|p1a: Gyarados|86/100 brn|[from] item: Leftovers
|-heal|p2a: Corviknight|66/100|[from] item: Leftovers
|-damage|p1a: Gyarados|80/100 brn|[from] brn
|upkeep
|turn|5
|
|move|p1a: Gyarados|Waterfall|p2a: Corviknight
|-damage|p2a: Corviknight|25/100
|cant|p2a: Corviknight|flinch
|
|-heal|p1a: Gyarados|86/100 brn|[from] item: Leftovers
|-heal|p2a: Corviknight|32/100|[from] item: Leftovers
|-damage|p1a: Gyarados|80/100 brn|[from] brn
|upkeep
|turn|6
|
|switch|p2a: Seismitoad|Seismitoad, M|67/100
|move|p1a: Gyarados|Waterfall|p2a: Seismitoad
|-heal|p2a: Seismitoad|92/100|[from] ability: Water Absorb|[of] p1a: Gyarados
|
|-heal|p1a: Gyarados|86/100 brn|[from] item: Leftovers
|-heal|p2a: Seismitoad|98/100|[from] item: Leftovers
|-damage|p1a: Gyarados|80/100 brn|[from] brn
|upkeep
|turn|7
|
|switch|p2a: Corviknight|Corviknight, M|32/100
|move|p1a: Gyarados|Earthquake|p2a: Corviknight
|-immune|p2a: Corviknight
|
|-heal|p1a: Gyarados|86/100 brn|[from] item: Leftovers
|-heal|p2a: Corviknight|38/100|[from] item: Leftovers
|-damage|p1a: Gyarados|80/100 brn|[from] brn
|-end|p1a: Gyarados|move: Taunt
|upkeep
|turn|8
|
|switch|p2a: Seismitoad|Seismitoad, M|98/100
|move|p1a: Gyarados|Crunch|p2a: Seismitoad
|-damage|p2a: Seismitoad|76/100
|
|-heal|p1a: Gyarados|86/100 brn|[from] item: Leftovers
|-heal|p2a: Seismitoad|82/100|[from] item: Leftovers
|-damage|p1a: Gyarados|80/100 brn|[from] brn
|upkeep
|turn|9
|
|move|p2a: Seismitoad|Protect|p2a: Seismitoad
|-singleturn|p2a: Seismitoad|Protect
|move|p1a: Gyarados|Earthquake|p2a: Seismitoad
|-activate|p2a: Seismitoad|move: Protect
|
|-heal|p1a: Gyarados|86/100 brn|[from] item: Leftovers
|-heal|p2a: Seismitoad|88/100|[from] item: Leftovers
|-damage|p1a: Gyarados|80/100 brn|[from] brn
|upkeep
|turn|10
|
|switch|p2a: Corviknight|Corviknight, M|38/100
|move|p1a: Gyarados|Earthquake|p2a: Corviknight
|-immune|p2a: Corviknight
|
|-heal|p1a: Gyarados|86/100 brn|[from] item: Leftovers
|-heal|p2a: Corviknight|44/100|[from] item: Leftovers
|-damage|p1a: Gyarados|80/100 brn|[from] brn
|upkeep
|turn|11
|
|switch|p2a: Seismitoad|Seismitoad, M|88/100
|move|p1a: Gyarados|Dragon Dance|p1a: Gyarados
|-boost|p1a: Gyarados|atk|1
|-boost|p1a: Gyarados|spe|1
|
|-heal|p1a: Gyarados|86/100 brn|[from] item: Leftovers
|-heal|p2a: Seismitoad|94/100|[from] item: Leftovers
|-damage|p1a: Gyarados|80/100 brn|[from] brn
|upkeep
|turn|12
|
|move|p1a: Gyarados|Dragon Dance|p1a: Gyarados
|-boost|p1a: Gyarados|atk|1
|-boost|p1a: Gyarados|spe|1
|move|p2a: Seismitoad|Stealth Rock|p1a: Gyarados
|-sidestart|p1: IceHarpy|move: Stealth Rock
|
|-heal|p1a: Gyarados|86/100 brn|[from] item: Leftovers
|-heal|p2a: Seismitoad|99/100|[from] item: Leftovers
|-damage|p1a: Gyarados|80/100 brn|[from] brn
|upkeep
|turn|13
|
|move|p1a: Gyarados|Dragon Dance|p1a: Gyarados
|-boost|p1a: Gyarados|atk|1
|-boost|p1a: Gyarados|spe|1
|move|p2a: Seismitoad|Scald|p1a: Gyarados
|-resisted|p1a: Gyarados
|-crit|p1a: Gyarados
|-damage|p1a: Gyarados|60/100 brn
|
|-heal|p1a: Gyarados|66/100 brn|[from] item: Leftovers
|-heal|p2a: Seismitoad|100/100|[from] item: Leftovers
|-damage|p1a: Gyarados|60/100 brn|[from] brn
|upkeep
|turn|14
|
|move|p1a: Gyarados|Dragon Dance|p1a: Gyarados
|-boost|p1a: Gyarados|atk|1
|-boost|p1a: Gyarados|spe|1
|move|p2a: Seismitoad|Scald|p1a: Gyarados
|-resisted|p1a: Gyarados
|-damage|p1a: Gyarados|48/100 brn
|
|-heal|p1a: Gyarados|54/100 brn|[from] item: Leftovers
|-damage|p1a: Gyarados|48/100 brn|[from] brn
|upkeep
|turn|15
|
|move|p1a: Gyarados|Earthquake|p2a: Seismitoad
|-damage|p2a: Seismitoad|51/100
|move|p2a: Seismitoad|Scald|p1a: Gyarados
|-resisted|p1a: Gyarados
|-damage|p1a: Gyarados|36/100 brn
|
|-heal|p1a: Gyarados|42/100 brn|[from] item: Leftovers
|-heal|p2a: Seismitoad|57/100|[from] item: Leftovers
|-damage|p1a: Gyarados|36/100 brn|[from] brn
|upkeep
|turn|16
|
|move|p2a: Seismitoad|Protect|p2a: Seismitoad
|-singleturn|p2a: Seismitoad|Protect
|move|p1a: Gyarados|Earthquake|p2a: Seismitoad
|-activate|p2a: Seismitoad|move: Protect
|
|-heal|p1a: Gyarados|42/100 brn|[from] item: Leftovers
|-heal|p2a: Seismitoad|63/100|[from] item: Leftovers
|-damage|p1a: Gyarados|36/100 brn|[from] brn
|upkeep
|turn|17
|
|switch|p2a: Corviknight|Corviknight, M|44/100
|move|p1a: Gyarados|Earthquake|p2a: Corviknight
|-immune|p2a: Corviknight
|
|-heal|p1a: Gyarados|42/100 brn|[from] item: Leftovers
|-heal|p2a: Corviknight|50/100|[from] item: Leftovers
|-damage|p1a: Gyarados|36/100 brn|[from] brn
|upkeep
|turn|18
|
|switch|p2a: Seismitoad|Seismitoad, M|63/100
|move|p1a: Gyarados|Crunch|p2a: Seismitoad
|-damage|p2a: Seismitoad|24/100
|
|-heal|p1a: Gyarados|42/100 brn|[from] item: Leftovers
|-heal|p2a: Seismitoad|30/100|[from] item: Leftovers
|-damage|p1a: Gyarados|36/100 brn|[from] brn
|upkeep
|turn|19
|
|move|p2a: Seismitoad|Protect|p2a: Seismitoad
|-singleturn|p2a: Seismitoad|Protect
|move|p1a: Gyarados|Crunch|p2a: Seismitoad
|-activate|p2a: Seismitoad|move: Protect
|
|-heal|p1a: Gyarados|42/100 brn|[from] item: Leftovers
|-heal|p2a: Seismitoad|36/100|[from] item: Leftovers
|-damage|p1a: Gyarados|36/100 brn|[from] brn
|upkeep
|turn|20
|
|switch|p2a: Corviknight|Corviknight, M|50/100
|move|p1a: Gyarados|Crunch|p2a: Corviknight
|-damage|p2a: Corviknight|1/100
|-ability|p2a: Corviknight|Mirror Armor
|-unboost|p1a: Gyarados|def|1
|
|-heal|p1a: Gyarados|42/100 brn|[from] item: Leftovers
|-heal|p2a: Corviknight|7/100|[from] item: Leftovers
|-damage|p1a: Gyarados|36/100 brn|[from] brn
|upkeep
|turn|21
|
|move|p1a: Gyarados|Crunch|p2a: Corviknight
|-damage|p2a: Corviknight|0 fnt
|faint|p2a: Corviknight
|
|-heal|p1a: Gyarados|42/100 brn|[from] item: Leftovers
|-damage|p1a: Gyarados|36/100 brn|[from] brn
|upkeep
|
|switch|p2a: Clefable|Clefable, F|100/100
|turn|22
|
|move|p1a: Gyarados|Waterfall|p2a: Clefable
|-damage|p2a: Clefable|0 fnt
|faint|p2a: Clefable
|
|-heal|p1a: Gyarados|42/100 brn|[from] item: Leftovers
|-damage|p1a: Gyarados|36/100 brn|[from] brn
|upkeep
|
|switch|p2a: Hydreigon|Hydreigon, M|100/100
|turn|23
|
|move|p1a: Gyarados|Waterfall|p2a: Hydreigon
|-resisted|p2a: Hydreigon
|-damage|p2a: Hydreigon|52/100
|cant|p2a: Hydreigon|flinch
|
|-heal|p1a: Gyarados|42/100 brn|[from] item: Leftovers
|-heal|p2a: Hydreigon|58/100|[from] item: Leftovers
|-damage|p1a: Gyarados|36/100 brn|[from] brn
|upkeep
|turn|24
|
|switch|p2a: Seismitoad|Seismitoad, M|36/100
|move|p1a: Gyarados|Waterfall|p2a: Seismitoad
|-heal|p2a: Seismitoad|61/100|[from] ability: Water Absorb|[of] p1a: Gyarados
|
|-heal|p1a: Gyarados|42/100 brn|[from] item: Leftovers
|-heal|p2a: Seismitoad|67/100|[from] item: Leftovers
|-damage|p1a: Gyarados|36/100 brn|[from] brn
|upkeep
|turn|25
|
|move|p2a: Seismitoad|Protect|p2a: Seismitoad
|-singleturn|p2a: Seismitoad|Protect
|move|p1a: Gyarados|Earthquake|p2a: Seismitoad
|-activate|p2a: Seismitoad|move: Protect
|
|-heal|p1a: Gyarados|42/100 brn|[from] item: Leftovers
|-heal|p2a: Seismitoad|73/100|[from] item: Leftovers
|-damage|p1a: Gyarados|36/100 brn|[from] brn
|upkeep
|turn|26
|
|switch|p2a: Hydreigon|Hydreigon, M|58/100
|move|p1a: Gyarados|Earthquake|p2a: Hydreigon
|-immune|p2a: Hydreigon|[from] ability: Levitate
|
|-heal|p1a: Gyarados|42/100 brn|[from] item: Leftovers
|-heal|p2a: Hydreigon|64/100|[from] item: Leftovers
|-damage|p1a: Gyarados|36/100 brn|[from] brn
|upkeep
|turn|27
|
|switch|p1a: Accelgor|Accelgor, M|100/100
|-damage|p1a: Accelgor|76/100|[from] Stealth Rock
|move|p2a: Hydreigon|Dark Pulse|p1a: Accelgor
|-damage|p1a: Accelgor|3/100
|
|-heal|p2a: Hydreigon|70/100|[from] item: Leftovers
|upkeep
|turn|28
|
|switch|p2a: Cinderace|Cinderace, M|100/100
|move|p1a: Accelgor|Bug Buzz|p2a: Cinderace
|-resisted|p2a: Cinderace
|-damage|p2a: Cinderace|73/100
|-unboost|p2a: Cinderace|spd|1
|-enditem|p1a: Accelgor|Throat Spray
|-boost|p1a: Accelgor|spa|1
|
|upkeep
|turn|29
|
|move|p1a: Accelgor|Sludge Bomb|p2a: Cinderace
|-damage|p2a: Cinderace|0 fnt
|faint|p2a: Cinderace
|
|upkeep
|
|switch|p2a: Dragapult|Dragapult, F|100/100
|turn|30
|
|move|p2a: Dragapult|Sucker Punch|p1a: Accelgor
|-damage|p1a: Accelgor|0 fnt
|faint|p1a: Accelgor
|
|upkeep
|
|switch|p1a: Dugtrio|Dugtrio, F|100/100
|-damage|p1a: Dugtrio|94/100|[from] Stealth Rock
|turn|31
|
|switch|p2a: Seismitoad|Seismitoad, M|73/100
|move|p1a: Dugtrio|Shadow Claw|p2a: Seismitoad
|-damage|p2a: Seismitoad|51/100
|
|-heal|p2a: Seismitoad|57/100|[from] item: Leftovers
|upkeep
|turn|32
|
|switch|p1a: Corsola|Corsola-Galar, M|100/100
|-damage|p1a: Corsola|88/100|[from] Stealth Rock
|move|p2a: Seismitoad|Scald|p1a: Corsola
|-damage|p1a: Corsola|75/100
|-start|p2a: Seismitoad|Disable|Scald|[from] ability: Cursed Body|[of] p1a: Corsola
|
|-heal|p2a: Seismitoad|63/100|[from] item: Leftovers
|upkeep
|turn|33
|
|switch|p2a: Dragapult|Dragapult, F|100/100
|move|p1a: Corsola|Stealth Rock|p2a: Dragapult
|-sidestart|p2: Skz10032|move: Stealth Rock
|
|upkeep
|turn|34
|
|move|p2a: Dragapult|Phantom Force||[still]
|-prepare|p2a: Dragapult|Phantom Force|p1a: Corsola
|move|p1a: Corsola|Will-O-Wisp|p2a: Dragapult|[miss]
|-miss|p1a: Corsola|p2a: Dragapult
|
|upkeep
|turn|35
|
|move|p2a: Dragapult|Phantom Force|p1a: Corsola|[from]lockedmove
|-supereffective|p1a: Corsola
|-damage|p1a: Corsola|0 fnt
|faint|p1a: Corsola
|
|upkeep
|
|switch|p1a: Dugtrio|Dugtrio, F|94/100
|-damage|p1a: Dugtrio|88/100|[from] Stealth Rock
|turn|36
|
|move|p2a: Dragapult|Phantom Force||[still]
|-prepare|p2a: Dragapult|Phantom Force|p1a: Dugtrio
|move|p1a: Dugtrio|Shadow Claw|p2a: Dragapult|[miss]
|-miss|p1a: Dugtrio|p2a: Dragapult
|
|upkeep
|turn|37
|
|move|p2a: Dragapult|Phantom Force|p1a: Dugtrio|[from]lockedmove
|-damage|p1a: Dugtrio|0 fnt
|faint|p1a: Dugtrio
|
|upkeep
|
|switch|p1a: Hatterene|Hatterene, F|100/100
|-damage|p1a: Hatterene|88/100|[from] Stealth Rock
|turn|38
|
|move|p2a: Dragapult|Phantom Force||[still]
|-prepare|p2a: Dragapult|Phantom Force|p1a: Hatterene
|move|p1a: Hatterene|Calm Mind|p1a: Hatterene
|-boost|p1a: Hatterene|spa|1
|-boost|p1a: Hatterene|spd|1
|
|-heal|p1a: Hatterene|94/100|[from] item: Leftovers
|upkeep
|turn|39
|
|move|p2a: Dragapult|Phantom Force|p1a: Hatterene|[from]lockedmove
|-supereffective|p1a: Hatterene
|-damage|p1a: Hatterene|0 fnt
|faint|p1a: Hatterene
|
|upkeep
|-message|IceHarpy forfeited.
|
|win|Skz10032
|l|☆IceHarpy
|raw|IceHarpy's rating: 1138 → 1114(-24 for losing)
|raw|Skz10032's rating: 1149 → 1173(+24 for winning)
