|ScrapeTime|2020-01-01-23:35:38
|j|☆jujitsujimmy
|j|☆watch movie
|player|p1|jujitsujimmy|265|1248
|player|p2|watch movie|102|1216
|teamsize|p1|6
|teamsize|p2|6
|gametype|singles
|gen|8
|tier|[Gen 8] OU
|rated|
|rule|Sleep Clause Mod: Limit one foe put to sleep
|rule|Species Clause: Limit one of each Pokémon
|rule|OHKO Clause: OHKO moves are banned
|rule|Evasion Moves Clause: Evasion moves are banned
|rule|Endless Battle Clause: Forcing endless battles is banned
|rule|HP Percentage Mod: HP is shown in percentages
|clearpoke
|poke|p1|Aegislash, F|
|poke|p1|Crawdaunt, F|
|poke|p1|Mew|
|poke|p1|Lucario, F|
|poke|p1|Bisharp, F|
|poke|p1|Dragapult, M|
|poke|p2|Mew|
|poke|p2|Crawdaunt, F|
|poke|p2|Bisharp, M|
|poke|p2|Aegislash, M|
|poke|p2|Dragapult, F|
|poke|p2|Lucario, F|
|rule|Dynamax Clause: You cannot dynamax
|teampreview
|
|start
|switch|p1a: Mew|Mew|100/100
|switch|p2a: Mew|Mew|100/100
|turn|1
|
|move|p1a: Mew|Stealth Rock|p2a: Mew
|-sidestart|p2: watch movie|move: Stealth Rock
|move|p2a: Mew|Taunt|p1a: Mew
|-start|p1a: Mew|move: Taunt
|
|upkeep
|turn|2
|c|☆jujitsujimmy|Lol
|inactive|Battle timer is ON: inactive players will automatically lose when time's up. (requested by watch movie)
|
|switch|p1a: Dragapult|Dragapult, M|100/100
|move|p2a: Mew|Stealth Rock|p1a: Dragapult
|-sidestart|p1: jujitsujimmy|move: Stealth Rock
|
|upkeep
|turn|3
|
|move|p1a: Dragapult|Dragon Darts|p2a: Mew
|-damage|p2a: Mew|81/100
|-damage|p2a: Mew|59/100
|-hitcount|p2a: Mew|2
|move|p2a: Mew|Rock Tomb|p1a: Dragapult
|-damage|p1a: Dragapult|81/100
|-unboost|p1a: Dragapult|spe|1
|
|-heal|p1a: Dragapult|87/100|[from] item: Leftovers
|upkeep
|turn|4
|
|move|p2a: Mew|Spikes|p1a: Dragapult
|-sidestart|p1: jujitsujimmy|Spikes
|move|p1a: Dragapult|Substitute|p1a: Dragapult
|-start|p1a: Dragapult|Substitute
|-damage|p1a: Dragapult|62/100
|
|-heal|p1a: Dragapult|68/100|[from] item: Leftovers
|upkeep
|turn|5
|
|move|p2a: Mew|Taunt|p1a: Dragapult
|-start|p1a: Dragapult|move: Taunt
|cant|p1a: Dragapult|move: Taunt|Dragon Dance
|
|-heal|p1a: Dragapult|74/100|[from] item: Leftovers
|upkeep
|turn|6
|
|move|p2a: Mew|Spikes|p1a: Dragapult
|-sidestart|p1: jujitsujimmy|Spikes
|move|p1a: Dragapult|Phantom Force||[still]
|-prepare|p1a: Dragapult|Phantom Force|p2a: Mew
|
|-heal|p1a: Dragapult|80/100|[from] item: Leftovers
|upkeep
|turn|7
|
|move|p2a: Mew|Spikes|p1a: Dragapult
|-sidestart|p1: jujitsujimmy|Spikes
|move|p1a: Dragapult|Phantom Force|p2a: Mew|[from]lockedmove
|-supereffective|p2a: Mew
|-damage|p2a: Mew|0 fnt
|faint|p2a: Mew
|
|-heal|p1a: Dragapult|86/100|[from] item: Leftovers
|-end|p1a: Dragapult|move: Taunt
|upkeep
|
|switch|p2a: Dragapult|Dragapult, F|100/100
|-damage|p2a: Dragapult|88/100|[from] Stealth Rock
|turn|8
|
|move|p2a: Dragapult|Dragon Darts|p1a: Dragapult
|-supereffective|p1a: Dragapult
|-damage|p1a: Dragapult|16/100
|-supereffective|p1a: Dragapult
|-damage|p1a: Dragapult|0 fnt
|-hitcount|p1a: Dragapult|2
|faint|p1a: Dragapult
|
|-heal|p2a: Dragapult|94/100|[from] item: Leftovers
|upkeep
|
|switch|p1a: Mew|Mew|100/100
|-damage|p1a: Mew|75/100|[from] Spikes
|-damage|p1a: Mew|63/100|[from] Stealth Rock
|turn|9
|
|move|p2a: Dragapult|Substitute|p2a: Dragapult
|-start|p2a: Dragapult|Substitute
|-damage|p2a: Dragapult|69/100
|move|p1a: Mew|Taunt|p2a: Dragapult
|-start|p2a: Dragapult|move: Taunt
|
|-heal|p2a: Dragapult|75/100|[from] item: Leftovers
|upkeep
|turn|10
|
|move|p2a: Dragapult|Phantom Force||[still]
|-prepare|p2a: Dragapult|Phantom Force|p1a: Mew
|move|p1a: Mew|Spikes|p2a: Dragapult
|-sidestart|p2: watch movie|Spikes
|
|-heal|p2a: Dragapult|81/100|[from] item: Leftovers
|upkeep
|turn|11
|
|move|p2a: Dragapult|Phantom Force|p1a: Mew|[from]lockedmove
|-supereffective|p1a: Mew
|-damage|p1a: Mew|0 fnt
|faint|p1a: Mew
|
|-heal|p2a: Dragapult|87/100|[from] item: Leftovers
|upkeep
|
|switch|p1a: Bisharp|Bisharp, F|100/100
|-damage|p1a: Bisharp|76/100|[from] Spikes
|-damage|p1a: Bisharp|70/100|[from] Stealth Rock
|turn|12
|
|move|p1a: Bisharp|Sucker Punch|p2a: Dragapult
|-supereffective|p2a: Dragapult
|-end|p2a: Dragapult|Substitute
|-damage|p1a: Bisharp|60/100|[from] item: Life Orb
|move|p2a: Dragapult|Dragon Darts|p1a: Bisharp
|-resisted|p1a: Bisharp
|-damage|p1a: Bisharp|43/100
|-resisted|p1a: Bisharp
|-damage|p1a: Bisharp|27/100
|-hitcount|p1a: Bisharp|2
|
|-heal|p2a: Dragapult|93/100|[from] item: Leftovers
|-end|p2a: Dragapult|move: Taunt
|upkeep
|turn|13
|
|move|p2a: Dragapult|Dragon Darts|p1a: Bisharp
|-resisted|p1a: Bisharp
|-damage|p1a: Bisharp|13/100
|-resisted|p1a: Bisharp
|-damage|p1a: Bisharp|0 fnt
|-hitcount|p1a: Bisharp|2
|faint|p1a: Bisharp
|
|-heal|p2a: Dragapult|99/100|[from] item: Leftovers
|upkeep
|
|switch|p1a: Aegislash|Aegislash, F|100/100
|-damage|p1a: Aegislash|94/100|[from] Stealth Rock
|-item|p1a: Aegislash|Air Balloon
|turn|14
|
|-formechange|p1a: Aegislash|Aegislash-Blade||[from] ability: Stance Change
|move|p1a: Aegislash|Shadow Sneak|p2a: Dragapult
|-supereffective|p2a: Dragapult
|-damage|p2a: Dragapult|30/100
|move|p2a: Dragapult|Dragon Darts|p1a: Aegislash
|-resisted|p1a: Aegislash
|-damage|p1a: Aegislash|67/100
|-enditem|p1a: Aegislash|Air Balloon
|-resisted|p1a: Aegislash
|-damage|p1a: Aegislash|39/100
|-hitcount|p1a: Aegislash|2
|
|-heal|p2a: Dragapult|36/100|[from] item: Leftovers
|upkeep
|turn|15
|
|move|p2a: Dragapult|Dragon Darts|p1a: Aegislash
|-resisted|p1a: Aegislash
|-damage|p1a: Aegislash|10/100
|-resisted|p1a: Aegislash
|-damage|p1a: Aegislash|0 fnt
|-hitcount|p1a: Aegislash|2
|faint|p1a: Aegislash
|
|-heal|p2a: Dragapult|42/100|[from] item: Leftovers
|upkeep
|
|switch|p1a: Crawdaunt|Crawdaunt, F|100/100
|-damage|p1a: Crawdaunt|76/100|[from] Spikes
|-damage|p1a: Crawdaunt|63/100|[from] Stealth Rock
|turn|16
|
|move|p2a: Dragapult|Dragon Darts|p1a: Crawdaunt
|-damage|p1a: Crawdaunt|29/100
|-crit|p1a: Crawdaunt
|-damage|p1a: Crawdaunt|0 fnt
|-hitcount|p1a: Crawdaunt|2
|faint|p1a: Crawdaunt
|
|-heal|p2a: Dragapult|48/100|[from] item: Leftovers
|upkeep
|
|switch|p1a: Lucario|Lucario, F|100/100
|-damage|p1a: Lucario|76/100|[from] Spikes
|-damage|p1a: Lucario|73/100|[from] Stealth Rock
|turn|17
|
|move|p2a: Dragapult|Dragon Darts|p1a: Lucario
|-resisted|p1a: Lucario
|-damage|p1a: Lucario|52/100
|-resisted|p1a: Lucario
|-damage|p1a: Lucario|32/100
|-hitcount|p1a: Lucario|2
|move|p1a: Lucario|Swords Dance|p1a: Lucario
|-boost|p1a: Lucario|atk|2
|
|-heal|p2a: Dragapult|54/100|[from] item: Leftovers
|upkeep
|turn|18
|
|move|p1a: Lucario|Bullet Punch|p2a: Dragapult
|-damage|p2a: Dragapult|0 fnt
|-damage|p1a: Lucario|22/100|[from] item: Life Orb
|faint|p2a: Dragapult
|
|upkeep
|
|switch|p2a: Crawdaunt|Crawdaunt, F|100/100
|-damage|p2a: Crawdaunt|88/100|[from] Spikes
|-damage|p2a: Crawdaunt|76/100|[from] Stealth Rock
|turn|19
|
|move|p1a: Lucario|Bullet Punch|p2a: Crawdaunt
|-resisted|p2a: Crawdaunt
|-damage|p2a: Crawdaunt|38/100
|-damage|p1a: Lucario|12/100|[from] item: Life Orb
|move|p2a: Crawdaunt|Aqua Jet|p1a: Lucario
|-damage|p1a: Lucario|0 fnt
|-damage|p2a: Crawdaunt|28/100|[from] item: Life Orb
|faint|p1a: Lucario
|
|win|watch movie
