|ScrapeTime|2020-01-01-10:15:48
|j|☆GLOCKAVELI
|j|☆rynowill
|player|p1|GLOCKAVELI|smasher|1075
|player|p2|rynowill|145|1118
|teamsize|p1|6
|teamsize|p2|6
|gametype|singles
|gen|8
|tier|[Gen 8] OU
|rated|
|rule|Sleep Clause Mod: Limit one foe put to sleep
|rule|Species Clause: Limit one of each Pokémon
|rule|OHKO Clause: OHKO moves are banned
|rule|Evasion Moves Clause: Evasion moves are banned
|rule|Endless Battle Clause: Forcing endless battles is banned
|rule|HP Percentage Mod: HP is shown in percentages
|clearpoke
|poke|p1|Bisharp, F|
|poke|p1|Excadrill, M|
|poke|p1|Togekiss, F|
|poke|p1|Rotom-Wash|
|poke|p1|Hawlucha, M|
|poke|p1|Boltund, F|
|poke|p2|Obstagoon, F|
|poke|p2|Hatterene, F|
|poke|p2|Excadrill, F|
|poke|p2|Grimmsnarl, M|
|poke|p2|Mew|
|poke|p2|Corviknight, M|
|rule|Dynamax Clause: You cannot dynamax
|teampreview
|inactive|Battle timer is ON: inactive players will automatically lose when time's up. (requested by GLOCKAVELI)
|
|start
|switch|p1a: Excadrill|Excadrill, M|100/100
|switch|p2a: Mew|Mew|100/100
|-ability|p1a: Excadrill|Mold Breaker
|turn|1
|
|move|p2a: Mew|Imprison|p2a: Mew
|-start|p2a: Mew|move: Imprison
|move|p1a: Excadrill|Earthquake|p2a: Mew
|-damage|p2a: Mew|38/100
|-damage|p1a: Excadrill|91/100|[from] item: Life Orb
|
|upkeep
|turn|2
|
|move|p2a: Mew|Transform|p1a: Excadrill
|-transform|p2a: Mew|p1a: Excadrill
|-endability|p2a: Mew|Synchronize|[from] move: Transform
|-ability|p2a: Mew|Mold Breaker
|cant|p1a: Excadrill|move: Imprison|Rapid Spin
|
|upkeep
|turn|3
|
|switch|p1a: Togekiss|Togekiss, F|100/100
|move|p2a: Mew|Stealth Rock|p1a: Togekiss
|-sidestart|p1: GLOCKAVELI|move: Stealth Rock
|
|upkeep
|turn|4
|
|switch|p2a: Corviknight|Corviknight, M|100/100
|-ability|p2a: Corviknight|Pressure
|move|p1a: Togekiss|Heat Wave|p2a: Corviknight
|-supereffective|p2a: Corviknight
|-damage|p2a: Corviknight|22/100
|
|-heal|p2a: Corviknight|29/100|[from] item: Leftovers
|upkeep
|turn|5
|
|move|p1a: Togekiss|Heat Wave|p2a: Corviknight
|-supereffective|p2a: Corviknight
|-damage|p2a: Corviknight|0 fnt
|faint|p2a: Corviknight
|
|upkeep
|
|switch|p2a: Mew|Mew|38/100
|turn|6
|
|move|p2a: Mew|Imprison|p2a: Mew
|-start|p2a: Mew|move: Imprison
|move|p1a: Togekiss|Heat Wave|p2a: Mew
|-damage|p2a: Mew|0 fnt
|faint|p2a: Mew
|
|upkeep
|
|switch|p2a: Excadrill|Excadrill, F|100/100
|-ability|p2a: Excadrill|Mold Breaker
|turn|7
|inactive|rynowill has 120 seconds left.
|
|switch|p1a: Rotom|Rotom-Wash|100/100
|-damage|p1a: Rotom|88/100|[from] Stealth Rock
|move|p2a: Excadrill|Iron Head|p1a: Rotom
|-resisted|p1a: Rotom
|-damage|p1a: Rotom|74/100
|
|-heal|p1a: Rotom|80/100|[from] item: Leftovers
|upkeep
|turn|8
|inactive|rynowill has 120 seconds left.
|
|switch|p2a: Obstagoon|Obstagoon, F|100/100
|move|p1a: Rotom|Hydro Pump|p2a: Obstagoon|[miss]
|-miss|p1a: Rotom|p2a: Obstagoon
|
|-heal|p1a: Rotom|86/100|[from] item: Leftovers
|-status|p2a: Obstagoon|brn|[from] item: Flame Orb
|upkeep
|turn|9
|inactive|rynowill has 120 seconds left.
|
|switch|p1a: Excadrill|Excadrill, M|91/100
|-damage|p1a: Excadrill|87/100|[from] Stealth Rock
|-ability|p1a: Excadrill|Mold Breaker
|move|p2a: Obstagoon|Knock Off|p1a: Excadrill
|-damage|p1a: Excadrill|0 fnt
|-enditem|p1a: Excadrill|Life Orb|[from] move: Knock Off|[of] p2a: Obstagoon
|faint|p1a: Excadrill
|
|-damage|p2a: Obstagoon|94/100 brn|[from] brn
|upkeep
|
|switch|p1a: Togekiss|Togekiss, F|100/100
|-damage|p1a: Togekiss|76/100|[from] Stealth Rock
|turn|10
|
|move|p2a: Obstagoon|Facade|p1a: Togekiss
|-damage|p1a: Togekiss|0 fnt
|faint|p1a: Togekiss
|
|-damage|p2a: Obstagoon|88/100 brn|[from] brn
|upkeep
|
|switch|p1a: Bisharp|Bisharp, F|100/100
|-damage|p1a: Bisharp|95/100|[from] Stealth Rock
|turn|11
|
|move|p2a: Obstagoon|Obstruct|p2a: Obstagoon
|-singleturn|p2a: Obstagoon|Protect
|move|p1a: Bisharp|Swords Dance|p1a: Bisharp
|-boost|p1a: Bisharp|atk|2
|
|-damage|p2a: Obstagoon|82/100 brn|[from] brn
|upkeep
|turn|12
|
|switch|p2a: Grimmsnarl|Grimmsnarl, M|100/100
|move|p1a: Bisharp|Sucker Punch||[still]
|-fail|p1a: Bisharp
|
|upkeep
|turn|13
|
|move|p2a: Grimmsnarl|Taunt|p1a: Bisharp
|-hint|Since gen 7, Dark is immune to Prankster moves.
|-immune|p1a: Bisharp
|move|p1a: Bisharp|Iron Head|p2a: Grimmsnarl
|-supereffective|p2a: Grimmsnarl
|-damage|p2a: Grimmsnarl|0 fnt
|-damage|p1a: Bisharp|85/100|[from] item: Life Orb
|faint|p2a: Grimmsnarl
|
|upkeep
|
|switch|p2a: Excadrill|Excadrill, F|100/100
|-ability|p2a: Excadrill|Mold Breaker
|turn|14
|
|switch|p1a: Rotom|Rotom-Wash|86/100
|-damage|p1a: Rotom|74/100|[from] Stealth Rock
|move|p2a: Excadrill|Earthquake|p1a: Rotom
|-supereffective|p1a: Rotom
|-damage|p1a: Rotom|0 fnt
|faint|p1a: Rotom
|
|upkeep
|
|switch|p1a: Hawlucha|Hawlucha, M|100/100
|-damage|p1a: Hawlucha|88/100|[from] Stealth Rock
|turn|15
|
|switch|p2a: Hatterene|Hatterene, F|100/100
|move|p1a: Hawlucha|Swords Dance|p1a: Hawlucha
|-boost|p1a: Hawlucha|atk|2
|
|upkeep
|turn|16
|
|move|p1a: Hawlucha|Iron Head|p2a: Hatterene
|-supereffective|p2a: Hatterene
|-damage|p2a: Hatterene|0 fnt
|faint|p2a: Hatterene
|
|upkeep
|
|switch|p2a: Obstagoon|Obstagoon, F|82/100 brn
|turn|17
|
|move|p1a: Hawlucha|Close Combat|p2a: Obstagoon
|-supereffective|p2a: Obstagoon
|-damage|p2a: Obstagoon|0 fnt
|-unboost|p1a: Hawlucha|def|1
|-unboost|p1a: Hawlucha|spd|1
|faint|p2a: Obstagoon
|
|upkeep
|
|switch|p2a: Excadrill|Excadrill, F|100/100
|-ability|p2a: Excadrill|Mold Breaker
|turn|18
|
|move|p2a: Excadrill|Iron Head|p1a: Hawlucha
|-damage|p1a: Hawlucha|0 fnt
|faint|p1a: Hawlucha
|
|upkeep
|inactive|GLOCKAVELI has 120 seconds left.
|
|switch|p1a: Boltund|Boltund, F|100/100
|-damage|p1a: Boltund|88/100|[from] Stealth Rock
|turn|19
|inactive|GLOCKAVELI has 120 seconds left.
|
|move|p2a: Excadrill|Iron Head|p1a: Boltund
|-resisted|p1a: Boltund
|-damage|p1a: Boltund|52/100
|move|p1a: Boltund|Crunch|p2a: Excadrill
|-damage|p2a: Excadrill|39/100
|-unboost|p2a: Excadrill|def|1
|-damage|p1a: Boltund|42/100|[from] item: Life Orb
|
|upkeep
|turn|20
|inactive|GLOCKAVELI has 120 seconds left.
|
|move|p2a: Excadrill|Iron Head|p1a: Boltund
|-resisted|p1a: Boltund
|-damage|p1a: Boltund|4/100
|cant|p1a: Boltund|flinch
|
|upkeep
|turn|21
|
|move|p2a: Excadrill|Iron Head|p1a: Boltund
|-resisted|p1a: Boltund
|-damage|p1a: Boltund|0 fnt
|faint|p1a: Boltund
|
|upkeep
|
|switch|p1a: Bisharp|Bisharp, F|85/100
|-damage|p1a: Bisharp|79/100|[from] Stealth Rock
|turn|22
|
|move|p1a: Bisharp|Sucker Punch|p2a: Excadrill
|-damage|p2a: Excadrill|0 fnt
|-damage|p1a: Bisharp|69/100|[from] item: Life Orb
|faint|p2a: Excadrill
|
|win|GLOCKAVELI
|raw|GLOCKAVELI's rating: 1075 → 1107(+32 for winning)
|raw|rynowill's rating: 1118 → 1090(-28 for losing)
|l|☆rynowill
|c|☆GLOCKAVELI|gg
