|ScrapeTime|2020-01-02-12:04:33
|j|☆UberPyro5
|j|☆GuiGCSR
|player|p1|UberPyro5|firebreather|1113
|player|p2|GuiGCSR|hugh|1138
|teamsize|p1|6
|teamsize|p2|6
|gametype|singles
|gen|8
|tier|[Gen 8] OU
|rated|
|rule|Sleep Clause Mod: Limit one foe put to sleep
|rule|Species Clause: Limit one of each Pokémon
|rule|OHKO Clause: OHKO moves are banned
|rule|Evasion Moves Clause: Evasion moves are banned
|rule|Endless Battle Clause: Forcing endless battles is banned
|rule|HP Percentage Mod: HP is shown in percentages
|clearpoke
|poke|p1|Seismitoad, F|
|poke|p1|Corviknight, M|
|poke|p1|Rotom-Heat|
|poke|p1|Dragapult, F|
|poke|p1|Conkeldurr, M|
|poke|p1|Mandibuzz, F|
|poke|p2|Flapple, F|
|poke|p2|Centiskorch, M|
|poke|p2|Drednaw, F|
|poke|p2|Toxtricity-Low-Key, F|
|poke|p2|Hatterene, F|
|poke|p2|Obstagoon, M|
|rule|Dynamax Clause: You cannot dynamax
|teampreview
|
|start
|switch|p1a: Seismitoad|Seismitoad, F|100/100
|switch|p2a: Toxtricity|Toxtricity-Low-Key, F|100/100
|turn|1
|
|switch|p2a: Hatterene|Hatterene, F|100/100
|move|p1a: Seismitoad|Earthquake|p2a: Hatterene
|-damage|p2a: Hatterene|65/100
|
|upkeep
|turn|2
|
|switch|p1a: Dragapult|Dragapult, F|100/100
|switch|p2a: Flapple|Flapple, F|100/100
|
|upkeep
|turn|3
|
|switch|p2a: Hatterene|Hatterene, F|65/100
|move|p1a: Dragapult|Fire Blast|p2a: Hatterene|[miss]
|-miss|p1a: Dragapult|p2a: Hatterene
|
|upkeep
|turn|4
|
|switch|p1a: Mandibuzz|Mandibuzz, F|100/100
|move|p2a: Hatterene|Mystical Fire|p1a: Mandibuzz
|-damage|p1a: Mandibuzz|84/100
|-unboost|p1a: Mandibuzz|spa|1
|
|upkeep
|turn|5
|
|move|p1a: Mandibuzz|Knock Off|p2a: Hatterene
|-damage|p2a: Hatterene|40/100
|-enditem|p2a: Hatterene|Assault Vest|[from] move: Knock Off|[of] p1a: Mandibuzz
|move|p2a: Hatterene|Dazzling Gleam|p1a: Mandibuzz
|-supereffective|p1a: Mandibuzz
|-damage|p1a: Mandibuzz|24/100
|
|upkeep
|turn|6
|
|switch|p1a: Rotom|Rotom-Heat|100/100
|move|p2a: Hatterene|Dazzling Gleam|p1a: Rotom
|-resisted|p1a: Rotom
|-damage|p1a: Rotom|74/100
|
|-heal|p1a: Rotom|80/100|[from] item: Leftovers
|upkeep
|turn|7
|
|switch|p2a: Toxtricity|Toxtricity-Low-Key, F|100/100
|move|p1a: Rotom|Nasty Plot|p1a: Rotom
|-boost|p1a: Rotom|spa|2
|
|-heal|p1a: Rotom|86/100|[from] item: Leftovers
|upkeep
|turn|8
|
|move|p1a: Rotom|Volt Switch|p2a: Toxtricity
|-resisted|p2a: Toxtricity
|-damage|p2a: Toxtricity|59/100
|
|switch|p1a: Dragapult|Dragapult, F|100/100|[from]move: Volt Switch
|move|p2a: Toxtricity|Boomburst|p1a: Dragapult
|-immune|p1a: Dragapult
|
|upkeep
|turn|9
|
|switch|p2a: Hatterene|Hatterene, F|40/100
|move|p1a: Dragapult|Shadow Ball|p2a: Hatterene
|-supereffective|p2a: Hatterene
|-damage|p2a: Hatterene|0 fnt
|faint|p2a: Hatterene
|
|upkeep
|
|switch|p2a: Obstagoon|Obstagoon, M|100/100
|turn|10
|
|switch|p1a: Corviknight|Corviknight, M|100/100
|-ability|p1a: Corviknight|Pressure
|move|p2a: Obstagoon|Obstruct||[still]
|-fail|p2a: Obstagoon
|
|-status|p2a: Obstagoon|brn|[from] item: Flame Orb
|upkeep
|turn|11
|
|move|p2a: Obstagoon|Knock Off|p1a: Corviknight
|-damage|p1a: Corviknight|54/100
|-enditem|p1a: Corviknight|Leftovers|[from] move: Knock Off|[of] p2a: Obstagoon
|move|p1a: Corviknight|Bulk Up|p1a: Corviknight
|-boost|p1a: Corviknight|atk|1
|-boost|p1a: Corviknight|def|1
|
|-damage|p2a: Obstagoon|94/100 brn|[from] brn
|upkeep
|turn|12
|
|switch|p2a: Toxtricity|Toxtricity-Low-Key, F|59/100
|move|p1a: Corviknight|Roost|p1a: Corviknight
|-heal|p1a: Corviknight|100/100
|-singleturn|p1a: Corviknight|move: Roost
|
|upkeep
|turn|13
|
|switch|p1a: Dragapult|Dragapult, F|100/100
|move|p2a: Toxtricity|Volt Switch|p1a: Dragapult
|-resisted|p1a: Dragapult
|-damage|p1a: Dragapult|65/100
|
|switch|p2a: Obstagoon|Obstagoon, M|94/100 brn|[from]move: Volt Switch
|
|-damage|p2a: Obstagoon|88/100 brn|[from] brn
|upkeep
|turn|14
|
|switch|p1a: Conkeldurr|Conkeldurr, M|100/100
|move|p2a: Obstagoon|Knock Off|p1a: Conkeldurr
|-resisted|p1a: Conkeldurr
|-damage|p1a: Conkeldurr|76/100
|-enditem|p1a: Conkeldurr|Flame Orb|[from] move: Knock Off|[of] p2a: Obstagoon
|
|-damage|p2a: Obstagoon|82/100 brn|[from] brn
|upkeep
|turn|15
|
|switch|p2a: Centiskorch|Centiskorch, M|100/100
|move|p1a: Conkeldurr|Drain Punch|p2a: Centiskorch
|-resisted|p2a: Centiskorch
|-damage|p2a: Centiskorch|70/100
|-heal|p1a: Conkeldurr|89/100|[from] drain|[of] p2a: Centiskorch
|
|upkeep
|turn|16
|
|switch|p1a: Seismitoad|Seismitoad, F|100/100
|move|p2a: Centiskorch|Fire Lash|p1a: Seismitoad
|-resisted|p1a: Seismitoad
|-damage|p1a: Seismitoad|86/100
|-unboost|p1a: Seismitoad|def|1
|
|-heal|p1a: Seismitoad|92/100|[from] item: Leftovers
|upkeep
|turn|17
|
|move|p2a: Centiskorch|Power Whip|p1a: Seismitoad|[miss]
|-miss|p2a: Centiskorch|p1a: Seismitoad
|move|p1a: Seismitoad|Stealth Rock|p2a: Centiskorch
|-sidestart|p2: GuiGCSR|move: Stealth Rock
|
|-heal|p1a: Seismitoad|98/100|[from] item: Leftovers
|upkeep
|turn|18
|
|switch|p1a: Rotom|Rotom-Heat|86/100
|move|p2a: Centiskorch|Power Whip|p1a: Rotom
|-resisted|p1a: Rotom
|-damage|p1a: Rotom|64/100
|
|-heal|p1a: Rotom|69/100|[from] item: Leftovers
|upkeep
|turn|19
|
|switch|p2a: Obstagoon|Obstagoon, M|82/100 brn
|-damage|p2a: Obstagoon|70/100 brn|[from] Stealth Rock
|move|p1a: Rotom|Nasty Plot|p1a: Rotom
|-boost|p1a: Rotom|spa|2
|
|-heal|p1a: Rotom|75/100|[from] item: Leftovers
|-damage|p2a: Obstagoon|64/100 brn|[from] brn
|upkeep
|turn|20
|
|move|p2a: Obstagoon|Knock Off|p1a: Rotom
|-damage|p1a: Rotom|11/100
|-enditem|p1a: Rotom|Leftovers|[from] move: Knock Off|[of] p2a: Obstagoon
|move|p1a: Rotom|Volt Switch|p2a: Obstagoon
|-damage|p2a: Obstagoon|0 fnt
|faint|p2a: Obstagoon
|
|switch|p1a: Dragapult|Dragapult, F|65/100|[from]move: Volt Switch
|
|upkeep
|
|switch|p2a: Drednaw|Drednaw, F|100/100
|-damage|p2a: Drednaw|88/100|[from] Stealth Rock
|-item|p2a: Drednaw|Air Balloon
|turn|21
|
|move|p1a: Dragapult|Thunderbolt|p2a: Drednaw
|-supereffective|p2a: Drednaw
|-damage|p2a: Drednaw|0 fnt
|-enditem|p2a: Drednaw|Air Balloon
|faint|p2a: Drednaw
|
|upkeep
|
|switch|p2a: Toxtricity|Toxtricity-Low-Key, F|59/100
|-damage|p2a: Toxtricity|46/100|[from] Stealth Rock
|turn|22
|
|switch|p1a: Seismitoad|Seismitoad, F|98/100
|move|p2a: Toxtricity|Overdrive|p1a: Seismitoad
|-immune|p1a: Seismitoad
|
|-heal|p1a: Seismitoad|100/100|[from] item: Leftovers
|upkeep
|turn|23
|
|switch|p2a: Flapple|Flapple, F|100/100
|-damage|p2a: Flapple|88/100|[from] Stealth Rock
|move|p1a: Seismitoad|Scald|p2a: Flapple
|-resisted|p2a: Flapple
|-damage|p2a: Flapple|77/100
|
|upkeep
|turn|24
|
|switch|p1a: Corviknight|Corviknight, M|100/100
|-ability|p1a: Corviknight|Pressure
|move|p2a: Flapple|Dragon Dance|p2a: Flapple
|-boost|p2a: Flapple|atk|1
|-boost|p2a: Flapple|spe|1
|
|upkeep
|turn|25
|
|switch|p2a: Centiskorch|Centiskorch, M|70/100
|move|p1a: Corviknight|Bulk Up|p1a: Corviknight
|-boost|p1a: Corviknight|atk|1
|-boost|p1a: Corviknight|def|1
|
|upkeep
|turn|26
|
|move|p2a: Centiskorch|Fire Lash|p1a: Corviknight
|-supereffective|p1a: Corviknight
|-damage|p1a: Corviknight|58/100
|-unboost|p1a: Corviknight|def|1
|move|p1a: Corviknight|Bulk Up|p1a: Corviknight
|-boost|p1a: Corviknight|atk|1
|-boost|p1a: Corviknight|def|1
|
|upkeep
|turn|27
|
|move|p2a: Centiskorch|Fire Lash|p1a: Corviknight
|-supereffective|p1a: Corviknight
|-damage|p1a: Corviknight|12/100
|-unboost|p1a: Corviknight|def|1
|move|p1a: Corviknight|Roost|p1a: Corviknight
|-heal|p1a: Corviknight|62/100
|-singleturn|p1a: Corviknight|move: Roost
|
|upkeep
|turn|28
|
|switch|p1a: Rotom|Rotom-Heat|11/100
|move|p2a: Centiskorch|Fire Lash|p1a: Rotom
|-resisted|p1a: Rotom
|-damage|p1a: Rotom|0 fnt
|faint|p1a: Rotom
|
|upkeep
|
|switch|p1a: Seismitoad|Seismitoad, F|100/100
|turn|29
|
|move|p2a: Centiskorch|Power Whip|p1a: Seismitoad
|-supereffective|p1a: Seismitoad
|-damage|p1a: Seismitoad|0 fnt
|faint|p1a: Seismitoad
|
|upkeep
|
|switch|p1a: Conkeldurr|Conkeldurr, M|89/100
|turn|30
|
|move|p2a: Centiskorch|Fire Lash|p1a: Conkeldurr
|-damage|p1a: Conkeldurr|51/100
|-unboost|p1a: Conkeldurr|def|1
|move|p1a: Conkeldurr|Earthquake|p2a: Centiskorch
|-damage|p2a: Centiskorch|14/100
|
|upkeep
|turn|31
|
|move|p1a: Conkeldurr|Mach Punch|p2a: Centiskorch
|-resisted|p2a: Centiskorch
|-crit|p2a: Centiskorch
|-damage|p2a: Centiskorch|0 fnt
|faint|p2a: Centiskorch
|
|upkeep
|
|switch|p2a: Toxtricity|Toxtricity-Low-Key, F|46/100
|-damage|p2a: Toxtricity|34/100|[from] Stealth Rock
|turn|32
|
|move|p1a: Conkeldurr|Mach Punch|p2a: Toxtricity
|-resisted|p2a: Toxtricity
|-damage|p2a: Toxtricity|14/100
|move|p2a: Toxtricity|Overdrive|p1a: Conkeldurr
|-damage|p1a: Conkeldurr|0 fnt
|faint|p1a: Conkeldurr
|
|upkeep
|
|switch|p1a: Dragapult|Dragapult, F|65/100
|turn|33
|
|move|p1a: Dragapult|Shadow Ball|p2a: Toxtricity
|-damage|p2a: Toxtricity|0 fnt
|faint|p2a: Toxtricity
|
|upkeep
|
|switch|p2a: Flapple|Flapple, F|77/100
|-damage|p2a: Flapple|65/100|[from] Stealth Rock
|turn|34
|c|☆UberPyro5|gg
|
|move|p1a: Dragapult|Shadow Ball|p2a: Flapple
|-damage|p2a: Flapple|0 fnt
|faint|p2a: Flapple
|
|win|UberPyro5
|raw|UberPyro5's rating: 1113 → 1140(+27 for winning)
|raw|GuiGCSR's rating: 1138 → 1112(-26 for losing)
|l|☆GuiGCSR
