|ScrapeTime|2020-01-03-00:36:31
|j|☆loyado
|j|☆Maitresse May
|player|p1|loyado|1|
|player|p2|Maitresse May|cynthia|
|teamsize|p1|6
|teamsize|p2|6
|gametype|singles
|gen|8
|tier|[Gen 8] OU
|rule|Sleep Clause Mod: Limit one foe put to sleep
|rule|Species Clause: Limit one of each Pokémon
|rule|OHKO Clause: OHKO moves are banned
|rule|Evasion Moves Clause: Evasion moves are banned
|rule|Endless Battle Clause: Forcing endless battles is banned
|rule|HP Percentage Mod: HP is shown in percentages
|clearpoke
|poke|p1|Torkoal, M|
|poke|p1|Rotom-Heat|
|poke|p1|Cinderace, F|
|poke|p1|Ditto|
|poke|p1|Dragapult, M|
|poke|p1|Dugtrio, F|
|poke|p2|Milotic, F|
|poke|p2|Corsola-Galar, F|
|poke|p2|Dragapult, M|
|poke|p2|Bisharp, F|
|poke|p2|Togekiss, F|
|poke|p2|Toxapex, F|
|rule|Dynamax Clause: You cannot dynamax
|teampreview
|c|☆loyado|salut
|inactive|Battle timer is ON: inactive players will automatically lose when time's up. (requested by loyado)
|
|start
|switch|p1a: le volcan|Torkoal, M, shiny|100/100
|switch|p2a: concombre de mer|Corsola-Galar, F, shiny|100/100
|-weather|SunnyDay|[from] ability: Drought|[of] p1a: le volcan
|turn|1
|
|move|p2a: concombre de mer|Stealth Rock|p1a: le volcan
|-sidestart|p1: loyado|move: Stealth Rock
|move|p1a: le volcan|Stealth Rock|p2a: concombre de mer
|-sidestart|p2: Maitresse May|move: Stealth Rock
|
|-weather|SunnyDay|[upkeep]
|upkeep
|turn|2
|
|move|p2a: concombre de mer|Will-O-Wisp|p1a: le volcan
|-immune|p1a: le volcan
|move|p1a: le volcan|Lava Plume|p2a: concombre de mer
|-damage|p2a: concombre de mer|77/100
|-status|p2a: concombre de mer|brn
|
|-weather|SunnyDay|[upkeep]
|-damage|p2a: concombre de mer|71/100 brn|[from] brn
|upkeep
|turn|3
|
|move|p2a: concombre de mer|Shadow Ball|p1a: le volcan
|-crit|p1a: le volcan
|-damage|p1a: le volcan|67/100
|-unboost|p1a: le volcan|spd|1
|move|p1a: le volcan|Lava Plume|p2a: concombre de mer
|-damage|p2a: concombre de mer|48/100 brn
|
|-weather|SunnyDay|[upkeep]
|-damage|p2a: concombre de mer|41/100 brn|[from] brn
|upkeep
|turn|4
|
|switch|p1a: le four|Rotom-Heat, shiny|100/100
|-damage|p1a: le four|76/100|[from] Stealth Rock
|move|p2a: concombre de mer|Strength Sap|p1a: le four
|-unboost|p1a: le four|atk|1
|-heal|p2a: concombre de mer|88/100 brn
|
|-weather|SunnyDay|[upkeep]
|-damage|p2a: concombre de mer|82/100 brn|[from] brn
|upkeep
|turn|5
|
|move|p1a: le four|Volt Switch|p2a: concombre de mer
|-crit|p2a: concombre de mer
|-damage|p2a: concombre de mer|50/100 brn
|-start|p1a: le four|Disable|Volt Switch|[from] ability: Cursed Body|[of] p2a: concombre de mer
|
|switch|p1a: le goal|Cinderace, F, shiny|100/100|[from]move: Volt Switch
|-damage|p1a: le goal|76/100|[from] Stealth Rock
|move|p2a: concombre de mer|Shadow Ball|p1a: le goal
|-damage|p1a: le goal|48/100
|
|-weather|SunnyDay|[upkeep]
|-damage|p2a: concombre de mer|44/100 brn|[from] brn
|upkeep
|turn|6
|
|move|p1a: le goal|Pyro Ball|p2a: concombre de mer
|-damage|p2a: concombre de mer|0 fnt
|faint|p2a: concombre de mer
|
|-weather|SunnyDay|[upkeep]
|upkeep
|
|switch|p2a: Chaude du cu|Milotic, F, shiny|100/100
|-damage|p2a: Chaude du cu|88/100|[from] Stealth Rock
|turn|7
|
|move|p1a: le goal|U-turn|p2a: Chaude du cu
|-damage|p2a: Chaude du cu|66/100
|
|switch|p1a: le four|Rotom-Heat, shiny|76/100|[from]move: U-turn
|-damage|p1a: le four|51/100|[from] Stealth Rock
|move|p2a: Chaude du cu|Scald|p1a: le four
|-supereffective|p1a: le four
|-damage|p1a: le four|15/100
|-enditem|p1a: le four|Iapapa Berry|[eat]
|-heal|p1a: le four|48/100|[from] item: Iapapa Berry
|
|-weather|SunnyDay|[upkeep]
|-heal|p2a: Chaude du cu|72/100|[from] item: Leftovers
|upkeep
|turn|8
|
|move|p2a: Chaude du cu|Protect|p2a: Chaude du cu
|-singleturn|p2a: Chaude du cu|Protect
|move|p1a: le four|Thunderbolt|p2a: Chaude du cu
|-activate|p2a: Chaude du cu|move: Protect
|
|-weather|none
|-heal|p2a: Chaude du cu|78/100|[from] item: Leftovers
|upkeep
|turn|9
|
|move|p1a: le four|Thunderbolt|p2a: Chaude du cu
|-supereffective|p2a: Chaude du cu
|-damage|p2a: Chaude du cu|24/100
|move|p2a: Chaude du cu|Scald|p1a: le four
|-supereffective|p1a: le four
|-damage|p1a: le four|0 fnt
|faint|p1a: le four
|
|-heal|p2a: Chaude du cu|30/100|[from] item: Leftovers
|upkeep
|
|switch|p1a: le volcan|Torkoal, M, shiny|67/100
|-damage|p1a: le volcan|42/100|[from] Stealth Rock
|-weather|SunnyDay|[from] ability: Drought|[of] p1a: le volcan
|turn|10
|
|move|p2a: Chaude du cu|Recover|p2a: Chaude du cu
|-heal|p2a: Chaude du cu|80/100
|move|p1a: le volcan|Will-O-Wisp|p2a: Chaude du cu
|-status|p2a: Chaude du cu|brn
|
|-weather|SunnyDay|[upkeep]
|-heal|p2a: Chaude du cu|86/100 brn|[from] item: Leftovers
|-damage|p2a: Chaude du cu|80/100 brn|[from] brn
|upkeep
|turn|11
|
|switch|p1a: le youtuber|Ditto, shiny|100/100
|-damage|p1a: le youtuber|88/100|[from] Stealth Rock
|-transform|p1a: le youtuber|p2a: Chaude du cu|[from] ability: Imposter
|move|p2a: Chaude du cu|Scald|p1a: le youtuber
|-resisted|p1a: le youtuber
|-damage|p1a: le youtuber|81/100
|
|-weather|SunnyDay|[upkeep]
|-heal|p2a: Chaude du cu|86/100 brn|[from] item: Leftovers
|-damage|p2a: Chaude du cu|80/100 brn|[from] brn
|upkeep
|turn|12
|
|move|p1a: le youtuber|Dragon Tail|p2a: Chaude du cu
|-damage|p2a: Chaude du cu|76/100 brn
|drag|p2a: Prout|Togekiss, F, shiny|100/100
|-damage|p2a: Prout|76/100|[from] Stealth Rock
|
|-weather|SunnyDay|[upkeep]
|-heal|p2a: Prout|82/100|[from] item: Leftovers
|upkeep
|turn|13
|
|move|p2a: Prout|Air Slash|p1a: le youtuber
|-damage|p1a: le youtuber|41/100
|move|p1a: le youtuber|Dragon Tail|p2a: Prout
|-immune|p2a: Prout
|
|-weather|SunnyDay|[upkeep]
|-heal|p2a: Prout|88/100|[from] item: Leftovers
|upkeep
|turn|14
|
|switch|p1a: la pute|Dugtrio, F, shiny|100/100
|-damage|p1a: la pute|94/100|[from] Stealth Rock
|move|p2a: Prout|Air Slash|p1a: la pute
|-damage|p1a: la pute|20/100
|
|-weather|SunnyDay|[upkeep]
|-heal|p2a: Prout|94/100|[from] item: Leftovers
|upkeep
|turn|15
|
|move|p1a: la pute|Stone Edge|p2a: Prout
|-supereffective|p2a: Prout
|-damage|p2a: Prout|24/100
|move|p2a: Prout|Aura Sphere|p1a: la pute
|-damage|p1a: la pute|0 fnt
|faint|p1a: la pute
|
|-weather|SunnyDay|[upkeep]
|-heal|p2a: Prout|30/100|[from] item: Leftovers
|upkeep
|inactive|loyado has 270 seconds left.
|
|switch|p1a: le pokemon|Dragapult, M, shiny|100/100
|-damage|p1a: le pokemon|88/100|[from] Stealth Rock
|turn|16
|
|move|p1a: le pokemon|Thunderbolt|p2a: Prout
|-supereffective|p2a: Prout
|-crit|p2a: Prout
|-damage|p2a: Prout|0 fnt
|faint|p2a: Prout
|
|-weather|SunnyDay|[upkeep]
|upkeep
|
|switch|p2a: je suis chiant|Toxapex, F, shiny|100/100
|-damage|p2a: je suis chiant|88/100|[from] Stealth Rock
|turn|17
|
|move|p1a: le pokemon|Thunderbolt|p2a: je suis chiant
|-supereffective|p2a: je suis chiant
|-damage|p2a: je suis chiant|23/100
|move|p2a: je suis chiant|Scald|p1a: le pokemon
|-resisted|p1a: le pokemon
|-damage|p1a: le pokemon|83/100
|
|-weather|none
|-heal|p2a: je suis chiant|29/100|[from] item: Black Sludge
|upkeep
|turn|18
|
|move|p2a: je suis chiant|Baneful Bunker|p2a: je suis chiant
|-singleturn|p2a: je suis chiant|move: Protect
|move|p1a: le pokemon|Thunderbolt|p2a: je suis chiant
|-activate|p2a: je suis chiant|move: Protect
|
|-heal|p2a: je suis chiant|35/100|[from] item: Black Sludge
|upkeep
|turn|19
|
|move|p2a: je suis chiant|Baneful Bunker||[still]
|-fail|p2a: je suis chiant
|move|p1a: le pokemon|Thunderbolt|p2a: je suis chiant
|-supereffective|p2a: je suis chiant
|-damage|p2a: je suis chiant|0 fnt
|faint|p2a: je suis chiant
|
|upkeep
|
|switch|p2a: Dragon moche|Dragapult, M, shiny|100/100
|-damage|p2a: Dragon moche|88/100|[from] Stealth Rock
|turn|20
|
|switch|p1a: le volcan|Torkoal, M, shiny|42/100
|-damage|p1a: le volcan|18/100|[from] Stealth Rock
|-weather|SunnyDay|[from] ability: Drought|[of] p1a: le volcan
|move|p2a: Dragon moche|Dragon Darts|p1a: le volcan
|-damage|p1a: le volcan|0 fnt
|-hitcount|p1a: le volcan|1
|-damage|p2a: Dragon moche|78/100|[from] item: Life Orb
|faint|p1a: le volcan
|
|-weather|SunnyDay|[upkeep]
|upkeep
|
|switch|p1a: le goal|Cinderace, F, shiny|48/100
|-damage|p1a: le goal|23/100|[from] Stealth Rock
|turn|21
|
|move|p1a: le goal|Sucker Punch|p2a: Dragon moche
|-supereffective|p2a: Dragon moche
|-damage|p2a: Dragon moche|2/100
|move|p2a: Dragon moche|Phantom Force||[still]
|-prepare|p2a: Dragon moche|Phantom Force|p1a: le goal
|
|-weather|SunnyDay|[upkeep]
|upkeep
|turn|22
|
|move|p2a: Dragon moche|Phantom Force|p1a: le goal|[from]lockedmove
|-damage|p1a: le goal|0 fnt
|-damage|p2a: Dragon moche|0 fnt|[from] item: Life Orb
|faint|p1a: le goal
|faint|p2a: Dragon moche
|
|-weather|SunnyDay|[upkeep]
|upkeep
|
|switch|p2a: Bonjour|Bisharp, F, shiny|100/100
|switch|p1a: le pokemon|Dragapult, M, shiny|83/100
|-damage|p1a: le pokemon|71/100|[from] Stealth Rock
|-damage|p2a: Bonjour|95/100|[from] Stealth Rock
|turn|23
|
|move|p2a: Bonjour|Sucker Punch|p1a: le pokemon
|-supereffective|p1a: le pokemon
|-damage|p1a: le pokemon|0 fnt
|faint|p1a: le pokemon
|
|-weather|SunnyDay|[upkeep]
|upkeep
|
|switch|p1a: le youtuber|Ditto, shiny|41/100
|-damage|p1a: le youtuber|29/100|[from] Stealth Rock
|-transform|p1a: le youtuber|p2a: Bonjour|[from] ability: Imposter
|turn|24
|
|move|p1a: le youtuber|Sucker Punch|p2a: Bonjour
|-resisted|p2a: Bonjour
|-damage|p2a: Bonjour|71/100
|move|p2a: Bonjour|Foul Play|p1a: le youtuber
|-resisted|p1a: le youtuber
|-damage|p1a: le youtuber|0 fnt
|faint|p1a: le youtuber
|
|win|Maitresse May
