|ScrapeTime|2020-01-03-00:46:45
|j|☆Gotrix
|j|☆FrostByte616
|player|p1|Gotrix|170|
|player|p2|FrostByte616|drayden|
|teamsize|p1|6
|teamsize|p2|6
|gametype|singles
|gen|8
|tier|[Gen 8] OU
|rule|Sleep Clause Mod: Limit one foe put to sleep
|rule|Species Clause: Limit one of each Pokémon
|rule|OHKO Clause: OHKO moves are banned
|rule|Evasion Moves Clause: Evasion moves are banned
|rule|Endless Battle Clause: Forcing endless battles is banned
|rule|HP Percentage Mod: HP is shown in percentages
|clearpoke
|poke|p1|Frosmoth, M|
|poke|p1|Ferrothorn, F|
|poke|p1|Avalugg, M|
|poke|p1|Rotom-Wash|
|poke|p1|Grimmsnarl, M|
|poke|p1|Hatterene, F|
|poke|p2|Mew|
|poke|p2|Hatterene, F|
|poke|p2|Indeedee, M|
|poke|p2|Rapidash-Galar, F|
|poke|p2|Bronzong|
|poke|p2|Xatu, M|
|rule|Dynamax Clause: You cannot dynamax
|teampreview
|
|start
|switch|p1a: Rotom|Rotom-Wash|100/100
|switch|p2a: Mew|Mew|100/100
|turn|1
|
|move|p2a: Mew|Taunt|p1a: Rotom
|-start|p1a: Rotom|move: Taunt
|move|p1a: Rotom|Volt Switch|p2a: Mew
|-damage|p2a: Mew|71/100
|-enditem|p2a: Mew|Red Card|[of] p1a: Rotom
|drag|p1a: Hatterene|Hatterene, F|100/100
|
|upkeep
|turn|2
|
|move|p2a: Mew|Spikes|p1a: Hatterene
|move|p1a: Hatterene|Spikes|p2a: Mew|[from]Magic Bounce
|-sidestart|p2: FrostByte616|Spikes
|move|p1a: Hatterene|Dazzling Gleam|p2a: Mew
|-damage|p2a: Mew|20/100
|
|upkeep
|turn|3
|c|☆FrostByte616|i'm a dumbass
|c|☆FrostByte616|forgot about the magic bounce xD
|
|move|p2a: Mew|Leech Life|p1a: Hatterene
|-damage|p1a: Hatterene|78/100
|-heal|p2a: Mew|28/100|[from] drain|[of] p1a: Hatterene
|move|p1a: Hatterene|Dazzling Gleam|p2a: Mew
|-damage|p2a: Mew|0 fnt
|faint|p2a: Mew
|
|upkeep
|
|switch|p2a: Bronzong|Bronzong, shiny|100/100
|turn|4
|
|move|p1a: Hatterene|Life Dew|p1a: Hatterene
|-heal|p1a: Hatterene|100/100
|move|p2a: Bronzong|Body Press|p1a: Hatterene
|-resisted|p1a: Hatterene
|-damage|p1a: Hatterene|93/100
|
|upkeep
|turn|5
|
|switch|p1a: Rotom|Rotom-Wash|100/100
|move|p2a: Bronzong|Gyro Ball|p1a: Rotom
|-resisted|p1a: Rotom
|-damage|p1a: Rotom|93/100
|
|-heal|p1a: Rotom|99/100|[from] item: Leftovers
|upkeep
|turn|6
|
|move|p1a: Rotom|Thunderbolt|p2a: Bronzong
|-damage|p2a: Bronzong|63/100
|move|p2a: Bronzong|Stealth Rock|p1a: Rotom
|-sidestart|p1: Gotrix|move: Stealth Rock
|
|-heal|p1a: Rotom|100/100|[from] item: Leftovers
|upkeep
|turn|7
|
|move|p2a: Bronzong|Protect|p2a: Bronzong
|-singleturn|p2a: Bronzong|Protect
|move|p1a: Rotom|Thunderbolt|p2a: Bronzong
|-activate|p2a: Bronzong|move: Protect
|
|upkeep
|turn|8
|
|move|p1a: Rotom|Thunderbolt|p2a: Bronzong
|-damage|p2a: Bronzong|21/100
|move|p2a: Bronzong|Body Press|p1a: Rotom
|-damage|p1a: Rotom|60/100
|
|-heal|p1a: Rotom|67/100|[from] item: Leftovers
|upkeep
|turn|9
|
|move|p2a: Bronzong|Protect|p2a: Bronzong
|-singleturn|p2a: Bronzong|Protect
|move|p1a: Rotom|Volt Switch|p2a: Bronzong
|-activate|p2a: Bronzong|move: Protect
|
|-heal|p1a: Rotom|73/100|[from] item: Leftovers
|upkeep
|turn|10
|
|move|p1a: Rotom|Thunderbolt|p2a: Bronzong
|-damage|p2a: Bronzong|0 fnt
|faint|p2a: Bronzong
|
|-heal|p1a: Rotom|79/100|[from] item: Leftovers
|upkeep
|
|switch|p2a: Indeedee|Indeedee, M, shiny|100/100
|-damage|p2a: Indeedee|88/100|[from] Spikes
|-fieldstart|move: Psychic Terrain|[from] ability: Psychic Surge|[of] p2a: Indeedee
|turn|11
|
|move|p2a: Indeedee|Energy Ball|p1a: Rotom
|-supereffective|p1a: Rotom
|-damage|p1a: Rotom|0 fnt
|faint|p1a: Rotom
|
|upkeep
|
|switch|p1a: Frosmoth|Frosmoth, M|100/100
|-damage|p1a: Frosmoth|51/100|[from] Stealth Rock
|turn|12
|
|switch|p2a: Xatu|Xatu, M|100/100
|move|p1a: Frosmoth|Ice Beam|p2a: Xatu
|-supereffective|p2a: Xatu
|-damage|p2a: Xatu|0 fnt
|faint|p2a: Xatu
|
|upkeep
|c|☆FrostByte616|oof
|
|switch|p2a: Indeedee|Indeedee, M, shiny|88/100
|-damage|p2a: Indeedee|76/100|[from] Spikes
|turn|13
|
|move|p2a: Indeedee|Mystical Fire|p1a: Frosmoth
|-supereffective|p1a: Frosmoth
|-damage|p1a: Frosmoth|0 fnt
|faint|p1a: Frosmoth
|
|upkeep
|
|switch|p1a: Grimmsnarl|Grimmsnarl, M|100/100
|-damage|p1a: Grimmsnarl|88/100|[from] Stealth Rock
|turn|14
|
|switch|p2a: Rapidash|Rapidash-Galar, F, shiny|100/100
|-damage|p2a: Rapidash|88/100|[from] Spikes
|move|p1a: Grimmsnarl|Sucker Punch||[still]
|-fail|p1a: Grimmsnarl
|
|upkeep
|turn|15
|
|switch|p1a: Ferrothorn|Ferrothorn, F|100/100
|-damage|p1a: Ferrothorn|94/100|[from] Stealth Rock
|move|p2a: Rapidash|Swords Dance|p2a: Rapidash
|-boost|p2a: Rapidash|atk|2
|
|-fieldend|move: Psychic Terrain
|upkeep
|turn|16
|
|move|p2a: Rapidash|Drill Run|p1a: Ferrothorn
|-damage|p1a: Ferrothorn|58/100
|-damage|p2a: Rapidash|76/100|[from] ability: Iron Barbs|[of] p1a: Ferrothorn
|move|p1a: Ferrothorn|Gyro Ball|p2a: Rapidash
|-supereffective|p2a: Rapidash
|-damage|p2a: Rapidash|0 fnt
|faint|p2a: Rapidash
|
|upkeep
|
|switch|p2a: Hatterene|Hatterene, F, shiny|100/100
|-damage|p2a: Hatterene|88/100|[from] Spikes
|turn|17
|
|move|p2a: Hatterene|Mystical Fire|p1a: Ferrothorn
|-supereffective|p1a: Ferrothorn
|-damage|p1a: Ferrothorn|0 fnt
|faint|p1a: Ferrothorn
|
|upkeep
|
|switch|p1a: Hatterene|Hatterene, F|93/100
|-damage|p1a: Hatterene|81/100|[from] Stealth Rock
|turn|18
|
|switch|p2a: Indeedee|Indeedee, M, shiny|76/100
|-damage|p2a: Indeedee|64/100|[from] Spikes
|-fieldstart|move: Psychic Terrain|[from] ability: Psychic Surge|[of] p2a: Indeedee
|move|p1a: Hatterene|Dazzling Gleam|p2a: Indeedee
|-damage|p2a: Indeedee|0 fnt
|faint|p2a: Indeedee
|
|upkeep
|
|switch|p2a: Hatterene|Hatterene, F, shiny|88/100
|-damage|p2a: Hatterene|76/100|[from] Spikes
|turn|19
|
|move|p1a: Hatterene|Dazzling Gleam|p2a: Hatterene
|-damage|p2a: Hatterene|21/100
|move|p2a: Hatterene|Dazzling Gleam|p1a: Hatterene
|-crit|p1a: Hatterene
|-damage|p1a: Hatterene|0 fnt
|faint|p1a: Hatterene
|
|upkeep
|
|switch|p1a: Grimmsnarl|Grimmsnarl, M|88/100
|-damage|p1a: Grimmsnarl|76/100|[from] Stealth Rock
|turn|20
|
|move|p1a: Grimmsnarl|Sucker Punch|p2a: Hatterene
|-activate|p2a: Hatterene|move: Psychic Terrain
|move|p2a: Hatterene|Dazzling Gleam|p1a: Grimmsnarl
|-supereffective|p1a: Grimmsnarl
|-damage|p1a: Grimmsnarl|0 fnt
|faint|p1a: Grimmsnarl
|
|upkeep
|
|switch|p1a: Avalugg|Avalugg, M|100/100
|-damage|p1a: Avalugg|76/100|[from] Stealth Rock
|-item|p1a: Avalugg|Air Balloon
|turn|21
|
|move|p2a: Hatterene|Dazzling Gleam|p1a: Avalugg
|-damage|p1a: Avalugg|0 fnt
|-enditem|p1a: Avalugg|Air Balloon
|faint|p1a: Avalugg
|
|win|FrostByte616
