|ScrapeTime|2020-01-01-10:55:07
|j|☆uriah.urgelia1999
|j|☆nmb46
|player|p1|uriah.urgelia1999|265|1340
|player|p2|nmb46|pokekid|1305
|teamsize|p1|6
|teamsize|p2|6
|gametype|singles
|gen|8
|tier|[Gen 8] OU
|rated|
|rule|Sleep Clause Mod: Limit one foe put to sleep
|rule|Species Clause: Limit one of each Pokémon
|rule|OHKO Clause: OHKO moves are banned
|rule|Evasion Moves Clause: Evasion moves are banned
|rule|Endless Battle Clause: Forcing endless battles is banned
|rule|HP Percentage Mod: HP is shown in percentages
|clearpoke
|poke|p1|Clefable, M|
|poke|p1|Sigilyph, F|
|poke|p1|Boltund, F|
|poke|p1|Dragapult, F|
|poke|p1|Gastrodon, M|
|poke|p1|Ferrothorn, F|
|poke|p2|Clefable, F|
|poke|p2|Kommo-o, M|
|poke|p2|Corsola-Galar, M|
|poke|p2|Chandelure, M|
|poke|p2|Bisharp, F|
|poke|p2|Gyarados, F|
|rule|Dynamax Clause: You cannot dynamax
|teampreview
|inactive|Battle timer is ON: inactive players will automatically lose when time's up. (requested by nmb46)
|
|start
|switch|p1a: Gastrodon|Gastrodon, M|100/100
|switch|p2a: Kommo-o|Kommo-o, M|100/100
|turn|1
|
|switch|p2a: Clefable|Clefable, F|100/100
|move|p1a: Gastrodon|Clear Smog|p2a: Clefable
|-supereffective|p2a: Clefable
|-damage|p2a: Clefable|83/100
|-clearboost|p2a: Clefable
|
|-heal|p2a: Clefable|89/100|[from] item: Leftovers
|upkeep
|turn|2
|
|switch|p1a: Clefable|Clefable, M|100/100
|move|p2a: Clefable|Calm Mind|p2a: Clefable
|-boost|p2a: Clefable|spa|1
|-boost|p2a: Clefable|spd|1
|
|-heal|p2a: Clefable|95/100|[from] item: Leftovers
|upkeep
|turn|3
|
|move|p1a: Clefable|Wish|p1a: Clefable
|move|p2a: Clefable|Moonblast|p1a: Clefable
|-damage|p1a: Clefable|57/100
|-unboost|p1a: Clefable|spa|1
|
|-heal|p2a: Clefable|100/100|[from] item: Leftovers
|upkeep
|turn|4
|
|switch|p1a: Gastrodon|Gastrodon, M|100/100
|switch|p2a: Bisharp|Bisharp, F|100/100
|
|upkeep
|turn|5
|
|switch|p2a: Gyarados|Gyarados, F|100/100
|-ability|p2a: Gyarados|Intimidate|boost
|-unboost|p1a: Gastrodon|atk|1
|move|p1a: Gastrodon|Earth Power|p2a: Gyarados
|-immune|p2a: Gyarados
|
|upkeep
|turn|6
|
|switch|p2a: Clefable|Clefable, F|100/100
|switch|p1a: Ferrothorn|Ferrothorn, F|100/100
|
|upkeep
|turn|7
|
|switch|p1a: Boltund|Boltund, F|100/100
|move|p2a: Clefable|Wish|p2a: Clefable
|
|upkeep
|turn|8
|
|switch|p2a: Kommo-o|Kommo-o, M|100/100
|move|p1a: Boltund|Nuzzle|p2a: Kommo-o
|-resisted|p2a: Kommo-o
|-damage|p2a: Kommo-o|97/100
|-status|p2a: Kommo-o|par
|
|-heal|p2a: Kommo-o|100/100 par|[from] move: Wish|[wisher] Clefable
|upkeep
|turn|9
|
|move|p1a: Boltund|Volt Switch|p2a: Kommo-o
|-resisted|p2a: Kommo-o
|-damage|p2a: Kommo-o|88/100 par
|
|switch|p1a: Gastrodon|Gastrodon, M|100/100|[from]move: Volt Switch
|move|p2a: Kommo-o|Clanging Scales|p1a: Gastrodon
|-damage|p1a: Gastrodon|63/100
|-unboost|p2a: Kommo-o|def|1
|-damage|p2a: Kommo-o|79/100 par|[from] item: Life Orb
|
|-heal|p1a: Gastrodon|69/100|[from] item: Leftovers
|upkeep
|turn|10
|
|switch|p2a: Corsola|Corsola-Galar, M|100/100
|move|p1a: Gastrodon|Recover|p1a: Gastrodon
|-heal|p1a: Gastrodon|100/100
|
|upkeep
|turn|11
|
|switch|p1a: Sigilyph|Sigilyph, F|100/100
|move|p2a: Corsola|Stealth Rock|p1a: Sigilyph
|-sidestart|p1: uriah.urgelia1999|move: Stealth Rock
|
|upkeep
|turn|12
|
|switch|p2a: Bisharp|Bisharp, F|100/100
|move|p1a: Sigilyph|Shadow Ball|p2a: Bisharp
|-resisted|p2a: Bisharp
|-damage|p2a: Bisharp|74/100
|
|upkeep
|turn|13
|
|switch|p1a: Ferrothorn|Ferrothorn, F|100/100
|-damage|p1a: Ferrothorn|94/100|[from] Stealth Rock
|move|p2a: Bisharp|Swords Dance|p2a: Bisharp
|-boost|p2a: Bisharp|atk|2
|
|upkeep
|turn|14
|
|move|p2a: Bisharp|Throat Chop|p1a: Ferrothorn
|-damage|p1a: Ferrothorn|37/100
|-damage|p2a: Bisharp|62/100|[from] ability: Iron Barbs|[of] p1a: Ferrothorn
|-damage|p2a: Bisharp|46/100|[from] item: Rocky Helmet|[of] p1a: Ferrothorn
|-start|p1a: Ferrothorn|Throat Chop|[silent]
|-damage|p2a: Bisharp|36/100|[from] item: Life Orb
|move|p1a: Ferrothorn|Body Press|p2a: Bisharp
|-supereffective|p2a: Bisharp
|-damage|p2a: Bisharp|0 fnt
|faint|p2a: Bisharp
|
|upkeep
|
|switch|p2a: Chandelure|Chandelure, M|100/100
|turn|15
|
|switch|p1a: Gastrodon|Gastrodon, M|100/100
|-damage|p1a: Gastrodon|94/100|[from] Stealth Rock
|move|p2a: Chandelure|Shadow Ball|p1a: Gastrodon
|-damage|p1a: Gastrodon|64/100
|
|-heal|p1a: Gastrodon|70/100|[from] item: Leftovers
|upkeep
|turn|16
|
|switch|p2a: Corsola|Corsola-Galar, M|100/100
|move|p1a: Gastrodon|Scald|p2a: Corsola
|-damage|p2a: Corsola|83/100
|-start|p1a: Gastrodon|Disable|Scald|[from] ability: Cursed Body|[of] p2a: Corsola
|
|-heal|p1a: Gastrodon|76/100|[from] item: Leftovers
|upkeep
|turn|17
|
|switch|p1a: Clefable|Clefable, M|57/100
|switch|p2a: Kommo-o|Kommo-o, M|79/100 par
|
|upkeep
|turn|18
|inactive|nmb46 has 120 seconds left.
|
|switch|p2a: Chandelure|Chandelure, M|100/100
|move|p1a: Clefable|Wish|p1a: Clefable
|
|upkeep
|turn|19
|
|switch|p1a: Gastrodon|Gastrodon, M|76/100
|-damage|p1a: Gastrodon|70/100|[from] Stealth Rock
|move|p2a: Chandelure|Energy Ball|p1a: Gastrodon
|-supereffective|p1a: Gastrodon
|-damage|p1a: Gastrodon|0 fnt
|faint|p1a: Gastrodon
|
|upkeep
|
|switch|p1a: Ferrothorn|Ferrothorn, F|37/100
|-damage|p1a: Ferrothorn|31/100|[from] Stealth Rock
|turn|20
|
|switch|p2a: Clefable|Clefable, F|100/100
|move|p1a: Ferrothorn|Stealth Rock|p2a: Clefable
|-sidestart|p2: nmb46|move: Stealth Rock
|
|upkeep
|turn|21
|
|move|p2a: Clefable|Wish|p2a: Clefable
|move|p1a: Ferrothorn|Power Whip|p2a: Clefable
|-damage|p2a: Clefable|67/100
|
|-heal|p2a: Clefable|73/100|[from] item: Leftovers
|upkeep
|turn|22
|
|switch|p1a: Clefable|Clefable, M|57/100
|move|p2a: Clefable|Calm Mind|p2a: Clefable
|-boost|p2a: Clefable|spa|1
|-boost|p2a: Clefable|spd|1
|
|-heal|p2a: Clefable|100/100|[from] move: Wish|[wisher] Clefable
|upkeep
|turn|23
|
|move|p1a: Clefable|Wish|p1a: Clefable
|move|p2a: Clefable|Calm Mind|p2a: Clefable
|-boost|p2a: Clefable|spa|1
|-boost|p2a: Clefable|spd|1
|
|upkeep
|turn|24
|
|move|p1a: Clefable|Moonblast|p2a: Clefable
|-damage|p2a: Clefable|79/100
|-unboost|p2a: Clefable|spa|1
|move|p2a: Clefable|Moonblast|p1a: Clefable
|-damage|p1a: Clefable|10/100
|-unboost|p1a: Clefable|spa|1
|
|-heal|p1a: Clefable|60/100|[from] move: Wish|[wisher] Clefable
|-heal|p2a: Clefable|86/100|[from] item: Leftovers
|upkeep
|turn|25
|
|switch|p1a: Boltund|Boltund, F|100/100
|move|p2a: Clefable|Calm Mind|p2a: Clefable
|-boost|p2a: Clefable|spa|1
|-boost|p2a: Clefable|spd|1
|
|-heal|p2a: Clefable|92/100|[from] item: Leftovers
|upkeep
|turn|26
|
|move|p2a: Clefable|Protect|p2a: Clefable
|-singleturn|p2a: Clefable|Protect
|move|p1a: Boltund|Nuzzle|p2a: Clefable
|-activate|p2a: Clefable|move: Protect
|
|-heal|p2a: Clefable|98/100|[from] item: Leftovers
|upkeep
|turn|27
|
|move|p1a: Boltund|Nuzzle|p2a: Clefable
|-damage|p2a: Clefable|90/100
|-status|p2a: Clefable|par
|move|p2a: Clefable|Moonblast|p1a: Boltund
|-damage|p1a: Boltund|0 fnt
|faint|p1a: Boltund
|
|-heal|p2a: Clefable|96/100 par|[from] item: Leftovers
|upkeep
|
|switch|p1a: Sigilyph|Sigilyph, F|100/100
|turn|28
|
|move|p1a: Sigilyph|Psyshock|p2a: Clefable
|-damage|p2a: Clefable|47/100 par
|cant|p2a: Clefable|par
|
|-heal|p2a: Clefable|54/100 par|[from] item: Leftovers
|upkeep
|turn|29
|
|cant|p2a: Clefable|par
|move|p1a: Sigilyph|Psyshock|p2a: Clefable
|-damage|p2a: Clefable|5/100 par
|
|-heal|p2a: Clefable|11/100 par|[from] item: Leftovers
|upkeep
|turn|30
|
|move|p2a: Clefable|Protect|p2a: Clefable
|-singleturn|p2a: Clefable|Protect
|move|p1a: Sigilyph|Psyshock|p2a: Clefable
|-activate|p2a: Clefable|move: Protect
|
|-heal|p2a: Clefable|17/100 par|[from] item: Leftovers
|upkeep
|turn|31
|
|move|p1a: Sigilyph|Psyshock|p2a: Clefable
|-damage|p2a: Clefable|0 fnt
|faint|p2a: Clefable
|
|upkeep
|
|switch|p2a: Chandelure|Chandelure, M|100/100
|-damage|p2a: Chandelure|76/100|[from] Stealth Rock
|turn|32
|
|switch|p1a: Ferrothorn|Ferrothorn, F|31/100
|-damage|p1a: Ferrothorn|25/100|[from] Stealth Rock
|move|p2a: Chandelure|Shadow Ball|p1a: Ferrothorn
|-crit|p1a: Ferrothorn
|-damage|p1a: Ferrothorn|0 fnt
|faint|p1a: Ferrothorn
|
|upkeep
|
|switch|p1a: Dragapult|Dragapult, F|100/100
|-damage|p1a: Dragapult|88/100|[from] Stealth Rock
|turn|33
|
|move|p1a: Dragapult|Phantom Force||[still]
|-prepare|p1a: Dragapult|Phantom Force|p2a: Chandelure
|move|p2a: Chandelure|Shadow Ball|p1a: Dragapult|[miss]
|-miss|p2a: Chandelure|p1a: Dragapult
|
|upkeep
|turn|34
|
|switch|p2a: Gyarados|Gyarados, F|100/100
|-damage|p2a: Gyarados|76/100|[from] Stealth Rock
|-ability|p2a: Gyarados|Intimidate|boost
|-unboost|p1a: Dragapult|atk|1
|move|p1a: Dragapult|Phantom Force|p2a: Gyarados|[from]lockedmove
|-damage|p2a: Gyarados|51/100
|
|-heal|p2a: Gyarados|57/100|[from] item: Leftovers
|upkeep
|turn|35
|
|move|p1a: Dragapult|Phantom Force||[still]
|-prepare|p1a: Dragapult|Phantom Force|p2a: Gyarados
|move|p2a: Gyarados|Thunder Wave|p1a: Dragapult|[miss]
|-miss|p2a: Gyarados|p1a: Dragapult
|
|-heal|p2a: Gyarados|63/100|[from] item: Leftovers
|upkeep
|turn|36
|
|move|p1a: Dragapult|Phantom Force|p2a: Gyarados|[from]lockedmove
|-damage|p2a: Gyarados|37/100
|move|p2a: Gyarados|Thunder Wave|p1a: Dragapult
|-status|p1a: Dragapult|par
|
|-heal|p2a: Gyarados|43/100|[from] item: Leftovers
|upkeep
|turn|37
|
|switch|p1a: Sigilyph|Sigilyph, F|100/100
|move|p2a: Gyarados|Waterfall|p1a: Sigilyph
|-damage|p1a: Sigilyph|53/100
|
|-heal|p2a: Gyarados|49/100|[from] item: Leftovers
|upkeep
|turn|38
|
|switch|p2a: Kommo-o|Kommo-o, M|79/100 par
|-damage|p2a: Kommo-o|72/100 par|[from] Stealth Rock
|move|p1a: Sigilyph|Psyshock|p2a: Kommo-o
|-supereffective|p2a: Kommo-o
|-damage|p2a: Kommo-o|0 fnt
|faint|p2a: Kommo-o
|
|upkeep
|
|switch|p2a: Chandelure|Chandelure, M|76/100
|-damage|p2a: Chandelure|51/100|[from] Stealth Rock
|turn|39
|
|switch|p1a: Clefable|Clefable, M|60/100
|move|p2a: Chandelure|Shadow Ball|p1a: Clefable
|-damage|p1a: Clefable|12/100
|
|upkeep
|turn|40
|
|move|p2a: Chandelure|Shadow Ball|p1a: Clefable
|-damage|p1a: Clefable|0 fnt
|faint|p1a: Clefable
|
|upkeep
|
|switch|p1a: Dragapult|Dragapult, F|88/100 par
|-damage|p1a: Dragapult|76/100 par|[from] Stealth Rock
|turn|41
|
|move|p2a: Chandelure|Shadow Ball|p1a: Dragapult
|-supereffective|p1a: Dragapult
|-damage|p1a: Dragapult|0 fnt
|faint|p1a: Dragapult
|
|upkeep
|
|switch|p1a: Sigilyph|Sigilyph, F|53/100
|turn|42
|
|move|p2a: Chandelure|Shadow Ball|p1a: Sigilyph
|-supereffective|p1a: Sigilyph
|-damage|p1a: Sigilyph|0 fnt
|faint|p1a: Sigilyph
|
|win|nmb46
|raw|uriah.urgelia1999's rating: 1340 → 1318(-22 for losing)
|raw|nmb46's rating: 1305 → 1327(+22 for winning)
