|ScrapeTime|2020-01-02-00:19:05
|j|☆fooddoko
|j|☆DOM3NICO3
|player|p1|fooddoko|101|1798
|player|p2|DOM3NICO3|92|1734
|teamsize|p1|6
|teamsize|p2|6
|gametype|singles
|gen|8
|tier|[Gen 8] OU
|rated|
|rule|Sleep Clause Mod: Limit one foe put to sleep
|rule|Species Clause: Limit one of each Pokémon
|rule|OHKO Clause: OHKO moves are banned
|rule|Evasion Moves Clause: Evasion moves are banned
|rule|Endless Battle Clause: Forcing endless battles is banned
|rule|HP Percentage Mod: HP is shown in percentages
|clearpoke
|poke|p1|Obstagoon, F|
|poke|p1|Seismitoad, F|
|poke|p1|Aegislash, M|
|poke|p1|Mamoswine, F|
|poke|p1|Cinderace, M|
|poke|p1|Dragapult, F|
|poke|p2|Araquanid, M|
|poke|p2|Bisharp, M|
|poke|p2|Aegislash, M|
|poke|p2|Excadrill, M|
|poke|p2|Obstagoon, M|
|poke|p2|Conkeldurr, M|
|rule|Dynamax Clause: You cannot dynamax
|teampreview
|inactive|Battle timer is ON: inactive players will automatically lose when time's up. (requested by DOM3NICO3)
|
|start
|switch|p1a: Cinderace|Cinderace, M|100/100
|switch|p2a: Ronnie|Excadrill, M|100/100
|-ability|p2a: Ronnie|Mold Breaker
|turn|1
|
|move|p1a: Cinderace|U-turn|p2a: Ronnie
|-resisted|p2a: Ronnie
|-damage|p2a: Ronnie|83/100
|
|switch|p1a: Aegislash|Aegislash, M|100/100|[from]move: U-turn
|-item|p1a: Aegislash|Air Balloon
|move|p2a: Ronnie|Rapid Spin|p1a: Aegislash
|-immune|p1a: Aegislash
|
|upkeep
|turn|2
|
|switch|p1a: Cinderace|Cinderace, M|100/100
|move|p2a: Ronnie|Stealth Rock|p1a: Cinderace
|-sidestart|p1: fooddoko|move: Stealth Rock
|
|upkeep
|turn|3
|
|move|p1a: Cinderace|Pyro Ball|p2a: Ronnie
|-supereffective|p2a: Ronnie
|-damage|p2a: Ronnie|0 fnt
|faint|p2a: Ronnie
|
|upkeep
|
|switch|p2a: Mikey|Araquanid, M|100/100
|turn|4
|
|move|p1a: Cinderace|U-turn|p2a: Mikey
|-damage|p2a: Mikey|71/100
|
|switch|p1a: Obstagoon|Obstagoon, F|100/100|[from]move: U-turn
|-damage|p1a: Obstagoon|88/100|[from] Stealth Rock
|move|p2a: Mikey|Liquidation|p1a: Obstagoon
|-damage|p1a: Obstagoon|17/100
|
|-status|p1a: Obstagoon|brn|[from] item: Flame Orb
|upkeep
|turn|5
|j| happy sht gen
|
|move|p1a: Obstagoon|Facade|p2a: Mikey
|-crit|p2a: Mikey
|-damage|p2a: Mikey|0 fnt
|faint|p2a: Mikey
|
|-damage|p1a: Obstagoon|11/100 brn|[from] brn
|upkeep
|
|switch|p2a: Kronk|Conkeldurr, M, shiny|100/100
|turn|6
|
|switch|p1a: Aegislash|Aegislash, M|100/100
|-damage|p1a: Aegislash|94/100|[from] Stealth Rock
|-item|p1a: Aegislash|Air Balloon
|move|p2a: Kronk|Mach Punch|p1a: Aegislash
|-immune|p1a: Aegislash
|
|-status|p2a: Kronk|brn|[from] item: Flame Orb
|upkeep
|turn|7
|l| happy sht gen
|
|switch|p2a: Obi|Obstagoon, M|100/100
|-formechange|p1a: Aegislash|Aegislash-Blade||[from] ability: Stance Change
|move|p1a: Aegislash|Close Combat|p2a: Obi
|-supereffective|p2a: Obi
|-damage|p2a: Obi|0 fnt
|-unboost|p1a: Aegislash|def|1
|-unboost|p1a: Aegislash|spd|1
|faint|p2a: Obi
|
|upkeep
|
|switch|p2a: Switchblade|Bisharp, M, shiny|100/100
|turn|8
|
|move|p2a: Switchblade|Throat Chop|p1a: Aegislash
|-supereffective|p1a: Aegislash
|-damage|p1a: Aegislash|0 fnt
|-enditem|p1a: Aegislash|Air Balloon
|faint|p1a: Aegislash
|
|upkeep
|
|switch|p1a: Cinderace|Cinderace, M|100/100
|turn|9
|
|move|p1a: Cinderace|Pyro Ball|p2a: Switchblade|[miss]
|-miss|p1a: Cinderace|p2a: Switchblade
|move|p2a: Switchblade|Throat Chop|p1a: Cinderace
|-damage|p1a: Cinderace|39/100
|-start|p1a: Cinderace|Throat Chop|[silent]
|
|upkeep
|turn|10
|
|move|p2a: Switchblade|Sucker Punch||[still]
|-fail|p2a: Switchblade
|move|p1a: Cinderace|Court Change|p1a: Cinderace
|-sideend|p1: fooddoko|Stealth Rock|[silent]
|-sidestart|p2: DOM3NICO3|Stealth Rock|[silent]
|-activate|p1a: Cinderace|move: Court Change
|
|-end|p1a: Cinderace|Throat Chop|[silent]
|upkeep
|turn|11
|
|move|p2a: Switchblade|Sucker Punch|p1a: Cinderace
|-damage|p1a: Cinderace|0 fnt
|faint|p1a: Cinderace
|
|upkeep
|
|switch|p1a: Mamoswine|Mamoswine, F|100/100
|turn|12
|
|switch|p2a: Edge|Aegislash, M|100/100
|-damage|p2a: Edge|94/100|[from] Stealth Rock
|move|p1a: Mamoswine|Earthquake|p2a: Edge
|-supereffective|p2a: Edge
|-damage|p2a: Edge|0 fnt
|-damage|p1a: Mamoswine|91/100|[from] item: Life Orb
|faint|p2a: Edge
|
|upkeep
|
|switch|p2a: Kronk|Conkeldurr, M, shiny|100/100 brn
|-damage|p2a: Kronk|94/100 brn|[from] Stealth Rock
|turn|13
|
|switch|p1a: Seismitoad|Seismitoad, F|100/100
|move|p2a: Kronk|Earthquake|p1a: Seismitoad
|-damage|p1a: Seismitoad|58/100
|
|-heal|p1a: Seismitoad|65/100|[from] item: Leftovers
|-damage|p2a: Kronk|88/100 brn|[from] brn
|upkeep
|turn|14
|
|move|p1a: Seismitoad|Earthquake|p2a: Kronk
|-damage|p2a: Kronk|55/100 brn
|move|p2a: Kronk|Drain Punch|p1a: Seismitoad
|-damage|p1a: Seismitoad|14/100
|-heal|p2a: Kronk|84/100 brn|[from] drain|[of] p1a: Seismitoad
|
|-heal|p1a: Seismitoad|20/100|[from] item: Leftovers
|-damage|p2a: Kronk|78/100 brn|[from] brn
|upkeep
|turn|15
|-message|DOM3NICO3 forfeited.
|
|win|fooddoko
|l|☆DOM3NICO3
|j|☆DOM3NICO3
|player|p2|DOM3NICO3|92
|l|☆DOM3NICO3
|player|p2|
|c|☆fooddoko|???
|raw|fooddoko's rating: 1798 → 1813(+15 for winning)
|raw|DOM3NICO3's rating: 1705 → 1690(-15 for losing)
|l|☆fooddoko
|j|☆fooddoko
|player|p1|fooddoko|101
