|ScrapeTime|2020-01-02-05:26:38
|j|☆seanisghey
|j|☆Captain Maybe
|player|p1|seanisghey|gardenia|1344
|player|p2|Captain Maybe|30|1298
|teamsize|p1|6
|teamsize|p2|6
|gametype|singles
|gen|8
|tier|[Gen 8] OU
|rated|
|rule|Sleep Clause Mod: Limit one foe put to sleep
|rule|Species Clause: Limit one of each Pokémon
|rule|OHKO Clause: OHKO moves are banned
|rule|Evasion Moves Clause: Evasion moves are banned
|rule|Endless Battle Clause: Forcing endless battles is banned
|rule|HP Percentage Mod: HP is shown in percentages
|clearpoke
|poke|p1|Ribombee, F|
|poke|p1|Dracozolt|
|poke|p1|Bisharp, F|
|poke|p1|Ferrothorn, F|
|poke|p1|Excadrill, F|
|poke|p1|Vaporeon, M|
|poke|p2|Hatterene, F|
|poke|p2|Dragapult, M|
|poke|p2|Seismitoad, F|
|poke|p2|Toxtricity, M|
|poke|p2|Corviknight, M|
|poke|p2|Kommo-o, M|
|rule|Dynamax Clause: You cannot dynamax
|teampreview
|inactive|Battle timer is ON: inactive players will automatically lose when time's up. (requested by seanisghey)
|
|start
|switch|p1a: Dracozolt|Dracozolt|100/100
|switch|p2a: Dragapult|Dragapult, M|100/100
|turn|1
|
|switch|p1a: Ferrothorn|Ferrothorn, F|100/100
|move|p2a: Dragapult|Draco Meteor|p1a: Ferrothorn
|-resisted|p1a: Ferrothorn
|-damage|p1a: Ferrothorn|64/100
|-unboost|p2a: Dragapult|spa|2
|
|upkeep
|turn|2
|
|switch|p2a: Hatterene|Hatterene, F|100/100
|move|p1a: Ferrothorn|Knock Off|p2a: Hatterene
|-damage|p2a: Hatterene|82/100
|-enditem|p2a: Hatterene|Leftovers|[from] move: Knock Off|[of] p1a: Ferrothorn
|
|upkeep
|turn|3
|
|switch|p1a: Vaporeon|Vaporeon, M|100/100
|move|p2a: Hatterene|Mystical Fire|p1a: Vaporeon
|-resisted|p1a: Vaporeon
|-damage|p1a: Vaporeon|92/100
|-unboost|p1a: Vaporeon|spa|1
|
|-heal|p1a: Vaporeon|98/100|[from] item: Leftovers
|upkeep
|turn|4
|
|switch|p1a: Bisharp|Bisharp, F|100/100
|move|p2a: Hatterene|Calm Mind|p2a: Hatterene
|-boost|p2a: Hatterene|spa|1
|-boost|p2a: Hatterene|spd|1
|
|upkeep
|turn|5
|
|switch|p2a: Corviknight|Corviknight, M|100/100
|-ability|p2a: Corviknight|Pressure
|move|p1a: Bisharp|Iron Head|p2a: Corviknight
|-resisted|p2a: Corviknight
|-damage|p2a: Corviknight|85/100
|
|-heal|p2a: Corviknight|91/100|[from] item: Leftovers
|upkeep
|turn|6
|
|move|p1a: Bisharp|Swords Dance|p1a: Bisharp
|-boost|p1a: Bisharp|atk|2
|move|p2a: Corviknight|Body Press|p1a: Bisharp
|-supereffective|p1a: Bisharp
|-damage|p1a: Bisharp|0 fnt
|faint|p1a: Bisharp
|
|-heal|p2a: Corviknight|97/100|[from] item: Leftovers
|upkeep
|
|switch|p1a: Dracozolt|Dracozolt|100/100
|turn|7
|
|switch|p2a: Seismitoad|Seismitoad, F, shiny|100/100
|move|p1a: Dracozolt|Dragon Claw|p2a: Seismitoad
|-damage|p2a: Seismitoad|61/100
|
|-heal|p2a: Seismitoad|67/100|[from] item: Leftovers
|upkeep
|turn|8
|
|switch|p1a: Ferrothorn|Ferrothorn, F|64/100
|move|p2a: Seismitoad|Stealth Rock|p1a: Ferrothorn
|-sidestart|p1: seanisghey|move: Stealth Rock
|
|-heal|p2a: Seismitoad|73/100|[from] item: Leftovers
|upkeep
|turn|9
|
|switch|p2a: Kommo-o|Kommo-o, M|100/100
|move|p1a: Ferrothorn|Knock Off|p2a: Kommo-o
|-resisted|p2a: Kommo-o
|-crit|p2a: Kommo-o
|-damage|p2a: Kommo-o|85/100
|-enditem|p2a: Kommo-o|Throat Spray|[from] move: Knock Off|[of] p1a: Ferrothorn
|
|upkeep
|turn|10
|
|switch|p1a: Ribombee|Ribombee, F|100/100
|-damage|p1a: Ribombee|76/100|[from] Stealth Rock
|move|p2a: Kommo-o|Clangorous Soul|p2a: Kommo-o
|-boost|p2a: Kommo-o|atk|1
|-boost|p2a: Kommo-o|def|1
|-boost|p2a: Kommo-o|spa|1
|-boost|p2a: Kommo-o|spd|1
|-boost|p2a: Kommo-o|spe|1
|-damage|p2a: Kommo-o|52/100
|
|upkeep
|turn|11
|
|move|p2a: Kommo-o|Flamethrower|p1a: Ribombee
|-supereffective|p1a: Ribombee
|-damage|p1a: Ribombee|0 fnt
|faint|p1a: Ribombee
|
|upkeep
|
|switch|p1a: Vaporeon|Vaporeon, M|98/100
|-damage|p1a: Vaporeon|86/100|[from] Stealth Rock
|turn|12
|
|move|p2a: Kommo-o|Clanging Scales|p1a: Vaporeon
|-damage|p1a: Vaporeon|31/100
|-unboost|p2a: Kommo-o|def|1
|move|p1a: Vaporeon|Ice Beam|p2a: Kommo-o
|-supereffective|p2a: Kommo-o
|-damage|p2a: Kommo-o|19/100
|
|-heal|p1a: Vaporeon|37/100|[from] item: Leftovers
|upkeep
|turn|13
|
|move|p1a: Vaporeon|Protect|p1a: Vaporeon
|-singleturn|p1a: Vaporeon|Protect
|move|p2a: Kommo-o|Clanging Scales|p1a: Vaporeon
|-activate|p1a: Vaporeon|move: Protect
|
|-heal|p1a: Vaporeon|44/100|[from] item: Leftovers
|upkeep
|turn|14
|
|move|p2a: Kommo-o|Clanging Scales|p1a: Vaporeon
|-crit|p1a: Vaporeon
|-damage|p1a: Vaporeon|0 fnt
|-unboost|p2a: Kommo-o|def|1
|faint|p1a: Vaporeon
|
|upkeep
|
|switch|p1a: Ferrothorn|Ferrothorn, F|64/100
|-damage|p1a: Ferrothorn|58/100|[from] Stealth Rock
|turn|15
|
|move|p2a: Kommo-o|Flamethrower|p1a: Ferrothorn
|-supereffective|p1a: Ferrothorn
|-damage|p1a: Ferrothorn|0 fnt
|faint|p1a: Ferrothorn
|
|upkeep
|-message|seanisghey forfeited.
|
|win|Captain Maybe
|l|☆seanisghey
|raw|seanisghey's rating: 1344 → 1321(-23 for losing)
|raw|Captain Maybe's rating: 1298 → 1327(+29 for winning)
