|ScrapeTime|2020-01-01-20:28:34
|j|☆Elijah Snow
|j|☆1% pure evil
|player|p1|Elijah Snow|nanu|1667
|player|p2|1% pure evil|anabel|1704
|teamsize|p1|6
|teamsize|p2|6
|gametype|singles
|gen|8
|tier|[Gen 8] OU
|rated|
|rule|Sleep Clause Mod: Limit one foe put to sleep
|rule|Species Clause: Limit one of each Pokémon
|rule|OHKO Clause: OHKO moves are banned
|rule|Evasion Moves Clause: Evasion moves are banned
|rule|Endless Battle Clause: Forcing endless battles is banned
|rule|HP Percentage Mod: HP is shown in percentages
|clearpoke
|poke|p1|Hydreigon, F|
|poke|p1|Corviknight, M|
|poke|p1|Toxtricity, F|
|poke|p1|Ferrothorn, M|
|poke|p1|Seismitoad, M|
|poke|p1|Rotom-Heat|
|poke|p2|Dragapult, M|
|poke|p2|Sylveon, M|
|poke|p2|Heliolisk, F|
|poke|p2|Dugtrio, M|
|poke|p2|Togekiss, F|
|poke|p2|Corviknight, M|
|rule|Dynamax Clause: You cannot dynamax
|teampreview
|
|start
|switch|p1a: Toxtricity|Toxtricity, F|100/100
|switch|p2a: Heliolisk|Heliolisk, F|100/100
|turn|1
|l|☆Elijah Snow
|player|p1|
|j|☆Elijah Snow
|player|p1|Elijah Snow|nanu
|inactive|Battle timer is ON: inactive players will automatically lose when time's up. (requested by Elijah Snow)
|j| MilkTeass
|
|switch|p2a: Sylveon|Sylveon, M|100/100
|switch|p1a: Ferrothorn|Ferrothorn, M|100/100
|
|upkeep
|turn|2
|
|move|p2a: Sylveon|Mystical Fire|p1a: Ferrothorn
|-supereffective|p1a: Ferrothorn
|-damage|p1a: Ferrothorn|33/100
|-unboost|p1a: Ferrothorn|spa|1
|move|p1a: Ferrothorn|Leech Seed|p2a: Sylveon
|-start|p2a: Sylveon|move: Leech Seed
|
|-heal|p1a: Ferrothorn|40/100|[from] item: Leftovers
|-damage|p2a: Sylveon|88/100|[from] Leech Seed|[of] p1a: Ferrothorn
|-heal|p1a: Ferrothorn|54/100|[silent]
|upkeep
|turn|3
|
|switch|p2a: cant really care|Dragapult, M|100/100
|switch|p1a: Rotom|Rotom-Heat|100/100
|
|upkeep
|turn|4
|
|move|p1a: Rotom|Volt Switch|p2a: cant really care
|-resisted|p2a: cant really care
|-damage|p2a: cant really care|81/100
|
|switch|p1a: Corviknight|Corviknight, M|100/100|[from]move: Volt Switch
|move|p2a: cant really care|Substitute|p2a: cant really care
|-start|p2a: cant really care|Substitute
|-damage|p2a: cant really care|57/100
|
|-heal|p2a: cant really care|63/100|[from] item: Leftovers
|upkeep
|turn|5
|inactive|1% pure evil has 120 seconds left.
|
|move|p2a: cant really care|Thunder Wave|p1a: Corviknight
|-status|p1a: Corviknight|par
|cant|p1a: Corviknight|par
|
|-heal|p2a: cant really care|69/100|[from] item: Leftovers
|upkeep
|turn|6
|c|☆1% pure evil|:>
|
|move|p2a: cant really care|Hex|p1a: Corviknight
|-damage|p1a: Corviknight|58/100 par
|cant|p1a: Corviknight|par
|
|-heal|p2a: cant really care|75/100|[from] item: Leftovers
|-heal|p1a: Corviknight|65/100 par|[from] item: Leftovers
|upkeep
|turn|7
|inactive|1% pure evil has 120 seconds left.
|
|move|p2a: cant really care|Hex|p1a: Corviknight
|-damage|p1a: Corviknight|23/100 par
|move|p1a: Corviknight|Roost|p1a: Corviknight
|-heal|p1a: Corviknight|73/100 par
|-singleturn|p1a: Corviknight|move: Roost
|
|-heal|p2a: cant really care|81/100|[from] item: Leftovers
|-heal|p1a: Corviknight|79/100 par|[from] item: Leftovers
|upkeep
|turn|8
|inactive|1% pure evil has 120 seconds left.
|
|switch|p1a: Rotom|Rotom-Heat|100/100
|move|p2a: cant really care|Hex|p1a: Rotom
|-damage|p1a: Rotom|65/100
|
|-heal|p2a: cant really care|87/100|[from] item: Leftovers
|upkeep
|turn|9
|
|move|p1a: Rotom|Volt Switch|p2a: cant really care
|-resisted|p2a: cant really care
|-activate|p2a: cant really care|move: Substitute|[damage]
|
|switch|p1a: Seismitoad|Seismitoad, M|100/100|[from]move: Volt Switch
|move|p2a: cant really care|Hex|p1a: Seismitoad
|-damage|p1a: Seismitoad|71/100
|
|-heal|p2a: cant really care|93/100|[from] item: Leftovers
|-heal|p1a: Seismitoad|77/100|[from] item: Leftovers
|upkeep
|turn|10
|
|move|p2a: cant really care|Hex|p1a: Seismitoad
|-damage|p1a: Seismitoad|51/100
|move|p1a: Seismitoad|Earthquake|p2a: cant really care
|-end|p2a: cant really care|Substitute
|
|-heal|p2a: cant really care|99/100|[from] item: Leftovers
|-heal|p1a: Seismitoad|57/100|[from] item: Leftovers
|upkeep
|turn|11
|
|move|p2a: cant really care|Substitute|p2a: cant really care
|-start|p2a: cant really care|Substitute
|-damage|p2a: cant really care|75/100
|move|p1a: Seismitoad|Earthquake|p2a: cant really care
|-end|p2a: cant really care|Substitute
|
|-heal|p2a: cant really care|81/100|[from] item: Leftovers
|-heal|p1a: Seismitoad|63/100|[from] item: Leftovers
|upkeep
|turn|12
|
|switch|p2a: kiss my toe|Togekiss, F|100/100
|move|p1a: Seismitoad|Toxic|p2a: kiss my toe
|-status|p2a: kiss my toe|tox
|
|-heal|p1a: Seismitoad|69/100|[from] item: Leftovers
|-damage|p2a: kiss my toe|94/100 tox|[from] psn
|upkeep
|turn|13
|
|switch|p1a: Rotom|Rotom-Heat|65/100
|move|p2a: kiss my toe|Air Slash|p1a: Rotom
|-resisted|p1a: Rotom
|-damage|p1a: Rotom|41/100
|
|-heal|p2a: kiss my toe|100/100 tox|[from] item: Leftovers
|-damage|p2a: kiss my toe|88/100 tox|[from] psn
|upkeep
|turn|14
|
|switch|p2a: dugtriox3|Dugtrio, M|100/100
|move|p1a: Rotom|Trick|p2a: dugtriox3
|-activate|p1a: Rotom|move: Trick|[of] p2a: dugtriox3
|-item|p2a: dugtriox3|Choice Scarf|[from] move: Trick
|-item|p1a: Rotom|Focus Sash|[from] move: Trick
|
|upkeep
|turn|15
|
|switch|p2a: Heliolisk|Heliolisk, F|100/100
|switch|p1a: Corviknight|Corviknight, M|79/100 par
|
|-heal|p1a: Corviknight|85/100 par|[from] item: Leftovers
|upkeep
|turn|16
|
|switch|p1a: Seismitoad|Seismitoad, M|69/100
|move|p2a: Heliolisk|Substitute|p2a: Heliolisk
|-start|p2a: Heliolisk|Substitute
|-damage|p2a: Heliolisk|76/100
|
|-heal|p2a: Heliolisk|82/100|[from] item: Leftovers
|-heal|p1a: Seismitoad|75/100|[from] item: Leftovers
|upkeep
|turn|17
|
|switch|p1a: Ferrothorn|Ferrothorn, M|54/100
|move|p2a: Heliolisk|Glare|p1a: Ferrothorn
|-status|p1a: Ferrothorn|par
|
|-heal|p2a: Heliolisk|88/100|[from] item: Leftovers
|-heal|p1a: Ferrothorn|60/100 par|[from] item: Leftovers
|upkeep
|turn|18
|
|move|p2a: Heliolisk|Parabolic Charge|p1a: Ferrothorn
|-resisted|p1a: Ferrothorn
|-damage|p1a: Ferrothorn|46/100 par
|-heal|p2a: Heliolisk|97/100|[from] drain|[of] p1a: Ferrothorn
|move|p1a: Ferrothorn|Spikes|p2a: Heliolisk
|-sidestart|p2: 1% pure evil|Spikes
|
|-heal|p2a: Heliolisk|100/100|[from] item: Leftovers
|-heal|p1a: Ferrothorn|52/100 par|[from] item: Leftovers
|upkeep
|turn|19
|
|switch|p2a: JOHN CENA|Corviknight, M|100/100
|-ability|p2a: JOHN CENA|Pressure
|move|p1a: Ferrothorn|Power Whip|p2a: JOHN CENA
|-resisted|p2a: JOHN CENA
|-damage|p2a: JOHN CENA|93/100
|
|-heal|p2a: JOHN CENA|99/100|[from] item: Leftovers
|-heal|p1a: Ferrothorn|58/100 par|[from] item: Leftovers
|upkeep
|turn|20
|
|move|p2a: JOHN CENA|Defog|p1a: Ferrothorn
|-unboost|p1a: Ferrothorn|evasion|1
|-sideend|p2: 1% pure evil|Spikes|[from] move: Defog|[of] p2a: JOHN CENA
|move|p1a: Ferrothorn|Leech Seed|p2a: JOHN CENA
|-start|p2a: JOHN CENA|move: Leech Seed
|
|-heal|p2a: JOHN CENA|100/100|[from] item: Leftovers
|-heal|p1a: Ferrothorn|65/100 par|[from] item: Leftovers
|-damage|p2a: JOHN CENA|88/100|[from] Leech Seed|[of] p1a: Ferrothorn
|-heal|p1a: Ferrothorn|79/100 par|[silent]
|upkeep
|turn|21
|
|switch|p2a: dugtriox3|Dugtrio, M|100/100
|move|p1a: Ferrothorn|Leech Seed|p2a: dugtriox3
|-start|p2a: dugtriox3|move: Leech Seed
|
|-heal|p1a: Ferrothorn|85/100 par|[from] item: Leftovers
|-damage|p2a: dugtriox3|88/100|[from] Leech Seed|[of] p1a: Ferrothorn
|-heal|p1a: Ferrothorn|93/100 par|[silent]
|upkeep
|turn|22
|
|switch|p2a: cant really care|Dragapult, M|81/100
|move|p1a: Ferrothorn|Spikes|p2a: cant really care
|-sidestart|p2: 1% pure evil|Spikes
|
|-heal|p2a: cant really care|87/100|[from] item: Leftovers
|-heal|p1a: Ferrothorn|99/100 par|[from] item: Leftovers
|upkeep
|turn|23
|
|move|p2a: cant really care|Substitute|p2a: cant really care
|-start|p2a: cant really care|Substitute
|-damage|p2a: cant really care|62/100
|move|p1a: Ferrothorn|Gyro Ball|p2a: cant really care
|-end|p2a: cant really care|Substitute
|
|-heal|p2a: cant really care|68/100|[from] item: Leftovers
|-heal|p1a: Ferrothorn|100/100 par|[from] item: Leftovers
|upkeep
|turn|24
|
|move|p2a: cant really care|Disable|p1a: Ferrothorn
|-start|p1a: Ferrothorn|Disable|Gyro Ball
|cant|p1a: Ferrothorn|Disable|Gyro Ball
|
|-heal|p2a: cant really care|74/100|[from] item: Leftovers
|upkeep
|turn|25
|
|switch|p1a: Seismitoad|Seismitoad, M|75/100
|move|p2a: cant really care|Substitute|p2a: cant really care
|-start|p2a: cant really care|Substitute
|-damage|p2a: cant really care|49/100
|
|-heal|p2a: cant really care|56/100|[from] item: Leftovers
|-heal|p1a: Seismitoad|81/100|[from] item: Leftovers
|upkeep
|turn|26
|
|move|p2a: cant really care|Hex|p1a: Seismitoad
|-damage|p1a: Seismitoad|56/100
|move|p1a: Seismitoad|Earthquake|p2a: cant really care
|-end|p2a: cant really care|Substitute
|
|-heal|p2a: cant really care|62/100|[from] item: Leftovers
|-heal|p1a: Seismitoad|62/100|[from] item: Leftovers
|upkeep
|turn|27
|
|switch|p2a: kiss my toe|Togekiss, F|88/100 tox
|switch|p1a: Toxtricity|Toxtricity, F|100/100
|
|-heal|p2a: kiss my toe|94/100 tox|[from] item: Leftovers
|-damage|p2a: kiss my toe|88/100 tox|[from] psn
|upkeep
|turn|28
|
|switch|p2a: cant really care|Dragapult, M|62/100
|-damage|p2a: cant really care|49/100|[from] Spikes
|switch|p1a: Corviknight|Corviknight, M|85/100 par
|
|-heal|p2a: cant really care|56/100|[from] item: Leftovers
|-heal|p1a: Corviknight|91/100 par|[from] item: Leftovers
|upkeep
|turn|29
|
|move|p2a: cant really care|Hex|p1a: Corviknight
|-damage|p1a: Corviknight|50/100 par
|move|p1a: Corviknight|U-turn|p2a: cant really care
|-resisted|p2a: cant really care
|-damage|p2a: cant really care|47/100
|
|switch|p1a: Seismitoad|Seismitoad, M|62/100|[from]move: U-turn
|
|-heal|p2a: cant really care|53/100|[from] item: Leftovers
|-heal|p1a: Seismitoad|68/100|[from] item: Leftovers
|upkeep
|turn|30
|
|switch|p2a: kiss my toe|Togekiss, F|88/100 tox
|move|p1a: Seismitoad|Stealth Rock|p2a: kiss my toe
|-sidestart|p2: 1% pure evil|move: Stealth Rock
|
|-heal|p2a: kiss my toe|94/100 tox|[from] item: Leftovers
|-heal|p1a: Seismitoad|74/100|[from] item: Leftovers
|-damage|p2a: kiss my toe|88/100 tox|[from] psn
|upkeep
|turn|31
|
|switch|p1a: Rotom|Rotom-Heat|41/100
|move|p2a: kiss my toe|Air Slash|p1a: Rotom
|-resisted|p1a: Rotom
|-damage|p1a: Rotom|18/100
|
|-heal|p2a: kiss my toe|94/100 tox|[from] item: Leftovers
|-damage|p2a: kiss my toe|82/100 tox|[from] psn
|upkeep
|turn|32
|
|switch|p1a: Corviknight|Corviknight, M|50/100 par
|move|p2a: kiss my toe|Air Slash|p1a: Corviknight
|-resisted|p1a: Corviknight
|-damage|p1a: Corviknight|34/100 par
|
|-heal|p2a: kiss my toe|88/100 tox|[from] item: Leftovers
|-heal|p1a: Corviknight|40/100 par|[from] item: Leftovers
|-damage|p2a: kiss my toe|70/100 tox|[from] psn
|upkeep
|turn|33
|
|move|p2a: kiss my toe|Flamethrower|p1a: Corviknight
|-supereffective|p1a: Corviknight
|-damage|p1a: Corviknight|0 fnt
|faint|p1a: Corviknight
|
|-heal|p2a: kiss my toe|76/100 tox|[from] item: Leftovers
|-damage|p2a: kiss my toe|52/100 tox|[from] psn
|upkeep
|
|switch|p1a: Rotom|Rotom-Heat|18/100
|turn|34
|
|move|p1a: Rotom|Thunderbolt|p2a: kiss my toe
|-supereffective|p2a: kiss my toe
|-damage|p2a: kiss my toe|0 fnt
|faint|p2a: kiss my toe
|
|upkeep
|inactive|1% pure evil has 120 seconds left.
|
|switch|p2a: cant really care|Dragapult, M|53/100
|-damage|p2a: cant really care|41/100|[from] Spikes
|-damage|p2a: cant really care|28/100|[from] Stealth Rock
|turn|35
|
|switch|p1a: Seismitoad|Seismitoad, M|74/100
|move|p2a: cant really care|Hex|p1a: Seismitoad
|-damage|p1a: Seismitoad|47/100
|
|-heal|p2a: cant really care|35/100|[from] item: Leftovers
|-heal|p1a: Seismitoad|53/100|[from] item: Leftovers
|upkeep
|turn|36
|inactive|1% pure evil has 120 seconds left.
|
|switch|p2a: JOHN CENA|Corviknight, M|88/100
|-damage|p2a: JOHN CENA|75/100|[from] Stealth Rock
|-ability|p2a: JOHN CENA|Pressure
|move|p1a: Seismitoad|Earthquake|p2a: JOHN CENA
|-immune|p2a: JOHN CENA
|
|-heal|p2a: JOHN CENA|82/100|[from] item: Leftovers
|-heal|p1a: Seismitoad|59/100|[from] item: Leftovers
|upkeep
|turn|37
|
|move|p2a: JOHN CENA|Defog|p1a: Seismitoad
|-unboost|p1a: Seismitoad|evasion|1
|-sideend|p2: 1% pure evil|Spikes|[from] move: Defog|[of] p2a: JOHN CENA
|-sideend|p2: 1% pure evil|Stealth Rock|[from] move: Defog|[of] p2a: JOHN CENA
|move|p1a: Seismitoad|Scald|p2a: JOHN CENA
|-damage|p2a: JOHN CENA|64/100
|
|-heal|p2a: JOHN CENA|70/100|[from] item: Leftovers
|-heal|p1a: Seismitoad|65/100|[from] item: Leftovers
|upkeep
|turn|38
|inactive|1% pure evil has 120 seconds left.
|
|switch|p2a: Heliolisk|Heliolisk, F|100/100
|move|p1a: Seismitoad|Stealth Rock|p2a: Heliolisk
|-sidestart|p2: 1% pure evil|move: Stealth Rock
|
|-heal|p1a: Seismitoad|72/100|[from] item: Leftovers
|upkeep
|turn|39
|
|move|p2a: Heliolisk|Grass Knot|p1a: Seismitoad
|-supereffective|p1a: Seismitoad
|-damage|p1a: Seismitoad|0 fnt
|faint|p1a: Seismitoad
|
|upkeep
|
|switch|p1a: Hydreigon|Hydreigon, F|100/100
|turn|40
|c|☆1% pure evil|:)
|
|move|p2a: Heliolisk|Glare|p1a: Hydreigon
|-status|p1a: Hydreigon|par
|move|p1a: Hydreigon|Nasty Plot|p1a: Hydreigon
|-boost|p1a: Hydreigon|spa|2
|
|upkeep
|turn|41
|inactive|1% pure evil has 120 seconds left.
|
|move|p2a: Heliolisk|Substitute|p2a: Heliolisk
|-start|p2a: Heliolisk|Substitute
|-damage|p2a: Heliolisk|76/100
|cant|p1a: Hydreigon|par
|
|-heal|p2a: Heliolisk|82/100|[from] item: Leftovers
|upkeep
|turn|42
|c|☆1% pure evil|XD
|c|☆1% pure evil|crazy game am i right
|
|move|p2a: Heliolisk|Parabolic Charge|p1a: Hydreigon
|-resisted|p1a: Hydreigon
|-damage|p1a: Hydreigon|82/100 par
|-heal|p2a: Heliolisk|93/100|[from] drain|[of] p1a: Hydreigon
|move|p1a: Hydreigon|Dark Pulse|p2a: Heliolisk
|-end|p2a: Heliolisk|Substitute
|
|-heal|p2a: Heliolisk|99/100|[from] item: Leftovers
|-heal|p1a: Hydreigon|88/100 par|[from] item: Leftovers
|upkeep
|turn|43
|
|move|p2a: Heliolisk|Substitute|p2a: Heliolisk
|-start|p2a: Heliolisk|Substitute
|-damage|p2a: Heliolisk|74/100
|cant|p1a: Hydreigon|par
|
|-heal|p2a: Heliolisk|80/100|[from] item: Leftovers
|-heal|p1a: Hydreigon|94/100 par|[from] item: Leftovers
|upkeep
|turn|44
|
|move|p2a: Heliolisk|Parabolic Charge|p1a: Hydreigon
|-resisted|p1a: Hydreigon
|-damage|p1a: Hydreigon|78/100 par
|-heal|p2a: Heliolisk|90/100|[from] drain|[of] p1a: Hydreigon
|move|p1a: Hydreigon|Dark Pulse|p2a: Heliolisk
|-end|p2a: Heliolisk|Substitute
|
|-heal|p2a: Heliolisk|96/100|[from] item: Leftovers
|-heal|p1a: Hydreigon|84/100 par|[from] item: Leftovers
|upkeep
|turn|45
|inactive|1% pure evil has 120 seconds left.
|
|move|p2a: Heliolisk|Substitute|p2a: Heliolisk
|-start|p2a: Heliolisk|Substitute
|-damage|p2a: Heliolisk|71/100
|cant|p1a: Hydreigon|par
|
|-heal|p2a: Heliolisk|77/100|[from] item: Leftovers
|-heal|p1a: Hydreigon|90/100 par|[from] item: Leftovers
|upkeep
|turn|46
|
|move|p2a: Heliolisk|Parabolic Charge|p1a: Hydreigon
|-resisted|p1a: Hydreigon
|-damage|p1a: Hydreigon|72/100 par
|-heal|p2a: Heliolisk|89/100|[from] drain|[of] p1a: Hydreigon
|move|p1a: Hydreigon|Dark Pulse|p2a: Heliolisk
|-end|p2a: Heliolisk|Substitute
|
|-heal|p2a: Heliolisk|95/100|[from] item: Leftovers
|-heal|p1a: Hydreigon|78/100 par|[from] item: Leftovers
|upkeep
|turn|47
|
|move|p2a: Heliolisk|Substitute|p2a: Heliolisk
|-start|p2a: Heliolisk|Substitute
|-damage|p2a: Heliolisk|70/100
|cant|p1a: Hydreigon|par
|
|-heal|p2a: Heliolisk|76/100|[from] item: Leftovers
|-heal|p1a: Hydreigon|84/100 par|[from] item: Leftovers
|upkeep
|turn|48
|c| MilkTeass|xD
|
|move|p2a: Heliolisk|Parabolic Charge|p1a: Hydreigon
|-resisted|p1a: Hydreigon
|-damage|p1a: Hydreigon|66/100 par
|-heal|p2a: Heliolisk|87/100|[from] drain|[of] p1a: Hydreigon
|move|p1a: Hydreigon|Dark Pulse|p2a: Heliolisk
|-end|p2a: Heliolisk|Substitute
|
|-heal|p2a: Heliolisk|93/100|[from] item: Leftovers
|-heal|p1a: Hydreigon|72/100 par|[from] item: Leftovers
|upkeep
|turn|49
|
|move|p2a: Heliolisk|Substitute|p2a: Heliolisk
|-start|p2a: Heliolisk|Substitute
|-damage|p2a: Heliolisk|68/100
|move|p1a: Hydreigon|Flash Cannon|p2a: Heliolisk
|-resisted|p2a: Heliolisk
|-end|p2a: Heliolisk|Substitute
|
|-heal|p2a: Heliolisk|74/100|[from] item: Leftovers
|-heal|p1a: Hydreigon|78/100 par|[from] item: Leftovers
|upkeep
|turn|50
|
|move|p2a: Heliolisk|Substitute|p2a: Heliolisk
|-start|p2a: Heliolisk|Substitute
|-damage|p2a: Heliolisk|50/100
|move|p1a: Hydreigon|Flash Cannon|p2a: Heliolisk
|-resisted|p2a: Heliolisk
|-end|p2a: Heliolisk|Substitute
|
|-heal|p2a: Heliolisk|56/100|[from] item: Leftovers
|-heal|p1a: Hydreigon|84/100 par|[from] item: Leftovers
|upkeep
|turn|51
|
|move|p2a: Heliolisk|Substitute|p2a: Heliolisk
|-start|p2a: Heliolisk|Substitute
|-damage|p2a: Heliolisk|31/100
|move|p1a: Hydreigon|Flash Cannon|p2a: Heliolisk
|-resisted|p2a: Heliolisk
|-end|p2a: Heliolisk|Substitute
|
|-heal|p2a: Heliolisk|37/100|[from] item: Leftovers
|-heal|p1a: Hydreigon|90/100 par|[from] item: Leftovers
|upkeep
|turn|52
|
|move|p2a: Heliolisk|Substitute|p2a: Heliolisk
|-start|p2a: Heliolisk|Substitute
|-damage|p2a: Heliolisk|12/100
|move|p1a: Hydreigon|Flash Cannon|p2a: Heliolisk
|-resisted|p2a: Heliolisk
|-end|p2a: Heliolisk|Substitute
|
|-heal|p2a: Heliolisk|18/100|[from] item: Leftovers
|-heal|p1a: Hydreigon|96/100 par|[from] item: Leftovers
|upkeep
|turn|53
|
|move|p2a: Heliolisk|Parabolic Charge|p1a: Hydreigon
|-resisted|p1a: Hydreigon
|-damage|p1a: Hydreigon|80/100 par
|-heal|p2a: Heliolisk|28/100|[from] drain|[of] p1a: Hydreigon
|move|p1a: Hydreigon|Flash Cannon|p2a: Heliolisk
|-resisted|p2a: Heliolisk
|-damage|p2a: Heliolisk|0 fnt
|faint|p2a: Heliolisk
|
|-heal|p1a: Hydreigon|86/100 par|[from] item: Leftovers
|upkeep
|
|switch|p2a: Sylveon|Sylveon, M|88/100
|-damage|p2a: Sylveon|76/100|[from] Stealth Rock
|turn|54
|
|cant|p1a: Hydreigon|par
|move|p2a: Sylveon|Moonblast|p1a: Hydreigon
|-supereffective|p1a: Hydreigon
|-damage|p1a: Hydreigon|0 fnt
|faint|p1a: Hydreigon
|
|-heal|p2a: Sylveon|82/100|[from] item: Leftovers
|upkeep
|
|switch|p1a: Ferrothorn|Ferrothorn, M|100/100 par
|turn|55
|c|☆1% pure evil|XD
|c| MilkTeass|lmao
|
|move|p2a: Sylveon|Mystical Fire|p1a: Ferrothorn
|-supereffective|p1a: Ferrothorn
|-damage|p1a: Ferrothorn|40/100 par
|-unboost|p1a: Ferrothorn|spa|1
|move|p1a: Ferrothorn|Leech Seed|p2a: Sylveon
|-start|p2a: Sylveon|move: Leech Seed
|
|-heal|p2a: Sylveon|88/100|[from] item: Leftovers
|-heal|p1a: Ferrothorn|47/100 par|[from] item: Leftovers
|-damage|p2a: Sylveon|75/100|[from] Leech Seed|[of] p1a: Ferrothorn
|-heal|p1a: Ferrothorn|60/100 par|[silent]
|upkeep
|turn|56
|inactive|1% pure evil has 120 seconds left.
|
|switch|p1a: Rotom|Rotom-Heat|18/100
|move|p2a: Sylveon|Mystical Fire|p1a: Rotom
|-resisted|p1a: Rotom
|-damage|p1a: Rotom|5/100
|-unboost|p1a: Rotom|spa|1
|
|-heal|p2a: Sylveon|81/100|[from] item: Leftovers
|-damage|p2a: Sylveon|69/100|[from] Leech Seed|[of] p1a: Rotom
|-heal|p1a: Rotom|25/100|[silent]
|upkeep
|turn|57
|
|switch|p2a: JOHN CENA|Corviknight, M|70/100
|-damage|p2a: JOHN CENA|57/100|[from] Stealth Rock
|-ability|p2a: JOHN CENA|Pressure
|move|p1a: Rotom|Volt Switch|p2a: JOHN CENA
|-supereffective|p2a: JOHN CENA
|-damage|p2a: JOHN CENA|30/100
|
|switch|p1a: Toxtricity|Toxtricity, F|100/100|[from]move: Volt Switch
|
|-heal|p2a: JOHN CENA|36/100|[from] item: Leftovers
|upkeep
|turn|58
|
|switch|p1a: Rotom|Rotom-Heat|25/100
|move|p2a: JOHN CENA|Bulk Up|p2a: JOHN CENA
|-boost|p2a: JOHN CENA|atk|1
|-boost|p2a: JOHN CENA|def|1
|
|-heal|p2a: JOHN CENA|42/100|[from] item: Leftovers
|upkeep
|turn|59
|inactive|1% pure evil has 120 seconds left.
|
|move|p1a: Rotom|Thunderbolt|p2a: JOHN CENA
|-supereffective|p2a: JOHN CENA
|-damage|p2a: JOHN CENA|0 fnt
|faint|p2a: JOHN CENA
|
|upkeep
|
|switch|p2a: cant really care|Dragapult, M|35/100
|-damage|p2a: cant really care|22/100|[from] Stealth Rock
|turn|60
|
|switch|p1a: Toxtricity|Toxtricity, F|100/100
|move|p2a: cant really care|Hex|p1a: Toxtricity
|-damage|p1a: Toxtricity|59/100
|
|-heal|p2a: cant really care|28/100|[from] item: Leftovers
|upkeep
|turn|61
|inactive|1% pure evil has 120 seconds left.
|
|move|p2a: cant really care|Substitute|p2a: cant really care
|-start|p2a: cant really care|Substitute
|-damage|p2a: cant really care|3/100
|move|p1a: Toxtricity|Sludge Wave|p2a: cant really care
|-resisted|p2a: cant really care
|-end|p2a: cant really care|Substitute
|
|-heal|p2a: cant really care|10/100|[from] item: Leftovers
|upkeep
|turn|62
|inactive|1% pure evil has 90 seconds left.
|
|move|p2a: cant really care|Disable|p1a: Toxtricity
|-start|p1a: Toxtricity|Disable|Sludge Wave
|cant|p1a: Toxtricity|Disable|Sludge Wave
|
|-heal|p2a: cant really care|16/100|[from] item: Leftovers
|upkeep
|turn|63
|inactive|1% pure evil has 90 seconds left.
|
|move|p2a: cant really care|Hex|p1a: Toxtricity
|-crit|p1a: Toxtricity
|-damage|p1a: Toxtricity|0 fnt
|faint|p1a: Toxtricity
|
|-heal|p2a: cant really care|22/100|[from] item: Leftovers
|upkeep
|-message|Elijah Snow forfeited.
|
|win|1% pure evil
|l|☆Elijah Snow
|c|☆1% pure evil|200
|c| MilkTeass|@@
|c|☆1% pure evil|iq
|c|☆1% pure evil|LMAOOOO
|c|☆1% pure evil|HES SO MAD
|c| MilkTeass|that's amazing play bruh lmao
|c|☆1% pure evil|HE CLICKED X SO FAST
|c|☆1% pure evil|THE DISABLE
|c|☆1% pure evil|TO CRIT
|c|☆1% pure evil|UNHOLY COMBO
|raw|Elijah Snow's rating: 1632 → 1616(-16 for losing)
|raw|1% pure evil's rating: 1704 → 1720(+16 for winning)
|c| MilkTeass|That was clever lmao
