|ScrapeTime|2020-01-02-23:20:52
|j|☆GeneralAnnoyance
|j|☆Dirigible
|player|p1|GeneralAnnoyance|66|1298
|player|p2|Dirigible|red|1318
|teamsize|p1|6
|teamsize|p2|6
|gametype|singles
|gen|8
|tier|[Gen 8] OU
|rated|
|rule|Sleep Clause Mod: Limit one foe put to sleep
|rule|Species Clause: Limit one of each Pokémon
|rule|OHKO Clause: OHKO moves are banned
|rule|Evasion Moves Clause: Evasion moves are banned
|rule|Endless Battle Clause: Forcing endless battles is banned
|rule|HP Percentage Mod: HP is shown in percentages
|clearpoke
|poke|p1|Rotom-Heat|
|poke|p1|Clefable, M|
|poke|p1|Dracovish|
|poke|p1|Corviknight, F|
|poke|p1|Hydreigon, F|
|poke|p1|Quagsire, F|
|poke|p2|Pelipper, M|
|poke|p2|Ludicolo, F|
|poke|p2|Aegislash, M|
|poke|p2|Cinderace, M|
|poke|p2|Polteageist|
|poke|p2|Dracozolt|
|rule|Dynamax Clause: You cannot dynamax
|teampreview
|
|start
|switch|p1a: Rotom|Rotom-Heat|100/100
|switch|p2a: Pelipper|Pelipper, M|100/100
|-weather|RainDance|[from] ability: Drizzle|[of] p2a: Pelipper
|turn|1
|
|move|p1a: Rotom|Volt Switch|p2a: Pelipper
|-supereffective|p2a: Pelipper
|-damage|p2a: Pelipper|0 fnt
|faint|p2a: Pelipper
|
|switch|p1a: Clefable|Clefable, M|100/100|[from]move: Volt Switch
|
|-weather|RainDance|[upkeep]
|upkeep
|
|switch|p2a: Ludicolo|Ludicolo, F|100/100
|turn|2
|
|move|p2a: Ludicolo|Hydro Pump|p1a: Clefable
|-damage|p1a: Clefable|44/100
|-damage|p2a: Ludicolo|91/100|[from] item: Life Orb
|move|p1a: Clefable|Moonlight|p1a: Clefable
|-heal|p1a: Clefable|69/100
|
|-weather|RainDance|[upkeep]
|-heal|p1a: Clefable|75/100|[from] item: Leftovers
|upkeep
|turn|3
|
|move|p2a: Ludicolo|Hydro Pump|p1a: Clefable
|-damage|p1a: Clefable|21/100
|-damage|p2a: Ludicolo|81/100|[from] item: Life Orb
|move|p1a: Clefable|Moonlight|p1a: Clefable
|-heal|p1a: Clefable|46/100
|
|-weather|RainDance|[upkeep]
|-heal|p1a: Clefable|52/100|[from] item: Leftovers
|upkeep
|turn|4
|
|switch|p1a: Quagsire|Quagsire, F|100/100
|move|p2a: Ludicolo|Hydro Pump|p1a: Quagsire
|-immune|p1a: Quagsire|[from] ability: Water Absorb
|
|-weather|RainDance|[upkeep]
|upkeep
|turn|5
|
|switch|p1a: Corviknight|Corviknight, F|100/100
|-ability|p1a: Corviknight|Pressure
|move|p2a: Ludicolo|Giga Drain|p1a: Corviknight
|-resisted|p1a: Corviknight
|-damage|p1a: Corviknight|91/100
|-heal|p2a: Ludicolo|87/100|[from] drain|[of] p1a: Corviknight
|-damage|p2a: Ludicolo|77/100|[from] item: Life Orb
|
|-weather|RainDance|[upkeep]
|-heal|p1a: Corviknight|97/100|[from] item: Leftovers
|upkeep
|turn|6
|
|switch|p1a: Quagsire|Quagsire, F|100/100
|move|p2a: Ludicolo|Hydro Pump|p1a: Quagsire
|-immune|p1a: Quagsire|[from] ability: Water Absorb
|
|-weather|RainDance|[upkeep]
|upkeep
|turn|7
|
|switch|p1a: Dracovish|Dracovish|100/100
|move|p2a: Ludicolo|Hydro Pump|p1a: Dracovish|[miss]
|-miss|p2a: Ludicolo|p1a: Dracovish
|
|-weather|RainDance|[upkeep]
|upkeep
|turn|8
|
|switch|p1a: Corviknight|Corviknight, F|97/100
|-ability|p1a: Corviknight|Pressure
|move|p2a: Ludicolo|Giga Drain|p1a: Corviknight
|-resisted|p1a: Corviknight
|-damage|p1a: Corviknight|88/100
|-heal|p2a: Ludicolo|83/100|[from] drain|[of] p1a: Corviknight
|-damage|p2a: Ludicolo|73/100|[from] item: Life Orb
|
|-weather|none
|-heal|p1a: Corviknight|94/100|[from] item: Leftovers
|upkeep
|turn|9
|
|switch|p2a: Dracozolt|Dracozolt|100/100
|move|p1a: Corviknight|Brave Bird|p2a: Dracozolt
|-resisted|p2a: Dracozolt
|-damage|p2a: Dracozolt|79/100
|-damage|p1a: Corviknight|88/100|[from] Recoil
|
|-heal|p1a: Corviknight|94/100|[from] item: Leftovers
|upkeep
|turn|10
|
|switch|p1a: Clefable|Clefable, M|52/100
|move|p2a: Dracozolt|Dragon Claw|p1a: Clefable
|-immune|p1a: Clefable
|
|-heal|p1a: Clefable|58/100|[from] item: Leftovers
|upkeep
|turn|11
|
|switch|p2a: Aegislash|Aegislash, M|100/100
|move|p1a: Clefable|Stealth Rock|p2a: Aegislash
|-sidestart|p2: Dirigible|move: Stealth Rock
|
|-heal|p1a: Clefable|64/100|[from] item: Leftovers
|upkeep
|turn|12
|
|switch|p1a: Quagsire|Quagsire, F|100/100
|-formechange|p2a: Aegislash|Aegislash-Blade||[from] ability: Stance Change
|move|p2a: Aegislash|Gyro Ball|p1a: Quagsire
|-resisted|p1a: Quagsire
|-damage|p1a: Quagsire|97/100
|
|-heal|p1a: Quagsire|100/100|[from] item: Leftovers
|upkeep
|turn|13
|
|-formechange|p2a: Aegislash|Aegislash||[from] ability: Stance Change
|move|p2a: Aegislash|King's Shield|p2a: Aegislash
|-singleturn|p2a: Aegislash|Protect
|move|p1a: Quagsire|Earthquake|p2a: Aegislash
|-activate|p2a: Aegislash|move: Protect
|
|upkeep
|turn|14
|
|-formechange|p2a: Aegislash|Aegislash-Blade||[from] ability: Stance Change
|move|p2a: Aegislash|Shadow Ball|p1a: Quagsire
|-damage|p1a: Quagsire|59/100
|move|p1a: Quagsire|Earthquake|p2a: Aegislash
|-supereffective|p2a: Aegislash
|-damage|p2a: Aegislash|0 fnt
|faint|p2a: Aegislash
|
|-heal|p1a: Quagsire|65/100|[from] item: Leftovers
|upkeep
|
|switch|p2a: Polteageist|Polteageist|100/100
|-damage|p2a: Polteageist|88/100|[from] Stealth Rock
|turn|15
|
|move|p2a: Polteageist|Shell Smash|p2a: Polteageist
|-unboost|p2a: Polteageist|def|1
|-unboost|p2a: Polteageist|spd|1
|-boost|p2a: Polteageist|atk|2
|-boost|p2a: Polteageist|spa|2
|-boost|p2a: Polteageist|spe|2
|move|p1a: Quagsire|Encore|p2a: Polteageist
|-start|p2a: Polteageist|Encore
|
|-heal|p1a: Quagsire|71/100|[from] item: Leftovers
|upkeep
|turn|16
|
|switch|p2a: Ludicolo|Ludicolo, F|73/100
|-damage|p2a: Ludicolo|61/100|[from] Stealth Rock
|move|p1a: Quagsire|Toxic|p2a: Ludicolo
|-status|p2a: Ludicolo|tox
|
|-heal|p1a: Quagsire|77/100|[from] item: Leftovers
|-damage|p2a: Ludicolo|55/100 tox|[from] psn
|upkeep
|turn|17
|
|switch|p1a: Dracovish|Dracovish|100/100
|move|p2a: Ludicolo|Hydro Pump|p1a: Dracovish|[miss]
|-miss|p2a: Ludicolo|p1a: Dracovish
|
|-damage|p2a: Ludicolo|43/100 tox|[from] psn
|upkeep
|turn|18
|
|switch|p2a: Polteageist|Polteageist|88/100
|-damage|p2a: Polteageist|76/100|[from] Stealth Rock
|move|p1a: Dracovish|Outrage|p2a: Polteageist
|-damage|p2a: Polteageist|0 fnt
|faint|p2a: Polteageist
|
|upkeep
|
|switch|p2a: Dracozolt|Dracozolt|79/100
|-damage|p2a: Dracozolt|66/100|[from] Stealth Rock
|turn|19
|
|move|p1a: Dracovish|Outrage|p2a: Dracozolt|[from]lockedmove
|-supereffective|p2a: Dracozolt
|-damage|p2a: Dracozolt|0 fnt
|-start|p1a: Dracovish|confusion|[fatigue]
|faint|p2a: Dracozolt
|
|upkeep
|-message|Dirigible forfeited.
|
|win|GeneralAnnoyance
|l|☆Dirigible
|raw|GeneralAnnoyance's rating: 1323 → 1342(+19 for winning)
|raw|Dirigible's rating: 1303 → 1284(-19 for losing)
