|ScrapeTime|2020-01-01-09:04:55
|j|☆che420pls
|j|☆dkilla10
|player|p1|che420pls|1|1141
|player|p2|dkilla10|266|1160
|teamsize|p1|6
|teamsize|p2|6
|gametype|singles
|gen|8
|tier|[Gen 8] OU
|rated|
|rule|Sleep Clause Mod: Limit one foe put to sleep
|rule|Species Clause: Limit one of each Pokémon
|rule|OHKO Clause: OHKO moves are banned
|rule|Evasion Moves Clause: Evasion moves are banned
|rule|Endless Battle Clause: Forcing endless battles is banned
|rule|HP Percentage Mod: HP is shown in percentages
|clearpoke
|poke|p1|Clefable, M|
|poke|p1|Galvantula, F|
|poke|p1|Obstagoon, F|
|poke|p1|Excadrill, M|
|poke|p1|Crawdaunt, M|
|poke|p1|Aegislash, M|
|poke|p2|Dhelmise|
|poke|p2|Gastrodon, F|
|poke|p2|Clefable, F|
|poke|p2|Bisharp, F|
|poke|p2|Salazzle, F|
|poke|p2|Mamoswine, M|
|rule|Dynamax Clause: You cannot dynamax
|teampreview
|inactive|Battle timer is ON: inactive players will automatically lose when time's up. (requested by che420pls)
|
|start
|switch|p1a: Bugaloo|Galvantula, F|100/100
|switch|p2a: Mamoswine|Mamoswine, M|100/100
|turn|1
|
|move|p1a: Bugaloo|Sticky Web|p2a: Mamoswine
|-sidestart|p2: dkilla10|move: Sticky Web
|move|p2a: Mamoswine|Icicle Crash|p1a: Bugaloo
|-damage|p1a: Bugaloo|17/100
|
|upkeep
|turn|2
|
|move|p2a: Mamoswine|Ice Shard|p1a: Bugaloo
|-damage|p1a: Bugaloo|0 fnt
|faint|p1a: Bugaloo
|
|upkeep
|
|switch|p1a: Sword twerk|Aegislash, M|100/100
|-item|p1a: Sword twerk|Air Balloon
|turn|3
|
|move|p2a: Mamoswine|Ice Shard|p1a: Sword twerk
|-resisted|p1a: Sword twerk
|-damage|p1a: Sword twerk|90/100
|-enditem|p1a: Sword twerk|Air Balloon
|-formechange|p1a: Sword twerk|Aegislash-Blade||[from] ability: Stance Change
|move|p1a: Sword twerk|Shadow Claw|p2a: Mamoswine
|-damage|p2a: Mamoswine|51/100
|
|upkeep
|turn|4
|inactive|che420pls has 120 seconds left.
|
|switch|p2a: Gastrodon|Gastrodon, F|100/100
|-activate|p2a: Gastrodon|move: Sticky Web
|-unboost|p2a: Gastrodon|spe|1
|switch|p1a: Radio Rebel|Obstagoon, F|100/100
|
|-status|p1a: Radio Rebel|brn|[from] item: Flame Orb
|upkeep
|turn|5
|
|move|p1a: Radio Rebel|Facade|p2a: Gastrodon
|-damage|p2a: Gastrodon|39/100
|move|p2a: Gastrodon|Earth Power|p1a: Radio Rebel
|-damage|p1a: Radio Rebel|65/100 brn
|
|-heal|p2a: Gastrodon|45/100|[from] item: Leftovers
|-damage|p1a: Radio Rebel|59/100 brn|[from] brn
|upkeep
|turn|6
|
|switch|p2a: Dhelmise|Dhelmise|100/100
|-activate|p2a: Dhelmise|move: Sticky Web
|-unboost|p2a: Dhelmise|spe|1
|move|p1a: Radio Rebel|Knock Off|p2a: Dhelmise
|-supereffective|p2a: Dhelmise
|-damage|p2a: Dhelmise|0 fnt
|-enditem|p2a: Dhelmise|Leftovers|[from] move: Knock Off|[of] p1a: Radio Rebel
|faint|p2a: Dhelmise
|
|-damage|p1a: Radio Rebel|52/100 brn|[from] brn
|upkeep
|c|☆dkilla10|nice
|l|☆che420pls
|inactive|che420pls disconnected and has a minute to reconnect!
|player|p1|
|inactive|dkilla10 has 120 seconds left.
|
|switch|p2a: Clefable|Clefable, F|100/100
|-activate|p2a: Clefable|move: Sticky Web
|-unboost|p2a: Clefable|spe|1
|turn|7
|j|☆che420pls
|inactive|che420pls reconnected and has 140 seconds left.
|player|p1|che420pls|1
|
|move|p1a: Radio Rebel|Facade|p2a: Clefable
|-damage|p2a: Clefable|0 fnt
|faint|p2a: Clefable
|
|-damage|p1a: Radio Rebel|46/100 brn|[from] brn
|upkeep
|inactive|dkilla10 has 120 seconds left.
|
|switch|p2a: Bisharp|Bisharp, F|100/100
|-activate|p2a: Bisharp|move: Sticky Web
|-unboost|p2a: Bisharp|spe|1
|-ability|p2a: Bisharp|Defiant
|-boost|p2a: Bisharp|atk|2
|turn|8
|
|move|p1a: Radio Rebel|Close Combat|p2a: Bisharp
|-supereffective|p2a: Bisharp
|-damage|p2a: Bisharp|0 fnt
|-unboost|p1a: Radio Rebel|def|1
|-unboost|p1a: Radio Rebel|spd|1
|faint|p2a: Bisharp
|
|-damage|p1a: Radio Rebel|40/100 brn|[from] brn
|upkeep
|
|switch|p2a: Salazzle|Salazzle, F|100/100
|-activate|p2a: Salazzle|move: Sticky Web
|-unboost|p2a: Salazzle|spe|1
|turn|9
|
|move|p2a: Salazzle|Sludge Bomb|p1a: Radio Rebel
|-damage|p1a: Radio Rebel|0 fnt
|faint|p1a: Radio Rebel
|
|upkeep
|
|switch|p1a: Gandhi|Excadrill, M|100/100
|-ability|p1a: Gandhi|Mold Breaker
|turn|10
|
|switch|p2a: Gastrodon|Gastrodon, F|45/100
|-activate|p2a: Gastrodon|move: Sticky Web
|-unboost|p2a: Gastrodon|spe|1
|move|p1a: Gandhi|Earthquake|p2a: Gastrodon
|-damage|p2a: Gastrodon|8/100
|
|-heal|p2a: Gastrodon|14/100|[from] item: Leftovers
|upkeep
|turn|11
|inactive|dkilla10 has 120 seconds left.
|l|☆che420pls
|inactive|che420pls disconnected and has a minute to reconnect!
|player|p1|
|j|☆che420pls
|inactive|che420pls reconnected and has 130 seconds left.
|player|p1|che420pls|1
|
|move|p1a: Gandhi|Earthquake|p2a: Gastrodon
|-damage|p2a: Gastrodon|0 fnt
|faint|p2a: Gastrodon
|
|upkeep
|inactive|dkilla10 has 120 seconds left.
|
|switch|p2a: Salazzle|Salazzle, F|100/100
|-activate|p2a: Salazzle|move: Sticky Web
|-unboost|p2a: Salazzle|spe|1
|turn|12
|inactive|dkilla10 has 120 seconds left.
|
|switch|p1a: Bill Cosby|Crawdaunt, M|100/100
|move|p2a: Salazzle|Fire Blast|p1a: Bill Cosby|[miss]
|-miss|p2a: Salazzle|p1a: Bill Cosby
|
|upkeep
|turn|13
|
|switch|p2a: Mamoswine|Mamoswine, M|51/100
|-activate|p2a: Mamoswine|move: Sticky Web
|-unboost|p2a: Mamoswine|spe|1
|move|p1a: Bill Cosby|Liquidation|p2a: Mamoswine
|-supereffective|p2a: Mamoswine
|-damage|p2a: Mamoswine|0 fnt
|-damage|p1a: Bill Cosby|90/100|[from] item: Life Orb
|faint|p2a: Mamoswine
|
|upkeep
|
|switch|p2a: Salazzle|Salazzle, F|100/100
|-activate|p2a: Salazzle|move: Sticky Web
|-unboost|p2a: Salazzle|spe|1
|turn|14
|-message|dkilla10 forfeited.
|
|win|che420pls
|l|☆dkilla10
|raw|che420pls's rating: 1141 → 1167(+26 for winning)
|raw|dkilla10's rating: 1160 → 1133(-27 for losing)
