|ScrapeTime|2020-01-02-06:06:40
|j|☆ClassicHero
|j|☆Ana oop
|player|p1|ClassicHero|cynthia|1105
|player|p2|Ana oop|skier|1066
|teamsize|p1|6
|teamsize|p2|6
|gametype|singles
|gen|8
|tier|[Gen 8] OU
|rated|
|rule|Sleep Clause Mod: Limit one foe put to sleep
|rule|Species Clause: Limit one of each Pokémon
|rule|OHKO Clause: OHKO moves are banned
|rule|Evasion Moves Clause: Evasion moves are banned
|rule|Endless Battle Clause: Forcing endless battles is banned
|rule|HP Percentage Mod: HP is shown in percentages
|clearpoke
|poke|p1|Hippowdon, F|
|poke|p1|Ferrothorn, F|
|poke|p1|Aegislash, M|
|poke|p1|Tyranitar, F|
|poke|p1|Excadrill, M|
|poke|p1|Flygon, M|
|poke|p2|Toxapex, F|
|poke|p2|Polteageist|
|poke|p2|Bisharp, M|
|poke|p2|Noivern, M|
|poke|p2|Hydreigon, F|
|poke|p2|Mr. Mime-Galar, F|
|rule|Dynamax Clause: You cannot dynamax
|teampreview
|
|start
|switch|p1a: Hippowdon|Hippowdon, F|100/100
|switch|p2a: Heil Hitler|Hydreigon, F, shiny|100/100
|-weather|Sandstorm|[from] ability: Sand Stream|[of] p1a: Hippowdon
|turn|1
|
|move|p2a: Heil Hitler|Draco Meteor|p1a: Hippowdon
|-damage|p1a: Hippowdon|38/100
|-unboost|p2a: Heil Hitler|spa|2
|move|p1a: Hippowdon|Stealth Rock|p2a: Heil Hitler
|-sidestart|p2: Ana oop|move: Stealth Rock
|
|-weather|Sandstorm|[upkeep]
|-damage|p2a: Heil Hitler|94/100|[from] Sandstorm
|-heal|p1a: Hippowdon|45/100|[from] item: Leftovers
|upkeep
|turn|2
|
|switch|p1a: Aegislash|Aegislash, M|100/100
|move|p2a: Heil Hitler|Draco Meteor|p1a: Aegislash
|-resisted|p1a: Aegislash
|-damage|p1a: Aegislash|88/100
|-unboost|p2a: Heil Hitler|spa|2
|
|-weather|Sandstorm|[upkeep]
|-damage|p2a: Heil Hitler|88/100|[from] Sandstorm
|-heal|p1a: Aegislash|94/100|[from] item: Leftovers
|upkeep
|turn|3
|inactive|Battle timer is ON: inactive players will automatically lose when time's up. (requested by Ana oop)
|inactive|Ana oop has 120 seconds left.
|
|switch|p2a: Switch Switch|Toxapex, F, shiny|100/100
|-damage|p2a: Switch Switch|88/100|[from] Stealth Rock
|move|p1a: Aegislash|Substitute|p1a: Aegislash
|-start|p1a: Aegislash|Substitute
|-damage|p1a: Aegislash|69/100
|
|-weather|Sandstorm|[upkeep]
|-damage|p2a: Switch Switch|82/100|[from] Sandstorm
|-heal|p1a: Aegislash|75/100|[from] item: Leftovers
|upkeep
|turn|4
|
|move|p1a: Aegislash|Metal Sound|p2a: Switch Switch
|-unboost|p2a: Switch Switch|spd|2
|move|p2a: Switch Switch|Scald|p1a: Aegislash
|-activate|p1a: Aegislash|move: Substitute|[damage]
|
|-weather|Sandstorm|[upkeep]
|-damage|p2a: Switch Switch|76/100|[from] Sandstorm
|-heal|p1a: Aegislash|81/100|[from] item: Leftovers
|upkeep
|turn|5
|
|-formechange|p1a: Aegislash|Aegislash-Blade||[from] ability: Stance Change
|move|p1a: Aegislash|Shadow Ball|p2a: Switch Switch
|-damage|p2a: Switch Switch|0 fnt
|faint|p2a: Switch Switch
|
|-weather|none
|-heal|p1a: Aegislash|87/100|[from] item: Leftovers
|upkeep
|
|switch|p2a: Boom|Noivern, M|100/100
|-item|p1a: Aegislash|Leftovers|[from] ability: Frisk|[of] p2a: Boom|[identify]
|turn|6
|inactive|ClassicHero has 120 seconds left.
|
|move|p2a: Boom|Defog|p1a: Aegislash
|-sideend|p2: Ana oop|Stealth Rock|[from] move: Defog|[of] p2a: Boom
|move|p1a: Aegislash|Shadow Ball|p2a: Boom
|-damage|p2a: Boom|38/100
|
|-heal|p1a: Aegislash|93/100|[from] item: Leftovers
|upkeep
|turn|7
|inactive|ClassicHero has 120 seconds left.
|
|move|p2a: Boom|Hurricane|p1a: Aegislash
|-resisted|p1a: Aegislash
|-end|p1a: Aegislash|Substitute
|move|p1a: Aegislash|Shadow Ball|p2a: Boom
|-damage|p2a: Boom|0 fnt
|faint|p2a: Boom
|
|-heal|p1a: Aegislash|99/100|[from] item: Leftovers
|upkeep
|j|@bobochan
|
|switch|p2a: Grim Boi|Bisharp, M, shiny|100/100
|turn|8
|inactive|ClassicHero has 120 seconds left.
|
|switch|p2a: Underused?|Polteageist, shiny|100/100
|move|p1a: Aegislash|Substitute|p1a: Aegislash
|-start|p1a: Aegislash|Substitute
|-damage|p1a: Aegislash|75/100
|
|-heal|p1a: Aegislash|81/100|[from] item: Leftovers
|upkeep
|turn|9
|
|move|p2a: Underused?|Shadow Ball|p1a: Aegislash
|-supereffective|p1a: Aegislash
|-end|p1a: Aegislash|Substitute
|move|p1a: Aegislash|Shadow Ball|p2a: Underused?
|-supereffective|p2a: Underused?
|-enditem|p2a: Underused?|Focus Sash
|-damage|p2a: Underused?|1/100
|
|-heal|p1a: Aegislash|87/100|[from] item: Leftovers
|upkeep
|turn|10
|c|@bobochan|/log Ana oop was warned by bobochan. (change your nicknames before next battle (hydreigon))
|unlink|anaoop
|l|@bobochan
|
|switch|p1a: Hippowdon|Hippowdon, F|45/100
|-weather|Sandstorm|[from] ability: Sand Stream|[of] p1a: Hippowdon
|move|p2a: Underused?|Shadow Ball|p1a: Hippowdon
|-damage|p1a: Hippowdon|4/100
|
|-weather|Sandstorm|[upkeep]
|-damage|p2a: Underused?|0 fnt|[from] Sandstorm
|faint|p2a: Underused?
|-heal|p1a: Hippowdon|10/100|[from] item: Leftovers
|upkeep
|inactive|Ana oop has 120 seconds left.
|
|switch|p2a: Grim Boi|Bisharp, M, shiny|100/100
|turn|11
|inactive|Ana oop has 120 seconds left.
|
|move|p2a: Grim Boi|Sucker Punch|p1a: Hippowdon
|-damage|p1a: Hippowdon|0 fnt
|faint|p1a: Hippowdon
|
|-weather|Sandstorm|[upkeep]
|upkeep
|
|switch|p1a: Excadrill|Excadrill, M|100/100
|-item|p1a: Excadrill|Air Balloon
|turn|12
|inactive|Ana oop has 120 seconds left.
|
|move|p2a: Grim Boi|Sucker Punch|p1a: Excadrill
|-damage|p1a: Excadrill|14/100
|-enditem|p1a: Excadrill|Air Balloon
|move|p1a: Excadrill|Earthquake|p2a: Grim Boi
|-supereffective|p2a: Grim Boi
|-damage|p2a: Grim Boi|0 fnt
|faint|p2a: Grim Boi
|
|-weather|Sandstorm|[upkeep]
|upkeep
|inactive|Ana oop has 120 seconds left.
|-message|Ana oop forfeited.
|
|win|ClassicHero
|l|☆Ana oop
|raw|ClassicHero's rating: 1105 → 1127(+22 for winning)
|raw|Ana oop's rating: 1066 → 1048(-18 for losing)
