|ScrapeTime|2020-01-02-05:54:58
|j|☆asdxcaewasd
|j|☆Takaxhy!
|player|p1|asdxcaewasd|101|1106
|player|p2|Takaxhy!|unknown|1078
|teamsize|p1|6
|teamsize|p2|6
|gametype|singles
|gen|8
|tier|[Gen 8] OU
|rated|
|rule|Sleep Clause Mod: Limit one foe put to sleep
|rule|Species Clause: Limit one of each Pokémon
|rule|OHKO Clause: OHKO moves are banned
|rule|Evasion Moves Clause: Evasion moves are banned
|rule|Endless Battle Clause: Forcing endless battles is banned
|rule|HP Percentage Mod: HP is shown in percentages
|clearpoke
|poke|p1|Rotom-Wash|
|poke|p1|Toxapex, F|
|poke|p1|Conkeldurr, F|
|poke|p1|Toxtricity, F|
|poke|p1|Dragapult, F|
|poke|p1|Frosmoth, F|
|poke|p2|Corsola-Galar, F|
|poke|p2|Hatterene, F|
|poke|p2|Mandibuzz, F|
|poke|p2|Rotom-Wash|
|poke|p2|Cinderace, M|
|poke|p2|Excadrill, F|
|rule|Dynamax Clause: You cannot dynamax
|teampreview
|j| rigobertomanfinfla
|
|start
|switch|p1a: Toxapex|Toxapex, F|100/100
|switch|p2a: Ryte|Rotom-Wash|100/100
|turn|1
|
|move|p2a: Ryte|Volt Switch|p1a: Toxapex
|-supereffective|p1a: Toxapex
|-damage|p1a: Toxapex|54/100
|l| rigobertomanfinfla
|
|switch|p2a: Haty|Hatterene, F|100/100|[from]move: Volt Switch
|move|p1a: Toxapex|Toxic Spikes|p2a: Haty
|move|p2a: Haty|Toxic Spikes|p1a: Toxapex|[from]Magic Bounce
|-sidestart|p1: asdxcaewasd|move: Toxic Spikes
|
|-heal|p1a: Toxapex|61/100|[from] item: Black Sludge
|upkeep
|turn|2
|inactive|Battle timer is ON: inactive players will automatically lose when time's up. (requested by asdxcaewasd)
|
|move|p2a: Haty|Psyshock|p1a: Toxapex
|-supereffective|p1a: Toxapex
|-damage|p1a: Toxapex|3/100
|move|p1a: Toxapex|Sludge Wave|p2a: Haty
|-supereffective|p2a: Haty
|-damage|p2a: Haty|38/100
|
|-heal|p2a: Haty|44/100|[from] item: Leftovers
|-heal|p1a: Toxapex|9/100|[from] item: Black Sludge
|upkeep
|turn|3
|
|move|p1a: Toxapex|Baneful Bunker|p1a: Toxapex
|-singleturn|p1a: Toxapex|move: Protect
|move|p2a: Haty|Psyshock|p1a: Toxapex
|-activate|p1a: Toxapex|move: Protect
|
|-heal|p2a: Haty|50/100|[from] item: Leftovers
|-heal|p1a: Toxapex|15/100|[from] item: Black Sludge
|upkeep
|turn|4
|
|switch|p1a: Rotom|Rotom-Wash|100/100
|move|p2a: Haty|Psyshock|p1a: Rotom
|-damage|p1a: Rotom|52/100
|
|-heal|p2a: Haty|56/100|[from] item: Leftovers
|upkeep
|turn|5
|
|switch|p2a: Drillher|Excadrill, F|100/100
|-ability|p2a: Drillher|Mold Breaker
|move|p1a: Rotom|Discharge|p2a: Drillher
|-immune|p2a: Drillher
|
|upkeep
|turn|6
|
|switch|p1a: Conkeldurr|Conkeldurr, F|100/100
|-status|p1a: Conkeldurr|psn
|move|p2a: Drillher|Earthquake|p1a: Conkeldurr
|-damage|p1a: Conkeldurr|56/100 psn
|
|-damage|p1a: Conkeldurr|44/100 psn|[from] psn
|upkeep
|turn|7
|
|move|p2a: Drillher|Earthquake|p1a: Conkeldurr
|-damage|p1a: Conkeldurr|0 fnt
|faint|p1a: Conkeldurr
|
|upkeep
|
|switch|p1a: Toxtricity|Toxtricity, F|100/100
|-sideend|p1: asdxcaewasd|move: Toxic Spikes|[of] p1a: Toxtricity
|turn|8
|
|switch|p1a: Rotom|Rotom-Wash|52/100
|move|p2a: Drillher|Earthquake|p1a: Rotom
|-supereffective|p1a: Rotom
|-damage|p1a: Rotom|0 fnt
|faint|p1a: Rotom
|
|upkeep
|
|switch|p1a: Dragapult|Dragapult, F|100/100
|turn|9
|
|switch|p2a: Ryte|Rotom-Wash|100/100
|move|p1a: Dragapult|Hydro Pump|p2a: Ryte
|-resisted|p2a: Ryte
|-damage|p2a: Ryte|75/100
|
|-heal|p2a: Ryte|81/100|[from] item: Leftovers
|upkeep
|turn|10
|
|switch|p1a: Toxapex|Toxapex, F|49/100
|move|p2a: Ryte|Volt Switch|p1a: Toxapex
|-supereffective|p1a: Toxapex
|-damage|p1a: Toxapex|9/100
|-message|asdxcaewasd forfeited.
|
|win|Takaxhy!
|l|☆asdxcaewasd
|raw|asdxcaewasd's rating: 1106 → 1079(-27 for losing)
|raw|Takaxhy!'s rating: 1079 → 1109(+30 for winning)
