|ScrapeTime|2020-01-02-04:05:21
|j|☆Lolololeasy
|j|☆Argon657
|player|p1|Lolololeasy|66|1506
|player|p2|Argon657|290|1503
|teamsize|p1|6
|teamsize|p2|6
|gametype|singles
|gen|8
|tier|[Gen 8] OU
|rated|
|rule|Sleep Clause Mod: Limit one foe put to sleep
|rule|Species Clause: Limit one of each Pokémon
|rule|OHKO Clause: OHKO moves are banned
|rule|Evasion Moves Clause: Evasion moves are banned
|rule|Endless Battle Clause: Forcing endless battles is banned
|rule|HP Percentage Mod: HP is shown in percentages
|clearpoke
|poke|p1|Hydreigon, M|
|poke|p1|Aegislash, F|
|poke|p1|Toxapex, F|
|poke|p1|Reuniclus, F|
|poke|p1|Excadrill, F|
|poke|p1|Tyranitar, F|
|poke|p2|Crawdaunt, M|
|poke|p2|Clefable, F|
|poke|p2|Obstagoon, M|
|poke|p2|Aegislash, M|
|poke|p2|Galvantula, M|
|poke|p2|Excadrill, M|
|rule|Dynamax Clause: You cannot dynamax
|teampreview
|inactive|Battle timer is ON: inactive players will automatically lose when time's up. (requested by Lolololeasy)
|
|start
|switch|p1a: Excadrill|Excadrill, F|100/100
|switch|p2a: Avogadro|Excadrill, M|100/100
|-ability|p2a: Avogadro|Mold Breaker
|-ability|p1a: Excadrill|Mold Breaker
|turn|1
|
|move|p2a: Avogadro|Rapid Spin|p1a: Excadrill
|-resisted|p1a: Excadrill
|-damage|p1a: Excadrill|87/100
|-boost|p2a: Avogadro|spe|1
|move|p1a: Excadrill|Earthquake|p2a: Avogadro
|-supereffective|p2a: Avogadro
|-enditem|p2a: Avogadro|Focus Sash
|-damage|p2a: Avogadro|1/100
|
|upkeep
|turn|2
|
|switch|p1a: Hydreigon|Hydreigon, M|100/100
|move|p2a: Avogadro|Earthquake|p1a: Hydreigon
|-damage|p1a: Hydreigon|40/100
|
|-heal|p1a: Hydreigon|46/100|[from] item: Leftovers
|upkeep
|turn|3
|
|switch|p1a: Reuniclus|Reuniclus, F|100/100
|move|p2a: Avogadro|Earthquake|p1a: Reuniclus
|-damage|p1a: Reuniclus|61/100
|
|-heal|p1a: Reuniclus|67/100|[from] item: Leftovers
|upkeep
|turn|4
|
|move|p2a: Avogadro|Stealth Rock|p1a: Reuniclus
|-sidestart|p1: Lolololeasy|move: Stealth Rock
|move|p1a: Reuniclus|Recover|p1a: Reuniclus
|-heal|p1a: Reuniclus|100/100
|
|upkeep
|turn|5
|
|move|p2a: Avogadro|Iron Head|p1a: Reuniclus
|-damage|p1a: Reuniclus|72/100
|cant|p1a: Reuniclus|flinch
|
|-heal|p1a: Reuniclus|78/100|[from] item: Leftovers
|upkeep
|turn|6
|
|move|p2a: Avogadro|Earthquake|p1a: Reuniclus
|-damage|p1a: Reuniclus|43/100
|move|p1a: Reuniclus|Recover|p1a: Reuniclus
|-heal|p1a: Reuniclus|93/100
|
|-heal|p1a: Reuniclus|99/100|[from] item: Leftovers
|upkeep
|turn|7
|
|move|p2a: Avogadro|Iron Head|p1a: Reuniclus
|-damage|p1a: Reuniclus|71/100
|cant|p1a: Reuniclus|flinch
|
|-heal|p1a: Reuniclus|77/100|[from] item: Leftovers
|upkeep
|turn|8
|
|move|p2a: Avogadro|Iron Head|p1a: Reuniclus
|-damage|p1a: Reuniclus|49/100
|move|p1a: Reuniclus|Recover|p1a: Reuniclus
|-heal|p1a: Reuniclus|99/100
|
|-heal|p1a: Reuniclus|100/100|[from] item: Leftovers
|upkeep
|turn|9
|
|move|p2a: Avogadro|Iron Head|p1a: Reuniclus
|-damage|p1a: Reuniclus|71/100
|cant|p1a: Reuniclus|flinch
|
|-heal|p1a: Reuniclus|77/100|[from] item: Leftovers
|upkeep
|turn|10
|
|move|p2a: Avogadro|Iron Head|p1a: Reuniclus
|-damage|p1a: Reuniclus|45/100
|move|p1a: Reuniclus|Recover|p1a: Reuniclus
|-heal|p1a: Reuniclus|95/100
|
|-heal|p1a: Reuniclus|100/100|[from] item: Leftovers
|upkeep
|turn|11
|
|move|p2a: Avogadro|Iron Head|p1a: Reuniclus
|-damage|p1a: Reuniclus|73/100
|cant|p1a: Reuniclus|flinch
|
|-heal|p1a: Reuniclus|79/100|[from] item: Leftovers
|upkeep
|turn|12
|
|move|p2a: Avogadro|Iron Head|p1a: Reuniclus
|-damage|p1a: Reuniclus|48/100
|move|p1a: Reuniclus|Recover|p1a: Reuniclus
|-heal|p1a: Reuniclus|98/100
|
|-heal|p1a: Reuniclus|100/100|[from] item: Leftovers
|upkeep
|turn|13
|
|move|p2a: Avogadro|Iron Head|p1a: Reuniclus
|-damage|p1a: Reuniclus|70/100
|cant|p1a: Reuniclus|flinch
|
|-heal|p1a: Reuniclus|76/100|[from] item: Leftovers
|upkeep
|turn|14
|
|move|p2a: Avogadro|Iron Head|p1a: Reuniclus
|-damage|p1a: Reuniclus|47/100
|cant|p1a: Reuniclus|flinch
|
|-heal|p1a: Reuniclus|54/100|[from] item: Leftovers
|upkeep
|turn|15
|
|move|p2a: Avogadro|Iron Head|p1a: Reuniclus
|-damage|p1a: Reuniclus|25/100
|cant|p1a: Reuniclus|flinch
|
|-heal|p1a: Reuniclus|31/100|[from] item: Leftovers
|upkeep
|turn|16
|
|move|p2a: Avogadro|Earthquake|p1a: Reuniclus
|-damage|p1a: Reuniclus|0 fnt
|faint|p1a: Reuniclus
|
|upkeep
|c|☆Lolololeasy|Sure
|-message|Lolololeasy forfeited.
|
|win|Argon657
|l|☆Lolololeasy
|l|☆Argon657
|raw|Lolololeasy's rating: 1506 → 1486(-20 for losing)
|raw|Argon657's rating: 1503 → 1523(+20 for winning)
|j|☆Argon657
|player|p2|Argon657|290
