|ScrapeTime|2020-01-02-12:22:24
|j|☆Neymes253
|j|☆ArkaneMaster
|player|p1|Neymes253|veteran|1252
|player|p2|ArkaneMaster|dragontamer|1241
|teamsize|p1|6
|teamsize|p2|6
|gametype|singles
|gen|8
|tier|[Gen 8] OU
|rated|
|rule|Sleep Clause Mod: Limit one foe put to sleep
|rule|Species Clause: Limit one of each Pokémon
|rule|OHKO Clause: OHKO moves are banned
|rule|Evasion Moves Clause: Evasion moves are banned
|rule|Endless Battle Clause: Forcing endless battles is banned
|rule|HP Percentage Mod: HP is shown in percentages
|clearpoke
|poke|p1|Excadrill, F|
|poke|p1|Toxtricity, M|
|poke|p1|Rillaboom, F|
|poke|p1|Obstagoon, M|
|poke|p1|Grimmsnarl, M|
|poke|p1|Togekiss, F|
|poke|p2|Dragapult, M|
|poke|p2|Excadrill, M|
|poke|p2|Hatterene, F|
|poke|p2|Toxapex, M|
|poke|p2|Cinderace, F|
|poke|p2|Hydreigon, M|
|rule|Dynamax Clause: You cannot dynamax
|teampreview
|
|start
|switch|p1a: Excadrill|Excadrill, F|100/100
|switch|p2a: Hatterene|Hatterene, F|100/100
|-ability|p1a: Excadrill|Mold Breaker
|turn|1
|
|move|p1a: Excadrill|Iron Head|p2a: Hatterene
|-supereffective|p2a: Hatterene
|-damage|p2a: Hatterene|21/100
|move|p2a: Hatterene|Mystical Fire|p1a: Excadrill
|-supereffective|p1a: Excadrill
|-damage|p1a: Excadrill|37/100
|-unboost|p1a: Excadrill|spa|1
|
|-heal|p2a: Hatterene|27/100|[from] item: Leftovers
|upkeep
|turn|2
|
|switch|p2a: Excadrill|Excadrill, M|100/100
|-ability|p2a: Excadrill|Mold Breaker
|move|p1a: Excadrill|Earthquake|p2a: Excadrill
|-supereffective|p2a: Excadrill
|-damage|p2a: Excadrill|3/100
|
|-heal|p2a: Excadrill|9/100|[from] item: Leftovers
|upkeep
|turn|3
|
|move|p2a: Excadrill|Protect|p2a: Excadrill
|-singleturn|p2a: Excadrill|Protect
|move|p1a: Excadrill|Earthquake|p2a: Excadrill
|-activate|p2a: Excadrill|move: Protect
|
|-heal|p2a: Excadrill|15/100|[from] item: Leftovers
|upkeep
|turn|4
|
|switch|p2a: Hydreigon|Hydreigon, M|100/100
|move|p1a: Excadrill|Earthquake|p2a: Hydreigon
|-damage|p2a: Hydreigon|36/100
|
|-heal|p2a: Hydreigon|42/100|[from] item: Leftovers
|upkeep
|turn|5
|
|switch|p1a: Togekiss|Togekiss, F|100/100
|move|p2a: Hydreigon|Dark Pulse|p1a: Togekiss
|-resisted|p1a: Togekiss
|-damage|p1a: Togekiss|81/100
|
|-heal|p2a: Hydreigon|48/100|[from] item: Leftovers
|upkeep
|turn|6
|
|switch|p2a: Toxapex|Toxapex, M|100/100
|move|p1a: Togekiss|Dazzling Gleam|p2a: Toxapex
|-resisted|p2a: Toxapex
|-damage|p2a: Toxapex|80/100
|-damage|p1a: Togekiss|71/100|[from] item: Life Orb
|
|-heal|p2a: Toxapex|86/100|[from] item: Black Sludge
|upkeep
|turn|7
|
|switch|p1a: Toxtricity|Toxtricity, M|100/100
|move|p2a: Toxapex|Scald|p1a: Toxtricity
|-damage|p1a: Toxtricity|73/100
|
|-heal|p2a: Toxapex|93/100|[from] item: Black Sludge
|upkeep
|turn|8
|
|switch|p2a: Excadrill|Excadrill, M|15/100
|-ability|p2a: Excadrill|Mold Breaker
|move|p1a: Toxtricity|Boomburst|p2a: Excadrill
|-resisted|p2a: Excadrill
|-damage|p2a: Excadrill|0 fnt
|faint|p2a: Excadrill
|
|upkeep
|
|switch|p2a: Hydreigon|Hydreigon, M|48/100
|turn|9
|
|move|p1a: Toxtricity|Boomburst|p2a: Hydreigon
|-damage|p2a: Hydreigon|0 fnt
|faint|p2a: Hydreigon
|
|upkeep
|
|switch|p2a: Toxapex|Toxapex, M|100/100
|turn|10
|
|switch|p1a: Obstagoon|Obstagoon, M|100/100
|move|p2a: Toxapex|Scald|p1a: Obstagoon
|-damage|p1a: Obstagoon|81/100
|
|-status|p1a: Obstagoon|brn|[from] item: Flame Orb
|upkeep
|turn|11
|
|move|p1a: Obstagoon|Knock Off|p2a: Toxapex
|-damage|p2a: Toxapex|64/100
|-enditem|p2a: Toxapex|Black Sludge|[from] move: Knock Off|[of] p1a: Obstagoon
|move|p2a: Toxapex|Scald|p1a: Obstagoon
|-damage|p1a: Obstagoon|60/100 brn
|
|-damage|p1a: Obstagoon|53/100 brn|[from] brn
|upkeep
|turn|12
|
|move|p1a: Obstagoon|Facade|p2a: Toxapex
|-damage|p2a: Toxapex|15/100
|move|p2a: Toxapex|Recover|p2a: Toxapex
|-heal|p2a: Toxapex|65/100
|
|-damage|p1a: Obstagoon|47/100 brn|[from] brn
|upkeep
|turn|13
|
|switch|p1a: Toxtricity|Toxtricity, M|73/100
|move|p2a: Toxapex|Recover|p2a: Toxapex
|-heal|p2a: Toxapex|100/100
|
|upkeep
|turn|14
|
|move|p2a: Toxapex|Baneful Bunker|p2a: Toxapex
|-singleturn|p2a: Toxapex|move: Protect
|move|p1a: Toxtricity|Overdrive|p2a: Toxapex
|-activate|p2a: Toxapex|move: Protect
|
|upkeep
|turn|15
|
|switch|p2a: Hatterene|Hatterene, F|27/100
|move|p1a: Toxtricity|Overdrive|p2a: Hatterene
|-damage|p2a: Hatterene|0 fnt
|faint|p2a: Hatterene
|
|upkeep
|
|switch|p2a: Dragapult|Dragapult, M|100/100
|turn|16
|
|switch|p1a: Togekiss|Togekiss, F|71/100
|move|p2a: Dragapult|Dragon Dance|p2a: Dragapult
|-boost|p2a: Dragapult|atk|1
|-boost|p2a: Dragapult|spe|1
|
|upkeep
|turn|17
|
|move|p2a: Dragapult|Phantom Force||[still]
|-prepare|p2a: Dragapult|Phantom Force|p1a: Togekiss
|move|p1a: Togekiss|Dazzling Gleam|p2a: Dragapult|[miss]
|-miss|p1a: Togekiss|p2a: Dragapult
|
|upkeep
|turn|18
|
|switch|p1a: Obstagoon|Obstagoon, M|47/100 brn
|move|p2a: Dragapult|Phantom Force|p1a: Obstagoon|[from]lockedmove
|-immune|p1a: Obstagoon
|
|-damage|p1a: Obstagoon|41/100 brn|[from] brn
|upkeep
|turn|19
|
|switch|p1a: Togekiss|Togekiss, F|71/100
|move|p2a: Dragapult|Dragon Darts|p1a: Togekiss
|-immune|p1a: Togekiss
|
|upkeep
|turn|20
|
|move|p2a: Dragapult|Phantom Force||[still]
|-prepare|p2a: Dragapult|Phantom Force|p1a: Togekiss
|move|p1a: Togekiss|Dazzling Gleam|p2a: Dragapult|[miss]
|-miss|p1a: Togekiss|p2a: Dragapult
|
|upkeep
|turn|21
|
|switch|p1a: Obstagoon|Obstagoon, M|41/100 brn
|move|p2a: Dragapult|Phantom Force|p1a: Obstagoon|[from]lockedmove
|-immune|p1a: Obstagoon
|
|-damage|p1a: Obstagoon|35/100 brn|[from] brn
|upkeep
|turn|22
|
|move|p2a: Dragapult|Phantom Force||[still]
|-prepare|p2a: Dragapult|Phantom Force|p1a: Obstagoon
|move|p1a: Obstagoon|Knock Off|p2a: Dragapult|[miss]
|-miss|p1a: Obstagoon|p2a: Dragapult
|
|-damage|p1a: Obstagoon|29/100 brn|[from] brn
|upkeep
|turn|23
|
|move|p2a: Dragapult|Phantom Force|p1a: Obstagoon|[from]lockedmove
|-immune|p1a: Obstagoon
|move|p1a: Obstagoon|Knock Off|p2a: Dragapult
|-supereffective|p2a: Dragapult
|-crit|p2a: Dragapult
|-enditem|p2a: Dragapult|Focus Sash
|-damage|p2a: Dragapult|1/100
|
|-damage|p1a: Obstagoon|23/100 brn|[from] brn
|upkeep
|turn|24
|
|switch|p1a: Togekiss|Togekiss, F|71/100
|move|p2a: Dragapult|Dragon Darts|p1a: Togekiss
|-immune|p1a: Togekiss
|
|upkeep
|turn|25
|
|move|p2a: Dragapult|Phantom Force||[still]
|-prepare|p2a: Dragapult|Phantom Force|p1a: Togekiss
|move|p1a: Togekiss|Dazzling Gleam|p2a: Dragapult|[miss]
|-miss|p1a: Togekiss|p2a: Dragapult
|
|upkeep
|turn|26
|
|switch|p1a: Obstagoon|Obstagoon, M|23/100 brn
|move|p2a: Dragapult|Phantom Force|p1a: Obstagoon|[from]lockedmove
|-immune|p1a: Obstagoon
|
|-damage|p1a: Obstagoon|17/100 brn|[from] brn
|upkeep
|turn|27
|
|move|p2a: Dragapult|Dragon Darts|p1a: Obstagoon
|-damage|p1a: Obstagoon|0 fnt
|-hitcount|p1a: Obstagoon|1
|faint|p1a: Obstagoon
|
|upkeep
|
|switch|p1a: Grimmsnarl|Grimmsnarl, M|100/100
|turn|28
|
|move|p1a: Grimmsnarl|Thunder Wave|p2a: Dragapult
|-status|p2a: Dragapult|par
|move|p2a: Dragapult|Dragon Darts|p1a: Grimmsnarl
|-immune|p1a: Grimmsnarl
|
|upkeep
|turn|29
|
|cant|p2a: Dragapult|par
|move|p1a: Grimmsnarl|Foul Play|p2a: Dragapult
|-supereffective|p2a: Dragapult
|-damage|p2a: Dragapult|0 fnt
|faint|p2a: Dragapult
|
|upkeep
|
|switch|p2a: Cinderace|Cinderace, F|100/100
|turn|30
|
|move|p1a: Grimmsnarl|Thunder Wave|p2a: Cinderace
|-status|p2a: Cinderace|par
|move|p2a: Cinderace|Pyro Ball|p1a: Grimmsnarl
|-damage|p1a: Grimmsnarl|34/100
|
|-heal|p1a: Grimmsnarl|40/100|[from] item: Leftovers
|upkeep
|turn|31
|
|move|p1a: Grimmsnarl|Reflect|p1a: Grimmsnarl
|-sidestart|p1: Neymes253|Reflect
|move|p2a: Cinderace|Pyro Ball|p1a: Grimmsnarl
|-damage|p1a: Grimmsnarl|4/100
|
|-heal|p1a: Grimmsnarl|10/100|[from] item: Leftovers
|upkeep
|turn|32
|
|move|p2a: Cinderace|Pyro Ball|p1a: Grimmsnarl
|-crit|p1a: Grimmsnarl
|-damage|p1a: Grimmsnarl|0 fnt
|faint|p1a: Grimmsnarl
|
|upkeep
|
|switch|p1a: Excadrill|Excadrill, F|37/100
|-ability|p1a: Excadrill|Mold Breaker
|turn|33
|
|move|p1a: Excadrill|Earthquake|p2a: Cinderace
|-supereffective|p2a: Cinderace
|-damage|p2a: Cinderace|0 fnt
|faint|p2a: Cinderace
|
|upkeep
|
|switch|p2a: Toxapex|Toxapex, M|100/100
|turn|34
|
|move|p2a: Toxapex|Baneful Bunker|p2a: Toxapex
|-singleturn|p2a: Toxapex|move: Protect
|move|p1a: Excadrill|Earthquake|p2a: Toxapex
|-activate|p2a: Toxapex|move: Protect
|
|upkeep
|turn|35
|
|move|p1a: Excadrill|Earthquake|p2a: Toxapex
|-supereffective|p2a: Toxapex
|-damage|p2a: Toxapex|31/100
|move|p2a: Toxapex|Recover|p2a: Toxapex
|-heal|p2a: Toxapex|81/100
|
|-sideend|p1: Neymes253|Reflect
|upkeep
|turn|36
|
|move|p2a: Toxapex|Baneful Bunker|p2a: Toxapex
|-singleturn|p2a: Toxapex|move: Protect
|move|p1a: Excadrill|Stealth Rock|p2a: Toxapex
|-sidestart|p2: ArkaneMaster|move: Stealth Rock
|
|upkeep
|turn|37
|
|move|p1a: Excadrill|Earthquake|p2a: Toxapex
|-supereffective|p2a: Toxapex
|-damage|p2a: Toxapex|18/100
|move|p2a: Toxapex|Recover|p2a: Toxapex
|-heal|p2a: Toxapex|68/100
|
|upkeep
|turn|38
|
|move|p1a: Excadrill|Earthquake|p2a: Toxapex
|-supereffective|p2a: Toxapex
|-damage|p2a: Toxapex|4/100
|move|p2a: Toxapex|Recover|p2a: Toxapex
|-heal|p2a: Toxapex|54/100
|
|upkeep
|turn|39
|
|move|p2a: Toxapex|Baneful Bunker|p2a: Toxapex
|-singleturn|p2a: Toxapex|move: Protect
|move|p1a: Excadrill|Stealth Rock||[still]
|-fail|p1a: Excadrill
|
|upkeep
|turn|40
|
|move|p1a: Excadrill|Earthquake|p2a: Toxapex
|-supereffective|p2a: Toxapex
|-damage|p2a: Toxapex|0 fnt
|faint|p2a: Toxapex
|
|win|Neymes253
|raw|Neymes253's rating: 1252 → 1277(+25 for winning)
|raw|ArkaneMaster's rating: 1242 → 1218(-24 for losing)
|l|☆ArkaneMaster
