|ScrapeTime|2020-01-01-05:35:30
|j|☆Pogogi
|j|☆Neutralist
|player|p1|Pogogi|169|1040
|player|p2|Neutralist|265|1003
|teamsize|p1|6
|teamsize|p2|6
|gametype|singles
|gen|8
|tier|[Gen 8] OU
|rated|
|rule|Sleep Clause Mod: Limit one foe put to sleep
|rule|Species Clause: Limit one of each Pokémon
|rule|OHKO Clause: OHKO moves are banned
|rule|Evasion Moves Clause: Evasion moves are banned
|rule|Endless Battle Clause: Forcing endless battles is banned
|rule|HP Percentage Mod: HP is shown in percentages
|clearpoke
|poke|p1|Bronzong|
|poke|p1|Gengar, M|
|poke|p1|Glaceon, F|
|poke|p1|Arcanine, M|
|poke|p1|Aegislash, F|
|poke|p1|Golisopod, M|
|poke|p2|Dracovish, L82|
|poke|p2|Galvantula, M|
|poke|p2|Toxtricity, L84, F|
|poke|p2|Togekiss, L80, M|
|poke|p2|Arctozolt|
|poke|p2|Hawlucha, M|
|rule|Dynamax Clause: You cannot dynamax
|teampreview
|
|start
|switch|p1a: Golisopod|Golisopod, M|100/100
|switch|p2a: Galvantula|Galvantula, M|100/100
|turn|1
|
|move|p2a: Galvantula|Thunder Wave|p1a: Golisopod
|-status|p1a: Golisopod|par
|move|p1a: Golisopod|Poison Jab|p2a: Galvantula
|-damage|p2a: Galvantula|61/100
|
|upkeep
|turn|2
|inactive|Battle timer is ON: inactive players will automatically lose when time's up. (requested by Neutralist)
|
|move|p2a: Galvantula|Sticky Web|p1a: Golisopod
|-sidestart|p1: Pogogi|move: Sticky Web
|move|p1a: Golisopod|Poison Jab|p2a: Galvantula
|-damage|p2a: Galvantula|23/100
|
|upkeep
|turn|3
|
|move|p2a: Galvantula|Sucker Punch|p1a: Golisopod
|-damage|p1a: Golisopod|87/100 par
|move|p1a: Golisopod|Aqua Jet|p2a: Galvantula
|-damage|p2a: Galvantula|0 fnt
|faint|p2a: Galvantula
|
|-heal|p1a: Golisopod|93/100 par|[from] item: Leftovers
|upkeep
|
|switch|p2a: Ozzy|Toxtricity, L84, F|100/100
|turn|4
|
|move|p2a: Ozzy|Discharge|p1a: Golisopod
|-supereffective|p1a: Golisopod
|-damage|p1a: Golisopod|39/100 par
|-activate|p1a: Golisopod|ability: Emergency Exit
|
|switch|p1a: Aegislash|Aegislash, F|100/100
|-activate|p1a: Aegislash|move: Sticky Web
|-unboost|p1a: Aegislash|spe|1
|
|upkeep
|turn|5
|
|switch|p2a: H O T F I S H|Dracovish, L82|100/100
|-formechange|p1a: Aegislash|Aegislash-Blade||[from] ability: Stance Change
|move|p1a: Aegislash|Gyro Ball|p2a: H O T F I S H
|-resisted|p2a: H O T F I S H
|-damage|p2a: H O T F I S H|82/100
|
|upkeep
|turn|6
|
|move|p2a: H O T F I S H|Fishious Rend|p1a: Aegislash
|-damage|p1a: Aegislash|0 fnt
|faint|p1a: Aegislash
|
|upkeep
|
|switch|p1a: Arcanine|Arcanine, M|100/100
|-activate|p1a: Arcanine|move: Sticky Web
|-unboost|p1a: Arcanine|spe|1
|-ability|p1a: Arcanine|Intimidate|boost
|-unboost|p2a: H O T F I S H|atk|1
|turn|7
|
|move|p2a: H O T F I S H|Fishious Rend|p1a: Arcanine
|-supereffective|p1a: Arcanine
|-damage|p1a: Arcanine|0 fnt
|faint|p1a: Arcanine
|
|upkeep
|
|switch|p1a: Glaceon|Glaceon, F|100/100
|-activate|p1a: Glaceon|move: Sticky Web
|-unboost|p1a: Glaceon|spe|1
|turn|8
|
|move|p1a: Glaceon|Ice Shard|p2a: H O T F I S H
|-damage|p2a: H O T F I S H|66/100
|move|p2a: H O T F I S H|Fishious Rend|p1a: Glaceon
|-damage|p1a: Glaceon|65/100
|
|-heal|p1a: Glaceon|71/100|[from] item: Leftovers
|upkeep
|turn|9
|
|switch|p2a: Jotaro|Hawlucha, M|100/100
|switch|p1a: Gengar|Gengar, M|100/100
|-activate|p1a: Gengar|move: Sticky Web
|-unboost|p1a: Gengar|spe|1
|
|upkeep
|turn|10
|
|move|p2a: Jotaro|Brave Bird|p1a: Gengar
|-damage|p1a: Gengar|0 fnt
|-damage|p2a: Jotaro|70/100|[from] Recoil
|-damage|p2a: Jotaro|60/100|[from] item: Life Orb
|faint|p1a: Gengar
|
|upkeep
|c|☆Neutralist|Eeeeee
|inactive|Pogogi has 120 seconds left.
|
|switch|p1a: Glaceon|Glaceon, F|71/100
|-activate|p1a: Glaceon|move: Sticky Web
|-unboost|p1a: Glaceon|spe|1
|turn|11
|
|move|p2a: Jotaro|Fire Punch|p1a: Glaceon
|-supereffective|p1a: Glaceon
|-damage|p1a: Glaceon|12/100
|-status|p1a: Glaceon|brn
|-damage|p2a: Jotaro|50/100|[from] item: Life Orb
|move|p1a: Glaceon|Freeze-Dry|p2a: Jotaro
|-supereffective|p2a: Jotaro
|-damage|p2a: Jotaro|0 fnt
|faint|p2a: Jotaro
|
|-heal|p1a: Glaceon|17/100 brn|[from] item: Leftovers
|-damage|p1a: Glaceon|12/100 brn|[from] brn
|upkeep
|
|switch|p2a: H O T F I S H|Dracovish, L82|66/100
|turn|12
|
|move|p2a: H O T F I S H|Fishious Rend|p1a: Glaceon
|-damage|p1a: Glaceon|0 fnt
|faint|p1a: Glaceon
|
|upkeep
|
|switch|p1a: Bronzong|Bronzong|100/100
|turn|13
|
|move|p2a: H O T F I S H|Fishious Rend|p1a: Bronzong
|-damage|p1a: Bronzong|15/100
|move|p1a: Bronzong|Flash Cannon|p2a: H O T F I S H
|-resisted|p2a: H O T F I S H
|-damage|p2a: H O T F I S H|44/100
|
|-heal|p1a: Bronzong|21/100|[from] item: Leftovers
|upkeep
|turn|14
|
|move|p2a: H O T F I S H|Fishious Rend|p1a: Bronzong
|-damage|p1a: Bronzong|0 fnt
|faint|p1a: Bronzong
|
|upkeep
|
|switch|p1a: Golisopod|Golisopod, M|39/100 par
|-activate|p1a: Golisopod|move: Sticky Web
|-unboost|p1a: Golisopod|spe|1
|turn|15
|
|move|p2a: H O T F I S H|Fishious Rend|p1a: Golisopod
|-resisted|p1a: Golisopod
|-damage|p1a: Golisopod|6/100 par
|move|p1a: Golisopod|Poison Jab|p2a: H O T F I S H
|-damage|p2a: H O T F I S H|9/100
|
|-heal|p1a: Golisopod|12/100 par|[from] item: Leftovers
|upkeep
|turn|16
|
|move|p2a: H O T F I S H|Fishious Rend|p1a: Golisopod
|-resisted|p1a: Golisopod
|-damage|p1a: Golisopod|0 fnt
|faint|p1a: Golisopod
|
|win|Neutralist
|raw|Pogogi's rating: 1040 → 1022(-18 for losing)
|raw|Neutralist's rating: 1003 → 1047(+44 for winning)
