|ScrapeTime|2020-01-02-04:06:24
|j|☆blushyy⍣
|j|☆steelrain0341
|player|p1|blushyy⍣|swimmerf-gen3rs|1387
|player|p2|steelrain0341|265|1375
|teamsize|p1|6
|teamsize|p2|6
|gametype|singles
|gen|8
|tier|[Gen 8] OU
|rated|
|rule|Sleep Clause Mod: Limit one foe put to sleep
|rule|Species Clause: Limit one of each Pokémon
|rule|OHKO Clause: OHKO moves are banned
|rule|Evasion Moves Clause: Evasion moves are banned
|rule|Endless Battle Clause: Forcing endless battles is banned
|rule|HP Percentage Mod: HP is shown in percentages
|clearpoke
|poke|p1|Froslass, F|
|poke|p1|Gastrodon, F|
|poke|p1|Reuniclus, F|
|poke|p1|Grimmsnarl, M|
|poke|p1|Flapple, F|
|poke|p1|Coalossal, F|
|poke|p2|Tyranitar, M|
|poke|p2|Excadrill, M|
|poke|p2|Ferrothorn, M|
|poke|p2|Corviknight, M|
|poke|p2|Rotom-Heat|
|poke|p2|Dragapult, M|
|rule|Dynamax Clause: You cannot dynamax
|teampreview
|j| Soy Hot Pocket
|inactive|Battle timer is ON: inactive players will automatically lose when time's up. (requested by steelrain0341)
|j| PreciousLeaf
|j| charmilly1
|j| Beeheyylmao
|j| ScratchCard
|j| blaspy
|j| New Gorilla
|c| charmilly1|tfw no gf
|c| Beeheyylmao|spoiler: spoiler: spoiler: spoiler: spoiler: spoiler:
|c|☆blushyy⍣|/log Soy Hot Pocket was promoted to Room Voice by blushyy⍣.
|n|+Soy Hot Pocket|soyhotpocket
|j| Aunty Draculina
|c|☆blushyy⍣|/log PreciousLeaf was promoted to Room Voice by blushyy⍣.
|n|+PreciousLeaf|preciousleaf
|c| New Gorilla|lol
|c| Beeheyylmao|spoiler: spoiler: spoiler: spoiler: spoiler: spoiler: spoiler: spoiler: spoiler: spoiler: spoiler: spoiler: spoiler: spoiler: spoiler: spoiler: spoiler: spoiler:
|c|☆blushyy⍣|now this is what i call OU
|j| Y0shin
|c|+PreciousLeaf|!dt charizard
|raw|UU  Charizard  BlazeSolar PowerHP78 Atk84 Def78 SpA109 SpD85 Spe100 BST534 
|raw|Dex#: 6 |&ThickSpaceGen: 1 |&ThickSpaceHeight: 1.7 m |&ThickSpaceWeight: 90.5 kg (80 BP) |&ThickSpaceDex Colour: Red |&ThickSpaceEgg Group(s): Monster, Dragon |&ThickSpaceDoes Not Evolve

|
|start
|switch|p1a: Ahuehuehue|Froslass, F|100/100
|switch|p2a: Rotom|Rotom-Heat|100/100
|turn|1
|c| Beeheyylmao|can you promote me too
|c| New Gorilla|i think all these mons are like
|c| Aunty Draculina|spoiler: __________________________________PINGAS________________________
|c| New Gorilla|top usage
|c|☆blushyy⍣|n
|c|☆blushyy⍣|you gotta be fast if you want a voice
|c| blaspy|wtf ping0rd
|c| Beeheyylmao|rip
|j| Ignis+Trueblade
|
|switch|p1a: Rhyperior-Racist|Coalossal, F|100/100
|move|p2a: Rotom|Overheat|p1a: Rhyperior-Racist
|-resisted|p1a: Rhyperior-Racist
|-damage|p1a: Rhyperior-Racist|90/100
|-unboost|p2a: Rotom|spa|2
|
|upkeep
|turn|2
|j| Zucchiking
|j| Gunkro
|c| Zucchiking|how racist is this rock
|c|+Soy Hot Pocket|I think this might actually be the most standard thing you could possibly build tbh
|
|switch|p2a: Tyranitar|Tyranitar, M|100/100
|-weather|Sandstorm|[from] ability: Sand Stream|[of] p2a: Tyranitar
|move|p1a: Rhyperior-Racist|Spikes|p2a: Tyranitar
|-sidestart|p2: steelrain0341|Spikes
|
|-weather|Sandstorm|[upkeep]
|upkeep
|turn|3
|c|+Soy Hot Pocket|start with generic corvi/rotom-h core, slap on a dragapult because why not
|
|switch|p1a: DO THE HUSTLE|Flapple, F|100/100
|move|p2a: Tyranitar|Crunch|p1a: DO THE HUSTLE
|-damage|p1a: DO THE HUSTLE|34/100
|
|-weather|Sandstorm|[upkeep]
|-damage|p1a: DO THE HUSTLE|28/100|[from] Sandstorm
|upkeep
|turn|4
|c|+Soy Hot Pocket|sand core for offense
|c|+Soy Hot Pocket|then oh shit I have no water resists add a ferro
|inactive|steelrain0341 has 120 seconds left.
|c| New Gorilla|oppo's team has
|
|move|p1a: DO THE HUSTLE|U-turn|p2a: Tyranitar|[miss]
|-miss|p1a: DO THE HUSTLE|p2a: Tyranitar
|move|p2a: Tyranitar|Crunch|p1a: DO THE HUSTLE
|-damage|p1a: DO THE HUSTLE|0 fnt
|faint|p1a: DO THE HUSTLE
|
|-weather|Sandstorm|[upkeep]
|upkeep
|c|☆blushyy⍣|based
|c|+Soy Hot Pocket|best ability
|c|+Soy Hot Pocket|of all times
|c|+PreciousLeaf|should use charizard
|
|switch|p1a: Rhyperior-Racist|Coalossal, F|90/100
|turn|5
|
|move|p2a: Tyranitar|Superpower|p1a: Rhyperior-Racist
|-supereffective|p1a: Rhyperior-Racist
|-damage|p1a: Rhyperior-Racist|27/100
|-unboost|p2a: Tyranitar|atk|1
|-unboost|p2a: Tyranitar|def|1
|move|p1a: Rhyperior-Racist|Spikes|p2a: Tyranitar
|-sidestart|p2: steelrain0341|Spikes
|
|-weather|Sandstorm|[upkeep]
|upkeep
|turn|6
|c| Ignis+Trueblade|Turns out snapping half the fully evolved dex doesn't mean shit if you let most of the top tiers survive
|c| blaspy|except zard is trash
|
|move|p2a: Tyranitar|Superpower|p1a: Rhyperior-Racist
|-supereffective|p1a: Rhyperior-Racist
|-damage|p1a: Rhyperior-Racist|0 fnt
|-unboost|p2a: Tyranitar|atk|1
|-unboost|p2a: Tyranitar|def|1
|faint|p1a: Rhyperior-Racist
|
|-weather|Sandstorm|[upkeep]
|upkeep
|c| Ignis+Trueblade|Imagine
|c| Ignis+Trueblade|Next gen
|c| blaspy|even with boots
|c|☆blushyy⍣|wtf my body
|c| Ignis+Trueblade|T-Tar gets snapped
|c|+Soy Hot Pocket|most of the top tiers didn't survive though
|
|switch|p1a: Freddy Freaker|Grimmsnarl, M|100/100
|turn|7
|c| New Gorilla|#1 #2 #4 #5 #10 #20
|
|switch|p2a: Rotom|Rotom-Heat|100/100
|move|p1a: Freddy Freaker|Substitute|p1a: Freddy Freaker
|-start|p1a: Freddy Freaker|Substitute
|-damage|p1a: Freddy Freaker|76/100
|
|-weather|Sandstorm|[upkeep]
|-damage|p2a: Rotom|95/100|[from] Sandstorm
|-damage|p1a: Freddy Freaker|70/100|[from] Sandstorm
|-heal|p1a: Freddy Freaker|76/100|[from] item: Leftovers
|upkeep
|turn|8
|c| New Gorilla|that's oppo's mons
|
|move|p1a: Freddy Freaker|Metronome|p1a: Freddy Freaker
|move|p1a: Freddy Freaker|Night Daze|p2a: Rotom|[from]Metronome|[miss]
|-miss|p1a: Freddy Freaker|p2a: Rotom
|move|p2a: Rotom|Overheat|p1a: Freddy Freaker
|-end|p1a: Freddy Freaker|Substitute
|-unboost|p2a: Rotom|spa|2
|
|-weather|Sandstorm|[upkeep]
|-damage|p2a: Rotom|89/100|[from] Sandstorm
|-damage|p1a: Freddy Freaker|70/100|[from] Sandstorm
|-heal|p1a: Freddy Freaker|76/100|[from] item: Leftovers
|upkeep
|turn|9
|c| New Gorilla|in usage
|c| Gunkro|http://i.4cdn.org/vp/1577911313875.jpg
|c| Y0shin|mr. ou and mr. vgc didnt make it
|
|switch|p2a: Excadrill|Excadrill, M|100/100
|-damage|p2a: Excadrill|84/100|[from] Spikes
|move|p1a: Freddy Freaker|Substitute|p1a: Freddy Freaker
|-start|p1a: Freddy Freaker|Substitute
|-damage|p1a: Freddy Freaker|51/100
|
|-weather|none
|-heal|p1a: Freddy Freaker|57/100|[from] item: Leftovers
|upkeep
|turn|10
|
|move|p1a: Freddy Freaker|Metronome|p1a: Freddy Freaker
|move|p1a: Freddy Freaker|Rock Polish|p1a: Freddy Freaker|[from]Metronome
|-boost|p1a: Freddy Freaker|spe|2
|move|p2a: Excadrill|Iron Head|p1a: Freddy Freaker
|-supereffective|p1a: Freddy Freaker
|-end|p1a: Freddy Freaker|Substitute
|-damage|p2a: Excadrill|74/100|[from] item: Life Orb
|
|-heal|p1a: Freddy Freaker|63/100|[from] item: Leftovers
|upkeep
|turn|11
|c| New Gorilla|night daze is in this?
|c|☆blushyy⍣|fast
|c| New Gorilla|why
|c| charmilly1|cute lesbians
|c| Ignis+Trueblade|You mean Incineroar?
|c| New Gorilla|zoroark isn't in the game
|
|switch|p1a: squishy sluge|Gastrodon, F|100/100
|move|p2a: Excadrill|Rapid Spin|p1a: squishy sluge
|-damage|p1a: squishy sluge|73/100
|-sideend|p2: steelrain0341|Spikes|[from] move: Rapid Spin|[of] p2a: Excadrill
|-boost|p2a: Excadrill|spe|1
|-damage|p2a: Excadrill|64/100|[from] item: Life Orb
|
|-heal|p1a: squishy sluge|79/100|[from] item: Leftovers
|upkeep
|turn|12
|c| Ignis+Trueblade|It lived.
|c| Ignis+Trueblade|It's "unreleased"
|c| ScratchCard|Ttar will live. Flygon'll get snapped.
|
|switch|p2a: Ferrothorn|Ferrothorn, M|100/100
|move|p1a: squishy sluge|Earthquake|p2a: Ferrothorn
|-damage|p2a: Ferrothorn|84/100
|
|-heal|p1a: squishy sluge|85/100|[from] item: Leftovers
|-heal|p2a: Ferrothorn|91/100|[from] item: Leftovers
|upkeep
|turn|13
|c| Ignis+Trueblade|But it lived
|c| Y0shin|incelroar has only been mr. vgc for a gen
|c|+Soy Hot Pocket|it's fucking hilarious that they cut over 100 moves
|c|☆blushyy⍣|heres the thorn of walling team
|c| Gunkro|When home releases you can use incineroar
|c|+Soy Hot Pocket|but they bothered to keep moves that cannot be learned by literally anything in the game
|
|switch|p1a: Jell-O|Reuniclus, F|100/100
|move|p2a: Ferrothorn|Knock Off|p1a: Jell-O
|-supereffective|p1a: Jell-O
|-damage|p1a: Jell-O|72/100
|-enditem|p1a: Jell-O|Life Orb|[from] move: Knock Off|[of] p2a: Ferrothorn
|
|-heal|p2a: Ferrothorn|97/100|[from] item: Leftovers
|upkeep
|turn|14
|
|move|p1a: Jell-O|Acid Armor|p1a: Jell-O
|-boost|p1a: Jell-O|def|2
|move|p2a: Ferrothorn|Leech Seed|p1a: Jell-O
|-start|p1a: Jell-O|move: Leech Seed
|
|-heal|p2a: Ferrothorn|100/100|[from] item: Leftovers
|upkeep
|turn|15
|c|☆blushyy⍣|good seed
|c|+PreciousLeaf|gunkro is just a gross person charmilly
|c| ScratchCard|Hidden Power was cancer. Glad that's gone
|c| Aunty Draculina|it's surprisingly hard to find high-angle two-girl selfies
|c| Gunkro|You mean like exclusive moves
|c| Beeheyylmao|L I G H T
|
|switch|p1a: Ahuehuehue|Froslass, F|100/100
|switch|p2a: Dragapult|Dragapult, M|100/100
|
|upkeep
|turn|16
|c| Beeheyylmao|O F
|c| Y0shin|fun fact: precipice blades is in the game
|c| Zucchiking|>hidden power was cancer
|c| Beeheyylmao|R U I N
|
|move|p2a: Dragapult|Shadow Ball|p1a: Ahuehuehue
|-supereffective|p1a: Ahuehuehue
|-enditem|p1a: Ahuehuehue|Focus Sash
|-damage|p1a: Ahuehuehue|1/100
|-start|p2a: Dragapult|Disable|Shadow Ball|[from] ability: Cursed Body|[of] p1a: Ahuehuehue
|move|p1a: Ahuehuehue|Ice Beam|p2a: Dragapult
|-supereffective|p2a: Dragapult
|-damage|p2a: Dragapult|0 fnt
|faint|p2a: Dragapult
|
|upkeep
|c| Zucchiking|t. likes ferro
|c| New Gorilla|zap cannon can be only learned by 4 Pokémon in galar
|c|☆blushyy⍣|donko
|c| Ignis+Trueblade|>Accelrock is programmed in the game
|c| New Gorilla|klink line
|
|switch|p2a: Tyranitar|Tyranitar, M|100/100
|-weather|Sandstorm|[from] ability: Sand Stream|[of] p2a: Tyranitar
|turn|17
|c| New Gorilla|and vikavolt
|c| Ignis+Trueblade|>Lycanroc culled
|c| Ignis+Trueblade|????
|
|move|p1a: Ahuehuehue|Destiny Bond|p1a: Ahuehuehue
|-singlemove|p1a: Ahuehuehue|Destiny Bond
|move|p2a: Tyranitar|Iron Head|p1a: Ahuehuehue
|-supereffective|p1a: Ahuehuehue
|-damage|p1a: Ahuehuehue|0 fnt
|faint|p1a: Ahuehuehue
|-activate|p1a: Ahuehuehue|move: Destiny Bond
|faint|p2a: Tyranitar
|
|-weather|Sandstorm|[upkeep]
|upkeep
|c|☆blushyy⍣|oh hey
|c|☆blushyy⍣|now we have a chance!
|c| Zucchiking|doubt
|
|switch|p1a: squishy sluge|Gastrodon, F|85/100
|switch|p2a: Excadrill|Excadrill, M|64/100
|turn|18
|c|+Soy Hot Pocket|oh
|c|+Soy Hot Pocket|night daze doesn't really count
|c| blaspy|sweep here
|c| Gunkro|I think the cull might have been later in development
|
|move|p2a: Excadrill|Earthquake|p1a: squishy sluge
|-damage|p1a: squishy sluge|7/100
|-damage|p2a: Excadrill|54/100|[from] item: Life Orb
|move|p1a: squishy sluge|Earthquake|p2a: Excadrill
|-supereffective|p2a: Excadrill
|-damage|p2a: Excadrill|0 fnt
|faint|p2a: Excadrill
|
|-weather|Sandstorm|[upkeep]
|-heal|p1a: squishy sluge|13/100|[from] item: Leftovers
|upkeep
|c|+Soy Hot Pocket|because lunala
|l| Y0shin
|
|switch|p2a: Ferrothorn|Ferrothorn, M|100/100
|turn|19
|c|☆blushyy⍣|now we really have a chance
|c|+Soy Hot Pocket|I forgot lunala learned it
|c| New Gorilla|focus punch went from being learned by 207 Pokémon
|j| Allqua
|c| New Gorilla|to 15
|
|move|p1a: squishy sluge|Recover|p1a: squishy sluge
|-heal|p1a: squishy sluge|63/100
|move|p2a: Ferrothorn|Power Whip|p1a: squishy sluge|[miss]
|-miss|p2a: Ferrothorn|p1a: squishy sluge
|
|-weather|Sandstorm|[upkeep]
|-heal|p1a: squishy sluge|69/100|[from] item: Leftovers
|upkeep
|turn|20
|
|switch|p1a: Jell-O|Reuniclus, F|72/100
|move|p2a: Ferrothorn|Power Whip|p1a: Jell-O|[miss]
|-miss|p2a: Ferrothorn|p1a: Jell-O
|
|-weather|Sandstorm|[upkeep]
|upkeep
|turn|21
|
|switch|p2a: Corviknight|Corviknight, M|100/100
|-ability|p2a: Corviknight|Pressure
|move|p1a: Jell-O|Acid Armor|p1a: Jell-O
|-boost|p1a: Jell-O|def|2
|
|-weather|Sandstorm|[upkeep]
|upkeep
|turn|22
|c|+Soy Hot Pocket|I wonder if that's worse by percentage than toxic
|c| Zucchiking|was night daze exclusive to zoroark?
|
|move|p2a: Corviknight|Substitute|p2a: Corviknight
|-start|p2a: Corviknight|Substitute
|-damage|p2a: Corviknight|76/100
|move|p1a: Jell-O|Acid Armor|p1a: Jell-O
|-boost|p1a: Jell-O|def|2
|
|-weather|Sandstorm|[upkeep]
|-heal|p2a: Corviknight|82/100|[from] item: Leftovers
|upkeep
|turn|23
|c| Gunkro|No
|
|move|p2a: Corviknight|Bulk Up|p2a: Corviknight
|-boost|p2a: Corviknight|atk|1
|-boost|p2a: Corviknight|def|1
|move|p1a: Jell-O|Acid Armor|p1a: Jell-O
|-boost|p1a: Jell-O|def|2
|
|-weather|Sandstorm|[upkeep]
|-heal|p2a: Corviknight|88/100|[from] item: Leftovers
|upkeep
|turn|24
|
|move|p2a: Corviknight|Bulk Up|p2a: Corviknight
|-boost|p2a: Corviknight|atk|1
|-boost|p2a: Corviknight|def|1
|move|p1a: Jell-O|Calm Mind|p1a: Jell-O
|-boost|p1a: Jell-O|spa|1
|-boost|p1a: Jell-O|spd|1
|
|-weather|none
|-heal|p2a: Corviknight|94/100|[from] item: Leftovers
|upkeep
|turn|25
|
|move|p2a: Corviknight|Bulk Up|p2a: Corviknight
|-boost|p2a: Corviknight|atk|1
|-boost|p2a: Corviknight|def|1
|move|p1a: Jell-O|Stored Power|p2a: Corviknight
|-resisted|p2a: Corviknight
|-end|p2a: Corviknight|Substitute
|
|-heal|p2a: Corviknight|99/100|[from] item: Leftovers
|upkeep
|turn|26
|c| Ignis+Trueblade|It was before Lunala
|c|+Soy Hot Pocket|no like I said lunala also gets it
|c| New Gorilla|lunala had it
|
|move|p2a: Corviknight|Brave Bird|p1a: Jell-O
|-damage|p1a: Jell-O|57/100
|-damage|p2a: Corviknight|94/100|[from] Recoil
|move|p1a: Jell-O|Stored Power|p2a: Corviknight
|-resisted|p2a: Corviknight
|-damage|p2a: Corviknight|56/100
|
|-heal|p2a: Corviknight|62/100|[from] item: Leftovers
|upkeep
|turn|27
|c|+Soy Hot Pocket|and lunala is programmed in galar
|c| Zucchiking|boost moar
|
|move|p2a: Corviknight|Brave Bird|p1a: Jell-O
|-damage|p1a: Jell-O|42/100
|-damage|p2a: Corviknight|57/100|[from] Recoil
|move|p1a: Jell-O|Calm Mind|p1a: Jell-O
|-boost|p1a: Jell-O|spa|1
|-boost|p1a: Jell-O|spd|1
|
|-heal|p2a: Corviknight|63/100|[from] item: Leftovers
|upkeep
|turn|28
|
|move|p2a: Corviknight|Brave Bird|p1a: Jell-O
|-damage|p1a: Jell-O|26/100
|-damage|p2a: Corviknight|58/100|[from] Recoil
|move|p1a: Jell-O|Recover|p1a: Jell-O
|-heal|p1a: Jell-O|76/100
|
|-heal|p2a: Corviknight|64/100|[from] item: Leftovers
|upkeep
|turn|29
|c| Zucchiking|and don't get critted
|
|switch|p2a: Rotom|Rotom-Heat|89/100
|move|p1a: Jell-O|Stored Power|p2a: Rotom
|-damage|p2a: Rotom|0 fnt
|faint|p2a: Rotom
|
|upkeep
|c| Ignis+Trueblade|>Inb4 Lillie superboss in MaxSwSh
|
|switch|p2a: Ferrothorn|Ferrothorn, M|100/100
|turn|30
|c|☆blushyy⍣|wew
|c|+Soy Hot Pocket|epic gamer fact about lunala: shadow shield is unaffected by mold breaker
|
|move|p1a: Jell-O|Calm Mind|p1a: Jell-O
|-boost|p1a: Jell-O|spa|1
|-boost|p1a: Jell-O|spd|1
|move|p2a: Ferrothorn|Leech Seed|p1a: Jell-O
|-start|p1a: Jell-O|move: Leech Seed
|
|upkeep
|turn|31
|c|+Soy Hot Pocket|because reasons
|c|+PreciousLeaf|lillie sucks
|c| Zucchiking|nice trick
|c| Ignis+Trueblade|>Ace is Solgaleo/Lunala
|
|move|p1a: Jell-O|Calm Mind|p1a: Jell-O
|-boost|p1a: Jell-O|spa|1
|-boost|p1a: Jell-O|spd|1
|move|p2a: Ferrothorn|Power Whip|p1a: Jell-O|[miss]
|-miss|p2a: Ferrothorn|p1a: Jell-O
|
|upkeep
|turn|32
|c| New Gorilla|toxic went from 803 to 39
|
|move|p1a: Jell-O|Stored Power|p2a: Ferrothorn
|-resisted|p2a: Ferrothorn
|-damage|p2a: Ferrothorn|0 fnt
|faint|p2a: Ferrothorn
|
|upkeep
|c| Ignis+Trueblade|>Alola Protag doesn't exist
|-message|steelrain0341 forfeited.
|
|win|blushyy⍣
|l|☆steelrain0341
|c| blaspy|>803 to 39
|raw|blushyy⍣'s rating: 1387 → 1407(+20 for winning)
|raw|steelrain0341's rating: 1375 → 1356(-19 for losing)
