|ScrapeTime|2020-01-03-01:55:11
|j|☆ZhiperX
|j|☆Liek Thieves
|player|p1|ZhiperX|265|1125
|player|p2|Liek Thieves|pokemaniac|1105
|teamsize|p1|6
|teamsize|p2|6
|gametype|singles
|gen|8
|tier|[Gen 8] OU
|rated|
|rule|Sleep Clause Mod: Limit one foe put to sleep
|rule|Species Clause: Limit one of each Pokémon
|rule|OHKO Clause: OHKO moves are banned
|rule|Evasion Moves Clause: Evasion moves are banned
|rule|Endless Battle Clause: Forcing endless battles is banned
|rule|HP Percentage Mod: HP is shown in percentages
|clearpoke
|poke|p1|Hatterene, F|
|poke|p1|Bisharp, M|
|poke|p1|Gyarados, F|
|poke|p1|Dugtrio, F|
|poke|p1|Cloyster, M|
|poke|p1|Ditto|
|poke|p2|Gyarados, M|
|poke|p2|Drednaw, M|
|poke|p2|Toxapex, M|
|poke|p2|Dracozolt|
|poke|p2|Pelipper, F|
|poke|p2|Tyranitar, F|
|rule|Dynamax Clause: You cannot dynamax
|teampreview
|inactive|Battle timer is ON: inactive players will automatically lose when time's up. (requested by ZhiperX)
|
|start
|switch|p1a: Hatterene|Hatterene, F|100/100
|switch|p2a: Pelipper|Pelipper, F|100/100
|-weather|RainDance|[from] ability: Drizzle|[of] p2a: Pelipper
|turn|1
|
|move|p2a: Pelipper|U-turn|p1a: Hatterene
|-damage|p1a: Hatterene|91/100
|
|switch|p2a: Toxapex|Toxapex, M|100/100|[from]move: U-turn
|move|p1a: Hatterene|Trick Room|p1a: Hatterene
|-fieldstart|move: Trick Room|[of] p1a: Hatterene
|
|-weather|RainDance|[upkeep]
|-heal|p1a: Hatterene|97/100|[from] item: Leftovers
|upkeep
|turn|2
|
|move|p1a: Hatterene|Psychic|p2a: Toxapex
|-supereffective|p2a: Toxapex
|-damage|p2a: Toxapex|35/100
|move|p2a: Toxapex|Sludge Bomb|p1a: Hatterene
|-supereffective|p1a: Hatterene
|-damage|p1a: Hatterene|57/100
|-status|p1a: Hatterene|psn
|
|-weather|RainDance|[upkeep]
|-heal|p1a: Hatterene|63/100 psn|[from] item: Leftovers
|-heal|p2a: Toxapex|42/100|[from] item: Black Sludge
|-damage|p1a: Hatterene|51/100 psn|[from] psn
|upkeep
|turn|3
|
|move|p2a: Toxapex|Baneful Bunker|p2a: Toxapex
|-singleturn|p2a: Toxapex|move: Protect
|move|p1a: Hatterene|Psychic|p2a: Toxapex
|-activate|p2a: Toxapex|move: Protect
|
|-weather|RainDance|[upkeep]
|-heal|p1a: Hatterene|57/100 psn|[from] item: Leftovers
|-heal|p2a: Toxapex|48/100|[from] item: Black Sludge
|-damage|p1a: Hatterene|45/100 psn|[from] psn
|upkeep
|turn|4
|
|switch|p2a: Tyranitar|Tyranitar, F|100/100
|-weather|Sandstorm|[from] ability: Sand Stream|[of] p2a: Tyranitar
|move|p1a: Hatterene|Psychic|p2a: Tyranitar
|-immune|p2a: Tyranitar
|
|-weather|Sandstorm|[upkeep]
|-damage|p1a: Hatterene|39/100 psn|[from] Sandstorm
|-heal|p1a: Hatterene|45/100 psn|[from] item: Leftovers
|-damage|p1a: Hatterene|32/100 psn|[from] psn
|upkeep
|turn|5
|
|move|p1a: Hatterene|Dazzling Gleam|p2a: Tyranitar
|-supereffective|p2a: Tyranitar
|-damage|p2a: Tyranitar|49/100
|move|p2a: Tyranitar|Stealth Rock|p1a: Hatterene
|move|p1a: Hatterene|Stealth Rock|p2a: Tyranitar|[from]Magic Bounce
|-sidestart|p2: Liek Thieves|move: Stealth Rock
|
|-weather|Sandstorm|[upkeep]
|-damage|p1a: Hatterene|26/100 psn|[from] Sandstorm
|-heal|p1a: Hatterene|32/100 psn|[from] item: Leftovers
|-heal|p2a: Tyranitar|55/100|[from] item: Leftovers
|-damage|p1a: Hatterene|20/100 psn|[from] psn
|-fieldend|move: Trick Room
|upkeep
|turn|6
|
|switch|p2a: Toxapex|Toxapex, M|81/100
|-damage|p2a: Toxapex|69/100|[from] Stealth Rock
|switch|p1a: Gyarados|Gyarados, F|100/100
|
|-weather|Sandstorm|[upkeep]
|-damage|p1a: Gyarados|94/100|[from] Sandstorm
|-damage|p2a: Toxapex|62/100|[from] Sandstorm
|-heal|p1a: Gyarados|100/100|[from] item: Leftovers
|-heal|p2a: Toxapex|69/100|[from] item: Black Sludge
|upkeep
|turn|7
|
|move|p1a: Gyarados|Dragon Dance|p1a: Gyarados
|-boost|p1a: Gyarados|atk|1
|-boost|p1a: Gyarados|spe|1
|move|p2a: Toxapex|Toxic Spikes|p1a: Gyarados
|-sidestart|p1: ZhiperX|move: Toxic Spikes
|
|-weather|Sandstorm|[upkeep]
|-damage|p1a: Gyarados|94/100|[from] Sandstorm
|-damage|p2a: Toxapex|62/100|[from] Sandstorm
|-heal|p1a: Gyarados|100/100|[from] item: Leftovers
|-heal|p2a: Toxapex|69/100|[from] item: Black Sludge
|upkeep
|turn|8
|
|move|p2a: Toxapex|Baneful Bunker|p2a: Toxapex
|-singleturn|p2a: Toxapex|move: Protect
|move|p1a: Gyarados|Dragon Dance|p1a: Gyarados
|-boost|p1a: Gyarados|atk|1
|-boost|p1a: Gyarados|spe|1
|
|-weather|none
|-heal|p2a: Toxapex|75/100|[from] item: Black Sludge
|upkeep
|turn|9
|
|move|p1a: Gyarados|Dragon Dance|p1a: Gyarados
|-boost|p1a: Gyarados|atk|1
|-boost|p1a: Gyarados|spe|1
|move|p2a: Toxapex|Toxic Spikes|p1a: Gyarados
|-sidestart|p1: ZhiperX|move: Toxic Spikes
|
|-heal|p2a: Toxapex|81/100|[from] item: Black Sludge
|upkeep
|turn|10
|
|move|p1a: Gyarados|Dragon Dance|p1a: Gyarados
|-boost|p1a: Gyarados|atk|1
|-boost|p1a: Gyarados|spe|1
|move|p2a: Toxapex|Haze|p2a: Toxapex
|-clearallboost
|
|-heal|p2a: Toxapex|87/100|[from] item: Black Sludge
|upkeep
|turn|11
|
|switch|p1a: Ditto|Ditto|100/100
|-status|p1a: Ditto|tox
|-transform|p1a: Ditto|p2a: Toxapex|[from] ability: Imposter
|move|p2a: Toxapex|Sludge Bomb|p1a: Ditto
|-resisted|p1a: Ditto
|-damage|p1a: Ditto|94/100 tox
|
|-heal|p2a: Toxapex|94/100|[from] item: Black Sludge
|-damage|p1a: Ditto|88/100 tox|[from] psn
|upkeep
|turn|12
|-message|ZhiperX forfeited.
|
|win|Liek Thieves
|l|☆ZhiperX
|raw|ZhiperX's rating: 1125 → 1098(-27 for losing)
|raw|Liek Thieves's rating: 1105 → 1131(+26 for winning)
