|ScrapeTime|2020-01-01-19:55:42
|j|☆SteeneeMallow2
|j|☆Polteaghostie
|player|p1|SteeneeMallow2|mallow|1084
|player|p2|Polteaghostie|maid|1070
|teamsize|p1|6
|teamsize|p2|6
|gametype|singles
|gen|8
|tier|[Gen 8] OU
|rated|
|rule|Sleep Clause Mod: Limit one foe put to sleep
|rule|Species Clause: Limit one of each Pokémon
|rule|OHKO Clause: OHKO moves are banned
|rule|Evasion Moves Clause: Evasion moves are banned
|rule|Endless Battle Clause: Forcing endless battles is banned
|rule|HP Percentage Mod: HP is shown in percentages
|clearpoke
|poke|p1|Pelipper, M|
|poke|p1|Barraskewda, M|
|poke|p1|Ferrothorn, M|
|poke|p1|Jolteon, M|
|poke|p1|Corviknight, M|
|poke|p1|Sableye, M|
|poke|p2|Toxtricity-Low-Key, F|
|poke|p2|Hydreigon, F|
|poke|p2|Polteageist|
|poke|p2|Clefable, F|
|poke|p2|Cloyster, F|
|poke|p2|Toxapex, M|
|rule|Dynamax Clause: You cannot dynamax
|teampreview
|
|start
|switch|p1a: Willyrex|Pelipper, M|100/100
|switch|p2a: Toxtricity|Toxtricity-Low-Key, F|100/100
|-weather|RainDance|[from] ability: Drizzle|[of] p1a: Willyrex
|turn|1
|
|switch|p1a: Jolteon|Jolteon, M|100/100
|move|p2a: Toxtricity|Overdrive|p1a: Jolteon
|-immune|p1a: Jolteon|[from] ability: Volt Absorb
|
|-weather|RainDance|[upkeep]
|upkeep
|turn|2
|
|move|p1a: Jolteon|Volt Switch|p2a: Toxtricity
|-resisted|p2a: Toxtricity
|-damage|p2a: Toxtricity|71/100
|-damage|p1a: Jolteon|91/100|[from] item: Life Orb
|
|switch|p1a: Stallero|Ferrothorn, M|100/100|[from]move: Volt Switch
|move|p2a: Toxtricity|Overdrive|p1a: Stallero
|-resisted|p1a: Stallero
|-damage|p1a: Stallero|73/100
|
|-weather|RainDance|[upkeep]
|-heal|p1a: Stallero|79/100|[from] item: Leftovers
|upkeep
|turn|3
|
|switch|p2a: Clefable|Clefable, F, shiny|100/100
|move|p1a: Stallero|Gyro Ball|p2a: Clefable
|-supereffective|p2a: Clefable
|-damage|p2a: Clefable|0 fnt
|faint|p2a: Clefable
|
|-weather|RainDance|[upkeep]
|-heal|p1a: Stallero|85/100|[from] item: Leftovers
|upkeep
|
|switch|p2a: Polteageist|Polteageist|100/100
|turn|4
|
|move|p2a: Polteageist|Shell Smash|p2a: Polteageist
|-unboost|p2a: Polteageist|def|1
|-unboost|p2a: Polteageist|spd|1
|-boost|p2a: Polteageist|atk|2
|-boost|p2a: Polteageist|spa|2
|-boost|p2a: Polteageist|spe|2
|move|p1a: Stallero|Gyro Ball|p2a: Polteageist
|-enditem|p2a: Polteageist|Focus Sash
|-damage|p2a: Polteageist|1/100
|-ability|p2a: Polteageist|Weak Armor|boost
|-unboost|p2a: Polteageist|def|1
|-boost|p2a: Polteageist|spe|2
|
|-weather|RainDance|[upkeep]
|-heal|p1a: Stallero|92/100|[from] item: Leftovers
|upkeep
|turn|5
|
|move|p2a: Polteageist|Stored Power|p1a: Stallero
|-resisted|p1a: Stallero
|-damage|p1a: Stallero|35/100
|move|p1a: Stallero|Leech Seed|p2a: Polteageist
|-start|p2a: Polteageist|move: Leech Seed
|
|-weather|RainDance|[upkeep]
|-heal|p1a: Stallero|42/100|[from] item: Leftovers
|-damage|p2a: Polteageist|0 fnt|[from] Leech Seed|[of] p1a: Stallero
|-heal|p1a: Stallero|42/100|[silent]
|faint|p2a: Polteageist
|upkeep
|
|switch|p2a: Cloyster|Cloyster, F, shiny|100/100
|turn|6
|
|move|p2a: Cloyster|Icicle Spear|p1a: Stallero
|-damage|p1a: Stallero|35/100
|-damage|p1a: Stallero|28/100
|-damage|p1a: Stallero|20/100
|-damage|p1a: Stallero|12/100
|-damage|p1a: Stallero|4/100
|-hitcount|p1a: Stallero|5
|move|p1a: Stallero|Power Whip|p2a: Cloyster
|-supereffective|p2a: Cloyster
|-damage|p2a: Cloyster|35/100
|
|-weather|RainDance|[upkeep]
|-heal|p1a: Stallero|11/100|[from] item: Leftovers
|upkeep
|turn|7
|
|move|p2a: Cloyster|Icicle Spear|p1a: Stallero
|-damage|p1a: Stallero|3/100
|-damage|p1a: Stallero|0 fnt
|-hitcount|p1a: Stallero|2
|faint|p1a: Stallero
|
|-weather|RainDance|[upkeep]
|upkeep
|
|switch|p1a: Jolteon|Jolteon, M|91/100
|turn|8
|
|move|p1a: Jolteon|Thunder|p2a: Cloyster
|-supereffective|p2a: Cloyster
|-damage|p2a: Cloyster|0 fnt
|-damage|p1a: Jolteon|81/100|[from] item: Life Orb
|faint|p2a: Cloyster
|
|-weather|none
|upkeep
|
|switch|p2a: Toxtricity|Toxtricity-Low-Key, F|71/100
|turn|9
|
|move|p1a: Jolteon|Volt Switch|p2a: Toxtricity
|-resisted|p2a: Toxtricity
|-damage|p2a: Toxtricity|36/100
|-damage|p1a: Jolteon|71/100|[from] item: Life Orb
|
|switch|p1a: Alien|Sableye, M|100/100|[from]move: Volt Switch
|move|p2a: Toxtricity|Boomburst|p1a: Alien
|-immune|p1a: Alien
|
|upkeep
|turn|10
|
|switch|p2a: Hydreigon|Hydreigon, F|100/100
|move|p1a: Alien|Rain Dance|p1a: Alien
|-weather|RainDance
|
|-weather|RainDance|[upkeep]
|upkeep
|turn|11
|
|switch|p1a: Corviknight|Corviknight, M|100/100
|move|p2a: Hydreigon|Nasty Plot|p2a: Hydreigon
|-boost|p2a: Hydreigon|spa|2
|
|-weather|RainDance|[upkeep]
|upkeep
|turn|12
|
|move|p2a: Hydreigon|Draco Meteor|p1a: Corviknight
|-resisted|p1a: Corviknight
|-damage|p1a: Corviknight|41/100
|-unboost|p2a: Hydreigon|spa|2
|move|p1a: Corviknight|Body Press|p2a: Hydreigon
|-supereffective|p2a: Hydreigon
|-damage|p2a: Hydreigon|47/100
|
|-weather|RainDance|[upkeep]
|-heal|p2a: Hydreigon|53/100|[from] item: Leftovers
|-heal|p1a: Corviknight|47/100|[from] item: Leftovers
|upkeep
|turn|13
|
|move|p2a: Hydreigon|Draco Meteor|p1a: Corviknight
|-resisted|p1a: Corviknight
|-damage|p1a: Corviknight|18/100
|-unboost|p2a: Hydreigon|spa|2
|move|p1a: Corviknight|Body Press|p2a: Hydreigon
|-supereffective|p2a: Hydreigon
|-damage|p2a: Hydreigon|0 fnt
|faint|p2a: Hydreigon
|
|-weather|RainDance|[upkeep]
|-heal|p1a: Corviknight|25/100|[from] item: Leftovers
|upkeep
|
|switch|p2a: Toxapex|Toxapex, M|100/100
|turn|14
|
|move|p1a: Corviknight|Brave Bird|p2a: Toxapex
|-damage|p2a: Toxapex|76/100
|-damage|p1a: Corviknight|18/100|[from] Recoil
|move|p2a: Toxapex|Scald|p1a: Corviknight
|-damage|p1a: Corviknight|0 fnt
|faint|p1a: Corviknight
|
|-weather|RainDance|[upkeep]
|-heal|p2a: Toxapex|82/100|[from] item: Black Sludge
|upkeep
|
|switch|p1a: Jolteon|Jolteon, M|71/100
|turn|15
|
|move|p1a: Jolteon|Thunder|p2a: Toxapex
|-supereffective|p2a: Toxapex
|-damage|p2a: Toxapex|0 fnt
|-damage|p1a: Jolteon|61/100|[from] item: Life Orb
|faint|p2a: Toxapex
|
|-weather|RainDance|[upkeep]
|upkeep
|
|switch|p2a: Toxtricity|Toxtricity-Low-Key, F|36/100
|turn|16
|
|move|p1a: Jolteon|Thunder|p2a: Toxtricity
|-resisted|p2a: Toxtricity
|-damage|p2a: Toxtricity|0 fnt
|-damage|p1a: Jolteon|51/100|[from] item: Life Orb
|faint|p2a: Toxtricity
|
|win|SteeneeMallow2
|raw|SteeneeMallow2's rating: 1084 → 1109(+25 for winning)
|raw|Polteaghostie's rating: 1052 → 1036(-16 for losing)
