|ScrapeTime|2020-01-01-07:04:50
|j|☆Bourbonsponsor
|j|☆lxz2323
|player|p1|Bourbonsponsor|unknown|1165
|player|p2|lxz2323|290|1211
|teamsize|p1|6
|teamsize|p2|6
|gametype|singles
|gen|8
|tier|[Gen 8] OU
|rated|
|rule|Sleep Clause Mod: Limit one foe put to sleep
|rule|Species Clause: Limit one of each Pokémon
|rule|OHKO Clause: OHKO moves are banned
|rule|Evasion Moves Clause: Evasion moves are banned
|rule|Endless Battle Clause: Forcing endless battles is banned
|rule|HP Percentage Mod: HP is shown in percentages
|clearpoke
|poke|p1|Bisharp, F|
|poke|p1|Heliolisk, M|
|poke|p1|Excadrill, M|
|poke|p1|Ribombee, M|
|poke|p1|Hawlucha, F|
|poke|p1|Rotom-Heat|
|poke|p2|Tyranitar, M|
|poke|p2|Excadrill, M|
|poke|p2|Sirfetch'd, M|
|poke|p2|Ferrothorn, M|
|poke|p2|Gyarados, M|
|poke|p2|Reuniclus, M|
|rule|Dynamax Clause: You cannot dynamax
|teampreview
|inactive|Battle timer is ON: inactive players will automatically lose when time's up. (requested by lxz2323)
|
|start
|switch|p1a: Ribombee|Ribombee, M|100/100
|switch|p2a: Ferrothorn|Ferrothorn, M|100/100
|turn|1
|
|move|p1a: Ribombee|Sticky Web|p2a: Ferrothorn
|-sidestart|p2: lxz2323|move: Sticky Web
|move|p2a: Ferrothorn|Gyro Ball|p1a: Ribombee
|-supereffective|p1a: Ribombee
|-enditem|p1a: Ribombee|Focus Sash
|-damage|p1a: Ribombee|1/100
|
|upkeep
|turn|2
|
|move|p1a: Ribombee|Reflect|p1a: Ribombee
|-sidestart|p1: Bourbonsponsor|Reflect
|move|p2a: Ferrothorn|Gyro Ball|p1a: Ribombee
|-supereffective|p1a: Ribombee
|-damage|p1a: Ribombee|0 fnt
|faint|p1a: Ribombee
|
|upkeep
|
|switch|p1a: Rotom|Rotom-Heat|100/100
|turn|3
|
|switch|p2a: Tyranitar|Tyranitar, M|100/100
|-activate|p2a: Tyranitar|move: Sticky Web
|-unboost|p2a: Tyranitar|spe|1
|-weather|Sandstorm|[from] ability: Sand Stream|[of] p2a: Tyranitar
|move|p1a: Rotom|Nasty Plot|p1a: Rotom
|-boost|p1a: Rotom|spa|2
|
|-weather|Sandstorm|[upkeep]
|-damage|p1a: Rotom|94/100|[from] Sandstorm
|upkeep
|turn|4
|
|move|p1a: Rotom|Thunderbolt|p2a: Tyranitar
|-damage|p2a: Tyranitar|57/100
|move|p2a: Tyranitar|Stone Edge|p1a: Rotom
|-supereffective|p1a: Rotom
|-damage|p1a: Rotom|11/100
|-enditem|p1a: Rotom|Iapapa Berry|[eat]
|-heal|p1a: Rotom|44/100|[from] item: Iapapa Berry
|
|-weather|Sandstorm|[upkeep]
|-damage|p1a: Rotom|37/100|[from] Sandstorm
|-heal|p2a: Tyranitar|63/100|[from] item: Leftovers
|upkeep
|turn|5
|
|move|p1a: Rotom|Overheat|p2a: Tyranitar
|-resisted|p2a: Tyranitar
|-damage|p2a: Tyranitar|29/100
|-unboost|p1a: Rotom|spa|2
|move|p2a: Tyranitar|Stone Edge|p1a: Rotom
|-supereffective|p1a: Rotom
|-damage|p1a: Rotom|0 fnt
|faint|p1a: Rotom
|
|-weather|Sandstorm|[upkeep]
|-heal|p2a: Tyranitar|35/100|[from] item: Leftovers
|upkeep
|
|switch|p1a: Hawlucha|Hawlucha, F|100/100
|turn|6
|
|move|p1a: Hawlucha|Close Combat|p2a: Tyranitar
|-supereffective|p2a: Tyranitar
|-damage|p2a: Tyranitar|0 fnt
|-unboost|p1a: Hawlucha|def|1
|-unboost|p1a: Hawlucha|spd|1
|-enditem|p1a: Hawlucha|White Herb
|-clearnegativeboost|p1a: Hawlucha|[silent]
|faint|p2a: Tyranitar
|
|-weather|Sandstorm|[upkeep]
|-damage|p1a: Hawlucha|94/100|[from] Sandstorm
|-sideend|p1: Bourbonsponsor|Reflect
|upkeep
|
|switch|p2a: Gyarados|Gyarados, M|100/100
|-ability|p2a: Gyarados|Intimidate|boost
|-unboost|p1a: Hawlucha|atk|1
|turn|7
|
|switch|p1a: Heliolisk|Heliolisk, M, shiny|100/100
|move|p2a: Gyarados|Dragon Dance|p2a: Gyarados
|-boost|p2a: Gyarados|atk|1
|-boost|p2a: Gyarados|spe|1
|
|-weather|none
|upkeep
|turn|8
|
|move|p2a: Gyarados|Earthquake|p1a: Heliolisk
|-supereffective|p1a: Heliolisk
|-damage|p1a: Heliolisk|0 fnt
|faint|p1a: Heliolisk
|
|upkeep
|-message|Bourbonsponsor forfeited.
|
|win|lxz2323
|l|☆Bourbonsponsor
|raw|Bourbonsponsor's rating: 1165 → 1143(-22 for losing)
|raw|lxz2323's rating: 1211 → 1232(+21 for winning)
