|ScrapeTime|2020-01-02-06:35:34
|j|☆trainerRoyal
|j|☆Judgemantis
|player|p1|trainerRoyal|hilda-dueldisk|
|player|p2|Judgemantis|1|
|teamsize|p1|6
|teamsize|p2|6
|gametype|singles
|gen|8
|tier|[Gen 8] OU
|rule|Sleep Clause Mod: Limit one foe put to sleep
|rule|Species Clause: Limit one of each Pokémon
|rule|OHKO Clause: OHKO moves are banned
|rule|Evasion Moves Clause: Evasion moves are banned
|rule|Endless Battle Clause: Forcing endless battles is banned
|rule|HP Percentage Mod: HP is shown in percentages
|clearpoke
|poke|p1|Clefable, F|
|poke|p1|Seismitoad, F|
|poke|p1|Rotom-Heat|
|poke|p1|Weavile, F|
|poke|p1|Ferrothorn, F|
|poke|p1|Gengar, F|
|poke|p2|Aegislash, M|
|poke|p2|Dracovish|
|poke|p2|Golisopod, F|
|poke|p2|Toxapex, F|
|poke|p2|Corviknight, M|
|poke|p2|Sylveon, M|
|rule|Dynamax Clause: You cannot dynamax
|teampreview
|j| RidleySloth
|c| RidleySloth|remember boys
|c| RidleySloth|no coaching
|c| RidleySloth|n johns
|c| RidleySloth|no judge
|c| RidleySloth|have a good game
|
|start
|switch|p1a: Rotom|Rotom-Heat|100/100
|switch|p2a: First impression|Golisopod, F|100/100
|turn|1
|
|move|p2a: First impression|Aqua Jet|p1a: Rotom
|-supereffective|p1a: Rotom
|-damage|p1a: Rotom|20/100
|-damage|p2a: First impression|91/100|[from] item: Life Orb
|move|p1a: Rotom|Volt Switch|p2a: First impression
|-supereffective|p2a: First impression
|-damage|p2a: First impression|22/100
|-activate|p2a: First impression|ability: Emergency Exit
|
|switch|p2a: The offense machin|Dracovish|100/100
|
|upkeep
|turn|2
|c|☆Judgemantis|Wait a minute
|c|☆Judgemantis|Why did you not switch?
|c|☆trainerRoyal|I was thinking the same
|
|switch|p1a: Seismitoad|Seismitoad, F|100/100
|move|p2a: The offense machin|Fishious Rend|p1a: Seismitoad
|-immune|p1a: Seismitoad|[from] ability: Water Absorb
|
|upkeep
|turn|3
|c| RidleySloth|under
|c| RidleySloth|standable
|
|switch|p2a: The chilvarious|Corviknight, M|100/100
|move|p1a: Seismitoad|Stealth Rock|p2a: The chilvarious
|-sidestart|p2: Judgemantis|move: Stealth Rock
|
|upkeep
|turn|4
|
|move|p1a: Seismitoad|Scald|p2a: The chilvarious
|-damage|p2a: The chilvarious|81/100
|-enditem|p2a: The chilvarious|Red Card|[of] p1a: Seismitoad
|drag|p1a: Gengar|Gengar, F|100/100
|move|p2a: The chilvarious|Brave Bird|p1a: Gengar
|-damage|p1a: Gengar|32/100
|-damage|p2a: The chilvarious|66/100|[from] Recoil
|
|upkeep
|turn|5
|c|☆Judgemantis|Damn
|c|☆Judgemantis|Rocks
|
|switch|p1a: Ferrothorn|Ferrothorn, F|100/100
|move|p2a: The chilvarious|Brave Bird|p1a: Ferrothorn
|-damage|p1a: Ferrothorn|78/100
|-damage|p2a: The chilvarious|54/100|[from] ability: Iron Barbs|[of] p1a: Ferrothorn
|-damage|p2a: The chilvarious|37/100|[from] item: Rocky Helmet|[of] p1a: Ferrothorn
|-damage|p2a: The chilvarious|31/100|[from] Recoil
|
|upkeep
|turn|6
|
|move|p2a: The chilvarious|Tailwind|p2a: The chilvarious
|-sidestart|p2: Judgemantis|move: Tailwind
|move|p1a: Ferrothorn|Leech Seed|p2a: The chilvarious
|-start|p2a: The chilvarious|move: Leech Seed
|
|-damage|p2a: The chilvarious|18/100|[from] Leech Seed|[of] p1a: Ferrothorn
|-heal|p1a: Ferrothorn|92/100|[silent]
|upkeep
|turn|7
|
|switch|p2a: The offense machin|Dracovish|100/100
|-damage|p2a: The offense machin|88/100|[from] Stealth Rock
|move|p1a: Ferrothorn|Stealth Rock||[still]
|-fail|p1a: Ferrothorn
|
|upkeep
|turn|8
|
|switch|p1a: Seismitoad|Seismitoad, F|100/100
|move|p2a: The offense machin|Ice Fang|p1a: Seismitoad
|-damage|p1a: Seismitoad|82/100
|
|-heal|p1a: Seismitoad|88/100|[from] item: Leftovers
|upkeep
|turn|9
|c|☆Judgemantis|That did shit
|c| RidleySloth|cool off
|
|move|p2a: The offense machin|Ice Fang|p1a: Seismitoad|[miss]
|-miss|p2a: The offense machin|p1a: Seismitoad
|move|p1a: Seismitoad|Toxic|p2a: The offense machin
|-status|p2a: The offense machin|tox
|
|-heal|p1a: Seismitoad|94/100|[from] item: Leftovers
|-damage|p2a: The offense machin|82/100 tox|[from] psn
|-sideend|p2: Judgemantis|move: Tailwind
|upkeep
|turn|10
|
|move|p2a: The offense machin|Ice Fang|p1a: Seismitoad
|-damage|p1a: Seismitoad|76/100
|move|p1a: Seismitoad|Earthquake|p2a: The offense machin
|-damage|p2a: The offense machin|48/100 tox
|
|-heal|p1a: Seismitoad|82/100|[from] item: Leftovers
|-damage|p2a: The offense machin|35/100 tox|[from] psn
|upkeep
|turn|11
|
|switch|p2a: The flower|Sylveon, M|100/100
|-damage|p2a: The flower|88/100|[from] Stealth Rock
|move|p1a: Seismitoad|Earthquake|p2a: The flower
|-damage|p2a: The flower|46/100
|
|-heal|p1a: Seismitoad|88/100|[from] item: Leftovers
|upkeep
|turn|12
|
|move|p1a: Seismitoad|Earthquake|p2a: The flower
|-damage|p2a: The flower|6/100
|-enditem|p2a: The flower|Iapapa Berry|[eat]
|-heal|p2a: The flower|39/100|[from] item: Iapapa Berry
|move|p2a: The flower|Wish|p2a: The flower
|
|-heal|p1a: Seismitoad|94/100|[from] item: Leftovers
|upkeep
|turn|13
|
|switch|p2a: The steel|Aegislash, M|100/100
|-damage|p2a: The steel|94/100|[from] Stealth Rock
|move|p1a: Seismitoad|Earthquake|p2a: The steel
|-supereffective|p2a: The steel
|-damage|p2a: The steel|52/100
|-enditem|p2a: The steel|Weakness Policy
|-boost|p2a: The steel|atk|2
|-boost|p2a: The steel|spa|2
|
|-heal|p2a: The steel|100/100|[from] move: Wish|[wisher] The flower
|-heal|p1a: Seismitoad|99/100|[from] item: Leftovers
|upkeep
|turn|14
|c| RidleySloth|not bad kid
|c| RidleySloth|-spider man
|c|☆Judgemantis|Lmao
|
|switch|p1a: Gengar|Gengar, F|32/100
|-formechange|p2a: The steel|Aegislash-Blade||[from] ability: Stance Change
|move|p2a: The steel|Sacred Sword|p1a: Gengar
|-immune|p1a: Gengar
|
|upkeep
|turn|15
|
|move|p2a: The steel|Shadow Sneak|p1a: Gengar
|-supereffective|p1a: Gengar
|-damage|p1a: Gengar|0 fnt
|faint|p1a: Gengar
|
|upkeep
|
|switch|p1a: Weavile|Weavile, F|100/100
|-ability|p1a: Weavile|Pressure
|turn|16
|
|move|p1a: Weavile|Throat Chop|p2a: The steel
|-supereffective|p2a: The steel
|-damage|p2a: The steel|0 fnt
|faint|p2a: The steel
|
|upkeep
|
|switch|p2a: First impression|Golisopod, F|22/100
|-damage|p2a: First impression|0 fnt|[from] Stealth Rock
|faint|p2a: First impression
|
|switch|p2a: Annoying bunker|Toxapex, F|100/100
|-damage|p2a: Annoying bunker|88/100|[from] Stealth Rock
|turn|17
|c| RidleySloth|judge had the godly stance but then a rocky bananna tripped him
|c| RidleySloth|lmao
|c|☆Judgemantis|Throat chop killing was unfortunate
|
|switch|p1a: Ferrothorn|Ferrothorn, F|92/100
|move|p2a: Annoying bunker|Scald|p1a: Ferrothorn
|-resisted|p1a: Ferrothorn
|-damage|p1a: Ferrothorn|86/100
|
|-heal|p2a: Annoying bunker|94/100|[from] item: Black Sludge
|upkeep
|turn|18
|
|move|p2a: Annoying bunker|Toxic Spikes|p1a: Ferrothorn
|-sidestart|p1: trainerRoyal|move: Toxic Spikes
|move|p1a: Ferrothorn|Leech Seed|p2a: Annoying bunker
|-start|p2a: Annoying bunker|move: Leech Seed
|
|-heal|p2a: Annoying bunker|100/100|[from] item: Black Sludge
|-damage|p2a: Annoying bunker|88/100|[from] Leech Seed|[of] p1a: Ferrothorn
|-heal|p1a: Ferrothorn|97/100|[silent]
|upkeep
|turn|19
|
|move|p2a: Annoying bunker|Toxic Spikes|p1a: Ferrothorn
|-sidestart|p1: trainerRoyal|move: Toxic Spikes
|move|p1a: Ferrothorn|Power Whip|p2a: Annoying bunker
|-damage|p2a: Annoying bunker|58/100
|
|-heal|p2a: Annoying bunker|65/100|[from] item: Black Sludge
|-damage|p2a: Annoying bunker|52/100|[from] Leech Seed|[of] p1a: Ferrothorn
|-heal|p1a: Ferrothorn|100/100|[silent]
|upkeep
|turn|20
|
|switch|p2a: The offense machin|Dracovish|35/100 tox
|-damage|p2a: The offense machin|23/100 tox|[from] Stealth Rock
|switch|p1a: Clefable|Clefable, F|100/100
|-status|p1a: Clefable|tox
|
|-damage|p2a: The offense machin|17/100 tox|[from] psn
|upkeep
|turn|21
|
|switch|p1a: Seismitoad|Seismitoad, F|99/100
|-status|p1a: Seismitoad|tox
|move|p2a: The offense machin|Psychic Fangs|p1a: Seismitoad
|-damage|p1a: Seismitoad|74/100 tox
|
|-heal|p1a: Seismitoad|80/100 tox|[from] item: Leftovers
|-damage|p2a: The offense machin|4/100 tox|[from] psn
|-damage|p1a: Seismitoad|74/100 tox|[from] psn
|upkeep
|turn|22
|
|move|p2a: The offense machin|Psychic Fangs|p1a: Seismitoad
|-damage|p1a: Seismitoad|50/100 tox
|move|p1a: Seismitoad|Earthquake|p2a: The offense machin
|-damage|p2a: The offense machin|0 fnt
|faint|p2a: The offense machin
|
|-heal|p1a: Seismitoad|57/100 tox|[from] item: Leftovers
|-damage|p1a: Seismitoad|44/100 tox|[from] psn
|upkeep
|c|☆Judgemantis|Cant damage that toad bro
|
|switch|p2a: The flower|Sylveon, M|39/100
|-damage|p2a: The flower|26/100|[from] Stealth Rock
|turn|23
|
|move|p1a: Seismitoad|Earthquake|p2a: The flower
|-damage|p2a: The flower|0 fnt
|faint|p2a: The flower
|
|-heal|p1a: Seismitoad|50/100 tox|[from] item: Leftovers
|-damage|p1a: Seismitoad|32/100 tox|[from] psn
|upkeep
|c|☆trainerRoyal|???
|
|switch|p2a: The chilvarious|Corviknight, M|18/100
|-damage|p2a: The chilvarious|6/100|[from] Stealth Rock
|turn|24
|c| RidleySloth|gg
|
|switch|p1a: Ferrothorn|Ferrothorn, F|100/100
|move|p2a: The chilvarious|Roost|p2a: The chilvarious
|-heal|p2a: The chilvarious|56/100
|-singleturn|p2a: The chilvarious|move: Roost
|
|upkeep
|turn|25
|
|move|p2a: The chilvarious|Roost|p2a: The chilvarious
|-heal|p2a: The chilvarious|100/100
|-singleturn|p2a: The chilvarious|move: Roost
|move|p1a: Ferrothorn|Leech Seed|p2a: The chilvarious
|-start|p2a: The chilvarious|move: Leech Seed
|
|-damage|p2a: The chilvarious|88/100|[from] Leech Seed|[of] p1a: Ferrothorn
|upkeep
|turn|26
|
|move|p2a: The chilvarious|Brave Bird|p1a: Ferrothorn
|-damage|p1a: Ferrothorn|79/100
|-damage|p2a: The chilvarious|76/100|[from] ability: Iron Barbs|[of] p1a: Ferrothorn
|-damage|p2a: The chilvarious|59/100|[from] item: Rocky Helmet|[of] p1a: Ferrothorn
|-damage|p2a: The chilvarious|53/100|[from] Recoil
|move|p1a: Ferrothorn|Gyro Ball|p2a: The chilvarious
|-resisted|p2a: The chilvarious
|-damage|p2a: The chilvarious|43/100
|
|-damage|p2a: The chilvarious|31/100|[from] Leech Seed|[of] p1a: Ferrothorn
|-heal|p1a: Ferrothorn|93/100|[silent]
|upkeep
|turn|27
|c|☆Judgemantis|Yea i think i lost this
|c|☆Judgemantis|Should of ran a fire move
|
|move|p2a: The chilvarious|Brave Bird|p1a: Ferrothorn
|-damage|p1a: Ferrothorn|69/100
|-damage|p2a: The chilvarious|19/100|[from] ability: Iron Barbs|[of] p1a: Ferrothorn
|-damage|p2a: The chilvarious|2/100|[from] item: Rocky Helmet|[of] p1a: Ferrothorn
|-damage|p2a: The chilvarious|0 fnt|[from] Recoil
|faint|p2a: The chilvarious
|move|p1a: Ferrothorn|Gyro Ball|p2: The chilvarious|[notarget]
|-fail|p1a: Ferrothorn
|
|upkeep
|
|switch|p2a: Annoying bunker|Toxapex, F|85/100
|-damage|p2a: Annoying bunker|73/100|[from] Stealth Rock
|turn|28
|
|move|p2a: Annoying bunker|Scald|p1a: Ferrothorn
|-resisted|p1a: Ferrothorn
|-damage|p1a: Ferrothorn|62/100
|move|p1a: Ferrothorn|Leech Seed|p2a: Annoying bunker
|-start|p2a: Annoying bunker|move: Leech Seed
|
|-heal|p2a: Annoying bunker|79/100|[from] item: Black Sludge
|-damage|p2a: Annoying bunker|67/100|[from] Leech Seed|[of] p1a: Ferrothorn
|-heal|p1a: Ferrothorn|73/100|[silent]
|upkeep
|turn|29
|
|move|p2a: Annoying bunker|Scald|p1a: Ferrothorn
|-resisted|p1a: Ferrothorn
|-damage|p1a: Ferrothorn|66/100
|move|p1a: Ferrothorn|Power Whip|p2a: Annoying bunker
|-damage|p2a: Annoying bunker|37/100
|
|-heal|p2a: Annoying bunker|43/100|[from] item: Black Sludge
|-damage|p2a: Annoying bunker|31/100|[from] Leech Seed|[of] p1a: Ferrothorn
|-heal|p1a: Ferrothorn|77/100|[silent]
|upkeep
|turn|30
|
|move|p2a: Annoying bunker|Scald|p1a: Ferrothorn
|-resisted|p1a: Ferrothorn
|-damage|p1a: Ferrothorn|70/100
|-status|p1a: Ferrothorn|brn
|move|p1a: Ferrothorn|Power Whip|p2a: Annoying bunker
|-damage|p2a: Annoying bunker|17/100
|
|-heal|p2a: Annoying bunker|23/100|[from] item: Black Sludge
|-damage|p2a: Annoying bunker|11/100|[from] Leech Seed|[of] p1a: Ferrothorn
|-heal|p1a: Ferrothorn|81/100 brn|[silent]
|-damage|p1a: Ferrothorn|75/100 brn|[from] brn
|upkeep
|turn|31
|inactive|Battle timer is ON: inactive players will automatically lose when time's up. (requested by trainerRoyal)
|
|switch|p1a: Clefable|Clefable, F|100/100 tox
|move|p2a: Annoying bunker|Scald|p1a: Clefable
|-damage|p1a: Clefable|84/100 tox
|
|-heal|p2a: Annoying bunker|17/100|[from] item: Black Sludge
|-damage|p2a: Annoying bunker|4/100|[from] Leech Seed|[of] p1a: Clefable
|-heal|p1a: Clefable|94/100 tox|[silent]
|upkeep
|turn|32
|
|move|p1a: Clefable|Thunderbolt|p2a: Annoying bunker
|-supereffective|p2a: Annoying bunker
|-crit|p2a: Annoying bunker
|-damage|p2a: Annoying bunker|0 fnt
|faint|p2a: Annoying bunker
|
|win|trainerRoyal
|c|☆trainerRoyal|ggs\
|c|☆Judgemantis|Damn
|c| RidleySloth|ggnj
|c|☆Judgemantis|Should of run a fire move
|c|☆Judgemantis|Fucking ferro
|l|☆Judgemantis
|l| RidleySloth
