|ScrapeTime|2020-01-01-14:44:42
|j|☆mikifiki
|j|☆bardock1123
|player|p1|mikifiki|224|1098
|player|p2|bardock1123|101|1132
|teamsize|p1|6
|teamsize|p2|6
|gametype|singles
|gen|8
|tier|[Gen 8] OU
|rated|
|rule|Sleep Clause Mod: Limit one foe put to sleep
|rule|Species Clause: Limit one of each Pokémon
|rule|OHKO Clause: OHKO moves are banned
|rule|Evasion Moves Clause: Evasion moves are banned
|rule|Endless Battle Clause: Forcing endless battles is banned
|rule|HP Percentage Mod: HP is shown in percentages
|clearpoke
|poke|p1|Flapple, M|
|poke|p1|Mamoswine, F|
|poke|p1|Rotom-Wash|
|poke|p1|Dragapult, F|
|poke|p1|Shuckle, F|
|poke|p1|Grimmsnarl, M|
|poke|p2|Corviknight, M|
|poke|p2|Cinderace, M|
|poke|p2|Corsola-Galar, F|
|poke|p2|Rotom-Wash|
|poke|p2|Dragapult, F|
|poke|p2|Toxapex, M|
|rule|Dynamax Clause: You cannot dynamax
|teampreview
|
|start
|switch|p1a: Shuckle|Shuckle, F|100/100
|switch|p2a: Rotom|Rotom-Wash|100/100
|turn|1
|
|move|p2a: Rotom|Hydro Pump|p1a: Shuckle
|-supereffective|p1a: Shuckle
|-damage|p1a: Shuckle|49/100
|move|p1a: Shuckle|Sticky Web|p2a: Rotom
|-sidestart|p2: bardock1123|move: Sticky Web
|
|upkeep
|turn|2
|
|switch|p2a: Corviknight|Corviknight, M|100/100
|switch|p1a: Rotom|Rotom-Wash|100/100
|
|upkeep
|turn|3
|
|switch|p2a: Dragapult|Dragapult, F|100/100
|-activate|p2a: Dragapult|move: Sticky Web
|-unboost|p2a: Dragapult|spe|1
|move|p1a: Rotom|Will-O-Wisp|p2a: Dragapult
|-status|p2a: Dragapult|brn
|
|-damage|p2a: Dragapult|95/100 brn|[from] brn
|upkeep
|turn|4
|
|move|p1a: Rotom|Protect|p1a: Rotom
|-singleturn|p1a: Rotom|Protect
|move|p2a: Dragapult|Shadow Ball|p1a: Rotom
|-activate|p1a: Rotom|move: Protect
|
|-damage|p2a: Dragapult|89/100 brn|[from] brn
|upkeep
|turn|5
|
|switch|p1a: Grimmsnarl|Grimmsnarl, M|100/100
|move|p2a: Dragapult|Shadow Ball|p1a: Grimmsnarl
|-resisted|p1a: Grimmsnarl
|-damage|p1a: Grimmsnarl|73/100
|-damage|p2a: Dragapult|79/100 brn|[from] item: Life Orb
|
|-damage|p2a: Dragapult|73/100 brn|[from] brn
|upkeep
|turn|6
|
|switch|p2a: Toxapex|Toxapex, M|100/100
|-activate|p2a: Toxapex|move: Sticky Web
|-unboost|p2a: Toxapex|spe|1
|move|p1a: Grimmsnarl|Light Screen|p1a: Grimmsnarl
|-sidestart|p1: mikifiki|move: Light Screen
|
|upkeep
|turn|7
|
|move|p1a: Grimmsnarl|Taunt|p2a: Toxapex
|-start|p2a: Toxapex|move: Taunt
|cant|p2a: Toxapex|move: Taunt|Toxic
|
|upkeep
|turn|8
|
|switch|p1a: Shuckle|Shuckle, F|49/100
|switch|p2a: Corsola|Corsola-Galar, F|100/100
|-activate|p2a: Corsola|move: Sticky Web
|-unboost|p2a: Corsola|spe|1
|
|upkeep
|turn|9
|
|move|p2a: Corsola|Night Shade|p1a: Shuckle
|-damage|p1a: Shuckle|7/100
|move|p1a: Shuckle|Stealth Rock|p2a: Corsola
|-sidestart|p2: bardock1123|move: Stealth Rock
|
|upkeep
|turn|10
|
|move|p2a: Corsola|Night Shade|p1a: Shuckle
|-damage|p1a: Shuckle|0 fnt
|faint|p1a: Shuckle
|
|upkeep
|
|switch|p1a: Rotom|Rotom-Wash|100/100
|turn|11
|
|move|p1a: Rotom|Will-O-Wisp|p2a: Corsola
|-status|p2a: Corsola|brn
|move|p2a: Corsola|Disable|p1a: Rotom
|-start|p1a: Rotom|Disable|Will-O-Wisp
|
|-damage|p2a: Corsola|94/100 brn|[from] brn
|upkeep
|turn|12
|
|move|p1a: Rotom|Hydro Pump|p2a: Corsola
|-damage|p2a: Corsola|69/100 brn
|move|p2a: Corsola|Night Shade|p1a: Rotom
|-damage|p1a: Rotom|68/100
|
|-heal|p1a: Rotom|74/100|[from] item: Leftovers
|-damage|p2a: Corsola|63/100 brn|[from] brn
|upkeep
|turn|13
|
|move|p1a: Rotom|Volt Switch|p2a: Corsola
|-damage|p2a: Corsola|47/100 brn
|
|switch|p1a: Grimmsnarl|Grimmsnarl, M|73/100|[from]move: Volt Switch
|move|p2a: Corsola|Night Shade|p1a: Grimmsnarl
|-damage|p1a: Grimmsnarl|45/100
|
|-damage|p2a: Corsola|41/100 brn|[from] brn
|-sideend|p1: mikifiki|move: Light Screen
|upkeep
|turn|14
|
|move|p1a: Grimmsnarl|Light Screen|p1a: Grimmsnarl
|-sidestart|p1: mikifiki|move: Light Screen
|move|p2a: Corsola|Strength Sap|p1a: Grimmsnarl
|-unboost|p1a: Grimmsnarl|atk|1
|-heal|p2a: Corsola|100/100 brn
|
|-damage|p2a: Corsola|94/100 brn|[from] brn
|upkeep
|turn|15
|
|move|p1a: Grimmsnarl|Taunt|p2a: Corsola
|-start|p2a: Corsola|move: Taunt
|move|p2a: Corsola|Night Shade|p1a: Grimmsnarl
|-damage|p1a: Grimmsnarl|17/100
|
|-damage|p2a: Corsola|88/100 brn|[from] brn
|upkeep
|turn|16
|
|move|p1a: Grimmsnarl|Spirit Break|p2a: Corsola
|-damage|p2a: Corsola|72/100 brn
|-unboost|p2a: Corsola|spa|1
|move|p2a: Corsola|Night Shade|p1a: Grimmsnarl
|-damage|p1a: Grimmsnarl|0 fnt
|faint|p1a: Grimmsnarl
|
|-damage|p2a: Corsola|66/100 brn|[from] brn
|upkeep
|
|switch|p1a: Flapple|Flapple, M|100/100
|turn|17
|
|switch|p2a: Corviknight|Corviknight, M|100/100
|-damage|p2a: Corviknight|88/100|[from] Stealth Rock
|move|p1a: Flapple|Sucker Punch||[still]
|-fail|p1a: Flapple
|
|-heal|p2a: Corviknight|94/100|[from] item: Leftovers
|upkeep
|turn|18
|
|switch|p1a: Rotom|Rotom-Wash|74/100
|move|p2a: Corviknight|Iron Defense|p2a: Corviknight
|-boost|p2a: Corviknight|def|2
|
|-heal|p1a: Rotom|80/100|[from] item: Leftovers
|-heal|p2a: Corviknight|100/100|[from] item: Leftovers
|upkeep
|turn|19
|
|switch|p2a: Dragapult|Dragapult, F|73/100 brn
|-activate|p2a: Dragapult|move: Sticky Web
|-unboost|p2a: Dragapult|spe|1
|-damage|p2a: Dragapult|60/100 brn|[from] Stealth Rock
|move|p1a: Rotom|Will-O-Wisp|p2a: Dragapult
|-fail|p2a: Dragapult|brn
|
|-heal|p1a: Rotom|86/100|[from] item: Leftovers
|-damage|p2a: Dragapult|54/100 brn|[from] brn
|upkeep
|turn|20
|
|move|p1a: Rotom|Protect|p1a: Rotom
|-singleturn|p1a: Rotom|Protect
|move|p2a: Dragapult|Dragon Pulse|p1a: Rotom
|-activate|p1a: Rotom|move: Protect
|
|-heal|p1a: Rotom|93/100|[from] item: Leftovers
|-damage|p2a: Dragapult|48/100 brn|[from] brn
|upkeep
|turn|21
|
|move|p2a: Dragapult|Dragon Pulse|p1a: Rotom
|-crit|p1a: Rotom
|-damage|p1a: Rotom|17/100
|-damage|p2a: Dragapult|39/100 brn|[from] item: Life Orb
|move|p1a: Rotom|Volt Switch|p2a: Dragapult
|-resisted|p2a: Dragapult
|-damage|p2a: Dragapult|21/100 brn
|
|switch|p1a: Flapple|Flapple, M|100/100|[from]move: Volt Switch
|
|-damage|p2a: Dragapult|15/100 brn|[from] brn
|-sideend|p1: mikifiki|move: Light Screen
|upkeep
|turn|22
|
|move|p1a: Flapple|Sucker Punch|p2a: Dragapult
|-supereffective|p2a: Dragapult
|-damage|p2a: Dragapult|0 fnt
|-damage|p1a: Flapple|91/100|[from] item: Life Orb
|faint|p2a: Dragapult
|
|upkeep
|
|switch|p2a: Corviknight|Corviknight, M|100/100
|-damage|p2a: Corviknight|88/100|[from] Stealth Rock
|turn|23
|
|switch|p1a: Rotom|Rotom-Wash|17/100
|move|p2a: Corviknight|Brave Bird|p1a: Rotom
|-resisted|p1a: Rotom
|-damage|p1a: Rotom|0 fnt
|-damage|p2a: Corviknight|84/100|[from] Recoil
|faint|p1a: Rotom
|
|-heal|p2a: Corviknight|90/100|[from] item: Leftovers
|upkeep
|
|switch|p1a: Dragapult|Dragapult, F|100/100
|turn|24
|
|move|p1a: Dragapult|Thunderbolt|p2a: Corviknight
|-supereffective|p2a: Corviknight
|-damage|p2a: Corviknight|16/100
|move|p2a: Corviknight|Brave Bird|p1a: Dragapult
|-damage|p1a: Dragapult|47/100
|-damage|p2a: Corviknight|2/100|[from] Recoil
|
|-heal|p2a: Corviknight|8/100|[from] item: Leftovers
|upkeep
|turn|25
|inactive|Battle timer is ON: inactive players will automatically lose when time's up. (requested by mikifiki)
|
|switch|p2a: Cinderace|Cinderace, M|100/100
|-damage|p2a: Cinderace|76/100|[from] Stealth Rock
|-activate|p2a: Cinderace|move: Sticky Web
|-unboost|p2a: Cinderace|spe|1
|move|p1a: Dragapult|Thunderbolt|p2a: Cinderace
|-damage|p2a: Cinderace|22/100
|
|-heal|p2a: Cinderace|28/100|[from] item: Leftovers
|upkeep
|turn|26
|
|move|p2a: Cinderace|Quick Attack|p1a: Dragapult
|-immune|p1a: Dragapult
|move|p1a: Dragapult|Thunderbolt|p2a: Cinderace
|-damage|p2a: Cinderace|0 fnt
|faint|p2a: Cinderace
|
|upkeep
|
|switch|p2a: Toxapex|Toxapex, M|100/100
|-activate|p2a: Toxapex|move: Sticky Web
|-unboost|p2a: Toxapex|spe|1
|-damage|p2a: Toxapex|88/100|[from] Stealth Rock
|turn|27
|
|move|p1a: Dragapult|Thunderbolt|p2a: Toxapex
|-supereffective|p2a: Toxapex
|-damage|p2a: Toxapex|35/100
|move|p2a: Toxapex|Toxic|p1a: Dragapult
|-status|p1a: Dragapult|tox
|
|-heal|p2a: Toxapex|41/100|[from] item: Leftovers
|-damage|p1a: Dragapult|41/100 tox|[from] psn
|upkeep
|turn|28
|
|switch|p1a: Mamoswine|Mamoswine, F|100/100
|move|p2a: Toxapex|Protect||[still]
|-fail|p2a: Toxapex
|
|-heal|p2a: Toxapex|47/100|[from] item: Leftovers
|upkeep
|turn|29
|
|switch|p2a: Rotom|Rotom-Wash|100/100
|-damage|p2a: Rotom|88/100|[from] Stealth Rock
|move|p1a: Mamoswine|Icicle Crash|p2a: Rotom
|-resisted|p2a: Rotom
|-damage|p2a: Rotom|52/100
|
|-heal|p2a: Rotom|58/100|[from] item: Leftovers
|upkeep
|turn|30
|
|move|p1a: Mamoswine|Icicle Crash|p2a: Rotom
|-resisted|p2a: Rotom
|-damage|p2a: Rotom|22/100
|move|p2a: Rotom|Hydro Pump|p1a: Mamoswine|[miss]
|-miss|p2a: Rotom|p1a: Mamoswine
|
|-heal|p2a: Rotom|28/100|[from] item: Leftovers
|upkeep
|turn|31
|
|move|p1a: Mamoswine|Icicle Crash|p2a: Rotom
|-resisted|p2a: Rotom
|-damage|p2a: Rotom|0 fnt
|faint|p2a: Rotom
|
|upkeep
|
|switch|p2a: Corviknight|Corviknight, M|8/100
|-damage|p2a: Corviknight|0 fnt|[from] Stealth Rock
|faint|p2a: Corviknight
|
|switch|p2a: Corsola|Corsola-Galar, F|66/100 brn
|-activate|p2a: Corsola|move: Sticky Web
|-unboost|p2a: Corsola|spe|1
|-damage|p2a: Corsola|54/100 brn|[from] Stealth Rock
|turn|32
|
|move|p1a: Mamoswine|Icicle Crash|p2a: Corsola
|-damage|p2a: Corsola|15/100 brn
|-start|p1a: Mamoswine|Disable|Icicle Crash|[from] ability: Cursed Body|[of] p2a: Corsola
|move|p2a: Corsola|Night Shade|p1a: Mamoswine
|-damage|p1a: Mamoswine|73/100
|
|-damage|p2a: Corsola|9/100 brn|[from] brn
|upkeep
|turn|33
|
|-activate|p1a: Mamoswine|move: Struggle
|move|p1a: Mamoswine|Struggle|p2a: Corsola
|-damage|p2a: Corsola|0 fnt
|-damage|p1a: Mamoswine|48/100|[from] recoil
|faint|p2a: Corsola
|
|upkeep
|
|switch|p2a: Toxapex|Toxapex, M|80/100
|-activate|p2a: Toxapex|move: Sticky Web
|-unboost|p2a: Toxapex|spe|1
|-damage|p2a: Toxapex|68/100|[from] Stealth Rock
|turn|34
|c|☆mikifiki|Gg
|
|-activate|p1a: Mamoswine|move: Struggle
|move|p1a: Mamoswine|Struggle|p2a: Toxapex
|-damage|p2a: Toxapex|50/100
|-damage|p1a: Mamoswine|23/100|[from] recoil
|move|p2a: Toxapex|Toxic|p1a: Mamoswine
|-status|p1a: Mamoswine|tox
|
|-heal|p2a: Toxapex|56/100|[from] item: Leftovers
|-damage|p1a: Mamoswine|17/100 tox|[from] psn
|upkeep
|turn|35
|
|-activate|p1a: Mamoswine|move: Struggle
|move|p1a: Mamoswine|Struggle|p2a: Toxapex
|-damage|p2a: Toxapex|38/100
|-damage|p1a: Mamoswine|0 fnt|[from] recoil
|faint|p1a: Mamoswine
|move|p2a: Toxapex|Recover|p2a: Toxapex
|-heal|p2a: Toxapex|88/100
|
|-heal|p2a: Toxapex|94/100|[from] item: Leftovers
|upkeep
|
|switch|p1a: Flapple|Flapple, M|91/100
|turn|36
|
|move|p1a: Flapple|Dragon Dance|p1a: Flapple
|-boost|p1a: Flapple|atk|1
|-boost|p1a: Flapple|spe|1
|move|p2a: Toxapex|Toxic|p1a: Flapple
|-status|p1a: Flapple|tox
|
|-heal|p2a: Toxapex|99/100|[from] item: Leftovers
|-damage|p1a: Flapple|84/100 tox|[from] psn
|upkeep
|turn|37
|
|move|p1a: Flapple|Grav Apple|p2a: Toxapex|[miss]
|-miss|p1a: Flapple|p2a: Toxapex
|move|p2a: Toxapex|Recover|p2a: Toxapex
|-heal|p2a: Toxapex|100/100
|
|-damage|p1a: Flapple|72/100 tox|[from] psn
|upkeep
|turn|38
|
|move|p2a: Toxapex|Protect|p2a: Toxapex
|-singleturn|p2a: Toxapex|Protect
|move|p1a: Flapple|Dragon Dance|p1a: Flapple
|-boost|p1a: Flapple|atk|1
|-boost|p1a: Flapple|spe|1
|
|-damage|p1a: Flapple|54/100 tox|[from] psn
|upkeep
|turn|39
|
|move|p1a: Flapple|Grav Apple|p2a: Toxapex
|-damage|p2a: Toxapex|0 fnt
|-damage|p1a: Flapple|44/100 tox|[from] item: Life Orb
|faint|p2a: Toxapex
|
|win|mikifiki
|raw|mikifiki's rating: 1098 → 1126(+28 for winning)
|raw|bardock1123's rating: 1132 → 1104(-28 for losing)
|l|☆bardock1123
