|ScrapeTime|2020-01-01-19:24:35
|j|☆Day of the walrus
|j|‽kliktuplorel
|player|p1|Day of the walrus|steven|1264
|player|p2|kliktuplorel|102|1240
|teamsize|p1|6
|teamsize|p2|6
|gametype|singles
|gen|8
|tier|[Gen 8] OU
|rated|
|rule|Sleep Clause Mod: Limit one foe put to sleep
|rule|Species Clause: Limit one of each Pokémon
|rule|OHKO Clause: OHKO moves are banned
|rule|Evasion Moves Clause: Evasion moves are banned
|rule|Endless Battle Clause: Forcing endless battles is banned
|rule|HP Percentage Mod: HP is shown in percentages
|clearpoke
|poke|p1|Gastrodon, F|
|poke|p1|Togekiss, M|
|poke|p1|Toxapex, F|
|poke|p1|Ferrothorn, M|
|poke|p1|Corviknight, M|
|poke|p1|Roserade, F|
|poke|p2|Conkeldurr, M|
|poke|p2|Hippowdon, F|
|poke|p2|Grimmsnarl, M|
|poke|p2|Mandibuzz, F|
|poke|p2|Rotom-Heat|
|poke|p2|Toxapex, F|
|rule|Dynamax Clause: You cannot dynamax
|teampreview
|inactive|Battle timer is ON: inactive players will automatically lose when time's up. (requested by kliktuplorel)
|
|start
|switch|p1a: Roserade|Roserade, F, shiny|100/100
|switch|p2a: Toxapex|Toxapex, F|100/100
|turn|1
|
|move|p1a: Roserade|Spikes|p2a: Toxapex
|-sidestart|p2: kliktuplorel|Spikes
|move|p2a: Toxapex|Toxic Spikes|p1a: Roserade
|-sidestart|p1: Day of the walrus|move: Toxic Spikes
|
|upkeep
|turn|2
|
|move|p1a: Roserade|Spikes|p2a: Toxapex
|-sidestart|p2: kliktuplorel|Spikes
|move|p2a: Toxapex|Scald|p1a: Roserade
|-resisted|p1a: Roserade
|-damage|p1a: Roserade|89/100
|-status|p1a: Roserade|brn
|
|-heal|p1a: Roserade|96/100 brn|[from] item: Black Sludge
|-damage|p1a: Roserade|89/100 brn|[from] brn
|upkeep
|turn|3
|
|move|p1a: Roserade|Spikes|p2a: Toxapex
|-sidestart|p2: kliktuplorel|Spikes
|move|p2a: Toxapex|Scald|p1a: Roserade
|-resisted|p1a: Roserade
|-damage|p1a: Roserade|78/100 brn
|
|-heal|p1a: Roserade|84/100 brn|[from] item: Black Sludge
|-damage|p1a: Roserade|78/100 brn|[from] brn
|upkeep
|turn|4
|
|switch|p2a: Mandibuzz|Mandibuzz, F|100/100
|move|p1a: Roserade|Giga Drain|p2a: Mandibuzz
|-resisted|p2a: Mandibuzz
|-crit|p2a: Mandibuzz
|-damage|p2a: Mandibuzz|73/100
|-heal|p1a: Roserade|100/100 brn|[from] drain|[of] p2a: Mandibuzz
|
|-damage|p1a: Roserade|94/100 brn|[from] brn
|upkeep
|turn|5
|
|move|p1a: Roserade|Sludge Bomb|p2a: Mandibuzz
|-damage|p2a: Mandibuzz|31/100
|-status|p2a: Mandibuzz|psn
|move|p2a: Mandibuzz|Roost|p2a: Mandibuzz
|-heal|p2a: Mandibuzz|82/100 psn
|-singleturn|p2a: Mandibuzz|move: Roost
|
|-heal|p1a: Roserade|100/100 brn|[from] item: Black Sludge
|-damage|p1a: Roserade|94/100 brn|[from] brn
|-damage|p2a: Mandibuzz|69/100 psn|[from] psn
|upkeep
|turn|6
|
|switch|p1a: Ferrothorn|Ferrothorn, M|100/100
|move|p2a: Mandibuzz|Roost|p2a: Mandibuzz
|-heal|p2a: Mandibuzz|100/100 psn
|-singleturn|p2a: Mandibuzz|move: Roost
|
|-damage|p2a: Mandibuzz|88/100 psn|[from] psn
|upkeep
|turn|7
|
|move|p2a: Mandibuzz|Defog|p1a: Ferrothorn
|-unboost|p1a: Ferrothorn|evasion|1
|-sideend|p1: Day of the walrus|Toxic Spikes|[from] move: Defog|[of] p2a: Mandibuzz
|-sideend|p2: kliktuplorel|Spikes|[from] move: Defog|[of] p2a: Mandibuzz
|move|p1a: Ferrothorn|Leech Seed|p2a: Mandibuzz
|-start|p2a: Mandibuzz|move: Leech Seed
|
|-damage|p2a: Mandibuzz|76/100 psn|[from] Leech Seed|[of] p1a: Ferrothorn
|-damage|p2a: Mandibuzz|64/100 psn|[from] psn
|upkeep
|turn|8
|
|switch|p2a: Hippowdon|Hippowdon, F|100/100
|-weather|Sandstorm|[from] ability: Sand Stream|[of] p2a: Hippowdon
|move|p1a: Ferrothorn|Toxic|p2a: Hippowdon
|-status|p2a: Hippowdon|tox
|
|-weather|Sandstorm|[upkeep]
|-damage|p2a: Hippowdon|94/100 tox|[from] psn
|upkeep
|turn|9
|
|move|p2a: Hippowdon|Stealth Rock|p1a: Ferrothorn
|-sidestart|p1: Day of the walrus|move: Stealth Rock
|move|p1a: Ferrothorn|Leech Seed|p2a: Hippowdon|[miss]
|-miss|p1a: Ferrothorn|p2a: Hippowdon
|
|-weather|Sandstorm|[upkeep]
|-heal|p2a: Hippowdon|100/100 tox|[from] item: Leftovers
|-damage|p2a: Hippowdon|88/100 tox|[from] psn
|upkeep
|turn|10
|
|switch|p2a: Toxapex|Toxapex, F|100/100
|move|p1a: Ferrothorn|Toxic|p2a: Toxapex
|-immune|p2a: Toxapex
|
|-weather|Sandstorm|[upkeep]
|-damage|p2a: Toxapex|95/100|[from] Sandstorm
|-heal|p2a: Toxapex|100/100|[from] item: Black Sludge
|upkeep
|turn|11
|
|move|p2a: Toxapex|Toxic Spikes|p1a: Ferrothorn
|-sidestart|p1: Day of the walrus|move: Toxic Spikes
|move|p1a: Ferrothorn|Leech Seed|p2a: Toxapex
|-start|p2a: Toxapex|move: Leech Seed
|
|-weather|Sandstorm|[upkeep]
|-damage|p2a: Toxapex|95/100|[from] Sandstorm
|-heal|p2a: Toxapex|100/100|[from] item: Black Sludge
|-damage|p2a: Toxapex|88/100|[from] Leech Seed|[of] p1a: Ferrothorn
|upkeep
|turn|12
|
|switch|p2a: Conkeldurr|Conkeldurr, M|100/100
|switch|p1a: Corviknight|Corviknight, M|100/100
|-damage|p1a: Corviknight|88/100|[from] Stealth Rock
|-ability|p1a: Corviknight|Pressure
|
|-weather|none
|-heal|p1a: Corviknight|94/100|[from] item: Leftovers
|-status|p2a: Conkeldurr|brn|[from] item: Flame Orb
|upkeep
|turn|13
|
|move|p1a: Corviknight|Bulk Up|p1a: Corviknight
|-boost|p1a: Corviknight|atk|1
|-boost|p1a: Corviknight|def|1
|move|p2a: Conkeldurr|Thunder Punch|p1a: Corviknight
|-supereffective|p1a: Corviknight
|-damage|p1a: Corviknight|46/100
|
|-heal|p1a: Corviknight|52/100|[from] item: Leftovers
|-damage|p2a: Conkeldurr|94/100 brn|[from] brn
|upkeep
|turn|14
|
|switch|p2a: Rotom|Rotom-Heat|100/100
|move|p1a: Corviknight|Roost|p1a: Corviknight
|-heal|p1a: Corviknight|100/100
|-singleturn|p1a: Corviknight|move: Roost
|
|upkeep
|turn|15
|
|switch|p1a: Roserade|Roserade, F, shiny|94/100
|-damage|p1a: Roserade|82/100|[from] Stealth Rock
|-sideend|p1: Day of the walrus|move: Toxic Spikes|[of] p1a: Roserade
|move|p2a: Rotom|Overheat|p1a: Roserade|[miss]
|-miss|p2a: Rotom|p1a: Roserade
|
|-heal|p1a: Roserade|88/100|[from] item: Black Sludge
|upkeep
|turn|16
|
|switch|p1a: Gastrodon|Gastrodon, F|100/100
|-damage|p1a: Gastrodon|94/100|[from] Stealth Rock
|move|p2a: Rotom|Overheat|p1a: Gastrodon
|-resisted|p1a: Gastrodon
|-damage|p1a: Gastrodon|73/100
|-unboost|p2a: Rotom|spa|2
|
|-heal|p1a: Gastrodon|79/100|[from] item: Leftovers
|upkeep
|turn|17
|
|switch|p2a: Conkeldurr|Conkeldurr, M|94/100 brn
|move|p1a: Gastrodon|Scald|p2a: Conkeldurr
|-damage|p2a: Conkeldurr|63/100 brn
|
|-heal|p1a: Gastrodon|85/100|[from] item: Leftovers
|-damage|p2a: Conkeldurr|57/100 brn|[from] brn
|upkeep
|turn|18
|
|move|p2a: Conkeldurr|Drain Punch|p1a: Gastrodon
|-damage|p1a: Gastrodon|40/100
|-heal|p2a: Conkeldurr|80/100 brn|[from] drain|[of] p1a: Gastrodon
|move|p1a: Gastrodon|Earth Power|p2a: Conkeldurr
|-damage|p2a: Conkeldurr|47/100 brn
|
|-heal|p1a: Gastrodon|47/100|[from] item: Leftovers
|-damage|p2a: Conkeldurr|41/100 brn|[from] brn
|upkeep
|turn|19
|
|move|p2a: Conkeldurr|Drain Punch|p1a: Gastrodon
|-damage|p1a: Gastrodon|3/100
|-heal|p2a: Conkeldurr|64/100 brn|[from] drain|[of] p1a: Gastrodon
|move|p1a: Gastrodon|Recover|p1a: Gastrodon
|-heal|p1a: Gastrodon|53/100
|
|-heal|p1a: Gastrodon|59/100|[from] item: Leftovers
|-damage|p2a: Conkeldurr|58/100 brn|[from] brn
|upkeep
|turn|20
|
|switch|p1a: Toxapex|Toxapex, F|100/100
|-damage|p1a: Toxapex|88/100|[from] Stealth Rock
|move|p2a: Conkeldurr|Drain Punch|p1a: Toxapex
|-resisted|p1a: Toxapex
|-damage|p1a: Toxapex|69/100
|-heal|p2a: Conkeldurr|65/100 brn|[from] drain|[of] p1a: Toxapex
|
|-heal|p1a: Toxapex|75/100|[from] item: Black Sludge
|-damage|p2a: Conkeldurr|59/100 brn|[from] brn
|upkeep
|turn|21
|
|move|p2a: Conkeldurr|Thunder Punch|p1a: Toxapex
|-supereffective|p1a: Toxapex
|-damage|p1a: Toxapex|27/100
|move|p1a: Toxapex|Recover|p1a: Toxapex
|-heal|p1a: Toxapex|77/100
|
|-heal|p1a: Toxapex|84/100|[from] item: Black Sludge
|-damage|p2a: Conkeldurr|52/100 brn|[from] brn
|upkeep
|turn|22
|
|switch|p1a: Ferrothorn|Ferrothorn, M|100/100
|-damage|p1a: Ferrothorn|95/100|[from] Stealth Rock
|move|p2a: Conkeldurr|Thunder Punch|p1a: Ferrothorn
|-resisted|p1a: Ferrothorn
|-damage|p1a: Ferrothorn|83/100
|-damage|p2a: Conkeldurr|40/100 brn|[from] ability: Iron Barbs|[of] p1a: Ferrothorn
|-damage|p2a: Conkeldurr|23/100 brn|[from] item: Rocky Helmet|[of] p1a: Ferrothorn
|
|-damage|p2a: Conkeldurr|17/100 brn|[from] brn
|upkeep
|turn|23
|
|switch|p1a: Togekiss|Togekiss, M|100/100
|-damage|p1a: Togekiss|76/100|[from] Stealth Rock
|move|p2a: Conkeldurr|Drain Punch|p1a: Togekiss
|-resisted|p1a: Togekiss
|-damage|p1a: Togekiss|58/100
|-heal|p2a: Conkeldurr|24/100 brn|[from] drain|[of] p1a: Togekiss
|
|-damage|p2a: Conkeldurr|18/100 brn|[from] brn
|upkeep
|turn|24
|
|move|p1a: Togekiss|Psychic|p2a: Conkeldurr
|-supereffective|p2a: Conkeldurr
|-damage|p2a: Conkeldurr|0 fnt
|faint|p2a: Conkeldurr
|
|upkeep
|
|switch|p2a: Grimmsnarl|Grimmsnarl, M|100/100
|turn|25
|
|move|p1a: Togekiss|Dazzling Gleam|p2a: Grimmsnarl
|-supereffective|p2a: Grimmsnarl
|-damage|p2a: Grimmsnarl|11/100
|move|p2a: Grimmsnarl|Spirit Break|p1a: Togekiss
|-damage|p1a: Togekiss|17/100
|-unboost|p1a: Togekiss|spa|1
|
|-heal|p2a: Grimmsnarl|17/100|[from] item: Leftovers
|upkeep
|turn|26
|
|switch|p2a: Toxapex|Toxapex, F|100/100
|move|p1a: Togekiss|Dazzling Gleam|p2a: Toxapex
|-resisted|p2a: Toxapex
|-damage|p2a: Toxapex|91/100
|
|-heal|p2a: Toxapex|97/100|[from] item: Black Sludge
|upkeep
|turn|27
|
|switch|p1a: Ferrothorn|Ferrothorn, M|83/100
|-damage|p1a: Ferrothorn|77/100|[from] Stealth Rock
|move|p2a: Toxapex|Toxic Spikes|p1a: Ferrothorn
|-sidestart|p1: Day of the walrus|move: Toxic Spikes
|
|-heal|p2a: Toxapex|100/100|[from] item: Black Sludge
|upkeep
|turn|28
|
|move|p2a: Toxapex|Scald|p1a: Ferrothorn
|-resisted|p1a: Ferrothorn
|-damage|p1a: Ferrothorn|70/100
|-status|p1a: Ferrothorn|brn
|move|p1a: Ferrothorn|Leech Seed|p2a: Toxapex
|-start|p2a: Toxapex|move: Leech Seed
|
|-damage|p2a: Toxapex|88/100|[from] Leech Seed|[of] p1a: Ferrothorn
|-heal|p1a: Ferrothorn|81/100 brn|[silent]
|-damage|p1a: Ferrothorn|75/100 brn|[from] brn
|upkeep
|turn|29
|
|switch|p2a: Mandibuzz|Mandibuzz, F|64/100 psn
|move|p1a: Ferrothorn|Leech Seed|p2a: Mandibuzz
|-start|p2a: Mandibuzz|move: Leech Seed
|
|-damage|p2a: Mandibuzz|51/100 psn|[from] Leech Seed|[of] p1a: Ferrothorn
|-heal|p1a: Ferrothorn|89/100 brn|[silent]
|-damage|p2a: Mandibuzz|39/100 psn|[from] psn
|-damage|p1a: Ferrothorn|83/100 brn|[from] brn
|upkeep
|turn|30
|
|switch|p2a: Toxapex|Toxapex, F|100/100
|move|p1a: Ferrothorn|Protect||[still]
|-fail|p1a: Ferrothorn
|
|-damage|p1a: Ferrothorn|77/100 brn|[from] brn
|upkeep
|turn|31
|
|move|p2a: Toxapex|Scald|p1a: Ferrothorn
|-resisted|p1a: Ferrothorn
|-damage|p1a: Ferrothorn|70/100 brn
|move|p1a: Ferrothorn|Leech Seed|p2a: Toxapex
|-start|p2a: Toxapex|move: Leech Seed
|
|-damage|p2a: Toxapex|88/100|[from] Leech Seed|[of] p1a: Ferrothorn
|-heal|p1a: Ferrothorn|81/100 brn|[silent]
|-damage|p1a: Ferrothorn|75/100 brn|[from] brn
|upkeep
|turn|32
|
|switch|p2a: Rotom|Rotom-Heat|100/100
|move|p1a: Ferrothorn|Leech Seed|p2a: Rotom
|-start|p2a: Rotom|move: Leech Seed
|
|-damage|p2a: Rotom|88/100|[from] Leech Seed|[of] p1a: Ferrothorn
|-heal|p1a: Ferrothorn|85/100 brn|[silent]
|-damage|p1a: Ferrothorn|79/100 brn|[from] brn
|upkeep
|turn|33
|
|switch|p2a: Toxapex|Toxapex, F|100/100
|move|p1a: Ferrothorn|Protect||[still]
|-fail|p1a: Ferrothorn
|
|-damage|p1a: Ferrothorn|73/100 brn|[from] brn
|upkeep
|turn|34
|
|switch|p1a: Roserade|Roserade, F, shiny|88/100
|-sideend|p1: Day of the walrus|move: Toxic Spikes|[of] p1a: Roserade
|-damage|p1a: Roserade|76/100|[from] Stealth Rock
|move|p2a: Toxapex|Scald|p1a: Roserade
|-resisted|p1a: Roserade
|-damage|p1a: Roserade|66/100
|
|-heal|p1a: Roserade|73/100|[from] item: Black Sludge
|upkeep
|turn|35
|
|move|p1a: Roserade|Spikes|p2a: Toxapex
|-sidestart|p2: kliktuplorel|Spikes
|move|p2a: Toxapex|Toxic Spikes|p1a: Roserade
|-sidestart|p1: Day of the walrus|move: Toxic Spikes
|
|-heal|p1a: Roserade|79/100|[from] item: Black Sludge
|upkeep
|turn|36
|
|move|p1a: Roserade|Giga Drain|p2a: Toxapex
|-damage|p2a: Toxapex|67/100
|-heal|p1a: Roserade|98/100|[from] drain|[of] p2a: Toxapex
|move|p2a: Toxapex|Scald|p1a: Roserade
|-resisted|p1a: Roserade
|-damage|p1a: Roserade|87/100
|
|-heal|p1a: Roserade|93/100|[from] item: Black Sludge
|-heal|p2a: Toxapex|73/100|[from] item: Black Sludge
|upkeep
|turn|37
|
|move|p1a: Roserade|Spikes|p2a: Toxapex
|-sidestart|p2: kliktuplorel|Spikes
|move|p2a: Toxapex|Recover|p2a: Toxapex
|-heal|p2a: Toxapex|100/100
|
|-heal|p1a: Roserade|99/100|[from] item: Black Sludge
|upkeep
|turn|38
|
|move|p1a: Roserade|Spikes|p2a: Toxapex
|-sidestart|p2: kliktuplorel|Spikes
|move|p2a: Toxapex|Toxic Spikes|p1a: Roserade
|-sidestart|p1: Day of the walrus|move: Toxic Spikes
|
|-heal|p1a: Roserade|100/100|[from] item: Black Sludge
|upkeep
|turn|39
|
|move|p1a: Roserade|Giga Drain|p2a: Toxapex
|-damage|p2a: Toxapex|67/100
|move|p2a: Toxapex|Toxic Spikes||[still]
|-fail|p2a: Toxapex
|
|-heal|p2a: Toxapex|72/100|[from] item: Black Sludge
|upkeep
|turn|40
|
|move|p1a: Roserade|Giga Drain|p2a: Toxapex
|-damage|p2a: Toxapex|38/100
|move|p2a: Toxapex|Recover|p2a: Toxapex
|-heal|p2a: Toxapex|89/100
|
|-heal|p2a: Toxapex|95/100|[from] item: Black Sludge
|upkeep
|turn|41
|
|switch|p1a: Corviknight|Corviknight, M|100/100
|-damage|p1a: Corviknight|88/100|[from] Stealth Rock
|-ability|p1a: Corviknight|Pressure
|move|p2a: Toxapex|Toxic Spikes||[still]
|-fail|p2a: Toxapex
|
|-heal|p1a: Corviknight|94/100|[from] item: Leftovers
|-heal|p2a: Toxapex|100/100|[from] item: Black Sludge
|upkeep
|turn|42
|
|move|p1a: Corviknight|Bulk Up|p1a: Corviknight
|-boost|p1a: Corviknight|atk|1
|-boost|p1a: Corviknight|def|1
|move|p2a: Toxapex|Toxic Spikes||[still]
|-fail|p2a: Toxapex
|
|-heal|p1a: Corviknight|100/100|[from] item: Leftovers
|upkeep
|turn|43
|
|move|p1a: Corviknight|Defog|p2a: Toxapex
|-unboost|p2a: Toxapex|evasion|1
|-sideend|p2: kliktuplorel|Spikes|[from] move: Defog|[of] p1a: Corviknight
|-sideend|p1: Day of the walrus|Toxic Spikes|[from] move: Defog|[of] p1a: Corviknight
|-sideend|p1: Day of the walrus|Stealth Rock|[from] move: Defog|[of] p1a: Corviknight
|move|p2a: Toxapex|Scald|p1a: Corviknight
|-damage|p1a: Corviknight|90/100
|
|-heal|p1a: Corviknight|96/100|[from] item: Leftovers
|upkeep
|turn|44
|
|move|p1a: Corviknight|Bulk Up|p1a: Corviknight
|-boost|p1a: Corviknight|atk|1
|-boost|p1a: Corviknight|def|1
|move|p2a: Toxapex|Toxic Spikes|p1a: Corviknight
|-sidestart|p1: Day of the walrus|move: Toxic Spikes
|
|-heal|p1a: Corviknight|100/100|[from] item: Leftovers
|upkeep
|turn|45
|
|move|p1a: Corviknight|Bulk Up|p1a: Corviknight
|-boost|p1a: Corviknight|atk|1
|-boost|p1a: Corviknight|def|1
|move|p2a: Toxapex|Haze|p2a: Toxapex
|-clearallboost
|
|upkeep
|turn|46
|
|switch|p1a: Roserade|Roserade, F, shiny|100/100
|-sideend|p1: Day of the walrus|move: Toxic Spikes|[of] p1a: Roserade
|move|p2a: Toxapex|Haze|p2a: Toxapex
|-clearallboost
|
|upkeep
|turn|47
|
|move|p1a: Roserade|Spikes|p2a: Toxapex
|-sidestart|p2: kliktuplorel|Spikes
|move|p2a: Toxapex|Toxic Spikes|p1a: Roserade
|-sidestart|p1: Day of the walrus|move: Toxic Spikes
|
|upkeep
|turn|48
|
|move|p1a: Roserade|Spikes|p2a: Toxapex
|-sidestart|p2: kliktuplorel|Spikes
|move|p2a: Toxapex|Scald|p1a: Roserade
|-resisted|p1a: Roserade
|-damage|p1a: Roserade|89/100
|
|-heal|p1a: Roserade|95/100|[from] item: Black Sludge
|upkeep
|turn|49
|
|move|p1a: Roserade|Spikes|p2a: Toxapex
|-sidestart|p2: kliktuplorel|Spikes
|move|p2a: Toxapex|Scald|p1a: Roserade
|-resisted|p1a: Roserade
|-crit|p1a: Roserade
|-damage|p1a: Roserade|79/100
|
|-heal|p1a: Roserade|85/100|[from] item: Black Sludge
|upkeep
|turn|50
|
|move|p1a: Roserade|Giga Drain|p2a: Toxapex
|-damage|p2a: Toxapex|68/100
|-heal|p1a: Roserade|100/100|[from] drain|[of] p2a: Toxapex
|move|p2a: Toxapex|Scald|p1a: Roserade
|-resisted|p1a: Roserade
|-damage|p1a: Roserade|90/100
|
|-heal|p1a: Roserade|96/100|[from] item: Black Sludge
|-heal|p2a: Toxapex|74/100|[from] item: Black Sludge
|upkeep
|turn|51
|
|move|p1a: Roserade|Giga Drain|p2a: Toxapex
|-crit|p2a: Toxapex
|-damage|p2a: Toxapex|25/100
|-heal|p1a: Roserade|100/100|[from] drain|[of] p2a: Toxapex
|move|p2a: Toxapex|Recover|p2a: Toxapex
|-heal|p2a: Toxapex|75/100
|
|-heal|p2a: Toxapex|81/100|[from] item: Black Sludge
|upkeep
|turn|52
|
|move|p1a: Roserade|Giga Drain|p2a: Toxapex
|-damage|p2a: Toxapex|48/100
|move|p2a: Toxapex|Recover|p2a: Toxapex
|-heal|p2a: Toxapex|99/100
|
|-heal|p2a: Toxapex|100/100|[from] item: Black Sludge
|upkeep
|turn|53
|
|move|p1a: Roserade|Spikes||[still]
|-fail|p1a: Roserade
|move|p2a: Toxapex|Scald|p1a: Roserade
|-resisted|p1a: Roserade
|-damage|p1a: Roserade|90/100
|
|-heal|p1a: Roserade|96/100|[from] item: Black Sludge
|upkeep
|turn|54
|
|move|p1a: Roserade|Giga Drain|p2a: Toxapex
|-damage|p2a: Toxapex|64/100
|-heal|p1a: Roserade|100/100|[from] drain|[of] p2a: Toxapex
|move|p2a: Toxapex|Scald|p1a: Roserade
|-resisted|p1a: Roserade
|-damage|p1a: Roserade|91/100
|
|-heal|p1a: Roserade|97/100|[from] item: Black Sludge
|-heal|p2a: Toxapex|70/100|[from] item: Black Sludge
|upkeep
|turn|55
|
|switch|p1a: Togekiss|Togekiss, M|17/100
|move|p2a: Toxapex|Recover|p2a: Toxapex
|-heal|p2a: Toxapex|100/100
|
|upkeep
|turn|56
|
|move|p1a: Togekiss|Psychic|p2a: Toxapex
|-supereffective|p2a: Toxapex
|-damage|p2a: Toxapex|50/100
|move|p2a: Toxapex|Haze|p2a: Toxapex
|-clearallboost
|
|-heal|p2a: Toxapex|56/100|[from] item: Black Sludge
|upkeep
|turn|57
|
|move|p1a: Togekiss|Air Slash|p2a: Toxapex
|-damage|p2a: Toxapex|25/100
|move|p2a: Toxapex|Recover|p2a: Toxapex
|-heal|p2a: Toxapex|75/100
|
|-heal|p2a: Toxapex|81/100|[from] item: Black Sludge
|upkeep
|turn|58
|
|move|p1a: Togekiss|Air Slash|p2a: Toxapex
|-damage|p2a: Toxapex|47/100
|cant|p2a: Toxapex|flinch
|
|-heal|p2a: Toxapex|53/100|[from] item: Black Sludge
|upkeep
|turn|59
|
|switch|p2a: Rotom|Rotom-Heat|88/100
|move|p1a: Togekiss|Dazzling Gleam|p2a: Rotom
|-resisted|p2a: Rotom
|-damage|p2a: Rotom|66/100
|
|upkeep
|turn|60
|
|switch|p1a: Toxapex|Toxapex, F|100/100
|-sideend|p1: Day of the walrus|move: Toxic Spikes|[of] p1a: Toxapex
|move|p2a: Rotom|Overheat|p1a: Toxapex
|-resisted|p1a: Toxapex
|-damage|p1a: Toxapex|81/100
|-unboost|p2a: Rotom|spa|2
|
|-heal|p1a: Toxapex|87/100|[from] item: Black Sludge
|upkeep
|turn|61
|
|switch|p2a: Toxapex|Toxapex, F|86/100
|-damage|p2a: Toxapex|62/100|[from] Spikes
|move|p1a: Toxapex|Toxic|p2a: Toxapex
|-immune|p2a: Toxapex
|
|-heal|p1a: Toxapex|94/100|[from] item: Black Sludge
|-heal|p2a: Toxapex|67/100|[from] item: Black Sludge
|upkeep
|turn|62
|
|move|p2a: Toxapex|Toxic Spikes|p1a: Toxapex
|-sidestart|p1: Day of the walrus|move: Toxic Spikes
|move|p1a: Toxapex|Scald|p2a: Toxapex
|-resisted|p2a: Toxapex
|-damage|p2a: Toxapex|61/100
|
|-heal|p1a: Toxapex|99/100|[from] item: Black Sludge
|-heal|p2a: Toxapex|67/100|[from] item: Black Sludge
|upkeep
|turn|63
|
|move|p1a: Toxapex|Scald|p2a: Toxapex
|-resisted|p2a: Toxapex
|-damage|p2a: Toxapex|60/100
|-status|p2a: Toxapex|brn
|move|p2a: Toxapex|Recover|p2a: Toxapex
|-heal|p2a: Toxapex|100/100 brn
|
|-heal|p1a: Toxapex|100/100|[from] item: Black Sludge
|-damage|p2a: Toxapex|95/100 brn|[from] brn
|upkeep
|turn|64
|
|switch|p1a: Roserade|Roserade, F, shiny|97/100
|-sideend|p1: Day of the walrus|move: Toxic Spikes|[of] p1a: Roserade
|move|p2a: Toxapex|Toxic Spikes|p1a: Roserade
|-sidestart|p1: Day of the walrus|move: Toxic Spikes
|
|-heal|p1a: Roserade|100/100|[from] item: Black Sludge
|-heal|p2a: Toxapex|100/100 brn|[from] item: Black Sludge
|-damage|p2a: Toxapex|95/100 brn|[from] brn
|upkeep
|turn|65
|
|switch|p1a: Toxapex|Toxapex, F|100/100
|-sideend|p1: Day of the walrus|move: Toxic Spikes|[of] p1a: Toxapex
|move|p2a: Toxapex|Recover|p2a: Toxapex
|-heal|p2a: Toxapex|100/100 brn
|
|-damage|p2a: Toxapex|95/100 brn|[from] brn
|upkeep
|turn|66
|
|switch|p1a: Gastrodon|Gastrodon, F|59/100
|move|p2a: Toxapex|Toxic Spikes|p1a: Gastrodon
|-sidestart|p1: Day of the walrus|move: Toxic Spikes
|
|-heal|p1a: Gastrodon|65/100|[from] item: Leftovers
|-heal|p2a: Toxapex|100/100 brn|[from] item: Black Sludge
|-damage|p2a: Toxapex|95/100 brn|[from] brn
|upkeep
|turn|67
|
|move|p1a: Gastrodon|Scald|p2a: Toxapex
|-resisted|p2a: Toxapex
|-damage|p2a: Toxapex|83/100 brn
|move|p2a: Toxapex|Recover|p2a: Toxapex
|-heal|p2a: Toxapex|100/100 brn
|
|-heal|p1a: Gastrodon|71/100|[from] item: Leftovers
|-damage|p2a: Toxapex|95/100 brn|[from] brn
|upkeep
|turn|68
|
|move|p1a: Gastrodon|Earth Power|p2a: Toxapex
|-supereffective|p2a: Toxapex
|-damage|p2a: Toxapex|50/100 brn
|-unboost|p2a: Toxapex|spd|1
|move|p2a: Toxapex|Recover|p2a: Toxapex
|-heal|p2a: Toxapex|100/100 brn
|
|-heal|p1a: Gastrodon|77/100|[from] item: Leftovers
|-damage|p2a: Toxapex|95/100 brn|[from] brn
|upkeep
|turn|69
|
|move|p1a: Gastrodon|Scald|p2a: Toxapex
|-resisted|p2a: Toxapex
|-damage|p2a: Toxapex|77/100 brn
|move|p2a: Toxapex|Recover|p2a: Toxapex
|-heal|p2a: Toxapex|100/100 brn
|
|-heal|p1a: Gastrodon|83/100|[from] item: Leftovers
|-damage|p2a: Toxapex|95/100 brn|[from] brn
|upkeep
|turn|70
|
|move|p1a: Gastrodon|Earth Power|p2a: Toxapex
|-supereffective|p2a: Toxapex
|-damage|p2a: Toxapex|17/100 brn
|move|p2a: Toxapex|Recover|p2a: Toxapex
|-heal|p2a: Toxapex|67/100 brn
|
|-heal|p1a: Gastrodon|89/100|[from] item: Leftovers
|-heal|p2a: Toxapex|73/100 brn|[from] item: Black Sludge
|-damage|p2a: Toxapex|67/100 brn|[from] brn
|upkeep
|turn|71
|
|switch|p2a: Grimmsnarl|Grimmsnarl, M|17/100
|-damage|p2a: Grimmsnarl|0 fnt|[from] Spikes
|faint|p2a: Grimmsnarl
|move|p1a: Gastrodon|Scald|p2: Grimmsnarl|[notarget]
|-fail|p1a: Gastrodon
|
|-heal|p1a: Gastrodon|96/100|[from] item: Leftovers
|upkeep
|
|switch|p2a: Mandibuzz|Mandibuzz, F|39/100 psn
|turn|72
|
|move|p2a: Mandibuzz|Roost|p2a: Mandibuzz
|-heal|p2a: Mandibuzz|89/100 psn
|-singleturn|p2a: Mandibuzz|move: Roost
|move|p1a: Gastrodon|Scald|p2a: Mandibuzz
|-crit|p2a: Mandibuzz
|-damage|p2a: Mandibuzz|59/100 psn
|
|-heal|p1a: Gastrodon|100/100|[from] item: Leftovers
|-damage|p2a: Mandibuzz|46/100 psn|[from] psn
|upkeep
|turn|73
|
|move|p2a: Mandibuzz|Roost|p2a: Mandibuzz
|-heal|p2a: Mandibuzz|96/100 psn
|-singleturn|p2a: Mandibuzz|move: Roost
|move|p1a: Gastrodon|Earth Power|p2a: Mandibuzz
|-damage|p2a: Mandibuzz|73/100 psn
|
|-damage|p2a: Mandibuzz|61/100 psn|[from] psn
|upkeep
|turn|74
|
|move|p2a: Mandibuzz|Roost|p2a: Mandibuzz
|-heal|p2a: Mandibuzz|100/100 psn
|-singleturn|p2a: Mandibuzz|move: Roost
|move|p1a: Gastrodon|Scald|p2a: Mandibuzz
|-damage|p2a: Mandibuzz|79/100 psn
|
|-damage|p2a: Mandibuzz|67/100 psn|[from] psn
|upkeep
|turn|75
|
|switch|p1a: Corviknight|Corviknight, M|100/100
|-ability|p1a: Corviknight|Pressure
|move|p2a: Mandibuzz|Roost|p2a: Mandibuzz
|-heal|p2a: Mandibuzz|100/100 psn
|-singleturn|p2a: Mandibuzz|move: Roost
|
|-damage|p2a: Mandibuzz|88/100 psn|[from] psn
|upkeep
|turn|76
|
|move|p2a: Mandibuzz|Defog|p1a: Corviknight
|-unboost|p1a: Corviknight|evasion|1
|-sideend|p1: Day of the walrus|Toxic Spikes|[from] move: Defog|[of] p2a: Mandibuzz
|-sideend|p2: kliktuplorel|Spikes|[from] move: Defog|[of] p2a: Mandibuzz
|move|p1a: Corviknight|Bulk Up|p1a: Corviknight
|-boost|p1a: Corviknight|atk|1
|-boost|p1a: Corviknight|def|1
|
|-damage|p2a: Mandibuzz|76/100 psn|[from] psn
|upkeep
|turn|77
|
|switch|p2a: Rotom|Rotom-Heat|66/100
|move|p1a: Corviknight|Bulk Up|p1a: Corviknight
|-boost|p1a: Corviknight|atk|1
|-boost|p1a: Corviknight|def|1
|
|upkeep
|turn|78
|
|switch|p1a: Gastrodon|Gastrodon, F|100/100
|move|p2a: Rotom|Will-O-Wisp|p1a: Gastrodon
|-status|p1a: Gastrodon|brn
|
|-damage|p1a: Gastrodon|94/100 brn|[from] brn
|upkeep
|turn|79
|
|switch|p2a: Hippowdon|Hippowdon, F|88/100 tox
|-weather|Sandstorm|[from] ability: Sand Stream|[of] p2a: Hippowdon
|move|p1a: Gastrodon|Scald|p2a: Hippowdon
|-supereffective|p2a: Hippowdon
|-damage|p2a: Hippowdon|45/100 tox
|
|-weather|Sandstorm|[upkeep]
|-heal|p2a: Hippowdon|51/100 tox|[from] item: Leftovers
|-heal|p1a: Gastrodon|100/100 brn|[from] item: Leftovers
|-damage|p2a: Hippowdon|45/100 tox|[from] psn
|-damage|p1a: Gastrodon|94/100 brn|[from] brn
|upkeep
|turn|80
|
|move|p2a: Hippowdon|Stealth Rock|p1a: Gastrodon
|-sidestart|p1: Day of the walrus|move: Stealth Rock
|move|p1a: Gastrodon|Scald|p2a: Hippowdon
|-supereffective|p2a: Hippowdon
|-damage|p2a: Hippowdon|0 fnt
|faint|p2a: Hippowdon
|
|-weather|Sandstorm|[upkeep]
|-heal|p1a: Gastrodon|100/100 brn|[from] item: Leftovers
|-damage|p1a: Gastrodon|94/100 brn|[from] brn
|upkeep
|
|switch|p2a: Mandibuzz|Mandibuzz, F|76/100 psn
|turn|81
|
|switch|p1a: Ferrothorn|Ferrothorn, M|73/100 brn
|-damage|p1a: Ferrothorn|67/100 brn|[from] Stealth Rock
|move|p2a: Mandibuzz|Foul Play|p1a: Ferrothorn
|-damage|p1a: Ferrothorn|50/100 brn
|-damage|p2a: Mandibuzz|64/100 psn|[from] ability: Iron Barbs|[of] p1a: Ferrothorn
|-damage|p2a: Mandibuzz|47/100 psn|[from] item: Rocky Helmet|[of] p1a: Ferrothorn
|
|-weather|Sandstorm|[upkeep]
|-damage|p2a: Mandibuzz|35/100 psn|[from] psn
|-damage|p1a: Ferrothorn|44/100 brn|[from] brn
|upkeep
|turn|82
|
|move|p2a: Mandibuzz|Roost|p2a: Mandibuzz
|-heal|p2a: Mandibuzz|85/100 psn
|-singleturn|p2a: Mandibuzz|move: Roost
|move|p1a: Ferrothorn|Leech Seed|p2a: Mandibuzz
|-start|p2a: Mandibuzz|move: Leech Seed
|
|-weather|Sandstorm|[upkeep]
|-damage|p2a: Mandibuzz|73/100 psn|[from] Leech Seed|[of] p1a: Ferrothorn
|-heal|p1a: Ferrothorn|59/100 brn|[silent]
|-damage|p2a: Mandibuzz|60/100 psn|[from] psn
|-damage|p1a: Ferrothorn|53/100 brn|[from] brn
|upkeep
|turn|83
|
|switch|p2a: Toxapex|Toxapex, F|99/100 brn
|move|p1a: Ferrothorn|Gyro Ball|p2a: Toxapex
|-resisted|p2a: Toxapex
|-damage|p2a: Toxapex|96/100 brn
|
|-weather|none
|-heal|p2a: Toxapex|100/100 brn|[from] item: Black Sludge
|-damage|p2a: Toxapex|95/100 brn|[from] brn
|-damage|p1a: Ferrothorn|47/100 brn|[from] brn
|upkeep
|turn|84
|
|switch|p2a: Rotom|Rotom-Heat|66/100
|move|p1a: Ferrothorn|Leech Seed|p2a: Rotom
|-start|p2a: Rotom|move: Leech Seed
|
|-damage|p2a: Rotom|54/100|[from] Leech Seed|[of] p1a: Ferrothorn
|-heal|p1a: Ferrothorn|58/100 brn|[silent]
|-damage|p1a: Ferrothorn|52/100 brn|[from] brn
|upkeep
|turn|85
|
|move|p1a: Ferrothorn|Protect|p1a: Ferrothorn
|-singleturn|p1a: Ferrothorn|Protect
|move|p2a: Rotom|Overheat|p1a: Ferrothorn
|-activate|p1a: Ferrothorn|move: Protect
|
|-damage|p2a: Rotom|41/100|[from] Leech Seed|[of] p1a: Ferrothorn
|-heal|p1a: Ferrothorn|62/100 brn|[silent]
|-damage|p1a: Ferrothorn|56/100 brn|[from] brn
|upkeep
|turn|86
|
|switch|p1a: Gastrodon|Gastrodon, F|94/100 brn
|-damage|p1a: Gastrodon|88/100 brn|[from] Stealth Rock
|move|p2a: Rotom|Overheat|p1a: Gastrodon
|-resisted|p1a: Gastrodon
|-damage|p1a: Gastrodon|63/100 brn
|-unboost|p2a: Rotom|spa|2
|
|-heal|p1a: Gastrodon|70/100 brn|[from] item: Leftovers
|-damage|p2a: Rotom|29/100|[from] Leech Seed|[of] p1a: Gastrodon
|-heal|p1a: Gastrodon|78/100 brn|[silent]
|-damage|p1a: Gastrodon|72/100 brn|[from] brn
|upkeep
|turn|87
|
|switch|p2a: Mandibuzz|Mandibuzz, F|60/100 psn
|move|p1a: Gastrodon|Earth Power|p2a: Mandibuzz
|-immune|p2a: Mandibuzz
|
|-heal|p1a: Gastrodon|78/100 brn|[from] item: Leftovers
|-damage|p2a: Mandibuzz|48/100 psn|[from] psn
|-damage|p1a: Gastrodon|72/100 brn|[from] brn
|upkeep
|turn|88
|
|move|p2a: Mandibuzz|Roost|p2a: Mandibuzz
|-heal|p2a: Mandibuzz|98/100 psn
|-singleturn|p2a: Mandibuzz|move: Roost
|move|p1a: Gastrodon|Scald|p2a: Mandibuzz
|-damage|p2a: Mandibuzz|76/100 psn
|
|-heal|p1a: Gastrodon|78/100 brn|[from] item: Leftovers
|-damage|p2a: Mandibuzz|64/100 psn|[from] psn
|-damage|p1a: Gastrodon|72/100 brn|[from] brn
|upkeep
|turn|89
|
|switch|p1a: Corviknight|Corviknight, M|100/100
|-damage|p1a: Corviknight|88/100|[from] Stealth Rock
|-ability|p1a: Corviknight|Pressure
|move|p2a: Mandibuzz|Roost|p2a: Mandibuzz
|-heal|p2a: Mandibuzz|100/100 psn
|-singleturn|p2a: Mandibuzz|move: Roost
|
|-heal|p1a: Corviknight|94/100|[from] item: Leftovers
|-damage|p2a: Mandibuzz|88/100 psn|[from] psn
|upkeep
|turn|90
|
|switch|p2a: Rotom|Rotom-Heat|29/100
|move|p1a: Corviknight|Defog|p2a: Rotom
|-unboost|p2a: Rotom|evasion|1
|-sideend|p1: Day of the walrus|Stealth Rock|[from] move: Defog|[of] p1a: Corviknight
|
|-heal|p1a: Corviknight|100/100|[from] item: Leftovers
|upkeep
|turn|91
|
|switch|p1a: Gastrodon|Gastrodon, F|72/100 brn
|move|p2a: Rotom|Overheat|p1a: Gastrodon|[miss]
|-miss|p2a: Rotom|p1a: Gastrodon
|
|-heal|p1a: Gastrodon|78/100 brn|[from] item: Leftovers
|-damage|p1a: Gastrodon|72/100 brn|[from] brn
|upkeep
|turn|92
|
|switch|p2a: Toxapex|Toxapex, F|100/100 brn
|move|p1a: Gastrodon|Scald|p2a: Toxapex
|-resisted|p2a: Toxapex
|-damage|p2a: Toxapex|89/100 brn
|
|-heal|p1a: Gastrodon|78/100 brn|[from] item: Leftovers
|-heal|p2a: Toxapex|95/100 brn|[from] item: Black Sludge
|-damage|p1a: Gastrodon|72/100 brn|[from] brn
|-damage|p2a: Toxapex|89/100 brn|[from] brn
|upkeep
|turn|93
|
|move|p1a: Gastrodon|Earth Power|p2a: Toxapex
|-supereffective|p2a: Toxapex
|-damage|p2a: Toxapex|41/100 brn
|move|p2a: Toxapex|Toxic Spikes|p1a: Gastrodon
|-sidestart|p1: Day of the walrus|move: Toxic Spikes
|
|-heal|p1a: Gastrodon|78/100 brn|[from] item: Leftovers
|-heal|p2a: Toxapex|47/100 brn|[from] item: Black Sludge
|-damage|p1a: Gastrodon|72/100 brn|[from] brn
|-damage|p2a: Toxapex|41/100 brn|[from] brn
|upkeep
|turn|94
|
|switch|p2a: Mandibuzz|Mandibuzz, F|88/100 psn
|move|p1a: Gastrodon|Scald|p2a: Mandibuzz
|-damage|p2a: Mandibuzz|68/100 psn
|
|-heal|p1a: Gastrodon|78/100 brn|[from] item: Leftovers
|-damage|p2a: Mandibuzz|56/100 psn|[from] psn
|-damage|p1a: Gastrodon|72/100 brn|[from] brn
|upkeep
|turn|95
|
|switch|p1a: Togekiss|Togekiss, M|17/100
|move|p2a: Mandibuzz|Roost|p2a: Mandibuzz
|-heal|p2a: Mandibuzz|100/100 psn
|-singleturn|p2a: Mandibuzz|move: Roost
|
|-damage|p2a: Mandibuzz|88/100 psn|[from] psn
|upkeep
|turn|96
|
|switch|p2a: Rotom|Rotom-Heat|29/100
|move|p1a: Togekiss|Dazzling Gleam|p2a: Rotom
|-resisted|p2a: Rotom
|-damage|p2a: Rotom|9/100
|
|upkeep
|turn|97
|
|switch|p1a: Gastrodon|Gastrodon, F|72/100 brn
|move|p2a: Rotom|Volt Switch|p1a: Gastrodon
|-immune|p1a: Gastrodon
|
|-heal|p1a: Gastrodon|78/100 brn|[from] item: Leftovers
|-damage|p1a: Gastrodon|72/100 brn|[from] brn
|upkeep
|turn|98
|
|switch|p2a: Mandibuzz|Mandibuzz, F|88/100 psn
|move|p1a: Gastrodon|Scald|p2a: Mandibuzz
|-damage|p2a: Mandibuzz|66/100 psn
|
|-heal|p1a: Gastrodon|78/100 brn|[from] item: Leftovers
|-damage|p2a: Mandibuzz|53/100 psn|[from] psn
|-damage|p1a: Gastrodon|72/100 brn|[from] brn
|upkeep
|turn|99
|
|move|p2a: Mandibuzz|Roost|p2a: Mandibuzz
|-heal|p2a: Mandibuzz|100/100 psn
|-singleturn|p2a: Mandibuzz|move: Roost
|move|p1a: Gastrodon|Recover|p1a: Gastrodon
|-heal|p1a: Gastrodon|100/100 brn
|
|-damage|p2a: Mandibuzz|88/100 psn|[from] psn
|-damage|p1a: Gastrodon|94/100 brn|[from] brn
|upkeep
|turn|100
|
|switch|p1a: Roserade|Roserade, F, shiny|100/100
|-sideend|p1: Day of the walrus|move: Toxic Spikes|[of] p1a: Roserade
|move|p2a: Mandibuzz|Roost|p2a: Mandibuzz
|-heal|p2a: Mandibuzz|100/100 psn
|-singleturn|p2a: Mandibuzz|move: Roost
|
|-damage|p2a: Mandibuzz|88/100 psn|[from] psn
|upkeep
|turn|101
|
|move|p1a: Roserade|Aromatherapy|p1a: Roserade
|-activate|p1a: Roserade|move: Aromatherapy
|-curestatus|p1: Gastrodon|brn|[msg]
|-curestatus|p1: Ferrothorn|brn|[msg]
|move|p2a: Mandibuzz|Roost|p2a: Mandibuzz
|-heal|p2a: Mandibuzz|100/100 psn
|-singleturn|p2a: Mandibuzz|move: Roost
|
|-damage|p2a: Mandibuzz|88/100 psn|[from] psn
|upkeep
|turn|102
|
|switch|p2a: Toxapex|Toxapex, F|74/100 brn
|move|p1a: Roserade|Sludge Bomb|p2a: Toxapex
|-resisted|p2a: Toxapex
|-damage|p2a: Toxapex|56/100 brn
|
|-heal|p2a: Toxapex|62/100 brn|[from] item: Black Sludge
|-damage|p2a: Toxapex|56/100 brn|[from] brn
|upkeep
|turn|103
|inactive|Day of the walrus has 120 seconds left.
|
|switch|p1a: Gastrodon|Gastrodon, F|94/100
|move|p2a: Toxapex|Recover|p2a: Toxapex
|-heal|p2a: Toxapex|100/100 brn
|
|-heal|p1a: Gastrodon|100/100|[from] item: Leftovers
|-damage|p2a: Toxapex|95/100 brn|[from] brn
|upkeep
|turn|104
|inactive|Day of the walrus has 120 seconds left.
|
|move|p1a: Gastrodon|Scald|p2a: Toxapex
|-resisted|p2a: Toxapex
|-damage|p2a: Toxapex|84/100 brn
|move|p2a: Toxapex|Recover|p2a: Toxapex
|-heal|p2a: Toxapex|100/100 brn
|
|-damage|p2a: Toxapex|95/100 brn|[from] brn
|upkeep
|turn|105
|inactive|Day of the walrus has 120 seconds left.
|
|move|p1a: Gastrodon|Earth Power|p2a: Toxapex
|-supereffective|p2a: Toxapex
|-damage|p2a: Toxapex|47/100 brn
|move|p2a: Toxapex|Recover|p2a: Toxapex
|-heal|p2a: Toxapex|97/100 brn
|
|-heal|p2a: Toxapex|100/100 brn|[from] item: Black Sludge
|-damage|p2a: Toxapex|95/100 brn|[from] brn
|upkeep
|turn|106
|inactive|Day of the walrus has 120 seconds left.
|
|move|p1a: Gastrodon|Earth Power|p2a: Toxapex
|-supereffective|p2a: Toxapex
|-damage|p2a: Toxapex|46/100 brn
|move|p2a: Toxapex|Recover|p2a: Toxapex
|-heal|p2a: Toxapex|97/100 brn
|
|-heal|p2a: Toxapex|100/100 brn|[from] item: Black Sludge
|-damage|p2a: Toxapex|95/100 brn|[from] brn
|upkeep
|turn|107
|inactive|Day of the walrus has 120 seconds left.
|
|move|p1a: Gastrodon|Earth Power|p2a: Toxapex
|-supereffective|p2a: Toxapex
|-damage|p2a: Toxapex|47/100 brn
|-unboost|p2a: Toxapex|spd|1
|move|p2a: Toxapex|Toxic Spikes|p1a: Gastrodon
|-sidestart|p1: Day of the walrus|move: Toxic Spikes
|
|-heal|p2a: Toxapex|53/100 brn|[from] item: Black Sludge
|-damage|p2a: Toxapex|47/100 brn|[from] brn
|upkeep
|turn|108
|
|switch|p2a: Rotom|Rotom-Heat|9/100
|move|p1a: Gastrodon|Scald|p2a: Rotom
|-supereffective|p2a: Rotom
|-damage|p2a: Rotom|0 fnt
|faint|p2a: Rotom
|
|upkeep
|
|switch|p2a: Toxapex|Toxapex, F|80/100 brn
|turn|109
|
|switch|p2a: Mandibuzz|Mandibuzz, F|88/100 psn
|move|p1a: Gastrodon|Earth Power|p2a: Mandibuzz
|-immune|p2a: Mandibuzz
|
|-damage|p2a: Mandibuzz|76/100 psn|[from] psn
|upkeep
|turn|110
|
|switch|p1a: Toxapex|Toxapex, F|100/100
|-sideend|p1: Day of the walrus|move: Toxic Spikes|[of] p1a: Toxapex
|move|p2a: Mandibuzz|Roost|p2a: Mandibuzz
|-heal|p2a: Mandibuzz|100/100 psn
|-singleturn|p2a: Mandibuzz|move: Roost
|
|-damage|p2a: Mandibuzz|88/100 psn|[from] psn
|upkeep
|turn|111
|
|switch|p1a: Ferrothorn|Ferrothorn, M|56/100
|move|p2a: Mandibuzz|U-turn|p1a: Ferrothorn
|-damage|p1a: Ferrothorn|50/100
|-damage|p2a: Mandibuzz|76/100 psn|[from] ability: Iron Barbs|[of] p1a: Ferrothorn
|-damage|p2a: Mandibuzz|59/100 psn|[from] item: Rocky Helmet|[of] p1a: Ferrothorn
|
|switch|p2a: Toxapex|Toxapex, F|100/100 brn|[from]move: U-turn
|
|-damage|p2a: Toxapex|95/100 brn|[from] brn
|upkeep
|turn|112
|
|move|p2a: Toxapex|Toxic Spikes|p1a: Ferrothorn
|-sidestart|p1: Day of the walrus|move: Toxic Spikes
|move|p1a: Ferrothorn|Leech Seed|p2a: Toxapex
|-start|p2a: Toxapex|move: Leech Seed
|
|-heal|p2a: Toxapex|100/100 brn|[from] item: Black Sludge
|-damage|p2a: Toxapex|88/100 brn|[from] Leech Seed|[of] p1a: Ferrothorn
|-heal|p1a: Ferrothorn|60/100|[silent]
|-damage|p2a: Toxapex|82/100 brn|[from] brn
|upkeep
|turn|113
|
|switch|p2a: Mandibuzz|Mandibuzz, F|59/100 psn
|move|p1a: Ferrothorn|Gyro Ball|p2a: Mandibuzz
|-damage|p2a: Mandibuzz|36/100 psn
|
|-damage|p2a: Mandibuzz|23/100 psn|[from] psn
|upkeep
|turn|114
|
|move|p2a: Mandibuzz|Roost|p2a: Mandibuzz
|-heal|p2a: Mandibuzz|74/100 psn
|-singleturn|p2a: Mandibuzz|move: Roost
|move|p1a: Ferrothorn|Leech Seed|p2a: Mandibuzz
|-start|p2a: Mandibuzz|move: Leech Seed
|
|-damage|p2a: Mandibuzz|61/100 psn|[from] Leech Seed|[of] p1a: Ferrothorn
|-heal|p1a: Ferrothorn|75/100|[silent]
|-damage|p2a: Mandibuzz|49/100 psn|[from] psn
|upkeep
|turn|115
|
|switch|p1a: Togekiss|Togekiss, M|17/100
|move|p2a: Mandibuzz|Roost|p2a: Mandibuzz
|-heal|p2a: Mandibuzz|99/100 psn
|-singleturn|p2a: Mandibuzz|move: Roost
|
|-damage|p2a: Mandibuzz|87/100 psn|[from] Leech Seed|[of] p1a: Togekiss
|-heal|p1a: Togekiss|33/100|[silent]
|-damage|p2a: Mandibuzz|74/100 psn|[from] psn
|upkeep
|turn|116
|inactive|Day of the walrus has 90 seconds left.
|
|move|p1a: Togekiss|Psychic|p2a: Mandibuzz
|-immune|p2a: Mandibuzz
|move|p2a: Mandibuzz|U-turn|p1a: Togekiss
|-resisted|p1a: Togekiss
|-damage|p1a: Togekiss|30/100
|
|switch|p2a: Toxapex|Toxapex, F|100/100 brn|[from]move: U-turn
|
|-damage|p2a: Toxapex|95/100 brn|[from] brn
|upkeep
|turn|117
|inactive|Day of the walrus has 90 seconds left.
|
|move|p1a: Togekiss|Dazzling Gleam|p2a: Toxapex
|-resisted|p2a: Toxapex
|-damage|p2a: Toxapex|78/100 brn
|move|p2a: Toxapex|Toxic Spikes|p1a: Togekiss
|-sidestart|p1: Day of the walrus|move: Toxic Spikes
|
|-heal|p2a: Toxapex|84/100 brn|[from] item: Black Sludge
|-damage|p2a: Toxapex|78/100 brn|[from] brn
|upkeep
|turn|118
|inactive|Day of the walrus has 90 seconds left.
|
|move|p1a: Togekiss|Air Slash|p2a: Toxapex
|-damage|p2a: Toxapex|46/100 brn
|move|p2a: Toxapex|Scald|p1a: Togekiss
|-damage|p1a: Togekiss|19/100
|
|-heal|p2a: Toxapex|52/100 brn|[from] item: Black Sludge
|-damage|p2a: Toxapex|46/100 brn|[from] brn
|upkeep
|turn|119
|inactive|Day of the walrus has 90 seconds left.
|
|switch|p2a: Mandibuzz|Mandibuzz, F|74/100 psn
|move|p1a: Togekiss|Psychic|p2a: Mandibuzz
|-immune|p2a: Mandibuzz
|
|-damage|p2a: Mandibuzz|62/100 psn|[from] psn
|upkeep
|turn|120
|inactive|Day of the walrus has 90 seconds left.
|
|move|p1a: Togekiss|Dazzling Gleam|p2a: Mandibuzz
|-supereffective|p2a: Mandibuzz
|-damage|p2a: Mandibuzz|0 fnt
|faint|p2a: Mandibuzz
|
|upkeep
|
|switch|p2a: Toxapex|Toxapex, F|79/100 brn
|turn|121
|
|switch|p1a: Roserade|Roserade, F, shiny|100/100
|-sideend|p1: Day of the walrus|move: Toxic Spikes|[of] p1a: Roserade
|move|p2a: Toxapex|Scald|p1a: Roserade
|-resisted|p1a: Roserade
|-damage|p1a: Roserade|90/100
|
|-heal|p1a: Roserade|96/100|[from] item: Black Sludge
|-heal|p2a: Toxapex|85/100 brn|[from] item: Black Sludge
|-damage|p2a: Toxapex|79/100 brn|[from] brn
|upkeep
|turn|122
|inactive|Day of the walrus has 90 seconds left.
|
|move|p1a: Roserade|Giga Drain|p2a: Toxapex
|-damage|p2a: Toxapex|47/100 brn
|-heal|p1a: Roserade|100/100|[from] drain|[of] p2a: Toxapex
|move|p2a: Toxapex|Toxic Spikes|p1a: Roserade
|-sidestart|p1: Day of the walrus|move: Toxic Spikes
|
|-heal|p2a: Toxapex|53/100 brn|[from] item: Black Sludge
|-damage|p2a: Toxapex|47/100 brn|[from] brn
|upkeep
|turn|123
|inactive|Day of the walrus has 90 seconds left.
|
|move|p1a: Roserade|Giga Drain|p2a: Toxapex
|-damage|p2a: Toxapex|11/100 brn
|move|p2a: Toxapex|Scald|p1a: Roserade
|-resisted|p1a: Roserade
|-damage|p1a: Roserade|90/100
|
|-heal|p1a: Roserade|96/100|[from] item: Black Sludge
|-heal|p2a: Toxapex|17/100 brn|[from] item: Black Sludge
|-damage|p2a: Toxapex|11/100 brn|[from] brn
|upkeep
|turn|124
|inactive|Day of the walrus has 90 seconds left.
|
|move|p1a: Roserade|Giga Drain|p2a: Toxapex
|-damage|p2a: Toxapex|0 fnt
|-heal|p1a: Roserade|100/100|[from] drain|[of] p2a: Toxapex
|faint|p2a: Toxapex
|
|win|Day of the walrus
|l|‽kliktuplorel
|c|☆Day of the walrus|Gg
|raw|Day of the walrus's rating: 1264 → 1289(+25 for winning)
|raw|kliktuplorel's rating: 1265 → 1240(-25 for losing)
