|ScrapeTime|2020-01-02-07:46:09
|j|☆IthinkI'm
|j|☆four for one combo
|player|p1|IthinkI'm|pokemonbreeder|1809
|player|p2|four for one combo|cyclistf-gen4|1819
|teamsize|p1|6
|teamsize|p2|6
|gametype|singles
|gen|8
|tier|[Gen 8] OU
|rated|
|rule|Sleep Clause Mod: Limit one foe put to sleep
|rule|Species Clause: Limit one of each Pokémon
|rule|OHKO Clause: OHKO moves are banned
|rule|Evasion Moves Clause: Evasion moves are banned
|rule|Endless Battle Clause: Forcing endless battles is banned
|rule|HP Percentage Mod: HP is shown in percentages
|clearpoke
|poke|p1|Cloyster, F|
|poke|p1|Mimikyu, F|
|poke|p1|Bisharp, F|
|poke|p1|Rhyperior, F|
|poke|p1|Conkeldurr, M|
|poke|p1|Excadrill, M|
|poke|p2|Kommo-o, M|
|poke|p2|Sirfetch'd, M|
|poke|p2|Clefable, M|
|poke|p2|Hydreigon, M|
|poke|p2|Corviknight, F|
|poke|p2|Seismitoad, F|
|rule|Dynamax Clause: You cannot dynamax
|teampreview
|j| Narmanitan
|inactive|Battle timer is ON: inactive players will automatically lose when time's up. (requested by IthinkI'm)
|j| shyvana2
|
|start
|switch|p1a: Rhyperior|Rhyperior, F|100/100
|switch|p2a: Corviknight|Corviknight, F|100/100
|-ability|p2a: Corviknight|Pressure
|turn|1
|
|move|p2a: Corviknight|U-turn|p1a: Rhyperior
|-damage|p1a: Rhyperior|94/100
|
|switch|p2a: Seismitoad|Seismitoad, F|100/100|[from]move: U-turn
|move|p1a: Rhyperior|Iron Defense|p1a: Rhyperior
|-boost|p1a: Rhyperior|def|2
|
|-heal|p1a: Rhyperior|99/100|[from] item: Leftovers
|upkeep
|turn|2
|
|move|p2a: Seismitoad|Scald|p1a: Rhyperior
|-supereffective|p1a: Rhyperior
|-damage|p1a: Rhyperior|15/100
|move|p1a: Rhyperior|Stealth Rock|p2a: Seismitoad
|-sidestart|p2: four for one combo|move: Stealth Rock
|
|-heal|p1a: Rhyperior|21/100|[from] item: Leftovers
|upkeep
|turn|3
|
|move|p2a: Seismitoad|Stealth Rock|p1a: Rhyperior
|-sidestart|p1: IthinkI'm|move: Stealth Rock
|move|p1a: Rhyperior|Body Press|p2a: Seismitoad
|-damage|p2a: Seismitoad|56/100
|
|-heal|p2a: Seismitoad|62/100|[from] item: Leftovers
|-heal|p1a: Rhyperior|28/100|[from] item: Leftovers
|upkeep
|turn|4
|
|switch|p1a: Conkeldurr|Conkeldurr, M|100/100
|-damage|p1a: Conkeldurr|95/100|[from] Stealth Rock
|move|p2a: Seismitoad|Scald|p1a: Conkeldurr
|-damage|p1a: Conkeldurr|75/100
|
|-heal|p2a: Seismitoad|68/100|[from] item: Leftovers
|upkeep
|turn|5
|
|switch|p2a: Clefable|Clefable, M|100/100
|move|p1a: Conkeldurr|Drain Punch|p2a: Clefable
|-resisted|p2a: Clefable
|-damage|p2a: Clefable|80/100
|-heal|p1a: Conkeldurr|87/100|[from] drain|[of] p2a: Clefable
|
|-heal|p2a: Clefable|86/100|[from] item: Leftovers
|upkeep
|turn|6
|
|move|p1a: Conkeldurr|Poison Jab|p2a: Clefable
|-supereffective|p2a: Clefable
|-damage|p2a: Clefable|30/100
|move|p2a: Clefable|Moonblast|p1a: Conkeldurr
|-supereffective|p1a: Conkeldurr
|-damage|p1a: Conkeldurr|40/100
|-unboost|p1a: Conkeldurr|spa|1
|
|-heal|p2a: Clefable|36/100|[from] item: Leftovers
|upkeep
|turn|7
|
|move|p2a: Clefable|Protect|p2a: Clefable
|-singleturn|p2a: Clefable|Protect
|move|p1a: Conkeldurr|Drain Punch|p2a: Clefable
|-activate|p2a: Clefable|move: Protect
|
|-heal|p2a: Clefable|42/100|[from] item: Leftovers
|upkeep
|turn|8
|
|move|p1a: Conkeldurr|Poison Jab|p2a: Clefable
|-supereffective|p2a: Clefable
|-damage|p2a: Clefable|0 fnt
|faint|p2a: Clefable
|
|upkeep
|
|switch|p2a: Sirfetch'd|Sirfetch'd, M|100/100
|-damage|p2a: Sirfetch'd|94/100|[from] Stealth Rock
|turn|9
|
|switch|p1a: Rhyperior|Rhyperior, F|28/100
|-damage|p1a: Rhyperior|21/100|[from] Stealth Rock
|move|p2a: Sirfetch'd|Close Combat|p1a: Rhyperior
|-supereffective|p1a: Rhyperior
|-damage|p1a: Rhyperior|0 fnt
|-unboost|p2a: Sirfetch'd|def|1
|-unboost|p2a: Sirfetch'd|spd|1
|faint|p1a: Rhyperior
|
|upkeep
|
|switch|p1a: Mimikyu|Mimikyu, F|100/100
|-damage|p1a: Mimikyu|88/100|[from] Stealth Rock
|turn|10
|
|switch|p2a: Corviknight|Corviknight, F|100/100
|-damage|p2a: Corviknight|88/100|[from] Stealth Rock
|-ability|p2a: Corviknight|Pressure
|move|p1a: Mimikyu|Swords Dance|p1a: Mimikyu
|-boost|p1a: Mimikyu|atk|2
|
|-heal|p2a: Corviknight|94/100|[from] item: Leftovers
|upkeep
|turn|11
|j| ddd2333
|
|move|p1a: Mimikyu|Beat Up|p2a: Corviknight
|-damage|p2a: Corviknight|88/100
|-damage|p2a: Corviknight|80/100
|-damage|p2a: Corviknight|74/100
|-damage|p2a: Corviknight|65/100
|-damage|p2a: Corviknight|57/100
|-hitcount|p2a: Corviknight|5
|cant|p2a: Corviknight|flinch
|
|-heal|p2a: Corviknight|63/100|[from] item: Leftovers
|upkeep
|turn|12
|
|move|p1a: Mimikyu|Swords Dance|p1a: Mimikyu
|-boost|p1a: Mimikyu|atk|2
|move|p2a: Corviknight|Roost|p2a: Corviknight
|-heal|p2a: Corviknight|100/100
|-singleturn|p2a: Corviknight|move: Roost
|
|upkeep
|turn|13
|
|move|p1a: Mimikyu|Beat Up|p2a: Corviknight
|-damage|p2a: Corviknight|91/100
|-damage|p2a: Corviknight|79/100
|-crit|p2a: Corviknight
|-damage|p2a: Corviknight|64/100
|-damage|p2a: Corviknight|52/100
|-damage|p2a: Corviknight|41/100
|-hitcount|p2a: Corviknight|5
|cant|p2a: Corviknight|flinch
|
|-heal|p2a: Corviknight|47/100|[from] item: Leftovers
|upkeep
|turn|14
|
|move|p1a: Mimikyu|Beat Up|p2a: Corviknight
|-damage|p2a: Corviknight|38/100
|-damage|p2a: Corviknight|26/100
|-damage|p2a: Corviknight|17/100
|-damage|p2a: Corviknight|5/100
|-crit|p2a: Corviknight
|-damage|p2a: Corviknight|0 fnt
|-hitcount|p2a: Corviknight|5
|faint|p2a: Corviknight
|
|upkeep
|c| Narmanitan|LOL!!!!!!!!!!!!!!!!!
|
|switch|p2a: Hydreigon|Hydreigon, M|100/100
|-damage|p2a: Hydreigon|88/100|[from] Stealth Rock
|turn|15
|
|move|p2a: Hydreigon|U-turn|p1a: Mimikyu
|-activate|p1a: Mimikyu|ability: Disguise
|-damage|p1a: Mimikyu|88/100
|detailschange|p1a: Mimikyu|Mimikyu-Busted, F
|-damage|p1a: Mimikyu|76/100|[from] ability: Disguise|[of] p1a: Mimikyu
|
|switch|p2a: Seismitoad|Seismitoad, F|68/100|[from]move: U-turn
|-damage|p2a: Seismitoad|62/100|[from] Stealth Rock
|move|p1a: Mimikyu|Play Rough|p2a: Seismitoad
|-damage|p2a: Seismitoad|0 fnt
|faint|p2a: Seismitoad
|
|upkeep
|
|switch|p2a: Hydreigon|Hydreigon, M|88/100
|-damage|p2a: Hydreigon|76/100|[from] Stealth Rock
|turn|16
|
|move|p1a: Mimikyu|Shadow Sneak|p2a: Hydreigon
|-resisted|p2a: Hydreigon
|-damage|p2a: Hydreigon|45/100
|move|p2a: Hydreigon|Dark Pulse|p1a: Mimikyu
|-damage|p1a: Mimikyu|20/100
|
|upkeep
|turn|17
|
|move|p1a: Mimikyu|Shadow Sneak|p2a: Hydreigon
|-resisted|p2a: Hydreigon
|-damage|p2a: Hydreigon|12/100
|cant|p2a: Hydreigon|flinch
|
|upkeep
|turn|18
|
|move|p1a: Mimikyu|Shadow Sneak|p2a: Hydreigon
|-resisted|p2a: Hydreigon
|-damage|p2a: Hydreigon|0 fnt
|faint|p2a: Hydreigon
|
|upkeep
|
|switch|p2a: Sirfetch'd|Sirfetch'd, M|94/100
|-damage|p2a: Sirfetch'd|88/100|[from] Stealth Rock
|turn|19
|
|move|p2a: Sirfetch'd|First Impression|p1a: Mimikyu
|-resisted|p1a: Mimikyu
|-damage|p1a: Mimikyu|0 fnt
|faint|p1a: Mimikyu
|
|upkeep
|
|switch|p1a: Excadrill|Excadrill, M|100/100
|-damage|p1a: Excadrill|97/100|[from] Stealth Rock
|-ability|p1a: Excadrill|Mold Breaker
|-item|p1a: Excadrill|Air Balloon
|turn|20
|
|switch|p2a: Kommo-o|Kommo-o, M|100/100
|-damage|p2a: Kommo-o|94/100|[from] Stealth Rock
|move|p1a: Excadrill|Earthquake|p2a: Kommo-o
|-damage|p2a: Kommo-o|45/100
|
|upkeep
|turn|21
|
|move|p1a: Excadrill|Earthquake|p2a: Kommo-o
|-damage|p2a: Kommo-o|0 fnt
|faint|p2a: Kommo-o
|
|upkeep
|
|switch|p2a: Sirfetch'd|Sirfetch'd, M|88/100
|-damage|p2a: Sirfetch'd|82/100|[from] Stealth Rock
|turn|22
|
|move|p1a: Excadrill|Earthquake|p2a: Sirfetch'd
|-damage|p2a: Sirfetch'd|8/100
|move|p2a: Sirfetch'd|Close Combat|p1a: Excadrill
|-supereffective|p1a: Excadrill
|-damage|p1a: Excadrill|0 fnt
|-enditem|p1a: Excadrill|Air Balloon
|-unboost|p2a: Sirfetch'd|def|1
|-unboost|p2a: Sirfetch'd|spd|1
|faint|p1a: Excadrill
|
|upkeep
|
|switch|p1a: Cloyster|Cloyster, F|100/100
|-damage|p1a: Cloyster|76/100|[from] Stealth Rock
|turn|23
|
|move|p1a: Cloyster|Ice Shard|p2a: Sirfetch'd
|-crit|p2a: Sirfetch'd
|-damage|p2a: Sirfetch'd|0 fnt
|faint|p2a: Sirfetch'd
|
|win|IthinkI'm
|raw|IthinkI'm's rating: 1809 → 1829(+20 for winning)
|raw|four for one combo's rating: 1819 → 1798(-21 for losing)
|l|☆four for one combo
|l| Narmanitan
