|ScrapeTime|2020-01-01-10:46:17
|j|☆thegamingAC130
|j|☆acavemana
|player|p1|thegamingAC130|170|1265
|player|p2|acavemana|266|1280
|teamsize|p1|6
|teamsize|p2|6
|gametype|singles
|gen|8
|tier|[Gen 8] OU
|rated|
|rule|Sleep Clause Mod: Limit one foe put to sleep
|rule|Species Clause: Limit one of each Pokémon
|rule|OHKO Clause: OHKO moves are banned
|rule|Evasion Moves Clause: Evasion moves are banned
|rule|Endless Battle Clause: Forcing endless battles is banned
|rule|HP Percentage Mod: HP is shown in percentages
|clearpoke
|poke|p1|Mandibuzz, F|
|poke|p1|Clefable, M|
|poke|p1|Seismitoad, M|
|poke|p1|Dragapult, F|
|poke|p1|Centiskorch, M|
|poke|p1|Excadrill, F|
|poke|p2|Jolteon, M|
|poke|p2|Flygon, M|
|poke|p2|Rapidash-Galar, M|
|poke|p2|Ferrothorn, M|
|poke|p2|Chandelure, F|
|poke|p2|Weezing-Galar, F|
|rule|Dynamax Clause: You cannot dynamax
|teampreview
|
|start
|switch|p1a: Clefable|Clefable, M|100/100
|switch|p2a: Ferrothorn|Ferrothorn, M|100/100
|turn|1
|
|move|p1a: Clefable|Flamethrower|p2a: Ferrothorn
|-supereffective|p2a: Ferrothorn
|-crit|p2a: Ferrothorn
|-damage|p2a: Ferrothorn|0 fnt
|faint|p2a: Ferrothorn
|
|upkeep
|
|switch|p2a: Weezing|Weezing-Galar, F|100/100
|turn|2
|
|switch|p1a: Excadrill|Excadrill, F|100/100
|-ability|p1a: Excadrill|Mold Breaker
|switch|p2a: Flygon|Flygon, M|100/100
|
|upkeep
|turn|3
|
|switch|p1a: Mandibuzz|Mandibuzz, F|100/100
|move|p2a: Flygon|Flamethrower|p1a: Mandibuzz
|-damage|p1a: Mandibuzz|86/100
|
|upkeep
|turn|4
|
|switch|p2a: Jolteon|Jolteon, M|100/100
|move|p1a: Mandibuzz|U-turn|p2a: Jolteon
|-damage|p2a: Jolteon|79/100
|
|switch|p1a: Seismitoad|Seismitoad, M|100/100|[from]move: U-turn
|
|upkeep
|turn|5
|
|switch|p2a: Weezing|Weezing-Galar, F|100/100
|move|p1a: Seismitoad|Stealth Rock|p2a: Weezing
|-sidestart|p2: acavemana|move: Stealth Rock
|
|upkeep
|turn|6
|
|switch|p1a: Excadrill|Excadrill, F|100/100
|-ability|p1a: Excadrill|Mold Breaker
|move|p2a: Weezing|Defog|p1a: Excadrill
|-unboost|p1a: Excadrill|evasion|1
|-sideend|p2: acavemana|Stealth Rock|[from] move: Defog|[of] p2a: Weezing
|
|upkeep
|turn|7
|
|switch|p2a: Flygon|Flygon, M|100/100
|move|p1a: Excadrill|Earthquake|p2a: Flygon
|-damage|p2a: Flygon|5/100
|-damage|p1a: Excadrill|91/100|[from] item: Life Orb
|
|upkeep
|turn|8
|
|switch|p1a: Mandibuzz|Mandibuzz, F|86/100
|move|p2a: Flygon|Earth Power|p1a: Mandibuzz
|-immune|p1a: Mandibuzz
|
|upkeep
|turn|9
|
|move|p2a: Flygon|Flamethrower|p1a: Mandibuzz
|-damage|p1a: Mandibuzz|74/100
|move|p1a: Mandibuzz|U-turn|p2a: Flygon
|-damage|p2a: Flygon|0 fnt
|faint|p2a: Flygon
|
|switch|p1a: Seismitoad|Seismitoad, M|100/100|[from]move: U-turn
|
|upkeep
|
|switch|p2a: Weezing|Weezing-Galar, F|100/100
|turn|10
|
|switch|p1a: Mandibuzz|Mandibuzz, F|74/100
|move|p2a: Weezing|Strange Steam|p1a: Mandibuzz
|-supereffective|p1a: Mandibuzz
|-damage|p1a: Mandibuzz|31/100
|-start|p1a: Mandibuzz|confusion
|
|upkeep
|turn|11
|
|switch|p1a: Centiskorch|Centiskorch, M|100/100
|move|p2a: Weezing|Strange Steam|p1a: Centiskorch
|-resisted|p1a: Centiskorch
|-damage|p1a: Centiskorch|88/100
|
|upkeep
|turn|12
|
|move|p1a: Centiskorch|Knock Off|p2a: Weezing
|-resisted|p2a: Weezing
|-damage|p2a: Weezing|87/100
|-enditem|p2a: Weezing|Black Sludge|[from] move: Knock Off|[of] p1a: Centiskorch
|move|p2a: Weezing|Sludge Bomb|p1a: Centiskorch
|-damage|p1a: Centiskorch|63/100
|
|upkeep
|turn|13
|
|move|p1a: Centiskorch|Fire Lash|p2a: Weezing
|-damage|p2a: Weezing|52/100
|-unboost|p2a: Weezing|def|1
|move|p2a: Weezing|Strange Steam|p1a: Centiskorch
|-resisted|p1a: Centiskorch
|-damage|p1a: Centiskorch|50/100
|
|upkeep
|turn|14
|
|switch|p2a: Chandelure|Chandelure, F|100/100
|move|p1a: Centiskorch|Knock Off|p2a: Chandelure
|-supereffective|p2a: Chandelure
|-damage|p2a: Chandelure|22/100
|-enditem|p2a: Chandelure|Leftovers|[from] move: Knock Off|[of] p1a: Centiskorch
|
|upkeep
|turn|15
|
|move|p2a: Chandelure|Shadow Ball|p1a: Centiskorch
|-damage|p1a: Centiskorch|19/100
|move|p1a: Centiskorch|Rest|p1a: Centiskorch
|-status|p1a: Centiskorch|slp|[from] move: Rest
|-heal|p1a: Centiskorch|100/100 slp|[silent]
|
|upkeep
|turn|16
|
|move|p2a: Chandelure|Calm Mind|p2a: Chandelure
|-boost|p2a: Chandelure|spa|1
|-boost|p2a: Chandelure|spd|1
|cant|p1a: Centiskorch|slp
|move|p1a: Centiskorch|Sleep Talk|p1a: Centiskorch
|move|p1a: Centiskorch|Knock Off|p2a: Chandelure|[from]Sleep Talk
|-supereffective|p2a: Chandelure
|-damage|p2a: Chandelure|0 fnt
|faint|p2a: Chandelure
|
|upkeep
|
|switch|p2a: Weezing|Weezing-Galar, F|52/100
|turn|17
|
|cant|p1a: Centiskorch|slp
|move|p1a: Centiskorch|Sleep Talk|p1a: Centiskorch
|move|p1a: Centiskorch|Rest|p1a: Centiskorch|[from]Sleep Talk
|-fail|p1a: Centiskorch|heal
|move|p2a: Weezing|Pain Split|p1a: Centiskorch
|-sethp|p1a: Centiskorch|68/100 slp|[from] move: Pain Split|[silent]
|-sethp|p2a: Weezing|100/100|[from] move: Pain Split
|
|upkeep
|turn|18
|
|-curestatus|p1a: Centiskorch|slp|[msg]
|move|p1a: Centiskorch|Fire Lash|p2a: Weezing
|-damage|p2a: Weezing|65/100
|-unboost|p2a: Weezing|def|1
|move|p2a: Weezing|Sludge Bomb|p1a: Centiskorch
|-damage|p1a: Centiskorch|41/100
|
|upkeep
|turn|19
|
|move|p1a: Centiskorch|Fire Lash|p2a: Weezing
|-damage|p2a: Weezing|10/100
|-unboost|p2a: Weezing|def|1
|move|p2a: Weezing|Sludge Bomb|p1a: Centiskorch
|-damage|p1a: Centiskorch|17/100
|
|upkeep
|turn|20
|
|move|p1a: Centiskorch|Rest|p1a: Centiskorch
|-status|p1a: Centiskorch|slp|[from] move: Rest
|-heal|p1a: Centiskorch|100/100 slp|[silent]
|move|p2a: Weezing|Pain Split|p1a: Centiskorch
|-sethp|p1a: Centiskorch|54/100 slp|[from] move: Pain Split|[silent]
|-sethp|p2a: Weezing|80/100|[from] move: Pain Split
|
|upkeep
|turn|21
|
|switch|p2a: Jolteon|Jolteon, M|79/100
|cant|p1a: Centiskorch|slp
|move|p1a: Centiskorch|Sleep Talk|p1a: Centiskorch
|move|p1a: Centiskorch|Knock Off|p2a: Jolteon|[from]Sleep Talk
|-crit|p2a: Jolteon
|-damage|p2a: Jolteon|5/100
|-enditem|p2a: Jolteon|Choice Scarf|[from] move: Knock Off|[of] p1a: Centiskorch
|
|upkeep
|turn|22
|
|move|p2a: Jolteon|Mud-Slap|p1a: Centiskorch
|-damage|p1a: Centiskorch|49/100 slp
|-unboost|p1a: Centiskorch|accuracy|1
|cant|p1a: Centiskorch|slp
|move|p1a: Centiskorch|Sleep Talk|p1a: Centiskorch
|move|p1a: Centiskorch|Knock Off|p2a: Jolteon|[from]Sleep Talk
|-damage|p2a: Jolteon|0 fnt
|faint|p2a: Jolteon
|
|upkeep
|-message|acavemana forfeited.
|
|win|thegamingAC130
|l|☆acavemana
|raw|thegamingAC130's rating: 1265 → 1291(+26 for winning)
|raw|acavemana's rating: 1280 → 1254(-26 for losing)
