|ScrapeTime|2020-01-02-13:45:02
|j|☆JGuy452
|j|☆WAM19
|player|p1|JGuy452|169|1048
|player|p2|WAM19|rocketgrunt|1000
|teamsize|p1|6
|teamsize|p2|6
|gametype|singles
|gen|8
|tier|[Gen 8] OU
|rated|
|rule|Sleep Clause Mod: Limit one foe put to sleep
|rule|Species Clause: Limit one of each Pokémon
|rule|OHKO Clause: OHKO moves are banned
|rule|Evasion Moves Clause: Evasion moves are banned
|rule|Endless Battle Clause: Forcing endless battles is banned
|rule|HP Percentage Mod: HP is shown in percentages
|clearpoke
|poke|p1|Dubwool, M|
|poke|p1|Torkoal, F|
|poke|p1|Dracovish|
|poke|p1|Cinderace, F|
|poke|p1|Ferrothorn, M|
|poke|p1|Mimikyu, M|
|poke|p2|Sandaconda, M|
|poke|p2|Appletun, M|
|poke|p2|Bisharp, F|
|poke|p2|Mimikyu, F|
|poke|p2|Galvantula, M|
|poke|p2|Toxtricity, M|
|rule|Dynamax Clause: You cannot dynamax
|teampreview
|
|start
|switch|p1a: Torkoal|Torkoal, F, shiny|100/100
|switch|p2a: Galvantula|Galvantula, M|100/100
|-weather|SunnyDay|[from] ability: Drought|[of] p1a: Torkoal
|turn|1
|
|move|p2a: Galvantula|Sticky Web|p1a: Torkoal
|-sidestart|p1: JGuy452|move: Sticky Web
|move|p1a: Torkoal|Stealth Rock|p2a: Galvantula
|-sidestart|p2: WAM19|move: Stealth Rock
|
|-weather|SunnyDay|[upkeep]
|upkeep
|turn|2
|
|move|p2a: Galvantula|Thunder|p1a: Torkoal|[miss]
|-miss|p2a: Galvantula|p1a: Torkoal
|move|p1a: Torkoal|Stealth Rock||[still]
|-fail|p1a: Torkoal
|
|-weather|SunnyDay|[upkeep]
|upkeep
|turn|3
|
|move|p2a: Galvantula|Thunder|p1a: Torkoal
|-damage|p1a: Torkoal|34/100
|move|p1a: Torkoal|Rapid Spin|p2a: Galvantula
|-damage|p2a: Galvantula|81/100
|-sideend|p1: JGuy452|Sticky Web|[from] move: Rapid Spin|[of] p1a: Torkoal
|-boost|p1a: Torkoal|spe|1
|
|-weather|SunnyDay|[upkeep]
|-heal|p1a: Torkoal|40/100|[from] item: Leftovers
|upkeep
|turn|4
|
|move|p2a: Galvantula|Sticky Web|p1a: Torkoal
|-sidestart|p1: JGuy452|move: Sticky Web
|move|p1a: Torkoal|Lava Plume|p2a: Galvantula
|-supereffective|p2a: Galvantula
|-damage|p2a: Galvantula|0 fnt
|faint|p2a: Galvantula
|
|-weather|SunnyDay|[upkeep]
|-heal|p1a: Torkoal|46/100|[from] item: Leftovers
|upkeep
|
|switch|p2a: Sandaconda|Sandaconda, M|100/100
|-damage|p2a: Sandaconda|95/100|[from] Stealth Rock
|turn|5
|
|move|p2a: Sandaconda|Earthquake|p1a: Torkoal
|-supereffective|p1a: Torkoal
|-damage|p1a: Torkoal|0 fnt
|faint|p1a: Torkoal
|
|-weather|none
|upkeep
|
|switch|p1a: Ferrothorn|Ferrothorn, M|100/100
|-activate|p1a: Ferrothorn|move: Sticky Web
|-unboost|p1a: Ferrothorn|spe|1
|turn|6
|
|switch|p2a: Appletun|Appletun, M|100/100
|-damage|p2a: Appletun|88/100|[from] Stealth Rock
|switch|p1a: Dracovish|Dracovish|100/100
|-activate|p1a: Dracovish|move: Sticky Web
|-unboost|p1a: Dracovish|spe|1
|
|upkeep
|turn|7
|
|switch|p1a: Cinderace|Cinderace, F|100/100
|-activate|p1a: Cinderace|move: Sticky Web
|-unboost|p1a: Cinderace|spe|1
|move|p2a: Appletun|Iron Defense|p2a: Appletun
|-boost|p2a: Appletun|def|2
|
|upkeep
|turn|8
|
|move|p1a: Cinderace|Pyro Ball|p2a: Appletun
|-damage|p2a: Appletun|63/100
|move|p2a: Appletun|Iron Defense|p2a: Appletun
|-boost|p2a: Appletun|def|2
|
|upkeep
|turn|9
|
|move|p1a: Cinderace|Pyro Ball|p2a: Appletun|[miss]
|-miss|p1a: Cinderace|p2a: Appletun
|move|p2a: Appletun|Leech Seed|p1a: Cinderace
|-start|p1a: Cinderace|move: Leech Seed
|
|-damage|p1a: Cinderace|88/100|[from] Leech Seed|[of] p2a: Appletun
|-heal|p2a: Appletun|71/100|[silent]
|upkeep
|turn|10
|
|move|p1a: Cinderace|Pyro Ball|p2a: Appletun
|-damage|p2a: Appletun|57/100
|move|p2a: Appletun|Iron Defense|p2a: Appletun
|-boost|p2a: Appletun|def|2
|
|-damage|p1a: Cinderace|76/100|[from] Leech Seed|[of] p2a: Appletun
|-heal|p2a: Appletun|66/100|[silent]
|upkeep
|turn|11
|
|move|p1a: Cinderace|Pyro Ball|p2a: Appletun
|-damage|p2a: Appletun|54/100
|move|p2a: Appletun|Apple Acid|p1a: Cinderace
|-resisted|p1a: Cinderace
|-damage|p1a: Cinderace|58/100
|-unboost|p1a: Cinderace|spd|1
|
|-damage|p1a: Cinderace|46/100|[from] Leech Seed|[of] p2a: Appletun
|-heal|p2a: Appletun|62/100|[silent]
|upkeep
|turn|12
|
|move|p1a: Cinderace|Pyro Ball|p2a: Appletun
|-damage|p2a: Appletun|51/100
|move|p2a: Appletun|Apple Acid|p1a: Cinderace
|-resisted|p1a: Cinderace
|-damage|p1a: Cinderace|17/100
|-unboost|p1a: Cinderace|spd|1
|
|-damage|p1a: Cinderace|4/100|[from] Leech Seed|[of] p2a: Appletun
|-heal|p2a: Appletun|60/100|[silent]
|upkeep
|turn|13
|
|move|p1a: Cinderace|High Jump Kick|p2a: Appletun
|-damage|p2a: Appletun|52/100
|move|p2a: Appletun|Apple Acid|p1a: Cinderace
|-resisted|p1a: Cinderace
|-damage|p1a: Cinderace|0 fnt
|faint|p1a: Cinderace
|
|upkeep
|
|switch|p1a: Dubwool|Dubwool, M|100/100
|-activate|p1a: Dubwool|move: Sticky Web
|-unboost|p1a: Dubwool|spe|1
|turn|14
|
|move|p1a: Dubwool|Cotton Guard|p1a: Dubwool
|-boost|p1a: Dubwool|def|3
|move|p2a: Appletun|Leech Seed|p1a: Dubwool|[miss]
|-miss|p2a: Appletun|p1a: Dubwool
|
|upkeep
|turn|15
|
|move|p1a: Dubwool|Cotton Guard|p1a: Dubwool
|-boost|p1a: Dubwool|def|3
|move|p2a: Appletun|Leech Seed|p1a: Dubwool|[miss]
|-miss|p2a: Appletun|p1a: Dubwool
|
|upkeep
|turn|16
|
|move|p1a: Dubwool|Body Press|p2a: Appletun
|-damage|p2a: Appletun|36/100
|-enditem|p2a: Appletun|Sitrus Berry|[eat]
|-heal|p2a: Appletun|86/100|[from] item: Sitrus Berry
|move|p2a: Appletun|Recycle|p2a: Appletun
|-item|p2a: Appletun|Sitrus Berry|[from] move: Recycle
|
|upkeep
|turn|17
|
|move|p1a: Dubwool|Cotton Guard|p1a: Dubwool
|-boost|p1a: Dubwool|def|0
|move|p2a: Appletun|Leech Seed|p1a: Dubwool
|-start|p1a: Dubwool|move: Leech Seed
|
|-damage|p1a: Dubwool|88/100|[from] Leech Seed|[of] p2a: Appletun
|-heal|p2a: Appletun|96/100|[silent]
|upkeep
|turn|18
|
|move|p1a: Dubwool|Body Press|p2a: Appletun
|-damage|p2a: Appletun|80/100
|move|p2a: Appletun|Apple Acid|p1a: Dubwool
|-damage|p1a: Dubwool|66/100
|-unboost|p1a: Dubwool|spd|1
|
|-damage|p1a: Dubwool|53/100|[from] Leech Seed|[of] p2a: Appletun
|-heal|p2a: Appletun|90/100|[silent]
|upkeep
|turn|19
|inactive|Battle timer is ON: inactive players will automatically lose when time's up. (requested by JGuy452)
|
|move|p1a: Dubwool|Body Press|p2a: Appletun
|-damage|p2a: Appletun|73/100
|move|p2a: Appletun|Apple Acid|p1a: Dubwool
|-damage|p1a: Dubwool|19/100
|-unboost|p1a: Dubwool|spd|1
|-enditem|p1a: Dubwool|Wiki Berry|[eat]
|-heal|p1a: Dubwool|52/100|[from] item: Wiki Berry
|
|-damage|p1a: Dubwool|39/100|[from] Leech Seed|[of] p2a: Appletun
|-heal|p2a: Appletun|83/100|[silent]
|upkeep
|turn|20
|
|move|p1a: Dubwool|Rest|p1a: Dubwool
|-status|p1a: Dubwool|slp|[from] move: Rest
|-heal|p1a: Dubwool|100/100 slp|[silent]
|move|p2a: Appletun|Apple Acid|p1a: Dubwool
|-damage|p1a: Dubwool|54/100 slp
|-unboost|p1a: Dubwool|spd|1
|
|-damage|p1a: Dubwool|41/100 slp|[from] Leech Seed|[of] p2a: Appletun
|-heal|p2a: Appletun|93/100|[silent]
|upkeep
|turn|21
|
|cant|p1a: Dubwool|slp
|move|p1a: Dubwool|Sleep Talk|p1a: Dubwool
|move|p1a: Dubwool|Body Press|p2a: Appletun|[from]Sleep Talk
|-damage|p2a: Appletun|77/100
|move|p2a: Appletun|Apple Acid|p1a: Dubwool
|-damage|p1a: Dubwool|0 fnt
|faint|p1a: Dubwool
|
|upkeep
|
|switch|p1a: Mimikyu|Mimikyu, M|100/100
|-activate|p1a: Mimikyu|move: Sticky Web
|-unboost|p1a: Mimikyu|spe|1
|turn|22
|
|move|p1a: Mimikyu|Swords Dance|p1a: Mimikyu
|-boost|p1a: Mimikyu|atk|2
|move|p2a: Appletun|Apple Acid|p1a: Mimikyu
|-activate|p1a: Mimikyu|ability: Disguise
|-damage|p1a: Mimikyu|100/100
|-unboost|p1a: Mimikyu|spd|1
|detailschange|p1a: Mimikyu|Mimikyu-Busted, M
|-damage|p1a: Mimikyu|88/100|[from] ability: Disguise|[of] p1a: Mimikyu
|
|upkeep
|turn|23
|
|move|p1a: Mimikyu|Play Rough|p2a: Appletun
|-supereffective|p2a: Appletun
|-damage|p2a: Appletun|36/100
|-enditem|p2a: Appletun|Sitrus Berry|[eat]
|-heal|p2a: Appletun|86/100|[from] item: Sitrus Berry
|-damage|p1a: Mimikyu|78/100|[from] item: Life Orb
|move|p2a: Appletun|Apple Acid|p1a: Mimikyu
|-damage|p1a: Mimikyu|24/100
|-unboost|p1a: Mimikyu|spd|1
|
|upkeep
|turn|24
|
|move|p1a: Mimikyu|Play Rough|p2a: Appletun
|-supereffective|p2a: Appletun
|-damage|p2a: Appletun|45/100
|-damage|p1a: Mimikyu|14/100|[from] item: Life Orb
|move|p2a: Appletun|Recycle|p2a: Appletun
|-item|p2a: Appletun|Sitrus Berry|[from] move: Recycle
|-enditem|p2a: Appletun|Sitrus Berry|[eat]
|-heal|p2a: Appletun|95/100|[from] item: Sitrus Berry
|
|upkeep
|turn|25
|
|move|p1a: Mimikyu|Play Rough|p2a: Appletun
|-supereffective|p2a: Appletun
|-damage|p2a: Appletun|58/100
|-damage|p1a: Mimikyu|4/100|[from] item: Life Orb
|move|p2a: Appletun|Apple Acid|p1a: Mimikyu
|-damage|p1a: Mimikyu|0 fnt
|faint|p1a: Mimikyu
|
|upkeep
|
|switch|p1a: Ferrothorn|Ferrothorn, M|100/100
|-activate|p1a: Ferrothorn|move: Sticky Web
|-unboost|p1a: Ferrothorn|spe|1
|turn|26
|
|move|p2a: Appletun|Recycle|p2a: Appletun
|-item|p2a: Appletun|Sitrus Berry|[from] move: Recycle
|move|p1a: Ferrothorn|Gyro Ball|p2a: Appletun
|-damage|p2a: Appletun|52/100
|
|upkeep
|turn|27
|
|move|p2a: Appletun|Apple Acid|p1a: Ferrothorn
|-resisted|p1a: Ferrothorn
|-damage|p1a: Ferrothorn|95/100
|-unboost|p1a: Ferrothorn|spd|1
|move|p1a: Ferrothorn|Gyro Ball|p2a: Appletun
|-damage|p2a: Appletun|46/100
|-enditem|p2a: Appletun|Sitrus Berry|[eat]
|-heal|p2a: Appletun|96/100|[from] item: Sitrus Berry
|
|upkeep
|turn|28
|
|move|p2a: Appletun|Apple Acid|p1a: Ferrothorn
|-resisted|p1a: Ferrothorn
|-crit|p1a: Ferrothorn
|-damage|p1a: Ferrothorn|82/100
|-unboost|p1a: Ferrothorn|spd|1
|move|p1a: Ferrothorn|Explosion|p2a: Appletun
|-damage|p2a: Appletun|85/100
|faint|p1a: Ferrothorn
|
|upkeep
|
|switch|p1a: Dracovish|Dracovish|100/100
|-activate|p1a: Dracovish|move: Sticky Web
|-unboost|p1a: Dracovish|spe|1
|turn|29
|
|move|p1a: Dracovish|Ice Fang|p2a: Appletun
|-supereffective|p2a: Appletun
|-damage|p2a: Appletun|63/100
|move|p2a: Appletun|Leech Seed|p1a: Dracovish
|-start|p1a: Dracovish|move: Leech Seed
|
|-damage|p1a: Dracovish|88/100|[from] Leech Seed|[of] p2a: Appletun
|-heal|p2a: Appletun|73/100|[silent]
|upkeep
|turn|30
|
|move|p1a: Dracovish|Ice Fang|p2a: Appletun
|-supereffective|p2a: Appletun
|-damage|p2a: Appletun|50/100
|move|p2a: Appletun|Recycle|p2a: Appletun
|-item|p2a: Appletun|Sitrus Berry|[from] move: Recycle
|-enditem|p2a: Appletun|Sitrus Berry|[eat]
|-heal|p2a: Appletun|99/100|[from] item: Sitrus Berry
|
|-damage|p1a: Dracovish|76/100|[from] Leech Seed|[of] p2a: Appletun
|-heal|p2a: Appletun|100/100|[silent]
|upkeep
|turn|31
|
|move|p1a: Dracovish|Ice Fang|p2a: Appletun
|-supereffective|p2a: Appletun
|-damage|p2a: Appletun|78/100
|move|p2a: Appletun|Apple Acid|p1a: Dracovish
|-damage|p1a: Dracovish|35/100
|-unboost|p1a: Dracovish|spd|1
|
|-damage|p1a: Dracovish|23/100|[from] Leech Seed|[of] p2a: Appletun
|-heal|p2a: Appletun|87/100|[silent]
|upkeep
|turn|32
|
|move|p1a: Dracovish|Ice Fang|p2a: Appletun
|-supereffective|p2a: Appletun
|-damage|p2a: Appletun|67/100
|-status|p2a: Appletun|frz
|cant|p2a: Appletun|frz
|
|-damage|p1a: Dracovish|10/100|[from] Leech Seed|[of] p2a: Appletun
|-heal|p2a: Appletun|76/100 frz|[silent]
|upkeep
|turn|33
|
|move|p1a: Dracovish|Ice Fang|p2a: Appletun
|-supereffective|p2a: Appletun
|-damage|p2a: Appletun|51/100 frz
|cant|p2a: Appletun|frz
|
|-damage|p1a: Dracovish|0 fnt|[from] Leech Seed|[of] p2a: Appletun
|-heal|p2a: Appletun|59/100 frz|[silent]
|faint|p1a: Dracovish
|
|win|WAM19
|upkeep
|raw|JGuy452's rating: 1048 → 1029(-19 for losing)
|raw|WAM19's rating: 1000 → 1046(+46 for winning)
|l|☆JGuy452
