|ScrapeTime|2020-01-01-13:55:44
|j|☆IM A G3NG4R
|j|☆trox995
|player|p1|IM A G3NG4R|101|1180
|player|p2|trox995|colress|1209
|teamsize|p1|6
|teamsize|p2|6
|gametype|singles
|gen|8
|tier|[Gen 8] OU
|rated|
|rule|Sleep Clause Mod: Limit one foe put to sleep
|rule|Species Clause: Limit one of each Pokémon
|rule|OHKO Clause: OHKO moves are banned
|rule|Evasion Moves Clause: Evasion moves are banned
|rule|Endless Battle Clause: Forcing endless battles is banned
|rule|HP Percentage Mod: HP is shown in percentages
|clearpoke
|poke|p1|Sylveon, M|
|poke|p1|Rotom-Wash|
|poke|p1|Dragapult, M|
|poke|p1|Corviknight, F|
|poke|p1|Seismitoad, F|
|poke|p1|Ditto|
|poke|p2|Dragapult, M|
|poke|p2|Bisharp, M|
|poke|p2|Conkeldurr, M|
|poke|p2|Hydreigon, M|
|poke|p2|Aegislash, M|
|poke|p2|Excadrill, F|
|rule|Dynamax Clause: You cannot dynamax
|teampreview
|inactive|Battle timer is ON: inactive players will automatically lose when time's up. (requested by IM A G3NG4R)
|
|start
|switch|p1a: Rotom|Rotom-Wash|100/100
|switch|p2a: Drill|Excadrill, F|100/100
|-ability|p2a: Drill|Mold Breaker
|turn|1
|
|switch|p1a: Seismitoad|Seismitoad, F|100/100
|move|p2a: Drill|Stealth Rock|p1a: Seismitoad
|-sidestart|p1: IM A G3NG4R|move: Stealth Rock
|
|upkeep
|turn|2
|
|move|p2a: Drill|Earthquake|p1a: Seismitoad
|-damage|p1a: Seismitoad|65/100
|move|p1a: Seismitoad|Stealth Rock|p2a: Drill
|-sidestart|p2: trox995|move: Stealth Rock
|
|-heal|p1a: Seismitoad|71/100|[from] item: Leftovers
|upkeep
|turn|3
|
|switch|p1a: Dragapult|Dragapult, M|100/100
|-damage|p1a: Dragapult|88/100|[from] Stealth Rock
|move|p2a: Drill|Rapid Spin|p1a: Dragapult
|-immune|p1a: Dragapult
|
|upkeep
|turn|4
|
|move|p1a: Dragapult|Shadow Ball|p2a: Drill
|-damage|p2a: Drill|23/100
|move|p2a: Drill|Earthquake|p1a: Dragapult
|-damage|p1a: Dragapult|11/100
|
|upkeep
|turn|5
|
|switch|p2a: Cutting Edgier|Aegislash, M, shiny|100/100
|-damage|p2a: Cutting Edgier|94/100|[from] Stealth Rock
|move|p1a: Dragapult|Shadow Ball|p2a: Cutting Edgier
|-supereffective|p2a: Cutting Edgier
|-damage|p2a: Cutting Edgier|0 fnt
|faint|p2a: Cutting Edgier
|
|upkeep
|
|switch|p2a: Cutting Edge|Bisharp, M|100/100
|-damage|p2a: Cutting Edge|95/100|[from] Stealth Rock
|turn|6
|
|switch|p1a: Rotom|Rotom-Wash|100/100
|-damage|p1a: Rotom|88/100|[from] Stealth Rock
|move|p2a: Cutting Edge|Sucker Punch||[still]
|-fail|p2a: Cutting Edge
|
|upkeep
|turn|7
|
|move|p1a: Rotom|Will-O-Wisp|p2a: Cutting Edge|[miss]
|-miss|p1a: Rotom|p2a: Cutting Edge
|move|p2a: Cutting Edge|Throat Chop|p1a: Rotom
|-damage|p1a: Rotom|14/100
|-start|p1a: Rotom|Throat Chop|[silent]
|-enditem|p1a: Rotom|Sitrus Berry|[eat]
|-heal|p1a: Rotom|39/100|[from] item: Sitrus Berry
|
|upkeep
|turn|8
|
|move|p1a: Rotom|Will-O-Wisp|p2a: Cutting Edge
|-status|p2a: Cutting Edge|brn
|move|p2a: Cutting Edge|Throat Chop|p1a: Rotom
|-damage|p1a: Rotom|2/100
|
|-damage|p2a: Cutting Edge|89/100 brn|[from] brn
|-end|p1a: Rotom|Throat Chop|[silent]
|upkeep
|turn|9
|
|move|p1a: Rotom|Hydro Pump|p2a: Cutting Edge
|-damage|p2a: Cutting Edge|0 fnt
|faint|p2a: Cutting Edge
|
|upkeep
|-message|trox995 forfeited.
|
|win|IM A G3NG4R
|l|☆trox995
|raw|IM A G3NG4R's rating: 1180 → 1207(+27 for winning)
|raw|trox995's rating: 1209 → 1182(-27 for losing)
