|ScrapeTime|2020-01-01-10:06:05
|j|☆PokeDa
|j|☆magick meo
|player|p1|PokeDa|291|1251
|player|p2|magick meo|gambler|1279
|teamsize|p1|6
|teamsize|p2|6
|gametype|singles
|gen|8
|tier|[Gen 8] OU
|rated|
|rule|Sleep Clause Mod: Limit one foe put to sleep
|rule|Species Clause: Limit one of each Pokémon
|rule|OHKO Clause: OHKO moves are banned
|rule|Evasion Moves Clause: Evasion moves are banned
|rule|Endless Battle Clause: Forcing endless battles is banned
|rule|HP Percentage Mod: HP is shown in percentages
|clearpoke
|poke|p1|Pelipper, M|
|poke|p1|Barraskewda, M|
|poke|p1|Seismitoad, F|
|poke|p1|Dragapult, F|
|poke|p1|Ludicolo, M|
|poke|p1|Dracovish|
|poke|p2|Seismitoad, M|
|poke|p2|Corviknight, F|
|poke|p2|Pelipper, M|
|poke|p2|Ferrothorn, F|
|poke|p2|Dracovish|
|poke|p2|Barraskewda, M|
|rule|Dynamax Clause: You cannot dynamax
|teampreview
|
|start
|switch|p1a: Seismitoad|Seismitoad, F|100/100
|switch|p2a: Corviknight|Corviknight, F|100/100
|-ability|p2a: Corviknight|Pressure
|turn|1
|
|switch|p1a: Dragapult|Dragapult, F|100/100
|move|p2a: Corviknight|Taunt|p1a: Dragapult
|-start|p1a: Dragapult|move: Taunt
|
|upkeep
|turn|2
|
|move|p1a: Dragapult|U-turn|p2a: Corviknight
|-resisted|p2a: Corviknight
|-damage|p2a: Corviknight|96/100
|-damage|p1a: Dragapult|91/100|[from] item: Life Orb
|
|switch|p1a: Dracovish|Dracovish|100/100|[from]move: U-turn
|move|p2a: Corviknight|Roost|p2a: Corviknight
|-heal|p2a: Corviknight|100/100
|-singleturn|p2a: Corviknight|move: Roost
|
|upkeep
|turn|3
|
|switch|p2a: Seismitoad|Seismitoad, M, shiny|100/100
|move|p1a: Dracovish|Super Fang|p2a: Seismitoad
|-damage|p2a: Seismitoad|50/100
|
|-heal|p2a: Seismitoad|57/100|[from] item: Leftovers
|upkeep
|turn|4
|inactive|Battle timer is ON: inactive players will automatically lose when time's up. (requested by magick meo)
|
|switch|p1a: Ludicolo|Ludicolo, M|100/100
|switch|p2a: Ferrothorn|Ferrothorn, F|100/100
|
|upkeep
|turn|5
|
|move|p1a: Ludicolo|Focus Blast|p2a: Ferrothorn|[miss]
|-miss|p1a: Ludicolo|p2a: Ferrothorn
|move|p2a: Ferrothorn|Thunder Wave|p1a: Ludicolo
|-status|p1a: Ludicolo|par
|
|upkeep
|turn|6
|
|switch|p2a: Corviknight|Corviknight, F|100/100
|-ability|p2a: Corviknight|Pressure
|move|p1a: Ludicolo|Focus Blast|p2a: Corviknight|[miss]
|-miss|p1a: Ludicolo|p2a: Corviknight
|
|upkeep
|turn|7
|
|switch|p1a: Dracovish|Dracovish|100/100
|move|p2a: Corviknight|Brave Bird|p1a: Dracovish
|-damage|p1a: Dracovish|60/100
|-damage|p2a: Corviknight|90/100|[from] Recoil
|
|-heal|p2a: Corviknight|96/100|[from] item: Leftovers
|upkeep
|turn|8
|
|move|p1a: Dracovish|Fishious Rend|p2a: Corviknight
|-damage|p2a: Corviknight|0 fnt
|faint|p2a: Corviknight
|
|upkeep
|
|switch|p2a: Seismitoad|Seismitoad, M, shiny|57/100
|turn|9
|
|switch|p1a: Ludicolo|Ludicolo, M|100/100 par
|move|p2a: Seismitoad|Stealth Rock|p1a: Ludicolo
|-sidestart|p1: PokeDa|move: Stealth Rock
|
|-heal|p2a: Seismitoad|63/100|[from] item: Leftovers
|upkeep
|turn|10
|
|switch|p2a: Ferrothorn|Ferrothorn, F|100/100
|move|p1a: Ludicolo|Focus Blast|p2a: Ferrothorn|[miss]
|-miss|p1a: Ludicolo|p2a: Ferrothorn
|
|upkeep
|turn|11
|c|☆PokeDa|lol
|c|☆PokeDa|simply dunno how this works
|inactive|PokeDa has 120 seconds left.
|
|switch|p2a: Politoad|Pelipper, M|100/100
|-weather|RainDance|[from] ability: Drizzle|[of] p2a: Politoad
|move|p1a: Ludicolo|Focus Blast|p2a: Politoad
|-resisted|p2a: Politoad
|-damage|p2a: Politoad|71/100
|-damage|p1a: Ludicolo|91/100 par|[from] item: Life Orb
|
|-weather|RainDance|[upkeep]
|upkeep
|turn|12
|inactive|PokeDa has 120 seconds left.
|
|switch|p1a: Seismitoad|Seismitoad, F|100/100
|-damage|p1a: Seismitoad|95/100|[from] Stealth Rock
|move|p2a: Politoad|Hurricane|p1a: Seismitoad
|-damage|p1a: Seismitoad|53/100
|
|-weather|RainDance|[upkeep]
|upkeep
|turn|13
|
|switch|p2a: Ferrothorn|Ferrothorn, F|100/100
|move|p1a: Seismitoad|Stealth Rock|p2a: Ferrothorn
|-sidestart|p2: magick meo|move: Stealth Rock
|
|-weather|RainDance|[upkeep]
|upkeep
|turn|14
|
|move|p1a: Seismitoad|Focus Blast|p2a: Ferrothorn
|-supereffective|p2a: Ferrothorn
|-damage|p2a: Ferrothorn|19/100
|-damage|p1a: Seismitoad|43/100|[from] item: Life Orb
|move|p2a: Ferrothorn|Power Whip|p1a: Seismitoad
|-supereffective|p1a: Seismitoad
|-damage|p1a: Seismitoad|0 fnt
|faint|p1a: Seismitoad
|
|-weather|RainDance|[upkeep]
|-heal|p2a: Ferrothorn|25/100|[from] item: Leftovers
|upkeep
|
|switch|p1a: Dracovish|Dracovish|60/100
|-damage|p1a: Dracovish|48/100|[from] Stealth Rock
|turn|15
|
|switch|p2a: Seismitoad|Seismitoad, M, shiny|63/100
|-damage|p2a: Seismitoad|57/100|[from] Stealth Rock
|move|p1a: Dracovish|Crunch|p2a: Seismitoad
|-damage|p2a: Seismitoad|21/100
|
|-weather|RainDance|[upkeep]
|-heal|p2a: Seismitoad|27/100|[from] item: Leftovers
|upkeep
|turn|16
|inactive|PokeDa has 120 seconds left.
|
|move|p1a: Dracovish|Crunch|p2a: Seismitoad
|-damage|p2a: Seismitoad|0 fnt
|faint|p2a: Seismitoad
|
|-weather|RainDance|[upkeep]
|upkeep
|
|switch|p2a: Politoad|Pelipper, M|71/100
|-damage|p2a: Politoad|46/100|[from] Stealth Rock
|turn|17
|
|move|p1a: Dracovish|Crunch|p2a: Politoad
|-damage|p2a: Politoad|2/100
|move|p2a: Politoad|Roost|p2a: Politoad
|-heal|p2a: Politoad|52/100
|-singleturn|p2a: Politoad|move: Roost
|
|-weather|RainDance|[upkeep]
|upkeep
|turn|18
|
|move|p1a: Dracovish|Crunch|p2a: Politoad
|-damage|p2a: Politoad|8/100
|move|p2a: Politoad|Roost|p2a: Politoad
|-heal|p2a: Politoad|58/100
|-singleturn|p2a: Politoad|move: Roost
|
|-weather|none
|upkeep
|turn|19
|
|move|p1a: Dracovish|Crunch|p2a: Politoad
|-damage|p2a: Politoad|19/100
|-unboost|p2a: Politoad|def|1
|move|p2a: Politoad|Roost|p2a: Politoad
|-heal|p2a: Politoad|69/100
|-singleturn|p2a: Politoad|move: Roost
|
|upkeep
|turn|20
|
|switch|p2a: Ferrothorn|Ferrothorn, F|25/100
|-damage|p2a: Ferrothorn|19/100|[from] Stealth Rock
|move|p1a: Dracovish|Crunch|p2a: Ferrothorn
|-damage|p2a: Ferrothorn|0 fnt
|-damage|p1a: Dracovish|35/100|[from] ability: Iron Barbs|[of] p2a: Ferrothorn
|faint|p2a: Ferrothorn
|
|upkeep
|
|switch|p2a: Barraskewda|Barraskewda, M|100/100
|-damage|p2a: Barraskewda|88/100|[from] Stealth Rock
|turn|21
|
|move|p2a: Barraskewda|Psychic Fangs|p1a: Dracovish
|-damage|p1a: Dracovish|0 fnt
|-damage|p2a: Barraskewda|78/100|[from] item: Life Orb
|faint|p1a: Dracovish
|
|upkeep
|
|switch|p1a: Ludicolo|Ludicolo, M|91/100 par
|-damage|p1a: Ludicolo|78/100 par|[from] Stealth Rock
|turn|22
|
|switch|p2a: Politoad|Pelipper, M|69/100
|-damage|p2a: Politoad|44/100|[from] Stealth Rock
|-weather|RainDance|[from] ability: Drizzle|[of] p2a: Politoad
|move|p1a: Ludicolo|Energy Ball|p2a: Politoad
|-damage|p2a: Politoad|0 fnt
|-damage|p1a: Ludicolo|68/100 par|[from] item: Life Orb
|faint|p2a: Politoad
|
|-weather|RainDance|[upkeep]
|upkeep
|
|switch|p2a: Fishious Rend|Dracovish|100/100
|-damage|p2a: Fishious Rend|88/100|[from] Stealth Rock
|turn|23
|
|move|p2a: Fishious Rend|Fishious Rend|p1a: Ludicolo
|-resisted|p1a: Ludicolo
|-damage|p1a: Ludicolo|0 fnt
|faint|p1a: Ludicolo
|
|-weather|RainDance|[upkeep]
|upkeep
|
|switch|p1a: Dragapult|Dragapult, F|91/100
|-damage|p1a: Dragapult|78/100|[from] Stealth Rock
|turn|24
|
|move|p1a: Dragapult|Draco Meteor|p2a: Fishious Rend
|-supereffective|p2a: Fishious Rend
|-damage|p2a: Fishious Rend|0 fnt
|-unboost|p1a: Dragapult|spa|2
|-damage|p1a: Dragapult|69/100|[from] item: Life Orb
|faint|p2a: Fishious Rend
|
|-weather|RainDance|[upkeep]
|upkeep
|
|switch|p2a: Barraskewda|Barraskewda, M|78/100
|-damage|p2a: Barraskewda|66/100|[from] Stealth Rock
|turn|25
|
|move|p2a: Barraskewda|Crunch|p1a: Dragapult
|-supereffective|p1a: Dragapult
|-damage|p1a: Dragapult|0 fnt
|-damage|p2a: Barraskewda|56/100|[from] item: Life Orb
|faint|p1a: Dragapult
|
|-weather|RainDance|[upkeep]
|upkeep
|
|switch|p1a: Barraskewda|Barraskewda, M|100/100
|-damage|p1a: Barraskewda|88/100|[from] Stealth Rock
|turn|26
|
|move|p1a: Barraskewda|Close Combat|p2a: Barraskewda
|-damage|p2a: Barraskewda|0 fnt
|-unboost|p1a: Barraskewda|def|1
|-unboost|p1a: Barraskewda|spd|1
|-damage|p1a: Barraskewda|78/100|[from] item: Life Orb
|faint|p2a: Barraskewda
|
|win|PokeDa
|raw|PokeDa's rating: 1251 → 1278(+27 for winning)
|raw|magick meo's rating: 1279 → 1252(-27 for losing)
|l|☆magick meo
