|ScrapeTime|2020-01-01-21:04:30
|j|☆Freddos
|j|☆Stargazed*FIR
|player|p1|Freddos|2|1263
|player|p2|Stargazed*FIR|169|1233
|teamsize|p1|6
|teamsize|p2|6
|gametype|singles
|gen|8
|tier|[Gen 8] OU
|rated|
|rule|Sleep Clause Mod: Limit one foe put to sleep
|rule|Species Clause: Limit one of each Pokémon
|rule|OHKO Clause: OHKO moves are banned
|rule|Evasion Moves Clause: Evasion moves are banned
|rule|Endless Battle Clause: Forcing endless battles is banned
|rule|HP Percentage Mod: HP is shown in percentages
|clearpoke
|poke|p1|Rotom-Wash|
|poke|p1|Dragapult, M|
|poke|p1|Corsola-Galar, F|
|poke|p1|Toxicroak, M|
|poke|p1|Scrafty, M|
|poke|p1|Mew|
|poke|p2|Corviknight, M|
|poke|p2|Tyranitar, M|
|poke|p2|Excadrill, M|
|poke|p2|Dragapult, M|
|poke|p2|Cinderace, F|
|poke|p2|Rotom-Wash|
|rule|Dynamax Clause: You cannot dynamax
|teampreview
|c|☆Stargazed*FIR|hf
|
|start
|switch|p1a: Rotom|Rotom-Wash|100/100
|switch|p2a: Rotom|Rotom-Wash|100/100
|turn|1
|
|move|p2a: Rotom|Volt Switch|p1a: Rotom
|-damage|p1a: Rotom|66/100
|
|switch|p2a: Excadrill|Excadrill, M|100/100|[from]move: Volt Switch
|move|p1a: Rotom|Volt Switch|p2a: Excadrill
|-immune|p2a: Excadrill
|
|upkeep
|turn|2
|
|switch|p1a: Corsola|Corsola-Galar, F, shiny|100/100
|switch|p2a: Dragapult|Dragapult, M|100/100
|
|upkeep
|turn|3
|
|move|p2a: Dragapult|Shadow Ball|p1a: Corsola
|-supereffective|p1a: Corsola
|-damage|p1a: Corsola|44/100
|-start|p2a: Dragapult|Disable|Shadow Ball|[from] ability: Cursed Body|[of] p1a: Corsola
|move|p1a: Corsola|Stealth Rock|p2a: Dragapult
|-sidestart|p2: Stargazed*FIR|move: Stealth Rock
|
|upkeep
|turn|4
|
|switch|p2a: Rotom|Rotom-Wash|100/100
|-damage|p2a: Rotom|88/100|[from] Stealth Rock
|move|p1a: Corsola|Strength Sap|p2a: Rotom
|-unboost|p2a: Rotom|atk|1
|-heal|p1a: Corsola|82/100
|
|upkeep
|turn|5
|
|switch|p1a: Mew|Mew|100/100
|move|p2a: Rotom|Will-O-Wisp|p1a: Mew|[miss]
|-miss|p2a: Rotom|p1a: Mew
|
|upkeep
|turn|6
|
|switch|p2a: Dragapult|Dragapult, M|100/100
|-damage|p2a: Dragapult|88/100|[from] Stealth Rock
|move|p1a: Mew|Psychic|p2a: Dragapult
|-damage|p2a: Dragapult|28/100
|
|upkeep
|turn|7
|
|switch|p1a: Scrafty|Scrafty, M|100/100
|-ability|p1a: Scrafty|Intimidate|boost
|-unboost|p2a: Dragapult|atk|1
|move|p2a: Dragapult|Shadow Ball|p1a: Scrafty
|-resisted|p1a: Scrafty
|-damage|p1a: Scrafty|77/100
|
|-heal|p1a: Scrafty|83/100|[from] item: Leftovers
|upkeep
|turn|8
|
|switch|p2a: Cinderace|Cinderace, F|100/100
|move|p1a: Scrafty|Bulk Up|p1a: Scrafty
|-boost|p1a: Scrafty|atk|1
|-boost|p1a: Scrafty|def|1
|
|-heal|p1a: Scrafty|89/100|[from] item: Leftovers
|upkeep
|turn|9
|
|move|p2a: Cinderace|High Jump Kick|p1a: Scrafty
|-supereffective|p1a: Scrafty
|-damage|p1a: Scrafty|42/100
|move|p1a: Scrafty|Bulk Up|p1a: Scrafty
|-boost|p1a: Scrafty|atk|1
|-boost|p1a: Scrafty|def|1
|
|-heal|p1a: Scrafty|48/100|[from] item: Leftovers
|upkeep
|turn|10
|
|move|p2a: Cinderace|U-turn|p1a: Scrafty
|-damage|p1a: Scrafty|36/100
|
|switch|p2a: Rotom|Rotom-Wash|88/100|[from]move: U-turn
|-damage|p2a: Rotom|76/100|[from] Stealth Rock
|move|p1a: Scrafty|Drain Punch|p2a: Rotom
|-damage|p2a: Rotom|3/100
|-heal|p1a: Scrafty|69/100|[from] drain|[of] p2a: Rotom
|
|-heal|p1a: Scrafty|75/100|[from] item: Leftovers
|upkeep
|turn|11
|
|switch|p1a: Rotom|Rotom-Wash|66/100
|move|p2a: Rotom|Hydro Pump|p1a: Rotom
|-resisted|p1a: Rotom
|-damage|p1a: Rotom|37/100
|
|upkeep
|turn|12
|
|switch|p1a: Toxicroak|Toxicroak, M|100/100
|move|p2a: Rotom|Hydro Pump|p1a: Toxicroak
|-immune|p1a: Toxicroak|[from] ability: Dry Skin
|
|upkeep
|turn|13
|c|☆Stargazed*FIR|good play
|
|switch|p2a: Tyranitar|Tyranitar, M|100/100
|-damage|p2a: Tyranitar|88/100|[from] Stealth Rock
|-weather|Sandstorm|[from] ability: Sand Stream|[of] p2a: Tyranitar
|move|p1a: Toxicroak|Swords Dance|p1a: Toxicroak
|-boost|p1a: Toxicroak|atk|2
|
|-weather|Sandstorm|[upkeep]
|-damage|p1a: Toxicroak|94/100|[from] Sandstorm
|-heal|p1a: Toxicroak|100/100|[from] item: Black Sludge
|-heal|p2a: Tyranitar|94/100|[from] item: Leftovers
|upkeep
|turn|14
|
|switch|p2a: Dragapult|Dragapult, M|28/100
|-damage|p2a: Dragapult|15/100|[from] Stealth Rock
|move|p1a: Toxicroak|Drain Punch|p2a: Dragapult
|-immune|p2a: Dragapult
|
|-weather|Sandstorm|[upkeep]
|-damage|p2a: Dragapult|9/100|[from] Sandstorm
|-damage|p1a: Toxicroak|94/100|[from] Sandstorm
|-heal|p1a: Toxicroak|100/100|[from] item: Black Sludge
|upkeep
|turn|15
|
|move|p1a: Toxicroak|Sucker Punch|p2a: Dragapult
|-supereffective|p2a: Dragapult
|-damage|p2a: Dragapult|0 fnt
|faint|p2a: Dragapult
|
|-weather|Sandstorm|[upkeep]
|-damage|p1a: Toxicroak|94/100|[from] Sandstorm
|-heal|p1a: Toxicroak|100/100|[from] item: Black Sludge
|upkeep
|
|switch|p2a: Corviknight|Corviknight, M|100/100
|-damage|p2a: Corviknight|88/100|[from] Stealth Rock
|-ability|p2a: Corviknight|Pressure
|turn|16
|
|move|p1a: Toxicroak|Drain Punch|p2a: Corviknight
|-damage|p2a: Corviknight|34/100
|move|p2a: Corviknight|Bulk Up|p2a: Corviknight
|-boost|p2a: Corviknight|atk|1
|-boost|p2a: Corviknight|def|1
|
|-weather|Sandstorm|[upkeep]
|-damage|p1a: Toxicroak|94/100|[from] Sandstorm
|-heal|p1a: Toxicroak|100/100|[from] item: Black Sludge
|-heal|p2a: Corviknight|41/100|[from] item: Leftovers
|upkeep
|turn|17
|
|move|p1a: Toxicroak|Drain Punch|p2a: Corviknight
|-damage|p2a: Corviknight|4/100
|move|p2a: Corviknight|Roost|p2a: Corviknight
|-heal|p2a: Corviknight|54/100
|-singleturn|p2a: Corviknight|move: Roost
|
|-weather|none
|-heal|p2a: Corviknight|60/100|[from] item: Leftovers
|upkeep
|turn|18
|
|move|p1a: Toxicroak|Swords Dance|p1a: Toxicroak
|-boost|p1a: Toxicroak|atk|2
|move|p2a: Corviknight|Roost|p2a: Corviknight
|-heal|p2a: Corviknight|100/100
|-singleturn|p2a: Corviknight|move: Roost
|
|upkeep
|turn|19
|
|move|p1a: Toxicroak|Drain Punch|p2a: Corviknight
|-damage|p2a: Corviknight|49/100
|move|p2a: Corviknight|Brave Bird|p1a: Toxicroak
|-supereffective|p1a: Toxicroak
|-damage|p1a: Toxicroak|0 fnt
|-damage|p2a: Corviknight|24/100|[from] Recoil
|faint|p1a: Toxicroak
|
|-heal|p2a: Corviknight|30/100|[from] item: Leftovers
|upkeep
|
|switch|p1a: Rotom|Rotom-Wash|37/100
|turn|20
|
|switch|p2a: Tyranitar|Tyranitar, M|94/100
|-damage|p2a: Tyranitar|82/100|[from] Stealth Rock
|-weather|Sandstorm|[from] ability: Sand Stream|[of] p2a: Tyranitar
|move|p1a: Rotom|Hydro Pump|p2a: Tyranitar
|-supereffective|p2a: Tyranitar
|-damage|p2a: Tyranitar|31/100
|
|-weather|Sandstorm|[upkeep]
|-damage|p1a: Rotom|31/100|[from] Sandstorm
|-heal|p2a: Tyranitar|37/100|[from] item: Leftovers
|upkeep
|turn|21
|
|switch|p2a: Rotom|Rotom-Wash|3/100
|-damage|p2a: Rotom|0 fnt|[from] Stealth Rock
|faint|p2a: Rotom
|move|p1a: Rotom|Hydro Pump|p2: Rotom|[notarget]
|-fail|p1a: Rotom
|
|-weather|Sandstorm|[upkeep]
|-damage|p1a: Rotom|25/100|[from] Sandstorm
|upkeep
|
|switch|p2a: Cinderace|Cinderace, F|100/100
|turn|22
|l|☆Stargazed*FIR
|player|p2|
|j|☆Stargazed*FIR
|player|p2|Stargazed*FIR|169
|
|move|p1a: Rotom|Hydro Pump|p2a: Cinderace|[miss]
|-miss|p1a: Rotom|p2a: Cinderace
|move|p2a: Cinderace|High Jump Kick|p1a: Rotom
|-damage|p1a: Rotom|0 fnt
|faint|p1a: Rotom
|
|-weather|Sandstorm|[upkeep]
|-damage|p2a: Cinderace|95/100|[from] Sandstorm
|upkeep
|c|☆Stargazed*FIR|shit sorry
|
|switch|p1a: Scrafty|Scrafty, M|75/100
|-ability|p1a: Scrafty|Intimidate|boost
|-unboost|p2a: Cinderace|atk|1
|turn|23
|
|switch|p1a: Dragapult|Dragapult, M|100/100
|move|p2a: Cinderace|U-turn|p1a: Dragapult
|-resisted|p1a: Dragapult
|-crit|p1a: Dragapult
|-damage|p1a: Dragapult|78/100
|
|switch|p2a: Excadrill|Excadrill, M|100/100|[from]move: U-turn
|-damage|p2a: Excadrill|97/100|[from] Stealth Rock
|
|-weather|Sandstorm|[upkeep]
|-damage|p1a: Dragapult|72/100|[from] Sandstorm
|-heal|p2a: Excadrill|100/100|[from] item: Leftovers
|upkeep
|turn|24
|
|switch|p1a: Corsola|Corsola-Galar, F, shiny|82/100
|move|p2a: Excadrill|Swords Dance|p2a: Excadrill
|-boost|p2a: Excadrill|atk|2
|
|-weather|none
|upkeep
|turn|25
|
|move|p2a: Excadrill|Earthquake|p1a: Corsola
|-damage|p1a: Corsola|5/100
|move|p1a: Corsola|Night Shade|p2a: Excadrill
|-damage|p2a: Excadrill|73/100
|
|-heal|p2a: Excadrill|79/100|[from] item: Leftovers
|upkeep
|turn|26
|
|move|p2a: Excadrill|Iron Head|p1a: Corsola
|-damage|p1a: Corsola|0 fnt
|faint|p1a: Corsola
|
|-heal|p2a: Excadrill|85/100|[from] item: Leftovers
|upkeep
|
|switch|p1a: Dragapult|Dragapult, M|72/100
|turn|27
|
|switch|p2a: Tyranitar|Tyranitar, M|37/100
|-damage|p2a: Tyranitar|25/100|[from] Stealth Rock
|-weather|Sandstorm|[from] ability: Sand Stream|[of] p2a: Tyranitar
|move|p1a: Dragapult|Phantom Force||[still]
|-prepare|p1a: Dragapult|Phantom Force|p2a: Tyranitar
|
|-weather|Sandstorm|[upkeep]
|-damage|p1a: Dragapult|66/100|[from] Sandstorm
|-heal|p2a: Tyranitar|31/100|[from] item: Leftovers
|upkeep
|turn|28
|
|move|p1a: Dragapult|Phantom Force|p2a: Tyranitar|[from]lockedmove
|-resisted|p2a: Tyranitar
|-damage|p2a: Tyranitar|7/100
|-damage|p1a: Dragapult|57/100|[from] item: Life Orb
|move|p2a: Tyranitar|Crunch|p1a: Dragapult
|-supereffective|p1a: Dragapult
|-damage|p1a: Dragapult|0 fnt
|faint|p1a: Dragapult
|
|-weather|Sandstorm|[upkeep]
|-heal|p2a: Tyranitar|13/100|[from] item: Leftovers
|upkeep
|
|switch|p1a: Scrafty|Scrafty, M|75/100
|-ability|p1a: Scrafty|Intimidate|boost
|-unboost|p2a: Tyranitar|atk|1
|turn|29
|
|move|p1a: Scrafty|Bulk Up|p1a: Scrafty
|-boost|p1a: Scrafty|atk|1
|-boost|p1a: Scrafty|def|1
|move|p2a: Tyranitar|Stone Edge|p1a: Scrafty
|-resisted|p1a: Scrafty
|-damage|p1a: Scrafty|65/100
|
|-weather|Sandstorm|[upkeep]
|-damage|p1a: Scrafty|59/100|[from] Sandstorm
|-heal|p1a: Scrafty|65/100|[from] item: Leftovers
|-heal|p2a: Tyranitar|20/100|[from] item: Leftovers
|upkeep
|turn|30
|
|switch|p2a: Excadrill|Excadrill, M|85/100
|-damage|p2a: Excadrill|82/100|[from] Stealth Rock
|move|p1a: Scrafty|Drain Punch|p2a: Excadrill
|-supereffective|p2a: Excadrill
|-damage|p2a: Excadrill|0 fnt
|-heal|p1a: Scrafty|100/100|[from] drain|[of] p2a: Excadrill
|faint|p2a: Excadrill
|
|-weather|Sandstorm|[upkeep]
|-damage|p1a: Scrafty|95/100|[from] Sandstorm
|-heal|p1a: Scrafty|100/100|[from] item: Leftovers
|upkeep
|
|switch|p2a: Corviknight|Corviknight, M|30/100
|-damage|p2a: Corviknight|18/100|[from] Stealth Rock
|-ability|p2a: Corviknight|Pressure
|turn|31
|
|move|p2a: Corviknight|Roost|p2a: Corviknight
|-heal|p2a: Corviknight|68/100
|-singleturn|p2a: Corviknight|move: Roost
|move|p1a: Scrafty|Drain Punch|p2a: Corviknight
|-supereffective|p2a: Corviknight
|-damage|p2a: Corviknight|0 fnt
|faint|p2a: Corviknight
|
|-weather|none
|upkeep
|c|☆Stargazed*FIR|ahh damn gg
|
|switch|p2a: Cinderace|Cinderace, F|95/100
|turn|32
|
|move|p2a: Cinderace|High Jump Kick|p1a: Scrafty
|-supereffective|p1a: Scrafty
|-damage|p1a: Scrafty|53/100
|move|p1a: Scrafty|Bulk Up|p1a: Scrafty
|-boost|p1a: Scrafty|atk|1
|-boost|p1a: Scrafty|def|1
|
|-heal|p1a: Scrafty|59/100|[from] item: Leftovers
|upkeep
|turn|33
|
|move|p2a: Cinderace|High Jump Kick|p1a: Scrafty
|-supereffective|p1a: Scrafty
|-crit|p1a: Scrafty
|-damage|p1a: Scrafty|0 fnt
|faint|p1a: Scrafty
|
|upkeep
|
|switch|p1a: Mew|Mew|100/100
|turn|34
|c|☆Stargazed*FIR|xD
|
|move|p2a: Cinderace|Pyro Ball|p1a: Mew
|-damage|p1a: Mew|52/100
|-status|p1a: Mew|brn
|-activate|p1a: Mew|ability: Synchronize
|-immune|p2a: Cinderace
|move|p1a: Mew|Psychic|p2a: Cinderace
|-damage|p2a: Cinderace|30/100
|
|-heal|p1a: Mew|58/100 brn|[from] item: Leftovers
|-damage|p1a: Mew|52/100 brn|[from] brn
|upkeep
|turn|35
|
|move|p2a: Cinderace|Pyro Ball|p1a: Mew
|-damage|p1a: Mew|0 fnt
|faint|p1a: Mew
|
|win|Stargazed*FIR
|l|☆Freddos
|raw|Freddos's rating: 1263 → 1236(-27 for losing)
|raw|Stargazed*FIR's rating: 1234 → 1261(+27 for winning)
