|ScrapeTime|2020-01-01-17:58:46
|j|☆AlphaRomeo127
|j|☆YuunGoo
|player|p1|AlphaRomeo127|candice|1079
|player|p2|YuunGoo|80|1069
|teamsize|p1|6
|teamsize|p2|6
|gametype|singles
|gen|8
|tier|[Gen 8] OU
|rated|
|rule|Sleep Clause Mod: Limit one foe put to sleep
|rule|Species Clause: Limit one of each Pokémon
|rule|OHKO Clause: OHKO moves are banned
|rule|Evasion Moves Clause: Evasion moves are banned
|rule|Endless Battle Clause: Forcing endless battles is banned
|rule|HP Percentage Mod: HP is shown in percentages
|clearpoke
|poke|p1|Avalugg, M|
|poke|p1|Vanilluxe, F|
|poke|p1|Torkoal, M|
|poke|p1|Charizard, F|
|poke|p1|Pincurchin, F|
|poke|p1|Dracozolt|
|poke|p2|Toxtricity-Low-Key, M|
|poke|p2|Ditto|
|poke|p2|Corviknight, M|
|poke|p2|Gyarados, M|
|poke|p2|Ferrothorn, M|
|poke|p2|Seismitoad, M|
|rule|Dynamax Clause: You cannot dynamax
|teampreview
|inactive|Battle timer is ON: inactive players will automatically lose when time's up. (requested by YuunGoo)
|
|start
|switch|p1a: Dracozolt|Dracozolt|100/100
|switch|p2a: Seismitoad|Seismitoad, M|100/100
|turn|1
|
|move|p1a: Dracozolt|Bolt Beak|p2a: Seismitoad
|-immune|p2a: Seismitoad
|move|p2a: Seismitoad|Earth Power|p1a: Dracozolt
|-supereffective|p1a: Dracozolt
|-damage|p1a: Dracozolt|15/100
|
|upkeep
|turn|2
|
|switch|p1a: Charizard|Charizard, F|100/100
|move|p2a: Seismitoad|Surf|p1a: Charizard
|-supereffective|p1a: Charizard
|-damage|p1a: Charizard|35/100
|
|upkeep
|turn|3
|
|move|p1a: Charizard|Solar Beam||[still]
|-prepare|p1a: Charizard|Solar Beam|p2a: Seismitoad
|move|p2a: Seismitoad|Surf|p1a: Charizard
|-supereffective|p1a: Charizard
|-damage|p1a: Charizard|0 fnt
|faint|p1a: Charizard
|
|upkeep
|
|switch|p1a: Vanilluxe|Vanilluxe, F|100/100
|turn|4
|
|move|p1a: Vanilluxe|Flash Cannon|p2a: Seismitoad
|-resisted|p2a: Seismitoad
|-damage|p2a: Seismitoad|93/100
|move|p2a: Seismitoad|Focus Blast|p1a: Vanilluxe
|-supereffective|p1a: Vanilluxe
|-damage|p1a: Vanilluxe|47/100
|-unboost|p1a: Vanilluxe|spd|1
|
|upkeep
|turn|5
|
|switch|p1a: Torkoal|Torkoal, M|100/100
|-weather|SunnyDay|[from] ability: Drought|[of] p1a: Torkoal
|move|p2a: Seismitoad|Earth Power|p1a: Torkoal
|-supereffective|p1a: Torkoal
|-damage|p1a: Torkoal|42/100
|
|-weather|SunnyDay|[upkeep]
|upkeep
|turn|6
|
|switch|p1a: Avalugg|Avalugg, M|100/100
|move|p2a: Seismitoad|Earth Power|p1a: Avalugg
|-damage|p1a: Avalugg|72/100
|
|-weather|SunnyDay|[upkeep]
|-heal|p1a: Avalugg|78/100|[from] item: Leftovers
|upkeep
|turn|7
|
|move|p2a: Seismitoad|Focus Blast|p1a: Avalugg
|-supereffective|p1a: Avalugg
|-damage|p1a: Avalugg|31/100
|move|p1a: Avalugg|Avalanche|p2a: Seismitoad
|-damage|p2a: Seismitoad|55/100
|
|-weather|SunnyDay|[upkeep]
|-heal|p1a: Avalugg|38/100|[from] item: Leftovers
|upkeep
|turn|8
|
|move|p2a: Seismitoad|Focus Blast|p1a: Avalugg
|-supereffective|p1a: Avalugg
|-damage|p1a: Avalugg|0 fnt
|faint|p1a: Avalugg
|
|-weather|SunnyDay|[upkeep]
|upkeep
|
|switch|p1a: Pincurchin|Pincurchin, F|100/100
|turn|9
|
|move|p2a: Seismitoad|Earth Power|p1a: Pincurchin
|-supereffective|p1a: Pincurchin
|-damage|p1a: Pincurchin|13/100
|move|p1a: Pincurchin|Poison Jab|p2a: Seismitoad
|-resisted|p2a: Seismitoad
|-damage|p2a: Seismitoad|45/100
|-status|p2a: Seismitoad|psn
|
|-weather|SunnyDay|[upkeep]
|-heal|p1a: Pincurchin|19/100|[from] item: Leftovers
|-damage|p2a: Seismitoad|33/100 psn|[from] psn
|upkeep
|turn|10
|-message|AlphaRomeo127 forfeited.
|
|win|YuunGoo
|l|☆AlphaRomeo127
|raw|AlphaRomeo127's rating: 1060 → 1041(-19 for losing)
|raw|YuunGoo's rating: 1069 → 1098(+29 for winning)
