|ScrapeTime|2020-01-02-09:42:24
|j|☆shuvi302
|j|☆mouses5
|player|p1|shuvi302|266|1435
|player|p2|mouses5|170|1386
|teamsize|p1|6
|teamsize|p2|6
|gametype|singles
|gen|8
|tier|[Gen 8] OU
|rated|
|rule|Sleep Clause Mod: Limit one foe put to sleep
|rule|Species Clause: Limit one of each Pokémon
|rule|OHKO Clause: OHKO moves are banned
|rule|Evasion Moves Clause: Evasion moves are banned
|rule|Endless Battle Clause: Forcing endless battles is banned
|rule|HP Percentage Mod: HP is shown in percentages
|clearpoke
|poke|p1|Corviknight, F|
|poke|p1|Toxapex, F|
|poke|p1|Clefable, M|
|poke|p1|Dragapult, F|
|poke|p1|Rotom-Heat|
|poke|p1|Ferrothorn, M|
|poke|p2|Rotom-Wash|
|poke|p2|Toxapex, F|
|poke|p2|Centiskorch, F|
|poke|p2|Hydreigon, M|
|poke|p2|Mandibuzz, F|
|poke|p2|Dragapult, M|
|rule|Dynamax Clause: You cannot dynamax
|teampreview
|
|start
|switch|p1a: Rotom|Rotom-Heat|100/100
|switch|p2a: Rotom|Rotom-Wash|100/100
|turn|1
|inactive|Battle timer is ON: inactive players will automatically lose when time's up. (requested by mouses5)
|
|switch|p1a: Dragapult|Dragapult, F|100/100
|move|p2a: Rotom|Hydro Pump|p1a: Dragapult
|-resisted|p1a: Dragapult
|-damage|p1a: Dragapult|66/100
|
|upkeep
|turn|2
|
|switch|p2a: Centiskorch|Centiskorch, F|100/100
|move|p1a: Dragapult|U-turn|p2a: Centiskorch
|-resisted|p2a: Centiskorch
|-damage|p2a: Centiskorch|91/100
|
|switch|p1a: Toxapex|Toxapex, F|100/100|[from]move: U-turn
|
|upkeep
|turn|3
|
|move|p2a: Centiskorch|Knock Off|p1a: Toxapex
|-damage|p1a: Toxapex|85/100
|-enditem|p1a: Toxapex|Black Sludge|[from] move: Knock Off|[of] p2a: Centiskorch
|move|p1a: Toxapex|Toxic|p2a: Centiskorch
|-status|p2a: Centiskorch|tox
|
|-damage|p2a: Centiskorch|85/100 tox|[from] psn
|upkeep
|turn|4
|
|switch|p2a: Dragapult|Dragapult, M|100/100
|move|p1a: Toxapex|Toxic|p2a: Dragapult
|-status|p2a: Dragapult|tox
|
|-damage|p2a: Dragapult|95/100 tox|[from] psn
|upkeep
|turn|5
|
|switch|p2a: Rotom|Rotom-Wash|100/100
|move|p1a: Toxapex|Haze|p1a: Toxapex
|-clearallboost
|
|upkeep
|turn|6
|
|switch|p1a: Ferrothorn|Ferrothorn, M|100/100
|move|p2a: Rotom|Discharge|p1a: Ferrothorn
|-resisted|p1a: Ferrothorn
|-damage|p1a: Ferrothorn|84/100
|
|-heal|p1a: Ferrothorn|90/100|[from] item: Leftovers
|upkeep
|turn|7
|
|switch|p2a: Centiskorch|Centiskorch, F|85/100 tox
|move|p1a: Ferrothorn|Knock Off|p2a: Centiskorch
|-damage|p2a: Centiskorch|58/100 tox
|-enditem|p2a: Centiskorch|Heavy-Duty Boots|[from] move: Knock Off|[of] p1a: Ferrothorn
|
|-heal|p1a: Ferrothorn|97/100|[from] item: Leftovers
|-damage|p2a: Centiskorch|52/100 tox|[from] psn
|upkeep
|turn|8
|
|switch|p1a: Toxapex|Toxapex, F|100/100
|move|p2a: Centiskorch|Fire Lash|p1a: Toxapex
|-resisted|p1a: Toxapex
|-damage|p1a: Toxapex|91/100
|-unboost|p1a: Toxapex|def|1
|
|-damage|p2a: Centiskorch|40/100 tox|[from] psn
|upkeep
|turn|9
|
|move|p2a: Centiskorch|Rest|p2a: Centiskorch
|-status|p2a: Centiskorch|slp|[from] move: Rest
|-heal|p2a: Centiskorch|100/100 slp|[silent]
|move|p1a: Toxapex|Toxic||[still]
|-fail|p1a: Toxapex
|
|upkeep
|turn|10
|
|cant|p2a: Centiskorch|slp
|move|p2a: Centiskorch|Sleep Talk|p2a: Centiskorch
|move|p2a: Centiskorch|Rest|p2a: Centiskorch|[from]Sleep Talk
|-fail|p2a: Centiskorch|heal
|move|p1a: Toxapex|Scald|p2a: Centiskorch
|-supereffective|p2a: Centiskorch
|-damage|p2a: Centiskorch|79/100 slp
|
|upkeep
|turn|11
|
|cant|p2a: Centiskorch|slp
|move|p2a: Centiskorch|Sleep Talk|p2a: Centiskorch
|move|p2a: Centiskorch|Rest|p2a: Centiskorch|[from]Sleep Talk
|-fail|p2a: Centiskorch
|move|p1a: Toxapex|Toxic||[still]
|-fail|p1a: Toxapex
|
|upkeep
|turn|12
|
|-curestatus|p2a: Centiskorch|slp|[msg]
|move|p2a: Centiskorch|Sleep Talk||[still]
|-fail|p2a: Centiskorch
|move|p1a: Toxapex|Toxic|p2a: Centiskorch
|-status|p2a: Centiskorch|tox
|
|-damage|p2a: Centiskorch|73/100 tox|[from] psn
|upkeep
|turn|13
|
|move|p2a: Centiskorch|Fire Lash|p1a: Toxapex
|-resisted|p1a: Toxapex
|-damage|p1a: Toxapex|78/100
|-unboost|p1a: Toxapex|def|1
|move|p1a: Toxapex|Scald|p2a: Centiskorch
|-supereffective|p2a: Centiskorch
|-damage|p2a: Centiskorch|51/100 tox
|
|-damage|p2a: Centiskorch|38/100 tox|[from] psn
|upkeep
|turn|14
|
|switch|p1a: Clefable|Clefable, M|100/100
|move|p2a: Centiskorch|Rest|p2a: Centiskorch
|-status|p2a: Centiskorch|slp|[from] move: Rest
|-heal|p2a: Centiskorch|100/100 slp|[silent]
|
|upkeep
|turn|15
|
|move|p1a: Clefable|Moonblast|p2a: Centiskorch
|-resisted|p2a: Centiskorch
|-damage|p2a: Centiskorch|83/100 slp
|-unboost|p2a: Centiskorch|spa|1
|cant|p2a: Centiskorch|slp
|move|p2a: Centiskorch|Sleep Talk|p2a: Centiskorch
|move|p2a: Centiskorch|Knock Off|p1a: Clefable|[from]Sleep Talk
|-resisted|p1a: Clefable
|-damage|p1a: Clefable|86/100
|-enditem|p1a: Clefable|Life Orb|[from] move: Knock Off|[of] p2a: Centiskorch
|
|upkeep
|turn|16
|
|switch|p1a: Toxapex|Toxapex, F|100/100
|cant|p2a: Centiskorch|slp
|move|p2a: Centiskorch|Sleep Talk|p2a: Centiskorch
|move|p2a: Centiskorch|Knock Off|p1a: Toxapex|[from]Sleep Talk
|-damage|p1a: Toxapex|91/100
|
|upkeep
|turn|17
|
|-curestatus|p2a: Centiskorch|slp|[msg]
|move|p2a: Centiskorch|Fire Lash|p1a: Toxapex
|-resisted|p1a: Toxapex
|-damage|p1a: Toxapex|81/100
|-unboost|p1a: Toxapex|def|1
|move|p1a: Toxapex|Toxic|p2a: Centiskorch
|-status|p2a: Centiskorch|tox
|
|-damage|p2a: Centiskorch|77/100 tox|[from] psn
|upkeep
|turn|18
|
|move|p2a: Centiskorch|Fire Lash|p1a: Toxapex
|-resisted|p1a: Toxapex
|-damage|p1a: Toxapex|68/100
|-unboost|p1a: Toxapex|def|1
|move|p1a: Toxapex|Scald|p2a: Centiskorch
|-supereffective|p2a: Centiskorch
|-damage|p2a: Centiskorch|54/100 tox
|
|-damage|p2a: Centiskorch|42/100 tox|[from] psn
|upkeep
|turn|19
|
|move|p2a: Centiskorch|Rest|p2a: Centiskorch
|-status|p2a: Centiskorch|slp|[from] move: Rest
|-heal|p2a: Centiskorch|100/100 slp|[silent]
|move|p1a: Toxapex|Scald|p2a: Centiskorch
|-supereffective|p2a: Centiskorch
|-damage|p2a: Centiskorch|80/100 slp
|
|upkeep
|turn|20
|
|cant|p2a: Centiskorch|slp
|move|p2a: Centiskorch|Sleep Talk|p2a: Centiskorch
|move|p2a: Centiskorch|Knock Off|p1a: Toxapex|[from]Sleep Talk
|-damage|p1a: Toxapex|49/100
|move|p1a: Toxapex|Recover|p1a: Toxapex
|-heal|p1a: Toxapex|99/100
|
|upkeep
|turn|21
|
|cant|p2a: Centiskorch|slp
|move|p2a: Centiskorch|Sleep Talk|p2a: Centiskorch
|move|p2a: Centiskorch|Fire Lash|p1a: Toxapex|[from]Sleep Talk
|-resisted|p1a: Toxapex
|-damage|p1a: Toxapex|81/100
|-unboost|p1a: Toxapex|def|1
|move|p1a: Toxapex|Haze|p1a: Toxapex
|-clearallboost
|
|upkeep
|turn|22
|
|switch|p2a: Rotom|Rotom-Wash|100/100
|move|p1a: Toxapex|Toxic|p2a: Rotom
|-status|p2a: Rotom|tox
|
|-damage|p2a: Rotom|94/100 tox|[from] psn
|upkeep
|turn|23
|
|switch|p1a: Ferrothorn|Ferrothorn, M|97/100
|move|p2a: Rotom|Trick|p1a: Ferrothorn
|-activate|p2a: Rotom|move: Trick|[of] p1a: Ferrothorn
|-item|p1a: Ferrothorn|Choice Scarf|[from] move: Trick
|-item|p2a: Rotom|Leftovers|[from] move: Trick
|
|-heal|p2a: Rotom|100/100 tox|[from] item: Leftovers
|-damage|p2a: Rotom|88/100 tox|[from] psn
|upkeep
|turn|24
|
|move|p2a: Rotom|Volt Switch|p1a: Ferrothorn
|-resisted|p1a: Ferrothorn
|-damage|p1a: Ferrothorn|83/100
|
|switch|p2a: Centiskorch|Centiskorch, F|80/100 slp|[from]move: Volt Switch
|move|p1a: Ferrothorn|Stealth Rock|p2a: Centiskorch
|-sidestart|p2: mouses5|move: Stealth Rock
|
|upkeep
|turn|25
|
|switch|p1a: Toxapex|Toxapex, F|100/100
|-curestatus|p2a: Centiskorch|slp|[msg]
|move|p2a: Centiskorch|Fire Lash|p1a: Toxapex
|-resisted|p1a: Toxapex
|-damage|p1a: Toxapex|91/100
|-unboost|p1a: Toxapex|def|1
|
|upkeep
|turn|26
|
|move|p2a: Centiskorch|Fire Lash|p1a: Toxapex
|-resisted|p1a: Toxapex
|-damage|p1a: Toxapex|75/100
|-unboost|p1a: Toxapex|def|1
|move|p1a: Toxapex|Toxic|p2a: Centiskorch
|-status|p2a: Centiskorch|tox
|
|-damage|p2a: Centiskorch|73/100 tox|[from] psn
|upkeep
|turn|27
|
|move|p2a: Centiskorch|Fire Lash|p1a: Toxapex
|-resisted|p1a: Toxapex
|-damage|p1a: Toxapex|58/100
|-unboost|p1a: Toxapex|def|1
|move|p1a: Toxapex|Haze|p1a: Toxapex
|-clearallboost
|
|-damage|p2a: Centiskorch|61/100 tox|[from] psn
|upkeep
|turn|28
|
|move|p2a: Centiskorch|Fire Lash|p1a: Toxapex
|-resisted|p1a: Toxapex
|-damage|p1a: Toxapex|48/100
|-unboost|p1a: Toxapex|def|1
|move|p1a: Toxapex|Recover|p1a: Toxapex
|-heal|p1a: Toxapex|98/100
|
|-damage|p2a: Centiskorch|42/100 tox|[from] psn
|upkeep
|turn|29
|
|move|p2a: Centiskorch|Rest|p2a: Centiskorch
|-status|p2a: Centiskorch|slp|[from] move: Rest
|-heal|p2a: Centiskorch|100/100 slp|[silent]
|move|p1a: Toxapex|Scald|p2a: Centiskorch
|-supereffective|p2a: Centiskorch
|-damage|p2a: Centiskorch|79/100 slp
|
|upkeep
|turn|30
|
|switch|p2a: Dragapult|Dragapult, M|95/100 tox
|-damage|p2a: Dragapult|82/100 tox|[from] Stealth Rock
|move|p1a: Toxapex|Scald|p2a: Dragapult
|-resisted|p2a: Dragapult
|-damage|p2a: Dragapult|71/100 tox
|
|-heal|p2a: Dragapult|77/100 tox|[from] item: Leftovers
|-damage|p2a: Dragapult|71/100 tox|[from] psn
|upkeep
|turn|31
|
|switch|p1a: Ferrothorn|Ferrothorn, M|83/100
|move|p2a: Dragapult|Dragon Darts|p1a: Ferrothorn
|-resisted|p1a: Ferrothorn
|-damage|p1a: Ferrothorn|74/100
|-resisted|p1a: Ferrothorn
|-damage|p1a: Ferrothorn|66/100
|-hitcount|p1a: Ferrothorn|2
|
|-heal|p2a: Dragapult|77/100 tox|[from] item: Leftovers
|-damage|p2a: Dragapult|65/100 tox|[from] psn
|upkeep
|turn|32
|
|switch|p2a: Mandibuzz|Mandibuzz, F|100/100
|-damage|p2a: Mandibuzz|75/100|[from] Stealth Rock
|move|p1a: Ferrothorn|Knock Off|p2a: Mandibuzz
|-resisted|p2a: Mandibuzz
|-damage|p2a: Mandibuzz|69/100
|-enditem|p2a: Mandibuzz|Leftovers|[from] move: Knock Off|[of] p1a: Ferrothorn
|
|upkeep
|turn|33
|
|switch|p1a: Rotom|Rotom-Heat|100/100
|move|p2a: Mandibuzz|Defog|p1a: Rotom
|-unboost|p1a: Rotom|evasion|1
|-sideend|p2: mouses5|Stealth Rock|[from] move: Defog|[of] p2a: Mandibuzz
|
|upkeep
|turn|34
|
|move|p1a: Rotom|Nasty Plot|p1a: Rotom
|-boost|p1a: Rotom|spa|2
|move|p2a: Mandibuzz|Roost|p2a: Mandibuzz
|-heal|p2a: Mandibuzz|100/100
|-singleturn|p2a: Mandibuzz|move: Roost
|
|upkeep
|turn|35
|
|switch|p2a: Toxapex|Toxapex, F|100/100
|move|p1a: Rotom|Volt Switch|p2a: Toxapex
|-supereffective|p2a: Toxapex
|-damage|p2a: Toxapex|11/100
|
|switch|p1a: Dragapult|Dragapult, F|66/100|[from]move: Volt Switch
|
|-heal|p2a: Toxapex|17/100|[from] item: Black Sludge
|upkeep
|turn|36
|
|move|p1a: Dragapult|Draco Meteor|p2a: Toxapex
|-damage|p2a: Toxapex|0 fnt
|-unboost|p1a: Dragapult|spa|2
|faint|p2a: Toxapex
|
|upkeep
|
|switch|p2a: Hydreigon|Hydreigon, M|100/100
|turn|37
|
|switch|p1a: Toxapex|Toxapex, F|100/100
|move|p2a: Hydreigon|Fire Blast|p1a: Toxapex
|-resisted|p1a: Toxapex
|-damage|p1a: Toxapex|85/100
|
|upkeep
|turn|38
|
|switch|p2a: Rotom|Rotom-Wash|88/100 tox
|move|p1a: Toxapex|Toxic|p2a: Rotom
|-fail|p2a: Rotom|tox
|
|-heal|p2a: Rotom|94/100 tox|[from] item: Leftovers
|-damage|p2a: Rotom|88/100 tox|[from] psn
|upkeep
|turn|39
|
|switch|p1a: Ferrothorn|Ferrothorn, M|66/100
|move|p2a: Rotom|Volt Switch|p1a: Ferrothorn
|-resisted|p1a: Ferrothorn
|-damage|p1a: Ferrothorn|53/100
|
|switch|p2a: Hydreigon|Hydreigon, M|100/100|[from]move: Volt Switch
|
|upkeep
|turn|40
|
|move|p2a: Hydreigon|Fire Blast|p1a: Ferrothorn|[miss]
|-miss|p2a: Hydreigon|p1a: Ferrothorn
|move|p1a: Ferrothorn|Knock Off|p2a: Hydreigon
|-resisted|p2a: Hydreigon
|-damage|p2a: Hydreigon|88/100
|-enditem|p2a: Hydreigon|Choice Scarf|[from] move: Knock Off|[of] p1a: Ferrothorn
|
|upkeep
|turn|41
|
|move|p2a: Hydreigon|Fire Blast|p1a: Ferrothorn
|-supereffective|p1a: Ferrothorn
|-damage|p1a: Ferrothorn|0 fnt
|faint|p1a: Ferrothorn
|
|upkeep
|
|switch|p1a: Dragapult|Dragapult, F|66/100
|turn|42
|
|switch|p2a: Mandibuzz|Mandibuzz, F|100/100
|move|p1a: Dragapult|Draco Meteor|p2a: Mandibuzz
|-damage|p2a: Mandibuzz|51/100
|-unboost|p1a: Dragapult|spa|2
|
|upkeep
|turn|43
|
|move|p1a: Dragapult|U-turn|p2a: Mandibuzz
|-damage|p2a: Mandibuzz|41/100
|
|switch|p1a: Rotom|Rotom-Heat|100/100|[from]move: U-turn
|move|p2a: Mandibuzz|Roost|p2a: Mandibuzz
|-heal|p2a: Mandibuzz|91/100
|-singleturn|p2a: Mandibuzz|move: Roost
|
|upkeep
|turn|44
|
|move|p1a: Rotom|Nasty Plot|p1a: Rotom
|-boost|p1a: Rotom|spa|2
|move|p2a: Mandibuzz|U-turn|p1a: Rotom
|-resisted|p1a: Rotom
|-crit|p1a: Rotom
|-damage|p1a: Rotom|91/100
|
|switch|p2a: Dragapult|Dragapult, M|65/100 tox|[from]move: U-turn
|
|-heal|p2a: Dragapult|71/100 tox|[from] item: Leftovers
|-heal|p1a: Rotom|97/100|[from] item: Leftovers
|-damage|p2a: Dragapult|65/100 tox|[from] psn
|upkeep
|turn|45
|
|move|p2a: Dragapult|Dragon Darts|p1a: Rotom
|-damage|p1a: Rotom|66/100
|-damage|p1a: Rotom|39/100
|-hitcount|p1a: Rotom|2
|move|p1a: Rotom|Thunder Wave|p2a: Dragapult|[miss]
|-miss|p1a: Rotom|p2a: Dragapult
|
|-heal|p2a: Dragapult|71/100 tox|[from] item: Leftovers
|-heal|p1a: Rotom|45/100|[from] item: Leftovers
|-damage|p2a: Dragapult|59/100 tox|[from] psn
|upkeep
|turn|46
|c|☆shuvi302|Oops
|
|switch|p1a: Clefable|Clefable, M|86/100
|move|p2a: Dragapult|Dragon Darts|p1a: Clefable
|-immune|p1a: Clefable
|
|-heal|p2a: Dragapult|65/100 tox|[from] item: Leftovers
|-damage|p2a: Dragapult|47/100 tox|[from] psn
|upkeep
|turn|47
|c|☆mouses5|unfortunate
|
|switch|p2a: Centiskorch|Centiskorch, F|79/100 slp
|move|p1a: Clefable|Moonblast|p2a: Centiskorch
|-resisted|p2a: Centiskorch
|-damage|p2a: Centiskorch|64/100 slp
|-unboost|p2a: Centiskorch|spa|1
|
|upkeep
|turn|48
|
|switch|p1a: Toxapex|Toxapex, F|100/100
|cant|p2a: Centiskorch|slp
|move|p2a: Centiskorch|Sleep Talk|p2a: Centiskorch
|move|p2a: Centiskorch|Rest|p2a: Centiskorch|[from]Sleep Talk
|-fail|p2a: Centiskorch
|
|upkeep
|turn|49
|
|cant|p2a: Centiskorch|slp
|move|p2a: Centiskorch|Sleep Talk|p2a: Centiskorch
|move|p2a: Centiskorch|Knock Off|p1a: Toxapex|[from]Sleep Talk
|-damage|p1a: Toxapex|90/100
|move|p1a: Toxapex|Scald|p2a: Centiskorch
|-supereffective|p2a: Centiskorch
|-damage|p2a: Centiskorch|43/100 slp
|
|upkeep
|turn|50
|
|-curestatus|p2a: Centiskorch|slp|[msg]
|move|p2a: Centiskorch|Fire Lash|p1a: Toxapex
|-resisted|p1a: Toxapex
|-damage|p1a: Toxapex|81/100
|-unboost|p1a: Toxapex|def|1
|move|p1a: Toxapex|Scald|p2a: Centiskorch
|-supereffective|p2a: Centiskorch
|-damage|p2a: Centiskorch|22/100
|
|upkeep
|turn|51
|
|move|p2a: Centiskorch|Rest|p2a: Centiskorch
|-status|p2a: Centiskorch|slp|[from] move: Rest
|-heal|p2a: Centiskorch|100/100 slp|[silent]
|move|p1a: Toxapex|Scald|p2a: Centiskorch
|-supereffective|p2a: Centiskorch
|-damage|p2a: Centiskorch|76/100 slp
|
|upkeep
|turn|52
|
|cant|p2a: Centiskorch|slp
|move|p2a: Centiskorch|Sleep Talk|p2a: Centiskorch
|move|p2a: Centiskorch|Rest|p2a: Centiskorch|[from]Sleep Talk
|-fail|p2a: Centiskorch
|move|p1a: Toxapex|Haze|p1a: Toxapex
|-clearallboost
|
|upkeep
|turn|53
|
|switch|p2a: Rotom|Rotom-Wash|88/100 tox
|switch|p1a: Rotom|Rotom-Heat|45/100
|
|-heal|p2a: Rotom|94/100 tox|[from] item: Leftovers
|-heal|p1a: Rotom|51/100|[from] item: Leftovers
|-damage|p2a: Rotom|88/100 tox|[from] psn
|upkeep
|turn|54
|
|switch|p1a: Clefable|Clefable, M|86/100
|move|p2a: Rotom|Discharge|p1a: Clefable
|-damage|p1a: Clefable|52/100
|
|-heal|p2a: Rotom|94/100 tox|[from] item: Leftovers
|-damage|p2a: Rotom|82/100 tox|[from] psn
|upkeep
|turn|55
|
|move|p2a: Rotom|Volt Switch|p1a: Clefable
|-damage|p1a: Clefable|18/100
|
|switch|p2a: Centiskorch|Centiskorch, F|76/100 slp|[from]move: Volt Switch
|move|p1a: Clefable|Moonlight|p1a: Clefable
|-heal|p1a: Clefable|68/100
|
|upkeep
|turn|56
|
|move|p1a: Clefable|Moonlight|p1a: Clefable
|-heal|p1a: Clefable|100/100
|cant|p2a: Centiskorch|slp
|move|p2a: Centiskorch|Sleep Talk|p2a: Centiskorch
|move|p2a: Centiskorch|Rest|p2a: Centiskorch|[from]Sleep Talk
|-fail|p2a: Centiskorch
|
|upkeep
|turn|57
|
|switch|p1a: Toxapex|Toxapex, F|100/100
|-curestatus|p2a: Centiskorch|slp|[msg]
|move|p2a: Centiskorch|Sleep Talk||[still]
|-fail|p2a: Centiskorch
|
|upkeep
|turn|58
|c|☆mouses5|whoops
|
|switch|p2a: Rotom|Rotom-Wash|82/100 tox
|move|p1a: Toxapex|Scald|p2a: Rotom
|-resisted|p2a: Rotom
|-damage|p2a: Rotom|70/100 tox
|
|-heal|p2a: Rotom|76/100 tox|[from] item: Leftovers
|-damage|p2a: Rotom|70/100 tox|[from] psn
|upkeep
|turn|59
|
|switch|p1a: Clefable|Clefable, M|100/100
|move|p2a: Rotom|Volt Switch|p1a: Clefable
|-damage|p1a: Clefable|69/100
|
|switch|p2a: Hydreigon|Hydreigon, M|88/100|[from]move: Volt Switch
|
|upkeep
|turn|60
|
|switch|p1a: Toxapex|Toxapex, F|100/100
|move|p2a: Hydreigon|Flash Cannon|p1a: Toxapex
|-resisted|p1a: Toxapex
|-damage|p1a: Toxapex|88/100
|
|upkeep
|turn|61
|
|switch|p2a: Rotom|Rotom-Wash|70/100 tox
|move|p1a: Toxapex|Scald|p2a: Rotom
|-resisted|p2a: Rotom
|-damage|p2a: Rotom|57/100 tox
|
|-heal|p2a: Rotom|64/100 tox|[from] item: Leftovers
|-damage|p2a: Rotom|57/100 tox|[from] psn
|upkeep
|turn|62
|
|move|p2a: Rotom|Volt Switch|p1a: Toxapex
|-supereffective|p1a: Toxapex
|-damage|p1a: Toxapex|34/100
|
|switch|p2a: Centiskorch|Centiskorch, F|76/100|[from]move: Volt Switch
|move|p1a: Toxapex|Recover|p1a: Toxapex
|-heal|p1a: Toxapex|84/100
|
|upkeep
|turn|63
|
|switch|p2a: Rotom|Rotom-Wash|57/100 tox
|move|p1a: Toxapex|Toxic|p2a: Rotom
|-fail|p2a: Rotom|tox
|
|-heal|p2a: Rotom|64/100 tox|[from] item: Leftovers
|-damage|p2a: Rotom|57/100 tox|[from] psn
|upkeep
|turn|64
|
|move|p2a: Rotom|Discharge|p1a: Toxapex
|-supereffective|p1a: Toxapex
|-damage|p1a: Toxapex|23/100
|-status|p1a: Toxapex|par
|cant|p1a: Toxapex|par
|
|-heal|p2a: Rotom|64/100 tox|[from] item: Leftovers
|-damage|p2a: Rotom|51/100 tox|[from] psn
|upkeep
|turn|65
|
|switch|p1a: Clefable|Clefable, M|69/100
|move|p2a: Rotom|Volt Switch|p1a: Clefable
|-damage|p1a: Clefable|39/100
|
|switch|p2a: Hydreigon|Hydreigon, M|88/100|[from]move: Volt Switch
|
|upkeep
|turn|66
|
|switch|p1a: Toxapex|Toxapex, F|56/100 par
|move|p2a: Hydreigon|Flash Cannon|p1a: Toxapex
|-resisted|p1a: Toxapex
|-damage|p1a: Toxapex|44/100 par
|
|upkeep
|turn|67
|
|move|p2a: Hydreigon|Draco Meteor|p1a: Toxapex
|-damage|p1a: Toxapex|0 fnt
|-unboost|p2a: Hydreigon|spa|2
|faint|p1a: Toxapex
|
|upkeep
|
|switch|p1a: Dragapult|Dragapult, F|66/100
|turn|68
|
|switch|p2a: Centiskorch|Centiskorch, F|76/100
|move|p1a: Dragapult|U-turn|p2a: Centiskorch
|-resisted|p2a: Centiskorch
|-damage|p2a: Centiskorch|66/100
|
|switch|p1a: Rotom|Rotom-Heat|51/100|[from]move: U-turn
|
|-heal|p1a: Rotom|57/100|[from] item: Leftovers
|upkeep
|turn|69
|
|move|p1a: Rotom|Thunder Wave|p2a: Centiskorch
|-status|p2a: Centiskorch|par
|move|p2a: Centiskorch|Knock Off|p1a: Rotom
|-damage|p1a: Rotom|29/100
|-enditem|p1a: Rotom|Leftovers|[from] move: Knock Off|[of] p2a: Centiskorch
|
|upkeep
|turn|70
|
|move|p1a: Rotom|Volt Switch|p2a: Centiskorch
|-damage|p2a: Centiskorch|48/100 par
|
|switch|p1a: Clefable|Clefable, M|39/100|[from]move: Volt Switch
|move|p2a: Centiskorch|Rest|p2a: Centiskorch
|-status|p2a: Centiskorch|slp|[from] move: Rest
|-heal|p2a: Centiskorch|100/100 slp|[silent]
|
|upkeep
|turn|71
|
|move|p1a: Clefable|Moonlight|p1a: Clefable
|-heal|p1a: Clefable|89/100
|cant|p2a: Centiskorch|slp
|move|p2a: Centiskorch|Sleep Talk|p2a: Centiskorch
|move|p2a: Centiskorch|Knock Off|p1a: Clefable|[from]Sleep Talk
|-resisted|p1a: Clefable
|-crit|p1a: Clefable
|-damage|p1a: Clefable|76/100
|
|upkeep
|turn|72
|
|switch|p1a: Corviknight|Corviknight, F|100/100
|-ability|p1a: Corviknight|Pressure
|cant|p2a: Centiskorch|slp
|move|p2a: Centiskorch|Sleep Talk|p2a: Centiskorch
|move|p2a: Centiskorch|Fire Lash|p1a: Corviknight|[from]Sleep Talk
|-supereffective|p1a: Corviknight
|-damage|p1a: Corviknight|61/100
|-unboost|p1a: Corviknight|def|1
|
|-heal|p1a: Corviknight|67/100|[from] item: Leftovers
|upkeep
|turn|73
|
|move|p1a: Corviknight|Roost|p1a: Corviknight
|-heal|p1a: Corviknight|100/100
|-singleturn|p1a: Corviknight|move: Roost
|-curestatus|p2a: Centiskorch|slp|[msg]
|move|p2a: Centiskorch|Fire Lash|p1a: Corviknight
|-supereffective|p1a: Corviknight
|-damage|p1a: Corviknight|40/100
|-unboost|p1a: Corviknight|def|1
|
|-heal|p1a: Corviknight|47/100|[from] item: Leftovers
|upkeep
|turn|74
|
|move|p1a: Corviknight|U-turn|p2a: Centiskorch
|-resisted|p2a: Centiskorch
|-damage|p2a: Centiskorch|92/100
|
|switch|p1a: Dragapult|Dragapult, F|66/100|[from]move: U-turn
|move|p2a: Centiskorch|Fire Lash|p1a: Dragapult
|-resisted|p1a: Dragapult
|-damage|p1a: Dragapult|44/100
|-unboost|p1a: Dragapult|def|1
|
|upkeep
|turn|75
|-message|shuvi302 forfeited.
|
|win|mouses5
|l|☆shuvi302
