|ScrapeTime|2020-01-02-09:55:04
|j|☆Pixeldudeplays
|j|☆Dominatordevon
|player|p1|Pixeldudeplays|170|1221
|player|p2|Dominatordevon|272|1185
|teamsize|p1|6
|teamsize|p2|6
|gametype|singles
|gen|8
|tier|[Gen 8] OU
|rated|
|rule|Sleep Clause Mod: Limit one foe put to sleep
|rule|Species Clause: Limit one of each Pokémon
|rule|OHKO Clause: OHKO moves are banned
|rule|Evasion Moves Clause: Evasion moves are banned
|rule|Endless Battle Clause: Forcing endless battles is banned
|rule|HP Percentage Mod: HP is shown in percentages
|clearpoke
|poke|p1|Dracovish|
|poke|p1|Excadrill, F|
|poke|p1|Flygon, M|
|poke|p1|Conkeldurr, M|
|poke|p1|Aegislash, F|
|poke|p1|Hydreigon, M|
|poke|p2|Toxapex, F|
|poke|p2|Toxtricity, M|
|poke|p2|Cinderace, F|
|poke|p2|Dragapult, F|
|poke|p2|Mimikyu, M|
|poke|p2|Excadrill, M|
|rule|Dynamax Clause: You cannot dynamax
|teampreview
|
|start
|switch|p1a: Flygon|Flygon, M|100/100
|switch|p2a: Toxapex|Toxapex, F|100/100
|turn|1
|
|move|p1a: Flygon|Earthquake|p2a: Toxapex
|-supereffective|p2a: Toxapex
|-damage|p2a: Toxapex|21/100
|move|p2a: Toxapex|Toxic Spikes|p1a: Flygon
|-sidestart|p1: Pixeldudeplays|move: Toxic Spikes
|
|-heal|p2a: Toxapex|27/100|[from] item: Black Sludge
|upkeep
|turn|2
|
|switch|p2a: Dragapult|Dragapult, F|100/100
|move|p1a: Flygon|Earthquake|p2a: Dragapult
|-enditem|p2a: Dragapult|Focus Sash
|-damage|p2a: Dragapult|1/100
|
|upkeep
|turn|3
|
|switch|p1a: Excadrill|Excadrill, F|100/100
|-ability|p1a: Excadrill|Mold Breaker
|move|p2a: Dragapult|Draco Meteor|p1a: Excadrill
|-resisted|p1a: Excadrill
|-damage|p1a: Excadrill|62/100
|-unboost|p2a: Dragapult|spa|2
|
|upkeep
|turn|4
|
|move|p2a: Dragapult|Hydro Pump|p1a: Excadrill
|-supereffective|p1a: Excadrill
|-damage|p1a: Excadrill|18/100
|move|p1a: Excadrill|Earthquake|p2a: Dragapult
|-damage|p2a: Dragapult|0 fnt
|faint|p2a: Dragapult
|
|upkeep
|
|switch|p2a: Cinderace|Cinderace, F|100/100
|turn|5
|
|move|p2a: Cinderace|Pyro Ball|p1a: Excadrill
|-supereffective|p1a: Excadrill
|-damage|p1a: Excadrill|0 fnt
|-damage|p2a: Cinderace|91/100|[from] item: Life Orb
|faint|p1a: Excadrill
|
|upkeep
|
|switch|p1a: Dracovish|Dracovish|100/100
|-status|p1a: Dracovish|psn
|turn|6
|
|move|p1a: Dracovish|Fishious Rend|p2a: Cinderace
|-supereffective|p2a: Cinderace
|-damage|p2a: Cinderace|0 fnt
|faint|p2a: Cinderace
|
|-damage|p1a: Dracovish|88/100 psn|[from] psn
|upkeep
|
|switch|p2a: Toxapex|Toxapex, F|60/100
|turn|7
|
|switch|p1a: Flygon|Flygon, M|100/100
|move|p2a: Toxapex|Recover|p2a: Toxapex
|-heal|p2a: Toxapex|100/100
|
|upkeep
|turn|8
|
|move|p1a: Flygon|Earthquake|p2a: Toxapex
|-supereffective|p2a: Toxapex
|-damage|p2a: Toxapex|29/100
|move|p2a: Toxapex|Sludge Bomb|p1a: Flygon
|-resisted|p1a: Flygon
|-damage|p1a: Flygon|89/100
|-status|p1a: Flygon|psn
|
|-heal|p2a: Toxapex|35/100|[from] item: Black Sludge
|-damage|p1a: Flygon|76/100 psn|[from] psn
|upkeep
|turn|9
|
|move|p1a: Flygon|Earthquake|p2a: Toxapex
|-supereffective|p2a: Toxapex
|-damage|p2a: Toxapex|0 fnt
|faint|p2a: Toxapex
|
|-damage|p1a: Flygon|64/100 psn|[from] psn
|upkeep
|
|switch|p2a: Mimikyu|Mimikyu, M|100/100
|turn|10
|
|move|p1a: Flygon|Earthquake|p2a: Mimikyu
|-activate|p2a: Mimikyu|ability: Disguise
|-damage|p2a: Mimikyu|100/100
|detailschange|p2a: Mimikyu|Mimikyu-Busted, M
|-damage|p2a: Mimikyu|88/100|[from] ability: Disguise|[of] p2a: Mimikyu
|move|p2a: Mimikyu|Play Rough|p1a: Flygon
|-supereffective|p1a: Flygon
|-damage|p1a: Flygon|0 fnt
|faint|p1a: Flygon
|
|-heal|p2a: Mimikyu|94/100|[from] item: Leftovers
|upkeep
|
|switch|p1a: Dracovish|Dracovish|88/100 psn
|turn|11
|
|move|p1a: Dracovish|Fishious Rend|p2a: Mimikyu
|-damage|p2a: Mimikyu|0 fnt
|faint|p2a: Mimikyu
|
|-damage|p1a: Dracovish|76/100 psn|[from] psn
|upkeep
|
|switch|p2a: Toxtricity|Toxtricity, M|100/100
|turn|12
|
|move|p1a: Dracovish|Fishious Rend|p2a: Toxtricity
|-damage|p2a: Toxtricity|0 fnt
|faint|p2a: Toxtricity
|
|-damage|p1a: Dracovish|63/100 psn|[from] psn
|upkeep
|c|☆Pixeldudeplays|Gg
|
|switch|p2a: Excadrill|Excadrill, M|100/100
|-ability|p2a: Excadrill|Mold Breaker
|turn|13
|
|move|p1a: Dracovish|Fishious Rend|p2a: Excadrill
|-supereffective|p2a: Excadrill
|-damage|p2a: Excadrill|0 fnt
|faint|p2a: Excadrill
|
|win|Pixeldudeplays
|raw|Pixeldudeplays's rating: 1221 → 1243(+22 for winning)
|raw|Dominatordevon's rating: 1185 → 1163(-22 for losing)
