|ScrapeTime|2020-01-03-00:15:32
|j|☆ragecndy
|j|☆Jose_G15
|player|p1|ragecndy|guitarist|1492
|player|p2|Jose_G15|266|1427
|teamsize|p1|6
|teamsize|p2|6
|gametype|singles
|gen|8
|tier|[Gen 8] OU
|rated|
|rule|Sleep Clause Mod: Limit one foe put to sleep
|rule|Species Clause: Limit one of each Pokémon
|rule|OHKO Clause: OHKO moves are banned
|rule|Evasion Moves Clause: Evasion moves are banned
|rule|Endless Battle Clause: Forcing endless battles is banned
|rule|HP Percentage Mod: HP is shown in percentages
|clearpoke
|poke|p1|Rotom-Wash|
|poke|p1|Mandibuzz, F|
|poke|p1|Cloyster, M|
|poke|p1|Cinderace, M|
|poke|p1|Dugtrio, F|
|poke|p1|Gardevoir, F|
|poke|p2|Corviknight, M|
|poke|p2|Clefable, F|
|poke|p2|Dugtrio, M|
|poke|p2|Grimmsnarl, M|
|poke|p2|Raichu, F|
|poke|p2|Ferrothorn, M|
|rule|Dynamax Clause: You cannot dynamax
|teampreview
|
|start
|switch|p1a: Cinderace|Cinderace, M|100/100
|switch|p2a: Corviknight|Corviknight, M|100/100
|-ability|p2a: Corviknight|Pressure
|turn|1
|
|switch|p2a: Ferrothorn|Ferrothorn, M|100/100
|move|p1a: Cinderace|Pyro Ball|p2a: Ferrothorn
|-supereffective|p2a: Ferrothorn
|-damage|p2a: Ferrothorn|0 fnt
|faint|p2a: Ferrothorn
|
|upkeep
|
|switch|p2a: Dugtrio|Dugtrio, M|100/100
|turn|2
|
|move|p1a: Cinderace|Sucker Punch|p2a: Dugtrio
|-damage|p2a: Dugtrio|40/100
|move|p2a: Dugtrio|Earthquake|p1a: Cinderace
|-supereffective|p1a: Cinderace
|-crit|p1a: Cinderace
|-damage|p1a: Cinderace|0 fnt
|faint|p1a: Cinderace
|
|upkeep
|
|switch|p1a: Cloyster|Cloyster, M, shiny|100/100
|turn|3
|
|move|p2a: Dugtrio|Reversal|p1a: Cloyster
|-supereffective|p1a: Cloyster
|-damage|p1a: Cloyster|80/100
|move|p1a: Cloyster|Shell Smash|p1a: Cloyster
|-unboost|p1a: Cloyster|def|1
|-unboost|p1a: Cloyster|spd|1
|-boost|p1a: Cloyster|atk|2
|-boost|p1a: Cloyster|spa|2
|-boost|p1a: Cloyster|spe|2
|
|upkeep
|turn|4
|
|move|p2a: Dugtrio|Sucker Punch||[still]
|-fail|p2a: Dugtrio
|move|p1a: Cloyster|Shell Smash|p1a: Cloyster
|-unboost|p1a: Cloyster|def|1
|-unboost|p1a: Cloyster|spd|1
|-boost|p1a: Cloyster|atk|2
|-boost|p1a: Cloyster|spa|2
|-boost|p1a: Cloyster|spe|2
|
|upkeep
|turn|5
|
|move|p1a: Cloyster|Ice Shard|p2a: Dugtrio
|-supereffective|p2a: Dugtrio
|-damage|p2a: Dugtrio|0 fnt
|faint|p2a: Dugtrio
|
|upkeep
|
|switch|p2a: Corviknight|Corviknight, M|100/100
|-ability|p2a: Corviknight|Pressure
|turn|6
|
|move|p1a: Cloyster|Icicle Spear|p2a: Corviknight
|-damage|p2a: Corviknight|79/100
|-damage|p2a: Corviknight|59/100
|-damage|p2a: Corviknight|40/100
|-damage|p2a: Corviknight|21/100
|-damage|p2a: Corviknight|0 fnt
|-hitcount|p2a: Corviknight|5
|faint|p2a: Corviknight
|
|upkeep
|
|switch|p2a: Grimmsnarl|Grimmsnarl, M|100/100
|turn|7
|
|move|p2a: Grimmsnarl|Bulk Up|p2a: Grimmsnarl
|-boost|p2a: Grimmsnarl|atk|1
|-boost|p2a: Grimmsnarl|def|1
|move|p1a: Cloyster|Icicle Spear|p2a: Grimmsnarl
|-damage|p2a: Grimmsnarl|70/100
|-damage|p2a: Grimmsnarl|41/100
|-crit|p2a: Grimmsnarl
|-damage|p2a: Grimmsnarl|0 fnt
|-hitcount|p2a: Grimmsnarl|3
|faint|p2a: Grimmsnarl
|
|upkeep
|-message|Jose_G15 forfeited.
|
|win|ragecndy
|l|☆Jose_G15
