|ScrapeTime|2020-01-01-14:45:13
|j|☆yehoutesting
|j|‽kliktuplorel
|player|p1|yehoutesting|red|1205
|player|p2|kliktuplorel|102|1189
|teamsize|p1|6
|teamsize|p2|6
|gametype|singles
|gen|8
|tier|[Gen 8] OU
|rated|
|rule|Sleep Clause Mod: Limit one foe put to sleep
|rule|Species Clause: Limit one of each Pokémon
|rule|OHKO Clause: OHKO moves are banned
|rule|Evasion Moves Clause: Evasion moves are banned
|rule|Endless Battle Clause: Forcing endless battles is banned
|rule|HP Percentage Mod: HP is shown in percentages
|clearpoke
|poke|p1|Whimsicott, F|
|poke|p1|Cinderace, M|
|poke|p1|Toxapex, F|
|poke|p1|Dragapult, M|
|poke|p1|Conkeldurr, F|
|poke|p1|Hatterene, F|
|poke|p2|Conkeldurr, M|
|poke|p2|Hippowdon, F|
|poke|p2|Grimmsnarl, M|
|poke|p2|Mandibuzz, F|
|poke|p2|Rotom-Heat|
|poke|p2|Toxapex, F|
|rule|Dynamax Clause: You cannot dynamax
|teampreview
|inactive|Battle timer is ON: inactive players will automatically lose when time's up. (requested by kliktuplorel)
|
|start
|switch|p1a: Dragapult|Dragapult, M|100/100
|switch|p2a: Mandibuzz|Mandibuzz, F|100/100
|turn|1
|
|switch|p1a: Toxapex|Toxapex, F, shiny|100/100
|move|p2a: Mandibuzz|Foul Play|p1a: Toxapex
|-damage|p1a: Toxapex|91/100
|-damage|p2a: Mandibuzz|84/100|[from] item: Rocky Helmet|[of] p1a: Toxapex
|
|upkeep
|turn|2
|
|switch|p2a: Rotom|Rotom-Heat|100/100
|move|p1a: Toxapex|Toxic Spikes|p2a: Rotom
|-sidestart|p2: kliktuplorel|move: Toxic Spikes
|
|upkeep
|turn|3
|
|move|p1a: Toxapex|Baneful Bunker|p1a: Toxapex
|-singleturn|p1a: Toxapex|move: Protect
|move|p2a: Rotom|Volt Switch|p1a: Toxapex
|-activate|p1a: Toxapex|move: Protect
|
|upkeep
|turn|4
|
|move|p2a: Rotom|Volt Switch|p1a: Toxapex
|-supereffective|p1a: Toxapex
|-damage|p1a: Toxapex|44/100
|
|switch|p2a: Toxapex|Toxapex, F|100/100|[from]move: Volt Switch
|-sideend|p2: kliktuplorel|move: Toxic Spikes|[of] p2a: Toxapex
|move|p1a: Toxapex|Toxic Spikes|p2a: Toxapex
|-sidestart|p2: kliktuplorel|move: Toxic Spikes
|
|upkeep
|turn|5
|
|move|p1a: Toxapex|Toxic Spikes|p2a: Toxapex
|-sidestart|p2: kliktuplorel|move: Toxic Spikes
|move|p2a: Toxapex|Scald|p1a: Toxapex
|-resisted|p1a: Toxapex
|-damage|p1a: Toxapex|37/100
|
|upkeep
|turn|6
|
|switch|p2a: Rotom|Rotom-Heat|100/100
|switch|p1a: Dragapult|Dragapult, M|100/100
|
|upkeep
|turn|7
|
|switch|p2a: Toxapex|Toxapex, F|100/100
|-sideend|p2: kliktuplorel|move: Toxic Spikes|[of] p2a: Toxapex
|move|p1a: Dragapult|Substitute|p1a: Dragapult
|-start|p1a: Dragapult|Substitute
|-damage|p1a: Dragapult|76/100
|
|-heal|p1a: Dragapult|82/100|[from] item: Leftovers
|upkeep
|turn|8
|
|switch|p2a: Grimmsnarl|Grimmsnarl, M|100/100
|move|p1a: Dragapult|Dragon Dance|p1a: Dragapult
|-boost|p1a: Dragapult|atk|1
|-boost|p1a: Dragapult|spe|1
|
|-heal|p1a: Dragapult|88/100|[from] item: Leftovers
|upkeep
|turn|9
|
|move|p1a: Dragapult|Phantom Force||[still]
|-prepare|p1a: Dragapult|Phantom Force|p2a: Grimmsnarl
|move|p2a: Grimmsnarl|Spirit Break|p1a: Dragapult|[miss]
|-miss|p2a: Grimmsnarl|p1a: Dragapult
|
|-heal|p1a: Dragapult|94/100|[from] item: Leftovers
|upkeep
|turn|10
|
|move|p1a: Dragapult|Phantom Force|p2a: Grimmsnarl|[from]lockedmove
|-resisted|p2a: Grimmsnarl
|-damage|p2a: Grimmsnarl|64/100
|move|p2a: Grimmsnarl|Spirit Break|p1a: Dragapult
|-supereffective|p1a: Dragapult
|-end|p1a: Dragapult|Substitute
|
|-heal|p1a: Dragapult|99/100|[from] item: Leftovers
|-heal|p2a: Grimmsnarl|71/100|[from] item: Leftovers
|upkeep
|turn|11
|
|move|p1a: Dragapult|Phantom Force||[still]
|-prepare|p1a: Dragapult|Phantom Force|p2a: Grimmsnarl
|move|p2a: Grimmsnarl|Spirit Break|p1a: Dragapult|[miss]
|-miss|p2a: Grimmsnarl|p1a: Dragapult
|
|-heal|p1a: Dragapult|100/100|[from] item: Leftovers
|-heal|p2a: Grimmsnarl|77/100|[from] item: Leftovers
|upkeep
|turn|12
|
|move|p2a: Grimmsnarl|Sucker Punch|p1a: Dragapult|[miss]
|-miss|p2a: Grimmsnarl|p1a: Dragapult
|move|p1a: Dragapult|Phantom Force|p2a: Grimmsnarl|[from]lockedmove
|-resisted|p2a: Grimmsnarl
|-damage|p2a: Grimmsnarl|40/100
|
|-heal|p2a: Grimmsnarl|46/100|[from] item: Leftovers
|upkeep
|turn|13
|
|move|p2a: Grimmsnarl|Sucker Punch|p1a: Dragapult
|-supereffective|p1a: Dragapult
|-damage|p1a: Dragapult|0 fnt
|faint|p1a: Dragapult
|
|-heal|p2a: Grimmsnarl|53/100|[from] item: Leftovers
|upkeep
|
|switch|p1a: Hatterene|Hatterene, F, shiny|100/100
|turn|14
|
|move|p2a: Grimmsnarl|Spirit Break|p1a: Hatterene
|-damage|p1a: Hatterene|61/100
|-unboost|p1a: Hatterene|spa|1
|move|p1a: Hatterene|Calm Mind|p1a: Hatterene
|-boost|p1a: Hatterene|spa|1
|-boost|p1a: Hatterene|spd|1
|
|-heal|p2a: Grimmsnarl|59/100|[from] item: Leftovers
|-heal|p1a: Hatterene|67/100|[from] item: Leftovers
|upkeep
|turn|15
|
|switch|p2a: Hippowdon|Hippowdon, F|100/100
|-weather|Sandstorm|[from] ability: Sand Stream|[of] p2a: Hippowdon
|move|p1a: Hatterene|Draining Kiss|p2a: Hippowdon
|-damage|p2a: Hippowdon|76/100
|-heal|p1a: Hatterene|91/100|[from] drain|[of] p2a: Hippowdon
|
|-weather|Sandstorm|[upkeep]
|-damage|p1a: Hatterene|85/100|[from] Sandstorm
|-heal|p2a: Hippowdon|82/100|[from] item: Leftovers
|-heal|p1a: Hatterene|91/100|[from] item: Leftovers
|upkeep
|turn|16
|
|move|p2a: Hippowdon|Earthquake|p1a: Hatterene
|-damage|p1a: Hatterene|46/100
|move|p1a: Hatterene|Calm Mind|p1a: Hatterene
|-boost|p1a: Hatterene|spa|1
|-boost|p1a: Hatterene|spd|1
|
|-weather|Sandstorm|[upkeep]
|-damage|p1a: Hatterene|40/100|[from] Sandstorm
|-heal|p2a: Hippowdon|88/100|[from] item: Leftovers
|-heal|p1a: Hatterene|46/100|[from] item: Leftovers
|upkeep
|turn|17
|
|move|p2a: Hippowdon|Earthquake|p1a: Hatterene
|-damage|p1a: Hatterene|3/100
|move|p1a: Hatterene|Draining Kiss|p2a: Hippowdon
|-damage|p2a: Hippowdon|52/100
|-heal|p1a: Hatterene|39/100|[from] drain|[of] p2a: Hippowdon
|
|-weather|Sandstorm|[upkeep]
|-damage|p1a: Hatterene|33/100|[from] Sandstorm
|-heal|p2a: Hippowdon|58/100|[from] item: Leftovers
|-heal|p1a: Hatterene|39/100|[from] item: Leftovers
|upkeep
|turn|18
|
|switch|p1a: Whimsicott|Whimsicott, F, shiny|100/100
|move|p2a: Hippowdon|Earthquake|p1a: Whimsicott
|-resisted|p1a: Whimsicott
|-damage|p1a: Whimsicott|85/100
|
|-weather|Sandstorm|[upkeep]
|-damage|p1a: Whimsicott|79/100|[from] Sandstorm
|-heal|p1a: Whimsicott|85/100|[from] item: Leftovers
|-heal|p2a: Hippowdon|64/100|[from] item: Leftovers
|upkeep
|turn|19
|
|move|p1a: Whimsicott|Encore|p2a: Hippowdon
|-start|p2a: Hippowdon|Encore
|move|p2a: Hippowdon|Earthquake|p1a: Whimsicott
|-resisted|p1a: Whimsicott
|-damage|p1a: Whimsicott|70/100
|
|-weather|none
|-heal|p1a: Whimsicott|76/100|[from] item: Leftovers
|-heal|p2a: Hippowdon|70/100|[from] item: Leftovers
|upkeep
|turn|20
|
|switch|p2a: Rotom|Rotom-Heat|100/100
|move|p1a: Whimsicott|Leech Seed|p2a: Rotom
|-start|p2a: Rotom|move: Leech Seed
|
|-heal|p1a: Whimsicott|82/100|[from] item: Leftovers
|-damage|p2a: Rotom|88/100|[from] Leech Seed|[of] p1a: Whimsicott
|-heal|p1a: Whimsicott|94/100|[silent]
|upkeep
|turn|21
|
|move|p1a: Whimsicott|Substitute|p1a: Whimsicott
|-start|p1a: Whimsicott|Substitute
|-damage|p1a: Whimsicott|69/100
|move|p2a: Rotom|Volt Switch|p1a: Whimsicott
|-resisted|p1a: Whimsicott
|-activate|p1a: Whimsicott|move: Substitute|[damage]
|
|switch|p2a: Hippowdon|Hippowdon, F|70/100|[from]move: Volt Switch
|-weather|Sandstorm|[from] ability: Sand Stream|[of] p2a: Hippowdon
|
|-weather|Sandstorm|[upkeep]
|-damage|p1a: Whimsicott|63/100|[from] Sandstorm
|-heal|p1a: Whimsicott|69/100|[from] item: Leftovers
|-heal|p2a: Hippowdon|77/100|[from] item: Leftovers
|upkeep
|turn|22
|
|move|p1a: Whimsicott|Leech Seed|p2a: Hippowdon|[miss]
|-miss|p1a: Whimsicott|p2a: Hippowdon
|move|p2a: Hippowdon|Stealth Rock|p1a: Whimsicott
|-sidestart|p1: yehoutesting|move: Stealth Rock
|
|-weather|Sandstorm|[upkeep]
|-damage|p1a: Whimsicott|63/100|[from] Sandstorm
|-heal|p1a: Whimsicott|69/100|[from] item: Leftovers
|-heal|p2a: Hippowdon|83/100|[from] item: Leftovers
|upkeep
|turn|23
|
|move|p1a: Whimsicott|Leech Seed|p2a: Hippowdon
|-start|p2a: Hippowdon|move: Leech Seed
|move|p2a: Hippowdon|Earthquake|p1a: Whimsicott
|-resisted|p1a: Whimsicott
|-end|p1a: Whimsicott|Substitute
|
|-weather|Sandstorm|[upkeep]
|-damage|p1a: Whimsicott|63/100|[from] Sandstorm
|-heal|p1a: Whimsicott|69/100|[from] item: Leftovers
|-heal|p2a: Hippowdon|89/100|[from] item: Leftovers
|-damage|p2a: Hippowdon|77/100|[from] Leech Seed|[of] p1a: Whimsicott
|-heal|p1a: Whimsicott|85/100|[silent]
|upkeep
|turn|24
|
|switch|p2a: Toxapex|Toxapex, F|100/100
|move|p1a: Whimsicott|Substitute|p1a: Whimsicott
|-start|p1a: Whimsicott|Substitute
|-damage|p1a: Whimsicott|60/100
|
|-weather|Sandstorm|[upkeep]
|-damage|p1a: Whimsicott|54/100|[from] Sandstorm
|-damage|p2a: Toxapex|95/100|[from] Sandstorm
|-heal|p1a: Whimsicott|60/100|[from] item: Leftovers
|-heal|p2a: Toxapex|100/100|[from] item: Black Sludge
|upkeep
|turn|25
|
|switch|p2a: Rotom|Rotom-Heat|88/100
|move|p1a: Whimsicott|Leech Seed|p2a: Rotom
|-start|p2a: Rotom|move: Leech Seed
|
|-weather|none
|-heal|p1a: Whimsicott|66/100|[from] item: Leftovers
|-damage|p2a: Rotom|76/100|[from] Leech Seed|[of] p1a: Whimsicott
|-heal|p1a: Whimsicott|78/100|[silent]
|upkeep
|turn|26
|
|move|p2a: Rotom|Volt Switch|p1a: Whimsicott
|-resisted|p1a: Whimsicott
|-activate|p1a: Whimsicott|move: Substitute|[damage]
|
|switch|p2a: Mandibuzz|Mandibuzz, F|84/100|[from]move: Volt Switch
|move|p1a: Whimsicott|Moonblast|p2a: Mandibuzz
|-supereffective|p2a: Mandibuzz
|-damage|p2a: Mandibuzz|41/100
|
|-heal|p1a: Whimsicott|84/100|[from] item: Leftovers
|upkeep
|turn|27
|
|switch|p2a: Rotom|Rotom-Heat|76/100
|move|p1a: Whimsicott|Moonblast|p2a: Rotom
|-resisted|p2a: Rotom
|-damage|p2a: Rotom|62/100
|-unboost|p2a: Rotom|spa|1
|
|-heal|p1a: Whimsicott|90/100|[from] item: Leftovers
|upkeep
|turn|28
|
|move|p1a: Whimsicott|Leech Seed|p2a: Rotom
|-start|p2a: Rotom|move: Leech Seed
|move|p2a: Rotom|Volt Switch|p1a: Whimsicott
|-resisted|p1a: Whimsicott
|-end|p1a: Whimsicott|Substitute
|
|switch|p2a: Toxapex|Toxapex, F|100/100|[from]move: Volt Switch
|
|-heal|p1a: Whimsicott|96/100|[from] item: Leftovers
|upkeep
|turn|29
|
|move|p1a: Whimsicott|Leech Seed|p2a: Toxapex
|-start|p2a: Toxapex|move: Leech Seed
|move|p2a: Toxapex|Scald|p1a: Whimsicott
|-resisted|p1a: Whimsicott
|-damage|p1a: Whimsicott|86/100
|
|-heal|p1a: Whimsicott|92/100|[from] item: Leftovers
|-damage|p2a: Toxapex|88/100|[from] Leech Seed|[of] p1a: Whimsicott
|-heal|p1a: Whimsicott|100/100|[silent]
|upkeep
|turn|30
|
|switch|p2a: Hippowdon|Hippowdon, F|77/100
|-weather|Sandstorm|[from] ability: Sand Stream|[of] p2a: Hippowdon
|move|p1a: Whimsicott|Substitute|p1a: Whimsicott
|-start|p1a: Whimsicott|Substitute
|-damage|p1a: Whimsicott|76/100
|
|-weather|Sandstorm|[upkeep]
|-damage|p1a: Whimsicott|70/100|[from] Sandstorm
|-heal|p1a: Whimsicott|76/100|[from] item: Leftovers
|-heal|p2a: Hippowdon|83/100|[from] item: Leftovers
|upkeep
|turn|31
|
|move|p1a: Whimsicott|Moonblast|p2a: Hippowdon
|-damage|p2a: Hippowdon|61/100
|-unboost|p2a: Hippowdon|spa|1
|move|p2a: Hippowdon|Earthquake|p1a: Whimsicott
|-resisted|p1a: Whimsicott
|-activate|p1a: Whimsicott|move: Substitute|[damage]
|
|-weather|Sandstorm|[upkeep]
|-damage|p1a: Whimsicott|70/100|[from] Sandstorm
|-heal|p1a: Whimsicott|76/100|[from] item: Leftovers
|-heal|p2a: Hippowdon|68/100|[from] item: Leftovers
|upkeep
|turn|32
|
|move|p1a: Whimsicott|Leech Seed|p2a: Hippowdon|[miss]
|-miss|p1a: Whimsicott|p2a: Hippowdon
|move|p2a: Hippowdon|Earthquake|p1a: Whimsicott
|-resisted|p1a: Whimsicott
|-end|p1a: Whimsicott|Substitute
|
|-weather|Sandstorm|[upkeep]
|-damage|p1a: Whimsicott|70/100|[from] Sandstorm
|-heal|p1a: Whimsicott|76/100|[from] item: Leftovers
|-heal|p2a: Hippowdon|74/100|[from] item: Leftovers
|upkeep
|turn|33
|
|move|p1a: Whimsicott|Substitute|p1a: Whimsicott
|-start|p1a: Whimsicott|Substitute
|-damage|p1a: Whimsicott|51/100
|move|p2a: Hippowdon|Slack Off|p2a: Hippowdon
|-heal|p2a: Hippowdon|100/100
|
|-weather|Sandstorm|[upkeep]
|-damage|p1a: Whimsicott|45/100|[from] Sandstorm
|-heal|p1a: Whimsicott|51/100|[from] item: Leftovers
|upkeep
|turn|34
|
|switch|p2a: Rotom|Rotom-Heat|62/100
|move|p1a: Whimsicott|Leech Seed|p2a: Rotom
|-start|p2a: Rotom|move: Leech Seed
|
|-weather|none
|-heal|p1a: Whimsicott|57/100|[from] item: Leftovers
|-damage|p2a: Rotom|50/100|[from] Leech Seed|[of] p1a: Whimsicott
|-heal|p1a: Whimsicott|69/100|[silent]
|upkeep
|turn|35
|
|move|p2a: Rotom|Volt Switch|p1a: Whimsicott
|-resisted|p1a: Whimsicott
|-activate|p1a: Whimsicott|move: Substitute|[damage]
|
|switch|p2a: Toxapex|Toxapex, F|100/100|[from]move: Volt Switch
|move|p1a: Whimsicott|Moonblast|p2a: Toxapex
|-resisted|p2a: Toxapex
|-damage|p2a: Toxapex|91/100
|
|-heal|p1a: Whimsicott|75/100|[from] item: Leftovers
|-heal|p2a: Toxapex|97/100|[from] item: Black Sludge
|upkeep
|turn|36
|
|move|p1a: Whimsicott|Leech Seed|p2a: Toxapex|[miss]
|-miss|p1a: Whimsicott|p2a: Toxapex
|move|p2a: Toxapex|Haze|p2a: Toxapex
|-clearallboost
|
|-heal|p1a: Whimsicott|81/100|[from] item: Leftovers
|-heal|p2a: Toxapex|100/100|[from] item: Black Sludge
|upkeep
|turn|37
|
|move|p1a: Whimsicott|Leech Seed|p2a: Toxapex
|-start|p2a: Toxapex|move: Leech Seed
|move|p2a: Toxapex|Haze|p2a: Toxapex
|-clearallboost
|
|-heal|p1a: Whimsicott|87/100|[from] item: Leftovers
|-damage|p2a: Toxapex|88/100|[from] Leech Seed|[of] p1a: Whimsicott
|-heal|p1a: Whimsicott|99/100|[silent]
|upkeep
|turn|38
|
|switch|p2a: Rotom|Rotom-Heat|50/100
|move|p1a: Whimsicott|Encore||[still]
|-fail|p1a: Whimsicott
|
|-heal|p1a: Whimsicott|100/100|[from] item: Leftovers
|upkeep
|turn|39
|
|move|p2a: Rotom|Volt Switch|p1a: Whimsicott
|-resisted|p1a: Whimsicott
|-crit|p1a: Whimsicott
|-end|p1a: Whimsicott|Substitute
|
|switch|p2a: Toxapex|Toxapex, F|100/100|[from]move: Volt Switch
|move|p1a: Whimsicott|Moonblast|p2a: Toxapex
|-resisted|p2a: Toxapex
|-damage|p2a: Toxapex|90/100
|
|-heal|p2a: Toxapex|96/100|[from] item: Black Sludge
|upkeep
|turn|40
|
|move|p1a: Whimsicott|Substitute|p1a: Whimsicott
|-start|p1a: Whimsicott|Substitute
|-damage|p1a: Whimsicott|76/100
|move|p2a: Toxapex|Scald|p1a: Whimsicott
|-resisted|p1a: Whimsicott
|-activate|p1a: Whimsicott|move: Substitute|[damage]
|
|-heal|p1a: Whimsicott|82/100|[from] item: Leftovers
|-heal|p2a: Toxapex|100/100|[from] item: Black Sludge
|upkeep
|turn|41
|
|move|p1a: Whimsicott|Leech Seed|p2a: Toxapex
|-start|p2a: Toxapex|move: Leech Seed
|move|p2a: Toxapex|Haze|p2a: Toxapex
|-clearallboost
|
|-heal|p1a: Whimsicott|88/100|[from] item: Leftovers
|-damage|p2a: Toxapex|88/100|[from] Leech Seed|[of] p1a: Whimsicott
|-heal|p1a: Whimsicott|99/100|[silent]
|upkeep
|turn|42
|
|switch|p2a: Rotom|Rotom-Heat|50/100
|move|p1a: Whimsicott|Moonblast|p2a: Rotom
|-resisted|p2a: Rotom
|-damage|p2a: Rotom|35/100
|-unboost|p2a: Rotom|spa|1
|
|-heal|p1a: Whimsicott|100/100|[from] item: Leftovers
|upkeep
|turn|43
|
|move|p2a: Rotom|Volt Switch|p1a: Whimsicott
|-resisted|p1a: Whimsicott
|-activate|p1a: Whimsicott|move: Substitute|[damage]
|
|switch|p2a: Toxapex|Toxapex, F|100/100|[from]move: Volt Switch
|move|p1a: Whimsicott|Moonblast|p2a: Toxapex
|-resisted|p2a: Toxapex
|-damage|p2a: Toxapex|89/100
|
|-heal|p2a: Toxapex|95/100|[from] item: Black Sludge
|upkeep
|turn|44
|
|move|p1a: Whimsicott|Leech Seed|p2a: Toxapex
|-start|p2a: Toxapex|move: Leech Seed
|move|p2a: Toxapex|Scald|p1a: Whimsicott
|-resisted|p1a: Whimsicott
|-end|p1a: Whimsicott|Substitute
|
|-heal|p2a: Toxapex|100/100|[from] item: Black Sludge
|-damage|p2a: Toxapex|88/100|[from] Leech Seed|[of] p1a: Whimsicott
|upkeep
|turn|45
|
|switch|p2a: Hippowdon|Hippowdon, F|100/100
|-weather|Sandstorm|[from] ability: Sand Stream|[of] p2a: Hippowdon
|move|p1a: Whimsicott|Encore||[still]
|-fail|p1a: Whimsicott
|
|-weather|Sandstorm|[upkeep]
|-damage|p1a: Whimsicott|94/100|[from] Sandstorm
|-heal|p1a: Whimsicott|100/100|[from] item: Leftovers
|upkeep
|turn|46
|
|move|p1a: Whimsicott|Substitute|p1a: Whimsicott
|-start|p1a: Whimsicott|Substitute
|-damage|p1a: Whimsicott|76/100
|move|p2a: Hippowdon|Earthquake|p1a: Whimsicott
|-resisted|p1a: Whimsicott
|-activate|p1a: Whimsicott|move: Substitute|[damage]
|
|-weather|Sandstorm|[upkeep]
|-damage|p1a: Whimsicott|70/100|[from] Sandstorm
|-heal|p1a: Whimsicott|76/100|[from] item: Leftovers
|upkeep
|turn|47
|
|move|p1a: Whimsicott|Moonblast|p2a: Hippowdon
|-damage|p2a: Hippowdon|77/100
|move|p2a: Hippowdon|Earthquake|p1a: Whimsicott
|-resisted|p1a: Whimsicott
|-end|p1a: Whimsicott|Substitute
|
|-weather|Sandstorm|[upkeep]
|-damage|p1a: Whimsicott|70/100|[from] Sandstorm
|-heal|p1a: Whimsicott|76/100|[from] item: Leftovers
|-heal|p2a: Hippowdon|84/100|[from] item: Leftovers
|upkeep
|turn|48
|
|move|p1a: Whimsicott|Leech Seed|p2a: Hippowdon
|-start|p2a: Hippowdon|move: Leech Seed
|move|p2a: Hippowdon|Earthquake|p1a: Whimsicott
|-resisted|p1a: Whimsicott
|-damage|p1a: Whimsicott|61/100
|
|-weather|Sandstorm|[upkeep]
|-damage|p1a: Whimsicott|54/100|[from] Sandstorm
|-heal|p1a: Whimsicott|61/100|[from] item: Leftovers
|-heal|p2a: Hippowdon|90/100|[from] item: Leftovers
|-damage|p2a: Hippowdon|77/100|[from] Leech Seed|[of] p1a: Whimsicott
|-heal|p1a: Whimsicott|77/100|[silent]
|upkeep
|turn|49
|
|switch|p2a: Rotom|Rotom-Heat|35/100
|move|p1a: Whimsicott|Substitute|p1a: Whimsicott
|-start|p1a: Whimsicott|Substitute
|-damage|p1a: Whimsicott|52/100
|
|-weather|none
|-heal|p1a: Whimsicott|58/100|[from] item: Leftovers
|upkeep
|turn|50
|
|move|p2a: Rotom|Volt Switch|p1a: Whimsicott
|-resisted|p1a: Whimsicott
|-activate|p1a: Whimsicott|move: Substitute|[damage]
|
|switch|p2a: Toxapex|Toxapex, F|100/100|[from]move: Volt Switch
|move|p1a: Whimsicott|Moonblast|p2a: Toxapex
|-resisted|p2a: Toxapex
|-damage|p2a: Toxapex|90/100
|-unboost|p2a: Toxapex|spa|1
|
|-heal|p1a: Whimsicott|64/100|[from] item: Leftovers
|-heal|p2a: Toxapex|96/100|[from] item: Black Sludge
|upkeep
|turn|51
|
|switch|p2a: Rotom|Rotom-Heat|35/100
|move|p1a: Whimsicott|Leech Seed|p2a: Rotom
|-start|p2a: Rotom|move: Leech Seed
|
|-heal|p1a: Whimsicott|70/100|[from] item: Leftovers
|-damage|p2a: Rotom|23/100|[from] Leech Seed|[of] p1a: Whimsicott
|-heal|p1a: Whimsicott|82/100|[silent]
|upkeep
|turn|52
|
|move|p2a: Rotom|Volt Switch|p1a: Whimsicott
|-resisted|p1a: Whimsicott
|-end|p1a: Whimsicott|Substitute
|
|switch|p2a: Toxapex|Toxapex, F|100/100|[from]move: Volt Switch
|move|p1a: Whimsicott|Moonblast|p2a: Toxapex
|-resisted|p2a: Toxapex
|-damage|p2a: Toxapex|90/100
|
|-heal|p1a: Whimsicott|88/100|[from] item: Leftovers
|-heal|p2a: Toxapex|96/100|[from] item: Black Sludge
|upkeep
|turn|53
|
|move|p1a: Whimsicott|Leech Seed|p2a: Toxapex
|-start|p2a: Toxapex|move: Leech Seed
|move|p2a: Toxapex|Scald|p1a: Whimsicott
|-resisted|p1a: Whimsicott
|-damage|p1a: Whimsicott|77/100
|-status|p1a: Whimsicott|brn
|
|-heal|p1a: Whimsicott|83/100 brn|[from] item: Leftovers
|-heal|p2a: Toxapex|100/100|[from] item: Black Sludge
|-damage|p2a: Toxapex|88/100|[from] Leech Seed|[of] p1a: Whimsicott
|-heal|p1a: Whimsicott|95/100 brn|[silent]
|-damage|p1a: Whimsicott|88/100 brn|[from] brn
|upkeep
|turn|54
|
|switch|p2a: Hippowdon|Hippowdon, F|77/100
|-weather|Sandstorm|[from] ability: Sand Stream|[of] p2a: Hippowdon
|move|p1a: Whimsicott|Substitute|p1a: Whimsicott
|-start|p1a: Whimsicott|Substitute
|-damage|p1a: Whimsicott|64/100 brn
|
|-weather|Sandstorm|[upkeep]
|-damage|p1a: Whimsicott|57/100 brn|[from] Sandstorm
|-heal|p1a: Whimsicott|64/100 brn|[from] item: Leftovers
|-heal|p2a: Hippowdon|84/100|[from] item: Leftovers
|-damage|p1a: Whimsicott|57/100 brn|[from] brn
|upkeep
|turn|55
|
|move|p1a: Whimsicott|Leech Seed|p2a: Hippowdon
|-start|p2a: Hippowdon|move: Leech Seed
|move|p2a: Hippowdon|Earthquake|p1a: Whimsicott
|-resisted|p1a: Whimsicott
|-activate|p1a: Whimsicott|move: Substitute|[damage]
|
|-weather|Sandstorm|[upkeep]
|-damage|p1a: Whimsicott|51/100 brn|[from] Sandstorm
|-heal|p1a: Whimsicott|57/100 brn|[from] item: Leftovers
|-heal|p2a: Hippowdon|90/100|[from] item: Leftovers
|-damage|p2a: Hippowdon|77/100|[from] Leech Seed|[of] p1a: Whimsicott
|-heal|p1a: Whimsicott|74/100 brn|[silent]
|-damage|p1a: Whimsicott|67/100 brn|[from] brn
|upkeep
|turn|56
|
|move|p1a: Whimsicott|Moonblast|p2a: Hippowdon
|-damage|p2a: Hippowdon|56/100
|move|p2a: Hippowdon|Slack Off|p2a: Hippowdon
|-heal|p2a: Hippowdon|100/100
|
|-weather|Sandstorm|[upkeep]
|-damage|p1a: Whimsicott|61/100 brn|[from] Sandstorm
|-heal|p1a: Whimsicott|67/100 brn|[from] item: Leftovers
|-damage|p2a: Hippowdon|88/100|[from] Leech Seed|[of] p1a: Whimsicott
|-heal|p1a: Whimsicott|83/100 brn|[silent]
|-damage|p1a: Whimsicott|77/100 brn|[from] brn
|upkeep
|turn|57
|
|switch|p2a: Toxapex|Toxapex, F|100/100
|move|p1a: Whimsicott|Moonblast|p2a: Toxapex
|-resisted|p2a: Toxapex
|-damage|p2a: Toxapex|89/100
|-unboost|p2a: Toxapex|spa|1
|
|-weather|Sandstorm|[upkeep]
|-damage|p1a: Whimsicott|71/100 brn|[from] Sandstorm
|-damage|p2a: Toxapex|83/100|[from] Sandstorm
|-heal|p1a: Whimsicott|77/100 brn|[from] item: Leftovers
|-heal|p2a: Toxapex|89/100|[from] item: Black Sludge
|-damage|p1a: Whimsicott|71/100 brn|[from] brn
|upkeep
|turn|58
|
|move|p1a: Whimsicott|Moonblast|p2a: Toxapex
|-resisted|p2a: Toxapex
|-damage|p2a: Toxapex|77/100
|move|p2a: Toxapex|Haze|p2a: Toxapex
|-clearallboost
|
|-weather|none
|-heal|p1a: Whimsicott|77/100 brn|[from] item: Leftovers
|-heal|p2a: Toxapex|83/100|[from] item: Black Sludge
|-damage|p1a: Whimsicott|71/100 brn|[from] brn
|upkeep
|turn|59
|
|switch|p2a: Rotom|Rotom-Heat|23/100
|move|p1a: Whimsicott|Encore||[still]
|-fail|p1a: Whimsicott
|
|-heal|p1a: Whimsicott|77/100 brn|[from] item: Leftovers
|-damage|p1a: Whimsicott|71/100 brn|[from] brn
|upkeep
|turn|60
|
|move|p2a: Rotom|Volt Switch|p1a: Whimsicott
|-resisted|p1a: Whimsicott
|-end|p1a: Whimsicott|Substitute
|
|switch|p2a: Toxapex|Toxapex, F|100/100|[from]move: Volt Switch
|move|p1a: Whimsicott|Moonblast|p2a: Toxapex
|-resisted|p2a: Toxapex
|-damage|p2a: Toxapex|89/100
|
|-heal|p1a: Whimsicott|77/100 brn|[from] item: Leftovers
|-heal|p2a: Toxapex|95/100|[from] item: Black Sludge
|-damage|p1a: Whimsicott|71/100 brn|[from] brn
|upkeep
|turn|61
|
|move|p1a: Whimsicott|Substitute|p1a: Whimsicott
|-start|p1a: Whimsicott|Substitute
|-damage|p1a: Whimsicott|46/100 brn
|move|p2a: Toxapex|Scald|p1a: Whimsicott
|-resisted|p1a: Whimsicott
|-activate|p1a: Whimsicott|move: Substitute|[damage]
|
|-heal|p1a: Whimsicott|53/100 brn|[from] item: Leftovers
|-heal|p2a: Toxapex|100/100|[from] item: Black Sludge
|-damage|p1a: Whimsicott|46/100 brn|[from] brn
|upkeep
|turn|62
|
|move|p1a: Whimsicott|Encore|p2a: Toxapex
|-start|p2a: Toxapex|Encore
|move|p2a: Toxapex|Scald|p1a: Whimsicott
|-resisted|p1a: Whimsicott
|-activate|p1a: Whimsicott|move: Substitute|[damage]
|
|-heal|p1a: Whimsicott|53/100 brn|[from] item: Leftovers
|-damage|p1a: Whimsicott|46/100 brn|[from] brn
|upkeep
|turn|63
|
|switch|p2a: Rotom|Rotom-Heat|23/100
|move|p1a: Whimsicott|Moonblast|p2a: Rotom
|-resisted|p2a: Rotom
|-damage|p2a: Rotom|8/100
|
|-heal|p1a: Whimsicott|53/100 brn|[from] item: Leftovers
|-damage|p1a: Whimsicott|46/100 brn|[from] brn
|upkeep
|turn|64
|
|move|p2a: Rotom|Volt Switch|p1a: Whimsicott
|-resisted|p1a: Whimsicott
|-end|p1a: Whimsicott|Substitute
|
|switch|p2a: Toxapex|Toxapex, F|100/100|[from]move: Volt Switch
|move|p1a: Whimsicott|Moonblast|p2a: Toxapex
|-resisted|p2a: Toxapex
|-damage|p2a: Toxapex|90/100
|
|-heal|p1a: Whimsicott|53/100 brn|[from] item: Leftovers
|-heal|p2a: Toxapex|96/100|[from] item: Black Sludge
|-damage|p1a: Whimsicott|46/100 brn|[from] brn
|upkeep
|turn|65
|
|move|p1a: Whimsicott|Substitute|p1a: Whimsicott
|-start|p1a: Whimsicott|Substitute
|-damage|p1a: Whimsicott|22/100 brn
|move|p2a: Toxapex|Scald|p1a: Whimsicott
|-resisted|p1a: Whimsicott
|-activate|p1a: Whimsicott|move: Substitute|[damage]
|
|-heal|p1a: Whimsicott|28/100 brn|[from] item: Leftovers
|-heal|p2a: Toxapex|100/100|[from] item: Black Sludge
|-damage|p1a: Whimsicott|22/100 brn|[from] brn
|upkeep
|turn|66
|
|move|p1a: Whimsicott|Moonblast|p2a: Toxapex
|-resisted|p2a: Toxapex
|-damage|p2a: Toxapex|91/100
|move|p2a: Toxapex|Haze|p2a: Toxapex
|-clearallboost
|
|-heal|p1a: Whimsicott|28/100 brn|[from] item: Leftovers
|-heal|p2a: Toxapex|97/100|[from] item: Black Sludge
|-damage|p1a: Whimsicott|22/100 brn|[from] brn
|upkeep
|turn|67
|
|move|p1a: Whimsicott|Moonblast|p2a: Toxapex
|-resisted|p2a: Toxapex
|-damage|p2a: Toxapex|85/100
|-unboost|p2a: Toxapex|spa|1
|move|p2a: Toxapex|Haze|p2a: Toxapex
|-clearallboost
|
|-heal|p1a: Whimsicott|28/100 brn|[from] item: Leftovers
|-heal|p2a: Toxapex|91/100|[from] item: Black Sludge
|-damage|p1a: Whimsicott|22/100 brn|[from] brn
|upkeep
|turn|68
|
|move|p1a: Whimsicott|Encore|p2a: Toxapex
|-start|p2a: Toxapex|Encore
|move|p2a: Toxapex|Haze|p2a: Toxapex
|-clearallboost
|
|-heal|p1a: Whimsicott|28/100 brn|[from] item: Leftovers
|-heal|p2a: Toxapex|97/100|[from] item: Black Sludge
|-damage|p1a: Whimsicott|22/100 brn|[from] brn
|upkeep
|turn|69
|
|move|p1a: Whimsicott|Moonblast|p2a: Toxapex
|-resisted|p2a: Toxapex
|-damage|p2a: Toxapex|85/100
|move|p2a: Toxapex|Haze|p2a: Toxapex
|-clearallboost
|
|-heal|p1a: Whimsicott|28/100 brn|[from] item: Leftovers
|-heal|p2a: Toxapex|91/100|[from] item: Black Sludge
|-damage|p1a: Whimsicott|22/100 brn|[from] brn
|upkeep
|turn|70
|
|switch|p1a: Conkeldurr|Conkeldurr, F|100/100
|-damage|p1a: Conkeldurr|94/100|[from] Stealth Rock
|move|p2a: Toxapex|Haze|p2a: Toxapex
|-clearallboost
|
|-heal|p2a: Toxapex|97/100|[from] item: Black Sludge
|-end|p2a: Toxapex|Encore
|-status|p1a: Conkeldurr|brn|[from] item: Flame Orb
|upkeep
|turn|71
|
|switch|p2a: Hippowdon|Hippowdon, F|88/100
|-weather|Sandstorm|[from] ability: Sand Stream|[of] p2a: Hippowdon
|move|p1a: Conkeldurr|Earthquake|p2a: Hippowdon
|-damage|p2a: Hippowdon|45/100
|
|-weather|Sandstorm|[upkeep]
|-damage|p1a: Conkeldurr|88/100 brn|[from] Sandstorm
|-heal|p2a: Hippowdon|51/100|[from] item: Leftovers
|-damage|p1a: Conkeldurr|82/100 brn|[from] brn
|upkeep
|turn|72
|
|move|p2a: Hippowdon|Slack Off|p2a: Hippowdon
|-heal|p2a: Hippowdon|100/100
|move|p1a: Conkeldurr|Drain Punch|p2a: Hippowdon
|-damage|p2a: Hippowdon|53/100
|-heal|p1a: Conkeldurr|100/100 brn|[from] drain|[of] p2a: Hippowdon
|
|-weather|Sandstorm|[upkeep]
|-damage|p1a: Conkeldurr|94/100 brn|[from] Sandstorm
|-heal|p2a: Hippowdon|59/100|[from] item: Leftovers
|-damage|p1a: Conkeldurr|88/100 brn|[from] brn
|upkeep
|turn|73
|
|move|p2a: Hippowdon|Slack Off|p2a: Hippowdon
|-heal|p2a: Hippowdon|100/100
|move|p1a: Conkeldurr|Drain Punch|p2a: Hippowdon
|-crit|p2a: Hippowdon
|-damage|p2a: Hippowdon|30/100
|-heal|p1a: Conkeldurr|100/100 brn|[from] drain|[of] p2a: Hippowdon
|
|-weather|Sandstorm|[upkeep]
|-damage|p1a: Conkeldurr|94/100 brn|[from] Sandstorm
|-heal|p2a: Hippowdon|36/100|[from] item: Leftovers
|-damage|p1a: Conkeldurr|88/100 brn|[from] brn
|upkeep
|turn|74
|
|move|p1a: Conkeldurr|Mach Punch|p2a: Hippowdon
|-damage|p2a: Hippowdon|10/100
|move|p2a: Hippowdon|Slack Off|p2a: Hippowdon
|-heal|p2a: Hippowdon|60/100
|
|-weather|Sandstorm|[upkeep]
|-damage|p1a: Conkeldurr|82/100 brn|[from] Sandstorm
|-heal|p2a: Hippowdon|66/100|[from] item: Leftovers
|-damage|p1a: Conkeldurr|76/100 brn|[from] brn
|upkeep
|turn|75
|
|move|p2a: Hippowdon|Slack Off|p2a: Hippowdon
|-heal|p2a: Hippowdon|100/100
|move|p1a: Conkeldurr|Drain Punch|p2a: Hippowdon
|-damage|p2a: Hippowdon|59/100
|-heal|p1a: Conkeldurr|98/100 brn|[from] drain|[of] p2a: Hippowdon
|
|-weather|none
|-heal|p2a: Hippowdon|65/100|[from] item: Leftovers
|-damage|p1a: Conkeldurr|92/100 brn|[from] brn
|upkeep
|turn|76
|
|move|p2a: Hippowdon|Earthquake|p1a: Conkeldurr
|-damage|p1a: Conkeldurr|56/100 brn
|move|p1a: Conkeldurr|Drain Punch|p2a: Hippowdon
|-damage|p2a: Hippowdon|20/100
|-heal|p1a: Conkeldurr|79/100 brn|[from] drain|[of] p2a: Hippowdon
|
|-heal|p2a: Hippowdon|26/100|[from] item: Leftovers
|-damage|p1a: Conkeldurr|73/100 brn|[from] brn
|upkeep
|turn|77
|
|move|p2a: Hippowdon|Earthquake|p1a: Conkeldurr
|-damage|p1a: Conkeldurr|38/100 brn
|move|p1a: Conkeldurr|Drain Punch|p2a: Hippowdon
|-damage|p2a: Hippowdon|0 fnt
|-heal|p1a: Conkeldurr|51/100 brn|[from] drain|[of] p2a: Hippowdon
|faint|p2a: Hippowdon
|
|-damage|p1a: Conkeldurr|45/100 brn|[from] brn
|upkeep
|
|switch|p2a: Mandibuzz|Mandibuzz, F|41/100
|turn|78
|
|move|p2a: Mandibuzz|Roost|p2a: Mandibuzz
|-heal|p2a: Mandibuzz|92/100
|-singleturn|p2a: Mandibuzz|move: Roost
|move|p1a: Conkeldurr|Thunder Punch|p2a: Mandibuzz
|-damage|p2a: Mandibuzz|61/100
|-status|p2a: Mandibuzz|par
|
|-damage|p1a: Conkeldurr|39/100 brn|[from] brn
|upkeep
|turn|79
|
|move|p1a: Conkeldurr|Drain Punch|p2a: Mandibuzz
|-damage|p2a: Mandibuzz|20/100 par
|-heal|p1a: Conkeldurr|60/100 brn|[from] drain|[of] p2a: Mandibuzz
|move|p2a: Mandibuzz|Roost|p2a: Mandibuzz
|-heal|p2a: Mandibuzz|70/100 par
|-singleturn|p2a: Mandibuzz|move: Roost
|
|-damage|p1a: Conkeldurr|54/100 brn|[from] brn
|upkeep
|turn|80
|
|move|p1a: Conkeldurr|Thunder Punch|p2a: Mandibuzz
|-supereffective|p2a: Mandibuzz
|-damage|p2a: Mandibuzz|17/100 par
|move|p2a: Mandibuzz|Roost|p2a: Mandibuzz
|-heal|p2a: Mandibuzz|67/100 par
|-singleturn|p2a: Mandibuzz|move: Roost
|
|-damage|p1a: Conkeldurr|48/100 brn|[from] brn
|upkeep
|turn|81
|
|move|p1a: Conkeldurr|Drain Punch|p2a: Mandibuzz
|-crit|p2a: Mandibuzz
|-damage|p2a: Mandibuzz|8/100 par
|-heal|p1a: Conkeldurr|78/100 brn|[from] drain|[of] p2a: Mandibuzz
|move|p2a: Mandibuzz|Roost|p2a: Mandibuzz
|-heal|p2a: Mandibuzz|58/100 par
|-singleturn|p2a: Mandibuzz|move: Roost
|
|-damage|p1a: Conkeldurr|72/100 brn|[from] brn
|upkeep
|turn|82
|
|move|p1a: Conkeldurr|Thunder Punch|p2a: Mandibuzz
|-supereffective|p2a: Mandibuzz
|-damage|p2a: Mandibuzz|0 fnt
|faint|p2a: Mandibuzz
|
|-damage|p1a: Conkeldurr|66/100 brn|[from] brn
|upkeep
|
|switch|p2a: Rotom|Rotom-Heat|8/100
|turn|83
|
|move|p1a: Conkeldurr|Mach Punch|p2a: Rotom
|-damage|p2a: Rotom|0 fnt
|faint|p2a: Rotom
|
|-damage|p1a: Conkeldurr|60/100 brn|[from] brn
|upkeep
|
|switch|p2a: Grimmsnarl|Grimmsnarl, M|59/100
|turn|84
|
|move|p2a: Grimmsnarl|Substitute|p2a: Grimmsnarl
|-start|p2a: Grimmsnarl|Substitute
|-damage|p2a: Grimmsnarl|34/100
|move|p1a: Conkeldurr|Mach Punch|p2a: Grimmsnarl
|-end|p2a: Grimmsnarl|Substitute
|
|-heal|p2a: Grimmsnarl|40/100|[from] item: Leftovers
|-damage|p1a: Conkeldurr|54/100 brn|[from] brn
|upkeep
|turn|85
|
|move|p1a: Conkeldurr|Mach Punch|p2a: Grimmsnarl
|-damage|p2a: Grimmsnarl|0 fnt
|faint|p2a: Grimmsnarl
|
|-damage|p1a: Conkeldurr|48/100 brn|[from] brn
|upkeep
|
|switch|p2a: Toxapex|Toxapex, F|100/100
|turn|86
|
|move|p1a: Conkeldurr|Earthquake|p2a: Toxapex
|-supereffective|p2a: Toxapex
|-damage|p2a: Toxapex|24/100
|move|p2a: Toxapex|Recover|p2a: Toxapex
|-heal|p2a: Toxapex|74/100
|
|-heal|p2a: Toxapex|80/100|[from] item: Black Sludge
|-damage|p1a: Conkeldurr|42/100 brn|[from] brn
|upkeep
|turn|87
|
|move|p1a: Conkeldurr|Earthquake|p2a: Toxapex
|-supereffective|p2a: Toxapex
|-damage|p2a: Toxapex|0 fnt
|faint|p2a: Toxapex
|
|-damage|p1a: Conkeldurr|36/100 brn|[from] brn
|upkeep
|
|switch|p2a: Conkeldurr|Conkeldurr, M|100/100
|turn|88
|
|move|p1a: Conkeldurr|Mach Punch|p2a: Conkeldurr
|-damage|p2a: Conkeldurr|67/100
|move|p2a: Conkeldurr|Thunder Punch|p1a: Conkeldurr
|-damage|p1a: Conkeldurr|10/100 brn
|
|-damage|p1a: Conkeldurr|4/100 brn|[from] brn
|-status|p2a: Conkeldurr|brn|[from] item: Flame Orb
|upkeep
|turn|89
|
|move|p2a: Conkeldurr|Mach Punch|p1a: Conkeldurr
|-damage|p1a: Conkeldurr|0 fnt
|faint|p1a: Conkeldurr
|
|-damage|p2a: Conkeldurr|60/100 brn|[from] brn
|upkeep
|
|switch|p1a: Whimsicott|Whimsicott, F, shiny|22/100 brn
|-damage|p1a: Whimsicott|9/100 brn|[from] Stealth Rock
|turn|90
|
|move|p1a: Whimsicott|Encore|p2a: Conkeldurr
|-start|p2a: Conkeldurr|Encore
|move|p2a: Conkeldurr|Mach Punch|p1a: Whimsicott
|-resisted|p1a: Whimsicott
|-damage|p1a: Whimsicott|0 fnt
|faint|p1a: Whimsicott
|
|-damage|p2a: Conkeldurr|54/100 brn|[from] brn
|upkeep
|
|switch|p1a: Toxapex|Toxapex, F, shiny|70/100
|-damage|p1a: Toxapex|58/100|[from] Stealth Rock
|turn|91
|
|move|p2a: Conkeldurr|Mach Punch|p1a: Toxapex
|-resisted|p1a: Toxapex
|-damage|p1a: Toxapex|48/100
|-damage|p2a: Conkeldurr|38/100 brn|[from] item: Rocky Helmet|[of] p1a: Toxapex
|move|p1a: Toxapex|Scald|p2a: Conkeldurr
|-damage|p2a: Conkeldurr|20/100 brn
|
|-damage|p2a: Conkeldurr|13/100 brn|[from] brn
|upkeep
|turn|92
|
|move|p2a: Conkeldurr|Mach Punch|p1a: Toxapex
|-resisted|p1a: Toxapex
|-damage|p1a: Toxapex|37/100
|-damage|p2a: Conkeldurr|0 fnt|[from] item: Rocky Helmet|[of] p1a: Toxapex
|faint|p2a: Conkeldurr
|
|win|yehoutesting
|l|‽kliktuplorel
|raw|yehoutesting's rating: 1205 → 1231(+26 for winning)
|raw|kliktuplorel's rating: 1213 → 1188(-25 for losing)
