|ScrapeTime|2020-01-01-12:07:45
|j|☆New gainzes
|j|☆Anastasia 123
|player|p1|New gainzes|101|1154
|player|p2|Anastasia 123|dawn-gen4pt|1162
|teamsize|p1|6
|teamsize|p2|6
|gametype|singles
|gen|8
|tier|[Gen 8] OU
|rated|
|rule|Sleep Clause Mod: Limit one foe put to sleep
|rule|Species Clause: Limit one of each Pokémon
|rule|OHKO Clause: OHKO moves are banned
|rule|Evasion Moves Clause: Evasion moves are banned
|rule|Endless Battle Clause: Forcing endless battles is banned
|rule|HP Percentage Mod: HP is shown in percentages
|clearpoke
|poke|p1|Aegislash, M|
|poke|p1|Bisharp, M|
|poke|p1|Dragapult, F|
|poke|p1|Hydreigon, F|
|poke|p1|Mimikyu, M|
|poke|p1|Mew|
|poke|p2|Excadrill, F|
|poke|p2|Durant, F|
|poke|p2|Corsola-Galar, F|
|poke|p2|Grimmsnarl, M|
|poke|p2|Toxtricity, M|
|poke|p2|Ferrothorn, M|
|rule|Dynamax Clause: You cannot dynamax
|teampreview
|inactive|Battle timer is ON: inactive players will automatically lose when time's up. (requested by New gainzes)
|
|start
|switch|p1a: Mew|Mew|100/100
|switch|p2a: Excadrill|Excadrill, F, shiny|100/100
|-ability|p2a: Excadrill|Mold Breaker
|turn|1
|inactive|Anastasia 123 has 120 seconds left.
|
|move|p1a: Mew|Stealth Rock|p2a: Excadrill
|-sidestart|p2: Anastasia 123|move: Stealth Rock
|move|p2a: Excadrill|Iron Head|p1a: Mew
|-damage|p1a: Mew|67/100
|-enditem|p1a: Mew|Red Card|[of] p2a: Excadrill
|drag|p2a: Toxtricity|Toxtricity, M, shiny|100/100
|-damage|p2a: Toxtricity|88/100|[from] Stealth Rock
|
|upkeep
|turn|2
|inactive|Anastasia 123 has 120 seconds left.
|
|move|p1a: Mew|Spikes|p2a: Toxtricity
|-sidestart|p2: Anastasia 123|Spikes
|move|p2a: Toxtricity|Shift Gear|p2a: Toxtricity
|-boost|p2a: Toxtricity|spe|2
|-boost|p2a: Toxtricity|atk|1
|
|upkeep
|turn|3
|
|move|p2a: Toxtricity|Overdrive|p1a: Mew
|-damage|p1a: Mew|19/100
|-enditem|p2a: Toxtricity|Throat Spray
|-boost|p2a: Toxtricity|spa|1
|move|p1a: Mew|Spikes|p2a: Toxtricity
|-sidestart|p2: Anastasia 123|Spikes
|
|upkeep
|turn|4
|
|move|p2a: Toxtricity|Overdrive|p1a: Mew
|-damage|p1a: Mew|0 fnt
|faint|p1a: Mew
|
|upkeep
|
|switch|p1a: Mimikyu|Mimikyu, M|100/100
|turn|5
|
|move|p2a: Toxtricity|Sludge Wave|p1a: Mimikyu
|-activate|p1a: Mimikyu|ability: Disguise
|-damage|p1a: Mimikyu|100/100
|detailschange|p1a: Mimikyu|Mimikyu-Busted, M
|-damage|p1a: Mimikyu|88/100|[from] ability: Disguise|[of] p1a: Mimikyu
|move|p1a: Mimikyu|Shadow Claw|p2a: Toxtricity
|-damage|p2a: Toxtricity|27/100
|-damage|p1a: Mimikyu|78/100|[from] item: Life Orb
|
|upkeep
|turn|6
|
|move|p1a: Mimikyu|Shadow Sneak|p2a: Toxtricity
|-damage|p2a: Toxtricity|0 fnt
|-damage|p1a: Mimikyu|68/100|[from] item: Life Orb
|faint|p2a: Toxtricity
|
|upkeep
|
|switch|p2a: Excadrill|Excadrill, F, shiny|100/100
|-damage|p2a: Excadrill|97/100|[from] Stealth Rock
|-damage|p2a: Excadrill|81/100|[from] Spikes
|-ability|p2a: Excadrill|Mold Breaker
|turn|7
|
|move|p1a: Mimikyu|Shadow Claw|p2a: Excadrill
|-damage|p2a: Excadrill|25/100
|-damage|p1a: Mimikyu|58/100|[from] item: Life Orb
|move|p2a: Excadrill|Earthquake|p1a: Mimikyu
|-damage|p1a: Mimikyu|0 fnt
|faint|p1a: Mimikyu
|
|upkeep
|
|switch|p1a: Dragapult|Dragapult, F|100/100
|turn|8
|
|switch|p2a: Grimmsnarl|Grimmsnarl, M, shiny|100/100
|-damage|p2a: Grimmsnarl|84/100|[from] Spikes
|-damage|p2a: Grimmsnarl|72/100|[from] Stealth Rock
|move|p1a: Dragapult|Flamethrower|p2a: Grimmsnarl
|-damage|p2a: Grimmsnarl|27/100
|
|upkeep
|turn|9
|
|switch|p1a: Bisharp|Bisharp, M|100/100
|move|p2a: Grimmsnarl|Thunder Wave|p1a: Bisharp
|-hint|Since gen 7, Dark is immune to Prankster moves.
|-immune|p1a: Bisharp
|
|upkeep
|turn|10
|
|move|p2a: Grimmsnarl|Reflect|p2a: Grimmsnarl
|-sidestart|p2: Anastasia 123|Reflect
|move|p1a: Bisharp|Iron Head|p2a: Grimmsnarl
|-supereffective|p2a: Grimmsnarl
|-damage|p2a: Grimmsnarl|0 fnt
|faint|p2a: Grimmsnarl
|
|upkeep
|
|switch|p2a: Excadrill|Excadrill, F, shiny|25/100
|-damage|p2a: Excadrill|9/100|[from] Spikes
|-damage|p2a: Excadrill|6/100|[from] Stealth Rock
|-ability|p2a: Excadrill|Mold Breaker
|turn|11
|
|move|p1a: Bisharp|Sucker Punch||[still]
|-fail|p1a: Bisharp
|move|p2a: Excadrill|Stealth Rock|p1a: Bisharp
|-sidestart|p1: New gainzes|move: Stealth Rock
|
|upkeep
|turn|12
|
|move|p1a: Bisharp|Sucker Punch|p2a: Excadrill
|-damage|p2a: Excadrill|0 fnt
|faint|p2a: Excadrill
|
|upkeep
|
|switch|p2a: Durant|Durant, F, shiny|100/100
|-damage|p2a: Durant|84/100|[from] Spikes
|-damage|p2a: Durant|72/100|[from] Stealth Rock
|turn|13
|
|switch|p1a: Aegislash|Aegislash, M|100/100
|-damage|p1a: Aegislash|94/100|[from] Stealth Rock
|-item|p1a: Aegislash|Air Balloon
|move|p2a: Durant|First Impression|p1a: Aegislash
|-resisted|p1a: Aegislash
|-damage|p1a: Aegislash|79/100
|-enditem|p1a: Aegislash|Air Balloon
|-damage|p2a: Durant|62/100|[from] item: Life Orb
|
|upkeep
|turn|14
|
|move|p2a: Durant|Iron Head|p1a: Aegislash
|-resisted|p1a: Aegislash
|-damage|p1a: Aegislash|49/100
|-damage|p2a: Durant|52/100|[from] item: Life Orb
|-formechange|p1a: Aegislash|Aegislash-Blade||[from] ability: Stance Change
|move|p1a: Aegislash|Shadow Ball|p2a: Durant
|-damage|p2a: Durant|0 fnt
|faint|p2a: Durant
|
|upkeep
|-message|Anastasia 123 forfeited.
|
|win|New gainzes
|l|☆Anastasia 123
|raw|New gainzes's rating: 1154 → 1180(+26 for winning)
|raw|Anastasia 123's rating: 1162 → 1136(-26 for losing)
