|ScrapeTime|2020-01-01-22:50:48
|j|☆alelew
|j|☆Bootyshakin
|player|p1|alelew|scientist|1137
|player|p2|Bootyshakin|swimmer|1143
|teamsize|p1|6
|teamsize|p2|6
|gametype|singles
|gen|8
|tier|[Gen 8] OU
|rated|
|rule|Sleep Clause Mod: Limit one foe put to sleep
|rule|Species Clause: Limit one of each Pokémon
|rule|OHKO Clause: OHKO moves are banned
|rule|Evasion Moves Clause: Evasion moves are banned
|rule|Endless Battle Clause: Forcing endless battles is banned
|rule|HP Percentage Mod: HP is shown in percentages
|clearpoke
|poke|p1|Corviknight, F|
|poke|p1|Gyarados, F|
|poke|p1|Corsola-Galar, F|
|poke|p1|Toxapex, M|
|poke|p1|Excadrill, M|
|poke|p1|Ditto|
|poke|p2|Golisopod, F|
|poke|p2|Corviknight, M|
|poke|p2|Hydreigon, F|
|poke|p2|Toxapex, M|
|poke|p2|Clefable, M|
|poke|p2|Rotom-Heat|
|rule|Dynamax Clause: You cannot dynamax
|teampreview
|
|start
|switch|p1a: Toxapex|Toxapex, M|100/100
|switch|p2a: Corviknight|Corviknight, M|100/100
|-ability|p2a: Corviknight|Pressure
|turn|1
|
|move|p2a: Corviknight|Bulk Up|p2a: Corviknight
|-boost|p2a: Corviknight|atk|1
|-boost|p2a: Corviknight|def|1
|move|p1a: Toxapex|Toxic|p2a: Corviknight
|-immune|p2a: Corviknight
|
|upkeep
|turn|2
|
|switch|p1a: Corviknight|Corviknight, F|100/100
|-ability|p1a: Corviknight|Pressure
|move|p2a: Corviknight|Brave Bird|p1a: Corviknight
|-resisted|p1a: Corviknight
|-damage|p1a: Corviknight|81/100
|-damage|p2a: Corviknight|94/100|[from] Recoil
|
|-heal|p1a: Corviknight|87/100|[from] item: Leftovers
|upkeep
|turn|3
|
|move|p2a: Corviknight|Bulk Up|p2a: Corviknight
|-boost|p2a: Corviknight|atk|1
|-boost|p2a: Corviknight|def|1
|move|p1a: Corviknight|Iron Defense|p1a: Corviknight
|-boost|p1a: Corviknight|def|2
|
|-heal|p1a: Corviknight|93/100|[from] item: Leftovers
|upkeep
|turn|4
|
|move|p2a: Corviknight|Bulk Up|p2a: Corviknight
|-boost|p2a: Corviknight|atk|1
|-boost|p2a: Corviknight|def|1
|move|p1a: Corviknight|Iron Defense|p1a: Corviknight
|-boost|p1a: Corviknight|def|2
|
|-heal|p1a: Corviknight|99/100|[from] item: Leftovers
|upkeep
|turn|5
|
|move|p1a: Corviknight|Iron Defense|p1a: Corviknight
|-boost|p1a: Corviknight|def|2
|move|p2a: Corviknight|Iron Head|p1a: Corviknight
|-resisted|p1a: Corviknight
|-damage|p1a: Corviknight|93/100
|
|-heal|p1a: Corviknight|99/100|[from] item: Leftovers
|upkeep
|turn|6
|
|move|p2a: Corviknight|Brave Bird|p1a: Corviknight
|-resisted|p1a: Corviknight
|-damage|p1a: Corviknight|91/100
|-damage|p2a: Corviknight|91/100|[from] Recoil
|move|p1a: Corviknight|Body Press|p2a: Corviknight
|-damage|p2a: Corviknight|60/100
|-damage|p1a: Corviknight|74/100|[from] item: Rocky Helmet|[of] p2a: Corviknight
|
|-heal|p1a: Corviknight|80/100|[from] item: Leftovers
|upkeep
|turn|7
|
|move|p2a: Corviknight|Brave Bird|p1a: Corviknight
|-resisted|p1a: Corviknight
|-damage|p1a: Corviknight|72/100
|-damage|p2a: Corviknight|57/100|[from] Recoil
|move|p1a: Corviknight|Body Press|p2a: Corviknight
|-damage|p2a: Corviknight|30/100
|-damage|p1a: Corviknight|56/100|[from] item: Rocky Helmet|[of] p2a: Corviknight
|
|-heal|p1a: Corviknight|62/100|[from] item: Leftovers
|upkeep
|turn|8
|
|move|p1a: Corviknight|Body Press|p2a: Corviknight
|-damage|p2a: Corviknight|3/100
|-damage|p1a: Corviknight|45/100|[from] item: Rocky Helmet|[of] p2a: Corviknight
|move|p2a: Corviknight|Brave Bird|p1a: Corviknight
|-resisted|p1a: Corviknight
|-damage|p1a: Corviknight|36/100
|-damage|p2a: Corviknight|0 fnt|[from] Recoil
|faint|p2a: Corviknight
|
|-heal|p1a: Corviknight|43/100|[from] item: Leftovers
|upkeep
|
|switch|p2a: Rotom|Rotom-Heat|100/100
|turn|9
|
|switch|p1a: Gyarados|Gyarados, F|100/100
|move|p2a: Rotom|Overheat|p1a: Gyarados
|-resisted|p1a: Gyarados
|-damage|p1a: Gyarados|59/100
|-unboost|p2a: Rotom|spa|2
|
|upkeep
|turn|10
|
|switch|p2a: Toxapex|Toxapex, M|100/100
|move|p1a: Gyarados|Waterfall|p2a: Toxapex
|-resisted|p2a: Toxapex
|-damage|p2a: Toxapex|84/100
|-damage|p1a: Gyarados|49/100|[from] item: Life Orb
|
|-heal|p2a: Toxapex|90/100|[from] item: Black Sludge
|upkeep
|turn|11
|
|switch|p1a: Toxapex|Toxapex, M|100/100
|move|p2a: Toxapex|Toxic Spikes|p1a: Toxapex
|-sidestart|p1: alelew|move: Toxic Spikes
|
|-heal|p2a: Toxapex|96/100|[from] item: Black Sludge
|upkeep
|turn|12
|
|switch|p2a: Rotom|Rotom-Heat|100/100
|move|p1a: Toxapex|Substitute|p1a: Toxapex
|-start|p1a: Toxapex|Substitute
|-damage|p1a: Toxapex|75/100
|
|-heal|p1a: Toxapex|82/100|[from] item: Black Sludge
|upkeep
|turn|13
|
|move|p2a: Rotom|Volt Switch|p1a: Toxapex
|-supereffective|p1a: Toxapex
|-end|p1a: Toxapex|Substitute
|
|switch|p2a: Clefable|Clefable, M|100/100|[from]move: Volt Switch
|move|p1a: Toxapex|Toxic|p2a: Clefable
|-status|p2a: Clefable|tox
|
|-heal|p1a: Toxapex|88/100|[from] item: Black Sludge
|upkeep
|turn|14
|
|move|p2a: Clefable|Thunderbolt|p1a: Toxapex
|-supereffective|p1a: Toxapex
|-damage|p1a: Toxapex|34/100
|move|p1a: Toxapex|Substitute|p1a: Toxapex
|-start|p1a: Toxapex|Substitute
|-damage|p1a: Toxapex|9/100
|
|-heal|p1a: Toxapex|15/100|[from] item: Black Sludge
|upkeep
|turn|15
|
|move|p2a: Clefable|Thunderbolt|p1a: Toxapex
|-supereffective|p1a: Toxapex
|-end|p1a: Toxapex|Substitute
|move|p1a: Toxapex|Ice Beam|p2a: Clefable
|-damage|p2a: Clefable|89/100 tox
|
|-heal|p1a: Toxapex|22/100|[from] item: Black Sludge
|upkeep
|turn|16
|
|switch|p1a: Corsola|Corsola-Galar, F|100/100
|-status|p1a: Corsola|psn
|move|p2a: Clefable|Thunderbolt|p1a: Corsola
|-damage|p1a: Corsola|82/100 psn
|
|-damage|p1a: Corsola|69/100 psn|[from] psn
|upkeep
|turn|17
|
|switch|p2a: Toxapex|Toxapex, M|100/100
|move|p1a: Corsola|Night Shade|p2a: Toxapex
|-damage|p2a: Toxapex|68/100
|
|-heal|p2a: Toxapex|74/100|[from] item: Black Sludge
|-damage|p1a: Corsola|57/100 psn|[from] psn
|upkeep
|turn|18
|
|move|p2a: Toxapex|Scald|p1a: Corsola
|-damage|p1a: Corsola|48/100 psn
|move|p1a: Corsola|Stealth Rock|p2a: Toxapex
|-sidestart|p2: Bootyshakin|move: Stealth Rock
|
|-heal|p2a: Toxapex|80/100|[from] item: Black Sludge
|-damage|p1a: Corsola|35/100 psn|[from] psn
|upkeep
|turn|19
|
|move|p2a: Toxapex|Toxic Spikes|p1a: Corsola
|-sidestart|p1: alelew|move: Toxic Spikes
|move|p1a: Corsola|Strength Sap|p2a: Toxapex
|-unboost|p2a: Toxapex|atk|1
|-heal|p1a: Corsola|71/100 psn
|
|-heal|p2a: Toxapex|86/100|[from] item: Black Sludge
|-damage|p1a: Corsola|59/100 psn|[from] psn
|upkeep
|turn|20
|
|move|p2a: Toxapex|Haze|p2a: Toxapex
|-clearallboost
|move|p1a: Corsola|Will-O-Wisp|p2a: Toxapex
|-status|p2a: Toxapex|brn
|
|-heal|p2a: Toxapex|93/100 brn|[from] item: Black Sludge
|-damage|p2a: Toxapex|86/100 brn|[from] brn
|-damage|p1a: Corsola|47/100 psn|[from] psn
|upkeep
|turn|21
|
|switch|p2a: Clefable|Clefable, M|89/100 tox
|move|p1a: Corsola|Strength Sap|p2a: Clefable
|-unboost|p2a: Clefable|atk|1
|-heal|p1a: Corsola|87/100 psn
|
|-damage|p1a: Corsola|75/100 psn|[from] psn
|upkeep
|turn|22
|
|move|p2a: Clefable|Thunderbolt|p1a: Corsola
|-damage|p1a: Corsola|55/100 psn
|-start|p2a: Clefable|Disable|Thunderbolt|[from] ability: Cursed Body|[of] p1a: Corsola
|move|p1a: Corsola|Night Shade|p2a: Clefable
|-damage|p2a: Clefable|64/100 tox
|
|-damage|p1a: Corsola|42/100 psn|[from] psn
|upkeep
|turn|23
|
|move|p2a: Clefable|Flamethrower|p1a: Corsola
|-damage|p1a: Corsola|22/100 psn
|move|p1a: Corsola|Will-O-Wisp||[still]
|-fail|p1a: Corsola
|
|-damage|p1a: Corsola|10/100 psn|[from] psn
|upkeep
|turn|24
|
|move|p2a: Clefable|Moonlight|p2a: Clefable
|-heal|p2a: Clefable|100/100 tox
|move|p1a: Corsola|Strength Sap|p2a: Clefable
|-unboost|p2a: Clefable|atk|1
|-heal|p1a: Corsola|37/100 psn
|
|-damage|p1a: Corsola|24/100 psn|[from] psn
|upkeep
|turn|25
|
|switch|p1a: Corviknight|Corviknight, F|43/100
|-ability|p1a: Corviknight|Pressure
|move|p2a: Clefable|Flamethrower|p1a: Corviknight
|-supereffective|p1a: Corviknight
|-damage|p1a: Corviknight|0 fnt
|faint|p1a: Corviknight
|
|-end|p2a: Clefable|Disable
|upkeep
|
|switch|p1a: Toxapex|Toxapex, M|55/100
|-sideend|p1: alelew|move: Toxic Spikes|[of] p1a: Toxapex
|turn|26
|
|move|p2a: Clefable|Thunderbolt|p1a: Toxapex
|-supereffective|p1a: Toxapex
|-damage|p1a: Toxapex|0 fnt
|faint|p1a: Toxapex
|
|upkeep
|
|switch|p1a: Gyarados|Gyarados, F|49/100
|turn|27
|
|move|p1a: Gyarados|Waterfall|p2a: Clefable
|-damage|p2a: Clefable|41/100 tox
|-damage|p1a: Gyarados|39/100|[from] item: Life Orb
|move|p2a: Clefable|Thunderbolt|p1a: Gyarados
|-supereffective|p1a: Gyarados
|-damage|p1a: Gyarados|0 fnt
|faint|p1a: Gyarados
|
|upkeep
|
|switch|p1a: Excadrill|Excadrill, M|100/100
|-ability|p1a: Excadrill|Mold Breaker
|turn|28
|
|move|p1a: Excadrill|Swords Dance|p1a: Excadrill
|-boost|p1a: Excadrill|atk|2
|move|p2a: Clefable|Flamethrower|p1a: Excadrill
|-supereffective|p1a: Excadrill
|-enditem|p1a: Excadrill|Focus Sash
|-damage|p1a: Excadrill|1/100
|
|upkeep
|turn|29
|
|move|p1a: Excadrill|Earthquake|p2a: Clefable
|-damage|p2a: Clefable|0 fnt
|faint|p2a: Clefable
|
|upkeep
|
|switch|p2a: Golisopod|Golisopod, F|100/100
|-damage|p2a: Golisopod|76/100|[from] Stealth Rock
|turn|30
|
|move|p2a: Golisopod|First Impression|p1a: Excadrill
|-resisted|p1a: Excadrill
|-crit|p1a: Excadrill
|-damage|p1a: Excadrill|0 fnt
|faint|p1a: Excadrill
|
|upkeep
|
|switch|p1a: Ditto|Ditto|100/100
|-transform|p1a: Ditto|p2a: Golisopod|[from] ability: Imposter
|turn|31
|
|switch|p2a: Toxapex|Toxapex, M|100/100 brn
|-damage|p2a: Toxapex|88/100 brn|[from] Stealth Rock
|move|p1a: Ditto|Close Combat|p2a: Toxapex
|-resisted|p2a: Toxapex
|-damage|p2a: Toxapex|75/100 brn
|-unboost|p1a: Ditto|def|1
|-unboost|p1a: Ditto|spd|1
|
|-heal|p2a: Toxapex|81/100 brn|[from] item: Black Sludge
|-damage|p2a: Toxapex|75/100 brn|[from] brn
|upkeep
|turn|32
|
|switch|p1a: Corsola|Corsola-Galar, F|24/100 psn
|move|p2a: Toxapex|Baneful Bunker||[still]
|-fail|p2a: Toxapex
|
|-heal|p2a: Toxapex|81/100 brn|[from] item: Black Sludge
|-damage|p2a: Toxapex|75/100 brn|[from] brn
|-damage|p1a: Corsola|12/100 psn|[from] psn
|upkeep
|turn|33
|
|move|p2a: Toxapex|Toxic Spikes|p1a: Corsola
|-sidestart|p1: alelew|move: Toxic Spikes
|move|p1a: Corsola|Strength Sap|p2a: Toxapex
|-unboost|p2a: Toxapex|atk|1
|-heal|p1a: Corsola|48/100 psn
|
|-heal|p2a: Toxapex|81/100 brn|[from] item: Black Sludge
|-damage|p2a: Toxapex|75/100 brn|[from] brn
|-damage|p1a: Corsola|36/100 psn|[from] psn
|upkeep
|turn|34
|
|move|p2a: Toxapex|Toxic Spikes|p1a: Corsola
|-sidestart|p1: alelew|move: Toxic Spikes
|move|p1a: Corsola|Strength Sap|p2a: Toxapex
|-unboost|p2a: Toxapex|atk|1
|-heal|p1a: Corsola|60/100 psn
|
|-heal|p2a: Toxapex|81/100 brn|[from] item: Black Sludge
|-damage|p2a: Toxapex|75/100 brn|[from] brn
|-damage|p1a: Corsola|47/100 psn|[from] psn
|upkeep
|turn|35
|
|switch|p2a: Rotom|Rotom-Heat|100/100
|-damage|p2a: Rotom|76/100|[from] Stealth Rock
|switch|p1a: Ditto|Ditto|100/100
|-status|p1a: Ditto|tox
|-transform|p1a: Ditto|p2a: Rotom|[from] ability: Imposter
|
|-damage|p1a: Ditto|94/100 tox|[from] psn
|upkeep
|turn|36
|
|move|p1a: Ditto|Overheat|p2a: Rotom
|-resisted|p2a: Rotom
|-damage|p2a: Rotom|38/100
|-unboost|p1a: Ditto|spa|2
|move|p2a: Rotom|Volt Switch|p1a: Ditto
|-resisted|p1a: Ditto
|-damage|p1a: Ditto|71/100 tox
|
|switch|p2a: Hydreigon|Hydreigon, F|100/100|[from]move: Volt Switch
|-damage|p2a: Hydreigon|88/100|[from] Stealth Rock
|
|-heal|p2a: Hydreigon|94/100|[from] item: Leftovers
|-damage|p1a: Ditto|59/100 tox|[from] psn
|upkeep
|turn|37
|
|switch|p1a: Corsola|Corsola-Galar, F|47/100 psn
|move|p2a: Hydreigon|Substitute|p2a: Hydreigon
|-start|p2a: Hydreigon|Substitute
|-damage|p2a: Hydreigon|69/100
|
|-heal|p2a: Hydreigon|76/100|[from] item: Leftovers
|-damage|p1a: Corsola|35/100 psn|[from] psn
|upkeep
|turn|38
|
|move|p2a: Hydreigon|Nasty Plot|p2a: Hydreigon
|-boost|p2a: Hydreigon|spa|2
|move|p1a: Corsola|Night Shade|p2a: Hydreigon
|-end|p2a: Hydreigon|Substitute
|
|-heal|p2a: Hydreigon|82/100|[from] item: Leftovers
|-damage|p1a: Corsola|23/100 psn|[from] psn
|upkeep
|turn|39
|
|switch|p1a: Ditto|Ditto|59/100 tox
|-transform|p1a: Ditto|p2a: Hydreigon|[from] ability: Imposter
|move|p2a: Hydreigon|Dark Pulse|p1a: Ditto
|-resisted|p1a: Ditto
|-damage|p1a: Ditto|6/100 tox
|
|-heal|p2a: Hydreigon|88/100|[from] item: Leftovers
|-damage|p1a: Ditto|0 fnt|[from] psn
|faint|p1a: Ditto
|upkeep
|
|switch|p1a: Corsola|Corsola-Galar, F|23/100 psn
|turn|40
|
|move|p2a: Hydreigon|Dark Pulse|p1a: Corsola
|-supereffective|p1a: Corsola
|-damage|p1a: Corsola|0 fnt
|faint|p1a: Corsola
|
|win|Bootyshakin
|c|☆Bootyshakin|Gg
|raw|alelew's rating: 1110 → 1087(-23 for losing)
|raw|Bootyshakin's rating: 1143 → 1166(+23 for winning)
