|ScrapeTime|2020-01-02-09:14:50
|j|☆sprinkles uncle
|j|☆JihJiof
|player|p1|sprinkles uncle|dawn|1786
|player|p2|JihJiof|burnet|1762
|teamsize|p1|6
|teamsize|p2|6
|gametype|singles
|gen|8
|tier|[Gen 8] OU
|rated|
|rule|Sleep Clause Mod: Limit one foe put to sleep
|rule|Species Clause: Limit one of each Pokémon
|rule|OHKO Clause: OHKO moves are banned
|rule|Evasion Moves Clause: Evasion moves are banned
|rule|Endless Battle Clause: Forcing endless battles is banned
|rule|HP Percentage Mod: HP is shown in percentages
|clearpoke
|poke|p1|Mamoswine, F|
|poke|p1|Corviknight, M|
|poke|p1|Rotom-Wash|
|poke|p1|Gengar, F|
|poke|p1|Hydreigon, F|
|poke|p1|Clefable, F|
|poke|p2|Corviknight, M|
|poke|p2|Toxapex, M|
|poke|p2|Clefable, M|
|poke|p2|Tyranitar, F|
|poke|p2|Dugtrio, F|
|poke|p2|Sigilyph, F|
|rule|Dynamax Clause: You cannot dynamax
|teampreview
|j| Shunshun
|
|start
|switch|p1a: Rotom|Rotom-Wash|100/100
|switch|p2a: Clefable|Clefable, M|100/100
|turn|1
|
|move|p1a: Rotom|Trick|p2a: Clefable
|-activate|p1a: Rotom|move: Trick|[of] p2a: Clefable
|-item|p2a: Clefable|Choice Scarf|[from] move: Trick
|-item|p1a: Rotom|Leftovers|[from] move: Trick
|move|p2a: Clefable|Wish|p2a: Clefable
|
|upkeep
|turn|2
|
|switch|p2a: Tyranitar|Tyranitar, F, shiny|100/100
|-weather|Sandstorm|[from] ability: Sand Stream|[of] p2a: Tyranitar
|move|p1a: Rotom|Thunder Wave|p2a: Tyranitar
|-status|p2a: Tyranitar|par
|
|-weather|Sandstorm|[upkeep]
|-damage|p1a: Rotom|94/100|[from] Sandstorm
|-heal|p1a: Rotom|100/100|[from] item: Leftovers
|upkeep
|turn|3
|
|move|p1a: Rotom|Volt Switch|p2a: Tyranitar
|-damage|p2a: Tyranitar|88/100 par
|
|switch|p1a: Corviknight|Corviknight, M|100/100|[from]move: Volt Switch
|-ability|p1a: Corviknight|Pressure
|move|p2a: Tyranitar|Stealth Rock|p1a: Corviknight
|-sidestart|p1: sprinkles uncle|move: Stealth Rock
|
|-weather|Sandstorm|[upkeep]
|-heal|p2a: Tyranitar|94/100 par|[from] item: Leftovers
|upkeep
|turn|4
|
|move|p1a: Corviknight|Defog|p2a: Tyranitar
|-unboost|p2a: Tyranitar|evasion|1
|-sideend|p1: sprinkles uncle|Stealth Rock|[from] move: Defog|[of] p1a: Corviknight
|move|p2a: Tyranitar|Thunder Wave|p1a: Corviknight
|-status|p1a: Corviknight|par
|
|-weather|Sandstorm|[upkeep]
|-heal|p2a: Tyranitar|99/100 par|[from] item: Leftovers
|upkeep
|turn|5
|
|move|p2a: Tyranitar|Stealth Rock|p1a: Corviknight
|-sidestart|p1: sprinkles uncle|move: Stealth Rock
|cant|p1a: Corviknight|par
|
|-weather|Sandstorm|[upkeep]
|-heal|p2a: Tyranitar|100/100 par|[from] item: Leftovers
|upkeep
|turn|6
|
|cant|p2a: Tyranitar|par
|cant|p1a: Corviknight|par
|
|-weather|none
|upkeep
|turn|7
|
|cant|p2a: Tyranitar|par
|move|p1a: Corviknight|Defog|p2a: Tyranitar
|-unboost|p2a: Tyranitar|evasion|1
|-sideend|p1: sprinkles uncle|Stealth Rock|[from] move: Defog|[of] p1a: Corviknight
|
|upkeep
|turn|8
|
|move|p2a: Tyranitar|Stealth Rock|p1a: Corviknight
|-sidestart|p1: sprinkles uncle|move: Stealth Rock
|move|p1a: Corviknight|Body Press|p2a: Tyranitar
|-supereffective|p2a: Tyranitar
|-damage|p2a: Tyranitar|43/100 par
|
|-heal|p2a: Tyranitar|49/100 par|[from] item: Leftovers
|upkeep
|turn|9
|
|move|p2a: Tyranitar|Dark Pulse|p1a: Corviknight
|-damage|p1a: Corviknight|82/100 par
|move|p1a: Corviknight|Defog|p2a: Tyranitar
|-unboost|p2a: Tyranitar|evasion|1
|-sideend|p1: sprinkles uncle|Stealth Rock|[from] move: Defog|[of] p1a: Corviknight
|
|-heal|p2a: Tyranitar|55/100 par|[from] item: Leftovers
|-heal|p1a: Corviknight|88/100 par|[from] item: Leftovers
|upkeep
|turn|10
|
|move|p2a: Tyranitar|Dark Pulse|p1a: Corviknight
|-damage|p1a: Corviknight|72/100 par
|move|p1a: Corviknight|Body Press|p2a: Tyranitar
|-supereffective|p2a: Tyranitar
|-damage|p2a: Tyranitar|0 fnt
|faint|p2a: Tyranitar
|
|-heal|p1a: Corviknight|78/100 par|[from] item: Leftovers
|upkeep
|c|☆JihJiof|srsly
|c|☆JihJiof|ok
|
|switch|p2a: Sigilyph|Sigilyph, F|100/100
|turn|11
|
|switch|p1a: Hydreigon|Hydreigon, F, shiny|100/100
|move|p2a: Sigilyph|Heat Wave|p1a: Hydreigon
|-resisted|p1a: Hydreigon
|-damage|p1a: Hydreigon|81/100
|
|-heal|p1a: Hydreigon|87/100|[from] item: Leftovers
|upkeep
|turn|12
|
|switch|p2a: Clefable|Clefable, M|100/100
|move|p1a: Hydreigon|Dark Pulse|p2a: Clefable
|-resisted|p2a: Clefable
|-damage|p2a: Clefable|80/100
|
|-heal|p1a: Hydreigon|93/100|[from] item: Leftovers
|upkeep
|turn|13
|j| I Change Stances
|j| sucamela
|j| GindarasonPillows
|
|switch|p1a: Corviknight|Corviknight, M|78/100 par
|-ability|p1a: Corviknight|Pressure
|move|p2a: Clefable|Wish|p2a: Clefable
|
|-heal|p1a: Corviknight|84/100 par|[from] item: Leftovers
|upkeep
|turn|14
|
|switch|p2a: Sigilyph|Sigilyph, F|100/100
|move|p1a: Corviknight|U-turn|p2a: Sigilyph
|-damage|p2a: Sigilyph|81/100
|
|switch|p1a: Hydreigon|Hydreigon, F, shiny|93/100|[from]move: U-turn
|
|-heal|p2a: Sigilyph|100/100|[from] move: Wish|[wisher] Clefable
|-heal|p1a: Hydreigon|99/100|[from] item: Leftovers
|upkeep
|turn|15
|
|switch|p2a: Corviknight|Corviknight, M|100/100
|-ability|p2a: Corviknight|Pressure
|move|p1a: Hydreigon|Dark Pulse|p2a: Corviknight
|-damage|p2a: Corviknight|69/100
|
|-heal|p1a: Hydreigon|100/100|[from] item: Leftovers
|-heal|p2a: Corviknight|75/100|[from] item: Leftovers
|upkeep
|turn|16
|
|move|p1a: Hydreigon|Dark Pulse|p2a: Corviknight
|-damage|p2a: Corviknight|41/100
|move|p2a: Corviknight|Roost|p2a: Corviknight
|-heal|p2a: Corviknight|91/100
|-singleturn|p2a: Corviknight|move: Roost
|
|-heal|p2a: Corviknight|97/100|[from] item: Leftovers
|upkeep
|turn|17
|
|switch|p1a: Rotom|Rotom-Wash|100/100
|switch|p2a: Toxapex|Toxapex, M|100/100
|
|upkeep
|turn|18
|
|move|p1a: Rotom|Thunder Wave|p2a: Toxapex
|-status|p2a: Toxapex|par
|move|p2a: Toxapex|Scald|p1a: Rotom
|-resisted|p1a: Rotom
|-damage|p1a: Rotom|91/100
|
|-heal|p1a: Rotom|97/100|[from] item: Leftovers
|upkeep
|turn|19
|
|move|p1a: Rotom|Volt Switch|p2a: Toxapex
|-supereffective|p2a: Toxapex
|-crit|p2a: Toxapex
|-damage|p2a: Toxapex|39/100 par
|
|switch|p1a: Mamoswine|Mamoswine, F|100/100|[from]move: Volt Switch
|move|p2a: Toxapex|Scald|p1a: Mamoswine
|-supereffective|p1a: Mamoswine
|-damage|p1a: Mamoswine|70/100
|
|-heal|p2a: Toxapex|45/100 par|[from] item: Leftovers
|upkeep
|turn|20
|
|switch|p1a: Rotom|Rotom-Wash|97/100
|switch|p2a: Corviknight|Corviknight, M|97/100
|-ability|p2a: Corviknight|Pressure
|
|-heal|p1a: Rotom|100/100|[from] item: Leftovers
|-heal|p2a: Corviknight|100/100|[from] item: Leftovers
|upkeep
|turn|21
|j| Narmanitan
|
|switch|p2a: Toxapex|Toxapex, M|78/100 par
|move|p1a: Rotom|Thunder Wave|p2a: Toxapex
|-fail|p2a: Toxapex|par
|
|-heal|p2a: Toxapex|84/100 par|[from] item: Leftovers
|upkeep
|turn|22
|
|move|p1a: Rotom|Volt Switch|p2a: Toxapex
|-supereffective|p2a: Toxapex
|-damage|p2a: Toxapex|44/100 par
|
|switch|p1a: Hydreigon|Hydreigon, F, shiny|100/100|[from]move: Volt Switch
|move|p2a: Toxapex|Toxic Spikes|p1a: Hydreigon
|-sidestart|p1: sprinkles uncle|move: Toxic Spikes
|
|-heal|p2a: Toxapex|50/100 par|[from] item: Leftovers
|upkeep
|turn|23
|
|switch|p2a: Clefable|Clefable, M|80/100
|move|p1a: Hydreigon|Substitute|p1a: Hydreigon
|-start|p1a: Hydreigon|Substitute
|-damage|p1a: Hydreigon|76/100
|
|-heal|p1a: Hydreigon|82/100|[from] item: Leftovers
|upkeep
|turn|24
|
|move|p1a: Hydreigon|Flash Cannon|p2a: Clefable
|-supereffective|p2a: Clefable
|-damage|p2a: Clefable|32/100
|move|p2a: Clefable|Moonblast|p1a: Hydreigon
|-supereffective|p1a: Hydreigon
|-end|p1a: Hydreigon|Substitute
|
|-heal|p1a: Hydreigon|88/100|[from] item: Leftovers
|upkeep
|turn|25
|
|switch|p2a: Corviknight|Corviknight, M|100/100
|-ability|p2a: Corviknight|Pressure
|move|p1a: Hydreigon|Flash Cannon|p2a: Corviknight
|-resisted|p2a: Corviknight
|-damage|p2a: Corviknight|89/100
|
|-heal|p1a: Hydreigon|94/100|[from] item: Leftovers
|-heal|p2a: Corviknight|95/100|[from] item: Leftovers
|upkeep
|turn|26
|
|switch|p1a: Rotom|Rotom-Wash|100/100
|move|p2a: Corviknight|Body Press|p1a: Rotom
|-damage|p1a: Rotom|82/100
|
|-heal|p1a: Rotom|88/100|[from] item: Leftovers
|-heal|p2a: Corviknight|100/100|[from] item: Leftovers
|upkeep
|turn|27
|
|switch|p2a: Dugtrio|Dugtrio, F|100/100
|move|p1a: Rotom|Volt Switch|p2a: Dugtrio
|-immune|p2a: Dugtrio
|
|-heal|p1a: Rotom|95/100|[from] item: Leftovers
|upkeep
|turn|28
|j| 654654m
|
|switch|p2a: Sigilyph|Sigilyph, F|100/100
|move|p1a: Rotom|Hydro Pump|p2a: Sigilyph
|-damage|p2a: Sigilyph|48/100
|
|-heal|p1a: Rotom|100/100|[from] item: Leftovers
|upkeep
|turn|29
|
|move|p2a: Sigilyph|Energy Ball|p1a: Rotom
|-supereffective|p1a: Rotom
|-damage|p1a: Rotom|25/100
|move|p1a: Rotom|Volt Switch|p2a: Sigilyph
|-supereffective|p2a: Sigilyph
|-damage|p2a: Sigilyph|0 fnt
|faint|p2a: Sigilyph
|j| testingfish123
|j| master of miss
|
|switch|p1a: Gengar|Gengar, F|100/100|[from]move: Volt Switch
|-sideend|p1: sprinkles uncle|move: Toxic Spikes|[of] p1a: Gengar
|
|upkeep
|l| master of miss
|
|switch|p2a: Dugtrio|Dugtrio, F|100/100
|turn|30
|j| Gogeta29
|
|switch|p1a: Corviknight|Corviknight, M|84/100 par
|-ability|p1a: Corviknight|Pressure
|move|p2a: Dugtrio|Earthquake|p1a: Corviknight
|-immune|p1a: Corviknight
|
|-heal|p1a: Corviknight|90/100 par|[from] item: Leftovers
|upkeep
|turn|31
|
|switch|p2a: Clefable|Clefable, M|32/100
|move|p1a: Corviknight|U-turn|p2a: Clefable
|-resisted|p2a: Clefable
|-damage|p2a: Clefable|26/100
|
|switch|p1a: Gengar|Gengar, F|100/100|[from]move: U-turn
|
|upkeep
|turn|32
|
|switch|p2a: Toxapex|Toxapex, M|84/100 par
|move|p1a: Gengar|Substitute|p1a: Gengar
|-start|p1a: Gengar|Substitute
|-damage|p1a: Gengar|76/100
|
|-heal|p1a: Gengar|82/100|[from] item: Black Sludge
|-heal|p2a: Toxapex|90/100 par|[from] item: Leftovers
|upkeep
|turn|33
|
|move|p1a: Gengar|Nasty Plot|p1a: Gengar
|-boost|p1a: Gengar|spa|2
|move|p2a: Toxapex|Scald|p1a: Gengar
|-end|p1a: Gengar|Substitute
|
|-heal|p1a: Gengar|88/100|[from] item: Black Sludge
|-heal|p2a: Toxapex|96/100 par|[from] item: Leftovers
|upkeep
|turn|34
|
|move|p1a: Gengar|Shadow Ball|p2a: Toxapex
|-damage|p2a: Toxapex|31/100 par
|move|p2a: Toxapex|Scald|p1a: Gengar
|-damage|p1a: Gengar|60/100
|-status|p1a: Gengar|brn
|
|-heal|p1a: Gengar|66/100 brn|[from] item: Black Sludge
|-heal|p2a: Toxapex|37/100 par|[from] item: Leftovers
|-damage|p1a: Gengar|60/100 brn|[from] brn
|upkeep
|turn|35
|
|move|p1a: Gengar|Shadow Ball|p2a: Toxapex
|-damage|p2a: Toxapex|0 fnt
|faint|p2a: Toxapex
|
|-heal|p1a: Gengar|66/100 brn|[from] item: Black Sludge
|-damage|p1a: Gengar|60/100 brn|[from] brn
|upkeep
|
|switch|p2a: Dugtrio|Dugtrio, F|100/100
|turn|36
|
|switch|p1a: Corviknight|Corviknight, M|90/100 par
|-ability|p1a: Corviknight|Pressure
|move|p2a: Dugtrio|Memento|p1a: Corviknight
|-unboost|p1a: Corviknight|atk|2
|-unboost|p1a: Corviknight|spa|2
|faint|p2a: Dugtrio
|
|-heal|p1a: Corviknight|97/100 par|[from] item: Leftovers
|upkeep
|
|switch|p2a: Corviknight|Corviknight, M|100/100
|-ability|p2a: Corviknight|Pressure
|turn|37
|
|move|p2a: Corviknight|Bulk Up|p2a: Corviknight
|-boost|p2a: Corviknight|atk|1
|-boost|p2a: Corviknight|def|1
|move|p1a: Corviknight|U-turn|p2a: Corviknight
|-resisted|p2a: Corviknight
|-damage|p2a: Corviknight|99/100
|
|switch|p1a: Rotom|Rotom-Wash|25/100|[from]move: U-turn
|
|-heal|p1a: Rotom|31/100|[from] item: Leftovers
|-heal|p2a: Corviknight|100/100|[from] item: Leftovers
|upkeep
|turn|38
|
|move|p1a: Rotom|Thunder Wave|p2a: Corviknight
|-status|p2a: Corviknight|par
|move|p2a: Corviknight|Body Press|p1a: Rotom
|-damage|p1a: Rotom|1/100
|
|-heal|p1a: Rotom|7/100|[from] item: Leftovers
|upkeep
|turn|39
|
|move|p1a: Rotom|Volt Switch|p2a: Corviknight
|-supereffective|p2a: Corviknight
|-damage|p2a: Corviknight|67/100 par
|
|switch|p1a: Corviknight|Corviknight, M|97/100 par|[from]move: Volt Switch
|-ability|p1a: Corviknight|Pressure
|move|p2a: Corviknight|Bulk Up|p2a: Corviknight
|-boost|p2a: Corviknight|atk|1
|-boost|p2a: Corviknight|def|1
|
|-heal|p2a: Corviknight|73/100 par|[from] item: Leftovers
|-heal|p1a: Corviknight|100/100 par|[from] item: Leftovers
|upkeep
|turn|40
|
|move|p2a: Corviknight|Bulk Up|p2a: Corviknight
|-boost|p2a: Corviknight|atk|1
|-boost|p2a: Corviknight|def|1
|move|p1a: Corviknight|U-turn|p2a: Corviknight
|-resisted|p2a: Corviknight
|-damage|p2a: Corviknight|72/100 par
|
|switch|p1a: Gengar|Gengar, F|60/100 brn|[from]move: U-turn
|
|-heal|p1a: Gengar|66/100 brn|[from] item: Black Sludge
|-heal|p2a: Corviknight|78/100 par|[from] item: Leftovers
|-damage|p1a: Gengar|60/100 brn|[from] brn
|upkeep
|turn|41
|
|move|p1a: Gengar|Substitute|p1a: Gengar
|-start|p1a: Gengar|Substitute
|-damage|p1a: Gengar|35/100 brn
|cant|p2a: Corviknight|par
|
|-heal|p1a: Gengar|41/100 brn|[from] item: Black Sludge
|-heal|p2a: Corviknight|84/100 par|[from] item: Leftovers
|-damage|p1a: Gengar|35/100 brn|[from] brn
|upkeep
|turn|42
|
|move|p1a: Gengar|Nasty Plot|p1a: Gengar
|-boost|p1a: Gengar|spa|2
|move|p2a: Corviknight|Iron Head|p1a: Gengar
|-crit|p1a: Gengar
|-end|p1a: Gengar|Substitute
|
|-heal|p1a: Gengar|41/100 brn|[from] item: Black Sludge
|-heal|p2a: Corviknight|90/100 par|[from] item: Leftovers
|-damage|p1a: Gengar|35/100 brn|[from] brn
|upkeep
|turn|43
|
|move|p1a: Gengar|Shadow Ball|p2a: Corviknight
|-damage|p2a: Corviknight|33/100 par
|move|p2a: Corviknight|Iron Head|p1a: Gengar
|-damage|p1a: Gengar|0 fnt
|faint|p1a: Gengar
|
|-heal|p2a: Corviknight|39/100 par|[from] item: Leftovers
|upkeep
|
|switch|p1a: Hydreigon|Hydreigon, F, shiny|94/100
|turn|44
|
|move|p1a: Hydreigon|Nasty Plot|p1a: Hydreigon
|-boost|p1a: Hydreigon|spa|2
|move|p2a: Corviknight|Roost|p2a: Corviknight
|-heal|p2a: Corviknight|89/100 par
|-singleturn|p2a: Corviknight|move: Roost
|
|-heal|p1a: Hydreigon|99/100|[from] item: Leftovers
|-heal|p2a: Corviknight|95/100 par|[from] item: Leftovers
|upkeep
|turn|45
|
|move|p1a: Hydreigon|Dark Pulse|p2a: Corviknight
|-damage|p2a: Corviknight|25/100 par
|move|p2a: Corviknight|Body Press|p1a: Hydreigon
|-supereffective|p1a: Hydreigon
|-damage|p1a: Hydreigon|0 fnt
|faint|p1a: Hydreigon
|
|-heal|p2a: Corviknight|31/100 par|[from] item: Leftovers
|upkeep
|
|switch|p1a: Rotom|Rotom-Wash|7/100
|turn|46
|
|switch|p2a: Clefable|Clefable, M|26/100
|move|p1a: Rotom|Volt Switch|p2a: Clefable
|-damage|p2a: Clefable|6/100
|
|switch|p1a: Mamoswine|Mamoswine, F|70/100|[from]move: Volt Switch
|
|upkeep
|turn|47
|l| I Change Stances
|
|move|p1a: Mamoswine|Icicle Crash|p2a: Clefable
|-damage|p2a: Clefable|0 fnt
|faint|p2a: Clefable
|
|upkeep
|
|switch|p2a: Corviknight|Corviknight, M|31/100 par
|-ability|p2a: Corviknight|Pressure
|turn|48
|
|move|p1a: Mamoswine|Icicle Crash|p2a: Corviknight
|-damage|p2a: Corviknight|0 fnt
|faint|p2a: Corviknight
|
|win|sprinkles uncle
|raw|sprinkles uncle's rating: 1764 → 1784(+20 for winning)
|raw|JihJiof's rating: 1762 → 1742(-20 for losing)
|l|☆JihJiof
|l| Narmanitan
|l|☆sprinkles uncle
|l| testingfish123
|l| GindarasonPillows
|l| Gogeta29
