|ScrapeTime|2020-01-01-20:56:58
|j|☆55hhgghy
|j|☆Raranor
|player|p1|55hhgghy|koga|1040
|player|p2|Raranor|101|1042
|teamsize|p1|6
|teamsize|p2|6
|gametype|singles
|gen|8
|tier|[Gen 8] OU
|rated|
|rule|Sleep Clause Mod: Limit one foe put to sleep
|rule|Species Clause: Limit one of each Pokémon
|rule|OHKO Clause: OHKO moves are banned
|rule|Evasion Moves Clause: Evasion moves are banned
|rule|Endless Battle Clause: Forcing endless battles is banned
|rule|HP Percentage Mod: HP is shown in percentages
|clearpoke
|poke|p1|Gastrodon-East, M|
|poke|p1|Corsola-Galar, M|
|poke|p1|Dracozolt|
|poke|p1|Pincurchin, F|
|poke|p1|Hatterene, F|
|poke|p1|Corviknight, F|
|poke|p2|Dracovish|
|poke|p2|Toxtricity, F|
|poke|p2|Seismitoad, M|
|poke|p2|Excadrill, F|
|poke|p2|Dragapult, M|
|poke|p2|Togekiss, M|
|rule|Dynamax Clause: You cannot dynamax
|teampreview
|inactive|Battle timer is ON: inactive players will automatically lose when time's up. (requested by Raranor)
|
|start
|switch|p1a: Bit boxe|Corsola-Galar, M|100/100
|switch|p2a: Togekiss|Togekiss, M|100/100
|turn|1
|
|move|p2a: Togekiss|Trick|p1a: Bit boxe
|-activate|p2a: Togekiss|move: Trick|[of] p1a: Bit boxe
|-item|p1a: Bit boxe|Choice Scarf|[from] move: Trick
|-item|p2a: Togekiss|Eviolite|[from] move: Trick
|move|p1a: Bit boxe|Stealth Rock|p2a: Togekiss
|-sidestart|p2: Raranor|move: Stealth Rock
|
|upkeep
|turn|2
|
|switch|p1a: P'TI zyzy|Pincurchin, F|100/100
|move|p2a: Togekiss|Trick|p1a: P'TI zyzy
|-activate|p2a: Togekiss|move: Trick|[of] p1a: P'TI zyzy
|-item|p1a: P'TI zyzy|Eviolite|[from] move: Trick
|-item|p2a: Togekiss|Assault Vest|[from] move: Trick
|
|upkeep
|turn|3
|
|switch|p2a: Excadrill|Excadrill, F|100/100
|-damage|p2a: Excadrill|97/100|[from] Stealth Rock
|-ability|p2a: Excadrill|Mold Breaker
|move|p1a: P'TI zyzy|Toxic Spikes|p2a: Excadrill
|-sidestart|p2: Raranor|move: Toxic Spikes
|
|upkeep
|turn|4
|
|switch|p1a: ERIC vegan|Gastrodon-East, M|100/100
|move|p2a: Excadrill|Rapid Spin|p1a: ERIC vegan
|-damage|p1a: ERIC vegan|85/100
|-sideend|p2: Raranor|Toxic Spikes|[from] move: Rapid Spin|[of] p2a: Excadrill
|-sideend|p2: Raranor|Stealth Rock|[from] move: Rapid Spin|[of] p2a: Excadrill
|-boost|p2a: Excadrill|spe|1
|
|-heal|p1a: ERIC vegan|91/100|[from] item: Leftovers
|upkeep
|turn|5
|
|switch|p2a: Dragapult|Dragapult, M|100/100
|move|p1a: ERIC vegan|Scald|p2a: Dragapult
|-resisted|p2a: Dragapult
|-damage|p2a: Dragapult|76/100
|
|-heal|p1a: ERIC vegan|97/100|[from] item: Leftovers
|upkeep
|turn|6
|inactive|55hhgghy has 120 seconds left.
|
|switch|p1a: Budget CHEVEUX|Corviknight, F|100/100
|move|p2a: Dragapult|Shadow Ball|p1a: Budget CHEVEUX
|-damage|p1a: Budget CHEVEUX|36/100
|-enditem|p1a: Budget CHEVEUX|Sitrus Berry|[eat]
|-heal|p1a: Budget CHEVEUX|61/100|[from] item: Sitrus Berry
|
|upkeep
|turn|7
|
|move|p2a: Dragapult|Shadow Ball|p1a: Budget CHEVEUX
|-damage|p1a: Budget CHEVEUX|0 fnt
|faint|p1a: Budget CHEVEUX
|
|upkeep
|
|switch|p1a: Elliot|Dracozolt|100/100
|turn|8
|
|move|p1a: Elliot|Dragon Claw|p2a: Dragapult
|-supereffective|p2a: Dragapult
|-crit|p2a: Dragapult
|-damage|p2a: Dragapult|0 fnt
|faint|p2a: Dragapult
|
|upkeep
|
|switch|p2a: Togekiss|Togekiss, M|100/100
|turn|9
|
|switch|p1a: P'TI zyzy|Pincurchin, F|100/100
|move|p2a: Togekiss|Dazzling Gleam|p1a: P'TI zyzy
|-damage|p1a: P'TI zyzy|42/100
|
|upkeep
|turn|10
|
|switch|p1a: Capucine|Hatterene, F|100/100
|move|p2a: Togekiss|Dazzling Gleam|p1a: Capucine
|-damage|p1a: Capucine|62/100
|
|upkeep
|turn|11
|
|move|p2a: Togekiss|Air Slash|p1a: Capucine
|-damage|p1a: Capucine|22/100
|cant|p1a: Capucine|flinch
|
|upkeep
|turn|12
|
|switch|p1a: Elliot|Dracozolt|100/100
|move|p2a: Togekiss|Dazzling Gleam|p1a: Elliot
|-supereffective|p1a: Elliot
|-damage|p1a: Elliot|0 fnt
|faint|p1a: Elliot
|
|upkeep
|-message|55hhgghy forfeited.
|
|win|Raranor
|l|☆55hhgghy
