|ScrapeTime|2020-01-02-01:55:42
|j|☆CloneHunter35
|j|☆Beastkiller3
|player|p1|CloneHunter35|steven|
|player|p2|Beastkiller3|99|
|teamsize|p1|6
|teamsize|p2|6
|gametype|singles
|gen|8
|tier|[Gen 8] OU
|rule|Sleep Clause Mod: Limit one foe put to sleep
|rule|Species Clause: Limit one of each Pokémon
|rule|OHKO Clause: OHKO moves are banned
|rule|Evasion Moves Clause: Evasion moves are banned
|rule|Endless Battle Clause: Forcing endless battles is banned
|rule|HP Percentage Mod: HP is shown in percentages
|clearpoke
|poke|p1|Arcanine, M|
|poke|p1|Hydreigon, F|
|poke|p1|Dracozolt|
|poke|p1|Torkoal, M|
|poke|p1|Rotom-Mow|
|poke|p1|Dragapult, M|
|poke|p2|Dragapult, M|
|poke|p2|Dracovish|
|poke|p2|Goodra, F|
|poke|p2|Kommo-o, M|
|poke|p2|Hydreigon, M|
|poke|p2|Noivern, F|
|rule|Dynamax Clause: You cannot dynamax
|teampreview
|c|☆Beastkiller3|glhf
|
|start
|switch|p1a: Rotom|Rotom-Mow|100/100
|switch|p2a: Jet|Noivern, F, shiny|100/100
|-item|p1a: Rotom|Choice Scarf|[from] ability: Frisk|[of] p2a: Jet|[identify]
|turn|1
|
|move|p1a: Rotom|Volt Switch|p2a: Jet
|-damage|p2a: Jet|63/100
|
|switch|p1a: Torkoal|Torkoal, M|100/100|[from]move: Volt Switch
|-weather|SunnyDay|[from] ability: Drought|[of] p1a: Torkoal
|move|p2a: Jet|U-turn|p1a: Torkoal
|-resisted|p1a: Torkoal
|-damage|p1a: Torkoal|98/100
|c|☆Beastkiller3|also I'm just doing mono for fun it's supposed to be OU lol
|c|☆CloneHunter35|ah lol
|
|switch|p2a: Mr Fish|Dracovish|100/100|[from]move: U-turn
|
|-weather|SunnyDay|[upkeep]
|upkeep
|turn|2
|
|move|p2a: Mr Fish|Fishious Rend|p1a: Torkoal
|-supereffective|p1a: Torkoal
|-damage|p1a: Torkoal|42/100
|move|p1a: Torkoal|Stealth Rock|p2a: Mr Fish
|-sidestart|p2: Beastkiller3|move: Stealth Rock
|
|-weather|SunnyDay|[upkeep]
|upkeep
|turn|3
|c|☆Beastkiller3|wut
|c|☆CloneHunter35|Sun + very high def
|c|☆Beastkiller3|252 Atk Strong Jaw Dracovish Fishious Rend (340 BP) vs. 248 HP / 232+ Def Torkoal in Sun: 372-438 (108.4 - 127.6%) -- guaranteed OHKO
|c|☆Beastkiller3|wtf why is it 340
|c|☆Beastkiller3|oh they updated the damage calc lmfao
|c|☆Beastkiller3|and I didn't realize it
|
|switch|p1a: Rotom|Rotom-Mow|100/100
|move|p2a: Mr Fish|Fishious Rend|p1a: Rotom
|-resisted|p1a: Rotom
|-damage|p1a: Rotom|66/100
|
|-weather|SunnyDay|[upkeep]
|upkeep
|turn|4
|c|☆CloneHunter35|lol
|
|switch|p2a: Goouda|Goodra, F, shiny|100/100
|-damage|p2a: Goouda|88/100|[from] Stealth Rock
|move|p1a: Rotom|Leaf Storm|p2a: Goouda
|-ability|p2a: Goouda|Sap Sipper|boost
|-boost|p2a: Goouda|atk|1
|
|-weather|SunnyDay|[upkeep]
|upkeep
|turn|5
|c|☆Beastkiller3|it goes to 170 automatically now
|c|☆Beastkiller3|good to know
|
|switch|p1a: Hydreigon|Hydreigon, F|100/100
|move|p2a: Goouda|Dragon Pulse|p1a: Hydreigon
|-supereffective|p1a: Hydreigon
|-damage|p1a: Hydreigon|24/100
|
|-weather|SunnyDay|[upkeep]
|-heal|p1a: Hydreigon|30/100|[from] item: Leftovers
|upkeep
|turn|6
|
|move|p1a: Hydreigon|Dark Pulse|p2a: Goouda
|-damage|p2a: Goouda|72/100
|move|p2a: Goouda|Dragon Pulse|p1a: Hydreigon
|-supereffective|p1a: Hydreigon
|-damage|p1a: Hydreigon|0 fnt
|faint|p1a: Hydreigon
|
|-weather|SunnyDay|[upkeep]
|upkeep
|
|switch|p1a: Dragapult|Dragapult, M|100/100
|turn|7
|c|☆Beastkiller3|man I love goodra
|c|☆Beastkiller3|such a fun mon to use
|
|move|p1a: Dragapult|Dragon Dance|p1a: Dragapult
|-boost|p1a: Dragapult|atk|1
|-boost|p1a: Dragapult|spe|1
|move|p2a: Goouda|Dragon Pulse|p1a: Dragapult
|-supereffective|p1a: Dragapult
|-damage|p1a: Dragapult|7/100
|
|-weather|SunnyDay|[upkeep]
|-heal|p1a: Dragapult|13/100|[from] item: Leftovers
|upkeep
|turn|8
|
|move|p1a: Dragapult|Dragon Darts|p2a: Goouda
|-supereffective|p2a: Goouda
|-damage|p2a: Goouda|9/100
|-supereffective|p2a: Goouda
|-damage|p2a: Goouda|0 fnt
|-hitcount|p2a: Goouda|2
|faint|p2a: Goouda
|
|-weather|none
|-heal|p1a: Dragapult|19/100|[from] item: Leftovers
|upkeep
|c|☆CloneHunter35|not gonna lie
|c|☆CloneHunter35|didn't calculate that
|
|switch|p2a: Kommo-Bro|Kommo-o, M|100/100
|-damage|p2a: Kommo-Bro|94/100|[from] Stealth Rock
|turn|9
|
|move|p1a: Dragapult|Dragon Darts|p2a: Kommo-Bro
|-supereffective|p2a: Kommo-Bro
|-damage|p2a: Kommo-Bro|47/100
|-supereffective|p2a: Kommo-Bro
|-damage|p2a: Kommo-Bro|0 fnt
|-hitcount|p2a: Kommo-Bro|2
|faint|p2a: Kommo-Bro
|
|-heal|p1a: Dragapult|25/100|[from] item: Leftovers
|upkeep
|c|☆Beastkiller3|~~well this should be gg I think~~
|
|switch|p2a: Jet|Noivern, F, shiny|63/100
|-item|p1a: Dragapult|Leftovers|[from] ability: Frisk|[of] p2a: Jet|[identify]
|turn|10
|c|☆CloneHunter35|Possibly
|
|move|p1a: Dragapult|Dragon Darts|p2a: Jet
|-supereffective|p2a: Jet
|-damage|p2a: Jet|0 fnt
|-hitcount|p2a: Jet|1
|faint|p2a: Jet
|
|-heal|p1a: Dragapult|31/100|[from] item: Leftovers
|upkeep
|c|☆Beastkiller3|yeah gg lol
|c|☆CloneHunter35|no prio moves?
|
|switch|p2a: Mr Fish|Dracovish|100/100
|-damage|p2a: Mr Fish|88/100|[from] Stealth Rock
|turn|11
|
|move|p1a: Dragapult|Dragon Darts|p2a: Mr Fish
|-supereffective|p2a: Mr Fish
|-damage|p2a: Mr Fish|1/100
|-supereffective|p2a: Mr Fish
|-damage|p2a: Mr Fish|0 fnt
|-hitcount|p2a: Mr Fish|2
|faint|p2a: Mr Fish
|
|-heal|p1a: Dragapult|37/100|[from] item: Leftovers
|upkeep
|c|☆Beastkiller3|nope
|c|☆CloneHunter35|ah well gg
|
|switch|p2a: Tobu|Dragapult, M, shiny|100/100
|-damage|p2a: Tobu|88/100|[from] Stealth Rock
|turn|12
|c|☆Beastkiller3|~~there was hope if you got 2 min rolls on kommo~~
|
|move|p1a: Dragapult|Dragon Darts|p2a: Tobu
|-supereffective|p2a: Tobu
|-damage|p2a: Tobu|0 fnt
|-hitcount|p2a: Tobu|1
|faint|p2a: Tobu
|
|-heal|p1a: Dragapult|43/100|[from] item: Leftovers
|upkeep
|
|switch|p2a: HAIL HYDRA|Hydreigon, M, shiny|100/100
|-damage|p2a: HAIL HYDRA|88/100|[from] Stealth Rock
|turn|13
|c|☆Beastkiller3|the sad thing is I swapped duraludon out last minute lmao
|c|☆CloneHunter35|lmao
|c|☆Beastkiller3|if it was still here I'm sure it would eat those dragon darts
|
|move|p1a: Dragapult|Dragon Darts|p2a: HAIL HYDRA
|-supereffective|p2a: HAIL HYDRA
|-damage|p2a: HAIL HYDRA|0 fnt
|-hitcount|p2a: HAIL HYDRA|1
|faint|p2a: HAIL HYDRA
|
|win|CloneHunter35
|c|☆CloneHunter35|Probably
|c|☆Beastkiller3|gg
|c|☆CloneHunter35|gg
