|ScrapeTime|2020-01-02-14:55:02
|j|☆momentofthebrother
|j|☆Didn't have
|player|p1|momentofthebrother|265|1045
|player|p2|Didn't have|102|1076
|teamsize|p1|6
|teamsize|p2|6
|gametype|singles
|gen|8
|tier|[Gen 8] OU
|rated|
|rule|Sleep Clause Mod: Limit one foe put to sleep
|rule|Species Clause: Limit one of each Pokémon
|rule|OHKO Clause: OHKO moves are banned
|rule|Evasion Moves Clause: Evasion moves are banned
|rule|Endless Battle Clause: Forcing endless battles is banned
|rule|HP Percentage Mod: HP is shown in percentages
|clearpoke
|poke|p1|Ninetales, F|
|poke|p1|Shiftry, M|
|poke|p1|Salazzle, F|
|poke|p1|Arcanine, F|
|poke|p1|Whimsicott, F|
|poke|p1|Cinderace, M|
|poke|p2|Vileplume, F|
|poke|p2|Mr. Rime, F|
|poke|p2|Charizard, M|
|poke|p2|Torkoal, F|
|poke|p2|Leafeon, F|
|poke|p2|Haxorus, M|
|rule|Dynamax Clause: You cannot dynamax
|teampreview
|
|start
|switch|p1a: Ninetales|Ninetales, F|100/100
|switch|p2a: Charizard|Charizard, M|100/100
|-weather|SunnyDay|[from] ability: Drought|[of] p1a: Ninetales
|turn|1
|
|move|p2a: Charizard|Air Slash|p1a: Ninetales
|-damage|p1a: Ninetales|43/100
|move|p1a: Ninetales|Nasty Plot|p1a: Ninetales
|-boost|p1a: Ninetales|spa|2
|
|-weather|SunnyDay|[upkeep]
|-damage|p2a: Charizard|88/100|[from] ability: Solar Power|[of] p2a: Charizard
|upkeep
|turn|2
|
|switch|p1a: Arcanine|Arcanine, F|100/100
|move|p2a: Charizard|Air Slash|p1a: Arcanine
|-damage|p1a: Arcanine|37/100
|
|-weather|SunnyDay|[upkeep]
|-damage|p2a: Charizard|76/100|[from] ability: Solar Power|[of] p2a: Charizard
|upkeep
|turn|3
|
|move|p2a: Charizard|Air Slash|p1a: Arcanine
|-damage|p1a: Arcanine|0 fnt
|faint|p1a: Arcanine
|
|-weather|SunnyDay|[upkeep]
|-damage|p2a: Charizard|63/100|[from] ability: Solar Power|[of] p2a: Charizard
|upkeep
|
|switch|p1a: Shiftry|Shiftry, M|100/100
|turn|4
|
|move|p1a: Shiftry|Rock Slide|p2a: Charizard
|-supereffective|p2a: Charizard
|-damage|p2a: Charizard|0 fnt
|-damage|p1a: Shiftry|91/100|[from] item: Life Orb
|faint|p2a: Charizard
|
|-weather|SunnyDay|[upkeep]
|upkeep
|
|switch|p2a: Haxorus|Haxorus, M|100/100
|-ability|p2a: Haxorus|Mold Breaker
|turn|5
|
|switch|p1a: Whimsicott|Whimsicott, F|100/100
|move|p2a: Haxorus|First Impression|p1a: Whimsicott
|-damage|p1a: Whimsicott|23/100
|
|-weather|SunnyDay|[upkeep]
|upkeep
|turn|6
|
|switch|p2a: Mr. Rime|Mr. Rime, F|100/100
|move|p1a: Whimsicott|Moonblast|p2a: Mr. Rime
|-damage|p2a: Mr. Rime|39/100
|-unboost|p2a: Mr. Rime|spa|1
|-damage|p1a: Whimsicott|13/100|[from] item: Life Orb
|
|-weather|SunnyDay|[upkeep]
|upkeep
|turn|7
|
|move|p1a: Whimsicott|Moonblast|p2a: Mr. Rime
|-damage|p2a: Mr. Rime|0 fnt
|-damage|p1a: Whimsicott|3/100|[from] item: Life Orb
|faint|p2a: Mr. Rime
|
|-weather|SunnyDay|[upkeep]
|upkeep
|
|switch|p2a: Haxorus|Haxorus, M|100/100
|-ability|p2a: Haxorus|Mold Breaker
|turn|8
|
|move|p1a: Whimsicott|Moonblast|p2a: Haxorus
|-supereffective|p2a: Haxorus
|-damage|p2a: Haxorus|0 fnt
|-damage|p1a: Whimsicott|0 fnt|[from] item: Life Orb
|faint|p2a: Haxorus
|faint|p1a: Whimsicott
|
|-weather|none
|upkeep
|
|switch|p1a: Ninetales|Ninetales, F|43/100
|switch|p2a: Vileplume|Vileplume, F|100/100
|-weather|SunnyDay|[from] ability: Drought|[of] p1a: Ninetales
|turn|9
|
|move|p2a: Vileplume|Sludge Wave|p1a: Ninetales
|-damage|p1a: Ninetales|0 fnt
|faint|p1a: Ninetales
|
|-weather|SunnyDay|[upkeep]
|upkeep
|
|switch|p1a: Salazzle|Salazzle, F|100/100
|turn|10
|
|move|p2a: Vileplume|Sludge Wave|p1a: Salazzle
|-resisted|p1a: Salazzle
|-damage|p1a: Salazzle|53/100
|move|p1a: Salazzle|Fire Blast|p2a: Vileplume
|-supereffective|p2a: Vileplume
|-damage|p2a: Vileplume|0 fnt
|faint|p2a: Vileplume
|
|-weather|SunnyDay|[upkeep]
|-heal|p1a: Salazzle|59/100|[from] item: Leftovers
|upkeep
|
|switch|p2a: Leafeon|Leafeon, F|100/100
|turn|11
|
|move|p2a: Leafeon|Double-Edge|p1a: Salazzle
|-damage|p1a: Salazzle|0 fnt
|-damage|p2a: Leafeon|84/100|[from] Recoil
|faint|p1a: Salazzle
|
|-weather|SunnyDay|[upkeep]
|-heal|p2a: Leafeon|90/100|[from] item: Leftovers
|upkeep
|
|switch|p1a: Cinderace|Cinderace, M|100/100
|turn|12
|
|move|p2a: Leafeon|Double-Edge|p1a: Cinderace
|-damage|p1a: Cinderace|45/100
|-damage|p2a: Leafeon|74/100|[from] Recoil
|move|p1a: Cinderace|Pyro Ball|p2a: Leafeon
|-supereffective|p2a: Leafeon
|-damage|p2a: Leafeon|0 fnt
|faint|p2a: Leafeon
|
|-weather|SunnyDay|[upkeep]
|upkeep
|
|switch|p2a: Torkoal|Torkoal, F|100/100
|turn|13
|
|move|p1a: Cinderace|High Jump Kick|p2a: Torkoal
|-damage|p2a: Torkoal|69/100
|move|p2a: Torkoal|Earth Power|p1a: Cinderace
|-supereffective|p1a: Cinderace
|-damage|p1a: Cinderace|0 fnt
|faint|p1a: Cinderace
|
|-weather|SunnyDay|[upkeep]
|upkeep
|
|switch|p1a: Shiftry|Shiftry, M|91/100
|turn|14
|
|move|p1a: Shiftry|Throat Chop|p2a: Torkoal
|-damage|p2a: Torkoal|32/100
|-start|p2a: Torkoal|Throat Chop|[silent]
|-damage|p1a: Shiftry|81/100|[from] item: Life Orb
|move|p2a: Torkoal|Lava Plume|p1a: Shiftry
|-supereffective|p1a: Shiftry
|-damage|p1a: Shiftry|0 fnt
|faint|p1a: Shiftry
|
|win|Didn't have
|raw|momentofthebrother's rating: 1030 → 1018(-12 for losing)
|raw|Didn't have's rating: 1076 → 1101(+25 for winning)
|l|☆momentofthebrother
