|ScrapeTime|2020-01-02-13:54:55
|j|☆Vileshroomer
|j|☆overloadice
|player|p1|Vileshroomer|1|1300
|player|p2|overloadice|265|1363
|teamsize|p1|6
|teamsize|p2|6
|gametype|singles
|gen|8
|tier|[Gen 8] OU
|rated|
|rule|Sleep Clause Mod: Limit one foe put to sleep
|rule|Species Clause: Limit one of each Pokémon
|rule|OHKO Clause: OHKO moves are banned
|rule|Evasion Moves Clause: Evasion moves are banned
|rule|Endless Battle Clause: Forcing endless battles is banned
|rule|HP Percentage Mod: HP is shown in percentages
|clearpoke
|poke|p1|Sylveon, F|
|poke|p1|Mandibuzz, F|
|poke|p1|Dugtrio, F|
|poke|p1|Arcanine, F|
|poke|p1|Seismitoad, F|
|poke|p1|Hydreigon, F|
|poke|p2|Sirfetch'd, M|
|poke|p2|Dragapult, M|
|poke|p2|Snorlax, M|
|poke|p2|Seismitoad, M|
|poke|p2|Rotom-Heat|
|poke|p2|Corviknight, M|
|rule|Dynamax Clause: You cannot dynamax
|teampreview
|inactive|Battle timer is ON: inactive players will automatically lose when time's up. (requested by overloadice)
|
|start
|switch|p1a: Arcanine|Arcanine, F|100/100
|switch|p2a: Corviknight|Corviknight, M|100/100
|-ability|p1a: Arcanine|Intimidate|boost
|-unboost|p2a: Corviknight|atk|1
|-ability|p2a: Corviknight|Pressure
|turn|1
|
|switch|p1a: Seismitoad|Seismitoad, F, shiny|100/100
|switch|p2a: Seismitoad|Seismitoad, M|100/100
|
|upkeep
|turn|2
|j| RIN-Alola
|
|switch|p2a: Corviknight|Corviknight, M|100/100
|-ability|p2a: Corviknight|Pressure
|move|p1a: Seismitoad|Stealth Rock|p2a: Corviknight
|-sidestart|p2: overloadice|move: Stealth Rock
|
|upkeep
|turn|3
|
|switch|p1a: Arcanine|Arcanine, F|100/100
|-ability|p1a: Arcanine|Intimidate|boost
|-unboost|p2a: Corviknight|atk|1
|move|p2a: Corviknight|Defog|p1a: Arcanine
|-unboost|p1a: Arcanine|evasion|1
|-sideend|p2: overloadice|Stealth Rock|[from] move: Defog|[of] p2a: Corviknight
|
|upkeep
|turn|4
|
|switch|p2a: Seismitoad|Seismitoad, M|100/100
|move|p1a: Arcanine|Will-O-Wisp|p2a: Seismitoad
|-status|p2a: Seismitoad|brn
|
|-damage|p2a: Seismitoad|94/100 brn|[from] brn
|upkeep
|turn|5
|
|switch|p1a: Mandibuzz|Mandibuzz, F|100/100
|move|p2a: Seismitoad|Stealth Rock|p1a: Mandibuzz
|-sidestart|p1: Vileshroomer|move: Stealth Rock
|
|-heal|p2a: Seismitoad|100/100 brn|[from] item: Leftovers
|-damage|p2a: Seismitoad|94/100 brn|[from] brn
|upkeep
|turn|6
|
|switch|p2a: Rotom|Rotom-Heat|100/100
|move|p1a: Mandibuzz|Defog|p2a: Rotom
|-unboost|p2a: Rotom|evasion|1
|-sideend|p1: Vileshroomer|Stealth Rock|[from] move: Defog|[of] p1a: Mandibuzz
|
|upkeep
|turn|7
|
|switch|p1a: Seismitoad|Seismitoad, F, shiny|100/100
|move|p2a: Rotom|Trick|p1a: Seismitoad
|-activate|p2a: Rotom|move: Trick|[of] p1a: Seismitoad
|-item|p1a: Seismitoad|Choice Scarf|[from] move: Trick
|-item|p2a: Rotom|Leftovers|[from] move: Trick
|
|upkeep
|turn|8
|
|switch|p2a: Corviknight|Corviknight, M|100/100
|-ability|p2a: Corviknight|Pressure
|move|p1a: Seismitoad|Scald|p2a: Corviknight
|-damage|p2a: Corviknight|84/100
|
|-heal|p2a: Corviknight|91/100|[from] item: Leftovers
|upkeep
|turn|9
|
|switch|p1a: Arcanine|Arcanine, F|100/100
|-ability|p1a: Arcanine|Intimidate|boost
|-unboost|p2a: Corviknight|atk|1
|move|p2a: Corviknight|U-turn|p1a: Arcanine
|-resisted|p1a: Arcanine
|-damage|p1a: Arcanine|97/100
|
|switch|p2a: Seismitoad|Seismitoad, M|94/100 brn|[from]move: U-turn
|
|-heal|p1a: Arcanine|100/100|[from] item: Leftovers
|-heal|p2a: Seismitoad|100/100 brn|[from] item: Leftovers
|-damage|p2a: Seismitoad|94/100 brn|[from] brn
|upkeep
|turn|10
|
|switch|p1a: Hydreigon|Hydreigon, F|100/100
|move|p2a: Seismitoad|Stealth Rock|p1a: Hydreigon
|-sidestart|p1: Vileshroomer|move: Stealth Rock
|
|-heal|p2a: Seismitoad|100/100 brn|[from] item: Leftovers
|-damage|p2a: Seismitoad|94/100 brn|[from] brn
|upkeep
|turn|11
|
|switch|p2a: Corviknight|Corviknight, M|91/100
|-ability|p2a: Corviknight|Pressure
|move|p1a: Hydreigon|Substitute|p1a: Hydreigon
|-start|p1a: Hydreigon|Substitute
|-damage|p1a: Hydreigon|76/100
|
|-heal|p1a: Hydreigon|82/100|[from] item: Leftovers
|-heal|p2a: Corviknight|97/100|[from] item: Leftovers
|upkeep
|turn|12
|
|move|p1a: Hydreigon|Nasty Plot|p1a: Hydreigon
|-boost|p1a: Hydreigon|spa|2
|move|p2a: Corviknight|U-turn|p1a: Hydreigon
|-supereffective|p1a: Hydreigon
|-end|p1a: Hydreigon|Substitute
|
|switch|p2a: Dragapult|Dragapult, M|100/100|[from]move: U-turn
|
|-heal|p1a: Hydreigon|88/100|[from] item: Leftovers
|upkeep
|turn|13
|
|switch|p2a: Sirfetch'd|Sirfetch'd, M|100/100
|switch|p1a: Sylveon|Sylveon, F, shiny|100/100
|-damage|p1a: Sylveon|88/100|[from] Stealth Rock
|
|-heal|p1a: Sylveon|94/100|[from] item: Leftovers
|upkeep
|turn|14
|
|move|p2a: Sirfetch'd|Poison Jab|p1a: Sylveon
|-supereffective|p1a: Sylveon
|-damage|p1a: Sylveon|7/100
|move|p1a: Sylveon|Hyper Voice|p2a: Sirfetch'd
|-supereffective|p2a: Sirfetch'd
|-damage|p2a: Sirfetch'd|0 fnt
|faint|p2a: Sirfetch'd
|
|-heal|p1a: Sylveon|13/100|[from] item: Leftovers
|upkeep
|c|☆Vileshroomer|my buttcheeks
|c|☆Vileshroomer|are so clenched
|
|switch|p2a: Corviknight|Corviknight, M|97/100
|-ability|p2a: Corviknight|Pressure
|turn|15
|inactive|overloadice has 120 seconds left.
|
|move|p2a: Corviknight|U-turn|p1a: Sylveon
|-resisted|p1a: Sylveon
|-damage|p1a: Sylveon|8/100
|inactive|overloadice has 120 seconds left.
|
|switch|p2a: Snorlax|Snorlax, M|100/100|[from]move: U-turn
|move|p1a: Sylveon|Wish|p1a: Sylveon
|
|-heal|p1a: Sylveon|14/100|[from] item: Leftovers
|upkeep
|turn|16
|inactive|overloadice has 120 seconds left.
|
|move|p1a: Sylveon|Protect|p1a: Sylveon
|-singleturn|p1a: Sylveon|Protect
|move|p2a: Snorlax|Curse|p2a: Snorlax
|-unboost|p2a: Snorlax|spe|1
|-boost|p2a: Snorlax|atk|1
|-boost|p2a: Snorlax|def|1
|
|-heal|p1a: Sylveon|64/100|[from] move: Wish|[wisher] Sylveon
|-heal|p1a: Sylveon|70/100|[from] item: Leftovers
|upkeep
|turn|17
|
|switch|p1a: Mandibuzz|Mandibuzz, F|100/100
|move|p2a: Snorlax|Body Slam|p1a: Mandibuzz
|-damage|p1a: Mandibuzz|64/100
|-status|p1a: Mandibuzz|par
|
|upkeep
|turn|18
|
|move|p1a: Mandibuzz|Taunt|p2a: Snorlax
|-start|p2a: Snorlax|move: Taunt
|cant|p2a: Snorlax|move: Taunt|Curse
|
|upkeep
|turn|19
|
|move|p1a: Mandibuzz|Knock Off|p2a: Snorlax
|-damage|p2a: Snorlax|88/100
|-enditem|p2a: Snorlax|Leftovers|[from] move: Knock Off|[of] p1a: Mandibuzz
|move|p2a: Snorlax|Body Slam|p1a: Mandibuzz
|-damage|p1a: Mandibuzz|30/100 par
|
|upkeep
|turn|20
|
|switch|p2a: Rotom|Rotom-Heat|100/100
|cant|p1a: Mandibuzz|par
|
|upkeep
|turn|21
|l| RIN-Alola
|
|switch|p1a: Seismitoad|Seismitoad, F, shiny|100/100
|-damage|p1a: Seismitoad|94/100|[from] Stealth Rock
|move|p2a: Rotom|Volt Switch|p1a: Seismitoad
|-immune|p1a: Seismitoad
|
|upkeep
|turn|22
|
|switch|p2a: Corviknight|Corviknight, M|97/100
|-ability|p2a: Corviknight|Pressure
|move|p1a: Seismitoad|Scald|p2a: Corviknight
|-damage|p2a: Corviknight|81/100
|
|-heal|p2a: Corviknight|87/100|[from] item: Leftovers
|upkeep
|turn|23
|
|move|p1a: Seismitoad|Scald|p2a: Corviknight
|-damage|p2a: Corviknight|70/100
|-status|p2a: Corviknight|brn
|move|p2a: Corviknight|U-turn|p1a: Seismitoad
|-damage|p1a: Seismitoad|90/100
|
|switch|p2a: Snorlax|Snorlax, M|88/100|[from]move: U-turn
|
|upkeep
|turn|24
|
|switch|p1a: Mandibuzz|Mandibuzz, F|30/100 par
|move|p2a: Snorlax|Curse|p2a: Snorlax
|-unboost|p2a: Snorlax|spe|1
|-boost|p2a: Snorlax|atk|1
|-boost|p2a: Snorlax|def|1
|
|upkeep
|turn|25
|j| RIN-Alola
|
|move|p1a: Mandibuzz|Roost|p1a: Mandibuzz
|-heal|p1a: Mandibuzz|80/100 par
|-singleturn|p1a: Mandibuzz|move: Roost
|move|p2a: Snorlax|Body Slam|p1a: Mandibuzz
|-damage|p1a: Mandibuzz|41/100 par
|
|upkeep
|turn|26
|
|move|p1a: Mandibuzz|Roost|p1a: Mandibuzz
|-heal|p1a: Mandibuzz|91/100 par
|-singleturn|p1a: Mandibuzz|move: Roost
|move|p2a: Snorlax|Body Slam|p1a: Mandibuzz
|-damage|p1a: Mandibuzz|51/100 par
|
|upkeep
|turn|27
|
|move|p1a: Mandibuzz|Taunt|p2a: Snorlax
|-start|p2a: Snorlax|move: Taunt
|move|p2a: Snorlax|Body Slam|p1a: Mandibuzz
|-damage|p1a: Mandibuzz|16/100 par
|
|upkeep
|turn|28
|
|move|p1a: Mandibuzz|Roost|p1a: Mandibuzz
|-heal|p1a: Mandibuzz|66/100 par
|-singleturn|p1a: Mandibuzz|move: Roost
|move|p2a: Snorlax|Body Slam|p1a: Mandibuzz
|-damage|p1a: Mandibuzz|26/100 par
|
|upkeep
|turn|29
|
|move|p1a: Mandibuzz|Roost|p1a: Mandibuzz
|-heal|p1a: Mandibuzz|76/100 par
|-singleturn|p1a: Mandibuzz|move: Roost
|move|p2a: Snorlax|Body Slam|p1a: Mandibuzz
|-damage|p1a: Mandibuzz|37/100 par
|
|-end|p2a: Snorlax|move: Taunt
|upkeep
|turn|30
|
|switch|p1a: Arcanine|Arcanine, F|100/100
|-damage|p1a: Arcanine|76/100|[from] Stealth Rock
|-ability|p1a: Arcanine|Intimidate|boost
|-unboost|p2a: Snorlax|atk|1
|move|p2a: Snorlax|Curse|p2a: Snorlax
|-unboost|p2a: Snorlax|spe|1
|-boost|p2a: Snorlax|atk|1
|-boost|p2a: Snorlax|def|1
|
|-heal|p1a: Arcanine|82/100|[from] item: Leftovers
|upkeep
|turn|31
|
|move|p1a: Arcanine|Will-O-Wisp|p2a: Snorlax
|-status|p2a: Snorlax|brn
|move|p2a: Snorlax|Curse|p2a: Snorlax
|-unboost|p2a: Snorlax|spe|1
|-boost|p2a: Snorlax|atk|1
|-boost|p2a: Snorlax|def|1
|
|-heal|p1a: Arcanine|88/100|[from] item: Leftovers
|-damage|p2a: Snorlax|82/100 brn|[from] brn
|upkeep
|turn|32
|
|switch|p1a: Mandibuzz|Mandibuzz, F|37/100 par
|move|p2a: Snorlax|Curse|p2a: Snorlax
|-unboost|p2a: Snorlax|spe|1
|-boost|p2a: Snorlax|atk|1
|-boost|p2a: Snorlax|def|1
|
|-damage|p2a: Snorlax|76/100 brn|[from] brn
|upkeep
|turn|33
|
|move|p1a: Mandibuzz|Roost|p1a: Mandibuzz
|-heal|p1a: Mandibuzz|87/100 par
|-singleturn|p1a: Mandibuzz|move: Roost
|move|p2a: Snorlax|Body Slam|p1a: Mandibuzz
|-damage|p1a: Mandibuzz|59/100 par
|
|-damage|p2a: Snorlax|70/100 brn|[from] brn
|upkeep
|turn|34
|
|move|p1a: Mandibuzz|Taunt|p2a: Snorlax
|-start|p2a: Snorlax|move: Taunt
|move|p2a: Snorlax|Body Slam|p1a: Mandibuzz
|-damage|p1a: Mandibuzz|28/100 par
|
|-damage|p2a: Snorlax|64/100 brn|[from] brn
|upkeep
|turn|35
|
|move|p1a: Mandibuzz|Roost|p1a: Mandibuzz
|-heal|p1a: Mandibuzz|78/100 par
|-singleturn|p1a: Mandibuzz|move: Roost
|move|p2a: Snorlax|Body Slam|p1a: Mandibuzz
|-damage|p1a: Mandibuzz|45/100 par
|
|-damage|p2a: Snorlax|58/100 brn|[from] brn
|upkeep
|turn|36
|
|move|p1a: Mandibuzz|Roost|p1a: Mandibuzz
|-heal|p1a: Mandibuzz|95/100 par
|-singleturn|p1a: Mandibuzz|move: Roost
|move|p2a: Snorlax|Body Slam|p1a: Mandibuzz
|-damage|p1a: Mandibuzz|64/100 par
|
|-damage|p2a: Snorlax|52/100 brn|[from] brn
|-end|p2a: Snorlax|move: Taunt
|upkeep
|turn|37
|
|cant|p1a: Mandibuzz|par
|move|p2a: Snorlax|Body Slam|p1a: Mandibuzz
|-damage|p1a: Mandibuzz|33/100 par
|
|-damage|p2a: Snorlax|46/100 brn|[from] brn
|upkeep
|turn|38
|
|move|p1a: Mandibuzz|Taunt|p2a: Snorlax
|-start|p2a: Snorlax|move: Taunt
|cant|p2a: Snorlax|move: Taunt|Curse
|
|-damage|p2a: Snorlax|40/100 brn|[from] brn
|upkeep
|turn|39
|
|move|p1a: Mandibuzz|Roost|p1a: Mandibuzz
|-heal|p1a: Mandibuzz|83/100 par
|-singleturn|p1a: Mandibuzz|move: Roost
|move|p2a: Snorlax|Body Slam|p1a: Mandibuzz
|-damage|p1a: Mandibuzz|54/100 par
|
|-damage|p2a: Snorlax|33/100 brn|[from] brn
|upkeep
|turn|40
|
|move|p1a: Mandibuzz|Roost|p1a: Mandibuzz
|-heal|p1a: Mandibuzz|100/100 par
|-singleturn|p1a: Mandibuzz|move: Roost
|move|p2a: Snorlax|Body Slam|p1a: Mandibuzz
|-damage|p1a: Mandibuzz|73/100 par
|
|-damage|p2a: Snorlax|27/100 brn|[from] brn
|-end|p2a: Snorlax|move: Taunt
|upkeep
|turn|41
|
|move|p1a: Mandibuzz|Taunt|p2a: Snorlax
|-start|p2a: Snorlax|move: Taunt
|cant|p2a: Snorlax|move: Taunt|Rest
|
|-damage|p2a: Snorlax|21/100 brn|[from] brn
|upkeep
|turn|42
|
|switch|p2a: Rotom|Rotom-Heat|100/100
|move|p1a: Mandibuzz|Knock Off|p2a: Rotom
|-damage|p2a: Rotom|81/100
|-enditem|p2a: Rotom|Leftovers|[from] move: Knock Off|[of] p1a: Mandibuzz
|
|upkeep
|turn|43
|
|switch|p1a: Seismitoad|Seismitoad, F, shiny|90/100
|-damage|p1a: Seismitoad|84/100|[from] Stealth Rock
|move|p2a: Rotom|Volt Switch|p1a: Seismitoad
|-immune|p1a: Seismitoad
|
|upkeep
|turn|44
|
|switch|p2a: Corviknight|Corviknight, M|70/100 brn
|-ability|p2a: Corviknight|Pressure
|move|p1a: Seismitoad|Stealth Rock|p2a: Corviknight
|-sidestart|p2: overloadice|move: Stealth Rock
|
|-heal|p2a: Corviknight|76/100 brn|[from] item: Leftovers
|-damage|p2a: Corviknight|70/100 brn|[from] brn
|upkeep
|turn|45
|
|switch|p1a: Arcanine|Arcanine, F|88/100
|-damage|p1a: Arcanine|63/100|[from] Stealth Rock
|-ability|p1a: Arcanine|Intimidate|boost
|-unboost|p2a: Corviknight|atk|1
|move|p2a: Corviknight|Roost|p2a: Corviknight
|-heal|p2a: Corviknight|100/100 brn
|-singleturn|p2a: Corviknight|move: Roost
|
|-heal|p1a: Arcanine|69/100|[from] item: Leftovers
|-damage|p2a: Corviknight|94/100 brn|[from] brn
|upkeep
|turn|46
|l| RIN-Alola
|
|switch|p2a: Dragapult|Dragapult, M|100/100
|-damage|p2a: Dragapult|88/100|[from] Stealth Rock
|move|p1a: Arcanine|Flare Blitz|p2a: Dragapult
|-resisted|p2a: Dragapult
|-damage|p2a: Dragapult|56/100
|-damage|p1a: Arcanine|60/100|[from] Recoil
|
|-heal|p1a: Arcanine|66/100|[from] item: Leftovers
|upkeep
|turn|47
|
|switch|p1a: Sylveon|Sylveon, F, shiny|70/100
|-damage|p1a: Sylveon|57/100|[from] Stealth Rock
|move|p2a: Dragapult|Shadow Ball|p1a: Sylveon
|-damage|p1a: Sylveon|23/100
|
|-heal|p1a: Sylveon|29/100|[from] item: Leftovers
|upkeep
|turn|48
|
|move|p1a: Sylveon|Protect|p1a: Sylveon
|-singleturn|p1a: Sylveon|Protect
|move|p2a: Dragapult|Shadow Ball|p1a: Sylveon
|-activate|p1a: Sylveon|move: Protect
|
|-heal|p1a: Sylveon|35/100|[from] item: Leftovers
|upkeep
|turn|49
|
|move|p2a: Dragapult|Shadow Ball|p1a: Sylveon
|-damage|p1a: Sylveon|1/100
|move|p1a: Sylveon|Wish|p1a: Sylveon
|
|-heal|p1a: Sylveon|7/100|[from] item: Leftovers
|upkeep
|turn|50
|c|☆Vileshroomer|omg
|
|switch|p2a: Corviknight|Corviknight, M|94/100 brn
|-damage|p2a: Corviknight|82/100 brn|[from] Stealth Rock
|-ability|p2a: Corviknight|Pressure
|move|p1a: Sylveon|Protect||[still]
|-fail|p1a: Sylveon
|
|-heal|p1a: Sylveon|57/100|[from] move: Wish|[wisher] Sylveon
|-heal|p2a: Corviknight|88/100 brn|[from] item: Leftovers
|-heal|p1a: Sylveon|63/100|[from] item: Leftovers
|-damage|p2a: Corviknight|82/100 brn|[from] brn
|upkeep
|turn|51
|
|move|p2a: Corviknight|Iron Head|p1a: Sylveon
|-supereffective|p1a: Sylveon
|-damage|p1a: Sylveon|39/100
|move|p1a: Sylveon|Wish|p1a: Sylveon
|
|-heal|p2a: Corviknight|88/100 brn|[from] item: Leftovers
|-heal|p1a: Sylveon|45/100|[from] item: Leftovers
|-damage|p2a: Corviknight|82/100 brn|[from] brn
|upkeep
|turn|52
|
|move|p2a: Corviknight|Defog|p1a: Sylveon
|-unboost|p1a: Sylveon|evasion|1
|-sideend|p1: Vileshroomer|Stealth Rock|[from] move: Defog|[of] p2a: Corviknight
|-sideend|p2: overloadice|Stealth Rock|[from] move: Defog|[of] p2a: Corviknight
|move|p1a: Sylveon|Mystical Fire|p2a: Corviknight
|-supereffective|p2a: Corviknight
|-damage|p2a: Corviknight|57/100 brn
|-unboost|p2a: Corviknight|spa|1
|
|-heal|p1a: Sylveon|95/100|[from] move: Wish|[wisher] Sylveon
|-heal|p2a: Corviknight|63/100 brn|[from] item: Leftovers
|-heal|p1a: Sylveon|100/100|[from] item: Leftovers
|-damage|p2a: Corviknight|57/100 brn|[from] brn
|upkeep
|turn|53
|j| RIN-Alola
|
|switch|p1a: Arcanine|Arcanine, F|66/100
|-ability|p1a: Arcanine|Intimidate|boost
|-unboost|p2a: Corviknight|atk|1
|move|p2a: Corviknight|Roost|p2a: Corviknight
|-heal|p2a: Corviknight|100/100 brn
|-singleturn|p2a: Corviknight|move: Roost
|
|-heal|p1a: Arcanine|72/100|[from] item: Leftovers
|-damage|p2a: Corviknight|94/100 brn|[from] brn
|upkeep
|turn|54
|
|switch|p2a: Seismitoad|Seismitoad, M|94/100 brn
|move|p1a: Arcanine|Flare Blitz|p2a: Seismitoad
|-resisted|p2a: Seismitoad
|-damage|p2a: Seismitoad|78/100 brn
|-damage|p1a: Arcanine|66/100|[from] Recoil
|
|-heal|p1a: Arcanine|72/100|[from] item: Leftovers
|-heal|p2a: Seismitoad|84/100 brn|[from] item: Leftovers
|-damage|p2a: Seismitoad|78/100 brn|[from] brn
|upkeep
|turn|55
|
|switch|p1a: Hydreigon|Hydreigon, F|88/100
|move|p2a: Seismitoad|Stealth Rock|p1a: Hydreigon
|-sidestart|p1: Vileshroomer|move: Stealth Rock
|
|-heal|p1a: Hydreigon|94/100|[from] item: Leftovers
|-heal|p2a: Seismitoad|84/100 brn|[from] item: Leftovers
|-damage|p2a: Seismitoad|78/100 brn|[from] brn
|upkeep
|turn|56
|
|switch|p2a: Dragapult|Dragapult, M|56/100
|move|p1a: Hydreigon|Substitute|p1a: Hydreigon
|-start|p1a: Hydreigon|Substitute
|-damage|p1a: Hydreigon|69/100
|
|-heal|p1a: Hydreigon|75/100|[from] item: Leftovers
|upkeep
|turn|57
|
|switch|p1a: Sylveon|Sylveon, F, shiny|100/100
|-damage|p1a: Sylveon|88/100|[from] Stealth Rock
|move|p2a: Dragapult|Draco Meteor|p1a: Sylveon
|-immune|p1a: Sylveon
|
|-heal|p1a: Sylveon|94/100|[from] item: Leftovers
|upkeep
|turn|58
|
|switch|p2a: Corviknight|Corviknight, M|94/100 brn
|-ability|p2a: Corviknight|Pressure
|move|p1a: Sylveon|Hyper Voice|p2a: Corviknight
|-resisted|p2a: Corviknight
|-damage|p2a: Corviknight|80/100 brn
|
|-heal|p2a: Corviknight|86/100 brn|[from] item: Leftovers
|-heal|p1a: Sylveon|99/100|[from] item: Leftovers
|-damage|p2a: Corviknight|80/100 brn|[from] brn
|upkeep
|turn|59
|
|switch|p1a: Mandibuzz|Mandibuzz, F|73/100 par
|move|p2a: Corviknight|Iron Head|p1a: Mandibuzz
|-damage|p1a: Mandibuzz|63/100 par
|
|-heal|p2a: Corviknight|86/100 brn|[from] item: Leftovers
|-damage|p2a: Corviknight|80/100 brn|[from] brn
|upkeep
|turn|60
|
|move|p2a: Corviknight|U-turn|p1a: Mandibuzz
|-damage|p1a: Mandibuzz|57/100 par
|
|switch|p2a: Rotom|Rotom-Heat|81/100|[from]move: U-turn
|cant|p1a: Mandibuzz|par
|
|upkeep
|turn|61
|
|switch|p1a: Seismitoad|Seismitoad, F, shiny|84/100
|-damage|p1a: Seismitoad|78/100|[from] Stealth Rock
|move|p2a: Rotom|Volt Switch|p1a: Seismitoad
|-immune|p1a: Seismitoad
|
|upkeep
|turn|62
|
|switch|p2a: Corviknight|Corviknight, M|80/100 brn
|-ability|p2a: Corviknight|Pressure
|move|p1a: Seismitoad|Toxic|p2a: Corviknight|[miss]
|-miss|p1a: Seismitoad|p2a: Corviknight
|
|-heal|p2a: Corviknight|86/100 brn|[from] item: Leftovers
|-damage|p2a: Corviknight|80/100 brn|[from] brn
|upkeep
|turn|63
|
|switch|p1a: Arcanine|Arcanine, F|72/100
|-damage|p1a: Arcanine|47/100|[from] Stealth Rock
|-ability|p1a: Arcanine|Intimidate|boost
|-unboost|p2a: Corviknight|atk|1
|move|p2a: Corviknight|U-turn|p1a: Arcanine
|-resisted|p1a: Arcanine
|-damage|p1a: Arcanine|46/100
|
|switch|p2a: Dragapult|Dragapult, M|56/100|[from]move: U-turn
|
|-heal|p1a: Arcanine|52/100|[from] item: Leftovers
|upkeep
|turn|64
|
|switch|p1a: Mandibuzz|Mandibuzz, F|57/100 par
|move|p2a: Dragapult|Shadow Ball|p1a: Mandibuzz
|-resisted|p1a: Mandibuzz
|-damage|p1a: Mandibuzz|42/100 par
|
|upkeep
|turn|65
|
|switch|p2a: Rotom|Rotom-Heat|81/100
|move|p1a: Mandibuzz|Roost|p1a: Mandibuzz
|-heal|p1a: Mandibuzz|92/100 par
|-singleturn|p1a: Mandibuzz|move: Roost
|
|upkeep
|turn|66
|
|switch|p2a: Corviknight|Corviknight, M|80/100 brn
|-ability|p2a: Corviknight|Pressure
|move|p1a: Mandibuzz|Defog|p2a: Corviknight
|-unboost|p2a: Corviknight|evasion|1
|-sideend|p1: Vileshroomer|Stealth Rock|[from] move: Defog|[of] p1a: Mandibuzz
|
|-heal|p2a: Corviknight|86/100 brn|[from] item: Leftovers
|-damage|p2a: Corviknight|80/100 brn|[from] brn
|upkeep
|turn|67
|
|switch|p1a: Arcanine|Arcanine, F|52/100
|-ability|p1a: Arcanine|Intimidate|boost
|-unboost|p2a: Corviknight|atk|1
|move|p2a: Corviknight|U-turn|p1a: Arcanine
|-resisted|p1a: Arcanine
|-damage|p1a: Arcanine|50/100
|
|switch|p2a: Seismitoad|Seismitoad, M|78/100 brn|[from]move: U-turn
|
|-heal|p1a: Arcanine|56/100|[from] item: Leftovers
|-heal|p2a: Seismitoad|84/100 brn|[from] item: Leftovers
|-damage|p2a: Seismitoad|78/100 brn|[from] brn
|upkeep
|turn|68
|
|switch|p1a: Hydreigon|Hydreigon, F|75/100
|move|p2a: Seismitoad|Stealth Rock|p1a: Hydreigon
|-sidestart|p1: Vileshroomer|move: Stealth Rock
|
|-heal|p1a: Hydreigon|81/100|[from] item: Leftovers
|-heal|p2a: Seismitoad|84/100 brn|[from] item: Leftovers
|-damage|p2a: Seismitoad|78/100 brn|[from] brn
|upkeep
|turn|69
|
|switch|p2a: Corviknight|Corviknight, M|80/100 brn
|-ability|p2a: Corviknight|Pressure
|move|p1a: Hydreigon|Dark Pulse|p2a: Corviknight
|-damage|p2a: Corviknight|53/100 brn
|
|-heal|p1a: Hydreigon|88/100|[from] item: Leftovers
|-heal|p2a: Corviknight|59/100 brn|[from] item: Leftovers
|-damage|p2a: Corviknight|53/100 brn|[from] brn
|upkeep
|turn|70
|
|move|p1a: Hydreigon|Dark Pulse|p2a: Corviknight
|-damage|p2a: Corviknight|25/100 brn
|move|p2a: Corviknight|Roost|p2a: Corviknight
|-heal|p2a: Corviknight|75/100 brn
|-singleturn|p2a: Corviknight|move: Roost
|
|-heal|p1a: Hydreigon|94/100|[from] item: Leftovers
|-heal|p2a: Corviknight|81/100 brn|[from] item: Leftovers
|-damage|p2a: Corviknight|75/100 brn|[from] brn
|upkeep
|turn|71
|
|move|p1a: Hydreigon|Dark Pulse|p2a: Corviknight
|-damage|p2a: Corviknight|47/100 brn
|move|p2a: Corviknight|Roost|p2a: Corviknight
|-heal|p2a: Corviknight|97/100 brn
|-singleturn|p2a: Corviknight|move: Roost
|
|-heal|p1a: Hydreigon|99/100|[from] item: Leftovers
|-heal|p2a: Corviknight|100/100 brn|[from] item: Leftovers
|-damage|p2a: Corviknight|94/100 brn|[from] brn
|upkeep
|turn|72
|
|move|p1a: Hydreigon|Dark Pulse|p2a: Corviknight
|-damage|p2a: Corviknight|67/100 brn
|move|p2a: Corviknight|U-turn|p1a: Hydreigon
|-supereffective|p1a: Hydreigon
|-damage|p1a: Hydreigon|84/100
|
|switch|p2a: Dragapult|Dragapult, M|56/100|[from]move: U-turn
|
|-heal|p1a: Hydreigon|91/100|[from] item: Leftovers
|upkeep
|turn|73
|
|switch|p2a: Corviknight|Corviknight, M|67/100 brn
|-ability|p2a: Corviknight|Pressure
|switch|p1a: Sylveon|Sylveon, F, shiny|99/100
|-damage|p1a: Sylveon|88/100|[from] Stealth Rock
|
|-heal|p2a: Corviknight|73/100 brn|[from] item: Leftovers
|-heal|p1a: Sylveon|94/100|[from] item: Leftovers
|-damage|p2a: Corviknight|67/100 brn|[from] brn
|upkeep
|turn|74
|
|move|p2a: Corviknight|Iron Head|p1a: Sylveon
|-supereffective|p1a: Sylveon
|-damage|p1a: Sylveon|72/100
|move|p1a: Sylveon|Wish|p1a: Sylveon
|
|-heal|p2a: Corviknight|73/100 brn|[from] item: Leftovers
|-heal|p1a: Sylveon|78/100|[from] item: Leftovers
|-damage|p2a: Corviknight|67/100 brn|[from] brn
|upkeep
|turn|75
|
|switch|p1a: Arcanine|Arcanine, F|56/100
|-damage|p1a: Arcanine|31/100|[from] Stealth Rock
|-ability|p1a: Arcanine|Intimidate|boost
|-unboost|p2a: Corviknight|atk|1
|move|p2a: Corviknight|Roost|p2a: Corviknight
|-heal|p2a: Corviknight|100/100 brn
|-singleturn|p2a: Corviknight|move: Roost
|
|-heal|p1a: Arcanine|82/100|[from] move: Wish|[wisher] Sylveon
|-heal|p1a: Arcanine|88/100|[from] item: Leftovers
|-damage|p2a: Corviknight|94/100 brn|[from] brn
|upkeep
|turn|76
|
|switch|p2a: Seismitoad|Seismitoad, M|78/100 brn
|move|p1a: Arcanine|Will-O-Wisp|p2a: Seismitoad
|-fail|p2a: Seismitoad|brn
|
|-heal|p1a: Arcanine|94/100|[from] item: Leftovers
|-heal|p2a: Seismitoad|84/100 brn|[from] item: Leftovers
|-damage|p2a: Seismitoad|78/100 brn|[from] brn
|upkeep
|turn|77
|
|switch|p1a: Mandibuzz|Mandibuzz, F|92/100 par
|move|p2a: Seismitoad|Scald|p1a: Mandibuzz
|-crit|p1a: Mandibuzz
|-damage|p1a: Mandibuzz|70/100 par
|
|-heal|p2a: Seismitoad|84/100 brn|[from] item: Leftovers
|-damage|p2a: Seismitoad|78/100 brn|[from] brn
|upkeep
|turn|78
|c|☆Vileshroomer|AHhh stall is great isnt it
|
|switch|p2a: Rotom|Rotom-Heat|81/100
|cant|p1a: Mandibuzz|par
|
|upkeep
|turn|79
|
|switch|p1a: Seismitoad|Seismitoad, F, shiny|78/100
|-damage|p1a: Seismitoad|72/100|[from] Stealth Rock
|move|p2a: Rotom|Volt Switch|p1a: Seismitoad
|-immune|p1a: Seismitoad
|
|upkeep
|turn|80
|
|switch|p2a: Corviknight|Corviknight, M|94/100 brn
|-ability|p2a: Corviknight|Pressure
|switch|p1a: Arcanine|Arcanine, F|94/100
|-damage|p1a: Arcanine|70/100|[from] Stealth Rock
|-ability|p1a: Arcanine|Intimidate|boost
|-unboost|p2a: Corviknight|atk|1
|
|-heal|p1a: Arcanine|76/100|[from] item: Leftovers
|-heal|p2a: Corviknight|100/100 brn|[from] item: Leftovers
|-damage|p2a: Corviknight|94/100 brn|[from] brn
|upkeep
|turn|81
|inactive|Vileshroomer has 120 seconds left.
|
|switch|p2a: Seismitoad|Seismitoad, M|78/100 brn
|move|p1a: Arcanine|Flare Blitz|p2a: Seismitoad
|-resisted|p2a: Seismitoad
|-damage|p2a: Seismitoad|61/100 brn
|-damage|p1a: Arcanine|70/100|[from] Recoil
|
|-heal|p1a: Arcanine|76/100|[from] item: Leftovers
|-heal|p2a: Seismitoad|67/100 brn|[from] item: Leftovers
|-damage|p2a: Seismitoad|61/100 brn|[from] brn
|upkeep
|turn|82
|inactive|Vileshroomer has 120 seconds left.
|
|switch|p1a: Mandibuzz|Mandibuzz, F|70/100 par
|move|p2a: Seismitoad|Scald|p1a: Mandibuzz
|-damage|p1a: Mandibuzz|56/100 par
|
|-heal|p2a: Seismitoad|67/100 brn|[from] item: Leftovers
|-damage|p2a: Seismitoad|61/100 brn|[from] brn
|upkeep
|turn|83
|inactive|Vileshroomer has 120 seconds left.
|
|switch|p2a: Rotom|Rotom-Heat|81/100
|move|p1a: Mandibuzz|Defog|p2a: Rotom
|-unboost|p2a: Rotom|evasion|1
|-sideend|p1: Vileshroomer|Stealth Rock|[from] move: Defog|[of] p1a: Mandibuzz
|
|upkeep
|turn|84
|
|switch|p2a: Seismitoad|Seismitoad, M|61/100 brn
|switch|p1a: Seismitoad|Seismitoad, F, shiny|72/100
|
|-heal|p2a: Seismitoad|67/100 brn|[from] item: Leftovers
|-damage|p2a: Seismitoad|61/100 brn|[from] brn
|upkeep
|turn|85
|
|move|p1a: Seismitoad|Earthquake|p2a: Seismitoad
|-damage|p2a: Seismitoad|36/100 brn
|move|p2a: Seismitoad|Stealth Rock|p1a: Seismitoad
|-sidestart|p1: Vileshroomer|move: Stealth Rock
|
|-heal|p2a: Seismitoad|42/100 brn|[from] item: Leftovers
|-damage|p2a: Seismitoad|36/100 brn|[from] brn
|upkeep
|turn|86
|
|switch|p1a: Mandibuzz|Mandibuzz, F|56/100 par
|switch|p2a: Rotom|Rotom-Heat|81/100
|
|upkeep
|turn|87
|
|switch|p2a: Dragapult|Dragapult, M|56/100
|switch|p1a: Seismitoad|Seismitoad, F, shiny|72/100
|-damage|p1a: Seismitoad|65/100|[from] Stealth Rock
|
|upkeep
|turn|88
|
|switch|p1a: Sylveon|Sylveon, F, shiny|78/100
|-damage|p1a: Sylveon|65/100|[from] Stealth Rock
|move|p2a: Dragapult|Draco Meteor|p1a: Sylveon
|-immune|p1a: Sylveon
|
|-heal|p1a: Sylveon|72/100|[from] item: Leftovers
|upkeep
|turn|89
|
|switch|p2a: Snorlax|Snorlax, M|21/100 brn
|move|p1a: Sylveon|Wish|p1a: Sylveon
|
|-heal|p1a: Sylveon|78/100|[from] item: Leftovers
|-damage|p2a: Snorlax|15/100 brn|[from] brn
|upkeep
|turn|90
|
|move|p1a: Sylveon|Hyper Voice|p2a: Snorlax
|-damage|p2a: Snorlax|0 fnt
|faint|p2a: Snorlax
|
|-heal|p1a: Sylveon|100/100|[from] move: Wish|[wisher] Sylveon
|upkeep
|
|switch|p2a: Corviknight|Corviknight, M|94/100 brn
|-ability|p2a: Corviknight|Pressure
|turn|91
|
|switch|p1a: Mandibuzz|Mandibuzz, F|56/100 par
|move|p2a: Corviknight|Iron Head|p1a: Mandibuzz
|-damage|p1a: Mandibuzz|46/100 par
|
|-heal|p2a: Corviknight|100/100 brn|[from] item: Leftovers
|-damage|p2a: Corviknight|94/100 brn|[from] brn
|upkeep
|turn|92
|
|switch|p2a: Rotom|Rotom-Heat|81/100
|cant|p1a: Mandibuzz|par
|
|upkeep
|turn|93
|
|switch|p1a: Seismitoad|Seismitoad, F, shiny|65/100
|-damage|p1a: Seismitoad|59/100|[from] Stealth Rock
|move|p2a: Rotom|Volt Switch|p1a: Seismitoad
|-immune|p1a: Seismitoad
|
|upkeep
|turn|94
|
|switch|p2a: Corviknight|Corviknight, M|94/100 brn
|-ability|p2a: Corviknight|Pressure
|move|p1a: Seismitoad|Stealth Rock|p2a: Corviknight
|-sidestart|p2: overloadice|move: Stealth Rock
|
|-heal|p2a: Corviknight|100/100 brn|[from] item: Leftovers
|-damage|p2a: Corviknight|94/100 brn|[from] brn
|upkeep
|turn|95
|inactive|overloadice has 120 seconds left.
|-message|overloadice forfeited.
|
|win|Vileshroomer
|l|☆overloadice
|raw|Vileshroomer's rating: 1301 → 1324(+23 for winning)
|raw|overloadice's rating: 1363 → 1340(-23 for losing)
|c|☆Vileshroomer|HAHAHAHA FUCK ME
