|ScrapeTime|2020-01-01-08:45:02
|j|☆Mystic spud
|j|☆Zezima Alt
|player|p1|Mystic spud|265|1201
|player|p2|Zezima Alt|yellow|1219
|teamsize|p1|6
|teamsize|p2|6
|gametype|singles
|gen|8
|tier|[Gen 8] OU
|rated|
|rule|Sleep Clause Mod: Limit one foe put to sleep
|rule|Species Clause: Limit one of each Pokémon
|rule|OHKO Clause: OHKO moves are banned
|rule|Evasion Moves Clause: Evasion moves are banned
|rule|Endless Battle Clause: Forcing endless battles is banned
|rule|HP Percentage Mod: HP is shown in percentages
|clearpoke
|poke|p1|Conkeldurr, M|
|poke|p1|Grimmsnarl, M|
|poke|p1|Dragapult, M|
|poke|p1|Toxtricity-Low-Key, M|
|poke|p1|Corsola-Galar, F|
|poke|p1|Excadrill, M|
|poke|p2|Eldegoss, F|
|poke|p2|Toxapex, F|
|poke|p2|Corsola-Galar, F|
|poke|p2|Sylveon, F|
|poke|p2|Aegislash, M|
|poke|p2|Gastrodon, M|
|rule|Dynamax Clause: You cannot dynamax
|teampreview
|inactive|Battle timer is ON: inactive players will automatically lose when time's up. (requested by Zezima Alt)
|
|start
|switch|p1a: Corsola|Corsola-Galar, F|100/100
|switch|p2a: Stall|Corsola-Galar, F|100/100
|turn|1
|
|move|p1a: Corsola|Whirlpool|p2a: Stall
|-damage|p2a: Stall|97/100
|-activate|p2a: Stall|move: Whirlpool|[of] p1a: Corsola
|move|p2a: Stall|Stealth Rock|p1a: Corsola
|-sidestart|p1: Mystic spud|move: Stealth Rock
|
|-damage|p2a: Stall|84/100|[from] move: Whirlpool|[partiallytrapped]
|upkeep
|turn|2
|
|move|p1a: Corsola|Night Shade|p2a: Stall
|-damage|p2a: Stall|53/100
|-start|p1a: Corsola|Disable|Night Shade|[from] ability: Cursed Body|[of] p2a: Stall
|move|p2a: Stall|Will-O-Wisp|p1a: Corsola
|-status|p1a: Corsola|brn
|
|-damage|p1a: Corsola|94/100 brn|[from] brn
|-damage|p2a: Stall|41/100|[from] move: Whirlpool|[partiallytrapped]
|upkeep
|turn|3
|j| areadbharrr
|
|move|p1a: Corsola|Protect|p1a: Corsola
|-singleturn|p1a: Corsola|Protect
|move|p2a: Stall|Strength Sap|p1a: Corsola
|-activate|p1a: Corsola|move: Protect
|
|-damage|p1a: Corsola|88/100 brn|[from] brn
|-damage|p2a: Stall|29/100|[from] move: Whirlpool|[partiallytrapped]
|upkeep
|turn|4
|
|move|p1a: Corsola|Strength Sap|p2a: Stall
|-unboost|p2a: Stall|atk|1
|-heal|p1a: Corsola|100/100 brn
|move|p2a: Stall|Strength Sap|p1a: Corsola
|-unboost|p1a: Corsola|atk|1
|-heal|p2a: Stall|64/100
|
|-damage|p1a: Corsola|94/100 brn|[from] brn
|-damage|p2a: Stall|52/100|[from] move: Whirlpool|[partiallytrapped]
|upkeep
|turn|5
|
|move|p1a: Corsola|Whirlpool|p2a: Stall
|-damage|p2a: Stall|48/100
|move|p2a: Stall|Night Shade|p1a: Corsola
|-damage|p1a: Corsola|56/100 brn
|-start|p2a: Stall|Disable|Night Shade|[from] ability: Cursed Body|[of] p1a: Corsola
|
|-damage|p1a: Corsola|50/100 brn|[from] brn
|-damage|p2a: Stall|36/100|[from] move: Whirlpool|[partiallytrapped]
|-end|p1a: Corsola|Disable
|upkeep
|turn|6
|
|move|p1a: Corsola|Night Shade|p2a: Stall
|-damage|p2a: Stall|5/100
|move|p2a: Stall|Strength Sap|p1a: Corsola
|-unboost|p1a: Corsola|atk|1
|-heal|p2a: Stall|28/100
|
|-damage|p1a: Corsola|44/100 brn|[from] brn
|-end|p2a: Stall|Whirlpool|[partiallytrapped]
|upkeep
|turn|7
|
|switch|p2a: Aegislash|Aegislash, M|100/100
|move|p1a: Corsola|Strength Sap|p2a: Aegislash
|-unboost|p2a: Aegislash|atk|1
|-heal|p1a: Corsola|84/100 brn
|
|-damage|p1a: Corsola|78/100 brn|[from] brn
|upkeep
|turn|8
|
|-formechange|p2a: Aegislash|Aegislash-Blade||[from] ability: Stance Change
|move|p2a: Aegislash|Shadow Ball|p1a: Corsola
|-supereffective|p1a: Corsola
|-damage|p1a: Corsola|11/100 brn
|move|p1a: Corsola|Night Shade|p2a: Aegislash
|-damage|p2a: Aegislash|70/100
|
|-heal|p2a: Aegislash|76/100|[from] item: Leftovers
|-damage|p1a: Corsola|5/100 brn|[from] brn
|upkeep
|turn|9
|
|switch|p1a: Grimmsnarl|Grimmsnarl, M, shiny|100/100
|-damage|p1a: Grimmsnarl|88/100|[from] Stealth Rock
|-formechange|p2a: Aegislash|Aegislash||[from] ability: Stance Change
|move|p2a: Aegislash|King's Shield||[still]
|-fail|p2a: Aegislash
|
|-heal|p2a: Aegislash|82/100|[from] item: Leftovers
|upkeep
|turn|10
|
|switch|p2a: Sylveon|Sylveon, F|100/100
|move|p1a: Grimmsnarl|Darkest Lariat|p2a: Sylveon
|-resisted|p2a: Sylveon
|-damage|p2a: Sylveon|76/100
|-damage|p1a: Grimmsnarl|78/100|[from] item: Life Orb
|
|-heal|p2a: Sylveon|82/100|[from] item: Leftovers
|upkeep
|turn|11
|
|move|p1a: Grimmsnarl|Taunt|p2a: Sylveon
|-start|p2a: Sylveon|move: Taunt
|cant|p2a: Sylveon|move: Taunt|Wish
|
|-heal|p2a: Sylveon|88/100|[from] item: Leftovers
|upkeep
|turn|12
|
|switch|p1a: Toxtricity|Toxtricity-Low-Key, M|100/100
|-damage|p1a: Toxtricity|88/100|[from] Stealth Rock
|move|p2a: Sylveon|Hyper Voice|p1a: Toxtricity
|-resisted|p1a: Toxtricity
|-crit|p1a: Toxtricity
|-damage|p1a: Toxtricity|64/100
|
|-heal|p2a: Sylveon|94/100|[from] item: Leftovers
|upkeep
|turn|13
|
|switch|p2a: Gastrodon|Gastrodon, M|100/100
|move|p1a: Toxtricity|Sludge Wave|p2a: Gastrodon
|-resisted|p2a: Gastrodon
|-damage|p2a: Gastrodon|78/100
|
|-heal|p2a: Gastrodon|84/100|[from] item: Leftovers
|upkeep
|turn|14
|
|switch|p1a: Dragapult|Dragapult, M|100/100
|-damage|p1a: Dragapult|88/100|[from] Stealth Rock
|move|p2a: Gastrodon|Earthquake|p1a: Dragapult
|-damage|p1a: Dragapult|46/100
|
|-heal|p2a: Gastrodon|90/100|[from] item: Leftovers
|upkeep
|turn|15
|
|switch|p2a: Sylveon|Sylveon, F|94/100
|move|p1a: Dragapult|Dragon Darts|p2a: Sylveon
|-immune|p2a: Sylveon
|
|-heal|p2a: Sylveon|99/100|[from] item: Leftovers
|upkeep
|turn|16
|
|switch|p1a: Excadrill|Excadrill, M|100/100
|-damage|p1a: Excadrill|97/100|[from] Stealth Rock
|-ability|p1a: Excadrill|Mold Breaker
|move|p2a: Sylveon|Wish|p2a: Sylveon
|
|-heal|p1a: Excadrill|100/100|[from] item: Leftovers
|-heal|p2a: Sylveon|100/100|[from] item: Leftovers
|upkeep
|turn|17
|
|switch|p2a: Stall|Corsola-Galar, F|28/100
|move|p1a: Excadrill|Earthquake|p2a: Stall
|-damage|p2a: Stall|0 fnt
|faint|p2a: Stall
|
|upkeep
|
|switch|p2a: Eldegoss|Eldegoss, F|100/100
|turn|18
|
|move|p1a: Excadrill|Rapid Spin|p2a: Eldegoss
|-damage|p2a: Eldegoss|77/100
|-sideend|p1: Mystic spud|Stealth Rock|[from] move: Rapid Spin|[of] p1a: Excadrill
|-boost|p1a: Excadrill|spe|1
|move|p2a: Eldegoss|Stun Spore|p1a: Excadrill|[miss]
|-miss|p2a: Eldegoss|p1a: Excadrill
|
|-heal|p2a: Eldegoss|83/100|[from] item: Leftovers
|upkeep
|turn|19
|inactive|Mystic spud has 120 seconds left.
|
|move|p1a: Excadrill|Stealth Rock|p2a: Eldegoss
|-sidestart|p2: Zezima Alt|move: Stealth Rock
|move|p2a: Eldegoss|Leech Seed|p1a: Excadrill
|-start|p1a: Excadrill|move: Leech Seed
|
|-heal|p2a: Eldegoss|89/100|[from] item: Leftovers
|-damage|p1a: Excadrill|88/100|[from] Leech Seed|[of] p2a: Eldegoss
|-heal|p2a: Eldegoss|100/100|[silent]
|upkeep
|turn|20
|inactive|Mystic spud has 120 seconds left.
|
|move|p1a: Excadrill|Rapid Spin|p2a: Eldegoss
|-damage|p2a: Eldegoss|77/100
|-end|p1a: Excadrill|Leech Seed|[from] move: Rapid Spin|[of] p1a: Excadrill
|-boost|p1a: Excadrill|spe|1
|move|p2a: Eldegoss|Rapid Spin|p1a: Excadrill
|-resisted|p1a: Excadrill
|-damage|p1a: Excadrill|86/100
|-sideend|p2: Zezima Alt|Stealth Rock|[from] move: Rapid Spin|[of] p2a: Eldegoss
|-boost|p2a: Eldegoss|spe|1
|
|-heal|p1a: Excadrill|92/100|[from] item: Leftovers
|-heal|p2a: Eldegoss|83/100|[from] item: Leftovers
|upkeep
|turn|21
|inactive|Mystic spud has 120 seconds left.
|
|move|p1a: Excadrill|Earthquake|p2a: Eldegoss
|-resisted|p2a: Eldegoss
|-damage|p2a: Eldegoss|51/100
|move|p2a: Eldegoss|Rapid Spin|p1a: Excadrill
|-resisted|p1a: Excadrill
|-damage|p1a: Excadrill|90/100
|-boost|p2a: Eldegoss|spe|1
|
|-heal|p1a: Excadrill|96/100|[from] item: Leftovers
|-heal|p2a: Eldegoss|57/100|[from] item: Leftovers
|upkeep
|turn|22
|j| Earth Traveler
|inactive|Mystic spud has 120 seconds left.
|
|switch|p2a: Gastrodon|Gastrodon, M|90/100
|move|p1a: Excadrill|Earthquake|p2a: Gastrodon
|-crit|p2a: Gastrodon
|-damage|p2a: Gastrodon|0 fnt
|faint|p2a: Gastrodon
|
|-heal|p1a: Excadrill|100/100|[from] item: Leftovers
|upkeep
|l| Earth Traveler
|c|☆Zezima Alt|Don't know what worse
|c|☆Zezima Alt|You getting crits and using a gimmick Corsola
|c|☆Mystic spud|all skill boy
|inactive|Zezima Alt has 120 seconds left.
|j| FM Blood
|c|☆Zezima Alt|Critting someone isn't skills LOL
|c|☆Mystic spud|its talent
|
|switch|p2a: Eldegoss|Eldegoss, F|90/100
|turn|23
|
|move|p1a: Excadrill|Stealth Rock|p2a: Eldegoss
|-sidestart|p2: Zezima Alt|move: Stealth Rock
|move|p2a: Eldegoss|Stun Spore|p1a: Excadrill
|-status|p1a: Excadrill|par
|
|-heal|p2a: Eldegoss|96/100|[from] item: Leftovers
|upkeep
|turn|24
|c|☆Zezima Alt|Your mother should've swallow you
|inactive|Mystic spud has 120 seconds left.
|
|switch|p1a: Dragapult|Dragapult, M|46/100
|move|p2a: Eldegoss|Rapid Spin|p1a: Dragapult
|-immune|p1a: Dragapult
|
|-heal|p2a: Eldegoss|100/100|[from] item: Leftovers
|upkeep
|turn|25
|
|switch|p2a: Sylveon|Sylveon, F|100/100
|-damage|p2a: Sylveon|88/100|[from] Stealth Rock
|move|p1a: Dragapult|U-turn|p2a: Sylveon
|-resisted|p2a: Sylveon
|-damage|p2a: Sylveon|71/100
|
|switch|p1a: Excadrill|Excadrill, M|100/100 par|[from]move: U-turn
|-ability|p1a: Excadrill|Mold Breaker
|
|-heal|p2a: Sylveon|77/100|[from] item: Leftovers
|upkeep
|turn|26
|
|switch|p2a: Eldegoss|Eldegoss, F|100/100
|-damage|p2a: Eldegoss|88/100|[from] Stealth Rock
|move|p1a: Excadrill|Earthquake|p2a: Eldegoss
|-resisted|p2a: Eldegoss
|-damage|p2a: Eldegoss|55/100
|
|-heal|p2a: Eldegoss|62/100|[from] item: Leftovers
|upkeep
|turn|27
|inactive|Mystic spud has 120 seconds left.
|
|move|p2a: Eldegoss|Leech Seed|p1a: Excadrill
|-start|p1a: Excadrill|move: Leech Seed
|move|p1a: Excadrill|Stealth Rock||[still]
|-fail|p1a: Excadrill
|
|-heal|p2a: Eldegoss|68/100|[from] item: Leftovers
|-damage|p1a: Excadrill|88/100 par|[from] Leech Seed|[of] p2a: Eldegoss
|-heal|p2a: Eldegoss|82/100|[silent]
|upkeep
|turn|28
|
|move|p2a: Eldegoss|Leech Seed||[still]
|-fail|p2a: Eldegoss
|move|p1a: Excadrill|Rapid Spin|p2a: Eldegoss
|-damage|p2a: Eldegoss|58/100
|-end|p1a: Excadrill|Leech Seed|[from] move: Rapid Spin|[of] p1a: Excadrill
|-boost|p1a: Excadrill|spe|1
|
|-heal|p1a: Excadrill|94/100 par|[from] item: Leftovers
|-heal|p2a: Eldegoss|64/100|[from] item: Leftovers
|upkeep
|turn|29
|inactive|Mystic spud has 120 seconds left.
|
|move|p1a: Excadrill|Earthquake|p2a: Eldegoss
|-resisted|p2a: Eldegoss
|-damage|p2a: Eldegoss|29/100
|move|p2a: Eldegoss|Leech Seed|p1a: Excadrill
|-start|p1a: Excadrill|move: Leech Seed
|
|-heal|p1a: Excadrill|99/100 par|[from] item: Leftovers
|-heal|p2a: Eldegoss|35/100|[from] item: Leftovers
|-damage|p1a: Excadrill|88/100 par|[from] Leech Seed|[of] p2a: Eldegoss
|-heal|p2a: Eldegoss|49/100|[silent]
|upkeep
|turn|30
|
|cant|p1a: Excadrill|par
|move|p2a: Eldegoss|Rapid Spin|p1a: Excadrill
|-resisted|p1a: Excadrill
|-damage|p1a: Excadrill|85/100 par
|-sideend|p2: Zezima Alt|Stealth Rock|[from] move: Rapid Spin|[of] p2a: Eldegoss
|-boost|p2a: Eldegoss|spe|1
|
|-heal|p2a: Eldegoss|55/100|[from] item: Leftovers
|-heal|p1a: Excadrill|91/100 par|[from] item: Leftovers
|-damage|p1a: Excadrill|79/100 par|[from] Leech Seed|[of] p2a: Eldegoss
|-heal|p2a: Eldegoss|69/100|[silent]
|upkeep
|turn|31
|
|switch|p2a: Toxapex|Toxapex, F|100/100
|move|p1a: Excadrill|Stealth Rock|p2a: Toxapex
|-sidestart|p2: Zezima Alt|move: Stealth Rock
|
|-heal|p1a: Excadrill|85/100 par|[from] item: Leftovers
|-damage|p1a: Excadrill|73/100 par|[from] Leech Seed|[of] p2a: Toxapex
|upkeep
|turn|32
|
|move|p1a: Excadrill|Earthquake|p2a: Toxapex
|-supereffective|p2a: Toxapex
|-damage|p2a: Toxapex|25/100
|move|p2a: Toxapex|Scald|p1a: Excadrill
|-supereffective|p1a: Excadrill
|-damage|p1a: Excadrill|26/100 par
|
|-heal|p1a: Excadrill|32/100 par|[from] item: Leftovers
|-heal|p2a: Toxapex|32/100|[from] item: Black Sludge
|-damage|p1a: Excadrill|20/100 par|[from] Leech Seed|[of] p2a: Toxapex
|-heal|p2a: Toxapex|47/100|[silent]
|upkeep
|turn|33
|
|switch|p2a: Eldegoss|Eldegoss, F|100/100
|-damage|p2a: Eldegoss|88/100|[from] Stealth Rock
|move|p1a: Excadrill|Earthquake|p2a: Eldegoss
|-resisted|p2a: Eldegoss
|-damage|p2a: Eldegoss|52/100
|
|-heal|p1a: Excadrill|26/100 par|[from] item: Leftovers
|-heal|p2a: Eldegoss|58/100|[from] item: Leftovers
|-damage|p1a: Excadrill|13/100 par|[from] Leech Seed|[of] p2a: Eldegoss
|-heal|p2a: Eldegoss|72/100|[silent]
|upkeep
|turn|34
|inactive|Mystic spud has 120 seconds left.
|
|switch|p1a: Dragapult|Dragapult, M|46/100
|move|p2a: Eldegoss|Rapid Spin|p1a: Dragapult
|-immune|p1a: Dragapult
|
|-heal|p2a: Eldegoss|78/100|[from] item: Leftovers
|upkeep
|turn|35
|
|move|p1a: Dragapult|Phantom Force||[still]
|-prepare|p1a: Dragapult|Phantom Force|p2a: Eldegoss
|move|p2a: Eldegoss|Leech Seed|p1a: Dragapult|[miss]
|-miss|p2a: Eldegoss|p1a: Dragapult
|
|-heal|p2a: Eldegoss|84/100|[from] item: Leftovers
|upkeep
|turn|36
|
|switch|p2a: Toxapex|Toxapex, F|80/100
|-damage|p2a: Toxapex|67/100|[from] Stealth Rock
|move|p1a: Dragapult|Phantom Force|p2a: Toxapex|[from]lockedmove
|-damage|p2a: Toxapex|25/100
|
|-heal|p2a: Toxapex|31/100|[from] item: Black Sludge
|upkeep
|turn|37
|inactive|Mystic spud has 120 seconds left.
|
|switch|p2a: Sylveon|Sylveon, F|77/100
|-damage|p2a: Sylveon|65/100|[from] Stealth Rock
|move|p1a: Dragapult|Phantom Force||[still]
|-prepare|p1a: Dragapult|Phantom Force|p2a: Sylveon
|
|-heal|p2a: Sylveon|71/100|[from] item: Leftovers
|upkeep
|turn|38
|
|move|p1a: Dragapult|Phantom Force|p2a: Sylveon|[from]lockedmove
|-damage|p2a: Sylveon|15/100
|move|p2a: Sylveon|Wish|p2a: Sylveon
|
|-heal|p2a: Sylveon|21/100|[from] item: Leftovers
|upkeep
|turn|39
|
|switch|p1a: Conkeldurr|Conkeldurr, M|100/100
|move|p2a: Sylveon|Mystical Fire|p1a: Conkeldurr
|-damage|p1a: Conkeldurr|74/100
|-unboost|p1a: Conkeldurr|spa|1
|
|-heal|p2a: Sylveon|71/100|[from] move: Wish|[wisher] Sylveon
|-heal|p2a: Sylveon|77/100|[from] item: Leftovers
|-status|p1a: Conkeldurr|brn|[from] item: Flame Orb
|upkeep
|turn|40
|
|move|p1a: Conkeldurr|Earthquake|p2a: Sylveon
|-damage|p2a: Sylveon|19/100
|move|p2a: Sylveon|Hyper Voice|p1a: Conkeldurr
|-supereffective|p1a: Conkeldurr
|-damage|p1a: Conkeldurr|0 fnt
|faint|p1a: Conkeldurr
|
|-heal|p2a: Sylveon|25/100|[from] item: Leftovers
|upkeep
|inactive|Mystic spud has 120 seconds left.
|
|switch|p1a: Dragapult|Dragapult, M|46/100
|turn|41
|inactive|Mystic spud has 120 seconds left.
|
|move|p1a: Dragapult|Phantom Force||[still]
|-prepare|p1a: Dragapult|Phantom Force|p2a: Sylveon
|move|p2a: Sylveon|Wish|p2a: Sylveon
|
|-heal|p2a: Sylveon|31/100|[from] item: Leftovers
|upkeep
|turn|42
|
|move|p2a: Sylveon|Protect|p2a: Sylveon
|-singleturn|p2a: Sylveon|Protect
|move|p1a: Dragapult|Phantom Force|p2a: Sylveon|[from]lockedmove
|-activate|p2a: Sylveon|move: Phantom Force|[broken]
|-damage|p2a: Sylveon|0 fnt
|faint|p2a: Sylveon
|
|upkeep
|
|switch|p2a: Toxapex|Toxapex, F|64/100
|-damage|p2a: Toxapex|51/100|[from] Stealth Rock
|turn|43
|
|move|p1a: Dragapult|Phantom Force||[still]
|-prepare|p1a: Dragapult|Phantom Force|p2a: Toxapex
|move|p2a: Toxapex|Recover|p2a: Toxapex
|-heal|p2a: Toxapex|100/100
|
|upkeep
|turn|44
|
|move|p1a: Dragapult|Phantom Force|p2a: Toxapex|[from]lockedmove
|-damage|p2a: Toxapex|63/100
|move|p2a: Toxapex|Toxic|p1a: Dragapult
|-status|p1a: Dragapult|tox
|
|-heal|p2a: Toxapex|69/100|[from] item: Black Sludge
|-damage|p1a: Dragapult|40/100 tox|[from] psn
|upkeep
|turn|45
|
|switch|p1a: Grimmsnarl|Grimmsnarl, M, shiny|78/100
|move|p2a: Toxapex|Scald|p1a: Grimmsnarl
|-damage|p1a: Grimmsnarl|55/100
|-status|p1a: Grimmsnarl|brn
|
|-heal|p2a: Toxapex|75/100|[from] item: Black Sludge
|-damage|p1a: Grimmsnarl|49/100 brn|[from] brn
|upkeep
|turn|46
|
|switch|p2a: Eldegoss|Eldegoss, F|100/100
|-damage|p2a: Eldegoss|88/100|[from] Stealth Rock
|move|p1a: Grimmsnarl|Taunt|p2a: Eldegoss
|-start|p2a: Eldegoss|move: Taunt
|
|-heal|p2a: Eldegoss|94/100|[from] item: Leftovers
|-damage|p1a: Grimmsnarl|43/100 brn|[from] brn
|upkeep
|turn|47
|
|switch|p1a: Dragapult|Dragapult, M|40/100 tox
|move|p2a: Eldegoss|Rapid Spin|p1a: Dragapult
|-immune|p1a: Dragapult
|
|-heal|p2a: Eldegoss|100/100|[from] item: Leftovers
|-damage|p1a: Dragapult|34/100 tox|[from] psn
|upkeep
|turn|48
|
|switch|p2a: Toxapex|Toxapex, F|100/100
|-damage|p2a: Toxapex|88/100|[from] Stealth Rock
|move|p1a: Dragapult|Dragon Darts|p2a: Toxapex
|-crit|p2a: Toxapex
|-damage|p2a: Toxapex|55/100
|-damage|p2a: Toxapex|31/100
|-hitcount|p2a: Toxapex|2
|
|-heal|p2a: Toxapex|38/100|[from] item: Black Sludge
|-damage|p1a: Dragapult|22/100 tox|[from] psn
|upkeep
|turn|49
|
|move|p1a: Dragapult|Dragon Darts|p2a: Toxapex
|-damage|p2a: Toxapex|15/100
|-damage|p2a: Toxapex|0 fnt
|-hitcount|p2a: Toxapex|2
|faint|p2a: Toxapex
|
|-damage|p1a: Dragapult|4/100 tox|[from] psn
|upkeep
|
|switch|p2a: Aegislash|Aegislash, M|82/100
|-damage|p2a: Aegislash|76/100|[from] Stealth Rock
|turn|50
|
|move|p1a: Dragapult|Dragon Darts|p2a: Aegislash
|-resisted|p2a: Aegislash
|-damage|p2a: Aegislash|62/100
|-resisted|p2a: Aegislash
|-damage|p2a: Aegislash|46/100
|-hitcount|p2a: Aegislash|2
|move|p2a: Aegislash|Substitute|p2a: Aegislash
|-start|p2a: Aegislash|Substitute
|-damage|p2a: Aegislash|21/100
|
|-heal|p2a: Aegislash|27/100|[from] item: Leftovers
|-damage|p1a: Dragapult|0 fnt|[from] psn
|faint|p1a: Dragapult
|upkeep
|inactive|Mystic spud has 120 seconds left.
|
|switch|p1a: Grimmsnarl|Grimmsnarl, M, shiny|43/100 brn
|turn|51
|
|move|p2a: Aegislash|King's Shield|p2a: Aegislash
|-singleturn|p2a: Aegislash|Protect
|move|p1a: Grimmsnarl|Darkest Lariat|p2a: Aegislash
|-activate|p2a: Aegislash|move: Protect
|-unboost|p1a: Grimmsnarl|atk|1
|
|-heal|p2a: Aegislash|34/100|[from] item: Leftovers
|-damage|p1a: Grimmsnarl|37/100 brn|[from] brn
|upkeep
|turn|52
|
|move|p1a: Grimmsnarl|Darkest Lariat|p2a: Aegislash
|-supereffective|p2a: Aegislash
|-end|p2a: Aegislash|Substitute
|-damage|p1a: Grimmsnarl|27/100 brn|[from] item: Life Orb
|-formechange|p2a: Aegislash|Aegislash-Blade||[from] ability: Stance Change
|move|p2a: Aegislash|Shadow Ball|p1a: Grimmsnarl
|-resisted|p1a: Grimmsnarl
|-damage|p1a: Grimmsnarl|0 fnt
|faint|p1a: Grimmsnarl
|
|-heal|p2a: Aegislash|40/100|[from] item: Leftovers
|upkeep
|
|switch|p1a: Excadrill|Excadrill, M|13/100 par
|-ability|p1a: Excadrill|Mold Breaker
|turn|53
|
|switch|p2a: Eldegoss|Eldegoss, F|100/100
|-damage|p2a: Eldegoss|88/100|[from] Stealth Rock
|move|p1a: Excadrill|Stealth Rock||[still]
|-fail|p1a: Excadrill
|
|-heal|p2a: Eldegoss|94/100|[from] item: Leftovers
|-heal|p1a: Excadrill|19/100 par|[from] item: Leftovers
|upkeep
|turn|54
|
|switch|p2a: Aegislash|Aegislash, M|40/100
|-damage|p2a: Aegislash|34/100|[from] Stealth Rock
|switch|p1a: Corsola|Corsola-Galar, F|5/100 brn
|
|-heal|p2a: Aegislash|40/100|[from] item: Leftovers
|-damage|p1a: Corsola|0 fnt|[from] brn
|faint|p1a: Corsola
|upkeep
|
|switch|p1a: Toxtricity|Toxtricity-Low-Key, M|64/100
|turn|55
|
|switch|p2a: Eldegoss|Eldegoss, F|100/100
|-damage|p2a: Eldegoss|88/100|[from] Stealth Rock
|move|p1a: Toxtricity|Overdrive|p2a: Eldegoss
|-resisted|p2a: Eldegoss
|-damage|p2a: Eldegoss|63/100
|
|-heal|p2a: Eldegoss|69/100|[from] item: Leftovers
|upkeep
|turn|56
|
|switch|p1a: Excadrill|Excadrill, M|19/100 par
|-ability|p1a: Excadrill|Mold Breaker
|move|p2a: Eldegoss|Leech Seed|p1a: Excadrill
|-start|p1a: Excadrill|move: Leech Seed
|
|-heal|p2a: Eldegoss|75/100|[from] item: Leftovers
|-heal|p1a: Excadrill|25/100 par|[from] item: Leftovers
|-damage|p1a: Excadrill|13/100 par|[from] Leech Seed|[of] p2a: Eldegoss
|-heal|p2a: Eldegoss|89/100|[silent]
|upkeep
|turn|57
|inactive|Mystic spud has 120 seconds left.
|
|move|p2a: Eldegoss|Rapid Spin|p1a: Excadrill
|-resisted|p1a: Excadrill
|-damage|p1a: Excadrill|10/100 par
|-sideend|p2: Zezima Alt|Stealth Rock|[from] move: Rapid Spin|[of] p2a: Eldegoss
|-boost|p2a: Eldegoss|spe|1
|move|p1a: Excadrill|Rapid Spin|p2a: Eldegoss
|-crit|p2a: Eldegoss
|-damage|p2a: Eldegoss|53/100
|-end|p1a: Excadrill|Leech Seed|[from] move: Rapid Spin|[of] p1a: Excadrill
|-boost|p1a: Excadrill|spe|1
|
|-heal|p2a: Eldegoss|59/100|[from] item: Leftovers
|-heal|p1a: Excadrill|17/100 par|[from] item: Leftovers
|upkeep
|turn|58
|inactive|Mystic spud has 120 seconds left.
|
|move|p2a: Eldegoss|Leech Seed|p1a: Excadrill
|-start|p1a: Excadrill|move: Leech Seed
|move|p1a: Excadrill|Earthquake|p2a: Eldegoss
|-resisted|p2a: Eldegoss
|-damage|p2a: Eldegoss|24/100
|
|-heal|p2a: Eldegoss|30/100|[from] item: Leftovers
|-heal|p1a: Excadrill|23/100 par|[from] item: Leftovers
|-damage|p1a: Excadrill|10/100 par|[from] Leech Seed|[of] p2a: Eldegoss
|-heal|p2a: Eldegoss|44/100|[silent]
|upkeep
|turn|59
|inactive|Mystic spud has 120 seconds left.
|
|switch|p2a: Aegislash|Aegislash, M|40/100
|cant|p1a: Excadrill|par
|
|-heal|p1a: Excadrill|16/100 par|[from] item: Leftovers
|-heal|p2a: Aegislash|46/100|[from] item: Leftovers
|-damage|p1a: Excadrill|4/100 par|[from] Leech Seed|[of] p2a: Aegislash
|-heal|p2a: Aegislash|60/100|[silent]
|upkeep
|turn|60
|
|move|p2a: Aegislash|King's Shield|p2a: Aegislash
|-singleturn|p2a: Aegislash|Protect
|move|p1a: Excadrill|Earthquake|p2a: Aegislash
|-activate|p2a: Aegislash|move: Protect
|
|-heal|p1a: Excadrill|10/100 par|[from] item: Leftovers
|-heal|p2a: Aegislash|66/100|[from] item: Leftovers
|-damage|p1a: Excadrill|0 fnt|[from] Leech Seed|[of] p2a: Aegislash
|-heal|p2a: Aegislash|76/100|[silent]
|faint|p1a: Excadrill
|upkeep
|
|switch|p1a: Toxtricity|Toxtricity-Low-Key, M|64/100
|turn|61
|
|switch|p2a: Eldegoss|Eldegoss, F|77/100
|move|p1a: Toxtricity|Overdrive|p2a: Eldegoss
|-resisted|p2a: Eldegoss
|-damage|p2a: Eldegoss|48/100
|
|-heal|p2a: Eldegoss|55/100|[from] item: Leftovers
|upkeep
|turn|62
|-message|Mystic spud forfeited.
|
|win|Zezima Alt
|l|☆Mystic spud
|raw|Mystic spud's rating: 1201 → 1177(-24 for losing)
|raw|Zezima Alt's rating: 1219 → 1242(+23 for winning)
|c|☆Zezima Alt|Talk about annoying
|l|☆Zezima Alt
|l| areadbharrr
