|ScrapeTime|2020-01-02-01:54:24
|j|☆Arthu_101985
|j|☆the kid 1337
|player|p1|Arthu_101985|224|1041
|player|p2|the kid 1337|1|1101
|teamsize|p1|6
|teamsize|p2|6
|gametype|singles
|gen|8
|tier|[Gen 8] OU
|rated|
|rule|Sleep Clause Mod: Limit one foe put to sleep
|rule|Species Clause: Limit one of each Pokémon
|rule|OHKO Clause: OHKO moves are banned
|rule|Evasion Moves Clause: Evasion moves are banned
|rule|Endless Battle Clause: Forcing endless battles is banned
|rule|HP Percentage Mod: HP is shown in percentages
|clearpoke
|poke|p1|Polteageist|
|poke|p1|Indeedee-F, F|
|poke|p1|Corviknight, F|
|poke|p1|Cinderace, F|
|poke|p1|Clefable, F|
|poke|p1|Hawlucha, F|
|poke|p2|Tyranitar, F|
|poke|p2|Corviknight, F|
|poke|p2|Clefable, M|
|poke|p2|Seismitoad, F|
|poke|p2|Umbreon, M|
|poke|p2|Ferrothorn, F|
|rule|Dynamax Clause: You cannot dynamax
|teampreview
|inactive|Battle timer is ON: inactive players will automatically lose when time's up. (requested by the kid 1337)
|
|start
|switch|p1a: Cinderace|Cinderace, F|100/100
|switch|p2a: Tyranitar|Tyranitar, F|100/100
|-weather|Sandstorm|[from] ability: Sand Stream|[of] p2a: Tyranitar
|turn|1
|
|move|p1a: Cinderace|High Jump Kick|p2a: Tyranitar|[miss]
|-miss|p1a: Cinderace|p2a: Tyranitar
|-damage|p1a: Cinderace|51/100|[from] highjumpkick
|move|p2a: Tyranitar|Crunch|p1a: Cinderace
|-damage|p1a: Cinderace|0 fnt
|faint|p1a: Cinderace
|
|-weather|Sandstorm|[upkeep]
|upkeep
|c|☆the kid 1337|=[
|
|switch|p1a: Indeedee|Indeedee-F, F|100/100
|-fieldstart|move: Psychic Terrain|[from] ability: Psychic Surge|[of] p1a: Indeedee
|turn|2
|
|switch|p1a: Corviknight|Corviknight, F|100/100
|-ability|p1a: Corviknight|Pressure
|move|p2a: Tyranitar|Crunch|p1a: Corviknight
|-damage|p1a: Corviknight|58/100
|-damage|p2a: Tyranitar|84/100|[from] item: Rocky Helmet|[of] p1a: Corviknight
|-unboost|p1a: Corviknight|def|1
|
|-weather|Sandstorm|[upkeep]
|upkeep
|turn|3
|c|☆Arthu_101985|Shut up and play
|c|☆Arthu_101985|Don't needd your useless comments
|
|move|p1a: Corviknight|U-turn|p2a: Tyranitar
|-supereffective|p2a: Tyranitar
|-damage|p2a: Tyranitar|63/100
|
|switch|p1a: Hawlucha|Hawlucha, F, shiny|100/100|[from]move: U-turn
|-enditem|p1a: Hawlucha|Psychic Seed
|-boost|p1a: Hawlucha|spd|1
|move|p2a: Tyranitar|Crunch|p1a: Hawlucha
|-resisted|p1a: Hawlucha
|-damage|p1a: Hawlucha|58/100
|
|-weather|Sandstorm|[upkeep]
|-damage|p1a: Hawlucha|52/100|[from] Sandstorm
|upkeep
|turn|4
|
|switch|p2a: Seismitoad|Seismitoad, F|100/100
|move|p1a: Hawlucha|Swords Dance|p1a: Hawlucha
|-boost|p1a: Hawlucha|atk|2
|
|-weather|Sandstorm|[upkeep]
|-damage|p1a: Hawlucha|46/100|[from] Sandstorm
|upkeep
|turn|5
|
|move|p1a: Hawlucha|Acrobatics|p2a: Seismitoad
|-damage|p2a: Seismitoad|16/100
|move|p2a: Seismitoad|Scald|p1a: Hawlucha
|-damage|p1a: Hawlucha|21/100
|
|-weather|none
|-heal|p2a: Seismitoad|22/100|[from] item: Leftovers
|upkeep
|turn|6
|
|switch|p2a: Corviknight|Corviknight, F|100/100
|-ability|p2a: Corviknight|Pressure
|move|p1a: Hawlucha|Acrobatics|p2a: Corviknight
|-resisted|p2a: Corviknight
|-damage|p2a: Corviknight|67/100
|
|-heal|p2a: Corviknight|73/100|[from] item: Leftovers
|-fieldend|move: Psychic Terrain
|upkeep
|turn|7
|
|move|p1a: Hawlucha|Thunder Punch|p2a: Corviknight
|-supereffective|p2a: Corviknight
|-damage|p2a: Corviknight|17/100
|move|p2a: Corviknight|Brave Bird|p1a: Hawlucha
|-supereffective|p1a: Hawlucha
|-damage|p1a: Hawlucha|0 fnt
|-damage|p2a: Corviknight|12/100|[from] Recoil
|faint|p1a: Hawlucha
|
|-heal|p2a: Corviknight|18/100|[from] item: Leftovers
|upkeep
|c|☆the kid 1337|=/
|
|switch|p1a: Clefable|Clefable, F|100/100
|turn|8
|
|switch|p2a: Clefable|Clefable, M|100/100
|move|p1a: Clefable|Flamethrower|p2a: Clefable
|-damage|p2a: Clefable|64/100
|
|-heal|p2a: Clefable|70/100|[from] item: Leftovers
|upkeep
|turn|9
|c|☆Arthu_101985|Ok I am going to mute you.
|c|☆the kid 1337|ur a dog player
|
|move|p2a: Clefable|Wish|p2a: Clefable
|move|p1a: Clefable|Wish|p1a: Clefable
|
|-heal|p2a: Clefable|77/100|[from] item: Leftovers
|upkeep
|turn|10
|c|☆the kid 1337|so free
|
|switch|p1a: Corviknight|Corviknight, F|58/100
|-ability|p1a: Corviknight|Pressure
|switch|p2a: Tyranitar|Tyranitar, F|63/100
|-weather|Sandstorm|[from] ability: Sand Stream|[of] p2a: Tyranitar
|
|-weather|Sandstorm|[upkeep]
|-heal|p1a: Corviknight|100/100|[from] move: Wish|[wisher] Clefable
|-heal|p2a: Tyranitar|100/100|[from] move: Wish|[wisher] Clefable
|upkeep
|turn|11
|
|move|p1a: Corviknight|U-turn|p2a: Tyranitar
|-supereffective|p2a: Tyranitar
|-damage|p2a: Tyranitar|79/100
|
|switch|p1a: Clefable|Clefable, F|100/100|[from]move: U-turn
|move|p2a: Tyranitar|Flamethrower|p1a: Clefable
|-damage|p1a: Clefable|84/100
|-status|p1a: Clefable|brn
|
|-weather|Sandstorm|[upkeep]
|upkeep
|turn|12
|
|switch|p2a: Umbreon|Umbreon, M|100/100
|move|p1a: Clefable|Wish|p1a: Clefable
|
|-weather|Sandstorm|[upkeep]
|-damage|p2a: Umbreon|94/100|[from] Sandstorm
|-heal|p2a: Umbreon|100/100|[from] item: Leftovers
|upkeep
|turn|13
|
|move|p2a: Umbreon|Yawn||[still]
|-fail|p2a: Umbreon
|move|p1a: Clefable|Moonblast|p2a: Umbreon
|-supereffective|p2a: Umbreon
|-damage|p2a: Umbreon|36/100
|
|-weather|Sandstorm|[upkeep]
|-damage|p2a: Umbreon|30/100|[from] Sandstorm
|-heal|p1a: Clefable|100/100 brn|[from] move: Wish|[wisher] Clefable
|-heal|p2a: Umbreon|36/100|[from] item: Leftovers
|upkeep
|turn|14
|
|switch|p2a: Tyranitar|Tyranitar, F|79/100
|move|p1a: Clefable|Flamethrower|p2a: Tyranitar
|-resisted|p2a: Tyranitar
|-damage|p2a: Tyranitar|69/100
|-status|p2a: Tyranitar|brn
|
|-weather|none
|-damage|p2a: Tyranitar|63/100 brn|[from] brn
|upkeep
|turn|15
|
|move|p2a: Tyranitar|Crunch|p1a: Clefable
|-resisted|p1a: Clefable
|-damage|p1a: Clefable|80/100 brn
|move|p1a: Clefable|Wish|p1a: Clefable
|
|-damage|p2a: Tyranitar|57/100 brn|[from] brn
|upkeep
|turn|16
|
|switch|p2a: Ferrothorn|Ferrothorn, F|100/100
|move|p1a: Clefable|Moonblast|p2a: Ferrothorn
|-resisted|p2a: Ferrothorn
|-damage|p2a: Ferrothorn|77/100
|
|-heal|p1a: Clefable|100/100 brn|[from] move: Wish|[wisher] Clefable
|-heal|p2a: Ferrothorn|83/100|[from] item: Leftovers
|upkeep
|turn|17
|
|move|p1a: Clefable|Flamethrower|p2a: Ferrothorn
|-supereffective|p2a: Ferrothorn
|-damage|p2a: Ferrothorn|0 fnt
|faint|p2a: Ferrothorn
|
|upkeep
|
|switch|p2a: Seismitoad|Seismitoad, F|22/100
|turn|18
|
|move|p2a: Seismitoad|Rest|p2a: Seismitoad
|-status|p2a: Seismitoad|slp|[from] move: Rest
|-heal|p2a: Seismitoad|100/100 slp|[silent]
|move|p1a: Clefable|Moonblast|p2a: Seismitoad
|-damage|p2a: Seismitoad|53/100 slp
|-unboost|p2a: Seismitoad|spa|1
|
|-heal|p2a: Seismitoad|59/100 slp|[from] item: Leftovers
|upkeep
|turn|19
|
|switch|p2a: Clefable|Clefable, M|77/100
|move|p1a: Clefable|Moonblast|p2a: Clefable
|-damage|p2a: Clefable|26/100
|-unboost|p2a: Clefable|spa|1
|
|-heal|p2a: Clefable|32/100|[from] item: Leftovers
|upkeep
|turn|20
|
|move|p2a: Clefable|Protect|p2a: Clefable
|-singleturn|p2a: Clefable|Protect
|move|p1a: Clefable|Moonblast|p2a: Clefable
|-activate|p2a: Clefable|move: Protect
|
|-heal|p2a: Clefable|38/100|[from] item: Leftovers
|upkeep
|turn|21
|
|switch|p2a: Tyranitar|Tyranitar, F|57/100 brn
|-weather|Sandstorm|[from] ability: Sand Stream|[of] p2a: Tyranitar
|move|p1a: Clefable|Moonblast|p2a: Tyranitar
|-supereffective|p2a: Tyranitar
|-damage|p2a: Tyranitar|0 fnt
|faint|p2a: Tyranitar
|
|-weather|Sandstorm|[upkeep]
|upkeep
|
|switch|p2a: Corviknight|Corviknight, F|18/100
|-ability|p2a: Corviknight|Pressure
|turn|22
|
|move|p2a: Corviknight|Roost|p2a: Corviknight
|-heal|p2a: Corviknight|68/100
|-singleturn|p2a: Corviknight|move: Roost
|move|p1a: Clefable|Flamethrower|p2a: Corviknight
|-supereffective|p2a: Corviknight
|-damage|p2a: Corviknight|8/100
|
|-weather|Sandstorm|[upkeep]
|-heal|p2a: Corviknight|14/100|[from] item: Leftovers
|upkeep
|turn|23
|
|move|p2a: Corviknight|Brave Bird|p1a: Clefable
|-damage|p1a: Clefable|57/100 brn
|-damage|p2a: Corviknight|0 fnt|[from] Recoil
|faint|p2a: Corviknight
|move|p1a: Clefable|Thunderbolt|p2: Corviknight|[notarget]
|-fail|p1a: Clefable
|
|-weather|Sandstorm|[upkeep]
|upkeep
|-message|the kid 1337 forfeited.
|
|win|Arthu_101985
|l|☆the kid 1337
|raw|Arthu_101985's rating: 1041 → 1080(+39 for winning)
|raw|the kid 1337's rating: 1101 → 1072(-29 for losing)
