|ScrapeTime|2020-01-02-01:35:12
|j|☆thegoddesscynthia
|j|☆The drunk Spinda
|player|p1|thegoddesscynthia|cynthia-gen4|1452
|player|p2|The drunk Spinda|261|1484
|teamsize|p1|6
|teamsize|p2|6
|gametype|singles
|gen|8
|tier|[Gen 8] OU
|rated|
|rule|Sleep Clause Mod: Limit one foe put to sleep
|rule|Species Clause: Limit one of each Pokémon
|rule|OHKO Clause: OHKO moves are banned
|rule|Evasion Moves Clause: Evasion moves are banned
|rule|Endless Battle Clause: Forcing endless battles is banned
|rule|HP Percentage Mod: HP is shown in percentages
|clearpoke
|poke|p1|Polteageist|
|poke|p1|Cloyster, M|
|poke|p1|Grimmsnarl, M|
|poke|p1|Conkeldurr, F|
|poke|p1|Hatterene, F|
|poke|p1|Dragapult, F|
|poke|p2|Cinderace, F|
|poke|p2|Obstagoon, M|
|poke|p2|Seismitoad, M|
|poke|p2|Corviknight, F|
|poke|p2|Gengar, F|
|poke|p2|Dragapult, F|
|rule|Dynamax Clause: You cannot dynamax
|teampreview
|
|start
|switch|p1a: Dragapult|Dragapult, F|100/100
|switch|p2a: Corviknight|Corviknight, F|100/100
|turn|1
|
|move|p1a: Dragapult|U-turn|p2a: Corviknight
|-resisted|p2a: Corviknight
|-damage|p2a: Corviknight|93/100
|inactive|Battle timer is ON: inactive players will automatically lose when time's up. (requested by The drunk Spinda)
|
|switch|p1a: Hatterene|Hatterene, F|100/100|[from]move: U-turn
|move|p2a: Corviknight|Iron Head|p1a: Hatterene
|-supereffective|p1a: Hatterene
|-damage|p1a: Hatterene|48/100
|
|-heal|p2a: Corviknight|99/100|[from] item: Leftovers
|-heal|p1a: Hatterene|54/100|[from] item: Leftovers
|upkeep
|turn|2
|
|switch|p1a: Cloyster|Cloyster, M|100/100
|move|p2a: Corviknight|Iron Head|p1a: Cloyster
|-crit|p1a: Cloyster
|-damage|p1a: Cloyster|72/100
|
|-heal|p2a: Corviknight|100/100|[from] item: Leftovers
|upkeep
|turn|3
|
|move|p1a: Cloyster|Shell Smash|p1a: Cloyster
|-unboost|p1a: Cloyster|def|1
|-unboost|p1a: Cloyster|spd|1
|-boost|p1a: Cloyster|atk|2
|-boost|p1a: Cloyster|spa|2
|-boost|p1a: Cloyster|spe|2
|move|p2a: Corviknight|U-turn|p1a: Cloyster
|-damage|p1a: Cloyster|54/100
|
|switch|p2a: Dragapult|Dragapult, F|100/100|[from]move: U-turn
|
|upkeep
|turn|4
|
|move|p2a: Dragapult|Draco Meteor|p1a: Cloyster
|-damage|p1a: Cloyster|0 fnt
|-unboost|p2a: Dragapult|spa|2
|faint|p1a: Cloyster
|
|upkeep
|
|switch|p1a: Polteageist|Polteageist|100/100
|turn|5
|
|switch|p2a: Gengar|Gengar, F, shiny|100/100
|move|p1a: Polteageist|Shell Smash|p1a: Polteageist
|-unboost|p1a: Polteageist|def|1
|-unboost|p1a: Polteageist|spd|1
|-boost|p1a: Polteageist|atk|2
|-boost|p1a: Polteageist|spa|2
|-boost|p1a: Polteageist|spe|2
|-enditem|p1a: Polteageist|White Herb
|-clearnegativeboost|p1a: Polteageist|[silent]
|
|upkeep
|turn|6
|
|move|p1a: Polteageist|Shadow Ball|p2a: Gengar
|-supereffective|p2a: Gengar
|-damage|p2a: Gengar|0 fnt
|faint|p2a: Gengar
|
|upkeep
|
|switch|p2a: Dragapult|Dragapult, F|100/100
|turn|7
|
|switch|p1a: Grimmsnarl|Grimmsnarl, M|100/100
|move|p2a: Dragapult|Shadow Ball|p1a: Grimmsnarl
|-resisted|p1a: Grimmsnarl
|-damage|p1a: Grimmsnarl|86/100
|
|upkeep
|turn|8
|
|switch|p2a: Corviknight|Corviknight, F|100/100
|move|p1a: Grimmsnarl|Reflect|p1a: Grimmsnarl
|-sidestart|p1: thegoddesscynthia|Reflect
|
|upkeep
|turn|9
|
|move|p1a: Grimmsnarl|Thunder Wave|p2a: Corviknight
|-status|p2a: Corviknight|par
|move|p2a: Corviknight|Iron Head|p1a: Grimmsnarl
|-supereffective|p1a: Grimmsnarl
|-damage|p1a: Grimmsnarl|53/100
|
|upkeep
|turn|10
|
|move|p1a: Grimmsnarl|Light Screen|p1a: Grimmsnarl
|-sidestart|p1: thegoddesscynthia|move: Light Screen
|cant|p2a: Corviknight|par
|
|upkeep
|turn|11
|
|switch|p1a: Polteageist|Polteageist|100/100
|move|p2a: Corviknight|Defog|p1a: Polteageist
|-unboost|p1a: Polteageist|evasion|1
|-sideend|p1: thegoddesscynthia|Reflect
|-sideend|p1: thegoddesscynthia|move: Light Screen
|
|upkeep
|turn|12
|
|switch|p1a: Conkeldurr|Conkeldurr, F|100/100
|move|p2a: Corviknight|U-turn|p1a: Conkeldurr
|-resisted|p1a: Conkeldurr
|-damage|p1a: Conkeldurr|94/100
|
|switch|p2a: Dragapult|Dragapult, F|100/100|[from]move: U-turn
|
|-status|p1a: Conkeldurr|brn|[from] item: Flame Orb
|upkeep
|turn|13
|
|move|p2a: Dragapult|U-turn|p1a: Conkeldurr
|-resisted|p1a: Conkeldurr
|-damage|p1a: Conkeldurr|86/100 brn
|
|switch|p2a: Corviknight|Corviknight, F|100/100 par|[from]move: U-turn
|move|p1a: Conkeldurr|Earthquake|p2a: Corviknight
|-immune|p2a: Corviknight
|
|-damage|p1a: Conkeldurr|80/100 brn|[from] brn
|upkeep
|turn|14
|
|move|p1a: Conkeldurr|Drain Punch|p2a: Corviknight
|-damage|p2a: Corviknight|45/100 par
|-heal|p1a: Conkeldurr|100/100 brn|[from] drain|[of] p2a: Corviknight
|cant|p2a: Corviknight|par
|
|-heal|p2a: Corviknight|51/100 par|[from] item: Leftovers
|-damage|p1a: Conkeldurr|94/100 brn|[from] brn
|upkeep
|turn|15
|
|switch|p2a: Dragapult|Dragapult, F|100/100
|move|p1a: Conkeldurr|Drain Punch|p2a: Dragapult
|-immune|p2a: Dragapult
|
|-damage|p1a: Conkeldurr|88/100 brn|[from] brn
|upkeep
|turn|16
|
|switch|p1a: Grimmsnarl|Grimmsnarl, M|53/100
|move|p2a: Dragapult|Draco Meteor|p1a: Grimmsnarl
|-immune|p1a: Grimmsnarl
|
|upkeep
|turn|17
|
|switch|p2a: Corviknight|Corviknight, F|51/100 par
|switch|p1a: Conkeldurr|Conkeldurr, F|88/100 brn
|
|-heal|p2a: Corviknight|57/100 par|[from] item: Leftovers
|-damage|p1a: Conkeldurr|82/100 brn|[from] brn
|upkeep
|turn|18
|
|switch|p2a: Seismitoad|Seismitoad, M|100/100
|move|p1a: Conkeldurr|Drain Punch|p2a: Seismitoad
|-damage|p2a: Seismitoad|48/100
|-heal|p1a: Conkeldurr|100/100 brn|[from] drain|[of] p2a: Seismitoad
|
|-heal|p2a: Seismitoad|54/100|[from] item: Leftovers
|-damage|p1a: Conkeldurr|94/100 brn|[from] brn
|upkeep
|turn|19
|
|move|p2a: Seismitoad|Stealth Rock|p1a: Conkeldurr
|-sidestart|p1: thegoddesscynthia|move: Stealth Rock
|move|p1a: Conkeldurr|Drain Punch|p2a: Seismitoad
|-damage|p2a: Seismitoad|1/100
|-heal|p1a: Conkeldurr|100/100 brn|[from] drain|[of] p2a: Seismitoad
|
|-heal|p2a: Seismitoad|7/100|[from] item: Leftovers
|-damage|p1a: Conkeldurr|94/100 brn|[from] brn
|upkeep
|turn|20
|
|move|p2a: Seismitoad|Protect|p2a: Seismitoad
|-singleturn|p2a: Seismitoad|Protect
|move|p1a: Conkeldurr|Mach Punch|p2a: Seismitoad
|-activate|p2a: Seismitoad|move: Protect
|
|-heal|p2a: Seismitoad|13/100|[from] item: Leftovers
|-damage|p1a: Conkeldurr|88/100 brn|[from] brn
|upkeep
|turn|21
|
|switch|p2a: Dragapult|Dragapult, F|100/100
|move|p1a: Conkeldurr|Drain Punch|p2a: Dragapult
|-immune|p2a: Dragapult
|
|-damage|p1a: Conkeldurr|82/100 brn|[from] brn
|upkeep
|turn|22
|
|move|p2a: Dragapult|U-turn|p1a: Conkeldurr
|-resisted|p1a: Conkeldurr
|-damage|p1a: Conkeldurr|75/100 brn
|
|switch|p2a: Corviknight|Corviknight, F|57/100 par|[from]move: U-turn
|move|p1a: Conkeldurr|Earthquake|p2a: Corviknight
|-immune|p2a: Corviknight
|
|-heal|p2a: Corviknight|64/100 par|[from] item: Leftovers
|-damage|p1a: Conkeldurr|69/100 brn|[from] brn
|upkeep
|turn|23
|
|switch|p2a: Dragapult|Dragapult, F|100/100
|move|p1a: Conkeldurr|Drain Punch|p2a: Dragapult
|-immune|p2a: Dragapult
|
|-damage|p1a: Conkeldurr|63/100 brn|[from] brn
|upkeep
|turn|24
|
|switch|p1a: Grimmsnarl|Grimmsnarl, M|53/100
|-damage|p1a: Grimmsnarl|41/100|[from] Stealth Rock
|move|p2a: Dragapult|Draco Meteor|p1a: Grimmsnarl
|-immune|p1a: Grimmsnarl
|
|upkeep
|turn|25
|
|switch|p2a: Obstagoon|Obstagoon, M, shiny|100/100
|move|p1a: Grimmsnarl|Reflect|p1a: Grimmsnarl
|-sidestart|p1: thegoddesscynthia|Reflect
|
|-status|p2a: Obstagoon|brn|[from] item: Flame Orb
|upkeep
|turn|26
|
|move|p2a: Obstagoon|Facade|p1a: Grimmsnarl
|-damage|p1a: Grimmsnarl|0 fnt
|faint|p1a: Grimmsnarl
|
|-damage|p2a: Obstagoon|94/100 brn|[from] brn
|upkeep
|
|switch|p1a: Dragapult|Dragapult, F|100/100
|-damage|p1a: Dragapult|88/100|[from] Stealth Rock
|turn|27
|
|switch|p2a: Corviknight|Corviknight, F|64/100 par
|move|p1a: Dragapult|U-turn|p2a: Corviknight
|-resisted|p2a: Corviknight
|-damage|p2a: Corviknight|57/100 par
|
|switch|p1a: Hatterene|Hatterene, F|54/100|[from]move: U-turn
|-damage|p1a: Hatterene|41/100|[from] Stealth Rock
|
|-heal|p2a: Corviknight|63/100 par|[from] item: Leftovers
|-heal|p1a: Hatterene|47/100|[from] item: Leftovers
|upkeep
|turn|28
|
|move|p2a: Corviknight|Iron Head|p1a: Hatterene
|-supereffective|p1a: Hatterene
|-damage|p1a: Hatterene|22/100
|move|p1a: Hatterene|Mystical Fire|p2a: Corviknight
|-supereffective|p2a: Corviknight
|-damage|p2a: Corviknight|25/100 par
|-ability|p2a: Corviknight|Mirror Armor
|-unboost|p1a: Hatterene|spa|1
|
|-heal|p2a: Corviknight|31/100 par|[from] item: Leftovers
|-heal|p1a: Hatterene|28/100|[from] item: Leftovers
|upkeep
|turn|29
|
|move|p2a: Corviknight|Roost|p2a: Corviknight
|-heal|p2a: Corviknight|81/100 par
|-singleturn|p2a: Corviknight|move: Roost
|move|p1a: Hatterene|Trick Room|p1a: Hatterene
|-fieldstart|move: Trick Room|[of] p1a: Hatterene
|
|-heal|p1a: Hatterene|34/100|[from] item: Leftovers
|-heal|p2a: Corviknight|88/100 par|[from] item: Leftovers
|upkeep
|turn|30
|l|☆The drunk Spinda
|inactive|The drunk Spinda disconnected and has a minute to reconnect!
|player|p2|
|inactive|The drunk Spinda has 30 seconds to reconnect!
|inactive|The drunk Spinda has 20 seconds to reconnect!
|inactive|The drunk Spinda has 15 seconds to reconnect!
|inactive|The drunk Spinda has 10 seconds to reconnect!
|j|☆The drunk Spinda
|inactive|The drunk Spinda reconnected and has 95 seconds left.
|player|p2|The drunk Spinda|261
|inactive|The drunk Spinda has 90 seconds left.
|
|move|p1a: Hatterene|Mystical Fire|p2a: Corviknight
|-supereffective|p2a: Corviknight
|-damage|p2a: Corviknight|58/100 par
|-ability|p2a: Corviknight|Mirror Armor
|-unboost|p1a: Hatterene|spa|1
|move|p2a: Corviknight|Roost|p2a: Corviknight
|-heal|p2a: Corviknight|100/100 par
|-singleturn|p2a: Corviknight|move: Roost
|
|-heal|p1a: Hatterene|40/100|[from] item: Leftovers
|upkeep
|turn|31
|
|switch|p1a: Conkeldurr|Conkeldurr, F|63/100 brn
|-damage|p1a: Conkeldurr|57/100 brn|[from] Stealth Rock
|move|p2a: Corviknight|Iron Head|p1a: Conkeldurr
|-damage|p1a: Conkeldurr|46/100 brn
|
|-damage|p1a: Conkeldurr|40/100 brn|[from] brn
|upkeep
|turn|32
|l|☆The drunk Spinda
|inactive|The drunk Spinda disconnected and has a minute to reconnect!
|player|p2|
|inactive|The drunk Spinda has 30 seconds to reconnect!
|inactive|The drunk Spinda has 20 seconds to reconnect!
|inactive|The drunk Spinda has 15 seconds to reconnect!
|inactive|The drunk Spinda has 10 seconds to reconnect!
|inactive|The drunk Spinda has 5 seconds to reconnect!
|j|☆The drunk Spinda
|inactive|The drunk Spinda reconnected and has 45 seconds left.
|player|p2|The drunk Spinda|261
|
|move|p2a: Corviknight|Iron Head|p1a: Conkeldurr
|-crit|p1a: Conkeldurr
|-damage|p1a: Conkeldurr|10/100 brn
|move|p1a: Conkeldurr|Drain Punch|p2a: Corviknight
|-damage|p2a: Corviknight|49/100 par
|-heal|p1a: Conkeldurr|35/100 brn|[from] drain|[of] p2a: Corviknight
|
|-heal|p2a: Corviknight|56/100 par|[from] item: Leftovers
|-damage|p1a: Conkeldurr|29/100 brn|[from] brn
|-sideend|p1: thegoddesscynthia|Reflect
|upkeep
|turn|33
|
|switch|p2a: Dragapult|Dragapult, F|100/100
|move|p1a: Conkeldurr|Earthquake|p2a: Dragapult
|-damage|p2a: Dragapult|15/100
|
|-damage|p1a: Conkeldurr|23/100 brn|[from] brn
|-fieldend|move: Trick Room
|upkeep
|turn|34
|
|switch|p1a: Hatterene|Hatterene, F|40/100
|-damage|p1a: Hatterene|28/100|[from] Stealth Rock
|move|p2a: Dragapult|Shadow Ball|p1a: Hatterene
|-supereffective|p1a: Hatterene
|-damage|p1a: Hatterene|0 fnt
|faint|p1a: Hatterene
|
|upkeep
|-message|thegoddesscynthia forfeited.
|
|win|The drunk Spinda
|l|☆thegoddesscynthia
|raw|thegoddesscynthia's rating: 1452 → 1434(-18 for losing)
|raw|The drunk Spinda's rating: 1484 → 1502(+18 for winning)
