|ScrapeTime|2020-01-02-05:25:43
|j|☆arsenicSulfide
|j|☆Dynamax'd Tyrion
|player|p1|arsenicSulfide|mina|1445
|player|p2|Dynamax'd Tyrion|unknownf|1468
|teamsize|p1|6
|teamsize|p2|6
|gametype|singles
|gen|8
|tier|[Gen 8] OU
|rated|
|rule|Sleep Clause Mod: Limit one foe put to sleep
|rule|Species Clause: Limit one of each Pokémon
|rule|OHKO Clause: OHKO moves are banned
|rule|Evasion Moves Clause: Evasion moves are banned
|rule|Endless Battle Clause: Forcing endless battles is banned
|rule|HP Percentage Mod: HP is shown in percentages
|clearpoke
|poke|p1|Hatterene, F|
|poke|p1|Dracovish|
|poke|p1|Corviknight, F|
|poke|p1|Bisharp, F|
|poke|p1|Excadrill, M|
|poke|p1|Dragapult, F|
|poke|p2|Grimmsnarl, M|
|poke|p2|Excadrill, M|
|poke|p2|Kommo-o, F|
|poke|p2|Cloyster, F|
|poke|p2|Aegislash, M|
|poke|p2|Hatterene, F|
|rule|Dynamax Clause: You cannot dynamax
|teampreview
|inactive|Battle timer is ON: inactive players will automatically lose when time's up. (requested by arsenicSulfide)
|
|start
|switch|p1a: Djura|Excadrill, M|100/100
|switch|p2a: Excadrill|Excadrill, M|100/100
|-ability|p1a: Djura|Mold Breaker
|-ability|p2a: Excadrill|Mold Breaker
|turn|1
|
|switch|p1a: Kalameet|Dragapult, F|100/100
|move|p2a: Excadrill|Earthquake|p1a: Kalameet
|-damage|p1a: Kalameet|24/100
|
|upkeep
|turn|2
|
|move|p1a: Kalameet|Shadow Ball|p2a: Excadrill
|-damage|p2a: Excadrill|39/100
|-damage|p1a: Kalameet|15/100|[from] item: Life Orb
|move|p2a: Excadrill|Earthquake|p1a: Kalameet
|-damage|p1a: Kalameet|0 fnt
|faint|p1a: Kalameet
|
|upkeep
|inactive|arsenicSulfide has 120 seconds left.
|
|switch|p1a: Living Failure|Dracovish|100/100
|turn|3
|
|move|p2a: Excadrill|Stealth Rock|p1a: Living Failure
|-sidestart|p1: arsenicSulfide|move: Stealth Rock
|move|p1a: Living Failure|Fishious Rend|p2a: Excadrill
|-supereffective|p2a: Excadrill
|-damage|p2a: Excadrill|0 fnt
|faint|p2a: Excadrill
|
|upkeep
|
|switch|p2a: Cloyster|Cloyster, F|100/100
|turn|4
|
|switch|p1a: mai knaifu|Bisharp, F|100/100
|-damage|p1a: mai knaifu|95/100|[from] Stealth Rock
|move|p2a: Cloyster|Shell Smash|p2a: Cloyster
|-unboost|p2a: Cloyster|def|1
|-unboost|p2a: Cloyster|spd|1
|-boost|p2a: Cloyster|atk|2
|-boost|p2a: Cloyster|spa|2
|-boost|p2a: Cloyster|spe|2
|-enditem|p2a: Cloyster|White Herb
|-clearnegativeboost|p2a: Cloyster|[silent]
|
|upkeep
|turn|5
|
|move|p2a: Cloyster|Icicle Spear|p1a: mai knaifu
|-resisted|p1a: mai knaifu
|-damage|p1a: mai knaifu|80/100
|-resisted|p1a: mai knaifu
|-damage|p1a: mai knaifu|67/100
|-resisted|p1a: mai knaifu
|-damage|p1a: mai knaifu|54/100
|-resisted|p1a: mai knaifu
|-crit|p1a: mai knaifu
|-damage|p1a: mai knaifu|33/100
|-resisted|p1a: mai knaifu
|-damage|p1a: mai knaifu|20/100
|-hitcount|p1a: mai knaifu|5
|move|p1a: mai knaifu|Swords Dance|p1a: mai knaifu
|-boost|p1a: mai knaifu|atk|2
|
|upkeep
|turn|6
|
|move|p1a: mai knaifu|Sucker Punch|p2a: Cloyster
|-damage|p2a: Cloyster|28/100
|move|p2a: Cloyster|Icicle Spear|p1a: mai knaifu
|-resisted|p1a: mai knaifu
|-damage|p1a: mai knaifu|6/100
|-resisted|p1a: mai knaifu
|-damage|p1a: mai knaifu|0 fnt
|-hitcount|p1a: mai knaifu|2
|faint|p1a: mai knaifu
|
|upkeep
|
|switch|p1a: Knight Artorias|Corviknight, F|100/100
|-damage|p1a: Knight Artorias|88/100|[from] Stealth Rock
|-ability|p1a: Knight Artorias|Pressure
|turn|7
|
|move|p2a: Cloyster|Icicle Spear|p1a: Knight Artorias
|-damage|p1a: Knight Artorias|73/100
|-damage|p1a: Knight Artorias|57/100
|-damage|p1a: Knight Artorias|43/100
|-damage|p1a: Knight Artorias|28/100
|-damage|p1a: Knight Artorias|13/100
|-hitcount|p1a: Knight Artorias|5
|move|p1a: Knight Artorias|Iron Head|p2a: Cloyster
|-damage|p2a: Cloyster|8/100
|
|-heal|p1a: Knight Artorias|19/100|[from] item: Leftovers
|upkeep
|turn|8
|c|☆arsenicSulfide|damn it be like that
|-message|arsenicSulfide forfeited.
|
|win|Dynamax'd Tyrion
|l|☆arsenicSulfide
|raw|arsenicSulfide's rating: 1445 → 1426(-19 for losing)
|raw|Dynamax'd Tyrion's rating: 1468 → 1487(+19 for winning)
