|ScrapeTime|2020-01-01-09:15:26
|j|☆ReggieYang5
|j|☆chippy2
|player|p1|ReggieYang5|ethan|1387
|player|p2|chippy2|steven|1471
|teamsize|p1|6
|teamsize|p2|6
|gametype|singles
|gen|8
|tier|[Gen 8] OU
|rated|
|rule|Sleep Clause Mod: Limit one foe put to sleep
|rule|Species Clause: Limit one of each Pokémon
|rule|OHKO Clause: OHKO moves are banned
|rule|Evasion Moves Clause: Evasion moves are banned
|rule|Endless Battle Clause: Forcing endless battles is banned
|rule|HP Percentage Mod: HP is shown in percentages
|clearpoke
|poke|p1|Aegislash, F|
|poke|p1|Crawdaunt, F|
|poke|p1|Mew|
|poke|p1|Lucario, F|
|poke|p1|Bisharp, F|
|poke|p1|Dragapult, M|
|poke|p2|Tyranitar, M|
|poke|p2|Excadrill, M|
|poke|p2|Seismitoad, F|
|poke|p2|Ferrothorn, F|
|poke|p2|Clefable, F|
|poke|p2|Cinderace, F|
|rule|Dynamax Clause: You cannot dynamax
|teampreview
|
|start
|switch|p1a: Crawdaunt|Crawdaunt, F|100/100
|switch|p2a: Cinderace|Cinderace, F|100/100
|turn|1
|inactive|Battle timer is ON: inactive players will automatically lose when time's up. (requested by chippy2)
|
|switch|p2a: Ferrothorn|Ferrothorn, F|100/100
|move|p1a: Crawdaunt|Aqua Jet|p2a: Ferrothorn
|-resisted|p2a: Ferrothorn
|-damage|p2a: Ferrothorn|86/100
|-damage|p1a: Crawdaunt|88/100|[from] ability: Iron Barbs|[of] p2a: Ferrothorn
|-damage|p1a: Crawdaunt|78/100|[from] item: Life Orb
|
|-heal|p2a: Ferrothorn|92/100|[from] item: Leftovers
|upkeep
|turn|2
|
|switch|p1a: Aegislash|Aegislash, F|100/100
|-item|p1a: Aegislash|Air Balloon
|move|p2a: Ferrothorn|Spikes|p1a: Aegislash
|-sidestart|p1: ReggieYang5|Spikes
|
|-heal|p2a: Ferrothorn|99/100|[from] item: Leftovers
|upkeep
|turn|3
|
|move|p1a: Aegislash|Swords Dance|p1a: Aegislash
|-boost|p1a: Aegislash|atk|2
|move|p2a: Ferrothorn|Leech Seed|p1a: Aegislash
|-start|p1a: Aegislash|move: Leech Seed
|
|-heal|p2a: Ferrothorn|100/100|[from] item: Leftovers
|-damage|p1a: Aegislash|88/100|[from] Leech Seed|[of] p2a: Ferrothorn
|upkeep
|turn|4
|
|move|p2a: Ferrothorn|Protect|p2a: Ferrothorn
|-singleturn|p2a: Ferrothorn|Protect
|-formechange|p1a: Aegislash|Aegislash-Blade||[from] ability: Stance Change
|move|p1a: Aegislash|Close Combat|p2a: Ferrothorn
|-activate|p2a: Ferrothorn|move: Protect
|
|-damage|p1a: Aegislash|76/100|[from] Leech Seed|[of] p2a: Ferrothorn
|upkeep
|turn|5
|
|switch|p2a: Clefable|Clefable, F|100/100
|move|p1a: Aegislash|Close Combat|p2a: Clefable
|-resisted|p2a: Clefable
|-damage|p2a: Clefable|44/100
|-unboost|p1a: Aegislash|def|1
|-unboost|p1a: Aegislash|spd|1
|
|-damage|p1a: Aegislash|64/100|[from] Leech Seed|[of] p2a: Clefable
|-heal|p2a: Clefable|52/100|[silent]
|upkeep
|turn|6
|
|switch|p2a: Seismitoad|Seismitoad, F|100/100
|move|p1a: Aegislash|Iron Head|p2a: Seismitoad
|-resisted|p2a: Seismitoad
|-damage|p2a: Seismitoad|68/100
|
|-heal|p2a: Seismitoad|74/100|[from] item: Leftovers
|-damage|p1a: Aegislash|51/100|[from] Leech Seed|[of] p2a: Seismitoad
|-heal|p2a: Seismitoad|82/100|[silent]
|upkeep
|turn|7
|
|move|p1a: Aegislash|Close Combat|p2a: Seismitoad
|-damage|p2a: Seismitoad|7/100
|-unboost|p1a: Aegislash|def|1
|-unboost|p1a: Aegislash|spd|1
|move|p2a: Seismitoad|Scald|p1a: Aegislash
|-damage|p1a: Aegislash|0 fnt
|-enditem|p1a: Aegislash|Air Balloon
|faint|p1a: Aegislash
|
|-heal|p2a: Seismitoad|13/100|[from] item: Leftovers
|upkeep
|
|switch|p1a: Mew|Mew|100/100
|-damage|p1a: Mew|88/100|[from] Spikes
|turn|8
|
|move|p1a: Mew|Stealth Rock|p2a: Seismitoad
|-sidestart|p2: chippy2|move: Stealth Rock
|move|p2a: Seismitoad|Stealth Rock|p1a: Mew
|-sidestart|p1: ReggieYang5|move: Stealth Rock
|
|-heal|p2a: Seismitoad|19/100|[from] item: Leftovers
|upkeep
|turn|9
|
|move|p1a: Mew|Spikes|p2a: Seismitoad
|-sidestart|p2: chippy2|Spikes
|move|p2a: Seismitoad|Scald|p1a: Mew
|-damage|p1a: Mew|67/100
|-status|p1a: Mew|brn
|-activate|p1a: Mew|ability: Synchronize
|-status|p2a: Seismitoad|brn
|-enditem|p1a: Mew|Red Card|[of] p2a: Seismitoad
|drag|p2a: Excadrill|Excadrill, M|100/100
|-damage|p2a: Excadrill|97/100|[from] Stealth Rock
|-item|p2a: Excadrill|Air Balloon
|
|-damage|p1a: Mew|61/100 brn|[from] brn
|upkeep
|turn|10
|
|move|p1a: Mew|Self-Destruct|p2a: Excadrill
|-resisted|p2a: Excadrill
|-damage|p2a: Excadrill|82/100
|-enditem|p2a: Excadrill|Air Balloon
|faint|p1a: Mew
|move|p2a: Excadrill|Rapid Spin|p1: Mew|[notarget]
|-fail|p2a: Excadrill
|
|upkeep
|
|switch|p1a: Crawdaunt|Crawdaunt, F|78/100
|-damage|p1a: Crawdaunt|66/100|[from] Stealth Rock
|-damage|p1a: Crawdaunt|54/100|[from] Spikes
|turn|11
|
|switch|p2a: Seismitoad|Seismitoad, F|19/100 brn
|-damage|p2a: Seismitoad|7/100 brn|[from] Spikes
|-damage|p2a: Seismitoad|1/100 brn|[from] Stealth Rock
|move|p1a: Crawdaunt|Swords Dance|p1a: Crawdaunt
|-boost|p1a: Crawdaunt|atk|2
|
|-heal|p2a: Seismitoad|7/100 brn|[from] item: Leftovers
|-damage|p2a: Seismitoad|1/100 brn|[from] brn
|upkeep
|turn|12
|
|move|p1a: Crawdaunt|Knock Off|p2a: Seismitoad
|-damage|p2a: Seismitoad|0 fnt
|-enditem|p2a: Seismitoad|Leftovers|[from] move: Knock Off|[of] p1a: Crawdaunt
|-damage|p1a: Crawdaunt|44/100|[from] item: Life Orb
|faint|p2a: Seismitoad
|
|upkeep
|
|switch|p2a: Tyranitar|Tyranitar, M|100/100
|-damage|p2a: Tyranitar|88/100|[from] Spikes
|-damage|p2a: Tyranitar|76/100|[from] Stealth Rock
|-weather|Sandstorm|[from] ability: Sand Stream|[of] p2a: Tyranitar
|turn|13
|
|switch|p2a: Ferrothorn|Ferrothorn, F|100/100
|-damage|p2a: Ferrothorn|88/100|[from] Spikes
|-damage|p2a: Ferrothorn|82/100|[from] Stealth Rock
|move|p1a: Crawdaunt|Aqua Jet|p2a: Ferrothorn
|-resisted|p2a: Ferrothorn
|-damage|p2a: Ferrothorn|55/100
|-damage|p1a: Crawdaunt|32/100|[from] ability: Iron Barbs|[of] p2a: Ferrothorn
|-damage|p1a: Crawdaunt|22/100|[from] item: Life Orb
|
|-weather|Sandstorm|[upkeep]
|-damage|p1a: Crawdaunt|16/100|[from] Sandstorm
|-heal|p2a: Ferrothorn|61/100|[from] item: Leftovers
|upkeep
|turn|14
|
|move|p2a: Ferrothorn|Protect|p2a: Ferrothorn
|-singleturn|p2a: Ferrothorn|Protect
|move|p1a: Crawdaunt|Knock Off|p2a: Ferrothorn
|-activate|p2a: Ferrothorn|move: Protect
|
|-weather|Sandstorm|[upkeep]
|-damage|p1a: Crawdaunt|10/100|[from] Sandstorm
|-heal|p2a: Ferrothorn|67/100|[from] item: Leftovers
|upkeep
|turn|15
|
|move|p1a: Crawdaunt|Knock Off|p2a: Ferrothorn
|-damage|p2a: Ferrothorn|0 fnt
|-damage|p1a: Crawdaunt|0 fnt|[from] ability: Iron Barbs|[of] p2a: Ferrothorn
|faint|p2a: Ferrothorn
|faint|p1a: Crawdaunt
|
|-weather|Sandstorm|[upkeep]
|upkeep
|
|switch|p1a: Bisharp|Bisharp, F|100/100
|switch|p2a: Cinderace|Cinderace, F|100/100
|-damage|p2a: Cinderace|88/100|[from] Spikes
|-damage|p2a: Cinderace|63/100|[from] Stealth Rock
|-damage|p1a: Bisharp|95/100|[from] Stealth Rock
|-damage|p1a: Bisharp|82/100|[from] Spikes
|turn|16
|
|move|p1a: Bisharp|Sucker Punch|p2a: Cinderace
|-crit|p2a: Cinderace
|-damage|p2a: Cinderace|0 fnt
|-damage|p1a: Bisharp|72/100|[from] item: Life Orb
|faint|p2a: Cinderace
|
|-weather|Sandstorm|[upkeep]
|upkeep
|
|switch|p2a: Excadrill|Excadrill, M|82/100
|-damage|p2a: Excadrill|79/100|[from] Stealth Rock
|-damage|p2a: Excadrill|66/100|[from] Spikes
|turn|17
|
|move|p1a: Bisharp|Sucker Punch|p2a: Excadrill
|-damage|p2a: Excadrill|0 fnt
|-damage|p1a: Bisharp|62/100|[from] item: Life Orb
|faint|p2a: Excadrill
|
|-weather|none
|upkeep
|
|switch|p2a: Clefable|Clefable, F|52/100
|turn|18
|
|move|p1a: Bisharp|Iron Head|p2a: Clefable
|-supereffective|p2a: Clefable
|-damage|p2a: Clefable|0 fnt
|-damage|p1a: Bisharp|53/100|[from] item: Life Orb
|faint|p2a: Clefable
|
|upkeep
|-message|chippy2 forfeited.
|
|win|ReggieYang5
|l|☆chippy2
|raw|ReggieYang5's rating: 1387 → 1412(+25 for winning)
|raw|chippy2's rating: 1471 → 1447(-24 for losing)
