|ScrapeTime|2020-01-02-06:45:02
|j|☆J0aqu1n
|j|☆dbx7
|player|p1|J0aqu1n|266|1160
|player|p2|dbx7|102|1180
|teamsize|p1|6
|teamsize|p2|6
|gametype|singles
|gen|8
|tier|[Gen 8] OU
|rated|
|rule|Sleep Clause Mod: Limit one foe put to sleep
|rule|Species Clause: Limit one of each Pokémon
|rule|OHKO Clause: OHKO moves are banned
|rule|Evasion Moves Clause: Evasion moves are banned
|rule|Endless Battle Clause: Forcing endless battles is banned
|rule|HP Percentage Mod: HP is shown in percentages
|clearpoke
|poke|p1|Hydreigon, M|
|poke|p1|Excadrill, F|
|poke|p1|Dragapult, M|
|poke|p1|Rotom-Heat|
|poke|p1|Conkeldurr, M|
|poke|p1|Hatterene, F|
|poke|p2|Cinderace, F|
|poke|p2|Corviknight, M|
|poke|p2|Dracovish|
|poke|p2|Tyranitar, M|
|poke|p2|Toxtricity-Low-Key, F|
|poke|p2|Gastrodon-East, F|
|rule|Dynamax Clause: You cannot dynamax
|teampreview
|
|start
|switch|p1a: Excadrill|Excadrill, F|100/100
|switch|p2a: Cinderace|Cinderace, F|100/100
|-ability|p1a: Excadrill|Mold Breaker
|-item|p1a: Excadrill|Air Balloon
|turn|1
|
|switch|p1a: Dragapult|Dragapult, M|100/100
|move|p2a: Cinderace|Pyro Ball|p1a: Dragapult
|-resisted|p1a: Dragapult
|-damage|p1a: Dragapult|59/100
|
|upkeep
|turn|2
|
|move|p2a: Cinderace|Sucker Punch|p1a: Dragapult
|-supereffective|p1a: Dragapult
|-damage|p1a: Dragapult|0 fnt
|faint|p1a: Dragapult
|
|upkeep
|
|switch|p1a: Hydreigon|Hydreigon, M|100/100
|turn|3
|
|switch|p2a: Tyranitar|Tyranitar, M, shiny|100/100
|-weather|Sandstorm|[from] ability: Sand Stream|[of] p2a: Tyranitar
|move|p1a: Hydreigon|Dragon Pulse|p2a: Tyranitar
|-damage|p2a: Tyranitar|82/100
|-damage|p1a: Hydreigon|91/100|[from] item: Life Orb
|
|-weather|Sandstorm|[upkeep]
|-damage|p1a: Hydreigon|85/100|[from] Sandstorm
|upkeep
|turn|4
|
|switch|p1a: Conkeldurr|Conkeldurr, M|100/100
|move|p2a: Tyranitar|Fire Blast|p1a: Conkeldurr
|-damage|p1a: Conkeldurr|77/100
|
|-weather|Sandstorm|[upkeep]
|-damage|p1a: Conkeldurr|71/100|[from] Sandstorm
|-status|p1a: Conkeldurr|brn|[from] item: Flame Orb
|upkeep
|turn|5
|
|switch|p2a: Toxtricity|Toxtricity-Low-Key, F|100/100
|move|p1a: Conkeldurr|Drain Punch|p2a: Toxtricity
|-resisted|p2a: Toxtricity
|-damage|p2a: Toxtricity|46/100
|-heal|p1a: Conkeldurr|92/100 brn|[from] drain|[of] p2a: Toxtricity
|
|-weather|Sandstorm|[upkeep]
|-damage|p2a: Toxtricity|40/100|[from] Sandstorm
|-damage|p1a: Conkeldurr|86/100 brn|[from] Sandstorm
|-damage|p1a: Conkeldurr|80/100 brn|[from] brn
|upkeep
|turn|6
|
|move|p2a: Toxtricity|Boomburst|p1a: Conkeldurr
|-damage|p1a: Conkeldurr|0 fnt
|faint|p1a: Conkeldurr
|
|-weather|Sandstorm|[upkeep]
|-damage|p2a: Toxtricity|34/100|[from] Sandstorm
|upkeep
|
|switch|p1a: Excadrill|Excadrill, F|100/100
|-ability|p1a: Excadrill|Mold Breaker
|-item|p1a: Excadrill|Air Balloon
|turn|7
|
|move|p1a: Excadrill|Stealth Rock|p2a: Toxtricity
|-sidestart|p2: dbx7|move: Stealth Rock
|move|p2a: Toxtricity|Boomburst|p1a: Excadrill
|-resisted|p1a: Excadrill
|-damage|p1a: Excadrill|42/100
|-enditem|p1a: Excadrill|Air Balloon
|
|-weather|none
|upkeep
|turn|8
|
|move|p1a: Excadrill|Earthquake|p2a: Toxtricity
|-supereffective|p2a: Toxtricity
|-damage|p2a: Toxtricity|0 fnt
|faint|p2a: Toxtricity
|
|upkeep
|
|switch|p2a: Cinderace|Cinderace, F|100/100
|turn|9
|
|move|p2a: Cinderace|Pyro Ball|p1a: Excadrill
|-supereffective|p1a: Excadrill
|-damage|p1a: Excadrill|0 fnt
|faint|p1a: Excadrill
|
|upkeep
|
|switch|p1a: Hydreigon|Hydreigon, M|85/100
|turn|10
|
|move|p2a: Cinderace|U-turn|p1a: Hydreigon
|-supereffective|p1a: Hydreigon
|-damage|p1a: Hydreigon|29/100
|
|switch|p2a: Tyranitar|Tyranitar, M, shiny|82/100|[from]move: U-turn
|-damage|p2a: Tyranitar|70/100|[from] Stealth Rock
|-weather|Sandstorm|[from] ability: Sand Stream|[of] p2a: Tyranitar
|move|p1a: Hydreigon|Nasty Plot|p1a: Hydreigon
|-boost|p1a: Hydreigon|spa|2
|
|-weather|Sandstorm|[upkeep]
|-damage|p1a: Hydreigon|23/100|[from] Sandstorm
|upkeep
|turn|11
|
|move|p1a: Hydreigon|Flash Cannon|p2a: Tyranitar
|-supereffective|p2a: Tyranitar
|-damage|p2a: Tyranitar|25/100
|-damage|p1a: Hydreigon|13/100|[from] item: Life Orb
|move|p2a: Tyranitar|Crunch|p1a: Hydreigon
|-resisted|p1a: Hydreigon
|-damage|p1a: Hydreigon|0 fnt
|faint|p1a: Hydreigon
|
|-weather|Sandstorm|[upkeep]
|upkeep
|-message|J0aqu1n forfeited.
|
|win|dbx7
|l|☆J0aqu1n
|raw|J0aqu1n's rating: 1160 → 1136(-24 for losing)
|raw|dbx7's rating: 1181 → 1204(+23 for winning)
