|ScrapeTime|2020-01-02-10:35:03
|j|☆ykf
|j|☆Blueravity
|player|p1|ykf|red|1115
|player|p2|Blueravity|silver|1141
|teamsize|p1|6
|teamsize|p2|6
|gametype|singles
|gen|8
|tier|[Gen 8] OU
|rated|
|rule|Sleep Clause Mod: Limit one foe put to sleep
|rule|Species Clause: Limit one of each Pokémon
|rule|OHKO Clause: OHKO moves are banned
|rule|Evasion Moves Clause: Evasion moves are banned
|rule|Endless Battle Clause: Forcing endless battles is banned
|rule|HP Percentage Mod: HP is shown in percentages
|clearpoke
|poke|p1|Ribombee, F|
|poke|p1|Corviknight, F|
|poke|p1|Excadrill, M|
|poke|p1|Toxapex, F|
|poke|p1|Dracovish|
|poke|p1|Hydreigon, M|
|poke|p2|Corviknight, M|
|poke|p2|Hatterene, F|
|poke|p2|Corsola-Galar, F|
|poke|p2|Dracovish|
|poke|p2|Toxtricity, M|
|poke|p2|Charizard, M|
|rule|Dynamax Clause: You cannot dynamax
|teampreview
|inactive|Battle timer is ON: inactive players will automatically lose when time's up. (requested by ykf)
|
|start
|switch|p1a: Hydreigon|Hydreigon, M|100/100
|switch|p2a: We Living|Corsola-Galar, F, shiny|100/100
|turn|1
|
|move|p1a: Hydreigon|Substitute|p1a: Hydreigon
|-start|p1a: Hydreigon|Substitute
|-damage|p1a: Hydreigon|76/100
|move|p2a: We Living|Will-O-Wisp||[still]
|-fail|p2a: We Living
|
|-heal|p1a: Hydreigon|82/100|[from] item: Leftovers
|upkeep
|turn|2
|
|move|p1a: Hydreigon|Nasty Plot|p1a: Hydreigon
|-boost|p1a: Hydreigon|spa|2
|move|p2a: We Living|Stealth Rock|p1a: Hydreigon
|-sidestart|p1: ykf|move: Stealth Rock
|
|-heal|p1a: Hydreigon|88/100|[from] item: Leftovers
|upkeep
|turn|3
|
|switch|p2a: DLC Pack 5|Toxtricity, M, shiny|100/100
|move|p1a: Hydreigon|Nasty Plot|p1a: Hydreigon
|-boost|p1a: Hydreigon|spa|2
|
|-heal|p1a: Hydreigon|94/100|[from] item: Leftovers
|upkeep
|turn|4
|
|move|p1a: Hydreigon|Dark Pulse|p2a: DLC Pack 5
|-damage|p2a: DLC Pack 5|0 fnt
|faint|p2a: DLC Pack 5
|
|-heal|p1a: Hydreigon|99/100|[from] item: Leftovers
|upkeep
|
|switch|p2a: Gardevoir 2|Hatterene, F, shiny|100/100
|turn|5
|
|move|p1a: Hydreigon|Flash Cannon|p2a: Gardevoir 2
|-supereffective|p2a: Gardevoir 2
|-damage|p2a: Gardevoir 2|0 fnt
|faint|p2a: Gardevoir 2
|
|-heal|p1a: Hydreigon|100/100|[from] item: Leftovers
|upkeep
|
|switch|p2a: We Living|Corsola-Galar, F, shiny|100/100
|turn|6
|
|move|p1a: Hydreigon|Dark Pulse|p2a: We Living
|-supereffective|p2a: We Living
|-damage|p2a: We Living|0 fnt
|faint|p2a: We Living
|
|upkeep
|
|switch|p2a: Eric Andre|Corviknight, M, shiny|100/100
|-ability|p2a: Eric Andre|Pressure
|turn|7
|
|move|p1a: Hydreigon|Dark Pulse|p2a: Eric Andre
|-damage|p2a: Eric Andre|0 fnt
|faint|p2a: Eric Andre
|
|upkeep
|
|switch|p2a: EndMyPain|Dracovish|100/100
|turn|8
|
|move|p1a: Hydreigon|Dark Pulse|p2a: EndMyPain
|-damage|p2a: EndMyPain|0 fnt
|faint|p2a: EndMyPain
|
|upkeep
|
|switch|p2a: Charizard|Charizard, M, shiny|100/100
|turn|9
|
|move|p2a: Charizard|Belly Drum|p2a: Charizard
|-damage|p2a: Charizard|50/100
|-setboost|p2a: Charizard|atk|6|[from] move: Belly Drum
|-enditem|p2a: Charizard|Sitrus Berry|[eat]
|-heal|p2a: Charizard|75/100|[from] item: Sitrus Berry
|move|p1a: Hydreigon|Dark Pulse|p2a: Charizard
|-damage|p2a: Charizard|0 fnt
|faint|p2a: Charizard
|
|win|ykf
|raw|ykf's rating: 1115 → 1142(+27 for winning)
|raw|Blueravity's rating: 1142 → 1115(-27 for losing)
|l|☆Blueravity
