|ScrapeTime|2020-01-03-00:26:36
|j|☆AnonymousPulsar
|j|☆t1bxnz
|player|p1|AnonymousPulsar|burglar|1023
|player|p2|t1bxnz|266|1070
|teamsize|p1|6
|teamsize|p2|6
|gametype|singles
|gen|8
|tier|[Gen 8] OU
|rated|
|rule|Sleep Clause Mod: Limit one foe put to sleep
|rule|Species Clause: Limit one of each Pokémon
|rule|OHKO Clause: OHKO moves are banned
|rule|Evasion Moves Clause: Evasion moves are banned
|rule|Endless Battle Clause: Forcing endless battles is banned
|rule|HP Percentage Mod: HP is shown in percentages
|clearpoke
|poke|p1|Excadrill, F|
|poke|p1|Hatterene, F|
|poke|p1|Bisharp, M|
|poke|p1|Conkeldurr, F|
|poke|p1|Dragapult, F|
|poke|p1|Grimmsnarl, M|
|poke|p2|Cloyster, M|
|poke|p2|Snorlax, M|
|poke|p2|Togekiss, M|
|poke|p2|Gallade, M|
|poke|p2|Aegislash, M|
|poke|p2|Jolteon, M|
|rule|Dynamax Clause: You cannot dynamax
|teampreview
|
|start
|switch|p1a: Grimmsnarl|Grimmsnarl, M|100/100
|switch|p2a: Cloyster|Cloyster, M|100/100
|turn|1
|
|move|p1a: Grimmsnarl|Taunt|p2a: Cloyster
|-start|p2a: Cloyster|move: Taunt
|cant|p2a: Cloyster|move: Taunt|Shell Smash
|
|upkeep
|turn|2
|
|move|p1a: Grimmsnarl|Reflect|p1a: Grimmsnarl
|-sidestart|p1: AnonymousPulsar|Reflect
|move|p2a: Cloyster|Rock Blast|p1a: Grimmsnarl
|-damage|p1a: Grimmsnarl|95/100
|-damage|p1a: Grimmsnarl|91/100
|-damage|p1a: Grimmsnarl|86/100
|-damage|p1a: Grimmsnarl|81/100
|-damage|p1a: Grimmsnarl|76/100
|-hitcount|p1a: Grimmsnarl|5
|
|upkeep
|turn|3
|
|switch|p2a: Jolteon|Jolteon, M|100/100
|switch|p1a: Hatterene|Hatterene, F|100/100
|
|upkeep
|turn|4
|
|move|p2a: Jolteon|Thunder Wave|p1a: Hatterene
|move|p1a: Hatterene|Thunder Wave|p2a: Jolteon|[from]Magic Bounce
|-immune|p2a: Jolteon|[from] ability: Volt Absorb
|move|p1a: Hatterene|Calm Mind|p1a: Hatterene
|-boost|p1a: Hatterene|spa|1
|-boost|p1a: Hatterene|spd|1
|
|upkeep
|turn|5
|
|move|p2a: Jolteon|Thunder Wave|p1a: Hatterene
|move|p1a: Hatterene|Thunder Wave|p2a: Jolteon|[from]Magic Bounce
|-immune|p2a: Jolteon|[from] ability: Volt Absorb
|move|p1a: Hatterene|Calm Mind|p1a: Hatterene
|-boost|p1a: Hatterene|spa|1
|-boost|p1a: Hatterene|spd|1
|
|upkeep
|turn|6
|
|switch|p2a: Gallade|Gallade, M|100/100
|move|p1a: Hatterene|Calm Mind|p1a: Hatterene
|-boost|p1a: Hatterene|spa|1
|-boost|p1a: Hatterene|spd|1
|
|upkeep
|turn|7
|
|move|p2a: Gallade|Earthquake|p1a: Hatterene
|-damage|p1a: Hatterene|85/100
|move|p1a: Hatterene|Draining Kiss|p2a: Gallade
|-supereffective|p2a: Gallade
|-damage|p2a: Gallade|0 fnt
|-heal|p1a: Hatterene|100/100|[from] drain|[of] p2a: Gallade
|faint|p2a: Gallade
|
|upkeep
|
|switch|p2a: Aegislash|Aegislash, M|100/100
|turn|8
|
|move|p2a: Aegislash|Swords Dance|p2a: Aegislash
|-boost|p2a: Aegislash|atk|2
|move|p1a: Hatterene|Mystical Fire|p2a: Aegislash
|-supereffective|p2a: Aegislash
|-enditem|p2a: Aegislash|Focus Sash
|-damage|p2a: Aegislash|1/100
|-unboost|p2a: Aegislash|spa|1
|
|upkeep
|turn|9
|
|move|p2a: Aegislash|King's Shield|p2a: Aegislash
|-singleturn|p2a: Aegislash|Protect
|move|p1a: Hatterene|Mystical Fire|p2a: Aegislash
|-activate|p2a: Aegislash|move: Protect
|
|-sideend|p1: AnonymousPulsar|Reflect
|upkeep
|turn|10
|
|-formechange|p2a: Aegislash|Aegislash-Blade||[from] ability: Stance Change
|move|p2a: Aegislash|Head Smash|p1a: Hatterene|[miss]
|-miss|p2a: Aegislash|p1a: Hatterene
|move|p1a: Hatterene|Draining Kiss|p2a: Aegislash
|-resisted|p2a: Aegislash
|-damage|p2a: Aegislash|0 fnt
|faint|p2a: Aegislash
|
|upkeep
|
|switch|p2a: Snorlax|Snorlax, M|100/100
|turn|11
|
|move|p1a: Hatterene|Psychic|p2a: Snorlax
|-damage|p2a: Snorlax|46/100
|-unboost|p2a: Snorlax|spd|1
|move|p2a: Snorlax|Curse|p2a: Snorlax
|-unboost|p2a: Snorlax|spe|1
|-boost|p2a: Snorlax|atk|1
|-boost|p2a: Snorlax|def|1
|
|-heal|p2a: Snorlax|52/100|[from] item: Leftovers
|upkeep
|turn|12
|inactive|Battle timer is ON: inactive players will automatically lose when time's up. (requested by t1bxnz)
|
|move|p1a: Hatterene|Psychic|p2a: Snorlax
|-damage|p2a: Snorlax|0 fnt
|faint|p2a: Snorlax
|
|upkeep
|
|switch|p2a: Cloyster|Cloyster, M|100/100
|turn|13
|
|move|p2a: Cloyster|Shell Smash|p2a: Cloyster
|-unboost|p2a: Cloyster|def|1
|-unboost|p2a: Cloyster|spd|1
|-boost|p2a: Cloyster|atk|2
|-boost|p2a: Cloyster|spa|2
|-boost|p2a: Cloyster|spe|2
|-enditem|p2a: Cloyster|White Herb
|-clearnegativeboost|p2a: Cloyster|[silent]
|move|p1a: Hatterene|Psychic|p2a: Cloyster
|-damage|p2a: Cloyster|0 fnt
|faint|p2a: Cloyster
|
|upkeep
|
|switch|p2a: Togekiss|Togekiss, M|100/100
|turn|14
|
|move|p2a: Togekiss|Flamethrower|p1a: Hatterene
|-damage|p1a: Hatterene|88/100
|move|p1a: Hatterene|Psychic|p2a: Togekiss
|-damage|p2a: Togekiss|0 fnt
|faint|p2a: Togekiss
|
|-heal|p1a: Hatterene|94/100|[from] item: Leftovers
|upkeep
|
|switch|p2a: Jolteon|Jolteon, M|100/100
|turn|15
|
|move|p2a: Jolteon|Thunder|p1a: Hatterene
|-damage|p1a: Hatterene|58/100
|move|p1a: Hatterene|Psychic|p2a: Jolteon
|-damage|p2a: Jolteon|0 fnt
|faint|p2a: Jolteon
|
|win|AnonymousPulsar
|l|☆t1bxnz
|c|☆AnonymousPulsar|gg
|raw|AnonymousPulsar's rating: 1057 → 1090(+33 for winning)
|raw|t1bxnz's rating: 1070 → 1049(-21 for losing)
