|ScrapeTime|2020-01-02-07:46:11
|j|☆mimi (bitches)
|j|☆beergoggles
|player|p1|mimi (bitches)|erika-gen1|1274
|player|p2|beergoggles|130|1339
|teamsize|p1|6
|teamsize|p2|6
|gametype|singles
|gen|8
|tier|[Gen 8] OU
|rated|
|rule|Sleep Clause Mod: Limit one foe put to sleep
|rule|Species Clause: Limit one of each Pokémon
|rule|OHKO Clause: OHKO moves are banned
|rule|Evasion Moves Clause: Evasion moves are banned
|rule|Endless Battle Clause: Forcing endless battles is banned
|rule|HP Percentage Mod: HP is shown in percentages
|clearpoke
|poke|p1|Braviary, M|
|poke|p1|Dugtrio, M|
|poke|p1|Corviknight, F|
|poke|p1|Dragapult, F|
|poke|p1|Lucario, F|
|poke|p1|Hatterene, F|
|poke|p2|Pincurchin, M|
|poke|p2|Hawlucha, M|
|poke|p2|Cloyster, M|
|poke|p2|Indeedee, M|
|poke|p2|Cinderace, M|
|poke|p2|Excadrill, M|
|rule|Dynamax Clause: You cannot dynamax
|teampreview
|
|start
|switch|p1a: Hatterene|Hatterene, F|100/100
|switch|p2a: Cloyster|Cloyster, M|100/100
|turn|1
|
|move|p2a: Cloyster|Icicle Spear|p1a: Hatterene
|-damage|p1a: Hatterene|87/100
|-damage|p1a: Hatterene|75/100
|-damage|p1a: Hatterene|61/100
|-damage|p1a: Hatterene|49/100
|-damage|p1a: Hatterene|36/100
|-hitcount|p1a: Hatterene|5
|cant|p1a: Hatterene|flinch
|
|-heal|p1a: Hatterene|42/100|[from] item: Leftovers
|upkeep
|turn|2
|
|move|p2a: Cloyster|Icicle Spear|p1a: Hatterene
|-damage|p1a: Hatterene|28/100
|-damage|p1a: Hatterene|14/100
|-damage|p1a: Hatterene|1/100
|-damage|p1a: Hatterene|0 fnt
|-hitcount|p1a: Hatterene|4
|faint|p1a: Hatterene
|
|upkeep
|
|switch|p1a: Dragapult|Dragapult, F|100/100
|turn|3
|
|switch|p2a: Excadrill|Excadrill, M|100/100
|-ability|p2a: Excadrill|Mold Breaker
|move|p1a: Dragapult|U-turn|p2a: Excadrill
|-resisted|p2a: Excadrill
|-damage|p2a: Excadrill|87/100
|
|switch|p1a: Dugtrio|Dugtrio, M|100/100|[from]move: U-turn
|
|upkeep
|turn|4
|
|move|p1a: Dugtrio|Earthquake|p2a: Excadrill
|-supereffective|p2a: Excadrill
|-damage|p2a: Excadrill|0 fnt
|faint|p2a: Excadrill
|
|upkeep
|
|switch|p2a: Cloyster|Cloyster, M|100/100
|turn|5
|
|move|p1a: Dugtrio|Reversal|p2a: Cloyster
|-supereffective|p2a: Cloyster
|-damage|p2a: Cloyster|91/100
|move|p2a: Cloyster|Shell Smash|p2a: Cloyster
|-unboost|p2a: Cloyster|def|1
|-unboost|p2a: Cloyster|spd|1
|-boost|p2a: Cloyster|atk|2
|-boost|p2a: Cloyster|spa|2
|-boost|p2a: Cloyster|spe|2
|
|upkeep
|turn|6
|
|move|p1a: Dugtrio|Sucker Punch|p2a: Cloyster
|-damage|p2a: Cloyster|64/100
|move|p2a: Cloyster|Icicle Spear|p1a: Dugtrio
|-supereffective|p1a: Dugtrio
|-enditem|p1a: Dugtrio|Focus Sash
|-damage|p1a: Dugtrio|1/100
|-supereffective|p1a: Dugtrio
|-damage|p1a: Dugtrio|0 fnt
|-hitcount|p1a: Dugtrio|2
|faint|p1a: Dugtrio
|
|upkeep
|
|switch|p1a: Dragapult|Dragapult, F|100/100
|turn|7
|
|move|p2a: Cloyster|Ice Shard|p1a: Dragapult
|-supereffective|p1a: Dragapult
|-damage|p1a: Dragapult|8/100
|move|p1a: Dragapult|Draco Meteor|p2a: Cloyster
|-damage|p2a: Cloyster|0 fnt
|-unboost|p1a: Dragapult|spa|2
|faint|p2a: Cloyster
|
|upkeep
|
|switch|p2a: Dustpan|Pincurchin, M|100/100
|-fieldstart|move: Electric Terrain|[from] ability: Electric Surge|[of] p2a: Dustpan
|turn|8
|inactive|Battle timer is ON: inactive players will automatically lose when time's up. (requested by beergoggles)
|
|switch|p1a: Lucario|Lucario, F|100/100
|move|p2a: Dustpan|Memento|p1a: Lucario
|-unboost|p1a: Lucario|atk|2
|-unboost|p1a: Lucario|spa|2
|faint|p2a: Dustpan
|
|upkeep
|
|switch|p2a: Broom|Hawlucha, M|100/100
|-enditem|p2a: Broom|Electric Seed
|-boost|p2a: Broom|def|1
|turn|9
|
|move|p2a: Broom|Swords Dance|p2a: Broom
|-boost|p2a: Broom|atk|2
|move|p1a: Lucario|Aura Sphere|p2a: Broom
|-resisted|p2a: Broom
|-damage|p2a: Broom|80/100
|-damage|p1a: Lucario|91/100|[from] item: Life Orb
|
|upkeep
|turn|10
|
|move|p1a: Lucario|Vacuum Wave|p2a: Broom
|-resisted|p2a: Broom
|-damage|p2a: Broom|70/100
|-damage|p1a: Lucario|81/100|[from] item: Life Orb
|move|p2a: Broom|Drain Punch|p1a: Lucario
|-supereffective|p1a: Lucario
|-damage|p1a: Lucario|0 fnt
|-heal|p2a: Broom|100/100|[from] drain|[of] p1a: Lucario
|faint|p1a: Lucario
|
|upkeep
|
|switch|p1a: Dragapult|Dragapult, F|8/100
|turn|11
|
|switch|p2a: Indeedee|Indeedee, M|100/100
|-fieldstart|move: Psychic Terrain|[from] ability: Psychic Surge|[of] p2a: Indeedee
|move|p1a: Dragapult|Draco Meteor|p2a: Indeedee
|-crit|p2a: Indeedee
|-damage|p2a: Indeedee|0 fnt
|-unboost|p1a: Dragapult|spa|2
|faint|p2a: Indeedee
|
|upkeep
|inactive|beergoggles has 120 seconds left.
|
|switch|p2a: Cinderace|Cinderace, M|100/100
|turn|12
|
|switch|p1a: Braviary|Braviary, M|100/100
|move|p2a: Cinderace|Pyro Ball|p1a: Braviary
|-damage|p1a: Braviary|11/100
|-damage|p2a: Cinderace|91/100|[from] item: Life Orb
|
|upkeep
|turn|13
|
|move|p2a: Cinderace|Pyro Ball|p1a: Braviary
|-damage|p1a: Braviary|0 fnt
|-damage|p2a: Cinderace|81/100|[from] item: Life Orb
|faint|p1a: Braviary
|
|upkeep
|
|switch|p1a: Dragapult|Dragapult, F|8/100
|turn|14
|
|move|p1a: Dragapult|Draco Meteor|p2a: Cinderace|[miss]
|-miss|p1a: Dragapult|p2a: Cinderace
|move|p2a: Cinderace|Pyro Ball|p1a: Dragapult
|-resisted|p1a: Dragapult
|-damage|p1a: Dragapult|0 fnt
|-damage|p2a: Cinderace|71/100|[from] item: Life Orb
|faint|p1a: Dragapult
|
|upkeep
|-message|mimi (bitches) forfeited.
|
|win|beergoggles
|raw|mimi (bitches)'s rating: 1274 → 1253(-21 for losing)
|raw|beergoggles's rating: 1339 → 1355(+16 for winning)
