|ScrapeTime|2020-01-01-19:54:33
|j|☆watwatsauvage
|j|☆Mauricioelanime2
|player|p1|watwatsauvage|ghetsis|1291
|player|p2|Mauricioelanime2|proton|1248
|teamsize|p1|6
|teamsize|p2|6
|gametype|singles
|gen|8
|tier|[Gen 8] OU
|rated|
|rule|Sleep Clause Mod: Limit one foe put to sleep
|rule|Species Clause: Limit one of each Pokémon
|rule|OHKO Clause: OHKO moves are banned
|rule|Evasion Moves Clause: Evasion moves are banned
|rule|Endless Battle Clause: Forcing endless battles is banned
|rule|HP Percentage Mod: HP is shown in percentages
|clearpoke
|poke|p1|Excadrill, M|
|poke|p1|Dracovish|
|poke|p1|Dragapult, M|
|poke|p1|Gyarados, M|
|poke|p1|Hawlucha, M|
|poke|p1|Toxtricity, M|
|poke|p2|Polteageist|
|poke|p2|Grimmsnarl, M|
|poke|p2|Reuniclus, M|
|poke|p2|Ferrothorn, M|
|poke|p2|Rotom-Wash|
|poke|p2|Cinderace, F|
|rule|Dynamax Clause: You cannot dynamax
|teampreview
|
|start
|switch|p1a: Taupe <3|Excadrill, M|100/100
|switch|p2a: Grimmsnarl|Grimmsnarl, M|100/100
|-ability|p1a: Taupe <3|Mold Breaker
|turn|1
|
|switch|p2a: Rotom|Rotom-Wash|100/100
|move|p1a: Taupe <3|Stealth Rock|p2a: Rotom
|-sidestart|p2: Mauricioelanime2|move: Stealth Rock
|
|upkeep
|turn|2
|
|move|p1a: Taupe <3|Earthquake|p2a: Rotom
|-supereffective|p2a: Rotom
|-damage|p2a: Rotom|17/100
|move|p2a: Rotom|Hydro Pump|p1a: Taupe <3
|-supereffective|p1a: Taupe <3
|-enditem|p1a: Taupe <3|Focus Sash
|-damage|p1a: Taupe <3|1/100
|
|-heal|p2a: Rotom|23/100|[from] item: Leftovers
|upkeep
|turn|3
|
|move|p1a: Taupe <3|Earthquake|p2a: Rotom
|-supereffective|p2a: Rotom
|-damage|p2a: Rotom|0 fnt
|faint|p2a: Rotom
|
|upkeep
|
|switch|p2a: Grimmsnarl|Grimmsnarl, M|100/100
|-damage|p2a: Grimmsnarl|88/100|[from] Stealth Rock
|turn|4
|
|move|p2a: Grimmsnarl|Reflect|p2a: Grimmsnarl
|-sidestart|p2: Mauricioelanime2|Reflect
|move|p1a: Taupe <3|Steel Beam|p2a: Grimmsnarl
|-supereffective|p2a: Grimmsnarl
|-damage|p2a: Grimmsnarl|28/100
|-damage|p1a: Taupe <3|0 fnt|[from] mindblown
|faint|p1a: Taupe <3
|
|upkeep
|
|switch|p1a: ACDC|Toxtricity, M|100/100
|turn|5
|
|move|p2a: Grimmsnarl|Light Screen|p2a: Grimmsnarl
|-sidestart|p2: Mauricioelanime2|move: Light Screen
|move|p1a: ACDC|Volt Switch|p2a: Grimmsnarl
|-damage|p2a: Grimmsnarl|0 fnt
|faint|p2a: Grimmsnarl
|
|switch|p1a: Sushi|Dracovish|100/100|[from]move: Volt Switch
|
|upkeep
|
|switch|p2a: Polteageist|Polteageist|100/100
|-damage|p2a: Polteageist|88/100|[from] Stealth Rock
|turn|6
|
|move|p2a: Polteageist|Shell Smash|p2a: Polteageist
|-unboost|p2a: Polteageist|def|1
|-unboost|p2a: Polteageist|spd|1
|-boost|p2a: Polteageist|atk|2
|-boost|p2a: Polteageist|spa|2
|-boost|p2a: Polteageist|spe|2
|-enditem|p2a: Polteageist|White Herb
|-clearnegativeboost|p2a: Polteageist|[silent]
|move|p1a: Sushi|Fishious Rend|p2a: Polteageist
|-damage|p2a: Polteageist|12/100
|
|upkeep
|turn|7
|
|move|p2a: Polteageist|Shadow Ball|p1a: Sushi
|-damage|p1a: Sushi|0 fnt
|faint|p1a: Sushi
|
|upkeep
|
|switch|p1a: Sushi Géant|Gyarados, M, shiny|100/100
|turn|8
|
|move|p2a: Polteageist|Strength Sap|p1a: Sushi Géant
|-unboost|p1a: Sushi Géant|atk|1
|-heal|p2a: Polteageist|100/100
|move|p1a: Sushi Géant|Waterfall|p2a: Polteageist
|-damage|p2a: Polteageist|76/100
|-start|p1a: Sushi Géant|Disable|Waterfall|[from] ability: Cursed Body|[of] p2a: Polteageist
|
|upkeep
|turn|9
|-message|watwatsauvage forfeited.
|
|win|Mauricioelanime2
|l|☆watwatsauvage
|raw|watwatsauvage's rating: 1291 → 1263(-28 for losing)
|raw|Mauricioelanime2's rating: 1249 → 1277(+28 for winning)
