|ScrapeTime|2020-01-01-05:26:29
|j|☆The KaTiaL
|j|☆Unaware Square
|player|p1|The KaTiaL|clay|1499
|player|p2|Unaware Square|124|1443
|teamsize|p1|6
|teamsize|p2|6
|gametype|singles
|gen|8
|tier|[Gen 8] OU
|rated|
|rule|Sleep Clause Mod: Limit one foe put to sleep
|rule|Species Clause: Limit one of each Pokémon
|rule|OHKO Clause: OHKO moves are banned
|rule|Evasion Moves Clause: Evasion moves are banned
|rule|Endless Battle Clause: Forcing endless battles is banned
|rule|HP Percentage Mod: HP is shown in percentages
|clearpoke
|poke|p1|Crawdaunt, M|
|poke|p1|Gardevoir, F|
|poke|p1|Dragapult, F|
|poke|p1|Flareon, M|
|poke|p1|Ferrothorn, M|
|poke|p1|Excadrill, F|
|poke|p2|Conkeldurr, M|
|poke|p2|Kommo-o, F|
|poke|p2|Jellicent, M|
|poke|p2|Clefable, M|
|poke|p2|Corviknight, M|
|poke|p2|Dragapult, M|
|rule|Dynamax Clause: You cannot dynamax
|teampreview
|
|start
|switch|p1a: Excadrill|Excadrill, F|100/100
|switch|p2a: Dragapult|Dragapult, M|100/100
|-ability|p1a: Excadrill|Mold Breaker
|turn|1
|
|switch|p1a: Ferrothorn|Ferrothorn, M|100/100
|move|p2a: Dragapult|U-turn|p1a: Ferrothorn
|-damage|p1a: Ferrothorn|80/100
|-damage|p2a: Dragapult|88/100|[from] ability: Iron Barbs|[of] p1a: Ferrothorn
|
|switch|p2a: Conkeldurr|Conkeldurr, M|100/100|[from]move: U-turn
|
|-heal|p1a: Ferrothorn|86/100|[from] item: Leftovers
|-status|p2a: Conkeldurr|brn|[from] item: Flame Orb
|upkeep
|turn|2
|
|switch|p1a: Dragapult|Dragapult, F|100/100
|move|p2a: Conkeldurr|Drain Punch|p1a: Dragapult
|-immune|p1a: Dragapult
|
|-damage|p2a: Conkeldurr|94/100 brn|[from] brn
|upkeep
|turn|3
|
|move|p1a: Dragapult|Substitute|p1a: Dragapult
|-start|p1a: Dragapult|Substitute
|-damage|p1a: Dragapult|76/100
|move|p2a: Conkeldurr|Ice Punch|p1a: Dragapult
|-supereffective|p1a: Dragapult
|-end|p1a: Dragapult|Substitute
|
|-heal|p1a: Dragapult|82/100|[from] item: Leftovers
|-damage|p2a: Conkeldurr|88/100 brn|[from] brn
|upkeep
|turn|4
|
|switch|p2a: Clefable|Clefable, M|100/100
|move|p1a: Dragapult|Disable||[still]
|-fail|p1a: Dragapult
|
|-heal|p1a: Dragapult|88/100|[from] item: Leftovers
|upkeep
|turn|5
|
|move|p1a: Dragapult|Substitute|p1a: Dragapult
|-start|p1a: Dragapult|Substitute
|-damage|p1a: Dragapult|63/100
|move|p2a: Clefable|Moonblast|p1a: Dragapult
|-supereffective|p1a: Dragapult
|-end|p1a: Dragapult|Substitute
|
|-heal|p1a: Dragapult|69/100|[from] item: Leftovers
|upkeep
|turn|6
|
|switch|p2a: Conkeldurr|Conkeldurr, M|88/100 brn
|move|p1a: Dragapult|Will-O-Wisp|p2a: Conkeldurr|[miss]
|-miss|p1a: Dragapult|p2a: Conkeldurr
|
|-heal|p1a: Dragapult|75/100|[from] item: Leftovers
|-damage|p2a: Conkeldurr|82/100 brn|[from] brn
|upkeep
|turn|7
|
|switch|p1a: Flareon|Flareon, M|100/100
|move|p2a: Conkeldurr|Ice Punch|p1a: Flareon
|-resisted|p1a: Flareon
|-damage|p1a: Flareon|68/100
|
|-damage|p2a: Conkeldurr|76/100 brn|[from] brn
|upkeep
|turn|8
|
|switch|p2a: Jellicent|Jellicent, M|100/100
|move|p1a: Flareon|Flare Blitz|p2a: Jellicent
|-resisted|p2a: Jellicent
|-damage|p2a: Jellicent|82/100
|-damage|p1a: Flareon|51/100|[from] item: Rocky Helmet|[of] p2a: Jellicent
|-damage|p1a: Flareon|44/100|[from] Recoil
|
|upkeep
|turn|9
|
|move|p1a: Flareon|Wish|p1a: Flareon
|move|p2a: Jellicent|Strength Sap|p1a: Flareon
|-unboost|p1a: Flareon|atk|1
|-heal|p2a: Jellicent|100/100
|
|upkeep
|turn|10
|
|move|p1a: Flareon|Yawn|p2a: Jellicent
|-start|p2a: Jellicent|move: Yawn|[of] p1a: Flareon
|move|p2a: Jellicent|Will-O-Wisp|p1a: Flareon
|-start|p1a: Flareon|ability: Flash Fire
|
|-heal|p1a: Flareon|94/100|[from] move: Wish|[wisher] Flareon
|upkeep
|turn|11
|
|-end|p1a: Flareon|ability: Flash Fire|[silent]
|switch|p1a: Dragapult|Dragapult, F|75/100
|switch|p2a: Kommo-o|Kommo-o, F|100/100
|
|-heal|p1a: Dragapult|81/100|[from] item: Leftovers
|upkeep
|turn|12
|
|move|p1a: Dragapult|Will-O-Wisp|p2a: Kommo-o
|-status|p2a: Kommo-o|brn
|move|p2a: Kommo-o|Taunt|p1a: Dragapult
|-start|p1a: Dragapult|move: Taunt
|
|-heal|p1a: Dragapult|88/100|[from] item: Leftovers
|-damage|p2a: Kommo-o|94/100 brn|[from] brn
|upkeep
|turn|13
|
|move|p1a: Dragapult|Hex|p2a: Kommo-o
|-damage|p2a: Kommo-o|49/100 brn
|move|p2a: Kommo-o|Stealth Rock|p1a: Dragapult
|-sidestart|p1: The KaTiaL|move: Stealth Rock
|
|-heal|p1a: Dragapult|94/100|[from] item: Leftovers
|-heal|p2a: Kommo-o|55/100 brn|[from] item: Leftovers
|-damage|p2a: Kommo-o|49/100 brn|[from] brn
|upkeep
|turn|14
|
|switch|p2a: Clefable|Clefable, M|100/100
|move|p1a: Dragapult|Hex|p2a: Clefable
|-damage|p2a: Clefable|83/100
|
|-heal|p1a: Dragapult|99/100|[from] item: Leftovers
|-heal|p2a: Clefable|89/100|[from] item: Leftovers
|upkeep
|turn|15
|
|switch|p1a: Flareon|Flareon, M|94/100
|move|p2a: Clefable|Fire Blast|p1a: Flareon
|-start|p1a: Flareon|ability: Flash Fire
|
|-heal|p2a: Clefable|95/100|[from] item: Leftovers
|upkeep
|turn|16
|
|switch|p2a: Jellicent|Jellicent, M|100/100
|move|p1a: Flareon|Flare Blitz|p2a: Jellicent
|-resisted|p2a: Jellicent
|-damage|p2a: Jellicent|70/100
|-damage|p1a: Flareon|77/100|[from] item: Rocky Helmet|[of] p2a: Jellicent
|-damage|p1a: Flareon|65/100|[from] Recoil
|
|upkeep
|turn|17
|
|move|p1a: Flareon|Wish|p1a: Flareon
|move|p2a: Jellicent|Hex|p1a: Flareon
|-damage|p1a: Flareon|52/100
|
|upkeep
|turn|18
|
|move|p1a: Flareon|Yawn|p2a: Jellicent
|-start|p2a: Jellicent|move: Yawn|[of] p1a: Flareon
|move|p2a: Jellicent|Strength Sap|p1a: Flareon
|-unboost|p1a: Flareon|atk|1
|-heal|p2a: Jellicent|100/100
|
|-heal|p1a: Flareon|100/100|[from] move: Wish|[wisher] Flareon
|upkeep
|turn|19
|
|-end|p1a: Flareon|ability: Flash Fire|[silent]
|switch|p1a: Dragapult|Dragapult, F|99/100
|-damage|p1a: Dragapult|88/100|[from] Stealth Rock
|switch|p2a: Dragapult|Dragapult, M|88/100
|
|-heal|p1a: Dragapult|94/100|[from] item: Leftovers
|upkeep
|turn|20
|
|switch|p1a: Ferrothorn|Ferrothorn, M|86/100
|-damage|p1a: Ferrothorn|80/100|[from] Stealth Rock
|move|p2a: Dragapult|Dragon Darts|p1a: Ferrothorn
|-resisted|p1a: Ferrothorn
|-damage|p1a: Ferrothorn|68/100
|-resisted|p1a: Ferrothorn
|-damage|p1a: Ferrothorn|57/100
|-hitcount|p1a: Ferrothorn|2
|
|-heal|p1a: Ferrothorn|63/100|[from] item: Leftovers
|upkeep
|turn|21
|
|switch|p2a: Conkeldurr|Conkeldurr, M|76/100 brn
|move|p1a: Ferrothorn|Gyro Ball|p2a: Conkeldurr
|-damage|p2a: Conkeldurr|55/100 brn
|
|-heal|p1a: Ferrothorn|69/100|[from] item: Leftovers
|-damage|p2a: Conkeldurr|49/100 brn|[from] brn
|upkeep
|turn|22
|
|move|p2a: Conkeldurr|Ice Punch|p1a: Ferrothorn
|-damage|p1a: Ferrothorn|39/100
|-damage|p2a: Conkeldurr|37/100 brn|[from] ability: Iron Barbs|[of] p1a: Ferrothorn
|move|p1a: Ferrothorn|Stealth Rock|p2a: Conkeldurr
|-sidestart|p2: Unaware Square|move: Stealth Rock
|
|-heal|p1a: Ferrothorn|45/100|[from] item: Leftovers
|-damage|p2a: Conkeldurr|31/100 brn|[from] brn
|upkeep
|turn|23
|
|move|p2a: Conkeldurr|Ice Punch|p1a: Ferrothorn
|-damage|p1a: Ferrothorn|14/100
|-damage|p2a: Conkeldurr|18/100 brn|[from] ability: Iron Barbs|[of] p1a: Ferrothorn
|move|p1a: Ferrothorn|Leech Seed|p2a: Conkeldurr
|-start|p2a: Conkeldurr|move: Leech Seed
|
|-heal|p1a: Ferrothorn|20/100|[from] item: Leftovers
|-damage|p2a: Conkeldurr|6/100 brn|[from] Leech Seed|[of] p1a: Ferrothorn
|-heal|p1a: Ferrothorn|35/100|[silent]
|-damage|p2a: Conkeldurr|0 fnt|[from] brn
|faint|p2a: Conkeldurr
|upkeep
|
|switch|p2a: Kommo-o|Kommo-o, F|49/100 brn
|-damage|p2a: Kommo-o|42/100 brn|[from] Stealth Rock
|turn|24
|
|move|p2a: Kommo-o|Body Press|p1a: Ferrothorn
|-supereffective|p1a: Ferrothorn
|-damage|p1a: Ferrothorn|4/100
|-damage|p2a: Kommo-o|30/100 brn|[from] ability: Iron Barbs|[of] p1a: Ferrothorn
|move|p1a: Ferrothorn|Leech Seed|p2a: Kommo-o
|-start|p2a: Kommo-o|move: Leech Seed
|
|-heal|p2a: Kommo-o|36/100 brn|[from] item: Leftovers
|-heal|p1a: Ferrothorn|10/100|[from] item: Leftovers
|-damage|p2a: Kommo-o|24/100 brn|[from] Leech Seed|[of] p1a: Ferrothorn
|-heal|p1a: Ferrothorn|23/100|[silent]
|-damage|p2a: Kommo-o|17/100 brn|[from] brn
|upkeep
|turn|25
|
|switch|p1a: Dragapult|Dragapult, F|94/100
|-damage|p1a: Dragapult|81/100|[from] Stealth Rock
|move|p2a: Kommo-o|Body Press|p1a: Dragapult
|-immune|p1a: Dragapult
|
|-heal|p1a: Dragapult|88/100|[from] item: Leftovers
|-heal|p2a: Kommo-o|24/100 brn|[from] item: Leftovers
|-damage|p2a: Kommo-o|11/100 brn|[from] Leech Seed|[of] p1a: Dragapult
|-heal|p1a: Dragapult|100/100|[silent]
|-damage|p2a: Kommo-o|5/100 brn|[from] brn
|upkeep
|turn|26
|
|move|p1a: Dragapult|Hex|p2a: Kommo-o
|-damage|p2a: Kommo-o|0 fnt
|faint|p2a: Kommo-o
|
|upkeep
|
|switch|p2a: Dragapult|Dragapult, M|88/100
|-damage|p2a: Dragapult|76/100|[from] Stealth Rock
|turn|27
|
|switch|p1a: Ferrothorn|Ferrothorn, M|23/100
|-damage|p1a: Ferrothorn|17/100|[from] Stealth Rock
|move|p2a: Dragapult|Shadow Ball|p1a: Ferrothorn
|-crit|p1a: Ferrothorn
|-damage|p1a: Ferrothorn|0 fnt
|faint|p1a: Ferrothorn
|
|upkeep
|
|switch|p1a: Crawdaunt|Crawdaunt, M|100/100
|-damage|p1a: Crawdaunt|88/100|[from] Stealth Rock
|turn|28
|
|switch|p2a: Corviknight|Corviknight, M|100/100
|-damage|p2a: Corviknight|88/100|[from] Stealth Rock
|move|p1a: Crawdaunt|Knock Off|p2a: Corviknight
|-damage|p2a: Corviknight|40/100
|-enditem|p2a: Corviknight|Leftovers|[from] move: Knock Off|[of] p1a: Crawdaunt
|-damage|p1a: Crawdaunt|78/100|[from] item: Life Orb
|
|upkeep
|turn|29
|
|move|p1a: Crawdaunt|Crabhammer|p2a: Corviknight
|-damage|p2a: Corviknight|0 fnt
|-damage|p1a: Crawdaunt|69/100|[from] item: Life Orb
|faint|p2a: Corviknight
|
|upkeep
|
|switch|p2a: Dragapult|Dragapult, M|76/100
|-damage|p2a: Dragapult|64/100|[from] Stealth Rock
|turn|30
|
|switch|p1a: Gardevoir|Gardevoir, F|100/100
|-damage|p1a: Gardevoir|88/100|[from] Stealth Rock
|-ability|p1a: Gardevoir|Clear Body|[from] ability: Trace|[of] p2a: Dragapult
|move|p2a: Dragapult|U-turn|p1a: Gardevoir
|-damage|p1a: Gardevoir|23/100
|
|switch|p2a: Clefable|Clefable, M|95/100|[from]move: U-turn
|
|-heal|p2a: Clefable|100/100|[from] item: Leftovers
|upkeep
|turn|31
|
|move|p1a: Gardevoir|Moonblast|p2a: Clefable
|-damage|p2a: Clefable|67/100
|move|p2a: Clefable|Moonblast|p1a: Gardevoir
|-damage|p1a: Gardevoir|0 fnt
|faint|p1a: Gardevoir
|
|-heal|p2a: Clefable|73/100|[from] item: Leftovers
|upkeep
|
|switch|p1a: Excadrill|Excadrill, F|100/100
|-damage|p1a: Excadrill|97/100|[from] Stealth Rock
|-ability|p1a: Excadrill|Mold Breaker
|turn|32
|
|switch|p2a: Jellicent|Jellicent, M|100/100
|-damage|p2a: Jellicent|88/100|[from] Stealth Rock
|move|p1a: Excadrill|Iron Head|p2a: Jellicent
|-resisted|p2a: Jellicent
|-damage|p2a: Jellicent|71/100
|-damage|p1a: Excadrill|81/100|[from] item: Rocky Helmet|[of] p2a: Jellicent
|
|upkeep
|turn|33
|
|switch|p1a: Flareon|Flareon, M|100/100
|move|p2a: Jellicent|Strength Sap|p1a: Flareon
|-unboost|p1a: Flareon|atk|1
|-heal|p2a: Jellicent|100/100
|
|upkeep
|turn|34
|
|move|p1a: Flareon|Yawn|p2a: Jellicent
|-start|p2a: Jellicent|move: Yawn|[of] p1a: Flareon
|move|p2a: Jellicent|Strength Sap|p1a: Flareon
|-unboost|p1a: Flareon|atk|1
|
|upkeep
|turn|35
|
|switch|p2a: Dragapult|Dragapult, M|64/100
|-damage|p2a: Dragapult|51/100|[from] Stealth Rock
|move|p1a: Flareon|Wish|p1a: Flareon
|
|upkeep
|turn|36
|
|move|p1a: Flareon|Protect|p1a: Flareon
|-singleturn|p1a: Flareon|Protect
|move|p2a: Dragapult|Dragon Darts|p1a: Flareon
|-activate|p1a: Flareon|move: Protect
|
|upkeep
|turn|37
|
|switch|p1a: Excadrill|Excadrill, F|81/100
|-damage|p1a: Excadrill|78/100|[from] Stealth Rock
|-ability|p1a: Excadrill|Mold Breaker
|move|p2a: Dragapult|Dragon Darts|p1a: Excadrill
|-resisted|p1a: Excadrill
|-damage|p1a: Excadrill|53/100
|-resisted|p1a: Excadrill
|-damage|p1a: Excadrill|25/100
|-hitcount|p1a: Excadrill|2
|
|upkeep
|turn|38
|
|move|p2a: Dragapult|Dragon Darts|p1a: Excadrill
|-resisted|p1a: Excadrill
|-damage|p1a: Excadrill|0 fnt
|-hitcount|p1a: Excadrill|1
|faint|p1a: Excadrill
|
|upkeep
|
|switch|p1a: Dragapult|Dragapult, F|100/100
|-damage|p1a: Dragapult|88/100|[from] Stealth Rock
|turn|39
|
|move|p2a: Dragapult|Dragon Darts|p1a: Dragapult
|-supereffective|p1a: Dragapult
|-damage|p1a: Dragapult|0 fnt
|-hitcount|p1a: Dragapult|1
|faint|p1a: Dragapult
|
|upkeep
|
|switch|p1a: Flareon|Flareon, M|100/100
|turn|40
|
|move|p2a: Dragapult|Dragon Darts|p1a: Flareon
|-damage|p1a: Flareon|39/100
|-damage|p1a: Flareon|0 fnt
|-hitcount|p1a: Flareon|2
|faint|p1a: Flareon
|
|upkeep
|-message|The KaTiaL forfeited.
|
|win|Unaware Square
|l|☆The KaTiaL
|c|☆Unaware Square|Gg
|raw|The KaTiaL's rating: 1499 → 1476(-23 for losing)
|raw|Unaware Square's rating: 1444 → 1467(+23 for winning)
