|ScrapeTime|2020-01-01-13:46:09
|j|☆Wormadam-Gold
|j|☆TheRealDeer
|player|p1|Wormadam-Gold|ethan-gen2|1721
|player|p2|TheRealDeer|tate|1573
|teamsize|p1|6
|teamsize|p2|6
|gametype|singles
|gen|8
|tier|[Gen 8] OU
|rated|
|rule|Sleep Clause Mod: Limit one foe put to sleep
|rule|Species Clause: Limit one of each Pokémon
|rule|OHKO Clause: OHKO moves are banned
|rule|Evasion Moves Clause: Evasion moves are banned
|rule|Endless Battle Clause: Forcing endless battles is banned
|rule|HP Percentage Mod: HP is shown in percentages
|clearpoke
|poke|p1|Rhyperior, F|
|poke|p1|Corviknight, M|
|poke|p1|Toxtricity, M|
|poke|p1|Conkeldurr, M|
|poke|p1|Vaporeon, M|
|poke|p1|Rotom-Heat|
|poke|p2|Ferrothorn, F|
|poke|p2|Toxapex, M|
|poke|p2|Corviknight, F|
|poke|p2|Sylveon, M|
|poke|p2|Ditto|
|poke|p2|Eldegoss, M|
|rule|Dynamax Clause: You cannot dynamax
|teampreview
|inactive|Battle timer is ON: inactive players will automatically lose when time's up. (requested by TheRealDeer)
|
|start
|switch|p1a: Rhyperior|Rhyperior, F|100/100
|switch|p2a: Toxapex|Toxapex, M|100/100
|turn|1
|
|switch|p1a: Conkeldurr|Conkeldurr, M|100/100
|move|p2a: Toxapex|Toxic|p1a: Conkeldurr
|-status|p1a: Conkeldurr|tox
|
|-damage|p1a: Conkeldurr|94/100 tox|[from] psn
|upkeep
|turn|2
|
|move|p1a: Conkeldurr|Earthquake|p2a: Toxapex
|-supereffective|p2a: Toxapex
|-damage|p2a: Toxapex|22/100
|move|p2a: Toxapex|Scald|p1a: Conkeldurr
|-damage|p1a: Conkeldurr|72/100 tox
|
|-heal|p2a: Toxapex|28/100|[from] item: Black Sludge
|-damage|p1a: Conkeldurr|60/100 tox|[from] psn
|upkeep
|turn|3
|
|switch|p2a: Sylveon|Sylveon, M|100/100
|move|p1a: Conkeldurr|Drain Punch|p2a: Sylveon
|-resisted|p2a: Sylveon
|-damage|p2a: Sylveon|69/100
|-heal|p1a: Conkeldurr|76/100 tox|[from] drain|[of] p2a: Sylveon
|
|-heal|p2a: Sylveon|75/100|[from] item: Leftovers
|-damage|p1a: Conkeldurr|57/100 tox|[from] psn
|upkeep
|turn|4
|j| asdfljkh
|
|switch|p1a: Toxtricity|Toxtricity, M|100/100
|move|p2a: Sylveon|Protect||[still]
|-fail|p2a: Sylveon
|
|-heal|p2a: Sylveon|81/100|[from] item: Leftovers
|upkeep
|turn|5
|
|move|p2a: Sylveon|Protect|p2a: Sylveon
|-singleturn|p2a: Sylveon|Protect
|move|p1a: Toxtricity|Volt Switch|p2a: Sylveon
|-activate|p2a: Sylveon|move: Protect
|
|-heal|p2a: Sylveon|87/100|[from] item: Leftovers
|upkeep
|turn|6
|
|switch|p2a: Ferrothorn|Ferrothorn, F|100/100
|move|p1a: Toxtricity|Volt Switch|p2a: Ferrothorn
|-resisted|p2a: Ferrothorn
|-damage|p2a: Ferrothorn|78/100
|
|switch|p1a: Rotom|Rotom-Heat|100/100|[from]move: Volt Switch
|
|-heal|p2a: Ferrothorn|84/100|[from] item: Leftovers
|upkeep
|turn|7
|
|move|p2a: Ferrothorn|Protect|p2a: Ferrothorn
|-singleturn|p2a: Ferrothorn|Protect
|move|p1a: Rotom|Volt Switch|p2a: Ferrothorn
|-activate|p2a: Ferrothorn|move: Protect
|
|-heal|p2a: Ferrothorn|91/100|[from] item: Leftovers
|upkeep
|turn|8
|
|switch|p2a: Eldegoss|Eldegoss, M|100/100
|move|p1a: Rotom|Volt Switch|p2a: Eldegoss
|-resisted|p2a: Eldegoss
|-damage|p2a: Eldegoss|92/100
|
|switch|p1a: Toxtricity|Toxtricity, M|100/100|[from]move: Volt Switch
|
|-heal|p2a: Eldegoss|98/100|[from] item: Leftovers
|upkeep
|turn|9
|
|switch|p2a: Ferrothorn|Ferrothorn, F|91/100
|move|p1a: Toxtricity|Sludge Wave|p2a: Ferrothorn
|-immune|p2a: Ferrothorn
|
|-heal|p2a: Ferrothorn|97/100|[from] item: Leftovers
|upkeep
|turn|10
|
|switch|p1a: Corviknight|Corviknight, M|100/100
|-ability|p1a: Corviknight|Pressure
|move|p2a: Ferrothorn|Knock Off|p1a: Corviknight
|-damage|p1a: Corviknight|82/100
|-enditem|p1a: Corviknight|Leftovers|[from] move: Knock Off|[of] p2a: Ferrothorn
|
|-heal|p2a: Ferrothorn|100/100|[from] item: Leftovers
|upkeep
|turn|11
|
|move|p1a: Corviknight|Substitute|p1a: Corviknight
|-start|p1a: Corviknight|Substitute
|-damage|p1a: Corviknight|57/100
|move|p2a: Ferrothorn|Leech Seed||[still]
|-fail|p2a: Ferrothorn
|
|upkeep
|turn|12
|
|switch|p2a: Corviknight|Corviknight, F|100/100
|-ability|p2a: Corviknight|Pressure
|move|p1a: Corviknight|Roost|p1a: Corviknight
|-heal|p1a: Corviknight|100/100
|-singleturn|p1a: Corviknight|move: Roost
|
|upkeep
|turn|13
|
|move|p1a: Corviknight|Bulk Up|p1a: Corviknight
|-boost|p1a: Corviknight|atk|1
|-boost|p1a: Corviknight|def|1
|move|p2a: Corviknight|Taunt|p1a: Corviknight
|-start|p1a: Corviknight|move: Taunt
|
|upkeep
|turn|14
|
|switch|p1a: Toxtricity|Toxtricity, M|100/100
|switch|p2a: Toxapex|Toxapex, M|61/100
|
|-heal|p2a: Toxapex|67/100|[from] item: Black Sludge
|upkeep
|turn|15
|
|switch|p2a: Ferrothorn|Ferrothorn, F|100/100
|move|p1a: Toxtricity|Volt Switch|p2a: Ferrothorn
|-resisted|p2a: Ferrothorn
|-damage|p2a: Ferrothorn|79/100
|
|switch|p1a: Conkeldurr|Conkeldurr, M|57/100 tox|[from]move: Volt Switch
|
|-heal|p2a: Ferrothorn|85/100|[from] item: Leftovers
|-damage|p1a: Conkeldurr|51/100 tox|[from] psn
|upkeep
|turn|16
|
|move|p2a: Ferrothorn|Protect|p2a: Ferrothorn
|-singleturn|p2a: Ferrothorn|Protect
|move|p1a: Conkeldurr|Drain Punch|p2a: Ferrothorn
|-activate|p2a: Ferrothorn|move: Protect
|
|-heal|p2a: Ferrothorn|92/100|[from] item: Leftovers
|-damage|p1a: Conkeldurr|39/100 tox|[from] psn
|upkeep
|turn|17
|
|switch|p2a: Toxapex|Toxapex, M|100/100
|move|p1a: Conkeldurr|Drain Punch|p2a: Toxapex
|-resisted|p2a: Toxapex
|-damage|p2a: Toxapex|82/100
|-heal|p1a: Conkeldurr|46/100 tox|[from] drain|[of] p2a: Toxapex
|
|-heal|p2a: Toxapex|88/100|[from] item: Black Sludge
|-damage|p1a: Conkeldurr|27/100 tox|[from] psn
|upkeep
|turn|18
|
|switch|p1a: Toxtricity|Toxtricity, M|100/100
|move|p2a: Toxapex|Toxic|p1a: Toxtricity
|-immune|p1a: Toxtricity
|
|-heal|p2a: Toxapex|94/100|[from] item: Black Sludge
|upkeep
|turn|19
|
|switch|p2a: Ferrothorn|Ferrothorn, F|92/100
|move|p1a: Toxtricity|Overdrive|p2a: Ferrothorn
|-resisted|p2a: Ferrothorn
|-damage|p2a: Ferrothorn|59/100
|
|-heal|p2a: Ferrothorn|66/100|[from] item: Leftovers
|upkeep
|turn|20
|
|move|p1a: Toxtricity|Overdrive|p2a: Ferrothorn
|-resisted|p2a: Ferrothorn
|-damage|p2a: Ferrothorn|35/100
|move|p2a: Ferrothorn|Leech Seed|p1a: Toxtricity
|-start|p1a: Toxtricity|move: Leech Seed
|
|-heal|p2a: Ferrothorn|41/100|[from] item: Leftovers
|-damage|p1a: Toxtricity|88/100|[from] Leech Seed|[of] p2a: Ferrothorn
|-heal|p2a: Ferrothorn|51/100|[silent]
|upkeep
|turn|21
|
|switch|p1a: Rotom|Rotom-Heat|100/100
|move|p2a: Ferrothorn|Stealth Rock|p1a: Rotom
|-sidestart|p1: Wormadam-Gold|move: Stealth Rock
|
|-heal|p2a: Ferrothorn|57/100|[from] item: Leftovers
|upkeep
|turn|22
|
|move|p2a: Ferrothorn|Protect|p2a: Ferrothorn
|-singleturn|p2a: Ferrothorn|Protect
|move|p1a: Rotom|Overheat|p2a: Ferrothorn
|-activate|p2a: Ferrothorn|move: Protect
|
|-heal|p2a: Ferrothorn|64/100|[from] item: Leftovers
|upkeep
|turn|23
|
|switch|p2a: Toxapex|Toxapex, M|100/100
|move|p1a: Rotom|Overheat|p2a: Toxapex
|-resisted|p2a: Toxapex
|-damage|p2a: Toxapex|82/100
|-unboost|p1a: Rotom|spa|2
|
|-heal|p2a: Toxapex|88/100|[from] item: Black Sludge
|upkeep
|turn|24
|
|switch|p1a: Vaporeon|Vaporeon, M|100/100
|-damage|p1a: Vaporeon|88/100|[from] Stealth Rock
|move|p2a: Toxapex|Scald|p1a: Vaporeon
|-heal|p1a: Vaporeon|100/100|[from] ability: Water Absorb|[of] p2a: Toxapex
|
|-heal|p2a: Toxapex|95/100|[from] item: Black Sludge
|upkeep
|turn|25
|
|switch|p1a: Corviknight|Corviknight, M|100/100
|-damage|p1a: Corviknight|88/100|[from] Stealth Rock
|-ability|p1a: Corviknight|Pressure
|move|p2a: Toxapex|Toxic|p1a: Corviknight
|-immune|p1a: Corviknight
|
|-heal|p2a: Toxapex|100/100|[from] item: Black Sludge
|upkeep
|turn|26
|
|switch|p2a: Corviknight|Corviknight, F|100/100
|-ability|p2a: Corviknight|Pressure
|move|p1a: Corviknight|Substitute|p1a: Corviknight
|-start|p1a: Corviknight|Substitute
|-damage|p1a: Corviknight|63/100
|
|upkeep
|turn|27
|
|move|p1a: Corviknight|Roost|p1a: Corviknight
|-heal|p1a: Corviknight|100/100
|-singleturn|p1a: Corviknight|move: Roost
|move|p2a: Corviknight|Taunt|p1a: Corviknight
|-start|p1a: Corviknight|move: Taunt
|
|upkeep
|turn|28
|l| asdfljkh
|
|switch|p1a: Rhyperior|Rhyperior, F|100/100
|-damage|p1a: Rhyperior|94/100|[from] Stealth Rock
|move|p2a: Corviknight|U-turn|p1a: Rhyperior
|-damage|p1a: Rhyperior|84/100
|
|switch|p2a: Ditto|Ditto|100/100|[from]move: U-turn
|-transform|p2a: Ditto|p1a: Rhyperior|[from] ability: Imposter
|
|-heal|p1a: Rhyperior|90/100|[from] item: Leftovers
|upkeep
|turn|29
|
|move|p2a: Ditto|Earthquake|p1a: Rhyperior
|-supereffective|p1a: Rhyperior
|-damage|p1a: Rhyperior|29/100
|move|p1a: Rhyperior|Earthquake|p2a: Ditto
|-supereffective|p2a: Ditto
|-damage|p2a: Ditto|22/100
|
|-heal|p1a: Rhyperior|35/100|[from] item: Leftovers
|upkeep
|turn|30
|
|switch|p1a: Corviknight|Corviknight, M|100/100
|-damage|p1a: Corviknight|88/100|[from] Stealth Rock
|-ability|p1a: Corviknight|Pressure
|move|p2a: Ditto|Earthquake|p1a: Corviknight
|-immune|p1a: Corviknight
|
|upkeep
|turn|31
|
|switch|p2a: Corviknight|Corviknight, F|100/100
|-ability|p2a: Corviknight|Pressure
|switch|p1a: Rhyperior|Rhyperior, F|35/100
|-damage|p1a: Rhyperior|29/100|[from] Stealth Rock
|
|-heal|p1a: Rhyperior|35/100|[from] item: Leftovers
|upkeep
|turn|32
|
|move|p1a: Rhyperior|Fire Punch|p2a: Corviknight
|-supereffective|p2a: Corviknight
|-damage|p2a: Corviknight|57/100
|move|p2a: Corviknight|U-turn|p1a: Rhyperior
|-damage|p1a: Rhyperior|24/100
|
|switch|p2a: Toxapex|Toxapex, M|100/100|[from]move: U-turn
|
|-heal|p1a: Rhyperior|30/100|[from] item: Leftovers
|upkeep
|turn|33
|
|switch|p1a: Vaporeon|Vaporeon, M|100/100
|-damage|p1a: Vaporeon|88/100|[from] Stealth Rock
|move|p2a: Toxapex|Scald|p1a: Vaporeon
|-heal|p1a: Vaporeon|100/100|[from] ability: Water Absorb|[of] p2a: Toxapex
|
|upkeep
|turn|34
|
|switch|p2a: Ferrothorn|Ferrothorn, F|64/100
|move|p1a: Vaporeon|Wish|p1a: Vaporeon
|
|-heal|p2a: Ferrothorn|70/100|[from] item: Leftovers
|upkeep
|turn|35
|
|switch|p1a: Conkeldurr|Conkeldurr, M|27/100 tox
|-damage|p1a: Conkeldurr|21/100 tox|[from] Stealth Rock
|move|p2a: Ferrothorn|Knock Off|p1a: Conkeldurr
|-resisted|p1a: Conkeldurr
|-damage|p1a: Conkeldurr|11/100 tox
|-enditem|p1a: Conkeldurr|Flame Orb|[from] move: Knock Off|[of] p2a: Ferrothorn
|
|-heal|p1a: Conkeldurr|71/100 tox|[from] move: Wish|[wisher] Vaporeon
|-heal|p2a: Ferrothorn|76/100|[from] item: Leftovers
|-damage|p1a: Conkeldurr|65/100 tox|[from] psn
|upkeep
|turn|36
|
|move|p2a: Ferrothorn|Protect|p2a: Ferrothorn
|-singleturn|p2a: Ferrothorn|Protect
|move|p1a: Conkeldurr|Earthquake|p2a: Ferrothorn
|-activate|p2a: Ferrothorn|move: Protect
|
|-heal|p2a: Ferrothorn|82/100|[from] item: Leftovers
|-damage|p1a: Conkeldurr|53/100 tox|[from] psn
|upkeep
|turn|37
|
|switch|p2a: Sylveon|Sylveon, M|87/100
|move|p1a: Conkeldurr|Defog|p2a: Sylveon
|-unboost|p2a: Sylveon|evasion|1
|-sideend|p1: Wormadam-Gold|Stealth Rock|[from] move: Defog|[of] p1a: Conkeldurr
|
|-heal|p2a: Sylveon|93/100|[from] item: Leftovers
|-damage|p1a: Conkeldurr|34/100 tox|[from] psn
|upkeep
|turn|38
|
|switch|p1a: Toxtricity|Toxtricity, M|88/100
|move|p2a: Sylveon|Wish|p2a: Sylveon
|
|-heal|p2a: Sylveon|99/100|[from] item: Leftovers
|upkeep
|turn|39
|
|switch|p2a: Ferrothorn|Ferrothorn, F|82/100
|move|p1a: Toxtricity|Volt Switch|p2a: Ferrothorn
|-resisted|p2a: Ferrothorn
|-damage|p2a: Ferrothorn|62/100
|
|switch|p1a: Rhyperior|Rhyperior, F|30/100|[from]move: Volt Switch
|
|-heal|p2a: Ferrothorn|100/100|[from] move: Wish|[wisher] Sylveon
|-heal|p1a: Rhyperior|36/100|[from] item: Leftovers
|upkeep
|turn|40
|
|switch|p1a: Corviknight|Corviknight, M|88/100
|-ability|p1a: Corviknight|Pressure
|move|p2a: Ferrothorn|Protect||[still]
|-fail|p2a: Ferrothorn
|
|upkeep
|turn|41
|
|switch|p2a: Corviknight|Corviknight, F|57/100
|-ability|p2a: Corviknight|Pressure
|move|p1a: Corviknight|Substitute|p1a: Corviknight
|-start|p1a: Corviknight|Substitute
|-damage|p1a: Corviknight|63/100
|
|-heal|p2a: Corviknight|63/100|[from] item: Leftovers
|upkeep
|turn|42
|
|move|p1a: Corviknight|Roost|p1a: Corviknight
|-heal|p1a: Corviknight|100/100
|-singleturn|p1a: Corviknight|move: Roost
|move|p2a: Corviknight|Taunt|p1a: Corviknight
|-start|p1a: Corviknight|move: Taunt
|
|-heal|p2a: Corviknight|69/100|[from] item: Leftovers
|upkeep
|turn|43
|
|switch|p1a: Rotom|Rotom-Heat|100/100
|move|p2a: Corviknight|Roost|p2a: Corviknight
|-heal|p2a: Corviknight|100/100
|-singleturn|p2a: Corviknight|move: Roost
|
|upkeep
|turn|44
|
|switch|p2a: Toxapex|Toxapex, M|100/100
|move|p1a: Rotom|Volt Switch|p2a: Toxapex
|-supereffective|p2a: Toxapex
|-damage|p2a: Toxapex|61/100
|
|switch|p1a: Rhyperior|Rhyperior, F|36/100|[from]move: Volt Switch
|
|-heal|p1a: Rhyperior|42/100|[from] item: Leftovers
|-heal|p2a: Toxapex|67/100|[from] item: Black Sludge
|upkeep
|turn|45
|j| ReggieYang5
|
|switch|p2a: Corviknight|Corviknight, F|100/100
|-ability|p2a: Corviknight|Pressure
|move|p1a: Rhyperior|Earthquake|p2a: Corviknight
|-immune|p2a: Corviknight
|
|-heal|p1a: Rhyperior|48/100|[from] item: Leftovers
|upkeep
|turn|46
|
|switch|p1a: Rotom|Rotom-Heat|100/100
|move|p2a: Corviknight|U-turn|p1a: Rotom
|-resisted|p1a: Rotom
|-damage|p1a: Rotom|93/100
|
|switch|p2a: Ferrothorn|Ferrothorn, F|100/100|[from]move: U-turn
|
|upkeep
|turn|47
|
|switch|p1a: Rhyperior|Rhyperior, F|48/100
|move|p2a: Ferrothorn|Protect||[still]
|-fail|p2a: Ferrothorn
|
|-heal|p1a: Rhyperior|54/100|[from] item: Leftovers
|upkeep
|turn|48
|
|switch|p1a: Corviknight|Corviknight, M|100/100
|-ability|p1a: Corviknight|Pressure
|switch|p2a: Toxapex|Toxapex, M|100/100
|
|upkeep
|turn|49
|
|move|p1a: Corviknight|Substitute|p1a: Corviknight
|-start|p1a: Corviknight|Substitute
|-damage|p1a: Corviknight|75/100
|move|p2a: Toxapex|Scald|p1a: Corviknight
|-activate|p1a: Corviknight|move: Substitute|[damage]
|
|upkeep
|turn|50
|
|move|p1a: Corviknight|Bulk Up|p1a: Corviknight
|-boost|p1a: Corviknight|atk|1
|-boost|p1a: Corviknight|def|1
|move|p2a: Toxapex|Haze|p2a: Toxapex
|-clearallboost
|
|upkeep
|turn|51
|
|move|p1a: Corviknight|Bulk Up|p1a: Corviknight
|-boost|p1a: Corviknight|atk|1
|-boost|p1a: Corviknight|def|1
|move|p2a: Toxapex|Haze|p2a: Toxapex
|-clearallboost
|
|upkeep
|turn|52
|
|move|p1a: Corviknight|Bulk Up|p1a: Corviknight
|-boost|p1a: Corviknight|atk|1
|-boost|p1a: Corviknight|def|1
|move|p2a: Toxapex|Haze|p2a: Toxapex
|-clearallboost
|
|upkeep
|turn|53
|
|move|p1a: Corviknight|Bulk Up|p1a: Corviknight
|-boost|p1a: Corviknight|atk|1
|-boost|p1a: Corviknight|def|1
|move|p2a: Toxapex|Haze|p2a: Toxapex
|-clearallboost
|
|upkeep
|turn|54
|
|switch|p1a: Rhyperior|Rhyperior, F|54/100
|switch|p2a: Corviknight|Corviknight, F|100/100
|-ability|p2a: Corviknight|Pressure
|
|-heal|p1a: Rhyperior|60/100|[from] item: Leftovers
|upkeep
|turn|55
|
|move|p1a: Rhyperior|Swords Dance|p1a: Rhyperior
|-boost|p1a: Rhyperior|atk|2
|move|p2a: Corviknight|U-turn|p1a: Rhyperior
|-damage|p1a: Rhyperior|50/100
|
|switch|p2a: Ditto|Ditto|22/100|[from]move: U-turn
|-transform|p2a: Ditto|p1a: Rhyperior|[from] ability: Imposter
|
|-heal|p1a: Rhyperior|56/100|[from] item: Leftovers
|upkeep
|turn|56
|
|switch|p1a: Rotom|Rotom-Heat|93/100
|move|p2a: Ditto|Earthquake|p1a: Rotom
|-immune|p1a: Rotom|[from] ability: Levitate
|
|upkeep
|turn|57
|
|switch|p2a: Sylveon|Sylveon, M|99/100
|move|p1a: Rotom|Volt Switch|p2a: Sylveon
|-damage|p2a: Sylveon|84/100
|
|switch|p1a: Rhyperior|Rhyperior, F|56/100|[from]move: Volt Switch
|
|-heal|p1a: Rhyperior|62/100|[from] item: Leftovers
|-heal|p2a: Sylveon|90/100|[from] item: Leftovers
|upkeep
|turn|58
|
|switch|p1a: Corviknight|Corviknight, M|75/100
|-ability|p1a: Corviknight|Pressure
|switch|p2a: Toxapex|Toxapex, M|100/100
|
|upkeep
|turn|59
|
|move|p1a: Corviknight|Substitute|p1a: Corviknight
|-start|p1a: Corviknight|Substitute
|-damage|p1a: Corviknight|50/100
|move|p2a: Toxapex|Scald|p1a: Corviknight
|-activate|p1a: Corviknight|move: Substitute|[damage]
|
|upkeep
|turn|60
|
|move|p1a: Corviknight|Roost|p1a: Corviknight
|-heal|p1a: Corviknight|100/100
|-singleturn|p1a: Corviknight|move: Roost
|move|p2a: Toxapex|Haze|p2a: Toxapex
|-clearallboost
|
|upkeep
|turn|61
|
|switch|p1a: Toxtricity|Toxtricity, M|88/100
|move|p2a: Toxapex|Haze|p2a: Toxapex
|-clearallboost
|
|upkeep
|turn|62
|
|switch|p2a: Ferrothorn|Ferrothorn, F|100/100
|move|p1a: Toxtricity|Volt Switch|p2a: Ferrothorn
|-resisted|p2a: Ferrothorn
|-crit|p2a: Ferrothorn
|-damage|p2a: Ferrothorn|68/100
|
|switch|p1a: Rhyperior|Rhyperior, F|62/100|[from]move: Volt Switch
|
|-heal|p1a: Rhyperior|68/100|[from] item: Leftovers
|-heal|p2a: Ferrothorn|74/100|[from] item: Leftovers
|upkeep
|turn|63
|
|switch|p2a: Toxapex|Toxapex, M|100/100
|move|p1a: Rhyperior|Fire Punch|p2a: Toxapex
|-resisted|p2a: Toxapex
|-damage|p2a: Toxapex|91/100
|
|-heal|p1a: Rhyperior|75/100|[from] item: Leftovers
|-heal|p2a: Toxapex|97/100|[from] item: Black Sludge
|upkeep
|turn|64
|
|switch|p1a: Vaporeon|Vaporeon, M|100/100
|move|p2a: Toxapex|Toxic|p1a: Vaporeon
|-status|p1a: Vaporeon|tox
|
|-heal|p2a: Toxapex|100/100|[from] item: Black Sludge
|-damage|p1a: Vaporeon|94/100 tox|[from] psn
|upkeep
|turn|65
|
|switch|p2a: Ditto|Ditto|22/100
|-transform|p2a: Ditto|p1a: Vaporeon|[from] ability: Imposter
|move|p1a: Vaporeon|Wish|p1a: Vaporeon
|
|-heal|p1a: Vaporeon|100/100 tox|[from] item: Leftovers
|-damage|p1a: Vaporeon|88/100 tox|[from] psn
|upkeep
|turn|66
|
|switch|p1a: Conkeldurr|Conkeldurr, M|34/100 tox
|move|p2a: Ditto|Wish|p2a: Ditto
|
|-heal|p1a: Conkeldurr|94/100 tox|[from] move: Wish|[wisher] Vaporeon
|-damage|p1a: Conkeldurr|88/100 tox|[from] psn
|upkeep
|turn|67
|
|switch|p2a: Toxapex|Toxapex, M|100/100
|move|p1a: Conkeldurr|Earthquake|p2a: Toxapex
|-supereffective|p2a: Toxapex
|-damage|p2a: Toxapex|29/100
|
|-heal|p2a: Toxapex|78/100|[from] move: Wish|[wisher] Ditto
|-heal|p2a: Toxapex|85/100|[from] item: Black Sludge
|-damage|p1a: Conkeldurr|75/100 tox|[from] psn
|upkeep
|turn|68
|
|switch|p2a: Corviknight|Corviknight, F|100/100
|-ability|p2a: Corviknight|Pressure
|move|p1a: Conkeldurr|Drain Punch|p2a: Corviknight
|-damage|p2a: Corviknight|57/100
|-heal|p1a: Conkeldurr|98/100 tox|[from] drain|[of] p2a: Corviknight
|
|-heal|p2a: Corviknight|63/100|[from] item: Leftovers
|-damage|p1a: Conkeldurr|80/100 tox|[from] psn
|upkeep
|turn|69
|
|switch|p1a: Rhyperior|Rhyperior, F|75/100
|move|p2a: Corviknight|Roost|p2a: Corviknight
|-heal|p2a: Corviknight|100/100
|-singleturn|p2a: Corviknight|move: Roost
|
|-heal|p1a: Rhyperior|81/100|[from] item: Leftovers
|upkeep
|turn|70
|
|switch|p2a: Toxapex|Toxapex, M|100/100
|move|p1a: Rhyperior|Stone Edge|p2a: Toxapex
|-crit|p2a: Toxapex
|-damage|p2a: Toxapex|44/100
|
|-heal|p1a: Rhyperior|87/100|[from] item: Leftovers
|-heal|p2a: Toxapex|50/100|[from] item: Black Sludge
|upkeep
|turn|71
|
|switch|p2a: Ferrothorn|Ferrothorn, F|74/100
|move|p1a: Rhyperior|Earthquake|p2a: Ferrothorn
|-crit|p2a: Ferrothorn
|-damage|p2a: Ferrothorn|23/100
|
|-heal|p1a: Rhyperior|93/100|[from] item: Leftovers
|-heal|p2a: Ferrothorn|29/100|[from] item: Leftovers
|upkeep
|turn|72
|
|switch|p2a: Toxapex|Toxapex, M|84/100
|move|p1a: Rhyperior|Earthquake|p2a: Toxapex
|-supereffective|p2a: Toxapex
|-damage|p2a: Toxapex|12/100
|
|-heal|p1a: Rhyperior|99/100|[from] item: Leftovers
|-heal|p2a: Toxapex|18/100|[from] item: Black Sludge
|upkeep
|turn|73
|
|switch|p2a: Eldegoss|Eldegoss, M|100/100
|move|p1a: Rhyperior|Swords Dance|p1a: Rhyperior
|-boost|p1a: Rhyperior|atk|2
|
|-heal|p1a: Rhyperior|100/100|[from] item: Leftovers
|upkeep
|turn|74
|inactive|Wormadam-Gold has 120 seconds left.
|
|switch|p1a: Toxtricity|Toxtricity, M|88/100
|move|p2a: Eldegoss|Giga Drain|p1a: Toxtricity
|-resisted|p1a: Toxtricity
|-damage|p1a: Toxtricity|72/100
|
|upkeep
|turn|75
|
|move|p1a: Toxtricity|Boomburst|p2a: Eldegoss
|-damage|p2a: Eldegoss|42/100
|move|p2a: Eldegoss|Giga Drain|p1a: Toxtricity
|-resisted|p1a: Toxtricity
|-damage|p1a: Toxtricity|54/100
|-heal|p2a: Eldegoss|50/100|[from] drain|[of] p1a: Toxtricity
|
|-heal|p2a: Eldegoss|56/100|[from] item: Leftovers
|upkeep
|turn|76
|
|switch|p2a: Corviknight|Corviknight, F|100/100
|-ability|p2a: Corviknight|Pressure
|move|p1a: Toxtricity|Boomburst|p2a: Corviknight
|-resisted|p2a: Corviknight
|-damage|p2a: Corviknight|63/100
|
|-heal|p2a: Corviknight|70/100|[from] item: Leftovers
|upkeep
|turn|77
|
|switch|p1a: Rhyperior|Rhyperior, F|100/100
|move|p2a: Corviknight|U-turn|p1a: Rhyperior
|-damage|p1a: Rhyperior|90/100
|
|switch|p2a: Toxapex|Toxapex, M|51/100|[from]move: U-turn
|
|-heal|p1a: Rhyperior|96/100|[from] item: Leftovers
|-heal|p2a: Toxapex|58/100|[from] item: Black Sludge
|upkeep
|turn|78
|
|switch|p2a: Eldegoss|Eldegoss, M|90/100
|move|p1a: Rhyperior|Earthquake|p2a: Eldegoss
|-resisted|p2a: Eldegoss
|-damage|p2a: Eldegoss|57/100
|
|-heal|p1a: Rhyperior|100/100|[from] item: Leftovers
|-heal|p2a: Eldegoss|63/100|[from] item: Leftovers
|upkeep
|turn|79
|l| ReggieYang5
|inactive|Wormadam-Gold has 120 seconds left.
|inactive|Wormadam-Gold has 90 seconds left.
|
|switch|p1a: Toxtricity|Toxtricity, M|54/100
|move|p2a: Eldegoss|Sleep Powder|p1a: Toxtricity
|-status|p1a: Toxtricity|slp|[from] move: Sleep Powder
|
|-heal|p2a: Eldegoss|69/100|[from] item: Leftovers
|upkeep
|turn|80
|
|switch|p2a: Sylveon|Sylveon, M|90/100
|cant|p1a: Toxtricity|slp
|
|-heal|p2a: Sylveon|96/100|[from] item: Leftovers
|upkeep
|turn|81
|
|-curestatus|p1a: Toxtricity|slp|[msg]
|move|p1a: Toxtricity|Volt Switch|p2a: Sylveon
|-damage|p2a: Sylveon|66/100
|
|switch|p1a: Rhyperior|Rhyperior, F|100/100|[from]move: Volt Switch
|move|p2a: Sylveon|Wish|p2a: Sylveon
|
|-heal|p2a: Sylveon|72/100|[from] item: Leftovers
|upkeep
|turn|82
|inactive|Wormadam-Gold has 90 seconds left.
|
|switch|p2a: Corviknight|Corviknight, F|70/100
|-ability|p2a: Corviknight|Pressure
|move|p1a: Rhyperior|Earthquake|p2a: Corviknight
|-immune|p2a: Corviknight
|
|-heal|p2a: Corviknight|100/100|[from] move: Wish|[wisher] Sylveon
|upkeep
|turn|83
|
|move|p1a: Rhyperior|Fire Punch|p2a: Corviknight
|-supereffective|p2a: Corviknight
|-damage|p2a: Corviknight|59/100
|move|p2a: Corviknight|Taunt|p1a: Rhyperior
|-start|p1a: Rhyperior|move: Taunt
|
|-heal|p2a: Corviknight|65/100|[from] item: Leftovers
|upkeep
|turn|84
|
|switch|p1a: Toxtricity|Toxtricity, M|54/100
|move|p2a: Corviknight|Roost|p2a: Corviknight
|-heal|p2a: Corviknight|100/100
|-singleturn|p2a: Corviknight|move: Roost
|
|upkeep
|turn|85
|
|switch|p2a: Eldegoss|Eldegoss, M|100/100
|move|p1a: Toxtricity|Volt Switch|p2a: Eldegoss
|-resisted|p2a: Eldegoss
|-damage|p2a: Eldegoss|85/100
|
|switch|p1a: Conkeldurr|Conkeldurr, M|80/100 tox|[from]move: Volt Switch
|
|-heal|p2a: Eldegoss|91/100|[from] item: Leftovers
|-damage|p1a: Conkeldurr|73/100 tox|[from] psn
|upkeep
|turn|86
|
|switch|p2a: Toxapex|Toxapex, M|91/100
|move|p1a: Conkeldurr|Earthquake|p2a: Toxapex
|-supereffective|p2a: Toxapex
|-damage|p2a: Toxapex|19/100
|
|-heal|p2a: Toxapex|25/100|[from] item: Black Sludge
|-damage|p1a: Conkeldurr|61/100 tox|[from] psn
|upkeep
|turn|87
|
|switch|p2a: Sylveon|Sylveon, M|72/100
|move|p1a: Conkeldurr|Drain Punch|p2a: Sylveon
|-resisted|p2a: Sylveon
|-damage|p2a: Sylveon|40/100
|-heal|p1a: Conkeldurr|78/100 tox|[from] drain|[of] p2a: Sylveon
|
|-heal|p2a: Sylveon|46/100|[from] item: Leftovers
|-damage|p1a: Conkeldurr|59/100 tox|[from] psn
|upkeep
|turn|88
|
|move|p2a: Sylveon|Protect|p2a: Sylveon
|-singleturn|p2a: Sylveon|Protect
|move|p1a: Conkeldurr|Earthquake|p2a: Sylveon
|-activate|p2a: Sylveon|move: Protect
|
|-heal|p2a: Sylveon|52/100|[from] item: Leftovers
|-damage|p1a: Conkeldurr|34/100 tox|[from] psn
|upkeep
|turn|89
|
|switch|p2a: Corviknight|Corviknight, F|100/100
|-ability|p2a: Corviknight|Pressure
|move|p1a: Conkeldurr|Earthquake|p2a: Corviknight
|-immune|p2a: Corviknight
|
|-damage|p1a: Conkeldurr|3/100 tox|[from] psn
|upkeep
|turn|90
|
|switch|p1a: Rotom|Rotom-Heat|93/100
|move|p2a: Corviknight|U-turn|p1a: Rotom
|-resisted|p1a: Rotom
|-damage|p1a: Rotom|86/100
|
|switch|p2a: Ferrothorn|Ferrothorn, F|29/100|[from]move: U-turn
|
|-heal|p2a: Ferrothorn|35/100|[from] item: Leftovers
|upkeep
|turn|91
|
|move|p2a: Ferrothorn|Protect|p2a: Ferrothorn
|-singleturn|p2a: Ferrothorn|Protect
|move|p1a: Rotom|Volt Switch|p2a: Ferrothorn
|-activate|p2a: Ferrothorn|move: Protect
|
|-heal|p2a: Ferrothorn|42/100|[from] item: Leftovers
|upkeep
|turn|92
|inactive|TheRealDeer has 120 seconds left.
|
|switch|p2a: Eldegoss|Eldegoss, M|100/100
|move|p1a: Rotom|Volt Switch|p2a: Eldegoss
|-resisted|p2a: Eldegoss
|-damage|p2a: Eldegoss|92/100
|inactive|Wormadam-Gold has 120 seconds left.
|
|switch|p1a: Toxtricity|Toxtricity, M|54/100|[from]move: Volt Switch
|
|-heal|p2a: Eldegoss|99/100|[from] item: Leftovers
|upkeep
|turn|93
|inactive|Wormadam-Gold has 120 seconds left.
|
|move|p1a: Toxtricity|Volt Switch|p2a: Eldegoss
|-resisted|p2a: Eldegoss
|-crit|p2a: Eldegoss
|-damage|p2a: Eldegoss|75/100
|
|switch|p1a: Conkeldurr|Conkeldurr, M|3/100 tox|[from]move: Volt Switch
|move|p2a: Eldegoss|Sleep Powder|p1a: Conkeldurr|[miss]
|-miss|p2a: Eldegoss|p1a: Conkeldurr
|
|-heal|p2a: Eldegoss|82/100|[from] item: Leftovers
|-damage|p1a: Conkeldurr|0 fnt|[from] psn
|faint|p1a: Conkeldurr
|upkeep
|inactive|Wormadam-Gold has 120 seconds left.
|
|switch|p1a: Toxtricity|Toxtricity, M|54/100
|turn|94
|
|switch|p2a: Ferrothorn|Ferrothorn, F|42/100
|move|p1a: Toxtricity|Volt Switch|p2a: Ferrothorn
|-resisted|p2a: Ferrothorn
|-damage|p2a: Ferrothorn|20/100
|
|switch|p1a: Rhyperior|Rhyperior, F|100/100|[from]move: Volt Switch
|
|-heal|p2a: Ferrothorn|26/100|[from] item: Leftovers
|upkeep
|turn|95
|
|switch|p2a: Toxapex|Toxapex, M|58/100
|move|p1a: Rhyperior|Fire Punch|p2a: Toxapex
|-resisted|p2a: Toxapex
|-damage|p2a: Toxapex|49/100
|
|-heal|p2a: Toxapex|55/100|[from] item: Black Sludge
|upkeep
|turn|96
|
|switch|p2a: Corviknight|Corviknight, F|100/100
|-ability|p2a: Corviknight|Pressure
|move|p1a: Rhyperior|Earthquake|p2a: Corviknight
|-immune|p2a: Corviknight
|
|upkeep
|turn|97
|
|move|p1a: Rhyperior|Swords Dance|p1a: Rhyperior
|-boost|p1a: Rhyperior|atk|2
|move|p2a: Corviknight|Taunt|p1a: Rhyperior
|-start|p1a: Rhyperior|move: Taunt
|
|upkeep
|turn|98
|
|move|p1a: Rhyperior|Stone Edge|p2a: Corviknight
|-damage|p2a: Corviknight|15/100
|move|p2a: Corviknight|U-turn|p1a: Rhyperior
|-damage|p1a: Rhyperior|89/100
|
|switch|p2a: Ditto|Ditto|22/100|[from]move: U-turn
|-transform|p2a: Ditto|p1a: Rhyperior|[from] ability: Imposter
|
|-heal|p1a: Rhyperior|95/100|[from] item: Leftovers
|upkeep
|turn|99
|
|switch|p1a: Rotom|Rotom-Heat|86/100
|move|p2a: Ditto|Earthquake|p1a: Rotom
|-immune|p1a: Rotom|[from] ability: Levitate
|
|upkeep
|turn|100
|
|switch|p2a: Eldegoss|Eldegoss, M|100/100
|move|p1a: Rotom|Volt Switch|p2a: Eldegoss
|-resisted|p2a: Eldegoss
|-damage|p2a: Eldegoss|92/100
|
|switch|p1a: Toxtricity|Toxtricity, M|54/100|[from]move: Volt Switch
|
|-heal|p2a: Eldegoss|98/100|[from] item: Leftovers
|upkeep
|turn|101
|
|move|p1a: Toxtricity|Sludge Wave|p2a: Eldegoss
|-supereffective|p2a: Eldegoss
|-damage|p2a: Eldegoss|3/100
|move|p2a: Eldegoss|Sleep Powder|p1a: Toxtricity|[miss]
|-miss|p2a: Eldegoss|p1a: Toxtricity
|
|-heal|p2a: Eldegoss|9/100|[from] item: Leftovers
|upkeep
|turn|102
|
|switch|p1a: Vaporeon|Vaporeon, M|88/100 tox
|switch|p2a: Corviknight|Corviknight, F|15/100
|-ability|p2a: Corviknight|Pressure
|
|-heal|p2a: Corviknight|22/100|[from] item: Leftovers
|-heal|p1a: Vaporeon|94/100 tox|[from] item: Leftovers
|-damage|p1a: Vaporeon|88/100 tox|[from] psn
|upkeep
|turn|103
|
|move|p2a: Corviknight|Roost|p2a: Corviknight
|-heal|p2a: Corviknight|72/100
|-singleturn|p2a: Corviknight|move: Roost
|move|p1a: Vaporeon|Scald|p2a: Corviknight
|-damage|p2a: Corviknight|47/100
|-status|p2a: Corviknight|brn
|
|-heal|p2a: Corviknight|53/100 brn|[from] item: Leftovers
|-heal|p1a: Vaporeon|94/100 tox|[from] item: Leftovers
|-damage|p2a: Corviknight|47/100 brn|[from] brn
|-damage|p1a: Vaporeon|82/100 tox|[from] psn
|upkeep
|turn|104
|
|move|p2a: Corviknight|Roost|p2a: Corviknight
|-heal|p2a: Corviknight|97/100 brn
|-singleturn|p2a: Corviknight|move: Roost
|move|p1a: Vaporeon|Wish|p1a: Vaporeon
|
|-heal|p2a: Corviknight|100/100 brn|[from] item: Leftovers
|-heal|p1a: Vaporeon|88/100 tox|[from] item: Leftovers
|-damage|p2a: Corviknight|94/100 brn|[from] brn
|-damage|p1a: Vaporeon|69/100 tox|[from] psn
|upkeep
|turn|105
|
|switch|p1a: Toxtricity|Toxtricity, M|54/100
|move|p2a: Corviknight|U-turn|p1a: Toxtricity
|-resisted|p1a: Toxtricity
|-damage|p1a: Toxtricity|48/100
|
|switch|p2a: Eldegoss|Eldegoss, M|43/100|[from]move: U-turn
|
|-heal|p1a: Toxtricity|100/100|[from] move: Wish|[wisher] Vaporeon
|-heal|p2a: Eldegoss|49/100|[from] item: Leftovers
|upkeep
|turn|106
|inactive|Wormadam-Gold has 120 seconds left.
|
|switch|p2a: Corviknight|Corviknight, F|94/100 brn
|-ability|p2a: Corviknight|Pressure
|move|p1a: Toxtricity|Boomburst|p2a: Corviknight
|-resisted|p2a: Corviknight
|-crit|p2a: Corviknight
|-damage|p2a: Corviknight|40/100 brn
|
|-heal|p2a: Corviknight|46/100 brn|[from] item: Leftovers
|-damage|p2a: Corviknight|40/100 brn|[from] brn
|upkeep
|turn|107
|
|move|p1a: Toxtricity|Boomburst|p2a: Corviknight
|-resisted|p2a: Corviknight
|-damage|p2a: Corviknight|3/100 brn
|move|p2a: Corviknight|Roost|p2a: Corviknight
|-heal|p2a: Corviknight|53/100 brn
|-singleturn|p2a: Corviknight|move: Roost
|
|-heal|p2a: Corviknight|59/100 brn|[from] item: Leftovers
|-damage|p2a: Corviknight|53/100 brn|[from] brn
|upkeep
|turn|108
|inactive|TheRealDeer has 120 seconds left.
|
|switch|p1a: Rotom|Rotom-Heat|86/100
|move|p2a: Corviknight|Roost|p2a: Corviknight
|-heal|p2a: Corviknight|100/100 brn
|-singleturn|p2a: Corviknight|move: Roost
|
|-damage|p2a: Corviknight|94/100 brn|[from] brn
|upkeep
|turn|109
|inactive|TheRealDeer has 120 seconds left.
|
|switch|p2a: Toxapex|Toxapex, M|88/100
|move|p1a: Rotom|Overheat|p2a: Toxapex
|-resisted|p2a: Toxapex
|-damage|p2a: Toxapex|67/100
|-unboost|p1a: Rotom|spa|2
|
|-heal|p2a: Toxapex|73/100|[from] item: Black Sludge
|upkeep
|turn|110
|
|switch|p1a: Vaporeon|Vaporeon, M|69/100 tox
|switch|p2a: Sylveon|Sylveon, M|52/100
|
|-heal|p1a: Vaporeon|75/100 tox|[from] item: Leftovers
|-heal|p2a: Sylveon|58/100|[from] item: Leftovers
|-damage|p1a: Vaporeon|69/100 tox|[from] psn
|upkeep
|turn|111
|
|move|p1a: Vaporeon|Wish|p1a: Vaporeon
|move|p2a: Sylveon|Wish|p2a: Sylveon
|
|-heal|p1a: Vaporeon|75/100 tox|[from] item: Leftovers
|-heal|p2a: Sylveon|64/100|[from] item: Leftovers
|-damage|p1a: Vaporeon|63/100 tox|[from] psn
|upkeep
|turn|112
|
|switch|p1a: Toxtricity|Toxtricity, M|100/100
|switch|p2a: Ferrothorn|Ferrothorn, F|26/100
|
|-heal|p2a: Ferrothorn|82/100|[from] move: Wish|[wisher] Sylveon
|-heal|p2a: Ferrothorn|89/100|[from] item: Leftovers
|upkeep
|turn|113
|
|move|p1a: Toxtricity|Volt Switch|p2a: Ferrothorn
|-resisted|p2a: Ferrothorn
|-damage|p2a: Ferrothorn|66/100
|
|switch|p1a: Rhyperior|Rhyperior, F|95/100|[from]move: Volt Switch
|move|p2a: Ferrothorn|Knock Off|p1a: Rhyperior
|-damage|p1a: Rhyperior|80/100
|-enditem|p1a: Rhyperior|Leftovers|[from] move: Knock Off|[of] p2a: Ferrothorn
|
|-heal|p2a: Ferrothorn|72/100|[from] item: Leftovers
|upkeep
|turn|114
|inactive|Wormadam-Gold has 120 seconds left.
|
|switch|p2a: Toxapex|Toxapex, M|100/100
|move|p1a: Rhyperior|Fire Punch|p2a: Toxapex
|-resisted|p2a: Toxapex
|-damage|p2a: Toxapex|92/100
|
|-heal|p2a: Toxapex|99/100|[from] item: Black Sludge
|upkeep
|turn|115
|inactive|Wormadam-Gold has 120 seconds left.
|
|switch|p1a: Vaporeon|Vaporeon, M|63/100 tox
|move|p2a: Toxapex|Toxic|p1a: Vaporeon
|-fail|p1a: Vaporeon|tox
|
|-heal|p1a: Vaporeon|69/100 tox|[from] item: Leftovers
|-heal|p2a: Toxapex|100/100|[from] item: Black Sludge
|-damage|p1a: Vaporeon|63/100 tox|[from] psn
|upkeep
|turn|116
|inactive|TheRealDeer has 90 seconds left.
|
|switch|p2a: Sylveon|Sylveon, M|64/100
|move|p1a: Vaporeon|Wish|p1a: Vaporeon
|
|-heal|p1a: Vaporeon|69/100 tox|[from] item: Leftovers
|-heal|p2a: Sylveon|70/100|[from] item: Leftovers
|-damage|p1a: Vaporeon|57/100 tox|[from] psn
|upkeep
|turn|117
|inactive|TheRealDeer has 90 seconds left.
|
|switch|p1a: Rhyperior|Rhyperior, F|80/100
|move|p2a: Sylveon|Mystical Fire|p1a: Rhyperior
|-resisted|p1a: Rhyperior
|-damage|p1a: Rhyperior|65/100
|-unboost|p1a: Rhyperior|spa|1
|
|-heal|p1a: Rhyperior|100/100|[from] move: Wish|[wisher] Vaporeon
|-heal|p2a: Sylveon|76/100|[from] item: Leftovers
|upkeep
|turn|118
|inactive|TheRealDeer has 90 seconds left.
|
|switch|p2a: Corviknight|Corviknight, F|94/100 brn
|-ability|p2a: Corviknight|Pressure
|move|p1a: Rhyperior|Stone Edge|p2a: Corviknight
|-damage|p2a: Corviknight|50/100 brn
|
|-heal|p2a: Corviknight|57/100 brn|[from] item: Leftovers
|-damage|p2a: Corviknight|50/100 brn|[from] brn
|upkeep
|turn|119
|j| TheLindomar
|
|move|p1a: Rhyperior|Swords Dance|p1a: Rhyperior
|-boost|p1a: Rhyperior|atk|2
|move|p2a: Corviknight|Roost|p2a: Corviknight
|-heal|p2a: Corviknight|100/100 brn
|-singleturn|p2a: Corviknight|move: Roost
|
|-damage|p2a: Corviknight|94/100 brn|[from] brn
|upkeep
|turn|120
|
|move|p1a: Rhyperior|Fire Punch|p2a: Corviknight
|-supereffective|p2a: Corviknight
|-damage|p2a: Corviknight|3/100 brn
|move|p2a: Corviknight|U-turn|p1a: Rhyperior
|-damage|p1a: Rhyperior|95/100
|
|switch|p2a: Ditto|Ditto|22/100|[from]move: U-turn
|-transform|p2a: Ditto|p1a: Rhyperior|[from] ability: Imposter
|
|upkeep
|turn|121
|
|switch|p1a: Rotom|Rotom-Heat|86/100
|move|p2a: Ditto|Earthquake|p1a: Rotom
|-immune|p1a: Rotom|[from] ability: Levitate
|
|upkeep
|turn|122
|l| TheLindomar
|
|switch|p2a: Eldegoss|Eldegoss, M|82/100
|move|p1a: Rotom|Volt Switch|p2a: Eldegoss
|-resisted|p2a: Eldegoss
|-damage|p2a: Eldegoss|74/100
|
|switch|p1a: Toxtricity|Toxtricity, M|100/100|[from]move: Volt Switch
|
|-heal|p2a: Eldegoss|80/100|[from] item: Leftovers
|upkeep
|turn|123
|inactive|TheRealDeer has 90 seconds left.
|
|move|p1a: Toxtricity|Volt Switch|p2a: Eldegoss
|-resisted|p2a: Eldegoss
|-damage|p2a: Eldegoss|63/100
|
|switch|p1a: Vaporeon|Vaporeon, M|57/100 tox|[from]move: Volt Switch
|move|p2a: Eldegoss|Sleep Powder||[still]
|-fail|p2a: Eldegoss
|
|-heal|p1a: Vaporeon|63/100 tox|[from] item: Leftovers
|-heal|p2a: Eldegoss|69/100|[from] item: Leftovers
|-damage|p1a: Vaporeon|57/100 tox|[from] psn
|upkeep
|turn|124
|
|switch|p1a: Corviknight|Corviknight, M|100/100
|-ability|p1a: Corviknight|Pressure
|move|p2a: Eldegoss|Aromatherapy|p2a: Eldegoss
|-activate|p2a: Eldegoss|move: Aromatherapy
|-curestatus|p2: Corviknight|brn|[msg]
|
|-heal|p2a: Eldegoss|75/100|[from] item: Leftovers
|upkeep
|turn|125
|inactive|TheRealDeer has 90 seconds left.
|
|switch|p1a: Toxtricity|Toxtricity, M|100/100
|switch|p2a: Toxapex|Toxapex, M|100/100
|
|upkeep
|turn|126
|
|switch|p2a: Eldegoss|Eldegoss, M|100/100
|move|p1a: Toxtricity|Overdrive|p2a: Eldegoss
|-resisted|p2a: Eldegoss
|-damage|p2a: Eldegoss|76/100
|
|-heal|p2a: Eldegoss|82/100|[from] item: Leftovers
|upkeep
|turn|127
|inactive|TheRealDeer has 90 seconds left.
|
|switch|p1a: Corviknight|Corviknight, M|100/100
|-ability|p1a: Corviknight|Pressure
|move|p2a: Eldegoss|Sleep Powder|p1a: Corviknight
|-status|p1a: Corviknight|slp|[from] move: Sleep Powder
|
|-heal|p2a: Eldegoss|88/100|[from] item: Leftovers
|upkeep
|turn|128
|inactive|TheRealDeer has 90 seconds left.
|inactive|Wormadam-Gold has 120 seconds left.
|inactive|Wormadam-Gold has 90 seconds left.
|
|switch|p2a: Corviknight|Corviknight, F|3/100
|-ability|p2a: Corviknight|Pressure
|cant|p1a: Corviknight|slp
|
|-heal|p2a: Corviknight|9/100|[from] item: Leftovers
|upkeep
|turn|129
|inactive|TheRealDeer has 90 seconds left.
|
|switch|p1a: Rhyperior|Rhyperior, F|95/100
|move|p2a: Corviknight|Roost|p2a: Corviknight
|-heal|p2a: Corviknight|59/100
|-singleturn|p2a: Corviknight|move: Roost
|
|-heal|p2a: Corviknight|66/100|[from] item: Leftovers
|upkeep
|turn|130
|inactive|TheRealDeer has 90 seconds left.
|
|move|p1a: Rhyperior|Fire Punch|p2a: Corviknight
|-supereffective|p2a: Corviknight
|-damage|p2a: Corviknight|21/100
|move|p2a: Corviknight|U-turn|p1a: Rhyperior
|-damage|p1a: Rhyperior|85/100
|
|switch|p2a: Toxapex|Toxapex, M|100/100|[from]move: U-turn
|
|upkeep
|turn|131
|
|switch|p1a: Corviknight|Corviknight, M|100/100 slp
|-ability|p1a: Corviknight|Pressure
|move|p2a: Toxapex|Toxic||[still]
|-fail|p2a: Toxapex
|
|upkeep
|turn|132
|
|switch|p1a: Toxtricity|Toxtricity, M|100/100
|switch|p2a: Corviknight|Corviknight, F|21/100
|-ability|p2a: Corviknight|Pressure
|
|-heal|p2a: Corviknight|27/100|[from] item: Leftovers
|upkeep
|turn|133
|inactive|TheRealDeer has 90 seconds left.
|
|switch|p2a: Ferrothorn|Ferrothorn, F|72/100
|move|p1a: Toxtricity|Sludge Wave|p2a: Ferrothorn
|-immune|p2a: Ferrothorn
|
|-heal|p2a: Ferrothorn|78/100|[from] item: Leftovers
|upkeep
|turn|134
|inactive|TheRealDeer has 90 seconds left.
|
|switch|p1a: Corviknight|Corviknight, M|100/100 slp
|-ability|p1a: Corviknight|Pressure
|move|p2a: Ferrothorn|Leech Seed|p1a: Corviknight
|-start|p1a: Corviknight|move: Leech Seed
|
|-heal|p2a: Ferrothorn|84/100|[from] item: Leftovers
|-damage|p1a: Corviknight|88/100 slp|[from] Leech Seed|[of] p2a: Ferrothorn
|-heal|p2a: Ferrothorn|99/100|[silent]
|upkeep
|turn|135
|inactive|TheRealDeer has 90 seconds left.
|
|switch|p1a: Rotom|Rotom-Heat|86/100
|move|p2a: Ferrothorn|Knock Off|p1a: Rotom
|-damage|p1a: Rotom|63/100
|-enditem|p1a: Rotom|Choice Scarf|[from] move: Knock Off|[of] p2a: Ferrothorn
|
|-heal|p2a: Ferrothorn|100/100|[from] item: Leftovers
|upkeep
|turn|136
|
|move|p2a: Ferrothorn|Protect|p2a: Ferrothorn
|-singleturn|p2a: Ferrothorn|Protect
|move|p1a: Rotom|Nasty Plot|p1a: Rotom
|-boost|p1a: Rotom|spa|2
|
|upkeep
|turn|137
|
|move|p1a: Rotom|Nasty Plot|p1a: Rotom
|-boost|p1a: Rotom|spa|2
|move|p2a: Ferrothorn|Leech Seed|p1a: Rotom
|-start|p1a: Rotom|move: Leech Seed
|
|-damage|p1a: Rotom|50/100|[from] Leech Seed|[of] p2a: Ferrothorn
|upkeep
|turn|138
|inactive|Wormadam-Gold has 90 seconds left.
|
|move|p2a: Ferrothorn|Protect|p2a: Ferrothorn
|-singleturn|p2a: Ferrothorn|Protect
|move|p1a: Rotom|Overheat|p2a: Ferrothorn
|-activate|p2a: Ferrothorn|move: Protect
|
|-damage|p1a: Rotom|38/100|[from] Leech Seed|[of] p2a: Ferrothorn
|upkeep
|turn|139
|inactive|TheRealDeer has 60 seconds left.
|
|switch|p2a: Toxapex|Toxapex, M|100/100
|move|p1a: Rotom|Volt Switch|p2a: Toxapex
|-supereffective|p2a: Toxapex
|-damage|p2a: Toxapex|0 fnt
|faint|p2a: Toxapex
|
|switch|p1a: Toxtricity|Toxtricity, M|100/100|[from]move: Volt Switch
|
|upkeep
|
|switch|p2a: Ferrothorn|Ferrothorn, F|100/100
|turn|140
|
|move|p1a: Toxtricity|Volt Switch|p2a: Ferrothorn
|-resisted|p2a: Ferrothorn
|-damage|p2a: Ferrothorn|79/100
|
|switch|p1a: Corviknight|Corviknight, M|88/100 slp|[from]move: Volt Switch
|-ability|p1a: Corviknight|Pressure
|move|p2a: Ferrothorn|Leech Seed|p1a: Corviknight
|-start|p1a: Corviknight|move: Leech Seed
|
|-heal|p2a: Ferrothorn|85/100|[from] item: Leftovers
|-damage|p1a: Corviknight|75/100 slp|[from] Leech Seed|[of] p2a: Ferrothorn
|-heal|p2a: Ferrothorn|99/100|[silent]
|upkeep
|turn|141
|
|switch|p1a: Rotom|Rotom-Heat|38/100
|switch|p2a: Sylveon|Sylveon, M|76/100
|
|-heal|p2a: Sylveon|82/100|[from] item: Leftovers
|upkeep
|turn|142
|
|move|p1a: Rotom|Trick|p2a: Sylveon
|-activate|p1a: Rotom|move: Trick|[of] p2a: Sylveon
|-enditem|p2a: Sylveon|Leftovers|[silent]|[from] move: Trick
|-item|p1a: Rotom|Leftovers|[from] move: Trick
|move|p2a: Sylveon|Mystical Fire|p1a: Rotom
|-resisted|p1a: Rotom
|-damage|p1a: Rotom|28/100
|-unboost|p1a: Rotom|spa|1
|
|-heal|p1a: Rotom|34/100|[from] item: Leftovers
|upkeep
|turn|143
|
|move|p1a: Rotom|Volt Switch|p2a: Sylveon
|-damage|p2a: Sylveon|71/100
|
|switch|p1a: Corviknight|Corviknight, M|75/100 slp|[from]move: Volt Switch
|-ability|p1a: Corviknight|Pressure
|move|p2a: Sylveon|Hyper Voice|p1a: Corviknight
|-resisted|p1a: Corviknight
|-damage|p1a: Corviknight|61/100 slp
|
|upkeep
|turn|144
|
|cant|p1a: Corviknight|slp
|move|p2a: Sylveon|Wish|p2a: Sylveon
|
|upkeep
|turn|145
|
|switch|p1a: Toxtricity|Toxtricity, M|100/100
|switch|p2a: Corviknight|Corviknight, F|27/100
|-ability|p2a: Corviknight|Pressure
|
|-heal|p2a: Corviknight|77/100|[from] move: Wish|[wisher] Sylveon
|-heal|p2a: Corviknight|83/100|[from] item: Leftovers
|upkeep
|turn|146
|
|switch|p2a: Ferrothorn|Ferrothorn, F|99/100
|move|p1a: Toxtricity|Volt Switch|p2a: Ferrothorn
|-resisted|p2a: Ferrothorn
|-damage|p2a: Ferrothorn|79/100
|
|switch|p1a: Rotom|Rotom-Heat|34/100|[from]move: Volt Switch
|
|-heal|p1a: Rotom|40/100|[from] item: Leftovers
|-heal|p2a: Ferrothorn|85/100|[from] item: Leftovers
|upkeep
|turn|147
|
|move|p1a: Rotom|Overheat|p2a: Ferrothorn
|-supereffective|p2a: Ferrothorn
|-damage|p2a: Ferrothorn|0 fnt
|-unboost|p1a: Rotom|spa|2
|faint|p2a: Ferrothorn
|
|-heal|p1a: Rotom|46/100|[from] item: Leftovers
|upkeep
|
|switch|p2a: Eldegoss|Eldegoss, M|100/100
|turn|148
|
|move|p1a: Rotom|Nasty Plot|p1a: Rotom
|-boost|p1a: Rotom|spa|2
|move|p2a: Eldegoss|Giga Drain|p1a: Rotom
|-resisted|p1a: Rotom
|-damage|p1a: Rotom|35/100
|
|-heal|p1a: Rotom|41/100|[from] item: Leftovers
|upkeep
|turn|149
|-message|TheRealDeer forfeited.
|
|win|Wormadam-Gold
|l|☆TheRealDeer
|raw|Wormadam-Gold's rating: 1721 → 1733(+12 for winning)
|raw|TheRealDeer's rating: 1573 → 1561(-12 for losing)
