|ScrapeTime|2020-01-02-05:15:48
|j|☆Datetheone
|j|☆13orphans
|player|p1|Datetheone|clerk-boss|1548
|player|p2|13orphans|169|1605
|teamsize|p1|6
|teamsize|p2|6
|gametype|singles
|gen|8
|tier|[Gen 8] OU
|rated|
|rule|Sleep Clause Mod: Limit one foe put to sleep
|rule|Species Clause: Limit one of each Pokémon
|rule|OHKO Clause: OHKO moves are banned
|rule|Evasion Moves Clause: Evasion moves are banned
|rule|Endless Battle Clause: Forcing endless battles is banned
|rule|HP Percentage Mod: HP is shown in percentages
|clearpoke
|poke|p1|Bisharp, M|
|poke|p1|Hatterene, F|
|poke|p1|Dragapult, F|
|poke|p1|Ferrothorn, M|
|poke|p1|Seismitoad, F|
|poke|p1|Mandibuzz, F|
|poke|p2|Aegislash, F|
|poke|p2|Rotom-Heat|
|poke|p2|Hydreigon, F|
|poke|p2|Ferrothorn, F|
|poke|p2|Mandibuzz, F|
|poke|p2|Clefable, F|
|rule|Dynamax Clause: You cannot dynamax
|teampreview
|inactive|Battle timer is ON: inactive players will automatically lose when time's up. (requested by 13orphans)
|inactive|Datetheone has 120 seconds left.
|inactive|Datetheone has 90 seconds left.
|inactive|Datetheone has 60 seconds left.
|
|start
|switch|p1a: Seismitoad|Seismitoad, F|100/100
|switch|p2a: Hydreigon|Hydreigon, F|100/100
|turn|1
|
|switch|p1a: Mandibuzz|Mandibuzz, F|100/100
|move|p2a: Hydreigon|Draco Meteor|p1a: Mandibuzz
|-damage|p1a: Mandibuzz|58/100
|-unboost|p2a: Hydreigon|spa|2
|
|upkeep
|turn|2
|
|switch|p2a: Rotom|Rotom-Heat|100/100
|move|p1a: Mandibuzz|U-turn|p2a: Rotom
|-resisted|p2a: Rotom
|-damage|p2a: Rotom|93/100
|
|switch|p1a: Seismitoad|Seismitoad, F|100/100|[from]move: U-turn
|
|upkeep
|turn|3
|
|move|p2a: Rotom|Will-O-Wisp|p1a: Seismitoad
|-status|p1a: Seismitoad|brn
|move|p1a: Seismitoad|Stealth Rock|p2a: Rotom
|-sidestart|p2: 13orphans|move: Stealth Rock
|
|-damage|p1a: Seismitoad|94/100 brn|[from] brn
|upkeep
|turn|4
|
|switch|p2a: Clefable|Clefable, F|100/100
|move|p1a: Seismitoad|Toxic|p2a: Clefable
|-status|p2a: Clefable|tox
|
|-heal|p1a: Seismitoad|100/100 brn|[from] item: Leftovers
|-damage|p1a: Seismitoad|94/100 brn|[from] brn
|upkeep
|turn|5
|inactive|Datetheone has 120 seconds left.
|
|switch|p1a: Hatterene|Hatterene, F|100/100
|move|p2a: Clefable|Moonblast|p1a: Hatterene
|-damage|p1a: Hatterene|54/100
|-unboost|p1a: Hatterene|spa|1
|
|-heal|p1a: Hatterene|60/100|[from] item: Leftovers
|upkeep
|turn|6
|
|switch|p2a: Aegislash|Aegislash, F|100/100
|-damage|p2a: Aegislash|94/100|[from] Stealth Rock
|move|p1a: Hatterene|Psychic|p2a: Aegislash
|-resisted|p2a: Aegislash
|-damage|p2a: Aegislash|84/100
|
|-heal|p1a: Hatterene|66/100|[from] item: Leftovers
|upkeep
|turn|7
|inactive|Datetheone has 120 seconds left.
|
|switch|p1a: Mandibuzz|Mandibuzz, F|58/100
|-formechange|p2a: Aegislash|Aegislash-Blade||[from] ability: Stance Change
|move|p2a: Aegislash|Iron Head|p1a: Mandibuzz
|-damage|p1a: Mandibuzz|25/100
|
|upkeep
|turn|8
|
|move|p1a: Mandibuzz|Roost|p1a: Mandibuzz
|-heal|p1a: Mandibuzz|75/100
|-singleturn|p1a: Mandibuzz|move: Roost
|move|p2a: Aegislash|Close Combat|p1a: Mandibuzz
|-supereffective|p1a: Mandibuzz
|-damage|p1a: Mandibuzz|1/100
|-unboost|p2a: Aegislash|def|1
|-unboost|p2a: Aegislash|spd|1
|
|upkeep
|turn|9
|inactive|Datetheone has 90 seconds left.
|
|move|p2a: Aegislash|Shadow Sneak|p1a: Mandibuzz
|-resisted|p1a: Mandibuzz
|-damage|p1a: Mandibuzz|0 fnt
|faint|p1a: Mandibuzz
|
|upkeep
|
|switch|p1a: Bisharp|Bisharp, M|100/100
|turn|10
|
|switch|p2a: Ferrothorn|Ferrothorn, F|100/100
|-damage|p2a: Ferrothorn|94/100|[from] Stealth Rock
|move|p1a: Bisharp|Throat Chop|p2a: Ferrothorn
|-crit|p2a: Ferrothorn
|-damage|p2a: Ferrothorn|46/100
|-damage|p1a: Bisharp|88/100|[from] ability: Iron Barbs|[of] p2a: Ferrothorn
|-start|p2a: Ferrothorn|Throat Chop|[silent]
|
|-heal|p2a: Ferrothorn|52/100|[from] item: Leftovers
|upkeep
|turn|11
|
|switch|p1a: Hatterene|Hatterene, F|66/100
|move|p2a: Ferrothorn|Body Press|p1a: Hatterene
|-resisted|p1a: Hatterene
|-damage|p1a: Hatterene|57/100
|
|-heal|p1a: Hatterene|63/100|[from] item: Leftovers
|-heal|p2a: Ferrothorn|58/100|[from] item: Leftovers
|-end|p2a: Ferrothorn|Throat Chop|[silent]
|upkeep
|turn|12
|
|switch|p2a: Aegislash|Aegislash, F|84/100
|-damage|p2a: Aegislash|78/100|[from] Stealth Rock
|move|p1a: Hatterene|Trick Room|p1a: Hatterene
|-fieldstart|move: Trick Room|[of] p1a: Hatterene
|
|-heal|p1a: Hatterene|69/100|[from] item: Leftovers
|upkeep
|turn|13
|
|move|p1a: Hatterene|Mystical Fire|p2a: Aegislash
|-supereffective|p2a: Aegislash
|-damage|p2a: Aegislash|45/100
|-unboost|p2a: Aegislash|spa|1
|-formechange|p2a: Aegislash|Aegislash-Blade||[from] ability: Stance Change
|move|p2a: Aegislash|Iron Head|p1a: Hatterene
|-supereffective|p1a: Hatterene
|-damage|p1a: Hatterene|0 fnt
|faint|p1a: Hatterene
|
|upkeep
|
|switch|p1a: Seismitoad|Seismitoad, F|94/100 brn
|turn|14
|
|switch|p2a: Clefable|Clefable, F|100/100 tox
|move|p1a: Seismitoad|Scald|p2a: Clefable
|-damage|p2a: Clefable|77/100 tox
|
|-heal|p2a: Clefable|83/100 tox|[from] item: Leftovers
|-heal|p1a: Seismitoad|100/100 brn|[from] item: Leftovers
|-damage|p1a: Seismitoad|94/100 brn|[from] brn
|upkeep
|turn|15
|inactive|Datetheone has 120 seconds left.
|
|switch|p1a: Ferrothorn|Ferrothorn, M|100/100
|move|p2a: Clefable|Wish|p2a: Clefable
|
|-heal|p2a: Clefable|90/100 tox|[from] item: Leftovers
|upkeep
|turn|16
|inactive|Datetheone has 120 seconds left.
|
|switch|p1a: Seismitoad|Seismitoad, F|94/100 brn
|switch|p2a: Aegislash|Aegislash, F|45/100
|-damage|p2a: Aegislash|39/100|[from] Stealth Rock
|
|-heal|p2a: Aegislash|99/100|[from] move: Wish|[wisher] Clefable
|-heal|p1a: Seismitoad|100/100 brn|[from] item: Leftovers
|-damage|p1a: Seismitoad|94/100 brn|[from] brn
|-fieldend|move: Trick Room
|upkeep
|turn|17
|
|switch|p2a: Clefable|Clefable, F|90/100 tox
|move|p1a: Seismitoad|Scald|p2a: Clefable
|-damage|p2a: Clefable|68/100 tox
|
|-heal|p1a: Seismitoad|100/100 brn|[from] item: Leftovers
|-heal|p2a: Clefable|74/100 tox|[from] item: Leftovers
|-damage|p1a: Seismitoad|94/100 brn|[from] brn
|upkeep
|turn|18
|
|switch|p1a: Bisharp|Bisharp, M|88/100
|move|p2a: Clefable|Grass Knot|p1a: Bisharp
|-resisted|p1a: Bisharp
|-damage|p1a: Bisharp|68/100
|
|-heal|p2a: Clefable|80/100 tox|[from] item: Leftovers
|upkeep
|turn|19
|
|switch|p2a: Mandibuzz|Mandibuzz, F|100/100
|move|p1a: Bisharp|Swords Dance|p1a: Bisharp
|-boost|p1a: Bisharp|atk|2
|
|upkeep
|turn|20
|
|move|p2a: Mandibuzz|Foul Play|p1a: Bisharp
|-resisted|p1a: Bisharp
|-damage|p1a: Bisharp|1/100
|move|p1a: Bisharp|Iron Head|p2a: Mandibuzz
|-damage|p2a: Mandibuzz|41/100
|
|upkeep
|turn|21
|
|move|p2a: Mandibuzz|Foul Play|p1a: Bisharp
|-resisted|p1a: Bisharp
|-damage|p1a: Bisharp|0 fnt
|faint|p1a: Bisharp
|
|upkeep
|
|switch|p1a: Dragapult|Dragapult, F|100/100
|turn|22
|
|switch|p2a: Clefable|Clefable, F|80/100 tox
|move|p1a: Dragapult|Substitute|p1a: Dragapult
|-start|p1a: Dragapult|Substitute
|-damage|p1a: Dragapult|76/100
|
|-heal|p1a: Dragapult|82/100|[from] item: Leftovers
|-heal|p2a: Clefable|86/100 tox|[from] item: Leftovers
|upkeep
|turn|23
|
|move|p1a: Dragapult|Dragon Dance|p1a: Dragapult
|-boost|p1a: Dragapult|atk|1
|-boost|p1a: Dragapult|spe|1
|move|p2a: Clefable|Wish|p2a: Clefable
|
|-heal|p1a: Dragapult|88/100|[from] item: Leftovers
|-heal|p2a: Clefable|92/100 tox|[from] item: Leftovers
|upkeep
|turn|24
|
|move|p1a: Dragapult|Dragon Dance|p1a: Dragapult
|-boost|p1a: Dragapult|atk|1
|-boost|p1a: Dragapult|spe|1
|move|p2a: Clefable|Moonblast|p1a: Dragapult
|-supereffective|p1a: Dragapult
|-end|p1a: Dragapult|Substitute
|
|-heal|p2a: Clefable|100/100 tox|[from] move: Wish|[wisher] Clefable
|-heal|p1a: Dragapult|94/100|[from] item: Leftovers
|upkeep
|turn|25
|
|move|p1a: Dragapult|Phantom Force||[still]
|-prepare|p1a: Dragapult|Phantom Force|p2a: Clefable
|move|p2a: Clefable|Moonblast|p1a: Dragapult|[miss]
|-miss|p2a: Clefable|p1a: Dragapult
|
|-heal|p1a: Dragapult|99/100|[from] item: Leftovers
|upkeep
|turn|26
|
|switch|p2a: Hydreigon|Hydreigon, F|100/100
|-damage|p2a: Hydreigon|88/100|[from] Stealth Rock
|move|p1a: Dragapult|Phantom Force|p2a: Hydreigon|[from]lockedmove
|-resisted|p2a: Hydreigon
|-damage|p2a: Hydreigon|38/100
|
|-heal|p1a: Dragapult|100/100|[from] item: Leftovers
|upkeep
|turn|27
|
|move|p1a: Dragapult|Dragon Darts|p2a: Hydreigon
|-supereffective|p2a: Hydreigon
|-damage|p2a: Hydreigon|0 fnt
|-hitcount|p2a: Hydreigon|1
|faint|p2a: Hydreigon
|
|upkeep
|
|switch|p2a: Aegislash|Aegislash, F|99/100
|-damage|p2a: Aegislash|93/100|[from] Stealth Rock
|turn|28
|
|-formechange|p2a: Aegislash|Aegislash-Blade||[from] ability: Stance Change
|move|p2a: Aegislash|Shadow Sneak|p1a: Dragapult
|-supereffective|p1a: Dragapult
|-damage|p1a: Dragapult|39/100
|move|p1a: Dragapult|Phantom Force||[still]
|-prepare|p1a: Dragapult|Phantom Force|p2a: Aegislash
|
|-heal|p1a: Dragapult|45/100|[from] item: Leftovers
|upkeep
|turn|29
|
|switch|p2a: Mandibuzz|Mandibuzz, F|41/100
|move|p1a: Dragapult|Phantom Force|p2a: Mandibuzz|[from]lockedmove
|-resisted|p2a: Mandibuzz
|-damage|p2a: Mandibuzz|15/100
|
|-heal|p1a: Dragapult|51/100|[from] item: Leftovers
|upkeep
|turn|30
|
|move|p1a: Dragapult|Dragon Darts|p2a: Mandibuzz
|-damage|p2a: Mandibuzz|0 fnt
|-hitcount|p2a: Mandibuzz|1
|faint|p2a: Mandibuzz
|
|-heal|p1a: Dragapult|57/100|[from] item: Leftovers
|upkeep
|
|switch|p2a: Aegislash|Aegislash, F|93/100
|-damage|p2a: Aegislash|87/100|[from] Stealth Rock
|turn|31
|
|switch|p1a: Seismitoad|Seismitoad, F|94/100 brn
|-formechange|p2a: Aegislash|Aegislash-Blade||[from] ability: Stance Change
|move|p2a: Aegislash|Shadow Sneak|p1a: Seismitoad
|-damage|p1a: Seismitoad|77/100 brn
|
|-heal|p1a: Seismitoad|83/100 brn|[from] item: Leftovers
|-damage|p1a: Seismitoad|77/100 brn|[from] brn
|upkeep
|turn|32
|
|switch|p2a: Clefable|Clefable, F|100/100 tox
|move|p1a: Seismitoad|Scald|p2a: Clefable
|-damage|p2a: Clefable|77/100 tox
|
|-heal|p1a: Seismitoad|83/100 brn|[from] item: Leftovers
|-heal|p2a: Clefable|83/100 tox|[from] item: Leftovers
|-damage|p1a: Seismitoad|77/100 brn|[from] brn
|upkeep
|turn|33
|
|switch|p1a: Ferrothorn|Ferrothorn, M|100/100
|move|p2a: Clefable|Moonblast|p1a: Ferrothorn
|-resisted|p1a: Ferrothorn
|-damage|p1a: Ferrothorn|82/100
|-unboost|p1a: Ferrothorn|spa|1
|
|-heal|p2a: Clefable|90/100 tox|[from] item: Leftovers
|-heal|p1a: Ferrothorn|89/100|[from] item: Leftovers
|upkeep
|turn|34
|
|switch|p2a: Ferrothorn|Ferrothorn, F|58/100
|-damage|p2a: Ferrothorn|52/100|[from] Stealth Rock
|move|p1a: Ferrothorn|Power Whip|p2a: Ferrothorn
|-resisted|p2a: Ferrothorn
|-crit|p2a: Ferrothorn
|-damage|p2a: Ferrothorn|44/100
|-damage|p1a: Ferrothorn|76/100|[from] ability: Iron Barbs|[of] p2a: Ferrothorn
|
|-heal|p1a: Ferrothorn|82/100|[from] item: Leftovers
|-heal|p2a: Ferrothorn|50/100|[from] item: Leftovers
|upkeep
|turn|35
|
|switch|p1a: Dragapult|Dragapult, F|57/100
|move|p2a: Ferrothorn|Knock Off|p1a: Dragapult
|-supereffective|p1a: Dragapult
|-damage|p1a: Dragapult|0 fnt
|-enditem|p1a: Dragapult|Leftovers|[from] move: Knock Off|[of] p2a: Ferrothorn
|faint|p1a: Dragapult
|
|-heal|p2a: Ferrothorn|57/100|[from] item: Leftovers
|upkeep
|-message|Datetheone forfeited.
|
|win|13orphans
|l|☆Datetheone
|raw|Datetheone's rating: 1548 → 1532(-16 for losing)
|raw|13orphans's rating: 1605 → 1622(+17 for winning)
