|ScrapeTime|2020-01-02-05:46:48
|j|☆beergoggles
|j|☆knightofstorm3
|player|p1|beergoggles|130|1251
|player|p2|knightofstorm3|266|1249
|teamsize|p1|6
|teamsize|p2|6
|gametype|singles
|gen|8
|tier|[Gen 8] OU
|rated|
|rule|Sleep Clause Mod: Limit one foe put to sleep
|rule|Species Clause: Limit one of each Pokémon
|rule|OHKO Clause: OHKO moves are banned
|rule|Evasion Moves Clause: Evasion moves are banned
|rule|Endless Battle Clause: Forcing endless battles is banned
|rule|HP Percentage Mod: HP is shown in percentages
|clearpoke
|poke|p1|Pincurchin, F|
|poke|p1|Hawlucha, F|
|poke|p1|Cloyster, M|
|poke|p1|Indeedee, M|
|poke|p1|Cinderace, F|
|poke|p1|Excadrill, F|
|poke|p2|Mandibuzz, F|
|poke|p2|Kommo-o, F|
|poke|p2|Corsola-Galar, F|
|poke|p2|Ferrothorn, F|
|poke|p2|Toxapex, F|
|poke|p2|Cinderace, F|
|rule|Dynamax Clause: You cannot dynamax
|teampreview
|
|start
|switch|p1a: Excadrill|Excadrill, F|100/100
|switch|p2a: Toxapex|Toxapex, F|100/100
|-ability|p1a: Excadrill|Mold Breaker
|turn|1
|
|move|p1a: Excadrill|Stealth Rock|p2a: Toxapex
|-sidestart|p2: knightofstorm3|move: Stealth Rock
|move|p2a: Toxapex|Toxic|p1a: Excadrill
|-immune|p1a: Excadrill
|
|upkeep
|turn|2
|
|move|p1a: Excadrill|Earthquake|p2a: Toxapex
|-supereffective|p2a: Toxapex
|-crit|p2a: Toxapex
|-damage|p2a: Toxapex|0 fnt
|faint|p2a: Toxapex
|
|upkeep
|
|switch|p2a: Mandibuzz|Mandibuzz, F|100/100
|turn|3
|
|move|p1a: Excadrill|Rock Tomb|p2a: Mandibuzz
|-supereffective|p2a: Mandibuzz
|-damage|p2a: Mandibuzz|74/100
|-unboost|p2a: Mandibuzz|spe|1
|move|p2a: Mandibuzz|Knock Off|p1a: Excadrill
|-damage|p1a: Excadrill|67/100
|-enditem|p1a: Excadrill|Focus Sash|[from] move: Knock Off|[of] p2a: Mandibuzz
|
|upkeep
|turn|4
|
|switch|p1a: Cloyster|Cloyster, M|100/100
|move|p2a: Mandibuzz|Foul Play|p1a: Cloyster
|-damage|p1a: Cloyster|63/100
|
|upkeep
|turn|5
|
|move|p1a: Cloyster|Icicle Spear|p2a: Mandibuzz
|-supereffective|p2a: Mandibuzz
|-damage|p2a: Mandibuzz|60/100
|-supereffective|p2a: Mandibuzz
|-damage|p2a: Mandibuzz|46/100
|-supereffective|p2a: Mandibuzz
|-damage|p2a: Mandibuzz|32/100
|-supereffective|p2a: Mandibuzz
|-damage|p2a: Mandibuzz|19/100
|-supereffective|p2a: Mandibuzz
|-damage|p2a: Mandibuzz|6/100
|-hitcount|p2a: Mandibuzz|5
|move|p2a: Mandibuzz|Defog|p1a: Cloyster
|-unboost|p1a: Cloyster|evasion|1
|-sideend|p2: knightofstorm3|Stealth Rock|[from] move: Defog|[of] p2a: Mandibuzz
|
|upkeep
|turn|6
|
|switch|p2a: Ferrothorn|Ferrothorn, F|100/100
|move|p1a: Cloyster|Shell Smash|p1a: Cloyster
|-unboost|p1a: Cloyster|def|1
|-unboost|p1a: Cloyster|spd|1
|-boost|p1a: Cloyster|atk|2
|-boost|p1a: Cloyster|spa|2
|-boost|p1a: Cloyster|spe|2
|
|upkeep
|turn|7
|
|move|p1a: Cloyster|Icicle Spear|p2a: Ferrothorn
|-damage|p2a: Ferrothorn|86/100
|-damage|p2a: Ferrothorn|72/100
|-damage|p2a: Ferrothorn|59/100
|-damage|p2a: Ferrothorn|46/100
|-damage|p2a: Ferrothorn|32/100
|-hitcount|p2a: Ferrothorn|5
|cant|p2a: Ferrothorn|flinch
|
|upkeep
|turn|8
|
|move|p1a: Cloyster|Icicle Spear|p2a: Ferrothorn
|-damage|p2a: Ferrothorn|19/100
|-damage|p2a: Ferrothorn|4/100
|-damage|p2a: Ferrothorn|0 fnt
|-hitcount|p2a: Ferrothorn|3
|faint|p2a: Ferrothorn
|
|upkeep
|
|switch|p2a: Corsola|Corsola-Galar, F|100/100
|turn|9
|
|switch|p1a: Indeedee|Indeedee, M|100/100
|-fieldstart|move: Psychic Terrain|[from] ability: Psychic Surge|[of] p1a: Indeedee
|move|p2a: Corsola|Haze|p2a: Corsola
|-clearallboost
|
|upkeep
|turn|10
|
|move|p1a: Indeedee|Trick|p2a: Corsola
|-activate|p1a: Indeedee|move: Trick|[of] p2a: Corsola
|-item|p2a: Corsola|Choice Scarf|[from] move: Trick
|-item|p1a: Indeedee|Eviolite|[from] move: Trick
|move|p2a: Corsola|Night Shade|p1a: Indeedee
|-immune|p1a: Indeedee
|
|upkeep
|turn|11
|
|switch|p2a: Mandibuzz|Mandibuzz, F|6/100
|move|p1a: Indeedee|Psychic|p2a: Mandibuzz
|-immune|p2a: Mandibuzz
|
|upkeep
|turn|12
|
|move|p1a: Indeedee|Dazzling Gleam|p2a: Mandibuzz
|-supereffective|p2a: Mandibuzz
|-damage|p2a: Mandibuzz|0 fnt
|faint|p2a: Mandibuzz
|
|upkeep
|
|switch|p2a: Cinderace|Cinderace, F|100/100
|turn|13
|
|switch|p1a: Dustpan|Pincurchin, F|100/100
|-fieldstart|move: Electric Terrain|[from] ability: Electric Surge|[of] p1a: Dustpan
|move|p2a: Cinderace|Pyro Ball|p1a: Dustpan
|-damage|p1a: Dustpan|15/100
|-damage|p2a: Cinderace|91/100|[from] item: Life Orb
|
|upkeep
|turn|14
|
|move|p1a: Dustpan|Sucker Punch|p2a: Cinderace
|-damage|p2a: Cinderace|68/100
|move|p2a: Cinderace|Pyro Ball|p1a: Dustpan
|-damage|p1a: Dustpan|0 fnt
|-damage|p2a: Cinderace|58/100|[from] item: Life Orb
|faint|p1a: Dustpan
|
|upkeep
|
|switch|p1a: Broom|Hawlucha, F|100/100
|-enditem|p1a: Broom|Electric Seed
|-boost|p1a: Broom|def|1
|turn|15
|
|move|p2a: Cinderace|Sucker Punch||[still]
|-fail|p2a: Cinderace
|move|p1a: Broom|Swords Dance|p1a: Broom
|-boost|p1a: Broom|atk|2
|
|upkeep
|turn|16
|
|move|p2a: Cinderace|Sucker Punch|p1a: Broom
|-resisted|p1a: Broom
|-crit|p1a: Broom
|-damage|p1a: Broom|78/100
|-damage|p2a: Cinderace|48/100|[from] item: Life Orb
|move|p1a: Broom|Drain Punch|p2a: Cinderace
|-damage|p2a: Cinderace|0 fnt
|-heal|p1a: Broom|100/100|[from] drain|[of] p2a: Cinderace
|faint|p2a: Cinderace
|
|upkeep
|
|switch|p2a: Corsola|Corsola-Galar, F|100/100
|turn|17
|-message|knightofstorm3 forfeited.
|
|win|beergoggles
|l|☆knightofstorm3
|raw|beergoggles's rating: 1251 → 1276(+25 for winning)
|raw|knightofstorm3's rating: 1249 → 1224(-25 for losing)
