|ScrapeTime|2020-01-02-02:05:26
|j|☆bonnie mcmurray
|j|☆blossomingsklz
|player|p1|bonnie mcmurray|lady-gen4|1192
|player|p2|blossomingsklz|137|1186
|teamsize|p1|6
|teamsize|p2|6
|gametype|singles
|gen|8
|tier|[Gen 8] OU
|rated|
|rule|Sleep Clause Mod: Limit one foe put to sleep
|rule|Species Clause: Limit one of each Pokémon
|rule|OHKO Clause: OHKO moves are banned
|rule|Evasion Moves Clause: Evasion moves are banned
|rule|Endless Battle Clause: Forcing endless battles is banned
|rule|HP Percentage Mod: HP is shown in percentages
|clearpoke
|poke|p1|Gengar, F|
|poke|p1|Dragapult, M|
|poke|p1|Clefable, M|
|poke|p1|Corviknight, F|
|poke|p1|Seismitoad, F|
|poke|p1|Rotom-Heat|
|poke|p2|Ferrothorn, M|
|poke|p2|Gyarados, M|
|poke|p2|Togekiss, M|
|poke|p2|Toxtricity, F|
|poke|p2|Claydol|
|poke|p2|Hydreigon, F|
|rule|Dynamax Clause: You cannot dynamax
|teampreview
|c|☆blossomingsklz|GL
|
|start
|switch|p1a: Gengar|Gengar, F|100/100
|switch|p2a: Ferrothorn|Ferrothorn, M|100/100
|turn|1
|
|move|p1a: Gengar|Trick|p2a: Ferrothorn
|-activate|p1a: Gengar|move: Trick|[of] p2a: Ferrothorn
|-item|p2a: Ferrothorn|Choice Specs|[from] move: Trick
|-item|p1a: Gengar|Leftovers|[from] move: Trick
|move|p2a: Ferrothorn|Leech Seed|p1a: Gengar
|-start|p1a: Gengar|move: Leech Seed
|
|-damage|p1a: Gengar|88/100|[from] Leech Seed|[of] p2a: Ferrothorn
|upkeep
|turn|2
|
|switch|p2a: Toxtricity|Toxtricity, F|100/100
|move|p1a: Gengar|Shadow Ball|p2a: Toxtricity
|-damage|p2a: Toxtricity|49/100
|
|-heal|p1a: Gengar|94/100|[from] item: Leftovers
|-damage|p1a: Gengar|82/100|[from] Leech Seed|[of] p2a: Toxtricity
|-heal|p2a: Toxtricity|58/100|[silent]
|upkeep
|turn|3
|
|switch|p1a: Seismitoad|Seismitoad, F|100/100
|move|p2a: Toxtricity|Overdrive|p1a: Seismitoad
|-immune|p1a: Seismitoad
|
|upkeep
|turn|4
|
|switch|p2a: Togekiss|Togekiss, M|100/100
|move|p1a: Seismitoad|Stealth Rock|p2a: Togekiss
|-sidestart|p2: blossomingsklz|move: Stealth Rock
|
|upkeep
|turn|5
|
|move|p2a: Togekiss|Dazzling Gleam|p1a: Seismitoad
|-damage|p1a: Seismitoad|59/100
|move|p1a: Seismitoad|Toxic|p2a: Togekiss
|-status|p2a: Togekiss|tox
|
|-heal|p1a: Seismitoad|65/100|[from] item: Leftovers
|-damage|p2a: Togekiss|94/100 tox|[from] psn
|upkeep
|turn|6
|
|switch|p1a: Rotom|Rotom-Heat|100/100
|move|p2a: Togekiss|Dazzling Gleam|p1a: Rotom
|-resisted|p1a: Rotom
|-damage|p1a: Rotom|78/100
|
|-heal|p2a: Togekiss|100/100 tox|[from] item: Leftovers
|-damage|p2a: Togekiss|88/100 tox|[from] psn
|upkeep
|turn|7
|
|switch|p2a: Claydol|Claydol|100/100
|move|p1a: Rotom|Nasty Plot|p1a: Rotom
|-boost|p1a: Rotom|spa|2
|
|upkeep
|turn|8
|
|move|p1a: Rotom|Overheat|p2a: Claydol
|-damage|p2a: Claydol|16/100
|-unboost|p1a: Rotom|spa|2
|move|p2a: Claydol|Rapid Spin|p1a: Rotom
|-damage|p1a: Rotom|72/100
|-sideend|p2: blossomingsklz|Stealth Rock|[from] move: Rapid Spin|[of] p2a: Claydol
|-boost|p2a: Claydol|spe|1
|
|upkeep
|turn|9
|
|switch|p1a: Seismitoad|Seismitoad, F|65/100
|move|p2a: Claydol|Psyshock|p1a: Seismitoad
|-damage|p1a: Seismitoad|43/100
|
|-heal|p1a: Seismitoad|49/100|[from] item: Leftovers
|upkeep
|turn|10
|
|move|p2a: Claydol|Psyshock|p1a: Seismitoad
|-damage|p1a: Seismitoad|26/100
|move|p1a: Seismitoad|Scald|p2a: Claydol
|-supereffective|p2a: Claydol
|-damage|p2a: Claydol|0 fnt
|faint|p2a: Claydol
|
|-heal|p1a: Seismitoad|32/100|[from] item: Leftovers
|upkeep
|
|switch|p2a: Ferrothorn|Ferrothorn, M|100/100
|turn|11
|
|switch|p1a: Clefable|Clefable, M|100/100
|move|p2a: Ferrothorn|Leech Seed|p1a: Clefable
|-start|p1a: Clefable|move: Leech Seed
|
|upkeep
|turn|12
|
|switch|p2a: Togekiss|Togekiss, M|88/100 tox
|move|p1a: Clefable|Moonblast|p2a: Togekiss
|-damage|p2a: Togekiss|31/100 tox
|-unboost|p2a: Togekiss|spa|1
|
|-heal|p2a: Togekiss|37/100 tox|[from] item: Leftovers
|-damage|p2a: Togekiss|31/100 tox|[from] psn
|upkeep
|turn|13
|
|move|p2a: Togekiss|Flamethrower|p1a: Clefable
|-crit|p1a: Clefable
|-damage|p1a: Clefable|53/100
|move|p1a: Clefable|Thunderbolt|p2a: Togekiss
|-supereffective|p2a: Togekiss
|-damage|p2a: Togekiss|0 fnt
|faint|p2a: Togekiss
|
|upkeep
|
|switch|p2a: Toxtricity|Toxtricity, F|58/100
|turn|14
|
|switch|p1a: Seismitoad|Seismitoad, F|32/100
|move|p2a: Toxtricity|Sludge Wave|p1a: Seismitoad
|-resisted|p1a: Seismitoad
|-damage|p1a: Seismitoad|0 fnt
|faint|p1a: Seismitoad
|
|upkeep
|
|switch|p1a: Corviknight|Corviknight, F|100/100
|-ability|p1a: Corviknight|Pressure
|turn|15
|
|switch|p2a: Hydreigon|Hydreigon, F|100/100
|move|p1a: Corviknight|U-turn|p2a: Hydreigon
|-supereffective|p2a: Hydreigon
|-damage|p2a: Hydreigon|64/100
|
|switch|p1a: Dragapult|Dragapult, M|100/100|[from]move: U-turn
|
|upkeep
|turn|16
|
|move|p2a: Hydreigon|Dragon Pulse|p1a: Dragapult
|-supereffective|p1a: Dragapult
|-damage|p1a: Dragapult|0 fnt
|faint|p1a: Dragapult
|
|upkeep
|
|switch|p1a: Clefable|Clefable, M|53/100
|turn|17
|
|switch|p2a: Toxtricity|Toxtricity, F|58/100
|move|p1a: Clefable|Flamethrower|p2a: Toxtricity
|-damage|p2a: Toxtricity|14/100
|
|upkeep
|turn|18
|
|switch|p1a: Rotom|Rotom-Heat|72/100
|move|p2a: Toxtricity|Overdrive|p1a: Rotom
|-resisted|p1a: Rotom
|-damage|p1a: Rotom|32/100
|
|upkeep
|turn|19
|
|move|p1a: Rotom|Volt Switch|p2a: Toxtricity
|-resisted|p2a: Toxtricity
|-damage|p2a: Toxtricity|0 fnt
|faint|p2a: Toxtricity
|
|switch|p1a: Gengar|Gengar, F|82/100|[from]move: Volt Switch
|
|-heal|p1a: Gengar|88/100|[from] item: Leftovers
|upkeep
|
|switch|p2a: Gyarados|Gyarados, M, shiny|100/100
|turn|20
|
|move|p1a: Gengar|Sludge Bomb|p2a: Gyarados
|-damage|p2a: Gyarados|56/100
|move|p2a: Gyarados|Dragon Dance|p2a: Gyarados
|-boost|p2a: Gyarados|atk|1
|-boost|p2a: Gyarados|spe|1
|
|-heal|p2a: Gyarados|62/100|[from] item: Leftovers
|-heal|p1a: Gengar|94/100|[from] item: Leftovers
|upkeep
|turn|21
|
|switch|p1a: Corviknight|Corviknight, F|100/100
|-ability|p1a: Corviknight|Pressure
|move|p2a: Gyarados|Substitute|p2a: Gyarados
|-start|p2a: Gyarados|Substitute
|-damage|p2a: Gyarados|37/100
|
|-heal|p2a: Gyarados|43/100|[from] item: Leftovers
|upkeep
|turn|22
|
|move|p2a: Gyarados|Waterfall|p1a: Corviknight
|-damage|p1a: Corviknight|59/100
|move|p1a: Corviknight|Brave Bird|p2a: Gyarados
|-end|p2a: Gyarados|Substitute
|-damage|p1a: Corviknight|52/100|[from] Recoil|[of] p2a: Gyarados
|
|-heal|p2a: Gyarados|49/100|[from] item: Leftovers
|-heal|p1a: Corviknight|58/100|[from] item: Leftovers
|upkeep
|turn|23
|
|move|p2a: Gyarados|Substitute|p2a: Gyarados
|-start|p2a: Gyarados|Substitute
|-damage|p2a: Gyarados|25/100
|move|p1a: Corviknight|Brave Bird|p2a: Gyarados
|-end|p2a: Gyarados|Substitute
|-damage|p1a: Corviknight|52/100|[from] Recoil|[of] p2a: Gyarados
|
|-heal|p2a: Gyarados|31/100|[from] item: Leftovers
|-heal|p1a: Corviknight|58/100|[from] item: Leftovers
|upkeep
|turn|24
|
|move|p2a: Gyarados|Waterfall|p1a: Corviknight
|-damage|p1a: Corviknight|19/100
|move|p1a: Corviknight|Brave Bird|p2a: Gyarados
|-damage|p2a: Gyarados|0 fnt
|-damage|p1a: Corviknight|11/100|[from] Recoil
|faint|p2a: Gyarados
|
|-heal|p1a: Corviknight|17/100|[from] item: Leftovers
|upkeep
|
|switch|p2a: Hydreigon|Hydreigon, F|64/100
|turn|25
|
|switch|p1a: Gengar|Gengar, F|94/100
|move|p2a: Hydreigon|Flamethrower|p1a: Gengar
|-damage|p1a: Gengar|36/100
|
|-heal|p1a: Gengar|42/100|[from] item: Leftovers
|upkeep
|turn|26
|
|move|p2a: Hydreigon|Flamethrower|p1a: Gengar
|-damage|p1a: Gengar|0 fnt
|-start|p2a: Hydreigon|Disable|Flamethrower|[from] ability: Cursed Body|[of] p1a: Gengar
|faint|p1a: Gengar
|
|upkeep
|
|switch|p1a: Clefable|Clefable, M|53/100
|turn|27
|c|☆blossomingsklz|Unlucky
|
|switch|p2a: Ferrothorn|Ferrothorn, M|100/100
|move|p1a: Clefable|Moonlight|p1a: Clefable
|-heal|p1a: Clefable|100/100
|
|upkeep
|turn|28
|
|move|p1a: Clefable|Flamethrower|p2a: Ferrothorn
|-supereffective|p2a: Ferrothorn
|-damage|p2a: Ferrothorn|0 fnt
|faint|p2a: Ferrothorn
|
|upkeep
|
|switch|p2a: Hydreigon|Hydreigon, F|64/100
|turn|29
|
|move|p2a: Hydreigon|Flash Cannon|p1a: Clefable
|-supereffective|p1a: Clefable
|-damage|p1a: Clefable|30/100
|move|p1a: Clefable|Moonblast|p2a: Hydreigon
|-supereffective|p2a: Hydreigon
|-damage|p2a: Hydreigon|0 fnt
|faint|p2a: Hydreigon
|
|win|bonnie mcmurray
|l|☆blossomingsklz
|raw|bonnie mcmurray's rating: 1193 → 1217(+24 for winning)
|raw|blossomingsklz's rating: 1186 → 1161(-25 for losing)
