|ScrapeTime|2020-01-01-19:35:28
|j|☆OsIrIs YT
|j|☆lucas lan 2
|player|p1|OsIrIs YT|benga|
|player|p2|lucas lan 2|blackbelt|
|teamsize|p1|6
|teamsize|p2|6
|gametype|singles
|gen|8
|tier|[Gen 8] OU
|rule|Sleep Clause Mod: Limit one foe put to sleep
|rule|Species Clause: Limit one of each Pokémon
|rule|OHKO Clause: OHKO moves are banned
|rule|Evasion Moves Clause: Evasion moves are banned
|rule|Endless Battle Clause: Forcing endless battles is banned
|rule|HP Percentage Mod: HP is shown in percentages
|clearpoke
|poke|p1|Ditto|
|poke|p1|Ferrothorn, M|
|poke|p1|Toxapex, F|
|poke|p1|Corviknight, F|
|poke|p1|Excadrill, M|
|poke|p1|Cloyster, F|
|poke|p2|Dracozolt|
|poke|p2|Dracovish|
|poke|p2|Cinderace, M|
|poke|p2|Rotom-Heat|
|poke|p2|Toxtricity-Low-Key, F|
|poke|p2|Togekiss, M|
|rule|Dynamax Clause: You cannot dynamax
|teampreview
|
|start
|switch|p1a: Excadrill|Excadrill, M|100/100
|switch|p2a: Rotom|Rotom-Heat, shiny|100/100
|-ability|p1a: Excadrill|Mold Breaker
|turn|1
|
|move|p2a: Rotom|Overheat|p1a: Excadrill
|-supereffective|p1a: Excadrill
|-enditem|p1a: Excadrill|Focus Sash
|-damage|p1a: Excadrill|1/100
|-unboost|p2a: Rotom|spa|2
|move|p1a: Excadrill|Stealth Rock|p2a: Rotom
|-sidestart|p2: lucas lan 2|move: Stealth Rock
|
|upkeep
|turn|2
|
|move|p2a: Rotom|Overheat|p1a: Excadrill
|-supereffective|p1a: Excadrill
|-damage|p1a: Excadrill|0 fnt
|-unboost|p2a: Rotom|spa|2
|faint|p1a: Excadrill
|
|upkeep
|
|switch|p1a: Cloyster|Cloyster, F|100/100
|turn|3
|
|switch|p2a: Dracozolt|Dracozolt|100/100
|-damage|p2a: Dracozolt|88/100|[from] Stealth Rock
|move|p1a: Cloyster|Shell Smash|p1a: Cloyster
|-unboost|p1a: Cloyster|def|1
|-unboost|p1a: Cloyster|spd|1
|-boost|p1a: Cloyster|atk|2
|-boost|p1a: Cloyster|spa|2
|-boost|p1a: Cloyster|spe|2
|-enditem|p1a: Cloyster|White Herb
|-clearnegativeboost|p1a: Cloyster|[silent]
|
|upkeep
|turn|4
|
|move|p1a: Cloyster|Icicle Spear|p2a: Dracozolt
|-supereffective|p2a: Dracozolt
|-damage|p2a: Dracozolt|44/100
|-supereffective|p2a: Dracozolt
|-damage|p2a: Dracozolt|0 fnt
|-hitcount|p2a: Dracozolt|2
|faint|p2a: Dracozolt
|
|upkeep
|
|switch|p2a: Rotom|Rotom-Heat, shiny|100/100
|-damage|p2a: Rotom|76/100|[from] Stealth Rock
|turn|5
|
|move|p1a: Cloyster|Hydro Pump|p2a: Rotom
|-supereffective|p2a: Rotom
|-damage|p2a: Rotom|0 fnt
|faint|p2a: Rotom
|
|upkeep
|
|switch|p2a: Cinderace|Cinderace, M|100/100
|-damage|p2a: Cinderace|76/100|[from] Stealth Rock
|turn|6
|
|move|p1a: Cloyster|Hydro Pump|p2a: Cinderace
|-supereffective|p2a: Cinderace
|-crit|p2a: Cinderace
|-damage|p2a: Cinderace|0 fnt
|faint|p2a: Cinderace
|
|upkeep
|
|switch|p2a: Toxtricity|Toxtricity-Low-Key, F|100/100
|-damage|p2a: Toxtricity|88/100|[from] Stealth Rock
|turn|7
|
|move|p1a: Cloyster|Icicle Spear|p2a: Toxtricity
|-damage|p2a: Toxtricity|51/100
|-damage|p2a: Toxtricity|11/100
|-damage|p2a: Toxtricity|0 fnt
|-hitcount|p2a: Toxtricity|3
|faint|p2a: Toxtricity
|
|upkeep
|
|switch|p2a: Togekiss|Togekiss, M|100/100
|-damage|p2a: Togekiss|76/100|[from] Stealth Rock
|turn|8
|
|move|p1a: Cloyster|Icicle Spear|p2a: Togekiss
|-supereffective|p2a: Togekiss
|-damage|p2a: Togekiss|26/100
|-supereffective|p2a: Togekiss
|-damage|p2a: Togekiss|0 fnt
|-hitcount|p2a: Togekiss|2
|faint|p2a: Togekiss
|
|upkeep
|
|switch|p2a: Dracovish|Dracovish|100/100
|-damage|p2a: Dracovish|88/100|[from] Stealth Rock
|turn|9
|
|move|p1a: Cloyster|Icicle Spear|p2a: Dracovish
|-crit|p2a: Dracovish
|-damage|p2a: Dracovish|50/100
|-damage|p2a: Dracovish|27/100
|-damage|p2a: Dracovish|3/100
|-damage|p2a: Dracovish|0 fnt
|-hitcount|p2a: Dracovish|4
|faint|p2a: Dracovish
|
|win|OsIrIs YT
|l|☆lucas lan 2
