|ScrapeTime|2020-01-01-19:35:04
|j|☆americhinose
|j|☆loolong
|player|p1|americhinose|70|1695
|player|p2|loolong|2|1695
|teamsize|p1|6
|teamsize|p2|6
|gametype|singles
|gen|8
|tier|[Gen 8] OU
|rated|
|rule|Sleep Clause Mod: Limit one foe put to sleep
|rule|Species Clause: Limit one of each Pokémon
|rule|OHKO Clause: OHKO moves are banned
|rule|Evasion Moves Clause: Evasion moves are banned
|rule|Endless Battle Clause: Forcing endless battles is banned
|rule|HP Percentage Mod: HP is shown in percentages
|clearpoke
|poke|p1|Hawlucha, M|
|poke|p1|Grimmsnarl, M|
|poke|p1|Haxorus, F|
|poke|p1|Gyarados, F|
|poke|p1|Cloyster, F|
|poke|p1|Bisharp, F|
|poke|p2|Togekiss, M|
|poke|p2|Conkeldurr, F|
|poke|p2|Clefable, F|
|poke|p2|Dragapult, F|
|poke|p2|Excadrill, F|
|poke|p2|Mimikyu, F|
|rule|Dynamax Clause: You cannot dynamax
|teampreview
|j| SendWholesomeMemes
|
|start
|switch|p1a: Grimmsnarl|Grimmsnarl, M|100/100
|switch|p2a: Excadrill|Excadrill, F|100/100
|-ability|p2a: Excadrill|Mold Breaker
|turn|1
|
|move|p1a: Grimmsnarl|Taunt|p2a: Excadrill
|-start|p2a: Excadrill|move: Taunt
|move|p2a: Excadrill|Iron Head|p1a: Grimmsnarl
|-supereffective|p1a: Grimmsnarl
|-crit|p1a: Grimmsnarl
|-damage|p1a: Grimmsnarl|0 fnt
|faint|p1a: Grimmsnarl
|
|upkeep
|
|switch|p1a: Cloyster|Cloyster, F, shiny|100/100
|turn|2
|inactive|Battle timer is ON: inactive players will automatically lose when time's up. (requested by americhinose)
|
|switch|p2a: Conkeldurr|Conkeldurr, F|100/100
|move|p1a: Cloyster|Shell Smash|p1a: Cloyster
|-unboost|p1a: Cloyster|def|1
|-unboost|p1a: Cloyster|spd|1
|-boost|p1a: Cloyster|atk|2
|-boost|p1a: Cloyster|spa|2
|-boost|p1a: Cloyster|spe|2
|
|-status|p2a: Conkeldurr|brn|[from] item: Flame Orb
|upkeep
|turn|3
|j| Sparkesques
|
|move|p2a: Conkeldurr|Mach Punch|p1a: Cloyster
|-supereffective|p1a: Cloyster
|-damage|p1a: Cloyster|16/100
|move|p1a: Cloyster|Icicle Spear|p2a: Conkeldurr
|-damage|p2a: Conkeldurr|78/100 brn
|-damage|p2a: Conkeldurr|57/100 brn
|-damage|p2a: Conkeldurr|33/100 brn
|-damage|p2a: Conkeldurr|11/100 brn
|-damage|p2a: Conkeldurr|0 fnt
|-hitcount|p2a: Conkeldurr|5
|faint|p2a: Conkeldurr
|
|upkeep
|
|switch|p2a: Mimikyu|Mimikyu, F|100/100
|turn|4
|
|move|p2a: Mimikyu|Shadow Sneak|p1a: Cloyster
|-damage|p1a: Cloyster|0 fnt
|-damage|p2a: Mimikyu|91/100|[from] item: Life Orb
|faint|p1a: Cloyster
|
|upkeep
|inactive|americhinose has 120 seconds left.
|
|switch|p1a: Gyarados|Gyarados, F, shiny|100/100
|turn|5
|
|move|p2a: Mimikyu|Play Rough|p1a: Gyarados
|-damage|p1a: Gyarados|30/100
|-damage|p2a: Mimikyu|81/100|[from] item: Life Orb
|move|p1a: Gyarados|Waterfall|p2a: Mimikyu
|-activate|p2a: Mimikyu|ability: Disguise
|-damage|p2a: Mimikyu|81/100
|detailschange|p2a: Mimikyu|Mimikyu-Busted, F
|-damage|p2a: Mimikyu|68/100|[from] ability: Disguise|[of] p2a: Mimikyu
|
|upkeep
|turn|6
|
|move|p2a: Mimikyu|Shadow Claw|p1a: Gyarados
|-damage|p1a: Gyarados|0 fnt
|-damage|p2a: Mimikyu|58/100|[from] item: Life Orb
|faint|p1a: Gyarados
|
|upkeep
|
|switch|p1a: Bisharp|Bisharp, F, shiny|100/100
|turn|7
|
|move|p1a: Bisharp|Sucker Punch|p2a: Mimikyu
|-damage|p2a: Mimikyu|0 fnt
|faint|p2a: Mimikyu
|
|upkeep
|
|switch|p2a: Excadrill|Excadrill, F|100/100
|-ability|p2a: Excadrill|Mold Breaker
|turn|8
|
|switch|p1a: Hawlucha|Hawlucha, M, shiny|100/100
|move|p2a: Excadrill|Earthquake|p1a: Hawlucha
|-immune|p1a: Hawlucha
|
|upkeep
|turn|9
|
|switch|p2a: Dragapult|Dragapult, F|100/100
|move|p1a: Hawlucha|Swords Dance|p1a: Hawlucha
|-boost|p1a: Hawlucha|atk|2
|
|upkeep
|turn|10
|
|move|p2a: Dragapult|Will-O-Wisp|p1a: Hawlucha
|-status|p1a: Hawlucha|brn
|move|p1a: Hawlucha|Acrobatics|p2a: Dragapult
|-damage|p2a: Dragapult|65/100
|
|-damage|p1a: Hawlucha|94/100 brn|[from] brn
|upkeep
|turn|11
|j| LudoNoLudo'
|
|move|p2a: Dragapult|Draco Meteor|p1a: Hawlucha
|-damage|p1a: Hawlucha|0 fnt
|-unboost|p2a: Dragapult|spa|2
|-damage|p2a: Dragapult|56/100|[from] item: Life Orb
|faint|p1a: Hawlucha
|
|upkeep
|
|switch|p1a: Bisharp|Bisharp, F, shiny|100/100
|turn|12
|
|move|p2a: Dragapult|Will-O-Wisp|p1a: Bisharp
|-status|p1a: Bisharp|brn
|move|p1a: Bisharp|Swords Dance|p1a: Bisharp
|-boost|p1a: Bisharp|atk|2
|
|-damage|p1a: Bisharp|94/100 brn|[from] brn
|upkeep
|turn|13
|
|move|p2a: Dragapult|U-turn|p1a: Bisharp
|-damage|p1a: Bisharp|68/100 brn
|-damage|p2a: Dragapult|46/100|[from] item: Life Orb
|
|switch|p2a: Clefable|Clefable, F|100/100|[from]move: U-turn
|move|p1a: Bisharp|Swords Dance|p1a: Bisharp
|-boost|p1a: Bisharp|atk|2
|
|-damage|p1a: Bisharp|62/100 brn|[from] brn
|upkeep
|turn|14
|l| SendWholesomeMemes
|
|switch|p2a: Dragapult|Dragapult, F|46/100
|move|p1a: Bisharp|Iron Head|p2a: Dragapult
|-damage|p2a: Dragapult|0 fnt
|faint|p2a: Dragapult
|
|-damage|p1a: Bisharp|56/100 brn|[from] brn
|upkeep
|
|switch|p2a: Togekiss|Togekiss, M|100/100
|turn|15
|
|move|p2a: Togekiss|Substitute|p2a: Togekiss
|-start|p2a: Togekiss|Substitute
|-damage|p2a: Togekiss|76/100
|move|p1a: Bisharp|Iron Head|p2a: Togekiss
|-supereffective|p2a: Togekiss
|-end|p2a: Togekiss|Substitute
|
|-heal|p2a: Togekiss|82/100|[from] item: Leftovers
|-damage|p1a: Bisharp|49/100 brn|[from] brn
|upkeep
|turn|16
|
|move|p2a: Togekiss|Flamethrower|p1a: Bisharp
|-supereffective|p1a: Bisharp
|-damage|p1a: Bisharp|0 fnt
|faint|p1a: Bisharp
|
|-heal|p2a: Togekiss|88/100|[from] item: Leftovers
|upkeep
|-message|americhinose forfeited.
|
|win|loolong
|l|☆americhinose
|raw|americhinose's rating: 1695 → 1675(-20 for losing)
|raw|loolong's rating: 1695 → 1715(+20 for winning)
|l|☆loolong
|l| LudoNoLudo'
|j| LudoNoLudo'
|l| LudoNoLudo'
