|ScrapeTime|2020-01-01-18:58:27
|j|☆BradleyStinson
|j|☆MarquisP
|player|p1|BradleyStinson|richboy-gen4|1288
|player|p2|MarquisP|266|1274
|teamsize|p1|6
|teamsize|p2|6
|gametype|singles
|gen|8
|tier|[Gen 8] OU
|rated|
|rule|Sleep Clause Mod: Limit one foe put to sleep
|rule|Species Clause: Limit one of each Pokémon
|rule|OHKO Clause: OHKO moves are banned
|rule|Evasion Moves Clause: Evasion moves are banned
|rule|Endless Battle Clause: Forcing endless battles is banned
|rule|HP Percentage Mod: HP is shown in percentages
|clearpoke
|poke|p1|Dragapult, M|
|poke|p1|Cinderace, F|
|poke|p1|Hawlucha, F|
|poke|p1|Dracovish|
|poke|p1|Vanilluxe, M|
|poke|p1|Conkeldurr, F|
|poke|p2|Reuniclus, F|
|poke|p2|Vikavolt, M|
|poke|p2|Ferrothorn, F|
|poke|p2|Grimmsnarl, M|
|poke|p2|Dragapult, M|
|poke|p2|Toxapex, M|
|rule|Dynamax Clause: You cannot dynamax
|teampreview
|
|start
|switch|p1a: Dracovish|Dracovish|100/100
|switch|p2a: Reuniclus|Reuniclus, F|100/100
|turn|1
|inactive|Battle timer is ON: inactive players will automatically lose when time's up. (requested by BradleyStinson)
|
|switch|p2a: Toxapex|Toxapex, M|100/100
|move|p1a: Dracovish|Fishious Rend|p2a: Toxapex
|-resisted|p2a: Toxapex
|-damage|p2a: Toxapex|56/100
|
|-heal|p2a: Toxapex|62/100|[from] item: Black Sludge
|upkeep
|turn|2
|
|move|p2a: Toxapex|Baneful Bunker|p2a: Toxapex
|-singleturn|p2a: Toxapex|move: Protect
|move|p1a: Dracovish|Fishious Rend|p2a: Toxapex
|-activate|p2a: Toxapex|move: Protect
|-status|p1a: Dracovish|psn
|
|-heal|p2a: Toxapex|68/100|[from] item: Black Sludge
|-damage|p1a: Dracovish|88/100 psn|[from] psn
|upkeep
|turn|3
|
|move|p1a: Dracovish|Fishious Rend|p2a: Toxapex
|-resisted|p2a: Toxapex
|-damage|p2a: Toxapex|19/100
|move|p2a: Toxapex|Sludge Bomb|p1a: Dracovish
|-crit|p1a: Dracovish
|-damage|p1a: Dracovish|55/100 psn
|
|-heal|p2a: Toxapex|25/100|[from] item: Black Sludge
|-damage|p1a: Dracovish|42/100 psn|[from] psn
|upkeep
|turn|4
|
|move|p2a: Toxapex|Baneful Bunker|p2a: Toxapex
|-singleturn|p2a: Toxapex|move: Protect
|move|p1a: Dracovish|Fishious Rend|p2a: Toxapex
|-activate|p2a: Toxapex|move: Protect
|
|-heal|p2a: Toxapex|31/100|[from] item: Black Sludge
|-damage|p1a: Dracovish|30/100 psn|[from] psn
|upkeep
|turn|5
|
|switch|p2a: Ferrothorn|Ferrothorn, F|100/100
|move|p1a: Dracovish|Fishious Rend|p2a: Ferrothorn
|-resisted|p2a: Ferrothorn
|-damage|p2a: Ferrothorn|53/100
|-damage|p1a: Dracovish|17/100 psn|[from] ability: Iron Barbs|[of] p2a: Ferrothorn
|-damage|p1a: Dracovish|1/100 psn|[from] item: Rocky Helmet|[of] p2a: Ferrothorn
|
|-damage|p1a: Dracovish|0 fnt|[from] psn
|faint|p1a: Dracovish
|upkeep
|
|switch|p1a: Conkeldurr|Conkeldurr, F|100/100
|turn|6
|
|move|p1a: Conkeldurr|Substitute|p1a: Conkeldurr
|-start|p1a: Conkeldurr|Substitute
|-damage|p1a: Conkeldurr|76/100
|move|p2a: Ferrothorn|Toxic||[still]
|-fail|p2a: Ferrothorn
|
|-heal|p1a: Conkeldurr|82/100|[from] item: Leftovers
|upkeep
|turn|7
|
|move|p1a: Conkeldurr|Bulk Up|p1a: Conkeldurr
|-boost|p1a: Conkeldurr|atk|1
|-boost|p1a: Conkeldurr|def|1
|move|p2a: Ferrothorn|Stealth Rock|p1a: Conkeldurr
|-sidestart|p1: BradleyStinson|move: Stealth Rock
|
|-heal|p1a: Conkeldurr|88/100|[from] item: Leftovers
|upkeep
|turn|8
|
|switch|p2a: Toxapex|Toxapex, M|31/100
|move|p1a: Conkeldurr|Drain Punch|p2a: Toxapex
|-resisted|p2a: Toxapex
|-damage|p2a: Toxapex|8/100
|-heal|p1a: Conkeldurr|96/100|[from] drain|[of] p2a: Toxapex
|
|-heal|p1a: Conkeldurr|100/100|[from] item: Leftovers
|-heal|p2a: Toxapex|14/100|[from] item: Black Sludge
|upkeep
|turn|9
|
|move|p2a: Toxapex|Baneful Bunker|p2a: Toxapex
|-singleturn|p2a: Toxapex|move: Protect
|move|p1a: Conkeldurr|Earthquake|p2a: Toxapex
|-activate|p2a: Toxapex|move: Protect
|
|-heal|p2a: Toxapex|20/100|[from] item: Black Sludge
|upkeep
|turn|10
|
|switch|p2a: Vikavolt|Vikavolt, M|100/100
|move|p1a: Conkeldurr|Bulk Up|p1a: Conkeldurr
|-boost|p1a: Conkeldurr|atk|1
|-boost|p1a: Conkeldurr|def|1
|
|upkeep
|turn|11
|
|move|p1a: Conkeldurr|Drain Punch|p2a: Vikavolt
|-resisted|p2a: Vikavolt
|-damage|p2a: Vikavolt|47/100
|move|p2a: Vikavolt|Bug Buzz|p1a: Conkeldurr
|-resisted|p1a: Conkeldurr
|-damage|p1a: Conkeldurr|71/100
|
|-heal|p1a: Conkeldurr|77/100|[from] item: Leftovers
|upkeep
|turn|12
|
|switch|p2a: Dragapult|Dragapult, M|100/100
|move|p1a: Conkeldurr|Drain Punch|p2a: Dragapult
|-immune|p2a: Dragapult
|
|-heal|p1a: Conkeldurr|83/100|[from] item: Leftovers
|upkeep
|turn|13
|
|switch|p2a: Vikavolt|Vikavolt, M|47/100
|move|p1a: Conkeldurr|Earthquake|p2a: Vikavolt
|-immune|p2a: Vikavolt|[from] ability: Levitate
|
|-heal|p1a: Conkeldurr|89/100|[from] item: Leftovers
|upkeep
|turn|14
|
|move|p1a: Conkeldurr|Drain Punch|p2a: Vikavolt
|-resisted|p2a: Vikavolt
|-damage|p2a: Vikavolt|0 fnt
|-heal|p1a: Conkeldurr|100/100|[from] drain|[of] p2a: Vikavolt
|faint|p2a: Vikavolt
|
|upkeep
|
|switch|p2a: Grimmsnarl|Grimmsnarl, M|100/100
|turn|15
|
|move|p2a: Grimmsnarl|Reflect|p2a: Grimmsnarl
|-sidestart|p2: MarquisP|Reflect
|move|p1a: Conkeldurr|Drain Punch|p2a: Grimmsnarl
|-damage|p2a: Grimmsnarl|36/100
|
|upkeep
|turn|16
|
|move|p2a: Grimmsnarl|Spirit Break|p1a: Conkeldurr
|-supereffective|p1a: Conkeldurr
|-end|p1a: Conkeldurr|Substitute
|move|p1a: Conkeldurr|Drain Punch|p2a: Grimmsnarl
|-damage|p2a: Grimmsnarl|0 fnt
|faint|p2a: Grimmsnarl
|
|upkeep
|
|switch|p2a: Reuniclus|Reuniclus, F|100/100
|turn|17
|
|move|p1a: Conkeldurr|Substitute|p1a: Conkeldurr
|-start|p1a: Conkeldurr|Substitute
|-damage|p1a: Conkeldurr|76/100
|move|p2a: Reuniclus|Psychic|p1a: Conkeldurr
|-supereffective|p1a: Conkeldurr
|-end|p1a: Conkeldurr|Substitute
|
|-heal|p1a: Conkeldurr|82/100|[from] item: Leftovers
|upkeep
|turn|18
|inactive|BradleyStinson has 120 seconds left.
|
|move|p1a: Conkeldurr|Substitute|p1a: Conkeldurr
|-start|p1a: Conkeldurr|Substitute
|-damage|p1a: Conkeldurr|57/100
|move|p2a: Reuniclus|Psychic|p1a: Conkeldurr
|-supereffective|p1a: Conkeldurr
|-end|p1a: Conkeldurr|Substitute
|
|-heal|p1a: Conkeldurr|63/100|[from] item: Leftovers
|upkeep
|turn|19
|
|move|p1a: Conkeldurr|Substitute|p1a: Conkeldurr
|-start|p1a: Conkeldurr|Substitute
|-damage|p1a: Conkeldurr|38/100
|move|p2a: Reuniclus|Psychic|p1a: Conkeldurr
|-supereffective|p1a: Conkeldurr
|-end|p1a: Conkeldurr|Substitute
|
|-heal|p1a: Conkeldurr|44/100|[from] item: Leftovers
|upkeep
|turn|20
|inactive|BradleyStinson has 120 seconds left.
|
|move|p1a: Conkeldurr|Earthquake|p2a: Reuniclus
|-damage|p2a: Reuniclus|72/100
|move|p2a: Reuniclus|Trick Room|p2a: Reuniclus
|-fieldstart|move: Trick Room|[of] p2a: Reuniclus
|
|-heal|p2a: Reuniclus|78/100|[from] item: Leftovers
|-heal|p1a: Conkeldurr|50/100|[from] item: Leftovers
|upkeep
|turn|21
|inactive|BradleyStinson has 120 seconds left.
|
|move|p2a: Reuniclus|Psychic|p1a: Conkeldurr
|-supereffective|p1a: Conkeldurr
|-damage|p1a: Conkeldurr|0 fnt
|faint|p1a: Conkeldurr
|
|-heal|p2a: Reuniclus|84/100|[from] item: Leftovers
|upkeep
|inactive|BradleyStinson has 90 seconds left.
|
|switch|p1a: Vanilluxe|Vanilluxe, M|100/100
|-damage|p1a: Vanilluxe|75/100|[from] Stealth Rock
|-weather|Hail|[from] ability: Snow Warning|[of] p1a: Vanilluxe
|turn|22
|inactive|BradleyStinson has 90 seconds left.
|
|move|p2a: Reuniclus|Calm Mind|p2a: Reuniclus
|-boost|p2a: Reuniclus|spa|1
|-boost|p2a: Reuniclus|spd|1
|move|p1a: Vanilluxe|Blizzard|p2a: Reuniclus
|-damage|p2a: Reuniclus|53/100
|
|-weather|Hail|[upkeep]
|-heal|p2a: Reuniclus|59/100|[from] item: Leftovers
|-sideend|p2: MarquisP|Reflect
|upkeep
|turn|23
|inactive|BradleyStinson has 90 seconds left.
|inactive|MarquisP has 120 seconds left.
|inactive|MarquisP has 90 seconds left.
|
|move|p2a: Reuniclus|Calm Mind|p2a: Reuniclus
|-boost|p2a: Reuniclus|spa|1
|-boost|p2a: Reuniclus|spd|1
|move|p1a: Vanilluxe|Blizzard|p2a: Reuniclus
|-damage|p2a: Reuniclus|37/100
|
|-weather|Hail|[upkeep]
|-heal|p2a: Reuniclus|43/100|[from] item: Leftovers
|upkeep
|turn|24
|inactive|MarquisP has 90 seconds left.
|
|move|p2a: Reuniclus|Recover|p2a: Reuniclus
|-heal|p2a: Reuniclus|93/100
|move|p1a: Vanilluxe|Blizzard|p2a: Reuniclus
|-damage|p2a: Reuniclus|71/100
|
|-weather|Hail|[upkeep]
|-heal|p2a: Reuniclus|77/100|[from] item: Leftovers
|-fieldend|move: Trick Room
|upkeep
|turn|25
|inactive|BradleyStinson has 90 seconds left.
|inactive|MarquisP has 60 seconds left.
|-message|BradleyStinson forfeited.
|
|win|MarquisP
|l|☆BradleyStinson
|raw|BradleyStinson's rating: 1288 → 1262(-26 for losing)
|raw|MarquisP's rating: 1274 → 1300(+26 for winning)
|l|☆MarquisP
|j|☆MarquisP
|player|p2|MarquisP|266
