|ScrapeTime|2020-01-01-09:24:53
|j|☆perfect imperfect
|j|☆camo13
|player|p1|perfect imperfect|102|1382
|player|p2|camo13|143|1325
|teamsize|p1|6
|teamsize|p2|6
|gametype|singles
|gen|8
|tier|[Gen 8] OU
|rated|
|rule|Sleep Clause Mod: Limit one foe put to sleep
|rule|Species Clause: Limit one of each Pokémon
|rule|OHKO Clause: OHKO moves are banned
|rule|Evasion Moves Clause: Evasion moves are banned
|rule|Endless Battle Clause: Forcing endless battles is banned
|rule|HP Percentage Mod: HP is shown in percentages
|clearpoke
|poke|p1|Pelipper, M|
|poke|p1|Dracovish|
|poke|p1|Barraskewda, M|
|poke|p1|Ferrothorn, M|
|poke|p1|Grimmsnarl, M|
|poke|p1|Conkeldurr, M|
|poke|p2|Gengar, M|
|poke|p2|Excadrill, F|
|poke|p2|Rotom-Wash|
|poke|p2|Sylveon, M|
|poke|p2|Kommo-o, M|
|poke|p2|Braviary, M|
|rule|Dynamax Clause: You cannot dynamax
|teampreview
|inactive|Battle timer is ON: inactive players will automatically lose when time's up. (requested by perfect imperfect)
|
|start
|switch|p1a: Pelipper|Pelipper, M|100/100
|switch|p2a: Buff|Excadrill, F|100/100
|-ability|p2a: Buff|Mold Breaker
|-weather|RainDance|[from] ability: Drizzle|[of] p1a: Pelipper
|turn|1
|
|switch|p2a: Lied des Flusses|Rotom-Wash|100/100
|move|p1a: Pelipper|Scald|p2a: Lied des Flusses
|-resisted|p2a: Lied des Flusses
|-damage|p2a: Lied des Flusses|80/100
|-status|p2a: Lied des Flusses|brn
|
|-weather|RainDance|[upkeep]
|-damage|p2a: Lied des Flusses|74/100 brn|[from] brn
|upkeep
|turn|2
|
|switch|p1a: Ferrothorn|Ferrothorn, M|100/100
|move|p2a: Lied des Flusses|Volt Switch|p1a: Ferrothorn
|-resisted|p1a: Ferrothorn
|-damage|p1a: Ferrothorn|89/100
|inactive|camo13 has 120 seconds left.
|
|switch|p2a: Ersatz|Braviary, M|100/100|[from]move: Volt Switch
|
|-weather|RainDance|[upkeep]
|-heal|p1a: Ferrothorn|95/100|[from] item: Leftovers
|upkeep
|turn|3
|inactive|camo13 has 120 seconds left.
|
|move|p2a: Ersatz|Close Combat|p1a: Ferrothorn
|-supereffective|p1a: Ferrothorn
|-damage|p1a: Ferrothorn|48/100
|-damage|p2a: Ersatz|88/100|[from] ability: Iron Barbs|[of] p1a: Ferrothorn
|-unboost|p2a: Ersatz|def|1
|-unboost|p2a: Ersatz|spd|1
|move|p1a: Ferrothorn|Leech Seed|p2a: Ersatz
|-start|p2a: Ersatz|move: Leech Seed
|
|-weather|RainDance|[upkeep]
|-heal|p1a: Ferrothorn|53/100|[from] item: Leftovers
|-damage|p2a: Ersatz|76/100|[from] Leech Seed|[of] p1a: Ferrothorn
|-heal|p1a: Ferrothorn|65/100|[silent]
|upkeep
|turn|4
|inactive|camo13 has 120 seconds left.
|inactive|camo13 has 90 seconds left.
|
|move|p2a: Ersatz|Close Combat|p1a: Ferrothorn
|-supereffective|p1a: Ferrothorn
|-damage|p1a: Ferrothorn|15/100
|-damage|p2a: Ersatz|64/100|[from] ability: Iron Barbs|[of] p1a: Ferrothorn
|-unboost|p2a: Ersatz|def|1
|-unboost|p2a: Ersatz|spd|1
|move|p1a: Ferrothorn|Gyro Ball|p2a: Ersatz
|-damage|p2a: Ersatz|0 fnt
|faint|p2a: Ersatz
|
|-weather|RainDance|[upkeep]
|-heal|p1a: Ferrothorn|21/100|[from] item: Leftovers
|upkeep
|
|switch|p2a: Buff|Excadrill, F|100/100
|-ability|p2a: Buff|Mold Breaker
|turn|5
|
|switch|p1a: Pelipper|Pelipper, M|100/100
|move|p2a: Buff|Earthquake|p1a: Pelipper
|-immune|p1a: Pelipper
|
|-weather|RainDance|[upkeep]
|upkeep
|turn|6
|
|switch|p2a: Lied des Flusses|Rotom-Wash|74/100 brn
|move|p1a: Pelipper|U-turn|p2a: Lied des Flusses
|-damage|p2a: Lied des Flusses|68/100 brn
|
|switch|p1a: Grimmsnarl|Grimmsnarl, M|100/100|[from]move: U-turn
|
|-weather|RainDance|[upkeep]
|-damage|p2a: Lied des Flusses|61/100 brn|[from] brn
|upkeep
|turn|7
|
|move|p2a: Lied des Flusses|Will-O-Wisp|p1a: Grimmsnarl
|-status|p1a: Grimmsnarl|brn
|move|p1a: Grimmsnarl|Power Whip|p2a: Lied des Flusses
|-supereffective|p2a: Lied des Flusses
|-damage|p2a: Lied des Flusses|27/100 brn
|
|-weather|RainDance|[upkeep]
|-damage|p2a: Lied des Flusses|21/100 brn|[from] brn
|-damage|p1a: Grimmsnarl|94/100 brn|[from] brn
|upkeep
|-enditem|p2a: Lied des Flusses|Aguav Berry|[eat]
|-heal|p2a: Lied des Flusses|53/100 brn|[from] item: Aguav Berry
|turn|8
|
|move|p1a: Grimmsnarl|Light Screen|p1a: Grimmsnarl
|-sidestart|p1: perfect imperfect|move: Light Screen
|move|p2a: Lied des Flusses|Volt Switch|p1a: Grimmsnarl
|-damage|p1a: Grimmsnarl|80/100 brn
|
|switch|p2a: Buff|Excadrill, F|100/100|[from]move: Volt Switch
|-ability|p2a: Buff|Mold Breaker
|
|-weather|none
|-damage|p1a: Grimmsnarl|74/100 brn|[from] brn
|upkeep
|turn|9
|
|move|p1a: Grimmsnarl|Reflect|p1a: Grimmsnarl
|-sidestart|p1: perfect imperfect|Reflect
|move|p2a: Buff|Iron Head|p1a: Grimmsnarl
|-supereffective|p1a: Grimmsnarl
|-damage|p1a: Grimmsnarl|14/100 brn
|
|-damage|p1a: Grimmsnarl|8/100 brn|[from] brn
|upkeep
|turn|10
|
|switch|p1a: Pelipper|Pelipper, M|100/100
|-weather|RainDance|[from] ability: Drizzle|[of] p1a: Pelipper
|move|p2a: Buff|Rapid Spin|p1a: Pelipper
|-damage|p1a: Pelipper|94/100
|-boost|p2a: Buff|spe|1
|
|-weather|RainDance|[upkeep]
|upkeep
|turn|11
|
|switch|p2a: WTf|Sylveon, M|100/100
|move|p1a: Pelipper|Scald|p2a: WTf
|-damage|p2a: WTf|80/100
|-status|p2a: WTf|brn
|
|-weather|RainDance|[upkeep]
|-heal|p2a: WTf|87/100 brn|[from] item: Leftovers
|-damage|p2a: WTf|80/100 brn|[from] brn
|upkeep
|turn|12
|inactive|camo13 has 120 seconds left.
|
|move|p1a: Pelipper|U-turn|p2a: WTf
|-resisted|p2a: WTf
|-damage|p2a: WTf|75/100 brn
|
|switch|p1a: Ferrothorn|Ferrothorn, M|21/100|[from]move: U-turn
|move|p2a: WTf|Wish|p2a: WTf
|
|-weather|RainDance|[upkeep]
|-heal|p2a: WTf|81/100 brn|[from] item: Leftovers
|-heal|p1a: Ferrothorn|27/100|[from] item: Leftovers
|-damage|p2a: WTf|75/100 brn|[from] brn
|upkeep
|turn|13
|
|move|p2a: WTf|Mystical Fire|p1a: Ferrothorn
|-supereffective|p1a: Ferrothorn
|-damage|p1a: Ferrothorn|13/100
|-unboost|p1a: Ferrothorn|spa|1
|move|p1a: Ferrothorn|Stealth Rock|p2a: WTf
|-sidestart|p2: camo13|move: Stealth Rock
|
|-weather|RainDance|[upkeep]
|-heal|p2a: WTf|100/100 brn|[from] move: Wish|[wisher] WTf
|-heal|p1a: Ferrothorn|19/100|[from] item: Leftovers
|-damage|p2a: WTf|94/100 brn|[from] brn
|upkeep
|turn|14
|
|switch|p1a: Dracovish|Dracovish|100/100
|move|p2a: WTf|Wish|p2a: WTf
|
|-weather|RainDance|[upkeep]
|-heal|p2a: WTf|100/100 brn|[from] item: Leftovers
|-damage|p2a: WTf|94/100 brn|[from] brn
|upkeep
|turn|15
|
|move|p2a: WTf|Protect|p2a: WTf
|-singleturn|p2a: WTf|Protect
|move|p1a: Dracovish|Fishious Rend|p2a: WTf
|-activate|p2a: WTf|move: Protect
|
|-weather|RainDance|[upkeep]
|-heal|p2a: WTf|100/100 brn|[from] move: Wish|[wisher] WTf
|-damage|p2a: WTf|94/100 brn|[from] brn
|-sideend|p1: perfect imperfect|move: Light Screen
|upkeep
|turn|16
|inactive|camo13 has 120 seconds left.
|
|switch|p2a: Buff|Excadrill, F|100/100
|-damage|p2a: Buff|97/100|[from] Stealth Rock
|-ability|p2a: Buff|Mold Breaker
|move|p1a: Dracovish|Fishious Rend|p2a: Buff
|-supereffective|p2a: Buff
|-damage|p2a: Buff|0 fnt
|faint|p2a: Buff
|
|-weather|RainDance|[upkeep]
|-sideend|p1: perfect imperfect|Reflect
|upkeep
|
|switch|p2a: Songs|Kommo-o, M|100/100
|-damage|p2a: Songs|94/100|[from] Stealth Rock
|turn|17
|
|switch|p1a: Grimmsnarl|Grimmsnarl, M|8/100 brn
|move|p2a: Songs|Clangorous Soul|p2a: Songs
|-boost|p2a: Songs|atk|1
|-boost|p2a: Songs|def|1
|-boost|p2a: Songs|spa|1
|-boost|p2a: Songs|spd|1
|-boost|p2a: Songs|spe|1
|-damage|p2a: Songs|61/100
|-enditem|p2a: Songs|Throat Spray
|-boost|p2a: Songs|spa|1
|
|-weather|none
|-damage|p1a: Grimmsnarl|2/100 brn|[from] brn
|upkeep
|turn|18
|
|move|p1a: Grimmsnarl|Light Screen|p1a: Grimmsnarl
|-sidestart|p1: perfect imperfect|move: Light Screen
|move|p2a: Songs|Boomburst|p1a: Grimmsnarl
|-damage|p1a: Grimmsnarl|0 fnt
|faint|p1a: Grimmsnarl
|
|upkeep
|
|switch|p1a: Pelipper|Pelipper, M|94/100
|-weather|RainDance|[from] ability: Drizzle|[of] p1a: Pelipper
|turn|19
|
|move|p2a: Songs|Boomburst|p1a: Pelipper
|-damage|p1a: Pelipper|29/100
|move|p1a: Pelipper|Hurricane|p2a: Songs
|-supereffective|p2a: Songs
|-damage|p2a: Songs|3/100
|
|-weather|RainDance|[upkeep]
|upkeep
|turn|20
|
|switch|p1a: Ferrothorn|Ferrothorn, M|19/100
|move|p2a: Songs|Boomburst|p1a: Ferrothorn
|-resisted|p1a: Ferrothorn
|-damage|p1a: Ferrothorn|0 fnt
|faint|p1a: Ferrothorn
|
|-weather|RainDance|[upkeep]
|upkeep
|
|switch|p1a: Barraskewda|Barraskewda, M|100/100
|turn|21
|inactive|camo13 has 120 seconds left.
|
|move|p1a: Barraskewda|Liquidation|p2a: Songs
|-resisted|p2a: Songs
|-damage|p2a: Songs|0 fnt
|faint|p2a: Songs
|
|-weather|RainDance|[upkeep]
|upkeep
|inactive|camo13 has 120 seconds left.
|
|switch|p2a: Lied des Flusses|Rotom-Wash|53/100 brn
|-damage|p2a: Lied des Flusses|41/100 brn|[from] Stealth Rock
|turn|22
|
|move|p1a: Barraskewda|Liquidation|p2a: Lied des Flusses
|-resisted|p2a: Lied des Flusses
|-damage|p2a: Lied des Flusses|0 fnt
|faint|p2a: Lied des Flusses
|
|-weather|RainDance|[upkeep]
|upkeep
|
|switch|p2a: WTf|Sylveon, M|94/100 brn
|-damage|p2a: WTf|82/100 brn|[from] Stealth Rock
|turn|23
|
|move|p2a: WTf|Protect|p2a: WTf
|-singleturn|p2a: WTf|Protect
|move|p1a: Barraskewda|Liquidation|p2a: WTf
|-activate|p2a: WTf|move: Protect
|
|-weather|RainDance|[upkeep]
|-heal|p2a: WTf|88/100 brn|[from] item: Leftovers
|-damage|p2a: WTf|82/100 brn|[from] brn
|upkeep
|turn|24
|
|move|p1a: Barraskewda|Liquidation|p2a: WTf
|-damage|p2a: WTf|0 fnt
|faint|p2a: WTf
|
|-weather|RainDance|[upkeep]
|upkeep
|
|switch|p2a: Legende|Gengar, M|100/100
|-damage|p2a: Legende|88/100|[from] Stealth Rock
|turn|25
|
|move|p1a: Barraskewda|Liquidation|p2a: Legende
|-damage|p2a: Legende|0 fnt
|-start|p1a: Barraskewda|Disable|Liquidation|[from] ability: Cursed Body|[of] p2a: Legende
|faint|p2a: Legende
|
|win|perfect imperfect
|raw|perfect imperfect's rating: 1382 → 1399(+17 for winning)
|raw|camo13's rating: 1326 → 1309(-17 for losing)
