|ScrapeTime|2020-01-02-06:25:06
|j|☆FreddyFromICarly
|j|☆smile556677
|player|p1|FreddyFromICarly|tate|1227
|player|p2|smile556677|102|1238
|teamsize|p1|6
|teamsize|p2|6
|gametype|singles
|gen|8
|tier|[Gen 8] OU
|rated|
|rule|Sleep Clause Mod: Limit one foe put to sleep
|rule|Species Clause: Limit one of each Pokémon
|rule|OHKO Clause: OHKO moves are banned
|rule|Evasion Moves Clause: Evasion moves are banned
|rule|Endless Battle Clause: Forcing endless battles is banned
|rule|HP Percentage Mod: HP is shown in percentages
|clearpoke
|poke|p1|Toxtricity, F|
|poke|p1|Dragapult, F|
|poke|p1|Hydreigon, M|
|poke|p1|Seismitoad, F|
|poke|p1|Corviknight, F|
|poke|p1|Sylveon, M|
|poke|p2|Dugtrio, F|
|poke|p2|Seismitoad, M|
|poke|p2|Grimmsnarl, M|
|poke|p2|Hydreigon, M|
|poke|p2|Toxtricity, F|
|poke|p2|Corviknight, M|
|rule|Dynamax Clause: You cannot dynamax
|teampreview
|inactive|Battle timer is ON: inactive players will automatically lose when time's up. (requested by FreddyFromICarly)
|
|start
|switch|p1a: Corviknight|Corviknight, F|100/100
|switch|p2a: Hydreigon|Hydreigon, M|100/100
|-ability|p1a: Corviknight|Pressure
|turn|1
|
|switch|p1a: Sylveon|Sylveon, M|100/100
|move|p2a: Hydreigon|Fire Blast|p1a: Sylveon
|-damage|p1a: Sylveon|79/100
|
|-heal|p1a: Sylveon|85/100|[from] item: Leftovers
|upkeep
|turn|2
|
|switch|p2a: Seismitoad|Seismitoad, M|100/100
|switch|p1a: Dragapult|Dragapult, F|100/100
|
|upkeep
|turn|3
|
|move|p1a: Dragapult|Substitute|p1a: Dragapult
|-start|p1a: Dragapult|Substitute
|-damage|p1a: Dragapult|76/100
|move|p2a: Seismitoad|Toxic||[still]
|-fail|p2a: Seismitoad
|
|-heal|p1a: Dragapult|82/100|[from] item: Leftovers
|upkeep
|turn|4
|
|switch|p2a: Grimmsnarl|Grimmsnarl, M|100/100
|move|p1a: Dragapult|Dragon Darts|p2a: Grimmsnarl
|-immune|p2a: Grimmsnarl
|
|-heal|p1a: Dragapult|88/100|[from] item: Leftovers
|upkeep
|turn|5
|
|move|p1a: Dragapult|Phantom Force||[still]
|-prepare|p1a: Dragapult|Phantom Force|p2a: Grimmsnarl
|move|p2a: Grimmsnarl|Spirit Break|p1a: Dragapult|[miss]
|-miss|p2a: Grimmsnarl|p1a: Dragapult
|
|-heal|p1a: Dragapult|94/100|[from] item: Leftovers
|upkeep
|turn|6
|
|move|p1a: Dragapult|Phantom Force|p2a: Grimmsnarl|[from]lockedmove
|-resisted|p2a: Grimmsnarl
|-damage|p2a: Grimmsnarl|86/100
|move|p2a: Grimmsnarl|Spirit Break|p1a: Dragapult
|-supereffective|p1a: Dragapult
|-end|p1a: Dragapult|Substitute
|
|-heal|p1a: Dragapult|99/100|[from] item: Leftovers
|upkeep
|turn|7
|
|switch|p1a: Corviknight|Corviknight, F|100/100
|-ability|p1a: Corviknight|Pressure
|move|p2a: Grimmsnarl|Spirit Break|p1a: Corviknight
|-resisted|p1a: Corviknight
|-damage|p1a: Corviknight|92/100
|-unboost|p1a: Corviknight|spa|1
|
|-heal|p1a: Corviknight|98/100|[from] item: Leftovers
|upkeep
|turn|8
|
|switch|p1a: Toxtricity|Toxtricity, F|100/100
|switch|p2a: Seismitoad|Seismitoad, M|100/100
|
|upkeep
|turn|9
|
|move|p1a: Toxtricity|Boomburst|p2a: Seismitoad
|-damage|p2a: Seismitoad|16/100
|move|p2a: Seismitoad|Stealth Rock|p1a: Toxtricity
|-sidestart|p1: FreddyFromICarly|move: Stealth Rock
|
|-heal|p2a: Seismitoad|22/100|[from] item: Leftovers
|upkeep
|turn|10
|
|switch|p1a: Seismitoad|Seismitoad, F|100/100
|-damage|p1a: Seismitoad|94/100|[from] Stealth Rock
|switch|p2a: Dugtrio|Dugtrio, F|100/100
|
|-heal|p1a: Seismitoad|100/100|[from] item: Leftovers
|upkeep
|turn|11
|
|switch|p2a: Corviknight|Corviknight, M|100/100
|-ability|p2a: Corviknight|Pressure
|move|p1a: Seismitoad|Toxic|p2a: Corviknight
|-immune|p2a: Corviknight
|
|upkeep
|turn|12
|
|move|p1a: Seismitoad|Stealth Rock|p2a: Corviknight
|-sidestart|p2: smile556677|move: Stealth Rock
|move|p2a: Corviknight|Body Press|p1a: Seismitoad
|-damage|p1a: Seismitoad|80/100
|
|-heal|p1a: Seismitoad|86/100|[from] item: Leftovers
|upkeep
|turn|13
|
|move|p1a: Seismitoad|Scald|p2a: Corviknight
|-crit|p2a: Corviknight
|-damage|p2a: Corviknight|67/100
|-status|p2a: Corviknight|brn
|move|p2a: Corviknight|Defog|p1a: Seismitoad
|-unboost|p1a: Seismitoad|evasion|1
|-sideend|p1: FreddyFromICarly|Stealth Rock|[from] move: Defog|[of] p2a: Corviknight
|-sideend|p2: smile556677|Stealth Rock|[from] move: Defog|[of] p2a: Corviknight
|
|-heal|p1a: Seismitoad|93/100|[from] item: Leftovers
|-heal|p2a: Corviknight|73/100 brn|[from] item: Leftovers
|-damage|p2a: Corviknight|67/100 brn|[from] brn
|upkeep
|turn|14
|
|move|p1a: Seismitoad|Stealth Rock|p2a: Corviknight
|-sidestart|p2: smile556677|move: Stealth Rock
|move|p2a: Corviknight|Brave Bird|p1a: Seismitoad
|-damage|p1a: Seismitoad|80/100
|-damage|p2a: Corviknight|62/100 brn|[from] Recoil
|
|-heal|p1a: Seismitoad|86/100|[from] item: Leftovers
|-heal|p2a: Corviknight|69/100 brn|[from] item: Leftovers
|-damage|p2a: Corviknight|62/100 brn|[from] brn
|upkeep
|turn|15
|
|switch|p1a: Hydreigon|Hydreigon, M|100/100
|move|p2a: Corviknight|Defog|p1a: Hydreigon
|-unboost|p1a: Hydreigon|evasion|1
|-sideend|p2: smile556677|Stealth Rock|[from] move: Defog|[of] p2a: Corviknight
|
|-heal|p2a: Corviknight|69/100 brn|[from] item: Leftovers
|-damage|p2a: Corviknight|62/100 brn|[from] brn
|upkeep
|turn|16
|
|switch|p2a: Grimmsnarl|Grimmsnarl, M|86/100
|move|p1a: Hydreigon|Nasty Plot|p1a: Hydreigon
|-boost|p1a: Hydreigon|spa|2
|
|upkeep
|turn|17
|
|move|p1a: Hydreigon|Flash Cannon|p2a: Grimmsnarl
|-supereffective|p2a: Grimmsnarl
|-damage|p2a: Grimmsnarl|0 fnt
|-damage|p1a: Hydreigon|91/100|[from] item: Life Orb
|faint|p2a: Grimmsnarl
|
|upkeep
|
|switch|p2a: Hydreigon|Hydreigon, M|100/100
|turn|18
|
|switch|p1a: Sylveon|Sylveon, M|85/100
|move|p2a: Hydreigon|Draco Meteor|p1a: Sylveon
|-immune|p1a: Sylveon
|
|-heal|p1a: Sylveon|91/100|[from] item: Leftovers
|upkeep
|turn|19
|
|switch|p2a: Toxtricity|Toxtricity, F|100/100
|move|p1a: Sylveon|Mystical Fire|p2a: Toxtricity
|-damage|p2a: Toxtricity|72/100
|-unboost|p2a: Toxtricity|spa|1
|
|-heal|p1a: Sylveon|97/100|[from] item: Leftovers
|upkeep
|turn|20
|
|move|p1a: Sylveon|Protect|p1a: Sylveon
|-singleturn|p1a: Sylveon|Protect
|move|p2a: Toxtricity|Sludge Bomb|p1a: Sylveon
|-activate|p1a: Sylveon|move: Protect
|
|-heal|p1a: Sylveon|100/100|[from] item: Leftovers
|upkeep
|turn|21
|
|switch|p1a: Corviknight|Corviknight, F|98/100
|-ability|p1a: Corviknight|Pressure
|move|p2a: Toxtricity|Sludge Bomb|p1a: Corviknight
|-immune|p1a: Corviknight
|
|-heal|p1a: Corviknight|100/100|[from] item: Leftovers
|upkeep
|turn|22
|
|switch|p2a: Corviknight|Corviknight, M|62/100 brn
|-ability|p2a: Corviknight|Pressure
|switch|p1a: Toxtricity|Toxtricity, F|100/100
|
|-heal|p2a: Corviknight|69/100 brn|[from] item: Leftovers
|-damage|p2a: Corviknight|62/100 brn|[from] brn
|upkeep
|turn|23
|
|switch|p2a: Seismitoad|Seismitoad, M|22/100
|move|p1a: Toxtricity|Volt Switch|p2a: Seismitoad
|-immune|p2a: Seismitoad
|
|-heal|p2a: Seismitoad|28/100|[from] item: Leftovers
|upkeep
|turn|24
|
|switch|p1a: Seismitoad|Seismitoad, F|86/100
|move|p2a: Seismitoad|Stealth Rock|p1a: Seismitoad
|-sidestart|p1: FreddyFromICarly|move: Stealth Rock
|
|-heal|p2a: Seismitoad|34/100|[from] item: Leftovers
|-heal|p1a: Seismitoad|93/100|[from] item: Leftovers
|upkeep
|turn|25
|
|move|p2a: Seismitoad|Power Whip|p1a: Seismitoad
|-supereffective|p1a: Seismitoad
|-damage|p1a: Seismitoad|20/100
|move|p1a: Seismitoad|Toxic|p2a: Seismitoad|[miss]
|-miss|p1a: Seismitoad|p2a: Seismitoad
|
|-heal|p2a: Seismitoad|40/100|[from] item: Leftovers
|-heal|p1a: Seismitoad|26/100|[from] item: Leftovers
|upkeep
|turn|26
|
|switch|p1a: Hydreigon|Hydreigon, M|91/100
|-damage|p1a: Hydreigon|78/100|[from] Stealth Rock
|move|p2a: Seismitoad|Power Whip|p1a: Hydreigon|[miss]
|-miss|p2a: Seismitoad|p1a: Hydreigon
|
|-heal|p2a: Seismitoad|46/100|[from] item: Leftovers
|upkeep
|turn|27
|
|switch|p2a: Corviknight|Corviknight, M|62/100 brn
|-ability|p2a: Corviknight|Pressure
|move|p1a: Hydreigon|Dark Pulse|p2a: Corviknight
|-damage|p2a: Corviknight|9/100 brn
|-damage|p1a: Hydreigon|68/100|[from] item: Life Orb
|
|-heal|p2a: Corviknight|16/100 brn|[from] item: Leftovers
|-damage|p2a: Corviknight|9/100 brn|[from] brn
|upkeep
|turn|28
|
|move|p1a: Hydreigon|Dark Pulse|p2a: Corviknight
|-damage|p2a: Corviknight|0 fnt
|-damage|p1a: Hydreigon|59/100|[from] item: Life Orb
|faint|p2a: Corviknight
|
|upkeep
|
|switch|p2a: Hydreigon|Hydreigon, M|100/100
|turn|29
|
|switch|p1a: Sylveon|Sylveon, M|100/100
|-damage|p1a: Sylveon|88/100|[from] Stealth Rock
|move|p2a: Hydreigon|Fire Blast|p1a: Sylveon
|-damage|p1a: Sylveon|64/100
|
|-heal|p1a: Sylveon|71/100|[from] item: Leftovers
|upkeep
|turn|30
|
|switch|p2a: Toxtricity|Toxtricity, F|72/100
|move|p1a: Sylveon|Mystical Fire|p2a: Toxtricity
|-damage|p2a: Toxtricity|44/100
|-unboost|p2a: Toxtricity|spa|1
|
|-heal|p1a: Sylveon|77/100|[from] item: Leftovers
|upkeep
|turn|31
|
|move|p1a: Sylveon|Protect|p1a: Sylveon
|-singleturn|p1a: Sylveon|Protect
|move|p2a: Toxtricity|Boomburst|p1a: Sylveon
|-activate|p1a: Sylveon|move: Protect
|
|-heal|p1a: Sylveon|83/100|[from] item: Leftovers
|upkeep
|turn|32
|
|switch|p2a: Hydreigon|Hydreigon, M|100/100
|switch|p1a: Corviknight|Corviknight, F|100/100
|-damage|p1a: Corviknight|88/100|[from] Stealth Rock
|-ability|p1a: Corviknight|Pressure
|
|-heal|p1a: Corviknight|94/100|[from] item: Leftovers
|upkeep
|turn|33
|
|move|p2a: Hydreigon|Fire Blast|p1a: Corviknight
|-supereffective|p1a: Corviknight
|-damage|p1a: Corviknight|18/100
|move|p1a: Corviknight|Body Press|p2a: Hydreigon
|-supereffective|p2a: Hydreigon
|-damage|p2a: Hydreigon|42/100
|
|-heal|p1a: Corviknight|24/100|[from] item: Leftovers
|upkeep
|turn|34
|
|move|p2a: Hydreigon|Fire Blast|p1a: Corviknight
|-supereffective|p1a: Corviknight
|-damage|p1a: Corviknight|0 fnt
|faint|p1a: Corviknight
|
|upkeep
|
|switch|p1a: Dragapult|Dragapult, F|99/100
|-damage|p1a: Dragapult|87/100|[from] Stealth Rock
|turn|35
|inactive|smile556677 has 120 seconds left.
|
|switch|p2a: Dugtrio|Dugtrio, F|100/100
|move|p1a: Dragapult|Dragon Dance|p1a: Dragapult
|-boost|p1a: Dragapult|atk|1
|-boost|p1a: Dragapult|spe|1
|
|-heal|p1a: Dragapult|93/100|[from] item: Leftovers
|upkeep
|turn|36
|inactive|smile556677 has 120 seconds left.
|
|move|p2a: Dugtrio|Sucker Punch||[still]
|-fail|p2a: Dugtrio
|move|p1a: Dragapult|Substitute|p1a: Dragapult
|-start|p1a: Dragapult|Substitute
|-damage|p1a: Dragapult|68/100
|
|-heal|p1a: Dragapult|74/100|[from] item: Leftovers
|upkeep
|turn|37
|inactive|smile556677 has 120 seconds left.
|
|move|p2a: Dugtrio|Sucker Punch|p1a: Dragapult
|-supereffective|p1a: Dragapult
|-end|p1a: Dragapult|Substitute
|move|p1a: Dragapult|Dragon Darts|p2a: Dugtrio
|-damage|p2a: Dugtrio|12/100
|-damage|p2a: Dugtrio|0 fnt
|-hitcount|p2a: Dugtrio|2
|faint|p2a: Dugtrio
|
|-heal|p1a: Dragapult|80/100|[from] item: Leftovers
|upkeep
|
|switch|p2a: Hydreigon|Hydreigon, M|42/100
|turn|38
|inactive|smile556677 has 120 seconds left.
|
|move|p1a: Dragapult|Dragon Darts|p2a: Hydreigon
|-supereffective|p2a: Hydreigon
|-damage|p2a: Hydreigon|0 fnt
|-hitcount|p2a: Hydreigon|1
|faint|p2a: Hydreigon
|
|-heal|p1a: Dragapult|86/100|[from] item: Leftovers
|upkeep
|inactive|smile556677 has 120 seconds left.
|-message|smile556677 forfeited.
|
|win|FreddyFromICarly
|l|☆smile556677
|raw|FreddyFromICarly's rating: 1227 → 1253(+26 for winning)
|raw|smile556677's rating: 1238 → 1212(-26 for losing)
