|ScrapeTime|2020-01-01-19:35:02
|j|☆1% pure evil
|j|☆Highest Threat
|player|p1|1% pure evil|anabel|1710
|player|p2|Highest Threat|veteran|1670
|teamsize|p1|6
|teamsize|p2|6
|gametype|singles
|gen|8
|tier|[Gen 8] OU
|rated|
|rule|Sleep Clause Mod: Limit one foe put to sleep
|rule|Species Clause: Limit one of each Pokémon
|rule|OHKO Clause: OHKO moves are banned
|rule|Evasion Moves Clause: Evasion moves are banned
|rule|Endless Battle Clause: Forcing endless battles is banned
|rule|HP Percentage Mod: HP is shown in percentages
|clearpoke
|poke|p1|Dragapult, F|
|poke|p1|Vaporeon, M|
|poke|p1|Heliolisk, F|
|poke|p1|Dugtrio, F|
|poke|p1|Togekiss, M|
|poke|p1|Corviknight, M|
|poke|p2|Clefable, M|
|poke|p2|Aegislash, M|
|poke|p2|Excadrill, M|
|poke|p2|Ferrothorn, M|
|poke|p2|Hydreigon, M|
|poke|p2|Rotom-Mow|
|rule|Dynamax Clause: You cannot dynamax
|teampreview
|j| RediceV
|inactive|Battle timer is ON: inactive players will automatically lose when time's up. (requested by Highest Threat)
|
|start
|switch|p1a: Heliolisk|Heliolisk, F|100/100
|switch|p2a: Aegislash|Aegislash, M, shiny|100/100
|turn|1
|j| IndigoKoala
|
|switch|p2a: Excadrill|Excadrill, M|100/100
|-ability|p2a: Excadrill|Mold Breaker
|-item|p2a: Excadrill|Air Balloon
|move|p1a: Heliolisk|Substitute|p1a: Heliolisk
|-start|p1a: Heliolisk|Substitute
|-damage|p1a: Heliolisk|76/100
|
|-heal|p1a: Heliolisk|82/100|[from] item: Leftovers
|upkeep
|turn|2
|
|switch|p2a: Ferrothorn|Ferrothorn, M, shiny|100/100
|move|p1a: Heliolisk|Glare|p2a: Ferrothorn
|-status|p2a: Ferrothorn|par
|
|-heal|p1a: Heliolisk|88/100|[from] item: Leftovers
|upkeep
|turn|3
|
|switch|p1a: cant really care|Dragapult, F|100/100
|move|p2a: Ferrothorn|Stealth Rock|p1a: cant really care
|-sidestart|p1: 1% pure evil|move: Stealth Rock
|
|upkeep
|turn|4
|
|switch|p2a: Clefable|Clefable, M|100/100
|move|p1a: cant really care|Substitute|p1a: cant really care
|-start|p1a: cant really care|Substitute
|-damage|p1a: cant really care|76/100
|
|-heal|p1a: cant really care|82/100|[from] item: Leftovers
|upkeep
|turn|5
|
|move|p1a: cant really care|Thunder Wave|p2a: Clefable
|-status|p2a: Clefable|par
|move|p2a: Clefable|Moonblast|p1a: cant really care
|-supereffective|p1a: cant really care
|-end|p1a: cant really care|Substitute
|
|-heal|p1a: cant really care|88/100|[from] item: Leftovers
|upkeep
|turn|6
|
|move|p1a: cant really care|Substitute|p1a: cant really care
|-start|p1a: cant really care|Substitute
|-damage|p1a: cant really care|63/100
|move|p2a: Clefable|Moonblast|p1a: cant really care
|-supereffective|p1a: cant really care
|-end|p1a: cant really care|Substitute
|
|-heal|p1a: cant really care|69/100|[from] item: Leftovers
|upkeep
|turn|7
|
|move|p1a: cant really care|Disable|p2a: Clefable
|-start|p2a: Clefable|Disable|Moonblast
|cant|p2a: Clefable|Disable|Moonblast
|
|-heal|p1a: cant really care|75/100|[from] item: Leftovers
|upkeep
|turn|8
|
|switch|p2a: Ferrothorn|Ferrothorn, M, shiny|100/100 par
|move|p1a: cant really care|Substitute|p1a: cant really care
|-start|p1a: cant really care|Substitute
|-damage|p1a: cant really care|50/100
|
|-heal|p1a: cant really care|57/100|[from] item: Leftovers
|upkeep
|turn|9
|
|move|p1a: cant really care|Hex|p2a: Ferrothorn
|-damage|p2a: Ferrothorn|57/100 par
|move|p2a: Ferrothorn|Knock Off|p1a: cant really care
|-supereffective|p1a: cant really care
|-crit|p1a: cant really care
|-end|p1a: cant really care|Substitute
|
|-heal|p1a: cant really care|63/100|[from] item: Leftovers
|-heal|p2a: Ferrothorn|63/100 par|[from] item: Leftovers
|upkeep
|turn|10
|j| gabros2002
|
|switch|p2a: Hydreigon|Hydreigon, M, shiny|100/100
|move|p1a: cant really care|Substitute|p1a: cant really care
|-start|p1a: cant really care|Substitute
|-damage|p1a: cant really care|38/100
|
|-heal|p1a: cant really care|44/100|[from] item: Leftovers
|upkeep
|turn|11
|
|switch|p2a: Clefable|Clefable, M|100/100 par
|move|p1a: cant really care|Thunder Wave|p2a: Clefable
|-fail|p2a: Clefable|par
|
|-heal|p1a: cant really care|50/100|[from] item: Leftovers
|upkeep
|turn|12
|
|move|p1a: cant really care|Hex|p2a: Clefable
|-damage|p2a: Clefable|42/100 par
|move|p2a: Clefable|Moonblast|p1a: cant really care
|-supereffective|p1a: cant really care
|-end|p1a: cant really care|Substitute
|
|-heal|p1a: cant really care|56/100|[from] item: Leftovers
|upkeep
|turn|13
|l| gabros2002
|j| Zigurat420
|
|move|p1a: cant really care|Substitute|p1a: cant really care
|-start|p1a: cant really care|Substitute
|-damage|p1a: cant really care|31/100
|move|p2a: Clefable|Moonblast|p1a: cant really care
|-supereffective|p1a: cant really care
|-end|p1a: cant really care|Substitute
|
|-heal|p1a: cant really care|37/100|[from] item: Leftovers
|upkeep
|turn|14
|
|switch|p2a: Rotom|Rotom-Mow|100/100
|move|p1a: cant really care|Substitute|p1a: cant really care
|-start|p1a: cant really care|Substitute
|-damage|p1a: cant really care|13/100
|
|-heal|p1a: cant really care|19/100|[from] item: Leftovers
|upkeep
|turn|15
|
|move|p1a: cant really care|Hex|p2a: Rotom
|-damage|p2a: Rotom|66/100
|move|p2a: Rotom|Nasty Plot|p2a: Rotom
|-boost|p2a: Rotom|spa|2
|
|-heal|p1a: cant really care|25/100|[from] item: Leftovers
|-heal|p2a: Rotom|72/100|[from] item: Leftovers
|upkeep
|turn|16
|
|move|p1a: cant really care|Hex|p2a: Rotom
|-damage|p2a: Rotom|34/100
|move|p2a: Rotom|Leaf Storm|p1a: cant really care
|-resisted|p1a: cant really care
|-end|p1a: cant really care|Substitute
|-unboost|p2a: Rotom|spa|2
|
|-heal|p1a: cant really care|31/100|[from] item: Leftovers
|-heal|p2a: Rotom|40/100|[from] item: Leftovers
|upkeep
|turn|17
|
|move|p1a: cant really care|Substitute|p1a: cant really care
|-start|p1a: cant really care|Substitute
|-damage|p1a: cant really care|6/100
|move|p2a: Rotom|Volt Switch|p1a: cant really care
|-resisted|p1a: cant really care
|-activate|p1a: cant really care|move: Substitute|[damage]
|c|☆1% pure evil|:>
|
|switch|p2a: Excadrill|Excadrill, M|100/100|[from]move: Volt Switch
|-ability|p2a: Excadrill|Mold Breaker
|-item|p2a: Excadrill|Air Balloon
|
|-heal|p1a: cant really care|12/100|[from] item: Leftovers
|upkeep
|turn|18
|j| GEN 8 JESUS
|
|move|p1a: cant really care|Hex|p2a: Excadrill
|-damage|p2a: Excadrill|63/100
|-enditem|p2a: Excadrill|Air Balloon
|move|p2a: Excadrill|Iron Head|p1a: cant really care
|-end|p1a: cant really care|Substitute
|
|-heal|p1a: cant really care|18/100|[from] item: Leftovers
|upkeep
|turn|19
|n| MilkTeass|redicev
|inactive|1% pure evil has 120 seconds left.
|
|switch|p1a: JOHN CENA|Corviknight, M|100/100
|-damage|p1a: JOHN CENA|88/100|[from] Stealth Rock
|-ability|p1a: JOHN CENA|Pressure
|move|p2a: Excadrill|Iron Head|p1a: JOHN CENA
|-resisted|p1a: JOHN CENA
|-crit|p1a: JOHN CENA
|-damage|p1a: JOHN CENA|64/100
|
|upkeep
|turn|20
|
|switch|p2a: Aegislash|Aegislash, M, shiny|100/100
|move|p1a: JOHN CENA|Defog|p2a: Aegislash
|-unboost|p2a: Aegislash|evasion|1
|-sideend|p1: 1% pure evil|Stealth Rock|[from] move: Defog|[of] p1a: JOHN CENA
|
|upkeep
|turn|21
|inactive|1% pure evil has 120 seconds left.
|
|switch|p1a: coward|Vaporeon, M|100/100
|-formechange|p2a: Aegislash|Aegislash-Blade||[from] ability: Stance Change
|move|p2a: Aegislash|Shadow Ball|p1a: coward
|-damage|p1a: coward|43/100
|
|-heal|p1a: coward|49/100|[from] item: Leftovers
|upkeep
|turn|22
|inactive|1% pure evil has 120 seconds left.
|
|switch|p2a: Rotom|Rotom-Mow|40/100
|move|p1a: coward|Scald|p2a: Rotom
|-resisted|p2a: Rotom
|-damage|p2a: Rotom|20/100
|-status|p2a: Rotom|brn
|
|-heal|p2a: Rotom|26/100 brn|[from] item: Leftovers
|-heal|p1a: coward|55/100|[from] item: Leftovers
|-damage|p2a: Rotom|20/100 brn|[from] brn
|upkeep
|turn|23
|
|move|p1a: coward|Protect|p1a: coward
|-singleturn|p1a: coward|Protect
|move|p2a: Rotom|Will-O-Wisp|p1a: coward
|-activate|p1a: coward|move: Protect
|
|-heal|p2a: Rotom|26/100 brn|[from] item: Leftovers
|-heal|p1a: coward|62/100|[from] item: Leftovers
|-damage|p2a: Rotom|20/100 brn|[from] brn
|upkeep
|turn|24
|
|switch|p1a: Heliolisk|Heliolisk, F|88/100
|move|p2a: Rotom|Volt Switch|p1a: Heliolisk
|-resisted|p1a: Heliolisk
|-damage|p1a: Heliolisk|67/100
|
|switch|p2a: Excadrill|Excadrill, M|63/100|[from]move: Volt Switch
|-ability|p2a: Excadrill|Mold Breaker
|
|-heal|p1a: Heliolisk|73/100|[from] item: Leftovers
|upkeep
|turn|25
|
|move|p1a: Heliolisk|Glare|p2a: Excadrill
|-status|p2a: Excadrill|par
|move|p2a: Excadrill|Rapid Spin|p1a: Heliolisk
|-damage|p1a: Heliolisk|36/100
|-boost|p2a: Excadrill|spe|1
|
|-heal|p1a: Heliolisk|42/100|[from] item: Leftovers
|upkeep
|turn|26
|
|switch|p1a: JOHN CENA|Corviknight, M|64/100
|-ability|p1a: JOHN CENA|Pressure
|cant|p2a: Excadrill|par
|
|upkeep
|turn|27
|c| MilkTeass|x)
|
|cant|p2a: Excadrill|par
|move|p1a: JOHN CENA|Roost|p1a: JOHN CENA
|-heal|p1a: JOHN CENA|100/100
|-singleturn|p1a: JOHN CENA|move: Roost
|
|upkeep
|turn|28
|c|☆1% pure evil|XD
|c| MilkTeass|the legend continues
|c|☆1% pure evil|crazy game am i right
|c| MilkTeass|lmao
|c|☆1% pure evil|hey milk
|c|☆1% pure evil|:>
|c| MilkTeass|hey bro
|inactive|1% pure evil has 120 seconds left.
|inactive|Highest Threat has 120 seconds left.
|inactive|1% pure evil has 90 seconds left.
|
|switch|p2a: Rotom|Rotom-Mow|20/100 brn
|move|p1a: JOHN CENA|Bulk Up|p1a: JOHN CENA
|-boost|p1a: JOHN CENA|atk|1
|-boost|p1a: JOHN CENA|def|1
|
|-heal|p2a: Rotom|26/100 brn|[from] item: Leftovers
|-damage|p2a: Rotom|20/100 brn|[from] brn
|upkeep
|turn|29
|
|switch|p1a: Heliolisk|Heliolisk, F|42/100
|move|p2a: Rotom|Will-O-Wisp|p1a: Heliolisk
|-status|p1a: Heliolisk|brn
|
|-heal|p1a: Heliolisk|48/100 brn|[from] item: Leftovers
|-heal|p2a: Rotom|26/100 brn|[from] item: Leftovers
|-damage|p1a: Heliolisk|42/100 brn|[from] brn
|-damage|p2a: Rotom|20/100 brn|[from] brn
|upkeep
|turn|30
|inactive|Highest Threat has 120 seconds left.
|
|switch|p2a: Ferrothorn|Ferrothorn, M, shiny|63/100 par
|move|p1a: Heliolisk|Parabolic Charge|p2a: Ferrothorn
|-resisted|p2a: Ferrothorn
|-damage|p2a: Ferrothorn|51/100 par
|-heal|p1a: Heliolisk|50/100 brn|[from] drain|[of] p2a: Ferrothorn
|
|-heal|p1a: Heliolisk|56/100 brn|[from] item: Leftovers
|-heal|p2a: Ferrothorn|57/100 par|[from] item: Leftovers
|-damage|p1a: Heliolisk|50/100 brn|[from] brn
|upkeep
|turn|31
|inactive|1% pure evil has 90 seconds left.
|j| neutralzone!!
|
|move|p1a: Heliolisk|Parabolic Charge|p2a: Ferrothorn
|-resisted|p2a: Ferrothorn
|-damage|p2a: Ferrothorn|46/100 par
|-heal|p1a: Heliolisk|57/100 brn|[from] drain|[of] p2a: Ferrothorn
|move|p2a: Ferrothorn|Leech Seed|p1a: Heliolisk
|-start|p1a: Heliolisk|move: Leech Seed
|
|-heal|p1a: Heliolisk|63/100 brn|[from] item: Leftovers
|-heal|p2a: Ferrothorn|52/100 par|[from] item: Leftovers
|-damage|p1a: Heliolisk|51/100 brn|[from] Leech Seed|[of] p2a: Ferrothorn
|-heal|p2a: Ferrothorn|62/100 par|[silent]
|-damage|p1a: Heliolisk|45/100 brn|[from] brn
|upkeep
|turn|32
|
|switch|p1a: dugtriox3|Dugtrio, F|100/100
|cant|p2a: Ferrothorn|par
|
|-heal|p2a: Ferrothorn|68/100 par|[from] item: Leftovers
|upkeep
|turn|33
|c|☆1% pure evil|:o
|inactive|1% pure evil has 90 seconds left.
|
|move|p1a: dugtriox3|Earthquake|p2a: Ferrothorn
|-damage|p2a: Ferrothorn|43/100 par
|move|p2a: Ferrothorn|Knock Off|p1a: dugtriox3
|-damage|p1a: dugtriox3|37/100
|-enditem|p1a: dugtriox3|Focus Sash|[from] move: Knock Off|[of] p2a: Ferrothorn
|
|-heal|p2a: Ferrothorn|49/100 par|[from] item: Leftovers
|upkeep
|turn|34
|inactive|1% pure evil has 90 seconds left.
|
|move|p1a: dugtriox3|Earthquake|p2a: Ferrothorn
|-damage|p2a: Ferrothorn|24/100 par
|cant|p2a: Ferrothorn|par
|
|-heal|p2a: Ferrothorn|30/100 par|[from] item: Leftovers
|upkeep
|turn|35
|inactive|1% pure evil has 90 seconds left.
|c|☆1% pure evil|thats just crazy XD
|
|move|p1a: dugtriox3|Earthquake|p2a: Ferrothorn
|-damage|p2a: Ferrothorn|2/100 par
|move|p2a: Ferrothorn|Stealth Rock|p1a: dugtriox3
|-sidestart|p1: 1% pure evil|move: Stealth Rock
|
|-heal|p2a: Ferrothorn|8/100 par|[from] item: Leftovers
|upkeep
|turn|36
|
|move|p1a: dugtriox3|Earthquake|p2a: Ferrothorn
|-damage|p2a: Ferrothorn|0 fnt
|faint|p2a: Ferrothorn
|
|upkeep
|c| MilkTeass|this is epic as always lmao
|
|switch|p2a: Hydreigon|Hydreigon, M, shiny|100/100
|turn|37
|inactive|1% pure evil has 90 seconds left.
|inactive|1% pure evil has 60 seconds left.
|c| GEN 8 JESUS|pass the team
|c| GEN 8 JESUS|i need this
|c| GEN 8 JESUS|in my builder
|c| MilkTeass|xD
|l| Zigurat420
|inactive|1% pure evil has 30 seconds left.
|c| GEN 8 JESUS|what's the point of vaporeon btw
|inactive|1% pure evil has 20 seconds left.
|inactive|1% pure evil has 15 seconds left.
|
|switch|p1a: coward|Vaporeon, M|62/100
|-damage|p1a: coward|49/100|[from] Stealth Rock
|move|p2a: Hydreigon|Flash Cannon|p1a: coward
|-resisted|p1a: coward
|-damage|p1a: coward|35/100
|-damage|p2a: Hydreigon|91/100|[from] item: Life Orb
|
|-heal|p1a: coward|41/100|[from] item: Leftovers
|upkeep
|turn|38
|inactive|1% pure evil has 25 seconds left this turn.
|
|move|p2a: Hydreigon|Nasty Plot|p2a: Hydreigon
|-boost|p2a: Hydreigon|spa|2
|move|p1a: coward|Wish|p1a: coward
|
|-heal|p1a: coward|48/100|[from] item: Leftovers
|upkeep
|turn|39
|inactive|1% pure evil has 30 seconds left.
|inactive|1% pure evil has 20 seconds left.
|
|move|p2a: Hydreigon|Dark Pulse|p1a: coward
|-damage|p1a: coward|0 fnt
|-damage|p2a: Hydreigon|81/100|[from] item: Life Orb
|faint|p1a: coward
|
|upkeep
|inactive|1% pure evil has 25 seconds left this turn.
|inactive|1% pure evil has 20 seconds left.
|
|switch|p1a: Heliolisk|Heliolisk, F|45/100 brn
|-damage|p1a: Heliolisk|32/100 brn|[from] Stealth Rock
|turn|40
|inactive|1% pure evil has 30 seconds left this turn.
|
|switch|p2a: Clefable|Clefable, M|42/100 par
|move|p1a: Heliolisk|Glare|p2a: Clefable
|-fail|p2a: Clefable|par
|
|-heal|p1a: Heliolisk|38/100 brn|[from] item: Leftovers
|-damage|p1a: Heliolisk|32/100 brn|[from] brn
|upkeep
|turn|41
|
|move|p1a: Heliolisk|Parabolic Charge|p2a: Clefable
|-damage|p2a: Clefable|10/100 par
|-heal|p1a: Heliolisk|53/100 brn|[from] drain|[of] p2a: Clefable
|move|p2a: Clefable|Moonblast|p1a: Heliolisk
|-damage|p1a: Heliolisk|0 fnt
|faint|p1a: Heliolisk
|
|upkeep
|
|switch|p1a: dugtriox3|Dugtrio, F|37/100
|-damage|p1a: dugtriox3|31/100|[from] Stealth Rock
|turn|42
|
|move|p1a: dugtriox3|Earthquake|p2a: Clefable
|-damage|p2a: Clefable|0 fnt
|faint|p2a: Clefable
|
|upkeep
|
|switch|p2a: Hydreigon|Hydreigon, M, shiny|81/100
|turn|43
|
|move|p1a: dugtriox3|Reversal|p2a: Hydreigon
|-supereffective|p2a: Hydreigon
|-damage|p2a: Hydreigon|23/100
|move|p2a: Hydreigon|Dark Pulse|p1a: dugtriox3
|-damage|p1a: dugtriox3|0 fnt
|-damage|p2a: Hydreigon|13/100|[from] item: Life Orb
|faint|p1a: dugtriox3
|
|upkeep
|
|switch|p1a: cant really care|Dragapult, F|18/100
|-damage|p1a: cant really care|6/100|[from] Stealth Rock
|turn|44
|
|switch|p2a: Rotom|Rotom-Mow|20/100 brn
|move|p1a: cant really care|Hex|p2a: Rotom
|-damage|p2a: Rotom|0 fnt
|faint|p2a: Rotom
|
|-heal|p1a: cant really care|12/100|[from] item: Leftovers
|upkeep
|
|switch|p2a: Aegislash|Aegislash, M, shiny|100/100
|turn|45
|inactive|1% pure evil has 60 seconds left.
|inactive|1% pure evil has 30 seconds left.
|
|move|p1a: cant really care|Thunder Wave|p2a: Aegislash
|-status|p2a: Aegislash|par
|-formechange|p2a: Aegislash|Aegislash-Blade||[from] ability: Stance Change
|move|p2a: Aegislash|Shadow Ball|p1a: cant really care
|-supereffective|p1a: cant really care
|-damage|p1a: cant really care|0 fnt
|faint|p1a: cant really care
|
|upkeep
|inactive|1% pure evil has 30 seconds left.
|inactive|1% pure evil has 20 seconds left.
|inactive|1% pure evil has 15 seconds left.
|inactive|1% pure evil has 10 seconds left.
|
|switch|p1a: kiss my toe|Togekiss, M|100/100
|-damage|p1a: kiss my toe|76/100|[from] Stealth Rock
|turn|46
|inactive|1% pure evil has 20 seconds left this turn.
|
|switch|p2a: Excadrill|Excadrill, M|63/100 par
|-ability|p2a: Excadrill|Mold Breaker
|move|p1a: kiss my toe|Flamethrower|p2a: Excadrill
|-supereffective|p2a: Excadrill
|-damage|p2a: Excadrill|0 fnt
|faint|p2a: Excadrill
|
|-heal|p1a: kiss my toe|82/100|[from] item: Leftovers
|upkeep
|inactive|1% pure evil has 25 seconds left this turn.
|
|switch|p2a: Aegislash|Aegislash, M, shiny|100/100 par
|turn|47
|inactive|1% pure evil has 30 seconds left.
|inactive|1% pure evil has 20 seconds left.
|inactive|1% pure evil has 15 seconds left.
|inactive|1% pure evil has 10 seconds left.
|
|move|p1a: kiss my toe|Flamethrower|p2a: Aegislash
|-supereffective|p2a: Aegislash
|-damage|p2a: Aegislash|30/100 par
|-formechange|p2a: Aegislash|Aegislash-Blade||[from] ability: Stance Change
|move|p2a: Aegislash|Flash Cannon|p1a: kiss my toe
|-supereffective|p1a: kiss my toe
|-damage|p1a: kiss my toe|0 fnt
|faint|p1a: kiss my toe
|
|upkeep
|inactive|1% pure evil has 15 seconds left this turn.
|inactive|1% pure evil has 10 seconds left.
|
|switch|p1a: JOHN CENA|Corviknight, M|100/100
|-damage|p1a: JOHN CENA|88/100|[from] Stealth Rock
|-ability|p1a: JOHN CENA|Pressure
|turn|48
|inactive|1% pure evil has 20 seconds left this turn.
|inactive|1% pure evil has 15 seconds left.
|
|move|p1a: JOHN CENA|Bulk Up|p1a: JOHN CENA
|-boost|p1a: JOHN CENA|atk|1
|-boost|p1a: JOHN CENA|def|1
|move|p2a: Aegislash|Flash Cannon|p1a: JOHN CENA
|-resisted|p1a: JOHN CENA
|-damage|p1a: JOHN CENA|61/100
|-unboost|p1a: JOHN CENA|spd|1
|
|upkeep
|turn|49
|inactive|1% pure evil has 25 seconds left this turn.
|inactive|1% pure evil has 20 seconds left.
|c| GEN 8 JESUS|bruh
|c| GEN 8 JESUS|thats so sad
|c|☆1% pure evil|really
|inactive|1% pure evil has 15 seconds left.
|
|move|p1a: JOHN CENA|Roost|p1a: JOHN CENA
|-heal|p1a: JOHN CENA|100/100
|-singleturn|p1a: JOHN CENA|move: Roost
|move|p2a: Aegislash|Flash Cannon|p1a: JOHN CENA
|-resisted|p1a: JOHN CENA
|-damage|p1a: JOHN CENA|61/100
|
|upkeep
|turn|50
|inactive|1% pure evil has 25 seconds left this turn.
|
|move|p1a: JOHN CENA|Roost|p1a: JOHN CENA
|-heal|p1a: JOHN CENA|100/100
|-singleturn|p1a: JOHN CENA|move: Roost
|move|p2a: Aegislash|Flash Cannon|p1a: JOHN CENA
|-resisted|p1a: JOHN CENA
|-damage|p1a: JOHN CENA|63/100
|
|upkeep
|turn|51
|
|move|p1a: JOHN CENA|Roost|p1a: JOHN CENA
|-heal|p1a: JOHN CENA|100/100
|-singleturn|p1a: JOHN CENA|move: Roost
|move|p2a: Aegislash|Flash Cannon|p1a: JOHN CENA
|-resisted|p1a: JOHN CENA
|-damage|p1a: JOHN CENA|63/100
|-unboost|p1a: JOHN CENA|spd|1
|
|upkeep
|turn|52
|c|☆1% pure evil|bro
|c| MilkTeass|para
|c| GEN 8 JESUS|lmao
|
|move|p1a: JOHN CENA|Roost|p1a: JOHN CENA
|-heal|p1a: JOHN CENA|100/100
|-singleturn|p1a: JOHN CENA|move: Roost
|cant|p2a: Aegislash|par
|
|upkeep
|turn|53
|
|move|p1a: JOHN CENA|Power Trip|p2a: Aegislash
|-supereffective|p2a: Aegislash
|-damage|p2a: Aegislash|0 fnt
|faint|p2a: Aegislash
|
|upkeep
|
|switch|p2a: Hydreigon|Hydreigon, M, shiny|13/100
|turn|54
|
|move|p2a: Hydreigon|Dark Pulse|p1a: JOHN CENA
|-damage|p1a: JOHN CENA|24/100
|-damage|p2a: Hydreigon|3/100|[from] item: Life Orb
|move|p1a: JOHN CENA|Power Trip|p2a: Hydreigon
|-resisted|p2a: Hydreigon
|-damage|p2a: Hydreigon|0 fnt
|faint|p2a: Hydreigon
|
|win|1% pure evil
|c| MilkTeass|lmao
|l|☆Highest Threat
|c|☆1% pure evil|AY
|c|☆1% pure evil|LETS GO
|c| GEN 8 JESUS|LOL NO FIRE MOVE
|c| GEN 8 JESUS|heinous set
|c| MilkTeass|woooooo
|c|☆1% pure evil|EZ
|l| GEN 8 JESUS
|raw|1% pure evil's rating: 1710 → 1728(+18 for winning)
|raw|Highest Threat's rating: 1670 → 1652(-18 for losing)
