|ScrapeTime|2020-01-01-19:14:36
|j|☆PastisLandais3000
|j|☆Char11
|player|p1|PastisLandais3000|hiker-gen4|1287
|player|p2|Char11|265|1283
|teamsize|p1|6
|teamsize|p2|6
|gametype|singles
|gen|8
|tier|[Gen 8] OU
|rated|
|rule|Sleep Clause Mod: Limit one foe put to sleep
|rule|Species Clause: Limit one of each Pokémon
|rule|OHKO Clause: OHKO moves are banned
|rule|Evasion Moves Clause: Evasion moves are banned
|rule|Endless Battle Clause: Forcing endless battles is banned
|rule|HP Percentage Mod: HP is shown in percentages
|clearpoke
|poke|p1|Dragapult, M|
|poke|p1|Hawlucha, F|
|poke|p1|Cinderace, M|
|poke|p1|Toxtricity, M|
|poke|p1|Ditto|
|poke|p1|Kommo-o, F|
|poke|p2|Grimmsnarl, M|
|poke|p2|Kommo-o, F|
|poke|p2|Polteageist|
|poke|p2|Mew|
|poke|p2|Bisharp, M|
|poke|p2|Conkeldurr, F|
|rule|Dynamax Clause: You cannot dynamax
|teampreview
|
|start
|switch|p1a: Dragapult|Dragapult, M, shiny|100/100
|switch|p2a: Grimmsnarl|Grimmsnarl, M|100/100
|turn|1
|
|move|p1a: Dragapult|Substitute|p1a: Dragapult
|-start|p1a: Dragapult|Substitute
|-damage|p1a: Dragapult|76/100
|move|p2a: Grimmsnarl|Spirit Break|p1a: Dragapult
|-supereffective|p1a: Dragapult
|-end|p1a: Dragapult|Substitute
|
|-heal|p1a: Dragapult|82/100|[from] item: Leftovers
|upkeep
|turn|2
|
|switch|p1a: Toxtricity|Toxtricity, M|100/100
|move|p2a: Grimmsnarl|Spirit Break|p1a: Toxtricity
|-resisted|p1a: Toxtricity
|-damage|p1a: Toxtricity|77/100
|-unboost|p1a: Toxtricity|spa|1
|
|upkeep
|turn|3
|
|move|p2a: Grimmsnarl|Light Screen|p2a: Grimmsnarl
|-sidestart|p2: Char11|move: Light Screen
|move|p1a: Toxtricity|Boomburst|p2a: Grimmsnarl
|-damage|p2a: Grimmsnarl|79/100
|
|upkeep
|turn|4
|
|switch|p1a: Cinderace|Cinderace, M|100/100
|switch|p2a: Kommo-o|Kommo-o, F|100/100
|
|upkeep
|turn|5
|
|move|p1a: Cinderace|U-turn|p2a: Kommo-o
|-resisted|p2a: Kommo-o
|-damage|p2a: Kommo-o|89/100
|
|switch|p1a: Dragapult|Dragapult, M, shiny|82/100|[from]move: U-turn
|move|p2a: Kommo-o|Clangorous Soul|p2a: Kommo-o
|-boost|p2a: Kommo-o|atk|1
|-boost|p2a: Kommo-o|def|1
|-boost|p2a: Kommo-o|spa|1
|-boost|p2a: Kommo-o|spd|1
|-boost|p2a: Kommo-o|spe|1
|-damage|p2a: Kommo-o|55/100
|-enditem|p2a: Kommo-o|Throat Spray
|-boost|p2a: Kommo-o|spa|1
|
|-heal|p1a: Dragapult|88/100|[from] item: Leftovers
|upkeep
|turn|6
|
|move|p2a: Kommo-o|Clanging Scales|p1a: Dragapult
|-supereffective|p1a: Dragapult
|-damage|p1a: Dragapult|0 fnt
|-unboost|p2a: Kommo-o|def|1
|faint|p1a: Dragapult
|
|upkeep
|
|switch|p1a: Ditto|Ditto, shiny|100/100
|-transform|p1a: Ditto|p2a: Kommo-o|[from] ability: Imposter
|turn|7
|
|move|p1a: Ditto|Clanging Scales|p2a: Kommo-o
|-immune|p2a: Kommo-o|[from] ability: Soundproof
|move|p2a: Kommo-o|Flash Cannon|p1a: Ditto
|-damage|p1a: Ditto|65/100
|
|upkeep
|turn|8
|-message|PastisLandais3000 forfeited.
|
|win|Char11
|l|☆PastisLandais3000
