|ScrapeTime|2020-01-02-06:45:36
|j|☆Y1Cu9Z
|j|☆yagaten
|player|p1|Y1Cu9Z|cyclist|1257
|player|p2|yagaten|169|1299
|teamsize|p1|6
|teamsize|p2|6
|gametype|singles
|gen|8
|tier|[Gen 8] OU
|rated|
|rule|Sleep Clause Mod: Limit one foe put to sleep
|rule|Species Clause: Limit one of each Pokémon
|rule|OHKO Clause: OHKO moves are banned
|rule|Evasion Moves Clause: Evasion moves are banned
|rule|Endless Battle Clause: Forcing endless battles is banned
|rule|HP Percentage Mod: HP is shown in percentages
|clearpoke
|poke|p1|Sirfetch'd, M|
|poke|p1|Dragapult, F|
|poke|p1|Rotom-Heat|
|poke|p1|Cinderace, F|
|poke|p1|Corviknight, F|
|poke|p1|Ferrothorn, M|
|poke|p2|Tyranitar, F|
|poke|p2|Dracovish|
|poke|p2|Corsola-Galar, M|
|poke|p2|Togekiss, F|
|poke|p2|Excadrill, M|
|poke|p2|Rotom-Wash|
|rule|Dynamax Clause: You cannot dynamax
|teampreview
|inactive|Battle timer is ON: inactive players will automatically lose when time's up. (requested by Y1Cu9Z)
|
|start
|switch|p1a: Dragapult|Dragapult, F|100/100
|switch|p2a: Dracovish|Dracovish|100/100
|turn|1
|
|switch|p2a: Tyranitar|Tyranitar, F|100/100
|-weather|Sandstorm|[from] ability: Sand Stream|[of] p2a: Tyranitar
|move|p1a: Dragapult|U-turn|p2a: Tyranitar
|-supereffective|p2a: Tyranitar
|-damage|p2a: Tyranitar|66/100
|
|switch|p1a: Sirfetch'd|Sirfetch'd, M|100/100|[from]move: U-turn
|
|-weather|Sandstorm|[upkeep]
|-damage|p1a: Sirfetch'd|94/100|[from] Sandstorm
|-heal|p2a: Tyranitar|72/100|[from] item: Leftovers
|upkeep
|turn|2
|
|switch|p2a: Togekiss|Togekiss, F|100/100
|move|p1a: Sirfetch'd|Close Combat|p2a: Togekiss
|-resisted|p2a: Togekiss
|-crit|p2a: Togekiss
|-damage|p2a: Togekiss|69/100
|-unboost|p1a: Sirfetch'd|def|1
|-unboost|p1a: Sirfetch'd|spd|1
|
|-weather|Sandstorm|[upkeep]
|-damage|p2a: Togekiss|63/100|[from] Sandstorm
|-damage|p1a: Sirfetch'd|88/100|[from] Sandstorm
|-heal|p2a: Togekiss|69/100|[from] item: Leftovers
|upkeep
|turn|3
|
|switch|p1a: Rotom|Rotom-Heat|100/100
|move|p2a: Togekiss|Flamethrower|p1a: Rotom
|-resisted|p1a: Rotom
|-damage|p1a: Rotom|82/100
|
|-weather|Sandstorm|[upkeep]
|-damage|p1a: Rotom|75/100|[from] Sandstorm
|-damage|p2a: Togekiss|63/100|[from] Sandstorm
|-heal|p2a: Togekiss|69/100|[from] item: Leftovers
|upkeep
|turn|4
|
|switch|p2a: Dracovish|Dracovish|100/100
|move|p1a: Rotom|Overheat|p2a: Dracovish
|-resisted|p2a: Dracovish
|-damage|p2a: Dracovish|83/100
|-unboost|p1a: Rotom|spa|2
|
|-weather|Sandstorm|[upkeep]
|-damage|p1a: Rotom|69/100|[from] Sandstorm
|-damage|p2a: Dracovish|77/100|[from] Sandstorm
|upkeep
|turn|5
|
|move|p1a: Rotom|Overheat|p2a: Dracovish
|-resisted|p2a: Dracovish
|-damage|p2a: Dracovish|68/100
|-unboost|p1a: Rotom|spa|2
|move|p2a: Dracovish|Fishious Rend|p1a: Rotom
|-supereffective|p1a: Rotom
|-damage|p1a: Rotom|0 fnt
|faint|p1a: Rotom
|
|-weather|none
|upkeep
|inactive|Y1Cu9Z has 120 seconds left.
|
|switch|p1a: Ferrothorn|Ferrothorn, M|100/100
|turn|6
|inactive|Y1Cu9Z has 120 seconds left.
|
|switch|p2a: Tyranitar|Tyranitar, F|72/100
|-weather|Sandstorm|[from] ability: Sand Stream|[of] p2a: Tyranitar
|move|p1a: Ferrothorn|Gyro Ball|p2a: Tyranitar
|-supereffective|p2a: Tyranitar
|-crit|p2a: Tyranitar
|-damage|p2a: Tyranitar|0 fnt
|faint|p2a: Tyranitar
|
|-weather|Sandstorm|[upkeep]
|upkeep
|
|switch|p2a: Togekiss|Togekiss, F|69/100
|turn|7
|inactive|Y1Cu9Z has 120 seconds left.
|
|switch|p1a: Dragapult|Dragapult, F|100/100
|move|p2a: Togekiss|Flamethrower|p1a: Dragapult
|-resisted|p1a: Dragapult
|-damage|p1a: Dragapult|81/100
|
|-weather|Sandstorm|[upkeep]
|-damage|p1a: Dragapult|75/100|[from] Sandstorm
|-damage|p2a: Togekiss|63/100|[from] Sandstorm
|-heal|p2a: Togekiss|69/100|[from] item: Leftovers
|upkeep
|turn|8
|inactive|Y1Cu9Z has 120 seconds left.
|
|move|p1a: Dragapult|U-turn|p2a: Togekiss
|-resisted|p2a: Togekiss
|-damage|p2a: Togekiss|62/100
|
|switch|p1a: Corviknight|Corviknight, F|100/100|[from]move: U-turn
|move|p2a: Togekiss|Dazzling Gleam|p1a: Corviknight
|-resisted|p1a: Corviknight
|-damage|p1a: Corviknight|76/100
|
|-weather|Sandstorm|[upkeep]
|-damage|p2a: Togekiss|56/100|[from] Sandstorm
|-heal|p2a: Togekiss|62/100|[from] item: Leftovers
|-heal|p1a: Corviknight|82/100|[from] item: Leftovers
|upkeep
|turn|9
|
|move|p2a: Togekiss|Flamethrower|p1a: Corviknight
|-supereffective|p1a: Corviknight
|-crit|p1a: Corviknight
|-damage|p1a: Corviknight|0 fnt
|faint|p1a: Corviknight
|
|-weather|Sandstorm|[upkeep]
|-damage|p2a: Togekiss|56/100|[from] Sandstorm
|-heal|p2a: Togekiss|62/100|[from] item: Leftovers
|upkeep
|
|switch|p1a: Cinderace|Cinderace, F|100/100
|turn|10
|
|switch|p2a: Dracovish|Dracovish|68/100
|move|p1a: Cinderace|Pyro Ball|p2a: Dracovish|[miss]
|-miss|p1a: Cinderace|p2a: Dracovish
|
|-weather|none
|upkeep
|turn|11
|
|switch|p1a: Ferrothorn|Ferrothorn, M|100/100
|move|p2a: Dracovish|Fishious Rend|p1a: Ferrothorn
|-resisted|p1a: Ferrothorn
|-damage|p1a: Ferrothorn|55/100
|-damage|p2a: Dracovish|55/100|[from] ability: Iron Barbs|[of] p1a: Ferrothorn
|
|-heal|p1a: Ferrothorn|62/100|[from] item: Leftovers
|upkeep
|turn|12
|inactive|Y1Cu9Z has 120 seconds left.
|
|move|p2a: Dracovish|Fishious Rend|p1a: Ferrothorn
|-resisted|p1a: Ferrothorn
|-damage|p1a: Ferrothorn|15/100
|-damage|p2a: Dracovish|43/100|[from] ability: Iron Barbs|[of] p1a: Ferrothorn
|move|p1a: Ferrothorn|Body Press|p2a: Dracovish
|-damage|p2a: Dracovish|14/100
|
|-heal|p1a: Ferrothorn|21/100|[from] item: Leftovers
|upkeep
|turn|13
|inactive|Y1Cu9Z has 120 seconds left.
|
|move|p2a: Dracovish|Fishious Rend|p1a: Ferrothorn
|-resisted|p1a: Ferrothorn
|-damage|p1a: Ferrothorn|0 fnt
|-damage|p2a: Dracovish|2/100|[from] ability: Iron Barbs|[of] p1a: Ferrothorn
|faint|p1a: Ferrothorn
|
|upkeep
|
|switch|p1a: Sirfetch'd|Sirfetch'd, M|88/100
|turn|14
|
|move|p1a: Sirfetch'd|Feint|p2a: Dracovish
|-damage|p2a: Dracovish|0 fnt
|faint|p2a: Dracovish
|
|upkeep
|
|switch|p2a: Rotom|Rotom-Wash|100/100
|turn|15
|
|move|p2a: Rotom|Thunder Wave|p1a: Sirfetch'd
|-status|p1a: Sirfetch'd|par
|move|p1a: Sirfetch'd|Leaf Blade|p2a: Rotom
|-supereffective|p2a: Rotom
|-crit|p2a: Rotom
|-damage|p2a: Rotom|0 fnt
|faint|p2a: Rotom
|
|upkeep
|
|switch|p2a: Togekiss|Togekiss, F|62/100
|turn|16
|
|switch|p1a: Dragapult|Dragapult, F|75/100
|move|p2a: Togekiss|Dazzling Gleam|p1a: Dragapult
|-supereffective|p1a: Dragapult
|-damage|p1a: Dragapult|0 fnt
|faint|p1a: Dragapult
|
|-heal|p2a: Togekiss|68/100|[from] item: Leftovers
|upkeep
|
|switch|p1a: Cinderace|Cinderace, F|100/100
|turn|17
|
|switch|p2a: Corsola|Corsola-Galar, M|100/100
|move|p1a: Cinderace|Pyro Ball|p2a: Corsola
|-damage|p2a: Corsola|59/100
|-damage|p1a: Cinderace|91/100|[from] item: Life Orb
|
|upkeep
|turn|18
|
|move|p1a: Cinderace|U-turn|p2a: Corsola
|-resisted|p2a: Corsola
|-damage|p2a: Corsola|51/100
|-start|p1a: Cinderace|Disable|U-turn|[from] ability: Cursed Body|[of] p2a: Corsola
|-damage|p1a: Cinderace|81/100|[from] item: Life Orb
|
|switch|p1a: Sirfetch'd|Sirfetch'd, M|88/100 par|[from]move: U-turn
|move|p2a: Corsola|Strength Sap|p1a: Sirfetch'd
|-unboost|p1a: Sirfetch'd|atk|1
|-heal|p2a: Corsola|100/100
|
|upkeep
|turn|19
|
|switch|p1a: Cinderace|Cinderace, F|81/100
|move|p2a: Corsola|Night Shade|p1a: Cinderace
|-damage|p1a: Cinderace|48/100
|
|upkeep
|turn|20
|
|switch|p1a: Sirfetch'd|Sirfetch'd, M|88/100 par
|move|p2a: Corsola|Strength Sap|p1a: Sirfetch'd
|-unboost|p1a: Sirfetch'd|atk|1
|
|upkeep
|turn|21
|
|move|p2a: Corsola|Night Shade|p1a: Sirfetch'd
|-damage|p1a: Sirfetch'd|58/100 par
|move|p1a: Sirfetch'd|Knock Off|p2a: Corsola
|-supereffective|p2a: Corsola
|-crit|p2a: Corsola
|-damage|p2a: Corsola|44/100
|-enditem|p2a: Corsola|Eviolite|[from] move: Knock Off|[of] p1a: Sirfetch'd
|
|upkeep
|turn|22
|
|move|p2a: Corsola|Night Shade|p1a: Sirfetch'd
|-damage|p1a: Sirfetch'd|27/100 par
|move|p1a: Sirfetch'd|Leaf Blade|p2a: Corsola
|-crit|p2a: Corsola
|-damage|p2a: Corsola|4/100
|-start|p1a: Sirfetch'd|Disable|Leaf Blade|[from] ability: Cursed Body|[of] p2a: Corsola
|
|upkeep
|turn|23
|
|move|p1a: Sirfetch'd|Feint|p2a: Corsola
|-crit|p2a: Corsola
|-damage|p2a: Corsola|0 fnt
|faint|p2a: Corsola
|
|upkeep
|
|switch|p2a: Excadrill|Excadrill, M|100/100
|turn|24
|
|cant|p1a: Sirfetch'd|par
|move|p2a: Excadrill|Earthquake|p1a: Sirfetch'd
|-damage|p1a: Sirfetch'd|0 fnt
|-damage|p2a: Excadrill|91/100|[from] item: Life Orb
|faint|p1a: Sirfetch'd
|
|upkeep
|
|switch|p1a: Cinderace|Cinderace, F|48/100
|turn|25
|
|move|p1a: Cinderace|Pyro Ball|p2a: Excadrill
|-supereffective|p2a: Excadrill
|-crit|p2a: Excadrill
|-damage|p2a: Excadrill|0 fnt
|-damage|p1a: Cinderace|38/100|[from] item: Life Orb
|faint|p2a: Excadrill
|
|upkeep
|
|switch|p2a: Togekiss|Togekiss, F|68/100
|turn|26
|
|move|p1a: Cinderace|Pyro Ball|p2a: Togekiss
|-crit|p2a: Togekiss
|-damage|p2a: Togekiss|0 fnt
|-damage|p1a: Cinderace|28/100|[from] item: Life Orb
|faint|p2a: Togekiss
|
|win|Y1Cu9Z
|raw|Y1Cu9Z's rating: 1257 → 1285(+28 for winning)
|raw|yagaten's rating: 1299 → 1271(-28 for losing)
|l|☆yagaten
|c|☆Y1Cu9Z|nice
