|ScrapeTime|2020-01-02-10:05:43
|j|☆PMA/Defen
|j|☆Malanaki
|player|p1|PMA/Defen|1|1182
|player|p2|Malanaki|2|1192
|teamsize|p1|6
|teamsize|p2|6
|gametype|singles
|gen|8
|tier|[Gen 8] OU
|rated|
|rule|Sleep Clause Mod: Limit one foe put to sleep
|rule|Species Clause: Limit one of each Pokémon
|rule|OHKO Clause: OHKO moves are banned
|rule|Evasion Moves Clause: Evasion moves are banned
|rule|Endless Battle Clause: Forcing endless battles is banned
|rule|HP Percentage Mod: HP is shown in percentages
|clearpoke
|poke|p1|Corsola-Galar, M|
|poke|p1|Ferrothorn, M|
|poke|p1|Toxapex, M|
|poke|p1|Dragapult, F|
|poke|p1|Dracovish|
|poke|p1|Hydreigon, F|
|poke|p2|Pincurchin, M|
|poke|p2|Hawlucha, F|
|poke|p2|Aegislash, F|
|poke|p2|Mamoswine, M|
|poke|p2|Drampa, F|
|poke|p2|Torkoal, F|
|rule|Dynamax Clause: You cannot dynamax
|teampreview
|inactive|Battle timer is ON: inactive players will automatically lose when time's up. (requested by Malanaki)
|
|start
|switch|p1a: Toxapex|Toxapex, M|100/100
|switch|p2a: Torkoal|Torkoal, F|100/100
|-weather|SunnyDay|[from] ability: Drought|[of] p2a: Torkoal
|turn|1
|
|switch|p2a: Pincurchin|Pincurchin, M|100/100
|-fieldstart|move: Electric Terrain|[from] ability: Electric Surge|[of] p2a: Pincurchin
|-enditem|p2a: Pincurchin|Electric Seed
|-boost|p2a: Pincurchin|def|1
|move|p1a: Toxapex|Toxic Spikes|p2a: Pincurchin
|-sidestart|p2: Malanaki|move: Toxic Spikes
|
|-weather|SunnyDay|[upkeep]
|upkeep
|turn|2
|
|move|p1a: Toxapex|Toxic Spikes|p2a: Pincurchin
|-sidestart|p2: Malanaki|move: Toxic Spikes
|move|p2a: Pincurchin|Thunder Wave|p1a: Toxapex
|-status|p1a: Toxapex|par
|
|-weather|SunnyDay|[upkeep]
|upkeep
|turn|3
|
|switch|p1a: Ferrothorn|Ferrothorn, M|100/100
|move|p2a: Pincurchin|Memento|p1a: Ferrothorn
|-unboost|p1a: Ferrothorn|atk|2
|-unboost|p1a: Ferrothorn|spa|2
|faint|p2a: Pincurchin
|
|-weather|SunnyDay|[upkeep]
|upkeep
|
|switch|p2a: Hawlucha|Hawlucha, F|100/100
|-enditem|p2a: Hawlucha|Electric Seed
|-boost|p2a: Hawlucha|def|1
|turn|4
|
|move|p2a: Hawlucha|Substitute|p2a: Hawlucha
|-start|p2a: Hawlucha|Substitute
|-damage|p2a: Hawlucha|76/100
|move|p1a: Ferrothorn|Leech Seed||[still]
|-fail|p1a: Ferrothorn
|
|-weather|SunnyDay|[upkeep]
|upkeep
|turn|5
|
|switch|p1a: Corsola|Corsola-Galar, M|100/100
|move|p2a: Hawlucha|Swords Dance|p2a: Hawlucha
|-boost|p2a: Hawlucha|atk|2
|
|-weather|none
|-fieldend|move: Electric Terrain
|upkeep
|turn|6
|
|move|p2a: Hawlucha|Acrobatics|p1a: Corsola
|-damage|p1a: Corsola|29/100
|move|p1a: Corsola|Night Shade|p2a: Hawlucha
|-end|p2a: Hawlucha|Substitute
|
|upkeep
|turn|7
|
|move|p2a: Hawlucha|Acrobatics|p1a: Corsola
|-damage|p1a: Corsola|0 fnt
|-start|p2a: Hawlucha|Disable|Acrobatics|[from] ability: Cursed Body|[of] p1a: Corsola
|faint|p1a: Corsola
|
|upkeep
|
|switch|p1a: Ferrothorn|Ferrothorn, M|100/100
|turn|8
|
|move|p1a: Ferrothorn|Protect|p1a: Ferrothorn
|-singleturn|p1a: Ferrothorn|Protect
|move|p2a: Hawlucha|Substitute|p2a: Hawlucha
|-start|p2a: Hawlucha|Substitute
|-damage|p2a: Hawlucha|51/100
|
|upkeep
|turn|9
|
|move|p2a: Hawlucha|Swords Dance|p2a: Hawlucha
|-boost|p2a: Hawlucha|atk|2
|move|p1a: Ferrothorn|Gyro Ball|p2a: Hawlucha
|-end|p2a: Hawlucha|Substitute
|
|upkeep
|turn|10
|
|move|p2a: Hawlucha|Substitute|p2a: Hawlucha
|-start|p2a: Hawlucha|Substitute
|-damage|p2a: Hawlucha|26/100
|move|p1a: Ferrothorn|Gyro Ball|p2a: Hawlucha
|-end|p2a: Hawlucha|Substitute
|
|-end|p2a: Hawlucha|Disable
|upkeep
|turn|11
|
|move|p2a: Hawlucha|Close Combat|p1a: Ferrothorn
|-supereffective|p1a: Ferrothorn
|-damage|p1a: Ferrothorn|0 fnt
|-damage|p2a: Hawlucha|13/100|[from] ability: Iron Barbs|[of] p1a: Ferrothorn
|-unboost|p2a: Hawlucha|def|1
|-unboost|p2a: Hawlucha|spd|1
|faint|p1a: Ferrothorn
|
|upkeep
|
|switch|p1a: Toxapex|Toxapex, M|100/100 par
|turn|12
|
|move|p2a: Hawlucha|Acrobatics|p1a: Toxapex
|-damage|p1a: Toxapex|0 fnt
|faint|p1a: Toxapex
|
|upkeep
|
|switch|p1a: Dragapult|Dragapult, F|100/100
|turn|13
|
|move|p2a: Hawlucha|Acrobatics|p1a: Dragapult
|-damage|p1a: Dragapult|0 fnt
|faint|p1a: Dragapult
|
|upkeep
|
|switch|p1a: Dracovish|Dracovish|100/100
|turn|14
|
|move|p2a: Hawlucha|Acrobatics|p1a: Dracovish
|-damage|p1a: Dracovish|0 fnt
|faint|p1a: Dracovish
|
|upkeep
|
|switch|p1a: Hydreigon|Hydreigon, F|100/100
|turn|15
|
|move|p2a: Hawlucha|Close Combat|p1a: Hydreigon
|-supereffective|p1a: Hydreigon
|-damage|p1a: Hydreigon|0 fnt
|-unboost|p2a: Hawlucha|def|1
|-unboost|p2a: Hawlucha|spd|1
|faint|p1a: Hydreigon
|
|win|Malanaki
|l|☆PMA/Defen
|raw|PMA/Defen's rating: 1183 → 1159(-24 for losing)
|raw|Malanaki's rating: 1192 → 1216(+24 for winning)
