|ScrapeTime|2020-01-01-13:05:53
|j|☆Myaku
|j|☆Enzocroq0508
|player|p1|Myaku|39|1324
|player|p2|Enzocroq0508|ingo|1259
|teamsize|p1|6
|teamsize|p2|6
|gametype|singles
|gen|8
|tier|[Gen 8] OU
|rated|
|rule|Sleep Clause Mod: Limit one foe put to sleep
|rule|Species Clause: Limit one of each Pokémon
|rule|OHKO Clause: OHKO moves are banned
|rule|Evasion Moves Clause: Evasion moves are banned
|rule|Endless Battle Clause: Forcing endless battles is banned
|rule|HP Percentage Mod: HP is shown in percentages
|clearpoke
|poke|p1|Toxtricity, F|
|poke|p1|Hydreigon, M|
|poke|p1|Dragapult, F|
|poke|p1|Excadrill, F|
|poke|p1|Bisharp, F|
|poke|p1|Mimikyu, M|
|poke|p2|Crawdaunt, F|
|poke|p2|Dragapult, M|
|poke|p2|Salazzle, F|
|poke|p2|Hawlucha, M|
|poke|p2|Rotom-Mow|
|poke|p2|Mew|
|rule|Dynamax Clause: You cannot dynamax
|teampreview
|inactive|Battle timer is ON: inactive players will automatically lose when time's up. (requested by Enzocroq0508)
|
|start
|switch|p1a: Hydreigon|Hydreigon, M|100/100
|switch|p2a: Mew|Mew|100/100
|turn|1
|
|move|p1a: Hydreigon|U-turn|p2a: Mew
|-supereffective|p2a: Mew
|-damage|p2a: Mew|68/100
|
|switch|p1a: Bisharp|Bisharp, F|100/100|[from]move: U-turn
|move|p2a: Mew|Thunder Wave|p1a: Bisharp
|-status|p1a: Bisharp|par
|
|upkeep
|turn|2
|
|move|p2a: Mew|Stealth Rock|p1a: Bisharp
|-sidestart|p1: Myaku|move: Stealth Rock
|move|p1a: Bisharp|Throat Chop|p2a: Mew
|-supereffective|p2a: Mew
|-damage|p2a: Mew|0 fnt
|-damage|p1a: Bisharp|91/100 par|[from] item: Life Orb
|faint|p2a: Mew
|
|upkeep
|
|switch|p2a: Hawlucha|Hawlucha, M, shiny|100/100
|turn|3
|
|move|p2a: Hawlucha|Swords Dance|p2a: Hawlucha
|-boost|p2a: Hawlucha|atk|2
|move|p1a: Bisharp|Throat Chop|p2a: Hawlucha
|-resisted|p2a: Hawlucha
|-damage|p2a: Hawlucha|58/100
|-start|p2a: Hawlucha|Throat Chop|[silent]
|-damage|p1a: Bisharp|81/100 par|[from] item: Life Orb
|
|upkeep
|turn|4
|
|cant|p1a: Bisharp|par
|move|p2a: Hawlucha|Close Combat|p1a: Bisharp
|-supereffective|p1a: Bisharp
|-damage|p1a: Bisharp|0 fnt
|-unboost|p2a: Hawlucha|def|1
|-unboost|p2a: Hawlucha|spd|1
|-enditem|p2a: Hawlucha|White Herb
|-clearnegativeboost|p2a: Hawlucha|[silent]
|faint|p1a: Bisharp
|
|-end|p2a: Hawlucha|Throat Chop|[silent]
|upkeep
|
|switch|p1a: Mimikyu|Mimikyu, M|100/100
|-damage|p1a: Mimikyu|88/100|[from] Stealth Rock
|turn|5
|
|move|p2a: Hawlucha|Acrobatics|p1a: Mimikyu
|-activate|p1a: Mimikyu|ability: Disguise
|-damage|p1a: Mimikyu|88/100
|detailschange|p1a: Mimikyu|Mimikyu-Busted, M
|-damage|p1a: Mimikyu|76/100|[from] ability: Disguise|[of] p1a: Mimikyu
|move|p1a: Mimikyu|Play Rough|p2a: Hawlucha
|-supereffective|p2a: Hawlucha
|-damage|p2a: Hawlucha|0 fnt
|-damage|p1a: Mimikyu|66/100|[from] item: Life Orb
|faint|p2a: Hawlucha
|
|upkeep
|
|switch|p2a: Crawdaunt|Crawdaunt, F, shiny|100/100
|turn|6
|
|move|p2a: Crawdaunt|Aqua Jet|p1a: Mimikyu
|-damage|p1a: Mimikyu|4/100
|-damage|p2a: Crawdaunt|91/100|[from] item: Life Orb
|move|p1a: Mimikyu|Play Rough|p2a: Crawdaunt
|-supereffective|p2a: Crawdaunt
|-damage|p2a: Crawdaunt|0 fnt
|-damage|p1a: Mimikyu|0 fnt|[from] item: Life Orb
|faint|p2a: Crawdaunt
|faint|p1a: Mimikyu
|
|upkeep
|
|switch|p1a: Excadrill|Excadrill, F|100/100
|switch|p2a: Dragapult|Dragapult, M|100/100
|-damage|p1a: Excadrill|97/100|[from] Stealth Rock
|-ability|p1a: Excadrill|Mold Breaker
|turn|7
|
|move|p2a: Dragapult|Dragon Darts|p1a: Excadrill
|-resisted|p1a: Excadrill
|-damage|p1a: Excadrill|76/100
|-resisted|p1a: Excadrill
|-damage|p1a: Excadrill|54/100
|-hitcount|p1a: Excadrill|2
|-damage|p2a: Dragapult|91/100|[from] item: Life Orb
|move|p1a: Excadrill|Earthquake|p2a: Dragapult
|-damage|p2a: Dragapult|16/100
|
|upkeep
|turn|8
|
|move|p2a: Dragapult|Dragon Darts|p1a: Excadrill
|-resisted|p1a: Excadrill
|-damage|p1a: Excadrill|31/100
|-resisted|p1a: Excadrill
|-damage|p1a: Excadrill|8/100
|-hitcount|p1a: Excadrill|2
|-damage|p2a: Dragapult|6/100|[from] item: Life Orb
|move|p1a: Excadrill|Earthquake|p2a: Dragapult
|-damage|p2a: Dragapult|0 fnt
|faint|p2a: Dragapult
|
|upkeep
|
|switch|p2a: Salazzle|Salazzle, F, shiny|100/100
|turn|9
|
|move|p2a: Salazzle|Dragon Pulse|p1a: Excadrill
|-resisted|p1a: Excadrill
|-damage|p1a: Excadrill|0 fnt
|-damage|p2a: Salazzle|91/100|[from] item: Life Orb
|faint|p1a: Excadrill
|
|upkeep
|
|switch|p1a: Dragapult|Dragapult, F|100/100
|-damage|p1a: Dragapult|88/100|[from] Stealth Rock
|turn|10
|
|move|p1a: Dragapult|Substitute|p1a: Dragapult
|-start|p1a: Dragapult|Substitute
|-damage|p1a: Dragapult|63/100
|move|p2a: Salazzle|Dragon Pulse|p1a: Dragapult
|-supereffective|p1a: Dragapult
|-end|p1a: Dragapult|Substitute
|-damage|p2a: Salazzle|81/100|[from] item: Life Orb
|
|-heal|p1a: Dragapult|69/100|[from] item: Leftovers
|upkeep
|turn|11
|
|move|p1a: Dragapult|Disable|p2a: Salazzle
|-start|p2a: Salazzle|Disable|Dragon Pulse
|cant|p2a: Salazzle|Disable|Dragon Pulse
|
|-heal|p1a: Dragapult|75/100|[from] item: Leftovers
|upkeep
|turn|12
|
|move|p1a: Dragapult|Dragon Dance|p1a: Dragapult
|-boost|p1a: Dragapult|atk|1
|-boost|p1a: Dragapult|spe|1
|move|p2a: Salazzle|Flamethrower|p1a: Dragapult
|-resisted|p1a: Dragapult
|-damage|p1a: Dragapult|40/100
|-damage|p2a: Salazzle|71/100|[from] item: Life Orb
|
|-heal|p1a: Dragapult|46/100|[from] item: Leftovers
|upkeep
|turn|13
|
|move|p1a: Dragapult|Dragon Dance|p1a: Dragapult
|-boost|p1a: Dragapult|atk|1
|-boost|p1a: Dragapult|spe|1
|move|p2a: Salazzle|Flamethrower|p1a: Dragapult
|-resisted|p1a: Dragapult
|-damage|p1a: Dragapult|7/100
|-damage|p2a: Salazzle|62/100|[from] item: Life Orb
|
|-heal|p1a: Dragapult|13/100|[from] item: Leftovers
|upkeep
|turn|14
|
|move|p1a: Dragapult|Phantom Force||[still]
|-prepare|p1a: Dragapult|Phantom Force|p2a: Salazzle
|move|p2a: Salazzle|Flamethrower|p1a: Dragapult|[miss]
|-miss|p2a: Salazzle|p1a: Dragapult
|
|-heal|p1a: Dragapult|19/100|[from] item: Leftovers
|-end|p2a: Salazzle|Disable
|upkeep
|turn|15
|
|move|p1a: Dragapult|Phantom Force|p2a: Salazzle|[from]lockedmove
|-damage|p2a: Salazzle|0 fnt
|faint|p2a: Salazzle
|
|-heal|p1a: Dragapult|25/100|[from] item: Leftovers
|upkeep
|
|switch|p2a: Rotom|Rotom-Mow, shiny|100/100
|turn|16
|
|move|p1a: Dragapult|Phantom Force||[still]
|-prepare|p1a: Dragapult|Phantom Force|p2a: Rotom
|move|p2a: Rotom|Thunderbolt|p1a: Dragapult|[miss]
|-miss|p2a: Rotom|p1a: Dragapult
|
|-heal|p1a: Dragapult|31/100|[from] item: Leftovers
|upkeep
|turn|17
|
|move|p1a: Dragapult|Phantom Force|p2a: Rotom|[from]lockedmove
|-damage|p2a: Rotom|0 fnt
|faint|p2a: Rotom
|
|win|Myaku
|raw|Myaku's rating: 1324 → 1340(+16 for winning)
|raw|Enzocroq0508's rating: 1259 → 1239(-20 for losing)
|l|☆Enzocroq0508
