|ScrapeTime|2020-01-02-01:08:56
|j|☆AlexHiken
|j|☆Tactician_Musician
|player|p1|AlexHiken|1|1131
|player|p2|Tactician_Musician|ethan|1109
|teamsize|p1|6
|teamsize|p2|6
|gametype|singles
|gen|8
|tier|[Gen 8] OU
|rated|
|rule|Sleep Clause Mod: Limit one foe put to sleep
|rule|Species Clause: Limit one of each Pokémon
|rule|OHKO Clause: OHKO moves are banned
|rule|Evasion Moves Clause: Evasion moves are banned
|rule|Endless Battle Clause: Forcing endless battles is banned
|rule|HP Percentage Mod: HP is shown in percentages
|clearpoke
|poke|p1|Cinderace, M|
|poke|p1|Corviknight, M|
|poke|p1|Dragapult, F|
|poke|p1|Grimmsnarl, M|
|poke|p1|Gengar, M|
|poke|p1|Gastrodon, F|
|poke|p2|Togekiss, F|
|poke|p2|Pyukumuku, M|
|poke|p2|Corsola-Galar, F|
|poke|p2|Bisharp, M|
|poke|p2|Ditto|
|poke|p2|Dragapult, M|
|rule|Dynamax Clause: You cannot dynamax
|teampreview
|inactive|Battle timer is ON: inactive players will automatically lose when time's up. (requested by AlexHiken)
|
|start
|switch|p1a: Cinderace|Cinderace, M|100/100
|switch|p2a: Bisharp|Bisharp, M|100/100
|turn|1
|
|switch|p2a: Pyukumuku|Pyukumuku, M|100/100
|move|p1a: Cinderace|Pyro Ball|p2a: Pyukumuku
|-resisted|p2a: Pyukumuku
|-damage|p2a: Pyukumuku|77/100
|
|-heal|p2a: Pyukumuku|83/100|[from] item: Leftovers
|upkeep
|turn|2
|
|move|p1a: Cinderace|U-turn|p2a: Pyukumuku
|-damage|p2a: Pyukumuku|65/100
|
|switch|p1a: Dragapult|Dragapult, F|100/100|[from]move: U-turn
|move|p2a: Pyukumuku|Substitute|p2a: Pyukumuku
|-start|p2a: Pyukumuku|Substitute
|-damage|p2a: Pyukumuku|40/100
|
|-heal|p2a: Pyukumuku|46/100|[from] item: Leftovers
|upkeep
|turn|3
|
|move|p1a: Dragapult|Thunder|p2a: Pyukumuku
|-supereffective|p2a: Pyukumuku
|-damage|p2a: Pyukumuku|0 fnt
|-damage|p1a: Dragapult|56/100|[from] ability: Innards Out|[of] p2a: Pyukumuku
|faint|p2a: Pyukumuku
|
|upkeep
|
|switch|p2a: Dragapult|Dragapult, M|100/100
|turn|4
|
|switch|p1a: Gastrodon|Gastrodon, F|100/100
|move|p2a: Dragapult|Shadow Ball|p1a: Gastrodon
|-damage|p1a: Gastrodon|59/100
|
|-heal|p1a: Gastrodon|66/100|[from] item: Leftovers
|upkeep
|turn|5
|
|switch|p2a: Corsola|Corsola-Galar, F|100/100
|move|p1a: Gastrodon|Recover|p1a: Gastrodon
|-heal|p1a: Gastrodon|100/100
|
|upkeep
|turn|6
|
|switch|p1a: Gengar|Gengar, M|100/100
|move|p2a: Corsola|Will-O-Wisp|p1a: Gengar
|-status|p1a: Gengar|brn
|
|-damage|p1a: Gengar|94/100 brn|[from] brn
|upkeep
|turn|7
|
|move|p1a: Gengar|Substitute|p1a: Gengar
|-start|p1a: Gengar|Substitute
|-damage|p1a: Gengar|69/100 brn
|move|p2a: Corsola|Strength Sap||[still]
|-fail|p2a: Corsola
|
|-heal|p1a: Gengar|76/100 brn|[from] item: Black Sludge
|-damage|p1a: Gengar|69/100 brn|[from] brn
|upkeep
|turn|8
|
|move|p1a: Gengar|Nasty Plot|p1a: Gengar
|-boost|p1a: Gengar|spa|2
|move|p2a: Corsola|Night Shade|p1a: Gengar
|-end|p1a: Gengar|Substitute
|
|-heal|p1a: Gengar|76/100 brn|[from] item: Black Sludge
|-damage|p1a: Gengar|69/100 brn|[from] brn
|upkeep
|turn|9
|inactive|AlexHiken has 120 seconds left.
|
|move|p1a: Gengar|Substitute|p1a: Gengar
|-start|p1a: Gengar|Substitute
|-damage|p1a: Gengar|45/100 brn
|move|p2a: Corsola|Night Shade|p1a: Gengar
|-end|p1a: Gengar|Substitute
|
|-heal|p1a: Gengar|51/100 brn|[from] item: Black Sludge
|-damage|p1a: Gengar|45/100 brn|[from] brn
|upkeep
|turn|10
|
|move|p1a: Gengar|Dark Pulse|p2a: Corsola
|-supereffective|p2a: Corsola
|-damage|p2a: Corsola|26/100
|move|p2a: Corsola|Night Shade|p1a: Gengar
|-damage|p1a: Gengar|6/100 brn
|
|-heal|p1a: Gengar|12/100 brn|[from] item: Black Sludge
|-damage|p1a: Gengar|6/100 brn|[from] brn
|upkeep
|turn|11
|
|move|p1a: Gengar|Dark Pulse|p2a: Corsola
|-supereffective|p2a: Corsola
|-damage|p2a: Corsola|0 fnt
|faint|p2a: Corsola
|
|-heal|p1a: Gengar|12/100 brn|[from] item: Black Sludge
|-damage|p1a: Gengar|6/100 brn|[from] brn
|upkeep
|
|switch|p2a: Bisharp|Bisharp, M|100/100
|turn|12
|
|move|p1a: Gengar|Dark Pulse|p2a: Bisharp
|-resisted|p2a: Bisharp
|-damage|p2a: Bisharp|51/100
|cant|p2a: Bisharp|flinch
|
|-heal|p1a: Gengar|12/100 brn|[from] item: Black Sludge
|-damage|p1a: Gengar|6/100 brn|[from] brn
|upkeep
|turn|13
|inactive|AlexHiken has 120 seconds left.
|
|move|p1a: Gengar|Dark Pulse|p2a: Bisharp
|-resisted|p2a: Bisharp
|-damage|p2a: Bisharp|3/100
|move|p2a: Bisharp|Swords Dance|p2a: Bisharp
|-boost|p2a: Bisharp|atk|2
|
|-heal|p1a: Gengar|12/100 brn|[from] item: Black Sludge
|-damage|p1a: Gengar|6/100 brn|[from] brn
|upkeep
|turn|14
|
|move|p2a: Bisharp|Sucker Punch|p1a: Gengar
|-supereffective|p1a: Gengar
|-damage|p1a: Gengar|0 fnt
|faint|p1a: Gengar
|
|upkeep
|
|switch|p1a: Grimmsnarl|Grimmsnarl, M|100/100
|turn|15
|
|move|p2a: Bisharp|Sucker Punch|p1a: Grimmsnarl
|-resisted|p1a: Grimmsnarl
|-damage|p1a: Grimmsnarl|73/100
|move|p1a: Grimmsnarl|Spirit Break|p2a: Bisharp
|-damage|p2a: Bisharp|0 fnt
|faint|p2a: Bisharp
|
|upkeep
|
|switch|p2a: Togekiss|Togekiss, F|100/100
|turn|16
|
|move|p1a: Grimmsnarl|Thunder Wave|p2a: Togekiss
|-status|p2a: Togekiss|par
|move|p2a: Togekiss|Substitute|p2a: Togekiss
|-start|p2a: Togekiss|Substitute
|-damage|p2a: Togekiss|76/100 par
|
|-heal|p2a: Togekiss|82/100 par|[from] item: Leftovers
|upkeep
|turn|17
|
|move|p1a: Grimmsnarl|Light Screen|p1a: Grimmsnarl
|-sidestart|p1: AlexHiken|move: Light Screen
|move|p2a: Togekiss|Nasty Plot|p2a: Togekiss
|-boost|p2a: Togekiss|spa|2
|
|-heal|p2a: Togekiss|88/100 par|[from] item: Leftovers
|upkeep
|turn|18
|
|switch|p1a: Cinderace|Cinderace, M|100/100
|move|p2a: Togekiss|Nasty Plot|p2a: Togekiss
|-boost|p2a: Togekiss|spa|2
|
|-heal|p2a: Togekiss|94/100 par|[from] item: Leftovers
|upkeep
|turn|19
|inactive|AlexHiken has 120 seconds left.
|
|move|p1a: Cinderace|Pyro Ball|p2a: Togekiss
|-end|p2a: Togekiss|Substitute
|move|p2a: Togekiss|Air Slash|p1a: Cinderace
|-damage|p1a: Cinderace|18/100
|
|-heal|p2a: Togekiss|99/100 par|[from] item: Leftovers
|upkeep
|turn|20
|
|move|p1a: Cinderace|Pyro Ball|p2a: Togekiss
|-damage|p2a: Togekiss|0 fnt
|faint|p2a: Togekiss
|
|upkeep
|
|switch|p2a: Dragapult|Dragapult, M|100/100
|turn|21
|inactive|AlexHiken has 120 seconds left.
|inactive|AlexHiken has 90 seconds left.
|
|switch|p1a: Gastrodon|Gastrodon, F|100/100
|move|p2a: Dragapult|Shadow Ball|p1a: Gastrodon
|-damage|p1a: Gastrodon|62/100
|
|-heal|p1a: Gastrodon|69/100|[from] item: Leftovers
|upkeep
|turn|22
|inactive|AlexHiken has 60 seconds left.
|
|move|p2a: Dragapult|Shadow Ball|p1a: Gastrodon
|-damage|p1a: Gastrodon|33/100
|move|p1a: Gastrodon|Scald|p2a: Dragapult
|-resisted|p2a: Dragapult
|-damage|p2a: Dragapult|82/100
|
|-heal|p1a: Gastrodon|39/100|[from] item: Leftovers
|upkeep
|turn|23
|
|move|p2a: Dragapult|Shadow Ball|p1a: Gastrodon
|-damage|p1a: Gastrodon|3/100
|-unboost|p1a: Gastrodon|spd|1
|move|p1a: Gastrodon|Recover|p1a: Gastrodon
|-heal|p1a: Gastrodon|53/100
|
|-heal|p1a: Gastrodon|59/100|[from] item: Leftovers
|upkeep
|turn|24
|
|move|p2a: Dragapult|Shadow Ball|p1a: Gastrodon
|-damage|p1a: Gastrodon|2/100
|move|p1a: Gastrodon|Recover|p1a: Gastrodon
|-heal|p1a: Gastrodon|52/100
|
|-heal|p1a: Gastrodon|58/100|[from] item: Leftovers
|-sideend|p1: AlexHiken|move: Light Screen
|upkeep
|turn|25
|
|switch|p1a: Grimmsnarl|Grimmsnarl, M|73/100
|move|p2a: Dragapult|Shadow Ball|p1a: Grimmsnarl
|-resisted|p1a: Grimmsnarl
|-damage|p1a: Grimmsnarl|54/100
|
|upkeep
|turn|26
|
|switch|p2a: Bob|Ditto, shiny|100/100
|-transform|p2a: Bob|p1a: Grimmsnarl|[from] ability: Imposter
|move|p1a: Grimmsnarl|Spirit Break|p2a: Bob
|-supereffective|p2a: Bob
|-damage|p2a: Bob|8/100
|-unboost|p2a: Bob|spa|1
|
|upkeep
|turn|27
|inactive|AlexHiken has 60 seconds left.
|
|move|p1a: Grimmsnarl|Light Screen|p1a: Grimmsnarl
|-sidestart|p1: AlexHiken|move: Light Screen
|move|p2a: Bob|Spirit Break|p1a: Grimmsnarl
|-supereffective|p1a: Grimmsnarl
|-damage|p1a: Grimmsnarl|0 fnt
|faint|p1a: Grimmsnarl
|
|upkeep
|inactive|AlexHiken has 60 seconds left.
|
|switch|p1a: Gastrodon|Gastrodon, F|58/100
|turn|28
|
|move|p2a: Bob|Spirit Break|p1a: Gastrodon
|-damage|p1a: Gastrodon|29/100
|-unboost|p1a: Gastrodon|spa|1
|move|p1a: Gastrodon|Earthquake|p2a: Bob
|-damage|p2a: Bob|0 fnt
|faint|p2a: Bob
|
|-heal|p1a: Gastrodon|35/100|[from] item: Leftovers
|upkeep
|
|switch|p2a: Dragapult|Dragapult, M|82/100
|turn|29
|
|move|p2a: Dragapult|Shadow Ball|p1a: Gastrodon
|-damage|p1a: Gastrodon|0 fnt
|faint|p1a: Gastrodon
|
|upkeep
|
|switch|p1a: Dragapult|Dragapult, F|56/100
|turn|30
|
|move|p2a: Dragapult|Shadow Ball|p1a: Dragapult
|-supereffective|p1a: Dragapult
|-damage|p1a: Dragapult|0 fnt
|faint|p1a: Dragapult
|
|upkeep
|
|switch|p1a: Corviknight|Corviknight, M, shiny|100/100
|-ability|p1a: Corviknight|Pressure
|turn|31
|
|move|p2a: Dragapult|Shadow Ball|p1a: Corviknight
|-damage|p1a: Corviknight|61/100
|-unboost|p1a: Corviknight|spd|1
|move|p1a: Corviknight|Brave Bird|p2a: Dragapult
|-damage|p2a: Dragapult|29/100
|-damage|p1a: Corviknight|47/100|[from] Recoil
|-enditem|p1a: Corviknight|Sitrus Berry|[eat]
|-heal|p1a: Corviknight|72/100|[from] item: Sitrus Berry
|
|upkeep
|turn|32
|
|move|p2a: Dragapult|Shadow Ball|p1a: Corviknight
|-crit|p1a: Corviknight
|-damage|p1a: Corviknight|0 fnt
|faint|p1a: Corviknight
|
|upkeep
|
|switch|p1a: Cinderace|Cinderace, M|18/100
|turn|33
|
|move|p2a: Dragapult|Shadow Ball|p1a: Cinderace
|-damage|p1a: Cinderace|0 fnt
|faint|p1a: Cinderace
|
|win|Tactician_Musician
|raw|AlexHiken's rating: 1131 → 1104(-27 for losing)
|raw|Tactician_Musician's rating: 1109 → 1136(+27 for winning)
