|ScrapeTime|2020-01-01-18:54:26
|j|☆Srdevil
|j|☆georgiethefirst
|player|p1|Srdevil|silver|1434
|player|p2|georgiethefirst|10|1415
|teamsize|p1|6
|teamsize|p2|6
|gametype|singles
|gen|8
|tier|[Gen 8] OU
|rated|
|rule|Sleep Clause Mod: Limit one foe put to sleep
|rule|Species Clause: Limit one of each Pokémon
|rule|OHKO Clause: OHKO moves are banned
|rule|Evasion Moves Clause: Evasion moves are banned
|rule|Endless Battle Clause: Forcing endless battles is banned
|rule|HP Percentage Mod: HP is shown in percentages
|clearpoke
|poke|p1|Hydreigon, M|
|poke|p1|Corviknight, M|
|poke|p1|Seismitoad, M|
|poke|p1|Corsola-Galar, M|
|poke|p1|Hatterene, F|
|poke|p1|Eiscue, M|
|poke|p2|Bisharp, F|
|poke|p2|Pelipper, F|
|poke|p2|Ferrothorn, F|
|poke|p2|Excadrill, F|
|poke|p2|Dracovish|
|poke|p2|Snorlax, M|
|rule|Dynamax Clause: You cannot dynamax
|teampreview
|
|start
|switch|p1a: Seismitoad|Seismitoad, M|100/100
|switch|p2a: Ferrothorn|Ferrothorn, F|100/100
|turn|1
|inactive|Battle timer is ON: inactive players will automatically lose when time's up. (requested by georgiethefirst)
|
|switch|p1a: Hatterene|Hatterene, F|100/100
|move|p2a: Ferrothorn|Leech Seed|p1a: Hatterene
|move|p1a: Hatterene|Leech Seed|p2a: Ferrothorn|[from]Magic Bounce
|-immune|p2a: Ferrothorn
|
|upkeep
|turn|2
|
|switch|p2a: Pelipper|Pelipper, F|100/100
|-weather|RainDance|[from] ability: Drizzle|[of] p2a: Pelipper
|move|p1a: Hatterene|Nuzzle|p2a: Pelipper
|-supereffective|p2a: Pelipper
|-damage|p2a: Pelipper|87/100
|-status|p2a: Pelipper|par
|
|-weather|RainDance|[upkeep]
|upkeep
|turn|3
|
|switch|p2a: Bisharp|Bisharp, F|100/100
|move|p1a: Hatterene|Nuzzle|p2a: Bisharp
|-damage|p2a: Bisharp|96/100
|-status|p2a: Bisharp|par
|
|-weather|RainDance|[upkeep]
|upkeep
|turn|4
|
|cant|p2a: Bisharp|par
|move|p1a: Hatterene|Draining Kiss|p2a: Bisharp
|-damage|p2a: Bisharp|60/100 par
|
|-weather|RainDance|[upkeep]
|upkeep
|turn|5
|
|switch|p1a: Corviknight|Corviknight, M|100/100
|-ability|p1a: Corviknight|Pressure
|move|p2a: Bisharp|Swords Dance|p2a: Bisharp
|-boost|p2a: Bisharp|atk|2
|
|-weather|RainDance|[upkeep]
|upkeep
|turn|6
|
|move|p1a: Corviknight|U-turn|p2a: Bisharp
|-damage|p2a: Bisharp|41/100 par
|
|switch|p1a: Hydreigon|Hydreigon, M|100/100|[from]move: U-turn
|cant|p2a: Bisharp|par
|
|-weather|RainDance|[upkeep]
|upkeep
|turn|7
|
|move|p1a: Hydreigon|Substitute|p1a: Hydreigon
|-start|p1a: Hydreigon|Substitute
|-damage|p1a: Hydreigon|76/100
|move|p2a: Bisharp|Iron Head|p1a: Hydreigon
|-end|p1a: Hydreigon|Substitute
|-damage|p2a: Bisharp|31/100 par|[from] item: Life Orb
|
|-weather|RainDance|[upkeep]
|-heal|p1a: Hydreigon|82/100|[from] item: Leftovers
|upkeep
|turn|8
|-message|georgiethefirst forfeited.
|
|win|Srdevil
|l|☆georgiethefirst
|c|☆Srdevil|Ok gg
|raw|Srdevil's rating: 1434 → 1452(+18 for winning)
|raw|georgiethefirst's rating: 1394 → 1376(-18 for losing)
