|ScrapeTime|2020-01-02-10:05:17
|j|☆nmb46
|j|☆HalozillaEX
|player|p1|nmb46|pokekid|1331
|player|p2|HalozillaEX|130|1367
|teamsize|p1|6
|teamsize|p2|6
|gametype|singles
|gen|8
|tier|[Gen 8] OU
|rated|
|rule|Sleep Clause Mod: Limit one foe put to sleep
|rule|Species Clause: Limit one of each Pokémon
|rule|OHKO Clause: OHKO moves are banned
|rule|Evasion Moves Clause: Evasion moves are banned
|rule|Endless Battle Clause: Forcing endless battles is banned
|rule|HP Percentage Mod: HP is shown in percentages
|clearpoke
|poke|p1|Clefable, M|
|poke|p1|Kommo-o, F|
|poke|p1|Corsola-Galar, F|
|poke|p1|Chandelure, M|
|poke|p1|Bisharp, M|
|poke|p1|Gyarados, F|
|poke|p2|Kommo-o, M|
|poke|p2|Hatterene, F|
|poke|p2|Crawdaunt, M|
|poke|p2|Grimmsnarl, M|
|poke|p2|Gengar, M|
|poke|p2|Obstagoon, M|
|rule|Dynamax Clause: You cannot dynamax
|teampreview
|
|start
|switch|p1a: Clefable|Clefable, M|100/100
|switch|p2a: Obstagoon|Obstagoon, M|100/100
|turn|1
|
|move|p2a: Obstagoon|Knock Off|p1a: Clefable
|-resisted|p1a: Clefable
|-damage|p1a: Clefable|87/100
|-enditem|p1a: Clefable|Leftovers|[from] move: Knock Off|[of] p2a: Obstagoon
|move|p1a: Clefable|Moonblast|p2a: Obstagoon
|-supereffective|p2a: Obstagoon
|-damage|p2a: Obstagoon|32/100
|
|-heal|p2a: Obstagoon|38/100|[from] item: Leftovers
|upkeep
|turn|2
|
|move|p2a: Obstagoon|Parting Shot|p1a: Clefable
|-unboost|p1a: Clefable|atk|1
|-unboost|p1a: Clefable|spa|1
|
|switch|p2a: Grimmsnarl|Grimmsnarl, M|100/100|[from]move: Parting Shot
|move|p1a: Clefable|Moonblast|p2a: Grimmsnarl
|-supereffective|p2a: Grimmsnarl
|-damage|p2a: Grimmsnarl|54/100
|
|upkeep
|turn|3
|
|move|p2a: Grimmsnarl|Light Screen|p2a: Grimmsnarl
|-sidestart|p2: HalozillaEX|move: Light Screen
|move|p1a: Clefable|Calm Mind|p1a: Clefable
|-boost|p1a: Clefable|spa|1
|-boost|p1a: Clefable|spd|1
|
|upkeep
|turn|4
|
|move|p2a: Grimmsnarl|Taunt|p1a: Clefable
|-start|p1a: Clefable|move: Taunt
|move|p1a: Clefable|Moonblast|p2a: Grimmsnarl
|-supereffective|p2a: Grimmsnarl
|-damage|p2a: Grimmsnarl|18/100
|
|upkeep
|turn|5
|
|move|p2a: Grimmsnarl|Reflect|p2a: Grimmsnarl
|-sidestart|p2: HalozillaEX|Reflect
|move|p1a: Clefable|Moonblast|p2a: Grimmsnarl
|-supereffective|p2a: Grimmsnarl
|-damage|p2a: Grimmsnarl|0 fnt
|faint|p2a: Grimmsnarl
|
|upkeep
|
|switch|p2a: Crawdaunt|Crawdaunt, M|100/100
|turn|6
|
|move|p2a: Crawdaunt|Crabhammer|p1a: Clefable
|-damage|p1a: Clefable|0 fnt
|faint|p1a: Clefable
|
|upkeep
|
|switch|p1a: Kommo-o|Kommo-o, F|100/100
|turn|7
|
|move|p1a: Kommo-o|Flash Cannon|p2a: Crawdaunt
|-resisted|p2a: Crawdaunt
|-damage|p2a: Crawdaunt|86/100
|-damage|p1a: Kommo-o|91/100|[from] item: Life Orb
|move|p2a: Crawdaunt|Crabhammer|p1a: Kommo-o
|-resisted|p1a: Kommo-o
|-damage|p1a: Kommo-o|39/100
|
|upkeep
|turn|8
|
|switch|p2a: Gengar|Gengar, M|100/100
|move|p1a: Kommo-o|Clanging Scales|p2a: Gengar
|-damage|p2a: Gengar|47/100
|-unboost|p1a: Kommo-o|def|1
|-damage|p1a: Kommo-o|29/100|[from] item: Life Orb
|
|upkeep
|turn|9
|
|switch|p1a: Bisharp|Bisharp, M|100/100
|move|p2a: Gengar|Shadow Ball|p1a: Bisharp
|-resisted|p1a: Bisharp
|-damage|p1a: Bisharp|65/100
|
|upkeep
|turn|10
|
|switch|p2a: Obstagoon|Obstagoon, M|38/100
|move|p1a: Bisharp|Sucker Punch||[still]
|-fail|p1a: Bisharp
|
|-heal|p2a: Obstagoon|45/100|[from] item: Leftovers
|-sideend|p2: HalozillaEX|move: Light Screen
|upkeep
|turn|11
|
|switch|p1a: Gyarados|Gyarados, F|100/100
|-ability|p1a: Gyarados|Intimidate|boost
|-unboost|p2a: Obstagoon|atk|1
|-ability|p2a: Obstagoon|Defiant
|-boost|p2a: Obstagoon|atk|2
|move|p2a: Obstagoon|Body Press|p1a: Gyarados
|-resisted|p1a: Gyarados
|-damage|p1a: Gyarados|90/100
|
|-heal|p2a: Obstagoon|51/100|[from] item: Leftovers
|-heal|p1a: Gyarados|96/100|[from] item: Leftovers
|upkeep
|turn|12
|
|move|p2a: Obstagoon|Thunder Wave|p1a: Gyarados
|-status|p1a: Gyarados|par
|cant|p1a: Gyarados|par
|
|-heal|p2a: Obstagoon|57/100|[from] item: Leftovers
|-heal|p1a: Gyarados|100/100 par|[from] item: Leftovers
|-sideend|p2: HalozillaEX|Reflect
|upkeep
|turn|13
|
|move|p2a: Obstagoon|Knock Off|p1a: Gyarados
|-damage|p1a: Gyarados|62/100 par
|-enditem|p1a: Gyarados|Leftovers|[from] move: Knock Off|[of] p2a: Obstagoon
|move|p1a: Gyarados|Thunder Wave|p2a: Obstagoon
|-status|p2a: Obstagoon|par
|
|-heal|p2a: Obstagoon|63/100 par|[from] item: Leftovers
|upkeep
|turn|14
|
|cant|p2a: Obstagoon|par
|move|p1a: Gyarados|Waterfall|p2a: Obstagoon
|-damage|p2a: Obstagoon|42/100 par
|
|-heal|p2a: Obstagoon|48/100 par|[from] item: Leftovers
|upkeep
|turn|15
|
|move|p2a: Obstagoon|Parting Shot|p1a: Gyarados
|-unboost|p1a: Gyarados|atk|1
|-unboost|p1a: Gyarados|spa|1
|
|switch|p2a: Kommo-o|Kommo-o, M|100/100|[from]move: Parting Shot
|cant|p1a: Gyarados|par
|
|upkeep
|turn|16
|
|move|p2a: Kommo-o|Clangorous Soul|p2a: Kommo-o
|-boost|p2a: Kommo-o|atk|1
|-boost|p2a: Kommo-o|def|1
|-boost|p2a: Kommo-o|spa|1
|-boost|p2a: Kommo-o|spd|1
|-boost|p2a: Kommo-o|spe|1
|-damage|p2a: Kommo-o|67/100
|-enditem|p2a: Kommo-o|Throat Spray
|-boost|p2a: Kommo-o|spa|1
|cant|p1a: Gyarados|par
|
|upkeep
|turn|17
|
|move|p2a: Kommo-o|Clanging Scales|p1a: Gyarados
|-damage|p1a: Gyarados|0 fnt
|-unboost|p2a: Kommo-o|def|1
|faint|p1a: Gyarados
|
|upkeep
|
|switch|p1a: Corsola|Corsola-Galar, F|100/100
|turn|18
|
|move|p2a: Kommo-o|Clanging Scales|p1a: Corsola
|-damage|p1a: Corsola|36/100
|-unboost|p2a: Kommo-o|def|1
|move|p1a: Corsola|Haze|p1a: Corsola
|-clearallboost
|
|upkeep
|turn|19
|
|move|p2a: Kommo-o|Clanging Scales|p1a: Corsola
|-damage|p1a: Corsola|6/100
|-unboost|p2a: Kommo-o|def|1
|move|p1a: Corsola|Strength Sap|p2a: Kommo-o
|-unboost|p2a: Kommo-o|atk|1
|-heal|p1a: Corsola|85/100
|
|upkeep
|turn|20
|
|move|p2a: Kommo-o|Clangorous Soul|p2a: Kommo-o
|-boost|p2a: Kommo-o|atk|1
|-boost|p2a: Kommo-o|def|1
|-boost|p2a: Kommo-o|spa|1
|-boost|p2a: Kommo-o|spd|1
|-boost|p2a: Kommo-o|spe|1
|-damage|p2a: Kommo-o|34/100
|move|p1a: Corsola|Will-O-Wisp|p2a: Kommo-o
|-status|p2a: Kommo-o|brn
|
|-damage|p2a: Kommo-o|28/100 brn|[from] brn
|upkeep
|turn|21
|
|move|p2a: Kommo-o|Clanging Scales|p1a: Corsola
|-damage|p1a: Corsola|41/100
|-unboost|p2a: Kommo-o|def|1
|move|p1a: Corsola|Haze|p1a: Corsola
|-clearallboost
|
|-damage|p2a: Kommo-o|21/100 brn|[from] brn
|upkeep
|turn|22
|
|switch|p2a: Hatterene|Hatterene, F|100/100
|move|p1a: Corsola|Strength Sap|p2a: Hatterene
|move|p2a: Hatterene|Strength Sap|p1a: Corsola|[from]Magic Bounce
|-unboost|p1a: Corsola|atk|1
|
|upkeep
|turn|23
|
|switch|p1a: Chandelure|Chandelure, M|100/100
|move|p2a: Hatterene|Calm Mind|p2a: Hatterene
|-boost|p2a: Hatterene|spa|1
|-boost|p2a: Hatterene|spd|1
|
|upkeep
|turn|24
|
|move|p1a: Chandelure|Shadow Ball|p2a: Hatterene
|-supereffective|p2a: Hatterene
|-damage|p2a: Hatterene|41/100
|-unboost|p2a: Hatterene|spd|1
|move|p2a: Hatterene|Psychic|p1a: Chandelure
|-damage|p1a: Chandelure|20/100
|
|-heal|p2a: Hatterene|47/100|[from] item: Leftovers
|upkeep
|turn|25
|
|move|p1a: Chandelure|Shadow Ball|p2a: Hatterene
|-supereffective|p2a: Hatterene
|-damage|p2a: Hatterene|0 fnt
|faint|p2a: Hatterene
|
|upkeep
|
|switch|p2a: Obstagoon|Obstagoon, M|48/100 par
|turn|26
|inactive|Battle timer is ON: inactive players will automatically lose when time's up. (requested by HalozillaEX)
|
|switch|p1a: Kommo-o|Kommo-o, F|29/100
|cant|p2a: Obstagoon|par
|
|-heal|p2a: Obstagoon|54/100 par|[from] item: Leftovers
|upkeep
|turn|27
|
|move|p1a: Kommo-o|Clanging Scales|p2a: Obstagoon
|-damage|p2a: Obstagoon|0 fnt
|-unboost|p1a: Kommo-o|def|1
|-damage|p1a: Kommo-o|19/100|[from] item: Life Orb
|faint|p2a: Obstagoon
|
|upkeep
|
|switch|p2a: Gengar|Gengar, M|47/100
|turn|28
|
|move|p2a: Gengar|Shadow Ball|p1a: Kommo-o
|-damage|p1a: Kommo-o|0 fnt
|faint|p1a: Kommo-o
|
|upkeep
|
|switch|p1a: Chandelure|Chandelure, M|20/100
|turn|29
|
|switch|p2a: Crawdaunt|Crawdaunt, M|86/100
|move|p1a: Chandelure|Shadow Ball|p2a: Crawdaunt
|-resisted|p2a: Crawdaunt
|-damage|p2a: Crawdaunt|38/100
|
|upkeep
|turn|30
|
|switch|p1a: Corsola|Corsola-Galar, F|41/100
|move|p2a: Crawdaunt|Aqua Jet|p1a: Corsola
|-damage|p1a: Corsola|15/100
|-start|p2a: Crawdaunt|Disable|Aqua Jet|[from] ability: Cursed Body|[of] p1a: Corsola
|
|upkeep
|turn|31
|
|switch|p2a: Kommo-o|Kommo-o, M|21/100 brn
|move|p1a: Corsola|Strength Sap|p2a: Kommo-o
|-unboost|p2a: Kommo-o|atk|1
|-heal|p1a: Corsola|94/100
|
|-damage|p2a: Kommo-o|15/100 brn|[from] brn
|upkeep
|turn|32
|
|move|p2a: Kommo-o|Clanging Scales|p1a: Corsola
|-damage|p1a: Corsola|63/100
|-start|p2a: Kommo-o|Disable|Clanging Scales|[from] ability: Cursed Body|[of] p1a: Corsola
|-unboost|p2a: Kommo-o|def|1
|move|p1a: Corsola|Stealth Rock|p2a: Kommo-o
|-sidestart|p2: HalozillaEX|move: Stealth Rock
|
|-damage|p2a: Kommo-o|9/100 brn|[from] brn
|upkeep
|turn|33
|inactive|nmb46 has 120 seconds left.
|
|move|p2a: Kommo-o|Flamethrower|p1a: Corsola
|-damage|p1a: Corsola|46/100
|move|p1a: Corsola|Strength Sap|p2a: Kommo-o
|-unboost|p2a: Kommo-o|atk|1
|-heal|p1a: Corsola|99/100
|
|-damage|p2a: Kommo-o|3/100 brn|[from] brn
|upkeep
|turn|34
|inactive|nmb46 has 120 seconds left.
|
|move|p2a: Kommo-o|Flamethrower|p1a: Corsola
|-damage|p1a: Corsola|84/100
|move|p1a: Corsola|Strength Sap|p2a: Kommo-o
|-unboost|p2a: Kommo-o|atk|1
|-heal|p1a: Corsola|100/100
|
|-damage|p2a: Kommo-o|0 fnt|[from] brn
|faint|p2a: Kommo-o
|upkeep
|
|switch|p2a: Crawdaunt|Crawdaunt, M|38/100
|-damage|p2a: Crawdaunt|25/100|[from] Stealth Rock
|turn|35
|inactive|nmb46 has 120 seconds left.
|
|move|p2a: Crawdaunt|Knock Off|p1a: Corsola
|-supereffective|p1a: Corsola
|-damage|p1a: Corsola|0 fnt
|-enditem|p1a: Corsola|Eviolite|[from] move: Knock Off|[of] p2a: Crawdaunt
|faint|p1a: Corsola
|
|upkeep
|inactive|nmb46 has 120 seconds left.
|
|switch|p1a: Chandelure|Chandelure, M|20/100
|turn|36
|
|switch|p2a: Gengar|Gengar, M|47/100
|-damage|p2a: Gengar|35/100|[from] Stealth Rock
|move|p1a: Chandelure|Shadow Ball|p2a: Gengar
|-supereffective|p2a: Gengar
|-damage|p2a: Gengar|0 fnt
|faint|p2a: Gengar
|
|upkeep
|
|switch|p2a: Crawdaunt|Crawdaunt, M|25/100
|-damage|p2a: Crawdaunt|13/100|[from] Stealth Rock
|turn|37
|inactive|nmb46 has 120 seconds left.
|
|move|p2a: Crawdaunt|Aqua Jet|p1a: Chandelure
|-supereffective|p1a: Chandelure
|-damage|p1a: Chandelure|0 fnt
|faint|p1a: Chandelure
|
|upkeep
|inactive|nmb46 has 120 seconds left.
|
|switch|p1a: Bisharp|Bisharp, M|65/100
|turn|38
|
|move|p1a: Bisharp|Sucker Punch|p2a: Crawdaunt
|-resisted|p2a: Crawdaunt
|-damage|p2a: Crawdaunt|0 fnt
|-damage|p1a: Bisharp|55/100|[from] item: Life Orb
|faint|p2a: Crawdaunt
|
|win|nmb46
|raw|nmb46's rating: 1331 → 1353(+22 for winning)
|raw|HalozillaEX's rating: 1367 → 1345(-22 for losing)
|l|☆HalozillaEX
