|ScrapeTime|2020-01-01-18:08:55
|j|☆Haydercito
|j|☆NomAlakon
|player|p1|Haydercito|winona|1061
|player|p2|NomAlakon|flannery|1060
|teamsize|p1|6
|teamsize|p2|6
|gametype|singles
|gen|8
|tier|[Gen 8] OU
|rated|
|rule|Sleep Clause Mod: Limit one foe put to sleep
|rule|Species Clause: Limit one of each Pokémon
|rule|OHKO Clause: OHKO moves are banned
|rule|Evasion Moves Clause: Evasion moves are banned
|rule|Endless Battle Clause: Forcing endless battles is banned
|rule|HP Percentage Mod: HP is shown in percentages
|clearpoke
|poke|p1|Dracozolt|
|poke|p1|Toxapex, F|
|poke|p1|Corviknight, M|
|poke|p1|Grimmsnarl, M|
|poke|p1|Ferrothorn, M|
|poke|p1|Dragapult, M|
|poke|p2|Abomasnow, M|
|poke|p2|Gigalith, F|
|poke|p2|Dracovish|
|poke|p2|Garbodor, F|
|poke|p2|Corsola-Galar, M|
|poke|p2|Centiskorch, M|
|rule|Dynamax Clause: You cannot dynamax
|teampreview
|
|start
|switch|p1a: Doende|Grimmsnarl, M|100/100
|switch|p2a: Gigalith|Gigalith, F|100/100
|turn|1
|
|move|p1a: Doende|Taunt|p2a: Gigalith
|-start|p2a: Gigalith|move: Taunt
|cant|p2a: Gigalith|move: Taunt|Stealth Rock
|
|upkeep
|turn|2
|
|switch|p2a: Garbodor|Garbodor, F|100/100
|move|p1a: Doende|Reflect|p1a: Doende
|-sidestart|p1: Haydercito|Reflect
|
|upkeep
|turn|3
|
|move|p1a: Doende|Light Screen|p1a: Doende
|-sidestart|p1: Haydercito|move: Light Screen
|move|p2a: Garbodor|Gunk Shot|p1a: Doende
|-supereffective|p1a: Doende
|-crit|p1a: Doende
|-damage|p1a: Doende|0 fnt
|faint|p1a: Doende
|
|upkeep
|
|switch|p1a: Ajolote|Dragapult, M|100/100
|turn|4
|
|move|p1a: Ajolote|Draco Meteor|p2a: Garbodor|[miss]
|-miss|p1a: Ajolote|p2a: Garbodor
|move|p2a: Garbodor|Toxic|p1a: Ajolote
|-status|p1a: Ajolote|tox
|
|-damage|p1a: Ajolote|95/100 tox|[from] psn
|upkeep
|turn|5
|c|☆Haydercito|Hax
|
|move|p1a: Ajolote|Draco Meteor|p2a: Garbodor
|-damage|p2a: Garbodor|14/100
|-unboost|p1a: Ajolote|spa|2
|move|p2a: Garbodor|Gunk Shot|p1a: Ajolote|[miss]
|-miss|p2a: Garbodor|p1a: Ajolote
|
|-damage|p1a: Ajolote|83/100 tox|[from] psn
|upkeep
|turn|6
|
|switch|p1a: Uber|Corviknight, M|100/100
|switch|p2a: Gigalith|Gigalith, F|100/100
|
|upkeep
|turn|7
|
|move|p1a: Uber|Iron Head|p2a: Gigalith
|-supereffective|p2a: Gigalith
|-damage|p2a: Gigalith|67/100
|-damage|p1a: Uber|84/100|[from] item: Rocky Helmet|[of] p2a: Gigalith
|move|p2a: Gigalith|Rock Slide|p1a: Uber
|-damage|p1a: Uber|73/100
|
|upkeep
|turn|8
|
|move|p1a: Uber|U-turn|p2a: Gigalith
|-damage|p2a: Gigalith|58/100
|-damage|p1a: Uber|57/100|[from] item: Rocky Helmet|[of] p2a: Gigalith
|
|switch|p1a: T-rex chibiado|Dracozolt|100/100|[from]move: U-turn
|move|p2a: Gigalith|Body Press|p1a: T-rex chibiado
|-damage|p1a: T-rex chibiado|84/100
|
|upkeep
|turn|9
|
|move|p1a: T-rex chibiado|Earthquake|p2a: Gigalith
|-supereffective|p2a: Gigalith
|-damage|p2a: Gigalith|4/100
|move|p2a: Gigalith|Rock Slide|p1a: T-rex chibiado
|-damage|p1a: T-rex chibiado|63/100
|
|-sideend|p1: Haydercito|Reflect
|upkeep
|turn|10
|
|move|p1a: T-rex chibiado|Earthquake|p2a: Gigalith
|-supereffective|p2a: Gigalith
|-damage|p2a: Gigalith|0 fnt
|faint|p2a: Gigalith
|
|-sideend|p1: Haydercito|move: Light Screen
|upkeep
|
|switch|p2a: Corsola|Corsola-Galar, M|100/100
|turn|11
|
|switch|p1a: Pelotas xd|Ferrothorn, M|100/100
|move|p2a: Corsola|Will-O-Wisp|p1a: Pelotas xd
|-status|p1a: Pelotas xd|brn
|
|-damage|p1a: Pelotas xd|95/100 brn|[from] brn
|upkeep
|turn|12
|
|move|p2a: Corsola|Hex|p1a: Pelotas xd
|-damage|p1a: Pelotas xd|63/100 brn
|move|p1a: Pelotas xd|Thunder Wave|p2a: Corsola|[miss]
|-miss|p1a: Pelotas xd|p2a: Corsola
|
|-heal|p1a: Pelotas xd|69/100 brn|[from] item: Leftovers
|-damage|p1a: Pelotas xd|63/100 brn|[from] brn
|upkeep
|turn|13
|
|move|p2a: Corsola|Hex|p1a: Pelotas xd
|-damage|p1a: Pelotas xd|28/100 brn
|move|p1a: Pelotas xd|Thunder Wave|p2a: Corsola
|-status|p2a: Corsola|par
|
|-heal|p1a: Pelotas xd|34/100 brn|[from] item: Leftovers
|-damage|p1a: Pelotas xd|28/100 brn|[from] brn
|upkeep
|turn|14
|
|move|p2a: Corsola|Hex|p1a: Pelotas xd
|-damage|p1a: Pelotas xd|0 fnt
|faint|p1a: Pelotas xd
|
|upkeep
|
|switch|p1a: Ajolote|Dragapult, M|83/100 tox
|turn|15
|
|move|p1a: Ajolote|Shadow Ball|p2a: Corsola
|-supereffective|p2a: Corsola
|-damage|p2a: Corsola|8/100 par
|move|p2a: Corsola|Strength Sap|p1a: Ajolote
|-unboost|p1a: Ajolote|atk|1
|-heal|p2a: Corsola|92/100 par
|
|-damage|p1a: Ajolote|77/100 tox|[from] psn
|upkeep
|turn|16
|
|switch|p2a: Dracovish|Dracovish|100/100
|move|p1a: Ajolote|Shadow Ball|p2a: Dracovish
|-damage|p2a: Dracovish|45/100
|
|-damage|p1a: Ajolote|65/100 tox|[from] psn
|upkeep
|turn|17
|
|move|p2a: Dracovish|Protect|p2a: Dracovish
|-singleturn|p2a: Dracovish|Protect
|move|p1a: Ajolote|Shadow Ball|p2a: Dracovish
|-activate|p2a: Dracovish|move: Protect
|
|-damage|p1a: Ajolote|47/100 tox|[from] psn
|upkeep
|turn|18
|
|move|p2a: Dracovish|Protect||[still]
|-fail|p2a: Dracovish
|move|p1a: Ajolote|Shadow Ball|p2a: Dracovish
|-damage|p2a: Dracovish|0 fnt
|faint|p2a: Dracovish
|
|-damage|p1a: Ajolote|23/100 tox|[from] psn
|upkeep
|
|switch|p2a: GADDA|Abomasnow, M, shiny|100/100
|-weather|Hail|[from] ability: Snow Warning|[of] p2a: GADDA
|turn|19
|
|switch|p1a: Mas espinas|Toxapex, F|100/100
|move|p2a: GADDA|Giga Drain|p1a: Mas espinas
|-damage|p1a: Mas espinas|73/100
|
|-weather|Hail|[upkeep]
|-damage|p1a: Mas espinas|67/100|[from] Hail
|-heal|p1a: Mas espinas|73/100|[from] item: Black Sludge
|upkeep
|turn|20
|
|move|p2a: GADDA|Blizzard|p1a: Mas espinas
|-resisted|p1a: Mas espinas
|-damage|p1a: Mas espinas|53/100
|-status|p1a: Mas espinas|frz
|cant|p1a: Mas espinas|frz
|
|-weather|Hail|[upkeep]
|-damage|p1a: Mas espinas|47/100 frz|[from] Hail
|-heal|p1a: Mas espinas|53/100 frz|[from] item: Black Sludge
|upkeep
|turn|21
|c|☆Haydercito|Hax de mierda que tienes
|
|move|p2a: GADDA|Giga Drain|p1a: Mas espinas
|-damage|p1a: Mas espinas|28/100 frz
|cant|p1a: Mas espinas|frz
|
|-weather|Hail|[upkeep]
|-damage|p1a: Mas espinas|22/100 frz|[from] Hail
|-heal|p1a: Mas espinas|28/100 frz|[from] item: Black Sludge
|upkeep
|turn|22
|
|move|p2a: GADDA|Giga Drain|p1a: Mas espinas
|-damage|p1a: Mas espinas|0 fnt
|faint|p1a: Mas espinas
|
|-weather|Hail|[upkeep]
|upkeep
|
|switch|p1a: T-rex chibiado|Dracozolt|63/100
|turn|23
|
|move|p1a: T-rex chibiado|Fire Fang|p2a: GADDA|[miss]
|-miss|p1a: T-rex chibiado|p2a: GADDA
|move|p2a: GADDA|Blizzard|p1a: T-rex chibiado
|-supereffective|p1a: T-rex chibiado
|-damage|p1a: T-rex chibiado|0 fnt
|faint|p1a: T-rex chibiado
|
|-weather|none
|upkeep
|-message|Haydercito forfeited.
|
|win|NomAlakon
|l|☆Haydercito
|raw|Haydercito's rating: 1062 → 1042(-20 for losing)
|raw|NomAlakon's rating: 1060 → 1091(+31 for winning)
