|ScrapeTime|2020-01-01-14:24:41
|j|☆DabiYtm
|j|☆Vinisius
|player|p1|DabiYtm|102|1170
|player|p2|Vinisius|170|1117
|teamsize|p1|6
|teamsize|p2|6
|gametype|singles
|gen|8
|tier|[Gen 8] OU
|rated|
|rule|Sleep Clause Mod: Limit one foe put to sleep
|rule|Species Clause: Limit one of each Pokémon
|rule|OHKO Clause: OHKO moves are banned
|rule|Evasion Moves Clause: Evasion moves are banned
|rule|Endless Battle Clause: Forcing endless battles is banned
|rule|HP Percentage Mod: HP is shown in percentages
|clearpoke
|poke|p1|Ferrothorn, M|
|poke|p1|Dragapult, M|
|poke|p1|Rotom-Wash|
|poke|p1|Ditto|
|poke|p1|Cinderace, F|
|poke|p1|Grimmsnarl, M|
|poke|p2|Cinderace, F|
|poke|p2|Dracovish|
|poke|p2|Corviknight, M|
|poke|p2|Corsola-Galar, M|
|poke|p2|Dragapult, M|
|poke|p2|Hatterene, F|
|rule|Dynamax Clause: You cannot dynamax
|teampreview
|
|start
|switch|p1a: Ferrothorn|Ferrothorn, M|100/100
|switch|p2a: Cinderace|Cinderace, F|100/100
|turn|1
|
|switch|p1a: Rotom|Rotom-Wash|100/100
|move|p2a: Cinderace|Pyro Ball|p1a: Rotom
|-resisted|p1a: Rotom
|-damage|p1a: Rotom|71/100
|
|upkeep
|turn|2
|
|switch|p2a: Hatterene|Hatterene, F|100/100
|move|p1a: Rotom|Hydro Pump|p2a: Hatterene|[miss]
|-miss|p1a: Rotom|p2a: Hatterene
|
|upkeep
|turn|3
|
|move|p1a: Rotom|Volt Switch|p2a: Hatterene
|-damage|p2a: Hatterene|75/100
|
|switch|p1a: Cinderace|Cinderace, F|100/100|[from]move: Volt Switch
|move|p2a: Hatterene|Calm Mind|p2a: Hatterene
|-boost|p2a: Hatterene|spa|1
|-boost|p2a: Hatterene|spd|1
|
|-heal|p2a: Hatterene|81/100|[from] item: Leftovers
|upkeep
|turn|4
|
|move|p1a: Cinderace|Pyro Ball|p2a: Hatterene
|-damage|p2a: Hatterene|35/100
|move|p2a: Hatterene|Psychic|p1a: Cinderace
|-damage|p1a: Cinderace|16/100
|
|-heal|p2a: Hatterene|41/100|[from] item: Leftovers
|upkeep
|turn|5
|
|move|p1a: Cinderace|Pyro Ball|p2a: Hatterene
|-damage|p2a: Hatterene|0 fnt
|faint|p2a: Hatterene
|
|upkeep
|
|switch|p2a: Dragapult|Dragapult, M|100/100
|turn|6
|
|move|p2a: Dragapult|Thunderbolt|p1a: Cinderace
|-damage|p1a: Cinderace|0 fnt
|faint|p1a: Cinderace
|
|upkeep
|
|switch|p1a: Ferrothorn|Ferrothorn, M|100/100
|turn|7
|
|switch|p2a: Cinderace|Cinderace, F|100/100
|switch|p1a: Rotom|Rotom-Wash|71/100
|
|upkeep
|turn|8
|
|switch|p2a: Dracovish|Dracovish|100/100
|move|p1a: Rotom|Hydro Pump|p2a: Dracovish
|-resisted|p2a: Dracovish
|-damage|p2a: Dracovish|88/100
|
|upkeep
|turn|9
|l|☆Vinisius
|player|p2|
|j|☆Vinisius
|player|p2|Vinisius|170
|inactive|Battle timer is ON: inactive players will automatically lose when time's up. (requested by DabiYtm)
|
|move|p2a: Dracovish|Fishious Rend|p1a: Rotom
|-resisted|p1a: Rotom
|-damage|p1a: Rotom|24/100
|-enditem|p1a: Rotom|Wiki Berry|[eat]
|-heal|p1a: Rotom|56/100|[from] item: Wiki Berry
|move|p1a: Rotom|Will-O-Wisp|p2a: Dracovish
|-status|p2a: Dracovish|brn
|
|-damage|p2a: Dracovish|82/100 brn|[from] brn
|upkeep
|turn|10
|inactive|Vinisius has 120 seconds left.
|
|switch|p2a: Dragapult|Dragapult, M|100/100
|move|p1a: Rotom|Volt Switch|p2a: Dragapult
|-resisted|p2a: Dragapult
|-damage|p2a: Dragapult|82/100
|
|switch|p1a: Ditto|Ditto|100/100|[from]move: Volt Switch
|-transform|p1a: Ditto|p2a: Dragapult|[from] ability: Imposter
|
|upkeep
|turn|11
|inactive|Vinisius has 120 seconds left.
|
|switch|p2a: Corsola|Corsola-Galar, M|100/100
|move|p1a: Ditto|Draco Meteor|p2a: Corsola
|-damage|p2a: Corsola|65/100
|-unboost|p1a: Ditto|spa|2
|
|upkeep
|turn|12
|inactive|Vinisius has 120 seconds left.
|
|switch|p1a: Ferrothorn|Ferrothorn, M|100/100
|move|p2a: Corsola|Stealth Rock|p1a: Ferrothorn
|-sidestart|p1: DabiYtm|move: Stealth Rock
|
|upkeep
|turn|13
|inactive|Vinisius has 120 seconds left.
|
|switch|p2a: Cinderace|Cinderace, F|100/100
|move|p1a: Ferrothorn|Stealth Rock|p2a: Cinderace
|-sidestart|p2: Vinisius|move: Stealth Rock
|
|upkeep
|turn|14
|inactive|Vinisius has 120 seconds left.
|
|switch|p1a: Rotom|Rotom-Wash|56/100
|-damage|p1a: Rotom|44/100|[from] Stealth Rock
|move|p2a: Cinderace|Zen Headbutt|p1a: Rotom
|-damage|p1a: Rotom|18/100
|
|upkeep
|turn|15
|
|move|p2a: Cinderace|Zen Headbutt|p1a: Rotom
|-damage|p1a: Rotom|0 fnt
|faint|p1a: Rotom
|
|upkeep
|
|switch|p1a: Ditto|Ditto|100/100
|-damage|p1a: Ditto|88/100|[from] Stealth Rock
|-transform|p1a: Ditto|p2a: Cinderace|[from] ability: Imposter
|turn|16
|
|move|p1a: Ditto|Gunk Shot|p2a: Cinderace|[miss]
|-miss|p1a: Ditto|p2a: Cinderace
|move|p2a: Cinderace|Zen Headbutt|p1a: Ditto|[miss]
|-miss|p2a: Cinderace|p1a: Ditto
|
|upkeep
|turn|17
|
|move|p1a: Ditto|Gunk Shot|p2a: Cinderace
|-damage|p2a: Cinderace|44/100
|-status|p2a: Cinderace|psn
|move|p2a: Cinderace|Zen Headbutt|p1a: Ditto
|-damage|p1a: Ditto|50/100
|
|-damage|p2a: Cinderace|31/100 psn|[from] psn
|upkeep
|turn|18
|
|switch|p2a: Corviknight|Corviknight, M|100/100
|-damage|p2a: Corviknight|88/100|[from] Stealth Rock
|move|p1a: Ditto|Gunk Shot|p2a: Corviknight
|-immune|p2a: Corviknight
|
|-heal|p2a: Corviknight|94/100|[from] item: Leftovers
|upkeep
|turn|19
|
|switch|p1a: Dragapult|Dragapult, M|100/100
|-damage|p1a: Dragapult|88/100|[from] Stealth Rock
|move|p2a: Corviknight|Brave Bird|p1a: Dragapult
|-damage|p1a: Dragapult|22/100
|-damage|p2a: Corviknight|74/100|[from] Recoil
|
|-heal|p2a: Corviknight|80/100|[from] item: Leftovers
|upkeep
|turn|20
|
|switch|p2a: Dracovish|Dracovish|82/100 brn
|-damage|p2a: Dracovish|70/100 brn|[from] Stealth Rock
|move|p1a: Dragapult|Fire Blast|p2a: Dracovish|[miss]
|-miss|p1a: Dragapult|p2a: Dracovish
|
|-damage|p2a: Dracovish|63/100 brn|[from] brn
|upkeep
|turn|21
|
|switch|p1a: Ferrothorn|Ferrothorn, M|100/100
|-damage|p1a: Ferrothorn|94/100|[from] Stealth Rock
|move|p2a: Dracovish|Ice Fang|p1a: Ferrothorn
|-damage|p1a: Ferrothorn|84/100
|-damage|p2a: Dracovish|51/100 brn|[from] ability: Iron Barbs|[of] p1a: Ferrothorn
|
|-heal|p1a: Ferrothorn|91/100|[from] item: Leftovers
|-damage|p2a: Dracovish|45/100 brn|[from] brn
|upkeep
|turn|22
|
|switch|p2a: Dragapult|Dragapult, M|82/100
|-damage|p2a: Dragapult|69/100|[from] Stealth Rock
|move|p1a: Ferrothorn|Leech Seed|p2a: Dragapult
|-start|p2a: Dragapult|move: Leech Seed
|
|-heal|p1a: Ferrothorn|97/100|[from] item: Leftovers
|-damage|p2a: Dragapult|57/100|[from] Leech Seed|[of] p1a: Ferrothorn
|-heal|p1a: Ferrothorn|100/100|[silent]
|upkeep
|turn|23
|
|switch|p1a: Dragapult|Dragapult, M|22/100
|-damage|p1a: Dragapult|10/100|[from] Stealth Rock
|move|p2a: Dragapult|Flamethrower|p1a: Dragapult
|-resisted|p1a: Dragapult
|-damage|p1a: Dragapult|0 fnt
|faint|p1a: Dragapult
|
|upkeep
|
|switch|p1a: Grimmsnarl|Grimmsnarl, M|100/100
|-damage|p1a: Grimmsnarl|88/100|[from] Stealth Rock
|turn|24
|
|move|p2a: Dragapult|Flamethrower|p1a: Grimmsnarl
|-damage|p1a: Grimmsnarl|57/100
|move|p1a: Grimmsnarl|Darkest Lariat|p2a: Dragapult
|-supereffective|p2a: Dragapult
|-damage|p2a: Dragapult|0 fnt
|-damage|p1a: Grimmsnarl|47/100|[from] item: Life Orb
|faint|p2a: Dragapult
|
|upkeep
|
|switch|p2a: Dracovish|Dracovish|45/100 brn
|-damage|p2a: Dracovish|32/100 brn|[from] Stealth Rock
|turn|25
|
|move|p2a: Dracovish|Leech Life|p1a: Grimmsnarl
|-damage|p1a: Grimmsnarl|34/100
|-heal|p2a: Dracovish|40/100 brn|[from] drain|[of] p1a: Grimmsnarl
|move|p1a: Grimmsnarl|Spirit Break|p2a: Dracovish
|-supereffective|p2a: Dracovish
|-damage|p2a: Dracovish|0 fnt
|-damage|p1a: Grimmsnarl|24/100|[from] item: Life Orb
|faint|p2a: Dracovish
|
|upkeep
|
|switch|p2a: Corviknight|Corviknight, M|80/100
|-damage|p2a: Corviknight|68/100|[from] Stealth Rock
|turn|26
|
|move|p2a: Corviknight|Bulk Up|p2a: Corviknight
|-boost|p2a: Corviknight|atk|1
|-boost|p2a: Corviknight|def|1
|move|p1a: Grimmsnarl|Darkest Lariat|p2a: Corviknight
|-damage|p2a: Corviknight|18/100
|-damage|p1a: Grimmsnarl|14/100|[from] item: Life Orb
|
|-heal|p2a: Corviknight|24/100|[from] item: Leftovers
|upkeep
|turn|27
|
|move|p2a: Corviknight|Iron Head|p1a: Grimmsnarl
|-supereffective|p1a: Grimmsnarl
|-damage|p1a: Grimmsnarl|0 fnt
|faint|p1a: Grimmsnarl
|
|-heal|p2a: Corviknight|30/100|[from] item: Leftovers
|upkeep
|
|switch|p1a: Ferrothorn|Ferrothorn, M|100/100
|-damage|p1a: Ferrothorn|94/100|[from] Stealth Rock
|turn|28
|
|move|p2a: Corviknight|Taunt|p1a: Ferrothorn
|-start|p1a: Ferrothorn|move: Taunt
|cant|p1a: Ferrothorn|move: Taunt|Leech Seed
|
|-heal|p2a: Corviknight|36/100|[from] item: Leftovers
|-heal|p1a: Ferrothorn|100/100|[from] item: Leftovers
|upkeep
|turn|29
|
|switch|p2a: Cinderace|Cinderace, F|31/100 psn
|-damage|p2a: Cinderace|6/100 psn|[from] Stealth Rock
|move|p1a: Ferrothorn|Knock Off|p2a: Cinderace
|-damage|p2a: Cinderace|0 fnt
|-enditem|p2a: Cinderace|Focus Sash|[from] move: Knock Off|[of] p1a: Ferrothorn
|faint|p2a: Cinderace
|
|upkeep
|
|switch|p2a: Corviknight|Corviknight, M|36/100
|-damage|p2a: Corviknight|24/100|[from] Stealth Rock
|turn|30
|
|move|p2a: Corviknight|Brave Bird|p1a: Ferrothorn
|-damage|p1a: Ferrothorn|67/100
|-damage|p2a: Corviknight|11/100|[from] ability: Iron Barbs|[of] p1a: Ferrothorn
|-damage|p2a: Corviknight|0 fnt|[from] Recoil
|faint|p2a: Corviknight
|move|p1a: Ferrothorn|Knock Off|p2: Corviknight|[notarget]
|-fail|p1a: Ferrothorn
|
|-heal|p1a: Ferrothorn|74/100|[from] item: Leftovers
|-end|p1a: Ferrothorn|move: Taunt
|upkeep
|inactive|Vinisius has 120 seconds left.
|l|☆Vinisius
|inactive|Vinisius disconnected and has a minute to reconnect!
|player|p2|
|inactive|Vinisius has 30 seconds to reconnect!
|inactive|Vinisius has 20 seconds to reconnect!
|inactive|Vinisius has 15 seconds to reconnect!
|inactive|Vinisius has 10 seconds to reconnect!
|inactive|Vinisius has 5 seconds to reconnect!
|-message|Vinisius lost due to inactivity.
|
|win|DabiYtm
|raw|DabiYtm's rating: 1170 → 1191(+21 for winning)
|raw|Vinisius's rating: 1117 → 1096(-21 for losing)
