|ScrapeTime|2020-01-01-06:54:50
|j|☆22_da
|j|☆pastagirl
|player|p1|22_da|lady|1383
|player|p2|pastagirl|beauty-gen4dp|1349
|teamsize|p1|6
|teamsize|p2|6
|gametype|singles
|gen|8
|tier|[Gen 8] OU
|rated|
|rule|Sleep Clause Mod: Limit one foe put to sleep
|rule|Species Clause: Limit one of each Pokémon
|rule|OHKO Clause: OHKO moves are banned
|rule|Evasion Moves Clause: Evasion moves are banned
|rule|Endless Battle Clause: Forcing endless battles is banned
|rule|HP Percentage Mod: HP is shown in percentages
|clearpoke
|poke|p1|Sylveon, F|
|poke|p1|Heliolisk, F|
|poke|p1|Corviknight, M|
|poke|p1|Corsola-Galar, M|
|poke|p1|Kommo-o, F|
|poke|p1|Arcanine, M|
|poke|p2|Togekiss, F|
|poke|p2|Mamoswine, F|
|poke|p2|Ferrothorn, F|
|poke|p2|Dracozolt|
|poke|p2|Conkeldurr, M|
|poke|p2|Toxapex, F|
|rule|Dynamax Clause: You cannot dynamax
|teampreview
|inactive|Battle timer is ON: inactive players will automatically lose when time's up. (requested by 22_da)
|inactive|pastagirl has 120 seconds left.
|inactive|pastagirl has 90 seconds left.
|
|start
|switch|p1a: Heliolisk|Heliolisk, F|100/100
|switch|p2a: Dracozolt|Dracozolt|100/100
|turn|1
|
|move|p1a: Heliolisk|Dragon Pulse|p2a: Dracozolt
|-supereffective|p2a: Dracozolt
|-damage|p2a: Dracozolt|6/100
|-damage|p1a: Heliolisk|91/100|[from] item: Life Orb
|move|p2a: Dracozolt|Fire Fang|p1a: Heliolisk|[miss]
|-miss|p2a: Dracozolt|p1a: Heliolisk
|-enditem|p2a: Dracozolt|Blunder Policy
|-boost|p2a: Dracozolt|spe|2
|
|upkeep
|turn|2
|
|switch|p1a: Arcanine|Arcanine, M|100/100
|move|p2a: Dracozolt|Fire Fang|p1a: Arcanine
|-start|p1a: Arcanine|ability: Flash Fire
|
|upkeep
|turn|3
|
|move|p2a: Dracozolt|Bolt Beak|p1a: Arcanine
|-damage|p1a: Arcanine|0 fnt
|faint|p1a: Arcanine
|
|upkeep
|
|switch|p1a: Heliolisk|Heliolisk, F|91/100
|turn|4
|
|move|p2a: Dracozolt|Bolt Beak|p1a: Heliolisk
|-resisted|p1a: Heliolisk
|-damage|p1a: Heliolisk|0 fnt
|faint|p1a: Heliolisk
|
|upkeep
|
|switch|p1a: Kommo-o|Kommo-o, F|100/100
|turn|5
|
|switch|p1a: Corviknight|Corviknight, M|100/100
|move|p2a: Dracozolt|Dragon Claw|p1a: Corviknight
|-resisted|p1a: Corviknight
|-damage|p1a: Corviknight|82/100
|
|-heal|p1a: Corviknight|88/100|[from] item: Leftovers
|upkeep
|turn|6
|
|switch|p1a: Corsola|Corsola-Galar, M, shiny|100/100
|move|p2a: Dracozolt|Bolt Beak|p1a: Corsola
|-damage|p1a: Corsola|9/100
|
|upkeep
|turn|7
|-message|22_da forfeited.
|
|win|pastagirl
|l|☆22_da
|raw|22_da's rating: 1383 → 1361(-22 for losing)
|raw|pastagirl's rating: 1349 → 1371(+22 for winning)
