|ScrapeTime|2020-01-01-08:25:24
|j|☆test the new year
|j|☆Scarfnido
|player|p1|test the new year|mallow|1242
|player|p2|Scarfnido|volkner|1195
|teamsize|p1|6
|teamsize|p2|6
|gametype|singles
|gen|8
|tier|[Gen 8] OU
|rated|
|rule|Sleep Clause Mod: Limit one foe put to sleep
|rule|Species Clause: Limit one of each Pokémon
|rule|OHKO Clause: OHKO moves are banned
|rule|Evasion Moves Clause: Evasion moves are banned
|rule|Endless Battle Clause: Forcing endless battles is banned
|rule|HP Percentage Mod: HP is shown in percentages
|clearpoke
|poke|p1|Kommo-o, F|
|poke|p1|Toxtricity, M|
|poke|p1|Dragapult, F|
|poke|p1|Cinderace, F|
|poke|p1|Obstagoon, M|
|poke|p1|Rillaboom, F|
|poke|p2|Mandibuzz, F|
|poke|p2|Duraludon, M|
|poke|p2|Seismitoad, M|
|poke|p2|Rotom-Heat|
|poke|p2|Bisharp, F|
|poke|p2|Gengar, M|
|rule|Dynamax Clause: You cannot dynamax
|teampreview
|inactive|Battle timer is ON: inactive players will automatically lose when time's up. (requested by test the new year)
|l|☆Scarfnido
|inactive|Scarfnido disconnected and has a minute to reconnect!
|player|p2|
|j|☆Scarfnido
|inactive|Scarfnido reconnected and has 130 seconds left.
|player|p2|Scarfnido|volkner
|
|start
|switch|p1a: Rillaboom|Rillaboom, F|100/100
|switch|p2a: Rotom|Rotom-Heat|100/100
|turn|1
|inactive|Scarfnido has 120 seconds left.
|
|switch|p1a: Kommo-o|Kommo-o, F|100/100
|move|p2a: Rotom|Volt Switch|p1a: Kommo-o
|-resisted|p1a: Kommo-o
|-damage|p1a: Kommo-o|86/100
|
|switch|p2a: Gengar|Gengar, M|100/100|[from]move: Volt Switch
|
|-heal|p1a: Kommo-o|93/100|[from] item: Leftovers
|upkeep
|turn|2
|
|switch|p1a: Cinderace|Cinderace, F|100/100
|move|p2a: Gengar|Sludge Bomb|p1a: Cinderace
|-damage|p1a: Cinderace|38/100
|-status|p1a: Cinderace|psn
|
|-damage|p1a: Cinderace|25/100 psn|[from] psn
|upkeep
|turn|3
|
|switch|p1a: Obstagoon|Obstagoon, M|100/100
|switch|p2a: Seismitoad|Seismitoad, M|100/100
|
|upkeep
|turn|4
|
|move|p1a: Obstagoon|Knock Off|p2a: Seismitoad
|-damage|p2a: Seismitoad|74/100
|-enditem|p2a: Seismitoad|Leftovers|[from] move: Knock Off|[of] p1a: Obstagoon
|move|p2a: Seismitoad|Stealth Rock|p1a: Obstagoon
|-sidestart|p1: test the new year|move: Stealth Rock
|
|upkeep
|turn|5
|inactive|Scarfnido has 120 seconds left.
|
|switch|p1a: Kommo-o|Kommo-o, F|93/100
|-damage|p1a: Kommo-o|86/100|[from] Stealth Rock
|move|p2a: Seismitoad|Toxic|p1a: Kommo-o
|-status|p1a: Kommo-o|tox
|
|-heal|p1a: Kommo-o|93/100 tox|[from] item: Leftovers
|-damage|p1a: Kommo-o|86/100 tox|[from] psn
|upkeep
|turn|6
|inactive|Scarfnido has 120 seconds left.
|inactive|Scarfnido has 90 seconds left.
|
|move|p1a: Kommo-o|Stealth Rock|p2a: Seismitoad
|-sidestart|p2: Scarfnido|move: Stealth Rock
|move|p2a: Seismitoad|Earthquake|p1a: Kommo-o
|-damage|p1a: Kommo-o|67/100 tox
|
|-heal|p1a: Kommo-o|74/100 tox|[from] item: Leftovers
|-damage|p1a: Kommo-o|61/100 tox|[from] psn
|upkeep
|turn|7
|
|move|p1a: Kommo-o|Taunt|p2a: Seismitoad
|-start|p2a: Seismitoad|move: Taunt
|move|p2a: Seismitoad|Earthquake|p1a: Kommo-o
|-damage|p1a: Kommo-o|41/100 tox
|
|-heal|p1a: Kommo-o|47/100 tox|[from] item: Leftovers
|-damage|p1a: Kommo-o|28/100 tox|[from] psn
|upkeep
|turn|8
|
|switch|p1a: Rillaboom|Rillaboom, F|100/100
|-damage|p1a: Rillaboom|88/100|[from] Stealth Rock
|move|p2a: Seismitoad|Earthquake|p1a: Rillaboom
|-resisted|p1a: Rillaboom
|-damage|p1a: Rillaboom|70/100
|
|upkeep
|turn|9
|
|switch|p2a: Rotom|Rotom-Heat|100/100
|move|p1a: Rillaboom|Wood Hammer|p2a: Rotom
|-resisted|p2a: Rotom
|-damage|p2a: Rotom|57/100
|-damage|p1a: Rillaboom|60/100|[from] Recoil
|
|upkeep
|turn|10
|
|switch|p1a: Kommo-o|Kommo-o, F|28/100 tox
|-damage|p1a: Kommo-o|22/100 tox|[from] Stealth Rock
|move|p2a: Rotom|Overheat|p1a: Kommo-o
|-resisted|p1a: Kommo-o
|-damage|p1a: Kommo-o|0 fnt
|-unboost|p2a: Rotom|spa|2
|faint|p1a: Kommo-o
|
|upkeep
|
|switch|p1a: Obstagoon|Obstagoon, M|100/100
|-damage|p1a: Obstagoon|88/100|[from] Stealth Rock
|turn|11
|
|switch|p2a: Mandibuzz|Mandibuzz, F|100/100
|move|p1a: Obstagoon|Knock Off|p2a: Mandibuzz
|-resisted|p2a: Mandibuzz
|-damage|p2a: Mandibuzz|85/100
|-enditem|p2a: Mandibuzz|Heavy-Duty Boots|[from] move: Knock Off|[of] p1a: Obstagoon
|
|upkeep
|turn|12
|
|move|p1a: Obstagoon|Facade|p2a: Mandibuzz
|-damage|p2a: Mandibuzz|61/100
|move|p2a: Mandibuzz|Foul Play|p1a: Obstagoon
|-resisted|p1a: Obstagoon
|-damage|p1a: Obstagoon|70/100
|
|upkeep
|turn|13
|inactive|Scarfnido has 120 seconds left.
|
|move|p1a: Obstagoon|Gunk Shot|p2a: Mandibuzz
|-damage|p2a: Mandibuzz|34/100
|move|p2a: Mandibuzz|Roost|p2a: Mandibuzz
|-heal|p2a: Mandibuzz|84/100
|-singleturn|p2a: Mandibuzz|move: Roost
|
|upkeep
|turn|14
|inactive|Scarfnido has 120 seconds left.
|
|switch|p1a: Toxtricity|Toxtricity, M|100/100
|-damage|p1a: Toxtricity|88/100|[from] Stealth Rock
|move|p2a: Mandibuzz|U-turn|p1a: Toxtricity
|-resisted|p1a: Toxtricity
|-damage|p1a: Toxtricity|79/100
|
|switch|p2a: Seismitoad|Seismitoad, M|74/100|[from]move: U-turn
|-damage|p2a: Seismitoad|68/100|[from] Stealth Rock
|
|upkeep
|turn|15
|
|move|p1a: Toxtricity|Boomburst|p2a: Seismitoad
|-damage|p2a: Seismitoad|0 fnt
|faint|p2a: Seismitoad
|
|upkeep
|
|switch|p2a: Gengar|Gengar, M|100/100
|-damage|p2a: Gengar|88/100|[from] Stealth Rock
|turn|16
|inactive|test the new year has 120 seconds left.
|
|switch|p1a: Dragapult|Dragapult, F|100/100
|-damage|p1a: Dragapult|88/100|[from] Stealth Rock
|move|p2a: Gengar|Shadow Ball|p1a: Dragapult
|-supereffective|p1a: Dragapult
|-damage|p1a: Dragapult|0 fnt
|faint|p1a: Dragapult
|
|-heal|p2a: Gengar|94/100|[from] item: Leftovers
|upkeep
|inactive|test the new year has 120 seconds left.
|
|switch|p1a: Cinderace|Cinderace, F|25/100 psn
|turn|17
|
|move|p1a: Cinderace|Pyro Ball|p2a: Gengar
|-damage|p2a: Gengar|0 fnt
|faint|p2a: Gengar
|
|-damage|p1a: Cinderace|13/100 psn|[from] psn
|upkeep
|inactive|Scarfnido has 120 seconds left.
|
|switch|p2a: Rotom|Rotom-Heat|57/100
|turn|18
|
|move|p1a: Cinderace|High Jump Kick|p2a: Rotom
|-damage|p2a: Rotom|0 fnt
|faint|p2a: Rotom
|
|-damage|p1a: Cinderace|1/100 psn|[from] psn
|upkeep
|inactive|Scarfnido has 120 seconds left.
|
|switch|p2a: Mandibuzz|Mandibuzz, F|84/100
|-damage|p2a: Mandibuzz|59/100|[from] Stealth Rock
|turn|19
|
|move|p1a: Cinderace|Pyro Ball|p2a: Mandibuzz
|-damage|p2a: Mandibuzz|0 fnt
|faint|p2a: Mandibuzz
|
|-damage|p1a: Cinderace|0 fnt|[from] psn
|faint|p1a: Cinderace
|upkeep
|
|switch|p1a: Toxtricity|Toxtricity, M|79/100
|switch|p2a: Duraludon|Duraludon, M|100/100
|-damage|p1a: Toxtricity|67/100|[from] Stealth Rock
|-damage|p2a: Duraludon|94/100|[from] Stealth Rock
|turn|20
|
|move|p1a: Toxtricity|Boomburst|p2a: Duraludon
|-resisted|p2a: Duraludon
|-damage|p2a: Duraludon|26/100
|move|p2a: Duraludon|Flash Cannon|p1a: Toxtricity
|-resisted|p1a: Toxtricity
|-damage|p1a: Toxtricity|16/100
|
|upkeep
|turn|21
|inactive|Scarfnido has 120 seconds left.
|
|move|p1a: Toxtricity|Boomburst|p2a: Duraludon
|-resisted|p2a: Duraludon
|-damage|p2a: Duraludon|0 fnt
|faint|p2a: Duraludon
|
|upkeep
|
|switch|p2a: Bisharp|Bisharp, F|100/100
|-damage|p2a: Bisharp|95/100|[from] Stealth Rock
|turn|22
|inactive|Scarfnido has 120 seconds left.
|
|move|p2a: Bisharp|Sucker Punch|p1a: Toxtricity
|-crit|p1a: Toxtricity
|-damage|p1a: Toxtricity|0 fnt
|-damage|p2a: Bisharp|85/100|[from] item: Life Orb
|faint|p1a: Toxtricity
|
|upkeep
|
|switch|p1a: Rillaboom|Rillaboom, F|60/100
|-damage|p1a: Rillaboom|48/100|[from] Stealth Rock
|turn|23
|inactive|Scarfnido has 120 seconds left.
|
|move|p2a: Bisharp|Sucker Punch|p1a: Rillaboom
|-damage|p1a: Rillaboom|0 fnt
|-damage|p2a: Bisharp|75/100|[from] item: Life Orb
|faint|p1a: Rillaboom
|
|upkeep
|
|switch|p1a: Obstagoon|Obstagoon, M|70/100
|-damage|p1a: Obstagoon|58/100|[from] Stealth Rock
|turn|24
|
|move|p1a: Obstagoon|Close Combat|p2a: Bisharp
|-supereffective|p2a: Bisharp
|-damage|p2a: Bisharp|0 fnt
|-unboost|p1a: Obstagoon|def|1
|-unboost|p1a: Obstagoon|spd|1
|faint|p2a: Bisharp
|
|win|test the new year
|raw|test the new year's rating: 1242 → 1264(+22 for winning)
|raw|Scarfnido's rating: 1195 → 1174(-21 for losing)
|l|☆Scarfnido
