|ScrapeTime|2020-01-02-00:26:27
|j|‽MegaStarUniverse
|j|☆Hayburner
|player|p1|MegaStarUniverse|ethan|1848
|player|p2|Hayburner|1|1820
|teamsize|p1|6
|teamsize|p2|6
|gametype|singles
|gen|8
|tier|[Gen 8] OU
|rated|
|rule|Sleep Clause Mod: Limit one foe put to sleep
|rule|Species Clause: Limit one of each Pokémon
|rule|OHKO Clause: OHKO moves are banned
|rule|Evasion Moves Clause: Evasion moves are banned
|rule|Endless Battle Clause: Forcing endless battles is banned
|rule|HP Percentage Mod: HP is shown in percentages
|clearpoke
|poke|p1|Dragapult, F|
|poke|p1|Bisharp, M|
|poke|p1|Seismitoad, M|
|poke|p1|Corviknight, M|
|poke|p1|Mimikyu, F|
|poke|p1|Hydreigon, F|
|poke|p2|Aegislash, M|
|poke|p2|Rotom-Mow|
|poke|p2|Mandibuzz, F|
|poke|p2|Seismitoad, F|
|poke|p2|Flareon, F|
|poke|p2|Mimikyu, M|
|rule|Dynamax Clause: You cannot dynamax
|teampreview
|inactive|Battle timer is ON: inactive players will automatically lose when time's up. (requested by Hayburner)
|inactive|MegaStarUniverse has 120 seconds left.
|
|start
|switch|p1a: Seismitoad|Seismitoad, M|100/100
|switch|p2a: Rotom|Rotom-Mow|100/100
|turn|1
|
|switch|p1a: Hydreigon|Hydreigon, F|100/100
|move|p2a: Rotom|Leaf Storm|p1a: Hydreigon
|-resisted|p1a: Hydreigon
|-damage|p1a: Hydreigon|65/100
|-unboost|p2a: Rotom|spa|2
|
|upkeep
|turn|2
|
|switch|p2a: Mandibuzz|Mandibuzz, F|100/100
|move|p1a: Hydreigon|U-turn|p2a: Mandibuzz
|-damage|p2a: Mandibuzz|89/100
|
|switch|p1a: Seismitoad|Seismitoad, M|100/100|[from]move: U-turn
|
|upkeep
|turn|3
|
|switch|p2a: Seismitoad|Seismitoad, F|100/100
|move|p1a: Seismitoad|Stealth Rock|p2a: Seismitoad
|-sidestart|p2: Hayburner|move: Stealth Rock
|
|upkeep
|turn|4
|j| TaceBreeze
|j| FU SHUN HA
|
|switch|p1a: Dragapult|Dragapult, F|100/100
|move|p2a: Seismitoad|Toxic|p1a: Dragapult
|-status|p1a: Dragapult|tox
|
|-damage|p1a: Dragapult|95/100 tox|[from] psn
|upkeep
|turn|5
|
|move|p2a: Seismitoad|Protect|p2a: Seismitoad
|-singleturn|p2a: Seismitoad|Protect
|move|p1a: Dragapult|Shadow Ball|p2a: Seismitoad
|-activate|p2a: Seismitoad|move: Protect
|
|-damage|p1a: Dragapult|83/100 tox|[from] psn
|upkeep
|turn|6
|
|switch|p1a: Mimikyu|Mimikyu, F|100/100
|move|p2a: Seismitoad|Stealth Rock|p1a: Mimikyu
|-sidestart|p1: MegaStarUniverse|move: Stealth Rock
|
|upkeep
|turn|7
|
|move|p1a: Mimikyu|Swords Dance|p1a: Mimikyu
|-boost|p1a: Mimikyu|atk|2
|move|p2a: Seismitoad|Toxic|p1a: Mimikyu
|-status|p1a: Mimikyu|tox
|
|-damage|p1a: Mimikyu|95/100 tox|[from] psn
|upkeep
|turn|8
|
|move|p1a: Mimikyu|Swords Dance|p1a: Mimikyu
|-boost|p1a: Mimikyu|atk|2
|move|p2a: Seismitoad|Scald|p1a: Mimikyu
|-crit|p1a: Mimikyu
|-activate|p1a: Mimikyu|ability: Disguise
|-damage|p1a: Mimikyu|95/100 tox
|detailschange|p1a: Mimikyu|Mimikyu-Busted, F
|-damage|p1a: Mimikyu|82/100 tox|[from] ability: Disguise|[of] p1a: Mimikyu
|
|-damage|p1a: Mimikyu|70/100 tox|[from] psn
|upkeep
|turn|9
|j| yoshiguy15
|
|move|p2a: Seismitoad|Protect|p2a: Seismitoad
|-singleturn|p2a: Seismitoad|Protect
|move|p1a: Mimikyu|Play Rough|p2a: Seismitoad
|-activate|p2a: Seismitoad|move: Protect
|
|-damage|p1a: Mimikyu|52/100 tox|[from] psn
|upkeep
|turn|10
|
|switch|p2a: Flareon|Flareon, F|100/100
|move|p1a: Mimikyu|Shadow Claw|p2a: Flareon
|-damage|p2a: Flareon|0 fnt
|-damage|p1a: Mimikyu|42/100 tox|[from] item: Life Orb
|faint|p2a: Flareon
|
|-damage|p1a: Mimikyu|18/100 tox|[from] psn
|upkeep
|
|switch|p2a: Seismitoad|Seismitoad, F|100/100
|-damage|p2a: Seismitoad|94/100|[from] Stealth Rock
|turn|11
|j| Fusako Shigenobu
|
|switch|p1a: Corviknight|Corviknight, M|100/100
|-damage|p1a: Corviknight|88/100|[from] Stealth Rock
|-ability|p1a: Corviknight|Pressure
|move|p2a: Seismitoad|Protect||[still]
|-fail|p2a: Seismitoad
|
|-heal|p2a: Seismitoad|100/100|[from] item: Leftovers
|upkeep
|turn|12
|
|switch|p2a: Aegislash|Aegislash, M|100/100
|-damage|p2a: Aegislash|94/100|[from] Stealth Rock
|move|p1a: Corviknight|Bulk Up|p1a: Corviknight
|-boost|p1a: Corviknight|atk|1
|-boost|p1a: Corviknight|def|1
|
|upkeep
|turn|13
|
|switch|p1a: Mimikyu|Mimikyu-Busted, F|18/100 tox
|-damage|p1a: Mimikyu|6/100 tox|[from] Stealth Rock
|-formechange|p2a: Aegislash|Aegislash-Blade||[from] ability: Stance Change
|move|p2a: Aegislash|Shadow Ball|p1a: Mimikyu
|-supereffective|p1a: Mimikyu
|-damage|p1a: Mimikyu|0 fnt
|faint|p1a: Mimikyu
|
|upkeep
|
|switch|p1a: Bisharp|Bisharp, M|100/100
|-damage|p1a: Bisharp|95/100|[from] Stealth Rock
|turn|14
|
|switch|p2a: Rotom|Rotom-Mow|100/100
|-damage|p2a: Rotom|88/100|[from] Stealth Rock
|move|p1a: Bisharp|Throat Chop|p2a: Rotom
|-damage|p2a: Rotom|10/100
|-start|p2a: Rotom|Throat Chop|[silent]
|-damage|p1a: Bisharp|85/100|[from] item: Life Orb
|
|-heal|p2a: Rotom|16/100|[from] item: Leftovers
|upkeep
|turn|15
|j| machamp stan #50
|l| FU SHUN HA
|j| Hatter's Tea
|
|switch|p1a: Dragapult|Dragapult, F|83/100 tox
|-damage|p1a: Dragapult|70/100 tox|[from] Stealth Rock
|move|p2a: Rotom|Will-O-Wisp||[still]
|-fail|p2a: Rotom
|
|-heal|p2a: Rotom|22/100|[from] item: Leftovers
|-damage|p1a: Dragapult|64/100 tox|[from] psn
|-end|p2a: Rotom|Throat Chop|[silent]
|upkeep
|turn|16
|j| STEPHEN FLORIDA
|
|move|p2a: Rotom|Protect|p2a: Rotom
|-singleturn|p2a: Rotom|Protect
|move|p1a: Dragapult|Thunderbolt|p2a: Rotom
|-activate|p2a: Rotom|move: Protect
|
|-heal|p2a: Rotom|28/100|[from] item: Leftovers
|-damage|p1a: Dragapult|52/100 tox|[from] psn
|upkeep
|turn|17
|j| Pablochu
|inactive|MegaStarUniverse has 120 seconds left.
|
|switch|p1a: Hydreigon|Hydreigon, F|65/100
|-damage|p1a: Hydreigon|53/100|[from] Stealth Rock
|switch|p2a: Seismitoad|Seismitoad, F|100/100
|-damage|p2a: Seismitoad|94/100|[from] Stealth Rock
|
|-heal|p2a: Seismitoad|100/100|[from] item: Leftovers
|upkeep
|turn|18
|inactive|MegaStarUniverse has 120 seconds left.
|
|move|p2a: Seismitoad|Protect|p2a: Seismitoad
|-singleturn|p2a: Seismitoad|Protect
|move|p1a: Hydreigon|Dark Pulse|p2a: Seismitoad
|-activate|p2a: Seismitoad|move: Protect
|
|upkeep
|turn|19
|
|switch|p2a: Mandibuzz|Mandibuzz, F|89/100
|move|p1a: Hydreigon|Dark Pulse|p2a: Mandibuzz
|-resisted|p2a: Mandibuzz
|-damage|p2a: Mandibuzz|77/100
|
|upkeep
|turn|20
|j| PikaFan4
|inactive|MegaStarUniverse has 120 seconds left.
|j| itassis
|j| watr sucks
|
|switch|p1a: Corviknight|Corviknight, M|88/100
|-damage|p1a: Corviknight|76/100|[from] Stealth Rock
|-ability|p1a: Corviknight|Pressure
|move|p2a: Mandibuzz|U-turn|p1a: Corviknight
|-resisted|p1a: Corviknight
|-damage|p1a: Corviknight|73/100
|
|switch|p2a: Aegislash|Aegislash, M|94/100|[from]move: U-turn
|-damage|p2a: Aegislash|88/100|[from] Stealth Rock
|
|upkeep
|turn|21
|j| xmaosxk
|inactive|MegaStarUniverse has 120 seconds left.
|
|switch|p1a: Dragapult|Dragapult, F|52/100 tox
|-damage|p1a: Dragapult|40/100 tox|[from] Stealth Rock
|-formechange|p2a: Aegislash|Aegislash-Blade||[from] ability: Stance Change
|move|p2a: Aegislash|Shadow Ball|p1a: Dragapult
|-supereffective|p1a: Dragapult
|-damage|p1a: Dragapult|0 fnt
|faint|p1a: Dragapult
|
|upkeep
|
|switch|p1a: Bisharp|Bisharp, M|85/100
|-damage|p1a: Bisharp|79/100|[from] Stealth Rock
|turn|22
|
|switch|p2a: Seismitoad|Seismitoad, F|100/100
|-damage|p2a: Seismitoad|94/100|[from] Stealth Rock
|move|p1a: Bisharp|Swords Dance|p1a: Bisharp
|-boost|p1a: Bisharp|atk|2
|
|-heal|p2a: Seismitoad|100/100|[from] item: Leftovers
|upkeep
|turn|23
|j| RedIceV
|inactive|MegaStarUniverse has 90 seconds left.
|
|move|p1a: Bisharp|Swords Dance|p1a: Bisharp
|-boost|p1a: Bisharp|atk|2
|move|p2a: Seismitoad|Scald|p1a: Bisharp
|-damage|p1a: Bisharp|37/100
|
|upkeep
|turn|24
|inactive|MegaStarUniverse has 90 seconds left.
|
|move|p1a: Bisharp|Throat Chop|p2a: Seismitoad
|-damage|p2a: Seismitoad|0 fnt
|-damage|p1a: Bisharp|27/100|[from] item: Life Orb
|faint|p2a: Seismitoad
|
|upkeep
|
|switch|p2a: Mimikyu|Mimikyu, M|100/100
|-damage|p2a: Mimikyu|88/100|[from] Stealth Rock
|turn|25
|inactive|MegaStarUniverse has 90 seconds left.
|inactive|MegaStarUniverse has 60 seconds left.
|
|move|p2a: Mimikyu|Play Rough|p1a: Bisharp
|-damage|p1a: Bisharp|0 fnt
|-damage|p2a: Mimikyu|78/100|[from] item: Life Orb
|faint|p1a: Bisharp
|
|upkeep
|j| No minior in rb
|
|switch|p1a: Seismitoad|Seismitoad, M|100/100
|-damage|p1a: Seismitoad|95/100|[from] Stealth Rock
|turn|26
|j| sceptuan
|
|move|p2a: Mimikyu|Swords Dance|p2a: Mimikyu
|-boost|p2a: Mimikyu|atk|2
|move|p1a: Seismitoad|Scald|p2a: Mimikyu
|-activate|p2a: Mimikyu|ability: Disguise
|-damage|p2a: Mimikyu|78/100
|detailschange|p2a: Mimikyu|Mimikyu-Busted, M
|-damage|p2a: Mimikyu|66/100|[from] ability: Disguise|[of] p2a: Mimikyu
|-damage|p1a: Seismitoad|85/100|[from] item: Life Orb
|
|upkeep
|turn|27
|j| Eltoras
|j| herpasyphillis
|
|move|p2a: Mimikyu|Play Rough|p1a: Seismitoad
|-damage|p1a: Seismitoad|0 fnt
|-damage|p2a: Mimikyu|56/100|[from] item: Life Orb
|faint|p1a: Seismitoad
|
|upkeep
|
|switch|p1a: Hydreigon|Hydreigon, F|53/100
|-damage|p1a: Hydreigon|41/100|[from] Stealth Rock
|turn|28
|
|move|p2a: Mimikyu|Shadow Sneak|p1a: Hydreigon
|-resisted|p1a: Hydreigon
|-damage|p1a: Hydreigon|16/100
|-damage|p2a: Mimikyu|46/100|[from] item: Life Orb
|move|p1a: Hydreigon|Dark Pulse|p2a: Mimikyu
|-damage|p2a: Mimikyu|0 fnt
|faint|p2a: Mimikyu
|
|upkeep
|c|☆Hayburner|u should probably get a life
|
|switch|p2a: Mandibuzz|Mandibuzz, F|77/100
|turn|29
|
|move|p1a: Hydreigon|Dark Pulse|p2a: Mandibuzz
|-resisted|p2a: Mandibuzz
|-damage|p2a: Mandibuzz|64/100
|move|p2a: Mandibuzz|U-turn|p1a: Hydreigon
|-supereffective|p1a: Hydreigon
|-damage|p1a: Hydreigon|0 fnt
|faint|p1a: Hydreigon
|
|switch|p2a: Aegislash|Aegislash, M|88/100|[from]move: U-turn
|-damage|p2a: Aegislash|82/100|[from] Stealth Rock
|
|upkeep
|
|switch|p1a: Corviknight|Corviknight, M|73/100
|-damage|p1a: Corviknight|60/100|[from] Stealth Rock
|-ability|p1a: Corviknight|Pressure
|turn|30
|
|move|p1a: Corviknight|Bulk Up|p1a: Corviknight
|-boost|p1a: Corviknight|atk|1
|-boost|p1a: Corviknight|def|1
|-formechange|p2a: Aegislash|Aegislash-Blade||[from] ability: Stance Change
|move|p2a: Aegislash|Shadow Ball|p1a: Corviknight
|-damage|p1a: Corviknight|0 fnt
|faint|p1a: Corviknight
|
|win|Hayburner
|l|‽MegaStarUniverse
|raw|MegaStarUniverse's rating: 1848 → 1826(-22 for losing)
|raw|Hayburner's rating: 1820 → 1841(+21 for winning)
|l| herpasyphillis
|l| yoshiguy15
|l| STEPHEN FLORIDA
|l| TaceBreeze
|l| Pablochu
|j| spatulakun
|j| TaceBreeze
