|ScrapeTime|2020-01-02-03:15:21
|j|☆Zeus23031
|j|☆stressfulpants4
|player|p1|Zeus23031|224|1077
|player|p2|stressfulpants4|126|1133
|teamsize|p1|6
|teamsize|p2|6
|gametype|singles
|gen|8
|tier|[Gen 8] OU
|rated|
|rule|Sleep Clause Mod: Limit one foe put to sleep
|rule|Species Clause: Limit one of each Pokémon
|rule|OHKO Clause: OHKO moves are banned
|rule|Evasion Moves Clause: Evasion moves are banned
|rule|Endless Battle Clause: Forcing endless battles is banned
|rule|HP Percentage Mod: HP is shown in percentages
|clearpoke
|poke|p1|Dragapult, M|
|poke|p1|Dracovish|
|poke|p1|Cinderace, F|
|poke|p1|Bisharp, M|
|poke|p1|Togekiss, F|
|poke|p1|Toxapex, M|
|poke|p2|Lucario, F|
|poke|p2|Dragapult, M|
|poke|p2|Clefable, M|
|poke|p2|Rotom-Heat|
|poke|p2|Reuniclus, M|
|poke|p2|Mandibuzz, F|
|rule|Dynamax Clause: You cannot dynamax
|teampreview
|inactive|Battle timer is ON: inactive players will automatically lose when time's up. (requested by Zeus23031)
|
|start
|switch|p1a: Dracovish|Dracovish|100/100
|switch|p2a: Rotom|Rotom-Heat|100/100
|turn|1
|c|☆stressfulpants4|Gl hf
|
|move|p1a: Dracovish|Fishious Rend|p2a: Rotom
|-supereffective|p2a: Rotom
|-damage|p2a: Rotom|0 fnt
|faint|p2a: Rotom
|
|upkeep
|
|switch|p2a: Dragon Ballz|Dragapult, M|100/100
|turn|2
|
|move|p2a: Dragon Ballz|Dragon Darts|p1a: Dracovish
|-supereffective|p1a: Dracovish
|-damage|p1a: Dracovish|50/100
|-supereffective|p1a: Dracovish
|-damage|p1a: Dracovish|3/100
|-hitcount|p1a: Dracovish|2
|move|p1a: Dracovish|Fishious Rend|p2a: Dragon Ballz
|-resisted|p2a: Dragon Ballz
|-damage|p2a: Dragon Ballz|73/100
|
|-heal|p2a: Dragon Ballz|79/100|[from] item: Leftovers
|upkeep
|turn|3
|
|move|p2a: Dragon Ballz|Substitute|p2a: Dragon Ballz
|-start|p2a: Dragon Ballz|Substitute
|-damage|p2a: Dragon Ballz|54/100
|move|p1a: Dracovish|Fishious Rend|p2a: Dragon Ballz
|-resisted|p2a: Dragon Ballz
|-activate|p2a: Dragon Ballz|move: Substitute|[damage]
|
|-heal|p2a: Dragon Ballz|60/100|[from] item: Leftovers
|upkeep
|turn|4
|
|move|p2a: Dragon Ballz|Dragon Darts|p1a: Dracovish
|-supereffective|p1a: Dracovish
|-damage|p1a: Dracovish|0 fnt
|-hitcount|p1a: Dracovish|1
|faint|p1a: Dracovish
|
|-heal|p2a: Dragon Ballz|66/100|[from] item: Leftovers
|upkeep
|
|switch|p1a: Togekiss|Togekiss, F, shiny|100/100
|turn|5
|
|move|p2a: Dragon Ballz|Phantom Force||[still]
|-prepare|p2a: Dragon Ballz|Phantom Force|p1a: Togekiss
|move|p1a: Togekiss|Shadow Ball|p2a: Dragon Ballz|[miss]
|-miss|p1a: Togekiss|p2a: Dragon Ballz
|
|-heal|p2a: Dragon Ballz|72/100|[from] item: Leftovers
|upkeep
|turn|6
|
|move|p2a: Dragon Ballz|Phantom Force|p1a: Togekiss|[from]lockedmove
|-damage|p1a: Togekiss|44/100
|move|p1a: Togekiss|Nasty Plot|p1a: Togekiss
|-boost|p1a: Togekiss|spa|2
|
|-heal|p2a: Dragon Ballz|78/100|[from] item: Leftovers
|upkeep
|turn|7
|
|move|p2a: Dragon Ballz|Phantom Force||[still]
|-prepare|p2a: Dragon Ballz|Phantom Force|p1a: Togekiss
|move|p1a: Togekiss|Shadow Ball|p2a: Dragon Ballz|[miss]
|-miss|p1a: Togekiss|p2a: Dragon Ballz
|
|-heal|p2a: Dragon Ballz|84/100|[from] item: Leftovers
|upkeep
|turn|8
|
|move|p2a: Dragon Ballz|Phantom Force|p1a: Togekiss|[from]lockedmove
|-damage|p1a: Togekiss|0 fnt
|faint|p1a: Togekiss
|
|-heal|p2a: Dragon Ballz|90/100|[from] item: Leftovers
|upkeep
|
|switch|p1a: Toxapex|Toxapex, M, shiny|100/100
|turn|9
|
|move|p2a: Dragon Ballz|Dragon Dance|p2a: Dragon Ballz
|-boost|p2a: Dragon Ballz|atk|1
|-boost|p2a: Dragon Ballz|spe|1
|move|p1a: Toxapex|Hex|p2a: Dragon Ballz
|-supereffective|p2a: Dragon Ballz
|-end|p2a: Dragon Ballz|Substitute
|
|-heal|p2a: Dragon Ballz|96/100|[from] item: Leftovers
|upkeep
|turn|10
|
|move|p2a: Dragon Ballz|Substitute|p2a: Dragon Ballz
|-start|p2a: Dragon Ballz|Substitute
|-damage|p2a: Dragon Ballz|71/100
|move|p1a: Toxapex|Haze|p1a: Toxapex
|-clearallboost
|
|-heal|p2a: Dragon Ballz|77/100|[from] item: Leftovers
|upkeep
|turn|11
|
|move|p2a: Dragon Ballz|Dragon Dance|p2a: Dragon Ballz
|-boost|p2a: Dragon Ballz|atk|1
|-boost|p2a: Dragon Ballz|spe|1
|move|p1a: Toxapex|Hex|p2a: Dragon Ballz
|-supereffective|p2a: Dragon Ballz
|-end|p2a: Dragon Ballz|Substitute
|
|-heal|p2a: Dragon Ballz|83/100|[from] item: Leftovers
|upkeep
|turn|12
|
|move|p2a: Dragon Ballz|Phantom Force||[still]
|-prepare|p2a: Dragon Ballz|Phantom Force|p1a: Toxapex
|move|p1a: Toxapex|Haze|p1a: Toxapex
|-clearallboost
|
|-heal|p2a: Dragon Ballz|89/100|[from] item: Leftovers
|upkeep
|turn|13
|
|move|p1a: Toxapex|Baneful Bunker|p1a: Toxapex
|-singleturn|p1a: Toxapex|move: Protect
|move|p2a: Dragon Ballz|Phantom Force|p1a: Toxapex|[from]lockedmove
|-activate|p1a: Toxapex|move: Phantom Force|[broken]
|-crit|p1a: Toxapex
|-damage|p1a: Toxapex|58/100
|
|-heal|p2a: Dragon Ballz|95/100|[from] item: Leftovers
|upkeep
|turn|14
|
|move|p2a: Dragon Ballz|Substitute|p2a: Dragon Ballz
|-start|p2a: Dragon Ballz|Substitute
|-damage|p2a: Dragon Ballz|70/100
|move|p1a: Toxapex|Toxic||[still]
|-fail|p1a: Toxapex
|
|-heal|p2a: Dragon Ballz|76/100|[from] item: Leftovers
|upkeep
|turn|15
|
|move|p2a: Dragon Ballz|Dragon Darts|p1a: Toxapex
|-damage|p1a: Toxapex|40/100
|-damage|p1a: Toxapex|24/100
|-hitcount|p1a: Toxapex|2
|move|p1a: Toxapex|Hex|p2a: Dragon Ballz
|-supereffective|p2a: Dragon Ballz
|-activate|p2a: Dragon Ballz|move: Substitute|[damage]
|
|-heal|p2a: Dragon Ballz|82/100|[from] item: Leftovers
|upkeep
|turn|16
|
|move|p2a: Dragon Ballz|Dragon Dance|p2a: Dragon Ballz
|-boost|p2a: Dragon Ballz|atk|1
|-boost|p2a: Dragon Ballz|spe|1
|move|p1a: Toxapex|Hex|p2a: Dragon Ballz
|-supereffective|p2a: Dragon Ballz
|-end|p2a: Dragon Ballz|Substitute
|
|-heal|p2a: Dragon Ballz|88/100|[from] item: Leftovers
|upkeep
|turn|17
|
|move|p2a: Dragon Ballz|Phantom Force||[still]
|-prepare|p2a: Dragon Ballz|Phantom Force|p1a: Toxapex
|move|p1a: Toxapex|Hex|p2a: Dragon Ballz|[miss]
|-miss|p1a: Toxapex|p2a: Dragon Ballz
|
|-heal|p2a: Dragon Ballz|94/100|[from] item: Leftovers
|upkeep
|turn|18
|
|move|p2a: Dragon Ballz|Phantom Force|p1a: Toxapex|[from]lockedmove
|-damage|p1a: Toxapex|0 fnt
|faint|p1a: Toxapex
|
|-heal|p2a: Dragon Ballz|99/100|[from] item: Leftovers
|upkeep
|
|switch|p1a: Bisharp|Bisharp, M|100/100
|turn|19
|inactive|stressfulpants4 has 120 seconds left.
|
|move|p2a: Dragon Ballz|Substitute|p2a: Dragon Ballz
|-start|p2a: Dragon Ballz|Substitute
|-damage|p2a: Dragon Ballz|75/100
|move|p1a: Bisharp|Swords Dance|p1a: Bisharp
|-boost|p1a: Bisharp|atk|2
|
|-heal|p2a: Dragon Ballz|81/100|[from] item: Leftovers
|upkeep
|turn|20
|inactive|stressfulpants4 has 120 seconds left.
|
|move|p2a: Dragon Ballz|Dragon Darts|p1a: Bisharp
|-resisted|p1a: Bisharp
|-damage|p1a: Bisharp|78/100
|-resisted|p1a: Bisharp
|-damage|p1a: Bisharp|58/100
|-hitcount|p1a: Bisharp|2
|move|p1a: Bisharp|Iron Head|p2a: Dragon Ballz
|-end|p2a: Dragon Ballz|Substitute
|
|-heal|p2a: Dragon Ballz|87/100|[from] item: Leftovers
|upkeep
|turn|21
|inactive|stressfulpants4 has 120 seconds left.
|
|move|p2a: Dragon Ballz|Phantom Force||[still]
|-prepare|p2a: Dragon Ballz|Phantom Force|p1a: Bisharp
|move|p1a: Bisharp|Iron Head|p2a: Dragon Ballz|[miss]
|-miss|p1a: Bisharp|p2a: Dragon Ballz
|
|-heal|p2a: Dragon Ballz|93/100|[from] item: Leftovers
|upkeep
|turn|22
|
|move|p1a: Bisharp|Sucker Punch|p2a: Dragon Ballz|[miss]
|-miss|p1a: Bisharp|p2a: Dragon Ballz
|move|p2a: Dragon Ballz|Phantom Force|p1a: Bisharp|[from]lockedmove
|-resisted|p1a: Bisharp
|-damage|p1a: Bisharp|18/100
|
|-heal|p2a: Dragon Ballz|99/100|[from] item: Leftovers
|upkeep
|turn|23
|
|move|p1a: Bisharp|Sucker Punch||[still]
|-fail|p1a: Bisharp
|move|p2a: Dragon Ballz|Substitute|p2a: Dragon Ballz
|-start|p2a: Dragon Ballz|Substitute
|-damage|p2a: Dragon Ballz|74/100
|
|-heal|p2a: Dragon Ballz|80/100|[from] item: Leftovers
|upkeep
|turn|24
|
|move|p2a: Dragon Ballz|Dragon Darts|p1a: Bisharp
|-resisted|p1a: Bisharp
|-damage|p1a: Bisharp|0 fnt
|-hitcount|p1a: Bisharp|1
|faint|p1a: Bisharp
|
|-heal|p2a: Dragon Ballz|86/100|[from] item: Leftovers
|upkeep
|
|switch|p1a: Dragapult|Dragapult, M|100/100
|turn|25
|
|move|p2a: Dragon Ballz|Dragon Darts|p1a: Dragapult
|-supereffective|p1a: Dragapult
|-damage|p1a: Dragapult|0 fnt
|-hitcount|p1a: Dragapult|1
|faint|p1a: Dragapult
|
|-heal|p2a: Dragon Ballz|92/100|[from] item: Leftovers
|upkeep
|
|switch|p1a: Cinderace|Cinderace, F|100/100
|turn|26
|
|move|p2a: Dragon Ballz|Dragon Dance|p2a: Dragon Ballz
|-boost|p2a: Dragon Ballz|atk|1
|-boost|p2a: Dragon Ballz|spe|1
|move|p1a: Cinderace|Pyro Ball|p2a: Dragon Ballz
|-resisted|p2a: Dragon Ballz
|-end|p2a: Dragon Ballz|Substitute
|
|-heal|p2a: Dragon Ballz|98/100|[from] item: Leftovers
|upkeep
|turn|27
|
|move|p1a: Cinderace|Sucker Punch|p2a: Dragon Ballz
|-supereffective|p2a: Dragon Ballz
|-damage|p2a: Dragon Ballz|26/100
|move|p2a: Dragon Ballz|Dragon Darts|p1a: Cinderace
|-damage|p1a: Cinderace|16/100
|-enditem|p1a: Cinderace|Aguav Berry|[eat]
|-heal|p1a: Cinderace|49/100|[from] item: Aguav Berry
|-damage|p1a: Cinderace|0 fnt
|-hitcount|p1a: Cinderace|2
|faint|p1a: Cinderace
|
|win|stressfulpants4
|c|☆stressfulpants4|Gg wp
|raw|Zeus23031's rating: 1077 → 1059(-18 for losing)
|raw|stressfulpants4's rating: 1133 → 1154(+21 for winning)
|l|☆Zeus23031
