|ScrapeTime|2020-01-01-17:05:04
|j|☆LeviXypher-san
|j|☆caagle
|player|p1|LeviXypher-san|70|1122
|player|p2|caagle|102|1107
|teamsize|p1|6
|teamsize|p2|6
|gametype|singles
|gen|8
|tier|[Gen 8] OU
|rated|
|rule|Sleep Clause Mod: Limit one foe put to sleep
|rule|Species Clause: Limit one of each Pokémon
|rule|OHKO Clause: OHKO moves are banned
|rule|Evasion Moves Clause: Evasion moves are banned
|rule|Endless Battle Clause: Forcing endless battles is banned
|rule|HP Percentage Mod: HP is shown in percentages
|clearpoke
|poke|p1|Toxtricity, F|
|poke|p1|Araquanid, F|
|poke|p1|Rotom-Heat|
|poke|p1|Bisharp, F|
|poke|p1|Runerigus, M|
|poke|p1|Hawlucha, M|
|poke|p2|Pincurchin, M|
|poke|p2|Togekiss, F|
|poke|p2|Hawlucha, F|
|poke|p2|Excadrill, M|
|poke|p2|Dracozolt|
|poke|p2|Seismitoad, M|
|rule|Dynamax Clause: You cannot dynamax
|teampreview
|
|start
|switch|p1a: Araquanid|Araquanid, F|100/100
|switch|p2a: Seismitoad|Seismitoad, M|100/100
|turn|1
|
|move|p2a: Seismitoad|Toxic|p1a: Araquanid|[miss]
|-miss|p2a: Seismitoad|p1a: Araquanid
|move|p1a: Araquanid|Sticky Web|p2a: Seismitoad
|-sidestart|p2: caagle|move: Sticky Web
|
|upkeep
|turn|2
|
|switch|p1a: Runerigus|Runerigus, M|100/100
|move|p2a: Seismitoad|Toxic|p1a: Runerigus
|-status|p1a: Runerigus|tox
|
|-damage|p1a: Runerigus|94/100 tox|[from] psn
|upkeep
|turn|3
|
|move|p2a: Seismitoad|Stealth Rock|p1a: Runerigus
|-sidestart|p1: LeviXypher-san|move: Stealth Rock
|move|p1a: Runerigus|Stealth Rock|p2a: Seismitoad
|-sidestart|p2: caagle|move: Stealth Rock
|
|-heal|p1a: Runerigus|100/100 tox|[from] item: Leftovers
|-damage|p1a: Runerigus|88/100 tox|[from] psn
|upkeep
|turn|4
|
|switch|p2a: Pincurchin|Pincurchin, M|100/100
|-damage|p2a: Pincurchin|88/100|[from] Stealth Rock
|-activate|p2a: Pincurchin|move: Sticky Web
|-unboost|p2a: Pincurchin|spe|1
|-fieldstart|move: Electric Terrain|[from] ability: Electric Surge|[of] p2a: Pincurchin
|move|p1a: Runerigus|Toxic Spikes|p2a: Pincurchin
|-sidestart|p2: caagle|move: Toxic Spikes
|
|-heal|p1a: Runerigus|94/100 tox|[from] item: Leftovers
|-heal|p2a: Pincurchin|94/100|[from] item: Leftovers
|-damage|p1a: Runerigus|75/100 tox|[from] psn
|upkeep
|turn|5
|inactive|Battle timer is ON: inactive players will automatically lose when time's up. (requested by caagle)
|
|switch|p1a: Bisharp|Bisharp, F|100/100
|-damage|p1a: Bisharp|95/100|[from] Stealth Rock
|move|p2a: Pincurchin|Scald|p1a: Bisharp
|-damage|p1a: Bisharp|56/100
|-status|p1a: Bisharp|brn
|
|-heal|p2a: Pincurchin|99/100|[from] item: Leftovers
|-damage|p1a: Bisharp|50/100 brn|[from] brn
|upkeep
|turn|6
|
|move|p1a: Bisharp|Night Slash|p2a: Pincurchin
|-damage|p2a: Pincurchin|73/100
|-damage|p1a: Bisharp|40/100 brn|[from] item: Life Orb
|move|p2a: Pincurchin|Spikes|p1a: Bisharp
|-sidestart|p1: LeviXypher-san|Spikes
|
|-heal|p2a: Pincurchin|79/100|[from] item: Leftovers
|-damage|p1a: Bisharp|34/100 brn|[from] brn
|upkeep
|turn|7
|inactive|LeviXypher-san has 120 seconds left.
|
|move|p1a: Bisharp|Swords Dance|p1a: Bisharp
|-boost|p1a: Bisharp|atk|2
|move|p2a: Pincurchin|Spikes|p1a: Bisharp
|-sidestart|p1: LeviXypher-san|Spikes
|
|-heal|p2a: Pincurchin|85/100|[from] item: Leftovers
|-damage|p1a: Bisharp|29/100 brn|[from] brn
|upkeep
|turn|8
|
|move|p1a: Bisharp|Night Slash|p2a: Pincurchin
|-damage|p2a: Pincurchin|31/100
|-damage|p1a: Bisharp|19/100 brn|[from] item: Life Orb
|move|p2a: Pincurchin|Discharge|p1a: Bisharp
|-damage|p1a: Bisharp|0 fnt
|faint|p1a: Bisharp
|
|-heal|p2a: Pincurchin|37/100|[from] item: Leftovers
|-fieldend|move: Electric Terrain
|upkeep
|inactive|LeviXypher-san has 120 seconds left.
|
|switch|p1a: Toxtricity|Toxtricity, F|100/100
|-damage|p1a: Toxtricity|84/100|[from] Spikes
|-damage|p1a: Toxtricity|72/100|[from] Stealth Rock
|turn|9
|
|switch|p2a: Excadrill|Excadrill, M|100/100
|-damage|p2a: Excadrill|97/100|[from] Stealth Rock
|-ability|p2a: Excadrill|Mold Breaker
|-item|p2a: Excadrill|Air Balloon
|move|p1a: Toxtricity|Boomburst|p2a: Excadrill
|-resisted|p2a: Excadrill
|-damage|p2a: Excadrill|37/100
|-enditem|p2a: Excadrill|Air Balloon
|
|upkeep
|turn|10
|inactive|LeviXypher-san has 120 seconds left.
|
|switch|p1a: Runerigus|Runerigus, M|75/100 tox
|-damage|p1a: Runerigus|69/100 tox|[from] Stealth Rock
|-damage|p1a: Runerigus|53/100 tox|[from] Spikes
|move|p2a: Excadrill|Rapid Spin|p1a: Runerigus
|-immune|p1a: Runerigus
|
|-heal|p1a: Runerigus|59/100 tox|[from] item: Leftovers
|-damage|p1a: Runerigus|53/100 tox|[from] psn
|upkeep
|turn|11
|
|move|p2a: Excadrill|Earthquake|p1a: Runerigus
|-damage|p1a: Runerigus|10/100 tox
|move|p1a: Runerigus|Night Shade|p2a: Excadrill
|-damage|p2a: Excadrill|9/100
|
|-heal|p1a: Runerigus|17/100 tox|[from] item: Leftovers
|-damage|p1a: Runerigus|4/100 tox|[from] psn
|upkeep
|turn|12
|
|move|p2a: Excadrill|Iron Head|p1a: Runerigus
|-crit|p1a: Runerigus
|-damage|p1a: Runerigus|0 fnt
|-activate|p2a: Excadrill|ability: Wandering Spirit|Wandering Spirit|Mold Breaker|[of] p1a: Runerigus
|-ability|p1a: Runerigus|Mold Breaker
|faint|p1a: Runerigus
|
|upkeep
|inactive|LeviXypher-san has 120 seconds left.
|
|switch|p1a: Rotom|Rotom-Heat|100/100
|-damage|p1a: Rotom|76/100|[from] Stealth Rock
|turn|13
|
|move|p1a: Rotom|Shadow Ball|p2a: Excadrill
|-damage|p2a: Excadrill|0 fnt
|faint|p2a: Excadrill
|
|upkeep
|
|switch|p2a: Pincurchin|Pincurchin, M|37/100
|-status|p2a: Pincurchin|psn
|-damage|p2a: Pincurchin|24/100 psn|[from] Stealth Rock
|-activate|p2a: Pincurchin|move: Sticky Web
|-unboost|p2a: Pincurchin|spe|1
|-fieldstart|move: Electric Terrain|[from] ability: Electric Surge|[of] p2a: Pincurchin
|turn|14
|
|move|p1a: Rotom|Shadow Ball|p2a: Pincurchin
|-crit|p2a: Pincurchin
|-damage|p2a: Pincurchin|0 fnt
|faint|p2a: Pincurchin
|
|upkeep
|
|switch|p2a: Hawlucha|Hawlucha, F|100/100
|-damage|p2a: Hawlucha|88/100|[from] Stealth Rock
|-enditem|p2a: Hawlucha|Electric Seed
|-boost|p2a: Hawlucha|def|1
|turn|15
|
|move|p2a: Hawlucha|Swords Dance|p2a: Hawlucha
|-boost|p2a: Hawlucha|atk|2
|move|p1a: Rotom|Shadow Ball|p2a: Hawlucha
|-damage|p2a: Hawlucha|47/100
|
|upkeep
|turn|16
|
|move|p2a: Hawlucha|Roost|p2a: Hawlucha
|-heal|p2a: Hawlucha|97/100
|-singleturn|p2a: Hawlucha|move: Roost
|move|p1a: Rotom|Shadow Ball|p2a: Hawlucha
|-damage|p2a: Hawlucha|58/100
|
|upkeep
|turn|17
|
|move|p2a: Hawlucha|Swords Dance|p2a: Hawlucha
|-boost|p2a: Hawlucha|atk|2
|move|p1a: Rotom|Shadow Ball|p2a: Hawlucha
|-damage|p2a: Hawlucha|18/100
|
|upkeep
|turn|18
|
|move|p2a: Hawlucha|Roost|p2a: Hawlucha
|-heal|p2a: Hawlucha|69/100
|-singleturn|p2a: Hawlucha|move: Roost
|move|p1a: Rotom|Shadow Ball|p2a: Hawlucha
|-damage|p2a: Hawlucha|26/100
|-unboost|p2a: Hawlucha|spd|1
|
|-fieldend|move: Electric Terrain
|upkeep
|turn|19
|
|switch|p1a: Araquanid|Araquanid, F|100/100
|-damage|p1a: Araquanid|84/100|[from] Spikes
|-damage|p1a: Araquanid|59/100|[from] Stealth Rock
|move|p2a: Hawlucha|Close Combat|p1a: Araquanid
|-resisted|p1a: Araquanid
|-damage|p1a: Araquanid|0 fnt
|-unboost|p2a: Hawlucha|def|1
|-unboost|p2a: Hawlucha|spd|1
|faint|p1a: Araquanid
|
|upkeep
|
|switch|p1a: Hawlucha|Hawlucha, M|100/100
|-damage|p1a: Hawlucha|88/100|[from] Stealth Rock
|turn|20
|
|move|p2a: Hawlucha|Acrobatics|p1a: Hawlucha
|-supereffective|p1a: Hawlucha
|-damage|p1a: Hawlucha|0 fnt
|faint|p1a: Hawlucha
|
|upkeep
|
|switch|p1a: Toxtricity|Toxtricity, F|72/100
|-damage|p1a: Toxtricity|55/100|[from] Spikes
|-damage|p1a: Toxtricity|43/100|[from] Stealth Rock
|turn|21
|
|move|p2a: Hawlucha|Acrobatics|p1a: Toxtricity
|-resisted|p1a: Toxtricity
|-damage|p1a: Toxtricity|0 fnt
|faint|p1a: Toxtricity
|
|upkeep
|
|switch|p1a: Rotom|Rotom-Heat|76/100
|-damage|p1a: Rotom|51/100|[from] Stealth Rock
|turn|22
|c|☆caagle|gg dude
|
|move|p2a: Hawlucha|Close Combat|p1a: Rotom
|-damage|p1a: Rotom|0 fnt
|-unboost|p2a: Hawlucha|def|1
|-unboost|p2a: Hawlucha|spd|1
|faint|p1a: Rotom
|
|win|caagle
|l|☆LeviXypher-san
|raw|LeviXypher-san's rating: 1122 → 1096(-26 for losing)
|raw|caagle's rating: 1107 → 1133(+26 for winning)
