|ScrapeTime|2020-01-01-04:55:50
|j|☆ricardow247
|j|☆Wrongfossil
|player|p1|ricardow247|224|1174
|player|p2|Wrongfossil|crasherwake|1195
|teamsize|p1|6
|teamsize|p2|6
|gametype|singles
|gen|8
|tier|[Gen 8] OU
|rated|
|rule|Sleep Clause Mod: Limit one foe put to sleep
|rule|Species Clause: Limit one of each Pokémon
|rule|OHKO Clause: OHKO moves are banned
|rule|Evasion Moves Clause: Evasion moves are banned
|rule|Endless Battle Clause: Forcing endless battles is banned
|rule|HP Percentage Mod: HP is shown in percentages
|clearpoke
|poke|p1|Cinderace, F|
|poke|p1|Corsola-Galar, F|
|poke|p1|Grimmsnarl, M|
|poke|p1|Conkeldurr, M|
|poke|p1|Inteleon, F|
|poke|p1|Goodra, F|
|poke|p2|Roserade, F|
|poke|p2|Centiskorch, M|
|poke|p2|Corviknight, M|
|poke|p2|Gastrodon, M|
|poke|p2|Grimmsnarl, M|
|poke|p2|Throh, M|
|rule|Dynamax Clause: You cannot dynamax
|teampreview
|inactive|Battle timer is ON: inactive players will automatically lose when time's up. (requested by Wrongfossil)
|
|start
|switch|p1a: Inteleon|Inteleon, F|100/100
|switch|p2a: Roserade|Roserade, F|100/100
|turn|1
|
|switch|p1a: Goodra|Goodra, F, shiny|100/100
|move|p2a: Roserade|Sleep Powder|p1a: Goodra|[miss]
|-miss|p2a: Roserade|p1a: Goodra
|-enditem|p2a: Roserade|Blunder Policy
|-boost|p2a: Roserade|spe|2
|
|upkeep
|turn|2
|
|move|p2a: Roserade|Sludge Bomb|p1a: Goodra
|-damage|p1a: Goodra|81/100
|move|p1a: Goodra|Flamethrower|p2a: Roserade
|-supereffective|p2a: Roserade
|-damage|p2a: Roserade|26/100
|
|upkeep
|turn|3
|
|move|p2a: Roserade|Sludge Bomb|p1a: Goodra
|-crit|p1a: Goodra
|-damage|p1a: Goodra|52/100
|-status|p1a: Goodra|psn
|move|p1a: Goodra|Dragon Pulse|p2a: Roserade
|-damage|p2a: Roserade|0 fnt
|faint|p2a: Roserade
|
|-damage|p1a: Goodra|40/100 psn|[from] psn
|upkeep
|inactive|Wrongfossil has 120 seconds left.
|
|switch|p2a: Throh|Throh, M|100/100
|turn|4
|inactive|ricardow247 has 120 seconds left.
|
|switch|p1a: Corsola|Corsola-Galar, F, shiny|100/100
|move|p2a: Throh|Bulk Up|p2a: Throh
|-boost|p2a: Throh|atk|1
|-boost|p2a: Throh|def|1
|
|upkeep
|turn|5
|
|move|p2a: Throh|Bulk Up|p2a: Throh
|-boost|p2a: Throh|atk|1
|-boost|p2a: Throh|def|1
|move|p1a: Corsola|Calm Mind|p1a: Corsola
|-boost|p1a: Corsola|spa|1
|-boost|p1a: Corsola|spd|1
|
|upkeep
|turn|6
|
|move|p2a: Throh|Bulk Up|p2a: Throh
|-boost|p2a: Throh|atk|1
|-boost|p2a: Throh|def|1
|move|p1a: Corsola|Scald|p2a: Throh
|-damage|p2a: Throh|83/100
|
|-heal|p2a: Throh|90/100|[from] item: Leftovers
|upkeep
|turn|7
|
|move|p2a: Throh|Payback|p1a: Corsola
|-supereffective|p1a: Corsola
|-damage|p1a: Corsola|62/100
|move|p1a: Corsola|Calm Mind|p1a: Corsola
|-boost|p1a: Corsola|spa|1
|-boost|p1a: Corsola|spd|1
|
|-heal|p2a: Throh|96/100|[from] item: Leftovers
|upkeep
|turn|8
|
|move|p2a: Throh|Bulk Up|p2a: Throh
|-boost|p2a: Throh|atk|1
|-boost|p2a: Throh|def|1
|move|p1a: Corsola|Strength Sap|p2a: Throh
|-unboost|p2a: Throh|atk|1
|-heal|p1a: Corsola|100/100
|
|-heal|p2a: Throh|100/100|[from] item: Leftovers
|upkeep
|turn|9
|
|move|p2a: Throh|Bulk Up|p2a: Throh
|-boost|p2a: Throh|atk|1
|-boost|p2a: Throh|def|1
|move|p1a: Corsola|Strength Sap|p2a: Throh
|-unboost|p2a: Throh|atk|1
|
|upkeep
|turn|10
|
|move|p2a: Throh|Bulk Up|p2a: Throh
|-boost|p2a: Throh|atk|1
|-boost|p2a: Throh|def|1
|move|p1a: Corsola|Strength Sap|p2a: Throh
|-unboost|p2a: Throh|atk|1
|
|upkeep
|turn|11
|
|move|p2a: Throh|Bulk Up|p2a: Throh
|-boost|p2a: Throh|atk|1
|-boost|p2a: Throh|def|0
|move|p1a: Corsola|Calm Mind|p1a: Corsola
|-boost|p1a: Corsola|spa|1
|-boost|p1a: Corsola|spd|1
|
|upkeep
|turn|12
|
|move|p2a: Throh|Bulk Up|p2a: Throh
|-boost|p2a: Throh|atk|1
|-boost|p2a: Throh|def|0
|move|p1a: Corsola|Strength Sap|p2a: Throh
|-unboost|p2a: Throh|atk|1
|
|upkeep
|turn|13
|
|move|p2a: Throh|Bulk Up|p2a: Throh
|-boost|p2a: Throh|atk|1
|-boost|p2a: Throh|def|0
|move|p1a: Corsola|Strength Sap|p2a: Throh
|-unboost|p2a: Throh|atk|1
|
|upkeep
|turn|14
|
|move|p2a: Throh|Bulk Up|p2a: Throh
|-boost|p2a: Throh|atk|1
|-boost|p2a: Throh|def|0
|move|p1a: Corsola|Calm Mind|p1a: Corsola
|-boost|p1a: Corsola|spa|1
|-boost|p1a: Corsola|spd|1
|
|upkeep
|turn|15
|
|move|p2a: Throh|Payback|p1a: Corsola
|-supereffective|p1a: Corsola
|-damage|p1a: Corsola|39/100
|move|p1a: Corsola|Strength Sap|p2a: Throh
|-unboost|p2a: Throh|atk|1
|-heal|p1a: Corsola|100/100
|
|upkeep
|turn|16
|
|move|p2a: Throh|Thunder Punch|p1a: Corsola
|-crit|p1a: Corsola
|-damage|p1a: Corsola|41/100
|move|p1a: Corsola|Calm Mind|p1a: Corsola
|-boost|p1a: Corsola|spa|1
|-boost|p1a: Corsola|spd|1
|
|upkeep
|turn|17
|
|move|p2a: Throh|Payback|p1a: Corsola
|-supereffective|p1a: Corsola
|-damage|p1a: Corsola|0 fnt
|-start|p2a: Throh|Disable|Payback|[from] ability: Cursed Body|[of] p1a: Corsola
|faint|p1a: Corsola
|
|upkeep
|
|switch|p1a: Inteleon|Inteleon, F|100/100
|turn|18
|
|move|p1a: Inteleon|Air Slash|p2a: Throh|[miss]
|-miss|p1a: Inteleon|p2a: Throh
|move|p2a: Throh|Thunder Punch|p1a: Inteleon
|-supereffective|p1a: Inteleon
|-damage|p1a: Inteleon|0 fnt
|faint|p1a: Inteleon
|
|upkeep
|
|switch|p1a: Cinderace|Cinderace, F|100/100
|turn|19
|
|move|p1a: Cinderace|Pyro Ball|p2a: Throh
|-damage|p2a: Throh|77/100
|move|p2a: Throh|Circle Throw|p1a: Cinderace
|-damage|p1a: Cinderace|0 fnt
|faint|p1a: Cinderace
|
|-heal|p2a: Throh|83/100|[from] item: Leftovers
|upkeep
|
|switch|p1a: Grimmsnarl|Grimmsnarl, M|100/100
|turn|20
|
|move|p1a: Grimmsnarl|Play Rough|p2a: Throh
|-supereffective|p2a: Throh
|-damage|p2a: Throh|55/100
|move|p2a: Throh|Thunder Punch|p1a: Grimmsnarl
|-damage|p1a: Grimmsnarl|8/100
|
|-heal|p1a: Grimmsnarl|14/100|[from] item: Leftovers
|-heal|p2a: Throh|61/100|[from] item: Leftovers
|-end|p2a: Throh|Disable
|upkeep
|turn|21
|
|move|p1a: Grimmsnarl|Thunder Wave|p2a: Throh
|-status|p2a: Throh|par
|cant|p2a: Throh|par
|
|-heal|p1a: Grimmsnarl|21/100|[from] item: Leftovers
|-heal|p2a: Throh|67/100 par|[from] item: Leftovers
|upkeep
|turn|22
|
|move|p1a: Grimmsnarl|Darkest Lariat|p2a: Throh
|-resisted|p2a: Throh
|-damage|p2a: Throh|43/100 par
|move|p2a: Throh|Circle Throw|p1a: Grimmsnarl
|-damage|p1a: Grimmsnarl|0 fnt
|faint|p1a: Grimmsnarl
|
|-heal|p2a: Throh|49/100 par|[from] item: Leftovers
|upkeep
|
|switch|p1a: Conkeldurr|Conkeldurr, M|100/100
|turn|23
|
|move|p1a: Conkeldurr|Earthquake|p2a: Throh
|-damage|p2a: Throh|38/100 par
|move|p2a: Throh|Bulk Up|p2a: Throh
|-boost|p2a: Throh|atk|1
|-boost|p2a: Throh|def|0
|
|-heal|p2a: Throh|44/100 par|[from] item: Leftovers
|upkeep
|turn|24
|
|move|p1a: Conkeldurr|Earthquake|p2a: Throh
|-damage|p2a: Throh|33/100 par
|move|p2a: Throh|Circle Throw|p1a: Conkeldurr
|-damage|p1a: Conkeldurr|0 fnt
|faint|p1a: Conkeldurr
|
|-heal|p2a: Throh|39/100 par|[from] item: Leftovers
|upkeep
|
|switch|p1a: Goodra|Goodra, F, shiny|40/100 psn
|turn|25
|
|move|p1a: Goodra|Dragon Pulse|p2a: Throh
|-damage|p2a: Throh|10/100 par
|move|p2a: Throh|Circle Throw|p1a: Goodra
|-damage|p1a: Goodra|0 fnt
|-ability|p1a: Goodra|Gooey
|-unboost|p2a: Throh|spe|1
|faint|p1a: Goodra
|
|win|Wrongfossil
|raw|ricardow247's rating: 1174 → 1150(-24 for losing)
|raw|Wrongfossil's rating: 1196 → 1219(+23 for winning)
|l|☆ricardow247
