|ScrapeTime|2020-01-02-08:15:06
|j|☆TanteMolly
|j|☆OUTM PLS SAY YES
|player|p1|TanteMolly|gambler|1628
|player|p2|OUTM PLS SAY YES|boarder|1688
|teamsize|p1|6
|teamsize|p2|6
|gametype|singles
|gen|8
|tier|[Gen 8] OU
|rated|
|rule|Sleep Clause Mod: Limit one foe put to sleep
|rule|Species Clause: Limit one of each Pokémon
|rule|OHKO Clause: OHKO moves are banned
|rule|Evasion Moves Clause: Evasion moves are banned
|rule|Endless Battle Clause: Forcing endless battles is banned
|rule|HP Percentage Mod: HP is shown in percentages
|clearpoke
|poke|p1|Mandibuzz, F|
|poke|p1|Cloyster, M|
|poke|p1|Hatterene, F|
|poke|p1|Lucario, F|
|poke|p1|Dugtrio, M|
|poke|p1|Gastrodon, F|
|poke|p2|Hawlucha, F|
|poke|p2|Toxtricity-Low-Key, M|
|poke|p2|Salazzle, F|
|poke|p2|Corsola-Galar, M|
|poke|p2|Hydreigon, F|
|poke|p2|Bisharp, F|
|rule|Dynamax Clause: You cannot dynamax
|teampreview
|inactive|Battle timer is ON: inactive players will automatically lose when time's up. (requested by OUTM PLS SAY YES)
|j| Devon
|
|start
|switch|p1a: Mandibuzz|Mandibuzz, F|100/100
|switch|p2a: Corsola|Corsola-Galar, M|100/100
|turn|1
|
|move|p1a: Mandibuzz|Toxic|p2a: Corsola
|-status|p2a: Corsola|tox
|move|p2a: Corsola|Stealth Rock|p1a: Mandibuzz
|-sidestart|p1: TanteMolly|move: Stealth Rock
|
|-damage|p2a: Corsola|94/100 tox|[from] psn
|upkeep
|turn|2
|
|move|p1a: Mandibuzz|U-turn|p2a: Corsola
|-resisted|p2a: Corsola
|-damage|p2a: Corsola|92/100 tox
|
|switch|p1a: Cloyster|Cloyster, M|100/100|[from]move: U-turn
|-damage|p1a: Cloyster|76/100|[from] Stealth Rock
|move|p2a: Corsola|Will-O-Wisp|p1a: Cloyster
|-status|p1a: Cloyster|brn
|
|-damage|p1a: Cloyster|69/100 brn|[from] brn
|-damage|p2a: Corsola|79/100 tox|[from] psn
|upkeep
|turn|3
|
|switch|p1a: Hatterene|Hatterene, F|100/100
|-damage|p1a: Hatterene|88/100|[from] Stealth Rock
|move|p2a: Corsola|Night Shade|p1a: Hatterene
|-damage|p1a: Hatterene|55/100
|
|-heal|p1a: Hatterene|61/100|[from] item: Leftovers
|-damage|p2a: Corsola|61/100 tox|[from] psn
|upkeep
|turn|4
|
|move|p1a: Hatterene|Giga Drain|p2a: Corsola
|-damage|p2a: Corsola|42/100 tox
|-heal|p1a: Hatterene|71/100|[from] drain|[of] p2a: Corsola
|-start|p1a: Hatterene|Disable|Giga Drain|[from] ability: Cursed Body|[of] p2a: Corsola
|move|p2a: Corsola|Night Shade|p1a: Hatterene
|-damage|p1a: Hatterene|38/100
|
|-heal|p1a: Hatterene|44/100|[from] item: Leftovers
|-damage|p2a: Corsola|17/100 tox|[from] psn
|upkeep
|turn|5
|
|move|p1a: Hatterene|Dazzling Gleam|p2a: Corsola
|-damage|p2a: Corsola|0 fnt
|faint|p2a: Corsola
|
|-heal|p1a: Hatterene|50/100|[from] item: Leftovers
|upkeep
|
|switch|p2a: Bisharp|Bisharp, F, shiny|100/100
|turn|6
|
|move|p2a: Bisharp|Iron Head|p1a: Hatterene
|-supereffective|p1a: Hatterene
|-damage|p1a: Hatterene|0 fnt
|-damage|p2a: Bisharp|91/100|[from] item: Life Orb
|faint|p1a: Hatterene
|
|upkeep
|
|switch|p1a: Gastrodon|Gastrodon, F|100/100
|-damage|p1a: Gastrodon|94/100|[from] Stealth Rock
|turn|7
|
|switch|p2a: Hydreigon|Hydreigon, F|100/100
|move|p1a: Gastrodon|Scald|p2a: Hydreigon
|-resisted|p2a: Hydreigon
|-damage|p2a: Hydreigon|87/100
|
|-heal|p1a: Gastrodon|100/100|[from] item: Leftovers
|upkeep
|turn|8
|
|switch|p1a: Mandibuzz|Mandibuzz, F|100/100
|move|p2a: Hydreigon|U-turn|p1a: Mandibuzz
|-damage|p1a: Mandibuzz|89/100
|
|switch|p2a: Toxtricity|Toxtricity-Low-Key, M|100/100|[from]move: U-turn
|
|upkeep
|turn|9
|
|move|p1a: Mandibuzz|U-turn|p2a: Toxtricity
|-resisted|p2a: Toxtricity
|-damage|p2a: Toxtricity|93/100
|
|switch|p1a: Gastrodon|Gastrodon, F|100/100|[from]move: U-turn
|-damage|p1a: Gastrodon|94/100|[from] Stealth Rock
|move|p2a: Toxtricity|Boomburst|p1a: Gastrodon
|-damage|p1a: Gastrodon|37/100
|
|-heal|p1a: Gastrodon|43/100|[from] item: Leftovers
|upkeep
|turn|10
|inactive|OUTM PLS SAY YES has 120 seconds left.
|
|switch|p1a: Cloyster|Cloyster, M|69/100 brn
|-damage|p1a: Cloyster|44/100 brn|[from] Stealth Rock
|move|p2a: Toxtricity|Boomburst|p1a: Cloyster
|-damage|p1a: Cloyster|0 fnt
|faint|p1a: Cloyster
|
|upkeep
|
|switch|p1a: Dugtrio|Dugtrio, M|100/100
|-damage|p1a: Dugtrio|94/100|[from] Stealth Rock
|turn|11
|inactive|OUTM PLS SAY YES has 120 seconds left.
|
|move|p1a: Dugtrio|Earthquake|p2a: Toxtricity
|-supereffective|p2a: Toxtricity
|-damage|p2a: Toxtricity|0 fnt
|faint|p2a: Toxtricity
|
|upkeep
|inactive|OUTM PLS SAY YES has 120 seconds left.
|
|switch|p2a: Hawlucha|Hawlucha, F|100/100
|turn|12
|
|move|p1a: Dugtrio|Stealth Rock|p2a: Hawlucha
|-sidestart|p2: OUTM PLS SAY YES|move: Stealth Rock
|move|p2a: Hawlucha|Swords Dance|p2a: Hawlucha
|-boost|p2a: Hawlucha|atk|2
|
|upkeep
|turn|13
|
|switch|p1a: Gastrodon|Gastrodon, F|43/100
|-damage|p1a: Gastrodon|37/100|[from] Stealth Rock
|move|p2a: Hawlucha|Substitute|p2a: Hawlucha
|-start|p2a: Hawlucha|Substitute
|-damage|p2a: Hawlucha|75/100
|
|-heal|p1a: Gastrodon|43/100|[from] item: Leftovers
|upkeep
|turn|14
|
|move|p2a: Hawlucha|Brave Bird|p1a: Gastrodon
|-damage|p1a: Gastrodon|0 fnt
|-damage|p2a: Hawlucha|56/100|[from] Recoil
|faint|p1a: Gastrodon
|
|upkeep
|
|switch|p1a: Mandibuzz|Mandibuzz, F|89/100
|turn|15
|
|move|p2a: Hawlucha|Brave Bird|p1a: Mandibuzz
|-crit|p1a: Mandibuzz
|-damage|p1a: Mandibuzz|0 fnt
|-damage|p2a: Hawlucha|15/100|[from] Recoil
|-enditem|p2a: Hawlucha|Sitrus Berry|[eat]
|-heal|p2a: Hawlucha|40/100|[from] item: Sitrus Berry
|faint|p1a: Mandibuzz
|
|upkeep
|
|switch|p1a: Dugtrio|Dugtrio, M|94/100
|-damage|p1a: Dugtrio|88/100|[from] Stealth Rock
|turn|16
|
|move|p1a: Dugtrio|Sucker Punch|p2a: Hawlucha
|-resisted|p2a: Hawlucha
|-activate|p2a: Hawlucha|move: Substitute|[damage]
|move|p2a: Hawlucha|Close Combat|p1a: Dugtrio
|-damage|p1a: Dugtrio|0 fnt
|-unboost|p2a: Hawlucha|def|1
|-unboost|p2a: Hawlucha|spd|1
|faint|p1a: Dugtrio
|
|upkeep
|
|switch|p1a: Lucario|Lucario, F|100/100
|-damage|p1a: Lucario|98/100|[from] Stealth Rock
|turn|17
|-message|TanteMolly forfeited.
|
|win|OUTM PLS SAY YES
|l|☆TanteMolly
|raw|TanteMolly's rating: 1628 → 1611(-17 for losing)
|raw|OUTM PLS SAY YES's rating: 1688 → 1705(+17 for winning)
|l|☆OUTM PLS SAY YES
