|ScrapeTime|2020-01-02-02:05:48
|j|☆Ms Sticky Fingers
|j|☆decaythedemon
|player|p1|Ms Sticky Fingers|cynthia|1084
|player|p2|decaythedemon|will|1081
|teamsize|p1|6
|teamsize|p2|6
|gametype|singles
|gen|8
|tier|[Gen 8] OU
|rated|
|rule|Sleep Clause Mod: Limit one foe put to sleep
|rule|Species Clause: Limit one of each Pokémon
|rule|OHKO Clause: OHKO moves are banned
|rule|Evasion Moves Clause: Evasion moves are banned
|rule|Endless Battle Clause: Forcing endless battles is banned
|rule|HP Percentage Mod: HP is shown in percentages
|clearpoke
|poke|p1|Hawlucha, F|
|poke|p1|Galvantula, M|
|poke|p1|Tsareena, F|
|poke|p1|Polteageist|
|poke|p1|Falinks|
|poke|p1|Golisopod, F|
|poke|p2|Appletun, F|
|poke|p2|Corsola-Galar, M|
|poke|p2|Dracovish|
|poke|p2|Arctozolt|
|poke|p2|Runerigus, F|
|poke|p2|Eiscue, F|
|rule|Dynamax Clause: You cannot dynamax
|teampreview
|c|☆decaythedemon|gl hf friend
|c|☆Ms Sticky Fingers|okay
|
|start
|switch|p1a: Gilgamesh|Galvantula, M, shiny|100/100
|switch|p2a: nail|Arctozolt|100/100
|turn|1
|
|move|p1a: Gilgamesh|Sticky Web|p2a: nail
|-sidestart|p2: decaythedemon|move: Sticky Web
|move|p2a: nail|Rock Tomb|p1a: Gilgamesh
|-supereffective|p1a: Gilgamesh
|-damage|p1a: Gilgamesh|34/100
|-unboost|p1a: Gilgamesh|spe|1
|
|upkeep
|turn|2
|
|switch|p1a: Ishtar|Tsareena, F|100/100
|move|p2a: nail|Rock Tomb|p1a: Ishtar
|-damage|p1a: Ishtar|81/100
|-unboost|p1a: Ishtar|spe|1
|
|upkeep
|turn|3
|
|move|p2a: nail|Rock Tomb|p1a: Ishtar
|-damage|p1a: Ishtar|61/100
|-unboost|p1a: Ishtar|spe|1
|move|p1a: Ishtar|Play Rough|p2a: nail
|-damage|p2a: nail|67/100
|-status|p1a: Ishtar|par|[from] ability: Static|[of] p2a: nail
|
|upkeep
|turn|4
|
|move|p2a: nail|Bolt Beak|p1a: Ishtar
|-resisted|p1a: Ishtar
|-damage|p1a: Ishtar|17/100 par
|move|p1a: Ishtar|High Jump Kick|p2a: nail|[miss]
|-miss|p1a: Ishtar|p2a: nail
|-damage|p1a: Ishtar|0 fnt|[from] highjumpkick
|faint|p1a: Ishtar
|
|upkeep
|
|switch|p1a: Quetzalcoatl|Hawlucha, F, shiny|100/100
|turn|5
|
|switch|p2a: hammer|Dracovish|100/100
|-activate|p2a: hammer|move: Sticky Web
|-unboost|p2a: hammer|spe|1
|move|p1a: Quetzalcoatl|Swords Dance|p1a: Quetzalcoatl
|-boost|p1a: Quetzalcoatl|atk|2
|
|upkeep
|turn|6
|
|move|p1a: Quetzalcoatl|Rock Slide|p2a: hammer
|-damage|p2a: hammer|58/100
|move|p2a: hammer|Dragon Rush|p1a: Quetzalcoatl|[miss]
|-miss|p2a: hammer|p1a: Quetzalcoatl
|-enditem|p2a: hammer|Blunder Policy
|-boost|p2a: hammer|spe|2
|
|upkeep
|turn|7
|
|move|p1a: Quetzalcoatl|Drain Punch|p2a: hammer
|-damage|p2a: hammer|0 fnt
|faint|p2a: hammer
|
|upkeep
|
|switch|p2a: lou|Corsola-Galar, M|100/100
|-activate|p2a: lou|move: Sticky Web
|-unboost|p2a: lou|spe|1
|turn|8
|
|move|p1a: Quetzalcoatl|Rock Slide|p2a: lou
|-damage|p2a: lou|66/100
|move|p2a: lou|Substitute|p2a: lou
|-start|p2a: lou|Substitute
|-damage|p2a: lou|42/100
|
|upkeep
|turn|9
|
|move|p1a: Quetzalcoatl|Rock Slide|p2a: lou
|-end|p2a: lou|Substitute
|move|p2a: lou|Strength Sap|p1a: Quetzalcoatl
|-unboost|p1a: Quetzalcoatl|atk|1
|-heal|p2a: lou|100/100
|
|upkeep
|turn|10
|
|switch|p1a: Gilgamesh|Galvantula, M, shiny|34/100
|move|p2a: lou|Substitute|p2a: lou
|-start|p2a: lou|Substitute
|-damage|p2a: lou|76/100
|
|upkeep
|turn|11
|
|move|p1a: Gilgamesh|Thunder|p2a: lou
|-end|p2a: lou|Substitute
|move|p2a: lou|Stealth Rock|p1a: Gilgamesh
|-sidestart|p1: Ms Sticky Fingers|move: Stealth Rock
|
|upkeep
|turn|12
|
|move|p1a: Gilgamesh|Thunder|p2a: lou
|-damage|p2a: lou|52/100
|-start|p1a: Gilgamesh|Disable|Thunder|[from] ability: Cursed Body|[of] p2a: lou
|move|p2a: lou|Body Slam|p1a: Gilgamesh
|-damage|p1a: Gilgamesh|10/100
|
|upkeep
|turn|13
|
|move|p1a: Gilgamesh|Bug Buzz|p2a: lou
|-resisted|p2a: lou
|-damage|p2a: lou|41/100
|move|p2a: lou|Substitute|p2a: lou
|-start|p2a: lou|Substitute
|-damage|p2a: lou|17/100
|
|upkeep
|turn|14
|
|move|p1a: Gilgamesh|Volt Switch|p2a: lou
|-activate|p2a: lou|move: Substitute|[damage]
|
|switch|p1a: Ushiwakamaru|Golisopod, F, shiny|100/100|[from]move: Volt Switch
|-damage|p1a: Ushiwakamaru|76/100|[from] Stealth Rock
|move|p2a: lou|Strength Sap|p1a: Ushiwakamaru
|-unboost|p1a: Ushiwakamaru|atk|1
|-heal|p2a: lou|100/100
|
|upkeep
|turn|15
|
|move|p1a: Ushiwakamaru|Rock Slide|p2a: lou
|-end|p2a: lou|Substitute
|move|p2a: lou|Body Slam|p1a: Ushiwakamaru
|-damage|p1a: Ushiwakamaru|67/100
|
|upkeep
|turn|16
|
|switch|p1a: Eresh|Polteageist|100/100
|-damage|p1a: Eresh|88/100|[from] Stealth Rock
|move|p2a: lou|Substitute|p2a: lou
|-start|p2a: lou|Substitute
|-damage|p2a: lou|76/100
|
|upkeep
|turn|17
|
|switch|p2a: nail|Arctozolt|67/100
|-activate|p2a: nail|move: Sticky Web
|-unboost|p2a: nail|spe|1
|move|p1a: Eresh|Shell Smash|p1a: Eresh
|-unboost|p1a: Eresh|def|1
|-unboost|p1a: Eresh|spd|1
|-boost|p1a: Eresh|atk|2
|-boost|p1a: Eresh|spa|2
|-boost|p1a: Eresh|spe|2
|-enditem|p1a: Eresh|White Herb
|-clearnegativeboost|p1a: Eresh|[silent]
|
|upkeep
|turn|18
|
|move|p1a: Eresh|Shadow Ball|p2a: nail
|-damage|p2a: nail|0 fnt
|faint|p2a: nail
|
|upkeep
|
|switch|p2a: bt|Runerigus, F|100/100
|-activate|p2a: bt|move: Sticky Web
|-unboost|p2a: bt|spe|1
|turn|19
|
|move|p1a: Eresh|Shadow Ball|p2a: bt
|-supereffective|p2a: bt
|-damage|p2a: bt|0 fnt
|faint|p2a: bt
|
|upkeep
|
|switch|p2a: cube|Eiscue, F|100/100
|-activate|p2a: cube|move: Sticky Web
|-unboost|p2a: cube|spe|1
|turn|20
|
|move|p1a: Eresh|Shadow Ball|p2a: cube
|-damage|p2a: cube|0 fnt
|faint|p2a: cube
|
|upkeep
|
|switch|p2a: sweetie|Appletun, F|100/100
|-activate|p2a: sweetie|move: Sticky Web
|-unboost|p2a: sweetie|spe|1
|turn|21
|
|move|p1a: Eresh|Shadow Ball|p2a: sweetie
|-damage|p2a: sweetie|43/100
|move|p2a: sweetie|Leech Seed|p1a: Eresh
|-start|p1a: Eresh|move: Leech Seed
|
|-damage|p1a: Eresh|76/100|[from] Leech Seed|[of] p2a: sweetie
|-heal|p2a: sweetie|50/100|[silent]
|upkeep
|turn|22
|
|move|p1a: Eresh|Shadow Ball|p2a: sweetie
|-damage|p2a: sweetie|0 fnt
|faint|p2a: sweetie
|
|upkeep
|
|switch|p2a: lou|Corsola-Galar, M|76/100
|-activate|p2a: lou|move: Sticky Web
|-unboost|p2a: lou|spe|1
|turn|23
|
|move|p1a: Eresh|Shadow Ball|p2a: lou
|-supereffective|p2a: lou
|-damage|p2a: lou|0 fnt
|faint|p2a: lou
|
|win|Ms Sticky Fingers
|l|☆decaythedemon
|raw|Ms Sticky Fingers's rating: 1061 → 1094(+33 for winning)
|raw|decaythedemon's rating: 1081 → 1058(-23 for losing)
