|ScrapeTime|2020-01-01-20:44:26
|j|☆Adrianix243
|j|☆masafesio
|player|p1|Adrianix243|ingo|
|player|p2|masafesio|170|
|teamsize|p1|6
|teamsize|p2|6
|gametype|singles
|gen|8
|tier|[Gen 8] OU
|rule|Sleep Clause Mod: Limit one foe put to sleep
|rule|Species Clause: Limit one of each Pokémon
|rule|OHKO Clause: OHKO moves are banned
|rule|Evasion Moves Clause: Evasion moves are banned
|rule|Endless Battle Clause: Forcing endless battles is banned
|rule|HP Percentage Mod: HP is shown in percentages
|clearpoke
|poke|p1|Grimmsnarl, M|
|poke|p1|Dracozolt|
|poke|p1|Clefable, F|
|poke|p1|Pelipper, F|
|poke|p1|Dragapult, M|
|poke|p1|Toxtricity, M|
|poke|p2|Cofagrigus, M|
|poke|p2|Clefable, M|
|poke|p2|Bisharp, F|
|poke|p2|Flapple, M|
|poke|p2|Toxtricity, M|
|poke|p2|Milotic, F|
|rule|Dynamax Clause: You cannot dynamax
|teampreview
|c|☆masafesio|xD
|c|☆masafesio|bamosaber
|c|☆Adrianix243|Ahora tienen nuevos moves xd
|c|☆Adrianix243|Aunque la mayoría son lo mismo
|
|start
|switch|p1a: Jonfer|Grimmsnarl, M|100/100
|switch|p2a: Clefable|Clefable, M|100/100
|turn|1
|c|☆masafesio|igualmente estoy probando mas que nada a flapple
|
|move|p1a: Jonfer|Light Screen|p1a: Jonfer
|-sidestart|p1: Adrianix243|move: Light Screen
|move|p2a: Clefable|Stealth Rock|p1a: Jonfer
|-sidestart|p1: Adrianix243|move: Stealth Rock
|
|upkeep
|turn|2
|
|move|p1a: Jonfer|Thunder Wave|p2a: Clefable
|-status|p2a: Clefable|par
|move|p2a: Clefable|Moonblast|p1a: Jonfer
|-supereffective|p1a: Jonfer
|-damage|p1a: Jonfer|78/100
|
|upkeep
|turn|3
|
|switch|p2a: Toxtricity|Toxtricity, M|100/100
|move|p1a: Jonfer|Reflect|p1a: Jonfer
|-sidestart|p1: Adrianix243|Reflect
|
|upkeep
|turn|4
|
|switch|p1a: Aguascalientes|Pelipper, F|100/100
|-damage|p1a: Aguascalientes|75/100|[from] Stealth Rock
|-weather|RainDance|[from] ability: Drizzle|[of] p1a: Aguascalientes
|move|p2a: Toxtricity|Shift Gear|p2a: Toxtricity
|-boost|p2a: Toxtricity|spe|2
|-boost|p2a: Toxtricity|atk|1
|
|-weather|RainDance|[upkeep]
|-heal|p1a: Aguascalientes|82/100|[from] item: Leftovers
|upkeep
|turn|5
|
|move|p2a: Toxtricity|Overdrive|p1a: Aguascalientes
|-supereffective|p1a: Aguascalientes
|-damage|p1a: Aguascalientes|0 fnt
|-enditem|p2a: Toxtricity|Throat Spray
|-boost|p2a: Toxtricity|spa|1
|faint|p1a: Aguascalientes
|
|-weather|RainDance|[upkeep]
|upkeep
|
|switch|p1a: Thicc|Clefable, F|100/100
|turn|6
|
|move|p2a: Toxtricity|Sludge Bomb|p1a: Thicc
|-supereffective|p1a: Thicc
|-damage|p1a: Thicc|46/100
|-status|p1a: Thicc|psn
|move|p1a: Thicc|Stealth Rock|p2a: Toxtricity
|-sidestart|p2: masafesio|move: Stealth Rock
|
|-weather|RainDance|[upkeep]
|upkeep
|turn|7
|
|move|p1a: Thicc|Protect|p1a: Thicc
|-singleturn|p1a: Thicc|Protect
|move|p2a: Toxtricity|Shift Gear|p2a: Toxtricity
|-boost|p2a: Toxtricity|spe|2
|-boost|p2a: Toxtricity|atk|1
|
|-weather|RainDance|[upkeep]
|upkeep
|turn|8
|c|☆masafesio|xDDDDDD
|
|move|p2a: Toxtricity|Sludge Bomb|p1a: Thicc
|-supereffective|p1a: Thicc
|-damage|p1a: Thicc|0 fnt
|faint|p1a: Thicc
|
|-weather|none
|-sideend|p1: Adrianix243|move: Light Screen
|upkeep
|
|switch|p1a: Yosoyelpeligro|Dracozolt|100/100
|-damage|p1a: Yosoyelpeligro|88/100|[from] Stealth Rock
|turn|9
|
|move|p2a: Toxtricity|Boomburst|p1a: Yosoyelpeligro
|-damage|p1a: Yosoyelpeligro|0 fnt
|faint|p1a: Yosoyelpeligro
|
|upkeep
|c|☆Adrianix243|me cojiste de nuevo xd
|
|switch|p1a: Jonfer|Grimmsnarl, M|78/100
|-damage|p1a: Jonfer|65/100|[from] Stealth Rock
|turn|10
|c|☆masafesio|xDDDD
|
|move|p1a: Jonfer|Light Screen|p1a: Jonfer
|-sidestart|p1: Adrianix243|move: Light Screen
|move|p2a: Toxtricity|Sludge Bomb|p1a: Jonfer
|-supereffective|p1a: Jonfer
|-damage|p1a: Jonfer|10/100
|
|-sideend|p1: Adrianix243|Reflect
|upkeep
|turn|11
|c|☆masafesio|jugaste bien este turno xD
|
|move|p1a: Jonfer|Reflect|p1a: Jonfer
|-sidestart|p1: Adrianix243|Reflect
|move|p2a: Toxtricity|Sludge Bomb|p1a: Jonfer
|-supereffective|p1a: Jonfer
|-damage|p1a: Jonfer|0 fnt
|faint|p1a: Jonfer
|
|upkeep
|
|switch|p1a: I hate this|Dragapult, M|100/100
|-damage|p1a: I hate this|88/100|[from] Stealth Rock
|turn|12
|
|move|p2a: Toxtricity|Overdrive|p1a: I hate this
|-resisted|p1a: I hate this
|-damage|p1a: I hate this|66/100
|move|p1a: I hate this|Phantom Force||[still]
|-prepare|p1a: I hate this|Phantom Force|p2a: Toxtricity
|
|upkeep
|turn|13
|c|☆Adrianix243|ajá
|c|☆masafesio|ataca pues gafo
|
|move|p2a: Toxtricity|Sludge Bomb|p1a: I hate this|[miss]
|-miss|p2a: Toxtricity|p1a: I hate this
|move|p1a: I hate this|Phantom Force|p2a: Toxtricity|[from]lockedmove
|-damage|p2a: Toxtricity|30/100
|-damage|p1a: I hate this|56/100|[from] item: Life Orb
|
|upkeep
|turn|14
|c|☆masafesio|ven vamos acercate
|
|move|p2a: Toxtricity|Sludge Bomb|p1a: I hate this
|-resisted|p1a: I hate this
|-damage|p1a: I hate this|36/100
|move|p1a: I hate this|Fire Blast|p2a: Toxtricity
|-damage|p2a: Toxtricity|0 fnt
|-damage|p1a: I hate this|26/100|[from] item: Life Orb
|faint|p2a: Toxtricity
|
|upkeep
|c|☆Adrianix243|llegate
|c|☆masafesio|shit, mixto
|
|switch|p2a: Bisharp|Bisharp, F, shiny|100/100
|-damage|p2a: Bisharp|95/100|[from] Stealth Rock
|turn|15
|
|switch|p1a: yonaiker|Toxtricity, M|100/100
|-damage|p1a: yonaiker|88/100|[from] Stealth Rock
|move|p2a: Bisharp|Sucker Punch||[still]
|-fail|p2a: Bisharp
|
|upkeep
|turn|16
|
|move|p1a: yonaiker|Shift Gear|p1a: yonaiker
|-boost|p1a: yonaiker|spe|2
|-boost|p1a: yonaiker|atk|1
|move|p2a: Bisharp|Night Slash|p1a: yonaiker
|-damage|p1a: yonaiker|49/100
|-damage|p2a: Bisharp|85/100|[from] item: Life Orb
|
|upkeep
|turn|17
|c|☆Adrianix243|epa xd
|
|move|p2a: Bisharp|Sucker Punch|p1a: yonaiker
|-damage|p1a: yonaiker|8/100
|-damage|p2a: Bisharp|75/100|[from] item: Life Orb
|move|p1a: yonaiker|Boomburst|p2a: Bisharp
|-resisted|p2a: Bisharp
|-damage|p2a: Bisharp|30/100
|-enditem|p1a: yonaiker|Throat Spray
|-boost|p1a: yonaiker|spa|1
|
|-sideend|p1: Adrianix243|move: Light Screen
|upkeep
|turn|18
|c|☆masafesio|yiyi
|
|move|p2a: Bisharp|Sucker Punch|p1a: yonaiker
|-damage|p1a: yonaiker|0 fnt
|-damage|p2a: Bisharp|20/100|[from] item: Life Orb
|faint|p1a: yonaiker
|
|-sideend|p1: Adrianix243|Reflect
|upkeep
|c|☆Adrianix243|f
|
|switch|p1a: I hate this|Dragapult, M|26/100
|-damage|p1a: I hate this|14/100|[from] Stealth Rock
|turn|19
|
|move|p2a: Bisharp|Sucker Punch|p1a: I hate this
|-supereffective|p1a: I hate this
|-damage|p1a: I hate this|0 fnt
|-damage|p2a: Bisharp|10/100|[from] item: Life Orb
|faint|p1a: I hate this
|
|win|masafesio
|c|☆Adrianix243|ya mero voy a hacer otro
|l|☆Adrianix243
