|ScrapeTime|2020-01-01-18:12:24
|j|☆Jakarn
|j|☆DDDDD33333
|player|p1|Jakarn|acerola|1438
|player|p2|DDDDD33333|170|1388
|teamsize|p1|6
|teamsize|p2|6
|gametype|singles
|gen|8
|tier|[Gen 8] OU
|rated|
|rule|Sleep Clause Mod: Limit one foe put to sleep
|rule|Species Clause: Limit one of each Pokémon
|rule|OHKO Clause: OHKO moves are banned
|rule|Evasion Moves Clause: Evasion moves are banned
|rule|Endless Battle Clause: Forcing endless battles is banned
|rule|HP Percentage Mod: HP is shown in percentages
|clearpoke
|poke|p1|Excadrill, F|
|poke|p1|Hatterene, F|
|poke|p1|Conkeldurr, F|
|poke|p1|Dragapult, F|
|poke|p1|Flareon, M|
|poke|p1|Toxapex, M|
|poke|p2|Sirfetch'd, F|
|poke|p2|Dragapult, F|
|poke|p2|Snorlax, M|
|poke|p2|Seismitoad, M|
|poke|p2|Rotom-Heat|
|poke|p2|Corviknight, M|
|rule|Dynamax Clause: You cannot dynamax
|teampreview
|inactive|Battle timer is ON: inactive players will automatically lose when time's up. (requested by Jakarn)
|
|start
|switch|p1a: Excadrill|Excadrill, F|100/100
|switch|p2a: Seismitoad|Seismitoad, M|100/100
|-ability|p1a: Excadrill|Mold Breaker
|turn|1
|
|move|p1a: Excadrill|Earthquake|p2a: Seismitoad
|-damage|p2a: Seismitoad|62/100
|move|p2a: Seismitoad|Stealth Rock|p1a: Excadrill
|-sidestart|p1: Jakarn|move: Stealth Rock
|
|-heal|p2a: Seismitoad|68/100|[from] item: Leftovers
|upkeep
|turn|2
|
|move|p1a: Excadrill|Earthquake|p2a: Seismitoad
|-damage|p2a: Seismitoad|30/100
|move|p2a: Seismitoad|Scald|p1a: Excadrill
|-supereffective|p1a: Excadrill
|-damage|p1a: Excadrill|37/100
|-status|p1a: Excadrill|brn
|
|-heal|p2a: Seismitoad|36/100|[from] item: Leftovers
|-damage|p1a: Excadrill|31/100 brn|[from] brn
|upkeep
|turn|3
|
|move|p2a: Seismitoad|Protect|p2a: Seismitoad
|-singleturn|p2a: Seismitoad|Protect
|move|p1a: Excadrill|Rapid Spin|p2a: Seismitoad
|-activate|p2a: Seismitoad|move: Protect
|
|-heal|p2a: Seismitoad|43/100|[from] item: Leftovers
|-damage|p1a: Excadrill|25/100 brn|[from] brn
|upkeep
|turn|4
|
|move|p1a: Excadrill|Steel Beam|p2a: Seismitoad
|-resisted|p2a: Seismitoad
|-damage|p2a: Seismitoad|29/100
|-damage|p1a: Excadrill|0 fnt|[from] mindblown
|faint|p1a: Excadrill
|move|p2a: Seismitoad|Scald|p1: Excadrill|[notarget]
|-fail|p2a: Seismitoad
|
|-heal|p2a: Seismitoad|36/100|[from] item: Leftovers
|upkeep
|
|switch|p1a: Conkeldurr|Conkeldurr, F|100/100
|-damage|p1a: Conkeldurr|94/100|[from] Stealth Rock
|turn|5
|
|move|p2a: Seismitoad|Protect|p2a: Seismitoad
|-singleturn|p2a: Seismitoad|Protect
|move|p1a: Conkeldurr|Earthquake|p2a: Seismitoad
|-activate|p2a: Seismitoad|move: Protect
|
|-heal|p2a: Seismitoad|42/100|[from] item: Leftovers
|-status|p1a: Conkeldurr|brn|[from] item: Flame Orb
|upkeep
|turn|6
|
|move|p2a: Seismitoad|Scald|p1a: Conkeldurr
|-damage|p1a: Conkeldurr|68/100 brn
|move|p1a: Conkeldurr|Defog|p2a: Seismitoad
|-unboost|p2a: Seismitoad|evasion|1
|-sideend|p1: Jakarn|Stealth Rock|[from] move: Defog|[of] p1a: Conkeldurr
|
|-heal|p2a: Seismitoad|48/100|[from] item: Leftovers
|-damage|p1a: Conkeldurr|62/100 brn|[from] brn
|upkeep
|turn|7
|
|move|p2a: Seismitoad|Protect|p2a: Seismitoad
|-singleturn|p2a: Seismitoad|Protect
|move|p1a: Conkeldurr|Drain Punch|p2a: Seismitoad
|-activate|p2a: Seismitoad|move: Protect
|
|-heal|p2a: Seismitoad|54/100|[from] item: Leftovers
|-damage|p1a: Conkeldurr|56/100 brn|[from] brn
|upkeep
|turn|8
|
|switch|p2a: Dragapult|Dragapult, F|100/100
|move|p1a: Conkeldurr|Drain Punch|p2a: Dragapult
|-immune|p2a: Dragapult
|
|-damage|p1a: Conkeldurr|50/100 brn|[from] brn
|upkeep
|turn|9
|
|switch|p1a: Toxapex|Toxapex, M|100/100
|move|p2a: Dragapult|Shadow Ball|p1a: Toxapex
|-damage|p1a: Toxapex|61/100
|
|-heal|p1a: Toxapex|67/100|[from] item: Black Sludge
|upkeep
|turn|10
|
|move|p2a: Dragapult|Shadow Ball|p1a: Toxapex
|-damage|p1a: Toxapex|25/100
|move|p1a: Toxapex|Toxic|p2a: Dragapult
|-status|p2a: Dragapult|tox
|
|-heal|p1a: Toxapex|31/100|[from] item: Black Sludge
|-damage|p2a: Dragapult|95/100 tox|[from] psn
|upkeep
|turn|11
|
|switch|p1a: Flareon|Flareon, M|100/100
|move|p2a: Dragapult|Shadow Ball|p1a: Flareon
|-damage|p1a: Flareon|67/100
|
|-heal|p1a: Flareon|73/100|[from] item: Leftovers
|-damage|p2a: Dragapult|83/100 tox|[from] psn
|upkeep
|turn|12
|
|switch|p2a: Seismitoad|Seismitoad, M|54/100
|move|p1a: Flareon|Wish|p1a: Flareon
|
|-heal|p1a: Flareon|79/100|[from] item: Leftovers
|-heal|p2a: Seismitoad|60/100|[from] item: Leftovers
|upkeep
|turn|13
|
|switch|p1a: Conkeldurr|Conkeldurr, F|50/100 brn
|switch|p2a: Rotom|Rotom-Heat|100/100
|
|-heal|p1a: Conkeldurr|90/100 brn|[from] move: Wish|[wisher] Flareon
|-damage|p1a: Conkeldurr|84/100 brn|[from] brn
|upkeep
|turn|14
|
|move|p2a: Rotom|Trick|p1a: Conkeldurr
|-activate|p2a: Rotom|move: Trick|[of] p1a: Conkeldurr
|-item|p1a: Conkeldurr|Choice Scarf|[from] move: Trick
|-item|p2a: Rotom|Flame Orb|[from] move: Trick
|move|p1a: Conkeldurr|Drain Punch|p2a: Rotom
|-damage|p2a: Rotom|38/100
|-heal|p1a: Conkeldurr|100/100 brn|[from] drain|[of] p2a: Rotom
|
|-damage|p1a: Conkeldurr|94/100 brn|[from] brn
|upkeep
|turn|15
|inactive|DDDDD33333 has 120 seconds left.
|
|move|p2a: Rotom|Overheat|p1a: Conkeldurr
|-damage|p1a: Conkeldurr|39/100 brn
|-unboost|p2a: Rotom|spa|2
|move|p1a: Conkeldurr|Drain Punch|p2a: Rotom
|-damage|p2a: Rotom|0 fnt
|-heal|p1a: Conkeldurr|53/100 brn|[from] drain|[of] p2a: Rotom
|faint|p2a: Rotom
|
|-damage|p1a: Conkeldurr|47/100 brn|[from] brn
|upkeep
|
|switch|p2a: Sirfetch'd|Sirfetch'd, F|100/100
|turn|16
|
|switch|p1a: Toxapex|Toxapex, M|64/100
|move|p2a: Sirfetch'd|Close Combat|p1a: Toxapex
|-resisted|p1a: Toxapex
|-damage|p1a: Toxapex|29/100
|-unboost|p2a: Sirfetch'd|def|1
|-unboost|p2a: Sirfetch'd|spd|1
|
|-heal|p1a: Toxapex|36/100|[from] item: Black Sludge
|upkeep
|turn|17
|
|switch|p2a: Dragapult|Dragapult, F|83/100 tox
|move|p1a: Toxapex|Recover|p1a: Toxapex
|-heal|p1a: Toxapex|86/100
|
|-heal|p1a: Toxapex|92/100|[from] item: Black Sludge
|-damage|p2a: Dragapult|77/100 tox|[from] psn
|upkeep
|turn|18
|
|switch|p1a: Flareon|Flareon, M|79/100
|move|p2a: Dragapult|Thunderbolt|p1a: Flareon
|-damage|p1a: Flareon|53/100
|
|-heal|p1a: Flareon|59/100|[from] item: Leftovers
|-damage|p2a: Dragapult|65/100 tox|[from] psn
|upkeep
|turn|19
|
|switch|p2a: Sirfetch'd|Sirfetch'd, F|100/100
|move|p1a: Flareon|Wish|p1a: Flareon
|
|-heal|p1a: Flareon|65/100|[from] item: Leftovers
|upkeep
|turn|20
|
|move|p1a: Flareon|Protect|p1a: Flareon
|-singleturn|p1a: Flareon|Protect
|move|p2a: Sirfetch'd|Knock Off|p1a: Flareon
|-activate|p1a: Flareon|move: Protect
|
|-heal|p1a: Flareon|100/100|[from] move: Wish|[wisher] Flareon
|upkeep
|turn|21
|
|switch|p1a: Conkeldurr|Conkeldurr, F|47/100 brn
|move|p2a: Sirfetch'd|Knock Off|p1a: Conkeldurr
|-resisted|p1a: Conkeldurr
|-damage|p1a: Conkeldurr|22/100 brn
|-enditem|p1a: Conkeldurr|Choice Scarf|[from] move: Knock Off|[of] p2a: Sirfetch'd
|
|-damage|p1a: Conkeldurr|16/100 brn|[from] brn
|upkeep
|turn|22
|inactive|DDDDD33333 has 120 seconds left.
|
|switch|p1a: Toxapex|Toxapex, M|100/100
|move|p2a: Sirfetch'd|Knock Off|p1a: Toxapex
|-damage|p1a: Toxapex|67/100
|-enditem|p1a: Toxapex|Black Sludge|[from] move: Knock Off|[of] p2a: Sirfetch'd
|
|upkeep
|turn|23
|inactive|DDDDD33333 has 120 seconds left.
|
|switch|p2a: Seismitoad|Seismitoad, M|60/100
|move|p1a: Toxapex|Toxic|p2a: Seismitoad
|-status|p2a: Seismitoad|tox
|
|-heal|p2a: Seismitoad|66/100 tox|[from] item: Leftovers
|-damage|p2a: Seismitoad|60/100 tox|[from] psn
|upkeep
|turn|24
|inactive|DDDDD33333 has 120 seconds left.
|
|switch|p1a: Hatterene|Hatterene, F|100/100
|move|p2a: Seismitoad|Stealth Rock|p1a: Hatterene
|move|p1a: Hatterene|Stealth Rock|p2a: Seismitoad|[from]Magic Bounce
|-sidestart|p2: DDDDD33333|move: Stealth Rock
|
|-heal|p2a: Seismitoad|66/100 tox|[from] item: Leftovers
|-damage|p2a: Seismitoad|54/100 tox|[from] psn
|upkeep
|turn|25
|inactive|DDDDD33333 has 120 seconds left.
|
|move|p2a: Seismitoad|Earthquake|p1a: Hatterene
|-damage|p1a: Hatterene|66/100
|move|p1a: Hatterene|Trick Room|p1a: Hatterene
|-fieldstart|move: Trick Room|[of] p1a: Hatterene
|
|-heal|p2a: Seismitoad|60/100 tox|[from] item: Leftovers
|-damage|p2a: Seismitoad|42/100 tox|[from] psn
|upkeep
|turn|26
|inactive|DDDDD33333 has 120 seconds left.
|
|switch|p2a: Snorlax|Snorlax, M|100/100
|-damage|p2a: Snorlax|88/100|[from] Stealth Rock
|move|p1a: Hatterene|Psyshock|p2a: Snorlax
|-damage|p2a: Snorlax|46/100
|-damage|p1a: Hatterene|56/100|[from] item: Life Orb
|
|-heal|p2a: Snorlax|52/100|[from] item: Leftovers
|upkeep
|turn|27
|inactive|DDDDD33333 has 120 seconds left.
|
|move|p1a: Hatterene|Psyshock|p2a: Snorlax
|-damage|p2a: Snorlax|12/100
|-damage|p1a: Hatterene|47/100|[from] item: Life Orb
|move|p2a: Snorlax|Curse|p2a: Snorlax
|-unboost|p2a: Snorlax|spe|1
|-boost|p2a: Snorlax|atk|1
|-boost|p2a: Snorlax|def|1
|
|-heal|p2a: Snorlax|18/100|[from] item: Leftovers
|upkeep
|turn|28
|inactive|DDDDD33333 has 120 seconds left.
|
|move|p2a: Snorlax|Body Slam|p1a: Hatterene
|-damage|p1a: Hatterene|0 fnt
|faint|p1a: Hatterene
|
|-heal|p2a: Snorlax|24/100|[from] item: Leftovers
|upkeep
|
|switch|p1a: Conkeldurr|Conkeldurr, F|16/100 brn
|turn|29
|
|move|p1a: Conkeldurr|Mach Punch|p2a: Snorlax
|-supereffective|p2a: Snorlax
|-damage|p2a: Snorlax|0 fnt
|faint|p2a: Snorlax
|
|-damage|p1a: Conkeldurr|10/100 brn|[from] brn
|-fieldend|move: Trick Room
|upkeep
|
|switch|p2a: Sirfetch'd|Sirfetch'd, F|100/100
|-damage|p2a: Sirfetch'd|94/100|[from] Stealth Rock
|turn|30
|
|switch|p1a: Toxapex|Toxapex, M|100/100
|move|p2a: Sirfetch'd|Close Combat|p1a: Toxapex
|-resisted|p1a: Toxapex
|-damage|p1a: Toxapex|66/100
|-unboost|p2a: Sirfetch'd|def|1
|-unboost|p2a: Sirfetch'd|spd|1
|
|upkeep
|turn|31
|
|switch|p2a: Seismitoad|Seismitoad, M|42/100 tox
|-damage|p2a: Seismitoad|36/100 tox|[from] Stealth Rock
|move|p1a: Toxapex|Recover|p1a: Toxapex
|-heal|p1a: Toxapex|100/100
|
|-heal|p2a: Seismitoad|42/100 tox|[from] item: Leftovers
|-damage|p2a: Seismitoad|36/100 tox|[from] psn
|upkeep
|turn|32
|
|switch|p1a: Dragapult|Dragapult, F|100/100
|move|p2a: Seismitoad|Stealth Rock|p1a: Dragapult
|-sidestart|p1: Jakarn|move: Stealth Rock
|
|-heal|p2a: Seismitoad|42/100 tox|[from] item: Leftovers
|-damage|p2a: Seismitoad|29/100 tox|[from] psn
|upkeep
|turn|33
|
|move|p1a: Dragapult|Shadow Ball|p2a: Seismitoad
|-damage|p2a: Seismitoad|0 fnt
|faint|p2a: Seismitoad
|
|upkeep
|
|switch|p2a: Corviknight|Corviknight, M|100/100
|-damage|p2a: Corviknight|88/100|[from] Stealth Rock
|-ability|p2a: Corviknight|Pressure
|turn|34
|
|move|p1a: Dragapult|Shadow Ball|p2a: Corviknight
|-damage|p2a: Corviknight|52/100
|move|p2a: Corviknight|U-turn|p1a: Dragapult
|-resisted|p1a: Dragapult
|-damage|p1a: Dragapult|90/100
|
|switch|p2a: Dragapult|Dragapult, F|65/100 tox|[from]move: U-turn
|-damage|p2a: Dragapult|52/100 tox|[from] Stealth Rock
|
|-damage|p2a: Dragapult|46/100 tox|[from] psn
|upkeep
|turn|35
|
|switch|p1a: Conkeldurr|Conkeldurr, F|10/100 brn
|-damage|p1a: Conkeldurr|4/100 brn|[from] Stealth Rock
|move|p2a: Dragapult|Thunderbolt|p1a: Conkeldurr
|-damage|p1a: Conkeldurr|0 fnt
|faint|p1a: Conkeldurr
|
|-damage|p2a: Dragapult|34/100 tox|[from] psn
|upkeep
|
|switch|p1a: Flareon|Flareon, M|100/100
|-damage|p1a: Flareon|76/100|[from] Stealth Rock
|turn|36
|
|switch|p2a: Sirfetch'd|Sirfetch'd, F|94/100
|-damage|p2a: Sirfetch'd|88/100|[from] Stealth Rock
|move|p1a: Flareon|Flare Blitz|p2a: Sirfetch'd
|-damage|p2a: Sirfetch'd|26/100
|-damage|p1a: Flareon|57/100|[from] Recoil
|
|-heal|p1a: Flareon|63/100|[from] item: Leftovers
|upkeep
|turn|37
|-message|DDDDD33333 forfeited.
|
|win|Jakarn
|l|☆DDDDD33333
|raw|Jakarn's rating: 1438 → 1455(+17 for winning)
|raw|DDDDD33333's rating: 1388 → 1371(-17 for losing)
