|ScrapeTime|2020-01-02-01:14:36
|j|☆Didn't have
|j|☆Username888
|player|p1|Didn't have|101|1152
|player|p2|Username888|bugcatcher|1198
|teamsize|p1|6
|teamsize|p2|6
|gametype|singles
|gen|8
|tier|[Gen 8] OU
|rated|
|rule|Sleep Clause Mod: Limit one foe put to sleep
|rule|Species Clause: Limit one of each Pokémon
|rule|OHKO Clause: OHKO moves are banned
|rule|Evasion Moves Clause: Evasion moves are banned
|rule|Endless Battle Clause: Forcing endless battles is banned
|rule|HP Percentage Mod: HP is shown in percentages
|clearpoke
|poke|p1|Vileplume, M|
|poke|p1|Grimmsnarl, M|
|poke|p1|Charizard, F|
|poke|p1|Torkoal, M|
|poke|p1|Leafeon, F|
|poke|p1|Haxorus, F|
|poke|p2|Grimmsnarl, M|
|poke|p2|Cinderace, F|
|poke|p2|Dracovish|
|poke|p2|Clefable, M|
|poke|p2|Toxapex, M|
|poke|p2|Eiscue, M|
|rule|Dynamax Clause: You cannot dynamax
|teampreview
|
|start
|switch|p1a: Torkoal|Torkoal, M|100/100
|switch|p2a: Grimmsnarl|Grimmsnarl, M|100/100
|-weather|SunnyDay|[from] ability: Drought|[of] p1a: Torkoal
|turn|1
|
|move|p2a: Grimmsnarl|Light Screen|p2a: Grimmsnarl
|-sidestart|p2: Username888|move: Light Screen
|move|p1a: Torkoal|Stealth Rock|p2a: Grimmsnarl
|-sidestart|p2: Username888|move: Stealth Rock
|
|-weather|SunnyDay|[upkeep]
|upkeep
|turn|2
|
|switch|p1a: Grimmsnarl|Grimmsnarl, M|100/100
|move|p2a: Grimmsnarl|Thunder Wave|p1a: Grimmsnarl
|-hint|Since gen 7, Dark is immune to Prankster moves.
|-immune|p1a: Grimmsnarl
|
|-weather|SunnyDay|[upkeep]
|upkeep
|turn|3
|
|switch|p2a: Clefable|Clefable, M, shiny|100/100
|move|p1a: Grimmsnarl|Spirit Break|p2a: Clefable
|-crit|p2a: Clefable
|-damage|p2a: Clefable|32/100
|-unboost|p2a: Clefable|spa|1
|
|-weather|SunnyDay|[upkeep]
|upkeep
|turn|4
|
|move|p1a: Grimmsnarl|Spirit Break|p2a: Clefable
|-damage|p2a: Clefable|0 fnt
|faint|p2a: Clefable
|
|-weather|SunnyDay|[upkeep]
|upkeep
|
|switch|p2a: Cinderace|Cinderace, F|100/100
|turn|5
|
|move|p1a: Grimmsnarl|Reflect|p1a: Grimmsnarl
|-sidestart|p1: Didn't have|Reflect
|move|p2a: Cinderace|Pyro Ball|p1a: Grimmsnarl
|-damage|p1a: Grimmsnarl|43/100
|
|-weather|SunnyDay|[upkeep]
|upkeep
|turn|6
|
|move|p1a: Grimmsnarl|Thunder Wave|p2a: Cinderace
|-status|p2a: Cinderace|par
|move|p2a: Cinderace|Pyro Ball|p1a: Grimmsnarl
|-damage|p1a: Grimmsnarl|0 fnt
|faint|p1a: Grimmsnarl
|
|-weather|SunnyDay|[upkeep]
|upkeep
|
|switch|p1a: Charizard|Charizard, F|100/100
|turn|7
|
|move|p1a: Charizard|Air Slash|p2a: Cinderace
|-crit|p2a: Cinderace
|-damage|p2a: Cinderace|0 fnt
|faint|p2a: Cinderace
|
|-weather|SunnyDay|[upkeep]
|-damage|p1a: Charizard|88/100|[from] ability: Solar Power|[of] p1a: Charizard
|upkeep
|
|switch|p2a: Toxapex|Toxapex, M|100/100
|-damage|p2a: Toxapex|88/100|[from] Stealth Rock
|turn|8
|
|move|p1a: Charizard|Thunder Punch|p2a: Toxapex
|-supereffective|p2a: Toxapex
|-damage|p2a: Toxapex|66/100
|move|p2a: Toxapex|Recover|p2a: Toxapex
|-heal|p2a: Toxapex|100/100
|
|-weather|none
|-sideend|p2: Username888|move: Light Screen
|upkeep
|turn|9
|
|switch|p1a: Torkoal|Torkoal, M|100/100
|-weather|SunnyDay|[from] ability: Drought|[of] p1a: Torkoal
|move|p2a: Toxapex|Scald|p1a: Torkoal
|-supereffective|p1a: Torkoal
|-damage|p1a: Torkoal|80/100
|
|-weather|SunnyDay|[upkeep]
|upkeep
|turn|10
|
|move|p2a: Toxapex|Scald|p1a: Torkoal
|-supereffective|p1a: Torkoal
|-damage|p1a: Torkoal|56/100
|move|p1a: Torkoal|Earth Power|p2a: Toxapex
|-supereffective|p2a: Toxapex
|-damage|p2a: Toxapex|66/100
|-unboost|p2a: Toxapex|spd|1
|
|-weather|SunnyDay|[upkeep]
|-heal|p2a: Toxapex|72/100|[from] item: Black Sludge
|upkeep
|turn|11
|
|move|p2a: Toxapex|Iron Defense|p2a: Toxapex
|-boost|p2a: Toxapex|def|2
|move|p1a: Torkoal|Earth Power|p2a: Toxapex
|-supereffective|p2a: Toxapex
|-damage|p2a: Toxapex|23/100
|
|-weather|SunnyDay|[upkeep]
|-heal|p2a: Toxapex|29/100|[from] item: Black Sludge
|upkeep
|turn|12
|
|move|p2a: Toxapex|Recover|p2a: Toxapex
|-heal|p2a: Toxapex|79/100
|move|p1a: Torkoal|Earth Power|p2a: Toxapex
|-supereffective|p2a: Toxapex
|-crit|p2a: Toxapex
|-damage|p2a: Toxapex|12/100
|
|-weather|SunnyDay|[upkeep]
|-heal|p2a: Toxapex|19/100|[from] item: Black Sludge
|-sideend|p1: Didn't have|Reflect
|upkeep
|turn|13
|
|move|p2a: Toxapex|Baneful Bunker|p2a: Toxapex
|-singleturn|p2a: Toxapex|move: Protect
|move|p1a: Torkoal|Earth Power|p2a: Toxapex
|-activate|p2a: Toxapex|move: Protect
|
|-weather|SunnyDay|[upkeep]
|-heal|p2a: Toxapex|25/100|[from] item: Black Sludge
|upkeep
|turn|14
|
|move|p2a: Toxapex|Recover|p2a: Toxapex
|-heal|p2a: Toxapex|75/100
|move|p1a: Torkoal|Earth Power|p2a: Toxapex
|-supereffective|p2a: Toxapex
|-damage|p2a: Toxapex|22/100
|
|-weather|SunnyDay|[upkeep]
|-heal|p2a: Toxapex|28/100|[from] item: Black Sludge
|upkeep
|turn|15
|
|move|p2a: Toxapex|Baneful Bunker|p2a: Toxapex
|-singleturn|p2a: Toxapex|move: Protect
|move|p1a: Torkoal|Earth Power|p2a: Toxapex
|-activate|p2a: Toxapex|move: Protect
|
|-weather|SunnyDay|[upkeep]
|-heal|p2a: Toxapex|35/100|[from] item: Black Sludge
|upkeep
|turn|16
|
|move|p2a: Toxapex|Recover|p2a: Toxapex
|-heal|p2a: Toxapex|85/100
|move|p1a: Torkoal|Earth Power|p2a: Toxapex
|-supereffective|p2a: Toxapex
|-damage|p2a: Toxapex|37/100
|
|-weather|none
|-heal|p2a: Toxapex|43/100|[from] item: Black Sludge
|upkeep
|turn|17
|
|switch|p1a: Charizard|Charizard, F|88/100
|move|p2a: Toxapex|Scald|p1a: Charizard
|-supereffective|p1a: Charizard
|-damage|p1a: Charizard|47/100
|
|-heal|p2a: Toxapex|49/100|[from] item: Black Sludge
|upkeep
|turn|18
|
|switch|p1a: Torkoal|Torkoal, M|56/100
|-weather|SunnyDay|[from] ability: Drought|[of] p1a: Torkoal
|move|p2a: Toxapex|Baneful Bunker||[still]
|-fail|p2a: Toxapex
|
|-weather|SunnyDay|[upkeep]
|-heal|p2a: Toxapex|55/100|[from] item: Black Sludge
|upkeep
|turn|19
|
|move|p2a: Toxapex|Recover|p2a: Toxapex
|-heal|p2a: Toxapex|100/100
|move|p1a: Torkoal|Earth Power|p2a: Toxapex
|-supereffective|p2a: Toxapex
|-damage|p2a: Toxapex|49/100
|
|-weather|SunnyDay|[upkeep]
|-heal|p2a: Toxapex|55/100|[from] item: Black Sludge
|upkeep
|turn|20
|
|switch|p1a: Charizard|Charizard, F|47/100
|move|p2a: Toxapex|Recover|p2a: Toxapex
|-heal|p2a: Toxapex|100/100
|
|-weather|SunnyDay|[upkeep]
|-damage|p1a: Charizard|35/100|[from] ability: Solar Power|[of] p1a: Charizard
|upkeep
|turn|21
|
|move|p2a: Toxapex|Baneful Bunker|p2a: Toxapex
|-singleturn|p2a: Toxapex|move: Protect
|move|p1a: Charizard|Air Slash|p2a: Toxapex
|-activate|p2a: Toxapex|move: Protect
|
|-weather|SunnyDay|[upkeep]
|-damage|p1a: Charizard|22/100|[from] ability: Solar Power|[of] p1a: Charizard
|upkeep
|turn|22
|
|move|p1a: Charizard|Air Slash|p2a: Toxapex
|-damage|p2a: Toxapex|51/100
|move|p2a: Toxapex|Scald|p1a: Charizard
|-supereffective|p1a: Charizard
|-damage|p1a: Charizard|2/100
|
|-weather|SunnyDay|[upkeep]
|-damage|p1a: Charizard|0 fnt|[from] ability: Solar Power|[of] p1a: Charizard
|faint|p1a: Charizard
|-heal|p2a: Toxapex|57/100|[from] item: Black Sludge
|upkeep
|
|switch|p1a: Vileplume|Vileplume, M|100/100
|turn|23
|
|switch|p2a: Grimmsnarl|Grimmsnarl, M|100/100
|-damage|p2a: Grimmsnarl|88/100|[from] Stealth Rock
|move|p1a: Vileplume|Solar Beam||[still]
|-prepare|p1a: Vileplume|Solar Beam|p2a: Grimmsnarl
|-anim|p1a: Vileplume|Solar Beam|p2a: Grimmsnarl
|-damage|p2a: Grimmsnarl|20/100
|
|-weather|SunnyDay|[upkeep]
|upkeep
|turn|24
|
|switch|p1a: Torkoal|Torkoal, M|56/100
|move|p2a: Grimmsnarl|Thunder Wave|p1a: Torkoal|[miss]
|-miss|p2a: Grimmsnarl|p1a: Torkoal
|
|-weather|SunnyDay|[upkeep]
|upkeep
|turn|25
|
|move|p2a: Grimmsnarl|Thunder Wave|p1a: Torkoal
|-status|p1a: Torkoal|par
|move|p1a: Torkoal|Earth Power|p2a: Grimmsnarl
|-damage|p2a: Grimmsnarl|0 fnt
|faint|p2a: Grimmsnarl
|
|-weather|none
|upkeep
|
|switch|p2a: Dracovish|Dracovish|100/100
|-damage|p2a: Dracovish|88/100|[from] Stealth Rock
|turn|26
|
|switch|p1a: Haxorus|Haxorus, F|100/100
|-ability|p1a: Haxorus|Mold Breaker
|move|p2a: Dracovish|Earthquake|p1a: Haxorus
|-damage|p1a: Haxorus|67/100
|
|upkeep
|turn|27
|
|switch|p2a: Toxapex|Toxapex, M|91/100
|-damage|p2a: Toxapex|78/100|[from] Stealth Rock
|move|p1a: Haxorus|Outrage|p2a: Toxapex
|-damage|p2a: Toxapex|0 fnt
|faint|p2a: Toxapex
|
|upkeep
|
|switch|p2a: Eiscue|Eiscue, M|100/100
|-damage|p2a: Eiscue|75/100|[from] Stealth Rock
|turn|28
|
|move|p1a: Haxorus|Outrage|p2a: Eiscue|[from]lockedmove
|-damage|p2a: Eiscue|0 fnt
|-start|p1a: Haxorus|confusion|[fatigue]
|faint|p2a: Eiscue
|
|upkeep
|
|switch|p2a: Dracovish|Dracovish|88/100
|-damage|p2a: Dracovish|76/100|[from] Stealth Rock
|turn|29
|
|switch|p1a: Torkoal|Torkoal, M|56/100 par
|-weather|SunnyDay|[from] ability: Drought|[of] p1a: Torkoal
|move|p2a: Dracovish|Outrage|p1a: Torkoal
|-damage|p1a: Torkoal|23/100 par
|
|-weather|SunnyDay|[upkeep]
|upkeep
|turn|30
|
|move|p2a: Dracovish|Outrage|p1a: Torkoal|[from]lockedmove
|-damage|p1a: Torkoal|0 fnt
|-start|p2a: Dracovish|confusion|[fatigue]
|faint|p1a: Torkoal
|
|-weather|SunnyDay|[upkeep]
|upkeep
|
|switch|p1a: Haxorus|Haxorus, F|67/100
|-ability|p1a: Haxorus|Mold Breaker
|turn|31
|
|-activate|p2a: Dracovish|confusion
|-damage|p2a: Dracovish|64/100|[from] confusion
|move|p1a: Haxorus|Outrage|p2a: Dracovish
|-supereffective|p2a: Dracovish
|-damage|p2a: Dracovish|0 fnt
|faint|p2a: Dracovish
|
|win|Didn't have
|l|☆Username888
|raw|Didn't have's rating: 1152 → 1181(+29 for winning)
|raw|Username888's rating: 1198 → 1169(-29 for losing)
