|ScrapeTime|2020-01-02-01:55:07
|j|☆4kworldwide
|j|☆Elite 4 Azure
|player|p1|4kworldwide|dawn|1128
|player|p2|Elite 4 Azure|141|1137
|teamsize|p1|6
|teamsize|p2|6
|gametype|singles
|gen|8
|tier|[Gen 8] OU
|rated|
|rule|Sleep Clause Mod: Limit one foe put to sleep
|rule|Species Clause: Limit one of each Pokémon
|rule|OHKO Clause: OHKO moves are banned
|rule|Evasion Moves Clause: Evasion moves are banned
|rule|Endless Battle Clause: Forcing endless battles is banned
|rule|HP Percentage Mod: HP is shown in percentages
|clearpoke
|poke|p1|Ferrothorn, M|
|poke|p1|Dragapult, M|
|poke|p1|Gyarados, M|
|poke|p1|Hatterene, F|
|poke|p1|Grimmsnarl, M|
|poke|p1|Clefable, F|
|poke|p2|Arctovish|
|poke|p2|Hatterene, F|
|poke|p2|Jellicent, M|
|poke|p2|Pincurchin, M|
|poke|p2|Scrafty, F|
|poke|p2|Drapion, F|
|rule|Dynamax Clause: You cannot dynamax
|teampreview
|inactive|Battle timer is ON: inactive players will automatically lose when time's up. (requested by 4kworldwide)
|
|start
|switch|p1a: Grimmsnarl|Grimmsnarl, M, shiny|100/100
|switch|p2a: Hatterene|Hatterene, F|100/100
|turn|1
|
|move|p1a: Grimmsnarl|Light Screen|p1a: Grimmsnarl
|-sidestart|p1: 4kworldwide|move: Light Screen
|move|p2a: Hatterene|Draining Kiss|p1a: Grimmsnarl
|-supereffective|p1a: Grimmsnarl
|-damage|p1a: Grimmsnarl|70/100
|
|upkeep
|turn|2
|
|switch|p1a: Ferrothorn|Ferrothorn, M|100/100
|move|p2a: Hatterene|Trick Room|p2a: Hatterene
|-fieldstart|move: Trick Room|[of] p2a: Hatterene
|
|upkeep
|turn|3
|
|move|p1a: Ferrothorn|Leech Seed|p2a: Hatterene
|move|p2a: Hatterene|Leech Seed|p1a: Ferrothorn|[from]Magic Bounce
|-immune|p1a: Ferrothorn
|move|p2a: Hatterene|Mystical Fire|p1a: Ferrothorn
|-supereffective|p1a: Ferrothorn
|-damage|p1a: Ferrothorn|58/100
|-unboost|p1a: Ferrothorn|spa|1
|
|upkeep
|turn|4
|
|switch|p1a: Gyarados|Gyarados, M|100/100
|move|p2a: Hatterene|Mystical Fire|p1a: Gyarados
|-resisted|p1a: Gyarados
|-damage|p1a: Gyarados|95/100
|-unboost|p1a: Gyarados|spa|1
|
|upkeep
|turn|5
|
|switch|p2a: Jellicent|Jellicent, M|100/100
|move|p1a: Gyarados|Substitute|p1a: Gyarados
|-start|p1a: Gyarados|Substitute
|-damage|p1a: Gyarados|70/100
|
|upkeep
|turn|6
|
|move|p2a: Jellicent|Hex|p1a: Gyarados
|-activate|p1a: Gyarados|move: Substitute|[damage]
|move|p1a: Gyarados|Earthquake|p2a: Jellicent
|-damage|p2a: Jellicent|70/100
|
|-heal|p2a: Jellicent|76/100|[from] item: Leftovers
|-fieldend|move: Trick Room
|upkeep
|turn|7
|
|move|p1a: Gyarados|Dragon Dance|p1a: Gyarados
|-boost|p1a: Gyarados|atk|1
|-boost|p1a: Gyarados|spe|1
|move|p2a: Jellicent|Hex|p1a: Gyarados
|-activate|p1a: Gyarados|move: Substitute|[damage]
|
|-heal|p2a: Jellicent|82/100|[from] item: Leftovers
|upkeep
|turn|8
|
|move|p1a: Gyarados|Earthquake|p2a: Jellicent
|-damage|p2a: Jellicent|38/100
|move|p2a: Jellicent|Hex|p1a: Gyarados
|-activate|p1a: Gyarados|move: Substitute|[damage]
|
|-heal|p2a: Jellicent|44/100|[from] item: Leftovers
|-sideend|p1: 4kworldwide|move: Light Screen
|upkeep
|turn|9
|
|move|p1a: Gyarados|Dragon Dance|p1a: Gyarados
|-boost|p1a: Gyarados|atk|1
|-boost|p1a: Gyarados|spe|1
|move|p2a: Jellicent|Hex|p1a: Gyarados
|-end|p1a: Gyarados|Substitute
|
|-heal|p2a: Jellicent|50/100|[from] item: Leftovers
|upkeep
|turn|10
|
|switch|p2a: Scrafty|Scrafty, F|100/100
|-ability|p2a: Scrafty|Intimidate|boost
|-unboost|p1a: Gyarados|atk|1
|move|p1a: Gyarados|Earthquake|p2a: Scrafty
|-damage|p2a: Scrafty|60/100
|
|upkeep
|turn|11
|
|move|p2a: Scrafty|Fake Out|p1a: Gyarados
|-damage|p1a: Gyarados|55/100
|cant|p1a: Gyarados|flinch
|
|upkeep
|turn|12
|
|move|p1a: Gyarados|Waterfall|p2a: Scrafty
|-damage|p2a: Scrafty|18/100
|move|p2a: Scrafty|Throat Chop|p1a: Gyarados
|-crit|p1a: Gyarados
|-damage|p1a: Gyarados|0 fnt
|faint|p1a: Gyarados
|
|upkeep
|
|switch|p1a: Dragapult|Dragapult, M|100/100
|turn|13
|
|move|p1a: Dragapult|Thunderbolt|p2a: Scrafty
|-damage|p2a: Scrafty|6/100
|move|p2a: Scrafty|Throat Chop|p1a: Dragapult
|-supereffective|p1a: Dragapult
|-damage|p1a: Dragapult|29/100
|-start|p1a: Dragapult|Throat Chop|[silent]
|
|upkeep
|turn|14
|
|move|p1a: Dragapult|Thunderbolt|p2a: Scrafty
|-damage|p2a: Scrafty|0 fnt
|faint|p2a: Scrafty
|
|-end|p1a: Dragapult|Throat Chop|[silent]
|upkeep
|
|switch|p2a: Drapion|Drapion, F|100/100
|turn|15
|
|switch|p1a: Ferrothorn|Ferrothorn, M|58/100
|move|p2a: Drapion|Night Slash|p1a: Ferrothorn
|-crit|p1a: Ferrothorn
|-damage|p1a: Ferrothorn|5/100
|-damage|p2a: Drapion|88/100|[from] ability: Iron Barbs|[of] p1a: Ferrothorn
|-damage|p2a: Drapion|72/100|[from] item: Rocky Helmet|[of] p1a: Ferrothorn
|
|upkeep
|turn|16
|
|move|p1a: Ferrothorn|Protect|p1a: Ferrothorn
|-singleturn|p1a: Ferrothorn|Protect
|move|p2a: Drapion|Earthquake|p1a: Ferrothorn
|-activate|p1a: Ferrothorn|move: Protect
|
|upkeep
|turn|17
|
|move|p2a: Drapion|Earthquake|p1a: Ferrothorn
|-damage|p1a: Ferrothorn|0 fnt
|faint|p1a: Ferrothorn
|
|upkeep
|
|switch|p1a: Clefable|Clefable, F|100/100
|turn|18
|
|move|p2a: Drapion|Cross Poison|p1a: Clefable
|-supereffective|p1a: Clefable
|-crit|p1a: Clefable
|-damage|p1a: Clefable|0 fnt
|faint|p1a: Clefable
|
|upkeep
|
|switch|p1a: Grimmsnarl|Grimmsnarl, M, shiny|70/100
|turn|19
|
|move|p1a: Grimmsnarl|Reflect|p1a: Grimmsnarl
|-sidestart|p1: 4kworldwide|Reflect
|move|p2a: Drapion|Cross Poison|p1a: Grimmsnarl
|-supereffective|p1a: Grimmsnarl
|-crit|p1a: Grimmsnarl
|-damage|p1a: Grimmsnarl|0 fnt
|faint|p1a: Grimmsnarl
|
|upkeep
|
|switch|p1a: Dragapult|Dragapult, M|29/100
|turn|20
|
|move|p1a: Dragapult|Dragon Darts|p2a: Drapion
|-damage|p2a: Drapion|49/100
|-damage|p2a: Drapion|28/100
|-hitcount|p2a: Drapion|2
|move|p2a: Drapion|Night Slash|p1a: Dragapult
|-supereffective|p1a: Dragapult
|-crit|p1a: Dragapult
|-damage|p1a: Dragapult|0 fnt
|faint|p1a: Dragapult
|
|upkeep
|
|switch|p1a: Hatterene|Hatterene, F|100/100
|turn|21
|
|move|p2a: Drapion|Cross Poison|p1a: Hatterene
|-supereffective|p1a: Hatterene
|-crit|p1a: Hatterene
|-damage|p1a: Hatterene|0 fnt
|faint|p1a: Hatterene
|
|win|Elite 4 Azure
|raw|4kworldwide's rating: 1154 → 1128(-26 for losing)
|raw|Elite 4 Azure's rating: 1137 → 1163(+26 for winning)
|c|☆4kworldwide|Wtf cheater
|c|☆Elite 4 Azure|scope lens
|c|☆4kworldwide|5 critical hits in a rown
|c|☆Elite 4 Azure|and the moves have high crit rates
|l|☆4kworldwide
