|ScrapeTime|2020-01-02-08:44:44
|j|☆pastagirl
|j|☆beeoi
|player|p1|pastagirl|beauty-gen4dp|1483
|player|p2|beeoi|artist|1439
|teamsize|p1|6
|teamsize|p2|6
|gametype|singles
|gen|8
|tier|[Gen 8] OU
|rated|
|rule|Sleep Clause Mod: Limit one foe put to sleep
|rule|Species Clause: Limit one of each Pokémon
|rule|OHKO Clause: OHKO moves are banned
|rule|Evasion Moves Clause: Evasion moves are banned
|rule|Endless Battle Clause: Forcing endless battles is banned
|rule|HP Percentage Mod: HP is shown in percentages
|clearpoke
|poke|p1|Togekiss, M|
|poke|p1|Mamoswine, M|
|poke|p1|Ferrothorn, M|
|poke|p1|Dracozolt|
|poke|p1|Conkeldurr, M|
|poke|p1|Toxapex, M|
|poke|p2|Shuckle, M|
|poke|p2|Sigilyph, F|
|poke|p2|Dragapult, M|
|poke|p2|Mimikyu, F|
|poke|p2|Wishiwashi, F|
|poke|p2|Salazzle, F|
|rule|Dynamax Clause: You cannot dynamax
|teampreview
|j| hero
|inactive|Battle timer is ON: inactive players will automatically lose when time's up. (requested by beeoi)
|c|☆pastagirl|i will be right back i'm so sorry
|c|☆pastagirl|my mousepad isn't working
|l| hero
|l|☆pastagirl
|inactive|pastagirl disconnected and has a minute to reconnect!
|player|p1|
|inactiveoff|Battle timer is now OFF.
|c|☆beeoi|np
|j|☆pastagirl
|player|p1|pastagirl|beauty-gen4dp
|
|start
|switch|p1a: Togekiss|Togekiss, M|100/100
|switch|p2a: Uru|Shuckle, M|100/100
|turn|1
|c|☆pastagirl|thanks :D
|
|move|p1a: Togekiss|Air Slash|p2a: Uru
|-damage|p2a: Uru|75/100
|move|p2a: Uru|Stealth Rock|p1a: Togekiss
|-sidestart|p1: pastagirl|move: Stealth Rock
|
|upkeep
|turn|2
|
|move|p1a: Togekiss|Air Slash|p2a: Uru
|-damage|p2a: Uru|48/100
|move|p2a: Uru|Sticky Web|p1a: Togekiss
|-sidestart|p1: pastagirl|move: Sticky Web
|
|upkeep
|turn|3
|
|move|p1a: Togekiss|Air Slash|p2a: Uru
|-damage|p2a: Uru|24/100
|move|p2a: Uru|Final Gambit|p1a: Togekiss
|-damage|p1a: Togekiss|82/100
|faint|p2a: Uru
|
|upkeep
|
|switch|p2a: Ccarayhua|Salazzle, F|100/100
|turn|4
|
|move|p1a: Togekiss|Air Slash|p2a: Ccarayhua
|-damage|p2a: Ccarayhua|37/100
|cant|p2a: Ccarayhua|flinch
|
|upkeep
|turn|5
|
|switch|p2a: Cusillu|Dragapult, M|100/100
|move|p1a: Togekiss|Air Slash|p2a: Cusillu
|-damage|p2a: Cusillu|54/100
|
|upkeep
|turn|6
|
|switch|p1a: Mamoswine|Mamoswine, M|100/100
|-activate|p1a: Mamoswine|move: Sticky Web
|-unboost|p1a: Mamoswine|spe|1
|-damage|p1a: Mamoswine|88/100|[from] Stealth Rock
|move|p2a: Cusillu|Dragon Dance|p2a: Cusillu
|-boost|p2a: Cusillu|atk|1
|-boost|p2a: Cusillu|spe|1
|
|upkeep
|turn|7
|
|move|p2a: Cusillu|Dragon Darts|p1a: Mamoswine
|-damage|p1a: Mamoswine|36/100
|-damage|p1a: Mamoswine|0 fnt
|-hitcount|p1a: Mamoswine|2
|-damage|p2a: Cusillu|44/100|[from] item: Life Orb
|faint|p1a: Mamoswine
|
|upkeep
|
|switch|p1a: Togekiss|Togekiss, M|82/100
|-damage|p1a: Togekiss|57/100|[from] Stealth Rock
|turn|8
|
|move|p2a: Cusillu|Phantom Force||[still]
|-prepare|p2a: Cusillu|Phantom Force|p1a: Togekiss
|move|p1a: Togekiss|Dazzling Gleam|p2a: Cusillu|[miss]
|-miss|p1a: Togekiss|p2a: Cusillu
|
|upkeep
|turn|9
|
|switch|p1a: Ferrothorn|Ferrothorn, M|100/100
|-activate|p1a: Ferrothorn|move: Sticky Web
|-unboost|p1a: Ferrothorn|spe|1
|-damage|p1a: Ferrothorn|94/100|[from] Stealth Rock
|move|p2a: Cusillu|Phantom Force|p1a: Ferrothorn|[from]lockedmove
|-damage|p1a: Ferrothorn|41/100
|-damage|p2a: Cusillu|32/100|[from] ability: Iron Barbs|[of] p1a: Ferrothorn
|-damage|p2a: Cusillu|22/100|[from] item: Life Orb
|
|-heal|p1a: Ferrothorn|47/100|[from] item: Leftovers
|upkeep
|turn|10
|
|switch|p2a: Aslla Piscu|Sigilyph, F|100/100
|move|p1a: Ferrothorn|Leech Seed|p2a: Aslla Piscu
|-start|p2a: Aslla Piscu|move: Leech Seed
|
|-heal|p1a: Ferrothorn|53/100|[from] item: Leftovers
|upkeep
|turn|11
|
|move|p2a: Aslla Piscu|Heat Wave|p1a: Ferrothorn
|-supereffective|p1a: Ferrothorn
|-damage|p1a: Ferrothorn|0 fnt
|faint|p1a: Ferrothorn
|
|upkeep
|
|switch|p1a: Dracozolt|Dracozolt|100/100
|-activate|p1a: Dracozolt|move: Sticky Web
|-unboost|p1a: Dracozolt|spe|1
|-damage|p1a: Dracozolt|88/100|[from] Stealth Rock
|turn|12
|
|move|p1a: Dracozolt|Substitute|p1a: Dracozolt
|-start|p1a: Dracozolt|Substitute
|-damage|p1a: Dracozolt|63/100
|move|p2a: Aslla Piscu|Trick Room|p2a: Aslla Piscu
|-fieldstart|move: Trick Room|[of] p2a: Aslla Piscu
|
|upkeep
|turn|13
|
|move|p1a: Dracozolt|Bolt Beak|p2a: Aslla Piscu
|-supereffective|p2a: Aslla Piscu
|-damage|p2a: Aslla Piscu|0 fnt
|faint|p2a: Aslla Piscu
|
|upkeep
|
|switch|p2a: Cusillu|Dragapult, M|22/100
|turn|14
|
|move|p2a: Cusillu|Sucker Punch|p1a: Dracozolt
|-damage|p1a: Dracozolt|21/100
|-damage|p2a: Cusillu|12/100|[from] item: Life Orb
|move|p1a: Dracozolt|Bolt Beak|p2a: Cusillu
|-resisted|p2a: Cusillu
|-damage|p2a: Cusillu|0 fnt
|faint|p2a: Cusillu
|
|upkeep
|
|switch|p2a: Ccapac Apu|Mimikyu, F|100/100
|turn|15
|
|move|p1a: Dracozolt|Bolt Beak|p2a: Ccapac Apu
|-activate|p2a: Ccapac Apu|ability: Disguise
|-damage|p2a: Ccapac Apu|100/100
|detailschange|p2a: Ccapac Apu|Mimikyu-Busted, F
|-damage|p2a: Ccapac Apu|88/100|[from] ability: Disguise|[of] p2a: Ccapac Apu
|move|p2a: Ccapac Apu|Play Rough|p1a: Dracozolt
|-supereffective|p1a: Dracozolt
|-end|p1a: Dracozolt|Substitute
|
|upkeep
|turn|16
|
|move|p2a: Ccapac Apu|Shadow Sneak|p1a: Dracozolt
|-damage|p1a: Dracozolt|0 fnt
|faint|p1a: Dracozolt
|
|-fieldend|move: Trick Room
|upkeep
|
|switch|p1a: Toxapex|Toxapex, M|100/100
|-activate|p1a: Toxapex|move: Sticky Web
|-unboost|p1a: Toxapex|spe|1
|-damage|p1a: Toxapex|88/100|[from] Stealth Rock
|turn|17
|
|move|p2a: Ccapac Apu|Swords Dance|p2a: Ccapac Apu
|-boost|p2a: Ccapac Apu|atk|2
|move|p1a: Toxapex|Scald|p2a: Ccapac Apu
|-damage|p2a: Ccapac Apu|66/100
|-status|p2a: Ccapac Apu|brn
|
|-heal|p1a: Toxapex|94/100|[from] item: Black Sludge
|-damage|p2a: Ccapac Apu|60/100 brn|[from] brn
|upkeep
|turn|18
|
|move|p2a: Ccapac Apu|Shadow Claw|p1a: Toxapex
|-damage|p1a: Toxapex|71/100
|move|p1a: Toxapex|Haze|p1a: Toxapex
|-clearallboost
|
|-heal|p1a: Toxapex|77/100|[from] item: Black Sludge
|-damage|p2a: Ccapac Apu|54/100 brn|[from] brn
|upkeep
|turn|19
|
|move|p2a: Ccapac Apu|Shadow Claw|p1a: Toxapex
|-damage|p1a: Toxapex|65/100
|move|p1a: Toxapex|Scald|p2a: Ccapac Apu
|-damage|p2a: Ccapac Apu|34/100 brn
|
|-heal|p1a: Toxapex|72/100|[from] item: Black Sludge
|-damage|p2a: Ccapac Apu|28/100 brn|[from] brn
|upkeep
|turn|20
|
|move|p2a: Ccapac Apu|Swords Dance|p2a: Ccapac Apu
|-boost|p2a: Ccapac Apu|atk|2
|move|p1a: Toxapex|Recover|p1a: Toxapex
|-heal|p1a: Toxapex|100/100
|
|-damage|p2a: Ccapac Apu|22/100 brn|[from] brn
|upkeep
|turn|21
|
|move|p2a: Ccapac Apu|Shadow Claw|p1a: Toxapex
|-crit|p1a: Toxapex
|-damage|p1a: Toxapex|65/100
|move|p1a: Toxapex|Scald|p2a: Ccapac Apu
|-damage|p2a: Ccapac Apu|0 fnt
|faint|p2a: Ccapac Apu
|
|-heal|p1a: Toxapex|72/100|[from] item: Black Sludge
|upkeep
|
|switch|p2a: Ccarayhua|Salazzle, F|37/100
|turn|22
|
|move|p2a: Ccarayhua|Toxic|p1a: Toxapex
|-status|p1a: Toxapex|tox
|move|p1a: Toxapex|Scald|p2a: Ccarayhua
|-supereffective|p2a: Ccarayhua
|-damage|p2a: Ccarayhua|0 fnt
|faint|p2a: Ccarayhua
|
|-heal|p1a: Toxapex|78/100 tox|[from] item: Black Sludge
|-damage|p1a: Toxapex|72/100 tox|[from] psn
|upkeep
|
|switch|p2a: Chacu Challhua|Wishiwashi, F|100/100
|-formechange|p2a: Chacu Challhua|Wishiwashi-School||[from] ability: Schooling
|turn|23
|
|move|p1a: Toxapex|Toxic|p2a: Chacu Challhua
|-status|p2a: Chacu Challhua|tox
|move|p2a: Chacu Challhua|Hydro Pump|p1a: Toxapex
|-resisted|p1a: Toxapex
|-damage|p1a: Toxapex|31/100 tox
|
|-heal|p1a: Toxapex|37/100 tox|[from] item: Black Sludge
|-damage|p1a: Toxapex|25/100 tox|[from] psn
|-damage|p2a: Chacu Challhua|94/100 tox|[from] psn
|upkeep
|turn|24
|
|move|p1a: Toxapex|Recover|p1a: Toxapex
|-heal|p1a: Toxapex|75/100 tox
|move|p2a: Chacu Challhua|Hydro Pump|p1a: Toxapex
|-resisted|p1a: Toxapex
|-damage|p1a: Toxapex|35/100 tox
|
|-heal|p1a: Toxapex|41/100 tox|[from] item: Black Sludge
|-damage|p1a: Toxapex|22/100 tox|[from] psn
|-damage|p2a: Chacu Challhua|82/100 tox|[from] psn
|upkeep
|turn|25
|
|move|p1a: Toxapex|Recover|p1a: Toxapex
|-heal|p1a: Toxapex|72/100 tox
|move|p2a: Chacu Challhua|Hydro Pump|p1a: Toxapex|[miss]
|-miss|p2a: Chacu Challhua|p1a: Toxapex
|
|-heal|p1a: Toxapex|78/100 tox|[from] item: Black Sludge
|-damage|p1a: Toxapex|53/100 tox|[from] psn
|-damage|p2a: Chacu Challhua|64/100 tox|[from] psn
|upkeep
|turn|26
|
|move|p1a: Toxapex|Recover|p1a: Toxapex
|-heal|p1a: Toxapex|100/100 tox
|move|p2a: Chacu Challhua|Hydro Pump|p1a: Toxapex
|-resisted|p1a: Toxapex
|-damage|p1a: Toxapex|59/100 tox
|
|-heal|p1a: Toxapex|65/100 tox|[from] item: Black Sludge
|-damage|p1a: Toxapex|34/100 tox|[from] psn
|-damage|p2a: Chacu Challhua|39/100 tox|[from] psn
|upkeep
|turn|27
|
|move|p1a: Toxapex|Recover|p1a: Toxapex
|-heal|p1a: Toxapex|84/100 tox
|move|p2a: Chacu Challhua|Hydro Pump|p1a: Toxapex
|-resisted|p1a: Toxapex
|-damage|p1a: Toxapex|43/100 tox
|
|-heal|p1a: Toxapex|50/100 tox|[from] item: Black Sludge
|-damage|p1a: Toxapex|12/100 tox|[from] psn
|-damage|p2a: Chacu Challhua|9/100 tox|[from] psn
|-formechange|p2a: Chacu Challhua|Wishiwashi||[from] ability: Schooling
|upkeep
|turn|28
|-message|beeoi forfeited.
|
|win|pastagirl
|l|☆beeoi
|raw|pastagirl's rating: 1483 → 1500(+17 for winning)
|raw|beeoi's rating: 1439 → 1422(-17 for losing)
