|ScrapeTime|2020-01-01-16:46:00
|j|☆skeb
|j|☆Gen8 is fun ahahah
|player|p1|skeb|43|1210
|player|p2|Gen8 is fun ahahah|169|1215
|teamsize|p1|6
|teamsize|p2|6
|gametype|singles
|gen|8
|tier|[Gen 8] OU
|rated|
|rule|Sleep Clause Mod: Limit one foe put to sleep
|rule|Species Clause: Limit one of each Pokémon
|rule|OHKO Clause: OHKO moves are banned
|rule|Evasion Moves Clause: Evasion moves are banned
|rule|Endless Battle Clause: Forcing endless battles is banned
|rule|HP Percentage Mod: HP is shown in percentages
|clearpoke
|poke|p1|Conkeldurr, M|
|poke|p1|Obstagoon, F|
|poke|p1|Clefable, F|
|poke|p1|Rotom-Wash|
|poke|p1|Corviknight, M|
|poke|p1|Ferrothorn, F|
|poke|p2|Clefable, F|
|poke|p2|Corviknight, M|
|poke|p2|Seismitoad, M|
|poke|p2|Hydreigon, F|
|poke|p2|Aegislash, M|
|poke|p2|Rotom-Heat|
|rule|Dynamax Clause: You cannot dynamax
|teampreview
|
|start
|switch|p1a: Rotom|Rotom-Wash|100/100
|switch|p2a: Clefable|Clefable, F|100/100
|turn|1
|
|switch|p2a: Seismitoad|Seismitoad, M|100/100
|move|p1a: Rotom|Volt Switch|p2a: Seismitoad
|-immune|p2a: Seismitoad
|
|upkeep
|turn|2
|
|switch|p1a: Ferrothorn|Ferrothorn, F|100/100
|move|p2a: Seismitoad|Scald|p1a: Ferrothorn
|-resisted|p1a: Ferrothorn
|-damage|p1a: Ferrothorn|90/100
|
|-heal|p1a: Ferrothorn|97/100|[from] item: Leftovers
|upkeep
|turn|3
|
|switch|p2a: Clefable|Clefable, F|100/100
|move|p1a: Ferrothorn|Knock Off|p2a: Clefable
|-resisted|p2a: Clefable
|-damage|p2a: Clefable|87/100
|-enditem|p2a: Clefable|Life Orb|[from] move: Knock Off|[of] p1a: Ferrothorn
|
|-heal|p1a: Ferrothorn|100/100|[from] item: Leftovers
|upkeep
|turn|4
|
|switch|p1a: Clefable|Clefable, F|100/100
|move|p2a: Clefable|Flamethrower|p1a: Clefable
|-damage|p1a: Clefable|80/100
|
|-heal|p1a: Clefable|87/100|[from] item: Leftovers
|upkeep
|turn|5
|
|move|p2a: Clefable|Moonblast|p1a: Clefable
|-damage|p1a: Clefable|55/100
|move|p1a: Clefable|Wish|p1a: Clefable
|
|-heal|p1a: Clefable|61/100|[from] item: Leftovers
|upkeep
|turn|6
|
|switch|p2a: Aegislash|Aegislash, M|100/100
|move|p1a: Clefable|Stealth Rock|p2a: Aegislash
|-sidestart|p2: Gen8 is fun ahahah|move: Stealth Rock
|
|-heal|p1a: Clefable|100/100|[from] move: Wish|[wisher] Clefable
|upkeep
|turn|7
|
|switch|p1a: Corviknight|Corviknight, M|100/100
|-ability|p1a: Corviknight|Pressure
|-formechange|p2a: Aegislash|Aegislash-Blade||[from] ability: Stance Change
|move|p2a: Aegislash|Flash Cannon|p1a: Corviknight
|-resisted|p1a: Corviknight
|-damage|p1a: Corviknight|70/100
|
|-heal|p1a: Corviknight|77/100|[from] item: Leftovers
|upkeep
|turn|8
|
|switch|p2a: Rotom|Rotom-Heat|100/100
|switch|p1a: Rotom|Rotom-Wash|100/100
|
|upkeep
|turn|9
|
|switch|p2a: Seismitoad|Seismitoad, M|100/100
|-damage|p2a: Seismitoad|94/100|[from] Stealth Rock
|move|p1a: Rotom|Trick|p2a: Seismitoad
|-activate|p1a: Rotom|move: Trick|[of] p2a: Seismitoad
|-item|p2a: Seismitoad|Choice Scarf|[from] move: Trick
|-item|p1a: Rotom|Leftovers|[from] move: Trick
|
|upkeep
|turn|10
|
|switch|p1a: Ferrothorn|Ferrothorn, F|100/100
|move|p2a: Seismitoad|Scald|p1a: Ferrothorn
|-resisted|p1a: Ferrothorn
|-crit|p1a: Ferrothorn
|-damage|p1a: Ferrothorn|85/100
|
|-heal|p1a: Ferrothorn|91/100|[from] item: Leftovers
|upkeep
|turn|11
|
|switch|p2a: Rotom|Rotom-Heat|100/100
|move|p1a: Ferrothorn|Spikes|p2a: Rotom
|-sidestart|p2: Gen8 is fun ahahah|Spikes
|
|-heal|p1a: Ferrothorn|97/100|[from] item: Leftovers
|upkeep
|turn|12
|
|switch|p1a: Rotom|Rotom-Wash|100/100
|move|p2a: Rotom|Volt Switch|p1a: Rotom
|-damage|p1a: Rotom|75/100
|
|switch|p2a: Hydreigon|Hydreigon, F|100/100|[from]move: Volt Switch
|-damage|p2a: Hydreigon|88/100|[from] Stealth Rock
|
|-heal|p1a: Rotom|81/100|[from] item: Leftovers
|upkeep
|turn|13
|
|move|p2a: Hydreigon|Dark Pulse|p1a: Rotom
|-damage|p1a: Rotom|40/100
|cant|p1a: Rotom|flinch
|
|-heal|p1a: Rotom|46/100|[from] item: Leftovers
|upkeep
|turn|14
|
|move|p2a: Hydreigon|Dark Pulse|p1a: Rotom
|-damage|p1a: Rotom|6/100
|move|p1a: Rotom|Thunder Wave|p2a: Hydreigon
|-status|p2a: Hydreigon|par
|
|-heal|p1a: Rotom|12/100|[from] item: Leftovers
|upkeep
|turn|15
|
|move|p1a: Rotom|Hydro Pump|p2a: Hydreigon
|-resisted|p2a: Hydreigon
|-damage|p2a: Hydreigon|67/100 par
|move|p2a: Hydreigon|Dark Pulse|p1a: Rotom
|-damage|p1a: Rotom|0 fnt
|faint|p1a: Rotom
|
|upkeep
|
|switch|p1a: Clefable|Clefable, F|100/100
|turn|16
|
|switch|p2a: Corviknight|Corviknight, M|100/100
|-damage|p2a: Corviknight|88/100|[from] Stealth Rock
|-ability|p2a: Corviknight|Pressure
|move|p1a: Clefable|Moonblast|p2a: Corviknight
|-resisted|p2a: Corviknight
|-damage|p2a: Corviknight|77/100
|
|-heal|p2a: Corviknight|84/100|[from] item: Leftovers
|upkeep
|turn|17
|
|switch|p1a: Obstagoon|Obstagoon, F|100/100
|move|p2a: Corviknight|Iron Head|p1a: Obstagoon
|-damage|p1a: Obstagoon|75/100
|
|-heal|p2a: Corviknight|90/100|[from] item: Leftovers
|-status|p1a: Obstagoon|brn|[from] item: Flame Orb
|upkeep
|turn|18
|
|move|p1a: Obstagoon|Knock Off|p2a: Corviknight
|-damage|p2a: Corviknight|40/100
|-enditem|p2a: Corviknight|Leftovers|[from] move: Knock Off|[of] p1a: Obstagoon
|move|p2a: Corviknight|Body Press|p1a: Obstagoon
|-supereffective|p1a: Obstagoon
|-damage|p1a: Obstagoon|0 fnt
|faint|p1a: Obstagoon
|
|upkeep
|
|switch|p1a: Conkeldurr|Conkeldurr, M|100/100
|turn|19
|
|switch|p2a: Seismitoad|Seismitoad, M|94/100
|-damage|p2a: Seismitoad|88/100|[from] Stealth Rock
|-damage|p2a: Seismitoad|76/100|[from] Spikes
|move|p1a: Conkeldurr|Drain Punch|p2a: Seismitoad
|-damage|p2a: Seismitoad|45/100
|
|-status|p1a: Conkeldurr|brn|[from] item: Flame Orb
|upkeep
|turn|20
|
|switch|p1a: Clefable|Clefable, F|100/100
|move|p2a: Seismitoad|Scald|p1a: Clefable
|-damage|p1a: Clefable|81/100
|-status|p1a: Clefable|brn
|
|-heal|p1a: Clefable|87/100 brn|[from] item: Leftovers
|upkeep
|turn|21
|
|move|p2a: Seismitoad|Scald|p1a: Clefable
|-damage|p1a: Clefable|69/100 brn
|move|p1a: Clefable|Moonblast|p2a: Seismitoad
|-damage|p2a: Seismitoad|13/100
|-unboost|p2a: Seismitoad|spa|1
|
|-heal|p1a: Clefable|75/100 brn|[from] item: Leftovers
|upkeep
|turn|22
|
|switch|p2a: Corviknight|Corviknight, M|40/100
|-damage|p2a: Corviknight|27/100|[from] Stealth Rock
|-ability|p2a: Corviknight|Pressure
|move|p1a: Clefable|Wish|p1a: Clefable
|
|-heal|p1a: Clefable|81/100 brn|[from] item: Leftovers
|upkeep
|turn|23
|
|switch|p1a: Ferrothorn|Ferrothorn, F|97/100
|move|p2a: Corviknight|Roost|p2a: Corviknight
|-heal|p2a: Corviknight|77/100
|-singleturn|p2a: Corviknight|move: Roost
|
|-heal|p1a: Ferrothorn|100/100|[from] move: Wish|[wisher] Clefable
|upkeep
|turn|24
|
|switch|p2a: Clefable|Clefable, F|87/100
|move|p1a: Ferrothorn|Leech Seed|p2a: Clefable
|-start|p2a: Clefable|move: Leech Seed
|
|upkeep
|turn|25
|
|switch|p1a: Clefable|Clefable, F|81/100 brn
|move|p2a: Clefable|Flamethrower|p1a: Clefable
|-damage|p1a: Clefable|60/100 brn
|
|-heal|p1a: Clefable|66/100 brn|[from] item: Leftovers
|upkeep
|turn|26
|
|move|p2a: Clefable|Moonblast|p1a: Clefable
|-damage|p1a: Clefable|29/100 brn
|move|p1a: Clefable|Wish|p1a: Clefable
|
|-heal|p1a: Clefable|36/100 brn|[from] item: Leftovers
|upkeep
|turn|27
|
|move|p1a: Clefable|Protect|p1a: Clefable
|-singleturn|p1a: Clefable|Protect
|move|p2a: Clefable|Moonblast|p1a: Clefable
|-activate|p1a: Clefable|move: Protect
|
|-heal|p1a: Clefable|86/100 brn|[from] move: Wish|[wisher] Clefable
|-heal|p1a: Clefable|92/100 brn|[from] item: Leftovers
|upkeep
|turn|28
|
|switch|p2a: Aegislash|Aegislash, M|100/100
|-damage|p2a: Aegislash|94/100|[from] Stealth Rock
|-damage|p2a: Aegislash|82/100|[from] Spikes
|switch|p1a: Corviknight|Corviknight, M|77/100
|-ability|p1a: Corviknight|Pressure
|
|-heal|p1a: Corviknight|83/100|[from] item: Leftovers
|upkeep
|turn|29
|
|switch|p2a: Rotom|Rotom-Heat|100/100
|move|p1a: Corviknight|Substitute|p1a: Corviknight
|-start|p1a: Corviknight|Substitute
|-damage|p1a: Corviknight|58/100
|
|-heal|p1a: Corviknight|64/100|[from] item: Leftovers
|upkeep
|turn|30
|
|move|p2a: Rotom|Volt Switch|p1a: Corviknight
|-supereffective|p1a: Corviknight
|-end|p1a: Corviknight|Substitute
|
|switch|p2a: Clefable|Clefable, F|87/100|[from]move: Volt Switch
|move|p1a: Corviknight|Roost|p1a: Corviknight
|-heal|p1a: Corviknight|100/100
|-singleturn|p1a: Corviknight|move: Roost
|
|upkeep
|turn|31
|
|move|p2a: Clefable|Thunderbolt|p1a: Corviknight
|-supereffective|p1a: Corviknight
|-damage|p1a: Corviknight|59/100
|move|p1a: Corviknight|Substitute|p1a: Corviknight
|-start|p1a: Corviknight|Substitute
|-damage|p1a: Corviknight|34/100
|
|-heal|p1a: Corviknight|40/100|[from] item: Leftovers
|upkeep
|turn|32
|
|move|p2a: Clefable|Thunderbolt|p1a: Corviknight
|-supereffective|p1a: Corviknight
|-end|p1a: Corviknight|Substitute
|move|p1a: Corviknight|Roost|p1a: Corviknight
|-heal|p1a: Corviknight|90/100
|-singleturn|p1a: Corviknight|move: Roost
|
|-heal|p1a: Corviknight|96/100|[from] item: Leftovers
|upkeep
|turn|33
|
|switch|p1a: Clefable|Clefable, F|92/100 brn
|move|p2a: Clefable|Flamethrower|p1a: Clefable
|-damage|p1a: Clefable|71/100 brn
|
|-heal|p1a: Clefable|77/100 brn|[from] item: Leftovers
|upkeep
|turn|34
|
|move|p2a: Clefable|Moonblast|p1a: Clefable
|-damage|p1a: Clefable|45/100 brn
|move|p1a: Clefable|Moonblast|p2a: Clefable
|-damage|p2a: Clefable|49/100
|
|-heal|p1a: Clefable|51/100 brn|[from] item: Leftovers
|upkeep
|turn|35
|
|move|p2a: Clefable|Moonlight|p2a: Clefable
|-heal|p2a: Clefable|98/100
|move|p1a: Clefable|Wish|p1a: Clefable
|
|-heal|p1a: Clefable|57/100 brn|[from] item: Leftovers
|upkeep
|turn|36
|
|move|p2a: Clefable|Moonblast|p1a: Clefable
|-damage|p1a: Clefable|23/100 brn
|move|p1a: Clefable|Moonblast|p2a: Clefable
|-damage|p2a: Clefable|61/100
|-unboost|p2a: Clefable|spa|1
|
|-heal|p1a: Clefable|73/100 brn|[from] move: Wish|[wisher] Clefable
|-heal|p1a: Clefable|79/100 brn|[from] item: Leftovers
|upkeep
|turn|37
|
|switch|p1a: Conkeldurr|Conkeldurr, M|100/100 brn
|move|p2a: Clefable|Moonlight|p2a: Clefable
|-heal|p2a: Clefable|100/100
|
|-damage|p1a: Conkeldurr|94/100 brn|[from] brn
|upkeep
|turn|38
|
|switch|p1a: Ferrothorn|Ferrothorn, F|100/100
|move|p2a: Clefable|Moonblast|p1a: Ferrothorn
|-resisted|p1a: Ferrothorn
|-damage|p1a: Ferrothorn|88/100
|-unboost|p1a: Ferrothorn|spa|1
|
|-heal|p1a: Ferrothorn|94/100|[from] item: Leftovers
|upkeep
|turn|39
|
|switch|p1a: Clefable|Clefable, F|79/100 brn
|move|p2a: Clefable|Flamethrower|p1a: Clefable
|-damage|p1a: Clefable|64/100 brn
|
|-heal|p1a: Clefable|71/100 brn|[from] item: Leftovers
|upkeep
|turn|40
|
|move|p2a: Clefable|Moonblast|p1a: Clefable
|-damage|p1a: Clefable|47/100 brn
|move|p1a: Clefable|Wish|p1a: Clefable
|
|-heal|p1a: Clefable|54/100 brn|[from] item: Leftovers
|upkeep
|turn|41
|
|move|p2a: Clefable|Moonblast|p1a: Clefable
|-damage|p1a: Clefable|30/100 brn
|move|p1a: Clefable|Moonblast|p2a: Clefable
|-damage|p2a: Clefable|64/100
|
|-heal|p1a: Clefable|80/100 brn|[from] move: Wish|[wisher] Clefable
|-heal|p1a: Clefable|86/100 brn|[from] item: Leftovers
|upkeep
|turn|42
|
|move|p2a: Clefable|Moonblast|p1a: Clefable
|-damage|p1a: Clefable|65/100 brn
|move|p1a: Clefable|Moonblast|p2a: Clefable
|-damage|p2a: Clefable|30/100
|
|-heal|p1a: Clefable|71/100 brn|[from] item: Leftovers
|upkeep
|turn|43
|
|switch|p1a: Corviknight|Corviknight, M|96/100
|-ability|p1a: Corviknight|Pressure
|move|p2a: Clefable|Moonlight|p2a: Clefable
|-heal|p2a: Clefable|80/100
|
|-heal|p1a: Corviknight|100/100|[from] item: Leftovers
|upkeep
|turn|44
|
|move|p2a: Clefable|Flamethrower|p1a: Corviknight
|-supereffective|p1a: Corviknight
|-damage|p1a: Corviknight|71/100
|move|p1a: Corviknight|Substitute|p1a: Corviknight
|-start|p1a: Corviknight|Substitute
|-damage|p1a: Corviknight|46/100
|
|-heal|p1a: Corviknight|53/100|[from] item: Leftovers
|upkeep
|turn|45
|
|move|p2a: Clefable|Thunderbolt|p1a: Corviknight
|-supereffective|p1a: Corviknight
|-end|p1a: Corviknight|Substitute
|move|p1a: Corviknight|Bulk Up|p1a: Corviknight
|-boost|p1a: Corviknight|atk|1
|-boost|p1a: Corviknight|def|1
|
|-heal|p1a: Corviknight|59/100|[from] item: Leftovers
|upkeep
|turn|46
|
|move|p2a: Clefable|Flamethrower|p1a: Corviknight
|-supereffective|p1a: Corviknight
|-damage|p1a: Corviknight|32/100
|move|p1a: Corviknight|Roost|p1a: Corviknight
|-heal|p1a: Corviknight|82/100
|-singleturn|p1a: Corviknight|move: Roost
|
|-heal|p1a: Corviknight|89/100|[from] item: Leftovers
|upkeep
|turn|47
|
|move|p2a: Clefable|Flamethrower|p1a: Corviknight
|-supereffective|p1a: Corviknight
|-damage|p1a: Corviknight|63/100
|move|p1a: Corviknight|Substitute|p1a: Corviknight
|-start|p1a: Corviknight|Substitute
|-damage|p1a: Corviknight|38/100
|
|-heal|p1a: Corviknight|44/100|[from] item: Leftovers
|upkeep
|turn|48
|
|move|p2a: Clefable|Flamethrower|p1a: Corviknight
|-supereffective|p1a: Corviknight
|-end|p1a: Corviknight|Substitute
|move|p1a: Corviknight|Roost|p1a: Corviknight
|-heal|p1a: Corviknight|94/100
|-singleturn|p1a: Corviknight|move: Roost
|
|-heal|p1a: Corviknight|99/100|[from] item: Leftovers
|upkeep
|turn|49
|
|move|p2a: Clefable|Flamethrower|p1a: Corviknight
|-supereffective|p1a: Corviknight
|-damage|p1a: Corviknight|74/100
|move|p1a: Corviknight|Substitute|p1a: Corviknight
|-start|p1a: Corviknight|Substitute
|-damage|p1a: Corviknight|49/100
|
|-heal|p1a: Corviknight|55/100|[from] item: Leftovers
|upkeep
|turn|50
|
|move|p2a: Clefable|Flamethrower|p1a: Corviknight
|-supereffective|p1a: Corviknight
|-end|p1a: Corviknight|Substitute
|move|p1a: Corviknight|Roost|p1a: Corviknight
|-heal|p1a: Corviknight|100/100
|-singleturn|p1a: Corviknight|move: Roost
|
|upkeep
|turn|51
|
|move|p2a: Clefable|Flamethrower|p1a: Corviknight
|-supereffective|p1a: Corviknight
|-damage|p1a: Corviknight|73/100
|move|p1a: Corviknight|Substitute|p1a: Corviknight
|-start|p1a: Corviknight|Substitute
|-damage|p1a: Corviknight|48/100
|
|-heal|p1a: Corviknight|54/100|[from] item: Leftovers
|upkeep
|turn|52
|
|move|p2a: Clefable|Flamethrower|p1a: Corviknight
|-supereffective|p1a: Corviknight
|-end|p1a: Corviknight|Substitute
|move|p1a: Corviknight|Roost|p1a: Corviknight
|-heal|p1a: Corviknight|100/100
|-singleturn|p1a: Corviknight|move: Roost
|
|upkeep
|turn|53
|
|move|p2a: Clefable|Flamethrower|p1a: Corviknight
|-supereffective|p1a: Corviknight
|-damage|p1a: Corviknight|73/100
|move|p1a: Corviknight|Substitute|p1a: Corviknight
|-start|p1a: Corviknight|Substitute
|-damage|p1a: Corviknight|48/100
|
|-heal|p1a: Corviknight|55/100|[from] item: Leftovers
|upkeep
|turn|54
|
|move|p2a: Clefable|Thunderbolt|p1a: Corviknight
|-supereffective|p1a: Corviknight
|-end|p1a: Corviknight|Substitute
|move|p1a: Corviknight|Roost|p1a: Corviknight
|-heal|p1a: Corviknight|100/100
|-singleturn|p1a: Corviknight|move: Roost
|
|upkeep
|turn|55
|
|move|p2a: Clefable|Thunderbolt|p1a: Corviknight
|-supereffective|p1a: Corviknight
|-damage|p1a: Corviknight|74/100
|move|p1a: Corviknight|Substitute|p1a: Corviknight
|-start|p1a: Corviknight|Substitute
|-damage|p1a: Corviknight|49/100
|
|-heal|p1a: Corviknight|56/100|[from] item: Leftovers
|upkeep
|turn|56
|
|move|p2a: Clefable|Thunderbolt|p1a: Corviknight
|-supereffective|p1a: Corviknight
|-end|p1a: Corviknight|Substitute
|move|p1a: Corviknight|Roost|p1a: Corviknight
|-heal|p1a: Corviknight|100/100
|-singleturn|p1a: Corviknight|move: Roost
|
|upkeep
|turn|57
|
|move|p2a: Clefable|Thunderbolt|p1a: Corviknight
|-supereffective|p1a: Corviknight
|-damage|p1a: Corviknight|70/100
|move|p1a: Corviknight|Substitute|p1a: Corviknight
|-start|p1a: Corviknight|Substitute
|-damage|p1a: Corviknight|45/100
|
|-heal|p1a: Corviknight|51/100|[from] item: Leftovers
|upkeep
|turn|58
|
|move|p2a: Clefable|Thunderbolt|p1a: Corviknight
|-supereffective|p1a: Corviknight
|-end|p1a: Corviknight|Substitute
|move|p1a: Corviknight|Roost|p1a: Corviknight
|-heal|p1a: Corviknight|100/100
|-singleturn|p1a: Corviknight|move: Roost
|
|upkeep
|turn|59
|
|move|p2a: Clefable|Thunderbolt|p1a: Corviknight
|-supereffective|p1a: Corviknight
|-crit|p1a: Corviknight
|-damage|p1a: Corviknight|42/100
|move|p1a: Corviknight|Substitute|p1a: Corviknight
|-start|p1a: Corviknight|Substitute
|-damage|p1a: Corviknight|17/100
|
|-heal|p1a: Corviknight|23/100|[from] item: Leftovers
|upkeep
|turn|60
|
|move|p2a: Clefable|Thunderbolt|p1a: Corviknight
|-supereffective|p1a: Corviknight
|-end|p1a: Corviknight|Substitute
|move|p1a: Corviknight|Roost|p1a: Corviknight
|-heal|p1a: Corviknight|73/100
|-singleturn|p1a: Corviknight|move: Roost
|
|-heal|p1a: Corviknight|79/100|[from] item: Leftovers
|upkeep
|turn|61
|
|move|p2a: Clefable|Thunderbolt|p1a: Corviknight
|-supereffective|p1a: Corviknight
|-damage|p1a: Corviknight|52/100
|move|p1a: Corviknight|Substitute|p1a: Corviknight
|-start|p1a: Corviknight|Substitute
|-damage|p1a: Corviknight|27/100
|
|-heal|p1a: Corviknight|33/100|[from] item: Leftovers
|upkeep
|turn|62
|
|move|p2a: Clefable|Thunderbolt|p1a: Corviknight
|-supereffective|p1a: Corviknight
|-end|p1a: Corviknight|Substitute
|move|p1a: Corviknight|Roost|p1a: Corviknight
|-heal|p1a: Corviknight|83/100
|-singleturn|p1a: Corviknight|move: Roost
|
|-heal|p1a: Corviknight|89/100|[from] item: Leftovers
|upkeep
|turn|63
|
|switch|p2a: Rotom|Rotom-Heat|100/100
|move|p1a: Corviknight|Substitute|p1a: Corviknight
|-start|p1a: Corviknight|Substitute
|-damage|p1a: Corviknight|64/100
|
|-heal|p1a: Corviknight|71/100|[from] item: Leftovers
|upkeep
|turn|64
|
|move|p2a: Rotom|Nasty Plot|p2a: Rotom
|-boost|p2a: Rotom|spa|2
|move|p1a: Corviknight|Substitute|p1a: Corviknight
|-fail|p1a: Corviknight|move: Substitute
|
|-heal|p1a: Corviknight|77/100|[from] item: Leftovers
|upkeep
|turn|65
|
|move|p2a: Rotom|Nasty Plot|p2a: Rotom
|-boost|p2a: Rotom|spa|2
|move|p1a: Corviknight|Brave Bird|p2a: Rotom
|-resisted|p2a: Rotom
|-damage|p2a: Rotom|76/100
|-damage|p1a: Corviknight|71/100|[from] Recoil
|
|-heal|p1a: Corviknight|77/100|[from] item: Leftovers
|upkeep
|turn|66
|
|move|p2a: Rotom|Overheat|p1a: Corviknight
|-supereffective|p1a: Corviknight
|-end|p1a: Corviknight|Substitute
|-unboost|p2a: Rotom|spa|2
|move|p1a: Corviknight|Brave Bird|p2a: Rotom
|-resisted|p2a: Rotom
|-damage|p2a: Rotom|51/100
|-damage|p1a: Corviknight|71/100|[from] Recoil
|
|-heal|p1a: Corviknight|77/100|[from] item: Leftovers
|upkeep
|turn|67
|
|switch|p1a: Clefable|Clefable, F|71/100 brn
|move|p2a: Rotom|Overheat|p1a: Clefable
|-crit|p1a: Clefable
|-damage|p1a: Clefable|0 fnt
|-unboost|p2a: Rotom|spa|2
|faint|p1a: Clefable
|
|upkeep
|
|switch|p1a: Conkeldurr|Conkeldurr, M|94/100 brn
|turn|68
|
|switch|p2a: Seismitoad|Seismitoad, M|13/100
|-damage|p2a: Seismitoad|7/100|[from] Stealth Rock
|-damage|p2a: Seismitoad|0 fnt|[from] Spikes
|faint|p2a: Seismitoad
|move|p1a: Conkeldurr|Drain Punch|p2: Seismitoad|[notarget]
|-fail|p1a: Conkeldurr
|
|-damage|p1a: Conkeldurr|88/100 brn|[from] brn
|upkeep
|
|switch|p2a: Clefable|Clefable, F|80/100
|turn|69
|
|switch|p1a: Corviknight|Corviknight, M|77/100
|-ability|p1a: Corviknight|Pressure
|move|p2a: Clefable|Moonblast|p1a: Corviknight
|-resisted|p1a: Corviknight
|-damage|p1a: Corviknight|59/100
|-unboost|p1a: Corviknight|spa|1
|
|-heal|p1a: Corviknight|66/100|[from] item: Leftovers
|upkeep
|turn|70
|
|move|p2a: Clefable|Flamethrower|p1a: Corviknight
|-supereffective|p1a: Corviknight
|-damage|p1a: Corviknight|25/100
|move|p1a: Corviknight|Substitute|p1a: Corviknight
|-fail|p1a: Corviknight|move: Substitute|[weak]
|
|-heal|p1a: Corviknight|31/100|[from] item: Leftovers
|upkeep
|turn|71
|
|switch|p2a: Rotom|Rotom-Heat|51/100
|move|p1a: Corviknight|Roost|p1a: Corviknight
|-heal|p1a: Corviknight|81/100
|-singleturn|p1a: Corviknight|move: Roost
|
|-heal|p1a: Corviknight|87/100|[from] item: Leftovers
|upkeep
|turn|72
|
|move|p2a: Rotom|Nasty Plot|p2a: Rotom
|-boost|p2a: Rotom|spa|2
|move|p1a: Corviknight|Substitute|p1a: Corviknight
|-start|p1a: Corviknight|Substitute
|-damage|p1a: Corviknight|62/100
|
|-heal|p1a: Corviknight|68/100|[from] item: Leftovers
|upkeep
|turn|73
|
|move|p2a: Rotom|Nasty Plot|p2a: Rotom
|-boost|p2a: Rotom|spa|2
|move|p1a: Corviknight|Brave Bird|p2a: Rotom
|-resisted|p2a: Rotom
|-damage|p2a: Rotom|34/100
|-damage|p1a: Corviknight|64/100|[from] Recoil
|
|-heal|p1a: Corviknight|70/100|[from] item: Leftovers
|upkeep
|turn|74
|
|move|p2a: Rotom|Overheat|p1a: Corviknight
|-supereffective|p1a: Corviknight
|-end|p1a: Corviknight|Substitute
|-unboost|p2a: Rotom|spa|2
|move|p1a: Corviknight|Brave Bird|p2a: Rotom
|-resisted|p2a: Rotom
|-damage|p2a: Rotom|17/100
|-damage|p1a: Corviknight|66/100|[from] Recoil
|
|-heal|p1a: Corviknight|72/100|[from] item: Leftovers
|upkeep
|turn|75
|
|switch|p1a: Ferrothorn|Ferrothorn, F|94/100
|move|p2a: Rotom|Overheat|p1a: Ferrothorn|[miss]
|-miss|p2a: Rotom|p1a: Ferrothorn
|
|-heal|p1a: Ferrothorn|100/100|[from] item: Leftovers
|upkeep
|turn|76
|
|move|p2a: Rotom|Overheat|p1a: Ferrothorn|[miss]
|-miss|p2a: Rotom|p1a: Ferrothorn
|move|p1a: Ferrothorn|Knock Off|p2a: Rotom
|-damage|p2a: Rotom|0 fnt
|-enditem|p2a: Rotom|Heavy-Duty Boots|[from] move: Knock Off|[of] p1a: Ferrothorn
|faint|p2a: Rotom
|
|upkeep
|
|switch|p2a: Hydreigon|Hydreigon, F|67/100 par
|-damage|p2a: Hydreigon|54/100 par|[from] Stealth Rock
|turn|77
|
|switch|p1a: Corviknight|Corviknight, M|72/100
|-ability|p1a: Corviknight|Pressure
|move|p2a: Hydreigon|Fire Blast|p1a: Corviknight
|-supereffective|p1a: Corviknight
|-damage|p1a: Corviknight|19/100
|
|-heal|p1a: Corviknight|25/100|[from] item: Leftovers
|upkeep
|turn|78
|
|switch|p1a: Ferrothorn|Ferrothorn, F|100/100
|move|p2a: Hydreigon|Fire Blast|p1a: Ferrothorn
|-supereffective|p1a: Ferrothorn
|-damage|p1a: Ferrothorn|0 fnt
|faint|p1a: Ferrothorn
|
|upkeep
|
|switch|p1a: Conkeldurr|Conkeldurr, M|88/100 brn
|turn|79
|
|switch|p2a: Corviknight|Corviknight, M|77/100
|-damage|p2a: Corviknight|65/100|[from] Stealth Rock
|-ability|p2a: Corviknight|Pressure
|move|p1a: Conkeldurr|Mach Punch|p2a: Corviknight
|-damage|p2a: Corviknight|34/100
|
|-damage|p1a: Conkeldurr|82/100 brn|[from] brn
|upkeep
|turn|80
|
|move|p2a: Corviknight|Body Press|p1a: Conkeldurr
|-damage|p1a: Conkeldurr|66/100 brn
|move|p1a: Conkeldurr|Drain Punch|p2a: Corviknight
|-damage|p2a: Corviknight|0 fnt
|-heal|p1a: Conkeldurr|83/100 brn|[from] drain|[of] p2a: Corviknight
|faint|p2a: Corviknight
|
|-damage|p1a: Conkeldurr|77/100 brn|[from] brn
|upkeep
|
|switch|p2a: Aegislash|Aegislash, M|82/100
|-damage|p2a: Aegislash|70/100|[from] Spikes
|-damage|p2a: Aegislash|63/100|[from] Stealth Rock
|turn|81
|
|-formechange|p2a: Aegislash|Aegislash-Blade||[from] ability: Stance Change
|move|p2a: Aegislash|Steel Beam|p1a: Conkeldurr
|-damage|p1a: Conkeldurr|0 fnt
|-damage|p2a: Aegislash|13/100|[from] mindblown
|faint|p1a: Conkeldurr
|
|upkeep
|
|switch|p1a: Corviknight|Corviknight, M|25/100
|-ability|p1a: Corviknight|Pressure
|turn|82
|
|move|p2a: Aegislash|Steel Beam|p1a: Corviknight
|-resisted|p1a: Corviknight
|-damage|p1a: Corviknight|0 fnt
|-damage|p2a: Aegislash|0 fnt|[from] mindblown
|faint|p2a: Aegislash
|faint|p1a: Corviknight
|
|win|Gen8 is fun ahahah
|raw|skeb's rating: 1211 → 1186(-25 for losing)
|raw|Gen8 is fun ahahah's rating: 1215 → 1240(+25 for winning)
|l|☆skeb
