|ScrapeTime|2020-01-02-15:16:26
|j|☆MewName
|j|☆wattinculo
|player|p1|MewName|juan|1448
|player|p2|wattinculo|266|1418
|teamsize|p1|6
|teamsize|p2|6
|gametype|singles
|gen|8
|tier|[Gen 8] OU
|rated|
|rule|Sleep Clause Mod: Limit one foe put to sleep
|rule|Species Clause: Limit one of each Pokémon
|rule|OHKO Clause: OHKO moves are banned
|rule|Evasion Moves Clause: Evasion moves are banned
|rule|Endless Battle Clause: Forcing endless battles is banned
|rule|HP Percentage Mod: HP is shown in percentages
|clearpoke
|poke|p1|Excadrill, M|
|poke|p1|Hawlucha, M|
|poke|p1|Ferrothorn, M|
|poke|p1|Toxapex, F|
|poke|p1|Mandibuzz, F|
|poke|p1|Gengar, M|
|poke|p2|Clefable, M|
|poke|p2|Corviknight, F|
|poke|p2|Dragapult, M|
|poke|p2|Rotom-Heat|
|poke|p2|Seismitoad, M|
|poke|p2|Mamoswine, M|
|rule|Dynamax Clause: You cannot dynamax
|teampreview
|
|start
|switch|p1a: Ferrothorn|Ferrothorn, M|100/100
|switch|p2a: Corviknight|Corviknight, F|100/100
|-ability|p2a: Corviknight|Pressure
|turn|1
|
|move|p2a: Corviknight|Body Press|p1a: Ferrothorn
|-supereffective|p1a: Ferrothorn
|-damage|p1a: Ferrothorn|73/100
|-damage|p2a: Corviknight|88/100|[from] ability: Iron Barbs|[of] p1a: Ferrothorn
|move|p1a: Ferrothorn|Leech Seed|p2a: Corviknight
|-start|p2a: Corviknight|move: Leech Seed
|
|-heal|p2a: Corviknight|94/100|[from] item: Leftovers
|-heal|p1a: Ferrothorn|79/100|[from] item: Leftovers
|-damage|p2a: Corviknight|82/100|[from] Leech Seed|[of] p1a: Ferrothorn
|-heal|p1a: Ferrothorn|94/100|[silent]
|upkeep
|turn|2
|
|switch|p2a: Rotom|Rotom-Heat|100/100
|move|p1a: Ferrothorn|Stealth Rock|p2a: Rotom
|-sidestart|p2: wattinculo|move: Stealth Rock
|
|-heal|p1a: Ferrothorn|99/100|[from] item: Leftovers
|upkeep
|turn|3
|
|move|p1a: Ferrothorn|Protect|p1a: Ferrothorn
|-singleturn|p1a: Ferrothorn|Protect
|move|p2a: Rotom|Nasty Plot|p2a: Rotom
|-boost|p2a: Rotom|spa|2
|
|-heal|p1a: Ferrothorn|100/100|[from] item: Leftovers
|upkeep
|turn|4
|
|switch|p1a: Toxapex|Toxapex, F|100/100
|move|p2a: Rotom|Overheat|p1a: Toxapex
|-resisted|p1a: Toxapex
|-damage|p1a: Toxapex|61/100
|-unboost|p2a: Rotom|spa|2
|
|-heal|p1a: Toxapex|67/100|[from] item: Black Sludge
|upkeep
|turn|5
|c|☆MewName|ohhh
|
|move|p2a: Rotom|Nasty Plot|p2a: Rotom
|-boost|p2a: Rotom|spa|2
|move|p1a: Toxapex|Scald|p2a: Rotom
|-supereffective|p2a: Rotom
|-damage|p2a: Rotom|52/100
|
|-heal|p1a: Toxapex|73/100|[from] item: Black Sludge
|upkeep
|turn|6
|c|☆MewName|this set
|c|☆MewName|hmhmh
|c|☆MewName|fell bad
|
|switch|p1a: Excadrill|Excadrill, M|100/100
|-ability|p1a: Excadrill|Mold Breaker
|move|p2a: Rotom|Overheat|p1a: Excadrill
|-supereffective|p1a: Excadrill
|-enditem|p1a: Excadrill|Focus Sash
|-damage|p1a: Excadrill|1/100
|-unboost|p2a: Rotom|spa|2
|
|upkeep
|turn|7
|
|switch|p2a: Corviknight|Corviknight, F|82/100
|-damage|p2a: Corviknight|69/100|[from] Stealth Rock
|-ability|p2a: Corviknight|Pressure
|move|p1a: Excadrill|Earthquake|p2a: Corviknight
|-immune|p2a: Corviknight
|
|-heal|p2a: Corviknight|75/100|[from] item: Leftovers
|upkeep
|turn|8
|
|switch|p1a: Ferrothorn|Ferrothorn, M|100/100
|move|p2a: Corviknight|Brave Bird|p1a: Ferrothorn
|-damage|p1a: Ferrothorn|79/100
|-damage|p2a: Corviknight|63/100|[from] ability: Iron Barbs|[of] p1a: Ferrothorn
|-damage|p2a: Corviknight|57/100|[from] Recoil
|
|-heal|p2a: Corviknight|63/100|[from] item: Leftovers
|-heal|p1a: Ferrothorn|85/100|[from] item: Leftovers
|upkeep
|turn|9
|
|move|p2a: Corviknight|Defog|p1a: Ferrothorn
|-unboost|p1a: Ferrothorn|evasion|1
|-sideend|p2: wattinculo|Stealth Rock|[from] move: Defog|[of] p2a: Corviknight
|move|p1a: Ferrothorn|Leech Seed|p2a: Corviknight
|-start|p2a: Corviknight|move: Leech Seed
|
|-heal|p2a: Corviknight|69/100|[from] item: Leftovers
|-heal|p1a: Ferrothorn|92/100|[from] item: Leftovers
|-damage|p2a: Corviknight|57/100|[from] Leech Seed|[of] p1a: Ferrothorn
|-heal|p1a: Ferrothorn|100/100|[silent]
|upkeep
|turn|10
|
|switch|p2a: Rotom|Rotom-Heat|52/100
|move|p1a: Ferrothorn|Leech Seed|p2a: Rotom
|-start|p2a: Rotom|move: Leech Seed
|
|-damage|p2a: Rotom|40/100|[from] Leech Seed|[of] p1a: Ferrothorn
|upkeep
|turn|11
|
|move|p2a: Rotom|Will-O-Wisp|p1a: Ferrothorn
|-status|p1a: Ferrothorn|brn
|move|p1a: Ferrothorn|Stealth Rock|p2a: Rotom
|-sidestart|p2: wattinculo|move: Stealth Rock
|
|-damage|p2a: Rotom|27/100|[from] Leech Seed|[of] p1a: Ferrothorn
|-damage|p1a: Ferrothorn|94/100 brn|[from] brn
|upkeep
|turn|12
|
|switch|p2a: Mamoswine|Mamoswine, M|100/100
|-damage|p2a: Mamoswine|88/100|[from] Stealth Rock
|switch|p1a: Toxapex|Toxapex, F|100/100
|
|upkeep
|turn|13
|
|move|p2a: Mamoswine|Earthquake|p1a: Toxapex
|-supereffective|p1a: Toxapex
|-damage|p1a: Toxapex|0 fnt
|-damage|p2a: Mamoswine|78/100|[from] item: Life Orb
|faint|p1a: Toxapex
|
|upkeep
|
|switch|p1a: Hawlucha|Hawlucha, M|100/100
|turn|14
|
|move|p2a: Mamoswine|Ice Shard|p1a: Hawlucha
|-supereffective|p1a: Hawlucha
|-damage|p1a: Hawlucha|6/100
|-damage|p2a: Mamoswine|68/100|[from] item: Life Orb
|move|p1a: Hawlucha|Close Combat|p2a: Mamoswine
|-supereffective|p2a: Mamoswine
|-damage|p2a: Mamoswine|0 fnt
|-unboost|p1a: Hawlucha|def|1
|-unboost|p1a: Hawlucha|spd|1
|-enditem|p1a: Hawlucha|White Herb
|-clearnegativeboost|p1a: Hawlucha|[silent]
|faint|p2a: Mamoswine
|
|upkeep
|
|switch|p2a: Seismitoad|Seismitoad, M|100/100
|-damage|p2a: Seismitoad|94/100|[from] Stealth Rock
|turn|15
|
|move|p1a: Hawlucha|Close Combat|p2a: Seismitoad
|-damage|p2a: Seismitoad|56/100
|-unboost|p1a: Hawlucha|def|1
|-unboost|p1a: Hawlucha|spd|1
|move|p2a: Seismitoad|Scald|p1a: Hawlucha
|-damage|p1a: Hawlucha|0 fnt
|faint|p1a: Hawlucha
|
|-heal|p2a: Seismitoad|62/100|[from] item: Leftovers
|upkeep
|
|switch|p1a: Excadrill|Excadrill, M|1/100
|-ability|p1a: Excadrill|Mold Breaker
|turn|16
|
|move|p1a: Excadrill|Swords Dance|p1a: Excadrill
|-boost|p1a: Excadrill|atk|2
|move|p2a: Seismitoad|Scald|p1a: Excadrill
|-supereffective|p1a: Excadrill
|-damage|p1a: Excadrill|0 fnt
|faint|p1a: Excadrill
|
|-heal|p2a: Seismitoad|68/100|[from] item: Leftovers
|upkeep
|
|switch|p1a: Mandibuzz|Mandibuzz, F|100/100
|turn|17
|
|move|p1a: Mandibuzz|Taunt|p2a: Seismitoad
|-start|p2a: Seismitoad|move: Taunt
|cant|p2a: Seismitoad|move: Taunt|Toxic
|
|-heal|p2a: Seismitoad|74/100|[from] item: Leftovers
|upkeep
|turn|18
|
|switch|p2a: Clefable|Clefable, M|100/100
|move|p1a: Mandibuzz|Foul Play|p2a: Clefable
|-resisted|p2a: Clefable
|-damage|p2a: Clefable|90/100
|
|upkeep
|turn|19
|
|switch|p1a: Gengar|Gengar, M|100/100
|move|p2a: Clefable|Moonblast|p1a: Gengar
|-resisted|p1a: Gengar
|-damage|p1a: Gengar|50/100
|-start|p2a: Clefable|Disable|Moonblast|[from] ability: Cursed Body|[of] p1a: Gengar
|
|upkeep
|turn|20
|
|switch|p2a: Seismitoad|Seismitoad, M|74/100
|-damage|p2a: Seismitoad|68/100|[from] Stealth Rock
|move|p1a: Gengar|Shadow Ball|p2a: Seismitoad
|-damage|p2a: Seismitoad|19/100
|
|-heal|p2a: Seismitoad|25/100|[from] item: Leftovers
|upkeep
|turn|21
|
|move|p1a: Gengar|Shadow Ball|p2a: Seismitoad
|-damage|p2a: Seismitoad|0 fnt
|faint|p2a: Seismitoad
|
|upkeep
|
|switch|p2a: Dragapult|Dragapult, M|100/100
|-damage|p2a: Dragapult|88/100|[from] Stealth Rock
|turn|22
|
|move|p1a: Gengar|Shadow Ball|p2a: Dragapult
|-supereffective|p2a: Dragapult
|-damage|p2a: Dragapult|0 fnt
|faint|p2a: Dragapult
|
|upkeep
|
|switch|p2a: Clefable|Clefable, M|90/100
|turn|23
|
|switch|p1a: Ferrothorn|Ferrothorn, M|94/100 brn
|move|p2a: Clefable|Moonblast|p1a: Ferrothorn
|-resisted|p1a: Ferrothorn
|-damage|p1a: Ferrothorn|71/100 brn
|-unboost|p1a: Ferrothorn|spa|1
|
|-heal|p1a: Ferrothorn|77/100 brn|[from] item: Leftovers
|-damage|p1a: Ferrothorn|71/100 brn|[from] brn
|upkeep
|turn|24
|
|move|p2a: Clefable|Flamethrower|p1a: Ferrothorn
|-supereffective|p1a: Ferrothorn
|-damage|p1a: Ferrothorn|0 fnt
|faint|p1a: Ferrothorn
|
|upkeep
|
|switch|p1a: Gengar|Gengar, M|50/100
|turn|25
|
|switch|p2a: Corviknight|Corviknight, F|57/100
|-damage|p2a: Corviknight|44/100|[from] Stealth Rock
|-ability|p2a: Corviknight|Pressure
|move|p1a: Gengar|Sludge Wave|p2a: Corviknight
|-immune|p2a: Corviknight
|
|-heal|p2a: Corviknight|50/100|[from] item: Leftovers
|upkeep
|turn|26
|
|switch|p1a: Mandibuzz|Mandibuzz, F|100/100
|switch|p2a: Rotom|Rotom-Heat|27/100
|
|upkeep
|turn|27
|
|move|p2a: Rotom|Discharge|p1a: Mandibuzz
|-supereffective|p1a: Mandibuzz
|-damage|p1a: Mandibuzz|55/100
|-status|p1a: Mandibuzz|par
|cant|p1a: Mandibuzz|par
|
|-heal|p1a: Mandibuzz|61/100 par|[from] item: Leftovers
|upkeep
|turn|28
|
|move|p2a: Rotom|Discharge|p1a: Mandibuzz
|-supereffective|p1a: Mandibuzz
|-damage|p1a: Mandibuzz|16/100 par
|cant|p1a: Mandibuzz|par
|
|-heal|p1a: Mandibuzz|22/100 par|[from] item: Leftovers
|upkeep
|turn|29
|
|move|p2a: Rotom|Discharge|p1a: Mandibuzz
|-supereffective|p1a: Mandibuzz
|-damage|p1a: Mandibuzz|0 fnt
|faint|p1a: Mandibuzz
|
|upkeep
|
|switch|p1a: Gengar|Gengar, M|50/100
|turn|30
|
|move|p1a: Gengar|Shadow Ball|p2a: Rotom
|-damage|p2a: Rotom|0 fnt
|faint|p2a: Rotom
|
|upkeep
|
|switch|p2a: Clefable|Clefable, M|90/100
|turn|31
|c|☆MewName|gg
|c|☆MewName|i guess
|
|move|p1a: Gengar|Shadow Ball|p2a: Clefable
|-damage|p2a: Clefable|42/100
|move|p2a: Clefable|Thunderbolt|p1a: Gengar
|-damage|p1a: Gengar|0 fnt
|-start|p2a: Clefable|Disable|Thunderbolt|[from] ability: Cursed Body|[of] p1a: Gengar
|faint|p1a: Gengar
|
|win|wattinculo
|raw|MewName's rating: 1448 → 1427(-21 for losing)
|raw|wattinculo's rating: 1418 → 1440(+22 for winning)
|l|☆MewName
|c|☆wattinculo|gg
