|ScrapeTime|2020-01-01-21:35:17
|j|☆striker_845
|j|☆Rex The Champ
|player|p1|striker_845|yellow|
|player|p2|Rex The Champ|elio|
|teamsize|p1|6
|teamsize|p2|6
|gametype|singles
|gen|8
|tier|[Gen 8] OU
|rule|Sleep Clause Mod: Limit one foe put to sleep
|rule|Species Clause: Limit one of each Pokémon
|rule|OHKO Clause: OHKO moves are banned
|rule|Evasion Moves Clause: Evasion moves are banned
|rule|Endless Battle Clause: Forcing endless battles is banned
|rule|HP Percentage Mod: HP is shown in percentages
|clearpoke
|poke|p1|Mandibuzz, F|
|poke|p1|Dragapult, F|
|poke|p1|Aegislash, M|
|poke|p1|Rotom-Heat|
|poke|p1|Seismitoad, F|
|poke|p1|Cinderace, F|
|poke|p2|Grimmsnarl, M|
|poke|p2|Excadrill, F|
|poke|p2|Aegislash, M|
|poke|p2|Kommo-o, F|
|poke|p2|Hawlucha, M|
|poke|p2|Gyarados, M|
|rule|Dynamax Clause: You cannot dynamax
|teampreview
|inactive|Battle timer is ON: inactive players will automatically lose when time's up. (requested by Rex The Champ)
|inactiveoff|Battle timer is now OFF.
|l|☆striker_845
|player|p1|
|c|☆Rex The Champ|Ay coño
|j|☆striker_845
|player|p1|striker_845|yellow
|
|start
|switch|p1a: Cinderace|Cinderace, F|100/100
|switch|p2a: Excadrill|Excadrill, F|100/100
|-ability|p2a: Excadrill|Mold Breaker
|turn|1
|c|☆striker_845|mi inter fue guillotinado
|
|move|p1a: Cinderace|U-turn|p2a: Excadrill
|-resisted|p2a: Excadrill
|-damage|p2a: Excadrill|75/100
|
|switch|p1a: Seismitoad|Seismitoad, F|100/100|[from]move: U-turn
|move|p2a: Excadrill|Earthquake|p1a: Seismitoad
|-damage|p1a: Seismitoad|63/100
|
|upkeep
|turn|2
|
|switch|p2a: Aegislash|Aegislash, M|100/100
|-item|p2a: Aegislash|Air Balloon
|move|p1a: Seismitoad|Stealth Rock|p2a: Aegislash
|-sidestart|p2: Rex The Champ|move: Stealth Rock
|
|upkeep
|turn|3
|
|switch|p1a: Mandibuzz|Mandibuzz, F|100/100
|move|p2a: Aegislash|Swords Dance|p2a: Aegislash
|-boost|p2a: Aegislash|atk|2
|
|upkeep
|turn|4
|c|☆striker_845|hazte una cuenta de discord
|
|-formechange|p2a: Aegislash|Aegislash-Blade||[from] ability: Stance Change
|move|p2a: Aegislash|Close Combat|p1a: Mandibuzz
|-damage|p1a: Mandibuzz|27/100
|-unboost|p2a: Aegislash|def|1
|-unboost|p2a: Aegislash|spd|1
|move|p1a: Mandibuzz|Foul Play|p2a: Aegislash
|-supereffective|p2a: Aegislash
|-damage|p2a: Aegislash|0 fnt
|-enditem|p2a: Aegislash|Air Balloon
|faint|p2a: Aegislash
|
|upkeep
|
|switch|p2a: Excadrill|Excadrill, F|75/100
|-damage|p2a: Excadrill|72/100|[from] Stealth Rock
|-ability|p2a: Excadrill|Mold Breaker
|turn|5
|
|switch|p1a: Rotom|Rotom-Heat|100/100
|move|p2a: Excadrill|Steel Beam|p1a: Rotom
|-resisted|p1a: Rotom
|-damage|p1a: Rotom|93/100
|-damage|p2a: Excadrill|22/100|[from] mindblown
|
|upkeep
|turn|6
|
|move|p2a: Excadrill|Stealth Rock|p1a: Rotom
|-sidestart|p1: striker_845|move: Stealth Rock
|move|p1a: Rotom|Thunder Wave|p2a: Excadrill
|-immune|p2a: Excadrill
|
|upkeep
|turn|7
|
|move|p2a: Excadrill|Rapid Spin|p1a: Rotom
|-damage|p1a: Rotom|74/100
|-sideend|p2: Rex The Champ|Stealth Rock|[from] move: Rapid Spin|[of] p2a: Excadrill
|-boost|p2a: Excadrill|spe|1
|move|p1a: Rotom|Overheat|p2a: Excadrill
|-supereffective|p2a: Excadrill
|-damage|p2a: Excadrill|0 fnt
|-unboost|p1a: Rotom|spa|2
|faint|p2a: Excadrill
|
|upkeep
|
|switch|p2a: Kommo-o|Kommo-o, F|100/100
|turn|8
|
|switch|p1a: Seismitoad|Seismitoad, F|63/100
|-damage|p1a: Seismitoad|57/100|[from] Stealth Rock
|move|p2a: Kommo-o|Clangorous Soul|p2a: Kommo-o
|-boost|p2a: Kommo-o|atk|1
|-boost|p2a: Kommo-o|def|1
|-boost|p2a: Kommo-o|spa|1
|-boost|p2a: Kommo-o|spd|1
|-boost|p2a: Kommo-o|spe|1
|-damage|p2a: Kommo-o|67/100
|-enditem|p2a: Kommo-o|Throat Spray
|-boost|p2a: Kommo-o|spa|1
|
|upkeep
|turn|9
|
|move|p2a: Kommo-o|Clanging Scales|p1a: Seismitoad
|-damage|p1a: Seismitoad|0 fnt
|-unboost|p2a: Kommo-o|def|1
|faint|p1a: Seismitoad
|
|upkeep
|
|switch|p1a: Dragapult|Dragapult, F|100/100
|-damage|p1a: Dragapult|88/100|[from] Stealth Rock
|turn|10
|
|move|p1a: Dragapult|Dragon Darts|p2a: Kommo-o
|-supereffective|p2a: Kommo-o
|-damage|p2a: Kommo-o|26/100
|-supereffective|p2a: Kommo-o
|-damage|p2a: Kommo-o|0 fnt
|-hitcount|p2a: Kommo-o|2
|faint|p2a: Kommo-o
|
|upkeep
|
|switch|p2a: Grimmsnarl|Grimmsnarl, M|100/100
|turn|11
|
|switch|p1a: Mandibuzz|Mandibuzz, F|27/100
|move|p2a: Grimmsnarl|Light Screen|p2a: Grimmsnarl
|-sidestart|p2: Rex The Champ|move: Light Screen
|
|upkeep
|turn|12
|
|move|p2a: Grimmsnarl|Spirit Break|p1a: Mandibuzz
|-supereffective|p1a: Mandibuzz
|-damage|p1a: Mandibuzz|0 fnt
|faint|p1a: Mandibuzz
|
|upkeep
|
|switch|p1a: Aegislash|Aegislash, M|100/100
|-damage|p1a: Aegislash|94/100|[from] Stealth Rock
|turn|13
|
|move|p2a: Grimmsnarl|Reflect|p2a: Grimmsnarl
|-sidestart|p2: Rex The Champ|Reflect
|-formechange|p1a: Aegislash|Aegislash-Blade||[from] ability: Stance Change
|move|p1a: Aegislash|Steel Beam|p2a: Grimmsnarl
|-supereffective|p2a: Grimmsnarl
|-damage|p2a: Grimmsnarl|0 fnt
|-damage|p1a: Aegislash|44/100|[from] mindblown
|faint|p2a: Grimmsnarl
|
|upkeep
|
|switch|p2a: Gyarados|Gyarados, M|100/100
|turn|14
|
|move|p2a: Gyarados|Dragon Dance|p2a: Gyarados
|-boost|p2a: Gyarados|atk|1
|-boost|p2a: Gyarados|spe|1
|move|p1a: Aegislash|Steel Beam|p2a: Gyarados
|-resisted|p2a: Gyarados
|-damage|p2a: Gyarados|67/100
|-damage|p1a: Aegislash|0 fnt|[from] mindblown
|faint|p1a: Aegislash
|
|upkeep
|
|switch|p1a: Dragapult|Dragapult, F|88/100
|-damage|p1a: Dragapult|76/100|[from] Stealth Rock
|turn|15
|
|move|p1a: Dragapult|Dragon Darts|p2a: Gyarados
|-damage|p2a: Gyarados|40/100
|-damage|p2a: Gyarados|10/100
|-hitcount|p2a: Gyarados|2
|move|p2a: Gyarados|Substitute|p2a: Gyarados
|-fail|p2a: Gyarados|move: Substitute|[weak]
|
|upkeep
|turn|16
|
|move|p1a: Dragapult|Dragon Darts|p2a: Gyarados
|-damage|p2a: Gyarados|0 fnt
|-hitcount|p2a: Gyarados|1
|faint|p2a: Gyarados
|
|upkeep
|c|☆Rex The Champ|gg
|c|☆striker_845|gg
|
|switch|p2a: Hawlucha|Hawlucha, M|100/100
|turn|17
|
|move|p1a: Dragapult|Dragon Darts|p2a: Hawlucha
|-damage|p2a: Hawlucha|69/100
|-damage|p2a: Hawlucha|38/100
|-hitcount|p2a: Hawlucha|2
|move|p2a: Hawlucha|Swords Dance|p2a: Hawlucha
|-boost|p2a: Hawlucha|atk|2
|
|upkeep
|turn|18
|c|☆striker_845|te voltee la partida
|c|☆striker_845|de ultimo momento
|
|move|p1a: Dragapult|Dragon Darts|p2a: Hawlucha
|-damage|p2a: Hawlucha|7/100
|-damage|p2a: Hawlucha|0 fnt
|-hitcount|p2a: Hawlucha|2
|faint|p2a: Hawlucha
|
|win|striker_845
|c|☆Rex The Champ|jaja
|c|☆Rex The Champ|estoy haciendo un tour
|c|☆striker_845|lo guardare
|l|☆Rex The Champ
