|ScrapeTime|2020-01-01-08:32:29
|j|☆RCM94
|j|☆SofiaTheBestOne
|player|p1|RCM94|2|1499
|player|p2|SofiaTheBestOne|elesa|1465
|teamsize|p1|6
|teamsize|p2|6
|gametype|singles
|gen|8
|tier|[Gen 8] OU
|rated|
|rule|Sleep Clause Mod: Limit one foe put to sleep
|rule|Species Clause: Limit one of each Pokémon
|rule|OHKO Clause: OHKO moves are banned
|rule|Evasion Moves Clause: Evasion moves are banned
|rule|Endless Battle Clause: Forcing endless battles is banned
|rule|HP Percentage Mod: HP is shown in percentages
|clearpoke
|poke|p1|Cinderace, F|
|poke|p1|Excadrill, M|
|poke|p1|Dragapult, M|
|poke|p1|Rotom-Heat|
|poke|p1|Seismitoad, M|
|poke|p1|Clefable, M|
|poke|p2|Dragapult, M|
|poke|p2|Clefable, F|
|poke|p2|Conkeldurr, M|
|poke|p2|Mandibuzz, F|
|poke|p2|Seismitoad, M|
|poke|p2|Hawlucha, M|
|rule|Dynamax Clause: You cannot dynamax
|teampreview
|
|start
|switch|p1a: Excadrill|Excadrill, M|100/100
|switch|p2a: Dragapult|Dragapult, M|100/100
|-ability|p1a: Excadrill|Mold Breaker
|turn|1
|
|move|p2a: Dragapult|Shadow Ball|p1a: Excadrill
|-damage|p1a: Excadrill|31/100
|move|p1a: Excadrill|Earthquake|p2a: Dragapult
|-damage|p2a: Dragapult|23/100
|
|upkeep
|turn|2
|
|switch|p1a: Rotom|Rotom-Heat|100/100
|move|p2a: Dragapult|Shadow Ball|p1a: Rotom
|-damage|p1a: Rotom|35/100
|
|upkeep
|turn|3
|
|switch|p2a: Seismitoad|Seismitoad, M|100/100
|move|p1a: Rotom|Overheat|p2a: Seismitoad
|-resisted|p2a: Seismitoad
|-damage|p2a: Seismitoad|70/100
|-unboost|p1a: Rotom|spa|2
|
|-heal|p2a: Seismitoad|76/100|[from] item: Leftovers
|upkeep
|turn|4
|
|switch|p1a: Seismitoad|Seismitoad, M|100/100
|switch|p2a: Dragapult|Dragapult, M|23/100
|
|upkeep
|turn|5
|
|move|p2a: Dragapult|Shadow Ball|p1a: Seismitoad
|-damage|p1a: Seismitoad|42/100
|move|p1a: Seismitoad|Earthquake|p2a: Dragapult
|-damage|p2a: Dragapult|0 fnt
|faint|p2a: Dragapult
|
|upkeep
|
|switch|p2a: Clefable|Clefable, F|100/100
|turn|6
|
|switch|p1a: Rotom|Rotom-Heat|35/100
|move|p2a: Clefable|Moonblast|p1a: Rotom
|-resisted|p1a: Rotom
|-crit|p1a: Rotom
|-damage|p1a: Rotom|0 fnt
|faint|p1a: Rotom
|
|upkeep
|
|switch|p1a: Excadrill|Excadrill, M|31/100
|-ability|p1a: Excadrill|Mold Breaker
|turn|7
|
|switch|p1a: Clefable|Clefable, M|100/100
|switch|p2a: Mandibuzz|Mandibuzz, F|100/100
|
|upkeep
|turn|8
|
|move|p2a: Mandibuzz|U-turn|p1a: Clefable
|-resisted|p1a: Clefable
|-crit|p1a: Clefable
|-damage|p1a: Clefable|91/100
|
|switch|p2a: Seismitoad|Seismitoad, M|76/100|[from]move: U-turn
|move|p1a: Clefable|Moonblast|p2a: Seismitoad
|-damage|p2a: Seismitoad|13/100
|
|-heal|p2a: Seismitoad|19/100|[from] item: Leftovers
|upkeep
|turn|9
|
|move|p2a: Seismitoad|Stealth Rock|p1a: Clefable
|-sidestart|p1: RCM94|move: Stealth Rock
|move|p1a: Clefable|Moonblast|p2a: Seismitoad
|-damage|p2a: Seismitoad|0 fnt
|faint|p2a: Seismitoad
|
|upkeep
|
|switch|p2a: Clefable|Clefable, F|100/100
|turn|10
|
|move|p2a: Clefable|Thunderbolt|p1a: Clefable
|-damage|p1a: Clefable|56/100
|-status|p1a: Clefable|par
|move|p1a: Clefable|Moonblast|p2a: Clefable
|-damage|p2a: Clefable|34/100
|-unboost|p2a: Clefable|spa|1
|
|upkeep
|turn|11
|
|move|p2a: Clefable|Moonblast|p1a: Clefable
|-damage|p1a: Clefable|17/100 par
|move|p1a: Clefable|Moonblast|p2a: Clefable
|-damage|p2a: Clefable|0 fnt
|faint|p2a: Clefable
|
|upkeep
|
|switch|p2a: Hawlucha|Hawlucha, M|100/100
|turn|12
|
|move|p2a: Hawlucha|Sky Attack||[still]
|-prepare|p2a: Hawlucha|Sky Attack|p1a: Clefable
|-enditem|p2a: Hawlucha|Power Herb
|-anim|p2a: Hawlucha|Sky Attack|p1a: Clefable
|-damage|p1a: Clefable|0 fnt
|faint|p1a: Clefable
|
|upkeep
|
|switch|p1a: Dragapult|Dragapult, M|100/100
|-damage|p1a: Dragapult|88/100|[from] Stealth Rock
|turn|13
|
|move|p2a: Hawlucha|Acrobatics|p1a: Dragapult
|-damage|p1a: Dragapult|25/100
|move|p1a: Dragapult|Dragon Darts|p2a: Hawlucha
|-damage|p2a: Hawlucha|63/100
|-damage|p2a: Hawlucha|29/100
|-hitcount|p2a: Hawlucha|2
|
|-heal|p1a: Dragapult|31/100|[from] item: Leftovers
|upkeep
|turn|14
|
|switch|p1a: Excadrill|Excadrill, M|31/100
|-damage|p1a: Excadrill|28/100|[from] Stealth Rock
|-ability|p1a: Excadrill|Mold Breaker
|move|p2a: Hawlucha|Acrobatics|p1a: Excadrill
|-resisted|p1a: Excadrill
|-damage|p1a: Excadrill|0 fnt
|faint|p1a: Excadrill
|
|upkeep
|
|switch|p1a: Cinderace|Cinderace, F|100/100
|turn|15
|
|move|p2a: Hawlucha|Acrobatics|p1a: Cinderace
|-damage|p1a: Cinderace|31/100
|move|p1a: Cinderace|Pyro Ball|p2a: Hawlucha
|-damage|p2a: Hawlucha|0 fnt
|faint|p2a: Hawlucha
|
|upkeep
|
|switch|p2a: Conkeldurr|Conkeldurr, M|100/100
|turn|16
|
|move|p2a: Conkeldurr|Mach Punch|p1a: Cinderace
|-damage|p1a: Cinderace|0 fnt
|faint|p1a: Cinderace
|
|-status|p2a: Conkeldurr|brn|[from] item: Flame Orb
|upkeep
|
|switch|p1a: Dragapult|Dragapult, M|31/100
|-damage|p1a: Dragapult|18/100|[from] Stealth Rock
|turn|17
|
|move|p1a: Dragapult|Dragon Darts|p2a: Conkeldurr
|-damage|p2a: Conkeldurr|78/100 brn
|-damage|p2a: Conkeldurr|57/100 brn
|-hitcount|p2a: Conkeldurr|2
|move|p2a: Conkeldurr|Earthquake|p1a: Dragapult
|-damage|p1a: Dragapult|0 fnt
|faint|p1a: Dragapult
|
|-damage|p2a: Conkeldurr|51/100 brn|[from] brn
|upkeep
|c|☆RCM94|bg
|-message|RCM94 forfeited.
|
|win|SofiaTheBestOne
|l|☆RCM94
