|ScrapeTime|2020-01-01-05:04:58
|j|☆Urcas
|j|☆Hyper Suction boi
|player|p1|Urcas|lance|1270
|player|p2|Hyper Suction boi|hugh|1278
|teamsize|p1|6
|teamsize|p2|6
|gametype|singles
|gen|8
|tier|[Gen 8] OU
|rated|
|rule|Sleep Clause Mod: Limit one foe put to sleep
|rule|Species Clause: Limit one of each Pokémon
|rule|OHKO Clause: OHKO moves are banned
|rule|Evasion Moves Clause: Evasion moves are banned
|rule|Endless Battle Clause: Forcing endless battles is banned
|rule|HP Percentage Mod: HP is shown in percentages
|clearpoke
|poke|p1|Pyukumuku, M|
|poke|p1|Clefable, M|
|poke|p1|Hydreigon, F|
|poke|p1|Corsola-Galar, F|
|poke|p1|Dugtrio, M|
|poke|p1|Hatterene, F|
|poke|p2|Tyranitar, F|
|poke|p2|Corviknight, M|
|poke|p2|Dragapult, M|
|poke|p2|Conkeldurr, M|
|poke|p2|Rotom-Heat|
|poke|p2|Mamoswine, F|
|rule|Dynamax Clause: You cannot dynamax
|teampreview
|inactive|Battle timer is ON: inactive players will automatically lose when time's up. (requested by Hyper Suction boi)
|
|start
|switch|p1a: Dugtrio|Dugtrio, M|100/100
|switch|p2a: Dragapult|Dragapult, M|100/100
|turn|1
|
|move|p2a: Dragapult|Shadow Ball|p1a: Dugtrio
|-enditem|p1a: Dugtrio|Focus Sash
|-damage|p1a: Dugtrio|1/100
|move|p1a: Dugtrio|Earthquake|p2a: Dragapult
|-damage|p2a: Dragapult|44/100
|
|upkeep
|turn|2
|
|move|p1a: Dugtrio|Sucker Punch|p2a: Dragapult
|-supereffective|p2a: Dragapult
|-damage|p2a: Dragapult|0 fnt
|faint|p2a: Dragapult
|
|upkeep
|
|switch|p2a: Conkeldurr|Conkeldurr, M, shiny|100/100
|turn|3
|
|move|p2a: Conkeldurr|Mach Punch|p1a: Dugtrio
|-damage|p1a: Dugtrio|0 fnt
|faint|p1a: Dugtrio
|
|-status|p2a: Conkeldurr|brn|[from] item: Flame Orb
|upkeep
|
|switch|p1a: Hatterene|Hatterene, F|100/100
|turn|4
|
|switch|p2a: Rotom|Rotom-Heat|100/100
|move|p1a: Hatterene|Calm Mind|p1a: Hatterene
|-boost|p1a: Hatterene|spa|1
|-boost|p1a: Hatterene|spd|1
|
|upkeep
|turn|5
|
|move|p2a: Rotom|Nasty Plot|p2a: Rotom
|-boost|p2a: Rotom|spa|2
|move|p1a: Hatterene|Draining Kiss|p2a: Rotom
|-resisted|p2a: Rotom
|-damage|p2a: Rotom|84/100
|
|upkeep
|turn|6
|
|move|p2a: Rotom|Nasty Plot|p2a: Rotom
|-boost|p2a: Rotom|spa|2
|move|p1a: Hatterene|Calm Mind|p1a: Hatterene
|-boost|p1a: Hatterene|spa|1
|-boost|p1a: Hatterene|spd|1
|
|upkeep
|turn|7
|
|move|p2a: Rotom|Nasty Plot|p2a: Rotom
|-boost|p2a: Rotom|spa|2
|move|p1a: Hatterene|Psychic|p2a: Rotom
|-damage|p2a: Rotom|2/100
|
|upkeep
|turn|8
|
|move|p2a: Rotom|Overheat|p1a: Hatterene
|-damage|p1a: Hatterene|0 fnt
|-unboost|p2a: Rotom|spa|2
|faint|p1a: Hatterene
|
|upkeep
|
|switch|p1a: Hydreigon|Hydreigon, F|100/100
|turn|9
|
|switch|p2a: Tyranitar|Tyranitar, F, shiny|100/100
|-weather|Sandstorm|[from] ability: Sand Stream|[of] p2a: Tyranitar
|move|p1a: Hydreigon|Dark Pulse|p2a: Tyranitar
|-resisted|p2a: Tyranitar
|-crit|p2a: Tyranitar
|-damage|p2a: Tyranitar|83/100
|
|-weather|Sandstorm|[upkeep]
|-damage|p1a: Hydreigon|94/100|[from] Sandstorm
|upkeep
|turn|10
|
|switch|p1a: Pyukumuku|Pyukumuku, M|100/100
|move|p2a: Tyranitar|Stone Edge|p1a: Pyukumuku
|-damage|p1a: Pyukumuku|25/100
|
|-weather|Sandstorm|[upkeep]
|-damage|p1a: Pyukumuku|19/100|[from] Sandstorm
|-heal|p1a: Pyukumuku|25/100|[from] item: Leftovers
|upkeep
|turn|11
|
|move|p2a: Tyranitar|Stone Edge|p1a: Pyukumuku
|-damage|p1a: Pyukumuku|0 fnt
|faint|p1a: Pyukumuku
|
|-weather|Sandstorm|[upkeep]
|upkeep
|
|switch|p1a: Clefable|Clefable, M|100/100
|turn|12
|
|move|p2a: Tyranitar|Stone Edge|p1a: Clefable
|-crit|p1a: Clefable
|-damage|p1a: Clefable|0 fnt
|faint|p1a: Clefable
|
|-weather|Sandstorm|[upkeep]
|upkeep
|
|switch|p1a: Hydreigon|Hydreigon, F|94/100
|turn|13
|c|☆Hyper Suction boi|Wow
|
|move|p1a: Hydreigon|Flash Cannon|p2a: Tyranitar
|-supereffective|p2a: Tyranitar
|-damage|p2a: Tyranitar|55/100
|move|p2a: Tyranitar|Stone Edge|p1a: Hydreigon
|-damage|p1a: Hydreigon|0 fnt
|faint|p1a: Hydreigon
|
|-weather|none
|upkeep
|-message|Urcas forfeited.
|
|win|Hyper Suction boi
|l|☆Urcas
|raw|Urcas's rating: 1270 → 1246(-24 for losing)
|raw|Hyper Suction boi's rating: 1278 → 1303(+25 for winning)
