|ScrapeTime|2020-01-01-04:28:53
|j|☆ChilisGrillNBar
|j|☆undaddy
|player|p1|ChilisGrillNBar|waitress|
|player|p2|undaddy|wally|
|teamsize|p1|6
|teamsize|p2|6
|gametype|singles
|gen|8
|tier|[Gen 8] OU
|rule|Sleep Clause Mod: Limit one foe put to sleep
|rule|Species Clause: Limit one of each Pokémon
|rule|OHKO Clause: OHKO moves are banned
|rule|Evasion Moves Clause: Evasion moves are banned
|rule|Endless Battle Clause: Forcing endless battles is banned
|rule|HP Percentage Mod: HP is shown in percentages
|clearpoke
|poke|p1|Obstagoon, M|
|poke|p1|Seismitoad, F|
|poke|p1|Corsola-Galar, F|
|poke|p1|Corviknight, F|
|poke|p1|Dragapult, M|
|poke|p1|Rotom-Heat|
|poke|p2|Dracozolt|
|poke|p2|Clefable, F|
|poke|p2|Toxapex, F|
|poke|p2|Corviknight, M|
|poke|p2|Hydreigon, F|
|poke|p2|Diggersby, F|
|rule|Dynamax Clause: You cannot dynamax
|teampreview
|c|☆undaddy|hf
|c|☆ChilisGrillNBar|u2
|inactive|Battle timer is ON: inactive players will automatically lose when time's up. (requested by undaddy)
|
|start
|switch|p1a: Obstagoon|Obstagoon, M|100/100
|switch|p2a: Hydreigon|Hydreigon, F|100/100
|turn|1
|
|switch|p2a: Toxapex|Toxapex, F|100/100
|switch|p1a: Seismitoad|Seismitoad, F|100/100
|
|upkeep
|turn|2
|
|move|p1a: Seismitoad|Earthquake|p2a: Toxapex
|-supereffective|p2a: Toxapex
|-damage|p2a: Toxapex|54/100
|move|p2a: Toxapex|Toxic Spikes|p1a: Seismitoad
|-sidestart|p1: ChilisGrillNBar|move: Toxic Spikes
|
|-heal|p2a: Toxapex|61/100|[from] item: Black Sludge
|upkeep
|turn|3
|
|switch|p1a: Corviknight|Corviknight, F|100/100
|-ability|p1a: Corviknight|Pressure
|move|p2a: Toxapex|Recover|p2a: Toxapex
|-heal|p2a: Toxapex|100/100
|
|upkeep
|turn|4
|
|switch|p2a: Dracozolt|Dracozolt|100/100
|move|p1a: Corviknight|Defog|p2a: Dracozolt
|-unboost|p2a: Dracozolt|evasion|1
|-sideend|p1: ChilisGrillNBar|Toxic Spikes|[from] move: Defog|[of] p1a: Corviknight
|
|upkeep
|turn|5
|
|switch|p1a: Seismitoad|Seismitoad, F|100/100
|move|p2a: Dracozolt|Bolt Beak|p1a: Seismitoad
|-immune|p1a: Seismitoad
|
|upkeep
|turn|6
|
|switch|p2a: Toxapex|Toxapex, F|100/100
|switch|p1a: Corsola|Corsola-Galar, F|100/100
|
|upkeep
|turn|7
|
|move|p2a: Toxapex|Toxic Spikes|p1a: Corsola
|-sidestart|p1: ChilisGrillNBar|move: Toxic Spikes
|move|p1a: Corsola|Stealth Rock|p2a: Toxapex
|-sidestart|p2: undaddy|move: Stealth Rock
|
|upkeep
|turn|8
|
|move|p2a: Toxapex|Toxic Spikes|p1a: Corsola
|-sidestart|p1: ChilisGrillNBar|move: Toxic Spikes
|move|p1a: Corsola|Will-O-Wisp|p2a: Toxapex
|-status|p2a: Toxapex|brn
|
|-damage|p2a: Toxapex|94/100 brn|[from] brn
|upkeep
|turn|9
|
|switch|p1a: Corviknight|Corviknight, F|100/100
|-ability|p1a: Corviknight|Pressure
|move|p2a: Toxapex|Scald|p1a: Corviknight
|-damage|p1a: Corviknight|84/100
|
|-heal|p1a: Corviknight|91/100|[from] item: Leftovers
|-heal|p2a: Toxapex|100/100 brn|[from] item: Black Sludge
|-damage|p2a: Toxapex|94/100 brn|[from] brn
|upkeep
|turn|10
|
|switch|p2a: Dracozolt|Dracozolt|100/100
|-damage|p2a: Dracozolt|88/100|[from] Stealth Rock
|move|p1a: Corviknight|U-turn|p2a: Dracozolt
|-damage|p2a: Dracozolt|70/100
|
|switch|p1a: Obstagoon|Obstagoon, M|100/100|[from]move: U-turn
|-status|p1a: Obstagoon|tox
|
|-damage|p1a: Obstagoon|94/100 tox|[from] psn
|upkeep
|turn|11
|
|switch|p2a: Corviknight|Corviknight, M|100/100
|-damage|p2a: Corviknight|88/100|[from] Stealth Rock
|move|p1a: Obstagoon|Knock Off|p2a: Corviknight
|-damage|p2a: Corviknight|52/100
|-damage|p1a: Obstagoon|78/100 tox|[from] item: Rocky Helmet|[of] p2a: Corviknight
|-enditem|p2a: Corviknight|Rocky Helmet|[from] move: Knock Off|[of] p1a: Obstagoon
|
|-damage|p1a: Obstagoon|66/100 tox|[from] psn
|upkeep
|turn|12
|
|move|p1a: Obstagoon|Parting Shot||[still]
|-ability|p2a: Corviknight|Mirror Armor
|-unboost|p1a: Obstagoon|atk|1
|-unboost|p1a: Obstagoon|spa|1
|-fail|p1a: Obstagoon
|move|p2a: Corviknight|Roost|p2a: Corviknight
|-heal|p2a: Corviknight|100/100
|-singleturn|p2a: Corviknight|move: Roost
|
|-damage|p1a: Obstagoon|47/100 tox|[from] psn
|upkeep
|turn|13
|
|switch|p1a: Corviknight|Corviknight, F|91/100
|-ability|p1a: Corviknight|Pressure
|move|p2a: Corviknight|Body Press|p1a: Corviknight
|-damage|p1a: Corviknight|75/100
|
|-heal|p1a: Corviknight|81/100|[from] item: Leftovers
|upkeep
|turn|14
|
|switch|p2a: Dracozolt|Dracozolt|70/100
|-damage|p2a: Dracozolt|58/100|[from] Stealth Rock
|move|p1a: Corviknight|U-turn|p2a: Dracozolt
|-damage|p2a: Dracozolt|42/100
|inactive|ChilisGrillNBar has 270 seconds left.
|
|switch|p1a: Dragapult|Dragapult, M|100/100|[from]move: U-turn
|-status|p1a: Dragapult|tox
|
|-damage|p1a: Dragapult|95/100 tox|[from] psn
|upkeep
|turn|15
|
|switch|p2a: Toxapex|Toxapex, F|100/100 brn
|-damage|p2a: Toxapex|88/100 brn|[from] Stealth Rock
|move|p1a: Dragapult|Shadow Ball|p2a: Toxapex
|-damage|p2a: Toxapex|50/100 brn
|
|-heal|p2a: Toxapex|57/100 brn|[from] item: Black Sludge
|-damage|p1a: Dragapult|83/100 tox|[from] psn
|-damage|p2a: Toxapex|50/100 brn|[from] brn
|upkeep
|turn|16
|inactive|ChilisGrillNBar has 270 seconds left.
|
|switch|p1a: Rotom|Rotom-Heat|100/100
|switch|p2a: Diggersby|Diggersby, F|100/100
|-damage|p2a: Diggersby|94/100|[from] Stealth Rock
|
|upkeep
|turn|17
|inactive|ChilisGrillNBar has 270 seconds left.
|
|switch|p2a: Hydreigon|Hydreigon, F|100/100
|-damage|p2a: Hydreigon|88/100|[from] Stealth Rock
|switch|p1a: Corviknight|Corviknight, F|81/100
|-ability|p1a: Corviknight|Pressure
|
|-heal|p2a: Hydreigon|94/100|[from] item: Leftovers
|-heal|p1a: Corviknight|87/100|[from] item: Leftovers
|upkeep
|turn|18
|
|move|p2a: Hydreigon|Nasty Plot|p2a: Hydreigon
|-boost|p2a: Hydreigon|spa|2
|move|p1a: Corviknight|U-turn|p2a: Hydreigon
|-supereffective|p2a: Hydreigon
|-damage|p2a: Hydreigon|60/100
|
|switch|p1a: Dragapult|Dragapult, M|83/100 tox|[from]move: U-turn
|
|-heal|p2a: Hydreigon|66/100|[from] item: Leftovers
|-damage|p1a: Dragapult|77/100 tox|[from] psn
|upkeep
|turn|19
|
|switch|p2a: Clefable|Clefable, F|100/100
|move|p1a: Dragapult|Shadow Ball|p2a: Clefable
|-damage|p2a: Clefable|50/100
|-unboost|p2a: Clefable|spd|1
|
|-heal|p2a: Clefable|56/100|[from] item: Leftovers
|-damage|p1a: Dragapult|65/100 tox|[from] psn
|upkeep
|turn|20
|
|switch|p2a: Diggersby|Diggersby, F|94/100
|-damage|p2a: Diggersby|88/100|[from] Stealth Rock
|move|p1a: Dragapult|Shadow Ball|p2a: Diggersby
|-immune|p2a: Diggersby
|
|-damage|p1a: Dragapult|47/100 tox|[from] psn
|upkeep
|turn|21
|
|switch|p1a: Corviknight|Corviknight, F|87/100
|-ability|p1a: Corviknight|Pressure
|switch|p2a: Dracozolt|Dracozolt|42/100
|-damage|p2a: Dracozolt|30/100|[from] Stealth Rock
|
|-heal|p1a: Corviknight|93/100|[from] item: Leftovers
|upkeep
|turn|22
|
|switch|p1a: Seismitoad|Seismitoad, F|100/100
|-status|p1a: Seismitoad|tox
|move|p2a: Dracozolt|Dragon Claw|p1a: Seismitoad|[miss]
|-miss|p2a: Dracozolt|p1a: Seismitoad
|
|-damage|p1a: Seismitoad|94/100 tox|[from] psn
|upkeep
|turn|23
|
|move|p2a: Dracozolt|Dragon Claw|p1a: Seismitoad
|-damage|p1a: Seismitoad|16/100 tox
|move|p1a: Seismitoad|Scald|p2a: Dracozolt
|-resisted|p2a: Dracozolt
|-damage|p2a: Dracozolt|14/100
|
|-heal|p1a: Seismitoad|22/100 tox|[from] item: Leftovers
|-damage|p1a: Seismitoad|10/100 tox|[from] psn
|upkeep
|turn|24
|
|switch|p1a: Corviknight|Corviknight, F|93/100
|-ability|p1a: Corviknight|Pressure
|move|p2a: Dracozolt|Dragon Claw|p1a: Corviknight
|-resisted|p1a: Corviknight
|-damage|p1a: Corviknight|70/100
|
|-heal|p1a: Corviknight|76/100|[from] item: Leftovers
|upkeep
|turn|25
|
|switch|p2a: Clefable|Clefable, F|56/100
|move|p1a: Corviknight|U-turn|p2a: Clefable
|-resisted|p2a: Clefable
|-damage|p2a: Clefable|50/100
|
|switch|p1a: Rotom|Rotom-Heat|100/100|[from]move: U-turn
|
|-heal|p2a: Clefable|56/100|[from] item: Leftovers
|upkeep
|turn|26
|
|move|p1a: Rotom|Nasty Plot|p1a: Rotom
|-boost|p1a: Rotom|spa|2
|move|p2a: Clefable|Stealth Rock|p1a: Rotom
|-sidestart|p1: ChilisGrillNBar|move: Stealth Rock
|
|-heal|p2a: Clefable|62/100|[from] item: Leftovers
|upkeep
|turn|27
|
|switch|p2a: Dracozolt|Dracozolt|14/100
|-damage|p2a: Dracozolt|1/100|[from] Stealth Rock
|move|p1a: Rotom|Thunderbolt|p2a: Dracozolt
|-resisted|p2a: Dracozolt
|-damage|p2a: Dracozolt|0 fnt
|faint|p2a: Dracozolt
|
|upkeep
|
|switch|p2a: Hydreigon|Hydreigon, F|66/100
|-damage|p2a: Hydreigon|54/100|[from] Stealth Rock
|turn|28
|inactive|ChilisGrillNBar has 270 seconds left.
|
|move|p2a: Hydreigon|Draco Meteor|p1a: Rotom
|-damage|p1a: Rotom|17/100
|-unboost|p2a: Hydreigon|spa|2
|move|p1a: Rotom|Volt Switch|p2a: Hydreigon
|-resisted|p2a: Hydreigon
|-damage|p2a: Hydreigon|19/100
|inactive|ChilisGrillNBar has 270 seconds left.
|
|switch|p1a: Dragapult|Dragapult, M|47/100 tox|[from]move: Volt Switch
|-damage|p1a: Dragapult|34/100 tox|[from] Stealth Rock
|
|-heal|p2a: Hydreigon|25/100|[from] item: Leftovers
|-damage|p1a: Dragapult|28/100 tox|[from] psn
|upkeep
|turn|29
|inactive|ChilisGrillNBar has 270 seconds left.
|
|switch|p2a: Toxapex|Toxapex, F|84/100 brn
|-damage|p2a: Toxapex|71/100 brn|[from] Stealth Rock
|move|p1a: Dragapult|Draco Meteor|p2a: Toxapex
|-damage|p2a: Toxapex|11/100 brn
|-unboost|p1a: Dragapult|spa|2
|
|-heal|p2a: Toxapex|17/100 brn|[from] item: Black Sludge
|-damage|p1a: Dragapult|16/100 tox|[from] psn
|-damage|p2a: Toxapex|11/100 brn|[from] brn
|upkeep
|turn|30
|
|switch|p1a: Corviknight|Corviknight, F|76/100
|-damage|p1a: Corviknight|64/100|[from] Stealth Rock
|-ability|p1a: Corviknight|Pressure
|switch|p2a: Clefable|Clefable, F|62/100
|
|-heal|p1a: Corviknight|70/100|[from] item: Leftovers
|-heal|p2a: Clefable|69/100|[from] item: Leftovers
|upkeep
|turn|31
|inactive|ChilisGrillNBar has 270 seconds left.
|
|move|p1a: Corviknight|U-turn|p2a: Clefable
|-resisted|p2a: Clefable
|-damage|p2a: Clefable|64/100
|
|switch|p1a: Seismitoad|Seismitoad, F|10/100 tox|[from]move: U-turn
|-damage|p1a: Seismitoad|4/100 tox|[from] Stealth Rock
|move|p2a: Clefable|Wish|p2a: Clefable
|
|-heal|p1a: Seismitoad|10/100 tox|[from] item: Leftovers
|-heal|p2a: Clefable|70/100|[from] item: Leftovers
|-damage|p1a: Seismitoad|4/100 tox|[from] psn
|upkeep
|turn|32
|inactive|ChilisGrillNBar has 270 seconds left.
|
|switch|p2a: Hydreigon|Hydreigon, F|25/100
|-damage|p2a: Hydreigon|12/100|[from] Stealth Rock
|move|p1a: Seismitoad|Toxic|p2a: Hydreigon
|-status|p2a: Hydreigon|tox
|
|-heal|p2a: Hydreigon|73/100 tox|[from] move: Wish|[wisher] Clefable
|-heal|p2a: Hydreigon|79/100 tox|[from] item: Leftovers
|-heal|p1a: Seismitoad|10/100 tox|[from] item: Leftovers
|-damage|p2a: Hydreigon|73/100 tox|[from] psn
|-damage|p1a: Seismitoad|0 fnt|[from] psn
|faint|p1a: Seismitoad
|upkeep
|
|switch|p1a: Corviknight|Corviknight, F|70/100
|-damage|p1a: Corviknight|58/100|[from] Stealth Rock
|-ability|p1a: Corviknight|Pressure
|turn|33
|
|move|p2a: Hydreigon|Nasty Plot|p2a: Hydreigon
|-boost|p2a: Hydreigon|spa|2
|move|p1a: Corviknight|Defog|p2a: Hydreigon
|-unboost|p2a: Hydreigon|evasion|1
|-sideend|p2: undaddy|Stealth Rock|[from] move: Defog|[of] p1a: Corviknight
|-sideend|p1: ChilisGrillNBar|Toxic Spikes|[from] move: Defog|[of] p1a: Corviknight
|-sideend|p1: ChilisGrillNBar|Stealth Rock|[from] move: Defog|[of] p1a: Corviknight
|
|-heal|p2a: Hydreigon|79/100 tox|[from] item: Leftovers
|-heal|p1a: Corviknight|64/100|[from] item: Leftovers
|-damage|p2a: Hydreigon|67/100 tox|[from] psn
|upkeep
|turn|34
|inactive|ChilisGrillNBar has 270 seconds left.
|
|move|p2a: Hydreigon|Dark Pulse|p1a: Corviknight
|-damage|p1a: Corviknight|0 fnt
|faint|p1a: Corviknight
|
|-heal|p2a: Hydreigon|73/100 tox|[from] item: Leftovers
|-damage|p2a: Hydreigon|55/100 tox|[from] psn
|upkeep
|
|switch|p1a: Dragapult|Dragapult, M|16/100 tox
|turn|35
|inactive|ChilisGrillNBar has 270 seconds left.
|
|switch|p2a: Clefable|Clefable, F|70/100
|move|p1a: Dragapult|Draco Meteor|p2a: Clefable
|-immune|p2a: Clefable
|
|-heal|p2a: Clefable|76/100|[from] item: Leftovers
|-damage|p1a: Dragapult|10/100 tox|[from] psn
|upkeep
|turn|36
|
|switch|p1a: Corsola|Corsola-Galar, F|100/100
|move|p2a: Clefable|Stealth Rock|p1a: Corsola
|-sidestart|p1: ChilisGrillNBar|move: Stealth Rock
|
|-heal|p2a: Clefable|82/100|[from] item: Leftovers
|upkeep
|turn|37
|
|switch|p2a: Hydreigon|Hydreigon, F|55/100 tox
|move|p1a: Corsola|Stealth Rock|p2a: Hydreigon
|-sidestart|p2: undaddy|move: Stealth Rock
|
|-heal|p2a: Hydreigon|61/100 tox|[from] item: Leftovers
|-damage|p2a: Hydreigon|55/100 tox|[from] psn
|upkeep
|turn|38
|
|move|p2a: Hydreigon|Dark Pulse|p1a: Corsola
|-supereffective|p1a: Corsola
|-damage|p1a: Corsola|39/100
|move|p1a: Corsola|Night Shade|p2a: Hydreigon
|-damage|p2a: Hydreigon|24/100 tox
|
|-heal|p2a: Hydreigon|30/100 tox|[from] item: Leftovers
|-damage|p2a: Hydreigon|18/100 tox|[from] psn
|upkeep
|turn|39
|
|switch|p1a: Obstagoon|Obstagoon, M|47/100 tox
|-damage|p1a: Obstagoon|35/100 tox|[from] Stealth Rock
|move|p2a: Hydreigon|Draco Meteor|p1a: Obstagoon
|-damage|p1a: Obstagoon|0 fnt
|-unboost|p2a: Hydreigon|spa|2
|faint|p1a: Obstagoon
|
|-heal|p2a: Hydreigon|24/100 tox|[from] item: Leftovers
|-damage|p2a: Hydreigon|5/100 tox|[from] psn
|upkeep
|
|switch|p1a: Corsola|Corsola-Galar, F|39/100
|-damage|p1a: Corsola|26/100|[from] Stealth Rock
|turn|40
|
|move|p2a: Hydreigon|Dark Pulse|p1a: Corsola
|-supereffective|p1a: Corsola
|-damage|p1a: Corsola|0 fnt
|-start|p2a: Hydreigon|Disable|Dark Pulse|[from] ability: Cursed Body|[of] p1a: Corsola
|faint|p1a: Corsola
|
|-heal|p2a: Hydreigon|12/100 tox|[from] item: Leftovers
|-damage|p2a: Hydreigon|0 fnt|[from] psn
|faint|p2a: Hydreigon
|upkeep
|
|switch|p2a: Diggersby|Diggersby, F|88/100
|switch|p1a: Rotom|Rotom-Heat|17/100
|-damage|p2a: Diggersby|82/100|[from] Stealth Rock
|turn|41
|
|move|p2a: Diggersby|Facade|p1a: Rotom
|-damage|p1a: Rotom|0 fnt
|faint|p1a: Rotom
|
|upkeep
|c|☆ChilisGrillNBar|gg
|c|☆undaddy|geege
|c|☆undaddy|idk how i brought this back
|c|☆undaddy|u kinda threw letting me chip the corsola i think
|c|☆undaddy|or corviknight
|c|☆ChilisGrillNBar|i think you had it for the most part
|inactive|ChilisGrillNBar has 270 seconds left.
|c|☆undaddy|eh
|
|switch|p1a: Dragapult|Dragapult, M|10/100 tox
|-damage|p1a: Dragapult|0 fnt|[from] Stealth Rock
|faint|p1a: Dragapult
|
|win|undaddy
|c|☆undaddy|idk
|c|☆undaddy|maybe
|c|☆undaddy|gg
|c|☆undaddy|ig
