|ScrapeTime|2020-01-02-05:16:46
|j|☆ogTFlame
|j|☆yates.justic
|player|p1|ogTFlame|lucas|1448
|player|p2|yates.justic|2|1414
|teamsize|p1|6
|teamsize|p2|6
|gametype|singles
|gen|8
|tier|[Gen 8] OU
|rated|
|rule|Sleep Clause Mod: Limit one foe put to sleep
|rule|Species Clause: Limit one of each Pokémon
|rule|OHKO Clause: OHKO moves are banned
|rule|Evasion Moves Clause: Evasion moves are banned
|rule|Endless Battle Clause: Forcing endless battles is banned
|rule|HP Percentage Mod: HP is shown in percentages
|clearpoke
|poke|p1|Cinderace, F|
|poke|p1|Excadrill, M|
|poke|p1|Rotom-Wash|
|poke|p1|Aegislash, M|
|poke|p1|Gyarados, M|
|poke|p1|Conkeldurr, M|
|poke|p2|Dracovish|
|poke|p2|Ribombee, F|
|poke|p2|Dragapult, F|
|poke|p2|Excadrill, F|
|poke|p2|Seismitoad, M|
|poke|p2|Aegislash, M|
|rule|Dynamax Clause: You cannot dynamax
|teampreview
|inactive|Battle timer is ON: inactive players will automatically lose when time's up. (requested by ogTFlame)
|inactive|yates.justic has 120 seconds left.
|
|start
|switch|p1a: CLEEEAN|Rotom-Wash|100/100
|switch|p2a: Aegislash|Aegislash, M|100/100
|turn|1
|
|move|p1a: CLEEEAN|Will-O-Wisp|p2a: Aegislash
|-status|p2a: Aegislash|brn
|-formechange|p2a: Aegislash|Aegislash-Blade||[from] ability: Stance Change
|move|p2a: Aegislash|Shadow Ball|p1a: CLEEEAN
|-damage|p1a: CLEEEAN|47/100
|-unboost|p1a: CLEEEAN|spd|1
|
|-heal|p1a: CLEEEAN|53/100|[from] item: Leftovers
|-damage|p2a: Aegislash|94/100 brn|[from] brn
|upkeep
|turn|2
|
|-formechange|p2a: Aegislash|Aegislash||[from] ability: Stance Change
|move|p2a: Aegislash|King's Shield|p2a: Aegislash
|-singleturn|p2a: Aegislash|Protect
|move|p1a: CLEEEAN|Hex|p2a: Aegislash
|-activate|p2a: Aegislash|move: Protect
|
|-heal|p1a: CLEEEAN|59/100|[from] item: Leftovers
|-damage|p2a: Aegislash|88/100 brn|[from] brn
|upkeep
|turn|3
|
|move|p1a: CLEEEAN|Will-O-Wisp|p2a: Aegislash
|-fail|p2a: Aegislash|brn
|-formechange|p2a: Aegislash|Aegislash-Blade||[from] ability: Stance Change
|move|p2a: Aegislash|Shadow Ball|p1a: CLEEEAN
|-crit|p1a: CLEEEAN
|-damage|p1a: CLEEEAN|0 fnt
|faint|p1a: CLEEEAN
|
|-damage|p2a: Aegislash|82/100 brn|[from] brn
|upkeep
|
|switch|p1a: Brody|Conkeldurr, M|100/100
|turn|4
|
|-formechange|p2a: Aegislash|Aegislash||[from] ability: Stance Change
|move|p2a: Aegislash|King's Shield|p2a: Aegislash
|-singleturn|p2a: Aegislash|Protect
|move|p1a: Brody|Earthquake|p2a: Aegislash
|-activate|p2a: Aegislash|move: Protect
|
|-damage|p2a: Aegislash|76/100 brn|[from] brn
|-status|p1a: Brody|brn|[from] item: Flame Orb
|upkeep
|turn|5
|
|-formechange|p2a: Aegislash|Aegislash-Blade||[from] ability: Stance Change
|move|p2a: Aegislash|Shadow Ball|p1a: Brody
|-damage|p1a: Brody|43/100 brn
|move|p1a: Brody|Earthquake|p2a: Aegislash
|-supereffective|p2a: Aegislash
|-damage|p2a: Aegislash|0 fnt
|faint|p2a: Aegislash
|
|-damage|p1a: Brody|37/100 brn|[from] brn
|upkeep
|
|switch|p2a: Ribombee|Ribombee, F|100/100
|turn|6
|
|switch|p1a: SLICE EM UP|Aegislash, M|100/100
|move|p2a: Ribombee|Moonblast|p1a: SLICE EM UP
|-resisted|p1a: SLICE EM UP
|-damage|p1a: SLICE EM UP|85/100
|-unboost|p1a: SLICE EM UP|spa|1
|
|-heal|p1a: SLICE EM UP|91/100|[from] item: Leftovers
|upkeep
|turn|7
|
|move|p2a: Ribombee|Sticky Web|p1a: SLICE EM UP
|-sidestart|p1: ogTFlame|move: Sticky Web
|-formechange|p1a: SLICE EM UP|Aegislash-Blade||[from] ability: Stance Change
|move|p1a: SLICE EM UP|Iron Head|p2a: Ribombee
|-supereffective|p2a: Ribombee
|-enditem|p2a: Ribombee|Focus Sash
|-damage|p2a: Ribombee|1/100
|
|-heal|p1a: SLICE EM UP|97/100|[from] item: Leftovers
|upkeep
|turn|8
|
|switch|p2a: Excadrill|Excadrill, F|100/100
|-ability|p2a: Excadrill|Mold Breaker
|switch|p1a: Nesquik|Cinderace, F|100/100
|-activate|p1a: Nesquik|move: Sticky Web
|-unboost|p1a: Nesquik|spe|1
|
|upkeep
|turn|9
|
|switch|p1a: Rampage|Gyarados, M|100/100
|move|p2a: Excadrill|Earthquake|p1a: Rampage
|-immune|p1a: Rampage
|
|upkeep
|turn|10
|
|switch|p2a: Seismitoad|Seismitoad, M|100/100
|move|p1a: Rampage|Dragon Dance|p1a: Rampage
|-boost|p1a: Rampage|atk|1
|-boost|p1a: Rampage|spe|1
|
|upkeep
|turn|11
|
|move|p1a: Rampage|Power Whip|p2a: Seismitoad|[miss]
|-miss|p1a: Rampage|p2a: Seismitoad
|move|p2a: Seismitoad|Toxic|p1a: Rampage
|-status|p1a: Rampage|tox
|
|-damage|p1a: Rampage|94/100 tox|[from] psn
|upkeep
|turn|12
|
|switch|p2a: Excadrill|Excadrill, F|100/100
|-ability|p2a: Excadrill|Mold Breaker
|move|p1a: Rampage|Earthquake|p2a: Excadrill
|-supereffective|p2a: Excadrill
|-damage|p2a: Excadrill|0 fnt
|faint|p2a: Excadrill
|-ability|p1a: Rampage|Moxie|boost
|-boost|p1a: Rampage|atk|1
|
|-damage|p1a: Rampage|82/100 tox|[from] psn
|upkeep
|
|switch|p2a: Seismitoad|Seismitoad, M|100/100
|turn|13
|
|move|p1a: Rampage|Power Whip|p2a: Seismitoad
|-supereffective|p2a: Seismitoad
|-damage|p2a: Seismitoad|0 fnt
|faint|p2a: Seismitoad
|-ability|p1a: Rampage|Moxie|boost
|-boost|p1a: Rampage|atk|1
|
|-damage|p1a: Rampage|64/100 tox|[from] psn
|upkeep
|
|switch|p2a: Ribombee|Ribombee, F|1/100
|turn|14
|
|move|p1a: Rampage|Waterfall|p2a: Ribombee
|-damage|p2a: Ribombee|0 fnt
|faint|p2a: Ribombee
|-ability|p1a: Rampage|Moxie|boost
|-boost|p1a: Rampage|atk|1
|
|-damage|p1a: Rampage|40/100 tox|[from] psn
|upkeep
|
|switch|p2a: Dragapult|Dragapult, F|100/100
|turn|15
|
|move|p1a: Rampage|Earthquake|p2a: Dragapult
|-damage|p2a: Dragapult|0 fnt
|faint|p2a: Dragapult
|-ability|p1a: Rampage|Moxie|boost
|-boost|p1a: Rampage|atk|1
|
|-damage|p1a: Rampage|10/100 tox|[from] psn
|upkeep
|-message|yates.justic forfeited.
|
|win|ogTFlame
|l|☆yates.justic
|raw|ogTFlame's rating: 1448 → 1466(+18 for winning)
|raw|yates.justic's rating: 1414 → 1396(-18 for losing)
