|ScrapeTime|2020-01-02-08:15:02
|j|☆IthinkI'm
|j|☆Rusty blue
|player|p1|IthinkI'm|pokemonbreeder|1868
|player|p2|Rusty blue|ingo|1738
|teamsize|p1|6
|teamsize|p2|6
|gametype|singles
|gen|8
|tier|[Gen 8] OU
|rated|
|rule|Sleep Clause Mod: Limit one foe put to sleep
|rule|Species Clause: Limit one of each Pokémon
|rule|OHKO Clause: OHKO moves are banned
|rule|Evasion Moves Clause: Evasion moves are banned
|rule|Endless Battle Clause: Forcing endless battles is banned
|rule|HP Percentage Mod: HP is shown in percentages
|clearpoke
|poke|p1|Cloyster, F|
|poke|p1|Mimikyu, F|
|poke|p1|Bisharp, M|
|poke|p1|Rhyperior, F|
|poke|p1|Conkeldurr, F|
|poke|p1|Excadrill, M|
|poke|p2|Ribombee, M|
|poke|p2|Mew|
|poke|p2|Kommo-o, M|
|poke|p2|Tyranitar, M|
|poke|p2|Haxorus, M|
|poke|p2|Dragapult, M|
|rule|Dynamax Clause: You cannot dynamax
|teampreview
|j| mouse de frank
|j| Devon
|j| LeAustin
|j| general_newb
|
|start
|switch|p1a: Rhyperior|Rhyperior, F|100/100
|switch|p2a: Ribombee|Ribombee, M|100/100
|turn|1
|j| APNsBR
|
|move|p2a: Ribombee|Sticky Web|p1a: Rhyperior
|-sidestart|p1: IthinkI'm|move: Sticky Web
|move|p1a: Rhyperior|Stealth Rock|p2a: Ribombee
|-sidestart|p2: Rusty blue|move: Stealth Rock
|
|upkeep
|turn|2
|j| Narmanitan
|
|switch|p1a: Excadrill|Excadrill, M|100/100
|-ability|p1a: Excadrill|Mold Breaker
|-item|p1a: Excadrill|Air Balloon
|move|p2a: Ribombee|Stun Spore|p1a: Excadrill
|-status|p1a: Excadrill|par
|
|upkeep
|turn|3
|
|move|p2a: Ribombee|U-turn|p1a: Excadrill
|-resisted|p1a: Excadrill
|-damage|p1a: Excadrill|91/100 par
|-enditem|p1a: Excadrill|Air Balloon
|
|switch|p2a: Dragapult|Dragapult, M|100/100|[from]move: U-turn
|-damage|p2a: Dragapult|88/100|[from] Stealth Rock
|move|p1a: Excadrill|Earthquake|p2a: Dragapult
|-damage|p2a: Dragapult|13/100
|
|upkeep
|turn|4
|
|switch|p1a: Conkeldurr|Conkeldurr, F|100/100
|-activate|p1a: Conkeldurr|move: Sticky Web
|-unboost|p1a: Conkeldurr|spe|1
|move|p2a: Dragapult|Fire Blast|p1a: Conkeldurr
|-damage|p1a: Conkeldurr|77/100
|
|upkeep
|turn|5
|
|move|p2a: Dragapult|Fire Blast|p1a: Conkeldurr
|-damage|p1a: Conkeldurr|50/100
|move|p1a: Conkeldurr|Poison Jab|p2a: Dragapult
|-resisted|p2a: Dragapult
|-damage|p2a: Dragapult|0 fnt
|faint|p2a: Dragapult
|
|upkeep
|
|switch|p2a: Mew|Mew|100/100
|-damage|p2a: Mew|88/100|[from] Stealth Rock
|turn|6
|
|move|p2a: Mew|Stealth Rock|p1a: Conkeldurr
|-sidestart|p1: IthinkI'm|move: Stealth Rock
|move|p1a: Conkeldurr|Earthquake|p2a: Mew
|-damage|p2a: Mew|51/100
|
|-heal|p2a: Mew|57/100|[from] item: Leftovers
|upkeep
|turn|7
|j| DOM3NICO3
|j| Resonating Aura
|
|move|p2a: Mew|Psychic|p1a: Conkeldurr
|-supereffective|p1a: Conkeldurr
|-damage|p1a: Conkeldurr|0 fnt
|faint|p1a: Conkeldurr
|
|-heal|p2a: Mew|63/100|[from] item: Leftovers
|upkeep
|l| Resonating Aura
|
|switch|p1a: Excadrill|Excadrill, M|91/100 par
|-activate|p1a: Excadrill|move: Sticky Web
|-unboost|p1a: Excadrill|spe|1
|-damage|p1a: Excadrill|88/100 par|[from] Stealth Rock
|-ability|p1a: Excadrill|Mold Breaker
|turn|8
|c| Narmanitan|inb4 cc
|
|move|p2a: Mew|Fire Blast|p1a: Excadrill
|-supereffective|p1a: Excadrill
|-damage|p1a: Excadrill|5/100 par
|move|p1a: Excadrill|Rapid Spin|p2a: Mew
|-damage|p2a: Mew|46/100
|-sideend|p1: IthinkI'm|Stealth Rock|[from] move: Rapid Spin|[of] p1a: Excadrill
|-sideend|p1: IthinkI'm|Sticky Web|[from] move: Rapid Spin|[of] p1a: Excadrill
|-boost|p1a: Excadrill|spe|1
|
|-heal|p2a: Mew|52/100|[from] item: Leftovers
|upkeep
|turn|9
|c| Narmanitan|or dat
|
|move|p2a: Mew|Psychic|p1a: Excadrill
|-resisted|p1a: Excadrill
|-damage|p1a: Excadrill|0 fnt
|faint|p1a: Excadrill
|
|-heal|p2a: Mew|59/100|[from] item: Leftovers
|upkeep
|c|☆IthinkI'm|yolo
|
|switch|p1a: Cloyster|Cloyster, F|100/100
|turn|10
|c| Narmanitan|that is true
|
|move|p2a: Mew|Taunt|p1a: Cloyster
|-start|p1a: Cloyster|move: Taunt
|cant|p1a: Cloyster|move: Taunt|Shell Smash
|
|-heal|p2a: Mew|65/100|[from] item: Leftovers
|upkeep
|turn|11
|c| Narmanitan|*record scratch*
|
|move|p2a: Mew|Stealth Rock|p1a: Cloyster
|-sidestart|p1: IthinkI'm|move: Stealth Rock
|move|p1a: Cloyster|Icicle Spear|p2a: Mew
|-damage|p2a: Mew|54/100
|-damage|p2a: Mew|43/100
|-damage|p2a: Mew|32/100
|-damage|p2a: Mew|20/100
|-damage|p2a: Mew|8/100
|-hitcount|p2a: Mew|5
|
|-heal|p2a: Mew|14/100|[from] item: Leftovers
|upkeep
|turn|12
|n|!Narmanitan|narmanitan
|
|move|p1a: Cloyster|Ice Shard|p2a: Mew
|-damage|p2a: Mew|0 fnt
|faint|p2a: Mew
|
|-end|p1a: Cloyster|move: Taunt
|upkeep
|
|switch|p2a: Ribombee|Ribombee, M|100/100
|-damage|p2a: Ribombee|76/100|[from] Stealth Rock
|turn|13
|
|move|p2a: Ribombee|Stun Spore|p1a: Cloyster|[miss]
|-miss|p2a: Ribombee|p1a: Cloyster
|move|p1a: Cloyster|Rock Blast|p2a: Ribombee
|-supereffective|p2a: Ribombee
|-damage|p2a: Ribombee|45/100
|-supereffective|p2a: Ribombee
|-damage|p2a: Ribombee|15/100
|-supereffective|p2a: Ribombee
|-damage|p2a: Ribombee|0 fnt
|-hitcount|p2a: Ribombee|3
|faint|p2a: Ribombee
|
|upkeep
|
|switch|p2a: Tyranitar|Tyranitar, M|100/100
|-damage|p2a: Tyranitar|88/100|[from] Stealth Rock
|-weather|Sandstorm|[from] ability: Sand Stream|[of] p2a: Tyranitar
|turn|14
|
|move|p2a: Tyranitar|Dragon Dance|p2a: Tyranitar
|-boost|p2a: Tyranitar|atk|1
|-boost|p2a: Tyranitar|spe|1
|move|p1a: Cloyster|Icicle Spear|p2a: Tyranitar
|-damage|p2a: Tyranitar|76/100
|-damage|p2a: Tyranitar|65/100
|-crit|p2a: Tyranitar
|-damage|p2a: Tyranitar|47/100
|-damage|p2a: Tyranitar|35/100
|-damage|p2a: Tyranitar|23/100
|-hitcount|p2a: Tyranitar|5
|
|-weather|Sandstorm|[upkeep]
|-damage|p1a: Cloyster|94/100|[from] Sandstorm
|upkeep
|turn|15
|
|move|p1a: Cloyster|Ice Shard|p2a: Tyranitar
|-damage|p2a: Tyranitar|6/100
|move|p2a: Tyranitar|Rock Slide|p1a: Cloyster
|-supereffective|p1a: Cloyster
|-damage|p1a: Cloyster|0 fnt
|faint|p1a: Cloyster
|
|-weather|Sandstorm|[upkeep]
|upkeep
|
|switch|p1a: Mimikyu|Mimikyu, F|100/100
|-damage|p1a: Mimikyu|88/100|[from] Stealth Rock
|turn|16
|
|move|p1a: Mimikyu|Shadow Sneak|p2a: Tyranitar
|-resisted|p2a: Tyranitar
|-damage|p2a: Tyranitar|0 fnt
|faint|p2a: Tyranitar
|
|-weather|Sandstorm|[upkeep]
|-damage|p1a: Mimikyu|82/100|[from] Sandstorm
|upkeep
|
|switch|p2a: Kommo-o|Kommo-o, M|100/100
|-damage|p2a: Kommo-o|94/100|[from] Stealth Rock
|turn|17
|
|move|p2a: Kommo-o|Iron Head|p1a: Mimikyu
|-crit|p1a: Mimikyu
|-activate|p1a: Mimikyu|ability: Disguise
|-damage|p1a: Mimikyu|82/100
|detailschange|p1a: Mimikyu|Mimikyu-Busted, F
|-damage|p1a: Mimikyu|70/100|[from] ability: Disguise|[of] p1a: Mimikyu
|move|p1a: Mimikyu|Play Rough|p2a: Kommo-o
|-supereffective|p2a: Kommo-o
|-damage|p2a: Kommo-o|0 fnt
|faint|p2a: Kommo-o
|
|-weather|Sandstorm|[upkeep]
|-damage|p1a: Mimikyu|64/100|[from] Sandstorm
|upkeep
|
|switch|p2a: Haxorus|Haxorus, M|100/100
|-damage|p2a: Haxorus|88/100|[from] Stealth Rock
|-ability|p2a: Haxorus|Mold Breaker
|turn|18
|
|move|p2a: Haxorus|Earthquake|p1a: Mimikyu
|-damage|p1a: Mimikyu|6/100
|move|p1a: Mimikyu|Play Rough|p2a: Haxorus
|-supereffective|p2a: Haxorus
|-damage|p2a: Haxorus|0 fnt
|faint|p2a: Haxorus
|
|win|IthinkI'm
|l|☆Rusty blue
|raw|IthinkI'm's rating: 1868 → 1880(+12 for winning)
|raw|Rusty blue's rating: 1738 → 1725(-13 for losing)
|l|!Narmanitan
|l| general_newb
|l| DOM3NICO3
|l| LeAustin
|l| mouse de frank
|l| APNsBR
|l|☆IthinkI'm
|j|☆IthinkI'm
|player|p1|IthinkI'm|pokemonbreeder
