|ScrapeTime|2020-01-03-00:38:45
|j|☆morgreemm
|j|☆efw0517
|player|p1|morgreemm|nanu|1386
|player|p2|efw0517|290|1399
|teamsize|p1|6
|teamsize|p2|6
|gametype|singles
|gen|8
|tier|[Gen 8] OU
|rated|
|rule|Sleep Clause Mod: Limit one foe put to sleep
|rule|Species Clause: Limit one of each Pokémon
|rule|OHKO Clause: OHKO moves are banned
|rule|Evasion Moves Clause: Evasion moves are banned
|rule|Endless Battle Clause: Forcing endless battles is banned
|rule|HP Percentage Mod: HP is shown in percentages
|clearpoke
|poke|p1|Dragapult, M|
|poke|p1|Bewear, F|
|poke|p1|Seismitoad, M|
|poke|p1|Centiskorch, M|
|poke|p1|Clefable, F|
|poke|p1|Mandibuzz, F|
|poke|p2|Sirfetch'd, M|
|poke|p2|Dracovish|
|poke|p2|Corviknight, F|
|poke|p2|Dugtrio, M|
|poke|p2|Toxapex, M|
|poke|p2|Rotom-Heat|
|rule|Dynamax Clause: You cannot dynamax
|teampreview
|
|start
|switch|p1a: Dragapult|Dragapult, M|100/100
|switch|p2a: Sirfetch'd|Sirfetch'd, M|100/100
|turn|1
|
|move|p1a: Dragapult|Substitute|p1a: Dragapult
|-start|p1a: Dragapult|Substitute
|-damage|p1a: Dragapult|76/100
|move|p2a: Sirfetch'd|Close Combat|p1a: Dragapult
|-crit|p1a: Dragapult
|-end|p1a: Dragapult|Substitute
|-unboost|p2a: Sirfetch'd|def|1
|-unboost|p2a: Sirfetch'd|spd|1
|
|-heal|p1a: Dragapult|82/100|[from] item: Leftovers
|upkeep
|turn|2
|inactive|Battle timer is ON: inactive players will automatically lose when time's up. (requested by efw0517)
|
|switch|p2a: Rotom|Rotom-Heat|100/100
|move|p1a: Dragapult|Disable||[still]
|-fail|p1a: Dragapult
|
|-heal|p1a: Dragapult|88/100|[from] item: Leftovers
|upkeep
|turn|3
|
|switch|p1a: Centiskorch|Centiskorch, M|100/100
|move|p2a: Rotom|Trick|p1a: Centiskorch
|-activate|p2a: Rotom|move: Trick|[of] p1a: Centiskorch
|-item|p1a: Centiskorch|Choice Scarf|[from] move: Trick
|-item|p2a: Rotom|Heavy-Duty Boots|[from] move: Trick
|
|upkeep
|turn|4
|
|move|p2a: Rotom|Overheat|p1a: Centiskorch
|-start|p1a: Centiskorch|ability: Flash Fire
|move|p1a: Centiskorch|Knock Off|p2a: Rotom
|-damage|p2a: Rotom|64/100
|-enditem|p2a: Rotom|Heavy-Duty Boots|[from] move: Knock Off|[of] p1a: Centiskorch
|
|upkeep
|turn|5
|
|move|p2a: Rotom|Volt Switch|p1a: Centiskorch
|-damage|p1a: Centiskorch|81/100
|
|switch|p2a: Dugtrio|Dugtrio, M|100/100|[from]move: Volt Switch
|move|p1a: Centiskorch|Knock Off|p2a: Dugtrio
|-damage|p2a: Dugtrio|33/100
|-enditem|p2a: Dugtrio|Focus Sash|[from] move: Knock Off|[of] p1a: Centiskorch
|
|upkeep
|turn|6
|
|move|p2a: Dugtrio|Earthquake|p1a: Centiskorch
|-damage|p1a: Centiskorch|26/100
|move|p1a: Centiskorch|Knock Off|p2a: Dugtrio
|-damage|p2a: Dugtrio|0 fnt
|faint|p2a: Dugtrio
|
|upkeep
|
|switch|p2a: Dracovish|Dracovish|100/100
|turn|7
|
|-end|p1a: Centiskorch|ability: Flash Fire|[silent]
|switch|p1a: Seismitoad|Seismitoad, M|100/100
|move|p2a: Dracovish|Fishious Rend|p1a: Seismitoad
|-immune|p1a: Seismitoad|[from] ability: Water Absorb
|
|upkeep
|turn|8
|
|switch|p2a: Corviknight|Corviknight, F|100/100
|-ability|p2a: Corviknight|Pressure
|move|p1a: Seismitoad|Stealth Rock|p2a: Corviknight
|-sidestart|p2: efw0517|move: Stealth Rock
|
|upkeep
|turn|9
|
|switch|p1a: Bewear|Bewear, F|100/100
|move|p2a: Corviknight|Defog|p1a: Bewear
|-unboost|p1a: Bewear|evasion|1
|-sideend|p2: efw0517|Stealth Rock|[from] move: Defog|[of] p2a: Corviknight
|
|upkeep
|turn|10
|
|move|p1a: Bewear|Close Combat|p2a: Corviknight
|-damage|p2a: Corviknight|39/100
|-unboost|p1a: Bewear|def|1
|-unboost|p1a: Bewear|spd|1
|move|p2a: Corviknight|U-turn|p1a: Bewear
|-resisted|p1a: Bewear
|-damage|p1a: Bewear|95/100
|
|switch|p2a: Rotom|Rotom-Heat|64/100|[from]move: U-turn
|
|upkeep
|turn|11
|
|switch|p1a: Centiskorch|Centiskorch, M|26/100
|move|p2a: Rotom|Trick|p1a: Centiskorch
|-activate|p2a: Rotom|move: Trick|[of] p1a: Centiskorch
|-enditem|p1a: Centiskorch|Choice Scarf|[silent]|[from] move: Trick
|-item|p2a: Rotom|Choice Scarf|[from] move: Trick
|
|upkeep
|turn|12
|
|move|p2a: Rotom|Volt Switch|p1a: Centiskorch
|-damage|p1a: Centiskorch|3/100
|
|switch|p2a: Toxapex|Toxapex, M|100/100|[from]move: Volt Switch
|move|p1a: Centiskorch|Rest|p1a: Centiskorch
|-status|p1a: Centiskorch|slp|[from] move: Rest
|-heal|p1a: Centiskorch|100/100 slp|[silent]
|
|upkeep
|turn|13
|-message|efw0517 forfeited.
|
|win|morgreemm
|l|☆efw0517
