|ScrapeTime|2020-01-02-00:54:31
|j|☆hyjoga96
|j|☆Gray_Ruby
|player|p1|hyjoga96|265|1099
|player|p2|Gray_Ruby|beauty-gen5bw2|1099
|teamsize|p1|6
|teamsize|p2|6
|gametype|singles
|gen|8
|tier|[Gen 8] OU
|rated|
|rule|Sleep Clause Mod: Limit one foe put to sleep
|rule|Species Clause: Limit one of each Pokémon
|rule|OHKO Clause: OHKO moves are banned
|rule|Evasion Moves Clause: Evasion moves are banned
|rule|Endless Battle Clause: Forcing endless battles is banned
|rule|HP Percentage Mod: HP is shown in percentages
|clearpoke
|poke|p1|Hitmonchan, M|
|poke|p1|Corsola-Galar, F|
|poke|p1|Clefable, F|
|poke|p1|Ninjask, M|
|poke|p1|Centiskorch, M|
|poke|p1|Dragapult, F|
|poke|p2|Dracovish|
|poke|p2|Pelipper, M|
|poke|p2|Barraskewda, F|
|poke|p2|Drednaw, F|
|poke|p2|Gyarados, M|
|poke|p2|Seismitoad, M|
|rule|Dynamax Clause: You cannot dynamax
|teampreview
|
|start
|switch|p1a: Corsola|Corsola-Galar, F|100/100
|switch|p2a: Pelipper|Pelipper, M|100/100
|-weather|RainDance|[from] ability: Drizzle|[of] p2a: Pelipper
|turn|1
|
|move|p2a: Pelipper|U-turn|p1a: Corsola
|-resisted|p1a: Corsola
|-damage|p1a: Corsola|98/100
|
|switch|p2a: Dracovish|Dracovish|100/100|[from]move: U-turn
|move|p1a: Corsola|Will-O-Wisp|p2a: Dracovish
|-status|p2a: Dracovish|brn
|
|-weather|RainDance|[upkeep]
|-damage|p2a: Dracovish|94/100 brn|[from] brn
|upkeep
|turn|2
|
|move|p2a: Dracovish|Fishious Rend|p1a: Corsola
|-damage|p1a: Corsola|49/100
|move|p1a: Corsola|Strength Sap|p2a: Dracovish
|-unboost|p2a: Dracovish|atk|1
|-heal|p1a: Corsola|100/100
|
|-weather|RainDance|[upkeep]
|-damage|p2a: Dracovish|88/100 brn|[from] brn
|upkeep
|turn|3
|
|switch|p2a: Gyarados|Gyarados, M|100/100
|move|p1a: Corsola|Stealth Rock|p2a: Gyarados
|-sidestart|p2: Gray_Ruby|move: Stealth Rock
|
|-weather|RainDance|[upkeep]
|upkeep
|turn|4
|
|move|p2a: Gyarados|Substitute|p2a: Gyarados
|-start|p2a: Gyarados|Substitute
|-damage|p2a: Gyarados|76/100
|move|p1a: Corsola|Will-O-Wisp||[still]
|-fail|p1a: Corsola
|
|-weather|RainDance|[upkeep]
|-heal|p2a: Gyarados|82/100|[from] item: Leftovers
|upkeep
|turn|5
|
|move|p2a: Gyarados|Dragon Dance|p2a: Gyarados
|-boost|p2a: Gyarados|atk|1
|-boost|p2a: Gyarados|spe|1
|move|p1a: Corsola|Night Shade|p2a: Gyarados
|-end|p2a: Gyarados|Substitute
|
|-weather|RainDance|[upkeep]
|-heal|p2a: Gyarados|88/100|[from] item: Leftovers
|upkeep
|turn|6
|
|move|p2a: Gyarados|Waterfall|p1a: Corsola
|-damage|p1a: Corsola|39/100
|-start|p2a: Gyarados|Disable|Waterfall|[from] ability: Cursed Body|[of] p1a: Corsola
|move|p1a: Corsola|Night Shade|p2a: Gyarados
|-damage|p2a: Gyarados|58/100
|
|-weather|RainDance|[upkeep]
|-heal|p2a: Gyarados|64/100|[from] item: Leftovers
|upkeep
|turn|7
|
|move|p2a: Gyarados|Earthquake|p1a: Corsola
|-damage|p1a: Corsola|5/100
|move|p1a: Corsola|Night Shade|p2a: Gyarados
|-damage|p2a: Gyarados|33/100
|
|-weather|RainDance|[upkeep]
|-heal|p2a: Gyarados|39/100|[from] item: Leftovers
|upkeep
|turn|8
|
|move|p2a: Gyarados|Earthquake|p1a: Corsola
|-damage|p1a: Corsola|0 fnt
|faint|p1a: Corsola
|-ability|p2a: Gyarados|Moxie|boost
|-boost|p2a: Gyarados|atk|1
|
|-weather|none
|-heal|p2a: Gyarados|46/100|[from] item: Leftovers
|upkeep
|
|switch|p1a: Ninjask|Ninjask, M|100/100
|turn|9
|
|move|p1a: Ninjask|Swords Dance|p1a: Ninjask
|-boost|p1a: Ninjask|atk|2
|move|p2a: Gyarados|Substitute|p2a: Gyarados
|-start|p2a: Gyarados|Substitute
|-damage|p2a: Gyarados|21/100
|
|-heal|p2a: Gyarados|27/100|[from] item: Leftovers
|-end|p2a: Gyarados|Disable
|upkeep
|turn|10
|
|move|p1a: Ninjask|Night Slash|p2a: Gyarados
|-crit|p2a: Gyarados
|-damage|p2a: Gyarados|0 fnt
|faint|p2a: Gyarados
|
|upkeep
|
|switch|p2a: Pelipper|Pelipper, M|100/100
|-damage|p2a: Pelipper|76/100|[from] Stealth Rock
|-weather|RainDance|[from] ability: Drizzle|[of] p2a: Pelipper
|turn|11
|
|move|p1a: Ninjask|Swords Dance|p1a: Ninjask
|-boost|p1a: Ninjask|atk|2
|move|p2a: Pelipper|Hurricane|p1a: Ninjask
|-supereffective|p1a: Ninjask
|-enditem|p1a: Ninjask|Focus Sash
|-damage|p1a: Ninjask|1/100
|
|-weather|RainDance|[upkeep]
|upkeep
|turn|12
|
|move|p1a: Ninjask|Acrobatics|p2a: Pelipper
|-damage|p2a: Pelipper|0 fnt
|faint|p2a: Pelipper
|
|-weather|RainDance|[upkeep]
|upkeep
|
|switch|p2a: Barraskewda|Barraskewda, F|100/100
|-damage|p2a: Barraskewda|88/100|[from] Stealth Rock
|turn|13
|
|move|p2a: Barraskewda|Aqua Jet|p1a: Ninjask
|-damage|p1a: Ninjask|0 fnt
|faint|p1a: Ninjask
|
|-weather|RainDance|[upkeep]
|upkeep
|
|switch|p1a: Dragapult|Dragapult, F|100/100
|turn|14
|
|switch|p2a: Drednaw|Drednaw, F|100/100
|-damage|p2a: Drednaw|88/100|[from] Stealth Rock
|move|p1a: Dragapult|Will-O-Wisp|p2a: Drednaw
|-status|p2a: Drednaw|brn
|
|-weather|RainDance|[upkeep]
|-damage|p2a: Drednaw|82/100 brn|[from] brn
|upkeep
|turn|15
|
|move|p2a: Drednaw|Swords Dance|p2a: Drednaw
|-boost|p2a: Drednaw|atk|2
|move|p1a: Dragapult|Substitute|p1a: Dragapult
|-start|p1a: Dragapult|Substitute
|-damage|p1a: Dragapult|76/100
|
|-weather|RainDance|[upkeep]
|-heal|p1a: Dragapult|82/100|[from] item: Leftovers
|-damage|p2a: Drednaw|76/100 brn|[from] brn
|upkeep
|turn|16
|
|move|p2a: Drednaw|Liquidation|p1a: Dragapult
|-resisted|p1a: Dragapult
|-end|p1a: Dragapult|Substitute
|-damage|p2a: Drednaw|66/100 brn|[from] item: Life Orb
|move|p1a: Dragapult|Hex|p2a: Drednaw
|-crit|p2a: Drednaw
|-damage|p2a: Drednaw|0 fnt
|faint|p2a: Drednaw
|
|-weather|RainDance|[upkeep]
|-heal|p1a: Dragapult|88/100|[from] item: Leftovers
|upkeep
|
|switch|p2a: Barraskewda|Barraskewda, F|88/100
|-damage|p2a: Barraskewda|76/100|[from] Stealth Rock
|turn|17
|
|move|p2a: Barraskewda|Crunch|p1a: Dragapult
|-supereffective|p1a: Dragapult
|-damage|p1a: Dragapult|0 fnt
|faint|p1a: Dragapult
|
|-weather|RainDance|[upkeep]
|upkeep
|
|switch|p1a: Clefable|Clefable, F|100/100
|turn|18
|
|switch|p2a: Seismitoad|Seismitoad, M|100/100
|-damage|p2a: Seismitoad|95/100|[from] Stealth Rock
|move|p1a: Clefable|Thunderbolt|p2a: Seismitoad
|-immune|p2a: Seismitoad
|
|-weather|none
|upkeep
|turn|19
|
|move|p2a: Seismitoad|Stealth Rock|p1a: Clefable
|-sidestart|p1: hyjoga96|move: Stealth Rock
|move|p1a: Clefable|Moonblast|p2a: Seismitoad
|-damage|p2a: Seismitoad|54/100
|-unboost|p2a: Seismitoad|spa|1
|
|upkeep
|turn|20
|
|move|p2a: Seismitoad|Scald|p1a: Clefable
|-damage|p1a: Clefable|76/100
|-damage|p2a: Seismitoad|44/100|[from] item: Life Orb
|move|p1a: Clefable|Moonblast|p2a: Seismitoad
|-damage|p2a: Seismitoad|2/100
|
|-heal|p1a: Clefable|82/100|[from] item: Leftovers
|upkeep
|turn|21
|
|move|p2a: Seismitoad|Scald|p1a: Clefable
|-damage|p1a: Clefable|56/100
|-damage|p2a: Seismitoad|0 fnt|[from] item: Life Orb
|faint|p2a: Seismitoad
|move|p1a: Clefable|Moonlight|p1a: Clefable
|-heal|p1a: Clefable|100/100
|
|upkeep
|
|switch|p2a: Barraskewda|Barraskewda, F|76/100
|-damage|p2a: Barraskewda|64/100|[from] Stealth Rock
|turn|22
|
|move|p2a: Barraskewda|Liquidation|p1a: Clefable
|-damage|p1a: Clefable|25/100
|move|p1a: Clefable|Thunderbolt|p2a: Barraskewda
|-supereffective|p2a: Barraskewda
|-damage|p2a: Barraskewda|0 fnt
|faint|p2a: Barraskewda
|
|-heal|p1a: Clefable|31/100|[from] item: Leftovers
|upkeep
|
|switch|p2a: Dracovish|Dracovish|88/100 brn
|-damage|p2a: Dracovish|76/100 brn|[from] Stealth Rock
|turn|23
|
|move|p2a: Dracovish|Fishious Rend|p1a: Clefable
|-damage|p1a: Clefable|0 fnt
|faint|p1a: Clefable
|
|-damage|p2a: Dracovish|69/100 brn|[from] brn
|upkeep
|
|switch|p1a: Centiskorch|Centiskorch, M|100/100
|-damage|p1a: Centiskorch|50/100|[from] Stealth Rock
|turn|24
|
|move|p2a: Dracovish|Fishious Rend|p1a: Centiskorch
|-supereffective|p1a: Centiskorch
|-damage|p1a: Centiskorch|0 fnt
|faint|p1a: Centiskorch
|
|-damage|p2a: Dracovish|63/100 brn|[from] brn
|upkeep
|
|switch|p1a: Hitmonchan|Hitmonchan, M|100/100
|-damage|p1a: Hitmonchan|94/100|[from] Stealth Rock
|turn|25
|
|move|p2a: Dracovish|Fishious Rend|p1a: Hitmonchan
|-damage|p1a: Hitmonchan|12/100
|move|p1a: Hitmonchan|Drain Punch|p2a: Dracovish
|-damage|p2a: Dracovish|22/100 brn
|-heal|p1a: Hitmonchan|39/100|[from] drain|[of] p2a: Dracovish
|
|-damage|p2a: Dracovish|16/100 brn|[from] brn
|upkeep
|turn|26
|
|move|p2a: Dracovish|Fishious Rend|p1a: Hitmonchan
|-damage|p1a: Hitmonchan|0 fnt
|faint|p1a: Hitmonchan
|
|win|Gray_Ruby
|l|☆hyjoga96
|c|☆Gray_Ruby|gg
|raw|hyjoga96's rating: 1099 → 1076(-23 for losing)
|raw|Gray_Ruby's rating: 1122 → 1145(+23 for winning)
