|ScrapeTime|2020-01-02-02:38:54
|j|☆Elite 4 Azure
|j|☆Pk Is Ok
|player|p1|Elite 4 Azure|141|1177
|player|p2|Pk Is Ok|guitarist|1135
|teamsize|p1|6
|teamsize|p2|6
|gametype|singles
|gen|8
|tier|[Gen 8] OU
|rated|
|rule|Sleep Clause Mod: Limit one foe put to sleep
|rule|Species Clause: Limit one of each Pokémon
|rule|OHKO Clause: OHKO moves are banned
|rule|Evasion Moves Clause: Evasion moves are banned
|rule|Endless Battle Clause: Forcing endless battles is banned
|rule|HP Percentage Mod: HP is shown in percentages
|clearpoke
|poke|p1|Arctovish|
|poke|p1|Hatterene, F|
|poke|p1|Jellicent, F|
|poke|p1|Pincurchin, F|
|poke|p1|Scrafty, F|
|poke|p1|Drapion, F|
|poke|p2|Dragapult, F|
|poke|p2|Tyranitar, M|
|poke|p2|Rotom-Heat|
|poke|p2|Excadrill, M|
|poke|p2|Corviknight, F|
|poke|p2|Crawdaunt, M|
|rule|Dynamax Clause: You cannot dynamax
|teampreview
|
|start
|switch|p1a: Scrafty|Scrafty, F|100/100
|switch|p2a: Crawdaunt|Crawdaunt, M|100/100
|-ability|p1a: Scrafty|Intimidate|boost
|-unboost|p2a: Crawdaunt|atk|1
|turn|1
|
|move|p2a: Crawdaunt|Dragon Dance|p2a: Crawdaunt
|-boost|p2a: Crawdaunt|atk|1
|-boost|p2a: Crawdaunt|spe|1
|move|p1a: Scrafty|Drain Punch|p2a: Crawdaunt
|-supereffective|p2a: Crawdaunt
|-damage|p2a: Crawdaunt|8/100
|
|upkeep
|turn|2
|
|switch|p1a: Pincurchin|Pincurchin, F|100/100
|move|p2a: Crawdaunt|Crabhammer|p1a: Pincurchin
|-damage|p1a: Pincurchin|21/100
|-damage|p2a: Crawdaunt|0 fnt|[from] item: Rocky Helmet|[of] p1a: Pincurchin
|faint|p2a: Crawdaunt
|
|upkeep
|
|switch|p2a: Dragapult|Dragapult, F|100/100
|turn|3
|
|switch|p1a: Scrafty|Scrafty, F|100/100
|-ability|p1a: Scrafty|Intimidate|boost
|-unboost|p2a: Dragapult|atk|1
|move|p2a: Dragapult|Infestation|p1a: Scrafty
|-damage|p1a: Scrafty|95/100
|-activate|p1a: Scrafty|move: Infestation|[of] p2a: Dragapult
|
|-damage|p1a: Scrafty|83/100|[from] move: Infestation|[partiallytrapped]
|upkeep
|turn|4
|
|switch|p2a: Rotom|Rotom-Heat|100/100
|move|p1a: Scrafty|Throat Chop|p2a: Rotom
|-damage|p2a: Rotom|55/100
|-start|p2a: Rotom|Throat Chop|[silent]
|
|-end|p1a: Scrafty|Infestation|[partiallytrapped]|[silent]
|upkeep
|turn|5
|
|switch|p1a: Hatterene|Hatterene, F|100/100
|move|p2a: Rotom|Will-O-Wisp|p1a: Hatterene
|move|p1a: Hatterene|Will-O-Wisp|p2a: Rotom|[from]Magic Bounce
|-immune|p2a: Rotom
|
|-end|p2a: Rotom|Throat Chop|[silent]
|upkeep
|turn|6
|
|switch|p2a: Excadrill|Excadrill, M|100/100
|move|p1a: Hatterene|Trick Room|p1a: Hatterene
|-fieldstart|move: Trick Room|[of] p1a: Hatterene
|
|upkeep
|turn|7
|
|switch|p1a: Jellicent|Jellicent, F|100/100
|move|p2a: Excadrill|Iron Head|p1a: Jellicent
|-resisted|p1a: Jellicent
|-damage|p1a: Jellicent|72/100
|
|-heal|p1a: Jellicent|78/100|[from] item: Leftovers
|upkeep
|turn|8
|
|move|p1a: Jellicent|Will-O-Wisp|p2a: Excadrill
|-status|p2a: Excadrill|brn
|move|p2a: Excadrill|Earthquake|p1a: Jellicent
|-damage|p1a: Jellicent|47/100
|
|-heal|p1a: Jellicent|53/100|[from] item: Leftovers
|-damage|p2a: Excadrill|94/100 brn|[from] brn
|upkeep
|turn|9
|
|move|p1a: Jellicent|Whirlpool|p2a: Excadrill
|-supereffective|p2a: Excadrill
|-damage|p2a: Excadrill|64/100 brn
|-activate|p2a: Excadrill|move: Whirlpool|[of] p1a: Jellicent
|move|p2a: Excadrill|Earthquake|p1a: Jellicent
|-damage|p1a: Jellicent|20/100
|
|-heal|p1a: Jellicent|26/100|[from] item: Leftovers
|-damage|p2a: Excadrill|58/100 brn|[from] brn
|-damage|p2a: Excadrill|45/100 brn|[from] move: Whirlpool|[partiallytrapped]
|upkeep
|turn|10
|-message|Pk Is Ok forfeited.
|
|win|Elite 4 Azure
|l|☆Pk Is Ok
|raw|Elite 4 Azure's rating: 1177 → 1199(+22 for winning)
|raw|Pk Is Ok's rating: 1135 → 1113(-22 for losing)
