|ScrapeTime|2020-01-01-18:16:28
|j|☆isaacgoes20
|j|☆Mr.LioC
|player|p1|isaacgoes20|ethan|1118
|player|p2|Mr.LioC|101|1067
|teamsize|p1|6
|teamsize|p2|6
|gametype|singles
|gen|8
|tier|[Gen 8] OU
|rated|
|rule|Sleep Clause Mod: Limit one foe put to sleep
|rule|Species Clause: Limit one of each Pokémon
|rule|OHKO Clause: OHKO moves are banned
|rule|Evasion Moves Clause: Evasion moves are banned
|rule|Endless Battle Clause: Forcing endless battles is banned
|rule|HP Percentage Mod: HP is shown in percentages
|clearpoke
|poke|p1|Rotom-Heat|
|poke|p1|Conkeldurr, F|
|poke|p1|Bisharp, F|
|poke|p1|Aegislash, M|
|poke|p1|Haxorus, F|
|poke|p1|Kommo-o, F|
|poke|p2|Sirfetch'd, M|
|poke|p2|Ribombee, F|
|poke|p2|Gastrodon-East, M|
|poke|p2|Dragapult, F|
|poke|p2|Braviary, M|
|poke|p2|Arcanine, F|
|rule|Dynamax Clause: You cannot dynamax
|teampreview
|
|start
|switch|p1a: Aegislash|Aegislash, M|100/100
|switch|p2a: Ribombee|Ribombee, F|100/100
|turn|1
|
|move|p2a: Ribombee|Sticky Web|p1a: Aegislash
|-sidestart|p1: isaacgoes20|move: Sticky Web
|move|p1a: Aegislash|Swords Dance|p1a: Aegislash
|-boost|p1a: Aegislash|atk|2
|
|upkeep
|turn|2
|
|move|p2a: Ribombee|Stun Spore|p1a: Aegislash
|-status|p1a: Aegislash|par
|cant|p1a: Aegislash|par
|
|upkeep
|turn|3
|
|move|p2a: Ribombee|U-turn|p1a: Aegislash
|-resisted|p1a: Aegislash
|-damage|p1a: Aegislash|97/100 par
|
|switch|p2a: Arcanine|Arcanine, F|100/100|[from]move: U-turn
|-ability|p2a: Arcanine|Intimidate|boost
|-unboost|p1a: Aegislash|atk|1
|move|p1a: Aegislash|Swords Dance|p1a: Aegislash
|-boost|p1a: Aegislash|atk|2
|
|upkeep
|turn|4
|
|cant|p1a: Aegislash|par
|move|p2a: Arcanine|Flare Blitz|p1a: Aegislash
|-supereffective|p1a: Aegislash
|-damage|p1a: Aegislash|5/100 par
|-enditem|p1a: Aegislash|Weakness Policy
|-boost|p1a: Aegislash|atk|2
|-boost|p1a: Aegislash|spa|2
|-damage|p2a: Arcanine|80/100|[from] Recoil
|
|upkeep
|turn|5
|
|-formechange|p1a: Aegislash|Aegislash-Blade||[from] ability: Stance Change
|move|p1a: Aegislash|Shadow Sneak|p2a: Arcanine
|-damage|p2a: Arcanine|0 fnt
|-damage|p1a: Aegislash|0 fnt|[from] item: Rocky Helmet|[of] p2a: Arcanine
|faint|p2a: Arcanine
|faint|p1a: Aegislash
|
|upkeep
|
|switch|p2a: Ribombee|Ribombee, F|100/100
|switch|p1a: Conkeldurr|Conkeldurr, F|100/100
|-activate|p1a: Conkeldurr|move: Sticky Web
|-unboost|p1a: Conkeldurr|spe|1
|turn|6
|
|switch|p1a: Rotom|Rotom-Heat|100/100
|move|p2a: Ribombee|Moonblast|p1a: Rotom
|-resisted|p1a: Rotom
|-damage|p1a: Rotom|89/100
|-unboost|p1a: Rotom|spa|1
|
|upkeep
|turn|7
|
|move|p2a: Ribombee|U-turn|p1a: Rotom
|-resisted|p1a: Rotom
|-damage|p1a: Rotom|80/100
|
|switch|p2a: Gastrodon|Gastrodon-East, M|100/100|[from]move: U-turn
|move|p1a: Rotom|Volt Switch|p2a: Gastrodon
|-immune|p2a: Gastrodon
|
|upkeep
|turn|8
|
|switch|p1a: Conkeldurr|Conkeldurr, F|100/100
|-activate|p1a: Conkeldurr|move: Sticky Web
|-unboost|p1a: Conkeldurr|spe|1
|move|p2a: Gastrodon|Yawn|p1a: Conkeldurr
|-start|p1a: Conkeldurr|move: Yawn|[of] p2a: Gastrodon
|
|-status|p1a: Conkeldurr|brn|[from] item: Flame Orb
|upkeep
|turn|9
|
|move|p2a: Gastrodon|Surf|p1a: Conkeldurr
|-damage|p1a: Conkeldurr|66/100 brn
|move|p1a: Conkeldurr|Defog|p2a: Gastrodon
|-unboost|p2a: Gastrodon|evasion|1
|-sideend|p1: isaacgoes20|Sticky Web|[from] move: Defog|[of] p1a: Conkeldurr
|
|-damage|p1a: Conkeldurr|60/100 brn|[from] brn
|-end|p1a: Conkeldurr|move: Yawn|[silent]
|upkeep
|turn|10
|
|move|p2a: Gastrodon|Surf|p1a: Conkeldurr
|-damage|p1a: Conkeldurr|20/100 brn
|move|p1a: Conkeldurr|Drain Punch|p2a: Gastrodon
|-damage|p2a: Gastrodon|22/100
|-heal|p1a: Conkeldurr|60/100 brn|[from] drain|[of] p2a: Gastrodon
|
|-heal|p2a: Gastrodon|28/100|[from] item: Leftovers
|-damage|p1a: Conkeldurr|54/100 brn|[from] brn
|upkeep
|turn|11
|
|switch|p2a: Dragapult|Dragapult, F|100/100
|move|p1a: Conkeldurr|Drain Punch|p2a: Dragapult
|-immune|p2a: Dragapult
|
|-damage|p1a: Conkeldurr|48/100 brn|[from] brn
|upkeep
|turn|12
|
|switch|p1a: Rotom|Rotom-Heat|80/100
|move|p2a: Dragapult|Draco Meteor|p1a: Rotom
|-damage|p1a: Rotom|23/100
|-unboost|p2a: Dragapult|spa|2
|
|upkeep
|turn|13
|
|move|p2a: Dragapult|Draco Meteor|p1a: Rotom
|-damage|p1a: Rotom|0 fnt
|-unboost|p2a: Dragapult|spa|2
|faint|p1a: Rotom
|
|upkeep
|
|switch|p1a: Bisharp|Bisharp, F|100/100
|-item|p1a: Bisharp|Air Balloon
|turn|14
|
|switch|p2a: Braviary|Braviary, M|100/100
|move|p1a: Bisharp|Swords Dance|p1a: Bisharp
|-boost|p1a: Bisharp|atk|2
|
|upkeep
|turn|15
|
|switch|p2a: Gastrodon|Gastrodon-East, M|28/100
|move|p1a: Bisharp|Sucker Punch||[still]
|-fail|p1a: Bisharp
|
|-heal|p2a: Gastrodon|34/100|[from] item: Leftovers
|upkeep
|turn|16
|
|move|p1a: Bisharp|Sucker Punch||[still]
|-fail|p1a: Bisharp
|move|p2a: Gastrodon|Yawn|p1a: Bisharp
|-start|p1a: Bisharp|move: Yawn|[of] p2a: Gastrodon
|
|-heal|p2a: Gastrodon|40/100|[from] item: Leftovers
|upkeep
|turn|17
|
|switch|p1a: Conkeldurr|Conkeldurr, F|48/100 brn
|move|p2a: Gastrodon|Earth Power|p1a: Conkeldurr
|-damage|p1a: Conkeldurr|14/100 brn
|-unboost|p1a: Conkeldurr|spd|1
|
|-heal|p2a: Gastrodon|47/100|[from] item: Leftovers
|-damage|p1a: Conkeldurr|8/100 brn|[from] brn
|upkeep
|turn|18
|
|move|p1a: Conkeldurr|Ice Punch|p2a: Gastrodon
|-damage|p2a: Gastrodon|0 fnt
|faint|p2a: Gastrodon
|
|-damage|p1a: Conkeldurr|2/100 brn|[from] brn
|upkeep
|
|switch|p2a: Dragapult|Dragapult, F|100/100
|turn|19
|
|move|p2a: Dragapult|U-turn|p1a: Conkeldurr
|-resisted|p1a: Conkeldurr
|-damage|p1a: Conkeldurr|0 fnt
|faint|p1a: Conkeldurr
|
|switch|p2a: Ribombee|Ribombee, F|100/100|[from]move: U-turn
|
|upkeep
|
|switch|p1a: Bisharp|Bisharp, F|100/100
|-item|p1a: Bisharp|Air Balloon
|turn|20
|
|move|p2a: Ribombee|Stun Spore|p1a: Bisharp|[miss]
|-miss|p2a: Ribombee|p1a: Bisharp
|move|p1a: Bisharp|Swords Dance|p1a: Bisharp
|-boost|p1a: Bisharp|atk|2
|
|upkeep
|turn|21
|
|move|p2a: Ribombee|Stun Spore|p1a: Bisharp
|-status|p1a: Bisharp|par
|cant|p1a: Bisharp|par
|
|upkeep
|turn|22
|
|move|p2a: Ribombee|Sticky Web|p1a: Bisharp
|-sidestart|p1: isaacgoes20|move: Sticky Web
|move|p1a: Bisharp|Iron Head|p2a: Ribombee
|-supereffective|p2a: Ribombee
|-enditem|p2a: Ribombee|Focus Sash
|-damage|p2a: Ribombee|1/100
|
|upkeep
|turn|23
|
|switch|p2a: Braviary|Braviary, M|100/100
|cant|p1a: Bisharp|par
|
|upkeep
|turn|24
|
|move|p2a: Braviary|Brave Bird|p1a: Bisharp
|-resisted|p1a: Bisharp
|-crit|p1a: Bisharp
|-damage|p1a: Bisharp|45/100 par
|-enditem|p1a: Bisharp|Air Balloon
|-damage|p2a: Braviary|86/100|[from] Recoil
|cant|p1a: Bisharp|par
|
|upkeep
|turn|25
|
|move|p1a: Bisharp|Sucker Punch|p2a: Braviary
|-damage|p2a: Braviary|0 fnt
|faint|p2a: Braviary
|
|upkeep
|
|switch|p2a: Sirfetch'd|Sirfetch'd, M|100/100
|turn|26
|
|switch|p1a: Kommo-o|Kommo-o, F|100/100
|-activate|p1a: Kommo-o|move: Sticky Web
|-unboost|p1a: Kommo-o|spe|1
|move|p2a: Sirfetch'd|First Impression|p1a: Kommo-o
|-resisted|p1a: Kommo-o
|-damage|p1a: Kommo-o|74/100
|
|upkeep
|turn|27
|
|switch|p2a: Dragapult|Dragapult, F|100/100
|move|p1a: Kommo-o|Poison Jab|p2a: Dragapult
|-resisted|p2a: Dragapult
|-crit|p2a: Dragapult
|-damage|p2a: Dragapult|75/100
|-status|p2a: Dragapult|psn
|
|-damage|p2a: Dragapult|63/100 psn|[from] psn
|upkeep
|turn|28
|
|move|p2a: Dragapult|Draco Meteor|p1a: Kommo-o
|-supereffective|p1a: Kommo-o
|-damage|p1a: Kommo-o|0 fnt
|-unboost|p2a: Dragapult|spa|2
|faint|p1a: Kommo-o
|
|-damage|p2a: Dragapult|50/100 psn|[from] psn
|upkeep
|
|switch|p1a: Bisharp|Bisharp, F|45/100 par
|-activate|p1a: Bisharp|move: Sticky Web
|-unboost|p1a: Bisharp|spe|1
|-ability|p1a: Bisharp|Defiant
|-boost|p1a: Bisharp|atk|2
|turn|29
|
|cant|p1a: Bisharp|par
|move|p2a: Dragapult|Draco Meteor|p1a: Bisharp
|-resisted|p1a: Bisharp
|-damage|p1a: Bisharp|10/100 par
|-unboost|p2a: Dragapult|spa|2
|
|-damage|p2a: Dragapult|38/100 psn|[from] psn
|upkeep
|turn|30
|
|move|p1a: Bisharp|Sucker Punch|p2a: Dragapult
|-supereffective|p2a: Dragapult
|-damage|p2a: Dragapult|0 fnt
|faint|p2a: Dragapult
|
|upkeep
|
|switch|p2a: Sirfetch'd|Sirfetch'd, M|100/100
|turn|31
|
|switch|p1a: Haxorus|Haxorus, F|100/100
|-activate|p1a: Haxorus|move: Sticky Web
|-unboost|p1a: Haxorus|spe|1
|-ability|p1a: Haxorus|Mold Breaker
|move|p2a: Sirfetch'd|First Impression|p1a: Haxorus
|-damage|p1a: Haxorus|36/100
|
|upkeep
|turn|32
|
|switch|p2a: Ribombee|Ribombee, F|1/100
|move|p1a: Haxorus|Close Combat|p2a: Ribombee
|-resisted|p2a: Ribombee
|-damage|p2a: Ribombee|0 fnt
|-unboost|p1a: Haxorus|def|1
|-unboost|p1a: Haxorus|spd|1
|faint|p2a: Ribombee
|
|upkeep
|
|switch|p2a: Sirfetch'd|Sirfetch'd, M|100/100
|turn|33
|
|move|p1a: Haxorus|Dragon Claw|p2a: Sirfetch'd
|-damage|p2a: Sirfetch'd|59/100
|move|p2a: Sirfetch'd|Leaf Blade|p1a: Haxorus
|-resisted|p1a: Haxorus
|-damage|p1a: Haxorus|0 fnt
|faint|p1a: Haxorus
|
|upkeep
|
|switch|p1a: Bisharp|Bisharp, F|10/100 par
|-activate|p1a: Bisharp|move: Sticky Web
|-unboost|p1a: Bisharp|spe|1
|-ability|p1a: Bisharp|Defiant
|-boost|p1a: Bisharp|atk|2
|turn|34
|
|move|p1a: Bisharp|Sucker Punch|p2a: Sirfetch'd
|-resisted|p2a: Sirfetch'd
|-damage|p2a: Sirfetch'd|15/100
|move|p2a: Sirfetch'd|Leaf Blade|p1a: Bisharp
|-resisted|p1a: Bisharp
|-damage|p1a: Bisharp|0 fnt
|faint|p1a: Bisharp
|
|win|Mr.LioC
|l|☆isaacgoes20
|raw|isaacgoes20's rating: 1142 → 1111(-31 for losing)
|raw|Mr.LioC's rating: 1067 → 1103(+36 for winning)
