|ScrapeTime|2020-01-02-12:26:32
|j|☆Oravla1327
|j|☆wildrider7
|player|p1|Oravla1327|benga|1171
|player|p2|wildrider7|265|1180
|teamsize|p1|6
|teamsize|p2|6
|gametype|singles
|gen|8
|tier|[Gen 8] OU
|rated|
|rule|Sleep Clause Mod: Limit one foe put to sleep
|rule|Species Clause: Limit one of each Pokémon
|rule|OHKO Clause: OHKO moves are banned
|rule|Evasion Moves Clause: Evasion moves are banned
|rule|Endless Battle Clause: Forcing endless battles is banned
|rule|HP Percentage Mod: HP is shown in percentages
|clearpoke
|poke|p1|Dracozolt|
|poke|p1|Rhyperior, M|
|poke|p1|Hatterene, F|
|poke|p1|Polteageist|
|poke|p1|Toxapex, F|
|poke|p1|Goodra, F|
|poke|p2|Seismitoad, F|
|poke|p2|Corviknight, M|
|poke|p2|Hydreigon, F|
|poke|p2|Aegislash, M|
|poke|p2|Hatterene, F|
|poke|p2|Ferrothorn, M|
|rule|Dynamax Clause: You cannot dynamax
|teampreview
|
|start
|switch|p1a: Polteageist|Polteageist|100/100
|switch|p2a: Hatterene|Hatterene, F|100/100
|turn|1
|
|switch|p1a: Rhyperior|Rhyperior, M, shiny|100/100
|move|p2a: Hatterene|Dazzling Gleam|p1a: Rhyperior
|-damage|p1a: Rhyperior|61/100
|
|upkeep
|turn|2
|
|switch|p2a: Ferrothorn|Ferrothorn, M|100/100
|move|p1a: Rhyperior|Earthquake|p2a: Ferrothorn
|-damage|p2a: Ferrothorn|65/100
|
|upkeep
|turn|3
|
|move|p1a: Rhyperior|Earthquake|p2a: Ferrothorn
|-damage|p2a: Ferrothorn|26/100
|move|p2a: Ferrothorn|Spikes|p1a: Rhyperior
|-sidestart|p1: Oravla1327|Spikes
|
|upkeep
|turn|4
|
|switch|p2a: Hydreigon|Hydreigon, F|100/100
|move|p1a: Rhyperior|Earthquake|p2a: Hydreigon
|-immune|p2a: Hydreigon|[from] ability: Levitate
|
|upkeep
|turn|5
|
|switch|p1a: Hatterene|Hatterene, F, shiny|100/100
|-damage|p1a: Hatterene|88/100|[from] Spikes
|move|p2a: Hydreigon|Substitute|p2a: Hydreigon
|-start|p2a: Hydreigon|Substitute
|-damage|p2a: Hydreigon|76/100
|
|-heal|p1a: Hatterene|94/100|[from] item: Leftovers
|upkeep
|turn|6
|
|move|p2a: Hydreigon|Nasty Plot|p2a: Hydreigon
|-boost|p2a: Hydreigon|spa|2
|move|p1a: Hatterene|Trick Room|p1a: Hatterene
|-fieldstart|move: Trick Room|[of] p1a: Hatterene
|
|-heal|p1a: Hatterene|99/100|[from] item: Leftovers
|upkeep
|turn|7
|
|move|p1a: Hatterene|Dazzling Gleam|p2a: Hydreigon
|-supereffective|p2a: Hydreigon
|-end|p2a: Hydreigon|Substitute
|move|p2a: Hydreigon|Flash Cannon|p1a: Hatterene
|-supereffective|p1a: Hatterene
|-damage|p1a: Hatterene|0 fnt
|-damage|p2a: Hydreigon|66/100|[from] item: Life Orb
|faint|p1a: Hatterene
|
|upkeep
|
|switch|p1a: Rhyperior|Rhyperior, M, shiny|61/100
|-damage|p1a: Rhyperior|48/100|[from] Spikes
|turn|8
|
|switch|p2a: Ferrothorn|Ferrothorn, M|26/100
|move|p1a: Rhyperior|Stone Edge|p2a: Ferrothorn
|-resisted|p2a: Ferrothorn
|-damage|p2a: Ferrothorn|10/100
|
|upkeep
|turn|9
|
|move|p2a: Ferrothorn|Power Whip|p1a: Rhyperior
|-supereffective|p1a: Rhyperior
|-damage|p1a: Rhyperior|0 fnt
|faint|p1a: Rhyperior
|
|upkeep
|
|switch|p1a: Toxapex|Toxapex, F, shiny|100/100
|-damage|p1a: Toxapex|88/100|[from] Spikes
|turn|10
|
|move|p2a: Ferrothorn|Leech Seed|p1a: Toxapex
|-start|p1a: Toxapex|move: Leech Seed
|move|p1a: Toxapex|Scald|p2a: Ferrothorn
|-resisted|p2a: Ferrothorn
|-damage|p2a: Ferrothorn|3/100
|
|-heal|p1a: Toxapex|94/100|[from] item: Black Sludge
|-damage|p1a: Toxapex|82/100|[from] Leech Seed|[of] p2a: Ferrothorn
|-heal|p2a: Ferrothorn|13/100|[silent]
|-fieldend|move: Trick Room
|upkeep
|turn|11
|
|switch|p2a: Hatterene|Hatterene, F|100/100
|move|p1a: Toxapex|Scald|p2a: Hatterene
|-damage|p2a: Hatterene|83/100
|-status|p2a: Hatterene|brn
|
|-heal|p1a: Toxapex|88/100|[from] item: Black Sludge
|-damage|p1a: Toxapex|76/100|[from] Leech Seed|[of] p2a: Hatterene
|-heal|p2a: Hatterene|95/100 brn|[silent]
|-damage|p2a: Hatterene|89/100 brn|[from] brn
|upkeep
|turn|12
|inactive|Battle timer is ON: inactive players will automatically lose when time's up. (requested by wildrider7)
|
|move|p1a: Toxapex|Venoshock|p2a: Hatterene
|-supereffective|p2a: Hatterene
|-damage|p2a: Hatterene|62/100 brn
|move|p2a: Hatterene|Calm Mind|p2a: Hatterene
|-boost|p2a: Hatterene|spa|1
|-boost|p2a: Hatterene|spd|1
|
|-heal|p1a: Toxapex|82/100|[from] item: Black Sludge
|-damage|p1a: Toxapex|70/100|[from] Leech Seed|[of] p2a: Hatterene
|-heal|p2a: Hatterene|73/100 brn|[silent]
|-damage|p2a: Hatterene|67/100 brn|[from] brn
|upkeep
|turn|13
|inactive|Oravla1327 has 120 seconds left.
|
|move|p1a: Toxapex|Venoshock|p2a: Hatterene
|-supereffective|p2a: Hatterene
|-damage|p2a: Hatterene|48/100 brn
|move|p2a: Hatterene|Psychic|p1a: Toxapex
|-supereffective|p1a: Toxapex
|-damage|p1a: Toxapex|0 fnt
|faint|p1a: Toxapex
|
|-damage|p2a: Hatterene|42/100 brn|[from] brn
|upkeep
|inactive|Oravla1327 has 120 seconds left.
|
|switch|p1a: Dracozolt|Dracozolt, shiny|100/100
|-damage|p1a: Dracozolt|88/100|[from] Spikes
|turn|14
|
|switch|p2a: Ferrothorn|Ferrothorn, M|13/100
|move|p1a: Dracozolt|Bolt Beak|p2a: Ferrothorn
|-resisted|p2a: Ferrothorn
|-damage|p2a: Ferrothorn|0 fnt
|-damage|p1a: Dracozolt|76/100|[from] ability: Iron Barbs|[of] p2a: Ferrothorn
|-damage|p1a: Dracozolt|59/100|[from] item: Rocky Helmet|[of] p2a: Ferrothorn
|-damage|p1a: Dracozolt|49/100|[from] item: Life Orb
|faint|p2a: Ferrothorn
|
|upkeep
|
|switch|p2a: Seismitoad|Seismitoad, F|100/100
|turn|15
|
|switch|p1a: Polteageist|Polteageist|100/100
|-damage|p1a: Polteageist|88/100|[from] Spikes
|move|p2a: Seismitoad|Earthquake|p1a: Polteageist
|-damage|p1a: Polteageist|24/100
|-ability|p1a: Polteageist|Weak Armor|boost
|-unboost|p1a: Polteageist|def|1
|-boost|p1a: Polteageist|spe|2
|
|upkeep
|turn|16
|
|switch|p2a: Corviknight|Corviknight, M|100/100
|-ability|p2a: Corviknight|Pressure
|move|p1a: Polteageist|Giga Drain|p2a: Corviknight
|-resisted|p2a: Corviknight
|-damage|p2a: Corviknight|94/100
|-heal|p1a: Polteageist|29/100|[from] drain|[of] p2a: Corviknight
|
|-heal|p2a: Corviknight|99/100|[from] item: Leftovers
|upkeep
|turn|17
|
|switch|p1a: Goodra|Goodra, F, shiny|100/100
|-damage|p1a: Goodra|88/100|[from] Spikes
|move|p2a: Corviknight|Power Trip|p1a: Goodra
|-damage|p1a: Goodra|81/100
|
|-heal|p2a: Corviknight|100/100|[from] item: Leftovers
|upkeep
|turn|18
|
|move|p1a: Goodra|Fire Blast|p2a: Corviknight
|-supereffective|p2a: Corviknight
|-damage|p2a: Corviknight|0 fnt
|faint|p2a: Corviknight
|
|upkeep
|
|switch|p2a: Hydreigon|Hydreigon, F|66/100
|turn|19
|
|move|p2a: Hydreigon|Substitute|p2a: Hydreigon
|-start|p2a: Hydreigon|Substitute
|-damage|p2a: Hydreigon|41/100
|move|p1a: Goodra|Fire Blast|p2a: Hydreigon
|-resisted|p2a: Hydreigon
|-end|p2a: Hydreigon|Substitute
|
|upkeep
|turn|20
|
|move|p2a: Hydreigon|Nasty Plot|p2a: Hydreigon
|-boost|p2a: Hydreigon|spa|2
|move|p1a: Goodra|Fire Blast|p2a: Hydreigon
|-resisted|p2a: Hydreigon
|-damage|p2a: Hydreigon|7/100
|
|upkeep
|turn|21
|
|move|p2a: Hydreigon|Dark Pulse|p1a: Goodra
|-damage|p1a: Goodra|15/100
|-damage|p2a: Hydreigon|0 fnt|[from] item: Life Orb
|faint|p2a: Hydreigon
|move|p1a: Goodra|Fire Blast|p2: Hydreigon|[notarget]
|-fail|p1a: Goodra
|
|upkeep
|
|switch|p2a: Seismitoad|Seismitoad, F|100/100
|turn|22
|
|move|p1a: Goodra|Fire Blast|p2a: Seismitoad
|-resisted|p2a: Seismitoad
|-damage|p2a: Seismitoad|74/100
|-status|p2a: Seismitoad|brn
|move|p2a: Seismitoad|Earthquake|p1a: Goodra
|-damage|p1a: Goodra|0 fnt
|faint|p1a: Goodra
|
|-heal|p2a: Seismitoad|80/100 brn|[from] item: Leftovers
|-damage|p2a: Seismitoad|74/100 brn|[from] brn
|upkeep
|
|switch|p1a: Polteageist|Polteageist|29/100
|-damage|p1a: Polteageist|17/100|[from] Spikes
|turn|23
|
|switch|p2a: Aegislash|Aegislash, M|100/100
|move|p1a: Polteageist|Giga Drain|p2a: Aegislash
|-resisted|p2a: Aegislash
|-damage|p2a: Aegislash|92/100
|-heal|p1a: Polteageist|22/100|[from] drain|[of] p2a: Aegislash
|
|-heal|p2a: Aegislash|98/100|[from] item: Leftovers
|upkeep
|turn|24
|
|move|p1a: Polteageist|Shadow Ball|p2a: Aegislash
|-supereffective|p2a: Aegislash
|-damage|p2a: Aegislash|40/100
|-formechange|p2a: Aegislash|Aegislash-Blade||[from] ability: Stance Change
|move|p2a: Aegislash|Shadow Claw|p1a: Polteageist
|-supereffective|p1a: Polteageist
|-crit|p1a: Polteageist
|-damage|p1a: Polteageist|0 fnt
|faint|p1a: Polteageist
|
|-heal|p2a: Aegislash|46/100|[from] item: Leftovers
|upkeep
|
|switch|p1a: Dracozolt|Dracozolt, shiny|49/100
|-damage|p1a: Dracozolt|37/100|[from] Spikes
|turn|25
|
|-formechange|p2a: Aegislash|Aegislash||[from] ability: Stance Change
|move|p2a: Aegislash|King's Shield|p2a: Aegislash
|-singleturn|p2a: Aegislash|Protect
|move|p1a: Dracozolt|Earthquake|p2a: Aegislash
|-activate|p2a: Aegislash|move: Protect
|
|-heal|p2a: Aegislash|52/100|[from] item: Leftovers
|upkeep
|turn|26
|
|move|p1a: Dracozolt|Bolt Beak|p2a: Aegislash
|-damage|p2a: Aegislash|0 fnt
|-damage|p1a: Dracozolt|27/100|[from] item: Life Orb
|faint|p2a: Aegislash
|
|upkeep
|
|switch|p2a: Hatterene|Hatterene, F|42/100 brn
|turn|27
|
|switch|p2a: Seismitoad|Seismitoad, F|74/100 brn
|move|p1a: Dracozolt|Earthquake|p2a: Seismitoad
|-damage|p2a: Seismitoad|29/100 brn
|-damage|p1a: Dracozolt|17/100|[from] item: Life Orb
|
|-heal|p2a: Seismitoad|35/100 brn|[from] item: Leftovers
|-damage|p2a: Seismitoad|29/100 brn|[from] brn
|upkeep
|turn|28
|
|move|p1a: Dracozolt|Earthquake|p2a: Seismitoad
|-damage|p2a: Seismitoad|0 fnt
|-damage|p1a: Dracozolt|7/100|[from] item: Life Orb
|faint|p2a: Seismitoad
|
|upkeep
|
|switch|p2a: Hatterene|Hatterene, F|42/100 brn
|turn|29
|
|move|p1a: Dracozolt|Bolt Beak|p2a: Hatterene
|-damage|p2a: Hatterene|0 fnt
|-damage|p1a: Dracozolt|0 fnt|[from] item: Life Orb
|faint|p2a: Hatterene
|faint|p1a: Dracozolt
|
|win|Oravla1327
|raw|Oravla1327's rating: 1171 → 1197(+26 for winning)
|raw|wildrider7's rating: 1180 → 1154(-26 for losing)
|l|☆wildrider7
