|ScrapeTime|2020-01-02-01:26:41
|j|☆crown1
|j|☆Fuxor
|player|p1|crown1|169|1303
|player|p2|Fuxor|170|1319
|teamsize|p1|6
|teamsize|p2|6
|gametype|singles
|gen|8
|tier|[Gen 8] OU
|rated|
|rule|Sleep Clause Mod: Limit one foe put to sleep
|rule|Species Clause: Limit one of each Pokémon
|rule|OHKO Clause: OHKO moves are banned
|rule|Evasion Moves Clause: Evasion moves are banned
|rule|Endless Battle Clause: Forcing endless battles is banned
|rule|HP Percentage Mod: HP is shown in percentages
|clearpoke
|poke|p1|Runerigus, F|
|poke|p1|Hatterene, F|
|poke|p1|Malamar, F|
|poke|p1|Pelipper, F|
|poke|p1|Aegislash, M|
|poke|p1|Crawdaunt, M|
|poke|p2|Ferrothorn, F|
|poke|p2|Toxtricity, M|
|poke|p2|Hitmonlee, M|
|poke|p2|Hydreigon, F|
|poke|p2|Togedemaru, M|
|poke|p2|Mandibuzz, F|
|rule|Dynamax Clause: You cannot dynamax
|teampreview
|inactive|Battle timer is ON: inactive players will automatically lose when time's up. (requested by crown1)
|
|start
|switch|p1a: Runerigus|Runerigus, F|100/100
|switch|p2a: Mandibuzz|Mandibuzz, F|100/100
|turn|1
|j| Glfgno7
|
|move|p2a: Mandibuzz|Knock Off|p1a: Runerigus
|-supereffective|p1a: Runerigus
|-damage|p1a: Runerigus|66/100
|-activate|p2a: Mandibuzz|ability: Wandering Spirit|Wandering Spirit|Overcoat|[of] p1a: Runerigus
|-enditem|p1a: Runerigus|Mental Herb|[from] move: Knock Off|[of] p2a: Mandibuzz
|move|p1a: Runerigus|Stealth Rock|p2a: Mandibuzz
|-sidestart|p2: Fuxor|move: Stealth Rock
|
|upkeep
|turn|2
|
|switch|p1a: Hatterene|Hatterene, F|100/100
|move|p2a: Mandibuzz|Defog|p1a: Hatterene
|move|p1a: Hatterene|Defog|p2a: Mandibuzz|[from]Magic Bounce
|-unboost|p2a: Mandibuzz|evasion|1
|-sideend|p2: Fuxor|Stealth Rock|[from] move: Defog|[of] p1a: Hatterene
|
|upkeep
|turn|3
|
|move|p2a: Mandibuzz|Knock Off|p1a: Hatterene
|-damage|p1a: Hatterene|76/100
|-enditem|p1a: Hatterene|Life Orb|[from] move: Knock Off|[of] p2a: Mandibuzz
|move|p1a: Hatterene|Dazzling Gleam|p2a: Mandibuzz
|-supereffective|p2a: Mandibuzz
|-damage|p2a: Mandibuzz|42/100
|
|upkeep
|turn|4
|
|switch|p2a: Togedemaru|Togedemaru, M|100/100
|move|p1a: Hatterene|Trick Room|p1a: Hatterene
|-fieldstart|move: Trick Room|[of] p1a: Hatterene
|
|upkeep
|turn|5
|
|move|p1a: Hatterene|Mystical Fire|p2a: Togedemaru
|-supereffective|p2a: Togedemaru
|-damage|p2a: Togedemaru|41/100
|-unboost|p2a: Togedemaru|spa|1
|move|p2a: Togedemaru|Iron Head|p1a: Hatterene
|-supereffective|p1a: Hatterene
|-damage|p1a: Hatterene|0 fnt
|faint|p1a: Hatterene
|
|upkeep
|
|switch|p1a: Malamar|Malamar, F|100/100
|turn|6
|
|switch|p2a: Ferrothorn|Ferrothorn, F|100/100
|move|p1a: Malamar|Superpower|p2a: Ferrothorn
|-supereffective|p2a: Ferrothorn
|-damage|p2a: Ferrothorn|53/100
|-damage|p1a: Malamar|88/100|[from] ability: Iron Barbs|[of] p2a: Ferrothorn
|-boost|p1a: Malamar|atk|1
|-boost|p1a: Malamar|def|1
|
|-heal|p2a: Ferrothorn|59/100|[from] item: Leftovers
|-heal|p1a: Malamar|94/100|[from] item: Leftovers
|upkeep
|turn|7
|
|move|p2a: Ferrothorn|Stealth Rock|p1a: Malamar
|-sidestart|p1: crown1|move: Stealth Rock
|move|p1a: Malamar|Superpower|p2a: Ferrothorn
|-supereffective|p2a: Ferrothorn
|-damage|p2a: Ferrothorn|0 fnt
|-damage|p1a: Malamar|82/100|[from] ability: Iron Barbs|[of] p2a: Ferrothorn
|-boost|p1a: Malamar|atk|1
|-boost|p1a: Malamar|def|1
|faint|p2a: Ferrothorn
|
|-heal|p1a: Malamar|88/100|[from] item: Leftovers
|upkeep
|
|switch|p2a: Hitmonlee|Hitmonlee, M|100/100
|turn|8
|
|move|p2a: Hitmonlee|Fake Out|p1a: Malamar
|-enditem|p2a: Hitmonlee|Normal Gem|[from] gem|[move] Fake Out
|-damage|p1a: Malamar|79/100
|cant|p1a: Malamar|flinch
|
|-heal|p1a: Malamar|85/100|[from] item: Leftovers
|-fieldend|move: Trick Room
|upkeep
|turn|9
|inactive|Fuxor has 120 seconds left.
|
|move|p2a: Hitmonlee|Close Combat|p1a: Malamar
|-damage|p1a: Malamar|50/100
|-unboost|p2a: Hitmonlee|def|1
|-unboost|p2a: Hitmonlee|spd|1
|move|p1a: Malamar|Trick Room|p1a: Malamar
|-fieldstart|move: Trick Room|[of] p1a: Malamar
|
|-heal|p1a: Malamar|56/100|[from] item: Leftovers
|upkeep
|turn|10
|inactive|Fuxor has 120 seconds left.
|
|move|p1a: Malamar|Superpower|p2a: Hitmonlee
|-damage|p2a: Hitmonlee|0 fnt
|-boost|p1a: Malamar|atk|1
|-boost|p1a: Malamar|def|1
|faint|p2a: Hitmonlee
|
|-heal|p1a: Malamar|62/100|[from] item: Leftovers
|upkeep
|inactive|Fuxor has 120 seconds left.
|
|switch|p2a: Toxtricity|Toxtricity, M|100/100
|turn|11
|
|move|p1a: Malamar|Throat Chop|p2a: Toxtricity
|-damage|p2a: Toxtricity|0 fnt
|faint|p2a: Toxtricity
|
|-heal|p1a: Malamar|68/100|[from] item: Leftovers
|upkeep
|
|switch|p2a: Mandibuzz|Mandibuzz, F|42/100
|turn|12
|
|move|p1a: Malamar|Superpower|p2a: Mandibuzz
|-damage|p2a: Mandibuzz|0 fnt
|-boost|p1a: Malamar|atk|1
|-boost|p1a: Malamar|def|1
|faint|p2a: Mandibuzz
|
|-heal|p1a: Malamar|74/100|[from] item: Leftovers
|upkeep
|inactive|Fuxor has 90 seconds left.
|
|switch|p2a: Togedemaru|Togedemaru, M|41/100
|turn|13
|
|move|p1a: Malamar|Superpower|p2a: Togedemaru
|-supereffective|p2a: Togedemaru
|-damage|p2a: Togedemaru|0 fnt
|-boost|p1a: Malamar|atk|1
|-boost|p1a: Malamar|def|1
|faint|p2a: Togedemaru
|
|-heal|p1a: Malamar|80/100|[from] item: Leftovers
|-fieldend|move: Trick Room
|upkeep
|c|☆crown1|hmm
|
|switch|p2a: Hydreigon|Hydreigon, F|100/100
|turn|14
|
|move|p2a: Hydreigon|Dark Pulse|p1a: Malamar
|-damage|p1a: Malamar|27/100
|move|p1a: Malamar|Superpower|p2a: Hydreigon
|-supereffective|p2a: Hydreigon
|-damage|p2a: Hydreigon|0 fnt
|-boost|p1a: Malamar|atk|1
|-boost|p1a: Malamar|def|1
|faint|p2a: Hydreigon
|
|win|crown1
|raw|crown1's rating: 1321 → 1341(+20 for winning)
|raw|Fuxor's rating: 1319 → 1299(-20 for losing)
|l|☆crown1
|l|☆Fuxor
