|ScrapeTime|2020-01-01-16:25:05
|j|☆Ascension 2020
|j|‽Team FRS
|player|p1|Ascension 2020|erika-gen2|
|player|p2|Team FRS|benga|
|teamsize|p1|6
|teamsize|p2|6
|gametype|singles
|gen|8
|tier|[Gen 8] OU
|rule|Sleep Clause Mod: Limit one foe put to sleep
|rule|Species Clause: Limit one of each Pokémon
|rule|OHKO Clause: OHKO moves are banned
|rule|Evasion Moves Clause: Evasion moves are banned
|rule|Endless Battle Clause: Forcing endless battles is banned
|rule|HP Percentage Mod: HP is shown in percentages
|clearpoke
|poke|p1|Aegislash, F|
|poke|p1|Hydreigon, F|
|poke|p1|Seismitoad, F|
|poke|p1|Corviknight, F|
|poke|p1|Cinderace, M|
|poke|p1|Clefable, M|
|poke|p2|Basculin, F|
|poke|p2|Flygon, M|
|poke|p2|Centiskorch, M|
|poke|p2|Kommo-o, M|
|poke|p2|Mimikyu, F|
|poke|p2|Hydreigon, F|
|rule|Dynamax Clause: You cannot dynamax
|teampreview
|c|☆Ascension 2020|Hf
|
|start
|switch|p1a: Clefable|Clefable, M|100/100
|switch|p2a: Flygon|Flygon, M|100/100
|turn|1
|
|move|p2a: Flygon|U-turn|p1a: Clefable
|-resisted|p1a: Clefable
|-damage|p1a: Clefable|88/100
|
|switch|p2a: Centiskorch|Centiskorch, M|100/100|[from]move: U-turn
|move|p1a: Clefable|Moonblast|p2a: Centiskorch
|-resisted|p2a: Centiskorch
|-damage|p2a: Centiskorch|77/100
|
|upkeep
|turn|2
|
|move|p1a: Clefable|Wish|p1a: Clefable
|move|p2a: Centiskorch|Coil|p2a: Centiskorch
|-boost|p2a: Centiskorch|atk|1
|-boost|p2a: Centiskorch|def|1
|-boost|p2a: Centiskorch|accuracy|1
|
|upkeep
|turn|3
|
|switch|p1a: Seismitoad|Seismitoad, F|100/100
|move|p2a: Centiskorch|Power Whip|p1a: Seismitoad
|-supereffective|p1a: Seismitoad
|-damage|p1a: Seismitoad|0 fnt
|faint|p1a: Seismitoad
|
|upkeep
|
|switch|p1a: Hydreigon|Hydreigon, F|100/100
|turn|4
|
|move|p1a: Hydreigon|Substitute|p1a: Hydreigon
|-start|p1a: Hydreigon|Substitute
|-damage|p1a: Hydreigon|76/100
|move|p2a: Centiskorch|Leech Life|p1a: Hydreigon
|-supereffective|p1a: Hydreigon
|-end|p1a: Hydreigon|Substitute
|-heal|p2a: Centiskorch|87/100|[from] drain|[of] p1a: Hydreigon
|
|-heal|p1a: Hydreigon|82/100|[from] item: Leftovers
|upkeep
|turn|5
|
|move|p1a: Hydreigon|Dark Pulse|p2a: Centiskorch
|-damage|p2a: Centiskorch|56/100
|move|p2a: Centiskorch|Fire Lash|p1a: Hydreigon
|-resisted|p1a: Hydreigon
|-damage|p1a: Hydreigon|54/100
|-unboost|p1a: Hydreigon|def|1
|
|-heal|p1a: Hydreigon|60/100|[from] item: Leftovers
|upkeep
|turn|6
|
|move|p1a: Hydreigon|Dark Pulse|p2a: Centiskorch
|-damage|p2a: Centiskorch|22/100
|cant|p2a: Centiskorch|flinch
|
|-heal|p1a: Hydreigon|66/100|[from] item: Leftovers
|upkeep
|turn|7
|
|switch|p2a: Hydreigon|Hydreigon, F|100/100
|move|p1a: Hydreigon|Dark Pulse|p2a: Hydreigon
|-resisted|p2a: Hydreigon
|-damage|p2a: Hydreigon|77/100
|
|-heal|p1a: Hydreigon|72/100|[from] item: Leftovers
|upkeep
|turn|8
|
|switch|p1a: Clefable|Clefable, M|88/100
|move|p2a: Hydreigon|Flash Cannon|p1a: Clefable
|-supereffective|p1a: Clefable
|-damage|p1a: Clefable|13/100
|
|upkeep
|turn|9
|
|switch|p1a: Aegislash|Aegislash, F|100/100
|move|p2a: Hydreigon|Flash Cannon|p1a: Aegislash
|-resisted|p1a: Aegislash
|-damage|p1a: Aegislash|86/100
|
|upkeep
|turn|10
|
|switch|p2a: Kommo-o|Kommo-o, M|100/100
|-formechange|p1a: Aegislash|Aegislash-Blade||[from] ability: Stance Change
|move|p1a: Aegislash|Iron Head|p2a: Kommo-o
|-damage|p2a: Kommo-o|33/100
|
|upkeep
|turn|11
|
|switch|p2a: Basculin|Basculin, F|100/100
|switch|p1a: Corviknight|Corviknight, F|100/100
|-ability|p1a: Corviknight|Pressure
|
|upkeep
|turn|12
|
|move|p2a: Basculin|Liquidation|p1a: Corviknight
|-damage|p1a: Corviknight|52/100
|-unboost|p1a: Corviknight|def|1
|move|p1a: Corviknight|Bulk Up|p1a: Corviknight
|-boost|p1a: Corviknight|atk|1
|-boost|p1a: Corviknight|def|1
|
|-heal|p1a: Corviknight|58/100|[from] item: Leftovers
|upkeep
|turn|13
|
|move|p2a: Basculin|Liquidation|p1a: Corviknight
|-damage|p1a: Corviknight|6/100
|move|p1a: Corviknight|Roost|p1a: Corviknight
|-heal|p1a: Corviknight|56/100
|-singleturn|p1a: Corviknight|move: Roost
|
|-heal|p1a: Corviknight|62/100|[from] item: Leftovers
|upkeep
|turn|14
|
|move|p2a: Basculin|Liquidation|p1a: Corviknight
|-damage|p1a: Corviknight|8/100
|move|p1a: Corviknight|Roost|p1a: Corviknight
|-heal|p1a: Corviknight|58/100
|-singleturn|p1a: Corviknight|move: Roost
|
|-heal|p1a: Corviknight|65/100|[from] item: Leftovers
|upkeep
|turn|15
|
|move|p2a: Basculin|Liquidation|p1a: Corviknight
|-damage|p1a: Corviknight|13/100
|move|p1a: Corviknight|Brave Bird|p2a: Basculin
|-damage|p2a: Basculin|13/100
|-damage|p1a: Corviknight|0 fnt|[from] Recoil
|faint|p1a: Corviknight
|
|upkeep
|
|switch|p1a: Cinderace|Cinderace, M|100/100
|turn|16
|
|switch|p2a: Flygon|Flygon, M|100/100
|move|p1a: Cinderace|U-turn|p2a: Flygon
|-damage|p2a: Flygon|65/100
|
|switch|p1a: Aegislash|Aegislash, F|86/100|[from]move: U-turn
|
|upkeep
|turn|17
|
|-formechange|p1a: Aegislash|Aegislash-Blade||[from] ability: Stance Change
|move|p1a: Aegislash|Shadow Sneak|p2a: Flygon
|-damage|p2a: Flygon|16/100
|move|p2a: Flygon|Earthquake|p1a: Aegislash
|-supereffective|p1a: Aegislash
|-damage|p1a: Aegislash|0 fnt
|faint|p1a: Aegislash
|
|upkeep
|
|switch|p1a: Cinderace|Cinderace, M|100/100
|turn|18
|
|switch|p2a: Hydreigon|Hydreigon, F|77/100
|move|p1a: Cinderace|U-turn|p2a: Hydreigon
|-supereffective|p2a: Hydreigon
|-damage|p2a: Hydreigon|20/100
|
|switch|p1a: Hydreigon|Hydreigon, F|72/100|[from]move: U-turn
|
|-heal|p1a: Hydreigon|79/100|[from] item: Leftovers
|upkeep
|turn|19
|
|move|p1a: Hydreigon|Flash Cannon|p2a: Hydreigon
|-damage|p2a: Hydreigon|0 fnt
|faint|p2a: Hydreigon
|
|-heal|p1a: Hydreigon|85/100|[from] item: Leftovers
|upkeep
|
|switch|p2a: Kommo-o|Kommo-o, M|33/100
|turn|20
|
|move|p1a: Hydreigon|Flash Cannon|p2a: Kommo-o
|-damage|p2a: Kommo-o|1/100
|move|p2a: Kommo-o|Drain Punch|p1a: Hydreigon
|-supereffective|p1a: Hydreigon
|-damage|p1a: Hydreigon|20/100
|-heal|p2a: Kommo-o|36/100|[from] drain|[of] p1a: Hydreigon
|
|-heal|p1a: Hydreigon|26/100|[from] item: Leftovers
|upkeep
|turn|21
|
|move|p1a: Hydreigon|Flash Cannon|p2a: Kommo-o
|-damage|p2a: Kommo-o|4/100
|move|p2a: Kommo-o|Drain Punch|p1a: Hydreigon
|-supereffective|p1a: Hydreigon
|-damage|p1a: Hydreigon|0 fnt
|-heal|p2a: Kommo-o|18/100|[from] drain|[of] p1a: Hydreigon
|faint|p1a: Hydreigon
|
|upkeep
|
|switch|p1a: Cinderace|Cinderace, M|100/100
|turn|22
|
|move|p1a: Cinderace|Gunk Shot|p2a: Kommo-o
|-damage|p2a: Kommo-o|0 fnt
|faint|p2a: Kommo-o
|
|upkeep
|
|switch|p2a: Basculin|Basculin, F|13/100
|turn|23
|
|move|p2a: Basculin|Aqua Jet|p1a: Cinderace
|-supereffective|p1a: Cinderace
|-damage|p1a: Cinderace|3/100
|move|p1a: Cinderace|Gunk Shot|p2a: Basculin
|-damage|p2a: Basculin|0 fnt
|faint|p2a: Basculin
|
|upkeep
|
|switch|p2a: Mimikyu|Mimikyu, F|100/100
|turn|24
|
|switch|p1a: Clefable|Clefable, M|13/100
|move|p2a: Mimikyu|Shadow Sneak|p1a: Clefable
|-damage|p1a: Clefable|0 fnt
|faint|p1a: Clefable
|
|upkeep
|c|☆Ascension 2020|Gg
|c|☆Ascension 2020|There is a lot I need to change
|c|☆Ascension 2020|Maybe I need to leave for a while and go on my own journey.
|-message|Ascension 2020 forfeited.
|
|win|Team FRS
|l|☆Ascension 2020
