|ScrapeTime|2020-01-01-20:18:33
|j|☆pokemonmaster 68
|j|☆QuanChin
|player|p1|pokemonmaster 68|ninjaboy|1057
|player|p2|QuanChin|dawn|1022
|teamsize|p1|6
|teamsize|p2|6
|gametype|singles
|gen|8
|tier|[Gen 8] OU
|rated|
|rule|Sleep Clause Mod: Limit one foe put to sleep
|rule|Species Clause: Limit one of each Pokémon
|rule|OHKO Clause: OHKO moves are banned
|rule|Evasion Moves Clause: Evasion moves are banned
|rule|Endless Battle Clause: Forcing endless battles is banned
|rule|HP Percentage Mod: HP is shown in percentages
|clearpoke
|poke|p1|Dracovish|
|poke|p1|Galvantula, M|
|poke|p1|Pelipper, M|
|poke|p1|Flapple, M|
|poke|p1|Claydol|
|poke|p1|Wobbuffet, F|
|poke|p2|Shedinja|
|poke|p2|Toxapex, M|
|poke|p2|Dracovish|
|poke|p2|Excadrill, F|
|poke|p2|Togekiss, F|
|poke|p2|Rotom-Heat|
|rule|Dynamax Clause: You cannot dynamax
|teampreview
|
|start
|switch|p1a: Wobbuffet|Wobbuffet, F|100/100
|switch|p2a: Rotom|Rotom-Heat|100/100
|turn|1
|
|move|p2a: Rotom|Dark Pulse|p1a: Wobbuffet
|-supereffective|p1a: Wobbuffet
|-damage|p1a: Wobbuffet|41/100
|-damage|p2a: Rotom|91/100|[from] item: Life Orb
|move|p1a: Wobbuffet|Mirror Coat|p2a: Rotom
|-damage|p2a: Rotom|0 fnt
|faint|p2a: Rotom
|
|upkeep
|
|switch|p2a: HowdyIMBob|Shedinja|100/100
|turn|2
|
|move|p2a: HowdyIMBob|Shadow Claw|p1a: Wobbuffet
|-supereffective|p1a: Wobbuffet
|-damage|p1a: Wobbuffet|0 fnt
|faint|p1a: Wobbuffet
|
|upkeep
|
|switch|p1a: Flapple|Flapple, M|100/100
|turn|3
|
|move|p1a: Flapple|Sucker Punch|p2a: HowdyIMBob
|-supereffective|p2a: HowdyIMBob
|-damage|p2a: HowdyIMBob|0 fnt
|faint|p2a: HowdyIMBob
|
|upkeep
|
|switch|p2a: Toxapex|Toxapex, M|100/100
|turn|4
|
|move|p1a: Flapple|Leech Seed|p2a: Toxapex
|-start|p2a: Toxapex|move: Leech Seed
|move|p2a: Toxapex|Toxic Spikes|p1a: Flapple
|-sidestart|p1: pokemonmaster 68|move: Toxic Spikes
|
|-damage|p2a: Toxapex|88/100|[from] Leech Seed|[of] p1a: Flapple
|upkeep
|turn|5
|
|move|p1a: Flapple|Seed Bomb|p2a: Toxapex|[miss]
|-miss|p1a: Flapple|p2a: Toxapex
|move|p2a: Toxapex|Sludge Bomb|p1a: Flapple
|-supereffective|p1a: Flapple
|-enditem|p1a: Flapple|Focus Sash
|-damage|p1a: Flapple|1/100
|
|-damage|p2a: Toxapex|76/100|[from] Leech Seed|[of] p1a: Flapple
|-heal|p1a: Flapple|14/100|[silent]
|upkeep
|turn|6
|
|move|p1a: Flapple|Seed Bomb|p2a: Toxapex
|-damage|p2a: Toxapex|32/100
|move|p2a: Toxapex|Sludge Bomb|p1a: Flapple
|-supereffective|p1a: Flapple
|-damage|p1a: Flapple|0 fnt
|faint|p1a: Flapple
|
|upkeep
|
|switch|p1a: Claydol|Claydol|100/100
|turn|7
|
|move|p1a: Claydol|Rapid Spin|p2a: Toxapex
|-damage|p2a: Toxapex|26/100
|-sideend|p1: pokemonmaster 68|Toxic Spikes|[from] move: Rapid Spin|[of] p1a: Claydol
|-boost|p1a: Claydol|spe|1
|move|p2a: Toxapex|Scald|p1a: Claydol
|-supereffective|p1a: Claydol
|-damage|p1a: Claydol|55/100
|
|-damage|p2a: Toxapex|13/100|[from] Leech Seed|[of] p1a: Claydol
|-heal|p1a: Claydol|69/100|[silent]
|upkeep
|turn|8
|
|move|p1a: Claydol|Stealth Rock|p2a: Toxapex
|-sidestart|p2: QuanChin|move: Stealth Rock
|move|p2a: Toxapex|Scald|p1a: Claydol
|-supereffective|p1a: Claydol
|-damage|p1a: Claydol|23/100
|
|-damage|p2a: Toxapex|1/100|[from] Leech Seed|[of] p1a: Claydol
|-heal|p1a: Claydol|37/100|[silent]
|upkeep
|turn|9
|
|move|p1a: Claydol|Rapid Spin|p2a: Toxapex
|-damage|p2a: Toxapex|0 fnt
|-boost|p1a: Claydol|spe|1
|faint|p2a: Toxapex
|
|upkeep
|
|switch|p2a: Dracovish|Dracovish|100/100
|-damage|p2a: Dracovish|88/100|[from] Stealth Rock
|turn|10
|
|move|p2a: Dracovish|Fishious Rend|p1a: Claydol
|-supereffective|p1a: Claydol
|-damage|p1a: Claydol|0 fnt
|faint|p1a: Claydol
|
|upkeep
|
|switch|p1a: Pelipper|Pelipper, M|100/100
|-weather|RainDance|[from] ability: Drizzle|[of] p1a: Pelipper
|turn|11
|
|move|p2a: Dracovish|Fishious Rend|p1a: Pelipper
|-resisted|p1a: Pelipper
|-damage|p1a: Pelipper|5/100
|move|p1a: Pelipper|Tailwind|p1a: Pelipper
|-sidestart|p1: pokemonmaster 68|move: Tailwind
|
|-weather|RainDance|[upkeep]
|upkeep
|turn|12
|
|move|p1a: Pelipper|Rain Dance||[still]
|-fail|p1a: Pelipper
|move|p2a: Dracovish|Fishious Rend|p1a: Pelipper
|-resisted|p1a: Pelipper
|-damage|p1a: Pelipper|0 fnt
|faint|p1a: Pelipper
|
|-weather|RainDance|[upkeep]
|upkeep
|
|switch|p1a: Galvantula|Galvantula, M|100/100
|turn|13
|
|switch|p2a: Excadrill|Excadrill, F|100/100
|-damage|p2a: Excadrill|97/100|[from] Stealth Rock
|move|p1a: Galvantula|Sticky Web|p2a: Excadrill
|-sidestart|p2: QuanChin|move: Sticky Web
|
|-weather|RainDance|[upkeep]
|upkeep
|turn|14
|
|move|p1a: Galvantula|Thief|p2a: Excadrill
|-damage|p2a: Excadrill|81/100
|move|p2a: Excadrill|Earthquake|p1a: Galvantula
|-enditem|p1a: Galvantula|Focus Sash
|-damage|p1a: Galvantula|1/100
|
|-weather|RainDance|[upkeep]
|-sideend|p1: pokemonmaster 68|move: Tailwind
|upkeep
|turn|15
|
|move|p1a: Galvantula|Thief|p2a: Excadrill
|-damage|p2a: Excadrill|65/100
|-item|p1a: Galvantula|Eviolite|[from] move: Thief|[of] p2a: Excadrill
|move|p2a: Excadrill|Earthquake|p1a: Galvantula
|-damage|p1a: Galvantula|0 fnt
|faint|p1a: Galvantula
|
|-weather|RainDance|[upkeep]
|upkeep
|
|switch|p1a: Dracovish|Dracovish|100/100
|turn|16
|
|move|p1a: Dracovish|Fishious Rend|p2a: Excadrill
|-supereffective|p2a: Excadrill
|-damage|p2a: Excadrill|0 fnt
|faint|p2a: Excadrill
|
|-weather|RainDance|[upkeep]
|upkeep
|
|switch|p2a: Togekiss|Togekiss, F|100/100
|-damage|p2a: Togekiss|76/100|[from] Stealth Rock
|turn|17
|
|move|p1a: Dracovish|Fishious Rend|p2a: Togekiss
|-damage|p2a: Togekiss|0 fnt
|faint|p2a: Togekiss
|
|-weather|RainDance|[upkeep]
|upkeep
|
|switch|p2a: Dracovish|Dracovish|88/100
|-damage|p2a: Dracovish|76/100|[from] Stealth Rock
|-activate|p2a: Dracovish|move: Sticky Web
|-unboost|p2a: Dracovish|spe|1
|turn|18
|
|move|p1a: Dracovish|Fishious Rend|p2a: Dracovish
|-resisted|p2a: Dracovish
|-damage|p2a: Dracovish|35/100
|move|p2a: Dracovish|Fishious Rend|p1a: Dracovish
|-resisted|p1a: Dracovish
|-damage|p1a: Dracovish|79/100
|
|-weather|none
|upkeep
|turn|19
|
|move|p1a: Dracovish|Fishious Rend|p2a: Dracovish
|-resisted|p2a: Dracovish
|-damage|p2a: Dracovish|6/100
|move|p2a: Dracovish|Fishious Rend|p1a: Dracovish
|-resisted|p1a: Dracovish
|-damage|p1a: Dracovish|65/100
|
|upkeep
|turn|20
|
|move|p1a: Dracovish|Fishious Rend|p2a: Dracovish
|-resisted|p2a: Dracovish
|-damage|p2a: Dracovish|0 fnt
|faint|p2a: Dracovish
|
|win|pokemonmaster 68
|l|☆QuanChin
