|ScrapeTime|2020-01-01-16:56:57
|j|☆Nom Anonyme
|j|☆PPDC
|player|p1|Nom Anonyme|gambler|
|player|p2|PPDC|archie-gen3|
|teamsize|p1|6
|teamsize|p2|6
|gametype|singles
|gen|8
|tier|[Gen 8] OU
|rated|Tournament battle
|rule|Sleep Clause Mod: Limit one foe put to sleep
|rule|Species Clause: Limit one of each Pokémon
|rule|OHKO Clause: OHKO moves are banned
|rule|Evasion Moves Clause: Evasion moves are banned
|rule|Endless Battle Clause: Forcing endless battles is banned
|rule|HP Percentage Mod: HP is shown in percentages
|clearpoke
|poke|p1|Hydreigon, M|
|poke|p1|Clefable, F|
|poke|p1|Grimmsnarl, M|
|poke|p1|Dragapult, M|
|poke|p1|Conkeldurr, M|
|poke|p1|Seismitoad, M|
|poke|p2|Obstagoon, M|
|poke|p2|Toxapex, M|
|poke|p2|Hatterene, F|
|poke|p2|Dragapult, M|
|poke|p2|Corviknight, F|
|poke|p2|Rhyperior, F|
|rule|Dynamax Clause: You cannot dynamax
|teampreview
|c|☆PPDC|hf
|c|☆Nom Anonyme|hf
|
|start
|switch|p1a: Hydreigon|Hydreigon, M|100/100
|switch|p2a: Corviknight|Corviknight, F|100/100
|-ability|p2a: Corviknight|Pressure
|turn|1
|
|move|p1a: Hydreigon|Taunt|p2a: Corviknight
|-start|p2a: Corviknight|move: Taunt
|cant|p2a: Corviknight|move: Taunt|Roost
|
|upkeep
|turn|2
|j|+Kabilapok
|j| ChinchiliLadder7g
|
|move|p1a: Hydreigon|Dark Pulse|p2a: Corviknight
|-damage|p2a: Corviknight|56/100
|-damage|p1a: Hydreigon|91/100|[from] item: Life Orb
|cant|p2a: Corviknight|flinch
|
|-heal|p2a: Corviknight|62/100|[from] item: Leftovers
|upkeep
|turn|3
|j| Nabsuki
|
|move|p1a: Hydreigon|Dark Pulse|p2a: Corviknight
|-damage|p2a: Corviknight|17/100
|-damage|p1a: Hydreigon|81/100|[from] item: Life Orb
|move|p2a: Corviknight|U-turn|p1a: Hydreigon
|-supereffective|p1a: Hydreigon
|-damage|p1a: Hydreigon|46/100
|
|switch|p2a: Dragapult|Dragapult, M|100/100|[from]move: U-turn
|
|upkeep
|turn|4
|
|switch|p1a: Grimmsnarl|Grimmsnarl, M|100/100
|move|p2a: Dragapult|U-turn|p1a: Grimmsnarl
|-damage|p1a: Grimmsnarl|84/100
|
|switch|p2a: Corviknight|Corviknight, F|17/100|[from]move: U-turn
|-ability|p2a: Corviknight|Pressure
|
|-heal|p2a: Corviknight|23/100|[from] item: Leftovers
|upkeep
|turn|5
|
|switch|p1a: Clefable|Clefable, F|100/100
|move|p2a: Corviknight|Roost|p2a: Corviknight
|-heal|p2a: Corviknight|73/100
|-singleturn|p2a: Corviknight|move: Roost
|
|-heal|p2a: Corviknight|79/100|[from] item: Leftovers
|upkeep
|turn|6
|
|move|p2a: Corviknight|Iron Head|p1a: Clefable
|-supereffective|p1a: Clefable
|-damage|p1a: Clefable|43/100
|cant|p1a: Clefable|flinch
|
|-heal|p2a: Corviknight|85/100|[from] item: Leftovers
|upkeep
|turn|7
|
|switch|p1a: Seismitoad|Seismitoad, M|100/100
|move|p2a: Corviknight|U-turn|p1a: Seismitoad
|-damage|p1a: Seismitoad|90/100
|
|switch|p2a: Obstagoon|Obstagoon, M|100/100|[from]move: U-turn
|
|-heal|p1a: Seismitoad|96/100|[from] item: Leftovers
|-status|p2a: Obstagoon|brn|[from] item: Flame Orb
|upkeep
|turn|8
|j| Arkhan_Wyrdo
|
|switch|p2a: Hatterene|Hatterene, F|100/100
|move|p1a: Seismitoad|Stealth Rock|p2a: Hatterene
|move|p2a: Hatterene|Stealth Rock|p1a: Seismitoad|[from]Magic Bounce
|-sidestart|p1: Nom Anonyme|move: Stealth Rock
|
|-heal|p1a: Seismitoad|100/100|[from] item: Leftovers
|upkeep
|turn|9
|
|move|p1a: Seismitoad|Earthquake|p2a: Hatterene
|-damage|p2a: Hatterene|75/100
|move|p2a: Hatterene|Calm Mind|p2a: Hatterene
|-boost|p2a: Hatterene|spa|1
|-boost|p2a: Hatterene|spd|1
|
|-heal|p2a: Hatterene|81/100|[from] item: Leftovers
|upkeep
|turn|10
|
|switch|p1a: Conkeldurr|Conkeldurr, M|100/100
|-damage|p1a: Conkeldurr|95/100|[from] Stealth Rock
|move|p2a: Hatterene|Draining Kiss|p1a: Conkeldurr
|-supereffective|p1a: Conkeldurr
|-damage|p1a: Conkeldurr|4/100
|-heal|p2a: Hatterene|100/100|[from] drain|[of] p1a: Conkeldurr
|
|-status|p1a: Conkeldurr|brn|[from] item: Flame Orb
|upkeep
|turn|11
|
|switch|p2a: Toxapex|Toxapex, M|100/100
|move|p1a: Conkeldurr|Poison Jab|p2a: Toxapex
|-resisted|p2a: Toxapex
|-damage|p2a: Toxapex|86/100
|
|-damage|p1a: Conkeldurr|0 fnt|[from] brn
|faint|p1a: Conkeldurr
|upkeep
|l| ChinchiliLadder7g
|
|switch|p1a: Clefable|Clefable, F|43/100
|turn|12
|l| Nabsuki
|j| Hermesyus
|
|switch|p2a: Corviknight|Corviknight, F|85/100
|-ability|p2a: Corviknight|Pressure
|move|p1a: Clefable|Moonlight|p1a: Clefable
|-heal|p1a: Clefable|93/100
|
|-heal|p2a: Corviknight|92/100|[from] item: Leftovers
|upkeep
|turn|13
|j| Ciao l'artiste
|
|move|p2a: Corviknight|Iron Head|p1a: Clefable
|-supereffective|p1a: Clefable
|-damage|p1a: Clefable|39/100
|move|p1a: Clefable|Thunderbolt|p2a: Corviknight
|-supereffective|p2a: Corviknight
|-damage|p2a: Corviknight|36/100
|
|-heal|p2a: Corviknight|43/100|[from] item: Leftovers
|upkeep
|turn|14
|
|move|p2a: Corviknight|Roost|p2a: Corviknight
|-heal|p2a: Corviknight|93/100
|-singleturn|p2a: Corviknight|move: Roost
|move|p1a: Clefable|Thunderbolt|p2a: Corviknight
|-damage|p2a: Corviknight|62/100
|-status|p2a: Corviknight|par
|
|-heal|p2a: Corviknight|68/100 par|[from] item: Leftovers
|upkeep
|turn|15
|l| Hermesyus
|
|move|p1a: Clefable|Flamethrower|p2a: Corviknight
|-supereffective|p2a: Corviknight
|-damage|p2a: Corviknight|8/100 par
|move|p2a: Corviknight|U-turn|p1a: Clefable
|-resisted|p1a: Clefable
|-damage|p1a: Clefable|31/100
|
|switch|p2a: Obstagoon|Obstagoon, M|100/100 brn|[from]move: U-turn
|
|-damage|p2a: Obstagoon|94/100 brn|[from] brn
|upkeep
|turn|16
|
|move|p2a: Obstagoon|Knock Off|p1a: Clefable
|-resisted|p1a: Clefable
|-damage|p1a: Clefable|0 fnt
|-enditem|p1a: Clefable|Life Orb|[from] move: Knock Off|[of] p2a: Obstagoon
|faint|p1a: Clefable
|
|-damage|p2a: Obstagoon|88/100 brn|[from] brn
|upkeep
|
|switch|p1a: Grimmsnarl|Grimmsnarl, M|84/100
|-damage|p1a: Grimmsnarl|71/100|[from] Stealth Rock
|turn|17
|
|move|p2a: Obstagoon|Facade|p1a: Grimmsnarl
|-damage|p1a: Grimmsnarl|0 fnt
|faint|p1a: Grimmsnarl
|
|-damage|p2a: Obstagoon|82/100 brn|[from] brn
|upkeep
|
|switch|p1a: Hydreigon|Hydreigon, M|46/100
|-damage|p1a: Hydreigon|34/100|[from] Stealth Rock
|turn|18
|
|switch|p2a: Corviknight|Corviknight, F|8/100 par
|-ability|p2a: Corviknight|Pressure
|move|p1a: Hydreigon|Flash Cannon|p2a: Corviknight
|-resisted|p2a: Corviknight
|-damage|p2a: Corviknight|0 fnt
|-damage|p1a: Hydreigon|24/100|[from] item: Life Orb
|faint|p2a: Corviknight
|
|upkeep
|
|switch|p2a: Dragapult|Dragapult, M|100/100
|turn|19
|
|move|p2a: Dragapult|U-turn|p1a: Hydreigon
|-supereffective|p1a: Hydreigon
|-damage|p1a: Hydreigon|0 fnt
|faint|p1a: Hydreigon
|
|switch|p2a: Rhyperior|Rhyperior, F|100/100|[from]move: U-turn
|
|upkeep
|
|switch|p1a: Seismitoad|Seismitoad, M|100/100
|-damage|p1a: Seismitoad|94/100|[from] Stealth Rock
|turn|20
|
|switch|p2a: Hatterene|Hatterene, F|100/100
|move|p1a: Seismitoad|Scald|p2a: Hatterene
|-damage|p2a: Hatterene|73/100
|
|-heal|p1a: Seismitoad|100/100|[from] item: Leftovers
|-heal|p2a: Hatterene|79/100|[from] item: Leftovers
|upkeep
|turn|21
|
|move|p1a: Seismitoad|Earthquake|p2a: Hatterene
|-damage|p2a: Hatterene|54/100
|move|p2a: Hatterene|Draining Kiss|p1a: Seismitoad
|-damage|p1a: Seismitoad|76/100
|-heal|p2a: Hatterene|78/100|[from] drain|[of] p1a: Seismitoad
|
|-heal|p1a: Seismitoad|82/100|[from] item: Leftovers
|-heal|p2a: Hatterene|84/100|[from] item: Leftovers
|upkeep
|turn|22
|c|☆Nom Anonyme|gg
|-message|Nom Anonyme forfeited.
|
|win|PPDC
