|ScrapeTime|2020-01-01-12:26:05
|j|☆Hiro llll
|j|☆GLOCKAVELI
|player|p1|Hiro llll|petrel|1003
|player|p2|GLOCKAVELI|smasher|1046
|teamsize|p1|6
|teamsize|p2|6
|gametype|singles
|gen|8
|tier|[Gen 8] OU
|rated|
|rule|Sleep Clause Mod: Limit one foe put to sleep
|rule|Species Clause: Limit one of each Pokémon
|rule|OHKO Clause: OHKO moves are banned
|rule|Evasion Moves Clause: Evasion moves are banned
|rule|Endless Battle Clause: Forcing endless battles is banned
|rule|HP Percentage Mod: HP is shown in percentages
|clearpoke
|poke|p1|Toxtricity-Low-Key, F|
|poke|p1|Dragapult, M|
|poke|p1|Snorlax, M|
|poke|p1|Centiskorch, M|
|poke|p1|Dugtrio, F|
|poke|p1|Sawk, M|
|poke|p2|Bisharp, M|
|poke|p2|Excadrill, M|
|poke|p2|Togekiss, F|
|poke|p2|Rotom-Wash|
|poke|p2|Hawlucha, M|
|poke|p2|Boltund, F|
|rule|Dynamax Clause: You cannot dynamax
|teampreview
|inactive|Battle timer is ON: inactive players will automatically lose when time's up. (requested by GLOCKAVELI)
|inactive|GLOCKAVELI has 120 seconds left.
|
|start
|switch|p1a: 3 dicks 1 love|Dugtrio, F, shiny|100/100
|switch|p2a: Rotom|Rotom-Wash|100/100
|turn|1
|
|move|p1a: 3 dicks 1 love|Stealth Rock|p2a: Rotom
|-sidestart|p2: GLOCKAVELI|move: Stealth Rock
|move|p2a: Rotom|Hydro Pump|p1a: 3 dicks 1 love
|-supereffective|p1a: 3 dicks 1 love
|-enditem|p1a: 3 dicks 1 love|Focus Sash
|-damage|p1a: 3 dicks 1 love|1/100
|
|upkeep
|turn|2
|
|move|p1a: 3 dicks 1 love|Earthquake|p2a: Rotom
|-immune|p2a: Rotom|[from] ability: Levitate
|move|p2a: Rotom|Hydro Pump|p1a: 3 dicks 1 love|[miss]
|-miss|p2a: Rotom|p1a: 3 dicks 1 love
|
|upkeep
|turn|3
|
|move|p1a: 3 dicks 1 love|Sucker Punch|p2a: Rotom
|-damage|p2a: Rotom|71/100
|move|p2a: Rotom|Hydro Pump|p1a: 3 dicks 1 love
|-supereffective|p1a: 3 dicks 1 love
|-damage|p1a: 3 dicks 1 love|0 fnt
|faint|p1a: 3 dicks 1 love
|
|-heal|p2a: Rotom|77/100|[from] item: Leftovers
|upkeep
|
|switch|p1a: SOAD|Toxtricity-Low-Key, F|100/100
|turn|4
|
|move|p2a: Rotom|Will-O-Wisp|p1a: SOAD
|-status|p1a: SOAD|brn
|move|p1a: SOAD|Discharge|p2a: Rotom
|-damage|p2a: Rotom|20/100
|-damage|p1a: SOAD|91/100 brn|[from] item: Life Orb
|
|-heal|p2a: Rotom|27/100|[from] item: Leftovers
|-damage|p1a: SOAD|84/100 brn|[from] brn
|upkeep
|turn|5
|
|move|p2a: Rotom|Volt Switch|p1a: SOAD
|-resisted|p1a: SOAD
|-damage|p1a: SOAD|65/100 brn
|
|switch|p2a: Excadrill|Excadrill, M|100/100|[from]move: Volt Switch
|-damage|p2a: Excadrill|97/100|[from] Stealth Rock
|-ability|p2a: Excadrill|Mold Breaker
|move|p1a: SOAD|Discharge|p2a: Excadrill
|-immune|p2a: Excadrill
|
|-damage|p1a: SOAD|59/100 brn|[from] brn
|upkeep
|turn|6
|-message|Hiro llll forfeited.
|
|win|GLOCKAVELI
|l|☆Hiro llll
|raw|Hiro llll's rating: 1003 → 1000(-3 for losing)
|raw|GLOCKAVELI's rating: 1046 → 1075(+29 for winning)
