|ScrapeTime|2020-01-02-11:06:11
|j|☆Neon Genesis Eva
|j|☆ironwater
|player|p1|Neon Genesis Eva|schoolkid|
|player|p2|ironwater|palmer|
|teamsize|p1|6
|teamsize|p2|6
|gametype|singles
|gen|8
|tier|[Gen 8] OU
|rated|Tournament battle
|rule|Sleep Clause Mod: Limit one foe put to sleep
|rule|Species Clause: Limit one of each Pokémon
|rule|OHKO Clause: OHKO moves are banned
|rule|Evasion Moves Clause: Evasion moves are banned
|rule|Endless Battle Clause: Forcing endless battles is banned
|rule|HP Percentage Mod: HP is shown in percentages
|clearpoke
|poke|p1|Hydreigon, F|
|poke|p1|Cinderace, F|
|poke|p1|Aegislash, F|
|poke|p1|Seismitoad, F|
|poke|p1|Rotom-Wash|
|poke|p1|Clefable, M|
|poke|p2|Hatterene, F|
|poke|p2|Ferrothorn, M|
|poke|p2|Tyranitar, M|
|poke|p2|Dugtrio, M|
|poke|p2|Dracovish|
|poke|p2|Avalugg, M|
|rule|Dynamax Clause: You cannot dynamax
|teampreview
|j| ChaFouu
|c|☆ironwater|hf
|j| Maxouou
|c| Maxouou|Hf
|
|start
|switch|p1a: Cinderace|Cinderace, F|100/100
|switch|p2a: Hatterene|Hatterene, F|100/100
|turn|1
|
|move|p1a: Cinderace|Pyro Ball|p2a: Hatterene
|-damage|p2a: Hatterene|41/100
|move|p2a: Hatterene|Psychic|p1a: Cinderace
|-damage|p1a: Cinderace|27/100
|
|-heal|p2a: Hatterene|47/100|[from] item: Leftovers
|upkeep
|turn|2
|
|switch|p2a: Tyranitar|Tyranitar, M, shiny|100/100
|-weather|Sandstorm|[from] ability: Sand Stream|[of] p2a: Tyranitar
|move|p1a: Cinderace|Pyro Ball|p2a: Tyranitar
|-resisted|p2a: Tyranitar
|-damage|p2a: Tyranitar|75/100
|
|-weather|Sandstorm|[upkeep]
|-damage|p1a: Cinderace|21/100|[from] Sandstorm
|upkeep
|turn|3
|
|switch|p2a: Ferrothorn|Ferrothorn, M|100/100
|move|p1a: Cinderace|U-turn|p2a: Ferrothorn
|-damage|p2a: Ferrothorn|87/100
|-damage|p1a: Cinderace|9/100|[from] ability: Iron Barbs|[of] p2a: Ferrothorn
|-damage|p1a: Cinderace|0 fnt|[from] item: Rocky Helmet|[of] p2a: Ferrothorn
|faint|p1a: Cinderace
|
|-weather|Sandstorm|[upkeep]
|upkeep
|
|switch|p1a: Hydreigon|Hydreigon, F|100/100
|turn|4
|
|switch|p2a: Tyranitar|Tyranitar, M, shiny|75/100
|move|p1a: Hydreigon|Flamethrower|p2a: Tyranitar
|-resisted|p2a: Tyranitar
|-damage|p2a: Tyranitar|69/100
|
|-weather|Sandstorm|[upkeep]
|-damage|p1a: Hydreigon|94/100|[from] Sandstorm
|upkeep
|turn|5
|j|+Lambovino
|
|switch|p1a: Seismitoad|Seismitoad, F|100/100
|move|p2a: Tyranitar|Crunch|p1a: Seismitoad
|-crit|p1a: Seismitoad
|-damage|p1a: Seismitoad|65/100
|
|-weather|Sandstorm|[upkeep]
|upkeep
|turn|6
|
|move|p1a: Seismitoad|Earth Power|p2a: Tyranitar
|-supereffective|p2a: Tyranitar
|-damage|p2a: Tyranitar|48/100
|-unboost|p2a: Tyranitar|spd|1
|move|p2a: Tyranitar|Crunch|p1a: Seismitoad
|-damage|p1a: Seismitoad|41/100
|
|-weather|none
|upkeep
|turn|7
|
|switch|p2a: Dugtrio|Dugtrio, M|100/100
|move|p1a: Seismitoad|Earth Power|p2a: Dugtrio
|-damage|p2a: Dugtrio|46/100
|-unboost|p2a: Dugtrio|spd|1
|
|upkeep
|turn|8
|
|move|p2a: Dugtrio|Earthquake|p1a: Seismitoad
|-damage|p1a: Seismitoad|8/100
|move|p1a: Seismitoad|Earth Power|p2a: Dugtrio
|-damage|p2a: Dugtrio|0 fnt
|faint|p2a: Dugtrio
|
|upkeep
|
|switch|p2a: Ferrothorn|Ferrothorn, M|87/100
|turn|9
|
|move|p1a: Seismitoad|Rest|p1a: Seismitoad
|-status|p1a: Seismitoad|slp|[from] move: Rest
|-heal|p1a: Seismitoad|100/100 slp|[silent]
|-enditem|p1a: Seismitoad|Chesto Berry|[eat]
|-curestatus|p1a: Seismitoad|slp|[msg]
|move|p2a: Ferrothorn|Spikes|p1a: Seismitoad
|-sidestart|p1: Neon Genesis Eva|Spikes
|
|upkeep
|turn|10
|j| Syste
|
|move|p1a: Seismitoad|Stealth Rock|p2a: Ferrothorn
|-sidestart|p2: ironwater|move: Stealth Rock
|move|p2a: Ferrothorn|Leech Seed|p1a: Seismitoad
|-start|p1a: Seismitoad|move: Leech Seed
|
|-damage|p1a: Seismitoad|88/100|[from] Leech Seed|[of] p2a: Ferrothorn
|-heal|p2a: Ferrothorn|100/100|[silent]
|upkeep
|turn|11
|
|switch|p1a: Hydreigon|Hydreigon, F|94/100
|move|p2a: Ferrothorn|Power Whip|p1a: Hydreigon
|-resisted|p1a: Hydreigon
|-damage|p1a: Hydreigon|72/100
|
|upkeep
|turn|12
|l| Syste
|
|switch|p2a: Tyranitar|Tyranitar, M, shiny|48/100
|-damage|p2a: Tyranitar|36/100|[from] Stealth Rock
|-weather|Sandstorm|[from] ability: Sand Stream|[of] p2a: Tyranitar
|move|p1a: Hydreigon|Flamethrower|p2a: Tyranitar
|-resisted|p2a: Tyranitar
|-damage|p2a: Tyranitar|30/100
|
|-weather|Sandstorm|[upkeep]
|-damage|p1a: Hydreigon|66/100|[from] Sandstorm
|upkeep
|turn|13
|j|%Pujolly
|
|switch|p1a: Seismitoad|Seismitoad, F|88/100
|-damage|p1a: Seismitoad|76/100|[from] Spikes
|move|p2a: Tyranitar|Crunch|p1a: Seismitoad
|-damage|p1a: Seismitoad|51/100
|
|-weather|Sandstorm|[upkeep]
|upkeep
|turn|14
|
|switch|p2a: Ferrothorn|Ferrothorn, M|100/100
|-damage|p2a: Ferrothorn|94/100|[from] Stealth Rock
|move|p1a: Seismitoad|Scald|p2a: Ferrothorn
|-resisted|p2a: Ferrothorn
|-damage|p2a: Ferrothorn|84/100
|-status|p2a: Ferrothorn|brn
|
|-weather|Sandstorm|[upkeep]
|-damage|p2a: Ferrothorn|78/100 brn|[from] brn
|upkeep
|turn|15
|l|%Pujolly
|
|switch|p1a: Hydreigon|Hydreigon, F|66/100
|move|p2a: Ferrothorn|Leech Seed|p1a: Hydreigon
|-start|p1a: Hydreigon|move: Leech Seed
|
|-weather|Sandstorm|[upkeep]
|-damage|p1a: Hydreigon|60/100|[from] Sandstorm
|-damage|p1a: Hydreigon|48/100|[from] Leech Seed|[of] p2a: Ferrothorn
|-heal|p2a: Ferrothorn|89/100 brn|[silent]
|-damage|p2a: Ferrothorn|83/100 brn|[from] brn
|upkeep
|turn|16
|
|move|p1a: Hydreigon|U-turn|p2a: Ferrothorn
|-damage|p2a: Ferrothorn|73/100 brn
|-damage|p1a: Hydreigon|35/100|[from] ability: Iron Barbs|[of] p2a: Ferrothorn
|-damage|p1a: Hydreigon|19/100|[from] item: Rocky Helmet|[of] p2a: Ferrothorn
|
|switch|p1a: Aegislash|Aegislash, F|100/100|[from]move: U-turn
|-damage|p1a: Aegislash|88/100|[from] Spikes
|move|p2a: Ferrothorn|Gyro Ball|p1a: Aegislash
|-resisted|p1a: Aegislash
|-damage|p1a: Aegislash|77/100
|
|-weather|none
|-damage|p2a: Ferrothorn|67/100 brn|[from] brn
|upkeep
|turn|17
|
|-formechange|p1a: Aegislash|Aegislash-Blade||[from] ability: Stance Change
|move|p1a: Aegislash|Close Combat|p2a: Ferrothorn
|-supereffective|p2a: Ferrothorn
|-crit|p2a: Ferrothorn
|-damage|p2a: Ferrothorn|0 fnt
|-damage|p1a: Aegislash|64/100|[from] ability: Iron Barbs|[of] p2a: Ferrothorn
|-damage|p1a: Aegislash|48/100|[from] item: Rocky Helmet|[of] p2a: Ferrothorn
|-unboost|p1a: Aegislash|def|1
|-unboost|p1a: Aegislash|spd|1
|faint|p2a: Ferrothorn
|
|upkeep
|
|switch|p2a: Dracovish|Dracovish|100/100
|-damage|p2a: Dracovish|88/100|[from] Stealth Rock
|turn|18
|
|switch|p1a: Seismitoad|Seismitoad, F|51/100
|-damage|p1a: Seismitoad|39/100|[from] Spikes
|move|p2a: Dracovish|Crunch|p1a: Seismitoad
|-damage|p1a: Seismitoad|2/100
|
|upkeep
|turn|19
|
|move|p2a: Dracovish|Crunch|p1a: Seismitoad
|-damage|p1a: Seismitoad|0 fnt
|faint|p1a: Seismitoad
|
|upkeep
|
|switch|p1a: Hydreigon|Hydreigon, F|19/100
|turn|20
|
|switch|p2a: Hatterene|Hatterene, F|47/100
|-damage|p2a: Hatterene|34/100|[from] Stealth Rock
|move|p1a: Hydreigon|U-turn|p2a: Hatterene
|-damage|p2a: Hatterene|16/100
|
|switch|p1a: Aegislash|Aegislash, F|48/100|[from]move: U-turn
|-damage|p1a: Aegislash|36/100|[from] Spikes
|
|-heal|p2a: Hatterene|22/100|[from] item: Leftovers
|upkeep
|turn|21
|
|-formechange|p1a: Aegislash|Aegislash-Blade||[from] ability: Stance Change
|move|p1a: Aegislash|Iron Head|p2a: Hatterene
|-supereffective|p2a: Hatterene
|-damage|p2a: Hatterene|0 fnt
|faint|p2a: Hatterene
|
|upkeep
|
|switch|p2a: Dracovish|Dracovish|88/100
|-damage|p2a: Dracovish|76/100|[from] Stealth Rock
|turn|22
|
|move|p2a: Dracovish|Fishious Rend|p1a: Aegislash
|-damage|p1a: Aegislash|0 fnt
|faint|p1a: Aegislash
|
|upkeep
|
|switch|p1a: Hydreigon|Hydreigon, F|19/100
|turn|23
|
|switch|p2a: Tyranitar|Tyranitar, M, shiny|30/100
|-damage|p2a: Tyranitar|17/100|[from] Stealth Rock
|-weather|Sandstorm|[from] ability: Sand Stream|[of] p2a: Tyranitar
|move|p1a: Hydreigon|Draco Meteor|p2a: Tyranitar
|-damage|p2a: Tyranitar|0 fnt
|-unboost|p1a: Hydreigon|spa|2
|faint|p2a: Tyranitar
|
|-weather|Sandstorm|[upkeep]
|-damage|p1a: Hydreigon|12/100|[from] Sandstorm
|upkeep
|
|switch|p2a: Avalugg|Avalugg, M|100/100
|-damage|p2a: Avalugg|76/100|[from] Stealth Rock
|turn|24
|
|switch|p1a: Clefable|Clefable, M|100/100
|move|p2a: Avalugg|Avalanche|p1a: Clefable
|-damage|p1a: Clefable|77/100
|
|-weather|Sandstorm|[upkeep]
|-damage|p2a: Avalugg|70/100|[from] Sandstorm
|-heal|p1a: Clefable|83/100|[from] item: Leftovers
|-heal|p2a: Avalugg|76/100|[from] item: Leftovers
|upkeep
|turn|25
|
|move|p1a: Clefable|Healing Wish|p1a: Clefable
|faint|p1a: Clefable
|move|p2a: Avalugg|Recover|p2a: Avalugg
|-heal|p2a: Avalugg|100/100
|
|-weather|Sandstorm|[upkeep]
|-damage|p2a: Avalugg|94/100|[from] Sandstorm
|-heal|p2a: Avalugg|100/100|[from] item: Leftovers
|upkeep
|
|switch|p1a: Hydreigon|Hydreigon, F|12/100
|-heal|p1a: Hydreigon|100/100|[from] move: Healing Wish
|turn|26
|
|switch|p1a: Rotom|Rotom-Wash|100/100
|switch|p2a: Dracovish|Dracovish|76/100
|-damage|p2a: Dracovish|63/100|[from] Stealth Rock
|
|-weather|Sandstorm|[upkeep]
|-damage|p1a: Rotom|94/100|[from] Sandstorm
|-damage|p2a: Dracovish|57/100|[from] Sandstorm
|-heal|p1a: Rotom|100/100|[from] item: Leftovers
|upkeep
|turn|27
|
|move|p1a: Rotom|Discharge|p2a: Dracovish
|-damage|p2a: Dracovish|13/100
|move|p2a: Dracovish|Fishious Rend|p1a: Rotom
|-resisted|p1a: Rotom
|-damage|p1a: Rotom|53/100
|
|-weather|none
|-heal|p1a: Rotom|59/100|[from] item: Leftovers
|upkeep
|turn|28
|
|switch|p2a: Avalugg|Avalugg, M|100/100
|-damage|p2a: Avalugg|76/100|[from] Stealth Rock
|move|p1a: Rotom|Discharge|p2a: Avalugg
|-damage|p2a: Avalugg|33/100
|-status|p2a: Avalugg|par
|
|-heal|p1a: Rotom|65/100|[from] item: Leftovers
|-heal|p2a: Avalugg|40/100 par|[from] item: Leftovers
|upkeep
|turn|29
|
|move|p1a: Rotom|Discharge|p2a: Avalugg
|-damage|p2a: Avalugg|0 fnt
|faint|p2a: Avalugg
|
|-heal|p1a: Rotom|72/100|[from] item: Leftovers
|upkeep
|c|☆ironwater|gg
|
|switch|p2a: Dracovish|Dracovish|13/100
|-damage|p2a: Dracovish|0 fnt|[from] Stealth Rock
|faint|p2a: Dracovish
|
|win|Neon Genesis Eva
