|ScrapeTime|2020-01-01-08:14:41
|j|☆galarian poonyta
|j|☆Pedrin del angel
|player|p1|galarian poonyta|swimmer|1252
|player|p2|Pedrin del angel|169|1230
|teamsize|p1|6
|teamsize|p2|6
|gametype|singles
|gen|8
|tier|[Gen 8] OU
|rated|
|rule|Sleep Clause Mod: Limit one foe put to sleep
|rule|Species Clause: Limit one of each Pokémon
|rule|OHKO Clause: OHKO moves are banned
|rule|Evasion Moves Clause: Evasion moves are banned
|rule|Endless Battle Clause: Forcing endless battles is banned
|rule|HP Percentage Mod: HP is shown in percentages
|clearpoke
|poke|p1|Crawdaunt, F|
|poke|p1|Tyranitar, F|
|poke|p1|Rotom-Wash|
|poke|p1|Excadrill, M|
|poke|p1|Dragapult, M|
|poke|p1|Corviknight, F|
|poke|p2|Bewear, M|
|poke|p2|Rotom-Heat|
|poke|p2|Weezing-Galar, M|
|poke|p2|Hydreigon, F|
|poke|p2|Seismitoad, M|
|poke|p2|Abomasnow, M|
|rule|Dynamax Clause: You cannot dynamax
|teampreview
|
|start
|switch|p1a: Rotom|Rotom-Wash|100/100
|switch|p2a: Abomasnow|Abomasnow, M|100/100
|-weather|Hail|[from] ability: Snow Warning|[of] p2a: Abomasnow
|turn|1
|
|move|p1a: Rotom|Volt Switch|p2a: Abomasnow
|-resisted|p2a: Abomasnow
|-damage|p2a: Abomasnow|91/100
|inactive|Battle timer is ON: inactive players will automatically lose when time's up. (requested by galarian poonyta)
|
|switch|p1a: Tyranitar|Tyranitar, F|100/100|[from]move: Volt Switch
|-weather|Sandstorm|[from] ability: Sand Stream|[of] p1a: Tyranitar
|move|p2a: Abomasnow|Aurora Veil||[still]
|-fail|p2a: Abomasnow
|
|-weather|Sandstorm|[upkeep]
|-damage|p2a: Abomasnow|85/100|[from] Sandstorm
|upkeep
|turn|2
|
|switch|p2a: Bewear|Bewear, M|100/100
|move|p1a: Tyranitar|Fire Punch|p2a: Bewear
|-damage|p2a: Bewear|62/100
|
|-weather|Sandstorm|[upkeep]
|-damage|p2a: Bewear|56/100|[from] Sandstorm
|-heal|p2a: Bewear|62/100|[from] item: Leftovers
|upkeep
|turn|3
|
|switch|p1a: Rotom|Rotom-Wash|100/100
|move|p2a: Bewear|Substitute|p2a: Bewear
|-start|p2a: Bewear|Substitute
|-damage|p2a: Bewear|37/100
|
|-weather|Sandstorm|[upkeep]
|-damage|p1a: Rotom|95/100|[from] Sandstorm
|-damage|p2a: Bewear|31/100|[from] Sandstorm
|-heal|p1a: Rotom|100/100|[from] item: Leftovers
|-heal|p2a: Bewear|37/100|[from] item: Leftovers
|upkeep
|turn|4
|
|move|p1a: Rotom|Discharge|p2a: Bewear
|-end|p2a: Bewear|Substitute
|move|p2a: Bewear|Drain Punch|p1a: Rotom
|-damage|p1a: Rotom|66/100
|-heal|p2a: Bewear|49/100|[from] drain|[of] p1a: Rotom
|
|-weather|Sandstorm|[upkeep]
|-damage|p1a: Rotom|60/100|[from] Sandstorm
|-damage|p2a: Bewear|43/100|[from] Sandstorm
|-heal|p1a: Rotom|66/100|[from] item: Leftovers
|-heal|p2a: Bewear|49/100|[from] item: Leftovers
|upkeep
|turn|5
|
|switch|p2a: Seismitoad|Seismitoad, M|100/100
|move|p1a: Rotom|Will-O-Wisp|p2a: Seismitoad
|-status|p2a: Seismitoad|brn
|
|-weather|none
|-heal|p1a: Rotom|72/100|[from] item: Leftovers
|-damage|p2a: Seismitoad|94/100 brn|[from] brn
|upkeep
|turn|6
|
|switch|p1a: Crawdaunt|Crawdaunt, F|100/100
|move|p2a: Seismitoad|Icy Wind|p1a: Crawdaunt
|-resisted|p1a: Crawdaunt
|-damage|p1a: Crawdaunt|86/100
|-unboost|p1a: Crawdaunt|spe|1
|
|-heal|p2a: Seismitoad|100/100 brn|[from] item: Leftovers
|-damage|p2a: Seismitoad|94/100 brn|[from] brn
|upkeep
|turn|7
|
|move|p2a: Seismitoad|Scald|p1a: Crawdaunt
|-resisted|p1a: Crawdaunt
|-damage|p1a: Crawdaunt|51/100
|move|p1a: Crawdaunt|Knock Off|p2a: Seismitoad
|-damage|p2a: Seismitoad|0 fnt
|-enditem|p2a: Seismitoad|Leftovers|[from] move: Knock Off|[of] p1a: Crawdaunt
|faint|p2a: Seismitoad
|
|upkeep
|
|switch|p2a: Rotom|Rotom-Heat|100/100
|turn|8
|
|switch|p1a: Tyranitar|Tyranitar, F|100/100
|-weather|Sandstorm|[from] ability: Sand Stream|[of] p1a: Tyranitar
|move|p2a: Rotom|Trick|p1a: Tyranitar
|-activate|p2a: Rotom|move: Trick|[of] p1a: Tyranitar
|-item|p1a: Tyranitar|Flame Orb|[from] move: Trick
|-item|p2a: Rotom|Choice Band|[from] move: Trick
|
|-weather|Sandstorm|[upkeep]
|-damage|p2a: Rotom|94/100|[from] Sandstorm
|-status|p1a: Tyranitar|brn|[from] item: Flame Orb
|upkeep
|turn|9
|
|move|p2a: Rotom|Volt Switch|p1a: Tyranitar
|-damage|p1a: Tyranitar|80/100 brn
|
|switch|p2a: Abomasnow|Abomasnow, M|85/100|[from]move: Volt Switch
|-weather|Hail|[from] ability: Snow Warning|[of] p2a: Abomasnow
|move|p1a: Tyranitar|Stone Edge|p2a: Abomasnow
|-supereffective|p2a: Abomasnow
|-damage|p2a: Abomasnow|23/100
|
|-weather|Hail|[upkeep]
|-damage|p1a: Tyranitar|74/100 brn|[from] Hail
|-damage|p1a: Tyranitar|68/100 brn|[from] brn
|upkeep
|turn|10
|
|move|p1a: Tyranitar|Stone Edge|p2a: Abomasnow
|-supereffective|p2a: Abomasnow
|-crit|p2a: Abomasnow
|-damage|p2a: Abomasnow|0 fnt
|faint|p2a: Abomasnow
|
|-weather|Hail|[upkeep]
|-damage|p1a: Tyranitar|62/100 brn|[from] Hail
|-damage|p1a: Tyranitar|56/100 brn|[from] brn
|upkeep
|
|switch|p2a: Hydreigon|Hydreigon, F|100/100
|turn|11
|inactive|galarian poonyta has 120 seconds left.
|
|move|p2a: Hydreigon|Dark Pulse|p1a: Tyranitar
|-resisted|p1a: Tyranitar
|-damage|p1a: Tyranitar|36/100 brn
|cant|p1a: Tyranitar|flinch
|
|-weather|Hail|[upkeep]
|-damage|p2a: Hydreigon|94/100|[from] Hail
|-damage|p1a: Tyranitar|30/100 brn|[from] Hail
|-damage|p1a: Tyranitar|24/100 brn|[from] brn
|upkeep
|turn|12
|
|switch|p1a: Excadrill|Excadrill, M|100/100
|-ability|p1a: Excadrill|Mold Breaker
|move|p2a: Hydreigon|Flash Cannon|p1a: Excadrill
|-resisted|p1a: Excadrill
|-damage|p1a: Excadrill|84/100
|
|-weather|Hail|[upkeep]
|-damage|p2a: Hydreigon|88/100|[from] Hail
|-damage|p1a: Excadrill|78/100|[from] Hail
|upkeep
|turn|13
|
|move|p2a: Hydreigon|Fire Blast|p1a: Excadrill
|-supereffective|p1a: Excadrill
|-damage|p1a: Excadrill|0 fnt
|faint|p1a: Excadrill
|
|-weather|none
|upkeep
|
|switch|p1a: Dragapult|Dragapult, M|100/100
|turn|14
|
|switch|p2a: Weezing|Weezing-Galar, M|100/100
|move|p1a: Dragapult|Shadow Ball|p2a: Weezing
|-damage|p2a: Weezing|55/100
|-unboost|p2a: Weezing|spd|1
|
|-heal|p2a: Weezing|61/100|[from] item: Black Sludge
|upkeep
|turn|15
|
|switch|p1a: Corviknight|Corviknight, F|100/100
|-ability|p1a: Corviknight|Pressure
|switch|p2a: Bewear|Bewear, M|49/100
|
|-heal|p2a: Bewear|55/100|[from] item: Leftovers
|upkeep
|turn|16
|
|move|p1a: Corviknight|Brave Bird|p2a: Bewear
|-supereffective|p2a: Bewear
|-damage|p2a: Bewear|21/100
|-damage|p1a: Corviknight|88/100|[from] Recoil
|move|p2a: Bewear|Bulk Up|p2a: Bewear
|-boost|p2a: Bewear|atk|1
|-boost|p2a: Bewear|def|1
|
|-heal|p1a: Corviknight|94/100|[from] item: Leftovers
|-heal|p2a: Bewear|27/100|[from] item: Leftovers
|upkeep
|turn|17
|
|move|p1a: Corviknight|Brave Bird|p2a: Bewear
|-supereffective|p2a: Bewear
|-damage|p2a: Bewear|4/100
|-damage|p1a: Corviknight|86/100|[from] Recoil
|move|p2a: Bewear|Drain Punch|p1a: Corviknight
|-damage|p1a: Corviknight|33/100
|-heal|p2a: Bewear|28/100|[from] drain|[of] p1a: Corviknight
|
|-heal|p1a: Corviknight|39/100|[from] item: Leftovers
|-heal|p2a: Bewear|34/100|[from] item: Leftovers
|upkeep
|turn|18
|
|switch|p1a: Dragapult|Dragapult, M|100/100
|move|p2a: Bewear|Shadow Claw|p1a: Dragapult
|-supereffective|p1a: Dragapult
|-damage|p1a: Dragapult|1/100
|
|-heal|p2a: Bewear|40/100|[from] item: Leftovers
|upkeep
|turn|19
|
|switch|p2a: Weezing|Weezing-Galar, M|61/100
|move|p1a: Dragapult|Fire Blast|p2a: Weezing
|-damage|p2a: Weezing|24/100
|-status|p2a: Weezing|brn
|
|-heal|p2a: Weezing|30/100 brn|[from] item: Black Sludge
|-damage|p2a: Weezing|24/100 brn|[from] brn
|upkeep
|turn|20
|
|move|p1a: Dragapult|Fire Blast|p2a: Weezing
|-damage|p2a: Weezing|0 fnt
|faint|p2a: Weezing
|
|upkeep
|
|switch|p2a: Rotom|Rotom-Heat|94/100
|turn|21
|
|move|p1a: Dragapult|Fire Blast|p2a: Rotom
|-resisted|p2a: Rotom
|-damage|p2a: Rotom|70/100
|move|p2a: Rotom|Shadow Ball|p1a: Dragapult
|-supereffective|p1a: Dragapult
|-damage|p1a: Dragapult|0 fnt
|faint|p1a: Dragapult
|
|upkeep
|
|switch|p1a: Rotom|Rotom-Wash|72/100
|turn|22
|
|switch|p2a: Hydreigon|Hydreigon, F|88/100
|move|p1a: Rotom|Hydro Pump|p2a: Hydreigon
|-resisted|p2a: Hydreigon
|-damage|p2a: Hydreigon|73/100
|
|-heal|p1a: Rotom|78/100|[from] item: Leftovers
|upkeep
|turn|23
|
|move|p2a: Hydreigon|Dark Pulse|p1a: Rotom
|-damage|p1a: Rotom|37/100
|move|p1a: Rotom|Will-O-Wisp|p2a: Hydreigon
|-status|p2a: Hydreigon|brn
|
|-heal|p1a: Rotom|43/100|[from] item: Leftovers
|-damage|p2a: Hydreigon|67/100 brn|[from] brn
|upkeep
|turn|24
|
|switch|p1a: Tyranitar|Tyranitar, F|24/100 brn
|-weather|Sandstorm|[from] ability: Sand Stream|[of] p1a: Tyranitar
|move|p2a: Hydreigon|Dark Pulse|p1a: Tyranitar
|-resisted|p1a: Tyranitar
|-damage|p1a: Tyranitar|12/100 brn
|
|-weather|Sandstorm|[upkeep]
|-damage|p2a: Hydreigon|61/100 brn|[from] Sandstorm
|-damage|p2a: Hydreigon|55/100 brn|[from] brn
|-damage|p1a: Tyranitar|5/100 brn|[from] brn
|upkeep
|turn|25
|
|move|p2a: Hydreigon|Dark Pulse|p1a: Tyranitar
|-resisted|p1a: Tyranitar
|-damage|p1a: Tyranitar|0 fnt
|faint|p1a: Tyranitar
|
|-weather|Sandstorm|[upkeep]
|-damage|p2a: Hydreigon|49/100 brn|[from] Sandstorm
|-damage|p2a: Hydreigon|43/100 brn|[from] brn
|upkeep
|
|switch|p1a: Crawdaunt|Crawdaunt, F|51/100
|turn|26
|
|move|p2a: Hydreigon|Draco Meteor|p1a: Crawdaunt
|-damage|p1a: Crawdaunt|0 fnt
|-unboost|p2a: Hydreigon|spa|2
|faint|p1a: Crawdaunt
|
|-weather|Sandstorm|[upkeep]
|-damage|p2a: Hydreigon|36/100 brn|[from] Sandstorm
|-damage|p2a: Hydreigon|30/100 brn|[from] brn
|upkeep
|
|switch|p1a: Corviknight|Corviknight, F|39/100
|-ability|p1a: Corviknight|Pressure
|turn|27
|
|switch|p2a: Rotom|Rotom-Heat|70/100
|move|p1a: Corviknight|Roost|p1a: Corviknight
|-heal|p1a: Corviknight|89/100
|-singleturn|p1a: Corviknight|move: Roost
|
|-weather|Sandstorm|[upkeep]
|-damage|p2a: Rotom|64/100|[from] Sandstorm
|-heal|p1a: Corviknight|95/100|[from] item: Leftovers
|upkeep
|turn|28
|inactive|galarian poonyta has 120 seconds left.
|
|move|p2a: Rotom|Volt Switch|p1a: Corviknight
|-supereffective|p1a: Corviknight
|-damage|p1a: Corviknight|38/100
|
|switch|p2a: Bewear|Bewear, M|40/100|[from]move: Volt Switch
|move|p1a: Corviknight|U-turn|p2a: Bewear
|-resisted|p2a: Bewear
|-damage|p2a: Bewear|37/100
|
|switch|p1a: Rotom|Rotom-Wash|43/100|[from]move: U-turn
|
|-weather|none
|-heal|p1a: Rotom|49/100|[from] item: Leftovers
|-heal|p2a: Bewear|43/100|[from] item: Leftovers
|upkeep
|turn|29
|
|switch|p2a: Hydreigon|Hydreigon, F|30/100 brn
|move|p1a: Rotom|Hydro Pump|p2a: Hydreigon
|-resisted|p2a: Hydreigon
|-damage|p2a: Hydreigon|15/100 brn
|
|-heal|p1a: Rotom|55/100|[from] item: Leftovers
|-damage|p2a: Hydreigon|8/100 brn|[from] brn
|upkeep
|turn|30
|
|move|p2a: Hydreigon|Dark Pulse|p1a: Rotom
|-damage|p1a: Rotom|10/100
|move|p1a: Rotom|Hydro Pump|p2a: Hydreigon
|-resisted|p2a: Hydreigon
|-damage|p2a: Hydreigon|0 fnt
|faint|p2a: Hydreigon
|
|-heal|p1a: Rotom|16/100|[from] item: Leftovers
|upkeep
|
|switch|p2a: Rotom|Rotom-Heat|64/100
|turn|31
|
|move|p2a: Rotom|Volt Switch|p1a: Rotom
|-damage|p1a: Rotom|0 fnt
|faint|p1a: Rotom
|
|switch|p2a: Bewear|Bewear, M|43/100|[from]move: Volt Switch
|
|-heal|p2a: Bewear|49/100|[from] item: Leftovers
|upkeep
|c|☆galarian poonyta|gg
|-message|galarian poonyta forfeited.
|
|win|Pedrin del angel
|l|☆galarian poonyta
|raw|galarian poonyta's rating: 1252 → 1226(-26 for losing)
|raw|Pedrin del angel's rating: 1230 → 1257(+27 for winning)
