|ScrapeTime|2020-01-01-07:55:00
|j|☆Bluetix
|j|☆Skootles
|player|p1|Bluetix|benga|1340
|player|p2|Skootles|n|1375
|teamsize|p1|6
|teamsize|p2|6
|gametype|singles
|gen|8
|tier|[Gen 8] OU
|rated|
|rule|Sleep Clause Mod: Limit one foe put to sleep
|rule|Species Clause: Limit one of each Pokémon
|rule|OHKO Clause: OHKO moves are banned
|rule|Evasion Moves Clause: Evasion moves are banned
|rule|Endless Battle Clause: Forcing endless battles is banned
|rule|HP Percentage Mod: HP is shown in percentages
|clearpoke
|poke|p1|Toxtricity, F|
|poke|p1|Dugtrio, M|
|poke|p1|Corviknight, F|
|poke|p1|Seismitoad, M|
|poke|p1|Sylveon, F|
|poke|p1|Bisharp, M|
|poke|p2|Haxorus, M|
|poke|p2|Chandelure, F|
|poke|p2|Ribombee, F|
|poke|p2|Mimikyu, F|
|poke|p2|Mr. Rime, M|
|poke|p2|Hawlucha, M|
|rule|Dynamax Clause: You cannot dynamax
|teampreview
|
|start
|switch|p1a: Bisharp|Bisharp, M|100/100
|switch|p2a: Hawlucha|Hawlucha, M|100/100
|turn|1
|
|switch|p1a: Sylveon|Sylveon, F, shiny|100/100
|move|p2a: Hawlucha|U-turn|p1a: Sylveon
|-resisted|p1a: Sylveon
|-damage|p1a: Sylveon|87/100
|
|switch|p2a: Chandelure|Chandelure, F|100/100|[from]move: U-turn
|
|-heal|p1a: Sylveon|93/100|[from] item: Leftovers
|upkeep
|turn|2
|
|move|p2a: Chandelure|Shadow Ball|p1a: Sylveon
|-damage|p1a: Sylveon|59/100
|move|p1a: Sylveon|Yawn|p2a: Chandelure
|-start|p2a: Chandelure|move: Yawn|[of] p1a: Sylveon
|
|-heal|p1a: Sylveon|65/100|[from] item: Leftovers
|upkeep
|turn|3
|
|switch|p2a: Ribombee|Ribombee, F|100/100
|move|p1a: Sylveon|Hyper Voice|p2a: Ribombee
|-damage|p2a: Ribombee|26/100
|
|-heal|p1a: Sylveon|71/100|[from] item: Leftovers
|upkeep
|turn|4
|inactive|Battle timer is ON: inactive players will automatically lose when time's up. (requested by Skootles)
|
|move|p2a: Ribombee|Moonblast|p1a: Sylveon
|-damage|p1a: Sylveon|52/100
|-unboost|p1a: Sylveon|spa|1
|move|p1a: Sylveon|Hyper Voice|p2a: Ribombee
|-damage|p2a: Ribombee|0 fnt
|faint|p2a: Ribombee
|
|-heal|p1a: Sylveon|58/100|[from] item: Leftovers
|upkeep
|
|switch|p2a: Haxorus|Haxorus, M|100/100
|-ability|p2a: Haxorus|Mold Breaker
|turn|5
|
|move|p2a: Haxorus|Iron Tail|p1a: Sylveon
|-supereffective|p1a: Sylveon
|-damage|p1a: Sylveon|0 fnt
|faint|p1a: Sylveon
|
|upkeep
|inactive|Bluetix has 120 seconds left.
|
|switch|p1a: Toxtricity|Toxtricity, F|100/100
|turn|6
|
|switch|p1a: Corviknight|Corviknight, F|100/100
|-ability|p1a: Corviknight|Pressure
|move|p2a: Haxorus|Earthquake|p1a: Corviknight
|-immune|p1a: Corviknight
|
|upkeep
|turn|7
|
|switch|p2a: Chandelure|Chandelure, F|100/100
|move|p1a: Corviknight|U-turn|p2a: Chandelure
|-resisted|p2a: Chandelure
|-damage|p2a: Chandelure|96/100
|
|switch|p1a: Dugtrio|Dugtrio, M|100/100|[from]move: U-turn
|
|upkeep
|turn|8
|
|switch|p2a: Hawlucha|Hawlucha, M|100/100
|move|p1a: Dugtrio|Earthquake|p2a: Hawlucha
|-immune|p2a: Hawlucha
|
|upkeep
|turn|9
|
|switch|p1a: Corviknight|Corviknight, F|100/100
|-ability|p1a: Corviknight|Pressure
|move|p2a: Hawlucha|Close Combat|p1a: Corviknight
|-damage|p1a: Corviknight|70/100
|-unboost|p2a: Hawlucha|def|1
|-unboost|p2a: Hawlucha|spd|1
|-enditem|p2a: Hawlucha|White Herb
|-clearnegativeboost|p2a: Hawlucha|[silent]
|
|-heal|p1a: Corviknight|76/100|[from] item: Leftovers
|upkeep
|turn|10
|
|move|p2a: Hawlucha|Acrobatics|p1a: Corviknight
|-resisted|p1a: Corviknight
|-damage|p1a: Corviknight|62/100
|move|p1a: Corviknight|U-turn|p2a: Hawlucha
|-resisted|p2a: Hawlucha
|-damage|p2a: Hawlucha|96/100
|
|switch|p1a: Toxtricity|Toxtricity, F|100/100|[from]move: U-turn
|
|upkeep
|turn|11
|
|move|p2a: Hawlucha|U-turn|p1a: Toxtricity
|-resisted|p1a: Toxtricity
|-damage|p1a: Toxtricity|83/100
|
|switch|p2a: Mr. Rime|Mr. Rime, M|100/100|[from]move: U-turn
|move|p1a: Toxtricity|Volt Switch|p2a: Mr. Rime
|-damage|p2a: Mr. Rime|45/100
|
|switch|p1a: Dugtrio|Dugtrio, M|100/100|[from]move: Volt Switch
|
|upkeep
|turn|12
|
|move|p1a: Dugtrio|Sucker Punch|p2a: Mr. Rime
|-supereffective|p2a: Mr. Rime
|-damage|p2a: Mr. Rime|0 fnt
|faint|p2a: Mr. Rime
|
|upkeep
|
|switch|p2a: Hawlucha|Hawlucha, M|96/100
|turn|13
|
|switch|p1a: Corviknight|Corviknight, F|62/100
|-ability|p1a: Corviknight|Pressure
|switch|p2a: Chandelure|Chandelure, F|96/100
|
|-heal|p1a: Corviknight|68/100|[from] item: Leftovers
|upkeep
|turn|14
|
|switch|p1a: Seismitoad|Seismitoad, M|100/100
|move|p2a: Chandelure|Energy Ball|p1a: Seismitoad
|-supereffective|p1a: Seismitoad
|-crit|p1a: Seismitoad
|-damage|p1a: Seismitoad|0 fnt
|faint|p1a: Seismitoad
|
|upkeep
|
|switch|p1a: Bisharp|Bisharp, M|100/100
|turn|15
|
|switch|p2a: Hawlucha|Hawlucha, M|96/100
|move|p1a: Bisharp|Throat Chop|p2a: Hawlucha
|-resisted|p2a: Hawlucha
|-crit|p2a: Hawlucha
|-damage|p2a: Hawlucha|33/100
|-start|p2a: Hawlucha|Throat Chop|[silent]
|-damage|p1a: Bisharp|91/100|[from] item: Life Orb
|
|upkeep
|turn|16
|
|switch|p1a: Toxtricity|Toxtricity, F|83/100
|move|p2a: Hawlucha|Close Combat|p1a: Toxtricity
|-resisted|p1a: Toxtricity
|-damage|p1a: Toxtricity|43/100
|-unboost|p2a: Hawlucha|def|1
|-unboost|p2a: Hawlucha|spd|1
|
|-end|p2a: Hawlucha|Throat Chop|[silent]
|upkeep
|turn|17
|
|move|p2a: Hawlucha|Close Combat|p1a: Toxtricity
|-resisted|p1a: Toxtricity
|-crit|p1a: Toxtricity
|-damage|p1a: Toxtricity|0 fnt
|-unboost|p2a: Hawlucha|def|1
|-unboost|p2a: Hawlucha|spd|1
|faint|p1a: Toxtricity
|
|upkeep
|
|switch|p1a: Dugtrio|Dugtrio, M|100/100
|turn|18
|
|move|p1a: Dugtrio|Stone Edge|p2a: Hawlucha
|-crit|p2a: Hawlucha
|-damage|p2a: Hawlucha|0 fnt
|faint|p2a: Hawlucha
|
|upkeep
|
|switch|p2a: Haxorus|Haxorus, M|100/100
|-ability|p2a: Haxorus|Mold Breaker
|turn|19
|
|switch|p1a: Corviknight|Corviknight, F|68/100
|-ability|p1a: Corviknight|Pressure
|move|p2a: Haxorus|Dragon Dance|p2a: Haxorus
|-boost|p2a: Haxorus|atk|1
|-boost|p2a: Haxorus|spe|1
|
|-heal|p1a: Corviknight|74/100|[from] item: Leftovers
|upkeep
|turn|20
|
|switch|p2a: Chandelure|Chandelure, F|96/100
|move|p1a: Corviknight|Taunt|p2a: Chandelure
|-start|p2a: Chandelure|move: Taunt
|
|-heal|p1a: Corviknight|80/100|[from] item: Leftovers
|upkeep
|turn|21
|inactive|Bluetix has 120 seconds left.
|
|move|p2a: Chandelure|Fire Blast|p1a: Corviknight
|-supereffective|p1a: Corviknight
|-crit|p1a: Corviknight
|-damage|p1a: Corviknight|0 fnt
|faint|p1a: Corviknight
|
|upkeep
|
|switch|p1a: Dugtrio|Dugtrio, M|100/100
|turn|22
|
|move|p1a: Dugtrio|Earthquake|p2a: Chandelure
|-supereffective|p2a: Chandelure
|-damage|p2a: Chandelure|0 fnt
|faint|p2a: Chandelure
|
|upkeep
|
|switch|p2a: Mimikyu|Mimikyu, F|100/100
|turn|23
|
|switch|p1a: Bisharp|Bisharp, M|91/100
|move|p2a: Mimikyu|Play Rough|p1a: Bisharp
|-damage|p1a: Bisharp|33/100
|-unboost|p1a: Bisharp|atk|1
|-ability|p1a: Bisharp|Defiant
|-boost|p1a: Bisharp|atk|2
|-damage|p2a: Mimikyu|91/100|[from] item: Life Orb
|
|upkeep
|turn|24
|
|move|p1a: Bisharp|Sucker Punch|p2a: Mimikyu
|-activate|p2a: Mimikyu|ability: Disguise
|-damage|p2a: Mimikyu|91/100
|detailschange|p2a: Mimikyu|Mimikyu-Busted, F
|-damage|p2a: Mimikyu|78/100|[from] ability: Disguise|[of] p2a: Mimikyu
|-damage|p1a: Bisharp|23/100|[from] item: Life Orb
|move|p2a: Mimikyu|Play Rough|p1a: Bisharp|[miss]
|-miss|p2a: Mimikyu|p1a: Bisharp
|
|upkeep
|turn|25
|
|move|p2a: Mimikyu|Shadow Sneak|p1a: Bisharp
|-resisted|p1a: Bisharp
|-damage|p1a: Bisharp|9/100
|-damage|p2a: Mimikyu|68/100|[from] item: Life Orb
|move|p1a: Bisharp|Sucker Punch||[still]
|-fail|p1a: Bisharp
|
|upkeep
|turn|26
|
|move|p2a: Mimikyu|Shadow Sneak|p1a: Bisharp
|-resisted|p1a: Bisharp
|-damage|p1a: Bisharp|0 fnt
|-damage|p2a: Mimikyu|58/100|[from] item: Life Orb
|faint|p1a: Bisharp
|
|upkeep
|
|switch|p1a: Dugtrio|Dugtrio, M|100/100
|turn|27
|
|move|p2a: Mimikyu|Shadow Sneak|p1a: Dugtrio
|-damage|p1a: Dugtrio|41/100
|-damage|p2a: Mimikyu|48/100|[from] item: Life Orb
|move|p1a: Dugtrio|Earthquake|p2a: Mimikyu
|-damage|p2a: Mimikyu|0 fnt
|faint|p2a: Mimikyu
|
|upkeep
|
|switch|p2a: Haxorus|Haxorus, M|100/100
|-ability|p2a: Haxorus|Mold Breaker
|turn|28
|
|move|p1a: Dugtrio|Earthquake|p2a: Haxorus
|-damage|p2a: Haxorus|40/100
|move|p2a: Haxorus|Earthquake|p1a: Dugtrio
|-crit|p1a: Dugtrio
|-damage|p1a: Dugtrio|0 fnt
|faint|p1a: Dugtrio
|
|win|Skootles
|raw|Bluetix's rating: 1340 → 1322(-18 for losing)
|raw|Skootles's rating: 1375 → 1393(+18 for winning)
|l|☆Bluetix
|c|☆Skootles|gg
