|ScrapeTime|2020-01-01-04:24:53
|j|☆StixMix
|j|☆ailinisgay
|player|p1|StixMix|thorton|1029
|player|p2|ailinisgay|acetrainercouple|1000
|teamsize|p1|6
|teamsize|p2|6
|gametype|singles
|gen|8
|tier|[Gen 8] OU
|rated|
|rule|Sleep Clause Mod: Limit one foe put to sleep
|rule|Species Clause: Limit one of each Pokémon
|rule|OHKO Clause: OHKO moves are banned
|rule|Evasion Moves Clause: Evasion moves are banned
|rule|Endless Battle Clause: Forcing endless battles is banned
|rule|HP Percentage Mod: HP is shown in percentages
|clearpoke
|poke|p1|Gengar, M|
|poke|p1|Seismitoad, M|
|poke|p1|Corviknight, F|
|poke|p1|Grimmsnarl, M|
|poke|p1|Ferrothorn, M|
|poke|p1|Dragapult, M|
|poke|p2|Ribombee, F|
|poke|p2|Excadrill, M|
|poke|p2|Dracozolt|
|poke|p2|Bisharp, M|
|poke|p2|Ferrothorn, F|
|poke|p2|Vaporeon, F|
|rule|Dynamax Clause: You cannot dynamax
|teampreview
|inactive|Battle timer is ON: inactive players will automatically lose when time's up. (requested by ailinisgay)
|
|start
|switch|p1a: Seismitoad|Seismitoad, M|100/100
|switch|p2a: Ribombee|Ribombee, F|100/100
|turn|1
|
|move|p2a: Ribombee|Sticky Web|p1a: Seismitoad
|-sidestart|p1: StixMix|move: Sticky Web
|move|p1a: Seismitoad|Stealth Rock|p2a: Ribombee
|-sidestart|p2: ailinisgay|move: Stealth Rock
|
|upkeep
|turn|2
|
|move|p2a: Ribombee|U-turn|p1a: Seismitoad
|-damage|p1a: Seismitoad|87/100
|
|switch|p2a: Ferrothorn|Ferrothorn, F|100/100|[from]move: U-turn
|-damage|p2a: Ferrothorn|94/100|[from] Stealth Rock
|move|p1a: Seismitoad|Liquidation|p2a: Ferrothorn
|-resisted|p2a: Ferrothorn
|-damage|p2a: Ferrothorn|84/100
|-damage|p1a: Seismitoad|74/100|[from] ability: Iron Barbs|[of] p2a: Ferrothorn
|-damage|p1a: Seismitoad|58/100|[from] item: Rocky Helmet|[of] p2a: Ferrothorn
|
|-heal|p1a: Seismitoad|64/100|[from] item: Leftovers
|upkeep
|turn|3
|
|switch|p1a: Dragapult|Dragapult, M|100/100
|-activate|p1a: Dragapult|move: Sticky Web
|-unboost|p1a: Dragapult|spe|1
|move|p2a: Ferrothorn|Knock Off|p1a: Dragapult
|-supereffective|p1a: Dragapult
|-damage|p1a: Dragapult|46/100
|-enditem|p1a: Dragapult|Choice Specs|[from] move: Knock Off|[of] p2a: Ferrothorn
|
|upkeep
|turn|4
|
|move|p2a: Ferrothorn|Protect|p2a: Ferrothorn
|-singleturn|p2a: Ferrothorn|Protect
|move|p1a: Dragapult|Fire Blast|p2a: Ferrothorn
|-activate|p2a: Ferrothorn|move: Protect
|
|upkeep
|turn|5
|
|move|p1a: Dragapult|Fire Blast|p2a: Ferrothorn
|-supereffective|p2a: Ferrothorn
|-damage|p2a: Ferrothorn|0 fnt
|faint|p2a: Ferrothorn
|
|upkeep
|
|switch|p2a: Bisharp|Bisharp, M|100/100
|-damage|p2a: Bisharp|94/100|[from] Stealth Rock
|turn|6
|
|switch|p1a: Corviknight|Corviknight, F|100/100
|move|p2a: Bisharp|Throat Chop|p1a: Corviknight
|-damage|p1a: Corviknight|60/100
|-start|p1a: Corviknight|Throat Chop|[silent]
|-damage|p2a: Bisharp|84/100|[from] item: Life Orb
|
|-heal|p1a: Corviknight|66/100|[from] item: Leftovers
|upkeep
|turn|7
|
|move|p2a: Bisharp|Swords Dance|p2a: Bisharp
|-boost|p2a: Bisharp|atk|2
|move|p1a: Corviknight|Defog|p2a: Bisharp
|-unboost|p2a: Bisharp|evasion|1
|-ability|p2a: Bisharp|Defiant
|-boost|p2a: Bisharp|atk|2
|-sideend|p2: ailinisgay|Stealth Rock|[from] move: Defog|[of] p1a: Corviknight
|-sideend|p1: StixMix|Sticky Web|[from] move: Defog|[of] p1a: Corviknight
|
|-heal|p1a: Corviknight|73/100|[from] item: Leftovers
|-end|p1a: Corviknight|Throat Chop|[silent]
|upkeep
|turn|8
|
|move|p2a: Bisharp|Throat Chop|p1a: Corviknight
|-damage|p1a: Corviknight|0 fnt
|-damage|p2a: Bisharp|74/100|[from] item: Life Orb
|faint|p1a: Corviknight
|
|upkeep
|
|switch|p1a: Dragapult|Dragapult, M|46/100
|turn|9
|
|move|p2a: Bisharp|Sucker Punch|p1a: Dragapult
|-supereffective|p1a: Dragapult
|-damage|p1a: Dragapult|0 fnt
|-damage|p2a: Bisharp|64/100|[from] item: Life Orb
|faint|p1a: Dragapult
|
|upkeep
|
|switch|p1a: Grimmsnarl|Grimmsnarl, M|100/100
|turn|10
|
|switch|p1a: Seismitoad|Seismitoad, M|64/100
|move|p2a: Bisharp|Iron Head|p1a: Seismitoad
|-resisted|p1a: Seismitoad
|-damage|p1a: Seismitoad|0 fnt
|-damage|p2a: Bisharp|55/100|[from] item: Life Orb
|faint|p1a: Seismitoad
|
|upkeep
|
|switch|p1a: Grimmsnarl|Grimmsnarl, M|100/100
|turn|11
|
|move|p1a: Grimmsnarl|Thunder Wave|p2a: Bisharp
|-hint|Since gen 7, Dark is immune to Prankster moves.
|-immune|p2a: Bisharp
|move|p2a: Bisharp|Iron Head|p1a: Grimmsnarl
|-supereffective|p1a: Grimmsnarl
|-damage|p1a: Grimmsnarl|0 fnt
|-damage|p2a: Bisharp|45/100|[from] item: Life Orb
|faint|p1a: Grimmsnarl
|
|upkeep
|-message|StixMix forfeited.
|
|win|ailinisgay
|l|☆StixMix
|raw|StixMix's rating: 1029 → 1013(-16 for losing)
|raw|ailinisgay's rating: 1000 → 1043(+43 for winning)
