|ScrapeTime|2020-01-01-09:05:44
|j|☆uriah.urgelia1999
|j|☆YoungBol808
|player|p1|uriah.urgelia1999|265|1217
|player|p2|YoungBol808|102|1174
|teamsize|p1|6
|teamsize|p2|6
|gametype|singles
|gen|8
|tier|[Gen 8] OU
|rated|
|rule|Sleep Clause Mod: Limit one foe put to sleep
|rule|Species Clause: Limit one of each Pokémon
|rule|OHKO Clause: OHKO moves are banned
|rule|Evasion Moves Clause: Evasion moves are banned
|rule|Endless Battle Clause: Forcing endless battles is banned
|rule|HP Percentage Mod: HP is shown in percentages
|clearpoke
|poke|p1|Clefable, F|
|poke|p1|Sigilyph, M|
|poke|p1|Boltund, F|
|poke|p1|Dragapult, F|
|poke|p1|Gastrodon, M|
|poke|p1|Ferrothorn, M|
|poke|p2|Corviknight, M|
|poke|p2|Dracovish|
|poke|p2|Lucario, M|
|poke|p2|Rotom-Wash|
|poke|p2|Togekiss, M|
|poke|p2|Dragapult, M|
|rule|Dynamax Clause: You cannot dynamax
|teampreview
|inactive|Battle timer is ON: inactive players will automatically lose when time's up. (requested by YoungBol808)
|
|start
|switch|p1a: Dragapult|Dragapult, F|100/100
|switch|p2a: Rotom|Rotom-Wash|100/100
|turn|1
|
|move|p1a: Dragapult|Phantom Force||[still]
|-prepare|p1a: Dragapult|Phantom Force|p2a: Rotom
|move|p2a: Rotom|Thunder Wave|p1a: Dragapult|[miss]
|-miss|p2a: Rotom|p1a: Dragapult
|
|upkeep
|turn|2
|
|move|p1a: Dragapult|Phantom Force|p2a: Rotom|[from]lockedmove
|-crit|p2a: Rotom
|-damage|p2a: Rotom|30/100
|move|p2a: Rotom|Thunder Wave|p1a: Dragapult
|-status|p1a: Dragapult|par
|
|upkeep
|turn|3
|
|switch|p1a: Gastrodon|Gastrodon, M|100/100
|move|p2a: Rotom|Thunder Wave|p1a: Gastrodon
|-immune|p1a: Gastrodon
|
|upkeep
|turn|4
|
|switch|p2a: Corviknight|Corviknight, M|100/100
|switch|p1a: Boltund|Boltund, F|100/100
|
|upkeep
|turn|5
|
|move|p1a: Boltund|Volt Switch|p2a: Corviknight
|-supereffective|p2a: Corviknight
|-damage|p2a: Corviknight|65/100
|
|switch|p1a: Ferrothorn|Ferrothorn, M|100/100|[from]move: Volt Switch
|move|p2a: Corviknight|Brave Bird|p1a: Ferrothorn
|-damage|p1a: Ferrothorn|81/100
|-damage|p2a: Corviknight|53/100|[from] ability: Iron Barbs|[of] p1a: Ferrothorn
|-damage|p2a: Corviknight|36/100|[from] item: Rocky Helmet|[of] p1a: Ferrothorn
|-damage|p2a: Corviknight|31/100|[from] Recoil
|
|-heal|p2a: Corviknight|37/100|[from] item: Leftovers
|upkeep
|turn|6
|
|move|p2a: Corviknight|Taunt|p1a: Ferrothorn
|-start|p1a: Ferrothorn|move: Taunt
|cant|p1a: Ferrothorn|move: Taunt|Stealth Rock
|
|-heal|p2a: Corviknight|43/100|[from] item: Leftovers
|upkeep
|turn|7
|
|move|p2a: Corviknight|Roost|p2a: Corviknight
|-heal|p2a: Corviknight|93/100
|-singleturn|p2a: Corviknight|move: Roost
|move|p1a: Ferrothorn|Body Press|p2a: Corviknight
|-supereffective|p2a: Corviknight
|-damage|p2a: Corviknight|48/100
|
|-heal|p2a: Corviknight|54/100|[from] item: Leftovers
|upkeep
|turn|8
|
|move|p2a: Corviknight|Brave Bird|p1a: Ferrothorn
|-damage|p1a: Ferrothorn|59/100
|-damage|p2a: Corviknight|41/100|[from] ability: Iron Barbs|[of] p1a: Ferrothorn
|-damage|p2a: Corviknight|25/100|[from] item: Rocky Helmet|[of] p1a: Ferrothorn
|-damage|p2a: Corviknight|19/100|[from] Recoil
|move|p1a: Ferrothorn|Gyro Ball|p2a: Corviknight
|-resisted|p2a: Corviknight
|-damage|p2a: Corviknight|8/100
|
|-heal|p2a: Corviknight|15/100|[from] item: Leftovers
|-end|p1a: Ferrothorn|move: Taunt
|upkeep
|turn|9
|inactive|uriah.urgelia1999 has 120 seconds left.
|
|move|p2a: Corviknight|Taunt|p1a: Ferrothorn
|-start|p1a: Ferrothorn|move: Taunt
|cant|p1a: Ferrothorn|move: Taunt|Stealth Rock
|
|-heal|p2a: Corviknight|21/100|[from] item: Leftovers
|upkeep
|turn|10
|
|move|p2a: Corviknight|Roost|p2a: Corviknight
|-heal|p2a: Corviknight|71/100
|-singleturn|p2a: Corviknight|move: Roost
|move|p1a: Ferrothorn|Body Press|p2a: Corviknight
|-supereffective|p2a: Corviknight
|-damage|p2a: Corviknight|25/100
|
|-heal|p2a: Corviknight|31/100|[from] item: Leftovers
|upkeep
|turn|11
|
|move|p2a: Corviknight|Roost|p2a: Corviknight
|-heal|p2a: Corviknight|81/100
|-singleturn|p2a: Corviknight|move: Roost
|move|p1a: Ferrothorn|Body Press|p2a: Corviknight
|-supereffective|p2a: Corviknight
|-crit|p2a: Corviknight
|-damage|p2a: Corviknight|15/100
|
|-heal|p2a: Corviknight|21/100|[from] item: Leftovers
|-end|p1a: Ferrothorn|move: Taunt
|upkeep
|turn|12
|
|switch|p1a: Boltund|Boltund, F|100/100
|move|p2a: Corviknight|Taunt|p1a: Boltund
|-start|p1a: Boltund|move: Taunt
|
|-heal|p2a: Corviknight|27/100|[from] item: Leftovers
|upkeep
|turn|13
|
|switch|p2a: Rotom|Rotom-Wash|30/100
|move|p1a: Boltund|Volt Switch|p2a: Rotom
|-damage|p2a: Rotom|9/100
|
|switch|p1a: Gastrodon|Gastrodon, M|100/100|[from]move: Volt Switch
|
|upkeep
|turn|14
|
|move|p2a: Rotom|Trick|p1a: Gastrodon
|-activate|p2a: Rotom|move: Trick|[of] p1a: Gastrodon
|-item|p1a: Gastrodon|Choice Scarf|[from] move: Trick
|-item|p2a: Rotom|Leftovers|[from] move: Trick
|move|p1a: Gastrodon|Scald|p2a: Rotom
|-resisted|p2a: Rotom
|-damage|p2a: Rotom|0 fnt
|faint|p2a: Rotom
|
|upkeep
|inactive|YoungBol808 has 120 seconds left.
|
|switch|p2a: Corviknight|Corviknight, M|27/100
|turn|15
|
|move|p1a: Gastrodon|Scald|p2a: Corviknight
|-damage|p2a: Corviknight|8/100
|-status|p2a: Corviknight|brn
|move|p2a: Corviknight|Roost|p2a: Corviknight
|-heal|p2a: Corviknight|57/100 brn
|-singleturn|p2a: Corviknight|move: Roost
|
|-heal|p2a: Corviknight|64/100 brn|[from] item: Leftovers
|-damage|p2a: Corviknight|57/100 brn|[from] brn
|upkeep
|turn|16
|
|switch|p1a: Clefable|Clefable, F|100/100
|move|p2a: Corviknight|Roost|p2a: Corviknight
|-heal|p2a: Corviknight|100/100 brn
|-singleturn|p2a: Corviknight|move: Roost
|
|-damage|p2a: Corviknight|94/100 brn|[from] brn
|upkeep
|turn|17
|inactive|YoungBol808 has 120 seconds left.
|
|move|p1a: Clefable|Wish|p1a: Clefable
|move|p2a: Corviknight|Taunt|p1a: Clefable
|-start|p1a: Clefable|move: Taunt
|
|-heal|p2a: Corviknight|100/100 brn|[from] item: Leftovers
|-damage|p2a: Corviknight|94/100 brn|[from] brn
|upkeep
|turn|18
|inactive|YoungBol808 has 120 seconds left.
|
|switch|p1a: Ferrothorn|Ferrothorn, M|59/100
|move|p2a: Corviknight|Brave Bird|p1a: Ferrothorn
|-damage|p1a: Ferrothorn|48/100
|-damage|p2a: Corviknight|82/100 brn|[from] ability: Iron Barbs|[of] p1a: Ferrothorn
|-damage|p2a: Corviknight|65/100 brn|[from] item: Rocky Helmet|[of] p1a: Ferrothorn
|-damage|p2a: Corviknight|62/100 brn|[from] Recoil
|
|-heal|p1a: Ferrothorn|100/100|[from] move: Wish|[wisher] Clefable
|-heal|p2a: Corviknight|68/100 brn|[from] item: Leftovers
|-damage|p2a: Corviknight|62/100 brn|[from] brn
|upkeep
|turn|19
|
|switch|p1a: Boltund|Boltund, F|100/100
|move|p2a: Corviknight|Taunt|p1a: Boltund
|-start|p1a: Boltund|move: Taunt
|
|-heal|p2a: Corviknight|68/100 brn|[from] item: Leftovers
|-damage|p2a: Corviknight|62/100 brn|[from] brn
|upkeep
|turn|20
|
|move|p1a: Boltund|Fire Fang|p2a: Corviknight
|-supereffective|p2a: Corviknight
|-damage|p2a: Corviknight|27/100 brn
|move|p2a: Corviknight|Brave Bird|p1a: Boltund
|-resisted|p1a: Boltund
|-damage|p1a: Boltund|85/100
|-damage|p2a: Corviknight|24/100 brn|[from] Recoil
|
|-heal|p2a: Corviknight|30/100 brn|[from] item: Leftovers
|-damage|p2a: Corviknight|24/100 brn|[from] brn
|upkeep
|turn|21
|
|move|p1a: Boltund|Nuzzle|p2a: Corviknight
|-supereffective|p2a: Corviknight
|-damage|p2a: Corviknight|13/100 brn
|move|p2a: Corviknight|Brave Bird|p1a: Boltund
|-resisted|p1a: Boltund
|-damage|p1a: Boltund|68/100
|-damage|p2a: Corviknight|9/100 brn|[from] Recoil
|
|-heal|p2a: Corviknight|16/100 brn|[from] item: Leftovers
|-damage|p2a: Corviknight|9/100 brn|[from] brn
|-end|p1a: Boltund|move: Taunt
|upkeep
|turn|22
|
|move|p1a: Boltund|Nuzzle|p2a: Corviknight
|-supereffective|p2a: Corviknight
|-damage|p2a: Corviknight|0 fnt
|faint|p2a: Corviknight
|
|upkeep
|
|switch|p2a: Dracovish|Dracovish|100/100
|turn|23
|
|switch|p1a: Gastrodon|Gastrodon, M|100/100
|move|p2a: Dracovish|Fishious Rend|p1a: Gastrodon
|-ability|p1a: Gastrodon|Storm Drain|boost
|-boost|p1a: Gastrodon|spa|1
|
|upkeep
|turn|24
|
|switch|p2a: Togekiss|Togekiss, M, shiny|100/100
|move|p1a: Gastrodon|Scald|p2a: Togekiss
|-damage|p2a: Togekiss|64/100
|
|upkeep
|turn|25
|
|switch|p1a: Dragapult|Dragapult, F|100/100 par
|move|p2a: Togekiss|Air Slash|p1a: Dragapult
|-damage|p1a: Dragapult|55/100 par
|
|upkeep
|turn|26
|
|cant|p1a: Dragapult|par
|move|p2a: Togekiss|Dazzling Gleam|p1a: Dragapult
|-supereffective|p1a: Dragapult
|-damage|p1a: Dragapult|0 fnt
|faint|p1a: Dragapult
|
|upkeep
|
|switch|p1a: Sigilyph|Sigilyph, M|100/100
|turn|27
|inactive|YoungBol808 has 120 seconds left.
|
|move|p1a: Sigilyph|Ice Beam|p2a: Togekiss
|-supereffective|p2a: Togekiss
|-damage|p2a: Togekiss|0 fnt
|faint|p2a: Togekiss
|
|upkeep
|
|switch|p2a: Dragapult|Dragapult, M|100/100
|turn|28
|
|switch|p1a: Clefable|Clefable, F|100/100
|move|p2a: Dragapult|Shadow Ball|p1a: Clefable
|-damage|p1a: Clefable|52/100
|-damage|p2a: Dragapult|91/100|[from] item: Life Orb
|
|upkeep
|turn|29
|
|move|p2a: Dragapult|Shadow Ball|p1a: Clefable
|-damage|p1a: Clefable|10/100
|-damage|p2a: Dragapult|81/100|[from] item: Life Orb
|move|p1a: Clefable|Moonblast|p2a: Dragapult
|-supereffective|p2a: Dragapult
|-damage|p2a: Dragapult|0 fnt
|faint|p2a: Dragapult
|
|upkeep
|
|switch|p2a: Lucario|Lucario, M, shiny|100/100
|turn|30
|
|move|p2a: Lucario|Aura Sphere|p1a: Clefable
|-resisted|p1a: Clefable
|-damage|p1a: Clefable|0 fnt
|-damage|p2a: Lucario|91/100|[from] item: Life Orb
|faint|p1a: Clefable
|
|upkeep
|
|switch|p1a: Boltund|Boltund, F|68/100
|turn|31
|
|move|p2a: Lucario|Vacuum Wave|p1a: Boltund
|-damage|p1a: Boltund|18/100
|-damage|p2a: Lucario|81/100|[from] item: Life Orb
|move|p1a: Boltund|Nuzzle|p2a: Lucario
|-damage|p2a: Lucario|68/100
|-status|p2a: Lucario|par
|
|upkeep
|turn|32
|
|switch|p1a: Ferrothorn|Ferrothorn, M|100/100
|cant|p2a: Lucario|par
|
|upkeep
|turn|33
|
|move|p2a: Lucario|Aura Sphere|p1a: Ferrothorn
|-supereffective|p1a: Ferrothorn
|-damage|p1a: Ferrothorn|9/100
|-damage|p2a: Lucario|59/100 par|[from] item: Life Orb
|move|p1a: Ferrothorn|Body Press|p2a: Lucario
|-supereffective|p2a: Lucario
|-damage|p2a: Lucario|0 fnt
|faint|p2a: Lucario
|
|upkeep
|
|switch|p2a: Dracovish|Dracovish|100/100
|turn|34
|inactive|YoungBol808 has 120 seconds left.
|
|move|p2a: Dracovish|Psychic Fangs|p1a: Ferrothorn
|-resisted|p1a: Ferrothorn
|-damage|p1a: Ferrothorn|0 fnt
|-damage|p2a: Dracovish|88/100|[from] ability: Iron Barbs|[of] p1a: Ferrothorn
|-damage|p2a: Dracovish|72/100|[from] item: Rocky Helmet|[of] p1a: Ferrothorn
|faint|p1a: Ferrothorn
|
|upkeep
|
|switch|p1a: Boltund|Boltund, F|18/100
|turn|35
|
|move|p1a: Boltund|Nuzzle|p2a: Dracovish
|-damage|p2a: Dracovish|63/100
|-status|p2a: Dracovish|par
|move|p2a: Dracovish|Psychic Fangs|p1a: Boltund
|-damage|p1a: Boltund|0 fnt
|faint|p1a: Boltund
|
|upkeep
|
|switch|p1a: Gastrodon|Gastrodon, M|100/100
|turn|36
|
|move|p2a: Dracovish|Psychic Fangs|p1a: Gastrodon
|-damage|p1a: Gastrodon|59/100
|move|p1a: Gastrodon|Earth Power|p2a: Dracovish
|-damage|p2a: Dracovish|26/100 par
|-unboost|p2a: Dracovish|spd|1
|
|upkeep
|turn|37
|
|move|p2a: Dracovish|Psychic Fangs|p1a: Gastrodon
|-damage|p1a: Gastrodon|17/100
|move|p1a: Gastrodon|Earth Power|p2a: Dracovish
|-crit|p2a: Dracovish
|-damage|p2a: Dracovish|0 fnt
|faint|p2a: Dracovish
|
|win|uriah.urgelia1999
|raw|uriah.urgelia1999's rating: 1217 → 1239(+22 for winning)
|raw|YoungBol808's rating: 1174 → 1152(-22 for losing)
|l|☆YoungBol808
