|ScrapeTime|2020-01-01-06:45:28
|j|☆Phmeeeeeeeee
|j|☆cheese71
|player|p1|Phmeeeeeeeee|73|1144
|player|p2|cheese71|mars|1152
|teamsize|p1|6
|teamsize|p2|6
|gametype|singles
|gen|8
|tier|[Gen 8] OU
|rated|
|rule|Sleep Clause Mod: Limit one foe put to sleep
|rule|Species Clause: Limit one of each Pokémon
|rule|OHKO Clause: OHKO moves are banned
|rule|Evasion Moves Clause: Evasion moves are banned
|rule|Endless Battle Clause: Forcing endless battles is banned
|rule|HP Percentage Mod: HP is shown in percentages
|clearpoke
|poke|p1|Toxapex, F|
|poke|p1|Ferrothorn, F|
|poke|p1|Appletun, F|
|poke|p1|Mandibuzz, F|
|poke|p1|Excadrill, F|
|poke|p1|Hydreigon, F|
|poke|p2|Inteleon, M|
|poke|p2|Cinderace, F|
|poke|p2|Rillaboom, M|
|poke|p2|Ferrothorn, F|
|poke|p2|Dragapult, M|
|poke|p2|Grimmsnarl, M|
|rule|Dynamax Clause: You cannot dynamax
|teampreview
|inactive|Battle timer is ON: inactive players will automatically lose when time's up. (requested by cheese71)
|
|start
|switch|p1a: Mandibuzz|Mandibuzz, F|100/100
|switch|p2a: Inteleon|Inteleon, M|100/100
|turn|1
|
|move|p2a: Inteleon|Ice Beam|p1a: Mandibuzz
|-supereffective|p1a: Mandibuzz
|-damage|p1a: Mandibuzz|50/100
|move|p1a: Mandibuzz|Toxic|p2a: Inteleon
|-status|p2a: Inteleon|tox
|
|-damage|p2a: Inteleon|94/100 tox|[from] psn
|upkeep
|turn|2
|
|switch|p1a: Toxapex|Toxapex, F|100/100
|move|p2a: Inteleon|Ice Beam|p1a: Toxapex
|-resisted|p1a: Toxapex
|-damage|p1a: Toxapex|91/100
|
|-heal|p1a: Toxapex|97/100|[from] item: Black Sludge
|-damage|p2a: Inteleon|82/100 tox|[from] psn
|upkeep
|turn|3
|
|switch|p2a: Ferrothorn|Ferrothorn, F|100/100
|move|p1a: Toxapex|Toxic Spikes|p2a: Ferrothorn
|-sidestart|p2: cheese71|move: Toxic Spikes
|
|-heal|p1a: Toxapex|100/100|[from] item: Black Sludge
|upkeep
|turn|4
|
|move|p1a: Toxapex|Toxic Spikes|p2a: Ferrothorn
|-sidestart|p2: cheese71|move: Toxic Spikes
|move|p2a: Ferrothorn|Leech Seed|p1a: Toxapex
|-start|p1a: Toxapex|move: Leech Seed
|
|-damage|p1a: Toxapex|88/100|[from] Leech Seed|[of] p2a: Ferrothorn
|upkeep
|turn|5
|
|switch|p1a: Hydreigon|Hydreigon, F|100/100
|move|p2a: Ferrothorn|Stealth Rock|p1a: Hydreigon
|-sidestart|p1: Phmeeeeeeeee|move: Stealth Rock
|
|upkeep
|turn|6
|
|move|p2a: Ferrothorn|Protect|p2a: Ferrothorn
|-singleturn|p2a: Ferrothorn|Protect
|move|p1a: Hydreigon|Flamethrower|p2a: Ferrothorn
|-activate|p2a: Ferrothorn|move: Protect
|
|upkeep
|turn|7
|
|move|p1a: Hydreigon|Flamethrower|p2a: Ferrothorn
|-supereffective|p2a: Ferrothorn
|-damage|p2a: Ferrothorn|5/100
|move|p2a: Ferrothorn|Leech Seed|p1a: Hydreigon
|-start|p1a: Hydreigon|move: Leech Seed
|
|-heal|p2a: Ferrothorn|11/100|[from] item: Leftovers
|-damage|p1a: Hydreigon|88/100|[from] Leech Seed|[of] p2a: Ferrothorn
|-heal|p2a: Ferrothorn|25/100|[silent]
|upkeep
|turn|8
|
|move|p2a: Ferrothorn|Protect|p2a: Ferrothorn
|-singleturn|p2a: Ferrothorn|Protect
|move|p1a: Hydreigon|Flamethrower|p2a: Ferrothorn
|-activate|p2a: Ferrothorn|move: Protect
|
|-heal|p2a: Ferrothorn|31/100|[from] item: Leftovers
|-damage|p1a: Hydreigon|76/100|[from] Leech Seed|[of] p2a: Ferrothorn
|-heal|p2a: Ferrothorn|45/100|[silent]
|upkeep
|turn|9
|
|move|p2a: Ferrothorn|Protect|p2a: Ferrothorn
|-singleturn|p2a: Ferrothorn|Protect
|move|p1a: Hydreigon|Flamethrower|p2a: Ferrothorn
|-activate|p2a: Ferrothorn|move: Protect
|
|-heal|p2a: Ferrothorn|51/100|[from] item: Leftovers
|-damage|p1a: Hydreigon|64/100|[from] Leech Seed|[of] p2a: Ferrothorn
|-heal|p2a: Ferrothorn|65/100|[silent]
|upkeep
|turn|10
|
|switch|p2a: Cinderace|Cinderace, F|100/100
|move|p1a: Hydreigon|Flamethrower|p2a: Cinderace
|-resisted|p2a: Cinderace
|-damage|p2a: Cinderace|80/100
|
|-damage|p1a: Hydreigon|51/100|[from] Leech Seed|[of] p2a: Cinderace
|-heal|p2a: Cinderace|93/100|[silent]
|upkeep
|turn|11
|
|switch|p1a: Toxapex|Toxapex, F|100/100
|-damage|p1a: Toxapex|88/100|[from] Stealth Rock
|move|p2a: Cinderace|Pyro Ball|p1a: Toxapex
|-resisted|p1a: Toxapex
|-damage|p1a: Toxapex|65/100
|
|-heal|p1a: Toxapex|71/100|[from] item: Black Sludge
|upkeep
|turn|12
|
|move|p2a: Cinderace|U-turn|p1a: Toxapex
|-resisted|p1a: Toxapex
|-crit|p1a: Toxapex
|-damage|p1a: Toxapex|59/100
|
|switch|p2a: Ferrothorn|Ferrothorn, F|65/100|[from]move: U-turn
|move|p1a: Toxapex|Toxic|p2a: Ferrothorn
|-immune|p2a: Ferrothorn
|
|-heal|p1a: Toxapex|65/100|[from] item: Black Sludge
|-heal|p2a: Ferrothorn|71/100|[from] item: Leftovers
|upkeep
|turn|13
|
|switch|p1a: Mandibuzz|Mandibuzz, F|50/100
|move|p2a: Ferrothorn|Leech Seed|p1a: Mandibuzz
|-start|p1a: Mandibuzz|move: Leech Seed
|
|-heal|p2a: Ferrothorn|78/100|[from] item: Leftovers
|-damage|p1a: Mandibuzz|38/100|[from] Leech Seed|[of] p2a: Ferrothorn
|-heal|p2a: Ferrothorn|96/100|[silent]
|upkeep
|turn|14
|
|move|p2a: Ferrothorn|Protect|p2a: Ferrothorn
|-singleturn|p2a: Ferrothorn|Protect
|move|p1a: Mandibuzz|Roost|p1a: Mandibuzz
|-heal|p1a: Mandibuzz|88/100
|-singleturn|p1a: Mandibuzz|move: Roost
|
|-heal|p2a: Ferrothorn|100/100|[from] item: Leftovers
|-damage|p1a: Mandibuzz|76/100|[from] Leech Seed|[of] p2a: Ferrothorn
|upkeep
|turn|15
|
|move|p1a: Mandibuzz|Taunt|p2a: Ferrothorn
|-start|p2a: Ferrothorn|move: Taunt
|move|p2a: Ferrothorn|Gyro Ball|p1a: Mandibuzz
|-damage|p1a: Mandibuzz|57/100
|
|-damage|p1a: Mandibuzz|44/100|[from] Leech Seed|[of] p2a: Ferrothorn
|upkeep
|turn|16
|
|move|p1a: Mandibuzz|Roost|p1a: Mandibuzz
|-heal|p1a: Mandibuzz|94/100
|-singleturn|p1a: Mandibuzz|move: Roost
|move|p2a: Ferrothorn|Gyro Ball|p1a: Mandibuzz
|-damage|p1a: Mandibuzz|72/100
|
|-damage|p1a: Mandibuzz|60/100|[from] Leech Seed|[of] p2a: Ferrothorn
|upkeep
|turn|17
|
|move|p1a: Mandibuzz|Roost|p1a: Mandibuzz
|-heal|p1a: Mandibuzz|100/100
|-singleturn|p1a: Mandibuzz|move: Roost
|move|p2a: Ferrothorn|Gyro Ball|p1a: Mandibuzz
|-damage|p1a: Mandibuzz|79/100
|
|-damage|p1a: Mandibuzz|67/100|[from] Leech Seed|[of] p2a: Ferrothorn
|-end|p2a: Ferrothorn|move: Taunt
|upkeep
|turn|18
|
|move|p1a: Mandibuzz|Taunt|p2a: Ferrothorn
|-start|p2a: Ferrothorn|move: Taunt
|cant|p2a: Ferrothorn|move: Taunt|Stealth Rock
|
|-damage|p1a: Mandibuzz|54/100|[from] Leech Seed|[of] p2a: Ferrothorn
|upkeep
|turn|19
|
|move|p1a: Mandibuzz|Roost|p1a: Mandibuzz
|-heal|p1a: Mandibuzz|100/100
|-singleturn|p1a: Mandibuzz|move: Roost
|move|p2a: Ferrothorn|Gyro Ball|p1a: Mandibuzz
|-damage|p1a: Mandibuzz|80/100
|
|-damage|p1a: Mandibuzz|68/100|[from] Leech Seed|[of] p2a: Ferrothorn
|upkeep
|turn|20
|
|switch|p2a: Inteleon|Inteleon, M|82/100 tox
|move|p1a: Mandibuzz|Roost|p1a: Mandibuzz
|-heal|p1a: Mandibuzz|100/100
|-singleturn|p1a: Mandibuzz|move: Roost
|
|-damage|p1a: Mandibuzz|88/100|[from] Leech Seed|[of] p2a: Inteleon
|-heal|p2a: Inteleon|100/100 tox|[silent]
|-damage|p2a: Inteleon|94/100 tox|[from] psn
|upkeep
|turn|21
|
|switch|p1a: Ferrothorn|Ferrothorn, F|100/100
|-damage|p1a: Ferrothorn|94/100|[from] Stealth Rock
|move|p2a: Inteleon|Ice Beam|p1a: Ferrothorn
|-damage|p1a: Ferrothorn|70/100
|
|-heal|p1a: Ferrothorn|76/100|[from] item: Leftovers
|-damage|p2a: Inteleon|82/100 tox|[from] psn
|upkeep
|turn|22
|
|switch|p2a: Cinderace|Cinderace, F|93/100
|move|p1a: Ferrothorn|Knock Off|p2a: Cinderace
|-damage|p2a: Cinderace|61/100
|-enditem|p2a: Cinderace|Heavy-Duty Boots|[from] move: Knock Off|[of] p1a: Ferrothorn
|
|-heal|p1a: Ferrothorn|82/100|[from] item: Leftovers
|upkeep
|turn|23
|
|switch|p1a: Toxapex|Toxapex, F|98/100
|-damage|p1a: Toxapex|86/100|[from] Stealth Rock
|move|p2a: Cinderace|Pyro Ball|p1a: Toxapex
|-resisted|p1a: Toxapex
|-damage|p1a: Toxapex|62/100
|
|-heal|p1a: Toxapex|68/100|[from] item: Black Sludge
|upkeep
|turn|24
|
|move|p2a: Cinderace|Pyro Ball|p1a: Toxapex
|-resisted|p1a: Toxapex
|-damage|p1a: Toxapex|45/100
|move|p1a: Toxapex|Scald|p2a: Cinderace
|-supereffective|p2a: Cinderace
|-damage|p2a: Cinderace|12/100
|
|-heal|p1a: Toxapex|51/100|[from] item: Black Sludge
|upkeep
|turn|25
|
|move|p2a: Cinderace|Pyro Ball|p1a: Toxapex
|-resisted|p1a: Toxapex
|-crit|p1a: Toxapex
|-damage|p1a: Toxapex|1/100
|move|p1a: Toxapex|Recover|p1a: Toxapex
|-heal|p1a: Toxapex|51/100
|
|-heal|p1a: Toxapex|57/100|[from] item: Black Sludge
|upkeep
|turn|26
|
|move|p2a: Cinderace|Pyro Ball|p1a: Toxapex
|-resisted|p1a: Toxapex
|-damage|p1a: Toxapex|22/100
|move|p1a: Toxapex|Recover|p1a: Toxapex
|-heal|p1a: Toxapex|72/100
|
|-heal|p1a: Toxapex|78/100|[from] item: Black Sludge
|upkeep
|turn|27
|
|move|p2a: Cinderace|Pyro Ball|p1a: Toxapex
|-resisted|p1a: Toxapex
|-damage|p1a: Toxapex|46/100
|move|p1a: Toxapex|Recover|p1a: Toxapex
|-heal|p1a: Toxapex|96/100
|
|-heal|p1a: Toxapex|100/100|[from] item: Black Sludge
|upkeep
|turn|28
|
|move|p2a: Cinderace|U-turn|p1a: Toxapex
|-resisted|p1a: Toxapex
|-damage|p1a: Toxapex|92/100
|
|switch|p2a: Ferrothorn|Ferrothorn, F|100/100|[from]move: U-turn
|move|p1a: Toxapex|Scald|p2a: Ferrothorn
|-resisted|p2a: Ferrothorn
|-damage|p2a: Ferrothorn|94/100
|
|-heal|p1a: Toxapex|98/100|[from] item: Black Sludge
|-heal|p2a: Ferrothorn|99/100|[from] item: Leftovers
|upkeep
|turn|29
|
|switch|p1a: Mandibuzz|Mandibuzz, F|88/100
|move|p2a: Ferrothorn|Leech Seed|p1a: Mandibuzz
|-start|p1a: Mandibuzz|move: Leech Seed
|
|-heal|p2a: Ferrothorn|100/100|[from] item: Leftovers
|-damage|p1a: Mandibuzz|76/100|[from] Leech Seed|[of] p2a: Ferrothorn
|upkeep
|turn|30
|
|move|p2a: Ferrothorn|Protect|p2a: Ferrothorn
|-singleturn|p2a: Ferrothorn|Protect
|move|p1a: Mandibuzz|Taunt|p2a: Ferrothorn
|-activate|p2a: Ferrothorn|move: Protect
|
|-damage|p1a: Mandibuzz|64/100|[from] Leech Seed|[of] p2a: Ferrothorn
|upkeep
|turn|31
|
|move|p1a: Mandibuzz|Roost|p1a: Mandibuzz
|-heal|p1a: Mandibuzz|100/100
|-singleturn|p1a: Mandibuzz|move: Roost
|move|p2a: Ferrothorn|Stealth Rock||[still]
|-fail|p2a: Ferrothorn
|
|-damage|p1a: Mandibuzz|88/100|[from] Leech Seed|[of] p2a: Ferrothorn
|upkeep
|turn|32
|
|move|p1a: Mandibuzz|Taunt|p2a: Ferrothorn
|-start|p2a: Ferrothorn|move: Taunt
|cant|p2a: Ferrothorn|move: Taunt|Stealth Rock
|
|-damage|p1a: Mandibuzz|76/100|[from] Leech Seed|[of] p2a: Ferrothorn
|upkeep
|turn|33
|
|switch|p1a: Hydreigon|Hydreigon, F|51/100
|-damage|p1a: Hydreigon|39/100|[from] Stealth Rock
|switch|p2a: Inteleon|Inteleon, M|82/100 tox
|
|-damage|p2a: Inteleon|76/100 tox|[from] psn
|upkeep
|turn|34
|
|switch|p1a: Toxapex|Toxapex, F|100/100
|-damage|p1a: Toxapex|88/100|[from] Stealth Rock
|move|p2a: Inteleon|Ice Beam|p1a: Toxapex
|-resisted|p1a: Toxapex
|-damage|p1a: Toxapex|79/100
|
|-heal|p1a: Toxapex|85/100|[from] item: Black Sludge
|-damage|p2a: Inteleon|64/100 tox|[from] psn
|upkeep
|turn|35
|
|switch|p2a: Ferrothorn|Ferrothorn, F|100/100
|move|p1a: Toxapex|Scald|p2a: Ferrothorn
|-resisted|p2a: Ferrothorn
|-damage|p2a: Ferrothorn|94/100
|
|-heal|p1a: Toxapex|92/100|[from] item: Black Sludge
|-heal|p2a: Ferrothorn|99/100|[from] item: Leftovers
|upkeep
|turn|36
|
|move|p1a: Toxapex|Scald|p2a: Ferrothorn
|-resisted|p2a: Ferrothorn
|-damage|p2a: Ferrothorn|94/100
|move|p2a: Ferrothorn|Leech Seed|p1a: Toxapex
|-start|p1a: Toxapex|move: Leech Seed
|
|-heal|p1a: Toxapex|98/100|[from] item: Black Sludge
|-heal|p2a: Ferrothorn|99/100|[from] item: Leftovers
|-damage|p1a: Toxapex|85/100|[from] Leech Seed|[of] p2a: Ferrothorn
|-heal|p2a: Ferrothorn|100/100|[silent]
|upkeep
|turn|37
|
|switch|p2a: Inteleon|Inteleon, M|64/100 tox
|move|p1a: Toxapex|Scald|p2a: Inteleon
|-resisted|p2a: Inteleon
|-damage|p2a: Inteleon|49/100 tox
|
|-heal|p1a: Toxapex|92/100|[from] item: Black Sludge
|-damage|p1a: Toxapex|79/100|[from] Leech Seed|[of] p2a: Inteleon
|-heal|p2a: Inteleon|63/100 tox|[silent]
|-damage|p2a: Inteleon|57/100 tox|[from] psn
|upkeep
|turn|38
|
|switch|p1a: Mandibuzz|Mandibuzz, F|76/100
|move|p2a: Inteleon|Scald|p1a: Mandibuzz
|-damage|p1a: Mandibuzz|40/100
|
|-damage|p2a: Inteleon|45/100 tox|[from] psn
|upkeep
|turn|39
|
|switch|p1a: Toxapex|Toxapex, F|100/100
|-damage|p1a: Toxapex|88/100|[from] Stealth Rock
|move|p2a: Inteleon|Ice Beam|p1a: Toxapex
|-resisted|p1a: Toxapex
|-damage|p1a: Toxapex|78/100
|
|-heal|p1a: Toxapex|85/100|[from] item: Black Sludge
|-damage|p2a: Inteleon|26/100 tox|[from] psn
|upkeep
|turn|40
|
|switch|p2a: Ferrothorn|Ferrothorn, F|100/100
|move|p1a: Toxapex|Scald|p2a: Ferrothorn
|-resisted|p2a: Ferrothorn
|-damage|p2a: Ferrothorn|94/100
|
|-heal|p1a: Toxapex|91/100|[from] item: Black Sludge
|-heal|p2a: Ferrothorn|99/100|[from] item: Leftovers
|upkeep
|turn|41
|
|switch|p1a: Appletun|Appletun, F|100/100
|-damage|p1a: Appletun|88/100|[from] Stealth Rock
|move|p2a: Ferrothorn|Leech Seed|p1a: Appletun
|-immune|p1a: Appletun
|
|-heal|p1a: Appletun|94/100|[from] item: Leftovers
|-heal|p2a: Ferrothorn|100/100|[from] item: Leftovers
|upkeep
|turn|42
|
|move|p1a: Appletun|Gyro Ball|p2a: Ferrothorn
|-resisted|p2a: Ferrothorn
|-damage|p2a: Ferrothorn|99/100
|-damage|p1a: Appletun|82/100|[from] ability: Iron Barbs|[of] p2a: Ferrothorn
|move|p2a: Ferrothorn|Stealth Rock||[still]
|-fail|p2a: Ferrothorn
|
|-heal|p1a: Appletun|88/100|[from] item: Leftovers
|-heal|p2a: Ferrothorn|100/100|[from] item: Leftovers
|upkeep
|turn|43
|
|move|p1a: Appletun|Curse|p1a: Appletun
|-unboost|p1a: Appletun|spe|1
|-boost|p1a: Appletun|atk|1
|-boost|p1a: Appletun|def|1
|move|p2a: Ferrothorn|Stealth Rock||[still]
|-fail|p2a: Ferrothorn
|
|-heal|p1a: Appletun|94/100|[from] item: Leftovers
|upkeep
|turn|44
|
|switch|p2a: Inteleon|Inteleon, M|26/100 tox
|move|p1a: Appletun|Seed Bomb|p2a: Inteleon
|-supereffective|p2a: Inteleon
|-damage|p2a: Inteleon|0 fnt
|faint|p2a: Inteleon
|
|-heal|p1a: Appletun|99/100|[from] item: Leftovers
|upkeep
|
|switch|p2a: Cinderace|Cinderace, F|12/100
|-status|p2a: Cinderace|tox
|turn|45
|
|switch|p1a: Toxapex|Toxapex, F|100/100
|-damage|p1a: Toxapex|88/100|[from] Stealth Rock
|move|p2a: Cinderace|Pyro Ball|p1a: Toxapex
|-resisted|p1a: Toxapex
|-damage|p1a: Toxapex|56/100
|
|-heal|p1a: Toxapex|63/100|[from] item: Black Sludge
|-damage|p2a: Cinderace|6/100 tox|[from] psn
|upkeep
|turn|46
|
|move|p2a: Cinderace|Pyro Ball|p1a: Toxapex
|-resisted|p1a: Toxapex
|-damage|p1a: Toxapex|28/100
|move|p1a: Toxapex|Recover|p1a: Toxapex
|-heal|p1a: Toxapex|78/100
|
|-heal|p1a: Toxapex|84/100|[from] item: Black Sludge
|-damage|p2a: Cinderace|0 fnt|[from] psn
|faint|p2a: Cinderace
|upkeep
|
|switch|p2a: Rillaboom|Rillaboom, M|100/100
|-status|p2a: Rillaboom|tox
|turn|47
|
|switch|p1a: Excadrill|Excadrill, F|100/100
|-damage|p1a: Excadrill|97/100|[from] Stealth Rock
|-ability|p1a: Excadrill|Mold Breaker
|move|p2a: Rillaboom|Knock Off|p1a: Excadrill
|-damage|p1a: Excadrill|49/100
|-enditem|p1a: Excadrill|Leftovers|[from] move: Knock Off|[of] p2a: Rillaboom
|
|-damage|p2a: Rillaboom|94/100 tox|[from] psn
|upkeep
|turn|48
|
|move|p1a: Excadrill|Rapid Spin|p2a: Rillaboom
|-damage|p2a: Rillaboom|79/100 tox
|-sideend|p1: Phmeeeeeeeee|Stealth Rock|[from] move: Rapid Spin|[of] p1a: Excadrill
|-boost|p1a: Excadrill|spe|1
|move|p2a: Rillaboom|Drum Beating|p1a: Excadrill
|-damage|p1a: Excadrill|0 fnt
|faint|p1a: Excadrill
|
|-heal|p2a: Rillaboom|85/100 tox|[from] item: Leftovers
|-damage|p2a: Rillaboom|73/100 tox|[from] psn
|upkeep
|
|switch|p1a: Mandibuzz|Mandibuzz, F|40/100
|turn|49
|
|move|p2a: Rillaboom|Drum Beating|p1a: Mandibuzz
|-resisted|p1a: Mandibuzz
|-damage|p1a: Mandibuzz|27/100
|-unboost|p1a: Mandibuzz|spe|1
|move|p1a: Mandibuzz|Roost|p1a: Mandibuzz
|-heal|p1a: Mandibuzz|78/100
|-singleturn|p1a: Mandibuzz|move: Roost
|
|-heal|p2a: Rillaboom|79/100 tox|[from] item: Leftovers
|-damage|p2a: Rillaboom|60/100 tox|[from] psn
|upkeep
|turn|50
|
|switch|p1a: Hydreigon|Hydreigon, F|39/100
|move|p2a: Rillaboom|U-turn|p1a: Hydreigon
|-supereffective|p1a: Hydreigon
|-damage|p1a: Hydreigon|0 fnt
|faint|p1a: Hydreigon
|
|switch|p2a: Ferrothorn|Ferrothorn, F|100/100|[from]move: U-turn
|
|upkeep
|
|switch|p1a: Appletun|Appletun, F|99/100
|turn|51
|
|move|p1a: Appletun|Curse|p1a: Appletun
|-unboost|p1a: Appletun|spe|1
|-boost|p1a: Appletun|atk|1
|-boost|p1a: Appletun|def|1
|move|p2a: Ferrothorn|Stealth Rock|p1a: Appletun
|-sidestart|p1: Phmeeeeeeeee|move: Stealth Rock
|
|-heal|p1a: Appletun|100/100|[from] item: Leftovers
|upkeep
|turn|52
|
|move|p2a: Ferrothorn|Stealth Rock||[still]
|-fail|p2a: Ferrothorn
|move|p1a: Appletun|Curse|p1a: Appletun
|-unboost|p1a: Appletun|spe|1
|-boost|p1a: Appletun|atk|1
|-boost|p1a: Appletun|def|1
|
|upkeep
|turn|53
|
|move|p2a: Ferrothorn|Stealth Rock||[still]
|-fail|p2a: Ferrothorn
|move|p1a: Appletun|Gyro Ball|p2a: Ferrothorn
|-resisted|p2a: Ferrothorn
|-damage|p2a: Ferrothorn|94/100
|-damage|p1a: Appletun|88/100|[from] ability: Iron Barbs|[of] p2a: Ferrothorn
|
|-heal|p2a: Ferrothorn|100/100|[from] item: Leftovers
|-heal|p1a: Appletun|94/100|[from] item: Leftovers
|upkeep
|turn|54
|
|switch|p2a: Rillaboom|Rillaboom, M|60/100 tox
|move|p1a: Appletun|Gyro Ball|p2a: Rillaboom
|-damage|p2a: Rillaboom|0 fnt
|faint|p2a: Rillaboom
|
|-heal|p1a: Appletun|99/100|[from] item: Leftovers
|upkeep
|
|switch|p2a: Dragapult|Dragapult, M|100/100
|-status|p2a: Dragapult|tox
|turn|55
|
|switch|p1a: Toxapex|Toxapex, F|100/100
|-damage|p1a: Toxapex|88/100|[from] Stealth Rock
|move|p2a: Dragapult|Thunderbolt|p1a: Toxapex
|-supereffective|p1a: Toxapex
|-damage|p1a: Toxapex|41/100
|
|-heal|p1a: Toxapex|47/100|[from] item: Black Sludge
|-damage|p2a: Dragapult|95/100 tox|[from] psn
|upkeep
|turn|56
|
|switch|p1a: Appletun|Appletun, F|99/100
|-damage|p1a: Appletun|88/100|[from] Stealth Rock
|move|p2a: Dragapult|Thunderbolt|p1a: Appletun
|-resisted|p1a: Appletun
|-damage|p1a: Appletun|79/100
|
|-heal|p1a: Appletun|85/100|[from] item: Leftovers
|-damage|p2a: Dragapult|83/100 tox|[from] psn
|upkeep
|turn|57
|
|switch|p2a: Grimmsnarl|Grimmsnarl, M|100/100
|-status|p2a: Grimmsnarl|tox
|-item|p1a: Appletun|Leftovers|[from] ability: Frisk|[of] p2a: Grimmsnarl|[identify]
|move|p1a: Appletun|Recover|p1a: Appletun
|-heal|p1a: Appletun|100/100
|
|-damage|p2a: Grimmsnarl|94/100 tox|[from] psn
|upkeep
|turn|58
|
|switch|p1a: Ferrothorn|Ferrothorn, F|82/100
|-damage|p1a: Ferrothorn|76/100|[from] Stealth Rock
|move|p2a: Grimmsnarl|Drain Punch|p1a: Ferrothorn
|-supereffective|p1a: Ferrothorn
|-damage|p1a: Ferrothorn|34/100
|-heal|p2a: Grimmsnarl|100/100 tox|[from] drain|[of] p1a: Ferrothorn
|-damage|p2a: Grimmsnarl|88/100 tox|[from] ability: Iron Barbs|[of] p1a: Ferrothorn
|-damage|p2a: Grimmsnarl|78/100 tox|[from] item: Life Orb
|
|-heal|p1a: Ferrothorn|40/100|[from] item: Leftovers
|-damage|p2a: Grimmsnarl|66/100 tox|[from] psn
|upkeep
|turn|59
|
|switch|p1a: Toxapex|Toxapex, F|80/100
|-damage|p1a: Toxapex|68/100|[from] Stealth Rock
|move|p2a: Grimmsnarl|Spirit Break|p1a: Toxapex
|-resisted|p1a: Toxapex
|-damage|p1a: Toxapex|46/100
|-unboost|p1a: Toxapex|spa|1
|-damage|p2a: Grimmsnarl|56/100 tox|[from] item: Life Orb
|
|-heal|p1a: Toxapex|52/100|[from] item: Black Sludge
|-damage|p2a: Grimmsnarl|38/100 tox|[from] psn
|upkeep
|turn|60
|
|switch|p2a: Ferrothorn|Ferrothorn, F|100/100
|move|p1a: Toxapex|Recover|p1a: Toxapex
|-heal|p1a: Toxapex|100/100
|
|upkeep
|turn|61
|
|switch|p1a: Ferrothorn|Ferrothorn, F|40/100
|-damage|p1a: Ferrothorn|34/100|[from] Stealth Rock
|switch|p2a: Dragapult|Dragapult, M|83/100 tox
|
|-heal|p1a: Ferrothorn|40/100|[from] item: Leftovers
|-damage|p2a: Dragapult|77/100 tox|[from] psn
|upkeep
|turn|62
|
|switch|p1a: Toxapex|Toxapex, F|100/100
|-damage|p1a: Toxapex|88/100|[from] Stealth Rock
|move|p2a: Dragapult|Draco Meteor|p1a: Toxapex
|-damage|p1a: Toxapex|32/100
|-unboost|p2a: Dragapult|spa|2
|
|-heal|p1a: Toxapex|39/100|[from] item: Black Sludge
|-damage|p2a: Dragapult|65/100 tox|[from] psn
|upkeep
|turn|63
|
|move|p2a: Dragapult|Draco Meteor|p1a: Toxapex
|-damage|p1a: Toxapex|12/100
|-unboost|p2a: Dragapult|spa|2
|move|p1a: Toxapex|Recover|p1a: Toxapex
|-heal|p1a: Toxapex|62/100
|
|-heal|p1a: Toxapex|68/100|[from] item: Black Sludge
|-damage|p2a: Dragapult|47/100 tox|[from] psn
|upkeep
|turn|64
|
|switch|p2a: Ferrothorn|Ferrothorn, F|100/100
|switch|p1a: Ferrothorn|Ferrothorn, F|40/100
|-damage|p1a: Ferrothorn|34/100|[from] Stealth Rock
|
|-heal|p1a: Ferrothorn|40/100|[from] item: Leftovers
|upkeep
|turn|65
|
|move|p2a: Ferrothorn|Protect|p2a: Ferrothorn
|-singleturn|p2a: Ferrothorn|Protect
|move|p1a: Ferrothorn|Stealth Rock|p2a: Ferrothorn
|-sidestart|p2: cheese71|move: Stealth Rock
|
|-heal|p1a: Ferrothorn|46/100|[from] item: Leftovers
|upkeep
|turn|66
|
|move|p1a: Ferrothorn|Knock Off|p2a: Ferrothorn
|-damage|p2a: Ferrothorn|84/100
|-damage|p1a: Ferrothorn|34/100|[from] ability: Iron Barbs|[of] p2a: Ferrothorn
|-enditem|p2a: Ferrothorn|Leftovers|[from] move: Knock Off|[of] p1a: Ferrothorn
|move|p2a: Ferrothorn|Leech Seed|p1a: Ferrothorn
|-immune|p1a: Ferrothorn
|
|-heal|p1a: Ferrothorn|40/100|[from] item: Leftovers
|upkeep
|turn|67
|
|move|p2a: Ferrothorn|Protect|p2a: Ferrothorn
|-singleturn|p2a: Ferrothorn|Protect
|move|p1a: Ferrothorn|Leech Seed|p2a: Ferrothorn
|-activate|p2a: Ferrothorn|move: Protect
|
|-heal|p1a: Ferrothorn|46/100|[from] item: Leftovers
|upkeep
|turn|68
|
|move|p1a: Ferrothorn|Leech Seed|p2a: Ferrothorn
|-immune|p2a: Ferrothorn
|move|p2a: Ferrothorn|Stealth Rock||[still]
|-fail|p2a: Ferrothorn
|
|-heal|p1a: Ferrothorn|52/100|[from] item: Leftovers
|upkeep
|turn|69
|
|move|p1a: Ferrothorn|Stealth Rock||[still]
|-fail|p1a: Ferrothorn
|move|p2a: Ferrothorn|Stealth Rock||[still]
|-fail|p2a: Ferrothorn
|
|-heal|p1a: Ferrothorn|59/100|[from] item: Leftovers
|upkeep
|turn|70
|
|move|p1a: Ferrothorn|Stealth Rock||[still]
|-fail|p1a: Ferrothorn
|move|p2a: Ferrothorn|Stealth Rock||[still]
|-fail|p2a: Ferrothorn
|
|-heal|p1a: Ferrothorn|65/100|[from] item: Leftovers
|upkeep
|turn|71
|
|switch|p2a: Dragapult|Dragapult, M|47/100 tox
|-damage|p2a: Dragapult|34/100 tox|[from] Stealth Rock
|move|p1a: Ferrothorn|Knock Off|p2a: Dragapult
|-supereffective|p2a: Dragapult
|-damage|p2a: Dragapult|0 fnt
|-enditem|p2a: Dragapult|Choice Specs|[from] move: Knock Off|[of] p1a: Ferrothorn
|faint|p2a: Dragapult
|
|-heal|p1a: Ferrothorn|71/100|[from] item: Leftovers
|upkeep
|-message|cheese71 forfeited.
|
|win|Phmeeeeeeeee
|raw|Phmeeeeeeeee's rating: 1144 → 1169(+25 for winning)
|raw|cheese71's rating: 1152 → 1126(-26 for losing)
|l|☆cheese71
