|ScrapeTime|2020-01-01-09:35:43
|j|☆uriah.urgelia1999
|j|☆JohnWick_416
|player|p1|uriah.urgelia1999|265|1337
|player|p2|JohnWick_416|giovanni|1332
|teamsize|p1|6
|teamsize|p2|6
|gametype|singles
|gen|8
|tier|[Gen 8] OU
|rated|
|rule|Sleep Clause Mod: Limit one foe put to sleep
|rule|Species Clause: Limit one of each Pokémon
|rule|OHKO Clause: OHKO moves are banned
|rule|Evasion Moves Clause: Evasion moves are banned
|rule|Endless Battle Clause: Forcing endless battles is banned
|rule|HP Percentage Mod: HP is shown in percentages
|clearpoke
|poke|p1|Clefable, F|
|poke|p1|Sigilyph, F|
|poke|p1|Boltund, M|
|poke|p1|Dragapult, F|
|poke|p1|Gastrodon, F|
|poke|p1|Ferrothorn, M|
|poke|p2|Rillaboom, F|
|poke|p2|Dubwool, F|
|poke|p2|Dragapult, M|
|poke|p2|Grimmsnarl, M|
|poke|p2|Seismitoad, M|
|poke|p2|Cinderace, F|
|rule|Dynamax Clause: You cannot dynamax
|teampreview
|inactive|Battle timer is ON: inactive players will automatically lose when time's up. (requested by JohnWick_416)
|
|start
|switch|p1a: Boltund|Boltund, M|100/100
|switch|p2a: Dragapult|Dragapult, M|100/100
|turn|1
|
|switch|p1a: Clefable|Clefable, F|100/100
|move|p2a: Dragapult|Draco Meteor|p1a: Clefable
|-immune|p1a: Clefable
|
|upkeep
|turn|2
|
|switch|p2a: Cinderace|Cinderace, F|100/100
|move|p1a: Clefable|Moonblast|p2a: Cinderace
|-resisted|p2a: Cinderace
|-damage|p2a: Cinderace|59/100
|
|upkeep
|turn|3
|
|switch|p1a: Dragapult|Dragapult, F|100/100
|move|p2a: Cinderace|Pyro Ball|p1a: Dragapult
|-resisted|p1a: Dragapult
|-damage|p1a: Dragapult|64/100
|
|upkeep
|turn|4
|
|switch|p2a: Grimmsnarl|Grimmsnarl, M|100/100
|move|p1a: Dragapult|Dragon Darts|p2a: Grimmsnarl
|-immune|p2a: Grimmsnarl
|
|upkeep
|turn|5
|
|switch|p1a: Clefable|Clefable, F|100/100
|switch|p2a: Rillaboom|Rillaboom, F|100/100
|
|upkeep
|turn|6
|
|move|p2a: Rillaboom|Leech Seed|p1a: Clefable
|-start|p1a: Clefable|move: Leech Seed
|move|p1a: Clefable|Flamethrower|p2a: Rillaboom
|-supereffective|p2a: Rillaboom
|-damage|p2a: Rillaboom|22/100
|-status|p2a: Rillaboom|brn
|
|-heal|p2a: Rillaboom|28/100 brn|[from] item: Leftovers
|-damage|p2a: Rillaboom|22/100 brn|[from] brn
|upkeep
|turn|7
|
|switch|p2a: Cinderace|Cinderace, F|59/100
|move|p1a: Clefable|Wish|p1a: Clefable
|
|upkeep
|turn|8
|
|switch|p1a: Dragapult|Dragapult, F|64/100
|move|p2a: Cinderace|U-turn|p1a: Dragapult
|-resisted|p1a: Dragapult
|-damage|p1a: Dragapult|48/100
|
|switch|p2a: Grimmsnarl|Grimmsnarl, M|100/100|[from]move: U-turn
|
|-heal|p1a: Dragapult|100/100|[from] move: Wish|[wisher] Clefable
|upkeep
|turn|9
|
|switch|p1a: Boltund|Boltund, M|100/100
|move|p2a: Grimmsnarl|Bulk Up|p2a: Grimmsnarl
|-boost|p2a: Grimmsnarl|atk|1
|-boost|p2a: Grimmsnarl|def|1
|
|upkeep
|turn|10
|
|move|p2a: Grimmsnarl|Sucker Punch|p1a: Boltund
|-damage|p1a: Boltund|0 fnt
|-damage|p2a: Grimmsnarl|91/100|[from] item: Life Orb
|faint|p1a: Boltund
|
|upkeep
|
|switch|p1a: Clefable|Clefable, F|100/100
|turn|11
|
|switch|p2a: Seismitoad|Seismitoad, M|100/100
|move|p1a: Clefable|Thunderbolt|p2a: Seismitoad
|-immune|p2a: Seismitoad
|
|upkeep
|turn|12
|
|switch|p1a: Gastrodon|Gastrodon, F|100/100
|move|p2a: Seismitoad|Stealth Rock|p1a: Gastrodon
|-sidestart|p1: uriah.urgelia1999|move: Stealth Rock
|
|upkeep
|turn|13
|
|move|p2a: Seismitoad|Toxic|p1a: Gastrodon
|-status|p1a: Gastrodon|tox
|move|p1a: Gastrodon|Earth Power|p2a: Seismitoad
|-damage|p2a: Seismitoad|68/100
|
|-heal|p2a: Seismitoad|74/100|[from] item: Leftovers
|-damage|p1a: Gastrodon|94/100 tox|[from] psn
|upkeep
|turn|14
|
|switch|p1a: Ferrothorn|Ferrothorn, M|100/100
|-damage|p1a: Ferrothorn|94/100|[from] Stealth Rock
|move|p2a: Seismitoad|Protect||[still]
|-fail|p2a: Seismitoad
|
|-heal|p2a: Seismitoad|80/100|[from] item: Leftovers
|upkeep
|turn|15
|
|switch|p2a: Rillaboom|Rillaboom, F|22/100 brn
|move|p1a: Ferrothorn|Stealth Rock|p2a: Rillaboom
|-sidestart|p2: JohnWick_416|move: Stealth Rock
|
|-heal|p2a: Rillaboom|28/100 brn|[from] item: Leftovers
|-damage|p2a: Rillaboom|22/100 brn|[from] brn
|upkeep
|turn|16
|
|switch|p2a: Dragapult|Dragapult, M|100/100
|-damage|p2a: Dragapult|88/100|[from] Stealth Rock
|move|p1a: Ferrothorn|Gyro Ball|p2a: Dragapult
|-damage|p2a: Dragapult|27/100
|
|upkeep
|turn|17
|
|move|p2a: Dragapult|U-turn|p1a: Ferrothorn
|-damage|p1a: Ferrothorn|85/100
|-damage|p2a: Dragapult|14/100|[from] ability: Iron Barbs|[of] p1a: Ferrothorn
|-damage|p2a: Dragapult|0 fnt|[from] item: Rocky Helmet|[of] p1a: Ferrothorn
|faint|p2a: Dragapult
|move|p1a: Ferrothorn|Gyro Ball|p2: Dragapult|[notarget]
|-fail|p1a: Ferrothorn
|
|upkeep
|
|switch|p2a: Cinderace|Cinderace, F|59/100
|turn|18
|
|move|p2a: Cinderace|Pyro Ball|p1a: Ferrothorn
|-supereffective|p1a: Ferrothorn
|-damage|p1a: Ferrothorn|0 fnt
|faint|p1a: Ferrothorn
|
|upkeep
|
|switch|p1a: Dragapult|Dragapult, F|100/100
|-damage|p1a: Dragapult|88/100|[from] Stealth Rock
|turn|19
|
|move|p1a: Dragapult|U-turn|p2a: Cinderace
|-resisted|p2a: Cinderace
|-damage|p2a: Cinderace|41/100
|
|switch|p1a: Gastrodon|Gastrodon, F|94/100 tox|[from]move: U-turn
|-damage|p1a: Gastrodon|88/100 tox|[from] Stealth Rock
|move|p2a: Cinderace|Taunt|p1a: Gastrodon
|-start|p1a: Gastrodon|move: Taunt
|
|-heal|p1a: Gastrodon|94/100 tox|[from] item: Leftovers
|-damage|p1a: Gastrodon|88/100 tox|[from] psn
|upkeep
|turn|20
|
|move|p2a: Cinderace|U-turn|p1a: Gastrodon
|-damage|p1a: Gastrodon|66/100 tox
|
|switch|p2a: Seismitoad|Seismitoad, M|80/100|[from]move: U-turn
|-damage|p2a: Seismitoad|74/100|[from] Stealth Rock
|move|p1a: Gastrodon|Scald|p2a: Seismitoad
|-heal|p2a: Seismitoad|99/100|[from] ability: Water Absorb|[of] p1a: Gastrodon
|
|-heal|p2a: Seismitoad|100/100|[from] item: Leftovers
|-heal|p1a: Gastrodon|72/100 tox|[from] item: Leftovers
|-damage|p1a: Gastrodon|59/100 tox|[from] psn
|upkeep
|turn|21
|
|move|p2a: Seismitoad|Protect|p2a: Seismitoad
|-singleturn|p2a: Seismitoad|Protect
|move|p1a: Gastrodon|Earth Power|p2a: Seismitoad
|-activate|p2a: Seismitoad|move: Protect
|
|-heal|p1a: Gastrodon|66/100 tox|[from] item: Leftovers
|-damage|p1a: Gastrodon|47/100 tox|[from] psn
|-end|p1a: Gastrodon|move: Taunt
|upkeep
|turn|22
|
|move|p2a: Seismitoad|Earth Power|p1a: Gastrodon
|-damage|p1a: Gastrodon|30/100 tox
|move|p1a: Gastrodon|Earth Power|p2a: Seismitoad
|-damage|p2a: Seismitoad|68/100
|
|-heal|p2a: Seismitoad|74/100|[from] item: Leftovers
|-heal|p1a: Gastrodon|36/100 tox|[from] item: Leftovers
|-damage|p1a: Gastrodon|12/100 tox|[from] psn
|upkeep
|turn|23
|
|move|p2a: Seismitoad|Protect|p2a: Seismitoad
|-singleturn|p2a: Seismitoad|Protect
|move|p1a: Gastrodon|Recover|p1a: Gastrodon
|-heal|p1a: Gastrodon|62/100 tox
|
|-heal|p2a: Seismitoad|80/100|[from] item: Leftovers
|-heal|p1a: Gastrodon|68/100 tox|[from] item: Leftovers
|-damage|p1a: Gastrodon|37/100 tox|[from] psn
|upkeep
|turn|24
|
|switch|p1a: Sigilyph|Sigilyph, F|100/100
|move|p2a: Seismitoad|Earth Power|p1a: Sigilyph
|-immune|p1a: Sigilyph
|
|-heal|p2a: Seismitoad|86/100|[from] item: Leftovers
|upkeep
|turn|25
|
|switch|p2a: Rillaboom|Rillaboom, F|22/100 brn
|-damage|p2a: Rillaboom|10/100 brn|[from] Stealth Rock
|move|p1a: Sigilyph|Ice Beam|p2a: Rillaboom
|-supereffective|p2a: Rillaboom
|-damage|p2a: Rillaboom|0 fnt
|faint|p2a: Rillaboom
|
|upkeep
|
|switch|p2a: Grimmsnarl|Grimmsnarl, M|91/100
|-damage|p2a: Grimmsnarl|78/100|[from] Stealth Rock
|turn|26
|c|☆JohnWick_416|!dt sigilyph
|raw|UU  Sigilyph  Wonder SkinMagic GuardTinted LensHP72 Atk58 Def80 SpA103 SpD80 Spe97 BST490 
|raw|Dex#: 561 |&ThickSpaceGen: 5 |&ThickSpaceHeight: 1.4 m |&ThickSpaceWeight: 14 kg (40 BP) |&ThickSpaceDex Colour: Black |&ThickSpaceEgg Group(s): Flying |&ThickSpaceDoes Not Evolve

|c|☆uriah.urgelia1999|the threat
|
|switch|p1a: Clefable|Clefable, F|100/100
|move|p2a: Grimmsnarl|Sucker Punch||[still]
|-fail|p2a: Grimmsnarl
|
|upkeep
|turn|27
|
|switch|p2a: Cinderace|Cinderace, F|41/100
|move|p1a: Clefable|Wish|p1a: Clefable
|
|upkeep
|turn|28
|
|move|p2a: Cinderace|U-turn|p1a: Clefable
|-resisted|p1a: Clefable
|-damage|p1a: Clefable|86/100
|
|switch|p2a: Dubwool|Dubwool, F|100/100|[from]move: U-turn
|-damage|p2a: Dubwool|88/100|[from] Stealth Rock
|move|p1a: Clefable|Thunderbolt|p2a: Dubwool
|-damage|p2a: Dubwool|48/100
|
|-heal|p1a: Clefable|100/100|[from] move: Wish|[wisher] Clefable
|-heal|p2a: Dubwool|54/100|[from] item: Leftovers
|upkeep
|turn|29
|
|move|p2a: Dubwool|Cotton Guard|p2a: Dubwool
|-boost|p2a: Dubwool|def|3
|move|p1a: Clefable|Moonblast|p2a: Dubwool
|-damage|p2a: Dubwool|0 fnt
|faint|p2a: Dubwool
|
|upkeep
|
|switch|p2a: Seismitoad|Seismitoad, M|86/100
|-damage|p2a: Seismitoad|80/100|[from] Stealth Rock
|turn|30
|-message|JohnWick_416 forfeited.
|
|win|uriah.urgelia1999
|l|☆JohnWick_416
|raw|uriah.urgelia1999's rating: 1337 → 1357(+20 for winning)
|raw|JohnWick_416's rating: 1332 → 1312(-20 for losing)
