|ScrapeTime|2020-01-01-15:06:24
|j|☆Stanefix
|j|☆CptFlash69
|player|p1|Stanefix|102|1526
|player|p2|CptFlash69|skyla|1432
|teamsize|p1|6
|teamsize|p2|6
|gametype|singles
|gen|8
|tier|[Gen 8] OU
|rated|
|rule|Sleep Clause Mod: Limit one foe put to sleep
|rule|Species Clause: Limit one of each Pokémon
|rule|OHKO Clause: OHKO moves are banned
|rule|Evasion Moves Clause: Evasion moves are banned
|rule|Endless Battle Clause: Forcing endless battles is banned
|rule|HP Percentage Mod: HP is shown in percentages
|clearpoke
|poke|p1|Gyarados, M|
|poke|p1|Aegislash, M|
|poke|p1|Excadrill, M|
|poke|p1|Barraskewda, M|
|poke|p1|Dragapult, F|
|poke|p1|Polteageist|
|poke|p2|Bewear, F|
|poke|p2|Sylveon, M|
|poke|p2|Corviknight, F|
|poke|p2|Dragapult, M|
|poke|p2|Seismitoad, M|
|poke|p2|Sirfetch'd, F|
|rule|Dynamax Clause: You cannot dynamax
|teampreview
|
|start
|switch|p1a: Excadrill|Excadrill, M|100/100
|switch|p2a: Sirfetch'd|Sirfetch'd, F|100/100
|-ability|p1a: Excadrill|Mold Breaker
|turn|1
|
|move|p1a: Excadrill|Stealth Rock|p2a: Sirfetch'd
|-sidestart|p2: CptFlash69|move: Stealth Rock
|move|p2a: Sirfetch'd|Close Combat|p1a: Excadrill
|-supereffective|p1a: Excadrill
|-enditem|p1a: Excadrill|Focus Sash
|-damage|p1a: Excadrill|1/100
|-unboost|p2a: Sirfetch'd|def|1
|-unboost|p2a: Sirfetch'd|spd|1
|
|upkeep
|turn|2
|
|switch|p2a: Corviknight|Corviknight, F|100/100
|-ability|p2a: Corviknight|Pressure
|move|p1a: Excadrill|Earthquake|p2a: Corviknight
|-immune|p2a: Corviknight
|
|upkeep
|turn|3
|
|switch|p1a: Polteageist|Polteageist|100/100
|move|p2a: Corviknight|Defog|p1a: Polteageist
|-unboost|p1a: Polteageist|evasion|1
|-sideend|p2: CptFlash69|Stealth Rock|[from] move: Defog|[of] p2a: Corviknight
|
|upkeep
|turn|4
|
|move|p1a: Polteageist|Shell Smash|p1a: Polteageist
|-unboost|p1a: Polteageist|def|1
|-unboost|p1a: Polteageist|spd|1
|-boost|p1a: Polteageist|atk|2
|-boost|p1a: Polteageist|spa|2
|-boost|p1a: Polteageist|spe|2
|move|p2a: Corviknight|Brave Bird|p1a: Polteageist
|-damage|p1a: Polteageist|5/100
|-ability|p1a: Polteageist|Weak Armor|boost
|-unboost|p1a: Polteageist|def|1
|-boost|p1a: Polteageist|spe|2
|-damage|p2a: Corviknight|80/100|[from] Recoil
|
|upkeep
|turn|5
|
|switch|p2a: Sylveon|Sylveon, M|100/100
|move|p1a: Polteageist|Shadow Ball|p2a: Sylveon
|-damage|p2a: Sylveon|43/100
|
|-heal|p2a: Sylveon|49/100|[from] item: Leftovers
|upkeep
|turn|6
|
|move|p2a: Sylveon|Protect|p2a: Sylveon
|-singleturn|p2a: Sylveon|Protect
|move|p1a: Polteageist|Shadow Ball|p2a: Sylveon
|-activate|p2a: Sylveon|move: Protect
|
|-heal|p2a: Sylveon|55/100|[from] item: Leftovers
|upkeep
|turn|7
|
|move|p1a: Polteageist|Stored Power|p2a: Sylveon
|-crit|p2a: Sylveon
|-damage|p2a: Sylveon|0 fnt
|faint|p2a: Sylveon
|
|upkeep
|
|switch|p2a: Sirfetch'd|Sirfetch'd, F|100/100
|turn|8
|
|move|p2a: Sirfetch'd|First Impression|p1a: Polteageist
|-resisted|p1a: Polteageist
|-damage|p1a: Polteageist|0 fnt
|faint|p1a: Polteageist
|
|upkeep
|
|switch|p1a: Gyarados|Gyarados, M|100/100
|turn|9
|
|switch|p2a: Dragapult|Dragapult, M|100/100
|move|p1a: Gyarados|Dragon Dance|p1a: Gyarados
|-boost|p1a: Gyarados|atk|1
|-boost|p1a: Gyarados|spe|1
|
|upkeep
|turn|10
|
|move|p1a: Gyarados|Bounce||[still]
|-prepare|p1a: Gyarados|Bounce|p2a: Dragapult
|move|p2a: Dragapult|Draco Meteor|p1a: Gyarados|[miss]
|-miss|p2a: Dragapult|p1a: Gyarados
|
|upkeep
|turn|11
|
|switch|p2a: Seismitoad|Seismitoad, M|100/100
|move|p1a: Gyarados|Bounce|p2a: Seismitoad|[from]lockedmove
|-damage|p2a: Seismitoad|58/100
|
|-heal|p2a: Seismitoad|64/100|[from] item: Leftovers
|upkeep
|turn|12
|
|move|p1a: Gyarados|Power Whip|p2a: Seismitoad
|-supereffective|p2a: Seismitoad
|-damage|p2a: Seismitoad|0 fnt
|faint|p2a: Seismitoad
|-ability|p1a: Gyarados|Moxie|boost
|-boost|p1a: Gyarados|atk|1
|
|upkeep
|
|switch|p2a: Sasha|Bewear, F|100/100
|turn|13
|
|move|p1a: Gyarados|Bounce||[still]
|-prepare|p1a: Gyarados|Bounce|p2a: Sasha
|move|p2a: Sasha|Bulk Up|p2a: Sasha
|-boost|p2a: Sasha|atk|1
|-boost|p2a: Sasha|def|1
|
|upkeep
|turn|14
|
|move|p1a: Gyarados|Bounce|p2a: Sasha|[from]lockedmove
|-supereffective|p2a: Sasha
|-damage|p2a: Sasha|65/100
|move|p2a: Sasha|Bulk Up|p2a: Sasha
|-boost|p2a: Sasha|atk|1
|-boost|p2a: Sasha|def|1
|
|-heal|p2a: Sasha|71/100|[from] item: Leftovers
|upkeep
|turn|15
|
|move|p1a: Gyarados|Dragon Dance|p1a: Gyarados
|-boost|p1a: Gyarados|atk|1
|-boost|p1a: Gyarados|spe|1
|move|p2a: Sasha|Substitute|p2a: Sasha
|-start|p2a: Sasha|Substitute
|-damage|p2a: Sasha|46/100
|
|-heal|p2a: Sasha|52/100|[from] item: Leftovers
|upkeep
|turn|16
|
|move|p1a: Gyarados|Bounce||[still]
|-prepare|p1a: Gyarados|Bounce|p2a: Sasha
|move|p2a: Sasha|Darkest Lariat|p1a: Gyarados|[miss]
|-miss|p2a: Sasha|p1a: Gyarados
|
|-heal|p2a: Sasha|59/100|[from] item: Leftovers
|upkeep
|turn|17
|
|move|p1a: Gyarados|Bounce|p2a: Sasha|[from]lockedmove
|-supereffective|p2a: Sasha
|-end|p2a: Sasha|Substitute
|move|p2a: Sasha|Drain Punch|p1a: Gyarados
|-resisted|p1a: Gyarados
|-damage|p1a: Gyarados|61/100
|-heal|p2a: Sasha|73/100|[from] drain|[of] p1a: Gyarados
|
|-heal|p2a: Sasha|79/100|[from] item: Leftovers
|upkeep
|turn|18
|
|move|p1a: Gyarados|Bounce||[still]
|-prepare|p1a: Gyarados|Bounce|p2a: Sasha
|move|p2a: Sasha|Substitute|p2a: Sasha
|-start|p2a: Sasha|Substitute
|-damage|p2a: Sasha|54/100
|
|-heal|p2a: Sasha|61/100|[from] item: Leftovers
|upkeep
|turn|19
|
|move|p1a: Gyarados|Bounce|p2a: Sasha|[from]lockedmove|[miss]
|-miss|p1a: Gyarados|p2a: Sasha
|move|p2a: Sasha|Darkest Lariat|p1a: Gyarados
|-damage|p1a: Gyarados|6/100
|
|-heal|p2a: Sasha|67/100|[from] item: Leftovers
|upkeep
|turn|20
|
|move|p1a: Gyarados|Waterfall|p2a: Sasha
|-activate|p2a: Sasha|move: Substitute|[damage]
|move|p2a: Sasha|Bulk Up|p2a: Sasha
|-boost|p2a: Sasha|atk|1
|-boost|p2a: Sasha|def|1
|
|-heal|p2a: Sasha|73/100|[from] item: Leftovers
|upkeep
|turn|21
|
|move|p1a: Gyarados|Waterfall|p2a: Sasha
|-end|p2a: Sasha|Substitute
|move|p2a: Sasha|Substitute|p2a: Sasha
|-start|p2a: Sasha|Substitute
|-damage|p2a: Sasha|48/100
|
|-heal|p2a: Sasha|54/100|[from] item: Leftovers
|upkeep
|turn|22
|j| Squash17
|
|move|p1a: Gyarados|Bounce||[still]
|-prepare|p1a: Gyarados|Bounce|p2a: Sasha
|move|p2a: Sasha|Drain Punch|p1a: Gyarados|[miss]
|-miss|p2a: Sasha|p1a: Gyarados
|
|-heal|p2a: Sasha|60/100|[from] item: Leftovers
|upkeep
|turn|23
|
|move|p1a: Gyarados|Bounce|p2a: Sasha|[from]lockedmove
|-supereffective|p2a: Sasha
|-end|p2a: Sasha|Substitute
|move|p2a: Sasha|Drain Punch|p1a: Gyarados
|-resisted|p1a: Gyarados
|-damage|p1a: Gyarados|0 fnt
|-heal|p2a: Sasha|62/100|[from] drain|[of] p1a: Gyarados
|faint|p1a: Gyarados
|
|-heal|p2a: Sasha|69/100|[from] item: Leftovers
|upkeep
|
|switch|p1a: Dragapult|Dragapult, F|100/100
|turn|24
|
|move|p1a: Dragapult|Substitute|p1a: Dragapult
|-start|p1a: Dragapult|Substitute
|-damage|p1a: Dragapult|76/100
|move|p2a: Sasha|Darkest Lariat|p1a: Dragapult
|-supereffective|p1a: Dragapult
|-end|p1a: Dragapult|Substitute
|
|-heal|p2a: Sasha|75/100|[from] item: Leftovers
|upkeep
|turn|25
|
|move|p1a: Dragapult|Dragon Darts|p2a: Sasha
|-damage|p2a: Sasha|66/100
|-damage|p2a: Sasha|58/100
|-hitcount|p2a: Sasha|2
|move|p2a: Sasha|Darkest Lariat|p1a: Dragapult
|-supereffective|p1a: Dragapult
|-damage|p1a: Dragapult|0 fnt
|faint|p1a: Dragapult
|
|-heal|p2a: Sasha|64/100|[from] item: Leftovers
|upkeep
|
|switch|p1a: Barraskewda|Barraskewda, M|100/100
|turn|26
|
|move|p1a: Barraskewda|Close Combat|p2a: Sasha
|-supereffective|p2a: Sasha
|-damage|p2a: Sasha|50/100
|-unboost|p1a: Barraskewda|def|1
|-unboost|p1a: Barraskewda|spd|1
|-damage|p1a: Barraskewda|91/100|[from] item: Life Orb
|move|p2a: Sasha|Drain Punch|p1a: Barraskewda
|-damage|p1a: Barraskewda|0 fnt
|-heal|p2a: Sasha|77/100|[from] drain|[of] p1a: Barraskewda
|faint|p1a: Barraskewda
|
|-heal|p2a: Sasha|83/100|[from] item: Leftovers
|upkeep
|-message|Stanefix forfeited.
|
|win|CptFlash69
|l|☆Stanefix
|raw|Stanefix's rating: 1527 → 1501(-26 for losing)
|raw|CptFlash69's rating: 1433 → 1458(+25 for winning)
