|ScrapeTime|2020-01-02-14:14:50
|j|☆Geralt the Rivera
|j|☆Samuser1
|player|p1|Geralt the Rivera|bruno|1442
|player|p2|Samuser1|161|1369
|teamsize|p1|6
|teamsize|p2|6
|gametype|singles
|gen|8
|tier|[Gen 8] OU
|rated|
|rule|Sleep Clause Mod: Limit one foe put to sleep
|rule|Species Clause: Limit one of each Pokémon
|rule|OHKO Clause: OHKO moves are banned
|rule|Evasion Moves Clause: Evasion moves are banned
|rule|Endless Battle Clause: Forcing endless battles is banned
|rule|HP Percentage Mod: HP is shown in percentages
|clearpoke
|poke|p1|Rotom-Heat|
|poke|p1|Cinderace, F|
|poke|p1|Dugtrio, M|
|poke|p1|Ferrothorn, F|
|poke|p1|Lucario, M|
|poke|p1|Sylveon, M|
|poke|p2|Torkoal, M|
|poke|p2|Cinderace, F|
|poke|p2|Cloyster, F|
|poke|p2|Whimsicott, M|
|poke|p2|Espeon, F|
|poke|p2|Shiftry, M|
|rule|Dynamax Clause: You cannot dynamax
|teampreview
|inactive|Battle timer is ON: inactive players will automatically lose when time's up. (requested by Samuser1)
|
|start
|switch|p1a: Dugtrio|Dugtrio, M|100/100
|switch|p2a: Torkoal|Torkoal, M|100/100
|-weather|SunnyDay|[from] ability: Drought|[of] p2a: Torkoal
|turn|1
|
|move|p1a: Dugtrio|Earthquake|p2a: Torkoal
|-supereffective|p2a: Torkoal
|-damage|p2a: Torkoal|48/100
|move|p2a: Torkoal|Lava Plume|p1a: Dugtrio
|-damage|p1a: Dugtrio|19/100
|-status|p1a: Dugtrio|brn
|
|-weather|SunnyDay|[upkeep]
|-damage|p1a: Dugtrio|13/100 brn|[from] brn
|upkeep
|turn|2
|
|move|p1a: Dugtrio|Earthquake|p2a: Torkoal
|-supereffective|p2a: Torkoal
|-damage|p2a: Torkoal|24/100
|move|p2a: Torkoal|Stealth Rock|p1a: Dugtrio
|-sidestart|p1: Geralt the Rivera|move: Stealth Rock
|
|-weather|SunnyDay|[upkeep]
|-damage|p1a: Dugtrio|7/100 brn|[from] brn
|upkeep
|turn|3
|
|move|p1a: Dugtrio|Earthquake|p2a: Torkoal
|-supereffective|p2a: Torkoal
|-damage|p2a: Torkoal|0 fnt
|faint|p2a: Torkoal
|
|-weather|SunnyDay|[upkeep]
|-damage|p1a: Dugtrio|1/100 brn|[from] brn
|upkeep
|
|switch|p2a: Shiftry|Shiftry, M|100/100
|turn|4
|
|move|p2a: Shiftry|Growth|p2a: Shiftry
|-boost|p2a: Shiftry|atk|2
|-boost|p2a: Shiftry|spa|2
|move|p1a: Dugtrio|Reversal|p2a: Shiftry
|-supereffective|p2a: Shiftry
|-damage|p2a: Shiftry|0 fnt
|faint|p2a: Shiftry
|
|-weather|SunnyDay|[upkeep]
|-damage|p1a: Dugtrio|0 fnt|[from] brn
|faint|p1a: Dugtrio
|upkeep
|
|switch|p1a: Cinderace|Cinderace, F|100/100
|switch|p2a: Espeon|Espeon, F|100/100
|turn|5
|
|move|p1a: Cinderace|Pyro Ball|p2a: Espeon
|-damage|p2a: Espeon|0 fnt
|faint|p2a: Espeon
|
|-weather|SunnyDay|[upkeep]
|upkeep
|
|switch|p2a: Whimsicott|Whimsicott, M|100/100
|turn|6
|
|move|p2a: Whimsicott|Memento|p1a: Cinderace
|-unboost|p1a: Cinderace|atk|2
|-unboost|p1a: Cinderace|spa|2
|faint|p2a: Whimsicott
|move|p1a: Cinderace|Court Change|p1a: Cinderace
|-sideend|p1: Geralt the Rivera|Stealth Rock|[silent]
|-sidestart|p2: Samuser1|Stealth Rock|[silent]
|-activate|p1a: Cinderace|move: Court Change
|
|-weather|SunnyDay|[upkeep]
|upkeep
|
|switch|p2a: Cloyster|Cloyster, F|100/100
|-damage|p2a: Cloyster|76/100|[from] Stealth Rock
|turn|7
|
|move|p1a: Cinderace|Pyro Ball|p2a: Cloyster
|-damage|p2a: Cloyster|37/100
|move|p2a: Cloyster|Shell Smash|p2a: Cloyster
|-unboost|p2a: Cloyster|def|1
|-unboost|p2a: Cloyster|spd|1
|-boost|p2a: Cloyster|atk|2
|-boost|p2a: Cloyster|spa|2
|-boost|p2a: Cloyster|spe|2
|
|-weather|SunnyDay|[upkeep]
|upkeep
|turn|8
|
|move|p1a: Cinderace|Sucker Punch|p2a: Cloyster
|-damage|p2a: Cloyster|22/100
|move|p2a: Cloyster|Rock Blast|p1a: Cinderace
|-supereffective|p1a: Cinderace
|-damage|p1a: Cinderace|59/100
|-supereffective|p1a: Cinderace
|-damage|p1a: Cinderace|13/100
|-supereffective|p1a: Cinderace
|-damage|p1a: Cinderace|0 fnt
|-hitcount|p1a: Cinderace|3
|faint|p1a: Cinderace
|
|-weather|none
|upkeep
|
|switch|p1a: Lucario|Lucario, M|100/100
|turn|9
|
|move|p1a: Lucario|Bullet Punch|p2a: Cloyster
|-damage|p2a: Cloyster|0 fnt
|-damage|p1a: Lucario|91/100|[from] item: Life Orb
|faint|p2a: Cloyster
|
|upkeep
|
|switch|p2a: Cinderace|Cinderace, F|100/100
|turn|10
|
|move|p2a: Cinderace|Pyro Ball|p1a: Lucario
|-supereffective|p1a: Lucario
|-damage|p1a: Lucario|0 fnt
|faint|p1a: Lucario
|
|upkeep
|
|switch|p1a: Rotom|Rotom-Heat|100/100
|turn|11
|
|move|p2a: Cinderace|Pyro Ball|p1a: Rotom
|-resisted|p1a: Rotom
|-damage|p1a: Rotom|63/100
|move|p1a: Rotom|Nasty Plot|p1a: Rotom
|-boost|p1a: Rotom|spa|2
|
|upkeep
|turn|12
|
|move|p2a: Cinderace|Pyro Ball|p1a: Rotom
|-resisted|p1a: Rotom
|-damage|p1a: Rotom|25/100
|move|p1a: Rotom|Overheat|p2a: Cinderace|[miss]
|-miss|p1a: Rotom|p2a: Cinderace
|
|upkeep
|turn|13
|
|move|p2a: Cinderace|Sucker Punch||[still]
|-fail|p2a: Cinderace
|move|p1a: Rotom|Rest|p1a: Rotom
|-status|p1a: Rotom|slp|[from] move: Rest
|-heal|p1a: Rotom|100/100 slp|[silent]
|-enditem|p1a: Rotom|Chesto Berry|[eat]
|-curestatus|p1a: Rotom|slp|[msg]
|
|upkeep
|turn|14
|
|move|p2a: Cinderace|Pyro Ball|p1a: Rotom
|-resisted|p1a: Rotom
|-damage|p1a: Rotom|61/100
|move|p1a: Rotom|Overheat|p2a: Cinderace
|-resisted|p2a: Cinderace
|-damage|p2a: Cinderace|19/100
|-unboost|p1a: Rotom|spa|2
|
|upkeep
|turn|15
|c|☆Samuser1|Il dumb gg
|c|☆Samuser1|Im
|
|move|p2a: Cinderace|Pyro Ball|p1a: Rotom
|-resisted|p1a: Rotom
|-damage|p1a: Rotom|2/100
|move|p1a: Rotom|Volt Switch|p2a: Cinderace
|-damage|p2a: Cinderace|0 fnt
|faint|p2a: Cinderace
|
|win|Geralt the Rivera
|l|☆Samuser1
|raw|Geralt the Rivera's rating: 1442 → 1459(+17 for winning)
|raw|Samuser1's rating: 1389 → 1372(-17 for losing)
