|ScrapeTime|2020-01-02-02:26:55
|j|☆4G3NC Benita Lord
|j|☆SHSP
|player|p1|4G3NC Benita Lord|1|1427
|player|p2|SHSP|grimsley-gen7|1428
|teamsize|p1|6
|teamsize|p2|6
|gametype|singles
|gen|8
|tier|[Gen 8] OU
|rated|
|rule|Sleep Clause Mod: Limit one foe put to sleep
|rule|Species Clause: Limit one of each Pokémon
|rule|OHKO Clause: OHKO moves are banned
|rule|Evasion Moves Clause: Evasion moves are banned
|rule|Endless Battle Clause: Forcing endless battles is banned
|rule|HP Percentage Mod: HP is shown in percentages
|clearpoke
|poke|p1|Corviknight, M|
|poke|p1|Dugtrio, M|
|poke|p1|Snorlax, M|
|poke|p1|Toxapex, F|
|poke|p1|Ferrothorn, F|
|poke|p1|Clefable, M|
|poke|p2|Obstagoon, F|
|poke|p2|Rotom-Heat|
|poke|p2|Dragapult, M|
|poke|p2|Seismitoad, F|
|poke|p2|Corviknight, M|
|poke|p2|Clefable, M|
|rule|Dynamax Clause: You cannot dynamax
|teampreview
|inactive|Battle timer is ON: inactive players will automatically lose when time's up. (requested by SHSP)
|
|start
|switch|p1a: Corviknight|Corviknight, M|100/100
|switch|p2a: Corviknight|Corviknight, M|100/100
|-ability|p1a: Corviknight|Pressure
|-ability|p2a: Corviknight|Pressure
|turn|1
|
|move|p1a: Corviknight|U-turn|p2a: Corviknight
|-resisted|p2a: Corviknight
|-damage|p2a: Corviknight|98/100
|
|switch|p1a: Toxapex|Toxapex, F|100/100|[from]move: U-turn
|move|p2a: Corviknight|U-turn|p1a: Toxapex
|-resisted|p1a: Toxapex
|-damage|p1a: Toxapex|96/100
|
|switch|p2a: Obstagoon|Obstagoon, F|100/100|[from]move: U-turn
|
|-heal|p1a: Toxapex|100/100|[from] item: Black Sludge
|-status|p2a: Obstagoon|brn|[from] item: Flame Orb
|upkeep
|turn|2
|
|switch|p1a: Corviknight|Corviknight, M|100/100
|-ability|p1a: Corviknight|Pressure
|move|p2a: Obstagoon|Knock Off|p1a: Corviknight
|-damage|p1a: Corviknight|56/100
|-enditem|p1a: Corviknight|Leftovers|[from] move: Knock Off|[of] p2a: Obstagoon
|
|-damage|p2a: Obstagoon|94/100 brn|[from] brn
|upkeep
|turn|3
|
|move|p2a: Obstagoon|Knock Off|p1a: Corviknight
|-damage|p1a: Corviknight|23/100
|move|p1a: Corviknight|Roost|p1a: Corviknight
|-heal|p1a: Corviknight|73/100
|-singleturn|p1a: Corviknight|move: Roost
|
|-damage|p2a: Obstagoon|88/100 brn|[from] brn
|upkeep
|turn|4
|
|move|p2a: Obstagoon|Switcheroo|p1a: Corviknight
|-activate|p2a: Obstagoon|move: Trick|[of] p1a: Corviknight
|-item|p1a: Corviknight|Flame Orb|[from] move: Switcheroo
|-enditem|p2a: Obstagoon|Flame Orb|[silent]|[from] move: Switcheroo
|move|p1a: Corviknight|Roost|p1a: Corviknight
|-heal|p1a: Corviknight|100/100
|-singleturn|p1a: Corviknight|move: Roost
|
|-damage|p2a: Obstagoon|82/100 brn|[from] brn
|-status|p1a: Corviknight|brn|[from] item: Flame Orb
|upkeep
|turn|5
|
|switch|p2a: Rotom|Rotom-Heat|100/100
|move|p1a: Corviknight|U-turn|p2a: Rotom
|-resisted|p2a: Rotom
|-crit|p2a: Rotom
|-damage|p2a: Rotom|95/100
|
|switch|p1a: Toxapex|Toxapex, F|100/100|[from]move: U-turn
|
|upkeep
|turn|6
|
|move|p2a: Rotom|Nasty Plot|p2a: Rotom
|-boost|p2a: Rotom|spa|2
|move|p1a: Toxapex|Toxic|p2a: Rotom
|-status|p2a: Rotom|tox
|
|-damage|p2a: Rotom|89/100 tox|[from] psn
|upkeep
|turn|7
|
|switch|p1a: Dugtrio|Dugtrio, M, shiny|100/100
|move|p2a: Rotom|Will-O-Wisp|p1a: Dugtrio
|-status|p1a: Dugtrio|brn
|
|-damage|p1a: Dugtrio|94/100 brn|[from] brn
|-damage|p2a: Rotom|77/100 tox|[from] psn
|upkeep
|turn|8
|
|switch|p2a: Corviknight|Corviknight, M|98/100
|-ability|p2a: Corviknight|Pressure
|move|p1a: Dugtrio|Stone Edge|p2a: Corviknight
|-damage|p2a: Corviknight|87/100
|
|-heal|p2a: Corviknight|93/100|[from] item: Leftovers
|-damage|p1a: Dugtrio|88/100 brn|[from] brn
|upkeep
|turn|9
|
|switch|p1a: Toxapex|Toxapex, F|100/100
|move|p2a: Corviknight|U-turn|p1a: Toxapex
|-resisted|p1a: Toxapex
|-damage|p1a: Toxapex|96/100
|
|switch|p2a: Obstagoon|Obstagoon, F|82/100 brn|[from]move: U-turn
|
|-heal|p1a: Toxapex|100/100|[from] item: Black Sludge
|-damage|p2a: Obstagoon|76/100 brn|[from] brn
|upkeep
|turn|10
|
|switch|p1a: Corviknight|Corviknight, M|100/100 brn
|-ability|p1a: Corviknight|Pressure
|move|p2a: Obstagoon|Knock Off|p1a: Corviknight
|-damage|p1a: Corviknight|51/100 brn
|-enditem|p1a: Corviknight|Flame Orb|[from] move: Knock Off|[of] p2a: Obstagoon
|
|-damage|p2a: Obstagoon|70/100 brn|[from] brn
|-damage|p1a: Corviknight|44/100 brn|[from] brn
|upkeep
|turn|11
|
|move|p2a: Obstagoon|Close Combat|p1a: Corviknight
|-damage|p1a: Corviknight|8/100 brn
|-unboost|p2a: Obstagoon|def|1
|-unboost|p2a: Obstagoon|spd|1
|move|p1a: Corviknight|Roost|p1a: Corviknight
|-heal|p1a: Corviknight|57/100 brn
|-singleturn|p1a: Corviknight|move: Roost
|
|-damage|p2a: Obstagoon|64/100 brn|[from] brn
|-damage|p1a: Corviknight|51/100 brn|[from] brn
|upkeep
|turn|12
|
|switch|p2a: Dragapult|Dragapult, M|100/100
|move|p1a: Corviknight|Roost|p1a: Corviknight
|-heal|p1a: Corviknight|100/100 brn
|-singleturn|p1a: Corviknight|move: Roost
|
|-damage|p1a: Corviknight|94/100 brn|[from] brn
|upkeep
|turn|13
|
|switch|p1a: Snorlax|Snorlax, M, shiny|100/100
|move|p2a: Dragapult|Shadow Ball|p1a: Snorlax
|-immune|p1a: Snorlax
|
|upkeep
|turn|14
|
|switch|p2a: Corviknight|Corviknight, M|93/100
|-ability|p2a: Corviknight|Pressure
|move|p1a: Snorlax|Body Slam|p2a: Corviknight
|-resisted|p2a: Corviknight
|-damage|p2a: Corviknight|83/100
|
|-heal|p2a: Corviknight|89/100|[from] item: Leftovers
|upkeep
|turn|15
|
|move|p2a: Corviknight|U-turn|p1a: Snorlax
|-damage|p1a: Snorlax|87/100
|
|switch|p2a: Obstagoon|Obstagoon, F|64/100 brn|[from]move: U-turn
|move|p1a: Snorlax|Body Slam|p2a: Obstagoon
|-damage|p2a: Obstagoon|31/100 brn
|
|-heal|p1a: Snorlax|93/100|[from] item: Leftovers
|-damage|p2a: Obstagoon|25/100 brn|[from] brn
|upkeep
|turn|16
|
|switch|p1a: Corviknight|Corviknight, M|94/100 brn
|-ability|p1a: Corviknight|Pressure
|move|p2a: Obstagoon|Knock Off|p1a: Corviknight
|-damage|p1a: Corviknight|64/100 brn
|
|-damage|p2a: Obstagoon|19/100 brn|[from] brn
|-damage|p1a: Corviknight|58/100 brn|[from] brn
|upkeep
|turn|17
|-message|SHSP forfeited.
|
|win|4G3NC Benita Lord
|l|☆SHSP
|raw|4G3NC Benita Lord's rating: 1447 → 1466(+19 for winning)
|raw|SHSP's rating: 1428 → 1409(-19 for losing)
