|ScrapeTime|2020-01-02-03:25:29
|j|☆wachi loco
|j|☆RandomTeamBTW
|player|p1|wachi loco|lucas|1000
|player|p2|RandomTeamBTW|265|1000
|teamsize|p1|6
|teamsize|p2|6
|gametype|singles
|gen|8
|tier|[Gen 8] OU
|rated|
|rule|Sleep Clause Mod: Limit one foe put to sleep
|rule|Species Clause: Limit one of each Pokémon
|rule|OHKO Clause: OHKO moves are banned
|rule|Evasion Moves Clause: Evasion moves are banned
|rule|Endless Battle Clause: Forcing endless battles is banned
|rule|HP Percentage Mod: HP is shown in percentages
|clearpoke
|poke|p1|Rhyperior, M|
|poke|p1|Hitmonlee, M|
|poke|p1|Espeon, F|
|poke|p1|Haxorus, M|
|poke|p1|Gengar, F|
|poke|p1|Corviknight, M|
|poke|p2|Golisopod, M|
|poke|p2|Weavile, F|
|poke|p2|Dusknoir, F|
|poke|p2|Stunfisk-Galar, F|
|poke|p2|Drednaw, F|
|poke|p2|Meowstic, M|
|rule|Dynamax Clause: You cannot dynamax
|teampreview
|c|☆RandomTeamBTW|team made by a generator
|c|☆RandomTeamBTW|xD
|
|start
|switch|p1a: Gengar|Gengar, F|100/100
|switch|p2a: Meowstic|Meowstic, M|100/100
|turn|1
|
|move|p1a: Gengar|Shadow Ball|p2a: Meowstic
|-supereffective|p2a: Meowstic
|-damage|p2a: Meowstic|9/100
|move|p2a: Meowstic|Light Screen|p2a: Meowstic
|-sidestart|p2: RandomTeamBTW|move: Light Screen
|
|upkeep
|turn|2
|
|move|p1a: Gengar|Shadow Ball|p2a: Meowstic
|-supereffective|p2a: Meowstic
|-damage|p2a: Meowstic|0 fnt
|faint|p2a: Meowstic
|
|upkeep
|
|switch|p2a: Dusknoir|Dusknoir, F|100/100
|-ability|p2a: Dusknoir|Pressure
|turn|3
|
|switch|p1a: Corviknight|Corviknight, M|100/100
|-ability|p1a: Corviknight|Pressure
|move|p2a: Dusknoir|Trick Room|p2a: Dusknoir
|-fieldstart|move: Trick Room|[of] p2a: Dusknoir
|
|upkeep
|turn|4
|
|move|p2a: Dusknoir|Ice Punch|p1a: Corviknight
|-damage|p1a: Corviknight|81/100
|move|p1a: Corviknight|Taunt|p2a: Dusknoir
|-start|p2a: Dusknoir|move: Taunt
|
|-heal|p1a: Corviknight|87/100|[from] item: Leftovers
|upkeep
|turn|5
|
|move|p2a: Dusknoir|Brick Break|p1a: Corviknight
|-damage|p1a: Corviknight|67/100
|move|p1a: Corviknight|Roost|p1a: Corviknight
|-heal|p1a: Corviknight|100/100
|-singleturn|p1a: Corviknight|move: Roost
|
|upkeep
|turn|6
|
|switch|p2a: Stunfisk|Stunfisk-Galar, F|100/100
|move|p1a: Corviknight|Brave Bird|p2a: Stunfisk
|-resisted|p2a: Stunfisk
|-damage|p2a: Stunfisk|86/100
|-damage|p1a: Corviknight|95/100|[from] Recoil
|
|-heal|p2a: Stunfisk|92/100|[from] item: Leftovers
|-heal|p1a: Corviknight|100/100|[from] item: Leftovers
|upkeep
|turn|7
|
|move|p2a: Stunfisk|Yawn|p1a: Corviknight
|-start|p1a: Corviknight|move: Yawn|[of] p2a: Stunfisk
|move|p1a: Corviknight|Defog|p2a: Stunfisk
|-unboost|p2a: Stunfisk|evasion|1
|-sideend|p2: RandomTeamBTW|move: Light Screen
|
|-heal|p2a: Stunfisk|99/100|[from] item: Leftovers
|-fieldend|move: Trick Room
|upkeep
|turn|8
|
|switch|p1a: Rhyperior|Rhyperior, M|100/100
|move|p2a: Stunfisk|Protect||[still]
|-fail|p2a: Stunfisk
|
|-heal|p2a: Stunfisk|100/100|[from] item: Leftovers
|upkeep
|turn|9
|
|move|p1a: Rhyperior|Earthquake|p2a: Stunfisk
|-supereffective|p2a: Stunfisk
|-damage|p2a: Stunfisk|28/100
|move|p2a: Stunfisk|Yawn|p1a: Rhyperior
|-start|p1a: Rhyperior|move: Yawn|[of] p2a: Stunfisk
|
|-heal|p2a: Stunfisk|34/100|[from] item: Leftovers
|upkeep
|turn|10
|
|switch|p1a: Espeon|Espeon, F|100/100
|move|p2a: Stunfisk|Protect||[still]
|-fail|p2a: Stunfisk
|
|-heal|p2a: Stunfisk|40/100|[from] item: Leftovers
|upkeep
|turn|11
|
|switch|p1a: Rhyperior|Rhyperior, M|100/100
|move|p2a: Stunfisk|Yawn|p1a: Rhyperior
|-start|p1a: Rhyperior|move: Yawn|[of] p2a: Stunfisk
|
|-heal|p2a: Stunfisk|46/100|[from] item: Leftovers
|upkeep
|turn|12
|
|switch|p1a: Hitmonlee|Hitmonlee, M|100/100
|move|p2a: Stunfisk|Protect||[still]
|-fail|p2a: Stunfisk
|
|-heal|p2a: Stunfisk|52/100|[from] item: Leftovers
|upkeep
|turn|13
|
|move|p2a: Stunfisk|Protect|p2a: Stunfisk
|-singleturn|p2a: Stunfisk|Protect
|move|p1a: Hitmonlee|Close Combat|p2a: Stunfisk
|-activate|p2a: Stunfisk|move: Protect
|
|-heal|p2a: Stunfisk|58/100|[from] item: Leftovers
|upkeep
|turn|14
|
|move|p1a: Hitmonlee|Earthquake|p2a: Stunfisk
|-supereffective|p2a: Stunfisk
|-crit|p2a: Stunfisk
|-damage|p2a: Stunfisk|0 fnt
|faint|p2a: Stunfisk
|
|upkeep
|inactive|Battle timer is ON: inactive players will automatically lose when time's up. (requested by wachi loco)
|
|switch|p2a: Golisopod|Golisopod, M|100/100
|turn|15
|
|move|p1a: Hitmonlee|Poison Jab|p2a: Golisopod
|-damage|p2a: Golisopod|79/100
|-status|p2a: Golisopod|psn
|move|p2a: Golisopod|Liquidation|p1a: Hitmonlee
|-damage|p1a: Hitmonlee|0 fnt
|faint|p1a: Hitmonlee
|
|-heal|p2a: Golisopod|85/100 psn|[from] item: Leftovers
|-damage|p2a: Golisopod|73/100 psn|[from] psn
|upkeep
|
|switch|p1a: Gengar|Gengar, F|100/100
|turn|16
|
|move|p1a: Gengar|Shadow Ball|p2a: Golisopod
|-damage|p2a: Golisopod|0 fnt
|faint|p2a: Golisopod
|
|upkeep
|
|switch|p2a: Drednaw|Drednaw, F|100/100
|turn|17
|
|move|p1a: Gengar|Shadow Ball|p2a: Drednaw
|-damage|p2a: Drednaw|13/100
|move|p2a: Drednaw|Swords Dance|p2a: Drednaw
|-boost|p2a: Drednaw|atk|2
|
|upkeep
|turn|18
|-message|RandomTeamBTW forfeited.
|
|win|wachi loco
|l|☆RandomTeamBTW
|raw|wachi loco's rating: 1000 → 1040(+40 for winning)
|raw|RandomTeamBTW's rating: 1000 → 1000(+0 for losing)
