|ScrapeTime|2020-01-02-03:06:55
|j|☆pastagirl
|j|☆BenCobain
|player|p1|pastagirl|beauty-gen4dp|1409
|player|p2|BenCobain|170|1391
|teamsize|p1|6
|teamsize|p2|6
|gametype|singles
|gen|8
|tier|[Gen 8] OU
|rated|
|rule|Sleep Clause Mod: Limit one foe put to sleep
|rule|Species Clause: Limit one of each Pokémon
|rule|OHKO Clause: OHKO moves are banned
|rule|Evasion Moves Clause: Evasion moves are banned
|rule|Endless Battle Clause: Forcing endless battles is banned
|rule|HP Percentage Mod: HP is shown in percentages
|clearpoke
|poke|p1|Togekiss, M|
|poke|p1|Mamoswine, F|
|poke|p1|Ferrothorn, M|
|poke|p1|Dracozolt|
|poke|p1|Conkeldurr, F|
|poke|p1|Toxapex, F|
|poke|p2|Mimikyu, M|
|poke|p2|Dragapult, F|
|poke|p2|Duraludon, M|
|poke|p2|Golisopod, F|
|poke|p2|Corviknight, M|
|poke|p2|Umbreon, M|
|rule|Dynamax Clause: You cannot dynamax
|teampreview
|
|start
|switch|p1a: Togekiss|Togekiss, M|100/100
|switch|p2a: Golisopod|Golisopod, F, shiny|100/100
|turn|1
|
|move|p1a: Togekiss|Air Slash|p2a: Golisopod
|-supereffective|p2a: Golisopod
|-damage|p2a: Golisopod|29/100
|-enditem|p2a: Golisopod|Eject Button
|
|switch|p2a: Duraludon|Duraludon, M|100/100
|
|upkeep
|turn|2
|
|switch|p1a: Ferrothorn|Ferrothorn, M|100/100
|move|p2a: Duraludon|Thunderbolt|p1a: Ferrothorn
|-resisted|p1a: Ferrothorn
|-crit|p1a: Ferrothorn
|-damage|p1a: Ferrothorn|85/100
|
|-heal|p1a: Ferrothorn|91/100|[from] item: Leftovers
|upkeep
|turn|3
|l|☆pastagirl
|player|p1|
|j|☆pastagirl
|player|p1|pastagirl|beauty-gen4dp
|
|switch|p2a: Dragapult|Dragapult, F|100/100
|move|p1a: Ferrothorn|Leech Seed|p2a: Dragapult
|-start|p2a: Dragapult|move: Leech Seed
|
|-heal|p1a: Ferrothorn|98/100|[from] item: Leftovers
|-damage|p2a: Dragapult|88/100|[from] Leech Seed|[of] p1a: Ferrothorn
|-heal|p1a: Ferrothorn|100/100|[silent]
|upkeep
|turn|4
|
|switch|p1a: Mamoswine|Mamoswine, F|100/100
|move|p2a: Dragapult|Shadow Ball|p1a: Mamoswine
|-damage|p1a: Mamoswine|73/100
|
|-damage|p2a: Dragapult|76/100|[from] Leech Seed|[of] p1a: Mamoswine
|-heal|p1a: Mamoswine|82/100|[silent]
|upkeep
|turn|5
|
|switch|p2a: Golisopod|Golisopod, F, shiny|29/100
|move|p1a: Mamoswine|Avalanche|p2a: Golisopod
|-resisted|p2a: Golisopod
|-damage|p2a: Golisopod|18/100
|
|upkeep
|turn|6
|
|switch|p1a: Toxapex|Toxapex, F|100/100
|move|p2a: Golisopod|First Impression|p1a: Toxapex
|-resisted|p1a: Toxapex
|-damage|p1a: Toxapex|85/100
|
|-heal|p1a: Toxapex|91/100|[from] item: Black Sludge
|upkeep
|turn|7
|
|switch|p2a: Duraludon|Duraludon, M|100/100
|switch|p1a: Togekiss|Togekiss, M|100/100
|
|upkeep
|turn|8
|
|move|p1a: Togekiss|Dazzling Gleam|p2a: Duraludon
|-damage|p2a: Duraludon|64/100
|move|p2a: Duraludon|Thunderbolt|p1a: Togekiss
|-supereffective|p1a: Togekiss
|-damage|p1a: Togekiss|48/100
|
|upkeep
|turn|9
|
|switch|p1a: Dracozolt|Dracozolt|100/100
|move|p2a: Duraludon|Thunderbolt|p1a: Dracozolt
|-resisted|p1a: Dracozolt
|-damage|p1a: Dracozolt|92/100
|
|upkeep
|turn|10
|
|switch|p2a: Umbreon|Umbreon, M, shiny|100/100
|move|p1a: Dracozolt|Substitute|p1a: Dracozolt
|-start|p1a: Dracozolt|Substitute
|-damage|p1a: Dracozolt|67/100
|
|upkeep
|turn|11
|
|move|p1a: Dracozolt|Bolt Beak|p2a: Umbreon
|-damage|p2a: Umbreon|18/100
|move|p2a: Umbreon|Foul Play|p1a: Dracozolt
|-end|p1a: Dracozolt|Substitute
|
|-heal|p2a: Umbreon|25/100|[from] item: Leftovers
|upkeep
|turn|12
|
|switch|p2a: Dragapult|Dragapult, F|76/100
|move|p1a: Dracozolt|Bolt Beak|p2a: Dragapult
|-resisted|p2a: Dragapult
|-damage|p2a: Dragapult|0 fnt
|faint|p2a: Dragapult
|
|upkeep
|
|switch|p2a: Duraludon|Duraludon, M|64/100
|turn|13
|
|switch|p1a: Togekiss|Togekiss, M|48/100
|move|p2a: Duraludon|Draco Meteor|p1a: Togekiss
|-immune|p1a: Togekiss
|
|upkeep
|turn|14
|
|switch|p1a: Mamoswine|Mamoswine, F|82/100
|move|p2a: Duraludon|Steel Beam|p1a: Mamoswine
|-supereffective|p1a: Mamoswine
|-damage|p1a: Mamoswine|18/100
|-damage|p2a: Duraludon|14/100|[from] mindblown
|
|upkeep
|turn|15
|
|move|p1a: Mamoswine|Ice Shard|p2a: Duraludon
|-damage|p2a: Duraludon|0 fnt
|faint|p2a: Duraludon
|
|upkeep
|
|switch|p2a: Mimikyu|Mimikyu, M, shiny|100/100
|turn|16
|
|move|p2a: Mimikyu|Shadow Sneak|p1a: Mamoswine
|-damage|p1a: Mamoswine|2/100
|move|p1a: Mamoswine|Ice Shard|p2a: Mimikyu
|-activate|p2a: Mimikyu|ability: Disguise
|-damage|p2a: Mimikyu|100/100
|detailschange|p2a: Mimikyu|Mimikyu-Busted, M, shiny
|-damage|p2a: Mimikyu|88/100|[from] ability: Disguise|[of] p2a: Mimikyu
|
|upkeep
|turn|17
|
|move|p2a: Mimikyu|Shadow Sneak|p1a: Mamoswine
|-crit|p1a: Mamoswine
|-damage|p1a: Mamoswine|0 fnt
|faint|p1a: Mamoswine
|
|upkeep
|
|switch|p1a: Togekiss|Togekiss, M|48/100
|turn|18
|
|switch|p2a: Golisopod|Golisopod, F, shiny|18/100
|move|p1a: Togekiss|Air Slash|p2a: Golisopod
|-supereffective|p2a: Golisopod
|-damage|p2a: Golisopod|0 fnt
|faint|p2a: Golisopod
|
|upkeep
|
|switch|p2a: Corviknight|Corviknight, M|100/100
|turn|19
|
|switch|p1a: Toxapex|Toxapex, F|100/100
|move|p2a: Corviknight|Brave Bird|p1a: Toxapex
|-damage|p1a: Toxapex|75/100
|-damage|p2a: Corviknight|94/100|[from] Recoil
|
|-heal|p1a: Toxapex|81/100|[from] item: Black Sludge
|upkeep
|turn|20
|
|switch|p2a: Umbreon|Umbreon, M, shiny|25/100
|move|p1a: Toxapex|Toxic|p2a: Umbreon
|-status|p2a: Umbreon|tox
|-activate|p2a: Umbreon|ability: Synchronize
|-immune|p1a: Toxapex
|
|-heal|p2a: Umbreon|31/100 tox|[from] item: Leftovers
|-heal|p1a: Toxapex|87/100|[from] item: Black Sludge
|-damage|p2a: Umbreon|25/100 tox|[from] psn
|upkeep
|turn|21
|
|move|p2a: Umbreon|Wish|p2a: Umbreon
|move|p1a: Toxapex|Scald|p2a: Umbreon
|-damage|p2a: Umbreon|13/100 tox
|
|-heal|p2a: Umbreon|19/100 tox|[from] item: Leftovers
|-heal|p1a: Toxapex|93/100|[from] item: Black Sludge
|-damage|p2a: Umbreon|7/100 tox|[from] psn
|upkeep
|turn|22
|
|switch|p1a: Conkeldurr|Conkeldurr, F|100/100
|move|p2a: Umbreon|Protect||[still]
|-fail|p2a: Umbreon
|
|-heal|p2a: Umbreon|57/100 tox|[from] move: Wish|[wisher] Umbreon
|-heal|p2a: Umbreon|63/100 tox|[from] item: Leftovers
|-damage|p2a: Umbreon|44/100 tox|[from] psn
|-status|p1a: Conkeldurr|brn|[from] item: Flame Orb
|upkeep
|turn|23
|
|switch|p2a: Corviknight|Corviknight, M|94/100
|move|p1a: Conkeldurr|Drain Punch|p2a: Corviknight
|-damage|p2a: Corviknight|54/100
|-damage|p1a: Conkeldurr|84/100 brn|[from] item: Rocky Helmet|[of] p2a: Corviknight
|
|-damage|p1a: Conkeldurr|78/100 brn|[from] brn
|upkeep
|turn|24
|
|switch|p1a: Ferrothorn|Ferrothorn, M|100/100
|move|p2a: Corviknight|Brave Bird|p1a: Ferrothorn
|-damage|p1a: Ferrothorn|79/100
|-damage|p2a: Corviknight|42/100|[from] ability: Iron Barbs|[of] p1a: Ferrothorn
|-damage|p2a: Corviknight|35/100|[from] Recoil
|
|-heal|p1a: Ferrothorn|85/100|[from] item: Leftovers
|upkeep
|turn|25
|
|move|p2a: Corviknight|Roost|p2a: Corviknight
|-heal|p2a: Corviknight|85/100
|-singleturn|p2a: Corviknight|move: Roost
|move|p1a: Ferrothorn|Leech Seed|p2a: Corviknight
|-start|p2a: Corviknight|move: Leech Seed
|
|-heal|p1a: Ferrothorn|92/100|[from] item: Leftovers
|-damage|p2a: Corviknight|73/100|[from] Leech Seed|[of] p1a: Ferrothorn
|-heal|p1a: Ferrothorn|100/100|[silent]
|upkeep
|turn|26
|
|move|p2a: Corviknight|Body Press|p1a: Ferrothorn
|-supereffective|p1a: Ferrothorn
|-damage|p1a: Ferrothorn|69/100
|-damage|p2a: Corviknight|61/100|[from] ability: Iron Barbs|[of] p1a: Ferrothorn
|move|p1a: Ferrothorn|Stealth Rock|p2a: Corviknight
|-sidestart|p2: BenCobain|move: Stealth Rock
|
|-heal|p1a: Ferrothorn|75/100|[from] item: Leftovers
|-damage|p2a: Corviknight|48/100|[from] Leech Seed|[of] p1a: Ferrothorn
|-heal|p1a: Ferrothorn|89/100|[silent]
|upkeep
|turn|27
|
|move|p2a: Corviknight|Roost|p2a: Corviknight
|-heal|p2a: Corviknight|98/100
|-singleturn|p2a: Corviknight|move: Roost
|move|p1a: Ferrothorn|Spikes|p2a: Corviknight
|-sidestart|p2: BenCobain|Spikes
|
|-heal|p1a: Ferrothorn|96/100|[from] item: Leftovers
|-damage|p2a: Corviknight|86/100|[from] Leech Seed|[of] p1a: Ferrothorn
|-heal|p1a: Ferrothorn|100/100|[silent]
|upkeep
|turn|28
|
|switch|p1a: Dracozolt|Dracozolt|67/100
|move|p2a: Corviknight|Defog|p1a: Dracozolt
|-unboost|p1a: Dracozolt|evasion|1
|-sideend|p2: BenCobain|Spikes|[from] move: Defog|[of] p2a: Corviknight
|-sideend|p2: BenCobain|Stealth Rock|[from] move: Defog|[of] p2a: Corviknight
|
|-damage|p2a: Corviknight|74/100|[from] Leech Seed|[of] p1a: Dracozolt
|-heal|p1a: Dracozolt|82/100|[silent]
|upkeep
|turn|29
|
|switch|p2a: Umbreon|Umbreon, M, shiny|44/100 tox
|move|p1a: Dracozolt|Substitute|p1a: Dracozolt
|-start|p1a: Dracozolt|Substitute
|-damage|p1a: Dracozolt|58/100
|
|-heal|p2a: Umbreon|51/100 tox|[from] item: Leftovers
|-damage|p2a: Umbreon|44/100 tox|[from] psn
|upkeep
|turn|30
|
|move|p1a: Dracozolt|Bolt Beak|p2a: Umbreon
|-damage|p2a: Umbreon|0 fnt
|faint|p2a: Umbreon
|
|upkeep
|
|switch|p2a: Corviknight|Corviknight, M|74/100
|turn|31
|
|move|p1a: Dracozolt|Bolt Beak|p2a: Corviknight
|-supereffective|p2a: Corviknight
|-damage|p2a: Corviknight|0 fnt
|-damage|p1a: Dracozolt|41/100|[from] item: Rocky Helmet|[of] p2a: Corviknight
|faint|p2a: Corviknight
|
|upkeep
|
|switch|p2a: Mimikyu|Mimikyu-Busted, M, shiny|88/100
|turn|32
|
|move|p2a: Mimikyu|Play Rough|p1a: Dracozolt
|-supereffective|p1a: Dracozolt
|-end|p1a: Dracozolt|Substitute
|move|p1a: Dracozolt|Bolt Beak|p2a: Mimikyu
|-damage|p2a: Mimikyu|0 fnt
|faint|p2a: Mimikyu
|
|win|pastagirl
|raw|pastagirl's rating: 1409 → 1428(+19 for winning)
|raw|BenCobain's rating: 1392 → 1373(-19 for losing)
|c|☆pastagirl|g
|c|☆pastagirl|gg
|l|☆BenCobain
