|ScrapeTime|2020-01-02-04:45:42
|j|☆Hi mally
|j|☆Wacko Taco Gang
|player|p1|Hi mally|265|1432
|player|p2|Wacko Taco Gang|benga|1444
|teamsize|p1|6
|teamsize|p2|6
|gametype|singles
|gen|8
|tier|[Gen 8] OU
|rated|
|rule|Sleep Clause Mod: Limit one foe put to sleep
|rule|Species Clause: Limit one of each Pokémon
|rule|OHKO Clause: OHKO moves are banned
|rule|Evasion Moves Clause: Evasion moves are banned
|rule|Endless Battle Clause: Forcing endless battles is banned
|rule|HP Percentage Mod: HP is shown in percentages
|clearpoke
|poke|p1|Grimmsnarl, M|
|poke|p1|Dragapult, M|
|poke|p1|Ferrothorn, F|
|poke|p1|Mew|
|poke|p1|Rotom-Wash|
|poke|p1|Clefable, F|
|poke|p2|Drakloak, M|
|poke|p2|Doublade, M|
|poke|p2|Mareanie, M|
|poke|p2|Excadrill, F|
|poke|p2|Tyranitar, M|
|poke|p2|Clefable, M|
|rule|Dynamax Clause: You cannot dynamax
|teampreview
|inactive|Battle timer is ON: inactive players will automatically lose when time's up. (requested by Wacko Taco Gang)
|
|start
|switch|p1a: Grimmsnarl|Grimmsnarl, M|100/100
|switch|p2a: Tyranitar|Tyranitar, M|100/100
|-weather|Sandstorm|[from] ability: Sand Stream|[of] p2a: Tyranitar
|turn|1
|
|move|p1a: Grimmsnarl|Trick|p2a: Tyranitar
|-hint|Since gen 7, Dark is immune to Prankster moves.
|-immune|p2a: Tyranitar
|move|p2a: Tyranitar|Stealth Rock|p1a: Grimmsnarl
|-sidestart|p1: Hi mally|move: Stealth Rock
|
|-weather|Sandstorm|[upkeep]
|-damage|p1a: Grimmsnarl|94/100|[from] Sandstorm
|upkeep
|turn|2
|
|switch|p2a: Clefable|Clefable, M|100/100
|move|p1a: Grimmsnarl|Light Screen|p1a: Grimmsnarl
|-sidestart|p1: Hi mally|move: Light Screen
|
|-weather|Sandstorm|[upkeep]
|-damage|p1a: Grimmsnarl|88/100|[from] Sandstorm
|upkeep
|turn|3
|
|move|p1a: Grimmsnarl|Thunder Wave|p2a: Clefable
|-status|p2a: Clefable|par
|move|p2a: Clefable|Moonblast|p1a: Grimmsnarl
|-supereffective|p1a: Grimmsnarl
|-damage|p1a: Grimmsnarl|48/100
|
|-weather|Sandstorm|[upkeep]
|-damage|p1a: Grimmsnarl|42/100|[from] Sandstorm
|upkeep
|turn|4
|
|switch|p1a: Ferrothorn|Ferrothorn, F|100/100
|-damage|p1a: Ferrothorn|95/100|[from] Stealth Rock
|cant|p2a: Clefable|par
|
|-weather|Sandstorm|[upkeep]
|upkeep
|turn|5
|
|move|p2a: Clefable|Fire Blast|p1a: Ferrothorn|[miss]
|-miss|p2a: Clefable|p1a: Ferrothorn
|move|p1a: Ferrothorn|Knock Off|p2a: Clefable
|-resisted|p2a: Clefable
|-damage|p2a: Clefable|88/100 par
|-enditem|p2a: Clefable|Life Orb|[from] move: Knock Off|[of] p1a: Ferrothorn
|
|-weather|none
|upkeep
|turn|6
|
|move|p2a: Clefable|Fire Blast|p1a: Ferrothorn|[miss]
|-miss|p2a: Clefable|p1a: Ferrothorn
|move|p1a: Ferrothorn|Stealth Rock|p2a: Clefable
|-sidestart|p2: Wacko Taco Gang|move: Stealth Rock
|
|-sideend|p1: Hi mally|move: Light Screen
|upkeep
|turn|7
|
|switch|p1a: Rotom|Rotom-Wash|100/100
|-damage|p1a: Rotom|88/100|[from] Stealth Rock
|cant|p2a: Clefable|par
|
|-heal|p1a: Rotom|94/100|[from] item: Leftovers
|upkeep
|turn|8
|
|switch|p2a: Drakloak|Drakloak, M|100/100
|-damage|p2a: Drakloak|88/100|[from] Stealth Rock
|move|p1a: Rotom|Hydro Pump|p2a: Drakloak
|-resisted|p2a: Drakloak
|-damage|p2a: Drakloak|66/100
|
|-heal|p1a: Rotom|100/100|[from] item: Leftovers
|upkeep
|turn|9
|
|move|p2a: Drakloak|Will-O-Wisp|p1a: Rotom
|-status|p1a: Rotom|brn
|move|p1a: Rotom|Will-O-Wisp|p2a: Drakloak
|-status|p2a: Drakloak|brn
|
|-damage|p2a: Drakloak|60/100 brn|[from] brn
|-damage|p1a: Rotom|94/100 brn|[from] brn
|upkeep
|turn|10
|
|switch|p1a: Clefable|Clefable, F|100/100
|move|p2a: Drakloak|Hex|p1a: Clefable
|-damage|p1a: Clefable|87/100
|
|-damage|p2a: Drakloak|54/100 brn|[from] brn
|upkeep
|turn|11
|
|move|p2a: Drakloak|Substitute|p2a: Drakloak
|-start|p2a: Drakloak|Substitute
|-damage|p2a: Drakloak|29/100 brn
|move|p1a: Clefable|Moonblast|p2a: Drakloak
|-supereffective|p2a: Drakloak
|-end|p2a: Drakloak|Substitute
|
|-damage|p2a: Drakloak|23/100 brn|[from] brn
|upkeep
|turn|12
|
|move|p2a: Drakloak|Disable|p1a: Clefable
|-start|p1a: Clefable|Disable|Moonblast
|cant|p1a: Clefable|Disable|Moonblast
|
|-damage|p2a: Drakloak|16/100 brn|[from] brn
|upkeep
|turn|13
|
|move|p2a: Drakloak|Hex|p1a: Clefable
|-damage|p1a: Clefable|71/100
|move|p1a: Clefable|Thunderbolt|p2a: Drakloak
|-resisted|p2a: Drakloak
|-damage|p2a: Drakloak|0 fnt
|faint|p2a: Drakloak
|
|upkeep
|
|switch|p2a: Tyranitar|Tyranitar, M|100/100
|-damage|p2a: Tyranitar|88/100|[from] Stealth Rock
|-weather|Sandstorm|[from] ability: Sand Stream|[of] p2a: Tyranitar
|turn|14
|
|switch|p1a: Ferrothorn|Ferrothorn, F|95/100
|-damage|p1a: Ferrothorn|89/100|[from] Stealth Rock
|move|p2a: Tyranitar|Earthquake|p1a: Ferrothorn
|-damage|p1a: Ferrothorn|62/100
|
|-weather|Sandstorm|[upkeep]
|upkeep
|turn|15
|
|switch|p2a: Clefable|Clefable, M|88/100 par
|move|p1a: Ferrothorn|Knock Off|p2a: Clefable
|-resisted|p2a: Clefable
|-damage|p2a: Clefable|79/100 par
|
|-weather|Sandstorm|[upkeep]
|upkeep
|turn|16
|
|switch|p1a: Clefable|Clefable, F|71/100
|move|p2a: Clefable|Fire Blast|p1a: Clefable
|-damage|p1a: Clefable|39/100
|
|-weather|Sandstorm|[upkeep]
|upkeep
|turn|17
|
|switch|p2a: Mareanie|Mareanie, M|100/100
|-damage|p2a: Mareanie|88/100|[from] Stealth Rock
|move|p1a: Clefable|Moonlight|p1a: Clefable
|-heal|p1a: Clefable|64/100
|
|-weather|Sandstorm|[upkeep]
|-damage|p2a: Mareanie|82/100|[from] Sandstorm
|upkeep
|turn|18
|
|move|p1a: Clefable|Thunderbolt|p2a: Mareanie
|-supereffective|p2a: Mareanie
|-damage|p2a: Mareanie|0 fnt
|faint|p2a: Mareanie
|
|-weather|none
|upkeep
|
|switch|p2a: Excadrill|Excadrill, F|100/100
|-damage|p2a: Excadrill|97/100|[from] Stealth Rock
|turn|19
|
|move|p2a: Excadrill|Rapid Spin|p1a: Clefable
|-damage|p1a: Clefable|37/100
|-sideend|p2: Wacko Taco Gang|Stealth Rock|[from] move: Rapid Spin|[of] p2a: Excadrill
|-boost|p2a: Excadrill|spe|1
|-damage|p2a: Excadrill|87/100|[from] item: Life Orb
|move|p1a: Clefable|Flamethrower|p2a: Excadrill
|-supereffective|p2a: Excadrill
|-damage|p2a: Excadrill|0 fnt
|faint|p2a: Excadrill
|
|upkeep
|
|switch|p2a: Tyranitar|Tyranitar, M|88/100
|-weather|Sandstorm|[from] ability: Sand Stream|[of] p2a: Tyranitar
|turn|20
|
|switch|p1a: Ferrothorn|Ferrothorn, F|62/100
|-damage|p1a: Ferrothorn|56/100|[from] Stealth Rock
|move|p2a: Tyranitar|Stone Edge|p1a: Ferrothorn
|-resisted|p1a: Ferrothorn
|-damage|p1a: Ferrothorn|36/100
|
|-weather|Sandstorm|[upkeep]
|upkeep
|turn|21
|
|move|p2a: Tyranitar|Crunch|p1a: Ferrothorn
|-damage|p1a: Ferrothorn|5/100
|-damage|p2a: Tyranitar|76/100|[from] ability: Iron Barbs|[of] p1a: Ferrothorn
|-damage|p2a: Tyranitar|59/100|[from] item: Rocky Helmet|[of] p1a: Ferrothorn
|move|p1a: Ferrothorn|Leech Seed|p2a: Tyranitar
|-start|p2a: Tyranitar|move: Leech Seed
|
|-weather|Sandstorm|[upkeep]
|-damage|p2a: Tyranitar|47/100|[from] Leech Seed|[of] p1a: Ferrothorn
|-heal|p1a: Ferrothorn|17/100|[silent]
|upkeep
|turn|22
|
|switch|p1a: Grimmsnarl|Grimmsnarl, M|42/100
|-damage|p1a: Grimmsnarl|30/100|[from] Stealth Rock
|move|p2a: Tyranitar|Crunch|p1a: Grimmsnarl
|-resisted|p1a: Grimmsnarl
|-crit|p1a: Grimmsnarl
|-damage|p1a: Grimmsnarl|6/100
|-damage|p2a: Tyranitar|31/100|[from] item: Rocky Helmet|[of] p1a: Grimmsnarl
|-unboost|p1a: Grimmsnarl|def|1
|
|-weather|Sandstorm|[upkeep]
|-damage|p1a: Grimmsnarl|0 fnt|[from] Sandstorm
|faint|p1a: Grimmsnarl
|upkeep
|
|switch|p1a: Mew|Mew|100/100
|-damage|p1a: Mew|88/100|[from] Stealth Rock
|turn|23
|
|move|p1a: Mew|Drain Punch|p2a: Tyranitar
|-supereffective|p2a: Tyranitar
|-damage|p2a: Tyranitar|0 fnt
|-heal|p1a: Mew|100/100|[from] drain|[of] p2a: Tyranitar
|faint|p2a: Tyranitar
|
|-weather|Sandstorm|[upkeep]
|-damage|p1a: Mew|94/100|[from] Sandstorm
|-heal|p1a: Mew|100/100|[from] item: Leftovers
|upkeep
|
|switch|p2a: Doublade|Doublade, M|100/100
|turn|24
|
|switch|p1a: Ferrothorn|Ferrothorn, F|17/100
|-damage|p1a: Ferrothorn|11/100|[from] Stealth Rock
|move|p2a: Doublade|Swords Dance|p2a: Doublade
|-boost|p2a: Doublade|atk|2
|
|-weather|none
|upkeep
|turn|25
|inactive|Wacko Taco Gang has 120 seconds left.
|
|move|p2a: Doublade|Shadow Sneak|p1a: Ferrothorn
|-damage|p1a: Ferrothorn|0 fnt
|-damage|p2a: Doublade|88/100|[from] ability: Iron Barbs|[of] p1a: Ferrothorn
|-damage|p2a: Doublade|72/100|[from] item: Rocky Helmet|[of] p1a: Ferrothorn
|faint|p1a: Ferrothorn
|
|upkeep
|
|switch|p1a: Rotom|Rotom-Wash|94/100 brn
|-damage|p1a: Rotom|82/100 brn|[from] Stealth Rock
|turn|26
|
|switch|p2a: Clefable|Clefable, M|79/100 par
|move|p1a: Rotom|Will-O-Wisp||[still]
|-fail|p1a: Rotom
|
|-heal|p1a: Rotom|88/100 brn|[from] item: Leftovers
|-damage|p1a: Rotom|82/100 brn|[from] brn
|upkeep
|turn|27
|
|move|p1a: Rotom|Volt Switch|p2a: Clefable
|-damage|p2a: Clefable|55/100 par
|
|switch|p1a: Clefable|Clefable, F|37/100|[from]move: Volt Switch
|move|p2a: Clefable|Moonblast|p1a: Clefable
|-damage|p1a: Clefable|0 fnt
|faint|p1a: Clefable
|
|upkeep
|
|switch|p1a: Mew|Mew|100/100
|-damage|p1a: Mew|88/100|[from] Stealth Rock
|turn|28
|
|move|p1a: Mew|Substitute|p1a: Mew
|-start|p1a: Mew|Substitute
|-damage|p1a: Mew|63/100
|move|p2a: Clefable|Moonlight|p2a: Clefable
|-heal|p2a: Clefable|100/100 par
|
|-heal|p1a: Mew|69/100|[from] item: Leftovers
|upkeep
|turn|29
|
|move|p1a: Mew|Dragon Dance|p1a: Mew
|-boost|p1a: Mew|atk|1
|-boost|p1a: Mew|spe|1
|cant|p2a: Clefable|par
|
|-heal|p1a: Mew|76/100|[from] item: Leftovers
|upkeep
|turn|30
|
|move|p1a: Mew|Dragon Dance|p1a: Mew
|-boost|p1a: Mew|atk|1
|-boost|p1a: Mew|spe|1
|move|p2a: Clefable|Moonblast|p1a: Mew
|-crit|p1a: Mew
|-end|p1a: Mew|Substitute
|
|-heal|p1a: Mew|82/100|[from] item: Leftovers
|upkeep
|turn|31
|
|switch|p2a: Doublade|Doublade, M|72/100
|move|p1a: Mew|Psychic Fangs|p2a: Doublade
|-resisted|p2a: Doublade
|-damage|p2a: Doublade|52/100
|
|-heal|p1a: Mew|88/100|[from] item: Leftovers
|upkeep
|turn|32
|
|move|p1a: Mew|Psychic Fangs|p2a: Doublade
|-resisted|p2a: Doublade
|-damage|p2a: Doublade|32/100
|move|p2a: Doublade|Swords Dance|p2a: Doublade
|-boost|p2a: Doublade|atk|2
|
|-heal|p1a: Mew|94/100|[from] item: Leftovers
|upkeep
|turn|33
|
|move|p2a: Doublade|Shadow Sneak|p1a: Mew
|-supereffective|p1a: Mew
|-damage|p1a: Mew|13/100
|move|p1a: Mew|Psychic Fangs|p2a: Doublade
|-resisted|p2a: Doublade
|-damage|p2a: Doublade|13/100
|
|-heal|p1a: Mew|19/100|[from] item: Leftovers
|upkeep
|turn|34
|
|switch|p1a: Rotom|Rotom-Wash|82/100 brn
|-damage|p1a: Rotom|69/100 brn|[from] Stealth Rock
|move|p2a: Doublade|Shadow Sneak|p1a: Rotom
|-damage|p1a: Rotom|25/100 brn
|
|-heal|p1a: Rotom|31/100 brn|[from] item: Leftovers
|-damage|p1a: Rotom|25/100 brn|[from] brn
|upkeep
|turn|35
|
|move|p2a: Doublade|Shadow Sneak|p1a: Rotom
|-damage|p1a: Rotom|0 fnt
|faint|p1a: Rotom
|
|upkeep
|
|switch|p1a: Dragapult|Dragapult, M|100/100
|-damage|p1a: Dragapult|88/100|[from] Stealth Rock
|turn|36
|
|move|p2a: Doublade|Shadow Sneak|p1a: Dragapult
|-supereffective|p1a: Dragapult
|-damage|p1a: Dragapult|0 fnt
|faint|p1a: Dragapult
|
|upkeep
|
|switch|p1a: Mew|Mew|19/100
|-damage|p1a: Mew|6/100|[from] Stealth Rock
|turn|37
|
|move|p2a: Doublade|Shadow Sneak|p1a: Mew
|-supereffective|p1a: Mew
|-damage|p1a: Mew|0 fnt
|faint|p1a: Mew
|
|win|Wacko Taco Gang
|raw|Hi mally's rating: 1432 → 1413(-19 for losing)
|raw|Wacko Taco Gang's rating: 1444 → 1463(+19 for winning)
