|ScrapeTime|2020-01-01-06:25:28
|j|☆pastagirl
|j|☆MrBBWLover
|player|p1|pastagirl|beauty-gen4dp|1282
|player|p2|MrBBWLover|skyla|1294
|teamsize|p1|6
|teamsize|p2|6
|gametype|singles
|gen|8
|tier|[Gen 8] OU
|rated|
|rule|Sleep Clause Mod: Limit one foe put to sleep
|rule|Species Clause: Limit one of each Pokémon
|rule|OHKO Clause: OHKO moves are banned
|rule|Evasion Moves Clause: Evasion moves are banned
|rule|Endless Battle Clause: Forcing endless battles is banned
|rule|HP Percentage Mod: HP is shown in percentages
|clearpoke
|poke|p1|Togekiss, F|
|poke|p1|Mamoswine, M|
|poke|p1|Ferrothorn, M|
|poke|p1|Dracozolt|
|poke|p1|Conkeldurr, F|
|poke|p1|Toxapex, F|
|poke|p2|Mamoswine, M|
|poke|p2|Tyranitar, M|
|poke|p2|Excadrill, M|
|poke|p2|Hippowdon, F|
|poke|p2|Reuniclus, M|
|poke|p2|Clefable, M|
|rule|Dynamax Clause: You cannot dynamax
|teampreview
|inactive|Battle timer is ON: inactive players will automatically lose when time's up. (requested by MrBBWLover)
|inactive|pastagirl has 120 seconds left.
|
|start
|switch|p1a: Conkeldurr|Conkeldurr, F|100/100
|switch|p2a: Mamoswine|Mamoswine, M|100/100
|turn|1
|
|switch|p2a: Hippowdon|Hippowdon, F|100/100
|-weather|Sandstorm|[from] ability: Sand Stream|[of] p2a: Hippowdon
|move|p1a: Conkeldurr|Drain Punch|p2a: Hippowdon
|-damage|p2a: Hippowdon|78/100
|
|-weather|Sandstorm|[upkeep]
|-damage|p1a: Conkeldurr|94/100|[from] Sandstorm
|-status|p1a: Conkeldurr|brn|[from] item: Flame Orb
|upkeep
|turn|2
|
|move|p2a: Hippowdon|Earthquake|p1a: Conkeldurr
|-damage|p1a: Conkeldurr|63/100 brn
|move|p1a: Conkeldurr|Drain Punch|p2a: Hippowdon
|-damage|p2a: Hippowdon|45/100
|-heal|p1a: Conkeldurr|79/100 brn|[from] drain|[of] p2a: Hippowdon
|
|-weather|Sandstorm|[upkeep]
|-damage|p1a: Conkeldurr|73/100 brn|[from] Sandstorm
|-damage|p1a: Conkeldurr|67/100 brn|[from] brn
|upkeep
|turn|3
|
|move|p2a: Hippowdon|Slack Off|p2a: Hippowdon
|-heal|p2a: Hippowdon|95/100
|move|p1a: Conkeldurr|Drain Punch|p2a: Hippowdon
|-damage|p2a: Hippowdon|63/100
|-heal|p1a: Conkeldurr|84/100 brn|[from] drain|[of] p2a: Hippowdon
|
|-weather|Sandstorm|[upkeep]
|-damage|p1a: Conkeldurr|78/100 brn|[from] Sandstorm
|-damage|p1a: Conkeldurr|72/100 brn|[from] brn
|upkeep
|turn|4
|
|move|p1a: Conkeldurr|Drain Punch|p2a: Hippowdon
|-damage|p2a: Hippowdon|29/100
|-heal|p1a: Conkeldurr|89/100 brn|[from] drain|[of] p2a: Hippowdon
|move|p2a: Hippowdon|Whirlwind|p1a: Conkeldurr
|drag|p1a: Togekiss|Togekiss, F|100/100
|
|-weather|Sandstorm|[upkeep]
|-damage|p1a: Togekiss|94/100|[from] Sandstorm
|upkeep
|turn|5
|
|move|p1a: Togekiss|Fire Blast|p2a: Hippowdon
|-damage|p2a: Hippowdon|0 fnt
|faint|p2a: Hippowdon
|
|-weather|Sandstorm|[upkeep]
|-damage|p1a: Togekiss|88/100|[from] Sandstorm
|upkeep
|
|switch|p2a: Excadrill|Excadrill, M|100/100
|turn|6
|
|switch|p1a: Ferrothorn|Ferrothorn, M|100/100
|move|p2a: Excadrill|Rapid Spin|p1a: Ferrothorn
|-resisted|p1a: Ferrothorn
|-damage|p1a: Ferrothorn|95/100
|-damage|p2a: Excadrill|88/100|[from] ability: Iron Barbs|[of] p1a: Ferrothorn
|-boost|p2a: Excadrill|spe|1
|
|-weather|Sandstorm|[upkeep]
|-heal|p1a: Ferrothorn|100/100|[from] item: Leftovers
|upkeep
|turn|7
|
|move|p2a: Excadrill|Earthquake|p1a: Ferrothorn
|-crit|p1a: Ferrothorn
|-damage|p1a: Ferrothorn|37/100
|move|p1a: Ferrothorn|Leech Seed|p2a: Excadrill
|-start|p2a: Excadrill|move: Leech Seed
|
|-weather|Sandstorm|[upkeep]
|-heal|p1a: Ferrothorn|43/100|[from] item: Leftovers
|-damage|p2a: Excadrill|76/100|[from] Leech Seed|[of] p1a: Ferrothorn
|-heal|p1a: Ferrothorn|56/100|[silent]
|upkeep
|turn|8
|
|switch|p2a: Reuniclus|Reuniclus, M|100/100
|switch|p1a: Togekiss|Togekiss, F|88/100
|
|-weather|none
|upkeep
|turn|9
|
|move|p1a: Togekiss|Trick|p2a: Reuniclus
|-activate|p1a: Togekiss|move: Trick|[of] p2a: Reuniclus
|-item|p2a: Reuniclus|Choice Scarf|[from] move: Trick
|-item|p1a: Togekiss|Life Orb|[from] move: Trick
|move|p2a: Reuniclus|Flash Cannon|p1a: Togekiss
|-supereffective|p1a: Togekiss
|-crit|p1a: Togekiss
|-damage|p1a: Togekiss|7/100
|
|upkeep
|turn|10
|inactive|pastagirl has 120 seconds left.
|
|switch|p1a: Toxapex|Toxapex, F|100/100
|move|p2a: Reuniclus|Flash Cannon|p1a: Toxapex
|-resisted|p1a: Toxapex
|-damage|p1a: Toxapex|88/100
|
|-heal|p1a: Toxapex|95/100|[from] item: Black Sludge
|upkeep
|turn|11
|
|switch|p2a: Excadrill|Excadrill, M|76/100
|switch|p1a: Conkeldurr|Conkeldurr, F|89/100 brn
|
|-damage|p1a: Conkeldurr|83/100 brn|[from] brn
|upkeep
|turn|12
|
|switch|p2a: Reuniclus|Reuniclus, M|100/100
|move|p1a: Conkeldurr|Mach Punch|p2a: Reuniclus
|-resisted|p2a: Reuniclus
|-damage|p2a: Reuniclus|83/100
|
|-damage|p1a: Conkeldurr|77/100 brn|[from] brn
|upkeep
|turn|13
|
|switch|p1a: Togekiss|Togekiss, F|7/100
|move|p2a: Reuniclus|Psychic|p1a: Togekiss
|-damage|p1a: Togekiss|0 fnt
|faint|p1a: Togekiss
|
|upkeep
|
|switch|p1a: Dracozolt|Dracozolt|100/100
|turn|14
|
|move|p1a: Dracozolt|Substitute|p1a: Dracozolt
|-start|p1a: Dracozolt|Substitute
|-damage|p1a: Dracozolt|76/100
|move|p2a: Reuniclus|Psychic|p1a: Dracozolt
|-end|p1a: Dracozolt|Substitute
|
|upkeep
|turn|15
|
|move|p1a: Dracozolt|Bolt Beak|p2a: Reuniclus
|-damage|p2a: Reuniclus|0 fnt
|faint|p2a: Reuniclus
|
|upkeep
|inactive|MrBBWLover has 120 seconds left.
|
|switch|p2a: Mamoswine|Mamoswine, M|100/100
|turn|16
|
|switch|p1a: Ferrothorn|Ferrothorn, M|56/100
|move|p2a: Mamoswine|Earthquake|p1a: Ferrothorn
|-damage|p1a: Ferrothorn|26/100
|
|-heal|p1a: Ferrothorn|33/100|[from] item: Leftovers
|upkeep
|turn|17
|
|move|p2a: Mamoswine|Superpower|p1a: Ferrothorn
|-supereffective|p1a: Ferrothorn
|-damage|p1a: Ferrothorn|0 fnt
|-damage|p2a: Mamoswine|88/100|[from] ability: Iron Barbs|[of] p1a: Ferrothorn
|-unboost|p2a: Mamoswine|atk|1
|-unboost|p2a: Mamoswine|def|1
|faint|p1a: Ferrothorn
|
|upkeep
|
|switch|p1a: Conkeldurr|Conkeldurr, F|77/100 brn
|turn|18
|
|switch|p2a: Clefable|Clefable, M|100/100
|move|p1a: Conkeldurr|Earthquake|p2a: Clefable
|-damage|p2a: Clefable|36/100
|
|-heal|p2a: Clefable|42/100|[from] item: Leftovers
|-damage|p1a: Conkeldurr|71/100 brn|[from] brn
|upkeep
|turn|19
|
|switch|p1a: Toxapex|Toxapex, F|100/100
|move|p2a: Clefable|Moonblast|p1a: Toxapex
|-resisted|p1a: Toxapex
|-damage|p1a: Toxapex|88/100
|
|-heal|p2a: Clefable|48/100|[from] item: Leftovers
|-heal|p1a: Toxapex|94/100|[from] item: Black Sludge
|upkeep
|turn|20
|
|switch|p1a: Dracozolt|Dracozolt|76/100
|move|p2a: Clefable|Wish|p2a: Clefable
|
|-heal|p2a: Clefable|54/100|[from] item: Leftovers
|upkeep
|turn|21
|
|move|p2a: Clefable|Protect|p2a: Clefable
|-singleturn|p2a: Clefable|Protect
|move|p1a: Dracozolt|Bolt Beak|p2a: Clefable
|-activate|p2a: Clefable|move: Protect
|
|-heal|p2a: Clefable|100/100|[from] move: Wish|[wisher] Clefable
|upkeep
|turn|22
|
|move|p1a: Dracozolt|Bolt Beak|p2a: Clefable|[miss]
|-miss|p1a: Dracozolt|p2a: Clefable
|-enditem|p1a: Dracozolt|Blunder Policy
|-boost|p1a: Dracozolt|spe|2
|move|p2a: Clefable|Moonblast|p1a: Dracozolt
|-supereffective|p1a: Dracozolt
|-damage|p1a: Dracozolt|0 fnt
|faint|p1a: Dracozolt
|
|upkeep
|c|☆pastagirl|ripppp
|
|switch|p1a: Mamoswine|Mamoswine, M|100/100
|turn|23
|
|move|p2a: Clefable|Moonblast|p1a: Mamoswine
|-damage|p1a: Mamoswine|83/100
|move|p1a: Mamoswine|Avalanche|p2a: Clefable
|-damage|p2a: Clefable|41/100
|
|-heal|p2a: Clefable|47/100|[from] item: Leftovers
|upkeep
|turn|24
|
|move|p2a: Clefable|Wish|p2a: Clefable
|move|p1a: Mamoswine|Avalanche|p2a: Clefable
|-damage|p2a: Clefable|20/100
|
|-heal|p2a: Clefable|26/100|[from] item: Leftovers
|upkeep
|turn|25
|
|move|p2a: Clefable|Protect|p2a: Clefable
|-singleturn|p2a: Clefable|Protect
|move|p1a: Mamoswine|Avalanche|p2a: Clefable
|-activate|p2a: Clefable|move: Protect
|
|-heal|p2a: Clefable|76/100|[from] move: Wish|[wisher] Clefable
|-heal|p2a: Clefable|82/100|[from] item: Leftovers
|upkeep
|turn|26
|
|move|p1a: Mamoswine|Stone Edge|p2a: Clefable
|-damage|p2a: Clefable|52/100
|move|p2a: Clefable|Moonblast|p1a: Mamoswine
|-damage|p1a: Mamoswine|66/100
|-unboost|p1a: Mamoswine|spa|1
|
|-heal|p2a: Clefable|58/100|[from] item: Leftovers
|upkeep
|turn|27
|
|move|p2a: Clefable|Wish|p2a: Clefable
|move|p1a: Mamoswine|Avalanche|p2a: Clefable
|-damage|p2a: Clefable|30/100
|
|-heal|p2a: Clefable|37/100|[from] item: Leftovers
|upkeep
|turn|28
|
|move|p2a: Clefable|Moonblast|p1a: Mamoswine
|-crit|p1a: Mamoswine
|-damage|p1a: Mamoswine|42/100
|move|p1a: Mamoswine|Avalanche|p2a: Clefable
|-damage|p2a: Clefable|0 fnt
|faint|p2a: Clefable
|
|upkeep
|
|switch|p2a: Mamoswine|Mamoswine, M|88/100
|turn|29
|
|move|p1a: Mamoswine|Ice Shard|p2a: Mamoswine
|-crit|p2a: Mamoswine
|-damage|p2a: Mamoswine|72/100
|move|p2a: Mamoswine|Earthquake|p1a: Mamoswine
|-damage|p1a: Mamoswine|0 fnt
|faint|p1a: Mamoswine
|
|upkeep
|
|switch|p1a: Conkeldurr|Conkeldurr, F|71/100 brn
|turn|30
|
|move|p1a: Conkeldurr|Mach Punch|p2a: Mamoswine
|-supereffective|p2a: Mamoswine
|-damage|p2a: Mamoswine|0 fnt
|faint|p2a: Mamoswine
|
|-damage|p1a: Conkeldurr|65/100 brn|[from] brn
|upkeep
|
|switch|p2a: Tyranitar|Tyranitar, M|100/100
|-weather|Sandstorm|[from] ability: Sand Stream|[of] p2a: Tyranitar
|turn|31
|
|move|p1a: Conkeldurr|Mach Punch|p2a: Tyranitar
|-supereffective|p2a: Tyranitar
|-damage|p2a: Tyranitar|0 fnt
|faint|p2a: Tyranitar
|
|-weather|Sandstorm|[upkeep]
|-damage|p1a: Conkeldurr|59/100 brn|[from] Sandstorm
|-damage|p1a: Conkeldurr|53/100 brn|[from] brn
|upkeep
|
|switch|p2a: Excadrill|Excadrill, M|76/100
|turn|32
|
|move|p1a: Conkeldurr|Mach Punch|p2a: Excadrill
|-supereffective|p2a: Excadrill
|-damage|p2a: Excadrill|0 fnt
|faint|p2a: Excadrill
|
|win|pastagirl
|c|☆pastagirl|gg
|l|☆MrBBWLover
|raw|pastagirl's rating: 1282 → 1308(+26 for winning)
|raw|MrBBWLover's rating: 1294 → 1268(-26 for losing)
