|ScrapeTime|2020-01-01-14:56:57
|j|☆splVoyager
|j|☆Shikikan
|player|p1|splVoyager|pokemonranger-gen4|1230
|player|p2|Shikikan|srandjr-gen3|1264
|teamsize|p1|6
|teamsize|p2|6
|gametype|singles
|gen|8
|tier|[Gen 8] OU
|rated|
|rule|Sleep Clause Mod: Limit one foe put to sleep
|rule|Species Clause: Limit one of each Pokémon
|rule|OHKO Clause: OHKO moves are banned
|rule|Evasion Moves Clause: Evasion moves are banned
|rule|Endless Battle Clause: Forcing endless battles is banned
|rule|HP Percentage Mod: HP is shown in percentages
|clearpoke
|poke|p1|Aegislash, M|
|poke|p1|Bewear, F|
|poke|p1|Mandibuzz, F|
|poke|p1|Clefable, M|
|poke|p1|Hydreigon, M|
|poke|p1|Mew|
|poke|p2|Rotom-Mow|
|poke|p2|Seismitoad, M|
|poke|p2|Excadrill, F|
|poke|p2|Tyranitar, F|
|poke|p2|Clefable, M|
|poke|p2|Aegislash, F|
|rule|Dynamax Clause: You cannot dynamax
|teampreview
|inactive|Battle timer is ON: inactive players will automatically lose when time's up. (requested by splVoyager)
|
|start
|switch|p1a: Bewear|Bewear, F|100/100
|switch|p2a: Tyranitar|Tyranitar, F|100/100
|-weather|Sandstorm|[from] ability: Sand Stream|[of] p2a: Tyranitar
|turn|1
|
|switch|p2a: Aegislash|Aegislash, F|100/100
|move|p1a: Bewear|Close Combat|p2a: Aegislash
|-immune|p2a: Aegislash
|
|-weather|Sandstorm|[upkeep]
|-damage|p1a: Bewear|94/100|[from] Sandstorm
|upkeep
|turn|2
|
|move|p2a: Aegislash|King's Shield|p2a: Aegislash
|-singleturn|p2a: Aegislash|Protect
|move|p1a: Bewear|Darkest Lariat|p2a: Aegislash
|-activate|p2a: Aegislash|move: Protect
|-unboost|p1a: Bewear|atk|1
|
|-weather|Sandstorm|[upkeep]
|-damage|p1a: Bewear|88/100|[from] Sandstorm
|upkeep
|turn|3
|
|switch|p1a: Mandibuzz|Mandibuzz, F|100/100
|-formechange|p2a: Aegislash|Aegislash-Blade||[from] ability: Stance Change
|move|p2a: Aegislash|Close Combat|p1a: Mandibuzz
|-damage|p1a: Mandibuzz|73/100
|-unboost|p2a: Aegislash|def|1
|-unboost|p2a: Aegislash|spd|1
|
|-weather|Sandstorm|[upkeep]
|upkeep
|turn|4
|
|switch|p2a: Clefable|Clefable, M|100/100
|move|p1a: Mandibuzz|Roost|p1a: Mandibuzz
|-heal|p1a: Mandibuzz|100/100
|-singleturn|p1a: Mandibuzz|move: Roost
|
|-weather|Sandstorm|[upkeep]
|upkeep
|turn|5
|
|move|p1a: Mandibuzz|U-turn|p2a: Clefable
|-resisted|p2a: Clefable
|-damage|p2a: Clefable|94/100
|
|switch|p1a: Aegislash|Aegislash, M|100/100|[from]move: U-turn
|move|p2a: Clefable|Thunderbolt|p1a: Aegislash
|-damage|p1a: Aegislash|75/100
|-status|p1a: Aegislash|par
|
|-weather|none
|-heal|p1a: Aegislash|81/100 par|[from] item: Leftovers
|upkeep
|turn|6
|inactive|Shikikan has 120 seconds left.
|inactive|Shikikan has 90 seconds left.
|inactive|Shikikan has 60 seconds left.
|inactive|Shikikan has 30 seconds left.
|
|move|p2a: Clefable|Flamethrower|p1a: Aegislash
|-supereffective|p1a: Aegislash
|-damage|p1a: Aegislash|28/100 par
|cant|p1a: Aegislash|par
|
|-heal|p1a: Aegislash|34/100 par|[from] item: Leftovers
|upkeep
|turn|7
|inactive|Shikikan has 30 seconds left.
|
|switch|p1a: Mew|Mew|100/100
|move|p2a: Clefable|Flamethrower|p1a: Mew
|-damage|p1a: Mew|65/100
|
|upkeep
|turn|8
|
|switch|p2a: Excadrill|Excadrill, F|100/100
|-ability|p2a: Excadrill|Mold Breaker
|move|p1a: Mew|Psychic|p2a: Excadrill
|-resisted|p2a: Excadrill
|-damage|p2a: Excadrill|76/100
|
|upkeep
|turn|9
|
|switch|p1a: Mandibuzz|Mandibuzz, F|100/100
|move|p2a: Excadrill|Earthquake|p1a: Mandibuzz
|-immune|p1a: Mandibuzz
|
|upkeep
|turn|10
|inactive|Shikikan has 30 seconds left.
|inactive|Shikikan has 20 seconds left.
|
|switch|p2a: Rotom|Rotom-Mow|100/100
|move|p1a: Mandibuzz|U-turn|p2a: Rotom
|-supereffective|p2a: Rotom
|-damage|p2a: Rotom|66/100
|inactive|Shikikan has 25 seconds left this turn.
|
|switch|p1a: Mew|Mew|65/100|[from]move: U-turn
|
|upkeep
|turn|11
|inactive|Shikikan has 30 seconds left.
|inactive|Shikikan has 20 seconds left.
|
|move|p2a: Rotom|Volt Switch|p1a: Mew
|-damage|p1a: Mew|33/100
|inactive|Shikikan has 25 seconds left this turn.
|
|switch|p2a: Tyranitar|Tyranitar, F|100/100|[from]move: Volt Switch
|-weather|Sandstorm|[from] ability: Sand Stream|[of] p2a: Tyranitar
|move|p1a: Mew|Spikes|p2a: Tyranitar
|-sidestart|p2: Shikikan|Spikes
|
|-weather|Sandstorm|[upkeep]
|-damage|p1a: Mew|27/100|[from] Sandstorm
|upkeep
|turn|12
|inactive|Shikikan has 30 seconds left.
|
|switch|p1a: Bewear|Bewear, F|88/100
|move|p2a: Tyranitar|Crunch|p1a: Bewear
|-resisted|p1a: Bewear
|-damage|p1a: Bewear|79/100
|
|-weather|Sandstorm|[upkeep]
|-damage|p1a: Bewear|73/100|[from] Sandstorm
|upkeep
|turn|13
|inactive|Shikikan has 30 seconds left.
|
|switch|p2a: Clefable|Clefable, M|94/100
|move|p1a: Bewear|Darkest Lariat|p2a: Clefable
|-resisted|p2a: Clefable
|-damage|p2a: Clefable|70/100
|-damage|p1a: Bewear|63/100|[from] item: Life Orb
|
|-weather|Sandstorm|[upkeep]
|-damage|p1a: Bewear|57/100|[from] Sandstorm
|upkeep
|turn|14
|
|move|p1a: Bewear|Double-Edge|p2a: Clefable
|-damage|p2a: Clefable|0 fnt
|-damage|p1a: Bewear|34/100|[from] Recoil
|-damage|p1a: Bewear|24/100|[from] item: Life Orb
|faint|p2a: Clefable
|
|-weather|Sandstorm|[upkeep]
|-damage|p1a: Bewear|18/100|[from] Sandstorm
|upkeep
|inactive|Shikikan has 30 seconds left.
|
|switch|p2a: Rotom|Rotom-Mow|66/100
|turn|15
|
|switch|p1a: Mew|Mew|27/100
|move|p2a: Rotom|Volt Switch|p1a: Mew
|-damage|p1a: Mew|0 fnt
|faint|p1a: Mew
|
|switch|p2a: Excadrill|Excadrill, F|76/100|[from]move: Volt Switch
|-damage|p2a: Excadrill|63/100|[from] Spikes
|-ability|p2a: Excadrill|Mold Breaker
|
|-weather|none
|upkeep
|
|switch|p1a: Hydreigon|Hydreigon, M|100/100
|turn|16
|
|move|p2a: Excadrill|Protect|p2a: Excadrill
|-singleturn|p2a: Excadrill|Protect
|move|p1a: Hydreigon|Earth Power|p2a: Excadrill
|-activate|p2a: Excadrill|move: Protect
|
|upkeep
|turn|17
|
|move|p1a: Hydreigon|Earth Power|p2a: Excadrill
|-supereffective|p2a: Excadrill
|-damage|p2a: Excadrill|0 fnt
|faint|p2a: Excadrill
|
|upkeep
|
|switch|p2a: Tyranitar|Tyranitar, F|100/100
|-damage|p2a: Tyranitar|88/100|[from] Spikes
|-weather|Sandstorm|[from] ability: Sand Stream|[of] p2a: Tyranitar
|turn|18
|
|move|p1a: Hydreigon|Earth Power|p2a: Tyranitar
|-supereffective|p2a: Tyranitar
|-damage|p2a: Tyranitar|70/100
|move|p2a: Tyranitar|Rock Slide|p1a: Hydreigon
|-damage|p1a: Hydreigon|63/100
|
|-weather|Sandstorm|[upkeep]
|-damage|p1a: Hydreigon|57/100|[from] Sandstorm
|upkeep
|turn|19
|
|switch|p1a: Aegislash|Aegislash, M|34/100 par
|move|p2a: Tyranitar|Rock Slide|p1a: Aegislash
|-resisted|p1a: Aegislash
|-damage|p1a: Aegislash|20/100 par
|
|-weather|Sandstorm|[upkeep]
|-heal|p1a: Aegislash|26/100 par|[from] item: Leftovers
|upkeep
|turn|20
|inactive|Shikikan has 60 seconds left.
|
|move|p2a: Tyranitar|Earthquake|p1a: Aegislash
|-supereffective|p1a: Aegislash
|-crit|p1a: Aegislash
|-damage|p1a: Aegislash|0 fnt
|faint|p1a: Aegislash
|
|-weather|Sandstorm|[upkeep]
|upkeep
|
|switch|p1a: Bewear|Bewear, F|18/100
|turn|21
|inactive|Shikikan has 60 seconds left.
|
|switch|p2a: Aegislash|Aegislash, F|100/100
|-damage|p2a: Aegislash|88/100|[from] Spikes
|move|p1a: Bewear|Close Combat|p2a: Aegislash
|-immune|p2a: Aegislash
|
|-weather|Sandstorm|[upkeep]
|-damage|p1a: Bewear|12/100|[from] Sandstorm
|upkeep
|turn|22
|
|move|p2a: Aegislash|King's Shield|p2a: Aegislash
|-singleturn|p2a: Aegislash|Protect
|move|p1a: Bewear|Darkest Lariat|p2a: Aegislash
|-activate|p2a: Aegislash|move: Protect
|-unboost|p1a: Bewear|atk|1
|
|-weather|none
|upkeep
|turn|23
|
|switch|p2a: Seismitoad|Seismitoad, M|100/100
|-damage|p2a: Seismitoad|88/100|[from] Spikes
|move|p1a: Bewear|Darkest Lariat|p2a: Seismitoad
|-damage|p2a: Seismitoad|69/100
|-damage|p1a: Bewear|2/100|[from] item: Life Orb
|
|-heal|p2a: Seismitoad|75/100|[from] item: Leftovers
|upkeep
|turn|24
|
|move|p1a: Bewear|Double-Edge|p2a: Seismitoad
|-crit|p2a: Seismitoad
|-damage|p2a: Seismitoad|0 fnt
|-damage|p1a: Bewear|0 fnt|[from] Recoil
|faint|p2a: Seismitoad
|faint|p1a: Bewear
|
|upkeep
|inactive|Shikikan has 60 seconds left.
|
|switch|p1a: Mandibuzz|Mandibuzz, F|100/100
|switch|p2a: Tyranitar|Tyranitar, F|70/100
|-damage|p2a: Tyranitar|58/100|[from] Spikes
|-weather|Sandstorm|[from] ability: Sand Stream|[of] p2a: Tyranitar
|turn|25
|
|move|p1a: Mandibuzz|U-turn|p2a: Tyranitar
|-supereffective|p2a: Tyranitar
|-damage|p2a: Tyranitar|40/100
|
|switch|p1a: Clefable|Clefable, M|100/100|[from]move: U-turn
|move|p2a: Tyranitar|Rock Slide|p1a: Clefable
|-damage|p1a: Clefable|57/100
|
|-weather|Sandstorm|[upkeep]
|upkeep
|turn|26
|
|move|p1a: Clefable|Moonblast|p2a: Tyranitar
|-supereffective|p2a: Tyranitar
|-damage|p2a: Tyranitar|6/100
|move|p2a: Tyranitar|Iron Head|p1a: Clefable
|-supereffective|p1a: Clefable
|-damage|p1a: Clefable|0 fnt
|faint|p1a: Clefable
|
|-weather|Sandstorm|[upkeep]
|upkeep
|
|switch|p1a: Hydreigon|Hydreigon, M|57/100
|turn|27
|
|move|p1a: Hydreigon|Dark Pulse|p2a: Tyranitar
|-resisted|p2a: Tyranitar
|-crit|p2a: Tyranitar
|-damage|p2a: Tyranitar|0 fnt
|faint|p2a: Tyranitar
|
|-weather|Sandstorm|[upkeep]
|-damage|p1a: Hydreigon|51/100|[from] Sandstorm
|upkeep
|
|switch|p2a: Aegislash|Aegislash, F|88/100
|-damage|p2a: Aegislash|76/100|[from] Spikes
|turn|28
|
|move|p2a: Aegislash|King's Shield|p2a: Aegislash
|-singleturn|p2a: Aegislash|Protect
|move|p1a: Hydreigon|Dark Pulse|p2a: Aegislash
|-activate|p2a: Aegislash|move: Protect
|
|-weather|Sandstorm|[upkeep]
|-damage|p1a: Hydreigon|45/100|[from] Sandstorm
|upkeep
|turn|29
|inactive|Shikikan has 90 seconds left.
|
|-formechange|p2a: Aegislash|Aegislash-Blade||[from] ability: Stance Change
|move|p2a: Aegislash|Shadow Sneak|p1a: Hydreigon
|-resisted|p1a: Hydreigon
|-damage|p1a: Hydreigon|31/100
|move|p1a: Hydreigon|Dark Pulse|p2a: Aegislash
|-supereffective|p2a: Aegislash
|-damage|p2a: Aegislash|0 fnt
|faint|p2a: Aegislash
|
|-weather|none
|upkeep
|inactive|Shikikan has 90 seconds left.
|
|switch|p2a: Rotom|Rotom-Mow|66/100
|turn|30
|
|move|p1a: Hydreigon|Dark Pulse|p2a: Rotom
|-damage|p2a: Rotom|11/100
|move|p2a: Rotom|Volt Switch|p1a: Hydreigon
|-resisted|p1a: Hydreigon
|-damage|p1a: Hydreigon|14/100
|
|upkeep
|turn|31
|-message|Shikikan forfeited.
|
|win|splVoyager
|l|☆Shikikan
|raw|splVoyager's rating: 1230 → 1258(+28 for winning)
|raw|Shikikan's rating: 1264 → 1236(-28 for losing)
|c|☆splVoyager|GG
