|ScrapeTime|2020-01-02-05:45:31
|j|☆beergoggles
|j|☆nadavermelho
|player|p1|beergoggles|130|1224
|player|p2|nadavermelho|backpacker|1248
|teamsize|p1|6
|teamsize|p2|6
|gametype|singles
|gen|8
|tier|[Gen 8] OU
|rated|
|rule|Sleep Clause Mod: Limit one foe put to sleep
|rule|Species Clause: Limit one of each Pokémon
|rule|OHKO Clause: OHKO moves are banned
|rule|Evasion Moves Clause: Evasion moves are banned
|rule|Endless Battle Clause: Forcing endless battles is banned
|rule|HP Percentage Mod: HP is shown in percentages
|clearpoke
|poke|p1|Pincurchin, F|
|poke|p1|Hawlucha, F|
|poke|p1|Cloyster, M|
|poke|p1|Indeedee, M|
|poke|p1|Cinderace, F|
|poke|p1|Excadrill, M|
|poke|p2|Pelipper, F|
|poke|p2|Barraskewda, M|
|poke|p2|Gyarados, M|
|poke|p2|Jolteon, M|
|poke|p2|Corviknight, M|
|poke|p2|Ditto|
|rule|Dynamax Clause: You cannot dynamax
|teampreview
|
|start
|switch|p1a: Excadrill|Excadrill, M|100/100
|switch|p2a: Seta Chuva|Pelipper, F|100/100
|-ability|p1a: Excadrill|Mold Breaker
|-weather|RainDance|[from] ability: Drizzle|[of] p2a: Seta Chuva
|turn|1
|
|move|p1a: Excadrill|Rock Tomb|p2a: Seta Chuva
|-supereffective|p2a: Seta Chuva
|-damage|p2a: Seta Chuva|66/100
|-unboost|p2a: Seta Chuva|spe|1
|move|p2a: Seta Chuva|Scald|p1a: Excadrill
|-supereffective|p1a: Excadrill
|-enditem|p1a: Excadrill|Focus Sash
|-damage|p1a: Excadrill|1/100
|
|-weather|RainDance|[upkeep]
|upkeep
|turn|2
|
|move|p1a: Excadrill|Stealth Rock|p2a: Seta Chuva
|-sidestart|p2: nadavermelho|move: Stealth Rock
|move|p2a: Seta Chuva|U-turn|p1a: Excadrill
|-resisted|p1a: Excadrill
|-damage|p1a: Excadrill|0 fnt
|faint|p1a: Excadrill
|
|switch|p2a: Corviknight|Corviknight, M|100/100|[from]move: U-turn
|-damage|p2a: Corviknight|88/100|[from] Stealth Rock
|
|-weather|RainDance|[upkeep]
|-heal|p2a: Corviknight|94/100|[from] item: Leftovers
|upkeep
|
|switch|p1a: Cloyster|Cloyster, M|100/100
|turn|3
|
|move|p1a: Cloyster|Shell Smash|p1a: Cloyster
|-unboost|p1a: Cloyster|def|1
|-unboost|p1a: Cloyster|spd|1
|-boost|p1a: Cloyster|atk|2
|-boost|p1a: Cloyster|spa|2
|-boost|p1a: Cloyster|spe|2
|move|p2a: Corviknight|Brave Bird|p1a: Cloyster
|-damage|p1a: Cloyster|33/100
|-damage|p2a: Corviknight|81/100|[from] Recoil
|
|-weather|RainDance|[upkeep]
|-heal|p2a: Corviknight|87/100|[from] item: Leftovers
|upkeep
|turn|4
|
|move|p1a: Cloyster|Icicle Spear|p2a: Corviknight
|-damage|p2a: Corviknight|67/100
|-damage|p2a: Corviknight|49/100
|-damage|p2a: Corviknight|30/100
|-damage|p2a: Corviknight|12/100
|-damage|p2a: Corviknight|0 fnt
|-hitcount|p2a: Corviknight|5
|faint|p2a: Corviknight
|
|-weather|RainDance|[upkeep]
|upkeep
|
|switch|p2a: Heart|Barraskewda, M|100/100
|-damage|p2a: Heart|88/100|[from] Stealth Rock
|turn|5
|
|move|p1a: Cloyster|Ice Shard|p2a: Heart
|-resisted|p2a: Heart
|-damage|p2a: Heart|53/100
|move|p2a: Heart|Close Combat|p1a: Cloyster
|-supereffective|p1a: Cloyster
|-damage|p1a: Cloyster|0 fnt
|-unboost|p2a: Heart|def|1
|-unboost|p2a: Heart|spd|1
|faint|p1a: Cloyster
|
|-weather|RainDance|[upkeep]
|upkeep
|
|switch|p1a: Dustpan|Pincurchin, F|100/100
|-fieldstart|move: Electric Terrain|[from] ability: Electric Surge|[of] p1a: Dustpan
|turn|6
|
|move|p2a: Heart|Close Combat|p1a: Dustpan
|-damage|p1a: Dustpan|21/100
|-unboost|p2a: Heart|def|1
|-unboost|p2a: Heart|spd|1
|move|p1a: Dustpan|Memento|p2a: Heart
|-unboost|p2a: Heart|atk|2
|-unboost|p2a: Heart|spa|2
|faint|p1a: Dustpan
|
|-weather|RainDance|[upkeep]
|upkeep
|
|switch|p1a: Broom|Hawlucha, F|100/100
|-enditem|p1a: Broom|Electric Seed
|-boost|p1a: Broom|def|1
|turn|7
|
|move|p2a: Heart|Close Combat|p1a: Broom
|-resisted|p1a: Broom
|-damage|p1a: Broom|89/100
|-unboost|p2a: Heart|def|1
|-unboost|p2a: Heart|spd|1
|move|p1a: Broom|Swords Dance|p1a: Broom
|-boost|p1a: Broom|atk|2
|
|-weather|RainDance|[upkeep]
|upkeep
|turn|8
|
|move|p2a: Heart|Close Combat|p1a: Broom
|-resisted|p1a: Broom
|-damage|p1a: Broom|78/100
|-unboost|p2a: Heart|def|1
|-unboost|p2a: Heart|spd|1
|move|p1a: Broom|Swords Dance|p1a: Broom
|-boost|p1a: Broom|atk|2
|
|-weather|none
|upkeep
|turn|9
|
|move|p1a: Broom|Drain Punch|p2a: Heart
|-damage|p2a: Heart|0 fnt
|-heal|p1a: Broom|100/100|[from] drain|[of] p2a: Heart
|faint|p2a: Heart
|
|upkeep
|
|switch|p2a: Ctrl+C|Ditto|100/100
|-damage|p2a: Ctrl+C|88/100|[from] Stealth Rock
|-transform|p2a: Ctrl+C|p1a: Broom|[from] ability: Imposter
|turn|10
|
|move|p1a: Broom|Brave Bird|p2a: Ctrl+C
|-supereffective|p2a: Ctrl+C
|-damage|p2a: Ctrl+C|0 fnt
|-damage|p1a: Broom|72/100|[from] Recoil
|faint|p2a: Ctrl+C
|
|-fieldend|move: Electric Terrain
|upkeep
|
|switch|p2a: JoJolteon|Jolteon, M|100/100
|-damage|p2a: JoJolteon|88/100|[from] Stealth Rock
|turn|11
|
|move|p1a: Broom|Drain Punch|p2a: JoJolteon
|-damage|p2a: JoJolteon|0 fnt
|-heal|p1a: Broom|100/100|[from] drain|[of] p2a: JoJolteon
|faint|p2a: JoJolteon
|
|upkeep
|-message|nadavermelho forfeited.
|
|win|beergoggles
|l|☆nadavermelho
|raw|beergoggles's rating: 1224 → 1251(+27 for winning)
|raw|nadavermelho's rating: 1248 → 1222(-26 for losing)
