|ScrapeTime|2020-01-03-01:52:24
|j|☆JUANT4
|j|☆jkjkjkjlklklklk
|player|p1|JUANT4|steven|1035
|player|p2|jkjkjkjlklklklk|265|1073
|teamsize|p1|6
|teamsize|p2|6
|gametype|singles
|gen|8
|tier|[Gen 8] OU
|rated|
|rule|Sleep Clause Mod: Limit one foe put to sleep
|rule|Species Clause: Limit one of each Pokémon
|rule|OHKO Clause: OHKO moves are banned
|rule|Evasion Moves Clause: Evasion moves are banned
|rule|Endless Battle Clause: Forcing endless battles is banned
|rule|HP Percentage Mod: HP is shown in percentages
|clearpoke
|poke|p1|Polteageist|
|poke|p1|Ferrothorn, M|
|poke|p1|Sylveon, F|
|poke|p1|Hydreigon, M|
|poke|p1|Rotom-Wash|
|poke|p1|Wobbuffet, F|
|poke|p2|Hydreigon, M|
|poke|p2|Conkeldurr, M|
|poke|p2|Clefable, M|
|poke|p2|Rotom-Heat|
|poke|p2|Seismitoad, M|
|poke|p2|Ferrothorn, M|
|rule|Dynamax Clause: You cannot dynamax
|teampreview
|inactive|Battle timer is ON: inactive players will automatically lose when time's up. (requested by JUANT4)
|
|start
|switch|p1a: Ferrothorn|Ferrothorn, M, shiny|100/100
|switch|p2a: Ferrothorn|Ferrothorn, M, shiny|100/100
|turn|1
|
|move|p1a: Ferrothorn|Stealth Rock|p2a: Ferrothorn
|-sidestart|p2: jkjkjkjlklklklk|move: Stealth Rock
|move|p2a: Ferrothorn|Knock Off|p1a: Ferrothorn
|-damage|p1a: Ferrothorn|89/100
|-damage|p2a: Ferrothorn|88/100|[from] ability: Iron Barbs|[of] p1a: Ferrothorn
|-damage|p2a: Ferrothorn|72/100|[from] item: Rocky Helmet|[of] p1a: Ferrothorn
|-enditem|p1a: Ferrothorn|Rocky Helmet|[from] move: Knock Off|[of] p2a: Ferrothorn
|
|-heal|p2a: Ferrothorn|78/100|[from] item: Leftovers
|upkeep
|turn|2
|
|move|p1a: Ferrothorn|Spikes|p2a: Ferrothorn
|-sidestart|p2: jkjkjkjlklklklk|Spikes
|move|p2a: Ferrothorn|Spikes|p1a: Ferrothorn
|-sidestart|p1: JUANT4|Spikes
|
|-heal|p2a: Ferrothorn|84/100|[from] item: Leftovers
|upkeep
|turn|3
|
|move|p1a: Ferrothorn|Spikes|p2a: Ferrothorn
|-sidestart|p2: jkjkjkjlklklklk|Spikes
|move|p2a: Ferrothorn|Spikes|p1a: Ferrothorn
|-sidestart|p1: JUANT4|Spikes
|
|-heal|p2a: Ferrothorn|90/100|[from] item: Leftovers
|upkeep
|turn|4
|
|switch|p2a: Conkeldurr|Conkeldurr, M, shiny|100/100
|-damage|p2a: Conkeldurr|94/100|[from] Stealth Rock
|-damage|p2a: Conkeldurr|78/100|[from] Spikes
|move|p1a: Ferrothorn|Spikes|p2a: Conkeldurr
|-sidestart|p2: jkjkjkjlklklklk|Spikes
|
|-status|p2a: Conkeldurr|brn|[from] item: Flame Orb
|upkeep
|turn|5
|
|move|p2a: Conkeldurr|Defog|p1a: Ferrothorn
|-unboost|p1a: Ferrothorn|evasion|1
|-sideend|p1: JUANT4|Spikes|[from] move: Defog|[of] p2a: Conkeldurr
|-sideend|p2: jkjkjkjlklklklk|Spikes|[from] move: Defog|[of] p2a: Conkeldurr
|-sideend|p2: jkjkjkjlklklklk|Stealth Rock|[from] move: Defog|[of] p2a: Conkeldurr
|move|p1a: Ferrothorn|Leech Seed|p2a: Conkeldurr
|-start|p2a: Conkeldurr|move: Leech Seed
|
|-damage|p2a: Conkeldurr|65/100 brn|[from] Leech Seed|[of] p1a: Ferrothorn
|-heal|p1a: Ferrothorn|100/100|[silent]
|-damage|p2a: Conkeldurr|59/100 brn|[from] brn
|upkeep
|turn|6
|
|switch|p2a: Hydreigon|Hydreigon, M|100/100
|move|p1a: Ferrothorn|Stealth Rock|p2a: Hydreigon
|-sidestart|p2: jkjkjkjlklklklk|move: Stealth Rock
|
|upkeep
|turn|7
|
|move|p2a: Hydreigon|Fire Blast|p1a: Ferrothorn
|-supereffective|p1a: Ferrothorn
|-damage|p1a: Ferrothorn|0 fnt
|faint|p1a: Ferrothorn
|
|upkeep
|
|switch|p1a: Wobbuffet|Wobbuffet, F, shiny|100/100
|turn|8
|
|switch|p2a: Seismitoad|Seismitoad, M, shiny|100/100
|-damage|p2a: Seismitoad|94/100|[from] Stealth Rock
|move|p1a: Wobbuffet|Mirror Coat||[still]
|-fail|p1a: Wobbuffet
|
|-heal|p2a: Seismitoad|100/100|[from] item: Leftovers
|upkeep
|turn|9
|
|move|p2a: Seismitoad|Toxic|p1a: Wobbuffet
|-status|p1a: Wobbuffet|tox
|move|p1a: Wobbuffet|Counter||[still]
|-fail|p1a: Wobbuffet
|
|-damage|p1a: Wobbuffet|94/100 tox|[from] psn
|upkeep
|turn|10
|
|move|p2a: Seismitoad|Stealth Rock|p1a: Wobbuffet
|-sidestart|p1: JUANT4|move: Stealth Rock
|move|p1a: Wobbuffet|Counter||[still]
|-fail|p1a: Wobbuffet
|
|-heal|p1a: Wobbuffet|100/100 tox|[from] item: Leftovers
|-damage|p1a: Wobbuffet|88/100 tox|[from] psn
|upkeep
|turn|11
|
|move|p2a: Seismitoad|Scald|p1a: Wobbuffet
|-crit|p1a: Wobbuffet
|-damage|p1a: Wobbuffet|61/100 tox
|move|p1a: Wobbuffet|Encore|p2a: Seismitoad
|-start|p2a: Seismitoad|Encore
|
|-heal|p1a: Wobbuffet|67/100 tox|[from] item: Leftovers
|-damage|p1a: Wobbuffet|49/100 tox|[from] psn
|upkeep
|turn|12
|
|switch|p2a: Ferrothorn|Ferrothorn, M, shiny|90/100
|-damage|p2a: Ferrothorn|84/100|[from] Stealth Rock
|switch|p1a: Hydreigon|Hydreigon, M|100/100
|-damage|p1a: Hydreigon|88/100|[from] Stealth Rock
|
|-heal|p2a: Ferrothorn|90/100|[from] item: Leftovers
|upkeep
|turn|13
|
|switch|p2a: Rotom|Rotom-Heat, shiny|100/100
|-damage|p2a: Rotom|76/100|[from] Stealth Rock
|move|p1a: Hydreigon|Superpower|p2a: Rotom
|-damage|p2a: Rotom|34/100
|-unboost|p1a: Hydreigon|atk|1
|-unboost|p1a: Hydreigon|def|1
|-damage|p1a: Hydreigon|78/100|[from] item: Life Orb
|
|-heal|p2a: Rotom|40/100|[from] item: Leftovers
|upkeep
|turn|14
|-message|JUANT4 forfeited.
|
|win|jkjkjkjlklklklk
|l|☆JUANT4
