|ScrapeTime|2020-01-01-16:55:12
|j|☆axyxz
|j|☆Sykebike
|player|p1|axyxz|2|1119
|player|p2|Sykebike|psychic|1134
|teamsize|p1|6
|teamsize|p2|6
|gametype|singles
|gen|8
|tier|[Gen 8] OU
|rated|
|rule|Sleep Clause Mod: Limit one foe put to sleep
|rule|Species Clause: Limit one of each Pokémon
|rule|OHKO Clause: OHKO moves are banned
|rule|Evasion Moves Clause: Evasion moves are banned
|rule|Endless Battle Clause: Forcing endless battles is banned
|rule|HP Percentage Mod: HP is shown in percentages
|clearpoke
|poke|p1|Dragapult, M|
|poke|p1|Rotom-Wash|
|poke|p1|Ditto|
|poke|p1|Togekiss, F|
|poke|p1|Toxtricity, F|
|poke|p1|Cinderace, M|
|poke|p2|Obstagoon, F|
|poke|p2|Ferrothorn, F|
|poke|p2|Hippowdon, M|
|poke|p2|Jellicent, F|
|poke|p2|Clefable, M|
|poke|p2|Mandibuzz, F|
|rule|Dynamax Clause: You cannot dynamax
|teampreview
|inactive|Battle timer is ON: inactive players will automatically lose when time's up. (requested by axyxz)
|
|start
|switch|p1a: Rotom|Rotom-Wash|100/100
|switch|p2a: Jellicent|Jellicent, F|100/100
|turn|1
|
|move|p1a: Rotom|Volt Switch|p2a: Jellicent
|-supereffective|p2a: Jellicent
|-damage|p2a: Jellicent|51/100
|
|switch|p1a: Cinderace|Cinderace, M|100/100|[from]move: Volt Switch
|move|p2a: Jellicent|Strength Sap|p1a: Cinderace
|-unboost|p1a: Cinderace|atk|1
|-heal|p2a: Jellicent|100/100
|
|upkeep
|turn|2
|
|move|p1a: Cinderace|U-turn|p2a: Jellicent
|-resisted|p2a: Jellicent
|-damage|p2a: Jellicent|94/100
|
|switch|p1a: Rotom|Rotom-Wash|100/100|[from]move: U-turn
|move|p2a: Jellicent|Night Shade|p1a: Rotom
|-damage|p1a: Rotom|59/100
|
|-heal|p2a: Jellicent|100/100|[from] item: Leftovers
|upkeep
|turn|3
|
|move|p1a: Rotom|Will-O-Wisp|p2a: Jellicent
|-status|p2a: Jellicent|brn
|move|p2a: Jellicent|Strength Sap|p1a: Rotom
|-unboost|p1a: Rotom|atk|1
|
|-damage|p2a: Jellicent|94/100 brn|[from] brn
|upkeep
|turn|4
|
|move|p1a: Rotom|Hex|p2a: Jellicent
|-supereffective|p2a: Jellicent
|-damage|p2a: Jellicent|36/100 brn
|move|p2a: Jellicent|Strength Sap|p1a: Rotom
|-unboost|p1a: Rotom|atk|1
|-heal|p2a: Jellicent|56/100 brn
|
|-heal|p2a: Jellicent|62/100 brn|[from] item: Leftovers
|-damage|p2a: Jellicent|56/100 brn|[from] brn
|upkeep
|turn|5
|
|switch|p2a: Mandibuzz|Mandibuzz, F|100/100
|move|p1a: Rotom|Hex|p2a: Mandibuzz
|-resisted|p2a: Mandibuzz
|-damage|p2a: Mandibuzz|94/100
|
|upkeep
|turn|6
|
|move|p1a: Rotom|Will-O-Wisp|p2a: Mandibuzz
|-status|p2a: Mandibuzz|brn
|move|p2a: Mandibuzz|Knock Off|p1a: Rotom
|-damage|p1a: Rotom|48/100
|
|-damage|p2a: Mandibuzz|88/100 brn|[from] brn
|upkeep
|turn|7
|
|move|p1a: Rotom|Volt Switch|p2a: Mandibuzz
|-supereffective|p2a: Mandibuzz
|-damage|p2a: Mandibuzz|50/100 brn
|
|switch|p1a: Togekiss|Togekiss, F|100/100|[from]move: Volt Switch
|move|p2a: Mandibuzz|Knock Off|p1a: Togekiss
|-resisted|p1a: Togekiss
|-damage|p1a: Togekiss|97/100
|
|-damage|p2a: Mandibuzz|44/100 brn|[from] brn
|upkeep
|turn|8
|
|switch|p2a: Ferrothorn|Ferrothorn, F|100/100
|move|p1a: Togekiss|Dazzling Gleam|p2a: Ferrothorn
|-resisted|p2a: Ferrothorn
|-damage|p2a: Ferrothorn|84/100
|
|-heal|p2a: Ferrothorn|90/100|[from] item: Leftovers
|upkeep
|turn|9
|
|move|p1a: Togekiss|Thunder Wave|p2a: Ferrothorn
|-status|p2a: Ferrothorn|par
|move|p2a: Ferrothorn|Leech Seed|p1a: Togekiss
|-start|p1a: Togekiss|move: Leech Seed
|
|-heal|p2a: Ferrothorn|96/100 par|[from] item: Leftovers
|-damage|p1a: Togekiss|84/100|[from] Leech Seed|[of] p2a: Ferrothorn
|-heal|p2a: Ferrothorn|100/100 par|[silent]
|upkeep
|turn|10
|
|switch|p1a: Cinderace|Cinderace, M|100/100
|move|p2a: Ferrothorn|Gyro Ball|p1a: Cinderace
|-resisted|p1a: Cinderace
|-damage|p1a: Cinderace|68/100
|
|upkeep
|turn|11
|
|switch|p2a: Sykes|Hippowdon, M|100/100
|-weather|Sandstorm|[from] ability: Sand Stream|[of] p2a: Sykes
|move|p1a: Cinderace|Pyro Ball|p2a: Sykes
|-crit|p2a: Sykes
|-damage|p2a: Sykes|51/100
|
|-weather|Sandstorm|[upkeep]
|-damage|p1a: Cinderace|62/100|[from] Sandstorm
|-heal|p2a: Sykes|57/100|[from] item: Leftovers
|upkeep
|turn|12
|
|move|p1a: Cinderace|U-turn|p2a: Sykes
|-damage|p2a: Sykes|43/100
|
|switch|p1a: Rotom|Rotom-Wash|48/100|[from]move: U-turn
|move|p2a: Sykes|Earthquake|p1a: Rotom
|-immune|p1a: Rotom|[from] ability: Levitate
|
|-weather|Sandstorm|[upkeep]
|-damage|p1a: Rotom|42/100|[from] Sandstorm
|-heal|p2a: Sykes|50/100|[from] item: Leftovers
|upkeep
|turn|13
|
|switch|p2a: Ferrothorn|Ferrothorn, F|100/100 par
|move|p1a: Rotom|Hydro Pump|p2a: Ferrothorn
|-resisted|p2a: Ferrothorn
|-damage|p2a: Ferrothorn|79/100 par
|
|-weather|Sandstorm|[upkeep]
|-damage|p1a: Rotom|36/100|[from] Sandstorm
|-heal|p2a: Ferrothorn|85/100 par|[from] item: Leftovers
|upkeep
|turn|14
|c|☆Sykebike|why no items??
|
|move|p1a: Rotom|Volt Switch|p2a: Ferrothorn
|-resisted|p2a: Ferrothorn
|-damage|p2a: Ferrothorn|72/100 par
|
|switch|p1a: Ditto|Ditto|100/100|[from]move: Volt Switch
|-transform|p1a: Ditto|p2a: Ferrothorn|[from] ability: Imposter
|move|p2a: Ferrothorn|Leech Seed|p1a: Ditto
|-immune|p1a: Ditto
|
|-weather|Sandstorm|[upkeep]
|-heal|p2a: Ferrothorn|78/100 par|[from] item: Leftovers
|upkeep
|turn|15
|
|switch|p2a: Obstagoon|Obstagoon, F|100/100
|move|p1a: Ditto|Knock Off|p2a: Obstagoon
|-resisted|p2a: Obstagoon
|-damage|p2a: Obstagoon|89/100
|-enditem|p2a: Obstagoon|Flame Orb|[from] move: Knock Off|[of] p1a: Ditto
|
|-weather|none
|upkeep
|turn|16
|
|move|p2a: Obstagoon|Close Combat|p1a: Ditto
|-supereffective|p1a: Ditto
|-damage|p1a: Ditto|58/100
|-damage|p2a: Obstagoon|77/100|[from] ability: Iron Barbs|[of] p1a: Ditto
|-unboost|p2a: Obstagoon|def|1
|-unboost|p2a: Obstagoon|spd|1
|move|p1a: Ditto|Leech Seed|p2a: Obstagoon
|-start|p2a: Obstagoon|move: Leech Seed
|
|-damage|p2a: Obstagoon|65/100|[from] Leech Seed|[of] p1a: Ditto
|-heal|p1a: Ditto|71/100|[silent]
|upkeep
|turn|17
|
|switch|p2a: Kojo|Clefable, M|100/100
|move|p1a: Ditto|Spikes|p2a: Kojo
|-sidestart|p2: Sykebike|Spikes
|
|upkeep
|turn|18
|
|move|p2a: Kojo|Fire Blast|p1a: Ditto
|-supereffective|p1a: Ditto
|-damage|p1a: Ditto|0 fnt
|faint|p1a: Ditto
|
|upkeep
|
|switch|p1a: Toxtricity|Toxtricity, F|100/100
|turn|19
|inactive|Sykebike has 120 seconds left.
|
|switch|p2a: Mandibuzz|Mandibuzz, F|44/100 brn
|move|p1a: Toxtricity|Shift Gear|p1a: Toxtricity
|-boost|p1a: Toxtricity|spe|2
|-boost|p1a: Toxtricity|atk|1
|
|-damage|p2a: Mandibuzz|38/100 brn|[from] brn
|upkeep
|turn|20
|
|move|p1a: Toxtricity|Overdrive|p2a: Mandibuzz
|-supereffective|p2a: Mandibuzz
|-damage|p2a: Mandibuzz|0 fnt
|faint|p2a: Mandibuzz
|
|upkeep
|inactive|Sykebike has 120 seconds left.
|
|switch|p2a: Sykes|Hippowdon, M|50/100
|-damage|p2a: Sykes|37/100|[from] Spikes
|-weather|Sandstorm|[from] ability: Sand Stream|[of] p2a: Sykes
|turn|21
|
|move|p1a: Toxtricity|Boomburst|p2a: Sykes
|-damage|p2a: Sykes|0 fnt
|faint|p2a: Sykes
|
|-weather|Sandstorm|[upkeep]
|-damage|p1a: Toxtricity|94/100|[from] Sandstorm
|upkeep
|
|switch|p2a: Kojo|Clefable, M|100/100
|turn|22
|
|move|p1a: Toxtricity|Gunk Shot|p2a: Kojo
|-supereffective|p2a: Kojo
|-damage|p2a: Kojo|0 fnt
|faint|p2a: Kojo
|
|-weather|Sandstorm|[upkeep]
|-damage|p1a: Toxtricity|88/100|[from] Sandstorm
|upkeep
|
|switch|p2a: Ferrothorn|Ferrothorn, F|78/100 par
|-damage|p2a: Ferrothorn|66/100 par|[from] Spikes
|turn|23
|
|move|p1a: Toxtricity|Overdrive|p2a: Ferrothorn
|-resisted|p2a: Ferrothorn
|-damage|p2a: Ferrothorn|43/100 par
|cant|p2a: Ferrothorn|par
|
|-weather|Sandstorm|[upkeep]
|-damage|p1a: Toxtricity|82/100|[from] Sandstorm
|-heal|p2a: Ferrothorn|49/100 par|[from] item: Leftovers
|upkeep
|turn|24
|
|move|p1a: Toxtricity|Overdrive|p2a: Ferrothorn
|-resisted|p2a: Ferrothorn
|-damage|p2a: Ferrothorn|28/100 par
|move|p2a: Ferrothorn|Leech Seed|p1a: Toxtricity
|-start|p1a: Toxtricity|move: Leech Seed
|
|-weather|Sandstorm|[upkeep]
|-damage|p1a: Toxtricity|76/100|[from] Sandstorm
|-heal|p2a: Ferrothorn|34/100 par|[from] item: Leftovers
|-damage|p1a: Toxtricity|63/100|[from] Leech Seed|[of] p2a: Ferrothorn
|-heal|p2a: Ferrothorn|47/100 par|[silent]
|upkeep
|turn|25
|
|switch|p1a: Cinderace|Cinderace, M|62/100
|move|p2a: Ferrothorn|Spikes|p1a: Cinderace
|-sidestart|p1: axyxz|Spikes
|
|-weather|none
|-heal|p2a: Ferrothorn|53/100 par|[from] item: Leftovers
|upkeep
|turn|26
|
|switch|p2a: Jellicent|Jellicent, F|56/100 brn
|-damage|p2a: Jellicent|43/100 brn|[from] Spikes
|move|p1a: Cinderace|Pyro Ball|p2a: Jellicent
|-resisted|p2a: Jellicent
|-damage|p2a: Jellicent|20/100 brn
|
|-heal|p2a: Jellicent|26/100 brn|[from] item: Leftovers
|-damage|p2a: Jellicent|20/100 brn|[from] brn
|upkeep
|turn|27
|
|move|p1a: Cinderace|Pyro Ball|p2a: Jellicent
|-resisted|p2a: Jellicent
|-damage|p2a: Jellicent|0 fnt
|faint|p2a: Jellicent
|
|upkeep
|
|switch|p2a: Obstagoon|Obstagoon, F|65/100
|-damage|p2a: Obstagoon|52/100|[from] Spikes
|turn|28
|
|move|p2a: Obstagoon|Obstruct|p2a: Obstagoon
|-singleturn|p2a: Obstagoon|Protect
|move|p1a: Cinderace|U-turn|p2a: Obstagoon
|-activate|p2a: Obstagoon|move: Protect
|-unboost|p1a: Cinderace|def|2
|
|upkeep
|turn|29
|
|move|p1a: Cinderace|U-turn|p2a: Obstagoon
|-supereffective|p2a: Obstagoon
|-damage|p2a: Obstagoon|5/100
|
|switch|p1a: Rotom|Rotom-Wash|36/100|[from]move: U-turn
|move|p2a: Obstagoon|Knock Off|p1a: Rotom
|-damage|p1a: Rotom|2/100
|
|upkeep
|turn|30
|
|move|p2a: Obstagoon|Knock Off|p1a: Rotom
|-crit|p1a: Rotom
|-damage|p1a: Rotom|0 fnt
|faint|p1a: Rotom
|
|upkeep
|
|switch|p1a: Dragapult|Dragapult, M|100/100
|-damage|p1a: Dragapult|88/100|[from] Spikes
|turn|31
|
|move|p1a: Dragapult|U-turn|p2a: Obstagoon
|-supereffective|p2a: Obstagoon
|-damage|p2a: Obstagoon|0 fnt
|faint|p2a: Obstagoon
|
|switch|p1a: Cinderace|Cinderace, M|62/100|[from]move: U-turn
|-damage|p1a: Cinderace|49/100|[from] Spikes
|
|upkeep
|c|☆axyxz|gg
|inactive|Sykebike has 120 seconds left.
|
|switch|p2a: Ferrothorn|Ferrothorn, F|53/100 par
|-damage|p2a: Ferrothorn|40/100 par|[from] Spikes
|turn|32
|c|☆Sykebike|gg
|
|move|p1a: Cinderace|Pyro Ball|p2a: Ferrothorn
|-supereffective|p2a: Ferrothorn
|-damage|p2a: Ferrothorn|0 fnt
|faint|p2a: Ferrothorn
|
|win|axyxz
|l|☆Sykebike
|raw|axyxz's rating: 1119 → 1147(+28 for winning)
|raw|Sykebike's rating: 1156 → 1129(-27 for losing)
