|ScrapeTime|2020-01-02-04:12:26
|j|☆Boopster001
|j|☆mohrgames
|player|p1|Boopster001|emmet|
|player|p2|mohrgames|benga|
|teamsize|p1|6
|teamsize|p2|6
|gametype|singles
|gen|8
|tier|[Gen 8] OU
|rule|Sleep Clause Mod: Limit one foe put to sleep
|rule|Species Clause: Limit one of each Pokémon
|rule|OHKO Clause: OHKO moves are banned
|rule|Evasion Moves Clause: Evasion moves are banned
|rule|Endless Battle Clause: Forcing endless battles is banned
|rule|HP Percentage Mod: HP is shown in percentages
|clearpoke
|poke|p1|Machamp, F|
|poke|p1|Grimmsnarl, M|
|poke|p1|Clefable, M|
|poke|p1|Ludicolo, F|
|poke|p1|Indeedee, M|
|poke|p1|Gengar, M|
|poke|p2|Clefable, F|
|poke|p2|Grimmsnarl, M|
|poke|p2|Snorlax, F|
|poke|p2|Mew|
|poke|p2|Machamp, M|
|poke|p2|Slurpuff, F|
|rule|Dynamax Clause: You cannot dynamax
|teampreview
|
|start
|switch|p1a: Indeedee|Indeedee, M|100/100
|switch|p2a: Snorlax|Snorlax, F|100/100
|-fieldstart|move: Psychic Terrain|[from] ability: Psychic Surge|[of] p1a: Indeedee
|turn|1
|
|move|p1a: Indeedee|Metronome|p1a: Indeedee
|move|p1a: Indeedee|Psych Up|p2a: Snorlax|[from]Metronome
|-copyboost|p1a: Indeedee|p2a: Snorlax|[from] move: Psych Up
|move|p2a: Snorlax|Metronome|p2a: Snorlax
|move|p2a: Snorlax|Splash|p2a: Snorlax|[from]Metronome
|-nothing
|
|upkeep
|turn|2
|
|switch|p1a: Ludicolo|Ludicolo, F|100/100
|move|p2a: Snorlax|Metronome|p2a: Snorlax
|move|p2a: Snorlax|Reflect Type|p1a: Ludicolo|[from]Metronome
|-start|p2a: Snorlax|typechange|[from] move: Reflect Type|[of] p1a: Ludicolo
|
|upkeep
|turn|3
|
|move|p1a: Ludicolo|Metronome|p1a: Ludicolo
|move|p1a: Ludicolo|Rock Wrecker|p2a: Snorlax|[from]Metronome
|-damage|p2a: Snorlax|80/100
|-mustrecharge|p1a: Ludicolo
|move|p2a: Snorlax|Metronome|p2a: Snorlax
|move|p2a: Snorlax|Phantom Force||[from]Metronome|[still]
|-prepare|p2a: Snorlax|Phantom Force|p1a: Ludicolo
|
|-heal|p2a: Snorlax|86/100|[from] item: Leftovers
|upkeep
|turn|4
|
|cant|p1a: Ludicolo|recharge
|move|p2a: Snorlax|Phantom Force|p1a: Ludicolo|[from]lockedmove
|-crit|p1a: Ludicolo
|-damage|p1a: Ludicolo|33/100
|
|-heal|p2a: Snorlax|92/100|[from] item: Leftovers
|upkeep
|turn|5
|
|move|p1a: Ludicolo|Metronome|p1a: Ludicolo
|move|p1a: Ludicolo|Hyper Beam|p2a: Snorlax|[from]Metronome
|-damage|p2a: Snorlax|66/100
|-mustrecharge|p1a: Ludicolo
|move|p2a: Snorlax|Metronome|p2a: Snorlax
|move|p2a: Snorlax|Pluck|p1a: Ludicolo|[from]Metronome
|-supereffective|p1a: Ludicolo
|-damage|p1a: Ludicolo|0 fnt
|faint|p1a: Ludicolo
|
|-heal|p2a: Snorlax|72/100|[from] item: Leftovers
|-fieldend|move: Psychic Terrain
|upkeep
|
|switch|p1a: Gengar|Gengar, M|100/100
|turn|6
|
|move|p1a: Gengar|Metronome|p1a: Gengar
|move|p1a: Gengar|Leaf Blade|p2a: Snorlax|[from]Metronome
|-damage|p2a: Snorlax|61/100
|move|p2a: Snorlax|Metronome|p2a: Snorlax
|move|p2a: Snorlax|Drain Punch|p1a: Gengar|[from]Metronome
|-immune|p1a: Gengar
|
|-heal|p2a: Snorlax|67/100|[from] item: Leftovers
|upkeep
|turn|7
|
|move|p1a: Gengar|Metronome|p1a: Gengar
|move|p1a: Gengar|Tri Attack|p2a: Snorlax|[from]Metronome
|-damage|p2a: Snorlax|50/100
|move|p2a: Snorlax|Metronome|p2a: Snorlax
|move|p2a: Snorlax|Hydro Cannon|p1a: Gengar|[from]Metronome|[miss]
|-miss|p2a: Snorlax|p1a: Gengar
|
|-heal|p2a: Snorlax|56/100|[from] item: Leftovers
|upkeep
|turn|8
|
|move|p1a: Gengar|Metronome|p1a: Gengar
|move|p1a: Gengar|Teatime||[from]Metronome|[still]
|-fail|p1a: Gengar
|move|p2a: Snorlax|Metronome|p2a: Snorlax
|move|p2a: Snorlax|Spirit Shackle|p1a: Gengar|[from]Metronome
|-supereffective|p1a: Gengar
|-crit|p1a: Gengar
|-damage|p1a: Gengar|0 fnt
|faint|p1a: Gengar
|
|-heal|p2a: Snorlax|62/100|[from] item: Leftovers
|upkeep
|
|switch|p1a: Clefable|Clefable, M|100/100
|turn|9
|
|move|p1a: Clefable|Metronome|p1a: Clefable
|move|p1a: Clefable|Petal Dance|p2a: Snorlax|[from]Metronome
|-damage|p2a: Snorlax|42/100
|move|p2a: Snorlax|Metronome|p2a: Snorlax
|move|p2a: Snorlax|Encore||[from]Metronome|[still]
|-fail|p2a: Snorlax
|
|-heal|p2a: Snorlax|48/100|[from] item: Leftovers
|upkeep
|turn|10
|
|move|p1a: Clefable|Petal Dance|p2a: Snorlax|[from]lockedmove
|-damage|p2a: Snorlax|28/100
|move|p2a: Snorlax|Metronome|p2a: Snorlax
|move|p2a: Snorlax|Fake Tears|p1a: Clefable|[from]Metronome
|-unboost|p1a: Clefable|spd|2
|
|-heal|p2a: Snorlax|34/100|[from] item: Leftovers
|upkeep
|turn|11
|
|switch|p2a: Slurpuff|Slurpuff, F|100/100
|move|p1a: Clefable|Petal Dance|p2a: Slurpuff|[from]lockedmove
|-damage|p2a: Slurpuff|49/100
|-enditem|p2a: Slurpuff|Sitrus Berry|[eat]
|-heal|p2a: Slurpuff|74/100|[from] item: Sitrus Berry
|-start|p1a: Clefable|confusion|[fatigue]
|
|upkeep
|turn|12
|
|switch|p1a: Grimmsnarl|Grimmsnarl, M|100/100
|move|p2a: Slurpuff|Metronome|p2a: Slurpuff
|move|p2a: Slurpuff|Aura Sphere|p1a: Grimmsnarl|[from]Metronome
|-damage|p1a: Grimmsnarl|75/100
|
|upkeep
|turn|13
|
|move|p1a: Grimmsnarl|Metronome|p1a: Grimmsnarl
|move|p1a: Grimmsnarl|Vise Grip|p2a: Slurpuff|[from]Metronome
|-damage|p2a: Slurpuff|47/100
|move|p2a: Slurpuff|Metronome|p2a: Slurpuff
|move|p2a: Slurpuff|Round|p1a: Grimmsnarl|[from]Metronome
|-damage|p1a: Grimmsnarl|56/100
|
|upkeep
|turn|14
|
|switch|p1a: Indeedee|Indeedee, M|100/100
|-fieldstart|move: Psychic Terrain|[from] ability: Psychic Surge|[of] p1a: Indeedee
|move|p2a: Slurpuff|Metronome|p2a: Slurpuff
|move|p2a: Slurpuff|Hydro Pump|p1a: Indeedee|[from]Metronome
|-damage|p1a: Indeedee|59/100
|
|upkeep
|turn|15
|
|move|p2a: Slurpuff|Metronome|p2a: Slurpuff
|move|p2a: Slurpuff|Steel Wing|p1a: Indeedee|[from]Metronome
|-damage|p1a: Indeedee|35/100
|move|p1a: Indeedee|Metronome|p1a: Indeedee
|move|p1a: Indeedee|Crush Claw|p2a: Slurpuff|[from]Metronome
|-damage|p2a: Slurpuff|26/100
|-unboost|p2a: Slurpuff|def|1
|
|upkeep
|turn|16
|
|move|p2a: Slurpuff|Metronome|p2a: Slurpuff
|move|p2a: Slurpuff|Rest|p2a: Slurpuff|[from]Metronome
|-status|p2a: Slurpuff|slp|[from] move: Rest
|-heal|p2a: Slurpuff|100/100 slp|[silent]
|move|p1a: Indeedee|Metronome|p1a: Indeedee
|move|p1a: Indeedee|Blizzard|p2a: Slurpuff|[from]Metronome
|-damage|p2a: Slurpuff|46/100 slp
|
|upkeep
|turn|17
|
|cant|p2a: Slurpuff|slp
|move|p1a: Indeedee|Metronome|p1a: Indeedee
|move|p1a: Indeedee|Leaf Blade|p2a: Slurpuff|[from]Metronome
|-damage|p2a: Slurpuff|22/100 slp
|
|upkeep
|turn|18
|
|cant|p2a: Slurpuff|slp
|move|p1a: Indeedee|Metronome|p1a: Indeedee
|move|p1a: Indeedee|Howl|p1a: Indeedee|[from]Metronome
|-boost|p1a: Indeedee|atk|1
|
|-fieldend|move: Psychic Terrain
|upkeep
|turn|19
|
|-curestatus|p2a: Slurpuff|slp|[msg]
|move|p2a: Slurpuff|Metronome|p2a: Slurpuff
|move|p2a: Slurpuff|Cotton Guard|p2a: Slurpuff|[from]Metronome
|-boost|p2a: Slurpuff|def|3
|move|p1a: Indeedee|Metronome|p1a: Indeedee
|move|p1a: Indeedee|Extreme Speed|p2a: Slurpuff|[from]Metronome
|-damage|p2a: Slurpuff|4/100
|
|upkeep
|turn|20
|
|move|p2a: Slurpuff|Metronome|p2a: Slurpuff
|move|p2a: Slurpuff|Leaf Blade|p1a: Indeedee|[from]Metronome
|-crit|p1a: Indeedee
|-damage|p1a: Indeedee|0 fnt
|faint|p1a: Indeedee
|
|upkeep
|
|switch|p1a: Grimmsnarl|Grimmsnarl, M|56/100
|turn|21
|
|switch|p2a: Grimmsnarl|Grimmsnarl, M|100/100
|-item|p1a: Grimmsnarl|Sitrus Berry|[from] ability: Frisk|[of] p2a: Grimmsnarl|[identify]
|move|p1a: Grimmsnarl|Metronome|p1a: Grimmsnarl
|move|p1a: Grimmsnarl|Baton Pass|p1a: Grimmsnarl|[from]Metronome
|
|switch|p1a: Clefable|Clefable, M|100/100|[from]move: Baton Pass
|
|upkeep
|turn|22
|
|move|p1a: Clefable|Metronome|p1a: Clefable
|move|p1a: Clefable|Double Team|p1a: Clefable|[from]Metronome
|-boost|p1a: Clefable|evasion|1
|move|p2a: Grimmsnarl|Metronome|p2a: Grimmsnarl
|move|p2a: Grimmsnarl|Forest's Curse|p1a: Clefable|[from]Metronome|[miss]
|-miss|p2a: Grimmsnarl|p1a: Clefable
|
|upkeep
|turn|23
|
|move|p1a: Clefable|Metronome|p1a: Clefable
|move|p1a: Clefable|Icy Wind|p2a: Grimmsnarl|[from]Metronome
|-damage|p2a: Grimmsnarl|80/100
|-unboost|p2a: Grimmsnarl|spe|1
|move|p2a: Grimmsnarl|Metronome|p2a: Grimmsnarl
|move|p2a: Grimmsnarl|Fire Spin|p1a: Clefable|[from]Metronome
|-damage|p1a: Clefable|93/100
|-activate|p1a: Clefable|move: Fire Spin|[of] p2a: Grimmsnarl
|
|-heal|p1a: Clefable|99/100|[from] item: Leftovers
|upkeep
|turn|24
|
|move|p1a: Clefable|Metronome|p1a: Clefable
|move|p1a: Clefable|Flail|p2a: Grimmsnarl|[from]Metronome
|-damage|p2a: Grimmsnarl|76/100
|move|p2a: Grimmsnarl|Metronome|p2a: Grimmsnarl
|move|p2a: Grimmsnarl|Lava Plume|p1a: Clefable|[from]Metronome
|-damage|p1a: Clefable|81/100
|
|-heal|p1a: Clefable|88/100|[from] item: Leftovers
|upkeep
|turn|25
|
|move|p1a: Clefable|Metronome|p1a: Clefable
|move|p1a: Clefable|Bolt Beak|p2a: Grimmsnarl|[from]Metronome
|-damage|p2a: Grimmsnarl|37/100
|move|p2a: Grimmsnarl|Metronome|p2a: Grimmsnarl
|move|p2a: Grimmsnarl|Cross Chop|p1a: Clefable|[from]Metronome|[miss]
|-miss|p2a: Grimmsnarl|p1a: Clefable
|
|-heal|p1a: Clefable|94/100|[from] item: Leftovers
|upkeep
|turn|26
|
|move|p1a: Clefable|Metronome|p1a: Clefable
|move|p1a: Clefable|Water Gun|p2a: Grimmsnarl|[from]Metronome
|-damage|p2a: Grimmsnarl|24/100
|move|p2a: Grimmsnarl|Metronome|p2a: Grimmsnarl
|move|p2a: Grimmsnarl|Healing Wish|p2a: Grimmsnarl|[from]Metronome
|faint|p2a: Grimmsnarl
|
|-heal|p1a: Clefable|99/100|[from] item: Leftovers
|-end|p1a: Clefable|Fire Spin|[partiallytrapped]|[silent]
|upkeep
|
|switch|p2a: Slurpuff|Slurpuff, F|4/100
|-heal|p2a: Slurpuff|100/100|[from] move: Healing Wish
|turn|27
|
|move|p2a: Slurpuff|Metronome|p2a: Slurpuff
|move|p2a: Slurpuff|Foul Play|p1a: Clefable|[from]Metronome
|-resisted|p1a: Clefable
|-damage|p1a: Clefable|91/100
|move|p1a: Clefable|Metronome|p1a: Clefable
|move|p1a: Clefable|Bullet Punch|p2a: Slurpuff|[from]Metronome
|-supereffective|p2a: Slurpuff
|-damage|p2a: Slurpuff|83/100
|
|-heal|p1a: Clefable|97/100|[from] item: Leftovers
|upkeep
|turn|28
|
|move|p2a: Slurpuff|Metronome|p2a: Slurpuff
|move|p2a: Slurpuff|Horn Attack|p1a: Clefable|[from]Metronome|[miss]
|-miss|p2a: Slurpuff|p1a: Clefable
|move|p1a: Clefable|Metronome|p1a: Clefable
|move|p1a: Clefable|Dragon Pulse|p2a: Slurpuff|[from]Metronome
|-immune|p2a: Slurpuff
|
|-heal|p1a: Clefable|100/100|[from] item: Leftovers
|upkeep
|turn|29
|
|move|p2a: Slurpuff|Metronome|p2a: Slurpuff
|move|p2a: Slurpuff|Body Slam|p1a: Clefable|[from]Metronome
|-damage|p1a: Clefable|85/100
|-status|p1a: Clefable|par
|move|p1a: Clefable|Metronome|p1a: Clefable
|move|p1a: Clefable|Bite|p2a: Slurpuff|[from]Metronome
|-resisted|p2a: Slurpuff
|-damage|p2a: Slurpuff|77/100
|
|-heal|p1a: Clefable|91/100 par|[from] item: Leftovers
|upkeep
|turn|30
|
|move|p2a: Slurpuff|Metronome|p2a: Slurpuff
|move|p2a: Slurpuff|Magic Coat|p2a: Slurpuff|[from]Metronome
|-singleturn|p2a: Slurpuff|move: Magic Coat
|move|p1a: Clefable|Metronome|p1a: Clefable
|move|p1a: Clefable|Facade|p2a: Slurpuff|[from]Metronome
|-damage|p2a: Slurpuff|52/100
|
|-heal|p1a: Clefable|97/100 par|[from] item: Leftovers
|upkeep
|turn|31
|
|move|p2a: Slurpuff|Metronome|p2a: Slurpuff
|move|p2a: Slurpuff|Disable|p1a: Clefable|[from]Metronome
|-start|p1a: Clefable|Disable|Metronome
|cant|p1a: Clefable|Disable|Metronome
|
|-heal|p1a: Clefable|100/100 par|[from] item: Leftovers
|upkeep
|turn|32
|
|switch|p1a: Grimmsnarl|Grimmsnarl, M|56/100
|move|p2a: Slurpuff|Metronome|p2a: Slurpuff
|move|p2a: Slurpuff|Skull Bash||[from]Metronome|[still]
|-prepare|p2a: Slurpuff|Skull Bash|p1a: Grimmsnarl
|-boost|p2a: Slurpuff|def|1
|
|upkeep
|turn|33
|
|move|p1a: Grimmsnarl|Metronome|p1a: Grimmsnarl
|move|p1a: Grimmsnarl|Volt Switch|p2a: Slurpuff|[from]Metronome
|-damage|p2a: Slurpuff|32/100
|
|switch|p1a: Machamp|Machamp, F|100/100|[from]move: Volt Switch
|move|p2a: Slurpuff|Skull Bash|p1a: Machamp|[from]lockedmove
|-damage|p1a: Machamp|76/100
|
|-heal|p1a: Machamp|82/100|[from] item: Leftovers
|upkeep
|turn|34
|
|move|p2a: Slurpuff|Metronome|p2a: Slurpuff
|move|p2a: Slurpuff|Magnetic Flux||[from]Metronome|[still]
|-fail|p2a: Slurpuff
|move|p1a: Machamp|Metronome|p1a: Machamp
|move|p1a: Machamp|Present|p2a: Slurpuff|[from]Metronome
|-damage|p2a: Slurpuff|6/100
|
|-heal|p1a: Machamp|89/100|[from] item: Leftovers
|upkeep
|turn|35
|
|move|p2a: Slurpuff|Metronome|p2a: Slurpuff
|move|p2a: Slurpuff|Flame Wheel|p1a: Machamp|[from]Metronome
|-damage|p1a: Machamp|78/100
|move|p1a: Machamp|Metronome|p1a: Machamp
|move|p1a: Machamp|Low Kick|p2a: Slurpuff|[from]Metronome
|-resisted|p2a: Slurpuff
|-damage|p2a: Slurpuff|1/100
|
|-heal|p1a: Machamp|84/100|[from] item: Leftovers
|upkeep
|turn|36
|
|switch|p2a: Clefable|Clefable, F|100/100
|move|p1a: Machamp|Metronome|p1a: Machamp
|move|p1a: Machamp|Metal Claw|p2a: Clefable|[from]Metronome
|-supereffective|p2a: Clefable
|-damage|p2a: Clefable|55/100
|
|-heal|p1a: Machamp|90/100|[from] item: Leftovers
|upkeep
|turn|37
|
|move|p2a: Clefable|Metronome|p2a: Clefable
|move|p2a: Clefable|Shift Gear|p2a: Clefable|[from]Metronome
|-boost|p2a: Clefable|spe|2
|-boost|p2a: Clefable|atk|1
|move|p1a: Machamp|Metronome|p1a: Machamp
|move|p1a: Machamp|Thunderbolt|p2a: Clefable|[from]Metronome
|-damage|p2a: Clefable|43/100
|
|-heal|p1a: Machamp|96/100|[from] item: Leftovers
|upkeep
|turn|38
|
|move|p2a: Clefable|Metronome|p2a: Clefable
|move|p2a: Clefable|Mud-Slap|p1a: Machamp|[from]Metronome
|-damage|p1a: Machamp|86/100
|-unboost|p1a: Machamp|accuracy|1
|move|p1a: Machamp|Metronome|p1a: Machamp
|move|p1a: Machamp|Thunder Shock|p2a: Clefable|[from]Metronome
|-damage|p2a: Clefable|37/100
|
|-heal|p1a: Machamp|92/100|[from] item: Leftovers
|upkeep
|turn|39
|
|switch|p1a: Clefable|Clefable, M|100/100 par
|move|p2a: Clefable|Metronome|p2a: Clefable
|move|p2a: Clefable|Sky Attack||[from]Metronome|[still]
|-prepare|p2a: Clefable|Sky Attack|p1a: Clefable
|
|upkeep
|turn|40
|
|move|p2a: Clefable|Sky Attack||[still]
|-fail|p2a: Clefable
|move|p1a: Clefable|Metronome|p1a: Clefable
|move|p1a: Clefable|Rock Slide|p2a: Clefable|[from]Metronome
|-damage|p2a: Clefable|24/100
|
|upkeep
|turn|41
|
|move|p2a: Clefable|Metronome|p2a: Clefable
|move|p2a: Clefable|Ice Shard|p1a: Clefable|[from]Metronome
|-damage|p1a: Clefable|91/100 par
|move|p1a: Clefable|Metronome|p1a: Clefable
|move|p1a: Clefable|Skill Swap|p2a: Clefable|[from]Metronome
|-activate|p1a: Clefable|move: Skill Swap|Magic Guard|Magic Guard|[of] p2a: Clefable
|
|-heal|p1a: Clefable|97/100 par|[from] item: Leftovers
|upkeep
|turn|42
|
|move|p2a: Clefable|Metronome|p2a: Clefable
|move|p2a: Clefable|Shell Smash|p2a: Clefable|[from]Metronome
|-unboost|p2a: Clefable|def|1
|-unboost|p2a: Clefable|spd|1
|-boost|p2a: Clefable|atk|2
|-boost|p2a: Clefable|spa|2
|-boost|p2a: Clefable|spe|2
|move|p1a: Clefable|Metronome|p1a: Clefable
|move|p1a: Clefable|Throat Chop|p2a: Clefable|[from]Metronome
|-resisted|p2a: Clefable
|-damage|p2a: Clefable|13/100
|-start|p2a: Clefable|Throat Chop|[silent]
|
|-heal|p1a: Clefable|100/100 par|[from] item: Leftovers
|upkeep
|turn|43
|
|move|p2a: Clefable|Metronome|p2a: Clefable
|move|p2a: Clefable|Strength|p1a: Clefable|[from]Metronome
|-damage|p1a: Clefable|64/100 par
|move|p1a: Clefable|Metronome|p1a: Clefable
|move|p1a: Clefable|Octazooka|p2a: Clefable|[from]Metronome|[miss]
|-miss|p1a: Clefable|p2a: Clefable
|
|-heal|p1a: Clefable|70/100 par|[from] item: Leftovers
|-end|p2a: Clefable|Throat Chop|[silent]
|upkeep
|turn|44
|
|move|p2a: Clefable|Metronome|p2a: Clefable
|move|p2a: Clefable|Fake Out||[from]Metronome|[still]
|-fail|p2a: Clefable
|-hint|Fake Out only works on your first turn out.
|move|p1a: Clefable|Metronome|p1a: Clefable
|move|p1a: Clefable|Thunder|p2a: Clefable|[from]Metronome
|-damage|p2a: Clefable|0 fnt
|faint|p2a: Clefable
|
|-heal|p1a: Clefable|76/100 par|[from] item: Leftovers
|upkeep
|
|switch|p2a: Slurpuff|Slurpuff, F|1/100
|turn|45
|
|move|p2a: Slurpuff|Metronome|p2a: Slurpuff
|move|p2a: Slurpuff|Tail Slap|p1a: Clefable|[from]Metronome
|-damage|p1a: Clefable|71/100 par
|-damage|p1a: Clefable|66/100 par
|-hitcount|p1a: Clefable|2
|move|p1a: Clefable|Metronome|p1a: Clefable
|move|p1a: Clefable|Dig||[from]Metronome|[still]
|-prepare|p1a: Clefable|Dig|p2a: Slurpuff
|
|-heal|p1a: Clefable|72/100 par|[from] item: Leftovers
|upkeep
|turn|46
|
|-activate|p2a: Slurpuff|move: Struggle
|move|p2a: Slurpuff|Struggle|p1a: Clefable|[miss]
|-miss|p2a: Slurpuff|p1a: Clefable
|move|p1a: Clefable|Dig|p2a: Slurpuff|[from]lockedmove
|-damage|p2a: Slurpuff|0 fnt
|faint|p2a: Slurpuff
|
|-heal|p1a: Clefable|78/100 par|[from] item: Leftovers
|upkeep
|
|switch|p2a: Mew|Mew|100/100
|turn|47
|
|move|p2a: Mew|Metronome|p2a: Mew
|move|p2a: Mew|Water Pulse|p1a: Clefable|[from]Metronome
|-damage|p1a: Clefable|53/100 par
|-start|p1a: Clefable|confusion
|-activate|p1a: Clefable|confusion
|-activate|p1a: Clefable|move: Struggle
|move|p1a: Clefable|Struggle|p2a: Mew
|-damage|p2a: Mew|93/100
|-damage|p1a: Clefable|27/100 par|[from] recoil
|
|-heal|p1a: Clefable|33/100 par|[from] item: Leftovers
|upkeep
|turn|48
|
|move|p2a: Mew|Metronome|p2a: Mew
|move|p2a: Mew|Lock-On|p1a: Clefable|[from]Metronome
|-activate|p2a: Mew|move: Lock-On|[of] p1a: Clefable
|-activate|p1a: Clefable|confusion
|-activate|p1a: Clefable|move: Struggle
|move|p1a: Clefable|Struggle|p2a: Mew
|-damage|p2a: Mew|85/100
|-damage|p1a: Clefable|8/100 par|[from] recoil
|
|-heal|p1a: Clefable|14/100 par|[from] item: Leftovers
|upkeep
|turn|49
|
|move|p2a: Mew|Metronome|p2a: Mew
|move|p2a: Mew|Shadow Claw|p1a: Clefable|[from]Metronome
|-damage|p1a: Clefable|0 fnt
|faint|p1a: Clefable
|
|upkeep
|
|switch|p1a: Grimmsnarl|Grimmsnarl, M|56/100
|turn|50
|
|move|p1a: Grimmsnarl|Metronome|p1a: Grimmsnarl
|move|p1a: Grimmsnarl|Thunder Punch|p2a: Mew|[from]Metronome
|-damage|p2a: Mew|59/100
|move|p2a: Mew|Metronome|p2a: Mew
|move|p2a: Mew|Volt Tackle|p1a: Grimmsnarl|[from]Metronome
|-crit|p1a: Grimmsnarl
|-damage|p1a: Grimmsnarl|9/100
|-enditem|p1a: Grimmsnarl|Sitrus Berry|[eat]
|-heal|p1a: Grimmsnarl|33/100|[from] item: Sitrus Berry
|-damage|p2a: Mew|41/100|[from] Recoil
|
|upkeep
|turn|51
|
|move|p1a: Grimmsnarl|Metronome|p1a: Grimmsnarl
|move|p1a: Grimmsnarl|Mud Shot|p2a: Mew|[from]Metronome
|-damage|p2a: Mew|31/100
|-unboost|p2a: Mew|spe|1
|move|p2a: Mew|Metronome|p2a: Mew
|move|p2a: Mew|Beat Up|p1a: Grimmsnarl|[from]Metronome
|-resisted|p1a: Grimmsnarl
|-damage|p1a: Grimmsnarl|32/100
|-resisted|p1a: Grimmsnarl
|-damage|p1a: Grimmsnarl|31/100
|-resisted|p1a: Grimmsnarl
|-damage|p1a: Grimmsnarl|30/100
|-hitcount|p1a: Grimmsnarl|3
|
|upkeep
|turn|52
|
|move|p1a: Grimmsnarl|Metronome|p1a: Grimmsnarl
|move|p1a: Grimmsnarl|Snap Trap|p2a: Mew|[from]Metronome
|-damage|p2a: Mew|17/100
|-activate|p2a: Mew|move: Snap Trap|[of] p1a: Grimmsnarl
|move|p2a: Mew|Metronome|p2a: Mew
|move|p2a: Mew|Sludge Bomb|p1a: Grimmsnarl|[from]Metronome
|-supereffective|p1a: Grimmsnarl
|-damage|p1a: Grimmsnarl|0 fnt
|faint|p1a: Grimmsnarl
|
|-end|p2a: Mew|Snap Trap|[partiallytrapped]|[silent]
|upkeep
|
|switch|p1a: Machamp|Machamp, F|92/100
|turn|53
|
|move|p2a: Mew|Metronome|p2a: Mew
|move|p2a: Mew|Moongeist Beam|p1a: Machamp|[from]Metronome
|-damage|p1a: Machamp|45/100
|move|p1a: Machamp|Metronome|p1a: Machamp
|move|p1a: Machamp|Night Shade|p2a: Mew|[from]Metronome
|-damage|p2a: Mew|0 fnt
|faint|p2a: Mew
|
|-heal|p1a: Machamp|51/100|[from] item: Leftovers
|upkeep
|
|switch|p2a: Machamp|Machamp, M|100/100
|turn|54
|
|move|p1a: Machamp|Metronome|p1a: Machamp
|move|p1a: Machamp|Dragon Claw|p2a: Machamp|[from]Metronome
|-damage|p2a: Machamp|65/100
|move|p2a: Machamp|Metronome|p2a: Machamp
|move|p2a: Machamp|Rain Dance|p2a: Machamp|[from]Metronome
|-weather|RainDance
|
|-weather|RainDance|[upkeep]
|-heal|p1a: Machamp|57/100|[from] item: Leftovers
|upkeep
|turn|55
|
|move|p1a: Machamp|Metronome|p1a: Machamp
|move|p1a: Machamp|Bolt Beak|p2a: Machamp|[from]Metronome
|-damage|p2a: Machamp|2/100
|move|p2a: Machamp|Metronome|p2a: Machamp
|move|p2a: Machamp|Solar Beam||[from]Metronome|[still]
|-prepare|p2a: Machamp|Solar Beam|p1a: Machamp
|
|-weather|RainDance|[upkeep]
|-heal|p1a: Machamp|63/100|[from] item: Leftovers
|upkeep
|turn|56
|
|move|p2a: Machamp|Solar Beam||[still]
|-fail|p2a: Machamp
|move|p1a: Machamp|Metronome|p1a: Machamp
|move|p1a: Machamp|Gunk Shot|p2a: Machamp|[from]Metronome
|-damage|p2a: Machamp|0 fnt
|faint|p2a: Machamp
|
|-weather|RainDance|[upkeep]
|-heal|p1a: Machamp|70/100|[from] item: Leftovers
|upkeep
|
|switch|p2a: Snorlax|Snorlax, F|34/100
|turn|57
|
|move|p1a: Machamp|Metronome|p1a: Machamp
|move|p1a: Machamp|Swallow||[from]Metronome|[still]
|-fail|p1a: Machamp
|move|p2a: Snorlax|Metronome|p2a: Snorlax
|move|p2a: Snorlax|Lunge|p1a: Machamp|[from]Metronome
|-resisted|p1a: Machamp
|-damage|p1a: Machamp|55/100
|-unboost|p1a: Machamp|atk|1
|
|-weather|RainDance|[upkeep]
|-heal|p1a: Machamp|61/100|[from] item: Leftovers
|-heal|p2a: Snorlax|41/100|[from] item: Leftovers
|upkeep
|turn|58
|
|move|p1a: Machamp|Metronome|p1a: Machamp
|move|p1a: Machamp|Heat Crash|p2a: Snorlax|[from]Metronome
|-crit|p2a: Snorlax
|-damage|p2a: Snorlax|35/100
|move|p2a: Snorlax|Metronome|p2a: Snorlax
|move|p2a: Snorlax|Ally Switch||[from]Metronome|[still]
|-fail|p2a: Snorlax
|
|-weather|none
|-heal|p1a: Machamp|68/100|[from] item: Leftovers
|-heal|p2a: Snorlax|41/100|[from] item: Leftovers
|upkeep
|turn|59
|
|move|p1a: Machamp|Metronome|p1a: Machamp
|move|p1a: Machamp|Smog|p2a: Snorlax|[from]Metronome
|-damage|p2a: Snorlax|38/100
|move|p2a: Snorlax|Metronome|p2a: Snorlax
|move|p2a: Snorlax|Clangorous Soul|p2a: Snorlax|[from]Metronome
|-boost|p2a: Snorlax|atk|1
|-boost|p2a: Snorlax|def|1
|-boost|p2a: Snorlax|spa|1
|-boost|p2a: Snorlax|spd|1
|-boost|p2a: Snorlax|spe|1
|-damage|p2a: Snorlax|5/100
|
|-heal|p1a: Machamp|74/100|[from] item: Leftovers
|-heal|p2a: Snorlax|11/100|[from] item: Leftovers
|upkeep
|turn|60
|
|move|p1a: Machamp|Metronome|p1a: Machamp
|move|p1a: Machamp|Earth Power|p2a: Snorlax|[from]Metronome
|-damage|p2a: Snorlax|6/100
|move|p2a: Snorlax|Metronome|p2a: Snorlax
|move|p2a: Snorlax|Brave Bird|p1a: Machamp|[from]Metronome
|-supereffective|p1a: Machamp
|-damage|p1a: Machamp|0 fnt
|-damage|p2a: Snorlax|0 fnt|[from] Recoil
|faint|p1a: Machamp
|faint|p2a: Snorlax
|
|win|mohrgames
