|ScrapeTime|2020-01-02-01:15:25
|j|☆taw
|j|☆lieutenant goboy
|player|p1|taw|alder|1307
|player|p2|lieutenant goboy|teamrocket|1330
|teamsize|p1|6
|teamsize|p2|6
|gametype|singles
|gen|8
|tier|[Gen 8] OU
|rated|
|rule|Sleep Clause Mod: Limit one foe put to sleep
|rule|Species Clause: Limit one of each Pokémon
|rule|OHKO Clause: OHKO moves are banned
|rule|Evasion Moves Clause: Evasion moves are banned
|rule|Endless Battle Clause: Forcing endless battles is banned
|rule|HP Percentage Mod: HP is shown in percentages
|clearpoke
|poke|p1|Frosmoth, M|
|poke|p1|Centiskorch, F|
|poke|p1|Araquanid, M|
|poke|p1|Corviknight, M|
|poke|p1|Gastrodon, F|
|poke|p1|Lucario, M|
|poke|p2|Mimikyu, F|
|poke|p2|Ferrothorn, M|
|poke|p2|Chandelure, M|
|poke|p2|Dragapult, M|
|poke|p2|Obstagoon, F|
|poke|p2|Gyarados, M|
|rule|Dynamax Clause: You cannot dynamax
|teampreview
|inactive|Battle timer is ON: inactive players will automatically lose when time's up. (requested by lieutenant goboy)
|
|start
|switch|p1a: Frosmoth|Frosmoth, M|100/100
|switch|p2a: Gyarados|Gyarados, M|100/100
|-ability|p2a: Gyarados|Intimidate|boost
|-unboost|p1a: Frosmoth|atk|1
|turn|1
|
|move|p2a: Gyarados|Waterfall|p1a: Frosmoth
|-enditem|p1a: Frosmoth|Focus Sash
|-damage|p1a: Frosmoth|1/100
|move|p1a: Frosmoth|Icy Wind|p2a: Gyarados
|-damage|p2a: Gyarados|71/100
|-unboost|p2a: Gyarados|spe|1
|
|upkeep
|turn|2
|
|move|p1a: Frosmoth|Ice Beam|p2a: Gyarados
|-damage|p2a: Gyarados|21/100
|move|p2a: Gyarados|Waterfall|p1a: Frosmoth
|-damage|p1a: Frosmoth|0 fnt
|faint|p1a: Frosmoth
|
|upkeep
|
|switch|p1a: Centiskorch|Centiskorch, F|100/100
|turn|3
|
|switch|p2a: Chandelure|Chandelure, M|100/100
|move|p1a: Centiskorch|Knock Off|p2a: Chandelure
|-supereffective|p2a: Chandelure
|-damage|p2a: Chandelure|9/100
|-enditem|p2a: Chandelure|Assault Vest|[from] move: Knock Off|[of] p1a: Centiskorch
|
|upkeep
|turn|4
|
|move|p1a: Centiskorch|Knock Off|p2a: Chandelure
|-supereffective|p2a: Chandelure
|-damage|p2a: Chandelure|0 fnt
|faint|p2a: Chandelure
|
|upkeep
|inactive|lieutenant goboy has 120 seconds left.
|
|switch|p2a: Gyarados|Gyarados, M|21/100
|-ability|p2a: Gyarados|Intimidate|boost
|-unboost|p1a: Centiskorch|atk|1
|turn|5
|
|move|p1a: Centiskorch|Knock Off|p2a: Gyarados
|-damage|p2a: Gyarados|0 fnt
|-enditem|p2a: Gyarados|Choice Band|[from] move: Knock Off|[of] p1a: Centiskorch
|faint|p2a: Gyarados
|
|upkeep
|inactive|lieutenant goboy has 120 seconds left.
|-message|lieutenant goboy forfeited.
|
|win|taw
|l|☆lieutenant goboy
|raw|taw's rating: 1307 → 1328(+21 for winning)
|raw|lieutenant goboy's rating: 1331 → 1309(-22 for losing)
