|ScrapeTime|2020-01-01-12:07:26
|j|☆Frozen❄️luckenbad
|j|☆minggongzero
|player|p1|Frozen❄️luckenbad|79|1386
|player|p2|minggongzero|2|1445
|teamsize|p1|6
|teamsize|p2|6
|gametype|singles
|gen|8
|tier|[Gen 8] OU
|rated|
|rule|Sleep Clause Mod: Limit one foe put to sleep
|rule|Species Clause: Limit one of each Pokémon
|rule|OHKO Clause: OHKO moves are banned
|rule|Evasion Moves Clause: Evasion moves are banned
|rule|Endless Battle Clause: Forcing endless battles is banned
|rule|HP Percentage Mod: HP is shown in percentages
|clearpoke
|poke|p1|Hatterene, F|
|poke|p1|Ferrothorn, M|
|poke|p1|Dragapult, M|
|poke|p1|Corviknight, M|
|poke|p1|Clefable, M|
|poke|p1|Rotom-Heat|
|poke|p2|Pelipper, M|
|poke|p2|Bisharp, F|
|poke|p2|Ludicolo, F|
|poke|p2|Dracovish|
|poke|p2|Seismitoad, F|
|poke|p2|Frosmoth, F|
|rule|Dynamax Clause: You cannot dynamax
|teampreview
|inactive|Battle timer is ON: inactive players will automatically lose when time's up. (requested by minggongzero)
|
|start
|switch|p1a: Rotom|Rotom-Heat|100/100
|switch|p2a: Pelipper|Pelipper, M|100/100
|-weather|RainDance|[from] ability: Drizzle|[of] p2a: Pelipper
|turn|1
|
|switch|p2a: Seismitoad|Seismitoad, F|100/100
|move|p1a: Rotom|Trick|p2a: Seismitoad
|-activate|p1a: Rotom|move: Trick|[of] p2a: Seismitoad
|-item|p2a: Seismitoad|Choice Scarf|[from] move: Trick
|-item|p1a: Rotom|Leftovers|[from] move: Trick
|
|-weather|RainDance|[upkeep]
|upkeep
|turn|2
|
|switch|p1a: Ferrothorn|Ferrothorn, M|100/100
|move|p2a: Seismitoad|Stealth Rock|p1a: Ferrothorn
|-sidestart|p1: Frozen❄️luckenbad|move: Stealth Rock
|
|-weather|RainDance|[upkeep]
|upkeep
|turn|3
|
|switch|p2a: Dracovish|Dracovish|100/100
|move|p1a: Ferrothorn|Spikes|p2a: Dracovish
|-sidestart|p2: minggongzero|Spikes
|
|-weather|RainDance|[upkeep]
|upkeep
|turn|4
|
|move|p2a: Dracovish|Fishious Rend|p1a: Ferrothorn
|-resisted|p1a: Ferrothorn
|-damage|p1a: Ferrothorn|49/100
|-damage|p2a: Dracovish|88/100|[from] ability: Iron Barbs|[of] p1a: Ferrothorn
|move|p1a: Ferrothorn|Knock Off|p2a: Dracovish
|-damage|p2a: Dracovish|67/100
|-enditem|p2a: Dracovish|Choice Scarf|[from] move: Knock Off|[of] p1a: Ferrothorn
|
|-weather|RainDance|[upkeep]
|-heal|p1a: Ferrothorn|55/100|[from] item: Leftovers
|upkeep
|turn|5
|
|move|p2a: Dracovish|Fishious Rend|p1a: Ferrothorn
|-resisted|p1a: Ferrothorn
|-damage|p1a: Ferrothorn|3/100
|-damage|p2a: Dracovish|54/100|[from] ability: Iron Barbs|[of] p1a: Ferrothorn
|move|p1a: Ferrothorn|Leech Seed|p2a: Dracovish
|-start|p2a: Dracovish|move: Leech Seed
|
|-weather|RainDance|[upkeep]
|-heal|p1a: Ferrothorn|10/100|[from] item: Leftovers
|-damage|p2a: Dracovish|42/100|[from] Leech Seed|[of] p1a: Ferrothorn
|-heal|p1a: Ferrothorn|21/100|[silent]
|upkeep
|turn|6
|
|switch|p2a: Ludicolo|Ludicolo, F|100/100
|-damage|p2a: Ludicolo|88/100|[from] Spikes
|move|p1a: Ferrothorn|Power Whip|p2a: Ludicolo
|-damage|p2a: Ludicolo|27/100
|
|-weather|RainDance|[upkeep]
|-heal|p1a: Ferrothorn|27/100|[from] item: Leftovers
|upkeep
|turn|7
|
|move|p2a: Ludicolo|Hydro Pump|p1a: Ferrothorn
|-resisted|p1a: Ferrothorn
|-damage|p1a: Ferrothorn|0 fnt
|-damage|p2a: Ludicolo|17/100|[from] item: Life Orb
|faint|p1a: Ferrothorn
|
|-weather|RainDance|[upkeep]
|upkeep
|
|switch|p1a: Clefable|Clefable, M|100/100
|turn|8
|
|move|p1a: Clefable|Protect|p1a: Clefable
|-singleturn|p1a: Clefable|Protect
|move|p2a: Ludicolo|Ice Beam|p1a: Clefable
|-activate|p1a: Clefable|move: Protect
|
|-weather|none
|upkeep
|turn|9
|
|switch|p2a: Pelipper|Pelipper, M|100/100
|-weather|RainDance|[from] ability: Drizzle|[of] p2a: Pelipper
|move|p1a: Clefable|Stealth Rock|p2a: Pelipper
|-sidestart|p2: minggongzero|move: Stealth Rock
|
|-weather|RainDance|[upkeep]
|upkeep
|turn|10
|
|switch|p1a: Dragapult|Dragapult, M|100/100
|-damage|p1a: Dragapult|88/100|[from] Stealth Rock
|move|p2a: Pelipper|Hurricane|p1a: Dragapult
|-damage|p1a: Dragapult|39/100
|-start|p1a: Dragapult|confusion
|
|-weather|RainDance|[upkeep]
|-heal|p1a: Dragapult|45/100|[from] item: Leftovers
|upkeep
|turn|11
|
|switch|p1a: Corviknight|Corviknight, M|100/100
|-damage|p1a: Corviknight|88/100|[from] Stealth Rock
|-ability|p1a: Corviknight|Pressure
|move|p2a: Pelipper|Hurricane|p1a: Corviknight
|-resisted|p1a: Corviknight
|-damage|p1a: Corviknight|76/100
|
|-weather|RainDance|[upkeep]
|-heal|p1a: Corviknight|82/100|[from] item: Leftovers
|upkeep
|turn|12
|
|move|p1a: Corviknight|Taunt|p2a: Pelipper
|-start|p2a: Pelipper|move: Taunt
|move|p2a: Pelipper|U-turn|p1a: Corviknight
|-resisted|p1a: Corviknight
|-damage|p1a: Corviknight|80/100
|
|switch|p2a: Dracovish|Dracovish|42/100|[from]move: U-turn
|-damage|p2a: Dracovish|29/100|[from] Stealth Rock
|-damage|p2a: Dracovish|17/100|[from] Spikes
|
|-weather|RainDance|[upkeep]
|-heal|p1a: Corviknight|86/100|[from] item: Leftovers
|upkeep
|turn|13
|
|move|p2a: Dracovish|Fishious Rend|p1a: Corviknight
|-damage|p1a: Corviknight|0 fnt
|faint|p1a: Corviknight
|
|-weather|RainDance|[upkeep]
|upkeep
|
|switch|p1a: Dragapult|Dragapult, M|45/100
|-damage|p1a: Dragapult|32/100|[from] Stealth Rock
|turn|14
|
|move|p1a: Dragapult|Draco Meteor|p2a: Dracovish
|-supereffective|p2a: Dracovish
|-damage|p2a: Dracovish|0 fnt
|-unboost|p1a: Dragapult|spa|2
|faint|p2a: Dracovish
|
|-weather|RainDance|[upkeep]
|-heal|p1a: Dragapult|38/100|[from] item: Leftovers
|upkeep
|
|switch|p2a: Bisharp|Bisharp, F|100/100
|-damage|p2a: Bisharp|95/100|[from] Stealth Rock
|-damage|p2a: Bisharp|82/100|[from] Spikes
|turn|15
|
|move|p1a: Dragapult|Will-O-Wisp|p2a: Bisharp
|-status|p2a: Bisharp|brn
|move|p2a: Bisharp|Swords Dance|p2a: Bisharp
|-boost|p2a: Bisharp|atk|2
|
|-weather|RainDance|[upkeep]
|-heal|p1a: Dragapult|44/100|[from] item: Leftovers
|-damage|p2a: Bisharp|77/100 brn|[from] brn
|upkeep
|turn|16
|
|move|p1a: Dragapult|Substitute|p1a: Dragapult
|-start|p1a: Dragapult|Substitute
|-damage|p1a: Dragapult|19/100
|move|p2a: Bisharp|Swords Dance|p2a: Bisharp
|-boost|p2a: Bisharp|atk|2
|
|-weather|none
|-heal|p1a: Dragapult|25/100|[from] item: Leftovers
|-damage|p2a: Bisharp|71/100 brn|[from] brn
|upkeep
|turn|17
|
|move|p1a: Dragapult|Hex|p2a: Bisharp
|-resisted|p2a: Bisharp
|-damage|p2a: Bisharp|45/100 brn
|move|p2a: Bisharp|Throat Chop|p1a: Dragapult
|-supereffective|p1a: Dragapult
|-end|p1a: Dragapult|Substitute
|
|-heal|p1a: Dragapult|31/100|[from] item: Leftovers
|-damage|p2a: Bisharp|39/100 brn|[from] brn
|upkeep
|turn|18
|
|move|p2a: Bisharp|Sucker Punch||[still]
|-fail|p2a: Bisharp
|move|p1a: Dragapult|Substitute|p1a: Dragapult
|-start|p1a: Dragapult|Substitute
|-damage|p1a: Dragapult|6/100
|
|-heal|p1a: Dragapult|12/100|[from] item: Leftovers
|-damage|p2a: Bisharp|33/100 brn|[from] brn
|upkeep
|turn|19
|
|move|p1a: Dragapult|Hex|p2a: Bisharp
|-resisted|p2a: Bisharp
|-damage|p2a: Bisharp|7/100 brn
|move|p2a: Bisharp|Throat Chop|p1a: Dragapult
|-supereffective|p1a: Dragapult
|-end|p1a: Dragapult|Substitute
|
|-heal|p1a: Dragapult|18/100|[from] item: Leftovers
|-damage|p2a: Bisharp|1/100 brn|[from] brn
|upkeep
|turn|20
|
|move|p2a: Bisharp|Sucker Punch||[still]
|-fail|p2a: Bisharp
|move|p1a: Dragapult|Substitute|p1a: Dragapult
|-fail|p1a: Dragapult|move: Substitute|[weak]
|
|-heal|p1a: Dragapult|24/100|[from] item: Leftovers
|-damage|p2a: Bisharp|0 fnt|[from] brn
|faint|p2a: Bisharp
|upkeep
|
|switch|p2a: Pelipper|Pelipper, M|100/100
|-damage|p2a: Pelipper|75/100|[from] Stealth Rock
|-weather|RainDance|[from] ability: Drizzle|[of] p2a: Pelipper
|turn|21
|
|switch|p1a: Clefable|Clefable, M|100/100
|move|p2a: Pelipper|Hurricane|p1a: Clefable
|-damage|p1a: Clefable|77/100
|
|-weather|RainDance|[upkeep]
|-heal|p1a: Clefable|83/100|[from] item: Leftovers
|upkeep
|turn|22
|
|move|p2a: Pelipper|U-turn|p1a: Clefable
|-resisted|p1a: Clefable
|-damage|p1a: Clefable|78/100
|
|switch|p2a: Frosmoth|Frosmoth, F|100/100|[from]move: U-turn
|move|p1a: Clefable|Wish|p1a: Clefable
|
|-weather|RainDance|[upkeep]
|-heal|p1a: Clefable|85/100|[from] item: Leftovers
|upkeep
|turn|23
|
|switch|p1a: Hatterene|Hatterene, F|100/100
|-damage|p1a: Hatterene|88/100|[from] Stealth Rock
|move|p2a: Frosmoth|Quiver Dance|p2a: Frosmoth
|-boost|p2a: Frosmoth|spa|1
|-boost|p2a: Frosmoth|spd|1
|-boost|p2a: Frosmoth|spe|1
|
|-weather|RainDance|[upkeep]
|-heal|p1a: Hatterene|100/100|[from] move: Wish|[wisher] Clefable
|upkeep
|turn|24
|
|move|p2a: Frosmoth|Quiver Dance|p2a: Frosmoth
|-boost|p2a: Frosmoth|spa|1
|-boost|p2a: Frosmoth|spd|1
|-boost|p2a: Frosmoth|spe|1
|move|p1a: Hatterene|Calm Mind|p1a: Hatterene
|-boost|p1a: Hatterene|spa|1
|-boost|p1a: Hatterene|spd|1
|
|-weather|RainDance|[upkeep]
|upkeep
|turn|25
|
|move|p2a: Frosmoth|Quiver Dance|p2a: Frosmoth
|-boost|p2a: Frosmoth|spa|1
|-boost|p2a: Frosmoth|spd|1
|-boost|p2a: Frosmoth|spe|1
|move|p1a: Hatterene|Calm Mind|p1a: Hatterene
|-boost|p1a: Hatterene|spa|1
|-boost|p1a: Hatterene|spd|1
|
|-weather|RainDance|[upkeep]
|upkeep
|turn|26
|
|move|p2a: Frosmoth|Quiver Dance|p2a: Frosmoth
|-boost|p2a: Frosmoth|spa|1
|-boost|p2a: Frosmoth|spd|1
|-boost|p2a: Frosmoth|spe|1
|move|p1a: Hatterene|Calm Mind|p1a: Hatterene
|-boost|p1a: Hatterene|spa|1
|-boost|p1a: Hatterene|spd|1
|
|-weather|RainDance|[upkeep]
|upkeep
|turn|27
|
|move|p2a: Frosmoth|Bug Buzz|p1a: Hatterene
|-damage|p1a: Hatterene|48/100
|move|p1a: Hatterene|Calm Mind|p1a: Hatterene
|-boost|p1a: Hatterene|spa|1
|-boost|p1a: Hatterene|spd|1
|
|-weather|RainDance|[upkeep]
|-heal|p1a: Hatterene|53/100|[from] item: Leftovers
|upkeep
|turn|28
|inactive|Frozen❄️luckenbad has 120 seconds left.
|inactive|Frozen❄️luckenbad has 90 seconds left.
|
|move|p2a: Frosmoth|Bug Buzz|p1a: Hatterene
|-damage|p1a: Hatterene|6/100
|move|p1a: Hatterene|Mystical Fire|p2a: Frosmoth
|-supereffective|p2a: Frosmoth
|-damage|p2a: Frosmoth|71/100
|-unboost|p2a: Frosmoth|spa|1
|
|-weather|none
|-heal|p1a: Hatterene|12/100|[from] item: Leftovers
|upkeep
|turn|29
|
|move|p2a: Frosmoth|Bug Buzz|p1a: Hatterene
|-damage|p1a: Hatterene|0 fnt
|faint|p1a: Hatterene
|
|upkeep
|
|switch|p1a: Rotom|Rotom-Heat|100/100
|-damage|p1a: Rotom|76/100|[from] Stealth Rock
|turn|30
|inactive|Frozen❄️luckenbad has 90 seconds left.
|
|move|p2a: Frosmoth|Hurricane|p1a: Rotom|[miss]
|-miss|p2a: Frosmoth|p1a: Rotom
|move|p1a: Rotom|Overheat|p2a: Frosmoth
|-supereffective|p2a: Frosmoth
|-damage|p2a: Frosmoth|19/100
|-unboost|p1a: Rotom|spa|2
|
|-heal|p1a: Rotom|82/100|[from] item: Leftovers
|upkeep
|turn|31
|
|move|p2a: Frosmoth|Hurricane|p1a: Rotom
|-resisted|p1a: Rotom
|-damage|p1a: Rotom|20/100
|move|p1a: Rotom|Overheat|p2a: Frosmoth
|-supereffective|p2a: Frosmoth
|-damage|p2a: Frosmoth|0 fnt
|-unboost|p1a: Rotom|spa|2
|faint|p2a: Frosmoth
|
|-heal|p1a: Rotom|27/100|[from] item: Leftovers
|upkeep
|
|switch|p2a: Pelipper|Pelipper, M|75/100
|-damage|p2a: Pelipper|50/100|[from] Stealth Rock
|-weather|RainDance|[from] ability: Drizzle|[of] p2a: Pelipper
|turn|32
|
|switch|p2a: Seismitoad|Seismitoad, F|100/100
|-damage|p2a: Seismitoad|88/100|[from] Spikes
|-damage|p2a: Seismitoad|82/100|[from] Stealth Rock
|move|p1a: Rotom|Volt Switch|p2a: Seismitoad
|-immune|p2a: Seismitoad
|
|-weather|RainDance|[upkeep]
|-heal|p1a: Rotom|33/100|[from] item: Leftovers
|upkeep
|turn|33
|
|move|p1a: Rotom|Nasty Plot|p1a: Rotom
|-boost|p1a: Rotom|spa|2
|move|p2a: Seismitoad|Scald|p1a: Rotom
|-supereffective|p1a: Rotom
|-damage|p1a: Rotom|0 fnt
|faint|p1a: Rotom
|
|-weather|RainDance|[upkeep]
|upkeep
|
|switch|p1a: Clefable|Clefable, M|85/100
|turn|34
|
|move|p2a: Seismitoad|Scald|p1a: Clefable
|-damage|p1a: Clefable|61/100
|move|p1a: Clefable|Wish|p1a: Clefable
|
|-weather|RainDance|[upkeep]
|-heal|p1a: Clefable|67/100|[from] item: Leftovers
|upkeep
|turn|35
|
|move|p2a: Seismitoad|Scald|p1a: Clefable
|-damage|p1a: Clefable|40/100
|move|p1a: Clefable|Moonblast|p2a: Seismitoad
|-damage|p2a: Seismitoad|48/100
|-unboost|p2a: Seismitoad|spa|1
|
|-weather|RainDance|[upkeep]
|-heal|p1a: Clefable|90/100|[from] move: Wish|[wisher] Clefable
|-heal|p1a: Clefable|96/100|[from] item: Leftovers
|upkeep
|turn|36
|
|move|p2a: Seismitoad|Scald|p1a: Clefable
|-damage|p1a: Clefable|78/100
|move|p1a: Clefable|Moonblast|p2a: Seismitoad
|-damage|p2a: Seismitoad|14/100
|-unboost|p2a: Seismitoad|spa|1
|
|-weather|RainDance|[upkeep]
|-heal|p1a: Clefable|85/100|[from] item: Leftovers
|upkeep
|turn|37
|
|move|p2a: Seismitoad|Scald|p1a: Clefable
|-damage|p1a: Clefable|72/100
|move|p1a: Clefable|Wish|p1a: Clefable
|
|-weather|RainDance|[upkeep]
|-heal|p1a: Clefable|78/100|[from] item: Leftovers
|upkeep
|turn|38
|
|move|p2a: Seismitoad|Scald|p1a: Clefable
|-damage|p1a: Clefable|66/100
|move|p1a: Clefable|Moonblast|p2a: Seismitoad
|-damage|p2a: Seismitoad|0 fnt
|faint|p2a: Seismitoad
|
|-weather|RainDance|[upkeep]
|-heal|p1a: Clefable|100/100|[from] move: Wish|[wisher] Clefable
|upkeep
|
|switch|p2a: Ludicolo|Ludicolo, F|17/100
|-damage|p2a: Ludicolo|5/100|[from] Spikes
|-damage|p2a: Ludicolo|0 fnt|[from] Stealth Rock
|faint|p2a: Ludicolo
|
|switch|p2a: Pelipper|Pelipper, M|50/100
|-damage|p2a: Pelipper|25/100|[from] Stealth Rock
|turn|39
|
|move|p2a: Pelipper|Roost|p2a: Pelipper
|-heal|p2a: Pelipper|75/100
|-singleturn|p2a: Pelipper|move: Roost
|move|p1a: Clefable|Moonblast|p2a: Pelipper
|-damage|p2a: Pelipper|34/100
|-unboost|p2a: Pelipper|spa|1
|
|-weather|none
|upkeep
|turn|40
|
|move|p2a: Pelipper|Roost|p2a: Pelipper
|-heal|p2a: Pelipper|84/100
|-singleturn|p2a: Pelipper|move: Roost
|move|p1a: Clefable|Moonblast|p2a: Pelipper
|-damage|p2a: Pelipper|42/100
|
|upkeep
|turn|41
|
|switch|p1a: Dragapult|Dragapult, M|24/100
|-damage|p1a: Dragapult|12/100|[from] Stealth Rock
|move|p2a: Pelipper|Roost|p2a: Pelipper
|-heal|p2a: Pelipper|92/100
|-singleturn|p2a: Pelipper|move: Roost
|
|-heal|p1a: Dragapult|18/100|[from] item: Leftovers
|upkeep
|turn|42
|
|move|p1a: Dragapult|Will-O-Wisp|p2a: Pelipper
|-status|p2a: Pelipper|brn
|move|p2a: Pelipper|Scald|p1a: Dragapult
|-resisted|p1a: Dragapult
|-damage|p1a: Dragapult|7/100
|-status|p1a: Dragapult|brn
|
|-heal|p1a: Dragapult|13/100 brn|[from] item: Leftovers
|-damage|p1a: Dragapult|7/100 brn|[from] brn
|-damage|p2a: Pelipper|86/100 brn|[from] brn
|upkeep
|turn|43
|
|move|p1a: Dragapult|Hex|p2a: Pelipper
|-damage|p2a: Pelipper|4/100 brn
|move|p2a: Pelipper|Scald|p1a: Dragapult
|-resisted|p1a: Dragapult
|-damage|p1a: Dragapult|0 fnt
|faint|p1a: Dragapult
|
|-damage|p2a: Pelipper|0 fnt|[from] brn
|faint|p2a: Pelipper
|
|win|Frozen❄️luckenbad
|upkeep
|raw|Frozen❄️luckenbad's rating: 1386 → 1410(+24 for winning)
|raw|minggongzero's rating: 1446 → 1422(-24 for losing)
|l|☆minggongzero
