|ScrapeTime|2020-01-01-10:45:31
|j|☆Pyroblaze212
|j|☆Wormadam-Gold
|player|p1|Pyroblaze212|red|1658
|player|p2|Wormadam-Gold|ethan-gen2|1720
|teamsize|p1|6
|teamsize|p2|6
|gametype|singles
|gen|8
|tier|[Gen 8] OU
|rated|
|rule|Sleep Clause Mod: Limit one foe put to sleep
|rule|Species Clause: Limit one of each Pokémon
|rule|OHKO Clause: OHKO moves are banned
|rule|Evasion Moves Clause: Evasion moves are banned
|rule|Endless Battle Clause: Forcing endless battles is banned
|rule|HP Percentage Mod: HP is shown in percentages
|clearpoke
|poke|p1|Aegislash, M|
|poke|p1|Rotom-Heat|
|poke|p1|Conkeldurr, M|
|poke|p1|Mandibuzz, F|
|poke|p1|Seismitoad, M|
|poke|p1|Durant, M|
|poke|p2|Rhyperior, F|
|poke|p2|Corviknight, M|
|poke|p2|Sylveon, F|
|poke|p2|Seismitoad, F|
|poke|p2|Toxtricity, M|
|poke|p2|Dragapult, M|
|rule|Dynamax Clause: You cannot dynamax
|teampreview
|
|start
|switch|p1a: Aegislash|Aegislash, M|100/100
|switch|p2a: Sylveon|Sylveon, F|100/100
|turn|1
|j| FM Blood
|
|move|p2a: Sylveon|Protect|p2a: Sylveon
|-singleturn|p2a: Sylveon|Protect
|-formechange|p1a: Aegislash|Aegislash-Blade||[from] ability: Stance Change
|move|p1a: Aegislash|Steel Beam|p2a: Sylveon
|-activate|p2a: Sylveon|move: Protect
|-damage|p1a: Aegislash|50/100|[from] steelbeam
|
|upkeep
|turn|2
|
|switch|p1a: Rotom|Rotom-Heat|100/100
|switch|p2a: Corviknight|Corviknight, M|100/100
|-ability|p2a: Corviknight|Pressure
|
|upkeep
|turn|3
|
|switch|p2a: Dragapult|Dragapult, M|100/100
|move|p1a: Rotom|Nasty Plot|p1a: Rotom
|-boost|p1a: Rotom|spa|2
|
|upkeep
|turn|4
|
|switch|p1a: Mandibuzz|Mandibuzz, F|100/100
|move|p2a: Dragapult|Draco Meteor|p1a: Mandibuzz
|-damage|p1a: Mandibuzz|48/100
|-unboost|p2a: Dragapult|spa|2
|
|upkeep
|turn|5
|
|switch|p2a: Rhyperior|Rhyperior, F|100/100
|move|p1a: Mandibuzz|Roost|p1a: Mandibuzz
|-heal|p1a: Mandibuzz|98/100
|-singleturn|p1a: Mandibuzz|move: Roost
|
|upkeep
|turn|6
|
|move|p1a: Mandibuzz|U-turn|p2a: Rhyperior
|-damage|p2a: Rhyperior|92/100
|j| Gogeta29
|
|switch|p1a: Aegislash|Aegislash, M|50/100|[from]move: U-turn
|move|p2a: Rhyperior|Earthquake|p1a: Aegislash
|-supereffective|p1a: Aegislash
|-damage|p1a: Aegislash|0 fnt
|faint|p1a: Aegislash
|
|-heal|p2a: Rhyperior|98/100|[from] item: Leftovers
|upkeep
|j| Chrus is nub
|
|switch|p1a: Conkeldurr|Conkeldurr, M|100/100
|turn|7
|
|switch|p2a: Dragapult|Dragapult, M|100/100
|move|p1a: Conkeldurr|Earthquake|p2a: Dragapult
|-damage|p2a: Dragapult|48/100
|
|-status|p1a: Conkeldurr|brn|[from] item: Flame Orb
|upkeep
|turn|8
|j| Syste
|j| zhuozhuo
|
|switch|p2a: Corviknight|Corviknight, M|100/100
|-ability|p2a: Corviknight|Pressure
|switch|p1a: Mandibuzz|Mandibuzz, F|98/100
|
|upkeep
|turn|9
|
|switch|p2a: Rhyperior|Rhyperior, F|98/100
|move|p1a: Mandibuzz|U-turn|p2a: Rhyperior
|-damage|p2a: Rhyperior|90/100
|l| Syste
|
|switch|p1a: Durant|Durant, M|100/100|[from]move: U-turn
|
|-heal|p2a: Rhyperior|96/100|[from] item: Leftovers
|upkeep
|turn|10
|
|switch|p2a: Corviknight|Corviknight, M|100/100
|-ability|p2a: Corviknight|Pressure
|move|p1a: Durant|Iron Head|p2a: Corviknight
|-resisted|p2a: Corviknight
|-damage|p2a: Corviknight|66/100
|
|-heal|p2a: Corviknight|73/100|[from] item: Leftovers
|upkeep
|turn|11
|
|switch|p2a: Seismitoad|Seismitoad, F|100/100
|move|p1a: Durant|Iron Head|p2a: Seismitoad|[miss]
|-miss|p1a: Durant|p2a: Seismitoad
|
|upkeep
|turn|12
|
|switch|p1a: Conkeldurr|Conkeldurr, M|100/100 brn
|move|p2a: Seismitoad|Scald|p1a: Conkeldurr
|-damage|p1a: Conkeldurr|72/100 brn
|
|-damage|p1a: Conkeldurr|66/100 brn|[from] brn
|upkeep
|turn|13
|
|switch|p2a: Dragapult|Dragapult, M|48/100
|move|p1a: Conkeldurr|Drain Punch|p2a: Dragapult
|-immune|p2a: Dragapult
|
|-damage|p1a: Conkeldurr|60/100 brn|[from] brn
|upkeep
|turn|14
|
|switch|p1a: Mandibuzz|Mandibuzz, F|98/100
|move|p2a: Dragapult|Draco Meteor|p1a: Mandibuzz
|-damage|p1a: Mandibuzz|45/100
|-unboost|p2a: Dragapult|spa|2
|
|upkeep
|turn|15
|
|switch|p2a: Rhyperior|Rhyperior, F|96/100
|move|p1a: Mandibuzz|U-turn|p2a: Rhyperior
|-damage|p2a: Rhyperior|86/100
|
|switch|p1a: Conkeldurr|Conkeldurr, M|60/100 brn|[from]move: U-turn
|
|-heal|p2a: Rhyperior|93/100|[from] item: Leftovers
|-damage|p1a: Conkeldurr|54/100 brn|[from] brn
|upkeep
|turn|16
|
|move|p2a: Rhyperior|Earthquake|p1a: Conkeldurr
|-damage|p1a: Conkeldurr|0 fnt
|faint|p1a: Conkeldurr
|
|-heal|p2a: Rhyperior|99/100|[from] item: Leftovers
|upkeep
|
|switch|p1a: Seismitoad|Seismitoad, M|100/100
|turn|17
|
|switch|p2a: Seismitoad|Seismitoad, F|100/100
|move|p1a: Seismitoad|Toxic|p2a: Seismitoad
|-status|p2a: Seismitoad|tox
|
|-damage|p2a: Seismitoad|94/100 tox|[from] psn
|upkeep
|turn|18
|
|move|p2a: Seismitoad|Toxic|p1a: Seismitoad
|-status|p1a: Seismitoad|tox
|move|p1a: Seismitoad|Stealth Rock|p2a: Seismitoad
|-sidestart|p2: Wormadam-Gold|move: Stealth Rock
|
|-heal|p2a: Seismitoad|100/100 tox|[from] item: Leftovers
|-damage|p2a: Seismitoad|88/100 tox|[from] psn
|-damage|p1a: Seismitoad|94/100 tox|[from] psn
|upkeep
|turn|19
|
|move|p2a: Seismitoad|Stealth Rock|p1a: Seismitoad
|-sidestart|p1: Pyroblaze212|move: Stealth Rock
|move|p1a: Seismitoad|Earthquake|p2a: Seismitoad
|-damage|p2a: Seismitoad|59/100 tox
|
|-heal|p2a: Seismitoad|65/100 tox|[from] item: Leftovers
|-heal|p1a: Seismitoad|100/100 tox|[from] item: Leftovers
|-damage|p2a: Seismitoad|47/100 tox|[from] psn
|-damage|p1a: Seismitoad|88/100 tox|[from] psn
|upkeep
|turn|20
|
|switch|p2a: Corviknight|Corviknight, M|73/100
|-damage|p2a: Corviknight|60/100|[from] Stealth Rock
|-ability|p2a: Corviknight|Pressure
|switch|p1a: Mandibuzz|Mandibuzz, F|45/100
|
|-heal|p2a: Corviknight|66/100|[from] item: Leftovers
|upkeep
|turn|21
|
|move|p1a: Mandibuzz|Roost|p1a: Mandibuzz
|-heal|p1a: Mandibuzz|95/100
|-singleturn|p1a: Mandibuzz|move: Roost
|move|p2a: Corviknight|Substitute|p2a: Corviknight
|-start|p2a: Corviknight|Substitute
|-damage|p2a: Corviknight|41/100
|
|-heal|p2a: Corviknight|48/100|[from] item: Leftovers
|upkeep
|turn|22
|j| Hopopope
|l| Hopopope
|
|move|p1a: Mandibuzz|Foul Play|p2a: Corviknight
|-crit|p2a: Corviknight
|-end|p2a: Corviknight|Substitute
|move|p2a: Corviknight|Roost|p2a: Corviknight
|-heal|p2a: Corviknight|98/100
|-singleturn|p2a: Corviknight|move: Roost
|
|-heal|p2a: Corviknight|100/100|[from] item: Leftovers
|upkeep
|turn|23
|
|move|p1a: Mandibuzz|U-turn|p2a: Corviknight
|-resisted|p2a: Corviknight
|-crit|p2a: Corviknight
|-damage|p2a: Corviknight|97/100
|
|switch|p1a: Rotom|Rotom-Heat|100/100|[from]move: U-turn
|move|p2a: Corviknight|Substitute|p2a: Corviknight
|-start|p2a: Corviknight|Substitute
|-damage|p2a: Corviknight|72/100
|
|-heal|p2a: Corviknight|78/100|[from] item: Leftovers
|upkeep
|turn|24
|
|switch|p2a: Seismitoad|Seismitoad, F|47/100 tox
|-damage|p2a: Seismitoad|41/100 tox|[from] Stealth Rock
|move|p1a: Rotom|Discharge|p2a: Seismitoad
|-immune|p2a: Seismitoad
|
|-heal|p2a: Seismitoad|47/100 tox|[from] item: Leftovers
|-damage|p2a: Seismitoad|41/100 tox|[from] psn
|upkeep
|turn|25
|
|switch|p1a: Seismitoad|Seismitoad, M|88/100 tox
|-damage|p1a: Seismitoad|82/100 tox|[from] Stealth Rock
|move|p2a: Seismitoad|Toxic|p1a: Seismitoad
|-fail|p1a: Seismitoad|tox
|
|-heal|p2a: Seismitoad|47/100 tox|[from] item: Leftovers
|-heal|p1a: Seismitoad|88/100 tox|[from] item: Leftovers
|-damage|p2a: Seismitoad|35/100 tox|[from] psn
|-damage|p1a: Seismitoad|82/100 tox|[from] psn
|upkeep
|turn|26
|
|switch|p1a: Rotom|Rotom-Heat|100/100
|move|p2a: Seismitoad|Earth Power|p1a: Rotom
|-immune|p1a: Rotom|[from] ability: Levitate
|
|-heal|p2a: Seismitoad|41/100 tox|[from] item: Leftovers
|-damage|p2a: Seismitoad|23/100 tox|[from] psn
|upkeep
|turn|27
|
|switch|p1a: Seismitoad|Seismitoad, M|82/100 tox
|-damage|p1a: Seismitoad|76/100 tox|[from] Stealth Rock
|move|p2a: Seismitoad|Toxic|p1a: Seismitoad
|-fail|p1a: Seismitoad|tox
|
|-heal|p2a: Seismitoad|29/100 tox|[from] item: Leftovers
|-heal|p1a: Seismitoad|82/100 tox|[from] item: Leftovers
|-damage|p2a: Seismitoad|5/100 tox|[from] psn
|-damage|p1a: Seismitoad|76/100 tox|[from] psn
|upkeep
|turn|28
|
|move|p2a: Seismitoad|Toxic|p1a: Seismitoad
|-fail|p1a: Seismitoad|tox
|move|p1a: Seismitoad|Earthquake|p2a: Seismitoad
|-damage|p2a: Seismitoad|0 fnt
|faint|p2a: Seismitoad
|
|-heal|p1a: Seismitoad|82/100 tox|[from] item: Leftovers
|-damage|p1a: Seismitoad|70/100 tox|[from] psn
|upkeep
|
|switch|p2a: Corviknight|Corviknight, M|78/100
|-damage|p2a: Corviknight|66/100|[from] Stealth Rock
|-ability|p2a: Corviknight|Pressure
|turn|29
|
|switch|p1a: Rotom|Rotom-Heat|100/100
|move|p2a: Corviknight|Substitute|p2a: Corviknight
|-start|p2a: Corviknight|Substitute
|-damage|p2a: Corviknight|41/100
|
|-heal|p2a: Corviknight|47/100|[from] item: Leftovers
|upkeep
|turn|30
|
|switch|p2a: Rhyperior|Rhyperior, F|99/100
|-damage|p2a: Rhyperior|93/100|[from] Stealth Rock
|move|p1a: Rotom|Volt Switch|p2a: Rhyperior
|-immune|p2a: Rhyperior
|
|-heal|p2a: Rhyperior|99/100|[from] item: Leftovers
|upkeep
|turn|31
|j| Hopopope
|
|switch|p1a: Seismitoad|Seismitoad, M|70/100 tox
|-damage|p1a: Seismitoad|64/100 tox|[from] Stealth Rock
|move|p2a: Rhyperior|Stone Edge|p1a: Seismitoad
|-resisted|p1a: Seismitoad
|-crit|p1a: Seismitoad
|-damage|p1a: Seismitoad|29/100 tox
|
|-heal|p1a: Seismitoad|35/100 tox|[from] item: Leftovers
|-heal|p2a: Rhyperior|100/100|[from] item: Leftovers
|-damage|p1a: Seismitoad|29/100 tox|[from] psn
|upkeep
|turn|32
|
|switch|p2a: Sylveon|Sylveon, F|100/100
|-damage|p2a: Sylveon|88/100|[from] Stealth Rock
|move|p1a: Seismitoad|Scald|p2a: Sylveon
|-damage|p2a: Sylveon|75/100
|-status|p2a: Sylveon|brn
|
|-heal|p1a: Seismitoad|35/100 tox|[from] item: Leftovers
|-heal|p2a: Sylveon|81/100 brn|[from] item: Leftovers
|-damage|p1a: Seismitoad|23/100 tox|[from] psn
|-damage|p2a: Sylveon|75/100 brn|[from] brn
|upkeep
|turn|33
|l| Hopopope
|
|move|p1a: Seismitoad|Earthquake|p2a: Sylveon
|-damage|p2a: Sylveon|47/100 brn
|move|p2a: Sylveon|Wish|p2a: Sylveon
|
|-heal|p1a: Seismitoad|29/100 tox|[from] item: Leftovers
|-heal|p2a: Sylveon|53/100 brn|[from] item: Leftovers
|-damage|p1a: Seismitoad|11/100 tox|[from] psn
|-damage|p2a: Sylveon|47/100 brn|[from] brn
|upkeep
|turn|34
|
|switch|p2a: Corviknight|Corviknight, M|47/100
|-damage|p2a: Corviknight|35/100|[from] Stealth Rock
|-ability|p2a: Corviknight|Pressure
|move|p1a: Seismitoad|Earthquake|p2a: Corviknight
|-immune|p2a: Corviknight
|
|-heal|p2a: Corviknight|84/100|[from] move: Wish|[wisher] Sylveon
|-heal|p2a: Corviknight|90/100|[from] item: Leftovers
|-heal|p1a: Seismitoad|17/100 tox|[from] item: Leftovers
|-damage|p1a: Seismitoad|0 fnt|[from] psn
|faint|p1a: Seismitoad
|upkeep
|
|switch|p1a: Rotom|Rotom-Heat|100/100
|turn|35
|
|switch|p2a: Rhyperior|Rhyperior, F|100/100
|-damage|p2a: Rhyperior|94/100|[from] Stealth Rock
|move|p1a: Rotom|Nasty Plot|p1a: Rotom
|-boost|p1a: Rotom|spa|2
|
|-heal|p2a: Rhyperior|100/100|[from] item: Leftovers
|upkeep
|turn|36
|
|switch|p2a: Sylveon|Sylveon, F|47/100 brn
|-damage|p2a: Sylveon|34/100 brn|[from] Stealth Rock
|move|p1a: Rotom|Overheat|p2a: Sylveon
|-damage|p2a: Sylveon|0 fnt
|-unboost|p1a: Rotom|spa|2
|faint|p2a: Sylveon
|
|upkeep
|
|switch|p2a: Rhyperior|Rhyperior, F|100/100
|-damage|p2a: Rhyperior|94/100|[from] Stealth Rock
|turn|37
|
|switch|p1a: Durant|Durant, M|100/100
|-damage|p1a: Durant|88/100|[from] Stealth Rock
|move|p2a: Rhyperior|Fire Punch|p1a: Durant
|-supereffective|p1a: Durant
|-damage|p1a: Durant|0 fnt
|faint|p1a: Durant
|
|-heal|p2a: Rhyperior|100/100|[from] item: Leftovers
|upkeep
|
|switch|p1a: Mandibuzz|Mandibuzz, F|95/100
|turn|38
|
|move|p1a: Mandibuzz|Foul Play|p2a: Rhyperior
|-damage|p2a: Rhyperior|57/100
|move|p2a: Rhyperior|Stone Edge|p1a: Mandibuzz
|-supereffective|p1a: Mandibuzz
|-damage|p1a: Mandibuzz|0 fnt
|faint|p1a: Mandibuzz
|
|-heal|p2a: Rhyperior|63/100|[from] item: Leftovers
|upkeep
|-message|Pyroblaze212 forfeited.
|
|win|Wormadam-Gold
|l|☆Pyroblaze212
|l| zhuozhuo
|raw|Pyroblaze212's rating: 1659 → 1642(-17 for losing)
|raw|Wormadam-Gold's rating: 1720 → 1737(+17 for winning)
|l| Chrus is nub
|l| Gogeta29
