|ScrapeTime|2020-01-02-00:05:19
|j|☆Pewpewpews
|j|☆dukeofass
|player|p1|Pewpewpews|gentleman-gen4|
|player|p2|dukeofass|petrel|
|teamsize|p1|6
|teamsize|p2|6
|gametype|singles
|gen|8
|tier|[Gen 8] OU
|rule|Sleep Clause Mod: Limit one foe put to sleep
|rule|Species Clause: Limit one of each Pokémon
|rule|OHKO Clause: OHKO moves are banned
|rule|Evasion Moves Clause: Evasion moves are banned
|rule|Endless Battle Clause: Forcing endless battles is banned
|rule|HP Percentage Mod: HP is shown in percentages
|clearpoke
|poke|p1|Cinderace, F|
|poke|p1|Barraskewda, F|
|poke|p1|Hitmonchan, M|
|poke|p1|Noivern, M|
|poke|p1|Dragapult, F|
|poke|p1|Rapidash-Galar, F|
|poke|p2|Hatterene, F|
|poke|p2|Steelix, F|
|poke|p2|Malamar, M|
|poke|p2|Jellicent, M|
|poke|p2|Goodra, M|
|poke|p2|Shiinotic, M|
|rule|Dynamax Clause: You cannot dynamax
|teampreview
|c|☆dukeofass|srry
|c|☆dukeofass|hello
|
|start
|switch|p1a: Hitmonchan|Hitmonchan, M|100/100
|switch|p2a: Hatterene|Hatterene, F|100/100
|turn|1
|
|move|p1a: Hitmonchan|Thunder Punch|p2a: Hatterene
|-damage|p2a: Hatterene|71/100
|-status|p2a: Hatterene|par
|move|p2a: Hatterene|Trick Room|p2a: Hatterene
|-fieldstart|move: Trick Room|[of] p2a: Hatterene
|-enditem|p2a: Hatterene|Room Service
|-unboost|p2a: Hatterene|spe|1
|
|upkeep
|turn|2
|c|☆dukeofass|HAX
|
|move|p2a: Hatterene|Psychic|p1a: Hitmonchan
|-supereffective|p1a: Hitmonchan
|-damage|p1a: Hitmonchan|0 fnt
|faint|p1a: Hitmonchan
|
|upkeep
|
|switch|p1a: Barraskewda|Barraskewda, F|100/100
|turn|3
|
|cant|p2a: Hatterene|par
|move|p1a: Barraskewda|Poison Jab|p2a: Hatterene
|-supereffective|p2a: Hatterene
|-damage|p2a: Hatterene|6/100 par
|
|upkeep
|turn|4
|
|move|p1a: Barraskewda|Aqua Jet|p2a: Hatterene
|-damage|p2a: Hatterene|0 fnt
|faint|p2a: Hatterene
|
|upkeep
|
|switch|p2a: Jellicent|Jellicent, M|100/100
|turn|5
|
|switch|p1a: Dragapult|Dragapult, F|100/100
|move|p2a: Jellicent|Trick Room|p2a: Jellicent
|-fieldend|move: Trick Room
|
|upkeep
|turn|6
|
|move|p1a: Dragapult|Shadow Ball|p2a: Jellicent
|-supereffective|p2a: Jellicent
|-damage|p2a: Jellicent|60/100
|move|p2a: Jellicent|Shadow Ball|p1a: Dragapult
|-supereffective|p1a: Dragapult
|-damage|p1a: Dragapult|55/100
|
|upkeep
|turn|7
|
|move|p1a: Dragapult|Shadow Ball|p2a: Jellicent
|-supereffective|p2a: Jellicent
|-damage|p2a: Jellicent|20/100
|move|p2a: Jellicent|Recover|p2a: Jellicent
|-heal|p2a: Jellicent|70/100
|
|upkeep
|turn|8
|
|move|p1a: Dragapult|Shadow Ball|p2a: Jellicent
|-supereffective|p2a: Jellicent
|-damage|p2a: Jellicent|31/100
|move|p2a: Jellicent|Trick Room|p2a: Jellicent
|-fieldstart|move: Trick Room|[of] p2a: Jellicent
|
|upkeep
|turn|9
|
|move|p2a: Jellicent|Recover|p2a: Jellicent
|-heal|p2a: Jellicent|81/100
|move|p1a: Dragapult|Shadow Ball|p2a: Jellicent
|-supereffective|p2a: Jellicent
|-damage|p2a: Jellicent|36/100
|
|upkeep
|turn|10
|
|move|p2a: Jellicent|Shadow Ball|p1a: Dragapult
|-supereffective|p1a: Dragapult
|-damage|p1a: Dragapult|12/100
|move|p1a: Dragapult|Shadow Ball|p2a: Jellicent
|-supereffective|p2a: Jellicent
|-damage|p2a: Jellicent|0 fnt
|faint|p2a: Jellicent
|
|upkeep
|
|switch|p2a: Steelix|Steelix, F|100/100
|turn|11
|
|move|p2a: Steelix|Stealth Rock|p1a: Dragapult
|-sidestart|p1: Pewpewpews|move: Stealth Rock
|move|p1a: Dragapult|Scald|p2a: Steelix
|-supereffective|p2a: Steelix
|-damage|p2a: Steelix|39/100
|
|upkeep
|turn|12
|
|move|p2a: Steelix|Iron Head|p1a: Dragapult
|-damage|p1a: Dragapult|0 fnt
|faint|p1a: Dragapult
|
|-fieldend|move: Trick Room
|upkeep
|
|switch|p1a: Barraskewda|Barraskewda, F|100/100
|-damage|p1a: Barraskewda|88/100|[from] Stealth Rock
|turn|13
|
|move|p1a: Barraskewda|Liquidation|p2a: Steelix
|-supereffective|p2a: Steelix
|-damage|p2a: Steelix|0 fnt
|faint|p2a: Steelix
|
|upkeep
|
|switch|p2a: Goodra|Goodra, M|100/100
|turn|14
|
|switch|p1a: Rapidash|Rapidash-Galar, F|100/100
|-damage|p1a: Rapidash|88/100|[from] Stealth Rock
|move|p2a: Goodra|Power Whip|p1a: Rapidash
|-damage|p1a: Rapidash|41/100
|
|-heal|p1a: Rapidash|47/100|[from] item: Leftovers
|upkeep
|turn|15
|
|move|p1a: Rapidash|Play Rough|p2a: Goodra
|-supereffective|p2a: Goodra
|-damage|p2a: Goodra|30/100
|move|p2a: Goodra|Outrage|p1a: Rapidash
|-immune|p1a: Rapidash
|
|-heal|p1a: Rapidash|53/100|[from] item: Leftovers
|-heal|p2a: Goodra|36/100|[from] item: Leftovers
|upkeep
|turn|16
|
|switch|p2a: Shiinotic|Shiinotic, M|100/100
|move|p1a: Rapidash|Play Rough|p2a: Shiinotic
|-damage|p2a: Shiinotic|49/100
|
|-heal|p1a: Rapidash|59/100|[from] item: Leftovers
|-heal|p2a: Shiinotic|55/100|[from] item: Leftovers
|upkeep
|turn|17
|
|move|p1a: Rapidash|Play Rough|p2a: Shiinotic|[miss]
|-miss|p1a: Rapidash|p2a: Shiinotic
|move|p2a: Shiinotic|Strength Sap|p1a: Rapidash
|-unboost|p1a: Rapidash|atk|1
|-heal|p2a: Shiinotic|100/100
|
|-heal|p1a: Rapidash|65/100|[from] item: Leftovers
|upkeep
|turn|18
|
|move|p1a: Rapidash|Play Rough|p2a: Shiinotic
|-damage|p2a: Shiinotic|64/100
|-status|p1a: Rapidash|slp|[from] ability: Effect Spore|[of] p2a: Shiinotic
|move|p2a: Shiinotic|Spore|p1a: Rapidash
|-fail|p1a: Rapidash|slp
|
|-heal|p1a: Rapidash|71/100 slp|[from] item: Leftovers
|-heal|p2a: Shiinotic|71/100|[from] item: Leftovers
|upkeep
|turn|19
|
|cant|p1a: Rapidash|slp
|move|p2a: Shiinotic|Energy Ball|p1a: Rapidash
|-damage|p1a: Rapidash|8/100 slp
|
|-heal|p1a: Rapidash|14/100 slp|[from] item: Leftovers
|-heal|p2a: Shiinotic|77/100|[from] item: Leftovers
|upkeep
|turn|20
|
|cant|p1a: Rapidash|slp
|move|p2a: Shiinotic|Energy Ball|p1a: Rapidash
|-damage|p1a: Rapidash|0 fnt
|faint|p1a: Rapidash
|
|-heal|p2a: Shiinotic|83/100|[from] item: Leftovers
|upkeep
|
|switch|p1a: Noivern|Noivern, M|100/100
|-damage|p1a: Noivern|76/100|[from] Stealth Rock
|turn|21
|
|move|p1a: Noivern|Air Slash|p2a: Shiinotic
|-supereffective|p2a: Shiinotic
|-damage|p2a: Shiinotic|9/100
|cant|p2a: Shiinotic|flinch
|
|-heal|p1a: Noivern|82/100|[from] item: Leftovers
|-heal|p2a: Shiinotic|15/100|[from] item: Leftovers
|upkeep
|turn|22
|
|switch|p2a: Goodra|Goodra, M|36/100
|move|p1a: Noivern|Air Slash|p2a: Goodra
|-damage|p2a: Goodra|14/100
|
|-heal|p1a: Noivern|88/100|[from] item: Leftovers
|-heal|p2a: Goodra|20/100|[from] item: Leftovers
|upkeep
|turn|23
|
|move|p1a: Noivern|Boomburst|p2a: Goodra
|-damage|p2a: Goodra|0 fnt
|faint|p2a: Goodra
|
|-heal|p1a: Noivern|94/100|[from] item: Leftovers
|upkeep
|
|switch|p2a: Malamar|Malamar, M|100/100
|turn|24
|
|move|p1a: Noivern|Air Slash|p2a: Malamar
|-damage|p2a: Malamar|57/100
|move|p2a: Malamar|Superpower|p1a: Noivern
|-resisted|p1a: Noivern
|-damage|p1a: Noivern|80/100
|-boost|p2a: Malamar|atk|1
|-boost|p2a: Malamar|def|1
|
|-heal|p1a: Noivern|86/100|[from] item: Leftovers
|-heal|p2a: Malamar|63/100|[from] item: Leftovers
|upkeep
|turn|25
|
|move|p1a: Noivern|Air Slash|p2a: Malamar|[miss]
|-miss|p1a: Noivern|p2a: Malamar
|move|p2a: Malamar|Superpower|p1a: Noivern
|-resisted|p1a: Noivern
|-damage|p1a: Noivern|63/100
|-boost|p2a: Malamar|atk|1
|-boost|p2a: Malamar|def|1
|
|-heal|p1a: Noivern|69/100|[from] item: Leftovers
|-heal|p2a: Malamar|69/100|[from] item: Leftovers
|upkeep
|turn|26
|
|move|p1a: Noivern|Boomburst|p2a: Malamar
|-damage|p2a: Malamar|22/100
|move|p2a: Malamar|Superpower|p1a: Noivern
|-resisted|p1a: Noivern
|-damage|p1a: Noivern|42/100
|-boost|p2a: Malamar|atk|1
|-boost|p2a: Malamar|def|1
|
|-heal|p1a: Noivern|48/100|[from] item: Leftovers
|-heal|p2a: Malamar|28/100|[from] item: Leftovers
|upkeep
|turn|27
|
|move|p1a: Noivern|Boomburst|p2a: Malamar
|-damage|p2a: Malamar|0 fnt
|faint|p2a: Malamar
|
|-heal|p1a: Noivern|55/100|[from] item: Leftovers
|upkeep
|
|switch|p2a: Shiinotic|Shiinotic, M|15/100
|turn|28
|
|move|p1a: Noivern|Boomburst|p2a: Shiinotic
|-damage|p2a: Shiinotic|0 fnt
|faint|p2a: Shiinotic
|
|win|Pewpewpews
|c|☆dukeofass|my goodra was missing a move lmao
|c|☆dukeofass|gg
|l|☆dukeofass
