|ScrapeTime|2020-01-01-17:14:29
|j|☆waterpolo_94
|j|☆oga59
|player|p1|waterpolo_94|266|1267
|player|p2|oga59|266|1267
|teamsize|p1|6
|teamsize|p2|6
|gametype|singles
|gen|8
|tier|[Gen 8] OU
|rated|
|rule|Sleep Clause Mod: Limit one foe put to sleep
|rule|Species Clause: Limit one of each Pokémon
|rule|OHKO Clause: OHKO moves are banned
|rule|Evasion Moves Clause: Evasion moves are banned
|rule|Endless Battle Clause: Forcing endless battles is banned
|rule|HP Percentage Mod: HP is shown in percentages
|clearpoke
|poke|p1|Corviknight, M|
|poke|p1|Dragapult, M|
|poke|p1|Chandelure, F|
|poke|p1|Ferrothorn, F|
|poke|p1|Tyranitar, F|
|poke|p1|Gardevoir, F|
|poke|p2|Grimmsnarl, M|
|poke|p2|Hydreigon, M|
|poke|p2|Aegislash, M|
|poke|p2|Barraskewda, F|
|poke|p2|Corsola-Galar, M|
|poke|p2|Toxapex, F|
|rule|Dynamax Clause: You cannot dynamax
|teampreview
|
|start
|switch|p1a: Gardevoir|Gardevoir, F|100/100
|switch|p2a: Grimmsnarl|Grimmsnarl, M|100/100
|-ability|p1a: Gardevoir|Prankster|[from] ability: Trace|[of] p2a: Grimmsnarl
|turn|1
|
|move|p2a: Grimmsnarl|Light Screen|p2a: Grimmsnarl
|-sidestart|p2: oga59|move: Light Screen
|move|p1a: Gardevoir|Moonblast|p2a: Grimmsnarl
|-supereffective|p2a: Grimmsnarl
|-damage|p2a: Grimmsnarl|42/100
|
|upkeep
|turn|2
|
|switch|p2a: Aegislash|Aegislash, M|100/100
|move|p1a: Gardevoir|Moonblast|p2a: Aegislash
|-resisted|p2a: Aegislash
|-damage|p2a: Aegislash|84/100
|
|upkeep
|turn|3
|
|switch|p1a: Ferrothorn|Ferrothorn, F|100/100
|-formechange|p2a: Aegislash|Aegislash-Blade||[from] ability: Stance Change
|move|p2a: Aegislash|Iron Head|p1a: Ferrothorn
|-resisted|p1a: Ferrothorn
|-damage|p1a: Ferrothorn|83/100
|-damage|p2a: Aegislash|71/100|[from] ability: Iron Barbs|[of] p1a: Ferrothorn
|-damage|p2a: Aegislash|55/100|[from] item: Rocky Helmet|[of] p1a: Ferrothorn
|-damage|p2a: Aegislash|45/100|[from] item: Life Orb
|
|upkeep
|turn|4
|
|move|p2a: Aegislash|Close Combat|p1a: Ferrothorn
|-supereffective|p1a: Ferrothorn
|-damage|p1a: Ferrothorn|12/100
|-damage|p2a: Aegislash|33/100|[from] ability: Iron Barbs|[of] p1a: Ferrothorn
|-damage|p2a: Aegislash|16/100|[from] item: Rocky Helmet|[of] p1a: Ferrothorn
|-unboost|p2a: Aegislash|def|1
|-unboost|p2a: Aegislash|spd|1
|-damage|p2a: Aegislash|6/100|[from] item: Life Orb
|move|p1a: Ferrothorn|Leech Seed|p2a: Aegislash
|-start|p2a: Aegislash|move: Leech Seed
|
|-damage|p2a: Aegislash|0 fnt|[from] Leech Seed|[of] p1a: Ferrothorn
|-heal|p1a: Ferrothorn|17/100|[silent]
|faint|p2a: Aegislash
|upkeep
|
|switch|p2a: Barraskewda|Barraskewda, F|100/100
|turn|5
|inactive|Battle timer is ON: inactive players will automatically lose when time's up. (requested by waterpolo_94)
|
|move|p2a: Barraskewda|Crunch|p1a: Ferrothorn
|-damage|p1a: Ferrothorn|0 fnt
|-damage|p2a: Barraskewda|88/100|[from] ability: Iron Barbs|[of] p1a: Ferrothorn
|-damage|p2a: Barraskewda|72/100|[from] item: Rocky Helmet|[of] p1a: Ferrothorn
|faint|p1a: Ferrothorn
|
|upkeep
|
|switch|p1a: Corviknight|Corviknight, M|100/100
|-ability|p1a: Corviknight|Pressure
|turn|6
|
|move|p2a: Barraskewda|Crunch|p1a: Corviknight
|-damage|p1a: Corviknight|71/100
|move|p1a: Corviknight|Brave Bird|p2a: Barraskewda
|-damage|p2a: Barraskewda|0 fnt
|-damage|p1a: Corviknight|54/100|[from] Recoil
|faint|p2a: Barraskewda
|
|-heal|p1a: Corviknight|60/100|[from] item: Leftovers
|upkeep
|
|switch|p2a: Corsola|Corsola-Galar, M|100/100
|turn|7
|
|move|p1a: Corviknight|Brave Bird|p2a: Corsola
|-damage|p2a: Corsola|81/100
|-damage|p1a: Corviknight|55/100|[from] Recoil
|move|p2a: Corsola|Stealth Rock|p1a: Corviknight
|-sidestart|p1: waterpolo_94|move: Stealth Rock
|
|-heal|p1a: Corviknight|61/100|[from] item: Leftovers
|upkeep
|turn|8
|
|move|p1a: Corviknight|Defog|p2a: Corsola
|-unboost|p2a: Corsola|evasion|1
|-sideend|p2: oga59|move: Light Screen
|-sideend|p1: waterpolo_94|Stealth Rock|[from] move: Defog|[of] p1a: Corviknight
|move|p2a: Corsola|Will-O-Wisp|p1a: Corviknight
|-status|p1a: Corviknight|brn
|
|-heal|p1a: Corviknight|67/100 brn|[from] item: Leftovers
|-damage|p1a: Corviknight|61/100 brn|[from] brn
|upkeep
|turn|9
|
|switch|p1a: Tyranitar|Tyranitar, F|100/100
|-weather|Sandstorm|[from] ability: Sand Stream|[of] p1a: Tyranitar
|move|p2a: Corsola|Night Shade|p1a: Tyranitar
|-damage|p1a: Tyranitar|71/100
|
|-weather|Sandstorm|[upkeep]
|-damage|p2a: Corsola|75/100|[from] Sandstorm
|upkeep
|turn|10
|
|move|p2a: Corsola|Will-O-Wisp|p1a: Tyranitar
|-status|p1a: Tyranitar|brn
|move|p1a: Tyranitar|Avalanche|p2a: Corsola
|-damage|p2a: Corsola|69/100
|
|-weather|Sandstorm|[upkeep]
|-damage|p2a: Corsola|63/100|[from] Sandstorm
|-damage|p1a: Tyranitar|65/100 brn|[from] brn
|upkeep
|turn|11
|
|move|p1a: Tyranitar|Crunch|p2a: Corsola
|-supereffective|p2a: Corsola
|-damage|p2a: Corsola|35/100
|-start|p1a: Tyranitar|Disable|Crunch|[from] ability: Cursed Body|[of] p2a: Corsola
|-unboost|p2a: Corsola|def|1
|move|p2a: Corsola|Strength Sap|p1a: Tyranitar
|-unboost|p1a: Tyranitar|atk|1
|-heal|p2a: Corsola|100/100
|
|-weather|Sandstorm|[upkeep]
|-damage|p2a: Corsola|94/100|[from] Sandstorm
|-damage|p1a: Tyranitar|59/100 brn|[from] brn
|upkeep
|turn|12
|inactive|waterpolo_94 has 120 seconds left.
|
|switch|p1a: Chandelure|Chandelure, F, shiny|100/100
|move|p2a: Corsola|Night Shade|p1a: Chandelure
|-damage|p1a: Chandelure|62/100
|
|-weather|Sandstorm|[upkeep]
|-damage|p1a: Chandelure|56/100|[from] Sandstorm
|-damage|p2a: Corsola|88/100|[from] Sandstorm
|upkeep
|turn|13
|
|move|p1a: Chandelure|Shadow Ball|p2a: Corsola
|-supereffective|p2a: Corsola
|-damage|p2a: Corsola|13/100
|move|p2a: Corsola|Stealth Rock|p1a: Chandelure
|-sidestart|p1: waterpolo_94|move: Stealth Rock
|
|-weather|none
|upkeep
|turn|14
|
|move|p1a: Chandelure|Shadow Ball|p2a: Corsola
|-supereffective|p2a: Corsola
|-damage|p2a: Corsola|0 fnt
|faint|p2a: Corsola
|
|upkeep
|
|switch|p2a: Hydreigon|Hydreigon, M|100/100
|turn|15
|
|switch|p1a: Tyranitar|Tyranitar, F|59/100 brn
|-damage|p1a: Tyranitar|47/100 brn|[from] Stealth Rock
|-weather|Sandstorm|[from] ability: Sand Stream|[of] p1a: Tyranitar
|move|p2a: Hydreigon|Substitute|p2a: Hydreigon
|-start|p2a: Hydreigon|Substitute
|-damage|p2a: Hydreigon|76/100
|
|-weather|Sandstorm|[upkeep]
|-damage|p2a: Hydreigon|69/100|[from] Sandstorm
|-heal|p2a: Hydreigon|76/100|[from] item: Leftovers
|-damage|p1a: Tyranitar|40/100 brn|[from] brn
|upkeep
|turn|16
|inactive|oga59 has 120 seconds left.
|
|move|p2a: Hydreigon|Nasty Plot|p2a: Hydreigon
|-boost|p2a: Hydreigon|spa|2
|move|p1a: Tyranitar|Avalanche|p2a: Hydreigon
|-supereffective|p2a: Hydreigon
|-end|p2a: Hydreigon|Substitute
|
|-weather|Sandstorm|[upkeep]
|-damage|p2a: Hydreigon|69/100|[from] Sandstorm
|-heal|p2a: Hydreigon|76/100|[from] item: Leftovers
|-damage|p1a: Tyranitar|34/100 brn|[from] brn
|upkeep
|turn|17
|inactive|oga59 has 120 seconds left.
|
|move|p2a: Hydreigon|Flash Cannon|p1a: Tyranitar
|-supereffective|p1a: Tyranitar
|-damage|p1a: Tyranitar|0 fnt
|faint|p1a: Tyranitar
|
|-weather|Sandstorm|[upkeep]
|-damage|p2a: Hydreigon|69/100|[from] Sandstorm
|-heal|p2a: Hydreigon|76/100|[from] item: Leftovers
|upkeep
|
|switch|p1a: Dragapult|Dragapult, M|100/100
|-damage|p1a: Dragapult|88/100|[from] Stealth Rock
|turn|18
|
|switch|p2a: Toxapex|Toxapex, F|100/100
|move|p1a: Dragapult|U-turn|p2a: Toxapex
|-resisted|p2a: Toxapex
|-damage|p2a: Toxapex|93/100
|
|switch|p1a: Corviknight|Corviknight, M|61/100 brn|[from]move: U-turn
|-damage|p1a: Corviknight|48/100 brn|[from] Stealth Rock
|-ability|p1a: Corviknight|Pressure
|
|-weather|Sandstorm|[upkeep]
|-damage|p2a: Toxapex|87/100|[from] Sandstorm
|-heal|p1a: Corviknight|55/100 brn|[from] item: Leftovers
|-heal|p2a: Toxapex|93/100|[from] item: Black Sludge
|-damage|p1a: Corviknight|48/100 brn|[from] brn
|upkeep
|turn|19
|
|move|p1a: Corviknight|Defog|p2a: Toxapex
|-unboost|p2a: Toxapex|evasion|1
|-sideend|p1: waterpolo_94|Stealth Rock|[from] move: Defog|[of] p1a: Corviknight
|move|p2a: Toxapex|Scald|p1a: Corviknight
|-damage|p1a: Corviknight|34/100 brn
|
|-weather|none
|-heal|p1a: Corviknight|40/100 brn|[from] item: Leftovers
|-heal|p2a: Toxapex|99/100|[from] item: Black Sludge
|-damage|p1a: Corviknight|34/100 brn|[from] brn
|upkeep
|turn|20
|
|move|p1a: Corviknight|Body Press|p2a: Toxapex
|-resisted|p2a: Toxapex
|-damage|p2a: Toxapex|96/100
|move|p2a: Toxapex|Scald|p1a: Corviknight
|-damage|p1a: Corviknight|19/100 brn
|
|-heal|p1a: Corviknight|25/100 brn|[from] item: Leftovers
|-heal|p2a: Toxapex|100/100|[from] item: Black Sludge
|-damage|p1a: Corviknight|19/100 brn|[from] brn
|upkeep
|turn|21
|
|move|p1a: Corviknight|Brave Bird|p2a: Toxapex
|-damage|p2a: Toxapex|90/100
|-damage|p1a: Corviknight|16/100 brn|[from] Recoil
|move|p2a: Toxapex|Scald|p1a: Corviknight
|-damage|p1a: Corviknight|2/100 brn
|
|-heal|p1a: Corviknight|8/100 brn|[from] item: Leftovers
|-heal|p2a: Toxapex|97/100|[from] item: Black Sludge
|-damage|p1a: Corviknight|2/100 brn|[from] brn
|upkeep
|turn|22
|
|move|p1a: Corviknight|Brave Bird|p2a: Toxapex
|-damage|p2a: Toxapex|87/100
|-damage|p1a: Corviknight|0 fnt|[from] Recoil
|faint|p1a: Corviknight
|move|p2a: Toxapex|Scald|p1: Corviknight|[notarget]
|-fail|p2a: Toxapex
|
|-heal|p2a: Toxapex|93/100|[from] item: Black Sludge
|upkeep
|inactive|waterpolo_94 has 120 seconds left.
|
|switch|p1a: Gardevoir|Gardevoir, F|100/100
|-ability|p1a: Gardevoir|Regenerator|[from] ability: Trace|[of] p2a: Toxapex
|turn|23
|inactive|waterpolo_94 has 120 seconds left.
|
|move|p1a: Gardevoir|Moonblast|p2a: Toxapex
|-resisted|p2a: Toxapex
|-damage|p2a: Toxapex|62/100
|move|p2a: Toxapex|Toxic|p1a: Gardevoir
|-status|p1a: Gardevoir|tox
|
|-heal|p2a: Toxapex|68/100|[from] item: Black Sludge
|-damage|p1a: Gardevoir|94/100 tox|[from] psn
|upkeep
|turn|24
|inactive|waterpolo_94 has 120 seconds left.
|
|move|p1a: Gardevoir|Moonblast|p2a: Toxapex
|-resisted|p2a: Toxapex
|-damage|p2a: Toxapex|34/100
|move|p2a: Toxapex|Recover|p2a: Toxapex
|-heal|p2a: Toxapex|84/100
|
|-heal|p2a: Toxapex|90/100|[from] item: Black Sludge
|-damage|p1a: Gardevoir|82/100 tox|[from] psn
|upkeep
|turn|25
|inactive|waterpolo_94 has 120 seconds left.
|
|switch|p1a: Chandelure|Chandelure, F, shiny|56/100
|move|p2a: Toxapex|Recover|p2a: Toxapex
|-heal|p2a: Toxapex|100/100
|
|upkeep
|turn|26
|
|move|p1a: Chandelure|Psychic|p2a: Toxapex
|-supereffective|p2a: Toxapex
|-damage|p2a: Toxapex|40/100
|move|p2a: Toxapex|Toxic|p1a: Chandelure
|-status|p1a: Chandelure|tox
|
|-heal|p2a: Toxapex|46/100|[from] item: Black Sludge
|-damage|p1a: Chandelure|50/100 tox|[from] psn
|upkeep
|turn|27
|inactive|oga59 has 120 seconds left.
|
|switch|p1a: Gardevoir|Gardevoir, F|100/100 tox
|-ability|p1a: Gardevoir|Regenerator|[from] ability: Trace|[of] p2a: Toxapex
|switch|p2a: Grimmsnarl|Grimmsnarl, M|42/100
|
|-damage|p1a: Gardevoir|94/100 tox|[from] psn
|upkeep
|turn|28
|inactive|oga59 has 120 seconds left.
|
|move|p2a: Grimmsnarl|Light Screen|p2a: Grimmsnarl
|-sidestart|p2: oga59|move: Light Screen
|move|p1a: Gardevoir|Moonblast|p2a: Grimmsnarl
|-supereffective|p2a: Grimmsnarl
|-damage|p2a: Grimmsnarl|0 fnt
|faint|p2a: Grimmsnarl
|
|-damage|p1a: Gardevoir|82/100 tox|[from] psn
|upkeep
|
|switch|p2a: Hydreigon|Hydreigon, M|76/100
|turn|29
|
|move|p2a: Hydreigon|Flash Cannon|p1a: Gardevoir
|-supereffective|p1a: Gardevoir
|-damage|p1a: Gardevoir|27/100 tox
|move|p1a: Gardevoir|Moonblast|p2a: Hydreigon
|-supereffective|p2a: Hydreigon
|-damage|p2a: Hydreigon|0 fnt
|faint|p2a: Hydreigon
|
|-damage|p1a: Gardevoir|9/100 tox|[from] psn
|upkeep
|-message|oga59 forfeited.
|
|win|waterpolo_94
|l|☆oga59
|raw|waterpolo_94's rating: 1267 → 1292(+25 for winning)
|raw|oga59's rating: 1267 → 1242(-25 for losing)
