|ScrapeTime|2020-01-02-03:38:31
|j|☆berncb14
|j|☆Party Brock
|player|p1|berncb14|184|1269
|player|p2|Party Brock|brock|1262
|teamsize|p1|6
|teamsize|p2|6
|gametype|singles
|gen|8
|tier|[Gen 8] OU
|rated|
|rule|Sleep Clause Mod: Limit one foe put to sleep
|rule|Species Clause: Limit one of each Pokémon
|rule|OHKO Clause: OHKO moves are banned
|rule|Evasion Moves Clause: Evasion moves are banned
|rule|Endless Battle Clause: Forcing endless battles is banned
|rule|HP Percentage Mod: HP is shown in percentages
|clearpoke
|poke|p1|Aegislash, F|
|poke|p1|Hydreigon, F|
|poke|p1|Seismitoad, F|
|poke|p1|Cinderace, F|
|poke|p1|Clefable, M|
|poke|p1|Tyranitar, M|
|poke|p2|Dragapult, F|
|poke|p2|Conkeldurr, M|
|poke|p2|Excadrill, M|
|poke|p2|Togekiss, F|
|poke|p2|Gardevoir, F|
|poke|p2|Gengar, M|
|rule|Dynamax Clause: You cannot dynamax
|teampreview
|
|start
|switch|p1a: Cinderace|Cinderace, F|100/100
|switch|p2a: Gengar|Gengar, M, shiny|100/100
|turn|1
|
|move|p1a: Cinderace|U-turn|p2a: Gengar
|-resisted|p2a: Gengar
|-damage|p2a: Gengar|89/100
|
|switch|p1a: Tyranitar|Tyranitar, M|100/100|[from]move: U-turn
|-weather|Sandstorm|[from] ability: Sand Stream|[of] p1a: Tyranitar
|move|p2a: Gengar|Sludge Bomb|p1a: Tyranitar
|-resisted|p1a: Tyranitar
|-damage|p1a: Tyranitar|92/100
|
|-weather|Sandstorm|[upkeep]
|-damage|p2a: Gengar|83/100|[from] Sandstorm
|upkeep
|turn|2
|
|switch|p1a: Seismitoad|Seismitoad, F|100/100
|move|p2a: Gengar|Destiny Bond|p2a: Gengar
|-singlemove|p2a: Gengar|Destiny Bond
|
|-weather|Sandstorm|[upkeep]
|-damage|p2a: Gengar|77/100|[from] Sandstorm
|upkeep
|turn|3
|inactive|Battle timer is ON: inactive players will automatically lose when time's up. (requested by berncb14)
|
|move|p2a: Gengar|Shadow Ball|p1a: Seismitoad
|-damage|p1a: Seismitoad|54/100
|move|p1a: Seismitoad|Stealth Rock|p2a: Gengar
|-sidestart|p2: Party Brock|move: Stealth Rock
|
|-weather|Sandstorm|[upkeep]
|-damage|p2a: Gengar|71/100|[from] Sandstorm
|-heal|p1a: Seismitoad|60/100|[from] item: Leftovers
|upkeep
|turn|4
|
|move|p1a: Seismitoad|Protect|p1a: Seismitoad
|-singleturn|p1a: Seismitoad|Protect
|move|p2a: Gengar|Sludge Bomb|p1a: Seismitoad
|-activate|p1a: Seismitoad|move: Protect
|
|-weather|Sandstorm|[upkeep]
|-damage|p2a: Gengar|64/100|[from] Sandstorm
|-heal|p1a: Seismitoad|66/100|[from] item: Leftovers
|upkeep
|turn|5
|
|switch|p1a: Tyranitar|Tyranitar, M|92/100
|move|p2a: Gengar|Taunt|p1a: Tyranitar
|-start|p1a: Tyranitar|move: Taunt
|
|-weather|none
|upkeep
|turn|6
|
|switch|p1a: Cinderace|Cinderace, F|100/100
|move|p2a: Gengar|Sludge Bomb|p1a: Cinderace
|-damage|p1a: Cinderace|29/100
|
|upkeep
|turn|7
|
|switch|p2a: Conkeldurr|Conkeldurr, M|100/100
|-damage|p2a: Conkeldurr|94/100|[from] Stealth Rock
|move|p1a: Cinderace|Pyro Ball|p2a: Conkeldurr|[miss]
|-miss|p1a: Cinderace|p2a: Conkeldurr
|
|upkeep
|turn|8
|
|switch|p1a: Seismitoad|Seismitoad, F|66/100
|switch|p2a: Dragapult|Dragapult, F|100/100
|-damage|p2a: Dragapult|88/100|[from] Stealth Rock
|
|-heal|p1a: Seismitoad|72/100|[from] item: Leftovers
|upkeep
|turn|9
|
|switch|p1a: Tyranitar|Tyranitar, M|92/100
|-weather|Sandstorm|[from] ability: Sand Stream|[of] p1a: Tyranitar
|move|p2a: Dragapult|Flamethrower|p1a: Tyranitar
|-resisted|p1a: Tyranitar
|-damage|p1a: Tyranitar|85/100
|-damage|p2a: Dragapult|78/100|[from] item: Life Orb
|
|-weather|Sandstorm|[upkeep]
|-damage|p2a: Dragapult|72/100|[from] Sandstorm
|upkeep
|turn|10
|
|move|p2a: Dragapult|U-turn|p1a: Tyranitar
|-supereffective|p1a: Tyranitar
|-damage|p1a: Tyranitar|52/100
|-damage|p2a: Dragapult|63/100|[from] item: Life Orb
|
|switch|p2a: Conkeldurr|Conkeldurr, M|94/100|[from]move: U-turn
|-damage|p2a: Conkeldurr|88/100|[from] Stealth Rock
|move|p1a: Tyranitar|Crunch|p2a: Conkeldurr
|-resisted|p2a: Conkeldurr
|-damage|p2a: Conkeldurr|67/100
|-damage|p1a: Tyranitar|35/100|[from] item: Rocky Helmet|[of] p2a: Conkeldurr
|-unboost|p2a: Conkeldurr|def|1
|
|-weather|Sandstorm|[upkeep]
|-damage|p2a: Conkeldurr|61/100|[from] Sandstorm
|upkeep
|turn|11
|
|switch|p1a: Aegislash|Aegislash, F|100/100
|switch|p2a: Excadrill|Excadrill, M|100/100
|-damage|p2a: Excadrill|97/100|[from] Stealth Rock
|-ability|p2a: Excadrill|Mold Breaker
|
|-weather|Sandstorm|[upkeep]
|upkeep
|turn|12
|
|switch|p2a: Gardevoir|Gardevoir, F|100/100
|-damage|p2a: Gardevoir|88/100|[from] Stealth Rock
|move|p1a: Aegislash|King's Shield||[still]
|-fail|p1a: Aegislash
|
|-weather|Sandstorm|[upkeep]
|-damage|p2a: Gardevoir|82/100|[from] Sandstorm
|-heal|p2a: Gardevoir|88/100|[from] item: Leftovers
|upkeep
|turn|13
|
|move|p2a: Gardevoir|Future Sight|p1a: Aegislash
|-start|p2a: Gardevoir|move: Future Sight
|-formechange|p1a: Aegislash|Aegislash-Blade||[from] ability: Stance Change
|move|p1a: Aegislash|Shadow Ball|p2a: Gardevoir
|-supereffective|p2a: Gardevoir
|-damage|p2a: Gardevoir|8/100
|
|-weather|none
|-heal|p2a: Gardevoir|14/100|[from] item: Leftovers
|upkeep
|turn|14
|inactive|berncb14 has 120 seconds left.
|
|switch|p2a: Conkeldurr|Conkeldurr, M|61/100
|-damage|p2a: Conkeldurr|55/100|[from] Stealth Rock
|move|p1a: Aegislash|Shadow Sneak|p2a: Conkeldurr
|-damage|p2a: Conkeldurr|39/100
|-damage|p1a: Aegislash|84/100|[from] item: Rocky Helmet|[of] p2a: Conkeldurr
|
|-heal|p1a: Aegislash|90/100|[from] item: Leftovers
|upkeep
|turn|15
|inactive|berncb14 has 120 seconds left.
|
|-formechange|p1a: Aegislash|Aegislash||[from] ability: Stance Change
|move|p1a: Aegislash|King's Shield|p1a: Aegislash
|-singleturn|p1a: Aegislash|Protect
|move|p2a: Conkeldurr|Bulk Up|p2a: Conkeldurr
|-boost|p2a: Conkeldurr|atk|1
|-boost|p2a: Conkeldurr|def|1
|
|-end|p1a: Aegislash|move: Future Sight
|-resisted|p1a: Aegislash
|-damage|p1a: Aegislash|58/100
|-heal|p1a: Aegislash|64/100|[from] item: Leftovers
|upkeep
|turn|16
|
|switch|p2a: Excadrill|Excadrill, M|97/100
|-damage|p2a: Excadrill|94/100|[from] Stealth Rock
|-ability|p2a: Excadrill|Mold Breaker
|-formechange|p1a: Aegislash|Aegislash-Blade||[from] ability: Stance Change
|move|p1a: Aegislash|Shadow Ball|p2a: Excadrill
|-damage|p2a: Excadrill|31/100
|
|-heal|p1a: Aegislash|70/100|[from] item: Leftovers
|upkeep
|turn|17
|inactive|berncb14 has 90 seconds left.
|
|switch|p2a: Togekiss|Togekiss, F, shiny|100/100
|-damage|p2a: Togekiss|76/100|[from] Stealth Rock
|-formechange|p1a: Aegislash|Aegislash||[from] ability: Stance Change
|move|p1a: Aegislash|King's Shield||[still]
|-fail|p1a: Aegislash
|
|-heal|p2a: Togekiss|82/100|[from] item: Leftovers
|-heal|p1a: Aegislash|76/100|[from] item: Leftovers
|upkeep
|turn|18
|inactive|berncb14 has 90 seconds left.
|
|move|p2a: Togekiss|Substitute|p2a: Togekiss
|-start|p2a: Togekiss|Substitute
|-damage|p2a: Togekiss|57/100
|-formechange|p1a: Aegislash|Aegislash-Blade||[from] ability: Stance Change
|move|p1a: Aegislash|Flash Cannon|p2a: Togekiss
|-supereffective|p2a: Togekiss
|-end|p2a: Togekiss|Substitute
|
|-heal|p2a: Togekiss|63/100|[from] item: Leftovers
|-heal|p1a: Aegislash|82/100|[from] item: Leftovers
|upkeep
|turn|19
|inactive|berncb14 has 90 seconds left.
|
|switch|p1a: Tyranitar|Tyranitar, M|35/100
|-weather|Sandstorm|[from] ability: Sand Stream|[of] p1a: Tyranitar
|move|p2a: Togekiss|Substitute|p2a: Togekiss
|-start|p2a: Togekiss|Substitute
|-damage|p2a: Togekiss|38/100
|
|-weather|Sandstorm|[upkeep]
|-damage|p2a: Togekiss|32/100|[from] Sandstorm
|-heal|p2a: Togekiss|38/100|[from] item: Leftovers
|upkeep
|turn|20
|inactive|berncb14 has 90 seconds left.
|
|move|p2a: Togekiss|Thunder Wave|p1a: Tyranitar
|-status|p1a: Tyranitar|par
|move|p1a: Tyranitar|Stone Edge|p2a: Togekiss|[miss]
|-miss|p1a: Tyranitar|p2a: Togekiss
|
|-weather|Sandstorm|[upkeep]
|-damage|p2a: Togekiss|32/100|[from] Sandstorm
|-heal|p2a: Togekiss|38/100|[from] item: Leftovers
|upkeep
|turn|21
|inactive|berncb14 has 90 seconds left.
|
|move|p2a: Togekiss|Air Slash|p1a: Tyranitar
|-resisted|p1a: Tyranitar
|-damage|p1a: Tyranitar|29/100 par
|move|p1a: Tyranitar|Stone Edge|p2a: Togekiss
|-supereffective|p2a: Togekiss
|-end|p2a: Togekiss|Substitute
|
|-weather|Sandstorm|[upkeep]
|-damage|p2a: Togekiss|32/100|[from] Sandstorm
|-heal|p2a: Togekiss|38/100|[from] item: Leftovers
|upkeep
|turn|22
|inactive|berncb14 has 90 seconds left.
|
|move|p2a: Togekiss|Air Slash|p1a: Tyranitar
|-resisted|p1a: Tyranitar
|-damage|p1a: Tyranitar|24/100 par
|cant|p1a: Tyranitar|flinch
|
|-weather|Sandstorm|[upkeep]
|-damage|p2a: Togekiss|32/100|[from] Sandstorm
|-heal|p2a: Togekiss|38/100|[from] item: Leftovers
|upkeep
|turn|23
|inactive|berncb14 has 90 seconds left.
|
|move|p2a: Togekiss|Substitute|p2a: Togekiss
|-start|p2a: Togekiss|Substitute
|-damage|p2a: Togekiss|13/100
|cant|p1a: Tyranitar|par
|
|-weather|none
|-heal|p2a: Togekiss|19/100|[from] item: Leftovers
|upkeep
|turn|24
|
|move|p2a: Togekiss|Air Slash|p1a: Tyranitar
|-resisted|p1a: Tyranitar
|-damage|p1a: Tyranitar|14/100 par
|cant|p1a: Tyranitar|par
|
|-heal|p2a: Togekiss|26/100|[from] item: Leftovers
|upkeep
|turn|25
|
|move|p2a: Togekiss|Air Slash|p1a: Tyranitar
|-resisted|p1a: Tyranitar
|-damage|p1a: Tyranitar|6/100 par
|move|p1a: Tyranitar|Stone Edge|p2a: Togekiss
|-supereffective|p2a: Togekiss
|-end|p2a: Togekiss|Substitute
|
|-heal|p2a: Togekiss|32/100|[from] item: Leftovers
|upkeep
|turn|26
|
|move|p2a: Togekiss|Substitute|p2a: Togekiss
|-start|p2a: Togekiss|Substitute
|-damage|p2a: Togekiss|7/100
|move|p1a: Tyranitar|Stone Edge|p2a: Togekiss|[miss]
|-miss|p1a: Tyranitar|p2a: Togekiss
|
|-heal|p2a: Togekiss|13/100|[from] item: Leftovers
|upkeep
|turn|27
|
|move|p2a: Togekiss|Air Slash|p1a: Tyranitar
|-resisted|p1a: Tyranitar
|-crit|p1a: Tyranitar
|-damage|p1a: Tyranitar|0 fnt
|faint|p1a: Tyranitar
|
|-heal|p2a: Togekiss|19/100|[from] item: Leftovers
|upkeep
|
|switch|p1a: Aegislash|Aegislash, F|82/100
|turn|28
|inactive|berncb14 has 120 seconds left.
|
|move|p2a: Togekiss|Thunder Wave|p1a: Aegislash
|-status|p1a: Aegislash|par
|-formechange|p1a: Aegislash|Aegislash-Blade||[from] ability: Stance Change
|move|p1a: Aegislash|Shadow Ball|p2a: Togekiss
|-end|p2a: Togekiss|Substitute
|
|-heal|p2a: Togekiss|25/100|[from] item: Leftovers
|-heal|p1a: Aegislash|88/100 par|[from] item: Leftovers
|upkeep
|turn|29
|inactive|berncb14 has 120 seconds left.
|
|move|p2a: Togekiss|Air Slash|p1a: Aegislash
|-resisted|p1a: Aegislash
|-damage|p1a: Aegislash|53/100 par
|cant|p1a: Aegislash|flinch
|
|-heal|p2a: Togekiss|32/100|[from] item: Leftovers
|-heal|p1a: Aegislash|59/100 par|[from] item: Leftovers
|upkeep
|turn|30
|
|move|p2a: Togekiss|Substitute|p2a: Togekiss
|-start|p2a: Togekiss|Substitute
|-damage|p2a: Togekiss|7/100
|move|p1a: Aegislash|Flash Cannon|p2a: Togekiss
|-supereffective|p2a: Togekiss
|-end|p2a: Togekiss|Substitute
|
|-heal|p2a: Togekiss|13/100|[from] item: Leftovers
|-heal|p1a: Aegislash|65/100 par|[from] item: Leftovers
|upkeep
|turn|31
|
|move|p2a: Togekiss|Air Slash|p1a: Aegislash
|-resisted|p1a: Aegislash
|-crit|p1a: Aegislash
|-damage|p1a: Aegislash|8/100 par
|move|p1a: Aegislash|Flash Cannon|p2a: Togekiss
|-supereffective|p2a: Togekiss
|-damage|p2a: Togekiss|0 fnt
|faint|p2a: Togekiss
|
|-heal|p1a: Aegislash|14/100 par|[from] item: Leftovers
|upkeep
|c|☆berncb14|Jesus Christ
|inactive|Party Brock has 120 seconds left.
|
|switch|p2a: Excadrill|Excadrill, M|31/100
|-damage|p2a: Excadrill|28/100|[from] Stealth Rock
|-ability|p2a: Excadrill|Mold Breaker
|turn|32
|
|cant|p1a: Aegislash|par
|move|p2a: Excadrill|Earthquake|p1a: Aegislash
|-supereffective|p1a: Aegislash
|-damage|p1a: Aegislash|0 fnt
|faint|p1a: Aegislash
|
|upkeep
|
|switch|p1a: Cinderace|Cinderace, F|29/100
|turn|33
|
|move|p2a: Excadrill|Earthquake|p1a: Cinderace
|-supereffective|p1a: Cinderace
|-damage|p1a: Cinderace|0 fnt
|faint|p1a: Cinderace
|
|upkeep
|
|switch|p1a: Seismitoad|Seismitoad, F|72/100
|turn|34
|
|switch|p2a: Gardevoir|Gardevoir, F|14/100
|-damage|p2a: Gardevoir|2/100|[from] Stealth Rock
|-ability|p2a: Gardevoir|Water Absorb|[from] ability: Trace|[of] p1a: Seismitoad
|move|p1a: Seismitoad|Scald|p2a: Gardevoir
|-heal|p2a: Gardevoir|27/100|[from] ability: Water Absorb|[of] p1a: Seismitoad
|
|-heal|p2a: Gardevoir|33/100|[from] item: Leftovers
|-heal|p1a: Seismitoad|78/100|[from] item: Leftovers
|upkeep
|turn|35
|
|move|p2a: Gardevoir|Future Sight|p1a: Seismitoad
|-start|p2a: Gardevoir|move: Future Sight
|move|p1a: Seismitoad|Toxic|p2a: Gardevoir
|-status|p2a: Gardevoir|tox
|
|-heal|p2a: Gardevoir|39/100 tox|[from] item: Leftovers
|-heal|p1a: Seismitoad|84/100|[from] item: Leftovers
|-damage|p2a: Gardevoir|33/100 tox|[from] psn
|upkeep
|turn|36
|
|switch|p1a: Clefable|Clefable, M|100/100
|move|p2a: Gardevoir|Moonblast|p1a: Clefable
|-damage|p1a: Clefable|49/100
|
|-heal|p2a: Gardevoir|39/100 tox|[from] item: Leftovers
|-damage|p2a: Gardevoir|27/100 tox|[from] psn
|upkeep
|turn|37
|
|move|p1a: Clefable|Moonblast|p2a: Gardevoir
|-damage|p2a: Gardevoir|0 fnt
|faint|p2a: Gardevoir
|
|-end|p1a: Clefable|move: Future Sight
|-damage|p1a: Clefable|0 fnt
|upkeep
|faint|p1a: Clefable
|
|switch|p1a: Hydreigon|Hydreigon, F|100/100
|switch|p2a: Gengar|Gengar, M, shiny|64/100
|-damage|p2a: Gengar|52/100|[from] Stealth Rock
|turn|38
|
|move|p2a: Gengar|Taunt|p1a: Hydreigon
|-start|p1a: Hydreigon|move: Taunt
|cant|p1a: Hydreigon|move: Taunt|Substitute
|
|upkeep
|turn|39
|
|move|p2a: Gengar|Sludge Bomb|p1a: Hydreigon
|-damage|p1a: Hydreigon|46/100
|move|p1a: Hydreigon|Dark Pulse|p2a: Gengar
|-supereffective|p2a: Gengar
|-damage|p2a: Gengar|0 fnt
|faint|p2a: Gengar
|
|-heal|p1a: Hydreigon|52/100|[from] item: Leftovers
|upkeep
|
|switch|p2a: Excadrill|Excadrill, M|28/100
|-damage|p2a: Excadrill|25/100|[from] Stealth Rock
|-ability|p2a: Excadrill|Mold Breaker
|turn|40
|
|switch|p1a: Seismitoad|Seismitoad, F|84/100
|move|p2a: Excadrill|Earthquake|p1a: Seismitoad
|-damage|p1a: Seismitoad|41/100
|
|-heal|p1a: Seismitoad|47/100|[from] item: Leftovers
|upkeep
|turn|41
|
|move|p1a: Seismitoad|Protect|p1a: Seismitoad
|-singleturn|p1a: Seismitoad|Protect
|move|p2a: Excadrill|Earthquake|p1a: Seismitoad
|-activate|p1a: Seismitoad|move: Protect
|
|-heal|p1a: Seismitoad|53/100|[from] item: Leftovers
|upkeep
|turn|42
|
|move|p2a: Excadrill|Earthquake|p1a: Seismitoad
|-damage|p1a: Seismitoad|8/100
|move|p1a: Seismitoad|Scald|p2a: Excadrill
|-supereffective|p2a: Excadrill
|-damage|p2a: Excadrill|0 fnt
|faint|p2a: Excadrill
|
|-heal|p1a: Seismitoad|14/100|[from] item: Leftovers
|upkeep
|
|switch|p2a: Dragapult|Dragapult, F|63/100
|-damage|p2a: Dragapult|50/100|[from] Stealth Rock
|turn|43
|
|move|p1a: Seismitoad|Protect|p1a: Seismitoad
|-singleturn|p1a: Seismitoad|Protect
|move|p2a: Dragapult|Shadow Ball|p1a: Seismitoad
|-activate|p1a: Seismitoad|move: Protect
|
|-heal|p1a: Seismitoad|20/100|[from] item: Leftovers
|upkeep
|turn|44
|
|move|p2a: Dragapult|Shadow Ball|p1a: Seismitoad
|-damage|p1a: Seismitoad|0 fnt
|-damage|p2a: Dragapult|41/100|[from] item: Life Orb
|faint|p1a: Seismitoad
|
|upkeep
|
|switch|p1a: Hydreigon|Hydreigon, F|52/100
|turn|45
|
|move|p2a: Dragapult|U-turn|p1a: Hydreigon
|-supereffective|p1a: Hydreigon
|-damage|p1a: Hydreigon|4/100
|-damage|p2a: Dragapult|31/100|[from] item: Life Orb
|
|switch|p2a: Conkeldurr|Conkeldurr, M|39/100|[from]move: U-turn
|-damage|p2a: Conkeldurr|33/100|[from] Stealth Rock
|move|p1a: Hydreigon|Dark Pulse|p2a: Conkeldurr
|-resisted|p2a: Conkeldurr
|-damage|p2a: Conkeldurr|12/100
|
|-heal|p1a: Hydreigon|10/100|[from] item: Leftovers
|upkeep
|turn|46
|
|move|p2a: Conkeldurr|Mach Punch|p1a: Hydreigon
|-supereffective|p1a: Hydreigon
|-damage|p1a: Hydreigon|0 fnt
|faint|p1a: Hydreigon
|
|win|Party Brock
|raw|berncb14's rating: 1269 → 1243(-26 for losing)
|raw|Party Brock's rating: 1262 → 1287(+25 for winning)
