|ScrapeTime|2020-01-02-03:45:12
|j|☆lodbrok92
|j|☆Strong no.8
|player|p1|lodbrok92|274|1003
|player|p2|Strong no.8|psychic|1000
|teamsize|p1|6
|teamsize|p2|6
|gametype|singles
|gen|8
|tier|[Gen 8] OU
|rated|
|rule|Sleep Clause Mod: Limit one foe put to sleep
|rule|Species Clause: Limit one of each Pokémon
|rule|OHKO Clause: OHKO moves are banned
|rule|Evasion Moves Clause: Evasion moves are banned
|rule|Endless Battle Clause: Forcing endless battles is banned
|rule|HP Percentage Mod: HP is shown in percentages
|clearpoke
|poke|p1|Inteleon, M|
|poke|p1|Corviknight, M|
|poke|p1|Shiftry, F|
|poke|p1|Grimmsnarl, M|
|poke|p1|Centiskorch, F|
|poke|p1|Dragapult, M|
|poke|p2|Excadrill, F|
|poke|p2|Hydreigon, M|
|poke|p2|Inteleon, M|
|poke|p2|Mimikyu, F|
|poke|p2|Corviknight, F|
|poke|p2|Golisopod, M|
|rule|Dynamax Clause: You cannot dynamax
|teampreview
|
|start
|switch|p1a: Corviknight|Corviknight, M|100/100
|switch|p2a: Mimikyu|Mimikyu, F, shiny|100/100
|turn|1
|
|move|p2a: Mimikyu|Swords Dance|p2a: Mimikyu
|-boost|p2a: Mimikyu|atk|2
|move|p1a: Corviknight|Reflect|p1a: Corviknight
|-sidestart|p1: lodbrok92|Reflect
|
|upkeep
|turn|2
|
|move|p2a: Mimikyu|Swords Dance|p2a: Mimikyu
|-boost|p2a: Mimikyu|atk|2
|move|p1a: Corviknight|Brave Bird|p2a: Mimikyu
|-activate|p2a: Mimikyu|ability: Disguise
|-damage|p2a: Mimikyu|100/100
|detailschange|p2a: Mimikyu|Mimikyu-Busted, F, shiny
|-damage|p2a: Mimikyu|88/100|[from] ability: Disguise|[of] p2a: Mimikyu
|
|upkeep
|turn|3
|
|move|p2a: Mimikyu|Shadow Sneak|p1a: Corviknight
|-damage|p1a: Corviknight|80/100
|-damage|p2a: Mimikyu|78/100|[from] item: Life Orb
|move|p1a: Corviknight|Light Screen|p1a: Corviknight
|-sidestart|p1: lodbrok92|move: Light Screen
|
|upkeep
|turn|4
|
|move|p2a: Mimikyu|Shadow Claw|p1a: Corviknight
|-crit|p1a: Corviknight
|-damage|p1a: Corviknight|0 fnt
|-damage|p2a: Mimikyu|68/100|[from] item: Life Orb
|faint|p1a: Corviknight
|
|upkeep
|
|switch|p1a: Centiskorch|Centiskorch, F|100/100
|turn|5
|
|move|p2a: Mimikyu|Shadow Claw|p1a: Centiskorch
|-damage|p1a: Centiskorch|30/100
|-damage|p2a: Mimikyu|58/100|[from] item: Life Orb
|move|p1a: Centiskorch|Fire Lash|p2a: Mimikyu
|-damage|p2a: Mimikyu|0 fnt
|faint|p2a: Mimikyu
|
|upkeep
|
|switch|p2a: Peen|Golisopod, M, shiny|100/100
|turn|6
|inactive|Battle timer is ON: inactive players will automatically lose when time's up. (requested by Strong no.8)
|
|move|p1a: Centiskorch|Will-O-Wisp|p2a: Peen|[miss]
|-miss|p1a: Centiskorch|p2a: Peen
|move|p2a: Peen|Brick Break|p1a: Centiskorch
|-sideend|p1: lodbrok92|Reflect
|-sideend|p1: lodbrok92|move: Light Screen
|-resisted|p1a: Centiskorch
|-damage|p1a: Centiskorch|9/100
|
|upkeep
|turn|7
|
|move|p1a: Centiskorch|Will-O-Wisp|p2a: Peen
|-status|p2a: Peen|brn
|move|p2a: Peen|Poison Jab|p1a: Centiskorch
|-damage|p1a: Centiskorch|0 fnt
|faint|p1a: Centiskorch
|
|-damage|p2a: Peen|94/100 brn|[from] brn
|upkeep
|
|switch|p1a: Dragapult|Dragapult, M|100/100
|turn|8
|
|move|p1a: Dragapult|Dragon Dance|p1a: Dragapult
|-boost|p1a: Dragapult|atk|1
|-boost|p1a: Dragapult|spe|1
|move|p2a: Peen|Poison Jab|p1a: Dragapult
|-resisted|p1a: Dragapult
|-crit|p1a: Dragapult
|-damage|p1a: Dragapult|85/100
|
|-damage|p2a: Peen|88/100 brn|[from] brn
|upkeep
|turn|9
|
|move|p1a: Dragapult|Dragon Dance|p1a: Dragapult
|-boost|p1a: Dragapult|atk|1
|-boost|p1a: Dragapult|spe|1
|move|p2a: Peen|Bulk Up|p2a: Peen
|-boost|p2a: Peen|atk|1
|-boost|p2a: Peen|def|1
|
|-damage|p2a: Peen|82/100 brn|[from] brn
|upkeep
|turn|10
|
|move|p1a: Dragapult|Dragon Darts|p2a: Peen
|-damage|p2a: Peen|57/100 brn
|-damage|p2a: Peen|32/100 brn
|-hitcount|p2a: Peen|2
|-activate|p2a: Peen|ability: Emergency Exit
|
|switch|p2a: Inteleon|Inteleon, M, shiny|100/100
|
|upkeep
|turn|11
|
|move|p1a: Dragapult|Sucker Punch|p2a: Inteleon
|-damage|p2a: Inteleon|19/100
|move|p2a: Inteleon|Ice Beam|p1a: Dragapult
|-supereffective|p1a: Dragapult
|-damage|p1a: Dragapult|0 fnt
|faint|p1a: Dragapult
|
|upkeep
|
|switch|p1a: Grimmsnarl|Grimmsnarl, M|100/100
|turn|12
|
|move|p1a: Grimmsnarl|Fake Out|p2a: Inteleon
|-damage|p2a: Inteleon|0 fnt
|faint|p2a: Inteleon
|
|upkeep
|
|switch|p2a: Excadrill|Excadrill, F|100/100
|turn|13
|
|move|p1a: Grimmsnarl|Sucker Punch|p2a: Excadrill
|-damage|p2a: Excadrill|51/100
|move|p2a: Excadrill|Iron Head|p1a: Grimmsnarl
|-supereffective|p1a: Grimmsnarl
|-damage|p1a: Grimmsnarl|0 fnt
|faint|p1a: Grimmsnarl
|
|-heal|p2a: Excadrill|57/100|[from] item: Leftovers
|upkeep
|
|switch|p1a: Inteleon|Inteleon, M|100/100
|turn|14
|
|move|p1a: Inteleon|Snipe Shot|p2a: Excadrill
|-supereffective|p2a: Excadrill
|-crit|p2a: Excadrill
|-damage|p2a: Excadrill|0 fnt
|faint|p2a: Excadrill
|
|upkeep
|
|switch|p2a: Peen|Golisopod, M, shiny|32/100 brn
|turn|15
|
|move|p2a: Peen|First Impression|p1a: Inteleon
|-damage|p1a: Inteleon|59/100
|move|p1a: Inteleon|Snipe Shot|p2a: Peen
|-resisted|p2a: Peen
|-damage|p2a: Peen|2/100 brn
|
|-damage|p2a: Peen|0 fnt|[from] brn
|faint|p2a: Peen
|upkeep
|
|switch|p2a: Borp :)|Corviknight, F, shiny|100/100
|-ability|p2a: Borp :)|Pressure
|turn|16
|
|move|p1a: Inteleon|Snipe Shot|p2a: Borp :)
|-damage|p2a: Borp :)|36/100
|move|p2a: Borp :)|Body Press|p1a: Inteleon
|-damage|p1a: Inteleon|15/100
|
|upkeep
|turn|17
|
|move|p1a: Inteleon|Snipe Shot|p2a: Borp :)
|-damage|p2a: Borp :)|0 fnt
|faint|p2a: Borp :)
|
|upkeep
|
|switch|p2a: Hydreigon|Hydreigon, M|100/100
|turn|18
|
|switch|p1a: Shiftry|Shiftry, F|100/100
|move|p2a: Hydreigon|Dark Pulse|p1a: Shiftry
|-resisted|p1a: Shiftry
|-damage|p1a: Shiftry|79/100
|
|upkeep
|turn|19
|
|move|p2a: Hydreigon|Flash Cannon|p1a: Shiftry
|-damage|p1a: Shiftry|49/100
|-unboost|p1a: Shiftry|spd|1
|move|p1a: Shiftry|Low Kick|p2a: Hydreigon
|-supereffective|p2a: Hydreigon
|-damage|p2a: Hydreigon|26/100
|
|-heal|p2a: Hydreigon|32/100|[from] item: Leftovers
|upkeep
|turn|20
|
|move|p2a: Hydreigon|Flash Cannon|p1a: Shiftry
|-damage|p1a: Shiftry|8/100
|move|p1a: Shiftry|Low Kick|p2a: Hydreigon
|-supereffective|p2a: Hydreigon
|-damage|p2a: Hydreigon|0 fnt
|faint|p2a: Hydreigon
|
|win|lodbrok92
|raw|lodbrok92's rating: 1003 → 1042(+39 for winning)
|raw|Strong no.8's rating: 1000 → 1000(+0 for losing)
|l|☆Strong no.8
