|ScrapeTime|2020-01-02-10:44:53
|j|☆Tigerchou1998
|j|☆Moero
|player|p1|Tigerchou1998|80|1566
|player|p2|Moero|190|1629
|teamsize|p1|6
|teamsize|p2|6
|gametype|singles
|gen|8
|tier|[Gen 8] OU
|rated|
|rule|Sleep Clause Mod: Limit one foe put to sleep
|rule|Species Clause: Limit one of each Pokémon
|rule|OHKO Clause: OHKO moves are banned
|rule|Evasion Moves Clause: Evasion moves are banned
|rule|Endless Battle Clause: Forcing endless battles is banned
|rule|HP Percentage Mod: HP is shown in percentages
|clearpoke
|poke|p1|Dracovish|
|poke|p1|Galvantula, M|
|poke|p1|Hydreigon, M|
|poke|p1|Aegislash, F|
|poke|p1|Dugtrio, M|
|poke|p1|Cinderace, F|
|poke|p2|Lucario, F|
|poke|p2|Chandelure, F|
|poke|p2|Seismitoad, M|
|poke|p2|Morpeko, M|
|poke|p2|Mimikyu, F|
|poke|p2|Mandibuzz, F|
|rule|Dynamax Clause: You cannot dynamax
|teampreview
|inactive|Battle timer is ON: inactive players will automatically lose when time's up. (requested by Tigerchou1998)
|
|start
|switch|p1a: 光炮射击|Hydreigon, M|100/100
|switch|p2a: Chandelure|Chandelure, F|100/100
|turn|1
|j| Hopopope
|
|switch|p2a: Mandibuzz|Mandibuzz, F|100/100
|move|p1a: 光炮射击|U-turn|p2a: Mandibuzz
|-crit|p2a: Mandibuzz
|-damage|p2a: Mandibuzz|83/100
|l| Hopopope
|
|switch|p1a: Dracovish|Dracovish|100/100|[from]move: U-turn
|
|-heal|p2a: Mandibuzz|89/100|[from] item: Leftovers
|upkeep
|turn|2
|
|switch|p1a: 无敌虫鸣|Galvantula, M|100/100
|switch|p2a: Seismitoad|Seismitoad, M|100/100
|
|upkeep
|turn|3
|
|switch|p2a: Chandelure|Chandelure, F|100/100
|move|p1a: 无敌虫鸣|Energy Ball|p2a: Chandelure
|-resisted|p2a: Chandelure
|-damage|p2a: Chandelure|82/100
|
|-heal|p2a: Chandelure|89/100|[from] item: Leftovers
|upkeep
|turn|4
|
|move|p1a: 无敌虫鸣|Volt Switch|p2a: Chandelure
|-damage|p2a: Chandelure|49/100
|
|switch|p1a: Dracovish|Dracovish|100/100|[from]move: Volt Switch
|move|p2a: Chandelure|Shadow Ball|p1a: Dracovish
|-damage|p1a: Dracovish|44/100
|
|-heal|p2a: Chandelure|55/100|[from] item: Leftovers
|upkeep
|turn|5
|
|switch|p2a: Mandibuzz|Mandibuzz, F|89/100
|move|p1a: Dracovish|Crunch|p2a: Mandibuzz
|-resisted|p2a: Mandibuzz
|-damage|p2a: Mandibuzz|77/100
|
|-heal|p2a: Mandibuzz|83/100|[from] item: Leftovers
|upkeep
|turn|6
|
|switch|p1a: 无敌虫鸣|Galvantula, M|100/100
|move|p2a: Mandibuzz|Knock Off|p1a: 无敌虫鸣
|-damage|p1a: 无敌虫鸣|55/100
|-enditem|p1a: 无敌虫鸣|Focus Sash|[from] move: Knock Off|[of] p2a: Mandibuzz
|
|-heal|p2a: Mandibuzz|89/100|[from] item: Leftovers
|upkeep
|turn|7
|
|move|p1a: 无敌虫鸣|Thunder|p2a: Mandibuzz
|-supereffective|p2a: Mandibuzz
|-damage|p2a: Mandibuzz|37/100
|move|p2a: Mandibuzz|U-turn|p1a: 无敌虫鸣
|-damage|p1a: 无敌虫鸣|35/100
|
|switch|p2a: Mimikyu|Mimikyu, F|100/100|[from]move: U-turn
|
|upkeep
|turn|8
|
|move|p2a: Mimikyu|Shadow Sneak|p1a: 无敌虫鸣
|-damage|p1a: 无敌虫鸣|0 fnt
|-damage|p2a: Mimikyu|91/100|[from] item: Life Orb
|faint|p1a: 无敌虫鸣
|
|upkeep
|
|switch|p1a: 光炮射击|Hydreigon, M|100/100
|turn|9
|
|switch|p2a: Seismitoad|Seismitoad, M|100/100
|move|p1a: 光炮射击|U-turn|p2a: Seismitoad
|-damage|p2a: Seismitoad|91/100
|
|switch|p1a: 王者之盾|Aegislash, F|100/100|[from]move: U-turn
|
|-heal|p2a: Seismitoad|97/100|[from] item: Leftovers
|upkeep
|turn|10
|
|-formechange|p1a: 王者之盾|Aegislash-Blade||[from] ability: Stance Change
|move|p1a: 王者之盾|Shadow Claw|p2a: Seismitoad
|-damage|p2a: Seismitoad|52/100
|move|p2a: Seismitoad|Scald|p1a: 王者之盾
|-damage|p1a: 王者之盾|47/100
|
|-heal|p2a: Seismitoad|58/100|[from] item: Leftovers
|upkeep
|turn|11
|
|switch|p1a: Dracovish|Dracovish|44/100
|move|p2a: Seismitoad|Earth Power|p1a: Dracovish
|-damage|p1a: Dracovish|11/100
|
|-heal|p2a: Seismitoad|65/100|[from] item: Leftovers
|upkeep
|turn|12
|
|move|p2a: Seismitoad|Protect|p2a: Seismitoad
|-singleturn|p2a: Seismitoad|Protect
|move|p1a: Dracovish|Outrage|p2a: Seismitoad
|-activate|p2a: Seismitoad|move: Protect
|
|-heal|p2a: Seismitoad|71/100|[from] item: Leftovers
|upkeep
|turn|13
|
|switch|p1a: 光炮射击|Hydreigon, M|100/100
|switch|p2a: Mimikyu|Mimikyu, F|91/100
|
|upkeep
|turn|14
|
|switch|p2a: Chandelure|Chandelure, F|55/100
|move|p1a: 光炮射击|U-turn|p2a: Chandelure
|-resisted|p2a: Chandelure
|-damage|p2a: Chandelure|50/100
|
|switch|p1a: 临别礼物|Dugtrio, M|100/100|[from]move: U-turn
|
|-heal|p2a: Chandelure|56/100|[from] item: Leftovers
|upkeep
|turn|15
|
|switch|p2a: Seismitoad|Seismitoad, M|71/100
|move|p1a: 临别礼物|Earthquake|p2a: Seismitoad
|-damage|p2a: Seismitoad|37/100
|
|-heal|p2a: Seismitoad|43/100|[from] item: Leftovers
|upkeep
|turn|16
|
|move|p1a: 临别礼物|Stealth Rock|p2a: Seismitoad
|-sidestart|p2: Moero|move: Stealth Rock
|move|p2a: Seismitoad|Scald|p1a: 临别礼物
|-supereffective|p1a: 临别礼物
|-damage|p1a: 临别礼物|1/100
|-status|p1a: 临别礼物|brn
|
|-heal|p2a: Seismitoad|49/100|[from] item: Leftovers
|-damage|p1a: 临别礼物|0 fnt|[from] brn
|faint|p1a: 临别礼物
|upkeep
|
|switch|p1a: 光炮射击|Hydreigon, M|100/100
|turn|17
|
|move|p2a: Seismitoad|Protect|p2a: Seismitoad
|-singleturn|p2a: Seismitoad|Protect
|move|p1a: 光炮射击|Dark Pulse|p2a: Seismitoad
|-activate|p2a: Seismitoad|move: Protect
|
|-heal|p2a: Seismitoad|55/100|[from] item: Leftovers
|upkeep
|turn|18
|
|switch|p1a: 垃圾射击|Cinderace, F|100/100
|switch|p2a: Chandelure|Chandelure, F|56/100
|-damage|p2a: Chandelure|31/100|[from] Stealth Rock
|
|-heal|p2a: Chandelure|37/100|[from] item: Leftovers
|upkeep
|turn|19
|
|move|p1a: 垃圾射击|Sucker Punch||[still]
|-fail|p1a: 垃圾射击
|move|p2a: Chandelure|Substitute|p2a: Chandelure
|-start|p2a: Chandelure|Substitute
|-damage|p2a: Chandelure|12/100
|
|-heal|p2a: Chandelure|19/100|[from] item: Leftovers
|upkeep
|turn|20
|
|move|p1a: 垃圾射击|Sucker Punch|p2a: Chandelure
|-supereffective|p2a: Chandelure
|-end|p2a: Chandelure|Substitute
|move|p2a: Chandelure|Shadow Ball|p1a: 垃圾射击
|-damage|p1a: 垃圾射击|38/100
|
|-heal|p2a: Chandelure|25/100|[from] item: Leftovers
|upkeep
|turn|21
|
|move|p1a: 垃圾射击|U-turn|p2a: Chandelure
|-resisted|p2a: Chandelure
|-damage|p2a: Chandelure|16/100
|
|switch|p1a: 光炮射击|Hydreigon, M|100/100|[from]move: U-turn
|move|p2a: Chandelure|Shadow Ball|p1a: 光炮射击
|-resisted|p1a: 光炮射击
|-damage|p1a: 光炮射击|74/100
|
|-heal|p2a: Chandelure|22/100|[from] item: Leftovers
|upkeep
|turn|22
|
|move|p1a: 光炮射击|Dark Pulse|p2a: Chandelure
|-supereffective|p2a: Chandelure
|-damage|p2a: Chandelure|0 fnt
|faint|p2a: Chandelure
|
|upkeep
|
|switch|p2a: Mimikyu|Mimikyu, F|91/100
|-damage|p2a: Mimikyu|78/100|[from] Stealth Rock
|turn|23
|
|switch|p1a: 王者之盾|Aegislash, F|47/100
|move|p2a: Mimikyu|Swords Dance|p2a: Mimikyu
|-boost|p2a: Mimikyu|atk|2
|
|upkeep
|turn|24
|
|move|p2a: Mimikyu|Shadow Sneak|p1a: 王者之盾
|-supereffective|p1a: 王者之盾
|-damage|p1a: 王者之盾|0 fnt
|-damage|p2a: Mimikyu|68/100|[from] item: Life Orb
|faint|p1a: 王者之盾
|
|upkeep
|-message|Tigerchou1998 forfeited.
|
|win|Moero
|l|☆Tigerchou1998
|raw|Tigerchou1998's rating: 1567 → 1550(-17 for losing)
|raw|Moero's rating: 1629 → 1646(+17 for winning)
