|ScrapeTime|2020-01-02-01:28:47
|j|☆maxama
|j|☆NFGBRAX
|player|p1|maxama|170|1111
|player|p2|NFGBRAX|gambler|1115
|teamsize|p1|6
|teamsize|p2|6
|gametype|singles
|gen|8
|tier|[Gen 8] OU
|rated|
|rule|Sleep Clause Mod: Limit one foe put to sleep
|rule|Species Clause: Limit one of each Pokémon
|rule|OHKO Clause: OHKO moves are banned
|rule|Evasion Moves Clause: Evasion moves are banned
|rule|Endless Battle Clause: Forcing endless battles is banned
|rule|HP Percentage Mod: HP is shown in percentages
|clearpoke
|poke|p1|Excadrill, M|
|poke|p1|Clefable, F|
|poke|p1|Seismitoad, M|
|poke|p1|Hydreigon, M|
|poke|p1|Corviknight, F|
|poke|p1|Tyranitar, F|
|poke|p2|Appletun, F|
|poke|p2|Gyarados, F|
|poke|p2|Dugtrio, M|
|poke|p2|Dragapult, F|
|poke|p2|Corsola-Galar, F|
|poke|p2|Frosmoth, F|
|rule|Dynamax Clause: You cannot dynamax
|teampreview
|
|start
|switch|p1a: Hydreigon|Hydreigon, M|100/100
|switch|p2a: Appletun|Appletun, F|100/100
|turn|1
|inactive|Battle timer is ON: inactive players will automatically lose when time's up. (requested by maxama)
|
|switch|p2a: Corsola|Corsola-Galar, F|100/100
|move|p1a: Hydreigon|Draco Meteor|p2a: Corsola
|-damage|p2a: Corsola|52/100
|-start|p1a: Hydreigon|Disable|Draco Meteor|[from] ability: Cursed Body|[of] p2a: Corsola
|-unboost|p1a: Hydreigon|spa|2
|
|upkeep
|turn|2
|
|switch|p1a: Seismitoad|Seismitoad, M|100/100
|move|p2a: Corsola|Strength Sap|p1a: Seismitoad
|-unboost|p1a: Seismitoad|atk|1
|-heal|p2a: Corsola|100/100
|
|upkeep
|turn|3
|
|switch|p2a: Appletun|Appletun, F|100/100
|move|p1a: Seismitoad|Toxic|p2a: Appletun
|-status|p2a: Appletun|tox
|
|-damage|p2a: Appletun|94/100 tox|[from] psn
|upkeep
|turn|4
|
|switch|p1a: Corviknight|Corviknight, F|100/100
|-ability|p1a: Corviknight|Pressure
|move|p2a: Appletun|Leech Seed|p1a: Corviknight
|-start|p1a: Corviknight|move: Leech Seed
|
|-heal|p2a: Appletun|100/100 tox|[from] item: Leftovers
|-damage|p1a: Corviknight|88/100|[from] Leech Seed|[of] p2a: Appletun
|-damage|p2a: Appletun|88/100 tox|[from] psn
|upkeep
|turn|5
|
|switch|p2a: Corsola|Corsola-Galar, F|100/100
|move|p1a: Corviknight|U-turn|p2a: Corsola
|-resisted|p2a: Corsola
|-damage|p2a: Corsola|97/100
|-start|p1a: Corviknight|Disable|U-turn|[from] ability: Cursed Body|[of] p2a: Corsola
|
|switch|p1a: Seismitoad|Seismitoad, M|100/100|[from]move: U-turn
|
|upkeep
|turn|6
|
|move|p1a: Seismitoad|Stealth Rock|p2a: Corsola
|-sidestart|p2: NFGBRAX|move: Stealth Rock
|move|p2a: Corsola|Night Shade|p1a: Seismitoad
|-damage|p1a: Seismitoad|76/100
|
|-heal|p1a: Seismitoad|82/100|[from] item: Leftovers
|upkeep
|turn|7
|
|move|p1a: Seismitoad|Toxic|p2a: Corsola
|-status|p2a: Corsola|tox
|move|p2a: Corsola|Stealth Rock|p1a: Seismitoad
|-sidestart|p1: maxama|move: Stealth Rock
|
|-heal|p1a: Seismitoad|88/100|[from] item: Leftovers
|-damage|p2a: Corsola|91/100 tox|[from] psn
|upkeep
|turn|8
|
|move|p1a: Seismitoad|Protect|p1a: Seismitoad
|-singleturn|p1a: Seismitoad|Protect
|move|p2a: Corsola|Will-O-Wisp|p1a: Seismitoad
|-activate|p1a: Seismitoad|move: Protect
|
|-heal|p1a: Seismitoad|94/100|[from] item: Leftovers
|-damage|p2a: Corsola|78/100 tox|[from] psn
|upkeep
|turn|9
|
|move|p1a: Seismitoad|Scald|p2a: Corsola
|-damage|p2a: Corsola|61/100 tox
|move|p2a: Corsola|Strength Sap|p1a: Seismitoad
|-unboost|p1a: Seismitoad|atk|1
|-heal|p2a: Corsola|100/100 tox
|
|-heal|p1a: Seismitoad|100/100|[from] item: Leftovers
|-damage|p2a: Corsola|82/100 tox|[from] psn
|upkeep
|turn|10
|
|move|p1a: Seismitoad|Scald|p2a: Corsola
|-damage|p2a: Corsola|65/100 tox
|move|p2a: Corsola|Will-O-Wisp|p1a: Seismitoad
|-status|p1a: Seismitoad|brn
|
|-damage|p1a: Seismitoad|94/100 brn|[from] brn
|-damage|p2a: Corsola|40/100 tox|[from] psn
|upkeep
|turn|11
|
|switch|p2a: Appletun|Appletun, F|88/100 tox
|-damage|p2a: Appletun|76/100 tox|[from] Stealth Rock
|move|p1a: Seismitoad|Toxic|p2a: Appletun
|-fail|p2a: Appletun|tox
|
|-heal|p1a: Seismitoad|100/100 brn|[from] item: Leftovers
|-heal|p2a: Appletun|82/100 tox|[from] item: Leftovers
|-damage|p1a: Seismitoad|94/100 brn|[from] brn
|-damage|p2a: Appletun|76/100 tox|[from] psn
|upkeep
|turn|12
|
|move|p1a: Seismitoad|Protect|p1a: Seismitoad
|-singleturn|p1a: Seismitoad|Protect
|move|p2a: Appletun|Leech Seed|p1a: Seismitoad
|-activate|p1a: Seismitoad|move: Protect
|
|-heal|p1a: Seismitoad|100/100 brn|[from] item: Leftovers
|-heal|p2a: Appletun|82/100 tox|[from] item: Leftovers
|-damage|p1a: Seismitoad|94/100 brn|[from] brn
|-damage|p2a: Appletun|70/100 tox|[from] psn
|upkeep
|turn|13
|
|switch|p1a: Tyranitar|Tyranitar, F|100/100
|-damage|p1a: Tyranitar|88/100|[from] Stealth Rock
|-weather|Sandstorm|[from] ability: Sand Stream|[of] p1a: Tyranitar
|move|p2a: Appletun|Leech Seed|p1a: Tyranitar
|-start|p1a: Tyranitar|move: Leech Seed
|
|-weather|Sandstorm|[upkeep]
|-damage|p2a: Appletun|63/100 tox|[from] Sandstorm
|-heal|p2a: Appletun|70/100 tox|[from] item: Leftovers
|-damage|p1a: Tyranitar|76/100|[from] Leech Seed|[of] p2a: Appletun
|-heal|p2a: Appletun|81/100 tox|[silent]
|-damage|p2a: Appletun|63/100 tox|[from] psn
|upkeep
|turn|14
|
|switch|p1a: Corviknight|Corviknight, F|88/100
|-damage|p1a: Corviknight|75/100|[from] Stealth Rock
|-ability|p1a: Corviknight|Pressure
|move|p2a: Appletun|Apple Acid|p1a: Corviknight
|-resisted|p1a: Corviknight
|-damage|p1a: Corviknight|70/100
|-unboost|p1a: Corviknight|spd|1
|
|-weather|Sandstorm|[upkeep]
|-damage|p2a: Appletun|57/100 tox|[from] Sandstorm
|-heal|p1a: Corviknight|76/100|[from] item: Leftovers
|-heal|p2a: Appletun|63/100 tox|[from] item: Leftovers
|-damage|p2a: Appletun|38/100 tox|[from] psn
|upkeep
|turn|15
|
|switch|p2a: Frosmoth|Frosmoth, F|100/100
|move|p1a: Corviknight|U-turn|p2a: Frosmoth
|-damage|p2a: Frosmoth|73/100
|
|switch|p1a: Excadrill|Excadrill, M|100/100|[from]move: U-turn
|-damage|p1a: Excadrill|97/100|[from] Stealth Rock
|
|-weather|Sandstorm|[upkeep]
|-damage|p2a: Frosmoth|67/100|[from] Sandstorm
|upkeep
|turn|16
|
|move|p1a: Excadrill|Rock Slide|p2a: Frosmoth
|-supereffective|p2a: Frosmoth
|-damage|p2a: Frosmoth|0 fnt
|-damage|p1a: Excadrill|87/100|[from] item: Life Orb
|faint|p2a: Frosmoth
|
|-weather|Sandstorm|[upkeep]
|upkeep
|
|switch|p2a: Dragapult|Dragapult, F|100/100
|-damage|p2a: Dragapult|88/100|[from] Stealth Rock
|turn|17
|
|move|p1a: Excadrill|Earthquake|p2a: Dragapult
|-damage|p2a: Dragapult|0 fnt
|-damage|p1a: Excadrill|78/100|[from] item: Life Orb
|faint|p2a: Dragapult
|
|-weather|Sandstorm|[upkeep]
|upkeep
|
|switch|p2a: Dugtrio|Dugtrio, M|100/100
|-damage|p2a: Dugtrio|94/100|[from] Stealth Rock
|turn|18
|
|move|p1a: Excadrill|Earthquake|p2a: Dugtrio
|-damage|p2a: Dugtrio|0 fnt
|-damage|p1a: Excadrill|68/100|[from] item: Life Orb
|faint|p2a: Dugtrio
|
|-weather|Sandstorm|[upkeep]
|upkeep
|
|switch|p2a: Gyarados|Gyarados, F|100/100
|-damage|p2a: Gyarados|76/100|[from] Stealth Rock
|turn|19
|
|move|p1a: Excadrill|Rock Slide|p2a: Gyarados
|-supereffective|p2a: Gyarados
|-damage|p2a: Gyarados|0 fnt
|-damage|p1a: Excadrill|58/100|[from] item: Life Orb
|faint|p2a: Gyarados
|
|-weather|Sandstorm|[upkeep]
|upkeep
|
|switch|p2a: Corsola|Corsola-Galar, F|40/100 tox
|-damage|p2a: Corsola|28/100 tox|[from] Stealth Rock
|turn|20
|
|move|p1a: Excadrill|Earthquake|p2a: Corsola
|-damage|p2a: Corsola|0 fnt
|-damage|p1a: Excadrill|48/100|[from] item: Life Orb
|faint|p2a: Corsola
|
|-weather|none
|upkeep
|
|switch|p2a: Appletun|Appletun, F|38/100 tox
|-damage|p2a: Appletun|26/100 tox|[from] Stealth Rock
|turn|21
|
|move|p1a: Excadrill|Iron Head|p2a: Appletun
|-damage|p2a: Appletun|0 fnt
|-damage|p1a: Excadrill|38/100|[from] item: Life Orb
|faint|p2a: Appletun
|
|win|maxama
|l|☆NFGBRAX
|raw|maxama's rating: 1111 → 1136(+25 for winning)
|raw|NFGBRAX's rating: 1115 → 1090(-25 for losing)
