|ScrapeTime|2020-01-01-10:16:06
|j|☆Eunice23
|j|☆wacko taco gang
|player|p1|Eunice23|266|1588
|player|p2|wacko taco gang|benga|1569
|teamsize|p1|6
|teamsize|p2|6
|gametype|singles
|gen|8
|tier|[Gen 8] OU
|rated|
|rule|Sleep Clause Mod: Limit one foe put to sleep
|rule|Species Clause: Limit one of each Pokémon
|rule|OHKO Clause: OHKO moves are banned
|rule|Evasion Moves Clause: Evasion moves are banned
|rule|Endless Battle Clause: Forcing endless battles is banned
|rule|HP Percentage Mod: HP is shown in percentages
|clearpoke
|poke|p1|Seismitoad, F|
|poke|p1|Corviknight, F|
|poke|p1|Chandelure, M|
|poke|p1|Clefable, M|
|poke|p1|Lucario, F|
|poke|p1|Hydreigon, F|
|poke|p2|Darumaka-Galar, M|
|poke|p2|Drakloak, M|
|poke|p2|Doublade, M|
|poke|p2|Mareanie, F|
|poke|p2|Grimmsnarl, M|
|poke|p2|Clefable, M|
|rule|Dynamax Clause: You cannot dynamax
|teampreview
|
|start
|switch|p1a: Hydreigon|Hydreigon, F|100/100
|switch|p2a: Clefable|Clefable, M|100/100
|turn|1
|
|move|p1a: Hydreigon|U-turn|p2a: Clefable
|-resisted|p2a: Clefable
|-damage|p2a: Clefable|93/100
|
|switch|p1a: Corviknight|Corviknight, F|100/100|[from]move: U-turn
|-ability|p1a: Corviknight|Pressure
|move|p2a: Clefable|Moonblast|p1a: Corviknight
|-resisted|p1a: Corviknight
|-damage|p1a: Corviknight|87/100
|
|-heal|p1a: Corviknight|93/100|[from] item: Leftovers
|-heal|p2a: Clefable|99/100|[from] item: Leftovers
|upkeep
|turn|2
|
|move|p1a: Corviknight|Iron Head|p2a: Clefable
|-supereffective|p2a: Clefable
|-damage|p2a: Clefable|57/100
|move|p2a: Clefable|Stealth Rock|p1a: Corviknight
|-sidestart|p1: Eunice23|move: Stealth Rock
|
|-heal|p1a: Corviknight|99/100|[from] item: Leftovers
|-heal|p2a: Clefable|63/100|[from] item: Leftovers
|upkeep
|turn|3
|
|switch|p2a: Drakloak|Drakloak, M|100/100
|move|p1a: Corviknight|Defog|p2a: Drakloak
|-unboost|p2a: Drakloak|evasion|1
|-sideend|p1: Eunice23|Stealth Rock|[from] move: Defog|[of] p1a: Corviknight
|
|-heal|p1a: Corviknight|100/100|[from] item: Leftovers
|upkeep
|turn|4
|
|move|p2a: Drakloak|Will-O-Wisp|p1a: Corviknight|[miss]
|-miss|p2a: Drakloak|p1a: Corviknight
|move|p1a: Corviknight|Iron Head|p2a: Drakloak
|-damage|p2a: Drakloak|55/100
|
|-heal|p2a: Drakloak|61/100|[from] item: Leftovers
|upkeep
|turn|5
|
|switch|p1a: Clefable|Clefable, M|100/100
|move|p2a: Drakloak|Disable||[still]
|-fail|p2a: Drakloak
|
|-heal|p2a: Drakloak|67/100|[from] item: Leftovers
|upkeep
|turn|6
|
|switch|p2a: Clefable|Clefable, M|63/100
|move|p1a: Clefable|Moonblast|p2a: Clefable
|-damage|p2a: Clefable|40/100
|
|-heal|p2a: Clefable|46/100|[from] item: Leftovers
|upkeep
|turn|7
|inactive|Battle timer is ON: inactive players will automatically lose when time's up. (requested by wacko taco gang)
|
|switch|p1a: Lucario|Lucario, F|100/100
|move|p2a: Clefable|Wish|p2a: Clefable
|
|-heal|p2a: Clefable|52/100|[from] item: Leftovers
|upkeep
|turn|8
|
|switch|p2a: Mareanie|Mareanie, F|100/100
|move|p1a: Lucario|Swords Dance|p1a: Lucario
|-boost|p1a: Lucario|atk|2
|
|upkeep
|turn|9
|
|move|p1a: Lucario|Earthquake|p2a: Mareanie
|-supereffective|p2a: Mareanie
|-damage|p2a: Mareanie|0 fnt
|-damage|p1a: Lucario|91/100|[from] item: Life Orb
|faint|p2a: Mareanie
|
|upkeep
|
|switch|p2a: Doublade|Doublade, M|100/100
|turn|10
|
|move|p1a: Lucario|Earthquake|p2a: Doublade
|-supereffective|p2a: Doublade
|-damage|p2a: Doublade|21/100
|-damage|p1a: Lucario|81/100|[from] item: Life Orb
|move|p2a: Doublade|Close Combat|p1a: Lucario
|-supereffective|p1a: Lucario
|-damage|p1a: Lucario|0 fnt
|-unboost|p2a: Doublade|def|1
|-unboost|p2a: Doublade|spd|1
|faint|p1a: Lucario
|
|upkeep
|
|switch|p1a: Chandelure|Chandelure, M|100/100
|-item|p1a: Chandelure|Air Balloon
|turn|11
|
|move|p2a: Doublade|Shadow Sneak|p1a: Chandelure
|-supereffective|p1a: Chandelure
|-damage|p1a: Chandelure|43/100
|-enditem|p1a: Chandelure|Air Balloon
|move|p1a: Chandelure|Shadow Ball|p2a: Doublade
|-supereffective|p2a: Doublade
|-damage|p2a: Doublade|0 fnt
|faint|p2a: Doublade
|
|upkeep
|
|switch|p2a: Grimmsnarl|Grimmsnarl, M|100/100
|turn|12
|
|switch|p1a: Clefable|Clefable, M|100/100
|move|p2a: Grimmsnarl|Substitute|p2a: Grimmsnarl
|-start|p2a: Grimmsnarl|Substitute
|-damage|p2a: Grimmsnarl|76/100
|
|-heal|p2a: Grimmsnarl|82/100|[from] item: Leftovers
|upkeep
|turn|13
|
|move|p2a: Grimmsnarl|Spirit Break|p1a: Clefable
|-damage|p1a: Clefable|75/100
|-unboost|p1a: Clefable|spa|1
|move|p1a: Clefable|Moonblast|p2a: Grimmsnarl
|-supereffective|p2a: Grimmsnarl
|-end|p2a: Grimmsnarl|Substitute
|
|-heal|p2a: Grimmsnarl|88/100|[from] item: Leftovers
|-heal|p1a: Clefable|81/100|[from] item: Leftovers
|upkeep
|turn|14
|
|move|p2a: Grimmsnarl|Spirit Break|p1a: Clefable
|-damage|p1a: Clefable|52/100
|-unboost|p1a: Clefable|spa|1
|move|p1a: Clefable|Moonblast|p2a: Grimmsnarl
|-supereffective|p2a: Grimmsnarl
|-damage|p2a: Grimmsnarl|61/100
|
|-heal|p2a: Grimmsnarl|68/100|[from] item: Leftovers
|-heal|p1a: Clefable|58/100|[from] item: Leftovers
|upkeep
|turn|15
|
|move|p2a: Grimmsnarl|Bulk Up|p2a: Grimmsnarl
|-boost|p2a: Grimmsnarl|atk|1
|-boost|p2a: Grimmsnarl|def|1
|move|p1a: Clefable|Wish|p1a: Clefable
|
|-heal|p2a: Grimmsnarl|74/100|[from] item: Leftovers
|-heal|p1a: Clefable|64/100|[from] item: Leftovers
|upkeep
|turn|16
|
|move|p2a: Grimmsnarl|Spirit Break|p1a: Clefable
|-damage|p1a: Clefable|20/100
|-unboost|p1a: Clefable|spa|1
|move|p1a: Clefable|Thunder Wave|p2a: Grimmsnarl
|-status|p2a: Grimmsnarl|par
|
|-heal|p1a: Clefable|70/100|[from] move: Wish|[wisher] Clefable
|-heal|p1a: Clefable|76/100|[from] item: Leftovers
|-heal|p2a: Grimmsnarl|80/100 par|[from] item: Leftovers
|upkeep
|turn|17
|
|switch|p1a: Corviknight|Corviknight, F|100/100
|-ability|p1a: Corviknight|Pressure
|cant|p2a: Grimmsnarl|par
|
|-heal|p2a: Grimmsnarl|86/100 par|[from] item: Leftovers
|upkeep
|turn|18
|
|move|p2a: Grimmsnarl|Bulk Up|p2a: Grimmsnarl
|-boost|p2a: Grimmsnarl|atk|1
|-boost|p2a: Grimmsnarl|def|1
|move|p1a: Corviknight|Iron Head|p2a: Grimmsnarl
|-supereffective|p2a: Grimmsnarl
|-damage|p2a: Grimmsnarl|52/100 par
|
|-heal|p2a: Grimmsnarl|58/100 par|[from] item: Leftovers
|upkeep
|turn|19
|
|move|p1a: Corviknight|Iron Head|p2a: Grimmsnarl
|-supereffective|p2a: Grimmsnarl
|-damage|p2a: Grimmsnarl|26/100 par
|move|p2a: Grimmsnarl|Darkest Lariat|p1a: Corviknight
|-damage|p1a: Corviknight|50/100
|
|-heal|p1a: Corviknight|56/100|[from] item: Leftovers
|-heal|p2a: Grimmsnarl|32/100 par|[from] item: Leftovers
|upkeep
|turn|20
|
|move|p1a: Corviknight|Iron Head|p2a: Grimmsnarl
|-supereffective|p2a: Grimmsnarl
|-damage|p2a: Grimmsnarl|2/100 par
|cant|p2a: Grimmsnarl|par
|
|-heal|p1a: Corviknight|62/100|[from] item: Leftovers
|-heal|p2a: Grimmsnarl|8/100 par|[from] item: Leftovers
|upkeep
|turn|21
|
|move|p1a: Corviknight|Iron Head|p2a: Grimmsnarl
|-supereffective|p2a: Grimmsnarl
|-damage|p2a: Grimmsnarl|0 fnt
|faint|p2a: Grimmsnarl
|
|-heal|p1a: Corviknight|69/100|[from] item: Leftovers
|upkeep
|
|switch|p2a: Darumaka|Darumaka-Galar, M|100/100
|turn|22
|
|move|p2a: Darumaka|Flare Blitz|p1a: Corviknight
|-supereffective|p1a: Corviknight
|-damage|p1a: Corviknight|6/100
|-damage|p2a: Darumaka|71/100|[from] Recoil
|move|p1a: Corviknight|Iron Head|p2a: Darumaka
|-supereffective|p2a: Darumaka
|-damage|p2a: Darumaka|0 fnt
|faint|p2a: Darumaka
|
|-heal|p1a: Corviknight|12/100|[from] item: Leftovers
|upkeep
|
|switch|p2a: Drakloak|Drakloak, M|67/100
|turn|23
|
|switch|p1a: Clefable|Clefable, M|76/100
|move|p2a: Drakloak|Hex|p1a: Clefable
|-damage|p1a: Clefable|64/100
|
|-heal|p2a: Drakloak|74/100|[from] item: Leftovers
|-heal|p1a: Clefable|70/100|[from] item: Leftovers
|upkeep
|turn|24
|
|move|p2a: Drakloak|Substitute|p2a: Drakloak
|-start|p2a: Drakloak|Substitute
|-damage|p2a: Drakloak|49/100
|move|p1a: Clefable|Moonblast|p2a: Drakloak
|-supereffective|p2a: Drakloak
|-end|p2a: Drakloak|Substitute
|
|-heal|p2a: Drakloak|55/100|[from] item: Leftovers
|-heal|p1a: Clefable|76/100|[from] item: Leftovers
|upkeep
|turn|25
|
|switch|p1a: Hydreigon|Hydreigon, F|100/100
|move|p2a: Drakloak|Disable||[still]
|-fail|p2a: Drakloak
|
|-heal|p2a: Drakloak|61/100|[from] item: Leftovers
|upkeep
|turn|26
|
|move|p1a: Hydreigon|Flash Cannon|p2a: Drakloak
|-damage|p2a: Drakloak|12/100
|move|p2a: Drakloak|Will-O-Wisp|p1a: Hydreigon
|-status|p1a: Hydreigon|brn
|
|-heal|p2a: Drakloak|18/100|[from] item: Leftovers
|-damage|p1a: Hydreigon|94/100 brn|[from] brn
|upkeep
|turn|27
|
|move|p1a: Hydreigon|Flash Cannon|p2a: Drakloak
|-damage|p2a: Drakloak|0 fnt
|faint|p2a: Drakloak
|
|-damage|p1a: Hydreigon|88/100 brn|[from] brn
|upkeep
|
|switch|p2a: Clefable|Clefable, M|52/100
|turn|28
|
|move|p1a: Hydreigon|Flash Cannon|p2a: Clefable
|-supereffective|p2a: Clefable
|-damage|p2a: Clefable|13/100
|move|p2a: Clefable|Wish|p2a: Clefable
|
|-heal|p2a: Clefable|20/100|[from] item: Leftovers
|-damage|p1a: Hydreigon|82/100 brn|[from] brn
|upkeep
|turn|29
|
|move|p2a: Clefable|Protect|p2a: Clefable
|-singleturn|p2a: Clefable|Protect
|move|p1a: Hydreigon|Flash Cannon|p2a: Clefable
|-activate|p2a: Clefable|move: Protect
|
|-heal|p2a: Clefable|70/100|[from] move: Wish|[wisher] Clefable
|-heal|p2a: Clefable|76/100|[from] item: Leftovers
|-damage|p1a: Hydreigon|76/100 brn|[from] brn
|upkeep
|turn|30
|
|move|p1a: Hydreigon|Flash Cannon|p2a: Clefable
|-supereffective|p2a: Clefable
|-damage|p2a: Clefable|30/100
|move|p2a: Clefable|Wish|p2a: Clefable
|
|-heal|p2a: Clefable|36/100|[from] item: Leftovers
|-damage|p1a: Hydreigon|70/100 brn|[from] brn
|upkeep
|turn|31
|
|move|p2a: Clefable|Protect|p2a: Clefable
|-singleturn|p2a: Clefable|Protect
|move|p1a: Hydreigon|Flash Cannon|p2a: Clefable
|-activate|p2a: Clefable|move: Protect
|
|-heal|p2a: Clefable|86/100|[from] move: Wish|[wisher] Clefable
|-heal|p2a: Clefable|92/100|[from] item: Leftovers
|-damage|p1a: Hydreigon|64/100 brn|[from] brn
|upkeep
|turn|32
|
|move|p1a: Hydreigon|Flash Cannon|p2a: Clefable
|-supereffective|p2a: Clefable
|-damage|p2a: Clefable|52/100
|move|p2a: Clefable|Wish|p2a: Clefable
|
|-heal|p2a: Clefable|58/100|[from] item: Leftovers
|-damage|p1a: Hydreigon|57/100 brn|[from] brn
|upkeep
|turn|33
|
|move|p1a: Hydreigon|Flash Cannon|p2a: Clefable
|-supereffective|p2a: Clefable
|-damage|p2a: Clefable|19/100
|move|p2a: Clefable|Moonblast|p1a: Hydreigon
|-supereffective|p1a: Hydreigon
|-damage|p1a: Hydreigon|0 fnt
|faint|p1a: Hydreigon
|
|-heal|p2a: Clefable|69/100|[from] move: Wish|[wisher] Clefable
|-heal|p2a: Clefable|75/100|[from] item: Leftovers
|upkeep
|
|switch|p1a: Corviknight|Corviknight, F|12/100
|-ability|p1a: Corviknight|Pressure
|turn|34
|
|move|p1a: Corviknight|Roost|p1a: Corviknight
|-heal|p1a: Corviknight|62/100
|-singleturn|p1a: Corviknight|move: Roost
|move|p2a: Clefable|Moonblast|p1a: Corviknight
|-resisted|p1a: Corviknight
|-damage|p1a: Corviknight|49/100
|
|-heal|p1a: Corviknight|55/100|[from] item: Leftovers
|-heal|p2a: Clefable|81/100|[from] item: Leftovers
|upkeep
|turn|35
|
|move|p1a: Corviknight|Roost|p1a: Corviknight
|-heal|p1a: Corviknight|100/100
|-singleturn|p1a: Corviknight|move: Roost
|move|p2a: Clefable|Stealth Rock|p1a: Corviknight
|-sidestart|p1: Eunice23|move: Stealth Rock
|
|-heal|p2a: Clefable|87/100|[from] item: Leftovers
|upkeep
|turn|36
|
|move|p1a: Corviknight|Defog|p2a: Clefable
|-unboost|p2a: Clefable|evasion|1
|-sideend|p1: Eunice23|Stealth Rock|[from] move: Defog|[of] p1a: Corviknight
|move|p2a: Clefable|Moonblast|p1a: Corviknight
|-resisted|p1a: Corviknight
|-damage|p1a: Corviknight|89/100
|
|-heal|p1a: Corviknight|95/100|[from] item: Leftovers
|-heal|p2a: Clefable|93/100|[from] item: Leftovers
|upkeep
|turn|37
|-message|wacko taco gang forfeited.
|
|win|Eunice23
|l|☆wacko taco gang
|raw|Eunice23's rating: 1589 → 1608(+19 for winning)
|raw|wacko taco gang's rating: 1540 → 1523(-17 for losing)
|c|☆Eunice23|heatteam
