|ScrapeTime|2020-01-01-17:38:49
|j|☆MatiuElBelicoso
|j|☆Goofin'
|player|p1|MatiuElBelicoso|ingo|1210
|player|p2|Goofin'|226|1219
|teamsize|p1|6
|teamsize|p2|6
|gametype|singles
|gen|8
|tier|[Gen 8] OU
|rated|
|rule|Sleep Clause Mod: Limit one foe put to sleep
|rule|Species Clause: Limit one of each Pokémon
|rule|OHKO Clause: OHKO moves are banned
|rule|Evasion Moves Clause: Evasion moves are banned
|rule|Endless Battle Clause: Forcing endless battles is banned
|rule|HP Percentage Mod: HP is shown in percentages
|clearpoke
|poke|p1|Crawdaunt, F|
|poke|p1|Ferrothorn, F|
|poke|p1|Rotom-Heat|
|poke|p1|Conkeldurr, M|
|poke|p1|Corsola-Galar, F|
|poke|p1|Hatterene, F|
|poke|p2|Charizard, F|
|poke|p2|Seismitoad, F|
|poke|p2|Rillaboom, F|
|poke|p2|Rhyperior, F|
|poke|p2|Aegislash, M|
|poke|p2|Dragapult, F|
|rule|Dynamax Clause: You cannot dynamax
|teampreview
|
|start
|switch|p1a: Conkeldurr|Conkeldurr, M|100/100
|switch|p2a: Charizard|Charizard, F|100/100
|turn|1
|
|switch|p1a: Rotom|Rotom-Heat|100/100
|move|p2a: Charizard|Hurricane|p1a: Rotom|[miss]
|-miss|p2a: Charizard|p1a: Rotom
|
|upkeep
|turn|2
|
|switch|p2a: Seismitoad|Seismitoad, F|100/100
|move|p1a: Rotom|Nasty Plot|p1a: Rotom
|-boost|p1a: Rotom|spa|2
|
|upkeep
|turn|3
|
|switch|p1a: Hatterene|Hatterene, F|100/100
|move|p2a: Seismitoad|Scald|p1a: Hatterene
|-damage|p1a: Hatterene|70/100
|
|-heal|p1a: Hatterene|76/100|[from] item: Leftovers
|upkeep
|turn|4
|
|move|p2a: Seismitoad|Scald|p1a: Hatterene
|-damage|p1a: Hatterene|45/100
|-status|p1a: Hatterene|brn
|move|p1a: Hatterene|Calm Mind|p1a: Hatterene
|-boost|p1a: Hatterene|spa|1
|-boost|p1a: Hatterene|spd|1
|
|-heal|p1a: Hatterene|51/100 brn|[from] item: Leftovers
|-damage|p1a: Hatterene|45/100 brn|[from] brn
|upkeep
|turn|5
|
|move|p2a: Seismitoad|Earth Power|p1a: Hatterene
|-damage|p1a: Hatterene|25/100 brn
|move|p1a: Hatterene|Draining Kiss|p2a: Seismitoad
|-damage|p2a: Seismitoad|74/100
|-heal|p1a: Hatterene|49/100 brn|[from] drain|[of] p2a: Seismitoad
|
|-heal|p2a: Seismitoad|80/100|[from] item: Leftovers
|-heal|p1a: Hatterene|55/100 brn|[from] item: Leftovers
|-damage|p1a: Hatterene|49/100 brn|[from] brn
|upkeep
|turn|6
|
|switch|p2a: Aegislash|Aegislash, M|100/100
|move|p1a: Hatterene|Draining Kiss|p2a: Aegislash
|-resisted|p2a: Aegislash
|-damage|p2a: Aegislash|88/100
|-heal|p1a: Hatterene|59/100 brn|[from] drain|[of] p2a: Aegislash
|
|-heal|p2a: Aegislash|94/100|[from] item: Leftovers
|-heal|p1a: Hatterene|65/100 brn|[from] item: Leftovers
|-damage|p1a: Hatterene|59/100 brn|[from] brn
|upkeep
|turn|7
|
|move|p2a: Aegislash|King's Shield|p2a: Aegislash
|-singleturn|p2a: Aegislash|Protect
|move|p1a: Hatterene|Mystical Fire|p2a: Aegislash
|-activate|p2a: Aegislash|move: Protect
|
|-heal|p2a: Aegislash|99/100|[from] item: Leftovers
|-heal|p1a: Hatterene|65/100 brn|[from] item: Leftovers
|-damage|p1a: Hatterene|59/100 brn|[from] brn
|upkeep
|turn|8
|
|-formechange|p2a: Aegislash|Aegislash-Blade||[from] ability: Stance Change
|move|p2a: Aegislash|Shadow Ball|p1a: Hatterene
|-supereffective|p1a: Hatterene
|-damage|p1a: Hatterene|0 fnt
|faint|p1a: Hatterene
|
|-heal|p2a: Aegislash|100/100|[from] item: Leftovers
|upkeep
|
|switch|p1a: Iraq lobster|Crawdaunt, F|100/100
|turn|9
|
|move|p1a: Iraq lobster|Dragon Dance|p1a: Iraq lobster
|-boost|p1a: Iraq lobster|atk|1
|-boost|p1a: Iraq lobster|spe|1
|move|p2a: Aegislash|Metal Sound|p1a: Iraq lobster
|-unboost|p1a: Iraq lobster|spd|2
|
|upkeep
|turn|10
|
|-formechange|p2a: Aegislash|Aegislash||[from] ability: Stance Change
|move|p2a: Aegislash|King's Shield|p2a: Aegislash
|-singleturn|p2a: Aegislash|Protect
|move|p1a: Iraq lobster|Dragon Dance|p1a: Iraq lobster
|-boost|p1a: Iraq lobster|atk|1
|-boost|p1a: Iraq lobster|spe|1
|
|upkeep
|turn|11
|
|move|p1a: Iraq lobster|Knock Off|p2a: Aegislash
|-supereffective|p2a: Aegislash
|-crit|p2a: Aegislash
|-damage|p2a: Aegislash|0 fnt
|-enditem|p2a: Aegislash|Leftovers|[from] move: Knock Off|[of] p1a: Iraq lobster
|faint|p2a: Aegislash
|
|upkeep
|
|switch|p2a: Dragapult|Dragapult, F|100/100
|turn|12
|c|☆MatiuElBelicoso|Death to america
|
|move|p1a: Iraq lobster|Knock Off|p2a: Dragapult
|-supereffective|p2a: Dragapult
|-damage|p2a: Dragapult|0 fnt
|-enditem|p2a: Dragapult|Life Orb|[from] move: Knock Off|[of] p1a: Iraq lobster
|faint|p2a: Dragapult
|
|upkeep
|c|☆MatiuElBelicoso|And butter sauce
|
|switch|p2a: Rillaboom|Rillaboom, F|100/100
|turn|13
|
|move|p1a: Iraq lobster|Knock Off|p2a: Rillaboom
|-damage|p2a: Rillaboom|0 fnt
|-enditem|p2a: Rillaboom|Choice Band|[from] move: Knock Off|[of] p1a: Iraq lobster
|faint|p2a: Rillaboom
|
|upkeep
|-message|Goofin' forfeited.
|
|win|MatiuElBelicoso
|l|☆Goofin'
|c|☆MatiuElBelicoso|Don't boil me
|raw|MatiuElBelicoso's rating: 1211 → 1236(+25 for winning)
|raw|Goofin''s rating: 1219 → 1193(-26 for losing)
|c|☆MatiuElBelicoso|I'm still alive!
|c|☆MatiuElBelicoso|Iraq lobster!!
|player|p1|MatiuElBelicoso|ingo
