|ScrapeTime|2020-01-01-20:24:55
|j|☆yeetium
|j|☆ChickFilAyyyy
|player|p1|yeetium|lady-gen4|1383
|player|p2|ChickFilAyyyy|265|1322
|teamsize|p1|6
|teamsize|p2|6
|gametype|singles
|gen|8
|tier|[Gen 8] OU
|rated|
|rule|Sleep Clause Mod: Limit one foe put to sleep
|rule|Species Clause: Limit one of each Pokémon
|rule|OHKO Clause: OHKO moves are banned
|rule|Evasion Moves Clause: Evasion moves are banned
|rule|Endless Battle Clause: Forcing endless battles is banned
|rule|HP Percentage Mod: HP is shown in percentages
|clearpoke
|poke|p1|Corsola-Galar, F|
|poke|p1|Dracozolt|
|poke|p1|Dragapult, F|
|poke|p1|Excadrill, F|
|poke|p1|Clefable, M|
|poke|p1|Rotom-Heat|
|poke|p2|Cinderace, F|
|poke|p2|Dragapult, F|
|poke|p2|Clefable, M|
|poke|p2|Ferrothorn, M|
|poke|p2|Gastrodon, F|
|poke|p2|Tsareena, F|
|rule|Dynamax Clause: You cannot dynamax
|teampreview
|
|start
|switch|p1a: Excadrill|Excadrill, F|100/100
|switch|p2a: Gastrodon|Gastrodon, F|100/100
|-ability|p1a: Excadrill|Mold Breaker
|turn|1
|
|switch|p1a: Clefable|Clefable, M|100/100
|move|p2a: Gastrodon|Scald|p1a: Clefable
|-damage|p1a: Clefable|77/100
|
|upkeep
|turn|2
|
|move|p1a: Clefable|Moonblast|p2a: Gastrodon
|-damage|p2a: Gastrodon|61/100
|move|p2a: Gastrodon|Earth Power|p1a: Clefable
|-damage|p1a: Clefable|50/100
|
|-heal|p2a: Gastrodon|67/100|[from] item: Leftovers
|upkeep
|turn|3
|
|move|p1a: Clefable|Moonlight|p1a: Clefable
|-heal|p1a: Clefable|99/100
|move|p2a: Gastrodon|Yawn|p1a: Clefable
|-start|p1a: Clefable|move: Yawn|[of] p2a: Gastrodon
|
|-heal|p2a: Gastrodon|73/100|[from] item: Leftovers
|upkeep
|turn|4
|
|switch|p1a: Rotom|Rotom-Heat|100/100
|move|p2a: Gastrodon|Scald|p1a: Rotom
|-supereffective|p1a: Rotom
|-damage|p1a: Rotom|31/100
|
|-heal|p2a: Gastrodon|79/100|[from] item: Leftovers
|upkeep
|turn|5
|
|switch|p2a: Cinderace|Cinderace, F|100/100
|move|p1a: Rotom|Trick|p2a: Cinderace
|-activate|p1a: Rotom|move: Trick|[of] p2a: Cinderace
|-item|p2a: Cinderace|Choice Specs|[from] move: Trick
|-item|p1a: Rotom|Heavy-Duty Boots|[from] move: Trick
|
|upkeep
|turn|6
|
|switch|p1a: Corsola|Corsola-Galar, F|100/100
|move|p2a: Cinderace|High Jump Kick|p1a: Corsola
|-immune|p1a: Corsola
|-damage|p2a: Cinderace|51/100|[from] highjumpkick
|
|upkeep
|turn|7
|
|switch|p2a: Dragapult|Dragapult, F|100/100
|move|p1a: Corsola|Stealth Rock|p2a: Dragapult
|-sidestart|p2: ChickFilAyyyy|move: Stealth Rock
|
|upkeep
|turn|8
|
|switch|p1a: Excadrill|Excadrill, F|100/100
|-ability|p1a: Excadrill|Mold Breaker
|move|p2a: Dragapult|U-turn|p1a: Excadrill
|-resisted|p1a: Excadrill
|-damage|p1a: Excadrill|87/100
|
|switch|p2a: Cinderace|Cinderace, F|51/100|[from]move: U-turn
|-damage|p2a: Cinderace|26/100|[from] Stealth Rock
|
|upkeep
|turn|9
|
|move|p2a: Cinderace|Pyro Ball|p1a: Excadrill
|-supereffective|p1a: Excadrill
|-damage|p1a: Excadrill|0 fnt
|faint|p1a: Excadrill
|
|upkeep
|
|switch|p1a: Dragapult|Dragapult, F|100/100
|turn|10
|
|switch|p2a: Gastrodon|Gastrodon, F|79/100
|-damage|p2a: Gastrodon|73/100|[from] Stealth Rock
|move|p1a: Dragapult|Dragon Dance|p1a: Dragapult
|-boost|p1a: Dragapult|atk|1
|-boost|p1a: Dragapult|spe|1
|
|-heal|p2a: Gastrodon|79/100|[from] item: Leftovers
|upkeep
|turn|11
|
|move|p1a: Dragapult|Substitute|p1a: Dragapult
|-start|p1a: Dragapult|Substitute
|-damage|p1a: Dragapult|76/100
|move|p2a: Gastrodon|Yawn||[still]
|-fail|p2a: Gastrodon
|
|-heal|p1a: Dragapult|82/100|[from] item: Leftovers
|-heal|p2a: Gastrodon|85/100|[from] item: Leftovers
|upkeep
|turn|12
|
|move|p1a: Dragapult|Dragon Dance|p1a: Dragapult
|-boost|p1a: Dragapult|atk|1
|-boost|p1a: Dragapult|spe|1
|move|p2a: Gastrodon|Earth Power|p1a: Dragapult
|-end|p1a: Dragapult|Substitute
|
|-heal|p1a: Dragapult|88/100|[from] item: Leftovers
|-heal|p2a: Gastrodon|91/100|[from] item: Leftovers
|upkeep
|turn|13
|
|move|p1a: Dragapult|Dragon Darts|p2a: Gastrodon
|-damage|p2a: Gastrodon|27/100
|-damage|p2a: Gastrodon|0 fnt
|-hitcount|p2a: Gastrodon|2
|faint|p2a: Gastrodon
|
|-heal|p1a: Dragapult|94/100|[from] item: Leftovers
|upkeep
|
|switch|p2a: Ferrothorn|Ferrothorn, M|100/100
|-damage|p2a: Ferrothorn|95/100|[from] Stealth Rock
|turn|14
|
|move|p1a: Dragapult|Substitute|p1a: Dragapult
|-start|p1a: Dragapult|Substitute
|-damage|p1a: Dragapult|69/100
|move|p2a: Ferrothorn|Gyro Ball|p1a: Dragapult
|-end|p1a: Dragapult|Substitute
|
|-heal|p1a: Dragapult|75/100|[from] item: Leftovers
|upkeep
|turn|15
|
|move|p1a: Dragapult|Phantom Force||[still]
|-prepare|p1a: Dragapult|Phantom Force|p2a: Ferrothorn
|move|p2a: Ferrothorn|Gyro Ball|p1a: Dragapult|[miss]
|-miss|p2a: Ferrothorn|p1a: Dragapult
|
|-heal|p1a: Dragapult|81/100|[from] item: Leftovers
|upkeep
|turn|16
|
|move|p1a: Dragapult|Phantom Force|p2a: Ferrothorn|[from]lockedmove
|-damage|p2a: Ferrothorn|36/100
|-damage|p1a: Dragapult|68/100|[from] ability: Iron Barbs|[of] p2a: Ferrothorn
|-damage|p1a: Dragapult|52/100|[from] item: Rocky Helmet|[of] p2a: Ferrothorn
|move|p2a: Ferrothorn|Gyro Ball|p1a: Dragapult
|-damage|p1a: Dragapult|0 fnt
|faint|p1a: Dragapult
|
|upkeep
|
|switch|p1a: Dracozolt|Dracozolt|100/100
|turn|17
|
|move|p1a: Dracozolt|Substitute|p1a: Dracozolt
|-start|p1a: Dracozolt|Substitute
|-damage|p1a: Dracozolt|76/100
|move|p2a: Ferrothorn|Stealth Rock|p1a: Dracozolt
|-sidestart|p1: yeetium|move: Stealth Rock
|
|upkeep
|turn|18
|
|move|p1a: Dracozolt|Fire Fang|p2a: Ferrothorn|[miss]
|-miss|p1a: Dracozolt|p2a: Ferrothorn
|-enditem|p1a: Dracozolt|Blunder Policy
|-boost|p1a: Dracozolt|spe|2
|move|p2a: Ferrothorn|Gyro Ball|p1a: Dracozolt
|-resisted|p1a: Dracozolt
|-end|p1a: Dracozolt|Substitute
|
|upkeep
|turn|19
|
|move|p1a: Dracozolt|Fire Fang|p2a: Ferrothorn
|-supereffective|p2a: Ferrothorn
|-damage|p2a: Ferrothorn|0 fnt
|-damage|p1a: Dracozolt|63/100|[from] ability: Iron Barbs|[of] p2a: Ferrothorn
|-damage|p1a: Dracozolt|47/100|[from] item: Rocky Helmet|[of] p2a: Ferrothorn
|faint|p2a: Ferrothorn
|
|upkeep
|
|switch|p2a: Cinderace|Cinderace, F|26/100
|-damage|p2a: Cinderace|1/100|[from] Stealth Rock
|turn|20
|
|move|p1a: Dracozolt|Bolt Beak|p2a: Cinderace
|-damage|p2a: Cinderace|0 fnt
|faint|p2a: Cinderace
|
|upkeep
|
|switch|p2a: Tsareena|Tsareena, F|100/100
|-damage|p2a: Tsareena|88/100|[from] Stealth Rock
|turn|21
|
|move|p1a: Dracozolt|Fire Fang|p2a: Tsareena
|-supereffective|p2a: Tsareena
|-damage|p2a: Tsareena|23/100
|-status|p2a: Tsareena|brn
|move|p2a: Tsareena|High Jump Kick|p1a: Dracozolt
|-damage|p1a: Dracozolt|20/100
|
|-damage|p2a: Tsareena|17/100 brn|[from] brn
|upkeep
|turn|22
|
|move|p1a: Dracozolt|Bolt Beak|p2a: Tsareena
|-resisted|p2a: Tsareena
|-damage|p2a: Tsareena|0 fnt
|faint|p2a: Tsareena
|
|upkeep
|
|switch|p2a: Dragapult|Dragapult, F|100/100
|-damage|p2a: Dragapult|88/100|[from] Stealth Rock
|turn|23
|
|move|p1a: Dracozolt|Dragon Claw|p2a: Dragapult
|-supereffective|p2a: Dragapult
|-damage|p2a: Dragapult|0 fnt
|faint|p2a: Dragapult
|
|upkeep
|
|switch|p2a: Clefable|Clefable, M|100/100
|turn|24
|
|move|p1a: Dracozolt|Bolt Beak|p2a: Clefable
|-damage|p2a: Clefable|0 fnt
|faint|p2a: Clefable
|
|win|yeetium
|l|☆ChickFilAyyyy
|c|☆yeetium|GG
