|ScrapeTime|2020-01-01-22:16:38
|j|☆cokeboiKoene
|j|☆Malanaki
|player|p1|cokeboiKoene|1|1163
|player|p2|Malanaki|265|1185
|teamsize|p1|6
|teamsize|p2|6
|gametype|singles
|gen|8
|tier|[Gen 8] OU
|rated|
|rule|Sleep Clause Mod: Limit one foe put to sleep
|rule|Species Clause: Limit one of each Pokémon
|rule|OHKO Clause: OHKO moves are banned
|rule|Evasion Moves Clause: Evasion moves are banned
|rule|Endless Battle Clause: Forcing endless battles is banned
|rule|HP Percentage Mod: HP is shown in percentages
|clearpoke
|poke|p1|Dracovish|
|poke|p1|Grimmsnarl, M|
|poke|p1|Dragapult, M|
|poke|p1|Aegislash, M|
|poke|p1|Ferrothorn, M|
|poke|p1|Toxapex, F|
|poke|p2|Pincurchin, M|
|poke|p2|Hawlucha, F|
|poke|p2|Aegislash, F|
|poke|p2|Mamoswine, F|
|poke|p2|Drampa, F|
|poke|p2|Torkoal, F|
|rule|Dynamax Clause: You cannot dynamax
|teampreview
|inactive|Battle timer is ON: inactive players will automatically lose when time's up. (requested by Malanaki)
|
|start
|switch|p1a: Dracovish|Dracovish|100/100
|switch|p2a: Torkoal|Torkoal, F|100/100
|-weather|SunnyDay|[from] ability: Drought|[of] p2a: Torkoal
|turn|1
|
|move|p1a: Dracovish|Fishious Rend|p2a: Torkoal
|-supereffective|p2a: Torkoal
|-damage|p2a: Torkoal|20/100
|move|p2a: Torkoal|Lava Plume|p1a: Dracovish
|-resisted|p1a: Dracovish
|-damage|p1a: Dracovish|89/100
|
|-weather|SunnyDay|[upkeep]
|-heal|p2a: Torkoal|26/100|[from] item: Leftovers
|upkeep
|turn|2
|
|move|p1a: Dracovish|Fishious Rend|p2a: Torkoal
|-supereffective|p2a: Torkoal
|-damage|p2a: Torkoal|0 fnt
|faint|p2a: Torkoal
|
|-weather|SunnyDay|[upkeep]
|upkeep
|
|switch|p2a: Pincurchin|Pincurchin, M|100/100
|-fieldstart|move: Electric Terrain|[from] ability: Electric Surge|[of] p2a: Pincurchin
|-enditem|p2a: Pincurchin|Electric Seed
|-boost|p2a: Pincurchin|def|1
|turn|3
|inactive|cokeboiKoene has 120 seconds left.
|inactive|cokeboiKoene has 90 seconds left.
|inactive|cokeboiKoene has 60 seconds left.
|
|switch|p1a: Aegislash|Aegislash, M|100/100
|move|p2a: Pincurchin|Thunder Wave|p1a: Aegislash
|-status|p1a: Aegislash|par
|
|-weather|SunnyDay|[upkeep]
|upkeep
|turn|4
|
|-formechange|p1a: Aegislash|Aegislash-Blade||[from] ability: Stance Change
|move|p1a: Aegislash|Shadow Ball|p2a: Pincurchin
|-damage|p2a: Pincurchin|34/100
|move|p2a: Pincurchin|Memento|p1a: Aegislash
|-unboost|p1a: Aegislash|atk|2
|-unboost|p1a: Aegislash|spa|2
|faint|p2a: Pincurchin
|
|-weather|SunnyDay|[upkeep]
|upkeep
|
|switch|p2a: Hawlucha|Hawlucha, F|100/100
|-enditem|p2a: Hawlucha|Electric Seed
|-boost|p2a: Hawlucha|def|1
|turn|5
|inactive|cokeboiKoene has 60 seconds left.
|
|cant|p1a: Aegislash|par
|move|p2a: Hawlucha|Substitute|p2a: Hawlucha
|-start|p2a: Hawlucha|Substitute
|-damage|p2a: Hawlucha|76/100
|
|-weather|none
|upkeep
|turn|6
|inactive|cokeboiKoene has 60 seconds left.
|
|switch|p1a: Ferrothorn|Ferrothorn, M|100/100
|move|p2a: Hawlucha|Swords Dance|p2a: Hawlucha
|-boost|p2a: Hawlucha|atk|2
|
|upkeep
|turn|7
|
|move|p2a: Hawlucha|Swords Dance|p2a: Hawlucha
|-boost|p2a: Hawlucha|atk|2
|move|p1a: Ferrothorn|Gyro Ball|p2a: Hawlucha
|-end|p2a: Hawlucha|Substitute
|
|-fieldend|move: Electric Terrain
|upkeep
|turn|8
|
|switch|p1a: Toxapex|Toxapex, F|100/100
|move|p2a: Hawlucha|Close Combat|p1a: Toxapex
|-resisted|p1a: Toxapex
|-damage|p1a: Toxapex|47/100
|-unboost|p2a: Hawlucha|def|1
|-unboost|p2a: Hawlucha|spd|1
|
|-heal|p1a: Toxapex|53/100|[from] item: Black Sludge
|upkeep
|turn|9
|inactive|cokeboiKoene has 30 seconds left.
|
|move|p2a: Hawlucha|Acrobatics|p1a: Toxapex
|-damage|p1a: Toxapex|0 fnt
|faint|p1a: Toxapex
|
|upkeep
|inactive|cokeboiKoene has 30 seconds left.
|inactive|cokeboiKoene has 20 seconds left.
|inactive|cokeboiKoene has 15 seconds left.
|
|switch|p1a: Grimmsnarl|Grimmsnarl, M|100/100
|turn|10
|inactive|cokeboiKoene has 25 seconds left this turn.
|inactive|cokeboiKoene has 20 seconds left.
|
|move|p1a: Grimmsnarl|Sucker Punch||[still]
|-fail|p1a: Grimmsnarl
|move|p2a: Hawlucha|Substitute|p2a: Hawlucha
|-start|p2a: Hawlucha|Substitute
|-damage|p2a: Hawlucha|51/100
|
|upkeep
|turn|11
|inactive|cokeboiKoene has 30 seconds left this turn.
|inactive|cokeboiKoene has 20 seconds left.
|inactive|cokeboiKoene has 15 seconds left.
|
|move|p2a: Hawlucha|Acrobatics|p1a: Grimmsnarl
|-damage|p1a: Grimmsnarl|0 fnt
|faint|p1a: Grimmsnarl
|
|upkeep
|inactive|cokeboiKoene has 20 seconds left this turn.
|inactive|cokeboiKoene has 15 seconds left.
|inactive|cokeboiKoene has 10 seconds left.
|
|switch|p1a: Dragapult|Dragapult, M|100/100
|turn|12
|inactive|cokeboiKoene has 20 seconds left this turn.
|inactive|cokeboiKoene has 15 seconds left.
|inactive|cokeboiKoene has 10 seconds left.
|
|move|p2a: Hawlucha|Acrobatics|p1a: Dragapult
|-damage|p1a: Dragapult|0 fnt
|faint|p1a: Dragapult
|
|upkeep
|inactive|cokeboiKoene has 15 seconds left this turn.
|inactive|cokeboiKoene has 10 seconds left.
|
|switch|p1a: Dracovish|Dracovish|89/100
|turn|13
|inactive|cokeboiKoene has 20 seconds left this turn.
|
|move|p2a: Hawlucha|Acrobatics|p1a: Dracovish
|-damage|p1a: Dracovish|0 fnt
|faint|p1a: Dracovish
|
|upkeep
|inactive|cokeboiKoene has 25 seconds left this turn.
|inactive|cokeboiKoene has 20 seconds left.
|inactive|cokeboiKoene has 15 seconds left.
|inactive|cokeboiKoene has 10 seconds left.
|inactive|cokeboiKoene has 5 seconds left.
|
|switch|p1a: Ferrothorn|Ferrothorn, M|100/100
|turn|14
|inactive|cokeboiKoene has 15 seconds left this turn.
|inactive|cokeboiKoene has 10 seconds left.
|
|move|p2a: Hawlucha|Close Combat|p1a: Ferrothorn
|-supereffective|p1a: Ferrothorn
|-damage|p1a: Ferrothorn|0 fnt
|-damage|p2a: Hawlucha|38/100|[from] ability: Iron Barbs|[of] p1a: Ferrothorn
|-unboost|p2a: Hawlucha|def|1
|-unboost|p2a: Hawlucha|spd|1
|faint|p1a: Ferrothorn
|
|upkeep
|inactive|cokeboiKoene has 15 seconds left this turn.
|inactive|cokeboiKoene has 10 seconds left.
|
|switch|p1a: Aegislash|Aegislash, M|100/100 par
|turn|15
|inactive|cokeboiKoene has 20 seconds left this turn.
|inactive|cokeboiKoene has 15 seconds left.
|inactive|cokeboiKoene has 10 seconds left.
|
|move|p2a: Hawlucha|Acrobatics|p1a: Aegislash
|-resisted|p1a: Aegislash
|-damage|p1a: Aegislash|39/100 par
|cant|p1a: Aegislash|par
|
|upkeep
|turn|16
|inactive|cokeboiKoene has 20 seconds left this turn.
|inactive|cokeboiKoene has 15 seconds left.
|-message|cokeboiKoene forfeited.
|
|win|Malanaki
|inactive|cokeboiKoene has 20 seconds left this turn.
|l|☆cokeboiKoene
