|ScrapeTime|2020-01-02-13:35:41
|j|☆koltane
|j|☆Sealx♬
|player|p1|koltane|107|1377
|player|p2|Sealx♬|hilbert-dueldisk|1447
|teamsize|p1|6
|teamsize|p2|6
|gametype|singles
|gen|8
|tier|[Gen 8] OU
|rated|
|rule|Sleep Clause Mod: Limit one foe put to sleep
|rule|Species Clause: Limit one of each Pokémon
|rule|OHKO Clause: OHKO moves are banned
|rule|Evasion Moves Clause: Evasion moves are banned
|rule|Endless Battle Clause: Forcing endless battles is banned
|rule|HP Percentage Mod: HP is shown in percentages
|clearpoke
|poke|p1|Corviknight, M|
|poke|p1|Seismitoad, M|
|poke|p1|Cinderace, F|
|poke|p1|Hydreigon, M|
|poke|p1|Hawlucha, M|
|poke|p1|Dragapult, F|
|poke|p2|Sirfetch'd, F|
|poke|p2|Dragapult, M|
|poke|p2|Snorlax, F|
|poke|p2|Seismitoad, M|
|poke|p2|Rotom-Heat|
|poke|p2|Corviknight, M|
|rule|Dynamax Clause: You cannot dynamax
|teampreview
|
|start
|switch|p1a: Seismitoad|Seismitoad, M|100/100
|switch|p2a: Sirfetch'd|Sirfetch'd, F|100/100
|turn|1
|
|move|p2a: Sirfetch'd|Close Combat|p1a: Seismitoad
|-damage|p1a: Seismitoad|19/100
|-unboost|p2a: Sirfetch'd|def|1
|-unboost|p2a: Sirfetch'd|spd|1
|move|p1a: Seismitoad|Stealth Rock|p2a: Sirfetch'd
|-sidestart|p2: Sealx♬|move: Stealth Rock
|
|-heal|p1a: Seismitoad|25/100|[from] item: Leftovers
|upkeep
|turn|2
|
|switch|p2a: Corviknight|Corviknight, M|100/100
|-damage|p2a: Corviknight|88/100|[from] Stealth Rock
|-ability|p2a: Corviknight|Pressure
|switch|p1a: Dragapult|Dragapult, F|100/100
|
|-heal|p2a: Corviknight|94/100|[from] item: Leftovers
|upkeep
|turn|3
|
|move|p1a: Dragapult|Fire Blast|p2a: Corviknight
|-supereffective|p2a: Corviknight
|-damage|p2a: Corviknight|24/100
|move|p2a: Corviknight|Defog|p1a: Dragapult
|-unboost|p1a: Dragapult|evasion|1
|-sideend|p2: Sealx♬|Stealth Rock|[from] move: Defog|[of] p2a: Corviknight
|
|-heal|p2a: Corviknight|30/100|[from] item: Leftovers
|upkeep
|turn|4
|
|switch|p1a: Hydreigon|Hydreigon, M|100/100
|switch|p2a: Dragapult|Dragapult, M|100/100
|
|upkeep
|turn|5
|inactive|Battle timer is ON: inactive players will automatically lose when time's up. (requested by Sealx♬)
|
|switch|p2a: Snorlax|Snorlax, F|100/100
|switch|p1a: Corviknight|Corviknight, M|100/100
|-ability|p1a: Corviknight|Pressure
|
|upkeep
|turn|6
|
|move|p1a: Corviknight|U-turn|p2a: Snorlax
|-damage|p2a: Snorlax|91/100
|
|switch|p1a: Hawlucha|Hawlucha, M|100/100|[from]move: U-turn
|move|p2a: Snorlax|Curse|p2a: Snorlax
|-unboost|p2a: Snorlax|spe|1
|-boost|p2a: Snorlax|atk|1
|-boost|p2a: Snorlax|def|1
|
|-heal|p2a: Snorlax|97/100|[from] item: Leftovers
|upkeep
|turn|7
|
|move|p1a: Hawlucha|Substitute|p1a: Hawlucha
|-start|p1a: Hawlucha|Substitute
|-damage|p1a: Hawlucha|76/100
|move|p2a: Snorlax|Body Slam|p1a: Hawlucha
|-end|p1a: Hawlucha|Substitute
|
|-heal|p2a: Snorlax|100/100|[from] item: Leftovers
|upkeep
|turn|8
|
|move|p1a: Hawlucha|Close Combat|p2a: Snorlax
|-supereffective|p2a: Snorlax
|-damage|p2a: Snorlax|50/100
|-unboost|p1a: Hawlucha|def|1
|-unboost|p1a: Hawlucha|spd|1
|-enditem|p1a: Hawlucha|White Herb
|-clearnegativeboost|p1a: Hawlucha|[silent]
|move|p2a: Snorlax|Body Slam|p1a: Hawlucha
|-damage|p1a: Hawlucha|6/100
|
|-heal|p2a: Snorlax|56/100|[from] item: Leftovers
|upkeep
|turn|9
|
|switch|p2a: Dragapult|Dragapult, M|100/100
|move|p1a: Hawlucha|Close Combat|p2a: Dragapult
|-immune|p2a: Dragapult
|
|upkeep
|turn|10
|
|move|p1a: Hawlucha|Brave Bird|p2a: Dragapult
|-damage|p2a: Dragapult|28/100
|-damage|p1a: Hawlucha|0 fnt|[from] Recoil
|faint|p1a: Hawlucha
|move|p2a: Dragapult|Shadow Ball|p1: Hawlucha|[notarget]
|-fail|p2a: Dragapult
|
|upkeep
|
|switch|p1a: Hydreigon|Hydreigon, M|100/100
|turn|11
|
|switch|p2a: Corviknight|Corviknight, M|30/100
|-ability|p2a: Corviknight|Pressure
|move|p1a: Hydreigon|Substitute|p1a: Hydreigon
|-start|p1a: Hydreigon|Substitute
|-damage|p1a: Hydreigon|76/100
|
|-heal|p1a: Hydreigon|82/100|[from] item: Leftovers
|-heal|p2a: Corviknight|37/100|[from] item: Leftovers
|upkeep
|turn|12
|
|move|p1a: Hydreigon|Dark Pulse|p2a: Corviknight
|-damage|p2a: Corviknight|8/100
|move|p2a: Corviknight|U-turn|p1a: Hydreigon
|-supereffective|p1a: Hydreigon
|-end|p1a: Hydreigon|Substitute
|
|switch|p2a: Dragapult|Dragapult, M|28/100|[from]move: U-turn
|
|-heal|p1a: Hydreigon|88/100|[from] item: Leftovers
|upkeep
|turn|13
|
|switch|p1a: Corviknight|Corviknight, M|100/100
|-ability|p1a: Corviknight|Pressure
|move|p2a: Dragapult|Draco Meteor|p1a: Corviknight
|-resisted|p1a: Corviknight
|-damage|p1a: Corviknight|64/100
|-unboost|p2a: Dragapult|spa|2
|
|-heal|p1a: Corviknight|70/100|[from] item: Leftovers
|upkeep
|turn|14
|
|switch|p2a: Rotom|Rotom-Heat|100/100
|move|p1a: Corviknight|U-turn|p2a: Rotom
|-resisted|p2a: Rotom
|-damage|p2a: Rotom|94/100
|
|switch|p1a: Dragapult|Dragapult, F|100/100|[from]move: U-turn
|
|upkeep
|turn|15
|
|move|p1a: Dragapult|Draco Meteor|p2a: Rotom
|-damage|p2a: Rotom|5/100
|-unboost|p1a: Dragapult|spa|2
|move|p2a: Rotom|Thunder Wave|p1a: Dragapult
|-status|p1a: Dragapult|par
|
|upkeep
|turn|16
|
|switch|p2a: Corviknight|Corviknight, M|8/100
|-ability|p2a: Corviknight|Pressure
|move|p1a: Dragapult|Draco Meteor|p2a: Corviknight
|-resisted|p2a: Corviknight
|-damage|p2a: Corviknight|0 fnt
|-unboost|p1a: Dragapult|spa|2
|faint|p2a: Corviknight
|
|upkeep
|
|switch|p2a: Sirfetch'd|Sirfetch'd, F|100/100
|turn|17
|
|switch|p1a: Corviknight|Corviknight, M|70/100
|-ability|p1a: Corviknight|Pressure
|move|p2a: Sirfetch'd|Knock Off|p1a: Corviknight
|-damage|p1a: Corviknight|31/100
|-enditem|p1a: Corviknight|Leftovers|[from] move: Knock Off|[of] p2a: Sirfetch'd
|
|upkeep
|turn|18
|
|move|p2a: Sirfetch'd|Knock Off|p1a: Corviknight
|-damage|p1a: Corviknight|3/100
|move|p1a: Corviknight|Roost|p1a: Corviknight
|-heal|p1a: Corviknight|53/100
|-singleturn|p1a: Corviknight|move: Roost
|
|upkeep
|turn|19
|
|switch|p2a: Rotom|Rotom-Heat|5/100
|move|p1a: Corviknight|Roost|p1a: Corviknight
|-heal|p1a: Corviknight|100/100
|-singleturn|p1a: Corviknight|move: Roost
|
|upkeep
|turn|20
|
|switch|p1a: Seismitoad|Seismitoad, M|25/100
|move|p2a: Rotom|Trick|p1a: Seismitoad
|-activate|p2a: Rotom|move: Trick|[of] p1a: Seismitoad
|-item|p1a: Seismitoad|Choice Scarf|[from] move: Trick
|-item|p2a: Rotom|Leftovers|[from] move: Trick
|
|-heal|p2a: Rotom|12/100|[from] item: Leftovers
|upkeep
|turn|21
|
|move|p2a: Rotom|Overheat|p1a: Seismitoad
|-resisted|p1a: Seismitoad
|-damage|p1a: Seismitoad|1/100
|-unboost|p2a: Rotom|spa|2
|move|p1a: Seismitoad|Toxic|p2a: Rotom
|-status|p2a: Rotom|tox
|
|-heal|p2a: Rotom|18/100 tox|[from] item: Leftovers
|-damage|p2a: Rotom|12/100 tox|[from] psn
|upkeep
|turn|22
|
|move|p2a: Rotom|Overheat|p1a: Seismitoad
|-resisted|p1a: Seismitoad
|-damage|p1a: Seismitoad|0 fnt
|-unboost|p2a: Rotom|spa|2
|faint|p1a: Seismitoad
|
|-heal|p2a: Rotom|18/100 tox|[from] item: Leftovers
|-damage|p2a: Rotom|5/100 tox|[from] psn
|upkeep
|
|switch|p1a: Hydreigon|Hydreigon, M|88/100
|turn|23
|
|move|p1a: Hydreigon|Dark Pulse|p2a: Rotom
|-damage|p2a: Rotom|0 fnt
|faint|p2a: Rotom
|
|-heal|p1a: Hydreigon|94/100|[from] item: Leftovers
|upkeep
|
|switch|p2a: Sirfetch'd|Sirfetch'd, F|100/100
|turn|24
|
|move|p2a: Sirfetch'd|First Impression|p1a: Hydreigon
|-supereffective|p1a: Hydreigon
|-damage|p1a: Hydreigon|0 fnt
|faint|p1a: Hydreigon
|
|upkeep
|
|switch|p1a: Dragapult|Dragapult, F|100/100 par
|turn|25
|
|switch|p2a: Snorlax|Snorlax, F|56/100
|move|p1a: Dragapult|Shadow Ball|p2a: Snorlax
|-immune|p2a: Snorlax
|
|-heal|p2a: Snorlax|62/100|[from] item: Leftovers
|upkeep
|turn|26
|
|switch|p1a: Cinderace|Cinderace, F|100/100
|switch|p2a: Seismitoad|Seismitoad, M|100/100
|
|upkeep
|turn|27
|
|move|p2a: Seismitoad|Protect|p2a: Seismitoad
|-singleturn|p2a: Seismitoad|Protect
|move|p1a: Cinderace|U-turn|p2a: Seismitoad
|-activate|p2a: Seismitoad|move: Protect
|
|upkeep
|turn|28
|
|move|p1a: Cinderace|U-turn|p2a: Seismitoad
|-damage|p2a: Seismitoad|84/100
|
|switch|p1a: Dragapult|Dragapult, F|100/100 par|[from]move: U-turn
|move|p2a: Seismitoad|Stealth Rock|p1a: Dragapult
|-sidestart|p1: koltane|move: Stealth Rock
|
|-heal|p2a: Seismitoad|90/100|[from] item: Leftovers
|upkeep
|turn|29
|
|move|p2a: Seismitoad|Protect|p2a: Seismitoad
|-singleturn|p2a: Seismitoad|Protect
|cant|p1a: Dragapult|par
|
|-heal|p2a: Seismitoad|96/100|[from] item: Leftovers
|upkeep
|turn|30
|
|move|p1a: Dragapult|Draco Meteor|p2a: Seismitoad|[miss]
|-miss|p1a: Dragapult|p2a: Seismitoad
|move|p2a: Seismitoad|Earthquake|p1a: Dragapult
|-damage|p1a: Dragapult|52/100 par
|
|-heal|p2a: Seismitoad|100/100|[from] item: Leftovers
|upkeep
|turn|31
|
|move|p1a: Dragapult|Draco Meteor|p2a: Seismitoad
|-damage|p2a: Seismitoad|11/100
|-unboost|p1a: Dragapult|spa|2
|move|p2a: Seismitoad|Earthquake|p1a: Dragapult
|-damage|p1a: Dragapult|5/100 par
|
|-heal|p2a: Seismitoad|17/100|[from] item: Leftovers
|upkeep
|turn|32
|
|cant|p1a: Dragapult|par
|move|p2a: Seismitoad|Earthquake|p1a: Dragapult
|-damage|p1a: Dragapult|0 fnt
|faint|p1a: Dragapult
|
|-heal|p2a: Seismitoad|23/100|[from] item: Leftovers
|upkeep
|
|switch|p1a: Cinderace|Cinderace, F|100/100
|turn|33
|
|move|p1a: Cinderace|High Jump Kick|p2a: Seismitoad
|-damage|p2a: Seismitoad|0 fnt
|faint|p2a: Seismitoad
|
|upkeep
|
|switch|p2a: Dragapult|Dragapult, M|28/100
|turn|34
|
|move|p2a: Dragapult|Shadow Ball|p1a: Cinderace
|-damage|p1a: Cinderace|24/100
|move|p1a: Cinderace|Pyro Ball|p2a: Dragapult|[miss]
|-miss|p1a: Cinderace|p2a: Dragapult
|
|upkeep
|turn|35
|
|move|p2a: Dragapult|Shadow Ball|p1a: Cinderace
|-damage|p1a: Cinderace|0 fnt
|faint|p1a: Cinderace
|
|upkeep
|
|switch|p1a: Corviknight|Corviknight, M|100/100
|-damage|p1a: Corviknight|88/100|[from] Stealth Rock
|-ability|p1a: Corviknight|Pressure
|turn|36
|
|move|p2a: Dragapult|Shadow Ball|p1a: Corviknight
|-damage|p1a: Corviknight|46/100
|move|p1a: Corviknight|Brave Bird|p2a: Dragapult
|-damage|p2a: Dragapult|0 fnt
|-damage|p1a: Corviknight|39/100|[from] Recoil
|faint|p2a: Dragapult
|
|upkeep
|
|switch|p2a: Sirfetch'd|Sirfetch'd, F|100/100
|turn|37
|
|move|p2a: Sirfetch'd|Close Combat|p1a: Corviknight
|-crit|p1a: Corviknight
|-damage|p1a: Corviknight|0 fnt
|-unboost|p2a: Sirfetch'd|def|1
|-unboost|p2a: Sirfetch'd|spd|1
|faint|p1a: Corviknight
|
|win|Sealx♬
|raw|koltane's rating: 1377 → 1361(-16 for losing)
|raw|Sealx♬'s rating: 1447 → 1463(+16 for winning)
