|ScrapeTime|2020-01-01-09:35:28
|j|☆scp3999
|j|☆ReggieYang5
|player|p1|scp3999|1|1423
|player|p2|ReggieYang5|ethan|1412
|teamsize|p1|6
|teamsize|p2|6
|gametype|singles
|gen|8
|tier|[Gen 8] OU
|rated|
|rule|Sleep Clause Mod: Limit one foe put to sleep
|rule|Species Clause: Limit one of each Pokémon
|rule|OHKO Clause: OHKO moves are banned
|rule|Evasion Moves Clause: Evasion moves are banned
|rule|Endless Battle Clause: Forcing endless battles is banned
|rule|HP Percentage Mod: HP is shown in percentages
|clearpoke
|poke|p1|Excadrill, M|
|poke|p1|Dragapult, M|
|poke|p1|Clefable, M|
|poke|p1|Tyranitar, F|
|poke|p1|Corviknight, M|
|poke|p1|Seismitoad, F|
|poke|p2|Sirfetch'd, M|
|poke|p2|Dragapult, F|
|poke|p2|Snorlax, M|
|poke|p2|Seismitoad, F|
|poke|p2|Rotom-Heat|
|poke|p2|Corviknight, M|
|rule|Dynamax Clause: You cannot dynamax
|teampreview
|
|start
|switch|p1a: Dragapult|Dragapult, M|100/100
|switch|p2a: Rotom|Rotom-Heat|100/100
|turn|1
|
|switch|p2a: Corviknight|Corviknight, M|100/100
|-ability|p2a: Corviknight|Pressure
|move|p1a: Dragapult|U-turn|p2a: Corviknight
|-resisted|p2a: Corviknight
|-damage|p2a: Corviknight|97/100
|
|switch|p1a: Clefable|Clefable, M|100/100|[from]move: U-turn
|
|-heal|p2a: Corviknight|100/100|[from] item: Leftovers
|upkeep
|turn|2
|inactive|Battle timer is ON: inactive players will automatically lose when time's up. (requested by ReggieYang5)
|
|switch|p2a: Snorlax|Snorlax, M|100/100
|switch|p1a: Tyranitar|Tyranitar, F|100/100
|-weather|Sandstorm|[from] ability: Sand Stream|[of] p1a: Tyranitar
|
|-weather|Sandstorm|[upkeep]
|-damage|p2a: Snorlax|94/100|[from] Sandstorm
|-heal|p2a: Snorlax|100/100|[from] item: Leftovers
|upkeep
|turn|3
|
|switch|p2a: Sirfetch'd|Sirfetch'd, M|100/100
|move|p1a: Tyranitar|Superpower|p2a: Sirfetch'd
|-damage|p2a: Sirfetch'd|17/100
|-unboost|p1a: Tyranitar|atk|1
|-unboost|p1a: Tyranitar|def|1
|
|-weather|Sandstorm|[upkeep]
|-damage|p2a: Sirfetch'd|11/100|[from] Sandstorm
|upkeep
|turn|4
|
|switch|p1a: Corviknight|Corviknight, M|100/100
|move|p2a: Sirfetch'd|Close Combat|p1a: Corviknight
|-damage|p1a: Corviknight|26/100
|-unboost|p2a: Sirfetch'd|def|1
|-unboost|p2a: Sirfetch'd|spd|1
|
|-weather|Sandstorm|[upkeep]
|-damage|p2a: Sirfetch'd|5/100|[from] Sandstorm
|-heal|p1a: Corviknight|32/100|[from] item: Leftovers
|upkeep
|turn|5
|inactive|scp3999 has 120 seconds left.
|
|switch|p1a: Clefable|Clefable, M|100/100
|move|p2a: Sirfetch'd|Close Combat|p1a: Clefable
|-resisted|p1a: Clefable
|-damage|p1a: Clefable|43/100
|-unboost|p2a: Sirfetch'd|def|1
|-unboost|p2a: Sirfetch'd|spd|1
|
|-weather|Sandstorm|[upkeep]
|-damage|p2a: Sirfetch'd|0 fnt|[from] Sandstorm
|faint|p2a: Sirfetch'd
|-heal|p1a: Clefable|49/100|[from] item: Leftovers
|upkeep
|inactive|ReggieYang5 has 120 seconds left.
|
|switch|p2a: Rotom|Rotom-Heat|100/100
|turn|6
|
|move|p1a: Clefable|Protect|p1a: Clefable
|-singleturn|p1a: Clefable|Protect
|move|p2a: Rotom|Trick|p1a: Clefable
|-activate|p1a: Clefable|move: Protect
|
|-weather|none
|-heal|p1a: Clefable|55/100|[from] item: Leftovers
|upkeep
|turn|7
|
|switch|p1a: Dragapult|Dragapult, M|100/100
|move|p2a: Rotom|Trick|p1a: Dragapult
|-activate|p2a: Rotom|move: Trick|[of] p1a: Dragapult
|-item|p1a: Dragapult|Choice Scarf|[from] move: Trick
|-item|p2a: Rotom|Choice Scarf|[from] move: Trick
|
|upkeep
|turn|8
|inactive|scp3999 has 120 seconds left.
|
|move|p1a: Dragapult|Draco Meteor|p2a: Rotom|[miss]
|-miss|p1a: Dragapult|p2a: Rotom
|move|p2a: Rotom|Volt Switch|p1a: Dragapult
|-resisted|p1a: Dragapult
|-damage|p1a: Dragapult|84/100
|
|switch|p2a: Corviknight|Corviknight, M|100/100|[from]move: Volt Switch
|-ability|p2a: Corviknight|Pressure
|
|upkeep
|turn|9
|
|switch|p1a: Corviknight|Corviknight, M|32/100
|move|p2a: Corviknight|U-turn|p1a: Corviknight
|-resisted|p1a: Corviknight
|-damage|p1a: Corviknight|30/100
|
|switch|p2a: Dragapult|Dragapult, F|100/100|[from]move: U-turn
|
|-heal|p1a: Corviknight|36/100|[from] item: Leftovers
|upkeep
|turn|10
|
|switch|p1a: Clefable|Clefable, M|55/100
|move|p2a: Dragapult|Shadow Ball|p1a: Clefable
|-damage|p1a: Clefable|19/100
|-unboost|p1a: Clefable|spd|1
|
|-heal|p1a: Clefable|25/100|[from] item: Leftovers
|upkeep
|turn|11
|
|move|p1a: Clefable|Protect|p1a: Clefable
|-singleturn|p1a: Clefable|Protect
|move|p2a: Dragapult|Shadow Ball|p1a: Clefable
|-activate|p1a: Clefable|move: Protect
|
|-heal|p1a: Clefable|31/100|[from] item: Leftovers
|upkeep
|turn|12
|
|switch|p1a: Tyranitar|Tyranitar, F|100/100
|-weather|Sandstorm|[from] ability: Sand Stream|[of] p1a: Tyranitar
|move|p2a: Dragapult|Shadow Ball|p1a: Tyranitar
|-resisted|p1a: Tyranitar
|-damage|p1a: Tyranitar|87/100
|
|-weather|Sandstorm|[upkeep]
|-damage|p2a: Dragapult|95/100|[from] Sandstorm
|upkeep
|turn|13
|
|switch|p2a: Seismitoad|Seismitoad, F|100/100
|move|p1a: Tyranitar|Crunch|p2a: Seismitoad
|-damage|p2a: Seismitoad|49/100
|-unboost|p2a: Seismitoad|def|1
|
|-weather|Sandstorm|[upkeep]
|-heal|p2a: Seismitoad|55/100|[from] item: Leftovers
|upkeep
|turn|14
|
|switch|p2a: Corviknight|Corviknight, M|100/100
|-ability|p2a: Corviknight|Pressure
|move|p1a: Tyranitar|Crunch|p2a: Corviknight
|-damage|p2a: Corviknight|40/100
|-unboost|p2a: Corviknight|def|1
|
|-weather|Sandstorm|[upkeep]
|-heal|p2a: Corviknight|46/100|[from] item: Leftovers
|upkeep
|turn|15
|
|move|p2a: Corviknight|Iron Head|p1a: Tyranitar
|-supereffective|p1a: Tyranitar
|-damage|p1a: Tyranitar|48/100
|cant|p1a: Tyranitar|flinch
|
|-weather|Sandstorm|[upkeep]
|-heal|p2a: Corviknight|52/100|[from] item: Leftovers
|upkeep
|turn|16
|
|move|p2a: Corviknight|U-turn|p1a: Tyranitar
|-supereffective|p1a: Tyranitar
|-damage|p1a: Tyranitar|27/100
|
|switch|p2a: Seismitoad|Seismitoad, F|55/100|[from]move: U-turn
|move|p1a: Tyranitar|Crunch|p2a: Seismitoad
|-damage|p2a: Seismitoad|5/100
|
|-weather|none
|-heal|p2a: Seismitoad|11/100|[from] item: Leftovers
|upkeep
|turn|17
|
|switch|p1a: Seismitoad|Seismitoad, F|100/100
|move|p2a: Seismitoad|Stealth Rock|p1a: Seismitoad
|-sidestart|p1: scp3999|move: Stealth Rock
|
|-heal|p2a: Seismitoad|17/100|[from] item: Leftovers
|upkeep
|turn|18
|
|switch|p2a: Snorlax|Snorlax, M|100/100
|move|p1a: Seismitoad|Stealth Rock|p2a: Snorlax
|-sidestart|p2: ReggieYang5|move: Stealth Rock
|
|upkeep
|turn|19
|
|move|p1a: Seismitoad|Toxic|p2a: Snorlax
|-status|p2a: Snorlax|tox
|move|p2a: Snorlax|Curse|p2a: Snorlax
|-unboost|p2a: Snorlax|spe|1
|-boost|p2a: Snorlax|atk|1
|-boost|p2a: Snorlax|def|1
|
|-damage|p2a: Snorlax|94/100 tox|[from] psn
|upkeep
|turn|20
|
|move|p1a: Seismitoad|Protect|p1a: Seismitoad
|-singleturn|p1a: Seismitoad|Protect
|move|p2a: Snorlax|Darkest Lariat|p1a: Seismitoad
|-activate|p1a: Seismitoad|move: Protect
|
|-heal|p2a: Snorlax|100/100 tox|[from] item: Leftovers
|-damage|p2a: Snorlax|88/100 tox|[from] psn
|upkeep
|turn|21
|
|move|p1a: Seismitoad|Scald|p2a: Snorlax
|-damage|p2a: Snorlax|75/100 tox
|move|p2a: Snorlax|Darkest Lariat|p1a: Seismitoad
|-damage|p1a: Seismitoad|80/100
|
|-heal|p1a: Seismitoad|86/100|[from] item: Leftovers
|-heal|p2a: Snorlax|81/100 tox|[from] item: Leftovers
|-damage|p2a: Snorlax|63/100 tox|[from] psn
|upkeep
|turn|22
|
|move|p1a: Seismitoad|Scald|p2a: Snorlax
|-damage|p2a: Snorlax|50/100 tox
|move|p2a: Snorlax|Curse|p2a: Snorlax
|-unboost|p2a: Snorlax|spe|1
|-boost|p2a: Snorlax|atk|1
|-boost|p2a: Snorlax|def|1
|
|-heal|p1a: Seismitoad|92/100|[from] item: Leftovers
|-heal|p2a: Snorlax|56/100 tox|[from] item: Leftovers
|-damage|p2a: Snorlax|32/100 tox|[from] psn
|upkeep
|turn|23
|
|move|p1a: Seismitoad|Scald|p2a: Snorlax
|-damage|p2a: Snorlax|18/100 tox
|move|p2a: Snorlax|Rest|p2a: Snorlax
|-status|p2a: Snorlax|slp|[from] move: Rest
|-heal|p2a: Snorlax|100/100 slp|[silent]
|
|-heal|p1a: Seismitoad|98/100|[from] item: Leftovers
|upkeep
|turn|24
|
|switch|p1a: Excadrill|Excadrill, M|100/100
|-damage|p1a: Excadrill|97/100|[from] Stealth Rock
|cant|p2a: Snorlax|slp
|
|upkeep
|turn|25
|
|move|p1a: Excadrill|Swords Dance|p1a: Excadrill
|-boost|p1a: Excadrill|atk|2
|cant|p2a: Snorlax|slp
|
|upkeep
|turn|26
|
|move|p1a: Excadrill|Earthquake|p2a: Snorlax
|-damage|p2a: Snorlax|50/100 slp
|-damage|p1a: Excadrill|87/100|[from] item: Life Orb
|-curestatus|p2a: Snorlax|slp|[msg]
|move|p2a: Snorlax|Darkest Lariat|p1a: Excadrill
|-damage|p1a: Excadrill|25/100
|
|-heal|p2a: Snorlax|56/100|[from] item: Leftovers
|upkeep
|turn|27
|
|switch|p2a: Rotom|Rotom-Heat|100/100
|-damage|p2a: Rotom|75/100|[from] Stealth Rock
|move|p1a: Excadrill|Earthquake|p2a: Rotom
|-immune|p2a: Rotom|[from] ability: Levitate
|
|upkeep
|turn|28
|
|switch|p1a: Seismitoad|Seismitoad, F|98/100
|-damage|p1a: Seismitoad|92/100|[from] Stealth Rock
|move|p2a: Rotom|Volt Switch|p1a: Seismitoad
|-immune|p1a: Seismitoad
|
|-heal|p1a: Seismitoad|98/100|[from] item: Leftovers
|upkeep
|turn|29
|
|switch|p2a: Corviknight|Corviknight, M|52/100
|-damage|p2a: Corviknight|40/100|[from] Stealth Rock
|-ability|p2a: Corviknight|Pressure
|move|p1a: Seismitoad|Toxic|p2a: Corviknight
|-immune|p2a: Corviknight
|
|-heal|p1a: Seismitoad|100/100|[from] item: Leftovers
|-heal|p2a: Corviknight|46/100|[from] item: Leftovers
|upkeep
|turn|30
|
|move|p1a: Seismitoad|Scald|p2a: Corviknight
|-damage|p2a: Corviknight|31/100
|move|p2a: Corviknight|Roost|p2a: Corviknight
|-heal|p2a: Corviknight|81/100
|-singleturn|p2a: Corviknight|move: Roost
|
|-heal|p2a: Corviknight|87/100|[from] item: Leftovers
|upkeep
|turn|31
|
|switch|p2a: Seismitoad|Seismitoad, F|17/100
|-damage|p2a: Seismitoad|11/100|[from] Stealth Rock
|move|p1a: Seismitoad|Scald|p2a: Seismitoad
|-heal|p2a: Seismitoad|36/100|[from] ability: Water Absorb|[of] p1a: Seismitoad
|
|-heal|p2a: Seismitoad|42/100|[from] item: Leftovers
|upkeep
|turn|32
|
|move|p2a: Seismitoad|Protect|p2a: Seismitoad
|-singleturn|p2a: Seismitoad|Protect
|move|p1a: Seismitoad|Toxic|p2a: Seismitoad
|-activate|p2a: Seismitoad|move: Protect
|
|-heal|p2a: Seismitoad|48/100|[from] item: Leftovers
|upkeep
|turn|33
|
|switch|p2a: Snorlax|Snorlax, M|56/100
|-damage|p2a: Snorlax|43/100|[from] Stealth Rock
|move|p1a: Seismitoad|Toxic|p2a: Snorlax
|-status|p2a: Snorlax|tox
|
|-heal|p2a: Snorlax|49/100 tox|[from] item: Leftovers
|-damage|p2a: Snorlax|43/100 tox|[from] psn
|upkeep
|turn|34
|
|move|p1a: Seismitoad|Scald|p2a: Snorlax
|-damage|p2a: Snorlax|29/100 tox
|move|p2a: Snorlax|Rest|p2a: Snorlax
|-status|p2a: Snorlax|slp|[from] move: Rest
|-heal|p2a: Snorlax|100/100 slp|[silent]
|
|upkeep
|turn|35
|
|switch|p1a: Excadrill|Excadrill, M|25/100
|-damage|p1a: Excadrill|22/100|[from] Stealth Rock
|cant|p2a: Snorlax|slp
|
|upkeep
|turn|36
|
|switch|p2a: Corviknight|Corviknight, M|87/100
|-damage|p2a: Corviknight|75/100|[from] Stealth Rock
|-ability|p2a: Corviknight|Pressure
|move|p1a: Excadrill|Swords Dance|p1a: Excadrill
|-boost|p1a: Excadrill|atk|2
|
|-heal|p2a: Corviknight|81/100|[from] item: Leftovers
|upkeep
|turn|37
|
|switch|p1a: Seismitoad|Seismitoad, F|100/100
|-damage|p1a: Seismitoad|94/100|[from] Stealth Rock
|move|p2a: Corviknight|Iron Head|p1a: Seismitoad
|-resisted|p1a: Seismitoad
|-damage|p1a: Seismitoad|86/100
|
|-heal|p1a: Seismitoad|92/100|[from] item: Leftovers
|-heal|p2a: Corviknight|87/100|[from] item: Leftovers
|upkeep
|turn|38
|inactive|scp3999 has 120 seconds left.
|
|switch|p2a: Seismitoad|Seismitoad, F|48/100
|-damage|p2a: Seismitoad|42/100|[from] Stealth Rock
|move|p1a: Seismitoad|Toxic|p2a: Seismitoad
|-status|p2a: Seismitoad|tox
|
|-heal|p1a: Seismitoad|98/100|[from] item: Leftovers
|-heal|p2a: Seismitoad|48/100 tox|[from] item: Leftovers
|-damage|p2a: Seismitoad|42/100 tox|[from] psn
|upkeep
|turn|39
|inactive|scp3999 has 120 seconds left.
|
|switch|p2a: Snorlax|Snorlax, M|100/100 slp
|-damage|p2a: Snorlax|88/100 slp|[from] Stealth Rock
|move|p1a: Seismitoad|Protect||[still]
|-fail|p1a: Seismitoad
|
|-heal|p1a: Seismitoad|100/100|[from] item: Leftovers
|-heal|p2a: Snorlax|94/100 slp|[from] item: Leftovers
|upkeep
|turn|40
|
|switch|p1a: Clefable|Clefable, M|31/100
|cant|p2a: Snorlax|slp
|
|-heal|p1a: Clefable|37/100|[from] item: Leftovers
|-heal|p2a: Snorlax|99/100 slp|[from] item: Leftovers
|upkeep
|turn|41
|
|move|p1a: Clefable|Wish|p1a: Clefable
|-curestatus|p2a: Snorlax|slp|[msg]
|move|p2a: Snorlax|Curse|p2a: Snorlax
|-unboost|p2a: Snorlax|spe|1
|-boost|p2a: Snorlax|atk|1
|-boost|p2a: Snorlax|def|1
|
|-heal|p1a: Clefable|43/100|[from] item: Leftovers
|-heal|p2a: Snorlax|100/100|[from] item: Leftovers
|upkeep
|turn|42
|
|move|p1a: Clefable|Moonblast|p2a: Snorlax
|-damage|p2a: Snorlax|82/100
|-unboost|p2a: Snorlax|spa|1
|move|p2a: Snorlax|Body Slam|p1a: Clefable
|-damage|p1a: Clefable|0 fnt
|faint|p1a: Clefable
|
|-heal|p2a: Snorlax|88/100|[from] item: Leftovers
|upkeep
|
|switch|p1a: Tyranitar|Tyranitar, F|27/100
|-damage|p1a: Tyranitar|14/100|[from] Stealth Rock
|-weather|Sandstorm|[from] ability: Sand Stream|[of] p1a: Tyranitar
|turn|43
|
|switch|p2a: Seismitoad|Seismitoad, F|42/100 tox
|-damage|p2a: Seismitoad|36/100 tox|[from] Stealth Rock
|move|p1a: Tyranitar|Superpower|p2a: Seismitoad
|-damage|p2a: Seismitoad|0 fnt
|-unboost|p1a: Tyranitar|atk|1
|-unboost|p1a: Tyranitar|def|1
|faint|p2a: Seismitoad
|
|-weather|Sandstorm|[upkeep]
|upkeep
|
|switch|p2a: Dragapult|Dragapult, F|95/100
|-damage|p2a: Dragapult|82/100|[from] Stealth Rock
|turn|44
|
|move|p2a: Dragapult|Shadow Ball|p1a: Tyranitar
|-resisted|p1a: Tyranitar
|-damage|p1a: Tyranitar|0 fnt
|faint|p1a: Tyranitar
|
|-weather|Sandstorm|[upkeep]
|-damage|p2a: Dragapult|76/100|[from] Sandstorm
|upkeep
|
|switch|p1a: Dragapult|Dragapult, M|84/100
|-damage|p1a: Dragapult|71/100|[from] Stealth Rock
|turn|45
|
|move|p1a: Dragapult|Draco Meteor|p2a: Dragapult
|-supereffective|p2a: Dragapult
|-damage|p2a: Dragapult|0 fnt
|-unboost|p1a: Dragapult|spa|2
|faint|p2a: Dragapult
|
|-weather|Sandstorm|[upkeep]
|-damage|p1a: Dragapult|65/100|[from] Sandstorm
|upkeep
|
|switch|p2a: Snorlax|Snorlax, M|88/100
|-damage|p2a: Snorlax|76/100|[from] Stealth Rock
|turn|46
|inactive|scp3999 has 120 seconds left.
|
|switch|p1a: Seismitoad|Seismitoad, F|100/100
|-damage|p1a: Seismitoad|94/100|[from] Stealth Rock
|move|p2a: Snorlax|Curse|p2a: Snorlax
|-unboost|p2a: Snorlax|spe|1
|-boost|p2a: Snorlax|atk|1
|-boost|p2a: Snorlax|def|1
|
|-weather|Sandstorm|[upkeep]
|-damage|p2a: Snorlax|70/100|[from] Sandstorm
|-heal|p1a: Seismitoad|100/100|[from] item: Leftovers
|-heal|p2a: Snorlax|76/100|[from] item: Leftovers
|upkeep
|turn|47
|inactive|scp3999 has 120 seconds left.
|
|move|p1a: Seismitoad|Toxic|p2a: Snorlax
|-status|p2a: Snorlax|tox
|move|p2a: Snorlax|Curse|p2a: Snorlax
|-unboost|p2a: Snorlax|spe|1
|-boost|p2a: Snorlax|atk|1
|-boost|p2a: Snorlax|def|1
|
|-weather|none
|-heal|p2a: Snorlax|82/100 tox|[from] item: Leftovers
|-damage|p2a: Snorlax|76/100 tox|[from] psn
|upkeep
|turn|48
|inactive|scp3999 has 120 seconds left.
|
|move|p1a: Seismitoad|Scald|p2a: Snorlax
|-damage|p2a: Snorlax|62/100 tox
|move|p2a: Snorlax|Body Slam|p1a: Seismitoad
|-damage|p1a: Seismitoad|52/100
|
|-heal|p1a: Seismitoad|58/100|[from] item: Leftovers
|-heal|p2a: Snorlax|69/100 tox|[from] item: Leftovers
|-damage|p2a: Snorlax|56/100 tox|[from] psn
|upkeep
|turn|49
|inactive|scp3999 has 120 seconds left.
|
|move|p1a: Seismitoad|Scald|p2a: Snorlax
|-damage|p2a: Snorlax|43/100 tox
|move|p2a: Snorlax|Curse|p2a: Snorlax
|-unboost|p2a: Snorlax|spe|1
|-boost|p2a: Snorlax|atk|1
|-boost|p2a: Snorlax|def|1
|
|-heal|p1a: Seismitoad|64/100|[from] item: Leftovers
|-heal|p2a: Snorlax|49/100 tox|[from] item: Leftovers
|-damage|p2a: Snorlax|31/100 tox|[from] psn
|upkeep
|turn|50
|inactive|scp3999 has 120 seconds left.
|
|move|p1a: Seismitoad|Scald|p2a: Snorlax
|-crit|p2a: Snorlax
|-damage|p2a: Snorlax|11/100 tox
|move|p2a: Snorlax|Rest|p2a: Snorlax
|-status|p2a: Snorlax|slp|[from] move: Rest
|-heal|p2a: Snorlax|100/100 slp|[silent]
|
|-heal|p1a: Seismitoad|70/100|[from] item: Leftovers
|upkeep
|turn|51
|
|switch|p1a: Corviknight|Corviknight, M|36/100
|-damage|p1a: Corviknight|24/100|[from] Stealth Rock
|cant|p2a: Snorlax|slp
|
|-heal|p1a: Corviknight|30/100|[from] item: Leftovers
|upkeep
|turn|52
|
|move|p1a: Corviknight|Roost|p1a: Corviknight
|-heal|p1a: Corviknight|80/100
|-singleturn|p1a: Corviknight|move: Roost
|cant|p2a: Snorlax|slp
|
|-heal|p1a: Corviknight|86/100|[from] item: Leftovers
|upkeep
|turn|53
|inactive|scp3999 has 120 seconds left.
|
|move|p1a: Corviknight|Bulk Up|p1a: Corviknight
|-boost|p1a: Corviknight|atk|1
|-boost|p1a: Corviknight|def|1
|-curestatus|p2a: Snorlax|slp|[msg]
|move|p2a: Snorlax|Curse|p2a: Snorlax
|-unboost|p2a: Snorlax|spe|1
|-boost|p2a: Snorlax|atk|1
|-boost|p2a: Snorlax|def|1
|
|-heal|p1a: Corviknight|93/100|[from] item: Leftovers
|upkeep
|turn|54
|inactive|scp3999 has 120 seconds left.
|
|move|p1a: Corviknight|Bulk Up|p1a: Corviknight
|-boost|p1a: Corviknight|atk|1
|-boost|p1a: Corviknight|def|1
|move|p2a: Snorlax|Curse|p2a: Snorlax
|-unboost|p2a: Snorlax|spe|1
|-boost|p2a: Snorlax|atk|1
|-boost|p2a: Snorlax|def|1
|
|-heal|p1a: Corviknight|99/100|[from] item: Leftovers
|upkeep
|turn|55
|inactive|scp3999 has 120 seconds left.
|
|move|p1a: Corviknight|Bulk Up|p1a: Corviknight
|-boost|p1a: Corviknight|atk|1
|-boost|p1a: Corviknight|def|1
|move|p2a: Snorlax|Darkest Lariat|p1a: Corviknight
|-damage|p1a: Corviknight|48/100
|
|-heal|p1a: Corviknight|55/100|[from] item: Leftovers
|upkeep
|turn|56
|inactive|scp3999 has 120 seconds left.
|
|move|p1a: Corviknight|Bulk Up|p1a: Corviknight
|-boost|p1a: Corviknight|atk|1
|-boost|p1a: Corviknight|def|1
|move|p2a: Snorlax|Curse|p2a: Snorlax
|-unboost|p2a: Snorlax|spe|1
|-boost|p2a: Snorlax|atk|1
|-boost|p2a: Snorlax|def|1
|
|-heal|p1a: Corviknight|61/100|[from] item: Leftovers
|upkeep
|turn|57
|inactive|scp3999 has 120 seconds left.
|
|move|p1a: Corviknight|Bulk Up|p1a: Corviknight
|-boost|p1a: Corviknight|atk|1
|-boost|p1a: Corviknight|def|1
|move|p2a: Snorlax|Darkest Lariat|p1a: Corviknight
|-damage|p1a: Corviknight|5/100
|
|-heal|p1a: Corviknight|11/100|[from] item: Leftovers
|upkeep
|turn|58
|inactive|scp3999 has 120 seconds left.
|
|move|p1a: Corviknight|Roost|p1a: Corviknight
|-heal|p1a: Corviknight|61/100
|-singleturn|p1a: Corviknight|move: Roost
|move|p2a: Snorlax|Darkest Lariat|p1a: Corviknight
|-damage|p1a: Corviknight|0 fnt
|faint|p1a: Corviknight
|
|upkeep
|inactive|scp3999 has 120 seconds left.
|
|switch|p1a: Dragapult|Dragapult, M|65/100
|-damage|p1a: Dragapult|53/100|[from] Stealth Rock
|turn|59
|inactive|scp3999 has 120 seconds left.
|
|move|p1a: Dragapult|Draco Meteor|p2a: Snorlax
|-damage|p2a: Snorlax|68/100
|-unboost|p1a: Dragapult|spa|2
|move|p2a: Snorlax|Darkest Lariat|p1a: Dragapult
|-supereffective|p1a: Dragapult
|-damage|p1a: Dragapult|0 fnt
|faint|p1a: Dragapult
|
|-heal|p2a: Snorlax|74/100|[from] item: Leftovers
|upkeep
|inactive|scp3999 has 120 seconds left.
|-message|scp3999 forfeited.
|
|win|ReggieYang5
|l|☆scp3999
|raw|scp3999's rating: 1423 → 1402(-21 for losing)
|raw|ReggieYang5's rating: 1412 → 1432(+20 for winning)
