|ScrapeTime|2020-01-01-19:46:57
|j|☆DripCheeto
|j|☆klhan
|player|p1|DripCheeto|swimmer-gen4|1428
|player|p2|klhan|ruinmaniac|1350
|teamsize|p1|6
|teamsize|p2|6
|gametype|singles
|gen|8
|tier|[Gen 8] OU
|rated|
|rule|Sleep Clause Mod: Limit one foe put to sleep
|rule|Species Clause: Limit one of each Pokémon
|rule|OHKO Clause: OHKO moves are banned
|rule|Evasion Moves Clause: Evasion moves are banned
|rule|Endless Battle Clause: Forcing endless battles is banned
|rule|HP Percentage Mod: HP is shown in percentages
|clearpoke
|poke|p1|Toxtricity, M|
|poke|p1|Conkeldurr, M|
|poke|p1|Aegislash, M|
|poke|p1|Hatterene, F|
|poke|p1|Seismitoad, F|
|poke|p1|Mandibuzz, F|
|poke|p2|Toxapex, M|
|poke|p2|Toxtricity, M|
|poke|p2|Hydreigon, M|
|poke|p2|Corviknight, M|
|poke|p2|Clefable, F|
|poke|p2|Conkeldurr, F|
|rule|Dynamax Clause: You cannot dynamax
|teampreview
|inactive|Battle timer is ON: inactive players will automatically lose when time's up. (requested by klhan)
|
|start
|switch|p1a: Conkeldurr|Conkeldurr, M|100/100
|switch|p2a: Conkeldurr|Conkeldurr, F|100/100
|turn|1
|
|switch|p1a: Mandibuzz|Mandibuzz, F|100/100
|move|p2a: Conkeldurr|Drain Punch|p1a: Mandibuzz
|-damage|p1a: Mandibuzz|76/100
|
|-status|p2a: Conkeldurr|brn|[from] item: Flame Orb
|upkeep
|turn|2
|
|switch|p1a: Aegislash|Aegislash, M|100/100
|move|p2a: Conkeldurr|Close Combat|p1a: Aegislash
|-immune|p1a: Aegislash
|
|-damage|p2a: Conkeldurr|94/100 brn|[from] brn
|upkeep
|turn|3
|
|move|p2a: Conkeldurr|Earthquake|p1a: Aegislash
|-supereffective|p1a: Aegislash
|-damage|p1a: Aegislash|9/100
|move|p1a: Aegislash|Substitute|p1a: Aegislash
|-fail|p1a: Aegislash|move: Substitute|[weak]
|
|-heal|p1a: Aegislash|15/100|[from] item: Leftovers
|-damage|p2a: Conkeldurr|88/100 brn|[from] brn
|upkeep
|turn|4
|
|switch|p1a: Mandibuzz|Mandibuzz, F|76/100
|move|p2a: Conkeldurr|Earthquake|p1a: Mandibuzz
|-immune|p1a: Mandibuzz
|
|-damage|p2a: Conkeldurr|82/100 brn|[from] brn
|upkeep
|turn|5
|
|switch|p1a: Aegislash|Aegislash, M|15/100
|move|p2a: Conkeldurr|Drain Punch|p1a: Aegislash
|-immune|p1a: Aegislash
|
|-heal|p1a: Aegislash|21/100|[from] item: Leftovers
|-damage|p2a: Conkeldurr|75/100 brn|[from] brn
|upkeep
|turn|6
|
|switch|p1a: Mandibuzz|Mandibuzz, F|76/100
|move|p2a: Conkeldurr|Earthquake|p1a: Mandibuzz
|-immune|p1a: Mandibuzz
|
|-damage|p2a: Conkeldurr|69/100 brn|[from] brn
|upkeep
|turn|7
|
|switch|p1a: Aegislash|Aegislash, M|21/100
|move|p2a: Conkeldurr|Earthquake|p1a: Aegislash
|-supereffective|p1a: Aegislash
|-damage|p1a: Aegislash|0 fnt
|faint|p1a: Aegislash
|
|-damage|p2a: Conkeldurr|63/100 brn|[from] brn
|upkeep
|
|switch|p1a: Toxtricity|Toxtricity, M|100/100
|turn|8
|
|switch|p2a: Clefable|Clefable, F|100/100
|move|p1a: Toxtricity|Overdrive|p2a: Clefable
|-damage|p2a: Clefable|42/100
|
|-heal|p2a: Clefable|48/100|[from] item: Leftovers
|upkeep
|turn|9
|
|move|p2a: Clefable|Protect|p2a: Clefable
|-singleturn|p2a: Clefable|Protect
|move|p1a: Toxtricity|Overdrive|p2a: Clefable
|-activate|p2a: Clefable|move: Protect
|
|-heal|p2a: Clefable|54/100|[from] item: Leftovers
|upkeep
|turn|10
|
|switch|p2a: Hydreigon|Hydreigon, M|100/100
|move|p1a: Toxtricity|Overdrive|p2a: Hydreigon
|-resisted|p2a: Hydreigon
|-damage|p2a: Hydreigon|54/100
|
|upkeep
|turn|11
|
|switch|p1a: Mandibuzz|Mandibuzz, F|76/100
|move|p2a: Hydreigon|Draco Meteor|p1a: Mandibuzz
|-damage|p1a: Mandibuzz|16/100
|-unboost|p2a: Hydreigon|spa|2
|
|upkeep
|turn|12
|
|move|p2a: Hydreigon|Draco Meteor|p1a: Mandibuzz
|-damage|p1a: Mandibuzz|0 fnt
|-unboost|p2a: Hydreigon|spa|2
|faint|p1a: Mandibuzz
|
|upkeep
|
|switch|p1a: Hatterene|Hatterene, F|100/100
|turn|13
|
|switch|p2a: Corviknight|Corviknight, M|100/100
|-ability|p2a: Corviknight|Pressure
|move|p1a: Hatterene|Trick Room|p1a: Hatterene
|-fieldstart|move: Trick Room|[of] p1a: Hatterene
|
|upkeep
|turn|14
|
|move|p1a: Hatterene|Mystical Fire|p2a: Corviknight
|-supereffective|p2a: Corviknight
|-crit|p2a: Corviknight
|-damage|p2a: Corviknight|17/100
|-unboost|p2a: Corviknight|spa|1
|move|p2a: Corviknight|Iron Head|p1a: Hatterene
|-supereffective|p1a: Hatterene
|-damage|p1a: Hatterene|41/100
|
|-heal|p1a: Hatterene|47/100|[from] item: Leftovers
|-heal|p2a: Corviknight|24/100|[from] item: Leftovers
|upkeep
|turn|15
|
|switch|p2a: Toxapex|Toxapex, M|100/100
|move|p1a: Hatterene|Psychic|p2a: Toxapex
|-supereffective|p2a: Toxapex
|-damage|p2a: Toxapex|12/100
|-unboost|p2a: Toxapex|spd|1
|
|-heal|p1a: Hatterene|53/100|[from] item: Leftovers
|-heal|p2a: Toxapex|18/100|[from] item: Black Sludge
|upkeep
|turn|16
|
|switch|p2a: Hydreigon|Hydreigon, M|54/100
|move|p1a: Hatterene|Dazzling Gleam|p2a: Hydreigon
|-supereffective|p2a: Hydreigon
|-damage|p2a: Hydreigon|0 fnt
|faint|p2a: Hydreigon
|
|-heal|p1a: Hatterene|59/100|[from] item: Leftovers
|upkeep
|c|☆klhan|genius
|inactive|klhan has 120 seconds left.
|
|switch|p2a: Clefable|Clefable, F|54/100
|turn|17
|
|move|p2a: Clefable|Protect|p2a: Clefable
|-singleturn|p2a: Clefable|Protect
|move|p1a: Hatterene|Psychic|p2a: Clefable
|-activate|p2a: Clefable|move: Protect
|
|-heal|p1a: Hatterene|65/100|[from] item: Leftovers
|-heal|p2a: Clefable|60/100|[from] item: Leftovers
|-fieldend|move: Trick Room
|upkeep
|turn|18
|inactive|klhan has 120 seconds left.
|
|move|p2a: Clefable|Moonblast|p1a: Hatterene
|-damage|p1a: Hatterene|33/100
|-unboost|p1a: Hatterene|spa|1
|move|p1a: Hatterene|Trick Room|p1a: Hatterene
|-fieldstart|move: Trick Room|[of] p1a: Hatterene
|
|-heal|p1a: Hatterene|39/100|[from] item: Leftovers
|-heal|p2a: Clefable|66/100|[from] item: Leftovers
|upkeep
|turn|19
|
|switch|p1a: Toxtricity|Toxtricity, M|100/100
|move|p2a: Clefable|Wish|p2a: Clefable
|
|-heal|p2a: Clefable|72/100|[from] item: Leftovers
|upkeep
|turn|20
|
|move|p2a: Clefable|Protect|p2a: Clefable
|-singleturn|p2a: Clefable|Protect
|move|p1a: Toxtricity|Overdrive|p2a: Clefable
|-activate|p2a: Clefable|move: Protect
|
|-heal|p2a: Clefable|100/100|[from] move: Wish|[wisher] Clefable
|upkeep
|turn|21
|inactive|klhan has 120 seconds left.
|
|switch|p2a: Toxtricity|Toxtricity, M|100/100
|switch|p1a: Hatterene|Hatterene, F|39/100
|
|-heal|p1a: Hatterene|45/100|[from] item: Leftovers
|upkeep
|turn|22
|inactive|klhan has 120 seconds left.
|
|switch|p2a: Clefable|Clefable, F|100/100
|move|p1a: Hatterene|Psychic|p2a: Clefable
|-damage|p2a: Clefable|65/100
|
|-heal|p1a: Hatterene|51/100|[from] item: Leftovers
|-heal|p2a: Clefable|72/100|[from] item: Leftovers
|-fieldend|move: Trick Room
|upkeep
|turn|23
|
|move|p2a: Clefable|Moonblast|p1a: Hatterene
|-damage|p1a: Hatterene|20/100
|move|p1a: Hatterene|Trick Room|p1a: Hatterene
|-fieldstart|move: Trick Room|[of] p1a: Hatterene
|
|-heal|p1a: Hatterene|26/100|[from] item: Leftovers
|-heal|p2a: Clefable|78/100|[from] item: Leftovers
|upkeep
|turn|24
|
|move|p1a: Hatterene|Mystical Fire|p2a: Clefable
|-crit|p2a: Clefable
|-damage|p2a: Clefable|47/100
|-unboost|p2a: Clefable|spa|1
|move|p2a: Clefable|Moonblast|p1a: Hatterene
|-damage|p1a: Hatterene|4/100
|
|-heal|p1a: Hatterene|10/100|[from] item: Leftovers
|-heal|p2a: Clefable|53/100|[from] item: Leftovers
|upkeep
|turn|25
|
|move|p1a: Hatterene|Mystical Fire|p2a: Clefable
|-damage|p2a: Clefable|33/100
|-unboost|p2a: Clefable|spa|1
|move|p2a: Clefable|Wish|p2a: Clefable
|
|-heal|p1a: Hatterene|16/100|[from] item: Leftovers
|-heal|p2a: Clefable|39/100|[from] item: Leftovers
|upkeep
|turn|26
|
|move|p1a: Hatterene|Mystical Fire|p2a: Clefable
|-damage|p2a: Clefable|19/100
|-unboost|p2a: Clefable|spa|1
|move|p2a: Clefable|Moonblast|p1a: Hatterene
|-damage|p1a: Hatterene|3/100
|
|-heal|p2a: Clefable|69/100|[from] move: Wish|[wisher] Clefable
|-heal|p1a: Hatterene|9/100|[from] item: Leftovers
|-heal|p2a: Clefable|75/100|[from] item: Leftovers
|upkeep
|turn|27
|inactive|klhan has 120 seconds left.
|
|move|p1a: Hatterene|Mystical Fire|p2a: Clefable
|-damage|p2a: Clefable|57/100
|-unboost|p2a: Clefable|spa|1
|move|p2a: Clefable|Moonblast|p1a: Hatterene
|-damage|p1a: Hatterene|0 fnt
|faint|p1a: Hatterene
|
|-heal|p2a: Clefable|63/100|[from] item: Leftovers
|-fieldend|move: Trick Room
|upkeep
|
|switch|p1a: Conkeldurr|Conkeldurr, M|100/100
|turn|28
|inactive|klhan has 120 seconds left.
|
|switch|p2a: Conkeldurr|Conkeldurr, F|63/100 brn
|move|p1a: Conkeldurr|Poison Jab|p2a: Conkeldurr
|-damage|p2a: Conkeldurr|30/100 brn
|
|-damage|p2a: Conkeldurr|24/100 brn|[from] brn
|-status|p1a: Conkeldurr|brn|[from] item: Flame Orb
|upkeep
|turn|29
|inactive|klhan has 120 seconds left.
|
|move|p1a: Conkeldurr|Mach Punch|p2a: Conkeldurr
|-damage|p2a: Conkeldurr|0 fnt
|faint|p2a: Conkeldurr
|
|-damage|p1a: Conkeldurr|94/100 brn|[from] brn
|upkeep
|inactive|klhan has 120 seconds left.
|
|switch|p2a: Clefable|Clefable, F|63/100
|turn|30
|
|switch|p1a: Toxtricity|Toxtricity, M|100/100
|move|p2a: Clefable|Moonblast|p1a: Toxtricity
|-resisted|p1a: Toxtricity
|-damage|p1a: Toxtricity|79/100
|
|-heal|p2a: Clefable|69/100|[from] item: Leftovers
|upkeep
|turn|31
|
|move|p2a: Clefable|Protect|p2a: Clefable
|-singleturn|p2a: Clefable|Protect
|move|p1a: Toxtricity|Boomburst|p2a: Clefable
|-activate|p2a: Clefable|move: Protect
|
|-heal|p2a: Clefable|75/100|[from] item: Leftovers
|upkeep
|turn|32
|
|switch|p2a: Toxapex|Toxapex, M|51/100
|move|p1a: Toxtricity|Boomburst|p2a: Toxapex
|-damage|p2a: Toxapex|0 fnt
|faint|p2a: Toxapex
|
|upkeep
|inactive|klhan has 120 seconds left.
|
|switch|p2a: Clefable|Clefable, F|75/100
|turn|33
|inactive|klhan has 120 seconds left.
|
|move|p2a: Clefable|Protect|p2a: Clefable
|-singleturn|p2a: Clefable|Protect
|move|p1a: Toxtricity|Boomburst|p2a: Clefable
|-activate|p2a: Clefable|move: Protect
|
|-heal|p2a: Clefable|81/100|[from] item: Leftovers
|upkeep
|turn|34
|inactive|klhan has 120 seconds left.
|
|switch|p2a: Corviknight|Corviknight, M|24/100
|-ability|p2a: Corviknight|Pressure
|move|p1a: Toxtricity|Boomburst|p2a: Corviknight
|-resisted|p2a: Corviknight
|-damage|p2a: Corviknight|0 fnt
|faint|p2a: Corviknight
|
|upkeep
|inactive|klhan has 120 seconds left.
|
|switch|p2a: Toxtricity|Toxtricity, M|100/100
|turn|35
|
|switch|p1a: Seismitoad|Seismitoad, F|100/100
|move|p2a: Toxtricity|Boomburst|p1a: Seismitoad
|-damage|p1a: Seismitoad|7/100
|
|-heal|p1a: Seismitoad|13/100|[from] item: Leftovers
|upkeep
|turn|36
|
|move|p2a: Toxtricity|Boomburst|p1a: Seismitoad
|-damage|p1a: Seismitoad|0 fnt
|faint|p1a: Seismitoad
|
|upkeep
|
|switch|p1a: Conkeldurr|Conkeldurr, M|94/100 brn
|turn|37
|
|switch|p2a: Clefable|Clefable, F|81/100
|move|p1a: Conkeldurr|Poison Jab|p2a: Clefable
|-supereffective|p2a: Clefable
|-damage|p2a: Clefable|0 fnt
|faint|p2a: Clefable
|
|-damage|p1a: Conkeldurr|88/100 brn|[from] brn
|upkeep
|
|switch|p2a: Toxtricity|Toxtricity, M|100/100
|turn|38
|
|move|p2a: Toxtricity|Overdrive|p1a: Conkeldurr
|-crit|p1a: Conkeldurr
|-damage|p1a: Conkeldurr|0 fnt
|faint|p1a: Conkeldurr
|
|upkeep
|
|switch|p1a: Toxtricity|Toxtricity, M|79/100
|turn|39
|
|move|p2a: Toxtricity|Overdrive|p1a: Toxtricity
|-resisted|p1a: Toxtricity
|-damage|p1a: Toxtricity|54/100
|move|p1a: Toxtricity|Boomburst|p2a: Toxtricity
|-damage|p2a: Toxtricity|22/100
|
|upkeep
|turn|40
|
|move|p2a: Toxtricity|Overdrive|p1a: Toxtricity
|-resisted|p1a: Toxtricity
|-damage|p1a: Toxtricity|30/100
|move|p1a: Toxtricity|Boomburst|p2a: Toxtricity
|-damage|p2a: Toxtricity|0 fnt
|faint|p2a: Toxtricity
|
|win|DripCheeto
|l|☆klhan
|raw|DripCheeto's rating: 1412 → 1428(+16 for winning)
|raw|klhan's rating: 1330 → 1315(-15 for losing)
