|ScrapeTime|2020-01-02-10:45:19
|j|☆GeneralJaws
|j|☆kingslayers
|player|p1|GeneralJaws|wattson|1223
|player|p2|kingslayers|benga|1237
|teamsize|p1|6
|teamsize|p2|6
|gametype|singles
|gen|8
|tier|[Gen 8] OU
|rated|
|rule|Sleep Clause Mod: Limit one foe put to sleep
|rule|Species Clause: Limit one of each Pokémon
|rule|OHKO Clause: OHKO moves are banned
|rule|Evasion Moves Clause: Evasion moves are banned
|rule|Endless Battle Clause: Forcing endless battles is banned
|rule|HP Percentage Mod: HP is shown in percentages
|clearpoke
|poke|p1|Gastrodon, F|
|poke|p1|Corviknight, F|
|poke|p1|Corsola-Galar, M|
|poke|p1|Conkeldurr, M|
|poke|p1|Tyranitar, M|
|poke|p1|Rotom-Heat|
|poke|p2|Ferrothorn, F|
|poke|p2|Tyranitar, M|
|poke|p2|Corviknight, M|
|poke|p2|Toxapex, M|
|poke|p2|Hawlucha, M|
|poke|p2|Excadrill, F|
|rule|Dynamax Clause: You cannot dynamax
|teampreview
|
|start
|switch|p1a: Conkeldurr|Conkeldurr, M|100/100
|switch|p2a: picpartout|Ferrothorn, F|100/100
|turn|1
|
|move|p1a: Conkeldurr|Drain Punch|p2a: picpartout
|-supereffective|p2a: picpartout
|-damage|p2a: picpartout|25/100
|-damage|p1a: Conkeldurr|88/100|[from] ability: Iron Barbs|[of] p2a: picpartout
|move|p2a: picpartout|Leech Seed|p1a: Conkeldurr
|-start|p1a: Conkeldurr|move: Leech Seed
|
|-heal|p2a: picpartout|32/100|[from] item: Leftovers
|-damage|p1a: Conkeldurr|76/100|[from] Leech Seed|[of] p2a: picpartout
|-heal|p2a: picpartout|46/100|[silent]
|upkeep
|turn|2
|
|switch|p1a: Rotom|Rotom-Heat, shiny|100/100
|move|p2a: picpartout|Protect||[still]
|-fail|p2a: picpartout
|
|-heal|p2a: picpartout|52/100|[from] item: Leftovers
|upkeep
|turn|3
|
|switch|p2a: cancer|Toxapex, M|100/100
|move|p1a: Rotom|Substitute|p1a: Rotom
|-start|p1a: Rotom|Substitute
|-damage|p1a: Rotom|76/100
|
|-heal|p1a: Rotom|82/100|[from] item: Leftovers
|upkeep
|turn|4
|
|move|p2a: cancer|Baneful Bunker|p2a: cancer
|-singleturn|p2a: cancer|move: Protect
|move|p1a: Rotom|Thunderbolt|p2a: cancer
|-activate|p2a: cancer|move: Protect
|
|-heal|p1a: Rotom|88/100|[from] item: Leftovers
|upkeep
|turn|5
|
|switch|p2a: taupipo|Excadrill, F|100/100
|move|p1a: Rotom|Thunderbolt|p2a: taupipo
|-immune|p2a: taupipo
|
|-heal|p1a: Rotom|94/100|[from] item: Leftovers
|upkeep
|turn|6
|inactive|Battle timer is ON: inactive players will automatically lose when time's up. (requested by GeneralJaws)
|
|switch|p2a: cancer|Toxapex, M|100/100
|move|p1a: Rotom|Overheat|p2a: cancer
|-resisted|p2a: cancer
|-damage|p2a: cancer|82/100
|-unboost|p1a: Rotom|spa|2
|
|-heal|p1a: Rotom|99/100|[from] item: Leftovers
|-heal|p2a: cancer|88/100|[from] item: Black Sludge
|upkeep
|turn|7
|
|move|p1a: Rotom|Nasty Plot|p1a: Rotom
|-boost|p1a: Rotom|spa|2
|move|p2a: cancer|Scald|p1a: Rotom
|-supereffective|p1a: Rotom
|-end|p1a: Rotom|Substitute
|
|-heal|p1a: Rotom|100/100|[from] item: Leftovers
|-heal|p2a: cancer|94/100|[from] item: Black Sludge
|upkeep
|turn|8
|
|switch|p1a: Gastrodon|Gastrodon, F|100/100
|move|p2a: cancer|Scald|p1a: Gastrodon
|-ability|p1a: Gastrodon|Storm Drain|boost
|-boost|p1a: Gastrodon|spa|1
|
|-heal|p2a: cancer|100/100|[from] item: Black Sludge
|upkeep
|turn|9
|
|switch|p1a: Corviknight|Corviknight, F|100/100
|-ability|p1a: Corviknight|Pressure
|switch|p2a: picpartout|Ferrothorn, F|52/100
|
|-heal|p2a: picpartout|59/100|[from] item: Leftovers
|upkeep
|turn|10
|
|move|p1a: Corviknight|Substitute|p1a: Corviknight
|-start|p1a: Corviknight|Substitute
|-damage|p1a: Corviknight|75/100
|move|p2a: picpartout|Leech Seed||[still]
|-fail|p2a: picpartout
|
|-heal|p1a: Corviknight|82/100|[from] item: Leftovers
|-heal|p2a: picpartout|65/100|[from] item: Leftovers
|upkeep
|turn|11
|
|move|p1a: Corviknight|Bulk Up|p1a: Corviknight
|-boost|p1a: Corviknight|atk|1
|-boost|p1a: Corviknight|def|1
|move|p2a: picpartout|Knock Off|p1a: Corviknight
|-activate|p1a: Corviknight|move: Substitute|[damage]
|
|-heal|p1a: Corviknight|88/100|[from] item: Leftovers
|-heal|p2a: picpartout|71/100|[from] item: Leftovers
|upkeep
|turn|12
|
|move|p1a: Corviknight|Bulk Up|p1a: Corviknight
|-boost|p1a: Corviknight|atk|1
|-boost|p1a: Corviknight|def|1
|move|p2a: picpartout|Knock Off|p1a: Corviknight
|-activate|p1a: Corviknight|move: Substitute|[damage]
|
|-heal|p1a: Corviknight|94/100|[from] item: Leftovers
|-heal|p2a: picpartout|77/100|[from] item: Leftovers
|upkeep
|turn|13
|
|move|p1a: Corviknight|Bulk Up|p1a: Corviknight
|-boost|p1a: Corviknight|atk|1
|-boost|p1a: Corviknight|def|1
|move|p2a: picpartout|Knock Off|p1a: Corviknight
|-end|p1a: Corviknight|Substitute
|
|-heal|p1a: Corviknight|100/100|[from] item: Leftovers
|-heal|p2a: picpartout|84/100|[from] item: Leftovers
|upkeep
|turn|14
|
|switch|p2a: cancer|Toxapex, M|100/100
|move|p1a: Corviknight|Substitute|p1a: Corviknight
|-start|p1a: Corviknight|Substitute
|-damage|p1a: Corviknight|75/100
|
|-heal|p1a: Corviknight|82/100|[from] item: Leftovers
|upkeep
|turn|15
|
|move|p1a: Corviknight|Brave Bird|p2a: cancer
|-damage|p2a: cancer|48/100
|-damage|p1a: Corviknight|69/100|[from] Recoil
|move|p2a: cancer|Haze|p2a: cancer
|-clearallboost
|
|-heal|p1a: Corviknight|75/100|[from] item: Leftovers
|-heal|p2a: cancer|54/100|[from] item: Black Sludge
|upkeep
|turn|16
|
|move|p1a: Corviknight|Brave Bird|p2a: cancer
|-damage|p2a: cancer|32/100
|-damage|p1a: Corviknight|69/100|[from] Recoil
|move|p2a: cancer|Scald|p1a: Corviknight
|-activate|p1a: Corviknight|move: Substitute|[damage]
|
|-heal|p1a: Corviknight|76/100|[from] item: Leftovers
|-heal|p2a: cancer|39/100|[from] item: Black Sludge
|upkeep
|turn|17
|
|move|p1a: Corviknight|Bulk Up|p1a: Corviknight
|-boost|p1a: Corviknight|atk|1
|-boost|p1a: Corviknight|def|1
|move|p2a: cancer|Recover|p2a: cancer
|-heal|p2a: cancer|89/100
|
|-heal|p1a: Corviknight|82/100|[from] item: Leftovers
|-heal|p2a: cancer|95/100|[from] item: Black Sludge
|upkeep
|turn|18
|
|move|p1a: Corviknight|Brave Bird|p2a: cancer
|-damage|p2a: cancer|64/100
|-damage|p1a: Corviknight|74/100|[from] Recoil
|move|p2a: cancer|Scald|p1a: Corviknight
|-end|p1a: Corviknight|Substitute
|
|-heal|p1a: Corviknight|80/100|[from] item: Leftovers
|-heal|p2a: cancer|71/100|[from] item: Black Sludge
|upkeep
|turn|19
|
|move|p1a: Corviknight|Substitute|p1a: Corviknight
|-start|p1a: Corviknight|Substitute
|-damage|p1a: Corviknight|56/100
|move|p2a: cancer|Haze|p2a: cancer
|-clearallboost
|
|-heal|p1a: Corviknight|62/100|[from] item: Leftovers
|-heal|p2a: cancer|77/100|[from] item: Black Sludge
|upkeep
|turn|20
|
|move|p1a: Corviknight|Brave Bird|p2a: cancer
|-damage|p2a: cancer|56/100
|-damage|p1a: Corviknight|57/100|[from] Recoil
|move|p2a: cancer|Scald|p1a: Corviknight
|-activate|p1a: Corviknight|move: Substitute|[damage]
|
|-heal|p1a: Corviknight|63/100|[from] item: Leftovers
|-heal|p2a: cancer|62/100|[from] item: Black Sludge
|upkeep
|turn|21
|
|move|p1a: Corviknight|Roost|p1a: Corviknight
|-heal|p1a: Corviknight|100/100
|-singleturn|p1a: Corviknight|move: Roost
|move|p2a: cancer|Scald|p1a: Corviknight
|-end|p1a: Corviknight|Substitute
|
|-heal|p2a: cancer|69/100|[from] item: Black Sludge
|upkeep
|turn|22
|
|switch|p1a: Gastrodon|Gastrodon, F|100/100
|move|p2a: cancer|Recover|p2a: cancer
|-heal|p2a: cancer|100/100
|
|upkeep
|turn|23
|
|move|p2a: cancer|Baneful Bunker|p2a: cancer
|-singleturn|p2a: cancer|move: Protect
|move|p1a: Gastrodon|Scald|p2a: cancer
|-activate|p2a: cancer|move: Protect
|
|upkeep
|turn|24
|
|switch|p2a: picpartout|Ferrothorn, F|84/100
|move|p1a: Gastrodon|Scald|p2a: picpartout
|-resisted|p2a: picpartout
|-damage|p2a: picpartout|73/100
|
|-heal|p2a: picpartout|79/100|[from] item: Leftovers
|upkeep
|turn|25
|
|switch|p1a: Rotom|Rotom-Heat, shiny|100/100
|move|p2a: picpartout|Knock Off|p1a: Rotom
|-damage|p1a: Rotom|76/100
|-enditem|p1a: Rotom|Leftovers|[from] move: Knock Off|[of] p2a: picpartout
|
|-heal|p2a: picpartout|85/100|[from] item: Leftovers
|upkeep
|turn|26
|
|move|p2a: picpartout|Protect|p2a: picpartout
|-singleturn|p2a: picpartout|Protect
|move|p1a: Rotom|Thunderbolt|p2a: picpartout
|-activate|p2a: picpartout|move: Protect
|
|-heal|p2a: picpartout|91/100|[from] item: Leftovers
|upkeep
|turn|27
|
|move|p1a: Rotom|Overheat|p2a: picpartout
|-supereffective|p2a: picpartout
|-damage|p2a: picpartout|0 fnt
|-unboost|p1a: Rotom|spa|2
|faint|p2a: picpartout
|
|upkeep
|
|switch|p2a: thiranosus|Tyranitar, M|100/100
|-weather|Sandstorm|[from] ability: Sand Stream|[of] p2a: thiranosus
|turn|28
|
|switch|p1a: Conkeldurr|Conkeldurr, M|76/100
|move|p2a: thiranosus|Dragon Dance|p2a: thiranosus
|-boost|p2a: thiranosus|atk|1
|-boost|p2a: thiranosus|spe|1
|
|-weather|Sandstorm|[upkeep]
|-damage|p1a: Conkeldurr|70/100|[from] Sandstorm
|upkeep
|turn|29
|
|move|p1a: Conkeldurr|Mach Punch|p2a: thiranosus
|-supereffective|p2a: thiranosus
|-damage|p2a: thiranosus|0 fnt
|faint|p2a: thiranosus
|
|-weather|Sandstorm|[upkeep]
|-damage|p1a: Conkeldurr|64/100|[from] Sandstorm
|upkeep
|
|switch|p2a: catcher|Hawlucha, M|100/100
|turn|30
|
|switch|p1a: Corsola|Corsola-Galar, M|100/100
|move|p2a: catcher|Swords Dance|p2a: catcher
|-boost|p2a: catcher|atk|2
|
|-weather|Sandstorm|[upkeep]
|-damage|p2a: catcher|94/100|[from] Sandstorm
|-damage|p1a: Corsola|94/100|[from] Sandstorm
|upkeep
|turn|31
|
|move|p2a: catcher|Brave Bird|p1a: Corsola
|-damage|p1a: Corsola|42/100
|-damage|p2a: catcher|76/100|[from] Recoil
|move|p1a: Corsola|Will-O-Wisp|p2a: catcher
|-status|p2a: catcher|brn
|
|-weather|Sandstorm|[upkeep]
|-damage|p2a: catcher|70/100 brn|[from] Sandstorm
|-damage|p1a: Corsola|36/100|[from] Sandstorm
|-damage|p2a: catcher|64/100 brn|[from] brn
|upkeep
|turn|32
|
|move|p2a: catcher|Swords Dance|p2a: catcher
|-boost|p2a: catcher|atk|2
|move|p1a: Corsola|Strength Sap|p2a: catcher
|-unboost|p2a: catcher|atk|1
|-heal|p1a: Corsola|100/100
|
|-weather|none
|-damage|p2a: catcher|58/100 brn|[from] brn
|upkeep
|turn|33
|
|move|p2a: catcher|Swords Dance|p2a: catcher
|-boost|p2a: catcher|atk|2
|move|p1a: Corsola|Stealth Rock|p2a: catcher
|-sidestart|p2: kingslayers|move: Stealth Rock
|
|-damage|p2a: catcher|52/100 brn|[from] brn
|upkeep
|turn|34
|
|move|p2a: catcher|Swords Dance|p2a: catcher
|-boost|p2a: catcher|atk|1
|move|p1a: Corsola|Night Shade|p2a: catcher
|-damage|p2a: catcher|18/100 brn
|-enditem|p2a: catcher|Sitrus Berry|[eat]
|-heal|p2a: catcher|43/100 brn|[from] item: Sitrus Berry
|
|-damage|p2a: catcher|37/100 brn|[from] brn
|upkeep
|turn|35
|
|move|p2a: catcher|Roost|p2a: catcher
|-heal|p2a: catcher|87/100 brn
|-singleturn|p2a: catcher|move: Roost
|move|p1a: Corsola|Strength Sap|p2a: catcher
|-unboost|p2a: catcher|atk|1
|
|-damage|p2a: catcher|81/100 brn|[from] brn
|upkeep
|turn|36
|
|move|p2a: catcher|Brave Bird|p1a: Corsola
|-damage|p1a: Corsola|55/100
|-start|p2a: catcher|Disable|Brave Bird|[from] ability: Cursed Body|[of] p1a: Corsola
|-damage|p2a: catcher|64/100 brn|[from] Recoil
|move|p1a: Corsola|Strength Sap|p2a: catcher
|-unboost|p2a: catcher|atk|1
|-heal|p1a: Corsola|100/100
|
|-damage|p2a: catcher|58/100 brn|[from] brn
|upkeep
|turn|37
|
|switch|p2a: cancer|Toxapex, M|100/100
|-damage|p2a: cancer|88/100|[from] Stealth Rock
|move|p1a: Corsola|Night Shade|p2a: cancer
|-damage|p2a: cancer|55/100
|
|-heal|p2a: cancer|61/100|[from] item: Black Sludge
|upkeep
|turn|38
|
|switch|p1a: Gastrodon|Gastrodon, F|100/100
|move|p2a: cancer|Baneful Bunker||[still]
|-fail|p2a: cancer
|
|-heal|p2a: cancer|68/100|[from] item: Black Sludge
|upkeep
|turn|39
|
|move|p1a: Gastrodon|Earthquake|p2a: cancer
|-supereffective|p2a: cancer
|-damage|p2a: cancer|33/100
|move|p2a: cancer|Recover|p2a: cancer
|-heal|p2a: cancer|83/100
|
|-heal|p2a: cancer|90/100|[from] item: Black Sludge
|upkeep
|turn|40
|
|switch|p2a: catcher|Hawlucha, M|58/100 brn
|-damage|p2a: catcher|46/100 brn|[from] Stealth Rock
|move|p1a: Gastrodon|Scald|p2a: catcher
|-damage|p2a: catcher|6/100 brn
|
|-damage|p2a: catcher|0 fnt|[from] brn
|faint|p2a: catcher
|upkeep
|
|switch|p2a: senseya|Corviknight, M|100/100
|-damage|p2a: senseya|88/100|[from] Stealth Rock
|turn|41
|
|move|p2a: senseya|Defog|p1a: Gastrodon
|-unboost|p1a: Gastrodon|evasion|1
|-sideend|p2: kingslayers|Stealth Rock|[from] move: Defog|[of] p2a: senseya
|move|p1a: Gastrodon|Scald|p2a: senseya
|-damage|p2a: senseya|62/100
|-status|p2a: senseya|brn
|
|-heal|p2a: senseya|68/100 brn|[from] item: Leftovers
|-damage|p2a: senseya|62/100 brn|[from] brn
|upkeep
|turn|42
|
|switch|p1a: Rotom|Rotom-Heat, shiny|76/100
|move|p2a: senseya|Iron Defense|p2a: senseya
|-boost|p2a: senseya|def|2
|
|-heal|p2a: senseya|68/100 brn|[from] item: Leftovers
|-damage|p2a: senseya|62/100 brn|[from] brn
|upkeep
|turn|43
|
|move|p1a: Rotom|Substitute|p1a: Rotom
|-start|p1a: Rotom|Substitute
|-damage|p1a: Rotom|51/100
|move|p2a: senseya|Body Press|p1a: Rotom
|-end|p1a: Rotom|Substitute
|
|-heal|p2a: senseya|68/100 brn|[from] item: Leftovers
|-damage|p2a: senseya|62/100 brn|[from] brn
|upkeep
|turn|44
|
|move|p1a: Rotom|Thunderbolt|p2a: senseya
|-supereffective|p2a: senseya
|-damage|p2a: senseya|2/100 brn
|move|p2a: senseya|Body Press|p1a: Rotom
|-damage|p1a: Rotom|24/100
|
|-heal|p2a: senseya|8/100 brn|[from] item: Leftovers
|-damage|p2a: senseya|2/100 brn|[from] brn
|upkeep
|turn|45
|
|move|p1a: Rotom|Thunderbolt|p2a: senseya
|-supereffective|p2a: senseya
|-damage|p2a: senseya|0 fnt
|faint|p2a: senseya
|
|upkeep
|
|switch|p2a: taupipo|Excadrill, F|100/100
|turn|46
|
|switch|p1a: Corviknight|Corviknight, F|100/100
|-ability|p1a: Corviknight|Pressure
|move|p2a: taupipo|Rapid Spin|p1a: Corviknight
|-resisted|p1a: Corviknight
|-damage|p1a: Corviknight|93/100
|-boost|p2a: taupipo|spe|1
|
|-heal|p1a: Corviknight|99/100|[from] item: Leftovers
|upkeep
|turn|47
|c|☆GeneralJaws|si tu te fais 6/0
|
|switch|p2a: cancer|Toxapex, M|100/100
|move|p1a: Corviknight|Bulk Up|p1a: Corviknight
|-boost|p1a: Corviknight|atk|1
|-boost|p1a: Corviknight|def|1
|
|-heal|p1a: Corviknight|100/100|[from] item: Leftovers
|upkeep
|turn|48
|c|☆kingslayers|c sa le but
|
|move|p1a: Corviknight|Bulk Up|p1a: Corviknight
|-boost|p1a: Corviknight|atk|1
|-boost|p1a: Corviknight|def|1
|move|p2a: cancer|Scald|p1a: Corviknight
|-damage|p1a: Corviknight|87/100
|
|-heal|p1a: Corviknight|93/100|[from] item: Leftovers
|upkeep
|turn|49
|
|move|p1a: Corviknight|Brave Bird|p2a: cancer
|-damage|p2a: cancer|59/100
|-damage|p1a: Corviknight|83/100|[from] Recoil
|move|p2a: cancer|Haze|p2a: cancer
|-clearallboost
|
|-heal|p1a: Corviknight|89/100|[from] item: Leftovers
|-heal|p2a: cancer|65/100|[from] item: Black Sludge
|upkeep
|turn|50
|inactive|GeneralJaws has 120 seconds left.
|
|move|p1a: Corviknight|Brave Bird|p2a: cancer
|-damage|p2a: cancer|43/100
|-damage|p1a: Corviknight|83/100|[from] Recoil
|move|p2a: cancer|Recover|p2a: cancer
|-heal|p2a: cancer|93/100
|
|-heal|p1a: Corviknight|90/100|[from] item: Leftovers
|-heal|p2a: cancer|99/100|[from] item: Black Sludge
|upkeep
|turn|51
|
|move|p1a: Corviknight|Brave Bird|p2a: cancer
|-damage|p2a: cancer|77/100
|-damage|p1a: Corviknight|84/100|[from] Recoil
|move|p2a: cancer|Scald|p1a: Corviknight
|-damage|p1a: Corviknight|71/100
|-status|p1a: Corviknight|brn
|
|-heal|p1a: Corviknight|77/100 brn|[from] item: Leftovers
|-heal|p2a: cancer|83/100|[from] item: Black Sludge
|-damage|p1a: Corviknight|71/100 brn|[from] brn
|upkeep
|turn|52
|c|☆GeneralJaws|tu as de l amour propre
|
|switch|p1a: Gastrodon|Gastrodon, F|100/100
|move|p2a: cancer|Baneful Bunker||[still]
|-fail|p2a: cancer
|
|-heal|p2a: cancer|89/100|[from] item: Black Sludge
|upkeep
|turn|53
|
|move|p1a: Gastrodon|Scald|p2a: cancer
|-resisted|p2a: cancer
|-damage|p2a: cancer|78/100
|-status|p2a: cancer|brn
|move|p2a: cancer|Recover|p2a: cancer
|-heal|p2a: cancer|100/100 brn
|
|-damage|p2a: cancer|94/100 brn|[from] brn
|upkeep
|turn|54
|c|☆kingslayers|le but c le rage quit
|
|move|p2a: cancer|Baneful Bunker|p2a: cancer
|-singleturn|p2a: cancer|move: Protect
|move|p1a: Gastrodon|Earthquake|p2a: cancer
|-activate|p2a: cancer|move: Protect
|
|-heal|p2a: cancer|100/100 brn|[from] item: Black Sludge
|-damage|p2a: cancer|94/100 brn|[from] brn
|upkeep
|turn|55
|
|move|p1a: Gastrodon|Earthquake|p2a: cancer
|-supereffective|p2a: cancer
|-damage|p2a: cancer|61/100 brn
|move|p2a: cancer|Recover|p2a: cancer
|-heal|p2a: cancer|100/100 brn
|
|-damage|p2a: cancer|94/100 brn|[from] brn
|upkeep
|turn|56
|inactive|GeneralJaws has 120 seconds left.
|inactive|kingslayers has 120 seconds left.
|c|☆GeneralJaws|le probleme c'est que c'est toi qui perds pour le moment
|inactiveoff|Battle timer is now OFF.
|c|☆kingslayers|comme je l ai appele il ai cancer
|c|☆kingslayers|moi je m en fous un peut de l ou
|
|move|p2a: cancer|Baneful Bunker|p2a: cancer
|-singleturn|p2a: cancer|move: Protect
|move|p1a: Gastrodon|Earthquake|p2a: cancer
|-activate|p2a: cancer|move: Protect
|
|-heal|p2a: cancer|100/100 brn|[from] item: Black Sludge
|-damage|p2a: cancer|94/100 brn|[from] brn
|upkeep
|turn|57
|c|☆GeneralJaws|si tu veux on va faire du pp stall
|c|☆kingslayers|no
|
|move|p1a: Gastrodon|Earthquake|p2a: cancer
|-supereffective|p2a: cancer
|-damage|p2a: cancer|61/100 brn
|move|p2a: cancer|Haze|p2a: cancer
|-clearallboost
|
|-heal|p2a: cancer|67/100 brn|[from] item: Black Sludge
|-damage|p2a: cancer|61/100 brn|[from] brn
|upkeep
|turn|58
|
|move|p1a: Gastrodon|Earthquake|p2a: cancer
|-supereffective|p2a: cancer
|-damage|p2a: cancer|23/100 brn
|move|p2a: cancer|Recover|p2a: cancer
|-heal|p2a: cancer|73/100 brn
|
|-heal|p2a: cancer|79/100 brn|[from] item: Black Sludge
|-damage|p2a: cancer|73/100 brn|[from] brn
|upkeep
|turn|59
|
|move|p2a: cancer|Baneful Bunker|p2a: cancer
|-singleturn|p2a: cancer|move: Protect
|move|p1a: Gastrodon|Earthquake|p2a: cancer
|-activate|p2a: cancer|move: Protect
|
|-heal|p2a: cancer|79/100 brn|[from] item: Black Sludge
|-damage|p2a: cancer|73/100 brn|[from] brn
|upkeep
|turn|60
|c|☆GeneralJaws|visiblement tu aimes souffrir le plus longtemps possible
|
|move|p1a: Gastrodon|Earthquake|p2a: cancer
|-supereffective|p2a: cancer
|-damage|p2a: cancer|37/100 brn
|move|p2a: cancer|Recover|p2a: cancer
|-heal|p2a: cancer|87/100 brn
|
|-heal|p2a: cancer|93/100 brn|[from] item: Black Sludge
|-damage|p2a: cancer|87/100 brn|[from] brn
|upkeep
|turn|61
|c|☆kingslayers|tour 60 t as toujour pas tue ce poke
|c|☆GeneralJaws|en meme temps tu spam soin le genie et de toute facon je suis sur de gagner
|inactive|Battle timer is ON: inactive players will automatically lose when time's up. (requested by GeneralJaws)
|inactive|kingslayers has 90 seconds left.
|c|☆kingslayers|yu as motisma je ne le one shote pas avec scald
|
|switch|p1a: Conkeldurr|Conkeldurr, M|64/100
|move|p2a: cancer|Baneful Bunker||[still]
|-fail|p2a: cancer
|
|-heal|p2a: cancer|93/100 brn|[from] item: Black Sludge
|-damage|p2a: cancer|87/100 brn|[from] brn
|upkeep
|turn|62
|inactive|kingslayers has 90 seconds left.
|
|move|p1a: Conkeldurr|Earthquake|p2a: cancer
|-supereffective|p2a: cancer
|-damage|p2a: cancer|12/100 brn
|move|p2a: cancer|Recover|p2a: cancer
|-heal|p2a: cancer|62/100 brn
|
|-heal|p2a: cancer|68/100 brn|[from] item: Black Sludge
|-damage|p2a: cancer|62/100 brn|[from] brn
|upkeep
|turn|63
|c|☆GeneralJaws|bon tu riques de te faire humilier
|
|move|p2a: cancer|Baneful Bunker|p2a: cancer
|-singleturn|p2a: cancer|move: Protect
|move|p1a: Conkeldurr|Earthquake|p2a: cancer
|-activate|p2a: cancer|move: Protect
|
|-heal|p2a: cancer|68/100 brn|[from] item: Black Sludge
|-damage|p2a: cancer|62/100 brn|[from] brn
|upkeep
|turn|64
|inactive|kingslayers has 90 seconds left.
|c|☆kingslayers|comme je te l ai dit je m en fou de l ou
|
|move|p1a: Conkeldurr|Earthquake|p2a: cancer
|-supereffective|p2a: cancer
|-damage|p2a: cancer|0 fnt
|faint|p2a: cancer
|
|upkeep
|
|switch|p2a: taupipo|Excadrill, F|100/100
|turn|65
|c|☆GeneralJaws|alors pourquoi tu stall comme un porc ?
|inactiveoff|Battle timer is now OFF.
|
|switch|p1a: Corviknight|Corviknight, F|71/100 brn
|-ability|p1a: Corviknight|Pressure
|move|p2a: taupipo|Earthquake|p1a: Corviknight
|-immune|p1a: Corviknight
|
|-heal|p1a: Corviknight|77/100 brn|[from] item: Leftovers
|-damage|p1a: Corviknight|71/100 brn|[from] brn
|upkeep
|turn|66
|c|☆kingslayers|parce que j aime faire rager les gens
|
|move|p2a: taupipo|Iron Head|p1a: Corviknight
|-resisted|p1a: Corviknight
|-damage|p1a: Corviknight|54/100 brn
|move|p1a: Corviknight|Bulk Up|p1a: Corviknight
|-boost|p1a: Corviknight|atk|1
|-boost|p1a: Corviknight|def|1
|
|-heal|p1a: Corviknight|60/100 brn|[from] item: Leftovers
|-damage|p1a: Corviknight|54/100 brn|[from] brn
|upkeep
|turn|67
|c|☆GeneralJaws|tu dois avoir une vie tres triste
|
|move|p2a: taupipo|Swords Dance|p2a: taupipo
|-boost|p2a: taupipo|atk|2
|move|p1a: Corviknight|Roost|p1a: Corviknight
|-heal|p1a: Corviknight|100/100 brn
|-singleturn|p1a: Corviknight|move: Roost
|
|-damage|p1a: Corviknight|94/100 brn|[from] brn
|upkeep
|turn|68
|c|☆kingslayers|non
|
|move|p2a: taupipo|Swords Dance|p2a: taupipo
|-boost|p2a: taupipo|atk|2
|move|p1a: Corviknight|Bulk Up|p1a: Corviknight
|-boost|p1a: Corviknight|atk|1
|-boost|p1a: Corviknight|def|1
|
|-heal|p1a: Corviknight|100/100 brn|[from] item: Leftovers
|-damage|p1a: Corviknight|94/100 brn|[from] brn
|upkeep
|turn|69
|c|☆kingslayers|c les gens que je rend triste
|
|move|p2a: taupipo|Iron Head|p1a: Corviknight
|-resisted|p1a: Corviknight
|-crit|p1a: Corviknight
|-damage|p1a: Corviknight|17/100 brn
|move|p1a: Corviknight|Brave Bird|p2a: taupipo
|-resisted|p2a: taupipo
|-damage|p2a: taupipo|76/100
|-damage|p1a: Corviknight|9/100 brn|[from] Recoil
|
|-heal|p1a: Corviknight|15/100 brn|[from] item: Leftovers
|-damage|p1a: Corviknight|9/100 brn|[from] brn
|upkeep
|turn|70
|c|☆kingslayers|cheh
|
|move|p2a: taupipo|Iron Head|p1a: Corviknight
|-resisted|p1a: Corviknight
|-damage|p1a: Corviknight|0 fnt
|faint|p1a: Corviknight
|
|upkeep
|c|☆GeneralJaws|ben visiblement non vu que je suis en train de te demolir
|
|switch|p1a: Conkeldurr|Conkeldurr, M|64/100
|turn|71
|
|move|p1a: Conkeldurr|Mach Punch|p2a: taupipo
|-supereffective|p2a: taupipo
|-damage|p2a: taupipo|0 fnt
|faint|p2a: taupipo
|
|win|GeneralJaws
|raw|GeneralJaws's rating: 1223 → 1249(+26 for winning)
|raw|kingslayers's rating: 1237 → 1211(-26 for losing)
|c|☆GeneralJaws|retourne a l'ecole
|l|☆kingslayers
