|ScrapeTime|2020-01-02-10:05:36
|j|☆stupid nooby
|j|☆PKMaster1234
|player|p1|stupid nooby|palmer|1153
|player|p2|PKMaster1234|102|1217
|teamsize|p1|6
|teamsize|p2|6
|gametype|singles
|gen|8
|tier|[Gen 8] OU
|rated|
|rule|Sleep Clause Mod: Limit one foe put to sleep
|rule|Species Clause: Limit one of each Pokémon
|rule|OHKO Clause: OHKO moves are banned
|rule|Evasion Moves Clause: Evasion moves are banned
|rule|Endless Battle Clause: Forcing endless battles is banned
|rule|HP Percentage Mod: HP is shown in percentages
|clearpoke
|poke|p1|Cloyster, F|
|poke|p1|Kommo-o, M|
|poke|p1|Grimmsnarl, M|
|poke|p1|Polteageist|
|poke|p1|Reuniclus, F|
|poke|p1|Clefable, F|
|poke|p2|Cinderace, F|
|poke|p2|Grimmsnarl, M|
|poke|p2|Togekiss, M|
|poke|p2|Toxtricity-Low-Key, F|
|poke|p2|Corsola-Galar, F|
|poke|p2|Gyarados, F|
|rule|Dynamax Clause: You cannot dynamax
|teampreview
|l|☆stupid nooby
|player|p1|
|j|☆stupid nooby
|player|p1|stupid nooby|palmer
|inactive|Battle timer is ON: inactive players will automatically lose when time's up. (requested by PKMaster1234)
|l|☆stupid nooby
|inactive|stupid nooby disconnected and has a minute to reconnect!
|player|p1|
|inactive|stupid nooby has 30 seconds to reconnect!
|j|☆stupid nooby
|inactive|stupid nooby reconnected and has 90 seconds left.
|player|p1|stupid nooby|palmer
|
|start
|switch|p1a: Grimmsnarl|Grimmsnarl, M|100/100
|switch|p2a: Grimmsnarl|Grimmsnarl, M|100/100
|turn|1
|
|move|p1a: Grimmsnarl|Reflect|p1a: Grimmsnarl
|-sidestart|p1: stupid nooby|Reflect
|move|p2a: Grimmsnarl|Play Rough|p1a: Grimmsnarl
|-supereffective|p1a: Grimmsnarl
|-damage|p1a: Grimmsnarl|70/100
|
|upkeep
|turn|2
|
|move|p2a: Grimmsnarl|Reflect|p2a: Grimmsnarl
|-sidestart|p2: PKMaster1234|Reflect
|move|p1a: Grimmsnarl|Spirit Break|p2a: Grimmsnarl
|-supereffective|p2a: Grimmsnarl
|-damage|p2a: Grimmsnarl|70/100
|-unboost|p2a: Grimmsnarl|spa|1
|
|upkeep
|turn|3
|
|move|p2a: Grimmsnarl|Light Screen|p2a: Grimmsnarl
|-sidestart|p2: PKMaster1234|move: Light Screen
|move|p1a: Grimmsnarl|Spirit Break|p2a: Grimmsnarl
|-supereffective|p2a: Grimmsnarl
|-damage|p2a: Grimmsnarl|40/100
|-unboost|p2a: Grimmsnarl|spa|1
|
|upkeep
|turn|4
|
|switch|p2a: Gyarados|Gyarados, F|100/100
|-ability|p2a: Gyarados|Intimidate|boost
|-unboost|p1a: Grimmsnarl|atk|1
|move|p1a: Grimmsnarl|Spirit Break|p2a: Gyarados
|-crit|p2a: Gyarados
|-damage|p2a: Gyarados|49/100
|-unboost|p2a: Gyarados|spa|1
|
|upkeep
|turn|5
|
|move|p1a: Grimmsnarl|Thunder Wave|p2a: Gyarados
|-status|p2a: Gyarados|par
|move|p2a: Gyarados|Dragon Dance|p2a: Gyarados
|-boost|p2a: Gyarados|atk|1
|-boost|p2a: Gyarados|spe|1
|
|upkeep
|turn|6
|
|move|p2a: Gyarados|Dragon Dance|p2a: Gyarados
|-boost|p2a: Gyarados|atk|1
|-boost|p2a: Gyarados|spe|1
|move|p1a: Grimmsnarl|Spirit Break|p2a: Gyarados
|-damage|p2a: Gyarados|35/100 par
|-unboost|p2a: Gyarados|spa|1
|
|upkeep
|turn|7
|
|switch|p1a: Clefable|Clefable, F|100/100
|cant|p2a: Gyarados|par
|
|upkeep
|turn|8
|
|cant|p2a: Gyarados|par
|move|p1a: Clefable|Cosmic Power|p1a: Clefable
|-boost|p1a: Clefable|def|1
|-boost|p1a: Clefable|spd|1
|
|-sideend|p1: stupid nooby|Reflect
|upkeep
|turn|9
|
|cant|p2a: Gyarados|par
|move|p1a: Clefable|Cosmic Power|p1a: Clefable
|-boost|p1a: Clefable|def|1
|-boost|p1a: Clefable|spd|1
|
|-sideend|p2: PKMaster1234|Reflect
|upkeep
|turn|10
|
|cant|p2a: Gyarados|par
|move|p1a: Clefable|Cosmic Power|p1a: Clefable
|-boost|p1a: Clefable|def|1
|-boost|p1a: Clefable|spd|1
|
|-sideend|p2: PKMaster1234|move: Light Screen
|upkeep
|turn|11
|
|move|p2a: Gyarados|Waterfall|p1a: Clefable
|-damage|p1a: Clefable|70/100
|move|p1a: Clefable|Stored Power|p2a: Gyarados
|-damage|p2a: Gyarados|1/100 par
|
|upkeep
|turn|12
|-message|PKMaster1234 forfeited.
|
|win|stupid nooby
|l|☆PKMaster1234
|raw|stupid nooby's rating: 1153 → 1183(+30 for winning)
|raw|PKMaster1234's rating: 1217 → 1187(-30 for losing)
