|ScrapeTime|2020-01-01-09:54:54
|j|☆its time boisss
|j|☆sucker for oli
|player|p1|its time boisss|266|1450
|player|p2|sucker for oli|waiter-gen4dp|1440
|teamsize|p1|6
|teamsize|p2|6
|gametype|singles
|gen|8
|tier|[Gen 8] OU
|rated|
|rule|Sleep Clause Mod: Limit one foe put to sleep
|rule|Species Clause: Limit one of each Pokémon
|rule|OHKO Clause: OHKO moves are banned
|rule|Evasion Moves Clause: Evasion moves are banned
|rule|Endless Battle Clause: Forcing endless battles is banned
|rule|HP Percentage Mod: HP is shown in percentages
|clearpoke
|poke|p1|Jellicent, M|
|poke|p1|Dracozolt|
|poke|p1|Dracovish|
|poke|p1|Corviknight, M|
|poke|p1|Excadrill, F|
|poke|p1|Tyranitar, M|
|poke|p2|Toxtricity-Low-Key, F|
|poke|p2|Dragapult, F|
|poke|p2|Mandibuzz, F|
|poke|p2|Ferrothorn, M|
|poke|p2|Corviknight, F|
|poke|p2|Toxapex, F|
|rule|Dynamax Clause: You cannot dynamax
|teampreview
|j| James Garden
|
|start
|switch|p1a: Tyranitar|Tyranitar, M|100/100
|switch|p2a: Dragapult|Dragapult, F|100/100
|-weather|Sandstorm|[from] ability: Sand Stream|[of] p1a: Tyranitar
|turn|1
|
|move|p2a: Dragapult|U-turn|p1a: Tyranitar
|-supereffective|p1a: Tyranitar
|-damage|p1a: Tyranitar|73/100
|
|switch|p2a: Toxapex|Toxapex, F, shiny|100/100|[from]move: U-turn
|move|p1a: Tyranitar|Crunch|p2a: Toxapex
|-damage|p2a: Toxapex|78/100
|
|-weather|Sandstorm|[upkeep]
|-damage|p2a: Toxapex|72/100|[from] Sandstorm
|-heal|p2a: Toxapex|78/100|[from] item: Black Sludge
|upkeep
|turn|2
|
|move|p1a: Tyranitar|Stealth Rock|p2a: Toxapex
|-sidestart|p2: sucker for oli|move: Stealth Rock
|move|p2a: Toxapex|Toxic Spikes|p1a: Tyranitar
|-sidestart|p1: its time boisss|move: Toxic Spikes
|
|-weather|Sandstorm|[upkeep]
|-damage|p2a: Toxapex|72/100|[from] Sandstorm
|-heal|p2a: Toxapex|78/100|[from] item: Black Sludge
|upkeep
|turn|3
|
|switch|p1a: Corviknight|Corviknight, M|100/100
|-ability|p1a: Corviknight|Pressure
|move|p2a: Toxapex|Toxic Spikes|p1a: Corviknight
|-sidestart|p1: its time boisss|move: Toxic Spikes
|
|-weather|Sandstorm|[upkeep]
|-damage|p2a: Toxapex|72/100|[from] Sandstorm
|-heal|p2a: Toxapex|78/100|[from] item: Black Sludge
|upkeep
|turn|4
|
|move|p1a: Corviknight|Substitute|p1a: Corviknight
|-start|p1a: Corviknight|Substitute
|-damage|p1a: Corviknight|76/100
|move|p2a: Toxapex|Scald|p1a: Corviknight
|-activate|p1a: Corviknight|move: Substitute|[damage]
|
|-weather|Sandstorm|[upkeep]
|-damage|p2a: Toxapex|72/100|[from] Sandstorm
|-heal|p1a: Corviknight|82/100|[from] item: Leftovers
|-heal|p2a: Toxapex|78/100|[from] item: Black Sludge
|upkeep
|turn|5
|
|switch|p2a: Toxtricity|Toxtricity-Low-Key, F|100/100
|-damage|p2a: Toxtricity|88/100|[from] Stealth Rock
|move|p1a: Corviknight|Brave Bird|p2a: Toxtricity
|-resisted|p2a: Toxtricity
|-damage|p2a: Toxtricity|58/100
|-damage|p1a: Corviknight|74/100|[from] Recoil
|
|-weather|Sandstorm|[upkeep]
|-damage|p2a: Toxtricity|51/100|[from] Sandstorm
|-heal|p1a: Corviknight|80/100|[from] item: Leftovers
|upkeep
|turn|6
|
|switch|p1a: Excadrill|Excadrill, F|100/100
|move|p2a: Toxtricity|Overdrive|p1a: Excadrill
|-immune|p1a: Excadrill
|
|-weather|Sandstorm|[upkeep]
|-damage|p2a: Toxtricity|45/100|[from] Sandstorm
|upkeep
|turn|7
|
|switch|p2a: Corviknight|Corviknight, F|100/100
|-damage|p2a: Corviknight|88/100|[from] Stealth Rock
|-ability|p2a: Corviknight|Pressure
|move|p1a: Excadrill|Rapid Spin|p2a: Corviknight
|-resisted|p2a: Corviknight
|-damage|p2a: Corviknight|79/100
|-sideend|p1: its time boisss|Toxic Spikes|[from] move: Rapid Spin|[of] p1a: Excadrill
|-boost|p1a: Excadrill|spe|1
|-damage|p1a: Excadrill|91/100|[from] item: Life Orb
|
|-weather|Sandstorm|[upkeep]
|-heal|p2a: Corviknight|86/100|[from] item: Leftovers
|upkeep
|turn|8
|
|switch|p1a: Dracozolt|Dracozolt|100/100
|move|p2a: Corviknight|Substitute|p2a: Corviknight
|-start|p2a: Corviknight|Substitute
|-damage|p2a: Corviknight|61/100
|
|-weather|none
|-heal|p2a: Corviknight|67/100|[from] item: Leftovers
|upkeep
|turn|9
|
|move|p1a: Dracozolt|Bolt Beak|p2a: Corviknight
|-supereffective|p2a: Corviknight
|-end|p2a: Corviknight|Substitute
|move|p2a: Corviknight|Brave Bird|p1a: Dracozolt
|-resisted|p1a: Dracozolt
|-damage|p1a: Dracozolt|78/100
|-damage|p2a: Corviknight|61/100|[from] Recoil
|
|-heal|p2a: Corviknight|67/100|[from] item: Leftovers
|upkeep
|turn|10
|
|switch|p2a: Ferrothorn|Ferrothorn, M, shiny|100/100
|-damage|p2a: Ferrothorn|94/100|[from] Stealth Rock
|move|p1a: Dracozolt|Bolt Beak|p2a: Ferrothorn
|-resisted|p2a: Ferrothorn
|-damage|p2a: Ferrothorn|50/100
|-damage|p1a: Dracozolt|65/100|[from] ability: Iron Barbs|[of] p2a: Ferrothorn
|
|-heal|p2a: Ferrothorn|56/100|[from] item: Leftovers
|upkeep
|turn|11
|
|switch|p1a: Tyranitar|Tyranitar, M|73/100
|-weather|Sandstorm|[from] ability: Sand Stream|[of] p1a: Tyranitar
|move|p2a: Ferrothorn|Stealth Rock|p1a: Tyranitar
|-sidestart|p1: its time boisss|move: Stealth Rock
|
|-weather|Sandstorm|[upkeep]
|-heal|p2a: Ferrothorn|62/100|[from] item: Leftovers
|upkeep
|turn|12
|
|switch|p2a: Toxapex|Toxapex, F, shiny|100/100
|-damage|p2a: Toxapex|88/100|[from] Stealth Rock
|move|p1a: Tyranitar|Fire Blast|p2a: Toxapex|[miss]
|-miss|p1a: Tyranitar|p2a: Toxapex
|
|-weather|Sandstorm|[upkeep]
|-damage|p2a: Toxapex|82/100|[from] Sandstorm
|-heal|p2a: Toxapex|88/100|[from] item: Black Sludge
|upkeep
|turn|13
|
|switch|p1a: Excadrill|Excadrill, F|91/100
|-damage|p1a: Excadrill|87/100|[from] Stealth Rock
|move|p2a: Toxapex|Scald|p1a: Excadrill
|-supereffective|p1a: Excadrill
|-damage|p1a: Excadrill|40/100
|-status|p1a: Excadrill|brn
|
|-weather|Sandstorm|[upkeep]
|-damage|p2a: Toxapex|82/100|[from] Sandstorm
|-heal|p2a: Toxapex|88/100|[from] item: Black Sludge
|-damage|p1a: Excadrill|34/100 brn|[from] brn
|upkeep
|turn|14
|
|switch|p2a: Corviknight|Corviknight, F|67/100
|-damage|p2a: Corviknight|55/100|[from] Stealth Rock
|-ability|p2a: Corviknight|Pressure
|move|p1a: Excadrill|Earthquake|p2a: Corviknight
|-immune|p2a: Corviknight
|
|-weather|Sandstorm|[upkeep]
|-heal|p2a: Corviknight|61/100|[from] item: Leftovers
|-damage|p1a: Excadrill|28/100 brn|[from] brn
|upkeep
|turn|15
|
|move|p1a: Excadrill|Rapid Spin|p2a: Corviknight
|-resisted|p2a: Corviknight
|-damage|p2a: Corviknight|57/100
|-sideend|p1: its time boisss|Stealth Rock|[from] move: Rapid Spin|[of] p1a: Excadrill
|-boost|p1a: Excadrill|spe|1
|-damage|p1a: Excadrill|18/100 brn|[from] item: Life Orb
|move|p2a: Corviknight|Substitute|p2a: Corviknight
|-start|p2a: Corviknight|Substitute
|-damage|p2a: Corviknight|32/100
|
|-weather|Sandstorm|[upkeep]
|-heal|p2a: Corviknight|38/100|[from] item: Leftovers
|-damage|p1a: Excadrill|12/100 brn|[from] brn
|upkeep
|turn|16
|
|switch|p1a: Dracovish|Dracovish|100/100
|move|p2a: Corviknight|Roost|p2a: Corviknight
|-heal|p2a: Corviknight|88/100
|-singleturn|p2a: Corviknight|move: Roost
|
|-weather|Sandstorm|[upkeep]
|-damage|p1a: Dracovish|94/100|[from] Sandstorm
|-heal|p2a: Corviknight|94/100|[from] item: Leftovers
|upkeep
|turn|17
|
|move|p1a: Dracovish|Fishious Rend|p2a: Corviknight
|-end|p2a: Corviknight|Substitute
|move|p2a: Corviknight|Bulk Up|p2a: Corviknight
|-boost|p2a: Corviknight|atk|1
|-boost|p2a: Corviknight|def|1
|
|-weather|Sandstorm|[upkeep]
|-damage|p1a: Dracovish|88/100|[from] Sandstorm
|-heal|p2a: Corviknight|100/100|[from] item: Leftovers
|upkeep
|turn|18
|
|move|p1a: Dracovish|Fishious Rend|p2a: Corviknight
|-damage|p2a: Corviknight|39/100
|move|p2a: Corviknight|Bulk Up|p2a: Corviknight
|-boost|p2a: Corviknight|atk|1
|-boost|p2a: Corviknight|def|1
|
|-weather|none
|-heal|p2a: Corviknight|46/100|[from] item: Leftovers
|upkeep
|turn|19
|
|move|p1a: Dracovish|Fishious Rend|p2a: Corviknight
|-damage|p2a: Corviknight|2/100
|move|p2a: Corviknight|Roost|p2a: Corviknight
|-heal|p2a: Corviknight|52/100
|-singleturn|p2a: Corviknight|move: Roost
|
|-heal|p2a: Corviknight|58/100|[from] item: Leftovers
|upkeep
|turn|20
|
|move|p1a: Dracovish|Fishious Rend|p2a: Corviknight
|-damage|p2a: Corviknight|14/100
|move|p2a: Corviknight|Roost|p2a: Corviknight
|-heal|p2a: Corviknight|64/100
|-singleturn|p2a: Corviknight|move: Roost
|
|-heal|p2a: Corviknight|70/100|[from] item: Leftovers
|upkeep
|turn|21
|
|switch|p1a: Corviknight|Corviknight, M|80/100
|-ability|p1a: Corviknight|Pressure
|move|p2a: Corviknight|Roost|p2a: Corviknight
|-heal|p2a: Corviknight|100/100
|-singleturn|p2a: Corviknight|move: Roost
|
|-heal|p1a: Corviknight|86/100|[from] item: Leftovers
|upkeep
|turn|22
|
|move|p2a: Corviknight|Substitute|p2a: Corviknight
|-start|p2a: Corviknight|Substitute
|-damage|p2a: Corviknight|75/100
|move|p1a: Corviknight|Bulk Up|p1a: Corviknight
|-boost|p1a: Corviknight|atk|1
|-boost|p1a: Corviknight|def|1
|
|-heal|p2a: Corviknight|82/100|[from] item: Leftovers
|-heal|p1a: Corviknight|92/100|[from] item: Leftovers
|upkeep
|turn|23
|
|move|p2a: Corviknight|Bulk Up|p2a: Corviknight
|-boost|p2a: Corviknight|atk|1
|-boost|p2a: Corviknight|def|1
|move|p1a: Corviknight|Bulk Up|p1a: Corviknight
|-boost|p1a: Corviknight|atk|1
|-boost|p1a: Corviknight|def|1
|
|-heal|p2a: Corviknight|88/100|[from] item: Leftovers
|-heal|p1a: Corviknight|98/100|[from] item: Leftovers
|upkeep
|turn|24
|
|move|p2a: Corviknight|Bulk Up|p2a: Corviknight
|-boost|p2a: Corviknight|atk|1
|-boost|p2a: Corviknight|def|1
|move|p1a: Corviknight|Substitute|p1a: Corviknight
|-start|p1a: Corviknight|Substitute
|-damage|p1a: Corviknight|74/100
|
|-heal|p2a: Corviknight|94/100|[from] item: Leftovers
|-heal|p1a: Corviknight|80/100|[from] item: Leftovers
|upkeep
|turn|25
|
|move|p2a: Corviknight|Bulk Up|p2a: Corviknight
|-boost|p2a: Corviknight|atk|1
|-boost|p2a: Corviknight|def|1
|move|p1a: Corviknight|Bulk Up|p1a: Corviknight
|-boost|p1a: Corviknight|atk|1
|-boost|p1a: Corviknight|def|1
|
|-heal|p2a: Corviknight|100/100|[from] item: Leftovers
|-heal|p1a: Corviknight|86/100|[from] item: Leftovers
|upkeep
|turn|26
|
|move|p2a: Corviknight|Bulk Up|p2a: Corviknight
|-boost|p2a: Corviknight|atk|1
|-boost|p2a: Corviknight|def|1
|move|p1a: Corviknight|Bulk Up|p1a: Corviknight
|-boost|p1a: Corviknight|atk|1
|-boost|p1a: Corviknight|def|1
|
|-heal|p1a: Corviknight|92/100|[from] item: Leftovers
|upkeep
|turn|27
|
|move|p2a: Corviknight|Brave Bird|p1a: Corviknight
|-resisted|p1a: Corviknight
|-activate|p1a: Corviknight|move: Substitute|[damage]
|-damage|p2a: Corviknight|94/100|[from] Recoil|[of] p1a: Corviknight
|move|p1a: Corviknight|Bulk Up|p1a: Corviknight
|-boost|p1a: Corviknight|atk|1
|-boost|p1a: Corviknight|def|1
|
|-heal|p2a: Corviknight|99/100|[from] item: Leftovers
|-heal|p1a: Corviknight|98/100|[from] item: Leftovers
|upkeep
|turn|28
|
|switch|p2a: Toxtricity|Toxtricity-Low-Key, F|45/100
|-damage|p2a: Toxtricity|33/100|[from] Stealth Rock
|move|p1a: Corviknight|Bulk Up|p1a: Corviknight
|-boost|p1a: Corviknight|atk|1
|-boost|p1a: Corviknight|def|1
|
|-heal|p1a: Corviknight|100/100|[from] item: Leftovers
|upkeep
|turn|29
|
|switch|p1a: Excadrill|Excadrill, F|12/100 brn
|move|p2a: Toxtricity|Overdrive|p1a: Excadrill
|-immune|p1a: Excadrill
|
|-damage|p1a: Excadrill|6/100 brn|[from] brn
|upkeep
|turn|30
|
|switch|p1a: Dracozolt|Dracozolt|65/100
|switch|p2a: Mandibuzz|Mandibuzz, F, shiny|100/100
|
|upkeep
|turn|31
|
|switch|p2a: Ferrothorn|Ferrothorn, M, shiny|62/100
|-damage|p2a: Ferrothorn|56/100|[from] Stealth Rock
|move|p1a: Dracozolt|Bolt Beak|p2a: Ferrothorn
|-resisted|p2a: Ferrothorn
|-damage|p2a: Ferrothorn|6/100
|-damage|p1a: Dracozolt|53/100|[from] ability: Iron Barbs|[of] p2a: Ferrothorn
|
|-heal|p2a: Ferrothorn|12/100|[from] item: Leftovers
|upkeep
|turn|32
|
|move|p1a: Dracozolt|Bolt Beak|p2a: Ferrothorn
|-resisted|p2a: Ferrothorn
|-damage|p2a: Ferrothorn|0 fnt
|-damage|p1a: Dracozolt|40/100|[from] ability: Iron Barbs|[of] p2a: Ferrothorn
|faint|p2a: Ferrothorn
|
|upkeep
|
|switch|p2a: Dragapult|Dragapult, F|100/100
|-damage|p2a: Dragapult|88/100|[from] Stealth Rock
|turn|33
|
|switch|p1a: Excadrill|Excadrill, F|6/100 brn
|move|p2a: Dragapult|U-turn|p1a: Excadrill
|-resisted|p1a: Excadrill
|-damage|p1a: Excadrill|0 fnt
|faint|p1a: Excadrill
|
|switch|p2a: Toxtricity|Toxtricity-Low-Key, F|33/100|[from]move: U-turn
|-damage|p2a: Toxtricity|20/100|[from] Stealth Rock
|
|upkeep
|
|switch|p1a: Tyranitar|Tyranitar, M|73/100
|-weather|Sandstorm|[from] ability: Sand Stream|[of] p1a: Tyranitar
|turn|34
|
|move|p2a: Toxtricity|Volt Switch|p1a: Tyranitar
|-damage|p1a: Tyranitar|52/100
|
|switch|p2a: Toxapex|Toxapex, F, shiny|100/100|[from]move: Volt Switch
|-damage|p2a: Toxapex|88/100|[from] Stealth Rock
|move|p1a: Tyranitar|Crunch|p2a: Toxapex
|-crit|p2a: Toxapex
|-damage|p2a: Toxapex|54/100
|
|-weather|Sandstorm|[upkeep]
|-damage|p2a: Toxapex|48/100|[from] Sandstorm
|-heal|p2a: Toxapex|54/100|[from] item: Black Sludge
|upkeep
|turn|35
|
|switch|p1a: Dracozolt|Dracozolt|40/100
|switch|p2a: Dragapult|Dragapult, F|88/100
|-damage|p2a: Dragapult|76/100|[from] Stealth Rock
|
|-weather|Sandstorm|[upkeep]
|-damage|p2a: Dragapult|70/100|[from] Sandstorm
|-damage|p1a: Dracozolt|34/100|[from] Sandstorm
|upkeep
|turn|36
|
|switch|p1a: Jellicent|Jellicent, M|100/100
|move|p2a: Dragapult|Draco Meteor|p1a: Jellicent
|-damage|p1a: Jellicent|31/100
|-unboost|p2a: Dragapult|spa|2
|
|-weather|Sandstorm|[upkeep]
|-damage|p2a: Dragapult|64/100|[from] Sandstorm
|-damage|p1a: Jellicent|25/100|[from] Sandstorm
|-heal|p1a: Jellicent|31/100|[from] item: Leftovers
|upkeep
|turn|37
|
|switch|p2a: Mandibuzz|Mandibuzz, F, shiny|100/100
|switch|p1a: Corviknight|Corviknight, M|100/100
|-ability|p1a: Corviknight|Pressure
|
|-weather|Sandstorm|[upkeep]
|-damage|p2a: Mandibuzz|94/100|[from] Sandstorm
|upkeep
|turn|38
|
|move|p2a: Mandibuzz|Defog|p1a: Corviknight
|-unboost|p1a: Corviknight|evasion|1
|-sideend|p2: sucker for oli|Stealth Rock|[from] move: Defog|[of] p2a: Mandibuzz
|move|p1a: Corviknight|Substitute|p1a: Corviknight
|-start|p1a: Corviknight|Substitute
|-damage|p1a: Corviknight|76/100
|
|-weather|Sandstorm|[upkeep]
|-damage|p2a: Mandibuzz|88/100|[from] Sandstorm
|-heal|p1a: Corviknight|82/100|[from] item: Leftovers
|upkeep
|turn|39
|
|switch|p2a: Dragapult|Dragapult, F|64/100
|move|p1a: Corviknight|Bulk Up|p1a: Corviknight
|-boost|p1a: Corviknight|atk|1
|-boost|p1a: Corviknight|def|1
|
|-weather|Sandstorm|[upkeep]
|-damage|p2a: Dragapult|58/100|[from] Sandstorm
|-heal|p1a: Corviknight|88/100|[from] item: Leftovers
|upkeep
|turn|40
|
|move|p2a: Dragapult|Flamethrower|p1a: Corviknight
|-supereffective|p1a: Corviknight
|-crit|p1a: Corviknight
|-damage|p1a: Corviknight|4/100
|-status|p1a: Corviknight|brn
|move|p1a: Corviknight|Brave Bird|p2a: Dragapult
|-damage|p2a: Dragapult|17/100
|-damage|p1a: Corviknight|0 fnt|[from] Recoil
|faint|p1a: Corviknight
|
|-weather|Sandstorm|[upkeep]
|-damage|p2a: Dragapult|11/100|[from] Sandstorm
|upkeep
|
|switch|p1a: Dracovish|Dracovish|88/100
|turn|41
|c|☆its time boisss|gg
|inactive|Battle timer is ON: inactive players will automatically lose when time's up. (requested by its time boisss)
|
|switch|p2a: Toxtricity|Toxtricity-Low-Key, F|20/100
|move|p1a: Dracovish|Psychic Fangs|p2a: Toxtricity
|-supereffective|p2a: Toxtricity
|-damage|p2a: Toxtricity|0 fnt
|faint|p2a: Toxtricity
|
|-weather|none
|upkeep
|
|switch|p2a: Dragapult|Dragapult, F|11/100
|turn|42
|
|switch|p1a: Jellicent|Jellicent, M|31/100
|move|p2a: Dragapult|U-turn|p1a: Jellicent
|-resisted|p1a: Jellicent
|-damage|p1a: Jellicent|25/100
|
|switch|p2a: Mandibuzz|Mandibuzz, F, shiny|88/100|[from]move: U-turn
|
|-heal|p1a: Jellicent|31/100|[from] item: Leftovers
|upkeep
|turn|43
|
|move|p2a: Mandibuzz|Knock Off|p1a: Jellicent
|-supereffective|p1a: Jellicent
|-damage|p1a: Jellicent|0 fnt
|-enditem|p1a: Jellicent|Leftovers|[from] move: Knock Off|[of] p2a: Mandibuzz
|faint|p1a: Jellicent
|
|upkeep
|
|switch|p1a: Dracozolt|Dracozolt|34/100
|turn|44
|
|switch|p2a: Corviknight|Corviknight, F|99/100
|-ability|p2a: Corviknight|Pressure
|move|p1a: Dracozolt|Bolt Beak|p2a: Corviknight
|-supereffective|p2a: Corviknight
|-damage|p2a: Corviknight|0 fnt
|faint|p2a: Corviknight
|
|upkeep
|
|switch|p2a: Dragapult|Dragapult, F|11/100
|turn|45
|
|switch|p1a: Tyranitar|Tyranitar, M|52/100
|-weather|Sandstorm|[from] ability: Sand Stream|[of] p1a: Tyranitar
|move|p2a: Dragapult|Draco Meteor|p1a: Tyranitar
|-damage|p1a: Tyranitar|19/100
|-unboost|p2a: Dragapult|spa|2
|
|-weather|Sandstorm|[upkeep]
|-damage|p2a: Dragapult|5/100|[from] Sandstorm
|upkeep
|turn|46
|
|switch|p2a: Toxapex|Toxapex, F, shiny|87/100
|move|p1a: Tyranitar|Thunder Wave|p2a: Toxapex
|-status|p2a: Toxapex|par
|
|-weather|Sandstorm|[upkeep]
|-damage|p2a: Toxapex|81/100 par|[from] Sandstorm
|-heal|p2a: Toxapex|87/100 par|[from] item: Black Sludge
|upkeep
|turn|47
|
|switch|p1a: Dracozolt|Dracozolt|34/100
|move|p2a: Toxapex|Scald|p1a: Dracozolt
|-resisted|p1a: Dracozolt
|-damage|p1a: Dracozolt|23/100
|-status|p1a: Dracozolt|brn
|
|-weather|Sandstorm|[upkeep]
|-damage|p1a: Dracozolt|17/100 brn|[from] Sandstorm
|-damage|p2a: Toxapex|81/100 par|[from] Sandstorm
|-heal|p2a: Toxapex|87/100 par|[from] item: Black Sludge
|-damage|p1a: Dracozolt|11/100 brn|[from] brn
|upkeep
|turn|48
|inactive|sucker for oli has 120 seconds left.
|
|switch|p2a: Dragapult|Dragapult, F|5/100
|move|p1a: Dracozolt|Bolt Beak|p2a: Dragapult
|-resisted|p2a: Dragapult
|-damage|p2a: Dragapult|0 fnt
|faint|p2a: Dragapult
|
|-weather|Sandstorm|[upkeep]
|-damage|p1a: Dracozolt|5/100 brn|[from] Sandstorm
|-damage|p1a: Dracozolt|0 fnt|[from] brn
|faint|p1a: Dracozolt
|upkeep
|inactive|sucker for oli has 120 seconds left.
|
|switch|p2a: Toxapex|Toxapex, F, shiny|100/100 par
|switch|p1a: Dracovish|Dracovish|88/100
|turn|49
|
|move|p1a: Dracovish|Psychic Fangs|p2a: Toxapex
|-supereffective|p2a: Toxapex
|-damage|p2a: Toxapex|56/100 par
|move|p2a: Toxapex|Scald|p1a: Dracovish
|-resisted|p1a: Dracovish
|-damage|p1a: Dracovish|83/100
|
|-weather|Sandstorm|[upkeep]
|-damage|p1a: Dracovish|77/100|[from] Sandstorm
|-damage|p2a: Toxapex|50/100 par|[from] Sandstorm
|-heal|p2a: Toxapex|56/100 par|[from] item: Black Sludge
|upkeep
|turn|50
|
|switch|p1a: Tyranitar|Tyranitar, M|19/100
|switch|p2a: Mandibuzz|Mandibuzz, F, shiny|88/100
|
|-weather|Sandstorm|[upkeep]
|-damage|p2a: Mandibuzz|82/100|[from] Sandstorm
|upkeep
|turn|51
|
|move|p2a: Mandibuzz|U-turn|p1a: Tyranitar
|-supereffective|p1a: Tyranitar
|-damage|p1a: Tyranitar|1/100
|
|switch|p2a: Toxapex|Toxapex, F, shiny|89/100 par|[from]move: U-turn
|move|p1a: Tyranitar|Stealth Rock|p2a: Toxapex
|-sidestart|p2: sucker for oli|move: Stealth Rock
|
|-weather|Sandstorm|[upkeep]
|-damage|p2a: Toxapex|83/100 par|[from] Sandstorm
|-heal|p2a: Toxapex|89/100 par|[from] item: Black Sludge
|upkeep
|turn|52
|
|move|p1a: Tyranitar|Crunch|p2a: Toxapex
|-damage|p2a: Toxapex|67/100 par
|move|p2a: Toxapex|Toxic Spikes|p1a: Tyranitar
|-sidestart|p1: its time boisss|move: Toxic Spikes
|
|-weather|none
|-heal|p2a: Toxapex|73/100 par|[from] item: Black Sludge
|upkeep
|turn|53
|
|move|p1a: Tyranitar|Crunch|p2a: Toxapex
|-damage|p2a: Toxapex|53/100 par
|cant|p2a: Toxapex|par
|
|-heal|p2a: Toxapex|59/100 par|[from] item: Black Sludge
|upkeep
|turn|54
|
|switch|p1a: Dracovish|Dracovish|77/100
|-status|p1a: Dracovish|psn
|move|p2a: Toxapex|Recover|p2a: Toxapex
|-heal|p2a: Toxapex|100/100 par
|
|-damage|p1a: Dracovish|64/100 psn|[from] psn
|upkeep
|turn|55
|
|move|p1a: Dracovish|Fishious Rend|p2a: Toxapex
|-resisted|p2a: Toxapex
|-damage|p2a: Toxapex|67/100 par
|move|p2a: Toxapex|Recover|p2a: Toxapex
|-heal|p2a: Toxapex|100/100 par
|
|-damage|p1a: Dracovish|52/100 psn|[from] psn
|upkeep
|turn|56
|-message|its time boisss forfeited.
|
|win|sucker for oli
|l|☆its time boisss
|raw|its time boisss's rating: 1450 → 1430(-20 for losing)
|raw|sucker for oli's rating: 1440 → 1460(+20 for winning)
