|ScrapeTime|2020-01-01-19:55:44
|j|☆Zakkenwasser22
|j|☆Azzuuro
|player|p1|Zakkenwasser22|iris-gen5bw2|1645
|player|p2|Azzuuro|policeman-gen4|1528
|teamsize|p1|6
|teamsize|p2|6
|gametype|singles
|gen|8
|tier|[Gen 8] OU
|rated|
|rule|Sleep Clause Mod: Limit one foe put to sleep
|rule|Species Clause: Limit one of each Pokémon
|rule|OHKO Clause: OHKO moves are banned
|rule|Evasion Moves Clause: Evasion moves are banned
|rule|Endless Battle Clause: Forcing endless battles is banned
|rule|HP Percentage Mod: HP is shown in percentages
|clearpoke
|poke|p1|Sylveon, F|
|poke|p1|Corviknight, F|
|poke|p1|Seismitoad, F|
|poke|p1|Hydreigon, F|
|poke|p1|Rotom-Mow|
|poke|p1|Cinderace, M|
|poke|p2|Gengar, F|
|poke|p2|Rotom-Mow|
|poke|p2|Clefable, M|
|poke|p2|Corviknight, M|
|poke|p2|Seismitoad, F|
|poke|p2|Centiskorch, M|
|rule|Dynamax Clause: You cannot dynamax
|teampreview
|inactive|Battle timer is ON: inactive players will automatically lose when time's up. (requested by Zakkenwasser22)
|j| Greekgeekmaster
|l| Greekgeekmaster
|
|start
|switch|p1a: orange heart|Rotom-Mow|100/100
|switch|p2a: Seismitoad|Seismitoad, F|100/100
|turn|1
|
|switch|p2a: Centiskorch|Centiskorch, M|100/100
|move|p1a: orange heart|Trick|p2a: Centiskorch
|-activate|p1a: orange heart|move: Trick|[of] p2a: Centiskorch
|-item|p2a: Centiskorch|Choice Scarf|[from] move: Trick
|-item|p1a: orange heart|Heavy-Duty Boots|[from] move: Trick
|
|upkeep
|turn|2
|
|move|p1a: orange heart|Volt Switch|p2a: Centiskorch
|-damage|p2a: Centiskorch|80/100
|
|switch|p1a: shallow waters|Seismitoad, F|100/100|[from]move: Volt Switch
|move|p2a: Centiskorch|Knock Off|p1a: shallow waters
|-damage|p1a: shallow waters|82/100
|-enditem|p1a: shallow waters|Leftovers|[from] move: Knock Off|[of] p2a: Centiskorch
|
|upkeep
|turn|3
|
|switch|p2a: Corviknight|Corviknight, M|100/100
|move|p1a: shallow waters|Stealth Rock|p2a: Corviknight
|-sidestart|p2: Azzuuro|move: Stealth Rock
|
|upkeep
|turn|4
|
|switch|p1a: fire|Cinderace, M|100/100
|move|p2a: Corviknight|Defog|p1a: fire
|-unboost|p1a: fire|evasion|1
|-sideend|p2: Azzuuro|Stealth Rock|[from] move: Defog|[of] p2a: Corviknight
|
|upkeep
|turn|5
|
|switch|p2a: Seismitoad|Seismitoad, F|100/100
|move|p1a: fire|U-turn|p2a: Seismitoad
|-damage|p2a: Seismitoad|74/100
|
|switch|p1a: orange heart|Rotom-Mow|100/100|[from]move: U-turn
|
|-heal|p2a: Seismitoad|80/100|[from] item: Leftovers
|upkeep
|turn|6
|
|switch|p2a: Centiskorch|Centiskorch, M|80/100
|move|p1a: orange heart|Leaf Storm|p2a: Centiskorch|[miss]
|-miss|p1a: orange heart|p2a: Centiskorch
|
|upkeep
|turn|7
|
|move|p1a: orange heart|Volt Switch|p2a: Centiskorch
|-damage|p2a: Centiskorch|59/100
|
|switch|p1a: the solution|Sylveon, F|100/100|[from]move: Volt Switch
|move|p2a: Centiskorch|Fire Lash|p1a: the solution
|-damage|p1a: the solution|64/100
|-unboost|p1a: the solution|def|1
|
|-heal|p1a: the solution|70/100|[from] item: Leftovers
|upkeep
|turn|8
|
|move|p1a: the solution|Protect|p1a: the solution
|-singleturn|p1a: the solution|Protect
|move|p2a: Centiskorch|Fire Lash|p1a: the solution
|-activate|p1a: the solution|move: Protect
|
|-heal|p1a: the solution|76/100|[from] item: Leftovers
|upkeep
|turn|9
|
|switch|p1a: shallow waters|Seismitoad, F|82/100
|move|p2a: Centiskorch|Fire Lash|p1a: shallow waters
|-resisted|p1a: shallow waters
|-damage|p1a: shallow waters|71/100
|-unboost|p1a: shallow waters|def|1
|
|upkeep
|turn|10
|
|move|p2a: Centiskorch|Fire Lash|p1a: shallow waters
|-resisted|p1a: shallow waters
|-damage|p1a: shallow waters|54/100
|-unboost|p1a: shallow waters|def|1
|move|p1a: shallow waters|Scald|p2a: Centiskorch
|-supereffective|p2a: Centiskorch
|-damage|p2a: Centiskorch|28/100
|
|upkeep
|turn|11
|
|switch|p2a: Corviknight|Corviknight, M|100/100
|move|p1a: shallow waters|Stealth Rock|p2a: Corviknight
|-sidestart|p2: Azzuuro|move: Stealth Rock
|
|upkeep
|turn|12
|
|switch|p1a: fire|Cinderace, M|100/100
|move|p2a: Corviknight|Defog|p1a: fire
|-unboost|p1a: fire|evasion|1
|-sideend|p2: Azzuuro|Stealth Rock|[from] move: Defog|[of] p2a: Corviknight
|
|upkeep
|turn|13
|
|switch|p2a: Seismitoad|Seismitoad, F|80/100
|move|p1a: fire|U-turn|p2a: Seismitoad
|-damage|p2a: Seismitoad|52/100
|
|switch|p1a: orange heart|Rotom-Mow|100/100|[from]move: U-turn
|
|-heal|p2a: Seismitoad|58/100|[from] item: Leftovers
|upkeep
|turn|14
|
|switch|p2a: Centiskorch|Centiskorch, M|28/100
|move|p1a: orange heart|Volt Switch|p2a: Centiskorch
|-damage|p2a: Centiskorch|6/100
|
|switch|p1a: fire|Cinderace, M|100/100|[from]move: Volt Switch
|
|upkeep
|turn|15
|
|move|p1a: fire|U-turn|p2a: Centiskorch
|-resisted|p2a: Centiskorch
|-damage|p2a: Centiskorch|0 fnt
|faint|p2a: Centiskorch
|
|switch|p1a: the solution|Sylveon, F|76/100|[from]move: U-turn
|
|-heal|p1a: the solution|82/100|[from] item: Leftovers
|upkeep
|
|switch|p2a: Gengar|Gengar, F|100/100
|turn|16
|
|switch|p1a: the aftershock|Corviknight, F|100/100
|-ability|p1a: the aftershock|Pressure
|move|p2a: Gengar|Sludge Wave|p1a: the aftershock
|-immune|p1a: the aftershock
|
|upkeep
|turn|17
|
|switch|p2a: Seismitoad|Seismitoad, F|58/100
|move|p1a: the aftershock|U-turn|p2a: Seismitoad
|-damage|p2a: Seismitoad|49/100
|
|switch|p1a: orange heart|Rotom-Mow|100/100|[from]move: U-turn
|
|-heal|p2a: Seismitoad|55/100|[from] item: Leftovers
|upkeep
|turn|18
|
|move|p1a: orange heart|Leaf Storm|p2a: Seismitoad
|-supereffective|p2a: Seismitoad
|-damage|p2a: Seismitoad|0 fnt
|-unboost|p1a: orange heart|spa|2
|faint|p2a: Seismitoad
|
|upkeep
|
|switch|p2a: Gengar|Gengar, F|100/100
|turn|19
|
|move|p2a: Gengar|Trick|p1a: orange heart
|-activate|p2a: Gengar|move: Trick|[of] p1a: orange heart
|-item|p1a: orange heart|Choice Scarf|[from] move: Trick
|-item|p2a: Gengar|Heavy-Duty Boots|[from] move: Trick
|move|p1a: orange heart|Volt Switch|p2a: Gengar
|-damage|p2a: Gengar|76/100
|
|switch|p1a: fire|Cinderace, M|100/100|[from]move: Volt Switch
|
|upkeep
|turn|20
|-message|Azzuuro forfeited.
|
|win|Zakkenwasser22
|l|☆Azzuuro
|j| SacredCV
|raw|Zakkenwasser22's rating: 1659 → 1672(+13 for winning)
|raw|Azzuuro's rating: 1529 → 1516(-13 for losing)
|l| SacredCV
