|ScrapeTime|2020-01-01-06:35:17
|j|☆kahnabyss
|j|☆mdsxm
|player|p1|kahnabyss|gentleman-gen4dp|1086
|player|p2|mdsxm|285|1070
|teamsize|p1|6
|teamsize|p2|6
|gametype|singles
|gen|8
|tier|[Gen 8] OU
|rated|
|rule|Sleep Clause Mod: Limit one foe put to sleep
|rule|Species Clause: Limit one of each Pokémon
|rule|OHKO Clause: OHKO moves are banned
|rule|Evasion Moves Clause: Evasion moves are banned
|rule|Endless Battle Clause: Forcing endless battles is banned
|rule|HP Percentage Mod: HP is shown in percentages
|clearpoke
|poke|p1|Toxapex, M|
|poke|p1|Dragapult, F|
|poke|p1|Bisharp, F|
|poke|p1|Rotom-Heat|
|poke|p1|Hawlucha, F|
|poke|p1|Gardevoir, F|
|poke|p2|Corviknight, M|
|poke|p2|Grimmsnarl, M|
|poke|p2|Chandelure, M|
|poke|p2|Flapple, M|
|poke|p2|Slurpuff, F|
|poke|p2|Haxorus, M|
|rule|Dynamax Clause: You cannot dynamax
|teampreview
|inactive|Battle timer is ON: inactive players will automatically lose when time's up. (requested by mdsxm)
|
|start
|switch|p1a: Dragapult|Dragapult, F|100/100
|switch|p2a: Flapple|Flapple, M|100/100
|turn|1
|inactive|mdsxm has 120 seconds left.
|
|switch|p2a: Slurpuff|Slurpuff, F, shiny|100/100
|move|p1a: Dragapult|Draco Meteor|p2a: Slurpuff
|-immune|p2a: Slurpuff
|
|upkeep
|turn|2
|
|switch|p1a: Bisharp|Bisharp, F|100/100
|move|p2a: Slurpuff|Sticky Web|p1a: Bisharp
|-sidestart|p1: kahnabyss|move: Sticky Web
|
|upkeep
|turn|3
|
|move|p2a: Slurpuff|Flamethrower|p1a: Bisharp
|-supereffective|p1a: Bisharp
|-damage|p1a: Bisharp|41/100
|move|p1a: Bisharp|Iron Head|p2a: Slurpuff
|-supereffective|p2a: Slurpuff
|-damage|p2a: Slurpuff|17/100
|
|upkeep
|turn|4
|
|move|p1a: Bisharp|Sucker Punch|p2a: Slurpuff
|-resisted|p2a: Slurpuff
|-damage|p2a: Slurpuff|0 fnt
|faint|p2a: Slurpuff
|
|upkeep
|
|switch|p2a: Corviknight|Corviknight, M|100/100
|turn|5
|
|switch|p1a: Rotom|Rotom-Heat, shiny|100/100
|switch|p2a: Haxorus|Haxorus, M, shiny|100/100
|-ability|p2a: Haxorus|Mold Breaker
|
|upkeep
|turn|6
|
|move|p2a: Haxorus|Swords Dance|p2a: Haxorus
|-boost|p2a: Haxorus|atk|2
|move|p1a: Rotom|Thunder Wave|p2a: Haxorus
|-status|p2a: Haxorus|par
|
|upkeep
|turn|7
|
|switch|p1a: Gardevoir|Gardevoir, F, shiny|100/100
|-activate|p1a: Gardevoir|move: Sticky Web
|-unboost|p1a: Gardevoir|spe|1
|-ability|p1a: Gardevoir|Mold Breaker|[from] ability: Trace|[of] p2a: Haxorus
|-ability|p1a: Gardevoir|Mold Breaker
|move|p2a: Haxorus|Crunch|p1a: Gardevoir
|-damage|p1a: Gardevoir|0 fnt
|-damage|p2a: Haxorus|91/100 par|[from] item: Life Orb
|faint|p1a: Gardevoir
|
|upkeep
|
|switch|p1a: Dragapult|Dragapult, F|100/100
|-activate|p1a: Dragapult|move: Sticky Web
|-unboost|p1a: Dragapult|spe|1
|turn|8
|
|switch|p2a: Corviknight|Corviknight, M|100/100
|move|p1a: Dragapult|Draco Meteor|p2a: Corviknight|[miss]
|-miss|p1a: Dragapult|p2a: Corviknight
|
|upkeep
|turn|9
|
|switch|p1a: Toxapex|Toxapex, M, shiny|100/100
|-activate|p1a: Toxapex|move: Sticky Web
|-unboost|p1a: Toxapex|spe|1
|switch|p2a: Haxorus|Haxorus, M, shiny|91/100 par
|-ability|p2a: Haxorus|Mold Breaker
|
|upkeep
|turn|10
|inactive|kahnabyss has 120 seconds left.
|
|move|p1a: Toxapex|Baneful Bunker|p1a: Toxapex
|-singleturn|p1a: Toxapex|move: Protect
|move|p2a: Haxorus|Outrage|p1a: Toxapex
|-activate|p1a: Toxapex|move: Protect
|
|upkeep
|turn|11
|
|switch|p1a: Dragapult|Dragapult, F|100/100
|-activate|p1a: Dragapult|move: Sticky Web
|-unboost|p1a: Dragapult|spe|1
|move|p2a: Haxorus|Swords Dance|p2a: Haxorus
|-boost|p2a: Haxorus|atk|2
|
|upkeep
|turn|12
|
|switch|p2a: Grimmsnarl|Grimmsnarl, M|100/100
|move|p1a: Dragapult|Fire Blast|p2a: Grimmsnarl
|-damage|p2a: Grimmsnarl|73/100
|
|upkeep
|turn|13
|
|switch|p1a: Bisharp|Bisharp, F|41/100
|-activate|p1a: Bisharp|move: Sticky Web
|-unboost|p1a: Bisharp|spe|1
|-ability|p1a: Bisharp|Defiant
|-boost|p1a: Bisharp|atk|2
|move|p2a: Grimmsnarl|Light Screen|p2a: Grimmsnarl
|-sidestart|p2: mdsxm|move: Light Screen
|
|upkeep
|turn|14
|
|move|p2a: Grimmsnarl|Reflect|p2a: Grimmsnarl
|-sidestart|p2: mdsxm|Reflect
|move|p1a: Bisharp|Iron Head|p2a: Grimmsnarl
|-supereffective|p2a: Grimmsnarl
|-damage|p2a: Grimmsnarl|0 fnt
|faint|p2a: Grimmsnarl
|
|upkeep
|
|switch|p2a: Chandelure|Chandelure, M, shiny|100/100
|turn|15
|c|☆kahnabyss|!weakness chandelure
|html|Chandelure (ignoring abilities):Weaknesses: Dark, Ghost, Ground, Rock, WaterResistances: Bug, Fairy, Fire, Grass, Ice, Poison, SteelImmunities: Fighting, Normal
|
|move|p1a: Bisharp|Sucker Punch|p2a: Chandelure
|-supereffective|p2a: Chandelure
|-damage|p2a: Chandelure|0 fnt
|faint|p2a: Chandelure
|
|upkeep
|
|switch|p2a: Corviknight|Corviknight, M|100/100
|turn|16
|
|switch|p1a: Rotom|Rotom-Heat, shiny|100/100
|move|p2a: Corviknight|Bulk Up|p2a: Corviknight
|-boost|p2a: Corviknight|atk|1
|-boost|p2a: Corviknight|def|1
|
|upkeep
|turn|17
|
|move|p1a: Rotom|Overheat|p2a: Corviknight
|-supereffective|p2a: Corviknight
|-damage|p2a: Corviknight|59/100
|-enditem|p2a: Corviknight|Weakness Policy
|-boost|p2a: Corviknight|atk|2
|-boost|p2a: Corviknight|spa|2
|-unboost|p1a: Rotom|spa|2
|move|p2a: Corviknight|Bulk Up|p2a: Corviknight
|-boost|p2a: Corviknight|atk|1
|-boost|p2a: Corviknight|def|1
|
|upkeep
|turn|18
|
|move|p1a: Rotom|Will-O-Wisp|p2a: Corviknight
|-status|p2a: Corviknight|brn
|move|p2a: Corviknight|Bulk Up|p2a: Corviknight
|-boost|p2a: Corviknight|atk|1
|-boost|p2a: Corviknight|def|1
|
|-damage|p2a: Corviknight|53/100 brn|[from] brn
|upkeep
|turn|19
|
|move|p1a: Rotom|Overheat|p2a: Corviknight
|-supereffective|p2a: Corviknight
|-damage|p2a: Corviknight|31/100 brn
|-unboost|p1a: Rotom|spa|2
|move|p2a: Corviknight|Power Trip|p1a: Rotom
|-damage|p1a: Rotom|0 fnt
|faint|p1a: Rotom
|
|-damage|p2a: Corviknight|25/100 brn|[from] brn
|upkeep
|inactive|kahnabyss has 120 seconds left.
|
|switch|p1a: Toxapex|Toxapex, M, shiny|100/100
|-activate|p1a: Toxapex|move: Sticky Web
|-unboost|p1a: Toxapex|spe|1
|turn|20
|
|move|p1a: Toxapex|Baneful Bunker|p1a: Toxapex
|-singleturn|p1a: Toxapex|move: Protect
|move|p2a: Corviknight|Power Trip|p1a: Toxapex
|-activate|p1a: Toxapex|move: Protect
|
|-damage|p2a: Corviknight|19/100 brn|[from] brn
|-sideend|p2: mdsxm|move: Light Screen
|upkeep
|turn|21
|inactive|kahnabyss has 120 seconds left.
|
|switch|p1a: Bisharp|Bisharp, F|41/100
|-activate|p1a: Bisharp|move: Sticky Web
|-unboost|p1a: Bisharp|spe|1
|-ability|p1a: Bisharp|Defiant
|-boost|p1a: Bisharp|atk|2
|move|p2a: Corviknight|Power Trip|p1a: Bisharp
|-resisted|p1a: Bisharp
|-damage|p1a: Bisharp|0 fnt
|faint|p1a: Bisharp
|
|-damage|p2a: Corviknight|12/100 brn|[from] brn
|-sideend|p2: mdsxm|Reflect
|upkeep
|inactive|kahnabyss has 120 seconds left.
|
|switch|p1a: Toxapex|Toxapex, M, shiny|100/100
|-activate|p1a: Toxapex|move: Sticky Web
|-unboost|p1a: Toxapex|spe|1
|turn|22
|inactive|kahnabyss has 120 seconds left.
|
|move|p1a: Toxapex|Baneful Bunker|p1a: Toxapex
|-singleturn|p1a: Toxapex|move: Protect
|move|p2a: Corviknight|Power Trip|p1a: Toxapex
|-activate|p1a: Toxapex|move: Protect
|
|-damage|p2a: Corviknight|6/100 brn|[from] brn
|upkeep
|turn|23
|
|move|p1a: Toxapex|Baneful Bunker|p1a: Toxapex
|-singleturn|p1a: Toxapex|move: Protect
|move|p2a: Corviknight|Roost|p2a: Corviknight
|-heal|p2a: Corviknight|56/100 brn
|-singleturn|p2a: Corviknight|move: Roost
|
|-damage|p2a: Corviknight|50/100 brn|[from] brn
|upkeep
|turn|24
|
|move|p2a: Corviknight|Power Trip|p1a: Toxapex
|-damage|p1a: Toxapex|38/100
|move|p1a: Toxapex|Scald|p2a: Corviknight
|-crit|p2a: Corviknight
|-damage|p2a: Corviknight|31/100 brn
|
|-heal|p1a: Toxapex|44/100|[from] item: Black Sludge
|-damage|p2a: Corviknight|25/100 brn|[from] brn
|upkeep
|turn|25
|
|switch|p1a: Dragapult|Dragapult, F|100/100
|-activate|p1a: Dragapult|move: Sticky Web
|-unboost|p1a: Dragapult|spe|1
|move|p2a: Corviknight|Power Trip|p1a: Dragapult
|-supereffective|p1a: Dragapult
|-damage|p1a: Dragapult|0 fnt
|faint|p1a: Dragapult
|
|-damage|p2a: Corviknight|19/100 brn|[from] brn
|upkeep
|inactive|kahnabyss has 120 seconds left.
|
|switch|p1a: Toxapex|Toxapex, M, shiny|77/100
|-activate|p1a: Toxapex|move: Sticky Web
|-unboost|p1a: Toxapex|spe|1
|turn|26
|
|move|p2a: Corviknight|Power Trip|p1a: Toxapex
|-damage|p1a: Toxapex|20/100
|move|p1a: Toxapex|Scald|p2a: Corviknight
|-damage|p2a: Corviknight|7/100 brn
|
|-heal|p1a: Toxapex|26/100|[from] item: Black Sludge
|-damage|p2a: Corviknight|1/100 brn|[from] brn
|upkeep
|turn|27
|
|move|p2a: Corviknight|Roost|p2a: Corviknight
|-heal|p2a: Corviknight|51/100 brn
|-singleturn|p2a: Corviknight|move: Roost
|move|p1a: Toxapex|Recover|p1a: Toxapex
|-heal|p1a: Toxapex|76/100
|
|-heal|p1a: Toxapex|82/100|[from] item: Black Sludge
|-damage|p2a: Corviknight|45/100 brn|[from] brn
|upkeep
|turn|28
|
|move|p1a: Toxapex|Baneful Bunker|p1a: Toxapex
|-singleturn|p1a: Toxapex|move: Protect
|move|p2a: Corviknight|Roost|p2a: Corviknight
|-heal|p2a: Corviknight|95/100 brn
|-singleturn|p2a: Corviknight|move: Roost
|
|-heal|p1a: Toxapex|88/100|[from] item: Black Sludge
|-damage|p2a: Corviknight|89/100 brn|[from] brn
|upkeep
|turn|29
|
|move|p2a: Corviknight|Roost|p2a: Corviknight
|-heal|p2a: Corviknight|100/100 brn
|-singleturn|p2a: Corviknight|move: Roost
|move|p1a: Toxapex|Scald|p2a: Corviknight
|-damage|p2a: Corviknight|89/100 brn
|
|-heal|p1a: Toxapex|95/100|[from] item: Black Sludge
|-damage|p2a: Corviknight|82/100 brn|[from] brn
|upkeep
|turn|30
|
|move|p1a: Toxapex|Baneful Bunker|p1a: Toxapex
|-singleturn|p1a: Toxapex|move: Protect
|move|p2a: Corviknight|Bulk Up|p2a: Corviknight
|-boost|p2a: Corviknight|atk|1
|-boost|p2a: Corviknight|def|1
|
|-heal|p1a: Toxapex|100/100|[from] item: Black Sludge
|-damage|p2a: Corviknight|76/100 brn|[from] brn
|upkeep
|turn|31
|
|move|p2a: Corviknight|Power Trip|p1a: Toxapex
|-damage|p1a: Toxapex|22/100
|move|p1a: Toxapex|Scald|p2a: Corviknight
|-damage|p2a: Corviknight|63/100 brn
|
|-heal|p1a: Toxapex|28/100|[from] item: Black Sludge
|-damage|p2a: Corviknight|57/100 brn|[from] brn
|upkeep
|turn|32
|
|move|p1a: Toxapex|Baneful Bunker|p1a: Toxapex
|-singleturn|p1a: Toxapex|move: Protect
|move|p2a: Corviknight|Agility|p2a: Corviknight
|-boost|p2a: Corviknight|spe|2
|
|-heal|p1a: Toxapex|35/100|[from] item: Black Sludge
|-damage|p2a: Corviknight|51/100 brn|[from] brn
|upkeep
|turn|33
|
|move|p1a: Toxapex|Baneful Bunker||[still]
|-fail|p1a: Toxapex
|move|p2a: Corviknight|Power Trip|p1a: Toxapex
|-damage|p1a: Toxapex|0 fnt
|faint|p1a: Toxapex
|
|-damage|p2a: Corviknight|45/100 brn|[from] brn
|upkeep
|
|switch|p1a: Hawlucha|Hawlucha, F, shiny|100/100
|turn|34
|
|move|p2a: Corviknight|Power Trip|p1a: Hawlucha
|-resisted|p1a: Hawlucha
|-damage|p1a: Hawlucha|20/100
|move|p1a: Hawlucha|High Jump Kick|p2a: Corviknight
|-damage|p2a: Corviknight|25/100 brn
|
|-damage|p2a: Corviknight|19/100 brn|[from] brn
|upkeep
|turn|35
|
|move|p2a: Corviknight|Power Trip|p1a: Hawlucha
|-resisted|p1a: Hawlucha
|-damage|p1a: Hawlucha|0 fnt
|faint|p1a: Hawlucha
|
|win|mdsxm
|raw|kahnabyss's rating: 1086 → 1062(-24 for losing)
|raw|mdsxm's rating: 1070 → 1101(+31 for winning)
