|ScrapeTime|2020-01-02-01:25:11
|j|☆SofiaHdzMeldendez
|j|☆Fuxor
|player|p1|SofiaHdzMeldendez|elesa|1341
|player|p2|Fuxor|170|1340
|teamsize|p1|6
|teamsize|p2|6
|gametype|singles
|gen|8
|tier|[Gen 8] OU
|rated|
|rule|Sleep Clause Mod: Limit one foe put to sleep
|rule|Species Clause: Limit one of each Pokémon
|rule|OHKO Clause: OHKO moves are banned
|rule|Evasion Moves Clause: Evasion moves are banned
|rule|Endless Battle Clause: Forcing endless battles is banned
|rule|HP Percentage Mod: HP is shown in percentages
|clearpoke
|poke|p1|Conkeldurr, M|
|poke|p1|Aegislash, M|
|poke|p1|Seismitoad, M|
|poke|p1|Mandibuzz, F|
|poke|p1|Centiskorch, M|
|poke|p1|Hydreigon, M|
|poke|p2|Ferrothorn, F|
|poke|p2|Toxtricity, M|
|poke|p2|Hitmonlee, M|
|poke|p2|Hydreigon, F|
|poke|p2|Togedemaru, M|
|poke|p2|Mandibuzz, F|
|rule|Dynamax Clause: You cannot dynamax
|teampreview
|
|start
|switch|p1a: Mandibuzz|Mandibuzz, F|100/100
|switch|p2a: Toxtricity|Toxtricity, M|100/100
|turn|1
|
|switch|p1a: Aegislash|Aegislash, M|100/100
|move|p2a: Toxtricity|Boomburst|p1a: Aegislash
|-immune|p1a: Aegislash
|
|upkeep
|turn|2
|
|switch|p2a: Mandibuzz|Mandibuzz, F|100/100
|move|p1a: Aegislash|Substitute|p1a: Aegislash
|-start|p1a: Aegislash|Substitute
|-damage|p1a: Aegislash|76/100
|
|-heal|p1a: Aegislash|82/100|[from] item: Leftovers
|upkeep
|turn|3
|
|move|p1a: Aegislash|King's Shield|p1a: Aegislash
|-singleturn|p1a: Aegislash|Protect
|move|p2a: Mandibuzz|Knock Off|p1a: Aegislash
|-activate|p1a: Aegislash|move: Protect
|-unboost|p2a: Mandibuzz|atk|1
|
|-heal|p1a: Aegislash|88/100|[from] item: Leftovers
|upkeep
|turn|4
|
|move|p2a: Mandibuzz|Knock Off|p1a: Aegislash
|-supereffective|p1a: Aegislash
|-end|p1a: Aegislash|Substitute
|-formechange|p1a: Aegislash|Aegislash-Blade||[from] ability: Stance Change
|move|p1a: Aegislash|Flash Cannon|p2a: Mandibuzz
|-damage|p2a: Mandibuzz|73/100
|
|-heal|p1a: Aegislash|94/100|[from] item: Leftovers
|upkeep
|turn|5
|
|-formechange|p1a: Aegislash|Aegislash||[from] ability: Stance Change
|move|p1a: Aegislash|King's Shield|p1a: Aegislash
|-singleturn|p1a: Aegislash|Protect
|move|p2a: Mandibuzz|Roost|p2a: Mandibuzz
|-heal|p2a: Mandibuzz|100/100
|-singleturn|p2a: Mandibuzz|move: Roost
|
|-heal|p1a: Aegislash|99/100|[from] item: Leftovers
|upkeep
|turn|6
|
|switch|p1a: Seismitoad|Seismitoad, M|100/100
|move|p2a: Mandibuzz|Knock Off|p1a: Seismitoad
|-damage|p1a: Seismitoad|90/100
|-enditem|p1a: Seismitoad|Leftovers|[from] move: Knock Off|[of] p2a: Mandibuzz
|
|upkeep
|turn|7
|
|move|p2a: Mandibuzz|Taunt|p1a: Seismitoad
|-start|p1a: Seismitoad|move: Taunt
|cant|p1a: Seismitoad|move: Taunt|Stealth Rock
|
|upkeep
|turn|8
|
|switch|p1a: Centiskorch|Centiskorch, M|100/100
|move|p2a: Mandibuzz|Knock Off|p1a: Centiskorch
|-damage|p1a: Centiskorch|80/100
|-enditem|p1a: Centiskorch|Assault Vest|[from] move: Knock Off|[of] p2a: Mandibuzz
|
|upkeep
|turn|9
|
|move|p1a: Centiskorch|Fire Lash|p2a: Mandibuzz
|-damage|p2a: Mandibuzz|65/100
|-unboost|p2a: Mandibuzz|def|1
|move|p2a: Mandibuzz|Taunt|p1a: Centiskorch
|-start|p1a: Centiskorch|move: Taunt
|
|upkeep
|turn|10
|
|switch|p2a: Hydreigon|Hydreigon, F|100/100
|move|p1a: Centiskorch|Leech Life|p2a: Hydreigon
|-supereffective|p2a: Hydreigon
|-damage|p2a: Hydreigon|3/100
|-heal|p1a: Centiskorch|100/100|[from] drain|[of] p2a: Hydreigon
|
|upkeep
|turn|11
|
|switch|p1a: Mandibuzz|Mandibuzz, F|100/100
|move|p2a: Hydreigon|Dragon Pulse|p1a: Mandibuzz
|-damage|p1a: Mandibuzz|73/100
|
|upkeep
|turn|12
|
|switch|p2a: Toxtricity|Toxtricity, M|100/100
|switch|p1a: Centiskorch|Centiskorch, M|100/100
|
|upkeep
|turn|13
|
|switch|p1a: Seismitoad|Seismitoad, M|90/100
|move|p2a: Toxtricity|Overdrive|p1a: Seismitoad
|-immune|p1a: Seismitoad
|
|upkeep
|turn|14
|
|switch|p2a: Mandibuzz|Mandibuzz, F|65/100
|move|p1a: Seismitoad|Stealth Rock|p2a: Mandibuzz
|-sidestart|p2: Fuxor|move: Stealth Rock
|
|upkeep
|turn|15
|
|switch|p1a: Conkeldurr|Conkeldurr, M|100/100
|move|p2a: Mandibuzz|Defog|p1a: Conkeldurr
|-unboost|p1a: Conkeldurr|evasion|1
|-sideend|p2: Fuxor|Stealth Rock|[from] move: Defog|[of] p2a: Mandibuzz
|
|-status|p1a: Conkeldurr|brn|[from] item: Flame Orb
|upkeep
|turn|16
|
|move|p2a: Mandibuzz|Roost|p2a: Mandibuzz
|-heal|p2a: Mandibuzz|100/100
|-singleturn|p2a: Mandibuzz|move: Roost
|move|p1a: Conkeldurr|Drain Punch|p2a: Mandibuzz
|-supereffective|p2a: Mandibuzz
|-damage|p2a: Mandibuzz|0 fnt
|faint|p2a: Mandibuzz
|
|-damage|p1a: Conkeldurr|94/100 brn|[from] brn
|upkeep
|
|switch|p2a: Toxtricity|Toxtricity, M|100/100
|turn|17
|
|switch|p1a: Aegislash|Aegislash, M|99/100
|move|p2a: Toxtricity|Boomburst|p1a: Aegislash
|-immune|p1a: Aegislash
|
|-heal|p1a: Aegislash|100/100|[from] item: Leftovers
|upkeep
|turn|18
|
|move|p2a: Toxtricity|Overdrive|p1a: Aegislash
|-damage|p1a: Aegislash|52/100
|-enditem|p2a: Toxtricity|Throat Spray
|-boost|p2a: Toxtricity|spa|1
|move|p1a: Aegislash|Substitute|p1a: Aegislash
|-start|p1a: Aegislash|Substitute
|-damage|p1a: Aegislash|27/100
|
|-heal|p1a: Aegislash|33/100|[from] item: Leftovers
|upkeep
|turn|19
|
|move|p1a: Aegislash|King's Shield|p1a: Aegislash
|-singleturn|p1a: Aegislash|Protect
|move|p2a: Toxtricity|Overdrive|p1a: Aegislash
|-activate|p1a: Aegislash|move: Protect
|
|-heal|p1a: Aegislash|39/100|[from] item: Leftovers
|upkeep
|turn|20
|
|switch|p1a: Seismitoad|Seismitoad, M|90/100
|move|p2a: Toxtricity|Overdrive|p1a: Seismitoad
|-immune|p1a: Seismitoad
|
|upkeep
|turn|21
|
|switch|p1a: Aegislash|Aegislash, M|39/100
|move|p2a: Toxtricity|Boomburst|p1a: Aegislash
|-immune|p1a: Aegislash
|
|-heal|p1a: Aegislash|45/100|[from] item: Leftovers
|upkeep
|turn|22
|
|move|p1a: Aegislash|King's Shield|p1a: Aegislash
|-singleturn|p1a: Aegislash|Protect
|move|p2a: Toxtricity|Overdrive|p1a: Aegislash
|-activate|p1a: Aegislash|move: Protect
|
|-heal|p1a: Aegislash|51/100|[from] item: Leftovers
|upkeep
|turn|23
|
|move|p2a: Toxtricity|Overdrive|p1a: Aegislash
|-damage|p1a: Aegislash|0 fnt
|faint|p1a: Aegislash
|
|upkeep
|
|switch|p1a: Hydreigon|Hydreigon, M|100/100
|turn|24
|
|move|p1a: Hydreigon|Draco Meteor|p2a: Toxtricity
|-damage|p2a: Toxtricity|0 fnt
|-unboost|p1a: Hydreigon|spa|2
|faint|p2a: Toxtricity
|
|upkeep
|
|switch|p2a: Ferrothorn|Ferrothorn, F|100/100
|turn|25
|
|switch|p1a: Centiskorch|Centiskorch, M|100/100
|move|p2a: Ferrothorn|Leech Seed|p1a: Centiskorch
|-start|p1a: Centiskorch|move: Leech Seed
|
|-damage|p1a: Centiskorch|88/100|[from] Leech Seed|[of] p2a: Ferrothorn
|upkeep
|turn|26
|
|move|p1a: Centiskorch|Fire Lash|p2a: Ferrothorn
|-supereffective|p2a: Ferrothorn
|-damage|p2a: Ferrothorn|0 fnt
|-damage|p1a: Centiskorch|76/100|[from] ability: Iron Barbs|[of] p2a: Ferrothorn
|faint|p2a: Ferrothorn
|
|upkeep
|
|switch|p2a: Hitmonlee|Hitmonlee, M|100/100
|turn|27
|
|move|p2a: Hitmonlee|Fake Out|p1a: Centiskorch
|-enditem|p2a: Hitmonlee|Normal Gem|[from] gem|[move] Fake Out
|-damage|p1a: Centiskorch|48/100
|cant|p1a: Centiskorch|flinch
|
|-damage|p1a: Centiskorch|36/100|[from] Leech Seed|[of] p2a: Hitmonlee
|upkeep
|turn|28
|
|move|p2a: Hitmonlee|Earthquake|p1a: Centiskorch
|-damage|p1a: Centiskorch|0 fnt
|faint|p1a: Centiskorch
|
|upkeep
|
|switch|p1a: Conkeldurr|Conkeldurr, M|94/100 brn
|turn|29
|
|move|p2a: Hitmonlee|Close Combat|p1a: Conkeldurr
|-damage|p1a: Conkeldurr|42/100 brn
|-unboost|p2a: Hitmonlee|def|1
|-unboost|p2a: Hitmonlee|spd|1
|move|p1a: Conkeldurr|Drain Punch|p2a: Hitmonlee
|-damage|p2a: Hitmonlee|0 fnt
|-heal|p1a: Conkeldurr|79/100 brn|[from] drain|[of] p2a: Hitmonlee
|faint|p2a: Hitmonlee
|
|-damage|p1a: Conkeldurr|73/100 brn|[from] brn
|upkeep
|
|switch|p2a: Togedemaru|Togedemaru, M|100/100
|turn|30
|
|move|p1a: Conkeldurr|Mach Punch|p2a: Togedemaru
|-supereffective|p2a: Togedemaru
|-damage|p2a: Togedemaru|0 fnt
|faint|p2a: Togedemaru
|
|-damage|p1a: Conkeldurr|67/100 brn|[from] brn
|upkeep
|c|☆SofiaHdzMeldendez|gg
|
|switch|p2a: Hydreigon|Hydreigon, F|3/100
|turn|31
|
|move|p1a: Conkeldurr|Mach Punch|p2a: Hydreigon
|-supereffective|p2a: Hydreigon
|-damage|p2a: Hydreigon|0 fnt
|faint|p2a: Hydreigon
|
|win|SofiaHdzMeldendez
|l|☆Fuxor
|raw|SofiaHdzMeldendez's rating: 1322 → 1343(+21 for winning)
|raw|Fuxor's rating: 1340 → 1319(-21 for losing)
