|ScrapeTime|2020-01-03-01:58:45
|j|☆Jiibriil
|j|☆TestSubject88
|player|p1|Jiibriil|yellow|1513
|player|p2|TestSubject88|wally|1478
|teamsize|p1|6
|teamsize|p2|6
|gametype|singles
|gen|8
|tier|[Gen 8] OU
|rated|
|rule|Sleep Clause Mod: Limit one foe put to sleep
|rule|Species Clause: Limit one of each Pokémon
|rule|OHKO Clause: OHKO moves are banned
|rule|Evasion Moves Clause: Evasion moves are banned
|rule|Endless Battle Clause: Forcing endless battles is banned
|rule|HP Percentage Mod: HP is shown in percentages
|clearpoke
|poke|p1|Corviknight, M|
|poke|p1|Dragapult, F|
|poke|p1|Hydreigon, M|
|poke|p1|Dugtrio, F|
|poke|p1|Cinderace, F|
|poke|p1|Gastrodon-East, M|
|poke|p2|Obstagoon, M|
|poke|p2|Corviknight, M|
|poke|p2|Seismitoad, F|
|poke|p2|Gengar, F|
|poke|p2|Cinderace, F|
|poke|p2|Clefable, M|
|rule|Dynamax Clause: You cannot dynamax
|teampreview
|inactive|Battle timer is ON: inactive players will automatically lose when time's up. (requested by Jiibriil)
|
|start
|switch|p1a: Cerberus|Hydreigon, M|100/100
|switch|p2a: Cinderace|Cinderace, F|100/100
|turn|1
|
|move|p2a: Cinderace|U-turn|p1a: Cerberus
|-supereffective|p1a: Cerberus
|-damage|p1a: Cerberus|51/100
|
|switch|p2a: Clefable|Clefable, M|100/100|[from]move: U-turn
|move|p1a: Cerberus|U-turn|p2a: Clefable
|-resisted|p2a: Clefable
|-damage|p2a: Clefable|93/100
|
|switch|p1a: The Ooze|Gastrodon-East, M|100/100|[from]move: U-turn
|
|-heal|p2a: Clefable|99/100|[from] item: Leftovers
|upkeep
|turn|2
|inactive|TestSubject88 has 120 seconds left.
|
|move|p2a: Clefable|Wish|p2a: Clefable
|move|p1a: The Ooze|Sludge Wave|p2a: Clefable
|-supereffective|p2a: Clefable
|-damage|p2a: Clefable|68/100
|
|-heal|p2a: Clefable|74/100|[from] item: Leftovers
|upkeep
|turn|3
|
|switch|p2a: Obstagoon|Obstagoon, M|100/100
|move|p1a: The Ooze|Earth Power|p2a: Obstagoon
|-damage|p2a: Obstagoon|62/100
|
|-heal|p2a: Obstagoon|100/100|[from] move: Wish|[wisher] Clefable
|-status|p2a: Obstagoon|brn|[from] item: Flame Orb
|upkeep
|turn|4
|
|switch|p1a: Cerberus|Hydreigon, M|51/100
|move|p2a: Obstagoon|Bulk Up|p2a: Obstagoon
|-boost|p2a: Obstagoon|atk|1
|-boost|p2a: Obstagoon|def|1
|
|-damage|p2a: Obstagoon|94/100 brn|[from] brn
|upkeep
|turn|5
|
|switch|p2a: Clefable|Clefable, M|74/100
|move|p1a: Cerberus|Draco Meteor|p2a: Clefable
|-immune|p2a: Clefable
|
|-heal|p2a: Clefable|80/100|[from] item: Leftovers
|upkeep
|turn|6
|
|switch|p1a: Liberotard|Cinderace, F|100/100
|move|p2a: Clefable|Wish|p2a: Clefable
|
|-heal|p2a: Clefable|87/100|[from] item: Leftovers
|upkeep
|turn|7
|
|switch|p2a: Seismitoad|Seismitoad, F|100/100
|move|p1a: Liberotard|Taunt|p2a: Seismitoad
|-start|p2a: Seismitoad|move: Taunt
|
|upkeep
|turn|8
|
|move|p1a: Liberotard|U-turn|p2a: Seismitoad
|-damage|p2a: Seismitoad|84/100
|
|switch|p1a: The Ooze|Gastrodon-East, M|100/100|[from]move: U-turn
|move|p2a: Seismitoad|Scald|p1a: The Ooze
|-ability|p1a: The Ooze|Storm Drain|boost
|-boost|p1a: The Ooze|spa|1
|
|-heal|p2a: Seismitoad|90/100|[from] item: Leftovers
|upkeep
|turn|9
|
|switch|p2a: Corviknight|Corviknight, M|100/100
|-ability|p2a: Corviknight|Pressure
|move|p1a: The Ooze|Scald|p2a: Corviknight
|-damage|p2a: Corviknight|70/100
|
|-heal|p2a: Corviknight|77/100|[from] item: Leftovers
|upkeep
|turn|10
|
|move|p2a: Corviknight|U-turn|p1a: The Ooze
|-damage|p1a: The Ooze|84/100
|
|switch|p2a: Seismitoad|Seismitoad, F|90/100|[from]move: U-turn
|move|p1a: The Ooze|Earth Power|p2a: Seismitoad
|-damage|p2a: Seismitoad|48/100
|
|-heal|p2a: Seismitoad|54/100|[from] item: Leftovers
|-heal|p1a: The Ooze|90/100|[from] item: Leftovers
|upkeep
|turn|11
|
|move|p2a: Seismitoad|Stealth Rock|p1a: The Ooze
|-sidestart|p1: Jiibriil|move: Stealth Rock
|move|p1a: The Ooze|Earth Power|p2a: Seismitoad
|-damage|p2a: Seismitoad|6/100
|
|-heal|p2a: Seismitoad|12/100|[from] item: Leftovers
|-heal|p1a: The Ooze|97/100|[from] item: Leftovers
|upkeep
|turn|12
|
|move|p2a: Seismitoad|Toxic|p1a: The Ooze
|-status|p1a: The Ooze|tox
|move|p1a: The Ooze|Earth Power|p2a: Seismitoad
|-damage|p2a: Seismitoad|0 fnt
|faint|p2a: Seismitoad
|
|-heal|p1a: The Ooze|100/100 tox|[from] item: Leftovers
|-damage|p1a: The Ooze|94/100 tox|[from] psn
|upkeep
|
|switch|p2a: Obstagoon|Obstagoon, M|94/100 brn
|turn|13
|
|move|p2a: Obstagoon|Bulk Up|p2a: Obstagoon
|-boost|p2a: Obstagoon|atk|1
|-boost|p2a: Obstagoon|def|1
|move|p1a: The Ooze|Earth Power|p2a: Obstagoon
|-damage|p2a: Obstagoon|37/100 brn
|
|-heal|p1a: The Ooze|100/100 tox|[from] item: Leftovers
|-damage|p2a: Obstagoon|30/100 brn|[from] brn
|-damage|p1a: The Ooze|88/100 tox|[from] psn
|upkeep
|turn|14
|
|move|p2a: Obstagoon|Knock Off|p1a: The Ooze
|-damage|p1a: The Ooze|0 fnt
|-enditem|p1a: The Ooze|Leftovers|[from] move: Knock Off|[of] p2a: Obstagoon
|faint|p1a: The Ooze
|
|-damage|p2a: Obstagoon|24/100 brn|[from] brn
|upkeep
|
|switch|p1a: Cerberus|Hydreigon, M|51/100
|-damage|p1a: Cerberus|38/100|[from] Stealth Rock
|turn|15
|
|switch|p2a: Gengar|Gengar, F|100/100
|move|p1a: Cerberus|U-turn|p2a: Gengar
|-resisted|p2a: Gengar
|-damage|p2a: Gengar|94/100
|
|switch|p1a: Fletchette|Dragapult, F|100/100|[from]move: U-turn
|-damage|p1a: Fletchette|88/100|[from] Stealth Rock
|
|upkeep
|turn|16
|
|switch|p2a: Clefable|Clefable, M|87/100
|move|p1a: Fletchette|U-turn|p2a: Clefable
|-resisted|p2a: Clefable
|-damage|p2a: Clefable|72/100
|-damage|p1a: Fletchette|78/100|[from] item: Life Orb
|
|switch|p1a: Triple Dicklett|Dugtrio, F|100/100|[from]move: U-turn
|-damage|p1a: Triple Dicklett|94/100|[from] Stealth Rock
|
|-heal|p2a: Clefable|78/100|[from] item: Leftovers
|upkeep
|turn|17
|
|move|p2a: Clefable|Protect|p2a: Clefable
|-singleturn|p2a: Clefable|Protect
|move|p1a: Triple Dicklett|Earthquake|p2a: Clefable
|-activate|p2a: Clefable|move: Protect
|
|-heal|p2a: Clefable|85/100|[from] item: Leftovers
|upkeep
|turn|18
|
|move|p1a: Triple Dicklett|Earthquake|p2a: Clefable
|-damage|p2a: Clefable|43/100
|move|p2a: Clefable|Wish|p2a: Clefable
|
|-heal|p2a: Clefable|49/100|[from] item: Leftovers
|upkeep
|turn|19
|
|switch|p1a: Liberotard|Cinderace, F|100/100
|move|p2a: Clefable|Protect||[still]
|-fail|p2a: Clefable
|
|-heal|p2a: Clefable|99/100|[from] move: Wish|[wisher] Clefable
|-heal|p2a: Clefable|100/100|[from] item: Leftovers
|upkeep
|turn|20
|
|move|p1a: Liberotard|Court Change|p1a: Liberotard
|-sideend|p1: Jiibriil|Stealth Rock|[silent]
|-sidestart|p2: TestSubject88|Stealth Rock|[silent]
|-activate|p1a: Liberotard|move: Court Change
|move|p2a: Clefable|Thunder Wave|p1a: Liberotard|[miss]
|-miss|p2a: Clefable|p1a: Liberotard
|
|upkeep
|turn|21
|c|☆Jiibriil|f
|
|move|p2a: Clefable|Protect|p2a: Clefable
|-singleturn|p2a: Clefable|Protect
|move|p1a: Liberotard|Pyro Ball|p2a: Clefable
|-activate|p2a: Clefable|move: Protect
|
|upkeep
|turn|22
|inactive|TestSubject88 has 120 seconds left.
|
|move|p1a: Liberotard|Pyro Ball|p2a: Clefable
|-damage|p2a: Clefable|43/100
|move|p2a: Clefable|Thunder Wave|p1a: Liberotard
|-status|p1a: Liberotard|par
|
|-heal|p2a: Clefable|49/100|[from] item: Leftovers
|upkeep
|turn|23
|
|move|p2a: Clefable|Protect|p2a: Clefable
|-singleturn|p2a: Clefable|Protect
|cant|p1a: Liberotard|par
|
|-heal|p2a: Clefable|55/100|[from] item: Leftovers
|upkeep
|turn|24
|inactive|TestSubject88 has 120 seconds left.
|
|switch|p2a: Obstagoon|Obstagoon, M|24/100 brn
|-damage|p2a: Obstagoon|12/100 brn|[from] Stealth Rock
|move|p1a: Liberotard|Pyro Ball|p2a: Obstagoon
|-damage|p2a: Obstagoon|0 fnt
|faint|p2a: Obstagoon
|
|upkeep
|
|switch|p2a: Gengar|Gengar, F|94/100
|-damage|p2a: Gengar|82/100|[from] Stealth Rock
|turn|25
|
|move|p2a: Gengar|Sludge Wave|p1a: Liberotard
|-damage|p1a: Liberotard|12/100 par
|-damage|p2a: Gengar|72/100|[from] item: Life Orb
|move|p1a: Liberotard|U-turn|p2a: Gengar
|-resisted|p2a: Gengar
|-damage|p2a: Gengar|61/100
|
|switch|p1a: Cerberus|Hydreigon, M|38/100|[from]move: U-turn
|
|upkeep
|turn|26
|
|switch|p2a: Clefable|Clefable, M|55/100
|move|p1a: Cerberus|Dark Pulse|p2a: Clefable
|-resisted|p2a: Clefable
|-damage|p2a: Clefable|39/100
|
|-heal|p2a: Clefable|45/100|[from] item: Leftovers
|upkeep
|turn|27
|
|switch|p1a: Liberotard|Cinderace, F|12/100 par
|move|p2a: Clefable|Wish|p2a: Clefable
|
|-heal|p2a: Clefable|51/100|[from] item: Leftovers
|upkeep
|turn|28
|
|move|p2a: Clefable|Protect|p2a: Clefable
|-singleturn|p2a: Clefable|Protect
|cant|p1a: Liberotard|par
|
|-heal|p2a: Clefable|100/100|[from] move: Wish|[wisher] Clefable
|upkeep
|turn|29
|
|move|p1a: Liberotard|Taunt|p2a: Clefable
|-start|p2a: Clefable|move: Taunt
|move|p2a: Clefable|Moonblast|p1a: Liberotard
|-resisted|p1a: Liberotard
|-damage|p1a: Liberotard|0 fnt
|faint|p1a: Liberotard
|
|upkeep
|
|switch|p1a: Triple Dicklett|Dugtrio, F|94/100
|turn|30
|
|move|p1a: Triple Dicklett|Earthquake|p2a: Clefable
|-damage|p2a: Clefable|62/100
|move|p2a: Clefable|Moonblast|p1a: Triple Dicklett
|-damage|p1a: Triple Dicklett|32/100
|
|-heal|p2a: Clefable|68/100|[from] item: Leftovers
|upkeep
|turn|31
|
|move|p1a: Triple Dicklett|Earthquake|p2a: Clefable
|-damage|p2a: Clefable|30/100
|move|p2a: Clefable|Moonblast|p1a: Triple Dicklett
|-damage|p1a: Triple Dicklett|0 fnt
|faint|p1a: Triple Dicklett
|
|-heal|p2a: Clefable|37/100|[from] item: Leftovers
|-end|p2a: Clefable|move: Taunt
|upkeep
|
|switch|p1a: Excali-bird|Corviknight, M|100/100
|-ability|p1a: Excali-bird|Pressure
|turn|32
|inactive|TestSubject88 has 120 seconds left.
|
|switch|p2a: Gengar|Gengar, F|61/100
|-damage|p2a: Gengar|48/100|[from] Stealth Rock
|move|p1a: Excali-bird|Substitute|p1a: Excali-bird
|-start|p1a: Excali-bird|Substitute
|-damage|p1a: Excali-bird|75/100
|
|-heal|p1a: Excali-bird|82/100|[from] item: Leftovers
|upkeep
|turn|33
|
|move|p2a: Gengar|Shadow Ball|p1a: Excali-bird
|-end|p1a: Excali-bird|Substitute
|-damage|p2a: Gengar|38/100|[from] item: Life Orb
|move|p1a: Excali-bird|Bulk Up|p1a: Excali-bird
|-boost|p1a: Excali-bird|atk|1
|-boost|p1a: Excali-bird|def|1
|
|-heal|p1a: Excali-bird|88/100|[from] item: Leftovers
|upkeep
|turn|34
|
|move|p2a: Gengar|Shadow Ball|p1a: Excali-bird
|-damage|p1a: Excali-bird|43/100
|-damage|p2a: Gengar|28/100|[from] item: Life Orb
|move|p1a: Excali-bird|Roost|p1a: Excali-bird
|-heal|p1a: Excali-bird|93/100
|-singleturn|p1a: Excali-bird|move: Roost
|
|-heal|p1a: Excali-bird|99/100|[from] item: Leftovers
|upkeep
|turn|35
|
|move|p2a: Gengar|Nasty Plot|p2a: Gengar
|-boost|p2a: Gengar|spa|2
|move|p1a: Excali-bird|Substitute|p1a: Excali-bird
|-start|p1a: Excali-bird|Substitute
|-damage|p1a: Excali-bird|74/100
|
|-heal|p1a: Excali-bird|80/100|[from] item: Leftovers
|upkeep
|turn|36
|
|move|p2a: Gengar|Shadow Ball|p1a: Excali-bird
|-end|p1a: Excali-bird|Substitute
|-damage|p2a: Gengar|19/100|[from] item: Life Orb
|move|p1a: Excali-bird|Brave Bird|p2a: Gengar
|-damage|p2a: Gengar|0 fnt
|-damage|p1a: Excali-bird|76/100|[from] Recoil
|faint|p2a: Gengar
|
|-heal|p1a: Excali-bird|82/100|[from] item: Leftovers
|upkeep
|
|switch|p2a: Cinderace|Cinderace, F|100/100
|-damage|p2a: Cinderace|76/100|[from] Stealth Rock
|turn|37
|
|move|p2a: Cinderace|Pyro Ball|p1a: Excali-bird
|-supereffective|p1a: Excali-bird
|-damage|p1a: Excali-bird|25/100
|move|p1a: Excali-bird|Roost|p1a: Excali-bird
|-heal|p1a: Excali-bird|75/100
|-singleturn|p1a: Excali-bird|move: Roost
|
|-heal|p1a: Excali-bird|81/100|[from] item: Leftovers
|upkeep
|turn|38
|
|move|p2a: Cinderace|Pyro Ball|p1a: Excali-bird
|-supereffective|p1a: Excali-bird
|-damage|p1a: Excali-bird|18/100
|move|p1a: Excali-bird|Roost|p1a: Excali-bird
|-heal|p1a: Excali-bird|68/100
|-singleturn|p1a: Excali-bird|move: Roost
|
|-heal|p1a: Excali-bird|74/100|[from] item: Leftovers
|upkeep
|turn|39
|
|move|p2a: Cinderace|Pyro Ball|p1a: Excali-bird
|-supereffective|p1a: Excali-bird
|-damage|p1a: Excali-bird|14/100
|move|p1a: Excali-bird|Roost|p1a: Excali-bird
|-heal|p1a: Excali-bird|64/100
|-singleturn|p1a: Excali-bird|move: Roost
|
|-heal|p1a: Excali-bird|70/100|[from] item: Leftovers
|upkeep
|turn|40
|
|move|p2a: Cinderace|Pyro Ball|p1a: Excali-bird
|-supereffective|p1a: Excali-bird
|-crit|p1a: Excali-bird
|-damage|p1a: Excali-bird|0 fnt
|faint|p1a: Excali-bird
|
|upkeep
|
|switch|p1a: Fletchette|Dragapult, F|78/100
|turn|41
|
|switch|p2a: Corviknight|Corviknight, M|77/100
|-damage|p2a: Corviknight|64/100|[from] Stealth Rock
|-ability|p2a: Corviknight|Pressure
|move|p1a: Fletchette|Dragon Dance|p1a: Fletchette
|-boost|p1a: Fletchette|atk|1
|-boost|p1a: Fletchette|spe|1
|
|-heal|p2a: Corviknight|70/100|[from] item: Leftovers
|upkeep
|turn|42
|
|move|p1a: Fletchette|Dragon Dance|p1a: Fletchette
|-boost|p1a: Fletchette|atk|1
|-boost|p1a: Fletchette|spe|1
|move|p2a: Corviknight|Roost|p2a: Corviknight
|-heal|p2a: Corviknight|100/100
|-singleturn|p2a: Corviknight|move: Roost
|
|upkeep
|turn|43
|
|move|p1a: Fletchette|Dragon Dance|p1a: Fletchette
|-boost|p1a: Fletchette|atk|1
|-boost|p1a: Fletchette|spe|1
|move|p2a: Corviknight|Brave Bird|p1a: Fletchette
|-damage|p1a: Fletchette|33/100
|-damage|p2a: Corviknight|88/100|[from] Recoil
|
|-heal|p2a: Corviknight|95/100|[from] item: Leftovers
|upkeep
|turn|44
|
|move|p1a: Fletchette|Phantom Force||[still]
|-prepare|p1a: Fletchette|Phantom Force|p2a: Corviknight
|move|p2a: Corviknight|Roost|p2a: Corviknight
|-heal|p2a: Corviknight|100/100
|-singleturn|p2a: Corviknight|move: Roost
|
|upkeep
|turn|45
|
|move|p1a: Fletchette|Phantom Force|p2a: Corviknight|[from]lockedmove
|-damage|p2a: Corviknight|5/100
|-damage|p1a: Fletchette|23/100|[from] item: Life Orb
|move|p2a: Corviknight|Brave Bird|p1a: Fletchette
|-damage|p1a: Fletchette|0 fnt
|-damage|p2a: Corviknight|0 fnt|[from] Recoil
|faint|p1a: Fletchette
|faint|p2a: Corviknight
|
|upkeep
|-message|Jiibriil forfeited.
|
|win|TestSubject88
|l|☆Jiibriil
|raw|Jiibriil's rating: 1514 → 1492(-22 for losing)
|raw|TestSubject88's rating: 1478 → 1500(+22 for winning)
