|ScrapeTime|2020-01-02-23:35:21
|j|☆Bfap
|j|☆GeneralAnnoyance
|player|p1|Bfap|101|1351
|player|p2|GeneralAnnoyance|66|1342
|teamsize|p1|6
|teamsize|p2|6
|gametype|singles
|gen|8
|tier|[Gen 8] OU
|rated|
|rule|Sleep Clause Mod: Limit one foe put to sleep
|rule|Species Clause: Limit one of each Pokémon
|rule|OHKO Clause: OHKO moves are banned
|rule|Evasion Moves Clause: Evasion moves are banned
|rule|Endless Battle Clause: Forcing endless battles is banned
|rule|HP Percentage Mod: HP is shown in percentages
|clearpoke
|poke|p1|Crawdaunt, M|
|poke|p1|Hatterene, F|
|poke|p1|Claydol|
|poke|p1|Musharna, F|
|poke|p1|Copperajah, F|
|poke|p1|Mimikyu, F|
|poke|p2|Rotom-Heat|
|poke|p2|Clefable, M|
|poke|p2|Dracovish|
|poke|p2|Corviknight, M|
|poke|p2|Hydreigon, M|
|poke|p2|Quagsire, M|
|rule|Dynamax Clause: You cannot dynamax
|teampreview
|inactive|Battle timer is ON: inactive players will automatically lose when time's up. (requested by Bfap)
|inactive|GeneralAnnoyance has 120 seconds left.
|
|start
|switch|p1a: Claydol|Claydol|100/100
|switch|p2a: Rotom|Rotom-Heat|100/100
|turn|1
|
|move|p2a: Rotom|Nasty Plot|p2a: Rotom
|-boost|p2a: Rotom|spa|2
|move|p1a: Claydol|Trick Room|p1a: Claydol
|-fieldstart|move: Trick Room|[of] p1a: Claydol
|
|upkeep
|turn|2
|
|move|p1a: Claydol|Stealth Rock|p2a: Rotom
|-sidestart|p2: GeneralAnnoyance|move: Stealth Rock
|move|p2a: Rotom|Overheat|p1a: Claydol|[miss]
|-miss|p2a: Rotom|p1a: Claydol
|
|upkeep
|turn|3
|
|move|p1a: Claydol|Explosion|p2a: Rotom
|-damage|p2a: Rotom|44/100
|faint|p1a: Claydol
|move|p2a: Rotom|Overheat|p1: Claydol|[notarget]
|-fail|p2a: Rotom
|
|-heal|p2a: Rotom|51/100|[from] item: Leftovers
|upkeep
|
|switch|p1a: Copperajah|Copperajah, F|100/100
|turn|4
|
|switch|p2a: Corviknight|Corviknight, M|100/100
|-damage|p2a: Corviknight|88/100|[from] Stealth Rock
|-ability|p2a: Corviknight|Pressure
|move|p1a: Copperajah|Rock Slide|p2a: Corviknight
|-damage|p2a: Corviknight|58/100
|
|-heal|p2a: Corviknight|64/100|[from] item: Leftovers
|upkeep
|turn|5
|
|switch|p2a: Quagsire|Quagsire, M|100/100
|-damage|p2a: Quagsire|94/100|[from] Stealth Rock
|move|p1a: Copperajah|Heat Crash|p2a: Quagsire
|-resisted|p2a: Quagsire
|-damage|p2a: Quagsire|76/100
|-damage|p1a: Copperajah|91/100|[from] item: Life Orb
|
|-heal|p2a: Quagsire|82/100|[from] item: Leftovers
|-fieldend|move: Trick Room
|upkeep
|turn|6
|
|move|p2a: Quagsire|Encore|p1a: Copperajah
|-start|p1a: Copperajah|Encore
|move|p1a: Copperajah|Heat Crash|p2a: Quagsire
|-resisted|p2a: Quagsire
|-damage|p2a: Quagsire|62/100
|-damage|p1a: Copperajah|81/100|[from] item: Life Orb
|
|-heal|p2a: Quagsire|68/100|[from] item: Leftovers
|upkeep
|turn|7
|
|switch|p2a: Corviknight|Corviknight, M|64/100
|-damage|p2a: Corviknight|52/100|[from] Stealth Rock
|-ability|p2a: Corviknight|Pressure
|switch|p1a: Hatterene|Hatterene, F|100/100
|
|-heal|p2a: Corviknight|58/100|[from] item: Leftovers
|upkeep
|turn|8
|
|move|p2a: Corviknight|Substitute|p2a: Corviknight
|-start|p2a: Corviknight|Substitute
|-damage|p2a: Corviknight|33/100
|move|p1a: Hatterene|Mystical Fire|p2a: Corviknight
|-supereffective|p2a: Corviknight
|-end|p2a: Corviknight|Substitute
|-damage|p1a: Hatterene|91/100|[from] item: Life Orb
|
|-heal|p2a: Corviknight|39/100|[from] item: Leftovers
|upkeep
|turn|9
|
|switch|p2a: Clefable|Clefable, M|100/100
|move|p1a: Hatterene|Mystical Fire|p2a: Clefable
|-damage|p2a: Clefable|76/100
|-unboost|p2a: Clefable|spa|1
|-damage|p1a: Hatterene|81/100|[from] item: Life Orb
|
|-heal|p2a: Clefable|82/100|[from] item: Leftovers
|upkeep
|turn|10
|
|move|p2a: Clefable|Stealth Rock|p1a: Hatterene
|move|p1a: Hatterene|Stealth Rock||[from]Magic Bounce|[still]
|-fail|p1a: Hatterene
|move|p1a: Hatterene|Trick Room|p1a: Hatterene
|-fieldstart|move: Trick Room|[of] p1a: Hatterene
|
|-heal|p2a: Clefable|89/100|[from] item: Leftovers
|upkeep
|turn|11
|
|switch|p1a: Copperajah|Copperajah, F|81/100
|move|p2a: Clefable|Moonlight|p2a: Clefable
|-heal|p2a: Clefable|100/100
|
|upkeep
|turn|12
|c|☆GeneralAnnoyance|forgot it gets that
|
|switch|p2a: Corviknight|Corviknight, M|39/100
|-damage|p2a: Corviknight|27/100|[from] Stealth Rock
|-ability|p2a: Corviknight|Pressure
|move|p1a: Copperajah|Iron Head|p2a: Corviknight
|-resisted|p2a: Corviknight
|-damage|p2a: Corviknight|5/100
|
|-heal|p2a: Corviknight|11/100|[from] item: Leftovers
|upkeep
|turn|13
|
|switch|p2a: Quagsire|Quagsire, M|68/100
|-damage|p2a: Quagsire|62/100|[from] Stealth Rock
|move|p1a: Copperajah|Iron Head|p2a: Quagsire
|-resisted|p2a: Quagsire
|-damage|p2a: Quagsire|35/100
|
|-heal|p2a: Quagsire|41/100|[from] item: Leftovers
|upkeep
|turn|14
|
|switch|p2a: Corviknight|Corviknight, M|11/100
|-damage|p2a: Corviknight|0 fnt|[from] Stealth Rock
|faint|p2a: Corviknight
|move|p1a: Copperajah|Power Whip|p2: Corviknight|[notarget]
|-fail|p1a: Copperajah
|
|-fieldend|move: Trick Room
|upkeep
|
|switch|p2a: Rotom|Rotom-Heat|51/100
|-damage|p2a: Rotom|26/100|[from] Stealth Rock
|turn|15
|inactive|Bfap has 120 seconds left.
|inactive|Bfap has 90 seconds left.
|
|switch|p1a: Musharna|Musharna, F|100/100
|move|p2a: Rotom|Overheat|p1a: Musharna
|-damage|p1a: Musharna|50/100
|-unboost|p2a: Rotom|spa|2
|
|-heal|p2a: Rotom|32/100|[from] item: Leftovers
|upkeep
|turn|16
|inactive|Bfap has 90 seconds left.
|
|move|p2a: Rotom|Volt Switch|p1a: Musharna
|-damage|p1a: Musharna|37/100
|
|switch|p2a: Quagsire|Quagsire, M|41/100|[from]move: Volt Switch
|-damage|p2a: Quagsire|35/100|[from] Stealth Rock
|move|p1a: Musharna|Trick Room|p1a: Musharna
|-fieldstart|move: Trick Room|[of] p1a: Musharna
|
|-heal|p2a: Quagsire|41/100|[from] item: Leftovers
|upkeep
|turn|17
|
|switch|p1a: Hatterene|Hatterene, F|81/100
|move|p2a: Quagsire|Recover|p2a: Quagsire
|-heal|p2a: Quagsire|91/100
|
|-heal|p2a: Quagsire|97/100|[from] item: Leftovers
|upkeep
|turn|18
|
|switch|p2a: Clefable|Clefable, M|100/100
|move|p1a: Hatterene|Psychic|p2a: Clefable
|-damage|p2a: Clefable|55/100
|-damage|p1a: Hatterene|71/100|[from] item: Life Orb
|
|-heal|p2a: Clefable|61/100|[from] item: Leftovers
|upkeep
|turn|19
|
|move|p2a: Clefable|Moonlight|p2a: Clefable
|-heal|p2a: Clefable|100/100
|move|p1a: Hatterene|Trick Room|p1a: Hatterene
|-fieldend|move: Trick Room
|
|upkeep
|turn|20
|
|move|p2a: Clefable|Moonblast|p1a: Hatterene
|-damage|p1a: Hatterene|40/100
|move|p1a: Hatterene|Trick Room|p1a: Hatterene
|-fieldstart|move: Trick Room|[of] p1a: Hatterene
|
|upkeep
|turn|21
|
|switch|p1a: Copperajah|Copperajah, F|81/100
|move|p2a: Clefable|Fire Blast|p1a: Copperajah
|-supereffective|p1a: Copperajah
|-damage|p1a: Copperajah|34/100
|
|upkeep
|turn|22
|inactive|Bfap has 120 seconds left.
|
|switch|p2a: Quagsire|Quagsire, M|97/100
|-damage|p2a: Quagsire|91/100|[from] Stealth Rock
|move|p1a: Copperajah|Iron Head|p2a: Quagsire
|-resisted|p2a: Quagsire
|-damage|p2a: Quagsire|62/100
|
|-heal|p2a: Quagsire|68/100|[from] item: Leftovers
|upkeep
|turn|23
|
|switch|p2a: Hydreigon|Hydreigon, M|100/100
|-damage|p2a: Hydreigon|88/100|[from] Stealth Rock
|move|p1a: Copperajah|Power Whip|p2a: Hydreigon
|-resisted|p2a: Hydreigon
|-damage|p2a: Hydreigon|55/100
|-damage|p1a: Copperajah|24/100|[from] item: Life Orb
|
|-heal|p2a: Hydreigon|61/100|[from] item: Leftovers
|upkeep
|turn|24
|
|switch|p2a: Quagsire|Quagsire, M|68/100
|-damage|p2a: Quagsire|62/100|[from] Stealth Rock
|move|p1a: Copperajah|Power Whip|p2a: Quagsire
|-supereffective|p2a: Quagsire
|-damage|p2a: Quagsire|0 fnt
|-damage|p1a: Copperajah|14/100|[from] item: Life Orb
|faint|p2a: Quagsire
|
|-fieldend|move: Trick Room
|upkeep
|
|switch|p2a: Dracovish|Dracovish|100/100
|-damage|p2a: Dracovish|88/100|[from] Stealth Rock
|turn|25
|inactive|Bfap has 120 seconds left.
|l|☆Bfap
|inactive|Bfap disconnected and has a minute to reconnect!
|player|p1|
|j|☆Bfap
|inactive|Bfap reconnected and has 80 seconds left.
|player|p1|Bfap|101
|inactive|Bfap has 60 seconds left.
|
|move|p2a: Dracovish|Fishious Rend|p1a: Copperajah
|-damage|p1a: Copperajah|0 fnt
|faint|p1a: Copperajah
|
|upkeep
|
|switch|p1a: Mimikyu|Mimikyu, F|100/100
|turn|26
|
|move|p2a: Dracovish|Fishious Rend|p1a: Mimikyu
|-activate|p1a: Mimikyu|ability: Disguise
|-damage|p1a: Mimikyu|100/100
|detailschange|p1a: Mimikyu|Mimikyu-Busted, F
|-damage|p1a: Mimikyu|88/100|[from] ability: Disguise|[of] p1a: Mimikyu
|-enditem|p1a: Mimikyu|Red Card|[of] p2a: Dracovish
|drag|p2a: Hydreigon|Hydreigon, M|61/100
|-damage|p2a: Hydreigon|48/100|[from] Stealth Rock
|move|p1a: Mimikyu|Trick Room|p1a: Mimikyu
|-fieldstart|move: Trick Room|[of] p1a: Mimikyu
|
|-heal|p2a: Hydreigon|55/100|[from] item: Leftovers
|upkeep
|turn|27
|inactive|Bfap has 60 seconds left.
|
|switch|p2a: Rotom|Rotom-Heat|32/100
|-damage|p2a: Rotom|7/100|[from] Stealth Rock
|move|p1a: Mimikyu|Play Rough|p2a: Rotom
|-resisted|p2a: Rotom
|-damage|p2a: Rotom|0 fnt
|faint|p2a: Rotom
|
|upkeep
|
|switch|p2a: Clefable|Clefable, M|100/100
|turn|28
|
|move|p2a: Clefable|Moonlight||[still]
|-fail|p2a: Clefable
|move|p1a: Mimikyu|Swords Dance|p1a: Mimikyu
|-boost|p1a: Mimikyu|atk|2
|
|upkeep
|turn|29
|
|move|p2a: Clefable|Moonblast|p1a: Mimikyu
|-damage|p1a: Mimikyu|56/100
|move|p1a: Mimikyu|Swords Dance|p1a: Mimikyu
|-boost|p1a: Mimikyu|atk|2
|
|upkeep
|turn|30
|
|move|p2a: Clefable|Moonblast|p1a: Mimikyu
|-damage|p1a: Mimikyu|26/100
|-unboost|p1a: Mimikyu|spa|1
|move|p1a: Mimikyu|Play Rough|p2a: Clefable
|-damage|p2a: Clefable|0 fnt
|faint|p2a: Clefable
|
|-fieldend|move: Trick Room
|upkeep
|
|switch|p2a: Hydreigon|Hydreigon, M|55/100
|-damage|p2a: Hydreigon|42/100|[from] Stealth Rock
|turn|31
|
|move|p1a: Mimikyu|Shadow Sneak|p2a: Hydreigon
|-resisted|p2a: Hydreigon
|-damage|p2a: Hydreigon|14/100
|move|p2a: Hydreigon|Dark Pulse|p1a: Mimikyu
|-damage|p1a: Mimikyu|0 fnt
|faint|p1a: Mimikyu
|
|-heal|p2a: Hydreigon|20/100|[from] item: Leftovers
|upkeep
|
|switch|p1a: Hatterene|Hatterene, F|40/100
|turn|32
|
|move|p2a: Hydreigon|Dark Pulse|p1a: Hatterene
|-damage|p1a: Hatterene|0 fnt
|faint|p1a: Hatterene
|
|-heal|p2a: Hydreigon|27/100|[from] item: Leftovers
|upkeep
|
|switch|p1a: Musharna|Musharna, F|37/100
|turn|33
|
|move|p2a: Hydreigon|Dark Pulse|p1a: Musharna
|-supereffective|p1a: Musharna
|-damage|p1a: Musharna|0 fnt
|faint|p1a: Musharna
|
|-heal|p2a: Hydreigon|33/100|[from] item: Leftovers
|upkeep
|inactive|Bfap has 90 seconds left.
|-message|Bfap forfeited.
|
|win|GeneralAnnoyance
|l|☆Bfap
|c|☆GeneralAnnoyance|gg
|raw|Bfap's rating: 1351 → 1330(-21 for losing)
|raw|GeneralAnnoyance's rating: 1342 → 1362(+20 for winning)
