|ScrapeTime|2020-01-01-21:45:25
|j|☆Matt_Web
|j|☆thatsmymotivate
|player|p1|Matt_Web|265|1163
|player|p2|thatsmymotivate|dancer|1147
|teamsize|p1|6
|teamsize|p2|6
|gametype|singles
|gen|8
|tier|[Gen 8] OU
|rated|
|rule|Sleep Clause Mod: Limit one foe put to sleep
|rule|Species Clause: Limit one of each Pokémon
|rule|OHKO Clause: OHKO moves are banned
|rule|Evasion Moves Clause: Evasion moves are banned
|rule|Endless Battle Clause: Forcing endless battles is banned
|rule|HP Percentage Mod: HP is shown in percentages
|clearpoke
|poke|p1|Excadrill, M|
|poke|p1|Grimmsnarl, M|
|poke|p1|Ditto|
|poke|p1|Polteageist|
|poke|p1|Seismitoad, M|
|poke|p1|Ferrothorn, F|
|poke|p2|Excadrill, M|
|poke|p2|Gardevoir, F|
|poke|p2|Seismitoad, M|
|poke|p2|Weavile, M|
|poke|p2|Flygon, M|
|poke|p2|Mandibuzz, F|
|rule|Dynamax Clause: You cannot dynamax
|teampreview
|inactive|Battle timer is ON: inactive players will automatically lose when time's up. (requested by thatsmymotivate)
|
|start
|switch|p1a: Seismitoad|Seismitoad, M|100/100
|switch|p2a: Gardevoir|Gardevoir, F|100/100
|-ability|p2a: Gardevoir|Water Absorb|[from] ability: Trace|[of] p1a: Seismitoad
|turn|1
|
|move|p2a: Gardevoir|Calm Mind|p2a: Gardevoir
|-boost|p2a: Gardevoir|spa|1
|-boost|p2a: Gardevoir|spd|1
|move|p1a: Seismitoad|Sludge Bomb|p2a: Gardevoir
|-supereffective|p2a: Gardevoir
|-damage|p2a: Gardevoir|63/100
|
|-heal|p2a: Gardevoir|69/100|[from] item: Leftovers
|upkeep
|turn|2
|
|switch|p2a: Excadrill|Excadrill, M|100/100
|-ability|p2a: Excadrill|Mold Breaker
|move|p1a: Seismitoad|Sludge Bomb|p2a: Excadrill
|-immune|p2a: Excadrill
|
|upkeep
|turn|3
|
|switch|p2a: Gardevoir|Gardevoir, F|69/100
|-ability|p2a: Gardevoir|Water Absorb|[from] ability: Trace|[of] p1a: Seismitoad
|move|p1a: Seismitoad|Earth Power|p2a: Gardevoir
|-damage|p2a: Gardevoir|25/100
|
|-heal|p2a: Gardevoir|32/100|[from] item: Leftovers
|upkeep
|turn|4
|c|☆thatsmymotivate|???
|c|☆thatsmymotivate|are you not running scald
|c|☆Matt_Web|what?
|
|switch|p2a: Excadrill|Excadrill, M|100/100
|-ability|p2a: Excadrill|Mold Breaker
|move|p1a: Seismitoad|Earth Power|p2a: Excadrill
|-supereffective|p2a: Excadrill
|-damage|p2a: Excadrill|62/100
|
|upkeep
|turn|5
|c|☆Matt_Web|i am but you have seisatoad
|
|move|p2a: Excadrill|Earthquake|p1a: Seismitoad
|-damage|p1a: Seismitoad|55/100
|move|p1a: Seismitoad|Scald|p2a: Excadrill
|-supereffective|p2a: Excadrill
|-damage|p2a: Excadrill|25/100
|-status|p2a: Excadrill|brn
|
|-damage|p2a: Excadrill|18/100 brn|[from] brn
|upkeep
|turn|6
|
|move|p2a: Excadrill|Earthquake|p1a: Seismitoad
|-crit|p1a: Seismitoad
|-damage|p1a: Seismitoad|19/100
|move|p1a: Seismitoad|Earth Power|p2a: Excadrill
|-supereffective|p2a: Excadrill
|-crit|p2a: Excadrill
|-damage|p2a: Excadrill|0 fnt
|faint|p2a: Excadrill
|
|upkeep
|
|switch|p2a: Flygon|Flygon, M|100/100
|turn|7
|
|switch|p1a: Ferrothorn|Ferrothorn, F|100/100
|move|p2a: Flygon|Earthquake|p1a: Ferrothorn
|-damage|p1a: Ferrothorn|75/100
|
|-heal|p1a: Ferrothorn|81/100|[from] item: Leftovers
|upkeep
|turn|8
|
|move|p2a: Flygon|Substitute|p2a: Flygon
|-start|p2a: Flygon|Substitute
|-damage|p2a: Flygon|76/100
|move|p1a: Ferrothorn|Leech Seed||[still]
|-fail|p1a: Ferrothorn
|
|-heal|p2a: Flygon|82/100|[from] item: Leftovers
|-heal|p1a: Ferrothorn|87/100|[from] item: Leftovers
|upkeep
|turn|9
|
|move|p2a: Flygon|Dragon Dance|p2a: Flygon
|-boost|p2a: Flygon|atk|1
|-boost|p2a: Flygon|spe|1
|move|p1a: Ferrothorn|Body Press|p2a: Flygon
|-end|p2a: Flygon|Substitute
|
|-heal|p2a: Flygon|88/100|[from] item: Leftovers
|-heal|p1a: Ferrothorn|93/100|[from] item: Leftovers
|upkeep
|turn|10
|
|move|p2a: Flygon|Earthquake|p1a: Ferrothorn
|-damage|p1a: Ferrothorn|54/100
|move|p1a: Ferrothorn|Body Press|p2a: Flygon
|-damage|p2a: Flygon|46/100
|
|-heal|p2a: Flygon|52/100|[from] item: Leftovers
|-heal|p1a: Ferrothorn|60/100|[from] item: Leftovers
|upkeep
|turn|11
|
|move|p2a: Flygon|Earthquake|p1a: Ferrothorn
|-damage|p1a: Ferrothorn|20/100
|move|p1a: Ferrothorn|Body Press|p2a: Flygon
|-damage|p2a: Flygon|9/100
|
|-heal|p2a: Flygon|15/100|[from] item: Leftovers
|-heal|p1a: Ferrothorn|27/100|[from] item: Leftovers
|upkeep
|turn|12
|
|move|p2a: Flygon|Earthquake|p1a: Ferrothorn
|-damage|p1a: Ferrothorn|0 fnt
|faint|p1a: Ferrothorn
|
|-heal|p2a: Flygon|21/100|[from] item: Leftovers
|upkeep
|
|switch|p1a: Ditto|Ditto|100/100
|-transform|p1a: Ditto|p2a: Flygon|[from] ability: Imposter
|turn|13
|inactive|thatsmymotivate has 120 seconds left.
|
|switch|p2a: Mandibuzz|Mandibuzz, F|100/100
|move|p1a: Ditto|Dragon Claw|p2a: Mandibuzz
|-damage|p2a: Mandibuzz|69/100
|-damage|p1a: Ditto|84/100|[from] item: Rocky Helmet|[of] p2a: Mandibuzz
|
|upkeep
|turn|14
|
|switch|p1a: Seismitoad|Seismitoad, M|19/100
|move|p2a: Mandibuzz|Knock Off|p1a: Seismitoad
|-damage|p1a: Seismitoad|0 fnt
|-enditem|p1a: Seismitoad|Assault Vest|[from] move: Knock Off|[of] p2a: Mandibuzz
|faint|p1a: Seismitoad
|
|upkeep
|
|switch|p1a: Grimmsnarl|Grimmsnarl, M|100/100
|turn|15
|
|move|p2a: Mandibuzz|U-turn|p1a: Grimmsnarl
|-damage|p1a: Grimmsnarl|87/100
|
|switch|p2a: Flygon|Flygon, M|21/100|[from]move: U-turn
|move|p1a: Grimmsnarl|Spirit Break|p2a: Flygon
|-supereffective|p2a: Flygon
|-damage|p2a: Flygon|0 fnt
|faint|p2a: Flygon
|
|upkeep
|inactive|thatsmymotivate has 120 seconds left.
|
|switch|p2a: Seismitoad|Seismitoad, M|100/100
|turn|16
|
|move|p1a: Grimmsnarl|Taunt|p2a: Seismitoad
|-start|p2a: Seismitoad|move: Taunt
|cant|p2a: Seismitoad|move: Taunt|Toxic
|
|upkeep
|turn|17
|
|move|p1a: Grimmsnarl|Light Screen|p1a: Grimmsnarl
|-sidestart|p1: Matt_Web|move: Light Screen
|move|p2a: Seismitoad|Earth Power|p1a: Grimmsnarl
|-damage|p1a: Grimmsnarl|76/100
|
|upkeep
|turn|18
|
|move|p2a: Seismitoad|Earth Power|p1a: Grimmsnarl
|-damage|p1a: Grimmsnarl|66/100
|move|p1a: Grimmsnarl|Spirit Break|p2a: Seismitoad
|-damage|p2a: Seismitoad|77/100
|-unboost|p2a: Seismitoad|spa|1
|
|-heal|p2a: Seismitoad|83/100|[from] item: Leftovers
|-end|p2a: Seismitoad|move: Taunt
|upkeep
|turn|19
|
|switch|p2a: Mandibuzz|Mandibuzz, F|69/100
|move|p1a: Grimmsnarl|Taunt|p2a: Mandibuzz
|-hint|Since gen 7, Dark is immune to Prankster moves.
|-immune|p2a: Mandibuzz
|
|upkeep
|turn|20
|
|move|p2a: Mandibuzz|Roost|p2a: Mandibuzz
|-heal|p2a: Mandibuzz|100/100
|-singleturn|p2a: Mandibuzz|move: Roost
|move|p1a: Grimmsnarl|Spirit Break|p2a: Mandibuzz
|-supereffective|p2a: Mandibuzz
|-damage|p2a: Mandibuzz|69/100
|-unboost|p2a: Mandibuzz|spa|1
|
|upkeep
|turn|21
|
|move|p2a: Mandibuzz|Knock Off|p1a: Grimmsnarl
|-resisted|p1a: Grimmsnarl
|-crit|p1a: Grimmsnarl
|-damage|p1a: Grimmsnarl|56/100
|-enditem|p1a: Grimmsnarl|Light Clay|[from] move: Knock Off|[of] p2a: Mandibuzz
|move|p1a: Grimmsnarl|Spirit Break|p2a: Mandibuzz
|-supereffective|p2a: Mandibuzz
|-damage|p2a: Mandibuzz|34/100
|-unboost|p2a: Mandibuzz|spa|1
|
|upkeep
|turn|22
|
|move|p2a: Mandibuzz|U-turn|p1a: Grimmsnarl
|-damage|p1a: Grimmsnarl|41/100
|
|switch|p2a: Seismitoad|Seismitoad, M|83/100|[from]move: U-turn
|move|p1a: Grimmsnarl|Spirit Break|p2a: Seismitoad
|-damage|p2a: Seismitoad|62/100
|-unboost|p2a: Seismitoad|spa|1
|
|-heal|p2a: Seismitoad|68/100|[from] item: Leftovers
|upkeep
|turn|23
|
|move|p1a: Grimmsnarl|Taunt|p2a: Seismitoad
|-start|p2a: Seismitoad|move: Taunt
|move|p2a: Seismitoad|Scald|p1a: Grimmsnarl
|-damage|p1a: Grimmsnarl|36/100
|-status|p1a: Grimmsnarl|brn
|
|-heal|p2a: Seismitoad|74/100|[from] item: Leftovers
|-damage|p1a: Grimmsnarl|30/100 brn|[from] brn
|upkeep
|turn|24
|
|move|p2a: Seismitoad|Earth Power|p1a: Grimmsnarl
|-damage|p1a: Grimmsnarl|23/100 brn
|move|p1a: Grimmsnarl|Spirit Break|p2a: Seismitoad
|-damage|p2a: Seismitoad|64/100
|-unboost|p2a: Seismitoad|spa|1
|
|-heal|p2a: Seismitoad|70/100|[from] item: Leftovers
|-damage|p1a: Grimmsnarl|17/100 brn|[from] brn
|-sideend|p1: Matt_Web|move: Light Screen
|upkeep
|turn|25
|
|switch|p2a: Gardevoir|Gardevoir, F|32/100
|-ability|p2a: Gardevoir|Prankster|[from] ability: Trace|[of] p1a: Grimmsnarl
|move|p1a: Grimmsnarl|Light Screen|p1a: Grimmsnarl
|-sidestart|p1: Matt_Web|move: Light Screen
|
|-heal|p2a: Gardevoir|38/100|[from] item: Leftovers
|-damage|p1a: Grimmsnarl|11/100 brn|[from] brn
|upkeep
|turn|26
|
|move|p1a: Grimmsnarl|Taunt|p2a: Gardevoir
|-start|p2a: Gardevoir|move: Taunt
|move|p2a: Gardevoir|Moonblast|p1a: Grimmsnarl
|-supereffective|p1a: Grimmsnarl
|-damage|p1a: Grimmsnarl|0 fnt
|faint|p1a: Grimmsnarl
|
|-heal|p2a: Gardevoir|44/100|[from] item: Leftovers
|upkeep
|
|switch|p1a: Polteageist|Polteageist|100/100
|turn|27
|
|move|p2a: Gardevoir|Moonblast|p1a: Polteageist
|-damage|p1a: Polteageist|75/100
|move|p1a: Polteageist|Shell Smash|p1a: Polteageist
|-unboost|p1a: Polteageist|def|1
|-unboost|p1a: Polteageist|spd|1
|-boost|p1a: Polteageist|atk|2
|-boost|p1a: Polteageist|spa|2
|-boost|p1a: Polteageist|spe|2
|
|-heal|p2a: Gardevoir|50/100|[from] item: Leftovers
|upkeep
|turn|28
|
|switch|p2a: Mandibuzz|Mandibuzz, F|34/100
|move|p1a: Polteageist|Shell Smash|p1a: Polteageist
|-unboost|p1a: Polteageist|def|1
|-unboost|p1a: Polteageist|spd|1
|-boost|p1a: Polteageist|atk|2
|-boost|p1a: Polteageist|spa|2
|-boost|p1a: Polteageist|spe|2
|
|upkeep
|turn|29
|
|move|p1a: Polteageist|Shadow Ball|p2a: Mandibuzz
|-resisted|p2a: Mandibuzz
|-damage|p2a: Mandibuzz|0 fnt
|faint|p2a: Mandibuzz
|
|-sideend|p1: Matt_Web|move: Light Screen
|upkeep
|
|switch|p2a: Gardevoir|Gardevoir, F|50/100
|-ability|p2a: Gardevoir|Cursed Body|[from] ability: Trace|[of] p1a: Polteageist
|turn|30
|
|move|p1a: Polteageist|Giga Drain|p2a: Gardevoir
|-damage|p2a: Gardevoir|0 fnt
|-heal|p1a: Polteageist|100/100|[from] drain|[of] p2a: Gardevoir
|faint|p2a: Gardevoir
|
|upkeep
|
|switch|p2a: Weavile|Weavile, M|100/100
|turn|31
|c|☆Matt_Web|gg
|c|☆thatsmymotivate|thought curse body would disable
|
|move|p2a: Weavile|Ice Shard|p1a: Polteageist
|-enditem|p1a: Polteageist|Focus Sash
|-damage|p1a: Polteageist|1/100
|move|p1a: Polteageist|Giga Drain|p2a: Weavile
|-damage|p2a: Weavile|0 fnt
|-heal|p1a: Polteageist|55/100|[from] drain|[of] p2a: Weavile
|faint|p2a: Weavile
|
|upkeep
|
|switch|p2a: Seismitoad|Seismitoad, M|70/100
|turn|32
|
|move|p1a: Polteageist|Giga Drain|p2a: Seismitoad
|-supereffective|p2a: Seismitoad
|-damage|p2a: Seismitoad|0 fnt
|-heal|p1a: Polteageist|100/100|[from] drain|[of] p2a: Seismitoad
|faint|p2a: Seismitoad
|
|win|Matt_Web
|l|☆thatsmymotivate
