|ScrapeTime|2020-01-01-12:08:35
|j|☆JOJO130216
|j|☆DarkGenex
|player|p1|JOJO130216|25|1412
|player|p2|DarkGenex|unknownf|1368
|teamsize|p1|6
|teamsize|p2|6
|gametype|singles
|gen|8
|tier|[Gen 8] OU
|rated|
|rule|Sleep Clause Mod: Limit one foe put to sleep
|rule|Species Clause: Limit one of each Pokémon
|rule|OHKO Clause: OHKO moves are banned
|rule|Evasion Moves Clause: Evasion moves are banned
|rule|Endless Battle Clause: Forcing endless battles is banned
|rule|HP Percentage Mod: HP is shown in percentages
|clearpoke
|poke|p1|Jellicent, M|
|poke|p1|Tyranitar, M|
|poke|p1|Excadrill, F|
|poke|p1|Cinderace, M|
|poke|p1|Hydreigon, M|
|poke|p1|Clefable, F|
|poke|p2|Hatterene, F|
|poke|p2|Rotom-Mow|
|poke|p2|Ditto|
|poke|p2|Toxapex, M|
|poke|p2|Hydreigon, F|
|poke|p2|Hippowdon, M|
|rule|Dynamax Clause: You cannot dynamax
|teampreview
|inactive|Battle timer is ON: inactive players will automatically lose when time's up. (requested by JOJO130216)
|
|start
|switch|p1a: Tyranitar|Tyranitar, M|100/100
|switch|p2a: Ditto|Ditto|100/100
|-transform|p2a: Ditto|p1a: Tyranitar|[from] ability: Imposter
|-weather|Sandstorm|[from] ability: Sand Stream|[of] p2a: Ditto
|turn|1
|
|switch|p2a: Hatterene|Hatterene, F|100/100
|switch|p1a: Hydreigon|Hydreigon, M|100/100
|
|-weather|Sandstorm|[upkeep]
|-damage|p1a: Hydreigon|94/100|[from] Sandstorm
|-damage|p2a: Hatterene|95/100|[from] Sandstorm
|-heal|p1a: Hydreigon|100/100|[from] item: Leftovers
|-heal|p2a: Hatterene|100/100|[from] item: Leftovers
|upkeep
|turn|2
|
|switch|p1a: Excadrill|Excadrill, F|100/100
|-ability|p1a: Excadrill|Mold Breaker
|switch|p2a: Hippowdon|Hippowdon, M|100/100
|
|-weather|Sandstorm|[upkeep]
|upkeep
|turn|3
|
|move|p1a: Excadrill|Swords Dance|p1a: Excadrill
|-boost|p1a: Excadrill|atk|2
|move|p2a: Hippowdon|Stealth Rock|p1a: Excadrill
|-sidestart|p1: JOJO130216|move: Stealth Rock
|
|-weather|Sandstorm|[upkeep]
|upkeep
|turn|4
|
|move|p1a: Excadrill|Earthquake|p2a: Hippowdon
|-damage|p2a: Hippowdon|45/100
|move|p2a: Hippowdon|Whirlwind|p1a: Excadrill
|drag|p1a: Tyranitar|Tyranitar, M|100/100
|-damage|p1a: Tyranitar|88/100|[from] Stealth Rock
|
|-weather|Sandstorm|[upkeep]
|-heal|p1a: Tyranitar|94/100|[from] item: Leftovers
|-heal|p2a: Hippowdon|52/100|[from] item: Leftovers
|upkeep
|turn|5
|
|switch|p2a: Hatterene|Hatterene, F|100/100
|move|p1a: Tyranitar|Crunch|p2a: Hatterene
|-damage|p2a: Hatterene|54/100
|-unboost|p2a: Hatterene|def|1
|
|-weather|none
|-heal|p1a: Tyranitar|100/100|[from] item: Leftovers
|-heal|p2a: Hatterene|60/100|[from] item: Leftovers
|upkeep
|turn|6
|
|move|p1a: Tyranitar|Crunch|p2a: Hatterene
|-damage|p2a: Hatterene|0 fnt
|faint|p2a: Hatterene
|
|upkeep
|inactive|DarkGenex has 120 seconds left.
|
|switch|p2a: Rotom|Rotom-Mow|100/100
|turn|7
|
|switch|p1a: Cinderace|Cinderace, M|100/100
|move|p2a: Rotom|Trick|p1a: Cinderace
|-activate|p2a: Rotom|move: Trick|[of] p1a: Cinderace
|-item|p1a: Cinderace|Choice Scarf|[from] move: Trick
|-item|p2a: Rotom|Heavy-Duty Boots|[from] move: Trick
|
|upkeep
|turn|8
|inactive|DarkGenex has 120 seconds left.
|
|switch|p2a: Hippowdon|Hippowdon, M|52/100
|-weather|Sandstorm|[from] ability: Sand Stream|[of] p2a: Hippowdon
|move|p1a: Cinderace|Court Change|p1a: Cinderace
|-sideend|p1: JOJO130216|Stealth Rock|[silent]
|-sidestart|p2: DarkGenex|Stealth Rock|[silent]
|-activate|p1a: Cinderace|move: Court Change
|
|-weather|Sandstorm|[upkeep]
|-damage|p1a: Cinderace|95/100|[from] Sandstorm
|-heal|p2a: Hippowdon|58/100|[from] item: Leftovers
|upkeep
|turn|9
|
|switch|p1a: Hydreigon|Hydreigon, M|100/100
|move|p2a: Hippowdon|Stealth Rock|p1a: Hydreigon
|-sidestart|p1: JOJO130216|move: Stealth Rock
|
|-weather|Sandstorm|[upkeep]
|-damage|p1a: Hydreigon|94/100|[from] Sandstorm
|-heal|p1a: Hydreigon|100/100|[from] item: Leftovers
|-heal|p2a: Hippowdon|64/100|[from] item: Leftovers
|upkeep
|turn|10
|
|move|p1a: Hydreigon|Substitute|p1a: Hydreigon
|-start|p1a: Hydreigon|Substitute
|-damage|p1a: Hydreigon|76/100
|move|p2a: Hippowdon|Slack Off|p2a: Hippowdon
|-heal|p2a: Hippowdon|100/100
|
|-weather|Sandstorm|[upkeep]
|-damage|p1a: Hydreigon|69/100|[from] Sandstorm
|-heal|p1a: Hydreigon|76/100|[from] item: Leftovers
|upkeep
|turn|11
|
|move|p1a: Hydreigon|Nasty Plot|p1a: Hydreigon
|-boost|p1a: Hydreigon|spa|2
|move|p2a: Hippowdon|Whirlwind|p1a: Hydreigon
|drag|p1a: Tyranitar|Tyranitar, M|100/100
|-damage|p1a: Tyranitar|88/100|[from] Stealth Rock
|
|-weather|Sandstorm|[upkeep]
|-heal|p1a: Tyranitar|94/100|[from] item: Leftovers
|upkeep
|turn|12
|
|move|p1a: Tyranitar|Crunch|p2a: Hippowdon
|-damage|p2a: Hippowdon|80/100
|move|p2a: Hippowdon|Earthquake|p1a: Tyranitar
|-supereffective|p1a: Tyranitar
|-damage|p1a: Tyranitar|35/100
|
|-weather|none
|-heal|p1a: Tyranitar|41/100|[from] item: Leftovers
|-heal|p2a: Hippowdon|86/100|[from] item: Leftovers
|upkeep
|turn|13
|
|switch|p1a: Jellicent|Jellicent, M|100/100
|-damage|p1a: Jellicent|88/100|[from] Stealth Rock
|move|p2a: Hippowdon|Whirlwind|p1a: Jellicent
|drag|p1a: Tyranitar|Tyranitar, M|41/100
|-damage|p1a: Tyranitar|29/100|[from] Stealth Rock
|-weather|Sandstorm|[from] ability: Sand Stream|[of] p1a: Tyranitar
|
|-weather|Sandstorm|[upkeep]
|-heal|p1a: Tyranitar|35/100|[from] item: Leftovers
|-heal|p2a: Hippowdon|92/100|[from] item: Leftovers
|upkeep
|turn|14
|
|switch|p1a: Jellicent|Jellicent, M|88/100
|-damage|p1a: Jellicent|76/100|[from] Stealth Rock
|move|p2a: Hippowdon|Earthquake|p1a: Jellicent
|-damage|p1a: Jellicent|49/100
|
|-weather|Sandstorm|[upkeep]
|-damage|p1a: Jellicent|43/100|[from] Sandstorm
|-heal|p1a: Jellicent|49/100|[from] item: Leftovers
|-heal|p2a: Hippowdon|98/100|[from] item: Leftovers
|upkeep
|turn|15
|inactive|DarkGenex has 120 seconds left.
|
|switch|p2a: Rotom|Rotom-Mow|100/100
|move|p1a: Jellicent|Taunt|p2a: Rotom
|-start|p2a: Rotom|move: Taunt
|
|-weather|Sandstorm|[upkeep]
|-damage|p2a: Rotom|94/100|[from] Sandstorm
|-damage|p1a: Jellicent|43/100|[from] Sandstorm
|-heal|p1a: Jellicent|49/100|[from] item: Leftovers
|upkeep
|turn|16
|
|switch|p1a: Clefable|Clefable, F|100/100
|move|p2a: Rotom|Leaf Storm|p1a: Clefable
|-damage|p1a: Clefable|44/100
|-unboost|p2a: Rotom|spa|2
|
|-weather|Sandstorm|[upkeep]
|-damage|p2a: Rotom|88/100|[from] Sandstorm
|upkeep
|turn|17
|
|move|p2a: Rotom|Volt Switch|p1a: Clefable
|-damage|p1a: Clefable|28/100
|
|switch|p2a: Ditto|Ditto|100/100|[from]move: Volt Switch
|-damage|p2a: Ditto|88/100|[from] Stealth Rock
|-transform|p2a: Ditto|p1a: Clefable|[from] ability: Imposter
|move|p1a: Clefable|Moonblast|p2a: Ditto
|-damage|p2a: Ditto|23/100
|-unboost|p2a: Ditto|spa|1
|
|-weather|none
|upkeep
|turn|18
|
|switch|p1a: Excadrill|Excadrill, F|100/100
|-damage|p1a: Excadrill|97/100|[from] Stealth Rock
|-ability|p1a: Excadrill|Mold Breaker
|move|p2a: Ditto|Fire Blast|p1a: Excadrill|[miss]
|-miss|p2a: Ditto|p1a: Excadrill
|
|upkeep
|turn|19
|
|switch|p1a: Tyranitar|Tyranitar, M|35/100
|-damage|p1a: Tyranitar|23/100|[from] Stealth Rock
|-weather|Sandstorm|[from] ability: Sand Stream|[of] p1a: Tyranitar
|move|p2a: Ditto|Fire Blast|p1a: Tyranitar|[miss]
|-miss|p2a: Ditto|p1a: Tyranitar
|
|-weather|Sandstorm|[upkeep]
|-heal|p1a: Tyranitar|29/100|[from] item: Leftovers
|upkeep
|turn|20
|
|switch|p2a: Hippowdon|Hippowdon, M|98/100
|-damage|p2a: Hippowdon|92/100|[from] Stealth Rock
|move|p1a: Tyranitar|Earthquake|p2a: Hippowdon
|-damage|p2a: Hippowdon|73/100
|
|-weather|Sandstorm|[upkeep]
|-heal|p1a: Tyranitar|35/100|[from] item: Leftovers
|-heal|p2a: Hippowdon|79/100|[from] item: Leftovers
|upkeep
|turn|21
|
|switch|p1a: Jellicent|Jellicent, M|49/100
|-damage|p1a: Jellicent|36/100|[from] Stealth Rock
|move|p2a: Hippowdon|Earthquake|p1a: Jellicent
|-damage|p1a: Jellicent|10/100
|
|-weather|Sandstorm|[upkeep]
|-damage|p1a: Jellicent|3/100|[from] Sandstorm
|-heal|p1a: Jellicent|10/100|[from] item: Leftovers
|-heal|p2a: Hippowdon|85/100|[from] item: Leftovers
|upkeep
|turn|22
|
|move|p1a: Jellicent|Recover|p1a: Jellicent
|-heal|p1a: Jellicent|60/100
|move|p2a: Hippowdon|Earthquake|p1a: Jellicent
|-damage|p1a: Jellicent|29/100
|
|-weather|Sandstorm|[upkeep]
|-damage|p1a: Jellicent|23/100|[from] Sandstorm
|-heal|p1a: Jellicent|29/100|[from] item: Leftovers
|-heal|p2a: Hippowdon|92/100|[from] item: Leftovers
|upkeep
|turn|23
|
|switch|p2a: Rotom|Rotom-Mow|88/100
|move|p1a: Jellicent|Recover|p1a: Jellicent
|-heal|p1a: Jellicent|79/100
|
|-weather|none
|-heal|p1a: Jellicent|85/100|[from] item: Leftovers
|upkeep
|turn|24
|
|switch|p1a: Cinderace|Cinderace, M|95/100
|-damage|p1a: Cinderace|70/100|[from] Stealth Rock
|move|p2a: Rotom|Leaf Storm|p1a: Cinderace
|-resisted|p1a: Cinderace
|-damage|p1a: Cinderace|31/100
|-unboost|p2a: Rotom|spa|2
|
|upkeep
|turn|25
|
|switch|p2a: Hippowdon|Hippowdon, M|92/100
|-damage|p2a: Hippowdon|85/100|[from] Stealth Rock
|-weather|Sandstorm|[from] ability: Sand Stream|[of] p2a: Hippowdon
|move|p1a: Cinderace|Zen Headbutt|p2a: Hippowdon|[miss]
|-miss|p1a: Cinderace|p2a: Hippowdon
|
|-weather|Sandstorm|[upkeep]
|-damage|p1a: Cinderace|25/100|[from] Sandstorm
|-heal|p2a: Hippowdon|92/100|[from] item: Leftovers
|upkeep
|turn|26
|
|switch|p1a: Jellicent|Jellicent, M|85/100
|-damage|p1a: Jellicent|73/100|[from] Stealth Rock
|move|p2a: Hippowdon|Whirlwind|p1a: Jellicent
|drag|p1a: Cinderace|Cinderace, M|25/100
|-damage|p1a: Cinderace|0 fnt|[from] Stealth Rock
|faint|p1a: Cinderace
|
|-weather|Sandstorm|[upkeep]
|-heal|p2a: Hippowdon|98/100|[from] item: Leftovers
|upkeep
|
|switch|p1a: Jellicent|Jellicent, M|73/100
|-damage|p1a: Jellicent|61/100|[from] Stealth Rock
|turn|27
|
|switch|p2a: Rotom|Rotom-Mow|88/100
|move|p1a: Jellicent|Will-O-Wisp|p2a: Rotom
|-status|p2a: Rotom|brn
|
|-weather|Sandstorm|[upkeep]
|-damage|p2a: Rotom|82/100 brn|[from] Sandstorm
|-damage|p1a: Jellicent|54/100|[from] Sandstorm
|-heal|p1a: Jellicent|61/100|[from] item: Leftovers
|-damage|p2a: Rotom|76/100 brn|[from] brn
|upkeep
|turn|28
|
|switch|p1a: Excadrill|Excadrill, F|97/100
|-damage|p1a: Excadrill|94/100|[from] Stealth Rock
|-ability|p1a: Excadrill|Mold Breaker
|move|p2a: Rotom|Volt Switch|p1a: Excadrill
|-immune|p1a: Excadrill
|
|-weather|Sandstorm|[upkeep]
|-damage|p2a: Rotom|69/100 brn|[from] Sandstorm
|-damage|p2a: Rotom|63/100 brn|[from] brn
|upkeep
|turn|29
|
|move|p1a: Excadrill|Swords Dance|p1a: Excadrill
|-boost|p1a: Excadrill|atk|2
|move|p2a: Rotom|Will-O-Wisp|p1a: Excadrill
|-status|p1a: Excadrill|brn
|
|-weather|none
|-damage|p1a: Excadrill|88/100 brn|[from] brn
|-damage|p2a: Rotom|57/100 brn|[from] brn
|upkeep
|turn|30
|
|switch|p2a: Hippowdon|Hippowdon, M|98/100
|-damage|p2a: Hippowdon|92/100|[from] Stealth Rock
|-weather|Sandstorm|[from] ability: Sand Stream|[of] p2a: Hippowdon
|move|p1a: Excadrill|Earthquake|p2a: Hippowdon
|-damage|p2a: Hippowdon|62/100
|
|-weather|Sandstorm|[upkeep]
|-heal|p2a: Hippowdon|69/100|[from] item: Leftovers
|-damage|p1a: Excadrill|82/100 brn|[from] brn
|upkeep
|turn|31
|
|switch|p1a: Hydreigon|Hydreigon, M|76/100
|-damage|p1a: Hydreigon|63/100|[from] Stealth Rock
|move|p2a: Hippowdon|Earthquake|p1a: Hydreigon
|-immune|p1a: Hydreigon|[from] ability: Levitate
|
|-weather|Sandstorm|[upkeep]
|-damage|p1a: Hydreigon|57/100|[from] Sandstorm
|-heal|p1a: Hydreigon|63/100|[from] item: Leftovers
|-heal|p2a: Hippowdon|75/100|[from] item: Leftovers
|upkeep
|turn|32
|
|move|p1a: Hydreigon|Dark Pulse|p2a: Hippowdon
|-damage|p2a: Hippowdon|29/100
|cant|p2a: Hippowdon|flinch
|
|-weather|Sandstorm|[upkeep]
|-damage|p1a: Hydreigon|57/100|[from] Sandstorm
|-heal|p1a: Hydreigon|63/100|[from] item: Leftovers
|-heal|p2a: Hippowdon|35/100|[from] item: Leftovers
|upkeep
|turn|33
|inactive|JOJO130216 has 120 seconds left.
|inactive|DarkGenex has 120 seconds left.
|inactive|JOJO130216 has 90 seconds left.
|inactive|JOJO130216 has 60 seconds left.
|
|switch|p2a: Hydreigon|Hydreigon, F|100/100
|-damage|p2a: Hydreigon|88/100|[from] Stealth Rock
|move|p1a: Hydreigon|Dark Pulse|p2a: Hydreigon
|-resisted|p2a: Hydreigon
|-damage|p2a: Hydreigon|65/100
|
|-weather|Sandstorm|[upkeep]
|-damage|p2a: Hydreigon|59/100|[from] Sandstorm
|-damage|p1a: Hydreigon|57/100|[from] Sandstorm
|-heal|p1a: Hydreigon|63/100|[from] item: Leftovers
|upkeep
|turn|34
|inactive|JOJO130216 has 60 seconds left.
|
|switch|p1a: Clefable|Clefable, F|28/100
|move|p2a: Hydreigon|Fire Blast|p1a: Clefable|[miss]
|-miss|p2a: Hydreigon|p1a: Clefable
|
|-weather|none
|upkeep
|turn|35
|inactive|JOJO130216 has 60 seconds left.
|
|move|p2a: Hydreigon|Fire Blast|p1a: Clefable
|-damage|p1a: Clefable|0 fnt
|faint|p1a: Clefable
|
|upkeep
|inactive|JOJO130216 has 60 seconds left.
|
|switch|p1a: Jellicent|Jellicent, M|61/100
|-damage|p1a: Jellicent|48/100|[from] Stealth Rock
|turn|36
|l|☆DarkGenex
|inactive|DarkGenex disconnected and has a minute to reconnect!
|player|p2|
|j|☆DarkGenex
|inactive|DarkGenex reconnected and has 95 seconds left.
|player|p2|DarkGenex|unknownf
|inactive|DarkGenex has 90 seconds left.
|
|switch|p2a: Toxapex|Toxapex, M|100/100
|-damage|p2a: Toxapex|88/100|[from] Stealth Rock
|move|p1a: Jellicent|Recover|p1a: Jellicent
|-heal|p1a: Jellicent|98/100
|
|-heal|p1a: Jellicent|100/100|[from] item: Leftovers
|-heal|p2a: Toxapex|94/100|[from] item: Black Sludge
|upkeep
|turn|37
|inactive|DarkGenex has 90 seconds left.
|
|move|p1a: Jellicent|Taunt|p2a: Toxapex
|-start|p2a: Toxapex|move: Taunt
|cant|p2a: Toxapex|move: Taunt|Toxic
|
|-heal|p2a: Toxapex|100/100|[from] item: Black Sludge
|upkeep
|turn|38
|
|move|p1a: Jellicent|Will-O-Wisp|p2a: Toxapex
|-status|p2a: Toxapex|brn
|move|p2a: Toxapex|Scald|p1a: Jellicent
|-immune|p1a: Jellicent|[from] ability: Water Absorb
|
|-damage|p2a: Toxapex|94/100 brn|[from] brn
|upkeep
|turn|39
|inactive|JOJO130216 has 60 seconds left.
|
|switch|p1a: Hydreigon|Hydreigon, M|63/100
|-damage|p1a: Hydreigon|51/100|[from] Stealth Rock
|switch|p2a: Ditto|Ditto|23/100
|-damage|p2a: Ditto|10/100|[from] Stealth Rock
|-transform|p2a: Ditto|p1a: Hydreigon|[from] ability: Imposter
|
|-heal|p1a: Hydreigon|57/100|[from] item: Leftovers
|upkeep
|turn|40
|inactive|JOJO130216 has 60 seconds left.
|
|move|p2a: Ditto|Flash Cannon|p1a: Hydreigon
|-damage|p1a: Hydreigon|26/100
|-unboost|p1a: Hydreigon|spd|1
|move|p1a: Hydreigon|Flash Cannon|p2a: Ditto
|-damage|p2a: Ditto|0 fnt
|faint|p2a: Ditto
|
|-heal|p1a: Hydreigon|32/100|[from] item: Leftovers
|upkeep
|
|switch|p2a: Hydreigon|Hydreigon, F|59/100
|-damage|p2a: Hydreigon|47/100|[from] Stealth Rock
|turn|41
|
|move|p2a: Hydreigon|Dark Pulse|p1a: Hydreigon
|-resisted|p1a: Hydreigon
|-damage|p1a: Hydreigon|0 fnt
|faint|p1a: Hydreigon
|
|upkeep
|
|switch|p1a: Tyranitar|Tyranitar, M|35/100
|-damage|p1a: Tyranitar|23/100|[from] Stealth Rock
|-weather|Sandstorm|[from] ability: Sand Stream|[of] p1a: Tyranitar
|turn|42
|
|switch|p2a: Rotom|Rotom-Mow|57/100 brn
|move|p1a: Tyranitar|Thunder Wave||[still]
|-fail|p1a: Tyranitar
|
|-weather|Sandstorm|[upkeep]
|-damage|p2a: Rotom|51/100 brn|[from] Sandstorm
|-heal|p1a: Tyranitar|29/100|[from] item: Leftovers
|-damage|p2a: Rotom|44/100 brn|[from] brn
|upkeep
|turn|43
|inactive|DarkGenex has 120 seconds left.
|
|move|p2a: Rotom|Leaf Storm|p1a: Tyranitar
|-supereffective|p1a: Tyranitar
|-damage|p1a: Tyranitar|0 fnt
|-unboost|p2a: Rotom|spa|2
|faint|p1a: Tyranitar
|
|-weather|Sandstorm|[upkeep]
|-damage|p2a: Rotom|38/100 brn|[from] Sandstorm
|-damage|p2a: Rotom|32/100 brn|[from] brn
|upkeep
|
|switch|p1a: Excadrill|Excadrill, F|82/100 brn
|-damage|p1a: Excadrill|79/100 brn|[from] Stealth Rock
|-ability|p1a: Excadrill|Mold Breaker
|turn|44
|
|move|p1a: Excadrill|Swords Dance|p1a: Excadrill
|-boost|p1a: Excadrill|atk|2
|move|p2a: Rotom|Leaf Storm|p1a: Excadrill
|-damage|p1a: Excadrill|37/100 brn
|-unboost|p2a: Rotom|spa|2
|
|-weather|Sandstorm|[upkeep]
|-damage|p2a: Rotom|26/100 brn|[from] Sandstorm
|-damage|p1a: Excadrill|31/100 brn|[from] brn
|-damage|p2a: Rotom|20/100 brn|[from] brn
|upkeep
|turn|45
|
|move|p1a: Excadrill|Earthquake|p2a: Rotom
|-damage|p2a: Rotom|0 fnt
|faint|p2a: Rotom
|
|-weather|Sandstorm|[upkeep]
|-damage|p1a: Excadrill|25/100 brn|[from] brn
|upkeep
|
|switch|p2a: Toxapex|Toxapex, M|100/100 brn
|-damage|p2a: Toxapex|88/100 brn|[from] Stealth Rock
|turn|46
|inactive|DarkGenex has 120 seconds left.
|
|move|p1a: Excadrill|Earthquake|p2a: Toxapex
|-supereffective|p2a: Toxapex
|-damage|p2a: Toxapex|9/100 brn
|move|p2a: Toxapex|Scald|p1a: Excadrill
|-supereffective|p1a: Excadrill
|-damage|p1a: Excadrill|0 fnt
|faint|p1a: Excadrill
|
|-weather|none
|-heal|p2a: Toxapex|15/100 brn|[from] item: Black Sludge
|-damage|p2a: Toxapex|9/100 brn|[from] brn
|upkeep
|inactive|JOJO130216 has 90 seconds left.
|
|switch|p1a: Jellicent|Jellicent, M|100/100
|-damage|p1a: Jellicent|88/100|[from] Stealth Rock
|turn|47
|
|switch|p2a: Hydreigon|Hydreigon, F|47/100
|-damage|p2a: Hydreigon|34/100|[from] Stealth Rock
|move|p1a: Jellicent|Scald|p2a: Hydreigon
|-resisted|p2a: Hydreigon
|-damage|p2a: Hydreigon|20/100
|
|-heal|p1a: Jellicent|94/100|[from] item: Leftovers
|upkeep
|turn|48
|
|move|p2a: Hydreigon|Dark Pulse|p1a: Jellicent
|-supereffective|p1a: Jellicent
|-damage|p1a: Jellicent|27/100
|move|p1a: Jellicent|Scald|p2a: Hydreigon
|-resisted|p2a: Hydreigon
|-damage|p2a: Hydreigon|8/100
|
|-heal|p1a: Jellicent|33/100|[from] item: Leftovers
|upkeep
|turn|49
|-message|JOJO130216 forfeited.
|
|win|DarkGenex
|l|☆JOJO130216
|raw|JOJO130216's rating: 1412 → 1390(-22 for losing)
|raw|DarkGenex's rating: 1368 → 1390(+22 for winning)
