|ScrapeTime|2020-01-02-14:26:44
|j|☆Angus4696
|j|☆FroSHKG
|player|p1|Angus4696|lucas|1405
|player|p2|FroSHKG|265|1464
|teamsize|p1|6
|teamsize|p2|6
|gametype|singles
|gen|8
|tier|[Gen 8] OU
|rated|
|rule|Sleep Clause Mod: Limit one foe put to sleep
|rule|Species Clause: Limit one of each Pokémon
|rule|OHKO Clause: OHKO moves are banned
|rule|Evasion Moves Clause: Evasion moves are banned
|rule|Endless Battle Clause: Forcing endless battles is banned
|rule|HP Percentage Mod: HP is shown in percentages
|clearpoke
|poke|p1|Sylveon, M|
|poke|p1|Corviknight, M|
|poke|p1|Hydreigon, M|
|poke|p1|Dracozolt|
|poke|p1|Seismitoad, M|
|poke|p1|Dugtrio, M|
|poke|p2|Dubwool, F|
|poke|p2|Toxtricity, M|
|poke|p2|Dragapult, M|
|poke|p2|Excadrill, F|
|poke|p2|Togekiss, F|
|poke|p2|Lucario, F|
|rule|Dynamax Clause: You cannot dynamax
|teampreview
|
|start
|switch|p1a: Hydreigon|Hydreigon, M|100/100
|switch|p2a: Dragapult|Dragapult, M|100/100
|turn|1
|
|switch|p1a: Sylveon|Sylveon, M|100/100
|switch|p2a: Dubwool|Dubwool, F|100/100
|
|upkeep
|turn|2
|
|switch|p1a: Seismitoad|Seismitoad, M|100/100
|move|p2a: Dubwool|Zen Headbutt|p1a: Seismitoad
|-damage|p1a: Seismitoad|89/100
|
|-heal|p1a: Seismitoad|95/100|[from] item: Leftovers
|upkeep
|turn|3
|
|move|p2a: Dubwool|Cotton Guard|p2a: Dubwool
|-boost|p2a: Dubwool|def|3
|move|p1a: Seismitoad|Stealth Rock|p2a: Dubwool
|-sidestart|p2: FroSHKG|move: Stealth Rock
|
|-heal|p1a: Seismitoad|100/100|[from] item: Leftovers
|upkeep
|turn|4
|
|move|p2a: Dubwool|Cotton Guard|p2a: Dubwool
|-boost|p2a: Dubwool|def|3
|move|p1a: Seismitoad|Toxic|p2a: Dubwool
|-status|p2a: Dubwool|tox
|
|-damage|p2a: Dubwool|94/100 tox|[from] psn
|upkeep
|turn|5
|
|move|p1a: Seismitoad|Protect|p1a: Seismitoad
|-singleturn|p1a: Seismitoad|Protect
|move|p2a: Dubwool|Body Press|p1a: Seismitoad
|-activate|p1a: Seismitoad|move: Protect
|
|-damage|p2a: Dubwool|82/100 tox|[from] psn
|upkeep
|turn|6
|
|switch|p1a: Corviknight|Corviknight, M|100/100
|move|p2a: Dubwool|Body Press|p1a: Corviknight
|-damage|p1a: Corviknight|41/100
|-damage|p2a: Dubwool|66/100 tox|[from] item: Rocky Helmet|[of] p1a: Corviknight
|
|-damage|p2a: Dubwool|48/100 tox|[from] psn
|upkeep
|turn|7
|
|switch|p1a: Dracozolt|Dracozolt|100/100
|move|p2a: Dubwool|Rest|p2a: Dubwool
|-status|p2a: Dubwool|slp|[from] move: Rest
|-heal|p2a: Dubwool|100/100 slp|[silent]
|-enditem|p2a: Dubwool|Chesto Berry|[eat]
|-curestatus|p2a: Dubwool|slp|[msg]
|
|upkeep
|turn|8
|
|move|p1a: Dracozolt|Bolt Beak|p2a: Dubwool
|-damage|p2a: Dubwool|92/100
|move|p2a: Dubwool|Body Press|p1a: Dracozolt
|-damage|p1a: Dracozolt|0 fnt
|faint|p1a: Dracozolt
|
|upkeep
|c|☆Angus4696|holy shit
|c|☆Angus4696|thats nutty
|
|switch|p1a: Hydreigon|Hydreigon, M|100/100
|turn|9
|
|move|p1a: Hydreigon|Draco Meteor|p2a: Dubwool
|-crit|p2a: Dubwool
|-damage|p2a: Dubwool|0 fnt
|-unboost|p1a: Hydreigon|spa|2
|faint|p2a: Dubwool
|
|upkeep
|
|switch|p2a: Excadrill|Excadrill, F|100/100
|-damage|p2a: Excadrill|97/100|[from] Stealth Rock
|-ability|p2a: Excadrill|Mold Breaker
|turn|10
|
|switch|p1a: Corviknight|Corviknight, M|41/100
|move|p2a: Excadrill|Rapid Spin|p1a: Corviknight
|-resisted|p1a: Corviknight
|-damage|p1a: Corviknight|35/100
|-damage|p2a: Excadrill|81/100|[from] item: Rocky Helmet|[of] p1a: Corviknight
|-sideend|p2: FroSHKG|Stealth Rock|[from] move: Rapid Spin|[of] p2a: Excadrill
|-boost|p2a: Excadrill|spe|1
|
|upkeep
|turn|11
|
|switch|p2a: Togekiss|Togekiss, F|100/100
|move|p1a: Corviknight|U-turn|p2a: Togekiss
|-resisted|p2a: Togekiss
|-damage|p2a: Togekiss|96/100
|
|switch|p1a: Sylveon|Sylveon, M|100/100|[from]move: U-turn
|
|-heal|p2a: Togekiss|100/100|[from] item: Leftovers
|upkeep
|turn|12
|
|move|p2a: Togekiss|Air Slash|p1a: Sylveon
|-damage|p1a: Sylveon|80/100
|cant|p1a: Sylveon|flinch
|
|-heal|p1a: Sylveon|87/100|[from] item: Leftovers
|upkeep
|turn|13
|
|move|p2a: Togekiss|Nasty Plot|p2a: Togekiss
|-boost|p2a: Togekiss|spa|2
|move|p1a: Sylveon|Mystical Fire|p2a: Togekiss
|-damage|p2a: Togekiss|82/100
|-unboost|p2a: Togekiss|spa|1
|
|-heal|p2a: Togekiss|88/100|[from] item: Leftovers
|-heal|p1a: Sylveon|93/100|[from] item: Leftovers
|upkeep
|turn|14
|
|move|p2a: Togekiss|Nasty Plot|p2a: Togekiss
|-boost|p2a: Togekiss|spa|2
|move|p1a: Sylveon|Hyper Voice|p2a: Togekiss
|-damage|p2a: Togekiss|47/100
|
|-heal|p2a: Togekiss|53/100|[from] item: Leftovers
|-heal|p1a: Sylveon|99/100|[from] item: Leftovers
|upkeep
|turn|15
|inactive|Battle timer is ON: inactive players will automatically lose when time's up. (requested by FroSHKG)
|
|move|p2a: Togekiss|Air Slash|p1a: Sylveon
|-damage|p1a: Sylveon|45/100
|cant|p1a: Sylveon|flinch
|
|-heal|p2a: Togekiss|59/100|[from] item: Leftovers
|-heal|p1a: Sylveon|51/100|[from] item: Leftovers
|upkeep
|turn|16
|c|☆Angus4696|dear lord - you sir deserve the win but also i hate you XD
|inactive|Angus4696 has 120 seconds left.
|
|move|p1a: Sylveon|Protect|p1a: Sylveon
|-singleturn|p1a: Sylveon|Protect
|move|p2a: Togekiss|Air Slash|p1a: Sylveon
|-activate|p1a: Sylveon|move: Protect
|
|-heal|p2a: Togekiss|65/100|[from] item: Leftovers
|-heal|p1a: Sylveon|57/100|[from] item: Leftovers
|upkeep
|turn|17
|
|move|p2a: Togekiss|Air Slash|p1a: Sylveon|[miss]
|-miss|p2a: Togekiss|p1a: Sylveon
|move|p1a: Sylveon|Hyper Voice|p2a: Togekiss
|-damage|p2a: Togekiss|24/100
|
|-heal|p2a: Togekiss|30/100|[from] item: Leftovers
|-heal|p1a: Sylveon|63/100|[from] item: Leftovers
|upkeep
|turn|18
|
|move|p2a: Togekiss|Air Slash|p1a: Sylveon
|-damage|p1a: Sylveon|12/100
|move|p1a: Sylveon|Hyper Voice|p2a: Togekiss
|-damage|p2a: Togekiss|0 fnt
|faint|p2a: Togekiss
|
|-heal|p1a: Sylveon|18/100|[from] item: Leftovers
|upkeep
|
|switch|p2a: Excadrill|Excadrill, F|81/100
|-ability|p2a: Excadrill|Mold Breaker
|turn|19
|inactive|Angus4696 has 120 seconds left.
|
|switch|p2a: Toxtricity|Toxtricity, M|100/100
|switch|p1a: Corviknight|Corviknight, M|35/100
|
|upkeep
|turn|20
|
|switch|p1a: Sylveon|Sylveon, M|18/100
|move|p2a: Toxtricity|Boomburst|p1a: Sylveon
|-damage|p1a: Sylveon|0 fnt
|-enditem|p2a: Toxtricity|Throat Spray
|-boost|p2a: Toxtricity|spa|1
|faint|p1a: Sylveon
|
|upkeep
|
|switch|p1a: Dugtrio|Dugtrio, M|100/100
|turn|21
|
|move|p1a: Dugtrio|Earthquake|p2a: Toxtricity
|-supereffective|p2a: Toxtricity
|-damage|p2a: Toxtricity|0 fnt
|faint|p2a: Toxtricity
|
|upkeep
|
|switch|p2a: Dragapult|Dragapult, M|100/100
|turn|22
|
|switch|p1a: Corviknight|Corviknight, M|35/100
|move|p2a: Dragapult|Dragon Dance|p2a: Dragapult
|-boost|p2a: Dragapult|atk|1
|-boost|p2a: Dragapult|spe|1
|
|upkeep
|turn|23
|
|move|p2a: Dragapult|Substitute|p2a: Dragapult
|-start|p2a: Dragapult|Substitute
|-damage|p2a: Dragapult|76/100
|move|p1a: Corviknight|Brave Bird|p2a: Dragapult
|-end|p2a: Dragapult|Substitute
|-damage|p1a: Corviknight|29/100|[from] Recoil|[of] p2a: Dragapult
|
|upkeep
|turn|24
|
|move|p2a: Dragapult|Dragon Darts|p1a: Corviknight
|-resisted|p1a: Corviknight
|-damage|p1a: Corviknight|16/100
|-resisted|p1a: Corviknight
|-damage|p1a: Corviknight|2/100
|-hitcount|p1a: Corviknight|2
|-damage|p2a: Dragapult|66/100|[from] item: Life Orb
|move|p1a: Corviknight|Brave Bird|p2a: Dragapult
|-damage|p2a: Dragapult|14/100
|-damage|p1a: Corviknight|0 fnt|[from] Recoil
|faint|p1a: Corviknight
|
|upkeep
|
|switch|p1a: Dugtrio|Dugtrio, M|100/100
|turn|25
|
|move|p2a: Dragapult|Dragon Darts|p1a: Dugtrio
|-enditem|p1a: Dugtrio|Focus Sash
|-damage|p1a: Dugtrio|1/100
|-damage|p1a: Dugtrio|0 fnt
|-hitcount|p1a: Dugtrio|2
|-damage|p2a: Dragapult|5/100|[from] item: Life Orb
|faint|p1a: Dugtrio
|
|upkeep
|
|switch|p1a: Hydreigon|Hydreigon, M|100/100
|turn|26
|c|☆Angus4696|miss play
|c|☆Angus4696|i had sucker -.-
|
|move|p2a: Dragapult|Dragon Darts|p1a: Hydreigon
|-supereffective|p1a: Hydreigon
|-damage|p1a: Hydreigon|0 fnt
|-hitcount|p1a: Hydreigon|1
|-damage|p2a: Dragapult|0 fnt|[from] item: Life Orb
|faint|p1a: Hydreigon
|faint|p2a: Dragapult
|
|upkeep
|
|switch|p2a: Excadrill|Excadrill, F|81/100
|switch|p1a: Seismitoad|Seismitoad, M|100/100
|-ability|p2a: Excadrill|Mold Breaker
|turn|27
|
|move|p2a: Excadrill|Earthquake|p1a: Seismitoad
|-damage|p1a: Seismitoad|60/100
|move|p1a: Seismitoad|Scald|p2a: Excadrill
|-supereffective|p2a: Excadrill
|-damage|p2a: Excadrill|13/100
|
|-heal|p1a: Seismitoad|66/100|[from] item: Leftovers
|upkeep
|turn|28
|
|move|p1a: Seismitoad|Protect|p1a: Seismitoad
|-singleturn|p1a: Seismitoad|Protect
|move|p2a: Excadrill|Earthquake|p1a: Seismitoad
|-activate|p1a: Seismitoad|move: Protect
|
|-heal|p1a: Seismitoad|72/100|[from] item: Leftovers
|upkeep
|turn|29
|
|move|p2a: Excadrill|Earthquake|p1a: Seismitoad
|-damage|p1a: Seismitoad|36/100
|move|p1a: Seismitoad|Scald|p2a: Excadrill
|-supereffective|p2a: Excadrill
|-damage|p2a: Excadrill|0 fnt
|faint|p2a: Excadrill
|
|-heal|p1a: Seismitoad|42/100|[from] item: Leftovers
|upkeep
|
|switch|p2a: Lucario|Lucario, F|100/100
|turn|30
|
|move|p2a: Lucario|Aura Sphere|p1a: Seismitoad
|-damage|p1a: Seismitoad|0 fnt
|-damage|p2a: Lucario|91/100|[from] item: Life Orb
|faint|p1a: Seismitoad
|
|win|FroSHKG
