|ScrapeTime|2020-01-02-01:06:26
|j|☆Ouuurunuzu
|j|☆El lauv
|player|p1|Ouuurunuzu|2|1000
|player|p2|El lauv|acetrainer-gen4|1025
|teamsize|p1|6
|teamsize|p2|6
|gametype|singles
|gen|8
|tier|[Gen 8] OU
|rated|
|rule|Sleep Clause Mod: Limit one foe put to sleep
|rule|Species Clause: Limit one of each Pokémon
|rule|OHKO Clause: OHKO moves are banned
|rule|Evasion Moves Clause: Evasion moves are banned
|rule|Endless Battle Clause: Forcing endless battles is banned
|rule|HP Percentage Mod: HP is shown in percentages
|clearpoke
|poke|p1|Dubwool, M|
|poke|p1|Chandelure, F|
|poke|p1|Tsareena, F|
|poke|p1|Froslass, F|
|poke|p1|Bisharp, F|
|poke|p1|Dracovish|
|poke|p2|Rillaboom, F|
|poke|p2|Rotom-Heat|
|poke|p2|Dracovish|
|poke|p2|Excadrill, F|
|poke|p2|Aegislash, F|
|poke|p2|Togekiss, M|
|rule|Dynamax Clause: You cannot dynamax
|teampreview
|
|start
|switch|p1a: Froslass|Froslass, F|100/100
|switch|p2a: Rotom|Rotom-Heat|100/100
|turn|1
|
|move|p1a: Froslass|Taunt|p2a: Rotom
|-start|p2a: Rotom|move: Taunt
|move|p2a: Rotom|Overheat|p1a: Froslass
|-supereffective|p1a: Froslass
|-enditem|p1a: Froslass|Focus Sash
|-damage|p1a: Froslass|1/100
|-unboost|p2a: Rotom|spa|2
|
|upkeep
|turn|2
|
|move|p1a: Froslass|Destiny Bond|p1a: Froslass
|-singlemove|p1a: Froslass|Destiny Bond
|move|p2a: Rotom|Discharge|p1a: Froslass
|-damage|p1a: Froslass|0 fnt
|-start|p2a: Rotom|Disable|Discharge|[from] ability: Cursed Body|[of] p1a: Froslass
|faint|p1a: Froslass
|-activate|p1a: Froslass|move: Destiny Bond
|faint|p2a: Rotom
|
|upkeep
|
|switch|p1a: Dubwool|Dubwool, M|100/100
|switch|p2a: Rillaboom|Rillaboom, F|100/100
|turn|3
|
|move|p2a: Rillaboom|Knock Off|p1a: Dubwool
|-damage|p1a: Dubwool|89/100
|-enditem|p1a: Dubwool|Lum Berry|[from] move: Knock Off|[of] p2a: Rillaboom
|move|p1a: Dubwool|Cotton Guard|p1a: Dubwool
|-boost|p1a: Dubwool|def|3
|
|upkeep
|turn|4
|
|move|p2a: Rillaboom|U-turn|p1a: Dubwool
|-damage|p1a: Dubwool|86/100
|
|switch|p2a: Togekiss|Togekiss, M|100/100|[from]move: U-turn
|move|p1a: Dubwool|Cotton Guard|p1a: Dubwool
|-boost|p1a: Dubwool|def|3
|
|upkeep
|turn|5
|
|move|p2a: Togekiss|Nasty Plot|p2a: Togekiss
|-boost|p2a: Togekiss|spa|2
|move|p1a: Dubwool|Body Press|p2a: Togekiss
|-resisted|p2a: Togekiss
|-damage|p2a: Togekiss|70/100
|
|upkeep
|turn|6
|
|move|p2a: Togekiss|Flamethrower|p1a: Dubwool
|-damage|p1a: Dubwool|0 fnt
|faint|p1a: Dubwool
|
|upkeep
|
|switch|p1a: Chandelure|Chandelure, F|100/100
|turn|7
|
|move|p1a: Chandelure|Flamethrower|p2a: Togekiss
|-damage|p2a: Togekiss|19/100
|move|p2a: Togekiss|Air Slash|p1a: Chandelure
|-damage|p1a: Chandelure|3/100
|
|upkeep
|turn|8
|
|move|p1a: Chandelure|Flamethrower|p2a: Togekiss
|-damage|p2a: Togekiss|0 fnt
|faint|p2a: Togekiss
|
|upkeep
|
|switch|p2a: Aegislash|Aegislash, F|100/100
|turn|9
|
|switch|p1a: Bisharp|Bisharp, F|100/100
|-ability|p1a: Bisharp|Pressure
|-formechange|p2a: Aegislash|Aegislash-Blade||[from] ability: Stance Change
|move|p2a: Aegislash|Shadow Sneak|p1a: Bisharp
|-resisted|p1a: Bisharp
|-damage|p1a: Bisharp|88/100
|
|upkeep
|turn|10
|
|-formechange|p2a: Aegislash|Aegislash||[from] ability: Stance Change
|move|p2a: Aegislash|King's Shield|p2a: Aegislash
|-singleturn|p2a: Aegislash|Protect
|move|p1a: Bisharp|Swords Dance|p1a: Bisharp
|-boost|p1a: Bisharp|atk|2
|
|upkeep
|turn|11
|
|move|p1a: Bisharp|Sucker Punch|p2a: Aegislash
|-supereffective|p2a: Aegislash
|-damage|p2a: Aegislash|0 fnt
|-damage|p1a: Bisharp|78/100|[from] item: Life Orb
|faint|p2a: Aegislash
|
|upkeep
|
|switch|p2a: Excadrill|Excadrill, F|100/100
|-ability|p2a: Excadrill|Mold Breaker
|turn|12
|
|move|p1a: Bisharp|Sucker Punch|p2a: Excadrill
|-enditem|p2a: Excadrill|Focus Sash
|-damage|p2a: Excadrill|1/100
|-damage|p1a: Bisharp|68/100|[from] item: Life Orb
|move|p2a: Excadrill|Earthquake|p1a: Bisharp
|-supereffective|p1a: Bisharp
|-damage|p1a: Bisharp|0 fnt
|faint|p1a: Bisharp
|
|upkeep
|
|switch|p1a: Chandelure|Chandelure, F|3/100
|turn|13
|
|move|p1a: Chandelure|Energy Ball|p2a: Excadrill
|-damage|p2a: Excadrill|0 fnt
|faint|p2a: Excadrill
|
|upkeep
|
|switch|p2a: Dracovish|Dracovish|100/100
|turn|14
|
|move|p1a: Chandelure|Energy Ball|p2a: Dracovish
|-damage|p2a: Dracovish|56/100
|move|p2a: Dracovish|Ice Fang|p1a: Chandelure
|-resisted|p1a: Chandelure
|-damage|p1a: Chandelure|0 fnt
|faint|p1a: Chandelure
|
|upkeep
|
|switch|p1a: Dracovish|Dracovish|100/100
|turn|15
|
|move|p2a: Dracovish|Ice Fang|p1a: Dracovish
|-damage|p1a: Dracovish|76/100
|move|p1a: Dracovish|Psychic Fangs|p2a: Dracovish
|-damage|p2a: Dracovish|0 fnt
|faint|p2a: Dracovish
|
|upkeep
|
|switch|p2a: Rillaboom|Rillaboom, F|100/100
|turn|16
|
|move|p2a: Rillaboom|Knock Off|p1a: Dracovish
|-damage|p1a: Dracovish|48/100
|-enditem|p1a: Dracovish|Choice Band|[from] move: Knock Off|[of] p2a: Rillaboom
|move|p1a: Dracovish|Psychic Fangs|p2a: Rillaboom
|-crit|p2a: Rillaboom
|-damage|p2a: Rillaboom|41/100
|
|upkeep
|turn|17
|
|move|p2a: Rillaboom|Drain Punch|p1a: Dracovish
|-damage|p1a: Dracovish|27/100
|-heal|p2a: Rillaboom|53/100|[from] drain|[of] p1a: Dracovish
|move|p1a: Dracovish|Leech Life|p2a: Rillaboom
|-supereffective|p2a: Rillaboom
|-damage|p2a: Rillaboom|1/100
|-heal|p1a: Dracovish|50/100|[from] drain|[of] p2a: Rillaboom
|
|upkeep
|turn|18
|
|move|p2a: Rillaboom|Drum Beating|p1a: Dracovish
|-damage|p1a: Dracovish|0 fnt
|faint|p1a: Dracovish
|
|upkeep
|
|switch|p1a: Tsareena|Tsareena, F|100/100
|turn|19
|
|move|p2a: Rillaboom|U-turn|p1a: Tsareena
|-supereffective|p1a: Tsareena
|-damage|p1a: Tsareena|54/100
|move|p1a: Tsareena|U-turn|p2a: Rillaboom
|-supereffective|p2a: Rillaboom
|-damage|p2a: Rillaboom|0 fnt
|faint|p2a: Rillaboom
|
|win|Ouuurunuzu
|raw|Ouuurunuzu's rating: 1000 → 1043(+43 for winning)
|raw|El lauv's rating: 1025 → 1010(-15 for losing)
|l|☆El lauv
