|ScrapeTime|2020-01-02-01:22:33
|j|☆GOOOOOOOD
|j|☆CynthinaDanielle12
|player|p1|GOOOOOOOD|veteran|1074
|player|p2|CynthinaDanielle12|lucian|1094
|teamsize|p1|6
|teamsize|p2|6
|gametype|singles
|gen|8
|tier|[Gen 8] OU
|rated|
|rule|Sleep Clause Mod: Limit one foe put to sleep
|rule|Species Clause: Limit one of each Pokémon
|rule|OHKO Clause: OHKO moves are banned
|rule|Evasion Moves Clause: Evasion moves are banned
|rule|Endless Battle Clause: Forcing endless battles is banned
|rule|HP Percentage Mod: HP is shown in percentages
|clearpoke
|poke|p1|Cinderace, M|
|poke|p1|Corviknight, M|
|poke|p1|Dragapult, M|
|poke|p1|Toxtricity, M|
|poke|p1|Dracovish|
|poke|p1|Excadrill, M|
|poke|p2|Dracovish|
|poke|p2|Clefable, F|
|poke|p2|Toxtricity, M|
|poke|p2|Lucario, M|
|poke|p2|Frosmoth, F|
|poke|p2|Ninetales, F|
|rule|Dynamax Clause: You cannot dynamax
|teampreview
|
|start
|switch|p1a: Excadrill|Excadrill, M, shiny|100/100
|switch|p2a: Hewoo|Clefable, F|100/100
|turn|1
|
|switch|p2a: FIRE|Ninetales, F|100/100
|-weather|SunnyDay|[from] ability: Drought|[of] p2a: FIRE
|move|p1a: Excadrill|Stealth Rock|p2a: FIRE
|-sidestart|p2: CynthinaDanielle12|move: Stealth Rock
|
|-weather|SunnyDay|[upkeep]
|upkeep
|turn|2
|
|move|p1a: Excadrill|Earthquake|p2a: FIRE
|-supereffective|p2a: FIRE
|-damage|p2a: FIRE|0 fnt
|faint|p2a: FIRE
|
|-weather|SunnyDay|[upkeep]
|upkeep
|
|switch|p2a: Cory|Dracovish|100/100
|-damage|p2a: Cory|88/100|[from] Stealth Rock
|turn|3
|
|move|p1a: Excadrill|Earthquake|p2a: Cory
|-damage|p2a: Cory|44/100
|move|p2a: Cory|Liquidation|p1a: Excadrill
|-supereffective|p1a: Excadrill
|-damage|p1a: Excadrill|50/100
|
|-weather|SunnyDay|[upkeep]
|-heal|p2a: Cory|50/100|[from] item: Leftovers
|upkeep
|turn|4
|
|move|p1a: Excadrill|Earthquake|p2a: Cory
|-damage|p2a: Cory|11/100
|move|p2a: Cory|Liquidation|p1a: Excadrill
|-supereffective|p1a: Excadrill
|-damage|p1a: Excadrill|1/100
|-unboost|p1a: Excadrill|def|1
|
|-weather|SunnyDay|[upkeep]
|-heal|p2a: Cory|17/100|[from] item: Leftovers
|upkeep
|turn|5
|
|move|p1a: Excadrill|Earthquake|p2a: Cory
|-damage|p2a: Cory|0 fnt
|faint|p2a: Cory
|
|-weather|none
|upkeep
|
|switch|p2a: Luke-ario|Lucario, M|100/100
|-damage|p2a: Luke-ario|98/100|[from] Stealth Rock
|turn|6
|
|move|p2a: Luke-ario|Extreme Speed|p1a: Excadrill
|-resisted|p1a: Excadrill
|-damage|p1a: Excadrill|0 fnt
|-damage|p2a: Luke-ario|88/100|[from] item: Life Orb
|faint|p1a: Excadrill
|
|upkeep
|
|switch|p1a: Dracovish|Dracovish|100/100
|turn|7
|
|move|p2a: Luke-ario|Aura Sphere|p1a: Dracovish
|-damage|p1a: Dracovish|46/100
|-damage|p2a: Luke-ario|78/100|[from] item: Life Orb
|move|p1a: Dracovish|Earthquake|p2a: Luke-ario
|-supereffective|p2a: Luke-ario
|-damage|p2a: Luke-ario|0 fnt
|-damage|p1a: Dracovish|36/100|[from] item: Life Orb
|faint|p2a: Luke-ario
|
|upkeep
|inactive|Battle timer is ON: inactive players will automatically lose when time's up. (requested by GOOOOOOOD)
|
|switch|p2a: Elsa|Frosmoth, F|100/100
|-damage|p2a: Elsa|51/100|[from] Stealth Rock
|turn|8
|
|move|p1a: Dracovish|Fishious Rend|p2a: Elsa
|-damage|p2a: Elsa|0 fnt
|-damage|p1a: Dracovish|26/100|[from] item: Life Orb
|faint|p2a: Elsa
|
|upkeep
|
|switch|p2a: Hewoo|Clefable, F|100/100
|turn|9
|
|move|p1a: Dracovish|Iron Head|p2a: Hewoo
|-supereffective|p2a: Hewoo
|-damage|p2a: Hewoo|53/100
|-damage|p1a: Dracovish|16/100|[from] item: Life Orb
|move|p2a: Hewoo|Calm Mind|p2a: Hewoo
|-boost|p2a: Hewoo|spa|1
|-boost|p2a: Hewoo|spd|1
|
|-heal|p2a: Hewoo|59/100|[from] item: Leftovers
|upkeep
|turn|10
|
|move|p1a: Dracovish|Fishious Rend|p2a: Hewoo
|-damage|p2a: Hewoo|0 fnt
|-damage|p1a: Dracovish|6/100|[from] item: Life Orb
|faint|p2a: Hewoo
|
|upkeep
|
|switch|p2a: Edgy boi|Toxtricity, M|100/100
|-damage|p2a: Edgy boi|88/100|[from] Stealth Rock
|turn|11
|
|move|p1a: Dracovish|Fishious Rend|p2a: Edgy boi
|-damage|p2a: Edgy boi|0 fnt
|-damage|p1a: Dracovish|0 fnt|[from] item: Life Orb
|faint|p2a: Edgy boi
|faint|p1a: Dracovish
|
|win|GOOOOOOOD
|l|☆CynthinaDanielle12
|raw|GOOOOOOOD's rating: 1074 → 1105(+31 for winning)
|raw|CynthinaDanielle12's rating: 1094 → 1069(-25 for losing)
