|ScrapeTime|2020-01-02-23:54:51
|j|☆Aspect of Light
|j|☆Newfreeze
|player|p1|Aspect of Light|guitarist|1056
|player|p2|Newfreeze|cynthia|1080
|teamsize|p1|6
|teamsize|p2|6
|gametype|singles
|gen|8
|tier|[Gen 8] OU
|rated|
|rule|Sleep Clause Mod: Limit one foe put to sleep
|rule|Species Clause: Limit one of each Pokémon
|rule|OHKO Clause: OHKO moves are banned
|rule|Evasion Moves Clause: Evasion moves are banned
|rule|Endless Battle Clause: Forcing endless battles is banned
|rule|HP Percentage Mod: HP is shown in percentages
|clearpoke
|poke|p1|Machamp, M|
|poke|p1|Kommo-o, F|
|poke|p1|Grapploct, M|
|poke|p1|Toxicroak, M|
|poke|p1|Hawlucha, M|
|poke|p1|Hitmonlee, M|
|poke|p2|Ferrothorn, F|
|poke|p2|Rotom-Wash|
|poke|p2|Corviknight, F|
|poke|p2|Dragapult, M|
|poke|p2|Hydreigon, F|
|poke|p2|Toxapex, F|
|rule|Dynamax Clause: You cannot dynamax
|teampreview
|
|start
|switch|p1a: Machamp|Machamp, M, shiny|100/100
|switch|p2a: Toxapex|Toxapex, F, shiny|100/100
|turn|1
|
|move|p1a: Machamp|Knock Off|p2a: Toxapex
|-damage|p2a: Toxapex|78/100
|-enditem|p2a: Toxapex|Black Sludge|[from] move: Knock Off|[of] p1a: Machamp
|move|p2a: Toxapex|Toxic|p1a: Machamp
|-status|p1a: Machamp|tox
|
|-damage|p1a: Machamp|94/100 tox|[from] psn
|upkeep
|turn|2
|
|move|p1a: Machamp|Facade|p2a: Toxapex
|-damage|p2a: Toxapex|28/100
|move|p2a: Toxapex|Scald|p1a: Machamp
|-damage|p1a: Machamp|78/100 tox
|
|-damage|p1a: Machamp|66/100 tox|[from] psn
|upkeep
|turn|3
|
|switch|p2a: Ferrothorn|Ferrothorn, F|100/100
|move|p1a: Machamp|Cross Chop|p2a: Ferrothorn
|-supereffective|p2a: Ferrothorn
|-damage|p2a: Ferrothorn|0 fnt
|-damage|p1a: Machamp|53/100 tox|[from] ability: Iron Barbs|[of] p2a: Ferrothorn
|-damage|p1a: Machamp|37/100 tox|[from] item: Rocky Helmet|[of] p2a: Ferrothorn
|faint|p2a: Ferrothorn
|
|-damage|p1a: Machamp|18/100 tox|[from] psn
|upkeep
|
|switch|p2a: Corviknight|Corviknight, F|100/100
|-ability|p2a: Corviknight|Pressure
|turn|4
|
|move|p2a: Corviknight|Bulk Up|p2a: Corviknight
|-boost|p2a: Corviknight|atk|1
|-boost|p2a: Corviknight|def|1
|move|p1a: Machamp|Ice Punch|p2a: Corviknight
|-crit|p2a: Corviknight
|-damage|p2a: Corviknight|51/100
|-status|p2a: Corviknight|frz
|
|-heal|p2a: Corviknight|57/100 frz|[from] item: Leftovers
|-damage|p1a: Machamp|0 fnt|[from] psn
|faint|p1a: Machamp
|upkeep
|
|switch|p1a: Grapploct|Grapploct, M, shiny|100/100
|turn|5
|
|switch|p2a: Dragapult|Dragapult, M|100/100
|move|p1a: Grapploct|Octolock|p2a: Dragapult
|-immune|p2a: Dragapult
|
|upkeep
|turn|6
|
|switch|p1a: Hawlucha|Hawlucha, M, shiny|100/100
|-ability|p1a: Hawlucha|Mold Breaker
|move|p2a: Dragapult|Dragon Tail|p1a: Hawlucha
|-damage|p1a: Hawlucha|45/100
|drag|p1a: Hitmonlee|Hitmonlee, M, shiny|100/100
|
|upkeep
|turn|7
|
|move|p1a: Hitmonlee|Rock Slide|p2a: Dragapult
|-damage|p2a: Dragapult|64/100
|move|p2a: Dragapult|Dragon Tail|p1a: Hitmonlee
|-damage|p1a: Hitmonlee|5/100
|drag|p1a: Kommo-o|Kommo-o, F, shiny|100/100
|
|upkeep
|turn|8
|
|move|p1a: Kommo-o|Clanging Scales|p2a: Dragapult
|-supereffective|p2a: Dragapult
|-damage|p2a: Dragapult|0 fnt
|-unboost|p1a: Kommo-o|def|1
|faint|p2a: Dragapult
|
|upkeep
|
|switch|p2a: Rotom|Rotom-Wash, shiny|100/100
|turn|9
|
|move|p2a: Rotom|Volt Switch|p1a: Kommo-o
|-resisted|p1a: Kommo-o
|-damage|p1a: Kommo-o|86/100
|
|switch|p2a: Toxapex|Toxapex, F, shiny|62/100|[from]move: Volt Switch
|move|p1a: Kommo-o|Clangorous Soul|p1a: Kommo-o
|-boost|p1a: Kommo-o|atk|1
|-boost|p1a: Kommo-o|def|1
|-boost|p1a: Kommo-o|spa|1
|-boost|p1a: Kommo-o|spd|1
|-boost|p1a: Kommo-o|spe|1
|-damage|p1a: Kommo-o|52/100
|
|upkeep
|turn|10
|
|move|p1a: Kommo-o|Clanging Scales|p2a: Toxapex
|-damage|p2a: Toxapex|9/100
|-unboost|p1a: Kommo-o|def|1
|move|p2a: Toxapex|Haze|p2a: Toxapex
|-clearallboost
|
|upkeep
|turn|11
|
|switch|p2a: Corviknight|Corviknight, F|57/100 frz
|-ability|p2a: Corviknight|Pressure
|move|p1a: Kommo-o|Drain Punch|p2a: Corviknight
|-damage|p2a: Corviknight|34/100 frz
|-heal|p1a: Kommo-o|66/100|[from] drain|[of] p2a: Corviknight
|
|-heal|p2a: Corviknight|40/100 frz|[from] item: Leftovers
|upkeep
|turn|12
|
|switch|p2a: Rotom|Rotom-Wash, shiny|100/100
|move|p1a: Kommo-o|Clangorous Soul|p1a: Kommo-o
|-boost|p1a: Kommo-o|atk|1
|-boost|p1a: Kommo-o|def|1
|-boost|p1a: Kommo-o|spa|1
|-boost|p1a: Kommo-o|spd|1
|-boost|p1a: Kommo-o|spe|1
|-damage|p1a: Kommo-o|33/100
|
|upkeep
|turn|13
|
|move|p1a: Kommo-o|Clanging Scales|p2a: Rotom
|-damage|p2a: Rotom|32/100
|-unboost|p1a: Kommo-o|def|1
|move|p2a: Rotom|Thunder Wave|p1a: Kommo-o
|-status|p1a: Kommo-o|par
|
|-heal|p2a: Rotom|39/100|[from] item: Leftovers
|upkeep
|turn|14
|
|move|p2a: Rotom|Hydro Pump|p1a: Kommo-o
|-resisted|p1a: Kommo-o
|-damage|p1a: Kommo-o|17/100 par
|-enditem|p1a: Kommo-o|Wiki Berry|[eat]
|-heal|p1a: Kommo-o|50/100 par|[from] item: Wiki Berry
|move|p1a: Kommo-o|Clanging Scales|p2a: Rotom
|-damage|p2a: Rotom|0 fnt
|-unboost|p1a: Kommo-o|def|1
|faint|p2a: Rotom
|
|upkeep
|
|switch|p2a: Hydreigon|Hydreigon, F|100/100
|turn|15
|
|move|p2a: Hydreigon|Substitute|p2a: Hydreigon
|-start|p2a: Hydreigon|Substitute
|-damage|p2a: Hydreigon|76/100
|cant|p1a: Kommo-o|par
|
|-heal|p2a: Hydreigon|82/100|[from] item: Leftovers
|upkeep
|turn|16
|
|move|p2a: Hydreigon|Nasty Plot|p2a: Hydreigon
|-boost|p2a: Hydreigon|spa|2
|cant|p1a: Kommo-o|par
|
|-heal|p2a: Hydreigon|88/100|[from] item: Leftovers
|upkeep
|turn|17
|
|move|p2a: Hydreigon|Dark Pulse|p1a: Kommo-o
|-resisted|p1a: Kommo-o
|-damage|p1a: Kommo-o|15/100 par
|move|p1a: Kommo-o|Clanging Scales|p2a: Hydreigon
|-supereffective|p2a: Hydreigon
|-damage|p2a: Hydreigon|0 fnt
|-unboost|p1a: Kommo-o|def|1
|faint|p2a: Hydreigon
|
|upkeep
|
|switch|p2a: Toxapex|Toxapex, F, shiny|42/100
|turn|18
|
|cant|p1a: Kommo-o|par
|move|p2a: Toxapex|Recover|p2a: Toxapex
|-heal|p2a: Toxapex|92/100
|
|upkeep
|turn|19
|
|move|p1a: Kommo-o|Clanging Scales|p2a: Toxapex
|-damage|p2a: Toxapex|43/100
|-unboost|p1a: Kommo-o|def|1
|move|p2a: Toxapex|Scald|p1a: Kommo-o
|-resisted|p1a: Kommo-o
|-damage|p1a: Kommo-o|9/100 par
|
|upkeep
|turn|20
|
|move|p1a: Kommo-o|Clanging Scales|p2a: Toxapex
|-damage|p2a: Toxapex|0 fnt
|-unboost|p1a: Kommo-o|def|1
|faint|p2a: Toxapex
|
|upkeep
|
|switch|p2a: Corviknight|Corviknight, F|40/100 frz
|-ability|p2a: Corviknight|Pressure
|turn|21
|
|cant|p2a: Corviknight|frz
|move|p1a: Kommo-o|Clanging Scales|p2a: Corviknight
|-resisted|p2a: Corviknight
|-damage|p2a: Corviknight|2/100 frz
|-unboost|p1a: Kommo-o|def|1
|
|-heal|p2a: Corviknight|8/100 frz|[from] item: Leftovers
|upkeep
|turn|22
|
|cant|p2a: Corviknight|frz
|move|p1a: Kommo-o|Drain Punch|p2a: Corviknight
|-damage|p2a: Corviknight|0 fnt
|-heal|p1a: Kommo-o|14/100 par|[from] drain|[of] p2a: Corviknight
|faint|p2a: Corviknight
|
|win|Aspect of Light
|l|☆Newfreeze
|raw|Aspect of Light's rating: 1057 → 1093(+36 for winning)
|raw|Newfreeze's rating: 1110 → 1082(-28 for losing)
