|ScrapeTime|2020-01-02-15:55:28
|j|☆Tripledeluxer
|j|☆PaperToadster
|player|p1|Tripledeluxer|99|1203
|player|p2|PaperToadster|206|1180
|teamsize|p1|6
|teamsize|p2|6
|gametype|singles
|gen|8
|tier|[Gen 8] OU
|rated|
|rule|Sleep Clause Mod: Limit one foe put to sleep
|rule|Species Clause: Limit one of each Pokémon
|rule|OHKO Clause: OHKO moves are banned
|rule|Evasion Moves Clause: Evasion moves are banned
|rule|Endless Battle Clause: Forcing endless battles is banned
|rule|HP Percentage Mod: HP is shown in percentages
|clearpoke
|poke|p1|Seismitoad, M|
|poke|p1|Grimmsnarl, M|
|poke|p1|Alcremie-Mint, F|
|poke|p1|Dragapult, F|
|poke|p1|Cinderace, M|
|poke|p1|Corviknight, M|
|poke|p2|Seismitoad, F|
|poke|p2|Chandelure, M|
|poke|p2|Arctozolt|
|poke|p2|Weezing-Galar, M|
|poke|p2|Togekiss, M|
|poke|p2|Ferrothorn, M|
|rule|Dynamax Clause: You cannot dynamax
|teampreview
|
|start
|switch|p1a: Cinderace|Cinderace, M|100/100
|switch|p2a: Seismitoad|Seismitoad, F|100/100
|turn|1
|
|move|p1a: Cinderace|U-turn|p2a: Seismitoad
|-damage|p2a: Seismitoad|85/100
|
|switch|p1a: Seismitoad|Seismitoad, M|100/100|[from]move: U-turn
|move|p2a: Seismitoad|Scald|p1a: Seismitoad
|-immune|p1a: Seismitoad|[from] ability: Water Absorb
|
|upkeep
|turn|2
|
|switch|p2a: Ferrothorn|Ferrothorn, M|100/100
|move|p1a: Seismitoad|Toxic|p2a: Ferrothorn
|-immune|p2a: Ferrothorn
|
|upkeep
|turn|3
|
|move|p1a: Seismitoad|Stealth Rock|p2a: Ferrothorn
|-sidestart|p2: PaperToadster|move: Stealth Rock
|move|p2a: Ferrothorn|Leech Seed|p1a: Seismitoad
|-start|p1a: Seismitoad|move: Leech Seed
|
|-damage|p1a: Seismitoad|88/100|[from] Leech Seed|[of] p2a: Ferrothorn
|upkeep
|turn|4
|
|switch|p1a: Cinderace|Cinderace, M|100/100
|move|p2a: Ferrothorn|Power Whip|p1a: Cinderace
|-resisted|p1a: Cinderace
|-damage|p1a: Cinderace|71/100
|
|upkeep
|turn|5
|
|switch|p2a: Seismitoad|Seismitoad, F|85/100
|-damage|p2a: Seismitoad|79/100|[from] Stealth Rock
|move|p1a: Cinderace|U-turn|p2a: Seismitoad
|-damage|p2a: Seismitoad|62/100
|
|switch|p1a: Dragapult|Dragapult, F|100/100|[from]move: U-turn
|
|upkeep
|turn|6
|
|move|p1a: Dragapult|Shadow Ball|p2a: Seismitoad
|-damage|p2a: Seismitoad|6/100
|-enditem|p2a: Seismitoad|Aguav Berry|[eat]
|-heal|p2a: Seismitoad|39/100|[from] item: Aguav Berry
|move|p2a: Seismitoad|Stealth Rock|p1a: Dragapult
|-sidestart|p1: Tripledeluxer|move: Stealth Rock
|
|upkeep
|turn|7
|
|move|p1a: Dragapult|Shadow Ball|p2a: Seismitoad
|-damage|p2a: Seismitoad|0 fnt
|faint|p2a: Seismitoad
|
|upkeep
|
|switch|p2a: Chandelure|Chandelure, M|100/100
|-damage|p2a: Chandelure|76/100|[from] Stealth Rock
|turn|8
|
|switch|p1a: Seismitoad|Seismitoad, M|88/100
|-damage|p1a: Seismitoad|82/100|[from] Stealth Rock
|move|p2a: Chandelure|Shadow Ball|p1a: Seismitoad
|-damage|p1a: Seismitoad|33/100
|
|-heal|p1a: Seismitoad|39/100|[from] item: Leftovers
|upkeep
|turn|9
|
|switch|p1a: Grimmsnarl|Grimmsnarl, M|100/100
|-damage|p1a: Grimmsnarl|88/100|[from] Stealth Rock
|move|p2a: Chandelure|Shadow Ball|p1a: Grimmsnarl
|-resisted|p1a: Grimmsnarl
|-damage|p1a: Grimmsnarl|72/100
|
|upkeep
|turn|10
|
|switch|p2a: Weezing|Weezing-Galar, M|100/100
|-damage|p2a: Weezing|88/100|[from] Stealth Rock
|move|p1a: Grimmsnarl|Light Screen|p1a: Grimmsnarl
|-sidestart|p1: Tripledeluxer|move: Light Screen
|
|-heal|p2a: Weezing|94/100|[from] item: Black Sludge
|upkeep
|turn|11
|
|switch|p1a: Cinderace|Cinderace, M|71/100
|move|p2a: Weezing|Strange Steam|p1a: Cinderace
|-resisted|p1a: Cinderace
|-damage|p1a: Cinderace|61/100
|
|-heal|p2a: Weezing|99/100|[from] item: Black Sludge
|upkeep
|turn|12
|
|move|p1a: Cinderace|Pyro Ball|p2a: Weezing
|-damage|p2a: Weezing|62/100
|move|p2a: Weezing|Defog|p1a: Cinderace
|-unboost|p1a: Cinderace|evasion|1
|-sideend|p1: Tripledeluxer|move: Light Screen
|-sideend|p1: Tripledeluxer|Stealth Rock|[from] move: Defog|[of] p2a: Weezing
|-sideend|p2: PaperToadster|Stealth Rock|[from] move: Defog|[of] p2a: Weezing
|
|-heal|p2a: Weezing|68/100|[from] item: Black Sludge
|upkeep
|turn|13
|
|switch|p2a: Chandelure|Chandelure, M|76/100
|move|p1a: Cinderace|Pyro Ball|p2a: Chandelure
|-start|p2a: Chandelure|ability: Flash Fire
|
|upkeep
|turn|14
|
|move|p1a: Cinderace|Sucker Punch|p2a: Chandelure
|-supereffective|p2a: Chandelure
|-damage|p2a: Chandelure|12/100
|move|p2a: Chandelure|Shadow Ball|p1a: Cinderace
|-damage|p1a: Cinderace|0 fnt
|faint|p1a: Cinderace
|
|upkeep
|
|switch|p1a: Grimmsnarl|Grimmsnarl, M|72/100
|turn|15
|
|-end|p2a: Chandelure|ability: Flash Fire|[silent]
|switch|p2a: Ferrothorn|Ferrothorn, M|100/100
|move|p1a: Grimmsnarl|Light Screen|p1a: Grimmsnarl
|-sidestart|p1: Tripledeluxer|move: Light Screen
|
|upkeep
|turn|16
|
|move|p1a: Grimmsnarl|Reflect|p1a: Grimmsnarl
|-sidestart|p1: Tripledeluxer|Reflect
|move|p2a: Ferrothorn|Gyro Ball|p1a: Grimmsnarl
|-supereffective|p1a: Grimmsnarl
|-damage|p1a: Grimmsnarl|31/100
|
|upkeep
|turn|17
|
|switch|p1a: Corviknight|Corviknight, M|100/100
|-ability|p1a: Corviknight|Pressure
|move|p2a: Ferrothorn|Gyro Ball|p1a: Corviknight
|-resisted|p1a: Corviknight
|-damage|p1a: Corviknight|93/100
|
|-heal|p1a: Corviknight|99/100|[from] item: Leftovers
|upkeep
|turn|18
|
|move|p1a: Corviknight|Substitute|p1a: Corviknight
|-start|p1a: Corviknight|Substitute
|-damage|p1a: Corviknight|74/100
|move|p2a: Ferrothorn|Leech Seed||[still]
|-fail|p2a: Ferrothorn
|
|-heal|p1a: Corviknight|80/100|[from] item: Leftovers
|upkeep
|turn|19
|
|switch|p2a: Arctozolt|Arctozolt|100/100
|move|p1a: Corviknight|Bulk Up|p1a: Corviknight
|-boost|p1a: Corviknight|atk|1
|-boost|p1a: Corviknight|def|1
|
|-heal|p1a: Corviknight|86/100|[from] item: Leftovers
|upkeep
|turn|20
|
|move|p2a: Arctozolt|Bolt Beak|p1a: Corviknight
|-supereffective|p1a: Corviknight
|-end|p1a: Corviknight|Substitute
|-damage|p2a: Arctozolt|91/100|[from] item: Life Orb
|move|p1a: Corviknight|Brave Bird|p2a: Arctozolt
|-resisted|p2a: Arctozolt
|-damage|p2a: Arctozolt|59/100
|-damage|p1a: Corviknight|78/100|[from] Recoil
|
|-heal|p1a: Corviknight|84/100|[from] item: Leftovers
|upkeep
|turn|21
|
|switch|p1a: Seismitoad|Seismitoad, M|39/100
|move|p2a: Arctozolt|Freeze-Dry|p1a: Seismitoad
|-supereffective|p1a: Seismitoad
|-damage|p1a: Seismitoad|0 fnt
|-damage|p2a: Arctozolt|49/100|[from] item: Life Orb
|faint|p1a: Seismitoad
|
|upkeep
|
|switch|p1a: Dragapult|Dragapult, F|100/100
|turn|22
|
|switch|p2a: Ferrothorn|Ferrothorn, M|100/100
|move|p1a: Dragapult|Shadow Ball|p2a: Ferrothorn
|-damage|p2a: Ferrothorn|56/100
|
|-heal|p2a: Ferrothorn|62/100|[from] item: Leftovers
|-sideend|p1: Tripledeluxer|move: Light Screen
|upkeep
|turn|23
|
|move|p1a: Dragapult|Shadow Ball|p2a: Ferrothorn
|-damage|p2a: Ferrothorn|20/100
|move|p2a: Ferrothorn|Leech Seed|p1a: Dragapult
|-start|p1a: Dragapult|move: Leech Seed
|
|-heal|p2a: Ferrothorn|26/100|[from] item: Leftovers
|-damage|p1a: Dragapult|88/100|[from] Leech Seed|[of] p2a: Ferrothorn
|-heal|p2a: Ferrothorn|37/100|[silent]
|-sideend|p1: Tripledeluxer|Reflect
|upkeep
|turn|24
|
|switch|p1a: Corviknight|Corviknight, M|84/100
|-ability|p1a: Corviknight|Pressure
|move|p2a: Ferrothorn|Protect||[still]
|-fail|p2a: Ferrothorn
|
|-heal|p1a: Corviknight|90/100|[from] item: Leftovers
|-heal|p2a: Ferrothorn|43/100|[from] item: Leftovers
|upkeep
|turn|25
|
|switch|p2a: Arctozolt|Arctozolt|49/100
|move|p1a: Corviknight|Substitute|p1a: Corviknight
|-start|p1a: Corviknight|Substitute
|-damage|p1a: Corviknight|65/100
|
|-heal|p1a: Corviknight|71/100|[from] item: Leftovers
|upkeep
|turn|26
|
|move|p2a: Arctozolt|Bolt Beak|p1a: Corviknight
|-supereffective|p1a: Corviknight
|-end|p1a: Corviknight|Substitute
|-damage|p2a: Arctozolt|39/100|[from] item: Life Orb
|move|p1a: Corviknight|Brave Bird|p2a: Arctozolt
|-resisted|p2a: Arctozolt
|-damage|p2a: Arctozolt|18/100
|-damage|p1a: Corviknight|65/100|[from] Recoil
|
|-heal|p1a: Corviknight|71/100|[from] item: Leftovers
|upkeep
|turn|27
|
|switch|p1a: Grimmsnarl|Grimmsnarl, M|31/100
|move|p2a: Arctozolt|Bolt Beak|p1a: Grimmsnarl
|-damage|p1a: Grimmsnarl|0 fnt
|-damage|p2a: Arctozolt|8/100|[from] item: Life Orb
|faint|p1a: Grimmsnarl
|
|upkeep
|
|switch|p1a: Alcremie|Alcremie-Mint, F|100/100
|turn|28
|
|switch|p2a: Togekiss|Togekiss, M|100/100
|move|p1a: Alcremie|Recover||[still]
|-fail|p1a: Alcremie|heal
|
|upkeep
|turn|29
|
|move|p2a: Togekiss|Thunder Wave|p1a: Alcremie
|-status|p1a: Alcremie|par
|cant|p1a: Alcremie|par
|
|upkeep
|turn|30
|
|move|p2a: Togekiss|Air Slash|p1a: Alcremie
|-damage|p1a: Alcremie|75/100 par
|cant|p1a: Alcremie|flinch
|
|-heal|p1a: Alcremie|81/100 par|[from] item: Leftovers
|upkeep
|turn|31
|
|move|p2a: Togekiss|Air Slash|p1a: Alcremie
|-damage|p1a: Alcremie|57/100 par
|cant|p1a: Alcremie|flinch
|
|-heal|p1a: Alcremie|63/100 par|[from] item: Leftovers
|upkeep
|turn|32
|
|move|p2a: Togekiss|Air Slash|p1a: Alcremie
|-crit|p1a: Alcremie
|-damage|p1a: Alcremie|24/100 par
|cant|p1a: Alcremie|par
|
|-heal|p1a: Alcremie|30/100 par|[from] item: Leftovers
|upkeep
|turn|33
|
|move|p2a: Togekiss|Air Slash|p1a: Alcremie
|-damage|p1a: Alcremie|5/100 par
|move|p1a: Alcremie|Recover|p1a: Alcremie
|-heal|p1a: Alcremie|55/100 par
|
|-heal|p1a: Alcremie|61/100 par|[from] item: Leftovers
|upkeep
|turn|34
|
|move|p2a: Togekiss|Air Slash|p1a: Alcremie
|-damage|p1a: Alcremie|37/100 par
|move|p1a: Alcremie|Recover|p1a: Alcremie
|-heal|p1a: Alcremie|87/100 par
|
|-heal|p1a: Alcremie|93/100 par|[from] item: Leftovers
|upkeep
|turn|35
|
|move|p2a: Togekiss|Wish|p2a: Togekiss
|cant|p1a: Alcremie|par
|
|-heal|p1a: Alcremie|99/100 par|[from] item: Leftovers
|upkeep
|turn|36
|
|switch|p2a: Ferrothorn|Ferrothorn, M|43/100
|move|p1a: Alcremie|Calm Mind|p1a: Alcremie
|-boost|p1a: Alcremie|spa|1
|-boost|p1a: Alcremie|spd|1
|
|-heal|p2a: Ferrothorn|96/100|[from] move: Wish|[wisher] Togekiss
|-heal|p1a: Alcremie|100/100 par|[from] item: Leftovers
|-heal|p2a: Ferrothorn|100/100|[from] item: Leftovers
|upkeep
|turn|37
|
|move|p1a: Alcremie|Mystical Fire|p2a: Ferrothorn
|-supereffective|p2a: Ferrothorn
|-damage|p2a: Ferrothorn|10/100
|-unboost|p2a: Ferrothorn|spa|1
|move|p2a: Ferrothorn|Leech Seed|p1a: Alcremie
|-start|p1a: Alcremie|move: Leech Seed
|
|-heal|p2a: Ferrothorn|16/100|[from] item: Leftovers
|-damage|p1a: Alcremie|88/100 par|[from] Leech Seed|[of] p2a: Ferrothorn
|-heal|p2a: Ferrothorn|27/100|[silent]
|upkeep
|turn|38
|
|move|p2a: Ferrothorn|Protect|p2a: Ferrothorn
|-singleturn|p2a: Ferrothorn|Protect
|move|p1a: Alcremie|Draining Kiss|p2a: Ferrothorn
|-activate|p2a: Ferrothorn|move: Protect
|
|-heal|p1a: Alcremie|94/100 par|[from] item: Leftovers
|-heal|p2a: Ferrothorn|34/100|[from] item: Leftovers
|-damage|p1a: Alcremie|82/100 par|[from] Leech Seed|[of] p2a: Ferrothorn
|-heal|p2a: Ferrothorn|45/100|[silent]
|upkeep
|turn|39
|
|switch|p2a: Togekiss|Togekiss, M|100/100
|move|p1a: Alcremie|Calm Mind|p1a: Alcremie
|-boost|p1a: Alcremie|spa|1
|-boost|p1a: Alcremie|spd|1
|
|-heal|p1a: Alcremie|88/100 par|[from] item: Leftovers
|-damage|p1a: Alcremie|76/100 par|[from] Leech Seed|[of] p2a: Togekiss
|upkeep
|turn|40
|
|move|p2a: Togekiss|Wish|p2a: Togekiss
|move|p1a: Alcremie|Recover|p1a: Alcremie
|-heal|p1a: Alcremie|100/100 par
|
|-damage|p1a: Alcremie|88/100 par|[from] Leech Seed|[of] p2a: Togekiss
|upkeep
|turn|41
|
|switch|p2a: Weezing|Weezing-Galar, M|68/100
|move|p1a: Alcremie|Draining Kiss|p2a: Weezing
|-resisted|p2a: Weezing
|-damage|p2a: Weezing|42/100
|-heal|p1a: Alcremie|100/100 par|[from] drain|[of] p2a: Weezing
|
|-heal|p2a: Weezing|98/100|[from] move: Wish|[wisher] Togekiss
|-heal|p2a: Weezing|100/100|[from] item: Black Sludge
|-damage|p1a: Alcremie|88/100 par|[from] Leech Seed|[of] p2a: Weezing
|upkeep
|turn|42
|
|switch|p1a: Corviknight|Corviknight, M|71/100
|-ability|p1a: Corviknight|Pressure
|move|p2a: Weezing|Haze|p2a: Weezing
|-clearallboost
|
|-heal|p1a: Corviknight|77/100|[from] item: Leftovers
|upkeep
|turn|43
|
|switch|p2a: Ferrothorn|Ferrothorn, M|45/100
|move|p1a: Corviknight|Substitute|p1a: Corviknight
|-start|p1a: Corviknight|Substitute
|-damage|p1a: Corviknight|53/100
|
|-heal|p1a: Corviknight|59/100|[from] item: Leftovers
|-heal|p2a: Ferrothorn|52/100|[from] item: Leftovers
|upkeep
|turn|44
|
|switch|p2a: Arctozolt|Arctozolt|8/100
|move|p1a: Corviknight|Bulk Up|p1a: Corviknight
|-boost|p1a: Corviknight|atk|1
|-boost|p1a: Corviknight|def|1
|
|-heal|p1a: Corviknight|65/100|[from] item: Leftovers
|upkeep
|turn|45
|
|switch|p2a: Togekiss|Togekiss, M|100/100
|move|p1a: Corviknight|Brave Bird|p2a: Togekiss
|-damage|p2a: Togekiss|50/100
|-damage|p1a: Corviknight|48/100|[from] item: Rocky Helmet|[of] p2a: Togekiss
|-damage|p1a: Corviknight|33/100|[from] Recoil
|
|-heal|p1a: Corviknight|39/100|[from] item: Leftovers
|upkeep
|turn|46
|
|move|p2a: Togekiss|Wish|p2a: Togekiss
|move|p1a: Corviknight|Roost|p1a: Corviknight
|-heal|p1a: Corviknight|89/100
|-singleturn|p1a: Corviknight|move: Roost
|
|-heal|p1a: Corviknight|95/100|[from] item: Leftovers
|upkeep
|turn|47
|
|move|p2a: Togekiss|Protect|p2a: Togekiss
|-singleturn|p2a: Togekiss|Protect
|move|p1a: Corviknight|Brave Bird|p2a: Togekiss
|-activate|p2a: Togekiss|move: Protect
|
|-heal|p2a: Togekiss|100/100|[from] move: Wish|[wisher] Togekiss
|-heal|p1a: Corviknight|100/100|[from] item: Leftovers
|upkeep
|turn|48
|
|move|p2a: Togekiss|Wish|p2a: Togekiss
|move|p1a: Corviknight|Brave Bird|p2a: Togekiss
|-damage|p2a: Togekiss|52/100
|-damage|p1a: Corviknight|84/100|[from] item: Rocky Helmet|[of] p2a: Togekiss
|-damage|p1a: Corviknight|69/100|[from] Recoil
|
|-heal|p1a: Corviknight|75/100|[from] item: Leftovers
|upkeep
|turn|49
|
|switch|p2a: Arctozolt|Arctozolt|8/100
|move|p1a: Corviknight|Brave Bird|p2a: Arctozolt
|-resisted|p2a: Arctozolt
|-damage|p2a: Arctozolt|0 fnt
|-damage|p1a: Corviknight|73/100|[from] Recoil
|faint|p2a: Arctozolt
|
|-heal|p1a: Corviknight|79/100|[from] item: Leftovers
|upkeep
|
|switch|p2a: Togekiss|Togekiss, M|52/100
|turn|50
|
|move|p2a: Togekiss|Air Slash|p1a: Corviknight
|-resisted|p1a: Corviknight
|-activate|p1a: Corviknight|move: Substitute|[damage]
|move|p1a: Corviknight|Bulk Up|p1a: Corviknight
|-boost|p1a: Corviknight|atk|1
|-boost|p1a: Corviknight|def|1
|
|-heal|p1a: Corviknight|85/100|[from] item: Leftovers
|upkeep
|turn|51
|
|move|p2a: Togekiss|Wish|p2a: Togekiss
|move|p1a: Corviknight|Substitute|p1a: Corviknight
|-fail|p1a: Corviknight|move: Substitute
|
|-heal|p1a: Corviknight|91/100|[from] item: Leftovers
|upkeep
|turn|52
|
|switch|p2a: Ferrothorn|Ferrothorn, M|52/100
|move|p1a: Corviknight|Brave Bird|p2a: Ferrothorn
|-damage|p2a: Ferrothorn|7/100
|-damage|p1a: Corviknight|79/100|[from] ability: Iron Barbs|[of] p2a: Ferrothorn
|-damage|p1a: Corviknight|66/100|[from] Recoil
|
|-heal|p2a: Ferrothorn|60/100|[from] move: Wish|[wisher] Togekiss
|-heal|p1a: Corviknight|72/100|[from] item: Leftovers
|-heal|p2a: Ferrothorn|66/100|[from] item: Leftovers
|upkeep
|turn|53
|
|move|p1a: Corviknight|Brave Bird|p2a: Ferrothorn
|-damage|p2a: Ferrothorn|26/100
|-damage|p1a: Corviknight|59/100|[from] ability: Iron Barbs|[of] p2a: Ferrothorn
|-damage|p1a: Corviknight|48/100|[from] Recoil
|move|p2a: Ferrothorn|Gyro Ball|p1a: Corviknight
|-resisted|p1a: Corviknight
|-activate|p1a: Corviknight|move: Substitute|[damage]
|
|-heal|p1a: Corviknight|54/100|[from] item: Leftovers
|-heal|p2a: Ferrothorn|32/100|[from] item: Leftovers
|upkeep
|turn|54
|
|move|p1a: Corviknight|Roost|p1a: Corviknight
|-heal|p1a: Corviknight|100/100
|-singleturn|p1a: Corviknight|move: Roost
|move|p2a: Ferrothorn|Gyro Ball|p1a: Corviknight
|-resisted|p1a: Corviknight
|-crit|p1a: Corviknight
|-end|p1a: Corviknight|Substitute
|
|-heal|p2a: Ferrothorn|39/100|[from] item: Leftovers
|upkeep
|turn|55
|
|switch|p2a: Togekiss|Togekiss, M|52/100
|move|p1a: Corviknight|Substitute|p1a: Corviknight
|-start|p1a: Corviknight|Substitute
|-damage|p1a: Corviknight|76/100
|
|-heal|p1a: Corviknight|82/100|[from] item: Leftovers
|upkeep
|turn|56
|
|move|p2a: Togekiss|Wish|p2a: Togekiss
|move|p1a: Corviknight|Brave Bird|p2a: Togekiss
|-damage|p2a: Togekiss|0 fnt
|-damage|p1a: Corviknight|65/100|[from] item: Rocky Helmet|[of] p2a: Togekiss
|-damage|p1a: Corviknight|49/100|[from] Recoil
|faint|p2a: Togekiss
|
|-heal|p1a: Corviknight|55/100|[from] item: Leftovers
|upkeep
|
|switch|p2a: Chandelure|Chandelure, M|12/100
|turn|57
|
|move|p2a: Chandelure|Fire Blast|p1a: Corviknight
|-supereffective|p1a: Corviknight
|-end|p1a: Corviknight|Substitute
|move|p1a: Corviknight|Brave Bird|p2a: Chandelure
|-damage|p2a: Chandelure|0 fnt
|-damage|p1a: Corviknight|53/100|[from] Recoil
|faint|p2a: Chandelure
|
|-heal|p1a: Corviknight|59/100|[from] item: Leftovers
|upkeep
|
|switch|p2a: Weezing|Weezing-Galar, M|100/100
|turn|58
|
|move|p1a: Corviknight|Brave Bird|p2a: Weezing
|-damage|p2a: Weezing|49/100
|-damage|p1a: Corviknight|45/100|[from] Recoil
|move|p2a: Weezing|Strange Steam|p1a: Corviknight
|-resisted|p1a: Corviknight
|-damage|p1a: Corviknight|36/100
|
|-heal|p1a: Corviknight|42/100|[from] item: Leftovers
|-heal|p2a: Weezing|55/100|[from] item: Black Sludge
|upkeep
|turn|59
|
|move|p1a: Corviknight|Brave Bird|p2a: Weezing
|-damage|p2a: Weezing|9/100
|-damage|p1a: Corviknight|30/100|[from] Recoil
|move|p2a: Weezing|Strange Steam|p1a: Corviknight
|-resisted|p1a: Corviknight
|-damage|p1a: Corviknight|21/100
|
|-heal|p1a: Corviknight|27/100|[from] item: Leftovers
|-heal|p2a: Weezing|15/100|[from] item: Black Sludge
|upkeep
|turn|60
|
|move|p1a: Corviknight|Roost|p1a: Corviknight
|-heal|p1a: Corviknight|77/100
|-singleturn|p1a: Corviknight|move: Roost
|move|p2a: Weezing|Strange Steam|p1a: Corviknight
|-resisted|p1a: Corviknight
|-damage|p1a: Corviknight|67/100
|
|-heal|p1a: Corviknight|73/100|[from] item: Leftovers
|-heal|p2a: Weezing|21/100|[from] item: Black Sludge
|upkeep
|turn|61
|
|move|p1a: Corviknight|Brave Bird|p2a: Weezing
|-damage|p2a: Weezing|0 fnt
|-damage|p1a: Corviknight|68/100|[from] Recoil
|faint|p2a: Weezing
|
|-heal|p1a: Corviknight|74/100|[from] item: Leftovers
|upkeep
|
|switch|p2a: Ferrothorn|Ferrothorn, M|39/100
|turn|62
|
|move|p1a: Corviknight|Substitute|p1a: Corviknight
|-start|p1a: Corviknight|Substitute
|-damage|p1a: Corviknight|49/100
|move|p2a: Ferrothorn|Leech Seed||[still]
|-fail|p2a: Ferrothorn
|
|-heal|p1a: Corviknight|55/100|[from] item: Leftovers
|-heal|p2a: Ferrothorn|45/100|[from] item: Leftovers
|upkeep
|turn|63
|
|move|p1a: Corviknight|Roost|p1a: Corviknight
|-heal|p1a: Corviknight|100/100
|-singleturn|p1a: Corviknight|move: Roost
|move|p2a: Ferrothorn|Power Whip|p1a: Corviknight|[miss]
|-miss|p2a: Ferrothorn|p1a: Corviknight
|
|-heal|p2a: Ferrothorn|51/100|[from] item: Leftovers
|upkeep
|turn|64
|
|move|p1a: Corviknight|Bulk Up|p1a: Corviknight
|-boost|p1a: Corviknight|atk|1
|-boost|p1a: Corviknight|def|1
|move|p2a: Ferrothorn|Power Whip|p1a: Corviknight
|-resisted|p1a: Corviknight
|-activate|p1a: Corviknight|move: Substitute|[damage]
|
|-heal|p2a: Ferrothorn|57/100|[from] item: Leftovers
|upkeep
|turn|65
|-message|PaperToadster forfeited.
|
|win|Tripledeluxer
|l|☆PaperToadster
|raw|Tripledeluxer's rating: 1204 → 1227(+23 for winning)
|raw|PaperToadster's rating: 1180 → 1157(-23 for losing)
