|ScrapeTime|2020-01-02-05:15:25
|j|☆four for one combo
|j|☆rushx
|player|p1|four for one combo|cyclistf-gen4|1913
|player|p2|rushx|volkner|1829
|teamsize|p1|6
|teamsize|p2|6
|gametype|singles
|gen|8
|tier|[Gen 8] OU
|rated|
|rule|Sleep Clause Mod: Limit one foe put to sleep
|rule|Species Clause: Limit one of each Pokémon
|rule|OHKO Clause: OHKO moves are banned
|rule|Evasion Moves Clause: Evasion moves are banned
|rule|Endless Battle Clause: Forcing endless battles is banned
|rule|HP Percentage Mod: HP is shown in percentages
|clearpoke
|poke|p1|Hawlucha, M|
|poke|p1|Bisharp, M|
|poke|p1|Rotom-Wash|
|poke|p1|Excadrill, M|
|poke|p1|Dragapult, M|
|poke|p1|Conkeldurr, M|
|poke|p2|Runerigus, F|
|poke|p2|Hydreigon, M|
|poke|p2|Mimikyu, F|
|poke|p2|Cinderace, M|
|poke|p2|Clefable, F|
|poke|p2|Excadrill, M|
|rule|Dynamax Clause: You cannot dynamax
|teampreview
|c|☆rushx|buena suerte
|j| vusty
|
|start
|switch|p1a: Rotom|Rotom-Wash|100/100
|switch|p2a: broken|Cinderace, M|100/100
|turn|1
|
|move|p1a: Rotom|Hydro Pump|p2a: broken
|-supereffective|p2a: broken
|-damage|p2a: broken|0 fnt
|faint|p2a: broken
|
|upkeep
|
|switch|p2a: dr. dre|Hydreigon, M|100/100
|turn|2
|j| Starplatinum01
|
|switch|p1a: Conkeldurr|Conkeldurr, M|100/100
|move|p2a: dr. dre|Draco Meteor|p1a: Conkeldurr
|-damage|p1a: Conkeldurr|4/100
|-unboost|p2a: dr. dre|spa|2
|
|-status|p1a: Conkeldurr|brn|[from] item: Flame Orb
|upkeep
|turn|3
|
|switch|p2a: noob saibot|Runerigus, F|100/100
|move|p1a: Conkeldurr|Earthquake|p2a: noob saibot
|-damage|p2a: noob saibot|54/100
|
|-heal|p2a: noob saibot|60/100|[from] item: Leftovers
|-damage|p1a: Conkeldurr|0 fnt|[from] brn
|faint|p1a: Conkeldurr
|upkeep
|
|switch|p1a: Bisharp|Bisharp, M|100/100
|turn|4
|
|move|p1a: Bisharp|Throat Chop|p2a: noob saibot
|-supereffective|p2a: noob saibot
|-damage|p2a: noob saibot|0 fnt
|-activate|p1a: Bisharp|ability: Wandering Spirit|Wandering Spirit|Defiant|[of] p2a: noob saibot
|-damage|p1a: Bisharp|91/100|[from] item: Life Orb
|faint|p2a: noob saibot
|
|upkeep
|j| dontflex
|
|switch|p2a: lex|Excadrill, M|100/100
|-ability|p2a: lex|Mold Breaker
|turn|5
|
|switch|p1a: Hawlucha|Hawlucha, M|100/100
|move|p2a: lex|Iron Head|p1a: Hawlucha
|-damage|p1a: Hawlucha|33/100
|
|upkeep
|turn|6
|
|move|p2a: lex|Iron Head|p1a: Hawlucha
|-damage|p1a: Hawlucha|0 fnt
|faint|p1a: Hawlucha
|
|upkeep
|j| I Think I'm
|
|switch|p1a: Bisharp|Bisharp, M|91/100
|turn|7
|l| I Think I'm
|
|switch|p2a: dr. dre|Hydreigon, M|100/100
|move|p1a: Bisharp|Iron Head|p2a: dr. dre
|-damage|p2a: dr. dre|37/100
|-damage|p1a: Bisharp|81/100|[from] item: Life Orb
|
|-heal|p2a: dr. dre|43/100|[from] item: Leftovers
|upkeep
|turn|8
|j| v_gnghmnhmj
|
|move|p2a: dr. dre|Draco Meteor|p1a: Bisharp
|-resisted|p1a: Bisharp
|-damage|p1a: Bisharp|27/100
|-unboost|p2a: dr. dre|spa|2
|move|p1a: Bisharp|Iron Head|p2a: dr. dre
|-damage|p2a: dr. dre|0 fnt
|-damage|p1a: Bisharp|17/100|[from] item: Life Orb
|faint|p2a: dr. dre
|
|upkeep
|
|switch|p2a: hugs|Mimikyu, F|100/100
|turn|9
|j| m8puppet
|
|switch|p1a: Rotom|Rotom-Wash|100/100
|move|p2a: hugs|Shadow Sneak|p1a: Rotom
|-damage|p1a: Rotom|77/100
|-damage|p2a: hugs|91/100|[from] item: Life Orb
|
|upkeep
|turn|10
|
|switch|p2a: ¿quieres?|Clefable, F|100/100
|move|p1a: Rotom|Hydro Pump|p2a: ¿quieres?
|-damage|p2a: ¿quieres?|60/100
|
|upkeep
|turn|11
|
|switch|p1a: Excadrill|Excadrill, M|100/100
|-ability|p1a: Excadrill|Mold Breaker
|move|p2a: ¿quieres?|Moonlight|p2a: ¿quieres?
|-heal|p2a: ¿quieres?|100/100
|
|upkeep
|turn|12
|
|switch|p2a: lex|Excadrill, M|100/100
|-ability|p2a: lex|Mold Breaker
|move|p1a: Excadrill|Iron Head|p2a: lex
|-resisted|p2a: lex
|-damage|p2a: lex|70/100
|
|upkeep
|turn|13
|j| ooiee19961
|j| lptito
|j| lustic
|
|switch|p1a: Rotom|Rotom-Wash|77/100
|move|p2a: lex|Earthquake|p1a: Rotom
|-supereffective|p1a: Rotom
|-damage|p1a: Rotom|0 fnt
|faint|p1a: Rotom
|
|upkeep
|
|switch|p1a: Dragapult|Dragapult, M|100/100
|turn|14
|
|switch|p2a: ¿quieres?|Clefable, F|100/100
|move|p1a: Dragapult|Dragon Dance|p1a: Dragapult
|-boost|p1a: Dragapult|atk|1
|-boost|p1a: Dragapult|spe|1
|
|upkeep
|turn|15
|j| nmb46
|
|move|p1a: Dragapult|Phantom Force||[still]
|-prepare|p1a: Dragapult|Phantom Force|p2a: ¿quieres?
|move|p2a: ¿quieres?|Moonblast|p1a: Dragapult|[miss]
|-miss|p2a: ¿quieres?|p1a: Dragapult
|
|upkeep
|turn|16
|
|move|p1a: Dragapult|Phantom Force|p2a: ¿quieres?|[from]lockedmove
|-damage|p2a: ¿quieres?|22/100
|move|p2a: ¿quieres?|Moonblast|p1a: Dragapult
|-supereffective|p1a: Dragapult
|-damage|p1a: Dragapult|0 fnt
|faint|p1a: Dragapult
|
|upkeep
|
|switch|p1a: Excadrill|Excadrill, M|100/100
|-ability|p1a: Excadrill|Mold Breaker
|turn|17
|
|move|p1a: Excadrill|Rapid Spin|p2a: ¿quieres?
|-damage|p2a: ¿quieres?|1/100
|-boost|p1a: Excadrill|spe|1
|move|p2a: ¿quieres?|Flamethrower|p1a: Excadrill
|-supereffective|p1a: Excadrill
|-enditem|p1a: Excadrill|Occa Berry|[eat]
|-enditem|p1a: Excadrill|Occa Berry|[weaken]
|-damage|p1a: Excadrill|50/100
|
|upkeep
|turn|18
|
|move|p1a: Excadrill|Rapid Spin|p2a: ¿quieres?
|-damage|p2a: ¿quieres?|0 fnt
|-boost|p1a: Excadrill|spe|1
|faint|p2a: ¿quieres?
|
|upkeep
|
|switch|p2a: hugs|Mimikyu, F|91/100
|turn|19
|
|move|p2a: hugs|Shadow Sneak|p1a: Excadrill
|-damage|p1a: Excadrill|19/100
|-damage|p2a: hugs|81/100|[from] item: Life Orb
|move|p1a: Excadrill|Iron Head|p2a: hugs
|-supereffective|p2a: hugs
|-damage|p2a: hugs|0 fnt
|faint|p2a: hugs
|
|upkeep
|
|switch|p2a: lex|Excadrill, M|70/100
|-ability|p2a: lex|Mold Breaker
|turn|20
|
|move|p1a: Excadrill|Earthquake|p2a: lex
|-supereffective|p2a: lex
|-damage|p2a: lex|0 fnt
|faint|p2a: lex
|
|win|four for one combo
|raw|four for one combo's rating: 1913 → 1928(+15 for winning)
|raw|rushx's rating: 1829 → 1813(-16 for losing)
|c|☆rushx|gg
|l|☆four for one combo
|c|☆rushx|wat a dick
|l| ooiee19961
|l|☆rushx
|l| lustic
|l| Starplatinum01
|j| Starplatinum01
|l| lptito
|c| v_gnghmnhmj|git gud
|l| Starplatinum01
|c| v_gnghmnhmj|coomer
|l| dontflex
|l| v_gnghmnhmj
|l| m8puppet
