|ScrapeTime|2020-01-01-20:54:43
|j|☆Sensey181
|j|☆Barbar3d
|player|p1|Sensey181|blackbelt|1084
|player|p2|Barbar3d|pokefanf-gen4|1142
|teamsize|p1|6
|teamsize|p2|6
|gametype|singles
|gen|8
|tier|[Gen 8] OU
|rated|
|rule|Sleep Clause Mod: Limit one foe put to sleep
|rule|Species Clause: Limit one of each Pokémon
|rule|OHKO Clause: OHKO moves are banned
|rule|Evasion Moves Clause: Evasion moves are banned
|rule|Endless Battle Clause: Forcing endless battles is banned
|rule|HP Percentage Mod: HP is shown in percentages
|clearpoke
|poke|p1|Ferrothorn, M|
|poke|p1|Hawlucha, M|
|poke|p1|Dragapult, F|
|poke|p1|Grimmsnarl, M|
|poke|p1|Toxapex, M|
|poke|p1|Toxtricity, M|
|poke|p2|Grimmsnarl, M|
|poke|p2|Indeedee, M|
|poke|p2|Obstagoon, F|
|poke|p2|Hawlucha, F|
|poke|p2|Corsola-Galar, M|
|poke|p2|Seismitoad, F|
|rule|Dynamax Clause: You cannot dynamax
|teampreview
|
|start
|switch|p1a: Ferrothorn|Ferrothorn, M, shiny|100/100
|switch|p2a: Grimmsnarl|Grimmsnarl, M|100/100
|turn|1
|
|move|p2a: Grimmsnarl|Taunt|p1a: Ferrothorn
|-start|p1a: Ferrothorn|move: Taunt
|move|p1a: Ferrothorn|Knock Off|p2a: Grimmsnarl
|-resisted|p2a: Grimmsnarl
|-damage|p2a: Grimmsnarl|95/100
|-enditem|p2a: Grimmsnarl|Light Clay|[from] move: Knock Off|[of] p1a: Ferrothorn
|
|upkeep
|turn|2
|
|switch|p2a: Corsola|Corsola-Galar, M|100/100
|switch|p1a: Hawlucha|Hawlucha, M, shiny|100/100
|
|upkeep
|turn|3
|
|switch|p1a: Toxapex|Toxapex, M, shiny|100/100
|move|p2a: Corsola|Will-O-Wisp|p1a: Toxapex
|-status|p1a: Toxapex|brn
|
|-damage|p1a: Toxapex|95/100 brn|[from] brn
|upkeep
|turn|4
|
|move|p1a: Toxapex|Toxic Spikes|p2a: Corsola
|-sidestart|p2: Barbar3d|move: Toxic Spikes
|move|p2a: Corsola|Stealth Rock|p1a: Toxapex
|-sidestart|p1: Sensey181|move: Stealth Rock
|
|-heal|p1a: Toxapex|100/100 brn|[from] item: Black Sludge
|-damage|p1a: Toxapex|95/100 brn|[from] brn
|upkeep
|turn|5
|
|switch|p2a: Indeedee|Indeedee, M|100/100
|-status|p2a: Indeedee|psn
|-fieldstart|move: Psychic Terrain|[from] ability: Psychic Surge|[of] p2a: Indeedee
|move|p1a: Toxapex|Toxic Spikes|p2a: Indeedee
|-sidestart|p2: Barbar3d|move: Toxic Spikes
|
|-heal|p1a: Toxapex|100/100 brn|[from] item: Black Sludge
|-damage|p2a: Indeedee|88/100 psn|[from] psn
|-damage|p1a: Toxapex|95/100 brn|[from] brn
|upkeep
|turn|6
|
|switch|p1a: Grimmsnarl|Grimmsnarl, M, shiny|100/100
|-damage|p1a: Grimmsnarl|88/100|[from] Stealth Rock
|move|p2a: Indeedee|Psychic|p1a: Grimmsnarl
|-immune|p1a: Grimmsnarl
|
|-damage|p2a: Indeedee|76/100 psn|[from] psn
|upkeep
|turn|7
|
|switch|p2a: Obstagoon|Obstagoon, F|100/100
|-status|p2a: Obstagoon|tox
|move|p1a: Grimmsnarl|Light Screen|p1a: Grimmsnarl
|-sidestart|p1: Sensey181|move: Light Screen
|
|-damage|p2a: Obstagoon|94/100 tox|[from] psn
|upkeep
|turn|8
|
|move|p1a: Grimmsnarl|Reflect|p1a: Grimmsnarl
|-sidestart|p1: Sensey181|Reflect
|move|p2a: Obstagoon|Knock Off|p1a: Grimmsnarl
|-resisted|p1a: Grimmsnarl
|-damage|p1a: Grimmsnarl|78/100
|-enditem|p1a: Grimmsnarl|Light Clay|[from] move: Knock Off|[of] p2a: Obstagoon
|
|-damage|p2a: Obstagoon|82/100 tox|[from] psn
|upkeep
|turn|9
|
|move|p2a: Obstagoon|Parting Shot|p1a: Grimmsnarl
|-unboost|p1a: Grimmsnarl|atk|1
|-unboost|p1a: Grimmsnarl|spa|1
|
|switch|p2a: Corsola|Corsola-Galar, M|100/100|[from]move: Parting Shot
|-status|p2a: Corsola|tox
|move|p1a: Grimmsnarl|Spirit Break|p2a: Corsola
|-damage|p2a: Corsola|86/100 tox
|-start|p1a: Grimmsnarl|Disable|Spirit Break|[from] ability: Cursed Body|[of] p2a: Corsola
|-unboost|p2a: Corsola|spa|1
|
|-damage|p2a: Corsola|80/100 tox|[from] psn
|-fieldend|move: Psychic Terrain
|upkeep
|turn|10
|
|move|p1a: Grimmsnarl|Taunt|p2a: Corsola
|-start|p2a: Corsola|move: Taunt
|cant|p2a: Corsola|move: Taunt|Will-O-Wisp
|
|-damage|p2a: Corsola|67/100 tox|[from] psn
|upkeep
|turn|11
|
|switch|p1a: Ferrothorn|Ferrothorn, M, shiny|100/100
|-damage|p1a: Ferrothorn|94/100|[from] Stealth Rock
|switch|p2a: Seismitoad|Seismitoad, F|100/100
|-status|p2a: Seismitoad|tox
|
|-heal|p1a: Ferrothorn|100/100|[from] item: Leftovers
|-damage|p2a: Seismitoad|94/100 tox|[from] psn
|upkeep
|turn|12
|
|switch|p2a: Indeedee|Indeedee, M|76/100 psn
|-fieldstart|move: Psychic Terrain|[from] ability: Psychic Surge|[of] p2a: Indeedee
|move|p1a: Ferrothorn|Knock Off|p2a: Indeedee
|-supereffective|p2a: Indeedee
|-damage|p2a: Indeedee|0 fnt
|-enditem|p2a: Indeedee|Choice Specs|[from] move: Knock Off|[of] p1a: Ferrothorn
|faint|p2a: Indeedee
|
|upkeep
|
|switch|p2a: Obstagoon|Obstagoon, F|82/100 tox
|turn|13
|
|move|p2a: Obstagoon|Knock Off|p1a: Ferrothorn
|-damage|p1a: Ferrothorn|82/100
|-damage|p2a: Obstagoon|70/100 tox|[from] ability: Iron Barbs|[of] p1a: Ferrothorn
|-enditem|p1a: Ferrothorn|Leftovers|[from] move: Knock Off|[of] p2a: Obstagoon
|move|p1a: Ferrothorn|Leech Seed|p2a: Obstagoon
|-start|p2a: Obstagoon|move: Leech Seed
|
|-damage|p2a: Obstagoon|58/100 tox|[from] Leech Seed|[of] p1a: Ferrothorn
|-heal|p1a: Ferrothorn|94/100|[silent]
|-damage|p2a: Obstagoon|52/100 tox|[from] psn
|upkeep
|turn|14
|
|move|p2a: Obstagoon|Close Combat|p1a: Ferrothorn
|-supereffective|p1a: Ferrothorn
|-damage|p1a: Ferrothorn|64/100
|-damage|p2a: Obstagoon|39/100 tox|[from] ability: Iron Barbs|[of] p1a: Ferrothorn
|-unboost|p2a: Obstagoon|def|1
|-unboost|p2a: Obstagoon|spd|1
|move|p1a: Ferrothorn|Spikes|p2a: Obstagoon
|-sidestart|p2: Barbar3d|Spikes
|
|-damage|p2a: Obstagoon|27/100 tox|[from] Leech Seed|[of] p1a: Ferrothorn
|-heal|p1a: Ferrothorn|75/100|[silent]
|-damage|p2a: Obstagoon|15/100 tox|[from] psn
|-sideend|p1: Sensey181|move: Light Screen
|upkeep
|turn|15
|
|move|p2a: Obstagoon|Facade|p1a: Ferrothorn
|-resisted|p1a: Ferrothorn
|-damage|p1a: Ferrothorn|63/100
|-damage|p2a: Obstagoon|3/100 tox|[from] ability: Iron Barbs|[of] p1a: Ferrothorn
|move|p1a: Ferrothorn|Spikes|p2a: Obstagoon
|-sidestart|p2: Barbar3d|Spikes
|
|-damage|p2a: Obstagoon|0 fnt|[from] Leech Seed|[of] p1a: Ferrothorn
|-heal|p1a: Ferrothorn|65/100|[silent]
|faint|p2a: Obstagoon
|-sideend|p1: Sensey181|Reflect
|upkeep
|
|switch|p2a: Hawlucha|Hawlucha, F|100/100
|-enditem|p2a: Hawlucha|Psychic Seed
|-boost|p2a: Hawlucha|spd|1
|turn|16
|
|switch|p1a: Dragapult|Dragapult, F|100/100
|-damage|p1a: Dragapult|88/100|[from] Stealth Rock
|move|p2a: Hawlucha|Swords Dance|p2a: Hawlucha
|-boost|p2a: Hawlucha|atk|2
|
|-fieldend|move: Psychic Terrain
|upkeep
|turn|17
|
|move|p2a: Hawlucha|Acrobatics|p1a: Dragapult
|-damage|p1a: Dragapult|0 fnt
|faint|p1a: Dragapult
|
|upkeep
|
|switch|p1a: Ferrothorn|Ferrothorn, M, shiny|65/100
|-damage|p1a: Ferrothorn|59/100|[from] Stealth Rock
|turn|18
|
|move|p2a: Hawlucha|Thunder Punch|p1a: Ferrothorn
|-resisted|p1a: Ferrothorn
|-damage|p1a: Ferrothorn|46/100
|-damage|p2a: Hawlucha|88/100|[from] ability: Iron Barbs|[of] p1a: Ferrothorn
|move|p1a: Ferrothorn|Leech Seed|p2a: Hawlucha
|-start|p2a: Hawlucha|move: Leech Seed
|
|-damage|p2a: Hawlucha|76/100|[from] Leech Seed|[of] p1a: Ferrothorn
|-heal|p1a: Ferrothorn|56/100|[silent]
|upkeep
|turn|19
|
|move|p2a: Hawlucha|Close Combat|p1a: Ferrothorn
|-supereffective|p1a: Ferrothorn
|-damage|p1a: Ferrothorn|0 fnt
|-damage|p2a: Hawlucha|63/100|[from] ability: Iron Barbs|[of] p1a: Ferrothorn
|-unboost|p2a: Hawlucha|def|1
|-unboost|p2a: Hawlucha|spd|1
|faint|p1a: Ferrothorn
|
|upkeep
|
|switch|p1a: Toxapex|Toxapex, M, shiny|100/100 brn
|-damage|p1a: Toxapex|88/100 brn|[from] Stealth Rock
|turn|20
|
|move|p2a: Hawlucha|Thunder Punch|p1a: Toxapex
|-supereffective|p1a: Toxapex
|-crit|p1a: Toxapex
|-damage|p1a: Toxapex|0 fnt
|faint|p1a: Toxapex
|
|upkeep
|
|switch|p1a: Toxtricity|Toxtricity, M, shiny|100/100
|-damage|p1a: Toxtricity|88/100|[from] Stealth Rock
|turn|21
|
|move|p2a: Hawlucha|Acrobatics|p1a: Toxtricity
|-resisted|p1a: Toxtricity
|-damage|p1a: Toxtricity|17/100
|move|p1a: Toxtricity|Boomburst|p2a: Hawlucha
|-damage|p2a: Hawlucha|0 fnt
|faint|p2a: Hawlucha
|
|upkeep
|
|switch|p2a: Corsola|Corsola-Galar, M|67/100 tox
|-damage|p2a: Corsola|50/100 tox|[from] Spikes
|turn|22
|
|switch|p1a: Grimmsnarl|Grimmsnarl, M, shiny|78/100
|-damage|p1a: Grimmsnarl|65/100|[from] Stealth Rock
|move|p2a: Corsola|Strength Sap|p1a: Grimmsnarl
|-unboost|p1a: Grimmsnarl|atk|1
|-heal|p2a: Corsola|100/100 tox
|
|-damage|p2a: Corsola|94/100 tox|[from] psn
|upkeep
|turn|23
|
|move|p1a: Grimmsnarl|Taunt|p2a: Corsola
|-start|p2a: Corsola|move: Taunt
|cant|p2a: Corsola|move: Taunt|Will-O-Wisp
|
|-damage|p2a: Corsola|82/100 tox|[from] psn
|upkeep
|turn|24
|
|move|p1a: Grimmsnarl|Reflect|p1a: Grimmsnarl
|-sidestart|p1: Sensey181|Reflect
|move|p2a: Corsola|Night Shade|p1a: Grimmsnarl
|-damage|p1a: Grimmsnarl|37/100
|
|-damage|p2a: Corsola|63/100 tox|[from] psn
|upkeep
|turn|25
|
|switch|p2a: Seismitoad|Seismitoad, F|94/100 tox
|-damage|p2a: Seismitoad|78/100 tox|[from] Spikes
|move|p1a: Grimmsnarl|Spirit Break|p2a: Seismitoad
|-damage|p2a: Seismitoad|59/100 tox
|-unboost|p2a: Seismitoad|spa|1
|
|-heal|p2a: Seismitoad|65/100 tox|[from] item: Leftovers
|-damage|p2a: Seismitoad|59/100 tox|[from] psn
|upkeep
|turn|26
|
|move|p1a: Grimmsnarl|Taunt|p2a: Seismitoad
|-start|p2a: Seismitoad|move: Taunt
|move|p2a: Seismitoad|Earthquake|p1a: Grimmsnarl
|-damage|p1a: Grimmsnarl|14/100
|
|-heal|p2a: Seismitoad|65/100 tox|[from] item: Leftovers
|-damage|p2a: Seismitoad|53/100 tox|[from] psn
|upkeep
|turn|27
|
|switch|p1a: Hawlucha|Hawlucha, M, shiny|100/100
|-damage|p1a: Hawlucha|88/100|[from] Stealth Rock
|move|p2a: Seismitoad|Earthquake|p1a: Hawlucha
|-immune|p1a: Hawlucha
|
|-heal|p2a: Seismitoad|59/100 tox|[from] item: Leftovers
|-damage|p2a: Seismitoad|41/100 tox|[from] psn
|upkeep
|turn|28
|
|switch|p2a: Corsola|Corsola-Galar, M|63/100 tox
|-damage|p2a: Corsola|47/100 tox|[from] Spikes
|move|p1a: Hawlucha|Swords Dance|p1a: Hawlucha
|-boost|p1a: Hawlucha|atk|2
|
|-damage|p2a: Corsola|41/100 tox|[from] psn
|-sideend|p1: Sensey181|Reflect
|upkeep
|turn|29
|
|move|p1a: Hawlucha|Brave Bird|p2a: Corsola
|-damage|p2a: Corsola|0 fnt
|-damage|p1a: Hawlucha|74/100|[from] Recoil
|faint|p2a: Corsola
|
|upkeep
|
|switch|p2a: Grimmsnarl|Grimmsnarl, M|95/100
|-damage|p2a: Grimmsnarl|78/100|[from] Spikes
|-status|p2a: Grimmsnarl|tox
|turn|30
|
|move|p2a: Grimmsnarl|Reflect|p2a: Grimmsnarl
|-sidestart|p2: Barbar3d|Reflect
|move|p1a: Hawlucha|Close Combat|p2a: Grimmsnarl
|-damage|p2a: Grimmsnarl|22/100 tox
|-unboost|p1a: Hawlucha|def|1
|-unboost|p1a: Hawlucha|spd|1
|-enditem|p1a: Hawlucha|White Herb
|-clearnegativeboost|p1a: Hawlucha|[silent]
|
|-damage|p2a: Grimmsnarl|16/100 tox|[from] psn
|upkeep
|turn|31
|
|move|p1a: Hawlucha|Close Combat|p2a: Grimmsnarl
|-damage|p2a: Grimmsnarl|0 fnt
|-unboost|p1a: Hawlucha|def|1
|-unboost|p1a: Hawlucha|spd|1
|faint|p2a: Grimmsnarl
|
|upkeep
|
|switch|p2a: Seismitoad|Seismitoad, F|41/100 tox
|-damage|p2a: Seismitoad|24/100 tox|[from] Spikes
|turn|32
|
|move|p1a: Hawlucha|Close Combat|p2a: Seismitoad
|-damage|p2a: Seismitoad|0 fnt
|-unboost|p1a: Hawlucha|def|1
|-unboost|p1a: Hawlucha|spd|1
|faint|p2a: Seismitoad
|
|win|Sensey181
|l|☆Sensey181
