|ScrapeTime|2020-01-01-15:25:59
|j|☆Darkmyro
|j|☆Lisasoou
|player|p1|Darkmyro|247|1342
|player|p2|Lisasoou|scientistf|1315
|teamsize|p1|6
|teamsize|p2|6
|gametype|singles
|gen|8
|tier|[Gen 8] OU
|rated|
|rule|Sleep Clause Mod: Limit one foe put to sleep
|rule|Species Clause: Limit one of each Pokémon
|rule|OHKO Clause: OHKO moves are banned
|rule|Evasion Moves Clause: Evasion moves are banned
|rule|Endless Battle Clause: Forcing endless battles is banned
|rule|HP Percentage Mod: HP is shown in percentages
|clearpoke
|poke|p1|Pikachu, F|
|poke|p1|Vaporeon, M|
|poke|p1|Hitmonchan, M|
|poke|p1|Dugtrio, F|
|poke|p1|Arcanine, M|
|poke|p1|Gengar, F|
|poke|p2|Mew|
|poke|p2|Dracovish|
|poke|p2|Corviknight, F|
|poke|p2|Hatterene, F|
|poke|p2|Dragapult, F|
|poke|p2|Seismitoad, F|
|rule|Dynamax Clause: You cannot dynamax
|teampreview
|inactive|Battle timer is ON: inactive players will automatically lose when time's up. (requested by Darkmyro)
|
|start
|switch|p1a: Pikachu|Pikachu, F|100/100
|switch|p2a: Dragapult|Dragapult, F|100/100
|turn|1
|
|switch|p1a: Hitmonchan|Hitmonchan, M|100/100
|move|p2a: Dragapult|U-turn|p1a: Hitmonchan
|-resisted|p1a: Hitmonchan
|-damage|p1a: Hitmonchan|88/100
|
|switch|p2a: Mew|Mew|100/100|[from]move: U-turn
|
|upkeep
|turn|2
|
|switch|p1a: Arcanine|Arcanine, M|100/100
|-ability|p1a: Arcanine|Intimidate|boost
|-unboost|p2a: Mew|atk|1
|move|p2a: Mew|Stealth Rock|p1a: Arcanine
|-sidestart|p1: Darkmyro|move: Stealth Rock
|
|upkeep
|turn|3
|
|move|p2a: Mew|Spikes|p1a: Arcanine
|-sidestart|p1: Darkmyro|Spikes
|move|p1a: Arcanine|Will-O-Wisp|p2a: Mew|[miss]
|-miss|p1a: Arcanine|p2a: Mew
|
|upkeep
|turn|4
|
|switch|p1a: Hitmonchan|Hitmonchan, M|88/100
|-damage|p1a: Hitmonchan|82/100|[from] Stealth Rock
|-damage|p1a: Hitmonchan|69/100|[from] Spikes
|move|p2a: Mew|Taunt|p1a: Hitmonchan
|-start|p1a: Hitmonchan|move: Taunt
|
|upkeep
|turn|5
|
|move|p2a: Mew|Spikes|p1a: Hitmonchan
|-sidestart|p1: Darkmyro|Spikes
|move|p1a: Hitmonchan|Ice Punch|p2a: Mew
|-damage|p2a: Mew|80/100
|-enditem|p2a: Mew|Red Card|[of] p1a: Hitmonchan
|drag|p1a: Gengar|Gengar, F|100/100
|-damage|p1a: Gengar|88/100|[from] Stealth Rock
|-damage|p1a: Gengar|72/100|[from] Spikes
|
|upkeep
|turn|6
|
|move|p1a: Gengar|Shadow Ball|p2a: Mew
|-supereffective|p2a: Mew
|-damage|p2a: Mew|7/100
|move|p2a: Mew|Spikes|p1a: Gengar
|-sidestart|p1: Darkmyro|Spikes
|
|upkeep
|turn|7
|
|move|p1a: Gengar|Shadow Ball|p2a: Mew
|-supereffective|p2a: Mew
|-damage|p2a: Mew|0 fnt
|faint|p2a: Mew
|
|upkeep
|
|switch|p2a: Dragapult|Dragapult, F|100/100
|turn|8
|
|move|p2a: Dragapult|Shadow Ball|p1a: Gengar
|-supereffective|p1a: Gengar
|-damage|p1a: Gengar|0 fnt
|faint|p1a: Gengar
|
|upkeep
|
|switch|p1a: Hitmonchan|Hitmonchan, M|69/100
|-damage|p1a: Hitmonchan|63/100|[from] Stealth Rock
|-damage|p1a: Hitmonchan|38/100|[from] Spikes
|turn|9
|
|move|p2a: Dragapult|Shadow Ball|p1a: Hitmonchan
|-damage|p1a: Hitmonchan|14/100
|-unboost|p1a: Hitmonchan|spd|1
|move|p1a: Hitmonchan|Ice Punch|p2a: Dragapult
|-supereffective|p2a: Dragapult
|-damage|p2a: Dragapult|33/100
|
|upkeep
|turn|10
|
|move|p2a: Dragapult|Shadow Ball|p1a: Hitmonchan
|-damage|p1a: Hitmonchan|0 fnt
|faint|p1a: Hitmonchan
|
|upkeep
|
|switch|p1a: Dugtrio|Dugtrio, F|100/100
|-damage|p1a: Dugtrio|76/100|[from] Spikes
|-damage|p1a: Dugtrio|70/100|[from] Stealth Rock
|turn|11
|
|switch|p2a: Seismitoad|Seismitoad, F|100/100
|move|p1a: Dugtrio|Sucker Punch||[still]
|-fail|p1a: Dugtrio
|
|upkeep
|turn|12
|
|move|p1a: Dugtrio|Stealth Rock|p2a: Seismitoad
|-sidestart|p2: Lisasoou|move: Stealth Rock
|move|p2a: Seismitoad|Drain Punch|p1a: Dugtrio
|-crit|p1a: Dugtrio
|-damage|p1a: Dugtrio|0 fnt
|faint|p1a: Dugtrio
|
|upkeep
|
|switch|p1a: Pikachu|Pikachu, F|100/100
|-damage|p1a: Pikachu|88/100|[from] Stealth Rock
|-damage|p1a: Pikachu|64/100|[from] Spikes
|turn|13
|
|move|p1a: Pikachu|Grass Knot|p2a: Seismitoad
|-supereffective|p2a: Seismitoad
|-damage|p2a: Seismitoad|0 fnt
|faint|p2a: Seismitoad
|
|upkeep
|
|switch|p2a: Dracovish|Dracovish|100/100
|-damage|p2a: Dracovish|88/100|[from] Stealth Rock
|turn|14
|
|switch|p1a: Vaporeon|Vaporeon, M|100/100
|-damage|p1a: Vaporeon|88/100|[from] Stealth Rock
|-damage|p1a: Vaporeon|63/100|[from] Spikes
|move|p2a: Dracovish|Outrage|p1a: Vaporeon
|-damage|p1a: Vaporeon|14/100
|
|-heal|p1a: Vaporeon|20/100|[from] item: Leftovers
|upkeep
|turn|15
|
|move|p1a: Vaporeon|Protect|p1a: Vaporeon
|-singleturn|p1a: Vaporeon|Protect
|move|p2a: Dracovish|Outrage|p1a: Vaporeon|[from]lockedmove
|-activate|p1a: Vaporeon|move: Protect
|-start|p2a: Dracovish|confusion|[fatigue]
|
|-heal|p1a: Vaporeon|26/100|[from] item: Leftovers
|upkeep
|turn|16
|
|-activate|p2a: Dracovish|confusion
|move|p2a: Dracovish|Outrage|p1a: Vaporeon
|-damage|p1a: Vaporeon|0 fnt
|faint|p1a: Vaporeon
|
|upkeep
|
|switch|p1a: Pikachu|Pikachu, F|64/100
|-damage|p1a: Pikachu|39/100|[from] Spikes
|-damage|p1a: Pikachu|27/100|[from] Stealth Rock
|turn|17
|
|move|p1a: Pikachu|Thunderbolt|p2a: Dracovish
|-crit|p2a: Dracovish
|-damage|p2a: Dracovish|0 fnt
|faint|p2a: Dracovish
|
|upkeep
|
|switch|p2a: Dragapult|Dragapult, F|33/100
|-damage|p2a: Dragapult|21/100|[from] Stealth Rock
|turn|18
|
|move|p2a: Dragapult|Shadow Ball|p1a: Pikachu
|-damage|p1a: Pikachu|0 fnt
|faint|p1a: Pikachu
|
|upkeep
|
|switch|p1a: Arcanine|Arcanine, M|100/100
|-damage|p1a: Arcanine|75/100|[from] Spikes
|-damage|p1a: Arcanine|50/100|[from] Stealth Rock
|-ability|p1a: Arcanine|Intimidate|boost
|-fail|p2a: Dragapult|unboost|[from] ability: Clear Body|[of] p2a: Dragapult
|turn|19
|
|move|p2a: Dragapult|Shadow Ball|p1a: Arcanine
|-damage|p1a: Arcanine|21/100
|move|p1a: Arcanine|Morning Sun|p1a: Arcanine
|-heal|p1a: Arcanine|71/100
|
|upkeep
|turn|20
|
|switch|p2a: Hatterene|Hatterene, F|100/100
|-damage|p2a: Hatterene|88/100|[from] Stealth Rock
|move|p1a: Arcanine|Morning Sun|p1a: Arcanine
|-heal|p1a: Arcanine|100/100
|
|-heal|p2a: Hatterene|94/100|[from] item: Leftovers
|upkeep
|turn|21
|
|move|p1a: Arcanine|Flare Blitz|p2a: Hatterene
|-damage|p2a: Hatterene|56/100
|-damage|p1a: Arcanine|90/100|[from] Recoil
|move|p2a: Hatterene|Nuzzle|p1a: Arcanine
|-damage|p1a: Arcanine|86/100
|-damage|p2a: Hatterene|40/100|[from] item: Rocky Helmet|[of] p1a: Arcanine
|-status|p1a: Arcanine|par
|
|-heal|p2a: Hatterene|46/100|[from] item: Leftovers
|upkeep
|turn|22
|
|move|p1a: Arcanine|Flare Blitz|p2a: Hatterene
|-damage|p2a: Hatterene|7/100
|-status|p2a: Hatterene|brn
|-damage|p1a: Arcanine|75/100 par|[from] Recoil
|move|p2a: Hatterene|Draining Kiss|p1a: Arcanine
|-resisted|p1a: Arcanine
|-damage|p1a: Arcanine|66/100 par
|-heal|p2a: Hatterene|16/100 brn|[from] drain|[of] p1a: Arcanine
|-damage|p2a: Hatterene|0 fnt|[from] item: Rocky Helmet|[of] p1a: Arcanine
|faint|p2a: Hatterene
|
|upkeep
|
|switch|p2a: Corviknight|Corviknight, F|100/100
|-damage|p2a: Corviknight|88/100|[from] Stealth Rock
|turn|23
|
|move|p2a: Corviknight|Bulk Up|p2a: Corviknight
|-boost|p2a: Corviknight|atk|1
|-boost|p2a: Corviknight|def|1
|move|p1a: Arcanine|Will-O-Wisp|p2a: Corviknight
|-status|p2a: Corviknight|brn
|
|-heal|p2a: Corviknight|94/100 brn|[from] item: Leftovers
|-damage|p2a: Corviknight|88/100 brn|[from] brn
|upkeep
|turn|24
|
|move|p2a: Corviknight|Bulk Up|p2a: Corviknight
|-boost|p2a: Corviknight|atk|1
|-boost|p2a: Corviknight|def|1
|move|p1a: Arcanine|Flare Blitz|p2a: Corviknight
|-supereffective|p2a: Corviknight
|-damage|p2a: Corviknight|48/100 brn
|-damage|p1a: Arcanine|52/100 par|[from] Recoil
|
|-heal|p2a: Corviknight|55/100 brn|[from] item: Leftovers
|-damage|p2a: Corviknight|48/100 brn|[from] brn
|upkeep
|turn|25
|
|move|p2a: Corviknight|Roost|p2a: Corviknight
|-heal|p2a: Corviknight|98/100 brn
|-singleturn|p2a: Corviknight|move: Roost
|move|p1a: Arcanine|Morning Sun|p1a: Arcanine
|-heal|p1a: Arcanine|100/100 par
|
|-heal|p2a: Corviknight|100/100 brn|[from] item: Leftovers
|-damage|p2a: Corviknight|94/100 brn|[from] brn
|upkeep
|turn|26
|
|move|p2a: Corviknight|Bulk Up|p2a: Corviknight
|-boost|p2a: Corviknight|atk|1
|-boost|p2a: Corviknight|def|1
|move|p1a: Arcanine|Flare Blitz|p2a: Corviknight
|-supereffective|p2a: Corviknight
|-damage|p2a: Corviknight|67/100 brn
|-damage|p1a: Arcanine|91/100 par|[from] Recoil
|
|-heal|p2a: Corviknight|73/100 brn|[from] item: Leftovers
|-damage|p2a: Corviknight|67/100 brn|[from] brn
|upkeep
|turn|27
|
|move|p2a: Corviknight|Roost|p2a: Corviknight
|-heal|p2a: Corviknight|100/100 brn
|-singleturn|p2a: Corviknight|move: Roost
|move|p1a: Arcanine|Flare Blitz|p2a: Corviknight
|-supereffective|p2a: Corviknight
|-crit|p2a: Corviknight
|-damage|p2a: Corviknight|0 fnt
|-damage|p1a: Arcanine|57/100 par|[from] Recoil
|faint|p2a: Corviknight
|
|upkeep
|
|switch|p2a: Dragapult|Dragapult, F|21/100
|-damage|p2a: Dragapult|8/100|[from] Stealth Rock
|turn|28
|c|☆Darkmyro|Gg lol
|
|move|p2a: Dragapult|Draco Meteor|p1a: Arcanine|[miss]
|-miss|p2a: Dragapult|p1a: Arcanine
|move|p1a: Arcanine|Flare Blitz|p2a: Dragapult
|-resisted|p2a: Dragapult
|-damage|p2a: Dragapult|0 fnt
|-damage|p1a: Arcanine|55/100 par|[from] Recoil
|faint|p2a: Dragapult
|
|win|Darkmyro
|l|☆Lisasoou
|raw|Darkmyro's rating: 1342 → 1360(+18 for winning)
|raw|Lisasoou's rating: 1316 → 1297(-19 for losing)
