|ScrapeTime|2020-01-01-05:14:35
|j|☆lzaaaaa
|j|☆Z the Ultimate
|player|p1|lzaaaaa|1|1748
|player|p2|Z the Ultimate|1|1777
|teamsize|p1|6
|teamsize|p2|6
|gametype|singles
|gen|8
|tier|[Gen 8] OU
|rated|
|rule|Sleep Clause Mod: Limit one foe put to sleep
|rule|Species Clause: Limit one of each Pokémon
|rule|OHKO Clause: OHKO moves are banned
|rule|Evasion Moves Clause: Evasion moves are banned
|rule|Endless Battle Clause: Forcing endless battles is banned
|rule|HP Percentage Mod: HP is shown in percentages
|clearpoke
|poke|p1|Chandelure, F|
|poke|p1|Hydreigon, F|
|poke|p1|Sylveon, F|
|poke|p1|Corviknight, F|
|poke|p1|Seismitoad, M|
|poke|p1|Avalugg, F|
|poke|p2|Mew|
|poke|p2|Cinderace, M|
|poke|p2|Bisharp, F|
|poke|p2|Dracozolt|
|poke|p2|Dragapult, F|
|poke|p2|Haxorus, F|
|rule|Dynamax Clause: You cannot dynamax
|teampreview
|inactive|Battle timer is ON: inactive players will automatically lose when time's up. (requested by Z the Ultimate)
|j| ou is a sham
|
|start
|switch|p1a: Chandelure|Chandelure, F|100/100
|switch|p2a: Mew|Mew|100/100
|turn|1
|j| FM Blood
|
|move|p2a: Mew|Stealth Rock|p1a: Chandelure
|-sidestart|p1: lzaaaaa|move: Stealth Rock
|move|p1a: Chandelure|Shadow Ball|p2a: Mew
|-supereffective|p2a: Mew
|-damage|p2a: Mew|0 fnt
|faint|p2a: Mew
|
|upkeep
|
|switch|p2a: Dragapult|Dragapult, F|100/100
|turn|2
|
|switch|p1a: Sylveon|Sylveon, F|100/100
|-damage|p1a: Sylveon|88/100|[from] Stealth Rock
|move|p2a: Dragapult|U-turn|p1a: Sylveon
|-resisted|p1a: Sylveon
|-damage|p1a: Sylveon|81/100
|
|switch|p2a: Bisharp|Bisharp, F|100/100|[from]move: U-turn
|
|-heal|p1a: Sylveon|87/100|[from] item: Leftovers
|upkeep
|turn|3
|
|switch|p1a: Corviknight|Corviknight, F|100/100
|-damage|p1a: Corviknight|88/100|[from] Stealth Rock
|-ability|p1a: Corviknight|Pressure
|move|p2a: Bisharp|Swords Dance|p2a: Bisharp
|-boost|p2a: Bisharp|atk|2
|
|-heal|p1a: Corviknight|94/100|[from] item: Leftovers
|upkeep
|turn|4
|
|move|p2a: Bisharp|Swords Dance|p2a: Bisharp
|-boost|p2a: Bisharp|atk|2
|move|p1a: Corviknight|Body Press|p2a: Bisharp
|-supereffective|p2a: Bisharp
|-damage|p2a: Bisharp|8/100
|
|-heal|p2a: Bisharp|13/100|[from] item: Leftovers
|-heal|p1a: Corviknight|100/100|[from] item: Leftovers
|upkeep
|turn|5
|
|move|p2a: Bisharp|Throat Chop|p1a: Corviknight
|-damage|p1a: Corviknight|0 fnt
|faint|p1a: Corviknight
|
|-heal|p2a: Bisharp|19/100|[from] item: Leftovers
|upkeep
|
|switch|p1a: Hydreigon|Hydreigon, F|100/100
|-damage|p1a: Hydreigon|88/100|[from] Stealth Rock
|turn|6
|
|move|p2a: Bisharp|Sucker Punch|p1a: Hydreigon
|-resisted|p1a: Hydreigon
|-damage|p1a: Hydreigon|30/100
|move|p1a: Hydreigon|Dark Pulse|p2a: Bisharp
|-resisted|p2a: Bisharp
|-damage|p2a: Bisharp|0 fnt
|faint|p2a: Bisharp
|
|upkeep
|
|switch|p2a: Cinderace|Cinderace, M|100/100
|turn|7
|
|switch|p1a: Seismitoad|Seismitoad, M|100/100
|-damage|p1a: Seismitoad|94/100|[from] Stealth Rock
|move|p2a: Cinderace|U-turn|p1a: Seismitoad
|-damage|p1a: Seismitoad|79/100
|j| Celtis Laddering
|
|switch|p2a: Haxorus|Haxorus, F|100/100|[from]move: U-turn
|-ability|p2a: Haxorus|Mold Breaker
|
|-heal|p1a: Seismitoad|85/100|[from] item: Leftovers
|upkeep
|turn|8
|
|move|p2a: Haxorus|Earthquake|p1a: Seismitoad
|-damage|p1a: Seismitoad|42/100
|move|p1a: Seismitoad|Toxic|p2a: Haxorus
|-status|p2a: Haxorus|tox
|
|-heal|p1a: Seismitoad|48/100|[from] item: Leftovers
|-damage|p2a: Haxorus|94/100 tox|[from] psn
|upkeep
|turn|9
|
|move|p1a: Seismitoad|Protect|p1a: Seismitoad
|-singleturn|p1a: Seismitoad|Protect
|move|p2a: Haxorus|Earthquake|p1a: Seismitoad
|-activate|p1a: Seismitoad|move: Protect
|
|-heal|p1a: Seismitoad|54/100|[from] item: Leftovers
|-damage|p2a: Haxorus|82/100 tox|[from] psn
|upkeep
|turn|10
|
|switch|p1a: Avalugg|Avalugg, F|100/100
|move|p2a: Haxorus|Earthquake|p1a: Avalugg
|-damage|p1a: Avalugg|70/100
|
|-damage|p2a: Haxorus|64/100 tox|[from] psn
|upkeep
|turn|11
|
|switch|p2a: Dragapult|Dragapult, F|100/100
|move|p1a: Avalugg|Rapid Spin|p2a: Dragapult
|-immune|p2a: Dragapult
|
|upkeep
|turn|12
|
|move|p2a: Dragapult|Shadow Ball|p1a: Avalugg
|-damage|p1a: Avalugg|18/100
|move|p1a: Avalugg|Heavy Slam|p2a: Dragapult
|-damage|p2a: Dragapult|60/100
|
|upkeep
|turn|13
|
|move|p2a: Dragapult|Shadow Ball|p1a: Avalugg
|-damage|p1a: Avalugg|0 fnt
|faint|p1a: Avalugg
|
|upkeep
|j| DaiDaiwo♫
|
|switch|p1a: Sylveon|Sylveon, F|87/100
|-damage|p1a: Sylveon|74/100|[from] Stealth Rock
|turn|14
|
|switch|p2a: Cinderace|Cinderace, M|100/100
|move|p1a: Sylveon|Wish|p1a: Sylveon
|
|-heal|p1a: Sylveon|80/100|[from] item: Leftovers
|upkeep
|turn|15
|
|move|p2a: Cinderace|High Jump Kick|p1a: Sylveon
|-resisted|p1a: Sylveon
|-damage|p1a: Sylveon|61/100
|move|p1a: Sylveon|Hyper Voice|p2a: Cinderace
|-resisted|p2a: Cinderace
|-damage|p2a: Cinderace|72/100
|
|-heal|p1a: Sylveon|100/100|[from] move: Wish|[wisher] Sylveon
|upkeep
|turn|16
|
|move|p2a: Cinderace|Pyro Ball|p1a: Sylveon
|-damage|p1a: Sylveon|49/100
|move|p1a: Sylveon|Wish|p1a: Sylveon
|
|-heal|p1a: Sylveon|55/100|[from] item: Leftovers
|upkeep
|turn|17
|
|move|p1a: Sylveon|Protect|p1a: Sylveon
|-singleturn|p1a: Sylveon|Protect
|move|p2a: Cinderace|High Jump Kick|p1a: Sylveon
|-activate|p1a: Sylveon|move: Protect
|-damage|p2a: Cinderace|22/100|[from] highjumpkick
|
|-heal|p1a: Sylveon|100/100|[from] move: Wish|[wisher] Sylveon
|upkeep
|turn|18
|
|move|p2a: Cinderace|Pyro Ball|p1a: Sylveon
|-damage|p1a: Sylveon|22/100
|move|p1a: Sylveon|Wish|p1a: Sylveon
|
|-heal|p1a: Sylveon|28/100|[from] item: Leftovers
|upkeep
|turn|19
|
|move|p1a: Sylveon|Protect|p1a: Sylveon
|-singleturn|p1a: Sylveon|Protect
|move|p2a: Cinderace|Pyro Ball|p1a: Sylveon
|-activate|p1a: Sylveon|move: Protect
|
|-heal|p1a: Sylveon|78/100|[from] move: Wish|[wisher] Sylveon
|-heal|p1a: Sylveon|84/100|[from] item: Leftovers
|upkeep
|turn|20
|
|switch|p1a: Chandelure|Chandelure, F|100/100
|-damage|p1a: Chandelure|76/100|[from] Stealth Rock
|move|p2a: Cinderace|Pyro Ball|p1a: Chandelure
|-resisted|p1a: Chandelure
|-damage|p1a: Chandelure|13/100
|
|upkeep
|turn|21
|
|move|p2a: Cinderace|Pyro Ball|p1a: Chandelure
|-resisted|p1a: Chandelure
|-damage|p1a: Chandelure|0 fnt
|faint|p1a: Chandelure
|
|upkeep
|
|switch|p1a: Hydreigon|Hydreigon, F|30/100
|-damage|p1a: Hydreigon|18/100|[from] Stealth Rock
|turn|22
|
|move|p1a: Hydreigon|Dark Pulse|p2a: Cinderace
|-damage|p2a: Cinderace|0 fnt
|faint|p2a: Cinderace
|
|upkeep
|
|switch|p2a: Dracozolt|Dracozolt|100/100
|turn|23
|
|switch|p1a: Sylveon|Sylveon, F|84/100
|-damage|p1a: Sylveon|72/100|[from] Stealth Rock
|move|p2a: Dracozolt|Fire Fang|p1a: Sylveon
|-damage|p1a: Sylveon|46/100
|
|-heal|p1a: Sylveon|53/100|[from] item: Leftovers
|upkeep
|turn|24
|
|move|p2a: Dracozolt|Bolt Beak|p1a: Sylveon
|-damage|p1a: Sylveon|0 fnt
|faint|p1a: Sylveon
|
|upkeep
|
|switch|p1a: Hydreigon|Hydreigon, F|18/100
|-damage|p1a: Hydreigon|5/100|[from] Stealth Rock
|turn|25
|
|switch|p2a: Dragapult|Dragapult, F|60/100
|move|p1a: Hydreigon|Draco Meteor|p2a: Dragapult
|-supereffective|p2a: Dragapult
|-crit|p2a: Dragapult
|-damage|p2a: Dragapult|0 fnt
|-unboost|p1a: Hydreigon|spa|2
|faint|p2a: Dragapult
|
|upkeep
|
|switch|p2a: Haxorus|Haxorus, F|64/100 tox
|-ability|p2a: Haxorus|Mold Breaker
|turn|26
|j|‽A New King
|
|move|p2a: Haxorus|First Impression|p1a: Hydreigon
|-supereffective|p1a: Hydreigon
|-damage|p1a: Hydreigon|0 fnt
|faint|p1a: Hydreigon
|
|-damage|p2a: Haxorus|57/100 tox|[from] psn
|upkeep
|
|switch|p1a: Seismitoad|Seismitoad, M|54/100
|-damage|p1a: Seismitoad|48/100|[from] Stealth Rock
|turn|27
|c| ou is a sham|omg
|
|switch|p2a: Dracozolt|Dracozolt|100/100
|move|p1a: Seismitoad|Scald|p2a: Dracozolt
|-resisted|p2a: Dracozolt
|-damage|p2a: Dracozolt|84/100
|
|-heal|p1a: Seismitoad|54/100|[from] item: Leftovers
|upkeep
|turn|28
|
|move|p1a: Seismitoad|Protect|p1a: Seismitoad
|-singleturn|p1a: Seismitoad|Protect
|move|p2a: Dracozolt|Substitute|p2a: Dracozolt
|-start|p2a: Dracozolt|Substitute
|-damage|p2a: Dracozolt|59/100
|
|-heal|p1a: Seismitoad|60/100|[from] item: Leftovers
|upkeep
|turn|29
|
|move|p2a: Dracozolt|Earthquake|p1a: Seismitoad
|-damage|p1a: Seismitoad|31/100
|move|p1a: Seismitoad|Scald|p2a: Dracozolt
|-resisted|p2a: Dracozolt
|-activate|p2a: Dracozolt|move: Substitute|[damage]
|
|-heal|p1a: Seismitoad|37/100|[from] item: Leftovers
|upkeep
|turn|30
|-message|lzaaaaa forfeited.
|
|win|Z the Ultimate
|l|☆lzaaaaa
|raw|lzaaaaa's rating: 1748 → 1730(-18 for losing)
|raw|Z the Ultimate's rating: 1777 → 1796(+19 for winning)
|l|‽A New King
|l| ou is a sham
|l| FM Blood
|l| Celtis Laddering
