|ScrapeTime|2020-01-02-14:14:47
|j|☆Jamesiscool
|j|☆rynowill
|player|p1|Jamesiscool|284|1168
|player|p2|rynowill|145|1119
|teamsize|p1|6
|teamsize|p2|6
|gametype|singles
|gen|8
|tier|[Gen 8] OU
|rated|
|rule|Sleep Clause Mod: Limit one foe put to sleep
|rule|Species Clause: Limit one of each Pokémon
|rule|OHKO Clause: OHKO moves are banned
|rule|Evasion Moves Clause: Evasion moves are banned
|rule|Endless Battle Clause: Forcing endless battles is banned
|rule|HP Percentage Mod: HP is shown in percentages
|clearpoke
|poke|p1|Mandibuzz, F|
|poke|p1|Aegislash, M|
|poke|p1|Excadrill, F|
|poke|p1|Jellicent, M|
|poke|p1|Rotom-Heat|
|poke|p1|Clefable, M|
|poke|p2|Kommo-o, F|
|poke|p2|Mimikyu, F|
|poke|p2|Tyranitar, F|
|poke|p2|Rotom-Wash|
|poke|p2|Durant, F|
|poke|p2|Hydreigon, M|
|rule|Dynamax Clause: You cannot dynamax
|teampreview
|inactive|Battle timer is ON: inactive players will automatically lose when time's up. (requested by rynowill)
|
|start
|switch|p1a: Clefable|Clefable, M|100/100
|switch|p2a: Kommo-o|Kommo-o, F|100/100
|turn|1
|
|move|p2a: Kommo-o|Clangorous Soul|p2a: Kommo-o
|-boost|p2a: Kommo-o|atk|1
|-boost|p2a: Kommo-o|def|1
|-boost|p2a: Kommo-o|spa|1
|-boost|p2a: Kommo-o|spd|1
|-boost|p2a: Kommo-o|spe|1
|-damage|p2a: Kommo-o|67/100
|-enditem|p2a: Kommo-o|Throat Spray
|-boost|p2a: Kommo-o|spa|1
|move|p1a: Clefable|Moonblast|p2a: Kommo-o
|-supereffective|p2a: Kommo-o
|-damage|p2a: Kommo-o|0 fnt
|faint|p2a: Kommo-o
|
|upkeep
|c|☆Jamesiscool|????
|c|☆rynowill|thought youd set up
|inactive|rynowill has 120 seconds left.
|
|switch|p2a: Durant|Durant, F|100/100
|turn|2
|
|switch|p1a: Aegislash|Aegislash, M|100/100
|move|p2a: Durant|First Impression|p1a: Aegislash
|-resisted|p1a: Aegislash
|-damage|p1a: Aegislash|86/100
|
|-heal|p1a: Aegislash|92/100|[from] item: Leftovers
|upkeep
|turn|3
|
|switch|p2a: Rotom|Rotom-Wash|100/100
|switch|p1a: Rotom|Rotom-Heat|100/100
|
|upkeep
|turn|4
|
|move|p2a: Rotom|Trick|p1a: Rotom
|-activate|p2a: Rotom|move: Trick|[of] p1a: Rotom
|-item|p1a: Rotom|Choice Scarf|[from] move: Trick
|-item|p2a: Rotom|Choice Scarf|[from] move: Trick
|move|p1a: Rotom|Volt Switch|p2a: Rotom
|-damage|p2a: Rotom|57/100
|
|switch|p1a: Jellicent|Jellicent, M|100/100|[from]move: Volt Switch
|
|upkeep
|turn|5
|
|switch|p1a: Excadrill|Excadrill, F|100/100
|-ability|p1a: Excadrill|Mold Breaker
|move|p2a: Rotom|Volt Switch|p1a: Excadrill
|-immune|p1a: Excadrill
|
|upkeep
|turn|6
|
|switch|p2a: Durant|Durant, F|100/100
|move|p1a: Excadrill|Earthquake|p2a: Durant
|-damage|p2a: Durant|20/100
|-damage|p1a: Excadrill|91/100|[from] item: Life Orb
|
|upkeep
|turn|7
|
|switch|p1a: Aegislash|Aegislash, M|92/100
|move|p2a: Durant|First Impression|p1a: Aegislash
|-resisted|p1a: Aegislash
|-damage|p1a: Aegislash|78/100
|
|-heal|p1a: Aegislash|84/100|[from] item: Leftovers
|upkeep
|turn|8
|
|switch|p2a: Mimikyu|Mimikyu, F, shiny|100/100
|-formechange|p1a: Aegislash|Aegislash-Blade||[from] ability: Stance Change
|move|p1a: Aegislash|Shadow Ball|p2a: Mimikyu
|-activate|p2a: Mimikyu|ability: Disguise
|-damage|p2a: Mimikyu|100/100
|detailschange|p2a: Mimikyu|Mimikyu-Busted, F, shiny
|-damage|p2a: Mimikyu|88/100|[from] ability: Disguise|[of] p2a: Mimikyu
|
|-heal|p1a: Aegislash|90/100|[from] item: Leftovers
|upkeep
|turn|9
|
|move|p2a: Mimikyu|Swords Dance|p2a: Mimikyu
|-boost|p2a: Mimikyu|atk|2
|move|p1a: Aegislash|Shadow Ball|p2a: Mimikyu
|-supereffective|p2a: Mimikyu
|-damage|p2a: Mimikyu|0 fnt
|faint|p2a: Mimikyu
|
|-heal|p1a: Aegislash|96/100|[from] item: Leftovers
|upkeep
|
|switch|p2a: Hydreigon|Hydreigon, M|100/100
|turn|10
|
|-formechange|p1a: Aegislash|Aegislash||[from] ability: Stance Change
|move|p1a: Aegislash|King's Shield|p1a: Aegislash
|-singleturn|p1a: Aegislash|Protect
|move|p2a: Hydreigon|Flash Cannon|p1a: Aegislash
|-activate|p1a: Aegislash|move: Protect
|
|-heal|p1a: Aegislash|100/100|[from] item: Leftovers
|upkeep
|turn|11
|
|switch|p2a: Rotom|Rotom-Wash|57/100
|switch|p1a: Jellicent|Jellicent, M|100/100
|
|upkeep
|turn|12
|
|move|p2a: Rotom|Trick|p1a: Jellicent
|-activate|p2a: Rotom|move: Trick|[of] p1a: Jellicent
|-item|p1a: Jellicent|Choice Scarf|[from] move: Trick
|-item|p2a: Rotom|Leftovers|[from] move: Trick
|move|p1a: Jellicent|Will-O-Wisp|p2a: Rotom
|-status|p2a: Rotom|brn
|
|-heal|p2a: Rotom|63/100 brn|[from] item: Leftovers
|-damage|p2a: Rotom|57/100 brn|[from] brn
|upkeep
|turn|13
|
|move|p2a: Rotom|Volt Switch|p1a: Jellicent
|-supereffective|p1a: Jellicent
|-damage|p1a: Jellicent|63/100
|
|switch|p2a: Durant|Durant, F|20/100|[from]move: Volt Switch
|move|p1a: Jellicent|Will-O-Wisp|p2a: Durant
|-status|p2a: Durant|brn
|
|-damage|p2a: Durant|13/100 brn|[from] brn
|upkeep
|turn|14
|
|switch|p1a: Mandibuzz|Mandibuzz, F|100/100
|move|p2a: Durant|First Impression|p1a: Mandibuzz|[miss]
|-miss|p2a: Durant|p1a: Mandibuzz
|-enditem|p2a: Durant|Blunder Policy
|-boost|p2a: Durant|spe|2
|
|-damage|p2a: Durant|7/100 brn|[from] brn
|upkeep
|turn|15
|
|move|p2a: Durant|Stone Edge|p1a: Mandibuzz
|-supereffective|p1a: Mandibuzz
|-crit|p1a: Mandibuzz
|-damage|p1a: Mandibuzz|59/100
|move|p1a: Mandibuzz|Roost|p1a: Mandibuzz
|-heal|p1a: Mandibuzz|100/100
|-singleturn|p1a: Mandibuzz|move: Roost
|
|-damage|p2a: Durant|1/100 brn|[from] brn
|upkeep
|turn|16
|
|move|p2a: Durant|X-Scissor|p1a: Mandibuzz|[miss]
|-miss|p2a: Durant|p1a: Mandibuzz
|move|p1a: Mandibuzz|Roost||[still]
|-fail|p1a: Mandibuzz|heal
|
|-damage|p2a: Durant|0 fnt|[from] brn
|faint|p2a: Durant
|upkeep
|
|switch|p2a: Rotom|Rotom-Wash|57/100 brn
|turn|17
|
|switch|p1a: Jellicent|Jellicent, M|63/100
|move|p2a: Rotom|Will-O-Wisp|p1a: Jellicent
|-status|p1a: Jellicent|brn
|
|-heal|p2a: Rotom|63/100 brn|[from] item: Leftovers
|-damage|p2a: Rotom|57/100 brn|[from] brn
|-damage|p1a: Jellicent|57/100 brn|[from] brn
|upkeep
|turn|18
|
|move|p2a: Rotom|Volt Switch|p1a: Jellicent
|-supereffective|p1a: Jellicent
|-damage|p1a: Jellicent|18/100 brn
|
|switch|p2a: Tyranitar|Tyranitar, F|100/100|[from]move: Volt Switch
|-weather|Sandstorm|[from] ability: Sand Stream|[of] p2a: Tyranitar
|move|p1a: Jellicent|Scald|p2a: Tyranitar
|-supereffective|p2a: Tyranitar
|-damage|p2a: Tyranitar|65/100
|-status|p2a: Tyranitar|brn
|
|-weather|Sandstorm|[upkeep]
|-damage|p1a: Jellicent|12/100 brn|[from] Sandstorm
|-heal|p2a: Tyranitar|71/100 brn|[from] item: Leftovers
|-damage|p1a: Jellicent|6/100 brn|[from] brn
|-damage|p2a: Tyranitar|65/100 brn|[from] brn
|upkeep
|turn|19
|
|move|p1a: Jellicent|Scald|p2a: Tyranitar
|-supereffective|p2a: Tyranitar
|-damage|p2a: Tyranitar|30/100 brn
|move|p2a: Tyranitar|Dragon Dance|p2a: Tyranitar
|-boost|p2a: Tyranitar|atk|1
|-boost|p2a: Tyranitar|spe|1
|
|-weather|Sandstorm|[upkeep]
|-damage|p1a: Jellicent|0 fnt|[from] Sandstorm
|faint|p1a: Jellicent
|-heal|p2a: Tyranitar|36/100 brn|[from] item: Leftovers
|-damage|p2a: Tyranitar|30/100 brn|[from] brn
|upkeep
|
|switch|p1a: Aegislash|Aegislash, M|100/100
|turn|20
|
|move|p2a: Tyranitar|Flamethrower|p1a: Aegislash
|-supereffective|p1a: Aegislash
|-damage|p1a: Aegislash|62/100
|-formechange|p1a: Aegislash|Aegislash-Blade||[from] ability: Stance Change
|move|p1a: Aegislash|Steel Beam|p2a: Tyranitar
|-supereffective|p2a: Tyranitar
|-damage|p2a: Tyranitar|0 fnt
|-damage|p1a: Aegislash|12/100|[from] mindblown
|faint|p2a: Tyranitar
|
|-weather|Sandstorm|[upkeep]
|-heal|p1a: Aegislash|18/100|[from] item: Leftovers
|upkeep
|
|switch|p2a: Rotom|Rotom-Wash|57/100 brn
|turn|21
|
|-formechange|p1a: Aegislash|Aegislash||[from] ability: Stance Change
|move|p1a: Aegislash|King's Shield|p1a: Aegislash
|-singleturn|p1a: Aegislash|Protect
|move|p2a: Rotom|Will-O-Wisp|p1a: Aegislash
|-status|p1a: Aegislash|brn
|
|-weather|Sandstorm|[upkeep]
|-damage|p2a: Rotom|50/100 brn|[from] Sandstorm
|-heal|p2a: Rotom|57/100 brn|[from] item: Leftovers
|-heal|p1a: Aegislash|24/100 brn|[from] item: Leftovers
|-damage|p2a: Rotom|50/100 brn|[from] brn
|-damage|p1a: Aegislash|18/100 brn|[from] brn
|upkeep
|turn|22
|
|move|p2a: Rotom|Hydro Pump|p1a: Aegislash
|-damage|p1a: Aegislash|0 fnt
|faint|p1a: Aegislash
|
|-weather|none
|-heal|p2a: Rotom|57/100 brn|[from] item: Leftovers
|-damage|p2a: Rotom|50/100 brn|[from] brn
|upkeep
|
|switch|p1a: Excadrill|Excadrill, F|91/100
|-ability|p1a: Excadrill|Mold Breaker
|turn|23
|
|move|p1a: Excadrill|Earthquake|p2a: Rotom
|-supereffective|p2a: Rotom
|-damage|p2a: Rotom|0 fnt
|-damage|p1a: Excadrill|81/100|[from] item: Life Orb
|faint|p2a: Rotom
|
|upkeep
|
|switch|p2a: Hydreigon|Hydreigon, M|100/100
|turn|24
|
|switch|p1a: Rotom|Rotom-Heat|100/100
|move|p2a: Hydreigon|Dark Pulse|p1a: Rotom
|-damage|p1a: Rotom|20/100
|
|upkeep
|turn|25
|
|move|p1a: Rotom|Trick|p2a: Hydreigon
|-activate|p1a: Rotom|move: Trick|[of] p2a: Hydreigon
|-item|p2a: Hydreigon|Choice Scarf|[from] move: Trick
|-item|p1a: Rotom|Choice Specs|[from] move: Trick
|move|p2a: Hydreigon|Dark Pulse|p1a: Rotom
|-damage|p1a: Rotom|0 fnt
|faint|p1a: Rotom
|
|upkeep
|
|switch|p1a: Excadrill|Excadrill, F|81/100
|-ability|p1a: Excadrill|Mold Breaker
|turn|26
|
|move|p2a: Hydreigon|Dark Pulse|p1a: Excadrill
|-damage|p1a: Excadrill|26/100
|move|p1a: Excadrill|Earthquake|p2a: Hydreigon
|-damage|p2a: Hydreigon|21/100
|-damage|p1a: Excadrill|17/100|[from] item: Life Orb
|
|upkeep
|turn|27
|
|switch|p1a: Mandibuzz|Mandibuzz, F|100/100
|move|p2a: Hydreigon|Dark Pulse|p1a: Mandibuzz
|-resisted|p1a: Mandibuzz
|-damage|p1a: Mandibuzz|84/100
|
|upkeep
|turn|28
|
|move|p2a: Hydreigon|Dark Pulse|p1a: Mandibuzz
|-resisted|p1a: Mandibuzz
|-damage|p1a: Mandibuzz|67/100
|move|p1a: Mandibuzz|Toxic|p2a: Hydreigon
|-status|p2a: Hydreigon|tox
|
|-damage|p2a: Hydreigon|15/100 tox|[from] psn
|upkeep
|turn|29
|-message|rynowill forfeited.
|
|win|Jamesiscool
|l|☆rynowill
|raw|Jamesiscool's rating: 1168 → 1190(+22 for winning)
|raw|rynowill's rating: 1119 → 1097(-22 for losing)
