|ScrapeTime|2020-01-02-00:04:26
|j|☆Kirairae
|j|☆AlexyS23
|player|p1|Kirairae|267|1360
|player|p2|AlexyS23|red|1375
|teamsize|p1|6
|teamsize|p2|6
|gametype|singles
|gen|8
|tier|[Gen 8] OU
|rated|
|rule|Sleep Clause Mod: Limit one foe put to sleep
|rule|Species Clause: Limit one of each Pokémon
|rule|OHKO Clause: OHKO moves are banned
|rule|Evasion Moves Clause: Evasion moves are banned
|rule|Endless Battle Clause: Forcing endless battles is banned
|rule|HP Percentage Mod: HP is shown in percentages
|clearpoke
|poke|p1|Hatterene, F|
|poke|p1|Chandelure, M|
|poke|p1|Reuniclus, M|
|poke|p1|Orbeetle, F|
|poke|p1|Aegislash, F|
|poke|p1|Hydreigon, F|
|poke|p2|Dragapult, M|
|poke|p2|Grimmsnarl, M|
|poke|p2|Umbreon, F|
|poke|p2|Ferrothorn, F|
|poke|p2|Cinderace, F|
|poke|p2|Gyarados, F|
|rule|Dynamax Clause: You cannot dynamax
|teampreview
|inactive|Battle timer is ON: inactive players will automatically lose when time's up. (requested by Kirairae)
|
|start
|switch|p1a: Hatterene|Hatterene, F|100/100
|switch|p2a: Cinderace|Cinderace, F|100/100
|turn|1
|
|move|p2a: Cinderace|Pyro Ball|p1a: Hatterene
|-damage|p1a: Hatterene|32/100
|move|p1a: Hatterene|Trick Room|p1a: Hatterene
|-fieldstart|move: Trick Room|[of] p1a: Hatterene
|
|upkeep
|turn|2
|
|move|p2a: Cinderace|Sucker Punch|p1a: Hatterene
|-damage|p1a: Hatterene|8/100
|move|p1a: Hatterene|Psychic|p2a: Cinderace
|-damage|p2a: Cinderace|24/100
|
|upkeep
|turn|3
|
|move|p2a: Cinderace|Sucker Punch|p1a: Hatterene
|-damage|p1a: Hatterene|0 fnt
|faint|p1a: Hatterene
|
|upkeep
|
|switch|p1a: Reuniclus|Reuniclus, M|100/100
|turn|4
|
|switch|p2a: Ferrothorn|Ferrothorn, F|100/100
|move|p1a: Reuniclus|Shadow Ball|p2a: Ferrothorn
|-damage|p2a: Ferrothorn|69/100
|-unboost|p2a: Ferrothorn|spd|1
|
|upkeep
|turn|5
|
|move|p2a: Ferrothorn|Knock Off|p1a: Reuniclus
|-supereffective|p1a: Reuniclus
|-damage|p1a: Reuniclus|57/100
|-enditem|p1a: Reuniclus|Life Orb|[from] move: Knock Off|[of] p2a: Ferrothorn
|move|p1a: Reuniclus|Focus Blast|p2a: Ferrothorn
|-supereffective|p2a: Ferrothorn
|-damage|p2a: Ferrothorn|0 fnt
|faint|p2a: Ferrothorn
|
|-fieldend|move: Trick Room
|upkeep
|
|switch|p2a: Dragapult|Dragapult, M|100/100
|turn|6
|
|move|p2a: Dragapult|Shadow Ball|p1a: Reuniclus
|-supereffective|p1a: Reuniclus
|-damage|p1a: Reuniclus|0 fnt
|faint|p1a: Reuniclus
|
|upkeep
|
|switch|p1a: Orbeetle|Orbeetle, F|100/100
|-item|p2a: Dragapult|Expert Belt|[from] ability: Frisk|[of] p1a: Orbeetle|[identify]
|turn|7
|inactive|AlexyS23 has 120 seconds left.
|
|switch|p2a: Gyarados|Gyarados, F|100/100
|move|p1a: Orbeetle|Trick Room|p1a: Orbeetle
|-fieldstart|move: Trick Room|[of] p1a: Orbeetle
|
|upkeep
|turn|8
|
|move|p1a: Orbeetle|U-turn|p2a: Gyarados
|-resisted|p2a: Gyarados
|-damage|p2a: Gyarados|93/100
|
|switch|p1a: Aegislash|Aegislash, F|100/100|[from]move: U-turn
|move|p2a: Gyarados|Waterfall|p1a: Aegislash
|-damage|p1a: Aegislash|67/100
|
|-heal|p1a: Aegislash|73/100|[from] item: Leftovers
|upkeep
|turn|9
|inactive|AlexyS23 has 120 seconds left.
|
|switch|p2a: Grimmsnarl|Grimmsnarl, M|100/100
|move|p1a: Aegislash|Swords Dance|p1a: Aegislash
|-boost|p1a: Aegislash|atk|2
|
|-heal|p1a: Aegislash|79/100|[from] item: Leftovers
|upkeep
|turn|10
|
|move|p2a: Grimmsnarl|Thunder Wave|p1a: Aegislash
|-status|p1a: Aegislash|par
|-formechange|p1a: Aegislash|Aegislash-Blade||[from] ability: Stance Change
|move|p1a: Aegislash|Iron Head|p2a: Grimmsnarl
|-supereffective|p2a: Grimmsnarl
|-damage|p2a: Grimmsnarl|0 fnt
|faint|p2a: Grimmsnarl
|
|-heal|p1a: Aegislash|85/100 par|[from] item: Leftovers
|upkeep
|
|switch|p2a: Gyarados|Gyarados, F|93/100
|turn|11
|
|move|p1a: Aegislash|Shadow Sneak|p2a: Gyarados
|-damage|p2a: Gyarados|26/100
|move|p2a: Gyarados|Substitute|p2a: Gyarados
|-start|p2a: Gyarados|Substitute
|-damage|p2a: Gyarados|2/100
|
|-heal|p1a: Aegislash|92/100 par|[from] item: Leftovers
|-fieldend|move: Trick Room
|upkeep
|turn|12
|
|-formechange|p1a: Aegislash|Aegislash||[from] ability: Stance Change
|move|p1a: Aegislash|King's Shield|p1a: Aegislash
|-singleturn|p1a: Aegislash|Protect
|move|p2a: Gyarados|Dragon Dance|p2a: Gyarados
|-boost|p2a: Gyarados|atk|1
|-boost|p2a: Gyarados|spe|1
|
|-heal|p1a: Aegislash|98/100 par|[from] item: Leftovers
|upkeep
|turn|13
|
|move|p2a: Gyarados|Waterfall|p1a: Aegislash
|-damage|p1a: Aegislash|51/100 par
|cant|p1a: Aegislash|flinch
|
|-heal|p1a: Aegislash|57/100 par|[from] item: Leftovers
|upkeep
|turn|14
|
|move|p2a: Gyarados|Dragon Dance|p2a: Gyarados
|-boost|p2a: Gyarados|atk|1
|-boost|p2a: Gyarados|spe|1
|-formechange|p1a: Aegislash|Aegislash-Blade||[from] ability: Stance Change
|move|p1a: Aegislash|Iron Head|p2a: Gyarados
|-resisted|p2a: Gyarados
|-end|p2a: Gyarados|Substitute
|
|-heal|p1a: Aegislash|63/100 par|[from] item: Leftovers
|upkeep
|turn|15
|inactive|AlexyS23 has 120 seconds left.
|
|switch|p2a: Umbreon|Umbreon, F, shiny|100/100
|move|p1a: Aegislash|Shadow Sneak|p2a: Umbreon
|-resisted|p2a: Umbreon
|-damage|p2a: Umbreon|84/100
|
|-heal|p2a: Umbreon|90/100|[from] item: Leftovers
|-heal|p1a: Aegislash|70/100 par|[from] item: Leftovers
|upkeep
|turn|16
|
|move|p2a: Umbreon|Foul Play|p1a: Aegislash
|-supereffective|p1a: Aegislash
|-damage|p1a: Aegislash|0 fnt
|faint|p1a: Aegislash
|
|-heal|p2a: Umbreon|97/100|[from] item: Leftovers
|upkeep
|
|switch|p1a: Hydreigon|Hydreigon, F|100/100
|turn|17
|
|move|p1a: Hydreigon|Substitute|p1a: Hydreigon
|-start|p1a: Hydreigon|Substitute
|-damage|p1a: Hydreigon|76/100
|move|p2a: Umbreon|Confuse Ray||[still]
|-fail|p2a: Umbreon
|
|-heal|p1a: Hydreigon|82/100|[from] item: Leftovers
|-heal|p2a: Umbreon|100/100|[from] item: Leftovers
|upkeep
|turn|18
|
|move|p1a: Hydreigon|Flash Cannon|p2a: Umbreon
|-damage|p2a: Umbreon|84/100
|move|p2a: Umbreon|Foul Play|p1a: Hydreigon
|-resisted|p1a: Hydreigon
|-activate|p1a: Hydreigon|move: Substitute|[damage]
|
|-heal|p1a: Hydreigon|88/100|[from] item: Leftovers
|-heal|p2a: Umbreon|90/100|[from] item: Leftovers
|upkeep
|turn|19
|
|move|p1a: Hydreigon|Nasty Plot|p1a: Hydreigon
|-boost|p1a: Hydreigon|spa|2
|move|p2a: Umbreon|Foul Play|p1a: Hydreigon
|-resisted|p1a: Hydreigon
|-end|p1a: Hydreigon|Substitute
|
|-heal|p1a: Hydreigon|94/100|[from] item: Leftovers
|-heal|p2a: Umbreon|96/100|[from] item: Leftovers
|upkeep
|turn|20
|
|move|p1a: Hydreigon|Flash Cannon|p2a: Umbreon
|-damage|p2a: Umbreon|59/100
|move|p2a: Umbreon|Confuse Ray|p1a: Hydreigon
|-start|p1a: Hydreigon|confusion
|
|-heal|p1a: Hydreigon|99/100|[from] item: Leftovers
|-heal|p2a: Umbreon|66/100|[from] item: Leftovers
|upkeep
|turn|21
|
|switch|p2a: Dragapult|Dragapult, M|100/100
|-activate|p1a: Hydreigon|confusion
|move|p1a: Hydreigon|Nasty Plot|p1a: Hydreigon
|-boost|p1a: Hydreigon|spa|2
|
|-heal|p1a: Hydreigon|100/100|[from] item: Leftovers
|upkeep
|turn|22
|
|switch|p1a: Orbeetle|Orbeetle, F|100/100
|-item|p2a: Dragapult|Expert Belt|[from] ability: Frisk|[of] p1a: Orbeetle|[identify]
|move|p2a: Dragapult|Draco Meteor|p1a: Orbeetle
|-damage|p1a: Orbeetle|47/100
|-unboost|p2a: Dragapult|spa|2
|
|-heal|p1a: Orbeetle|53/100|[from] item: Leftovers
|upkeep
|turn|23
|
|move|p2a: Dragapult|Shadow Ball|p1a: Orbeetle
|-supereffective|p1a: Orbeetle
|-damage|p1a: Orbeetle|14/100
|move|p1a: Orbeetle|Trick Room|p1a: Orbeetle
|-fieldstart|move: Trick Room|[of] p1a: Orbeetle
|
|-heal|p1a: Orbeetle|21/100|[from] item: Leftovers
|upkeep
|turn|24
|inactive|AlexyS23 has 120 seconds left.
|inactive|AlexyS23 has 90 seconds left.
|
|move|p1a: Orbeetle|Recover|p1a: Orbeetle
|-heal|p1a: Orbeetle|71/100
|move|p2a: Dragapult|Shadow Ball|p1a: Orbeetle
|-supereffective|p1a: Orbeetle
|-damage|p1a: Orbeetle|32/100
|
|-heal|p1a: Orbeetle|38/100|[from] item: Leftovers
|upkeep
|turn|25
|
|switch|p1a: Hydreigon|Hydreigon, F|100/100
|move|p2a: Dragapult|Shadow Ball|p1a: Hydreigon
|-resisted|p1a: Hydreigon
|-crit|p1a: Hydreigon
|-damage|p1a: Hydreigon|66/100
|-unboost|p1a: Hydreigon|spd|1
|
|-heal|p1a: Hydreigon|72/100|[from] item: Leftovers
|upkeep
|turn|26
|inactive|AlexyS23 has 60 seconds left.
|
|switch|p2a: Umbreon|Umbreon, F, shiny|66/100
|move|p1a: Hydreigon|Dark Pulse|p2a: Umbreon
|-resisted|p2a: Umbreon
|-damage|p2a: Umbreon|52/100
|
|-heal|p2a: Umbreon|59/100|[from] item: Leftovers
|-heal|p1a: Hydreigon|79/100|[from] item: Leftovers
|upkeep
|turn|27
|inactive|AlexyS23 has 60 seconds left.
|inactive|Kirairae has 120 seconds left.
|
|switch|p1a: Orbeetle|Orbeetle, F|38/100
|-item|p2a: Umbreon|Leftovers|[from] ability: Frisk|[of] p1a: Orbeetle|[identify]
|move|p2a: Umbreon|Confuse Ray|p1a: Orbeetle
|-start|p1a: Orbeetle|confusion
|
|-heal|p2a: Umbreon|65/100|[from] item: Leftovers
|-heal|p1a: Orbeetle|44/100|[from] item: Leftovers
|-fieldend|move: Trick Room
|upkeep
|turn|28
|inactive|AlexyS23 has 60 seconds left.
|
|switch|p2a: Dragapult|Dragapult, M|100/100
|-activate|p1a: Orbeetle|confusion
|-damage|p1a: Orbeetle|41/100|[from] confusion
|
|-heal|p1a: Orbeetle|47/100|[from] item: Leftovers
|upkeep
|turn|29
|inactive|Kirairae has 120 seconds left.
|
|move|p2a: Dragapult|Shadow Ball|p1a: Orbeetle
|-supereffective|p1a: Orbeetle
|-damage|p1a: Orbeetle|0 fnt
|faint|p1a: Orbeetle
|
|upkeep
|
|switch|p1a: Chandelure|Chandelure, M|100/100
|turn|30
|inactive|AlexyS23 has 60 seconds left.
|
|switch|p2a: Umbreon|Umbreon, F, shiny|65/100
|move|p1a: Chandelure|Trick Room|p1a: Chandelure
|-fieldstart|move: Trick Room|[of] p1a: Chandelure
|-enditem|p1a: Chandelure|Room Service
|-unboost|p1a: Chandelure|spe|1
|
|-heal|p2a: Umbreon|71/100|[from] item: Leftovers
|upkeep
|turn|31
|inactive|AlexyS23 has 60 seconds left.
|
|move|p1a: Chandelure|Fire Blast|p2a: Umbreon
|-damage|p2a: Umbreon|25/100
|move|p2a: Umbreon|Confuse Ray|p1a: Chandelure
|-start|p1a: Chandelure|confusion
|
|-heal|p2a: Umbreon|31/100|[from] item: Leftovers
|upkeep
|turn|32
|inactive|AlexyS23 has 60 seconds left.
|
|-activate|p1a: Chandelure|confusion
|move|p1a: Chandelure|Fire Blast|p2a: Umbreon
|-damage|p2a: Umbreon|0 fnt
|faint|p2a: Umbreon
|
|upkeep
|inactive|AlexyS23 has 60 seconds left.
|
|switch|p2a: Gyarados|Gyarados, F|2/100
|turn|33
|
|-activate|p1a: Chandelure|confusion
|move|p1a: Chandelure|Shadow Ball|p2a: Gyarados
|-damage|p2a: Gyarados|0 fnt
|faint|p2a: Gyarados
|
|upkeep
|
|switch|p2a: Cinderace|Cinderace, F|24/100
|turn|34
|
|move|p2a: Cinderace|Sucker Punch|p1a: Chandelure
|-supereffective|p1a: Chandelure
|-crit|p1a: Chandelure
|-damage|p1a: Chandelure|26/100
|-activate|p1a: Chandelure|confusion
|move|p1a: Chandelure|Shadow Ball|p2a: Cinderace
|-damage|p2a: Cinderace|0 fnt
|faint|p2a: Cinderace
|
|-fieldend|move: Trick Room
|upkeep
|
|switch|p2a: Dragapult|Dragapult, M|100/100
|turn|35
|
|move|p2a: Dragapult|Shadow Ball|p1a: Chandelure
|-supereffective|p1a: Chandelure
|-damage|p1a: Chandelure|0 fnt
|faint|p1a: Chandelure
|
|upkeep
|
|switch|p1a: Hydreigon|Hydreigon, F|79/100
|turn|36
|
|move|p2a: Dragapult|Draco Meteor|p1a: Hydreigon
|-supereffective|p1a: Hydreigon
|-damage|p1a: Hydreigon|0 fnt
|-unboost|p2a: Dragapult|spa|2
|faint|p1a: Hydreigon
|
|win|AlexyS23
|l|☆Kirairae
|raw|Kirairae's rating: 1360 → 1341(-19 for losing)
|raw|AlexyS23's rating: 1375 → 1394(+19 for winning)
