|ScrapeTime|2020-01-03-01:19:02
|j|☆LL777
|j|‽jkbnhjhkh
|player|p1|LL777|alder|1149
|player|p2|jkbnhjhkh|1|1099
|teamsize|p1|6
|teamsize|p2|6
|gametype|singles
|gen|8
|tier|[Gen 8] OU
|rated|
|rule|Sleep Clause Mod: Limit one foe put to sleep
|rule|Species Clause: Limit one of each Pokémon
|rule|OHKO Clause: OHKO moves are banned
|rule|Evasion Moves Clause: Evasion moves are banned
|rule|Endless Battle Clause: Forcing endless battles is banned
|rule|HP Percentage Mod: HP is shown in percentages
|clearpoke
|poke|p1|Dracovish|
|poke|p1|Hatterene, F|
|poke|p1|Cinderace, F|
|poke|p1|Rotom-Wash|
|poke|p1|Seismitoad, M|
|poke|p1|Bisharp, M|
|poke|p2|Indeedee, M|
|poke|p2|Cinderace, M|
|poke|p2|Hawlucha, F|
|poke|p2|Ferrothorn, M|
|poke|p2|Dracozolt|
|poke|p2|Mandibuzz, F|
|rule|Dynamax Clause: You cannot dynamax
|teampreview
|inactive|Battle timer is ON: inactive players will automatically lose when time's up. (requested by LL777)
|
|start
|switch|p1a: Hatterene|Hatterene, F|100/100
|switch|p2a: Indeedee|Indeedee, M|100/100
|-fieldstart|move: Psychic Terrain|[from] ability: Psychic Surge|[of] p2a: Indeedee
|turn|1
|
|move|p2a: Indeedee|Mystical Fire|p1a: Hatterene
|-damage|p1a: Hatterene|66/100
|-unboost|p1a: Hatterene|spa|1
|move|p1a: Hatterene|Trick Room|p1a: Hatterene
|-fieldstart|move: Trick Room|[of] p1a: Hatterene
|
|-heal|p1a: Hatterene|72/100|[from] item: Leftovers
|upkeep
|turn|2
|
|move|p1a: Hatterene|Mystical Fire|p2a: Indeedee
|-damage|p2a: Indeedee|75/100
|-unboost|p2a: Indeedee|spa|1
|move|p2a: Indeedee|Mystical Fire|p1a: Hatterene
|-damage|p1a: Hatterene|47/100
|-unboost|p1a: Hatterene|spa|1
|
|-heal|p1a: Hatterene|53/100|[from] item: Leftovers
|upkeep
|turn|3
|
|move|p1a: Hatterene|Mystical Fire|p2a: Indeedee
|-damage|p2a: Indeedee|54/100
|-unboost|p2a: Indeedee|spa|1
|move|p2a: Indeedee|Mystical Fire|p1a: Hatterene
|-damage|p1a: Hatterene|36/100
|-unboost|p1a: Hatterene|spa|1
|
|-heal|p1a: Hatterene|42/100|[from] item: Leftovers
|upkeep
|turn|4
|
|move|p1a: Hatterene|Mystical Fire|p2a: Indeedee
|-damage|p2a: Indeedee|37/100
|-unboost|p2a: Indeedee|spa|1
|move|p2a: Indeedee|Mystical Fire|p1a: Hatterene
|-damage|p1a: Hatterene|28/100
|-unboost|p1a: Hatterene|spa|1
|
|-heal|p1a: Hatterene|34/100|[from] item: Leftovers
|upkeep
|turn|5
|
|switch|p2a: Cinderace|Cinderace, M|100/100
|move|p1a: Hatterene|Mystical Fire|p2a: Cinderace
|-resisted|p2a: Cinderace
|-damage|p2a: Cinderace|93/100
|-unboost|p2a: Cinderace|spa|1
|
|-heal|p1a: Hatterene|39/100|[from] item: Leftovers
|-fieldend|move: Psychic Terrain
|-fieldend|move: Trick Room
|upkeep
|turn|6
|
|switch|p1a: Seismitoad|Seismitoad, M|100/100
|move|p2a: Cinderace|U-turn|p1a: Seismitoad
|-damage|p1a: Seismitoad|75/100
|
|switch|p2a: Indeedee|Indeedee, M|37/100|[from]move: U-turn
|-fieldstart|move: Psychic Terrain|[from] ability: Psychic Surge|[of] p2a: Indeedee
|
|-heal|p1a: Seismitoad|81/100|[from] item: Leftovers
|upkeep
|turn|7
|
|move|p2a: Indeedee|Psychic|p1a: Seismitoad
|-damage|p1a: Seismitoad|4/100
|move|p1a: Seismitoad|Toxic|p2a: Indeedee
|-status|p2a: Indeedee|tox
|
|-heal|p1a: Seismitoad|10/100|[from] item: Leftovers
|-damage|p2a: Indeedee|30/100 tox|[from] psn
|upkeep
|turn|8
|
|switch|p2a: Cinderace|Cinderace, M|93/100
|switch|p1a: Bisharp|Bisharp, M|100/100
|
|upkeep
|turn|9
|
|switch|p1a: Rotom|Rotom-Wash|100/100
|move|p2a: Cinderace|Pyro Ball|p1a: Rotom
|-resisted|p1a: Rotom
|-damage|p1a: Rotom|45/100
|
|-heal|p1a: Rotom|52/100|[from] item: Leftovers
|upkeep
|turn|10
|
|move|p2a: Cinderace|Pyro Ball|p1a: Rotom
|-resisted|p1a: Rotom
|-damage|p1a: Rotom|0 fnt
|faint|p1a: Rotom
|
|-fieldend|move: Psychic Terrain
|upkeep
|
|switch|p1a: Mr Fish|Dracovish|100/100
|turn|11
|
|switch|p2a: Ferrothorn|Ferrothorn, M|100/100
|move|p1a: Mr Fish|Fishious Rend|p2a: Ferrothorn
|-resisted|p2a: Ferrothorn
|-damage|p2a: Ferrothorn|68/100
|-damage|p1a: Mr Fish|88/100|[from] ability: Iron Barbs|[of] p2a: Ferrothorn
|
|-heal|p2a: Ferrothorn|74/100|[from] item: Leftovers
|upkeep
|turn|12
|
|switch|p1a: Cinderace|Cinderace, F|100/100
|move|p2a: Ferrothorn|Gyro Ball|p1a: Cinderace
|-resisted|p1a: Cinderace
|-crit|p1a: Cinderace
|-damage|p1a: Cinderace|49/100
|
|-heal|p2a: Ferrothorn|80/100|[from] item: Leftovers
|upkeep
|turn|13
|
|move|p2a: Ferrothorn|Protect|p2a: Ferrothorn
|-singleturn|p2a: Ferrothorn|Protect
|move|p1a: Cinderace|Pyro Ball|p2a: Ferrothorn
|-activate|p2a: Ferrothorn|move: Protect
|
|-heal|p2a: Ferrothorn|86/100|[from] item: Leftovers
|upkeep
|turn|14
|
|switch|p2a: Mandibuzz|Mandibuzz, F|100/100
|move|p1a: Cinderace|Pyro Ball|p2a: Mandibuzz
|-damage|p2a: Mandibuzz|66/100
|
|upkeep
|turn|15
|
|move|p1a: Cinderace|U-turn|p2a: Mandibuzz
|-damage|p2a: Mandibuzz|52/100
|
|switch|p1a: Bisharp|Bisharp, M|100/100|[from]move: U-turn
|move|p2a: Mandibuzz|U-turn|p1a: Bisharp
|-damage|p1a: Bisharp|85/100
|
|switch|p2a: Cinderace|Cinderace, M|93/100|[from]move: U-turn
|
|upkeep
|turn|16
|
|move|p1a: Bisharp|Sucker Punch|p2a: Cinderace
|-damage|p2a: Cinderace|46/100
|move|p2a: Cinderace|High Jump Kick|p1a: Bisharp
|-supereffective|p1a: Bisharp
|-damage|p1a: Bisharp|0 fnt
|faint|p1a: Bisharp
|
|upkeep
|
|switch|p1a: Mr Fish|Dracovish|88/100
|turn|17
|
|switch|p1a: Cinderace|Cinderace, F|49/100
|switch|p2a: Ferrothorn|Ferrothorn, M|86/100
|
|-heal|p2a: Ferrothorn|92/100|[from] item: Leftovers
|upkeep
|turn|18
|
|move|p2a: Ferrothorn|Protect|p2a: Ferrothorn
|-singleturn|p2a: Ferrothorn|Protect
|move|p1a: Cinderace|Pyro Ball|p2a: Ferrothorn
|-activate|p2a: Ferrothorn|move: Protect
|
|-heal|p2a: Ferrothorn|98/100|[from] item: Leftovers
|upkeep
|turn|19
|
|switch|p2a: Dracozolt|Dracozolt|100/100
|move|p1a: Cinderace|Pyro Ball|p2a: Dracozolt
|-resisted|p2a: Dracozolt
|-damage|p2a: Dracozolt|68/100
|
|upkeep
|turn|20
|
|move|p2a: Dracozolt|Earthquake|p1a: Cinderace
|-supereffective|p1a: Cinderace
|-damage|p1a: Cinderace|0 fnt
|faint|p1a: Cinderace
|
|upkeep
|-message|LL777 forfeited.
|
|win|jkbnhjhkh
|l|☆LL777
