|ScrapeTime|2020-01-02-03:06:42
|j|☆assassingamer
|j|☆Dean Ashton
|player|p1|assassingamer|shadowtriad|1152
|player|p2|Dean Ashton|102|1132
|teamsize|p1|6
|teamsize|p2|6
|gametype|singles
|gen|8
|tier|[Gen 8] OU
|rated|
|rule|Sleep Clause Mod: Limit one foe put to sleep
|rule|Species Clause: Limit one of each Pokémon
|rule|OHKO Clause: OHKO moves are banned
|rule|Evasion Moves Clause: Evasion moves are banned
|rule|Endless Battle Clause: Forcing endless battles is banned
|rule|HP Percentage Mod: HP is shown in percentages
|clearpoke
|poke|p1|Dracovish|
|poke|p1|Aegislash, F|
|poke|p1|Rotom-Heat|
|poke|p1|Centiskorch, F|
|poke|p1|Excadrill, F|
|poke|p1|Mandibuzz, F|
|poke|p2|Pelipper, M|
|poke|p2|Dracovish|
|poke|p2|Ferrothorn, F|
|poke|p2|Corviknight, F|
|poke|p2|Dragapult, M|
|poke|p2|Rotom-Wash|
|rule|Dynamax Clause: You cannot dynamax
|teampreview
|inactive|Battle timer is ON: inactive players will automatically lose when time's up. (requested by assassingamer)
|
|start
|switch|p1a: Excadrill|Excadrill, F|100/100
|switch|p2a: Pelipper|Pelipper, M|100/100
|-ability|p1a: Excadrill|Mold Breaker
|-weather|RainDance|[from] ability: Drizzle|[of] p2a: Pelipper
|turn|1
|
|move|p1a: Excadrill|Stealth Rock|p2a: Pelipper
|-sidestart|p2: Dean Ashton|move: Stealth Rock
|move|p2a: Pelipper|Scald|p1a: Excadrill
|-supereffective|p1a: Excadrill
|-crit|p1a: Excadrill
|-enditem|p1a: Excadrill|Focus Sash
|-damage|p1a: Excadrill|1/100
|-status|p1a: Excadrill|brn
|
|-weather|RainDance|[upkeep]
|-damage|p1a: Excadrill|0 fnt|[from] brn
|faint|p1a: Excadrill
|upkeep
|
|switch|p1a: Rotom|Rotom-Heat|100/100
|turn|2
|
|switch|p2a: Ferrothorn|Ferrothorn, F|100/100
|-damage|p2a: Ferrothorn|95/100|[from] Stealth Rock
|move|p1a: Rotom|Volt Switch|p2a: Ferrothorn
|-resisted|p2a: Ferrothorn
|-damage|p2a: Ferrothorn|81/100
|
|switch|p1a: Centiskorch|Centiskorch, F|100/100|[from]move: Volt Switch
|
|-weather|RainDance|[upkeep]
|-heal|p2a: Ferrothorn|87/100|[from] item: Leftovers
|upkeep
|turn|3
|
|move|p1a: Centiskorch|Fire Lash|p2a: Ferrothorn
|-supereffective|p2a: Ferrothorn
|-damage|p2a: Ferrothorn|24/100
|-damage|p1a: Centiskorch|88/100|[from] ability: Iron Barbs|[of] p2a: Ferrothorn
|-unboost|p2a: Ferrothorn|def|1
|move|p2a: Ferrothorn|Stealth Rock|p1a: Centiskorch
|-sidestart|p1: assassingamer|move: Stealth Rock
|
|-weather|RainDance|[upkeep]
|-heal|p2a: Ferrothorn|30/100|[from] item: Leftovers
|upkeep
|turn|4
|
|switch|p2a: Rotom|Rotom-Wash|100/100
|-damage|p2a: Rotom|88/100|[from] Stealth Rock
|move|p1a: Centiskorch|Fire Lash|p2a: Rotom
|-resisted|p2a: Rotom
|-damage|p2a: Rotom|70/100
|-unboost|p2a: Rotom|def|1
|
|-weather|RainDance|[upkeep]
|-heal|p2a: Rotom|76/100|[from] item: Leftovers
|upkeep
|turn|5
|
|switch|p1a: Dracovish|Dracovish|100/100
|-damage|p1a: Dracovish|88/100|[from] Stealth Rock
|move|p2a: Rotom|Thunder|p1a: Dracovish
|-damage|p1a: Dracovish|54/100
|
|-weather|RainDance|[upkeep]
|-heal|p2a: Rotom|82/100|[from] item: Leftovers
|upkeep
|turn|6
|
|switch|p2a: Ferrothorn|Ferrothorn, F|30/100
|-damage|p2a: Ferrothorn|24/100|[from] Stealth Rock
|move|p1a: Dracovish|Dragon Rush|p2a: Ferrothorn
|-resisted|p2a: Ferrothorn
|-damage|p2a: Ferrothorn|12/100
|-damage|p1a: Dracovish|42/100|[from] ability: Iron Barbs|[of] p2a: Ferrothorn
|
|-weather|RainDance|[upkeep]
|-heal|p2a: Ferrothorn|18/100|[from] item: Leftovers
|upkeep
|turn|7
|
|move|p1a: Dracovish|Earthquake|p2a: Ferrothorn
|-damage|p2a: Ferrothorn|0 fnt
|faint|p2a: Ferrothorn
|
|-weather|RainDance|[upkeep]
|upkeep
|
|switch|p2a: Rotom|Rotom-Wash|82/100
|-damage|p2a: Rotom|70/100|[from] Stealth Rock
|turn|8
|
|switch|p1a: Centiskorch|Centiskorch, F|88/100
|-damage|p1a: Centiskorch|38/100|[from] Stealth Rock
|move|p2a: Rotom|Volt Switch|p1a: Centiskorch
|-damage|p1a: Centiskorch|7/100
|
|switch|p2a: Dragapult|Dragapult, M|100/100|[from]move: Volt Switch
|-damage|p2a: Dragapult|88/100|[from] Stealth Rock
|
|-weather|none
|upkeep
|turn|9
|
|move|p2a: Dragapult|U-turn|p1a: Centiskorch
|-resisted|p1a: Centiskorch
|-damage|p1a: Centiskorch|0 fnt
|faint|p1a: Centiskorch
|
|switch|p2a: Pelipper|Pelipper, M|100/100|[from]move: U-turn
|-damage|p2a: Pelipper|76/100|[from] Stealth Rock
|-weather|RainDance|[from] ability: Drizzle|[of] p2a: Pelipper
|
|-weather|RainDance|[upkeep]
|upkeep
|
|switch|p1a: Rotom|Rotom-Heat|100/100
|-damage|p1a: Rotom|76/100|[from] Stealth Rock
|turn|10
|
|switch|p2a: Dragapult|Dragapult, M|88/100
|-damage|p2a: Dragapult|76/100|[from] Stealth Rock
|move|p1a: Rotom|Volt Switch|p2a: Dragapult
|-resisted|p2a: Dragapult
|-damage|p2a: Dragapult|50/100
|
|switch|p1a: Mandibuzz|Mandibuzz, F|100/100|[from]move: Volt Switch
|-damage|p1a: Mandibuzz|75/100|[from] Stealth Rock
|
|-weather|RainDance|[upkeep]
|-heal|p1a: Mandibuzz|82/100|[from] item: Leftovers
|upkeep
|turn|11
|
|move|p2a: Dragapult|Thunder|p1a: Mandibuzz
|-supereffective|p1a: Mandibuzz
|-damage|p1a: Mandibuzz|0 fnt
|faint|p1a: Mandibuzz
|
|-weather|RainDance|[upkeep]
|upkeep
|-message|assassingamer forfeited.
|
|win|Dean Ashton
|l|☆assassingamer
|raw|assassingamer's rating: 1152 → 1126(-26 for losing)
|raw|Dean Ashton's rating: 1132 → 1158(+26 for winning)
