|ScrapeTime|2020-01-01-14:06:10
|j|☆xxnikoxx
|j|☆Ace Trainer 2020
|player|p1|xxnikoxx|101|1236
|player|p2|Ace Trainer 2020|aetherfoundation|1288
|teamsize|p1|6
|teamsize|p2|6
|gametype|singles
|gen|8
|tier|[Gen 8] OU
|rated|
|rule|Sleep Clause Mod: Limit one foe put to sleep
|rule|Species Clause: Limit one of each Pokémon
|rule|OHKO Clause: OHKO moves are banned
|rule|Evasion Moves Clause: Evasion moves are banned
|rule|Endless Battle Clause: Forcing endless battles is banned
|rule|HP Percentage Mod: HP is shown in percentages
|clearpoke
|poke|p1|Toxtricity, M|
|poke|p1|Dracovish|
|poke|p1|Dragapult, M|
|poke|p1|Corsola-Galar, M|
|poke|p1|Grimmsnarl, M|
|poke|p1|Mimikyu, M|
|poke|p2|Mew|
|poke|p2|Mandibuzz, F|
|poke|p2|Haxorus, M|
|poke|p2|Cursola, F|
|poke|p2|Torkoal, F|
|poke|p2|Hydreigon, F|
|rule|Dynamax Clause: You cannot dynamax
|teampreview
|
|start
|switch|p1a: Corsola|Corsola-Galar, M, shiny|100/100
|switch|p2a: Cursola|Cursola, F|100/100
|turn|1
|inactive|Battle timer is ON: inactive players will automatically lose when time's up. (requested by xxnikoxx)
|
|move|p2a: Cursola|Shadow Ball|p1a: Corsola
|-supereffective|p1a: Corsola
|-damage|p1a: Corsola|50/100
|move|p1a: Corsola|Stealth Rock|p2a: Cursola
|-sidestart|p2: Ace Trainer 2020|move: Stealth Rock
|
|upkeep
|turn|2
|
|move|p1a: Corsola|Strength Sap|p2a: Cursola
|-unboost|p2a: Cursola|atk|1
|-heal|p1a: Corsola|100/100
|move|p2a: Cursola|Shadow Ball|p1a: Corsola
|-supereffective|p1a: Corsola
|-damage|p1a: Corsola|47/100
|-start|p2a: Cursola|Disable|Shadow Ball|[from] ability: Cursed Body|[of] p1a: Corsola
|
|upkeep
|turn|3
|
|switch|p2a: Torkoal|Torkoal, F|100/100
|-weather|SunnyDay|[from] ability: Drought|[of] p2a: Torkoal
|move|p1a: Corsola|Strength Sap|p2a: Torkoal
|-unboost|p2a: Torkoal|atk|1
|-heal|p1a: Corsola|100/100
|
|-weather|SunnyDay|[upkeep]
|upkeep
|turn|4
|
|move|p1a: Corsola|Night Shade|p2a: Torkoal
|-damage|p2a: Torkoal|71/100
|move|p2a: Torkoal|Stealth Rock|p1a: Corsola
|-sidestart|p1: xxnikoxx|move: Stealth Rock
|
|-weather|SunnyDay|[upkeep]
|upkeep
|turn|5
|
|move|p1a: Corsola|Night Shade|p2a: Torkoal
|-damage|p2a: Torkoal|42/100
|move|p2a: Torkoal|Lava Plume|p1a: Corsola
|-damage|p1a: Corsola|80/100
|-status|p1a: Corsola|brn
|
|-weather|SunnyDay|[upkeep]
|-damage|p1a: Corsola|74/100 brn|[from] brn
|upkeep
|turn|6
|
|switch|p2a: Mandibuzz|Mandibuzz, F|100/100
|move|p1a: Corsola|Night Shade|p2a: Mandibuzz
|-damage|p2a: Mandibuzz|77/100
|
|-weather|SunnyDay|[upkeep]
|-damage|p1a: Corsola|68/100 brn|[from] brn
|upkeep
|turn|7
|
|move|p2a: Mandibuzz|U-turn|p1a: Corsola
|-resisted|p1a: Corsola
|-damage|p1a: Corsola|64/100 brn
|-start|p2a: Mandibuzz|Disable|U-turn|[from] ability: Cursed Body|[of] p1a: Corsola
|
|switch|p2a: Cursola|Cursola, F|100/100|[from]move: U-turn
|-damage|p2a: Cursola|88/100|[from] Stealth Rock
|move|p1a: Corsola|Strength Sap|p2a: Cursola
|-unboost|p2a: Cursola|atk|1
|-heal|p1a: Corsola|100/100 brn
|
|-weather|none
|-damage|p1a: Corsola|94/100 brn|[from] brn
|upkeep
|turn|8
|
|move|p1a: Corsola|Night Shade|p2a: Cursola
|-damage|p2a: Cursola|57/100
|move|p2a: Cursola|Shadow Ball|p1a: Corsola
|-supereffective|p1a: Corsola
|-damage|p1a: Corsola|41/100 brn
|
|-damage|p1a: Corsola|34/100 brn|[from] brn
|upkeep
|turn|9
|
|move|p1a: Corsola|Strength Sap|p2a: Cursola
|-unboost|p2a: Cursola|atk|1
|-heal|p1a: Corsola|70/100 brn
|move|p2a: Cursola|Shadow Ball|p1a: Corsola
|-supereffective|p1a: Corsola
|-damage|p1a: Corsola|16/100 brn
|
|-damage|p1a: Corsola|10/100 brn|[from] brn
|upkeep
|turn|10
|
|move|p2a: Cursola|Shadow Ball|p1a: Corsola
|-supereffective|p1a: Corsola
|-damage|p1a: Corsola|0 fnt
|-start|p2a: Cursola|Disable|Shadow Ball|[from] ability: Cursed Body|[of] p1a: Corsola
|faint|p1a: Corsola
|
|upkeep
|
|switch|p1a: Grimmsnarl|Grimmsnarl, M, shiny|100/100
|-damage|p1a: Grimmsnarl|88/100|[from] Stealth Rock
|turn|11
|
|switch|p2a: Torkoal|Torkoal, F|42/100
|-weather|SunnyDay|[from] ability: Drought|[of] p2a: Torkoal
|move|p1a: Grimmsnarl|Light Screen|p1a: Grimmsnarl
|-sidestart|p1: xxnikoxx|move: Light Screen
|
|-weather|SunnyDay|[upkeep]
|upkeep
|turn|12
|
|move|p1a: Grimmsnarl|Reflect|p1a: Grimmsnarl
|-sidestart|p1: xxnikoxx|Reflect
|move|p2a: Torkoal|Rapid Spin|p1a: Grimmsnarl
|-damage|p1a: Grimmsnarl|82/100
|-sideend|p2: Ace Trainer 2020|Stealth Rock|[from] move: Rapid Spin|[of] p2a: Torkoal
|-boost|p2a: Torkoal|spe|1
|
|-weather|SunnyDay|[upkeep]
|upkeep
|turn|13
|
|move|p1a: Grimmsnarl|Reflect||[still]
|-fail|p1a: Grimmsnarl
|move|p2a: Torkoal|Lava Plume|p1a: Grimmsnarl
|-damage|p1a: Grimmsnarl|66/100
|
|-weather|SunnyDay|[upkeep]
|upkeep
|turn|14
|
|move|p1a: Grimmsnarl|Foul Play|p2a: Torkoal
|-damage|p2a: Torkoal|29/100
|move|p2a: Torkoal|Lava Plume|p1a: Grimmsnarl
|-damage|p1a: Grimmsnarl|53/100
|
|-weather|SunnyDay|[upkeep]
|upkeep
|turn|15
|
|switch|p2a: Mandibuzz|Mandibuzz, F|77/100
|move|p1a: Grimmsnarl|Thunder Wave|p2a: Mandibuzz
|-hint|Since gen 7, Dark is immune to Prankster moves.
|-immune|p2a: Mandibuzz
|
|-weather|none
|upkeep
|turn|16
|
|move|p2a: Mandibuzz|Roost|p2a: Mandibuzz
|-heal|p2a: Mandibuzz|100/100
|-singleturn|p2a: Mandibuzz|move: Roost
|move|p1a: Grimmsnarl|Foul Play|p2a: Mandibuzz
|-resisted|p2a: Mandibuzz
|-damage|p2a: Mandibuzz|94/100
|
|upkeep
|turn|17
|
|switch|p1a: Mimikyu|Mimikyu, M, shiny|100/100
|-damage|p1a: Mimikyu|88/100|[from] Stealth Rock
|move|p2a: Mandibuzz|U-turn|p1a: Mimikyu
|-activate|p1a: Mimikyu|ability: Disguise
|-damage|p1a: Mimikyu|88/100
|detailschange|p1a: Mimikyu|Mimikyu-Busted, M, shiny
|-damage|p1a: Mimikyu|76/100|[from] ability: Disguise|[of] p1a: Mimikyu
|
|switch|p2a: Torkoal|Torkoal, F|29/100|[from]move: U-turn
|-weather|SunnyDay|[from] ability: Drought|[of] p2a: Torkoal
|
|-weather|SunnyDay|[upkeep]
|upkeep
|turn|18
|
|move|p1a: Mimikyu|Swords Dance|p1a: Mimikyu
|-boost|p1a: Mimikyu|atk|2
|move|p2a: Torkoal|Lava Plume|p1a: Mimikyu
|-damage|p1a: Mimikyu|51/100
|
|-weather|SunnyDay|[upkeep]
|-sideend|p1: xxnikoxx|move: Light Screen
|upkeep
|turn|19
|
|move|p1a: Mimikyu|Play Rough|p2a: Torkoal
|-resisted|p2a: Torkoal
|-damage|p2a: Torkoal|0 fnt
|-damage|p1a: Mimikyu|41/100|[from] item: Life Orb
|faint|p2a: Torkoal
|
|-weather|SunnyDay|[upkeep]
|-sideend|p1: xxnikoxx|Reflect
|upkeep
|
|switch|p2a: Hydreigon|Hydreigon, F|100/100
|turn|20
|
|move|p2a: Hydreigon|Flash Cannon|p1a: Mimikyu
|-supereffective|p1a: Mimikyu
|-damage|p1a: Mimikyu|0 fnt
|faint|p1a: Mimikyu
|
|-weather|SunnyDay|[upkeep]
|upkeep
|
|switch|p1a: Grimmsnarl|Grimmsnarl, M, shiny|53/100
|-damage|p1a: Grimmsnarl|40/100|[from] Stealth Rock
|turn|21
|
|move|p1a: Grimmsnarl|Light Screen|p1a: Grimmsnarl
|-sidestart|p1: xxnikoxx|move: Light Screen
|move|p2a: Hydreigon|Nasty Plot|p2a: Hydreigon
|-boost|p2a: Hydreigon|spa|2
|
|-weather|none
|upkeep
|turn|22
|
|move|p1a: Grimmsnarl|Reflect|p1a: Grimmsnarl
|-sidestart|p1: xxnikoxx|Reflect
|move|p2a: Hydreigon|Nasty Plot|p2a: Hydreigon
|-boost|p2a: Hydreigon|spa|2
|
|upkeep
|turn|23
|
|move|p2a: Hydreigon|Nasty Plot|p2a: Hydreigon
|-boost|p2a: Hydreigon|spa|2
|move|p1a: Grimmsnarl|Foul Play|p2a: Hydreigon
|-resisted|p2a: Hydreigon
|-damage|p2a: Hydreigon|85/100
|
|-heal|p2a: Hydreigon|91/100|[from] item: Leftovers
|upkeep
|turn|24
|
|move|p1a: Grimmsnarl|Thunder Wave|p2a: Hydreigon
|-hint|Since gen 7, Dark is immune to Prankster moves.
|-immune|p2a: Hydreigon
|move|p2a: Hydreigon|Nasty Plot|p2a: Hydreigon
|-boost|p2a: Hydreigon|spa|0
|
|-heal|p2a: Hydreigon|97/100|[from] item: Leftovers
|upkeep
|turn|25
|
|move|p2a: Hydreigon|Dark Pulse|p1a: Grimmsnarl
|-resisted|p1a: Grimmsnarl
|-damage|p1a: Grimmsnarl|26/100
|move|p1a: Grimmsnarl|Foul Play|p2a: Hydreigon
|-resisted|p2a: Hydreigon
|-damage|p2a: Hydreigon|83/100
|
|-heal|p2a: Hydreigon|89/100|[from] item: Leftovers
|upkeep
|turn|26
|
|move|p2a: Hydreigon|Dark Pulse|p1a: Grimmsnarl
|-resisted|p1a: Grimmsnarl
|-damage|p1a: Grimmsnarl|12/100
|cant|p1a: Grimmsnarl|flinch
|
|-heal|p2a: Hydreigon|95/100|[from] item: Leftovers
|upkeep
|turn|27
|
|move|p2a: Hydreigon|Dark Pulse|p1a: Grimmsnarl
|-resisted|p1a: Grimmsnarl
|-damage|p1a: Grimmsnarl|0 fnt
|faint|p1a: Grimmsnarl
|
|-heal|p2a: Hydreigon|100/100|[from] item: Leftovers
|upkeep
|
|switch|p1a: Dragapult|Dragapult, M, shiny|100/100
|-damage|p1a: Dragapult|88/100|[from] Stealth Rock
|turn|28
|
|switch|p2a: Mandibuzz|Mandibuzz, F|94/100
|move|p1a: Dragapult|Draco Meteor|p2a: Mandibuzz
|-damage|p2a: Mandibuzz|47/100
|-unboost|p1a: Dragapult|spa|2
|
|-heal|p1a: Dragapult|94/100|[from] item: Leftovers
|-sideend|p1: xxnikoxx|move: Light Screen
|upkeep
|turn|29
|
|move|p1a: Dragapult|Thunderbolt|p2a: Mandibuzz
|-supereffective|p2a: Mandibuzz
|-damage|p2a: Mandibuzz|24/100
|move|p2a: Mandibuzz|Roost|p2a: Mandibuzz
|-heal|p2a: Mandibuzz|74/100
|-singleturn|p2a: Mandibuzz|move: Roost
|
|-heal|p1a: Dragapult|99/100|[from] item: Leftovers
|-sideend|p1: xxnikoxx|Reflect
|upkeep
|turn|30
|
|switch|p1a: Toxtricity|Toxtricity, M, shiny|100/100
|-damage|p1a: Toxtricity|88/100|[from] Stealth Rock
|move|p2a: Mandibuzz|Roost|p2a: Mandibuzz
|-heal|p2a: Mandibuzz|100/100
|-singleturn|p2a: Mandibuzz|move: Roost
|
|upkeep
|turn|31
|
|switch|p2a: Cursola|Cursola, F|57/100
|move|p1a: Toxtricity|Overdrive|p2a: Cursola
|-damage|p2a: Cursola|17/100
|-damage|p1a: Toxtricity|78/100|[from] item: Life Orb
|
|upkeep
|turn|32
|
|move|p1a: Toxtricity|Overdrive|p2a: Cursola
|-damage|p2a: Cursola|0 fnt
|-damage|p1a: Toxtricity|68/100|[from] item: Life Orb
|faint|p2a: Cursola
|
|upkeep
|
|switch|p2a: Haxorus|Haxorus, M|100/100
|-ability|p2a: Haxorus|Mold Breaker
|turn|33
|
|move|p2a: Haxorus|Outrage|p1a: Toxtricity
|-crit|p1a: Toxtricity
|-damage|p1a: Toxtricity|0 fnt
|faint|p1a: Toxtricity
|
|upkeep
|
|switch|p1a: Dragapult|Dragapult, M, shiny|99/100
|-damage|p1a: Dragapult|88/100|[from] Stealth Rock
|turn|34
|
|move|p2a: Haxorus|Outrage|p1a: Dragapult|[from]lockedmove
|-supereffective|p1a: Dragapult
|-damage|p1a: Dragapult|0 fnt
|faint|p1a: Dragapult
|
|upkeep
|
|switch|p1a: Dracovish|Dracovish, shiny|100/100
|-damage|p1a: Dracovish|88/100|[from] Stealth Rock
|turn|35
|
|move|p2a: Haxorus|Outrage|p1a: Dracovish|[from]lockedmove
|-supereffective|p1a: Dracovish
|-damage|p1a: Dracovish|0 fnt
|-start|p2a: Haxorus|confusion|[fatigue]
|faint|p1a: Dracovish
|
|win|Ace Trainer 2020
|raw|xxnikoxx's rating: 1236 → 1215(-21 for losing)
|raw|Ace Trainer 2020's rating: 1288 → 1309(+21 for winning)
|l|☆xxnikoxx
