|ScrapeTime|2020-01-02-05:28:52
|j|☆Aimboytrain
|j|☆deray olive
|player|p1|Aimboytrain|206|1169
|player|p2|deray olive|1|1092
|teamsize|p1|6
|teamsize|p2|6
|gametype|singles
|gen|8
|tier|[Gen 8] OU
|rated|
|rule|Sleep Clause Mod: Limit one foe put to sleep
|rule|Species Clause: Limit one of each Pokémon
|rule|OHKO Clause: OHKO moves are banned
|rule|Evasion Moves Clause: Evasion moves are banned
|rule|Endless Battle Clause: Forcing endless battles is banned
|rule|HP Percentage Mod: HP is shown in percentages
|clearpoke
|poke|p1|Dubwool, M|
|poke|p1|Grimmsnarl, M|
|poke|p1|Orbeetle, M|
|poke|p1|Sandaconda, F|
|poke|p1|Dragapult, F|
|poke|p1|Appletun, M|
|poke|p2|Cinderace, M|
|poke|p2|Corviknight, F|
|poke|p2|Appletun, F|
|poke|p2|Grimmsnarl, M|
|poke|p2|Grapploct, M|
|poke|p2|Mr. Rime, M|
|rule|Dynamax Clause: You cannot dynamax
|teampreview
|c|☆Aimboytrain|Appletun mad respect
|
|start
|switch|p1a: Sandaconda|Sandaconda, F|100/100
|switch|p2a: Grimmsnarl|Grimmsnarl, M|100/100
|turn|1
|c|☆deray olive|thx i wish it had hp fire
|
|move|p2a: Grimmsnarl|Reflect|p2a: Grimmsnarl
|-sidestart|p2: deray olive|Reflect
|move|p1a: Sandaconda|Coil|p1a: Sandaconda
|-boost|p1a: Sandaconda|atk|1
|-boost|p1a: Sandaconda|def|1
|-boost|p1a: Sandaconda|accuracy|1
|
|upkeep
|turn|2
|
|move|p2a: Grimmsnarl|Light Screen|p2a: Grimmsnarl
|-sidestart|p2: deray olive|move: Light Screen
|move|p1a: Sandaconda|Coil|p1a: Sandaconda
|-boost|p1a: Sandaconda|atk|1
|-boost|p1a: Sandaconda|def|1
|-boost|p1a: Sandaconda|accuracy|1
|
|upkeep
|turn|3
|c|☆Aimboytrain|Support grimmsnarl even better
|
|switch|p2a: Grapploct|Grapploct, M|100/100
|move|p1a: Sandaconda|Coil|p1a: Sandaconda
|-boost|p1a: Sandaconda|atk|1
|-boost|p1a: Sandaconda|def|1
|-boost|p1a: Sandaconda|accuracy|1
|
|upkeep
|turn|4
|
|move|p1a: Sandaconda|Drill Run|p2a: Grapploct
|-damage|p2a: Grapploct|29/100
|-damage|p1a: Sandaconda|91/100|[from] item: Life Orb
|move|p2a: Grapploct|Circle Throw|p1a: Sandaconda
|-damage|p1a: Sandaconda|75/100
|drag|p1a: Grimmsnarl|Grimmsnarl, M|100/100
|
|-status|p1a: Grimmsnarl|tox|[from] item: Toxic Orb
|upkeep
|turn|5
|
|switch|p2a: Corviknight|Corviknight, F|100/100
|move|p1a: Grimmsnarl|Trick|p2a: Corviknight
|-activate|p1a: Grimmsnarl|move: Trick|[of] p2a: Corviknight
|-item|p2a: Corviknight|Toxic Orb|[from] move: Trick
|-item|p1a: Grimmsnarl|Rocky Helmet|[from] move: Trick
|
|-damage|p1a: Grimmsnarl|94/100 tox|[from] psn
|upkeep
|turn|6
|
|move|p1a: Grimmsnarl|Reflect|p1a: Grimmsnarl
|-sidestart|p1: Aimboytrain|Reflect
|move|p2a: Corviknight|Iron Head|p1a: Grimmsnarl
|-supereffective|p1a: Grimmsnarl
|-damage|p1a: Grimmsnarl|49/100 tox
|-damage|p2a: Corviknight|84/100|[from] item: Rocky Helmet|[of] p1a: Grimmsnarl
|
|-damage|p1a: Grimmsnarl|37/100 tox|[from] psn
|upkeep
|turn|7
|
|move|p1a: Grimmsnarl|Light Screen|p1a: Grimmsnarl
|-sidestart|p1: Aimboytrain|move: Light Screen
|move|p2a: Corviknight|Iron Head|p1a: Grimmsnarl
|-supereffective|p1a: Grimmsnarl
|-damage|p1a: Grimmsnarl|0 fnt
|-damage|p2a: Corviknight|67/100|[from] item: Rocky Helmet|[of] p1a: Grimmsnarl
|faint|p1a: Grimmsnarl
|
|upkeep
|
|switch|p1a: Sandaconda|Sandaconda, F|75/100
|turn|8
|
|switch|p2a: Appletun|Appletun, F|100/100
|move|p1a: Sandaconda|Coil|p1a: Sandaconda
|-boost|p1a: Sandaconda|atk|1
|-boost|p1a: Sandaconda|def|1
|-boost|p1a: Sandaconda|accuracy|1
|
|-sideend|p2: deray olive|Reflect
|upkeep
|turn|9
|
|move|p1a: Sandaconda|Drill Run|p2a: Appletun
|-resisted|p2a: Appletun
|-damage|p2a: Appletun|73/100
|-damage|p1a: Sandaconda|65/100|[from] item: Life Orb
|move|p2a: Appletun|Apple Acid|p1a: Sandaconda
|-supereffective|p1a: Sandaconda
|-damage|p1a: Sandaconda|28/100
|-unboost|p1a: Sandaconda|spd|1
|
|-heal|p2a: Appletun|79/100|[from] item: Leftovers
|-sideend|p2: deray olive|move: Light Screen
|upkeep
|turn|10
|
|move|p1a: Sandaconda|Drill Run|p2a: Appletun
|-resisted|p2a: Appletun
|-damage|p2a: Appletun|50/100
|-damage|p1a: Sandaconda|19/100|[from] item: Life Orb
|move|p2a: Appletun|Apple Acid|p1a: Sandaconda
|-supereffective|p1a: Sandaconda
|-damage|p1a: Sandaconda|0 fnt
|faint|p1a: Sandaconda
|
|-heal|p2a: Appletun|56/100|[from] item: Leftovers
|-sideend|p1: Aimboytrain|Reflect
|upkeep
|
|switch|p1a: Orbeetle|Orbeetle, M|100/100
|-item|p2a: Appletun|Leftovers|[from] ability: Frisk|[of] p1a: Orbeetle|[identify]
|turn|11
|
|switch|p2a: Cinderace|Cinderace, M|100/100
|move|p1a: Orbeetle|Future Sight|p2a: Cinderace
|-start|p1a: Orbeetle|move: Future Sight
|
|-sideend|p1: Aimboytrain|move: Light Screen
|upkeep
|turn|12
|
|move|p2a: Cinderace|Pyro Ball|p1a: Orbeetle
|-supereffective|p1a: Orbeetle
|-damage|p1a: Orbeetle|0 fnt
|-damage|p2a: Cinderace|91/100|[from] item: Life Orb
|faint|p1a: Orbeetle
|
|upkeep
|
|switch|p1a: Dragapult|Dragapult, F|100/100
|turn|13
|
|switch|p2a: Grimmsnarl|Grimmsnarl, M|100/100
|move|p1a: Dragapult|Shadow Ball|p2a: Grimmsnarl
|-resisted|p2a: Grimmsnarl
|-damage|p2a: Grimmsnarl|81/100
|
|-end|p2a: Grimmsnarl|move: Future Sight
|-immune|p2a: Grimmsnarl
|upkeep
|turn|14
|
|move|p2a: Grimmsnarl|Light Screen|p2a: Grimmsnarl
|-sidestart|p2: deray olive|move: Light Screen
|move|p1a: Dragapult|Shadow Ball|p2a: Grimmsnarl
|-resisted|p2a: Grimmsnarl
|-damage|p2a: Grimmsnarl|72/100
|-unboost|p2a: Grimmsnarl|spd|1
|
|upkeep
|turn|15
|
|move|p2a: Grimmsnarl|Reflect|p2a: Grimmsnarl
|-sidestart|p2: deray olive|Reflect
|move|p1a: Dragapult|Shadow Ball|p2a: Grimmsnarl
|-resisted|p2a: Grimmsnarl
|-damage|p2a: Grimmsnarl|58/100
|
|upkeep
|turn|16
|
|move|p1a: Dragapult|Shadow Ball|p2a: Grimmsnarl
|-resisted|p2a: Grimmsnarl
|-damage|p2a: Grimmsnarl|45/100
|move|p2a: Grimmsnarl|Spirit Break|p1a: Dragapult
|-supereffective|p1a: Dragapult
|-damage|p1a: Dragapult|13/100
|
|upkeep
|turn|17
|
|move|p1a: Dragapult|Shadow Ball|p2a: Grimmsnarl
|-resisted|p2a: Grimmsnarl
|-damage|p2a: Grimmsnarl|31/100
|-unboost|p2a: Grimmsnarl|spd|1
|move|p2a: Grimmsnarl|Spirit Break|p1a: Dragapult
|-supereffective|p1a: Dragapult
|-damage|p1a: Dragapult|0 fnt
|faint|p1a: Dragapult
|
|upkeep
|
|switch|p1a: Dubwool|Dubwool, M|100/100
|turn|18
|
|switch|p2a: Grapploct|Grapploct, M|29/100
|move|p1a: Dubwool|Cotton Guard|p1a: Dubwool
|-boost|p1a: Dubwool|def|3
|
|upkeep
|turn|19
|
|move|p1a: Dubwool|Body Press|p2a: Grapploct
|-damage|p2a: Grapploct|7/100
|move|p2a: Grapploct|Circle Throw|p1a: Dubwool
|-supereffective|p1a: Dubwool
|-damage|p1a: Dubwool|80/100
|drag|p1a: Appletun|Appletun, M|100/100
|
|upkeep
|turn|20
|
|switch|p2a: Mr. Rime|Mr. Rime, M|100/100
|move|p1a: Appletun|Seed Bomb|p2a: Mr. Rime
|-damage|p2a: Mr. Rime|83/100
|
|upkeep
|turn|21
|
|move|p2a: Mr. Rime|Nasty Plot|p2a: Mr. Rime
|-boost|p2a: Mr. Rime|spa|2
|move|p1a: Appletun|Leech Seed|p2a: Mr. Rime
|-start|p2a: Mr. Rime|move: Leech Seed
|
|-damage|p2a: Mr. Rime|71/100|[from] Leech Seed|[of] p1a: Appletun
|-sideend|p2: deray olive|move: Light Screen
|upkeep
|turn|22
|
|move|p2a: Mr. Rime|Freeze-Dry|p1a: Appletun
|-supereffective|p1a: Appletun
|-damage|p1a: Appletun|0 fnt
|faint|p1a: Appletun
|
|-sideend|p2: deray olive|Reflect
|upkeep
|
|switch|p1a: Dubwool|Dubwool, M|80/100
|turn|23
|
|move|p2a: Mr. Rime|Focus Blast|p1a: Dubwool|[miss]
|-miss|p2a: Mr. Rime|p1a: Dubwool
|move|p1a: Dubwool|Cotton Guard|p1a: Dubwool
|-boost|p1a: Dubwool|def|3
|
|-heal|p1a: Dubwool|86/100|[from] item: Leftovers
|-damage|p2a: Mr. Rime|59/100|[from] Leech Seed|[of] p1a: Dubwool
|-heal|p1a: Dubwool|96/100|[silent]
|upkeep
|turn|24
|
|move|p2a: Mr. Rime|Focus Blast|p1a: Dubwool
|-supereffective|p1a: Dubwool
|-damage|p1a: Dubwool|0 fnt
|faint|p1a: Dubwool
|
|win|deray olive
|raw|Aimboytrain's rating: 1169 → 1139(-30 for losing)
|raw|deray olive's rating: 1092 → 1124(+32 for winning)
|c|☆deray olive|gg
