|ScrapeTime|2020-01-02-14:25:29
|j|☆Bard
|j|☆PagaGeo
|player|p1|Bard|ethan|1175
|player|p2|PagaGeo|lucas-gen4pt|1228
|teamsize|p1|6
|teamsize|p2|6
|gametype|singles
|gen|8
|tier|[Gen 8] OU
|rated|
|rule|Sleep Clause Mod: Limit one foe put to sleep
|rule|Species Clause: Limit one of each Pokémon
|rule|OHKO Clause: OHKO moves are banned
|rule|Evasion Moves Clause: Evasion moves are banned
|rule|Endless Battle Clause: Forcing endless battles is banned
|rule|HP Percentage Mod: HP is shown in percentages
|clearpoke
|poke|p1|Stunfisk-Galar, M|
|poke|p1|Pincurchin, M|
|poke|p1|Indeedee, M|
|poke|p1|Weezing-Galar, F|
|poke|p1|Tsareena, F|
|poke|p1|Seismitoad, F|
|poke|p2|Mandibuzz, F|
|poke|p2|Toxapex, M|
|poke|p2|Toxtricity, M|
|poke|p2|Dragapult, M|
|poke|p2|Excadrill, M|
|poke|p2|Sylveon, M|
|rule|Dynamax Clause: You cannot dynamax
|teampreview
|
|start
|switch|p1a: Indeedee|Indeedee, M|100/100
|switch|p2a: Excadrill|Excadrill, M|100/100
|-fieldstart|move: Psychic Terrain|[from] ability: Psychic Surge|[of] p1a: Indeedee
|-ability|p2a: Excadrill|Mold Breaker
|turn|1
|
|move|p1a: Indeedee|Mystical Fire|p2a: Excadrill
|-supereffective|p2a: Excadrill
|-damage|p2a: Excadrill|36/100
|-unboost|p2a: Excadrill|spa|1
|move|p2a: Excadrill|Earthquake|p1a: Indeedee
|-damage|p1a: Indeedee|0 fnt
|faint|p1a: Indeedee
|
|upkeep
|
|switch|p1a: Tsareena|Tsareena, F|100/100
|turn|2
|
|switch|p2a: Mandibuzz|Mandibuzz, F|100/100
|move|p1a: Tsareena|Power Whip|p2a: Mandibuzz
|-resisted|p2a: Mandibuzz
|-damage|p2a: Mandibuzz|77/100
|
|upkeep
|turn|3
|
|move|p1a: Tsareena|Play Rough|p2a: Mandibuzz
|-supereffective|p2a: Mandibuzz
|-damage|p2a: Mandibuzz|30/100
|move|p2a: Mandibuzz|Knock Off|p1a: Tsareena
|-damage|p1a: Tsareena|69/100
|-enditem|p1a: Tsareena|Heavy-Duty Boots|[from] move: Knock Off|[of] p2a: Mandibuzz
|
|upkeep
|turn|4
|
|switch|p2a: Toxtricity|Toxtricity, M|100/100
|move|p1a: Tsareena|Play Rough|p2a: Toxtricity
|-resisted|p2a: Toxtricity
|-damage|p2a: Toxtricity|77/100
|
|upkeep
|turn|5
|
|switch|p1a: Stunfisk|Stunfisk-Galar, M|100/100
|-start|p1a: Stunfisk|typechange|Psychic|[from] ability: Mimicry
|move|p2a: Toxtricity|Boomburst|p1a: Stunfisk
|-damage|p1a: Stunfisk|45/100
|
|-heal|p1a: Stunfisk|51/100|[from] item: Leftovers
|-fieldend|move: Psychic Terrain
|upkeep
|-activate|p1a: Stunfisk|ability: Mimicry
|-end|p1a: Stunfisk|typechange|[silent]
|turn|6
|
|move|p2a: Toxtricity|Boomburst|p1a: Stunfisk
|-resisted|p1a: Stunfisk
|-damage|p1a: Stunfisk|23/100
|move|p1a: Stunfisk|Earthquake|p2a: Toxtricity
|-supereffective|p2a: Toxtricity
|-damage|p2a: Toxtricity|0 fnt
|faint|p2a: Toxtricity
|
|-heal|p1a: Stunfisk|29/100|[from] item: Leftovers
|upkeep
|
|switch|p2a: Excadrill|Excadrill, M|36/100
|-ability|p2a: Excadrill|Mold Breaker
|turn|7
|
|switch|p1a: Tsareena|Tsareena, F|69/100
|move|p2a: Excadrill|Earthquake|p1a: Tsareena
|-resisted|p1a: Tsareena
|-crit|p1a: Tsareena
|-damage|p1a: Tsareena|24/100
|
|upkeep
|turn|8
|
|switch|p2a: Dragapult|Dragapult, M|100/100
|move|p1a: Tsareena|Synthesis|p1a: Tsareena
|-heal|p1a: Tsareena|74/100
|
|upkeep
|turn|9
|
|switch|p1a: Weezing|Weezing-Galar, F|100/100
|-fieldstart|move: Misty Terrain|[from] ability: Misty Surge|[of] p1a: Weezing
|move|p2a: Dragapult|Dragon Darts|p1a: Weezing
|-immune|p1a: Weezing
|
|upkeep
|turn|10
|
|switch|p2a: Toxapex|Toxapex, M|100/100
|move|p1a: Weezing|Fire Blast|p2a: Toxapex
|-resisted|p2a: Toxapex
|-damage|p2a: Toxapex|93/100
|
|-heal|p2a: Toxapex|99/100|[from] item: Black Sludge
|upkeep
|turn|11
|
|switch|p1a: Stunfisk|Stunfisk-Galar, M|29/100
|-start|p1a: Stunfisk|typechange|Fairy|[from] ability: Mimicry
|move|p2a: Toxapex|Scald|p1a: Stunfisk
|-damage|p1a: Stunfisk|18/100
|
|-heal|p2a: Toxapex|100/100|[from] item: Black Sludge
|-heal|p1a: Stunfisk|24/100|[from] item: Leftovers
|upkeep
|turn|12
|
|move|p2a: Toxapex|Scald|p1a: Stunfisk
|-damage|p1a: Stunfisk|13/100
|move|p1a: Stunfisk|Pain Split|p2a: Toxapex
|-sethp|p2a: Toxapex|59/100|[from] move: Pain Split|[silent]
|-sethp|p1a: Stunfisk|43/100|[from] move: Pain Split
|
|-heal|p2a: Toxapex|65/100|[from] item: Black Sludge
|-heal|p1a: Stunfisk|49/100|[from] item: Leftovers
|upkeep
|turn|13
|
|move|p2a: Toxapex|Scald|p1a: Stunfisk
|-damage|p1a: Stunfisk|39/100
|move|p1a: Stunfisk|Snap Trap|p2a: Toxapex
|-damage|p2a: Toxapex|59/100
|-activate|p2a: Toxapex|move: Snap Trap|[of] p1a: Stunfisk
|
|-heal|p2a: Toxapex|65/100|[from] item: Black Sludge
|-heal|p1a: Stunfisk|45/100|[from] item: Leftovers
|-damage|p2a: Toxapex|53/100|[from] move: Snap Trap|[partiallytrapped]
|-fieldend|Misty Terrain
|upkeep
|-activate|p1a: Stunfisk|ability: Mimicry
|-end|p1a: Stunfisk|typechange|[silent]
|turn|14
|
|move|p2a: Toxapex|Recover|p2a: Toxapex
|-heal|p2a: Toxapex|100/100
|move|p1a: Stunfisk|Earthquake|p2a: Toxapex
|-supereffective|p2a: Toxapex
|-damage|p2a: Toxapex|51/100
|
|-heal|p2a: Toxapex|57/100|[from] item: Black Sludge
|-heal|p1a: Stunfisk|51/100|[from] item: Leftovers
|-damage|p2a: Toxapex|45/100|[from] move: Snap Trap|[partiallytrapped]
|upkeep
|turn|15
|
|move|p2a: Toxapex|Scald|p1a: Stunfisk
|-supereffective|p1a: Stunfisk
|-damage|p1a: Stunfisk|30/100
|-status|p1a: Stunfisk|brn
|move|p1a: Stunfisk|Earthquake|p2a: Toxapex
|-supereffective|p2a: Toxapex
|-damage|p2a: Toxapex|21/100
|
|-heal|p2a: Toxapex|27/100|[from] item: Black Sludge
|-heal|p1a: Stunfisk|36/100 brn|[from] item: Leftovers
|-damage|p1a: Stunfisk|30/100 brn|[from] brn
|-damage|p2a: Toxapex|14/100|[from] move: Snap Trap|[partiallytrapped]
|upkeep
|turn|16
|
|move|p2a: Toxapex|Recover|p2a: Toxapex
|-heal|p2a: Toxapex|65/100
|move|p1a: Stunfisk|Yawn|p2a: Toxapex
|-start|p2a: Toxapex|move: Yawn|[of] p1a: Stunfisk
|
|-heal|p2a: Toxapex|70/100|[from] item: Black Sludge
|-heal|p1a: Stunfisk|36/100 brn|[from] item: Leftovers
|-damage|p1a: Stunfisk|30/100 brn|[from] brn
|-damage|p2a: Toxapex|58/100|[from] move: Snap Trap|[partiallytrapped]
|upkeep
|turn|17
|
|move|p2a: Toxapex|Scald|p1a: Stunfisk
|-supereffective|p1a: Stunfisk
|-damage|p1a: Stunfisk|8/100 brn
|move|p1a: Stunfisk|Pain Split|p2a: Toxapex
|-sethp|p2a: Toxapex|34/100|[from] move: Pain Split|[silent]
|-sethp|p1a: Stunfisk|25/100 brn|[from] move: Pain Split
|
|-heal|p2a: Toxapex|40/100|[from] item: Black Sludge
|-heal|p1a: Stunfisk|31/100 brn|[from] item: Leftovers
|-damage|p1a: Stunfisk|25/100 brn|[from] brn
|-damage|p2a: Toxapex|28/100|[from] move: Snap Trap|[partiallytrapped]
|-end|p2a: Toxapex|move: Yawn|[silent]
|-status|p2a: Toxapex|slp
|upkeep
|turn|18
|
|cant|p2a: Toxapex|slp
|move|p1a: Stunfisk|Earthquake|p2a: Toxapex
|-supereffective|p2a: Toxapex
|-damage|p2a: Toxapex|4/100 slp
|
|-heal|p2a: Toxapex|10/100 slp|[from] item: Black Sludge
|-heal|p1a: Stunfisk|31/100 brn|[from] item: Leftovers
|-damage|p1a: Stunfisk|25/100 brn|[from] brn
|-end|p2a: Toxapex|Snap Trap|[partiallytrapped]
|upkeep
|turn|19
|
|cant|p2a: Toxapex|slp
|move|p1a: Stunfisk|Snap Trap|p2a: Toxapex
|-damage|p2a: Toxapex|8/100 slp
|-activate|p2a: Toxapex|move: Snap Trap|[of] p1a: Stunfisk
|
|-heal|p2a: Toxapex|14/100 slp|[from] item: Black Sludge
|-heal|p1a: Stunfisk|31/100 brn|[from] item: Leftovers
|-damage|p1a: Stunfisk|25/100 brn|[from] brn
|-damage|p2a: Toxapex|1/100 slp|[from] move: Snap Trap|[partiallytrapped]
|upkeep
|turn|20
|
|cant|p2a: Toxapex|slp
|move|p1a: Stunfisk|Earthquake|p2a: Toxapex
|-supereffective|p2a: Toxapex
|-damage|p2a: Toxapex|0 fnt
|faint|p2a: Toxapex
|
|-heal|p1a: Stunfisk|31/100 brn|[from] item: Leftovers
|-damage|p1a: Stunfisk|25/100 brn|[from] brn
|upkeep
|
|switch|p2a: Excadrill|Excadrill, M|36/100
|-ability|p2a: Excadrill|Mold Breaker
|turn|21
|
|switch|p1a: Tsareena|Tsareena, F|74/100
|move|p2a: Excadrill|Earthquake|p1a: Tsareena
|-resisted|p1a: Tsareena
|-damage|p1a: Tsareena|39/100
|
|upkeep
|turn|22
|
|switch|p2a: Mandibuzz|Mandibuzz, F|30/100
|move|p1a: Tsareena|Synthesis|p1a: Tsareena
|-heal|p1a: Tsareena|89/100
|
|upkeep
|turn|23
|
|move|p1a: Tsareena|Play Rough|p2a: Mandibuzz
|-supereffective|p2a: Mandibuzz
|-damage|p2a: Mandibuzz|0 fnt
|faint|p2a: Mandibuzz
|
|upkeep
|
|switch|p2a: Sylveon|Sylveon, M|100/100
|turn|24
|
|move|p1a: Tsareena|Power Whip|p2a: Sylveon
|-damage|p2a: Sylveon|43/100
|move|p2a: Sylveon|Mystical Fire|p1a: Tsareena
|-supereffective|p1a: Tsareena
|-damage|p1a: Tsareena|27/100
|-unboost|p1a: Tsareena|spa|1
|-damage|p2a: Sylveon|33/100|[from] item: Life Orb
|
|upkeep
|turn|25
|
|switch|p2a: Dragapult|Dragapult, M|100/100
|move|p1a: Tsareena|Power Whip|p2a: Dragapult
|-resisted|p2a: Dragapult
|-damage|p2a: Dragapult|57/100
|
|-heal|p2a: Dragapult|63/100|[from] item: Leftovers
|upkeep
|turn|26
|
|switch|p1a: Weezing|Weezing-Galar, F|100/100
|-fieldstart|move: Misty Terrain|[from] ability: Misty Surge|[of] p1a: Weezing
|move|p2a: Dragapult|Dragon Dance|p2a: Dragapult
|-boost|p2a: Dragapult|atk|1
|-boost|p2a: Dragapult|spe|1
|
|-heal|p2a: Dragapult|69/100|[from] item: Leftovers
|upkeep
|turn|27
|
|switch|p2a: Excadrill|Excadrill, M|36/100
|-ability|p2a: Excadrill|Mold Breaker
|move|p1a: Weezing|Strange Steam|p2a: Excadrill
|-resisted|p2a: Excadrill
|-damage|p2a: Excadrill|17/100
|
|upkeep
|turn|28
|
|switch|p1a: Stunfisk|Stunfisk-Galar, M|25/100 brn
|-start|p1a: Stunfisk|typechange|Fairy|[from] ability: Mimicry
|move|p2a: Excadrill|Rapid Spin|p1a: Stunfisk
|-damage|p1a: Stunfisk|9/100 brn
|-boost|p2a: Excadrill|spe|1
|
|-heal|p1a: Stunfisk|15/100 brn|[from] item: Leftovers
|-damage|p1a: Stunfisk|9/100 brn|[from] brn
|upkeep
|turn|29
|
|move|p2a: Excadrill|Rapid Spin|p1a: Stunfisk
|-damage|p1a: Stunfisk|0 fnt
|-boost|p2a: Excadrill|spe|1
|faint|p1a: Stunfisk
|
|upkeep
|
|switch|p1a: Seismitoad|Seismitoad, F|100/100
|turn|30
|
|switch|p2a: Sylveon|Sylveon, M|33/100
|move|p1a: Seismitoad|Earthquake|p2a: Sylveon
|-damage|p2a: Sylveon|6/100
|
|-fieldend|Misty Terrain
|upkeep
|turn|31
|
|move|p1a: Seismitoad|Earthquake|p2a: Sylveon
|-damage|p2a: Sylveon|0 fnt
|faint|p2a: Sylveon
|
|upkeep
|
|switch|p2a: Dragapult|Dragapult, M|69/100
|turn|32
|
|switch|p1a: Weezing|Weezing-Galar, F|100/100
|-fieldstart|move: Misty Terrain|[from] ability: Misty Surge|[of] p1a: Weezing
|move|p2a: Dragapult|Dragon Darts|p1a: Weezing
|-immune|p1a: Weezing
|
|-heal|p2a: Dragapult|75/100|[from] item: Leftovers
|upkeep
|turn|33
|
|move|p2a: Dragapult|Sucker Punch|p1a: Weezing
|-resisted|p1a: Weezing
|-damage|p1a: Weezing|91/100
|move|p1a: Weezing|Strange Steam|p2a: Dragapult
|-supereffective|p2a: Dragapult
|-damage|p2a: Dragapult|6/100
|
|-heal|p2a: Dragapult|12/100|[from] item: Leftovers
|-heal|p1a: Weezing|97/100|[from] item: Black Sludge
|upkeep
|turn|34
|
|move|p2a: Dragapult|Sucker Punch|p1a: Weezing
|-resisted|p1a: Weezing
|-damage|p1a: Weezing|87/100
|move|p1a: Weezing|Strange Steam|p2a: Dragapult
|-supereffective|p2a: Dragapult
|-damage|p2a: Dragapult|0 fnt
|faint|p2a: Dragapult
|
|-heal|p1a: Weezing|93/100|[from] item: Black Sludge
|upkeep
|
|switch|p2a: Excadrill|Excadrill, M|17/100
|-ability|p2a: Excadrill|Mold Breaker
|turn|35
|
|move|p2a: Excadrill|Earthquake|p1a: Weezing
|-supereffective|p1a: Weezing
|-damage|p1a: Weezing|0 fnt
|faint|p1a: Weezing
|
|upkeep
|
|switch|p1a: Seismitoad|Seismitoad, F|100/100
|turn|36
|
|move|p2a: Excadrill|Earthquake|p1a: Seismitoad
|-damage|p1a: Seismitoad|63/100
|move|p1a: Seismitoad|Earthquake|p2a: Excadrill
|-supereffective|p2a: Excadrill
|-damage|p2a: Excadrill|0 fnt
|faint|p2a: Excadrill
|
|win|Bard
|l|☆PagaGeo
|raw|Bard's rating: 1175 → 1203(+28 for winning)
|raw|PagaGeo's rating: 1228 → 1199(-29 for losing)
