|ScrapeTime|2020-01-01-17:34:54
|j|☆lodbrok92
|j|☆Sillyknees
|player|p1|lodbrok92|274|1072
|player|p2|Sillyknees|1|1049
|teamsize|p1|6
|teamsize|p2|6
|gametype|singles
|gen|8
|tier|[Gen 8] OU
|rated|
|rule|Sleep Clause Mod: Limit one foe put to sleep
|rule|Species Clause: Limit one of each Pokémon
|rule|OHKO Clause: OHKO moves are banned
|rule|Evasion Moves Clause: Evasion moves are banned
|rule|Endless Battle Clause: Forcing endless battles is banned
|rule|HP Percentage Mod: HP is shown in percentages
|clearpoke
|poke|p1|Inteleon, M|
|poke|p1|Corviknight, M|
|poke|p1|Shiftry, M|
|poke|p1|Grimmsnarl, M|
|poke|p1|Centiskorch, M|
|poke|p1|Dragapult, F|
|poke|p2|Mamoswine, M|
|poke|p2|Hippowdon, M|
|poke|p2|Jellicent, M|
|poke|p2|Cinderace, M|
|poke|p2|Trevenant, M|
|poke|p2|Perrserker, F|
|rule|Dynamax Clause: You cannot dynamax
|teampreview
|inactive|Battle timer is ON: inactive players will automatically lose when time's up. (requested by Sillyknees)
|
|start
|switch|p1a: Grimmsnarl|Grimmsnarl, M|100/100
|switch|p2a: Perrserker|Perrserker, F|100/100
|turn|1
|
|switch|p1a: Corviknight|Corviknight, M|100/100
|move|p2a: Perrserker|Fake Out|p1a: Corviknight
|-resisted|p1a: Corviknight
|-damage|p1a: Corviknight|96/100
|
|upkeep
|turn|2
|
|switch|p2a: Cinderace|Cinderace, M|100/100
|move|p1a: Corviknight|Reflect|p1a: Corviknight
|-sidestart|p1: lodbrok92|Reflect
|
|upkeep
|turn|3
|
|move|p2a: Cinderace|Court Change|p2a: Cinderace
|-sideend|p1: lodbrok92|Reflect|[silent]
|-sidestart|p2: Sillyknees|Reflect|[silent]
|-activate|p2a: Cinderace|move: Court Change
|move|p1a: Corviknight|Brave Bird|p2a: Cinderace
|-damage|p2a: Cinderace|75/100
|-damage|p1a: Corviknight|90/100|[from] Recoil
|
|upkeep
|turn|4
|
|switch|p1a: Inteleon|Inteleon, M|100/100
|move|p2a: Cinderace|Pyro Ball|p1a: Inteleon
|-resisted|p1a: Inteleon
|-damage|p1a: Inteleon|55/100
|
|upkeep
|turn|5
|
|switch|p2a: Jellicent|Jellicent, M|100/100
|move|p1a: Inteleon|Shadow Ball|p2a: Jellicent
|-supereffective|p2a: Jellicent
|-damage|p2a: Jellicent|56/100
|
|-heal|p2a: Jellicent|63/100|[from] item: Leftovers
|upkeep
|turn|6
|
|move|p1a: Inteleon|Shadow Ball|p2a: Jellicent
|-supereffective|p2a: Jellicent
|-damage|p2a: Jellicent|16/100
|move|p2a: Jellicent|Will-O-Wisp|p1a: Inteleon
|-status|p1a: Inteleon|brn
|
|-heal|p2a: Jellicent|22/100|[from] item: Leftovers
|-damage|p1a: Inteleon|49/100 brn|[from] brn
|upkeep
|turn|7
|
|switch|p2a: Trevenant|Trevenant, M|100/100
|move|p1a: Inteleon|Shadow Ball|p2a: Trevenant
|-supereffective|p2a: Trevenant
|-damage|p2a: Trevenant|44/100
|-unboost|p2a: Trevenant|spd|1
|-enditem|p2a: Trevenant|Sitrus Berry|[eat]
|-heal|p2a: Trevenant|69/100|[from] item: Sitrus Berry
|
|-damage|p1a: Inteleon|42/100 brn|[from] brn
|upkeep
|turn|8
|
|move|p1a: Inteleon|Shadow Ball|p2a: Trevenant
|-supereffective|p2a: Trevenant
|-damage|p2a: Trevenant|0 fnt
|faint|p2a: Trevenant
|
|-damage|p1a: Inteleon|36/100 brn|[from] brn
|upkeep
|
|switch|p2a: Mamoswine|Mamoswine, M|100/100
|turn|9
|
|switch|p1a: Corviknight|Corviknight, M|90/100
|move|p2a: Mamoswine|Earthquake|p1a: Corviknight
|-immune|p1a: Corviknight
|
|-sideend|p2: Sillyknees|Reflect
|upkeep
|turn|10
|
|switch|p2a: Cinderace|Cinderace, M|75/100
|move|p1a: Corviknight|Brave Bird|p2a: Cinderace
|-crit|p2a: Cinderace
|-damage|p2a: Cinderace|0 fnt
|-damage|p1a: Corviknight|71/100|[from] Recoil
|faint|p2a: Cinderace
|
|upkeep
|-message|Sillyknees forfeited.
|
|win|lodbrok92
|l|☆Sillyknees
|raw|lodbrok92's rating: 1072 → 1098(+26 for winning)
|raw|Sillyknees's rating: 1033 → 1020(-13 for losing)
