|ScrapeTime|2020-01-01-05:35:49
|j|☆Cierwal
|j|☆Explosion Badger
|player|p1|Cierwal|2|1300
|player|p2|Explosion Badger|roxie|1320
|teamsize|p1|6
|teamsize|p2|6
|gametype|singles
|gen|8
|tier|[Gen 8] OU
|rated|
|rule|Sleep Clause Mod: Limit one foe put to sleep
|rule|Species Clause: Limit one of each Pokémon
|rule|OHKO Clause: OHKO moves are banned
|rule|Evasion Moves Clause: Evasion moves are banned
|rule|Endless Battle Clause: Forcing endless battles is banned
|rule|HP Percentage Mod: HP is shown in percentages
|clearpoke
|poke|p1|Cinderace, M|
|poke|p1|Dragapult, F|
|poke|p1|Ditto|
|poke|p1|Gyarados, M|
|poke|p1|Tyranitar, M|
|poke|p1|Corsola-Galar, F|
|poke|p2|Mandibuzz, F|
|poke|p2|Dragapult, F|
|poke|p2|Cinderace, M|
|poke|p2|Excadrill, M|
|poke|p2|Clefable, F|
|poke|p2|Obstagoon, M|
|rule|Dynamax Clause: You cannot dynamax
|teampreview
|
|start
|switch|p1a: Tyranitar|Tyranitar, M|100/100
|switch|p2a: Dragapult|Dragapult, F|100/100
|-weather|Sandstorm|[from] ability: Sand Stream|[of] p1a: Tyranitar
|turn|1
|inactive|Battle timer is ON: inactive players will automatically lose when time's up. (requested by Cierwal)
|
|switch|p2a: Clefable|Clefable, F|100/100
|move|p1a: Tyranitar|Dark Pulse|p2a: Clefable
|-resisted|p2a: Clefable
|-damage|p2a: Clefable|87/100
|
|-weather|Sandstorm|[upkeep]
|-heal|p2a: Clefable|93/100|[from] item: Leftovers
|upkeep
|turn|2
|
|switch|p1a: Cinderace|Cinderace, M|100/100
|move|p2a: Clefable|Thunder Wave|p1a: Cinderace
|-status|p1a: Cinderace|par
|
|-weather|Sandstorm|[upkeep]
|-damage|p1a: Cinderace|95/100 par|[from] Sandstorm
|-heal|p2a: Clefable|99/100|[from] item: Leftovers
|upkeep
|turn|3
|
|move|p2a: Clefable|Protect|p2a: Clefable
|-singleturn|p2a: Clefable|Protect
|move|p1a: Cinderace|Gunk Shot|p2a: Clefable
|-activate|p2a: Clefable|move: Protect
|
|-weather|Sandstorm|[upkeep]
|-damage|p1a: Cinderace|89/100 par|[from] Sandstorm
|-heal|p2a: Clefable|100/100|[from] item: Leftovers
|upkeep
|turn|4
|
|switch|p2a: Excadrill|Excadrill, M|100/100
|-ability|p2a: Excadrill|Mold Breaker
|move|p1a: Cinderace|Pyro Ball|p2a: Excadrill
|-supereffective|p2a: Excadrill
|-damage|p2a: Excadrill|0 fnt
|-damage|p1a: Cinderace|79/100 par|[from] item: Life Orb
|faint|p2a: Excadrill
|
|-weather|Sandstorm|[upkeep]
|-damage|p1a: Cinderace|73/100 par|[from] Sandstorm
|upkeep
|
|switch|p2a: Dragapult|Dragapult, F|100/100
|turn|5
|
|switch|p1a: Tyranitar|Tyranitar, M|100/100
|move|p2a: Dragapult|Shadow Ball|p1a: Tyranitar
|-resisted|p1a: Tyranitar
|-damage|p1a: Tyranitar|90/100
|
|-weather|none
|upkeep
|turn|6
|
|switch|p2a: Clefable|Clefable, F|100/100
|switch|p1a: Corsola|Corsola-Galar, F|100/100
|
|upkeep
|turn|7
|
|switch|p2a: Obstagoon|Obstagoon, M|100/100
|move|p1a: Corsola|Stealth Rock|p2a: Obstagoon
|-sidestart|p2: Explosion Badger|move: Stealth Rock
|
|-status|p2a: Obstagoon|brn|[from] item: Flame Orb
|upkeep
|turn|8
|
|move|p2a: Obstagoon|Knock Off|p1a: Corsola
|-supereffective|p1a: Corsola
|-damage|p1a: Corsola|20/100
|-enditem|p1a: Corsola|Eviolite|[from] move: Knock Off|[of] p2a: Obstagoon
|move|p1a: Corsola|Strength Sap|p2a: Obstagoon
|-unboost|p2a: Obstagoon|atk|1
|-heal|p1a: Corsola|100/100
|
|-damage|p2a: Obstagoon|94/100 brn|[from] brn
|upkeep
|turn|9
|
|switch|p2a: Dragapult|Dragapult, F|100/100
|-damage|p2a: Dragapult|88/100|[from] Stealth Rock
|move|p1a: Corsola|Will-O-Wisp|p2a: Dragapult
|-status|p2a: Dragapult|brn
|
|-damage|p2a: Dragapult|82/100 brn|[from] brn
|upkeep
|turn|10
|
|switch|p2a: Obstagoon|Obstagoon, M|94/100 brn
|-damage|p2a: Obstagoon|82/100 brn|[from] Stealth Rock
|switch|p1a: Tyranitar|Tyranitar, M|90/100
|-weather|Sandstorm|[from] ability: Sand Stream|[of] p1a: Tyranitar
|
|-weather|Sandstorm|[upkeep]
|-damage|p2a: Obstagoon|76/100 brn|[from] Sandstorm
|-damage|p2a: Obstagoon|70/100 brn|[from] brn
|upkeep
|turn|11
|
|move|p2a: Obstagoon|Knock Off|p1a: Tyranitar
|-resisted|p1a: Tyranitar
|-damage|p1a: Tyranitar|69/100
|-enditem|p1a: Tyranitar|Assault Vest|[from] move: Knock Off|[of] p2a: Obstagoon
|move|p1a: Tyranitar|Thunderbolt|p2a: Obstagoon
|-damage|p2a: Obstagoon|37/100 brn
|
|-weather|Sandstorm|[upkeep]
|-damage|p2a: Obstagoon|30/100 brn|[from] Sandstorm
|-damage|p2a: Obstagoon|24/100 brn|[from] brn
|upkeep
|turn|12
|
|move|p2a: Obstagoon|Close Combat|p1a: Tyranitar
|-supereffective|p1a: Tyranitar
|-damage|p1a: Tyranitar|0 fnt
|-unboost|p2a: Obstagoon|def|1
|-unboost|p2a: Obstagoon|spd|1
|faint|p1a: Tyranitar
|
|-weather|Sandstorm|[upkeep]
|-damage|p2a: Obstagoon|18/100 brn|[from] Sandstorm
|-damage|p2a: Obstagoon|12/100 brn|[from] brn
|upkeep
|
|switch|p1a: Gyarados|Gyarados, M|100/100
|turn|13
|
|move|p2a: Obstagoon|Facade|p1a: Gyarados
|-damage|p1a: Gyarados|0 fnt
|faint|p1a: Gyarados
|
|-weather|Sandstorm|[upkeep]
|-damage|p2a: Obstagoon|6/100 brn|[from] Sandstorm
|-damage|p2a: Obstagoon|0 fnt|[from] brn
|faint|p2a: Obstagoon
|upkeep
|
|switch|p2a: Dragapult|Dragapult, F|82/100 brn
|switch|p1a: Dragapult|Dragapult, F|100/100
|-damage|p2a: Dragapult|70/100 brn|[from] Stealth Rock
|turn|14
|
|move|p1a: Dragapult|Shadow Ball|p2a: Dragapult
|-supereffective|p2a: Dragapult
|-damage|p2a: Dragapult|0 fnt
|faint|p2a: Dragapult
|
|-weather|none
|upkeep
|
|switch|p2a: Clefable|Clefable, F|100/100
|turn|15
|
|switch|p1a: Corsola|Corsola-Galar, F|100/100
|move|p2a: Clefable|Moonblast|p1a: Corsola
|-damage|p1a: Corsola|74/100
|-unboost|p1a: Corsola|spa|1
|
|upkeep
|turn|16
|
|move|p2a: Clefable|Moonblast|p1a: Corsola
|-damage|p1a: Corsola|47/100
|-start|p2a: Clefable|Disable|Moonblast|[from] ability: Cursed Body|[of] p1a: Corsola
|move|p1a: Corsola|Will-O-Wisp|p2a: Clefable
|-status|p2a: Clefable|brn
|
|upkeep
|turn|17
|
|move|p2a: Clefable|Protect|p2a: Clefable
|-singleturn|p2a: Clefable|Protect
|move|p1a: Corsola|Strength Sap|p2a: Clefable
|-activate|p2a: Clefable|move: Protect
|
|upkeep
|turn|18
|
|switch|p2a: Mandibuzz|Mandibuzz, F|100/100
|move|p1a: Corsola|Strength Sap|p2a: Mandibuzz
|-unboost|p2a: Mandibuzz|atk|1
|-heal|p1a: Corsola|99/100
|
|upkeep
|turn|19
|
|switch|p1a: Ditto|Ditto|100/100
|-transform|p1a: Ditto|p2a: Mandibuzz|[from] ability: Imposter
|move|p2a: Mandibuzz|Toxic|p1a: Ditto|[miss]
|-miss|p2a: Mandibuzz|p1a: Ditto
|
|upkeep
|turn|20
|
|switch|p1a: Cinderace|Cinderace, M|73/100 par
|switch|p2a: Clefable|Clefable, F|100/100 brn
|
|upkeep
|turn|21
|
|move|p2a: Clefable|Protect|p2a: Clefable
|-singleturn|p2a: Clefable|Protect
|move|p1a: Cinderace|Gunk Shot|p2a: Clefable
|-activate|p2a: Clefable|move: Protect
|
|upkeep
|turn|22
|
|switch|p2a: Mandibuzz|Mandibuzz, F|100/100
|move|p1a: Cinderace|Gunk Shot|p2a: Mandibuzz|[miss]
|-miss|p1a: Cinderace|p2a: Mandibuzz
|
|upkeep
|turn|23
|
|switch|p1a: Corsola|Corsola-Galar, F|99/100
|move|p2a: Mandibuzz|Knock Off|p1a: Corsola
|-supereffective|p1a: Corsola
|-damage|p1a: Corsola|67/100
|
|upkeep
|turn|24
|
|move|p2a: Mandibuzz|Toxic|p1a: Corsola
|-status|p1a: Corsola|tox
|move|p1a: Corsola|Will-O-Wisp|p2a: Mandibuzz
|-status|p2a: Mandibuzz|brn
|
|-damage|p2a: Mandibuzz|94/100 brn|[from] brn
|-damage|p1a: Corsola|61/100 tox|[from] psn
|upkeep
|turn|25
|
|move|p2a: Mandibuzz|Knock Off|p1a: Corsola
|-supereffective|p1a: Corsola
|-damage|p1a: Corsola|46/100 tox
|-start|p2a: Mandibuzz|Disable|Knock Off|[from] ability: Cursed Body|[of] p1a: Corsola
|move|p1a: Corsola|Night Shade|p2a: Mandibuzz
|-damage|p2a: Mandibuzz|71/100 brn
|
|-damage|p2a: Mandibuzz|65/100 brn|[from] brn
|-damage|p1a: Corsola|34/100 tox|[from] psn
|upkeep
|turn|26
|
|switch|p1a: Dragapult|Dragapult, F|100/100
|move|p2a: Mandibuzz|Roost|p2a: Mandibuzz
|-heal|p2a: Mandibuzz|100/100 brn
|-singleturn|p2a: Mandibuzz|move: Roost
|
|-damage|p2a: Mandibuzz|94/100 brn|[from] brn
|upkeep
|turn|27
|
|move|p1a: Dragapult|Fire Blast|p2a: Mandibuzz
|-damage|p2a: Mandibuzz|56/100 brn
|move|p2a: Mandibuzz|Toxic|p1a: Dragapult
|-status|p1a: Dragapult|tox
|
|-damage|p1a: Dragapult|95/100 tox|[from] psn
|-damage|p2a: Mandibuzz|50/100 brn|[from] brn
|upkeep
|turn|28
|
|switch|p1a: Cinderace|Cinderace, M|73/100 par
|move|p2a: Mandibuzz|Roost|p2a: Mandibuzz
|-heal|p2a: Mandibuzz|99/100 brn
|-singleturn|p2a: Mandibuzz|move: Roost
|
|-damage|p2a: Mandibuzz|94/100 brn|[from] brn
|-end|p2a: Mandibuzz|Disable
|upkeep
|turn|29
|
|move|p2a: Mandibuzz|Knock Off|p1a: Cinderace
|-damage|p1a: Cinderace|57/100 par
|-enditem|p1a: Cinderace|Life Orb|[from] move: Knock Off|[of] p2a: Mandibuzz
|move|p1a: Cinderace|Pyro Ball|p2a: Mandibuzz
|-damage|p2a: Mandibuzz|60/100 brn
|
|-damage|p2a: Mandibuzz|54/100 brn|[from] brn
|upkeep
|turn|30
|
|move|p2a: Mandibuzz|Roost|p2a: Mandibuzz
|-heal|p2a: Mandibuzz|100/100 brn
|-singleturn|p2a: Mandibuzz|move: Roost
|move|p1a: Cinderace|Pyro Ball|p2a: Mandibuzz
|-damage|p2a: Mandibuzz|66/100 brn
|
|-damage|p2a: Mandibuzz|60/100 brn|[from] brn
|upkeep
|turn|31
|
|move|p2a: Mandibuzz|U-turn|p1a: Cinderace
|-resisted|p1a: Cinderace
|-damage|p1a: Cinderace|53/100 par
|
|switch|p2a: Cinderace|Cinderace, M|100/100|[from]move: U-turn
|move|p1a: Cinderace|Pyro Ball|p2a: Cinderace
|-resisted|p2a: Cinderace
|-damage|p2a: Cinderace|56/100
|
|upkeep
|turn|32
|
|switch|p1a: Corsola|Corsola-Galar, F|34/100 tox
|move|p2a: Cinderace|High Jump Kick|p1a: Corsola
|-immune|p1a: Corsola
|-damage|p2a: Cinderace|6/100|[from] highjumpkick
|
|-damage|p1a: Corsola|27/100 tox|[from] psn
|upkeep
|turn|33
|
|move|p2a: Cinderace|Pyro Ball|p1a: Corsola|[miss]
|-miss|p2a: Cinderace|p1a: Corsola
|move|p1a: Corsola|Strength Sap|p2a: Cinderace
|-unboost|p2a: Cinderace|atk|1
|-heal|p1a: Corsola|100/100 tox
|
|-damage|p1a: Corsola|88/100 tox|[from] psn
|upkeep
|turn|34
|
|move|p2a: Cinderace|U-turn|p1a: Corsola
|-resisted|p1a: Corsola
|-damage|p1a: Corsola|81/100 tox
|
|switch|p2a: Mandibuzz|Mandibuzz, F|60/100 brn|[from]move: U-turn
|move|p1a: Corsola|Night Shade|p2a: Mandibuzz
|-damage|p2a: Mandibuzz|36/100 brn
|
|-damage|p2a: Mandibuzz|30/100 brn|[from] brn
|-damage|p1a: Corsola|63/100 tox|[from] psn
|upkeep
|turn|35
|
|switch|p1a: Ditto|Ditto|100/100
|-transform|p1a: Ditto|p2a: Mandibuzz|[from] ability: Imposter
|move|p2a: Mandibuzz|Roost|p2a: Mandibuzz
|-heal|p2a: Mandibuzz|80/100 brn
|-singleturn|p2a: Mandibuzz|move: Roost
|
|-damage|p2a: Mandibuzz|74/100 brn|[from] brn
|upkeep
|turn|36
|
|move|p1a: Ditto|Knock Off|p2a: Mandibuzz
|-resisted|p2a: Mandibuzz
|-damage|p2a: Mandibuzz|67/100 brn
|-enditem|p2a: Mandibuzz|Heavy-Duty Boots|[from] move: Knock Off|[of] p1a: Ditto
|move|p2a: Mandibuzz|Toxic|p1a: Ditto
|-status|p1a: Ditto|tox
|
|-damage|p1a: Ditto|94/100 tox|[from] psn
|-damage|p2a: Mandibuzz|61/100 brn|[from] brn
|upkeep
|turn|37
|
|switch|p1a: Corsola|Corsola-Galar, F|63/100 tox
|move|p2a: Mandibuzz|Knock Off|p1a: Corsola
|-supereffective|p1a: Corsola
|-damage|p1a: Corsola|49/100 tox
|
|-damage|p2a: Mandibuzz|55/100 brn|[from] brn
|-damage|p1a: Corsola|42/100 tox|[from] psn
|upkeep
|turn|38
|
|move|p2a: Mandibuzz|Roost|p2a: Mandibuzz
|-heal|p2a: Mandibuzz|100/100 brn
|-singleturn|p2a: Mandibuzz|move: Roost
|move|p1a: Corsola|Strength Sap|p2a: Mandibuzz
|-unboost|p2a: Mandibuzz|atk|1
|-heal|p1a: Corsola|94/100 tox
|
|-damage|p2a: Mandibuzz|94/100 brn|[from] brn
|-damage|p1a: Corsola|81/100 tox|[from] psn
|upkeep
|turn|39
|
|switch|p1a: Cinderace|Cinderace, M|53/100 par
|move|p2a: Mandibuzz|Knock Off|p1a: Cinderace
|-damage|p1a: Cinderace|46/100 par
|
|-damage|p2a: Mandibuzz|88/100 brn|[from] brn
|upkeep
|turn|40
|
|move|p2a: Mandibuzz|U-turn|p1a: Cinderace
|-resisted|p1a: Cinderace
|-damage|p1a: Cinderace|43/100 par
|
|switch|p2a: Clefable|Clefable, F|100/100 brn|[from]move: U-turn
|cant|p1a: Cinderace|par
|
|upkeep
|turn|41
|
|move|p1a: Cinderace|Gunk Shot|p2a: Clefable|[miss]
|-miss|p1a: Cinderace|p2a: Clefable
|move|p2a: Clefable|Wish|p2a: Clefable
|
|upkeep
|turn|42
|
|switch|p1a: Ditto|Ditto|94/100 tox
|-transform|p1a: Ditto|p2a: Clefable|[from] ability: Imposter
|move|p2a: Clefable|Moonblast|p1a: Ditto
|-damage|p1a: Ditto|63/100 tox
|-unboost|p1a: Ditto|spa|1
|
|upkeep
|turn|43
|
|switch|p1a: Corsola|Corsola-Galar, F|81/100 tox
|move|p2a: Clefable|Protect||[still]
|-fail|p2a: Clefable
|
|-damage|p1a: Corsola|75/100 tox|[from] psn
|upkeep
|turn|44
|
|switch|p1a: Cinderace|Cinderace, M|43/100 par
|move|p2a: Clefable|Protect||[still]
|-fail|p2a: Clefable
|
|upkeep
|turn|45
|
|move|p1a: Cinderace|Gunk Shot|p2a: Clefable
|-supereffective|p2a: Clefable
|-damage|p2a: Clefable|28/100 brn
|move|p2a: Clefable|Wish|p2a: Clefable
|
|-heal|p2a: Clefable|35/100 brn|[from] item: Leftovers
|upkeep
|turn|46
|
|move|p2a: Clefable|Protect|p2a: Clefable
|-singleturn|p2a: Clefable|Protect
|move|p1a: Cinderace|Pyro Ball|p2a: Clefable
|-activate|p2a: Clefable|move: Protect
|
|-heal|p2a: Clefable|85/100 brn|[from] move: Wish|[wisher] Clefable
|-heal|p2a: Clefable|91/100 brn|[from] item: Leftovers
|upkeep
|turn|47
|
|cant|p1a: Cinderace|par
|move|p2a: Clefable|Moonblast|p1a: Cinderace
|-resisted|p1a: Cinderace
|-damage|p1a: Cinderace|20/100 par
|
|-heal|p2a: Clefable|97/100 brn|[from] item: Leftovers
|upkeep
|turn|48
|
|move|p1a: Cinderace|Gunk Shot|p2a: Clefable
|-supereffective|p2a: Clefable
|-damage|p2a: Clefable|23/100 brn
|move|p2a: Clefable|Moonblast|p1a: Cinderace
|-resisted|p1a: Cinderace
|-damage|p1a: Cinderace|0 fnt
|faint|p1a: Cinderace
|
|-heal|p2a: Clefable|29/100 brn|[from] item: Leftovers
|upkeep
|
|switch|p1a: Dragapult|Dragapult, F|95/100 tox
|turn|49
|
|move|p1a: Dragapult|Shadow Ball|p2a: Clefable
|-damage|p2a: Clefable|0 fnt
|faint|p2a: Clefable
|
|-damage|p1a: Dragapult|89/100 tox|[from] psn
|upkeep
|
|switch|p2a: Mandibuzz|Mandibuzz, F|88/100 brn
|-damage|p2a: Mandibuzz|63/100 brn|[from] Stealth Rock
|turn|50
|
|switch|p1a: Corsola|Corsola-Galar, F|75/100 tox
|move|p2a: Mandibuzz|Knock Off|p1a: Corsola
|-supereffective|p1a: Corsola
|-damage|p1a: Corsola|61/100 tox
|-start|p2a: Mandibuzz|Disable|Knock Off|[from] ability: Cursed Body|[of] p1a: Corsola
|
|-damage|p2a: Mandibuzz|57/100 brn|[from] brn
|-damage|p1a: Corsola|55/100 tox|[from] psn
|upkeep
|turn|51
|
|move|p2a: Mandibuzz|Roost|p2a: Mandibuzz
|-heal|p2a: Mandibuzz|100/100 brn
|-singleturn|p2a: Mandibuzz|move: Roost
|move|p1a: Corsola|Night Shade|p2a: Mandibuzz
|-damage|p2a: Mandibuzz|77/100 brn
|
|-damage|p2a: Mandibuzz|71/100 brn|[from] brn
|-damage|p1a: Corsola|43/100 tox|[from] psn
|upkeep
|turn|52
|
|move|p2a: Mandibuzz|Roost|p2a: Mandibuzz
|-heal|p2a: Mandibuzz|100/100 brn
|-singleturn|p2a: Mandibuzz|move: Roost
|move|p1a: Corsola|Strength Sap|p2a: Mandibuzz
|-unboost|p2a: Mandibuzz|atk|1
|-heal|p1a: Corsola|94/100 tox
|
|-damage|p2a: Mandibuzz|94/100 brn|[from] brn
|-damage|p1a: Corsola|75/100 tox|[from] psn
|upkeep
|turn|53
|
|move|p2a: Mandibuzz|Toxic|p1a: Corsola
|-fail|p1a: Corsola|tox
|move|p1a: Corsola|Night Shade|p2a: Mandibuzz
|-damage|p2a: Mandibuzz|71/100 brn
|
|-damage|p2a: Mandibuzz|65/100 brn|[from] brn
|-damage|p1a: Corsola|51/100 tox|[from] psn
|-end|p2a: Mandibuzz|Disable
|upkeep
|turn|54
|
|switch|p1a: Ditto|Ditto|63/100 tox
|-transform|p1a: Ditto|p2a: Mandibuzz|[from] ability: Imposter
|move|p2a: Mandibuzz|Knock Off|p1a: Ditto
|-resisted|p1a: Ditto
|-damage|p1a: Ditto|60/100 tox
|-enditem|p1a: Ditto|Choice Scarf|[from] move: Knock Off|[of] p2a: Mandibuzz
|
|-damage|p2a: Mandibuzz|59/100 brn|[from] brn
|-damage|p1a: Ditto|54/100 tox|[from] psn
|upkeep
|turn|55
|
|move|p2a: Mandibuzz|Roost|p2a: Mandibuzz
|-heal|p2a: Mandibuzz|100/100 brn
|-singleturn|p2a: Mandibuzz|move: Roost
|move|p1a: Ditto|Knock Off|p2a: Mandibuzz
|-resisted|p2a: Mandibuzz
|-damage|p2a: Mandibuzz|98/100 brn
|
|-damage|p2a: Mandibuzz|92/100 brn|[from] brn
|-damage|p1a: Ditto|42/100 tox|[from] psn
|upkeep
|turn|56
|
|switch|p1a: Dragapult|Dragapult, F|89/100 tox
|move|p2a: Mandibuzz|Toxic|p1a: Dragapult
|-fail|p1a: Dragapult|tox
|
|-damage|p1a: Dragapult|83/100 tox|[from] psn
|-damage|p2a: Mandibuzz|85/100 brn|[from] brn
|upkeep
|turn|57
|
|move|p1a: Dragapult|Dragon Pulse|p2a: Mandibuzz
|-damage|p2a: Mandibuzz|41/100 brn
|move|p2a: Mandibuzz|Knock Off|p1a: Dragapult
|-supereffective|p1a: Dragapult
|-damage|p1a: Dragapult|59/100 tox
|-enditem|p1a: Dragapult|Choice Specs|[from] move: Knock Off|[of] p2a: Mandibuzz
|
|-damage|p1a: Dragapult|48/100 tox|[from] psn
|-damage|p2a: Mandibuzz|34/100 brn|[from] brn
|upkeep
|turn|58
|
|move|p1a: Dragapult|Dragon Pulse|p2a: Mandibuzz
|-damage|p2a: Mandibuzz|2/100 brn
|move|p2a: Mandibuzz|Roost|p2a: Mandibuzz
|-heal|p2a: Mandibuzz|52/100 brn
|-singleturn|p2a: Mandibuzz|move: Roost
|
|-damage|p1a: Dragapult|30/100 tox|[from] psn
|-damage|p2a: Mandibuzz|46/100 brn|[from] brn
|upkeep
|turn|59
|
|switch|p1a: Corsola|Corsola-Galar, F|51/100 tox
|move|p2a: Mandibuzz|Roost|p2a: Mandibuzz
|-heal|p2a: Mandibuzz|96/100 brn
|-singleturn|p2a: Mandibuzz|move: Roost
|
|-damage|p2a: Mandibuzz|90/100 brn|[from] brn
|-damage|p1a: Corsola|45/100 tox|[from] psn
|upkeep
|turn|60
|
|move|p2a: Mandibuzz|Knock Off|p1a: Corsola
|-supereffective|p1a: Corsola
|-damage|p1a: Corsola|34/100 tox
|-start|p2a: Mandibuzz|Disable|Knock Off|[from] ability: Cursed Body|[of] p1a: Corsola
|move|p1a: Corsola|Strength Sap|p2a: Mandibuzz
|-unboost|p2a: Mandibuzz|atk|1
|-heal|p1a: Corsola|68/100 tox
|
|-damage|p2a: Mandibuzz|84/100 brn|[from] brn
|-damage|p1a: Corsola|56/100 tox|[from] psn
|upkeep
|turn|61
|
|move|p2a: Mandibuzz|Toxic|p1a: Corsola|[miss]
|-miss|p2a: Mandibuzz|p1a: Corsola
|move|p1a: Corsola|Strength Sap|p2a: Mandibuzz
|-unboost|p2a: Mandibuzz|atk|1
|-heal|p1a: Corsola|82/100 tox
|
|-damage|p2a: Mandibuzz|78/100 brn|[from] brn
|-damage|p1a: Corsola|63/100 tox|[from] psn
|upkeep
|turn|62
|
|move|p2a: Mandibuzz|Toxic|p1a: Corsola
|-fail|p1a: Corsola|tox
|move|p1a: Corsola|Night Shade|p2a: Mandibuzz
|-damage|p2a: Mandibuzz|54/100 brn
|
|-damage|p2a: Mandibuzz|48/100 brn|[from] brn
|-damage|p1a: Corsola|38/100 tox|[from] psn
|upkeep
|turn|63
|
|move|p2a: Mandibuzz|Roost|p2a: Mandibuzz
|-heal|p2a: Mandibuzz|98/100 brn
|-singleturn|p2a: Mandibuzz|move: Roost
|move|p1a: Corsola|Night Shade|p2a: Mandibuzz
|-damage|p2a: Mandibuzz|75/100 brn
|
|-damage|p2a: Mandibuzz|68/100 brn|[from] brn
|-damage|p1a: Corsola|8/100 tox|[from] psn
|-end|p2a: Mandibuzz|Disable
|upkeep
|turn|64
|
|switch|p1a: Ditto|Ditto|42/100 tox
|-transform|p1a: Ditto|p2a: Mandibuzz|[from] ability: Imposter
|move|p2a: Mandibuzz|Knock Off|p1a: Ditto
|-resisted|p1a: Ditto
|-damage|p1a: Ditto|41/100 tox
|
|-damage|p2a: Mandibuzz|62/100 brn|[from] brn
|-damage|p1a: Ditto|35/100 tox|[from] psn
|upkeep
|turn|65
|
|move|p2a: Mandibuzz|Roost|p2a: Mandibuzz
|-heal|p2a: Mandibuzz|100/100 brn
|-singleturn|p2a: Mandibuzz|move: Roost
|move|p1a: Ditto|Knock Off|p2a: Mandibuzz
|-resisted|p2a: Mandibuzz
|-damage|p2a: Mandibuzz|99/100 brn
|
|-damage|p2a: Mandibuzz|92/100 brn|[from] brn
|-damage|p1a: Ditto|23/100 tox|[from] psn
|upkeep
|turn|66
|
|switch|p1a: Corsola|Corsola-Galar, F|8/100 tox
|move|p2a: Mandibuzz|Knock Off|p1a: Corsola
|-supereffective|p1a: Corsola
|-damage|p1a: Corsola|2/100 tox
|-start|p2a: Mandibuzz|Disable|Knock Off|[from] ability: Cursed Body|[of] p1a: Corsola
|
|-damage|p2a: Mandibuzz|86/100 brn|[from] brn
|-damage|p1a: Corsola|0 fnt|[from] psn
|faint|p1a: Corsola
|upkeep
|
|switch|p1a: Ditto|Ditto|23/100 tox
|-transform|p1a: Ditto|p2a: Mandibuzz|[from] ability: Imposter
|turn|67
|
|move|p2a: Mandibuzz|Roost|p2a: Mandibuzz
|-heal|p2a: Mandibuzz|100/100 brn
|-singleturn|p2a: Mandibuzz|move: Roost
|move|p1a: Ditto|Roost|p1a: Ditto
|-heal|p1a: Ditto|73/100 tox
|-singleturn|p1a: Ditto|move: Roost
|
|-damage|p2a: Mandibuzz|94/100 brn|[from] brn
|-damage|p1a: Ditto|67/100 tox|[from] psn
|upkeep
|turn|68
|
|move|p1a: Ditto|Roost|p1a: Ditto
|-heal|p1a: Ditto|100/100 tox
|-singleturn|p1a: Ditto|move: Roost
|move|p2a: Mandibuzz|Toxic|p1a: Ditto
|-fail|p1a: Ditto|tox
|
|-damage|p2a: Mandibuzz|88/100 brn|[from] brn
|-damage|p1a: Ditto|88/100 tox|[from] psn
|upkeep
|turn|69
|
|move|p2a: Mandibuzz|Toxic|p1a: Ditto
|-fail|p1a: Ditto|tox
|move|p1a: Ditto|Knock Off|p2a: Mandibuzz
|-resisted|p2a: Mandibuzz
|-damage|p2a: Mandibuzz|86/100 brn
|
|-damage|p2a: Mandibuzz|80/100 brn|[from] brn
|-damage|p1a: Ditto|70/100 tox|[from] psn
|-end|p2a: Mandibuzz|Disable
|upkeep
|turn|70
|
|move|p1a: Ditto|Knock Off|p2a: Mandibuzz
|-resisted|p2a: Mandibuzz
|-damage|p2a: Mandibuzz|79/100 brn
|move|p2a: Mandibuzz|Toxic|p1a: Ditto
|-fail|p1a: Ditto|tox
|
|-damage|p2a: Mandibuzz|72/100 brn|[from] brn
|-damage|p1a: Ditto|46/100 tox|[from] psn
|upkeep
|turn|71
|
|move|p2a: Mandibuzz|Toxic|p1a: Ditto
|-fail|p1a: Ditto|tox
|move|p1a: Ditto|Roost|p1a: Ditto
|-heal|p1a: Ditto|96/100 tox
|-singleturn|p1a: Ditto|move: Roost
|
|-damage|p2a: Mandibuzz|66/100 brn|[from] brn
|-damage|p1a: Ditto|66/100 tox|[from] psn
|upkeep
|turn|72
|
|switch|p1a: Dragapult|Dragapult, F|30/100 tox
|move|p2a: Mandibuzz|Toxic|p1a: Dragapult
|-fail|p1a: Dragapult|tox
|
|-damage|p1a: Dragapult|24/100 tox|[from] psn
|-damage|p2a: Mandibuzz|60/100 brn|[from] brn
|upkeep
|turn|73
|
|switch|p1a: Ditto|Ditto|66/100 tox
|-transform|p1a: Ditto|p2a: Mandibuzz|[from] ability: Imposter
|move|p2a: Mandibuzz|Roost|p2a: Mandibuzz
|-heal|p2a: Mandibuzz|100/100 brn
|-singleturn|p2a: Mandibuzz|move: Roost
|
|-damage|p2a: Mandibuzz|94/100 brn|[from] brn
|-damage|p1a: Ditto|60/100 tox|[from] psn
|upkeep
|turn|74
|
|move|p1a: Ditto|Roost|p1a: Ditto
|-heal|p1a: Ditto|100/100 tox
|-singleturn|p1a: Ditto|move: Roost
|move|p2a: Mandibuzz|Toxic|p1a: Ditto
|-fail|p1a: Ditto|tox
|
|-damage|p2a: Mandibuzz|88/100 brn|[from] brn
|-damage|p1a: Ditto|88/100 tox|[from] psn
|upkeep
|turn|75
|
|move|p1a: Ditto|Knock Off|p2a: Mandibuzz
|-resisted|p2a: Mandibuzz
|-damage|p2a: Mandibuzz|87/100 brn
|move|p2a: Mandibuzz|Toxic|p1a: Ditto
|-fail|p1a: Ditto|tox
|
|-damage|p2a: Mandibuzz|80/100 brn|[from] brn
|-damage|p1a: Ditto|70/100 tox|[from] psn
|upkeep
|turn|76
|
|move|p1a: Ditto|Knock Off|p2a: Mandibuzz
|-resisted|p2a: Mandibuzz
|-damage|p2a: Mandibuzz|79/100 brn
|move|p2a: Mandibuzz|Toxic|p1a: Ditto
|-fail|p1a: Ditto|tox
|
|-damage|p2a: Mandibuzz|73/100 brn|[from] brn
|-damage|p1a: Ditto|46/100 tox|[from] psn
|upkeep
|turn|77
|
|move|p2a: Mandibuzz|Knock Off|p1a: Ditto
|-resisted|p1a: Ditto
|-damage|p1a: Ditto|45/100 tox
|move|p1a: Ditto|Roost|p1a: Ditto
|-heal|p1a: Ditto|95/100 tox
|-singleturn|p1a: Ditto|move: Roost
|
|-damage|p2a: Mandibuzz|67/100 brn|[from] brn
|-damage|p1a: Ditto|65/100 tox|[from] psn
|upkeep
|turn|78
|
|move|p1a: Ditto|Knock Off|p2a: Mandibuzz
|-resisted|p2a: Mandibuzz
|-damage|p2a: Mandibuzz|65/100 brn
|move|p2a: Mandibuzz|Knock Off|p1a: Ditto
|-resisted|p1a: Ditto
|-damage|p1a: Ditto|64/100 tox
|
|-damage|p2a: Mandibuzz|59/100 brn|[from] brn
|-damage|p1a: Ditto|28/100 tox|[from] psn
|upkeep
|turn|79
|
|move|p2a: Mandibuzz|Knock Off|p1a: Ditto
|-resisted|p1a: Ditto
|-damage|p1a: Ditto|27/100 tox
|move|p1a: Ditto|Roost|p1a: Ditto
|-heal|p1a: Ditto|77/100 tox
|-singleturn|p1a: Ditto|move: Roost
|
|-damage|p2a: Mandibuzz|52/100 brn|[from] brn
|-damage|p1a: Ditto|35/100 tox|[from] psn
|upkeep
|turn|80
|
|move|p1a: Ditto|Roost|p1a: Ditto
|-heal|p1a: Ditto|85/100 tox
|-singleturn|p1a: Ditto|move: Roost
|move|p2a: Mandibuzz|Knock Off|p1a: Ditto
|-resisted|p1a: Ditto
|-damage|p1a: Ditto|84/100 tox
|
|-damage|p2a: Mandibuzz|46/100 brn|[from] brn
|-damage|p1a: Ditto|36/100 tox|[from] psn
|upkeep
|turn|81
|
|move|p2a: Mandibuzz|Knock Off|p1a: Ditto
|-resisted|p1a: Ditto
|-damage|p1a: Ditto|34/100 tox
|move|p1a: Ditto|Knock Off|p2a: Mandibuzz
|-resisted|p2a: Mandibuzz
|-damage|p2a: Mandibuzz|44/100 brn
|
|-damage|p2a: Mandibuzz|38/100 brn|[from] brn
|-damage|p1a: Ditto|0 fnt|[from] psn
|faint|p1a: Ditto
|upkeep
|
|switch|p1a: Dragapult|Dragapult, F|24/100 tox
|turn|82
|
|move|p1a: Dragapult|Fire Blast|p2a: Mandibuzz
|-damage|p2a: Mandibuzz|11/100 brn
|move|p2a: Mandibuzz|Knock Off|p1a: Dragapult
|-supereffective|p1a: Dragapult
|-damage|p1a: Dragapult|15/100 tox
|
|-damage|p1a: Dragapult|9/100 tox|[from] psn
|-damage|p2a: Mandibuzz|5/100 brn|[from] brn
|upkeep
|turn|83
|
|move|p1a: Dragapult|Dragon Pulse|p2a: Mandibuzz
|-damage|p2a: Mandibuzz|0 fnt
|faint|p2a: Mandibuzz
|
|-damage|p1a: Dragapult|0 fnt|[from] psn
|faint|p1a: Dragapult
|
|win|Explosion Badger
|upkeep
|raw|Cierwal's rating: 1301 → 1282(-19 for losing)
|raw|Explosion Badger's rating: 1320 → 1339(+19 for winning)
|l|☆Cierwal
