|ScrapeTime|2020-01-01-08:55:42
|j|☆Lancetty
|j|☆uriah.urgelia1999
|player|p1|Lancetty|steven|1153
|player|p2|uriah.urgelia1999|265|1195
|teamsize|p1|6
|teamsize|p2|6
|gametype|singles
|gen|8
|tier|[Gen 8] OU
|rated|
|rule|Sleep Clause Mod: Limit one foe put to sleep
|rule|Species Clause: Limit one of each Pokémon
|rule|OHKO Clause: OHKO moves are banned
|rule|Evasion Moves Clause: Evasion moves are banned
|rule|Endless Battle Clause: Forcing endless battles is banned
|rule|HP Percentage Mod: HP is shown in percentages
|clearpoke
|poke|p1|Corsola-Galar, M|
|poke|p1|Hatterene, F|
|poke|p1|Dracovish|
|poke|p1|Orbeetle, F|
|poke|p1|Dragapult, F|
|poke|p1|Corviknight, F|
|poke|p2|Clefable, M|
|poke|p2|Sigilyph, M|
|poke|p2|Boltund, M|
|poke|p2|Dragapult, F|
|poke|p2|Gastrodon, M|
|poke|p2|Ferrothorn, M|
|rule|Dynamax Clause: You cannot dynamax
|teampreview
|
|start
|switch|p1a: Hatterene|Hatterene, F|100/100
|switch|p2a: Boltund|Boltund, M|100/100
|turn|1
|inactive|Battle timer is ON: inactive players will automatically lose when time's up. (requested by Lancetty)
|inactive|Lancetty has 120 seconds left.
|
|move|p2a: Boltund|Nuzzle|p1a: Hatterene
|-damage|p1a: Hatterene|89/100
|-status|p1a: Hatterene|par
|move|p1a: Hatterene|Substitute|p1a: Hatterene
|-start|p1a: Hatterene|Substitute
|-damage|p1a: Hatterene|64/100 par
|
|-heal|p1a: Hatterene|70/100 par|[from] item: Leftovers
|upkeep
|turn|2
|
|move|p2a: Boltund|Crunch|p1a: Hatterene
|-end|p1a: Hatterene|Substitute
|move|p1a: Hatterene|Dazzling Gleam|p2a: Boltund
|-damage|p2a: Boltund|17/100
|
|-heal|p1a: Hatterene|76/100 par|[from] item: Leftovers
|upkeep
|turn|3
|
|move|p2a: Boltund|Volt Switch|p1a: Hatterene
|-damage|p1a: Hatterene|55/100 par
|
|switch|p2a: Gastrodon|Gastrodon, M|100/100|[from]move: Volt Switch
|move|p1a: Hatterene|Dazzling Gleam|p2a: Gastrodon
|-damage|p2a: Gastrodon|70/100
|
|-heal|p2a: Gastrodon|76/100|[from] item: Leftovers
|-heal|p1a: Hatterene|61/100 par|[from] item: Leftovers
|upkeep
|turn|4
|
|switch|p1a: Orbeetle|Orbeetle, F|100/100
|-item|p2a: Gastrodon|Leftovers|[from] ability: Frisk|[of] p1a: Orbeetle|[identify]
|move|p2a: Gastrodon|Earth Power|p1a: Orbeetle
|-resisted|p1a: Orbeetle
|-damage|p1a: Orbeetle|88/100
|
|-heal|p2a: Gastrodon|82/100|[from] item: Leftovers
|upkeep
|turn|5
|
|switch|p2a: Sigilyph|Sigilyph, M|100/100
|move|p1a: Orbeetle|Sticky Web|p2a: Sigilyph
|-sidestart|p2: uriah.urgelia1999|move: Sticky Web
|
|upkeep
|turn|6
|
|move|p2a: Sigilyph|Shadow Ball|p1a: Orbeetle
|-supereffective|p1a: Orbeetle
|-damage|p1a: Orbeetle|22/100
|-unboost|p1a: Orbeetle|spd|1
|move|p1a: Orbeetle|Confuse Ray|p2a: Sigilyph
|-start|p2a: Sigilyph|confusion
|
|upkeep
|turn|7
|
|switch|p1a: Corviknight|Corviknight, F|100/100
|-activate|p2a: Sigilyph|confusion
|move|p2a: Sigilyph|Shadow Ball|p1a: Corviknight
|-damage|p1a: Corviknight|65/100
|
|-heal|p1a: Corviknight|71/100|[from] item: Leftovers
|upkeep
|turn|8
|
|switch|p2a: Ferrothorn|Ferrothorn, M|100/100
|-activate|p2a: Ferrothorn|move: Sticky Web
|-unboost|p2a: Ferrothorn|spe|1
|move|p1a: Corviknight|Agility|p1a: Corviknight
|-boost|p1a: Corviknight|spe|2
|
|-heal|p1a: Corviknight|77/100|[from] item: Leftovers
|upkeep
|turn|9
|
|switch|p1a: Hatterene|Hatterene, F|61/100 par
|move|p2a: Ferrothorn|Leech Seed|p1a: Hatterene
|move|p1a: Hatterene|Leech Seed|p2a: Ferrothorn|[from]Magic Bounce
|-immune|p2a: Ferrothorn
|
|-heal|p1a: Hatterene|68/100 par|[from] item: Leftovers
|upkeep
|turn|10
|
|switch|p2a: Gastrodon|Gastrodon, M|82/100
|-activate|p2a: Gastrodon|move: Sticky Web
|-unboost|p2a: Gastrodon|spe|1
|cant|p1a: Hatterene|par
|
|-heal|p2a: Gastrodon|89/100|[from] item: Leftovers
|-heal|p1a: Hatterene|74/100 par|[from] item: Leftovers
|upkeep
|turn|11
|
|switch|p2a: Clefable|Clefable, M|100/100
|-activate|p2a: Clefable|move: Sticky Web
|-unboost|p2a: Clefable|spe|1
|move|p1a: Hatterene|Mystical Fire|p2a: Clefable
|-damage|p2a: Clefable|69/100
|-unboost|p2a: Clefable|spa|1
|
|-heal|p1a: Hatterene|80/100 par|[from] item: Leftovers
|upkeep
|turn|12
|
|move|p2a: Clefable|Wish|p2a: Clefable
|move|p1a: Hatterene|Mystical Fire|p2a: Clefable
|-damage|p2a: Clefable|41/100
|-unboost|p2a: Clefable|spa|1
|
|-heal|p1a: Hatterene|86/100 par|[from] item: Leftovers
|upkeep
|turn|13
|
|switch|p1a: Corsola|Corsola-Galar, M|100/100
|move|p2a: Clefable|Moonblast|p1a: Corsola
|-damage|p1a: Corsola|83/100
|
|-heal|p2a: Clefable|91/100|[from] move: Wish|[wisher] Clefable
|upkeep
|turn|14
|
|switch|p2a: Sigilyph|Sigilyph, M|100/100
|move|p1a: Corsola|Stealth Rock|p2a: Sigilyph
|-sidestart|p2: uriah.urgelia1999|move: Stealth Rock
|
|upkeep
|turn|15
|
|switch|p1a: Orbeetle|Orbeetle, F|22/100
|-item|p2a: Sigilyph|Life Orb|[from] ability: Frisk|[of] p1a: Orbeetle|[identify]
|move|p2a: Sigilyph|Shadow Ball|p1a: Orbeetle
|-supereffective|p1a: Orbeetle
|-damage|p1a: Orbeetle|0 fnt
|faint|p1a: Orbeetle
|
|upkeep
|inactive|Lancetty has 120 seconds left.
|
|switch|p1a: Dragapult|Dragapult, F|100/100
|turn|16
|
|switch|p2a: Ferrothorn|Ferrothorn, M|100/100
|-activate|p2a: Ferrothorn|move: Sticky Web
|-unboost|p2a: Ferrothorn|spe|1
|-damage|p2a: Ferrothorn|94/100|[from] Stealth Rock
|move|p1a: Dragapult|Shadow Ball|p2a: Ferrothorn
|-damage|p2a: Ferrothorn|47/100
|
|upkeep
|turn|17
|
|switch|p2a: Gastrodon|Gastrodon, M|89/100
|-activate|p2a: Gastrodon|move: Sticky Web
|-unboost|p2a: Gastrodon|spe|1
|-damage|p2a: Gastrodon|82/100|[from] Stealth Rock
|move|p1a: Dragapult|Shadow Ball|p2a: Gastrodon
|-damage|p2a: Gastrodon|46/100
|
|-heal|p2a: Gastrodon|52/100|[from] item: Leftovers
|upkeep
|turn|18
|inactive|Lancetty has 120 seconds left.
|
|switch|p1a: Hatterene|Hatterene, F|86/100 par
|move|p2a: Gastrodon|Recover|p2a: Gastrodon
|-heal|p2a: Gastrodon|100/100
|
|-heal|p1a: Hatterene|93/100 par|[from] item: Leftovers
|upkeep
|turn|19
|inactive|Lancetty has 120 seconds left.
|
|move|p2a: Gastrodon|Earth Power|p1a: Hatterene
|-damage|p1a: Hatterene|62/100 par
|-unboost|p1a: Hatterene|spd|1
|move|p1a: Hatterene|Dazzling Gleam|p2a: Gastrodon
|-damage|p2a: Gastrodon|72/100
|
|-heal|p2a: Gastrodon|78/100|[from] item: Leftovers
|-heal|p1a: Hatterene|68/100 par|[from] item: Leftovers
|upkeep
|turn|20
|inactive|Lancetty has 120 seconds left.
|
|switch|p1a: Corviknight|Corviknight, F|77/100
|move|p2a: Gastrodon|Earth Power|p1a: Corviknight
|-immune|p1a: Corviknight
|
|-heal|p1a: Corviknight|84/100|[from] item: Leftovers
|-heal|p2a: Gastrodon|84/100|[from] item: Leftovers
|upkeep
|turn|21
|inactive|Lancetty has 120 seconds left.
|
|move|p1a: Corviknight|Agility|p1a: Corviknight
|-boost|p1a: Corviknight|spe|2
|move|p2a: Gastrodon|Scald|p1a: Corviknight
|-damage|p1a: Corviknight|60/100
|-status|p1a: Corviknight|brn
|
|-heal|p1a: Corviknight|66/100 brn|[from] item: Leftovers
|-heal|p2a: Gastrodon|90/100|[from] item: Leftovers
|-damage|p1a: Corviknight|60/100 brn|[from] brn
|upkeep
|turn|22
|inactive|Lancetty has 120 seconds left.
|
|move|p1a: Corviknight|Bulk Up|p1a: Corviknight
|-boost|p1a: Corviknight|atk|1
|-boost|p1a: Corviknight|def|1
|move|p2a: Gastrodon|Scald|p1a: Corviknight
|-damage|p1a: Corviknight|36/100 brn
|
|-heal|p1a: Corviknight|42/100 brn|[from] item: Leftovers
|-heal|p2a: Gastrodon|97/100|[from] item: Leftovers
|-damage|p1a: Corviknight|36/100 brn|[from] brn
|upkeep
|turn|23
|inactive|Lancetty has 120 seconds left.
|
|move|p1a: Corviknight|Bulk Up|p1a: Corviknight
|-boost|p1a: Corviknight|atk|1
|-boost|p1a: Corviknight|def|1
|move|p2a: Gastrodon|Earth Power|p1a: Corviknight
|-immune|p1a: Corviknight
|
|-heal|p1a: Corviknight|42/100 brn|[from] item: Leftovers
|-heal|p2a: Gastrodon|100/100|[from] item: Leftovers
|-damage|p1a: Corviknight|36/100 brn|[from] brn
|upkeep
|turn|24
|inactive|Lancetty has 120 seconds left.
|
|move|p1a: Corviknight|Bulk Up|p1a: Corviknight
|-boost|p1a: Corviknight|atk|1
|-boost|p1a: Corviknight|def|1
|move|p2a: Gastrodon|Earth Power|p1a: Corviknight
|-immune|p1a: Corviknight
|
|-heal|p1a: Corviknight|42/100 brn|[from] item: Leftovers
|-damage|p1a: Corviknight|36/100 brn|[from] brn
|upkeep
|turn|25
|inactive|Lancetty has 120 seconds left.
|
|move|p1a: Corviknight|Bulk Up|p1a: Corviknight
|-boost|p1a: Corviknight|atk|1
|-boost|p1a: Corviknight|def|1
|move|p2a: Gastrodon|Scald|p1a: Corviknight
|-damage|p1a: Corviknight|12/100 brn
|
|-heal|p1a: Corviknight|19/100 brn|[from] item: Leftovers
|-damage|p1a: Corviknight|12/100 brn|[from] brn
|upkeep
|turn|26
|c|☆Lancetty|Waiting for roost
|c|☆uriah.urgelia1999|you know it!!
|c|☆uriah.urgelia1999|Please click Roost this turn
|inactive|uriah.urgelia1999 has 120 seconds left.
|c|☆Lancetty|Huh
|
|switch|p2a: Boltund|Boltund, M|17/100
|move|p1a: Corviknight|Power Trip|p2a: Boltund
|-damage|p2a: Boltund|0 fnt
|faint|p2a: Boltund
|
|-heal|p1a: Corviknight|19/100 brn|[from] item: Leftovers
|-damage|p1a: Corviknight|12/100 brn|[from] brn
|upkeep
|inactive|uriah.urgelia1999 has 120 seconds left.
|
|switch|p2a: Sigilyph|Sigilyph, M|100/100
|turn|27
|
|move|p1a: Corviknight|Power Trip|p2a: Sigilyph
|-supereffective|p2a: Sigilyph
|-damage|p2a: Sigilyph|0 fnt
|faint|p2a: Sigilyph
|
|-heal|p1a: Corviknight|19/100 brn|[from] item: Leftovers
|-damage|p1a: Corviknight|12/100 brn|[from] brn
|upkeep
|c|☆uriah.urgelia1999|bro i forgot it's fast
|inactive|uriah.urgelia1999 has 120 seconds left.
|
|switch|p2a: Dragapult|Dragapult, F|100/100
|-activate|p2a: Dragapult|move: Sticky Web
|-unboost|p2a: Dragapult|spe|1
|-damage|p2a: Dragapult|88/100|[from] Stealth Rock
|turn|28
|c|☆Lancetty|Yup
|
|move|p2a: Dragapult|Phantom Force||[still]
|-prepare|p2a: Dragapult|Phantom Force|p1a: Corviknight
|move|p1a: Corviknight|Power Trip|p2a: Dragapult|[miss]
|-miss|p1a: Corviknight|p2a: Dragapult
|
|-heal|p1a: Corviknight|19/100 brn|[from] item: Leftovers
|-damage|p1a: Corviknight|12/100 brn|[from] brn
|upkeep
|turn|29
|c|☆Lancetty|Dragapult is faster
|inactive|Lancetty has 120 seconds left.
|
|move|p2a: Dragapult|Phantom Force|p1a: Corviknight|[from]lockedmove
|-damage|p1a: Corviknight|0 fnt
|faint|p1a: Corviknight
|
|upkeep
|inactive|Lancetty has 120 seconds left.
|inactive|Lancetty has 90 seconds left.
|inactive|Lancetty has 60 seconds left.
|
|switch|p1a: Corsola|Corsola-Galar, M|83/100
|turn|30
|inactive|Lancetty has 60 seconds left.
|inactive|uriah.urgelia1999 has 120 seconds left.
|
|switch|p2a: Clefable|Clefable, M|91/100
|-activate|p2a: Clefable|move: Sticky Web
|-unboost|p2a: Clefable|spe|1
|switch|p1a: Hatterene|Hatterene, F|68/100 par
|
|-heal|p1a: Hatterene|75/100 par|[from] item: Leftovers
|upkeep
|turn|31
|
|move|p2a: Clefable|Moonblast|p1a: Hatterene
|-damage|p1a: Hatterene|17/100 par
|-unboost|p1a: Hatterene|spa|1
|move|p1a: Hatterene|Mystical Fire|p2a: Clefable
|-damage|p2a: Clefable|70/100
|-unboost|p2a: Clefable|spa|1
|
|-heal|p1a: Hatterene|23/100 par|[from] item: Leftovers
|upkeep
|turn|32
|
|move|p2a: Clefable|Moonblast|p1a: Hatterene
|-damage|p1a: Hatterene|0 fnt
|faint|p1a: Hatterene
|
|upkeep
|
|switch|p1a: Dracovish|Dracovish|100/100
|turn|33
|
|switch|p2a: Ferrothorn|Ferrothorn, M|47/100
|-activate|p2a: Ferrothorn|move: Sticky Web
|-unboost|p2a: Ferrothorn|spe|1
|-damage|p2a: Ferrothorn|41/100|[from] Stealth Rock
|move|p1a: Dracovish|Fishious Rend|p2a: Ferrothorn
|-resisted|p2a: Ferrothorn
|-damage|p2a: Ferrothorn|0 fnt
|-damage|p1a: Dracovish|88/100|[from] ability: Iron Barbs|[of] p2a: Ferrothorn
|-damage|p1a: Dracovish|72/100|[from] item: Rocky Helmet|[of] p2a: Ferrothorn
|faint|p2a: Ferrothorn
|
|upkeep
|
|switch|p2a: Gastrodon|Gastrodon, M|100/100
|-activate|p2a: Gastrodon|move: Sticky Web
|-unboost|p2a: Gastrodon|spe|1
|-damage|p2a: Gastrodon|94/100|[from] Stealth Rock
|turn|34
|
|move|p1a: Dracovish|Fishious Rend|p2a: Gastrodon
|-ability|p2a: Gastrodon|Storm Drain|boost
|-boost|p2a: Gastrodon|spa|1
|move|p2a: Gastrodon|Scald|p1a: Dracovish
|-resisted|p1a: Dracovish
|-crit|p1a: Dracovish
|-damage|p1a: Dracovish|54/100
|
|-heal|p2a: Gastrodon|100/100|[from] item: Leftovers
|upkeep
|turn|35
|c|☆Lancetty|Man how can i forget storm drain
|inactive|Lancetty has 30 seconds left.
|
|switch|p1a: Corsola|Corsola-Galar, M|83/100
|move|p2a: Gastrodon|Earth Power|p1a: Corsola
|-damage|p1a: Corsola|55/100
|
|upkeep
|turn|36
|c|☆uriah.urgelia1999|it's okay i read +2 speed at +0 speed
|inactive|Lancetty has 30 seconds left.
|
|move|p1a: Corsola|Strength Sap|p2a: Gastrodon
|-unboost|p2a: Gastrodon|atk|1
|-heal|p1a: Corsola|100/100
|move|p2a: Gastrodon|Scald|p1a: Corsola
|-damage|p1a: Corsola|76/100
|
|upkeep
|turn|37
|inactive|Lancetty has 30 seconds left.
|
|move|p1a: Corsola|Night Shade|p2a: Gastrodon
|-damage|p2a: Gastrodon|77/100
|move|p2a: Gastrodon|Scald|p1a: Corsola
|-damage|p1a: Corsola|52/100
|-status|p1a: Corsola|brn
|
|-heal|p2a: Gastrodon|83/100|[from] item: Leftovers
|-damage|p1a: Corsola|46/100 brn|[from] brn
|upkeep
|turn|38
|inactive|Lancetty has 30 seconds left.
|
|move|p1a: Corsola|Night Shade|p2a: Gastrodon
|-damage|p2a: Gastrodon|60/100
|move|p2a: Gastrodon|Earth Power|p1a: Corsola
|-damage|p1a: Corsola|21/100 brn
|-start|p2a: Gastrodon|Disable|Earth Power|[from] ability: Cursed Body|[of] p1a: Corsola
|
|-heal|p2a: Gastrodon|66/100|[from] item: Leftovers
|-damage|p1a: Corsola|14/100 brn|[from] brn
|upkeep
|turn|39
|inactive|Lancetty has 30 seconds left.
|
|move|p1a: Corsola|Strength Sap|p2a: Gastrodon
|-unboost|p2a: Gastrodon|atk|1
|-heal|p1a: Corsola|46/100 brn
|move|p2a: Gastrodon|Recover|p2a: Gastrodon
|-heal|p2a: Gastrodon|100/100
|
|-damage|p1a: Corsola|40/100 brn|[from] brn
|upkeep
|turn|40
|inactive|Lancetty has 30 seconds left.
|
|switch|p1a: Dracovish|Dracovish|54/100
|move|p2a: Gastrodon|Scald|p1a: Dracovish
|-resisted|p1a: Dracovish
|-damage|p1a: Dracovish|41/100
|-status|p1a: Dracovish|brn
|
|-damage|p1a: Dracovish|35/100 brn|[from] brn
|upkeep
|turn|41
|inactive|Lancetty has 30 seconds left.
|c|☆Lancetty|Fuck!!!!!
|inactive|Lancetty has 20 seconds left.
|inactive|Lancetty has 15 seconds left.
|
|move|p1a: Dracovish|Outrage|p2a: Gastrodon
|-damage|p2a: Gastrodon|60/100
|move|p2a: Gastrodon|Scald|p1a: Dracovish
|-resisted|p1a: Dracovish
|-damage|p1a: Dracovish|23/100 brn
|
|-heal|p2a: Gastrodon|66/100|[from] item: Leftovers
|-damage|p1a: Dracovish|17/100 brn|[from] brn
|-end|p2a: Gastrodon|Disable
|upkeep
|turn|42
|inactive|Lancetty has 25 seconds left this turn.
|inactive|Lancetty has 20 seconds left.
|inactive|uriah.urgelia1999 has 120 seconds left.
|inactive|Lancetty has 15 seconds left.
|
|move|p1a: Dracovish|Outrage|p2a: Gastrodon|[from]lockedmove
|-damage|p2a: Gastrodon|23/100
|move|p2a: Gastrodon|Recover|p2a: Gastrodon
|-heal|p2a: Gastrodon|73/100
|
|-heal|p2a: Gastrodon|79/100|[from] item: Leftovers
|-damage|p1a: Dracovish|10/100 brn|[from] brn
|upkeep
|turn|43
|inactive|Lancetty has 25 seconds left this turn.
|inactive|Lancetty has 20 seconds left.
|inactive|uriah.urgelia1999 has 120 seconds left.
|
|move|p1a: Dracovish|Outrage|p2a: Gastrodon|[from]lockedmove
|-damage|p2a: Gastrodon|37/100
|-start|p1a: Dracovish|confusion|[fatigue]
|move|p2a: Gastrodon|Recover|p2a: Gastrodon
|-heal|p2a: Gastrodon|87/100
|
|-heal|p2a: Gastrodon|93/100|[from] item: Leftovers
|-damage|p1a: Dracovish|4/100 brn|[from] brn
|upkeep
|turn|44
|inactive|Lancetty has 30 seconds left this turn.
|inactive|uriah.urgelia1999 has 120 seconds left.
|inactive|Lancetty has 20 seconds left.
|
|switch|p2a: Clefable|Clefable, M|70/100
|-activate|p2a: Clefable|move: Sticky Web
|-unboost|p2a: Clefable|spe|1
|-activate|p1a: Dracovish|confusion
|-damage|p1a: Dracovish|0 fnt|[from] confusion
|faint|p1a: Dracovish
|
|upkeep
|inactive|Lancetty has 25 seconds left this turn.
|inactive|Lancetty has 20 seconds left.
|inactive|Lancetty has 15 seconds left.
|
|switch|p1a: Dragapult|Dragapult, F|100/100
|turn|45
|inactive|Lancetty has 25 seconds left this turn.
|inactive|Lancetty has 20 seconds left.
|inactive|Lancetty has 15 seconds left.
|inactive|Lancetty has 10 seconds left.
|inactive|Lancetty has 5 seconds left.
|
|move|p1a: Dragapult|Thunderbolt|p2a: Clefable
|-damage|p2a: Clefable|25/100
|move|p2a: Clefable|Moonblast|p1a: Dragapult
|-supereffective|p1a: Dragapult
|-damage|p1a: Dragapult|0 fnt
|faint|p1a: Dragapult
|
|upkeep
|inactive|Lancetty has 10 seconds left this turn.
|inactive|Lancetty has 5 seconds left.
|-message|Lancetty lost due to inactivity.
|
|win|uriah.urgelia1999
|l|☆Lancetty
|raw|Lancetty's rating: 1154 → 1131(-23 for losing)
|raw|uriah.urgelia1999's rating: 1195 → 1217(+22 for winning)
|c|☆uriah.urgelia1999|gastro sweep gastro sweep
