|ScrapeTime|2020-01-02-23:56:26
|j|☆duglfugl
|j|☆Cawdown
|player|p1|duglfugl|51|1222
|player|p2|Cawdown|266|1233
|teamsize|p1|6
|teamsize|p2|6
|gametype|singles
|gen|8
|tier|[Gen 8] OU
|rated|
|rule|Sleep Clause Mod: Limit one foe put to sleep
|rule|Species Clause: Limit one of each Pokémon
|rule|OHKO Clause: OHKO moves are banned
|rule|Evasion Moves Clause: Evasion moves are banned
|rule|Endless Battle Clause: Forcing endless battles is banned
|rule|HP Percentage Mod: HP is shown in percentages
|clearpoke
|poke|p1|Gyarados, F|
|poke|p1|Cinderace, F|
|poke|p1|Grimmsnarl, M|
|poke|p1|Excadrill, M|
|poke|p1|Dragapult, M|
|poke|p1|Ditto|
|poke|p2|Gastrodon, M|
|poke|p2|Excadrill, M|
|poke|p2|Corsola-Galar, F|
|poke|p2|Mandibuzz, F|
|poke|p2|Toxapex, F|
|poke|p2|Cinderace, F|
|rule|Dynamax Clause: You cannot dynamax
|teampreview
|inactive|Battle timer is ON: inactive players will automatically lose when time's up. (requested by Cawdown)
|
|start
|switch|p1a: Grimmsnarl|Grimmsnarl, M|100/100
|switch|p2a: Cinderace|Cinderace, F|100/100
|turn|1
|
|move|p1a: Grimmsnarl|Reflect|p1a: Grimmsnarl
|-sidestart|p1: duglfugl|Reflect
|move|p2a: Cinderace|U-turn|p1a: Grimmsnarl
|-damage|p1a: Grimmsnarl|84/100
|
|switch|p2a: Toxapex|Toxapex, F|100/100|[from]move: U-turn
|
|upkeep
|turn|2
|inactive|duglfugl has 120 seconds left.
|
|move|p1a: Grimmsnarl|Taunt|p2a: Toxapex
|-start|p2a: Toxapex|move: Taunt
|cant|p2a: Toxapex|move: Taunt|Toxic
|
|upkeep
|turn|3
|
|switch|p2a: Mandibuzz|Mandibuzz, F|100/100
|move|p1a: Grimmsnarl|Light Screen|p1a: Grimmsnarl
|-sidestart|p1: duglfugl|move: Light Screen
|
|upkeep
|turn|4
|
|move|p1a: Grimmsnarl|Taunt|p2a: Mandibuzz
|-hint|Since gen 7, Dark is immune to Prankster moves.
|-immune|p2a: Mandibuzz
|move|p2a: Mandibuzz|Knock Off|p1a: Grimmsnarl
|-resisted|p1a: Grimmsnarl
|-damage|p1a: Grimmsnarl|80/100
|-enditem|p1a: Grimmsnarl|Light Clay|[from] move: Knock Off|[of] p2a: Mandibuzz
|
|upkeep
|turn|5
|
|switch|p2a: Cinderace|Cinderace, F|100/100
|move|p1a: Grimmsnarl|Darkest Lariat|p2a: Cinderace
|-damage|p2a: Cinderace|40/100
|
|upkeep
|turn|6
|
|move|p1a: Grimmsnarl|Taunt|p2a: Cinderace
|-start|p2a: Cinderace|move: Taunt
|move|p2a: Cinderace|U-turn|p1a: Grimmsnarl
|-damage|p1a: Grimmsnarl|64/100
|
|switch|p2a: Corsola|Corsola-Galar, F|100/100|[from]move: U-turn
|
|upkeep
|turn|7
|
|move|p1a: Grimmsnarl|Darkest Lariat|p2a: Corsola
|-supereffective|p2a: Corsola
|-damage|p2a: Corsola|33/100
|move|p2a: Corsola|Strength Sap|p1a: Grimmsnarl
|-unboost|p1a: Grimmsnarl|atk|1
|-heal|p2a: Corsola|100/100
|
|upkeep
|turn|8
|inactive|duglfugl has 120 seconds left.
|
|move|p1a: Grimmsnarl|Taunt|p2a: Corsola
|-start|p2a: Corsola|move: Taunt
|cant|p2a: Corsola|move: Taunt|Will-O-Wisp
|
|-sideend|p1: duglfugl|Reflect
|upkeep
|turn|9
|
|switch|p2a: Mandibuzz|Mandibuzz, F|100/100
|move|p1a: Grimmsnarl|Reflect|p1a: Grimmsnarl
|-sidestart|p1: duglfugl|Reflect
|
|upkeep
|turn|10
|inactive|duglfugl has 120 seconds left.
|
|move|p2a: Mandibuzz|Taunt|p1a: Grimmsnarl
|-start|p1a: Grimmsnarl|move: Taunt
|move|p1a: Grimmsnarl|Darkest Lariat|p2a: Mandibuzz
|-resisted|p2a: Mandibuzz
|-damage|p2a: Mandibuzz|90/100
|
|-heal|p2a: Mandibuzz|96/100|[from] item: Leftovers
|-sideend|p1: duglfugl|move: Light Screen
|upkeep
|turn|11
|inactive|duglfugl has 120 seconds left.
|
|switch|p1a: Dragapult|Dragapult, M|100/100
|move|p2a: Mandibuzz|Knock Off|p1a: Dragapult
|-supereffective|p1a: Dragapult
|-crit|p1a: Dragapult
|-damage|p1a: Dragapult|1/100
|-enditem|p1a: Dragapult|Leftovers|[from] move: Knock Off|[of] p2a: Mandibuzz
|
|-heal|p2a: Mandibuzz|100/100|[from] item: Leftovers
|upkeep
|turn|12
|
|move|p1a: Dragapult|Dragon Darts|p2a: Mandibuzz
|-damage|p2a: Mandibuzz|80/100
|-damage|p2a: Mandibuzz|61/100
|-hitcount|p2a: Mandibuzz|2
|move|p2a: Mandibuzz|Knock Off|p1a: Dragapult
|-supereffective|p1a: Dragapult
|-damage|p1a: Dragapult|0 fnt
|faint|p1a: Dragapult
|
|-heal|p2a: Mandibuzz|68/100|[from] item: Leftovers
|upkeep
|
|switch|p1a: Excadrill|Excadrill, M|100/100
|-ability|p1a: Excadrill|Mold Breaker
|turn|13
|
|move|p1a: Excadrill|Iron Head|p2a: Mandibuzz
|-damage|p2a: Mandibuzz|28/100
|-damage|p1a: Excadrill|91/100|[from] item: Life Orb
|cant|p2a: Mandibuzz|flinch
|
|-heal|p2a: Mandibuzz|34/100|[from] item: Leftovers
|-sideend|p1: duglfugl|Reflect
|upkeep
|turn|14
|inactive|duglfugl has 90 seconds left.
|
|switch|p2a: Corsola|Corsola-Galar, F|100/100
|move|p1a: Excadrill|Earthquake|p2a: Corsola
|-damage|p2a: Corsola|50/100
|-damage|p1a: Excadrill|81/100|[from] item: Life Orb
|
|upkeep
|turn|15
|
|switch|p2a: Mandibuzz|Mandibuzz, F|34/100
|move|p1a: Excadrill|Earthquake|p2a: Mandibuzz
|-immune|p2a: Mandibuzz
|
|-heal|p2a: Mandibuzz|40/100|[from] item: Leftovers
|upkeep
|turn|16
|inactive|Cawdown has 120 seconds left.
|
|move|p1a: Excadrill|Stealth Rock|p2a: Mandibuzz
|-sidestart|p2: Cawdown|move: Stealth Rock
|move|p2a: Mandibuzz|Roost|p2a: Mandibuzz
|-heal|p2a: Mandibuzz|90/100
|-singleturn|p2a: Mandibuzz|move: Roost
|
|-heal|p2a: Mandibuzz|96/100|[from] item: Leftovers
|upkeep
|turn|17
|inactive|Cawdown has 120 seconds left.
|
|move|p1a: Excadrill|Iron Head|p2a: Mandibuzz
|-damage|p2a: Mandibuzz|58/100
|-damage|p1a: Excadrill|71/100|[from] item: Life Orb
|cant|p2a: Mandibuzz|flinch
|
|-heal|p2a: Mandibuzz|64/100|[from] item: Leftovers
|upkeep
|turn|18
|
|move|p1a: Excadrill|Iron Head|p2a: Mandibuzz
|-damage|p2a: Mandibuzz|26/100
|-damage|p1a: Excadrill|61/100|[from] item: Life Orb
|move|p2a: Mandibuzz|Roost|p2a: Mandibuzz
|-heal|p2a: Mandibuzz|76/100
|-singleturn|p2a: Mandibuzz|move: Roost
|
|-heal|p2a: Mandibuzz|82/100|[from] item: Leftovers
|upkeep
|turn|19
|inactive|duglfugl has 90 seconds left.
|
|switch|p1a: Grimmsnarl|Grimmsnarl, M|64/100
|move|p2a: Mandibuzz|Defog|p1a: Grimmsnarl
|-unboost|p1a: Grimmsnarl|evasion|1
|-sideend|p2: Cawdown|Stealth Rock|[from] move: Defog|[of] p2a: Mandibuzz
|
|-heal|p2a: Mandibuzz|88/100|[from] item: Leftovers
|upkeep
|turn|20
|inactive|duglfugl has 90 seconds left.
|
|switch|p1a: Excadrill|Excadrill, M|61/100
|-ability|p1a: Excadrill|Mold Breaker
|move|p2a: Mandibuzz|Taunt|p1a: Excadrill
|-start|p1a: Excadrill|move: Taunt
|
|-heal|p2a: Mandibuzz|94/100|[from] item: Leftovers
|upkeep
|turn|21
|inactive|Cawdown has 120 seconds left.
|inactive|duglfugl has 90 seconds left.
|
|move|p1a: Excadrill|Earthquake|p2a: Mandibuzz
|-immune|p2a: Mandibuzz
|move|p2a: Mandibuzz|Defog|p1a: Excadrill
|-unboost|p1a: Excadrill|evasion|1
|
|-heal|p2a: Mandibuzz|99/100|[from] item: Leftovers
|upkeep
|turn|22
|
|move|p1a: Excadrill|Iron Head|p2a: Mandibuzz
|-damage|p2a: Mandibuzz|59/100
|-damage|p1a: Excadrill|51/100|[from] item: Life Orb
|move|p2a: Mandibuzz|Taunt||[still]
|-fail|p2a: Mandibuzz
|
|-heal|p2a: Mandibuzz|65/100|[from] item: Leftovers
|-end|p1a: Excadrill|move: Taunt
|upkeep
|turn|23
|
|move|p1a: Excadrill|Iron Head|p2a: Mandibuzz
|-damage|p2a: Mandibuzz|22/100
|-damage|p1a: Excadrill|41/100|[from] item: Life Orb
|cant|p2a: Mandibuzz|flinch
|
|-heal|p2a: Mandibuzz|28/100|[from] item: Leftovers
|upkeep
|turn|24
|inactive|Cawdown has 120 seconds left.
|
|move|p1a: Excadrill|Iron Head|p2a: Mandibuzz
|-damage|p2a: Mandibuzz|0 fnt
|-damage|p1a: Excadrill|31/100|[from] item: Life Orb
|faint|p2a: Mandibuzz
|
|upkeep
|
|switch|p2a: Toxapex|Toxapex, F|100/100
|turn|25
|
|move|p1a: Excadrill|Stealth Rock|p2a: Toxapex
|-sidestart|p2: Cawdown|move: Stealth Rock
|move|p2a: Toxapex|Recover||[still]
|-fail|p2a: Toxapex|heal
|
|upkeep
|turn|26
|
|move|p2a: Toxapex|Baneful Bunker|p2a: Toxapex
|-singleturn|p2a: Toxapex|move: Protect
|move|p1a: Excadrill|Earthquake|p2a: Toxapex
|-activate|p2a: Toxapex|move: Protect
|
|upkeep
|turn|27
|inactive|duglfugl has 120 seconds left.
|
|move|p1a: Excadrill|Earthquake|p2a: Toxapex
|-supereffective|p2a: Toxapex
|-damage|p2a: Toxapex|0 fnt
|-damage|p1a: Excadrill|21/100|[from] item: Life Orb
|faint|p2a: Toxapex
|
|upkeep
|inactive|Cawdown has 120 seconds left.
|
|switch|p2a: Excadrill|Excadrill, M|100/100
|-damage|p2a: Excadrill|97/100|[from] Stealth Rock
|-ability|p2a: Excadrill|Mold Breaker
|turn|28
|inactive|duglfugl has 120 seconds left.
|
|move|p1a: Excadrill|Earthquake|p2a: Excadrill
|-supereffective|p2a: Excadrill
|-damage|p2a: Excadrill|0 fnt
|-damage|p1a: Excadrill|11/100|[from] item: Life Orb
|faint|p2a: Excadrill
|
|upkeep
|
|switch|p2a: Cinderace|Cinderace, F|40/100
|turn|29
|
|move|p2a: Cinderace|High Jump Kick|p1a: Excadrill
|-supereffective|p1a: Excadrill
|-crit|p1a: Excadrill
|-damage|p1a: Excadrill|0 fnt
|faint|p1a: Excadrill
|
|upkeep
|
|switch|p1a: Grimmsnarl|Grimmsnarl, M|64/100
|turn|30
|
|move|p1a: Grimmsnarl|Taunt|p2a: Cinderace
|-start|p2a: Cinderace|move: Taunt
|move|p2a: Cinderace|U-turn|p1a: Grimmsnarl
|-damage|p1a: Grimmsnarl|34/100
|
|switch|p2a: Gastrodon|Gastrodon, M|100/100|[from]move: U-turn
|-damage|p2a: Gastrodon|94/100|[from] Stealth Rock
|
|-heal|p2a: Gastrodon|100/100|[from] item: Leftovers
|upkeep
|turn|31
|
|move|p1a: Grimmsnarl|Taunt|p2a: Gastrodon
|-start|p2a: Gastrodon|move: Taunt
|cant|p2a: Gastrodon|move: Taunt|Acid Armor
|
|upkeep
|turn|32
|
|move|p1a: Grimmsnarl|Light Screen|p1a: Grimmsnarl
|-sidestart|p1: duglfugl|move: Light Screen
|move|p2a: Gastrodon|Ice Beam|p1a: Grimmsnarl
|-damage|p1a: Grimmsnarl|22/100
|
|upkeep
|turn|33
|
|move|p1a: Grimmsnarl|Reflect|p1a: Grimmsnarl
|-sidestart|p1: duglfugl|Reflect
|move|p2a: Gastrodon|Ice Beam|p1a: Grimmsnarl
|-damage|p1a: Grimmsnarl|11/100
|
|-end|p2a: Gastrodon|move: Taunt
|upkeep
|turn|34
|
|move|p1a: Grimmsnarl|Taunt|p2a: Gastrodon
|-start|p2a: Gastrodon|move: Taunt
|move|p2a: Gastrodon|Ice Beam|p1a: Grimmsnarl
|-damage|p1a: Grimmsnarl|0 fnt
|faint|p1a: Grimmsnarl
|
|upkeep
|
|switch|p1a: Gyarados|Gyarados, F|100/100
|turn|35
|
|switch|p2a: Cinderace|Cinderace, F|40/100
|move|p1a: Gyarados|Substitute|p1a: Gyarados
|-start|p1a: Gyarados|Substitute
|-damage|p1a: Gyarados|76/100
|
|-heal|p1a: Gyarados|82/100|[from] item: Leftovers
|upkeep
|turn|36
|
|move|p2a: Cinderace|High Jump Kick|p1a: Gyarados
|-resisted|p1a: Gyarados
|-activate|p1a: Gyarados|move: Substitute|[damage]
|move|p1a: Gyarados|Earthquake|p2a: Cinderace
|-supereffective|p2a: Cinderace
|-damage|p2a: Cinderace|0 fnt
|faint|p2a: Cinderace
|-ability|p1a: Gyarados|Moxie|boost
|-boost|p1a: Gyarados|atk|1
|
|-heal|p1a: Gyarados|88/100|[from] item: Leftovers
|-sideend|p1: duglfugl|move: Light Screen
|upkeep
|
|switch|p2a: Corsola|Corsola-Galar, F|50/100
|-damage|p2a: Corsola|37/100|[from] Stealth Rock
|turn|37
|inactive|duglfugl has 120 seconds left.
|
|move|p1a: Gyarados|Earthquake|p2a: Corsola
|-damage|p2a: Corsola|3/100
|move|p2a: Corsola|Strength Sap||[still]
|-fail|p2a: Corsola
|
|-heal|p1a: Gyarados|94/100|[from] item: Leftovers
|-sideend|p1: duglfugl|Reflect
|upkeep
|turn|38
|
|move|p1a: Gyarados|Dragon Dance|p1a: Gyarados
|-boost|p1a: Gyarados|atk|1
|-boost|p1a: Gyarados|spe|1
|move|p2a: Corsola|Night Shade|p1a: Gyarados
|-end|p1a: Gyarados|Substitute
|
|-heal|p1a: Gyarados|99/100|[from] item: Leftovers
|upkeep
|turn|39
|
|move|p1a: Gyarados|Earthquake|p2a: Corsola
|-damage|p2a: Corsola|0 fnt
|-start|p1a: Gyarados|Disable|Earthquake|[from] ability: Cursed Body|[of] p2a: Corsola
|faint|p2a: Corsola
|-ability|p1a: Gyarados|Moxie|boost
|-boost|p1a: Gyarados|atk|1
|
|-heal|p1a: Gyarados|100/100|[from] item: Leftovers
|upkeep
|
|switch|p2a: Gastrodon|Gastrodon, M|100/100
|-damage|p2a: Gastrodon|94/100|[from] Stealth Rock
|turn|40
|
|move|p1a: Gyarados|Substitute|p1a: Gyarados
|-start|p1a: Gyarados|Substitute
|-damage|p1a: Gyarados|76/100
|move|p2a: Gastrodon|Acid Armor|p2a: Gastrodon
|-boost|p2a: Gastrodon|def|2
|
|-heal|p1a: Gyarados|82/100|[from] item: Leftovers
|-heal|p2a: Gastrodon|100/100|[from] item: Leftovers
|upkeep
|turn|41
|
|move|p1a: Gyarados|Dragon Dance|p1a: Gyarados
|-boost|p1a: Gyarados|atk|1
|-boost|p1a: Gyarados|spe|1
|move|p2a: Gastrodon|Acid Armor|p2a: Gastrodon
|-boost|p2a: Gastrodon|def|2
|
|-heal|p1a: Gyarados|88/100|[from] item: Leftovers
|upkeep
|turn|42
|
|move|p1a: Gyarados|Dragon Dance|p1a: Gyarados
|-boost|p1a: Gyarados|atk|1
|-boost|p1a: Gyarados|spe|1
|move|p2a: Gastrodon|Acid Armor|p2a: Gastrodon
|-boost|p2a: Gastrodon|def|2
|
|-heal|p1a: Gyarados|94/100|[from] item: Leftovers
|-end|p1a: Gyarados|Disable
|upkeep
|turn|43
|
|move|p1a: Gyarados|Dragon Dance|p1a: Gyarados
|-boost|p1a: Gyarados|atk|1
|-boost|p1a: Gyarados|spe|1
|move|p2a: Gastrodon|Ice Beam|p1a: Gyarados
|-activate|p1a: Gyarados|move: Substitute|[damage]
|
|-heal|p1a: Gyarados|99/100|[from] item: Leftovers
|upkeep
|turn|44
|c|☆duglfugl|bruh
|c|☆duglfugl|gg
|
|move|p1a: Gyarados|Earthquake|p2a: Gastrodon
|-damage|p2a: Gastrodon|74/100
|move|p2a: Gastrodon|Recover|p2a: Gastrodon
|-heal|p2a: Gastrodon|100/100
|
|-heal|p1a: Gyarados|100/100|[from] item: Leftovers
|upkeep
|turn|45
|c|☆Cawdown|Xd
|inactive|duglfugl has 120 seconds left.
|
|move|p1a: Gyarados|Earthquake|p2a: Gastrodon
|-damage|p2a: Gastrodon|70/100
|move|p2a: Gastrodon|Ice Beam|p1a: Gyarados
|-end|p1a: Gyarados|Substitute
|
|-heal|p2a: Gastrodon|77/100|[from] item: Leftovers
|upkeep
|turn|46
|inactive|duglfugl has 120 seconds left.
|
|move|p1a: Gyarados|Earthquake|p2a: Gastrodon
|-damage|p2a: Gastrodon|48/100
|move|p2a: Gastrodon|Ice Beam|p1a: Gyarados
|-damage|p1a: Gyarados|82/100
|
|-heal|p1a: Gyarados|88/100|[from] item: Leftovers
|-heal|p2a: Gastrodon|54/100|[from] item: Leftovers
|upkeep
|turn|47
|
|move|p1a: Gyarados|Earthquake|p2a: Gastrodon
|-damage|p2a: Gastrodon|22/100
|move|p2a: Gastrodon|Recover|p2a: Gastrodon
|-heal|p2a: Gastrodon|72/100
|
|-heal|p1a: Gyarados|94/100|[from] item: Leftovers
|-heal|p2a: Gastrodon|78/100|[from] item: Leftovers
|upkeep
|turn|48
|
|move|p1a: Gyarados|Earthquake|p2a: Gastrodon
|-damage|p2a: Gastrodon|48/100
|move|p2a: Gastrodon|Recover|p2a: Gastrodon
|-heal|p2a: Gastrodon|98/100
|
|-heal|p1a: Gyarados|99/100|[from] item: Leftovers
|-heal|p2a: Gastrodon|100/100|[from] item: Leftovers
|upkeep
|turn|49
|
|move|p1a: Gyarados|Earthquake|p2a: Gastrodon
|-damage|p2a: Gastrodon|73/100
|move|p2a: Gastrodon|Ice Beam|p1a: Gyarados
|-damage|p1a: Gyarados|81/100
|
|-heal|p1a: Gyarados|87/100|[from] item: Leftovers
|-heal|p2a: Gastrodon|79/100|[from] item: Leftovers
|upkeep
|turn|50
|
|move|p1a: Gyarados|Earthquake|p2a: Gastrodon
|-damage|p2a: Gastrodon|50/100
|move|p2a: Gastrodon|Ice Beam|p1a: Gyarados
|-damage|p1a: Gyarados|67/100
|
|-heal|p1a: Gyarados|73/100|[from] item: Leftovers
|-heal|p2a: Gastrodon|56/100|[from] item: Leftovers
|upkeep
|turn|51
|
|move|p1a: Gyarados|Earthquake|p2a: Gastrodon
|-damage|p2a: Gastrodon|26/100
|move|p2a: Gastrodon|Recover|p2a: Gastrodon
|-heal|p2a: Gastrodon|76/100
|
|-heal|p1a: Gyarados|79/100|[from] item: Leftovers
|-heal|p2a: Gastrodon|82/100|[from] item: Leftovers
|upkeep
|turn|52
|
|move|p1a: Gyarados|Earthquake|p2a: Gastrodon
|-damage|p2a: Gastrodon|53/100
|move|p2a: Gastrodon|Recover|p2a: Gastrodon
|-heal|p2a: Gastrodon|100/100
|
|-heal|p1a: Gyarados|85/100|[from] item: Leftovers
|upkeep
|turn|53
|
|move|p1a: Gyarados|Earthquake|p2a: Gastrodon
|-damage|p2a: Gastrodon|72/100
|move|p2a: Gastrodon|Ice Beam|p1a: Gyarados
|-damage|p1a: Gyarados|65/100
|
|-heal|p1a: Gyarados|71/100|[from] item: Leftovers
|-heal|p2a: Gastrodon|78/100|[from] item: Leftovers
|upkeep
|turn|54
|c|☆duglfugl|bro
|c|☆duglfugl|just dc
|c|☆duglfugl|its over
|
|move|p1a: Gyarados|Substitute|p1a: Gyarados
|-start|p1a: Gyarados|Substitute
|-damage|p1a: Gyarados|47/100
|move|p2a: Gastrodon|Ice Beam|p1a: Gyarados
|-activate|p1a: Gyarados|move: Substitute|[damage]
|
|-heal|p1a: Gyarados|53/100|[from] item: Leftovers
|-heal|p2a: Gastrodon|85/100|[from] item: Leftovers
|upkeep
|turn|55
|
|move|p1a: Gyarados|Dragon Dance|p1a: Gyarados
|-boost|p1a: Gyarados|atk|0
|-boost|p1a: Gyarados|spe|1
|move|p2a: Gastrodon|Ice Beam|p1a: Gyarados
|-end|p1a: Gyarados|Substitute
|
|-heal|p1a: Gyarados|59/100|[from] item: Leftovers
|-heal|p2a: Gastrodon|91/100|[from] item: Leftovers
|upkeep
|turn|56
|
|move|p1a: Gyarados|Dragon Dance|p1a: Gyarados
|-boost|p1a: Gyarados|atk|0
|-boost|p1a: Gyarados|spe|1
|move|p2a: Gastrodon|Ice Beam|p1a: Gyarados
|-damage|p1a: Gyarados|39/100
|
|-heal|p1a: Gyarados|45/100|[from] item: Leftovers
|-heal|p2a: Gastrodon|97/100|[from] item: Leftovers
|upkeep
|turn|57
|
|move|p1a: Gyarados|Dragon Dance|p1a: Gyarados
|-boost|p1a: Gyarados|atk|0
|-boost|p1a: Gyarados|spe|0
|move|p2a: Gastrodon|Ice Beam|p1a: Gyarados
|-damage|p1a: Gyarados|26/100
|
|-heal|p1a: Gyarados|32/100|[from] item: Leftovers
|-heal|p2a: Gastrodon|100/100|[from] item: Leftovers
|upkeep
|turn|58
|
|move|p1a: Gyarados|Earthquake|p2a: Gastrodon
|-damage|p2a: Gastrodon|74/100
|move|p2a: Gastrodon|Ice Beam|p1a: Gyarados
|-damage|p1a: Gyarados|12/100
|
|-heal|p1a: Gyarados|18/100|[from] item: Leftovers
|-heal|p2a: Gastrodon|80/100|[from] item: Leftovers
|upkeep
|turn|59
|
|move|p1a: Gyarados|Earthquake|p2a: Gastrodon
|-damage|p2a: Gastrodon|50/100
|move|p2a: Gastrodon|Amnesia|p2a: Gastrodon
|-boost|p2a: Gastrodon|spd|2
|
|-heal|p1a: Gyarados|24/100|[from] item: Leftovers
|-heal|p2a: Gastrodon|56/100|[from] item: Leftovers
|upkeep
|turn|60
|
|move|p1a: Gyarados|Earthquake|p2a: Gastrodon
|-damage|p2a: Gastrodon|26/100
|move|p2a: Gastrodon|Recover|p2a: Gastrodon
|-heal|p2a: Gastrodon|76/100
|
|-heal|p1a: Gyarados|30/100|[from] item: Leftovers
|-heal|p2a: Gastrodon|82/100|[from] item: Leftovers
|upkeep
|turn|61
|
|move|p1a: Gyarados|Substitute|p1a: Gyarados
|-start|p1a: Gyarados|Substitute
|-damage|p1a: Gyarados|6/100
|move|p2a: Gastrodon|Ice Beam|p1a: Gyarados
|-activate|p1a: Gyarados|move: Substitute|[damage]
|
|-heal|p1a: Gyarados|12/100|[from] item: Leftovers
|-heal|p2a: Gastrodon|88/100|[from] item: Leftovers
|upkeep
|turn|62
|
|move|p1a: Gyarados|Dragon Dance|p1a: Gyarados
|-boost|p1a: Gyarados|atk|0
|-boost|p1a: Gyarados|spe|0
|move|p2a: Gastrodon|Ice Beam|p1a: Gyarados
|-end|p1a: Gyarados|Substitute
|
|-heal|p1a: Gyarados|18/100|[from] item: Leftovers
|-heal|p2a: Gastrodon|94/100|[from] item: Leftovers
|upkeep
|turn|63
|c|☆Cawdown|F
|
|move|p1a: Gyarados|Dragon Dance|p1a: Gyarados
|-boost|p1a: Gyarados|atk|0
|-boost|p1a: Gyarados|spe|0
|move|p2a: Gastrodon|Amnesia|p2a: Gastrodon
|-boost|p2a: Gastrodon|spd|2
|
|-heal|p1a: Gyarados|24/100|[from] item: Leftovers
|-heal|p2a: Gastrodon|100/100|[from] item: Leftovers
|upkeep
|turn|64
|
|move|p1a: Gyarados|Dragon Dance|p1a: Gyarados
|-boost|p1a: Gyarados|atk|0
|-boost|p1a: Gyarados|spe|0
|move|p2a: Gastrodon|Acid Armor|p2a: Gastrodon
|-boost|p2a: Gastrodon|def|0
|
|-heal|p1a: Gyarados|30/100|[from] item: Leftovers
|upkeep
|turn|65
|
|move|p1a: Gyarados|Substitute|p1a: Gyarados
|-start|p1a: Gyarados|Substitute
|-damage|p1a: Gyarados|5/100
|move|p2a: Gastrodon|Amnesia|p2a: Gastrodon
|-boost|p2a: Gastrodon|spd|2
|
|-heal|p1a: Gyarados|11/100|[from] item: Leftovers
|upkeep
|turn|66
|
|move|p1a: Gyarados|Dragon Dance|p1a: Gyarados
|-boost|p1a: Gyarados|atk|0
|-boost|p1a: Gyarados|spe|0
|move|p2a: Gastrodon|Acid Armor|p2a: Gastrodon
|-boost|p2a: Gastrodon|def|0
|
|-heal|p1a: Gyarados|17/100|[from] item: Leftovers
|upkeep
|turn|67
|
|move|p1a: Gyarados|Dragon Dance|p1a: Gyarados
|-boost|p1a: Gyarados|atk|0
|-boost|p1a: Gyarados|spe|0
|move|p2a: Gastrodon|Acid Armor|p2a: Gastrodon
|-boost|p2a: Gastrodon|def|0
|
|-heal|p1a: Gyarados|23/100|[from] item: Leftovers
|upkeep
|turn|68
|
|move|p1a: Gyarados|Dragon Dance|p1a: Gyarados
|-boost|p1a: Gyarados|atk|0
|-boost|p1a: Gyarados|spe|0
|move|p2a: Gastrodon|Amnesia|p2a: Gastrodon
|-boost|p2a: Gastrodon|spd|0
|
|-heal|p1a: Gyarados|29/100|[from] item: Leftovers
|upkeep
|turn|69
|
|move|p1a: Gyarados|Dragon Dance|p1a: Gyarados
|-boost|p1a: Gyarados|atk|0
|-boost|p1a: Gyarados|spe|0
|move|p2a: Gastrodon|Amnesia|p2a: Gastrodon
|-boost|p2a: Gastrodon|spd|0
|
|-heal|p1a: Gyarados|35/100|[from] item: Leftovers
|upkeep
|turn|70
|
|move|p1a: Gyarados|Dragon Dance|p1a: Gyarados
|-boost|p1a: Gyarados|atk|0
|-boost|p1a: Gyarados|spe|0
|move|p2a: Gastrodon|Amnesia|p2a: Gastrodon
|-boost|p2a: Gastrodon|spd|0
|
|-heal|p1a: Gyarados|41/100|[from] item: Leftovers
|upkeep
|turn|71
|
|move|p1a: Gyarados|Dragon Dance|p1a: Gyarados
|-boost|p1a: Gyarados|atk|0
|-boost|p1a: Gyarados|spe|0
|move|p2a: Gastrodon|Amnesia|p2a: Gastrodon
|-boost|p2a: Gastrodon|spd|0
|
|-heal|p1a: Gyarados|47/100|[from] item: Leftovers
|upkeep
|turn|72
|
|move|p1a: Gyarados|Dragon Dance|p1a: Gyarados
|-boost|p1a: Gyarados|atk|0
|-boost|p1a: Gyarados|spe|0
|move|p2a: Gastrodon|Acid Armor|p2a: Gastrodon
|-boost|p2a: Gastrodon|def|0
|
|-heal|p1a: Gyarados|53/100|[from] item: Leftovers
|upkeep
|turn|73
|
|move|p1a: Gyarados|Dragon Dance|p1a: Gyarados
|-boost|p1a: Gyarados|atk|0
|-boost|p1a: Gyarados|spe|0
|move|p2a: Gastrodon|Acid Armor|p2a: Gastrodon
|-boost|p2a: Gastrodon|def|0
|
|-heal|p1a: Gyarados|59/100|[from] item: Leftovers
|upkeep
|turn|74
|
|move|p1a: Gyarados|Dragon Dance|p1a: Gyarados
|-boost|p1a: Gyarados|atk|0
|-boost|p1a: Gyarados|spe|0
|move|p2a: Gastrodon|Acid Armor|p2a: Gastrodon
|-boost|p2a: Gastrodon|def|0
|
|-heal|p1a: Gyarados|65/100|[from] item: Leftovers
|upkeep
|turn|75
|
|move|p1a: Gyarados|Dragon Dance|p1a: Gyarados
|-boost|p1a: Gyarados|atk|0
|-boost|p1a: Gyarados|spe|0
|move|p2a: Gastrodon|Acid Armor|p2a: Gastrodon
|-boost|p2a: Gastrodon|def|0
|
|-heal|p1a: Gyarados|71/100|[from] item: Leftovers
|upkeep
|turn|76
|
|move|p1a: Gyarados|Dragon Dance|p1a: Gyarados
|-boost|p1a: Gyarados|atk|0
|-boost|p1a: Gyarados|spe|0
|move|p2a: Gastrodon|Acid Armor|p2a: Gastrodon
|-boost|p2a: Gastrodon|def|0
|
|-heal|p1a: Gyarados|78/100|[from] item: Leftovers
|upkeep
|turn|77
|
|move|p1a: Gyarados|Dragon Dance|p1a: Gyarados
|-boost|p1a: Gyarados|atk|0
|-boost|p1a: Gyarados|spe|0
|move|p2a: Gastrodon|Acid Armor|p2a: Gastrodon
|-boost|p2a: Gastrodon|def|0
|
|-heal|p1a: Gyarados|84/100|[from] item: Leftovers
|upkeep
|turn|78
|
|move|p1a: Gyarados|Dragon Dance|p1a: Gyarados
|-boost|p1a: Gyarados|atk|0
|-boost|p1a: Gyarados|spe|0
|move|p2a: Gastrodon|Amnesia|p2a: Gastrodon
|-boost|p2a: Gastrodon|spd|0
|
|-heal|p1a: Gyarados|90/100|[from] item: Leftovers
|upkeep
|turn|79
|
|move|p1a: Gyarados|Dragon Dance|p1a: Gyarados
|-boost|p1a: Gyarados|atk|0
|-boost|p1a: Gyarados|spe|0
|move|p2a: Gastrodon|Amnesia|p2a: Gastrodon
|-boost|p2a: Gastrodon|spd|0
|
|-heal|p1a: Gyarados|96/100|[from] item: Leftovers
|upkeep
|turn|80
|
|move|p1a: Gyarados|Dragon Dance|p1a: Gyarados
|-boost|p1a: Gyarados|atk|0
|-boost|p1a: Gyarados|spe|0
|move|p2a: Gastrodon|Amnesia|p2a: Gastrodon
|-boost|p2a: Gastrodon|spd|0
|
|-heal|p1a: Gyarados|100/100|[from] item: Leftovers
|upkeep
|turn|81
|
|move|p1a: Gyarados|Dragon Dance|p1a: Gyarados
|-boost|p1a: Gyarados|atk|0
|-boost|p1a: Gyarados|spe|0
|move|p2a: Gastrodon|Amnesia|p2a: Gastrodon
|-boost|p2a: Gastrodon|spd|0
|
|upkeep
|turn|82
|
|move|p1a: Gyarados|Dragon Dance|p1a: Gyarados
|-boost|p1a: Gyarados|atk|0
|-boost|p1a: Gyarados|spe|0
|move|p2a: Gastrodon|Amnesia|p2a: Gastrodon
|-boost|p2a: Gastrodon|spd|0
|
|upkeep
|turn|83
|
|move|p1a: Gyarados|Dragon Dance|p1a: Gyarados
|-boost|p1a: Gyarados|atk|0
|-boost|p1a: Gyarados|spe|0
|move|p2a: Gastrodon|Acid Armor|p2a: Gastrodon
|-boost|p2a: Gastrodon|def|0
|
|upkeep
|turn|84
|
|move|p1a: Gyarados|Dragon Dance|p1a: Gyarados
|-boost|p1a: Gyarados|atk|0
|-boost|p1a: Gyarados|spe|0
|move|p2a: Gastrodon|Acid Armor|p2a: Gastrodon
|-boost|p2a: Gastrodon|def|0
|
|upkeep
|turn|85
|
|move|p1a: Gyarados|Dragon Dance|p1a: Gyarados
|-boost|p1a: Gyarados|atk|0
|-boost|p1a: Gyarados|spe|0
|move|p2a: Gastrodon|Acid Armor|p2a: Gastrodon
|-boost|p2a: Gastrodon|def|0
|
|upkeep
|turn|86
|
|move|p1a: Gyarados|Dragon Dance|p1a: Gyarados
|-boost|p1a: Gyarados|atk|0
|-boost|p1a: Gyarados|spe|0
|move|p2a: Gastrodon|Acid Armor|p2a: Gastrodon
|-boost|p2a: Gastrodon|def|0
|
|upkeep
|turn|87
|
|move|p1a: Gyarados|Dragon Dance|p1a: Gyarados
|-boost|p1a: Gyarados|atk|0
|-boost|p1a: Gyarados|spe|0
|move|p2a: Gastrodon|Acid Armor|p2a: Gastrodon
|-boost|p2a: Gastrodon|def|0
|
|upkeep
|turn|88
|
|move|p1a: Gyarados|Waterfall|p2a: Gastrodon
|-ability|p2a: Gastrodon|Storm Drain|boost
|-boost|p2a: Gastrodon|spa|1
|move|p2a: Gastrodon|Amnesia|p2a: Gastrodon
|-boost|p2a: Gastrodon|spd|0
|
|upkeep
|turn|89
|
|move|p1a: Gyarados|Waterfall|p2a: Gastrodon
|-ability|p2a: Gastrodon|Storm Drain|boost
|-boost|p2a: Gastrodon|spa|1
|move|p2a: Gastrodon|Amnesia|p2a: Gastrodon
|-boost|p2a: Gastrodon|spd|0
|
|upkeep
|turn|90
|
|move|p1a: Gyarados|Substitute|p1a: Gyarados
|-fail|p1a: Gyarados|move: Substitute
|move|p2a: Gastrodon|Recover||[still]
|-fail|p2a: Gastrodon|heal
|
|upkeep
|turn|91
|
|move|p1a: Gyarados|Substitute|p1a: Gyarados
|-fail|p1a: Gyarados|move: Substitute
|move|p2a: Gastrodon|Amnesia|p2a: Gastrodon
|-boost|p2a: Gastrodon|spd|0
|
|upkeep
|turn|92
|
|move|p1a: Gyarados|Substitute|p1a: Gyarados
|-fail|p1a: Gyarados|move: Substitute
|move|p2a: Gastrodon|Amnesia|p2a: Gastrodon
|-boost|p2a: Gastrodon|spd|0
|
|upkeep
|turn|93
|
|move|p1a: Gyarados|Substitute|p1a: Gyarados
|-fail|p1a: Gyarados|move: Substitute
|move|p2a: Gastrodon|Amnesia|p2a: Gastrodon
|-boost|p2a: Gastrodon|spd|0
|
|upkeep
|turn|94
|
|move|p1a: Gyarados|Substitute|p1a: Gyarados
|-fail|p1a: Gyarados|move: Substitute
|move|p2a: Gastrodon|Amnesia|p2a: Gastrodon
|-boost|p2a: Gastrodon|spd|0
|
|upkeep
|turn|95
|
|move|p1a: Gyarados|Substitute|p1a: Gyarados
|-fail|p1a: Gyarados|move: Substitute
|move|p2a: Gastrodon|Amnesia|p2a: Gastrodon
|-boost|p2a: Gastrodon|spd|0
|
|upkeep
|turn|96
|
|move|p1a: Gyarados|Substitute|p1a: Gyarados
|-fail|p1a: Gyarados|move: Substitute
|move|p2a: Gastrodon|Acid Armor|p2a: Gastrodon
|-boost|p2a: Gastrodon|def|0
|
|upkeep
|turn|97
|
|move|p1a: Gyarados|Substitute|p1a: Gyarados
|-fail|p1a: Gyarados|move: Substitute
|move|p2a: Gastrodon|Acid Armor|p2a: Gastrodon
|-boost|p2a: Gastrodon|def|0
|
|upkeep
|turn|98
|
|move|p1a: Gyarados|Waterfall|p2a: Gastrodon
|-ability|p2a: Gastrodon|Storm Drain|boost
|-boost|p2a: Gastrodon|spa|1
|move|p2a: Gastrodon|Recover||[still]
|-fail|p2a: Gastrodon|heal
|
|upkeep
|turn|99
|
|move|p1a: Gyarados|Waterfall|p2a: Gastrodon
|-ability|p2a: Gastrodon|Storm Drain|boost
|-boost|p2a: Gastrodon|spa|1
|move|p2a: Gastrodon|Amnesia|p2a: Gastrodon
|-boost|p2a: Gastrodon|spd|0
|
|upkeep
|turn|100
|
|move|p1a: Gyarados|Waterfall|p2a: Gastrodon
|-ability|p2a: Gastrodon|Storm Drain|boost
|-boost|p2a: Gastrodon|spa|1
|move|p2a: Gastrodon|Amnesia|p2a: Gastrodon
|-boost|p2a: Gastrodon|spd|0
|
|upkeep
|turn|101
|
|move|p1a: Gyarados|Waterfall|p2a: Gastrodon
|-ability|p2a: Gastrodon|Storm Drain|boost
|-boost|p2a: Gastrodon|spa|1
|move|p2a: Gastrodon|Amnesia|p2a: Gastrodon
|-boost|p2a: Gastrodon|spd|0
|
|upkeep
|turn|102
|
|move|p1a: Gyarados|Waterfall|p2a: Gastrodon
|-immune|p2a: Gastrodon|[from] ability: Storm Drain
|move|p2a: Gastrodon|Acid Armor|p2a: Gastrodon
|-boost|p2a: Gastrodon|def|0
|
|upkeep
|turn|103
|
|move|p1a: Gyarados|Waterfall|p2a: Gastrodon
|-immune|p2a: Gastrodon|[from] ability: Storm Drain
|move|p2a: Gastrodon|Acid Armor|p2a: Gastrodon
|-boost|p2a: Gastrodon|def|0
|
|upkeep
|turn|104
|
|move|p1a: Gyarados|Waterfall|p2a: Gastrodon
|-immune|p2a: Gastrodon|[from] ability: Storm Drain
|move|p2a: Gastrodon|Acid Armor|p2a: Gastrodon
|-boost|p2a: Gastrodon|def|0
|
|upkeep
|turn|105
|
|move|p1a: Gyarados|Waterfall|p2a: Gastrodon
|-immune|p2a: Gastrodon|[from] ability: Storm Drain
|move|p2a: Gastrodon|Acid Armor|p2a: Gastrodon
|-boost|p2a: Gastrodon|def|0
|
|upkeep
|turn|106
|
|move|p1a: Gyarados|Waterfall|p2a: Gastrodon
|-immune|p2a: Gastrodon|[from] ability: Storm Drain
|move|p2a: Gastrodon|Acid Armor|p2a: Gastrodon
|-boost|p2a: Gastrodon|def|0
|
|upkeep
|turn|107
|
|move|p1a: Gyarados|Waterfall|p2a: Gastrodon
|-immune|p2a: Gastrodon|[from] ability: Storm Drain
|move|p2a: Gastrodon|Acid Armor|p2a: Gastrodon
|-boost|p2a: Gastrodon|def|0
|
|upkeep
|turn|108
|
|move|p1a: Gyarados|Waterfall|p2a: Gastrodon
|-immune|p2a: Gastrodon|[from] ability: Storm Drain
|move|p2a: Gastrodon|Amnesia|p2a: Gastrodon
|-boost|p2a: Gastrodon|spd|0
|
|upkeep
|turn|109
|
|move|p1a: Gyarados|Waterfall|p2a: Gastrodon
|-immune|p2a: Gastrodon|[from] ability: Storm Drain
|move|p2a: Gastrodon|Amnesia|p2a: Gastrodon
|-boost|p2a: Gastrodon|spd|0
|
|upkeep
|turn|110
|
|move|p1a: Gyarados|Waterfall|p2a: Gastrodon
|-immune|p2a: Gastrodon|[from] ability: Storm Drain
|move|p2a: Gastrodon|Amnesia|p2a: Gastrodon
|-boost|p2a: Gastrodon|spd|0
|
|upkeep
|turn|111
|
|move|p1a: Gyarados|Waterfall|p2a: Gastrodon
|-immune|p2a: Gastrodon|[from] ability: Storm Drain
|move|p2a: Gastrodon|Acid Armor|p2a: Gastrodon
|-boost|p2a: Gastrodon|def|0
|
|upkeep
|turn|112
|
|move|p1a: Gyarados|Waterfall|p2a: Gastrodon
|-immune|p2a: Gastrodon|[from] ability: Storm Drain
|move|p2a: Gastrodon|Amnesia|p2a: Gastrodon
|-boost|p2a: Gastrodon|spd|0
|
|upkeep
|turn|113
|
|move|p1a: Gyarados|Waterfall|p2a: Gastrodon
|-immune|p2a: Gastrodon|[from] ability: Storm Drain
|move|p2a: Gastrodon|Acid Armor|p2a: Gastrodon
|-boost|p2a: Gastrodon|def|0
|
|upkeep
|turn|114
|
|move|p1a: Gyarados|Waterfall|p2a: Gastrodon
|-immune|p2a: Gastrodon|[from] ability: Storm Drain
|move|p2a: Gastrodon|Amnesia|p2a: Gastrodon
|-boost|p2a: Gastrodon|spd|0
|
|upkeep
|turn|115
|
|move|p1a: Gyarados|Waterfall|p2a: Gastrodon
|-immune|p2a: Gastrodon|[from] ability: Storm Drain
|move|p2a: Gastrodon|Recover||[still]
|-fail|p2a: Gastrodon|heal
|
|upkeep
|turn|116
|
|move|p1a: Gyarados|Waterfall|p2a: Gastrodon
|-immune|p2a: Gastrodon|[from] ability: Storm Drain
|move|p2a: Gastrodon|Recover||[still]
|-fail|p2a: Gastrodon|heal
|
|upkeep
|turn|117
|
|move|p1a: Gyarados|Waterfall|p2a: Gastrodon
|-immune|p2a: Gastrodon|[from] ability: Storm Drain
|move|p2a: Gastrodon|Recover||[still]
|-fail|p2a: Gastrodon|heal
|
|upkeep
|turn|118
|
|move|p1a: Gyarados|Waterfall|p2a: Gastrodon
|-immune|p2a: Gastrodon|[from] ability: Storm Drain
|move|p2a: Gastrodon|Acid Armor|p2a: Gastrodon
|-boost|p2a: Gastrodon|def|0
|
|upkeep
|turn|119
|
|move|p1a: Gyarados|Waterfall|p2a: Gastrodon
|-immune|p2a: Gastrodon|[from] ability: Storm Drain
|move|p2a: Gastrodon|Acid Armor|p2a: Gastrodon
|-boost|p2a: Gastrodon|def|0
|
|upkeep
|turn|120
|
|move|p1a: Gyarados|Substitute|p1a: Gyarados
|-fail|p1a: Gyarados|move: Substitute
|move|p2a: Gastrodon|Acid Armor|p2a: Gastrodon
|-boost|p2a: Gastrodon|def|0
|
|upkeep
|turn|121
|
|move|p1a: Gyarados|Substitute|p1a: Gyarados
|-fail|p1a: Gyarados|move: Substitute
|move|p2a: Gastrodon|Acid Armor|p2a: Gastrodon
|-boost|p2a: Gastrodon|def|0
|
|upkeep
|turn|122
|
|move|p1a: Gyarados|Substitute|p1a: Gyarados
|-fail|p1a: Gyarados|move: Substitute
|move|p2a: Gastrodon|Acid Armor|p2a: Gastrodon
|-boost|p2a: Gastrodon|def|0
|
|upkeep
|turn|123
|
|-activate|p1a: Gyarados|move: Struggle
|move|p1a: Gyarados|Struggle|p2a: Gastrodon
|-damage|p2a: Gastrodon|85/100
|-damage|p1a: Gyarados|75/100|[from] recoil
|move|p2a: Gastrodon|Recover|p2a: Gastrodon
|-heal|p2a: Gastrodon|100/100
|
|-heal|p1a: Gyarados|81/100|[from] item: Leftovers
|upkeep
|turn|124
|
|-activate|p1a: Gyarados|move: Struggle
|move|p1a: Gyarados|Struggle|p2a: Gastrodon
|-damage|p2a: Gastrodon|86/100
|-damage|p1a: Gyarados|56/100|[from] recoil
|move|p2a: Gastrodon|Amnesia|p2a: Gastrodon
|-boost|p2a: Gastrodon|spd|0
|
|-heal|p1a: Gyarados|62/100|[from] item: Leftovers
|-heal|p2a: Gastrodon|92/100|[from] item: Leftovers
|upkeep
|turn|125
|
|-activate|p1a: Gyarados|move: Struggle
|move|p1a: Gyarados|Struggle|p2a: Gastrodon
|-damage|p2a: Gastrodon|77/100
|-damage|p1a: Gyarados|37/100|[from] recoil
|move|p2a: Gastrodon|Amnesia|p2a: Gastrodon
|-boost|p2a: Gastrodon|spd|0
|
|-heal|p1a: Gyarados|43/100|[from] item: Leftovers
|-heal|p2a: Gastrodon|83/100|[from] item: Leftovers
|upkeep
|turn|126
|
|-activate|p1a: Gyarados|move: Struggle
|move|p1a: Gyarados|Struggle|p2a: Gastrodon
|-damage|p2a: Gastrodon|67/100
|-damage|p1a: Gyarados|18/100|[from] recoil
|move|p2a: Gastrodon|Recover|p2a: Gastrodon
|-heal|p2a: Gastrodon|100/100
|
|-heal|p1a: Gyarados|24/100|[from] item: Leftovers
|upkeep
|turn|127
|
|-activate|p1a: Gyarados|move: Struggle
|move|p1a: Gyarados|Struggle|p2a: Gastrodon
|-damage|p2a: Gastrodon|87/100
|-damage|p1a: Gyarados|0 fnt|[from] recoil
|faint|p1a: Gyarados
|move|p2a: Gastrodon|Amnesia|p2a: Gastrodon
|-boost|p2a: Gastrodon|spd|0
|
|-heal|p2a: Gastrodon|93/100|[from] item: Leftovers
|upkeep
|
|switch|p1a: Cinderace|Cinderace, F|100/100
|turn|128
|
|move|p1a: Cinderace|U-turn|p2a: Gastrodon
|-damage|p2a: Gastrodon|88/100
|
|switch|p1a: Ditto|Ditto|100/100|[from]move: U-turn
|-transform|p1a: Ditto|p2a: Gastrodon|[from] ability: Imposter
|move|p2a: Gastrodon|Recover|p2a: Gastrodon
|-heal|p2a: Gastrodon|100/100
|
|upkeep
|turn|129
|
|move|p1a: Ditto|Acid Armor|p1a: Ditto
|-boost|p1a: Ditto|def|0
|move|p2a: Gastrodon|Amnesia|p2a: Gastrodon
|-boost|p2a: Gastrodon|spd|0
|
|upkeep
|turn|130
|
|switch|p1a: Cinderace|Cinderace, F|100/100
|move|p2a: Gastrodon|Amnesia|p2a: Gastrodon
|-boost|p2a: Gastrodon|spd|0
|
|upkeep
|turn|131
|
|move|p1a: Cinderace|U-turn|p2a: Gastrodon
|-damage|p2a: Gastrodon|95/100
|
|switch|p1a: Ditto|Ditto|100/100|[from]move: U-turn
|-transform|p1a: Ditto|p2a: Gastrodon|[from] ability: Imposter
|move|p2a: Gastrodon|Recover|p2a: Gastrodon
|-heal|p2a: Gastrodon|100/100
|
|upkeep
|turn|132
|
|switch|p1a: Cinderace|Cinderace, F|100/100
|move|p2a: Gastrodon|Recover||[still]
|-fail|p2a: Gastrodon|heal
|
|upkeep
|turn|133
|
|move|p1a: Cinderace|Court Change|p1a: Cinderace
|-sideend|p2: Cawdown|Stealth Rock|[silent]
|-sidestart|p1: duglfugl|Stealth Rock|[silent]
|-activate|p1a: Cinderace|move: Court Change
|-activate|p2a: Gastrodon|move: Struggle
|move|p2a: Gastrodon|Struggle|p1a: Cinderace
|-damage|p1a: Cinderace|89/100
|-damage|p2a: Gastrodon|75/100|[from] recoil
|
|-heal|p2a: Gastrodon|81/100|[from] item: Leftovers
|upkeep
|turn|134
|
|move|p1a: Cinderace|Court Change|p1a: Cinderace
|-sideend|p1: duglfugl|Stealth Rock|[silent]
|-sidestart|p2: Cawdown|Stealth Rock|[silent]
|-activate|p1a: Cinderace|move: Court Change
|-activate|p2a: Gastrodon|move: Struggle
|move|p2a: Gastrodon|Struggle|p1a: Cinderace
|-crit|p1a: Cinderace
|-damage|p1a: Cinderace|72/100
|-damage|p2a: Gastrodon|56/100|[from] recoil
|
|-heal|p2a: Gastrodon|62/100|[from] item: Leftovers
|upkeep
|turn|135
|
|move|p1a: Cinderace|Pyro Ball|p2a: Gastrodon
|-resisted|p2a: Gastrodon
|-damage|p2a: Gastrodon|56/100
|-status|p2a: Gastrodon|brn
|-activate|p2a: Gastrodon|move: Struggle
|move|p2a: Gastrodon|Struggle|p1a: Cinderace
|-damage|p1a: Cinderace|67/100
|-damage|p2a: Gastrodon|31/100 brn|[from] recoil
|
|-heal|p2a: Gastrodon|37/100 brn|[from] item: Leftovers
|-damage|p2a: Gastrodon|31/100 brn|[from] brn
|upkeep
|turn|136
|
|move|p1a: Cinderace|Pyro Ball|p2a: Gastrodon
|-resisted|p2a: Gastrodon
|-damage|p2a: Gastrodon|24/100 brn
|-activate|p2a: Gastrodon|move: Struggle
|move|p2a: Gastrodon|Struggle|p1a: Cinderace
|-damage|p1a: Cinderace|62/100
|-damage|p2a: Gastrodon|0 fnt|[from] recoil
|faint|p2a: Gastrodon
|
|win|duglfugl
|c|☆duglfugl|gg
|l|☆Cawdown
|raw|duglfugl's rating: 1197 → 1227(+30 for winning)
|raw|Cawdown's rating: 1259 → 1230(-29 for losing)
