|ScrapeTime|2020-01-02-13:15:41
|j|☆MegaFish12
|j|☆Pavijo28
|player|p1|MegaFish12|pokemonbreederf|1793
|player|p2|Pavijo28|282|1789
|teamsize|p1|6
|teamsize|p2|6
|gametype|singles
|gen|8
|tier|[Gen 8] OU
|rated|
|rule|Sleep Clause Mod: Limit one foe put to sleep
|rule|Species Clause: Limit one of each Pokémon
|rule|OHKO Clause: OHKO moves are banned
|rule|Evasion Moves Clause: Evasion moves are banned
|rule|Endless Battle Clause: Forcing endless battles is banned
|rule|HP Percentage Mod: HP is shown in percentages
|clearpoke
|poke|p1|Corviknight, F|
|poke|p1|Clefable, M|
|poke|p1|Aegislash, F|
|poke|p1|Cinderace, F|
|poke|p1|Hydreigon, M|
|poke|p1|Seismitoad, F|
|poke|p2|Mimikyu, F|
|poke|p2|Hatterene, F|
|poke|p2|Indeedee, M|
|poke|p2|Arctozolt|
|poke|p2|Jellicent, M|
|poke|p2|Diggersby, M|
|rule|Dynamax Clause: You cannot dynamax
|teampreview
|j| 3 star
|j| shoguntrio
|inactive|Battle timer is ON: inactive players will automatically lose when time's up. (requested by Pavijo28)
|
|start
|switch|p1a: Clefable|Clefable, M|100/100
|switch|p2a: Indeedee|Indeedee, M|100/100
|-fieldstart|move: Psychic Terrain|[from] ability: Psychic Surge|[of] p2a: Indeedee
|turn|1
|
|move|p1a: Clefable|Calm Mind|p1a: Clefable
|-boost|p1a: Clefable|spa|1
|-boost|p1a: Clefable|spd|1
|move|p2a: Indeedee|Trick Room|p2a: Indeedee
|-fieldstart|move: Trick Room|[of] p2a: Indeedee
|
|upkeep
|turn|2
|
|switch|p2a: Arctozolt|Arctozolt|100/100
|move|p1a: Clefable|Moonblast|p2a: Arctozolt
|-damage|p2a: Arctozolt|16/100
|-unboost|p2a: Arctozolt|spa|1
|
|upkeep
|turn|3
|
|switch|p1a: Seismitoad|Seismitoad, F|100/100
|move|p2a: Arctozolt|Freeze-Dry|p1a: Seismitoad
|-supereffective|p1a: Seismitoad
|-damage|p1a: Seismitoad|16/100
|-damage|p2a: Arctozolt|6/100|[from] item: Life Orb
|
|-heal|p1a: Seismitoad|22/100|[from] item: Leftovers
|upkeep
|turn|4
|
|switch|p1a: Aegislash|Aegislash, F|100/100
|move|p2a: Arctozolt|Bolt Beak|p1a: Aegislash
|-damage|p1a: Aegislash|13/100
|-damage|p2a: Arctozolt|0 fnt|[from] item: Life Orb
|faint|p2a: Arctozolt
|
|-heal|p1a: Aegislash|19/100|[from] item: Leftovers
|upkeep
|
|switch|p2a: Hatterene|Hatterene, F|100/100
|turn|5
|
|move|p1a: Aegislash|King's Shield|p1a: Aegislash
|-singleturn|p1a: Aegislash|Protect
|move|p2a: Hatterene|Mystical Fire|p1a: Aegislash
|-activate|p1a: Aegislash|move: Protect
|
|-heal|p1a: Aegislash|25/100|[from] item: Leftovers
|-fieldend|move: Psychic Terrain
|-fieldend|move: Trick Room
|upkeep
|turn|6
|l| 3 star
|
|-formechange|p1a: Aegislash|Aegislash-Blade||[from] ability: Stance Change
|move|p1a: Aegislash|Flash Cannon|p2a: Hatterene
|-supereffective|p2a: Hatterene
|-damage|p2a: Hatterene|6/100
|move|p2a: Hatterene|Trick Room|p2a: Hatterene
|-fieldstart|move: Trick Room|[of] p2a: Hatterene
|
|-heal|p2a: Hatterene|12/100|[from] item: Leftovers
|-heal|p1a: Aegislash|31/100|[from] item: Leftovers
|upkeep
|turn|7
|
|-formechange|p1a: Aegislash|Aegislash||[from] ability: Stance Change
|move|p1a: Aegislash|King's Shield|p1a: Aegislash
|-singleturn|p1a: Aegislash|Protect
|move|p2a: Hatterene|Calm Mind|p2a: Hatterene
|-boost|p2a: Hatterene|spa|1
|-boost|p2a: Hatterene|spd|1
|
|-heal|p2a: Hatterene|18/100|[from] item: Leftovers
|-heal|p1a: Aegislash|37/100|[from] item: Leftovers
|upkeep
|turn|8
|
|switch|p1a: Seismitoad|Seismitoad, F|22/100
|move|p2a: Hatterene|Draining Kiss|p1a: Seismitoad
|-damage|p1a: Seismitoad|0 fnt
|-heal|p2a: Hatterene|39/100|[from] drain|[of] p1a: Seismitoad
|faint|p1a: Seismitoad
|
|-heal|p2a: Hatterene|45/100|[from] item: Leftovers
|upkeep
|
|switch|p1a: Cinderace|Cinderace, F|100/100
|turn|9
|
|move|p2a: Hatterene|Draining Kiss|p1a: Cinderace
|-resisted|p1a: Cinderace
|-damage|p1a: Cinderace|78/100
|-heal|p2a: Hatterene|61/100|[from] drain|[of] p1a: Cinderace
|move|p1a: Cinderace|U-turn|p2a: Hatterene
|-damage|p2a: Hatterene|43/100
|
|switch|p1a: Aegislash|Aegislash, F|37/100|[from]move: U-turn
|
|-heal|p2a: Hatterene|49/100|[from] item: Leftovers
|-heal|p1a: Aegislash|43/100|[from] item: Leftovers
|upkeep
|turn|10
|
|switch|p2a: Diggersby|Diggersby, M|100/100
|move|p1a: Aegislash|King's Shield||[still]
|-fail|p1a: Aegislash
|
|-heal|p1a: Aegislash|49/100|[from] item: Leftovers
|-fieldend|move: Trick Room
|upkeep
|turn|11
|
|move|p1a: Aegislash|King's Shield|p1a: Aegislash
|-singleturn|p1a: Aegislash|Protect
|move|p2a: Diggersby|Swords Dance|p2a: Diggersby
|-boost|p2a: Diggersby|atk|2
|
|-heal|p1a: Aegislash|55/100|[from] item: Leftovers
|upkeep
|turn|12
|
|switch|p1a: Corviknight|Corviknight, F|100/100
|-ability|p1a: Corviknight|Pressure
|move|p2a: Diggersby|Fire Punch|p1a: Corviknight
|-supereffective|p1a: Corviknight
|-damage|p1a: Corviknight|0 fnt
|faint|p1a: Corviknight
|
|upkeep
|
|switch|p1a: Hydreigon|Hydreigon, M|100/100
|turn|13
|-message|MegaFish12 forfeited.
|
|win|Pavijo28
|l|☆MegaFish12
|raw|MegaFish12's rating: 1793 → 1773(-20 for losing)
|raw|Pavijo28's rating: 1789 → 1809(+20 for winning)
|l| shoguntrio
