|ScrapeTime|2020-01-02-11:54:55
|j|☆MiguelGQ54
|j|☆JooshP
|player|p1|MiguelGQ54|248|1279
|player|p2|JooshP|162|1331
|teamsize|p1|6
|teamsize|p2|6
|gametype|singles
|gen|8
|tier|[Gen 8] OU
|rated|
|rule|Sleep Clause Mod: Limit one foe put to sleep
|rule|Species Clause: Limit one of each Pokémon
|rule|OHKO Clause: OHKO moves are banned
|rule|Evasion Moves Clause: Evasion moves are banned
|rule|Endless Battle Clause: Forcing endless battles is banned
|rule|HP Percentage Mod: HP is shown in percentages
|clearpoke
|poke|p1|Hippowdon, M|
|poke|p1|Rotom-Wash|
|poke|p1|Clefable, F|
|poke|p1|Toxapex, F|
|poke|p1|Excadrill, M|
|poke|p1|Corviknight, M|
|poke|p2|Rotom-Heat|
|poke|p2|Mandibuzz, F|
|poke|p2|Gyarados, M|
|poke|p2|Ferrothorn, F|
|poke|p2|Gengar, M|
|poke|p2|Dragapult, M|
|rule|Dynamax Clause: You cannot dynamax
|teampreview
|inactive|Battle timer is ON: inactive players will automatically lose when time's up. (requested by JooshP)
|
|start
|switch|p1a: Hippowdon|Hippowdon, M|100/100
|switch|p2a: Dragapult|Dragapult, M|100/100
|-weather|Sandstorm|[from] ability: Sand Stream|[of] p1a: Hippowdon
|turn|1
|c|☆MiguelGQ54|Gl hf
|c|☆JooshP|thx  u2
|
|switch|p1a: Clefable|Clefable, F|100/100
|move|p2a: Dragapult|Shadow Ball|p1a: Clefable
|-damage|p1a: Clefable|75/100
|
|-weather|Sandstorm|[upkeep]
|-damage|p2a: Dragapult|95/100|[from] Sandstorm
|-heal|p1a: Clefable|81/100|[from] item: Leftovers
|upkeep
|turn|2
|
|move|p2a: Dragapult|Thunder Wave|p1a: Clefable
|-status|p1a: Clefable|par
|move|p1a: Clefable|Moonblast|p2a: Dragapult
|-supereffective|p2a: Dragapult
|-damage|p2a: Dragapult|11/100
|
|-weather|Sandstorm|[upkeep]
|-damage|p2a: Dragapult|5/100|[from] Sandstorm
|-heal|p1a: Clefable|87/100 par|[from] item: Leftovers
|upkeep
|turn|3
|
|switch|p2a: Gengar|Gengar, M|100/100
|move|p1a: Clefable|Wish|p1a: Clefable
|
|-weather|Sandstorm|[upkeep]
|-damage|p2a: Gengar|94/100|[from] Sandstorm
|-heal|p1a: Clefable|93/100 par|[from] item: Leftovers
|upkeep
|turn|4
|
|switch|p2a: Rotom|Rotom-Heat|100/100
|switch|p1a: Excadrill|Excadrill, M, shiny|100/100
|-ability|p1a: Excadrill|Mold Breaker
|
|-weather|Sandstorm|[upkeep]
|-damage|p2a: Rotom|94/100|[from] Sandstorm
|-heal|p2a: Rotom|100/100|[from] item: Leftovers
|upkeep
|turn|5
|
|switch|p2a: Gyarados|Gyarados, M|100/100
|-ability|p2a: Gyarados|Intimidate|boost
|-unboost|p1a: Excadrill|atk|1
|move|p1a: Excadrill|Earthquake|p2a: Gyarados
|-immune|p2a: Gyarados
|
|-weather|none
|upkeep
|turn|6
|
|switch|p1a: Corviknight|Corviknight, M|100/100
|-ability|p1a: Corviknight|Pressure
|move|p2a: Gyarados|Power Whip|p1a: Corviknight|[miss]
|-miss|p2a: Gyarados|p1a: Corviknight
|
|upkeep
|turn|7
|
|switch|p2a: Rotom|Rotom-Heat|100/100
|move|p1a: Corviknight|Substitute|p1a: Corviknight
|-start|p1a: Corviknight|Substitute
|-damage|p1a: Corviknight|75/100
|
|-heal|p1a: Corviknight|82/100|[from] item: Leftovers
|upkeep
|turn|8
|
|move|p2a: Rotom|Substitute|p2a: Rotom
|-start|p2a: Rotom|Substitute
|-damage|p2a: Rotom|76/100
|move|p1a: Corviknight|Brave Bird|p2a: Rotom
|-resisted|p2a: Rotom
|-activate|p2a: Rotom|move: Substitute|[damage]
|-damage|p1a: Corviknight|77/100|[from] Recoil|[of] p2a: Rotom
|
|-heal|p2a: Rotom|82/100|[from] item: Leftovers
|-heal|p1a: Corviknight|83/100|[from] item: Leftovers
|upkeep
|turn|9
|
|move|p2a: Rotom|Nasty Plot|p2a: Rotom
|-boost|p2a: Rotom|spa|2
|move|p1a: Corviknight|Brave Bird|p2a: Rotom
|-resisted|p2a: Rotom
|-end|p2a: Rotom|Substitute
|-damage|p1a: Corviknight|83/100|[from] Recoil|[of] p2a: Rotom
|
|-heal|p2a: Rotom|88/100|[from] item: Leftovers
|-heal|p1a: Corviknight|89/100|[from] item: Leftovers
|upkeep
|turn|10
|
|move|p2a: Rotom|Substitute|p2a: Rotom
|-start|p2a: Rotom|Substitute
|-damage|p2a: Rotom|63/100
|move|p1a: Corviknight|Bulk Up|p1a: Corviknight
|-boost|p1a: Corviknight|atk|1
|-boost|p1a: Corviknight|def|1
|
|-heal|p2a: Rotom|69/100|[from] item: Leftovers
|-heal|p1a: Corviknight|95/100|[from] item: Leftovers
|upkeep
|turn|11
|
|move|p2a: Rotom|Thunderbolt|p1a: Corviknight
|-supereffective|p1a: Corviknight
|-end|p1a: Corviknight|Substitute
|move|p1a: Corviknight|Brave Bird|p2a: Rotom
|-resisted|p2a: Rotom
|-end|p2a: Rotom|Substitute
|-damage|p1a: Corviknight|90/100|[from] Recoil|[of] p2a: Rotom
|
|-heal|p2a: Rotom|76/100|[from] item: Leftovers
|-heal|p1a: Corviknight|97/100|[from] item: Leftovers
|upkeep
|turn|12
|
|switch|p1a: Hippowdon|Hippowdon, M|100/100
|-weather|Sandstorm|[from] ability: Sand Stream|[of] p1a: Hippowdon
|move|p2a: Rotom|Overheat|p1a: Hippowdon
|-damage|p1a: Hippowdon|19/100
|-unboost|p2a: Rotom|spa|2
|
|-weather|Sandstorm|[upkeep]
|-damage|p2a: Rotom|69/100|[from] Sandstorm
|-heal|p2a: Rotom|76/100|[from] item: Leftovers
|-heal|p1a: Hippowdon|25/100|[from] item: Leftovers
|upkeep
|turn|13
|
|switch|p1a: Toxapex|Toxapex, F|100/100
|move|p2a: Rotom|Overheat|p1a: Toxapex
|-resisted|p1a: Toxapex
|-damage|p1a: Toxapex|76/100
|-unboost|p2a: Rotom|spa|2
|
|-weather|Sandstorm|[upkeep]
|-damage|p2a: Rotom|69/100|[from] Sandstorm
|-damage|p1a: Toxapex|70/100|[from] Sandstorm
|-heal|p2a: Rotom|76/100|[from] item: Leftovers
|-heal|p1a: Toxapex|76/100|[from] item: Black Sludge
|upkeep
|turn|14
|
|switch|p1a: Hippowdon|Hippowdon, M|25/100
|move|p2a: Rotom|Substitute|p2a: Rotom
|-start|p2a: Rotom|Substitute
|-damage|p2a: Rotom|51/100
|
|-weather|Sandstorm|[upkeep]
|-damage|p2a: Rotom|44/100|[from] Sandstorm
|-heal|p2a: Rotom|51/100|[from] item: Leftovers
|-heal|p1a: Hippowdon|31/100|[from] item: Leftovers
|upkeep
|turn|15
|
|move|p2a: Rotom|Nasty Plot|p2a: Rotom
|-boost|p2a: Rotom|spa|2
|move|p1a: Hippowdon|Slack Off|p1a: Hippowdon
|-heal|p1a: Hippowdon|81/100
|
|-weather|Sandstorm|[upkeep]
|-damage|p2a: Rotom|44/100|[from] Sandstorm
|-heal|p2a: Rotom|51/100|[from] item: Leftovers
|-heal|p1a: Hippowdon|87/100|[from] item: Leftovers
|upkeep
|turn|16
|
|move|p2a: Rotom|Nasty Plot|p2a: Rotom
|-boost|p2a: Rotom|spa|2
|move|p1a: Hippowdon|Whirlwind|p2a: Rotom
|drag|p2a: Gyarados|Gyarados, M|100/100
|-ability|p2a: Gyarados|Intimidate|boost
|-unboost|p1a: Hippowdon|atk|1
|
|-weather|none
|-heal|p1a: Hippowdon|94/100|[from] item: Leftovers
|upkeep
|turn|17
|
|move|p2a: Gyarados|Waterfall|p1a: Hippowdon
|-supereffective|p1a: Hippowdon
|-damage|p1a: Hippowdon|32/100
|move|p1a: Hippowdon|Stealth Rock|p2a: Gyarados
|-sidestart|p2: JooshP|move: Stealth Rock
|
|-heal|p1a: Hippowdon|38/100|[from] item: Leftovers
|upkeep
|turn|18
|
|switch|p1a: Rotom|Rotom-Wash|100/100
|move|p2a: Gyarados|Dragon Dance|p2a: Gyarados
|-boost|p2a: Gyarados|atk|1
|-boost|p2a: Gyarados|spe|1
|
|upkeep
|turn|19
|
|move|p2a: Gyarados|Power Whip|p1a: Rotom
|-supereffective|p1a: Rotom
|-damage|p1a: Rotom|10/100
|move|p1a: Rotom|Thunder Wave|p2a: Gyarados|[miss]
|-miss|p1a: Rotom|p2a: Gyarados
|
|-heal|p1a: Rotom|16/100|[from] item: Leftovers
|upkeep
|turn|20
|
|move|p2a: Gyarados|Waterfall|p1a: Rotom
|-resisted|p1a: Rotom
|-damage|p1a: Rotom|0 fnt
|faint|p1a: Rotom
|
|upkeep
|c|☆JooshP|sorry
|
|switch|p1a: Toxapex|Toxapex, F|100/100
|turn|21
|
|move|p2a: Gyarados|Earthquake|p1a: Toxapex
|-supereffective|p1a: Toxapex
|-damage|p1a: Toxapex|40/100
|move|p1a: Toxapex|Haze|p1a: Toxapex
|-clearallboost
|
|-heal|p1a: Toxapex|46/100|[from] item: Black Sludge
|upkeep
|turn|22
|
|switch|p2a: Mandibuzz|Mandibuzz, F|100/100
|move|p1a: Toxapex|Recover|p1a: Toxapex
|-heal|p1a: Toxapex|96/100
|
|-heal|p1a: Toxapex|100/100|[from] item: Black Sludge
|upkeep
|turn|23
|
|move|p1a: Toxapex|Baneful Bunker|p1a: Toxapex
|-singleturn|p1a: Toxapex|move: Protect
|move|p2a: Mandibuzz|Defog|p1a: Toxapex
|-activate|p1a: Toxapex|move: Protect
|
|upkeep
|turn|24
|
|switch|p1a: Hippowdon|Hippowdon, M|38/100
|-weather|Sandstorm|[from] ability: Sand Stream|[of] p1a: Hippowdon
|move|p2a: Mandibuzz|Defog|p1a: Hippowdon
|-unboost|p1a: Hippowdon|evasion|1
|-sideend|p2: JooshP|Stealth Rock|[from] move: Defog|[of] p2a: Mandibuzz
|
|-weather|Sandstorm|[upkeep]
|-heal|p1a: Hippowdon|44/100|[from] item: Leftovers
|upkeep
|turn|25
|
|move|p2a: Mandibuzz|Toxic|p1a: Hippowdon
|-status|p1a: Hippowdon|tox
|move|p1a: Hippowdon|Slack Off|p1a: Hippowdon
|-heal|p1a: Hippowdon|95/100 tox
|
|-weather|Sandstorm|[upkeep]
|-heal|p1a: Hippowdon|100/100 tox|[from] item: Leftovers
|-damage|p1a: Hippowdon|94/100 tox|[from] psn
|upkeep
|turn|26
|
|move|p2a: Mandibuzz|Foul Play|p1a: Hippowdon
|-damage|p1a: Hippowdon|68/100 tox
|move|p1a: Hippowdon|Stealth Rock|p2a: Mandibuzz
|-sidestart|p2: JooshP|move: Stealth Rock
|
|-weather|Sandstorm|[upkeep]
|-heal|p1a: Hippowdon|74/100 tox|[from] item: Leftovers
|-damage|p1a: Hippowdon|61/100 tox|[from] psn
|upkeep
|turn|27
|
|switch|p1a: Corviknight|Corviknight, M|97/100
|-ability|p1a: Corviknight|Pressure
|move|p2a: Mandibuzz|Defog|p1a: Corviknight
|-unboost|p1a: Corviknight|evasion|1
|-sideend|p2: JooshP|Stealth Rock|[from] move: Defog|[of] p2a: Mandibuzz
|
|-weather|Sandstorm|[upkeep]
|-heal|p1a: Corviknight|100/100|[from] item: Leftovers
|upkeep
|turn|28
|
|switch|p2a: Rotom|Rotom-Heat|51/100
|move|p1a: Corviknight|Substitute|p1a: Corviknight
|-start|p1a: Corviknight|Substitute
|-damage|p1a: Corviknight|75/100
|
|-weather|none
|-heal|p2a: Rotom|57/100|[from] item: Leftovers
|-heal|p1a: Corviknight|82/100|[from] item: Leftovers
|upkeep
|turn|29
|
|move|p2a: Rotom|Substitute|p2a: Rotom
|-start|p2a: Rotom|Substitute
|-damage|p2a: Rotom|32/100
|move|p1a: Corviknight|Bulk Up|p1a: Corviknight
|-boost|p1a: Corviknight|atk|1
|-boost|p1a: Corviknight|def|1
|
|-heal|p2a: Rotom|38/100|[from] item: Leftovers
|-heal|p1a: Corviknight|88/100|[from] item: Leftovers
|upkeep
|turn|30
|
|move|p2a: Rotom|Thunderbolt|p1a: Corviknight
|-supereffective|p1a: Corviknight
|-end|p1a: Corviknight|Substitute
|move|p1a: Corviknight|Brave Bird|p2a: Rotom
|-resisted|p2a: Rotom
|-end|p2a: Rotom|Substitute
|-damage|p1a: Corviknight|83/100|[from] Recoil|[of] p2a: Rotom
|
|-heal|p2a: Rotom|44/100|[from] item: Leftovers
|-heal|p1a: Corviknight|89/100|[from] item: Leftovers
|upkeep
|turn|31
|
|switch|p1a: Toxapex|Toxapex, F|100/100
|move|p2a: Rotom|Nasty Plot|p2a: Rotom
|-boost|p2a: Rotom|spa|2
|
|-heal|p2a: Rotom|51/100|[from] item: Leftovers
|upkeep
|turn|32
|
|move|p2a: Rotom|Substitute|p2a: Rotom
|-start|p2a: Rotom|Substitute
|-damage|p2a: Rotom|26/100
|move|p1a: Toxapex|Scald|p2a: Rotom
|-supereffective|p2a: Rotom
|-end|p2a: Rotom|Substitute
|
|-heal|p2a: Rotom|32/100|[from] item: Leftovers
|upkeep
|turn|33
|
|switch|p1a: Hippowdon|Hippowdon, M|61/100 tox
|-weather|Sandstorm|[from] ability: Sand Stream|[of] p1a: Hippowdon
|move|p2a: Rotom|Thunderbolt|p1a: Hippowdon
|-immune|p1a: Hippowdon
|
|-weather|Sandstorm|[upkeep]
|-damage|p2a: Rotom|26/100|[from] Sandstorm
|-heal|p2a: Rotom|32/100|[from] item: Leftovers
|-heal|p1a: Hippowdon|68/100 tox|[from] item: Leftovers
|-damage|p1a: Hippowdon|61/100 tox|[from] psn
|upkeep
|turn|34
|
|switch|p1a: Toxapex|Toxapex, F|100/100
|move|p2a: Rotom|Overheat|p1a: Toxapex
|-resisted|p1a: Toxapex
|-damage|p1a: Toxapex|56/100
|-unboost|p2a: Rotom|spa|2
|
|-weather|Sandstorm|[upkeep]
|-damage|p2a: Rotom|26/100|[from] Sandstorm
|-damage|p1a: Toxapex|50/100|[from] Sandstorm
|-heal|p2a: Rotom|32/100|[from] item: Leftovers
|-heal|p1a: Toxapex|56/100|[from] item: Black Sludge
|upkeep
|turn|35
|
|move|p2a: Rotom|Thunderbolt|p1a: Toxapex
|-supereffective|p1a: Toxapex
|-damage|p1a: Toxapex|0 fnt
|faint|p1a: Toxapex
|
|-weather|Sandstorm|[upkeep]
|-damage|p2a: Rotom|26/100|[from] Sandstorm
|-heal|p2a: Rotom|32/100|[from] item: Leftovers
|upkeep
|
|switch|p1a: Excadrill|Excadrill, M, shiny|100/100
|-ability|p1a: Excadrill|Mold Breaker
|turn|36
|
|switch|p2a: Gyarados|Gyarados, M|100/100
|-ability|p2a: Gyarados|Intimidate|boost
|-unboost|p1a: Excadrill|atk|1
|move|p1a: Excadrill|Swords Dance|p1a: Excadrill
|-boost|p1a: Excadrill|atk|2
|
|-weather|Sandstorm|[upkeep]
|-damage|p2a: Gyarados|94/100|[from] Sandstorm
|upkeep
|turn|37
|
|switch|p1a: Corviknight|Corviknight, M|89/100
|-ability|p1a: Corviknight|Pressure
|move|p2a: Gyarados|Earthquake|p1a: Corviknight
|-immune|p1a: Corviknight
|
|-weather|none
|-heal|p1a: Corviknight|95/100|[from] item: Leftovers
|upkeep
|turn|38
|
|switch|p2a: Rotom|Rotom-Heat|32/100
|move|p1a: Corviknight|Substitute|p1a: Corviknight
|-start|p1a: Corviknight|Substitute
|-damage|p1a: Corviknight|70/100
|
|-heal|p2a: Rotom|38/100|[from] item: Leftovers
|-heal|p1a: Corviknight|77/100|[from] item: Leftovers
|upkeep
|turn|39
|
|move|p2a: Rotom|Thunderbolt|p1a: Corviknight
|-supereffective|p1a: Corviknight
|-end|p1a: Corviknight|Substitute
|move|p1a: Corviknight|Brave Bird|p2a: Rotom
|-resisted|p2a: Rotom
|-damage|p2a: Rotom|15/100
|-damage|p1a: Corviknight|72/100|[from] Recoil
|
|-heal|p2a: Rotom|21/100|[from] item: Leftovers
|-heal|p1a: Corviknight|78/100|[from] item: Leftovers
|upkeep
|turn|40
|
|switch|p1a: Hippowdon|Hippowdon, M|61/100 tox
|-weather|Sandstorm|[from] ability: Sand Stream|[of] p1a: Hippowdon
|move|p2a: Rotom|Overheat|p1a: Hippowdon
|-damage|p1a: Hippowdon|16/100 tox
|-unboost|p2a: Rotom|spa|2
|
|-weather|Sandstorm|[upkeep]
|-damage|p2a: Rotom|15/100|[from] Sandstorm
|-heal|p2a: Rotom|21/100|[from] item: Leftovers
|-heal|p1a: Hippowdon|22/100 tox|[from] item: Leftovers
|-damage|p1a: Hippowdon|16/100 tox|[from] psn
|upkeep
|turn|41
|
|move|p2a: Rotom|Overheat|p1a: Hippowdon
|-damage|p1a: Hippowdon|0 fnt
|-unboost|p2a: Rotom|spa|2
|faint|p1a: Hippowdon
|
|-weather|Sandstorm|[upkeep]
|-damage|p2a: Rotom|15/100|[from] Sandstorm
|-heal|p2a: Rotom|21/100|[from] item: Leftovers
|upkeep
|
|switch|p1a: Corviknight|Corviknight, M|78/100
|-ability|p1a: Corviknight|Pressure
|turn|42
|
|switch|p2a: Dragapult|Dragapult, M|5/100
|move|p1a: Corviknight|Substitute|p1a: Corviknight
|-start|p1a: Corviknight|Substitute
|-damage|p1a: Corviknight|53/100
|
|-weather|Sandstorm|[upkeep]
|-damage|p2a: Dragapult|0 fnt|[from] Sandstorm
|faint|p2a: Dragapult
|-heal|p1a: Corviknight|60/100|[from] item: Leftovers
|upkeep
|
|switch|p2a: Rotom|Rotom-Heat|21/100
|turn|43
|
|move|p2a: Rotom|Thunderbolt|p1a: Corviknight
|-supereffective|p1a: Corviknight
|-end|p1a: Corviknight|Substitute
|move|p1a: Corviknight|Brave Bird|p2a: Rotom
|-resisted|p2a: Rotom
|-damage|p2a: Rotom|0 fnt
|-damage|p1a: Corviknight|56/100|[from] Recoil
|faint|p2a: Rotom
|
|-weather|Sandstorm|[upkeep]
|-heal|p1a: Corviknight|62/100|[from] item: Leftovers
|upkeep
|
|switch|p2a: Gengar|Gengar, M|94/100
|turn|44
|
|switch|p1a: Clefable|Clefable, F|93/100 par
|move|p2a: Gengar|Trick|p1a: Clefable
|-activate|p2a: Gengar|move: Trick|[of] p1a: Clefable
|-item|p1a: Clefable|Choice Scarf|[from] move: Trick
|-item|p2a: Gengar|Leftovers|[from] move: Trick
|
|-weather|none
|-heal|p2a: Gengar|100/100|[from] item: Leftovers
|upkeep
|turn|45
|
|switch|p1a: Excadrill|Excadrill, M, shiny|100/100
|-ability|p1a: Excadrill|Mold Breaker
|move|p2a: Gengar|Sludge Wave|p1a: Excadrill
|-immune|p1a: Excadrill
|
|upkeep
|turn|46
|
|switch|p2a: Gyarados|Gyarados, M|94/100
|-ability|p2a: Gyarados|Intimidate|boost
|-unboost|p1a: Excadrill|atk|1
|switch|p1a: Corviknight|Corviknight, M|62/100
|-ability|p1a: Corviknight|Pressure
|
|-heal|p1a: Corviknight|68/100|[from] item: Leftovers
|upkeep
|turn|47
|
|switch|p2a: Mandibuzz|Mandibuzz, F|100/100
|move|p1a: Corviknight|Substitute|p1a: Corviknight
|-start|p1a: Corviknight|Substitute
|-damage|p1a: Corviknight|43/100
|
|-heal|p1a: Corviknight|49/100|[from] item: Leftovers
|upkeep
|turn|48
|
|move|p2a: Mandibuzz|Foul Play|p1a: Corviknight
|-activate|p1a: Corviknight|move: Substitute|[damage]
|move|p1a: Corviknight|Roost|p1a: Corviknight
|-heal|p1a: Corviknight|99/100
|-singleturn|p1a: Corviknight|move: Roost
|
|-heal|p1a: Corviknight|100/100|[from] item: Leftovers
|upkeep
|turn|49
|
|move|p2a: Mandibuzz|Foul Play|p1a: Corviknight
|-end|p1a: Corviknight|Substitute
|move|p1a: Corviknight|Bulk Up|p1a: Corviknight
|-boost|p1a: Corviknight|atk|1
|-boost|p1a: Corviknight|def|1
|
|upkeep
|turn|50
|
|move|p2a: Mandibuzz|Foul Play|p1a: Corviknight
|-damage|p1a: Corviknight|78/100
|move|p1a: Corviknight|Substitute|p1a: Corviknight
|-start|p1a: Corviknight|Substitute
|-damage|p1a: Corviknight|53/100
|
|-heal|p1a: Corviknight|59/100|[from] item: Leftovers
|upkeep
|turn|51
|
|move|p2a: Mandibuzz|Foul Play|p1a: Corviknight
|-activate|p1a: Corviknight|move: Substitute|[damage]
|move|p1a: Corviknight|Bulk Up|p1a: Corviknight
|-boost|p1a: Corviknight|atk|1
|-boost|p1a: Corviknight|def|1
|
|-heal|p1a: Corviknight|65/100|[from] item: Leftovers
|upkeep
|turn|52
|
|move|p2a: Mandibuzz|Foul Play|p1a: Corviknight
|-end|p1a: Corviknight|Substitute
|move|p1a: Corviknight|Substitute|p1a: Corviknight
|-start|p1a: Corviknight|Substitute
|-damage|p1a: Corviknight|40/100
|
|-heal|p1a: Corviknight|46/100|[from] item: Leftovers
|upkeep
|turn|53
|
|move|p2a: Mandibuzz|Foul Play|p1a: Corviknight
|-activate|p1a: Corviknight|move: Substitute|[damage]
|move|p1a: Corviknight|Roost|p1a: Corviknight
|-heal|p1a: Corviknight|96/100
|-singleturn|p1a: Corviknight|move: Roost
|
|-heal|p1a: Corviknight|100/100|[from] item: Leftovers
|upkeep
|turn|54
|
|move|p2a: Mandibuzz|Foul Play|p1a: Corviknight
|-end|p1a: Corviknight|Substitute
|move|p1a: Corviknight|Bulk Up|p1a: Corviknight
|-boost|p1a: Corviknight|atk|1
|-boost|p1a: Corviknight|def|1
|
|upkeep
|turn|55
|
|switch|p2a: Gyarados|Gyarados, M|94/100
|-ability|p2a: Gyarados|Intimidate|boost
|-unboost|p1a: Corviknight|atk|1
|move|p1a: Corviknight|Substitute|p1a: Corviknight
|-start|p1a: Corviknight|Substitute
|-damage|p1a: Corviknight|75/100
|
|-heal|p1a: Corviknight|82/100|[from] item: Leftovers
|upkeep
|turn|56
|
|switch|p2a: Ferrothorn|Ferrothorn, F|100/100
|move|p1a: Corviknight|Brave Bird|p2a: Ferrothorn
|-damage|p2a: Ferrothorn|46/100
|-damage|p1a: Corviknight|69/100|[from] ability: Iron Barbs|[of] p2a: Ferrothorn
|-damage|p1a: Corviknight|53/100|[from] item: Rocky Helmet|[of] p2a: Ferrothorn
|-damage|p1a: Corviknight|37/100|[from] Recoil
|
|-heal|p1a: Corviknight|43/100|[from] item: Leftovers
|upkeep
|turn|57
|
|switch|p2a: Gyarados|Gyarados, M|94/100
|-ability|p2a: Gyarados|Intimidate|boost
|-immune|p1a: Corviknight
|move|p1a: Corviknight|Roost|p1a: Corviknight
|-heal|p1a: Corviknight|93/100
|-singleturn|p1a: Corviknight|move: Roost
|
|-heal|p1a: Corviknight|99/100|[from] item: Leftovers
|upkeep
|turn|58
|
|switch|p2a: Ferrothorn|Ferrothorn, F|46/100
|move|p1a: Corviknight|Brave Bird|p2a: Ferrothorn
|-damage|p2a: Ferrothorn|0 fnt
|-damage|p1a: Corviknight|87/100|[from] ability: Iron Barbs|[of] p2a: Ferrothorn
|-damage|p1a: Corviknight|70/100|[from] item: Rocky Helmet|[of] p2a: Ferrothorn
|-damage|p1a: Corviknight|57/100|[from] Recoil
|faint|p2a: Ferrothorn
|
|-heal|p1a: Corviknight|63/100|[from] item: Leftovers
|upkeep
|
|switch|p2a: Mandibuzz|Mandibuzz, F|100/100
|turn|59
|
|move|p2a: Mandibuzz|Foul Play|p1a: Corviknight
|-activate|p1a: Corviknight|move: Substitute|[damage]
|move|p1a: Corviknight|Roost|p1a: Corviknight
|-heal|p1a: Corviknight|100/100
|-singleturn|p1a: Corviknight|move: Roost
|
|upkeep
|turn|60
|
|move|p2a: Mandibuzz|Foul Play|p1a: Corviknight
|-end|p1a: Corviknight|Substitute
|move|p1a: Corviknight|Brave Bird|p2a: Mandibuzz
|-damage|p2a: Mandibuzz|58/100
|-damage|p1a: Corviknight|86/100|[from] Recoil
|
|-heal|p1a: Corviknight|92/100|[from] item: Leftovers
|upkeep
|turn|61
|
|move|p2a: Mandibuzz|Roost|p2a: Mandibuzz
|-heal|p2a: Mandibuzz|100/100
|-singleturn|p2a: Mandibuzz|move: Roost
|move|p1a: Corviknight|Substitute|p1a: Corviknight
|-start|p1a: Corviknight|Substitute
|-damage|p1a: Corviknight|67/100
|
|-heal|p1a: Corviknight|73/100|[from] item: Leftovers
|upkeep
|turn|62
|
|move|p2a: Mandibuzz|Foul Play|p1a: Corviknight
|-activate|p1a: Corviknight|move: Substitute|[damage]
|move|p1a: Corviknight|Bulk Up|p1a: Corviknight
|-boost|p1a: Corviknight|atk|1
|-boost|p1a: Corviknight|def|1
|
|-heal|p1a: Corviknight|79/100|[from] item: Leftovers
|upkeep
|turn|63
|
|move|p2a: Mandibuzz|Defog||[still]
|-fail|p2a: Mandibuzz
|move|p1a: Corviknight|Bulk Up|p1a: Corviknight
|-boost|p1a: Corviknight|atk|1
|-boost|p1a: Corviknight|def|1
|
|-heal|p1a: Corviknight|86/100|[from] item: Leftovers
|upkeep
|turn|64
|
|move|p2a: Mandibuzz|Foul Play|p1a: Corviknight
|-end|p1a: Corviknight|Substitute
|move|p1a: Corviknight|Brave Bird|p2a: Mandibuzz
|-damage|p2a: Mandibuzz|39/100
|-damage|p1a: Corviknight|64/100|[from] Recoil
|
|-heal|p1a: Corviknight|70/100|[from] item: Leftovers
|upkeep
|turn|65
|
|move|p2a: Mandibuzz|Roost|p2a: Mandibuzz
|-heal|p2a: Mandibuzz|89/100
|-singleturn|p2a: Mandibuzz|move: Roost
|move|p1a: Corviknight|Substitute|p1a: Corviknight
|-start|p1a: Corviknight|Substitute
|-damage|p1a: Corviknight|45/100
|
|-heal|p1a: Corviknight|52/100|[from] item: Leftovers
|upkeep
|turn|66
|
|move|p2a: Mandibuzz|Foul Play|p1a: Corviknight
|-activate|p1a: Corviknight|move: Substitute|[damage]
|move|p1a: Corviknight|Bulk Up|p1a: Corviknight
|-boost|p1a: Corviknight|atk|1
|-boost|p1a: Corviknight|def|1
|
|-heal|p1a: Corviknight|58/100|[from] item: Leftovers
|upkeep
|turn|67
|
|move|p2a: Mandibuzz|Roost|p2a: Mandibuzz
|-heal|p2a: Mandibuzz|100/100
|-singleturn|p2a: Mandibuzz|move: Roost
|move|p1a: Corviknight|Substitute|p1a: Corviknight
|-fail|p1a: Corviknight|move: Substitute
|
|-heal|p1a: Corviknight|64/100|[from] item: Leftovers
|upkeep
|turn|68
|
|move|p2a: Mandibuzz|Toxic||[still]
|-fail|p2a: Mandibuzz
|move|p1a: Corviknight|Substitute|p1a: Corviknight
|-fail|p1a: Corviknight|move: Substitute
|
|-heal|p1a: Corviknight|70/100|[from] item: Leftovers
|upkeep
|turn|69
|
|move|p2a: Mandibuzz|Defog||[still]
|-fail|p2a: Mandibuzz
|move|p1a: Corviknight|Brave Bird|p2a: Mandibuzz
|-damage|p2a: Mandibuzz|28/100
|-damage|p1a: Corviknight|45/100|[from] Recoil
|
|-heal|p1a: Corviknight|51/100|[from] item: Leftovers
|upkeep
|turn|70
|
|move|p2a: Mandibuzz|Roost|p2a: Mandibuzz
|-heal|p2a: Mandibuzz|78/100
|-singleturn|p2a: Mandibuzz|move: Roost
|move|p1a: Corviknight|Roost|p1a: Corviknight
|-heal|p1a: Corviknight|100/100
|-singleturn|p1a: Corviknight|move: Roost
|
|upkeep
|turn|71
|
|move|p2a: Mandibuzz|Defog||[still]
|-fail|p2a: Mandibuzz
|move|p1a: Corviknight|Bulk Up|p1a: Corviknight
|-boost|p1a: Corviknight|atk|1
|-boost|p1a: Corviknight|def|0
|
|upkeep
|turn|72
|
|move|p2a: Mandibuzz|Defog||[still]
|-fail|p2a: Mandibuzz
|move|p1a: Corviknight|Brave Bird|p2a: Mandibuzz
|-damage|p2a: Mandibuzz|0 fnt
|-damage|p1a: Corviknight|73/100|[from] Recoil
|faint|p2a: Mandibuzz
|
|-heal|p1a: Corviknight|79/100|[from] item: Leftovers
|upkeep
|
|switch|p2a: Gengar|Gengar, M|100/100
|turn|73
|
|move|p2a: Gengar|Shadow Ball|p1a: Corviknight
|-end|p1a: Corviknight|Substitute
|move|p1a: Corviknight|Brave Bird|p2a: Gengar
|-damage|p2a: Gengar|0 fnt
|-damage|p1a: Corviknight|58/100|[from] Recoil
|faint|p2a: Gengar
|
|-heal|p1a: Corviknight|64/100|[from] item: Leftovers
|upkeep
|
|switch|p2a: Gyarados|Gyarados, M|94/100
|-ability|p2a: Gyarados|Intimidate|boost
|-unboost|p1a: Corviknight|atk|1
|turn|74
|
|move|p2a: Gyarados|Dragon Dance|p2a: Gyarados
|-boost|p2a: Gyarados|atk|1
|-boost|p2a: Gyarados|spe|1
|move|p1a: Corviknight|Brave Bird|p2a: Gyarados
|-damage|p2a: Gyarados|0 fnt
|-damage|p1a: Corviknight|38/100|[from] Recoil
|faint|p2a: Gyarados
|
|win|MiguelGQ54
|raw|MiguelGQ54's rating: 1279 → 1309(+30 for winning)
|raw|JooshP's rating: 1350 → 1326(-24 for losing)
|l|☆JooshP
|c|☆MiguelGQ54|Gg
