|ScrapeTime|2020-01-02-12:05:43
|j|☆ErsGuterZokka
|j|☆EdaltNeru
|player|p1|ErsGuterZokka|cyrus|1391
|player|p2|EdaltNeru|267|1443
|teamsize|p1|6
|teamsize|p2|6
|gametype|singles
|gen|8
|tier|[Gen 8] OU
|rated|
|rule|Sleep Clause Mod: Limit one foe put to sleep
|rule|Species Clause: Limit one of each Pokémon
|rule|OHKO Clause: OHKO moves are banned
|rule|Evasion Moves Clause: Evasion moves are banned
|rule|Endless Battle Clause: Forcing endless battles is banned
|rule|HP Percentage Mod: HP is shown in percentages
|clearpoke
|poke|p1|Espeon, F|
|poke|p1|Ferrothorn, M|
|poke|p1|Aegislash, M|
|poke|p1|Toxtricity, M|
|poke|p1|Rotom-Mow|
|poke|p1|Ditto|
|poke|p2|Cinderace, M|
|poke|p2|Seismitoad, F|
|poke|p2|Sylveon, F|
|poke|p2|Rotom-Mow|
|poke|p2|Haxorus, M|
|poke|p2|Toxtricity, F|
|rule|Dynamax Clause: You cannot dynamax
|teampreview
|inactive|Battle timer is ON: inactive players will automatically lose when time's up. (requested by EdaltNeru)
|
|start
|switch|p1a: Rotom|Rotom-Mow|100/100
|switch|p2a: Cinderace|Cinderace, M|100/100
|turn|1
|
|move|p2a: Cinderace|Pyro Ball|p1a: Rotom|[miss]
|-miss|p2a: Cinderace|p1a: Rotom
|move|p1a: Rotom|Volt Switch|p2a: Cinderace
|-damage|p2a: Cinderace|49/100
|c|☆EdaltNeru|please
|
|switch|p1a: Ditto|Ditto|100/100|[from]move: Volt Switch
|-transform|p1a: Ditto|p2a: Cinderace|[from] ability: Imposter
|
|upkeep
|turn|2
|c|☆EdaltNeru|omg
|c|☆EdaltNeru|first turn
|c|☆EdaltNeru|first miss
|c|☆ErsGuterZokka|this game is trash man
|c|☆EdaltNeru|90% acc
|c|☆EdaltNeru|hello
|
|switch|p2a: Seismitoad|Seismitoad, F|100/100
|move|p1a: Ditto|Pyro Ball|p2a: Seismitoad
|-resisted|p2a: Seismitoad
|-damage|p2a: Seismitoad|84/100
|
|-heal|p2a: Seismitoad|90/100|[from] item: Leftovers
|upkeep
|turn|3
|
|switch|p1a: Ferrothorn|Ferrothorn, M|100/100
|switch|p2a: Cinderace|Cinderace, M|49/100
|
|upkeep
|turn|4
|
|switch|p1a: Aegislash|Aegislash, M|100/100
|move|p2a: Cinderace|Pyro Ball|p1a: Aegislash
|-supereffective|p1a: Aegislash
|-crit|p1a: Aegislash
|-damage|p1a: Aegislash|0 fnt
|faint|p1a: Aegislash
|
|upkeep
|
|switch|p1a: Ditto|Ditto|100/100
|-transform|p1a: Ditto|p2a: Cinderace|[from] ability: Imposter
|turn|5
|
|switch|p2a: Seismitoad|Seismitoad, F|90/100
|move|p1a: Ditto|U-turn|p2a: Seismitoad
|-damage|p2a: Seismitoad|77/100
|
|switch|p1a: Espeon|Espeon, F|100/100|[from]move: U-turn
|
|-heal|p2a: Seismitoad|83/100|[from] item: Leftovers
|upkeep
|turn|6
|
|switch|p2a: Sylveon|Sylveon, F|100/100
|move|p1a: Espeon|Calm Mind|p1a: Espeon
|-boost|p1a: Espeon|spa|1
|-boost|p1a: Espeon|spd|1
|
|upkeep
|turn|7
|inactive|EdaltNeru has 120 seconds left.
|
|move|p1a: Espeon|Calm Mind|p1a: Espeon
|-boost|p1a: Espeon|spa|1
|-boost|p1a: Espeon|spd|1
|move|p2a: Sylveon|Hyper Voice|p1a: Espeon
|-damage|p1a: Espeon|72/100
|
|-heal|p1a: Espeon|78/100|[from] item: Leftovers
|upkeep
|turn|8
|
|switch|p2a: Cinderace|Cinderace, M|49/100
|move|p1a: Espeon|Curse|p1a: Espeon
|-unboost|p1a: Espeon|spe|1
|-boost|p1a: Espeon|atk|1
|-boost|p1a: Espeon|def|1
|
|-heal|p1a: Espeon|84/100|[from] item: Leftovers
|upkeep
|turn|9
|inactive|EdaltNeru has 120 seconds left.
|
|move|p2a: Cinderace|U-turn|p1a: Espeon
|-supereffective|p1a: Espeon
|-damage|p1a: Espeon|51/100
|
|switch|p2a: Sylveon|Sylveon, F|100/100|[from]move: U-turn
|move|p1a: Espeon|Morning Sun|p1a: Espeon
|-heal|p1a: Espeon|100/100
|
|upkeep
|turn|10
|
|move|p1a: Espeon|Curse|p1a: Espeon
|-unboost|p1a: Espeon|spe|1
|-boost|p1a: Espeon|atk|1
|-boost|p1a: Espeon|def|1
|move|p2a: Sylveon|Mystical Fire|p1a: Espeon
|-damage|p1a: Espeon|89/100
|-unboost|p1a: Espeon|spa|1
|
|-heal|p1a: Espeon|95/100|[from] item: Leftovers
|upkeep
|turn|11
|
|move|p2a: Sylveon|Mystical Fire|p1a: Espeon
|-damage|p1a: Espeon|84/100
|-unboost|p1a: Espeon|spa|1
|move|p1a: Espeon|Curse|p1a: Espeon
|-unboost|p1a: Espeon|spe|1
|-boost|p1a: Espeon|atk|1
|-boost|p1a: Espeon|def|1
|
|-heal|p1a: Espeon|90/100|[from] item: Leftovers
|upkeep
|turn|12
|
|switch|p2a: Rotom|Rotom-Mow|100/100
|move|p1a: Espeon|Curse|p1a: Espeon
|-unboost|p1a: Espeon|spe|1
|-boost|p1a: Espeon|atk|1
|-boost|p1a: Espeon|def|1
|
|-heal|p1a: Espeon|96/100|[from] item: Leftovers
|upkeep
|turn|13
|
|move|p2a: Rotom|Trick|p1a: Espeon
|-activate|p2a: Rotom|move: Trick|[of] p1a: Espeon
|-item|p1a: Espeon|Choice Scarf|[from] move: Trick
|-item|p2a: Rotom|Leftovers|[from] move: Trick
|move|p1a: Espeon|Stored Power|p2a: Rotom
|-damage|p2a: Rotom|0 fnt
|faint|p2a: Rotom
|
|upkeep
|
|switch|p2a: Toxtricity|Toxtricity, F|100/100
|turn|14
|
|move|p2a: Toxtricity|Boomburst|p1a: Espeon
|-damage|p1a: Espeon|54/100
|move|p1a: Espeon|Stored Power|p2a: Toxtricity
|-supereffective|p2a: Toxtricity
|-damage|p2a: Toxtricity|0 fnt
|faint|p2a: Toxtricity
|
|upkeep
|
|switch|p2a: Sylveon|Sylveon, F|100/100
|turn|15
|
|move|p2a: Sylveon|Mystical Fire|p1a: Espeon
|-damage|p1a: Espeon|43/100
|-unboost|p1a: Espeon|spa|1
|move|p1a: Espeon|Stored Power|p2a: Sylveon
|-crit|p2a: Sylveon
|-damage|p2a: Sylveon|35/100
|
|upkeep
|turn|16
|c|☆EdaltNeru|pff
|c|☆EdaltNeru|your team gets OS by cinderace btw
|-message|EdaltNeru forfeited.
|
|win|ErsGuterZokka
|l|☆EdaltNeru
|raw|ErsGuterZokka's rating: 1391 → 1413(+22 for winning)
|raw|EdaltNeru's rating: 1425 → 1403(-22 for losing)
