|ScrapeTime|2020-01-02-13:36:34
|j|☆Gnirks_Flo
|j|☆Bipop
|player|p1|Gnirks_Flo|92|1500
|player|p2|Bipop|2|1508
|teamsize|p1|6
|teamsize|p2|6
|gametype|singles
|gen|8
|tier|[Gen 8] OU
|rated|
|rule|Sleep Clause Mod: Limit one foe put to sleep
|rule|Species Clause: Limit one of each Pokémon
|rule|OHKO Clause: OHKO moves are banned
|rule|Evasion Moves Clause: Evasion moves are banned
|rule|Endless Battle Clause: Forcing endless battles is banned
|rule|HP Percentage Mod: HP is shown in percentages
|clearpoke
|poke|p1|Dragapult, F|
|poke|p1|Ferrothorn, M|
|poke|p1|Corsola-Galar, M|
|poke|p1|Gastrodon-East, M|
|poke|p1|Mandibuzz, F|
|poke|p1|Corviknight, M|
|poke|p2|Corviknight, M|
|poke|p2|Toxapex, F|
|poke|p2|Clefable, M|
|poke|p2|Ferrothorn, F|
|poke|p2|Cinderace, F|
|poke|p2|Conkeldurr, M|
|rule|Dynamax Clause: You cannot dynamax
|teampreview
|inactive|Battle timer is ON: inactive players will automatically lose when time's up. (requested by Bipop)
|
|start
|switch|p1a: Ferrothorn|Ferrothorn, M|100/100
|switch|p2a: Toxapex|Toxapex, F|100/100
|turn|1
|
|switch|p2a: Ferrothorn|Ferrothorn, F|100/100
|move|p1a: Ferrothorn|Leech Seed|p2a: Ferrothorn
|-immune|p2a: Ferrothorn
|
|upkeep
|turn|2
|
|move|p2a: Ferrothorn|Knock Off|p1a: Ferrothorn
|-damage|p1a: Ferrothorn|83/100
|-damage|p2a: Ferrothorn|88/100|[from] ability: Iron Barbs|[of] p1a: Ferrothorn
|-enditem|p1a: Ferrothorn|Leftovers|[from] move: Knock Off|[of] p2a: Ferrothorn
|move|p1a: Ferrothorn|Spikes|p2a: Ferrothorn
|-sidestart|p2: Bipop|Spikes
|
|-heal|p2a: Ferrothorn|94/100|[from] item: Leftovers
|upkeep
|turn|3
|
|switch|p2a: Clefable|Clefable, M|100/100
|move|p1a: Ferrothorn|Toxic|p2a: Clefable
|-status|p2a: Clefable|tox
|
|upkeep
|turn|4
|
|switch|p1a: Corviknight|Corviknight, M|100/100
|move|p2a: Clefable|Moonblast|p1a: Corviknight
|-resisted|p1a: Corviknight
|-damage|p1a: Corviknight|80/100
|
|-heal|p1a: Corviknight|86/100|[from] item: Leftovers
|upkeep
|turn|5
|
|move|p1a: Corviknight|Iron Head|p2a: Clefable
|-supereffective|p2a: Clefable
|-crit|p2a: Clefable
|-damage|p2a: Clefable|10/100 tox
|move|p2a: Clefable|Flamethrower|p1a: Corviknight
|-supereffective|p1a: Corviknight
|-damage|p1a: Corviknight|36/100
|
|-heal|p1a: Corviknight|42/100|[from] item: Leftovers
|upkeep
|turn|6
|
|switch|p2a: Cinderace|Cinderace, F|100/100
|move|p1a: Corviknight|Roost|p1a: Corviknight
|-heal|p1a: Corviknight|92/100
|-singleturn|p1a: Corviknight|move: Roost
|
|-heal|p1a: Corviknight|98/100|[from] item: Leftovers
|upkeep
|turn|7
|
|switch|p1a: Gastrodon|Gastrodon-East, M|100/100
|move|p2a: Cinderace|High Jump Kick|p1a: Gastrodon
|-damage|p1a: Gastrodon|71/100
|
|-heal|p1a: Gastrodon|77/100|[from] item: Leftovers
|upkeep
|turn|8
|
|switch|p2a: Ferrothorn|Ferrothorn, F|94/100
|-damage|p2a: Ferrothorn|82/100|[from] Spikes
|move|p1a: Gastrodon|Scald|p2a: Ferrothorn
|-resisted|p2a: Ferrothorn
|-damage|p2a: Ferrothorn|71/100
|-status|p2a: Ferrothorn|brn
|
|-heal|p1a: Gastrodon|84/100|[from] item: Leftovers
|-heal|p2a: Ferrothorn|77/100 brn|[from] item: Leftovers
|-damage|p2a: Ferrothorn|71/100 brn|[from] brn
|upkeep
|turn|9
|
|switch|p1a: Ferrothorn|Ferrothorn, M|83/100
|move|p2a: Ferrothorn|Spikes|p1a: Ferrothorn
|-sidestart|p1: Gnirks_Flo|Spikes
|
|-heal|p2a: Ferrothorn|77/100 brn|[from] item: Leftovers
|-damage|p2a: Ferrothorn|71/100 brn|[from] brn
|upkeep
|turn|10
|
|switch|p2a: Conkeldurr|Conkeldurr, M|100/100
|-damage|p2a: Conkeldurr|88/100|[from] Spikes
|move|p1a: Ferrothorn|Gyro Ball|p2a: Conkeldurr
|-damage|p2a: Conkeldurr|64/100
|
|-status|p2a: Conkeldurr|brn|[from] item: Flame Orb
|upkeep
|turn|11
|
|switch|p1a: Corsola|Corsola-Galar, M|100/100
|-damage|p1a: Corsola|88/100|[from] Spikes
|move|p2a: Conkeldurr|Earthquake|p1a: Corsola
|-damage|p1a: Corsola|57/100
|
|-damage|p2a: Conkeldurr|58/100 brn|[from] brn
|upkeep
|turn|12
|
|switch|p2a: Toxapex|Toxapex, F|100/100
|-damage|p2a: Toxapex|88/100|[from] Spikes
|move|p1a: Corsola|Strength Sap|p2a: Toxapex
|-unboost|p2a: Toxapex|atk|1
|-heal|p1a: Corsola|98/100
|
|-heal|p2a: Toxapex|94/100|[from] item: Black Sludge
|upkeep
|turn|13
|
|switch|p1a: Ferrothorn|Ferrothorn, M|83/100
|-damage|p1a: Ferrothorn|71/100|[from] Spikes
|move|p2a: Toxapex|Toxic|p1a: Ferrothorn
|-immune|p1a: Ferrothorn
|
|-heal|p2a: Toxapex|100/100|[from] item: Black Sludge
|upkeep
|turn|14
|
|move|p2a: Toxapex|Scald|p1a: Ferrothorn
|-resisted|p1a: Ferrothorn
|-damage|p1a: Ferrothorn|66/100
|move|p1a: Ferrothorn|Leech Seed|p2a: Toxapex
|-start|p2a: Toxapex|move: Leech Seed
|
|-damage|p2a: Toxapex|88/100|[from] Leech Seed|[of] p1a: Ferrothorn
|-heal|p1a: Ferrothorn|77/100|[silent]
|upkeep
|turn|15
|
|move|p2a: Toxapex|Scald|p1a: Ferrothorn
|-resisted|p1a: Ferrothorn
|-damage|p1a: Ferrothorn|72/100
|move|p1a: Ferrothorn|Toxic|p2a: Toxapex
|-immune|p2a: Toxapex
|
|-heal|p2a: Toxapex|94/100|[from] item: Black Sludge
|-damage|p2a: Toxapex|82/100|[from] Leech Seed|[of] p1a: Ferrothorn
|-heal|p1a: Ferrothorn|83/100|[silent]
|upkeep
|turn|16
|
|switch|p1a: Gastrodon|Gastrodon-East, M|84/100
|-damage|p1a: Gastrodon|71/100|[from] Spikes
|move|p2a: Toxapex|Scald|p1a: Gastrodon
|-ability|p1a: Gastrodon|Storm Drain|boost
|-boost|p1a: Gastrodon|spa|1
|
|-heal|p1a: Gastrodon|77/100|[from] item: Leftovers
|-heal|p2a: Toxapex|88/100|[from] item: Black Sludge
|-damage|p2a: Toxapex|75/100|[from] Leech Seed|[of] p1a: Gastrodon
|-heal|p1a: Gastrodon|86/100|[silent]
|upkeep
|turn|17
|
|switch|p1a: Ferrothorn|Ferrothorn, M|83/100
|-damage|p1a: Ferrothorn|71/100|[from] Spikes
|move|p2a: Toxapex|Toxic|p1a: Ferrothorn
|-immune|p1a: Ferrothorn
|
|-heal|p2a: Toxapex|82/100|[from] item: Black Sludge
|-damage|p2a: Toxapex|69/100|[from] Leech Seed|[of] p1a: Ferrothorn
|-heal|p1a: Ferrothorn|81/100|[silent]
|upkeep
|turn|18
|
|move|p2a: Toxapex|Scald|p1a: Ferrothorn
|-resisted|p1a: Ferrothorn
|-crit|p1a: Ferrothorn
|-damage|p1a: Ferrothorn|73/100
|move|p1a: Ferrothorn|Spikes|p2a: Toxapex
|-sidestart|p2: Bipop|Spikes
|
|-heal|p2a: Toxapex|75/100|[from] item: Black Sludge
|-damage|p2a: Toxapex|63/100|[from] Leech Seed|[of] p1a: Ferrothorn
|-heal|p1a: Ferrothorn|84/100|[silent]
|upkeep
|turn|19
|
|move|p2a: Toxapex|Scald|p1a: Ferrothorn
|-resisted|p1a: Ferrothorn
|-damage|p1a: Ferrothorn|78/100
|-status|p1a: Ferrothorn|brn
|move|p1a: Ferrothorn|Toxic|p2a: Toxapex
|-immune|p2a: Toxapex
|
|-heal|p2a: Toxapex|69/100|[from] item: Black Sludge
|-damage|p2a: Toxapex|57/100|[from] Leech Seed|[of] p1a: Ferrothorn
|-heal|p1a: Ferrothorn|89/100 brn|[silent]
|-damage|p1a: Ferrothorn|83/100 brn|[from] brn
|upkeep
|turn|20
|
|switch|p1a: Dragapult|Dragapult, F|100/100
|-damage|p1a: Dragapult|88/100|[from] Spikes
|move|p2a: Toxapex|Toxic|p1a: Dragapult
|-status|p1a: Dragapult|tox
|
|-heal|p1a: Dragapult|94/100 tox|[from] item: Leftovers
|-heal|p2a: Toxapex|63/100|[from] item: Black Sludge
|-damage|p2a: Toxapex|50/100|[from] Leech Seed|[of] p1a: Dragapult
|-heal|p1a: Dragapult|100/100 tox|[silent]
|-damage|p1a: Dragapult|94/100 tox|[from] psn
|upkeep
|turn|21
|
|switch|p2a: Clefable|Clefable, M|10/100 tox
|move|p1a: Dragapult|Will-O-Wisp||[still]
|-fail|p1a: Dragapult
|
|-heal|p1a: Dragapult|100/100 tox|[from] item: Leftovers
|-damage|p1a: Dragapult|88/100 tox|[from] psn
|upkeep
|turn|22
|
|move|p1a: Dragapult|Hex|p2a: Clefable
|-damage|p2a: Clefable|0 fnt
|faint|p2a: Clefable
|
|-heal|p1a: Dragapult|94/100 tox|[from] item: Leftovers
|-damage|p1a: Dragapult|75/100 tox|[from] psn
|upkeep
|
|switch|p2a: Cinderace|Cinderace, F|100/100
|turn|23
|
|move|p1a: Dragapult|Hex|p2a: Cinderace
|-damage|p2a: Cinderace|62/100
|move|p2a: Cinderace|Pyro Ball|p1a: Dragapult
|-resisted|p1a: Dragapult
|-damage|p1a: Dragapult|37/100 tox
|
|-heal|p1a: Dragapult|43/100 tox|[from] item: Leftovers
|-damage|p1a: Dragapult|18/100 tox|[from] psn
|upkeep
|turn|24
|
|move|p2a: Cinderace|Sucker Punch|p1a: Dragapult
|-supereffective|p1a: Dragapult
|-damage|p1a: Dragapult|0 fnt
|faint|p1a: Dragapult
|
|upkeep
|
|switch|p1a: Gastrodon|Gastrodon-East, M|86/100
|-damage|p1a: Gastrodon|74/100|[from] Spikes
|turn|25
|
|switch|p2a: Toxapex|Toxapex, F|84/100
|-damage|p2a: Toxapex|67/100|[from] Spikes
|move|p1a: Gastrodon|Recover|p1a: Gastrodon
|-heal|p1a: Gastrodon|100/100
|
|-heal|p2a: Toxapex|74/100|[from] item: Black Sludge
|upkeep
|turn|26
|
|switch|p1a: Ferrothorn|Ferrothorn, M|83/100 brn
|-damage|p1a: Ferrothorn|71/100 brn|[from] Spikes
|move|p2a: Toxapex|Toxic||[still]
|-fail|p2a: Toxapex
|
|-heal|p2a: Toxapex|80/100|[from] item: Black Sludge
|-damage|p1a: Ferrothorn|65/100 brn|[from] brn
|upkeep
|turn|27
|
|switch|p2a: Ferrothorn|Ferrothorn, F|71/100 brn
|-damage|p2a: Ferrothorn|54/100 brn|[from] Spikes
|move|p1a: Ferrothorn|Leech Seed|p2a: Ferrothorn
|-immune|p2a: Ferrothorn
|
|-heal|p2a: Ferrothorn|61/100 brn|[from] item: Leftovers
|-damage|p2a: Ferrothorn|54/100 brn|[from] brn
|-damage|p1a: Ferrothorn|59/100 brn|[from] brn
|upkeep
|turn|28
|
|switch|p1a: Mandibuzz|Mandibuzz, F|100/100
|move|p2a: Ferrothorn|Spikes|p1a: Mandibuzz
|-sidestart|p1: Gnirks_Flo|Spikes
|
|-heal|p2a: Ferrothorn|61/100 brn|[from] item: Leftovers
|-damage|p2a: Ferrothorn|54/100 brn|[from] brn
|upkeep
|turn|29
|
|move|p1a: Mandibuzz|Knock Off|p2a: Ferrothorn
|-damage|p2a: Ferrothorn|42/100 brn
|-damage|p1a: Mandibuzz|88/100|[from] ability: Iron Barbs|[of] p2a: Ferrothorn
|-enditem|p2a: Ferrothorn|Leftovers|[from] move: Knock Off|[of] p1a: Mandibuzz
|move|p2a: Ferrothorn|Leech Seed|p1a: Mandibuzz
|-start|p1a: Mandibuzz|move: Leech Seed
|
|-damage|p1a: Mandibuzz|75/100|[from] Leech Seed|[of] p2a: Ferrothorn
|-heal|p2a: Ferrothorn|57/100 brn|[silent]
|-damage|p2a: Ferrothorn|50/100 brn|[from] brn
|upkeep
|turn|30
|
|switch|p1a: Corviknight|Corviknight, M|98/100
|move|p2a: Ferrothorn|Protect||[still]
|-fail|p2a: Ferrothorn
|
|-heal|p1a: Corviknight|100/100|[from] item: Leftovers
|-damage|p2a: Ferrothorn|44/100 brn|[from] brn
|upkeep
|turn|31
|
|switch|p2a: Corviknight|Corviknight, M|100/100
|-ability|p2a: Corviknight|Pressure
|move|p1a: Corviknight|Taunt|p2a: Corviknight
|-start|p2a: Corviknight|move: Taunt
|
|upkeep
|turn|32
|
|move|p2a: Corviknight|Brave Bird|p1a: Corviknight
|-resisted|p1a: Corviknight
|-damage|p1a: Corviknight|84/100
|-damage|p2a: Corviknight|95/100|[from] Recoil
|move|p1a: Corviknight|Defog|p2a: Corviknight
|-unboost|p2a: Corviknight|evasion|1
|-sideend|p2: Bipop|Spikes|[from] move: Defog|[of] p1a: Corviknight
|-sideend|p1: Gnirks_Flo|Spikes|[from] move: Defog|[of] p1a: Corviknight
|
|-heal|p2a: Corviknight|100/100|[from] item: Leftovers
|-heal|p1a: Corviknight|90/100|[from] item: Leftovers
|upkeep
|turn|33
|
|switch|p1a: Mandibuzz|Mandibuzz, F|75/100
|move|p2a: Corviknight|Brave Bird|p1a: Mandibuzz
|-damage|p1a: Mandibuzz|49/100
|-damage|p2a: Corviknight|91/100|[from] Recoil
|
|-heal|p2a: Corviknight|97/100|[from] item: Leftovers
|-end|p2a: Corviknight|move: Taunt
|upkeep
|turn|34
|
|switch|p2a: Toxapex|Toxapex, F|100/100
|move|p1a: Mandibuzz|Roost|p1a: Mandibuzz
|-heal|p1a: Mandibuzz|99/100
|-singleturn|p1a: Mandibuzz|move: Roost
|
|upkeep
|turn|35
|
|switch|p1a: Ferrothorn|Ferrothorn, M|59/100 brn
|switch|p2a: Conkeldurr|Conkeldurr, M|58/100 brn
|
|-damage|p2a: Conkeldurr|51/100 brn|[from] brn
|-damage|p1a: Ferrothorn|53/100 brn|[from] brn
|upkeep
|turn|36
|
|switch|p1a: Corsola|Corsola-Galar, M|98/100
|move|p2a: Conkeldurr|Earthquake|p1a: Corsola
|-damage|p1a: Corsola|66/100
|
|-damage|p2a: Conkeldurr|45/100 brn|[from] brn
|upkeep
|turn|37
|
|switch|p2a: Ferrothorn|Ferrothorn, F|44/100 brn
|move|p1a: Corsola|Stealth Rock|p2a: Ferrothorn
|-sidestart|p2: Bipop|move: Stealth Rock
|
|-damage|p2a: Ferrothorn|38/100 brn|[from] brn
|upkeep
|turn|38
|
|switch|p1a: Corviknight|Corviknight, M|90/100
|move|p2a: Ferrothorn|Knock Off|p1a: Corviknight
|-damage|p1a: Corviknight|82/100
|-enditem|p1a: Corviknight|Leftovers|[from] move: Knock Off|[of] p2a: Ferrothorn
|
|-damage|p2a: Ferrothorn|32/100 brn|[from] brn
|upkeep
|turn|39
|
|switch|p2a: Cinderace|Cinderace, F|62/100
|move|p1a: Corviknight|Taunt|p2a: Cinderace
|-start|p2a: Cinderace|move: Taunt
|
|upkeep
|turn|40
|
|switch|p1a: Gastrodon|Gastrodon-East, M|100/100
|move|p2a: Cinderace|Pyro Ball|p1a: Gastrodon
|-resisted|p1a: Gastrodon
|-damage|p1a: Gastrodon|80/100
|
|-heal|p1a: Gastrodon|86/100|[from] item: Leftovers
|upkeep
|turn|41
|
|switch|p2a: Toxapex|Toxapex, F|100/100
|-damage|p2a: Toxapex|88/100|[from] Stealth Rock
|move|p1a: Gastrodon|Scald|p2a: Toxapex
|-resisted|p2a: Toxapex
|-damage|p2a: Toxapex|76/100
|
|-heal|p1a: Gastrodon|92/100|[from] item: Leftovers
|-heal|p2a: Toxapex|83/100|[from] item: Black Sludge
|upkeep
|turn|42
|
|switch|p1a: Corviknight|Corviknight, M|82/100
|move|p2a: Toxapex|Toxic|p1a: Corviknight
|-immune|p1a: Corviknight
|
|-heal|p2a: Toxapex|89/100|[from] item: Black Sludge
|upkeep
|turn|43
|
|move|p1a: Corviknight|Taunt|p2a: Toxapex
|-start|p2a: Toxapex|move: Taunt
|move|p2a: Toxapex|Scald|p1a: Corviknight
|-damage|p1a: Corviknight|71/100
|
|-heal|p2a: Toxapex|95/100|[from] item: Black Sludge
|upkeep
|turn|44
|
|switch|p1a: Gastrodon|Gastrodon-East, M|92/100
|switch|p2a: Corviknight|Corviknight, M|97/100
|-damage|p2a: Corviknight|85/100|[from] Stealth Rock
|-ability|p2a: Corviknight|Pressure
|
|-heal|p2a: Corviknight|91/100|[from] item: Leftovers
|-heal|p1a: Gastrodon|98/100|[from] item: Leftovers
|upkeep
|turn|45
|
|move|p2a: Corviknight|Substitute|p2a: Corviknight
|-start|p2a: Corviknight|Substitute
|-damage|p2a: Corviknight|66/100
|move|p1a: Gastrodon|Scald|p2a: Corviknight
|-activate|p2a: Corviknight|move: Substitute|[damage]
|
|-heal|p2a: Corviknight|72/100|[from] item: Leftovers
|-heal|p1a: Gastrodon|100/100|[from] item: Leftovers
|upkeep
|turn|46
|
|switch|p1a: Mandibuzz|Mandibuzz, F|99/100
|move|p2a: Corviknight|Bulk Up|p2a: Corviknight
|-boost|p2a: Corviknight|atk|1
|-boost|p2a: Corviknight|def|1
|
|-heal|p2a: Corviknight|79/100|[from] item: Leftovers
|upkeep
|turn|47
|
|move|p2a: Corviknight|Bulk Up|p2a: Corviknight
|-boost|p2a: Corviknight|atk|1
|-boost|p2a: Corviknight|def|1
|move|p1a: Mandibuzz|Whirlwind|p2a: Corviknight
|drag|p2a: Ferrothorn|Ferrothorn, F|32/100 brn
|-damage|p2a: Ferrothorn|25/100 brn|[from] Stealth Rock
|
|-damage|p2a: Ferrothorn|19/100 brn|[from] brn
|upkeep
|turn|48
|
|switch|p1a: Ferrothorn|Ferrothorn, M|53/100 brn
|move|p2a: Ferrothorn|Leech Seed|p1a: Ferrothorn
|-immune|p1a: Ferrothorn
|
|-damage|p2a: Ferrothorn|13/100 brn|[from] brn
|-damage|p1a: Ferrothorn|47/100 brn|[from] brn
|upkeep
|turn|49
|
|move|p2a: Ferrothorn|Spikes|p1a: Ferrothorn
|-sidestart|p1: Gnirks_Flo|Spikes
|move|p1a: Ferrothorn|Spikes|p2a: Ferrothorn
|-sidestart|p2: Bipop|Spikes
|
|-damage|p2a: Ferrothorn|7/100 brn|[from] brn
|-damage|p1a: Ferrothorn|41/100 brn|[from] brn
|upkeep
|turn|50
|
|move|p2a: Ferrothorn|Spikes|p1a: Ferrothorn
|-sidestart|p1: Gnirks_Flo|Spikes
|move|p1a: Ferrothorn|Spikes|p2a: Ferrothorn
|-sidestart|p2: Bipop|Spikes
|
|-damage|p2a: Ferrothorn|0 fnt|[from] brn
|faint|p2a: Ferrothorn
|-damage|p1a: Ferrothorn|35/100 brn|[from] brn
|upkeep
|
|switch|p2a: Cinderace|Cinderace, F|62/100
|turn|51
|
|switch|p1a: Gastrodon|Gastrodon-East, M|100/100
|-damage|p1a: Gastrodon|84/100|[from] Spikes
|move|p2a: Cinderace|Court Change|p2a: Cinderace
|-sideend|p2: Bipop|Spikes|[silent]
|-sideend|p1: Gnirks_Flo|Spikes|[silent]
|-sidestart|p2: Bipop|Spikes|[silent]
|-sidestart|p2: Bipop|Spikes|[silent]
|-sidestart|p1: Gnirks_Flo|Spikes|[silent]
|-sidestart|p1: Gnirks_Flo|Spikes|[silent]
|-sideend|p2: Bipop|Stealth Rock|[silent]
|-sidestart|p1: Gnirks_Flo|Stealth Rock|[silent]
|-activate|p2a: Cinderace|move: Court Change
|
|-heal|p1a: Gastrodon|90/100|[from] item: Leftovers
|upkeep
|turn|52
|
|switch|p2a: Toxapex|Toxapex, F|100/100
|-damage|p2a: Toxapex|84/100|[from] Spikes
|move|p1a: Gastrodon|Scald|p2a: Toxapex
|-resisted|p2a: Toxapex
|-damage|p2a: Toxapex|73/100
|
|-heal|p1a: Gastrodon|96/100|[from] item: Leftovers
|-heal|p2a: Toxapex|79/100|[from] item: Black Sludge
|upkeep
|turn|53
|
|switch|p1a: Corviknight|Corviknight, M|71/100
|-damage|p1a: Corviknight|59/100|[from] Stealth Rock
|move|p2a: Toxapex|Scald|p1a: Corviknight
|-damage|p1a: Corviknight|47/100
|-status|p1a: Corviknight|brn
|
|-heal|p2a: Toxapex|86/100|[from] item: Black Sludge
|-damage|p1a: Corviknight|41/100 brn|[from] brn
|upkeep
|turn|54
|
|switch|p2a: Cinderace|Cinderace, F|62/100
|move|p1a: Corviknight|Defog|p2a: Cinderace
|-unboost|p2a: Cinderace|evasion|1
|-sideend|p2: Bipop|Spikes|[from] move: Defog|[of] p1a: Corviknight
|-sideend|p1: Gnirks_Flo|Spikes|[from] move: Defog|[of] p1a: Corviknight
|-sideend|p1: Gnirks_Flo|Stealth Rock|[from] move: Defog|[of] p1a: Corviknight
|
|-damage|p1a: Corviknight|35/100 brn|[from] brn
|upkeep
|turn|55
|
|switch|p1a: Gastrodon|Gastrodon-East, M|96/100
|move|p2a: Cinderace|High Jump Kick|p1a: Gastrodon
|-damage|p1a: Gastrodon|66/100
|
|-heal|p1a: Gastrodon|72/100|[from] item: Leftovers
|upkeep
|turn|56
|
|switch|p2a: Toxapex|Toxapex, F|100/100
|move|p1a: Gastrodon|Scald|p2a: Toxapex
|-resisted|p2a: Toxapex
|-damage|p2a: Toxapex|91/100
|
|-heal|p1a: Gastrodon|78/100|[from] item: Leftovers
|-heal|p2a: Toxapex|97/100|[from] item: Black Sludge
|upkeep
|turn|57
|
|switch|p1a: Corviknight|Corviknight, M|35/100 brn
|switch|p2a: Conkeldurr|Conkeldurr, M|45/100 brn
|
|-damage|p1a: Corviknight|29/100 brn|[from] brn
|-damage|p2a: Conkeldurr|39/100 brn|[from] brn
|upkeep
|turn|58
|
|switch|p1a: Corsola|Corsola-Galar, M|66/100
|move|p2a: Conkeldurr|Thunder Punch|p1a: Corsola
|-damage|p1a: Corsola|45/100
|
|-damage|p2a: Conkeldurr|33/100 brn|[from] brn
|upkeep
|turn|59
|
|switch|p2a: Toxapex|Toxapex, F|100/100
|move|p1a: Corsola|Strength Sap|p2a: Toxapex
|-unboost|p2a: Toxapex|atk|1
|-heal|p1a: Corsola|85/100
|
|upkeep
|turn|60
|
|switch|p1a: Ferrothorn|Ferrothorn, M|35/100 brn
|move|p2a: Toxapex|Scald|p1a: Ferrothorn
|-resisted|p1a: Ferrothorn
|-damage|p1a: Ferrothorn|30/100 brn
|
|-damage|p1a: Ferrothorn|24/100 brn|[from] brn
|upkeep
|turn|61
|
|move|p2a: Toxapex|Scald|p1a: Ferrothorn
|-resisted|p1a: Ferrothorn
|-damage|p1a: Ferrothorn|19/100 brn
|move|p1a: Ferrothorn|Leech Seed|p2a: Toxapex
|-start|p2a: Toxapex|move: Leech Seed
|
|-damage|p2a: Toxapex|88/100|[from] Leech Seed|[of] p1a: Ferrothorn
|-heal|p1a: Ferrothorn|30/100 brn|[silent]
|-damage|p1a: Ferrothorn|24/100 brn|[from] brn
|upkeep
|turn|62
|
|move|p2a: Toxapex|Scald|p1a: Ferrothorn
|-resisted|p1a: Ferrothorn
|-damage|p1a: Ferrothorn|18/100 brn
|move|p1a: Ferrothorn|Leech Seed||[still]
|-fail|p1a: Ferrothorn
|
|-heal|p2a: Toxapex|94/100|[from] item: Black Sludge
|-damage|p2a: Toxapex|82/100|[from] Leech Seed|[of] p1a: Ferrothorn
|-heal|p1a: Ferrothorn|29/100 brn|[silent]
|-damage|p1a: Ferrothorn|23/100 brn|[from] brn
|upkeep
|turn|63
|
|switch|p2a: Cinderace|Cinderace, F|62/100
|switch|p1a: Corviknight|Corviknight, M|29/100 brn
|
|-damage|p1a: Corviknight|23/100 brn|[from] brn
|upkeep
|turn|64
|
|switch|p1a: Gastrodon|Gastrodon-East, M|78/100
|move|p2a: Cinderace|Pyro Ball|p1a: Gastrodon
|-resisted|p1a: Gastrodon
|-damage|p1a: Gastrodon|58/100
|
|-heal|p1a: Gastrodon|64/100|[from] item: Leftovers
|upkeep
|turn|65
|inactive|Bipop has 120 seconds left.
|
|switch|p2a: Toxapex|Toxapex, F|100/100
|move|p1a: Gastrodon|Scald|p2a: Toxapex
|-resisted|p2a: Toxapex
|-damage|p2a: Toxapex|90/100
|
|-heal|p1a: Gastrodon|70/100|[from] item: Leftovers
|-heal|p2a: Toxapex|96/100|[from] item: Black Sludge
|upkeep
|turn|66
|inactive|Bipop has 120 seconds left.
|
|switch|p1a: Ferrothorn|Ferrothorn, M|23/100 brn
|move|p2a: Toxapex|Scald|p1a: Ferrothorn
|-resisted|p1a: Ferrothorn
|-damage|p1a: Ferrothorn|18/100 brn
|
|-heal|p2a: Toxapex|100/100|[from] item: Black Sludge
|-damage|p1a: Ferrothorn|12/100 brn|[from] brn
|upkeep
|turn|67
|inactive|Bipop has 120 seconds left.
|
|move|p2a: Toxapex|Baneful Bunker|p2a: Toxapex
|-singleturn|p2a: Toxapex|move: Protect
|move|p1a: Ferrothorn|Leech Seed|p2a: Toxapex
|-activate|p2a: Toxapex|move: Protect
|
|-damage|p1a: Ferrothorn|6/100 brn|[from] brn
|upkeep
|turn|68
|
|move|p2a: Toxapex|Scald|p1a: Ferrothorn
|-resisted|p1a: Ferrothorn
|-damage|p1a: Ferrothorn|0 fnt
|faint|p1a: Ferrothorn
|
|upkeep
|
|switch|p1a: Corviknight|Corviknight, M|23/100 brn
|turn|69
|
|switch|p2a: Conkeldurr|Conkeldurr, M|33/100 brn
|move|p1a: Corviknight|Roost|p1a: Corviknight
|-heal|p1a: Corviknight|73/100 brn
|-singleturn|p1a: Corviknight|move: Roost
|
|-damage|p1a: Corviknight|67/100 brn|[from] brn
|-damage|p2a: Conkeldurr|27/100 brn|[from] brn
|upkeep
|turn|70
|
|switch|p1a: Corsola|Corsola-Galar, M|85/100
|move|p2a: Conkeldurr|Drain Punch|p1a: Corsola
|-immune|p1a: Corsola
|
|-damage|p2a: Conkeldurr|21/100 brn|[from] brn
|upkeep
|turn|71
|
|switch|p2a: Toxapex|Toxapex, F|100/100
|move|p1a: Corsola|Will-O-Wisp|p2a: Toxapex
|-status|p2a: Toxapex|brn
|
|-damage|p2a: Toxapex|94/100 brn|[from] brn
|upkeep
|turn|72
|
|switch|p1a: Corviknight|Corviknight, M|67/100 brn
|move|p2a: Toxapex|Toxic||[still]
|-fail|p2a: Toxapex
|
|-heal|p2a: Toxapex|100/100 brn|[from] item: Black Sludge
|-damage|p1a: Corviknight|61/100 brn|[from] brn
|-damage|p2a: Toxapex|94/100 brn|[from] brn
|upkeep
|turn|73
|
|move|p2a: Toxapex|Baneful Bunker|p2a: Toxapex
|-singleturn|p2a: Toxapex|move: Protect
|move|p1a: Corviknight|Taunt|p2a: Toxapex
|-activate|p2a: Toxapex|move: Protect
|
|-heal|p2a: Toxapex|100/100 brn|[from] item: Black Sludge
|-damage|p1a: Corviknight|55/100 brn|[from] brn
|-damage|p2a: Toxapex|94/100 brn|[from] brn
|upkeep
|turn|74
|
|switch|p2a: Conkeldurr|Conkeldurr, M|21/100 brn
|move|p1a: Corviknight|Roost|p1a: Corviknight
|-heal|p1a: Corviknight|100/100 brn
|-singleturn|p1a: Corviknight|move: Roost
|
|-damage|p1a: Corviknight|94/100 brn|[from] brn
|-damage|p2a: Conkeldurr|15/100 brn|[from] brn
|upkeep
|turn|75
|
|switch|p1a: Corsola|Corsola-Galar, M|85/100
|move|p2a: Conkeldurr|Thunder Punch|p1a: Corsola
|-damage|p1a: Corsola|64/100
|
|-damage|p2a: Conkeldurr|9/100 brn|[from] brn
|upkeep
|turn|76
|
|move|p2a: Conkeldurr|Earthquake|p1a: Corsola
|-damage|p1a: Corsola|31/100
|move|p1a: Corsola|Strength Sap|p2a: Conkeldurr
|-unboost|p2a: Conkeldurr|atk|1
|-heal|p1a: Corsola|100/100
|
|-damage|p2a: Conkeldurr|3/100 brn|[from] brn
|upkeep
|turn|77
|
|move|p2a: Conkeldurr|Thunder Punch|p1a: Corsola
|-damage|p1a: Corsola|86/100
|move|p1a: Corsola|Night Shade|p2a: Conkeldurr
|-damage|p2a: Conkeldurr|0 fnt
|faint|p2a: Conkeldurr
|
|upkeep
|
|switch|p2a: Cinderace|Cinderace, F|62/100
|turn|78
|
|switch|p2a: Toxapex|Toxapex, F|100/100 brn
|move|p1a: Corsola|Strength Sap|p2a: Toxapex
|-unboost|p2a: Toxapex|atk|1
|-heal|p1a: Corsola|100/100
|
|-damage|p2a: Toxapex|94/100 brn|[from] brn
|upkeep
|turn|79
|
|switch|p1a: Corviknight|Corviknight, M|94/100 brn
|switch|p2a: Cinderace|Cinderace, F|62/100
|
|-damage|p1a: Corviknight|88/100 brn|[from] brn
|upkeep
|turn|80
|
|switch|p2a: Toxapex|Toxapex, F|100/100 brn
|switch|p1a: Gastrodon|Gastrodon-East, M|70/100
|
|-heal|p1a: Gastrodon|76/100|[from] item: Leftovers
|-damage|p2a: Toxapex|94/100 brn|[from] brn
|upkeep
|turn|81
|
|switch|p1a: Corviknight|Corviknight, M|88/100 brn
|move|p2a: Toxapex|Scald|p1a: Corviknight
|-damage|p1a: Corviknight|76/100 brn
|
|-heal|p2a: Toxapex|100/100 brn|[from] item: Black Sludge
|-damage|p1a: Corviknight|70/100 brn|[from] brn
|-damage|p2a: Toxapex|94/100 brn|[from] brn
|upkeep
|turn|82
|
|move|p1a: Corviknight|Taunt|p2a: Toxapex
|-start|p2a: Toxapex|move: Taunt
|move|p2a: Toxapex|Scald|p1a: Corviknight
|-damage|p1a: Corviknight|58/100 brn
|
|-heal|p2a: Toxapex|100/100 brn|[from] item: Black Sludge
|-damage|p1a: Corviknight|52/100 brn|[from] brn
|-damage|p2a: Toxapex|94/100 brn|[from] brn
|upkeep
|turn|83
|
|switch|p1a: Mandibuzz|Mandibuzz, F|99/100
|switch|p2a: Corviknight|Corviknight, M|79/100
|-ability|p2a: Corviknight|Pressure
|
|-heal|p2a: Corviknight|85/100|[from] item: Leftovers
|upkeep
|turn|84
|
|switch|p2a: Toxapex|Toxapex, F|100/100 brn
|move|p1a: Mandibuzz|Knock Off|p2a: Toxapex
|-damage|p2a: Toxapex|85/100 brn
|-enditem|p2a: Toxapex|Black Sludge|[from] move: Knock Off|[of] p1a: Mandibuzz
|
|-damage|p2a: Toxapex|79/100 brn|[from] brn
|upkeep
|turn|85
|
|switch|p1a: Corviknight|Corviknight, M|52/100 brn
|move|p2a: Toxapex|Toxic||[still]
|-fail|p2a: Toxapex
|
|-damage|p1a: Corviknight|46/100 brn|[from] brn
|-damage|p2a: Toxapex|73/100 brn|[from] brn
|upkeep
|turn|86
|
|move|p1a: Corviknight|Roost|p1a: Corviknight
|-heal|p1a: Corviknight|96/100 brn
|-singleturn|p1a: Corviknight|move: Roost
|move|p2a: Toxapex|Scald|p1a: Corviknight
|-damage|p1a: Corviknight|84/100 brn
|
|-damage|p1a: Corviknight|78/100 brn|[from] brn
|-damage|p2a: Toxapex|67/100 brn|[from] brn
|upkeep
|turn|87
|
|switch|p2a: Corviknight|Corviknight, M|85/100
|-ability|p2a: Corviknight|Pressure
|move|p1a: Corviknight|Taunt|p2a: Corviknight
|-start|p2a: Corviknight|move: Taunt
|
|-heal|p2a: Corviknight|91/100|[from] item: Leftovers
|-damage|p1a: Corviknight|72/100 brn|[from] brn
|upkeep
|turn|88
|
|switch|p2a: Toxapex|Toxapex, F|99/100 brn
|switch|p1a: Corsola|Corsola-Galar, M|100/100
|
|-damage|p2a: Toxapex|94/100 brn|[from] brn
|upkeep
|turn|89
|
|switch|p1a: Corviknight|Corviknight, M|72/100 brn
|switch|p2a: Corviknight|Corviknight, M|91/100
|-ability|p2a: Corviknight|Pressure
|
|-heal|p2a: Corviknight|97/100|[from] item: Leftovers
|-damage|p1a: Corviknight|66/100 brn|[from] brn
|upkeep
|turn|90
|
|switch|p1a: Mandibuzz|Mandibuzz, F|99/100
|move|p2a: Corviknight|Substitute|p2a: Corviknight
|-start|p2a: Corviknight|Substitute
|-damage|p2a: Corviknight|72/100
|
|-heal|p2a: Corviknight|79/100|[from] item: Leftovers
|upkeep
|turn|91
|
|move|p2a: Corviknight|Bulk Up|p2a: Corviknight
|-boost|p2a: Corviknight|atk|1
|-boost|p2a: Corviknight|def|1
|move|p1a: Mandibuzz|Whirlwind|p2a: Corviknight
|drag|p2a: Cinderace|Cinderace, F|62/100
|
|upkeep
|turn|92
|
|switch|p1a: Gastrodon|Gastrodon-East, M|76/100
|move|p2a: Cinderace|Pyro Ball|p1a: Gastrodon
|-resisted|p1a: Gastrodon
|-damage|p1a: Gastrodon|54/100
|
|-heal|p1a: Gastrodon|60/100|[from] item: Leftovers
|upkeep
|turn|93
|
|switch|p2a: Corviknight|Corviknight, M|79/100
|-ability|p2a: Corviknight|Pressure
|move|p1a: Gastrodon|Earth Power|p2a: Corviknight
|-immune|p2a: Corviknight
|
|-heal|p2a: Corviknight|85/100|[from] item: Leftovers
|-heal|p1a: Gastrodon|66/100|[from] item: Leftovers
|upkeep
|turn|94
|
|switch|p1a: Mandibuzz|Mandibuzz, F|99/100
|move|p2a: Corviknight|Substitute|p2a: Corviknight
|-start|p2a: Corviknight|Substitute
|-damage|p2a: Corviknight|60/100
|
|-heal|p2a: Corviknight|66/100|[from] item: Leftovers
|upkeep
|turn|95
|
|move|p2a: Corviknight|Roost|p2a: Corviknight
|-heal|p2a: Corviknight|100/100
|-singleturn|p2a: Corviknight|move: Roost
|move|p1a: Mandibuzz|Whirlwind|p2a: Corviknight
|drag|p2a: Toxapex|Toxapex, F|100/100 brn
|
|-damage|p2a: Toxapex|94/100 brn|[from] brn
|upkeep
|turn|96
|
|switch|p1a: Corviknight|Corviknight, M|66/100 brn
|switch|p2a: Corviknight|Corviknight, M|100/100
|-ability|p2a: Corviknight|Pressure
|
|-damage|p1a: Corviknight|60/100 brn|[from] brn
|upkeep
|turn|97
|
|switch|p1a: Mandibuzz|Mandibuzz, F|99/100
|move|p2a: Corviknight|Brave Bird|p1a: Mandibuzz
|-damage|p1a: Mandibuzz|72/100
|-damage|p2a: Corviknight|91/100|[from] Recoil
|
|-heal|p2a: Corviknight|97/100|[from] item: Leftovers
|upkeep
|turn|98
|
|move|p1a: Mandibuzz|Knock Off|p2a: Corviknight
|-damage|p2a: Corviknight|80/100
|-enditem|p2a: Corviknight|Leftovers|[from] move: Knock Off|[of] p1a: Mandibuzz
|move|p2a: Corviknight|Substitute|p2a: Corviknight
|-start|p2a: Corviknight|Substitute
|-damage|p2a: Corviknight|55/100
|
|upkeep
|turn|99
|
|move|p2a: Corviknight|Roost|p2a: Corviknight
|-heal|p2a: Corviknight|100/100
|-singleturn|p2a: Corviknight|move: Roost
|move|p1a: Mandibuzz|Whirlwind|p2a: Corviknight
|drag|p2a: Cinderace|Cinderace, F|62/100
|
|upkeep
|turn|100
|inactive|Bipop has 120 seconds left.
|
|switch|p2a: Toxapex|Toxapex, F|100/100 brn
|switch|p1a: Gastrodon|Gastrodon-East, M|66/100
|
|-heal|p1a: Gastrodon|72/100|[from] item: Leftovers
|-damage|p2a: Toxapex|94/100 brn|[from] brn
|upkeep
|turn|101
|inactive|Bipop has 120 seconds left.
|
|switch|p1a: Corviknight|Corviknight, M|60/100 brn
|move|p2a: Toxapex|Toxic||[still]
|-fail|p2a: Toxapex
|
|-damage|p1a: Corviknight|54/100 brn|[from] brn
|-damage|p2a: Toxapex|88/100 brn|[from] brn
|upkeep
|turn|102
|
|switch|p2a: Corviknight|Corviknight, M|100/100
|-ability|p2a: Corviknight|Pressure
|move|p1a: Corviknight|Roost|p1a: Corviknight
|-heal|p1a: Corviknight|100/100 brn
|-singleturn|p1a: Corviknight|move: Roost
|
|-damage|p1a: Corviknight|94/100 brn|[from] brn
|upkeep
|turn|103
|
|switch|p2a: Cinderace|Cinderace, F|62/100
|switch|p1a: Mandibuzz|Mandibuzz, F|72/100
|
|upkeep
|turn|104
|
|switch|p2a: Corviknight|Corviknight, M|100/100
|-ability|p2a: Corviknight|Pressure
|switch|p1a: Gastrodon|Gastrodon-East, M|72/100
|
|-heal|p1a: Gastrodon|78/100|[from] item: Leftovers
|upkeep
|turn|105
|
|switch|p1a: Mandibuzz|Mandibuzz, F|72/100
|move|p2a: Corviknight|Substitute|p2a: Corviknight
|-start|p2a: Corviknight|Substitute
|-damage|p2a: Corviknight|75/100
|
|upkeep
|turn|106
|
|move|p2a: Corviknight|Brave Bird|p1a: Mandibuzz
|-damage|p1a: Mandibuzz|45/100
|-damage|p2a: Corviknight|66/100|[from] Recoil
|move|p1a: Mandibuzz|Whirlwind|p2a: Corviknight
|drag|p2a: Toxapex|Toxapex, F|100/100 brn
|
|-damage|p2a: Toxapex|94/100 brn|[from] brn
|upkeep
|turn|107
|
|switch|p1a: Corviknight|Corviknight, M|94/100 brn
|move|p2a: Toxapex|Scald|p1a: Corviknight
|-damage|p1a: Corviknight|83/100 brn
|
|-damage|p1a: Corviknight|77/100 brn|[from] brn
|-damage|p2a: Toxapex|88/100 brn|[from] brn
|upkeep
|turn|108
|
|switch|p2a: Corviknight|Corviknight, M|66/100
|-ability|p2a: Corviknight|Pressure
|move|p1a: Corviknight|Taunt|p2a: Corviknight
|-start|p2a: Corviknight|move: Taunt
|
|-damage|p1a: Corviknight|71/100 brn|[from] brn
|upkeep
|turn|109
|
|switch|p1a: Mandibuzz|Mandibuzz, F|45/100
|move|p2a: Corviknight|Brave Bird|p1a: Mandibuzz
|-damage|p1a: Mandibuzz|15/100
|-damage|p2a: Corviknight|56/100|[from] Recoil
|
|upkeep
|turn|110
|inactive|Bipop has 120 seconds left.
|
|move|p1a: Mandibuzz|Roost|p1a: Mandibuzz
|-heal|p1a: Mandibuzz|65/100
|-singleturn|p1a: Mandibuzz|move: Roost
|move|p2a: Corviknight|Brave Bird|p1a: Mandibuzz
|-damage|p1a: Mandibuzz|37/100
|-damage|p2a: Corviknight|45/100|[from] Recoil
|
|-end|p2a: Corviknight|move: Taunt
|upkeep
|turn|111
|inactive|Bipop has 120 seconds left.
|
|move|p1a: Mandibuzz|Roost|p1a: Mandibuzz
|-heal|p1a: Mandibuzz|87/100
|-singleturn|p1a: Mandibuzz|move: Roost
|move|p2a: Corviknight|Roost|p2a: Corviknight
|-heal|p2a: Corviknight|95/100
|-singleturn|p2a: Corviknight|move: Roost
|
|upkeep
|turn|112
|inactive|Bipop has 120 seconds left.
|
|move|p2a: Corviknight|Bulk Up|p2a: Corviknight
|-boost|p2a: Corviknight|atk|1
|-boost|p2a: Corviknight|def|1
|move|p1a: Mandibuzz|Whirlwind|p2a: Corviknight
|drag|p2a: Cinderace|Cinderace, F|62/100
|
|upkeep
|turn|113
|inactive|Bipop has 120 seconds left.
|
|switch|p1a: Gastrodon|Gastrodon-East, M|78/100
|move|p2a: Cinderace|Pyro Ball|p1a: Gastrodon
|-resisted|p1a: Gastrodon
|-damage|p1a: Gastrodon|56/100
|
|-heal|p1a: Gastrodon|62/100|[from] item: Leftovers
|upkeep
|turn|114
|inactive|Bipop has 120 seconds left.
|
|switch|p2a: Toxapex|Toxapex, F|100/100 brn
|move|p1a: Gastrodon|Scald|p2a: Toxapex
|-resisted|p2a: Toxapex
|-damage|p2a: Toxapex|89/100 brn
|
|-heal|p1a: Gastrodon|68/100|[from] item: Leftovers
|-damage|p2a: Toxapex|82/100 brn|[from] brn
|upkeep
|turn|115
|inactive|Bipop has 120 seconds left.
|
|switch|p1a: Corviknight|Corviknight, M|71/100 brn
|move|p2a: Toxapex|Scald|p1a: Corviknight
|-damage|p1a: Corviknight|60/100 brn
|
|-damage|p1a: Corviknight|54/100 brn|[from] brn
|-damage|p2a: Toxapex|76/100 brn|[from] brn
|upkeep
|turn|116
|inactive|Bipop has 120 seconds left.
|
|switch|p2a: Corviknight|Corviknight, M|95/100
|-ability|p2a: Corviknight|Pressure
|move|p1a: Corviknight|Roost|p1a: Corviknight
|-heal|p1a: Corviknight|100/100 brn
|-singleturn|p1a: Corviknight|move: Roost
|
|-damage|p1a: Corviknight|94/100 brn|[from] brn
|upkeep
|turn|117
|inactive|Bipop has 120 seconds left.
|
|move|p2a: Corviknight|Substitute|p2a: Corviknight
|-start|p2a: Corviknight|Substitute
|-damage|p2a: Corviknight|70/100
|move|p1a: Corviknight|Taunt|p2a: Corviknight
|-start|p2a: Corviknight|move: Taunt
|
|-damage|p1a: Corviknight|88/100 brn|[from] brn
|upkeep
|turn|118
|
|move|p2a: Corviknight|Brave Bird|p1a: Corviknight
|-resisted|p1a: Corviknight
|-damage|p1a: Corviknight|73/100 brn
|-damage|p2a: Corviknight|65/100|[from] Recoil
|move|p1a: Corviknight|Defog||[still]
|-fail|p1a: Corviknight
|
|-damage|p1a: Corviknight|67/100 brn|[from] brn
|upkeep
|turn|119
|
|move|p2a: Corviknight|Brave Bird|p1a: Corviknight
|-resisted|p1a: Corviknight
|-damage|p1a: Corviknight|54/100 brn
|-damage|p2a: Corviknight|61/100|[from] Recoil
|move|p1a: Corviknight|Roost|p1a: Corviknight
|-heal|p1a: Corviknight|100/100 brn
|-singleturn|p1a: Corviknight|move: Roost
|
|-damage|p1a: Corviknight|94/100 brn|[from] brn
|upkeep
|turn|120
|
|switch|p1a: Mandibuzz|Mandibuzz, F|87/100
|move|p2a: Corviknight|Brave Bird|p1a: Mandibuzz
|-damage|p1a: Mandibuzz|58/100
|-damage|p2a: Corviknight|51/100|[from] Recoil
|
|-end|p2a: Corviknight|move: Taunt
|upkeep
|turn|121
|
|move|p1a: Mandibuzz|Roost|p1a: Mandibuzz
|-heal|p1a: Mandibuzz|100/100
|-singleturn|p1a: Mandibuzz|move: Roost
|move|p2a: Corviknight|Roost|p2a: Corviknight
|-heal|p2a: Corviknight|100/100
|-singleturn|p2a: Corviknight|move: Roost
|
|upkeep
|turn|122
|
|move|p2a: Corviknight|Bulk Up|p2a: Corviknight
|-boost|p2a: Corviknight|atk|1
|-boost|p2a: Corviknight|def|1
|move|p1a: Mandibuzz|Whirlwind|p2a: Corviknight
|drag|p2a: Cinderace|Cinderace, F|62/100
|
|upkeep
|turn|123
|
|switch|p1a: Gastrodon|Gastrodon-East, M|68/100
|move|p2a: Cinderace|High Jump Kick|p1a: Gastrodon|[miss]
|-miss|p2a: Cinderace|p1a: Gastrodon
|-damage|p2a: Cinderace|12/100|[from] highjumpkick
|
|-heal|p1a: Gastrodon|74/100|[from] item: Leftovers
|upkeep
|turn|124
|
|switch|p2a: Toxapex|Toxapex, F|100/100 brn
|move|p1a: Gastrodon|Scald|p2a: Toxapex
|-resisted|p2a: Toxapex
|-damage|p2a: Toxapex|91/100 brn
|
|-heal|p1a: Gastrodon|80/100|[from] item: Leftovers
|-damage|p2a: Toxapex|84/100 brn|[from] brn
|upkeep
|turn|125
|inactive|Bipop has 90 seconds left.
|
|switch|p1a: Corviknight|Corviknight, M|94/100 brn
|move|p2a: Toxapex|Scald|p1a: Corviknight
|-damage|p1a: Corviknight|83/100 brn
|
|-damage|p1a: Corviknight|77/100 brn|[from] brn
|-damage|p2a: Toxapex|78/100 brn|[from] brn
|upkeep
|turn|126
|inactive|Bipop has 90 seconds left.
|
|switch|p2a: Corviknight|Corviknight, M|100/100
|-ability|p2a: Corviknight|Pressure
|move|p1a: Corviknight|Taunt|p2a: Corviknight
|-start|p2a: Corviknight|move: Taunt
|
|-damage|p1a: Corviknight|71/100 brn|[from] brn
|upkeep
|turn|127
|
|switch|p2a: Cinderace|Cinderace, F|12/100
|move|p1a: Corviknight|Roost|p1a: Corviknight
|-heal|p1a: Corviknight|100/100 brn
|-singleturn|p1a: Corviknight|move: Roost
|
|-damage|p1a: Corviknight|94/100 brn|[from] brn
|upkeep
|turn|128
|
|switch|p2a: Corviknight|Corviknight, M|100/100
|-ability|p2a: Corviknight|Pressure
|switch|p1a: Gastrodon|Gastrodon-East, M|80/100
|
|-heal|p1a: Gastrodon|86/100|[from] item: Leftovers
|upkeep
|turn|129
|
|switch|p1a: Mandibuzz|Mandibuzz, F|100/100
|move|p2a: Corviknight|Substitute|p2a: Corviknight
|-start|p2a: Corviknight|Substitute
|-damage|p2a: Corviknight|75/100
|
|upkeep
|turn|130
|
|move|p2a: Corviknight|Brave Bird|p1a: Mandibuzz
|-damage|p1a: Mandibuzz|73/100
|-damage|p2a: Corviknight|66/100|[from] Recoil
|move|p1a: Mandibuzz|Whirlwind|p2a: Corviknight
|drag|p2a: Toxapex|Toxapex, F|100/100 brn
|
|-damage|p2a: Toxapex|94/100 brn|[from] brn
|upkeep
|turn|131
|inactive|Bipop has 60 seconds left.
|
|switch|p1a: Corviknight|Corviknight, M|94/100 brn
|switch|p2a: Cinderace|Cinderace, F|12/100
|
|-damage|p1a: Corviknight|88/100 brn|[from] brn
|upkeep
|turn|132
|inactive|Bipop has 60 seconds left.
|
|switch|p1a: Gastrodon|Gastrodon-East, M|86/100
|move|p2a: Cinderace|Pyro Ball|p1a: Gastrodon
|-resisted|p1a: Gastrodon
|-damage|p1a: Gastrodon|57/100
|
|-heal|p1a: Gastrodon|63/100|[from] item: Leftovers
|upkeep
|turn|133
|inactive|Bipop has 60 seconds left.
|
|switch|p2a: Toxapex|Toxapex, F|100/100 brn
|move|p1a: Gastrodon|Scald|p2a: Toxapex
|-resisted|p2a: Toxapex
|-damage|p2a: Toxapex|90/100 brn
|
|-heal|p1a: Gastrodon|69/100|[from] item: Leftovers
|-damage|p2a: Toxapex|84/100 brn|[from] brn
|upkeep
|turn|134
|inactive|Bipop has 60 seconds left.
|
|switch|p1a: Corviknight|Corviknight, M|88/100 brn
|switch|p2a: Corviknight|Corviknight, M|66/100
|-ability|p2a: Corviknight|Pressure
|
|-damage|p1a: Corviknight|82/100 brn|[from] brn
|upkeep
|turn|135
|
|switch|p1a: Mandibuzz|Mandibuzz, F|73/100
|move|p2a: Corviknight|Bulk Up|p2a: Corviknight
|-boost|p2a: Corviknight|atk|1
|-boost|p2a: Corviknight|def|1
|
|upkeep
|turn|136
|
|move|p2a: Corviknight|Roost|p2a: Corviknight
|-heal|p2a: Corviknight|100/100
|-singleturn|p2a: Corviknight|move: Roost
|move|p1a: Mandibuzz|Whirlwind|p2a: Corviknight
|drag|p2a: Cinderace|Cinderace, F|12/100
|
|upkeep
|turn|137
|
|switch|p1a: Gastrodon|Gastrodon-East, M|69/100
|move|p2a: Cinderace|High Jump Kick|p1a: Gastrodon
|-damage|p1a: Gastrodon|39/100
|
|-heal|p1a: Gastrodon|45/100|[from] item: Leftovers
|upkeep
|turn|138
|
|switch|p2a: Toxapex|Toxapex, F|100/100 brn
|move|p1a: Gastrodon|Recover|p1a: Gastrodon
|-heal|p1a: Gastrodon|95/100
|
|-heal|p1a: Gastrodon|100/100|[from] item: Leftovers
|-damage|p2a: Toxapex|94/100 brn|[from] brn
|upkeep
|turn|139
|
|switch|p1a: Corviknight|Corviknight, M|82/100 brn
|switch|p2a: Corviknight|Corviknight, M|100/100
|-ability|p2a: Corviknight|Pressure
|
|-damage|p1a: Corviknight|76/100 brn|[from] brn
|upkeep
|turn|140
|
|switch|p1a: Mandibuzz|Mandibuzz, F|73/100
|move|p2a: Corviknight|Bulk Up|p2a: Corviknight
|-boost|p2a: Corviknight|atk|1
|-boost|p2a: Corviknight|def|1
|
|upkeep
|turn|141
|
|move|p1a: Mandibuzz|Roost|p1a: Mandibuzz
|-heal|p1a: Mandibuzz|100/100
|-singleturn|p1a: Mandibuzz|move: Roost
|move|p2a: Corviknight|Brave Bird|p1a: Mandibuzz
|-damage|p1a: Mandibuzz|60/100
|-damage|p2a: Corviknight|86/100|[from] Recoil
|
|upkeep
|turn|142
|
|move|p2a: Corviknight|Brave Bird|p1a: Mandibuzz
|-damage|p1a: Mandibuzz|16/100
|-damage|p2a: Corviknight|71/100|[from] Recoil
|move|p1a: Mandibuzz|Whirlwind|p2a: Corviknight
|drag|p2a: Cinderace|Cinderace, F|12/100
|
|upkeep
|turn|143
|
|switch|p1a: Gastrodon|Gastrodon-East, M|100/100
|move|p2a: Cinderace|Pyro Ball|p1a: Gastrodon
|-resisted|p1a: Gastrodon
|-damage|p1a: Gastrodon|67/100
|
|-heal|p1a: Gastrodon|74/100|[from] item: Leftovers
|upkeep
|turn|144
|
|switch|p2a: Toxapex|Toxapex, F|100/100 brn
|move|p1a: Gastrodon|Scald|p2a: Toxapex
|-resisted|p2a: Toxapex
|-damage|p2a: Toxapex|90/100 brn
|
|-heal|p1a: Gastrodon|80/100|[from] item: Leftovers
|-damage|p2a: Toxapex|83/100 brn|[from] brn
|upkeep
|turn|145
|
|move|p1a: Gastrodon|Scald|p2a: Toxapex
|-resisted|p2a: Toxapex
|-damage|p2a: Toxapex|73/100 brn
|move|p2a: Toxapex|Toxic|p1a: Gastrodon
|-status|p1a: Gastrodon|tox
|
|-heal|p1a: Gastrodon|86/100 tox|[from] item: Leftovers
|-damage|p1a: Gastrodon|80/100 tox|[from] psn
|-damage|p2a: Toxapex|66/100 brn|[from] brn
|upkeep
|turn|146
|
|move|p1a: Gastrodon|Scald|p2a: Toxapex
|-resisted|p2a: Toxapex
|-damage|p2a: Toxapex|55/100 brn
|move|p2a: Toxapex|Recover|p2a: Toxapex
|-heal|p2a: Toxapex|100/100 brn
|
|-heal|p1a: Gastrodon|86/100 tox|[from] item: Leftovers
|-damage|p1a: Gastrodon|74/100 tox|[from] psn
|-damage|p2a: Toxapex|94/100 brn|[from] brn
|upkeep
|turn|147
|inactive|Bipop has 30 seconds left.
|
|move|p1a: Gastrodon|Recover|p1a: Gastrodon
|-heal|p1a: Gastrodon|100/100 tox
|move|p2a: Toxapex|Scald|p1a: Gastrodon
|-ability|p1a: Gastrodon|Storm Drain|boost
|-boost|p1a: Gastrodon|spa|1
|
|-damage|p1a: Gastrodon|82/100 tox|[from] psn
|-damage|p2a: Toxapex|88/100 brn|[from] brn
|upkeep
|turn|148
|inactive|Bipop has 30 seconds left.
|
|move|p1a: Gastrodon|Scald|p2a: Toxapex
|-resisted|p2a: Toxapex
|-damage|p2a: Toxapex|71/100 brn
|move|p2a: Toxapex|Recover|p2a: Toxapex
|-heal|p2a: Toxapex|100/100 brn
|
|-heal|p1a: Gastrodon|88/100 tox|[from] item: Leftovers
|-damage|p1a: Gastrodon|64/100 tox|[from] psn
|-damage|p2a: Toxapex|94/100 brn|[from] brn
|upkeep
|turn|149
|inactive|Bipop has 30 seconds left this turn.
|inactive|Bipop has 20 seconds left.
|
|move|p2a: Toxapex|Baneful Bunker|p2a: Toxapex
|-singleturn|p2a: Toxapex|move: Protect
|move|p1a: Gastrodon|Recover|p1a: Gastrodon
|-heal|p1a: Gastrodon|100/100 tox
|
|-damage|p1a: Gastrodon|70/100 tox|[from] psn
|-damage|p2a: Toxapex|88/100 brn|[from] brn
|upkeep
|turn|150
|inactive|Bipop has 25 seconds left this turn.
|inactive|Bipop has 20 seconds left.
|inactive|Bipop has 15 seconds left.
|
|move|p1a: Gastrodon|Scald|p2a: Toxapex
|-resisted|p2a: Toxapex
|-damage|p2a: Toxapex|71/100 brn
|move|p2a: Toxapex|Recover|p2a: Toxapex
|-heal|p2a: Toxapex|100/100 brn
|
|-heal|p1a: Gastrodon|76/100 tox|[from] item: Leftovers
|-damage|p1a: Gastrodon|39/100 tox|[from] psn
|-damage|p2a: Toxapex|94/100 brn|[from] brn
|upkeep
|turn|151
|inactive|Bipop has 20 seconds left this turn.
|inactive|Bipop has 15 seconds left.
|inactive|Bipop has 10 seconds left.
|
|switch|p2a: Cinderace|Cinderace, F|12/100
|move|p1a: Gastrodon|Recover|p1a: Gastrodon
|-heal|p1a: Gastrodon|89/100 tox
|
|-heal|p1a: Gastrodon|96/100 tox|[from] item: Leftovers
|-damage|p1a: Gastrodon|53/100 tox|[from] psn
|upkeep
|turn|152
|inactive|Bipop has 15 seconds left this turn.
|
|switch|p1a: Corsola|Corsola-Galar, M|100/100
|move|p2a: Cinderace|High Jump Kick|p1a: Corsola
|-immune|p1a: Corsola
|-damage|p2a: Cinderace|0 fnt|[from] highjumpkick
|faint|p2a: Cinderace
|
|upkeep
|inactive|Bipop has 20 seconds left this turn.
|
|switch|p2a: Toxapex|Toxapex, F|100/100 brn
|turn|153
|inactive|Bipop has 25 seconds left this turn.
|
|switch|p1a: Gastrodon|Gastrodon-East, M|53/100 tox
|move|p2a: Toxapex|Scald|p1a: Gastrodon
|-ability|p1a: Gastrodon|Storm Drain|boost
|-boost|p1a: Gastrodon|spa|1
|
|-heal|p1a: Gastrodon|59/100 tox|[from] item: Leftovers
|-damage|p1a: Gastrodon|53/100 tox|[from] psn
|-damage|p2a: Toxapex|94/100 brn|[from] brn
|upkeep
|turn|154
|inactive|Bipop has 30 seconds left this turn.
|
|move|p1a: Gastrodon|Earth Power|p2a: Toxapex
|-supereffective|p2a: Toxapex
|-damage|p2a: Toxapex|28/100 brn
|-unboost|p2a: Toxapex|spd|1
|move|p2a: Toxapex|Recover|p2a: Toxapex
|-heal|p2a: Toxapex|78/100 brn
|
|-heal|p1a: Gastrodon|59/100 tox|[from] item: Leftovers
|-damage|p1a: Gastrodon|47/100 tox|[from] psn
|-damage|p2a: Toxapex|72/100 brn|[from] brn
|upkeep
|turn|155
|
|move|p1a: Gastrodon|Scald|p2a: Toxapex
|-resisted|p2a: Toxapex
|-damage|p2a: Toxapex|47/100 brn
|move|p2a: Toxapex|Recover|p2a: Toxapex
|-heal|p2a: Toxapex|97/100 brn
|
|-heal|p1a: Gastrodon|53/100 tox|[from] item: Leftovers
|-damage|p1a: Gastrodon|35/100 tox|[from] psn
|-damage|p2a: Toxapex|90/100 brn|[from] brn
|upkeep
|turn|156
|
|move|p2a: Toxapex|Baneful Bunker|p2a: Toxapex
|-singleturn|p2a: Toxapex|move: Protect
|move|p1a: Gastrodon|Recover|p1a: Gastrodon
|-heal|p1a: Gastrodon|85/100 tox
|
|-heal|p1a: Gastrodon|91/100 tox|[from] item: Leftovers
|-damage|p1a: Gastrodon|66/100 tox|[from] psn
|-damage|p2a: Toxapex|84/100 brn|[from] brn
|upkeep
|turn|157
|
|switch|p1a: Corviknight|Corviknight, M|76/100 brn
|move|p2a: Toxapex|Baneful Bunker||[still]
|-fail|p2a: Toxapex
|
|-damage|p1a: Corviknight|70/100 brn|[from] brn
|-damage|p2a: Toxapex|78/100 brn|[from] brn
|upkeep
|turn|158
|
|switch|p2a: Corviknight|Corviknight, M|71/100
|-ability|p2a: Corviknight|Pressure
|move|p1a: Corviknight|Taunt|p2a: Corviknight
|-start|p2a: Corviknight|move: Taunt
|
|-damage|p1a: Corviknight|64/100 brn|[from] brn
|upkeep
|turn|159
|
|switch|p1a: Corsola|Corsola-Galar, M|100/100
|move|p2a: Corviknight|Brave Bird|p1a: Corsola
|-damage|p1a: Corsola|83/100
|-damage|p2a: Corviknight|66/100|[from] Recoil
|
|upkeep
|turn|160
|
|switch|p2a: Toxapex|Toxapex, F|100/100 brn
|move|p1a: Corsola|Stealth Rock|p2a: Toxapex
|-sidestart|p2: Bipop|move: Stealth Rock
|
|-damage|p2a: Toxapex|94/100 brn|[from] brn
|upkeep
|turn|161
|
|switch|p1a: Gastrodon|Gastrodon-East, M|66/100 tox
|move|p2a: Toxapex|Toxic|p1a: Gastrodon
|-fail|p1a: Gastrodon|tox
|
|-heal|p1a: Gastrodon|72/100 tox|[from] item: Leftovers
|-damage|p1a: Gastrodon|66/100 tox|[from] psn
|-damage|p2a: Toxapex|88/100 brn|[from] brn
|upkeep
|turn|162
|
|move|p1a: Gastrodon|Recover|p1a: Gastrodon
|-heal|p1a: Gastrodon|100/100 tox
|move|p2a: Toxapex|Recover|p2a: Toxapex
|-heal|p2a: Toxapex|100/100 brn
|
|-damage|p1a: Gastrodon|88/100 tox|[from] psn
|-damage|p2a: Toxapex|94/100 brn|[from] brn
|upkeep
|turn|163
|
|move|p1a: Gastrodon|Earth Power|p2a: Toxapex
|-supereffective|p2a: Toxapex
|-damage|p2a: Toxapex|42/100 brn
|move|p2a: Toxapex|Scald|p1a: Gastrodon
|-ability|p1a: Gastrodon|Storm Drain|boost
|-boost|p1a: Gastrodon|spa|1
|
|-heal|p1a: Gastrodon|94/100 tox|[from] item: Leftovers
|-damage|p1a: Gastrodon|76/100 tox|[from] psn
|-damage|p2a: Toxapex|36/100 brn|[from] brn
|upkeep
|turn|164
|
|move|p2a: Toxapex|Baneful Bunker|p2a: Toxapex
|-singleturn|p2a: Toxapex|move: Protect
|move|p1a: Gastrodon|Earth Power|p2a: Toxapex
|-activate|p2a: Toxapex|move: Protect
|
|-heal|p1a: Gastrodon|82/100 tox|[from] item: Leftovers
|-damage|p1a: Gastrodon|58/100 tox|[from] psn
|-damage|p2a: Toxapex|30/100 brn|[from] brn
|upkeep
|turn|165
|
|switch|p2a: Corviknight|Corviknight, M|66/100
|-damage|p2a: Corviknight|54/100|[from] Stealth Rock
|-ability|p2a: Corviknight|Pressure
|move|p1a: Gastrodon|Scald|p2a: Corviknight
|-crit|p2a: Corviknight
|-damage|p2a: Corviknight|10/100
|-status|p2a: Corviknight|brn
|
|-heal|p1a: Gastrodon|64/100 tox|[from] item: Leftovers
|-damage|p2a: Corviknight|4/100 brn|[from] brn
|-damage|p1a: Gastrodon|33/100 tox|[from] psn
|upkeep
|turn|166
|
|switch|p1a: Corsola|Corsola-Galar, M|83/100
|move|p2a: Corviknight|Roost|p2a: Corviknight
|-heal|p2a: Corviknight|54/100 brn
|-singleturn|p2a: Corviknight|move: Roost
|
|-damage|p2a: Corviknight|47/100 brn|[from] brn
|upkeep
|turn|167
|
|move|p2a: Corviknight|Roost|p2a: Corviknight
|-heal|p2a: Corviknight|97/100 brn
|-singleturn|p2a: Corviknight|move: Roost
|move|p1a: Corsola|Night Shade|p2a: Corviknight
|-damage|p2a: Corviknight|72/100 brn
|
|-damage|p2a: Corviknight|66/100 brn|[from] brn
|upkeep
|turn|168
|
|move|p2a: Corviknight|Roost|p2a: Corviknight
|-heal|p2a: Corviknight|100/100 brn
|-singleturn|p2a: Corviknight|move: Roost
|move|p1a: Corsola|Night Shade|p2a: Corviknight
|-damage|p2a: Corviknight|75/100 brn
|
|-damage|p2a: Corviknight|69/100 brn|[from] brn
|upkeep
|turn|169
|
|move|p2a: Corviknight|Roost|p2a: Corviknight
|-heal|p2a: Corviknight|100/100 brn
|-singleturn|p2a: Corviknight|move: Roost
|move|p1a: Corsola|Night Shade|p2a: Corviknight
|-damage|p2a: Corviknight|75/100 brn
|
|-damage|p2a: Corviknight|69/100 brn|[from] brn
|upkeep
|turn|170
|
|switch|p2a: Toxapex|Toxapex, F|63/100 brn
|-damage|p2a: Toxapex|50/100 brn|[from] Stealth Rock
|switch|p1a: Mandibuzz|Mandibuzz, F|16/100
|
|-damage|p2a: Toxapex|44/100 brn|[from] brn
|upkeep
|turn|171
|
|switch|p1a: Corviknight|Corviknight, M|64/100 brn
|move|p2a: Toxapex|Recover|p2a: Toxapex
|-heal|p2a: Toxapex|94/100 brn
|
|-damage|p1a: Corviknight|58/100 brn|[from] brn
|-damage|p2a: Toxapex|88/100 brn|[from] brn
|upkeep
|turn|172
|inactive|Bipop has 90 seconds left.
|
|switch|p2a: Corviknight|Corviknight, M|69/100 brn
|-damage|p2a: Corviknight|57/100 brn|[from] Stealth Rock
|-ability|p2a: Corviknight|Pressure
|move|p1a: Corviknight|Taunt|p2a: Corviknight
|-start|p2a: Corviknight|move: Taunt
|
|-damage|p2a: Corviknight|50/100 brn|[from] brn
|-damage|p1a: Corviknight|52/100 brn|[from] brn
|upkeep
|turn|173
|
|move|p2a: Corviknight|Brave Bird|p1a: Corviknight
|-resisted|p1a: Corviknight
|-damage|p1a: Corviknight|45/100 brn
|-damage|p2a: Corviknight|48/100 brn|[from] Recoil
|move|p1a: Corviknight|Roost|p1a: Corviknight
|-heal|p1a: Corviknight|95/100 brn
|-singleturn|p1a: Corviknight|move: Roost
|
|-damage|p2a: Corviknight|42/100 brn|[from] brn
|-damage|p1a: Corviknight|89/100 brn|[from] brn
|upkeep
|turn|174
|
|move|p2a: Corviknight|Brave Bird|p1a: Corviknight
|-resisted|p1a: Corviknight
|-damage|p1a: Corviknight|81/100 brn
|-damage|p2a: Corviknight|39/100 brn|[from] Recoil
|move|p1a: Corviknight|Iron Head|p2a: Corviknight
|-resisted|p2a: Corviknight
|-damage|p2a: Corviknight|34/100 brn
|
|-damage|p2a: Corviknight|28/100 brn|[from] brn
|-damage|p1a: Corviknight|75/100 brn|[from] brn
|-end|p2a: Corviknight|move: Taunt
|upkeep
|turn|175
|
|move|p2a: Corviknight|Roost|p2a: Corviknight
|-heal|p2a: Corviknight|78/100 brn
|-singleturn|p2a: Corviknight|move: Roost
|move|p1a: Corviknight|Taunt|p2a: Corviknight
|-start|p2a: Corviknight|move: Taunt
|
|-damage|p2a: Corviknight|72/100 brn|[from] brn
|-damage|p1a: Corviknight|69/100 brn|[from] brn
|upkeep
|turn|176
|
|switch|p2a: Toxapex|Toxapex, F|100/100 brn
|-damage|p2a: Toxapex|88/100 brn|[from] Stealth Rock
|switch|p1a: Corsola|Corsola-Galar, M|83/100
|
|-damage|p2a: Toxapex|82/100 brn|[from] brn
|upkeep
|turn|177
|
|switch|p1a: Gastrodon|Gastrodon-East, M|33/100 tox
|move|p2a: Toxapex|Toxic|p1a: Gastrodon
|-fail|p1a: Gastrodon|tox
|
|-heal|p1a: Gastrodon|39/100 tox|[from] item: Leftovers
|-damage|p1a: Gastrodon|33/100 tox|[from] psn
|-damage|p2a: Toxapex|75/100 brn|[from] brn
|upkeep
|turn|178
|
|move|p1a: Gastrodon|Recover|p1a: Gastrodon
|-heal|p1a: Gastrodon|83/100 tox
|move|p2a: Toxapex|Recover|p2a: Toxapex
|-heal|p2a: Toxapex|100/100 brn
|
|-heal|p1a: Gastrodon|89/100 tox|[from] item: Leftovers
|-damage|p1a: Gastrodon|77/100 tox|[from] psn
|-damage|p2a: Toxapex|94/100 brn|[from] brn
|upkeep
|turn|179
|
|switch|p2a: Corviknight|Corviknight, M|72/100 brn
|-damage|p2a: Corviknight|59/100 brn|[from] Stealth Rock
|-ability|p2a: Corviknight|Pressure
|move|p1a: Gastrodon|Earth Power|p2a: Corviknight
|-immune|p2a: Corviknight
|
|-heal|p1a: Gastrodon|83/100 tox|[from] item: Leftovers
|-damage|p2a: Corviknight|53/100 brn|[from] brn
|-damage|p1a: Gastrodon|65/100 tox|[from] psn
|upkeep
|turn|180
|inactive|Bipop has 120 seconds left.
|
|switch|p1a: Corviknight|Corviknight, M|69/100 brn
|move|p2a: Corviknight|Roost|p2a: Corviknight
|-heal|p2a: Corviknight|100/100 brn
|-singleturn|p2a: Corviknight|move: Roost
|
|-damage|p2a: Corviknight|94/100 brn|[from] brn
|-damage|p1a: Corviknight|63/100 brn|[from] brn
|upkeep
|turn|181
|
|move|p2a: Corviknight|Substitute|p2a: Corviknight
|-start|p2a: Corviknight|Substitute
|-damage|p2a: Corviknight|69/100 brn
|move|p1a: Corviknight|Taunt|p2a: Corviknight
|-start|p2a: Corviknight|move: Taunt
|
|-damage|p2a: Corviknight|63/100 brn|[from] brn
|-damage|p1a: Corviknight|57/100 brn|[from] brn
|upkeep
|turn|182
|
|switch|p1a: Mandibuzz|Mandibuzz, F|16/100
|move|p2a: Corviknight|Brave Bird|p1a: Mandibuzz
|-damage|p1a: Mandibuzz|1/100
|-damage|p2a: Corviknight|58/100 brn|[from] Recoil
|
|-damage|p2a: Corviknight|51/100 brn|[from] brn
|upkeep
|turn|183
|
|move|p1a: Mandibuzz|Roost|p1a: Mandibuzz
|-heal|p1a: Mandibuzz|51/100
|-singleturn|p1a: Mandibuzz|move: Roost
|move|p2a: Corviknight|Brave Bird|p1a: Mandibuzz
|-damage|p1a: Mandibuzz|36/100
|-damage|p2a: Corviknight|46/100 brn|[from] Recoil
|
|-damage|p2a: Corviknight|40/100 brn|[from] brn
|upkeep
|turn|184
|
|move|p1a: Mandibuzz|Roost|p1a: Mandibuzz
|-heal|p1a: Mandibuzz|86/100
|-singleturn|p1a: Mandibuzz|move: Roost
|move|p2a: Corviknight|Brave Bird|p1a: Mandibuzz
|-damage|p1a: Mandibuzz|71/100
|-damage|p2a: Corviknight|35/100 brn|[from] Recoil
|
|-damage|p2a: Corviknight|29/100 brn|[from] brn
|-end|p2a: Corviknight|move: Taunt
|upkeep
|turn|185
|-message|Bipop forfeited.
|
|win|Gnirks_Flo
|l|☆Bipop
|raw|Gnirks_Flo's rating: 1500 → 1520(+20 for winning)
|raw|Bipop's rating: 1508 → 1487(-21 for losing)
