|ScrapeTime|2020-01-01-14:56:41
|j|☆overloadice
|j|☆WB0
|player|p1|overloadice|266|1462
|player|p2|WB0|266|1481
|teamsize|p1|6
|teamsize|p2|6
|gametype|singles
|gen|8
|tier|[Gen 8] OU
|rated|
|rule|Sleep Clause Mod: Limit one foe put to sleep
|rule|Species Clause: Limit one of each Pokémon
|rule|OHKO Clause: OHKO moves are banned
|rule|Evasion Moves Clause: Evasion moves are banned
|rule|Endless Battle Clause: Forcing endless battles is banned
|rule|HP Percentage Mod: HP is shown in percentages
|clearpoke
|poke|p1|Sirfetch'd, M|
|poke|p1|Dragapult, M|
|poke|p1|Snorlax, M|
|poke|p1|Seismitoad, M|
|poke|p1|Rotom-Heat|
|poke|p1|Corviknight, F|
|poke|p2|Rotom-Heat|
|poke|p2|Diggersby, F|
|poke|p2|Dragapult, F|
|poke|p2|Clefable, F|
|poke|p2|Corviknight, F|
|poke|p2|Seismitoad, F|
|rule|Dynamax Clause: You cannot dynamax
|teampreview
|
|start
|switch|p1a: Rotom|Rotom-Heat|100/100
|switch|p2a: Dragapult|Dragapult, F|100/100
|turn|1
|
|move|p2a: Dragapult|Shadow Ball|p1a: Rotom
|-damage|p1a: Rotom|64/100
|move|p1a: Rotom|Volt Switch|p2a: Dragapult
|-resisted|p2a: Dragapult
|-damage|p2a: Dragapult|84/100
|
|switch|p1a: Snorlax|Snorlax, M|100/100|[from]move: Volt Switch
|
|upkeep
|turn|2
|j| RIN-Alola
|
|switch|p2a: Seismitoad|Seismitoad, F|100/100
|move|p1a: Snorlax|Darkest Lariat|p2a: Seismitoad
|-damage|p2a: Seismitoad|86/100
|
|-heal|p2a: Seismitoad|92/100|[from] item: Leftovers
|upkeep
|turn|3
|
|move|p2a: Seismitoad|Stealth Rock|p1a: Snorlax
|-sidestart|p1: overloadice|move: Stealth Rock
|move|p1a: Snorlax|Body Slam|p2a: Seismitoad
|-damage|p2a: Seismitoad|69/100
|
|-heal|p2a: Seismitoad|75/100|[from] item: Leftovers
|upkeep
|turn|4
|
|switch|p2a: Corviknight|Corviknight, F|100/100
|-ability|p2a: Corviknight|Pressure
|move|p1a: Snorlax|Body Slam|p2a: Corviknight
|-resisted|p2a: Corviknight
|-damage|p2a: Corviknight|87/100
|
|-heal|p2a: Corviknight|93/100|[from] item: Leftovers
|upkeep
|turn|5
|
|switch|p1a: Corviknight|Corviknight, F|100/100
|-damage|p1a: Corviknight|88/100|[from] Stealth Rock
|-ability|p1a: Corviknight|Pressure
|move|p2a: Corviknight|Taunt|p1a: Corviknight
|-start|p1a: Corviknight|move: Taunt
|
|-heal|p2a: Corviknight|99/100|[from] item: Leftovers
|-heal|p1a: Corviknight|94/100|[from] item: Leftovers
|upkeep
|turn|6
|
|move|p2a: Corviknight|U-turn|p1a: Corviknight
|-resisted|p1a: Corviknight
|-damage|p1a: Corviknight|91/100
|
|switch|p2a: Rotor-Heat|Rotom-Heat|100/100|[from]move: U-turn
|move|p1a: Corviknight|U-turn|p2a: Rotor-Heat
|-resisted|p2a: Rotor-Heat
|-damage|p2a: Rotor-Heat|91/100
|
|switch|p1a: Seismitoad|Seismitoad, M|100/100|[from]move: U-turn
|-damage|p1a: Seismitoad|94/100|[from] Stealth Rock
|
|-heal|p1a: Seismitoad|100/100|[from] item: Leftovers
|upkeep
|turn|7
|
|move|p2a: Rotor-Heat|Trick|p1a: Seismitoad
|-activate|p2a: Rotor-Heat|move: Trick|[of] p1a: Seismitoad
|-item|p1a: Seismitoad|Choice Scarf|[from] move: Trick
|-item|p2a: Rotor-Heat|Leftovers|[from] move: Trick
|move|p1a: Seismitoad|Stealth Rock|p2a: Rotor-Heat
|-sidestart|p2: WB0|move: Stealth Rock
|
|-heal|p2a: Rotor-Heat|98/100|[from] item: Leftovers
|upkeep
|turn|8
|
|switch|p1a: Snorlax|Snorlax, M|100/100
|-damage|p1a: Snorlax|88/100|[from] Stealth Rock
|move|p2a: Rotor-Heat|Thunder Wave|p1a: Snorlax
|-status|p1a: Snorlax|par
|
|-heal|p2a: Rotor-Heat|100/100|[from] item: Leftovers
|-heal|p1a: Snorlax|94/100 par|[from] item: Leftovers
|upkeep
|turn|9
|
|move|p2a: Rotor-Heat|Volt Switch|p1a: Snorlax
|-damage|p1a: Snorlax|76/100 par
|inactive|Battle timer is ON: inactive players will automatically lose when time's up. (requested by overloadice)
|
|switch|p2a: Corviknight|Corviknight, F|99/100|[from]move: Volt Switch
|-damage|p2a: Corviknight|87/100|[from] Stealth Rock
|-ability|p2a: Corviknight|Pressure
|move|p1a: Snorlax|Darkest Lariat|p2a: Corviknight
|-damage|p2a: Corviknight|69/100
|
|-heal|p2a: Corviknight|75/100|[from] item: Leftovers
|-heal|p1a: Snorlax|82/100 par|[from] item: Leftovers
|upkeep
|turn|10
|
|move|p2a: Corviknight|U-turn|p1a: Snorlax
|-damage|p1a: Snorlax|73/100 par
|
|switch|p2a: Clefable|Clefable, F|100/100|[from]move: U-turn
|move|p1a: Snorlax|Body Slam|p2a: Clefable
|-damage|p2a: Clefable|67/100
|
|-heal|p1a: Snorlax|79/100 par|[from] item: Leftovers
|upkeep
|turn|11
|
|move|p2a: Clefable|Wish|p2a: Clefable
|cant|p1a: Snorlax|par
|
|-heal|p1a: Snorlax|85/100 par|[from] item: Leftovers
|upkeep
|turn|12
|
|move|p2a: Clefable|Moonblast|p1a: Snorlax
|-damage|p1a: Snorlax|65/100 par
|move|p1a: Snorlax|Curse|p1a: Snorlax
|-unboost|p1a: Snorlax|spe|1
|-boost|p1a: Snorlax|atk|1
|-boost|p1a: Snorlax|def|1
|
|-heal|p2a: Clefable|100/100|[from] move: Wish|[wisher] Clefable
|-heal|p1a: Snorlax|71/100 par|[from] item: Leftovers
|upkeep
|turn|13
|
|move|p2a: Clefable|Wish|p2a: Clefable
|move|p1a: Snorlax|Curse|p1a: Snorlax
|-unboost|p1a: Snorlax|spe|1
|-boost|p1a: Snorlax|atk|1
|-boost|p1a: Snorlax|def|1
|
|-heal|p1a: Snorlax|77/100 par|[from] item: Leftovers
|upkeep
|turn|14
|
|switch|p2a: Corviknight|Corviknight, F|75/100
|-damage|p2a: Corviknight|63/100|[from] Stealth Rock
|-ability|p2a: Corviknight|Pressure
|cant|p1a: Snorlax|par
|
|-heal|p2a: Corviknight|100/100|[from] move: Wish|[wisher] Clefable
|-heal|p1a: Snorlax|83/100 par|[from] item: Leftovers
|upkeep
|turn|15
|
|move|p2a: Corviknight|Taunt|p1a: Snorlax
|-start|p1a: Snorlax|move: Taunt
|cant|p1a: Snorlax|par
|
|-heal|p1a: Snorlax|89/100 par|[from] item: Leftovers
|upkeep
|turn|16
|
|move|p2a: Corviknight|Defog|p1a: Snorlax
|-unboost|p1a: Snorlax|evasion|1
|-sideend|p1: overloadice|Stealth Rock|[from] move: Defog|[of] p2a: Corviknight
|-sideend|p2: WB0|Stealth Rock|[from] move: Defog|[of] p2a: Corviknight
|move|p1a: Snorlax|Body Slam|p2a: Corviknight
|-resisted|p2a: Corviknight
|-damage|p2a: Corviknight|76/100
|
|-heal|p2a: Corviknight|82/100|[from] item: Leftovers
|-heal|p1a: Snorlax|96/100 par|[from] item: Leftovers
|upkeep
|turn|17
|
|move|p2a: Corviknight|U-turn|p1a: Snorlax
|-damage|p1a: Snorlax|90/100 par
|
|switch|p2a: Dragapult|Dragapult, F|84/100|[from]move: U-turn
|move|p1a: Snorlax|Body Slam|p2a: Dragapult
|-immune|p2a: Dragapult
|
|-heal|p1a: Snorlax|96/100 par|[from] item: Leftovers
|-end|p1a: Snorlax|move: Taunt
|upkeep
|turn|18
|
|switch|p2a: Corviknight|Corviknight, F|82/100
|-ability|p2a: Corviknight|Pressure
|cant|p1a: Snorlax|par
|
|-heal|p2a: Corviknight|88/100|[from] item: Leftovers
|-heal|p1a: Snorlax|100/100 par|[from] item: Leftovers
|upkeep
|turn|19
|
|move|p2a: Corviknight|Taunt|p1a: Snorlax
|-start|p1a: Snorlax|move: Taunt
|move|p1a: Snorlax|Darkest Lariat|p2a: Corviknight
|-crit|p2a: Corviknight
|-damage|p2a: Corviknight|38/100
|
|-heal|p2a: Corviknight|44/100|[from] item: Leftovers
|upkeep
|turn|20
|
|move|p2a: Corviknight|Roost|p2a: Corviknight
|-heal|p2a: Corviknight|94/100
|-singleturn|p2a: Corviknight|move: Roost
|move|p1a: Snorlax|Darkest Lariat|p2a: Corviknight
|-damage|p2a: Corviknight|57/100
|
|-heal|p2a: Corviknight|63/100|[from] item: Leftovers
|upkeep
|turn|21
|
|move|p2a: Corviknight|Roost|p2a: Corviknight
|-heal|p2a: Corviknight|100/100
|-singleturn|p2a: Corviknight|move: Roost
|move|p1a: Snorlax|Body Slam|p2a: Corviknight
|-resisted|p2a: Corviknight
|-damage|p2a: Corviknight|74/100
|-status|p2a: Corviknight|par
|
|-heal|p2a: Corviknight|80/100 par|[from] item: Leftovers
|-end|p1a: Snorlax|move: Taunt
|upkeep
|turn|22
|
|move|p2a: Corviknight|Taunt|p1a: Snorlax
|-start|p1a: Snorlax|move: Taunt
|cant|p1a: Snorlax|move: Taunt|Curse
|
|-heal|p2a: Corviknight|86/100 par|[from] item: Leftovers
|upkeep
|turn|23
|
|cant|p2a: Corviknight|par
|cant|p1a: Snorlax|par
|
|-heal|p2a: Corviknight|92/100 par|[from] item: Leftovers
|upkeep
|turn|24
|
|cant|p2a: Corviknight|par
|move|p1a: Snorlax|Darkest Lariat|p2a: Corviknight
|-damage|p2a: Corviknight|58/100 par
|
|-heal|p2a: Corviknight|64/100 par|[from] item: Leftovers
|-end|p1a: Snorlax|move: Taunt
|upkeep
|turn|25
|
|move|p2a: Corviknight|Taunt|p1a: Snorlax
|-start|p1a: Snorlax|move: Taunt
|cant|p1a: Snorlax|move: Taunt|Curse
|
|-heal|p2a: Corviknight|70/100 par|[from] item: Leftovers
|upkeep
|turn|26
|
|move|p2a: Corviknight|Roost|p2a: Corviknight
|-heal|p2a: Corviknight|100/100 par
|-singleturn|p2a: Corviknight|move: Roost
|move|p1a: Snorlax|Darkest Lariat|p2a: Corviknight
|-damage|p2a: Corviknight|64/100 par
|
|-heal|p2a: Corviknight|70/100 par|[from] item: Leftovers
|upkeep
|turn|27
|
|move|p2a: Corviknight|Roost|p2a: Corviknight
|-heal|p2a: Corviknight|100/100 par
|-singleturn|p2a: Corviknight|move: Roost
|move|p1a: Snorlax|Darkest Lariat|p2a: Corviknight
|-damage|p2a: Corviknight|65/100 par
|
|-heal|p2a: Corviknight|71/100 par|[from] item: Leftovers
|-end|p1a: Snorlax|move: Taunt
|upkeep
|turn|28
|
|switch|p1a: Rotom|Rotom-Heat|64/100
|cant|p2a: Corviknight|par
|
|-heal|p2a: Corviknight|77/100 par|[from] item: Leftovers
|upkeep
|turn|29
|inactive|overloadice has 120 seconds left.
|
|switch|p1a: Seismitoad|Seismitoad, M|100/100
|switch|p2a: Seismitoad|Seismitoad, F|75/100
|
|-heal|p2a: Seismitoad|81/100|[from] item: Leftovers
|upkeep
|turn|30
|
|move|p1a: Seismitoad|Stealth Rock|p2a: Seismitoad
|-sidestart|p2: WB0|move: Stealth Rock
|move|p2a: Seismitoad|Toxic|p1a: Seismitoad
|-status|p1a: Seismitoad|tox
|
|-heal|p2a: Seismitoad|87/100|[from] item: Leftovers
|-damage|p1a: Seismitoad|94/100 tox|[from] psn
|upkeep
|turn|31
|
|switch|p1a: Corviknight|Corviknight, F|91/100
|-ability|p1a: Corviknight|Pressure
|switch|p2a: Clefable|Clefable, F|100/100
|
|-heal|p1a: Corviknight|97/100|[from] item: Leftovers
|upkeep
|turn|32
|
|move|p1a: Corviknight|Iron Head|p2a: Clefable
|-supereffective|p2a: Clefable
|-damage|p2a: Clefable|47/100
|move|p2a: Clefable|Wish|p2a: Clefable
|
|-heal|p1a: Corviknight|100/100|[from] item: Leftovers
|upkeep
|turn|33
|
|move|p2a: Clefable|Protect|p2a: Clefable
|-singleturn|p2a: Clefable|Protect
|move|p1a: Corviknight|Iron Head|p2a: Clefable
|-activate|p2a: Clefable|move: Protect
|
|-heal|p2a: Clefable|97/100|[from] move: Wish|[wisher] Clefable
|upkeep
|turn|34
|
|switch|p2a: Seismitoad|Seismitoad, F|87/100
|-damage|p2a: Seismitoad|81/100|[from] Stealth Rock
|move|p1a: Corviknight|Iron Head|p2a: Seismitoad
|-resisted|p2a: Seismitoad
|-damage|p2a: Seismitoad|72/100
|
|-heal|p2a: Seismitoad|78/100|[from] item: Leftovers
|upkeep
|turn|35
|
|move|p2a: Seismitoad|Stealth Rock|p1a: Corviknight
|-sidestart|p1: overloadice|move: Stealth Rock
|move|p1a: Corviknight|U-turn|p2a: Seismitoad
|-damage|p2a: Seismitoad|67/100
|
|switch|p1a: Dragapult|Dragapult, M|100/100|[from]move: U-turn
|-damage|p1a: Dragapult|88/100|[from] Stealth Rock
|
|-heal|p2a: Seismitoad|73/100|[from] item: Leftovers
|upkeep
|turn|36
|
|move|p1a: Dragapult|Shadow Ball|p2a: Seismitoad
|-damage|p2a: Seismitoad|21/100
|-unboost|p2a: Seismitoad|spd|1
|move|p2a: Seismitoad|Toxic|p1a: Dragapult
|-status|p1a: Dragapult|tox
|
|-heal|p2a: Seismitoad|27/100|[from] item: Leftovers
|-damage|p1a: Dragapult|82/100 tox|[from] psn
|upkeep
|turn|37
|
|move|p2a: Seismitoad|Protect|p2a: Seismitoad
|-singleturn|p2a: Seismitoad|Protect
|move|p1a: Dragapult|Shadow Ball|p2a: Seismitoad
|-activate|p2a: Seismitoad|move: Protect
|
|-heal|p2a: Seismitoad|33/100|[from] item: Leftovers
|-damage|p1a: Dragapult|70/100 tox|[from] psn
|upkeep
|turn|38
|
|switch|p2a: Diggersby|Diggersby, F|100/100
|-damage|p2a: Diggersby|94/100|[from] Stealth Rock
|move|p1a: Dragapult|Shadow Ball|p2a: Diggersby
|-immune|p2a: Diggersby
|
|-damage|p1a: Dragapult|52/100 tox|[from] psn
|upkeep
|turn|39
|
|switch|p1a: Corviknight|Corviknight, F|100/100
|-damage|p1a: Corviknight|88/100|[from] Stealth Rock
|-ability|p1a: Corviknight|Pressure
|move|p2a: Diggersby|Fire Punch|p1a: Corviknight
|-supereffective|p1a: Corviknight
|-damage|p1a: Corviknight|3/100
|
|-heal|p1a: Corviknight|10/100|[from] item: Leftovers
|upkeep
|turn|40
|
|move|p2a: Diggersby|Fire Punch|p1a: Corviknight
|-supereffective|p1a: Corviknight
|-damage|p1a: Corviknight|0 fnt
|faint|p1a: Corviknight
|
|upkeep
|
|switch|p1a: Snorlax|Snorlax, M|100/100 par
|-damage|p1a: Snorlax|88/100 par|[from] Stealth Rock
|turn|41
|
|switch|p2a: Corviknight|Corviknight, F|77/100 par
|-damage|p2a: Corviknight|65/100 par|[from] Stealth Rock
|-ability|p2a: Corviknight|Pressure
|cant|p1a: Snorlax|par
|
|-heal|p2a: Corviknight|71/100 par|[from] item: Leftovers
|-heal|p1a: Snorlax|94/100 par|[from] item: Leftovers
|upkeep
|turn|42
|
|switch|p1a: Sirfetch'd|Sirfetch'd, M|100/100
|-damage|p1a: Sirfetch'd|94/100|[from] Stealth Rock
|move|p2a: Corviknight|Defog|p1a: Sirfetch'd
|-unboost|p1a: Sirfetch'd|evasion|1
|-sideend|p1: overloadice|Stealth Rock|[from] move: Defog|[of] p2a: Corviknight
|-sideend|p2: WB0|Stealth Rock|[from] move: Defog|[of] p2a: Corviknight
|
|-heal|p2a: Corviknight|77/100 par|[from] item: Leftovers
|upkeep
|turn|43
|
|switch|p2a: Dragapult|Dragapult, F|84/100
|move|p1a: Sirfetch'd|Close Combat|p2a: Dragapult
|-damage|p2a: Dragapult|0 fnt
|-unboost|p1a: Sirfetch'd|def|1
|-unboost|p1a: Sirfetch'd|spd|1
|faint|p2a: Dragapult
|
|upkeep
|
|switch|p2a: Clefable|Clefable, F|97/100
|turn|44
|
|switch|p1a: Snorlax|Snorlax, M|94/100 par
|switch|p2a: Diggersby|Diggersby, F|94/100
|
|-heal|p1a: Snorlax|99/100 par|[from] item: Leftovers
|upkeep
|turn|45
|
|move|p2a: Diggersby|Body Slam|p1a: Snorlax
|-damage|p1a: Snorlax|36/100 par
|move|p1a: Snorlax|Body Slam|p2a: Diggersby
|-damage|p2a: Diggersby|51/100
|
|-heal|p1a: Snorlax|43/100 par|[from] item: Leftovers
|upkeep
|turn|46
|
|move|p2a: Diggersby|Body Slam|p1a: Snorlax
|-damage|p1a: Snorlax|0 fnt
|faint|p1a: Snorlax
|
|upkeep
|
|switch|p1a: Sirfetch'd|Sirfetch'd, M|94/100
|turn|47
|
|switch|p2a: Clefable|Clefable, F|97/100
|move|p1a: Sirfetch'd|First Impression|p2a: Clefable
|-resisted|p2a: Clefable
|-damage|p2a: Clefable|65/100
|
|upkeep
|turn|48
|
|switch|p1a: Rotom|Rotom-Heat|64/100
|move|p2a: Clefable|Wish|p2a: Clefable
|
|upkeep
|turn|49
|
|switch|p1a: Sirfetch'd|Sirfetch'd, M|94/100
|move|p2a: Clefable|Protect||[still]
|-fail|p2a: Clefable
|
|-heal|p2a: Clefable|100/100|[from] move: Wish|[wisher] Clefable
|upkeep
|turn|50
|
|move|p2a: Clefable|Protect|p2a: Clefable
|-singleturn|p2a: Clefable|Protect
|move|p1a: Sirfetch'd|Knock Off|p2a: Clefable
|-activate|p2a: Clefable|move: Protect
|
|upkeep
|turn|51
|
|move|p1a: Sirfetch'd|Knock Off|p2a: Clefable
|-resisted|p2a: Clefable
|-damage|p2a: Clefable|71/100
|-enditem|p2a: Clefable|Life Orb|[from] move: Knock Off|[of] p1a: Sirfetch'd
|move|p2a: Clefable|Moonblast|p1a: Sirfetch'd
|-supereffective|p1a: Sirfetch'd
|-damage|p1a: Sirfetch'd|7/100
|
|upkeep
|turn|52
|
|switch|p1a: Rotom|Rotom-Heat|64/100
|move|p2a: Clefable|Wish|p2a: Clefable
|
|upkeep
|turn|53
|
|move|p2a: Clefable|Protect|p2a: Clefable
|-singleturn|p2a: Clefable|Protect
|move|p1a: Rotom|Volt Switch|p2a: Clefable
|-activate|p2a: Clefable|move: Protect
|
|-heal|p2a: Clefable|100/100|[from] move: Wish|[wisher] Clefable
|upkeep
|turn|54
|
|switch|p2a: Seismitoad|Seismitoad, F|33/100
|move|p1a: Rotom|Volt Switch|p2a: Seismitoad
|-immune|p2a: Seismitoad
|
|-heal|p2a: Seismitoad|39/100|[from] item: Leftovers
|upkeep
|turn|55
|l| RIN-Alola
|
|switch|p1a: Seismitoad|Seismitoad, M|94/100 tox
|move|p2a: Seismitoad|Stealth Rock|p1a: Seismitoad
|-sidestart|p1: overloadice|move: Stealth Rock
|
|-heal|p2a: Seismitoad|45/100|[from] item: Leftovers
|-damage|p1a: Seismitoad|88/100 tox|[from] psn
|upkeep
|turn|56
|
|switch|p2a: Clefable|Clefable, F|100/100
|move|p1a: Seismitoad|Stealth Rock|p2a: Clefable
|-sidestart|p2: WB0|move: Stealth Rock
|
|-damage|p1a: Seismitoad|76/100 tox|[from] psn
|upkeep
|turn|57
|
|switch|p1a: Rotom|Rotom-Heat|64/100
|-damage|p1a: Rotom|39/100|[from] Stealth Rock
|move|p2a: Clefable|Moonblast|p1a: Rotom
|-resisted|p1a: Rotom
|-damage|p1a: Rotom|22/100
|
|upkeep
|turn|58
|
|move|p2a: Clefable|Protect|p2a: Clefable
|-singleturn|p2a: Clefable|Protect
|move|p1a: Rotom|Overheat|p2a: Clefable
|-activate|p2a: Clefable|move: Protect
|
|upkeep
|turn|59
|
|switch|p2a: Seismitoad|Seismitoad, F|45/100
|-damage|p2a: Seismitoad|39/100|[from] Stealth Rock
|move|p1a: Rotom|Overheat|p2a: Seismitoad
|-resisted|p2a: Seismitoad
|-damage|p2a: Seismitoad|15/100
|-unboost|p1a: Rotom|spa|2
|
|-heal|p2a: Seismitoad|21/100|[from] item: Leftovers
|upkeep
|turn|60
|
|switch|p1a: Dragapult|Dragapult, M|52/100 tox
|-damage|p1a: Dragapult|40/100 tox|[from] Stealth Rock
|move|p2a: Seismitoad|Toxic|p1a: Dragapult
|-fail|p1a: Dragapult|tox
|
|-heal|p2a: Seismitoad|27/100|[from] item: Leftovers
|-damage|p1a: Dragapult|34/100 tox|[from] psn
|upkeep
|turn|61
|
|move|p2a: Seismitoad|Protect|p2a: Seismitoad
|-singleturn|p2a: Seismitoad|Protect
|move|p1a: Dragapult|Shadow Ball|p2a: Seismitoad
|-activate|p2a: Seismitoad|move: Protect
|
|-heal|p2a: Seismitoad|33/100|[from] item: Leftovers
|-damage|p1a: Dragapult|22/100 tox|[from] psn
|upkeep
|turn|62
|
|switch|p2a: Diggersby|Diggersby, F|51/100
|-damage|p2a: Diggersby|45/100|[from] Stealth Rock
|move|p1a: Dragapult|Shadow Ball|p2a: Diggersby
|-immune|p2a: Diggersby
|
|-damage|p1a: Dragapult|4/100 tox|[from] psn
|upkeep
|turn|63
|-message|overloadice forfeited.
|
|win|WB0
|l|☆overloadice
|raw|overloadice's rating: 1462 → 1443(-19 for losing)
|raw|WB0's rating: 1481 → 1500(+19 for winning)
|l|☆WB0
|j| RIN-Alola
