|ScrapeTime|2020-01-01-16:25:25
|j|☆flashgod
|j|☆Algometeo
|player|p1|flashgod|pokemonrangerf-gen4|1062
|player|p2|Algometeo|102|1047
|teamsize|p1|6
|teamsize|p2|1
|gametype|singles
|gen|8
|tier|[Gen 8] OU
|rated|
|rule|Sleep Clause Mod: Limit one foe put to sleep
|rule|Species Clause: Limit one of each Pokémon
|rule|OHKO Clause: OHKO moves are banned
|rule|Evasion Moves Clause: Evasion moves are banned
|rule|Endless Battle Clause: Forcing endless battles is banned
|rule|HP Percentage Mod: HP is shown in percentages
|clearpoke
|poke|p1|Orbeetle, M|
|poke|p1|Weavile, M|
|poke|p1|Excadrill, M|
|poke|p1|Noctowl, F|
|poke|p1|Tyranitar, M|
|poke|p1|Frosmoth, M|
|poke|p2|Shuckle, F|
|rule|Dynamax Clause: You cannot dynamax
|teampreview
|
|start
|switch|p1a: Orbeetle|Orbeetle, M|100/100
|switch|p2a: Shuckle|Shuckle, F|100/100
|-item|p2a: Shuckle|Leftovers|[from] ability: Frisk|[of] p1a: Orbeetle|[identify]
|turn|1
|
|move|p1a: Orbeetle|Calm Mind|p1a: Orbeetle
|-boost|p1a: Orbeetle|spa|1
|-boost|p1a: Orbeetle|spd|1
|move|p2a: Shuckle|Power Split|p1a: Orbeetle
|-activate|p2a: Shuckle|move: Power Split|[of] p1a: Orbeetle
|
|upkeep
|turn|2
|
|move|p1a: Orbeetle|Calm Mind|p1a: Orbeetle
|-boost|p1a: Orbeetle|spa|1
|-boost|p1a: Orbeetle|spd|1
|move|p2a: Shuckle|Acupressure|p2a: Shuckle
|-boost|p2a: Shuckle|evasion|2
|
|upkeep
|turn|3
|
|move|p1a: Orbeetle|Stored Power|p2a: Shuckle|[miss]
|-miss|p1a: Orbeetle|p2a: Shuckle
|move|p2a: Shuckle|Acupressure|p2a: Shuckle
|-boost|p2a: Shuckle|spd|2
|
|upkeep
|turn|4
|
|switch|p1a: Weavile|Weavile, M|100/100
|-ability|p1a: Weavile|Pressure
|move|p2a: Shuckle|Acupressure|p2a: Shuckle
|-boost|p2a: Shuckle|evasion|2
|
|upkeep
|turn|5
|
|move|p1a: Weavile|Fake Out|p2a: Shuckle|[miss]
|-miss|p1a: Weavile|p2a: Shuckle
|move|p2a: Shuckle|Acupressure|p2a: Shuckle
|-boost|p2a: Shuckle|evasion|2
|
|upkeep
|turn|6
|-message|flashgod forfeited.
|
|win|Algometeo
|l|☆flashgod
|raw|flashgod's rating: 1063 → 1042(-21 for losing)
|raw|Algometeo's rating: 1047 → 1082(+35 for winning)
