|ScrapeTime|2020-01-02-02:04:50
|j|☆Algometeo
|j|☆fwhte
|player|p1|Algometeo|169|1000
|player|p2|fwhte|266|1000
|teamsize|p1|1
|teamsize|p2|6
|gametype|singles
|gen|8
|tier|[Gen 8] OU
|rated|
|rule|Sleep Clause Mod: Limit one foe put to sleep
|rule|Species Clause: Limit one of each Pokémon
|rule|OHKO Clause: OHKO moves are banned
|rule|Evasion Moves Clause: Evasion moves are banned
|rule|Endless Battle Clause: Forcing endless battles is banned
|rule|HP Percentage Mod: HP is shown in percentages
|clearpoke
|poke|p1|Shuckle, M|
|poke|p2|Appletun, M|
|poke|p2|Lucario, M|
|poke|p2|Charizard, F|
|poke|p2|Drednaw, M|
|poke|p2|Grimmsnarl, M|
|poke|p2|Rotom-Frost|
|rule|Dynamax Clause: You cannot dynamax
|teampreview
|inactive|Battle timer is ON: inactive players will automatically lose when time's up. (requested by Algometeo)
|inactive|fwhte has 120 seconds left.
|
|start
|switch|p1a: Shuckle|Shuckle, M|100/100
|switch|p2a: Anubis|Lucario, M, shiny|100/100
|turn|1
|
|move|p2a: Anubis|Bullet Punch|p1a: Shuckle
|-supereffective|p1a: Shuckle
|-damage|p1a: Shuckle|76/100
|move|p1a: Shuckle|Power Split|p2a: Anubis
|-activate|p1a: Shuckle|move: Power Split|[of] p2a: Anubis
|
|-heal|p1a: Shuckle|82/100|[from] item: Leftovers
|upkeep
|turn|2
|
|move|p2a: Anubis|Ice Punch|p1a: Shuckle
|-damage|p1a: Shuckle|73/100
|move|p1a: Shuckle|Acupressure|p1a: Shuckle
|-boost|p1a: Shuckle|spa|2
|
|-heal|p1a: Shuckle|80/100|[from] item: Leftovers
|upkeep
|turn|3
|
|move|p2a: Anubis|Bullet Punch|p1a: Shuckle
|-supereffective|p1a: Shuckle
|-damage|p1a: Shuckle|66/100
|move|p1a: Shuckle|Acupressure|p1a: Shuckle
|-boost|p1a: Shuckle|spe|2
|
|-heal|p1a: Shuckle|73/100|[from] item: Leftovers
|upkeep
|turn|4
|
|move|p2a: Anubis|Bullet Punch|p1a: Shuckle
|-supereffective|p1a: Shuckle
|-damage|p1a: Shuckle|58/100
|move|p1a: Shuckle|Acupressure|p1a: Shuckle
|-boost|p1a: Shuckle|spd|2
|
|-heal|p1a: Shuckle|64/100|[from] item: Leftovers
|upkeep
|turn|5
|
|move|p2a: Anubis|Bullet Punch|p1a: Shuckle
|-supereffective|p1a: Shuckle
|-damage|p1a: Shuckle|51/100
|move|p1a: Shuckle|Acupressure|p1a: Shuckle
|-boost|p1a: Shuckle|def|2
|
|-heal|p1a: Shuckle|57/100|[from] item: Leftovers
|upkeep
|turn|6
|
|move|p2a: Anubis|Bullet Punch|p1a: Shuckle
|-supereffective|p1a: Shuckle
|-damage|p1a: Shuckle|50/100
|move|p1a: Shuckle|Acupressure|p1a: Shuckle
|-boost|p1a: Shuckle|spe|2
|
|-heal|p1a: Shuckle|56/100|[from] item: Leftovers
|upkeep
|turn|7
|
|move|p2a: Anubis|Bullet Punch|p1a: Shuckle
|-supereffective|p1a: Shuckle
|-damage|p1a: Shuckle|48/100
|move|p1a: Shuckle|Acupressure|p1a: Shuckle
|-boost|p1a: Shuckle|accuracy|2
|
|-heal|p1a: Shuckle|55/100|[from] item: Leftovers
|upkeep
|turn|8
|
|move|p2a: Anubis|Ice Punch|p1a: Shuckle
|-damage|p1a: Shuckle|50/100
|move|p1a: Shuckle|Acupressure|p1a: Shuckle
|-boost|p1a: Shuckle|evasion|2
|
|-heal|p1a: Shuckle|57/100|[from] item: Leftovers
|upkeep
|turn|9
|
|move|p2a: Anubis|Bullet Punch|p1a: Shuckle|[miss]
|-miss|p2a: Anubis|p1a: Shuckle
|move|p1a: Shuckle|Acupressure|p1a: Shuckle
|-boost|p1a: Shuckle|spd|2
|
|-heal|p1a: Shuckle|63/100|[from] item: Leftovers
|upkeep
|turn|10
|
|switch|p2a: Bowser|Drednaw, M, shiny|100/100
|move|p1a: Shuckle|Acupressure|p1a: Shuckle
|-boost|p1a: Shuckle|spd|2
|
|-heal|p1a: Shuckle|69/100|[from] item: Leftovers
|upkeep
|turn|11
|
|move|p2a: Bowser|Poison Jab|p1a: Shuckle
|-resisted|p1a: Shuckle
|-damage|p1a: Shuckle|65/100
|move|p1a: Shuckle|Power Split|p2a: Bowser
|-activate|p1a: Shuckle|move: Power Split|[of] p2a: Bowser
|
|-heal|p1a: Shuckle|71/100|[from] item: Leftovers
|upkeep
|turn|12
|
|move|p2a: Bowser|Poison Jab|p1a: Shuckle
|-resisted|p1a: Shuckle
|-damage|p1a: Shuckle|68/100
|move|p1a: Shuckle|Acupressure|p1a: Shuckle
|-boost|p1a: Shuckle|def|2
|
|-heal|p1a: Shuckle|74/100|[from] item: Leftovers
|upkeep
|turn|13
|
|move|p2a: Bowser|Poison Jab|p1a: Shuckle|[miss]
|-miss|p2a: Bowser|p1a: Shuckle
|move|p1a: Shuckle|Acupressure|p1a: Shuckle
|-boost|p1a: Shuckle|def|2
|
|-heal|p1a: Shuckle|80/100|[from] item: Leftovers
|upkeep
|turn|14
|
|move|p2a: Bowser|Poison Jab|p1a: Shuckle
|-resisted|p1a: Shuckle
|-damage|p1a: Shuckle|79/100
|move|p1a: Shuckle|Acupressure|p1a: Shuckle
|-boost|p1a: Shuckle|atk|2
|
|-heal|p1a: Shuckle|85/100|[from] item: Leftovers
|upkeep
|turn|15
|
|move|p2a: Bowser|Poison Jab|p1a: Shuckle
|-resisted|p1a: Shuckle
|-damage|p1a: Shuckle|83/100
|-status|p1a: Shuckle|psn
|move|p1a: Shuckle|Acupressure|p1a: Shuckle
|-boost|p1a: Shuckle|spa|2
|
|-heal|p1a: Shuckle|89/100 psn|[from] item: Leftovers
|-damage|p1a: Shuckle|77/100 psn|[from] psn
|upkeep
|turn|16
|
|move|p2a: Bowser|Crunch|p1a: Shuckle
|-damage|p1a: Shuckle|72/100 psn
|move|p1a: Shuckle|Acupressure|p1a: Shuckle
|-boost|p1a: Shuckle|spe|2
|
|-heal|p1a: Shuckle|78/100 psn|[from] item: Leftovers
|-damage|p1a: Shuckle|66/100 psn|[from] psn
|upkeep
|turn|17
|
|move|p2a: Bowser|Crunch|p1a: Shuckle
|-damage|p1a: Shuckle|61/100 psn
|move|p1a: Shuckle|Rest|p1a: Shuckle
|-status|p1a: Shuckle|slp|[from] move: Rest
|-heal|p1a: Shuckle|100/100 slp|[silent]
|
|upkeep
|turn|18
|
|switch|p2a: Carl|Grimmsnarl, M, shiny|100/100
|-item|p1a: Shuckle|Leftovers|[from] ability: Frisk|[of] p2a: Carl|[identify]
|cant|p1a: Shuckle|slp
|
|upkeep
|turn|19
|
|cant|p1a: Shuckle|slp
|move|p2a: Carl|Light Screen|p2a: Carl
|-sidestart|p2: fwhte|move: Light Screen
|
|upkeep
|turn|20
|
|-curestatus|p1a: Shuckle|slp|[msg]
|move|p1a: Shuckle|Acupressure|p1a: Shuckle
|-boost|p1a: Shuckle|evasion|2
|move|p2a: Carl|Dazzling Gleam|p1a: Shuckle|[miss]
|-miss|p2a: Carl|p1a: Shuckle
|
|upkeep
|turn|21
|
|move|p1a: Shuckle|Acupressure|p1a: Shuckle
|-boost|p1a: Shuckle|accuracy|2
|move|p2a: Carl|Leech Life|p1a: Shuckle|[miss]
|-miss|p2a: Carl|p1a: Shuckle
|
|upkeep
|turn|22
|
|switch|p2a: Smith|Appletun, M, shiny|100/100
|move|p1a: Shuckle|Acupressure|p1a: Shuckle
|-boost|p1a: Shuckle|accuracy|2
|
|upkeep
|turn|23
|
|move|p1a: Shuckle|Acupressure|p1a: Shuckle
|-boost|p1a: Shuckle|spa|2
|move|p2a: Smith|Dragon Pulse|p1a: Shuckle|[miss]
|-miss|p2a: Smith|p1a: Shuckle
|
|-sideend|p2: fwhte|move: Light Screen
|upkeep
|turn|24
|
|move|p1a: Shuckle|Acupressure|p1a: Shuckle
|-boost|p1a: Shuckle|evasion|2
|move|p2a: Smith|Dragon Pulse|p1a: Shuckle|[miss]
|-miss|p2a: Smith|p1a: Shuckle
|
|upkeep
|turn|25
|c|☆fwhte|dude
|
|move|p1a: Shuckle|Acupressure|p1a: Shuckle
|-boost|p1a: Shuckle|atk|2
|move|p2a: Smith|Earthquake|p1a: Shuckle|[miss]
|-miss|p2a: Smith|p1a: Shuckle
|
|upkeep
|turn|26
|
|move|p1a: Shuckle|Acupressure|p1a: Shuckle
|-boost|p1a: Shuckle|atk|2
|move|p2a: Smith|Earthquake|p1a: Shuckle
|-damage|p1a: Shuckle|97/100
|
|-heal|p1a: Shuckle|100/100|[from] item: Leftovers
|upkeep
|turn|27
|
|switch|p2a: Fridge|Rotom-Frost, shiny|100/100
|move|p1a: Shuckle|Rollout|p2a: Fridge
|-supereffective|p2a: Fridge
|-enditem|p2a: Fridge|Focus Sash
|-damage|p2a: Fridge|1/100
|
|upkeep
|turn|28
|inactive|fwhte has 120 seconds left.
|
|move|p2a: Fridge|Will-O-Wisp|p1a: Shuckle|[miss]
|-miss|p2a: Fridge|p1a: Shuckle
|move|p1a: Shuckle|Rollout|p2a: Fridge|[from]lockedmove
|-supereffective|p2a: Fridge
|-damage|p2a: Fridge|0 fnt
|faint|p2a: Fridge
|
|upkeep
|
|switch|p2a: Bowser|Drednaw, M, shiny|100/100
|turn|29
|
|move|p1a: Shuckle|Rollout|p2a: Bowser|[from]lockedmove
|-damage|p2a: Bowser|0 fnt
|faint|p2a: Bowser
|
|upkeep
|
|switch|p2a: Anubis|Lucario, M, shiny|100/100
|turn|30
|
|move|p2a: Anubis|Bullet Punch|p1a: Shuckle
|-supereffective|p1a: Shuckle
|-damage|p1a: Shuckle|95/100
|move|p1a: Shuckle|Rollout|p2a: Anubis|[from]lockedmove
|-resisted|p2a: Anubis
|-damage|p2a: Anubis|0 fnt
|faint|p2a: Anubis
|
|-heal|p1a: Shuckle|100/100|[from] item: Leftovers
|upkeep
|
|switch|p2a: Carl|Grimmsnarl, M, shiny|100/100
|-item|p1a: Shuckle|Leftovers|[from] ability: Frisk|[of] p2a: Carl|[identify]
|turn|31
|
|move|p1a: Shuckle|Rollout|p2a: Carl|[from]lockedmove
|-damage|p2a: Carl|0 fnt
|faint|p2a: Carl
|
|upkeep
|
|switch|p2a: Charizard|Charizard, F|100/100
|turn|32
|
|move|p2a: Charizard|Protect|p2a: Charizard
|-singleturn|p2a: Charizard|Protect
|move|p1a: Shuckle|Rollout|p2a: Charizard
|-activate|p2a: Charizard|move: Protect
|
|upkeep
|turn|33
|
|move|p2a: Charizard|Protect|p2a: Charizard
|-singleturn|p2a: Charizard|Protect
|move|p1a: Shuckle|Rollout|p2a: Charizard
|-activate|p2a: Charizard|move: Protect
|
|upkeep
|turn|34
|
|move|p2a: Charizard|Thunder Punch|p1a: Shuckle|[miss]
|-miss|p2a: Charizard|p1a: Shuckle
|move|p1a: Shuckle|Rollout|p2a: Charizard
|-supereffective|p2a: Charizard
|-damage|p2a: Charizard|0 fnt
|faint|p2a: Charizard
|
|upkeep
|
|switch|p2a: Smith|Appletun, M, shiny|100/100
|turn|35
|c|☆fwhte|dude
|
|move|p1a: Shuckle|Rollout|p2a: Smith|[from]lockedmove
|-damage|p2a: Smith|14/100
|-enditem|p2a: Smith|Aguav Berry|[eat]
|-heal|p2a: Smith|47/100|[from] item: Aguav Berry
|move|p2a: Smith|Earthquake|p1a: Shuckle|[miss]
|-miss|p2a: Smith|p1a: Shuckle
|
|upkeep
|turn|36
|
|move|p1a: Shuckle|Rollout|p2a: Smith|[from]lockedmove
|-damage|p2a: Smith|0 fnt
|faint|p2a: Smith
|
|win|Algometeo
