|ScrapeTime|2020-01-02-05:36:24
|j|☆SSW Testing
|j|☆SinkryzTV
|player|p1|SSW Testing|shadowtriad|1200
|player|p2|SinkryzTV|yellow|1167
|teamsize|p1|6
|teamsize|p2|6
|gametype|singles
|gen|8
|tier|[Gen 8] OU
|rated|
|rule|Sleep Clause Mod: Limit one foe put to sleep
|rule|Species Clause: Limit one of each Pokémon
|rule|OHKO Clause: OHKO moves are banned
|rule|Evasion Moves Clause: Evasion moves are banned
|rule|Endless Battle Clause: Forcing endless battles is banned
|rule|HP Percentage Mod: HP is shown in percentages
|clearpoke
|poke|p1|Rotom-Heat|
|poke|p1|Ferrothorn, F|
|poke|p1|Mandibuzz, F|
|poke|p1|Dragapult, M|
|poke|p1|Reuniclus, M|
|poke|p1|Conkeldurr, F|
|poke|p2|Corviknight, M|
|poke|p2|Gastrodon-East, M|
|poke|p2|Clefable, M|
|poke|p2|Dragapult, F|
|poke|p2|Kommo-o, M|
|poke|p2|Indeedee, M|
|rule|Dynamax Clause: You cannot dynamax
|teampreview
|inactive|Battle timer is ON: inactive players will automatically lose when time's up. (requested by SSW Testing)
|
|start
|switch|p1a: Dragapult|Dragapult, M|100/100
|switch|p2a: Clefable|Clefable, M|100/100
|turn|1
|
|move|p1a: Dragapult|U-turn|p2a: Clefable
|-resisted|p2a: Clefable
|-damage|p2a: Clefable|90/100
|
|switch|p1a: Rotom|Rotom-Heat|100/100|[from]move: U-turn
|move|p2a: Clefable|Moonblast|p1a: Rotom
|-resisted|p1a: Rotom
|-damage|p1a: Rotom|70/100
|
|-heal|p1a: Rotom|76/100|[from] item: Leftovers
|upkeep
|turn|2
|
|switch|p2a: Gastrodon|Gastrodon-East, M|100/100
|move|p1a: Rotom|Nasty Plot|p1a: Rotom
|-boost|p1a: Rotom|spa|2
|
|-heal|p1a: Rotom|82/100|[from] item: Leftovers
|upkeep
|turn|3
|
|move|p1a: Rotom|Overheat|p2a: Gastrodon
|-resisted|p2a: Gastrodon
|-damage|p2a: Gastrodon|78/100
|-unboost|p1a: Rotom|spa|2
|move|p2a: Gastrodon|Scald|p1a: Rotom
|-supereffective|p1a: Rotom
|-damage|p1a: Rotom|22/100
|
|-heal|p1a: Rotom|28/100|[from] item: Leftovers
|upkeep
|turn|4
|
|switch|p1a: Ferrothorn|Ferrothorn, F|100/100
|move|p2a: Gastrodon|Scald|p1a: Ferrothorn
|-resisted|p1a: Ferrothorn
|-damage|p1a: Ferrothorn|87/100
|
|-heal|p1a: Ferrothorn|93/100|[from] item: Leftovers
|upkeep
|turn|5
|
|switch|p2a: Kommo-o|Kommo-o, M|100/100
|move|p1a: Ferrothorn|Power Whip|p2a: Kommo-o
|-resisted|p2a: Kommo-o
|-damage|p2a: Kommo-o|83/100
|
|-heal|p1a: Ferrothorn|99/100|[from] item: Leftovers
|upkeep
|turn|6
|
|switch|p1a: Reuniclus|Reuniclus, M|100/100
|move|p2a: Kommo-o|Flamethrower|p1a: Reuniclus
|-damage|p1a: Reuniclus|77/100
|
|-heal|p1a: Reuniclus|83/100|[from] item: Leftovers
|upkeep
|turn|7
|inactive|SinkryzTV has 120 seconds left.
|l|☆SSW Testing
|inactive|SSW Testing disconnected and has a minute to reconnect!
|player|p1|
|
|switch|p2a: Corviknight|Corviknight, M|100/100
|-ability|p2a: Corviknight|Pressure
|move|p1a: Reuniclus|Calm Mind|p1a: Reuniclus
|-boost|p1a: Reuniclus|spa|1
|-boost|p1a: Reuniclus|spd|1
|
|-heal|p1a: Reuniclus|89/100|[from] item: Leftovers
|upkeep
|turn|8
|j|☆SSW Testing
|inactive|SSW Testing reconnected and has 150 seconds left.
|player|p1|SSW Testing|shadowtriad
|
|move|p2a: Corviknight|Bulk Up|p2a: Corviknight
|-boost|p2a: Corviknight|atk|1
|-boost|p2a: Corviknight|def|1
|move|p1a: Reuniclus|Psychic|p2a: Corviknight
|-resisted|p2a: Corviknight
|-damage|p2a: Corviknight|79/100
|-unboost|p2a: Corviknight|spd|1
|
|-heal|p2a: Corviknight|85/100|[from] item: Leftovers
|-heal|p1a: Reuniclus|95/100|[from] item: Leftovers
|upkeep
|turn|9
|inactive|SinkryzTV has 90 seconds left.
|inactive|SSW Testing has 120 seconds left.
|
|move|p2a: Corviknight|Substitute|p2a: Corviknight
|-start|p2a: Corviknight|Substitute
|-damage|p2a: Corviknight|60/100
|move|p1a: Reuniclus|Psychic|p2a: Corviknight
|-resisted|p2a: Corviknight
|-end|p2a: Corviknight|Substitute
|
|-heal|p2a: Corviknight|66/100|[from] item: Leftovers
|-heal|p1a: Reuniclus|100/100|[from] item: Leftovers
|upkeep
|turn|10
|inactive|SinkryzTV has 90 seconds left.
|
|move|p2a: Corviknight|Brave Bird|p1a: Reuniclus
|-damage|p1a: Reuniclus|59/100
|-damage|p2a: Corviknight|52/100|[from] Recoil
|move|p1a: Reuniclus|Calm Mind|p1a: Reuniclus
|-boost|p1a: Reuniclus|spa|1
|-boost|p1a: Reuniclus|spd|1
|
|-heal|p2a: Corviknight|58/100|[from] item: Leftovers
|-heal|p1a: Reuniclus|65/100|[from] item: Leftovers
|upkeep
|turn|11
|inactive|SinkryzTV has 90 seconds left.
|inactive|SSW Testing has 120 seconds left.
|
|move|p2a: Corviknight|Roost|p2a: Corviknight
|-heal|p2a: Corviknight|100/100
|-singleturn|p2a: Corviknight|move: Roost
|move|p1a: Reuniclus|Psychic|p2a: Corviknight
|-resisted|p2a: Corviknight
|-damage|p2a: Corviknight|56/100
|
|-heal|p2a: Corviknight|62/100|[from] item: Leftovers
|-heal|p1a: Reuniclus|71/100|[from] item: Leftovers
|upkeep
|turn|12
|
|move|p2a: Corviknight|Bulk Up|p2a: Corviknight
|-boost|p2a: Corviknight|atk|1
|-boost|p2a: Corviknight|def|1
|move|p1a: Reuniclus|Psychic|p2a: Corviknight
|-resisted|p2a: Corviknight
|-damage|p2a: Corviknight|18/100
|
|-heal|p2a: Corviknight|24/100|[from] item: Leftovers
|-heal|p1a: Reuniclus|77/100|[from] item: Leftovers
|upkeep
|turn|13
|
|move|p2a: Corviknight|Roost|p2a: Corviknight
|-heal|p2a: Corviknight|74/100
|-singleturn|p2a: Corviknight|move: Roost
|move|p1a: Reuniclus|Focus Blast|p2a: Corviknight
|-supereffective|p2a: Corviknight
|-damage|p2a: Corviknight|0 fnt
|faint|p2a: Corviknight
|
|-heal|p1a: Reuniclus|83/100|[from] item: Leftovers
|upkeep
|
|switch|p2a: Dragapult|Dragapult, F|100/100
|turn|14
|
|move|p2a: Dragapult|Shadow Ball|p1a: Reuniclus
|-supereffective|p1a: Reuniclus
|-damage|p1a: Reuniclus|34/100
|-unboost|p1a: Reuniclus|spd|1
|move|p1a: Reuniclus|Recover|p1a: Reuniclus
|-heal|p1a: Reuniclus|84/100
|
|-heal|p1a: Reuniclus|90/100|[from] item: Leftovers
|upkeep
|turn|15
|
|switch|p2a: Gastrodon|Gastrodon-East, M|78/100
|switch|p1a: Mandibuzz|Mandibuzz, F|100/100
|
|upkeep
|turn|16
|
|switch|p2a: Clefable|Clefable, M|90/100
|move|p1a: Mandibuzz|Taunt|p2a: Clefable
|-start|p2a: Clefable|move: Taunt
|
|upkeep
|turn|17
|l|☆SSW Testing
|inactive|SSW Testing disconnected and has a minute to reconnect!
|player|p1|
|j|☆SSW Testing
|inactive|SSW Testing reconnected and has 120 seconds left.
|player|p1|SSW Testing|shadowtriad
|
|switch|p1a: Rotom|Rotom-Heat|28/100
|move|p2a: Clefable|Moonblast|p1a: Rotom
|-resisted|p1a: Rotom
|-damage|p1a: Rotom|0 fnt
|faint|p1a: Rotom
|
|upkeep
|
|switch|p1a: Reuniclus|Reuniclus, M|90/100
|turn|18
|
|move|p2a: Clefable|Moonblast|p1a: Reuniclus
|-damage|p1a: Reuniclus|37/100
|move|p1a: Reuniclus|Calm Mind|p1a: Reuniclus
|-boost|p1a: Reuniclus|spa|1
|-boost|p1a: Reuniclus|spd|1
|
|-heal|p1a: Reuniclus|43/100|[from] item: Leftovers
|-end|p2a: Clefable|move: Taunt
|upkeep
|turn|19
|inactive|SinkryzTV has 120 seconds left.
|
|move|p2a: Clefable|Moonblast|p1a: Reuniclus
|-damage|p1a: Reuniclus|10/100
|move|p1a: Reuniclus|Recover|p1a: Reuniclus
|-heal|p1a: Reuniclus|60/100
|
|-heal|p1a: Reuniclus|66/100|[from] item: Leftovers
|upkeep
|turn|20
|l|☆SSW Testing
|inactive|SSW Testing disconnected and has a minute to reconnect!
|player|p1|
|inactive|SinkryzTV has 120 seconds left.
|j|☆SSW Testing
|inactive|SSW Testing reconnected and has 135 seconds left.
|player|p1|SSW Testing|shadowtriad
|
|switch|p2a: Gastrodon|Gastrodon-East, M|78/100
|move|p1a: Reuniclus|Calm Mind|p1a: Reuniclus
|-boost|p1a: Reuniclus|spa|1
|-boost|p1a: Reuniclus|spd|1
|
|-heal|p1a: Reuniclus|72/100|[from] item: Leftovers
|upkeep
|turn|21
|
|move|p1a: Reuniclus|Recover|p1a: Reuniclus
|-heal|p1a: Reuniclus|100/100
|move|p2a: Gastrodon|Clear Smog|p1a: Reuniclus
|-damage|p1a: Reuniclus|95/100
|-clearboost|p1a: Reuniclus
|
|-heal|p1a: Reuniclus|100/100|[from] item: Leftovers
|upkeep
|turn|22
|inactive|SinkryzTV has 120 seconds left.
|
|switch|p1a: Ferrothorn|Ferrothorn, F|99/100
|switch|p2a: Indeedee|Indeedee, M|100/100
|-fieldstart|move: Psychic Terrain|[from] ability: Psychic Surge|[of] p2a: Indeedee
|
|-heal|p1a: Ferrothorn|100/100|[from] item: Leftovers
|upkeep
|turn|23
|inactive|SinkryzTV has 120 seconds left.
|
|move|p2a: Indeedee|Mystical Fire|p1a: Ferrothorn
|-supereffective|p1a: Ferrothorn
|-damage|p1a: Ferrothorn|16/100
|-unboost|p1a: Ferrothorn|spa|1
|move|p1a: Ferrothorn|Leech Seed|p2a: Indeedee
|-start|p2a: Indeedee|move: Leech Seed
|
|-heal|p1a: Ferrothorn|23/100|[from] item: Leftovers
|-damage|p2a: Indeedee|88/100|[from] Leech Seed|[of] p1a: Ferrothorn
|-heal|p1a: Ferrothorn|32/100|[silent]
|upkeep
|turn|24
|inactive|SSW Testing has 120 seconds left.
|l|☆SSW Testing
|inactive|SSW Testing disconnected and has a minute to reconnect!
|player|p1|
|j|☆SSW Testing
|inactive|SSW Testing reconnected and has 105 seconds left.
|player|p1|SSW Testing|shadowtriad
|
|move|p1a: Ferrothorn|Protect|p1a: Ferrothorn
|-singleturn|p1a: Ferrothorn|Protect
|move|p2a: Indeedee|Mystical Fire|p1a: Ferrothorn
|-activate|p1a: Ferrothorn|move: Protect
|
|-heal|p1a: Ferrothorn|38/100|[from] item: Leftovers
|-damage|p2a: Indeedee|76/100|[from] Leech Seed|[of] p1a: Ferrothorn
|-heal|p1a: Ferrothorn|47/100|[silent]
|upkeep
|turn|25
|
|switch|p1a: Reuniclus|Reuniclus, M|100/100
|move|p2a: Indeedee|Mystical Fire|p1a: Reuniclus
|-damage|p1a: Reuniclus|79/100
|-unboost|p1a: Reuniclus|spa|1
|
|-heal|p1a: Reuniclus|85/100|[from] item: Leftovers
|-damage|p2a: Indeedee|64/100|[from] Leech Seed|[of] p1a: Reuniclus
|-heal|p1a: Reuniclus|92/100|[silent]
|upkeep
|turn|26
|
|switch|p2a: Dragapult|Dragapult, F|100/100
|move|p1a: Reuniclus|Psychic|p2a: Dragapult
|-damage|p2a: Dragapult|58/100
|
|-heal|p1a: Reuniclus|99/100|[from] item: Leftovers
|-fieldend|move: Psychic Terrain
|upkeep
|turn|27
|
|switch|p1a: Mandibuzz|Mandibuzz, F|100/100
|move|p2a: Dragapult|Shadow Ball|p1a: Mandibuzz
|-resisted|p1a: Mandibuzz
|-damage|p1a: Mandibuzz|84/100
|
|upkeep
|turn|28
|inactive|SSW Testing has 120 seconds left.
|
|switch|p2a: Clefable|Clefable, M|90/100
|move|p1a: Mandibuzz|Knock Off|p2a: Clefable
|-resisted|p2a: Clefable
|-damage|p2a: Clefable|76/100
|-enditem|p2a: Clefable|Life Orb|[from] move: Knock Off|[of] p1a: Mandibuzz
|
|upkeep
|turn|29
|
|switch|p1a: Reuniclus|Reuniclus, M|99/100
|switch|p2a: Indeedee|Indeedee, M|64/100
|-fieldstart|move: Psychic Terrain|[from] ability: Psychic Surge|[of] p2a: Indeedee
|
|-heal|p1a: Reuniclus|100/100|[from] item: Leftovers
|upkeep
|turn|30
|inactive|SSW Testing has 120 seconds left.
|l|☆SSW Testing
|inactive|SSW Testing disconnected and has a minute to reconnect!
|player|p1|
|j|☆SSW Testing
|inactive|SSW Testing reconnected and has 80 seconds left.
|player|p1|SSW Testing|shadowtriad
|
|move|p2a: Indeedee|Trick|p1a: Reuniclus
|-activate|p2a: Indeedee|move: Trick|[of] p1a: Reuniclus
|-item|p1a: Reuniclus|Choice Scarf|[from] move: Trick
|-item|p2a: Indeedee|Leftovers|[from] move: Trick
|move|p1a: Reuniclus|Psychic|p2a: Indeedee
|-resisted|p2a: Indeedee
|-crit|p2a: Indeedee
|-damage|p2a: Indeedee|15/100
|
|-heal|p2a: Indeedee|21/100|[from] item: Leftovers
|upkeep
|turn|31
|inactive|SinkryzTV has 120 seconds left.
|inactive|SinkryzTV has 90 seconds left.
|
|switch|p2a: Gastrodon|Gastrodon-East, M|78/100
|move|p1a: Reuniclus|Psychic|p2a: Gastrodon
|-damage|p2a: Gastrodon|55/100
|
|upkeep
|turn|32
|
|switch|p1a: Conkeldurr|Conkeldurr, F|100/100
|move|p2a: Gastrodon|Earth Power|p1a: Conkeldurr
|-damage|p1a: Conkeldurr|60/100
|
|-status|p1a: Conkeldurr|brn|[from] item: Flame Orb
|upkeep
|turn|33
|
|move|p1a: Conkeldurr|Earthquake|p2a: Gastrodon
|-damage|p2a: Gastrodon|0 fnt
|faint|p2a: Gastrodon
|
|-damage|p1a: Conkeldurr|54/100 brn|[from] brn
|-fieldend|move: Psychic Terrain
|upkeep
|
|switch|p2a: Indeedee|Indeedee, M|21/100
|-fieldstart|move: Psychic Terrain|[from] ability: Psychic Surge|[of] p2a: Indeedee
|turn|34
|inactive|SSW Testing has 90 seconds left.
|inactive|SinkryzTV has 90 seconds left.
|
|switch|p1a: Mandibuzz|Mandibuzz, F|84/100
|move|p2a: Indeedee|Psychic|p1a: Mandibuzz
|-immune|p1a: Mandibuzz
|
|-heal|p2a: Indeedee|27/100|[from] item: Leftovers
|upkeep
|turn|35
|inactive|SinkryzTV has 90 seconds left.
|
|switch|p2a: Clefable|Clefable, M|76/100
|move|p1a: Mandibuzz|Knock Off|p2a: Clefable
|-resisted|p2a: Clefable
|-crit|p2a: Clefable
|-damage|p2a: Clefable|61/100
|
|upkeep
|turn|36
|
|switch|p1a: Ferrothorn|Ferrothorn, F|47/100
|move|p2a: Clefable|Moonlight|p2a: Clefable
|-heal|p2a: Clefable|100/100
|
|-heal|p1a: Ferrothorn|53/100|[from] item: Leftovers
|upkeep
|turn|37
|
|switch|p2a: Kommo-o|Kommo-o, M|83/100
|move|p1a: Ferrothorn|Spikes|p2a: Kommo-o
|-sidestart|p2: SinkryzTV|Spikes
|
|-heal|p1a: Ferrothorn|60/100|[from] item: Leftovers
|upkeep
|turn|38
|
|switch|p1a: Reuniclus|Reuniclus, M|100/100
|move|p2a: Kommo-o|Clangorous Soul|p2a: Kommo-o
|-boost|p2a: Kommo-o|atk|1
|-boost|p2a: Kommo-o|def|1
|-boost|p2a: Kommo-o|spa|1
|-boost|p2a: Kommo-o|spd|1
|-boost|p2a: Kommo-o|spe|1
|-damage|p2a: Kommo-o|50/100
|-enditem|p2a: Kommo-o|Throat Spray
|-boost|p2a: Kommo-o|spa|1
|
|-fieldend|move: Psychic Terrain
|upkeep
|turn|39
|inactive|SSW Testing has 120 seconds left.
|
|move|p2a: Kommo-o|Clanging Scales|p1a: Reuniclus
|-damage|p1a: Reuniclus|14/100
|-unboost|p2a: Kommo-o|def|1
|move|p1a: Reuniclus|Psychic|p2a: Kommo-o
|-supereffective|p2a: Kommo-o
|-damage|p2a: Kommo-o|0 fnt
|faint|p2a: Kommo-o
|
|upkeep
|
|switch|p2a: Indeedee|Indeedee, M|27/100
|-damage|p2a: Indeedee|15/100|[from] Spikes
|-fieldstart|move: Psychic Terrain|[from] ability: Psychic Surge|[of] p2a: Indeedee
|turn|40
|inactive|SinkryzTV has 90 seconds left.
|
|move|p2a: Indeedee|Mystical Fire|p1a: Reuniclus
|-damage|p1a: Reuniclus|0 fnt
|faint|p1a: Reuniclus
|
|-heal|p2a: Indeedee|21/100|[from] item: Leftovers
|upkeep
|
|switch|p1a: Dragapult|Dragapult, M|100/100
|turn|41
|inactive|SinkryzTV has 90 seconds left.
|
|move|p1a: Dragapult|U-turn|p2a: Indeedee
|-supereffective|p2a: Indeedee
|-damage|p2a: Indeedee|0 fnt
|faint|p2a: Indeedee
|
|switch|p1a: Ferrothorn|Ferrothorn, F|60/100|[from]move: U-turn
|
|-heal|p1a: Ferrothorn|66/100|[from] item: Leftovers
|upkeep
|inactive|SinkryzTV has 90 seconds left.
|
|switch|p2a: Dragapult|Dragapult, F|58/100
|-damage|p2a: Dragapult|46/100|[from] Spikes
|turn|42
|
|move|p2a: Dragapult|Shadow Ball|p1a: Ferrothorn
|-damage|p1a: Ferrothorn|22/100
|move|p1a: Ferrothorn|Power Whip|p2a: Dragapult
|-resisted|p2a: Dragapult
|-damage|p2a: Dragapult|19/100
|
|-heal|p1a: Ferrothorn|28/100|[from] item: Leftovers
|upkeep
|turn|43
|
|move|p2a: Dragapult|Shadow Ball|p1a: Ferrothorn
|-damage|p1a: Ferrothorn|0 fnt
|faint|p1a: Ferrothorn
|
|upkeep
|
|switch|p1a: Mandibuzz|Mandibuzz, F|84/100
|turn|44
|
|switch|p2a: Clefable|Clefable, M|100/100
|switch|p1a: Conkeldurr|Conkeldurr, F|54/100 brn
|
|-damage|p1a: Conkeldurr|48/100 brn|[from] brn
|-fieldend|move: Psychic Terrain
|upkeep
|turn|45
|
|move|p2a: Clefable|Moonblast|p1a: Conkeldurr
|-supereffective|p1a: Conkeldurr
|-damage|p1a: Conkeldurr|0 fnt
|faint|p1a: Conkeldurr
|
|upkeep
|
|switch|p1a: Dragapult|Dragapult, M|100/100
|turn|46
|
|move|p1a: Dragapult|Shadow Ball|p2a: Clefable
|-damage|p2a: Clefable|50/100
|move|p2a: Clefable|Moonblast|p1a: Dragapult
|-supereffective|p1a: Dragapult
|-damage|p1a: Dragapult|0 fnt
|faint|p1a: Dragapult
|
|upkeep
|-message|SSW Testing forfeited.
|
|win|SinkryzTV
|l|☆SSW Testing
|raw|SSW Testing's rating: 1200 → 1173(-27 for losing)
|raw|SinkryzTV's rating: 1167 → 1194(+27 for winning)
|c|☆SinkryzTV|gg
