|ScrapeTime|2020-01-02-05:25:12
|j|☆Feral Ants
|j|☆eiscues me
|player|p1|Feral Ants|92|1528
|player|p2|eiscues me|lucas|1543
|teamsize|p1|6
|teamsize|p2|6
|gametype|singles
|gen|8
|tier|[Gen 8] OU
|rated|
|rule|Sleep Clause Mod: Limit one foe put to sleep
|rule|Species Clause: Limit one of each Pokémon
|rule|OHKO Clause: OHKO moves are banned
|rule|Evasion Moves Clause: Evasion moves are banned
|rule|Endless Battle Clause: Forcing endless battles is banned
|rule|HP Percentage Mod: HP is shown in percentages
|clearpoke
|poke|p1|Clefable, F|
|poke|p1|Whimsicott, F|
|poke|p1|Seismitoad, M|
|poke|p1|Steelix, F|
|poke|p1|Dhelmise|
|poke|p1|Dracovish|
|poke|p2|Indeedee, M|
|poke|p2|Hitmonlee, M|
|poke|p2|Rotom-Fan|
|poke|p2|Ditto|
|poke|p2|Excadrill, M|
|poke|p2|Malamar, M|
|rule|Dynamax Clause: You cannot dynamax
|teampreview
|
|start
|switch|p1a: Whimsicott|Whimsicott, F|100/100
|switch|p2a: Excadrill|Excadrill, M|100/100
|-ability|p2a: Excadrill|Mold Breaker
|turn|1
|
|move|p1a: Whimsicott|U-turn|p2a: Excadrill
|-resisted|p2a: Excadrill
|-damage|p2a: Excadrill|93/100
|inactive|Battle timer is ON: inactive players will automatically lose when time's up. (requested by eiscues me)
|
|switch|p1a: Dhelmise|Dhelmise|100/100|[from]move: U-turn
|move|p2a: Excadrill|Iron Head|p1a: Dhelmise
|-crit|p1a: Dhelmise
|-damage|p1a: Dhelmise|50/100
|
|upkeep
|turn|2
|
|move|p2a: Excadrill|Stealth Rock|p1a: Dhelmise
|-sidestart|p1: Feral Ants|move: Stealth Rock
|move|p1a: Dhelmise|Brick Break|p2a: Excadrill
|-supereffective|p2a: Excadrill
|-damage|p2a: Excadrill|20/100
|
|upkeep
|turn|3
|
|move|p2a: Excadrill|Iron Head|p1a: Dhelmise
|-crit|p1a: Dhelmise
|-damage|p1a: Dhelmise|0 fnt
|faint|p1a: Dhelmise
|
|upkeep
|c|☆Feral Ants|ok
|c|☆Feral Ants|sure
|
|switch|p1a: Dracovish|Dracovish|100/100
|-damage|p1a: Dracovish|88/100|[from] Stealth Rock
|turn|4
|
|move|p1a: Dracovish|Fishious Rend|p2a: Excadrill
|-supereffective|p2a: Excadrill
|-crit|p2a: Excadrill
|-damage|p2a: Excadrill|0 fnt
|faint|p2a: Excadrill
|
|upkeep
|
|switch|p2a: Ditto|Ditto|100/100
|-transform|p2a: Ditto|p1a: Dracovish|[from] ability: Imposter
|turn|5
|
|switch|p1a: Seismitoad|Seismitoad, M|100/100
|-damage|p1a: Seismitoad|94/100|[from] Stealth Rock
|move|p2a: Ditto|Psychic Fangs|p1a: Seismitoad
|-damage|p1a: Seismitoad|54/100
|
|-heal|p1a: Seismitoad|60/100|[from] item: Leftovers
|upkeep
|turn|6
|
|move|p2a: Ditto|Psychic Fangs|p1a: Seismitoad
|-damage|p1a: Seismitoad|21/100
|move|p1a: Seismitoad|Toxic|p2a: Ditto
|-status|p2a: Ditto|tox
|
|-heal|p1a: Seismitoad|27/100|[from] item: Leftovers
|-damage|p2a: Ditto|94/100 tox|[from] psn
|upkeep
|turn|7
|
|switch|p2a: Indeedee|Indeedee, M|100/100
|-fieldstart|move: Psychic Terrain|[from] ability: Psychic Surge|[of] p2a: Indeedee
|switch|p1a: Steelix|Steelix, F|100/100
|-damage|p1a: Steelix|97/100|[from] Stealth Rock
|
|upkeep
|turn|8
|
|switch|p1a: Clefable|Clefable, F|100/100
|move|p2a: Indeedee|Mystical Fire|p1a: Clefable
|-damage|p1a: Clefable|80/100
|-unboost|p1a: Clefable|spa|1
|
|upkeep
|turn|9
|
|move|p2a: Indeedee|Calm Mind|p2a: Indeedee
|-boost|p2a: Indeedee|spa|1
|-boost|p2a: Indeedee|spd|1
|move|p1a: Clefable|Moonblast|p2a: Indeedee
|-damage|p2a: Indeedee|64/100
|-unboost|p2a: Indeedee|spa|1
|
|upkeep
|turn|10
|
|move|p2a: Indeedee|Psychic|p1a: Clefable
|-damage|p1a: Clefable|26/100
|move|p1a: Clefable|Moonblast|p2a: Indeedee
|-damage|p2a: Indeedee|30/100
|-unboost|p2a: Indeedee|spa|1
|
|upkeep
|turn|11
|
|move|p2a: Indeedee|Psychic|p1a: Clefable
|-damage|p1a: Clefable|0 fnt
|faint|p1a: Clefable
|
|upkeep
|
|switch|p1a: Whimsicott|Whimsicott, F|100/100
|-damage|p1a: Whimsicott|88/100|[from] Stealth Rock
|turn|12
|
|switch|p2a: Malamar|Malamar, M|100/100
|move|p1a: Whimsicott|U-turn|p2a: Malamar
|-supereffective|p2a: Malamar
|-damage|p2a: Malamar|54/100
|
|switch|p1a: Steelix|Steelix, F|97/100|[from]move: U-turn
|-damage|p1a: Steelix|94/100|[from] Stealth Rock
|
|upkeep
|turn|13
|
|move|p2a: Malamar|Superpower|p1a: Steelix
|-supereffective|p1a: Steelix
|-damage|p1a: Steelix|62/100
|-damage|p2a: Malamar|37/100|[from] item: Rocky Helmet|[of] p1a: Steelix
|-boost|p2a: Malamar|atk|1
|-boost|p2a: Malamar|def|1
|move|p1a: Steelix|Stealth Rock|p2a: Malamar
|-sidestart|p2: eiscues me|move: Stealth Rock
|
|upkeep
|turn|14
|
|move|p2a: Malamar|Superpower|p1a: Steelix
|-supereffective|p1a: Steelix
|-damage|p1a: Steelix|16/100
|-damage|p2a: Malamar|20/100|[from] item: Rocky Helmet|[of] p1a: Steelix
|-boost|p2a: Malamar|atk|1
|-boost|p2a: Malamar|def|1
|move|p1a: Steelix|Dragon Tail|p2a: Malamar
|-damage|p2a: Malamar|12/100
|drag|p2a: Ditto|Ditto|94/100 tox
|-damage|p2a: Ditto|82/100 tox|[from] Stealth Rock
|-transform|p2a: Ditto|p1a: Steelix|[from] ability: Imposter
|
|-damage|p2a: Ditto|76/100 tox|[from] psn
|-fieldend|move: Psychic Terrain
|upkeep
|turn|15
|
|move|p2a: Ditto|Body Press|p1a: Steelix
|-supereffective|p1a: Steelix
|-damage|p1a: Steelix|0 fnt
|-damage|p2a: Ditto|59/100 tox|[from] item: Rocky Helmet|[of] p1a: Steelix
|faint|p1a: Steelix
|
|-damage|p2a: Ditto|47/100 tox|[from] psn
|upkeep
|
|switch|p1a: Dracovish|Dracovish|88/100
|-damage|p1a: Dracovish|76/100|[from] Stealth Rock
|turn|16
|
|switch|p2a: Malamar|Malamar, M|12/100
|-damage|p2a: Malamar|0 fnt|[from] Stealth Rock
|faint|p2a: Malamar
|move|p1a: Dracovish|Fishious Rend|p2: Malamar|[notarget]
|-fail|p1a: Dracovish
|
|upkeep
|
|switch|p2a: Hitmonlee|Hitmonlee, M|100/100
|-damage|p2a: Hitmonlee|94/100|[from] Stealth Rock
|turn|17
|
|move|p2a: Hitmonlee|Endure|p2a: Hitmonlee
|-singleturn|p2a: Hitmonlee|move: Endure
|move|p1a: Dracovish|Fishious Rend|p2a: Hitmonlee
|-activate|p2a: Hitmonlee|move: Endure
|-damage|p2a: Hitmonlee|1/100
|-enditem|p2a: Hitmonlee|Liechi Berry|[eat]
|-boost|p2a: Hitmonlee|atk|1
|
|upkeep
|turn|18
|
|switch|p1a: Seismitoad|Seismitoad, M|27/100
|-damage|p1a: Seismitoad|21/100|[from] Stealth Rock
|move|p2a: Hitmonlee|Reversal|p1a: Seismitoad
|-damage|p1a: Seismitoad|0 fnt
|faint|p1a: Seismitoad
|
|upkeep
|
|switch|p1a: Whimsicott|Whimsicott, F|88/100
|-damage|p1a: Whimsicott|76/100|[from] Stealth Rock
|turn|19
|
|move|p2a: Hitmonlee|Poison Jab|p1a: Whimsicott
|-supereffective|p1a: Whimsicott
|-damage|p1a: Whimsicott|0 fnt
|faint|p1a: Whimsicott
|
|upkeep
|c|☆eiscues me|gg
|
|switch|p1a: Dracovish|Dracovish|76/100
|-damage|p1a: Dracovish|63/100|[from] Stealth Rock
|turn|20
|-message|Feral Ants forfeited.
|
|win|eiscues me
|l|☆Feral Ants
|raw|Feral Ants's rating: 1528 → 1509(-19 for losing)
|raw|eiscues me's rating: 1543 → 1562(+19 for winning)
