|ScrapeTime|2020-01-02-15:04:24
|j|☆sukes
|j|☆huh I won
|player|p1|sukes|juan|1182
|player|p2|huh I won|blue|1149
|teamsize|p1|6
|teamsize|p2|6
|gametype|singles
|gen|8
|tier|[Gen 8] OU
|rated|
|rule|Sleep Clause Mod: Limit one foe put to sleep
|rule|Species Clause: Limit one of each Pokémon
|rule|OHKO Clause: OHKO moves are banned
|rule|Evasion Moves Clause: Evasion moves are banned
|rule|Endless Battle Clause: Forcing endless battles is banned
|rule|HP Percentage Mod: HP is shown in percentages
|clearpoke
|poke|p1|Kommo-o, M|
|poke|p1|Excadrill, F|
|poke|p1|Rotom-Wash|
|poke|p1|Clefable, M|
|poke|p1|Toxapex, F|
|poke|p1|Corviknight, F|
|poke|p2|Pelipper, F|
|poke|p2|Barraskewda, F|
|poke|p2|Rotom-Heat|
|poke|p2|Ferrothorn, F|
|poke|p2|Drifblim, M|
|poke|p2|Morpeko, M|
|rule|Dynamax Clause: You cannot dynamax
|teampreview
|
|start
|switch|p1a: Rotom|Rotom-Wash|100/100
|switch|p2a: Ferrothorn|Ferrothorn, F|100/100
|turn|1
|
|move|p2a: Ferrothorn|Protect|p2a: Ferrothorn
|-singleturn|p2a: Ferrothorn|Protect
|move|p1a: Rotom|Trick|p2a: Ferrothorn
|-activate|p2a: Ferrothorn|move: Protect
|
|upkeep
|turn|2
|
|switch|p1a: Excadrill|Excadrill, F|100/100
|-ability|p1a: Excadrill|Mold Breaker
|switch|p2a: Morpeko|Morpeko, M|100/100
|
|-formechange|p2a: Morpeko|Morpeko-Hangry||[from] ability: Hunger Switch
|upkeep
|turn|3
|
|switch|p2a: Drifblim|Drifblim, M|100/100
|move|p1a: Excadrill|Swords Dance|p1a: Excadrill
|-boost|p1a: Excadrill|atk|2
|
|upkeep
|turn|4
|
|switch|p1a: Clefable|Clefable, M|100/100
|move|p2a: Drifblim|Destiny Bond|p2a: Drifblim
|-singlemove|p2a: Drifblim|Destiny Bond
|
|upkeep
|turn|5
|
|switch|p2a: Ferrothorn|Ferrothorn, F|100/100
|move|p1a: Clefable|Thunder Wave|p2a: Ferrothorn
|-status|p2a: Ferrothorn|par
|
|upkeep
|turn|6
|inactive|Battle timer is ON: inactive players will automatically lose when time's up. (requested by huh I won)
|
|switch|p1a: Corviknight|Corviknight, F|100/100
|-ability|p1a: Corviknight|Pressure
|move|p2a: Ferrothorn|Stealth Rock|p1a: Corviknight
|-sidestart|p1: sukes|move: Stealth Rock
|
|upkeep
|turn|7
|
|move|p1a: Corviknight|Substitute|p1a: Corviknight
|-start|p1a: Corviknight|Substitute
|-damage|p1a: Corviknight|75/100
|move|p2a: Ferrothorn|Leech Seed||[still]
|-fail|p2a: Ferrothorn
|
|-heal|p1a: Corviknight|82/100|[from] item: Leftovers
|upkeep
|turn|8
|
|switch|p2a: Drifblim|Drifblim, M|100/100
|move|p1a: Corviknight|Bulk Up|p1a: Corviknight
|-boost|p1a: Corviknight|atk|1
|-boost|p1a: Corviknight|def|1
|
|-heal|p1a: Corviknight|88/100|[from] item: Leftovers
|upkeep
|turn|9
|
|move|p2a: Drifblim|Shadow Ball|p1a: Corviknight
|-end|p1a: Corviknight|Substitute
|move|p1a: Corviknight|Bulk Up|p1a: Corviknight
|-boost|p1a: Corviknight|atk|1
|-boost|p1a: Corviknight|def|1
|
|-heal|p1a: Corviknight|94/100|[from] item: Leftovers
|upkeep
|turn|10
|
|move|p2a: Drifblim|Haze|p2a: Drifblim
|-clearallboost
|move|p1a: Corviknight|Brave Bird|p2a: Drifblim
|-damage|p2a: Drifblim|49/100
|-damage|p1a: Corviknight|75/100|[from] Recoil
|-enditem|p2a: Drifblim|Red Card|[of] p1a: Corviknight
|drag|p1a: Rotom|Rotom-Wash|100/100
|-damage|p1a: Rotom|88/100|[from] Stealth Rock
|
|upkeep
|turn|11
|
|move|p2a: Drifblim|Destiny Bond|p2a: Drifblim
|-singlemove|p2a: Drifblim|Destiny Bond
|move|p1a: Rotom|Volt Switch|p2a: Drifblim
|-supereffective|p2a: Drifblim
|-damage|p2a: Drifblim|0 fnt
|faint|p2a: Drifblim
|-activate|p2a: Drifblim|move: Destiny Bond
|faint|p1a: Rotom
|
|upkeep
|
|switch|p1a: Excadrill|Excadrill, F|100/100
|switch|p2a: Rotom|Rotom-Heat|100/100
|-damage|p1a: Excadrill|97/100|[from] Stealth Rock
|-ability|p1a: Excadrill|Mold Breaker
|turn|12
|
|switch|p1a: Toxapex|Toxapex, F|100/100
|-damage|p1a: Toxapex|88/100|[from] Stealth Rock
|move|p2a: Rotom|Overheat|p1a: Toxapex
|-resisted|p1a: Toxapex
|-damage|p1a: Toxapex|64/100
|-unboost|p2a: Rotom|spa|2
|
|-heal|p1a: Toxapex|70/100|[from] item: Black Sludge
|upkeep
|turn|13
|
|switch|p2a: Ferrothorn|Ferrothorn, F|100/100 par
|move|p1a: Toxapex|Scald|p2a: Ferrothorn
|-resisted|p2a: Ferrothorn
|-damage|p2a: Ferrothorn|95/100 par
|
|-heal|p1a: Toxapex|76/100|[from] item: Black Sludge
|-heal|p2a: Ferrothorn|100/100 par|[from] item: Leftovers
|upkeep
|turn|14
|
|switch|p1a: Excadrill|Excadrill, F|97/100
|-damage|p1a: Excadrill|94/100|[from] Stealth Rock
|-ability|p1a: Excadrill|Mold Breaker
|move|p2a: Ferrothorn|Leech Seed|p1a: Excadrill
|-start|p1a: Excadrill|move: Leech Seed
|
|-heal|p1a: Excadrill|100/100|[from] item: Leftovers
|-damage|p1a: Excadrill|88/100|[from] Leech Seed|[of] p2a: Ferrothorn
|upkeep
|turn|15
|
|move|p1a: Excadrill|Swords Dance|p1a: Excadrill
|-boost|p1a: Excadrill|atk|2
|move|p2a: Ferrothorn|Power Whip|p1a: Excadrill
|-damage|p1a: Excadrill|29/100
|
|-heal|p1a: Excadrill|35/100|[from] item: Leftovers
|-damage|p1a: Excadrill|23/100|[from] Leech Seed|[of] p2a: Ferrothorn
|upkeep
|turn|16
|
|move|p1a: Excadrill|Earthquake|p2a: Ferrothorn
|-damage|p2a: Ferrothorn|32/100 par
|move|p2a: Ferrothorn|Power Whip|p1a: Excadrill
|-damage|p1a: Excadrill|0 fnt
|faint|p1a: Excadrill
|
|-heal|p2a: Ferrothorn|38/100 par|[from] item: Leftovers
|upkeep
|
|switch|p1a: Kommo-o|Kommo-o, M|100/100
|-damage|p1a: Kommo-o|94/100|[from] Stealth Rock
|turn|17
|
|move|p1a: Kommo-o|Flamethrower|p2a: Ferrothorn
|-supereffective|p2a: Ferrothorn
|-damage|p2a: Ferrothorn|0 fnt
|faint|p2a: Ferrothorn
|
|upkeep
|
|switch|p2a: Rotom|Rotom-Heat|100/100
|turn|18
|inactive|sukes has 120 seconds left.
|
|switch|p1a: Corviknight|Corviknight, F|75/100
|-damage|p1a: Corviknight|63/100|[from] Stealth Rock
|-ability|p1a: Corviknight|Pressure
|move|p2a: Rotom|Volt Switch|p1a: Corviknight
|-supereffective|p1a: Corviknight
|-damage|p1a: Corviknight|18/100
|
|switch|p2a: Morpeko|Morpeko, M|100/100|[from]move: Volt Switch
|
|-heal|p1a: Corviknight|24/100|[from] item: Leftovers
|-formechange|p2a: Morpeko|Morpeko-Hangry||[from] ability: Hunger Switch
|upkeep
|turn|19
|inactive|sukes has 120 seconds left.
|
|switch|p1a: Clefable|Clefable, M|100/100
|move|p2a: Morpeko|Aura Wheel|p1a: Clefable
|-resisted|p1a: Clefable
|-damage|p1a: Clefable|77/100
|-boost|p2a: Morpeko|spe|1
|
|-heal|p1a: Clefable|83/100|[from] item: Leftovers
|-formechange|p2a: Morpeko|Morpeko||[from] ability: Hunger Switch
|upkeep
|turn|20
|inactive|sukes has 120 seconds left.
|
|move|p2a: Morpeko|Aura Wheel|p1a: Clefable
|-damage|p1a: Clefable|25/100
|-boost|p2a: Morpeko|spe|1
|move|p1a: Clefable|Wish|p1a: Clefable
|
|-heal|p1a: Clefable|31/100|[from] item: Leftovers
|-formechange|p2a: Morpeko|Morpeko-Hangry||[from] ability: Hunger Switch
|upkeep
|turn|21
|
|move|p1a: Clefable|Protect|p1a: Clefable
|-singleturn|p1a: Clefable|Protect
|move|p2a: Morpeko|Aura Wheel|p1a: Clefable
|-activate|p1a: Clefable|move: Protect
|
|-heal|p1a: Clefable|81/100|[from] move: Wish|[wisher] Clefable
|-heal|p1a: Clefable|88/100|[from] item: Leftovers
|-formechange|p2a: Morpeko|Morpeko||[from] ability: Hunger Switch
|upkeep
|turn|22
|
|move|p2a: Morpeko|Aura Wheel|p1a: Clefable
|-damage|p1a: Clefable|19/100
|-boost|p2a: Morpeko|spe|1
|move|p1a: Clefable|Moonblast|p2a: Morpeko
|-supereffective|p2a: Morpeko
|-damage|p2a: Morpeko|0 fnt
|faint|p2a: Morpeko
|
|-heal|p1a: Clefable|25/100|[from] item: Leftovers
|upkeep
|
|switch|p2a: Rotom|Rotom-Heat|100/100
|turn|23
|inactive|sukes has 120 seconds left.
|
|move|p1a: Clefable|Protect|p1a: Clefable
|-singleturn|p1a: Clefable|Protect
|move|p2a: Rotom|Volt Switch|p1a: Clefable
|-activate|p1a: Clefable|move: Protect
|
|-heal|p1a: Clefable|31/100|[from] item: Leftovers
|upkeep
|turn|24
|inactive|sukes has 120 seconds left.
|
|switch|p1a: Kommo-o|Kommo-o, M|94/100
|-damage|p1a: Kommo-o|88/100|[from] Stealth Rock
|move|p2a: Rotom|Volt Switch|p1a: Kommo-o
|-resisted|p1a: Kommo-o
|-damage|p1a: Kommo-o|71/100
|
|switch|p2a: Pelipper|Pelipper, F|100/100|[from]move: Volt Switch
|-weather|RainDance|[from] ability: Drizzle|[of] p2a: Pelipper
|
|-weather|RainDance|[upkeep]
|upkeep
|turn|25
|inactive|sukes has 120 seconds left.
|
|switch|p1a: Corviknight|Corviknight, F|24/100
|-damage|p1a: Corviknight|11/100|[from] Stealth Rock
|-ability|p1a: Corviknight|Pressure
|move|p2a: Pelipper|Hurricane|p1a: Corviknight
|-resisted|p1a: Corviknight
|-damage|p1a: Corviknight|0 fnt
|faint|p1a: Corviknight
|
|-weather|RainDance|[upkeep]
|upkeep
|
|switch|p1a: Clefable|Clefable, M|31/100
|turn|26
|
|move|p1a: Clefable|Protect|p1a: Clefable
|-singleturn|p1a: Clefable|Protect
|move|p2a: Pelipper|U-turn|p1a: Clefable
|-activate|p1a: Clefable|move: Protect
|
|-weather|RainDance|[upkeep]
|-heal|p1a: Clefable|37/100|[from] item: Leftovers
|upkeep
|turn|27
|
|move|p2a: Pelipper|U-turn|p1a: Clefable
|-resisted|p1a: Clefable
|-damage|p1a: Clefable|33/100
|
|switch|p2a: Rotom|Rotom-Heat|100/100|[from]move: U-turn
|move|p1a: Clefable|Wish|p1a: Clefable
|
|-weather|RainDance|[upkeep]
|-heal|p1a: Clefable|40/100|[from] item: Leftovers
|upkeep
|turn|28
|inactive|sukes has 120 seconds left.
|
|move|p1a: Clefable|Protect|p1a: Clefable
|-singleturn|p1a: Clefable|Protect
|move|p2a: Rotom|Trick|p1a: Clefable
|-activate|p1a: Clefable|move: Protect
|
|-weather|RainDance|[upkeep]
|-heal|p1a: Clefable|90/100|[from] move: Wish|[wisher] Clefable
|-heal|p1a: Clefable|96/100|[from] item: Leftovers
|upkeep
|turn|29
|inactive|sukes has 120 seconds left.
|
|move|p2a: Rotom|Trick|p1a: Clefable
|-activate|p2a: Rotom|move: Trick|[of] p1a: Clefable
|-item|p1a: Clefable|Choice Scarf|[from] move: Trick
|-item|p2a: Rotom|Leftovers|[from] move: Trick
|move|p1a: Clefable|Moonblast|p2a: Rotom
|-resisted|p2a: Rotom
|-damage|p2a: Rotom|81/100
|
|-weather|RainDance|[upkeep]
|-heal|p2a: Rotom|88/100|[from] item: Leftovers
|upkeep
|turn|30
|
|move|p2a: Rotom|Volt Switch|p1a: Clefable
|-damage|p1a: Clefable|72/100
|
|switch|p2a: Pelipper|Pelipper, F|100/100|[from]move: Volt Switch
|move|p1a: Clefable|Moonblast|p2a: Pelipper
|-damage|p2a: Pelipper|57/100
|
|-weather|RainDance|[upkeep]
|upkeep
|turn|31
|
|switch|p2a: Rotom|Rotom-Heat|88/100
|move|p1a: Clefable|Moonblast|p2a: Rotom
|-resisted|p2a: Rotom
|-damage|p2a: Rotom|65/100
|-unboost|p2a: Rotom|spa|1
|
|-weather|none
|-heal|p2a: Rotom|71/100|[from] item: Leftovers
|upkeep
|turn|32
|inactive|sukes has 120 seconds left.
|
|move|p2a: Rotom|Volt Switch|p1a: Clefable
|-damage|p1a: Clefable|56/100
|
|switch|p2a: Pelipper|Pelipper, F|57/100|[from]move: Volt Switch
|-weather|RainDance|[from] ability: Drizzle|[of] p2a: Pelipper
|move|p1a: Clefable|Moonblast|p2a: Pelipper
|-damage|p2a: Pelipper|12/100
|-unboost|p2a: Pelipper|spa|1
|
|-weather|RainDance|[upkeep]
|upkeep
|turn|33
|
|move|p1a: Clefable|Moonblast|p2a: Pelipper
|-damage|p2a: Pelipper|0 fnt
|faint|p2a: Pelipper
|
|-weather|RainDance|[upkeep]
|upkeep
|
|switch|p2a: Barraskewda|Barraskewda, F|100/100
|turn|34
|
|move|p2a: Barraskewda|Liquidation|p1a: Clefable
|-damage|p1a: Clefable|0 fnt
|faint|p1a: Clefable
|
|-weather|RainDance|[upkeep]
|upkeep
|
|switch|p1a: Toxapex|Toxapex, F|100/100
|-damage|p1a: Toxapex|88/100|[from] Stealth Rock
|turn|35
|
|switch|p2a: Rotom|Rotom-Heat|71/100
|move|p1a: Toxapex|Toxic|p2a: Rotom
|-status|p2a: Rotom|tox
|
|-weather|RainDance|[upkeep]
|-heal|p2a: Rotom|78/100 tox|[from] item: Leftovers
|-heal|p1a: Toxapex|94/100|[from] item: Black Sludge
|-damage|p2a: Rotom|71/100 tox|[from] psn
|upkeep
|turn|36
|
|move|p2a: Rotom|Volt Switch|p1a: Toxapex
|-supereffective|p1a: Toxapex
|-damage|p1a: Toxapex|38/100
|
|switch|p2a: Barraskewda|Barraskewda, F|100/100|[from]move: Volt Switch
|move|p1a: Toxapex|Toxic|p2a: Barraskewda
|-status|p2a: Barraskewda|tox
|
|-weather|RainDance|[upkeep]
|-heal|p1a: Toxapex|45/100|[from] item: Black Sludge
|-damage|p2a: Barraskewda|94/100 tox|[from] psn
|upkeep
|turn|37
|
|switch|p1a: Kommo-o|Kommo-o, M|71/100
|-damage|p1a: Kommo-o|65/100|[from] Stealth Rock
|move|p2a: Barraskewda|Psychic Fangs|p1a: Kommo-o
|-supereffective|p1a: Kommo-o
|-crit|p1a: Kommo-o
|-damage|p1a: Kommo-o|0 fnt
|faint|p1a: Kommo-o
|
|-weather|RainDance|[upkeep]
|-damage|p2a: Barraskewda|82/100 tox|[from] psn
|upkeep
|
|switch|p1a: Toxapex|Toxapex, F|78/100
|-damage|p1a: Toxapex|65/100|[from] Stealth Rock
|turn|38
|
|move|p2a: Barraskewda|Psychic Fangs|p1a: Toxapex
|-supereffective|p1a: Toxapex
|-damage|p1a: Toxapex|13/100
|move|p1a: Toxapex|Recover|p1a: Toxapex
|-heal|p1a: Toxapex|63/100
|
|-weather|RainDance|[upkeep]
|-heal|p1a: Toxapex|70/100|[from] item: Black Sludge
|-damage|p2a: Barraskewda|64/100 tox|[from] psn
|upkeep
|turn|39
|
|switch|p2a: Rotom|Rotom-Heat|71/100 tox
|move|p1a: Toxapex|Recover|p1a: Toxapex
|-heal|p1a: Toxapex|100/100
|
|-weather|none
|-heal|p2a: Rotom|78/100 tox|[from] item: Leftovers
|-damage|p2a: Rotom|71/100 tox|[from] psn
|upkeep
|turn|40
|
|move|p2a: Rotom|Will-O-Wisp|p1a: Toxapex
|-status|p1a: Toxapex|brn
|move|p1a: Toxapex|Recover||[still]
|-fail|p1a: Toxapex|heal
|
|-heal|p2a: Rotom|78/100 tox|[from] item: Leftovers
|-damage|p2a: Rotom|65/100 tox|[from] psn
|-damage|p1a: Toxapex|94/100 brn|[from] brn
|upkeep
|turn|41
|
|move|p2a: Rotom|Volt Switch|p1a: Toxapex
|-supereffective|p1a: Toxapex
|-damage|p1a: Toxapex|45/100 brn
|
|switch|p2a: Barraskewda|Barraskewda, F|64/100 tox|[from]move: Volt Switch
|move|p1a: Toxapex|Scald|p2a: Barraskewda
|-resisted|p2a: Barraskewda
|-damage|p2a: Barraskewda|45/100 tox
|
|-heal|p1a: Toxapex|51/100 brn|[from] item: Black Sludge
|-damage|p2a: Barraskewda|39/100 tox|[from] psn
|-damage|p1a: Toxapex|45/100 brn|[from] brn
|upkeep
|turn|42
|-message|sukes forfeited.
|
|win|huh I won
|l|☆sukes
