|ScrapeTime|2020-01-01-22:58:41
|j|☆SparkyAppel
|j|☆anhungerartists
|player|p1|SparkyAppel|169|1259
|player|p2|anhungerartists|102|1231
|teamsize|p1|6
|teamsize|p2|6
|gametype|singles
|gen|8
|tier|[Gen 8] OU
|rated|
|rule|Sleep Clause Mod: Limit one foe put to sleep
|rule|Species Clause: Limit one of each Pokémon
|rule|OHKO Clause: OHKO moves are banned
|rule|Evasion Moves Clause: Evasion moves are banned
|rule|Endless Battle Clause: Forcing endless battles is banned
|rule|HP Percentage Mod: HP is shown in percentages
|clearpoke
|poke|p1|Whimsicott, M|
|poke|p1|Pincurchin, M|
|poke|p1|Hawlucha, M|
|poke|p1|Hydreigon, F|
|poke|p1|Conkeldurr, M|
|poke|p1|Rotom-Wash|
|poke|p2|Salazzle, F|
|poke|p2|Seismitoad, F|
|poke|p2|Dragapult, M|
|poke|p2|Mandibuzz, F|
|poke|p2|Rotom-Heat|
|poke|p2|Mimikyu, F|
|rule|Dynamax Clause: You cannot dynamax
|teampreview
|
|start
|switch|p1a: Whimsicott|Whimsicott, M, shiny|100/100
|switch|p2a: Salazzle|Salazzle, F|100/100
|turn|1
|inactive|Battle timer is ON: inactive players will automatically lose when time's up. (requested by anhungerartists)
|
|switch|p1a: Rotom|Rotom-Wash|100/100
|move|p2a: Salazzle|Flamethrower|p1a: Rotom
|-resisted|p1a: Rotom
|-damage|p1a: Rotom|82/100
|
|upkeep
|turn|2
|
|switch|p2a: Seismitoad|Seismitoad, F|100/100
|move|p1a: Rotom|Hydro Pump|p2a: Seismitoad
|-immune|p2a: Seismitoad|[from] ability: Water Absorb
|
|upkeep
|turn|3
|
|move|p1a: Rotom|Will-O-Wisp|p2a: Seismitoad
|-status|p2a: Seismitoad|brn
|move|p2a: Seismitoad|Stealth Rock|p1a: Rotom
|-sidestart|p1: SparkyAppel|move: Stealth Rock
|
|-damage|p2a: Seismitoad|94/100 brn|[from] brn
|upkeep
|turn|4
|
|switch|p1a: Hydreigon|Hydreigon, F|100/100
|-damage|p1a: Hydreigon|88/100|[from] Stealth Rock
|switch|p2a: Mandibuzz|Mandibuzz, F|100/100
|
|-heal|p1a: Hydreigon|94/100|[from] item: Leftovers
|upkeep
|turn|5
|
|move|p1a: Hydreigon|Substitute|p1a: Hydreigon
|-start|p1a: Hydreigon|Substitute
|-damage|p1a: Hydreigon|69/100
|move|p2a: Mandibuzz|Knock Off|p1a: Hydreigon
|-resisted|p1a: Hydreigon
|-activate|p1a: Hydreigon|move: Substitute|[damage]
|
|-heal|p1a: Hydreigon|76/100|[from] item: Leftovers
|upkeep
|turn|6
|
|switch|p2a: Dragapult|Dragapult, M|100/100
|move|p1a: Hydreigon|Nasty Plot|p1a: Hydreigon
|-boost|p1a: Hydreigon|spa|2
|
|-heal|p1a: Hydreigon|82/100|[from] item: Leftovers
|upkeep
|turn|7
|
|move|p2a: Dragapult|Draco Meteor|p1a: Hydreigon
|-supereffective|p1a: Hydreigon
|-damage|p1a: Hydreigon|0 fnt
|-unboost|p2a: Dragapult|spa|2
|faint|p1a: Hydreigon
|
|upkeep
|
|switch|p1a: Pincurchin|Pincurchin, M|100/100
|-damage|p1a: Pincurchin|88/100|[from] Stealth Rock
|-fieldstart|move: Electric Terrain|[from] ability: Electric Surge|[of] p1a: Pincurchin
|turn|8
|
|switch|p2a: Seismitoad|Seismitoad, F|94/100 brn
|move|p1a: Pincurchin|Thunder Wave|p2a: Seismitoad
|-immune|p2a: Seismitoad
|
|-heal|p2a: Seismitoad|100/100 brn|[from] item: Leftovers
|-heal|p1a: Pincurchin|94/100|[from] item: Leftovers
|-damage|p2a: Seismitoad|94/100 brn|[from] brn
|upkeep
|turn|9
|
|move|p2a: Seismitoad|Power Whip|p1a: Pincurchin
|-damage|p1a: Pincurchin|79/100
|move|p1a: Pincurchin|Spikes|p2a: Seismitoad
|-sidestart|p2: anhungerartists|Spikes
|
|-heal|p2a: Seismitoad|100/100 brn|[from] item: Leftovers
|-heal|p1a: Pincurchin|85/100|[from] item: Leftovers
|-damage|p2a: Seismitoad|94/100 brn|[from] brn
|upkeep
|turn|10
|
|move|p2a: Seismitoad|Earthquake|p1a: Pincurchin
|-supereffective|p1a: Pincurchin
|-damage|p1a: Pincurchin|48/100
|move|p1a: Pincurchin|Spikes|p2a: Seismitoad
|-sidestart|p2: anhungerartists|Spikes
|
|-heal|p2a: Seismitoad|100/100 brn|[from] item: Leftovers
|-heal|p1a: Pincurchin|54/100|[from] item: Leftovers
|-damage|p2a: Seismitoad|94/100 brn|[from] brn
|upkeep
|turn|11
|
|switch|p2a: Mandibuzz|Mandibuzz, F|100/100
|move|p1a: Pincurchin|Recover|p1a: Pincurchin
|-heal|p1a: Pincurchin|100/100
|
|upkeep
|turn|12
|
|move|p2a: Mandibuzz|Knock Off|p1a: Pincurchin
|-damage|p1a: Pincurchin|80/100
|-enditem|p1a: Pincurchin|Leftovers|[from] move: Knock Off|[of] p2a: Mandibuzz
|move|p1a: Pincurchin|Thunder Wave|p2a: Mandibuzz
|-status|p2a: Mandibuzz|par
|
|-fieldend|move: Electric Terrain
|upkeep
|turn|13
|
|switch|p1a: Rotom|Rotom-Wash|82/100
|-damage|p1a: Rotom|69/100|[from] Stealth Rock
|cant|p2a: Mandibuzz|par
|
|upkeep
|turn|14
|
|switch|p1a: Conkeldurr|Conkeldurr, M|100/100
|-damage|p1a: Conkeldurr|94/100|[from] Stealth Rock
|switch|p2a: Seismitoad|Seismitoad, F|94/100 brn
|-damage|p2a: Seismitoad|78/100 brn|[from] Spikes
|
|-heal|p2a: Seismitoad|84/100 brn|[from] item: Leftovers
|-damage|p2a: Seismitoad|78/100 brn|[from] brn
|-status|p1a: Conkeldurr|brn|[from] item: Flame Orb
|upkeep
|turn|15
|
|move|p2a: Seismitoad|Earthquake|p1a: Conkeldurr
|-damage|p1a: Conkeldurr|75/100 brn
|move|p1a: Conkeldurr|Facade|p2a: Seismitoad
|-damage|p2a: Seismitoad|0 fnt
|faint|p2a: Seismitoad
|
|-damage|p1a: Conkeldurr|69/100 brn|[from] brn
|upkeep
|
|switch|p2a: Mimikyu|Mimikyu, F|100/100
|-damage|p2a: Mimikyu|84/100|[from] Spikes
|turn|16
|
|switch|p1a: Rotom|Rotom-Wash|69/100
|-damage|p1a: Rotom|57/100|[from] Stealth Rock
|move|p2a: Mimikyu|Swords Dance|p2a: Mimikyu
|-boost|p2a: Mimikyu|atk|2
|
|upkeep
|turn|17
|
|move|p2a: Mimikyu|Shadow Claw|p1a: Rotom
|-damage|p1a: Rotom|1/100
|-damage|p2a: Mimikyu|74/100|[from] item: Life Orb
|move|p1a: Rotom|Will-O-Wisp|p2a: Mimikyu
|-status|p2a: Mimikyu|brn
|
|-damage|p2a: Mimikyu|68/100 brn|[from] brn
|upkeep
|turn|18
|
|move|p2a: Mimikyu|Shadow Sneak|p1a: Rotom
|-damage|p1a: Rotom|0 fnt
|-damage|p2a: Mimikyu|58/100 brn|[from] item: Life Orb
|faint|p1a: Rotom
|
|-damage|p2a: Mimikyu|52/100 brn|[from] brn
|upkeep
|
|switch|p1a: Hawlucha|Hawlucha, M|100/100
|-damage|p1a: Hawlucha|88/100|[from] Stealth Rock
|turn|19
|
|move|p1a: Hawlucha|U-turn|p2a: Mimikyu
|-activate|p2a: Mimikyu|ability: Disguise
|-damage|p2a: Mimikyu|52/100 brn
|detailschange|p2a: Mimikyu|Mimikyu-Busted, F
|-damage|p2a: Mimikyu|40/100 brn|[from] ability: Disguise|[of] p2a: Mimikyu
|
|switch|p1a: Pincurchin|Pincurchin, M|80/100|[from]move: U-turn
|-damage|p1a: Pincurchin|68/100|[from] Stealth Rock
|-fieldstart|move: Electric Terrain|[from] ability: Electric Surge|[of] p1a: Pincurchin
|move|p2a: Mimikyu|Play Rough|p1a: Pincurchin|[miss]
|-miss|p2a: Mimikyu|p1a: Pincurchin
|
|-damage|p2a: Mimikyu|34/100 brn|[from] brn
|upkeep
|turn|20
|
|switch|p2a: Rotom|Rotom-Heat|100/100
|move|p1a: Pincurchin|Memento|p2a: Rotom
|-unboost|p2a: Rotom|atk|2
|-unboost|p2a: Rotom|spa|2
|faint|p1a: Pincurchin
|
|upkeep
|
|switch|p1a: Hawlucha|Hawlucha, M|88/100
|-damage|p1a: Hawlucha|76/100|[from] Stealth Rock
|-enditem|p1a: Hawlucha|Electric Seed
|-boost|p1a: Hawlucha|def|1
|turn|21
|
|move|p1a: Hawlucha|Swords Dance|p1a: Hawlucha
|-boost|p1a: Hawlucha|atk|2
|move|p2a: Rotom|Will-O-Wisp|p1a: Hawlucha
|-status|p1a: Hawlucha|brn
|
|-damage|p1a: Hawlucha|70/100 brn|[from] brn
|upkeep
|turn|22
|
|move|p1a: Hawlucha|Swords Dance|p1a: Hawlucha
|-boost|p1a: Hawlucha|atk|2
|move|p2a: Rotom|Overheat|p1a: Hawlucha
|-damage|p1a: Hawlucha|23/100 brn
|-unboost|p2a: Rotom|spa|2
|
|-damage|p1a: Hawlucha|17/100 brn|[from] brn
|upkeep
|turn|23
|
|move|p1a: Hawlucha|Drain Punch|p2a: Rotom
|-damage|p2a: Rotom|36/100
|-heal|p1a: Hawlucha|43/100 brn|[from] drain|[of] p2a: Rotom
|move|p2a: Rotom|Volt Switch|p1a: Hawlucha
|-supereffective|p1a: Hawlucha
|-damage|p1a: Hawlucha|8/100 brn
|
|switch|p2a: Mandibuzz|Mandibuzz, F|100/100 par|[from]move: Volt Switch
|
|-damage|p1a: Hawlucha|2/100 brn|[from] brn
|-fieldend|move: Electric Terrain
|upkeep
|turn|24
|
|move|p1a: Hawlucha|Drain Punch|p2a: Mandibuzz
|-damage|p2a: Mandibuzz|73/100 par
|-heal|p1a: Hawlucha|22/100 brn|[from] drain|[of] p2a: Mandibuzz
|move|p2a: Mandibuzz|Defog|p1a: Hawlucha
|-unboost|p1a: Hawlucha|evasion|1
|-sideend|p1: SparkyAppel|Stealth Rock|[from] move: Defog|[of] p2a: Mandibuzz
|-sideend|p2: anhungerartists|Spikes|[from] move: Defog|[of] p2a: Mandibuzz
|
|-damage|p1a: Hawlucha|16/100 brn|[from] brn
|upkeep
|turn|25
|
|move|p1a: Hawlucha|Drain Punch|p2a: Mandibuzz
|-damage|p2a: Mandibuzz|46/100 par
|-heal|p1a: Hawlucha|36/100 brn|[from] drain|[of] p2a: Mandibuzz
|move|p2a: Mandibuzz|Taunt|p1a: Hawlucha
|-start|p1a: Hawlucha|move: Taunt
|
|-damage|p1a: Hawlucha|29/100 brn|[from] brn
|upkeep
|turn|26
|inactive|SparkyAppel has 120 seconds left.
|
|switch|p2a: Dragapult|Dragapult, M|100/100
|move|p1a: Hawlucha|Drain Punch|p2a: Dragapult
|-immune|p2a: Dragapult
|
|-damage|p1a: Hawlucha|23/100 brn|[from] brn
|upkeep
|turn|27
|
|move|p1a: Hawlucha|Acrobatics|p2a: Dragapult
|-damage|p2a: Dragapult|5/100
|move|p2a: Dragapult|Flamethrower|p1a: Hawlucha
|-damage|p1a: Hawlucha|0 fnt
|faint|p1a: Hawlucha
|
|upkeep
|
|switch|p1a: Whimsicott|Whimsicott, M, shiny|100/100
|turn|28
|
|move|p1a: Whimsicott|Leech Seed|p2a: Dragapult
|-start|p2a: Dragapult|move: Leech Seed
|move|p2a: Dragapult|Flamethrower|p1a: Whimsicott
|-supereffective|p1a: Whimsicott
|-damage|p1a: Whimsicott|34/100
|
|-heal|p1a: Whimsicott|41/100|[from] item: Leftovers
|-damage|p2a: Dragapult|0 fnt|[from] Leech Seed|[of] p1a: Whimsicott
|-heal|p1a: Whimsicott|45/100|[silent]
|faint|p2a: Dragapult
|upkeep
|
|switch|p2a: Salazzle|Salazzle, F|100/100
|turn|29
|
|move|p2a: Salazzle|Substitute|p2a: Salazzle
|-start|p2a: Salazzle|Substitute
|-damage|p2a: Salazzle|76/100
|move|p1a: Whimsicott|Moonblast|p2a: Salazzle
|-resisted|p2a: Salazzle
|-crit|p2a: Salazzle
|-activate|p2a: Salazzle|move: Substitute|[damage]
|
|-heal|p2a: Salazzle|82/100|[from] item: Black Sludge
|-heal|p1a: Whimsicott|51/100|[from] item: Leftovers
|upkeep
|turn|30
|
|move|p2a: Salazzle|Flamethrower|p1a: Whimsicott
|-supereffective|p1a: Whimsicott
|-damage|p1a: Whimsicott|0 fnt
|faint|p1a: Whimsicott
|
|-heal|p2a: Salazzle|88/100|[from] item: Black Sludge
|upkeep
|
|switch|p1a: Conkeldurr|Conkeldurr, M|69/100 brn
|turn|31
|
|move|p2a: Salazzle|Protect|p2a: Salazzle
|-singleturn|p2a: Salazzle|Protect
|move|p1a: Conkeldurr|Mach Punch|p2a: Salazzle
|-activate|p2a: Salazzle|move: Protect
|
|-heal|p2a: Salazzle|94/100|[from] item: Black Sludge
|-damage|p1a: Conkeldurr|63/100 brn|[from] brn
|upkeep
|turn|32
|-message|SparkyAppel forfeited.
|
|win|anhungerartists
|l|☆SparkyAppel
|raw|SparkyAppel's rating: 1259 → 1232(-27 for losing)
|raw|anhungerartists's rating: 1231 → 1258(+27 for winning)
