|ScrapeTime|2020-01-01-11:45:32
|j|☆Zac3haryxx
|j|☆Malanaki
|player|p1|Zac3haryxx|elesa|
|player|p2|Malanaki|102|
|teamsize|p1|6
|teamsize|p2|6
|gametype|singles
|gen|8
|tier|[Gen 8] OU
|rule|Sleep Clause Mod: Limit one foe put to sleep
|rule|Species Clause: Limit one of each Pokémon
|rule|OHKO Clause: OHKO moves are banned
|rule|Evasion Moves Clause: Evasion moves are banned
|rule|Endless Battle Clause: Forcing endless battles is banned
|rule|HP Percentage Mod: HP is shown in percentages
|clearpoke
|poke|p1|Copperajah, M|
|poke|p1|Mimikyu, F|
|poke|p1|Ditto|
|poke|p1|Gyarados, F|
|poke|p1|Dragapult, M|
|poke|p1|Hatterene, F|
|poke|p2|Pincurchin, M|
|poke|p2|Hawlucha, M|
|poke|p2|Aegislash, M|
|poke|p2|Mamoswine, F|
|poke|p2|Drampa, M|
|poke|p2|Torkoal, F|
|rule|Dynamax Clause: You cannot dynamax
|teampreview
|c|☆Zac3haryxx|This is my new team
|c|☆Zac3haryxx|good luck have fun
|inactive|Battle timer is ON: inactive players will automatically lose when time's up. (requested by Malanaki)
|
|start
|switch|p1a: Gyarados|Gyarados, F|100/100
|switch|p2a: Aegislash|Aegislash, M|100/100
|-item|p2a: Aegislash|Air Balloon
|turn|1
|
|switch|p2a: Torkoal|Torkoal, F|100/100
|-weather|SunnyDay|[from] ability: Drought|[of] p2a: Torkoal
|move|p1a: Gyarados|Waterfall|p2a: Torkoal
|-supereffective|p2a: Torkoal
|-damage|p2a: Torkoal|74/100
|
|-weather|SunnyDay|[upkeep]
|-heal|p2a: Torkoal|80/100|[from] item: Leftovers
|upkeep
|turn|2
|c|☆Malanaki|Gl
|
|move|p1a: Gyarados|Dragon Dance|p1a: Gyarados
|-boost|p1a: Gyarados|atk|1
|-boost|p1a: Gyarados|spe|1
|move|p2a: Torkoal|Stealth Rock|p1a: Gyarados
|-sidestart|p1: Zac3haryxx|move: Stealth Rock
|
|-weather|SunnyDay|[upkeep]
|-heal|p2a: Torkoal|86/100|[from] item: Leftovers
|upkeep
|turn|3
|
|move|p1a: Gyarados|Dragon Dance|p1a: Gyarados
|-boost|p1a: Gyarados|atk|1
|-boost|p1a: Gyarados|spe|1
|move|p2a: Torkoal|Lava Plume|p1a: Gyarados
|-resisted|p1a: Gyarados
|-damage|p1a: Gyarados|82/100
|
|-weather|SunnyDay|[upkeep]
|-heal|p2a: Torkoal|92/100|[from] item: Leftovers
|upkeep
|turn|4
|
|move|p1a: Gyarados|Waterfall|p2a: Torkoal
|-supereffective|p2a: Torkoal
|-crit|p2a: Torkoal
|-damage|p2a: Torkoal|10/100
|move|p2a: Torkoal|Clear Smog|p1a: Gyarados
|-damage|p1a: Gyarados|71/100
|-clearboost|p1a: Gyarados
|
|-weather|SunnyDay|[upkeep]
|-heal|p2a: Torkoal|16/100|[from] item: Leftovers
|upkeep
|turn|5
|
|move|p1a: Gyarados|Dragon Dance|p1a: Gyarados
|-boost|p1a: Gyarados|atk|1
|-boost|p1a: Gyarados|spe|1
|move|p2a: Torkoal|Lava Plume|p1a: Gyarados
|-resisted|p1a: Gyarados
|-damage|p1a: Gyarados|52/100
|
|-weather|none
|-heal|p2a: Torkoal|22/100|[from] item: Leftovers
|upkeep
|turn|6
|
|switch|p2a: Aegislash|Aegislash, M|100/100
|-item|p2a: Aegislash|Air Balloon
|move|p1a: Gyarados|Waterfall|p2a: Aegislash
|-damage|p2a: Aegislash|37/100
|-enditem|p2a: Aegislash|Air Balloon
|
|upkeep
|turn|7
|
|switch|p2a: Torkoal|Torkoal, F|22/100
|-weather|SunnyDay|[from] ability: Drought|[of] p2a: Torkoal
|move|p1a: Gyarados|Waterfall|p2a: Torkoal
|-supereffective|p2a: Torkoal
|-damage|p2a: Torkoal|0 fnt
|faint|p2a: Torkoal
|-ability|p1a: Gyarados|Moxie|boost
|-boost|p1a: Gyarados|atk|1
|
|-weather|SunnyDay|[upkeep]
|upkeep
|inactive|Malanaki has 270 seconds left.
|c|☆Malanaki|All those lava plumes and no burn
|c|☆Malanaki|Gg
|c|☆Zac3haryxx|i know crazy
|
|switch|p2a: Pincurchin|Pincurchin, M|100/100
|-fieldstart|move: Electric Terrain|[from] ability: Electric Surge|[of] p2a: Pincurchin
|-enditem|p2a: Pincurchin|Electric Seed
|-boost|p2a: Pincurchin|def|1
|turn|8
|
|switch|p1a: Hatterene|Hatterene, F|100/100
|-damage|p1a: Hatterene|88/100|[from] Stealth Rock
|move|p2a: Pincurchin|Thunder Wave|p1a: Hatterene
|move|p1a: Hatterene|Thunder Wave|p2a: Pincurchin|[from]Magic Bounce
|-immune|p2a: Pincurchin
|
|-weather|SunnyDay|[upkeep]
|upkeep
|turn|9
|inactive|Malanaki has 270 seconds left.
|
|switch|p2a: Aegislash|Aegislash, M|37/100
|move|p1a: Hatterene|Trick Room|p1a: Hatterene
|-fieldstart|move: Trick Room|[of] p1a: Hatterene
|
|-weather|SunnyDay|[upkeep]
|upkeep
|turn|10
|
|-formechange|p2a: Aegislash|Aegislash-Blade||[from] ability: Stance Change
|move|p2a: Aegislash|Shadow Sneak|p1a: Hatterene
|-supereffective|p1a: Hatterene
|-crit|p1a: Hatterene
|-damage|p1a: Hatterene|1/100
|move|p1a: Hatterene|Mystical Fire|p2a: Aegislash
|-supereffective|p2a: Aegislash
|-damage|p2a: Aegislash|0 fnt
|-damage|p1a: Hatterene|0 fnt|[from] item: Life Orb
|faint|p2a: Aegislash
|faint|p1a: Hatterene
|
|-weather|SunnyDay|[upkeep]
|upkeep
|c|☆Zac3haryxx|wow ho did i survive that
|
|switch|p1a: Dragapult|Dragapult, M|100/100
|switch|p2a: Mamoswine|Mamoswine, F|100/100
|-damage|p1a: Dragapult|88/100|[from] Stealth Rock
|turn|11
|
|move|p2a: Mamoswine|Ice Shard|p1a: Dragapult
|-supereffective|p1a: Dragapult
|-damage|p1a: Dragapult|27/100
|move|p1a: Dragapult|Flamethrower|p2a: Mamoswine
|-supereffective|p2a: Mamoswine
|-enditem|p2a: Mamoswine|Focus Sash
|-damage|p2a: Mamoswine|1/100
|
|-weather|none
|upkeep
|turn|12
|
|switch|p2a: Drampa|Drampa, M|100/100
|switch|p1a: Ditto|Ditto|100/100
|-damage|p1a: Ditto|88/100|[from] Stealth Rock
|-transform|p1a: Ditto|p2a: Drampa|[from] ability: Imposter
|
|-fieldend|move: Electric Terrain
|upkeep
|turn|13
|inactive|Malanaki has 270 seconds left.
|c|☆Malanaki|What happened??
|c|☆Zac3haryxx|what do you mean
|inactive|Malanaki has 240 seconds left.
|
|switch|p1a: Mimikyu|Mimikyu, F|100/100
|-damage|p1a: Mimikyu|88/100|[from] Stealth Rock
|move|p2a: Drampa|Draco Meteor|p1a: Mimikyu
|-immune|p1a: Mimikyu
|
|-fieldend|move: Trick Room
|upkeep
|turn|14
|
|switch|p2a: Mamoswine|Mamoswine, F|1/100
|move|p1a: Mimikyu|Swords Dance|p1a: Mimikyu
|-boost|p1a: Mimikyu|atk|2
|
|upkeep
|turn|15
|
|move|p1a: Mimikyu|Shadow Sneak|p2a: Mamoswine
|-damage|p2a: Mamoswine|0 fnt
|-damage|p1a: Mimikyu|78/100|[from] item: Life Orb
|faint|p2a: Mamoswine
|
|upkeep
|
|switch|p2a: Pincurchin|Pincurchin, M|100/100
|-fieldstart|move: Electric Terrain|[from] ability: Electric Surge|[of] p2a: Pincurchin
|turn|16
|
|move|p1a: Mimikyu|Play Rough|p2a: Pincurchin
|-damage|p2a: Pincurchin|20/100
|-damage|p1a: Mimikyu|68/100|[from] item: Life Orb
|move|p2a: Pincurchin|Thunder Wave|p1a: Mimikyu
|-status|p1a: Mimikyu|par
|
|upkeep
|turn|17
|
|move|p1a: Mimikyu|Shadow Sneak|p2a: Pincurchin
|-damage|p2a: Pincurchin|0 fnt
|-damage|p1a: Mimikyu|58/100 par|[from] item: Life Orb
|faint|p2a: Pincurchin
|
|upkeep
|
|switch|p2a: Hawlucha|Hawlucha, M|100/100
|-enditem|p2a: Hawlucha|Electric Seed
|-boost|p2a: Hawlucha|def|1
|turn|18
|
|move|p2a: Hawlucha|Substitute|p2a: Hawlucha
|-start|p2a: Hawlucha|Substitute
|-damage|p2a: Hawlucha|76/100
|cant|p1a: Mimikyu|par
|
|upkeep
|turn|19
|
|move|p2a: Hawlucha|Acrobatics|p1a: Mimikyu
|-activate|p1a: Mimikyu|ability: Disguise
|-damage|p1a: Mimikyu|58/100 par
|detailschange|p1a: Mimikyu|Mimikyu-Busted, F
|-damage|p1a: Mimikyu|46/100 par|[from] ability: Disguise|[of] p1a: Mimikyu
|cant|p1a: Mimikyu|par
|
|upkeep
|turn|20
|
|move|p2a: Hawlucha|Swords Dance|p2a: Hawlucha
|-boost|p2a: Hawlucha|atk|2
|move|p1a: Mimikyu|Play Rough|p2a: Hawlucha
|-supereffective|p2a: Hawlucha
|-end|p2a: Hawlucha|Substitute
|-damage|p1a: Mimikyu|36/100 par|[from] item: Life Orb
|
|-fieldend|move: Electric Terrain
|upkeep
|turn|21
|
|move|p1a: Mimikyu|Shadow Sneak|p2a: Hawlucha
|-damage|p2a: Hawlucha|32/100
|-damage|p1a: Mimikyu|26/100 par|[from] item: Life Orb
|move|p2a: Hawlucha|Acrobatics|p1a: Mimikyu
|-damage|p1a: Mimikyu|0 fnt
|faint|p1a: Mimikyu
|
|upkeep
|
|switch|p1a: Dragapult|Dragapult, M|27/100
|-damage|p1a: Dragapult|15/100|[from] Stealth Rock
|turn|22
|
|move|p2a: Hawlucha|Acrobatics|p1a: Dragapult
|-damage|p1a: Dragapult|0 fnt
|faint|p1a: Dragapult
|
|upkeep
|
|switch|p1a: Ditto|Ditto|88/100
|-damage|p1a: Ditto|76/100|[from] Stealth Rock
|-transform|p1a: Ditto|p2a: Hawlucha|[from] ability: Imposter
|turn|23
|
|move|p2a: Hawlucha|Acrobatics|p1a: Ditto
|-supereffective|p1a: Ditto
|-damage|p1a: Ditto|0 fnt
|faint|p1a: Ditto
|
|upkeep
|
|switch|p1a: Copperajah|Copperajah, M|100/100
|-damage|p1a: Copperajah|94/100|[from] Stealth Rock
|turn|24
|
|move|p2a: Hawlucha|Close Combat|p1a: Copperajah
|-supereffective|p1a: Copperajah
|-crit|p1a: Copperajah
|-damage|p1a: Copperajah|0 fnt
|-unboost|p2a: Hawlucha|def|1
|-unboost|p2a: Hawlucha|spd|1
|faint|p1a: Copperajah
|
|upkeep
|
|switch|p1a: Gyarados|Gyarados, F|52/100
|turn|25
|
|move|p2a: Hawlucha|Acrobatics|p1a: Gyarados
|-damage|p1a: Gyarados|0 fnt
|faint|p1a: Gyarados
|
|win|Malanaki
|c|☆Zac3haryxx|gg
|l|☆Zac3haryxx
|c|☆Malanaki|Gg
