|ScrapeTime|2020-01-02-13:44:55
|j|☆SomewhatGoodGimmic
|j|☆Uncle rex
|player|p1|SomewhatGoodGimmic|cynthia|1211
|player|p2|Uncle rex|erika|1190
|teamsize|p1|6
|teamsize|p2|6
|gametype|singles
|gen|8
|tier|[Gen 8] OU
|rated|
|rule|Sleep Clause Mod: Limit one foe put to sleep
|rule|Species Clause: Limit one of each Pokémon
|rule|OHKO Clause: OHKO moves are banned
|rule|Evasion Moves Clause: Evasion moves are banned
|rule|Endless Battle Clause: Forcing endless battles is banned
|rule|HP Percentage Mod: HP is shown in percentages
|clearpoke
|poke|p1|Seismitoad, F|
|poke|p1|Dragapult, F|
|poke|p1|Tyranitar, F|
|poke|p1|Toxapex, F|
|poke|p1|Excadrill, F|
|poke|p1|Rotom-Heat|
|poke|p2|Dracovish|
|poke|p2|Appletun, F|
|poke|p2|Dugtrio, F|
|poke|p2|Quagsire, M|
|poke|p2|Rotom-Heat|
|poke|p2|Corviknight, F|
|rule|Dynamax Clause: You cannot dynamax
|teampreview
|c|☆SomewhatGoodGimmic|ay cool team
|c|☆SomewhatGoodGimmic|I love appletun and quag
|c|☆SomewhatGoodGimmic|been meaning to make a team with appletun myself
|
|start
|switch|p1a: Tyranitar|Tyranitar, F|100/100
|switch|p2a: Appletun|Appletun, F|100/100
|-weather|Sandstorm|[from] ability: Sand Stream|[of] p1a: Tyranitar
|turn|1
|
|switch|p1a: Rotom|Rotom-Heat|100/100
|move|p2a: Appletun|Leech Seed|p1a: Rotom
|-start|p1a: Rotom|move: Leech Seed
|
|-weather|Sandstorm|[upkeep]
|-damage|p1a: Rotom|94/100|[from] Sandstorm
|-damage|p2a: Appletun|94/100|[from] Sandstorm
|-heal|p2a: Appletun|100/100|[from] item: Leftovers
|-damage|p1a: Rotom|82/100|[from] Leech Seed|[of] p2a: Appletun
|upkeep
|turn|2
|
|move|p1a: Rotom|Volt Switch|p2a: Appletun
|-resisted|p2a: Appletun
|-damage|p2a: Appletun|93/100
|
|switch|p1a: Tyranitar|Tyranitar, F|100/100|[from]move: Volt Switch
|move|p2a: Appletun|Dragon Pulse|p1a: Tyranitar
|-damage|p1a: Tyranitar|89/100
|
|-weather|Sandstorm|[upkeep]
|-damage|p2a: Appletun|87/100|[from] Sandstorm
|-heal|p2a: Appletun|93/100|[from] item: Leftovers
|upkeep
|turn|3
|
|move|p1a: Tyranitar|Crunch|p2a: Appletun
|-damage|p2a: Appletun|60/100
|-unboost|p2a: Appletun|def|1
|move|p2a: Appletun|Leech Seed|p1a: Tyranitar
|-start|p1a: Tyranitar|move: Leech Seed
|
|-weather|Sandstorm|[upkeep]
|-damage|p2a: Appletun|54/100|[from] Sandstorm
|-heal|p2a: Appletun|60/100|[from] item: Leftovers
|-damage|p1a: Tyranitar|77/100|[from] Leech Seed|[of] p2a: Appletun
|-heal|p2a: Appletun|72/100|[silent]
|upkeep
|turn|4
|
|move|p1a: Tyranitar|Crunch|p2a: Appletun
|-damage|p2a: Appletun|21/100
|move|p2a: Appletun|Recover|p2a: Appletun
|-heal|p2a: Appletun|71/100
|
|-weather|Sandstorm|[upkeep]
|-damage|p2a: Appletun|65/100|[from] Sandstorm
|-heal|p2a: Appletun|71/100|[from] item: Leftovers
|-damage|p1a: Tyranitar|64/100|[from] Leech Seed|[of] p2a: Appletun
|-heal|p2a: Appletun|83/100|[silent]
|upkeep
|turn|5
|
|switch|p1a: Dragapult|Dragapult, F|100/100
|move|p2a: Appletun|Recover|p2a: Appletun
|-heal|p2a: Appletun|100/100
|
|-weather|none
|upkeep
|turn|6
|
|switch|p2a: Quagsire|Quagsire, M|100/100
|move|p1a: Dragapult|Substitute|p1a: Dragapult
|-start|p1a: Dragapult|Substitute
|-damage|p1a: Dragapult|76/100
|
|upkeep
|turn|7
|
|move|p1a: Dragapult|Dragon Darts|p2a: Quagsire
|-damage|p2a: Quagsire|77/100
|-damage|p2a: Quagsire|56/100
|-hitcount|p2a: Quagsire|2
|-damage|p1a: Dragapult|66/100|[from] item: Life Orb
|move|p2a: Quagsire|Earthquake|p1a: Dragapult
|-end|p1a: Dragapult|Substitute
|
|-heal|p2a: Quagsire|62/100|[from] item: Leftovers
|upkeep
|turn|8
|
|switch|p1a: Seismitoad|Seismitoad, F|100/100
|move|p2a: Quagsire|Earthquake|p1a: Seismitoad
|-damage|p1a: Seismitoad|79/100
|
|-heal|p1a: Seismitoad|86/100|[from] item: Leftovers
|-heal|p2a: Quagsire|68/100|[from] item: Leftovers
|upkeep
|turn|9
|
|switch|p2a: Appletun|Appletun, F|100/100
|move|p1a: Seismitoad|Toxic|p2a: Appletun
|-status|p2a: Appletun|tox
|
|-heal|p1a: Seismitoad|92/100|[from] item: Leftovers
|-damage|p2a: Appletun|94/100 tox|[from] psn
|upkeep
|turn|10
|
|move|p1a: Seismitoad|Protect|p1a: Seismitoad
|-singleturn|p1a: Seismitoad|Protect
|move|p2a: Appletun|Leech Seed|p1a: Seismitoad
|-activate|p1a: Seismitoad|move: Protect
|
|-heal|p1a: Seismitoad|98/100|[from] item: Leftovers
|-heal|p2a: Appletun|100/100 tox|[from] item: Leftovers
|-damage|p2a: Appletun|88/100 tox|[from] psn
|upkeep
|turn|11
|
|move|p1a: Seismitoad|Stealth Rock|p2a: Appletun
|-sidestart|p2: Uncle rex|move: Stealth Rock
|move|p2a: Appletun|Giga Drain|p1a: Seismitoad
|-supereffective|p1a: Seismitoad
|-damage|p1a: Seismitoad|0 fnt
|-heal|p2a: Appletun|100/100 tox|[from] drain|[of] p1a: Seismitoad
|faint|p1a: Seismitoad
|
|-damage|p2a: Appletun|82/100 tox|[from] psn
|upkeep
|
|switch|p1a: Dragapult|Dragapult, F|66/100
|turn|12
|
|move|p1a: Dragapult|Substitute|p1a: Dragapult
|-start|p1a: Dragapult|Substitute
|-damage|p1a: Dragapult|41/100
|move|p2a: Appletun|Dragon Pulse|p1a: Dragapult
|-supereffective|p1a: Dragapult
|-end|p1a: Dragapult|Substitute
|
|-heal|p2a: Appletun|88/100 tox|[from] item: Leftovers
|-damage|p2a: Appletun|64/100 tox|[from] psn
|upkeep
|turn|13
|inactive|Battle timer is ON: inactive players will automatically lose when time's up. (requested by Uncle rex)
|
|move|p1a: Dragapult|Dragon Darts|p2a: Appletun
|-supereffective|p2a: Appletun
|-damage|p2a: Appletun|23/100 tox
|-supereffective|p2a: Appletun
|-damage|p2a: Appletun|0 fnt
|-hitcount|p2a: Appletun|2
|-damage|p1a: Dragapult|31/100|[from] item: Life Orb
|faint|p2a: Appletun
|
|upkeep
|
|switch|p2a: Corviknight|Corviknight, F|100/100
|-damage|p2a: Corviknight|88/100|[from] Stealth Rock
|-ability|p2a: Corviknight|Pressure
|turn|14
|
|switch|p1a: Toxapex|Toxapex, F, shiny|100/100
|move|p2a: Corviknight|Bulk Up|p2a: Corviknight
|-boost|p2a: Corviknight|atk|1
|-boost|p2a: Corviknight|def|1
|
|-heal|p2a: Corviknight|94/100|[from] item: Leftovers
|upkeep
|turn|15
|
|move|p2a: Corviknight|Defog|p1a: Toxapex
|-unboost|p1a: Toxapex|evasion|1
|-sideend|p2: Uncle rex|Stealth Rock|[from] move: Defog|[of] p2a: Corviknight
|move|p1a: Toxapex|Scald|p2a: Corviknight
|-damage|p2a: Corviknight|83/100
|
|-heal|p2a: Corviknight|89/100|[from] item: Leftovers
|upkeep
|turn|16
|
|switch|p1a: Rotom|Rotom-Heat|82/100
|move|p2a: Corviknight|Bulk Up|p2a: Corviknight
|-boost|p2a: Corviknight|atk|1
|-boost|p2a: Corviknight|def|1
|
|-heal|p2a: Corviknight|95/100|[from] item: Leftovers
|upkeep
|turn|17
|
|switch|p2a: Quagsire|Quagsire, M|68/100
|move|p1a: Rotom|Overheat|p2a: Quagsire
|-resisted|p2a: Quagsire
|-damage|p2a: Quagsire|32/100
|-unboost|p1a: Rotom|spa|2
|
|-heal|p2a: Quagsire|38/100|[from] item: Leftovers
|upkeep
|turn|18
|
|switch|p1a: Toxapex|Toxapex, F, shiny|100/100
|move|p2a: Quagsire|Recover|p2a: Quagsire
|-heal|p2a: Quagsire|88/100
|
|-heal|p2a: Quagsire|94/100|[from] item: Leftovers
|upkeep
|turn|19
|
|switch|p2a: Corviknight|Corviknight, F|95/100
|-ability|p2a: Corviknight|Pressure
|switch|p1a: Rotom|Rotom-Heat|82/100
|
|-heal|p2a: Corviknight|100/100|[from] item: Leftovers
|upkeep
|turn|20
|
|switch|p2a: Dugtrio|Dugtrio, F|100/100
|move|p1a: Rotom|Trick|p2a: Dugtrio
|-activate|p1a: Rotom|move: Trick|[of] p2a: Dugtrio
|-item|p2a: Dugtrio|Choice Scarf|[from] move: Trick
|-item|p1a: Rotom|Focus Sash|[from] move: Trick
|
|upkeep
|turn|21
|
|switch|p1a: Toxapex|Toxapex, F, shiny|100/100
|move|p2a: Dugtrio|Reversal|p1a: Toxapex
|-resisted|p1a: Toxapex
|-damage|p1a: Toxapex|99/100
|
|-heal|p1a: Toxapex|100/100|[from] item: Black Sludge
|upkeep
|turn|22
|
|switch|p2a: Corviknight|Corviknight, F|100/100
|-ability|p2a: Corviknight|Pressure
|move|p1a: Toxapex|Scald|p2a: Corviknight
|-damage|p2a: Corviknight|90/100
|-status|p2a: Corviknight|brn
|
|-heal|p2a: Corviknight|96/100 brn|[from] item: Leftovers
|-damage|p2a: Corviknight|90/100 brn|[from] brn
|upkeep
|turn|23
|
|move|p1a: Toxapex|Baneful Bunker|p1a: Toxapex
|-singleturn|p1a: Toxapex|move: Protect
|move|p2a: Corviknight|Bulk Up|p2a: Corviknight
|-boost|p2a: Corviknight|atk|1
|-boost|p2a: Corviknight|def|1
|
|-heal|p2a: Corviknight|96/100 brn|[from] item: Leftovers
|-damage|p2a: Corviknight|90/100 brn|[from] brn
|upkeep
|turn|24
|
|move|p2a: Corviknight|Bulk Up|p2a: Corviknight
|-boost|p2a: Corviknight|atk|1
|-boost|p2a: Corviknight|def|1
|move|p1a: Toxapex|Haze|p1a: Toxapex
|-clearallboost
|
|-heal|p2a: Corviknight|96/100 brn|[from] item: Leftovers
|-damage|p2a: Corviknight|90/100 brn|[from] brn
|upkeep
|turn|25
|
|switch|p1a: Tyranitar|Tyranitar, F|64/100
|-weather|Sandstorm|[from] ability: Sand Stream|[of] p1a: Tyranitar
|move|p2a: Corviknight|Bulk Up|p2a: Corviknight
|-boost|p2a: Corviknight|atk|1
|-boost|p2a: Corviknight|def|1
|
|-weather|Sandstorm|[upkeep]
|-heal|p2a: Corviknight|96/100 brn|[from] item: Leftovers
|-damage|p2a: Corviknight|90/100 brn|[from] brn
|upkeep
|turn|26
|
|move|p2a: Corviknight|Brave Bird|p1a: Tyranitar
|-resisted|p1a: Tyranitar
|-damage|p1a: Tyranitar|53/100
|-damage|p2a: Corviknight|86/100 brn|[from] Recoil
|move|p1a: Tyranitar|Fire Punch|p2a: Corviknight
|-supereffective|p2a: Corviknight
|-damage|p2a: Corviknight|53/100 brn
|
|-weather|Sandstorm|[upkeep]
|-heal|p2a: Corviknight|60/100 brn|[from] item: Leftovers
|-damage|p2a: Corviknight|53/100 brn|[from] brn
|upkeep
|turn|27
|
|switch|p2a: Dugtrio|Dugtrio, F|100/100
|switch|p1a: Rotom|Rotom-Heat|82/100
|
|-weather|Sandstorm|[upkeep]
|-damage|p1a: Rotom|76/100|[from] Sandstorm
|upkeep
|turn|28
|
|move|p2a: Dugtrio|Reversal|p1a: Rotom
|-damage|p1a: Rotom|67/100
|move|p1a: Rotom|Will-O-Wisp|p2a: Dugtrio
|-status|p2a: Dugtrio|brn
|
|-weather|Sandstorm|[upkeep]
|-damage|p1a: Rotom|61/100|[from] Sandstorm
|-damage|p2a: Dugtrio|94/100 brn|[from] brn
|upkeep
|turn|29
|
|move|p2a: Dugtrio|Reversal|p1a: Rotom
|-damage|p1a: Rotom|57/100
|move|p1a: Rotom|Trick|p2a: Dugtrio
|-activate|p1a: Rotom|move: Trick|[of] p2a: Dugtrio
|-item|p2a: Dugtrio|Focus Sash|[from] move: Trick
|-item|p1a: Rotom|Choice Scarf|[from] move: Trick
|
|-weather|none
|-damage|p2a: Dugtrio|88/100 brn|[from] brn
|upkeep
|turn|30
|
|move|p1a: Rotom|Overheat|p2a: Dugtrio
|-damage|p2a: Dugtrio|0 fnt
|-unboost|p1a: Rotom|spa|2
|faint|p2a: Dugtrio
|
|upkeep
|
|switch|p2a: Dracovish|Dracovish|100/100
|turn|31
|
|switch|p1a: Toxapex|Toxapex, F, shiny|100/100
|move|p2a: Dracovish|Fishious Rend|p1a: Toxapex
|-resisted|p1a: Toxapex
|-damage|p1a: Toxapex|72/100
|
|-heal|p1a: Toxapex|78/100|[from] item: Black Sludge
|upkeep
|turn|32
|
|switch|p2a: Rotom|Rotom-Heat|100/100
|move|p1a: Toxapex|Baneful Bunker||[still]
|-fail|p1a: Toxapex
|
|-heal|p1a: Toxapex|85/100|[from] item: Black Sludge
|upkeep
|turn|33
|
|move|p1a: Toxapex|Baneful Bunker|p1a: Toxapex
|-singleturn|p1a: Toxapex|move: Protect
|move|p2a: Rotom|Volt Switch|p1a: Toxapex
|-activate|p1a: Toxapex|move: Protect
|
|-heal|p1a: Toxapex|91/100|[from] item: Black Sludge
|upkeep
|turn|34
|
|switch|p1a: Excadrill|Excadrill, F, shiny|100/100
|move|p2a: Rotom|Will-O-Wisp|p1a: Excadrill
|-status|p1a: Excadrill|brn
|
|-damage|p1a: Excadrill|94/100 brn|[from] brn
|upkeep
|turn|35
|
|move|p1a: Excadrill|Swords Dance|p1a: Excadrill
|-boost|p1a: Excadrill|atk|2
|move|p2a: Rotom|Hex|p1a: Excadrill
|-damage|p1a: Excadrill|33/100 brn
|
|-damage|p1a: Excadrill|27/100 brn|[from] brn
|upkeep
|turn|36
|
|move|p1a: Excadrill|Iron Head|p2a: Rotom
|-resisted|p2a: Rotom
|-damage|p2a: Rotom|87/100
|cant|p2a: Rotom|flinch
|
|-damage|p1a: Excadrill|20/100 brn|[from] brn
|upkeep
|turn|37
|
|move|p1a: Excadrill|Iron Head|p2a: Rotom
|-resisted|p2a: Rotom
|-damage|p2a: Rotom|75/100
|move|p2a: Rotom|Hex|p1a: Excadrill
|-damage|p1a: Excadrill|0 fnt
|faint|p1a: Excadrill
|
|upkeep
|
|switch|p1a: Toxapex|Toxapex, F, shiny|100/100
|turn|38
|
|move|p2a: Rotom|Will-O-Wisp|p1a: Toxapex
|-status|p1a: Toxapex|brn
|move|p1a: Toxapex|Scald|p2a: Rotom
|-supereffective|p2a: Rotom
|-damage|p2a: Rotom|41/100
|
|-damage|p1a: Toxapex|94/100 brn|[from] brn
|upkeep
|turn|39
|
|move|p2a: Rotom|Hex|p1a: Toxapex
|-damage|p1a: Toxapex|59/100 brn
|move|p1a: Toxapex|Scald|p2a: Rotom
|-supereffective|p2a: Rotom
|-crit|p2a: Rotom
|-damage|p2a: Rotom|0 fnt
|faint|p2a: Rotom
|
|-heal|p1a: Toxapex|65/100 brn|[from] item: Black Sludge
|-damage|p1a: Toxapex|59/100 brn|[from] brn
|upkeep
|
|switch|p2a: Quagsire|Quagsire, M|94/100
|turn|40
|
|move|p1a: Toxapex|Recover|p1a: Toxapex
|-heal|p1a: Toxapex|100/100 brn
|move|p2a: Quagsire|Earthquake|p1a: Toxapex
|-supereffective|p1a: Toxapex
|-damage|p1a: Toxapex|60/100 brn
|
|-heal|p1a: Toxapex|67/100 brn|[from] item: Black Sludge
|-heal|p2a: Quagsire|99/100|[from] item: Leftovers
|-damage|p1a: Toxapex|60/100 brn|[from] brn
|upkeep
|turn|41
|
|move|p2a: Quagsire|Earthquake|p1a: Toxapex
|-supereffective|p1a: Toxapex
|-damage|p1a: Toxapex|22/100 brn
|move|p1a: Toxapex|Scald|p2a: Quagsire
|-heal|p2a: Quagsire|100/100|[from] ability: Water Absorb|[of] p1a: Toxapex
|
|-heal|p1a: Toxapex|28/100 brn|[from] item: Black Sludge
|-damage|p1a: Toxapex|22/100 brn|[from] brn
|upkeep
|turn|42
|
|switch|p1a: Rotom|Rotom-Heat|57/100
|move|p2a: Quagsire|Earthquake|p1a: Rotom
|-immune|p1a: Rotom|[from] ability: Levitate
|
|upkeep
|turn|43
|
|move|p1a: Rotom|Will-O-Wisp|p2a: Quagsire
|-status|p2a: Quagsire|brn
|move|p2a: Quagsire|Waterfall|p1a: Rotom
|-supereffective|p1a: Rotom
|-damage|p1a: Rotom|27/100
|
|-damage|p2a: Quagsire|94/100 brn|[from] brn
|upkeep
|turn|44
|
|switch|p1a: Toxapex|Toxapex, F, shiny|55/100 brn
|move|p2a: Quagsire|Waterfall|p1a: Toxapex
|-resisted|p1a: Toxapex
|-damage|p1a: Toxapex|52/100 brn
|
|-heal|p2a: Quagsire|100/100 brn|[from] item: Leftovers
|-heal|p1a: Toxapex|58/100 brn|[from] item: Black Sludge
|-damage|p2a: Quagsire|94/100 brn|[from] brn
|-damage|p1a: Toxapex|52/100 brn|[from] brn
|upkeep
|turn|45
|
|move|p2a: Quagsire|Earthquake|p1a: Toxapex
|-supereffective|p1a: Toxapex
|-damage|p1a: Toxapex|33/100 brn
|move|p1a: Toxapex|Recover|p1a: Toxapex
|-heal|p1a: Toxapex|83/100 brn
|
|-heal|p2a: Quagsire|100/100 brn|[from] item: Leftovers
|-heal|p1a: Toxapex|89/100 brn|[from] item: Black Sludge
|-damage|p2a: Quagsire|94/100 brn|[from] brn
|-damage|p1a: Toxapex|83/100 brn|[from] brn
|upkeep
|turn|46
|
|move|p1a: Toxapex|Baneful Bunker|p1a: Toxapex
|-singleturn|p1a: Toxapex|move: Protect
|move|p2a: Quagsire|Earthquake|p1a: Toxapex
|-activate|p1a: Toxapex|move: Protect
|
|-heal|p2a: Quagsire|100/100 brn|[from] item: Leftovers
|-heal|p1a: Toxapex|89/100 brn|[from] item: Black Sludge
|-damage|p2a: Quagsire|94/100 brn|[from] brn
|-damage|p1a: Toxapex|83/100 brn|[from] brn
|upkeep
|turn|47
|
|move|p2a: Quagsire|Earthquake|p1a: Toxapex
|-supereffective|p1a: Toxapex
|-crit|p1a: Toxapex
|-damage|p1a: Toxapex|55/100 brn
|move|p1a: Toxapex|Haze|p1a: Toxapex
|-clearallboost
|
|-heal|p2a: Quagsire|100/100 brn|[from] item: Leftovers
|-heal|p1a: Toxapex|61/100 brn|[from] item: Black Sludge
|-damage|p2a: Quagsire|94/100 brn|[from] brn
|-damage|p1a: Toxapex|55/100 brn|[from] brn
|upkeep
|turn|48
|
|switch|p2a: Dracovish|Dracovish|100/100
|move|p1a: Toxapex|Recover|p1a: Toxapex
|-heal|p1a: Toxapex|100/100 brn
|
|-damage|p1a: Toxapex|94/100 brn|[from] brn
|upkeep
|turn|49
|
|move|p1a: Toxapex|Baneful Bunker|p1a: Toxapex
|-singleturn|p1a: Toxapex|move: Protect
|move|p2a: Dracovish|Psychic Fangs|p1a: Toxapex
|-activate|p1a: Toxapex|move: Protect
|-status|p2a: Dracovish|psn
|
|-heal|p1a: Toxapex|100/100 brn|[from] item: Black Sludge
|-damage|p2a: Dracovish|88/100 psn|[from] psn
|-damage|p1a: Toxapex|94/100 brn|[from] brn
|upkeep
|turn|50
|-message|Uncle rex forfeited.
|
|win|SomewhatGoodGimmic
|l|☆Uncle rex
|raw|SomewhatGoodGimmic's rating: 1211 → 1235(+24 for winning)
|raw|Uncle rex's rating: 1190 → 1167(-23 for losing)
