|ScrapeTime|2020-01-01-11:05:51
|j|☆Darkwicket
|j|☆thegamingAC130
|player|p1|Darkwicket|101|1291
|player|p2|thegamingAC130|170|1249
|teamsize|p1|6
|teamsize|p2|6
|gametype|singles
|gen|8
|tier|[Gen 8] OU
|rated|
|rule|Sleep Clause Mod: Limit one foe put to sleep
|rule|Species Clause: Limit one of each Pokémon
|rule|OHKO Clause: OHKO moves are banned
|rule|Evasion Moves Clause: Evasion moves are banned
|rule|Endless Battle Clause: Forcing endless battles is banned
|rule|HP Percentage Mod: HP is shown in percentages
|clearpoke
|poke|p1|Conkeldurr, M|
|poke|p1|Cinderace, F|
|poke|p1|Mandibuzz, F|
|poke|p1|Dugtrio, M|
|poke|p1|Mimikyu, F|
|poke|p1|Rotom-Wash|
|poke|p2|Mandibuzz, F|
|poke|p2|Clefable, F|
|poke|p2|Seismitoad, F|
|poke|p2|Dragapult, F|
|poke|p2|Centiskorch, M|
|poke|p2|Excadrill, F|
|rule|Dynamax Clause: You cannot dynamax
|teampreview
|inactive|Battle timer is ON: inactive players will automatically lose when time's up. (requested by Darkwicket)
|
|start
|switch|p1a: Rotom|Rotom-Wash|100/100
|switch|p2a: Seismitoad|Seismitoad, F|100/100
|turn|1
|
|move|p1a: Rotom|Trick|p2a: Seismitoad
|-activate|p1a: Rotom|move: Trick|[of] p2a: Seismitoad
|-item|p2a: Seismitoad|Choice Scarf|[from] move: Trick
|-item|p1a: Rotom|Leftovers|[from] move: Trick
|move|p2a: Seismitoad|Toxic|p1a: Rotom
|-status|p1a: Rotom|tox
|
|-damage|p1a: Rotom|95/100 tox|[from] psn
|upkeep
|turn|2
|
|move|p1a: Rotom|Volt Switch|p2a: Seismitoad
|-immune|p2a: Seismitoad
|move|p2a: Seismitoad|Toxic|p1a: Rotom
|-fail|p1a: Rotom|tox
|
|-heal|p1a: Rotom|100/100 tox|[from] item: Leftovers
|-damage|p1a: Rotom|89/100 tox|[from] psn
|upkeep
|turn|3
|
|switch|p2a: Excadrill|Excadrill, F|100/100
|-ability|p2a: Excadrill|Mold Breaker
|move|p1a: Rotom|Volt Switch|p2a: Excadrill
|-immune|p2a: Excadrill
|
|-heal|p1a: Rotom|95/100 tox|[from] item: Leftovers
|-damage|p1a: Rotom|77/100 tox|[from] psn
|upkeep
|turn|4
|
|switch|p1a: Cinderace|Cinderace, F|100/100
|move|p2a: Excadrill|Rock Slide|p1a: Cinderace
|-supereffective|p1a: Cinderace
|-crit|p1a: Cinderace
|-damage|p1a: Cinderace|0 fnt
|-damage|p2a: Excadrill|91/100|[from] item: Life Orb
|faint|p1a: Cinderace
|
|upkeep
|
|switch|p1a: Conkeldurr|Conkeldurr, M|100/100
|turn|5
|
|switch|p2a: Dragapult|Dragapult, F|100/100
|move|p1a: Conkeldurr|Earthquake|p2a: Dragapult
|-damage|p2a: Dragapult|51/100
|
|-heal|p2a: Dragapult|57/100|[from] item: Leftovers
|-status|p1a: Conkeldurr|brn|[from] item: Flame Orb
|upkeep
|turn|6
|
|move|p2a: Dragapult|Disable|p1a: Conkeldurr
|-start|p1a: Conkeldurr|Disable|Earthquake
|cant|p1a: Conkeldurr|Disable|Earthquake
|
|-heal|p2a: Dragapult|63/100|[from] item: Leftovers
|-damage|p1a: Conkeldurr|94/100 brn|[from] brn
|upkeep
|turn|7
|
|move|p2a: Dragapult|Substitute|p2a: Dragapult
|-start|p2a: Dragapult|Substitute
|-damage|p2a: Dragapult|38/100
|move|p1a: Conkeldurr|Thunder Punch|p2a: Dragapult
|-resisted|p2a: Dragapult
|-end|p2a: Dragapult|Substitute
|
|-heal|p2a: Dragapult|44/100|[from] item: Leftovers
|-damage|p1a: Conkeldurr|88/100 brn|[from] brn
|upkeep
|turn|8
|
|move|p2a: Dragapult|Hex|p1a: Conkeldurr
|-damage|p1a: Conkeldurr|30/100 brn
|move|p1a: Conkeldurr|Thunder Punch|p2a: Dragapult
|-resisted|p2a: Dragapult
|-damage|p2a: Dragapult|17/100
|
|-heal|p2a: Dragapult|23/100|[from] item: Leftovers
|-damage|p1a: Conkeldurr|24/100 brn|[from] brn
|upkeep
|turn|9
|
|switch|p2a: Seismitoad|Seismitoad, F|100/100
|move|p1a: Conkeldurr|Thunder Punch|p2a: Seismitoad
|-immune|p2a: Seismitoad
|
|-damage|p1a: Conkeldurr|18/100 brn|[from] brn
|-end|p1a: Conkeldurr|Disable
|upkeep
|turn|10
|
|move|p2a: Seismitoad|Scald|p1a: Conkeldurr
|-damage|p1a: Conkeldurr|0 fnt
|faint|p1a: Conkeldurr
|
|upkeep
|
|switch|p1a: Mimikyu|Mimikyu, F|100/100
|turn|11
|
|move|p1a: Mimikyu|Swords Dance|p1a: Mimikyu
|-boost|p1a: Mimikyu|atk|2
|move|p2a: Seismitoad|Scald|p1a: Mimikyu
|-activate|p1a: Mimikyu|ability: Disguise
|-damage|p1a: Mimikyu|100/100
|-status|p1a: Mimikyu|brn
|detailschange|p1a: Mimikyu|Mimikyu-Busted, F
|-damage|p1a: Mimikyu|88/100 brn|[from] ability: Disguise|[of] p1a: Mimikyu
|
|-damage|p1a: Mimikyu|82/100 brn|[from] brn
|upkeep
|turn|12
|
|move|p1a: Mimikyu|Swords Dance|p1a: Mimikyu
|-boost|p1a: Mimikyu|atk|2
|move|p2a: Seismitoad|Scald|p1a: Mimikyu
|-damage|p1a: Mimikyu|53/100 brn
|
|-damage|p1a: Mimikyu|47/100 brn|[from] brn
|upkeep
|turn|13
|
|move|p1a: Mimikyu|Play Rough|p2a: Seismitoad
|-damage|p2a: Seismitoad|47/100
|-unboost|p2a: Seismitoad|atk|1
|-damage|p1a: Mimikyu|37/100 brn|[from] item: Life Orb
|move|p2a: Seismitoad|Scald|p1a: Mimikyu
|-damage|p1a: Mimikyu|6/100 brn
|
|-damage|p1a: Mimikyu|0 fnt|[from] brn
|faint|p1a: Mimikyu
|upkeep
|
|switch|p1a: Dugtrio|Dugtrio, M|100/100
|turn|14
|
|move|p1a: Dugtrio|Earthquake|p2a: Seismitoad
|-damage|p2a: Seismitoad|15/100
|move|p2a: Seismitoad|Scald|p1a: Dugtrio
|-supereffective|p1a: Dugtrio
|-enditem|p1a: Dugtrio|Focus Sash
|-damage|p1a: Dugtrio|1/100
|
|upkeep
|turn|15
|
|move|p1a: Dugtrio|Reversal|p2a: Seismitoad
|-damage|p2a: Seismitoad|0 fnt
|faint|p2a: Seismitoad
|
|upkeep
|
|switch|p2a: Dragapult|Dragapult, F|23/100
|turn|16
|
|move|p1a: Dugtrio|Sucker Punch||[still]
|-fail|p1a: Dugtrio
|move|p2a: Dragapult|Disable|p1a: Dugtrio
|-start|p1a: Dugtrio|Disable|Sucker Punch
|
|-heal|p2a: Dragapult|29/100|[from] item: Leftovers
|upkeep
|turn|17
|
|move|p2a: Dragapult|Hex|p1a: Dugtrio
|-damage|p1a: Dugtrio|0 fnt
|faint|p1a: Dugtrio
|
|-heal|p2a: Dragapult|35/100|[from] item: Leftovers
|upkeep
|
|switch|p1a: Rotom|Rotom-Wash|77/100 tox
|turn|18
|
|move|p2a: Dragapult|Substitute|p2a: Dragapult
|-start|p2a: Dragapult|Substitute
|-damage|p2a: Dragapult|10/100
|move|p1a: Rotom|Thunder Wave||[still]
|-fail|p1a: Rotom
|
|-heal|p2a: Dragapult|17/100|[from] item: Leftovers
|-heal|p1a: Rotom|83/100 tox|[from] item: Leftovers
|-damage|p1a: Rotom|77/100 tox|[from] psn
|upkeep
|turn|19
|
|move|p2a: Dragapult|Hex|p1a: Rotom
|-damage|p1a: Rotom|19/100 tox
|move|p1a: Rotom|Hydro Pump|p2a: Dragapult
|-resisted|p2a: Dragapult
|-end|p2a: Dragapult|Substitute
|
|-heal|p2a: Dragapult|23/100|[from] item: Leftovers
|-heal|p1a: Rotom|25/100 tox|[from] item: Leftovers
|-damage|p1a: Rotom|13/100 tox|[from] psn
|upkeep
|turn|20
|
|move|p2a: Dragapult|Hex|p1a: Rotom
|-damage|p1a: Rotom|0 fnt
|faint|p1a: Rotom
|
|-heal|p2a: Dragapult|29/100|[from] item: Leftovers
|upkeep
|
|switch|p1a: Mandibuzz|Mandibuzz, F|100/100
|turn|21
|
|switch|p2a: Clefable|Clefable, F|100/100
|move|p1a: Mandibuzz|Knock Off|p2a: Clefable
|-resisted|p2a: Clefable
|-damage|p2a: Clefable|86/100
|-enditem|p2a: Clefable|Life Orb|[from] move: Knock Off|[of] p1a: Mandibuzz
|
|upkeep
|turn|22
|
|move|p1a: Mandibuzz|Taunt|p2a: Clefable
|-start|p2a: Clefable|move: Taunt
|move|p2a: Clefable|Moonblast|p1a: Mandibuzz
|-supereffective|p1a: Mandibuzz
|-damage|p1a: Mandibuzz|52/100
|-unboost|p1a: Mandibuzz|spa|1
|
|upkeep
|turn|23
|
|move|p1a: Mandibuzz|Knock Off|p2a: Clefable
|-resisted|p2a: Clefable
|-damage|p2a: Clefable|77/100
|move|p2a: Clefable|Moonblast|p1a: Mandibuzz
|-supereffective|p1a: Mandibuzz
|-damage|p1a: Mandibuzz|0 fnt
|faint|p1a: Mandibuzz
|
|win|thegamingAC130
|raw|Darkwicket's rating: 1291 → 1263(-28 for losing)
|raw|thegamingAC130's rating: 1249 → 1277(+28 for winning)
|l|☆Darkwicket
