|ScrapeTime|2020-01-01-05:55:11
|j|☆Gakki520
|j|☆foovian
|player|p1|Gakki520|pokemonrangerf-gen4|1127
|player|p2|foovian|102|1182
|teamsize|p1|6
|teamsize|p2|6
|gametype|singles
|gen|8
|tier|[Gen 8] OU
|rated|
|rule|Sleep Clause Mod: Limit one foe put to sleep
|rule|Species Clause: Limit one of each Pokémon
|rule|OHKO Clause: OHKO moves are banned
|rule|Evasion Moves Clause: Evasion moves are banned
|rule|Endless Battle Clause: Forcing endless battles is banned
|rule|HP Percentage Mod: HP is shown in percentages
|clearpoke
|poke|p1|Vaporeon, M|
|poke|p1|Dugtrio, F|
|poke|p1|Tyranitar, F|
|poke|p1|Toxapex, M|
|poke|p1|Corviknight, M|
|poke|p1|Corsola-Galar, F|
|poke|p2|Dragapult, M|
|poke|p2|Dracovish|
|poke|p2|Pelipper, F|
|poke|p2|Morpeko, M|
|poke|p2|Excadrill, F|
|poke|p2|Hippowdon, F|
|rule|Dynamax Clause: You cannot dynamax
|teampreview
|
|start
|switch|p1a: Toxapex|Toxapex, M|100/100
|switch|p2a: Dragapult|Dragapult, M|100/100
|turn|1
|
|switch|p1a: Tyranitar|Tyranitar, F|100/100
|-weather|Sandstorm|[from] ability: Sand Stream|[of] p1a: Tyranitar
|move|p2a: Dragapult|Hex|p1a: Tyranitar
|-resisted|p1a: Tyranitar
|-damage|p1a: Tyranitar|95/100
|
|-weather|Sandstorm|[upkeep]
|-damage|p2a: Dragapult|94/100|[from] Sandstorm
|-heal|p2a: Dragapult|100/100|[from] item: Leftovers
|upkeep
|turn|2
|
|move|p2a: Dragapult|Will-O-Wisp|p1a: Tyranitar
|-status|p1a: Tyranitar|brn
|move|p1a: Tyranitar|Crunch|p2a: Dragapult
|-supereffective|p2a: Dragapult
|-damage|p2a: Dragapult|49/100
|-start|p1a: Tyranitar|Disable|Crunch|[from] ability: Cursed Body|[of] p2a: Dragapult
|
|-weather|Sandstorm|[upkeep]
|-damage|p2a: Dragapult|43/100|[from] Sandstorm
|-heal|p2a: Dragapult|49/100|[from] item: Leftovers
|-damage|p1a: Tyranitar|88/100 brn|[from] brn
|upkeep
|turn|3
|
|move|p2a: Dragapult|Flamethrower|p1a: Tyranitar
|-resisted|p1a: Tyranitar
|-damage|p1a: Tyranitar|83/100 brn
|move|p1a: Tyranitar|Avalanche|p2a: Dragapult
|-supereffective|p2a: Dragapult
|-damage|p2a: Dragapult|0 fnt
|faint|p2a: Dragapult
|
|-weather|Sandstorm|[upkeep]
|-damage|p1a: Tyranitar|76/100 brn|[from] brn
|upkeep
|
|switch|p2a: Excadrill|Excadrill, F|100/100
|turn|4
|
|switch|p1a: Corsola|Corsola-Galar, F|100/100
|move|p2a: Excadrill|Stealth Rock|p1a: Corsola
|-sidestart|p1: Gakki520|move: Stealth Rock
|
|-weather|Sandstorm|[upkeep]
|-damage|p1a: Corsola|94/100|[from] Sandstorm
|upkeep
|turn|5
|
|move|p2a: Excadrill|Earthquake|p1a: Corsola
|-damage|p1a: Corsola|52/100
|-start|p2a: Excadrill|Disable|Earthquake|[from] ability: Cursed Body|[of] p1a: Corsola
|-damage|p2a: Excadrill|91/100|[from] item: Life Orb
|move|p1a: Corsola|Will-O-Wisp|p2a: Excadrill
|-status|p2a: Excadrill|brn
|
|-weather|none
|-damage|p2a: Excadrill|84/100 brn|[from] brn
|upkeep
|turn|6
|
|move|p2a: Excadrill|Iron Head|p1a: Corsola
|-damage|p1a: Corsola|35/100
|-damage|p2a: Excadrill|75/100 brn|[from] item: Life Orb
|move|p1a: Corsola|Strength Sap|p2a: Excadrill
|-unboost|p2a: Excadrill|atk|1
|-heal|p1a: Corsola|100/100
|
|-damage|p2a: Excadrill|68/100 brn|[from] brn
|upkeep
|turn|7
|
|switch|p2a: Pelipper|Pelipper, F|100/100
|-weather|RainDance|[from] ability: Drizzle|[of] p2a: Pelipper
|move|p1a: Corsola|Night Shade|p2a: Pelipper
|-damage|p2a: Pelipper|70/100
|
|-weather|RainDance|[upkeep]
|upkeep
|turn|8
|
|move|p2a: Pelipper|Scald|p1a: Corsola
|-damage|p1a: Corsola|52/100
|-damage|p2a: Pelipper|60/100|[from] item: Life Orb
|move|p1a: Corsola|Strength Sap|p2a: Pelipper
|-unboost|p2a: Pelipper|atk|1
|-heal|p1a: Corsola|81/100
|
|-weather|RainDance|[upkeep]
|upkeep
|turn|9
|
|switch|p1a: Tyranitar|Tyranitar, F|76/100 brn
|-damage|p1a: Tyranitar|64/100 brn|[from] Stealth Rock
|-weather|Sandstorm|[from] ability: Sand Stream|[of] p1a: Tyranitar
|move|p2a: Pelipper|Roost|p2a: Pelipper
|-heal|p2a: Pelipper|100/100
|-singleturn|p2a: Pelipper|move: Roost
|
|-weather|Sandstorm|[upkeep]
|-damage|p2a: Pelipper|94/100|[from] Sandstorm
|-damage|p1a: Tyranitar|58/100 brn|[from] brn
|upkeep
|turn|10
|
|switch|p1a: Vaporeon|Vaporeon, M|100/100
|-damage|p1a: Vaporeon|88/100|[from] Stealth Rock
|move|p2a: Pelipper|Scald|p1a: Vaporeon
|-heal|p1a: Vaporeon|100/100|[from] ability: Water Absorb|[of] p2a: Pelipper
|
|-weather|Sandstorm|[upkeep]
|-damage|p2a: Pelipper|88/100|[from] Sandstorm
|-damage|p1a: Vaporeon|94/100|[from] Sandstorm
|-heal|p1a: Vaporeon|100/100|[from] item: Leftovers
|upkeep
|turn|11
|
|move|p2a: Pelipper|Hurricane|p1a: Vaporeon
|-damage|p1a: Vaporeon|51/100
|-damage|p2a: Pelipper|78/100|[from] item: Life Orb
|move|p1a: Vaporeon|Wish|p1a: Vaporeon
|
|-weather|Sandstorm|[upkeep]
|-damage|p2a: Pelipper|72/100|[from] Sandstorm
|-damage|p1a: Vaporeon|44/100|[from] Sandstorm
|-heal|p1a: Vaporeon|51/100|[from] item: Leftovers
|upkeep
|turn|12
|
|move|p1a: Vaporeon|Protect|p1a: Vaporeon
|-singleturn|p1a: Vaporeon|Protect
|move|p2a: Pelipper|Hurricane|p1a: Vaporeon
|-activate|p1a: Vaporeon|move: Protect
|
|-weather|Sandstorm|[upkeep]
|-damage|p2a: Pelipper|66/100|[from] Sandstorm
|-damage|p1a: Vaporeon|44/100|[from] Sandstorm
|-heal|p1a: Vaporeon|94/100|[from] move: Wish|[wisher] Vaporeon
|-heal|p1a: Vaporeon|100/100|[from] item: Leftovers
|upkeep
|turn|13
|inactive|Battle timer is ON: inactive players will automatically lose when time's up. (requested by Gakki520)
|inactive|foovian has 120 seconds left.
|inactive|foovian has 90 seconds left.
|
|switch|p1a: Toxapex|Toxapex, M|100/100
|-damage|p1a: Toxapex|88/100|[from] Stealth Rock
|move|p2a: Pelipper|Hurricane|p1a: Toxapex|[miss]
|-miss|p2a: Pelipper|p1a: Toxapex
|
|-weather|none
|-heal|p1a: Toxapex|94/100|[from] item: Black Sludge
|upkeep
|turn|14
|
|move|p2a: Pelipper|Hurricane|p1a: Toxapex
|-damage|p1a: Toxapex|55/100
|-damage|p2a: Pelipper|56/100|[from] item: Life Orb
|move|p1a: Toxapex|Toxic|p2a: Pelipper
|-status|p2a: Pelipper|tox
|
|-heal|p1a: Toxapex|62/100|[from] item: Black Sludge
|-damage|p2a: Pelipper|50/100 tox|[from] psn
|upkeep
|turn|15
|
|move|p2a: Pelipper|Hurricane|p1a: Toxapex|[miss]
|-miss|p2a: Pelipper|p1a: Toxapex
|move|p1a: Toxapex|Recover|p1a: Toxapex
|-heal|p1a: Toxapex|100/100
|
|-damage|p2a: Pelipper|38/100 tox|[from] psn
|upkeep
|turn|16
|
|move|p2a: Pelipper|Roost|p2a: Pelipper
|-heal|p2a: Pelipper|88/100 tox
|-singleturn|p2a: Pelipper|move: Roost
|move|p1a: Toxapex|Scald|p2a: Pelipper
|-resisted|p2a: Pelipper
|-damage|p2a: Pelipper|75/100 tox
|
|-damage|p2a: Pelipper|57/100 tox|[from] psn
|upkeep
|turn|17
|
|move|p2a: Pelipper|Roost|p2a: Pelipper
|-heal|p2a: Pelipper|100/100 tox
|-singleturn|p2a: Pelipper|move: Roost
|move|p1a: Toxapex|Toxic|p2a: Pelipper
|-fail|p2a: Pelipper|tox
|
|-damage|p2a: Pelipper|76/100 tox|[from] psn
|upkeep
|turn|18
|
|switch|p2a: Excadrill|Excadrill, F|68/100 brn
|move|p1a: Toxapex|Toxic||[still]
|-fail|p1a: Toxapex
|
|-damage|p2a: Excadrill|62/100 brn|[from] brn
|upkeep
|turn|19
|
|switch|p1a: Corsola|Corsola-Galar, F|81/100
|-damage|p1a: Corsola|69/100|[from] Stealth Rock
|move|p2a: Excadrill|Stealth Rock||[still]
|-fail|p2a: Excadrill
|
|-damage|p2a: Excadrill|56/100 brn|[from] brn
|upkeep
|turn|20
|
|move|p2a: Excadrill|Earthquake|p1a: Corsola
|-damage|p1a: Corsola|50/100
|-damage|p2a: Excadrill|46/100 brn|[from] item: Life Orb
|move|p1a: Corsola|Strength Sap|p2a: Excadrill
|-unboost|p2a: Excadrill|atk|1
|-heal|p1a: Corsola|100/100
|
|-damage|p2a: Excadrill|40/100 brn|[from] brn
|upkeep
|turn|21
|
|switch|p2a: Pelipper|Pelipper, F|76/100 tox
|-weather|RainDance|[from] ability: Drizzle|[of] p2a: Pelipper
|move|p1a: Corsola|Stealth Rock|p2a: Pelipper
|-sidestart|p2: foovian|move: Stealth Rock
|
|-weather|RainDance|[upkeep]
|-damage|p2a: Pelipper|70/100 tox|[from] psn
|upkeep
|turn|22
|
|switch|p1a: Tyranitar|Tyranitar, F|58/100 brn
|-damage|p1a: Tyranitar|46/100 brn|[from] Stealth Rock
|-weather|Sandstorm|[from] ability: Sand Stream|[of] p1a: Tyranitar
|move|p2a: Pelipper|Scald|p1a: Tyranitar
|-supereffective|p1a: Tyranitar
|-damage|p1a: Tyranitar|7/100 brn
|-damage|p2a: Pelipper|60/100 tox|[from] item: Life Orb
|
|-weather|Sandstorm|[upkeep]
|-damage|p2a: Pelipper|54/100 tox|[from] Sandstorm
|-damage|p2a: Pelipper|41/100 tox|[from] psn
|-damage|p1a: Tyranitar|1/100 brn|[from] brn
|upkeep
|turn|23
|
|switch|p1a: Corviknight|Corviknight, M|100/100
|-damage|p1a: Corviknight|88/100|[from] Stealth Rock
|-ability|p1a: Corviknight|Pressure
|move|p2a: Pelipper|Roost|p2a: Pelipper
|-heal|p2a: Pelipper|91/100 tox
|-singleturn|p2a: Pelipper|move: Roost
|
|-weather|Sandstorm|[upkeep]
|-damage|p2a: Pelipper|85/100 tox|[from] Sandstorm
|-heal|p1a: Corviknight|94/100|[from] item: Leftovers
|-damage|p2a: Pelipper|67/100 tox|[from] psn
|upkeep
|turn|24
|
|move|p1a: Corviknight|Defog|p2a: Pelipper
|-unboost|p2a: Pelipper|evasion|1
|-sideend|p2: foovian|Stealth Rock|[from] move: Defog|[of] p1a: Corviknight
|-sideend|p1: Gakki520|Stealth Rock|[from] move: Defog|[of] p1a: Corviknight
|move|p2a: Pelipper|Roost|p2a: Pelipper
|-heal|p2a: Pelipper|100/100 tox
|-singleturn|p2a: Pelipper|move: Roost
|
|-weather|Sandstorm|[upkeep]
|-damage|p2a: Pelipper|94/100 tox|[from] Sandstorm
|-heal|p1a: Corviknight|100/100|[from] item: Leftovers
|-damage|p2a: Pelipper|70/100 tox|[from] psn
|upkeep
|turn|25
|
|switch|p2a: Hippowdon|Hippowdon, F, shiny|100/100
|move|p1a: Corviknight|Body Press|p2a: Hippowdon
|-damage|p2a: Hippowdon|89/100
|
|-weather|Sandstorm|[upkeep]
|-heal|p2a: Hippowdon|95/100|[from] item: Leftovers
|upkeep
|turn|26
|
|move|p1a: Corviknight|U-turn|p2a: Hippowdon
|-damage|p2a: Hippowdon|87/100
|
|switch|p1a: Toxapex|Toxapex, M|100/100|[from]move: U-turn
|move|p2a: Hippowdon|Whirlwind|p1a: Toxapex
|drag|p1a: Corviknight|Corviknight, M|100/100
|-ability|p1a: Corviknight|Pressure
|
|-weather|none
|-heal|p2a: Hippowdon|93/100|[from] item: Leftovers
|upkeep
|turn|27
|
|move|p1a: Corviknight|U-turn|p2a: Hippowdon
|-damage|p2a: Hippowdon|84/100
|
|switch|p1a: Corsola|Corsola-Galar, F|100/100|[from]move: U-turn
|move|p2a: Hippowdon|Earthquake|p1a: Corsola
|-damage|p1a: Corsola|80/100
|
|-heal|p2a: Hippowdon|90/100|[from] item: Leftovers
|upkeep
|turn|28
|
|switch|p2a: Pelipper|Pelipper, F|70/100 tox
|-weather|RainDance|[from] ability: Drizzle|[of] p2a: Pelipper
|move|p1a: Corsola|Stealth Rock|p2a: Pelipper
|-sidestart|p2: foovian|move: Stealth Rock
|
|-weather|RainDance|[upkeep]
|-damage|p2a: Pelipper|63/100 tox|[from] psn
|upkeep
|turn|29
|
|switch|p1a: Toxapex|Toxapex, M|100/100
|move|p2a: Pelipper|Scald|p1a: Toxapex
|-resisted|p1a: Toxapex
|-damage|p1a: Toxapex|77/100
|-damage|p2a: Pelipper|54/100 tox|[from] item: Life Orb
|
|-weather|RainDance|[upkeep]
|-heal|p1a: Toxapex|84/100|[from] item: Black Sludge
|-damage|p2a: Pelipper|41/100 tox|[from] psn
|upkeep
|turn|30
|
|switch|p1a: Corviknight|Corviknight, M|100/100
|-ability|p1a: Corviknight|Pressure
|move|p2a: Pelipper|Roost|p2a: Pelipper
|-heal|p2a: Pelipper|91/100 tox
|-singleturn|p2a: Pelipper|move: Roost
|
|-weather|RainDance|[upkeep]
|-damage|p2a: Pelipper|73/100 tox|[from] psn
|upkeep
|turn|31
|inactive|foovian has 120 seconds left.
|inactive|foovian has 90 seconds left.
|
|move|p1a: Corviknight|U-turn|p2a: Pelipper
|-resisted|p2a: Pelipper
|-damage|p2a: Pelipper|65/100 tox
|
|switch|p1a: Toxapex|Toxapex, M|100/100|[from]move: U-turn
|move|p2a: Pelipper|Roost|p2a: Pelipper
|-heal|p2a: Pelipper|100/100 tox
|-singleturn|p2a: Pelipper|move: Roost
|
|-weather|RainDance|[upkeep]
|-damage|p2a: Pelipper|76/100 tox|[from] psn
|upkeep
|turn|32
|
|switch|p2a: Morpeko|Morpeko, M|100/100
|-damage|p2a: Morpeko|88/100|[from] Stealth Rock
|move|p1a: Toxapex|Scald|p2a: Morpeko
|-damage|p2a: Morpeko|38/100
|
|-weather|none
|-formechange|p2a: Morpeko|Morpeko-Hangry||[from] ability: Hunger Switch
|upkeep
|turn|33
|inactive|foovian has 90 seconds left.
|
|switch|p1a: Dugtrio|Dugtrio, F|100/100
|move|p2a: Morpeko|Aura Wheel|p1a: Dugtrio
|-enditem|p1a: Dugtrio|Focus Sash
|-damage|p1a: Dugtrio|1/100
|-boost|p2a: Morpeko|spe|1
|
|-formechange|p2a: Morpeko|Morpeko||[from] ability: Hunger Switch
|upkeep
|turn|34
|
|move|p2a: Morpeko|Aura Wheel|p1a: Dugtrio
|-immune|p1a: Dugtrio
|move|p1a: Dugtrio|Earthquake|p2a: Morpeko
|-supereffective|p2a: Morpeko
|-damage|p2a: Morpeko|0 fnt
|faint|p2a: Morpeko
|
|upkeep
|inactive|foovian has 90 seconds left.
|
|switch|p2a: Excadrill|Excadrill, F|40/100 brn
|-damage|p2a: Excadrill|37/100 brn|[from] Stealth Rock
|turn|35
|
|move|p1a: Dugtrio|Earthquake|p2a: Excadrill
|-supereffective|p2a: Excadrill
|-damage|p2a: Excadrill|0 fnt
|faint|p2a: Excadrill
|
|upkeep
|
|switch|p2a: Pelipper|Pelipper, F|76/100 tox
|-damage|p2a: Pelipper|51/100 tox|[from] Stealth Rock
|-weather|RainDance|[from] ability: Drizzle|[of] p2a: Pelipper
|turn|36
|
|move|p1a: Dugtrio|Stone Edge|p2a: Pelipper
|-supereffective|p2a: Pelipper
|-damage|p2a: Pelipper|0 fnt
|faint|p2a: Pelipper
|
|-weather|RainDance|[upkeep]
|upkeep
|
|switch|p2a: Dracovish|Dracovish|100/100
|-damage|p2a: Dracovish|88/100|[from] Stealth Rock
|turn|37
|
|move|p1a: Dugtrio|Sucker Punch|p2a: Dracovish
|-damage|p2a: Dracovish|66/100
|move|p2a: Dracovish|Fishious Rend|p1a: Dugtrio
|-supereffective|p1a: Dugtrio
|-damage|p1a: Dugtrio|0 fnt
|faint|p1a: Dugtrio
|
|-weather|RainDance|[upkeep]
|upkeep
|
|switch|p1a: Tyranitar|Tyranitar, F|1/100 brn
|-weather|Sandstorm|[from] ability: Sand Stream|[of] p1a: Tyranitar
|turn|38
|
|switch|p1a: Vaporeon|Vaporeon, M|100/100
|move|p2a: Dracovish|Fishious Rend|p1a: Vaporeon
|-immune|p1a: Vaporeon|[from] ability: Water Absorb
|
|-weather|Sandstorm|[upkeep]
|-damage|p2a: Dracovish|60/100|[from] Sandstorm
|-damage|p1a: Vaporeon|94/100|[from] Sandstorm
|-heal|p1a: Vaporeon|100/100|[from] item: Leftovers
|upkeep
|turn|39
|inactive|foovian has 120 seconds left.
|-message|foovian forfeited.
|
|win|Gakki520
|l|☆foovian
|raw|Gakki520's rating: 1127 → 1156(+29 for winning)
|raw|foovian's rating: 1182 → 1153(-29 for losing)
