|ScrapeTime|2020-01-02-15:24:55
|j|☆Ineichen3
|j|☆htdigger
|player|p1|Ineichen3|wallace|1074
|player|p2|htdigger|1|1088
|teamsize|p1|4
|teamsize|p2|6
|gametype|singles
|gen|8
|tier|[Gen 8] OU
|rated|
|rule|Sleep Clause Mod: Limit one foe put to sleep
|rule|Species Clause: Limit one of each Pokémon
|rule|OHKO Clause: OHKO moves are banned
|rule|Evasion Moves Clause: Evasion moves are banned
|rule|Endless Battle Clause: Forcing endless battles is banned
|rule|HP Percentage Mod: HP is shown in percentages
|clearpoke
|poke|p1|Dracovish|
|poke|p1|Dracozolt|
|poke|p1|Arctozolt|
|poke|p1|Arctovish|
|poke|p2|Runerigus, M|
|poke|p2|Cursola, F|
|poke|p2|Hatterene, F|
|poke|p2|Mimikyu, F|
|poke|p2|Copperajah, F|
|poke|p2|Musharna, F|
|rule|Dynamax Clause: You cannot dynamax
|teampreview
|c|☆htdigger|f o s s i l g a n g ?
|
|start
|switch|p1a: Dracozolt|Dracozolt|100/100
|switch|p2a: Runerigus|Runerigus, M|100/100
|turn|1
|
|switch|p1a: Arctovish|Arctovish|100/100
|move|p2a: Runerigus|Trick Room|p2a: Runerigus
|-fieldstart|move: Trick Room|[of] p2a: Runerigus
|
|upkeep
|turn|2
|
|move|p2a: Runerigus|Stealth Rock|p1a: Arctovish
|-sidestart|p1: Ineichen3|move: Stealth Rock
|move|p1a: Arctovish|Icicle Crash|p2a: Runerigus
|-supereffective|p2a: Runerigus
|-damage|p2a: Runerigus|41/100
|-damage|p1a: Arctovish|91/100|[from] item: Life Orb
|
|upkeep
|turn|3
|c|☆Ineichen3|Fossilgang
|
|move|p2a: Runerigus|Memento|p1a: Arctovish
|-unboost|p1a: Arctovish|atk|2
|-unboost|p1a: Arctovish|spa|2
|faint|p2a: Runerigus
|move|p1a: Arctovish|Icicle Crash|p2: Runerigus|[notarget]
|-fail|p1a: Arctovish
|
|upkeep
|
|switch|p2a: Hatterene|Hatterene, F|100/100
|turn|4
|
|move|p2a: Hatterene|Psychic|p1a: Arctovish
|-damage|p1a: Arctovish|15/100
|-damage|p2a: Hatterene|91/100|[from] item: Life Orb
|move|p1a: Arctovish|Icicle Crash|p2a: Hatterene
|-damage|p2a: Hatterene|64/100
|-damage|p1a: Arctovish|5/100|[from] item: Life Orb
|
|upkeep
|turn|5
|
|move|p2a: Hatterene|Dazzling Gleam|p1a: Arctovish
|-damage|p1a: Arctovish|0 fnt
|-damage|p2a: Hatterene|54/100|[from] item: Life Orb
|faint|p1a: Arctovish
|
|-fieldend|move: Trick Room
|upkeep
|
|switch|p1a: Dracovish|Dracovish|100/100
|-damage|p1a: Dracovish|88/100|[from] Stealth Rock
|turn|6
|
|switch|p2a: Mimikyu|Mimikyu, F|100/100
|move|p1a: Dracovish|Fishious Rend|p2a: Mimikyu
|-activate|p2a: Mimikyu|ability: Disguise
|-damage|p2a: Mimikyu|100/100
|detailschange|p2a: Mimikyu|Mimikyu-Busted, F
|-damage|p2a: Mimikyu|88/100|[from] ability: Disguise|[of] p2a: Mimikyu
|
|upkeep
|turn|7
|
|move|p1a: Dracovish|Fishious Rend|p2a: Mimikyu
|-damage|p2a: Mimikyu|0 fnt
|faint|p2a: Mimikyu
|
|upkeep
|
|switch|p2a: Musharna|Musharna, F|100/100
|-activate|p2a: Musharna|ability: Forewarn|Outrage|[of] p1a: Dracovish
|turn|8
|
|move|p1a: Dracovish|Fishious Rend|p2a: Musharna
|-damage|p2a: Musharna|17/100
|move|p2a: Musharna|Trick Room|p2a: Musharna
|-fieldstart|move: Trick Room|[of] p2a: Musharna
|
|upkeep
|turn|9
|
|switch|p1a: Arctozolt|Arctozolt|100/100
|-damage|p1a: Arctozolt|75/100|[from] Stealth Rock
|move|p2a: Musharna|Healing Wish|p2a: Musharna
|faint|p2a: Musharna
|
|-heal|p1a: Arctozolt|82/100|[from] item: Leftovers
|upkeep
|
|switch|p2a: Hatterene|Hatterene, F|54/100
|-heal|p2a: Hatterene|100/100|[from] move: Healing Wish
|turn|10
|
|move|p2a: Hatterene|Dazzling Gleam|p1a: Arctozolt
|-damage|p1a: Arctozolt|27/100
|-damage|p2a: Hatterene|91/100|[from] item: Life Orb
|move|p1a: Arctozolt|Thunder Wave|p2a: Hatterene
|move|p2a: Hatterene|Thunder Wave|p1a: Arctozolt|[from]Magic Bounce
|-heal|p1a: Arctozolt|52/100|[from] ability: Volt Absorb|[of] p2a: Hatterene
|
|-heal|p1a: Arctozolt|58/100|[from] item: Leftovers
|upkeep
|turn|11
|c|☆htdigger|ooo fun
|
|move|p2a: Hatterene|Mystical Fire|p1a: Arctozolt
|-supereffective|p1a: Arctozolt
|-damage|p1a: Arctozolt|0 fnt
|-damage|p2a: Hatterene|81/100|[from] item: Life Orb
|faint|p1a: Arctozolt
|
|upkeep
|
|switch|p1a: Dracozolt|Dracozolt|100/100
|-damage|p1a: Dracozolt|88/100|[from] Stealth Rock
|turn|12
|
|move|p2a: Hatterene|Dazzling Gleam|p1a: Dracozolt
|-supereffective|p1a: Dracozolt
|-damage|p1a: Dracozolt|0 fnt
|-damage|p2a: Hatterene|71/100|[from] item: Life Orb
|faint|p1a: Dracozolt
|
|-fieldend|move: Trick Room
|upkeep
|
|switch|p1a: Dracovish|Dracovish|88/100
|-damage|p1a: Dracovish|76/100|[from] Stealth Rock
|turn|13
|
|move|p1a: Dracovish|Fishious Rend|p2a: Hatterene
|-damage|p2a: Hatterene|0 fnt
|faint|p2a: Hatterene
|
|upkeep
|
|switch|p2a: mama!|Copperajah, F|100/100
|turn|14
|
|move|p1a: Dracovish|Fishious Rend|p2a: mama!
|-damage|p2a: mama!|0 fnt
|faint|p2a: mama!
|
|upkeep
|
|switch|p2a: Cursola|Cursola, F|100/100
|turn|15
|
|move|p1a: Dracovish|Fishious Rend|p2a: Cursola
|-damage|p2a: Cursola|0 fnt
|-ability|p2a: Cursola|Perish Body
|-start|p2a: Cursola|perish3
|-start|p1a: Dracovish|perish3
|faint|p2a: Cursola
|
|win|Ineichen3
|c|☆htdigger|ggwp
|raw|Ineichen3's rating: 1053 → 1089(+36 for winning)
|raw|htdigger's rating: 1088 → 1063(-25 for losing)
|l|☆htdigger
|c|☆Ineichen3|Gg
