|ScrapeTime|2020-01-01-20:42:24
|j|☆Damastes
|j|☆Mauricioelanime2
|player|p1|Damastes|1|1195
|player|p2|Mauricioelanime2|proton|1222
|teamsize|p1|6
|teamsize|p2|6
|gametype|singles
|gen|8
|tier|[Gen 8] OU
|rated|
|rule|Sleep Clause Mod: Limit one foe put to sleep
|rule|Species Clause: Limit one of each Pokémon
|rule|OHKO Clause: OHKO moves are banned
|rule|Evasion Moves Clause: Evasion moves are banned
|rule|Endless Battle Clause: Forcing endless battles is banned
|rule|HP Percentage Mod: HP is shown in percentages
|clearpoke
|poke|p1|Jellicent, F|
|poke|p1|Ferrothorn, M|
|poke|p1|Hydreigon, M|
|poke|p1|Togekiss, F|
|poke|p1|Cinderace, M|
|poke|p1|Dracovish|
|poke|p2|Polteageist|
|poke|p2|Grimmsnarl, M|
|poke|p2|Reuniclus, F|
|poke|p2|Ferrothorn, M|
|poke|p2|Rotom-Wash|
|poke|p2|Cinderace, F|
|rule|Dynamax Clause: You cannot dynamax
|teampreview
|
|start
|switch|p1a: Dracovish|Dracovish|100/100
|switch|p2a: Grimmsnarl|Grimmsnarl, M|100/100
|turn|1
|
|switch|p1a: Ferrothorn|Ferrothorn, M|100/100
|move|p2a: Grimmsnarl|Light Screen|p2a: Grimmsnarl
|-sidestart|p2: Mauricioelanime2|move: Light Screen
|
|upkeep
|turn|2
|
|move|p2a: Grimmsnarl|Taunt|p1a: Ferrothorn
|-start|p1a: Ferrothorn|move: Taunt
|move|p1a: Ferrothorn|Gyro Ball|p2a: Grimmsnarl
|-supereffective|p2a: Grimmsnarl
|-damage|p2a: Grimmsnarl|46/100
|
|upkeep
|turn|3
|
|move|p2a: Grimmsnarl|Reflect|p2a: Grimmsnarl
|-sidestart|p2: Mauricioelanime2|Reflect
|move|p1a: Ferrothorn|Gyro Ball|p2a: Grimmsnarl
|-supereffective|p2a: Grimmsnarl
|-damage|p2a: Grimmsnarl|18/100
|
|upkeep
|turn|4
|
|switch|p1a: Togekiss|Togekiss, F|100/100
|move|p2a: Grimmsnarl|Spirit Break|p1a: Togekiss
|-damage|p1a: Togekiss|67/100
|-unboost|p1a: Togekiss|spa|1
|
|-heal|p1a: Togekiss|73/100|[from] item: Leftovers
|upkeep
|turn|5
|
|switch|p2a: Polteageist|Polteageist|100/100
|move|p1a: Togekiss|Morning Sun|p1a: Togekiss
|-heal|p1a: Togekiss|100/100
|
|upkeep
|turn|6
|
|move|p1a: Togekiss|Air Slash|p2a: Polteageist
|-damage|p2a: Polteageist|87/100
|move|p2a: Polteageist|Shell Smash|p2a: Polteageist
|-unboost|p2a: Polteageist|def|1
|-unboost|p2a: Polteageist|spd|1
|-boost|p2a: Polteageist|atk|2
|-boost|p2a: Polteageist|spa|2
|-boost|p2a: Polteageist|spe|2
|-enditem|p2a: Polteageist|White Herb
|-clearnegativeboost|p2a: Polteageist|[silent]
|
|upkeep
|turn|7
|
|switch|p1a: Ferrothorn|Ferrothorn, M|100/100
|move|p2a: Polteageist|Shadow Ball|p1a: Ferrothorn
|-damage|p1a: Ferrothorn|23/100
|
|-heal|p1a: Ferrothorn|29/100|[from] item: Leftovers
|upkeep
|turn|8
|-message|Damastes forfeited.
|
|win|Mauricioelanime2
|l|☆Damastes
