|ScrapeTime|2020-01-01-05:35:39
|j|☆Deivydml
|j|☆Dezudekiddo
|player|p1|Deivydml|266|1215
|player|p2|Dezudekiddo|267|1157
|teamsize|p1|6
|teamsize|p2|6
|gametype|singles
|gen|8
|tier|[Gen 8] OU
|rated|
|rule|Sleep Clause Mod: Limit one foe put to sleep
|rule|Species Clause: Limit one of each Pokémon
|rule|OHKO Clause: OHKO moves are banned
|rule|Evasion Moves Clause: Evasion moves are banned
|rule|Endless Battle Clause: Forcing endless battles is banned
|rule|HP Percentage Mod: HP is shown in percentages
|clearpoke
|poke|p1|Bisharp, M|
|poke|p1|Ribombee, F|
|poke|p1|Coalossal, M|
|poke|p1|Rotom-Wash|
|poke|p1|Trevenant, F|
|poke|p1|Noivern, M|
|poke|p2|Bisharp, M|
|poke|p2|Conkeldurr, F|
|poke|p2|Weezing-Galar, M|
|poke|p2|Dragapult, M|
|poke|p2|Excadrill, F|
|poke|p2|Rotom-Wash|
|rule|Dynamax Clause: You cannot dynamax
|teampreview
|inactive|Battle timer is ON: inactive players will automatically lose when time's up. (requested by Deivydml)
|
|start
|switch|p1a: Ribombee|Ribombee, F, shiny|100/100
|switch|p2a: Rotom|Rotom-Wash|100/100
|turn|1
|
|move|p1a: Ribombee|Sticky Web|p2a: Rotom
|-sidestart|p2: Dezudekiddo|move: Sticky Web
|move|p2a: Rotom|Volt Switch|p1a: Ribombee
|-damage|p1a: Ribombee|41/100
|
|switch|p2a: Excadrill|Excadrill, F|100/100|[from]move: Volt Switch
|-ability|p2a: Excadrill|Mold Breaker
|-item|p2a: Excadrill|Air Balloon
|
|upkeep
|turn|2
|
|switch|p1a: Trevenant|Trevenant, F, shiny|100/100
|move|p2a: Excadrill|Rapid Spin|p1a: Trevenant
|-immune|p1a: Trevenant
|
|upkeep
|turn|3
|
|move|p2a: Excadrill|Swords Dance|p2a: Excadrill
|-boost|p2a: Excadrill|atk|2
|move|p1a: Trevenant|Will-O-Wisp|p2a: Excadrill
|-status|p2a: Excadrill|brn
|
|-damage|p2a: Excadrill|94/100 brn|[from] brn
|upkeep
|turn|4
|
|move|p2a: Excadrill|Swords Dance|p2a: Excadrill
|-boost|p2a: Excadrill|atk|2
|move|p1a: Trevenant|Leech Seed|p2a: Excadrill
|-start|p2a: Excadrill|move: Leech Seed
|
|-damage|p2a: Excadrill|82/100 brn|[from] Leech Seed|[of] p1a: Trevenant
|-damage|p2a: Excadrill|76/100 brn|[from] brn
|upkeep
|turn|5
|
|move|p1a: Trevenant|Protect|p1a: Trevenant
|-singleturn|p1a: Trevenant|Protect
|move|p2a: Excadrill|Iron Head|p1a: Trevenant
|-activate|p1a: Trevenant|move: Protect
|
|-damage|p2a: Excadrill|63/100 brn|[from] Leech Seed|[of] p1a: Trevenant
|-damage|p2a: Excadrill|57/100 brn|[from] brn
|upkeep
|turn|6
|
|switch|p1a: Coalossal|Coalossal, M|100/100
|move|p2a: Excadrill|Iron Head|p1a: Coalossal
|-damage|p1a: Coalossal|63/100
|
|-heal|p1a: Coalossal|69/100|[from] item: Leftovers
|-damage|p2a: Excadrill|45/100 brn|[from] Leech Seed|[of] p1a: Coalossal
|-heal|p1a: Coalossal|80/100|[silent]
|-damage|p2a: Excadrill|39/100 brn|[from] brn
|upkeep
|turn|7
|
|switch|p1a: Noivern|Noivern, M|100/100
|move|p2a: Excadrill|Iron Head|p1a: Noivern
|-crit|p1a: Noivern
|-damage|p1a: Noivern|0 fnt
|faint|p1a: Noivern
|
|-damage|p2a: Excadrill|33/100 brn|[from] brn
|upkeep
|
|switch|p1a: Bisharp|Bisharp, M|100/100
|turn|8
|
|move|p1a: Bisharp|Sucker Punch|p2a: Excadrill
|-damage|p2a: Excadrill|0 fnt
|-enditem|p2a: Excadrill|Air Balloon
|-damage|p1a: Bisharp|91/100|[from] item: Life Orb
|faint|p2a: Excadrill
|
|upkeep
|
|switch|p2a: Rotom|Rotom-Wash|100/100
|turn|9
|
|switch|p1a: Trevenant|Trevenant, F, shiny|100/100
|move|p2a: Rotom|Will-O-Wisp|p1a: Trevenant
|-status|p1a: Trevenant|brn
|
|-damage|p1a: Trevenant|94/100 brn|[from] brn
|upkeep
|turn|10
|
|move|p2a: Rotom|Volt Switch|p1a: Trevenant
|-resisted|p1a: Trevenant
|-damage|p1a: Trevenant|82/100 brn
|
|switch|p2a: Weezing|Weezing-Galar, M, shiny|100/100|[from]move: Volt Switch
|-ability|p2a: Weezing|Neutralizing Gas
|-activate|p2a: Weezing|move: Sticky Web
|-unboost|p2a: Weezing|spe|1
|move|p1a: Trevenant|Leech Seed|p2a: Weezing
|-start|p2a: Weezing|move: Leech Seed
|
|-damage|p2a: Weezing|88/100|[from] Leech Seed|[of] p1a: Trevenant
|-heal|p1a: Trevenant|93/100 brn|[silent]
|-damage|p1a: Trevenant|87/100 brn|[from] brn
|upkeep
|turn|11
|
|move|p1a: Trevenant|Will-O-Wisp|p2a: Weezing
|-status|p2a: Weezing|brn
|move|p2a: Weezing|Defog|p1a: Trevenant
|-unboost|p1a: Trevenant|evasion|1
|-sideend|p2: Dezudekiddo|Sticky Web|[from] move: Defog|[of] p2a: Weezing
|
|-heal|p2a: Weezing|94/100 brn|[from] item: Black Sludge
|-damage|p2a: Weezing|82/100 brn|[from] Leech Seed|[of] p1a: Trevenant
|-heal|p1a: Trevenant|98/100 brn|[silent]
|-damage|p1a: Trevenant|92/100 brn|[from] brn
|-damage|p2a: Weezing|76/100 brn|[from] brn
|upkeep
|turn|12
|
|switch|p2a: Dragapult|Dragapult, M|100/100
|move|p1a: Trevenant|Protect||[still]
|-fail|p1a: Trevenant
|
|-damage|p1a: Trevenant|86/100 brn|[from] brn
|upkeep
|turn|13
|
|move|p2a: Dragapult|U-turn|p1a: Trevenant
|-damage|p1a: Trevenant|69/100 brn
|
|switch|p2a: Bisharp|Bisharp, M|100/100|[from]move: U-turn
|move|p1a: Trevenant|Leech Seed|p2a: Bisharp
|-start|p2a: Bisharp|move: Leech Seed
|
|-damage|p2a: Bisharp|88/100|[from] Leech Seed|[of] p1a: Trevenant
|-heal|p1a: Trevenant|80/100 brn|[silent]
|-damage|p1a: Trevenant|73/100 brn|[from] brn
|upkeep
|turn|14
|
|switch|p1a: Bisharp|Bisharp, M|91/100
|move|p2a: Bisharp|Night Slash|p1a: Bisharp
|-resisted|p1a: Bisharp
|-damage|p1a: Bisharp|64/100
|
|-damage|p2a: Bisharp|76/100|[from] Leech Seed|[of] p1a: Bisharp
|-heal|p1a: Bisharp|77/100|[silent]
|upkeep
|turn|15
|
|move|p1a: Bisharp|Brick Break|p2a: Bisharp
|-supereffective|p2a: Bisharp
|-damage|p2a: Bisharp|0 fnt
|-damage|p1a: Bisharp|67/100|[from] item: Life Orb
|faint|p2a: Bisharp
|
|upkeep
|
|switch|p2a: Rotom|Rotom-Wash|100/100
|turn|16
|
|switch|p1a: Trevenant|Trevenant, F, shiny|73/100 brn
|move|p2a: Rotom|Thunderbolt|p1a: Trevenant
|-resisted|p1a: Trevenant
|-damage|p1a: Trevenant|58/100 brn
|
|-damage|p1a: Trevenant|52/100 brn|[from] brn
|upkeep
|turn|17
|
|move|p2a: Rotom|Volt Switch|p1a: Trevenant
|-resisted|p1a: Trevenant
|-damage|p1a: Trevenant|39/100 brn
|-enditem|p1a: Trevenant|Sitrus Berry|[eat]
|-heal|p1a: Trevenant|64/100 brn|[from] item: Sitrus Berry
|
|switch|p2a: Dragapult|Dragapult, M|100/100|[from]move: Volt Switch
|move|p1a: Trevenant|Will-O-Wisp|p2a: Dragapult
|-status|p2a: Dragapult|brn
|
|-damage|p2a: Dragapult|95/100 brn|[from] brn
|-damage|p1a: Trevenant|58/100 brn|[from] brn
|-item|p1a: Trevenant|Sitrus Berry|[from] ability: Harvest
|upkeep
|turn|18
|
|move|p2a: Dragapult|Shadow Ball|p1a: Trevenant
|-supereffective|p1a: Trevenant
|-damage|p1a: Trevenant|0 fnt
|faint|p1a: Trevenant
|
|-damage|p2a: Dragapult|89/100 brn|[from] brn
|upkeep
|
|switch|p1a: Bisharp|Bisharp, M|67/100
|turn|19
|
|switch|p2a: Weezing|Weezing-Galar, M, shiny|76/100 brn
|-ability|p2a: Weezing|Neutralizing Gas
|move|p1a: Bisharp|Sucker Punch||[still]
|-fail|p1a: Bisharp
|
|-heal|p2a: Weezing|82/100 brn|[from] item: Black Sludge
|-damage|p2a: Weezing|76/100 brn|[from] brn
|upkeep
|turn|20
|
|move|p1a: Bisharp|Iron Head|p2a: Weezing
|-supereffective|p2a: Weezing
|-damage|p2a: Weezing|0 fnt
|-damage|p1a: Bisharp|57/100|[from] item: Life Orb
|faint|p2a: Weezing
|
|upkeep
|
|switch|p2a: Conkeldurr|Conkeldurr, F|100/100
|turn|21
|
|switch|p1a: Rotom|Rotom-Wash, shiny|100/100
|move|p2a: Conkeldurr|Drain Punch|p1a: Rotom
|-damage|p1a: Rotom|50/100
|
|-status|p2a: Conkeldurr|brn|[from] item: Flame Orb
|upkeep
|turn|22
|
|move|p1a: Rotom|Reflect|p1a: Rotom
|-sidestart|p1: Deivydml|Reflect
|move|p2a: Conkeldurr|Drain Punch|p1a: Rotom
|-damage|p1a: Rotom|8/100
|-enditem|p1a: Rotom|Figy Berry|[eat]
|-heal|p1a: Rotom|40/100|[from] item: Figy Berry
|-start|p1a: Rotom|confusion
|
|-damage|p2a: Conkeldurr|94/100 brn|[from] brn
|upkeep
|turn|23
|
|-activate|p1a: Rotom|confusion
|-damage|p1a: Rotom|35/100|[from] confusion
|move|p2a: Conkeldurr|Drain Punch|p1a: Rotom
|-damage|p1a: Rotom|0 fnt
|-heal|p2a: Conkeldurr|100/100 brn|[from] drain|[of] p1a: Rotom
|faint|p1a: Rotom
|
|-damage|p2a: Conkeldurr|94/100 brn|[from] brn
|upkeep
|
|switch|p1a: Ribombee|Ribombee, F, shiny|41/100
|turn|24
|
|move|p1a: Ribombee|Moonblast|p2a: Conkeldurr
|-supereffective|p2a: Conkeldurr
|-damage|p2a: Conkeldurr|0 fnt
|faint|p2a: Conkeldurr
|
|upkeep
|
|switch|p2a: Rotom|Rotom-Wash|100/100
|turn|25
|
|move|p1a: Ribombee|Energy Ball|p2a: Rotom
|-supereffective|p2a: Rotom
|-damage|p2a: Rotom|27/100
|move|p2a: Rotom|Hydro Pump|p1a: Ribombee
|-damage|p1a: Ribombee|0 fnt
|faint|p1a: Ribombee
|
|-heal|p2a: Rotom|33/100|[from] item: Leftovers
|upkeep
|
|switch|p1a: Coalossal|Coalossal, M|80/100
|turn|26
|
|move|p2a: Rotom|Hydro Pump|p1a: Coalossal
|-supereffective|p1a: Coalossal
|-damage|p1a: Coalossal|0 fnt
|faint|p1a: Coalossal
|
|-heal|p2a: Rotom|39/100|[from] item: Leftovers
|-sideend|p1: Deivydml|Reflect
|upkeep
|
|switch|p1a: Bisharp|Bisharp, M|57/100
|turn|27
|
|move|p1a: Bisharp|Sucker Punch||[still]
|-fail|p1a: Bisharp
|move|p2a: Rotom|Will-O-Wisp|p1a: Bisharp
|-status|p1a: Bisharp|brn
|
|-heal|p2a: Rotom|45/100|[from] item: Leftovers
|-damage|p1a: Bisharp|51/100 brn|[from] brn
|upkeep
|turn|28
|-message|Deivydml forfeited.
|
|win|Dezudekiddo
|l|☆Deivydml
|raw|Deivydml's rating: 1215 → 1186(-29 for losing)
|raw|Dezudekiddo's rating: 1157 → 1186(+29 for winning)
