|ScrapeTime|2020-01-01-22:55:33
|j|☆T.B Qc
|j|☆PunkPalkia
|player|p1|T.B Qc|52|1736
|player|p2|PunkPalkia|29|1726
|teamsize|p1|6
|teamsize|p2|6
|gametype|singles
|gen|8
|tier|[Gen 8] OU
|rated|
|rule|Sleep Clause Mod: Limit one foe put to sleep
|rule|Species Clause: Limit one of each Pokémon
|rule|OHKO Clause: OHKO moves are banned
|rule|Evasion Moves Clause: Evasion moves are banned
|rule|Endless Battle Clause: Forcing endless battles is banned
|rule|HP Percentage Mod: HP is shown in percentages
|clearpoke
|poke|p1|Ferrothorn, M|
|poke|p1|Lucario, F|
|poke|p1|Toxapex, F|
|poke|p1|Corsola-Galar, F|
|poke|p1|Sylveon, F|
|poke|p1|Dracozolt|
|poke|p2|Kommo-o, F|
|poke|p2|Seismitoad, F|
|poke|p2|Cinderace, M|
|poke|p2|Mandibuzz, F|
|poke|p2|Excadrill, F|
|poke|p2|Clefable, F|
|rule|Dynamax Clause: You cannot dynamax
|teampreview
|
|start
|switch|p1a: Dracozolt|Dracozolt|100/100
|switch|p2a: Clefable|Clefable, F|100/100
|turn|1
|
|switch|p2a: Seismitoad|Seismitoad, F|100/100
|move|p1a: Dracozolt|Substitute|p1a: Dracozolt
|-start|p1a: Dracozolt|Substitute
|-damage|p1a: Dracozolt|76/100
|
|-heal|p1a: Dracozolt|82/100|[from] item: Leftovers
|upkeep
|turn|2
|
|move|p1a: Dracozolt|Dragon Claw|p2a: Seismitoad
|-damage|p2a: Seismitoad|56/100
|move|p2a: Seismitoad|Earthquake|p1a: Dracozolt
|-supereffective|p1a: Dracozolt
|-end|p1a: Dracozolt|Substitute
|
|-heal|p1a: Dracozolt|88/100|[from] item: Leftovers
|-heal|p2a: Seismitoad|62/100|[from] item: Leftovers
|upkeep
|turn|3
|j| Phys2000
|
|move|p1a: Dracozolt|Dragon Claw|p2a: Seismitoad
|-damage|p2a: Seismitoad|22/100
|move|p2a: Seismitoad|Stealth Rock|p1a: Dracozolt
|-sidestart|p1: T.B Qc|move: Stealth Rock
|
|-heal|p1a: Dracozolt|94/100|[from] item: Leftovers
|-heal|p2a: Seismitoad|28/100|[from] item: Leftovers
|upkeep
|turn|4
|
|switch|p2a: Excadrill|Excadrill, F|100/100
|-ability|p2a: Excadrill|Mold Breaker
|move|p1a: Dracozolt|Dragon Claw|p2a: Excadrill|[miss]
|-miss|p1a: Dracozolt|p2a: Excadrill
|
|-heal|p1a: Dracozolt|100/100|[from] item: Leftovers
|upkeep
|turn|5
|
|switch|p1a: Corsola|Corsola-Galar, F|100/100
|-damage|p1a: Corsola|88/100|[from] Stealth Rock
|move|p2a: Excadrill|Earthquake|p1a: Corsola
|-damage|p1a: Corsola|58/100
|
|upkeep
|turn|6
|
|switch|p2a: Mandibuzz|Mandibuzz, F|100/100
|move|p1a: Corsola|Stealth Rock|p2a: Mandibuzz
|-sidestart|p2: PunkPalkia|move: Stealth Rock
|
|upkeep
|turn|7
|
|move|p2a: Mandibuzz|Knock Off|p1a: Corsola
|-supereffective|p1a: Corsola
|-damage|p1a: Corsola|34/100
|-enditem|p1a: Corsola|Eviolite|[from] move: Knock Off|[of] p2a: Mandibuzz
|move|p1a: Corsola|Strength Sap|p2a: Mandibuzz
|-unboost|p2a: Mandibuzz|atk|1
|-heal|p1a: Corsola|87/100
|
|upkeep
|turn|8
|
|switch|p1a: Ferrothorn|Ferrothorn, M|100/100
|-damage|p1a: Ferrothorn|94/100|[from] Stealth Rock
|move|p2a: Mandibuzz|U-turn|p1a: Ferrothorn
|-damage|p1a: Ferrothorn|89/100
|-damage|p2a: Mandibuzz|88/100|[from] ability: Iron Barbs|[of] p1a: Ferrothorn
|
|switch|p2a: Cinderace|Cinderace, M|100/100|[from]move: U-turn
|
|-heal|p1a: Ferrothorn|95/100|[from] item: Leftovers
|upkeep
|turn|9
|
|switch|p1a: Toxapex|Toxapex, F|100/100
|-damage|p1a: Toxapex|88/100|[from] Stealth Rock
|move|p2a: Cinderace|U-turn|p1a: Toxapex
|-resisted|p1a: Toxapex
|-damage|p1a: Toxapex|79/100
|
|switch|p2a: Clefable|Clefable, F|100/100|[from]move: U-turn
|
|-heal|p1a: Toxapex|86/100|[from] item: Black Sludge
|upkeep
|turn|10
|
|switch|p1a: Sylveon|Sylveon, F|100/100
|-damage|p1a: Sylveon|88/100|[from] Stealth Rock
|move|p2a: Clefable|Thunderbolt|p1a: Sylveon
|-damage|p1a: Sylveon|71/100
|
|-heal|p1a: Sylveon|77/100|[from] item: Leftovers
|upkeep
|turn|11
|
|move|p2a: Clefable|Moonblast|p1a: Sylveon
|-damage|p1a: Sylveon|48/100
|-unboost|p1a: Sylveon|spa|1
|move|p1a: Sylveon|Hyper Voice|p2a: Clefable
|-damage|p2a: Clefable|72/100
|
|-heal|p1a: Sylveon|54/100|[from] item: Leftovers
|upkeep
|turn|12
|
|switch|p2a: Excadrill|Excadrill, F|100/100
|-damage|p2a: Excadrill|97/100|[from] Stealth Rock
|-ability|p2a: Excadrill|Mold Breaker
|move|p1a: Sylveon|Wish|p1a: Sylveon
|
|-heal|p1a: Sylveon|60/100|[from] item: Leftovers
|upkeep
|turn|13
|
|switch|p1a: Corsola|Corsola-Galar, F|87/100
|-damage|p1a: Corsola|75/100|[from] Stealth Rock
|move|p2a: Excadrill|Earthquake|p1a: Corsola
|-damage|p1a: Corsola|32/100
|
|-heal|p1a: Corsola|93/100|[from] move: Wish|[wisher] Sylveon
|upkeep
|turn|14
|
|switch|p2a: Cinderace|Cinderace, M|100/100
|move|p1a: Corsola|Will-O-Wisp|p2a: Cinderace
|-immune|p2a: Cinderace
|
|upkeep
|turn|15
|
|move|p2a: Cinderace|Pyro Ball|p1a: Corsola
|-crit|p1a: Corsola
|-damage|p1a: Corsola|30/100
|-start|p2a: Cinderace|Disable|Pyro Ball|[from] ability: Cursed Body|[of] p1a: Corsola
|move|p1a: Corsola|Strength Sap|p2a: Cinderace
|-unboost|p2a: Cinderace|atk|1
|-heal|p1a: Corsola|100/100
|
|upkeep
|turn|16
|
|move|p2a: Cinderace|U-turn|p1a: Corsola
|-resisted|p1a: Corsola
|-damage|p1a: Corsola|95/100
|
|switch|p2a: Clefable|Clefable, F|72/100|[from]move: U-turn
|move|p1a: Corsola|Night Shade|p2a: Clefable
|-damage|p2a: Clefable|42/100
|
|upkeep
|turn|17
|
|switch|p1a: Sylveon|Sylveon, F|60/100
|-damage|p1a: Sylveon|48/100|[from] Stealth Rock
|move|p2a: Clefable|Moonblast|p1a: Sylveon
|-damage|p1a: Sylveon|19/100
|
|-heal|p1a: Sylveon|25/100|[from] item: Leftovers
|upkeep
|turn|18
|
|move|p1a: Sylveon|Protect|p1a: Sylveon
|-singleturn|p1a: Sylveon|Protect
|move|p2a: Clefable|Moonblast|p1a: Sylveon
|-activate|p1a: Sylveon|move: Protect
|
|-heal|p1a: Sylveon|31/100|[from] item: Leftovers
|upkeep
|turn|19
|
|move|p2a: Clefable|Moonblast|p1a: Sylveon
|-damage|p1a: Sylveon|4/100
|-unboost|p1a: Sylveon|spa|1
|move|p1a: Sylveon|Wish|p1a: Sylveon
|
|-heal|p1a: Sylveon|10/100|[from] item: Leftovers
|upkeep
|turn|20
|
|move|p1a: Sylveon|Protect|p1a: Sylveon
|-singleturn|p1a: Sylveon|Protect
|move|p2a: Clefable|Moonlight|p2a: Clefable
|-heal|p2a: Clefable|92/100
|
|-heal|p1a: Sylveon|60/100|[from] move: Wish|[wisher] Sylveon
|-heal|p1a: Sylveon|66/100|[from] item: Leftovers
|upkeep
|turn|21
|
|switch|p2a: Excadrill|Excadrill, F|97/100
|-damage|p2a: Excadrill|94/100|[from] Stealth Rock
|-ability|p2a: Excadrill|Mold Breaker
|move|p1a: Sylveon|Wish|p1a: Sylveon
|
|-heal|p1a: Sylveon|72/100|[from] item: Leftovers
|upkeep
|turn|22
|
|switch|p1a: Corsola|Corsola-Galar, F|95/100
|-damage|p1a: Corsola|82/100|[from] Stealth Rock
|move|p2a: Excadrill|Earthquake|p1a: Corsola
|-damage|p1a: Corsola|43/100
|-start|p2a: Excadrill|Disable|Earthquake|[from] ability: Cursed Body|[of] p1a: Corsola
|
|-heal|p1a: Corsola|100/100|[from] move: Wish|[wisher] Sylveon
|upkeep
|turn|23
|
|switch|p2a: Clefable|Clefable, F|92/100
|move|p1a: Corsola|Night Shade|p2a: Clefable
|-damage|p2a: Clefable|62/100
|
|upkeep
|turn|24
|
|switch|p2a: Excadrill|Excadrill, F|94/100
|-damage|p2a: Excadrill|91/100|[from] Stealth Rock
|-ability|p2a: Excadrill|Mold Breaker
|switch|p1a: Sylveon|Sylveon, F|72/100
|-damage|p1a: Sylveon|59/100|[from] Stealth Rock
|
|-heal|p1a: Sylveon|65/100|[from] item: Leftovers
|upkeep
|turn|25
|
|move|p1a: Sylveon|Protect|p1a: Sylveon
|-singleturn|p1a: Sylveon|Protect
|move|p2a: Excadrill|Earthquake|p1a: Sylveon
|-activate|p1a: Sylveon|move: Protect
|
|-heal|p1a: Sylveon|72/100|[from] item: Leftovers
|upkeep
|turn|26
|
|switch|p1a: Ferrothorn|Ferrothorn, M|95/100
|-damage|p1a: Ferrothorn|89/100|[from] Stealth Rock
|move|p2a: Excadrill|Earthquake|p1a: Ferrothorn
|-damage|p1a: Ferrothorn|60/100
|
|-heal|p1a: Ferrothorn|66/100|[from] item: Leftovers
|upkeep
|turn|27
|
|switch|p2a: Cinderace|Cinderace, M|100/100
|move|p1a: Ferrothorn|Iron Head|p2a: Cinderace
|-resisted|p2a: Cinderace
|-damage|p2a: Cinderace|83/100
|
|-heal|p1a: Ferrothorn|72/100|[from] item: Leftovers
|upkeep
|turn|28
|
|move|p1a: Ferrothorn|Protect|p1a: Ferrothorn
|-singleturn|p1a: Ferrothorn|Protect
|move|p2a: Cinderace|U-turn|p1a: Ferrothorn
|-activate|p1a: Ferrothorn|move: Protect
|
|-heal|p1a: Ferrothorn|79/100|[from] item: Leftovers
|upkeep
|turn|29
|
|switch|p1a: Toxapex|Toxapex, F|100/100
|-damage|p1a: Toxapex|88/100|[from] Stealth Rock
|move|p2a: Cinderace|Pyro Ball|p1a: Toxapex
|-resisted|p1a: Toxapex
|-damage|p1a: Toxapex|65/100
|
|-heal|p1a: Toxapex|72/100|[from] item: Black Sludge
|upkeep
|turn|30
|
|move|p1a: Toxapex|Baneful Bunker|p1a: Toxapex
|-singleturn|p1a: Toxapex|move: Protect
|move|p2a: Cinderace|U-turn|p1a: Toxapex
|-activate|p1a: Toxapex|move: Protect
|-status|p2a: Cinderace|psn
|
|-heal|p1a: Toxapex|78/100|[from] item: Black Sludge
|-damage|p2a: Cinderace|71/100 psn|[from] psn
|upkeep
|turn|31
|
|move|p2a: Cinderace|U-turn|p1a: Toxapex
|-resisted|p1a: Toxapex
|-damage|p1a: Toxapex|69/100
|
|switch|p2a: Clefable|Clefable, F|62/100|[from]move: U-turn
|move|p1a: Toxapex|Scald|p2a: Clefable
|-crit|p2a: Clefable
|-damage|p2a: Clefable|33/100
|-status|p2a: Clefable|brn
|
|-heal|p1a: Toxapex|75/100|[from] item: Black Sludge
|upkeep
|turn|32
|
|switch|p2a: Mandibuzz|Mandibuzz, F|88/100
|switch|p1a: Sylveon|Sylveon, F|72/100
|-damage|p1a: Sylveon|59/100|[from] Stealth Rock
|
|-heal|p1a: Sylveon|65/100|[from] item: Leftovers
|upkeep
|turn|33
|
|move|p2a: Mandibuzz|Knock Off|p1a: Sylveon
|-resisted|p1a: Sylveon
|-damage|p1a: Sylveon|50/100
|-enditem|p1a: Sylveon|Leftovers|[from] move: Knock Off|[of] p2a: Mandibuzz
|move|p1a: Sylveon|Hyper Voice|p2a: Mandibuzz
|-supereffective|p2a: Mandibuzz
|-damage|p2a: Mandibuzz|42/100
|
|upkeep
|turn|34
|
|move|p2a: Mandibuzz|U-turn|p1a: Sylveon
|-resisted|p1a: Sylveon
|-damage|p1a: Sylveon|43/100
|
|switch|p2a: Excadrill|Excadrill, F|91/100|[from]move: U-turn
|-damage|p2a: Excadrill|88/100|[from] Stealth Rock
|-ability|p2a: Excadrill|Mold Breaker
|move|p1a: Sylveon|Wish|p1a: Sylveon
|
|upkeep
|turn|35
|
|move|p1a: Sylveon|Protect|p1a: Sylveon
|-singleturn|p1a: Sylveon|Protect
|move|p2a: Excadrill|Earthquake|p1a: Sylveon
|-activate|p1a: Sylveon|move: Protect
|
|-heal|p1a: Sylveon|93/100|[from] move: Wish|[wisher] Sylveon
|upkeep
|turn|36
|
|switch|p1a: Corsola|Corsola-Galar, F|100/100
|-damage|p1a: Corsola|88/100|[from] Stealth Rock
|move|p2a: Excadrill|Earthquake|p1a: Corsola
|-damage|p1a: Corsola|46/100
|-start|p2a: Excadrill|Disable|Earthquake|[from] ability: Cursed Body|[of] p1a: Corsola
|
|upkeep
|turn|37
|j| FM Blood
|
|switch|p2a: Clefable|Clefable, F|33/100 brn
|switch|p1a: Lucario|Lucario, F|100/100
|-damage|p1a: Lucario|98/100|[from] Stealth Rock
|
|upkeep
|turn|38
|
|switch|p2a: Mandibuzz|Mandibuzz, F|42/100
|move|p1a: Lucario|Flash Cannon|p2a: Mandibuzz
|-damage|p2a: Mandibuzz|20/100
|
|upkeep
|turn|39
|
|move|p1a: Lucario|Flash Cannon|p2a: Mandibuzz
|-damage|p2a: Mandibuzz|0 fnt
|faint|p2a: Mandibuzz
|
|upkeep
|
|switch|p2a: Kommo-o|Kommo-o, F|100/100
|-damage|p2a: Kommo-o|94/100|[from] Stealth Rock
|turn|40
|
|move|p1a: Lucario|Psychic|p2a: Kommo-o
|-supereffective|p2a: Kommo-o
|-damage|p2a: Kommo-o|20/100
|move|p2a: Kommo-o|Clangorous Soul||[still]
|-fail|p2a: Kommo-o
|
|upkeep
|turn|41
|
|switch|p2a: Seismitoad|Seismitoad, F|28/100
|-damage|p2a: Seismitoad|22/100|[from] Stealth Rock
|move|p1a: Lucario|Psychic|p2a: Seismitoad
|-damage|p2a: Seismitoad|0 fnt
|faint|p2a: Seismitoad
|
|upkeep
|
|switch|p2a: Excadrill|Excadrill, F|88/100
|-damage|p2a: Excadrill|85/100|[from] Stealth Rock
|-ability|p2a: Excadrill|Mold Breaker
|turn|42
|
|switch|p1a: Corsola|Corsola-Galar, F|46/100
|-damage|p1a: Corsola|34/100|[from] Stealth Rock
|move|p2a: Excadrill|Earthquake|p1a: Corsola
|-damage|p1a: Corsola|0 fnt
|-start|p2a: Excadrill|Disable|Earthquake|[from] ability: Cursed Body|[of] p1a: Corsola
|faint|p1a: Corsola
|
|upkeep
|
|switch|p1a: Lucario|Lucario, F|98/100
|-damage|p1a: Lucario|95/100|[from] Stealth Rock
|turn|43
|j| Sir Isaac Mewton
|
|switch|p2a: Kommo-o|Kommo-o, F|20/100
|-damage|p2a: Kommo-o|14/100|[from] Stealth Rock
|move|p1a: Lucario|Flash Cannon|p2a: Kommo-o
|-damage|p2a: Kommo-o|0 fnt
|faint|p2a: Kommo-o
|
|upkeep
|
|switch|p2a: Excadrill|Excadrill, F|85/100
|-damage|p2a: Excadrill|82/100|[from] Stealth Rock
|-ability|p2a: Excadrill|Mold Breaker
|turn|44
|
|switch|p1a: Toxapex|Toxapex, F|100/100
|-damage|p1a: Toxapex|88/100|[from] Stealth Rock
|move|p2a: Excadrill|Earthquake|p1a: Toxapex
|-supereffective|p1a: Toxapex
|-damage|p1a: Toxapex|8/100
|
|-heal|p1a: Toxapex|15/100|[from] item: Black Sludge
|upkeep
|turn|45
|
|move|p1a: Toxapex|Baneful Bunker|p1a: Toxapex
|-singleturn|p1a: Toxapex|move: Protect
|move|p2a: Excadrill|Earthquake|p1a: Toxapex
|-activate|p1a: Toxapex|move: Protect
|
|-heal|p1a: Toxapex|21/100|[from] item: Black Sludge
|upkeep
|turn|46
|
|switch|p1a: Ferrothorn|Ferrothorn, M|79/100
|-damage|p1a: Ferrothorn|72/100|[from] Stealth Rock
|move|p2a: Excadrill|Earthquake|p1a: Ferrothorn
|-damage|p1a: Ferrothorn|41/100
|
|-heal|p1a: Ferrothorn|48/100|[from] item: Leftovers
|upkeep
|turn|47
|
|move|p1a: Ferrothorn|Protect|p1a: Ferrothorn
|-singleturn|p1a: Ferrothorn|Protect
|move|p2a: Excadrill|Earthquake|p1a: Ferrothorn
|-activate|p1a: Ferrothorn|move: Protect
|
|-heal|p1a: Ferrothorn|54/100|[from] item: Leftovers
|upkeep
|turn|48
|
|switch|p2a: Clefable|Clefable, F|33/100 brn
|move|p1a: Ferrothorn|Leech Seed|p2a: Clefable
|-start|p2a: Clefable|move: Leech Seed
|
|-heal|p1a: Ferrothorn|60/100|[from] item: Leftovers
|upkeep
|turn|49
|
|switch|p1a: Sylveon|Sylveon, F|93/100
|-damage|p1a: Sylveon|80/100|[from] Stealth Rock
|move|p2a: Clefable|Flamethrower|p1a: Sylveon
|-damage|p1a: Sylveon|61/100
|
|upkeep
|turn|50
|
|switch|p2a: Excadrill|Excadrill, F|82/100
|-damage|p2a: Excadrill|79/100|[from] Stealth Rock
|-ability|p2a: Excadrill|Mold Breaker
|move|p1a: Sylveon|Hyper Voice|p2a: Excadrill
|-resisted|p2a: Excadrill
|-damage|p2a: Excadrill|51/100
|
|upkeep
|turn|51
|
|move|p1a: Sylveon|Protect|p1a: Sylveon
|-singleturn|p1a: Sylveon|Protect
|move|p2a: Excadrill|Earthquake|p1a: Sylveon
|-activate|p1a: Sylveon|move: Protect
|
|upkeep
|turn|52
|
|switch|p1a: Dracozolt|Dracozolt|100/100
|-damage|p1a: Dracozolt|88/100|[from] Stealth Rock
|move|p2a: Excadrill|Earthquake|p1a: Dracozolt
|-supereffective|p1a: Dracozolt
|-damage|p1a: Dracozolt|0 fnt
|faint|p1a: Dracozolt
|
|upkeep
|
|switch|p1a: Ferrothorn|Ferrothorn, M|60/100
|-damage|p1a: Ferrothorn|54/100|[from] Stealth Rock
|turn|53
|
|move|p2a: Excadrill|Earthquake|p1a: Ferrothorn
|-damage|p1a: Ferrothorn|23/100
|move|p1a: Ferrothorn|Leech Seed|p2a: Excadrill
|-start|p2a: Excadrill|move: Leech Seed
|
|-heal|p1a: Ferrothorn|29/100|[from] item: Leftovers
|-damage|p2a: Excadrill|38/100|[from] Leech Seed|[of] p1a: Ferrothorn
|-heal|p1a: Ferrothorn|42/100|[silent]
|upkeep
|turn|54
|
|move|p2a: Excadrill|Earthquake|p1a: Ferrothorn
|-damage|p1a: Ferrothorn|10/100
|move|p1a: Ferrothorn|Iron Head|p2a: Excadrill
|-resisted|p2a: Excadrill
|-damage|p2a: Excadrill|19/100
|
|-heal|p1a: Ferrothorn|16/100|[from] item: Leftovers
|-damage|p2a: Excadrill|6/100|[from] Leech Seed|[of] p1a: Ferrothorn
|-heal|p1a: Ferrothorn|29/100|[silent]
|upkeep
|turn|55
|
|move|p1a: Ferrothorn|Protect|p1a: Ferrothorn
|-singleturn|p1a: Ferrothorn|Protect
|-activate|p2a: Excadrill|move: Struggle
|move|p2a: Excadrill|Struggle|p1a: Ferrothorn
|-activate|p1a: Ferrothorn|move: Protect
|
|-heal|p1a: Ferrothorn|35/100|[from] item: Leftovers
|-damage|p2a: Excadrill|0 fnt|[from] Leech Seed|[of] p1a: Ferrothorn
|-heal|p1a: Ferrothorn|41/100|[silent]
|faint|p2a: Excadrill
|upkeep
|
|switch|p2a: Cinderace|Cinderace, M|71/100 psn
|turn|56
|
|move|p2a: Cinderace|Pyro Ball|p1a: Ferrothorn
|-supereffective|p1a: Ferrothorn
|-damage|p1a: Ferrothorn|0 fnt
|faint|p1a: Ferrothorn
|
|-damage|p2a: Cinderace|59/100 psn|[from] psn
|upkeep
|
|switch|p1a: Toxapex|Toxapex, F|54/100
|-damage|p1a: Toxapex|42/100|[from] Stealth Rock
|turn|57
|
|switch|p2a: Clefable|Clefable, F|33/100 brn
|move|p1a: Toxapex|Recover|p1a: Toxapex
|-heal|p1a: Toxapex|92/100
|
|-heal|p1a: Toxapex|98/100|[from] item: Black Sludge
|upkeep
|turn|58
|
|switch|p1a: Lucario|Lucario, F|95/100
|-damage|p1a: Lucario|92/100|[from] Stealth Rock
|move|p2a: Clefable|Thunderbolt|p1a: Lucario
|-damage|p1a: Lucario|34/100
|
|upkeep
|turn|59
|
|switch|p2a: Cinderace|Cinderace, M|59/100 psn
|move|p1a: Lucario|Flash Cannon|p2a: Cinderace
|-resisted|p2a: Cinderace
|-damage|p2a: Cinderace|29/100 psn
|
|-damage|p2a: Cinderace|16/100 psn|[from] psn
|upkeep
|turn|60
|
|switch|p1a: Toxapex|Toxapex, F|100/100
|-damage|p1a: Toxapex|88/100|[from] Stealth Rock
|move|p2a: Cinderace|Pyro Ball|p1a: Toxapex
|-resisted|p1a: Toxapex
|-damage|p1a: Toxapex|52/100
|
|-heal|p1a: Toxapex|59/100|[from] item: Black Sludge
|-damage|p2a: Cinderace|4/100 psn|[from] psn
|upkeep
|turn|61
|
|switch|p1a: Sylveon|Sylveon, F|61/100
|-damage|p1a: Sylveon|48/100|[from] Stealth Rock
|move|p2a: Cinderace|Pyro Ball|p1a: Sylveon
|-damage|p1a: Sylveon|0 fnt
|faint|p1a: Sylveon
|
|-damage|p2a: Cinderace|0 fnt|[from] psn
|faint|p2a: Cinderace
|upkeep
|
|switch|p2a: Clefable|Clefable, F|33/100 brn
|switch|p1a: Lucario|Lucario, F|34/100
|-damage|p1a: Lucario|31/100|[from] Stealth Rock
|turn|62
|c|☆T.B Qc|gg
|c|☆PunkPalkia|dumabss noob
|-message|PunkPalkia forfeited.
|
|win|T.B Qc
|l|☆PunkPalkia
|raw|T.B Qc's rating: 1736 → 1755(+19 for winning)
|raw|PunkPalkia's rating: 1726 → 1707(-19 for losing)
