|ScrapeTime|2020-01-02-23:38:36
|j|☆Sir Isaac Mewton
|j|☆ur mum is gen8
|player|p1|Sir Isaac Mewton|267|1772
|player|p2|ur mum is gen8|102|1880
|teamsize|p1|6
|teamsize|p2|6
|gametype|singles
|gen|8
|tier|[Gen 8] OU
|rated|
|rule|Sleep Clause Mod: Limit one foe put to sleep
|rule|Species Clause: Limit one of each Pokémon
|rule|OHKO Clause: OHKO moves are banned
|rule|Evasion Moves Clause: Evasion moves are banned
|rule|Endless Battle Clause: Forcing endless battles is banned
|rule|HP Percentage Mod: HP is shown in percentages
|clearpoke
|poke|p1|Aegislash, F|
|poke|p1|Hydreigon, F|
|poke|p1|Corsola-Galar, M|
|poke|p1|Ferrothorn, F|
|poke|p1|Toxapex, F|
|poke|p1|Ditto|
|poke|p2|Mantine, M|
|poke|p2|Pelipper, F|
|poke|p2|Crawdaunt, M|
|poke|p2|Dracovish|
|poke|p2|Rotom-Mow|
|poke|p2|Excadrill, M|
|rule|Dynamax Clause: You cannot dynamax
|teampreview
|
|start
|switch|p1a: Hgon|Hydreigon, F|100/100
|switch|p2a: Pelipper|Pelipper, F|100/100
|-weather|RainDance|[from] ability: Drizzle|[of] p2a: Pelipper
|turn|1
|
|switch|p2a: Excadrill|Excadrill, M|100/100
|-ability|p2a: Excadrill|Mold Breaker
|move|p1a: Hgon|Dark Pulse|p2a: Excadrill
|-damage|p2a: Excadrill|68/100
|
|-weather|RainDance|[upkeep]
|-heal|p2a: Excadrill|74/100|[from] item: Leftovers
|upkeep
|turn|2
|
|move|p1a: Hgon|Dark Pulse|p2a: Excadrill
|-damage|p2a: Excadrill|40/100
|move|p2a: Excadrill|Stealth Rock|p1a: Hgon
|-sidestart|p1: Sir Isaac Mewton|move: Stealth Rock
|
|-weather|RainDance|[upkeep]
|-heal|p2a: Excadrill|46/100|[from] item: Leftovers
|upkeep
|turn|3
|j| mokbih
|
|move|p1a: Hgon|U-turn|p2a: Excadrill
|-resisted|p2a: Excadrill
|-damage|p2a: Excadrill|37/100
|
|switch|p1a: Cola|Corsola-Galar, M|100/100|[from]move: U-turn
|-damage|p1a: Cola|88/100|[from] Stealth Rock
|move|p2a: Excadrill|Earthquake|p1a: Cola
|-damage|p1a: Cola|63/100
|
|-weather|RainDance|[upkeep]
|-heal|p2a: Excadrill|43/100|[from] item: Leftovers
|upkeep
|turn|4
|
|switch|p2a: Rotom|Rotom-Mow|100/100
|move|p1a: Cola|Stealth Rock|p2a: Rotom
|-sidestart|p2: ur mum is gen8|move: Stealth Rock
|
|-weather|RainDance|[upkeep]
|upkeep
|turn|5
|
|move|p2a: Rotom|Nasty Plot|p2a: Rotom
|-boost|p2a: Rotom|spa|2
|move|p1a: Cola|Strength Sap|p2a: Rotom
|-unboost|p2a: Rotom|atk|1
|-heal|p1a: Cola|100/100
|
|-weather|RainDance|[upkeep]
|upkeep
|turn|6
|
|switch|p1a: Fert|Ferrothorn, F|100/100
|-damage|p1a: Fert|94/100|[from] Stealth Rock
|move|p2a: Rotom|Thunder|p1a: Fert
|-resisted|p1a: Fert
|-damage|p1a: Fert|62/100
|
|-weather|RainDance|[upkeep]
|-heal|p1a: Fert|68/100|[from] item: Leftovers
|upkeep
|turn|7
|
|move|p2a: Rotom|Thunder|p1a: Fert
|-resisted|p1a: Fert
|-damage|p1a: Fert|35/100
|-status|p1a: Fert|par
|move|p1a: Fert|Spikes|p2a: Rotom
|-sidestart|p2: ur mum is gen8|Spikes
|
|-weather|RainDance|[upkeep]
|-heal|p1a: Fert|41/100 par|[from] item: Leftovers
|upkeep
|turn|8
|
|move|p2a: Rotom|Thunder|p1a: Fert
|-resisted|p1a: Fert
|-damage|p1a: Fert|10/100 par
|move|p1a: Fert|Knock Off|p2a: Rotom
|-damage|p2a: Rotom|77/100
|-enditem|p2a: Rotom|Leftovers|[from] move: Knock Off|[of] p1a: Fert
|
|-weather|none
|-heal|p1a: Fert|17/100 par|[from] item: Leftovers
|upkeep
|turn|9
|
|move|p2a: Rotom|Thunder|p1a: Fert|[miss]
|-miss|p2a: Rotom|p1a: Fert
|move|p1a: Fert|Gyro Ball|p2a: Rotom
|-resisted|p2a: Rotom
|-damage|p2a: Rotom|52/100
|
|-heal|p1a: Fert|23/100 par|[from] item: Leftovers
|upkeep
|turn|10
|
|move|p2a: Rotom|Thunder|p1a: Fert
|-resisted|p1a: Fert
|-damage|p1a: Fert|0 fnt
|faint|p1a: Fert
|
|upkeep
|
|switch|p1a: Hgon|Hydreigon, F|100/100
|-damage|p1a: Hgon|88/100|[from] Stealth Rock
|turn|11
|
|move|p1a: Hgon|Draco Meteor|p2a: Rotom
|-damage|p2a: Rotom|0 fnt
|-unboost|p1a: Hgon|spa|2
|faint|p2a: Rotom
|
|-heal|p1a: Hgon|94/100|[from] item: Leftovers
|upkeep
|
|switch|p2a: Pelipper|Pelipper, F|100/100
|-damage|p2a: Pelipper|76/100|[from] Stealth Rock
|-weather|RainDance|[from] ability: Drizzle|[of] p2a: Pelipper
|turn|12
|j| scp233
|
|move|p1a: Hgon|U-turn|p2a: Pelipper
|-resisted|p2a: Pelipper
|-damage|p2a: Pelipper|70/100
|
|switch|p1a: Toxe|Toxapex, F|100/100|[from]move: U-turn
|-damage|p1a: Toxe|88/100|[from] Stealth Rock
|move|p2a: Pelipper|U-turn|p1a: Toxe
|-resisted|p1a: Toxe
|-damage|p1a: Toxe|85/100
|
|switch|p2a: Dracovish|Dracovish|100/100|[from]move: U-turn
|-damage|p2a: Dracovish|88/100|[from] Spikes
|-damage|p2a: Dracovish|76/100|[from] Stealth Rock
|
|-weather|RainDance|[upkeep]
|-heal|p1a: Toxe|91/100|[from] item: Black Sludge
|upkeep
|turn|13
|
|move|p2a: Dracovish|Fishious Rend|p1a: Toxe
|-resisted|p1a: Toxe
|-damage|p1a: Toxe|0 fnt
|faint|p1a: Toxe
|
|-weather|RainDance|[upkeep]
|upkeep
|
|switch|p1a: Ditt|Ditto|100/100
|-damage|p1a: Ditt|88/100|[from] Stealth Rock
|-transform|p1a: Ditt|p2a: Dracovish|[from] ability: Imposter
|turn|14
|
|switch|p2a: Excadrill|Excadrill, M|43/100
|-damage|p2a: Excadrill|40/100|[from] Stealth Rock
|-damage|p2a: Excadrill|28/100|[from] Spikes
|-ability|p2a: Excadrill|Mold Breaker
|move|p1a: Ditt|Outrage|p2a: Excadrill
|-resisted|p2a: Excadrill
|-damage|p2a: Excadrill|0 fnt
|faint|p2a: Excadrill
|
|-weather|RainDance|[upkeep]
|upkeep
|j| vonclutch
|
|switch|p2a: Mantine|Mantine, M|100/100
|-damage|p2a: Mantine|76/100|[from] Stealth Rock
|turn|15
|
|move|p2a: Mantine|Hurricane|p1a: Ditt
|-damage|p1a: Ditt|0 fnt
|faint|p1a: Ditt
|
|-weather|RainDance|[upkeep]
|upkeep
|
|switch|p1a: Agsh|Aegislash, F|100/100
|-damage|p1a: Agsh|94/100|[from] Stealth Rock
|turn|16
|j| DevilishGreg
|
|switch|p2a: Crawdaunt|Crawdaunt, M|100/100
|-damage|p2a: Crawdaunt|88/100|[from] Stealth Rock
|-damage|p2a: Crawdaunt|76/100|[from] Spikes
|move|p1a: Agsh|Substitute|p1a: Agsh
|-start|p1a: Agsh|Substitute
|-damage|p1a: Agsh|69/100
|
|-weather|RainDance|[upkeep]
|-heal|p1a: Agsh|75/100|[from] item: Leftovers
|upkeep
|turn|17
|
|move|p1a: Agsh|King's Shield|p1a: Agsh
|-singleturn|p1a: Agsh|Protect
|move|p2a: Crawdaunt|Aqua Jet|p1a: Agsh
|-activate|p1a: Agsh|move: Protect
|-unboost|p2a: Crawdaunt|atk|1
|
|-weather|RainDance|[upkeep]
|-heal|p1a: Agsh|82/100|[from] item: Leftovers
|upkeep
|turn|18
|l| vonclutch
|
|move|p2a: Crawdaunt|Swords Dance|p2a: Crawdaunt
|-boost|p2a: Crawdaunt|atk|2
|move|p1a: Agsh|Substitute|p1a: Agsh
|-fail|p1a: Agsh|move: Substitute
|
|-weather|RainDance|[upkeep]
|-heal|p1a: Agsh|88/100|[from] item: Leftovers
|upkeep
|turn|19
|j| Lo' Sensei
|
|move|p2a: Crawdaunt|Knock Off|p1a: Agsh
|-supereffective|p1a: Agsh
|-end|p1a: Agsh|Substitute
|-damage|p2a: Crawdaunt|66/100|[from] item: Life Orb
|-formechange|p1a: Agsh|Aegislash-Blade||[from] ability: Stance Change
|move|p1a: Agsh|Sacred Sword|p2a: Crawdaunt
|-supereffective|p2a: Crawdaunt
|-damage|p2a: Crawdaunt|0 fnt
|faint|p2a: Crawdaunt
|
|-weather|none
|-heal|p1a: Agsh|94/100|[from] item: Leftovers
|upkeep
|
|switch|p2a: Dracovish|Dracovish|76/100
|-damage|p2a: Dracovish|63/100|[from] Stealth Rock
|-damage|p2a: Dracovish|51/100|[from] Spikes
|turn|20
|
|-formechange|p1a: Agsh|Aegislash||[from] ability: Stance Change
|move|p1a: Agsh|King's Shield|p1a: Agsh
|-singleturn|p1a: Agsh|Protect
|move|p2a: Dracovish|Fishious Rend|p1a: Agsh
|-activate|p1a: Agsh|move: Protect
|-unboost|p2a: Dracovish|atk|1
|
|-heal|p1a: Agsh|99/100|[from] item: Leftovers
|upkeep
|turn|21
|j| i sniff elmers
|
|move|p2a: Dracovish|Fishious Rend|p1a: Agsh
|-damage|p1a: Agsh|18/100
|-formechange|p1a: Agsh|Aegislash-Blade||[from] ability: Stance Change
|move|p1a: Agsh|Shadow Ball|p2a: Dracovish
|-damage|p2a: Dracovish|0 fnt
|faint|p2a: Dracovish
|
|-heal|p1a: Agsh|25/100|[from] item: Leftovers
|upkeep
|
|switch|p2a: Pelipper|Pelipper, F|70/100
|-damage|p2a: Pelipper|45/100|[from] Stealth Rock
|-weather|RainDance|[from] ability: Drizzle|[of] p2a: Pelipper
|turn|22
|
|-formechange|p1a: Agsh|Aegislash||[from] ability: Stance Change
|move|p1a: Agsh|King's Shield|p1a: Agsh
|-singleturn|p1a: Agsh|Protect
|move|p2a: Pelipper|Hurricane|p1a: Agsh
|-activate|p1a: Agsh|move: Protect
|
|-weather|RainDance|[upkeep]
|-heal|p1a: Agsh|31/100|[from] item: Leftovers
|upkeep
|turn|23
|
|move|p2a: Pelipper|Roost|p2a: Pelipper
|-heal|p2a: Pelipper|96/100
|-singleturn|p2a: Pelipper|move: Roost
|-formechange|p1a: Agsh|Aegislash-Blade||[from] ability: Stance Change
|move|p1a: Agsh|Shadow Ball|p2a: Pelipper
|-damage|p2a: Pelipper|24/100
|
|-weather|RainDance|[upkeep]
|-heal|p1a: Agsh|37/100|[from] item: Leftovers
|upkeep
|turn|24
|-message|ur mum is gen8 forfeited.
|
|win|Sir Isaac Mewton
|l|☆ur mum is gen8
