|ScrapeTime|2020-01-01-06:14:40
|j|☆Dannymai
|j|☆A Surfing-Raichu
|player|p1|Dannymai|flannery|1291
|player|p2|A Surfing-Raichu|drayden|1238
|teamsize|p1|6
|teamsize|p2|6
|gametype|singles
|gen|8
|tier|[Gen 8] OU
|rated|
|rule|Sleep Clause Mod: Limit one foe put to sleep
|rule|Species Clause: Limit one of each Pokémon
|rule|OHKO Clause: OHKO moves are banned
|rule|Evasion Moves Clause: Evasion moves are banned
|rule|Endless Battle Clause: Forcing endless battles is banned
|rule|HP Percentage Mod: HP is shown in percentages
|clearpoke
|poke|p1|Toxapex, F|
|poke|p1|Ribombee, M|
|poke|p1|Obstagoon, M|
|poke|p1|Kommo-o, F|
|poke|p1|Hydreigon, M|
|poke|p1|Bewear, M|
|poke|p2|Weavile, F|
|poke|p2|Clefable, F|
|poke|p2|Galvantula, M|
|poke|p2|Dracovish|
|poke|p2|Chandelure, M|
|poke|p2|Bisharp, M|
|rule|Dynamax Clause: You cannot dynamax
|teampreview
|
|start
|switch|p1a: LETMEGETAHUG|Bewear, M, shiny|100/100
|switch|p2a: Weavile|Weavile, F|100/100
|-ability|p2a: Weavile|Pressure
|turn|1
|inactive|Battle timer is ON: inactive players will automatically lose when time's up. (requested by A Surfing-Raichu)
|
|move|p2a: Weavile|Swords Dance|p2a: Weavile
|-boost|p2a: Weavile|atk|2
|move|p1a: LETMEGETAHUG|Drain Punch|p2a: Weavile
|-supereffective|p2a: Weavile
|-crit|p2a: Weavile
|-damage|p2a: Weavile|0 fnt
|faint|p2a: Weavile
|
|upkeep
|
|switch|p2a: Clefable|Clefable, F|100/100
|turn|2
|
|switch|p1a: I'M TOXIC BITCH|Toxapex, F, shiny|100/100
|move|p2a: Clefable|Moonblast|p1a: I'M TOXIC BITCH
|-resisted|p1a: I'M TOXIC BITCH
|-damage|p1a: I'M TOXIC BITCH|84/100
|
|-heal|p1a: I'M TOXIC BITCH|90/100|[from] item: Black Sludge
|upkeep
|turn|3
|
|move|p2a: Clefable|Wish|p2a: Clefable
|move|p1a: I'M TOXIC BITCH|Gunk Shot|p2a: Clefable|[miss]
|-miss|p1a: I'M TOXIC BITCH|p2a: Clefable
|
|-heal|p1a: I'M TOXIC BITCH|96/100|[from] item: Black Sludge
|upkeep
|turn|4
|
|move|p2a: Clefable|Thunder Wave|p1a: I'M TOXIC BITCH
|-status|p1a: I'M TOXIC BITCH|par
|move|p1a: I'M TOXIC BITCH|Gunk Shot|p2a: Clefable
|-supereffective|p2a: Clefable
|-damage|p2a: Clefable|35/100
|
|-heal|p2a: Clefable|85/100|[from] move: Wish|[wisher] Clefable
|-heal|p1a: I'M TOXIC BITCH|100/100 par|[from] item: Black Sludge
|upkeep
|turn|5
|
|switch|p2a: Bisharp|Bisharp, M|100/100
|move|p1a: I'M TOXIC BITCH|Gunk Shot|p2a: Bisharp
|-immune|p2a: Bisharp
|
|upkeep
|turn|6
|
|move|p2a: Bisharp|Swords Dance|p2a: Bisharp
|-boost|p2a: Bisharp|atk|2
|move|p1a: I'M TOXIC BITCH|Scald|p2a: Bisharp
|-damage|p2a: Bisharp|75/100
|
|upkeep
|turn|7
|
|move|p2a: Bisharp|Throat Chop|p1a: I'M TOXIC BITCH
|-damage|p1a: I'M TOXIC BITCH|31/100 par
|-start|p1a: I'M TOXIC BITCH|Throat Chop|[silent]
|move|p1a: I'M TOXIC BITCH|Scald|p2a: Bisharp
|-damage|p2a: Bisharp|44/100
|-status|p2a: Bisharp|brn
|-enditem|p2a: Bisharp|Lum Berry|[eat]
|-curestatus|p2a: Bisharp|brn|[msg]
|
|-heal|p1a: I'M TOXIC BITCH|37/100 par|[from] item: Black Sludge
|upkeep
|turn|8
|
|cant|p1a: I'M TOXIC BITCH|par
|move|p2a: Bisharp|Swords Dance|p2a: Bisharp
|-boost|p2a: Bisharp|atk|2
|
|-heal|p1a: I'M TOXIC BITCH|44/100 par|[from] item: Black Sludge
|-end|p1a: I'M TOXIC BITCH|Throat Chop|[silent]
|upkeep
|turn|9
|
|move|p1a: I'M TOXIC BITCH|Baneful Bunker|p1a: I'M TOXIC BITCH
|-singleturn|p1a: I'M TOXIC BITCH|move: Protect
|move|p2a: Bisharp|Throat Chop|p1a: I'M TOXIC BITCH
|-activate|p1a: I'M TOXIC BITCH|move: Protect
|
|-heal|p1a: I'M TOXIC BITCH|50/100 par|[from] item: Black Sludge
|upkeep
|turn|10
|
|move|p1a: I'M TOXIC BITCH|Baneful Bunker|p1a: I'M TOXIC BITCH
|-singleturn|p1a: I'M TOXIC BITCH|move: Protect
|move|p2a: Bisharp|Throat Chop|p1a: I'M TOXIC BITCH
|-activate|p1a: I'M TOXIC BITCH|move: Protect
|
|-heal|p1a: I'M TOXIC BITCH|56/100 par|[from] item: Black Sludge
|upkeep
|turn|11
|
|move|p2a: Bisharp|Throat Chop|p1a: I'M TOXIC BITCH
|-damage|p1a: I'M TOXIC BITCH|0 fnt
|faint|p1a: I'M TOXIC BITCH
|
|upkeep
|
|switch|p1a: WILDIN OUT|Obstagoon, M, shiny|100/100
|turn|12
|
|move|p2a: Bisharp|Sucker Punch|p1a: WILDIN OUT
|-resisted|p1a: WILDIN OUT
|-damage|p1a: WILDIN OUT|37/100
|move|p1a: WILDIN OUT|Close Combat|p2a: Bisharp
|-supereffective|p2a: Bisharp
|-damage|p2a: Bisharp|0 fnt
|-unboost|p1a: WILDIN OUT|def|1
|-unboost|p1a: WILDIN OUT|spd|1
|faint|p2a: Bisharp
|
|-status|p1a: WILDIN OUT|brn|[from] item: Flame Orb
|upkeep
|
|switch|p2a: Galvantula|Galvantula, M|100/100
|turn|13
|
|move|p2a: Galvantula|Bug Buzz|p1a: WILDIN OUT
|-supereffective|p1a: WILDIN OUT
|-damage|p1a: WILDIN OUT|0 fnt
|faint|p1a: WILDIN OUT
|
|upkeep
|
|switch|p1a: BANANA BITCH|Kommo-o, F, shiny|100/100
|turn|14
|
|move|p2a: Galvantula|Thunder Wave|p1a: BANANA BITCH
|-status|p1a: BANANA BITCH|par
|move|p1a: BANANA BITCH|Clangorous Soul|p1a: BANANA BITCH
|-boost|p1a: BANANA BITCH|atk|1
|-boost|p1a: BANANA BITCH|def|1
|-boost|p1a: BANANA BITCH|spa|1
|-boost|p1a: BANANA BITCH|spd|1
|-boost|p1a: BANANA BITCH|spe|1
|-damage|p1a: BANANA BITCH|67/100 par
|-enditem|p1a: BANANA BITCH|Throat Spray
|-boost|p1a: BANANA BITCH|spa|1
|
|upkeep
|turn|15
|
|move|p2a: Galvantula|Volt Switch|p1a: BANANA BITCH
|-resisted|p1a: BANANA BITCH
|-damage|p1a: BANANA BITCH|55/100 par
|
|switch|p2a: Clefable|Clefable, F|85/100|[from]move: Volt Switch
|cant|p1a: BANANA BITCH|par
|
|upkeep
|turn|16
|
|move|p2a: Clefable|Moonblast|p1a: BANANA BITCH
|-supereffective|p1a: BANANA BITCH
|-damage|p1a: BANANA BITCH|0 fnt
|faint|p1a: BANANA BITCH
|
|upkeep
|
|switch|p1a: LETMEGETAHUG|Bewear, M, shiny|100/100
|turn|17
|
|move|p2a: Clefable|Moonblast|p1a: LETMEGETAHUG
|-supereffective|p1a: LETMEGETAHUG
|-damage|p1a: LETMEGETAHUG|0 fnt
|faint|p1a: LETMEGETAHUG
|
|upkeep
|
|switch|p1a: CUTE BITCH|Ribombee, M, shiny|100/100
|turn|18
|
|move|p1a: CUTE BITCH|Stun Spore|p2a: Clefable
|-status|p2a: Clefable|par
|cant|p2a: Clefable|par
|
|upkeep
|turn|19
|
|move|p1a: CUTE BITCH|Quiver Dance|p1a: CUTE BITCH
|-boost|p1a: CUTE BITCH|spa|1
|-boost|p1a: CUTE BITCH|spd|1
|-boost|p1a: CUTE BITCH|spe|1
|move|p2a: Clefable|Moonblast|p1a: CUTE BITCH
|-damage|p1a: CUTE BITCH|34/100
|
|upkeep
|turn|20
|
|move|p1a: CUTE BITCH|Quiver Dance|p1a: CUTE BITCH
|-boost|p1a: CUTE BITCH|spa|1
|-boost|p1a: CUTE BITCH|spd|1
|-boost|p1a: CUTE BITCH|spe|1
|move|p2a: Clefable|Moonblast|p1a: CUTE BITCH
|-damage|p1a: CUTE BITCH|0 fnt
|faint|p1a: CUTE BITCH
|
|upkeep
|
|switch|p1a: HAIL HYDRA|Hydreigon, M, shiny|100/100
|turn|21
|
|move|p1a: HAIL HYDRA|Nasty Plot|p1a: HAIL HYDRA
|-boost|p1a: HAIL HYDRA|spa|2
|move|p2a: Clefable|Moonblast|p1a: HAIL HYDRA
|-supereffective|p1a: HAIL HYDRA
|-damage|p1a: HAIL HYDRA|0 fnt
|faint|p1a: HAIL HYDRA
|
|win|A Surfing-Raichu
