|ScrapeTime|2020-01-01-12:44:59
|j|☆haunted hero
|j|☆Mendel234
|player|p1|haunted hero|acetrainerf-gen4|1577
|player|p2|Mendel234|blue|1574
|teamsize|p1|6
|teamsize|p2|6
|gametype|singles
|gen|8
|tier|[Gen 8] OU
|rated|
|rule|Sleep Clause Mod: Limit one foe put to sleep
|rule|Species Clause: Limit one of each Pokémon
|rule|OHKO Clause: OHKO moves are banned
|rule|Evasion Moves Clause: Evasion moves are banned
|rule|Endless Battle Clause: Forcing endless battles is banned
|rule|HP Percentage Mod: HP is shown in percentages
|clearpoke
|poke|p1|Conkeldurr, F|
|poke|p1|Dragapult, M|
|poke|p1|Rotom-Heat|
|poke|p1|Corviknight, M|
|poke|p1|Snorlax, F|
|poke|p1|Hydreigon, M|
|poke|p2|Corviknight, M|
|poke|p2|Gastrodon-East, M|
|poke|p2|Cinderace, M|
|poke|p2|Clefable, F|
|poke|p2|Dragapult, M|
|poke|p2|Dracozolt|
|rule|Dynamax Clause: You cannot dynamax
|teampreview
|j| TheLindomar
|
|start
|switch|p1a: Conkeldurr|Conkeldurr, F|100/100
|switch|p2a: Cinderace|Cinderace, M|100/100
|turn|1
|j| 4G3NC Fusien
|
|move|p2a: Cinderace|U-turn|p1a: Conkeldurr
|-resisted|p1a: Conkeldurr
|-damage|p1a: Conkeldurr|90/100
|
|switch|p2a: Corviknight|Corviknight, M|100/100|[from]move: U-turn
|-ability|p2a: Corviknight|Pressure
|move|p1a: Conkeldurr|Drain Punch|p2a: Corviknight
|-damage|p2a: Corviknight|74/100
|-heal|p1a: Conkeldurr|100/100|[from] drain|[of] p2a: Corviknight
|
|-heal|p2a: Corviknight|80/100|[from] item: Leftovers
|-status|p1a: Conkeldurr|brn|[from] item: Flame Orb
|upkeep
|turn|2
|l| TheLindomar
|
|move|p1a: Conkeldurr|Drain Punch|p2a: Corviknight
|-damage|p2a: Corviknight|40/100
|move|p2a: Corviknight|Brave Bird|p1a: Conkeldurr
|-supereffective|p1a: Conkeldurr
|-damage|p1a: Conkeldurr|32/100 brn
|-damage|p2a: Corviknight|19/100|[from] Recoil
|
|-heal|p2a: Corviknight|26/100|[from] item: Leftovers
|-damage|p1a: Conkeldurr|26/100 brn|[from] brn
|upkeep
|turn|3
|inactive|Battle timer is ON: inactive players will automatically lose when time's up. (requested by Mendel234)
|
|switch|p2a: Dragapult|Dragapult, M|100/100
|move|p1a: Conkeldurr|Earthquake|p2a: Dragapult
|-damage|p2a: Dragapult|12/100
|
|-damage|p1a: Conkeldurr|20/100 brn|[from] brn
|upkeep
|turn|4
|
|switch|p1a: Corviknight|Corviknight, M|100/100
|-ability|p1a: Corviknight|Pressure
|move|p2a: Dragapult|Dragon Darts|p1a: Corviknight
|-resisted|p1a: Corviknight
|-damage|p1a: Corviknight|91/100
|-resisted|p1a: Corviknight
|-damage|p1a: Corviknight|81/100
|-hitcount|p1a: Corviknight|2
|
|-heal|p1a: Corviknight|87/100|[from] item: Leftovers
|upkeep
|turn|5
|
|switch|p2a: Dracozolt|Dracozolt|100/100
|move|p1a: Corviknight|Taunt|p2a: Dracozolt
|-start|p2a: Dracozolt|move: Taunt
|
|-heal|p1a: Corviknight|93/100|[from] item: Leftovers
|upkeep
|turn|6
|inactive|haunted hero has 120 seconds left.
|
|move|p2a: Dracozolt|Bolt Beak|p1a: Corviknight
|-supereffective|p1a: Corviknight
|-damage|p1a: Corviknight|0 fnt
|-damage|p2a: Dracozolt|91/100|[from] item: Life Orb
|faint|p1a: Corviknight
|
|upkeep
|
|switch|p1a: Hydreigon|Hydreigon, M|100/100
|turn|7
|j| keepingiticy
|
|switch|p2a: Gastrodon|Gastrodon-East, M|100/100
|move|p1a: Hydreigon|U-turn|p2a: Gastrodon
|-damage|p2a: Gastrodon|85/100
|inactive|haunted hero has 90 seconds left.
|
|switch|p1a: Conkeldurr|Conkeldurr, F|20/100 brn|[from]move: U-turn
|
|-heal|p2a: Gastrodon|91/100|[from] item: Leftovers
|-damage|p1a: Conkeldurr|13/100 brn|[from] brn
|upkeep
|turn|8
|c| keepingiticy|i cant do this hero
|
|switch|p2a: Dragapult|Dragapult, M|12/100
|move|p1a: Conkeldurr|Drain Punch|p2a: Dragapult
|-immune|p2a: Dragapult
|
|-damage|p1a: Conkeldurr|7/100 brn|[from] brn
|upkeep
|turn|9
|c| keepingiticy|its snowy
|j| Ashukitah
|l| Ashukitah
|c|☆haunted hero|ayeee snowy
|inactive|haunted hero has 90 seconds left.
|
|switch|p1a: Rotom|Rotom-Heat|100/100
|move|p2a: Dragapult|Dragon Darts|p1a: Rotom
|-damage|p1a: Rotom|82/100
|-damage|p1a: Rotom|65/100
|-hitcount|p1a: Rotom|2
|
|-heal|p1a: Rotom|71/100|[from] item: Leftovers
|upkeep
|turn|10
|inactive|Mendel234 has 120 seconds left.
|
|switch|p2a: Gastrodon|Gastrodon-East, M|91/100
|switch|p1a: Conkeldurr|Conkeldurr, F|7/100 brn
|
|-heal|p2a: Gastrodon|98/100|[from] item: Leftovers
|-damage|p1a: Conkeldurr|1/100 brn|[from] brn
|upkeep
|turn|11
|inactive|Mendel234 has 120 seconds left.
|
|switch|p2a: Corviknight|Corviknight, M|26/100
|-ability|p2a: Corviknight|Pressure
|move|p1a: Conkeldurr|Earthquake|p2a: Corviknight
|-immune|p2a: Corviknight
|
|-heal|p2a: Corviknight|32/100|[from] item: Leftovers
|-damage|p1a: Conkeldurr|0 fnt|[from] brn
|faint|p1a: Conkeldurr
|upkeep
|c|☆haunted hero|waht
|c|☆haunted hero|the fuck
|
|switch|p1a: Hydreigon|Hydreigon, M|100/100
|turn|12
|
|switch|p2a: Clefable|Clefable, F|100/100
|move|p1a: Hydreigon|U-turn|p2a: Clefable
|-resisted|p2a: Clefable
|-damage|p2a: Clefable|91/100
|
|switch|p1a: Snorlax|Snorlax, F|100/100|[from]move: U-turn
|
|upkeep
|turn|13
|
|move|p2a: Clefable|Moonblast|p1a: Snorlax
|-damage|p1a: Snorlax|75/100
|-unboost|p1a: Snorlax|spa|1
|move|p1a: Snorlax|Curse|p1a: Snorlax
|-unboost|p1a: Snorlax|spe|1
|-boost|p1a: Snorlax|atk|1
|-boost|p1a: Snorlax|def|1
|
|-heal|p1a: Snorlax|81/100|[from] item: Leftovers
|upkeep
|turn|14
|
|switch|p2a: Corviknight|Corviknight, M|32/100
|-ability|p2a: Corviknight|Pressure
|move|p1a: Snorlax|Curse|p1a: Snorlax
|-unboost|p1a: Snorlax|spe|1
|-boost|p1a: Snorlax|atk|1
|-boost|p1a: Snorlax|def|1
|
|-heal|p2a: Corviknight|38/100|[from] item: Leftovers
|-heal|p1a: Snorlax|87/100|[from] item: Leftovers
|upkeep
|turn|15
|
|move|p2a: Corviknight|Taunt|p1a: Snorlax
|-start|p1a: Snorlax|move: Taunt
|cant|p1a: Snorlax|move: Taunt|Curse
|
|-heal|p2a: Corviknight|44/100|[from] item: Leftovers
|-heal|p1a: Snorlax|93/100|[from] item: Leftovers
|upkeep
|turn|16
|c| keepingiticy|did i built this team
|c|☆haunted hero|nah
|
|move|p2a: Corviknight|Body Press|p1a: Snorlax
|-supereffective|p1a: Snorlax
|-damage|p1a: Snorlax|68/100
|move|p1a: Snorlax|Body Slam|p2a: Corviknight
|-resisted|p2a: Corviknight
|-crit|p2a: Corviknight
|-damage|p2a: Corviknight|15/100
|
|-heal|p2a: Corviknight|22/100|[from] item: Leftovers
|-heal|p1a: Snorlax|74/100|[from] item: Leftovers
|upkeep
|turn|17
|inactive|haunted hero has 120 seconds left.
|
|move|p2a: Corviknight|Roost|p2a: Corviknight
|-heal|p2a: Corviknight|72/100
|-singleturn|p2a: Corviknight|move: Roost
|move|p1a: Snorlax|Darkest Lariat|p2a: Corviknight
|-damage|p2a: Corviknight|45/100
|
|-heal|p2a: Corviknight|51/100|[from] item: Leftovers
|-heal|p1a: Snorlax|80/100|[from] item: Leftovers
|-end|p1a: Snorlax|move: Taunt
|upkeep
|turn|18
|
|move|p2a: Corviknight|Taunt|p1a: Snorlax
|-start|p1a: Snorlax|move: Taunt
|move|p1a: Snorlax|Darkest Lariat|p2a: Corviknight
|-damage|p2a: Corviknight|22/100
|
|-heal|p2a: Corviknight|29/100|[from] item: Leftovers
|-heal|p1a: Snorlax|86/100|[from] item: Leftovers
|upkeep
|turn|19
|
|move|p2a: Corviknight|Roost|p2a: Corviknight
|-heal|p2a: Corviknight|78/100
|-singleturn|p2a: Corviknight|move: Roost
|move|p1a: Snorlax|Darkest Lariat|p2a: Corviknight
|-damage|p2a: Corviknight|52/100
|
|-heal|p2a: Corviknight|58/100|[from] item: Leftovers
|-heal|p1a: Snorlax|92/100|[from] item: Leftovers
|upkeep
|turn|20
|
|switch|p1a: Rotom|Rotom-Heat|71/100
|move|p2a: Corviknight|Body Press|p1a: Rotom
|-damage|p1a: Rotom|49/100
|
|-heal|p1a: Rotom|55/100|[from] item: Leftovers
|-heal|p2a: Corviknight|64/100|[from] item: Leftovers
|upkeep
|turn|21
|
|switch|p1a: Dragapult|Dragapult, M|100/100
|switch|p2a: Gastrodon|Gastrodon-East, M|98/100
|
|-heal|p2a: Gastrodon|100/100|[from] item: Leftovers
|upkeep
|turn|22
|
|move|p1a: Dragapult|Substitute|p1a: Dragapult
|-start|p1a: Dragapult|Substitute
|-damage|p1a: Dragapult|76/100
|move|p2a: Gastrodon|Ice Beam|p1a: Dragapult
|-supereffective|p1a: Dragapult
|-end|p1a: Dragapult|Substitute
|
|-heal|p1a: Dragapult|82/100|[from] item: Leftovers
|upkeep
|turn|23
|c|☆haunted hero|ice beam
|c|☆haunted hero|gastro
|c|☆haunted hero|ur tech is too nice
|
|switch|p1a: Snorlax|Snorlax, F|92/100
|switch|p2a: Dragapult|Dragapult, M|12/100
|
|-heal|p1a: Snorlax|99/100|[from] item: Leftovers
|upkeep
|turn|24
|
|move|p2a: Dragapult|U-turn|p1a: Snorlax
|-damage|p1a: Snorlax|77/100
|
|switch|p2a: Corviknight|Corviknight, M|64/100|[from]move: U-turn
|-ability|p2a: Corviknight|Pressure
|move|p1a: Snorlax|Curse|p1a: Snorlax
|-unboost|p1a: Snorlax|spe|1
|-boost|p1a: Snorlax|atk|1
|-boost|p1a: Snorlax|def|1
|
|-heal|p2a: Corviknight|70/100|[from] item: Leftovers
|-heal|p1a: Snorlax|84/100|[from] item: Leftovers
|upkeep
|turn|25
|inactive|haunted hero has 120 seconds left.
|
|move|p2a: Corviknight|Taunt|p1a: Snorlax
|-start|p1a: Snorlax|move: Taunt
|move|p1a: Snorlax|Darkest Lariat|p2a: Corviknight
|-damage|p2a: Corviknight|48/100
|
|-heal|p2a: Corviknight|54/100|[from] item: Leftovers
|-heal|p1a: Snorlax|90/100|[from] item: Leftovers
|upkeep
|turn|26
|inactive|haunted hero has 120 seconds left.
|
|switch|p1a: Rotom|Rotom-Heat|55/100
|move|p2a: Corviknight|Roost|p2a: Corviknight
|-heal|p2a: Corviknight|100/100
|-singleturn|p2a: Corviknight|move: Roost
|
|-heal|p1a: Rotom|61/100|[from] item: Leftovers
|upkeep
|turn|27
|
|switch|p2a: Gastrodon|Gastrodon-East, M|100/100
|move|p1a: Rotom|Nasty Plot|p1a: Rotom
|-boost|p1a: Rotom|spa|2
|
|-heal|p1a: Rotom|68/100|[from] item: Leftovers
|upkeep
|turn|28
|
|switch|p1a: Snorlax|Snorlax, F|90/100
|move|p2a: Gastrodon|Scald|p1a: Snorlax
|-damage|p1a: Snorlax|76/100
|-status|p1a: Snorlax|brn
|
|-heal|p1a: Snorlax|83/100 brn|[from] item: Leftovers
|-damage|p1a: Snorlax|76/100 brn|[from] brn
|upkeep
|turn|29
|c|☆haunted hero|oh epic
|
|switch|p2a: Corviknight|Corviknight, M|100/100
|-ability|p2a: Corviknight|Pressure
|move|p1a: Snorlax|Rest|p1a: Snorlax
|-status|p1a: Snorlax|slp|[from] move: Rest
|-heal|p1a: Snorlax|100/100 slp|[silent]
|
|upkeep
|turn|30
|
|move|p2a: Corviknight|Body Press|p1a: Snorlax
|-supereffective|p1a: Snorlax
|-damage|p1a: Snorlax|51/100 slp
|cant|p1a: Snorlax|slp
|
|-heal|p1a: Snorlax|57/100 slp|[from] item: Leftovers
|upkeep
|turn|31
|c|☆haunted hero|i legit
|c|☆haunted hero|dont have time for this
|c|☆haunted hero|and im going to lose rating to a guy who switches in recklessely
|inactive|haunted hero has 120 seconds left.
|
|switch|p1a: Rotom|Rotom-Heat|68/100
|move|p2a: Corviknight|Brave Bird|p1a: Rotom
|-resisted|p1a: Rotom
|-damage|p1a: Rotom|55/100
|-damage|p2a: Corviknight|97/100|[from] Recoil
|
|-heal|p1a: Rotom|61/100|[from] item: Leftovers
|-heal|p2a: Corviknight|100/100|[from] item: Leftovers
|upkeep
|turn|32
|
|switch|p2a: Gastrodon|Gastrodon-East, M|100/100
|move|p1a: Rotom|Overheat|p2a: Gastrodon
|-resisted|p2a: Gastrodon
|-damage|p2a: Gastrodon|84/100
|-unboost|p1a: Rotom|spa|2
|
|-heal|p1a: Rotom|67/100|[from] item: Leftovers
|-heal|p2a: Gastrodon|90/100|[from] item: Leftovers
|upkeep
|turn|33
|
|switch|p1a: Snorlax|Snorlax, F|57/100 slp
|move|p2a: Gastrodon|Scald|p1a: Snorlax
|-damage|p1a: Snorlax|44/100 slp
|
|-heal|p2a: Gastrodon|96/100|[from] item: Leftovers
|-heal|p1a: Snorlax|50/100 slp|[from] item: Leftovers
|upkeep
|turn|34
|
|switch|p2a: Dracozolt|Dracozolt|91/100
|cant|p1a: Snorlax|slp
|
|-heal|p1a: Snorlax|56/100 slp|[from] item: Leftovers
|upkeep
|turn|35
|
|switch|p1a: Rotom|Rotom-Heat|67/100
|move|p2a: Dracozolt|Bolt Beak|p1a: Rotom
|-resisted|p1a: Rotom
|-damage|p1a: Rotom|7/100
|-damage|p2a: Dracozolt|81/100|[from] item: Life Orb
|
|-heal|p1a: Rotom|13/100|[from] item: Leftovers
|upkeep
|turn|36
|
|move|p2a: Dracozolt|Dragon Claw|p1a: Rotom
|-damage|p1a: Rotom|0 fnt
|-damage|p2a: Dracozolt|71/100|[from] item: Life Orb
|faint|p1a: Rotom
|
|upkeep
|
|switch|p1a: Hydreigon|Hydreigon, M|100/100
|turn|37
|
|switch|p2a: Clefable|Clefable, F|91/100
|move|p1a: Hydreigon|Draco Meteor|p2a: Clefable
|-immune|p2a: Clefable
|
|upkeep
|turn|38
|
|switch|p1a: Snorlax|Snorlax, F|56/100 slp
|move|p2a: Clefable|Moonblast|p1a: Snorlax
|-damage|p1a: Snorlax|29/100 slp
|
|-heal|p1a: Snorlax|35/100 slp|[from] item: Leftovers
|upkeep
|turn|39
|
|switch|p2a: Corviknight|Corviknight, M|100/100
|-ability|p2a: Corviknight|Pressure
|-curestatus|p1a: Snorlax|slp|[msg]
|move|p1a: Snorlax|Rest|p1a: Snorlax
|-status|p1a: Snorlax|slp|[from] move: Rest
|-heal|p1a: Snorlax|100/100 slp|[silent]
|
|upkeep
|turn|40
|
|switch|p1a: Dragapult|Dragapult, M|82/100
|move|p2a: Corviknight|Brave Bird|p1a: Dragapult
|-damage|p1a: Dragapult|35/100
|-damage|p2a: Corviknight|88/100|[from] Recoil
|
|-heal|p1a: Dragapult|41/100|[from] item: Leftovers
|-heal|p2a: Corviknight|94/100|[from] item: Leftovers
|upkeep
|turn|41
|j| TheLindomar
|
|move|p1a: Dragapult|Substitute|p1a: Dragapult
|-start|p1a: Dragapult|Substitute
|-damage|p1a: Dragapult|17/100
|move|p2a: Corviknight|Brave Bird|p1a: Dragapult
|-crit|p1a: Dragapult
|-end|p1a: Dragapult|Substitute
|-damage|p2a: Corviknight|88/100|[from] Recoil|[of] p1a: Dragapult
|
|-heal|p1a: Dragapult|23/100|[from] item: Leftovers
|-heal|p2a: Corviknight|94/100|[from] item: Leftovers
|upkeep
|turn|42
|
|move|p1a: Dragapult|Phantom Force||[still]
|-prepare|p1a: Dragapult|Phantom Force|p2a: Corviknight
|move|p2a: Corviknight|Brave Bird|p1a: Dragapult|[miss]
|-miss|p2a: Corviknight|p1a: Dragapult
|
|-heal|p1a: Dragapult|28/100|[from] item: Leftovers
|-heal|p2a: Corviknight|100/100|[from] item: Leftovers
|upkeep
|turn|43
|
|move|p1a: Dragapult|Phantom Force|p2a: Corviknight|[from]lockedmove
|-damage|p2a: Corviknight|75/100
|move|p2a: Corviknight|Brave Bird|p1a: Dragapult
|-damage|p1a: Dragapult|0 fnt
|-damage|p2a: Corviknight|68/100|[from] Recoil
|faint|p1a: Dragapult
|
|-heal|p2a: Corviknight|74/100|[from] item: Leftovers
|upkeep
|
|switch|p1a: Hydreigon|Hydreigon, M|100/100
|turn|44
|
|switch|p2a: Clefable|Clefable, F|91/100
|move|p1a: Hydreigon|Fire Blast|p2a: Clefable
|-damage|p2a: Clefable|57/100
|
|upkeep
|turn|45
|c|☆haunted hero|literally won on his misplay
|c|☆haunted hero|insane
|
|move|p1a: Hydreigon|Fire Blast|p2a: Clefable
|-crit|p2a: Clefable
|-damage|p2a: Clefable|2/100
|move|p2a: Clefable|Moonblast|p1a: Hydreigon
|-supereffective|p1a: Hydreigon
|-damage|p1a: Hydreigon|0 fnt
|faint|p1a: Hydreigon
|
|upkeep
|
|switch|p1a: Snorlax|Snorlax, F|100/100 slp
|turn|46
|
|switch|p2a: Dracozolt|Dracozolt|71/100
|cant|p1a: Snorlax|slp
|
|upkeep
|turn|47
|
|move|p2a: Dracozolt|Bolt Beak|p1a: Snorlax
|-damage|p1a: Snorlax|0 fnt
|-damage|p2a: Dracozolt|61/100|[from] item: Life Orb
|faint|p1a: Snorlax
|
|win|Mendel234
|c| keepingiticy|rip
|raw|haunted hero's rating: 1577 → 1557(-20 for losing)
|raw|Mendel234's rating: 1574 → 1594(+20 for winning)
|l|☆haunted hero
|c| 4G3NC Fusien|eh i wouldn't say it was a misplay on conk
|l| keepingiticy
|c| 4G3NC Fusien|more like a risky yet needed play
|c| 4G3NC Fusien|but have a happy new year man :]
|c|☆Mendel234|Thx u 2 guys
|l| 4G3NC Fusien
