|ScrapeTime|2020-01-02-11:06:21
|j|☆Ridroque
|j|☆Smiley1107
|player|p1|Ridroque|benga|1046
|player|p2|Smiley1107|70|1055
|teamsize|p1|6
|teamsize|p2|6
|gametype|singles
|gen|8
|tier|[Gen 8] OU
|rated|
|rule|Sleep Clause Mod: Limit one foe put to sleep
|rule|Species Clause: Limit one of each Pokémon
|rule|OHKO Clause: OHKO moves are banned
|rule|Evasion Moves Clause: Evasion moves are banned
|rule|Endless Battle Clause: Forcing endless battles is banned
|rule|HP Percentage Mod: HP is shown in percentages
|clearpoke
|poke|p1|Bisharp, M|
|poke|p1|Aegislash, F|
|poke|p1|Dragapult, M|
|poke|p1|Hydreigon, M|
|poke|p1|Corviknight, F|
|poke|p1|Toxtricity, F|
|poke|p2|Rapidash-Galar, F|
|poke|p2|Corviknight, F|
|poke|p2|Toxtricity-Low-Key, M|
|poke|p2|Corsola-Galar, F|
|poke|p2|Indeedee, M|
|poke|p2|Ditto|
|rule|Dynamax Clause: You cannot dynamax
|teampreview
|
|start
|switch|p1a: LAINK|Aegislash, F, shiny|100/100
|switch|p2a: Dan|Toxtricity-Low-Key, M|100/100
|turn|1
|
|move|p2a: Dan|Volt Switch|p1a: LAINK
|-damage|p1a: LAINK|81/100
|
|switch|p2a: Maximus|Corviknight, F|100/100|[from]move: Volt Switch
|-formechange|p1a: LAINK|Aegislash-Blade||[from] ability: Stance Change
|move|p1a: LAINK|Close Combat|p2a: Maximus
|-damage|p2a: Maximus|78/100
|-damage|p1a: LAINK|65/100|[from] item: Rocky Helmet|[of] p2a: Maximus
|-unboost|p1a: LAINK|def|1
|-unboost|p1a: LAINK|spd|1
|
|upkeep
|turn|2
|
|switch|p1a: CORINOME|Dragapult, M|100/100
|move|p2a: Maximus|Brave Bird|p1a: CORINOME
|-damage|p1a: CORINOME|60/100
|-damage|p2a: Maximus|66/100|[from] Recoil
|
|-heal|p1a: CORINOME|66/100|[from] item: Leftovers
|upkeep
|turn|3
|
|switch|p2a: Skittles|Rapidash-Galar, F, shiny|100/100
|move|p1a: CORINOME|Draco Meteor|p2a: Skittles
|-immune|p2a: Skittles
|
|-heal|p1a: CORINOME|72/100|[from] item: Leftovers
|upkeep
|turn|4
|
|switch|p1a: LAINK|Aegislash, F, shiny|65/100
|move|p2a: Skittles|Swords Dance|p2a: Skittles
|-boost|p2a: Skittles|atk|2
|
|upkeep
|turn|5
|
|move|p2a: Skittles|High Horsepower|p1a: LAINK
|-supereffective|p1a: LAINK
|-damage|p1a: LAINK|0 fnt
|-damage|p2a: Skittles|91/100|[from] item: Life Orb
|faint|p1a: LAINK
|
|upkeep
|
|switch|p1a: xXDARKSASSOUGUAIXx|Bisharp, M, shiny|100/100
|turn|6
|
|move|p2a: Skittles|High Horsepower|p1a: xXDARKSASSOUGUAIXx
|-supereffective|p1a: xXDARKSASSOUGUAIXx
|-damage|p1a: xXDARKSASSOUGUAIXx|0 fnt
|-damage|p2a: Skittles|81/100|[from] item: Life Orb
|faint|p1a: xXDARKSASSOUGUAIXx
|
|upkeep
|
|switch|p1a: IDRAGONNE|Hydreigon, M|100/100
|turn|7
|j| PTYellow1
|
|move|p2a: Skittles|Play Rough|p1a: IDRAGONNE
|-supereffective|p1a: IDRAGONNE
|-enditem|p1a: IDRAGONNE|Focus Sash
|-damage|p1a: IDRAGONNE|1/100
|-damage|p2a: Skittles|71/100|[from] item: Life Orb
|move|p1a: IDRAGONNE|Rock Slide|p2a: Skittles|[miss]
|-miss|p1a: IDRAGONNE|p2a: Skittles
|
|upkeep
|turn|8
|
|move|p2a: Skittles|Play Rough|p1a: IDRAGONNE
|-supereffective|p1a: IDRAGONNE
|-damage|p1a: IDRAGONNE|0 fnt
|-damage|p2a: Skittles|61/100|[from] item: Life Orb
|faint|p1a: IDRAGONNE
|
|upkeep
|
|switch|p1a: CORINOME|Dragapult, M|72/100
|turn|9
|
|move|p1a: CORINOME|Draco Meteor|p2a: Skittles
|-immune|p2a: Skittles
|move|p2a: Skittles|Play Rough|p1a: CORINOME
|-supereffective|p1a: CORINOME
|-damage|p1a: CORINOME|0 fnt
|-damage|p2a: Skittles|51/100|[from] item: Life Orb
|faint|p1a: CORINOME
|
|upkeep
|
|switch|p1a: Aldrill|Toxtricity, F|100/100
|turn|10
|
|move|p2a: Skittles|High Horsepower|p1a: Aldrill
|-supereffective|p1a: Aldrill
|-damage|p1a: Aldrill|0 fnt
|-damage|p2a: Skittles|41/100|[from] item: Life Orb
|faint|p1a: Aldrill
|
|upkeep
|
|switch|p1a: KING|Corviknight, F|100/100
|-ability|p1a: KING|Pressure
|turn|11
|
|switch|p2a: Dan|Toxtricity-Low-Key, M|100/100
|move|p1a: KING|Iron Head|p2a: Dan
|-resisted|p2a: Dan
|-damage|p2a: Dan|78/100
|
|upkeep
|turn|12
|
|move|p2a: Dan|Thunderbolt|p1a: KING
|-supereffective|p1a: KING
|-damage|p1a: KING|20/100
|move|p1a: KING|Iron Head|p2a: Dan
|-resisted|p2a: Dan
|-damage|p2a: Dan|57/100
|
|-heal|p1a: KING|26/100|[from] item: Leftovers
|upkeep
|turn|13
|
|move|p2a: Dan|Thunderbolt|p1a: KING
|-supereffective|p1a: KING
|-damage|p1a: KING|0 fnt
|faint|p1a: KING
|
|win|Smiley1107
|raw|Ridroque's rating: 1046 → 1030(-16 for losing)
|raw|Smiley1107's rating: 1056 → 1086(+30 for winning)
|l| PTYellow1
