|ScrapeTime|2020-01-01-09:55:21
|j|☆Hi there m9!
|j|☆19RocketGod
|player|p1|Hi there m9!|56|1202
|player|p2|19RocketGod|226|1183
|teamsize|p1|6
|teamsize|p2|6
|gametype|singles
|gen|8
|tier|[Gen 8] OU
|rated|
|rule|Sleep Clause Mod: Limit one foe put to sleep
|rule|Species Clause: Limit one of each Pokémon
|rule|OHKO Clause: OHKO moves are banned
|rule|Evasion Moves Clause: Evasion moves are banned
|rule|Endless Battle Clause: Forcing endless battles is banned
|rule|HP Percentage Mod: HP is shown in percentages
|clearpoke
|poke|p1|Cinderace, F|
|poke|p1|Clefable, M|
|poke|p1|Hatterene, F|
|poke|p1|Hydreigon, F|
|poke|p1|Dragapult, M|
|poke|p1|Excadrill, F|
|poke|p2|Toxtricity, F|
|poke|p2|Corviknight, M|
|poke|p2|Seismitoad, F|
|poke|p2|Goodra, M|
|poke|p2|Gyarados, F|
|poke|p2|Cinderace, M|
|rule|Dynamax Clause: You cannot dynamax
|teampreview
|
|start
|switch|p1a: Clefable|Clefable, M|100/100
|switch|p2a: Cinderace|Cinderace, M|100/100
|turn|1
|inactive|Battle timer is ON: inactive players will automatically lose when time's up. (requested by Hi there m9!)
|
|move|p2a: Cinderace|U-turn|p1a: Clefable
|-resisted|p1a: Clefable
|-damage|p1a: Clefable|88/100
|
|switch|p2a: Corviknight|Corviknight, M|100/100|[from]move: U-turn
|-ability|p2a: Corviknight|Pressure
|move|p1a: Clefable|Moonblast|p2a: Corviknight
|-resisted|p2a: Corviknight
|-damage|p2a: Corviknight|77/100
|-unboost|p2a: Corviknight|spa|1
|
|-heal|p2a: Corviknight|84/100|[from] item: Leftovers
|upkeep
|turn|2
|
|move|p1a: Clefable|Flamethrower|p2a: Corviknight
|-supereffective|p2a: Corviknight
|-damage|p2a: Corviknight|27/100
|move|p2a: Corviknight|Bulk Up|p2a: Corviknight
|-boost|p2a: Corviknight|atk|1
|-boost|p2a: Corviknight|def|1
|
|-heal|p2a: Corviknight|33/100|[from] item: Leftovers
|upkeep
|turn|3
|
|switch|p2a: Gyarados|Gyarados, F|100/100
|move|p1a: Clefable|Flamethrower|p2a: Gyarados
|-resisted|p2a: Gyarados
|-crit|p2a: Gyarados
|-damage|p2a: Gyarados|75/100
|
|-heal|p2a: Gyarados|81/100|[from] item: Leftovers
|upkeep
|turn|4
|
|move|p2a: Gyarados|Substitute|p2a: Gyarados
|-start|p2a: Gyarados|Substitute
|-damage|p2a: Gyarados|56/100
|move|p1a: Clefable|Thunderbolt|p2a: Gyarados
|-supereffective|p2a: Gyarados
|-end|p2a: Gyarados|Substitute
|
|-heal|p2a: Gyarados|62/100|[from] item: Leftovers
|upkeep
|turn|5
|c|☆19RocketGod|clef has everything lol
|
|switch|p2a: Seismitoad|Seismitoad, F|100/100
|move|p1a: Clefable|Moonblast|p2a: Seismitoad
|-damage|p2a: Seismitoad|60/100
|
|-heal|p2a: Seismitoad|66/100|[from] item: Leftovers
|upkeep
|turn|6
|c|☆Hi there m9!|tru
|
|move|p2a: Seismitoad|Toxic|p1a: Clefable
|-status|p1a: Clefable|tox
|move|p1a: Clefable|Moonblast|p2a: Seismitoad
|-damage|p2a: Seismitoad|24/100
|-unboost|p2a: Seismitoad|spa|1
|
|-heal|p2a: Seismitoad|30/100|[from] item: Leftovers
|upkeep
|turn|7
|c|☆Hi there m9!|also magic guard
|c|☆19RocketGod|yikes
|inactive|19RocketGod has 120 seconds left.
|
|switch|p2a: Toxtricity|Toxtricity, F|100/100
|move|p1a: Clefable|Moonblast|p2a: Toxtricity
|-resisted|p2a: Toxtricity
|-damage|p2a: Toxtricity|54/100
|
|upkeep
|turn|8
|
|switch|p1a: Excadrill|Excadrill, F|100/100
|-ability|p1a: Excadrill|Mold Breaker
|move|p2a: Toxtricity|Shift Gear|p2a: Toxtricity
|-boost|p2a: Toxtricity|spe|2
|-boost|p2a: Toxtricity|atk|1
|
|upkeep
|turn|9
|
|switch|p2a: Cinderace|Cinderace, M|100/100
|move|p1a: Excadrill|Swords Dance|p1a: Excadrill
|-boost|p1a: Excadrill|atk|2
|
|upkeep
|turn|10
|
|move|p2a: Cinderace|U-turn|p1a: Excadrill
|-resisted|p1a: Excadrill
|-damage|p1a: Excadrill|86/100
|
|switch|p2a: Corviknight|Corviknight, M|33/100|[from]move: U-turn
|-ability|p2a: Corviknight|Pressure
|move|p1a: Excadrill|Earthquake|p2a: Corviknight
|-immune|p2a: Corviknight
|
|-heal|p2a: Corviknight|40/100|[from] item: Leftovers
|upkeep
|turn|11
|inactive|19RocketGod has 120 seconds left.
|
|move|p1a: Excadrill|Iron Head|p2a: Corviknight
|-resisted|p2a: Corviknight
|-damage|p2a: Corviknight|10/100
|move|p2a: Corviknight|Brave Bird|p1a: Excadrill
|-resisted|p1a: Excadrill
|-damage|p1a: Excadrill|61/100
|-damage|p2a: Corviknight|3/100|[from] Recoil
|
|-heal|p2a: Corviknight|9/100|[from] item: Leftovers
|upkeep
|turn|12
|inactive|19RocketGod has 120 seconds left.
|
|switch|p2a: Cinderace|Cinderace, M|100/100
|move|p1a: Excadrill|Iron Head|p2a: Cinderace
|-resisted|p2a: Cinderace
|-damage|p2a: Cinderace|43/100
|
|upkeep
|turn|13
|
|switch|p1a: Hydreigon|Hydreigon, F|100/100
|move|p2a: Cinderace|Pyro Ball|p1a: Hydreigon
|-resisted|p1a: Hydreigon
|-damage|p1a: Hydreigon|69/100
|
|upkeep
|turn|14
|
|move|p1a: Hydreigon|Dark Pulse|p2a: Cinderace
|-damage|p2a: Cinderace|0 fnt
|faint|p2a: Cinderace
|
|upkeep
|c|☆19RocketGod|holy speed
|c|☆Hi there m9!|scarfed
|
|switch|p2a: Goodra|Goodra, M|100/100
|turn|15
|c|☆19RocketGod|makes sense
|
|switch|p1a: Clefable|Clefable, M|88/100 tox
|move|p2a: Goodra|Draco Meteor|p1a: Clefable
|-immune|p1a: Clefable
|
|upkeep
|turn|16
|
|switch|p2a: Toxtricity|Toxtricity, F|54/100
|move|p1a: Clefable|Moonblast|p2a: Toxtricity
|-resisted|p2a: Toxtricity
|-damage|p2a: Toxtricity|13/100
|
|upkeep
|turn|17
|
|switch|p1a: Excadrill|Excadrill, F|61/100
|-ability|p1a: Excadrill|Mold Breaker
|move|p2a: Toxtricity|Sludge Wave|p1a: Excadrill
|-immune|p1a: Excadrill
|
|upkeep
|turn|18
|
|switch|p2a: Gyarados|Gyarados, F|62/100
|move|p1a: Excadrill|Earthquake|p2a: Gyarados
|-immune|p2a: Gyarados
|
|-heal|p2a: Gyarados|68/100|[from] item: Leftovers
|upkeep
|turn|19
|
|move|p1a: Excadrill|Stealth Rock|p2a: Gyarados
|-sidestart|p2: 19RocketGod|move: Stealth Rock
|move|p2a: Gyarados|Dragon Dance|p2a: Gyarados
|-boost|p2a: Gyarados|atk|1
|-boost|p2a: Gyarados|spe|1
|
|-heal|p2a: Gyarados|74/100|[from] item: Leftovers
|upkeep
|turn|20
|
|move|p2a: Gyarados|Waterfall|p1a: Excadrill
|-supereffective|p1a: Excadrill
|-damage|p1a: Excadrill|0 fnt
|faint|p1a: Excadrill
|-ability|p2a: Gyarados|Moxie|boost
|-boost|p2a: Gyarados|atk|1
|
|-heal|p2a: Gyarados|80/100|[from] item: Leftovers
|upkeep
|
|switch|p1a: Hydreigon|Hydreigon, F|69/100
|turn|21
|
|switch|p2a: Seismitoad|Seismitoad, F|30/100
|-damage|p2a: Seismitoad|24/100|[from] Stealth Rock
|move|p1a: Hydreigon|Draco Meteor|p2a: Seismitoad
|-damage|p2a: Seismitoad|0 fnt
|-unboost|p1a: Hydreigon|spa|2
|faint|p2a: Seismitoad
|
|upkeep
|
|switch|p2a: Gyarados|Gyarados, F|80/100
|-damage|p2a: Gyarados|55/100|[from] Stealth Rock
|turn|22
|
|move|p1a: Hydreigon|Draco Meteor|p2a: Gyarados
|-damage|p2a: Gyarados|16/100
|-unboost|p1a: Hydreigon|spa|2
|move|p2a: Gyarados|Dragon Dance|p2a: Gyarados
|-boost|p2a: Gyarados|atk|1
|-boost|p2a: Gyarados|spe|1
|
|-heal|p2a: Gyarados|22/100|[from] item: Leftovers
|upkeep
|turn|23
|
|move|p1a: Hydreigon|Draco Meteor|p2a: Gyarados|[miss]
|-miss|p1a: Hydreigon|p2a: Gyarados
|move|p2a: Gyarados|Substitute|p2a: Gyarados
|-fail|p2a: Gyarados|move: Substitute|[weak]
|
|-heal|p2a: Gyarados|28/100|[from] item: Leftovers
|upkeep
|turn|24
|c|☆19RocketGod|idk why i subed
|c|☆19RocketGod|im off
|c|☆Hi there m9!|know the feeeling
|
|move|p1a: Hydreigon|Draco Meteor|p2a: Gyarados
|-damage|p2a: Gyarados|4/100
|-unboost|p1a: Hydreigon|spa|2
|move|p2a: Gyarados|Waterfall|p1a: Hydreigon
|-resisted|p1a: Hydreigon
|-damage|p1a: Hydreigon|30/100
|
|-heal|p2a: Gyarados|10/100|[from] item: Leftovers
|upkeep
|turn|25
|
|move|p1a: Hydreigon|Draco Meteor|p2a: Gyarados
|-damage|p2a: Gyarados|0 fnt
|faint|p2a: Gyarados
|
|upkeep
|c|☆19RocketGod|im so off
|c|☆19RocketGod|so dumb
|c|☆19RocketGod|gg
|-message|19RocketGod forfeited.
|
|win|Hi there m9!
|c|☆Hi there m9!|gg
|raw|Hi there m9!'s rating: 1202 → 1226(+24 for winning)
|raw|19RocketGod's rating: 1183 → 1160(-23 for losing)
