|ScrapeTime|2020-01-02-15:06:48
|j|☆The Last Hero
|j|☆BUMBACLAAT
|player|p1|The Last Hero|acetrainersnow|1759
|player|p2|BUMBACLAAT|200|1560
|teamsize|p1|6
|teamsize|p2|6
|gametype|singles
|gen|8
|tier|[Gen 8] OU
|rated|
|rule|Sleep Clause Mod: Limit one foe put to sleep
|rule|Species Clause: Limit one of each Pokémon
|rule|OHKO Clause: OHKO moves are banned
|rule|Evasion Moves Clause: Evasion moves are banned
|rule|Endless Battle Clause: Forcing endless battles is banned
|rule|HP Percentage Mod: HP is shown in percentages
|clearpoke
|poke|p1|Tyranitar, F|
|poke|p1|Excadrill, M|
|poke|p1|Sigilyph, M|
|poke|p1|Dhelmise|
|poke|p1|Seismitoad, M|
|poke|p1|Rotom-Heat|
|poke|p2|Ferrothorn, F|
|poke|p2|Rhyperior, F|
|poke|p2|Clefable, F|
|poke|p2|Gengar, F|
|poke|p2|Dragapult, F|
|poke|p2|Mandibuzz, F|
|rule|Dynamax Clause: You cannot dynamax
|teampreview
|
|start
|switch|p1a: Yakor|Dhelmise, shiny|100/100
|switch|p2a: Rhyperior|Rhyperior, F|100/100
|turn|1
|
|switch|p2a: Ferrothorn|Ferrothorn, F|100/100
|move|p1a: Yakor|Anchor Shot|p2a: Ferrothorn
|-resisted|p2a: Ferrothorn
|-damage|p2a: Ferrothorn|91/100
|-damage|p1a: Yakor|88/100|[from] ability: Iron Barbs|[of] p2a: Ferrothorn
|-activate|p2a: Ferrothorn|trapped
|
|-heal|p1a: Yakor|94/100|[from] item: Leftovers
|-heal|p2a: Ferrothorn|97/100|[from] item: Leftovers
|upkeep
|turn|2
|
|move|p1a: Yakor|Earthquake|p2a: Ferrothorn
|-damage|p2a: Ferrothorn|77/100
|move|p2a: Ferrothorn|Thunder Wave|p1a: Yakor
|-status|p1a: Yakor|par
|
|-heal|p2a: Ferrothorn|83/100|[from] item: Leftovers
|-heal|p1a: Yakor|100/100 par|[from] item: Leftovers
|upkeep
|turn|3
|inactive|Battle timer is ON: inactive players will automatically lose when time's up. (requested by BUMBACLAAT)
|
|move|p2a: Ferrothorn|Power Whip|p1a: Yakor
|-resisted|p1a: Yakor
|-damage|p1a: Yakor|85/100 par
|move|p1a: Yakor|Earthquake|p2a: Ferrothorn
|-damage|p2a: Ferrothorn|64/100
|
|-heal|p2a: Ferrothorn|70/100|[from] item: Leftovers
|-heal|p1a: Yakor|91/100 par|[from] item: Leftovers
|upkeep
|turn|4
|
|move|p2a: Ferrothorn|Power Whip|p1a: Yakor
|-resisted|p1a: Yakor
|-damage|p1a: Yakor|77/100 par
|cant|p1a: Yakor|par
|
|-heal|p2a: Ferrothorn|76/100|[from] item: Leftovers
|-heal|p1a: Yakor|84/100 par|[from] item: Leftovers
|upkeep
|turn|5
|
|move|p2a: Ferrothorn|Power Whip|p1a: Yakor
|-resisted|p1a: Yakor
|-damage|p1a: Yakor|70/100 par
|cant|p1a: Yakor|par
|
|-heal|p2a: Ferrothorn|83/100|[from] item: Leftovers
|-heal|p1a: Yakor|76/100 par|[from] item: Leftovers
|upkeep
|turn|6
|
|move|p2a: Ferrothorn|Power Whip|p1a: Yakor
|-resisted|p1a: Yakor
|-damage|p1a: Yakor|62/100 par
|move|p1a: Yakor|Earthquake|p2a: Ferrothorn
|-damage|p2a: Ferrothorn|66/100
|
|-heal|p2a: Ferrothorn|72/100|[from] item: Leftovers
|-heal|p1a: Yakor|68/100 par|[from] item: Leftovers
|upkeep
|turn|7
|
|move|p2a: Ferrothorn|Power Whip|p1a: Yakor|[miss]
|-miss|p2a: Ferrothorn|p1a: Yakor
|move|p1a: Yakor|Earthquake|p2a: Ferrothorn
|-damage|p2a: Ferrothorn|54/100
|
|-heal|p2a: Ferrothorn|60/100|[from] item: Leftovers
|-heal|p1a: Yakor|74/100 par|[from] item: Leftovers
|upkeep
|turn|8
|
|move|p2a: Ferrothorn|Power Whip|p1a: Yakor
|-resisted|p1a: Yakor
|-damage|p1a: Yakor|60/100 par
|move|p1a: Yakor|Earthquake|p2a: Ferrothorn
|-damage|p2a: Ferrothorn|44/100
|
|-heal|p2a: Ferrothorn|50/100|[from] item: Leftovers
|-heal|p1a: Yakor|66/100 par|[from] item: Leftovers
|upkeep
|turn|9
|
|move|p2a: Ferrothorn|Power Whip|p1a: Yakor|[miss]
|-miss|p2a: Ferrothorn|p1a: Yakor
|move|p1a: Yakor|Earthquake|p2a: Ferrothorn
|-damage|p2a: Ferrothorn|31/100
|
|-heal|p2a: Ferrothorn|38/100|[from] item: Leftovers
|-heal|p1a: Yakor|72/100 par|[from] item: Leftovers
|upkeep
|turn|10
|
|move|p2a: Ferrothorn|Power Whip|p1a: Yakor
|-resisted|p1a: Yakor
|-damage|p1a: Yakor|57/100 par
|cant|p1a: Yakor|par
|
|-heal|p2a: Ferrothorn|44/100|[from] item: Leftovers
|-heal|p1a: Yakor|63/100 par|[from] item: Leftovers
|upkeep
|turn|11
|
|move|p2a: Ferrothorn|Power Whip|p1a: Yakor
|-resisted|p1a: Yakor
|-damage|p1a: Yakor|48/100 par
|cant|p1a: Yakor|par
|
|-heal|p2a: Ferrothorn|50/100|[from] item: Leftovers
|-heal|p1a: Yakor|54/100 par|[from] item: Leftovers
|upkeep
|turn|12
|
|move|p2a: Ferrothorn|Power Whip|p1a: Yakor
|-resisted|p1a: Yakor
|-damage|p1a: Yakor|39/100 par
|cant|p1a: Yakor|par
|
|-heal|p2a: Ferrothorn|56/100|[from] item: Leftovers
|-heal|p1a: Yakor|45/100 par|[from] item: Leftovers
|upkeep
|turn|13
|
|move|p2a: Ferrothorn|Power Whip|p1a: Yakor
|-resisted|p1a: Yakor
|-damage|p1a: Yakor|31/100 par
|cant|p1a: Yakor|par
|
|-heal|p2a: Ferrothorn|63/100|[from] item: Leftovers
|-heal|p1a: Yakor|38/100 par|[from] item: Leftovers
|upkeep
|turn|14
|
|move|p2a: Ferrothorn|Power Whip|p1a: Yakor
|-resisted|p1a: Yakor
|-damage|p1a: Yakor|21/100 par
|move|p1a: Yakor|Rest|p1a: Yakor
|-status|p1a: Yakor|slp|[from] move: Rest
|-heal|p1a: Yakor|100/100 slp|[silent]
|
|-heal|p2a: Ferrothorn|69/100|[from] item: Leftovers
|upkeep
|turn|15
|inactive|BUMBACLAAT has 120 seconds left.
|c|☆BUMBACLAAT|nice set
|c|☆BUMBACLAAT|gg
|-message|BUMBACLAAT forfeited.
|
|win|The Last Hero
|raw|The Last Hero's rating: 1759 → 1769(+10 for winning)
|raw|BUMBACLAAT's rating: 1560 → 1550(-10 for losing)
|l|☆The Last Hero
