|ScrapeTime|2020-01-02-05:52:31
|j|☆OhSnapYo
|j|☆cameronpng
|player|p1|OhSnapYo|226|1045
|player|p2|cameronpng|266|1057
|teamsize|p1|6
|teamsize|p2|6
|gametype|singles
|gen|8
|tier|[Gen 8] OU
|rated|
|rule|Sleep Clause Mod: Limit one foe put to sleep
|rule|Species Clause: Limit one of each Pokémon
|rule|OHKO Clause: OHKO moves are banned
|rule|Evasion Moves Clause: Evasion moves are banned
|rule|Endless Battle Clause: Forcing endless battles is banned
|rule|HP Percentage Mod: HP is shown in percentages
|clearpoke
|poke|p1|Toxapex, M|
|poke|p1|Corsola-Galar, F|
|poke|p1|Reuniclus, F|
|poke|p1|Corviknight, F|
|poke|p1|Ferrothorn, M|
|poke|p1|Rotom-Heat|
|poke|p2|Braviary, M|
|poke|p2|Dugtrio, M|
|poke|p2|Corviknight, M|
|poke|p2|Dragapult, M|
|poke|p2|Lucario, F|
|poke|p2|Hatterene, F|
|rule|Dynamax Clause: You cannot dynamax
|teampreview
|
|start
|switch|p1a: Toxapex|Toxapex, M|100/100
|switch|p2a: Braviary|Braviary, M|100/100
|turn|1
|c|☆cameronpng|!weakness Toxapex
|html|Toxapex (ignoring abilities):Weaknesses: Electric, Ground, PsychicResistances: Bug, Fairy, Fighting, Fire, Ice, Poison, Steel, WaterImmunities: None
|
|move|p2a: Braviary|U-turn|p1a: Toxapex
|-resisted|p1a: Toxapex
|-damage|p1a: Toxapex|88/100
|
|switch|p2a: Dugtrio|Dugtrio, M|100/100|[from]move: U-turn
|move|p1a: Toxapex|Toxic Spikes|p2a: Dugtrio
|-sidestart|p2: cameronpng|move: Toxic Spikes
|
|-heal|p1a: Toxapex|95/100|[from] item: Black Sludge
|upkeep
|turn|2
|
|move|p2a: Dugtrio|Earthquake|p1a: Toxapex
|-supereffective|p1a: Toxapex
|-damage|p1a: Toxapex|45/100
|move|p1a: Toxapex|Scald|p2a: Dugtrio
|-supereffective|p2a: Dugtrio
|-damage|p2a: Dugtrio|29/100
|
|-heal|p1a: Toxapex|51/100|[from] item: Black Sludge
|upkeep
|turn|3
|
|move|p2a: Dugtrio|Earthquake|p1a: Toxapex
|-supereffective|p1a: Toxapex
|-damage|p1a: Toxapex|0 fnt
|faint|p1a: Toxapex
|
|upkeep
|
|switch|p1a: Corsola|Corsola-Galar, F|100/100
|turn|4
|
|move|p2a: Dugtrio|Sucker Punch||[still]
|-fail|p2a: Dugtrio
|move|p1a: Corsola|Will-O-Wisp|p2a: Dugtrio|[miss]
|-miss|p1a: Corsola|p2a: Dugtrio
|
|upkeep
|turn|5
|
|move|p2a: Dugtrio|Earthquake|p1a: Corsola
|-damage|p1a: Corsola|77/100
|move|p1a: Corsola|Will-O-Wisp|p2a: Dugtrio
|-status|p2a: Dugtrio|brn
|
|-damage|p2a: Dugtrio|23/100 brn|[from] brn
|upkeep
|turn|6
|
|move|p2a: Dugtrio|Screech|p1a: Corsola
|-unboost|p1a: Corsola|def|2
|move|p1a: Corsola|Stealth Rock|p2a: Dugtrio
|-sidestart|p2: cameronpng|move: Stealth Rock
|
|-damage|p2a: Dugtrio|17/100 brn|[from] brn
|upkeep
|turn|7
|
|switch|p2a: Corviknight|Corviknight, M|100/100
|-damage|p2a: Corviknight|88/100|[from] Stealth Rock
|-ability|p2a: Corviknight|Pressure
|move|p1a: Corsola|Strength Sap|p2a: Corviknight
|-unboost|p2a: Corviknight|atk|1
|-heal|p1a: Corsola|100/100
|
|-heal|p2a: Corviknight|94/100|[from] item: Leftovers
|upkeep
|turn|8
|
|move|p2a: Corviknight|Defog|p1a: Corsola
|-unboost|p1a: Corsola|evasion|1
|-sideend|p2: cameronpng|Toxic Spikes|[from] move: Defog|[of] p2a: Corviknight
|-sideend|p2: cameronpng|Stealth Rock|[from] move: Defog|[of] p2a: Corviknight
|move|p1a: Corsola|Will-O-Wisp|p2a: Corviknight
|-status|p2a: Corviknight|brn
|
|-heal|p2a: Corviknight|100/100 brn|[from] item: Leftovers
|-damage|p2a: Corviknight|94/100 brn|[from] brn
|upkeep
|turn|9
|
|move|p2a: Corviknight|U-turn|p1a: Corsola
|-resisted|p1a: Corsola
|-damage|p1a: Corsola|98/100
|
|switch|p2a: Hatterene|Hatterene, F|100/100|[from]move: U-turn
|move|p1a: Corsola|Stealth Rock|p2a: Hatterene
|move|p2a: Hatterene|Stealth Rock|p1a: Corsola|[from]Magic Bounce
|-sidestart|p1: OhSnapYo|move: Stealth Rock
|
|upkeep
|turn|10
|
|switch|p1a: Reuniclus|Reuniclus, F|100/100
|-damage|p1a: Reuniclus|88/100|[from] Stealth Rock
|move|p2a: Hatterene|Calm Mind|p2a: Hatterene
|-boost|p2a: Hatterene|spa|1
|-boost|p2a: Hatterene|spd|1
|
|-heal|p1a: Reuniclus|94/100|[from] item: Leftovers
|upkeep
|turn|11
|
|move|p2a: Hatterene|Mystical Fire|p1a: Reuniclus
|-crit|p1a: Reuniclus
|-damage|p1a: Reuniclus|48/100
|-unboost|p1a: Reuniclus|spa|1
|move|p1a: Reuniclus|Calm Mind|p1a: Reuniclus
|-boost|p1a: Reuniclus|spa|1
|-boost|p1a: Reuniclus|spd|1
|
|-heal|p1a: Reuniclus|55/100|[from] item: Leftovers
|upkeep
|turn|12
|
|move|p1a: Reuniclus|Calm Mind|p1a: Reuniclus
|-boost|p1a: Reuniclus|spa|1
|-boost|p1a: Reuniclus|spd|1
|move|p2a: Hatterene|Mystical Fire|p1a: Reuniclus
|-damage|p1a: Reuniclus|38/100
|-unboost|p1a: Reuniclus|spa|1
|
|-heal|p1a: Reuniclus|44/100|[from] item: Leftovers
|upkeep
|turn|13
|
|switch|p2a: Braviary|Braviary, M|100/100
|move|p1a: Reuniclus|Recover|p1a: Reuniclus
|-heal|p1a: Reuniclus|94/100
|
|-heal|p1a: Reuniclus|100/100|[from] item: Leftovers
|upkeep
|turn|14
|
|switch|p1a: Corsola|Corsola-Galar, F|98/100
|-damage|p1a: Corsola|86/100|[from] Stealth Rock
|move|p2a: Braviary|Shadow Claw|p1a: Corsola
|-supereffective|p1a: Corsola
|-damage|p1a: Corsola|48/100
|
|upkeep
|turn|15
|
|move|p2a: Braviary|Shadow Claw|p1a: Corsola
|-supereffective|p1a: Corsola
|-damage|p1a: Corsola|11/100
|move|p1a: Corsola|Strength Sap|p2a: Braviary
|-unboost|p2a: Braviary|atk|1
|-ability|p2a: Braviary|Defiant
|-boost|p2a: Braviary|atk|2
|-heal|p1a: Corsola|100/100
|
|upkeep
|turn|16
|
|move|p2a: Braviary|Shadow Claw|p1a: Corsola
|-supereffective|p1a: Corsola
|-damage|p1a: Corsola|46/100
|move|p1a: Corsola|Will-O-Wisp|p2a: Braviary|[miss]
|-miss|p1a: Corsola|p2a: Braviary
|
|upkeep
|turn|17
|
|switch|p1a: Ferrothorn|Ferrothorn, M|100/100
|-damage|p1a: Ferrothorn|94/100|[from] Stealth Rock
|move|p2a: Braviary|Shadow Claw|p1a: Ferrothorn
|-damage|p1a: Ferrothorn|59/100
|-damage|p2a: Braviary|88/100|[from] ability: Iron Barbs|[of] p1a: Ferrothorn
|
|-heal|p1a: Ferrothorn|65/100|[from] item: Leftovers
|upkeep
|turn|18
|
|move|p2a: Braviary|Shadow Claw|p1a: Ferrothorn
|-crit|p1a: Ferrothorn
|-damage|p1a: Ferrothorn|18/100
|-damage|p2a: Braviary|76/100|[from] ability: Iron Barbs|[of] p1a: Ferrothorn
|move|p1a: Ferrothorn|Leech Seed|p2a: Braviary
|-start|p2a: Braviary|move: Leech Seed
|
|-heal|p1a: Ferrothorn|25/100|[from] item: Leftovers
|-damage|p2a: Braviary|64/100|[from] Leech Seed|[of] p1a: Ferrothorn
|-heal|p1a: Ferrothorn|37/100|[silent]
|upkeep
|turn|19
|
|move|p2a: Braviary|Shadow Claw|p1a: Ferrothorn
|-damage|p1a: Ferrothorn|2/100
|-damage|p2a: Braviary|51/100|[from] ability: Iron Barbs|[of] p1a: Ferrothorn
|move|p1a: Ferrothorn|Knock Off|p2a: Braviary
|-damage|p2a: Braviary|26/100
|-enditem|p2a: Braviary|Choice Band|[from] move: Knock Off|[of] p1a: Ferrothorn
|
|-heal|p1a: Ferrothorn|9/100|[from] item: Leftovers
|-damage|p2a: Braviary|13/100|[from] Leech Seed|[of] p1a: Ferrothorn
|-heal|p1a: Ferrothorn|21/100|[silent]
|upkeep
|turn|20
|
|switch|p1a: Corviknight|Corviknight, F|100/100
|-damage|p1a: Corviknight|88/100|[from] Stealth Rock
|-ability|p1a: Corviknight|Pressure
|move|p2a: Braviary|Shadow Claw|p1a: Corviknight
|-damage|p1a: Corviknight|58/100
|
|-heal|p1a: Corviknight|64/100|[from] item: Leftovers
|-damage|p2a: Braviary|1/100|[from] Leech Seed|[of] p1a: Corviknight
|-heal|p1a: Corviknight|74/100|[silent]
|upkeep
|turn|21
|
|move|p2a: Braviary|Brave Bird|p1a: Corviknight
|-resisted|p1a: Corviknight
|-damage|p1a: Corviknight|36/100
|-damage|p2a: Braviary|0 fnt|[from] Recoil
|faint|p2a: Braviary
|move|p1a: Corviknight|Bulk Up|p1a: Corviknight
|-boost|p1a: Corviknight|atk|1
|-boost|p1a: Corviknight|def|1
|
|-heal|p1a: Corviknight|42/100|[from] item: Leftovers
|upkeep
|
|switch|p2a: Hatterene|Hatterene, F|100/100
|turn|22
|
|move|p1a: Corviknight|Body Press|p2a: Hatterene
|-resisted|p2a: Hatterene
|-damage|p2a: Hatterene|94/100
|move|p2a: Hatterene|Calm Mind|p2a: Hatterene
|-boost|p2a: Hatterene|spa|1
|-boost|p2a: Hatterene|spd|1
|
|-heal|p1a: Corviknight|49/100|[from] item: Leftovers
|-heal|p2a: Hatterene|99/100|[from] item: Leftovers
|upkeep
|turn|23
|
|switch|p1a: Reuniclus|Reuniclus, F|100/100
|-damage|p1a: Reuniclus|88/100|[from] Stealth Rock
|move|p2a: Hatterene|Mystical Fire|p1a: Reuniclus
|-damage|p1a: Reuniclus|54/100
|-unboost|p1a: Reuniclus|spa|1
|
|-heal|p2a: Hatterene|100/100|[from] item: Leftovers
|-heal|p1a: Reuniclus|60/100|[from] item: Leftovers
|upkeep
|turn|24
|
|move|p1a: Reuniclus|Calm Mind|p1a: Reuniclus
|-boost|p1a: Reuniclus|spa|1
|-boost|p1a: Reuniclus|spd|1
|move|p2a: Hatterene|Calm Mind|p2a: Hatterene
|-boost|p2a: Hatterene|spa|1
|-boost|p2a: Hatterene|spd|1
|
|-heal|p1a: Reuniclus|67/100|[from] item: Leftovers
|upkeep
|turn|25
|
|move|p1a: Reuniclus|Calm Mind|p1a: Reuniclus
|-boost|p1a: Reuniclus|spa|1
|-boost|p1a: Reuniclus|spd|1
|move|p2a: Hatterene|Mystical Fire|p1a: Reuniclus
|-damage|p1a: Reuniclus|45/100
|-unboost|p1a: Reuniclus|spa|1
|
|-heal|p1a: Reuniclus|51/100|[from] item: Leftovers
|upkeep
|turn|26
|
|move|p2a: Hatterene|Mystical Fire|p1a: Reuniclus
|-damage|p1a: Reuniclus|32/100
|-unboost|p1a: Reuniclus|spa|1
|move|p1a: Reuniclus|Calm Mind|p1a: Reuniclus
|-boost|p1a: Reuniclus|spa|1
|-boost|p1a: Reuniclus|spd|1
|
|-heal|p1a: Reuniclus|38/100|[from] item: Leftovers
|upkeep
|turn|27
|
|move|p1a: Reuniclus|Recover|p1a: Reuniclus
|-heal|p1a: Reuniclus|88/100
|move|p2a: Hatterene|Mystical Fire|p1a: Reuniclus
|-damage|p1a: Reuniclus|71/100
|-unboost|p1a: Reuniclus|spa|1
|
|-heal|p1a: Reuniclus|78/100|[from] item: Leftovers
|upkeep
|turn|28
|
|move|p1a: Reuniclus|Calm Mind|p1a: Reuniclus
|-boost|p1a: Reuniclus|spa|1
|-boost|p1a: Reuniclus|spd|1
|move|p2a: Hatterene|Draining Kiss|p1a: Reuniclus
|-damage|p1a: Reuniclus|64/100
|
|-heal|p1a: Reuniclus|70/100|[from] item: Leftovers
|upkeep
|turn|29
|
|switch|p2a: Dragapult|Dragapult, M|100/100
|move|p1a: Reuniclus|Calm Mind|p1a: Reuniclus
|-boost|p1a: Reuniclus|spa|1
|-boost|p1a: Reuniclus|spd|1
|
|-heal|p1a: Reuniclus|76/100|[from] item: Leftovers
|upkeep
|turn|30
|
|move|p2a: Dragapult|Shadow Ball|p1a: Reuniclus
|-supereffective|p1a: Reuniclus
|-damage|p1a: Reuniclus|56/100
|move|p1a: Reuniclus|Stored Power|p2a: Dragapult
|-damage|p2a: Dragapult|0 fnt
|faint|p2a: Dragapult
|
|-heal|p1a: Reuniclus|62/100|[from] item: Leftovers
|upkeep
|
|switch|p2a: Lucario|Lucario, F|100/100
|turn|31
|-message|cameronpng forfeited.
|
|win|OhSnapYo
|l|☆cameronpng
|raw|OhSnapYo's rating: 1046 → 1080(+34 for winning)
|raw|cameronpng's rating: 1057 → 1038(-19 for losing)
