|ScrapeTime|2020-01-01-17:05:49
|j|☆Koojching
|j|☆xxAngelodeathxx
|player|p1|Koojching|lucas|
|player|p2|xxAngelodeathxx|gambler|
|teamsize|p1|6
|teamsize|p2|6
|gametype|singles
|gen|8
|tier|[Gen 8] OU
|rule|Sleep Clause Mod: Limit one foe put to sleep
|rule|Species Clause: Limit one of each Pokémon
|rule|OHKO Clause: OHKO moves are banned
|rule|Evasion Moves Clause: Evasion moves are banned
|rule|Endless Battle Clause: Forcing endless battles is banned
|rule|HP Percentage Mod: HP is shown in percentages
|clearpoke
|poke|p1|Dragapult, M|
|poke|p1|Toxapex, M|
|poke|p1|Tyranitar, M|
|poke|p1|Corviknight, F|
|poke|p1|Ferrothorn, F|
|poke|p1|Excadrill, F|
|poke|p2|Togekiss, F|
|poke|p2|Grimmsnarl, M|
|poke|p2|Ferrothorn, F|
|poke|p2|Dragapult, F|
|poke|p2|Rotom-Wash|
|poke|p2|Diggersby, F|
|rule|Dynamax Clause: You cannot dynamax
|teampreview
|inactive|Battle timer is ON: inactive players will automatically lose when time's up. (requested by Koojching)
|
|start
|switch|p1a: Dragapult|Dragapult, M, shiny|100/100
|switch|p2a: Grimmsnarl|Grimmsnarl, M|100/100
|turn|1
|c|☆Koojching|Good luck
|
|move|p1a: Dragapult|Substitute|p1a: Dragapult
|-start|p1a: Dragapult|Substitute
|-damage|p1a: Dragapult|76/100
|move|p2a: Grimmsnarl|Play Rough|p1a: Dragapult
|-supereffective|p1a: Dragapult
|-end|p1a: Dragapult|Substitute
|
|upkeep
|turn|2
|
|switch|p1a: Corviknight|Corviknight, F|100/100
|move|p2a: Grimmsnarl|Reflect|p2a: Grimmsnarl
|-sidestart|p2: xxAngelodeathxx|Reflect
|
|upkeep
|turn|3
|
|switch|p2a: Rotom|Rotom-Wash|100/100
|move|p1a: Corviknight|Iron Head|p2a: Rotom
|-resisted|p2a: Rotom
|-damage|p2a: Rotom|97/100
|
|-heal|p2a: Rotom|100/100|[from] item: Leftovers
|upkeep
|turn|4
|
|switch|p1a: Excadrill|Excadrill, F, shiny|100/100
|-ability|p1a: Excadrill|Mold Breaker
|move|p2a: Rotom|Hydro Pump|p1a: Excadrill
|-supereffective|p1a: Excadrill
|-enditem|p1a: Excadrill|Focus Sash
|-damage|p1a: Excadrill|1/100
|
|upkeep
|turn|5
|inactive|xxAngelodeathxx has 270 seconds left.
|
|switch|p2a: Ferrothorn|Ferrothorn, F|100/100
|move|p1a: Excadrill|Earthquake|p2a: Ferrothorn
|-damage|p2a: Ferrothorn|86/100
|
|-heal|p2a: Ferrothorn|92/100|[from] item: Leftovers
|upkeep
|turn|6
|inactive|xxAngelodeathxx has 270 seconds left.
|
|switch|p1a: Tyranitar|Tyranitar, M, shiny|100/100
|-weather|Sandstorm|[from] ability: Sand Stream|[of] p1a: Tyranitar
|move|p2a: Ferrothorn|Leech Seed|p1a: Tyranitar
|-start|p1a: Tyranitar|move: Leech Seed
|
|-weather|Sandstorm|[upkeep]
|-heal|p2a: Ferrothorn|98/100|[from] item: Leftovers
|-damage|p1a: Tyranitar|88/100|[from] Leech Seed|[of] p2a: Ferrothorn
|-heal|p2a: Ferrothorn|100/100|[silent]
|upkeep
|turn|7
|inactive|xxAngelodeathxx has 270 seconds left.
|inactive|xxAngelodeathxx has 240 seconds left.
|
|switch|p2a: Dragapult|Dragapult, F|100/100
|move|p1a: Tyranitar|Fire Blast|p2a: Dragapult
|-resisted|p2a: Dragapult
|-damage|p2a: Dragapult|87/100
|
|-weather|Sandstorm|[upkeep]
|-damage|p2a: Dragapult|81/100|[from] Sandstorm
|-damage|p1a: Tyranitar|76/100|[from] Leech Seed|[of] p2a: Dragapult
|-heal|p2a: Dragapult|96/100|[silent]
|upkeep
|turn|8
|inactive|xxAngelodeathxx has 240 seconds left.
|
|move|p2a: Dragapult|U-turn|p1a: Tyranitar
|-supereffective|p1a: Tyranitar
|-damage|p1a: Tyranitar|26/100
|
|switch|p2a: Rotom|Rotom-Wash|100/100|[from]move: U-turn
|move|p1a: Tyranitar|Crunch|p2a: Rotom
|-damage|p2a: Rotom|85/100
|
|-weather|Sandstorm|[upkeep]
|-damage|p2a: Rotom|78/100|[from] Sandstorm
|-heal|p2a: Rotom|85/100|[from] item: Leftovers
|-damage|p1a: Tyranitar|14/100|[from] Leech Seed|[of] p2a: Rotom
|-heal|p2a: Rotom|100/100|[silent]
|upkeep
|turn|9
|
|switch|p1a: Ferrothorn|Ferrothorn, F, shiny|100/100
|move|p2a: Rotom|Hydro Pump|p1a: Ferrothorn
|-resisted|p1a: Ferrothorn
|-damage|p1a: Ferrothorn|84/100
|
|-weather|Sandstorm|[upkeep]
|-damage|p2a: Rotom|94/100|[from] Sandstorm
|-heal|p2a: Rotom|100/100|[from] item: Leftovers
|-heal|p1a: Ferrothorn|91/100|[from] item: Leftovers
|-sideend|p2: xxAngelodeathxx|Reflect
|upkeep
|turn|10
|inactive|xxAngelodeathxx has 210 seconds left.
|
|move|p2a: Rotom|Volt Switch|p1a: Ferrothorn
|-resisted|p1a: Ferrothorn
|-damage|p1a: Ferrothorn|80/100
|inactive|xxAngelodeathxx has 180 seconds left.
|
|switch|p2a: Ferrothorn|Ferrothorn, F|100/100|[from]move: Volt Switch
|move|p1a: Ferrothorn|Knock Off|p2a: Ferrothorn
|-damage|p2a: Ferrothorn|88/100
|-damage|p1a: Ferrothorn|68/100|[from] ability: Iron Barbs|[of] p2a: Ferrothorn
|-enditem|p2a: Ferrothorn|Leftovers|[from] move: Knock Off|[of] p1a: Ferrothorn
|
|-weather|none
|-heal|p1a: Ferrothorn|74/100|[from] item: Leftovers
|upkeep
|turn|11
|inactive|xxAngelodeathxx has 180 seconds left.
|
|move|p1a: Ferrothorn|Stealth Rock|p2a: Ferrothorn
|-sidestart|p2: xxAngelodeathxx|move: Stealth Rock
|move|p2a: Ferrothorn|Stealth Rock|p1a: Ferrothorn
|-sidestart|p1: Koojching|move: Stealth Rock
|
|-heal|p1a: Ferrothorn|80/100|[from] item: Leftovers
|upkeep
|turn|12
|
|move|p1a: Ferrothorn|Leech Seed|p2a: Ferrothorn
|-immune|p2a: Ferrothorn
|move|p2a: Ferrothorn|Leech Seed|p1a: Ferrothorn
|-immune|p1a: Ferrothorn
|
|-heal|p1a: Ferrothorn|87/100|[from] item: Leftovers
|upkeep
|turn|13
|
|switch|p2a: Grimmsnarl|Grimmsnarl, M|100/100
|-damage|p2a: Grimmsnarl|88/100|[from] Stealth Rock
|move|p1a: Ferrothorn|Leech Seed|p2a: Grimmsnarl|[miss]
|-miss|p1a: Ferrothorn|p2a: Grimmsnarl
|
|-heal|p1a: Ferrothorn|93/100|[from] item: Leftovers
|upkeep
|turn|14
|
|move|p2a: Grimmsnarl|Reflect|p2a: Grimmsnarl
|-sidestart|p2: xxAngelodeathxx|Reflect
|move|p1a: Ferrothorn|Leech Seed|p2a: Grimmsnarl
|-start|p2a: Grimmsnarl|move: Leech Seed
|
|-heal|p1a: Ferrothorn|99/100|[from] item: Leftovers
|-damage|p2a: Grimmsnarl|76/100|[from] Leech Seed|[of] p1a: Ferrothorn
|-heal|p1a: Ferrothorn|100/100|[silent]
|upkeep
|turn|15
|
|move|p2a: Grimmsnarl|Drain Punch|p1a: Ferrothorn
|-supereffective|p1a: Ferrothorn
|-damage|p1a: Ferrothorn|76/100
|-heal|p2a: Grimmsnarl|87/100|[from] drain|[of] p1a: Ferrothorn
|-damage|p2a: Grimmsnarl|74/100|[from] ability: Iron Barbs|[of] p1a: Ferrothorn
|move|p1a: Ferrothorn|Knock Off|p2a: Grimmsnarl
|-resisted|p2a: Grimmsnarl
|-damage|p2a: Grimmsnarl|72/100
|-enditem|p2a: Grimmsnarl|Light Clay|[from] move: Knock Off|[of] p1a: Ferrothorn
|
|-heal|p1a: Ferrothorn|82/100|[from] item: Leftovers
|-damage|p2a: Grimmsnarl|60/100|[from] Leech Seed|[of] p1a: Ferrothorn
|-heal|p1a: Ferrothorn|96/100|[silent]
|upkeep
|turn|16
|
|move|p2a: Grimmsnarl|Drain Punch|p1a: Ferrothorn
|-supereffective|p1a: Ferrothorn
|-damage|p1a: Ferrothorn|72/100
|-heal|p2a: Grimmsnarl|71/100|[from] drain|[of] p1a: Ferrothorn
|-damage|p2a: Grimmsnarl|58/100|[from] ability: Iron Barbs|[of] p1a: Ferrothorn
|move|p1a: Ferrothorn|Leech Seed||[still]
|-fail|p1a: Ferrothorn
|
|-heal|p1a: Ferrothorn|78/100|[from] item: Leftovers
|-damage|p2a: Grimmsnarl|46/100|[from] Leech Seed|[of] p1a: Ferrothorn
|-heal|p1a: Ferrothorn|92/100|[silent]
|upkeep
|turn|17
|
|switch|p2a: Togekiss|Togekiss, F|100/100
|-damage|p2a: Togekiss|76/100|[from] Stealth Rock
|move|p1a: Ferrothorn|Leech Seed|p2a: Togekiss
|-start|p2a: Togekiss|move: Leech Seed
|
|-heal|p2a: Togekiss|82/100|[from] item: Leftovers
|-heal|p1a: Ferrothorn|98/100|[from] item: Leftovers
|-damage|p2a: Togekiss|70/100|[from] Leech Seed|[of] p1a: Ferrothorn
|-heal|p1a: Ferrothorn|100/100|[silent]
|upkeep
|turn|18
|
|move|p2a: Togekiss|Flamethrower|p1a: Ferrothorn
|-supereffective|p1a: Ferrothorn
|-damage|p1a: Ferrothorn|4/100
|move|p1a: Ferrothorn|Knock Off|p2a: Togekiss
|-resisted|p2a: Togekiss
|-damage|p2a: Togekiss|63/100
|-enditem|p2a: Togekiss|Leftovers|[from] move: Knock Off|[of] p1a: Ferrothorn
|
|-heal|p1a: Ferrothorn|10/100|[from] item: Leftovers
|-damage|p2a: Togekiss|51/100|[from] Leech Seed|[of] p1a: Ferrothorn
|-heal|p1a: Ferrothorn|21/100|[silent]
|upkeep
|turn|19
|
|move|p1a: Ferrothorn|Protect|p1a: Ferrothorn
|-singleturn|p1a: Ferrothorn|Protect
|move|p2a: Togekiss|Flamethrower|p1a: Ferrothorn
|-activate|p1a: Ferrothorn|move: Protect
|
|-heal|p1a: Ferrothorn|27/100|[from] item: Leftovers
|-damage|p2a: Togekiss|39/100|[from] Leech Seed|[of] p1a: Ferrothorn
|-heal|p1a: Ferrothorn|38/100|[silent]
|upkeep
|turn|20
|
|switch|p1a: Toxapex|Toxapex, M, shiny|100/100
|-damage|p1a: Toxapex|88/100|[from] Stealth Rock
|move|p2a: Togekiss|Flamethrower|p1a: Toxapex
|-resisted|p1a: Toxapex
|-damage|p1a: Toxapex|76/100
|-status|p1a: Toxapex|brn
|
|-heal|p1a: Toxapex|82/100 brn|[from] item: Black Sludge
|-damage|p2a: Togekiss|27/100|[from] Leech Seed|[of] p1a: Toxapex
|-heal|p1a: Toxapex|95/100 brn|[silent]
|-damage|p1a: Toxapex|88/100 brn|[from] brn
|upkeep
|turn|21
|
|switch|p2a: Rotom|Rotom-Wash|100/100
|-damage|p2a: Rotom|88/100|[from] Stealth Rock
|move|p1a: Toxapex|Scald|p2a: Rotom
|-resisted|p2a: Rotom
|-damage|p2a: Rotom|80/100
|-status|p2a: Rotom|brn
|
|-heal|p2a: Rotom|86/100 brn|[from] item: Leftovers
|-heal|p1a: Toxapex|95/100 brn|[from] item: Black Sludge
|-damage|p2a: Rotom|80/100 brn|[from] brn
|-damage|p1a: Toxapex|88/100 brn|[from] brn
|-sideend|p2: xxAngelodeathxx|Reflect
|upkeep
|turn|22
|
|switch|p1a: Dragapult|Dragapult, M, shiny|76/100
|-damage|p1a: Dragapult|63/100|[from] Stealth Rock
|move|p2a: Rotom|Thunderbolt|p1a: Dragapult
|-resisted|p1a: Dragapult
|-damage|p1a: Dragapult|41/100
|
|-heal|p2a: Rotom|86/100 brn|[from] item: Leftovers
|-damage|p2a: Rotom|80/100 brn|[from] brn
|upkeep
|turn|23
|inactive|xxAngelodeathxx has 180 seconds left.
|
|move|p1a: Dragapult|Dragon Dance|p1a: Dragapult
|-boost|p1a: Dragapult|atk|1
|-boost|p1a: Dragapult|spe|1
|move|p2a: Rotom|Thunder Wave|p1a: Dragapult
|-status|p1a: Dragapult|par
|
|-heal|p2a: Rotom|86/100 brn|[from] item: Leftovers
|-damage|p2a: Rotom|80/100 brn|[from] brn
|upkeep
|turn|24
|inactive|xxAngelodeathxx has 180 seconds left.
|
|cant|p1a: Dragapult|par
|move|p2a: Rotom|Hydro Pump|p1a: Dragapult|[miss]
|-miss|p2a: Rotom|p1a: Dragapult
|
|-heal|p2a: Rotom|86/100 brn|[from] item: Leftovers
|-damage|p2a: Rotom|80/100 brn|[from] brn
|upkeep
|turn|25
|
|move|p1a: Dragapult|Dragon Darts|p2a: Rotom
|-damage|p2a: Rotom|45/100 brn
|-crit|p2a: Rotom
|-damage|p2a: Rotom|0 fnt
|-hitcount|p2a: Rotom|2
|-damage|p1a: Dragapult|32/100 par|[from] item: Life Orb
|faint|p2a: Rotom
|
|upkeep
|
|switch|p2a: Togekiss|Togekiss, F|27/100
|-damage|p2a: Togekiss|2/100|[from] Stealth Rock
|turn|26
|inactive|xxAngelodeathxx has 180 seconds left.
|
|switch|p1a: Excadrill|Excadrill, F, shiny|1/100
|-damage|p1a: Excadrill|0 fnt|[from] Stealth Rock
|faint|p1a: Excadrill
|move|p2a: Togekiss|Dazzling Gleam|p1: Excadrill|[notarget]
|-fail|p2a: Togekiss
|
|upkeep
|
|switch|p1a: Corviknight|Corviknight, F|100/100
|-damage|p1a: Corviknight|88/100|[from] Stealth Rock
|turn|27
|
|move|p2a: Togekiss|Flamethrower|p1a: Corviknight
|-supereffective|p1a: Corviknight
|-damage|p1a: Corviknight|14/100
|move|p1a: Corviknight|Iron Head|p2a: Togekiss
|-supereffective|p2a: Togekiss
|-damage|p2a: Togekiss|0 fnt
|faint|p2a: Togekiss
|
|upkeep
|inactive|xxAngelodeathxx has 180 seconds left.
|
|switch|p2a: Grimmsnarl|Grimmsnarl, M|46/100
|-damage|p2a: Grimmsnarl|33/100|[from] Stealth Rock
|turn|28
|
|move|p1a: Corviknight|Iron Head|p2a: Grimmsnarl
|-supereffective|p2a: Grimmsnarl
|-damage|p2a: Grimmsnarl|0 fnt
|faint|p2a: Grimmsnarl
|
|upkeep
|
|switch|p2a: Dragapult|Dragapult, F|96/100
|-damage|p2a: Dragapult|84/100|[from] Stealth Rock
|turn|29
|
|switch|p1a: Toxapex|Toxapex, M, shiny|100/100 brn
|-damage|p1a: Toxapex|88/100 brn|[from] Stealth Rock
|move|p2a: Dragapult|Dragon Darts|p1a: Toxapex
|-damage|p1a: Toxapex|63/100 brn
|-damage|p1a: Toxapex|40/100 brn
|-hitcount|p1a: Toxapex|2
|
|-heal|p1a: Toxapex|46/100 brn|[from] item: Black Sludge
|-damage|p1a: Toxapex|40/100 brn|[from] brn
|upkeep
|turn|30
|
|move|p2a: Dragapult|Dragon Darts|p1a: Toxapex
|-damage|p1a: Toxapex|15/100 brn
|-damage|p1a: Toxapex|0 fnt
|-hitcount|p1a: Toxapex|2
|faint|p1a: Toxapex
|
|upkeep
|
|switch|p1a: Ferrothorn|Ferrothorn, F, shiny|38/100
|-damage|p1a: Ferrothorn|32/100|[from] Stealth Rock
|turn|31
|c|☆Koojching|Gg
|
|move|p2a: Dragapult|Dragon Darts|p1a: Ferrothorn
|-resisted|p1a: Ferrothorn
|-damage|p1a: Ferrothorn|20/100
|-resisted|p1a: Ferrothorn
|-damage|p1a: Ferrothorn|8/100
|-hitcount|p1a: Ferrothorn|2
|move|p1a: Ferrothorn|Knock Off|p2a: Dragapult
|-supereffective|p2a: Dragapult
|-damage|p2a: Dragapult|21/100
|-enditem|p2a: Dragapult|Choice Band|[from] move: Knock Off|[of] p1a: Ferrothorn
|
|-heal|p1a: Ferrothorn|14/100|[from] item: Leftovers
|upkeep
|turn|32
|
|move|p1a: Ferrothorn|Protect|p1a: Ferrothorn
|-singleturn|p1a: Ferrothorn|Protect
|move|p2a: Dragapult|U-turn|p1a: Ferrothorn
|-activate|p1a: Ferrothorn|move: Protect
|
|-heal|p1a: Ferrothorn|20/100|[from] item: Leftovers
|upkeep
|turn|33
|
|move|p2a: Dragapult|Dragon Darts|p1a: Ferrothorn
|-resisted|p1a: Ferrothorn
|-damage|p1a: Ferrothorn|13/100
|-resisted|p1a: Ferrothorn
|-damage|p1a: Ferrothorn|6/100
|-hitcount|p1a: Ferrothorn|2
|move|p1a: Ferrothorn|Leech Seed|p2a: Dragapult
|-start|p2a: Dragapult|move: Leech Seed
|
|-heal|p1a: Ferrothorn|12/100|[from] item: Leftovers
|-damage|p2a: Dragapult|9/100|[from] Leech Seed|[of] p1a: Ferrothorn
|-heal|p1a: Ferrothorn|23/100|[silent]
|upkeep
|turn|34
|
|move|p1a: Ferrothorn|Protect|p1a: Ferrothorn
|-singleturn|p1a: Ferrothorn|Protect
|move|p2a: Dragapult|U-turn|p1a: Ferrothorn
|-activate|p1a: Ferrothorn|move: Protect
|
|-heal|p1a: Ferrothorn|29/100|[from] item: Leftovers
|-damage|p2a: Dragapult|0 fnt|[from] Leech Seed|[of] p1a: Ferrothorn
|-heal|p1a: Ferrothorn|37/100|[silent]
|faint|p2a: Dragapult
|upkeep
|
|switch|p2a: Diggersby|Diggersby, F|100/100
|-damage|p2a: Diggersby|94/100|[from] Stealth Rock
|turn|35
|
|move|p2a: Diggersby|Hammer Arm|p1a: Ferrothorn|[miss]
|-miss|p2a: Diggersby|p1a: Ferrothorn
|move|p1a: Ferrothorn|Leech Seed|p2a: Diggersby
|-start|p2a: Diggersby|move: Leech Seed
|
|-heal|p1a: Ferrothorn|43/100|[from] item: Leftovers
|-damage|p2a: Diggersby|82/100|[from] Leech Seed|[of] p1a: Ferrothorn
|-heal|p1a: Ferrothorn|54/100|[silent]
|upkeep
|turn|36
|
|move|p1a: Ferrothorn|Protect|p1a: Ferrothorn
|-singleturn|p1a: Ferrothorn|Protect
|move|p2a: Diggersby|Hammer Arm|p1a: Ferrothorn
|-activate|p1a: Ferrothorn|move: Protect
|
|-heal|p1a: Ferrothorn|60/100|[from] item: Leftovers
|-damage|p2a: Diggersby|70/100|[from] Leech Seed|[of] p1a: Ferrothorn
|-heal|p1a: Ferrothorn|71/100|[silent]
|upkeep
|turn|37
|inactive|xxAngelodeathxx has 180 seconds left.
|
|move|p2a: Diggersby|Hammer Arm|p1a: Ferrothorn
|-supereffective|p1a: Ferrothorn
|-damage|p1a: Ferrothorn|0 fnt
|-damage|p2a: Diggersby|58/100|[from] ability: Iron Barbs|[of] p1a: Ferrothorn
|-unboost|p2a: Diggersby|spe|1
|faint|p1a: Ferrothorn
|
|upkeep
|
|switch|p1a: Corviknight|Corviknight, F|14/100
|-damage|p1a: Corviknight|2/100|[from] Stealth Rock
|turn|38
|
|move|p1a: Corviknight|Roost|p1a: Corviknight
|-heal|p1a: Corviknight|52/100
|-singleturn|p1a: Corviknight|move: Roost
|move|p2a: Diggersby|Hammer Arm|p1a: Corviknight
|-supereffective|p1a: Corviknight
|-damage|p1a: Corviknight|0 fnt
|-unboost|p2a: Diggersby|spe|1
|faint|p1a: Corviknight
|
|upkeep
|
|switch|p1a: Dragapult|Dragapult, M, shiny|32/100 par
|-damage|p1a: Dragapult|19/100 par|[from] Stealth Rock
|turn|39
|
|switch|p2a: Ferrothorn|Ferrothorn, F|88/100
|-damage|p2a: Ferrothorn|82/100|[from] Stealth Rock
|move|p1a: Dragapult|Dragon Darts|p2a: Ferrothorn
|-resisted|p2a: Ferrothorn
|-damage|p2a: Ferrothorn|74/100
|-resisted|p2a: Ferrothorn
|-damage|p2a: Ferrothorn|65/100
|-hitcount|p2a: Ferrothorn|2
|-damage|p1a: Dragapult|10/100 par|[from] item: Life Orb
|
|upkeep
|turn|40
|
|switch|p1a: Tyranitar|Tyranitar, M, shiny|14/100
|-damage|p1a: Tyranitar|1/100|[from] Stealth Rock
|-weather|Sandstorm|[from] ability: Sand Stream|[of] p1a: Tyranitar
|move|p2a: Ferrothorn|Leech Seed|p1a: Tyranitar
|-start|p1a: Tyranitar|move: Leech Seed
|
|-weather|Sandstorm|[upkeep]
|-damage|p1a: Tyranitar|0 fnt|[from] Leech Seed|[of] p2a: Ferrothorn
|-heal|p2a: Ferrothorn|66/100|[silent]
|faint|p1a: Tyranitar
|upkeep
|inactive|Koojching has 270 seconds left.
|l|☆Koojching
|inactive|Koojching disconnected and has 300 seconds to reconnect!
|player|p1|
|inactive|Koojching has 270 seconds to reconnect!
|j|☆Koojching
|inactive|Koojching reconnected and has 265 seconds left.
|player|p1|Koojching|lucas
|l|☆Koojching
|inactive|Koojching disconnected and has 270 seconds to reconnect!
|player|p1|
|inactive|Koojching has 240 seconds to reconnect!
|inactive|Koojching has 210 seconds to reconnect!
|inactive|Koojching has 180 seconds to reconnect!
|inactive|Koojching has 150 seconds to reconnect!
|inactive|Koojching has 120 seconds to reconnect!
|inactive|Koojching has 90 seconds to reconnect!
|inactive|Koojching has 60 seconds to reconnect!
|inactive|Koojching has 30 seconds to reconnect!
|inactive|Koojching has 20 seconds to reconnect!
|inactive|Koojching has 15 seconds to reconnect!
|inactive|Koojching has 10 seconds to reconnect!
|inactive|Koojching has 5 seconds to reconnect!
|-message|Koojching lost due to inactivity.
|
|win|xxAngelodeathxx
