|ScrapeTime|2020-01-02-00:29:02
|j|☆Bootyshakin
|j|☆H3RRO
|player|p1|Bootyshakin|swimmer|1147
|player|p2|H3RRO|2|1098
|teamsize|p1|6
|teamsize|p2|6
|gametype|singles
|gen|8
|tier|[Gen 8] OU
|rated|
|rule|Sleep Clause Mod: Limit one foe put to sleep
|rule|Species Clause: Limit one of each Pokémon
|rule|OHKO Clause: OHKO moves are banned
|rule|Evasion Moves Clause: Evasion moves are banned
|rule|Endless Battle Clause: Forcing endless battles is banned
|rule|HP Percentage Mod: HP is shown in percentages
|clearpoke
|poke|p1|Dragapult, F|
|poke|p1|Clefable, F|
|poke|p1|Bisharp, F|
|poke|p1|Rotom-Heat|
|poke|p1|Orbeetle, F|
|poke|p1|Golisopod, F|
|poke|p2|Ninetales, F|
|poke|p2|Shiftry, F|
|poke|p2|Dugtrio, M|
|poke|p2|Dragapult, M|
|poke|p2|Ditto|
|poke|p2|Mew|
|rule|Dynamax Clause: You cannot dynamax
|teampreview
|inactive|Battle timer is ON: inactive players will automatically lose when time's up. (requested by H3RRO)
|
|start
|switch|p1a: Orbeetle|Orbeetle, F|100/100
|switch|p2a: Mew|Mew|100/100
|-item|p2a: Mew|Rocky Helmet|[from] ability: Frisk|[of] p1a: Orbeetle|[identify]
|turn|1
|c|☆H3RRO|Do u like men?
|c|☆H3RRO|Because look at ur name
|c|☆H3RRO|Gayy
|
|move|p2a: Mew|Taunt|p1a: Orbeetle
|-start|p1a: Orbeetle|move: Taunt
|move|p1a: Orbeetle|U-turn|p2a: Mew
|-supereffective|p2a: Mew
|-damage|p2a: Mew|73/100
|-damage|p1a: Orbeetle|84/100|[from] item: Rocky Helmet|[of] p2a: Mew
|
|switch|p1a: Rotom|Rotom-Heat|100/100|[from]move: U-turn
|
|upkeep
|turn|2
|
|move|p2a: Mew|Stealth Rock|p1a: Rotom
|-sidestart|p1: Bootyshakin|move: Stealth Rock
|move|p1a: Rotom|Nasty Plot|p1a: Rotom
|-boost|p1a: Rotom|spa|2
|
|upkeep
|turn|3
|
|move|p2a: Mew|Psychic|p1a: Rotom
|-damage|p1a: Rotom|52/100
|move|p1a: Rotom|Volt Switch|p2a: Mew
|-damage|p2a: Mew|17/100
|
|switch|p1a: Orbeetle|Orbeetle, F|84/100|[from]move: Volt Switch
|-damage|p1a: Orbeetle|59/100|[from] Stealth Rock
|-item|p2a: Mew|Rocky Helmet|[from] ability: Frisk|[of] p1a: Orbeetle|[identify]
|
|upkeep
|turn|4
|
|move|p2a: Mew|Flamethrower|p1a: Orbeetle
|-supereffective|p1a: Orbeetle
|-damage|p1a: Orbeetle|8/100
|move|p1a: Orbeetle|Body Press|p2a: Mew
|-resisted|p2a: Mew
|-damage|p2a: Mew|5/100
|-damage|p1a: Orbeetle|0 fnt|[from] item: Rocky Helmet|[of] p2a: Mew
|faint|p1a: Orbeetle
|
|upkeep
|
|switch|p1a: Bisharp|Bisharp, F|100/100
|-damage|p1a: Bisharp|95/100|[from] Stealth Rock
|turn|5
|
|move|p1a: Bisharp|Sucker Punch||[still]
|-fail|p1a: Bisharp
|move|p2a: Mew|Taunt|p1a: Bisharp
|-start|p1a: Bisharp|move: Taunt
|
|-heal|p1a: Bisharp|100/100|[from] item: Leftovers
|upkeep
|turn|6
|
|move|p1a: Bisharp|Sucker Punch||[still]
|-fail|p1a: Bisharp
|move|p2a: Mew|Taunt||[still]
|-fail|p2a: Mew
|
|upkeep
|turn|7
|
|move|p2a: Mew|Flamethrower|p1a: Bisharp
|-supereffective|p1a: Bisharp
|-damage|p1a: Bisharp|26/100
|-status|p1a: Bisharp|brn
|move|p1a: Bisharp|Throat Chop|p2a: Mew
|-supereffective|p2a: Mew
|-damage|p2a: Mew|0 fnt
|-damage|p1a: Bisharp|9/100 brn|[from] item: Rocky Helmet|[of] p2a: Mew
|faint|p2a: Mew
|
|-heal|p1a: Bisharp|15/100 brn|[from] item: Leftovers
|-damage|p1a: Bisharp|9/100 brn|[from] brn
|upkeep
|
|switch|p2a: Dugtrio|Dugtrio, M|100/100
|turn|8
|
|move|p1a: Bisharp|Sucker Punch||[still]
|-fail|p1a: Bisharp
|move|p2a: Dugtrio|Screech|p1a: Bisharp
|-unboost|p1a: Bisharp|def|2
|-ability|p1a: Bisharp|Defiant
|-boost|p1a: Bisharp|atk|2
|
|-heal|p1a: Bisharp|15/100 brn|[from] item: Leftovers
|-damage|p1a: Bisharp|9/100 brn|[from] brn
|-end|p1a: Bisharp|move: Taunt
|upkeep
|turn|9
|
|move|p2a: Dugtrio|Sucker Punch|p1a: Bisharp
|-resisted|p1a: Bisharp
|-damage|p1a: Bisharp|0 fnt
|faint|p1a: Bisharp
|
|upkeep
|c|☆H3RRO|Noob
|-message|Bootyshakin forfeited.
|
|win|H3RRO
|l|☆Bootyshakin
|raw|Bootyshakin's rating: 1147 → 1119(-28 for losing)
|raw|H3RRO's rating: 1098 → 1127(+29 for winning)
