|ScrapeTime|2020-01-01-13:36:11
|j|☆dannyokay
|j|☆Ace Trainer 2020
|player|p1|dannyokay|2|1266
|player|p2|Ace Trainer 2020|aetherfoundation|1235
|teamsize|p1|6
|teamsize|p2|6
|gametype|singles
|gen|8
|tier|[Gen 8] OU
|rated|
|rule|Sleep Clause Mod: Limit one foe put to sleep
|rule|Species Clause: Limit one of each Pokémon
|rule|OHKO Clause: OHKO moves are banned
|rule|Evasion Moves Clause: Evasion moves are banned
|rule|Endless Battle Clause: Forcing endless battles is banned
|rule|HP Percentage Mod: HP is shown in percentages
|clearpoke
|poke|p1|Aegislash, M|
|poke|p1|Bisharp, F|
|poke|p1|Seismitoad, F|
|poke|p1|Cinderace, M|
|poke|p1|Polteageist|
|poke|p1|Tsareena, F|
|poke|p2|Cloyster, M|
|poke|p2|Dracovish|
|poke|p2|Rotom-Mow|
|poke|p2|Clefable, F|
|poke|p2|Corviknight, M|
|poke|p2|Conkeldurr, F|
|rule|Dynamax Clause: You cannot dynamax
|teampreview
|inactive|Battle timer is ON: inactive players will automatically lose when time's up. (requested by Ace Trainer 2020)
|
|start
|switch|p1a: Tsareena|Tsareena, F|100/100
|switch|p2a: Rotom|Rotom-Mow|100/100
|turn|1
|
|move|p2a: Rotom|Trick|p1a: Tsareena
|-activate|p2a: Rotom|move: Trick|[of] p1a: Tsareena
|-item|p1a: Tsareena|Choice Scarf|[from] move: Trick
|-item|p2a: Rotom|Assault Vest|[from] move: Trick
|move|p1a: Tsareena|U-turn|p2a: Rotom
|-supereffective|p2a: Rotom
|-crit|p2a: Rotom
|-damage|p2a: Rotom|30/100
|
|switch|p1a: Cinderace|Cinderace, M|100/100|[from]move: U-turn
|
|upkeep
|turn|2
|
|switch|p2a: Dracovish|Dracovish|100/100
|move|p1a: Cinderace|Pyro Ball|p2a: Dracovish
|-resisted|p2a: Dracovish
|-damage|p2a: Dracovish|82/100
|-damage|p1a: Cinderace|91/100|[from] item: Life Orb
|
|upkeep
|turn|3
|
|switch|p2a: Conkeldurr|Conkeldurr, F|100/100
|switch|p1a: Seismitoad|Seismitoad, F|100/100
|
|upkeep
|turn|4
|
|move|p1a: Seismitoad|Stealth Rock|p2a: Conkeldurr
|-sidestart|p2: Ace Trainer 2020|move: Stealth Rock
|move|p2a: Conkeldurr|Bulk Up|p2a: Conkeldurr
|-boost|p2a: Conkeldurr|atk|1
|-boost|p2a: Conkeldurr|def|1
|
|upkeep
|turn|5
|
|move|p1a: Seismitoad|Toxic|p2a: Conkeldurr|[miss]
|-miss|p1a: Seismitoad|p2a: Conkeldurr
|move|p2a: Conkeldurr|Bulk Up|p2a: Conkeldurr
|-boost|p2a: Conkeldurr|atk|1
|-boost|p2a: Conkeldurr|def|1
|
|upkeep
|turn|6
|
|move|p1a: Seismitoad|Toxic|p2a: Conkeldurr
|-status|p2a: Conkeldurr|tox
|move|p2a: Conkeldurr|Earthquake|p1a: Seismitoad
|-damage|p1a: Seismitoad|10/100
|
|-heal|p1a: Seismitoad|16/100|[from] item: Leftovers
|-damage|p2a: Conkeldurr|94/100 tox|[from] psn
|upkeep
|turn|7
|
|move|p1a: Seismitoad|Protect|p1a: Seismitoad
|-singleturn|p1a: Seismitoad|Protect
|move|p2a: Conkeldurr|Mach Punch|p1a: Seismitoad
|-activate|p1a: Seismitoad|move: Protect
|
|-heal|p1a: Seismitoad|22/100|[from] item: Leftovers
|-heal|p2a: Conkeldurr|100/100 tox|[from] item: Leftovers
|-damage|p2a: Conkeldurr|88/100 tox|[from] psn
|upkeep
|turn|8
|
|switch|p1a: Tsareena|Tsareena, F|100/100
|move|p2a: Conkeldurr|Drain Punch|p1a: Tsareena
|-damage|p1a: Tsareena|0 fnt
|-heal|p2a: Conkeldurr|100/100 tox|[from] drain|[of] p1a: Tsareena
|faint|p1a: Tsareena
|
|-damage|p2a: Conkeldurr|82/100 tox|[from] psn
|upkeep
|
|switch|p1a: Aegislash|Aegislash, M|100/100
|turn|9
|
|-formechange|p1a: Aegislash|Aegislash-Blade||[from] ability: Stance Change
|move|p1a: Aegislash|Steel Beam|p2a: Conkeldurr
|-damage|p2a: Conkeldurr|0 fnt
|-damage|p1a: Aegislash|50/100|[from] mindblown
|faint|p2a: Conkeldurr
|
|upkeep
|
|switch|p2a: Corviknight|Corviknight, M|100/100
|-damage|p2a: Corviknight|88/100|[from] Stealth Rock
|-ability|p2a: Corviknight|Pressure
|turn|10
|
|switch|p1a: Cinderace|Cinderace, M|91/100
|move|p2a: Corviknight|Defog|p1a: Cinderace
|-unboost|p1a: Cinderace|evasion|1
|-sideend|p2: Ace Trainer 2020|Stealth Rock|[from] move: Defog|[of] p2a: Corviknight
|
|-heal|p2a: Corviknight|94/100|[from] item: Leftovers
|upkeep
|turn|11
|
|switch|p2a: Rotom|Rotom-Mow|30/100
|move|p1a: Cinderace|High Jump Kick|p2a: Rotom
|-damage|p2a: Rotom|0 fnt
|-damage|p1a: Cinderace|81/100|[from] item: Life Orb
|faint|p2a: Rotom
|
|upkeep
|
|switch|p2a: Dracovish|Dracovish|82/100
|turn|12
|
|move|p2a: Dracovish|Crunch|p1a: Cinderace
|-damage|p1a: Cinderace|33/100
|-unboost|p1a: Cinderace|def|1
|move|p1a: Cinderace|High Jump Kick|p2a: Dracovish
|-crit|p2a: Dracovish
|-damage|p2a: Dracovish|0 fnt
|-damage|p1a: Cinderace|23/100|[from] item: Life Orb
|faint|p2a: Dracovish
|
|upkeep
|
|switch|p2a: Cloyster|Cloyster, M|100/100
|turn|13
|
|move|p2a: Cloyster|Ice Shard|p1a: Cinderace
|-resisted|p1a: Cinderace
|-damage|p1a: Cinderace|1/100
|cant|p1a: Cinderace|flinch
|
|upkeep
|turn|14
|
|move|p2a: Cloyster|Ice Shard|p1a: Cinderace
|-resisted|p1a: Cinderace
|-damage|p1a: Cinderace|0 fnt
|faint|p1a: Cinderace
|
|upkeep
|
|switch|p1a: Bisharp|Bisharp, F|100/100
|turn|15
|l|☆Ace Trainer 2020
|inactive|Ace Trainer 2020 disconnected and has a minute to reconnect!
|player|p2|
|j| Andrew Loh
|l| Andrew Loh
|j|☆Ace Trainer 2020
|inactive|Ace Trainer 2020 reconnected and has 120 seconds left.
|player|p2|Ace Trainer 2020|aetherfoundation
|
|switch|p2a: Corviknight|Corviknight, M|94/100
|-ability|p2a: Corviknight|Pressure
|move|p1a: Bisharp|Swords Dance|p1a: Bisharp
|-boost|p1a: Bisharp|atk|2
|
|-heal|p2a: Corviknight|100/100|[from] item: Leftovers
|upkeep
|turn|16
|inactive|dannyokay has 120 seconds left.
|
|move|p1a: Bisharp|Low Kick|p2a: Corviknight
|-crit|p2a: Corviknight
|-damage|p2a: Corviknight|36/100
|-damage|p1a: Bisharp|91/100|[from] item: Life Orb
|move|p2a: Corviknight|Body Press|p1a: Bisharp
|-supereffective|p1a: Bisharp
|-damage|p1a: Bisharp|0 fnt
|faint|p1a: Bisharp
|
|-heal|p2a: Corviknight|42/100|[from] item: Leftovers
|upkeep
|inactive|dannyokay has 120 seconds left.
|
|switch|p1a: Polteageist|Polteageist|100/100
|turn|17
|
|move|p1a: Polteageist|Shell Smash|p1a: Polteageist
|-unboost|p1a: Polteageist|def|1
|-unboost|p1a: Polteageist|spd|1
|-boost|p1a: Polteageist|atk|2
|-boost|p1a: Polteageist|spa|2
|-boost|p1a: Polteageist|spe|2
|-enditem|p1a: Polteageist|White Herb
|-clearnegativeboost|p1a: Polteageist|[silent]
|move|p2a: Corviknight|U-turn|p1a: Polteageist
|-resisted|p1a: Polteageist
|-damage|p1a: Polteageist|86/100
|-ability|p1a: Polteageist|Weak Armor|boost
|-unboost|p1a: Polteageist|def|1
|-boost|p1a: Polteageist|spe|2
|
|switch|p2a: Clefable|Clefable, F|100/100|[from]move: U-turn
|
|upkeep
|turn|18
|
|move|p1a: Polteageist|Shadow Ball|p2a: Clefable
|-damage|p2a: Clefable|17/100
|move|p2a: Clefable|Moonblast|p1a: Polteageist
|-damage|p1a: Polteageist|19/100
|
|upkeep
|turn|19
|
|move|p1a: Polteageist|Shadow Ball|p2a: Clefable
|-damage|p2a: Clefable|0 fnt
|faint|p2a: Clefable
|
|upkeep
|
|switch|p2a: Cloyster|Cloyster, M|100/100
|turn|20
|
|move|p2a: Cloyster|Ice Shard|p1a: Polteageist
|-damage|p1a: Polteageist|0 fnt
|faint|p1a: Polteageist
|
|upkeep
|
|switch|p1a: Aegislash|Aegislash, M|50/100
|turn|21
|
|move|p2a: Cloyster|Icicle Spear|p1a: Aegislash
|-resisted|p1a: Aegislash
|-damage|p1a: Aegislash|44/100
|-resisted|p1a: Aegislash
|-damage|p1a: Aegislash|37/100
|-resisted|p1a: Aegislash
|-damage|p1a: Aegislash|32/100
|-resisted|p1a: Aegislash
|-damage|p1a: Aegislash|26/100
|-resisted|p1a: Aegislash
|-damage|p1a: Aegislash|20/100
|-hitcount|p1a: Aegislash|5
|-formechange|p1a: Aegislash|Aegislash-Blade||[from] ability: Stance Change
|move|p1a: Aegislash|Close Combat|p2a: Cloyster
|-supereffective|p2a: Cloyster
|-damage|p2a: Cloyster|40/100
|-unboost|p1a: Aegislash|def|1
|-unboost|p1a: Aegislash|spd|1
|
|upkeep
|turn|22
|
|switch|p1a: Seismitoad|Seismitoad, F|22/100
|move|p2a: Cloyster|Icicle Spear|p1a: Seismitoad
|-damage|p1a: Seismitoad|14/100
|-damage|p1a: Seismitoad|5/100
|-damage|p1a: Seismitoad|0 fnt
|-hitcount|p1a: Seismitoad|3
|faint|p1a: Seismitoad
|
|upkeep
|
|switch|p1a: Aegislash|Aegislash, M|20/100
|turn|23
|
|move|p2a: Cloyster|Icicle Spear|p1a: Aegislash
|-resisted|p1a: Aegislash
|-damage|p1a: Aegislash|14/100
|-resisted|p1a: Aegislash
|-damage|p1a: Aegislash|8/100
|-resisted|p1a: Aegislash
|-damage|p1a: Aegislash|2/100
|-resisted|p1a: Aegislash
|-damage|p1a: Aegislash|0 fnt
|-hitcount|p1a: Aegislash|4
|faint|p1a: Aegislash
|
|win|Ace Trainer 2020
|l|☆dannyokay
|raw|dannyokay's rating: 1267 → 1240(-27 for losing)
|raw|Ace Trainer 2020's rating: 1235 → 1262(+27 for winning)
