|ScrapeTime|2020-01-02-09:52:26
|j|☆Lex-rex 8
|j|☆usualranger5
|player|p1|Lex-rex 8|colress|1335
|player|p2|usualranger5|169|1367
|teamsize|p1|6
|teamsize|p2|6
|gametype|singles
|gen|8
|tier|[Gen 8] OU
|rated|
|rule|Sleep Clause Mod: Limit one foe put to sleep
|rule|Species Clause: Limit one of each Pokémon
|rule|OHKO Clause: OHKO moves are banned
|rule|Evasion Moves Clause: Evasion moves are banned
|rule|Endless Battle Clause: Forcing endless battles is banned
|rule|HP Percentage Mod: HP is shown in percentages
|clearpoke
|poke|p1|Corsola-Galar, F|
|poke|p1|Conkeldurr, F|
|poke|p1|Toxapex, M|
|poke|p1|Dracovish|
|poke|p1|Rotom-Mow|
|poke|p1|Ditto|
|poke|p2|Drapion, M|
|poke|p2|Shedinja|
|poke|p2|Hatterene, F|
|poke|p2|Quagsire, M|
|poke|p2|Perrserker, M|
|poke|p2|Mandibuzz, F|
|rule|Dynamax Clause: You cannot dynamax
|teampreview
|inactive|Battle timer is ON: inactive players will automatically lose when time's up. (requested by usualranger5)
|
|start
|switch|p1a: Conkeldurr|Conkeldurr, F|100/100
|switch|p2a: Perrserker|Perrserker, M|100/100
|turn|1
|
|move|p2a: Perrserker|Fake Out|p1a: Conkeldurr
|-damage|p1a: Conkeldurr|85/100
|cant|p1a: Conkeldurr|flinch
|
|-status|p1a: Conkeldurr|brn|[from] item: Flame Orb
|upkeep
|turn|2
|
|switch|p2a: Shedinja|Shedinja|100/100
|move|p1a: Conkeldurr|Mach Punch|p2a: Shedinja
|-immune|p2a: Shedinja|[from] ability: Wonder Guard
|
|-damage|p1a: Conkeldurr|79/100 brn|[from] brn
|upkeep
|turn|3
|
|switch|p1a: Ditto|Ditto|100/100
|-transform|p1a: Ditto|p2a: Shedinja|[from] ability: Imposter
|move|p2a: Shedinja|Shadow Claw|p1a: Ditto
|-supereffective|p1a: Ditto
|-damage|p1a: Ditto|0 fnt
|faint|p1a: Ditto
|
|upkeep
|
|switch|p1a: Corsola|Corsola-Galar, F|100/100
|turn|4
|
|switch|p2a: Hatterene|Hatterene, F|100/100
|move|p1a: Corsola|Hex|p2a: Hatterene
|-supereffective|p2a: Hatterene
|-damage|p2a: Hatterene|75/100
|
|-heal|p2a: Hatterene|81/100|[from] item: Leftovers
|upkeep
|turn|5
|
|move|p1a: Corsola|Hex|p2a: Hatterene
|-supereffective|p2a: Hatterene
|-damage|p2a: Hatterene|57/100
|move|p2a: Hatterene|Psychic|p1a: Corsola
|-damage|p1a: Corsola|79/100
|
|-heal|p2a: Hatterene|64/100|[from] item: Leftovers
|upkeep
|turn|6
|
|switch|p2a: Drapion|Drapion, M|100/100
|move|p1a: Corsola|Will-O-Wisp|p2a: Drapion
|-status|p2a: Drapion|brn
|
|-damage|p2a: Drapion|94/100 brn|[from] brn
|upkeep
|turn|7
|
|switch|p2a: Hatterene|Hatterene, F|64/100
|switch|p1a: Toxapex|Toxapex, M|100/100
|
|-heal|p2a: Hatterene|70/100|[from] item: Leftovers
|upkeep
|turn|8
|
|move|p1a: Toxapex|Toxic|p2a: Hatterene
|move|p2a: Hatterene|Toxic|p1a: Toxapex|[from]Magic Bounce
|-immune|p1a: Toxapex
|move|p2a: Hatterene|Aromatherapy|p2a: Hatterene
|-activate|p2a: Hatterene|move: Aromatherapy
|-curestatus|p2: Drapion|brn|[msg]
|
|-heal|p2a: Hatterene|76/100|[from] item: Leftovers
|upkeep
|turn|9
|j| Barnabas Pandy
|
|switch|p1a: Dracovish|Dracovish|100/100
|move|p2a: Hatterene|Psychic|p1a: Dracovish
|-damage|p1a: Dracovish|56/100
|
|-heal|p2a: Hatterene|82/100|[from] item: Leftovers
|upkeep
|turn|10
|
|switch|p2a: Shedinja|Shedinja|100/100
|move|p1a: Dracovish|Fishious Rend|p2a: Shedinja
|-immune|p2a: Shedinja|[from] ability: Wonder Guard
|
|upkeep
|turn|11
|
|switch|p1a: Toxapex|Toxapex, M|100/100
|move|p2a: Shedinja|Will-O-Wisp|p1a: Toxapex
|-status|p1a: Toxapex|brn
|
|-damage|p1a: Toxapex|94/100 brn|[from] brn
|upkeep
|turn|12
|
|switch|p2a: Hatterene|Hatterene, F|82/100
|move|p1a: Toxapex|Toxic|p2a: Hatterene
|move|p2a: Hatterene|Toxic|p1a: Toxapex|[from]Magic Bounce|[miss]
|-miss|p2a: Hatterene|p1a: Toxapex
|
|-heal|p1a: Toxapex|100/100 brn|[from] item: Black Sludge
|-heal|p2a: Hatterene|88/100|[from] item: Leftovers
|-damage|p1a: Toxapex|94/100 brn|[from] brn
|upkeep
|turn|13
|
|switch|p1a: Corsola|Corsola-Galar, F|79/100
|move|p2a: Hatterene|Psychic|p1a: Corsola
|-damage|p1a: Corsola|59/100
|
|-heal|p2a: Hatterene|94/100|[from] item: Leftovers
|upkeep
|turn|14
|
|switch|p2a: Mandibuzz|Mandibuzz, F|100/100
|move|p1a: Corsola|Hex|p2a: Mandibuzz
|-resisted|p2a: Mandibuzz
|-damage|p2a: Mandibuzz|95/100
|
|upkeep
|turn|15
|
|move|p2a: Mandibuzz|Taunt|p1a: Corsola
|-start|p1a: Corsola|move: Taunt
|cant|p1a: Corsola|move: Taunt|Stealth Rock
|
|upkeep
|turn|16
|
|switch|p1a: Rotom|Rotom-Mow|100/100
|move|p2a: Mandibuzz|Knock Off|p1a: Rotom
|-crit|p1a: Rotom
|-damage|p1a: Rotom|52/100
|-enditem|p1a: Rotom|Choice Specs|[from] move: Knock Off|[of] p2a: Mandibuzz
|
|upkeep
|turn|17
|
|switch|p2a: Shedinja|Shedinja|100/100
|move|p1a: Rotom|Trick|p2a: Shedinja
|-activate|p1a: Rotom|move: Trick|[of] p2a: Shedinja
|-enditem|p2a: Shedinja|Focus Sash|[silent]|[from] move: Trick
|-item|p1a: Rotom|Focus Sash|[from] move: Trick
|
|upkeep
|turn|18
|inactive|Lex-rex 8 has 120 seconds left.
|
|switch|p1a: Dracovish|Dracovish|56/100
|move|p2a: Shedinja|Shadow Claw|p1a: Dracovish
|-damage|p1a: Dracovish|29/100
|
|upkeep
|turn|19
|
|switch|p2a: Quagsire|Quagsire, M|100/100
|move|p1a: Dracovish|Crunch|p2a: Quagsire
|-damage|p2a: Quagsire|64/100
|-damage|p1a: Dracovish|13/100|[from] item: Rocky Helmet|[of] p2a: Quagsire
|
|upkeep
|turn|20
|
|move|p1a: Dracovish|Crunch|p2a: Quagsire
|-damage|p2a: Quagsire|28/100
|-damage|p1a: Dracovish|0 fnt|[from] item: Rocky Helmet|[of] p2a: Quagsire
|faint|p1a: Dracovish
|move|p2a: Quagsire|Toxic|p1: Dracovish|[notarget]
|-fail|p2a: Quagsire
|
|upkeep
|inactive|Lex-rex 8 has 120 seconds left.
|
|switch|p1a: Toxapex|Toxapex, M|100/100 brn
|turn|21
|
|move|p2a: Quagsire|Recover|p2a: Quagsire
|-heal|p2a: Quagsire|78/100
|move|p1a: Toxapex|Toxic|p2a: Quagsire
|-status|p2a: Quagsire|tox
|
|-damage|p2a: Quagsire|72/100 tox|[from] psn
|-damage|p1a: Toxapex|94/100 brn|[from] brn
|upkeep
|turn|22
|
|switch|p2a: Hatterene|Hatterene, F|94/100
|switch|p1a: Conkeldurr|Conkeldurr, F|79/100 brn
|
|-heal|p2a: Hatterene|100/100|[from] item: Leftovers
|-damage|p1a: Conkeldurr|72/100 brn|[from] brn
|upkeep
|turn|23
|
|switch|p2a: Shedinja|Shedinja|100/100
|move|p1a: Conkeldurr|Poison Jab|p2a: Shedinja
|-immune|p2a: Shedinja|[from] ability: Wonder Guard
|
|-damage|p1a: Conkeldurr|66/100 brn|[from] brn
|upkeep
|turn|24
|
|switch|p1a: Corsola|Corsola-Galar, F|59/100
|move|p2a: Shedinja|Shadow Claw|p1a: Corsola
|-supereffective|p1a: Corsola
|-damage|p1a: Corsola|19/100
|
|upkeep
|turn|25
|
|move|p2a: Shedinja|Shadow Claw|p1a: Corsola
|-supereffective|p1a: Corsola
|-damage|p1a: Corsola|0 fnt
|-start|p2a: Shedinja|Disable|Shadow Claw|[from] ability: Cursed Body|[of] p1a: Corsola
|faint|p1a: Corsola
|
|upkeep
|
|switch|p1a: Toxapex|Toxapex, M|100/100 brn
|turn|26
|
|switch|p2a: Hatterene|Hatterene, F|100/100
|move|p1a: Toxapex|Scald|p2a: Hatterene
|-damage|p2a: Hatterene|88/100
|
|-heal|p2a: Hatterene|94/100|[from] item: Leftovers
|-damage|p1a: Toxapex|94/100 brn|[from] brn
|upkeep
|turn|27
|
|switch|p1a: Rotom|Rotom-Mow|52/100
|move|p2a: Hatterene|Aromatherapy|p2a: Hatterene
|-activate|p2a: Hatterene|move: Aromatherapy
|-curestatus|p2: Quagsire|tox|[msg]
|
|-heal|p2a: Hatterene|99/100|[from] item: Leftovers
|upkeep
|turn|28
|
|switch|p2a: Shedinja|Shedinja|100/100
|move|p1a: Rotom|Trick|p2a: Shedinja
|-activate|p1a: Rotom|move: Trick|[of] p2a: Shedinja
|-item|p2a: Shedinja|Focus Sash|[from] move: Trick
|-enditem|p1a: Rotom|Focus Sash|[silent]|[from] move: Trick
|
|upkeep
|turn|29
|c|☆usualranger5|you should forfeit
|
|move|p1a: Rotom|Trick|p2a: Shedinja
|-activate|p1a: Rotom|move: Trick|[of] p2a: Shedinja
|-enditem|p2a: Shedinja|Focus Sash|[silent]|[from] move: Trick
|-item|p1a: Rotom|Focus Sash|[from] move: Trick
|move|p2a: Shedinja|X-Scissor|p1a: Rotom
|-supereffective|p1a: Rotom
|-damage|p1a: Rotom|0 fnt
|faint|p1a: Rotom
|
|upkeep
|
|switch|p1a: Toxapex|Toxapex, M|100/100 brn
|turn|30
|
|switch|p2a: Hatterene|Hatterene, F|99/100
|switch|p1a: Conkeldurr|Conkeldurr, F|66/100 brn
|
|-heal|p2a: Hatterene|100/100|[from] item: Leftovers
|-damage|p1a: Conkeldurr|60/100 brn|[from] brn
|upkeep
|turn|31
|
|switch|p2a: Shedinja|Shedinja|100/100
|move|p1a: Conkeldurr|Poison Jab|p2a: Shedinja
|-immune|p2a: Shedinja|[from] ability: Wonder Guard
|
|-damage|p1a: Conkeldurr|54/100 brn|[from] brn
|upkeep
|turn|32
|
|switch|p1a: Toxapex|Toxapex, M|100/100 brn
|move|p2a: Shedinja|Shadow Claw|p1a: Toxapex
|-damage|p1a: Toxapex|83/100 brn
|
|-heal|p1a: Toxapex|89/100 brn|[from] item: Black Sludge
|-damage|p1a: Toxapex|83/100 brn|[from] brn
|upkeep
|turn|33
|
|switch|p2a: Hatterene|Hatterene, F|100/100
|move|p1a: Toxapex|Toxic|p2a: Hatterene
|move|p2a: Hatterene|Toxic|p1a: Toxapex|[from]Magic Bounce|[miss]
|-miss|p2a: Hatterene|p1a: Toxapex
|
|-heal|p1a: Toxapex|89/100 brn|[from] item: Black Sludge
|-damage|p1a: Toxapex|83/100 brn|[from] brn
|upkeep
|turn|34
|
|move|p1a: Toxapex|Recover|p1a: Toxapex
|-heal|p1a: Toxapex|100/100 brn
|move|p2a: Hatterene|Psychic|p1a: Toxapex
|-supereffective|p1a: Toxapex
|-damage|p1a: Toxapex|35/100 brn
|
|-heal|p1a: Toxapex|41/100 brn|[from] item: Black Sludge
|-damage|p1a: Toxapex|35/100 brn|[from] brn
|upkeep
|turn|35
|
|move|p1a: Toxapex|Recover|p1a: Toxapex
|-heal|p1a: Toxapex|85/100 brn
|move|p2a: Hatterene|Psychic|p1a: Toxapex
|-supereffective|p1a: Toxapex
|-damage|p1a: Toxapex|15/100 brn
|
|-heal|p1a: Toxapex|21/100 brn|[from] item: Black Sludge
|-damage|p1a: Toxapex|15/100 brn|[from] brn
|upkeep
|turn|36
|
|move|p1a: Toxapex|Recover|p1a: Toxapex
|-heal|p1a: Toxapex|65/100 brn
|move|p2a: Hatterene|Psychic|p1a: Toxapex
|-supereffective|p1a: Toxapex
|-damage|p1a: Toxapex|0 fnt
|faint|p1a: Toxapex
|
|upkeep
|
|switch|p1a: Conkeldurr|Conkeldurr, F|54/100 brn
|turn|37
|
|switch|p2a: Shedinja|Shedinja|100/100
|move|p1a: Conkeldurr|Poison Jab|p2a: Shedinja
|-immune|p2a: Shedinja|[from] ability: Wonder Guard
|
|-damage|p1a: Conkeldurr|48/100 brn|[from] brn
|upkeep
|turn|38
|c|☆usualranger5|npt even one dude?
|inactive|usualranger5 has 120 seconds left.
|
|move|p2a: Shedinja|Shadow Claw|p1a: Conkeldurr
|-damage|p1a: Conkeldurr|24/100 brn
|move|p1a: Conkeldurr|Earthquake|p2a: Shedinja
|-immune|p2a: Shedinja|[from] ability: Wonder Guard
|
|-damage|p1a: Conkeldurr|18/100 brn|[from] brn
|upkeep
|turn|39
|inactive|usualranger5 has 120 seconds left.
|
|move|p2a: Shedinja|X-Scissor|p1a: Conkeldurr
|-resisted|p1a: Conkeldurr
|-damage|p1a: Conkeldurr|2/100 brn
|move|p1a: Conkeldurr|Close Combat|p2a: Shedinja
|-immune|p2a: Shedinja|[from] ability: Wonder Guard
|
|-damage|p1a: Conkeldurr|0 fnt|[from] brn
|faint|p1a: Conkeldurr
|
|win|usualranger5
|upkeep
|raw|Lex-rex 8's rating: 1335 → 1317(-18 for losing)
|raw|usualranger5's rating: 1367 → 1386(+19 for winning)
