|ScrapeTime|2020-01-02-03:54:38
|j|☆blushyy⍣
|j|☆sigmund roid
|player|p1|blushyy⍣|swimmerf-gen3rs|1349
|player|p2|sigmund roid|265|1361
|teamsize|p1|6
|teamsize|p2|6
|gametype|singles
|gen|8
|tier|[Gen 8] OU
|rated|
|rule|Sleep Clause Mod: Limit one foe put to sleep
|rule|Species Clause: Limit one of each Pokémon
|rule|OHKO Clause: OHKO moves are banned
|rule|Evasion Moves Clause: Evasion moves are banned
|rule|Endless Battle Clause: Forcing endless battles is banned
|rule|HP Percentage Mod: HP is shown in percentages
|clearpoke
|poke|p1|Froslass, F|
|poke|p1|Gastrodon, M|
|poke|p1|Reuniclus, F|
|poke|p1|Grimmsnarl, M|
|poke|p1|Flapple, F|
|poke|p1|Coalossal, F|
|poke|p2|Aegislash, M|
|poke|p2|Dragapult, F|
|poke|p2|Tyranitar, F|
|poke|p2|Conkeldurr, F|
|poke|p2|Toxtricity-Low-Key, M|
|poke|p2|Kommo-o, F|
|rule|Dynamax Clause: You cannot dynamax
|teampreview
|j| Soy Hot Pocket
|c| Soy Hot Pocket|sneed
|
|start
|switch|p1a: DO THE HUSTLE|Flapple, F|100/100
|switch|p2a: Aegislash|Aegislash, M, shiny|100/100
|-item|p2a: Aegislash|Air Balloon
|turn|1
|j| New Gorilla
|j| ScratchCard
|
|switch|p1a: Black Face Rhyperi|Coalossal, F|100/100
|switch|p2a: Toxtricity|Toxtricity-Low-Key, M|100/100
|
|upkeep
|turn|2
|c| New Gorilla|for me its flapple
|j| ButtKingFunTimes
|c|☆blushyy⍣|rhyperi
|j| Beeheyylmao
|c| Soy Hot Pocket|I doubt there's a single person on the planet who unironically prefers flapple to appletun
|c| New Gorilla|in deaderp i'll prob try to sugg a combo with it
|
|switch|p2a: Kommo-o|Kommo-o, F|100/100
|move|p1a: Black Face Rhyperi|Spikes|p2a: Kommo-o
|-sidestart|p2: sigmund roid|Spikes
|
|upkeep
|turn|3
|c| New Gorilla|a pretty cool combo
|j| blaspy
|c| New Gorilla|champ gib voice so i show it
|j| Ignis+Trueblade
|c| blaspy|thabk
|c|☆blushyy⍣|/log New Gorilla was promoted to Room Voice by blushyy⍣.
|n|+New Gorilla|newgorilla
|c|+New Gorilla|thanks
|c| ScratchCard|My boi Trudeau
|c|+New Gorilla|!dt grav apple
|raw|Grav Apple  Power80 Accuracy100% PP16 Foe: 100% -1 Def. 1.5x Power in Gravity. 
|raw|Priority: 0 |&ThickSpaceGen: 8 |&ThickSpace✓ Secondary effect |&ThickSpaceZ-Power: 160 |&ThickSpaceDynamax Power: 130 |&ThickSpaceTarget: One Adjacent Pokémon

|c|+New Gorilla|x1.5 on gravity
|c| Ignis+Trueblade|Flapple is cool
|
|switch|p1a: Ahuehuehue|Froslass, F|100/100
|move|p2a: Kommo-o|Clangorous Soul|p2a: Kommo-o
|-boost|p2a: Kommo-o|atk|1
|-boost|p2a: Kommo-o|def|1
|-boost|p2a: Kommo-o|spa|1
|-boost|p2a: Kommo-o|spd|1
|-boost|p2a: Kommo-o|spe|1
|-damage|p2a: Kommo-o|67/100
|
|-heal|p2a: Kommo-o|73/100|[from] item: Leftovers
|upkeep
|turn|4
|c|+New Gorilla|and gravity makes hustle a non issue
|c| Ignis+Trueblade|Oh they changed the description?
|c| Ignis+Trueblade|Nice
|
|move|p2a: Kommo-o|Flamethrower|p1a: Ahuehuehue
|-supereffective|p1a: Ahuehuehue
|-enditem|p1a: Ahuehuehue|Focus Sash
|-damage|p1a: Ahuehuehue|1/100
|-start|p2a: Kommo-o|Disable|Flamethrower|[from] ability: Cursed Body|[of] p1a: Ahuehuehue
|move|p1a: Ahuehuehue|Destiny Bond|p1a: Ahuehuehue
|-singlemove|p1a: Ahuehuehue|Destiny Bond
|
|-heal|p2a: Kommo-o|80/100|[from] item: Leftovers
|upkeep
|turn|5
|j| Allqua
|c| Soy Hot Pocket|>move boosted by gravity
|
|move|p2a: Kommo-o|Clangorous Soul|p2a: Kommo-o
|-boost|p2a: Kommo-o|atk|1
|-boost|p2a: Kommo-o|def|1
|-boost|p2a: Kommo-o|spa|1
|-boost|p2a: Kommo-o|spd|1
|-boost|p2a: Kommo-o|spe|1
|-damage|p2a: Kommo-o|46/100
|move|p1a: Ahuehuehue|Ice Beam|p2a: Kommo-o
|-supereffective|p2a: Kommo-o
|-damage|p2a: Kommo-o|1/100
|
|-heal|p2a: Kommo-o|7/100|[from] item: Leftovers
|upkeep
|turn|6
|c| Beeheyylmao|SPONGE BOI, ME BOB
|c| Soy Hot Pocket|>pokemon doesn't learn gravity
|c| Soy Hot Pocket|based gamefreak
|c|+New Gorilla|so mayb in deaderp ill sugg like
|c|☆blushyy⍣|7
|c| Ignis+Trueblade|I guess you can say
|c|+New Gorilla|a gravity suicide mon
|c|+New Gorilla|and flappl
|c| Beeheyylmao|IVE SEEN TERRIBLE THINGS
|c|☆blushyy⍣|wait no i skipped turn
|c| Ignis+Trueblade|THE APPLE CAN FALL FAR FROM THE TREE
|c|☆blushyy⍣|1.
|
|move|p2a: Kommo-o|Flash Cannon|p1a: Ahuehuehue
|-supereffective|p1a: Ahuehuehue
|-damage|p1a: Ahuehuehue|0 fnt
|faint|p1a: Ahuehuehue
|
|-heal|p2a: Kommo-o|13/100|[from] item: Leftovers
|upkeep
|j| Zucchiking
|
|switch|p1a: squishy sluge|Gastrodon, M|100/100
|turn|7
|
|move|p2a: Kommo-o|Clanging Scales|p1a: squishy sluge
|-damage|p1a: squishy sluge|34/100
|-unboost|p2a: Kommo-o|def|1
|move|p1a: squishy sluge|Earthquake|p2a: Kommo-o
|-damage|p2a: Kommo-o|0 fnt
|faint|p2a: Kommo-o
|
|-heal|p1a: squishy sluge|40/100|[from] item: Leftovers
|upkeep
|c|☆blushyy⍣|mkay
|c| Soy Hot Pocket|balk sluge
|c| Ignis+Trueblade|When I champ'd for DOU I had Gravity uh
|c| Ignis+Trueblade|Stonehenge and Flapple
|
|switch|p2a: Conkeldurr|Conkeldurr, F|100/100
|-damage|p2a: Conkeldurr|88/100|[from] Spikes
|turn|8
|c| Ignis+Trueblade|Worked OK
|c| Ignis+Trueblade|Flapple died before it could get it off tho
|
|switch|p1a: Jell-O|Reuniclus, F|100/100
|move|p2a: Conkeldurr|Drain Punch|p1a: Jell-O
|-resisted|p1a: Jell-O
|-damage|p1a: Jell-O|84/100
|-heal|p2a: Conkeldurr|97/100|[from] drain|[of] p1a: Jell-O
|
|-status|p2a: Conkeldurr|brn|[from] item: Flame Orb
|upkeep
|turn|9
|c| Soy Hot Pocket|story of my life
|c| Ignis+Trueblade|50% of the time
|
|move|p2a: Conkeldurr|Earthquake|p1a: Jell-O
|-damage|p1a: Jell-O|39/100
|move|p1a: Jell-O|Recover|p1a: Jell-O
|-heal|p1a: Jell-O|89/100
|
|-damage|p2a: Conkeldurr|91/100 brn|[from] brn
|upkeep
|turn|10
|
|switch|p1a: DO THE HUSTLE|Flapple, F|100/100
|move|p2a: Conkeldurr|Earthquake|p1a: DO THE HUSTLE
|-resisted|p1a: DO THE HUSTLE
|-damage|p1a: DO THE HUSTLE|56/100
|
|-damage|p2a: Conkeldurr|85/100 brn|[from] brn
|upkeep
|turn|11
|
|move|p1a: DO THE HUSTLE|Grav Apple|p2a: Conkeldurr
|-damage|p2a: Conkeldurr|11/100 brn
|-unboost|p2a: Conkeldurr|def|1
|move|p2a: Conkeldurr|Drain Punch|p1a: DO THE HUSTLE
|-damage|p1a: DO THE HUSTLE|0 fnt
|-heal|p2a: Conkeldurr|30/100 brn|[from] drain|[of] p1a: DO THE HUSTLE
|faint|p1a: DO THE HUSTLE
|
|-damage|p2a: Conkeldurr|24/100 brn|[from] brn
|upkeep
|c| Zucchiking|how does coalossal spin?
|c|☆blushyy⍣|weak
|c|☆blushyy⍣|very carefully
|
|switch|p1a: Freddy Freaker|Grimmsnarl, M|100/100
|turn|12
|c| blaspy|he just does spin
|
|move|p1a: Freddy Freaker|Metronome|p1a: Freddy Freaker
|move|p1a: Freddy Freaker|Crush Claw|p2a: Conkeldurr|[from]Metronome
|-damage|p2a: Conkeldurr|0 fnt
|faint|p2a: Conkeldurr
|
|upkeep
|c|☆blushyy⍣|nice
|c| Soy Hot Pocket|crushed
|c| blaspy|freaked
|
|switch|p2a: Aegislash|Aegislash, M, shiny|100/100
|-item|p2a: Aegislash|Air Balloon
|turn|13
|
|move|p1a: Freddy Freaker|Substitute|p1a: Freddy Freaker
|-start|p1a: Freddy Freaker|Substitute
|-damage|p1a: Freddy Freaker|76/100
|-formechange|p2a: Aegislash|Aegislash-Blade||[from] ability: Stance Change
|move|p2a: Aegislash|Iron Head|p1a: Freddy Freaker
|-supereffective|p1a: Freddy Freaker
|-end|p1a: Freddy Freaker|Substitute
|
|-heal|p1a: Freddy Freaker|82/100|[from] item: Leftovers
|upkeep
|turn|14
|
|switch|p1a: Black Face Rhyperi|Coalossal, F|100/100
|move|p2a: Aegislash|Iron Head|p1a: Black Face Rhyperi
|-damage|p1a: Black Face Rhyperi|66/100
|-status|p2a: Aegislash|brn|[from] ability: Flame Body|[of] p1a: Black Face Rhyperi
|
|-damage|p2a: Aegislash|94/100 brn|[from] brn
|upkeep
|turn|15
|c| Ignis+Trueblade|>Klinklang STILL can't rapidspin
|
|move|p2a: Aegislash|Close Combat|p1a: Black Face Rhyperi
|-supereffective|p1a: Black Face Rhyperi
|-damage|p1a: Black Face Rhyperi|33/100
|-unboost|p2a: Aegislash|def|1
|-unboost|p2a: Aegislash|spd|1
|move|p1a: Black Face Rhyperi|Spikes|p2a: Aegislash
|-sidestart|p2: sigmund roid|Spikes
|
|-damage|p2a: Aegislash|88/100 brn|[from] brn
|upkeep
|turn|16
|c|+New Gorilla|>Klinklang still has a shit movepool
|
|move|p2a: Aegislash|Swords Dance|p2a: Aegislash
|-boost|p2a: Aegislash|atk|2
|move|p1a: Black Face Rhyperi|Heat Crash|p2a: Aegislash
|-supereffective|p2a: Aegislash
|-damage|p2a: Aegislash|0 fnt
|-enditem|p2a: Aegislash|Air Balloon
|faint|p2a: Aegislash
|
|upkeep
|c| Soy Hot Pocket|it's even shittier now
|c| Soy Hot Pocket|since it lost return
|
|switch|p2a: Dragapult|Dragapult, F|100/100
|-damage|p2a: Dragapult|84/100|[from] Spikes
|turn|17
|
|move|p2a: Dragapult|Dragon Darts|p1a: Black Face Rhyperi
|-damage|p1a: Black Face Rhyperi|15/100
|-damage|p1a: Black Face Rhyperi|0 fnt
|-hitcount|p1a: Black Face Rhyperi|2
|faint|p1a: Black Face Rhyperi
|
|-heal|p2a: Dragapult|90/100|[from] item: Leftovers
|upkeep
|j| Gunkro
|c| Beeheyylmao|klinklang is Melmetal 0.5
|
|switch|p1a: Freddy Freaker|Grimmsnarl, M|82/100
|turn|18
|c| ScratchCard|Klinklang need Klocecombat
|c| Gunkro|Pingas
|
|switch|p2a: Tyranitar|Tyranitar, F, shiny|100/100
|-damage|p2a: Tyranitar|84/100|[from] Spikes
|-weather|Sandstorm|[from] ability: Sand Stream|[of] p2a: Tyranitar
|move|p1a: Freddy Freaker|Thunder Wave|p2a: Tyranitar
|-hint|Since gen 7, Dark is immune to Prankster moves.
|-immune|p2a: Tyranitar
|
|-weather|Sandstorm|[upkeep]
|-damage|p1a: Freddy Freaker|76/100|[from] Sandstorm
|-heal|p1a: Freddy Freaker|82/100|[from] item: Leftovers
|upkeep
|turn|19
|c| blaspy|pringas
|c|+New Gorilla|i wonder if melmetal will actually be broken or n
|
|switch|p1a: Jell-O|Reuniclus, F|89/100
|move|p2a: Tyranitar|Earthquake|p1a: Jell-O
|-damage|p1a: Jell-O|50/100
|
|-weather|Sandstorm|[upkeep]
|upkeep
|turn|20
|c| Allqua|it's ok, going by nat dex
|
|move|p2a: Tyranitar|Earthquake|p1a: Jell-O
|-damage|p1a: Jell-O|13/100
|move|p1a: Jell-O|Recover|p1a: Jell-O
|-heal|p1a: Jell-O|63/100
|
|-weather|Sandstorm|[upkeep]
|upkeep
|turn|21
|c| Allqua|probably OU
|
|switch|p2a: Toxtricity|Toxtricity-Low-Key, M|100/100
|-damage|p2a: Toxtricity|84/100|[from] Spikes
|move|p1a: Jell-O|Recover|p1a: Jell-O
|-heal|p1a: Jell-O|100/100
|
|-weather|Sandstorm|[upkeep]
|-damage|p2a: Toxtricity|78/100|[from] Sandstorm
|upkeep
|turn|22
|l| Gunkro
|c|+New Gorilla|in natdex its fine
|j| PreciousLeaf
|
|switch|p1a: Freddy Freaker|Grimmsnarl, M|82/100
|move|p2a: Toxtricity|Boomburst|p1a: Freddy Freaker
|-damage|p1a: Freddy Freaker|7/100
|
|-weather|none
|-heal|p1a: Freddy Freaker|13/100|[from] item: Leftovers
|upkeep
|turn|23
|c|+New Gorilla|but in ou its different
|c|☆blushyy⍣|balk!
|
|move|p1a: Freddy Freaker|Swagger|p2a: Toxtricity
|-boost|p2a: Toxtricity|atk|2
|-start|p2a: Toxtricity|confusion
|-activate|p2a: Toxtricity|confusion
|-damage|p2a: Toxtricity|54/100|[from] confusion
|
|-heal|p1a: Freddy Freaker|19/100|[from] item: Leftovers
|upkeep
|turn|24
|c| ScratchCard|yeah
|
|move|p1a: Freddy Freaker|Metronome|p1a: Freddy Freaker
|move|p1a: Freddy Freaker|Flamethrower|p2a: Toxtricity|[from]Metronome
|-damage|p2a: Toxtricity|25/100
|-status|p2a: Toxtricity|brn
|-activate|p2a: Toxtricity|confusion
|move|p2a: Toxtricity|Boomburst|p1a: Freddy Freaker
|-damage|p1a: Freddy Freaker|0 fnt
|faint|p1a: Freddy Freaker
|
|-damage|p2a: Toxtricity|19/100 brn|[from] brn
|upkeep
|c|+New Gorilla|av looks good
|c|☆blushyy⍣|heh
|
|switch|p1a: squishy sluge|Gastrodon, M|40/100
|turn|25
|c|+New Gorilla|melmetal doesnt need to put evs into hp
|c|☆blushyy⍣|confuse here
|c|+New Gorilla|it can like
|
|-activate|p2a: Toxtricity|confusion
|-damage|p2a: Toxtricity|8/100 brn|[from] confusion
|move|p1a: squishy sluge|Recover|p1a: squishy sluge
|-heal|p1a: squishy sluge|90/100
|
|-heal|p1a: squishy sluge|96/100|[from] item: Leftovers
|-damage|p2a: Toxtricity|2/100 brn|[from] brn
|upkeep
|turn|26
|c| Ignis+Trueblade|Melmetal is OK
|c|☆blushyy⍣|wew
|c|+New Gorilla|run av max atk
|c| Ignis+Trueblade|It's has a very clear
|
|-end|p2a: Toxtricity|confusion
|move|p2a: Toxtricity|Boomburst|p1a: squishy sluge
|-damage|p1a: squishy sluge|32/100
|move|p1a: squishy sluge|Recover|p1a: squishy sluge
|-heal|p1a: squishy sluge|82/100
|
|-heal|p1a: squishy sluge|88/100|[from] item: Leftovers
|-damage|p2a: Toxtricity|0 fnt|[from] brn
|faint|p2a: Toxtricity
|upkeep
|c|+New Gorilla|and still have a bulk like
|c| Soy Hot Pocket|yeah melmetal seems like one of those things like a-muk
|c| Ignis+Trueblade|Very obvious weakness
|c|+New Gorilla|441/300+/300+
|c| Soy Hot Pocket|where it runs max atk max spdef
|
|switch|p2a: Dragapult|Dragapult, F|90/100
|-damage|p2a: Dragapult|74/100|[from] Spikes
|turn|27
|c|+New Gorilla|in balk
|
|move|p2a: Dragapult|Dragon Dance|p2a: Dragapult
|-boost|p2a: Dragapult|atk|1
|-boost|p2a: Dragapult|spe|1
|move|p1a: squishy sluge|Curse|p1a: squishy sluge
|-unboost|p1a: squishy sluge|spe|1
|-boost|p1a: squishy sluge|atk|1
|-boost|p1a: squishy sluge|def|1
|
|-heal|p2a: Dragapult|80/100|[from] item: Leftovers
|-heal|p1a: squishy sluge|94/100|[from] item: Leftovers
|upkeep
|turn|28
|c| Ignis+Trueblade|So it'll be perfectly OU viable
|c| Ignis+Trueblade|But not busted
|
|move|p2a: Dragapult|Dragon Darts|p1a: squishy sluge
|-damage|p1a: squishy sluge|66/100
|-crit|p1a: squishy sluge
|-damage|p1a: squishy sluge|0 fnt
|-hitcount|p1a: squishy sluge|2
|faint|p1a: squishy sluge
|
|-heal|p2a: Dragapult|86/100|[from] item: Leftovers
|upkeep
|c|+New Gorilla|like it just balks
|c|☆blushyy⍣|ow
|
|switch|p1a: Jell-O|Reuniclus, F|100/100
|turn|29
|c| ScratchCard|insane
|
|move|p2a: Dragapult|Phantom Force||[still]
|-prepare|p2a: Dragapult|Phantom Force|p1a: Jell-O
|move|p1a: Jell-O|Acid Armor|p1a: Jell-O
|-boost|p1a: Jell-O|def|2
|
|-heal|p2a: Dragapult|92/100|[from] item: Leftovers
|upkeep
|turn|30
|j| Gunkro
|
|move|p2a: Dragapult|Phantom Force|p1a: Jell-O|[from]lockedmove
|-supereffective|p1a: Jell-O
|-damage|p1a: Jell-O|53/100
|move|p1a: Jell-O|Recover|p1a: Jell-O
|-heal|p1a: Jell-O|100/100
|
|-heal|p2a: Dragapult|98/100|[from] item: Leftovers
|upkeep
|turn|31
|c| Ignis+Trueblade|Though honestly I WISH it kept Magnet Pull
|
|move|p2a: Dragapult|Dragon Dance|p2a: Dragapult
|-boost|p2a: Dragapult|atk|1
|-boost|p2a: Dragapult|spe|1
|move|p1a: Jell-O|Acid Armor|p1a: Jell-O
|-boost|p1a: Jell-O|def|2
|
|-heal|p2a: Dragapult|100/100|[from] item: Leftovers
|upkeep
|turn|32
|c| Soy Hot Pocket|pure steel isn't really that great of a typing in OU right now either tbh
|c| Gunkro|http://i.4cdn.org/i/1572598198703.png
|j| Aunty Draculina
|c| Ignis+Trueblade|Because that ability is only on Meltan now.
|c| Ignis+Trueblade|Cause
|
|move|p2a: Dragapult|Dragon Dance|p2a: Dragapult
|-boost|p2a: Dragapult|atk|1
|-boost|p2a: Dragapult|spe|1
|move|p1a: Jell-O|Acid Armor|p1a: Jell-O
|-boost|p1a: Jell-O|def|2
|
|upkeep
|turn|33
|c| Ignis+Trueblade|>Magneton
|
|move|p2a: Dragapult|Dragon Dance|p2a: Dragapult
|-boost|p2a: Dragapult|atk|1
|-boost|p2a: Dragapult|spe|1
|move|p1a: Jell-O|Stored Power|p2a: Dragapult
|-damage|p2a: Dragapult|0 fnt
|faint|p2a: Dragapult
|
|upkeep
|c| Aunty Draculina|>trap lillie
|c| Aunty Draculina|oh my
|c|☆blushyy⍣|now
|c|☆blushyy⍣|just reveal
|
|switch|p2a: Tyranitar|Tyranitar, F, shiny|84/100
|-damage|p2a: Tyranitar|67/100|[from] Spikes
|-weather|Sandstorm|[from] ability: Sand Stream|[of] p2a: Tyranitar
|turn|34
|c|☆blushyy⍣|choiced ttar
|c| Gunkro|kek
|c| PreciousLeaf|dumb
|
|move|p2a: Tyranitar|Crunch|p1a: Jell-O
|-supereffective|p1a: Jell-O
|-damage|p1a: Jell-O|75/100
|move|p1a: Jell-O|Calm Mind|p1a: Jell-O
|-boost|p1a: Jell-O|spa|1
|-boost|p1a: Jell-O|spd|1
|
|-weather|Sandstorm|[upkeep]
|upkeep
|turn|35
|
|move|p2a: Tyranitar|Crunch|p1a: Jell-O
|-supereffective|p1a: Jell-O
|-damage|p1a: Jell-O|52/100
|move|p1a: Jell-O|Recover|p1a: Jell-O
|-heal|p1a: Jell-O|100/100
|
|-weather|Sandstorm|[upkeep]
|upkeep
|turn|36
|
|move|p2a: Tyranitar|Crunch|p1a: Jell-O
|-supereffective|p1a: Jell-O
|-damage|p1a: Jell-O|77/100
|move|p1a: Jell-O|Acid Armor|p1a: Jell-O
|-boost|p1a: Jell-O|def|0
|
|-weather|Sandstorm|[upkeep]
|upkeep
|turn|37
|c|☆blushyy⍣|and reveal no crit ever
|
|move|p2a: Tyranitar|Crunch|p1a: Jell-O
|-supereffective|p1a: Jell-O
|-damage|p1a: Jell-O|54/100
|move|p1a: Jell-O|Recover|p1a: Jell-O
|-heal|p1a: Jell-O|100/100
|
|-weather|Sandstorm|[upkeep]
|upkeep
|turn|38
|c| Gunkro|http://is2.4chan.org/i/1572676443091.jpg
|
|move|p2a: Tyranitar|Crunch|p1a: Jell-O
|-supereffective|p1a: Jell-O
|-damage|p1a: Jell-O|74/100
|move|p1a: Jell-O|Acid Armor|p1a: Jell-O
|-boost|p1a: Jell-O|def|0
|
|-weather|none
|upkeep
|turn|39
|
|move|p2a: Tyranitar|Crunch|p1a: Jell-O
|-supereffective|p1a: Jell-O
|-damage|p1a: Jell-O|48/100
|move|p1a: Jell-O|Recover|p1a: Jell-O
|-heal|p1a: Jell-O|98/100
|
|upkeep
|turn|40
|c| blaspy|oh no
|
|move|p2a: Tyranitar|Crunch|p1a: Jell-O
|-supereffective|p1a: Jell-O
|-damage|p1a: Jell-O|75/100
|move|p1a: Jell-O|Acid Armor|p1a: Jell-O
|-boost|p1a: Jell-O|def|0
|
|upkeep
|turn|41
|
|move|p2a: Tyranitar|Crunch|p1a: Jell-O
|-supereffective|p1a: Jell-O
|-damage|p1a: Jell-O|49/100
|-unboost|p1a: Jell-O|def|1
|move|p1a: Jell-O|Recover|p1a: Jell-O
|-heal|p1a: Jell-O|99/100
|
|upkeep
|turn|42
|
|move|p2a: Tyranitar|Crunch|p1a: Jell-O
|-supereffective|p1a: Jell-O
|-damage|p1a: Jell-O|73/100
|move|p1a: Jell-O|Acid Armor|p1a: Jell-O
|-boost|p1a: Jell-O|def|1
|
|upkeep
|turn|43
|c| ScratchCard|ttar just gnawing on that regenerating fetus
|c| Ignis+Trueblade|Crit here
|
|move|p2a: Tyranitar|Crunch|p1a: Jell-O
|-supereffective|p1a: Jell-O
|-damage|p1a: Jell-O|49/100
|move|p1a: Jell-O|Recover|p1a: Jell-O
|-heal|p1a: Jell-O|99/100
|
|upkeep
|turn|44
|c|+New Gorilla|uninvested double iron bash
|
|move|p2a: Tyranitar|Crunch|p1a: Jell-O
|-supereffective|p1a: Jell-O
|-damage|p1a: Jell-O|75/100
|-unboost|p1a: Jell-O|def|1
|move|p1a: Jell-O|Acid Armor|p1a: Jell-O
|-boost|p1a: Jell-O|def|1
|
|upkeep
|turn|45
|c|+New Gorilla|still ohkos dragapult
|c|+New Gorilla|its powerful
|c|☆blushyy⍣|half way there!
|
|move|p2a: Tyranitar|Crunch|p1a: Jell-O
|-supereffective|p1a: Jell-O
|-damage|p1a: Jell-O|52/100
|move|p1a: Jell-O|Recover|p1a: Jell-O
|-heal|p1a: Jell-O|100/100
|
|upkeep
|turn|46
|c| Gunkro|http://i.4cdn.org/i/1572690351502.jpg
|c| Aunty Draculina|i'd generate your fetus
|
|move|p2a: Tyranitar|Crunch|p1a: Jell-O
|-supereffective|p1a: Jell-O
|-damage|p1a: Jell-O|76/100
|move|p1a: Jell-O|Acid Armor|p1a: Jell-O
|-boost|p1a: Jell-O|def|0
|
|upkeep
|turn|47
|
|move|p2a: Tyranitar|Crunch|p1a: Jell-O
|-supereffective|p1a: Jell-O
|-damage|p1a: Jell-O|52/100
|move|p1a: Jell-O|Recover|p1a: Jell-O
|-heal|p1a: Jell-O|100/100
|
|upkeep
|turn|48
|c|+New Gorilla|or can
|
|move|p2a: Tyranitar|Crunch|p1a: Jell-O
|-supereffective|p1a: Jell-O
|-damage|p1a: Jell-O|75/100
|-unboost|p1a: Jell-O|def|1
|move|p1a: Jell-O|Acid Armor|p1a: Jell-O
|-boost|p1a: Jell-O|def|1
|
|upkeep
|turn|49
|c| Soy Hot Pocket|does melmetal get rock moves
|
|move|p2a: Tyranitar|Crunch|p1a: Jell-O
|-supereffective|p1a: Jell-O
|-damage|p1a: Jell-O|47/100
|move|p1a: Jell-O|Recover|p1a: Jell-O
|-heal|p1a: Jell-O|97/100
|
|upkeep
|turn|50
|c|☆blushyy⍣|!ms melmetal, rock
|html|Matching moves found in learnset(s) for Melmetal:Rock Slide, Rock Tomb
|c| Ignis+Trueblade|I wish G-Max Melmetal had a decent G-Max move
|
|move|p2a: Tyranitar|Crunch|p1a: Jell-O
|-supereffective|p1a: Jell-O
|-damage|p1a: Jell-O|74/100
|move|p1a: Jell-O|Acid Armor|p1a: Jell-O
|-boost|p1a: Jell-O|def|0
|
|upkeep
|turn|51
|c| Ignis+Trueblade|Inflicting Torment is
|
|move|p2a: Tyranitar|Crunch|p1a: Jell-O
|-supereffective|p1a: Jell-O
|-damage|p1a: Jell-O|50/100
|-unboost|p1a: Jell-O|def|1
|move|p1a: Jell-O|Recover|p1a: Jell-O
|-heal|p1a: Jell-O|99/100
|
|upkeep
|turn|52
|c| Ignis+Trueblade|Ehhhhh
|c| Gunkro|hellfrog
|
|move|p2a: Tyranitar|Crunch|p1a: Jell-O
|-supereffective|p1a: Jell-O
|-damage|p1a: Jell-O|71/100
|move|p1a: Jell-O|Acid Armor|p1a: Jell-O
|-boost|p1a: Jell-O|def|1
|
|upkeep
|turn|53
|c| blaspy|yellpog
|
|move|p2a: Tyranitar|Crunch|p1a: Jell-O
|-supereffective|p1a: Jell-O
|-damage|p1a: Jell-O|48/100
|move|p1a: Jell-O|Recover|p1a: Jell-O
|-heal|p1a: Jell-O|98/100
|
|upkeep
|turn|54
|c| Ignis+Trueblade|Hellmetal?
|c| Soy Hot Pocket|maybe OU melmetal will finally put an end to this rotom-oven nonsense
|c|☆blushyy⍣|4 left
|
|move|p2a: Tyranitar|Crunch|p1a: Jell-O
|-supereffective|p1a: Jell-O
|-damage|p1a: Jell-O|72/100
|move|p1a: Jell-O|Acid Armor|p1a: Jell-O
|-boost|p1a: Jell-O|def|0
|
|upkeep
|turn|55
|c| Soy Hot Pocket|and bring back washtom
|c|☆blushyy⍣|3
|c| Ignis+Trueblade|What set would make that work?
|
|move|p2a: Tyranitar|Crunch|p1a: Jell-O
|-supereffective|p1a: Jell-O
|-damage|p1a: Jell-O|49/100
|move|p1a: Jell-O|Recover|p1a: Jell-O
|-heal|p1a: Jell-O|99/100
|
|upkeep
|turn|56
|c|☆blushyy⍣|2
|c| Soy Hot Pocket|ok crit now
|
|move|p2a: Tyranitar|Crunch|p1a: Jell-O
|-supereffective|p1a: Jell-O
|-damage|p1a: Jell-O|73/100
|move|p1a: Jell-O|Acid Armor|p1a: Jell-O
|-boost|p1a: Jell-O|def|0
|
|upkeep
|turn|57
|c|☆blushyy⍣|1!!!
|c| Soy Hot Pocket|wtf
|
|move|p2a: Tyranitar|Crunch|p1a: Jell-O
|-supereffective|p1a: Jell-O
|-damage|p1a: Jell-O|49/100
|-unboost|p1a: Jell-O|def|1
|move|p1a: Jell-O|Recover|p1a: Jell-O
|-heal|p1a: Jell-O|99/100
|
|upkeep
|turn|58
|c| Ignis+Trueblade|HE DID It
|-message|sigmund roid forfeited.
|
|win|blushyy⍣
|l|☆sigmund roid
|c|☆blushyy⍣|WEW
