|ScrapeTime|2020-01-02-03:46:38
|j|☆vgx
|j|☆BFO sugar
|player|p1|vgx|102|
|player|p2|BFO sugar|80|
|teamsize|p1|6
|teamsize|p2|6
|gametype|singles
|gen|8
|tier|[Gen 8] OU
|rule|Sleep Clause Mod: Limit one foe put to sleep
|rule|Species Clause: Limit one of each Pokémon
|rule|OHKO Clause: OHKO moves are banned
|rule|Evasion Moves Clause: Evasion moves are banned
|rule|Endless Battle Clause: Forcing endless battles is banned
|rule|HP Percentage Mod: HP is shown in percentages
|clearpoke
|poke|p1|Mimikyu, M|
|poke|p1|Excadrill, M|
|poke|p1|Shuckle, F|
|poke|p1|Noivern, M|
|poke|p1|Golisopod, F|
|poke|p1|Dusclops, F|
|poke|p2|Cofagrigus, M|
|poke|p2|Corviknight, F|
|poke|p2|Durant, F|
|poke|p2|Drapion, F|
|poke|p2|Dracozolt|
|poke|p2|Qwilfish, M|
|rule|Dynamax Clause: You cannot dynamax
|teampreview
|j| Komala Mood
|c|☆BFO sugar|Hf [=
|
|start
|switch|p1a: Don't Fuckle|Shuckle, F|100/100
|switch|p2a: Qwilfish|Qwilfish, M|100/100
|-ability|p2a: Qwilfish|Intimidate|boost
|-unboost|p1a: Don't Fuckle|atk|1
|turn|1
|
|move|p2a: Qwilfish|Taunt|p1a: Don't Fuckle
|-start|p1a: Don't Fuckle|move: Taunt
|cant|p1a: Don't Fuckle|move: Taunt|Stealth Rock
|
|upkeep
|turn|2
|
|move|p2a: Qwilfish|Toxic|p1a: Don't Fuckle
|-status|p1a: Don't Fuckle|tox
|move|p1a: Don't Fuckle|Knock Off|p2a: Qwilfish
|-damage|p2a: Qwilfish|96/100
|-enditem|p2a: Qwilfish|Black Sludge|[from] move: Knock Off|[of] p1a: Don't Fuckle
|
|-damage|p1a: Don't Fuckle|94/100 tox|[from] psn
|upkeep
|turn|3
|
|switch|p2a: Drapion|Drapion, F|100/100
|move|p1a: Don't Fuckle|Knock Off|p2a: Drapion
|-resisted|p2a: Drapion
|-damage|p2a: Drapion|98/100
|-enditem|p2a: Drapion|Scope Lens|[from] move: Knock Off|[of] p1a: Don't Fuckle
|
|-damage|p1a: Don't Fuckle|82/100 tox|[from] psn
|-end|p1a: Don't Fuckle|move: Taunt
|upkeep
|turn|4
|
|move|p2a: Drapion|Knock Off|p1a: Don't Fuckle
|-damage|p1a: Don't Fuckle|55/100 tox
|-enditem|p1a: Don't Fuckle|Aguav Berry|[from] move: Knock Off|[of] p2a: Drapion
|move|p1a: Don't Fuckle|Sticky Web|p2a: Drapion
|-sidestart|p2: BFO sugar|move: Sticky Web
|
|-damage|p1a: Don't Fuckle|37/100 tox|[from] psn
|upkeep
|turn|5
|j| Galladite74
|
|move|p2a: Drapion|Agility|p2a: Drapion
|-boost|p2a: Drapion|spe|2
|move|p1a: Don't Fuckle|Stealth Rock|p2a: Drapion
|-sidestart|p2: BFO sugar|move: Stealth Rock
|
|-damage|p1a: Don't Fuckle|12/100 tox|[from] psn
|upkeep
|turn|6
|
|move|p2a: Drapion|Agility|p2a: Drapion
|-boost|p2a: Drapion|spe|2
|move|p1a: Don't Fuckle|Knock Off|p2a: Drapion
|-resisted|p2a: Drapion
|-damage|p2a: Drapion|97/100
|
|-damage|p1a: Don't Fuckle|0 fnt|[from] psn
|faint|p1a: Don't Fuckle
|upkeep
|
|switch|p1a: The Mummy Returns|Dusclops, F|100/100
|turn|7
|
|move|p2a: Drapion|Knock Off|p1a: The Mummy Returns
|-supereffective|p1a: The Mummy Returns
|-damage|p1a: The Mummy Returns|58/100
|-enditem|p1a: The Mummy Returns|Eviolite|[from] move: Knock Off|[of] p2a: Drapion
|move|p1a: The Mummy Returns|Will-O-Wisp|p2a: Drapion
|-status|p2a: Drapion|brn
|
|-damage|p2a: Drapion|91/100 brn|[from] brn
|upkeep
|turn|8
|
|move|p2a: Drapion|Night Slash|p1a: The Mummy Returns
|-supereffective|p1a: The Mummy Returns
|-damage|p1a: The Mummy Returns|36/100
|move|p1a: The Mummy Returns|Pain Split|p2a: Drapion
|-sethp|p2a: Drapion|63/100 brn|[from] move: Pain Split|[silent]
|-sethp|p1a: The Mummy Returns|64/100|[from] move: Pain Split
|
|-damage|p2a: Drapion|57/100 brn|[from] brn
|upkeep
|turn|9
|
|move|p2a: Drapion|Night Slash|p1a: The Mummy Returns
|-supereffective|p1a: The Mummy Returns
|-damage|p1a: The Mummy Returns|42/100
|move|p1a: The Mummy Returns|Pain Split|p2a: Drapion
|-sethp|p2a: Drapion|49/100 brn|[from] move: Pain Split|[silent]
|-sethp|p1a: The Mummy Returns|50/100|[from] move: Pain Split
|
|-damage|p2a: Drapion|44/100 brn|[from] brn
|upkeep
|turn|10
|
|move|p2a: Drapion|Night Slash|p1a: The Mummy Returns
|-supereffective|p1a: The Mummy Returns
|-damage|p1a: The Mummy Returns|29/100
|move|p1a: The Mummy Returns|Night Shade|p2a: Drapion
|-damage|p2a: Drapion|9/100 brn
|
|-damage|p2a: Drapion|3/100 brn|[from] brn
|upkeep
|turn|11
|
|switch|p1a: Buzz Swole|Golisopod, F|100/100
|move|p2a: Drapion|Night Slash|p1a: Buzz Swole
|-damage|p1a: Buzz Swole|89/100
|
|-damage|p2a: Drapion|0 fnt|[from] brn
|faint|p2a: Drapion
|upkeep
|j| BFO Aquarius
|
|switch|p2a: Corviknight|Corviknight, F|100/100
|-damage|p2a: Corviknight|88/100|[from] Stealth Rock
|turn|12
|c| BFO Aquarius|what league is this niko
|
|switch|p1a: The Mummy Returns|Dusclops, F|29/100
|-item|p2a: Corviknight|Leftovers|[from] ability: Frisk|[of] p1a: The Mummy Returns|[identify]
|move|p2a: Corviknight|Defog|p1a: The Mummy Returns
|-unboost|p1a: The Mummy Returns|evasion|1
|-sideend|p2: BFO sugar|Stealth Rock|[from] move: Defog|[of] p2a: Corviknight
|-sideend|p2: BFO sugar|Sticky Web|[from] move: Defog|[of] p2a: Corviknight
|
|-heal|p2a: Corviknight|94/100|[from] item: Leftovers
|upkeep
|turn|13
|c| BFO Aquarius|also vgx ur about to get fucked
|c|☆BFO sugar|PCP
|c| BFO Aquarius|this is the goat were talking abt
|c| BFO Aquarius|oh shit
|c| BFO Aquarius|shays league
|c| BFO Aquarius|dope shit
|c|☆BFO sugar|Shays league
|
|move|p2a: Corviknight|U-turn|p1a: The Mummy Returns
|-resisted|p1a: The Mummy Returns
|-damage|p1a: The Mummy Returns|24/100
|
|switch|p2a: Qwilfish|Qwilfish, M|96/100|[from]move: U-turn
|-ability|p2a: Qwilfish|Intimidate|boost
|-unboost|p1a: The Mummy Returns|atk|1
|move|p1a: The Mummy Returns|Pain Split|p2a: Qwilfish
|-sethp|p2a: Qwilfish|58/100|[from] move: Pain Split|[silent]
|-sethp|p1a: The Mummy Returns|68/100|[from] move: Pain Split
|
|upkeep
|turn|14
|c|☆vgx|who's this guy?
|
|switch|p1a: Claw Boy|Excadrill, M|100/100
|-ability|p1a: Claw Boy|Mold Breaker
|move|p2a: Qwilfish|Toxic|p1a: Claw Boy
|-immune|p1a: Claw Boy
|
|upkeep
|turn|15
|c| Komala Mood|idk just some dude
|
|switch|p1a: Boom Box|Noivern, M|100/100
|switch|p2a: Corviknight|Corviknight, F|94/100
|
|-heal|p2a: Corviknight|100/100|[from] item: Leftovers
|upkeep
|turn|16
|c| BFO Aquarius|nikos boyfriend
|
|switch|p2a: Qwilfish|Qwilfish, M|58/100
|-ability|p2a: Qwilfish|Intimidate|boost
|-unboost|p1a: Boom Box|atk|1
|move|p1a: Boom Box|Flamethrower|p2a: Qwilfish
|-resisted|p2a: Qwilfish
|-damage|p2a: Qwilfish|45/100
|
|upkeep
|turn|17
|c| Galladite74|thats me
|
|move|p1a: Boom Box|Boomburst|p2a: Qwilfish
|-damage|p2a: Qwilfish|0 fnt
|-enditem|p1a: Boom Box|Throat Spray
|-boost|p1a: Boom Box|spa|1
|faint|p2a: Qwilfish
|
|upkeep
|c|☆BFO sugar|I kinda a slut
|c| BFO Aquarius|monogamous shit ig
|
|switch|p2a: Cofagrigus|Cofagrigus, M|100/100
|turn|18
|
|move|p2a: Cofagrigus|Protect|p2a: Cofagrigus
|-singleturn|p2a: Cofagrigus|Protect
|move|p1a: Boom Box|Dark Pulse|p2a: Cofagrigus
|-activate|p2a: Cofagrigus|move: Protect
|
|upkeep
|turn|19
|c| BFO Aquarius|galladite :3 <3
|j| darmanitism
|c| Komala Mood|:0 dark pulse
|
|move|p1a: Boom Box|Dark Pulse|p2a: Cofagrigus
|-supereffective|p2a: Cofagrigus
|-damage|p2a: Cofagrigus|26/100
|cant|p2a: Cofagrigus|flinch
|
|-heal|p2a: Cofagrigus|32/100|[from] item: Leftovers
|upkeep
|turn|20
|c| Komala Mood|lmfao
|
|move|p2a: Cofagrigus|Protect|p2a: Cofagrigus
|-singleturn|p2a: Cofagrigus|Protect
|move|p1a: Boom Box|Dark Pulse|p2a: Cofagrigus
|-activate|p2a: Cofagrigus|move: Protect
|
|-heal|p2a: Cofagrigus|39/100|[from] item: Leftovers
|upkeep
|turn|21
|c|☆vgx|speaking of getting fucked
|c| Galladite74|this noivern looking like a serious threat
|
|move|p1a: Boom Box|Dark Pulse|p2a: Cofagrigus
|-supereffective|p2a: Cofagrigus
|-damage|p2a: Cofagrigus|0 fnt
|faint|p2a: Cofagrigus
|
|upkeep
|c| BFO Aquarius|wowwww well done haxing the goat thats the only way u can beat a man like niko
|
|switch|p2a: Dracozolt|Dracozolt|100/100
|turn|22
|c|☆vgx|what was he going to do if I didn't flinch him? lol
|
|switch|p2a: Corviknight|Corviknight, F|100/100
|move|p1a: Boom Box|Dragon Pulse|p2a: Corviknight
|-resisted|p2a: Corviknight
|-damage|p2a: Corviknight|73/100
|
|-heal|p2a: Corviknight|79/100|[from] item: Leftovers
|upkeep
|turn|23
|
|move|p1a: Boom Box|Flamethrower|p2a: Corviknight
|-supereffective|p2a: Corviknight
|-damage|p2a: Corviknight|2/100
|move|p2a: Corviknight|Roost|p2a: Corviknight
|-heal|p2a: Corviknight|52/100
|-singleturn|p2a: Corviknight|move: Roost
|
|-heal|p2a: Corviknight|58/100|[from] item: Leftovers
|upkeep
|turn|24
|
|move|p1a: Boom Box|Flamethrower|p2a: Corviknight
|-supereffective|p2a: Corviknight
|-damage|p2a: Corviknight|0 fnt
|faint|p2a: Corviknight
|
|upkeep
|c| BFO Aquarius|who knows
|
|switch|p2a: Dracozolt|Dracozolt|100/100
|turn|25
|
|move|p1a: Boom Box|Dragon Pulse|p2a: Dracozolt
|-supereffective|p2a: Dracozolt
|-damage|p2a: Dracozolt|0 fnt
|faint|p2a: Dracozolt
|
|upkeep
|
|switch|p2a: Durant|Durant, F|100/100
|turn|26
|
|move|p1a: Boom Box|Flamethrower|p2a: Durant
|-supereffective|p2a: Durant
|-damage|p2a: Durant|0 fnt
|faint|p2a: Durant
|
|win|vgx
|c|☆vgx|GG
|c|☆BFO sugar|gg mate
|c| BFO Aquarius|gg
|c| Galladite74|ggs
|c| Komala Mood|as soon as they talked shit they fucking jinxed it so hard
|c| BFO Aquarius|ye i fucked up sorry babe
|c|☆vgx|pretty much
