|ScrapeTime|2020-01-02-13:46:51
|j|☆YaketerinaPetrovna
|j|☆johan5555
|inactive|Battle timer is ON: inactive players will automatically lose when time's up.
|player|p1|YaketerinaPetrovna|clair|
|player|p2|johan5555|99|
|teamsize|p1|6
|teamsize|p2|6
|gametype|singles
|gen|8
|tier|[Gen 8] OU
|rated|Tournament battle
|rule|Sleep Clause Mod: Limit one foe put to sleep
|rule|Species Clause: Limit one of each Pokémon
|rule|OHKO Clause: OHKO moves are banned
|rule|Evasion Moves Clause: Evasion moves are banned
|rule|Endless Battle Clause: Forcing endless battles is banned
|rule|HP Percentage Mod: HP is shown in percentages
|clearpoke
|poke|p1|Corviknight, F|
|poke|p1|Toxtricity, F|
|poke|p1|Indeedee, M|
|poke|p1|Grimmsnarl, M|
|poke|p1|Cinderace, M|
|poke|p1|Ditto|
|poke|p2|Ferrothorn, M|
|poke|p2|Toxapex, M|
|poke|p2|Hydreigon, M|
|poke|p2|Cinderace, M|
|poke|p2|Grimmsnarl, M|
|poke|p2|Dugtrio, M|
|rule|Dynamax Clause: You cannot dynamax
|teampreview
|c|☆YaketerinaPetrovna|gl
|c|☆johan5555|gl
|
|start
|switch|p1a: Cinderace|Cinderace, M|100/100
|switch|p2a: Cinderace|Cinderace, M|100/100
|turn|1
|
|move|p2a: Cinderace|U-turn|p1a: Cinderace
|-resisted|p1a: Cinderace
|-damage|p1a: Cinderace|85/100
|
|switch|p2a: Toxapex|Toxapex, M|100/100|[from]move: U-turn
|move|p1a: Cinderace|Pyro Ball|p2a: Toxapex
|-resisted|p2a: Toxapex
|-damage|p2a: Toxapex|80/100
|
|-heal|p2a: Toxapex|87/100|[from] item: Leftovers
|upkeep
|turn|2
|
|move|p1a: Cinderace|Zen Headbutt|p2a: Toxapex
|-supereffective|p2a: Toxapex
|-damage|p2a: Toxapex|49/100
|move|p2a: Toxapex|Scald|p1a: Cinderace
|-supereffective|p1a: Cinderace
|-crit|p1a: Cinderace
|-damage|p1a: Cinderace|10/100
|
|-heal|p2a: Toxapex|55/100|[from] item: Leftovers
|upkeep
|turn|3
|
|move|p1a: Cinderace|U-turn|p2a: Toxapex
|-resisted|p2a: Toxapex
|-damage|p2a: Toxapex|48/100
|
|switch|p1a: Toxtricity|Toxtricity, F|100/100|[from]move: U-turn
|move|p2a: Toxapex|Recover|p2a: Toxapex
|-heal|p2a: Toxapex|98/100
|
|-heal|p2a: Toxapex|100/100|[from] item: Leftovers
|upkeep
|turn|4
|
|switch|p2a: Ferrothorn|Ferrothorn, M|100/100
|move|p1a: Toxtricity|Shift Gear|p1a: Toxtricity
|-boost|p1a: Toxtricity|spe|2
|-boost|p1a: Toxtricity|atk|1
|
|upkeep
|turn|5
|
|move|p1a: Toxtricity|Fire Punch|p2a: Ferrothorn
|-supereffective|p2a: Ferrothorn
|-damage|p2a: Ferrothorn|19/100
|-damage|p1a: Toxtricity|88/100|[from] ability: Iron Barbs|[of] p2a: Ferrothorn
|-damage|p1a: Toxtricity|78/100|[from] item: Life Orb
|move|p2a: Ferrothorn|Leech Seed|p1a: Toxtricity
|-start|p1a: Toxtricity|move: Leech Seed
|
|-heal|p2a: Ferrothorn|25/100|[from] item: Leftovers
|-damage|p1a: Toxtricity|66/100|[from] Leech Seed|[of] p2a: Ferrothorn
|-heal|p2a: Ferrothorn|36/100|[silent]
|upkeep
|turn|6
|
|move|p2a: Ferrothorn|Protect|p2a: Ferrothorn
|-singleturn|p2a: Ferrothorn|Protect
|move|p1a: Toxtricity|Overdrive|p2a: Ferrothorn
|-activate|p2a: Ferrothorn|move: Protect
|
|-heal|p2a: Ferrothorn|42/100|[from] item: Leftovers
|-damage|p1a: Toxtricity|53/100|[from] Leech Seed|[of] p2a: Ferrothorn
|-heal|p2a: Ferrothorn|52/100|[silent]
|upkeep
|turn|7
|
|switch|p2a: Hydreigon|Hydreigon, M|100/100
|move|p1a: Toxtricity|Fire Punch|p2a: Hydreigon
|-resisted|p2a: Hydreigon
|-damage|p2a: Hydreigon|81/100
|-damage|p1a: Toxtricity|43/100|[from] item: Life Orb
|
|-heal|p2a: Hydreigon|88/100|[from] item: Leftovers
|-damage|p1a: Toxtricity|31/100|[from] Leech Seed|[of] p2a: Hydreigon
|-heal|p2a: Hydreigon|99/100|[silent]
|upkeep
|turn|8
|j| Seradykio
|
|switch|p2a: Ferrothorn|Ferrothorn, M|52/100
|move|p1a: Toxtricity|Boomburst|p2a: Ferrothorn
|-resisted|p2a: Ferrothorn
|-damage|p2a: Ferrothorn|21/100
|-damage|p1a: Toxtricity|21/100|[from] item: Life Orb
|
|-heal|p2a: Ferrothorn|27/100|[from] item: Leftovers
|-damage|p1a: Toxtricity|9/100|[from] Leech Seed|[of] p2a: Ferrothorn
|-heal|p2a: Ferrothorn|38/100|[silent]
|upkeep
|turn|9
|
|switch|p1a: Ditto|Ditto, shiny|100/100
|-transform|p1a: Ditto|p2a: Ferrothorn|[from] ability: Imposter
|move|p2a: Ferrothorn|Protect||[still]
|-fail|p2a: Ferrothorn
|
|-heal|p2a: Ferrothorn|44/100|[from] item: Leftovers
|upkeep
|turn|10
|
|switch|p1a: Cinderace|Cinderace, M|10/100
|switch|p2a: Cinderace|Cinderace, M|100/100
|
|upkeep
|turn|11
|
|move|p2a: Cinderace|U-turn|p1a: Cinderace
|-resisted|p1a: Cinderace
|-damage|p1a: Cinderace|0 fnt
|faint|p1a: Cinderace
|
|switch|p2a: Ferrothorn|Ferrothorn, M|44/100|[from]move: U-turn
|
|-heal|p2a: Ferrothorn|50/100|[from] item: Leftovers
|upkeep
|
|switch|p1a: Toxtricity|Toxtricity, F|9/100
|turn|12
|
|switch|p2a: Dugtrio|Dugtrio, M|100/100
|move|p1a: Toxtricity|Boomburst|p2a: Dugtrio
|-damage|p2a: Dugtrio|0 fnt
|-damage|p1a: Toxtricity|0 fnt|[from] item: Life Orb
|faint|p2a: Dugtrio
|faint|p1a: Toxtricity
|
|upkeep
|
|switch|p2a: Cinderace|Cinderace, M|100/100
|switch|p1a: Indeedee|Indeedee, M|100/100
|-fieldstart|move: Psychic Terrain|[from] ability: Psychic Surge|[of] p1a: Indeedee
|turn|13
|
|move|p1a: Indeedee|Hyper Voice|p2a: Cinderace
|-damage|p2a: Cinderace|41/100
|move|p2a: Cinderace|U-turn|p1a: Indeedee
|-supereffective|p1a: Indeedee
|-damage|p1a: Indeedee|4/100
|
|switch|p2a: Ferrothorn|Ferrothorn, M|50/100|[from]move: U-turn
|
|-heal|p2a: Ferrothorn|56/100|[from] item: Leftovers
|upkeep
|turn|14
|
|switch|p1a: Ditto|Ditto, shiny|100/100
|-transform|p1a: Ditto|p2a: Ferrothorn|[from] ability: Imposter
|move|p2a: Ferrothorn|Stealth Rock|p1a: Ditto
|-sidestart|p1: YaketerinaPetrovna|move: Stealth Rock
|
|-heal|p2a: Ferrothorn|63/100|[from] item: Leftovers
|upkeep
|turn|15
|
|switch|p2a: Cinderace|Cinderace, M|41/100
|move|p1a: Ditto|Stealth Rock|p2a: Cinderace
|-sidestart|p2: johan5555|move: Stealth Rock
|
|upkeep
|turn|16
|
|switch|p1a: Grimmsnarl|Grimmsnarl, M|100/100
|-damage|p1a: Grimmsnarl|88/100|[from] Stealth Rock
|move|p2a: Cinderace|Pyro Ball|p1a: Grimmsnarl
|-damage|p1a: Grimmsnarl|31/100
|
|upkeep
|turn|17
|
|switch|p2a: Ferrothorn|Ferrothorn, M|63/100
|-damage|p2a: Ferrothorn|56/100|[from] Stealth Rock
|move|p1a: Grimmsnarl|Thunder Wave|p2a: Ferrothorn
|-activate|p2a: Ferrothorn|move: Psychic Terrain
|
|-heal|p2a: Ferrothorn|63/100|[from] item: Leftovers
|-fieldend|move: Psychic Terrain
|upkeep
|turn|18
|
|move|p1a: Grimmsnarl|Reflect|p1a: Grimmsnarl
|-sidestart|p1: YaketerinaPetrovna|Reflect
|move|p2a: Ferrothorn|Gyro Ball|p1a: Grimmsnarl
|-supereffective|p1a: Grimmsnarl
|-damage|p1a: Grimmsnarl|0 fnt
|faint|p1a: Grimmsnarl
|
|-heal|p2a: Ferrothorn|69/100|[from] item: Leftovers
|upkeep
|
|switch|p1a: Corviknight|Corviknight, F|100/100
|-damage|p1a: Corviknight|88/100|[from] Stealth Rock
|turn|19
|
|move|p1a: Corviknight|Bulk Up|p1a: Corviknight
|-boost|p1a: Corviknight|atk|1
|-boost|p1a: Corviknight|def|1
|move|p2a: Ferrothorn|Leech Seed|p1a: Corviknight
|-start|p1a: Corviknight|move: Leech Seed
|
|-heal|p1a: Corviknight|94/100|[from] item: Leftovers
|-heal|p2a: Ferrothorn|75/100|[from] item: Leftovers
|-damage|p1a: Corviknight|82/100|[from] Leech Seed|[of] p2a: Ferrothorn
|-heal|p2a: Ferrothorn|89/100|[silent]
|upkeep
|turn|20
|
|switch|p2a: Toxapex|Toxapex, M|100/100
|-damage|p2a: Toxapex|88/100|[from] Stealth Rock
|move|p1a: Corviknight|Bulk Up|p1a: Corviknight
|-boost|p1a: Corviknight|atk|1
|-boost|p1a: Corviknight|def|1
|
|-heal|p1a: Corviknight|88/100|[from] item: Leftovers
|-heal|p2a: Toxapex|94/100|[from] item: Leftovers
|-damage|p1a: Corviknight|75/100|[from] Leech Seed|[of] p2a: Toxapex
|-heal|p2a: Toxapex|100/100|[silent]
|upkeep
|turn|21
|
|move|p1a: Corviknight|Bulk Up|p1a: Corviknight
|-boost|p1a: Corviknight|atk|1
|-boost|p1a: Corviknight|def|1
|move|p2a: Toxapex|Haze|p2a: Toxapex
|-clearallboost
|
|-heal|p1a: Corviknight|82/100|[from] item: Leftovers
|-damage|p1a: Corviknight|69/100|[from] Leech Seed|[of] p2a: Toxapex
|upkeep
|turn|22
|
|move|p1a: Corviknight|Roost|p1a: Corviknight
|-heal|p1a: Corviknight|100/100
|-singleturn|p1a: Corviknight|move: Roost
|move|p2a: Toxapex|Scald|p1a: Corviknight
|-damage|p1a: Corviknight|87/100
|
|-heal|p1a: Corviknight|93/100|[from] item: Leftovers
|-damage|p1a: Corviknight|81/100|[from] Leech Seed|[of] p2a: Toxapex
|upkeep
|turn|23
|-message|YaketerinaPetrovna forfeited.
|
|win|johan5555
|l|☆YaketerinaPetrovna
|l|☆johan5555
