|ScrapeTime|2020-01-02-23:21:10
|j|☆catchthebeer
|j|☆zerotwogostosa
|player|p1|catchthebeer|artist|1283
|player|p2|zerotwogostosa|iris-gen5bw2|1317
|teamsize|p1|6
|teamsize|p2|6
|gametype|singles
|gen|8
|tier|[Gen 8] OU
|rated|
|rule|Sleep Clause Mod: Limit one foe put to sleep
|rule|Species Clause: Limit one of each Pokémon
|rule|OHKO Clause: OHKO moves are banned
|rule|Evasion Moves Clause: Evasion moves are banned
|rule|Endless Battle Clause: Forcing endless battles is banned
|rule|HP Percentage Mod: HP is shown in percentages
|clearpoke
|poke|p1|Corviknight, M|
|poke|p1|Clefable, M|
|poke|p1|Dragapult, M|
|poke|p1|Appletun, M|
|poke|p1|Hydreigon, M|
|poke|p1|Excadrill, M|
|poke|p2|Clefable, F|
|poke|p2|Rotom-Wash|
|poke|p2|Hydreigon, M|
|poke|p2|Aegislash, M|
|poke|p2|Kommo-o, M|
|poke|p2|Dragapult, F|
|rule|Dynamax Clause: You cannot dynamax
|teampreview
|inactive|Battle timer is ON: inactive players will automatically lose when time's up. (requested by catchthebeer)
|c|☆catchthebeer|gl
|c|☆zerotwogostosa|u2
|
|start
|switch|p1a: Excadrill|Excadrill, M|100/100
|switch|p2a: Rotom|Rotom-Wash|100/100
|-ability|p1a: Excadrill|Mold Breaker
|turn|1
|
|switch|p2a: Ronaldinho|Kommo-o, M|100/100
|move|p1a: Excadrill|Earthquake|p2a: Ronaldinho
|-damage|p2a: Ronaldinho|67/100
|
|-heal|p2a: Ronaldinho|73/100|[from] item: Leftovers
|upkeep
|turn|2
|
|switch|p1a: Clefable|Clefable, M|100/100
|move|p2a: Ronaldinho|Stealth Rock|p1a: Clefable
|-sidestart|p1: catchthebeer|move: Stealth Rock
|
|-heal|p2a: Ronaldinho|80/100|[from] item: Leftovers
|upkeep
|turn|3
|
|switch|p2a: Aegislash|Aegislash, M|100/100
|move|p1a: Clefable|Stealth Rock|p2a: Aegislash
|-sidestart|p2: zerotwogostosa|move: Stealth Rock
|
|upkeep
|turn|4
|
|move|p1a: Clefable|Protect|p1a: Clefable
|-singleturn|p1a: Clefable|Protect
|-formechange|p2a: Aegislash|Aegislash-Blade||[from] ability: Stance Change
|move|p2a: Aegislash|Iron Head|p1a: Clefable
|-activate|p1a: Clefable|move: Protect
|
|upkeep
|turn|5
|
|switch|p1a: Excadrill|Excadrill, M|100/100
|-damage|p1a: Excadrill|97/100|[from] Stealth Rock
|-ability|p1a: Excadrill|Mold Breaker
|move|p2a: Aegislash|Swords Dance|p2a: Aegislash
|-boost|p2a: Aegislash|atk|2
|
|-heal|p1a: Excadrill|100/100|[from] item: Leftovers
|upkeep
|turn|6
|
|switch|p2a: Ronaldinho|Kommo-o, M|80/100
|-damage|p2a: Ronaldinho|73/100|[from] Stealth Rock
|move|p1a: Excadrill|Earthquake|p2a: Ronaldinho
|-damage|p2a: Ronaldinho|44/100
|
|-heal|p2a: Ronaldinho|50/100|[from] item: Leftovers
|upkeep
|turn|7
|
|switch|p1a: Corviknight|Corviknight, M|100/100
|-damage|p1a: Corviknight|88/100|[from] Stealth Rock
|-ability|p1a: Corviknight|Pressure
|move|p2a: Ronaldinho|Drain Punch|p1a: Corviknight
|-damage|p1a: Corviknight|67/100
|-heal|p2a: Ronaldinho|62/100|[from] drain|[of] p1a: Corviknight
|
|-heal|p2a: Ronaldinho|68/100|[from] item: Leftovers
|-heal|p1a: Corviknight|74/100|[from] item: Leftovers
|upkeep
|turn|8
|
|move|p2a: Ronaldinho|Taunt|p1a: Corviknight
|-start|p1a: Corviknight|move: Taunt
|move|p1a: Corviknight|Brave Bird|p2a: Ronaldinho
|-supereffective|p2a: Ronaldinho
|-damage|p2a: Ronaldinho|21/100
|-damage|p1a: Corviknight|60/100|[from] Recoil
|
|-heal|p2a: Ronaldinho|27/100|[from] item: Leftovers
|-heal|p1a: Corviknight|66/100|[from] item: Leftovers
|upkeep
|turn|9
|
|switch|p2a: Aegislash|Aegislash, M|100/100
|-damage|p2a: Aegislash|94/100|[from] Stealth Rock
|move|p1a: Corviknight|Brave Bird|p2a: Aegislash
|-resisted|p2a: Aegislash
|-damage|p2a: Aegislash|80/100
|-damage|p1a: Corviknight|62/100|[from] Recoil
|
|-heal|p1a: Corviknight|68/100|[from] item: Leftovers
|-heal|p2a: Aegislash|86/100|[from] item: Leftovers
|upkeep
|turn|10
|
|switch|p1a: Excadrill|Excadrill, M|100/100
|-damage|p1a: Excadrill|97/100|[from] Stealth Rock
|-ability|p1a: Excadrill|Mold Breaker
|-formechange|p2a: Aegislash|Aegislash-Blade||[from] ability: Stance Change
|move|p2a: Aegislash|Close Combat|p1a: Excadrill
|-supereffective|p1a: Excadrill
|-damage|p1a: Excadrill|0 fnt
|-unboost|p2a: Aegislash|def|1
|-unboost|p2a: Aegislash|spd|1
|faint|p1a: Excadrill
|
|-heal|p2a: Aegislash|92/100|[from] item: Leftovers
|upkeep
|inactive|catchthebeer has 120 seconds left.
|
|switch|p1a: Hydreigon|Hydreigon, M|100/100
|-damage|p1a: Hydreigon|88/100|[from] Stealth Rock
|turn|11
|
|switch|p2a: Ronaldinho|Kommo-o, M|27/100
|-damage|p2a: Ronaldinho|21/100|[from] Stealth Rock
|move|p1a: Hydreigon|Dark Pulse|p2a: Ronaldinho
|-resisted|p2a: Ronaldinho
|-damage|p2a: Ronaldinho|2/100
|
|-heal|p1a: Hydreigon|94/100|[from] item: Leftovers
|-heal|p2a: Ronaldinho|8/100|[from] item: Leftovers
|upkeep
|turn|12
|
|move|p1a: Hydreigon|Flash Cannon|p2a: Ronaldinho
|-damage|p2a: Ronaldinho|0 fnt
|faint|p2a: Ronaldinho
|
|-heal|p1a: Hydreigon|100/100|[from] item: Leftovers
|upkeep
|
|switch|p2a: Hydreigon|Hydreigon, M|100/100
|-damage|p2a: Hydreigon|88/100|[from] Stealth Rock
|turn|13
|
|move|p2a: Hydreigon|Draco Meteor|p1a: Hydreigon
|-supereffective|p1a: Hydreigon
|-damage|p1a: Hydreigon|0 fnt
|-unboost|p2a: Hydreigon|spa|2
|faint|p1a: Hydreigon
|
|upkeep
|inactive|catchthebeer has 120 seconds left.
|
|switch|p1a: Dragapult|Dragapult, M|100/100
|-damage|p1a: Dragapult|88/100|[from] Stealth Rock
|turn|14
|
|move|p2a: Hydreigon|Draco Meteor|p1a: Dragapult
|-supereffective|p1a: Dragapult
|-damage|p1a: Dragapult|0 fnt
|-unboost|p2a: Hydreigon|spa|2
|faint|p1a: Dragapult
|
|upkeep
|inactive|catchthebeer has 120 seconds left.
|-message|catchthebeer forfeited.
|
|win|zerotwogostosa
|l|☆catchthebeer
|raw|catchthebeer's rating: 1311 → 1291(-20 for losing)
|raw|zerotwogostosa's rating: 1318 → 1337(+19 for winning)
