|ScrapeTime|2020-01-01-22:45:20
|j|☆This is my hair
|j|☆Silver5310
|player|p1|This is my hair|37|1074
|player|p2|Silver5310|rancher|1107
|teamsize|p1|6
|teamsize|p2|6
|gametype|singles
|gen|8
|tier|[Gen 8] OU
|rated|
|rule|Sleep Clause Mod: Limit one foe put to sleep
|rule|Species Clause: Limit one of each Pokémon
|rule|OHKO Clause: OHKO moves are banned
|rule|Evasion Moves Clause: Evasion moves are banned
|rule|Endless Battle Clause: Forcing endless battles is banned
|rule|HP Percentage Mod: HP is shown in percentages
|clearpoke
|poke|p1|Grimmsnarl, M|
|poke|p1|Milotic, M|
|poke|p1|Gardevoir, F|
|poke|p1|Dragapult, F|
|poke|p1|Ferrothorn, F|
|poke|p1|Conkeldurr, M|
|poke|p2|Cinderace, F|
|poke|p2|Dragapult, M|
|poke|p2|Corsola-Galar, F|
|poke|p2|Dracozolt|
|poke|p2|Malamar, M|
|poke|p2|Grimmsnarl, M|
|rule|Dynamax Clause: You cannot dynamax
|teampreview
|
|start
|switch|p1a: Grimmsnarl|Grimmsnarl, M|100/100
|switch|p2a: Annoying|Corsola-Galar, F|100/100
|turn|1
|
|move|p1a: Grimmsnarl|Trick|p2a: Annoying
|-activate|p1a: Grimmsnarl|move: Trick|[of] p2a: Annoying
|-item|p2a: Annoying|Choice Scarf|[from] move: Trick
|-item|p1a: Grimmsnarl|Eviolite|[from] move: Trick
|move|p2a: Annoying|Will-O-Wisp|p1a: Grimmsnarl
|-status|p1a: Grimmsnarl|brn
|
|-damage|p1a: Grimmsnarl|94/100 brn|[from] brn
|upkeep
|turn|2
|
|switch|p2a: Gremlin|Grimmsnarl, M|100/100
|move|p1a: Grimmsnarl|Thunder Wave|p2a: Gremlin
|-hint|Since gen 7, Dark is immune to Prankster moves.
|-immune|p2a: Gremlin
|
|-damage|p1a: Grimmsnarl|88/100 brn|[from] brn
|upkeep
|turn|3
|
|switch|p1a: Ferrothorn|Ferrothorn, F|100/100
|move|p2a: Gremlin|Trick|p1a: Ferrothorn
|-activate|p2a: Gremlin|move: Trick|[of] p1a: Ferrothorn
|-item|p1a: Ferrothorn|Choice Band|[from] move: Trick
|-item|p2a: Gremlin|Leftovers|[from] move: Trick
|
|upkeep
|turn|4
|
|move|p2a: Gremlin|Taunt|p1a: Ferrothorn
|-start|p1a: Ferrothorn|move: Taunt
|move|p1a: Ferrothorn|Body Press|p2a: Gremlin
|-damage|p2a: Gremlin|48/100
|
|-heal|p2a: Gremlin|54/100|[from] item: Leftovers
|upkeep
|turn|5
|
|switch|p2a: Annoying|Corsola-Galar, F|100/100
|move|p1a: Ferrothorn|Body Press|p2a: Annoying
|-immune|p2a: Annoying
|
|upkeep
|turn|6
|
|switch|p1a: Conkeldurr|Conkeldurr, M|100/100
|move|p2a: Annoying|Will-O-Wisp|p1a: Conkeldurr
|-status|p1a: Conkeldurr|brn
|
|-damage|p1a: Conkeldurr|94/100 brn|[from] brn
|upkeep
|turn|7
|
|switch|p2a: Squid|Malamar, M|100/100
|move|p1a: Conkeldurr|Payback|p2a: Squid
|-damage|p2a: Squid|68/100
|
|-heal|p2a: Squid|74/100|[from] item: Leftovers
|-damage|p1a: Conkeldurr|88/100 brn|[from] brn
|upkeep
|turn|8
|
|switch|p1a: Grimmsnarl|Grimmsnarl, M|88/100 brn
|move|p2a: Squid|Psycho Cut|p1a: Grimmsnarl
|-immune|p1a: Grimmsnarl
|
|-heal|p2a: Squid|80/100|[from] item: Leftovers
|-damage|p1a: Grimmsnarl|82/100 brn|[from] brn
|upkeep
|turn|9
|
|move|p2a: Squid|Superpower|p1a: Grimmsnarl
|-damage|p1a: Grimmsnarl|41/100 brn
|-boost|p2a: Squid|atk|1
|-boost|p2a: Squid|def|1
|move|p1a: Grimmsnarl|Brick Break|p2a: Squid
|-damage|p2a: Squid|70/100
|
|-heal|p2a: Squid|76/100|[from] item: Leftovers
|-damage|p1a: Grimmsnarl|35/100 brn|[from] brn
|upkeep
|turn|10
|
|move|p1a: Grimmsnarl|Thunder Wave|p2a: Squid
|-hint|Since gen 7, Dark is immune to Prankster moves.
|-immune|p2a: Squid
|move|p2a: Squid|Superpower|p1a: Grimmsnarl
|-damage|p1a: Grimmsnarl|0 fnt
|-boost|p2a: Squid|atk|1
|-boost|p2a: Squid|def|1
|faint|p1a: Grimmsnarl
|
|-heal|p2a: Squid|82/100|[from] item: Leftovers
|upkeep
|
|switch|p1a: Gardevoir|Gardevoir, F|100/100
|-ability|p1a: Gardevoir|Contrary|[from] ability: Trace|[of] p2a: Squid
|turn|11
|
|move|p1a: Gardevoir|Moonblast|p2a: Squid
|-supereffective|p2a: Squid
|-crit|p2a: Squid
|-damage|p2a: Squid|0 fnt
|faint|p2a: Squid
|
|upkeep
|
|switch|p2a: Gremlin|Grimmsnarl, M|54/100
|turn|12
|
|switch|p1a: Conkeldurr|Conkeldurr, M|88/100 brn
|move|p2a: Gremlin|Thunder Wave||[still]
|-fail|p2a: Gremlin
|
|-heal|p2a: Gremlin|60/100|[from] item: Leftovers
|-damage|p1a: Conkeldurr|82/100 brn|[from] brn
|upkeep
|turn|13
|
|move|p2a: Gremlin|Spirit Break|p1a: Conkeldurr
|-supereffective|p1a: Conkeldurr
|-damage|p1a: Conkeldurr|17/100 brn
|-unboost|p1a: Conkeldurr|spa|1
|move|p1a: Conkeldurr|Power-Up Punch|p2a: Gremlin
|-damage|p2a: Gremlin|23/100
|-boost|p1a: Conkeldurr|atk|1
|
|-heal|p2a: Gremlin|29/100|[from] item: Leftovers
|-damage|p1a: Conkeldurr|11/100 brn|[from] brn
|upkeep
|turn|14
|
|switch|p2a: Annoying|Corsola-Galar, F|100/100
|move|p1a: Conkeldurr|Poison Jab|p2a: Annoying
|-resisted|p2a: Annoying
|-damage|p2a: Annoying|64/100
|-ability|p2a: Annoying|Weak Armor|boost
|-unboost|p2a: Annoying|def|1
|-boost|p2a: Annoying|spe|2
|
|-damage|p1a: Conkeldurr|5/100 brn|[from] brn
|upkeep
|turn|15
|
|move|p2a: Annoying|Hex|p1a: Conkeldurr
|-damage|p1a: Conkeldurr|0 fnt
|faint|p1a: Conkeldurr
|
|upkeep
|
|switch|p1a: Ferrothorn|Ferrothorn, F|100/100
|turn|16
|
|switch|p2a: Sprinty|Cinderace, F|100/100
|move|p1a: Ferrothorn|Power Whip|p2a: Sprinty
|-resisted|p2a: Sprinty
|-damage|p2a: Sprinty|57/100
|
|upkeep
|turn|17
|
|switch|p1a: Milotic|Milotic, M|100/100
|move|p2a: Sprinty|Pyro Ball|p1a: Milotic
|-resisted|p1a: Milotic
|-damage|p1a: Milotic|79/100
|-enditem|p1a: Milotic|Kee Berry|[eat]
|-boost|p1a: Milotic|def|1
|
|upkeep
|turn|18
|
|move|p2a: Sprinty|U-turn|p1a: Milotic
|-damage|p1a: Milotic|68/100
|
|switch|p2a: Annoying|Corsola-Galar, F|64/100|[from]move: U-turn
|move|p1a: Milotic|Ice Beam|p2a: Annoying
|-damage|p2a: Annoying|38/100
|
|upkeep
|turn|19
|
|move|p2a: Annoying|Strength Sap|p1a: Milotic
|-unboost|p1a: Milotic|atk|1
|-ability|p1a: Milotic|Competitive
|-boost|p1a: Milotic|spa|2
|-heal|p2a: Annoying|81/100
|move|p1a: Milotic|Scald|p2a: Annoying
|-damage|p2a: Annoying|12/100
|
|upkeep
|turn|20
|
|move|p2a: Annoying|Strength Sap|p1a: Milotic
|-unboost|p1a: Milotic|atk|1
|-ability|p1a: Milotic|Competitive
|-boost|p1a: Milotic|spa|2
|-heal|p2a: Annoying|41/100
|move|p1a: Milotic|Recover|p1a: Milotic
|-heal|p1a: Milotic|100/100
|
|upkeep
|turn|21
|
|move|p2a: Annoying|Strength Sap|p1a: Milotic
|-unboost|p1a: Milotic|atk|1
|-ability|p1a: Milotic|Competitive
|-boost|p1a: Milotic|spa|2
|-heal|p2a: Annoying|62/100
|move|p1a: Milotic|Scald|p2a: Annoying
|-damage|p2a: Annoying|0 fnt
|faint|p2a: Annoying
|
|upkeep
|
|switch|p2a: Bird... draco?|Dracozolt|100/100
|turn|22
|
|move|p2a: Bird... draco?|Bolt Beak|p1a: Milotic
|-supereffective|p1a: Milotic
|-damage|p1a: Milotic|0 fnt
|faint|p1a: Milotic
|
|upkeep
|
|switch|p1a: Gardevoir|Gardevoir, F|100/100
|-ability|p1a: Gardevoir|Hustle|[from] ability: Trace|[of] p2a: Bird... draco?
|turn|23
|
|move|p1a: Gardevoir|Moonblast|p2a: Bird... draco?
|-supereffective|p2a: Bird... draco?
|-damage|p2a: Bird... draco?|0 fnt
|faint|p2a: Bird... draco?
|
|upkeep
|
|switch|p2a: Gremlin|Grimmsnarl, M|29/100
|turn|24
|
|move|p2a: Gremlin|Thunder Wave|p1a: Gardevoir
|-status|p1a: Gardevoir|par
|move|p1a: Gardevoir|Moonblast|p2a: Gremlin
|-supereffective|p2a: Gremlin
|-damage|p2a: Gremlin|0 fnt
|faint|p2a: Gremlin
|
|upkeep
|
|switch|p2a: Bang-Bang|Dragapult, M|100/100
|turn|25
|
|move|p2a: Bang-Bang|Steel Wing|p1a: Gardevoir
|-supereffective|p1a: Gardevoir
|-damage|p1a: Gardevoir|22/100 par
|move|p1a: Gardevoir|Moonblast|p2a: Bang-Bang
|-supereffective|p2a: Bang-Bang
|-damage|p2a: Bang-Bang|0 fnt
|faint|p2a: Bang-Bang
|
|upkeep
|
|switch|p2a: Sprinty|Cinderace, F|57/100
|turn|26
|
|move|p2a: Sprinty|Pyro Ball|p1a: Gardevoir
|-damage|p1a: Gardevoir|0 fnt
|faint|p1a: Gardevoir
|
|upkeep
|
|switch|p1a: Dragapult|Dragapult, F|100/100
|turn|27
|
|move|p1a: Dragapult|Outrage|p2a: Sprinty
|-crit|p2a: Sprinty
|-damage|p2a: Sprinty|0 fnt
|faint|p2a: Sprinty
|
|win|This is my hair
|l|☆Silver5310
|raw|This is my hair's rating: 1054 → 1091(+37 for winning)
|raw|Silver5310's rating: 1107 → 1078(-29 for losing)
