|ScrapeTime|2020-01-01-05:35:25
|j|☆eeraa
|j|☆sucker for oli
|player|p1|eeraa|unknownf|1578
|player|p2|sucker for oli|waiter-gen4dp|1507
|teamsize|p1|6
|teamsize|p2|6
|gametype|singles
|gen|8
|tier|[Gen 8] OU
|rated|
|rule|Sleep Clause Mod: Limit one foe put to sleep
|rule|Species Clause: Limit one of each Pokémon
|rule|OHKO Clause: OHKO moves are banned
|rule|Evasion Moves Clause: Evasion moves are banned
|rule|Endless Battle Clause: Forcing endless battles is banned
|rule|HP Percentage Mod: HP is shown in percentages
|clearpoke
|poke|p1|Togekiss, F|
|poke|p1|Silvally-*|
|poke|p1|Excadrill, F|
|poke|p1|Tyranitar, M|
|poke|p1|Rotom-Wash|
|poke|p1|Corviknight, M|
|poke|p2|Toxtricity-Low-Key, M|
|poke|p2|Dragapult, M|
|poke|p2|Mandibuzz, F|
|poke|p2|Ferrothorn, F|
|poke|p2|Corviknight, F|
|poke|p2|Toxapex, M|
|rule|Dynamax Clause: You cannot dynamax
|teampreview
|j| James Garden
|
|start
|switch|p1a: Silvally|Silvally-Grass|100/100
|switch|p2a: Dragapult|Dragapult, M|100/100
|turn|1
|inactive|Battle timer is ON: inactive players will automatically lose when time's up. (requested by sucker for oli)
|
|move|p2a: Dragapult|U-turn|p1a: Silvally
|-supereffective|p1a: Silvally
|-damage|p1a: Silvally|66/100
|
|switch|p2a: Ferrothorn|Ferrothorn, F, shiny|100/100|[from]move: U-turn
|move|p1a: Silvally|Parting Shot|p2a: Ferrothorn
|-unboost|p2a: Ferrothorn|atk|1
|-unboost|p2a: Ferrothorn|spa|1
|
|switch|p1a: Togekiss|Togekiss, F|100/100|[from]move: Parting Shot
|
|upkeep
|turn|2
|
|switch|p2a: Toxapex|Toxapex, M, shiny|100/100
|move|p1a: Togekiss|Substitute|p1a: Togekiss
|-start|p1a: Togekiss|Substitute
|-damage|p1a: Togekiss|76/100
|
|-heal|p1a: Togekiss|82/100|[from] item: Leftovers
|upkeep
|turn|3
|
|switch|p2a: Toxtricity|Toxtricity-Low-Key, M|100/100
|move|p1a: Togekiss|Air Slash|p2a: Toxtricity
|-resisted|p2a: Toxtricity
|-damage|p2a: Toxtricity|73/100
|
|-heal|p1a: Togekiss|88/100|[from] item: Leftovers
|upkeep
|turn|4
|
|switch|p1a: Excadrill|Excadrill, F|100/100
|move|p2a: Toxtricity|Boomburst|p1a: Excadrill
|-resisted|p1a: Excadrill
|-damage|p1a: Excadrill|43/100
|
|-heal|p1a: Excadrill|49/100|[from] item: Leftovers
|upkeep
|turn|5
|
|switch|p1a: Corviknight|Corviknight, M|100/100
|-ability|p1a: Corviknight|Pressure
|switch|p2a: Ferrothorn|Ferrothorn, F, shiny|100/100
|
|upkeep
|turn|6
|
|switch|p1a: Silvally|Silvally-Grass|66/100
|move|p2a: Ferrothorn|Stealth Rock|p1a: Silvally
|-sidestart|p1: eeraa|move: Stealth Rock
|
|upkeep
|turn|7
|
|switch|p2a: Toxapex|Toxapex, M, shiny|100/100
|move|p1a: Silvally|Parting Shot|p2a: Toxapex
|-unboost|p2a: Toxapex|atk|1
|-unboost|p2a: Toxapex|spa|1
|
|switch|p1a: Rotom|Rotom-Wash|100/100|[from]move: Parting Shot
|-damage|p1a: Rotom|88/100|[from] Stealth Rock
|
|-heal|p1a: Rotom|94/100|[from] item: Leftovers
|upkeep
|turn|8
|
|move|p1a: Rotom|Volt Switch|p2a: Toxapex
|-supereffective|p2a: Toxapex
|-damage|p2a: Toxapex|56/100
|
|switch|p1a: Corviknight|Corviknight, M|100/100|[from]move: Volt Switch
|-damage|p1a: Corviknight|88/100|[from] Stealth Rock
|-ability|p1a: Corviknight|Pressure
|move|p2a: Toxapex|Scald|p1a: Corviknight
|-crit|p1a: Corviknight
|-damage|p1a: Corviknight|71/100
|
|-heal|p1a: Corviknight|78/100|[from] item: Leftovers
|-heal|p2a: Toxapex|62/100|[from] item: Black Sludge
|upkeep
|turn|9
|
|move|p1a: Corviknight|Defog|p2a: Toxapex
|-unboost|p2a: Toxapex|evasion|1
|-sideend|p1: eeraa|Stealth Rock|[from] move: Defog|[of] p1a: Corviknight
|move|p2a: Toxapex|Scald|p1a: Corviknight
|-damage|p1a: Corviknight|70/100
|
|-heal|p1a: Corviknight|76/100|[from] item: Leftovers
|-heal|p2a: Toxapex|68/100|[from] item: Black Sludge
|upkeep
|turn|10
|
|switch|p1a: Rotom|Rotom-Wash|94/100
|move|p2a: Toxapex|Scald|p1a: Rotom
|-resisted|p1a: Rotom
|-damage|p1a: Rotom|89/100
|
|-heal|p1a: Rotom|95/100|[from] item: Leftovers
|-heal|p2a: Toxapex|74/100|[from] item: Black Sludge
|upkeep
|turn|11
|
|switch|p2a: Ferrothorn|Ferrothorn, F, shiny|100/100
|move|p1a: Rotom|Will-O-Wisp|p2a: Ferrothorn
|-status|p2a: Ferrothorn|brn
|
|-heal|p1a: Rotom|100/100|[from] item: Leftovers
|-damage|p2a: Ferrothorn|94/100 brn|[from] brn
|upkeep
|turn|12
|
|move|p1a: Rotom|Volt Switch|p2a: Ferrothorn
|-resisted|p2a: Ferrothorn
|-damage|p2a: Ferrothorn|83/100 brn
|
|switch|p1a: Togekiss|Togekiss, F|88/100|[from]move: Volt Switch
|move|p2a: Ferrothorn|Stealth Rock|p1a: Togekiss
|-sidestart|p1: eeraa|move: Stealth Rock
|
|-heal|p1a: Togekiss|94/100|[from] item: Leftovers
|-heal|p2a: Ferrothorn|89/100 brn|[from] item: Leftovers
|-damage|p2a: Ferrothorn|83/100 brn|[from] brn
|upkeep
|turn|13
|
|switch|p2a: Toxtricity|Toxtricity-Low-Key, M|73/100
|move|p1a: Togekiss|Flamethrower|p2a: Toxtricity
|-damage|p2a: Toxtricity|25/100
|
|-heal|p1a: Togekiss|99/100|[from] item: Leftovers
|upkeep
|turn|14
|
|switch|p1a: Tyranitar|Tyranitar, M|100/100
|-damage|p1a: Tyranitar|88/100|[from] Stealth Rock
|-weather|Sandstorm|[from] ability: Sand Stream|[of] p1a: Tyranitar
|move|p2a: Toxtricity|Overdrive|p1a: Tyranitar
|-damage|p1a: Tyranitar|42/100
|
|-weather|Sandstorm|[upkeep]
|-damage|p2a: Toxtricity|19/100|[from] Sandstorm
|-heal|p1a: Tyranitar|49/100|[from] item: Leftovers
|upkeep
|turn|15
|
|switch|p2a: Corviknight|Corviknight, F|100/100
|-ability|p2a: Corviknight|Pressure
|switch|p1a: Corviknight|Corviknight, M|76/100
|-damage|p1a: Corviknight|64/100|[from] Stealth Rock
|-ability|p1a: Corviknight|Pressure
|
|-weather|Sandstorm|[upkeep]
|-heal|p1a: Corviknight|70/100|[from] item: Leftovers
|upkeep
|turn|16
|j| ou is a sham
|
|move|p2a: Corviknight|Substitute|p2a: Corviknight
|-start|p2a: Corviknight|Substitute
|-damage|p2a: Corviknight|75/100
|move|p1a: Corviknight|Defog|p2a: Corviknight
|-sideend|p1: eeraa|Stealth Rock|[from] move: Defog|[of] p1a: Corviknight
|
|-weather|Sandstorm|[upkeep]
|-heal|p2a: Corviknight|82/100|[from] item: Leftovers
|-heal|p1a: Corviknight|76/100|[from] item: Leftovers
|upkeep
|turn|17
|l| ou is a sham
|
|switch|p1a: Togekiss|Togekiss, F|99/100
|move|p2a: Corviknight|Bulk Up|p2a: Corviknight
|-boost|p2a: Corviknight|atk|1
|-boost|p2a: Corviknight|def|1
|
|-weather|Sandstorm|[upkeep]
|-damage|p1a: Togekiss|94/100|[from] Sandstorm
|-heal|p1a: Togekiss|99/100|[from] item: Leftovers
|-heal|p2a: Corviknight|88/100|[from] item: Leftovers
|upkeep
|turn|18
|
|move|p1a: Togekiss|Flamethrower|p2a: Corviknight
|-supereffective|p2a: Corviknight
|-end|p2a: Corviknight|Substitute
|move|p2a: Corviknight|Brave Bird|p1a: Togekiss
|-damage|p1a: Togekiss|33/100
|-damage|p2a: Corviknight|71/100|[from] Recoil
|
|-weather|none
|-heal|p1a: Togekiss|39/100|[from] item: Leftovers
|-heal|p2a: Corviknight|77/100|[from] item: Leftovers
|upkeep
|turn|19
|
|switch|p1a: Rotom|Rotom-Wash|100/100
|move|p2a: Corviknight|Brave Bird|p1a: Rotom
|-resisted|p1a: Rotom
|-damage|p1a: Rotom|81/100
|-damage|p2a: Corviknight|72/100|[from] Recoil
|
|-heal|p1a: Rotom|87/100|[from] item: Leftovers
|-heal|p2a: Corviknight|78/100|[from] item: Leftovers
|upkeep
|turn|20
|
|switch|p2a: Ferrothorn|Ferrothorn, F, shiny|83/100 brn
|move|p1a: Rotom|Nasty Plot|p1a: Rotom
|-boost|p1a: Rotom|spa|2
|
|-heal|p1a: Rotom|93/100|[from] item: Leftovers
|-heal|p2a: Ferrothorn|89/100 brn|[from] item: Leftovers
|-damage|p2a: Ferrothorn|83/100 brn|[from] brn
|upkeep
|turn|21
|
|move|p1a: Rotom|Volt Switch|p2a: Ferrothorn
|-resisted|p2a: Ferrothorn
|-damage|p2a: Ferrothorn|61/100 brn
|
|switch|p1a: Corviknight|Corviknight, M|76/100|[from]move: Volt Switch
|-ability|p1a: Corviknight|Pressure
|move|p2a: Ferrothorn|Leech Seed|p1a: Corviknight
|-start|p1a: Corviknight|move: Leech Seed
|
|-heal|p1a: Corviknight|83/100|[from] item: Leftovers
|-heal|p2a: Ferrothorn|68/100 brn|[from] item: Leftovers
|-damage|p1a: Corviknight|70/100|[from] Leech Seed|[of] p2a: Ferrothorn
|-heal|p2a: Ferrothorn|82/100 brn|[silent]
|-damage|p2a: Ferrothorn|75/100 brn|[from] brn
|upkeep
|turn|22
|
|move|p1a: Corviknight|Body Press|p2a: Ferrothorn
|-supereffective|p2a: Ferrothorn
|-damage|p2a: Ferrothorn|51/100 brn
|-damage|p1a: Corviknight|58/100|[from] ability: Iron Barbs|[of] p2a: Ferrothorn
|move|p2a: Ferrothorn|Stealth Rock|p1a: Corviknight
|-sidestart|p1: eeraa|move: Stealth Rock
|
|-heal|p1a: Corviknight|64/100|[from] item: Leftovers
|-heal|p2a: Ferrothorn|57/100 brn|[from] item: Leftovers
|-damage|p1a: Corviknight|51/100|[from] Leech Seed|[of] p2a: Ferrothorn
|-heal|p2a: Ferrothorn|72/100 brn|[silent]
|-damage|p2a: Ferrothorn|65/100 brn|[from] brn
|upkeep
|turn|23
|
|switch|p2a: Toxtricity|Toxtricity-Low-Key, M|19/100
|move|p1a: Corviknight|Defog|p2a: Toxtricity
|-unboost|p2a: Toxtricity|evasion|1
|-sideend|p1: eeraa|Stealth Rock|[from] move: Defog|[of] p1a: Corviknight
|
|-heal|p1a: Corviknight|58/100|[from] item: Leftovers
|-damage|p1a: Corviknight|45/100|[from] Leech Seed|[of] p2a: Toxtricity
|-heal|p2a: Toxtricity|36/100|[silent]
|upkeep
|turn|24
|
|switch|p1a: Silvally|Silvally-Grass|66/100
|move|p2a: Toxtricity|Volt Switch|p1a: Silvally
|-resisted|p1a: Silvally
|-damage|p1a: Silvally|39/100
|
|switch|p2a: Dragapult|Dragapult, M|100/100|[from]move: Volt Switch
|
|upkeep
|turn|25
|
|move|p2a: Dragapult|U-turn|p1a: Silvally
|-supereffective|p1a: Silvally
|-damage|p1a: Silvally|6/100
|
|switch|p2a: Toxapex|Toxapex, M, shiny|100/100|[from]move: U-turn
|move|p1a: Silvally|Multi-Attack|p2a: Toxapex
|-damage|p2a: Toxapex|69/100
|
|-heal|p2a: Toxapex|75/100|[from] item: Black Sludge
|upkeep
|turn|26
|j|‽A New King
|
|move|p1a: Silvally|Multi-Attack|p2a: Toxapex
|-damage|p2a: Toxapex|39/100
|move|p2a: Toxapex|Scald|p1a: Silvally
|-resisted|p1a: Silvally
|-damage|p1a: Silvally|0 fnt
|faint|p1a: Silvally
|
|-heal|p2a: Toxapex|45/100|[from] item: Black Sludge
|upkeep
|
|switch|p1a: Togekiss|Togekiss, F|39/100
|turn|27
|
|move|p1a: Togekiss|Air Slash|p2a: Toxapex
|-damage|p2a: Toxapex|16/100
|move|p2a: Toxapex|Recover|p2a: Toxapex
|-heal|p2a: Toxapex|66/100
|
|-heal|p1a: Togekiss|46/100|[from] item: Leftovers
|-heal|p2a: Toxapex|72/100|[from] item: Black Sludge
|upkeep
|turn|28
|
|switch|p2a: Mandibuzz|Mandibuzz, F, shiny|100/100
|move|p1a: Togekiss|Flamethrower|p2a: Mandibuzz
|-damage|p2a: Mandibuzz|81/100
|
|-heal|p1a: Togekiss|52/100|[from] item: Leftovers
|upkeep
|turn|29
|
|move|p1a: Togekiss|Substitute|p1a: Togekiss
|-start|p1a: Togekiss|Substitute
|-damage|p1a: Togekiss|27/100
|move|p2a: Mandibuzz|U-turn|p1a: Togekiss
|-resisted|p1a: Togekiss
|-activate|p1a: Togekiss|move: Substitute|[damage]
|
|switch|p2a: Dragapult|Dragapult, M|100/100|[from]move: U-turn
|
|-heal|p1a: Togekiss|33/100|[from] item: Leftovers
|upkeep
|turn|30
|
|switch|p1a: Tyranitar|Tyranitar, M|49/100
|-weather|Sandstorm|[from] ability: Sand Stream|[of] p1a: Tyranitar
|move|p2a: Dragapult|Shadow Ball|p1a: Tyranitar
|-resisted|p1a: Tyranitar
|-crit|p1a: Tyranitar
|-damage|p1a: Tyranitar|21/100
|
|-weather|Sandstorm|[upkeep]
|-damage|p2a: Dragapult|95/100|[from] Sandstorm
|-heal|p1a: Tyranitar|27/100|[from] item: Leftovers
|upkeep
|turn|31
|
|switch|p2a: Toxapex|Toxapex, M, shiny|100/100
|move|p1a: Tyranitar|Dragon Dance|p1a: Tyranitar
|-boost|p1a: Tyranitar|atk|1
|-boost|p1a: Tyranitar|spe|1
|
|-weather|Sandstorm|[upkeep]
|-damage|p2a: Toxapex|94/100|[from] Sandstorm
|-heal|p1a: Tyranitar|33/100|[from] item: Leftovers
|-heal|p2a: Toxapex|100/100|[from] item: Black Sludge
|upkeep
|turn|32
|
|switch|p1a: Rotom|Rotom-Wash|93/100
|move|p2a: Toxapex|Haze|p2a: Toxapex
|-clearallboost
|
|-weather|Sandstorm|[upkeep]
|-damage|p1a: Rotom|87/100|[from] Sandstorm
|-damage|p2a: Toxapex|94/100|[from] Sandstorm
|-heal|p1a: Rotom|93/100|[from] item: Leftovers
|-heal|p2a: Toxapex|100/100|[from] item: Black Sludge
|upkeep
|turn|33
|
|switch|p2a: Ferrothorn|Ferrothorn, F, shiny|65/100 brn
|move|p1a: Rotom|Volt Switch|p2a: Ferrothorn
|-resisted|p2a: Ferrothorn
|-damage|p2a: Ferrothorn|56/100 brn
|
|switch|p1a: Tyranitar|Tyranitar, M|33/100|[from]move: Volt Switch
|
|-weather|Sandstorm|[upkeep]
|-heal|p1a: Tyranitar|39/100|[from] item: Leftovers
|-heal|p2a: Ferrothorn|62/100 brn|[from] item: Leftovers
|-damage|p2a: Ferrothorn|56/100 brn|[from] brn
|upkeep
|turn|34
|
|switch|p2a: Toxapex|Toxapex, M, shiny|100/100
|move|p1a: Tyranitar|Fire Punch|p2a: Toxapex
|-resisted|p2a: Toxapex
|-damage|p2a: Toxapex|92/100
|
|-weather|none
|-heal|p1a: Tyranitar|45/100|[from] item: Leftovers
|-heal|p2a: Toxapex|98/100|[from] item: Black Sludge
|upkeep
|turn|35
|
|switch|p1a: Rotom|Rotom-Wash|93/100
|move|p2a: Toxapex|Scald|p1a: Rotom
|-resisted|p1a: Rotom
|-damage|p1a: Rotom|83/100
|
|-heal|p1a: Rotom|89/100|[from] item: Leftovers
|-heal|p2a: Toxapex|100/100|[from] item: Black Sludge
|upkeep
|turn|36
|
|move|p1a: Rotom|Nasty Plot|p1a: Rotom
|-boost|p1a: Rotom|spa|2
|move|p2a: Toxapex|Haze|p2a: Toxapex
|-clearallboost
|
|-heal|p1a: Rotom|95/100|[from] item: Leftovers
|upkeep
|turn|37
|
|move|p1a: Rotom|Nasty Plot|p1a: Rotom
|-boost|p1a: Rotom|spa|2
|move|p2a: Toxapex|Scald|p1a: Rotom
|-resisted|p1a: Rotom
|-damage|p1a: Rotom|86/100
|
|-heal|p1a: Rotom|92/100|[from] item: Leftovers
|upkeep
|turn|38
|
|switch|p2a: Ferrothorn|Ferrothorn, F, shiny|56/100 brn
|move|p1a: Rotom|Volt Switch|p2a: Ferrothorn
|-resisted|p2a: Ferrothorn
|-damage|p2a: Ferrothorn|36/100 brn
|
|switch|p1a: Togekiss|Togekiss, F|33/100|[from]move: Volt Switch
|
|-heal|p1a: Togekiss|39/100|[from] item: Leftovers
|-heal|p2a: Ferrothorn|42/100 brn|[from] item: Leftovers
|-damage|p2a: Ferrothorn|36/100 brn|[from] brn
|upkeep
|turn|39
|
|switch|p2a: Mandibuzz|Mandibuzz, F, shiny|81/100
|move|p1a: Togekiss|Flamethrower|p2a: Mandibuzz
|-damage|p2a: Mandibuzz|65/100
|
|-heal|p1a: Togekiss|45/100|[from] item: Leftovers
|upkeep
|turn|40
|
|move|p1a: Togekiss|Air Slash|p2a: Mandibuzz
|-damage|p2a: Mandibuzz|41/100
|cant|p2a: Mandibuzz|flinch
|
|-heal|p1a: Togekiss|51/100|[from] item: Leftovers
|upkeep
|turn|41
|
|move|p1a: Togekiss|Air Slash|p2a: Mandibuzz
|-damage|p2a: Mandibuzz|20/100
|move|p2a: Mandibuzz|Roost|p2a: Mandibuzz
|-heal|p2a: Mandibuzz|70/100
|-singleturn|p2a: Mandibuzz|move: Roost
|
|-heal|p1a: Togekiss|57/100|[from] item: Leftovers
|upkeep
|turn|42
|
|move|p1a: Togekiss|Air Slash|p2a: Mandibuzz|[miss]
|-miss|p1a: Togekiss|p2a: Mandibuzz
|move|p2a: Mandibuzz|U-turn|p1a: Togekiss
|-resisted|p1a: Togekiss
|-damage|p1a: Togekiss|54/100
|
|switch|p2a: Toxtricity|Toxtricity-Low-Key, M|36/100|[from]move: U-turn
|
|-heal|p1a: Togekiss|60/100|[from] item: Leftovers
|upkeep
|turn|43
|
|switch|p1a: Excadrill|Excadrill, F|49/100
|move|p2a: Toxtricity|Overdrive|p1a: Excadrill
|-immune|p1a: Excadrill
|
|-heal|p1a: Excadrill|55/100|[from] item: Leftovers
|upkeep
|turn|44
|
|switch|p2a: Corviknight|Corviknight, F|78/100
|-ability|p2a: Corviknight|Pressure
|move|p1a: Excadrill|Swords Dance|p1a: Excadrill
|-boost|p1a: Excadrill|atk|2
|
|-heal|p1a: Excadrill|61/100|[from] item: Leftovers
|-heal|p2a: Corviknight|84/100|[from] item: Leftovers
|upkeep
|turn|45
|
|move|p1a: Excadrill|Iron Head|p2a: Corviknight
|-resisted|p2a: Corviknight
|-damage|p2a: Corviknight|47/100
|move|p2a: Corviknight|Brave Bird|p1a: Excadrill
|-resisted|p1a: Excadrill
|-damage|p1a: Excadrill|34/100
|-damage|p2a: Corviknight|39/100|[from] Recoil
|
|-heal|p1a: Excadrill|40/100|[from] item: Leftovers
|-heal|p2a: Corviknight|45/100|[from] item: Leftovers
|upkeep
|turn|46
|
|switch|p2a: Ferrothorn|Ferrothorn, F, shiny|36/100 brn
|move|p1a: Excadrill|Swords Dance|p1a: Excadrill
|-boost|p1a: Excadrill|atk|2
|
|-heal|p1a: Excadrill|46/100|[from] item: Leftovers
|-heal|p2a: Ferrothorn|42/100 brn|[from] item: Leftovers
|-damage|p2a: Ferrothorn|36/100 brn|[from] brn
|upkeep
|turn|47
|
|move|p1a: Excadrill|Earthquake|p2a: Ferrothorn
|-damage|p2a: Ferrothorn|0 fnt
|faint|p2a: Ferrothorn
|
|-heal|p1a: Excadrill|53/100|[from] item: Leftovers
|upkeep
|
|switch|p2a: Dragapult|Dragapult, M|95/100
|turn|48
|
|switch|p1a: Tyranitar|Tyranitar, M|45/100
|-weather|Sandstorm|[from] ability: Sand Stream|[of] p1a: Tyranitar
|move|p2a: Dragapult|Shadow Ball|p1a: Tyranitar
|-resisted|p1a: Tyranitar
|-damage|p1a: Tyranitar|27/100
|
|-weather|Sandstorm|[upkeep]
|-damage|p2a: Dragapult|89/100|[from] Sandstorm
|-heal|p1a: Tyranitar|33/100|[from] item: Leftovers
|upkeep
|turn|49
|
|switch|p2a: Toxapex|Toxapex, M, shiny|100/100
|move|p1a: Tyranitar|Stealth Rock|p2a: Toxapex
|-sidestart|p2: sucker for oli|move: Stealth Rock
|
|-weather|Sandstorm|[upkeep]
|-damage|p2a: Toxapex|94/100|[from] Sandstorm
|-heal|p1a: Tyranitar|39/100|[from] item: Leftovers
|-heal|p2a: Toxapex|100/100|[from] item: Black Sludge
|upkeep
|turn|50
|
|switch|p1a: Rotom|Rotom-Wash|92/100
|move|p2a: Toxapex|Scald|p1a: Rotom
|-resisted|p1a: Rotom
|-damage|p1a: Rotom|83/100
|
|-weather|Sandstorm|[upkeep]
|-damage|p1a: Rotom|77/100|[from] Sandstorm
|-damage|p2a: Toxapex|94/100|[from] Sandstorm
|-heal|p1a: Rotom|83/100|[from] item: Leftovers
|-heal|p2a: Toxapex|100/100|[from] item: Black Sludge
|upkeep
|turn|51
|
|move|p1a: Rotom|Nasty Plot|p1a: Rotom
|-boost|p1a: Rotom|spa|2
|move|p2a: Toxapex|Scald|p1a: Rotom
|-resisted|p1a: Rotom
|-damage|p1a: Rotom|75/100
|
|-weather|Sandstorm|[upkeep]
|-damage|p1a: Rotom|69/100|[from] Sandstorm
|-damage|p2a: Toxapex|94/100|[from] Sandstorm
|-heal|p1a: Rotom|75/100|[from] item: Leftovers
|-heal|p2a: Toxapex|100/100|[from] item: Black Sludge
|upkeep
|turn|52
|
|move|p1a: Rotom|Volt Switch|p2a: Toxapex
|-supereffective|p2a: Toxapex
|-damage|p2a: Toxapex|20/100
|
|switch|p1a: Togekiss|Togekiss, F|60/100|[from]move: Volt Switch
|move|p2a: Toxapex|Recover|p2a: Toxapex
|-heal|p2a: Toxapex|70/100
|
|-weather|none
|-heal|p1a: Togekiss|66/100|[from] item: Leftovers
|-heal|p2a: Toxapex|76/100|[from] item: Black Sludge
|upkeep
|turn|53
|
|move|p1a: Togekiss|Air Slash|p2a: Toxapex
|-damage|p2a: Toxapex|48/100
|cant|p2a: Toxapex|flinch
|
|-heal|p1a: Togekiss|72/100|[from] item: Leftovers
|-heal|p2a: Toxapex|54/100|[from] item: Black Sludge
|upkeep
|turn|54
|
|switch|p2a: Mandibuzz|Mandibuzz, F, shiny|70/100
|move|p1a: Togekiss|Nasty Plot|p1a: Togekiss
|-boost|p1a: Togekiss|spa|2
|
|-heal|p1a: Togekiss|78/100|[from] item: Leftovers
|upkeep
|turn|55
|
|move|p1a: Togekiss|Air Slash|p2a: Mandibuzz
|-damage|p2a: Mandibuzz|22/100
|move|p2a: Mandibuzz|Defog|p1a: Togekiss
|-unboost|p1a: Togekiss|evasion|1
|-sideend|p2: sucker for oli|Stealth Rock|[from] move: Defog|[of] p2a: Mandibuzz
|
|-heal|p1a: Togekiss|84/100|[from] item: Leftovers
|upkeep
|turn|56
|
|move|p1a: Togekiss|Flamethrower|p2a: Mandibuzz
|-damage|p2a: Mandibuzz|0 fnt
|faint|p2a: Mandibuzz
|
|-heal|p1a: Togekiss|91/100|[from] item: Leftovers
|upkeep
|
|switch|p2a: Toxtricity|Toxtricity-Low-Key, M|36/100
|turn|57
|
|switch|p1a: Corviknight|Corviknight, M|45/100
|-ability|p1a: Corviknight|Pressure
|move|p2a: Toxtricity|Overdrive|p1a: Corviknight
|-supereffective|p1a: Corviknight
|-damage|p1a: Corviknight|0 fnt
|faint|p1a: Corviknight
|
|upkeep
|
|switch|p1a: Excadrill|Excadrill, F|53/100
|turn|58
|
|switch|p2a: Corviknight|Corviknight, F|45/100
|-ability|p2a: Corviknight|Pressure
|move|p1a: Excadrill|Swords Dance|p1a: Excadrill
|-boost|p1a: Excadrill|atk|2
|
|-heal|p1a: Excadrill|59/100|[from] item: Leftovers
|-heal|p2a: Corviknight|51/100|[from] item: Leftovers
|upkeep
|turn|59
|
|move|p1a: Excadrill|Iron Head|p2a: Corviknight
|-resisted|p2a: Corviknight
|-damage|p2a: Corviknight|12/100
|move|p2a: Corviknight|Roost|p2a: Corviknight
|-heal|p2a: Corviknight|62/100
|-singleturn|p2a: Corviknight|move: Roost
|
|-heal|p1a: Excadrill|65/100|[from] item: Leftovers
|-heal|p2a: Corviknight|68/100|[from] item: Leftovers
|upkeep
|turn|60
|
|move|p1a: Excadrill|Iron Head|p2a: Corviknight
|-resisted|p2a: Corviknight
|-damage|p2a: Corviknight|30/100
|move|p2a: Corviknight|Brave Bird|p1a: Excadrill
|-resisted|p1a: Excadrill
|-damage|p1a: Excadrill|40/100
|-damage|p2a: Corviknight|23/100|[from] Recoil
|
|-heal|p1a: Excadrill|46/100|[from] item: Leftovers
|-heal|p2a: Corviknight|29/100|[from] item: Leftovers
|upkeep
|turn|61
|
|move|p1a: Excadrill|Iron Head|p2a: Corviknight
|-resisted|p2a: Corviknight
|-damage|p2a: Corviknight|0 fnt
|faint|p2a: Corviknight
|
|-heal|p1a: Excadrill|52/100|[from] item: Leftovers
|upkeep
|
|switch|p2a: Dragapult|Dragapult, M|89/100
|turn|62
|j| Cadimus
|
|switch|p2a: Toxapex|Toxapex, M, shiny|87/100
|switch|p1a: Tyranitar|Tyranitar, M|39/100
|-weather|Sandstorm|[from] ability: Sand Stream|[of] p1a: Tyranitar
|
|-weather|Sandstorm|[upkeep]
|-damage|p2a: Toxapex|81/100|[from] Sandstorm
|-heal|p1a: Tyranitar|45/100|[from] item: Leftovers
|-heal|p2a: Toxapex|87/100|[from] item: Black Sludge
|upkeep
|turn|63
|j| gg3gg
|
|switch|p2a: Dragapult|Dragapult, M|89/100
|move|p1a: Tyranitar|Stealth Rock|p2a: Dragapult
|-sidestart|p2: sucker for oli|move: Stealth Rock
|
|-weather|Sandstorm|[upkeep]
|-damage|p2a: Dragapult|83/100|[from] Sandstorm
|-heal|p1a: Tyranitar|52/100|[from] item: Leftovers
|upkeep
|turn|64
|
|move|p2a: Dragapult|U-turn|p1a: Tyranitar
|-supereffective|p1a: Tyranitar
|-damage|p1a: Tyranitar|18/100
|
|switch|p2a: Toxapex|Toxapex, M, shiny|100/100|[from]move: U-turn
|-damage|p2a: Toxapex|88/100|[from] Stealth Rock
|move|p1a: Tyranitar|Stone Edge|p2a: Toxapex
|-damage|p2a: Toxapex|55/100
|
|-weather|Sandstorm|[upkeep]
|-damage|p2a: Toxapex|49/100|[from] Sandstorm
|-heal|p1a: Tyranitar|24/100|[from] item: Leftovers
|-heal|p2a: Toxapex|55/100|[from] item: Black Sludge
|upkeep
|turn|65
|
|switch|p1a: Rotom|Rotom-Wash|75/100
|move|p2a: Toxapex|Scald|p1a: Rotom
|-resisted|p1a: Rotom
|-damage|p1a: Rotom|66/100
|
|-weather|Sandstorm|[upkeep]
|-damage|p1a: Rotom|60/100|[from] Sandstorm
|-damage|p2a: Toxapex|49/100|[from] Sandstorm
|-heal|p1a: Rotom|66/100|[from] item: Leftovers
|-heal|p2a: Toxapex|55/100|[from] item: Black Sludge
|upkeep
|turn|66
|
|move|p1a: Rotom|Nasty Plot|p1a: Rotom
|-boost|p1a: Rotom|spa|2
|move|p2a: Toxapex|Scald|p1a: Rotom
|-resisted|p1a: Rotom
|-damage|p1a: Rotom|57/100
|
|-weather|none
|-heal|p1a: Rotom|63/100|[from] item: Leftovers
|-heal|p2a: Toxapex|61/100|[from] item: Black Sludge
|upkeep
|turn|67
|
|move|p1a: Rotom|Volt Switch|p2a: Toxapex
|-supereffective|p2a: Toxapex
|-damage|p2a: Toxapex|0 fnt
|faint|p2a: Toxapex
|
|switch|p1a: Tyranitar|Tyranitar, M|24/100|[from]move: Volt Switch
|-weather|Sandstorm|[from] ability: Sand Stream|[of] p1a: Tyranitar
|
|-weather|Sandstorm|[upkeep]
|-heal|p1a: Tyranitar|30/100|[from] item: Leftovers
|upkeep
|
|switch|p2a: Toxtricity|Toxtricity-Low-Key, M|36/100
|-damage|p2a: Toxtricity|24/100|[from] Stealth Rock
|turn|68
|
|move|p2a: Toxtricity|Volt Switch|p1a: Tyranitar
|-damage|p1a: Tyranitar|0 fnt
|faint|p1a: Tyranitar
|
|switch|p2a: Dragapult|Dragapult, M|83/100|[from]move: Volt Switch
|-damage|p2a: Dragapult|70/100|[from] Stealth Rock
|
|-weather|Sandstorm|[upkeep]
|-damage|p2a: Dragapult|64/100|[from] Sandstorm
|upkeep
|
|switch|p1a: Excadrill|Excadrill, F|52/100
|turn|69
|
|move|p1a: Excadrill|Earthquake|p2a: Dragapult
|-damage|p2a: Dragapult|0 fnt
|faint|p2a: Dragapult
|
|-weather|Sandstorm|[upkeep]
|-heal|p1a: Excadrill|58/100|[from] item: Leftovers
|upkeep
|l| gg3gg
|c|☆sucker for oli|gg
|
|switch|p2a: Toxtricity|Toxtricity-Low-Key, M|24/100
|-damage|p2a: Toxtricity|11/100|[from] Stealth Rock
|turn|70
|c|☆eeraa|gg
|
|move|p1a: Excadrill|Earthquake|p2a: Toxtricity
|-supereffective|p2a: Toxtricity
|-damage|p2a: Toxtricity|0 fnt
|faint|p2a: Toxtricity
|
|win|eeraa
|l|☆sucker for oli
|raw|eeraa's rating: 1578 → 1594(+16 for winning)
|raw|sucker for oli's rating: 1507 → 1491(-16 for losing)
