|ScrapeTime|2020-01-01-11:35:55
|j|☆pod depot
|j|☆MaikeruAxel
|player|p1|pod depot|plasmagruntf|1381
|player|p2|MaikeruAxel|lass-gen4dp|1355
|teamsize|p1|6
|teamsize|p2|6
|gametype|singles
|gen|8
|tier|[Gen 8] OU
|rated|
|rule|Sleep Clause Mod: Limit one foe put to sleep
|rule|Species Clause: Limit one of each Pokémon
|rule|OHKO Clause: OHKO moves are banned
|rule|Evasion Moves Clause: Evasion moves are banned
|rule|Endless Battle Clause: Forcing endless battles is banned
|rule|HP Percentage Mod: HP is shown in percentages
|clearpoke
|poke|p1|Cinderace, F|
|poke|p1|Clefable, F|
|poke|p1|Excadrill, F|
|poke|p1|Seismitoad, M|
|poke|p1|Hydreigon, M|
|poke|p1|Conkeldurr, F|
|poke|p2|Bisharp, F|
|poke|p2|Kommo-o, M|
|poke|p2|Polteageist|
|poke|p2|Clefable, M|
|poke|p2|Excadrill, M|
|poke|p2|Shuckle, M|
|rule|Dynamax Clause: You cannot dynamax
|teampreview
|inactive|Battle timer is ON: inactive players will automatically lose when time's up. (requested by MaikeruAxel)
|c|☆MaikeruAxel|gl pu ssy
|inactive|pod depot has 120 seconds left.
|
|start
|switch|p1a: Excadrill|Excadrill, F|100/100
|switch|p2a: Shuckle|Shuckle, M|100/100
|-ability|p1a: Excadrill|Mold Breaker
|turn|1
|
|move|p1a: Excadrill|Iron Head|p2a: Shuckle
|-supereffective|p2a: Shuckle
|-damage|p2a: Shuckle|41/100
|move|p2a: Shuckle|Encore|p1a: Excadrill
|-start|p1a: Excadrill|Encore
|
|upkeep
|turn|2
|
|move|p1a: Excadrill|Iron Head|p2a: Shuckle
|-supereffective|p2a: Shuckle
|-damage|p2a: Shuckle|0 fnt
|faint|p2a: Shuckle
|
|upkeep
|
|switch|p2a: Kommo-o|Kommo-o, M|100/100
|turn|3
|
|move|p1a: Excadrill|Iron Head|p2a: Kommo-o
|-damage|p2a: Kommo-o|60/100
|cant|p2a: Kommo-o|flinch
|
|upkeep
|turn|4
|
|move|p1a: Excadrill|Iron Head|p2a: Kommo-o
|-damage|p2a: Kommo-o|22/100
|-enditem|p2a: Kommo-o|Salac Berry|[eat]
|-boost|p2a: Kommo-o|spe|1
|cant|p2a: Kommo-o|flinch
|
|-end|p1a: Excadrill|Encore
|upkeep
|turn|5
|
|move|p2a: Kommo-o|Drain Punch|p1a: Excadrill
|-supereffective|p1a: Excadrill
|-enditem|p1a: Excadrill|Focus Sash
|-damage|p1a: Excadrill|1/100
|-heal|p2a: Kommo-o|83/100|[from] drain|[of] p1a: Excadrill
|move|p1a: Excadrill|Earthquake|p2a: Kommo-o
|-damage|p2a: Kommo-o|34/100
|
|upkeep
|turn|6
|
|switch|p1a: Clefable|Clefable, F|100/100
|move|p2a: Kommo-o|Drain Punch|p1a: Clefable
|-resisted|p1a: Clefable
|-damage|p1a: Clefable|78/100
|-heal|p2a: Kommo-o|49/100|[from] drain|[of] p1a: Clefable
|
|upkeep
|turn|7
|
|move|p2a: Kommo-o|Thunder Punch|p1a: Clefable
|-damage|p1a: Clefable|52/100
|move|p1a: Clefable|Moonblast|p2a: Kommo-o
|-supereffective|p2a: Kommo-o
|-damage|p2a: Kommo-o|0 fnt
|faint|p2a: Kommo-o
|
|upkeep
|
|switch|p2a: Sokudo|Excadrill, M, shiny|100/100
|-ability|p2a: Sokudo|Mold Breaker
|turn|8
|
|switch|p1a: Seismitoad|Seismitoad, M, shiny|100/100
|move|p2a: Sokudo|Stealth Rock|p1a: Seismitoad
|-sidestart|p1: pod depot|move: Stealth Rock
|
|upkeep
|turn|9
|
|move|p2a: Sokudo|Earthquake|p1a: Seismitoad
|-damage|p1a: Seismitoad|61/100
|move|p1a: Seismitoad|Scald|p2a: Sokudo
|-supereffective|p2a: Sokudo
|-damage|p2a: Sokudo|36/100
|-status|p2a: Sokudo|brn
|
|-heal|p1a: Seismitoad|67/100|[from] item: Leftovers
|-damage|p2a: Sokudo|30/100 brn|[from] brn
|upkeep
|turn|10
|
|move|p2a: Sokudo|Earthquake|p1a: Seismitoad
|-damage|p1a: Seismitoad|49/100
|move|p1a: Seismitoad|Scald|p2a: Sokudo
|-supereffective|p2a: Sokudo
|-damage|p2a: Sokudo|0 fnt
|faint|p2a: Sokudo
|
|-heal|p1a: Seismitoad|55/100|[from] item: Leftovers
|upkeep
|
|switch|p2a: Polteageist|Polteageist|100/100
|turn|11
|
|move|p2a: Polteageist|Shell Smash|p2a: Polteageist
|-unboost|p2a: Polteageist|def|1
|-unboost|p2a: Polteageist|spd|1
|-boost|p2a: Polteageist|atk|2
|-boost|p2a: Polteageist|spa|2
|-boost|p2a: Polteageist|spe|2
|move|p1a: Seismitoad|Toxic|p2a: Polteageist
|-status|p2a: Polteageist|tox
|
|-heal|p1a: Seismitoad|61/100|[from] item: Leftovers
|-damage|p2a: Polteageist|94/100 tox|[from] psn
|upkeep
|turn|12
|
|move|p2a: Polteageist|Giga Drain|p1a: Seismitoad
|-supereffective|p1a: Seismitoad
|-damage|p1a: Seismitoad|0 fnt
|-heal|p2a: Polteageist|100/100 tox|[from] drain|[of] p1a: Seismitoad
|faint|p1a: Seismitoad
|
|-damage|p2a: Polteageist|88/100 tox|[from] psn
|upkeep
|
|switch|p1a: Hydreigon|Hydreigon, M|100/100
|-damage|p1a: Hydreigon|88/100|[from] Stealth Rock
|turn|13
|
|move|p1a: Hydreigon|Dark Pulse|p2a: Polteageist
|-supereffective|p2a: Polteageist
|-damage|p2a: Polteageist|0 fnt
|faint|p2a: Polteageist
|
|upkeep
|
|switch|p2a: Bisharp|Bisharp, F|100/100
|turn|14
|
|switch|p1a: Cinderace|Cinderace, F|100/100
|move|p2a: Bisharp|Swords Dance|p2a: Bisharp
|-boost|p2a: Bisharp|atk|2
|
|upkeep
|turn|15
|
|move|p2a: Bisharp|Sucker Punch||[still]
|-fail|p2a: Bisharp
|move|p1a: Cinderace|Court Change|p1a: Cinderace
|-sideend|p1: pod depot|Stealth Rock|[silent]
|-sidestart|p2: MaikeruAxel|Stealth Rock|[silent]
|-activate|p1a: Cinderace|move: Court Change
|
|upkeep
|turn|16
|
|move|p1a: Cinderace|Sucker Punch|p2a: Bisharp
|-resisted|p2a: Bisharp
|-damage|p2a: Bisharp|89/100
|move|p2a: Bisharp|Sucker Punch||[still]
|-fail|p2a: Bisharp
|
|upkeep
|turn|17
|
|move|p2a: Bisharp|Sucker Punch|p1a: Cinderace
|-damage|p1a: Cinderace|0 fnt
|faint|p1a: Cinderace
|
|upkeep
|
|switch|p1a: Conkeldurr|Conkeldurr, F, shiny|100/100
|turn|18
|
|switch|p2a: Clefable|Clefable, M|100/100
|move|p1a: Conkeldurr|Mach Punch|p2a: Clefable
|-resisted|p2a: Clefable
|-damage|p2a: Clefable|86/100
|
|-status|p1a: Conkeldurr|brn|[from] item: Flame Orb
|upkeep
|turn|19
|c|☆MaikeruAxel|I played bad on purpose so you can win, cuz you re trash
|inactive|MaikeruAxel has 120 seconds left.
|
|switch|p1a: Clefable|Clefable, F|52/100
|move|p2a: Clefable|Moonblast|p1a: Clefable
|-damage|p1a: Clefable|0 fnt
|faint|p1a: Clefable
|
|upkeep
|
|switch|p1a: Excadrill|Excadrill, F|1/100
|-ability|p1a: Excadrill|Mold Breaker
|turn|20
|
|move|p1a: Excadrill|Iron Head|p2a: Clefable
|-supereffective|p2a: Clefable
|-damage|p2a: Clefable|0 fnt
|faint|p2a: Clefable
|
|upkeep
|
|switch|p2a: Bisharp|Bisharp, F|89/100
|-damage|p2a: Bisharp|83/100|[from] Stealth Rock
|turn|21
|
|switch|p1a: Hydreigon|Hydreigon, M|88/100
|move|p2a: Bisharp|Iron Head|p1a: Hydreigon
|-damage|p1a: Hydreigon|40/100
|
|upkeep
|turn|22
|
|move|p2a: Bisharp|Sucker Punch|p1a: Hydreigon
|-resisted|p1a: Hydreigon
|-damage|p1a: Hydreigon|17/100
|move|p1a: Hydreigon|Flamethrower|p2a: Bisharp
|-supereffective|p2a: Bisharp
|-damage|p2a: Bisharp|0 fnt
|faint|p2a: Bisharp
|
|win|pod depot
|raw|pod depot's rating: 1381 → 1400(+19 for winning)
|raw|MaikeruAxel's rating: 1355 → 1337(-18 for losing)
|c|☆pod depot|you swallow
|c|☆pod depot|gg
