|ScrapeTime|2020-01-02-10:25:16
|j|☆fgiorgos13
|j|☆EMEXDD悦加
|player|p1|fgiorgos13|101|1474
|player|p2|EMEXDD悦加|265|1508
|teamsize|p1|6
|teamsize|p2|6
|gametype|singles
|gen|8
|tier|[Gen 8] OU
|rated|
|rule|Sleep Clause Mod: Limit one foe put to sleep
|rule|Species Clause: Limit one of each Pokémon
|rule|OHKO Clause: OHKO moves are banned
|rule|Evasion Moves Clause: Evasion moves are banned
|rule|Endless Battle Clause: Forcing endless battles is banned
|rule|HP Percentage Mod: HP is shown in percentages
|clearpoke
|poke|p1|Umbreon, F|
|poke|p1|Arcanine, F|
|poke|p1|Corviknight, M|
|poke|p1|Toxapex, M|
|poke|p1|Excadrill, M|
|poke|p1|Raichu, F|
|poke|p2|Crawdaunt, F|
|poke|p2|Hatterene, F|
|poke|p2|Dracovish|
|poke|p2|Mandibuzz, F|
|poke|p2|Bisharp, F|
|poke|p2|Drampa, F|
|rule|Dynamax Clause: You cannot dynamax
|teampreview
|inactive|Battle timer is ON: inactive players will automatically lose when time's up. (requested by fgiorgos13)
|
|start
|switch|p1a: Raichu|Raichu, F|100/100
|switch|p2a: Dracovish|Dracovish|100/100
|turn|1
|
|move|p2a: Dracovish|Fishious Rend|p1a: Raichu
|-damage|p1a: Raichu|0 fnt
|faint|p1a: Raichu
|
|upkeep
|
|switch|p1a: Toxapex|Toxapex, M|100/100
|turn|2
|
|switch|p2a: Hatterene|Hatterene, F|100/100
|move|p1a: Toxapex|Scald|p2a: Hatterene
|-damage|p2a: Hatterene|84/100
|
|upkeep
|turn|3
|
|switch|p1a: Excadrill|Excadrill, M|100/100
|-ability|p1a: Excadrill|Mold Breaker
|move|p2a: Hatterene|Trick Room|p2a: Hatterene
|-fieldstart|move: Trick Room|[of] p2a: Hatterene
|
|upkeep
|turn|4
|
|move|p2a: Hatterene|Mystical Fire|p1a: Excadrill
|-supereffective|p1a: Excadrill
|-damage|p1a: Excadrill|0 fnt
|-damage|p2a: Hatterene|75/100|[from] item: Life Orb
|faint|p1a: Excadrill
|
|upkeep
|
|switch|p1a: Arcanine|Arcanine, F|100/100
|-ability|p1a: Arcanine|Intimidate|boost
|-unboost|p2a: Hatterene|atk|1
|turn|5
|
|move|p2a: Hatterene|Psyshock|p1a: Arcanine
|-damage|p1a: Arcanine|34/100
|-damage|p2a: Hatterene|65/100|[from] item: Life Orb
|move|p1a: Arcanine|Flare Blitz|p2a: Hatterene
|-damage|p2a: Hatterene|0 fnt
|-damage|p1a: Arcanine|16/100|[from] Recoil
|faint|p2a: Hatterene
|
|upkeep
|
|switch|p2a: Drampa|Drampa, F|100/100
|turn|6
|
|switch|p1a: Umbreon|Umbreon, F|100/100
|move|p2a: Drampa|Calm Mind|p2a: Drampa
|-boost|p2a: Drampa|spa|1
|-boost|p2a: Drampa|spd|1
|
|upkeep
|turn|7
|
|move|p2a: Drampa|Calm Mind|p2a: Drampa
|-boost|p2a: Drampa|spa|1
|-boost|p2a: Drampa|spd|1
|move|p1a: Umbreon|Taunt|p2a: Drampa
|-start|p2a: Drampa|move: Taunt
|
|-fieldend|move: Trick Room
|upkeep
|turn|8
|
|move|p1a: Umbreon|Wish|p1a: Umbreon
|move|p2a: Drampa|Hyper Voice|p1a: Umbreon
|-crit|p1a: Umbreon
|-damage|p1a: Umbreon|0 fnt
|-damage|p2a: Drampa|90/100|[from] item: Life Orb
|faint|p1a: Umbreon
|
|upkeep
|
|switch|p1a: Corviknight|Corviknight, M|100/100
|-ability|p1a: Corviknight|Pressure
|turn|9
|
|move|p1a: Corviknight|Brave Bird|p2a: Drampa
|-damage|p2a: Drampa|45/100
|-damage|p1a: Corviknight|87/100|[from] Recoil
|-ability|p2a: Drampa|Berserk|boost
|-boost|p2a: Drampa|spa|1
|move|p2a: Drampa|Fire Blast|p1a: Corviknight|[miss]
|-miss|p2a: Drampa|p1a: Corviknight
|
|-heal|p1a: Corviknight|100/100|[from] move: Wish|[wisher] Umbreon
|upkeep
|turn|10
|
|move|p1a: Corviknight|Brave Bird|p2a: Drampa
|-damage|p2a: Drampa|0 fnt
|-damage|p1a: Corviknight|87/100|[from] Recoil
|faint|p2a: Drampa
|
|upkeep
|
|switch|p2a: Mandibuzz|Mandibuzz, F|100/100
|turn|11
|
|move|p2a: Mandibuzz|Nasty Plot|p2a: Mandibuzz
|-boost|p2a: Mandibuzz|spa|2
|move|p1a: Corviknight|Taunt|p2a: Mandibuzz
|-start|p2a: Mandibuzz|move: Taunt
|
|upkeep
|turn|12
|
|move|p2a: Mandibuzz|Dark Pulse|p1a: Corviknight
|-damage|p1a: Corviknight|42/100
|move|p1a: Corviknight|U-turn|p2a: Mandibuzz
|-damage|p2a: Mandibuzz|86/100
|-ability|p2a: Mandibuzz|Weak Armor|boost
|-unboost|p2a: Mandibuzz|def|1
|-boost|p2a: Mandibuzz|spe|2
|
|switch|p1a: Toxapex|Toxapex, M|100/100|[from]move: U-turn
|
|upkeep
|turn|13
|
|move|p2a: Mandibuzz|Dark Pulse|p1a: Toxapex
|-damage|p1a: Toxapex|44/100
|move|p1a: Toxapex|Toxic|p2a: Mandibuzz
|-status|p2a: Mandibuzz|tox
|
|-heal|p1a: Toxapex|50/100|[from] item: Black Sludge
|-damage|p2a: Mandibuzz|80/100 tox|[from] psn
|upkeep
|turn|14
|
|move|p1a: Toxapex|Baneful Bunker|p1a: Toxapex
|-singleturn|p1a: Toxapex|move: Protect
|move|p2a: Mandibuzz|Dark Pulse|p1a: Toxapex
|-activate|p1a: Toxapex|move: Protect
|
|-heal|p1a: Toxapex|56/100|[from] item: Black Sludge
|-damage|p2a: Mandibuzz|68/100 tox|[from] psn
|-end|p2a: Mandibuzz|move: Taunt
|upkeep
|turn|15
|
|switch|p1a: Corviknight|Corviknight, M|42/100
|-ability|p1a: Corviknight|Pressure
|move|p2a: Mandibuzz|Dark Pulse|p1a: Corviknight
|-damage|p1a: Corviknight|0 fnt
|faint|p1a: Corviknight
|
|-damage|p2a: Mandibuzz|50/100 tox|[from] psn
|upkeep
|
|switch|p1a: Arcanine|Arcanine, F|16/100
|-ability|p1a: Arcanine|Intimidate|boost
|-unboost|p2a: Mandibuzz|atk|1
|turn|16
|
|move|p1a: Arcanine|Extreme Speed|p2a: Mandibuzz
|-damage|p2a: Mandibuzz|16/100 tox
|-ability|p2a: Mandibuzz|Weak Armor|boost
|-unboost|p2a: Mandibuzz|def|1
|-boost|p2a: Mandibuzz|spe|2
|move|p2a: Mandibuzz|Dark Pulse|p1a: Arcanine
|-damage|p1a: Arcanine|0 fnt
|faint|p1a: Arcanine
|
|-damage|p2a: Mandibuzz|0 fnt|[from] psn
|faint|p2a: Mandibuzz
|upkeep
|
|switch|p2a: Crawdaunt|Crawdaunt, F|100/100
|switch|p1a: Toxapex|Toxapex, M|89/100
|turn|17
|
|move|p1a: Toxapex|Baneful Bunker|p1a: Toxapex
|-singleturn|p1a: Toxapex|move: Protect
|move|p2a: Crawdaunt|Swords Dance|p2a: Crawdaunt
|-boost|p2a: Crawdaunt|atk|2
|
|-heal|p1a: Toxapex|95/100|[from] item: Black Sludge
|upkeep
|turn|18
|
|move|p2a: Crawdaunt|Knock Off|p1a: Toxapex
|-damage|p1a: Toxapex|0 fnt
|-enditem|p1a: Toxapex|Black Sludge|[from] move: Knock Off|[of] p2a: Crawdaunt
|-damage|p2a: Crawdaunt|90/100|[from] item: Life Orb
|faint|p1a: Toxapex
|
|win|EMEXDD悦加
|raw|fgiorgos13's rating: 1474 → 1456(-18 for losing)
|raw|EMEXDD悦加's rating: 1509 → 1527(+18 for winning)
|l|☆fgiorgos13
