|ScrapeTime|2020-01-02-10:54:57
|j|☆Day of the walrus
|j|☆totallynottung
|player|p1|Day of the walrus|steven|1292
|player|p2|totallynottung|266|1227
|teamsize|p1|6
|teamsize|p2|6
|gametype|singles
|gen|8
|tier|[Gen 8] OU
|rated|
|rule|Sleep Clause Mod: Limit one foe put to sleep
|rule|Species Clause: Limit one of each Pokémon
|rule|OHKO Clause: OHKO moves are banned
|rule|Evasion Moves Clause: Evasion moves are banned
|rule|Endless Battle Clause: Forcing endless battles is banned
|rule|HP Percentage Mod: HP is shown in percentages
|clearpoke
|poke|p1|Gastrodon, M|
|poke|p1|Togekiss, F|
|poke|p1|Toxapex, M|
|poke|p1|Ferrothorn, M|
|poke|p1|Corviknight, M|
|poke|p1|Roserade, F|
|poke|p2|Seismitoad, F|
|poke|p2|Clefable, M|
|poke|p2|Cinderace, F|
|poke|p2|Dragapult, M|
|poke|p2|Excadrill, M|
|poke|p2|Rotom-Wash|
|rule|Dynamax Clause: You cannot dynamax
|teampreview
|inactive|Battle timer is ON: inactive players will automatically lose when time's up. (requested by Day of the walrus)
|inactive|totallynottung has 120 seconds left.
|
|start
|switch|p1a: Toxapex|Toxapex, M|100/100
|switch|p2a: Cinderace|Cinderace, F|100/100
|turn|1
|
|switch|p2a: Seismitoad|Seismitoad, F|100/100
|move|p1a: Toxapex|Toxic|p2a: Seismitoad
|-status|p2a: Seismitoad|tox
|
|-damage|p2a: Seismitoad|94/100 tox|[from] psn
|upkeep
|turn|2
|
|switch|p1a: Roserade|Roserade, F, shiny|100/100
|move|p2a: Seismitoad|Stealth Rock|p1a: Roserade
|-sidestart|p1: Day of the walrus|move: Stealth Rock
|
|-heal|p2a: Seismitoad|100/100 tox|[from] item: Leftovers
|-damage|p2a: Seismitoad|88/100 tox|[from] psn
|upkeep
|turn|3
|
|switch|p2a: Cinderace|Cinderace, F|100/100
|move|p1a: Roserade|Spikes|p2a: Cinderace
|-sidestart|p2: totallynottung|Spikes
|
|upkeep
|turn|4
|
|switch|p1a: Toxapex|Toxapex, M|100/100
|-damage|p1a: Toxapex|88/100|[from] Stealth Rock
|move|p2a: Cinderace|High Jump Kick|p1a: Toxapex
|-resisted|p1a: Toxapex
|-damage|p1a: Toxapex|75/100
|
|-heal|p1a: Toxapex|82/100|[from] item: Black Sludge
|upkeep
|turn|5
|
|switch|p2a: Dragapult|Dragapult, M|100/100
|-damage|p2a: Dragapult|88/100|[from] Spikes
|move|p1a: Toxapex|Toxic|p2a: Dragapult
|-status|p2a: Dragapult|tox
|
|-heal|p1a: Toxapex|88/100|[from] item: Black Sludge
|-damage|p2a: Dragapult|82/100 tox|[from] psn
|upkeep
|turn|6
|
|move|p2a: Dragapult|Shadow Ball|p1a: Toxapex
|-damage|p1a: Toxapex|43/100
|move|p1a: Toxapex|Recover|p1a: Toxapex
|-heal|p1a: Toxapex|93/100
|
|-heal|p1a: Toxapex|99/100|[from] item: Black Sludge
|-damage|p2a: Dragapult|70/100 tox|[from] psn
|upkeep
|turn|7
|
|switch|p2a: Rotom|Rotom-Wash|100/100
|move|p1a: Toxapex|Recover|p1a: Toxapex
|-heal|p1a: Toxapex|100/100
|
|upkeep
|turn|8
|
|switch|p1a: Gastrodon|Gastrodon, M|100/100
|-damage|p1a: Gastrodon|94/100|[from] Stealth Rock
|move|p2a: Rotom|Volt Switch|p1a: Gastrodon
|-immune|p1a: Gastrodon
|
|-heal|p1a: Gastrodon|100/100|[from] item: Leftovers
|upkeep
|turn|9
|
|switch|p2a: Clefable|Clefable, M|100/100
|move|p1a: Gastrodon|Scald|p2a: Clefable
|-damage|p2a: Clefable|80/100
|
|-heal|p2a: Clefable|87/100|[from] item: Leftovers
|upkeep
|turn|10
|
|move|p2a: Clefable|Moonblast|p1a: Gastrodon
|-damage|p1a: Gastrodon|73/100
|move|p1a: Gastrodon|Clear Smog|p2a: Clefable
|-supereffective|p2a: Clefable
|-damage|p2a: Clefable|70/100
|-clearboost|p2a: Clefable
|
|-heal|p2a: Clefable|76/100|[from] item: Leftovers
|-heal|p1a: Gastrodon|79/100|[from] item: Leftovers
|upkeep
|turn|11
|
|move|p2a: Clefable|Moonblast|p1a: Gastrodon
|-damage|p1a: Gastrodon|51/100
|move|p1a: Gastrodon|Earth Power|p2a: Clefable
|-damage|p2a: Clefable|56/100
|
|-heal|p2a: Clefable|62/100|[from] item: Leftovers
|-heal|p1a: Gastrodon|57/100|[from] item: Leftovers
|upkeep
|turn|12
|
|move|p2a: Clefable|Moonblast|p1a: Gastrodon
|-damage|p1a: Gastrodon|26/100
|move|p1a: Gastrodon|Recover|p1a: Gastrodon
|-heal|p1a: Gastrodon|76/100
|
|-heal|p2a: Clefable|68/100|[from] item: Leftovers
|-heal|p1a: Gastrodon|82/100|[from] item: Leftovers
|upkeep
|turn|13
|
|switch|p1a: Roserade|Roserade, F, shiny|100/100
|-damage|p1a: Roserade|88/100|[from] Stealth Rock
|move|p2a: Clefable|Moonblast|p1a: Roserade
|-resisted|p1a: Roserade
|-damage|p1a: Roserade|70/100
|-unboost|p1a: Roserade|spa|1
|
|-heal|p1a: Roserade|76/100|[from] item: Black Sludge
|-heal|p2a: Clefable|74/100|[from] item: Leftovers
|upkeep
|turn|14
|
|move|p1a: Roserade|Giga Drain|p2a: Clefable
|-damage|p2a: Clefable|53/100
|-heal|p1a: Roserade|92/100|[from] drain|[of] p2a: Clefable
|move|p2a: Clefable|Thunder Wave|p1a: Roserade
|-status|p1a: Roserade|par
|
|-heal|p2a: Clefable|59/100|[from] item: Leftovers
|-heal|p1a: Roserade|99/100 par|[from] item: Black Sludge
|upkeep
|turn|15
|
|move|p2a: Clefable|Fire Blast|p1a: Roserade|[miss]
|-miss|p2a: Clefable|p1a: Roserade
|move|p1a: Roserade|Spikes|p2a: Clefable
|-sidestart|p2: totallynottung|Spikes
|
|-heal|p2a: Clefable|65/100|[from] item: Leftovers
|-heal|p1a: Roserade|100/100 par|[from] item: Black Sludge
|upkeep
|turn|16
|
|switch|p1a: Gastrodon|Gastrodon, M|82/100
|-damage|p1a: Gastrodon|76/100|[from] Stealth Rock
|move|p2a: Clefable|Fire Blast|p1a: Gastrodon
|-resisted|p1a: Gastrodon
|-damage|p1a: Gastrodon|64/100
|
|-heal|p2a: Clefable|71/100|[from] item: Leftovers
|-heal|p1a: Gastrodon|70/100|[from] item: Leftovers
|upkeep
|turn|17
|
|move|p2a: Clefable|Moonblast|p1a: Gastrodon
|-damage|p1a: Gastrodon|39/100
|move|p1a: Gastrodon|Recover|p1a: Gastrodon
|-heal|p1a: Gastrodon|89/100
|
|-heal|p2a: Clefable|77/100|[from] item: Leftovers
|-heal|p1a: Gastrodon|95/100|[from] item: Leftovers
|upkeep
|turn|18
|
|move|p2a: Clefable|Moonblast|p1a: Gastrodon
|-damage|p1a: Gastrodon|63/100
|move|p1a: Gastrodon|Earth Power|p2a: Clefable
|-damage|p2a: Clefable|56/100
|
|-heal|p2a: Clefable|62/100|[from] item: Leftovers
|-heal|p1a: Gastrodon|70/100|[from] item: Leftovers
|upkeep
|turn|19
|inactive|totallynottung has 120 seconds left.
|
|move|p2a: Clefable|Moonblast|p1a: Gastrodon
|-damage|p1a: Gastrodon|39/100
|move|p1a: Gastrodon|Earth Power|p2a: Clefable
|-damage|p2a: Clefable|39/100
|
|-heal|p2a: Clefable|45/100|[from] item: Leftovers
|-heal|p1a: Gastrodon|45/100|[from] item: Leftovers
|upkeep
|turn|20
|
|move|p2a: Clefable|Moonblast|p1a: Gastrodon
|-damage|p1a: Gastrodon|14/100
|move|p1a: Gastrodon|Recover|p1a: Gastrodon
|-heal|p1a: Gastrodon|64/100
|
|-heal|p2a: Clefable|51/100|[from] item: Leftovers
|-heal|p1a: Gastrodon|70/100|[from] item: Leftovers
|upkeep
|turn|21
|
|switch|p2a: Seismitoad|Seismitoad, F|88/100 tox
|-damage|p2a: Seismitoad|72/100 tox|[from] Spikes
|switch|p1a: Roserade|Roserade, F, shiny|100/100
|-damage|p1a: Roserade|88/100|[from] Stealth Rock
|
|-heal|p1a: Roserade|94/100|[from] item: Black Sludge
|-heal|p2a: Seismitoad|78/100 tox|[from] item: Leftovers
|-damage|p2a: Seismitoad|72/100 tox|[from] psn
|upkeep
|turn|22
|
|switch|p2a: Cinderace|Cinderace, F|100/100
|move|p1a: Roserade|Sludge Bomb|p2a: Cinderace
|-damage|p2a: Cinderace|32/100
|
|-heal|p1a: Roserade|100/100|[from] item: Black Sludge
|upkeep
|turn|23
|
|switch|p1a: Toxapex|Toxapex, M|100/100
|-damage|p1a: Toxapex|88/100|[from] Stealth Rock
|move|p2a: Cinderace|Pyro Ball|p1a: Toxapex
|-resisted|p1a: Toxapex
|-damage|p1a: Toxapex|62/100
|
|-heal|p1a: Toxapex|68/100|[from] item: Black Sludge
|upkeep
|turn|24
|
|switch|p2a: Clefable|Clefable, M|51/100
|move|p1a: Toxapex|Scald|p2a: Clefable
|-damage|p2a: Clefable|37/100
|
|-heal|p2a: Clefable|43/100|[from] item: Leftovers
|-heal|p1a: Toxapex|75/100|[from] item: Black Sludge
|upkeep
|turn|25
|
|move|p2a: Clefable|Thunder Wave|p1a: Toxapex
|-status|p1a: Toxapex|par
|move|p1a: Toxapex|Scald|p2a: Clefable
|-crit|p2a: Clefable
|-damage|p2a: Clefable|24/100
|
|-heal|p2a: Clefable|30/100|[from] item: Leftovers
|-heal|p1a: Toxapex|81/100 par|[from] item: Black Sludge
|upkeep
|turn|26
|
|switch|p1a: Roserade|Roserade, F, shiny|100/100
|-damage|p1a: Roserade|88/100|[from] Stealth Rock
|move|p2a: Clefable|Moonblast|p1a: Roserade
|-resisted|p1a: Roserade
|-damage|p1a: Roserade|69/100
|
|-heal|p1a: Roserade|75/100|[from] item: Black Sludge
|-heal|p2a: Clefable|37/100|[from] item: Leftovers
|upkeep
|turn|27
|
|move|p1a: Roserade|Aromatherapy|p1a: Roserade
|-activate|p1a: Roserade|move: Aromatherapy
|-curestatus|p1: Toxapex|par|[msg]
|move|p2a: Clefable|Fire Blast|p1a: Roserade
|-supereffective|p1a: Roserade
|-damage|p1a: Roserade|13/100
|
|-heal|p1a: Roserade|19/100|[from] item: Black Sludge
|-heal|p2a: Clefable|43/100|[from] item: Leftovers
|upkeep
|turn|28
|
|move|p1a: Roserade|Sludge Bomb|p2a: Clefable
|-supereffective|p2a: Clefable
|-damage|p2a: Clefable|0 fnt
|faint|p2a: Clefable
|
|-heal|p1a: Roserade|25/100|[from] item: Black Sludge
|upkeep
|
|switch|p2a: Rotom|Rotom-Wash|100/100
|turn|29
|
|move|p2a: Rotom|Trick|p1a: Roserade
|-activate|p2a: Rotom|move: Trick|[of] p1a: Roserade
|-item|p1a: Roserade|Choice Scarf|[from] move: Trick
|-item|p2a: Rotom|Black Sludge|[from] move: Trick
|move|p1a: Roserade|Giga Drain|p2a: Rotom
|-supereffective|p2a: Rotom
|-damage|p2a: Rotom|7/100
|-heal|p1a: Roserade|79/100|[from] drain|[of] p2a: Rotom
|
|-damage|p2a: Rotom|0 fnt|[from] item: Black Sludge
|faint|p2a: Rotom
|upkeep
|
|switch|p2a: Cinderace|Cinderace, F|32/100
|turn|30
|
|switch|p1a: Toxapex|Toxapex, M|100/100
|-damage|p1a: Toxapex|88/100|[from] Stealth Rock
|move|p2a: Cinderace|Pyro Ball|p1a: Toxapex
|-resisted|p1a: Toxapex
|-damage|p1a: Toxapex|62/100
|
|-heal|p1a: Toxapex|68/100|[from] item: Black Sludge
|upkeep
|turn|31
|
|switch|p2a: Seismitoad|Seismitoad, F|72/100 tox
|-damage|p2a: Seismitoad|55/100 tox|[from] Spikes
|move|p1a: Toxapex|Toxic|p2a: Seismitoad
|-fail|p2a: Seismitoad|tox
|
|-heal|p2a: Seismitoad|61/100 tox|[from] item: Leftovers
|-heal|p1a: Toxapex|74/100|[from] item: Black Sludge
|-damage|p2a: Seismitoad|55/100 tox|[from] psn
|upkeep
|turn|32
|-message|totallynottung forfeited.
|
|win|Day of the walrus
|l|☆totallynottung
|raw|Day of the walrus's rating: 1292 → 1313(+21 for winning)
|raw|totallynottung's rating: 1228 → 1207(-21 for losing)
