|ScrapeTime|2020-01-02-12:25:10
|j|☆Pixeldudeplays
|j|☆Vegeta1203
|player|p1|Pixeldudeplays|elesa|1160
|player|p2|Vegeta1203|102|1209
|teamsize|p1|6
|teamsize|p2|6
|gametype|singles
|gen|8
|tier|[Gen 8] OU
|rated|
|rule|Sleep Clause Mod: Limit one foe put to sleep
|rule|Species Clause: Limit one of each Pokémon
|rule|OHKO Clause: OHKO moves are banned
|rule|Evasion Moves Clause: Evasion moves are banned
|rule|Endless Battle Clause: Forcing endless battles is banned
|rule|HP Percentage Mod: HP is shown in percentages
|clearpoke
|poke|p1|Flygon, F|
|poke|p1|Sylveon, F|
|poke|p1|Crawdaunt, M|
|poke|p1|Dracovish|
|poke|p1|Dugtrio, F|
|poke|p1|Dragapult, F|
|poke|p2|Aegislash, F|
|poke|p2|Dragapult, M|
|poke|p2|Corsola-Galar, M|
|poke|p2|Excadrill, F|
|poke|p2|Hippowdon, M|
|poke|p2|Araquanid, F|
|rule|Dynamax Clause: You cannot dynamax
|teampreview
|inactive|Battle timer is ON: inactive players will automatically lose when time's up. (requested by Vegeta1203)
|
|start
|switch|p1a: Crawdaunt|Crawdaunt, M|100/100
|switch|p2a: Aegislash|Aegislash, F|100/100
|turn|1
|
|move|p1a: Crawdaunt|Knock Off|p2a: Aegislash
|-supereffective|p2a: Aegislash
|-damage|p2a: Aegislash|0 fnt
|-enditem|p2a: Aegislash|Weakness Policy|[from] move: Knock Off|[of] p1a: Crawdaunt
|faint|p2a: Aegislash
|
|upkeep
|
|switch|p2a: Hippowdon|Hippowdon, M|100/100
|-weather|Sandstorm|[from] ability: Sand Stream|[of] p2a: Hippowdon
|turn|2
|
|move|p1a: Crawdaunt|Knock Off|p2a: Hippowdon
|-damage|p2a: Hippowdon|38/100
|-enditem|p2a: Hippowdon|Smooth Rock|[from] move: Knock Off|[of] p1a: Crawdaunt
|move|p2a: Hippowdon|Stealth Rock|p1a: Crawdaunt
|-sidestart|p1: Pixeldudeplays|move: Stealth Rock
|
|-weather|Sandstorm|[upkeep]
|-damage|p1a: Crawdaunt|95/100|[from] Sandstorm
|upkeep
|turn|3
|
|switch|p1a: Dracovish|Dracovish|100/100
|-damage|p1a: Dracovish|88/100|[from] Stealth Rock
|move|p2a: Hippowdon|Earthquake|p1a: Dracovish
|-damage|p1a: Dracovish|49/100
|
|-weather|Sandstorm|[upkeep]
|-damage|p1a: Dracovish|43/100|[from] Sandstorm
|upkeep
|turn|4
|
|move|p1a: Dracovish|Fishious Rend|p2a: Hippowdon
|-supereffective|p2a: Hippowdon
|-damage|p2a: Hippowdon|0 fnt
|faint|p2a: Hippowdon
|
|-weather|Sandstorm|[upkeep]
|-damage|p1a: Dracovish|36/100|[from] Sandstorm
|upkeep
|
|switch|p2a: Excadrill|Excadrill, F|100/100
|turn|5
|
|move|p2a: Excadrill|Earthquake|p1a: Dracovish
|-damage|p1a: Dracovish|0 fnt
|-damage|p2a: Excadrill|91/100|[from] item: Life Orb
|faint|p1a: Dracovish
|
|-weather|Sandstorm|[upkeep]
|upkeep
|
|switch|p1a: Crawdaunt|Crawdaunt, M|95/100
|-damage|p1a: Crawdaunt|82/100|[from] Stealth Rock
|turn|6
|
|move|p1a: Crawdaunt|Aqua Jet|p2a: Excadrill
|-supereffective|p2a: Excadrill
|-damage|p2a: Excadrill|0 fnt
|faint|p2a: Excadrill
|
|-weather|Sandstorm|[upkeep]
|-damage|p1a: Crawdaunt|76/100|[from] Sandstorm
|upkeep
|
|switch|p2a: Araquanid|Araquanid, F|100/100
|turn|7
|
|switch|p1a: Sylveon|Sylveon, F|100/100
|-damage|p1a: Sylveon|88/100|[from] Stealth Rock
|move|p2a: Araquanid|Sticky Web|p1a: Sylveon
|-sidestart|p1: Pixeldudeplays|move: Sticky Web
|
|-weather|Sandstorm|[upkeep]
|-damage|p1a: Sylveon|82/100|[from] Sandstorm
|-damage|p2a: Araquanid|94/100|[from] Sandstorm
|-heal|p1a: Sylveon|88/100|[from] item: Leftovers
|-heal|p2a: Araquanid|100/100|[from] item: Leftovers
|upkeep
|turn|8
|
|move|p1a: Sylveon|Hyper Voice|p2a: Araquanid
|-damage|p2a: Araquanid|61/100
|move|p2a: Araquanid|Leech Life|p1a: Sylveon
|-resisted|p1a: Sylveon
|-damage|p1a: Sylveon|72/100
|-heal|p2a: Araquanid|71/100|[from] drain|[of] p1a: Sylveon
|
|-weather|Sandstorm|[upkeep]
|-damage|p1a: Sylveon|66/100|[from] Sandstorm
|-damage|p2a: Araquanid|65/100|[from] Sandstorm
|-heal|p1a: Sylveon|72/100|[from] item: Leftovers
|-heal|p2a: Araquanid|71/100|[from] item: Leftovers
|upkeep
|turn|9
|
|move|p1a: Sylveon|Hyper Voice|p2a: Araquanid
|-crit|p2a: Araquanid
|-damage|p2a: Araquanid|16/100
|move|p2a: Araquanid|Mirror Coat|p1a: Sylveon
|-damage|p1a: Sylveon|0 fnt
|faint|p1a: Sylveon
|
|-weather|none
|-heal|p2a: Araquanid|22/100|[from] item: Leftovers
|upkeep
|
|switch|p1a: Dragapult|Dragapult, F|100/100
|-damage|p1a: Dragapult|88/100|[from] Stealth Rock
|-activate|p1a: Dragapult|move: Sticky Web
|-unboost|p1a: Dragapult|spe|1
|turn|10
|
|move|p1a: Dragapult|Shadow Ball|p2a: Araquanid
|-damage|p2a: Araquanid|0 fnt
|faint|p2a: Araquanid
|
|upkeep
|
|switch|p2a: Dragapult|Dragapult, M|100/100
|turn|11
|
|switch|p1a: Dugtrio|Dugtrio, F|100/100
|-damage|p1a: Dugtrio|94/100|[from] Stealth Rock
|-activate|p1a: Dugtrio|move: Sticky Web
|-unboost|p1a: Dugtrio|spe|1
|move|p2a: Dragapult|Shadow Ball|p1a: Dugtrio
|-damage|p1a: Dugtrio|0 fnt
|faint|p1a: Dugtrio
|
|upkeep
|
|switch|p1a: Flygon|Flygon, F|100/100
|-damage|p1a: Flygon|95/100|[from] Stealth Rock
|turn|12
|
|switch|p2a: Corsola|Corsola-Galar, M|100/100
|move|p1a: Flygon|Outrage|p2a: Corsola
|-damage|p2a: Corsola|69/100
|-start|p1a: Flygon|Disable|Outrage|[from] ability: Cursed Body|[of] p2a: Corsola
|
|upkeep
|turn|13
|
|cant|p1a: Flygon|Disable|Outrage
|move|p2a: Corsola|Will-O-Wisp|p1a: Flygon|[miss]
|-miss|p2a: Corsola|p1a: Flygon
|
|-start|p1a: Flygon|confusion|[fatigue]
|upkeep
|turn|14
|
|switch|p1a: Dragapult|Dragapult, F|88/100
|-activate|p1a: Dragapult|move: Sticky Web
|-unboost|p1a: Dragapult|spe|1
|-damage|p1a: Dragapult|76/100|[from] Stealth Rock
|move|p2a: Corsola|Will-O-Wisp|p1a: Dragapult|[miss]
|-miss|p2a: Corsola|p1a: Dragapult
|
|upkeep
|turn|15
|
|move|p1a: Dragapult|Shadow Ball|p2a: Corsola
|-supereffective|p2a: Corsola
|-damage|p2a: Corsola|5/100
|-unboost|p2a: Corsola|spd|1
|move|p2a: Corsola|Strength Sap|p1a: Dragapult
|-unboost|p1a: Dragapult|atk|1
|-heal|p2a: Corsola|82/100
|
|upkeep
|turn|16
|
|move|p1a: Dragapult|Shadow Ball|p2a: Corsola
|-supereffective|p2a: Corsola
|-damage|p2a: Corsola|0 fnt
|faint|p2a: Corsola
|
|upkeep
|
|switch|p2a: Dragapult|Dragapult, M|100/100
|turn|17
|
|move|p2a: Dragapult|Shadow Ball|p1a: Dragapult
|-supereffective|p1a: Dragapult
|-damage|p1a: Dragapult|0 fnt
|faint|p1a: Dragapult
|
|upkeep
|
|switch|p1a: Flygon|Flygon, F|95/100
|-damage|p1a: Flygon|89/100|[from] Stealth Rock
|turn|18
|
|move|p1a: Flygon|Outrage|p2a: Dragapult
|-supereffective|p2a: Dragapult
|-damage|p2a: Dragapult|0 fnt
|faint|p2a: Dragapult
|
|win|Pixeldudeplays
|l|☆Vegeta1203
