|ScrapeTime|2020-01-01-11:25:06
|j|☆aeeaee
|j|☆Blinter
|player|p1|aeeaee|linebacker|1000
|player|p2|Blinter|184|1000
|teamsize|p1|6
|teamsize|p2|6
|gametype|singles
|gen|8
|tier|[Gen 8] OU
|rated|
|rule|Sleep Clause Mod: Limit one foe put to sleep
|rule|Species Clause: Limit one of each Pokémon
|rule|OHKO Clause: OHKO moves are banned
|rule|Evasion Moves Clause: Evasion moves are banned
|rule|Endless Battle Clause: Forcing endless battles is banned
|rule|HP Percentage Mod: HP is shown in percentages
|clearpoke
|poke|p1|Seismitoad, M|
|poke|p1|Dragapult, M|
|poke|p1|Hatterene, F|
|poke|p1|Corviknight, F|
|poke|p1|Hawlucha, M|
|poke|p1|Obstagoon, F|
|poke|p2|Ferrothorn, F|
|poke|p2|Toxapex, F|
|poke|p2|Cinderace, M|
|poke|p2|Dragapult, F|
|poke|p2|Ditto|
|poke|p2|Dugtrio, F|
|rule|Dynamax Clause: You cannot dynamax
|teampreview
|
|start
|switch|p1a: Dragapult|Dragapult, M|100/100
|switch|p2a: Me Gusta 🖕|Toxapex, F, shiny|100/100
|turn|1
|
|move|p1a: Dragapult|U-turn|p2a: Me Gusta 🖕
|-resisted|p2a: Me Gusta 🖕
|-damage|p2a: Me Gusta 🖕|95/100
|
|switch|p1a: Hatterene|Hatterene, F|100/100|[from]move: U-turn
|move|p2a: Me Gusta 🖕|Toxic|p1a: Hatterene
|move|p1a: Hatterene|Toxic|p2a: Me Gusta 🖕|[from]Magic Bounce
|-immune|p2a: Me Gusta 🖕
|
|-heal|p2a: Me Gusta 🖕|100/100|[from] item: Black Sludge
|upkeep
|turn|2
|
|switch|p2a: DEEEERP 🤯|Dragapult, F, shiny|100/100
|move|p1a: Hatterene|Thunder Wave|p2a: DEEEERP 🤯
|-status|p2a: DEEEERP 🤯|par
|
|upkeep
|turn|3
|
|switch|p1a: Obstagoon|Obstagoon, F|100/100
|move|p2a: DEEEERP 🤯|Shadow Ball|p1a: Obstagoon
|-immune|p1a: Obstagoon
|
|-status|p1a: Obstagoon|brn|[from] item: Flame Orb
|upkeep
|turn|4
|
|switch|p2a: Me Gusta 🖕|Toxapex, F, shiny|100/100
|move|p1a: Obstagoon|Knock Off|p2a: Me Gusta 🖕
|-crit|p2a: Me Gusta 🖕
|-damage|p2a: Me Gusta 🖕|28/100
|-enditem|p2a: Me Gusta 🖕|Black Sludge|[from] move: Knock Off|[of] p1a: Obstagoon
|
|-damage|p1a: Obstagoon|94/100 brn|[from] brn
|upkeep
|turn|5
|
|move|p1a: Obstagoon|Knock Off|p2a: Me Gusta 🖕
|-damage|p2a: Me Gusta 🖕|0 fnt
|faint|p2a: Me Gusta 🖕
|
|-damage|p1a: Obstagoon|88/100 brn|[from] brn
|upkeep
|
|switch|p2a: Dolan 🤣|Cinderace, M, shiny|100/100
|turn|6
|
|move|p1a: Obstagoon|Obstruct|p1a: Obstagoon
|-singleturn|p1a: Obstagoon|Protect
|move|p2a: Dolan 🤣|High Jump Kick|p1a: Obstagoon
|-activate|p1a: Obstagoon|move: Protect
|-unboost|p2a: Dolan 🤣|def|2
|-damage|p2a: Dolan 🤣|50/100|[from] highjumpkick
|
|-damage|p1a: Obstagoon|82/100 brn|[from] brn
|upkeep
|turn|7
|
|switch|p1a: Dragapult|Dragapult, M|100/100
|move|p2a: Dolan 🤣|High Jump Kick|p1a: Dragapult
|-immune|p1a: Dragapult
|-damage|p2a: Dolan 🤣|0 fnt|[from] highjumpkick
|faint|p2a: Dolan 🤣
|
|upkeep
|l|☆Blinter
|player|p2|
|inactive|Battle timer is ON: inactive players will automatically lose when time's up. (requested by aeeaee)
|inactive|Blinter has 30 seconds to reconnect!
|inactive|Blinter has 20 seconds to reconnect!
|inactive|Blinter has 15 seconds to reconnect!
|inactive|Blinter has 10 seconds to reconnect!
|inactive|Blinter has 5 seconds to reconnect!
|-message|Blinter lost due to inactivity.
|
|win|aeeaee
|raw|aeeaee's rating: 1000 → 1040(+40 for winning)
|raw|Blinter's rating: 1000 → 1000(+0 for losing)
