|ScrapeTime|2020-01-01-19:54:58
|j|☆Chosanam
|j|☆ikki1998
|player|p1|Chosanam|169|1123
|player|p2|ikki1998|266|1105
|teamsize|p1|6
|teamsize|p2|6
|gametype|singles
|gen|8
|tier|[Gen 8] OU
|rated|
|rule|Sleep Clause Mod: Limit one foe put to sleep
|rule|Species Clause: Limit one of each Pokémon
|rule|OHKO Clause: OHKO moves are banned
|rule|Evasion Moves Clause: Evasion moves are banned
|rule|Endless Battle Clause: Forcing endless battles is banned
|rule|HP Percentage Mod: HP is shown in percentages
|clearpoke
|poke|p1|Pelipper, M|
|poke|p1|Ferrothorn, F|
|poke|p1|Barraskewda, F|
|poke|p1|Seismitoad, M|
|poke|p1|Toxtricity, M|
|poke|p1|Ludicolo, M|
|poke|p2|Dracovish|
|poke|p2|Toxtricity-Low-Key, M|
|poke|p2|Gyarados, F|
|poke|p2|Mandibuzz, F|
|poke|p2|Galvantula, M|
|poke|p2|Cinderace, M|
|rule|Dynamax Clause: You cannot dynamax
|teampreview
|
|start
|switch|p1a: Seismitoad|Seismitoad, M|100/100
|switch|p2a: Galvantula|Galvantula, M|100/100
|turn|1
|inactive|Battle timer is ON: inactive players will automatically lose when time's up. (requested by ikki1998)
|
|move|p2a: Galvantula|Energy Ball|p1a: Seismitoad
|-supereffective|p1a: Seismitoad
|-damage|p1a: Seismitoad|0 fnt
|faint|p1a: Seismitoad
|
|upkeep
|
|switch|p1a: Pelipper|Pelipper, M|100/100
|-weather|RainDance|[from] ability: Drizzle|[of] p1a: Pelipper
|turn|2
|
|switch|p1a: Toxtricity|Toxtricity, M|100/100
|move|p2a: Galvantula|Thunder|p1a: Toxtricity
|-resisted|p1a: Toxtricity
|-damage|p1a: Toxtricity|65/100
|
|-weather|RainDance|[upkeep]
|upkeep
|turn|3
|
|move|p1a: Toxtricity|Boomburst|p2a: Galvantula
|-damage|p2a: Galvantula|2/100
|move|p2a: Galvantula|Sticky Web|p1a: Toxtricity
|-sidestart|p1: Chosanam|move: Sticky Web
|
|-weather|RainDance|[upkeep]
|upkeep
|turn|4
|
|move|p1a: Toxtricity|Boomburst|p2a: Galvantula
|-damage|p2a: Galvantula|0 fnt
|faint|p2a: Galvantula
|
|-weather|RainDance|[upkeep]
|upkeep
|
|switch|p2a: Mandibuzz|Mandibuzz, F|100/100
|turn|5
|inactive|Chosanam has 120 seconds left.
|
|switch|p1a: Pelipper|Pelipper, M|100/100
|move|p2a: Mandibuzz|Tailwind|p2a: Mandibuzz
|-sidestart|p2: ikki1998|move: Tailwind
|
|-weather|RainDance|[upkeep]
|upkeep
|turn|6
|inactive|Chosanam has 120 seconds left.
|
|switch|p2a: Dracovish|Dracovish|100/100
|move|p1a: Pelipper|Scald|p2a: Dracovish
|-resisted|p2a: Dracovish
|-damage|p2a: Dracovish|88/100
|
|-weather|RainDance|[upkeep]
|upkeep
|turn|7
|
|move|p2a: Dracovish|Fishious Rend|p1a: Pelipper
|-resisted|p1a: Pelipper
|-damage|p1a: Pelipper|44/100
|move|p1a: Pelipper|U-turn|p2a: Dracovish
|-damage|p2a: Dracovish|78/100
|
|switch|p1a: Toxtricity|Toxtricity, M|65/100|[from]move: U-turn
|-activate|p1a: Toxtricity|move: Sticky Web
|-unboost|p1a: Toxtricity|spe|1
|
|-weather|RainDance|[upkeep]
|upkeep
|turn|8
|
|move|p2a: Dracovish|Fishious Rend|p1a: Toxtricity
|-damage|p1a: Toxtricity|0 fnt
|faint|p1a: Toxtricity
|
|-weather|RainDance|[upkeep]
|-sideend|p2: ikki1998|move: Tailwind
|upkeep
|
|switch|p1a: Barraskewda|Barraskewda, F|100/100
|-activate|p1a: Barraskewda|move: Sticky Web
|-unboost|p1a: Barraskewda|spe|1
|turn|9
|
|move|p1a: Barraskewda|Close Combat|p2a: Dracovish
|-damage|p2a: Dracovish|18/100
|-unboost|p1a: Barraskewda|def|1
|-unboost|p1a: Barraskewda|spd|1
|-damage|p1a: Barraskewda|91/100|[from] item: Life Orb
|move|p2a: Dracovish|Fishious Rend|p1a: Barraskewda
|-resisted|p1a: Barraskewda
|-damage|p1a: Barraskewda|0 fnt
|faint|p1a: Barraskewda
|
|-weather|none
|upkeep
|l|☆Chosanam
|inactive|Chosanam disconnected and has a minute to reconnect!
|player|p1|
|inactive|Chosanam has 30 seconds to reconnect!
|inactive|Chosanam has 20 seconds to reconnect!
|inactive|Chosanam has 15 seconds to reconnect!
|inactive|Chosanam has 10 seconds to reconnect!
|inactive|Chosanam has 5 seconds to reconnect!
|-message|Chosanam lost due to inactivity.
|
|win|ikki1998
