|ScrapeTime|2020-01-01-14:02:24
|j|☆Nickri06
|j|☆Greattt!
|player|p1|Nickri06|170|1308
|player|p2|Greattt!|75|1304
|teamsize|p1|6
|teamsize|p2|6
|gametype|singles
|gen|8
|tier|[Gen 8] OU
|rated|
|rule|Sleep Clause Mod: Limit one foe put to sleep
|rule|Species Clause: Limit one of each Pokémon
|rule|OHKO Clause: OHKO moves are banned
|rule|Evasion Moves Clause: Evasion moves are banned
|rule|Endless Battle Clause: Forcing endless battles is banned
|rule|HP Percentage Mod: HP is shown in percentages
|clearpoke
|poke|p1|Grimmsnarl, M|
|poke|p1|Excadrill, M|
|poke|p1|Dracovish|
|poke|p1|Hatterene, F|
|poke|p1|Rotom-Heat|
|poke|p1|Dragapult, M|
|poke|p2|Obstagoon, M|
|poke|p2|Hydreigon, M|
|poke|p2|Seismitoad, F|
|poke|p2|Mew|
|poke|p2|Excadrill, M|
|poke|p2|Galvantula, F|
|rule|Dynamax Clause: You cannot dynamax
|teampreview
|
|start
|switch|p1a: Grimmsnarl|Grimmsnarl, M|100/100
|switch|p2a: Obstagoon|Obstagoon, M|100/100
|turn|1
|
|move|p1a: Grimmsnarl|Reflect|p1a: Grimmsnarl
|-sidestart|p1: Nickri06|Reflect
|move|p2a: Obstagoon|Parting Shot|p1a: Grimmsnarl
|-unboost|p1a: Grimmsnarl|atk|1
|-unboost|p1a: Grimmsnarl|spa|1
|
|switch|p2a: Galvantula|Galvantula, F|100/100|[from]move: Parting Shot
|
|upkeep
|turn|2
|
|switch|p1a: Hatterene|Hatterene, F|100/100
|move|p2a: Galvantula|Volt Switch|p1a: Hatterene
|-damage|p1a: Hatterene|69/100
|
|switch|p2a: Excadrill|Excadrill, M|100/100|[from]move: Volt Switch
|-ability|p2a: Excadrill|Mold Breaker
|
|-heal|p1a: Hatterene|75/100|[from] item: Leftovers
|upkeep
|turn|3
|
|switch|p1a: Dracovish|Dracovish|100/100
|move|p2a: Excadrill|Iron Head|p1a: Dracovish
|-resisted|p1a: Dracovish
|-damage|p1a: Dracovish|91/100
|
|upkeep
|turn|4
|
|switch|p2a: Seismitoad|Seismitoad, F|100/100
|move|p1a: Dracovish|Outrage|p2a: Seismitoad
|-damage|p2a: Seismitoad|41/100
|
|-heal|p2a: Seismitoad|47/100|[from] item: Leftovers
|upkeep
|turn|5
|
|move|p2a: Seismitoad|Protect|p2a: Seismitoad
|-singleturn|p2a: Seismitoad|Protect
|move|p1a: Dracovish|Outrage|p2a: Seismitoad|[from]lockedmove
|-activate|p2a: Seismitoad|move: Protect
|-start|p1a: Dracovish|confusion|[fatigue]
|
|-heal|p2a: Seismitoad|53/100|[from] item: Leftovers
|upkeep
|turn|6
|
|-activate|p1a: Dracovish|confusion
|move|p1a: Dracovish|Outrage|p2a: Seismitoad
|-damage|p2a: Seismitoad|0 fnt
|faint|p2a: Seismitoad
|
|upkeep
|
|switch|p2a: Mew|Mew|100/100
|turn|7
|
|move|p2a: Mew|Psychic|p1a: Dracovish
|-damage|p1a: Dracovish|52/100
|-activate|p1a: Dracovish|confusion
|-damage|p1a: Dracovish|36/100|[from] confusion
|
|upkeep
|turn|8
|
|move|p2a: Mew|Psychic|p1a: Dracovish
|-damage|p1a: Dracovish|0 fnt
|faint|p1a: Dracovish
|
|-sideend|p1: Nickri06|Reflect
|upkeep
|
|switch|p1a: Grimmsnarl|Grimmsnarl, M|100/100
|turn|9
|
|move|p1a: Grimmsnarl|Light Screen|p1a: Grimmsnarl
|-sidestart|p1: Nickri06|move: Light Screen
|move|p2a: Mew|Nasty Plot|p2a: Mew
|-boost|p2a: Mew|spa|2
|
|upkeep
|turn|10
|
|move|p2a: Mew|Ice Beam|p1a: Grimmsnarl
|-damage|p1a: Grimmsnarl|73/100
|move|p1a: Grimmsnarl|Darkest Lariat|p2a: Mew
|-supereffective|p2a: Mew
|-damage|p2a: Mew|0 fnt
|faint|p2a: Mew
|
|upkeep
|
|switch|p2a: Excadrill|Excadrill, M|100/100
|-ability|p2a: Excadrill|Mold Breaker
|turn|11
|
|move|p1a: Grimmsnarl|Reflect|p1a: Grimmsnarl
|-sidestart|p1: Nickri06|Reflect
|move|p2a: Excadrill|Iron Head|p1a: Grimmsnarl
|-supereffective|p1a: Grimmsnarl
|-damage|p1a: Grimmsnarl|16/100
|
|upkeep
|turn|12
|
|switch|p1a: Excadrill|Excadrill, M|100/100
|-ability|p1a: Excadrill|Mold Breaker
|move|p2a: Excadrill|Iron Head|p1a: Excadrill
|-resisted|p1a: Excadrill
|-damage|p1a: Excadrill|85/100
|
|upkeep
|turn|13
|
|switch|p2a: Galvantula|Galvantula, F|100/100
|move|p1a: Excadrill|Earthquake|p2a: Galvantula
|-enditem|p2a: Galvantula|Focus Sash
|-damage|p2a: Galvantula|1/100
|-damage|p1a: Excadrill|75/100|[from] item: Life Orb
|
|upkeep
|turn|14
|
|switch|p1a: Hatterene|Hatterene, F|75/100
|move|p2a: Galvantula|Volt Switch|p1a: Hatterene
|-damage|p1a: Hatterene|61/100
|
|switch|p2a: Excadrill|Excadrill, M|100/100|[from]move: Volt Switch
|-ability|p2a: Excadrill|Mold Breaker
|
|-heal|p1a: Hatterene|67/100|[from] item: Leftovers
|upkeep
|turn|15
|
|switch|p1a: Rotom|Rotom-Heat|100/100
|move|p2a: Excadrill|Earthquake|p1a: Rotom
|-supereffective|p1a: Rotom
|-damage|p1a: Rotom|0 fnt
|faint|p1a: Rotom
|
|upkeep
|
|switch|p1a: Excadrill|Excadrill, M|75/100
|-ability|p1a: Excadrill|Mold Breaker
|turn|16
|
|move|p2a: Excadrill|Earthquake|p1a: Excadrill
|-supereffective|p1a: Excadrill
|-damage|p1a: Excadrill|2/100
|move|p1a: Excadrill|Earthquake|p2a: Excadrill
|-supereffective|p2a: Excadrill
|-damage|p2a: Excadrill|0 fnt
|-damage|p1a: Excadrill|0 fnt|[from] item: Life Orb
|faint|p2a: Excadrill
|faint|p1a: Excadrill
|
|-sideend|p1: Nickri06|move: Light Screen
|upkeep
|
|switch|p1a: Grimmsnarl|Grimmsnarl, M|16/100
|switch|p2a: Galvantula|Galvantula, F|1/100
|turn|17
|
|move|p1a: Grimmsnarl|Light Screen|p1a: Grimmsnarl
|-sidestart|p1: Nickri06|move: Light Screen
|move|p2a: Galvantula|Thunder|p1a: Grimmsnarl
|-damage|p1a: Grimmsnarl|0 fnt
|faint|p1a: Grimmsnarl
|
|upkeep
|
|switch|p1a: Hatterene|Hatterene, F|67/100
|turn|18
|
|move|p2a: Galvantula|Thunder|p1a: Hatterene
|-damage|p1a: Hatterene|44/100
|-status|p1a: Hatterene|par
|cant|p1a: Hatterene|par
|
|-heal|p1a: Hatterene|50/100 par|[from] item: Leftovers
|-sideend|p1: Nickri06|Reflect
|upkeep
|turn|19
|
|move|p2a: Galvantula|Thunder|p1a: Hatterene|[miss]
|-miss|p2a: Galvantula|p1a: Hatterene
|move|p1a: Hatterene|Dazzling Gleam|p2a: Galvantula
|-damage|p2a: Galvantula|0 fnt
|faint|p2a: Galvantula
|
|-heal|p1a: Hatterene|56/100 par|[from] item: Leftovers
|upkeep
|
|switch|p2a: Obstagoon|Obstagoon, M|100/100
|turn|20
|
|move|p2a: Obstagoon|Gunk Shot|p1a: Hatterene
|-supereffective|p1a: Hatterene
|-damage|p1a: Hatterene|0 fnt
|faint|p1a: Hatterene
|
|-status|p2a: Obstagoon|brn|[from] item: Flame Orb
|upkeep
|
|switch|p1a: Dragapult|Dragapult, M|100/100
|turn|21
|
|move|p1a: Dragapult|Draco Meteor|p2a: Obstagoon
|-damage|p2a: Obstagoon|0 fnt
|-unboost|p1a: Dragapult|spa|2
|faint|p2a: Obstagoon
|
|upkeep
|
|switch|p2a: Hydreigon|Hydreigon, M|100/100
|turn|22
|
|move|p1a: Dragapult|Draco Meteor|p2a: Hydreigon|[miss]
|-miss|p1a: Dragapult|p2a: Hydreigon
|move|p2a: Hydreigon|Draco Meteor|p1a: Dragapult
|-supereffective|p1a: Dragapult
|-damage|p1a: Dragapult|7/100
|-unboost|p2a: Hydreigon|spa|2
|
|upkeep
|turn|23
|
|move|p1a: Dragapult|Draco Meteor|p2a: Hydreigon
|-supereffective|p2a: Hydreigon
|-damage|p2a: Hydreigon|10/100
|-unboost|p1a: Dragapult|spa|2
|move|p2a: Hydreigon|Draco Meteor|p1a: Dragapult
|-supereffective|p1a: Dragapult
|-damage|p1a: Dragapult|0 fnt
|-start|p2a: Hydreigon|Disable|Draco Meteor|[from] ability: Cursed Body|[of] p1a: Dragapult
|-unboost|p2a: Hydreigon|spa|2
|faint|p1a: Dragapult
|
|win|Greattt!
|raw|Nickri06's rating: 1331 → 1309(-22 for losing)
|raw|Greattt!'s rating: 1304 → 1325(+21 for winning)
