|ScrapeTime|2020-01-01-23:54:45
|j|☆JesusIsRealYOOO
|j|☆Lightningwolf115
|player|p1|JesusIsRealYOOO|23|1102
|player|p2|Lightningwolf115|1|1140
|teamsize|p1|6
|teamsize|p2|6
|gametype|singles
|gen|8
|tier|[Gen 8] OU
|rated|
|rule|Sleep Clause Mod: Limit one foe put to sleep
|rule|Species Clause: Limit one of each Pokémon
|rule|OHKO Clause: OHKO moves are banned
|rule|Evasion Moves Clause: Evasion moves are banned
|rule|Endless Battle Clause: Forcing endless battles is banned
|rule|HP Percentage Mod: HP is shown in percentages
|clearpoke
|poke|p1|Dragapult, F|
|poke|p1|Aegislash, F|
|poke|p1|Clefable, F|
|poke|p1|Toxtricity, F|
|poke|p1|Corviknight, M|
|poke|p1|Seismitoad, F|
|poke|p2|Grimmsnarl, M|
|poke|p2|Rotom-Heat|
|poke|p2|Mandibuzz, F|
|poke|p2|Dugtrio, F|
|poke|p2|Dhelmise|
|poke|p2|Mamoswine, M|
|rule|Dynamax Clause: You cannot dynamax
|teampreview
|
|start
|switch|p1a: Corviknight|Corviknight, M|100/100
|switch|p2a: Rotom|Rotom-Heat|100/100
|-ability|p1a: Corviknight|Pressure
|turn|1
|inactive|Battle timer is ON: inactive players will automatically lose when time's up. (requested by JesusIsRealYOOO)
|
|switch|p1a: Seismitoad|Seismitoad, F|100/100
|move|p2a: Rotom|Volt Switch|p1a: Seismitoad
|-immune|p1a: Seismitoad
|
|upkeep
|turn|2
|
|switch|p2a: Dhelmise|Dhelmise|100/100
|move|p1a: Seismitoad|Toxic|p2a: Dhelmise
|-status|p2a: Dhelmise|tox
|
|-damage|p2a: Dhelmise|94/100 tox|[from] psn
|upkeep
|turn|3
|
|move|p1a: Seismitoad|Protect|p1a: Seismitoad
|-singleturn|p1a: Seismitoad|Protect
|move|p2a: Dhelmise|Anchor Shot|p1a: Seismitoad
|-activate|p1a: Seismitoad|move: Protect
|
|-damage|p2a: Dhelmise|82/100 tox|[from] psn
|upkeep
|turn|4
|
|switch|p1a: Corviknight|Corviknight, M|100/100
|-ability|p1a: Corviknight|Pressure
|switch|p2a: Mandibuzz|Mandibuzz, F|100/100
|
|upkeep
|turn|5
|
|switch|p1a: Toxtricity|Toxtricity, F|100/100
|move|p2a: Mandibuzz|Foul Play|p1a: Toxtricity
|-damage|p1a: Toxtricity|60/100
|
|upkeep
|turn|6
|
|switch|p2a: Dhelmise|Dhelmise|82/100 tox
|move|p1a: Toxtricity|Boomburst|p2a: Dhelmise
|-immune|p2a: Dhelmise
|
|-damage|p2a: Dhelmise|76/100 tox|[from] psn
|upkeep
|turn|7
|
|switch|p1a: Corviknight|Corviknight, M|100/100
|-ability|p1a: Corviknight|Pressure
|move|p2a: Dhelmise|Anchor Shot|p1a: Corviknight
|-resisted|p1a: Corviknight
|-damage|p1a: Corviknight|84/100
|-activate|p1a: Corviknight|trapped
|
|-heal|p1a: Corviknight|91/100|[from] item: Leftovers
|-damage|p2a: Dhelmise|64/100 tox|[from] psn
|upkeep
|turn|8
|
|switch|p2a: Rotom|Rotom-Heat|100/100
|move|p1a: Corviknight|Iron Head|p2a: Rotom
|-resisted|p2a: Rotom
|-damage|p2a: Rotom|93/100
|
|-heal|p1a: Corviknight|97/100|[from] item: Leftovers
|upkeep
|turn|9
|
|switch|p1a: Seismitoad|Seismitoad, F|100/100
|move|p2a: Rotom|Overheat|p1a: Seismitoad|[miss]
|-miss|p2a: Rotom|p1a: Seismitoad
|
|upkeep
|turn|10
|
|switch|p2a: Grimmsnarl|Grimmsnarl, M|100/100
|move|p1a: Seismitoad|Stealth Rock|p2a: Grimmsnarl
|-sidestart|p2: Lightningwolf115|move: Stealth Rock
|
|upkeep
|turn|11
|
|switch|p1a: Toxtricity|Toxtricity, F|60/100
|move|p2a: Grimmsnarl|Reflect|p2a: Grimmsnarl
|-sidestart|p2: Lightningwolf115|Reflect
|
|upkeep
|turn|12
|
|move|p2a: Grimmsnarl|Light Screen|p2a: Grimmsnarl
|-sidestart|p2: Lightningwolf115|move: Light Screen
|move|p1a: Toxtricity|Sludge Wave|p2a: Grimmsnarl
|-supereffective|p2a: Grimmsnarl
|-damage|p2a: Grimmsnarl|45/100
|
|upkeep
|turn|13
|
|switch|p2a: Dhelmise|Dhelmise|64/100 tox
|-damage|p2a: Dhelmise|52/100 tox|[from] Stealth Rock
|move|p1a: Toxtricity|Sludge Wave|p2a: Dhelmise
|-damage|p2a: Dhelmise|27/100 tox
|
|-damage|p2a: Dhelmise|21/100 tox|[from] psn
|upkeep
|turn|14
|
|switch|p1a: Corviknight|Corviknight, M|97/100
|-ability|p1a: Corviknight|Pressure
|move|p2a: Dhelmise|Rapid Spin|p1a: Corviknight
|-resisted|p1a: Corviknight
|-damage|p1a: Corviknight|90/100
|-sideend|p2: Lightningwolf115|Stealth Rock|[from] move: Rapid Spin|[of] p2a: Dhelmise
|-boost|p2a: Dhelmise|spe|1
|
|-heal|p1a: Corviknight|96/100|[from] item: Leftovers
|-damage|p2a: Dhelmise|9/100 tox|[from] psn
|upkeep
|turn|15
|
|move|p2a: Dhelmise|Anchor Shot|p1a: Corviknight
|-resisted|p1a: Corviknight
|-crit|p1a: Corviknight
|-damage|p1a: Corviknight|70/100
|-activate|p1a: Corviknight|trapped
|move|p1a: Corviknight|Defog|p2a: Dhelmise
|-unboost|p2a: Dhelmise|evasion|1
|-sideend|p2: Lightningwolf115|Reflect
|-sideend|p2: Lightningwolf115|move: Light Screen
|
|-heal|p1a: Corviknight|77/100|[from] item: Leftovers
|-damage|p2a: Dhelmise|0 fnt|[from] psn
|faint|p2a: Dhelmise
|upkeep
|
|switch|p2a: Rotom|Rotom-Heat|93/100
|turn|16
|
|switch|p1a: Toxtricity|Toxtricity, F|60/100
|move|p2a: Rotom|Shadow Ball|p1a: Toxtricity
|-damage|p1a: Toxtricity|4/100
|
|upkeep
|turn|17
|
|move|p2a: Rotom|Shadow Ball|p1a: Toxtricity
|-damage|p1a: Toxtricity|0 fnt
|faint|p1a: Toxtricity
|
|upkeep
|
|switch|p1a: Seismitoad|Seismitoad, F|100/100
|turn|18
|
|switch|p2a: Mandibuzz|Mandibuzz, F|100/100
|move|p1a: Seismitoad|Stealth Rock|p2a: Mandibuzz
|-sidestart|p2: Lightningwolf115|move: Stealth Rock
|
|upkeep
|turn|19
|
|move|p2a: Mandibuzz|U-turn|p1a: Seismitoad
|-damage|p1a: Seismitoad|93/100
|inactive|Lightningwolf115 has 120 seconds left.
|
|switch|p2a: Rotom|Rotom-Heat|93/100|[from]move: U-turn
|-damage|p2a: Rotom|68/100|[from] Stealth Rock
|move|p1a: Seismitoad|Toxic|p2a: Rotom
|-status|p2a: Rotom|tox
|
|-heal|p1a: Seismitoad|99/100|[from] item: Leftovers
|-damage|p2a: Rotom|61/100 tox|[from] psn
|upkeep
|turn|20
|inactive|Lightningwolf115 has 120 seconds left.
|
|move|p1a: Seismitoad|Protect|p1a: Seismitoad
|-singleturn|p1a: Seismitoad|Protect
|move|p2a: Rotom|Shadow Ball|p1a: Seismitoad
|-activate|p1a: Seismitoad|move: Protect
|
|-heal|p1a: Seismitoad|100/100|[from] item: Leftovers
|-damage|p2a: Rotom|49/100 tox|[from] psn
|upkeep
|turn|21
|
|move|p2a: Rotom|Shadow Ball|p1a: Seismitoad
|-damage|p1a: Seismitoad|66/100
|-unboost|p1a: Seismitoad|spd|1
|move|p1a: Seismitoad|Scald|p2a: Rotom
|-supereffective|p2a: Rotom
|-damage|p2a: Rotom|0 fnt
|faint|p2a: Rotom
|
|-heal|p1a: Seismitoad|72/100|[from] item: Leftovers
|upkeep
|
|switch|p2a: Mandibuzz|Mandibuzz, F|100/100
|turn|22
|
|move|p2a: Mandibuzz|Defog|p1a: Seismitoad
|-unboost|p1a: Seismitoad|evasion|1
|-sideend|p2: Lightningwolf115|Stealth Rock|[from] move: Defog|[of] p2a: Mandibuzz
|move|p1a: Seismitoad|Toxic|p2a: Mandibuzz
|-status|p2a: Mandibuzz|tox
|
|-heal|p1a: Seismitoad|78/100|[from] item: Leftovers
|-damage|p2a: Mandibuzz|94/100 tox|[from] psn
|upkeep
|turn|23
|inactive|Lightningwolf115 has 120 seconds left.
|
|move|p2a: Mandibuzz|Foul Play|p1a: Seismitoad
|-damage|p1a: Seismitoad|59/100
|move|p1a: Seismitoad|Stealth Rock|p2a: Mandibuzz
|-sidestart|p2: Lightningwolf115|move: Stealth Rock
|
|-heal|p1a: Seismitoad|65/100|[from] item: Leftovers
|-damage|p2a: Mandibuzz|82/100 tox|[from] psn
|upkeep
|turn|24
|inactive|Lightningwolf115 has 120 seconds left.
|
|switch|p1a: Clefable|Clefable, F|100/100
|move|p2a: Mandibuzz|Defog|p1a: Clefable
|-unboost|p1a: Clefable|evasion|1
|-sideend|p2: Lightningwolf115|Stealth Rock|[from] move: Defog|[of] p2a: Mandibuzz
|
|-damage|p2a: Mandibuzz|64/100 tox|[from] psn
|upkeep
|turn|25
|inactive|Lightningwolf115 has 120 seconds left.
|
|move|p2a: Mandibuzz|U-turn|p1a: Clefable
|-resisted|p1a: Clefable
|-damage|p1a: Clefable|94/100
|
|switch|p2a: Mamoswine|Mamoswine, M|100/100|[from]move: U-turn
|move|p1a: Clefable|Moonblast|p2a: Mamoswine
|-damage|p2a: Mamoswine|17/100
|
|upkeep
|turn|26
|inactive|Lightningwolf115 has 120 seconds left.
|
|switch|p1a: Corviknight|Corviknight, M|77/100
|-ability|p1a: Corviknight|Pressure
|move|p2a: Mamoswine|Earthquake|p1a: Corviknight
|-immune|p1a: Corviknight
|
|-heal|p1a: Corviknight|83/100|[from] item: Leftovers
|upkeep
|turn|27
|inactive|Lightningwolf115 has 120 seconds left.
|
|move|p2a: Mamoswine|Icicle Crash|p1a: Corviknight
|-damage|p1a: Corviknight|53/100
|cant|p1a: Corviknight|flinch
|
|-heal|p1a: Corviknight|59/100|[from] item: Leftovers
|upkeep
|turn|28
|inactive|Lightningwolf115 has 120 seconds left.
|
|move|p2a: Mamoswine|Icicle Crash|p1a: Corviknight
|-damage|p1a: Corviknight|28/100
|move|p1a: Corviknight|Roost|p1a: Corviknight
|-heal|p1a: Corviknight|78/100
|-singleturn|p1a: Corviknight|move: Roost
|
|-heal|p1a: Corviknight|84/100|[from] item: Leftovers
|upkeep
|turn|29
|inactive|Lightningwolf115 has 120 seconds left.
|
|switch|p2a: Mandibuzz|Mandibuzz, F|64/100 tox
|move|p1a: Corviknight|Iron Head|p2a: Mandibuzz
|-damage|p2a: Mandibuzz|49/100 tox
|
|-heal|p1a: Corviknight|90/100|[from] item: Leftovers
|-damage|p2a: Mandibuzz|43/100 tox|[from] psn
|upkeep
|turn|30
|inactive|Lightningwolf115 has 120 seconds left.
|
|switch|p1a: Seismitoad|Seismitoad, F|65/100
|move|p2a: Mandibuzz|Foul Play|p1a: Seismitoad
|-damage|p1a: Seismitoad|46/100
|
|-heal|p1a: Seismitoad|52/100|[from] item: Leftovers
|-damage|p2a: Mandibuzz|31/100 tox|[from] psn
|upkeep
|turn|31
|inactive|Lightningwolf115 has 120 seconds left.
|
|switch|p2a: Dugtrio|Dugtrio, F|100/100
|move|p1a: Seismitoad|Stealth Rock|p2a: Dugtrio
|-sidestart|p2: Lightningwolf115|move: Stealth Rock
|
|-heal|p1a: Seismitoad|58/100|[from] item: Leftovers
|upkeep
|turn|32
|
|move|p1a: Seismitoad|Protect|p1a: Seismitoad
|-singleturn|p1a: Seismitoad|Protect
|move|p2a: Dugtrio|Earthquake|p1a: Seismitoad
|-activate|p1a: Seismitoad|move: Protect
|
|-heal|p1a: Seismitoad|65/100|[from] item: Leftovers
|upkeep
|turn|33
|inactive|Lightningwolf115 has 120 seconds left.
|
|move|p2a: Dugtrio|Earthquake|p1a: Seismitoad
|-damage|p1a: Seismitoad|14/100
|move|p1a: Seismitoad|Scald|p2a: Dugtrio
|-supereffective|p2a: Dugtrio
|-damage|p2a: Dugtrio|0 fnt
|faint|p2a: Dugtrio
|
|-heal|p1a: Seismitoad|20/100|[from] item: Leftovers
|upkeep
|
|switch|p2a: Mamoswine|Mamoswine, M|17/100
|-damage|p2a: Mamoswine|5/100|[from] Stealth Rock
|turn|34
|
|move|p2a: Mamoswine|Icicle Crash|p1a: Seismitoad
|-damage|p1a: Seismitoad|0 fnt
|faint|p1a: Seismitoad
|
|upkeep
|
|switch|p1a: Corviknight|Corviknight, M|90/100
|-ability|p1a: Corviknight|Pressure
|turn|35
|
|move|p2a: Mamoswine|Icicle Crash|p1a: Corviknight
|-damage|p1a: Corviknight|57/100
|cant|p1a: Corviknight|flinch
|
|-heal|p1a: Corviknight|63/100|[from] item: Leftovers
|upkeep
|turn|36
|
|move|p2a: Mamoswine|Icicle Crash|p1a: Corviknight
|-damage|p1a: Corviknight|32/100
|move|p1a: Corviknight|Iron Head|p2a: Mamoswine
|-supereffective|p2a: Mamoswine
|-damage|p2a: Mamoswine|0 fnt
|faint|p2a: Mamoswine
|
|-heal|p1a: Corviknight|38/100|[from] item: Leftovers
|upkeep
|inactive|Lightningwolf115 has 120 seconds left.
|
|switch|p2a: Grimmsnarl|Grimmsnarl, M|45/100
|-damage|p2a: Grimmsnarl|33/100|[from] Stealth Rock
|turn|37
|
|move|p2a: Grimmsnarl|Taunt|p1a: Corviknight
|-start|p1a: Corviknight|move: Taunt
|move|p1a: Corviknight|Iron Head|p2a: Grimmsnarl
|-supereffective|p2a: Grimmsnarl
|-damage|p2a: Grimmsnarl|0 fnt
|faint|p2a: Grimmsnarl
|
|-heal|p1a: Corviknight|44/100|[from] item: Leftovers
|upkeep
|
|switch|p2a: Mandibuzz|Mandibuzz, F|31/100 tox
|turn|38
|
|switch|p1a: Clefable|Clefable, F|94/100
|move|p2a: Mandibuzz|Foul Play|p1a: Clefable
|-resisted|p1a: Clefable
|-damage|p1a: Clefable|82/100
|
|-damage|p2a: Mandibuzz|25/100 tox|[from] psn
|upkeep
|turn|39
|inactive|Lightningwolf115 has 120 seconds left.
|
|move|p2a: Mandibuzz|Defog|p1a: Clefable
|-unboost|p1a: Clefable|evasion|1
|-sideend|p2: Lightningwolf115|Stealth Rock|[from] move: Defog|[of] p2a: Mandibuzz
|move|p1a: Clefable|Moonblast|p2a: Mandibuzz
|-supereffective|p2a: Mandibuzz
|-damage|p2a: Mandibuzz|0 fnt
|faint|p2a: Mandibuzz
|
|win|JesusIsRealYOOO
