|ScrapeTime|2020-01-01-06:15:17
|j|☆JIM7878
|j|☆MoonApathy
|player|p1|JIM7878|burglar|1096
|player|p2|MoonApathy|shadowtriad|1069
|teamsize|p1|6
|teamsize|p2|6
|gametype|singles
|gen|8
|tier|[Gen 8] OU
|rated|
|rule|Sleep Clause Mod: Limit one foe put to sleep
|rule|Species Clause: Limit one of each Pokémon
|rule|OHKO Clause: OHKO moves are banned
|rule|Evasion Moves Clause: Evasion moves are banned
|rule|Endless Battle Clause: Forcing endless battles is banned
|rule|HP Percentage Mod: HP is shown in percentages
|clearpoke
|poke|p1|Frosmoth, M|
|poke|p1|Aegislash, M|
|poke|p1|Excadrill, M|
|poke|p1|Coalossal, M|
|poke|p1|Tyranitar, M|
|poke|p1|Togekiss, M|
|poke|p2|Dracozolt|
|poke|p2|Rotom-Wash|
|poke|p2|Dracovish|
|poke|p2|Dragapult, F|
|poke|p2|Pelipper, M|
|poke|p2|Barraskewda, F|
|rule|Dynamax Clause: You cannot dynamax
|teampreview
|inactive|Battle timer is ON: inactive players will automatically lose when time's up. (requested by JIM7878)
|
|start
|switch|p1a: Togekiss|Togekiss, M|100/100
|switch|p2a: Pelipper|Pelipper, M, shiny|100/100
|-weather|RainDance|[from] ability: Drizzle|[of] p2a: Pelipper
|turn|1
|
|move|p1a: Togekiss|Air Slash|p2a: Pelipper
|-damage|p2a: Pelipper|43/100
|move|p2a: Pelipper|Hurricane|p1a: Togekiss
|-damage|p1a: Togekiss|66/100
|
|-weather|RainDance|[upkeep]
|-heal|p2a: Pelipper|49/100|[from] item: Leftovers
|upkeep
|turn|2
|
|switch|p2a: Dracozolt|Dracozolt|100/100
|move|p1a: Togekiss|Air Slash|p2a: Dracozolt
|-resisted|p2a: Dracozolt
|-damage|p2a: Dracozolt|73/100
|
|-weather|RainDance|[upkeep]
|upkeep
|turn|3
|
|switch|p1a: Excadrill|Excadrill, M|100/100
|-ability|p1a: Excadrill|Mold Breaker
|move|p2a: Dracozolt|Bolt Beak|p1a: Excadrill
|-immune|p1a: Excadrill
|
|-weather|RainDance|[upkeep]
|upkeep
|turn|4
|
|switch|p2a: Barraskewda|Barraskewda, F, shiny|100/100
|move|p1a: Excadrill|Rapid Spin|p2a: Barraskewda
|-damage|p2a: Barraskewda|63/100
|-boost|p1a: Excadrill|spe|1
|
|-weather|RainDance|[upkeep]
|upkeep
|turn|5
|
|move|p2a: Barraskewda|Liquidation|p1a: Excadrill
|-supereffective|p1a: Excadrill
|-enditem|p1a: Excadrill|Focus Sash
|-damage|p1a: Excadrill|1/100
|-unboost|p1a: Excadrill|def|1
|-damage|p2a: Barraskewda|53/100|[from] item: Life Orb
|move|p1a: Excadrill|Earthquake|p2a: Barraskewda
|-damage|p2a: Barraskewda|0 fnt
|faint|p2a: Barraskewda
|
|-weather|none
|upkeep
|
|switch|p2a: Pelipper|Pelipper, M, shiny|49/100
|-weather|RainDance|[from] ability: Drizzle|[of] p2a: Pelipper
|turn|6
|
|move|p1a: Excadrill|Rock Slide|p2a: Pelipper
|-supereffective|p2a: Pelipper
|-damage|p2a: Pelipper|8/100
|move|p2a: Pelipper|Surf|p1a: Excadrill
|-supereffective|p1a: Excadrill
|-damage|p1a: Excadrill|0 fnt
|faint|p1a: Excadrill
|
|-weather|RainDance|[upkeep]
|-heal|p2a: Pelipper|14/100|[from] item: Leftovers
|upkeep
|
|switch|p1a: Frosmoth|Frosmoth, M|100/100
|turn|7
|
|move|p1a: Frosmoth|Quiver Dance|p1a: Frosmoth
|-boost|p1a: Frosmoth|spa|1
|-boost|p1a: Frosmoth|spd|1
|-boost|p1a: Frosmoth|spe|1
|move|p2a: Pelipper|Roost|p2a: Pelipper
|-heal|p2a: Pelipper|64/100
|-singleturn|p2a: Pelipper|move: Roost
|
|-weather|RainDance|[upkeep]
|-heal|p2a: Pelipper|70/100|[from] item: Leftovers
|upkeep
|turn|8
|
|move|p1a: Frosmoth|Quiver Dance|p1a: Frosmoth
|-boost|p1a: Frosmoth|spa|1
|-boost|p1a: Frosmoth|spd|1
|-boost|p1a: Frosmoth|spe|1
|move|p2a: Pelipper|Hurricane|p1a: Frosmoth
|-supereffective|p1a: Frosmoth
|-damage|p1a: Frosmoth|74/100
|-start|p1a: Frosmoth|confusion
|
|-weather|RainDance|[upkeep]
|-heal|p2a: Pelipper|76/100|[from] item: Leftovers
|upkeep
|turn|9
|
|-activate|p1a: Frosmoth|confusion
|move|p1a: Frosmoth|Giga Drain|p2a: Pelipper
|-damage|p2a: Pelipper|5/100
|-heal|p1a: Frosmoth|100/100|[from] drain|[of] p2a: Pelipper
|move|p2a: Pelipper|U-turn|p1a: Frosmoth
|-damage|p1a: Frosmoth|86/100
|
|switch|p2a: Dragapult|Dragapult, F|100/100|[from]move: U-turn
|
|-weather|RainDance|[upkeep]
|upkeep
|turn|10
|
|move|p2a: Dragapult|Flamethrower|p1a: Frosmoth
|-supereffective|p1a: Frosmoth
|-damage|p1a: Frosmoth|67/100
|-status|p1a: Frosmoth|brn
|-activate|p1a: Frosmoth|confusion
|move|p1a: Frosmoth|Ice Beam|p2a: Dragapult
|-supereffective|p2a: Dragapult
|-damage|p2a: Dragapult|0 fnt
|faint|p2a: Dragapult
|
|-weather|none
|-damage|p1a: Frosmoth|61/100 brn|[from] brn
|upkeep
|
|switch|p2a: Dracovish|Dracovish|100/100
|turn|11
|
|-end|p1a: Frosmoth|confusion
|move|p1a: Frosmoth|Giga Drain|p2a: Dracovish
|-damage|p2a: Dracovish|32/100
|-heal|p1a: Frosmoth|99/100 brn|[from] drain|[of] p2a: Dracovish
|move|p2a: Dracovish|Fishious Rend|p1a: Frosmoth
|-damage|p1a: Frosmoth|10/100 brn
|
|-damage|p1a: Frosmoth|4/100 brn|[from] brn
|upkeep
|turn|12
|
|move|p1a: Frosmoth|Giga Drain|p2a: Dracovish
|-damage|p2a: Dracovish|0 fnt
|-heal|p1a: Frosmoth|22/100 brn|[from] drain|[of] p2a: Dracovish
|faint|p2a: Dracovish
|
|-damage|p1a: Frosmoth|16/100 brn|[from] brn
|upkeep
|
|switch|p2a: Dracozolt|Dracozolt|73/100
|turn|13
|
|move|p1a: Frosmoth|Ice Beam|p2a: Dracozolt
|-supereffective|p2a: Dracozolt
|-damage|p2a: Dracozolt|0 fnt
|faint|p2a: Dracozolt
|
|-damage|p1a: Frosmoth|10/100 brn|[from] brn
|upkeep
|
|switch|p2a: Pelipper|Pelipper, M, shiny|5/100
|-weather|RainDance|[from] ability: Drizzle|[of] p2a: Pelipper
|turn|14
|
|move|p1a: Frosmoth|Giga Drain|p2a: Pelipper
|-damage|p2a: Pelipper|0 fnt
|-heal|p1a: Frosmoth|12/100 brn|[from] drain|[of] p2a: Pelipper
|faint|p2a: Pelipper
|
|-weather|RainDance|[upkeep]
|-damage|p1a: Frosmoth|6/100 brn|[from] brn
|upkeep
|
|switch|p2a: Rotom|Rotom-Wash, shiny|100/100
|turn|15
|
|move|p1a: Frosmoth|Giga Drain|p2a: Rotom
|-supereffective|p2a: Rotom
|-damage|p2a: Rotom|0 fnt
|-heal|p1a: Frosmoth|49/100 brn|[from] drain|[of] p2a: Rotom
|faint|p2a: Rotom
|
|win|JIM7878
|raw|JIM7878's rating: 1096 → 1120(+24 for winning)
|raw|MoonApathy's rating: 1069 → 1050(-19 for losing)
|l|☆MoonApathy
