|ScrapeTime|2020-01-02-02:34:36
|j|☆necrozzz
|j|☆pastagirl
|player|p1|necrozzz|grimsley|1376
|player|p2|pastagirl|beauty-gen4dp|1347
|teamsize|p1|6
|teamsize|p2|6
|gametype|singles
|gen|8
|tier|[Gen 8] OU
|rated|
|rule|Sleep Clause Mod: Limit one foe put to sleep
|rule|Species Clause: Limit one of each Pokémon
|rule|OHKO Clause: OHKO moves are banned
|rule|Evasion Moves Clause: Evasion moves are banned
|rule|Endless Battle Clause: Forcing endless battles is banned
|rule|HP Percentage Mod: HP is shown in percentages
|clearpoke
|poke|p1|Dragapult, M|
|poke|p1|Bisharp, M|
|poke|p1|Vileplume, M|
|poke|p1|Noctowl, M|
|poke|p1|Rotom-Heat|
|poke|p1|Seismitoad, F|
|poke|p2|Togekiss, M|
|poke|p2|Mamoswine, F|
|poke|p2|Ferrothorn, M|
|poke|p2|Dracozolt|
|poke|p2|Conkeldurr, F|
|poke|p2|Toxapex, F|
|rule|Dynamax Clause: You cannot dynamax
|teampreview
|
|start
|switch|p1a: Rotom|Rotom-Heat|100/100
|switch|p2a: Togekiss|Togekiss, M|100/100
|turn|1
|inactive|Battle timer is ON: inactive players will automatically lose when time's up. (requested by necrozzz)
|
|switch|p2a: Mamoswine|Mamoswine, F|100/100
|move|p1a: Rotom|Nasty Plot|p1a: Rotom
|-boost|p1a: Rotom|spa|2
|
|upkeep
|turn|2
|
|move|p1a: Rotom|Overheat|p2a: Mamoswine
|-supereffective|p2a: Mamoswine
|-damage|p2a: Mamoswine|35/100
|-unboost|p1a: Rotom|spa|2
|move|p2a: Mamoswine|Stone Edge|p1a: Rotom
|-supereffective|p1a: Rotom
|-crit|p1a: Rotom
|-damage|p1a: Rotom|0 fnt
|faint|p1a: Rotom
|
|upkeep
|
|switch|p1a: Bisharp|Bisharp, M|100/100
|turn|3
|
|switch|p2a: Ferrothorn|Ferrothorn, M|100/100
|move|p1a: Bisharp|Sucker Punch||[still]
|-fail|p1a: Bisharp
|
|upkeep
|turn|4
|
|move|p1a: Bisharp|Low Kick|p2a: Ferrothorn
|-supereffective|p2a: Ferrothorn
|-damage|p2a: Ferrothorn|62/100
|-damage|p1a: Bisharp|88/100|[from] ability: Iron Barbs|[of] p2a: Ferrothorn
|move|p2a: Ferrothorn|Stealth Rock|p1a: Bisharp
|-sidestart|p1: necrozzz|move: Stealth Rock
|
|-heal|p2a: Ferrothorn|68/100|[from] item: Leftovers
|upkeep
|turn|5
|
|move|p1a: Bisharp|Low Kick|p2a: Ferrothorn
|-supereffective|p2a: Ferrothorn
|-damage|p2a: Ferrothorn|23/100
|-damage|p1a: Bisharp|76/100|[from] ability: Iron Barbs|[of] p2a: Ferrothorn
|move|p2a: Ferrothorn|Leech Seed|p1a: Bisharp|[miss]
|-miss|p2a: Ferrothorn|p1a: Bisharp
|
|-heal|p2a: Ferrothorn|29/100|[from] item: Leftovers
|upkeep
|turn|6
|
|switch|p2a: Togekiss|Togekiss, M|100/100
|move|p1a: Bisharp|Iron Head|p2a: Togekiss
|-supereffective|p2a: Togekiss
|-damage|p2a: Togekiss|0 fnt
|faint|p2a: Togekiss
|
|upkeep
|
|switch|p2a: Conkeldurr|Conkeldurr, F|100/100
|turn|7
|
|switch|p1a: Noctowl|Noctowl, M|100/100
|-damage|p1a: Noctowl|75/100|[from] Stealth Rock
|move|p2a: Conkeldurr|Earthquake|p1a: Noctowl
|-immune|p1a: Noctowl
|
|-heal|p1a: Noctowl|82/100|[from] item: Leftovers
|-status|p2a: Conkeldurr|brn|[from] item: Flame Orb
|upkeep
|turn|8
|
|move|p1a: Noctowl|Defog|p2a: Conkeldurr
|-unboost|p2a: Conkeldurr|evasion|1
|-sideend|p1: necrozzz|Stealth Rock|[from] move: Defog|[of] p1a: Noctowl
|move|p2a: Conkeldurr|Drain Punch|p1a: Noctowl
|-damage|p1a: Noctowl|0 fnt
|faint|p1a: Noctowl
|
|-damage|p2a: Conkeldurr|94/100 brn|[from] brn
|upkeep
|
|switch|p1a: Vileplume|Vileplume, M|100/100
|turn|9
|
|switch|p2a: Dracozolt|Dracozolt|100/100
|move|p1a: Vileplume|Leech Seed|p2a: Dracozolt
|-start|p2a: Dracozolt|move: Leech Seed
|
|-damage|p2a: Dracozolt|88/100|[from] Leech Seed|[of] p1a: Vileplume
|upkeep
|turn|10
|
|switch|p2a: Mamoswine|Mamoswine, F|35/100
|move|p1a: Vileplume|Toxic|p2a: Mamoswine
|-status|p2a: Mamoswine|tox
|
|-damage|p2a: Mamoswine|29/100 tox|[from] psn
|upkeep
|turn|11
|
|move|p1a: Vileplume|Giga Drain|p2a: Mamoswine
|-supereffective|p2a: Mamoswine
|-damage|p2a: Mamoswine|0 fnt
|faint|p2a: Mamoswine
|
|upkeep
|
|switch|p2a: Dracozolt|Dracozolt|88/100
|turn|12
|
|move|p2a: Dracozolt|Substitute|p2a: Dracozolt
|-start|p2a: Dracozolt|Substitute
|-damage|p2a: Dracozolt|63/100
|move|p1a: Vileplume|Toxic||[still]
|-fail|p1a: Vileplume
|
|upkeep
|turn|13
|
|move|p2a: Dracozolt|Fire Fang|p1a: Vileplume
|-supereffective|p1a: Vileplume
|-damage|p1a: Vileplume|49/100
|-status|p1a: Vileplume|brn
|move|p1a: Vileplume|Giga Drain|p2a: Dracozolt
|-resisted|p2a: Dracozolt
|-activate|p2a: Dracozolt|move: Substitute|[damage]
|-heal|p1a: Vileplume|58/100 brn|[from] drain|[of] p2a: Dracozolt
|
|-heal|p1a: Vileplume|64/100 brn|[from] item: Black Sludge
|-damage|p1a: Vileplume|58/100 brn|[from] brn
|upkeep
|turn|14
|
|switch|p1a: Seismitoad|Seismitoad, F|100/100
|move|p2a: Dracozolt|Fire Fang|p1a: Seismitoad
|-resisted|p1a: Seismitoad
|-damage|p1a: Seismitoad|83/100
|
|upkeep
|turn|15
|
|move|p2a: Dracozolt|Outrage|p1a: Seismitoad
|-damage|p1a: Seismitoad|0 fnt
|faint|p1a: Seismitoad
|
|upkeep
|
|switch|p1a: Bisharp|Bisharp, M|76/100
|turn|16
|
|move|p1a: Bisharp|Sucker Punch|p2a: Dracozolt
|-end|p2a: Dracozolt|Substitute
|move|p2a: Dracozolt|Outrage|p1a: Bisharp|[from]lockedmove
|-resisted|p1a: Bisharp
|-damage|p1a: Bisharp|28/100
|-start|p2a: Dracozolt|confusion|[fatigue]
|
|upkeep
|turn|17
|
|-activate|p2a: Dracozolt|confusion
|move|p2a: Dracozolt|Substitute|p2a: Dracozolt
|-start|p2a: Dracozolt|Substitute
|-damage|p2a: Dracozolt|38/100
|move|p1a: Bisharp|Low Kick|p2a: Dracozolt
|-end|p2a: Dracozolt|Substitute
|
|upkeep
|turn|18
|
|move|p1a: Bisharp|Sucker Punch|p2a: Dracozolt
|-damage|p2a: Dracozolt|0 fnt
|faint|p2a: Dracozolt
|
|upkeep
|
|switch|p2a: Conkeldurr|Conkeldurr, F|94/100 brn
|turn|19
|
|switch|p1a: Vileplume|Vileplume, M|58/100 brn
|move|p2a: Conkeldurr|Mach Punch|p1a: Vileplume
|-resisted|p1a: Vileplume
|-damage|p1a: Vileplume|41/100 brn
|
|-heal|p1a: Vileplume|47/100 brn|[from] item: Black Sludge
|-damage|p1a: Vileplume|41/100 brn|[from] brn
|-damage|p2a: Conkeldurr|88/100 brn|[from] brn
|upkeep
|turn|20
|
|move|p1a: Vileplume|Leech Seed|p2a: Conkeldurr|[miss]
|-miss|p1a: Vileplume|p2a: Conkeldurr
|move|p2a: Conkeldurr|Earthquake|p1a: Vileplume
|-damage|p1a: Vileplume|0 fnt
|faint|p1a: Vileplume
|
|-damage|p2a: Conkeldurr|82/100 brn|[from] brn
|upkeep
|
|switch|p1a: Dragapult|Dragapult, M|100/100
|turn|21
|
|move|p1a: Dragapult|Dragon Dance|p1a: Dragapult
|-boost|p1a: Dragapult|atk|1
|-boost|p1a: Dragapult|spe|1
|move|p2a: Conkeldurr|Earthquake|p1a: Dragapult
|-damage|p1a: Dragapult|12/100
|
|-damage|p2a: Conkeldurr|76/100 brn|[from] brn
|upkeep
|turn|22
|
|switch|p2a: Ferrothorn|Ferrothorn, M|29/100
|move|p1a: Dragapult|Dragon Claw|p2a: Ferrothorn
|-resisted|p2a: Ferrothorn
|-damage|p2a: Ferrothorn|10/100
|-damage|p1a: Dragapult|0 fnt|[from] ability: Iron Barbs|[of] p2a: Ferrothorn
|faint|p1a: Dragapult
|
|-heal|p2a: Ferrothorn|16/100|[from] item: Leftovers
|upkeep
|
|switch|p1a: Bisharp|Bisharp, M|28/100
|turn|23
|
|move|p1a: Bisharp|Low Kick|p2a: Ferrothorn
|-supereffective|p2a: Ferrothorn
|-damage|p2a: Ferrothorn|0 fnt
|-damage|p1a: Bisharp|16/100|[from] ability: Iron Barbs|[of] p2a: Ferrothorn
|faint|p2a: Ferrothorn
|
|upkeep
|
|switch|p2a: Conkeldurr|Conkeldurr, F|76/100 brn
|turn|24
|
|move|p1a: Bisharp|Sucker Punch|p2a: Conkeldurr
|-resisted|p2a: Conkeldurr
|-damage|p2a: Conkeldurr|55/100 brn
|move|p2a: Conkeldurr|Mach Punch|p1a: Bisharp
|-supereffective|p1a: Bisharp
|-damage|p1a: Bisharp|0 fnt
|faint|p1a: Bisharp
|
|win|pastagirl
|c|☆pastagirl|gg
|c|☆necrozzz|gg
|l|☆necrozzz
|raw|necrozzz's rating: 1376 → 1354(-22 for losing)
|raw|pastagirl's rating: 1347 → 1369(+22 for winning)
