|ScrapeTime|2020-01-01-15:45:32
|j|☆ObitoLaMala68
|j|☆NabilKaroui2
|player|p1|ObitoLaMala68|7|1317
|player|p2|NabilKaroui2|102|1281
|teamsize|p1|6
|teamsize|p2|6
|gametype|singles
|gen|8
|tier|[Gen 8] OU
|rated|
|rule|Sleep Clause Mod: Limit one foe put to sleep
|rule|Species Clause: Limit one of each Pokémon
|rule|OHKO Clause: OHKO moves are banned
|rule|Evasion Moves Clause: Evasion moves are banned
|rule|Endless Battle Clause: Forcing endless battles is banned
|rule|HP Percentage Mod: HP is shown in percentages
|clearpoke
|poke|p1|Dragapult, F|
|poke|p1|Excadrill, F|
|poke|p1|Dracovish|
|poke|p1|Orbeetle, M|
|poke|p1|Cinderace, F|
|poke|p1|Barraskewda, M|
|poke|p2|Toxapex, F|
|poke|p2|Toxtricity, F|
|poke|p2|Hydreigon, F|
|poke|p2|Corviknight, M|
|poke|p2|Clefable, M|
|poke|p2|Conkeldurr, M|
|rule|Dynamax Clause: You cannot dynamax
|teampreview
|inactive|Battle timer is ON: inactive players will automatically lose when time's up. (requested by ObitoLaMala68)
|
|start
|switch|p1a: Excadrill|Excadrill, F|100/100
|switch|p2a: Hydreigon|Hydreigon, F|100/100
|-ability|p1a: Excadrill|Mold Breaker
|turn|1
|
|move|p2a: Hydreigon|Dark Pulse|p1a: Excadrill
|-damage|p1a: Excadrill|46/100
|move|p1a: Excadrill|Stealth Rock|p2a: Hydreigon
|-sidestart|p2: NabilKaroui2|move: Stealth Rock
|
|upkeep
|turn|2
|
|move|p2a: Hydreigon|Dark Pulse|p1a: Excadrill
|-damage|p1a: Excadrill|0 fnt
|faint|p1a: Excadrill
|
|upkeep
|
|switch|p1a: Cinderace|Cinderace, F|100/100
|turn|3
|
|move|p2a: Hydreigon|Dark Pulse|p1a: Cinderace
|-damage|p1a: Cinderace|46/100
|move|p1a: Cinderace|High Jump Kick|p2a: Hydreigon
|-supereffective|p2a: Hydreigon
|-damage|p2a: Hydreigon|2/100
|
|upkeep
|turn|4
|
|switch|p1a: Orbeetle|Orbeetle, M|100/100
|-item|p2a: Hydreigon|Choice Scarf|[from] ability: Frisk|[of] p1a: Orbeetle|[identify]
|move|p2a: Hydreigon|Dark Pulse|p1a: Orbeetle
|-supereffective|p1a: Orbeetle
|-damage|p1a: Orbeetle|31/100
|
|upkeep
|turn|5
|l|☆ObitoLaMala68
|inactive|ObitoLaMala68 disconnected and has a minute to reconnect!
|player|p1|
|j|☆ObitoLaMala68
|inactive|ObitoLaMala68 reconnected and has 145 seconds left.
|player|p1|ObitoLaMala68|7
|
|move|p2a: Hydreigon|Dark Pulse|p1a: Orbeetle
|-supereffective|p1a: Orbeetle
|-damage|p1a: Orbeetle|0 fnt
|faint|p1a: Orbeetle
|
|upkeep
|
|switch|p1a: Barraskewda|Barraskewda, M|100/100
|turn|6
|
|move|p2a: Hydreigon|Dark Pulse|p1a: Barraskewda
|-crit|p1a: Barraskewda
|-damage|p1a: Barraskewda|0 fnt
|faint|p1a: Barraskewda
|
|upkeep
|
|switch|p1a: Dragapult|Dragapult, F|100/100
|turn|7
|
|move|p2a: Hydreigon|Dark Pulse|p1a: Dragapult
|-supereffective|p1a: Dragapult
|-damage|p1a: Dragapult|0 fnt
|faint|p1a: Dragapult
|
|upkeep
|
|switch|p1a: Dracovish|Dracovish|100/100
|turn|8
|
|move|p2a: Hydreigon|Dark Pulse|p1a: Dracovish
|-damage|p1a: Dracovish|45/100
|move|p1a: Dracovish|Fishious Rend|p2a: Hydreigon
|-resisted|p2a: Hydreigon
|-damage|p2a: Hydreigon|0 fnt
|faint|p2a: Hydreigon
|
|upkeep
|
|switch|p2a: Toxapex|Toxapex, F|100/100
|-damage|p2a: Toxapex|88/100|[from] Stealth Rock
|turn|9
|
|move|p2a: Toxapex|Baneful Bunker|p2a: Toxapex
|-singleturn|p2a: Toxapex|move: Protect
|move|p1a: Dracovish|Fishious Rend|p2a: Toxapex
|-activate|p2a: Toxapex|move: Protect
|-status|p1a: Dracovish|psn
|
|-heal|p2a: Toxapex|94/100|[from] item: Black Sludge
|-damage|p1a: Dracovish|33/100 psn|[from] psn
|upkeep
|turn|10
|-message|ObitoLaMala68 forfeited.
|
|win|NabilKaroui2
|l|☆ObitoLaMala68
|raw|ObitoLaMala68's rating: 1318 → 1296(-22 for losing)
|raw|NabilKaroui2's rating: 1281 → 1309(+28 for winning)
