|ScrapeTime|2020-01-01-13:45:13
|j|☆Barbar3d
|j|☆ExoceT974
|player|p1|Barbar3d|pokemaniac|1142
|player|p2|ExoceT974|101|1165
|teamsize|p1|6
|teamsize|p2|6
|gametype|singles
|gen|8
|tier|[Gen 8] OU
|rated|
|rule|Sleep Clause Mod: Limit one foe put to sleep
|rule|Species Clause: Limit one of each Pokémon
|rule|OHKO Clause: OHKO moves are banned
|rule|Evasion Moves Clause: Evasion moves are banned
|rule|Endless Battle Clause: Forcing endless battles is banned
|rule|HP Percentage Mod: HP is shown in percentages
|clearpoke
|poke|p1|Grimmsnarl, M|
|poke|p1|Indeedee, M|
|poke|p1|Obstagoon, M|
|poke|p1|Hawlucha, M|
|poke|p1|Corsola-Galar, F|
|poke|p1|Seismitoad, F|
|poke|p2|Toxapex, F|
|poke|p2|Dragapult, M|
|poke|p2|Dracozolt|
|poke|p2|Ditto|
|poke|p2|Gyarados, F|
|poke|p2|Corsola-Galar, F|
|rule|Dynamax Clause: You cannot dynamax
|teampreview
|
|start
|switch|p1a: Seismitoad|Seismitoad, F|100/100
|switch|p2a: Dracozolt|Dracozolt|100/100
|turn|1
|
|move|p2a: Dracozolt|Outrage|p1a: Seismitoad
|-damage|p1a: Seismitoad|43/100
|move|p1a: Seismitoad|Stealth Rock|p2a: Dracozolt
|-sidestart|p2: ExoceT974|move: Stealth Rock
|
|-heal|p1a: Seismitoad|49/100|[from] item: Leftovers
|upkeep
|turn|2
|
|switch|p1a: Corsola|Corsola-Galar, F|100/100
|move|p2a: Dracozolt|Outrage|p1a: Corsola|[from]lockedmove|[miss]
|-miss|p2a: Dracozolt|p1a: Corsola
|
|upkeep
|turn|3
|
|switch|p2a: Dragapult|Dragapult, M|100/100
|-damage|p2a: Dragapult|88/100|[from] Stealth Rock
|move|p1a: Corsola|Will-O-Wisp|p2a: Dragapult
|-status|p2a: Dragapult|brn
|
|-damage|p2a: Dragapult|82/100 brn|[from] brn
|upkeep
|turn|4
|
|switch|p1a: Obstagoon|Obstagoon, M|100/100
|move|p2a: Dragapult|Shadow Ball|p1a: Obstagoon
|-immune|p1a: Obstagoon
|
|-damage|p2a: Dragapult|76/100 brn|[from] brn
|-status|p1a: Obstagoon|brn|[from] item: Flame Orb
|upkeep
|turn|5
|
|switch|p2a: Corsola|Corsola-Galar, F, shiny|100/100
|-damage|p2a: Corsola|88/100|[from] Stealth Rock
|move|p1a: Obstagoon|Knock Off|p2a: Corsola
|-supereffective|p2a: Corsola
|-damage|p2a: Corsola|17/100
|-enditem|p2a: Corsola|Eviolite|[from] move: Knock Off|[of] p1a: Obstagoon
|
|-damage|p1a: Obstagoon|94/100 brn|[from] brn
|upkeep
|turn|6
|
|move|p1a: Obstagoon|Parting Shot|p2a: Corsola
|-unboost|p2a: Corsola|atk|1
|-unboost|p2a: Corsola|spa|1
|
|switch|p1a: Seismitoad|Seismitoad, F|49/100|[from]move: Parting Shot
|move|p2a: Corsola|Strength Sap|p1a: Seismitoad
|-unboost|p1a: Seismitoad|atk|1
|-heal|p2a: Corsola|87/100
|
|-heal|p1a: Seismitoad|55/100|[from] item: Leftovers
|upkeep
|turn|7
|
|move|p1a: Seismitoad|Toxic|p2a: Corsola
|-status|p2a: Corsola|tox
|move|p2a: Corsola|Stealth Rock|p1a: Seismitoad
|-sidestart|p1: Barbar3d|move: Stealth Rock
|
|-heal|p1a: Seismitoad|61/100|[from] item: Leftovers
|-damage|p2a: Corsola|81/100 tox|[from] psn
|upkeep
|turn|8
|
|switch|p1a: Grimmsnarl|Grimmsnarl, M|100/100
|-damage|p1a: Grimmsnarl|88/100|[from] Stealth Rock
|move|p2a: Corsola|Strength Sap|p1a: Grimmsnarl
|-unboost|p1a: Grimmsnarl|atk|1
|-heal|p2a: Corsola|100/100 tox
|
|-damage|p2a: Corsola|88/100 tox|[from] psn
|upkeep
|turn|9
|
|move|p1a: Grimmsnarl|Light Screen|p1a: Grimmsnarl
|-sidestart|p1: Barbar3d|move: Light Screen
|move|p2a: Corsola|Will-O-Wisp|p1a: Grimmsnarl
|-status|p1a: Grimmsnarl|brn
|
|-damage|p1a: Grimmsnarl|82/100 brn|[from] brn
|-damage|p2a: Corsola|70/100 tox|[from] psn
|upkeep
|turn|10
|
|switch|p2a: Dracozolt|Dracozolt|100/100
|-damage|p2a: Dracozolt|88/100|[from] Stealth Rock
|move|p1a: Grimmsnarl|Reflect|p1a: Grimmsnarl
|-sidestart|p1: Barbar3d|Reflect
|
|-damage|p1a: Grimmsnarl|76/100 brn|[from] brn
|upkeep
|turn|11
|
|move|p2a: Dracozolt|Bolt Beak|p1a: Grimmsnarl
|-damage|p1a: Grimmsnarl|11/100 brn
|move|p1a: Grimmsnarl|Spirit Break|p2a: Dracozolt
|-supereffective|p2a: Dracozolt
|-damage|p2a: Dracozolt|64/100
|-unboost|p2a: Dracozolt|spa|1
|
|-damage|p1a: Grimmsnarl|5/100 brn|[from] brn
|upkeep
|turn|12
|
|switch|p1a: Corsola|Corsola-Galar, F|100/100
|-damage|p1a: Corsola|88/100|[from] Stealth Rock
|move|p2a: Dracozolt|Bolt Beak|p1a: Corsola
|-damage|p1a: Corsola|59/100
|
|upkeep
|turn|13
|
|switch|p2a: Dragapult|Dragapult, M|76/100 brn
|-damage|p2a: Dragapult|64/100 brn|[from] Stealth Rock
|move|p1a: Corsola|Strength Sap|p2a: Dragapult
|-unboost|p2a: Dragapult|atk|1
|-heal|p1a: Corsola|100/100
|
|-damage|p2a: Dragapult|58/100 brn|[from] brn
|upkeep
|turn|14
|
|move|p2a: Dragapult|Draco Meteor|p1a: Corsola
|-damage|p1a: Corsola|34/100
|-unboost|p2a: Dragapult|spa|2
|move|p1a: Corsola|Will-O-Wisp|p2a: Dragapult
|-fail|p2a: Dragapult|brn
|
|-damage|p2a: Dragapult|52/100 brn|[from] brn
|upkeep
|turn|15
|-message|ExoceT974 forfeited.
|
|win|Barbar3d
|l|☆ExoceT974
|raw|Barbar3d's rating: 1142 → 1168(+26 for winning)
|raw|ExoceT974's rating: 1165 → 1138(-27 for losing)
