|ScrapeTime|2020-01-02-12:46:41
|j|☆Srdevil
|j|☆MeiKongTV
|player|p1|Srdevil|silver|1493
|player|p2|MeiKongTV|266|1532
|teamsize|p1|6
|teamsize|p2|6
|gametype|singles
|gen|8
|tier|[Gen 8] OU
|rated|
|rule|Sleep Clause Mod: Limit one foe put to sleep
|rule|Species Clause: Limit one of each Pokémon
|rule|OHKO Clause: OHKO moves are banned
|rule|Evasion Moves Clause: Evasion moves are banned
|rule|Endless Battle Clause: Forcing endless battles is banned
|rule|HP Percentage Mod: HP is shown in percentages
|clearpoke
|poke|p1|Hydreigon, M|
|poke|p1|Corviknight, M|
|poke|p1|Seismitoad, M|
|poke|p1|Corsola-Galar, M|
|poke|p1|Hatterene, F|
|poke|p1|Dragapult, M|
|poke|p2|Pelipper, M|
|poke|p2|Dracovish|
|poke|p2|Seismitoad, M|
|poke|p2|Ferrothorn, M|
|poke|p2|Crawdaunt, M|
|poke|p2|Barraskewda, M|
|rule|Dynamax Clause: You cannot dynamax
|teampreview
|inactive|Battle timer is ON: inactive players will automatically lose when time's up. (requested by Srdevil)
|
|start
|switch|p1a: Seismitoad|Seismitoad, M|100/100
|switch|p2a: Pelipper|Pelipper, M|100/100
|-weather|RainDance|[from] ability: Drizzle|[of] p2a: Pelipper
|turn|1
|
|switch|p2a: Ferrothorn|Ferrothorn, M|100/100
|move|p1a: Seismitoad|Toxic|p2a: Ferrothorn
|-immune|p2a: Ferrothorn
|
|-weather|RainDance|[upkeep]
|upkeep
|turn|2
|
|switch|p1a: Hatterene|Hatterene, F|100/100
|switch|p2a: Crawdaunt|Crawdaunt, M|100/100
|
|-weather|RainDance|[upkeep]
|upkeep
|turn|3
|
|move|p2a: Crawdaunt|Knock Off|p1a: Hatterene
|-damage|p1a: Hatterene|14/100
|-enditem|p1a: Hatterene|Leftovers|[from] move: Knock Off|[of] p2a: Crawdaunt
|move|p1a: Hatterene|Draining Kiss|p2a: Crawdaunt
|-supereffective|p2a: Crawdaunt
|-damage|p2a: Crawdaunt|20/100
|-heal|p1a: Hatterene|71/100|[from] drain|[of] p2a: Crawdaunt
|
|-weather|RainDance|[upkeep]
|upkeep
|turn|4
|inactive|MeiKongTV has 120 seconds left.
|
|switch|p2a: Seismitoad|Seismitoad, M|100/100
|move|p1a: Hatterene|Draining Kiss|p2a: Seismitoad
|-damage|p2a: Seismitoad|75/100
|-heal|p1a: Hatterene|92/100|[from] drain|[of] p2a: Seismitoad
|
|-weather|RainDance|[upkeep]
|upkeep
|turn|5
|inactive|MeiKongTV has 120 seconds left.
|
|move|p2a: Seismitoad|Hydro Pump|p1a: Hatterene
|-damage|p1a: Hatterene|6/100
|-damage|p2a: Seismitoad|65/100|[from] item: Life Orb
|move|p1a: Hatterene|Mystical Fire|p2a: Seismitoad
|-resisted|p2a: Seismitoad
|-damage|p2a: Seismitoad|59/100
|-unboost|p2a: Seismitoad|spa|1
|
|-weather|RainDance|[upkeep]
|upkeep
|turn|6
|
|switch|p1a: Corviknight|Corviknight, M|100/100
|-ability|p1a: Corviknight|Pressure
|move|p2a: Seismitoad|Earth Power|p1a: Corviknight
|-immune|p1a: Corviknight
|
|-weather|RainDance|[upkeep]
|upkeep
|turn|7
|
|move|p2a: Seismitoad|Stealth Rock|p1a: Corviknight
|-sidestart|p1: Srdevil|move: Stealth Rock
|move|p1a: Corviknight|U-turn|p2a: Seismitoad
|-damage|p2a: Seismitoad|41/100
|
|switch|p1a: Seismitoad|Seismitoad, M|100/100|[from]move: U-turn
|-damage|p1a: Seismitoad|94/100|[from] Stealth Rock
|
|-weather|RainDance|[upkeep]
|-heal|p1a: Seismitoad|100/100|[from] item: Leftovers
|upkeep
|turn|8
|
|move|p2a: Seismitoad|Earth Power|p1a: Seismitoad
|-damage|p1a: Seismitoad|74/100
|-damage|p2a: Seismitoad|31/100|[from] item: Life Orb
|move|p1a: Seismitoad|Stealth Rock|p2a: Seismitoad
|-sidestart|p2: MeiKongTV|move: Stealth Rock
|
|-weather|none
|-heal|p1a: Seismitoad|80/100|[from] item: Leftovers
|upkeep
|turn|9
|
|switch|p2a: Ferrothorn|Ferrothorn, M|100/100
|-damage|p2a: Ferrothorn|94/100|[from] Stealth Rock
|move|p1a: Seismitoad|Toxic|p2a: Ferrothorn
|-immune|p2a: Ferrothorn
|
|-heal|p1a: Seismitoad|86/100|[from] item: Leftovers
|-heal|p2a: Ferrothorn|100/100|[from] item: Leftovers
|upkeep
|turn|10
|
|switch|p1a: Corviknight|Corviknight, M|100/100
|-damage|p1a: Corviknight|88/100|[from] Stealth Rock
|-ability|p1a: Corviknight|Pressure
|move|p2a: Ferrothorn|Leech Seed|p1a: Corviknight
|-start|p1a: Corviknight|move: Leech Seed
|
|-heal|p1a: Corviknight|94/100|[from] item: Leftovers
|-damage|p1a: Corviknight|82/100|[from] Leech Seed|[of] p2a: Ferrothorn
|upkeep
|turn|11
|
|switch|p2a: Dracovish|Dracovish|100/100
|-damage|p2a: Dracovish|88/100|[from] Stealth Rock
|move|p1a: Corviknight|Defog|p2a: Dracovish
|-unboost|p2a: Dracovish|evasion|1
|-sideend|p2: MeiKongTV|Stealth Rock|[from] move: Defog|[of] p1a: Corviknight
|-sideend|p1: Srdevil|Stealth Rock|[from] move: Defog|[of] p1a: Corviknight
|
|-heal|p1a: Corviknight|88/100|[from] item: Leftovers
|-damage|p1a: Corviknight|75/100|[from] Leech Seed|[of] p2a: Dracovish
|-heal|p2a: Dracovish|100/100|[silent]
|upkeep
|turn|12
|
|switch|p1a: Seismitoad|Seismitoad, M|86/100
|move|p2a: Dracovish|Dragon Rush|p1a: Seismitoad
|-damage|p1a: Seismitoad|14/100
|
|-heal|p1a: Seismitoad|20/100|[from] item: Leftovers
|upkeep
|turn|13
|
|switch|p2a: Crawdaunt|Crawdaunt, M|20/100
|move|p1a: Seismitoad|Protect||[still]
|-fail|p1a: Seismitoad
|
|-heal|p1a: Seismitoad|26/100|[from] item: Leftovers
|upkeep
|turn|14
|
|switch|p1a: Corviknight|Corviknight, M|75/100
|-ability|p1a: Corviknight|Pressure
|move|p2a: Crawdaunt|Knock Off|p1a: Corviknight
|-damage|p1a: Corviknight|8/100
|-enditem|p1a: Corviknight|Leftovers|[from] move: Knock Off|[of] p2a: Crawdaunt
|
|upkeep
|turn|15
|
|move|p2a: Crawdaunt|Knock Off|p1a: Corviknight
|-damage|p1a: Corviknight|0 fnt
|faint|p1a: Corviknight
|
|upkeep
|
|switch|p1a: Hydreigon|Hydreigon, M|100/100
|turn|16
|
|move|p1a: Hydreigon|Substitute|p1a: Hydreigon
|-start|p1a: Hydreigon|Substitute
|-damage|p1a: Hydreigon|76/100
|move|p2a: Crawdaunt|Knock Off|p1a: Hydreigon
|-resisted|p1a: Hydreigon
|-end|p1a: Hydreigon|Substitute
|
|-heal|p1a: Hydreigon|82/100|[from] item: Leftovers
|upkeep
|turn|17
|
|move|p1a: Hydreigon|Dark Pulse|p2a: Crawdaunt
|-resisted|p2a: Crawdaunt
|-damage|p2a: Crawdaunt|0 fnt
|faint|p2a: Crawdaunt
|
|-heal|p1a: Hydreigon|88/100|[from] item: Leftovers
|upkeep
|
|switch|p2a: Dracovish|Dracovish|100/100
|turn|18
|
|switch|p1a: Hatterene|Hatterene, F|6/100
|move|p2a: Dracovish|Dragon Rush|p1a: Hatterene
|-immune|p1a: Hatterene
|
|upkeep
|turn|19
|
|switch|p2a: Seismitoad|Seismitoad, M|31/100
|move|p1a: Hatterene|Nuzzle|p2a: Seismitoad
|-immune|p2a: Seismitoad
|
|upkeep
|turn|20
|
|move|p2a: Seismitoad|Earth Power|p1a: Hatterene
|-damage|p1a: Hatterene|0 fnt
|-damage|p2a: Seismitoad|21/100|[from] item: Life Orb
|faint|p1a: Hatterene
|
|upkeep
|
|switch|p1a: Hydreigon|Hydreigon, M|88/100
|turn|21
|
|move|p1a: Hydreigon|Substitute|p1a: Hydreigon
|-start|p1a: Hydreigon|Substitute
|-damage|p1a: Hydreigon|63/100
|move|p2a: Seismitoad|Focus Blast|p1a: Hydreigon|[miss]
|-miss|p2a: Seismitoad|p1a: Hydreigon
|
|-heal|p1a: Hydreigon|69/100|[from] item: Leftovers
|upkeep
|turn|22
|
|move|p1a: Hydreigon|Nasty Plot|p1a: Hydreigon
|-boost|p1a: Hydreigon|spa|2
|move|p2a: Seismitoad|Focus Blast|p1a: Hydreigon|[miss]
|-miss|p2a: Seismitoad|p1a: Hydreigon
|
|-heal|p1a: Hydreigon|75/100|[from] item: Leftovers
|upkeep
|turn|23
|
|move|p1a: Hydreigon|Dark Pulse|p2a: Seismitoad
|-damage|p2a: Seismitoad|0 fnt
|faint|p2a: Seismitoad
|
|-heal|p1a: Hydreigon|81/100|[from] item: Leftovers
|upkeep
|
|switch|p2a: Ferrothorn|Ferrothorn, M|100/100
|turn|24
|
|move|p1a: Hydreigon|Flamethrower|p2a: Ferrothorn
|-supereffective|p2a: Ferrothorn
|-damage|p2a: Ferrothorn|0 fnt
|faint|p2a: Ferrothorn
|
|-heal|p1a: Hydreigon|88/100|[from] item: Leftovers
|upkeep
|
|switch|p2a: Pelipper|Pelipper, M|100/100
|-weather|RainDance|[from] ability: Drizzle|[of] p2a: Pelipper
|turn|25
|
|move|p1a: Hydreigon|Dark Pulse|p2a: Pelipper
|-damage|p2a: Pelipper|0 fnt
|faint|p2a: Pelipper
|
|-weather|RainDance|[upkeep]
|-heal|p1a: Hydreigon|94/100|[from] item: Leftovers
|upkeep
|
|switch|p2a: Dracovish|Dracovish|100/100
|turn|26
|
|move|p1a: Hydreigon|Dark Pulse|p2a: Dracovish
|-damage|p2a: Dracovish|0 fnt
|faint|p2a: Dracovish
|
|-weather|RainDance|[upkeep]
|-heal|p1a: Hydreigon|99/100|[from] item: Leftovers
|upkeep
|-message|MeiKongTV forfeited.
|
|win|Srdevil
|l|☆MeiKongTV
|c|☆Srdevil|Gg
|raw|Srdevil's rating: 1471 → 1494(+23 for winning)
|raw|MeiKongTV's rating: 1532 → 1508(-24 for losing)
