|ScrapeTime|2020-01-02-15:45:00
|j|☆Zedoge
|j|☆jaszczurowski
|player|p1|Zedoge|red|1077
|player|p2|jaszczurowski|gambler|1082
|teamsize|p1|6
|teamsize|p2|6
|gametype|singles
|gen|8
|tier|[Gen 8] OU
|rated|
|rule|Sleep Clause Mod: Limit one foe put to sleep
|rule|Species Clause: Limit one of each Pokémon
|rule|OHKO Clause: OHKO moves are banned
|rule|Evasion Moves Clause: Evasion moves are banned
|rule|Endless Battle Clause: Forcing endless battles is banned
|rule|HP Percentage Mod: HP is shown in percentages
|clearpoke
|poke|p1|Ferrothorn, M|
|poke|p1|Dragapult, M|
|poke|p1|Mimikyu, F|
|poke|p1|Inteleon, F|
|poke|p1|Ditto|
|poke|p1|Toxapex, F|
|poke|p2|Dragapult, F|
|poke|p2|Corviknight, F|
|poke|p2|Dracovish|
|poke|p2|Rotom-Wash|
|poke|p2|Mimikyu, M|
|poke|p2|Flapple, M|
|rule|Dynamax Clause: You cannot dynamax
|teampreview
|
|start
|switch|p1a: Ferrothorn|Ferrothorn, M|100/100
|switch|p2a: Rotom|Rotom-Wash, shiny|100/100
|turn|1
|
|move|p2a: Rotom|Volt Switch|p1a: Ferrothorn
|-resisted|p1a: Ferrothorn
|-damage|p1a: Ferrothorn|90/100
|
|switch|p2a: Dragapult|Dragapult, F|100/100|[from]move: Volt Switch
|move|p1a: Ferrothorn|Stealth Rock|p2a: Dragapult
|-sidestart|p2: jaszczurowski|move: Stealth Rock
|
|upkeep
|turn|2
|
|switch|p1a: Toxapex|Toxapex, F|100/100
|move|p2a: Dragapult|Flamethrower|p1a: Toxapex
|-resisted|p1a: Toxapex
|-damage|p1a: Toxapex|93/100
|
|-heal|p1a: Toxapex|99/100|[from] item: Black Sludge
|upkeep
|turn|3
|
|switch|p2a: Rotom|Rotom-Wash, shiny|100/100
|-damage|p2a: Rotom|88/100|[from] Stealth Rock
|move|p1a: Toxapex|Baneful Bunker||[still]
|-fail|p1a: Toxapex
|
|-heal|p1a: Toxapex|100/100|[from] item: Black Sludge
|upkeep
|turn|4
|
|move|p2a: Rotom|Discharge|p1a: Toxapex
|-supereffective|p1a: Toxapex
|-damage|p1a: Toxapex|57/100
|-status|p1a: Toxapex|par
|cant|p1a: Toxapex|par
|
|-heal|p1a: Toxapex|64/100 par|[from] item: Black Sludge
|upkeep
|turn|5
|
|switch|p1a: Ditto|Ditto|100/100
|-transform|p1a: Ditto|p2a: Rotom|[from] ability: Imposter
|move|p2a: Rotom|Discharge|p1a: Ditto
|-damage|p1a: Ditto|62/100
|
|upkeep
|turn|6
|
|switch|p2a: Flapple|Flapple, M|100/100
|-damage|p2a: Flapple|88/100|[from] Stealth Rock
|move|p1a: Ditto|Discharge|p2a: Flapple
|-resisted|p2a: Flapple
|-damage|p2a: Flapple|75/100
|
|upkeep
|turn|7
|
|move|p1a: Ditto|Volt Switch|p2a: Flapple
|-resisted|p2a: Flapple
|-damage|p2a: Flapple|65/100
|
|switch|p1a: Mimikyu|Mimikyu, F|100/100|[from]move: Volt Switch
|move|p2a: Flapple|Grav Apple|p1a: Mimikyu|[miss]
|-miss|p2a: Flapple|p1a: Mimikyu
|
|upkeep
|turn|8
|
|move|p1a: Mimikyu|Swords Dance|p1a: Mimikyu
|-boost|p1a: Mimikyu|atk|2
|move|p2a: Flapple|Dragon Dance|p2a: Flapple
|-boost|p2a: Flapple|atk|1
|-boost|p2a: Flapple|spe|1
|
|upkeep
|turn|9
|
|move|p2a: Flapple|Dragon Dance|p2a: Flapple
|-boost|p2a: Flapple|atk|1
|-boost|p2a: Flapple|spe|1
|move|p1a: Mimikyu|Play Rough|p2a: Flapple
|-supereffective|p2a: Flapple
|-damage|p2a: Flapple|0 fnt
|-damage|p1a: Mimikyu|91/100|[from] item: Life Orb
|faint|p2a: Flapple
|
|upkeep
|
|switch|p2a: Mimikyu|Mimikyu, M, shiny|100/100
|-damage|p2a: Mimikyu|88/100|[from] Stealth Rock
|turn|10
|
|move|p2a: Mimikyu|Shadow Sneak|p1a: Mimikyu
|-activate|p1a: Mimikyu|ability: Disguise
|-damage|p1a: Mimikyu|91/100
|detailschange|p1a: Mimikyu|Mimikyu-Busted, F
|-damage|p1a: Mimikyu|78/100|[from] ability: Disguise|[of] p1a: Mimikyu
|-damage|p2a: Mimikyu|78/100|[from] item: Life Orb
|move|p1a: Mimikyu|Shadow Claw|p2a: Mimikyu
|-activate|p2a: Mimikyu|ability: Disguise
|-damage|p2a: Mimikyu|78/100
|detailschange|p2a: Mimikyu|Mimikyu-Busted, M, shiny
|-damage|p2a: Mimikyu|66/100|[from] ability: Disguise|[of] p2a: Mimikyu
|-damage|p1a: Mimikyu|68/100|[from] item: Life Orb
|
|upkeep
|turn|11
|
|switch|p1a: Ferrothorn|Ferrothorn, M|90/100
|move|p2a: Mimikyu|Shadow Claw|p1a: Ferrothorn
|-damage|p1a: Ferrothorn|63/100
|-damage|p2a: Mimikyu|53/100|[from] ability: Iron Barbs|[of] p1a: Ferrothorn
|-damage|p2a: Mimikyu|37/100|[from] item: Rocky Helmet|[of] p1a: Ferrothorn
|-damage|p2a: Mimikyu|27/100|[from] item: Life Orb
|
|upkeep
|turn|12
|
|switch|p2a: Dragapult|Dragapult, F|100/100
|-damage|p2a: Dragapult|88/100|[from] Stealth Rock
|move|p1a: Ferrothorn|Leech Seed|p2a: Dragapult
|-start|p2a: Dragapult|move: Leech Seed
|
|-damage|p2a: Dragapult|76/100|[from] Leech Seed|[of] p1a: Ferrothorn
|-heal|p1a: Ferrothorn|75/100|[silent]
|upkeep
|turn|13
|
|move|p1a: Ferrothorn|Protect|p1a: Ferrothorn
|-singleturn|p1a: Ferrothorn|Protect
|move|p2a: Dragapult|Flamethrower|p1a: Ferrothorn
|-activate|p1a: Ferrothorn|move: Protect
|
|-damage|p2a: Dragapult|64/100|[from] Leech Seed|[of] p1a: Ferrothorn
|-heal|p1a: Ferrothorn|87/100|[silent]
|upkeep
|turn|14
|
|switch|p1a: Toxapex|Toxapex, F|64/100 par
|move|p2a: Dragapult|Flamethrower|p1a: Toxapex
|-resisted|p1a: Toxapex
|-damage|p1a: Toxapex|56/100 par
|
|-heal|p1a: Toxapex|62/100 par|[from] item: Black Sludge
|-damage|p2a: Dragapult|51/100|[from] Leech Seed|[of] p1a: Toxapex
|-heal|p1a: Toxapex|76/100 par|[silent]
|upkeep
|turn|15
|
|switch|p2a: Rotom|Rotom-Wash, shiny|88/100
|-damage|p2a: Rotom|75/100|[from] Stealth Rock
|move|p1a: Toxapex|Baneful Bunker||[still]
|-fail|p1a: Toxapex
|
|-heal|p1a: Toxapex|82/100 par|[from] item: Black Sludge
|upkeep
|turn|16
|
|cant|p1a: Toxapex|par
|move|p2a: Rotom|Discharge|p1a: Toxapex
|-supereffective|p1a: Toxapex
|-damage|p1a: Toxapex|41/100 par
|
|-heal|p1a: Toxapex|47/100 par|[from] item: Black Sludge
|upkeep
|turn|17
|
|switch|p1a: Ferrothorn|Ferrothorn, M|87/100
|move|p2a: Rotom|Discharge|p1a: Ferrothorn
|-resisted|p1a: Ferrothorn
|-damage|p1a: Ferrothorn|76/100
|-status|p1a: Ferrothorn|par
|
|upkeep
|turn|18
|
|move|p2a: Rotom|Discharge|p1a: Ferrothorn
|-resisted|p1a: Ferrothorn
|-damage|p1a: Ferrothorn|63/100 par
|move|p1a: Ferrothorn|Toxic|p2a: Rotom
|-status|p2a: Rotom|tox
|
|-damage|p2a: Rotom|69/100 tox|[from] psn
|upkeep
|turn|19
|
|move|p2a: Rotom|Discharge|p1a: Ferrothorn
|-resisted|p1a: Ferrothorn
|-damage|p1a: Ferrothorn|51/100 par
|move|p1a: Ferrothorn|Leech Seed|p2a: Rotom
|-start|p2a: Rotom|move: Leech Seed
|
|-damage|p2a: Rotom|57/100 tox|[from] Leech Seed|[of] p1a: Ferrothorn
|-heal|p1a: Ferrothorn|62/100 par|[silent]
|-damage|p2a: Rotom|44/100 tox|[from] psn
|upkeep
|turn|20
|
|switch|p2a: Dragapult|Dragapult, F|51/100
|-damage|p2a: Dragapult|39/100|[from] Stealth Rock
|cant|p1a: Ferrothorn|par
|
|upkeep
|turn|21
|
|switch|p1a: Toxapex|Toxapex, F|47/100 par
|move|p2a: Dragapult|Dragon Darts|p1a: Toxapex
|-damage|p1a: Toxapex|22/100 par
|-damage|p1a: Toxapex|0 fnt
|-hitcount|p1a: Toxapex|2
|faint|p1a: Toxapex
|
|upkeep
|
|switch|p1a: Dragapult|Dragapult, M|100/100
|turn|22
|
|move|p2a: Dragapult|Dragon Darts|p1a: Dragapult
|-supereffective|p1a: Dragapult
|-damage|p1a: Dragapult|8/100
|-supereffective|p1a: Dragapult
|-damage|p1a: Dragapult|0 fnt
|-hitcount|p1a: Dragapult|2
|faint|p1a: Dragapult
|
|upkeep
|
|switch|p1a: Ditto|Ditto|62/100
|-transform|p1a: Ditto|p2a: Dragapult|[from] ability: Imposter
|turn|23
|
|move|p1a: Ditto|Phantom Force||[still]
|-prepare|p1a: Ditto|Phantom Force|p2a: Dragapult
|-enditem|p1a: Ditto|Power Herb
|-anim|p1a: Ditto|Phantom Force|p2a: Dragapult
|-supereffective|p2a: Dragapult
|-crit|p2a: Dragapult
|-damage|p2a: Dragapult|0 fnt
|faint|p2a: Dragapult
|
|upkeep
|
|switch|p2a: Mimikyu|Mimikyu-Busted, M, shiny|27/100
|-damage|p2a: Mimikyu|15/100|[from] Stealth Rock
|turn|24
|
|move|p2a: Mimikyu|Shadow Sneak|p1a: Ditto
|-supereffective|p1a: Ditto
|-damage|p1a: Ditto|0 fnt
|-damage|p2a: Mimikyu|5/100|[from] item: Life Orb
|faint|p1a: Ditto
|
|upkeep
|
|switch|p1a: Ferrothorn|Ferrothorn, M|62/100 par
|turn|25
|
|move|p2a: Mimikyu|Shadow Sneak|p1a: Ferrothorn
|-damage|p1a: Ferrothorn|49/100 par
|-damage|p2a: Mimikyu|0 fnt|[from] ability: Iron Barbs|[of] p1a: Ferrothorn
|faint|p2a: Mimikyu
|cant|p1a: Ferrothorn|par
|
|upkeep
|
|switch|p2a: Rotom|Rotom-Wash, shiny|44/100 tox
|-damage|p2a: Rotom|32/100 tox|[from] Stealth Rock
|turn|26
|
|move|p2a: Rotom|Shadow Ball|p1a: Ferrothorn
|-damage|p1a: Ferrothorn|33/100 par
|move|p1a: Ferrothorn|Leech Seed|p2a: Rotom
|-start|p2a: Rotom|move: Leech Seed
|
|-damage|p2a: Rotom|19/100 tox|[from] Leech Seed|[of] p1a: Ferrothorn
|-heal|p1a: Ferrothorn|44/100 par|[silent]
|-damage|p2a: Rotom|13/100 tox|[from] psn
|upkeep
|turn|27
|
|switch|p2a: Corviknight|Corviknight, F|100/100
|-damage|p2a: Corviknight|88/100|[from] Stealth Rock
|-ability|p2a: Corviknight|Pressure
|move|p1a: Ferrothorn|Protect||[still]
|-fail|p1a: Ferrothorn
|
|-heal|p2a: Corviknight|94/100|[from] item: Leftovers
|upkeep
|turn|28
|
|move|p2a: Corviknight|Iron Defense|p2a: Corviknight
|-boost|p2a: Corviknight|def|2
|move|p1a: Ferrothorn|Leech Seed|p2a: Corviknight|[miss]
|-miss|p1a: Ferrothorn|p2a: Corviknight
|
|-heal|p2a: Corviknight|100/100|[from] item: Leftovers
|upkeep
|turn|29
|
|move|p2a: Corviknight|Brave Bird|p1a: Ferrothorn
|-damage|p1a: Ferrothorn|21/100 par
|-damage|p2a: Corviknight|88/100|[from] ability: Iron Barbs|[of] p1a: Ferrothorn
|-damage|p2a: Corviknight|71/100|[from] item: Rocky Helmet|[of] p1a: Ferrothorn
|-damage|p2a: Corviknight|65/100|[from] Recoil
|move|p1a: Ferrothorn|Leech Seed|p2a: Corviknight
|-start|p2a: Corviknight|move: Leech Seed
|
|-heal|p2a: Corviknight|71/100|[from] item: Leftovers
|-damage|p2a: Corviknight|59/100|[from] Leech Seed|[of] p1a: Ferrothorn
|-heal|p1a: Ferrothorn|37/100 par|[silent]
|upkeep
|turn|30
|
|move|p2a: Corviknight|Brave Bird|p1a: Ferrothorn
|-damage|p1a: Ferrothorn|14/100 par
|-damage|p2a: Corviknight|46/100|[from] ability: Iron Barbs|[of] p1a: Ferrothorn
|-damage|p2a: Corviknight|30/100|[from] item: Rocky Helmet|[of] p1a: Ferrothorn
|-damage|p2a: Corviknight|24/100|[from] Recoil
|move|p1a: Ferrothorn|Toxic|p2a: Corviknight
|-immune|p2a: Corviknight
|
|-heal|p2a: Corviknight|30/100|[from] item: Leftovers
|-damage|p2a: Corviknight|17/100|[from] Leech Seed|[of] p1a: Ferrothorn
|-heal|p1a: Ferrothorn|29/100 par|[silent]
|upkeep
|turn|31
|
|cant|p1a: Ferrothorn|par
|move|p2a: Corviknight|Roost|p2a: Corviknight
|-heal|p2a: Corviknight|67/100
|-singleturn|p2a: Corviknight|move: Roost
|
|-heal|p2a: Corviknight|74/100|[from] item: Leftovers
|-damage|p2a: Corviknight|61/100|[from] Leech Seed|[of] p1a: Ferrothorn
|-heal|p1a: Ferrothorn|44/100 par|[silent]
|upkeep
|turn|32
|
|move|p1a: Ferrothorn|Protect|p1a: Ferrothorn
|-singleturn|p1a: Ferrothorn|Protect
|move|p2a: Corviknight|Power Trip|p1a: Ferrothorn
|-activate|p1a: Ferrothorn|move: Protect
|
|-heal|p2a: Corviknight|67/100|[from] item: Leftovers
|-damage|p2a: Corviknight|55/100|[from] Leech Seed|[of] p1a: Ferrothorn
|-heal|p1a: Ferrothorn|60/100 par|[silent]
|upkeep
|turn|33
|
|switch|p2a: Dracovish|Dracovish|100/100
|-damage|p2a: Dracovish|88/100|[from] Stealth Rock
|move|p1a: Ferrothorn|Stealth Rock||[still]
|-fail|p1a: Ferrothorn
|
|upkeep
|turn|34
|
|move|p2a: Dracovish|Psychic Fangs|p1a: Ferrothorn
|-resisted|p1a: Ferrothorn
|-damage|p1a: Ferrothorn|43/100 par
|-damage|p2a: Dracovish|76/100|[from] ability: Iron Barbs|[of] p1a: Ferrothorn
|-damage|p2a: Dracovish|59/100|[from] item: Rocky Helmet|[of] p1a: Ferrothorn
|move|p1a: Ferrothorn|Leech Seed|p2a: Dracovish
|-start|p2a: Dracovish|move: Leech Seed
|
|-damage|p2a: Dracovish|47/100|[from] Leech Seed|[of] p1a: Ferrothorn
|-heal|p1a: Ferrothorn|55/100 par|[silent]
|upkeep
|turn|35
|
|switch|p2a: Corviknight|Corviknight, F|55/100
|-damage|p2a: Corviknight|42/100|[from] Stealth Rock
|-ability|p2a: Corviknight|Pressure
|move|p1a: Ferrothorn|Protect||[still]
|-fail|p1a: Ferrothorn
|
|-heal|p2a: Corviknight|49/100|[from] item: Leftovers
|upkeep
|turn|36
|
|move|p2a: Corviknight|Iron Defense|p2a: Corviknight
|-boost|p2a: Corviknight|def|2
|move|p1a: Ferrothorn|Leech Seed|p2a: Corviknight
|-start|p2a: Corviknight|move: Leech Seed
|
|-heal|p2a: Corviknight|55/100|[from] item: Leftovers
|-damage|p2a: Corviknight|42/100|[from] Leech Seed|[of] p1a: Ferrothorn
|-heal|p1a: Ferrothorn|70/100 par|[silent]
|upkeep
|turn|37
|
|move|p1a: Ferrothorn|Protect|p1a: Ferrothorn
|-singleturn|p1a: Ferrothorn|Protect
|move|p2a: Corviknight|Power Trip|p1a: Ferrothorn
|-activate|p1a: Ferrothorn|move: Protect
|
|-heal|p2a: Corviknight|49/100|[from] item: Leftovers
|-damage|p2a: Corviknight|36/100|[from] Leech Seed|[of] p1a: Ferrothorn
|-heal|p1a: Ferrothorn|86/100 par|[silent]
|upkeep
|turn|38
|
|move|p2a: Corviknight|Brave Bird|p1a: Ferrothorn
|-damage|p1a: Ferrothorn|61/100 par
|-damage|p2a: Corviknight|24/100|[from] ability: Iron Barbs|[of] p1a: Ferrothorn
|-damage|p2a: Corviknight|7/100|[from] item: Rocky Helmet|[of] p1a: Ferrothorn
|-damage|p2a: Corviknight|0 fnt|[from] Recoil
|faint|p2a: Corviknight
|move|p1a: Ferrothorn|Leech Seed|p2: Corviknight|[notarget]
|-fail|p1a: Ferrothorn
|
|upkeep
|
|switch|p2a: Rotom|Rotom-Wash, shiny|13/100 tox
|-damage|p2a: Rotom|0 fnt|[from] Stealth Rock
|faint|p2a: Rotom
|
|switch|p2a: Dracovish|Dracovish|47/100
|-damage|p2a: Dracovish|34/100|[from] Stealth Rock
|turn|39
|inactive|Battle timer is ON: inactive players will automatically lose when time's up. (requested by Zedoge)
|inactive|jaszczurowski has 120 seconds left.
|inactive|jaszczurowski has 90 seconds left.
|inactive|jaszczurowski has 60 seconds left.
|c|☆jaszczurowski|RUSIA
|c|☆jaszczurowski|RUSIA
|c|☆jaszczurowski|RUSIA
|c|☆jaszczurowski|RUSIA
|c|☆jaszczurowski|RUSIA
|c|☆jaszczurowski|RUSIA
|c|☆jaszczurowski|RUSIA
|c|☆jaszczurowski|RUSIA
|c|☆jaszczurowski|RUSIA
|c|☆jaszczurowski|RUSIARUSIA
|c|☆jaszczurowski|RUSIA
|c|☆jaszczurowski|RUSIARUSIA
|inactive|jaszczurowski has 30 seconds left.
|c|☆jaszczurowski|RUSIA
|c|☆jaszczurowski|RUSIA
|c|☆jaszczurowski|RUSIA
|c|☆jaszczurowski|RUSIA
|c|☆jaszczurowski|RUSIARUSIA
|c|☆jaszczurowski|RUSIA
|c|☆jaszczurowski|RUSIA
|c|☆jaszczurowski|RUSIA
|c|☆jaszczurowski|RUSIA
|c|☆jaszczurowski|RUSIA
|c|☆jaszczurowski|C
|c|☆jaszczurowski|C
|c|☆jaszczurowski|C
|c|☆jaszczurowski|RUSIA
|c|☆jaszczurowski|RUSIA
|c|☆jaszczurowski|RUSIARUSIARUSIA
|c|☆jaszczurowski|RUSIARUSIA
|inactive|jaszczurowski has 20 seconds left.
|c|☆jaszczurowski|RUSIARUSIA
|c|☆jaszczurowski|RUSIA
|c|☆jaszczurowski|RUSIA
|c|☆jaszczurowski|RUSIA
|c|☆jaszczurowski|RUSIARUSIA
|c|☆jaszczurowski|RUSIAV
|c|☆jaszczurowski|RUSIA
|c|☆jaszczurowski|V
|inactive|jaszczurowski has 15 seconds left.
|c|☆jaszczurowski|RUSIA
|c|☆jaszczurowski|RUSIA
|c|☆jaszczurowski|V
|c|☆jaszczurowski|RUSIA
|c|☆jaszczurowski|RUSIA
|inactive|jaszczurowski has 10 seconds left.
|
|move|p2a: Dracovish|Psychic Fangs|p1a: Ferrothorn
|-resisted|p1a: Ferrothorn
|-damage|p1a: Ferrothorn|44/100 par
|-damage|p2a: Dracovish|22/100|[from] ability: Iron Barbs|[of] p1a: Ferrothorn
|-damage|p2a: Dracovish|5/100|[from] item: Rocky Helmet|[of] p1a: Ferrothorn
|move|p1a: Ferrothorn|Leech Seed|p2a: Dracovish
|-start|p2a: Dracovish|move: Leech Seed
|
|-damage|p2a: Dracovish|0 fnt|[from] Leech Seed|[of] p1a: Ferrothorn
|-heal|p1a: Ferrothorn|49/100 par|[silent]
|faint|p2a: Dracovish
|
|win|Zedoge
|upkeep
|l|☆jaszczurowski
|raw|Zedoge's rating: 1077 → 1106(+29 for winning)
|raw|jaszczurowski's rating: 1082 → 1059(-23 for losing)
