|ScrapeTime|2020-01-01-12:55:47
|j|☆skies & blue
|j|☆Redflix
|player|p1|skies & blue|cheren-gen5bw2|
|player|p2|Redflix|psychic-gen4|
|teamsize|p1|6
|teamsize|p2|6
|gametype|singles
|gen|8
|tier|[Gen 8] OU
|rated|Tournament battle
|rule|Sleep Clause Mod: Limit one foe put to sleep
|rule|Species Clause: Limit one of each Pokémon
|rule|OHKO Clause: OHKO moves are banned
|rule|Evasion Moves Clause: Evasion moves are banned
|rule|Endless Battle Clause: Forcing endless battles is banned
|rule|HP Percentage Mod: HP is shown in percentages
|clearpoke
|poke|p1|Rotom-Mow|
|poke|p1|Mamoswine, M|
|poke|p1|Mandibuzz, F|
|poke|p1|Corviknight, M|
|poke|p1|Dragapult, F|
|poke|p1|Toxapex, M|
|poke|p2|Aegislash, M|
|poke|p2|Hydreigon, F|
|poke|p2|Toxapex, M|
|poke|p2|Clefable, M|
|poke|p2|Corviknight, F|
|poke|p2|Ditto|
|rule|Dynamax Clause: You cannot dynamax
|teampreview
|j|*Lady Monita
|inactive|Battle timer is ON: inactive players will automatically lose when time's up. (requested by Redflix)
|
|start
|switch|p1a: Mamoswine|Mamoswine, M|100/100
|switch|p2a: Clefable|Clefable, M|100/100
|turn|1
|
|move|p1a: Mamoswine|Earthquake|p2a: Clefable
|-damage|p2a: Clefable|59/100
|move|p2a: Clefable|Stealth Rock|p1a: Mamoswine
|-sidestart|p1: skies & blue|move: Stealth Rock
|
|-heal|p2a: Clefable|65/100|[from] item: Leftovers
|upkeep
|turn|2
|
|move|p1a: Mamoswine|Stealth Rock|p2a: Clefable
|-sidestart|p2: Redflix|move: Stealth Rock
|move|p2a: Clefable|Moonblast|p1a: Mamoswine
|-damage|p1a: Mamoswine|55/100
|
|-heal|p2a: Clefable|71/100|[from] item: Leftovers
|upkeep
|turn|3
|
|switch|p1a: Toxapex|Toxapex, M|100/100
|-damage|p1a: Toxapex|88/100|[from] Stealth Rock
|move|p2a: Clefable|Wish|p2a: Clefable
|
|-heal|p2a: Clefable|77/100|[from] item: Leftovers
|-heal|p1a: Toxapex|94/100|[from] item: Black Sludge
|upkeep
|turn|4
|
|switch|p2a: Aegislash|Aegislash, M|100/100
|-damage|p2a: Aegislash|94/100|[from] Stealth Rock
|move|p1a: Toxapex|Scald|p2a: Aegislash
|-damage|p2a: Aegislash|79/100
|
|-heal|p2a: Aegislash|100/100|[from] move: Wish|[wisher] Clefable
|-heal|p1a: Toxapex|100/100|[from] item: Black Sludge
|upkeep
|turn|5
|
|move|p2a: Aegislash|Substitute|p2a: Aegislash
|-start|p2a: Aegislash|Substitute
|-damage|p2a: Aegislash|76/100
|move|p1a: Toxapex|Scald|p2a: Aegislash
|-activate|p2a: Aegislash|move: Substitute|[damage]
|
|-heal|p2a: Aegislash|82/100|[from] item: Leftovers
|upkeep
|turn|6
|
|-formechange|p2a: Aegislash|Aegislash-Blade||[from] ability: Stance Change
|move|p2a: Aegislash|Shadow Ball|p1a: Toxapex
|-damage|p1a: Toxapex|63/100
|move|p1a: Toxapex|Scald|p2a: Aegislash
|-end|p2a: Aegislash|Substitute
|
|-heal|p2a: Aegislash|88/100|[from] item: Leftovers
|-heal|p1a: Toxapex|69/100|[from] item: Black Sludge
|upkeep
|turn|7
|
|switch|p2a: Hydreigon|Hydreigon, F|100/100
|-damage|p2a: Hydreigon|88/100|[from] Stealth Rock
|move|p1a: Toxapex|Recover|p1a: Toxapex
|-heal|p1a: Toxapex|100/100
|
|-heal|p2a: Hydreigon|94/100|[from] item: Leftovers
|upkeep
|turn|8
|
|move|p2a: Hydreigon|Substitute|p2a: Hydreigon
|-start|p2a: Hydreigon|Substitute
|-damage|p2a: Hydreigon|69/100
|move|p1a: Toxapex|Scald|p2a: Hydreigon
|-resisted|p2a: Hydreigon
|-activate|p2a: Hydreigon|move: Substitute|[damage]
|
|-heal|p2a: Hydreigon|76/100|[from] item: Leftovers
|upkeep
|turn|9
|
|move|p2a: Hydreigon|Nasty Plot|p2a: Hydreigon
|-boost|p2a: Hydreigon|spa|2
|move|p1a: Toxapex|Haze|p1a: Toxapex
|-clearallboost
|
|-heal|p2a: Hydreigon|82/100|[from] item: Leftovers
|upkeep
|turn|10
|
|move|p2a: Hydreigon|Dark Pulse|p1a: Toxapex
|-damage|p1a: Toxapex|67/100
|cant|p1a: Toxapex|flinch
|
|-heal|p2a: Hydreigon|88/100|[from] item: Leftovers
|-heal|p1a: Toxapex|73/100|[from] item: Black Sludge
|upkeep
|turn|11
|
|move|p2a: Hydreigon|Nasty Plot|p2a: Hydreigon
|-boost|p2a: Hydreigon|spa|2
|move|p1a: Toxapex|Scald|p2a: Hydreigon
|-resisted|p2a: Hydreigon
|-activate|p2a: Hydreigon|move: Substitute|[damage]
|
|-heal|p2a: Hydreigon|94/100|[from] item: Leftovers
|-heal|p1a: Toxapex|79/100|[from] item: Black Sludge
|upkeep
|turn|12
|
|move|p2a: Hydreigon|Dark Pulse|p1a: Toxapex
|-damage|p1a: Toxapex|12/100
|move|p1a: Toxapex|Haze|p1a: Toxapex
|-clearallboost
|
|-heal|p2a: Hydreigon|99/100|[from] item: Leftovers
|-heal|p1a: Toxapex|18/100|[from] item: Black Sludge
|upkeep
|turn|13
|
|move|p2a: Hydreigon|Nasty Plot|p2a: Hydreigon
|-boost|p2a: Hydreigon|spa|2
|move|p1a: Toxapex|Toxic Spikes|p2a: Hydreigon
|-sidestart|p2: Redflix|move: Toxic Spikes
|
|-heal|p2a: Hydreigon|100/100|[from] item: Leftovers
|-heal|p1a: Toxapex|25/100|[from] item: Black Sludge
|upkeep
|turn|14
|
|move|p2a: Hydreigon|Dark Pulse|p1a: Toxapex
|-damage|p1a: Toxapex|0 fnt
|faint|p1a: Toxapex
|
|upkeep
|
|switch|p1a: Dragapult|Dragapult, F|100/100
|-damage|p1a: Dragapult|88/100|[from] Stealth Rock
|turn|15
|
|switch|p2a: Corviknight|Corviknight, F|100/100
|-damage|p2a: Corviknight|88/100|[from] Stealth Rock
|-ability|p2a: Corviknight|Pressure
|move|p1a: Dragapult|Substitute|p1a: Dragapult
|-start|p1a: Dragapult|Substitute
|-damage|p1a: Dragapult|63/100
|
|-heal|p1a: Dragapult|69/100|[from] item: Leftovers
|-heal|p2a: Corviknight|94/100|[from] item: Leftovers
|upkeep
|turn|16
|
|move|p1a: Dragapult|Will-O-Wisp|p2a: Corviknight|[miss]
|-miss|p1a: Dragapult|p2a: Corviknight
|move|p2a: Corviknight|Defog|p1a: Dragapult
|-sideend|p1: skies & blue|Stealth Rock|[from] move: Defog|[of] p2a: Corviknight
|-sideend|p2: Redflix|Toxic Spikes|[from] move: Defog|[of] p2a: Corviknight
|-sideend|p2: Redflix|Stealth Rock|[from] move: Defog|[of] p2a: Corviknight
|
|-heal|p1a: Dragapult|76/100|[from] item: Leftovers
|-heal|p2a: Corviknight|99/100|[from] item: Leftovers
|upkeep
|turn|17
|
|move|p1a: Dragapult|Will-O-Wisp|p2a: Corviknight|[miss]
|-miss|p1a: Dragapult|p2a: Corviknight
|move|p2a: Corviknight|Brave Bird|p1a: Dragapult
|-end|p1a: Dragapult|Substitute
|-damage|p2a: Corviknight|93/100|[from] Recoil|[of] p1a: Dragapult
|
|-heal|p1a: Dragapult|82/100|[from] item: Leftovers
|-heal|p2a: Corviknight|99/100|[from] item: Leftovers
|upkeep
|turn|18
|j| HSB/Gastero
|
|move|p1a: Dragapult|Will-O-Wisp|p2a: Corviknight
|-status|p2a: Corviknight|brn
|move|p2a: Corviknight|U-turn|p1a: Dragapult
|-resisted|p1a: Dragapult
|-damage|p1a: Dragapult|77/100
|
|switch|p2a: Aegislash|Aegislash, M|88/100|[from]move: U-turn
|
|-heal|p1a: Dragapult|83/100|[from] item: Leftovers
|-heal|p2a: Aegislash|94/100|[from] item: Leftovers
|upkeep
|turn|19
|
|switch|p1a: Mandibuzz|Mandibuzz, F|100/100
|-formechange|p2a: Aegislash|Aegislash-Blade||[from] ability: Stance Change
|move|p2a: Aegislash|Shadow Ball|p1a: Mandibuzz
|-resisted|p1a: Mandibuzz
|-damage|p1a: Mandibuzz|86/100
|
|-heal|p2a: Aegislash|100/100|[from] item: Leftovers
|upkeep
|turn|20
|l| HSB/Gastero
|
|switch|p1a: Rotom|Rotom-Mow|100/100
|switch|p2a: Clefable|Clefable, M|77/100
|
|-heal|p2a: Clefable|83/100|[from] item: Leftovers
|upkeep
|turn|21
|
|move|p2a: Clefable|Protect|p2a: Clefable
|-singleturn|p2a: Clefable|Protect
|move|p1a: Rotom|Nasty Plot|p1a: Rotom
|-boost|p1a: Rotom|spa|2
|
|-heal|p2a: Clefable|90/100|[from] item: Leftovers
|upkeep
|turn|22
|
|move|p1a: Rotom|Thunderbolt|p2a: Clefable
|-damage|p2a: Clefable|16/100
|move|p2a: Clefable|Stealth Rock|p1a: Rotom
|-sidestart|p1: skies & blue|move: Stealth Rock
|
|-heal|p2a: Clefable|22/100|[from] item: Leftovers
|upkeep
|turn|23
|
|move|p1a: Rotom|Volt Switch|p2a: Clefable
|-damage|p2a: Clefable|0 fnt
|faint|p2a: Clefable
|
|switch|p1a: Mandibuzz|Mandibuzz, F|86/100|[from]move: Volt Switch
|
|upkeep
|
|switch|p2a: Toxapex|Toxapex, M|100/100
|turn|24
|
|move|p1a: Mandibuzz|Knock Off|p2a: Toxapex
|-damage|p2a: Toxapex|84/100
|-enditem|p2a: Toxapex|Black Sludge|[from] move: Knock Off|[of] p1a: Mandibuzz
|move|p2a: Toxapex|Scald|p1a: Mandibuzz
|-crit|p1a: Mandibuzz
|-damage|p1a: Mandibuzz|71/100
|
|upkeep
|turn|25
|
|move|p1a: Mandibuzz|Defog|p2a: Toxapex
|-unboost|p2a: Toxapex|evasion|1
|-sideend|p1: skies & blue|Stealth Rock|[from] move: Defog|[of] p1a: Mandibuzz
|move|p2a: Toxapex|Scald|p1a: Mandibuzz
|-damage|p1a: Mandibuzz|61/100
|
|upkeep
|turn|26
|
|switch|p1a: Rotom|Rotom-Mow|100/100
|move|p2a: Toxapex|Toxic Spikes|p1a: Rotom
|-sidestart|p1: skies & blue|move: Toxic Spikes
|
|upkeep
|turn|27
|
|move|p1a: Rotom|Volt Switch|p2a: Toxapex
|-supereffective|p2a: Toxapex
|-damage|p2a: Toxapex|43/100
|j| APW001
|
|switch|p1a: Mandibuzz|Mandibuzz, F|61/100|[from]move: Volt Switch
|move|p2a: Toxapex|Toxic Spikes|p1a: Mandibuzz
|-sidestart|p1: skies & blue|move: Toxic Spikes
|
|upkeep
|turn|28
|
|switch|p2a: Hydreigon|Hydreigon, F|100/100
|move|p1a: Mandibuzz|Defog|p2a: Hydreigon
|-unboost|p2a: Hydreigon|evasion|1
|-sideend|p1: skies & blue|Toxic Spikes|[from] move: Defog|[of] p1a: Mandibuzz
|
|upkeep
|turn|29
|
|move|p2a: Hydreigon|Substitute|p2a: Hydreigon
|-start|p2a: Hydreigon|Substitute
|-damage|p2a: Hydreigon|76/100
|move|p1a: Mandibuzz|Taunt|p2a: Hydreigon
|-start|p2a: Hydreigon|move: Taunt
|
|-heal|p2a: Hydreigon|82/100|[from] item: Leftovers
|upkeep
|turn|30
|
|move|p2a: Hydreigon|Flash Cannon|p1a: Mandibuzz
|-damage|p1a: Mandibuzz|45/100
|move|p1a: Mandibuzz|Roost|p1a: Mandibuzz
|-heal|p1a: Mandibuzz|95/100
|-singleturn|p1a: Mandibuzz|move: Roost
|
|-heal|p2a: Hydreigon|88/100|[from] item: Leftovers
|upkeep
|turn|31
|
|switch|p1a: Corviknight|Corviknight, M|100/100
|-ability|p1a: Corviknight|Pressure
|move|p2a: Hydreigon|Flash Cannon|p1a: Corviknight
|-resisted|p1a: Corviknight
|-crit|p1a: Corviknight
|-damage|p1a: Corviknight|86/100
|
|-heal|p2a: Hydreigon|94/100|[from] item: Leftovers
|-heal|p1a: Corviknight|92/100|[from] item: Leftovers
|upkeep
|turn|32
|
|move|p2a: Hydreigon|Dark Pulse|p1a: Corviknight
|-damage|p1a: Corviknight|62/100
|move|p1a: Corviknight|Brave Bird|p2a: Hydreigon
|-end|p2a: Hydreigon|Substitute
|-damage|p1a: Corviknight|56/100|[from] Recoil|[of] p2a: Hydreigon
|
|-heal|p2a: Hydreigon|99/100|[from] item: Leftovers
|-heal|p1a: Corviknight|62/100|[from] item: Leftovers
|-end|p2a: Hydreigon|move: Taunt
|upkeep
|turn|33
|l| APW001
|
|move|p2a: Hydreigon|Nasty Plot|p2a: Hydreigon
|-boost|p2a: Hydreigon|spa|2
|move|p1a: Corviknight|Roost|p1a: Corviknight
|-heal|p1a: Corviknight|100/100
|-singleturn|p1a: Corviknight|move: Roost
|
|-heal|p2a: Hydreigon|100/100|[from] item: Leftovers
|upkeep
|turn|34
|
|move|p2a: Hydreigon|Dark Pulse|p1a: Corviknight
|-damage|p1a: Corviknight|33/100
|cant|p1a: Corviknight|flinch
|
|-heal|p1a: Corviknight|40/100|[from] item: Leftovers
|upkeep
|turn|35
|
|move|p2a: Hydreigon|Dark Pulse|p1a: Corviknight
|-damage|p1a: Corviknight|0 fnt
|faint|p1a: Corviknight
|
|upkeep
|
|switch|p1a: Dragapult|Dragapult, F|83/100
|turn|36
|
|switch|p2a: Toxapex|Toxapex, M|77/100
|move|p1a: Dragapult|Disable||[still]
|-fail|p1a: Dragapult
|
|-heal|p1a: Dragapult|90/100|[from] item: Leftovers
|upkeep
|turn|37
|
|move|p1a: Dragapult|Substitute|p1a: Dragapult
|-start|p1a: Dragapult|Substitute
|-damage|p1a: Dragapult|65/100
|move|p2a: Toxapex|Toxic Spikes|p1a: Dragapult
|-sidestart|p1: skies & blue|move: Toxic Spikes
|
|-heal|p1a: Dragapult|71/100|[from] item: Leftovers
|upkeep
|turn|38
|
|switch|p2a: Corviknight|Corviknight, F|99/100 brn
|-ability|p2a: Corviknight|Pressure
|move|p1a: Dragapult|Will-O-Wisp|p2a: Corviknight
|-fail|p2a: Corviknight|brn
|
|-heal|p1a: Dragapult|77/100|[from] item: Leftovers
|-heal|p2a: Corviknight|100/100 brn|[from] item: Leftovers
|-damage|p2a: Corviknight|94/100 brn|[from] brn
|upkeep
|turn|39
|
|switch|p2a: Toxapex|Toxapex, M|100/100
|move|p1a: Dragapult|Hex|p2a: Toxapex
|-damage|p2a: Toxapex|85/100
|
|-heal|p1a: Dragapult|83/100|[from] item: Leftovers
|upkeep
|turn|40
|
|move|p1a: Dragapult|Will-O-Wisp|p2a: Toxapex
|-status|p2a: Toxapex|brn
|move|p2a: Toxapex|Toxic Spikes|p1a: Dragapult
|-sidestart|p1: skies & blue|move: Toxic Spikes
|
|-heal|p1a: Dragapult|89/100|[from] item: Leftovers
|-damage|p2a: Toxapex|79/100 brn|[from] brn
|upkeep
|turn|41
|
|move|p1a: Dragapult|Hex|p2a: Toxapex
|-damage|p2a: Toxapex|42/100 brn
|move|p2a: Toxapex|Recover|p2a: Toxapex
|-heal|p2a: Toxapex|92/100 brn
|
|-heal|p1a: Dragapult|96/100|[from] item: Leftovers
|-damage|p2a: Toxapex|86/100 brn|[from] brn
|upkeep
|turn|42
|
|switch|p2a: Ditto|Ditto|100/100
|move|p1a: Dragapult|Disable||[still]
|-fail|p1a: Dragapult
|
|-heal|p1a: Dragapult|100/100|[from] item: Leftovers
|upkeep
|turn|43
|
|switch|p2a: Toxapex|Toxapex, M|100/100 brn
|move|p1a: Dragapult|Hex|p2a: Toxapex
|-damage|p2a: Toxapex|68/100 brn
|
|-damage|p2a: Toxapex|63/100 brn|[from] brn
|upkeep
|turn|44
|
|move|p1a: Dragapult|Hex|p2a: Toxapex
|-damage|p2a: Toxapex|29/100 brn
|move|p2a: Toxapex|Scald|p1a: Dragapult
|-resisted|p1a: Dragapult
|-activate|p1a: Dragapult|move: Substitute|[damage]
|
|-damage|p2a: Toxapex|23/100 brn|[from] brn
|upkeep
|turn|45
|inactive|skies & blue has 120 seconds left.
|
|switch|p2a: Corviknight|Corviknight, F|94/100 brn
|-ability|p2a: Corviknight|Pressure
|move|p1a: Dragapult|Will-O-Wisp|p2a: Corviknight|[miss]
|-miss|p1a: Dragapult|p2a: Corviknight
|
|-heal|p2a: Corviknight|100/100 brn|[from] item: Leftovers
|-damage|p2a: Corviknight|94/100 brn|[from] brn
|upkeep
|turn|46
|
|move|p1a: Dragapult|Hex|p2a: Corviknight
|-damage|p2a: Corviknight|45/100 brn
|move|p2a: Corviknight|Roost|p2a: Corviknight
|-heal|p2a: Corviknight|95/100 brn
|-singleturn|p2a: Corviknight|move: Roost
|
|-heal|p2a: Corviknight|100/100 brn|[from] item: Leftovers
|-damage|p2a: Corviknight|94/100 brn|[from] brn
|upkeep
|turn|47
|
|move|p1a: Dragapult|Hex|p2a: Corviknight
|-damage|p2a: Corviknight|40/100 brn
|move|p2a: Corviknight|U-turn|p1a: Dragapult
|-resisted|p1a: Dragapult
|-activate|p1a: Dragapult|move: Substitute|[damage]
|
|switch|p2a: Toxapex|Toxapex, M|56/100 brn|[from]move: U-turn
|
|-damage|p2a: Toxapex|50/100 brn|[from] brn
|upkeep
|turn|48
|
|switch|p1a: Mandibuzz|Mandibuzz, F|95/100
|move|p2a: Toxapex|Recover|p2a: Toxapex
|-heal|p2a: Toxapex|99/100 brn
|
|-damage|p2a: Toxapex|94/100 brn|[from] brn
|upkeep
|turn|49
|
|move|p1a: Mandibuzz|Defog|p2a: Toxapex
|-unboost|p2a: Toxapex|evasion|1
|-sideend|p1: skies & blue|Toxic Spikes|[from] move: Defog|[of] p1a: Mandibuzz
|move|p2a: Toxapex|Scald|p1a: Mandibuzz
|-damage|p1a: Mandibuzz|84/100
|
|-damage|p2a: Toxapex|88/100 brn|[from] brn
|upkeep
|turn|50
|
|switch|p1a: Mamoswine|Mamoswine, M|55/100
|move|p2a: Toxapex|Scald|p1a: Mamoswine
|-supereffective|p1a: Mamoswine
|-damage|p1a: Mamoswine|8/100
|
|-damage|p2a: Toxapex|82/100 brn|[from] brn
|upkeep
|turn|51
|
|switch|p2a: Ditto|Ditto|100/100
|-transform|p2a: Ditto|p1a: Mamoswine|[from] ability: Imposter
|move|p1a: Mamoswine|Earthquake|p2a: Ditto
|-damage|p2a: Ditto|32/100
|
|upkeep
|turn|52
|
|switch|p1a: Mandibuzz|Mandibuzz, F|84/100
|move|p2a: Ditto|Ice Shard|p1a: Mandibuzz
|-supereffective|p1a: Mandibuzz
|-damage|p1a: Mandibuzz|49/100
|
|upkeep
|turn|53
|
|move|p2a: Ditto|Icicle Crash|p1a: Mandibuzz
|-supereffective|p1a: Mandibuzz
|-damage|p1a: Mandibuzz|0 fnt
|faint|p1a: Mandibuzz
|
|upkeep
|
|switch|p1a: Dragapult|Dragapult, F|100/100
|turn|54
|
|move|p1a: Dragapult|Hex|p2a: Ditto
|-damage|p2a: Ditto|0 fnt
|faint|p2a: Ditto
|
|upkeep
|
|switch|p2a: Hydreigon|Hydreigon, F|100/100
|turn|55
|c|☆skies & blue|no scarf forgot
|
|move|p1a: Dragapult|Substitute|p1a: Dragapult
|-start|p1a: Dragapult|Substitute
|-damage|p1a: Dragapult|76/100
|move|p2a: Hydreigon|Dark Pulse|p1a: Dragapult
|-supereffective|p1a: Dragapult
|-end|p1a: Dragapult|Substitute
|
|-heal|p1a: Dragapult|82/100|[from] item: Leftovers
|upkeep
|turn|56
|
|move|p1a: Dragapult|Disable|p2a: Hydreigon
|-start|p2a: Hydreigon|Disable|Dark Pulse
|cant|p2a: Hydreigon|Disable|Dark Pulse
|
|-heal|p1a: Dragapult|88/100|[from] item: Leftovers
|upkeep
|turn|57
|
|switch|p1a: Rotom|Rotom-Mow|100/100
|move|p2a: Hydreigon|Substitute|p2a: Hydreigon
|-start|p2a: Hydreigon|Substitute
|-damage|p2a: Hydreigon|76/100
|
|-heal|p2a: Hydreigon|82/100|[from] item: Leftovers
|upkeep
|turn|58
|
|move|p2a: Hydreigon|Nasty Plot|p2a: Hydreigon
|-boost|p2a: Hydreigon|spa|2
|move|p1a: Rotom|Nasty Plot|p1a: Rotom
|-boost|p1a: Rotom|spa|2
|
|-heal|p2a: Hydreigon|88/100|[from] item: Leftovers
|upkeep
|turn|59
|
|move|p2a: Hydreigon|Flash Cannon|p1a: Rotom
|-resisted|p1a: Rotom
|-damage|p1a: Rotom|64/100
|move|p1a: Rotom|Thunderbolt|p2a: Hydreigon
|-resisted|p2a: Hydreigon
|-end|p2a: Hydreigon|Substitute
|
|-heal|p2a: Hydreigon|94/100|[from] item: Leftovers
|-end|p2a: Hydreigon|Disable
|upkeep
|turn|60
|
|move|p2a: Hydreigon|Dark Pulse|p1a: Rotom
|-damage|p1a: Rotom|0 fnt
|faint|p1a: Rotom
|
|-heal|p2a: Hydreigon|99/100|[from] item: Leftovers
|upkeep
|
|switch|p1a: Dragapult|Dragapult, F|88/100
|turn|61
|
|move|p1a: Dragapult|Will-O-Wisp|p2a: Hydreigon
|-status|p2a: Hydreigon|brn
|move|p2a: Hydreigon|Substitute|p2a: Hydreigon
|-start|p2a: Hydreigon|Substitute
|-damage|p2a: Hydreigon|75/100 brn
|
|-heal|p1a: Dragapult|94/100|[from] item: Leftovers
|-heal|p2a: Hydreigon|81/100 brn|[from] item: Leftovers
|-damage|p2a: Hydreigon|75/100 brn|[from] brn
|upkeep
|turn|62
|
|move|p1a: Dragapult|Substitute|p1a: Dragapult
|-start|p1a: Dragapult|Substitute
|-damage|p1a: Dragapult|69/100
|move|p2a: Hydreigon|Dark Pulse|p1a: Dragapult
|-supereffective|p1a: Dragapult
|-end|p1a: Dragapult|Substitute
|
|-heal|p1a: Dragapult|75/100|[from] item: Leftovers
|-heal|p2a: Hydreigon|81/100 brn|[from] item: Leftovers
|-damage|p2a: Hydreigon|75/100 brn|[from] brn
|upkeep
|turn|63
|
|move|p1a: Dragapult|Hex|p2a: Hydreigon
|-resisted|p2a: Hydreigon
|-damage|p2a: Hydreigon|43/100 brn
|move|p2a: Hydreigon|Flash Cannon|p1a: Dragapult
|-damage|p1a: Dragapult|10/100
|
|-heal|p1a: Dragapult|16/100|[from] item: Leftovers
|-heal|p2a: Hydreigon|49/100 brn|[from] item: Leftovers
|-damage|p2a: Hydreigon|43/100 brn|[from] brn
|upkeep
|turn|64
|
|move|p1a: Dragapult|Hex|p2a: Hydreigon
|-resisted|p2a: Hydreigon
|-damage|p2a: Hydreigon|13/100 brn
|move|p2a: Hydreigon|Flash Cannon|p1a: Dragapult
|-damage|p1a: Dragapult|0 fnt
|faint|p1a: Dragapult
|
|-heal|p2a: Hydreigon|19/100 brn|[from] item: Leftovers
|-damage|p2a: Hydreigon|13/100 brn|[from] brn
|upkeep
|
|switch|p1a: Mamoswine|Mamoswine, M|8/100
|turn|65
|c|☆skies & blue|gg
|
|move|p1a: Mamoswine|Ice Shard|p2a: Hydreigon
|-supereffective|p2a: Hydreigon
|-end|p2a: Hydreigon|Substitute
|move|p2a: Hydreigon|Flash Cannon|p1a: Mamoswine
|-supereffective|p1a: Mamoswine
|-damage|p1a: Mamoswine|0 fnt
|faint|p1a: Mamoswine
|
|win|Redflix
