|ScrapeTime|2020-01-01-14:46:02
|j|☆JacarandaLovah
|j|☆MedicalMeme
|player|p1|JacarandaLovah|twins-gen4dp|1143
|player|p2|MedicalMeme|veteran|1084
|teamsize|p1|6
|teamsize|p2|6
|gametype|singles
|gen|8
|tier|[Gen 8] OU
|rated|
|rule|Sleep Clause Mod: Limit one foe put to sleep
|rule|Species Clause: Limit one of each Pokémon
|rule|OHKO Clause: OHKO moves are banned
|rule|Evasion Moves Clause: Evasion moves are banned
|rule|Endless Battle Clause: Forcing endless battles is banned
|rule|HP Percentage Mod: HP is shown in percentages
|clearpoke
|poke|p1|Toxapex, F|
|poke|p1|Toxtricity, F|
|poke|p1|Hydreigon, F|
|poke|p1|Corviknight, F|
|poke|p1|Clefable, M|
|poke|p1|Conkeldurr, M|
|poke|p2|Sableye, M|
|poke|p2|Ferrothorn, F|
|poke|p2|Corsola-Galar, F|
|poke|p2|Avalugg, M|
|poke|p2|Obstagoon, F|
|poke|p2|Toxapex, F|
|rule|Dynamax Clause: You cannot dynamax
|teampreview
|inactive|Battle timer is ON: inactive players will automatically lose when time's up. (requested by MedicalMeme)
|
|start
|switch|p1a: Hydreigon|Hydreigon, F|100/100
|switch|p2a: Obstagoon|Obstagoon, F|100/100
|turn|1
|
|move|p1a: Hydreigon|U-turn|p2a: Obstagoon
|-supereffective|p2a: Obstagoon
|-crit|p2a: Obstagoon
|-damage|p2a: Obstagoon|55/100
|
|switch|p1a: Conkeldurr|Conkeldurr, M|100/100|[from]move: U-turn
|move|p2a: Obstagoon|Switcheroo|p1a: Conkeldurr
|-activate|p2a: Obstagoon|move: Trick|[of] p1a: Conkeldurr
|-item|p1a: Conkeldurr|Toxic Orb|[from] move: Switcheroo
|-item|p2a: Obstagoon|Flame Orb|[from] move: Switcheroo
|
|-status|p2a: Obstagoon|brn|[from] item: Flame Orb
|-status|p1a: Conkeldurr|tox|[from] item: Toxic Orb
|upkeep
|turn|2
|
|move|p1a: Conkeldurr|Mach Punch|p2a: Obstagoon
|-supereffective|p2a: Obstagoon
|-damage|p2a: Obstagoon|0 fnt
|faint|p2a: Obstagoon
|
|-damage|p1a: Conkeldurr|94/100 tox|[from] psn
|upkeep
|
|switch|p2a: Corsola|Corsola-Galar, F|100/100
|turn|3
|
|switch|p1a: Toxapex|Toxapex, F|100/100
|move|p2a: Corsola|Strength Sap|p1a: Toxapex
|-unboost|p1a: Toxapex|atk|1
|
|upkeep
|turn|4
|
|move|p1a: Toxapex|Scald|p2a: Corsola
|-damage|p2a: Corsola|91/100
|-status|p2a: Corsola|brn
|move|p2a: Corsola|Will-O-Wisp|p1a: Toxapex
|-status|p1a: Toxapex|brn
|
|-damage|p1a: Toxapex|94/100 brn|[from] brn
|-damage|p2a: Corsola|85/100 brn|[from] brn
|upkeep
|turn|5
|
|switch|p1a: Toxtricity|Toxtricity, F|100/100
|move|p2a: Corsola|Stealth Rock|p1a: Toxtricity
|-sidestart|p1: JacarandaLovah|move: Stealth Rock
|
|-damage|p2a: Corsola|79/100 brn|[from] brn
|upkeep
|turn|6
|
|move|p1a: Toxtricity|Overdrive|p2a: Corsola
|-damage|p2a: Corsola|40/100 brn
|-start|p1a: Toxtricity|Disable|Overdrive|[from] ability: Cursed Body|[of] p2a: Corsola
|move|p2a: Corsola|Will-O-Wisp|p1a: Toxtricity
|-status|p1a: Toxtricity|brn
|
|-damage|p1a: Toxtricity|94/100 brn|[from] brn
|-damage|p2a: Corsola|34/100 brn|[from] brn
|upkeep
|turn|7
|
|switch|p1a: Hydreigon|Hydreigon, F|100/100
|-damage|p1a: Hydreigon|88/100|[from] Stealth Rock
|move|p2a: Corsola|Strength Sap|p1a: Hydreigon
|-unboost|p1a: Hydreigon|atk|1
|-heal|p2a: Corsola|100/100 brn
|
|-damage|p2a: Corsola|94/100 brn|[from] brn
|upkeep
|turn|8
|
|move|p1a: Hydreigon|Dark Pulse|p2a: Corsola
|-supereffective|p2a: Corsola
|-damage|p2a: Corsola|54/100 brn
|cant|p2a: Corsola|flinch
|
|-damage|p2a: Corsola|47/100 brn|[from] brn
|upkeep
|turn|9
|
|move|p1a: Hydreigon|Dark Pulse|p2a: Corsola
|-supereffective|p2a: Corsola
|-damage|p2a: Corsola|9/100 brn
|move|p2a: Corsola|Strength Sap|p1a: Hydreigon
|-unboost|p1a: Hydreigon|atk|1
|-heal|p2a: Corsola|54/100 brn
|
|-damage|p2a: Corsola|48/100 brn|[from] brn
|upkeep
|turn|10
|
|switch|p2a: Avalugg|Avalugg, M|100/100
|move|p1a: Hydreigon|Dark Pulse|p2a: Avalugg
|-damage|p2a: Avalugg|34/100
|
|upkeep
|turn|11
|
|switch|p2a: Sableye|Sableye, M|100/100
|move|p1a: Hydreigon|Dark Pulse|p2a: Sableye
|-damage|p2a: Sableye|36/100
|
|upkeep
|turn|12
|
|move|p2a: Sableye|Disable|p1a: Hydreigon
|-hint|Since gen 7, Dark is immune to Prankster moves.
|-immune|p1a: Hydreigon
|move|p1a: Hydreigon|Dark Pulse|p2a: Sableye
|-damage|p2a: Sableye|0 fnt
|faint|p2a: Sableye
|
|upkeep
|
|switch|p2a: Toxapex|Toxapex, F|100/100
|turn|13
|
|switch|p1a: Corviknight|Corviknight, F|100/100
|-damage|p1a: Corviknight|88/100|[from] Stealth Rock
|-ability|p1a: Corviknight|Pressure
|move|p2a: Toxapex|Toxic Spikes|p1a: Corviknight
|-sidestart|p1: JacarandaLovah|move: Toxic Spikes
|
|-heal|p1a: Corviknight|94/100|[from] item: Leftovers
|upkeep
|turn|14
|
|move|p1a: Corviknight|Defog|p2a: Toxapex
|-unboost|p2a: Toxapex|evasion|1
|-sideend|p1: JacarandaLovah|Toxic Spikes|[from] move: Defog|[of] p1a: Corviknight
|-sideend|p1: JacarandaLovah|Stealth Rock|[from] move: Defog|[of] p1a: Corviknight
|move|p2a: Toxapex|Toxic Spikes|p1a: Corviknight
|-sidestart|p1: JacarandaLovah|move: Toxic Spikes
|
|-heal|p1a: Corviknight|100/100|[from] item: Leftovers
|upkeep
|turn|15
|
|switch|p1a: Conkeldurr|Conkeldurr, M|94/100 tox
|move|p2a: Toxapex|Toxic Spikes|p1a: Conkeldurr
|-sidestart|p1: JacarandaLovah|move: Toxic Spikes
|
|-damage|p1a: Conkeldurr|88/100 tox|[from] psn
|upkeep
|turn|16
|
|move|p2a: Toxapex|Baneful Bunker|p2a: Toxapex
|-singleturn|p2a: Toxapex|move: Protect
|move|p1a: Conkeldurr|Earthquake|p2a: Toxapex
|-activate|p2a: Toxapex|move: Protect
|
|-damage|p1a: Conkeldurr|75/100 tox|[from] psn
|upkeep
|turn|17
|
|switch|p2a: Avalugg|Avalugg, M|34/100
|move|p1a: Conkeldurr|Earthquake|p2a: Avalugg
|-damage|p2a: Avalugg|11/100
|
|-damage|p1a: Conkeldurr|57/100 tox|[from] psn
|upkeep
|turn|18
|
|move|p1a: Conkeldurr|Drain Punch|p2a: Avalugg
|-supereffective|p2a: Avalugg
|-damage|p2a: Avalugg|0 fnt
|-heal|p1a: Conkeldurr|63/100 tox|[from] drain|[of] p2a: Avalugg
|faint|p2a: Avalugg
|
|-damage|p1a: Conkeldurr|38/100 tox|[from] psn
|upkeep
|
|switch|p2a: Corsola|Corsola-Galar, F|48/100 brn
|turn|19
|
|move|p1a: Conkeldurr|Earthquake|p2a: Corsola
|-damage|p2a: Corsola|6/100 brn
|move|p2a: Corsola|Strength Sap|p1a: Conkeldurr
|-unboost|p1a: Conkeldurr|atk|1
|-heal|p2a: Corsola|100/100 brn
|
|-damage|p1a: Conkeldurr|6/100 tox|[from] psn
|-damage|p2a: Corsola|94/100 brn|[from] brn
|upkeep
|turn|20
|
|move|p1a: Conkeldurr|Earthquake|p2a: Corsola
|-damage|p2a: Corsola|68/100 brn
|move|p2a: Corsola|Stealth Rock|p1a: Conkeldurr
|-sidestart|p1: JacarandaLovah|move: Stealth Rock
|
|-damage|p1a: Conkeldurr|0 fnt|[from] psn
|faint|p1a: Conkeldurr
|-damage|p2a: Corsola|62/100 brn|[from] brn
|upkeep
|
|switch|p1a: Toxapex|Toxapex, F|100/100 brn
|-damage|p1a: Toxapex|88/100 brn|[from] Stealth Rock
|-sideend|p1: JacarandaLovah|move: Toxic Spikes|[of] p1a: Toxapex
|turn|21
|inactive|JacarandaLovah has 120 seconds left.
|
|move|p1a: Toxapex|Scald|p2a: Corsola
|-damage|p2a: Corsola|54/100 brn
|move|p2a: Corsola|Strength Sap|p1a: Toxapex
|-unboost|p1a: Toxapex|atk|1
|-heal|p2a: Corsola|90/100 brn
|
|-heal|p1a: Toxapex|94/100 brn|[from] item: Black Sludge
|-damage|p1a: Toxapex|88/100 brn|[from] brn
|-damage|p2a: Corsola|84/100 brn|[from] brn
|upkeep
|turn|22
|inactive|JacarandaLovah has 120 seconds left.
|inactive|JacarandaLovah has 90 seconds left.
|inactive|JacarandaLovah has 60 seconds left.
|inactive|JacarandaLovah has 30 seconds left.
|
|switch|p1a: Toxtricity|Toxtricity, F|94/100 brn
|-damage|p1a: Toxtricity|82/100 brn|[from] Stealth Rock
|move|p2a: Corsola|Hex|p1a: Toxtricity
|-damage|p1a: Toxtricity|29/100 brn
|
|-damage|p1a: Toxtricity|23/100 brn|[from] brn
|-damage|p2a: Corsola|77/100 brn|[from] brn
|upkeep
|turn|23
|inactive|JacarandaLovah has 30 seconds left.
|
|move|p1a: Toxtricity|Overdrive|p2a: Corsola
|-damage|p2a: Corsola|38/100 brn
|-start|p1a: Toxtricity|Disable|Overdrive|[from] ability: Cursed Body|[of] p2a: Corsola
|move|p2a: Corsola|Strength Sap|p1a: Toxtricity
|-unboost|p1a: Toxtricity|atk|1
|-heal|p2a: Corsola|93/100 brn
|
|-damage|p1a: Toxtricity|17/100 brn|[from] brn
|-damage|p2a: Corsola|87/100 brn|[from] brn
|upkeep
|turn|24
|inactive|JacarandaLovah has 30 seconds left.
|
|switch|p1a: Corviknight|Corviknight, F|100/100
|-damage|p1a: Corviknight|88/100|[from] Stealth Rock
|-ability|p1a: Corviknight|Pressure
|move|p2a: Corsola|Will-O-Wisp|p1a: Corviknight
|-status|p1a: Corviknight|brn
|
|-heal|p1a: Corviknight|94/100 brn|[from] item: Leftovers
|-damage|p1a: Corviknight|88/100 brn|[from] brn
|-damage|p2a: Corsola|81/100 brn|[from] brn
|upkeep
|turn|25
|c|☆JacarandaLovah|How annoying.
|inactive|JacarandaLovah has 30 seconds left.
|c|☆JacarandaLovah|Don't have time for you now.
|c|☆MedicalMeme|:)
|c|☆JacarandaLovah|gg
|inactive|JacarandaLovah has 20 seconds left.
|-message|JacarandaLovah forfeited.
|
|win|MedicalMeme
|inactive|JacarandaLovah has 25 seconds left this turn.
|l|☆JacarandaLovah
|c|☆MedicalMeme|gg
|raw|JacarandaLovah's rating: 1143 → 1114(-29 for losing)
|raw|MedicalMeme's rating: 1084 → 1116(+32 for winning)
