|ScrapeTime|2020-01-01-07:05:50
|j|☆macrosecosmos
|j|☆bluemewgoddess
|player|p1|macrosecosmos|266|1356
|player|p2|bluemewgoddess|hilda-dueldisk|1311
|teamsize|p1|6
|teamsize|p2|6
|gametype|singles
|gen|8
|tier|[Gen 8] OU
|rated|
|rule|Sleep Clause Mod: Limit one foe put to sleep
|rule|Species Clause: Limit one of each Pokémon
|rule|OHKO Clause: OHKO moves are banned
|rule|Evasion Moves Clause: Evasion moves are banned
|rule|Endless Battle Clause: Forcing endless battles is banned
|rule|HP Percentage Mod: HP is shown in percentages
|clearpoke
|poke|p1|Morpeko, F|
|poke|p1|Weezing-Galar, F|
|poke|p1|Ferrothorn, F|
|poke|p1|Excadrill, F|
|poke|p1|Chandelure, M|
|poke|p1|Crawdaunt, F|
|poke|p2|Ditto|
|poke|p2|Corsola-Galar, F|
|poke|p2|Dragapult, F|
|poke|p2|Dracovish|
|poke|p2|Ferrothorn, M|
|poke|p2|Togekiss, F|
|rule|Dynamax Clause: You cannot dynamax
|teampreview
|
|start
|switch|p1a: Better Dracovish|Crawdaunt, F|100/100
|switch|p2a: Ferrothorn|Ferrothorn, M|100/100
|turn|1
|
|move|p1a: Better Dracovish|Knock Off|p2a: Ferrothorn
|-damage|p2a: Ferrothorn|38/100
|-damage|p1a: Better Dracovish|88/100|[from] ability: Iron Barbs|[of] p2a: Ferrothorn
|-damage|p1a: Better Dracovish|72/100|[from] item: Rocky Helmet|[of] p2a: Ferrothorn
|-enditem|p2a: Ferrothorn|Rocky Helmet|[from] move: Knock Off|[of] p1a: Better Dracovish
|move|p2a: Ferrothorn|Spikes|p1a: Better Dracovish
|-sidestart|p1: macrosecosmos|Spikes
|
|upkeep
|turn|2
|
|move|p1a: Better Dracovish|Knock Off|p2a: Ferrothorn
|-damage|p2a: Ferrothorn|0 fnt
|-damage|p1a: Better Dracovish|59/100|[from] ability: Iron Barbs|[of] p2a: Ferrothorn
|faint|p2a: Ferrothorn
|
|upkeep
|
|switch|p2a: Dragapult|Dragapult, F|100/100
|turn|3
|
|switch|p1a: xddddd|Ferrothorn, F|100/100
|-damage|p1a: xddddd|88/100|[from] Spikes
|move|p2a: Dragapult|Shadow Ball|p1a: xddddd
|-damage|p1a: xddddd|66/100
|
|upkeep
|turn|4
|
|move|p2a: Dragapult|Flamethrower|p1a: xddddd
|-supereffective|p1a: xddddd
|-damage|p1a: xddddd|0 fnt
|faint|p1a: xddddd
|
|upkeep
|
|switch|p1a: Dragapult Counter|Chandelure, M|100/100
|-damage|p1a: Dragapult Counter|88/100|[from] Spikes
|turn|5
|
|move|p1a: Dragapult Counter|Shadow Ball|p2a: Dragapult
|-supereffective|p2a: Dragapult
|-enditem|p2a: Dragapult|Focus Sash
|-damage|p2a: Dragapult|1/100
|move|p2a: Dragapult|Shadow Ball|p1a: Dragapult Counter
|-supereffective|p1a: Dragapult Counter
|-damage|p1a: Dragapult Counter|0 fnt
|faint|p1a: Dragapult Counter
|
|upkeep
|
|switch|p1a: Better Dracovish|Crawdaunt, F|59/100
|-damage|p1a: Better Dracovish|47/100|[from] Spikes
|turn|6
|
|switch|p2a: Corsola|Corsola-Galar, F|100/100
|move|p1a: Better Dracovish|Aqua Jet|p2a: Corsola
|-damage|p2a: Corsola|72/100
|-start|p1a: Better Dracovish|Disable|Aqua Jet|[from] ability: Cursed Body|[of] p2a: Corsola
|
|upkeep
|turn|7
|
|switch|p1a: Hamster|Morpeko, F|100/100
|-damage|p1a: Hamster|88/100|[from] Spikes
|switch|p2a: Togekiss|Togekiss, F|100/100
|
|-formechange|p1a: Hamster|Morpeko-Hangry||[from] ability: Hunger Switch
|upkeep
|turn|8
|
|move|p1a: Hamster|Thunder Punch|p2a: Togekiss
|-supereffective|p2a: Togekiss
|-damage|p2a: Togekiss|35/100
|-damage|p1a: Hamster|78/100|[from] item: Life Orb
|move|p2a: Togekiss|Dazzling Gleam|p1a: Hamster
|-supereffective|p1a: Hamster
|-damage|p1a: Hamster|0 fnt
|faint|p1a: Hamster
|
|upkeep
|
|switch|p1a: Spin|Excadrill, F|100/100
|-damage|p1a: Spin|88/100|[from] Spikes
|-ability|p1a: Spin|Mold Breaker
|turn|9
|
|move|p1a: Spin|Rapid Spin|p2a: Togekiss
|-damage|p2a: Togekiss|20/100
|-sideend|p1: macrosecosmos|Spikes|[from] move: Rapid Spin|[of] p1a: Spin
|-boost|p1a: Spin|spe|1
|-enditem|p2a: Togekiss|Aguav Berry|[eat]
|-heal|p2a: Togekiss|53/100|[from] item: Aguav Berry
|move|p2a: Togekiss|Flamethrower|p1a: Spin
|-supereffective|p1a: Spin
|-damage|p1a: Spin|18/100
|
|upkeep
|turn|10
|
|move|p1a: Spin|Iron Head|p2a: Togekiss
|-supereffective|p2a: Togekiss
|-damage|p2a: Togekiss|0 fnt
|faint|p2a: Togekiss
|
|upkeep
|
|switch|p2a: Ditto|Ditto|100/100
|-transform|p2a: Ditto|p1a: Spin|[from] ability: Imposter
|-ability|p2a: Ditto|Mold Breaker
|turn|11
|
|switch|p1a: Top Hat|Weezing-Galar, F|100/100
|move|p2a: Ditto|Earthquake|p1a: Top Hat
|-supereffective|p1a: Top Hat
|-damage|p1a: Top Hat|30/100
|
|-heal|p1a: Top Hat|36/100|[from] item: Black Sludge
|upkeep
|turn|12
|
|move|p2a: Ditto|Earthquake|p1a: Top Hat
|-supereffective|p1a: Top Hat
|-crit|p1a: Top Hat
|-damage|p1a: Top Hat|0 fnt
|faint|p1a: Top Hat
|
|upkeep
|
|switch|p1a: Better Dracovish|Crawdaunt, F|47/100
|turn|13
|
|move|p1a: Better Dracovish|Aqua Jet|p2a: Ditto
|-supereffective|p2a: Ditto
|-damage|p2a: Ditto|0 fnt
|faint|p2a: Ditto
|
|upkeep
|
|switch|p2a: Dracovish|Dracovish|100/100
|turn|14
|
|move|p1a: Better Dracovish|Aqua Jet|p2a: Dracovish
|-resisted|p2a: Dracovish
|-damage|p2a: Dracovish|89/100
|move|p2a: Dracovish|Fishious Rend|p1a: Better Dracovish
|-resisted|p1a: Better Dracovish
|-damage|p1a: Better Dracovish|0 fnt
|faint|p1a: Better Dracovish
|
|upkeep
|
|switch|p1a: Spin|Excadrill, F|18/100
|-ability|p1a: Spin|Mold Breaker
|turn|15
|
|move|p1a: Spin|Earthquake|p2a: Dracovish
|-damage|p2a: Dracovish|33/100
|move|p2a: Dracovish|Fishious Rend|p1a: Spin
|-supereffective|p1a: Spin
|-damage|p1a: Spin|0 fnt
|faint|p1a: Spin
|
|win|bluemewgoddess
|raw|macrosecosmos's rating: 1356 → 1333(-23 for losing)
|raw|bluemewgoddess's rating: 1311 → 1333(+22 for winning)
|l|☆macrosecosmos
