|ScrapeTime|2020-01-02-03:16:34
|j|☆R3d Pilgrim
|j|☆Brawndo Berry
|player|p1|R3d Pilgrim|2|1224
|player|p2|Brawndo Berry|veteran|1222
|teamsize|p1|6
|teamsize|p2|6
|gametype|singles
|gen|8
|tier|[Gen 8] OU
|rated|
|rule|Sleep Clause Mod: Limit one foe put to sleep
|rule|Species Clause: Limit one of each Pokémon
|rule|OHKO Clause: OHKO moves are banned
|rule|Evasion Moves Clause: Evasion moves are banned
|rule|Endless Battle Clause: Forcing endless battles is banned
|rule|HP Percentage Mod: HP is shown in percentages
|clearpoke
|poke|p1|Aegislash, M|
|poke|p1|Duraludon, F|
|poke|p1|Hydreigon, M|
|poke|p1|Cloyster, F|
|poke|p1|Toxicroak, F|
|poke|p1|Hatterene, F|
|poke|p2|Vanilluxe, M|
|poke|p2|Avalugg, F|
|poke|p2|Glaceon, M|
|poke|p2|Clefable, F|
|poke|p2|Cloyster, M|
|poke|p2|Sigilyph, M|
|rule|Dynamax Clause: You cannot dynamax
|teampreview
|c|☆Brawndo Berry|cloyster respect
|
|start
|switch|p1a: Hatterene|Hatterene, F|100/100
|switch|p2a: Cloyster|Cloyster, M, shiny|100/100
|turn|1
|
|move|p2a: Cloyster|Shell Smash|p2a: Cloyster
|-unboost|p2a: Cloyster|def|1
|-unboost|p2a: Cloyster|spd|1
|-boost|p2a: Cloyster|atk|2
|-boost|p2a: Cloyster|spa|2
|-boost|p2a: Cloyster|spe|2
|move|p1a: Hatterene|Trick Room|p1a: Hatterene
|-fieldstart|move: Trick Room|[of] p1a: Hatterene
|
|upkeep
|turn|2
|
|move|p1a: Hatterene|Psychic|p2a: Cloyster
|-damage|p2a: Cloyster|0 fnt
|faint|p2a: Cloyster
|
|upkeep
|
|switch|p2a: Sigilyph|Sigilyph, M|100/100
|turn|3
|
|switch|p1a: Hydreigon|Hydreigon, M|100/100
|move|p2a: Sigilyph|Cosmic Power|p2a: Sigilyph
|-boost|p2a: Sigilyph|def|1
|-boost|p2a: Sigilyph|spd|1
|
|upkeep
|turn|4
|
|move|p2a: Sigilyph|Cosmic Power|p2a: Sigilyph
|-boost|p2a: Sigilyph|def|1
|-boost|p2a: Sigilyph|spd|1
|move|p1a: Hydreigon|Dark Pulse|p2a: Sigilyph
|-supereffective|p2a: Sigilyph
|-damage|p2a: Sigilyph|40/100
|-enditem|p2a: Sigilyph|Weakness Policy
|-boost|p2a: Sigilyph|atk|2
|-boost|p2a: Sigilyph|spa|2
|
|upkeep
|turn|5
|
|move|p2a: Sigilyph|Roost|p2a: Sigilyph
|-heal|p2a: Sigilyph|90/100
|-singleturn|p2a: Sigilyph|move: Roost
|move|p1a: Hydreigon|Dark Pulse|p2a: Sigilyph
|-supereffective|p2a: Sigilyph
|-damage|p2a: Sigilyph|22/100
|
|-fieldend|move: Trick Room
|upkeep
|turn|6
|
|move|p1a: Hydreigon|Dark Pulse|p2a: Sigilyph
|-supereffective|p2a: Sigilyph
|-damage|p2a: Sigilyph|0 fnt
|faint|p2a: Sigilyph
|
|upkeep
|
|switch|p2a: Vanilluxe|Vanilluxe, M, shiny|100/100
|-weather|Hail|[from] ability: Snow Warning|[of] p2a: Vanilluxe
|turn|7
|
|switch|p1a: Duraludon|Duraludon, F|100/100
|move|p2a: Vanilluxe|Freeze-Dry|p1a: Duraludon
|-damage|p1a: Duraludon|42/100
|
|-weather|Hail|[upkeep]
|-damage|p1a: Duraludon|36/100|[from] Hail
|upkeep
|turn|8
|
|move|p2a: Vanilluxe|Freeze-Dry|p1a: Duraludon
|-damage|p1a: Duraludon|0 fnt
|faint|p1a: Duraludon
|
|-weather|Hail|[upkeep]
|upkeep
|
|switch|p1a: Aegislash|Aegislash, M|100/100
|turn|9
|
|switch|p2a: Clefable|Clefable, F, shiny|100/100
|move|p1a: Aegislash|Swords Dance|p1a: Aegislash
|-boost|p1a: Aegislash|atk|2
|
|-weather|Hail|[upkeep]
|-damage|p1a: Aegislash|94/100|[from] Hail
|upkeep
|turn|10
|
|move|p2a: Clefable|Encore|p1a: Aegislash
|-start|p1a: Aegislash|Encore
|move|p1a: Aegislash|Swords Dance|p1a: Aegislash
|-boost|p1a: Aegislash|atk|2
|
|-weather|Hail|[upkeep]
|-damage|p1a: Aegislash|88/100|[from] Hail
|upkeep
|turn|11
|
|switch|p1a: Hatterene|Hatterene, F|100/100
|move|p2a: Clefable|Flamethrower|p1a: Hatterene
|-damage|p1a: Hatterene|65/100
|
|-weather|none
|-heal|p1a: Hatterene|71/100|[from] item: Leftovers
|upkeep
|turn|12
|
|move|p2a: Clefable|Draining Kiss|p1a: Hatterene
|-damage|p1a: Hatterene|38/100
|move|p1a: Hatterene|Draining Kiss|p2a: Clefable
|-damage|p2a: Clefable|70/100
|-heal|p1a: Hatterene|62/100|[from] drain|[of] p2a: Clefable
|
|-heal|p1a: Hatterene|68/100|[from] item: Leftovers
|upkeep
|turn|13
|
|move|p2a: Clefable|Draining Kiss|p1a: Hatterene
|-damage|p1a: Hatterene|38/100
|-heal|p2a: Clefable|92/100|[from] drain|[of] p1a: Hatterene
|move|p1a: Hatterene|Draining Kiss|p2a: Clefable
|-damage|p2a: Clefable|62/100
|-heal|p1a: Hatterene|62/100|[from] drain|[of] p2a: Clefable
|
|-heal|p1a: Hatterene|68/100|[from] item: Leftovers
|upkeep
|turn|14
|
|move|p2a: Clefable|Draining Kiss|p1a: Hatterene
|-damage|p1a: Hatterene|36/100
|-heal|p2a: Clefable|84/100|[from] drain|[of] p1a: Hatterene
|move|p1a: Hatterene|Trick Room|p1a: Hatterene
|-fieldstart|move: Trick Room|[of] p1a: Hatterene
|
|-heal|p1a: Hatterene|42/100|[from] item: Leftovers
|upkeep
|turn|15
|c|☆Brawndo Berry|o no
|
|switch|p2a: Avalugg|Avalugg, F, shiny|100/100
|move|p1a: Hatterene|Draining Kiss|p2a: Avalugg
|-damage|p2a: Avalugg|53/100
|-heal|p1a: Hatterene|86/100|[from] drain|[of] p2a: Avalugg
|
|-heal|p1a: Hatterene|92/100|[from] item: Leftovers
|upkeep
|turn|16
|
|switch|p1a: Aegislash|Aegislash, M|88/100
|move|p2a: Avalugg|Recover|p2a: Avalugg
|-heal|p2a: Avalugg|100/100
|
|upkeep
|turn|17
|
|move|p2a: Avalugg|Earthquake|p1a: Aegislash
|-supereffective|p1a: Aegislash
|-damage|p1a: Aegislash|35/100
|-enditem|p1a: Aegislash|Weakness Policy
|-boost|p1a: Aegislash|atk|2
|-boost|p1a: Aegislash|spa|2
|move|p1a: Aegislash|Swords Dance|p1a: Aegislash
|-boost|p1a: Aegislash|atk|2
|
|upkeep
|turn|18
|
|move|p1a: Aegislash|King's Shield|p1a: Aegislash
|-singleturn|p1a: Aegislash|Protect
|move|p2a: Avalugg|Earthquake|p1a: Aegislash
|-activate|p1a: Aegislash|move: Protect
|
|-fieldend|move: Trick Room
|upkeep
|turn|19
|
|-formechange|p1a: Aegislash|Aegislash-Blade||[from] ability: Stance Change
|move|p1a: Aegislash|Close Combat|p2a: Avalugg
|-supereffective|p2a: Avalugg
|-damage|p2a: Avalugg|0 fnt
|-unboost|p1a: Aegislash|def|1
|-unboost|p1a: Aegislash|spd|1
|faint|p2a: Avalugg
|
|upkeep
|
|switch|p2a: Glaceon|Glaceon, M, shiny|100/100
|turn|20
|
|move|p1a: Aegislash|Shadow Sneak|p2a: Glaceon
|-damage|p2a: Glaceon|20/100
|move|p2a: Glaceon|Shadow Ball|p1a: Aegislash
|-supereffective|p1a: Aegislash
|-damage|p1a: Aegislash|0 fnt
|faint|p1a: Aegislash
|
|upkeep
|
|switch|p1a: Hydreigon|Hydreigon, M|100/100
|turn|21
|
|move|p1a: Hydreigon|Flash Cannon|p2a: Glaceon
|-supereffective|p2a: Glaceon
|-damage|p2a: Glaceon|0 fnt
|faint|p2a: Glaceon
|
|upkeep
|
|switch|p2a: Vanilluxe|Vanilluxe, M, shiny|100/100
|-weather|Hail|[from] ability: Snow Warning|[of] p2a: Vanilluxe
|turn|22
|
|move|p2a: Vanilluxe|Blizzard|p1a: Hydreigon
|-supereffective|p1a: Hydreigon
|-damage|p1a: Hydreigon|0 fnt
|faint|p1a: Hydreigon
|
|-weather|Hail|[upkeep]
|upkeep
|
|switch|p1a: Cloyster|Cloyster, F|100/100
|turn|23
|
|move|p2a: Vanilluxe|Blizzard|p1a: Cloyster
|-resisted|p1a: Cloyster
|-damage|p1a: Cloyster|63/100
|move|p1a: Cloyster|Rock Blast|p2a: Vanilluxe
|-supereffective|p2a: Vanilluxe
|-damage|p2a: Vanilluxe|78/100
|-supereffective|p2a: Vanilluxe
|-damage|p2a: Vanilluxe|55/100
|-supereffective|p2a: Vanilluxe
|-damage|p2a: Vanilluxe|32/100
|-supereffective|p2a: Vanilluxe
|-damage|p2a: Vanilluxe|12/100
|-supereffective|p2a: Vanilluxe
|-damage|p2a: Vanilluxe|0 fnt
|-hitcount|p2a: Vanilluxe|5
|faint|p2a: Vanilluxe
|
|-weather|Hail|[upkeep]
|upkeep
|
|switch|p2a: Clefable|Clefable, F, shiny|84/100
|turn|24
|
|move|p1a: Cloyster|Icicle Spear|p2a: Clefable
|-damage|p2a: Clefable|68/100
|-damage|p2a: Clefable|53/100
|-damage|p2a: Clefable|39/100
|-damage|p2a: Clefable|24/100
|-damage|p2a: Clefable|10/100
|-hitcount|p2a: Clefable|5
|move|p2a: Clefable|Draining Kiss|p1a: Cloyster
|-crit|p1a: Cloyster
|-damage|p1a: Cloyster|0 fnt
|-heal|p2a: Clefable|43/100|[from] drain|[of] p1a: Cloyster
|faint|p1a: Cloyster
|
|-weather|Hail|[upkeep]
|upkeep
|
|switch|p1a: Toxicroak|Toxicroak, F|100/100
|turn|25
|
|move|p1a: Toxicroak|Poison Jab|p2a: Clefable
|-supereffective|p2a: Clefable
|-damage|p2a: Clefable|0 fnt
|faint|p2a: Clefable
|
|win|R3d Pilgrim
|c|☆Brawndo Berry|gg
|raw|R3d Pilgrim's rating: 1224 → 1249(+25 for winning)
|raw|Brawndo Berry's rating: 1222 → 1197(-25 for losing)
|l|☆Brawndo Berry
