|ScrapeTime|2020-01-01-18:08:39
|j|☆Matt_Web
|j|☆Mynameisvax
|player|p1|Matt_Web|170|1155
|player|p2|Mynameisvax|youngster-gen4|1128
|teamsize|p1|6
|teamsize|p2|6
|gametype|singles
|gen|8
|tier|[Gen 8] OU
|rated|
|rule|Sleep Clause Mod: Limit one foe put to sleep
|rule|Species Clause: Limit one of each Pokémon
|rule|OHKO Clause: OHKO moves are banned
|rule|Evasion Moves Clause: Evasion moves are banned
|rule|Endless Battle Clause: Forcing endless battles is banned
|rule|HP Percentage Mod: HP is shown in percentages
|clearpoke
|poke|p1|Excadrill, M|
|poke|p1|Grimmsnarl, M|
|poke|p1|Ditto|
|poke|p1|Polteageist|
|poke|p1|Seismitoad, F|
|poke|p1|Ferrothorn, M|
|poke|p2|Aegislash, F|
|poke|p2|Cinderace, M|
|poke|p2|Dragapult, F|
|poke|p2|Seismitoad, F|
|poke|p2|Toxtricity, M|
|poke|p2|Grimmsnarl, M|
|rule|Dynamax Clause: You cannot dynamax
|teampreview
|inactive|Battle timer is ON: inactive players will automatically lose when time's up. (requested by Matt_Web)
|
|start
|switch|p1a: Grimmsnarl|Grimmsnarl, M|100/100
|switch|p2a: Seismitoad|Seismitoad, F|100/100
|turn|1
|
|move|p1a: Grimmsnarl|Taunt|p2a: Seismitoad
|-start|p2a: Seismitoad|move: Taunt
|cant|p2a: Seismitoad|move: Taunt|Toxic
|
|upkeep
|turn|2
|
|switch|p2a: Grimmsnarl|Grimmsnarl, M|100/100
|move|p1a: Grimmsnarl|Light Screen|p1a: Grimmsnarl
|-sidestart|p1: Matt_Web|move: Light Screen
|
|upkeep
|turn|3
|
|move|p1a: Grimmsnarl|Taunt|p2a: Grimmsnarl
|-hint|Since gen 7, Dark is immune to Prankster moves.
|-immune|p2a: Grimmsnarl
|move|p2a: Grimmsnarl|Spirit Break|p1a: Grimmsnarl
|-supereffective|p1a: Grimmsnarl
|-damage|p1a: Grimmsnarl|21/100
|-unboost|p1a: Grimmsnarl|spa|1
|
|upkeep
|turn|4
|
|move|p2a: Grimmsnarl|Substitute|p2a: Grimmsnarl
|-start|p2a: Grimmsnarl|Substitute
|-damage|p2a: Grimmsnarl|76/100
|move|p1a: Grimmsnarl|Reflect|p1a: Grimmsnarl
|-sidestart|p1: Matt_Web|Reflect
|
|-heal|p2a: Grimmsnarl|82/100|[from] item: Leftovers
|upkeep
|turn|5
|
|move|p2a: Grimmsnarl|Bulk Up|p2a: Grimmsnarl
|-boost|p2a: Grimmsnarl|atk|1
|-boost|p2a: Grimmsnarl|def|1
|move|p1a: Grimmsnarl|Spirit Break|p2a: Grimmsnarl
|-supereffective|p2a: Grimmsnarl
|-end|p2a: Grimmsnarl|Substitute
|
|-heal|p2a: Grimmsnarl|88/100|[from] item: Leftovers
|upkeep
|turn|6
|
|move|p2a: Grimmsnarl|Spirit Break|p1a: Grimmsnarl
|-supereffective|p1a: Grimmsnarl
|-damage|p1a: Grimmsnarl|0 fnt
|faint|p1a: Grimmsnarl
|
|-heal|p2a: Grimmsnarl|94/100|[from] item: Leftovers
|upkeep
|
|switch|p1a: Excadrill|Excadrill, M|100/100
|-ability|p1a: Excadrill|Mold Breaker
|turn|7
|
|move|p1a: Excadrill|Iron Head|p2a: Grimmsnarl
|-supereffective|p2a: Grimmsnarl
|-damage|p2a: Grimmsnarl|20/100
|move|p2a: Grimmsnarl|Darkest Lariat|p1a: Excadrill
|-damage|p1a: Excadrill|56/100
|
|-heal|p2a: Grimmsnarl|26/100|[from] item: Leftovers
|upkeep
|turn|8
|
|switch|p2a: Aegislash|Aegislash, F|100/100
|move|p1a: Excadrill|Iron Head|p2a: Aegislash
|-resisted|p2a: Aegislash
|-damage|p2a: Aegislash|82/100
|
|-heal|p2a: Aegislash|88/100|[from] item: Leftovers
|upkeep
|turn|9
|
|switch|p1a: Seismitoad|Seismitoad, F|100/100
|move|p2a: Aegislash|King's Shield||[still]
|-fail|p2a: Aegislash
|
|-heal|p2a: Aegislash|95/100|[from] item: Leftovers
|-sideend|p1: Matt_Web|move: Light Screen
|upkeep
|turn|10
|
|switch|p2a: Seismitoad|Seismitoad, F|100/100
|move|p1a: Seismitoad|Earth Power|p2a: Seismitoad
|-damage|p2a: Seismitoad|58/100
|
|-heal|p2a: Seismitoad|65/100|[from] item: Leftovers
|upkeep
|turn|11
|
|switch|p1a: Ferrothorn|Ferrothorn, M|100/100
|move|p2a: Seismitoad|Toxic|p1a: Ferrothorn
|-immune|p1a: Ferrothorn
|
|-heal|p2a: Seismitoad|71/100|[from] item: Leftovers
|-sideend|p1: Matt_Web|Reflect
|upkeep
|turn|12
|
|switch|p2a: Cinderace|Cinderace, M|100/100
|move|p1a: Ferrothorn|Leech Seed|p2a: Cinderace
|-start|p2a: Cinderace|move: Leech Seed
|
|-damage|p2a: Cinderace|88/100|[from] Leech Seed|[of] p1a: Ferrothorn
|upkeep
|turn|13
|
|switch|p1a: Seismitoad|Seismitoad, F|100/100
|move|p2a: Cinderace|High Jump Kick|p1a: Seismitoad
|-damage|p1a: Seismitoad|57/100
|
|-damage|p2a: Cinderace|76/100|[from] Leech Seed|[of] p1a: Seismitoad
|-heal|p1a: Seismitoad|65/100|[silent]
|upkeep
|turn|14
|
|move|p2a: Cinderace|U-turn|p1a: Seismitoad
|-damage|p1a: Seismitoad|43/100
|
|switch|p2a: Seismitoad|Seismitoad, F|71/100|[from]move: U-turn
|move|p1a: Seismitoad|Earth Power|p2a: Seismitoad
|-damage|p2a: Seismitoad|29/100
|
|-heal|p2a: Seismitoad|35/100|[from] item: Leftovers
|upkeep
|turn|15
|
|move|p1a: Seismitoad|Earth Power|p2a: Seismitoad
|-damage|p2a: Seismitoad|0 fnt
|faint|p2a: Seismitoad
|
|upkeep
|inactive|Mynameisvax has 120 seconds left.
|
|switch|p2a: Dragapult|Dragapult, F|100/100
|turn|16
|
|move|p2a: Dragapult|Shadow Ball|p1a: Seismitoad
|-damage|p1a: Seismitoad|8/100
|move|p1a: Seismitoad|Scald|p2a: Dragapult
|-resisted|p2a: Dragapult
|-damage|p2a: Dragapult|77/100
|
|upkeep
|turn|17
|
|move|p2a: Dragapult|Shadow Ball|p1a: Seismitoad
|-damage|p1a: Seismitoad|0 fnt
|faint|p1a: Seismitoad
|
|upkeep
|
|switch|p1a: Ditto|Ditto|100/100
|-transform|p1a: Ditto|p2a: Dragapult|[from] ability: Imposter
|turn|18
|
|switch|p2a: Grimmsnarl|Grimmsnarl, M|26/100
|move|p1a: Ditto|Shadow Ball|p2a: Grimmsnarl
|-resisted|p2a: Grimmsnarl
|-damage|p2a: Grimmsnarl|13/100
|
|-heal|p2a: Grimmsnarl|19/100|[from] item: Leftovers
|upkeep
|turn|19
|
|switch|p1a: Ferrothorn|Ferrothorn, M|100/100
|move|p2a: Grimmsnarl|Spirit Break|p1a: Ferrothorn
|-resisted|p1a: Ferrothorn
|-damage|p1a: Ferrothorn|90/100
|-unboost|p1a: Ferrothorn|spa|1
|
|-heal|p2a: Grimmsnarl|25/100|[from] item: Leftovers
|-heal|p1a: Ferrothorn|96/100|[from] item: Leftovers
|upkeep
|turn|20
|
|switch|p2a: Cinderace|Cinderace, M|76/100
|move|p1a: Ferrothorn|Body Press|p2a: Cinderace
|-damage|p2a: Cinderace|30/100
|
|-heal|p1a: Ferrothorn|100/100|[from] item: Leftovers
|upkeep
|turn|21
|
|switch|p1a: Polteageist|Polteageist|100/100
|move|p2a: Cinderace|U-turn|p1a: Polteageist
|-resisted|p1a: Polteageist
|-damage|p1a: Polteageist|79/100
|-start|p2a: Cinderace|Disable|U-turn|[from] ability: Cursed Body|[of] p1a: Polteageist
|
|switch|p2a: Dragapult|Dragapult, F|77/100|[from]move: U-turn
|
|upkeep
|turn|22
|
|switch|p1a: Ferrothorn|Ferrothorn, M|100/100
|move|p2a: Dragapult|Shadow Ball|p1a: Ferrothorn
|-damage|p1a: Ferrothorn|58/100
|
|-heal|p1a: Ferrothorn|65/100|[from] item: Leftovers
|upkeep
|turn|23
|
|move|p2a: Dragapult|Shadow Ball|p1a: Ferrothorn
|-damage|p1a: Ferrothorn|16/100
|move|p1a: Ferrothorn|Leech Seed|p2a: Dragapult
|-start|p2a: Dragapult|move: Leech Seed
|
|-heal|p1a: Ferrothorn|22/100|[from] item: Leftovers
|-damage|p2a: Dragapult|65/100|[from] Leech Seed|[of] p1a: Ferrothorn
|-heal|p1a: Ferrothorn|33/100|[silent]
|upkeep
|turn|24
|
|move|p2a: Dragapult|Shadow Ball|p1a: Ferrothorn
|-damage|p1a: Ferrothorn|0 fnt
|faint|p1a: Ferrothorn
|
|upkeep
|
|switch|p1a: Ditto|Ditto|100/100
|-transform|p1a: Ditto|p2a: Dragapult|[from] ability: Imposter
|turn|25
|
|switch|p2a: Grimmsnarl|Grimmsnarl, M|25/100
|move|p1a: Ditto|Shadow Ball|p2a: Grimmsnarl
|-resisted|p2a: Grimmsnarl
|-damage|p2a: Grimmsnarl|10/100
|
|-heal|p2a: Grimmsnarl|16/100|[from] item: Leftovers
|upkeep
|turn|26
|
|move|p1a: Ditto|Shadow Ball|p2a: Grimmsnarl
|-resisted|p2a: Grimmsnarl
|-damage|p2a: Grimmsnarl|2/100
|-unboost|p2a: Grimmsnarl|spd|1
|move|p2a: Grimmsnarl|Darkest Lariat|p1a: Ditto
|-supereffective|p1a: Ditto
|-damage|p1a: Ditto|0 fnt
|faint|p1a: Ditto
|
|-heal|p2a: Grimmsnarl|8/100|[from] item: Leftovers
|upkeep
|
|switch|p1a: Polteageist|Polteageist|79/100
|turn|27
|
|move|p1a: Polteageist|Giga Drain|p2a: Grimmsnarl
|-damage|p2a: Grimmsnarl|0 fnt
|-heal|p1a: Polteageist|85/100|[from] drain|[of] p2a: Grimmsnarl
|faint|p2a: Grimmsnarl
|
|upkeep
|
|switch|p2a: Aegislash|Aegislash, F|95/100
|turn|28
|
|-formechange|p2a: Aegislash|Aegislash-Blade||[from] ability: Stance Change
|move|p2a: Aegislash|Shadow Sneak|p1a: Polteageist
|-supereffective|p1a: Polteageist
|-damage|p1a: Polteageist|0 fnt
|faint|p1a: Polteageist
|
|-heal|p2a: Aegislash|100/100|[from] item: Leftovers
|upkeep
|
|switch|p1a: Excadrill|Excadrill, M|56/100
|-ability|p1a: Excadrill|Mold Breaker
|turn|29
|
|move|p1a: Excadrill|Earthquake|p2a: Aegislash
|-supereffective|p2a: Aegislash
|-damage|p2a: Aegislash|0 fnt
|faint|p2a: Aegislash
|
|upkeep
|
|switch|p2a: Dragapult|Dragapult, F|65/100
|turn|30
|
|move|p1a: Excadrill|Earthquake|p2a: Dragapult
|-damage|p2a: Dragapult|0 fnt
|faint|p2a: Dragapult
|
|upkeep
|
|switch|p2a: Cinderace|Cinderace, M|30/100
|turn|31
|c|☆Matt_Web|is this clean up?
|
|move|p1a: Excadrill|Earthquake|p2a: Cinderace
|-supereffective|p2a: Cinderace
|-damage|p2a: Cinderace|0 fnt
|faint|p2a: Cinderace
|
|upkeep
|
|switch|p2a: Toxtricity|Toxtricity, M|100/100
|turn|32
|
|move|p1a: Excadrill|Earthquake|p2a: Toxtricity
|-supereffective|p2a: Toxtricity
|-damage|p2a: Toxtricity|0 fnt
|faint|p2a: Toxtricity
|
|win|Matt_Web
|c|☆Mynameisvax|yep
|c|☆Mynameisvax|gg
|l|☆Mynameisvax
|c|☆Matt_Web|gg
|raw|Matt_Web's rating: 1155 → 1179(+24 for winning)
|raw|Mynameisvax's rating: 1129 → 1106(-23 for losing)
