|ScrapeTime|2020-01-02-15:15:24
|j|☆Maitrix
|j|☆Qanon420
|player|p1|Maitrix|169|1177
|player|p2|Qanon420|brock|1215
|teamsize|p1|6
|teamsize|p2|6
|gametype|singles
|gen|8
|tier|[Gen 8] OU
|rated|
|rule|Sleep Clause Mod: Limit one foe put to sleep
|rule|Species Clause: Limit one of each Pokémon
|rule|OHKO Clause: OHKO moves are banned
|rule|Evasion Moves Clause: Evasion moves are banned
|rule|Endless Battle Clause: Forcing endless battles is banned
|rule|HP Percentage Mod: HP is shown in percentages
|clearpoke
|poke|p1|Carkol, F|
|poke|p1|Excadrill, M|
|poke|p1|Grimmsnarl, M|
|poke|p1|Rotom-Mow|
|poke|p1|Gastrodon, F|
|poke|p1|Dracovish|
|poke|p2|Charizard, M|
|poke|p2|Quagsire, M|
|poke|p2|Galvantula, M|
|poke|p2|Excadrill, M|
|poke|p2|Bisharp, M|
|poke|p2|Espeon, M|
|rule|Dynamax Clause: You cannot dynamax
|teampreview
|
|start
|switch|p1a: Carkol|Carkol, F|100/100
|switch|p2a: Espeon|Espeon, M|100/100
|turn|1
|c|☆Qanon420|Carkol? Galaxy Brain Tech incoming?
|c|☆Qanon420|Gl hf
|c|☆Qanon420|I love new sets
|
|switch|p1a: Grimmsnarl|Grimmsnarl, M|100/100
|move|p2a: Espeon|Reflect|p2a: Espeon
|-sidestart|p2: Qanon420|Reflect
|
|upkeep
|turn|2
|
|switch|p2a: Bisharp|Bisharp, M|100/100
|move|p1a: Grimmsnarl|Light Screen|p1a: Grimmsnarl
|-sidestart|p1: Maitrix|move: Light Screen
|
|upkeep
|turn|3
|
|switch|p1a: Excadrill|Excadrill, M|100/100
|-ability|p1a: Excadrill|Mold Breaker
|move|p2a: Bisharp|Thunder Wave|p1a: Excadrill
|-immune|p1a: Excadrill
|
|upkeep
|turn|4
|
|switch|p2a: Charizard|Charizard, M|100/100
|move|p1a: Excadrill|Stealth Rock|p2a: Charizard
|-sidestart|p2: Qanon420|move: Stealth Rock
|
|upkeep
|turn|5
|
|switch|p1a: Carkol|Carkol, F|100/100
|move|p2a: Charizard|Flamethrower|p1a: Carkol
|-resisted|p1a: Carkol
|-damage|p1a: Carkol|97/100
|-ability|p1a: Carkol|Steam Engine|boost
|-boost|p1a: Carkol|spe|6
|
|upkeep
|turn|6
|
|move|p2a: Charizard|Endure|p2a: Charizard
|-singleturn|p2a: Charizard|move: Endure
|move|p1a: Carkol|Spikes|p2a: Charizard
|-sidestart|p2: Qanon420|Spikes
|
|upkeep
|turn|7
|
|switch|p2a: Excadrill|Excadrill, M|100/100
|-damage|p2a: Excadrill|97/100|[from] Stealth Rock
|-damage|p2a: Excadrill|85/100|[from] Spikes
|-ability|p2a: Excadrill|Mold Breaker
|move|p1a: Carkol|Spikes|p2a: Excadrill
|-sidestart|p2: Qanon420|Spikes
|
|upkeep
|turn|8
|
|move|p1a: Carkol|Burn Up|p2a: Excadrill
|-supereffective|p2a: Excadrill
|-damage|p2a: Excadrill|0 fnt
|-start|p1a: Carkol|typechange|Rock/???|[from] move: Burn Up
|faint|p2a: Excadrill
|
|-sideend|p2: Qanon420|Reflect
|upkeep
|
|switch|p2a: Bisharp|Bisharp, M|100/100
|-damage|p2a: Bisharp|94/100|[from] Stealth Rock
|-damage|p2a: Bisharp|78/100|[from] Spikes
|turn|9
|
|move|p1a: Carkol|Body Press|p2a: Bisharp
|-supereffective|p2a: Bisharp
|-enditem|p2a: Bisharp|Chople Berry|[eat]
|-enditem|p2a: Bisharp|Chople Berry|[weaken]
|-damage|p2a: Bisharp|38/100
|move|p2a: Bisharp|Thunder Wave|p1a: Carkol
|-status|p1a: Carkol|par
|
|-sideend|p1: Maitrix|move: Light Screen
|upkeep
|turn|10
|
|move|p1a: Carkol|Body Press|p2a: Bisharp
|-supereffective|p2a: Bisharp
|-damage|p2a: Bisharp|0 fnt
|faint|p2a: Bisharp
|
|upkeep
|c|☆Qanon420|Carkol is cool
|c|☆Qanon420|Change my mind
|
|switch|p2a: Quagsire|Quagsire, M|100/100
|-damage|p2a: Quagsire|84/100|[from] Spikes
|-damage|p2a: Quagsire|78/100|[from] Stealth Rock
|turn|11
|
|switch|p1a: Rotom|Rotom-Mow|100/100
|move|p2a: Quagsire|Scald|p1a: Rotom
|-resisted|p1a: Rotom
|-damage|p1a: Rotom|88/100
|
|-heal|p2a: Quagsire|84/100|[from] item: Leftovers
|upkeep
|turn|12
|c|☆Qanon420|That carkol got me shook
|c|☆Qanon420|Gg lmaoooo
|c|☆Qanon420|Savin this
|-message|Qanon420 forfeited.
|
|win|Maitrix
|l|☆Qanon420
|raw|Maitrix's rating: 1155 → 1184(+29 for winning)
|raw|Qanon420's rating: 1215 → 1186(-29 for losing)
|j|☆Qanon420
|player|p2|Qanon420|brock
