|ScrapeTime|2020-01-01-14:04:55
|j|☆Matsou
|j|☆The Super Seviper
|player|p1|Matsou|grimsley|1262
|player|p2|The Super Seviper|101|1297
|teamsize|p1|6
|teamsize|p2|6
|gametype|singles
|gen|8
|tier|[Gen 8] OU
|rated|
|rule|Sleep Clause Mod: Limit one foe put to sleep
|rule|Species Clause: Limit one of each Pokémon
|rule|OHKO Clause: OHKO moves are banned
|rule|Evasion Moves Clause: Evasion moves are banned
|rule|Endless Battle Clause: Forcing endless battles is banned
|rule|HP Percentage Mod: HP is shown in percentages
|clearpoke
|poke|p1|Corviknight, M|
|poke|p1|Rotom-Wash|
|poke|p1|Dragapult, M|
|poke|p1|Excadrill, F|
|poke|p1|Corsola-Galar, F|
|poke|p1|Hatterene, F|
|poke|p2|Coalossal, F|
|poke|p2|Clefable, M|
|poke|p2|Ferrothorn, F|
|poke|p2|Seismitoad, M|
|poke|p2|Hawlucha, M|
|poke|p2|Frosmoth, M|
|rule|Dynamax Clause: You cannot dynamax
|teampreview
|inactive|Battle timer is ON: inactive players will automatically lose when time's up. (requested by Matsou)
|
|start
|switch|p1a: Hatterene|Hatterene, F|100/100
|switch|p2a: Seismitoad|Seismitoad, M|100/100
|turn|1
|
|move|p2a: Seismitoad|Earthquake|p1a: Hatterene
|-damage|p1a: Hatterene|65/100
|move|p1a: Hatterene|Giga Drain|p2a: Seismitoad
|-supereffective|p2a: Seismitoad
|-damage|p2a: Seismitoad|0 fnt
|-heal|p1a: Hatterene|100/100|[from] drain|[of] p2a: Seismitoad
|faint|p2a: Seismitoad
|
|upkeep
|
|switch|p2a: Frosmoth|Frosmoth, M|100/100
|turn|2
|
|switch|p2a: Marge|Coalossal, F, shiny|100/100
|move|p1a: Hatterene|Mystical Fire|p2a: Marge
|-resisted|p2a: Marge
|-damage|p2a: Marge|93/100
|-ability|p2a: Marge|Steam Engine|boost
|-boost|p2a: Marge|spe|6
|-unboost|p2a: Marge|spa|1
|
|upkeep
|turn|3
|
|switch|p1a: Rotom|Rotom-Wash|100/100
|move|p2a: Marge|Flare Blitz|p1a: Rotom
|-resisted|p1a: Rotom
|-damage|p1a: Rotom|73/100
|-damage|p2a: Marge|86/100|[from] Recoil
|
|upkeep
|turn|4
|
|switch|p2a: Ferrothorn|Ferrothorn, F|100/100
|move|p1a: Rotom|Hydro Pump|p2a: Ferrothorn
|-resisted|p2a: Ferrothorn
|-damage|p2a: Ferrothorn|82/100
|
|upkeep
|turn|5
|
|move|p1a: Rotom|Volt Switch|p2a: Ferrothorn
|-resisted|p2a: Ferrothorn
|-damage|p2a: Ferrothorn|72/100
|
|switch|p1a: Hatterene|Hatterene, F|100/100|[from]move: Volt Switch
|move|p2a: Ferrothorn|Gyro Ball|p1a: Hatterene
|-supereffective|p1a: Hatterene
|-damage|p1a: Hatterene|55/100
|
|upkeep
|turn|6
|
|move|p1a: Hatterene|Psychic|p2a: Ferrothorn
|-resisted|p2a: Ferrothorn
|-damage|p2a: Ferrothorn|50/100
|move|p2a: Ferrothorn|Gyro Ball|p1a: Hatterene
|-supereffective|p1a: Hatterene
|-damage|p1a: Hatterene|11/100
|
|upkeep
|turn|7
|
|switch|p2a: Marge|Coalossal, F, shiny|86/100
|move|p1a: Hatterene|Mystical Fire|p2a: Marge
|-resisted|p2a: Marge
|-damage|p2a: Marge|79/100
|-ability|p2a: Marge|Steam Engine|boost
|-boost|p2a: Marge|spe|6
|-unboost|p2a: Marge|spa|1
|
|upkeep
|turn|8
|
|switch|p1a: Rotom|Rotom-Wash|73/100
|move|p2a: Marge|Flare Blitz|p1a: Rotom
|-resisted|p1a: Rotom
|-damage|p1a: Rotom|48/100
|-damage|p2a: Marge|72/100|[from] Recoil
|
|upkeep
|turn|9
|
|switch|p2a: Ferrothorn|Ferrothorn, F|50/100
|move|p1a: Rotom|Thunder Wave|p2a: Ferrothorn
|-status|p2a: Ferrothorn|par
|
|upkeep
|turn|10
|
|move|p1a: Rotom|Volt Switch|p2a: Ferrothorn
|-resisted|p2a: Ferrothorn
|-damage|p2a: Ferrothorn|40/100 par
|
|switch|p1a: Dragapult|Dragapult, M|100/100|[from]move: Volt Switch
|move|p2a: Ferrothorn|Spikes|p1a: Dragapult
|-sidestart|p1: Matsou|Spikes
|
|upkeep
|turn|11
|
|switch|p2a: Marge|Coalossal, F, shiny|72/100
|move|p1a: Dragapult|Fire Blast|p2a: Marge
|-resisted|p2a: Marge
|-damage|p2a: Marge|63/100
|-ability|p2a: Marge|Steam Engine|boost
|-boost|p2a: Marge|spe|6
|-damage|p1a: Dragapult|91/100|[from] item: Life Orb
|
|upkeep
|turn|12
|
|move|p2a: Marge|Stone Edge|p1a: Dragapult|[miss]
|-miss|p2a: Marge|p1a: Dragapult
|move|p1a: Dragapult|Draco Meteor|p2a: Marge
|-damage|p2a: Marge|0 fnt
|-unboost|p1a: Dragapult|spa|2
|-damage|p1a: Dragapult|81/100|[from] item: Life Orb
|faint|p2a: Marge
|
|upkeep
|
|switch|p2a: Clefable|Clefable, M|100/100
|turn|13
|
|move|p1a: Dragapult|U-turn|p2a: Clefable
|-resisted|p2a: Clefable
|-damage|p2a: Clefable|85/100
|-damage|p1a: Dragapult|71/100|[from] item: Life Orb
|
|switch|p1a: Excadrill|Excadrill, F|100/100|[from]move: U-turn
|-damage|p1a: Excadrill|88/100|[from] Spikes
|-ability|p1a: Excadrill|Mold Breaker
|move|p2a: Clefable|Flamethrower|p1a: Excadrill
|-supereffective|p1a: Excadrill
|-damage|p1a: Excadrill|0 fnt
|faint|p1a: Excadrill
|
|upkeep
|
|switch|p1a: Rotom|Rotom-Wash|48/100
|turn|14
|
|move|p2a: Clefable|Moonblast|p1a: Rotom
|-damage|p1a: Rotom|0 fnt
|faint|p1a: Rotom
|
|upkeep
|
|switch|p1a: Corviknight|Corviknight, M|100/100
|turn|15
|
|move|p2a: Clefable|Flamethrower|p1a: Corviknight
|-supereffective|p1a: Corviknight
|-damage|p1a: Corviknight|29/100
|move|p1a: Corviknight|Defog|p2a: Clefable
|-unboost|p2a: Clefable|evasion|1
|-sideend|p1: Matsou|Spikes|[from] move: Defog|[of] p1a: Corviknight
|
|-heal|p1a: Corviknight|35/100|[from] item: Leftovers
|upkeep
|turn|16
|
|move|p2a: Clefable|Flamethrower|p1a: Corviknight
|-supereffective|p1a: Corviknight
|-damage|p1a: Corviknight|0 fnt
|faint|p1a: Corviknight
|
|upkeep
|
|switch|p1a: Corsola|Corsola-Galar, F|100/100
|turn|17
|
|switch|p2a: Frosmoth|Frosmoth, M|100/100
|move|p1a: Corsola|Stealth Rock|p2a: Frosmoth
|-sidestart|p2: The Super Seviper|move: Stealth Rock
|
|upkeep
|turn|18
|
|switch|p1a: Dragapult|Dragapult, M|71/100
|move|p2a: Frosmoth|Quiver Dance|p2a: Frosmoth
|-boost|p2a: Frosmoth|spa|1
|-boost|p2a: Frosmoth|spd|1
|-boost|p2a: Frosmoth|spe|1
|
|upkeep
|turn|19
|
|move|p1a: Dragapult|Fire Blast|p2a: Frosmoth
|-supereffective|p2a: Frosmoth
|-damage|p2a: Frosmoth|26/100
|-damage|p1a: Dragapult|61/100|[from] item: Life Orb
|move|p2a: Frosmoth|Ice Beam|p1a: Dragapult
|-supereffective|p1a: Dragapult
|-damage|p1a: Dragapult|0 fnt
|faint|p1a: Dragapult
|
|upkeep
|
|switch|p1a: Corsola|Corsola-Galar, F|100/100
|turn|20
|
|move|p2a: Frosmoth|Giga Drain|p1a: Corsola
|-damage|p1a: Corsola|70/100
|-heal|p2a: Frosmoth|44/100|[from] drain|[of] p1a: Corsola
|move|p1a: Corsola|Night Shade|p2a: Frosmoth
|-damage|p2a: Frosmoth|9/100
|
|upkeep
|turn|21
|
|move|p2a: Frosmoth|Ice Beam|p1a: Corsola
|-damage|p1a: Corsola|21/100
|move|p1a: Corsola|Night Shade|p2a: Frosmoth
|-damage|p2a: Frosmoth|0 fnt
|faint|p2a: Frosmoth
|
|upkeep
|
|switch|p2a: Clefable|Clefable, M|85/100
|turn|22
|
|move|p2a: Clefable|Moonblast|p1a: Corsola
|-damage|p1a: Corsola|0 fnt
|faint|p1a: Corsola
|
|upkeep
|c|☆The Super Seviper|gg
|-message|Matsou forfeited.
|
|win|The Super Seviper
|l|☆Matsou
|raw|Matsou's rating: 1262 → 1240(-22 for losing)
|raw|The Super Seviper's rating: 1297 → 1320(+23 for winning)
