|ScrapeTime|2020-01-01-20:41:07
|j|☆Someguywithashovel
|j|☆pinkbunny86
|player|p1|Someguywithashovel|rancher|1140
|player|p2|pinkbunny86|101|1065
|teamsize|p1|6
|teamsize|p2|6
|gametype|singles
|gen|8
|tier|[Gen 8] OU
|rated|
|rule|Sleep Clause Mod: Limit one foe put to sleep
|rule|Species Clause: Limit one of each Pokémon
|rule|OHKO Clause: OHKO moves are banned
|rule|Evasion Moves Clause: Evasion moves are banned
|rule|Endless Battle Clause: Forcing endless battles is banned
|rule|HP Percentage Mod: HP is shown in percentages
|clearpoke
|poke|p1|Toxtricity-Low-Key, M|
|poke|p1|Hydreigon, F|
|poke|p1|Excadrill, F|
|poke|p1|Runerigus, F|
|poke|p1|Conkeldurr, F|
|poke|p1|Whimsicott, F|
|poke|p2|Mandibuzz, F|
|poke|p2|Ferrothorn, M|
|poke|p2|Seismitoad, M|
|poke|p2|Duraludon, F|
|poke|p2|Dragapult, F|
|poke|p2|Inteleon, M|
|rule|Dynamax Clause: You cannot dynamax
|teampreview
|
|start
|switch|p1a: Runerigus|Runerigus, F|100/100
|switch|p2a: Seismitoad|Seismitoad, M, shiny|100/100
|turn|1
|inactive|Battle timer is ON: inactive players will automatically lose when time's up. (requested by pinkbunny86)
|
|switch|p1a: HowDidThatGo?|Whimsicott, F|100/100
|move|p2a: Seismitoad|Toxic|p1a: HowDidThatGo?
|-status|p1a: HowDidThatGo?|tox
|
|-damage|p1a: HowDidThatGo?|94/100 tox|[from] psn
|upkeep
|turn|2
|
|switch|p1a: punch|Conkeldurr, F|100/100
|move|p2a: Seismitoad|Protect||[still]
|-fail|p2a: Seismitoad
|
|upkeep
|turn|3
|
|move|p2a: Seismitoad|Toxic|p1a: punch
|-status|p1a: punch|tox
|move|p1a: punch|Drain Punch|p2a: Seismitoad
|-damage|p2a: Seismitoad|54/100
|
|-heal|p2a: Seismitoad|60/100|[from] item: Leftovers
|-damage|p1a: punch|94/100 tox|[from] psn
|upkeep
|turn|4
|
|move|p2a: Seismitoad|Protect|p2a: Seismitoad
|-singleturn|p2a: Seismitoad|Protect
|move|p1a: punch|Drain Punch|p2a: Seismitoad
|-activate|p2a: Seismitoad|move: Protect
|
|-heal|p2a: Seismitoad|66/100|[from] item: Leftovers
|-damage|p1a: punch|82/100 tox|[from] psn
|upkeep
|turn|5
|
|switch|p2a: Dragapult|Dragapult, F, shiny|100/100
|move|p1a: punch|Drain Punch|p2a: Dragapult
|-immune|p2a: Dragapult
|
|-damage|p1a: punch|64/100 tox|[from] psn
|upkeep
|turn|6
|inactive|pinkbunny86 has 120 seconds left.
|
|move|p2a: Dragapult|Dragon Pulse|p1a: punch
|-damage|p1a: punch|16/100 tox
|move|p1a: punch|Ice Punch|p2a: Dragapult
|-supereffective|p2a: Dragapult
|-damage|p2a: Dragapult|0 fnt
|faint|p2a: Dragapult
|
|-damage|p1a: punch|0 fnt|[from] psn
|faint|p1a: punch
|upkeep
|inactive|pinkbunny86 has 120 seconds left.
|
|switch|p2a: Seismitoad|Seismitoad, M, shiny|66/100
|switch|p1a: Runerigus|Runerigus, F|100/100
|turn|7
|inactive|pinkbunny86 has 120 seconds left.
|inactive|Someguywithashovel has 120 seconds left.
|
|move|p2a: Seismitoad|Toxic|p1a: Runerigus
|-status|p1a: Runerigus|tox
|move|p1a: Runerigus|Stealth Rock|p2a: Seismitoad
|-sidestart|p2: pinkbunny86|move: Stealth Rock
|
|-heal|p2a: Seismitoad|72/100|[from] item: Leftovers
|-damage|p1a: Runerigus|94/100 tox|[from] psn
|upkeep
|turn|8
|inactive|Someguywithashovel has 120 seconds left.
|
|switch|p1a: HowDidThatGo?|Whimsicott, F|94/100 tox
|move|p2a: Seismitoad|Stealth Rock|p1a: HowDidThatGo?
|-sidestart|p1: Someguywithashovel|move: Stealth Rock
|
|-heal|p1a: HowDidThatGo?|100/100 tox|[from] item: Leftovers
|-heal|p2a: Seismitoad|78/100|[from] item: Leftovers
|-damage|p1a: HowDidThatGo?|94/100 tox|[from] psn
|upkeep
|turn|9
|inactive|Someguywithashovel has 120 seconds left.
|
|move|p2a: Seismitoad|Protect|p2a: Seismitoad
|-singleturn|p2a: Seismitoad|Protect
|move|p1a: HowDidThatGo?|Taunt|p2a: Seismitoad
|-activate|p2a: Seismitoad|move: Protect
|
|-heal|p1a: HowDidThatGo?|100/100 tox|[from] item: Leftovers
|-heal|p2a: Seismitoad|84/100|[from] item: Leftovers
|-damage|p1a: HowDidThatGo?|88/100 tox|[from] psn
|upkeep
|turn|10
|inactive|Someguywithashovel has 120 seconds left.
|
|switch|p2a: Ferrothorn|Ferrothorn, M, shiny|100/100
|-damage|p2a: Ferrothorn|94/100|[from] Stealth Rock
|move|p1a: HowDidThatGo?|Giga Drain|p2a: Ferrothorn
|-resisted|p2a: Ferrothorn
|-damage|p2a: Ferrothorn|90/100
|-heal|p1a: HowDidThatGo?|91/100 tox|[from] drain|[of] p2a: Ferrothorn
|
|-heal|p1a: HowDidThatGo?|97/100 tox|[from] item: Leftovers
|-heal|p2a: Ferrothorn|96/100|[from] item: Leftovers
|-damage|p1a: HowDidThatGo?|78/100 tox|[from] psn
|upkeep
|turn|11
|inactive|Someguywithashovel has 120 seconds left.
|inactive|pinkbunny86 has 120 seconds left.
|
|switch|p1a: Spotlight|Hydreigon, F|100/100
|-damage|p1a: Spotlight|88/100|[from] Stealth Rock
|move|p2a: Ferrothorn|Leech Seed|p1a: Spotlight
|-start|p1a: Spotlight|move: Leech Seed
|
|-heal|p2a: Ferrothorn|100/100|[from] item: Leftovers
|-damage|p1a: Spotlight|76/100|[from] Leech Seed|[of] p2a: Ferrothorn
|upkeep
|turn|12
|inactive|pinkbunny86 has 120 seconds left.
|
|move|p2a: Ferrothorn|Protect|p2a: Ferrothorn
|-singleturn|p2a: Ferrothorn|Protect
|move|p1a: Spotlight|Flamethrower|p2a: Ferrothorn
|-activate|p2a: Ferrothorn|move: Protect
|
|-damage|p1a: Spotlight|64/100|[from] Leech Seed|[of] p2a: Ferrothorn
|upkeep
|turn|13
|inactive|pinkbunny86 has 120 seconds left.
|
|switch|p2a: Mandibuzz|Mandibuzz, F, shiny|100/100
|move|p1a: Spotlight|Flamethrower|p2a: Mandibuzz
|-damage|p2a: Mandibuzz|82/100
|
|-damage|p1a: Spotlight|51/100|[from] Leech Seed|[of] p2a: Mandibuzz
|-heal|p2a: Mandibuzz|91/100|[silent]
|upkeep
|turn|14
|
|switch|p1a: Ugh-Lee|Toxtricity-Low-Key, M|100/100
|-damage|p1a: Ugh-Lee|88/100|[from] Stealth Rock
|move|p2a: Mandibuzz|Defog|p1a: Ugh-Lee
|-unboost|p1a: Ugh-Lee|evasion|1
|-sideend|p1: Someguywithashovel|Stealth Rock|[from] move: Defog|[of] p2a: Mandibuzz
|-sideend|p2: pinkbunny86|Stealth Rock|[from] move: Defog|[of] p2a: Mandibuzz
|
|upkeep
|turn|15
|inactive|Someguywithashovel has 90 seconds left.
|inactive|pinkbunny86 has 120 seconds left.
|
|switch|p2a: Seismitoad|Seismitoad, M, shiny|84/100
|move|p1a: Ugh-Lee|Overdrive|p2a: Seismitoad
|-immune|p2a: Seismitoad
|
|-heal|p2a: Seismitoad|90/100|[from] item: Leftovers
|upkeep
|turn|16
|inactive|Someguywithashovel has 90 seconds left.
|inactive|pinkbunny86 has 120 seconds left.
|
|switch|p1a: HowDidThatGo?|Whimsicott, F|78/100 tox
|move|p2a: Seismitoad|Earthquake|p1a: HowDidThatGo?
|-resisted|p1a: HowDidThatGo?
|-damage|p1a: HowDidThatGo?|64/100 tox
|
|-heal|p1a: HowDidThatGo?|71/100 tox|[from] item: Leftovers
|-heal|p2a: Seismitoad|96/100|[from] item: Leftovers
|-damage|p1a: HowDidThatGo?|64/100 tox|[from] psn
|upkeep
|turn|17
|inactive|Someguywithashovel has 90 seconds left.
|inactive|pinkbunny86 has 120 seconds left.
|
|move|p2a: Seismitoad|Protect|p2a: Seismitoad
|-singleturn|p2a: Seismitoad|Protect
|move|p1a: HowDidThatGo?|Giga Drain|p2a: Seismitoad
|-activate|p2a: Seismitoad|move: Protect
|
|-heal|p1a: HowDidThatGo?|71/100 tox|[from] item: Leftovers
|-heal|p2a: Seismitoad|100/100|[from] item: Leftovers
|-damage|p1a: HowDidThatGo?|58/100 tox|[from] psn
|upkeep
|turn|18
|inactive|Someguywithashovel has 90 seconds left.
|inactive|pinkbunny86 has 120 seconds left.
|
|switch|p1a: I don't know|Excadrill, F|100/100
|-ability|p1a: I don't know|Mold Breaker
|switch|p2a: Ferrothorn|Ferrothorn, M, shiny|100/100
|
|upkeep
|turn|19
|
|move|p1a: I don't know|Swords Dance|p1a: I don't know
|-boost|p1a: I don't know|atk|2
|move|p2a: Ferrothorn|Leech Seed|p1a: I don't know
|-start|p1a: I don't know|move: Leech Seed
|
|-damage|p1a: I don't know|88/100|[from] Leech Seed|[of] p2a: Ferrothorn
|upkeep
|turn|20
|inactive|Someguywithashovel has 90 seconds left.
|
|move|p1a: I don't know|Earthquake|p2a: Ferrothorn
|-damage|p2a: Ferrothorn|15/100
|-damage|p1a: I don't know|78/100|[from] item: Life Orb
|move|p2a: Ferrothorn|Iron Head|p1a: I don't know
|-resisted|p1a: I don't know
|-damage|p1a: I don't know|61/100
|
|-heal|p2a: Ferrothorn|22/100|[from] item: Leftovers
|-damage|p1a: I don't know|48/100|[from] Leech Seed|[of] p2a: Ferrothorn
|-heal|p2a: Ferrothorn|34/100|[silent]
|upkeep
|turn|21
|inactive|Someguywithashovel has 90 seconds left.
|
|move|p2a: Ferrothorn|Protect|p2a: Ferrothorn
|-singleturn|p2a: Ferrothorn|Protect
|move|p1a: I don't know|Earthquake|p2a: Ferrothorn
|-activate|p2a: Ferrothorn|move: Protect
|
|-heal|p2a: Ferrothorn|41/100|[from] item: Leftovers
|-damage|p1a: I don't know|36/100|[from] Leech Seed|[of] p2a: Ferrothorn
|-heal|p2a: Ferrothorn|53/100|[silent]
|upkeep
|turn|22
|
|switch|p2a: Mandibuzz|Mandibuzz, F, shiny|91/100
|move|p1a: I don't know|Earthquake|p2a: Mandibuzz
|-immune|p2a: Mandibuzz
|
|-damage|p1a: I don't know|23/100|[from] Leech Seed|[of] p2a: Mandibuzz
|-heal|p2a: Mandibuzz|100/100|[silent]
|upkeep
|turn|23
|
|move|p1a: I don't know|Iron Head|p2a: Mandibuzz
|-damage|p2a: Mandibuzz|11/100
|-damage|p1a: I don't know|13/100|[from] item: Life Orb
|cant|p2a: Mandibuzz|flinch
|
|-damage|p1a: I don't know|1/100|[from] Leech Seed|[of] p2a: Mandibuzz
|-heal|p2a: Mandibuzz|21/100|[silent]
|upkeep
|turn|24
|inactive|pinkbunny86 has 120 seconds left.
|
|switch|p2a: Ferrothorn|Ferrothorn, M, shiny|53/100
|move|p1a: I don't know|Iron Head|p2a: Ferrothorn
|-resisted|p2a: Ferrothorn
|-damage|p2a: Ferrothorn|24/100
|-damage|p1a: I don't know|0 fnt|[from] ability: Iron Barbs|[of] p2a: Ferrothorn
|faint|p1a: I don't know
|
|-heal|p2a: Ferrothorn|30/100|[from] item: Leftovers
|upkeep
|inactive|Someguywithashovel has 60 seconds left.
|
|switch|p1a: Spotlight|Hydreigon, F|51/100
|turn|25
|inactive|pinkbunny86 has 120 seconds left.
|
|move|p2a: Ferrothorn|Protect|p2a: Ferrothorn
|-singleturn|p2a: Ferrothorn|Protect
|move|p1a: Spotlight|Flamethrower|p2a: Ferrothorn
|-activate|p2a: Ferrothorn|move: Protect
|
|-heal|p2a: Ferrothorn|36/100|[from] item: Leftovers
|upkeep
|turn|26
|inactive|Someguywithashovel has 60 seconds left.
|inactive|pinkbunny86 has 120 seconds left.
|inactive|Someguywithashovel has 30 seconds left.
|
|switch|p2a: Seismitoad|Seismitoad, M, shiny|100/100
|move|p1a: Spotlight|Flamethrower|p2a: Seismitoad
|-resisted|p2a: Seismitoad
|-damage|p2a: Seismitoad|84/100
|
|-heal|p2a: Seismitoad|90/100|[from] item: Leftovers
|upkeep
|turn|27
|inactive|Someguywithashovel has 30 seconds left.
|inactive|pinkbunny86 has 120 seconds left.
|inactive|Someguywithashovel has 20 seconds left.
|
|switch|p1a: HowDidThatGo?|Whimsicott, F|58/100 tox
|move|p2a: Seismitoad|Toxic|p1a: HowDidThatGo?|[miss]
|-miss|p2a: Seismitoad|p1a: HowDidThatGo?
|
|-heal|p1a: HowDidThatGo?|64/100 tox|[from] item: Leftovers
|-heal|p2a: Seismitoad|96/100|[from] item: Leftovers
|-damage|p1a: HowDidThatGo?|58/100 tox|[from] psn
|upkeep
|turn|28
|inactive|Someguywithashovel has 30 seconds left this turn.
|inactive|Someguywithashovel has 20 seconds left.
|inactive|Someguywithashovel has 15 seconds left.
|
|move|p2a: Seismitoad|Protect|p2a: Seismitoad
|-singleturn|p2a: Seismitoad|Protect
|move|p1a: HowDidThatGo?|Encore|p2a: Seismitoad
|-activate|p2a: Seismitoad|move: Protect
|
|-heal|p1a: HowDidThatGo?|64/100 tox|[from] item: Leftovers
|-heal|p2a: Seismitoad|100/100|[from] item: Leftovers
|-damage|p1a: HowDidThatGo?|52/100 tox|[from] psn
|upkeep
|turn|29
|inactive|Someguywithashovel has 25 seconds left this turn.
|inactive|Someguywithashovel has 20 seconds left.
|inactive|Someguywithashovel has 15 seconds left.
|inactive|Someguywithashovel has 10 seconds left.
|
|switch|p2a: Mandibuzz|Mandibuzz, F, shiny|21/100
|move|p1a: HowDidThatGo?|Giga Drain|p2a: Mandibuzz
|-resisted|p2a: Mandibuzz
|-damage|p2a: Mandibuzz|16/100
|-heal|p1a: HowDidThatGo?|56/100 tox|[from] drain|[of] p2a: Mandibuzz
|
|-heal|p1a: HowDidThatGo?|62/100 tox|[from] item: Leftovers
|-damage|p1a: HowDidThatGo?|44/100 tox|[from] psn
|upkeep
|turn|30
|inactive|Someguywithashovel has 20 seconds left this turn.
|inactive|Someguywithashovel has 15 seconds left.
|inactive|Someguywithashovel has 10 seconds left.
|inactive|Someguywithashovel has 5 seconds left.
|
|move|p1a: HowDidThatGo?|Memento|p2a: Mandibuzz
|-hint|Since gen 7, Dark is immune to Prankster moves.
|-immune|p2a: Mandibuzz
|move|p2a: Mandibuzz|Roost|p2a: Mandibuzz
|-heal|p2a: Mandibuzz|66/100
|-singleturn|p2a: Mandibuzz|move: Roost
|
|-heal|p1a: HowDidThatGo?|50/100 tox|[from] item: Leftovers
|-damage|p1a: HowDidThatGo?|25/100 tox|[from] psn
|upkeep
|turn|31
|inactive|Someguywithashovel has 15 seconds left this turn.
|inactive|Someguywithashovel has 10 seconds left.
|inactive|Someguywithashovel has 5 seconds left.
|
|switch|p1a: Ugh-Lee|Toxtricity-Low-Key, M|88/100
|move|p2a: Mandibuzz|Roost|p2a: Mandibuzz
|-heal|p2a: Mandibuzz|100/100
|-singleturn|p2a: Mandibuzz|move: Roost
|
|upkeep
|turn|32
|inactive|Someguywithashovel has 15 seconds left this turn.
|inactive|Someguywithashovel has 10 seconds left.
|inactive|Someguywithashovel has 5 seconds left.
|
|switch|p2a: Seismitoad|Seismitoad, M, shiny|100/100
|move|p1a: Ugh-Lee|Boomburst|p2a: Seismitoad
|-damage|p2a: Seismitoad|5/100
|
|-heal|p2a: Seismitoad|11/100|[from] item: Leftovers
|upkeep
|turn|33
|inactive|Someguywithashovel has 15 seconds left this turn.
|inactive|Someguywithashovel has 10 seconds left.
|inactive|Someguywithashovel has 5 seconds left.
|
|move|p1a: Ugh-Lee|Boomburst|p2a: Seismitoad
|-damage|p2a: Seismitoad|0 fnt
|faint|p2a: Seismitoad
|
|upkeep
|inactive|Someguywithashovel has 10 seconds left this turn.
|
|switch|p2a: Duraludon|Duraludon, F, shiny|100/100
|turn|34
|inactive|Someguywithashovel has 20 seconds left this turn.
|inactive|Someguywithashovel has 15 seconds left.
|inactive|Someguywithashovel has 10 seconds left.
|
|switch|p1a: Runerigus|Runerigus, F|94/100 tox
|move|p2a: Duraludon|Dragon Pulse|p1a: Runerigus
|-damage|p1a: Runerigus|65/100 tox
|
|-heal|p1a: Runerigus|71/100 tox|[from] item: Leftovers
|-damage|p1a: Runerigus|65/100 tox|[from] psn
|upkeep
|turn|35
|inactive|Someguywithashovel has 20 seconds left this turn.
|inactive|Someguywithashovel has 15 seconds left.
|inactive|Someguywithashovel has 10 seconds left.
|
|switch|p2a: Mandibuzz|Mandibuzz, F, shiny|100/100
|move|p1a: Runerigus|Earthquake|p2a: Mandibuzz
|-immune|p2a: Mandibuzz
|
|-heal|p1a: Runerigus|71/100 tox|[from] item: Leftovers
|-damage|p1a: Runerigus|59/100 tox|[from] psn
|upkeep
|turn|36
|inactive|Someguywithashovel has 20 seconds left this turn.
|inactive|Someguywithashovel has 15 seconds left.
|inactive|Someguywithashovel has 10 seconds left.
|inactive|Someguywithashovel has 5 seconds left.
|-message|Someguywithashovel lost due to inactivity.
|
|win|pinkbunny86
|l|☆pinkbunny86
|raw|Someguywithashovel's rating: 1140 → 1110(-30 for losing)
|raw|pinkbunny86's rating: 1065 → 1102(+37 for winning)
