|ScrapeTime|2020-01-02-09:55:11
|j|☆NielsG__
|j|☆Jiggalybum
|player|p1|NielsG__|208|1000
|player|p2|Jiggalybum|benga|1042
|teamsize|p1|4
|teamsize|p2|6
|gametype|singles
|gen|8
|tier|[Gen 8] OU
|rated|
|rule|Sleep Clause Mod: Limit one foe put to sleep
|rule|Species Clause: Limit one of each Pokémon
|rule|OHKO Clause: OHKO moves are banned
|rule|Evasion Moves Clause: Evasion moves are banned
|rule|Endless Battle Clause: Forcing endless battles is banned
|rule|HP Percentage Mod: HP is shown in percentages
|clearpoke
|poke|p1|Indeedee, M|
|poke|p1|Galvantula, F|
|poke|p1|Dugtrio, M|
|poke|p1|Koffing, F|
|poke|p2|Corsola-Galar, F|
|poke|p2|Dragapult, F|
|poke|p2|Dracovish|
|poke|p2|Toxtricity, F|
|poke|p2|Aegislash, F|
|poke|p2|Ferrothorn, F|
|rule|Dynamax Clause: You cannot dynamax
|teampreview
|inactive|Battle timer is ON: inactive players will automatically lose when time's up. (requested by NielsG__)
|
|start
|switch|p1a: Galvantula|Galvantula, F|100/100
|switch|p2a: Dracovish|Dracovish|100/100
|turn|1
|
|move|p1a: Galvantula|Sticky Web|p2a: Dracovish
|-sidestart|p2: Jiggalybum|move: Sticky Web
|move|p2a: Dracovish|Fishious Rend|p1a: Galvantula
|-damage|p1a: Galvantula|22/100
|
|upkeep
|turn|2
|
|move|p1a: Galvantula|Thunder Wave|p2a: Dracovish
|-status|p2a: Dracovish|par
|move|p2a: Dracovish|Fishious Rend|p1a: Galvantula
|-damage|p1a: Galvantula|0 fnt
|faint|p1a: Galvantula
|
|upkeep
|
|switch|p1a: Dugtrio|Dugtrio, M|100/100
|turn|3
|
|move|p1a: Dugtrio|Sand Attack|p2a: Dracovish
|-unboost|p2a: Dracovish|accuracy|1
|move|p2a: Dracovish|Fishious Rend|p1a: Dugtrio
|-supereffective|p1a: Dugtrio
|-enditem|p1a: Dugtrio|Focus Sash
|-damage|p1a: Dugtrio|1/100
|
|upkeep
|turn|4
|
|move|p1a: Dugtrio|Memento|p2a: Dracovish
|-unboost|p2a: Dracovish|atk|2
|-unboost|p2a: Dracovish|spa|2
|faint|p1a: Dugtrio
|move|p2a: Dracovish|Fishious Rend|p1: Dugtrio|[notarget]
|-fail|p2a: Dracovish
|
|upkeep
|
|switch|p1a: Indeedee|Indeedee, M|100/100
|-fieldstart|move: Psychic Terrain|[from] ability: Psychic Surge|[of] p1a: Indeedee
|turn|5
|
|switch|p2a: Corsola|Corsola-Galar, F|100/100
|-activate|p2a: Corsola|move: Sticky Web
|-unboost|p2a: Corsola|spe|1
|move|p1a: Indeedee|Calm Mind|p1a: Indeedee
|-boost|p1a: Indeedee|spa|1
|-boost|p1a: Indeedee|spd|1
|
|upkeep
|turn|6
|
|move|p1a: Indeedee|Calm Mind|p1a: Indeedee
|-boost|p1a: Indeedee|spa|1
|-boost|p1a: Indeedee|spd|1
|move|p2a: Corsola|Stealth Rock|p1a: Indeedee
|-sidestart|p1: NielsG__|move: Stealth Rock
|
|upkeep
|turn|7
|
|move|p1a: Indeedee|Psychic|p2a: Corsola
|-damage|p2a: Corsola|48/100
|move|p2a: Corsola|Night Shade|p1a: Indeedee
|-immune|p1a: Indeedee
|
|upkeep
|turn|8
|
|move|p1a: Indeedee|Psychic|p2a: Corsola
|-damage|p2a: Corsola|0 fnt
|faint|p2a: Corsola
|
|upkeep
|
|switch|p2a: Dragapult|Dragapult, F|100/100
|-activate|p2a: Dragapult|move: Sticky Web
|-fail|p2a: Dragapult|unboost|[from] ability: Clear Body|[of] p2a: Dragapult
|turn|9
|
|move|p2a: Dragapult|Dragon Dance|p2a: Dragapult
|-boost|p2a: Dragapult|atk|1
|-boost|p2a: Dragapult|spe|1
|move|p1a: Indeedee|Dazzling Gleam|p2a: Dragapult
|-supereffective|p2a: Dragapult
|-damage|p2a: Dragapult|0 fnt
|faint|p2a: Dragapult
|
|-fieldend|move: Psychic Terrain
|upkeep
|
|switch|p2a: Dracovish|Dracovish|100/100 par
|-activate|p2a: Dracovish|move: Sticky Web
|-unboost|p2a: Dracovish|spe|1
|turn|10
|
|move|p1a: Indeedee|Dazzling Gleam|p2a: Dracovish
|-supereffective|p2a: Dracovish
|-damage|p2a: Dracovish|0 fnt
|faint|p2a: Dracovish
|
|upkeep
|
|switch|p2a: Ferrothorn|Ferrothorn, F|100/100
|-activate|p2a: Ferrothorn|move: Sticky Web
|-unboost|p2a: Ferrothorn|spe|1
|turn|11
|
|move|p1a: Indeedee|Mystical Fire|p2a: Ferrothorn
|-supereffective|p2a: Ferrothorn
|-damage|p2a: Ferrothorn|0 fnt
|faint|p2a: Ferrothorn
|
|upkeep
|
|switch|p2a: Toxtricity|Toxtricity, F|100/100
|-activate|p2a: Toxtricity|move: Sticky Web
|-unboost|p2a: Toxtricity|spe|1
|turn|12
|
|move|p1a: Indeedee|Psychic|p2a: Toxtricity
|-supereffective|p2a: Toxtricity
|-damage|p2a: Toxtricity|0 fnt
|faint|p2a: Toxtricity
|
|upkeep
|
|switch|p2a: Aegislash|Aegislash, F|100/100
|-activate|p2a: Aegislash|move: Sticky Web
|-unboost|p2a: Aegislash|spe|1
|turn|13
|
|move|p1a: Indeedee|Mystical Fire|p2a: Aegislash
|-supereffective|p2a: Aegislash
|-damage|p2a: Aegislash|24/100
|-unboost|p2a: Aegislash|spa|1
|-enditem|p2a: Aegislash|Aguav Berry|[eat]
|-heal|p2a: Aegislash|57/100|[from] item: Aguav Berry
|-formechange|p2a: Aegislash|Aegislash-Blade||[from] ability: Stance Change
|move|p2a: Aegislash|Gyro Ball|p1a: Indeedee
|-enditem|p1a: Indeedee|Focus Sash
|-damage|p1a: Indeedee|1/100
|
|upkeep
|turn|14
|c|☆Jiggalybum|Reeeeeeeeeeeeeeeeeeeeeee
|
|-formechange|p2a: Aegislash|Aegislash||[from] ability: Stance Change
|move|p2a: Aegislash|King's Shield|p2a: Aegislash
|-singleturn|p2a: Aegislash|Protect
|move|p1a: Indeedee|Mystical Fire|p2a: Aegislash
|-activate|p2a: Aegislash|move: Protect
|
|upkeep
|turn|15
|
|move|p1a: Indeedee|Mystical Fire|p2a: Aegislash
|-supereffective|p2a: Aegislash
|-damage|p2a: Aegislash|0 fnt
|faint|p2a: Aegislash
|
|win|NielsG__
|raw|NielsG__'s rating: 1000 → 1045(+45 for winning)
|raw|Jiggalybum's rating: 1042 → 1024(-18 for losing)
|l|☆Jiggalybum
|c|☆NielsG__|Gg
