|ScrapeTime|2020-01-02-04:56:29
|j|☆nxvc45uyfjugh
|j|☆quintescent
|player|p1|nxvc45uyfjugh|266|1113
|player|p2|quintescent|harlequin|1152
|teamsize|p1|6
|teamsize|p2|6
|gametype|singles
|gen|8
|tier|[Gen 8] OU
|rated|
|rule|Sleep Clause Mod: Limit one foe put to sleep
|rule|Species Clause: Limit one of each Pokémon
|rule|OHKO Clause: OHKO moves are banned
|rule|Evasion Moves Clause: Evasion moves are banned
|rule|Endless Battle Clause: Forcing endless battles is banned
|rule|HP Percentage Mod: HP is shown in percentages
|clearpoke
|poke|p1|Conkeldurr, F|
|poke|p1|Aegislash, M|
|poke|p1|Hydreigon, F|
|poke|p1|Ferrothorn, F|
|poke|p1|Toxapex, M|
|poke|p1|Dracovish|
|poke|p2|Corviknight, M|
|poke|p2|Sylveon, M|
|poke|p2|Dragapult, F|
|poke|p2|Seismitoad, F|
|poke|p2|Ferrothorn, F|
|poke|p2|Gengar, M|
|rule|Dynamax Clause: You cannot dynamax
|teampreview
|inactive|Battle timer is ON: inactive players will automatically lose when time's up. (requested by nxvc45uyfjugh)
|
|start
|switch|p1a: Ferrothorn|Ferrothorn, F|100/100
|switch|p2a: Gengar|Gengar, M|100/100
|turn|1
|
|switch|p2a: Dragapult|Dragapult, F|100/100
|move|p1a: Ferrothorn|Stealth Rock|p2a: Dragapult
|-sidestart|p2: quintescent|move: Stealth Rock
|
|upkeep
|turn|2
|
|switch|p1a: Toxapex|Toxapex, M|100/100
|move|p2a: Dragapult|Fire Blast|p1a: Toxapex
|-resisted|p1a: Toxapex
|-damage|p1a: Toxapex|90/100
|
|-heal|p1a: Toxapex|96/100|[from] item: Black Sludge
|upkeep
|turn|3
|
|move|p2a: Dragapult|U-turn|p1a: Toxapex
|-resisted|p1a: Toxapex
|-damage|p1a: Toxapex|89/100
|
|switch|p2a: Gengar|Gengar, M|100/100|[from]move: U-turn
|-damage|p2a: Gengar|88/100|[from] Stealth Rock
|move|p1a: Toxapex|Toxic|p2a: Gengar
|-immune|p2a: Gengar
|
|-heal|p1a: Toxapex|96/100|[from] item: Black Sludge
|upkeep
|turn|4
|
|move|p2a: Gengar|Thunderbolt|p1a: Toxapex
|-supereffective|p1a: Toxapex
|-damage|p1a: Toxapex|54/100
|move|p1a: Toxapex|Scald|p2a: Gengar
|-damage|p2a: Gengar|62/100
|-status|p2a: Gengar|brn
|
|-heal|p1a: Toxapex|60/100|[from] item: Black Sludge
|-damage|p2a: Gengar|56/100 brn|[from] brn
|upkeep
|turn|5
|
|switch|p2a: Dragapult|Dragapult, F|100/100
|-damage|p2a: Dragapult|88/100|[from] Stealth Rock
|switch|p1a: Ferrothorn|Ferrothorn, F|100/100
|
|upkeep
|turn|6
|
|switch|p1a: Toxapex|Toxapex, M|94/100
|move|p2a: Dragapult|Draco Meteor|p1a: Toxapex
|-damage|p1a: Toxapex|56/100
|-unboost|p2a: Dragapult|spa|2
|
|-heal|p1a: Toxapex|62/100|[from] item: Black Sludge
|upkeep
|turn|7
|
|switch|p2a: Corviknight|Corviknight, M|100/100
|-ability|p2a: Corviknight|Pressure
|move|p1a: Toxapex|Toxic|p2a: Corviknight
|-immune|p2a: Corviknight
|
|-heal|p1a: Toxapex|69/100|[from] item: Black Sludge
|upkeep
|turn|8
|inactive|nxvc45uyfjugh has 120 seconds left.
|
|switch|p1a: Ferrothorn|Ferrothorn, F|100/100
|move|p2a: Corviknight|Defog|p1a: Ferrothorn
|-unboost|p1a: Ferrothorn|evasion|1
|-sideend|p2: quintescent|Stealth Rock|[from] move: Defog|[of] p2a: Corviknight
|
|upkeep
|turn|9
|inactive|nxvc45uyfjugh has 120 seconds left.
|inactive|quintescent has 120 seconds left.
|
|switch|p2a: Sylveon|Sylveon, M|100/100
|move|p1a: Ferrothorn|Stealth Rock|p2a: Sylveon
|-sidestart|p2: quintescent|move: Stealth Rock
|
|upkeep
|turn|10
|inactive|nxvc45uyfjugh has 120 seconds left.
|
|move|p2a: Sylveon|Mystical Fire|p1a: Ferrothorn
|-supereffective|p1a: Ferrothorn
|-damage|p1a: Ferrothorn|31/100
|-unboost|p1a: Ferrothorn|spa|1
|move|p1a: Ferrothorn|Knock Off|p2a: Sylveon
|-resisted|p2a: Sylveon
|-damage|p2a: Sylveon|91/100
|-enditem|p2a: Sylveon|Assault Vest|[from] move: Knock Off|[of] p1a: Ferrothorn
|
|-heal|p1a: Ferrothorn|37/100|[from] item: Leftovers
|upkeep
|turn|11
|inactive|quintescent has 120 seconds left.
|
|switch|p2a: Gengar|Gengar, M|56/100 brn
|-damage|p2a: Gengar|43/100 brn|[from] Stealth Rock
|switch|p1a: Toxapex|Toxapex, M|100/100
|
|-damage|p2a: Gengar|37/100 brn|[from] brn
|upkeep
|turn|12
|
|move|p2a: Gengar|Dazzling Gleam|p1a: Toxapex
|-resisted|p1a: Toxapex
|-damage|p1a: Toxapex|92/100
|move|p1a: Toxapex|Scald|p2a: Gengar
|-damage|p2a: Gengar|10/100 brn
|
|-heal|p1a: Toxapex|98/100|[from] item: Black Sludge
|-damage|p2a: Gengar|4/100 brn|[from] brn
|upkeep
|turn|13
|
|switch|p2a: Seismitoad|Seismitoad, F|100/100
|-damage|p2a: Seismitoad|94/100|[from] Stealth Rock
|move|p1a: Toxapex|Recover|p1a: Toxapex
|-heal|p1a: Toxapex|100/100
|
|-heal|p2a: Seismitoad|100/100|[from] item: Leftovers
|upkeep
|turn|14
|inactive|nxvc45uyfjugh has 120 seconds left.
|inactive|quintescent has 120 seconds left.
|
|switch|p2a: Corviknight|Corviknight, M|100/100
|-ability|p2a: Corviknight|Pressure
|move|p1a: Toxapex|Toxic|p2a: Corviknight
|-immune|p2a: Corviknight
|
|upkeep
|turn|15
|
|switch|p1a: Ferrothorn|Ferrothorn, F|37/100
|move|p2a: Corviknight|U-turn|p1a: Ferrothorn
|-damage|p1a: Ferrothorn|28/100
|-damage|p2a: Corviknight|88/100|[from] ability: Iron Barbs|[of] p1a: Ferrothorn
|
|switch|p2a: Sylveon|Sylveon, M|91/100|[from]move: U-turn
|-damage|p2a: Sylveon|79/100|[from] Stealth Rock
|
|-heal|p1a: Ferrothorn|35/100|[from] item: Leftovers
|upkeep
|turn|16
|
|switch|p1a: Toxapex|Toxapex, M|100/100
|move|p2a: Sylveon|Mystical Fire|p1a: Toxapex
|-resisted|p1a: Toxapex
|-damage|p1a: Toxapex|95/100
|-unboost|p1a: Toxapex|spa|1
|
|-heal|p1a: Toxapex|100/100|[from] item: Black Sludge
|upkeep
|turn|17
|inactive|quintescent has 120 seconds left.
|
|move|p2a: Sylveon|Mystical Fire|p1a: Toxapex
|-resisted|p1a: Toxapex
|-damage|p1a: Toxapex|94/100
|-unboost|p1a: Toxapex|spa|1
|move|p1a: Toxapex|Scald|p2a: Sylveon
|-damage|p2a: Sylveon|74/100
|-status|p2a: Sylveon|brn
|
|-heal|p1a: Toxapex|100/100|[from] item: Black Sludge
|-damage|p2a: Sylveon|68/100 brn|[from] brn
|upkeep
|turn|18
|inactive|nxvc45uyfjugh has 120 seconds left.
|
|switch|p1a: Dracovish|Dracovish|100/100
|move|p2a: Sylveon|Hyper Voice|p1a: Dracovish
|-supereffective|p1a: Dracovish
|-damage|p1a: Dracovish|0 fnt
|faint|p1a: Dracovish
|
|-damage|p2a: Sylveon|61/100 brn|[from] brn
|upkeep
|
|switch|p1a: Aegislash|Aegislash, M|100/100
|turn|19
|
|move|p2a: Sylveon|Mystical Fire|p1a: Aegislash
|-supereffective|p1a: Aegislash
|-damage|p1a: Aegislash|72/100
|-unboost|p1a: Aegislash|spa|1
|-formechange|p1a: Aegislash|Aegislash-Blade||[from] ability: Stance Change
|move|p1a: Aegislash|Shadow Ball|p2a: Sylveon
|-damage|p2a: Sylveon|33/100 brn
|-unboost|p2a: Sylveon|spd|1
|
|-damage|p2a: Sylveon|27/100 brn|[from] brn
|upkeep
|turn|20
|
|move|p2a: Sylveon|Mystical Fire|p1a: Aegislash
|-supereffective|p1a: Aegislash
|-damage|p1a: Aegislash|0 fnt
|faint|p1a: Aegislash
|
|-damage|p2a: Sylveon|21/100 brn|[from] brn
|upkeep
|-message|nxvc45uyfjugh forfeited.
|
|win|quintescent
|l|☆nxvc45uyfjugh
|raw|nxvc45uyfjugh's rating: 1113 → 1091(-22 for losing)
|raw|quintescent's rating: 1152 → 1174(+22 for winning)
