|ScrapeTime|2020-01-02-04:15:44
|j|☆TestSubject88
|j|☆Darkfrye
|player|p1|TestSubject88|wally|1405
|player|p2|Darkfrye|flint|1353
|teamsize|p1|6
|teamsize|p2|6
|gametype|singles
|gen|8
|tier|[Gen 8] OU
|rated|
|rule|Sleep Clause Mod: Limit one foe put to sleep
|rule|Species Clause: Limit one of each Pokémon
|rule|OHKO Clause: OHKO moves are banned
|rule|Evasion Moves Clause: Evasion moves are banned
|rule|Endless Battle Clause: Forcing endless battles is banned
|rule|HP Percentage Mod: HP is shown in percentages
|clearpoke
|poke|p1|Obstagoon, M|
|poke|p1|Corviknight, M|
|poke|p1|Seismitoad, F|
|poke|p1|Gengar, M|
|poke|p1|Cinderace, F|
|poke|p1|Clefable, F|
|poke|p2|Bisharp, F|
|poke|p2|Clefable, M|
|poke|p2|Dugtrio, M|
|poke|p2|Seismitoad, M|
|poke|p2|Rotom-Mow|
|poke|p2|Excadrill, M|
|rule|Dynamax Clause: You cannot dynamax
|teampreview
|inactive|Battle timer is ON: inactive players will automatically lose when time's up. (requested by Darkfrye)
|
|start
|switch|p1a: Cinderace|Cinderace, F|100/100
|switch|p2a: Dugtrio|Dugtrio, M|100/100
|turn|1
|
|move|p1a: Cinderace|U-turn|p2a: Dugtrio
|-damage|p2a: Dugtrio|40/100
|
|switch|p1a: Corviknight|Corviknight, M|100/100|[from]move: U-turn
|-ability|p1a: Corviknight|Pressure
|move|p2a: Dugtrio|Earthquake|p1a: Corviknight
|-immune|p1a: Corviknight
|
|upkeep
|turn|2
|
|switch|p2a: Rotom|Rotom-Mow|100/100
|move|p1a: Corviknight|U-turn|p2a: Rotom
|-supereffective|p2a: Rotom
|-damage|p2a: Rotom|61/100
|
|switch|p1a: Cinderace|Cinderace, F|100/100|[from]move: U-turn
|
|upkeep
|turn|3
|
|switch|p2a: Seismitoad|Seismitoad, M|100/100
|move|p1a: Cinderace|Pyro Ball|p2a: Seismitoad
|-resisted|p2a: Seismitoad
|-damage|p2a: Seismitoad|82/100
|
|-heal|p2a: Seismitoad|88/100|[from] item: Leftovers
|upkeep
|turn|4
|
|switch|p1a: Obstagoon|Obstagoon, M|100/100
|move|p2a: Seismitoad|Stealth Rock|p1a: Obstagoon
|-sidestart|p1: TestSubject88|move: Stealth Rock
|
|-heal|p2a: Seismitoad|94/100|[from] item: Leftovers
|-status|p1a: Obstagoon|brn|[from] item: Flame Orb
|upkeep
|turn|5
|
|move|p1a: Obstagoon|Bulk Up|p1a: Obstagoon
|-boost|p1a: Obstagoon|atk|1
|-boost|p1a: Obstagoon|def|1
|move|p2a: Seismitoad|Earthquake|p1a: Obstagoon
|-damage|p1a: Obstagoon|76/100 brn
|
|-heal|p2a: Seismitoad|99/100|[from] item: Leftovers
|-damage|p1a: Obstagoon|70/100 brn|[from] brn
|upkeep
|turn|6
|
|move|p1a: Obstagoon|Knock Off|p2a: Seismitoad
|-damage|p2a: Seismitoad|34/100
|-enditem|p2a: Seismitoad|Leftovers|[from] move: Knock Off|[of] p1a: Obstagoon
|move|p2a: Seismitoad|Scald|p1a: Obstagoon
|-crit|p1a: Obstagoon
|-damage|p1a: Obstagoon|32/100 brn
|
|-damage|p1a: Obstagoon|26/100 brn|[from] brn
|upkeep
|turn|7
|
|move|p1a: Obstagoon|Facade|p2a: Seismitoad
|-damage|p2a: Seismitoad|0 fnt
|faint|p2a: Seismitoad
|
|-damage|p1a: Obstagoon|19/100 brn|[from] brn
|upkeep
|
|switch|p2a: Rotom|Rotom-Mow|61/100
|turn|8
|
|move|p2a: Rotom|Volt Switch|p1a: Obstagoon
|-crit|p1a: Obstagoon
|-damage|p1a: Obstagoon|0 fnt
|faint|p1a: Obstagoon
|
|switch|p2a: Clefable|Clefable, M|100/100|[from]move: Volt Switch
|
|upkeep
|inactive|TestSubject88 has 120 seconds left.
|
|switch|p1a: Gengar|Gengar, M|100/100
|-damage|p1a: Gengar|88/100|[from] Stealth Rock
|turn|9
|
|switch|p2a: Bisharp|Bisharp, F|100/100
|move|p1a: Gengar|Shadow Ball|p2a: Bisharp
|-resisted|p2a: Bisharp
|-damage|p2a: Bisharp|54/100
|-damage|p1a: Gengar|78/100|[from] item: Life Orb
|
|upkeep
|turn|10
|inactive|TestSubject88 has 120 seconds left.
|
|switch|p1a: Seismitoad|Seismitoad, F|100/100
|-damage|p1a: Seismitoad|94/100|[from] Stealth Rock
|move|p2a: Bisharp|Sucker Punch||[still]
|-fail|p2a: Bisharp
|
|-heal|p1a: Seismitoad|100/100|[from] item: Leftovers
|upkeep
|turn|11
|inactive|TestSubject88 has 120 seconds left.
|
|switch|p2a: Rotom|Rotom-Mow|61/100
|move|p1a: Seismitoad|Scald|p2a: Rotom
|-resisted|p2a: Rotom
|-crit|p2a: Rotom
|-damage|p2a: Rotom|36/100
|
|upkeep
|turn|12
|
|switch|p1a: Clefable|Clefable, F|100/100
|move|p2a: Rotom|Trick|p1a: Clefable
|-activate|p2a: Rotom|move: Trick|[of] p1a: Clefable
|-item|p1a: Clefable|Choice Scarf|[from] move: Trick
|-item|p2a: Rotom|Leftovers|[from] move: Trick
|
|-heal|p2a: Rotom|42/100|[from] item: Leftovers
|upkeep
|turn|13
|
|move|p2a: Rotom|Volt Switch|p1a: Clefable
|-crit|p1a: Clefable
|-damage|p1a: Clefable|65/100
|
|switch|p2a: Excadrill|Excadrill, M|100/100|[from]move: Volt Switch
|-ability|p2a: Excadrill|Mold Breaker
|move|p1a: Clefable|Moonblast|p2a: Excadrill
|-resisted|p2a: Excadrill
|-damage|p2a: Excadrill|80/100
|
|upkeep
|turn|14
|
|switch|p1a: Corviknight|Corviknight, M|100/100
|-damage|p1a: Corviknight|88/100|[from] Stealth Rock
|-ability|p1a: Corviknight|Pressure
|move|p2a: Excadrill|Iron Head|p1a: Corviknight
|-resisted|p1a: Corviknight
|-damage|p1a: Corviknight|74/100
|
|-heal|p1a: Corviknight|80/100|[from] item: Leftovers
|upkeep
|turn|15
|
|switch|p2a: Rotom|Rotom-Mow|42/100
|move|p1a: Corviknight|Defog|p2a: Rotom
|-unboost|p2a: Rotom|evasion|1
|-sideend|p1: TestSubject88|Stealth Rock|[from] move: Defog|[of] p1a: Corviknight
|
|-heal|p2a: Rotom|48/100|[from] item: Leftovers
|-heal|p1a: Corviknight|87/100|[from] item: Leftovers
|upkeep
|turn|16
|
|move|p2a: Rotom|Volt Switch|p1a: Corviknight
|-supereffective|p1a: Corviknight
|-damage|p1a: Corviknight|35/100
|
|switch|p2a: Clefable|Clefable, M|100/100|[from]move: Volt Switch
|move|p1a: Corviknight|Roost|p1a: Corviknight
|-heal|p1a: Corviknight|85/100
|-singleturn|p1a: Corviknight|move: Roost
|
|-heal|p1a: Corviknight|91/100|[from] item: Leftovers
|upkeep
|turn|17
|
|move|p1a: Corviknight|U-turn|p2a: Clefable
|-resisted|p2a: Clefable
|-damage|p2a: Clefable|93/100
|
|switch|p1a: Clefable|Clefable, F|65/100|[from]move: U-turn
|move|p2a: Clefable|Flamethrower|p1a: Clefable
|-damage|p1a: Clefable|39/100
|
|upkeep
|turn|18
|
|move|p1a: Clefable|Thunder Wave|p2a: Clefable
|-status|p2a: Clefable|par
|cant|p2a: Clefable|par
|
|upkeep
|turn|19
|
|switch|p1a: Seismitoad|Seismitoad, F|100/100
|move|p2a: Clefable|Moonblast|p1a: Seismitoad
|-damage|p1a: Seismitoad|41/100
|
|-heal|p1a: Seismitoad|47/100|[from] item: Leftovers
|upkeep
|turn|20
|
|move|p1a: Seismitoad|Earthquake|p2a: Clefable
|-damage|p2a: Clefable|58/100 par
|move|p2a: Clefable|Grass Knot|p1a: Seismitoad
|-supereffective|p1a: Seismitoad
|-damage|p1a: Seismitoad|0 fnt
|faint|p1a: Seismitoad
|
|upkeep
|
|switch|p1a: Cinderace|Cinderace, F|100/100
|turn|21
|
|move|p1a: Cinderace|Pyro Ball|p2a: Clefable
|-damage|p2a: Clefable|0 fnt
|faint|p2a: Clefable
|
|upkeep
|
|switch|p2a: Bisharp|Bisharp, F|54/100
|turn|22
|
|move|p2a: Bisharp|Sucker Punch|p1a: Cinderace
|-damage|p1a: Cinderace|35/100
|-damage|p2a: Bisharp|44/100|[from] item: Life Orb
|move|p1a: Cinderace|Pyro Ball|p2a: Bisharp
|-supereffective|p2a: Bisharp
|-damage|p2a: Bisharp|0 fnt
|faint|p2a: Bisharp
|
|upkeep
|
|switch|p2a: Dugtrio|Dugtrio, M|40/100
|turn|23
|
|move|p2a: Dugtrio|Sucker Punch|p1a: Cinderace
|-damage|p1a: Cinderace|8/100
|move|p1a: Cinderace|Pyro Ball|p2a: Dugtrio
|-damage|p2a: Dugtrio|0 fnt
|faint|p2a: Dugtrio
|
|upkeep
|
|switch|p2a: Excadrill|Excadrill, M|80/100
|-ability|p2a: Excadrill|Mold Breaker
|turn|24
|
|move|p1a: Cinderace|Pyro Ball|p2a: Excadrill
|-supereffective|p2a: Excadrill
|-damage|p2a: Excadrill|0 fnt
|faint|p2a: Excadrill
|
|upkeep
|-message|Darkfrye forfeited.
|
|win|TestSubject88
|l|☆Darkfrye
|raw|TestSubject88's rating: 1405 → 1422(+17 for winning)
|raw|Darkfrye's rating: 1353 → 1336(-17 for losing)
