|ScrapeTime|2020-01-02-10:45:12
|j|☆Dagone-Pk
|j|☆Montezumaa
|player|p1|Dagone-Pk|palmer|1223
|player|p2|Montezumaa|1|1215
|teamsize|p1|6
|teamsize|p2|6
|gametype|singles
|gen|8
|tier|[Gen 8] OU
|rated|
|rule|Sleep Clause Mod: Limit one foe put to sleep
|rule|Species Clause: Limit one of each Pokémon
|rule|OHKO Clause: OHKO moves are banned
|rule|Evasion Moves Clause: Evasion moves are banned
|rule|Endless Battle Clause: Forcing endless battles is banned
|rule|HP Percentage Mod: HP is shown in percentages
|clearpoke
|poke|p1|Pelipper, M|
|poke|p1|Ferrothorn, F|
|poke|p1|Dracovish|
|poke|p1|Seismitoad, M|
|poke|p1|Barraskewda, M|
|poke|p1|Toxtricity, F|
|poke|p2|Torkoal, F|
|poke|p2|Corsola-Galar, M|
|poke|p2|Goodra, F|
|poke|p2|Charizard, F|
|poke|p2|Excadrill, F|
|poke|p2|Jolteon, F|
|rule|Dynamax Clause: You cannot dynamax
|teampreview
|inactive|Battle timer is ON: inactive players will automatically lose when time's up. (requested by Dagone-Pk)
|
|start
|switch|p1a: SAPU|Seismitoad, M|100/100
|switch|p2a: Torkoal|Torkoal, F|100/100
|-weather|SunnyDay|[from] ability: Drought|[of] p2a: Torkoal
|turn|1
|
|move|p1a: SAPU|Earth Power|p2a: Torkoal
|-supereffective|p2a: Torkoal
|-damage|p2a: Torkoal|25/100
|move|p2a: Torkoal|Solar Beam||[still]
|-prepare|p2a: Torkoal|Solar Beam|p1a: SAPU
|-anim|p2a: Torkoal|Solar Beam|p1a: SAPU
|-supereffective|p1a: SAPU
|-damage|p1a: SAPU|33/100
|
|-weather|SunnyDay|[upkeep]
|-heal|p1a: SAPU|39/100|[from] item: Leftovers
|upkeep
|turn|2
|
|switch|p2a: Goodra|Goodra, F|100/100
|move|p1a: SAPU|Earth Power|p2a: Goodra
|-damage|p2a: Goodra|88/100
|
|-weather|SunnyDay|[upkeep]
|-heal|p1a: SAPU|45/100|[from] item: Leftovers
|upkeep
|turn|3
|
|switch|p1a: SAMOUIL|Pelipper, M|100/100
|-weather|RainDance|[from] ability: Drizzle|[of] p1a: SAMOUIL
|move|p2a: Goodra|Draco Meteor|p1a: SAMOUIL
|-damage|p1a: SAMOUIL|13/100
|-unboost|p2a: Goodra|spa|2
|
|-weather|RainDance|[upkeep]
|upkeep
|turn|4
|inactive|Montezumaa has 120 seconds left.
|
|switch|p1a: SAPIC|Ferrothorn, F|100/100
|move|p2a: Goodra|Ice Beam|p1a: SAPIC
|-damage|p1a: SAPIC|87/100
|
|-weather|RainDance|[upkeep]
|-heal|p1a: SAPIC|94/100|[from] item: Leftovers
|upkeep
|turn|5
|
|switch|p2a: Torkoal|Torkoal, F|25/100
|-weather|SunnyDay|[from] ability: Drought|[of] p2a: Torkoal
|move|p1a: SAPIC|Leech Seed|p2a: Torkoal
|-start|p2a: Torkoal|move: Leech Seed
|
|-weather|SunnyDay|[upkeep]
|-heal|p1a: SAPIC|99/100|[from] item: Leftovers
|-damage|p2a: Torkoal|13/100|[from] Leech Seed|[of] p1a: SAPIC
|-heal|p1a: SAPIC|100/100|[silent]
|upkeep
|turn|6
|
|switch|p2a: Jolteon|Jolteon, F|100/100
|move|p1a: SAPIC|Protect||[still]
|-fail|p1a: SAPIC
|
|-weather|SunnyDay|[upkeep]
|upkeep
|turn|7
|
|move|p2a: Jolteon|Weather Ball|p1a: SAPIC
|-supereffective|p1a: SAPIC
|-damage|p1a: SAPIC|0 fnt
|faint|p1a: SAPIC
|
|-weather|SunnyDay|[upkeep]
|upkeep
|
|switch|p1a: SAMOUIL|Pelipper, M|13/100
|-weather|RainDance|[from] ability: Drizzle|[of] p1a: SAMOUIL
|turn|8
|
|switch|p2a: Goodra|Goodra, F|88/100
|switch|p1a: SAMOR|Dracovish|100/100
|
|-weather|RainDance|[upkeep]
|upkeep
|turn|9
|inactive|Montezumaa has 120 seconds left.
|
|switch|p2a: Excadrill|Excadrill, F|100/100
|-ability|p2a: Excadrill|Mold Breaker
|move|p1a: SAMOR|Fishious Rend|p2a: Excadrill
|-supereffective|p2a: Excadrill
|-damage|p2a: Excadrill|0 fnt
|faint|p2a: Excadrill
|
|-weather|RainDance|[upkeep]
|upkeep
|inactive|Montezumaa has 120 seconds left.
|
|switch|p2a: Torkoal|Torkoal, F|13/100
|-weather|SunnyDay|[from] ability: Drought|[of] p2a: Torkoal
|turn|10
|
|switch|p1a: SAMOUIL|Pelipper, M|13/100
|-weather|RainDance|[from] ability: Drizzle|[of] p1a: SAMOUIL
|switch|p2a: Corsola|Corsola-Galar, M|100/100
|
|-weather|RainDance|[upkeep]
|upkeep
|turn|11
|
|move|p1a: SAMOUIL|Roost|p1a: SAMOUIL
|-heal|p1a: SAMOUIL|63/100
|-singleturn|p1a: SAMOUIL|move: Roost
|move|p2a: Corsola|Stealth Rock|p1a: SAMOUIL
|-sidestart|p1: Dagone-Pk|move: Stealth Rock
|
|-weather|RainDance|[upkeep]
|upkeep
|turn|12
|
|move|p1a: SAMOUIL|Roost|p1a: SAMOUIL
|-heal|p1a: SAMOUIL|100/100
|-singleturn|p1a: SAMOUIL|move: Roost
|move|p2a: Corsola|Will-O-Wisp|p1a: SAMOUIL
|-status|p1a: SAMOUIL|brn
|
|-weather|RainDance|[upkeep]
|-damage|p1a: SAMOUIL|94/100 brn|[from] brn
|upkeep
|turn|13
|
|move|p1a: SAMOUIL|Scald|p2a: Corsola
|-damage|p2a: Corsola|74/100
|move|p2a: Corsola|Will-O-Wisp|p1a: SAMOUIL
|-fail|p1a: SAMOUIL|brn
|
|-weather|RainDance|[upkeep]
|-damage|p1a: SAMOUIL|88/100 brn|[from] brn
|upkeep
|turn|14
|
|switch|p2a: Jolteon|Jolteon, F|100/100
|move|p1a: SAMOUIL|Scald|p2a: Jolteon
|-damage|p2a: Jolteon|52/100
|
|-weather|RainDance|[upkeep]
|-damage|p1a: SAMOUIL|82/100 brn|[from] brn
|upkeep
|turn|15
|
|switch|p1a: SAPU|Seismitoad, M|45/100
|-damage|p1a: SAPU|39/100|[from] Stealth Rock
|move|p2a: Jolteon|Shadow Ball|p1a: SAPU
|-damage|p1a: SAPU|10/100
|
|-weather|RainDance|[upkeep]
|-heal|p1a: SAPU|16/100|[from] item: Leftovers
|upkeep
|turn|16
|
|move|p2a: Jolteon|Shadow Ball|p1a: SAPU
|-damage|p1a: SAPU|0 fnt
|faint|p1a: SAPU
|
|-weather|RainDance|[upkeep]
|upkeep
|
|switch|p1a: SAMOR|Dracovish|100/100
|-damage|p1a: SAMOR|88/100|[from] Stealth Rock
|turn|17
|
|switch|p2a: Goodra|Goodra, F|88/100
|move|p1a: SAMOR|Fishious Rend|p2a: Goodra
|-resisted|p2a: Goodra
|-damage|p2a: Goodra|0 fnt
|faint|p2a: Goodra
|
|-weather|none
|upkeep
|
|switch|p2a: Corsola|Corsola-Galar, M|74/100
|turn|18
|
|switch|p1a: SAMOUIL|Pelipper, M|82/100 brn
|-damage|p1a: SAMOUIL|57/100 brn|[from] Stealth Rock
|-weather|RainDance|[from] ability: Drizzle|[of] p1a: SAMOUIL
|move|p2a: Corsola|Strength Sap|p1a: SAMOUIL
|-unboost|p1a: SAMOUIL|atk|1
|-heal|p2a: Corsola|100/100
|
|-weather|RainDance|[upkeep]
|-damage|p1a: SAMOUIL|51/100 brn|[from] brn
|upkeep
|turn|19
|
|switch|p2a: Torkoal|Torkoal, F|13/100
|-weather|SunnyDay|[from] ability: Drought|[of] p2a: Torkoal
|move|p1a: SAMOUIL|Roost|p1a: SAMOUIL
|-heal|p1a: SAMOUIL|100/100 brn
|-singleturn|p1a: SAMOUIL|move: Roost
|
|-weather|SunnyDay|[upkeep]
|-damage|p1a: SAMOUIL|94/100 brn|[from] brn
|upkeep
|turn|20
|
|switch|p2a: Charizard|Charizard, F|100/100
|move|p1a: SAMOUIL|U-turn|p2a: Charizard
|-resisted|p2a: Charizard
|-crit|p2a: Charizard
|-damage|p2a: Charizard|98/100
|
|switch|p1a: SAMOR|Dracovish|88/100|[from]move: U-turn
|-damage|p1a: SAMOR|76/100|[from] Stealth Rock
|
|-weather|SunnyDay|[upkeep]
|-damage|p2a: Charizard|86/100|[from] ability: Solar Power|[of] p2a: Charizard
|upkeep
|turn|21
|
|switch|p1a: SAMOUIL|Pelipper, M|94/100 brn
|-damage|p1a: SAMOUIL|69/100 brn|[from] Stealth Rock
|-weather|RainDance|[from] ability: Drizzle|[of] p1a: SAMOUIL
|move|p2a: Charizard|Overheat|p1a: SAMOUIL
|-resisted|p1a: SAMOUIL
|-damage|p1a: SAMOUIL|39/100 brn
|-unboost|p2a: Charizard|spa|2
|
|-weather|RainDance|[upkeep]
|-damage|p1a: SAMOUIL|33/100 brn|[from] brn
|upkeep
|turn|22
|
|switch|p2a: Jolteon|Jolteon, F|52/100
|move|p1a: SAMOUIL|Roost|p1a: SAMOUIL
|-heal|p1a: SAMOUIL|83/100 brn
|-singleturn|p1a: SAMOUIL|move: Roost
|
|-weather|RainDance|[upkeep]
|-damage|p1a: SAMOUIL|76/100 brn|[from] brn
|upkeep
|turn|23
|
|switch|p1a: SACRI|Toxtricity, F|100/100
|-damage|p1a: SACRI|88/100|[from] Stealth Rock
|move|p2a: Jolteon|Volt Switch|p1a: SACRI
|-resisted|p1a: SACRI
|-damage|p1a: SACRI|44/100
|
|switch|p2a: Torkoal|Torkoal, F|13/100|[from]move: Volt Switch
|-weather|SunnyDay|[from] ability: Drought|[of] p2a: Torkoal
|
|-weather|SunnyDay|[upkeep]
|upkeep
|turn|24
|inactive|Montezumaa has 120 seconds left.
|
|switch|p2a: Charizard|Charizard, F|86/100
|move|p1a: SACRI|Volt Switch|p2a: Charizard
|-supereffective|p2a: Charizard
|-damage|p2a: Charizard|0 fnt
|faint|p2a: Charizard
|
|switch|p1a: SAMOUIL|Pelipper, M|76/100 brn|[from]move: Volt Switch
|-damage|p1a: SAMOUIL|51/100 brn|[from] Stealth Rock
|-weather|RainDance|[from] ability: Drizzle|[of] p1a: SAMOUIL
|
|-weather|RainDance|[upkeep]
|-damage|p1a: SAMOUIL|45/100 brn|[from] brn
|upkeep
|
|switch|p2a: Jolteon|Jolteon, F|52/100
|turn|25
|
|move|p2a: Jolteon|Volt Switch|p1a: SAMOUIL
|-supereffective|p1a: SAMOUIL
|-damage|p1a: SAMOUIL|0 fnt
|faint|p1a: SAMOUIL
|
|switch|p2a: Torkoal|Torkoal, F|13/100|[from]move: Volt Switch
|-weather|SunnyDay|[from] ability: Drought|[of] p2a: Torkoal
|
|-weather|SunnyDay|[upkeep]
|upkeep
|inactive|Dagone-Pk has 120 seconds left.
|
|switch|p1a: SAMOR|Dracovish|76/100
|-damage|p1a: SAMOR|63/100|[from] Stealth Rock
|turn|26
|
|switch|p2a: Corsola|Corsola-Galar, M|100/100
|move|p1a: SAMOR|Crunch|p2a: Corsola
|-supereffective|p2a: Corsola
|-damage|p2a: Corsola|62/100
|-unboost|p2a: Corsola|def|1
|
|-weather|SunnyDay|[upkeep]
|upkeep
|turn|27
|inactive|Montezumaa has 120 seconds left.
|
|switch|p1a: SACRI|Toxtricity, F|44/100
|-damage|p1a: SACRI|32/100|[from] Stealth Rock
|move|p2a: Corsola|Strength Sap|p1a: SACRI
|-unboost|p1a: SACRI|atk|1
|-heal|p2a: Corsola|100/100
|
|-weather|SunnyDay|[upkeep]
|upkeep
|turn|28
|inactive|Montezumaa has 120 seconds left.
|inactive|Dagone-Pk has 120 seconds left.
|
|switch|p2a: Torkoal|Torkoal, F|13/100
|move|p1a: SACRI|Sludge Wave|p2a: Torkoal
|-damage|p2a: Torkoal|0 fnt
|faint|p2a: Torkoal
|
|-weather|SunnyDay|[upkeep]
|upkeep
|
|switch|p2a: Jolteon|Jolteon, F|52/100
|turn|29
|
|move|p2a: Jolteon|Volt Switch|p1a: SACRI
|-resisted|p1a: SACRI
|-damage|p1a: SACRI|0 fnt
|faint|p1a: SACRI
|
|switch|p2a: Corsola|Corsola-Galar, M|100/100|[from]move: Volt Switch
|
|-weather|SunnyDay|[upkeep]
|upkeep
|inactive|Dagone-Pk has 120 seconds left.
|
|switch|p1a: SAGLISS|Barraskewda, M|100/100
|-damage|p1a: SAGLISS|88/100|[from] Stealth Rock
|turn|30
|
|move|p1a: SAGLISS|Crunch|p2a: Corsola
|-supereffective|p2a: Corsola
|-damage|p2a: Corsola|60/100
|-damage|p1a: SAGLISS|78/100|[from] item: Life Orb
|move|p2a: Corsola|Strength Sap|p1a: SAGLISS
|-unboost|p1a: SAGLISS|atk|1
|-heal|p2a: Corsola|100/100
|
|-weather|SunnyDay|[upkeep]
|upkeep
|turn|31
|
|move|p1a: SAGLISS|Crunch|p2a: Corsola
|-supereffective|p2a: Corsola
|-damage|p2a: Corsola|71/100
|-damage|p1a: SAGLISS|69/100|[from] item: Life Orb
|move|p2a: Corsola|Will-O-Wisp|p1a: SAGLISS
|-status|p1a: SAGLISS|brn
|
|-weather|SunnyDay|[upkeep]
|-damage|p1a: SAGLISS|62/100 brn|[from] brn
|upkeep
|turn|32
|
|move|p1a: SAGLISS|Crunch|p2a: Corsola
|-supereffective|p2a: Corsola
|-damage|p2a: Corsola|56/100
|-damage|p1a: SAGLISS|53/100 brn|[from] item: Life Orb
|move|p2a: Corsola|Strength Sap|p1a: SAGLISS
|-unboost|p1a: SAGLISS|atk|1
|-heal|p2a: Corsola|100/100
|
|-weather|none
|-damage|p1a: SAGLISS|47/100 brn|[from] brn
|upkeep
|turn|33
|
|move|p1a: SAGLISS|Crunch|p2a: Corsola
|-supereffective|p2a: Corsola
|-damage|p2a: Corsola|90/100
|-damage|p1a: SAGLISS|37/100 brn|[from] item: Life Orb
|move|p2a: Corsola|Night Shade|p1a: SAGLISS
|-damage|p1a: SAGLISS|0 fnt
|faint|p1a: SAGLISS
|
|upkeep
|
|switch|p1a: SAMOR|Dracovish|63/100
|-damage|p1a: SAMOR|51/100|[from] Stealth Rock
|turn|34
|
|move|p1a: SAMOR|Outrage|p2a: Corsola
|-damage|p2a: Corsola|59/100
|move|p2a: Corsola|Strength Sap|p1a: SAMOR
|-unboost|p1a: SAMOR|atk|1
|-heal|p2a: Corsola|100/100
|
|upkeep
|turn|35
|
|move|p1a: SAMOR|Outrage|p2a: Corsola|[from]lockedmove
|-damage|p2a: Corsola|81/100
|-start|p1a: SAMOR|confusion|[fatigue]
|move|p2a: Corsola|Night Shade|p1a: SAMOR
|-damage|p1a: SAMOR|20/100
|
|upkeep
|turn|36
|
|-activate|p1a: SAMOR|confusion
|-damage|p1a: SAMOR|11/100|[from] confusion
|move|p2a: Corsola|Night Shade|p1a: SAMOR
|-damage|p1a: SAMOR|0 fnt
|faint|p1a: SAMOR
|
|win|Montezumaa
|raw|Dagone-Pk's rating: 1223 → 1197(-26 for losing)
|raw|Montezumaa's rating: 1215 → 1240(+25 for winning)
|c|☆Dagone-Pk|gg
|l|☆Dagone-Pk
|c|☆Montezumaa|Yep gg
|c|☆Montezumaa|Nice fight
