|ScrapeTime|2020-01-02-13:34:41
|j|☆braken67
|j|‽Infamiise
|player|p1|braken67|volkner|1173
|player|p2|Infamiise|102|1197
|teamsize|p1|6
|teamsize|p2|6
|gametype|singles
|gen|8
|tier|[Gen 8] OU
|rated|
|rule|Sleep Clause Mod: Limit one foe put to sleep
|rule|Species Clause: Limit one of each Pokémon
|rule|OHKO Clause: OHKO moves are banned
|rule|Evasion Moves Clause: Evasion moves are banned
|rule|Endless Battle Clause: Forcing endless battles is banned
|rule|HP Percentage Mod: HP is shown in percentages
|clearpoke
|poke|p1|Centiskorch, F|
|poke|p1|Obstagoon, M|
|poke|p1|Drapion, M|
|poke|p1|Flygon, F|
|poke|p1|Rotom-Mow|
|poke|p1|Aegislash, M|
|poke|p2|Aegislash, F|
|poke|p2|Conkeldurr, F|
|poke|p2|Dragapult, F|
|poke|p2|Excadrill, F|
|poke|p2|Hatterene, F|
|poke|p2|Toxapex, M|
|rule|Dynamax Clause: You cannot dynamax
|teampreview
|inactive|Battle timer is ON: inactive players will automatically lose when time's up. (requested by braken67)
|
|start
|switch|p1a: Rotom|Rotom-Mow|100/100
|switch|p2a: Excadrill|Excadrill, F|100/100
|-ability|p2a: Excadrill|Mold Breaker
|turn|1
|
|move|p1a: Rotom|Will-O-Wisp|p2a: Excadrill
|-status|p2a: Excadrill|brn
|move|p2a: Excadrill|Earthquake|p1a: Rotom
|-damage|p1a: Rotom|68/100
|
|-damage|p2a: Excadrill|94/100 brn|[from] brn
|upkeep
|turn|2
|
|switch|p1a: Flygon|Flygon, F|100/100
|move|p2a: Excadrill|Stealth Rock|p1a: Flygon
|-sidestart|p1: braken67|move: Stealth Rock
|
|-damage|p2a: Excadrill|88/100 brn|[from] brn
|upkeep
|turn|3
|
|switch|p2a: Conkeldurr|Conkeldurr, F|100/100
|move|p1a: Flygon|Earthquake|p2a: Conkeldurr
|-damage|p2a: Conkeldurr|65/100
|
|-heal|p2a: Conkeldurr|72/100|[from] item: Leftovers
|upkeep
|turn|4
|
|switch|p1a: Aegislash|Aegislash, M|100/100
|-damage|p1a: Aegislash|94/100|[from] Stealth Rock
|move|p2a: Conkeldurr|Ice Punch|p1a: Aegislash
|-resisted|p1a: Aegislash
|-damage|p1a: Aegislash|81/100
|
|-heal|p2a: Conkeldurr|78/100|[from] item: Leftovers
|upkeep
|turn|5
|
|switch|p2a: Excadrill|Excadrill, F|88/100 brn
|-ability|p2a: Excadrill|Mold Breaker
|move|p1a: Aegislash|King's Shield||[still]
|-fail|p1a: Aegislash
|
|-damage|p2a: Excadrill|82/100 brn|[from] brn
|upkeep
|turn|6
|
|switch|p1a: Flygon|Flygon, F|100/100
|-damage|p1a: Flygon|95/100|[from] Stealth Rock
|move|p2a: Excadrill|Earthquake|p1a: Flygon
|-damage|p1a: Flygon|55/100
|
|-damage|p2a: Excadrill|76/100 brn|[from] brn
|upkeep
|turn|7
|
|switch|p2a: Conkeldurr|Conkeldurr, F|78/100
|move|p1a: Flygon|U-turn|p2a: Conkeldurr
|-resisted|p2a: Conkeldurr
|-damage|p2a: Conkeldurr|69/100
|
|switch|p1a: Centiskorch|Centiskorch, F|100/100|[from]move: U-turn
|
|-heal|p2a: Conkeldurr|75/100|[from] item: Leftovers
|upkeep
|turn|8
|
|move|p1a: Centiskorch|Coil|p1a: Centiskorch
|-boost|p1a: Centiskorch|atk|1
|-boost|p1a: Centiskorch|def|1
|-boost|p1a: Centiskorch|accuracy|1
|move|p2a: Conkeldurr|Substitute|p2a: Conkeldurr
|-start|p2a: Conkeldurr|Substitute
|-damage|p2a: Conkeldurr|50/100
|
|-heal|p2a: Conkeldurr|56/100|[from] item: Leftovers
|upkeep
|turn|9
|
|-singleturn|p2a: Conkeldurr|move: Focus Punch
|move|p1a: Centiskorch|Coil|p1a: Centiskorch
|-boost|p1a: Centiskorch|atk|1
|-boost|p1a: Centiskorch|def|1
|-boost|p1a: Centiskorch|accuracy|1
|move|p2a: Conkeldurr|Focus Punch|p1a: Centiskorch
|-resisted|p1a: Centiskorch
|-damage|p1a: Centiskorch|75/100
|
|-heal|p2a: Conkeldurr|62/100|[from] item: Leftovers
|upkeep
|turn|10
|
|-singleturn|p2a: Conkeldurr|move: Focus Punch
|move|p1a: Centiskorch|Fire Lash|p2a: Conkeldurr
|-end|p2a: Conkeldurr|Substitute
|move|p2a: Conkeldurr|Focus Punch|p1a: Centiskorch
|-resisted|p1a: Centiskorch
|-damage|p1a: Centiskorch|48/100
|
|-heal|p2a: Conkeldurr|68/100|[from] item: Leftovers
|upkeep
|turn|11
|
|switch|p2a: Toxapex|Toxapex, M|100/100
|move|p1a: Centiskorch|Fire Lash|p2a: Toxapex
|-resisted|p2a: Toxapex
|-damage|p2a: Toxapex|81/100
|-unboost|p2a: Toxapex|def|1
|
|-heal|p2a: Toxapex|87/100|[from] item: Black Sludge
|upkeep
|turn|12
|
|move|p1a: Centiskorch|Knock Off|p2a: Toxapex
|-damage|p2a: Toxapex|41/100
|-enditem|p2a: Toxapex|Black Sludge|[from] move: Knock Off|[of] p1a: Centiskorch
|move|p2a: Toxapex|Scald|p1a: Centiskorch
|-supereffective|p1a: Centiskorch
|-damage|p1a: Centiskorch|21/100
|
|upkeep
|turn|13
|
|move|p1a: Centiskorch|Leech Life|p2a: Toxapex
|-resisted|p2a: Toxapex
|-damage|p2a: Toxapex|14/100
|-heal|p1a: Centiskorch|32/100|[from] drain|[of] p2a: Toxapex
|move|p2a: Toxapex|Scald|p1a: Centiskorch
|-supereffective|p1a: Centiskorch
|-damage|p1a: Centiskorch|4/100
|
|upkeep
|turn|14
|
|move|p1a: Centiskorch|Leech Life|p2a: Toxapex
|-resisted|p2a: Toxapex
|-damage|p2a: Toxapex|0 fnt
|-heal|p1a: Centiskorch|10/100|[from] drain|[of] p2a: Toxapex
|faint|p2a: Toxapex
|
|upkeep
|
|switch|p2a: Aegislash|Aegislash, F|100/100
|turn|15
|
|-formechange|p2a: Aegislash|Aegislash-Blade||[from] ability: Stance Change
|move|p2a: Aegislash|Shadow Sneak|p1a: Centiskorch
|-damage|p1a: Centiskorch|0 fnt
|faint|p1a: Centiskorch
|
|upkeep
|
|switch|p1a: Drapion|Drapion, M|100/100
|-damage|p1a: Drapion|88/100|[from] Stealth Rock
|turn|16
|
|switch|p2a: Conkeldurr|Conkeldurr, F|68/100
|move|p1a: Drapion|Swords Dance|p1a: Drapion
|-boost|p1a: Drapion|atk|2
|
|-heal|p2a: Conkeldurr|74/100|[from] item: Leftovers
|upkeep
|turn|17
|
|move|p1a: Drapion|Cross Poison|p2a: Conkeldurr
|-crit|p2a: Conkeldurr
|-damage|p2a: Conkeldurr|0 fnt
|faint|p2a: Conkeldurr
|
|upkeep
|
|switch|p2a: Excadrill|Excadrill, F|76/100 brn
|-ability|p2a: Excadrill|Mold Breaker
|turn|18
|
|move|p1a: Drapion|Earthquake|p2a: Excadrill
|-supereffective|p2a: Excadrill
|-damage|p2a: Excadrill|0 fnt
|faint|p2a: Excadrill
|
|upkeep
|
|switch|p2a: Hatterene|Hatterene, F|100/100
|turn|19
|
|move|p1a: Drapion|Cross Poison|p2a: Hatterene
|-supereffective|p2a: Hatterene
|-damage|p2a: Hatterene|0 fnt
|faint|p2a: Hatterene
|
|upkeep
|
|switch|p2a: Aegislash|Aegislash, F|100/100
|turn|20
|
|move|p1a: Drapion|Earthquake|p2a: Aegislash
|-supereffective|p2a: Aegislash
|-damage|p2a: Aegislash|17/100
|move|p2a: Aegislash|Swords Dance|p2a: Aegislash
|-boost|p2a: Aegislash|atk|2
|
|-heal|p2a: Aegislash|23/100|[from] item: Leftovers
|upkeep
|turn|21
|
|move|p2a: Aegislash|King's Shield|p2a: Aegislash
|-singleturn|p2a: Aegislash|Protect
|move|p1a: Drapion|Night Slash|p2a: Aegislash
|-activate|p2a: Aegislash|move: Protect
|-unboost|p1a: Drapion|atk|1
|
|-heal|p2a: Aegislash|30/100|[from] item: Leftovers
|upkeep
|turn|22
|
|-formechange|p2a: Aegislash|Aegislash-Blade||[from] ability: Stance Change
|move|p2a: Aegislash|Shadow Sneak|p1a: Drapion
|-resisted|p1a: Drapion
|-damage|p1a: Drapion|62/100
|move|p1a: Drapion|Night Slash|p2a: Aegislash
|-supereffective|p2a: Aegislash
|-crit|p2a: Aegislash
|-damage|p2a: Aegislash|0 fnt
|faint|p2a: Aegislash
|
|upkeep
|
|switch|p2a: Dragapult|Dragapult, F|100/100
|turn|23
|
|move|p2a: Dragapult|Hydro Pump|p1a: Drapion
|-damage|p1a: Drapion|16/100
|move|p1a: Drapion|Night Slash|p2a: Dragapult
|-supereffective|p2a: Dragapult
|-crit|p2a: Dragapult
|-damage|p2a: Dragapult|0 fnt
|faint|p2a: Dragapult
|
|win|braken67
|l|‽Infamiise
|raw|braken67's rating: 1173 → 1200(+27 for winning)
|raw|Infamiise's rating: 1197 → 1171(-26 for losing)
