|ScrapeTime|2020-01-01-21:24:29
|j|☆Srdevil
|j|☆Gawddd
|player|p1|Srdevil|silver|1419
|player|p2|Gawddd|101|1439
|teamsize|p1|6
|teamsize|p2|6
|gametype|singles
|gen|8
|tier|[Gen 8] OU
|rated|
|rule|Sleep Clause Mod: Limit one foe put to sleep
|rule|Species Clause: Limit one of each Pokémon
|rule|OHKO Clause: OHKO moves are banned
|rule|Evasion Moves Clause: Evasion moves are banned
|rule|Endless Battle Clause: Forcing endless battles is banned
|rule|HP Percentage Mod: HP is shown in percentages
|clearpoke
|poke|p1|Hydreigon, M|
|poke|p1|Corviknight, M|
|poke|p1|Seismitoad, M|
|poke|p1|Corsola-Galar, M|
|poke|p1|Hatterene, F|
|poke|p1|Eiscue, M|
|poke|p2|Sigilyph, F|
|poke|p2|Sylveon, M|
|poke|p2|Weavile, F|
|poke|p2|Seismitoad, F|
|poke|p2|Dragapult, F|
|poke|p2|Conkeldurr, F|
|rule|Dynamax Clause: You cannot dynamax
|teampreview
|inactive|Battle timer is ON: inactive players will automatically lose when time's up. (requested by Gawddd)
|
|start
|switch|p1a: Seismitoad|Seismitoad, M|100/100
|switch|p2a: Dragapult|Dragapult, F|100/100
|turn|1
|
|move|p2a: Dragapult|Shadow Ball|p1a: Seismitoad
|-damage|p1a: Seismitoad|62/100
|move|p1a: Seismitoad|Stealth Rock|p2a: Dragapult
|-sidestart|p2: Gawddd|move: Stealth Rock
|
|-heal|p1a: Seismitoad|68/100|[from] item: Leftovers
|upkeep
|turn|2
|
|switch|p2a: Conkeldurr|Conkeldurr, F|100/100
|-damage|p2a: Conkeldurr|94/100|[from] Stealth Rock
|move|p1a: Seismitoad|Toxic|p2a: Conkeldurr
|-status|p2a: Conkeldurr|tox
|
|-heal|p1a: Seismitoad|74/100|[from] item: Leftovers
|-damage|p2a: Conkeldurr|88/100 tox|[from] psn
|upkeep
|turn|3
|
|switch|p1a: Corviknight|Corviknight, M|100/100
|-ability|p1a: Corviknight|Pressure
|move|p2a: Conkeldurr|Drain Punch|p1a: Corviknight
|-damage|p1a: Corviknight|60/100
|-heal|p2a: Conkeldurr|100/100 tox|[from] drain|[of] p1a: Corviknight
|
|-heal|p1a: Corviknight|66/100|[from] item: Leftovers
|-damage|p2a: Conkeldurr|88/100 tox|[from] psn
|upkeep
|turn|4
|
|switch|p2a: Seismitoad|Seismitoad, F|100/100
|-damage|p2a: Seismitoad|94/100|[from] Stealth Rock
|move|p1a: Corviknight|U-turn|p2a: Seismitoad
|-damage|p2a: Seismitoad|84/100
|
|switch|p1a: Hatterene|Hatterene, F|100/100|[from]move: U-turn
|
|-heal|p2a: Seismitoad|90/100|[from] item: Leftovers
|upkeep
|turn|5
|
|move|p2a: Seismitoad|Earthquake|p1a: Hatterene
|-damage|p1a: Hatterene|73/100
|move|p1a: Hatterene|Mystical Fire|p2a: Seismitoad
|-resisted|p2a: Seismitoad
|-damage|p2a: Seismitoad|78/100
|-unboost|p2a: Seismitoad|spa|1
|
|-heal|p2a: Seismitoad|84/100|[from] item: Leftovers
|-heal|p1a: Hatterene|79/100|[from] item: Leftovers
|upkeep
|turn|6
|
|move|p2a: Seismitoad|Earthquake|p1a: Hatterene
|-damage|p1a: Hatterene|51/100
|move|p1a: Hatterene|Draining Kiss|p2a: Seismitoad
|-damage|p2a: Seismitoad|60/100
|-heal|p1a: Hatterene|74/100|[from] drain|[of] p2a: Seismitoad
|
|-heal|p2a: Seismitoad|66/100|[from] item: Leftovers
|-heal|p1a: Hatterene|80/100|[from] item: Leftovers
|upkeep
|turn|7
|
|switch|p2a: Sigilyph|Sigilyph, F|100/100
|move|p1a: Hatterene|Draining Kiss|p2a: Sigilyph
|-damage|p2a: Sigilyph|69/100
|-heal|p1a: Hatterene|100/100|[from] drain|[of] p2a: Sigilyph
|
|upkeep
|turn|8
|
|switch|p1a: Corsola|Corsola-Galar, M|100/100
|move|p2a: Sigilyph|Air Slash|p1a: Corsola
|-damage|p1a: Corsola|72/100
|
|upkeep
|turn|9
|
|move|p2a: Sigilyph|Air Slash|p1a: Corsola
|-damage|p1a: Corsola|46/100
|-start|p2a: Sigilyph|Disable|Air Slash|[from] ability: Cursed Body|[of] p1a: Corsola
|move|p1a: Corsola|Night Shade|p2a: Sigilyph
|-damage|p2a: Sigilyph|34/100
|
|upkeep
|turn|10
|
|move|p2a: Sigilyph|Psychic|p1a: Corsola
|-damage|p1a: Corsola|11/100
|move|p1a: Corsola|Strength Sap|p2a: Sigilyph
|-unboost|p2a: Sigilyph|atk|1
|-heal|p1a: Corsola|44/100
|
|upkeep
|turn|11
|
|switch|p1a: Hydreigon|Hydreigon, M|100/100
|move|p2a: Sigilyph|Psychic|p1a: Hydreigon
|-immune|p1a: Hydreigon
|
|upkeep
|turn|12
|
|switch|p2a: Sylveon|Sylveon, M|100/100
|-damage|p2a: Sylveon|88/100|[from] Stealth Rock
|move|p1a: Hydreigon|Dark Pulse|p2a: Sylveon
|-resisted|p2a: Sylveon
|-damage|p2a: Sylveon|74/100
|
|-heal|p2a: Sylveon|80/100|[from] item: Leftovers
|upkeep
|turn|13
|
|switch|p1a: Seismitoad|Seismitoad, M|74/100
|move|p2a: Sylveon|Wish|p2a: Sylveon
|
|-heal|p1a: Seismitoad|80/100|[from] item: Leftovers
|-heal|p2a: Sylveon|86/100|[from] item: Leftovers
|upkeep
|turn|14
|
|switch|p2a: Seismitoad|Seismitoad, F|66/100
|-damage|p2a: Seismitoad|60/100|[from] Stealth Rock
|move|p1a: Seismitoad|Toxic|p2a: Seismitoad
|-status|p2a: Seismitoad|tox
|
|-heal|p2a: Seismitoad|100/100 tox|[from] move: Wish|[wisher] Sylveon
|-heal|p1a: Seismitoad|86/100|[from] item: Leftovers
|-damage|p2a: Seismitoad|94/100 tox|[from] psn
|upkeep
|turn|15
|
|switch|p1a: Hatterene|Hatterene, F|100/100
|move|p2a: Seismitoad|Toxic|p1a: Hatterene
|move|p1a: Hatterene|Toxic|p2a: Seismitoad|[from]Magic Bounce
|-fail|p2a: Seismitoad|tox
|
|-heal|p2a: Seismitoad|100/100 tox|[from] item: Leftovers
|-damage|p2a: Seismitoad|88/100 tox|[from] psn
|upkeep
|turn|16
|
|switch|p2a: Dragapult|Dragapult, F|100/100
|-damage|p2a: Dragapult|88/100|[from] Stealth Rock
|move|p1a: Hatterene|Draining Kiss|p2a: Dragapult
|-supereffective|p2a: Dragapult
|-damage|p2a: Dragapult|24/100
|
|upkeep
|turn|17
|
|move|p2a: Dragapult|Shadow Ball|p1a: Hatterene
|-supereffective|p1a: Hatterene
|-damage|p1a: Hatterene|0 fnt
|faint|p1a: Hatterene
|
|upkeep
|
|switch|p1a: Hydreigon|Hydreigon, M|100/100
|turn|18
|
|switch|p2a: Sylveon|Sylveon, M|86/100
|-damage|p2a: Sylveon|73/100|[from] Stealth Rock
|move|p1a: Hydreigon|Dark Pulse|p2a: Sylveon
|-resisted|p2a: Sylveon
|-damage|p2a: Sylveon|60/100
|
|-heal|p2a: Sylveon|66/100|[from] item: Leftovers
|upkeep
|turn|19
|
|switch|p1a: Corviknight|Corviknight, M|66/100
|-ability|p1a: Corviknight|Pressure
|move|p2a: Sylveon|Mystical Fire|p1a: Corviknight
|-supereffective|p1a: Corviknight
|-damage|p1a: Corviknight|33/100
|-unboost|p1a: Corviknight|spa|1
|
|-heal|p1a: Corviknight|39/100|[from] item: Leftovers
|-heal|p2a: Sylveon|72/100|[from] item: Leftovers
|upkeep
|turn|20
|
|move|p1a: Corviknight|U-turn|p2a: Sylveon
|-resisted|p2a: Sylveon
|-damage|p2a: Sylveon|66/100
|
|switch|p1a: Seismitoad|Seismitoad, M|86/100|[from]move: U-turn
|move|p2a: Sylveon|Mystical Fire|p1a: Seismitoad
|-resisted|p1a: Seismitoad
|-damage|p1a: Seismitoad|79/100
|-unboost|p1a: Seismitoad|spa|1
|
|-heal|p1a: Seismitoad|86/100|[from] item: Leftovers
|-heal|p2a: Sylveon|72/100|[from] item: Leftovers
|upkeep
|turn|21
|
|move|p2a: Sylveon|Protect|p2a: Sylveon
|-singleturn|p2a: Sylveon|Protect
|move|p1a: Seismitoad|Toxic|p2a: Sylveon
|-activate|p2a: Sylveon|move: Protect
|
|-heal|p1a: Seismitoad|92/100|[from] item: Leftovers
|-heal|p2a: Sylveon|78/100|[from] item: Leftovers
|upkeep
|turn|22
|
|switch|p1a: Corviknight|Corviknight, M|39/100
|-ability|p1a: Corviknight|Pressure
|switch|p2a: Sigilyph|Sigilyph, F|34/100
|
|-heal|p1a: Corviknight|45/100|[from] item: Leftovers
|upkeep
|turn|23
|
|move|p2a: Sigilyph|Heat Wave|p1a: Corviknight
|-supereffective|p1a: Corviknight
|-damage|p1a: Corviknight|0 fnt
|faint|p1a: Corviknight
|
|upkeep
|
|switch|p1a: Hydreigon|Hydreigon, M|100/100
|turn|24
|
|switch|p2a: Sylveon|Sylveon, M|78/100
|-damage|p2a: Sylveon|66/100|[from] Stealth Rock
|move|p1a: Hydreigon|Dark Pulse|p2a: Sylveon
|-resisted|p2a: Sylveon
|-damage|p2a: Sylveon|51/100
|
|-heal|p2a: Sylveon|57/100|[from] item: Leftovers
|upkeep
|turn|25
|
|move|p1a: Hydreigon|Dark Pulse|p2a: Sylveon
|-resisted|p2a: Sylveon
|-damage|p2a: Sylveon|44/100
|cant|p2a: Sylveon|flinch
|
|-heal|p2a: Sylveon|50/100|[from] item: Leftovers
|upkeep
|turn|26
|
|move|p1a: Hydreigon|Dark Pulse|p2a: Sylveon
|-resisted|p2a: Sylveon
|-damage|p2a: Sylveon|35/100
|move|p2a: Sylveon|Wish|p2a: Sylveon
|
|-heal|p2a: Sylveon|41/100|[from] item: Leftovers
|upkeep
|turn|27
|
|move|p1a: Hydreigon|Nasty Plot|p1a: Hydreigon
|-boost|p1a: Hydreigon|spa|2
|move|p2a: Sylveon|Hyper Voice|p1a: Hydreigon
|-supereffective|p1a: Hydreigon
|-damage|p1a: Hydreigon|0 fnt
|faint|p1a: Hydreigon
|
|-heal|p2a: Sylveon|91/100|[from] move: Wish|[wisher] Sylveon
|-heal|p2a: Sylveon|97/100|[from] item: Leftovers
|upkeep
|
|switch|p1a: Seismitoad|Seismitoad, M|92/100
|turn|28
|
|switch|p2a: Seismitoad|Seismitoad, F|88/100 tox
|-damage|p2a: Seismitoad|82/100 tox|[from] Stealth Rock
|move|p1a: Seismitoad|Scald|p2a: Seismitoad
|-heal|p2a: Seismitoad|100/100 tox|[from] ability: Water Absorb|[of] p1a: Seismitoad
|
|-heal|p1a: Seismitoad|98/100|[from] item: Leftovers
|-damage|p2a: Seismitoad|94/100 tox|[from] psn
|upkeep
|turn|29
|
|move|p1a: Seismitoad|Protect|p1a: Seismitoad
|-singleturn|p1a: Seismitoad|Protect
|move|p2a: Seismitoad|Toxic|p1a: Seismitoad
|-activate|p1a: Seismitoad|move: Protect
|
|-heal|p1a: Seismitoad|100/100|[from] item: Leftovers
|-heal|p2a: Seismitoad|100/100 tox|[from] item: Leftovers
|-damage|p2a: Seismitoad|88/100 tox|[from] psn
|upkeep
|turn|30
|
|switch|p1a: Corsola|Corsola-Galar, M|44/100
|move|p2a: Seismitoad|Toxic|p1a: Corsola
|-status|p1a: Corsola|tox
|
|-heal|p2a: Seismitoad|94/100 tox|[from] item: Leftovers
|-damage|p2a: Seismitoad|76/100 tox|[from] psn
|-damage|p1a: Corsola|38/100 tox|[from] psn
|upkeep
|turn|31
|
|move|p2a: Seismitoad|Scald|p1a: Corsola
|-damage|p1a: Corsola|23/100 tox
|move|p1a: Corsola|Strength Sap|p2a: Seismitoad
|-unboost|p2a: Seismitoad|atk|1
|-heal|p1a: Corsola|92/100 tox
|
|-heal|p2a: Seismitoad|82/100 tox|[from] item: Leftovers
|-damage|p2a: Seismitoad|58/100 tox|[from] psn
|-damage|p1a: Corsola|80/100 tox|[from] psn
|upkeep
|turn|32
|
|switch|p2a: Weavile|Weavile, F|100/100
|-damage|p2a: Weavile|76/100|[from] Stealth Rock
|-ability|p2a: Weavile|Pressure
|move|p1a: Corsola|Night Shade|p2a: Weavile
|-damage|p2a: Weavile|40/100
|
|-damage|p1a: Corsola|62/100 tox|[from] psn
|upkeep
|turn|33
|
|move|p2a: Weavile|Throat Chop|p1a: Corsola
|-supereffective|p1a: Corsola
|-damage|p1a: Corsola|13/100 tox
|-start|p2a: Weavile|Disable|Throat Chop|[from] ability: Cursed Body|[of] p1a: Corsola
|-start|p1a: Corsola|Throat Chop|[silent]
|move|p1a: Corsola|Night Shade|p2a: Weavile
|-damage|p2a: Weavile|4/100
|
|-damage|p1a: Corsola|0 fnt|[from] psn
|faint|p1a: Corsola
|upkeep
|
|switch|p1a: Eiscue|Eiscue, M|100/100
|turn|34
|
|switch|p2a: Sylveon|Sylveon, M|97/100
|-damage|p2a: Sylveon|85/100|[from] Stealth Rock
|move|p1a: Eiscue|Belly Drum|p1a: Eiscue
|-damage|p1a: Eiscue|51/100
|-setboost|p1a: Eiscue|atk|6|[from] move: Belly Drum
|
|-heal|p2a: Sylveon|91/100|[from] item: Leftovers
|upkeep
|turn|35
|
|move|p1a: Eiscue|Liquidation|p2a: Sylveon
|-damage|p2a: Sylveon|17/100
|-unboost|p2a: Sylveon|def|1
|move|p2a: Sylveon|Hyper Voice|p1a: Eiscue
|-damage|p1a: Eiscue|1/100
|-enditem|p1a: Eiscue|Sitrus Berry|[eat]
|-heal|p1a: Eiscue|26/100|[from] item: Sitrus Berry
|
|-heal|p2a: Sylveon|23/100|[from] item: Leftovers
|upkeep
|turn|36
|
|move|p1a: Eiscue|Ice Punch|p2a: Sylveon
|-damage|p2a: Sylveon|0 fnt
|faint|p2a: Sylveon
|
|upkeep
|
|switch|p2a: Sigilyph|Sigilyph, F|34/100
|turn|37
|
|move|p2a: Sigilyph|Heat Wave|p1a: Eiscue
|-supereffective|p1a: Eiscue
|-damage|p1a: Eiscue|0 fnt
|faint|p1a: Eiscue
|
|upkeep
|
|switch|p1a: Seismitoad|Seismitoad, M|100/100
|turn|38
|
|move|p2a: Sigilyph|Air Slash|p1a: Seismitoad
|-damage|p1a: Seismitoad|67/100
|cant|p1a: Seismitoad|flinch
|
|-heal|p1a: Seismitoad|73/100|[from] item: Leftovers
|upkeep
|turn|39
|
|move|p2a: Sigilyph|Psychic|p1a: Seismitoad
|-damage|p1a: Seismitoad|32/100
|move|p1a: Seismitoad|Toxic|p2a: Sigilyph
|-status|p2a: Sigilyph|tox
|
|-heal|p1a: Seismitoad|38/100|[from] item: Leftovers
|upkeep
|turn|40
|
|move|p2a: Sigilyph|Psychic|p1a: Seismitoad
|-damage|p1a: Seismitoad|1/100
|move|p1a: Seismitoad|Scald|p2a: Sigilyph
|-damage|p2a: Sigilyph|0 fnt
|faint|p2a: Sigilyph
|
|-heal|p1a: Seismitoad|7/100|[from] item: Leftovers
|upkeep
|c|☆Srdevil|Gg
|inactive|Gawddd has 120 seconds left.
|inactive|Gawddd has 90 seconds left.
|inactive|Gawddd has 60 seconds left.
|inactive|Gawddd has 30 seconds left.
|inactive|Gawddd has 20 seconds left.
|inactive|Gawddd has 15 seconds left.
|inactive|Gawddd has 10 seconds left.
|inactive|Gawddd has 5 seconds left.
|-message|Gawddd lost due to inactivity.
|
|win|Srdevil
|raw|Srdevil's rating: 1419 → 1440(+21 for winning)
|raw|Gawddd's rating: 1439 → 1418(-21 for losing)
|c|☆Srdevil|Bitch what
|c|☆Srdevil|Why
|l|☆Srdevil
|j|☆Srdevil
|player|p1|Srdevil|silver
