|ScrapeTime|2020-01-01-06:55:48
|j|☆bluemewgoddess
|j|☆Silver966409
|player|p1|bluemewgoddess|hilda-dueldisk|1315
|player|p2|Silver966409|266|1328
|teamsize|p1|6
|teamsize|p2|6
|gametype|singles
|gen|8
|tier|[Gen 8] OU
|rated|
|rule|Sleep Clause Mod: Limit one foe put to sleep
|rule|Species Clause: Limit one of each Pokémon
|rule|OHKO Clause: OHKO moves are banned
|rule|Evasion Moves Clause: Evasion moves are banned
|rule|Endless Battle Clause: Forcing endless battles is banned
|rule|HP Percentage Mod: HP is shown in percentages
|clearpoke
|poke|p1|Ditto|
|poke|p1|Corsola-Galar, M|
|poke|p1|Dragapult, M|
|poke|p1|Dracovish|
|poke|p1|Ferrothorn, M|
|poke|p1|Togekiss, F|
|poke|p2|Cinderace, M|
|poke|p2|Galvantula, M|
|poke|p2|Hitmontop, M|
|poke|p2|Crustle, M|
|poke|p2|Hydreigon, M|
|poke|p2|Mimikyu, M|
|rule|Dynamax Clause: You cannot dynamax
|teampreview
|inactive|Battle timer is ON: inactive players will automatically lose when time's up. (requested by Silver966409)
|
|start
|switch|p1a: Ferrothorn|Ferrothorn, M|100/100
|switch|p2a: Cinderace|Cinderace, M|100/100
|turn|1
|
|switch|p1a: Dracovish|Dracovish|100/100
|move|p2a: Cinderace|Pyro Ball|p1a: Dracovish
|-resisted|p1a: Dracovish
|-damage|p1a: Dracovish|83/100
|-status|p1a: Dracovish|brn
|
|-damage|p1a: Dracovish|77/100 brn|[from] brn
|upkeep
|turn|2
|c|☆bluemewgoddess|it would burn first hit
|
|switch|p2a: Hitmontop|Hitmontop, M|100/100
|-ability|p2a: Hitmontop|Intimidate|boost
|-unboost|p1a: Dracovish|atk|1
|move|p1a: Dracovish|Fishious Rend|p2a: Hitmontop
|-damage|p2a: Hitmontop|39/100
|
|-damage|p1a: Dracovish|70/100 brn|[from] brn
|upkeep
|turn|3
|
|move|p1a: Dracovish|Fishious Rend|p2a: Hitmontop
|-damage|p2a: Hitmontop|0 fnt
|faint|p2a: Hitmontop
|
|-damage|p1a: Dracovish|64/100 brn|[from] brn
|upkeep
|
|switch|p2a: Galvantula|Galvantula, M|100/100
|turn|4
|
|move|p2a: Galvantula|Thunder|p1a: Dracovish
|-damage|p1a: Dracovish|6/100 brn
|move|p1a: Dracovish|Fishious Rend|p2a: Galvantula
|-damage|p2a: Galvantula|48/100
|
|-damage|p1a: Dracovish|0 fnt|[from] brn
|faint|p1a: Dracovish
|upkeep
|
|switch|p1a: Togekiss|Togekiss, F|100/100
|turn|5
|
|move|p2a: Galvantula|Thunder Wave|p1a: Togekiss
|-status|p1a: Togekiss|par
|move|p1a: Togekiss|Air Slash|p2a: Galvantula
|-damage|p2a: Galvantula|0 fnt
|faint|p2a: Galvantula
|
|upkeep
|
|switch|p2a: Cinderace|Cinderace, M|100/100
|turn|6
|
|move|p2a: Cinderace|Pyro Ball|p1a: Togekiss
|-damage|p1a: Togekiss|54/100 par
|cant|p1a: Togekiss|par
|
|upkeep
|turn|7
|
|move|p2a: Cinderace|Gunk Shot|p1a: Togekiss
|-supereffective|p1a: Togekiss
|-damage|p1a: Togekiss|0 fnt
|faint|p1a: Togekiss
|
|upkeep
|
|switch|p1a: Dragapult|Dragapult, M|100/100
|turn|8
|
|switch|p2a: Mimikyu|Mimikyu, M|100/100
|move|p1a: Dragapult|Shadow Ball|p2a: Mimikyu
|-activate|p2a: Mimikyu|ability: Disguise
|-damage|p2a: Mimikyu|100/100
|detailschange|p2a: Mimikyu|Mimikyu-Busted, M
|-damage|p2a: Mimikyu|88/100|[from] ability: Disguise|[of] p2a: Mimikyu
|
|-heal|p2a: Mimikyu|94/100|[from] item: Leftovers
|upkeep
|turn|9
|
|move|p2a: Mimikyu|Shadow Sneak|p1a: Dragapult
|-supereffective|p1a: Dragapult
|-damage|p1a: Dragapult|56/100
|move|p1a: Dragapult|Shadow Ball|p2a: Mimikyu
|-supereffective|p2a: Mimikyu
|-damage|p2a: Mimikyu|6/100
|-unboost|p2a: Mimikyu|spd|1
|
|-heal|p2a: Mimikyu|12/100|[from] item: Leftovers
|upkeep
|turn|10
|
|move|p2a: Mimikyu|Shadow Sneak|p1a: Dragapult
|-supereffective|p1a: Dragapult
|-damage|p1a: Dragapult|12/100
|move|p1a: Dragapult|Shadow Ball|p2a: Mimikyu
|-supereffective|p2a: Mimikyu
|-damage|p2a: Mimikyu|0 fnt
|faint|p2a: Mimikyu
|
|upkeep
|
|switch|p2a: Hydreigon|Hydreigon, M|100/100
|turn|11
|
|move|p1a: Dragapult|Draco Meteor|p2a: Hydreigon
|-supereffective|p2a: Hydreigon
|-damage|p2a: Hydreigon|0 fnt
|-unboost|p1a: Dragapult|spa|2
|faint|p2a: Hydreigon
|
|upkeep
|
|switch|p2a: Cinderace|Cinderace, M|100/100
|turn|12
|
|move|p1a: Dragapult|U-turn|p2a: Cinderace
|-resisted|p2a: Cinderace
|-damage|p2a: Cinderace|87/100
|
|switch|p1a: Corsola|Corsola-Galar, M|100/100|[from]move: U-turn
|move|p2a: Cinderace|Pyro Ball|p1a: Corsola|[miss]
|-miss|p2a: Cinderace|p1a: Corsola
|
|upkeep
|turn|13
|
|move|p2a: Cinderace|Pyro Ball|p1a: Corsola
|-damage|p1a: Corsola|59/100
|-status|p1a: Corsola|brn
|move|p1a: Corsola|Curse|p2a: Cinderace
|-start|p2a: Cinderace|Curse|[of] p1a: Corsola
|-damage|p1a: Corsola|9/100 brn
|
|-damage|p1a: Corsola|3/100 brn|[from] brn
|-damage|p2a: Cinderace|62/100|[from] Curse
|upkeep
|turn|14
|
|move|p2a: Cinderace|U-turn|p1a: Corsola
|-resisted|p1a: Corsola
|-damage|p1a: Corsola|0 fnt
|-start|p2a: Cinderace|Disable|U-turn|[from] ability: Cursed Body|[of] p1a: Corsola
|faint|p1a: Corsola
|
|switch|p2a: Crustle|Crustle, M|100/100|[from]move: U-turn
|
|upkeep
|
|switch|p1a: Ditto|Ditto|100/100
|-transform|p1a: Ditto|p2a: Crustle|[from] ability: Imposter
|turn|15
|
|move|p1a: Ditto|Earthquake|p2a: Crustle
|-damage|p2a: Crustle|67/100
|move|p2a: Crustle|Shell Smash|p2a: Crustle
|-unboost|p2a: Crustle|def|1
|-unboost|p2a: Crustle|spd|1
|-boost|p2a: Crustle|atk|2
|-boost|p2a: Crustle|spa|2
|-boost|p2a: Crustle|spe|2
|
|upkeep
|turn|16
|
|switch|p1a: Ferrothorn|Ferrothorn, M|100/100
|move|p2a: Crustle|Stone Edge|p1a: Ferrothorn
|-resisted|p1a: Ferrothorn
|-damage|p1a: Ferrothorn|66/100
|
|upkeep
|turn|17
|
|move|p2a: Crustle|Earthquake|p1a: Ferrothorn
|-damage|p1a: Ferrothorn|20/100
|move|p1a: Ferrothorn|Leech Seed|p2a: Crustle
|-start|p2a: Crustle|move: Leech Seed
|
|-damage|p2a: Crustle|55/100|[from] Leech Seed|[of] p1a: Ferrothorn
|-heal|p1a: Ferrothorn|30/100|[silent]
|upkeep
|turn|18
|
|switch|p2a: Cinderace|Cinderace, M|62/100
|move|p1a: Ferrothorn|Spikes|p2a: Cinderace
|-sidestart|p2: Silver966409|Spikes
|
|upkeep
|turn|19
|
|move|p2a: Cinderace|Pyro Ball|p1a: Ferrothorn
|-supereffective|p1a: Ferrothorn
|-damage|p1a: Ferrothorn|0 fnt
|faint|p1a: Ferrothorn
|
|upkeep
|
|switch|p1a: Dragapult|Dragapult, M|12/100
|turn|20
|
|move|p1a: Dragapult|Draco Meteor|p2a: Cinderace
|-damage|p2a: Cinderace|0 fnt
|-unboost|p1a: Dragapult|spa|2
|faint|p2a: Cinderace
|
|upkeep
|
|switch|p2a: Crustle|Crustle, M|55/100
|-damage|p2a: Crustle|42/100|[from] Spikes
|turn|21
|
|move|p1a: Dragapult|U-turn|p2a: Crustle
|-damage|p2a: Crustle|23/100
|
|switch|p1a: Ditto|Ditto|100/100|[from]move: U-turn
|-transform|p1a: Ditto|p2a: Crustle|[from] ability: Imposter
|move|p2a: Crustle|Shell Smash|p2a: Crustle
|-unboost|p2a: Crustle|def|1
|-unboost|p2a: Crustle|spd|1
|-boost|p2a: Crustle|atk|2
|-boost|p2a: Crustle|spa|2
|-boost|p2a: Crustle|spe|2
|
|upkeep
|turn|22
|
|switch|p1a: Dragapult|Dragapult, M|12/100
|move|p2a: Crustle|Stone Edge|p1a: Dragapult
|-damage|p1a: Dragapult|0 fnt
|faint|p1a: Dragapult
|
|upkeep
|
|switch|p1a: Ditto|Ditto|100/100
|-transform|p1a: Ditto|p2a: Crustle|[from] ability: Imposter
|turn|23
|
|move|p1a: Ditto|Earthquake|p2a: Crustle
|-damage|p2a: Crustle|0 fnt
|faint|p2a: Crustle
|
|win|bluemewgoddess
|raw|bluemewgoddess's rating: 1315 → 1336(+21 for winning)
|raw|Silver966409's rating: 1329 → 1308(-21 for losing)
