|ScrapeTime|2020-01-01-20:16:29
|j|☆Matt_Web
|j|☆Grimlock238
|player|p1|Matt_Web|265|1200
|player|p2|Grimlock238|65|1192
|teamsize|p1|6
|teamsize|p2|6
|gametype|singles
|gen|8
|tier|[Gen 8] OU
|rated|
|rule|Sleep Clause Mod: Limit one foe put to sleep
|rule|Species Clause: Limit one of each Pokémon
|rule|OHKO Clause: OHKO moves are banned
|rule|Evasion Moves Clause: Evasion moves are banned
|rule|Endless Battle Clause: Forcing endless battles is banned
|rule|HP Percentage Mod: HP is shown in percentages
|clearpoke
|poke|p1|Excadrill, F|
|poke|p1|Grimmsnarl, M|
|poke|p1|Ditto|
|poke|p1|Polteageist|
|poke|p1|Seismitoad, F|
|poke|p1|Ferrothorn, M|
|poke|p2|Tyranitar, M|
|poke|p2|Excadrill, F|
|poke|p2|Rotom-Heat|
|poke|p2|Weezing-Galar, F|
|poke|p2|Jellicent, M|
|poke|p2|Lucario, F|
|rule|Dynamax Clause: You cannot dynamax
|teampreview
|inactive|Battle timer is ON: inactive players will automatically lose when time's up. (requested by Grimlock238)
|
|start
|switch|p1a: Seismitoad|Seismitoad, F|100/100
|switch|p2a: Lucario|Lucario, F|100/100
|turn|1
|
|move|p2a: Lucario|Aura Sphere|p1a: Seismitoad
|-damage|p1a: Seismitoad|66/100
|-damage|p2a: Lucario|91/100|[from] item: Life Orb
|move|p1a: Seismitoad|Earth Power|p2a: Lucario
|-supereffective|p2a: Lucario
|-damage|p2a: Lucario|0 fnt
|faint|p2a: Lucario
|
|upkeep
|
|switch|p2a: Jellicent|Jellicent, M|100/100
|turn|2
|
|move|p1a: Seismitoad|Grass Knot|p2a: Jellicent
|-supereffective|p2a: Jellicent
|-damage|p2a: Jellicent|57/100
|move|p2a: Jellicent|Giga Drain|p1a: Seismitoad
|-supereffective|p1a: Seismitoad
|-damage|p1a: Seismitoad|28/100
|-heal|p2a: Jellicent|77/100|[from] drain|[of] p1a: Seismitoad
|
|-heal|p2a: Jellicent|83/100|[from] item: Leftovers
|upkeep
|turn|3
|
|move|p1a: Seismitoad|Grass Knot|p2a: Jellicent
|-supereffective|p2a: Jellicent
|-crit|p2a: Jellicent
|-damage|p2a: Jellicent|16/100
|move|p2a: Jellicent|Giga Drain|p1a: Seismitoad
|-supereffective|p1a: Seismitoad
|-damage|p1a: Seismitoad|0 fnt
|-heal|p2a: Jellicent|29/100|[from] drain|[of] p1a: Seismitoad
|faint|p1a: Seismitoad
|
|-heal|p2a: Jellicent|36/100|[from] item: Leftovers
|upkeep
|
|switch|p1a: Polteageist|Polteageist|100/100
|turn|4
|
|move|p1a: Polteageist|Shell Smash|p1a: Polteageist
|-unboost|p1a: Polteageist|def|1
|-unboost|p1a: Polteageist|spd|1
|-boost|p1a: Polteageist|atk|2
|-boost|p1a: Polteageist|spa|2
|-boost|p1a: Polteageist|spe|2
|move|p2a: Jellicent|Shadow Ball|p1a: Polteageist
|-supereffective|p1a: Polteageist
|-damage|p1a: Polteageist|22/100
|
|-heal|p2a: Jellicent|42/100|[from] item: Leftovers
|upkeep
|turn|5
|
|move|p1a: Polteageist|Shadow Ball|p2a: Jellicent
|-supereffective|p2a: Jellicent
|-damage|p2a: Jellicent|0 fnt
|faint|p2a: Jellicent
|
|upkeep
|
|switch|p2a: Weezing|Weezing-Galar, F|100/100
|turn|6
|
|move|p1a: Polteageist|Stored Power|p2a: Weezing
|-supereffective|p2a: Weezing
|-damage|p2a: Weezing|0 fnt
|faint|p2a: Weezing
|
|upkeep
|
|switch|p2a: Tyranitar|Tyranitar, M, shiny|100/100
|-weather|Sandstorm|[from] ability: Sand Stream|[of] p2a: Tyranitar
|turn|7
|
|move|p1a: Polteageist|Giga Drain|p2a: Tyranitar
|-supereffective|p2a: Tyranitar
|-damage|p2a: Tyranitar|58/100
|-heal|p1a: Polteageist|55/100|[from] drain|[of] p2a: Tyranitar
|move|p2a: Tyranitar|Crunch|p1a: Polteageist
|-supereffective|p1a: Polteageist
|-damage|p1a: Polteageist|0 fnt
|faint|p1a: Polteageist
|
|-weather|Sandstorm|[upkeep]
|upkeep
|
|switch|p1a: Grimmsnarl|Grimmsnarl, M|100/100
|turn|8
|
|move|p2a: Tyranitar|Iron Head|p1a: Grimmsnarl
|-supereffective|p1a: Grimmsnarl
|-damage|p1a: Grimmsnarl|18/100
|move|p1a: Grimmsnarl|Spirit Break|p2a: Tyranitar
|-supereffective|p2a: Tyranitar
|-damage|p2a: Tyranitar|11/100
|-unboost|p2a: Tyranitar|spa|1
|
|-weather|Sandstorm|[upkeep]
|-damage|p1a: Grimmsnarl|12/100|[from] Sandstorm
|upkeep
|turn|9
|
|move|p1a: Grimmsnarl|Reflect|p1a: Grimmsnarl
|-sidestart|p1: Matt_Web|Reflect
|move|p2a: Tyranitar|Iron Head|p1a: Grimmsnarl
|-supereffective|p1a: Grimmsnarl
|-damage|p1a: Grimmsnarl|0 fnt
|faint|p1a: Grimmsnarl
|
|-weather|Sandstorm|[upkeep]
|upkeep
|
|switch|p1a: Ditto|Ditto|100/100
|-transform|p1a: Ditto|p2a: Tyranitar|[from] ability: Imposter
|turn|10
|
|move|p1a: Ditto|Crunch|p2a: Tyranitar
|-resisted|p2a: Tyranitar
|-damage|p2a: Tyranitar|0 fnt
|faint|p2a: Tyranitar
|
|-weather|Sandstorm|[upkeep]
|upkeep
|
|switch|p2a: Excadrill|Excadrill, F|100/100
|turn|11
|
|switch|p2a: Rotom|Rotom-Heat|100/100
|switch|p1a: Ferrothorn|Ferrothorn, M|100/100
|
|-weather|none
|upkeep
|turn|12
|
|move|p2a: Rotom|Overheat|p1a: Ferrothorn
|-supereffective|p1a: Ferrothorn
|-damage|p1a: Ferrothorn|0 fnt
|-unboost|p2a: Rotom|spa|2
|faint|p1a: Ferrothorn
|
|upkeep
|
|switch|p1a: Excadrill|Excadrill, F|100/100
|-ability|p1a: Excadrill|Mold Breaker
|turn|13
|
|move|p1a: Excadrill|Earthquake|p2a: Rotom
|-supereffective|p2a: Rotom
|-crit|p2a: Rotom
|-damage|p2a: Rotom|0 fnt
|faint|p2a: Rotom
|
|upkeep
|
|switch|p2a: Excadrill|Excadrill, F|100/100
|turn|14
|
|move|p1a: Excadrill|Earthquake|p2a: Excadrill
|-supereffective|p2a: Excadrill
|-damage|p2a: Excadrill|0 fnt
|faint|p2a: Excadrill
|
|win|Matt_Web
|l|☆Grimlock238
