|ScrapeTime|2020-01-02-12:25:00
|j|☆Savouras
|j|☆switch boy
|player|p1|Savouras|lusamine-nihilego|1688
|player|p2|switch boy|roxanne|1733
|teamsize|p1|6
|teamsize|p2|6
|gametype|singles
|gen|8
|tier|[Gen 8] OU
|rated|
|rule|Sleep Clause Mod: Limit one foe put to sleep
|rule|Species Clause: Limit one of each Pokémon
|rule|OHKO Clause: OHKO moves are banned
|rule|Evasion Moves Clause: Evasion moves are banned
|rule|Endless Battle Clause: Forcing endless battles is banned
|rule|HP Percentage Mod: HP is shown in percentages
|clearpoke
|poke|p1|Dragapult, M|
|poke|p1|Mew|
|poke|p1|Kommo-o, F|
|poke|p1|Rotom-Heat|
|poke|p1|Grimmsnarl, M|
|poke|p1|Corviknight, M|
|poke|p2|Seismitoad, M|
|poke|p2|Toxapex, M|
|poke|p2|Corviknight, F|
|poke|p2|Clefable, M|
|poke|p2|Dragapult, M|
|poke|p2|Ditto|
|rule|Dynamax Clause: You cannot dynamax
|teampreview
|inactive|Battle timer is ON: inactive players will automatically lose when time's up. (requested by switch boy)
|j| Like_A_Bossnian
|
|start
|switch|p1a: Mew|Mew|100/100
|switch|p2a: Dragapult|Dragapult, M|100/100
|turn|1
|l| Like_A_Bossnian
|
|switch|p1a: Grimmsnarl|Grimmsnarl, M|100/100
|move|p2a: Dragapult|Shadow Ball|p1a: Grimmsnarl
|-resisted|p1a: Grimmsnarl
|-damage|p1a: Grimmsnarl|81/100
|
|upkeep
|turn|2
|j| Viewing High Elo
|
|switch|p2a: Toxapex|Toxapex, M|100/100
|move|p1a: Grimmsnarl|Light Screen|p1a: Grimmsnarl
|-sidestart|p1: Savouras|move: Light Screen
|
|upkeep
|turn|3
|
|move|p1a: Grimmsnarl|Taunt|p2a: Toxapex
|-start|p2a: Toxapex|move: Taunt
|cant|p2a: Toxapex|move: Taunt|Toxic Spikes
|
|upkeep
|turn|4
|
|switch|p1a: Mew|Mew|100/100
|move|p2a: Toxapex|Scald|p1a: Mew
|-damage|p1a: Mew|93/100
|-status|p1a: Mew|brn
|-activate|p1a: Mew|ability: Synchronize
|-status|p2a: Toxapex|brn
|-enditem|p1a: Mew|Red Card|[of] p2a: Toxapex
|drag|p2a: Dragapult|Dragapult, M|100/100
|
|-damage|p1a: Mew|87/100 brn|[from] brn
|upkeep
|turn|5
|
|move|p2a: Dragapult|Shadow Ball|p1a: Mew
|-supereffective|p1a: Mew
|-damage|p1a: Mew|0 fnt
|faint|p1a: Mew
|
|upkeep
|
|switch|p1a: Corviknight|Corviknight, M|100/100
|turn|6
|
|move|p2a: Dragapult|Shadow Ball|p1a: Corviknight
|-damage|p1a: Corviknight|54/100
|move|p1a: Corviknight|Substitute|p1a: Corviknight
|-start|p1a: Corviknight|Substitute
|-damage|p1a: Corviknight|29/100
|
|-heal|p1a: Corviknight|35/100|[from] item: Leftovers
|upkeep
|turn|7
|-message|Savouras forfeited.
|
|win|switch boy
|l|☆Savouras
