|ScrapeTime|2020-01-02-03:16:24
|j|☆PenduinMan06
|j|☆skeeternatus
|player|p1|PenduinMan06|101|1102
|player|p2|skeeternatus|brycenman|1106
|teamsize|p1|6
|teamsize|p2|6
|gametype|singles
|gen|8
|tier|[Gen 8] OU
|rated|
|rule|Sleep Clause Mod: Limit one foe put to sleep
|rule|Species Clause: Limit one of each Pokémon
|rule|OHKO Clause: OHKO moves are banned
|rule|Evasion Moves Clause: Evasion moves are banned
|rule|Endless Battle Clause: Forcing endless battles is banned
|rule|HP Percentage Mod: HP is shown in percentages
|clearpoke
|poke|p1|Shuckle, M|
|poke|p1|Duraludon, M|
|poke|p1|Falinks|
|poke|p1|Eiscue, F|
|poke|p1|Hatterene, F|
|poke|p1|Torkoal, F|
|poke|p2|Eiscue, M|
|poke|p2|Diggersby, M|
|poke|p2|Kommo-o, M|
|poke|p2|Toxtricity-Low-Key, F|
|poke|p2|Cloyster, F|
|poke|p2|Coalossal, F|
|rule|Dynamax Clause: You cannot dynamax
|teampreview
|c|☆PenduinMan06|what up
|
|start
|switch|p1a: HatGirl|Hatterene, F|100/100
|switch|p2a: Coalossal|Coalossal, F|100/100
|turn|1
|c|☆skeeternatus|howdy
|
|switch|p2a: Diggersby|Diggersby, M|100/100
|move|p1a: HatGirl|Trick Room|p1a: HatGirl
|-fieldstart|move: Trick Room|[of] p1a: HatGirl
|
|upkeep
|turn|2
|c|☆PenduinMan06|were you  at in the world
|
|move|p1a: HatGirl|Psychic|p2a: Diggersby
|-crit|p2a: Diggersby
|-damage|p2a: Diggersby|0 fnt
|-damage|p1a: HatGirl|91/100|[from] item: Life Orb
|faint|p2a: Diggersby
|
|upkeep
|c|☆skeeternatus|america
|c|☆PenduinMan06|same
|c|☆skeeternatus|cool
|c|☆PenduinMan06|Texas
|
|switch|p2a: Cloyster|Cloyster, F|100/100
|turn|3
|c|☆skeeternatus|florida
|
|move|p1a: HatGirl|Psychic|p2a: Cloyster
|-enditem|p2a: Cloyster|Focus Sash
|-damage|p2a: Cloyster|1/100
|-damage|p1a: HatGirl|81/100|[from] item: Life Orb
|move|p2a: Cloyster|Shell Smash|p2a: Cloyster
|-unboost|p2a: Cloyster|def|1
|-unboost|p2a: Cloyster|spd|1
|-boost|p2a: Cloyster|atk|2
|-boost|p2a: Cloyster|spa|2
|-boost|p2a: Cloyster|spe|2
|
|upkeep
|turn|4
|c|☆PenduinMan06|nice
|
|move|p2a: Cloyster|Protect|p2a: Cloyster
|-singleturn|p2a: Cloyster|Protect
|move|p1a: HatGirl|Dazzling Gleam|p2a: Cloyster
|-activate|p2a: Cloyster|move: Protect
|
|upkeep
|turn|5
|
|move|p2a: Cloyster|Protect||[still]
|-fail|p2a: Cloyster
|move|p1a: HatGirl|Psychic|p2a: Cloyster
|-damage|p2a: Cloyster|0 fnt
|-damage|p1a: HatGirl|71/100|[from] item: Life Orb
|faint|p2a: Cloyster
|
|-fieldend|move: Trick Room
|upkeep
|
|switch|p2a: Toxtricity|Toxtricity-Low-Key, F|100/100
|turn|6
|
|move|p2a: Toxtricity|Sludge Wave|p1a: HatGirl
|-supereffective|p1a: HatGirl
|-damage|p1a: HatGirl|0 fnt
|faint|p1a: HatGirl
|
|upkeep
|
|switch|p1a: Tim|Duraludon, M|100/100
|turn|7
|
|move|p1a: Tim|Flash Cannon|p2a: Toxtricity
|-resisted|p2a: Toxtricity
|-damage|p2a: Toxtricity|76/100
|move|p2a: Toxtricity|Volt Switch|p1a: Tim
|-resisted|p1a: Tim
|-damage|p1a: Tim|64/100
|
|switch|p2a: Coalossal|Coalossal, F|100/100|[from]move: Volt Switch
|
|-heal|p1a: Tim|70/100|[from] item: Leftovers
|upkeep
|turn|8
|
|switch|p1a: Koopa|Shuckle, M|100/100
|move|p2a: Coalossal|Tar Shot|p1a: Koopa
|-boost|p1a: Koopa|spe|1
|-start|p1a: Koopa|Tar Shot
|
|upkeep
|turn|9
|
|move|p2a: Coalossal|Will-O-Wisp|p1a: Koopa
|-status|p1a: Koopa|brn
|move|p1a: Koopa|Toxic|p2a: Coalossal
|-status|p2a: Coalossal|tox
|
|-damage|p2a: Coalossal|94/100 tox|[from] psn
|-damage|p1a: Koopa|94/100 brn|[from] brn
|upkeep
|turn|10
|
|move|p2a: Coalossal|Flare Blitz|p1a: Koopa
|-supereffective|p1a: Koopa
|-damage|p1a: Koopa|0 fnt
|-damage|p2a: Coalossal|80/100 tox|[from] Recoil
|faint|p1a: Koopa
|
|-damage|p2a: Coalossal|67/100 tox|[from] psn
|upkeep
|
|switch|p1a: MineTurtle|Torkoal, F|100/100
|-weather|SunnyDay|[from] ability: Drought|[of] p1a: MineTurtle
|turn|11
|
|move|p2a: Coalossal|Tar Shot|p1a: MineTurtle
|-unboost|p1a: MineTurtle|spe|1
|-start|p1a: MineTurtle|Tar Shot
|move|p1a: MineTurtle|Eruption|p2a: Coalossal
|-resisted|p2a: Coalossal
|-damage|p2a: Coalossal|46/100 tox
|-ability|p2a: Coalossal|Steam Engine|boost
|-boost|p2a: Coalossal|spe|6
|
|-weather|SunnyDay|[upkeep]
|-damage|p2a: Coalossal|28/100 tox|[from] psn
|upkeep
|turn|12
|
|move|p1a: MineTurtle|Protect|p1a: MineTurtle
|-singleturn|p1a: MineTurtle|Protect
|move|p2a: Coalossal|Flare Blitz|p1a: MineTurtle
|-activate|p1a: MineTurtle|move: Protect
|
|-weather|SunnyDay|[upkeep]
|-damage|p2a: Coalossal|3/100 tox|[from] psn
|upkeep
|turn|13
|
|move|p2a: Coalossal|Flare Blitz|p1a: MineTurtle
|-crit|p1a: MineTurtle
|-damage|p1a: MineTurtle|39/100
|-damage|p2a: Coalossal|0 fnt|[from] Recoil
|faint|p2a: Coalossal
|move|p1a: MineTurtle|Earth Power|p2: Coalossal|[notarget]
|-fail|p1a: MineTurtle
|
|-weather|SunnyDay|[upkeep]
|upkeep
|
|switch|p2a: Toxtricity|Toxtricity-Low-Key, F|76/100
|turn|14
|
|move|p2a: Toxtricity|Overdrive|p1a: MineTurtle
|-damage|p1a: MineTurtle|0 fnt
|faint|p1a: MineTurtle
|
|-weather|SunnyDay|[upkeep]
|-heal|p2a: Toxtricity|82/100|[from] item: Black Sludge
|upkeep
|
|switch|p1a: Tim|Duraludon, M|70/100
|turn|15
|
|move|p1a: Tim|Thunderbolt|p2a: Toxtricity
|-resisted|p2a: Toxtricity
|-damage|p2a: Toxtricity|62/100
|move|p2a: Toxtricity|Overdrive|p1a: Tim
|-resisted|p1a: Tim
|-damage|p1a: Tim|11/100
|
|-weather|none
|-heal|p1a: Tim|17/100|[from] item: Leftovers
|-heal|p2a: Toxtricity|68/100|[from] item: Black Sludge
|upkeep
|turn|16
|
|move|p1a: Tim|Draco Meteor|p2a: Toxtricity|[miss]
|-miss|p1a: Tim|p2a: Toxtricity
|move|p2a: Toxtricity|Overdrive|p1a: Tim
|-resisted|p1a: Tim
|-damage|p1a: Tim|0 fnt
|faint|p1a: Tim
|
|-heal|p2a: Toxtricity|74/100|[from] item: Black Sludge
|upkeep
|
|switch|p1a: Toblerone|Falinks, shiny|100/100
|turn|17
|c|☆skeeternatus|penguin in the back looking kinda scary
|
|move|p1a: Toblerone|Substitute|p1a: Toblerone
|-start|p1a: Toblerone|Substitute
|-damage|p1a: Toblerone|75/100
|move|p2a: Toxtricity|Sludge Wave|p1a: Toblerone
|-end|p1a: Toblerone|Substitute
|
|-heal|p2a: Toxtricity|80/100|[from] item: Black Sludge
|upkeep
|turn|18
|
|move|p1a: Toblerone|No Retreat|p1a: Toblerone
|-boost|p1a: Toblerone|atk|1
|-boost|p1a: Toblerone|def|1
|-boost|p1a: Toblerone|spa|1
|-boost|p1a: Toblerone|spd|1
|-boost|p1a: Toblerone|spe|1
|-start|p1a: Toblerone|move: No Retreat
|move|p2a: Toxtricity|Sludge Wave|p1a: Toblerone
|-damage|p1a: Toblerone|17/100
|-enditem|p1a: Toblerone|Figy Berry|[eat]
|-heal|p1a: Toblerone|50/100|[from] item: Figy Berry
|
|-heal|p2a: Toxtricity|86/100|[from] item: Black Sludge
|upkeep
|turn|19
|
|move|p1a: Toblerone|Close Combat|p2a: Toxtricity
|-resisted|p2a: Toxtricity
|-damage|p2a: Toxtricity|31/100
|-unboost|p1a: Toblerone|def|1
|-unboost|p1a: Toblerone|spd|1
|move|p2a: Toxtricity|Sludge Wave|p1a: Toblerone
|-damage|p1a: Toblerone|0 fnt
|faint|p1a: Toblerone
|
|-heal|p2a: Toxtricity|37/100|[from] item: Black Sludge
|upkeep
|
|switch|p1a: Elsa|Eiscue, F|100/100
|turn|20
|
|move|p2a: Toxtricity|Sludge Wave|p1a: Elsa
|-damage|p1a: Elsa|51/100
|move|p1a: Elsa|Ice Punch|p2a: Toxtricity
|-damage|p2a: Toxtricity|0 fnt
|faint|p2a: Toxtricity
|
|upkeep
|
|switch|p2a: Eiscue|Eiscue, M|100/100
|turn|21
|
|move|p2a: Eiscue|Belly Drum|p2a: Eiscue
|-damage|p2a: Eiscue|51/100
|-setboost|p2a: Eiscue|atk|6|[from] move: Belly Drum
|move|p1a: Elsa|Freeze-Dry|p2a: Eiscue
|-resisted|p2a: Eiscue
|-damage|p2a: Eiscue|40/100
|-enditem|p2a: Eiscue|Sitrus Berry|[eat]
|-heal|p2a: Eiscue|65/100|[from] item: Sitrus Berry
|
|upkeep
|turn|22
|
|move|p2a: Eiscue|Icicle Crash|p1a: Elsa
|-activate|p1a: Elsa|ability: Ice Face
|-damage|p1a: Elsa|51/100
|detailschange|p1a: Elsa|Eiscue-Noice, F
|cant|p1a: Elsa|flinch
|
|upkeep
|turn|23
|
|move|p1a: Elsa|Freeze-Dry|p2a: Eiscue
|-resisted|p2a: Eiscue
|-damage|p2a: Eiscue|53/100
|move|p2a: Eiscue|Icicle Crash|p1a: Elsa
|-resisted|p1a: Elsa
|-damage|p1a: Elsa|0 fnt
|faint|p1a: Elsa
|
|win|skeeternatus
|c|☆skeeternatus|gg
|raw|PenduinMan06's rating: 1102 → 1077(-25 for losing)
|raw|skeeternatus's rating: 1106 → 1131(+25 for winning)
|c|☆PenduinMan06|gg
