|ScrapeTime|2020-01-01-05:04:56
|j|☆Skz10032
|j|☆JohnnySug
|player|p1|Skz10032|110|1145
|player|p2|JohnnySug|unknown|1178
|teamsize|p1|6
|teamsize|p2|6
|gametype|singles
|gen|8
|tier|[Gen 8] OU
|rated|
|rule|Sleep Clause Mod: Limit one foe put to sleep
|rule|Species Clause: Limit one of each Pokémon
|rule|OHKO Clause: OHKO moves are banned
|rule|Evasion Moves Clause: Evasion moves are banned
|rule|Endless Battle Clause: Forcing endless battles is banned
|rule|HP Percentage Mod: HP is shown in percentages
|clearpoke
|poke|p1|Hydreigon, F|
|poke|p1|Corviknight, F|
|poke|p1|Cinderace, F|
|poke|p1|Clefable, M|
|poke|p1|Dragapult, F|
|poke|p1|Seismitoad, M|
|poke|p2|Cinderace, F|
|poke|p2|Mimikyu, M|
|poke|p2|Mamoswine, M|
|poke|p2|Dracovish|
|poke|p2|Mandibuzz, F|
|poke|p2|Barraskewda, M|
|rule|Dynamax Clause: You cannot dynamax
|teampreview
|
|start
|switch|p1a: Cinderace|Cinderace, F|100/100
|switch|p2a: Mimikyu|Mimikyu, M|100/100
|turn|1
|
|move|p1a: Cinderace|U-turn|p2a: Mimikyu
|-activate|p2a: Mimikyu|ability: Disguise
|-damage|p2a: Mimikyu|100/100
|detailschange|p2a: Mimikyu|Mimikyu-Busted, M
|-damage|p2a: Mimikyu|88/100|[from] ability: Disguise|[of] p2a: Mimikyu
|
|switch|p1a: Corviknight|Corviknight, F|100/100|[from]move: U-turn
|move|p2a: Mimikyu|Play Rough|p1a: Corviknight
|-resisted|p1a: Corviknight
|-damage|p1a: Corviknight|82/100
|-damage|p2a: Mimikyu|78/100|[from] item: Life Orb
|
|-heal|p1a: Corviknight|88/100|[from] item: Leftovers
|upkeep
|turn|2
|
|switch|p2a: Cinderace|Cinderace, F|100/100
|move|p1a: Corviknight|Taunt|p2a: Cinderace
|-start|p2a: Cinderace|move: Taunt
|
|-heal|p1a: Corviknight|94/100|[from] item: Leftovers
|upkeep
|turn|3
|
|switch|p1a: Hydreigon|Hydreigon, F|100/100
|move|p2a: Cinderace|Pyro Ball|p1a: Hydreigon
|-resisted|p1a: Hydreigon
|-damage|p1a: Hydreigon|72/100
|
|-heal|p1a: Hydreigon|79/100|[from] item: Leftovers
|upkeep
|turn|4
|
|move|p1a: Hydreigon|Dark Pulse|p2a: Cinderace
|-damage|p2a: Cinderace|47/100
|move|p2a: Cinderace|High Jump Kick|p1a: Hydreigon
|-supereffective|p1a: Hydreigon
|-damage|p1a: Hydreigon|0 fnt
|faint|p1a: Hydreigon
|
|-end|p2a: Cinderace|move: Taunt
|upkeep
|
|switch|p1a: Dragapult|Dragapult, F|100/100
|turn|5
|
|move|p1a: Dragapult|Dragon Darts|p2a: Cinderace
|-damage|p2a: Cinderace|0 fnt
|-hitcount|p2a: Cinderace|1
|faint|p2a: Cinderace
|
|upkeep
|
|switch|p2a: Barraskewda|Barraskewda, M|100/100
|turn|6
|
|switch|p1a: Seismitoad|Seismitoad, M|100/100
|move|p2a: Barraskewda|Crunch|p1a: Seismitoad
|-damage|p1a: Seismitoad|82/100
|-unboost|p1a: Seismitoad|def|1
|
|-heal|p1a: Seismitoad|88/100|[from] item: Leftovers
|upkeep
|turn|7
|
|move|p2a: Barraskewda|Double-Edge|p1a: Seismitoad
|-damage|p1a: Seismitoad|48/100
|-damage|p2a: Barraskewda|80/100|[from] Recoil
|move|p1a: Seismitoad|Stealth Rock|p2a: Barraskewda
|-sidestart|p2: JohnnySug|move: Stealth Rock
|
|-heal|p1a: Seismitoad|54/100|[from] item: Leftovers
|upkeep
|turn|8
|
|move|p2a: Barraskewda|Double-Edge|p1a: Seismitoad
|-damage|p1a: Seismitoad|8/100
|-damage|p2a: Barraskewda|56/100|[from] Recoil
|move|p1a: Seismitoad|Scald|p2a: Barraskewda
|-resisted|p2a: Barraskewda
|-damage|p2a: Barraskewda|39/100
|-status|p2a: Barraskewda|brn
|
|-heal|p1a: Seismitoad|15/100|[from] item: Leftovers
|-damage|p2a: Barraskewda|32/100 brn|[from] brn
|upkeep
|turn|9
|
|move|p1a: Seismitoad|Protect|p1a: Seismitoad
|-singleturn|p1a: Seismitoad|Protect
|move|p2a: Barraskewda|Double-Edge|p1a: Seismitoad
|-activate|p1a: Seismitoad|move: Protect
|
|-heal|p1a: Seismitoad|21/100|[from] item: Leftovers
|-damage|p2a: Barraskewda|26/100 brn|[from] brn
|upkeep
|turn|10
|inactive|Battle timer is ON: inactive players will automatically lose when time's up. (requested by Skz10032)
|
|switch|p1a: Corviknight|Corviknight, F|94/100
|move|p2a: Barraskewda|Double-Edge|p1a: Corviknight
|-resisted|p1a: Corviknight
|-damage|p1a: Corviknight|86/100
|-damage|p2a: Barraskewda|23/100 brn|[from] Recoil
|
|-heal|p1a: Corviknight|92/100|[from] item: Leftovers
|-damage|p2a: Barraskewda|16/100 brn|[from] brn
|upkeep
|turn|11
|
|switch|p1a: Seismitoad|Seismitoad, M|21/100
|move|p2a: Barraskewda|Waterfall|p1a: Seismitoad
|-heal|p1a: Seismitoad|46/100|[from] ability: Water Absorb|[of] p2a: Barraskewda
|
|-heal|p1a: Seismitoad|52/100|[from] item: Leftovers
|-damage|p2a: Barraskewda|10/100 brn|[from] brn
|upkeep
|turn|12
|
|switch|p1a: Corviknight|Corviknight, F|92/100
|move|p2a: Barraskewda|Double-Edge|p1a: Corviknight
|-resisted|p1a: Corviknight
|-damage|p1a: Corviknight|82/100
|-damage|p2a: Barraskewda|6/100 brn|[from] Recoil
|
|-heal|p1a: Corviknight|89/100|[from] item: Leftovers
|-damage|p2a: Barraskewda|0 fnt|[from] brn
|faint|p2a: Barraskewda
|upkeep
|
|switch|p2a: Mandibuzz|Mandibuzz, F|100/100
|-damage|p2a: Mandibuzz|76/100|[from] Stealth Rock
|turn|13
|
|move|p2a: Mandibuzz|Knock Off|p1a: Corviknight
|-damage|p1a: Corviknight|57/100
|-enditem|p1a: Corviknight|Leftovers|[from] move: Knock Off|[of] p2a: Mandibuzz
|move|p1a: Corviknight|Taunt|p2a: Mandibuzz
|-start|p2a: Mandibuzz|move: Taunt
|
|-heal|p2a: Mandibuzz|82/100|[from] item: Leftovers
|upkeep
|turn|14
|
|move|p2a: Mandibuzz|Foul Play|p1a: Corviknight
|-damage|p1a: Corviknight|31/100
|move|p1a: Corviknight|Roost|p1a: Corviknight
|-heal|p1a: Corviknight|81/100
|-singleturn|p1a: Corviknight|move: Roost
|
|-heal|p2a: Mandibuzz|88/100|[from] item: Leftovers
|upkeep
|turn|15
|
|switch|p1a: Clefable|Clefable, M|100/100
|move|p2a: Mandibuzz|Foul Play|p1a: Clefable
|-resisted|p1a: Clefable
|-damage|p1a: Clefable|89/100
|
|-heal|p2a: Mandibuzz|94/100|[from] item: Leftovers
|upkeep
|turn|16
|
|move|p2a: Mandibuzz|Knock Off|p1a: Clefable
|-resisted|p1a: Clefable
|-damage|p1a: Clefable|68/100
|-enditem|p1a: Clefable|Life Orb|[from] move: Knock Off|[of] p2a: Mandibuzz
|move|p1a: Clefable|Thunderbolt|p2a: Mandibuzz
|-supereffective|p2a: Mandibuzz
|-damage|p2a: Mandibuzz|40/100
|
|-heal|p2a: Mandibuzz|46/100|[from] item: Leftovers
|-end|p2a: Mandibuzz|move: Taunt
|upkeep
|turn|17
|
|move|p2a: Mandibuzz|Roost|p2a: Mandibuzz
|-heal|p2a: Mandibuzz|96/100
|-singleturn|p2a: Mandibuzz|move: Roost
|move|p1a: Clefable|Moonblast|p2a: Mandibuzz
|-supereffective|p2a: Mandibuzz
|-damage|p2a: Mandibuzz|13/100
|
|-heal|p2a: Mandibuzz|20/100|[from] item: Leftovers
|upkeep
|turn|18
|
|move|p2a: Mandibuzz|Brave Bird|p1a: Clefable
|-damage|p1a: Clefable|19/100
|-damage|p2a: Mandibuzz|3/100|[from] Recoil
|move|p1a: Clefable|Moonblast|p2a: Mandibuzz
|-supereffective|p2a: Mandibuzz
|-damage|p2a: Mandibuzz|0 fnt
|faint|p2a: Mandibuzz
|
|upkeep
|
|switch|p2a: Mimikyu|Mimikyu-Busted, M|78/100
|-damage|p2a: Mimikyu|66/100|[from] Stealth Rock
|turn|19
|
|switch|p1a: Corviknight|Corviknight, F|81/100
|move|p2a: Mimikyu|Shadow Claw|p1a: Corviknight
|-damage|p1a: Corviknight|51/100
|-damage|p2a: Mimikyu|56/100|[from] item: Life Orb
|
|upkeep
|turn|20
|
|move|p2a: Mimikyu|Shadow Claw|p1a: Corviknight
|-damage|p1a: Corviknight|19/100
|-damage|p2a: Mimikyu|46/100|[from] item: Life Orb
|move|p1a: Corviknight|Roost|p1a: Corviknight
|-heal|p1a: Corviknight|69/100
|-singleturn|p1a: Corviknight|move: Roost
|
|upkeep
|turn|21
|
|move|p2a: Mimikyu|Shadow Claw|p1a: Corviknight
|-damage|p1a: Corviknight|34/100
|-damage|p2a: Mimikyu|36/100|[from] item: Life Orb
|move|p1a: Corviknight|Roost|p1a: Corviknight
|-heal|p1a: Corviknight|84/100
|-singleturn|p1a: Corviknight|move: Roost
|
|upkeep
|turn|22
|
|move|p2a: Mimikyu|Shadow Claw|p1a: Corviknight
|-damage|p1a: Corviknight|53/100
|-damage|p2a: Mimikyu|26/100|[from] item: Life Orb
|move|p1a: Corviknight|Roost|p1a: Corviknight
|-heal|p1a: Corviknight|100/100
|-singleturn|p1a: Corviknight|move: Roost
|
|upkeep
|turn|23
|
|move|p2a: Mimikyu|Shadow Claw|p1a: Corviknight
|-damage|p1a: Corviknight|65/100
|-damage|p2a: Mimikyu|16/100|[from] item: Life Orb
|move|p1a: Corviknight|Brave Bird|p2a: Mimikyu
|-damage|p2a: Mimikyu|0 fnt
|-damage|p1a: Corviknight|62/100|[from] Recoil
|faint|p2a: Mimikyu
|
|upkeep
|
|switch|p2a: Mamoswine|Mamoswine, M|100/100
|-damage|p2a: Mamoswine|88/100|[from] Stealth Rock
|turn|24
|
|move|p2a: Mamoswine|Icicle Crash|p1a: Corviknight
|-damage|p1a: Corviknight|24/100
|move|p1a: Corviknight|Roost|p1a: Corviknight
|-heal|p1a: Corviknight|75/100
|-singleturn|p1a: Corviknight|move: Roost
|
|upkeep
|turn|25
|
|move|p2a: Mamoswine|Icicle Crash|p1a: Corviknight
|-damage|p1a: Corviknight|40/100
|cant|p1a: Corviknight|flinch
|
|upkeep
|turn|26
|
|switch|p1a: Cinderace|Cinderace, F|100/100
|move|p2a: Mamoswine|Icicle Crash|p1a: Cinderace
|-resisted|p1a: Cinderace
|-damage|p1a: Cinderace|74/100
|
|upkeep
|turn|27
|
|move|p1a: Cinderace|Pyro Ball|p2a: Mamoswine
|-supereffective|p2a: Mamoswine
|-damage|p2a: Mamoswine|33/100
|move|p2a: Mamoswine|Earthquake|p1a: Cinderace
|-supereffective|p1a: Cinderace
|-damage|p1a: Cinderace|0 fnt
|faint|p1a: Cinderace
|
|upkeep
|
|switch|p1a: Seismitoad|Seismitoad, M|52/100
|turn|28
|
|switch|p1a: Corviknight|Corviknight, F|40/100
|move|p2a: Mamoswine|Earthquake|p1a: Corviknight
|-immune|p1a: Corviknight
|
|upkeep
|turn|29
|
|move|p2a: Mamoswine|Icicle Crash|p1a: Corviknight
|-damage|p1a: Corviknight|5/100
|move|p1a: Corviknight|Roost|p1a: Corviknight
|-heal|p1a: Corviknight|55/100
|-singleturn|p1a: Corviknight|move: Roost
|
|upkeep
|turn|30
|
|move|p2a: Mamoswine|Icicle Crash|p1a: Corviknight|[miss]
|-miss|p2a: Mamoswine|p1a: Corviknight
|move|p1a: Corviknight|Roost|p1a: Corviknight
|-heal|p1a: Corviknight|100/100
|-singleturn|p1a: Corviknight|move: Roost
|
|upkeep
|turn|31
|
|move|p2a: Mamoswine|Icicle Crash|p1a: Corviknight
|-crit|p1a: Corviknight
|-damage|p1a: Corviknight|47/100
|move|p1a: Corviknight|Bulk Up|p1a: Corviknight
|-boost|p1a: Corviknight|atk|1
|-boost|p1a: Corviknight|def|1
|
|upkeep
|turn|32
|
|move|p2a: Mamoswine|Icicle Crash|p1a: Corviknight
|-damage|p1a: Corviknight|23/100
|cant|p1a: Corviknight|flinch
|
|upkeep
|turn|33
|
|move|p2a: Mamoswine|Icicle Crash|p1a: Corviknight
|-damage|p1a: Corviknight|0 fnt
|faint|p1a: Corviknight
|
|upkeep
|
|switch|p1a: Dragapult|Dragapult, F|100/100
|turn|34
|
|move|p1a: Dragapult|Dragon Darts|p2a: Mamoswine
|-damage|p2a: Mamoswine|0 fnt
|-hitcount|p2a: Mamoswine|1
|faint|p2a: Mamoswine
|
|upkeep
|
|switch|p2a: Dracovish|Dracovish|100/100
|-damage|p2a: Dracovish|88/100|[from] Stealth Rock
|turn|35
|
|move|p1a: Dragapult|Dragon Darts|p2a: Dracovish
|-supereffective|p2a: Dracovish
|-damage|p2a: Dracovish|15/100
|-supereffective|p2a: Dracovish
|-damage|p2a: Dracovish|0 fnt
|-hitcount|p2a: Dracovish|2
|faint|p2a: Dracovish
|
|win|Skz10032
|raw|Skz10032's rating: 1145 → 1172(+27 for winning)
|raw|JohnnySug's rating: 1178 → 1150(-28 for losing)
