|ScrapeTime|2020-01-02-10:45:28
|j|☆Dokibox
|j|☆AJ∯Electivire∯cj
|player|p1|Dokibox|2|1022
|player|p2|AJ∯Electivire∯cj|gladion|1000
|teamsize|p1|6
|teamsize|p2|6
|gametype|singles
|gen|8
|tier|[Gen 8] OU
|rated|
|rule|Sleep Clause Mod: Limit one foe put to sleep
|rule|Species Clause: Limit one of each Pokémon
|rule|OHKO Clause: OHKO moves are banned
|rule|Evasion Moves Clause: Evasion moves are banned
|rule|Endless Battle Clause: Forcing endless battles is banned
|rule|HP Percentage Mod: HP is shown in percentages
|clearpoke
|poke|p1|Alcremie-Salted, F|
|poke|p1|Pelipper, F|
|poke|p1|Lapras, F|
|poke|p1|Ferrothorn, M|
|poke|p1|Kommo-o, M|
|poke|p1|Barraskewda, F|
|poke|p2|Cinderace, M|
|poke|p2|Corviknight, M|
|poke|p2|Obstagoon, M|
|poke|p2|Toxtricity, M|
|poke|p2|Grimmsnarl, M|
|poke|p2|Dragapult, M|
|rule|Dynamax Clause: You cannot dynamax
|teampreview
|
|start
|switch|p1a: Ferrothorn|Ferrothorn, M|100/100
|switch|p2a: Darkest Reck|Obstagoon, M|100/100
|turn|1
|
|move|p2a: Darkest Reck|Obstruct|p2a: Darkest Reck
|-singleturn|p2a: Darkest Reck|Protect
|move|p1a: Ferrothorn|Knock Off|p2a: Darkest Reck
|-activate|p2a: Darkest Reck|move: Protect
|-unboost|p1a: Ferrothorn|def|2
|
|-status|p2a: Darkest Reck|brn|[from] item: Flame Orb
|upkeep
|turn|2
|
|move|p2a: Darkest Reck|Close Combat|p1a: Ferrothorn
|-supereffective|p1a: Ferrothorn
|-damage|p1a: Ferrothorn|0 fnt
|-damage|p2a: Darkest Reck|88/100 brn|[from] ability: Iron Barbs|[of] p1a: Ferrothorn
|-damage|p2a: Darkest Reck|72/100 brn|[from] item: Rocky Helmet|[of] p1a: Ferrothorn
|-unboost|p2a: Darkest Reck|def|1
|-unboost|p2a: Darkest Reck|spd|1
|faint|p1a: Ferrothorn
|
|-damage|p2a: Darkest Reck|66/100 brn|[from] brn
|upkeep
|
|switch|p1a: Milky|Alcremie-Salted, F|100/100
|turn|3
|
|move|p2a: Darkest Reck|Facade|p1a: Milky
|-crit|p1a: Milky
|-damage|p1a: Milky|0 fnt
|faint|p1a: Milky
|
|-damage|p2a: Darkest Reck|60/100 brn|[from] brn
|upkeep
|
|switch|p1a: Pelipper|Pelipper, F|100/100
|-weather|RainDance|[from] ability: Drizzle|[of] p1a: Pelipper
|turn|4
|
|move|p2a: Darkest Reck|Facade|p1a: Pelipper
|-damage|p1a: Pelipper|32/100
|move|p1a: Pelipper|Tailwind|p1a: Pelipper
|-sidestart|p1: Dokibox|move: Tailwind
|
|-weather|RainDance|[upkeep]
|-damage|p2a: Darkest Reck|53/100 brn|[from] brn
|upkeep
|turn|5
|
|switch|p2a: Darkest Spirit|Grimmsnarl, M|100/100
|move|p1a: Pelipper|Roost|p1a: Pelipper
|-heal|p1a: Pelipper|82/100
|-singleturn|p1a: Pelipper|move: Roost
|
|-weather|RainDance|[upkeep]
|upkeep
|turn|6
|
|move|p2a: Darkest Spirit|Light Screen|p2a: Darkest Spirit
|-sidestart|p2: AJ∯Electivire∯cj|move: Light Screen
|move|p1a: Pelipper|Hurricane|p2a: Darkest Spirit
|-damage|p2a: Darkest Spirit|82/100
|
|-weather|RainDance|[upkeep]
|upkeep
|turn|7
|
|move|p2a: Darkest Spirit|Reflect|p2a: Darkest Spirit
|-sidestart|p2: AJ∯Electivire∯cj|Reflect
|move|p1a: Pelipper|Scald|p2a: Darkest Spirit
|-damage|p2a: Darkest Spirit|61/100
|
|-weather|RainDance|[upkeep]
|-sideend|p1: Dokibox|move: Tailwind
|upkeep
|turn|8
|
|move|p1a: Pelipper|Hurricane|p2a: Darkest Spirit
|-damage|p2a: Darkest Spirit|43/100
|-start|p2a: Darkest Spirit|confusion
|-activate|p2a: Darkest Spirit|confusion
|-damage|p2a: Darkest Spirit|20/100|[from] confusion
|
|-weather|RainDance|[upkeep]
|upkeep
|turn|9
|
|switch|p2a: Electro Rock|Toxtricity, M|100/100
|move|p1a: Pelipper|Hurricane|p2a: Electro Rock
|-resisted|p2a: Electro Rock
|-damage|p2a: Electro Rock|86/100
|
|-weather|RainDance|[upkeep]
|upkeep
|turn|10
|
|switch|p1a: Kommo-o|Kommo-o, M|100/100
|move|p2a: Electro Rock|Overdrive|p1a: Kommo-o
|-resisted|p1a: Kommo-o
|-crit|p1a: Kommo-o
|-damage|p1a: Kommo-o|64/100
|-enditem|p2a: Electro Rock|Throat Spray
|-boost|p2a: Electro Rock|spa|1
|
|-weather|RainDance|[upkeep]
|-sideend|p2: AJ∯Electivire∯cj|move: Light Screen
|upkeep
|turn|11
|
|move|p1a: Kommo-o|Earthquake|p2a: Electro Rock
|-supereffective|p2a: Electro Rock
|-damage|p2a: Electro Rock|4/100
|move|p2a: Electro Rock|Boomburst|p1a: Kommo-o
|-damage|p1a: Kommo-o|0 fnt
|faint|p1a: Kommo-o
|
|-weather|none
|-sideend|p2: AJ∯Electivire∯cj|Reflect
|upkeep
|
|switch|p1a: Barraskewda|Barraskewda, F|100/100
|turn|12
|
|move|p1a: Barraskewda|Liquidation|p2a: Electro Rock
|-damage|p2a: Electro Rock|0 fnt
|faint|p2a: Electro Rock
|
|upkeep
|
|switch|p2a: Darkest Spirit|Grimmsnarl, M|20/100
|turn|13
|
|move|p2a: Darkest Spirit|Reflect|p2a: Darkest Spirit
|-sidestart|p2: AJ∯Electivire∯cj|Reflect
|move|p1a: Barraskewda|Liquidation|p2a: Darkest Spirit
|-damage|p2a: Darkest Spirit|0 fnt
|faint|p2a: Darkest Spirit
|
|upkeep
|
|switch|p2a: Phantom Dragon|Dragapult, M|100/100
|turn|14
|
|move|p2a: Phantom Dragon|Dragon Dance|p2a: Phantom Dragon
|-boost|p2a: Phantom Dragon|atk|1
|-boost|p2a: Phantom Dragon|spe|1
|move|p1a: Barraskewda|Liquidation|p2a: Phantom Dragon
|-resisted|p2a: Phantom Dragon
|-damage|p2a: Phantom Dragon|79/100
|
|upkeep
|turn|15
|
|switch|p1a: Pelipper|Pelipper, F|82/100
|-weather|RainDance|[from] ability: Drizzle|[of] p1a: Pelipper
|move|p2a: Phantom Dragon|Dragon Dance|p2a: Phantom Dragon
|-boost|p2a: Phantom Dragon|atk|1
|-boost|p2a: Phantom Dragon|spe|1
|
|-weather|RainDance|[upkeep]
|upkeep
|turn|16
|
|move|p2a: Phantom Dragon|Dragon Claw|p1a: Pelipper
|-damage|p1a: Pelipper|0 fnt
|-damage|p2a: Phantom Dragon|70/100|[from] item: Life Orb
|faint|p1a: Pelipper
|
|-weather|RainDance|[upkeep]
|upkeep
|
|switch|p1a: Lapras|Lapras, F|100/100
|turn|17
|
|move|p2a: Phantom Dragon|Dragon Claw|p1a: Lapras
|-damage|p1a: Lapras|3/100
|-damage|p2a: Phantom Dragon|60/100|[from] item: Life Orb
|move|p1a: Lapras|Ice Beam|p2a: Phantom Dragon
|-supereffective|p2a: Phantom Dragon
|-damage|p2a: Phantom Dragon|0 fnt
|faint|p2a: Phantom Dragon
|
|-weather|RainDance|[upkeep]
|-sideend|p2: AJ∯Electivire∯cj|Reflect
|upkeep
|
|switch|p2a: Pyro Blitz|Cinderace, M|100/100
|turn|18
|
|move|p2a: Pyro Blitz|Iron Head|p1a: Lapras
|-damage|p1a: Lapras|0 fnt
|-damage|p2a: Pyro Blitz|91/100|[from] item: Life Orb
|faint|p1a: Lapras
|
|-weather|RainDance|[upkeep]
|upkeep
|
|switch|p1a: Barraskewda|Barraskewda, F|100/100
|turn|19
|
|move|p1a: Barraskewda|Liquidation|p2a: Pyro Blitz
|-supereffective|p2a: Pyro Blitz
|-damage|p2a: Pyro Blitz|0 fnt
|faint|p2a: Pyro Blitz
|
|-weather|RainDance|[upkeep]
|upkeep
|
|switch|p2a: Darkest Reck|Obstagoon, M|53/100 brn
|turn|20
|
|move|p2a: Darkest Reck|Obstruct|p2a: Darkest Reck
|-singleturn|p2a: Darkest Reck|Protect
|move|p1a: Barraskewda|Liquidation|p2a: Darkest Reck
|-activate|p2a: Darkest Reck|move: Protect
|-unboost|p1a: Barraskewda|def|2
|
|-weather|RainDance|[upkeep]
|-damage|p2a: Darkest Reck|47/100 brn|[from] brn
|upkeep
|turn|21
|
|move|p1a: Barraskewda|Liquidation|p2a: Darkest Reck
|-damage|p2a: Darkest Reck|0 fnt
|faint|p2a: Darkest Reck
|
|-weather|RainDance|[upkeep]
|upkeep
|
|switch|p2a: Brave Squire|Corviknight, M|100/100
|turn|22
|
|move|p1a: Barraskewda|Liquidation|p2a: Brave Squire
|-damage|p2a: Brave Squire|25/100
|move|p2a: Brave Squire|Brave Bird|p1a: Barraskewda
|-damage|p1a: Barraskewda|0 fnt
|-damage|p2a: Brave Squire|4/100|[from] Recoil
|-damage|p2a: Brave Squire|0 fnt|[from] item: Life Orb
|faint|p1a: Barraskewda
|faint|p2a: Brave Squire
|
|win|AJ∯Electivire∯cj
|raw|Dokibox's rating: 1022 → 1008(-14 for losing)
|raw|AJ∯Electivire∯cj's rating: 1000 → 1043(+43 for winning)
