|ScrapeTime|2020-01-01-23:15:18
|j|☆FCKINSWAYGBROH
|j|☆Quasare
|player|p1|FCKINSWAYGBROH|262|1139
|player|p2|Quasare|101|1137
|teamsize|p1|6
|teamsize|p2|6
|gametype|singles
|gen|8
|tier|[Gen 8] OU
|rated|
|rule|Sleep Clause Mod: Limit one foe put to sleep
|rule|Species Clause: Limit one of each Pokémon
|rule|OHKO Clause: OHKO moves are banned
|rule|Evasion Moves Clause: Evasion moves are banned
|rule|Endless Battle Clause: Forcing endless battles is banned
|rule|HP Percentage Mod: HP is shown in percentages
|clearpoke
|poke|p1|Dragapult, F|
|poke|p1|Grimmsnarl, M|
|poke|p1|Corviknight, M|
|poke|p1|Toxapex, M|
|poke|p1|Ferrothorn, M|
|poke|p1|Mamoswine, M|
|poke|p2|Aegislash, F|
|poke|p2|Ninetales, M|
|poke|p2|Leafeon, M|
|poke|p2|Mr. Mime-Galar, F|
|poke|p2|Torkoal, M|
|poke|p2|Heliolisk, M|
|rule|Dynamax Clause: You cannot dynamax
|teampreview
|
|start
|switch|p1a: Mamoswine|Mamoswine, M|100/100
|switch|p2a: Torkoal|Torkoal, M|100/100
|-weather|SunnyDay|[from] ability: Drought|[of] p2a: Torkoal
|turn|1
|
|move|p1a: Mamoswine|Earthquake|p2a: Torkoal
|-supereffective|p2a: Torkoal
|-damage|p2a: Torkoal|0 fnt
|faint|p2a: Torkoal
|
|-weather|SunnyDay|[upkeep]
|upkeep
|inactive|Battle timer is ON: inactive players will automatically lose when time's up. (requested by FCKINSWAYGBROH)
|
|switch|p2a: Heliolisk|Heliolisk, M|100/100
|turn|2
|
|switch|p1a: Ferrothorn|Ferrothorn, M|100/100
|move|p2a: Heliolisk|Solar Beam||[still]
|-prepare|p2a: Heliolisk|Solar Beam|p1a: Ferrothorn
|-anim|p2a: Heliolisk|Solar Beam|p1a: Ferrothorn
|-resisted|p1a: Ferrothorn
|-damage|p1a: Ferrothorn|85/100
|
|-weather|SunnyDay|[upkeep]
|-damage|p2a: Heliolisk|88/100|[from] ability: Solar Power|[of] p2a: Heliolisk
|-heal|p1a: Ferrothorn|91/100|[from] item: Leftovers
|upkeep
|turn|3
|
|switch|p2a: Ninetales|Ninetales, M|100/100
|move|p1a: Ferrothorn|Stealth Rock|p2a: Ninetales
|-sidestart|p2: Quasare|move: Stealth Rock
|
|-weather|SunnyDay|[upkeep]
|-heal|p1a: Ferrothorn|97/100|[from] item: Leftovers
|upkeep
|turn|4
|inactive|FCKINSWAYGBROH has 120 seconds left.
|
|switch|p1a: Toxapex|Toxapex, M|100/100
|move|p2a: Ninetales|Flamethrower|p1a: Toxapex
|-resisted|p1a: Toxapex
|-damage|p1a: Toxapex|79/100
|
|-weather|SunnyDay|[upkeep]
|-heal|p1a: Toxapex|86/100|[from] item: Black Sludge
|upkeep
|turn|5
|
|switch|p2a: Aegislash|Aegislash, F|100/100
|-damage|p2a: Aegislash|94/100|[from] Stealth Rock
|move|p1a: Toxapex|Toxic|p2a: Aegislash
|-immune|p2a: Aegislash
|
|-weather|none
|-heal|p2a: Aegislash|100/100|[from] item: Leftovers
|-heal|p1a: Toxapex|92/100|[from] item: Black Sludge
|upkeep
|turn|6
|
|-formechange|p2a: Aegislash|Aegislash-Blade||[from] ability: Stance Change
|move|p2a: Aegislash|Gyro Ball|p1a: Toxapex
|-resisted|p1a: Toxapex
|-damage|p1a: Toxapex|88/100
|move|p1a: Toxapex|Scald|p2a: Aegislash
|-damage|p2a: Aegislash|68/100
|
|-heal|p2a: Aegislash|74/100|[from] item: Leftovers
|-heal|p1a: Toxapex|94/100|[from] item: Black Sludge
|upkeep
|turn|7
|
|-formechange|p2a: Aegislash|Aegislash||[from] ability: Stance Change
|move|p2a: Aegislash|King's Shield|p2a: Aegislash
|-singleturn|p2a: Aegislash|Protect
|move|p1a: Toxapex|Scald|p2a: Aegislash
|-activate|p2a: Aegislash|move: Protect
|
|-heal|p2a: Aegislash|80/100|[from] item: Leftovers
|-heal|p1a: Toxapex|100/100|[from] item: Black Sludge
|upkeep
|turn|8
|
|switch|p2a: Mr. Mime|Mr. Mime-Galar, F|100/100
|-damage|p2a: Mr. Mime|76/100|[from] Stealth Rock
|move|p1a: Toxapex|Scald|p2a: Mr. Mime
|-damage|p2a: Mr. Mime|51/100
|-status|p2a: Mr. Mime|brn
|
|-damage|p2a: Mr. Mime|44/100 brn|[from] brn
|upkeep
|turn|9
|
|switch|p1a: Corviknight|Corviknight, M|100/100
|-ability|p1a: Corviknight|Pressure
|move|p2a: Mr. Mime|Freeze-Dry|p1a: Corviknight
|-damage|p1a: Corviknight|80/100
|
|-heal|p1a: Corviknight|86/100|[from] item: Leftovers
|-damage|p2a: Mr. Mime|38/100 brn|[from] brn
|upkeep
|turn|10
|
|switch|p2a: Ninetales|Ninetales, M|100/100
|-damage|p2a: Ninetales|76/100|[from] Stealth Rock
|-weather|SunnyDay|[from] ability: Drought|[of] p2a: Ninetales
|move|p1a: Corviknight|Brave Bird|p2a: Ninetales
|-damage|p2a: Ninetales|19/100
|-damage|p1a: Corviknight|73/100|[from] Recoil
|
|-weather|SunnyDay|[upkeep]
|-heal|p1a: Corviknight|79/100|[from] item: Leftovers
|upkeep
|turn|11
|
|switch|p1a: Toxapex|Toxapex, M|100/100
|move|p2a: Ninetales|Psyshock|p1a: Toxapex
|-supereffective|p1a: Toxapex
|-damage|p1a: Toxapex|77/100
|
|-weather|SunnyDay|[upkeep]
|-heal|p1a: Toxapex|83/100|[from] item: Black Sludge
|upkeep
|turn|12
|
|switch|p2a: Heliolisk|Heliolisk, M|88/100
|-damage|p2a: Heliolisk|76/100|[from] Stealth Rock
|move|p1a: Toxapex|Scald|p2a: Heliolisk
|-damage|p2a: Heliolisk|64/100
|
|-weather|SunnyDay|[upkeep]
|-damage|p2a: Heliolisk|52/100|[from] ability: Solar Power|[of] p2a: Heliolisk
|-heal|p1a: Toxapex|89/100|[from] item: Black Sludge
|upkeep
|turn|13
|inactive|Quasare has 120 seconds left.
|
|switch|p1a: Ferrothorn|Ferrothorn, M|97/100
|move|p2a: Heliolisk|Solar Beam||[still]
|-prepare|p2a: Heliolisk|Solar Beam|p1a: Ferrothorn
|-anim|p2a: Heliolisk|Solar Beam|p1a: Ferrothorn
|-resisted|p1a: Ferrothorn
|-damage|p1a: Ferrothorn|81/100
|
|-weather|SunnyDay|[upkeep]
|-damage|p2a: Heliolisk|39/100|[from] ability: Solar Power|[of] p2a: Heliolisk
|-heal|p1a: Ferrothorn|88/100|[from] item: Leftovers
|upkeep
|turn|14
|inactive|Quasare has 120 seconds left.
|
|switch|p2a: Leafeon|Leafeon, M|100/100
|-damage|p2a: Leafeon|88/100|[from] Stealth Rock
|move|p1a: Ferrothorn|Spikes|p2a: Leafeon
|-sidestart|p2: Quasare|Spikes
|
|-weather|none
|-heal|p1a: Ferrothorn|94/100|[from] item: Leftovers
|upkeep
|turn|15
|
|switch|p1a: Corviknight|Corviknight, M|79/100
|-ability|p1a: Corviknight|Pressure
|move|p2a: Leafeon|Substitute|p2a: Leafeon
|-start|p2a: Leafeon|Substitute
|-damage|p2a: Leafeon|64/100
|
|-heal|p1a: Corviknight|85/100|[from] item: Leftovers
|upkeep
|turn|16
|
|move|p2a: Leafeon|Swords Dance|p2a: Leafeon
|-boost|p2a: Leafeon|atk|2
|move|p1a: Corviknight|Bulk Up|p1a: Corviknight
|-boost|p1a: Corviknight|atk|1
|-boost|p1a: Corviknight|def|1
|
|-heal|p1a: Corviknight|92/100|[from] item: Leftovers
|upkeep
|turn|17
|
|move|p2a: Leafeon|Swords Dance|p2a: Leafeon
|-boost|p2a: Leafeon|atk|2
|move|p1a: Corviknight|Body Press|p2a: Leafeon
|-end|p2a: Leafeon|Substitute
|
|-heal|p1a: Corviknight|98/100|[from] item: Leftovers
|upkeep
|turn|18
|
|move|p2a: Leafeon|X-Scissor|p1a: Corviknight
|-resisted|p1a: Corviknight
|-damage|p1a: Corviknight|82/100
|-damage|p2a: Leafeon|54/100|[from] item: Life Orb
|move|p1a: Corviknight|Brave Bird|p2a: Leafeon
|-supereffective|p2a: Leafeon
|-damage|p2a: Leafeon|0 fnt
|-damage|p1a: Corviknight|70/100|[from] Recoil
|faint|p2a: Leafeon
|
|-heal|p1a: Corviknight|77/100|[from] item: Leftovers
|upkeep
|
|switch|p2a: Mr. Mime|Mr. Mime-Galar, F|38/100 brn
|-damage|p2a: Mr. Mime|13/100 brn|[from] Stealth Rock
|-damage|p2a: Mr. Mime|1/100 brn|[from] Spikes
|turn|19
|
|move|p2a: Mr. Mime|Thunderbolt|p1a: Corviknight
|-supereffective|p1a: Corviknight
|-damage|p1a: Corviknight|41/100
|-status|p1a: Corviknight|par
|move|p1a: Corviknight|Roost|p1a: Corviknight
|-heal|p1a: Corviknight|91/100 par
|-singleturn|p1a: Corviknight|move: Roost
|
|-heal|p1a: Corviknight|97/100 par|[from] item: Leftovers
|-damage|p2a: Mr. Mime|0 fnt|[from] brn
|faint|p2a: Mr. Mime
|upkeep
|
|switch|p2a: Ninetales|Ninetales, M|19/100
|-damage|p2a: Ninetales|0 fnt|[from] Stealth Rock
|faint|p2a: Ninetales
|-message|Quasare forfeited.
|
|win|FCKINSWAYGBROH
|l|☆Quasare
