|ScrapeTime|2020-01-02-13:36:50
|j|☆Guigoxx
|j|☆DaZb0n3z
|player|p1|Guigoxx|80|1388
|player|p2|DaZb0n3z|170|1332
|teamsize|p1|6
|teamsize|p2|6
|gametype|singles
|gen|8
|tier|[Gen 8] OU
|rated|
|rule|Sleep Clause Mod: Limit one foe put to sleep
|rule|Species Clause: Limit one of each Pokémon
|rule|OHKO Clause: OHKO moves are banned
|rule|Evasion Moves Clause: Evasion moves are banned
|rule|Endless Battle Clause: Forcing endless battles is banned
|rule|HP Percentage Mod: HP is shown in percentages
|clearpoke
|poke|p1|Seismitoad, M|
|poke|p1|Dragapult, F|
|poke|p1|Corviknight, F|
|poke|p1|Tyranitar, F|
|poke|p1|Excadrill, M|
|poke|p1|Cinderace, M|
|poke|p2|Seismitoad, F|
|poke|p2|Centiskorch, M|
|poke|p2|Dragapult, M|
|poke|p2|Conkeldurr, M|
|poke|p2|Corviknight, M|
|poke|p2|Rotom-Wash|
|rule|Dynamax Clause: You cannot dynamax
|teampreview
|
|start
|switch|p1a: Dragapult|Dragapult, F|100/100
|switch|p2a: Seismitoad|Seismitoad, F|100/100
|turn|1
|
|move|p1a: Dragapult|Shadow Ball|p2a: Seismitoad
|-crit|p2a: Seismitoad
|-damage|p2a: Seismitoad|10/100
|move|p2a: Seismitoad|Earthquake|p1a: Dragapult
|-damage|p1a: Dragapult|53/100
|
|-heal|p2a: Seismitoad|16/100|[from] item: Leftovers
|upkeep
|turn|2
|
|move|p1a: Dragapult|Shadow Ball|p2a: Seismitoad
|-damage|p2a: Seismitoad|0 fnt
|faint|p2a: Seismitoad
|
|upkeep
|
|switch|p2a: Centiskorch|Centiskorch, M|100/100
|turn|3
|
|switch|p1a: Tyranitar|Tyranitar, F|100/100
|-weather|Sandstorm|[from] ability: Sand Stream|[of] p1a: Tyranitar
|move|p2a: Centiskorch|Knock Off|p1a: Tyranitar
|-resisted|p1a: Tyranitar
|-damage|p1a: Tyranitar|88/100
|-enditem|p1a: Tyranitar|Leftovers|[from] move: Knock Off|[of] p2a: Centiskorch
|
|-weather|Sandstorm|[upkeep]
|-damage|p2a: Centiskorch|94/100|[from] Sandstorm
|upkeep
|turn|4
|
|move|p1a: Tyranitar|Stone Edge|p2a: Centiskorch
|-supereffective|p2a: Centiskorch
|-damage|p2a: Centiskorch|0 fnt
|faint|p2a: Centiskorch
|
|-weather|Sandstorm|[upkeep]
|upkeep
|
|switch|p2a: Conkeldurr|Conkeldurr, M|100/100
|turn|5
|
|switch|p1a: Seismitoad|Seismitoad, M|100/100
|move|p2a: Conkeldurr|Earthquake|p1a: Seismitoad
|-damage|p1a: Seismitoad|72/100
|
|-weather|Sandstorm|[upkeep]
|-damage|p2a: Conkeldurr|94/100|[from] Sandstorm
|-heal|p1a: Seismitoad|78/100|[from] item: Leftovers
|-status|p2a: Conkeldurr|brn|[from] item: Flame Orb
|upkeep
|turn|6
|
|move|p1a: Seismitoad|Stealth Rock|p2a: Conkeldurr
|-sidestart|p2: DaZb0n3z|move: Stealth Rock
|move|p2a: Conkeldurr|Earthquake|p1a: Seismitoad
|-damage|p1a: Seismitoad|38/100
|
|-weather|Sandstorm|[upkeep]
|-damage|p2a: Conkeldurr|88/100 brn|[from] Sandstorm
|-heal|p1a: Seismitoad|44/100|[from] item: Leftovers
|-damage|p2a: Conkeldurr|82/100 brn|[from] brn
|upkeep
|turn|7
|
|move|p1a: Seismitoad|Earthquake|p2a: Conkeldurr
|-damage|p2a: Conkeldurr|53/100 brn
|move|p2a: Conkeldurr|Earthquake|p1a: Seismitoad
|-damage|p1a: Seismitoad|1/100
|
|-weather|none
|-heal|p1a: Seismitoad|7/100|[from] item: Leftovers
|-damage|p2a: Conkeldurr|47/100 brn|[from] brn
|upkeep
|turn|8
|
|move|p1a: Seismitoad|Earthquake|p2a: Conkeldurr
|-damage|p2a: Conkeldurr|19/100 brn
|move|p2a: Conkeldurr|Earthquake|p1a: Seismitoad
|-damage|p1a: Seismitoad|0 fnt
|faint|p1a: Seismitoad
|
|-damage|p2a: Conkeldurr|13/100 brn|[from] brn
|upkeep
|
|switch|p1a: Dragapult|Dragapult, F|53/100
|turn|9
|
|move|p1a: Dragapult|Shadow Ball|p2a: Conkeldurr
|-damage|p2a: Conkeldurr|0 fnt
|faint|p2a: Conkeldurr
|
|upkeep
|
|switch|p2a: Corviknight|Corviknight, M|100/100
|-damage|p2a: Corviknight|88/100|[from] Stealth Rock
|-ability|p2a: Corviknight|Pressure
|turn|10
|
|move|p1a: Dragapult|Shadow Ball|p2a: Corviknight
|-damage|p2a: Corviknight|46/100
|move|p2a: Corviknight|Defog|p1a: Dragapult
|-unboost|p1a: Dragapult|evasion|1
|-sideend|p2: DaZb0n3z|Stealth Rock|[from] move: Defog|[of] p2a: Corviknight
|
|-heal|p2a: Corviknight|52/100|[from] item: Leftovers
|upkeep
|turn|11
|
|move|p1a: Dragapult|Shadow Ball|p2a: Corviknight
|-damage|p2a: Corviknight|6/100
|-unboost|p2a: Corviknight|spd|1
|move|p2a: Corviknight|Brave Bird|p1a: Dragapult
|-damage|p1a: Dragapult|2/100
|-damage|p2a: Corviknight|0 fnt|[from] Recoil
|faint|p2a: Corviknight
|
|upkeep
|
|switch|p2a: Rotom|Rotom-Wash|100/100
|turn|12
|
|move|p2a: Rotom|Hydro Pump|p1a: Dragapult
|-resisted|p1a: Dragapult
|-damage|p1a: Dragapult|0 fnt
|faint|p1a: Dragapult
|
|upkeep
|
|switch|p1a: Corviknight|Corviknight, F|100/100
|-ability|p1a: Corviknight|Pressure
|turn|13
|
|switch|p2a: Dragapult|Dragapult, M|100/100
|move|p1a: Corviknight|U-turn|p2a: Dragapult
|-resisted|p2a: Dragapult
|-damage|p2a: Dragapult|91/100
|
|switch|p1a: Tyranitar|Tyranitar, F|88/100|[from]move: U-turn
|-weather|Sandstorm|[from] ability: Sand Stream|[of] p1a: Tyranitar
|
|-weather|Sandstorm|[upkeep]
|-damage|p2a: Dragapult|85/100|[from] Sandstorm
|upkeep
|turn|14
|
|move|p2a: Dragapult|Draco Meteor|p1a: Tyranitar
|-damage|p1a: Tyranitar|28/100
|-unboost|p2a: Dragapult|spa|2
|move|p1a: Tyranitar|Stone Edge|p2a: Dragapult
|-damage|p2a: Dragapult|15/100
|
|-weather|Sandstorm|[upkeep]
|-damage|p2a: Dragapult|9/100|[from] Sandstorm
|upkeep
|turn|15
|
|switch|p1a: Corviknight|Corviknight, F|100/100
|-ability|p1a: Corviknight|Pressure
|move|p2a: Dragapult|Draco Meteor|p1a: Corviknight
|-resisted|p1a: Corviknight
|-damage|p1a: Corviknight|85/100
|-unboost|p2a: Dragapult|spa|2
|
|-weather|Sandstorm|[upkeep]
|-damage|p2a: Dragapult|3/100|[from] Sandstorm
|-heal|p1a: Corviknight|92/100|[from] item: Leftovers
|upkeep
|turn|16
|
|move|p2a: Dragapult|Draco Meteor|p1a: Corviknight
|-resisted|p1a: Corviknight
|-damage|p1a: Corviknight|83/100
|-unboost|p2a: Dragapult|spa|2
|move|p1a: Corviknight|Iron Head|p2a: Dragapult
|-damage|p2a: Dragapult|0 fnt
|faint|p2a: Dragapult
|
|-weather|Sandstorm|[upkeep]
|-heal|p1a: Corviknight|89/100|[from] item: Leftovers
|upkeep
|
|switch|p2a: Rotom|Rotom-Wash|100/100
|turn|17
|
|move|p2a: Rotom|Trick|p1a: Corviknight
|-activate|p2a: Rotom|move: Trick|[of] p1a: Corviknight
|-item|p1a: Corviknight|Choice Scarf|[from] move: Trick
|-item|p2a: Rotom|Leftovers|[from] move: Trick
|move|p1a: Corviknight|Iron Head|p2a: Rotom
|-resisted|p2a: Rotom
|-damage|p2a: Rotom|94/100
|
|-weather|none
|-heal|p2a: Rotom|99/100|[from] item: Leftovers
|upkeep
|turn|18
|
|move|p2a: Rotom|Volt Switch|p1a: Corviknight
|-supereffective|p1a: Corviknight
|-damage|p1a: Corviknight|56/100
|move|p1a: Corviknight|Iron Head|p2a: Rotom
|-resisted|p2a: Rotom
|-damage|p2a: Rotom|93/100
|
|-heal|p2a: Rotom|99/100|[from] item: Leftovers
|upkeep
|turn|19
|
|switch|p1a: Tyranitar|Tyranitar, F|28/100
|-weather|Sandstorm|[from] ability: Sand Stream|[of] p1a: Tyranitar
|move|p2a: Rotom|Thunder Wave|p1a: Tyranitar
|-status|p1a: Tyranitar|par
|
|-weather|Sandstorm|[upkeep]
|-damage|p2a: Rotom|93/100|[from] Sandstorm
|-heal|p2a: Rotom|99/100|[from] item: Leftovers
|upkeep
|turn|20
|
|move|p2a: Rotom|Hydro Pump|p1a: Tyranitar
|-supereffective|p1a: Tyranitar
|-damage|p1a: Tyranitar|0 fnt
|faint|p1a: Tyranitar
|
|-weather|Sandstorm|[upkeep]
|-damage|p2a: Rotom|93/100|[from] Sandstorm
|-heal|p2a: Rotom|99/100|[from] item: Leftovers
|upkeep
|
|switch|p1a: Excadrill|Excadrill, M|100/100
|turn|21
|
|move|p1a: Excadrill|Shadow Claw|p2a: Rotom
|-damage|p2a: Rotom|68/100
|move|p2a: Rotom|Hydro Pump|p1a: Excadrill
|-supereffective|p1a: Excadrill
|-damage|p1a: Excadrill|0 fnt
|faint|p1a: Excadrill
|
|-weather|Sandstorm|[upkeep]
|-damage|p2a: Rotom|62/100|[from] Sandstorm
|-heal|p2a: Rotom|68/100|[from] item: Leftovers
|upkeep
|
|switch|p1a: Cinderace|Cinderace, M|100/100
|turn|22
|
|move|p1a: Cinderace|Sucker Punch|p2a: Rotom
|-damage|p2a: Rotom|45/100
|move|p2a: Rotom|Hydro Pump|p1a: Cinderace
|-supereffective|p1a: Cinderace
|-damage|p1a: Cinderace|0 fnt
|faint|p1a: Cinderace
|
|-weather|Sandstorm|[upkeep]
|-damage|p2a: Rotom|39/100|[from] Sandstorm
|-heal|p2a: Rotom|45/100|[from] item: Leftovers
|upkeep
|-message|Guigoxx forfeited.
|
|win|DaZb0n3z
|l|☆Guigoxx
|raw|Guigoxx's rating: 1388 → 1365(-23 for losing)
|raw|DaZb0n3z's rating: 1332 → 1355(+23 for winning)
