|ScrapeTime|2020-01-02-07:45:57
|j|☆gu3st567
|j|☆Rengarzero
|player|p1|gu3st567|248|1742
|player|p2|Rengarzero|hilbert|1538
|teamsize|p1|6
|teamsize|p2|6
|gametype|singles
|gen|8
|tier|[Gen 8] OU
|rated|
|rule|Sleep Clause Mod: Limit one foe put to sleep
|rule|Species Clause: Limit one of each Pokémon
|rule|OHKO Clause: OHKO moves are banned
|rule|Evasion Moves Clause: Evasion moves are banned
|rule|Endless Battle Clause: Forcing endless battles is banned
|rule|HP Percentage Mod: HP is shown in percentages
|clearpoke
|poke|p1|Dragapult, M|
|poke|p1|Clefable, F|
|poke|p1|Mandibuzz, F|
|poke|p1|Cinderace, M|
|poke|p1|Toxapex, F|
|poke|p1|Excadrill, M|
|poke|p2|Sirfetch'd, M|
|poke|p2|Dragapult, M|
|poke|p2|Snorlax, M|
|poke|p2|Seismitoad, M|
|poke|p2|Rotom-Heat|
|poke|p2|Corviknight, M|
|rule|Dynamax Clause: You cannot dynamax
|teampreview
|c|☆gu3st567|gl hf
|inactive|Battle timer is ON: inactive players will automatically lose when time's up. (requested by Rengarzero)
|
|start
|switch|p1a: Toxapex|Toxapex, F|100/100
|switch|p2a: Seismitoad|Seismitoad, M|100/100
|turn|1
|
|switch|p2a: Corviknight|Corviknight, M|100/100
|-ability|p2a: Corviknight|Pressure
|move|p1a: Toxapex|Toxic Spikes|p2a: Corviknight
|-sidestart|p2: Rengarzero|move: Toxic Spikes
|
|upkeep
|turn|2
|
|move|p2a: Corviknight|Defog|p1a: Toxapex
|-unboost|p1a: Toxapex|evasion|1
|-sideend|p2: Rengarzero|Toxic Spikes|[from] move: Defog|[of] p2a: Corviknight
|move|p1a: Toxapex|Scald|p2a: Corviknight
|-damage|p2a: Corviknight|89/100
|
|-heal|p2a: Corviknight|95/100|[from] item: Leftovers
|upkeep
|turn|3
|
|move|p2a: Corviknight|U-turn|p1a: Toxapex
|-resisted|p1a: Toxapex
|-damage|p1a: Toxapex|96/100
|
|switch|p2a: Seismitoad|Seismitoad, M|100/100|[from]move: U-turn
|move|p1a: Toxapex|Scald|p2a: Seismitoad
|-immune|p2a: Seismitoad|[from] ability: Water Absorb
|
|-heal|p1a: Toxapex|100/100|[from] item: Black Sludge
|upkeep
|turn|4
|
|move|p2a: Seismitoad|Stealth Rock|p1a: Toxapex
|-sidestart|p1: gu3st567|move: Stealth Rock
|move|p1a: Toxapex|Toxic Spikes|p2a: Seismitoad
|-sidestart|p2: Rengarzero|move: Toxic Spikes
|
|upkeep
|turn|5
|
|move|p2a: Seismitoad|Earthquake|p1a: Toxapex
|-supereffective|p1a: Toxapex
|-damage|p1a: Toxapex|60/100
|move|p1a: Toxapex|Toxic Spikes|p2a: Seismitoad
|-sidestart|p2: Rengarzero|move: Toxic Spikes
|
|-heal|p1a: Toxapex|66/100|[from] item: Black Sludge
|upkeep
|turn|6
|
|move|p2a: Seismitoad|Scald|p1a: Toxapex
|-resisted|p1a: Toxapex
|-damage|p1a: Toxapex|56/100
|move|p1a: Toxapex|Recover|p1a: Toxapex
|-heal|p1a: Toxapex|100/100
|
|upkeep
|turn|7
|
|switch|p1a: Clefable|Clefable, F|100/100
|move|p2a: Seismitoad|Scald|p1a: Clefable
|-crit|p1a: Clefable
|-damage|p1a: Clefable|62/100
|
|upkeep
|turn|8
|
|move|p2a: Seismitoad|Protect|p2a: Seismitoad
|-singleturn|p2a: Seismitoad|Protect
|move|p1a: Clefable|Moonlight|p1a: Clefable
|-heal|p1a: Clefable|100/100
|
|upkeep
|turn|9
|
|switch|p2a: Rotom|Rotom-Heat|100/100
|move|p1a: Clefable|Moonblast|p2a: Rotom
|-resisted|p2a: Rotom
|-damage|p2a: Rotom|68/100
|-unboost|p2a: Rotom|spa|1
|
|upkeep
|turn|10
|
|move|p2a: Rotom|Trick|p1a: Clefable
|-activate|p2a: Rotom|move: Trick|[of] p1a: Clefable
|-item|p1a: Clefable|Choice Scarf|[from] move: Trick
|-item|p2a: Rotom|Life Orb|[from] move: Trick
|move|p1a: Clefable|Moonlight||[still]
|-fail|p1a: Clefable
|
|upkeep
|turn|11
|inactive|gu3st567 has 120 seconds left.
|
|switch|p2a: Corviknight|Corviknight, M|95/100
|-ability|p2a: Corviknight|Pressure
|move|p1a: Clefable|Moonlight||[still]
|-fail|p1a: Clefable
|
|-heal|p2a: Corviknight|100/100|[from] item: Leftovers
|upkeep
|turn|12
|
|switch|p1a: Mandibuzz|Mandibuzz, F|100/100
|move|p2a: Corviknight|Defog|p1a: Mandibuzz
|-unboost|p1a: Mandibuzz|evasion|1
|-sideend|p1: gu3st567|Stealth Rock|[from] move: Defog|[of] p2a: Corviknight
|-sideend|p2: Rengarzero|Toxic Spikes|[from] move: Defog|[of] p2a: Corviknight
|
|upkeep
|turn|13
|
|switch|p2a: Rotom|Rotom-Heat|68/100
|move|p1a: Mandibuzz|Knock Off|p2a: Rotom
|-damage|p2a: Rotom|49/100
|-enditem|p2a: Rotom|Life Orb|[from] move: Knock Off|[of] p1a: Mandibuzz
|
|upkeep
|turn|14
|
|move|p2a: Rotom|Thunder Wave|p1a: Mandibuzz
|-status|p1a: Mandibuzz|par
|move|p1a: Mandibuzz|U-turn|p2a: Rotom
|-resisted|p2a: Rotom
|-damage|p2a: Rotom|44/100
|inactive|gu3st567 has 120 seconds left.
|
|switch|p1a: Dragapult|Dragapult, M|100/100|[from]move: U-turn
|
|upkeep
|turn|15
|
|switch|p2a: Snorlax|Snorlax, M|100/100
|move|p1a: Dragapult|U-turn|p2a: Snorlax
|-damage|p2a: Snorlax|88/100
|
|switch|p1a: Mandibuzz|Mandibuzz, F|100/100 par|[from]move: U-turn
|
|-heal|p2a: Snorlax|95/100|[from] item: Leftovers
|upkeep
|turn|16
|
|move|p1a: Mandibuzz|Knock Off|p2a: Snorlax
|-crit|p2a: Snorlax
|-damage|p2a: Snorlax|69/100
|-enditem|p2a: Snorlax|Leftovers|[from] move: Knock Off|[of] p1a: Mandibuzz
|move|p2a: Snorlax|Curse|p2a: Snorlax
|-unboost|p2a: Snorlax|spe|1
|-boost|p2a: Snorlax|atk|1
|-boost|p2a: Snorlax|def|1
|
|upkeep
|turn|17
|inactive|gu3st567 has 120 seconds left.
|
|move|p1a: Mandibuzz|U-turn|p2a: Snorlax
|-damage|p2a: Snorlax|63/100
|
|switch|p1a: Clefable|Clefable, F|100/100|[from]move: U-turn
|move|p2a: Snorlax|Body Slam|p1a: Clefable
|-damage|p1a: Clefable|44/100
|-status|p1a: Clefable|par
|
|upkeep
|turn|18
|inactive|Rengarzero has 120 seconds left.
|
|switch|p2a: Corviknight|Corviknight, M|100/100
|-ability|p2a: Corviknight|Pressure
|move|p1a: Clefable|Moonblast|p2a: Corviknight
|-resisted|p2a: Corviknight
|-damage|p2a: Corviknight|86/100
|-unboost|p2a: Corviknight|spa|1
|
|-heal|p2a: Corviknight|92/100|[from] item: Leftovers
|upkeep
|turn|19
|inactive|Rengarzero has 120 seconds left.
|
|switch|p1a: Mandibuzz|Mandibuzz, F|100/100 par
|move|p2a: Corviknight|Iron Head|p1a: Mandibuzz
|-damage|p1a: Mandibuzz|81/100 par
|
|-heal|p2a: Corviknight|99/100|[from] item: Leftovers
|upkeep
|turn|20
|inactive|Rengarzero has 120 seconds left.
|
|move|p2a: Corviknight|U-turn|p1a: Mandibuzz
|-damage|p1a: Mandibuzz|70/100 par
|inactive|Rengarzero has 120 seconds left.
|
|switch|p2a: Sirfetch'd|Sirfetch'd, M|100/100|[from]move: U-turn
|cant|p1a: Mandibuzz|par
|
|upkeep
|turn|21
|
|switch|p1a: Toxapex|Toxapex, F|100/100
|move|p2a: Sirfetch'd|Knock Off|p1a: Toxapex
|-damage|p1a: Toxapex|68/100
|-enditem|p1a: Toxapex|Black Sludge|[from] move: Knock Off|[of] p2a: Sirfetch'd
|
|upkeep
|turn|22
|inactive|Rengarzero has 120 seconds left.
|
|switch|p2a: Snorlax|Snorlax, M|63/100
|move|p1a: Toxapex|Toxic Spikes|p2a: Snorlax
|-sidestart|p2: Rengarzero|move: Toxic Spikes
|
|upkeep
|turn|23
|inactive|Rengarzero has 120 seconds left.
|
|move|p1a: Toxapex|Toxic Spikes|p2a: Snorlax
|-sidestart|p2: Rengarzero|move: Toxic Spikes
|move|p2a: Snorlax|Curse|p2a: Snorlax
|-unboost|p2a: Snorlax|spe|1
|-boost|p2a: Snorlax|atk|1
|-boost|p2a: Snorlax|def|1
|
|upkeep
|turn|24
|inactive|Rengarzero has 120 seconds left.
|
|move|p1a: Toxapex|Scald|p2a: Snorlax
|-damage|p2a: Snorlax|53/100
|move|p2a: Snorlax|Body Slam|p1a: Toxapex
|-damage|p1a: Toxapex|42/100
|-status|p1a: Toxapex|par
|
|upkeep
|turn|25
|inactive|Rengarzero has 120 seconds left.
|
|move|p1a: Toxapex|Baneful Bunker|p1a: Toxapex
|-singleturn|p1a: Toxapex|move: Protect
|move|p2a: Snorlax|Curse|p2a: Snorlax
|-unboost|p2a: Snorlax|spe|1
|-boost|p2a: Snorlax|atk|1
|-boost|p2a: Snorlax|def|1
|
|upkeep
|turn|26
|inactive|gu3st567 has 120 seconds left.
|inactive|Rengarzero has 120 seconds left.
|
|switch|p1a: Clefable|Clefable, F|44/100 par
|move|p2a: Snorlax|Body Slam|p1a: Clefable
|-damage|p1a: Clefable|0 fnt
|faint|p1a: Clefable
|
|upkeep
|
|switch|p1a: Cinderace|Cinderace, M|100/100
|turn|27
|inactive|Rengarzero has 120 seconds left.
|
|move|p1a: Cinderace|High Jump Kick|p2a: Snorlax
|-supereffective|p2a: Snorlax
|-damage|p2a: Snorlax|25/100
|move|p2a: Snorlax|Rest|p2a: Snorlax
|-status|p2a: Snorlax|slp|[from] move: Rest
|-heal|p2a: Snorlax|100/100 slp|[silent]
|
|upkeep
|turn|28
|inactive|gu3st567 has 120 seconds left.
|inactive|Rengarzero has 120 seconds left.
|
|move|p1a: Cinderace|High Jump Kick|p2a: Snorlax
|-supereffective|p2a: Snorlax
|-damage|p2a: Snorlax|72/100 slp
|cant|p2a: Snorlax|slp
|
|upkeep
|turn|29
|
|move|p1a: Cinderace|U-turn|p2a: Snorlax
|-damage|p2a: Snorlax|64/100 slp
|
|switch|p1a: Dragapult|Dragapult, M|100/100|[from]move: U-turn
|cant|p2a: Snorlax|slp
|
|upkeep
|turn|30
|
|move|p1a: Dragapult|Draco Meteor|p2a: Snorlax
|-damage|p2a: Snorlax|18/100 slp
|-unboost|p1a: Dragapult|spa|2
|-curestatus|p2a: Snorlax|slp|[msg]
|move|p2a: Snorlax|Rest|p2a: Snorlax
|-status|p2a: Snorlax|slp|[from] move: Rest
|-heal|p2a: Snorlax|100/100 slp|[silent]
|
|upkeep
|turn|31
|
|switch|p1a: Excadrill|Excadrill, M|100/100
|-ability|p1a: Excadrill|Mold Breaker
|cant|p2a: Snorlax|slp
|
|upkeep
|turn|32
|
|switch|p2a: Dragapult|Dragapult, M|100/100
|-status|p2a: Dragapult|tox
|move|p1a: Excadrill|Stealth Rock|p2a: Dragapult
|-sidestart|p2: Rengarzero|move: Stealth Rock
|
|-damage|p2a: Dragapult|95/100 tox|[from] psn
|upkeep
|turn|33
|
|switch|p2a: Corviknight|Corviknight, M|99/100
|-damage|p2a: Corviknight|86/100|[from] Stealth Rock
|-ability|p2a: Corviknight|Pressure
|switch|p1a: Toxapex|Toxapex, F|76/100 par
|
|-heal|p2a: Corviknight|92/100|[from] item: Leftovers
|upkeep
|turn|34
|
|switch|p1a: Cinderace|Cinderace, M|100/100
|move|p2a: Corviknight|Defog|p1a: Cinderace
|-unboost|p1a: Cinderace|evasion|1
|-sideend|p2: Rengarzero|Toxic Spikes|[from] move: Defog|[of] p2a: Corviknight
|-sideend|p2: Rengarzero|Stealth Rock|[from] move: Defog|[of] p2a: Corviknight
|
|-heal|p2a: Corviknight|99/100|[from] item: Leftovers
|upkeep
|turn|35
|
|switch|p2a: Seismitoad|Seismitoad, M|100/100
|move|p1a: Cinderace|Pyro Ball|p2a: Seismitoad
|-resisted|p2a: Seismitoad
|-damage|p2a: Seismitoad|81/100
|
|-heal|p2a: Seismitoad|87/100|[from] item: Leftovers
|upkeep
|turn|36
|
|move|p1a: Cinderace|U-turn|p2a: Seismitoad
|-damage|p2a: Seismitoad|71/100
|
|switch|p1a: Mandibuzz|Mandibuzz, F|70/100 par|[from]move: U-turn
|move|p2a: Seismitoad|Stealth Rock|p1a: Mandibuzz
|-sidestart|p1: gu3st567|move: Stealth Rock
|
|-heal|p2a: Seismitoad|77/100|[from] item: Leftovers
|upkeep
|turn|37
|
|switch|p2a: Sirfetch'd|Sirfetch'd, M|100/100
|move|p1a: Mandibuzz|Knock Off|p2a: Sirfetch'd
|-resisted|p2a: Sirfetch'd
|-damage|p2a: Sirfetch'd|87/100
|-enditem|p2a: Sirfetch'd|Choice Band|[from] move: Knock Off|[of] p1a: Mandibuzz
|
|upkeep
|turn|38
|
|switch|p1a: Toxapex|Toxapex, F|100/100 par
|-damage|p1a: Toxapex|88/100 par|[from] Stealth Rock
|move|p2a: Sirfetch'd|Close Combat|p1a: Toxapex
|-resisted|p1a: Toxapex
|-damage|p1a: Toxapex|68/100 par
|-unboost|p2a: Sirfetch'd|def|1
|-unboost|p2a: Sirfetch'd|spd|1
|
|upkeep
|turn|39
|
|switch|p2a: Snorlax|Snorlax, M|100/100 slp
|switch|p1a: Cinderace|Cinderace, M|100/100
|
|upkeep
|turn|40
|
|switch|p2a: Dragapult|Dragapult, M|95/100 tox
|move|p1a: Cinderace|Court Change|p1a: Cinderace
|-sideend|p1: gu3st567|Stealth Rock|[silent]
|-sidestart|p2: Rengarzero|Stealth Rock|[silent]
|-activate|p1a: Cinderace|move: Court Change
|
|-damage|p2a: Dragapult|89/100 tox|[from] psn
|upkeep
|turn|41
|
|move|p2a: Dragapult|Shadow Ball|p1a: Cinderace
|-damage|p1a: Cinderace|31/100
|-unboost|p1a: Cinderace|spd|1
|move|p1a: Cinderace|Pyro Ball|p2a: Dragapult
|-resisted|p2a: Dragapult
|-damage|p2a: Dragapult|25/100 tox
|
|-damage|p2a: Dragapult|13/100 tox|[from] psn
|upkeep
|turn|42
|
|switch|p2a: Seismitoad|Seismitoad, M|77/100
|-damage|p2a: Seismitoad|71/100|[from] Stealth Rock
|switch|p1a: Mandibuzz|Mandibuzz, F|70/100 par
|
|-heal|p2a: Seismitoad|77/100|[from] item: Leftovers
|upkeep
|turn|43
|
|switch|p2a: Corviknight|Corviknight, M|99/100
|-damage|p2a: Corviknight|86/100|[from] Stealth Rock
|-ability|p2a: Corviknight|Pressure
|move|p1a: Mandibuzz|Knock Off|p2a: Corviknight
|-damage|p2a: Corviknight|66/100
|-enditem|p2a: Corviknight|Leftovers|[from] move: Knock Off|[of] p1a: Mandibuzz
|
|upkeep
|turn|44
|
|move|p2a: Corviknight|Defog|p1a: Mandibuzz
|-unboost|p1a: Mandibuzz|evasion|1
|-sideend|p2: Rengarzero|Stealth Rock|[from] move: Defog|[of] p2a: Corviknight
|move|p1a: Mandibuzz|U-turn|p2a: Corviknight
|-resisted|p2a: Corviknight
|-damage|p2a: Corviknight|64/100
|
|switch|p1a: Cinderace|Cinderace, M|31/100|[from]move: U-turn
|
|upkeep
|turn|45
|
|switch|p2a: Seismitoad|Seismitoad, M|77/100
|move|p1a: Cinderace|Pyro Ball|p2a: Seismitoad
|-resisted|p2a: Seismitoad
|-damage|p2a: Seismitoad|48/100
|
|-heal|p2a: Seismitoad|54/100|[from] item: Leftovers
|upkeep
|turn|46
|
|move|p2a: Seismitoad|Protect|p2a: Seismitoad
|-singleturn|p2a: Seismitoad|Protect
|move|p1a: Cinderace|U-turn|p2a: Seismitoad
|-activate|p2a: Seismitoad|move: Protect
|
|-heal|p2a: Seismitoad|60/100|[from] item: Leftovers
|upkeep
|turn|47
|
|move|p1a: Cinderace|U-turn|p2a: Seismitoad
|-damage|p2a: Seismitoad|43/100
|
|switch|p1a: Toxapex|Toxapex, F|100/100 par|[from]move: U-turn
|move|p2a: Seismitoad|Scald|p1a: Toxapex
|-resisted|p1a: Toxapex
|-damage|p1a: Toxapex|91/100 par
|
|-heal|p2a: Seismitoad|49/100|[from] item: Leftovers
|upkeep
|turn|48
|
|switch|p2a: Snorlax|Snorlax, M|100/100 slp
|move|p1a: Toxapex|Toxic Spikes|p2a: Snorlax
|-sidestart|p2: Rengarzero|move: Toxic Spikes
|
|upkeep
|turn|49
|
|cant|p2a: Snorlax|slp
|move|p1a: Toxapex|Toxic Spikes|p2a: Snorlax
|-sidestart|p2: Rengarzero|move: Toxic Spikes
|
|upkeep
|turn|50
|
|switch|p1a: Mandibuzz|Mandibuzz, F|70/100 par
|-curestatus|p2a: Snorlax|slp|[msg]
|move|p2a: Snorlax|Body Slam|p1a: Mandibuzz
|-damage|p1a: Mandibuzz|46/100 par
|
|upkeep
|turn|51
|
|move|p2a: Snorlax|Curse|p2a: Snorlax
|-unboost|p2a: Snorlax|spe|1
|-boost|p2a: Snorlax|atk|1
|-boost|p2a: Snorlax|def|1
|move|p1a: Mandibuzz|U-turn|p2a: Snorlax
|-damage|p2a: Snorlax|96/100
|
|switch|p1a: Excadrill|Excadrill, M|100/100|[from]move: U-turn
|-ability|p1a: Excadrill|Mold Breaker
|
|upkeep
|turn|52
|
|move|p1a: Excadrill|Iron Head|p2a: Snorlax
|-damage|p2a: Snorlax|78/100
|move|p2a: Snorlax|Body Slam|p1a: Excadrill
|-resisted|p1a: Excadrill
|-damage|p1a: Excadrill|67/100
|
|upkeep
|turn|53
|
|move|p1a: Excadrill|Iron Head|p2a: Snorlax
|-damage|p2a: Snorlax|57/100
|move|p2a: Snorlax|Curse|p2a: Snorlax
|-unboost|p2a: Snorlax|spe|1
|-boost|p2a: Snorlax|atk|1
|-boost|p2a: Snorlax|def|1
|
|upkeep
|turn|54
|
|move|p1a: Excadrill|Iron Head|p2a: Snorlax
|-damage|p2a: Snorlax|43/100
|move|p2a: Snorlax|Curse|p2a: Snorlax
|-unboost|p2a: Snorlax|spe|1
|-boost|p2a: Snorlax|atk|1
|-boost|p2a: Snorlax|def|1
|
|upkeep
|turn|55
|
|move|p1a: Excadrill|Iron Head|p2a: Snorlax
|-damage|p2a: Snorlax|31/100
|move|p2a: Snorlax|Rest|p2a: Snorlax
|-status|p2a: Snorlax|slp|[from] move: Rest
|-heal|p2a: Snorlax|100/100 slp|[silent]
|
|upkeep
|turn|56
|
|switch|p1a: Dragapult|Dragapult, M|100/100
|cant|p2a: Snorlax|slp
|
|upkeep
|turn|57
|
|move|p1a: Dragapult|Thunderbolt|p2a: Snorlax
|-damage|p2a: Snorlax|77/100 slp
|cant|p2a: Snorlax|slp
|
|upkeep
|turn|58
|
|move|p1a: Dragapult|Thunderbolt|p2a: Snorlax
|-crit|p2a: Snorlax
|-damage|p2a: Snorlax|43/100 slp
|-curestatus|p2a: Snorlax|slp|[msg]
|move|p2a: Snorlax|Darkest Lariat|p1a: Dragapult
|-supereffective|p1a: Dragapult
|-damage|p1a: Dragapult|0 fnt
|faint|p1a: Dragapult
|
|upkeep
|
|switch|p1a: Cinderace|Cinderace, M|31/100
|turn|59
|
|move|p1a: Cinderace|U-turn|p2a: Snorlax
|-damage|p2a: Snorlax|37/100
|
|switch|p1a: Mandibuzz|Mandibuzz, F|46/100 par|[from]move: U-turn
|move|p2a: Snorlax|Rest|p2a: Snorlax
|-status|p2a: Snorlax|slp|[from] move: Rest
|-heal|p2a: Snorlax|100/100 slp|[silent]
|
|upkeep
|turn|60
|
|move|p1a: Mandibuzz|Roost|p1a: Mandibuzz
|-heal|p1a: Mandibuzz|96/100 par
|-singleturn|p1a: Mandibuzz|move: Roost
|cant|p2a: Snorlax|slp
|
|upkeep
|turn|61
|
|move|p1a: Mandibuzz|Foul Play|p2a: Snorlax
|-crit|p2a: Snorlax
|-damage|p2a: Snorlax|2/100 slp
|cant|p2a: Snorlax|slp
|
|upkeep
|turn|62
|
|switch|p2a: Corviknight|Corviknight, M|64/100
|-ability|p2a: Corviknight|Pressure
|cant|p1a: Mandibuzz|par
|
|upkeep
|turn|63
|
|move|p2a: Corviknight|Defog|p1a: Mandibuzz
|-unboost|p1a: Mandibuzz|evasion|1
|-sideend|p2: Rengarzero|Toxic Spikes|[from] move: Defog|[of] p2a: Corviknight
|move|p1a: Mandibuzz|U-turn|p2a: Corviknight
|-resisted|p2a: Corviknight
|-damage|p2a: Corviknight|62/100
|
|switch|p1a: Cinderace|Cinderace, M|31/100|[from]move: U-turn
|
|upkeep
|turn|64
|
|switch|p2a: Rotom|Rotom-Heat|44/100
|move|p1a: Cinderace|Pyro Ball|p2a: Rotom
|-resisted|p2a: Rotom
|-damage|p2a: Rotom|5/100
|
|upkeep
|turn|65
|
|move|p1a: Cinderace|U-turn|p2a: Rotom
|-resisted|p2a: Rotom
|-damage|p2a: Rotom|0 fnt
|faint|p2a: Rotom
|
|switch|p1a: Excadrill|Excadrill, M|67/100|[from]move: U-turn
|-ability|p1a: Excadrill|Mold Breaker
|
|upkeep
|
|switch|p2a: Sirfetch'd|Sirfetch'd, M|87/100
|turn|66
|
|switch|p1a: Toxapex|Toxapex, F|100/100 par
|move|p2a: Sirfetch'd|Close Combat|p1a: Toxapex
|-resisted|p1a: Toxapex
|-damage|p1a: Toxapex|80/100 par
|-unboost|p2a: Sirfetch'd|def|1
|-unboost|p2a: Sirfetch'd|spd|1
|
|upkeep
|turn|67
|
|switch|p2a: Snorlax|Snorlax, M|2/100 slp
|move|p1a: Toxapex|Toxic Spikes|p2a: Snorlax
|-sidestart|p2: Rengarzero|move: Toxic Spikes
|
|upkeep
|turn|68
|
|-curestatus|p2a: Snorlax|slp|[msg]
|move|p2a: Snorlax|Rest|p2a: Snorlax
|-status|p2a: Snorlax|slp|[from] move: Rest
|-heal|p2a: Snorlax|100/100 slp|[silent]
|cant|p1a: Toxapex|par
|
|upkeep
|turn|69
|
|switch|p1a: Mandibuzz|Mandibuzz, F|96/100 par
|cant|p2a: Snorlax|slp
|
|upkeep
|turn|70
|
|cant|p1a: Mandibuzz|par
|cant|p2a: Snorlax|slp
|
|upkeep
|turn|71
|
|move|p1a: Mandibuzz|Foul Play|p2a: Snorlax
|-crit|p2a: Snorlax
|-damage|p2a: Snorlax|66/100 slp
|-curestatus|p2a: Snorlax|slp|[msg]
|move|p2a: Snorlax|Curse|p2a: Snorlax
|-unboost|p2a: Snorlax|spe|1
|-boost|p2a: Snorlax|atk|1
|-boost|p2a: Snorlax|def|1
|
|upkeep
|turn|72
|
|move|p1a: Mandibuzz|Foul Play|p2a: Snorlax
|-damage|p2a: Snorlax|40/100
|move|p2a: Snorlax|Curse|p2a: Snorlax
|-unboost|p2a: Snorlax|spe|1
|-boost|p2a: Snorlax|atk|1
|-boost|p2a: Snorlax|def|1
|
|upkeep
|turn|73
|
|cant|p1a: Mandibuzz|par
|move|p2a: Snorlax|Curse|p2a: Snorlax
|-unboost|p2a: Snorlax|spe|1
|-boost|p2a: Snorlax|atk|1
|-boost|p2a: Snorlax|def|1
|
|upkeep
|turn|74
|
|cant|p1a: Mandibuzz|par
|move|p2a: Snorlax|Rest|p2a: Snorlax
|-status|p2a: Snorlax|slp|[from] move: Rest
|-heal|p2a: Snorlax|100/100 slp|[silent]
|
|upkeep
|turn|75
|
|move|p1a: Mandibuzz|Foul Play|p2a: Snorlax
|-damage|p2a: Snorlax|76/100 slp
|cant|p2a: Snorlax|slp
|
|upkeep
|turn|76
|
|move|p1a: Mandibuzz|Foul Play|p2a: Snorlax
|-damage|p2a: Snorlax|52/100 slp
|cant|p2a: Snorlax|slp
|
|upkeep
|turn|77
|
|cant|p1a: Mandibuzz|par
|-curestatus|p2a: Snorlax|slp|[msg]
|move|p2a: Snorlax|Curse|p2a: Snorlax
|-unboost|p2a: Snorlax|spe|1
|-boost|p2a: Snorlax|atk|1
|-boost|p2a: Snorlax|def|1
|
|upkeep
|turn|78
|
|cant|p1a: Mandibuzz|par
|move|p2a: Snorlax|Body Slam|p1a: Mandibuzz
|-damage|p1a: Mandibuzz|29/100 par
|
|upkeep
|turn|79
|
|move|p1a: Mandibuzz|Foul Play|p2a: Snorlax
|-damage|p2a: Snorlax|28/100
|move|p2a: Snorlax|Body Slam|p1a: Mandibuzz
|-damage|p1a: Mandibuzz|0 fnt
|faint|p1a: Mandibuzz
|
|upkeep
|inactive|gu3st567 has 120 seconds left.
|
|switch|p1a: Cinderace|Cinderace, M|31/100
|turn|80
|
|move|p1a: Cinderace|High Jump Kick|p2a: Snorlax
|-supereffective|p2a: Snorlax
|-damage|p2a: Snorlax|7/100
|move|p2a: Snorlax|Rest|p2a: Snorlax
|-status|p2a: Snorlax|slp|[from] move: Rest
|-heal|p2a: Snorlax|100/100 slp|[silent]
|
|upkeep
|turn|81
|
|move|p1a: Cinderace|High Jump Kick|p2a: Snorlax
|-supereffective|p2a: Snorlax
|-damage|p2a: Snorlax|81/100 slp
|cant|p2a: Snorlax|slp
|
|upkeep
|turn|82
|-message|gu3st567 forfeited.
|
|win|Rengarzero
|l|☆gu3st567
|raw|gu3st567's rating: 1743 → 1712(-31 for losing)
|raw|Rengarzero's rating: 1538 → 1568(+30 for winning)
