|ScrapeTime|2020-01-02-09:25:16
|j|☆Showdown Guzma
|j|☆Alex_888Master
|player|p1|Showdown Guzma|70|1386
|player|p2|Alex_888Master|red|1431
|teamsize|p1|6
|teamsize|p2|6
|gametype|singles
|gen|8
|tier|[Gen 8] OU
|rated|
|rule|Sleep Clause Mod: Limit one foe put to sleep
|rule|Species Clause: Limit one of each Pokémon
|rule|OHKO Clause: OHKO moves are banned
|rule|Evasion Moves Clause: Evasion moves are banned
|rule|Endless Battle Clause: Forcing endless battles is banned
|rule|HP Percentage Mod: HP is shown in percentages
|clearpoke
|poke|p1|Grimmsnarl, M|
|poke|p1|Corviknight, M|
|poke|p1|Seismitoad, M|
|poke|p1|Rotom-Heat|
|poke|p1|Dragapult, F|
|poke|p1|Roserade, F|
|poke|p2|Dracovish|
|poke|p2|Excadrill, M|
|poke|p2|Toxapex, F|
|poke|p2|Cinderace, F|
|poke|p2|Dragapult, M|
|poke|p2|Obstagoon, M|
|rule|Dynamax Clause: You cannot dynamax
|teampreview
|inactive|Battle timer is ON: inactive players will automatically lose when time's up. (requested by Alex_888Master)
|
|start
|switch|p1a: Seismitoad|Seismitoad, M|100/100
|switch|p2a: Dragapult|Dragapult, M|100/100
|turn|1
|
|move|p2a: Dragapult|Substitute|p2a: Dragapult
|-start|p2a: Dragapult|Substitute
|-damage|p2a: Dragapult|76/100
|move|p1a: Seismitoad|Stealth Rock|p2a: Dragapult
|-sidestart|p2: Alex_888Master|move: Stealth Rock
|
|-heal|p2a: Dragapult|82/100|[from] item: Leftovers
|upkeep
|turn|2
|
|move|p2a: Dragapult|Dragon Dance|p2a: Dragapult
|-boost|p2a: Dragapult|atk|1
|-boost|p2a: Dragapult|spe|1
|move|p1a: Seismitoad|Earthquake|p2a: Dragapult
|-end|p2a: Dragapult|Substitute
|
|-heal|p2a: Dragapult|88/100|[from] item: Leftovers
|upkeep
|turn|3
|
|move|p2a: Dragapult|Substitute|p2a: Dragapult
|-start|p2a: Dragapult|Substitute
|-damage|p2a: Dragapult|63/100
|move|p1a: Seismitoad|Toxic|p2a: Dragapult|[miss]
|-miss|p1a: Seismitoad|p2a: Dragapult
|
|-heal|p2a: Dragapult|69/100|[from] item: Leftovers
|upkeep
|turn|4
|
|move|p2a: Dragapult|Dragon Darts|p1a: Seismitoad
|-damage|p1a: Seismitoad|72/100
|-damage|p1a: Seismitoad|46/100
|-hitcount|p1a: Seismitoad|2
|move|p1a: Seismitoad|Earthquake|p2a: Dragapult
|-end|p2a: Dragapult|Substitute
|
|-heal|p2a: Dragapult|75/100|[from] item: Leftovers
|-heal|p1a: Seismitoad|52/100|[from] item: Leftovers
|upkeep
|turn|5
|
|switch|p1a: Yung Threat|Grimmsnarl, M|100/100
|move|p2a: Dragapult|Dragon Darts|p1a: Yung Threat
|-immune|p1a: Yung Threat
|
|-heal|p2a: Dragapult|81/100|[from] item: Leftovers
|upkeep
|turn|6
|
|move|p2a: Dragapult|Substitute|p2a: Dragapult
|-start|p2a: Dragapult|Substitute
|-damage|p2a: Dragapult|56/100
|move|p1a: Yung Threat|Spirit Break|p2a: Dragapult
|-supereffective|p2a: Dragapult
|-end|p2a: Dragapult|Substitute
|
|-heal|p2a: Dragapult|62/100|[from] item: Leftovers
|upkeep
|turn|7
|
|move|p2a: Dragapult|Phantom Force||[still]
|-prepare|p2a: Dragapult|Phantom Force|p1a: Yung Threat
|move|p1a: Yung Threat|Darkest Lariat|p2a: Dragapult|[miss]
|-miss|p1a: Yung Threat|p2a: Dragapult
|
|-heal|p2a: Dragapult|68/100|[from] item: Leftovers
|upkeep
|turn|8
|
|move|p2a: Dragapult|Phantom Force|p1a: Yung Threat|[from]lockedmove
|-resisted|p1a: Yung Threat
|-damage|p1a: Yung Threat|54/100
|move|p1a: Yung Threat|Darkest Lariat|p2a: Dragapult
|-supereffective|p2a: Dragapult
|-damage|p2a: Dragapult|0 fnt
|faint|p2a: Dragapult
|
|-heal|p1a: Yung Threat|60/100|[from] item: Leftovers
|upkeep
|
|switch|p2a: Excadrill|Excadrill, M|100/100
|-damage|p2a: Excadrill|97/100|[from] Stealth Rock
|-ability|p2a: Excadrill|Mold Breaker
|-item|p2a: Excadrill|Air Balloon
|turn|9
|
|switch|p1a: Corviknight|Corviknight, M|100/100
|-ability|p1a: Corviknight|Pressure
|move|p2a: Excadrill|Earthquake|p1a: Corviknight
|-immune|p1a: Corviknight
|
|upkeep
|turn|10
|
|move|p2a: Excadrill|Rapid Spin|p1a: Corviknight
|-resisted|p1a: Corviknight
|-damage|p1a: Corviknight|94/100
|-sideend|p2: Alex_888Master|Stealth Rock|[from] move: Rapid Spin|[of] p2a: Excadrill
|-boost|p2a: Excadrill|spe|1
|move|p1a: Corviknight|U-turn|p2a: Excadrill
|-resisted|p2a: Excadrill
|-damage|p2a: Excadrill|88/100
|-enditem|p2a: Excadrill|Air Balloon
|
|switch|p1a: Seismitoad|Seismitoad, M|52/100|[from]move: U-turn
|
|-heal|p1a: Seismitoad|58/100|[from] item: Leftovers
|upkeep
|turn|11
|
|move|p2a: Excadrill|Iron Head|p1a: Seismitoad
|-resisted|p1a: Seismitoad
|-damage|p1a: Seismitoad|41/100
|move|p1a: Seismitoad|Earthquake|p2a: Excadrill
|-supereffective|p2a: Excadrill
|-damage|p2a: Excadrill|0 fnt
|faint|p2a: Excadrill
|
|-heal|p1a: Seismitoad|47/100|[from] item: Leftovers
|upkeep
|
|switch|p2a: Obstagoon|Obstagoon, M|100/100
|turn|12
|
|move|p2a: Obstagoon|Knock Off|p1a: Seismitoad
|-damage|p1a: Seismitoad|21/100
|-enditem|p1a: Seismitoad|Leftovers|[from] move: Knock Off|[of] p2a: Obstagoon
|move|p1a: Seismitoad|Toxic|p2a: Obstagoon|[miss]
|-miss|p1a: Seismitoad|p2a: Obstagoon
|
|-status|p2a: Obstagoon|brn|[from] item: Flame Orb
|upkeep
|turn|13
|
|switch|p1a: Corviknight|Corviknight, M|94/100
|-ability|p1a: Corviknight|Pressure
|move|p2a: Obstagoon|Knock Off|p1a: Corviknight
|-crit|p1a: Corviknight
|-damage|p1a: Corviknight|27/100
|-enditem|p1a: Corviknight|Leftovers|[from] move: Knock Off|[of] p2a: Obstagoon
|
|-damage|p2a: Obstagoon|94/100 brn|[from] brn
|upkeep
|turn|14
|
|move|p2a: Obstagoon|Knock Off|p1a: Corviknight
|-crit|p1a: Corviknight
|-damage|p1a: Corviknight|0 fnt
|faint|p1a: Corviknight
|
|-damage|p2a: Obstagoon|88/100 brn|[from] brn
|upkeep
|c|☆Alex_888Master|Oof
|
|switch|p1a: Spirit|Dragapult, F|100/100
|turn|15
|
|move|p1a: Spirit|Draco Meteor|p2a: Obstagoon
|-damage|p2a: Obstagoon|0 fnt
|-unboost|p1a: Spirit|spa|2
|faint|p2a: Obstagoon
|
|upkeep
|
|switch|p2a: Dracovish|Dracovish, shiny|100/100
|turn|16
|
|switch|p1a: Seismitoad|Seismitoad, M|21/100
|switch|p2a: Toxapex|Toxapex, F|100/100
|
|upkeep
|turn|17
|
|move|p1a: Seismitoad|Stealth Rock|p2a: Toxapex
|-sidestart|p2: Alex_888Master|move: Stealth Rock
|move|p2a: Toxapex|Toxic|p1a: Seismitoad
|-status|p1a: Seismitoad|tox
|
|-damage|p1a: Seismitoad|15/100 tox|[from] psn
|upkeep
|turn|18
|
|switch|p1a: Roserade|Roserade, F|100/100
|move|p2a: Toxapex|Recover||[still]
|-fail|p2a: Toxapex|heal
|
|upkeep
|turn|19
|
|switch|p2a: Cinderace|Cinderace, F|100/100
|move|p1a: Roserade|Extrasensory|p2a: Cinderace
|-damage|p2a: Cinderace|62/100
|
|upkeep
|turn|20
|
|switch|p1a: Rotom|Rotom-Heat|100/100
|move|p2a: Cinderace|Court Change|p2a: Cinderace
|-sideend|p2: Alex_888Master|Stealth Rock|[silent]
|-sidestart|p1: Showdown Guzma|Stealth Rock|[silent]
|-activate|p2a: Cinderace|move: Court Change
|
|upkeep
|turn|21
|
|move|p1a: Rotom|Thunderbolt|p2a: Cinderace
|-crit|p2a: Cinderace
|-damage|p2a: Cinderace|0 fnt
|faint|p2a: Cinderace
|
|upkeep
|
|switch|p2a: Dracovish|Dracovish, shiny|100/100
|turn|22
|
|switch|p1a: Seismitoad|Seismitoad, M|15/100 tox
|-damage|p1a: Seismitoad|8/100 tox|[from] Stealth Rock
|move|p2a: Dracovish|Psychic Fangs|p1a: Seismitoad
|-damage|p1a: Seismitoad|0 fnt
|faint|p1a: Seismitoad
|
|upkeep
|c|☆Alex_888Master|Sweep
|
|switch|p1a: Yung Threat|Grimmsnarl, M|60/100
|-damage|p1a: Yung Threat|48/100|[from] Stealth Rock
|turn|23
|
|switch|p2a: Toxapex|Toxapex, F|100/100
|move|p1a: Yung Threat|Thunder Wave|p2a: Toxapex
|-status|p2a: Toxapex|par
|
|-heal|p1a: Yung Threat|54/100|[from] item: Leftovers
|upkeep
|turn|24
|
|move|p1a: Yung Threat|Bulk Up|p1a: Yung Threat
|-boost|p1a: Yung Threat|atk|1
|-boost|p1a: Yung Threat|def|1
|move|p2a: Toxapex|Toxic|p1a: Yung Threat
|-status|p1a: Yung Threat|tox
|
|-heal|p1a: Yung Threat|60/100 tox|[from] item: Leftovers
|-damage|p1a: Yung Threat|54/100 tox|[from] psn
|upkeep
|turn|25
|
|move|p1a: Yung Threat|Darkest Lariat|p2a: Toxapex
|-damage|p2a: Toxapex|63/100 par
|cant|p2a: Toxapex|par
|
|-heal|p1a: Yung Threat|60/100 tox|[from] item: Leftovers
|-heal|p2a: Toxapex|69/100 par|[from] item: Black Sludge
|-damage|p1a: Yung Threat|48/100 tox|[from] psn
|upkeep
|turn|26
|
|switch|p1a: Roserade|Roserade, F|100/100
|-damage|p1a: Roserade|88/100|[from] Stealth Rock
|move|p2a: Toxapex|Haze|p2a: Toxapex
|-clearallboost
|
|-heal|p2a: Toxapex|75/100 par|[from] item: Black Sludge
|upkeep
|turn|27
|
|switch|p2a: Dracovish|Dracovish, shiny|100/100
|move|p1a: Roserade|Extrasensory|p2a: Dracovish
|-damage|p2a: Dracovish|65/100
|
|upkeep
|turn|28
|
|move|p2a: Dracovish|Fishious Rend|p1a: Roserade
|-resisted|p1a: Roserade
|-damage|p1a: Roserade|0 fnt
|faint|p1a: Roserade
|
|upkeep
|
|switch|p1a: Spirit|Dragapult, F|100/100
|-damage|p1a: Spirit|88/100|[from] Stealth Rock
|turn|29
|
|switch|p2a: Toxapex|Toxapex, F|100/100 par
|move|p1a: Spirit|Draco Meteor|p2a: Toxapex
|-crit|p2a: Toxapex
|-damage|p2a: Toxapex|2/100 par
|-unboost|p1a: Spirit|spa|2
|
|-heal|p2a: Toxapex|8/100 par|[from] item: Black Sludge
|upkeep
|turn|30
|
|move|p1a: Spirit|Draco Meteor|p2a: Toxapex
|-damage|p2a: Toxapex|0 fnt
|-unboost|p1a: Spirit|spa|2
|faint|p2a: Toxapex
|
|upkeep
|
|switch|p2a: Dracovish|Dracovish, shiny|65/100
|turn|31
|
|switch|p1a: Yung Threat|Grimmsnarl, M|48/100 tox
|-damage|p1a: Yung Threat|36/100 tox|[from] Stealth Rock
|move|p2a: Dracovish|Fishious Rend|p1a: Yung Threat
|-damage|p1a: Yung Threat|0 fnt
|faint|p1a: Yung Threat
|
|upkeep
|
|switch|p1a: Rotom|Rotom-Heat|100/100
|-damage|p1a: Rotom|76/100|[from] Stealth Rock
|turn|32
|
|move|p1a: Rotom|Thunderbolt|p2a: Dracovish
|-damage|p2a: Dracovish|16/100
|move|p2a: Dracovish|Fishious Rend|p1a: Rotom
|-supereffective|p1a: Rotom
|-damage|p1a: Rotom|0 fnt
|faint|p1a: Rotom
|
|upkeep
|
|switch|p1a: Spirit|Dragapult, F|88/100
|-damage|p1a: Spirit|76/100|[from] Stealth Rock
|turn|33
|c|☆Alex_888Master|Miss
|c|☆Showdown Guzma|sike
|
|move|p1a: Spirit|Shadow Ball|p2a: Dracovish
|-damage|p2a: Dracovish|0 fnt
|faint|p2a: Dracovish
|
|win|Showdown Guzma
|raw|Showdown Guzma's rating: 1386 → 1408(+22 for winning)
|raw|Alex_888Master's rating: 1431 → 1409(-22 for losing)
|c|☆Showdown Guzma|gg
|c|☆Alex_888Master|Ok damn
|c|☆Alex_888Master|bitch
|l|☆Alex_888Master
