|ScrapeTime|2020-01-01-05:25:39
|j|☆SandGetsEverywhere
|j|☆Irrelevent Bastard
|player|p1|SandGetsEverywhere|riley|1231
|player|p2|Irrelevent Bastard|guitarist-gen4|1297
|teamsize|p1|6
|teamsize|p2|6
|gametype|singles
|gen|8
|tier|[Gen 8] OU
|rated|
|rule|Sleep Clause Mod: Limit one foe put to sleep
|rule|Species Clause: Limit one of each Pokémon
|rule|OHKO Clause: OHKO moves are banned
|rule|Evasion Moves Clause: Evasion moves are banned
|rule|Endless Battle Clause: Forcing endless battles is banned
|rule|HP Percentage Mod: HP is shown in percentages
|clearpoke
|poke|p1|Pelipper, F|
|poke|p1|Dracovish|
|poke|p1|Barraskewda, M|
|poke|p1|Excadrill, F|
|poke|p1|Mantine, F|
|poke|p1|Ferrothorn, F|
|poke|p2|Crawdaunt, M|
|poke|p2|Clefable, F|
|poke|p2|Aegislash, F|
|poke|p2|Tyranitar, M|
|poke|p2|Rotom-Wash|
|poke|p2|Excadrill, F|
|rule|Dynamax Clause: You cannot dynamax
|teampreview
|
|start
|switch|p1a: Pelipper|Pelipper, F|100/100
|switch|p2a: Rotom|Rotom-Wash|100/100
|-weather|RainDance|[from] ability: Drizzle|[of] p1a: Pelipper
|turn|1
|
|switch|p1a: Excadrill|Excadrill, F|100/100
|-ability|p1a: Excadrill|Mold Breaker
|move|p2a: Rotom|Hydro Pump|p1a: Excadrill
|-supereffective|p1a: Excadrill
|-enditem|p1a: Excadrill|Focus Sash
|-damage|p1a: Excadrill|1/100
|
|-weather|RainDance|[upkeep]
|upkeep
|turn|2
|
|switch|p2a: Excadrill|Excadrill, F|100/100
|-ability|p2a: Excadrill|Mold Breaker
|-item|p2a: Excadrill|Air Balloon
|move|p1a: Excadrill|Stealth Rock|p2a: Excadrill
|-sidestart|p2: Irrelevent Bastard|move: Stealth Rock
|
|-weather|RainDance|[upkeep]
|upkeep
|turn|3
|
|move|p1a: Excadrill|Rapid Spin|p2a: Excadrill
|-resisted|p2a: Excadrill
|-damage|p2a: Excadrill|88/100
|-enditem|p2a: Excadrill|Air Balloon
|-boost|p1a: Excadrill|spe|1
|move|p2a: Excadrill|Rapid Spin|p1a: Excadrill
|-resisted|p1a: Excadrill
|-damage|p1a: Excadrill|0 fnt
|-sideend|p2: Irrelevent Bastard|Stealth Rock|[from] move: Rapid Spin|[of] p2a: Excadrill
|-boost|p2a: Excadrill|spe|1
|faint|p1a: Excadrill
|
|-weather|RainDance|[upkeep]
|upkeep
|
|switch|p1a: Mantine|Mantine, F|100/100
|turn|4
|
|switch|p2a: Tyranitar|Tyranitar, M|100/100
|-weather|Sandstorm|[from] ability: Sand Stream|[of] p2a: Tyranitar
|move|p1a: Mantine|Hurricane|p2a: Tyranitar
|-resisted|p2a: Tyranitar
|-damage|p2a: Tyranitar|89/100
|-start|p2a: Tyranitar|confusion
|
|-weather|Sandstorm|[upkeep]
|-damage|p1a: Mantine|94/100|[from] Sandstorm
|upkeep
|turn|5
|
|switch|p1a: Pelipper|Pelipper, F|100/100
|-weather|RainDance|[from] ability: Drizzle|[of] p1a: Pelipper
|-activate|p2a: Tyranitar|confusion
|move|p2a: Tyranitar|Thunderbolt|p1a: Pelipper
|-supereffective|p1a: Pelipper
|-damage|p1a: Pelipper|0 fnt
|faint|p1a: Pelipper
|
|-weather|RainDance|[upkeep]
|upkeep
|
|switch|p1a: Mantine|Mantine, F|94/100
|turn|6
|
|switch|p2a: Rotom|Rotom-Wash|100/100
|move|p1a: Mantine|Surf|p2a: Rotom
|-resisted|p2a: Rotom
|-damage|p2a: Rotom|41/100
|
|-weather|RainDance|[upkeep]
|upkeep
|turn|7
|
|switch|p2a: Tyranitar|Tyranitar, M|89/100
|-weather|Sandstorm|[from] ability: Sand Stream|[of] p2a: Tyranitar
|move|p1a: Mantine|Surf|p2a: Tyranitar
|-supereffective|p2a: Tyranitar
|-damage|p2a: Tyranitar|50/100
|
|-weather|Sandstorm|[upkeep]
|-damage|p1a: Mantine|88/100|[from] Sandstorm
|upkeep
|turn|8
|
|move|p1a: Mantine|Surf|p2a: Tyranitar
|-supereffective|p2a: Tyranitar
|-damage|p2a: Tyranitar|8/100
|move|p2a: Tyranitar|Thunderbolt|p1a: Mantine
|-supereffective|p1a: Mantine
|-damage|p1a: Mantine|4/100
|
|-weather|Sandstorm|[upkeep]
|-damage|p1a: Mantine|0 fnt|[from] Sandstorm
|faint|p1a: Mantine
|upkeep
|
|switch|p1a: Barraskewda|Barraskewda, M|100/100
|turn|9
|c|☆Irrelevent Bastard|ttar is broken
|
|move|p1a: Barraskewda|Aqua Jet|p2a: Tyranitar
|-supereffective|p2a: Tyranitar
|-damage|p2a: Tyranitar|0 fnt
|faint|p2a: Tyranitar
|
|-weather|Sandstorm|[upkeep]
|-damage|p1a: Barraskewda|94/100|[from] Sandstorm
|upkeep
|c|☆SandGetsEverywhere|i have annoying family
|c|☆Irrelevent Bastard|rip
|c|☆SandGetsEverywhere|i am not paying attention lol
|
|switch|p2a: Rotom|Rotom-Wash|41/100
|turn|10
|
|switch|p1a: Ferrothorn|Ferrothorn, F|100/100
|move|p2a: Rotom|Volt Switch|p1a: Ferrothorn
|-resisted|p1a: Ferrothorn
|-damage|p1a: Ferrothorn|91/100
|
|switch|p2a: Aegislash|Aegislash, F|100/100|[from]move: Volt Switch
|
|-weather|Sandstorm|[upkeep]
|-heal|p1a: Ferrothorn|97/100|[from] item: Leftovers
|upkeep
|turn|11
|
|-formechange|p2a: Aegislash|Aegislash-Blade||[from] ability: Stance Change
|move|p2a: Aegislash|Close Combat|p1a: Ferrothorn
|-supereffective|p1a: Ferrothorn
|-damage|p1a: Ferrothorn|9/100
|-damage|p2a: Aegislash|88/100|[from] ability: Iron Barbs|[of] p1a: Ferrothorn
|-unboost|p2a: Aegislash|def|1
|-unboost|p2a: Aegislash|spd|1
|-damage|p2a: Aegislash|78/100|[from] item: Life Orb
|move|p1a: Ferrothorn|Knock Off|p2a: Aegislash
|-supereffective|p2a: Aegislash
|-damage|p2a: Aegislash|0 fnt
|-enditem|p2a: Aegislash|Life Orb|[from] move: Knock Off|[of] p1a: Ferrothorn
|faint|p2a: Aegislash
|
|-weather|none
|-heal|p1a: Ferrothorn|15/100|[from] item: Leftovers
|upkeep
|
|switch|p2a: Crawdaunt|Crawdaunt, M|100/100
|turn|12
|
|move|p2a: Crawdaunt|Knock Off|p1a: Ferrothorn
|-damage|p1a: Ferrothorn|0 fnt
|-damage|p2a: Crawdaunt|88/100|[from] ability: Iron Barbs|[of] p1a: Ferrothorn
|-enditem|p1a: Ferrothorn|Leftovers|[from] move: Knock Off|[of] p2a: Crawdaunt
|faint|p1a: Ferrothorn
|
|upkeep
|
|switch|p1a: Dracovish|Dracovish|100/100
|turn|13
|
|move|p1a: Dracovish|Fishious Rend|p2a: Crawdaunt
|-resisted|p2a: Crawdaunt
|-damage|p2a: Crawdaunt|0 fnt
|faint|p2a: Crawdaunt
|
|upkeep
|
|switch|p2a: Rotom|Rotom-Wash|41/100
|turn|14
|
|move|p2a: Rotom|Thunderbolt|p1a: Dracovish
|-damage|p1a: Dracovish|46/100
|move|p1a: Dracovish|Fishious Rend|p2a: Rotom
|-resisted|p2a: Rotom
|-damage|p2a: Rotom|0 fnt
|faint|p2a: Rotom
|
|upkeep
|-message|Irrelevent Bastard forfeited.
|
|win|SandGetsEverywhere
|l|☆Irrelevent Bastard
|raw|SandGetsEverywhere's rating: 1231 → 1261(+30 for winning)
|raw|Irrelevent Bastard's rating: 1297 → 1267(-30 for losing)
