|ScrapeTime|2020-01-02-10:55:35
|j|☆Thibault56
|j|☆ReggieYang5
|player|p1|Thibault56|266|1426
|player|p2|ReggieYang5|ethan|1364
|teamsize|p1|6
|teamsize|p2|6
|gametype|singles
|gen|8
|tier|[Gen 8] OU
|rated|
|rule|Sleep Clause Mod: Limit one foe put to sleep
|rule|Species Clause: Limit one of each Pokémon
|rule|OHKO Clause: OHKO moves are banned
|rule|Evasion Moves Clause: Evasion moves are banned
|rule|Endless Battle Clause: Forcing endless battles is banned
|rule|HP Percentage Mod: HP is shown in percentages
|clearpoke
|poke|p1|Bisharp, F|
|poke|p1|Aegislash, M|
|poke|p1|Conkeldurr, F|
|poke|p1|Corsola-Galar, F|
|poke|p1|Rotom-Wash|
|poke|p1|Sylveon, F|
|poke|p2|Braviary, M|
|poke|p2|Dugtrio, F|
|poke|p2|Corviknight, F|
|poke|p2|Dragapult, M|
|poke|p2|Lucario, F|
|poke|p2|Hatterene, F|
|rule|Dynamax Clause: You cannot dynamax
|teampreview
|inactive|Battle timer is ON: inactive players will automatically lose when time's up. (requested by Thibault56)
|
|start
|switch|p1a: Bisharp|Bisharp, F|100/100
|switch|p2a: Dragapult|Dragapult, M|100/100
|turn|1
|
|switch|p2a: Corviknight|Corviknight, F|100/100
|move|p1a: Bisharp|Throat Chop|p2a: Corviknight
|-damage|p2a: Corviknight|61/100
|-start|p2a: Corviknight|Throat Chop|[silent]
|-damage|p1a: Bisharp|91/100|[from] item: Life Orb
|
|-heal|p2a: Corviknight|67/100|[from] item: Leftovers
|upkeep
|turn|2
|
|switch|p1a: Corsola|Corsola-Galar, F|100/100
|move|p2a: Corviknight|U-turn|p1a: Corsola
|-resisted|p1a: Corsola
|-damage|p1a: Corsola|96/100
|-start|p2a: Corviknight|Disable|U-turn|[from] ability: Cursed Body|[of] p1a: Corsola
|
|switch|p2a: Dragapult|Dragapult, M|100/100|[from]move: U-turn
|
|upkeep
|turn|3
|
|move|p2a: Dragapult|Shadow Ball|p1a: Corsola
|-supereffective|p1a: Corsola
|-damage|p1a: Corsola|46/100
|-start|p2a: Dragapult|Disable|Shadow Ball|[from] ability: Cursed Body|[of] p1a: Corsola
|move|p1a: Corsola|Night Shade|p2a: Dragapult
|-damage|p2a: Dragapult|69/100
|
|upkeep
|turn|4
|
|switch|p2a: Corviknight|Corviknight, F|67/100
|move|p1a: Corsola|Strength Sap|p2a: Corviknight
|-ability|p2a: Corviknight|Mirror Armor
|-unboost|p1a: Corsola|atk|1
|-heal|p1a: Corsola|100/100
|
|-heal|p2a: Corviknight|74/100|[from] item: Leftovers
|upkeep
|turn|5
|
|switch|p1a: Rotom|Rotom-Wash|100/100
|move|p2a: Corviknight|U-turn|p1a: Rotom
|-damage|p1a: Rotom|90/100
|
|switch|p2a: Hatterene|Hatterene, F|100/100|[from]move: U-turn
|
|upkeep
|turn|6
|
|move|p1a: Rotom|Volt Switch|p2a: Hatterene
|-damage|p2a: Hatterene|74/100
|
|switch|p1a: Bisharp|Bisharp, F|91/100|[from]move: Volt Switch
|move|p2a: Hatterene|Dazzling Gleam|p1a: Bisharp
|-crit|p1a: Bisharp
|-damage|p1a: Bisharp|0 fnt
|faint|p1a: Bisharp
|
|-heal|p2a: Hatterene|80/100|[from] item: Leftovers
|upkeep
|
|switch|p1a: Sylveon|Sylveon, F|100/100
|turn|7
|
|switch|p2a: Corviknight|Corviknight, F|74/100
|move|p1a: Sylveon|Calm Mind|p1a: Sylveon
|-boost|p1a: Sylveon|spa|1
|-boost|p1a: Sylveon|spd|1
|
|-heal|p2a: Corviknight|80/100|[from] item: Leftovers
|upkeep
|turn|8
|
|move|p2a: Corviknight|Brave Bird|p1a: Sylveon
|-damage|p1a: Sylveon|71/100
|-damage|p2a: Corviknight|70/100|[from] Recoil
|move|p1a: Sylveon|Mystical Fire|p2a: Corviknight
|-supereffective|p2a: Corviknight
|-damage|p2a: Corviknight|27/100
|-ability|p2a: Corviknight|Mirror Armor
|-unboost|p1a: Sylveon|spa|1
|
|-heal|p2a: Corviknight|33/100|[from] item: Leftovers
|-heal|p1a: Sylveon|77/100|[from] item: Leftovers
|upkeep
|turn|9
|
|move|p2a: Corviknight|Roost|p2a: Corviknight
|-heal|p2a: Corviknight|83/100
|-singleturn|p2a: Corviknight|move: Roost
|move|p1a: Sylveon|Mystical Fire|p2a: Corviknight
|-supereffective|p2a: Corviknight
|-crit|p2a: Corviknight
|-damage|p2a: Corviknight|36/100
|-ability|p2a: Corviknight|Mirror Armor
|-unboost|p1a: Sylveon|spa|1
|
|-heal|p2a: Corviknight|42/100|[from] item: Leftovers
|-heal|p1a: Sylveon|83/100|[from] item: Leftovers
|upkeep
|turn|10
|
|move|p2a: Corviknight|Roost|p2a: Corviknight
|-heal|p2a: Corviknight|92/100
|-singleturn|p2a: Corviknight|move: Roost
|move|p1a: Sylveon|Calm Mind|p1a: Sylveon
|-boost|p1a: Sylveon|spa|1
|-boost|p1a: Sylveon|spd|1
|
|-heal|p2a: Corviknight|98/100|[from] item: Leftovers
|-heal|p1a: Sylveon|89/100|[from] item: Leftovers
|upkeep
|turn|11
|
|move|p2a: Corviknight|Brave Bird|p1a: Sylveon
|-damage|p1a: Sylveon|61/100
|-damage|p2a: Corviknight|89/100|[from] Recoil
|move|p1a: Sylveon|Calm Mind|p1a: Sylveon
|-boost|p1a: Sylveon|spa|1
|-boost|p1a: Sylveon|spd|1
|
|-heal|p2a: Corviknight|96/100|[from] item: Leftovers
|-heal|p1a: Sylveon|67/100|[from] item: Leftovers
|upkeep
|turn|12
|
|move|p2a: Corviknight|Brave Bird|p1a: Sylveon
|-damage|p1a: Sylveon|37/100
|-damage|p2a: Corviknight|86/100|[from] Recoil
|move|p1a: Sylveon|Calm Mind|p1a: Sylveon
|-boost|p1a: Sylveon|spa|1
|-boost|p1a: Sylveon|spd|1
|
|-heal|p2a: Corviknight|92/100|[from] item: Leftovers
|-heal|p1a: Sylveon|43/100|[from] item: Leftovers
|upkeep
|turn|13
|
|move|p2a: Corviknight|Brave Bird|p1a: Sylveon
|-damage|p1a: Sylveon|13/100
|-damage|p2a: Corviknight|82/100|[from] Recoil
|move|p1a: Sylveon|Mystical Fire|p2a: Corviknight
|-supereffective|p2a: Corviknight
|-damage|p2a: Corviknight|26/100
|-ability|p2a: Corviknight|Mirror Armor
|-unboost|p1a: Sylveon|spa|1
|
|-heal|p2a: Corviknight|32/100|[from] item: Leftovers
|-heal|p1a: Sylveon|19/100|[from] item: Leftovers
|upkeep
|turn|14
|
|switch|p1a: Rotom|Rotom-Wash|90/100
|move|p2a: Corviknight|Roost|p2a: Corviknight
|-heal|p2a: Corviknight|82/100
|-singleturn|p2a: Corviknight|move: Roost
|
|-heal|p2a: Corviknight|89/100|[from] item: Leftovers
|upkeep
|turn|15
|
|move|p1a: Rotom|Volt Switch|p2a: Corviknight
|-supereffective|p2a: Corviknight
|-damage|p2a: Corviknight|48/100
|
|switch|p1a: Corsola|Corsola-Galar, F|100/100|[from]move: Volt Switch
|move|p2a: Corviknight|U-turn|p1a: Corsola
|-resisted|p1a: Corsola
|-damage|p1a: Corsola|96/100
|-start|p2a: Corviknight|Disable|U-turn|[from] ability: Cursed Body|[of] p1a: Corsola
|
|switch|p2a: Dragapult|Dragapult, M|69/100|[from]move: U-turn
|
|upkeep
|turn|16
|
|move|p2a: Dragapult|Shadow Ball|p1a: Corsola
|-supereffective|p1a: Corsola
|-damage|p1a: Corsola|46/100
|-start|p2a: Dragapult|Disable|Shadow Ball|[from] ability: Cursed Body|[of] p1a: Corsola
|move|p1a: Corsola|Night Shade|p2a: Dragapult
|-damage|p2a: Dragapult|37/100
|
|upkeep
|turn|17
|
|switch|p2a: Corviknight|Corviknight, F|48/100
|move|p1a: Corsola|Strength Sap|p2a: Corviknight
|-ability|p2a: Corviknight|Mirror Armor
|-unboost|p1a: Corsola|atk|1
|-heal|p1a: Corsola|100/100
|
|-heal|p2a: Corviknight|54/100|[from] item: Leftovers
|upkeep
|turn|18
|
|move|p2a: Corviknight|Roost|p2a: Corviknight
|-heal|p2a: Corviknight|100/100
|-singleturn|p2a: Corviknight|move: Roost
|move|p1a: Corsola|Stealth Rock|p2a: Corviknight
|-sidestart|p2: ReggieYang5|move: Stealth Rock
|
|upkeep
|turn|19
|
|move|p2a: Corviknight|Defog|p1a: Corsola
|-unboost|p1a: Corsola|evasion|1
|-sideend|p2: ReggieYang5|Stealth Rock|[from] move: Defog|[of] p2a: Corviknight
|move|p1a: Corsola|Night Shade|p2a: Corviknight
|-damage|p2a: Corviknight|75/100
|
|-heal|p2a: Corviknight|82/100|[from] item: Leftovers
|upkeep
|turn|20
|
|move|p2a: Corviknight|U-turn|p1a: Corsola
|-resisted|p1a: Corsola
|-damage|p1a: Corsola|96/100
|
|switch|p2a: Hatterene|Hatterene, F|80/100|[from]move: U-turn
|move|p1a: Corsola|Night Shade|p2a: Hatterene
|-damage|p2a: Hatterene|48/100
|
|-heal|p2a: Hatterene|54/100|[from] item: Leftovers
|upkeep
|turn|21
|
|move|p1a: Corsola|Night Shade|p2a: Hatterene
|-damage|p2a: Hatterene|23/100
|move|p2a: Hatterene|Psychic|p1a: Corsola
|-damage|p1a: Corsola|62/100
|
|-heal|p2a: Hatterene|29/100|[from] item: Leftovers
|upkeep
|turn|22
|
|switch|p2a: Braviary|Braviary, M|100/100
|move|p1a: Corsola|Night Shade|p2a: Braviary
|-immune|p2a: Braviary
|
|upkeep
|turn|23
|
|move|p2a: Braviary|U-turn|p1a: Corsola
|-resisted|p1a: Corsola
|-damage|p1a: Corsola|50/100
|
|switch|p2a: Hatterene|Hatterene, F|29/100|[from]move: U-turn
|move|p1a: Corsola|Will-O-Wisp|p2a: Hatterene
|move|p2a: Hatterene|Will-O-Wisp|p1a: Corsola|[from]Magic Bounce
|-status|p1a: Corsola|brn
|
|-heal|p2a: Hatterene|35/100|[from] item: Leftovers
|-damage|p1a: Corsola|44/100 brn|[from] brn
|upkeep
|turn|24
|
|move|p1a: Corsola|Strength Sap|p2a: Hatterene
|move|p2a: Hatterene|Strength Sap|p1a: Corsola|[from]Magic Bounce
|-unboost|p1a: Corsola|atk|1
|-heal|p2a: Hatterene|56/100
|move|p2a: Hatterene|Psychic|p1a: Corsola
|-damage|p1a: Corsola|10/100 brn
|
|-heal|p2a: Hatterene|62/100|[from] item: Leftovers
|-damage|p1a: Corsola|4/100 brn|[from] brn
|upkeep
|turn|25
|
|switch|p2a: Braviary|Braviary, M|100/100
|move|p1a: Corsola|Night Shade|p2a: Braviary
|-immune|p2a: Braviary
|
|-damage|p1a: Corsola|0 fnt|[from] brn
|faint|p1a: Corsola
|upkeep
|
|switch|p1a: Rotom|Rotom-Wash|90/100
|turn|26
|
|switch|p2a: Dugtrio|Dugtrio, F|100/100
|move|p1a: Rotom|Volt Switch|p2a: Dugtrio
|-immune|p2a: Dugtrio
|
|upkeep
|turn|27
|
|move|p2a: Dugtrio|Earthquake|p1a: Rotom
|-immune|p1a: Rotom|[from] ability: Levitate
|move|p1a: Rotom|Will-O-Wisp|p2a: Dugtrio
|-status|p2a: Dugtrio|brn
|
|-damage|p2a: Dugtrio|94/100 brn|[from] brn
|upkeep
|turn|28
|
|move|p2a: Dugtrio|Sucker Punch|p1a: Rotom
|-damage|p1a: Rotom|83/100
|move|p1a: Rotom|Hydro Pump|p2a: Dugtrio
|-supereffective|p2a: Dugtrio
|-damage|p2a: Dugtrio|0 fnt
|faint|p2a: Dugtrio
|
|upkeep
|
|switch|p2a: Hatterene|Hatterene, F|62/100
|turn|29
|
|switch|p1a: Sylveon|Sylveon, F|19/100
|move|p2a: Hatterene|Psychic|p1a: Sylveon
|-damage|p1a: Sylveon|0 fnt
|faint|p1a: Sylveon
|
|-heal|p2a: Hatterene|68/100|[from] item: Leftovers
|upkeep
|
|switch|p1a: Aegislash|Aegislash, M|100/100
|turn|30
|
|switch|p2a: Corviknight|Corviknight, F|82/100
|-formechange|p1a: Aegislash|Aegislash-Blade||[from] ability: Stance Change
|move|p1a: Aegislash|Shadow Claw|p2a: Corviknight
|-damage|p2a: Corviknight|52/100
|
|-heal|p2a: Corviknight|58/100|[from] item: Leftovers
|upkeep
|turn|31
|
|switch|p1a: Rotom|Rotom-Wash|83/100
|move|p2a: Corviknight|U-turn|p1a: Rotom
|-damage|p1a: Rotom|72/100
|
|switch|p2a: Dragapult|Dragapult, M|37/100|[from]move: U-turn
|
|upkeep
|turn|32
|
|switch|p1a: Conkeldurr|Conkeldurr, F|100/100
|move|p2a: Dragapult|Shadow Ball|p1a: Conkeldurr
|-damage|p1a: Conkeldurr|58/100
|
|-heal|p1a: Conkeldurr|64/100|[from] item: Leftovers
|upkeep
|turn|33
|
|switch|p2a: Corviknight|Corviknight, F|58/100
|move|p1a: Conkeldurr|Drain Punch|p2a: Corviknight
|-damage|p2a: Corviknight|17/100
|-heal|p1a: Conkeldurr|84/100|[from] drain|[of] p2a: Corviknight
|
|-heal|p2a: Corviknight|23/100|[from] item: Leftovers
|-heal|p1a: Conkeldurr|90/100|[from] item: Leftovers
|upkeep
|turn|34
|
|move|p2a: Corviknight|Brave Bird|p1a: Conkeldurr
|-supereffective|p1a: Conkeldurr
|-damage|p1a: Conkeldurr|22/100
|-damage|p2a: Corviknight|0 fnt|[from] Recoil
|faint|p2a: Corviknight
|move|p1a: Conkeldurr|Bulk Up|p1a: Conkeldurr
|-boost|p1a: Conkeldurr|atk|1
|-boost|p1a: Conkeldurr|def|1
|
|-heal|p1a: Conkeldurr|28/100|[from] item: Leftovers
|upkeep
|
|switch|p2a: Dragapult|Dragapult, M|37/100
|turn|35
|
|move|p1a: Conkeldurr|Mach Punch|p2a: Dragapult
|-immune|p2a: Dragapult
|move|p2a: Dragapult|Shadow Ball|p1a: Conkeldurr
|-damage|p1a: Conkeldurr|0 fnt
|faint|p1a: Conkeldurr
|
|upkeep
|
|switch|p1a: Aegislash|Aegislash, M|100/100
|turn|36
|
|switch|p2a: Lucario|Lucario, F|100/100
|-formechange|p1a: Aegislash|Aegislash-Blade||[from] ability: Stance Change
|move|p1a: Aegislash|Shadow Sneak|p2a: Lucario
|-damage|p2a: Lucario|63/100
|
|upkeep
|turn|37
|
|-formechange|p1a: Aegislash|Aegislash||[from] ability: Stance Change
|move|p1a: Aegislash|King's Shield|p1a: Aegislash
|-singleturn|p1a: Aegislash|Protect
|move|p2a: Lucario|Earthquake|p1a: Aegislash
|-activate|p1a: Aegislash|move: Protect
|
|upkeep
|turn|38
|
|move|p2a: Lucario|Earthquake|p1a: Aegislash
|-supereffective|p1a: Aegislash
|-damage|p1a: Aegislash|35/100
|-enditem|p1a: Aegislash|Weakness Policy
|-boost|p1a: Aegislash|atk|2
|-boost|p1a: Aegislash|spa|2
|-damage|p2a: Lucario|53/100|[from] item: Life Orb
|-formechange|p1a: Aegislash|Aegislash-Blade||[from] ability: Stance Change
|move|p1a: Aegislash|Shadow Claw|p2a: Lucario
|-damage|p2a: Lucario|0 fnt
|faint|p2a: Lucario
|
|upkeep
|
|switch|p2a: Braviary|Braviary, M|100/100
|turn|39
|
|-formechange|p1a: Aegislash|Aegislash||[from] ability: Stance Change
|move|p1a: Aegislash|King's Shield|p1a: Aegislash
|-singleturn|p1a: Aegislash|Protect
|move|p2a: Braviary|Shadow Claw|p1a: Aegislash
|-activate|p1a: Aegislash|move: Protect
|-unboost|p2a: Braviary|atk|1
|-ability|p2a: Braviary|Defiant
|-boost|p2a: Braviary|atk|2
|
|upkeep
|turn|40
|
|switch|p1a: Rotom|Rotom-Wash|72/100
|move|p2a: Braviary|Shadow Claw|p1a: Rotom
|-crit|p1a: Rotom
|-damage|p1a: Rotom|4/100
|
|upkeep
|turn|41
|-message|Thibault56 forfeited.
|
|win|ReggieYang5
|raw|Thibault56's rating: 1426 → 1402(-24 for losing)
|raw|ReggieYang5's rating: 1364 → 1387(+23 for winning)
|l|☆Thibault56
