|ScrapeTime|2020-01-01-06:05:36
|j|☆TR is the meta
|j|☆En_blanco
|player|p1|TR is the meta|265|1084
|player|p2|En_blanco|veteran|1023
|teamsize|p1|6
|teamsize|p2|6
|gametype|singles
|gen|8
|tier|[Gen 8] OU
|rated|
|rule|Sleep Clause Mod: Limit one foe put to sleep
|rule|Species Clause: Limit one of each Pokémon
|rule|OHKO Clause: OHKO moves are banned
|rule|Evasion Moves Clause: Evasion moves are banned
|rule|Endless Battle Clause: Forcing endless battles is banned
|rule|HP Percentage Mod: HP is shown in percentages
|clearpoke
|poke|p1|Hatterene, F|
|poke|p1|Chandelure, M|
|poke|p1|Jellicent, M|
|poke|p1|Conkeldurr, F|
|poke|p1|Copperajah, F|
|poke|p1|Vikavolt, M|
|poke|p2|Aegislash, F|
|poke|p2|Ribombee, M|
|poke|p2|Hydreigon, M|
|poke|p2|Dracovish|
|poke|p2|Centiskorch, F|
|poke|p2|Cloyster, M|
|rule|Dynamax Clause: You cannot dynamax
|teampreview
|inactive|Battle timer is ON: inactive players will automatically lose when time's up. (requested by En_blanco)
|
|start
|switch|p1a: Chandelure|Chandelure, M|100/100
|switch|p2a: Hydreigon|Hydreigon, M|100/100
|turn|1
|
|move|p2a: Hydreigon|Dragon Dance|p2a: Hydreigon
|-boost|p2a: Hydreigon|atk|1
|-boost|p2a: Hydreigon|spe|1
|move|p1a: Chandelure|Trick Room|p1a: Chandelure
|-fieldstart|move: Trick Room|[of] p1a: Chandelure
|
|upkeep
|turn|2
|
|move|p1a: Chandelure|Overheat|p2a: Hydreigon|[miss]
|-miss|p1a: Chandelure|p2a: Hydreigon
|move|p2a: Hydreigon|Dragon Dance|p2a: Hydreigon
|-boost|p2a: Hydreigon|atk|1
|-boost|p2a: Hydreigon|spe|1
|
|upkeep
|turn|3
|
|move|p1a: Chandelure|Overheat|p2a: Hydreigon
|-resisted|p2a: Hydreigon
|-damage|p2a: Hydreigon|56/100
|-unboost|p1a: Chandelure|spa|2
|move|p2a: Hydreigon|Head Smash|p1a: Chandelure
|-supereffective|p1a: Chandelure
|-enditem|p1a: Chandelure|Focus Sash
|-damage|p1a: Chandelure|1/100
|-damage|p2a: Hydreigon|7/100|[from] Recoil
|-enditem|p2a: Hydreigon|Iapapa Berry|[eat]
|-heal|p2a: Hydreigon|39/100|[from] item: Iapapa Berry
|
|upkeep
|turn|4
|
|move|p1a: Chandelure|Overheat|p2a: Hydreigon
|-resisted|p2a: Hydreigon
|-damage|p2a: Hydreigon|16/100
|-unboost|p1a: Chandelure|spa|2
|move|p2a: Hydreigon|Head Smash|p1a: Chandelure
|-supereffective|p1a: Chandelure
|-damage|p1a: Chandelure|0 fnt
|-damage|p2a: Hydreigon|16/100|[from] Recoil
|faint|p1a: Chandelure
|
|upkeep
|
|switch|p1a: Conkeldurr|Conkeldurr, F|100/100
|turn|5
|
|move|p1a: Conkeldurr|Mach Punch|p2a: Hydreigon
|-supereffective|p2a: Hydreigon
|-damage|p2a: Hydreigon|0 fnt
|faint|p2a: Hydreigon
|
|-fieldend|move: Trick Room
|-status|p1a: Conkeldurr|brn|[from] item: Flame Orb
|upkeep
|
|switch|p2a: Aegislash|Aegislash, F|100/100
|turn|6
|
|move|p2a: Aegislash|Swords Dance|p2a: Aegislash
|-boost|p2a: Aegislash|atk|2
|move|p1a: Conkeldurr|Earthquake|p2a: Aegislash
|-supereffective|p2a: Aegislash
|-damage|p2a: Aegislash|12/100
|
|-heal|p2a: Aegislash|18/100|[from] item: Leftovers
|-damage|p1a: Conkeldurr|94/100 brn|[from] brn
|upkeep
|turn|7
|
|switch|p1a: Jellicent|Jellicent, M|100/100
|move|p2a: Aegislash|King's Shield||[still]
|-fail|p2a: Aegislash
|
|-heal|p2a: Aegislash|25/100|[from] item: Leftovers
|upkeep
|turn|8
|
|move|p2a: Aegislash|Swords Dance|p2a: Aegislash
|-boost|p2a: Aegislash|atk|2
|move|p1a: Jellicent|Trick Room|p1a: Jellicent
|-fieldstart|move: Trick Room|[of] p1a: Jellicent
|
|-heal|p2a: Aegislash|31/100|[from] item: Leftovers
|upkeep
|turn|9
|
|-formechange|p2a: Aegislash|Aegislash-Blade||[from] ability: Stance Change
|move|p2a: Aegislash|Shadow Claw|p1a: Jellicent
|-supereffective|p1a: Jellicent
|-damage|p1a: Jellicent|0 fnt
|faint|p1a: Jellicent
|
|-heal|p2a: Aegislash|37/100|[from] item: Leftovers
|upkeep
|
|switch|p1a: Copperajah|Copperajah, F|100/100
|turn|10
|
|move|p1a: Copperajah|Stealth Rock|p2a: Aegislash
|-sidestart|p2: En_blanco|move: Stealth Rock
|move|p2a: Aegislash|Brick Break|p1a: Copperajah
|-supereffective|p1a: Copperajah
|-damage|p1a: Copperajah|0 fnt
|faint|p1a: Copperajah
|
|-heal|p2a: Aegislash|43/100|[from] item: Leftovers
|upkeep
|
|switch|p1a: Vikavolt|Vikavolt, M|100/100
|turn|11
|
|move|p1a: Vikavolt|Volt Switch|p2a: Aegislash
|-damage|p2a: Aegislash|0 fnt
|faint|p2a: Aegislash
|
|switch|p1a: Conkeldurr|Conkeldurr, F|94/100 brn|[from]move: Volt Switch
|
|-damage|p1a: Conkeldurr|88/100 brn|[from] brn
|upkeep
|
|switch|p2a: Ribombee|Ribombee, M|100/100
|-damage|p2a: Ribombee|75/100|[from] Stealth Rock
|turn|12
|
|move|p2a: Ribombee|Protect|p2a: Ribombee
|-singleturn|p2a: Ribombee|Protect
|move|p1a: Conkeldurr|Facade|p2a: Ribombee
|-activate|p2a: Ribombee|move: Protect
|
|-damage|p1a: Conkeldurr|82/100 brn|[from] brn
|-fieldend|move: Trick Room
|upkeep
|turn|13
|
|switch|p1a: Hatterene|Hatterene, F|100/100
|move|p2a: Ribombee|U-turn|p1a: Hatterene
|-damage|p1a: Hatterene|84/100
|
|switch|p2a: Cloyster|Cloyster, M|100/100|[from]move: U-turn
|-damage|p2a: Cloyster|76/100|[from] Stealth Rock
|
|upkeep
|turn|14
|
|move|p2a: Cloyster|Shell Smash|p2a: Cloyster
|-unboost|p2a: Cloyster|def|1
|-unboost|p2a: Cloyster|spd|1
|-boost|p2a: Cloyster|atk|2
|-boost|p2a: Cloyster|spa|2
|-boost|p2a: Cloyster|spe|2
|move|p1a: Hatterene|Trick Room|p1a: Hatterene
|-fieldstart|move: Trick Room|[of] p1a: Hatterene
|
|upkeep
|turn|15
|
|move|p1a: Hatterene|Psychic|p2a: Cloyster
|-damage|p2a: Cloyster|0 fnt
|-damage|p1a: Hatterene|75/100|[from] item: Life Orb
|faint|p2a: Cloyster
|
|upkeep
|
|switch|p2a: Centiskorch|Centiskorch, F|100/100
|turn|16
|
|move|p1a: Hatterene|Psychic|p2a: Centiskorch
|-damage|p2a: Centiskorch|18/100
|-damage|p1a: Hatterene|65/100|[from] item: Life Orb
|move|p2a: Centiskorch|Substitute|p2a: Centiskorch
|-fail|p2a: Centiskorch|move: Substitute|[weak]
|
|upkeep
|turn|17
|
|move|p1a: Hatterene|Psychic|p2a: Centiskorch
|-damage|p2a: Centiskorch|0 fnt
|-damage|p1a: Hatterene|55/100|[from] item: Life Orb
|faint|p2a: Centiskorch
|
|upkeep
|
|switch|p2a: Ribombee|Ribombee, M|75/100
|-damage|p2a: Ribombee|50/100|[from] Stealth Rock
|turn|18
|
|move|p1a: Hatterene|Mystical Fire|p2a: Ribombee
|-supereffective|p2a: Ribombee
|-damage|p2a: Ribombee|0 fnt
|-damage|p1a: Hatterene|45/100|[from] item: Life Orb
|faint|p2a: Ribombee
|
|-fieldend|move: Trick Room
|upkeep
|
|switch|p2a: Dracovish|Dracovish|100/100
|-damage|p2a: Dracovish|88/100|[from] Stealth Rock
|turn|19
|
|move|p2a: Dracovish|Fishious Rend|p1a: Hatterene
|-damage|p1a: Hatterene|0 fnt
|faint|p1a: Hatterene
|
|upkeep
|
|switch|p1a: Vikavolt|Vikavolt, M|100/100
|turn|20
|
|move|p2a: Dracovish|Fishious Rend|p1a: Vikavolt
|-damage|p1a: Vikavolt|0 fnt
|faint|p1a: Vikavolt
|
|upkeep
|
|switch|p1a: Conkeldurr|Conkeldurr, F|82/100 brn
|turn|21
|
|move|p1a: Conkeldurr|Mach Punch|p2a: Dracovish
|-damage|p2a: Dracovish|50/100
|move|p2a: Dracovish|Fishious Rend|p1a: Conkeldurr
|-damage|p1a: Conkeldurr|21/100 brn
|
|-damage|p1a: Conkeldurr|15/100 brn|[from] brn
|upkeep
|turn|22
|
|move|p2a: Dracovish|Fishious Rend|p1a: Conkeldurr
|-damage|p1a: Conkeldurr|0 fnt
|faint|p1a: Conkeldurr
|
|win|En_blanco
|raw|TR is the meta's rating: 1084 → 1057(-27 for losing)
|raw|En_blanco's rating: 1023 → 1066(+43 for winning)
|l|☆TR is the meta
