|ScrapeTime|2020-01-01-08:12:24
|j|☆E4.Wataru
|j|☆Ichipanomi
|player|p1|E4.Wataru|lance|1617
|player|p2|Ichipanomi|33|1516
|teamsize|p1|6
|teamsize|p2|6
|gametype|singles
|gen|8
|tier|[Gen 8] OU
|rated|
|rule|Sleep Clause Mod: Limit one foe put to sleep
|rule|Species Clause: Limit one of each Pokémon
|rule|OHKO Clause: OHKO moves are banned
|rule|Evasion Moves Clause: Evasion moves are banned
|rule|Endless Battle Clause: Forcing endless battles is banned
|rule|HP Percentage Mod: HP is shown in percentages
|clearpoke
|poke|p1|Dracovish|
|poke|p1|Dracozolt|
|poke|p1|Dragapult, M|
|poke|p1|Hydreigon, F|
|poke|p1|Kommo-o, M|
|poke|p1|Duraludon, F|
|poke|p2|Aegislash, F|
|poke|p2|Gastrodon, F|
|poke|p2|Clefable, F|
|poke|p2|Corviknight, M|
|poke|p2|Obstagoon, M|
|poke|p2|Kommo-o, F|
|rule|Dynamax Clause: You cannot dynamax
|teampreview
|
|start
|switch|p1a: Duraludon|Duraludon, F|100/100
|switch|p2a: Clefable|Clefable, F|100/100
|turn|1
|j| dranregel
|
|switch|p2a: Aegislash|Aegislash, F|100/100
|move|p1a: Duraludon|Stealth Rock|p2a: Aegislash
|-sidestart|p2: Ichipanomi|move: Stealth Rock
|
|upkeep
|turn|2
|
|move|p1a: Duraludon|Thunder|p2a: Aegislash
|-damage|p2a: Aegislash|68/100
|-status|p2a: Aegislash|par
|-formechange|p2a: Aegislash|Aegislash-Blade||[from] ability: Stance Change
|move|p2a: Aegislash|Shadow Ball|p1a: Duraludon
|-enditem|p1a: Duraludon|Focus Sash
|-damage|p1a: Duraludon|1/100
|
|upkeep
|turn|3
|c|☆Ichipanomi|Mais pqqq
|c|☆Ichipanomi|Paraaa
|
|switch|p2a: Gastrodon|Gastrodon, F|100/100
|-damage|p2a: Gastrodon|94/100|[from] Stealth Rock
|move|p1a: Duraludon|Thunder|p2a: Gastrodon
|-immune|p2a: Gastrodon
|
|-heal|p2a: Gastrodon|100/100|[from] item: Leftovers
|upkeep
|turn|4
|
|move|p1a: Duraludon|Draco Meteor|p2a: Gastrodon
|-damage|p2a: Gastrodon|50/100
|-unboost|p1a: Duraludon|spa|2
|move|p2a: Gastrodon|Scald|p1a: Duraludon
|-resisted|p1a: Duraludon
|-damage|p1a: Duraludon|0 fnt
|faint|p1a: Duraludon
|
|-heal|p2a: Gastrodon|56/100|[from] item: Leftovers
|upkeep
|
|switch|p1a: Hydreigon|Hydreigon, F|100/100
|turn|5
|
|switch|p2a: Kommo-o|Kommo-o, F|100/100
|-damage|p2a: Kommo-o|94/100|[from] Stealth Rock
|move|p1a: Hydreigon|Substitute|p1a: Hydreigon
|-start|p1a: Hydreigon|Substitute
|-damage|p1a: Hydreigon|76/100
|
|-heal|p1a: Hydreigon|82/100|[from] item: Leftovers
|upkeep
|turn|6
|
|move|p1a: Hydreigon|Nasty Plot|p1a: Hydreigon
|-boost|p1a: Hydreigon|spa|2
|move|p2a: Kommo-o|Clangorous Soul|p2a: Kommo-o
|-boost|p2a: Kommo-o|atk|1
|-boost|p2a: Kommo-o|def|1
|-boost|p2a: Kommo-o|spa|1
|-boost|p2a: Kommo-o|spd|1
|-boost|p2a: Kommo-o|spe|1
|-damage|p2a: Kommo-o|61/100
|-enditem|p2a: Kommo-o|Throat Spray
|-boost|p2a: Kommo-o|spa|1
|
|-heal|p1a: Hydreigon|88/100|[from] item: Leftovers
|upkeep
|turn|7
|
|move|p2a: Kommo-o|Clanging Scales|p1a: Hydreigon
|-supereffective|p1a: Hydreigon
|-damage|p1a: Hydreigon|0 fnt
|-unboost|p2a: Kommo-o|def|1
|faint|p1a: Hydreigon
|
|upkeep
|c|☆Ichipanomi|Gg
|
|switch|p1a: Dragapult|Dragapult, M|100/100
|turn|8
|c|☆Ichipanomi|Not scarfff
|
|move|p1a: Dragapult|Draco Meteor|p2a: Kommo-o
|-supereffective|p2a: Kommo-o
|-damage|p2a: Kommo-o|0 fnt
|-unboost|p1a: Dragapult|spa|2
|faint|p2a: Kommo-o
|
|upkeep
|c|☆Ichipanomi|Jpp
|
|switch|p2a: Clefable|Clefable, F|100/100
|turn|9
|c| dranregel|mono dragon
|c|☆Ichipanomi|Y a que dranregel qui le joue scarf
|c|☆Ichipanomi|Oui
|c| dranregel|oui la puissance
|c|☆Ichipanomi|S il etait pas scarf
|
|move|p1a: Dragapult|Draco Meteor|p2a: Clefable
|-immune|p2a: Clefable
|move|p2a: Clefable|Moonblast|p1a: Dragapult
|-supereffective|p1a: Dragapult
|-damage|p1a: Dragapult|12/100
|-unboost|p1a: Dragapult|spa|1
|
|upkeep
|turn|10
|c|☆Ichipanomi|C rtait sweep
|
|move|p1a: Dragapult|Draco Meteor|p2a: Clefable
|-immune|p2a: Clefable
|move|p2a: Clefable|Stealth Rock|p1a: Dragapult
|-sidestart|p1: E4.Wataru|move: Stealth Rock
|
|upkeep
|turn|11
|
|move|p1a: Dragapult|Draco Meteor|p2a: Clefable
|-immune|p2a: Clefable
|move|p2a: Clefable|Wish|p2a: Clefable
|
|upkeep
|turn|12
|
|switch|p2a: Gastrodon|Gastrodon, F|56/100
|-damage|p2a: Gastrodon|50/100|[from] Stealth Rock
|move|p1a: Dragapult|Draco Meteor|p2a: Gastrodon
|-damage|p2a: Gastrodon|34/100
|-unboost|p1a: Dragapult|spa|2
|
|-heal|p2a: Gastrodon|80/100|[from] move: Wish|[wisher] Clefable
|-heal|p2a: Gastrodon|86/100|[from] item: Leftovers
|upkeep
|turn|13
|
|switch|p2a: Clefable|Clefable, F|100/100
|move|p1a: Dragapult|Draco Meteor|p2a: Clefable
|-immune|p2a: Clefable
|
|upkeep
|turn|14
|
|move|p1a: Dragapult|Draco Meteor|p2a: Clefable
|-immune|p2a: Clefable
|move|p2a: Clefable|Wish|p2a: Clefable
|
|upkeep
|turn|15
|
|switch|p2a: Aegislash|Aegislash, F|68/100 par
|-damage|p2a: Aegislash|62/100 par|[from] Stealth Rock
|move|p1a: Dragapult|Draco Meteor|p2a: Aegislash
|-resisted|p2a: Aegislash
|-damage|p2a: Aegislash|55/100 par
|-unboost|p1a: Dragapult|spa|1
|
|-heal|p2a: Aegislash|100/100 par|[from] move: Wish|[wisher] Clefable
|upkeep
|turn|16
|
|switch|p2a: Clefable|Clefable, F|100/100
|-activate|p1a: Dragapult|move: Struggle
|move|p1a: Dragapult|Struggle|p2a: Clefable
|-crit|p2a: Clefable
|-damage|p2a: Clefable|81/100
|-damage|p1a: Dragapult|0 fnt|[from] recoil
|faint|p1a: Dragapult
|
|-heal|p2a: Clefable|88/100|[from] item: Leftovers
|upkeep
|
|switch|p1a: Dracozolt|Dracozolt|100/100
|-damage|p1a: Dracozolt|88/100|[from] Stealth Rock
|turn|17
|
|switch|p2a: Gastrodon|Gastrodon, F|86/100
|-damage|p2a: Gastrodon|80/100|[from] Stealth Rock
|move|p1a: Dracozolt|Substitute|p1a: Dracozolt
|-start|p1a: Dracozolt|Substitute
|-damage|p1a: Dracozolt|63/100
|
|-heal|p1a: Dracozolt|69/100|[from] item: Leftovers
|-heal|p2a: Gastrodon|86/100|[from] item: Leftovers
|upkeep
|turn|18
|
|move|p1a: Dracozolt|Dragon Claw|p2a: Gastrodon
|-damage|p2a: Gastrodon|33/100
|move|p2a: Gastrodon|Recover|p2a: Gastrodon
|-heal|p2a: Gastrodon|83/100
|
|-heal|p1a: Dracozolt|76/100|[from] item: Leftovers
|-heal|p2a: Gastrodon|89/100|[from] item: Leftovers
|upkeep
|turn|19
|
|move|p1a: Dracozolt|Dragon Claw|p2a: Gastrodon
|-damage|p2a: Gastrodon|35/100
|move|p2a: Gastrodon|Recover|p2a: Gastrodon
|-heal|p2a: Gastrodon|85/100
|
|-heal|p1a: Dracozolt|82/100|[from] item: Leftovers
|-heal|p2a: Gastrodon|91/100|[from] item: Leftovers
|upkeep
|turn|20
|
|move|p1a: Dracozolt|Dragon Claw|p2a: Gastrodon
|-damage|p2a: Gastrodon|38/100
|move|p2a: Gastrodon|Earthquake|p1a: Dracozolt
|-supereffective|p1a: Dracozolt
|-end|p1a: Dracozolt|Substitute
|
|-heal|p1a: Dracozolt|88/100|[from] item: Leftovers
|-heal|p2a: Gastrodon|44/100|[from] item: Leftovers
|upkeep
|turn|21
|
|switch|p2a: Corviknight|Corviknight, M|100/100
|-damage|p2a: Corviknight|88/100|[from] Stealth Rock
|move|p1a: Dracozolt|Substitute|p1a: Dracozolt
|-start|p1a: Dracozolt|Substitute
|-damage|p1a: Dracozolt|63/100
|
|-heal|p1a: Dracozolt|69/100|[from] item: Leftovers
|-heal|p2a: Corviknight|94/100|[from] item: Leftovers
|upkeep
|turn|22
|
|switch|p2a: Gastrodon|Gastrodon, F|44/100
|-damage|p2a: Gastrodon|38/100|[from] Stealth Rock
|move|p1a: Dracozolt|Bolt Beak|p2a: Gastrodon
|-immune|p2a: Gastrodon
|
|-heal|p1a: Dracozolt|76/100|[from] item: Leftovers
|-heal|p2a: Gastrodon|44/100|[from] item: Leftovers
|upkeep
|turn|23
|
|switch|p2a: Corviknight|Corviknight, M|94/100
|-damage|p2a: Corviknight|82/100|[from] Stealth Rock
|move|p1a: Dracozolt|Dragon Claw|p2a: Corviknight
|-resisted|p2a: Corviknight
|-damage|p2a: Corviknight|61/100
|
|-heal|p1a: Dracozolt|82/100|[from] item: Leftovers
|-heal|p2a: Corviknight|67/100|[from] item: Leftovers
|upkeep
|turn|24
|
|move|p1a: Dracozolt|Bolt Beak|p2a: Corviknight
|-supereffective|p2a: Corviknight
|-damage|p2a: Corviknight|0 fnt
|faint|p2a: Corviknight
|
|-heal|p1a: Dracozolt|88/100|[from] item: Leftovers
|upkeep
|
|switch|p2a: Aegislash|Aegislash, F|100/100 par
|-damage|p2a: Aegislash|94/100 par|[from] Stealth Rock
|turn|25
|
|-formechange|p2a: Aegislash|Aegislash-Blade||[from] ability: Stance Change
|move|p2a: Aegislash|Shadow Sneak|p1a: Dracozolt
|-crit|p1a: Dracozolt
|-end|p1a: Dracozolt|Substitute
|move|p1a: Dracozolt|Fire Fang|p2a: Aegislash
|-supereffective|p2a: Aegislash
|-damage|p2a: Aegislash|0 fnt
|faint|p2a: Aegislash
|
|-heal|p1a: Dracozolt|94/100|[from] item: Leftovers
|upkeep
|
|switch|p2a: Obstagoon|Obstagoon, M|100/100
|-damage|p2a: Obstagoon|88/100|[from] Stealth Rock
|turn|26
|
|move|p2a: Obstagoon|Obstruct|p2a: Obstagoon
|-singleturn|p2a: Obstagoon|Protect
|move|p1a: Dracozolt|Substitute|p1a: Dracozolt
|-start|p1a: Dracozolt|Substitute
|-damage|p1a: Dracozolt|69/100
|
|-heal|p1a: Dracozolt|76/100|[from] item: Leftovers
|-status|p2a: Obstagoon|brn|[from] item: Flame Orb
|upkeep
|turn|27
|
|move|p2a: Obstagoon|Knock Off|p1a: Dracozolt
|-end|p1a: Dracozolt|Substitute
|move|p1a: Dracozolt|Bolt Beak|p2a: Obstagoon
|-damage|p2a: Obstagoon|24/100 brn
|
|-heal|p1a: Dracozolt|82/100|[from] item: Leftovers
|-damage|p2a: Obstagoon|18/100 brn|[from] brn
|upkeep
|turn|28
|
|move|p2a: Obstagoon|Facade|p1a: Dracozolt
|-damage|p1a: Dracozolt|0 fnt
|faint|p1a: Dracozolt
|
|-damage|p2a: Obstagoon|12/100 brn|[from] brn
|upkeep
|inactive|Battle timer is ON: inactive players will automatically lose when time's up. (requested by Ichipanomi)
|
|switch|p1a: Kommo-o|Kommo-o, M, shiny|100/100
|-damage|p1a: Kommo-o|94/100|[from] Stealth Rock
|turn|29
|
|move|p2a: Obstagoon|Facade|p1a: Kommo-o
|-damage|p1a: Kommo-o|7/100
|-enditem|p1a: Kommo-o|Iapapa Berry|[eat]
|-heal|p1a: Kommo-o|40/100|[from] item: Iapapa Berry
|move|p1a: Kommo-o|Clangorous Soul|p1a: Kommo-o
|-boost|p1a: Kommo-o|atk|1
|-boost|p1a: Kommo-o|def|1
|-boost|p1a: Kommo-o|spa|1
|-boost|p1a: Kommo-o|spd|1
|-boost|p1a: Kommo-o|spe|1
|-damage|p1a: Kommo-o|7/100
|
|-damage|p2a: Obstagoon|6/100 brn|[from] brn
|upkeep
|turn|30
|
|move|p1a: Kommo-o|Flamethrower|p2a: Obstagoon
|-damage|p2a: Obstagoon|0 fnt
|faint|p2a: Obstagoon
|
|upkeep
|c| dranregel|qui attack
|
|switch|p2a: Clefable|Clefable, F|88/100
|turn|31
|
|move|p1a: Kommo-o|Flash Cannon|p2a: Clefable
|-supereffective|p2a: Clefable
|-damage|p2a: Clefable|41/100
|-unboost|p2a: Clefable|spd|1
|move|p2a: Clefable|Moonblast|p1a: Kommo-o
|-supereffective|p1a: Kommo-o
|-damage|p1a: Kommo-o|0 fnt
|faint|p1a: Kommo-o
|
|-heal|p2a: Clefable|47/100|[from] item: Leftovers
|upkeep
|
|switch|p1a: Dracovish|Dracovish|100/100
|-damage|p1a: Dracovish|88/100|[from] Stealth Rock
|turn|32
|
|move|p2a: Clefable|Protect|p2a: Clefable
|-singleturn|p2a: Clefable|Protect
|move|p1a: Dracovish|Psychic Fangs|p2a: Clefable
|-activate|p2a: Clefable|move: Protect
|
|-heal|p2a: Clefable|53/100|[from] item: Leftovers
|upkeep
|turn|33
|
|switch|p2a: Gastrodon|Gastrodon, F|44/100
|-damage|p2a: Gastrodon|38/100|[from] Stealth Rock
|move|p1a: Dracovish|Psychic Fangs|p2a: Gastrodon
|-damage|p2a: Gastrodon|0 fnt
|faint|p2a: Gastrodon
|
|upkeep
|
|switch|p2a: Clefable|Clefable, F|53/100
|turn|34
|
|move|p2a: Clefable|Protect|p2a: Clefable
|-singleturn|p2a: Clefable|Protect
|move|p1a: Dracovish|Psychic Fangs|p2a: Clefable
|-activate|p2a: Clefable|move: Protect
|
|-heal|p2a: Clefable|59/100|[from] item: Leftovers
|upkeep
|turn|35
|
|move|p1a: Dracovish|Psychic Fangs|p2a: Clefable
|-damage|p2a: Clefable|0 fnt
|faint|p2a: Clefable
|
|win|E4.Wataru
|raw|E4.Wataru's rating: 1595 → 1611(+16 for winning)
|raw|Ichipanomi's rating: 1516 → 1500(-16 for losing)
|c|☆E4.Wataru|gg
|c| dranregel|gg
|c|☆E4.Wataru|don't talk too much\
|c|☆E4.Wataru|Ichipanomi: Gg
|l|☆Ichipanomi
|c|☆E4.Wataru|my ass
|l| dranregel
