|ScrapeTime|2020-01-01-10:44:58
|j|☆The Last Kid
|j|☆nborges
|player|p1|The Last Kid|tate|1384
|player|p2|nborges|preschooler|1334
|teamsize|p1|6
|teamsize|p2|6
|gametype|singles
|gen|8
|tier|[Gen 8] OU
|rated|
|rule|Sleep Clause Mod: Limit one foe put to sleep
|rule|Species Clause: Limit one of each Pokémon
|rule|OHKO Clause: OHKO moves are banned
|rule|Evasion Moves Clause: Evasion moves are banned
|rule|Endless Battle Clause: Forcing endless battles is banned
|rule|HP Percentage Mod: HP is shown in percentages
|clearpoke
|poke|p1|Hydreigon, F|
|poke|p1|Togekiss, M|
|poke|p1|Rotom-Mow|
|poke|p1|Tyranitar, M|
|poke|p1|Excadrill, M|
|poke|p1|Cinderace, M|
|poke|p2|Sylveon, F|
|poke|p2|Rotom-Heat|
|poke|p2|Dragapult, M|
|poke|p2|Barraskewda, F|
|poke|p2|Seismitoad, M|
|poke|p2|Eiscue, M|
|rule|Dynamax Clause: You cannot dynamax
|teampreview
|inactive|Battle timer is ON: inactive players will automatically lose when time's up. (requested by nborges)
|
|start
|switch|p1a: Rotom|Rotom-Mow|100/100
|switch|p2a: Rotom|Rotom-Heat, shiny|100/100
|turn|1
|
|move|p1a: Rotom|Volt Switch|p2a: Rotom
|-resisted|p2a: Rotom
|-damage|p2a: Rotom|89/100
|
|switch|p1a: Hydreigon|Hydreigon, F|100/100|[from]move: Volt Switch
|move|p2a: Rotom|Overheat|p1a: Hydreigon
|-resisted|p1a: Hydreigon
|-damage|p1a: Hydreigon|74/100
|-unboost|p2a: Rotom|spa|2
|
|-heal|p1a: Hydreigon|80/100|[from] item: Leftovers
|upkeep
|turn|2
|
|move|p1a: Hydreigon|U-turn|p2a: Rotom
|-resisted|p2a: Rotom
|-damage|p2a: Rotom|82/100
|
|switch|p1a: Excadrill|Excadrill, M|100/100|[from]move: U-turn
|move|p2a: Rotom|Volt Switch|p1a: Excadrill
|-immune|p1a: Excadrill
|
|upkeep
|turn|3
|
|switch|p1a: Tyranitar|Tyranitar, M|100/100
|-weather|Sandstorm|[from] ability: Sand Stream|[of] p1a: Tyranitar
|move|p2a: Rotom|Will-O-Wisp|p1a: Tyranitar
|-status|p1a: Tyranitar|brn
|
|-weather|Sandstorm|[upkeep]
|-damage|p2a: Rotom|75/100|[from] Sandstorm
|-damage|p1a: Tyranitar|94/100 brn|[from] brn
|upkeep
|turn|4
|
|switch|p2a: Seismitoad|Seismitoad, M|100/100
|move|p1a: Tyranitar|Stealth Rock|p2a: Seismitoad
|-sidestart|p2: nborges|move: Stealth Rock
|
|-weather|Sandstorm|[upkeep]
|-heal|p1a: Tyranitar|100/100 brn|[from] item: Leftovers
|-damage|p1a: Tyranitar|94/100 brn|[from] brn
|upkeep
|turn|5
|
|switch|p1a: Rotom|Rotom-Mow|100/100
|move|p2a: Seismitoad|Earthquake|p1a: Rotom
|-immune|p1a: Rotom|[from] ability: Levitate
|
|-weather|Sandstorm|[upkeep]
|-damage|p1a: Rotom|95/100|[from] Sandstorm
|upkeep
|turn|6
|
|switch|p2a: Rotom|Rotom-Heat, shiny|75/100
|move|p1a: Rotom|Leaf Storm|p2a: Rotom
|-resisted|p2a: Rotom
|-damage|p2a: Rotom|50/100
|-unboost|p1a: Rotom|spa|2
|
|-weather|Sandstorm|[upkeep]
|-damage|p1a: Rotom|89/100|[from] Sandstorm
|-damage|p2a: Rotom|44/100|[from] Sandstorm
|upkeep
|turn|7
|
|move|p1a: Rotom|Volt Switch|p2a: Rotom
|-resisted|p2a: Rotom
|-damage|p2a: Rotom|37/100
|
|switch|p1a: Tyranitar|Tyranitar, M|94/100 brn|[from]move: Volt Switch
|move|p2a: Rotom|Volt Switch|p1a: Tyranitar
|-damage|p1a: Tyranitar|82/100 brn
|
|switch|p2a: Seismitoad|Seismitoad, M|100/100|[from]move: Volt Switch
|-damage|p2a: Seismitoad|94/100|[from] Stealth Rock
|
|-weather|none
|-heal|p2a: Seismitoad|100/100|[from] item: Leftovers
|-heal|p1a: Tyranitar|88/100 brn|[from] item: Leftovers
|-damage|p1a: Tyranitar|82/100 brn|[from] brn
|upkeep
|turn|8
|
|switch|p1a: Rotom|Rotom-Mow|89/100
|move|p2a: Seismitoad|Toxic|p1a: Rotom
|-status|p1a: Rotom|tox
|
|-damage|p1a: Rotom|83/100 tox|[from] psn
|upkeep
|turn|9
|
|switch|p2a: Sylveon|Sylveon, F|100/100
|-damage|p2a: Sylveon|88/100|[from] Stealth Rock
|move|p1a: Rotom|Volt Switch|p2a: Sylveon
|-damage|p2a: Sylveon|68/100
|
|switch|p1a: Excadrill|Excadrill, M|100/100|[from]move: Volt Switch
|
|-heal|p2a: Sylveon|74/100|[from] item: Leftovers
|upkeep
|turn|10
|
|move|p2a: Sylveon|Protect|p2a: Sylveon
|-singleturn|p2a: Sylveon|Protect
|move|p1a: Excadrill|Swords Dance|p1a: Excadrill
|-boost|p1a: Excadrill|atk|2
|
|-heal|p2a: Sylveon|80/100|[from] item: Leftovers
|upkeep
|turn|11
|
|switch|p2a: Rotom|Rotom-Heat, shiny|37/100
|move|p1a: Excadrill|Iron Head|p2a: Rotom
|-resisted|p2a: Rotom
|-damage|p2a: Rotom|10/100
|-damage|p1a: Excadrill|91/100|[from] item: Life Orb
|
|upkeep
|turn|12
|
|move|p1a: Excadrill|Iron Head|p2a: Rotom
|-resisted|p2a: Rotom
|-damage|p2a: Rotom|0 fnt
|-damage|p1a: Excadrill|81/100|[from] item: Life Orb
|faint|p2a: Rotom
|
|upkeep
|
|switch|p2a: Seismitoad|Seismitoad, M|100/100
|-damage|p2a: Seismitoad|94/100|[from] Stealth Rock
|turn|13
|
|switch|p1a: Rotom|Rotom-Mow|83/100 tox
|move|p2a: Seismitoad|Earthquake|p1a: Rotom
|-immune|p1a: Rotom|[from] ability: Levitate
|
|-heal|p2a: Seismitoad|100/100|[from] item: Leftovers
|-damage|p1a: Rotom|77/100 tox|[from] psn
|upkeep
|turn|14
|
|switch|p2a: Sylveon|Sylveon, F|80/100
|-damage|p2a: Sylveon|67/100|[from] Stealth Rock
|move|p1a: Rotom|Volt Switch|p2a: Sylveon
|-damage|p2a: Sylveon|47/100
|
|switch|p1a: Excadrill|Excadrill, M|81/100|[from]move: Volt Switch
|
|-heal|p2a: Sylveon|53/100|[from] item: Leftovers
|upkeep
|turn|15
|
|move|p1a: Excadrill|Earthquake|p2a: Sylveon
|-damage|p2a: Sylveon|0 fnt
|-damage|p1a: Excadrill|71/100|[from] item: Life Orb
|faint|p2a: Sylveon
|
|upkeep
|
|switch|p2a: Eiscue|Eiscue, M|100/100
|-damage|p2a: Eiscue|75/100|[from] Stealth Rock
|turn|16
|inactive|The Last Kid has 120 seconds left.
|
|move|p1a: Excadrill|Earthquake|p2a: Eiscue
|-activate|p2a: Eiscue|ability: Ice Face
|-damage|p2a: Eiscue|75/100
|detailschange|p2a: Eiscue|Eiscue-Noice, M
|-damage|p1a: Excadrill|61/100|[from] item: Life Orb
|move|p2a: Eiscue|Belly Drum|p2a: Eiscue
|-damage|p2a: Eiscue|25/100
|-setboost|p2a: Eiscue|atk|6|[from] move: Belly Drum
|-enditem|p2a: Eiscue|Salac Berry|[eat]
|-boost|p2a: Eiscue|spe|1
|
|upkeep
|turn|17
|inactive|The Last Kid has 90 seconds left.
|
|switch|p1a: Tyranitar|Tyranitar, M|82/100 brn
|-weather|Sandstorm|[from] ability: Sand Stream|[of] p1a: Tyranitar
|move|p2a: Eiscue|Icicle Crash|p1a: Tyranitar
|-damage|p1a: Tyranitar|0 fnt
|faint|p1a: Tyranitar
|
|-weather|Sandstorm|[upkeep]
|-damage|p2a: Eiscue|19/100|[from] Sandstorm
|upkeep
|inactive|The Last Kid has 90 seconds left.
|
|switch|p1a: Excadrill|Excadrill, M|61/100
|turn|18
|
|move|p2a: Eiscue|Icicle Crash|p1a: Excadrill
|-crit|p1a: Excadrill
|-damage|p1a: Excadrill|0 fnt
|faint|p1a: Excadrill
|
|-weather|Sandstorm|[upkeep]
|-damage|p2a: Eiscue|13/100|[from] Sandstorm
|upkeep
|inactive|The Last Kid has 90 seconds left.
|
|switch|p1a: Rotom|Rotom-Mow|77/100 tox
|turn|19
|
|switch|p1a: Cinderace|Cinderace, M|100/100
|move|p2a: Eiscue|Icicle Crash|p1a: Cinderace
|-resisted|p1a: Cinderace
|-damage|p1a: Cinderace|6/100
|
|-weather|Sandstorm|[upkeep]
|-damage|p2a: Eiscue|7/100|[from] Sandstorm
|-damage|p1a: Cinderace|0 fnt|[from] Sandstorm
|faint|p1a: Cinderace
|upkeep
|-message|The Last Kid forfeited.
|
|win|nborges
|l|☆The Last Kid
|raw|The Last Kid's rating: 1384 → 1361(-23 for losing)
|raw|nborges's rating: 1334 → 1357(+23 for winning)
