|ScrapeTime|2020-01-01-17:45:29
|j|☆mikehawkthehardest
|j|☆lodbrok92
|player|p1|mikehawkthehardest|234|1121
|player|p2|lodbrok92|274|1098
|teamsize|p1|6
|teamsize|p2|6
|gametype|singles
|gen|8
|tier|[Gen 8] OU
|rated|
|rule|Sleep Clause Mod: Limit one foe put to sleep
|rule|Species Clause: Limit one of each Pokémon
|rule|OHKO Clause: OHKO moves are banned
|rule|Evasion Moves Clause: Evasion moves are banned
|rule|Endless Battle Clause: Forcing endless battles is banned
|rule|HP Percentage Mod: HP is shown in percentages
|clearpoke
|poke|p1|Barraskewda, F|
|poke|p1|Dragapult, F|
|poke|p1|Tyranitar, M|
|poke|p1|Excadrill, M|
|poke|p1|Cinderace, M|
|poke|p1|Mew|
|poke|p2|Cinderace, M|
|poke|p2|Shiftry, M|
|poke|p2|Golisopod, M|
|poke|p2|Corviknight, M|
|poke|p2|Dragapult, M|
|poke|p2|Obstagoon, M|
|rule|Dynamax Clause: You cannot dynamax
|teampreview
|inactive|Battle timer is ON: inactive players will automatically lose when time's up. (requested by mikehawkthehardest)
|inactive|lodbrok92 has 120 seconds left.
|
|start
|switch|p1a: Cinderace|Cinderace, M|100/100
|switch|p2a: Shiftry|Shiftry, M|100/100
|turn|1
|
|move|p2a: Shiftry|Sucker Punch|p1a: Cinderace
|-crit|p1a: Cinderace
|-damage|p1a: Cinderace|0 fnt
|faint|p1a: Cinderace
|
|upkeep
|
|switch|p1a: Tyranitar|Tyranitar, M|100/100
|-weather|Sandstorm|[from] ability: Sand Stream|[of] p1a: Tyranitar
|turn|2
|inactive|lodbrok92 has 120 seconds left.
|
|switch|p2a: Corviknight|Corviknight, M|100/100
|move|p1a: Tyranitar|Flamethrower|p2a: Corviknight
|-supereffective|p2a: Corviknight
|-damage|p2a: Corviknight|64/100
|
|-weather|Sandstorm|[upkeep]
|upkeep
|turn|3
|inactive|mikehawkthehardest has 120 seconds left.
|
|move|p2a: Corviknight|Reflect|p2a: Corviknight
|-sidestart|p2: lodbrok92|Reflect
|move|p1a: Tyranitar|Thunder Wave|p2a: Corviknight
|-status|p2a: Corviknight|par
|
|-weather|Sandstorm|[upkeep]
|upkeep
|turn|4
|
|move|p1a: Tyranitar|Flamethrower|p2a: Corviknight
|-supereffective|p2a: Corviknight
|-damage|p2a: Corviknight|26/100 par
|move|p2a: Corviknight|Light Screen|p2a: Corviknight
|-sidestart|p2: lodbrok92|move: Light Screen
|
|-weather|Sandstorm|[upkeep]
|upkeep
|turn|5
|inactive|lodbrok92 has 120 seconds left.
|
|move|p1a: Tyranitar|Flamethrower|p2a: Corviknight
|-supereffective|p2a: Corviknight
|-damage|p2a: Corviknight|8/100 par
|cant|p2a: Corviknight|par
|
|-weather|Sandstorm|[upkeep]
|upkeep
|turn|6
|
|move|p1a: Tyranitar|Flamethrower|p2a: Corviknight
|-supereffective|p2a: Corviknight
|-damage|p2a: Corviknight|0 fnt
|faint|p2a: Corviknight
|
|-weather|none
|upkeep
|
|switch|p2a: Shiftry|Shiftry, M|100/100
|turn|7
|
|move|p2a: Shiftry|Low Kick|p1a: Tyranitar
|-supereffective|p1a: Tyranitar
|-damage|p1a: Tyranitar|0 fnt
|faint|p1a: Tyranitar
|
|upkeep
|
|switch|p1a: Mew|Mew|100/100
|turn|8
|
|switch|p2a: Cinderace|Cinderace, M|100/100
|move|p1a: Mew|Volt Switch|p2a: Cinderace
|-damage|p2a: Cinderace|86/100
|
|switch|p1a: Barraskewda|Barraskewda, F|100/100|[from]move: Volt Switch
|
|upkeep
|turn|9
|
|move|p1a: Barraskewda|Liquidation|p2a: Cinderace
|-supereffective|p2a: Cinderace
|-damage|p2a: Cinderace|0 fnt
|faint|p2a: Cinderace
|
|upkeep
|
|switch|p2a: Shiftry|Shiftry, M|100/100
|turn|10
|
|switch|p1a: Mew|Mew|100/100
|move|p2a: Shiftry|Leaf Blade|p1a: Mew
|-damage|p1a: Mew|32/100
|
|-heal|p1a: Mew|39/100|[from] item: Leftovers
|-sideend|p2: lodbrok92|Reflect
|upkeep
|turn|11
|
|move|p1a: Mew|Spikes|p2a: Shiftry
|-sidestart|p2: lodbrok92|Spikes
|move|p2a: Shiftry|Leaf Blade|p1a: Mew
|-damage|p1a: Mew|0 fnt
|faint|p1a: Mew
|
|-sideend|p2: lodbrok92|move: Light Screen
|upkeep
|
|switch|p1a: Dragapult|Dragapult, F|100/100
|turn|12
|
|switch|p2a: Obstagoon|Obstagoon, M|100/100
|-damage|p2a: Obstagoon|88/100|[from] Spikes
|move|p1a: Dragapult|U-turn|p2a: Obstagoon
|-supereffective|p2a: Obstagoon
|-damage|p2a: Obstagoon|51/100
|
|switch|p1a: Barraskewda|Barraskewda, F|100/100|[from]move: U-turn
|
|upkeep
|turn|13
|
|move|p2a: Obstagoon|Knock Off|p1a: Barraskewda
|-damage|p1a: Barraskewda|21/100
|-enditem|p1a: Barraskewda|Choice Band|[from] move: Knock Off|[of] p2a: Obstagoon
|move|p1a: Barraskewda|Liquidation|p2a: Obstagoon
|-damage|p2a: Obstagoon|4/100
|
|upkeep
|turn|14
|
|move|p1a: Barraskewda|Aqua Jet|p2a: Obstagoon
|-damage|p2a: Obstagoon|0 fnt
|faint|p2a: Obstagoon
|
|upkeep
|
|switch|p2a: Golisopod|Golisopod, M|100/100
|-damage|p2a: Golisopod|88/100|[from] Spikes
|turn|15
|
|move|p2a: Golisopod|First Impression|p1a: Barraskewda
|-damage|p1a: Barraskewda|0 fnt
|faint|p1a: Barraskewda
|
|upkeep
|
|switch|p1a: Dragapult|Dragapult, F|100/100
|turn|16
|
|move|p2a: Golisopod|Sucker Punch|p1a: Dragapult
|-supereffective|p1a: Dragapult
|-damage|p1a: Dragapult|31/100
|move|p1a: Dragapult|Draco Meteor|p2a: Golisopod
|-damage|p2a: Golisopod|32/100
|-unboost|p1a: Dragapult|spa|2
|-activate|p2a: Golisopod|ability: Emergency Exit
|
|switch|p2a: Shiftry|Shiftry, M|100/100
|-damage|p2a: Shiftry|88/100|[from] Spikes
|
|upkeep
|turn|17
|
|move|p1a: Dragapult|Draco Meteor|p2a: Shiftry
|-damage|p2a: Shiftry|20/100
|-unboost|p1a: Dragapult|spa|2
|move|p2a: Shiftry|Leaf Blade|p1a: Dragapult
|-resisted|p1a: Dragapult
|-damage|p1a: Dragapult|0 fnt
|faint|p1a: Dragapult
|
|upkeep
|
|switch|p1a: Excadrill|Excadrill, M|100/100
|turn|18
|
|switch|p2a: Dragapult|Dragapult, M|100/100
|-damage|p2a: Dragapult|88/100|[from] Spikes
|move|p1a: Excadrill|Rapid Spin|p2a: Dragapult
|-immune|p2a: Dragapult
|
|upkeep
|turn|19
|
|move|p2a: Dragapult|Dragon Darts|p1a: Excadrill
|-resisted|p1a: Excadrill
|-damage|p1a: Excadrill|79/100
|-resisted|p1a: Excadrill
|-damage|p1a: Excadrill|59/100
|-hitcount|p1a: Excadrill|2
|move|p1a: Excadrill|Earthquake|p2a: Dragapult
|-damage|p2a: Dragapult|5/100
|
|-heal|p1a: Excadrill|65/100|[from] item: Leftovers
|upkeep
|turn|20
|
|move|p2a: Dragapult|Dragon Darts|p1a: Excadrill
|-resisted|p1a: Excadrill
|-damage|p1a: Excadrill|46/100
|-resisted|p1a: Excadrill
|-damage|p1a: Excadrill|27/100
|-hitcount|p1a: Excadrill|2
|move|p1a: Excadrill|Iron Head|p2a: Dragapult
|-damage|p2a: Dragapult|0 fnt
|faint|p2a: Dragapult
|
|-heal|p1a: Excadrill|33/100|[from] item: Leftovers
|upkeep
|
|switch|p2a: Golisopod|Golisopod, M|32/100
|-damage|p2a: Golisopod|19/100|[from] Spikes
|turn|21
|
|move|p2a: Golisopod|Aqua Jet|p1a: Excadrill
|-supereffective|p1a: Excadrill
|-damage|p1a: Excadrill|0 fnt
|faint|p1a: Excadrill
|
|win|lodbrok92
|l|☆mikehawkthehardest
|raw|mikehawkthehardest's rating: 1145 → 1117(-28 for losing)
|raw|lodbrok92's rating: 1098 → 1127(+29 for winning)
