|ScrapeTime|2020-01-02-15:04:27
|j|☆HariyamaLafar
|j|☆Sulferz
|player|p1|HariyamaLafar|steven|1133
|player|p2|Sulferz|266|1127
|teamsize|p1|6
|teamsize|p2|6
|gametype|singles
|gen|8
|tier|[Gen 8] OU
|rated|
|rule|Sleep Clause Mod: Limit one foe put to sleep
|rule|Species Clause: Limit one of each Pokémon
|rule|OHKO Clause: OHKO moves are banned
|rule|Evasion Moves Clause: Evasion moves are banned
|rule|Endless Battle Clause: Forcing endless battles is banned
|rule|HP Percentage Mod: HP is shown in percentages
|clearpoke
|poke|p1|Bisharp, F|
|poke|p1|Cinderace, F|
|poke|p1|Toxtricity-Low-Key, M|
|poke|p1|Scrafty, M|
|poke|p1|Corsola-Galar, M|
|poke|p1|Aegislash, M|
|poke|p2|Gastrodon, M|
|poke|p2|Excadrill, F|
|poke|p2|Salazzle, F|
|poke|p2|Eldegoss, F|
|poke|p2|Gardevoir, M|
|poke|p2|Cinderace, M|
|rule|Dynamax Clause: You cannot dynamax
|teampreview
|
|start
|switch|p1a: Cinderace|Cinderace, F|100/100
|switch|p2a: Salazzle|Salazzle, F|100/100
|turn|1
|
|move|p1a: Cinderace|U-turn|p2a: Salazzle
|-resisted|p2a: Salazzle
|-damage|p2a: Salazzle|89/100
|
|switch|p1a: Toxtricity|Toxtricity-Low-Key, M|100/100|[from]move: U-turn
|move|p2a: Salazzle|Nasty Plot|p2a: Salazzle
|-boost|p2a: Salazzle|spa|2
|
|upkeep
|turn|2
|
|move|p1a: Toxtricity|Boomburst|p2a: Salazzle
|-damage|p2a: Salazzle|0 fnt
|faint|p2a: Salazzle
|
|upkeep
|
|switch|p2a: Excadrill|Excadrill, F|100/100
|-ability|p2a: Excadrill|Mold Breaker
|turn|3
|
|switch|p1a: Scrafty|Scrafty, M|100/100
|-ability|p1a: Scrafty|Intimidate|boost
|-unboost|p2a: Excadrill|atk|1
|move|p2a: Excadrill|Earthquake|p1a: Scrafty
|-damage|p1a: Scrafty|60/100
|
|upkeep
|turn|4
|
|move|p2a: Excadrill|Brick Break|p1a: Scrafty
|-supereffective|p1a: Scrafty
|-damage|p1a: Scrafty|24/100
|-enditem|p1a: Scrafty|Aguav Berry|[eat]
|-heal|p1a: Scrafty|57/100|[from] item: Aguav Berry
|move|p1a: Scrafty|Bulk Up|p1a: Scrafty
|-boost|p1a: Scrafty|atk|1
|-boost|p1a: Scrafty|def|1
|
|upkeep
|turn|5
|
|switch|p2a: Gardevoir|Gardevoir, M|100/100
|-ability|p2a: Gardevoir|Intimidate|[from] ability: Trace|[of] p1a: Scrafty
|-ability|p2a: Gardevoir|Intimidate|boost
|-unboost|p1a: Scrafty|atk|1
|move|p1a: Scrafty|Drain Punch|p2a: Gardevoir
|-resisted|p2a: Gardevoir
|-damage|p2a: Gardevoir|87/100
|-heal|p1a: Scrafty|63/100|[from] drain|[of] p2a: Gardevoir
|
|upkeep
|turn|6
|
|switch|p1a: Bisharp|Bisharp, F|100/100
|move|p2a: Gardevoir|Moonblast|p1a: Bisharp
|-damage|p1a: Bisharp|16/100
|
|upkeep
|turn|7
|
|move|p1a: Bisharp|Iron Head|p2a: Gardevoir
|-supereffective|p2a: Gardevoir
|-damage|p2a: Gardevoir|0 fnt
|faint|p2a: Gardevoir
|
|upkeep
|
|switch|p2a: Cinderace|Cinderace, M|100/100
|turn|8
|
|move|p1a: Bisharp|Sucker Punch|p2a: Cinderace
|-crit|p2a: Cinderace
|-damage|p2a: Cinderace|26/100
|move|p2a: Cinderace|Pyro Ball|p1a: Bisharp
|-supereffective|p1a: Bisharp
|-crit|p1a: Bisharp
|-damage|p1a: Bisharp|0 fnt
|faint|p1a: Bisharp
|
|upkeep
|
|switch|p1a: Scrafty|Scrafty, M|63/100
|-ability|p1a: Scrafty|Intimidate|boost
|-unboost|p2a: Cinderace|atk|1
|turn|9
|
|switch|p2a: Excadrill|Excadrill, F|100/100
|-ability|p2a: Excadrill|Mold Breaker
|move|p1a: Scrafty|Drain Punch|p2a: Excadrill
|-supereffective|p2a: Excadrill
|-damage|p2a: Excadrill|1/100
|-heal|p1a: Scrafty|100/100|[from] drain|[of] p2a: Excadrill
|
|upkeep
|turn|10
|
|move|p2a: Excadrill|Brick Break|p1a: Scrafty
|-supereffective|p1a: Scrafty
|-damage|p1a: Scrafty|40/100
|move|p1a: Scrafty|Drain Punch|p2a: Excadrill
|-supereffective|p2a: Excadrill
|-crit|p2a: Excadrill
|-damage|p2a: Excadrill|0 fnt
|-heal|p1a: Scrafty|41/100|[from] drain|[of] p2a: Excadrill
|faint|p2a: Excadrill
|
|upkeep
|
|switch|p2a: Cinderace|Cinderace, M|26/100
|turn|11
|
|switch|p1a: Corsola|Corsola-Galar, M|100/100
|move|p2a: Cinderace|Pyro Ball|p1a: Corsola
|-damage|p1a: Corsola|59/100
|-start|p2a: Cinderace|Disable|Pyro Ball|[from] ability: Cursed Body|[of] p1a: Corsola
|
|upkeep
|turn|12
|
|move|p2a: Cinderace|Sucker Punch||[still]
|-fail|p2a: Cinderace
|move|p1a: Corsola|Strength Sap|p2a: Cinderace
|-unboost|p2a: Cinderace|atk|1
|-heal|p1a: Corsola|100/100
|
|upkeep
|turn|13
|-message|Sulferz forfeited.
|
|win|HariyamaLafar
|l|☆Sulferz
