|ScrapeTime|2020-01-01-04:35:21
|j|☆BobusWombous
|j|☆Dhanush26
|player|p1|BobusWombous|59|1195
|player|p2|Dhanush26|volkner|1192
|teamsize|p1|6
|teamsize|p2|6
|gametype|singles
|gen|8
|tier|[Gen 8] OU
|rated|
|rule|Sleep Clause Mod: Limit one foe put to sleep
|rule|Species Clause: Limit one of each Pokémon
|rule|OHKO Clause: OHKO moves are banned
|rule|Evasion Moves Clause: Evasion moves are banned
|rule|Endless Battle Clause: Forcing endless battles is banned
|rule|HP Percentage Mod: HP is shown in percentages
|clearpoke
|poke|p1|Galvantula, M|
|poke|p1|Crawdaunt, F|
|poke|p1|Weavile, F|
|poke|p1|Hatterene, F|
|poke|p1|Gyarados, M|
|poke|p1|Flygon, M|
|poke|p2|Dracovish|
|poke|p2|Cinderace, M|
|poke|p2|Rapidash-Galar, F|
|poke|p2|Escavalier, M|
|poke|p2|Rhyperior, M|
|poke|p2|Polteageist|
|rule|Dynamax Clause: You cannot dynamax
|teampreview
|inactive|Battle timer is ON: inactive players will automatically lose when time's up. (requested by Dhanush26)
|
|start
|switch|p1a: Weavile|Weavile, F|100/100
|switch|p2a: Cinderace|Cinderace, M|100/100
|turn|1
|
|move|p1a: Weavile|Fake Out|p2a: Cinderace
|-damage|p2a: Cinderace|76/100
|-damage|p1a: Weavile|91/100|[from] item: Life Orb
|cant|p2a: Cinderace|flinch
|
|upkeep
|turn|2
|
|move|p2a: Cinderace|High Jump Kick|p1a: Weavile
|-supereffective|p1a: Weavile
|-damage|p1a: Weavile|0 fnt
|faint|p1a: Weavile
|
|upkeep
|
|switch|p1a: Crawdaunt|Crawdaunt, F|100/100
|turn|3
|
|move|p1a: Crawdaunt|Aqua Jet|p2a: Cinderace
|-supereffective|p2a: Cinderace
|-damage|p2a: Cinderace|0 fnt
|faint|p2a: Cinderace
|
|upkeep
|
|switch|p2a: Polteageist|Polteageist|100/100
|turn|4
|
|switch|p1a: Galvantula|Galvantula, M|100/100
|move|p2a: Polteageist|Shell Smash|p2a: Polteageist
|-unboost|p2a: Polteageist|def|1
|-unboost|p2a: Polteageist|spd|1
|-boost|p2a: Polteageist|atk|2
|-boost|p2a: Polteageist|spa|2
|-boost|p2a: Polteageist|spe|2
|-enditem|p2a: Polteageist|White Herb
|-clearnegativeboost|p2a: Polteageist|[silent]
|
|upkeep
|turn|5
|
|move|p2a: Polteageist|Shadow Ball|p1a: Galvantula
|-damage|p1a: Galvantula|0 fnt
|faint|p1a: Galvantula
|
|upkeep
|
|switch|p1a: Hatterene|Hatterene, F|100/100
|turn|6
|
|move|p2a: Polteageist|Shadow Ball|p1a: Hatterene
|-supereffective|p1a: Hatterene
|-damage|p1a: Hatterene|0 fnt
|faint|p1a: Hatterene
|
|upkeep
|
|switch|p1a: Crawdaunt|Crawdaunt, F|100/100
|turn|7
|
|move|p1a: Crawdaunt|Aqua Jet|p2a: Polteageist
|-damage|p2a: Polteageist|22/100
|move|p2a: Polteageist|Shadow Ball|p1a: Crawdaunt
|-resisted|p1a: Crawdaunt
|-damage|p1a: Crawdaunt|11/100
|-unboost|p1a: Crawdaunt|spd|1
|
|upkeep
|turn|8
|
|move|p1a: Crawdaunt|Aqua Jet|p2a: Polteageist
|-damage|p2a: Polteageist|0 fnt
|faint|p2a: Polteageist
|
|upkeep
|
|switch|p2a: Escavalier|Escavalier, M|100/100
|turn|9
|
|switch|p1a: Gyarados|Gyarados, M|100/100
|-ability|p1a: Gyarados|Intimidate|boost
|-unboost|p2a: Escavalier|atk|1
|move|p2a: Escavalier|Megahorn|p1a: Gyarados
|-resisted|p1a: Gyarados
|-damage|p1a: Gyarados|79/100
|
|-heal|p1a: Gyarados|85/100|[from] item: Leftovers
|upkeep
|turn|10
|
|switch|p2a: Dracovish|Dracovish|100/100
|move|p1a: Gyarados|Dragon Dance|p1a: Gyarados
|-boost|p1a: Gyarados|atk|1
|-boost|p1a: Gyarados|spe|1
|
|-heal|p1a: Gyarados|91/100|[from] item: Leftovers
|upkeep
|turn|11
|
|move|p1a: Gyarados|Power Whip|p2a: Dracovish
|-damage|p2a: Dracovish|27/100
|move|p2a: Dracovish|Psychic Fangs|p1a: Gyarados
|-damage|p1a: Gyarados|30/100
|
|-heal|p1a: Gyarados|36/100|[from] item: Leftovers
|upkeep
|turn|12
|
|move|p1a: Gyarados|Power Whip|p2a: Dracovish
|-crit|p2a: Dracovish
|-damage|p2a: Dracovish|0 fnt
|faint|p2a: Dracovish
|
|-heal|p1a: Gyarados|42/100|[from] item: Leftovers
|upkeep
|
|switch|p2a: Rapidash|Rapidash-Galar, F|100/100
|turn|13
|
|move|p1a: Gyarados|Waterfall|p2a: Rapidash
|-damage|p2a: Rapidash|0 fnt
|faint|p2a: Rapidash
|
|-heal|p1a: Gyarados|48/100|[from] item: Leftovers
|upkeep
|
|switch|p2a: Escavalier|Escavalier, M|100/100
|turn|14
|
|move|p1a: Gyarados|Waterfall|p2a: Escavalier
|-damage|p2a: Escavalier|39/100
|move|p2a: Escavalier|Knock Off|p1a: Gyarados
|-crit|p1a: Gyarados
|-damage|p1a: Gyarados|0 fnt
|-enditem|p1a: Gyarados|Leftovers|[from] move: Knock Off|[of] p2a: Escavalier
|faint|p1a: Gyarados
|
|-heal|p2a: Escavalier|46/100|[from] item: Leftovers
|upkeep
|
|switch|p1a: Crawdaunt|Crawdaunt, F|11/100
|turn|15
|
|move|p2a: Escavalier|Protect|p2a: Escavalier
|-singleturn|p2a: Escavalier|Protect
|move|p1a: Crawdaunt|Knock Off|p2a: Escavalier
|-activate|p2a: Escavalier|move: Protect
|
|-heal|p2a: Escavalier|52/100|[from] item: Leftovers
|upkeep
|turn|16
|
|move|p1a: Crawdaunt|Knock Off|p2a: Escavalier
|-damage|p2a: Escavalier|0 fnt
|-enditem|p2a: Escavalier|Leftovers|[from] move: Knock Off|[of] p1a: Crawdaunt
|faint|p2a: Escavalier
|
|upkeep
|
|switch|p2a: Rhyperior|Rhyperior, M|100/100
|turn|17
|
|switch|p1a: Flygon|Flygon, M|100/100
|move|p2a: Rhyperior|Earthquake|p1a: Flygon
|-immune|p1a: Flygon|[from] ability: Levitate
|
|upkeep
|turn|18
|-message|Dhanush26 forfeited.
|
|win|BobusWombous
|l|☆Dhanush26
|raw|BobusWombous's rating: 1195 → 1220(+25 for winning)
|raw|Dhanush26's rating: 1192 → 1167(-25 for losing)
