|ScrapeTime|2020-01-01-11:57:34
|j|☆Scan3r
|j|☆Gen Scout
|player|p1|Scan3r|266|1240
|player|p2|Gen Scout|schoolkid|1210
|teamsize|p1|6
|teamsize|p2|6
|gametype|singles
|gen|8
|tier|[Gen 8] OU
|rated|
|rule|Sleep Clause Mod: Limit one foe put to sleep
|rule|Species Clause: Limit one of each Pokémon
|rule|OHKO Clause: OHKO moves are banned
|rule|Evasion Moves Clause: Evasion moves are banned
|rule|Endless Battle Clause: Forcing endless battles is banned
|rule|HP Percentage Mod: HP is shown in percentages
|clearpoke
|poke|p1|Dragapult, F|
|poke|p1|Corsola-Galar, M|
|poke|p1|Excadrill, M|
|poke|p1|Golisopod, M|
|poke|p1|Morpeko, M|
|poke|p1|Hatterene, F|
|poke|p2|Corviknight, F|
|poke|p2|Corsola-Galar, M|
|poke|p2|Drapion, F|
|poke|p2|Gastrodon, F|
|poke|p2|Whimsicott, F|
|poke|p2|Hatterene, F|
|rule|Dynamax Clause: You cannot dynamax
|teampreview
|
|start
|switch|p1a: Morpeko|Morpeko, M|100/100
|switch|p2a: '¯\_(ツ)_/¯|Corviknight, F|100/100
|-ability|p2a: '¯\_(ツ)_/¯|Pressure
|turn|1
|
|switch|p2a: ¯\_(ツ)_/¯'|Gastrodon, F|100/100
|move|p1a: Morpeko|Aura Wheel|p2a: ¯\_(ツ)_/¯'
|-immune|p2a: ¯\_(ツ)_/¯'
|
|-formechange|p1a: Morpeko|Morpeko-Hangry||[from] ability: Hunger Switch
|upkeep
|turn|2
|
|move|p2a: ¯\_(ツ)_/¯'|Protect|p2a: ¯\_(ツ)_/¯'
|-singleturn|p2a: ¯\_(ツ)_/¯'|Protect
|move|p1a: Morpeko|Seed Bomb|p2a: ¯\_(ツ)_/¯'
|-activate|p2a: ¯\_(ツ)_/¯'|move: Protect
|
|-formechange|p1a: Morpeko|Morpeko||[from] ability: Hunger Switch
|upkeep
|turn|3
|
|switch|p2a: .¯\_(ツ)_/¯|Drapion, F|100/100
|move|p1a: Morpeko|Seed Bomb|p2a: .¯\_(ツ)_/¯
|-resisted|p2a: .¯\_(ツ)_/¯
|-damage|p2a: .¯\_(ツ)_/¯|89/100
|-damage|p1a: Morpeko|91/100|[from] item: Life Orb
|
|-heal|p2a: .¯\_(ツ)_/¯|95/100|[from] item: Black Sludge
|-formechange|p1a: Morpeko|Morpeko-Hangry||[from] ability: Hunger Switch
|upkeep
|turn|4
|
|move|p1a: Morpeko|Parting Shot|p2a: .¯\_(ツ)_/¯
|-unboost|p2a: .¯\_(ツ)_/¯|atk|1
|-unboost|p2a: .¯\_(ツ)_/¯|spa|1
|
|switch|p1a: Golisopod|Golisopod, M, shiny|100/100|[from]move: Parting Shot
|move|p2a: .¯\_(ツ)_/¯|Knock Off|p1a: Golisopod
|-damage|p1a: Golisopod|85/100
|-enditem|p1a: Golisopod|Assault Vest|[from] move: Knock Off|[of] p2a: .¯\_(ツ)_/¯
|
|-heal|p2a: .¯\_(ツ)_/¯|100/100|[from] item: Black Sludge
|upkeep
|turn|5
|
|switch|p2a: ¯\_(ツ)_/¯.|Corsola-Galar, M|100/100
|move|p1a: Golisopod|Leech Life|p2a: ¯\_(ツ)_/¯.
|-resisted|p2a: ¯\_(ツ)_/¯.
|-damage|p2a: ¯\_(ツ)_/¯.|88/100
|-heal|p1a: Golisopod|91/100|[from] drain|[of] p2a: ¯\_(ツ)_/¯.
|
|upkeep
|turn|6
|
|switch|p1a: Hatterene|Hatterene, F|100/100
|move|p2a: ¯\_(ツ)_/¯.|Strength Sap|p1a: Hatterene
|move|p1a: Hatterene|Strength Sap|p2a: ¯\_(ツ)_/¯.|[from]Magic Bounce
|-unboost|p2a: ¯\_(ツ)_/¯.|atk|1
|
|upkeep
|turn|7
|
|switch|p2a: ¯\_(ツ)_/¯'|Gastrodon, F|100/100
|move|p1a: Hatterene|Draining Kiss|p2a: ¯\_(ツ)_/¯'
|-damage|p2a: ¯\_(ツ)_/¯'|79/100
|
|-heal|p2a: ¯\_(ツ)_/¯'|85/100|[from] item: Leftovers
|upkeep
|turn|8
|
|move|p2a: ¯\_(ツ)_/¯'|Clear Smog|p1a: Hatterene
|-supereffective|p1a: Hatterene
|-damage|p1a: Hatterene|79/100
|-clearboost|p1a: Hatterene
|move|p1a: Hatterene|Calm Mind|p1a: Hatterene
|-boost|p1a: Hatterene|spa|1
|-boost|p1a: Hatterene|spd|1
|
|-heal|p2a: ¯\_(ツ)_/¯'|91/100|[from] item: Leftovers
|-heal|p1a: Hatterene|85/100|[from] item: Leftovers
|upkeep
|turn|9
|
|move|p2a: ¯\_(ツ)_/¯'|Clear Smog|p1a: Hatterene
|-supereffective|p1a: Hatterene
|-damage|p1a: Hatterene|70/100
|-clearboost|p1a: Hatterene
|move|p1a: Hatterene|Psychic|p2a: ¯\_(ツ)_/¯'
|-damage|p2a: ¯\_(ツ)_/¯'|55/100
|
|-heal|p2a: ¯\_(ツ)_/¯'|62/100|[from] item: Leftovers
|-heal|p1a: Hatterene|76/100|[from] item: Leftovers
|upkeep
|turn|10
|
|move|p2a: ¯\_(ツ)_/¯'|Recover|p2a: ¯\_(ツ)_/¯'
|-heal|p2a: ¯\_(ツ)_/¯'|100/100
|move|p1a: Hatterene|Draining Kiss|p2a: ¯\_(ツ)_/¯'
|-damage|p2a: ¯\_(ツ)_/¯'|79/100
|-heal|p1a: Hatterene|97/100|[from] drain|[of] p2a: ¯\_(ツ)_/¯'
|
|-heal|p2a: ¯\_(ツ)_/¯'|85/100|[from] item: Leftovers
|-heal|p1a: Hatterene|100/100|[from] item: Leftovers
|upkeep
|turn|11
|
|switch|p2a: .¯\_(ツ)_/¯|Drapion, F|100/100
|move|p1a: Hatterene|Psychic|p2a: .¯\_(ツ)_/¯
|-immune|p2a: .¯\_(ツ)_/¯
|
|upkeep
|turn|12
|
|switch|p1a: Excadrill|Excadrill, M|100/100
|-ability|p1a: Excadrill|Mold Breaker
|move|p2a: .¯\_(ツ)_/¯|Knock Off|p1a: Excadrill
|-damage|p1a: Excadrill|56/100
|-enditem|p1a: Excadrill|Focus Sash|[from] move: Knock Off|[of] p2a: .¯\_(ツ)_/¯
|
|upkeep
|turn|13
|
|switch|p2a: '¯\_(ツ)_/¯|Corviknight, F|100/100
|-ability|p2a: '¯\_(ツ)_/¯|Pressure
|move|p1a: Excadrill|Stealth Rock|p2a: '¯\_(ツ)_/¯
|-sidestart|p2: Gen Scout|move: Stealth Rock
|
|upkeep
|turn|14
|
|switch|p1a: Corsola|Corsola-Galar, M|100/100
|move|p2a: '¯\_(ツ)_/¯|Defog|p1a: Corsola
|-unboost|p1a: Corsola|evasion|1
|-sideend|p2: Gen Scout|Stealth Rock|[from] move: Defog|[of] p2a: '¯\_(ツ)_/¯
|
|upkeep
|turn|15
|
|switch|p1a: Morpeko|Morpeko, M|91/100
|move|p2a: '¯\_(ツ)_/¯|Taunt|p1a: Morpeko
|-start|p1a: Morpeko|move: Taunt
|
|-formechange|p1a: Morpeko|Morpeko-Hangry||[from] ability: Hunger Switch
|upkeep
|turn|16
|
|move|p1a: Morpeko|Aura Wheel|p2a: '¯\_(ツ)_/¯
|-damage|p2a: '¯\_(ツ)_/¯|60/100
|-boost|p1a: Morpeko|spe|1
|-damage|p1a: Morpeko|81/100|[from] item: Life Orb
|move|p2a: '¯\_(ツ)_/¯|Body Press|p1a: Morpeko
|-supereffective|p1a: Morpeko
|-damage|p1a: Morpeko|0 fnt
|faint|p1a: Morpeko
|
|upkeep
|
|switch|p1a: Hatterene|Hatterene, F|100/100
|turn|17
|
|switch|p2a: ¯\_(ツ)_/¯'|Gastrodon, F|85/100
|move|p1a: Hatterene|Mystical Fire|p2a: ¯\_(ツ)_/¯'
|-resisted|p2a: ¯\_(ツ)_/¯'
|-crit|p2a: ¯\_(ツ)_/¯'
|-damage|p2a: ¯\_(ツ)_/¯'|71/100
|-unboost|p2a: ¯\_(ツ)_/¯'|spa|1
|
|-heal|p2a: ¯\_(ツ)_/¯'|77/100|[from] item: Leftovers
|upkeep
|turn|18
|
|switch|p2a: .¯\_(ツ)_/¯|Drapion, F|100/100
|move|p1a: Hatterene|Draining Kiss|p2a: .¯\_(ツ)_/¯
|-damage|p2a: .¯\_(ツ)_/¯|73/100
|
|-heal|p2a: .¯\_(ツ)_/¯|79/100|[from] item: Black Sludge
|upkeep
|turn|19
|
|move|p2a: .¯\_(ツ)_/¯|Knock Off|p1a: Hatterene
|-damage|p1a: Hatterene|73/100
|-enditem|p1a: Hatterene|Leftovers|[from] move: Knock Off|[of] p2a: .¯\_(ツ)_/¯
|move|p1a: Hatterene|Draining Kiss|p2a: .¯\_(ツ)_/¯
|-damage|p2a: .¯\_(ツ)_/¯|53/100
|-heal|p1a: Hatterene|94/100|[from] drain|[of] p2a: .¯\_(ツ)_/¯
|
|-heal|p2a: .¯\_(ツ)_/¯|59/100|[from] item: Black Sludge
|upkeep
|turn|20
|
|switch|p2a: ¯\_(ツ)_/¯'|Gastrodon, F|77/100
|move|p1a: Hatterene|Draining Kiss|p2a: ¯\_(ツ)_/¯'
|-damage|p2a: ¯\_(ツ)_/¯'|56/100
|-heal|p1a: Hatterene|100/100|[from] drain|[of] p2a: ¯\_(ツ)_/¯'
|
|-heal|p2a: ¯\_(ツ)_/¯'|62/100|[from] item: Leftovers
|upkeep
|turn|21
|
|switch|p1a: Dragapult|Dragapult, F|100/100
|move|p2a: ¯\_(ツ)_/¯'|Protect||[still]
|-fail|p2a: ¯\_(ツ)_/¯'
|
|-heal|p2a: ¯\_(ツ)_/¯'|68/100|[from] item: Leftovers
|upkeep
|turn|22
|
|switch|p2a: ¯\_(ツ)_/¯¯\_(ツ)_/¯|Whimsicott, F, shiny|100/100
|move|p1a: Dragapult|Shadow Ball|p2a: ¯\_(ツ)_/¯¯\_(ツ)_/¯
|-damage|p2a: ¯\_(ツ)_/¯¯\_(ツ)_/¯|30/100
|-unboost|p2a: ¯\_(ツ)_/¯¯\_(ツ)_/¯|spd|1
|
|-heal|p2a: ¯\_(ツ)_/¯¯\_(ツ)_/¯|36/100|[from] item: Leftovers
|upkeep
|turn|23
|
|switch|p1a: Hatterene|Hatterene, F|100/100
|move|p2a: ¯\_(ツ)_/¯¯\_(ツ)_/¯|Encore|p1a: Hatterene
|move|p1a: Hatterene|Encore||[from]Magic Bounce|[still]
|-fail|p1a: Hatterene
|
|-heal|p2a: ¯\_(ツ)_/¯¯\_(ツ)_/¯|42/100|[from] item: Leftovers
|upkeep
|turn|24
|
|switch|p2a: .¯\_(ツ)_/¯|Drapion, F|59/100
|move|p1a: Hatterene|Mystical Fire|p2a: .¯\_(ツ)_/¯
|-damage|p2a: .¯\_(ツ)_/¯|32/100
|-unboost|p2a: .¯\_(ツ)_/¯|spa|1
|
|-heal|p2a: .¯\_(ツ)_/¯|38/100|[from] item: Black Sludge
|upkeep
|turn|25
|
|switch|p2a: '¯\_(ツ)_/¯|Corviknight, F|60/100
|-ability|p2a: '¯\_(ツ)_/¯|Pressure
|switch|p1a: Excadrill|Excadrill, M|56/100
|-ability|p1a: Excadrill|Mold Breaker
|
|upkeep
|turn|26
|
|switch|p1a: Corsola|Corsola-Galar, M|100/100
|move|p2a: '¯\_(ツ)_/¯|Body Press|p1a: Corsola
|-immune|p1a: Corsola
|
|upkeep
|turn|27
|
|switch|p2a: ¯\_(ツ)_/¯|Hatterene, F|100/100
|switch|p1a: Dragapult|Dragapult, F|100/100
|
|upkeep
|turn|28
|
|move|p1a: Dragapult|Shadow Ball|p2a: ¯\_(ツ)_/¯
|-supereffective|p2a: ¯\_(ツ)_/¯
|-damage|p2a: ¯\_(ツ)_/¯|0 fnt
|faint|p2a: ¯\_(ツ)_/¯
|
|upkeep
|
|switch|p2a: .¯\_(ツ)_/¯|Drapion, F|38/100
|turn|29
|
|switch|p1a: Golisopod|Golisopod, M, shiny|91/100
|move|p2a: .¯\_(ツ)_/¯|Knock Off|p1a: Golisopod
|-damage|p1a: Golisopod|75/100
|
|-heal|p2a: .¯\_(ツ)_/¯|44/100|[from] item: Black Sludge
|upkeep
|turn|30
|
|move|p2a: .¯\_(ツ)_/¯|Toxic|p1a: Golisopod
|-status|p1a: Golisopod|tox
|move|p1a: Golisopod|Liquidation|p2a: .¯\_(ツ)_/¯
|-damage|p2a: .¯\_(ツ)_/¯|8/100
|
|-heal|p2a: .¯\_(ツ)_/¯|14/100|[from] item: Black Sludge
|-damage|p1a: Golisopod|69/100 tox|[from] psn
|upkeep
|turn|31
|
|switch|p2a: ¯\_(ツ)_/¯'|Gastrodon, F|68/100
|move|p1a: Golisopod|Sucker Punch||[still]
|-fail|p1a: Golisopod
|
|-heal|p2a: ¯\_(ツ)_/¯'|74/100|[from] item: Leftovers
|-damage|p1a: Golisopod|57/100 tox|[from] psn
|upkeep
|turn|32
|
|move|p1a: Golisopod|Leech Life|p2a: ¯\_(ツ)_/¯'
|-damage|p2a: ¯\_(ツ)_/¯'|39/100
|-heal|p1a: Golisopod|78/100 tox|[from] drain|[of] p2a: ¯\_(ツ)_/¯'
|move|p2a: ¯\_(ツ)_/¯'|Recover|p2a: ¯\_(ツ)_/¯'
|-heal|p2a: ¯\_(ツ)_/¯'|89/100
|
|-heal|p2a: ¯\_(ツ)_/¯'|95/100|[from] item: Leftovers
|-damage|p1a: Golisopod|60/100 tox|[from] psn
|upkeep
|turn|33
|
|move|p2a: ¯\_(ツ)_/¯'|Protect|p2a: ¯\_(ツ)_/¯'
|-singleturn|p2a: ¯\_(ツ)_/¯'|Protect
|move|p1a: Golisopod|Leech Life|p2a: ¯\_(ツ)_/¯'
|-activate|p2a: ¯\_(ツ)_/¯'|move: Protect
|
|-heal|p2a: ¯\_(ツ)_/¯'|100/100|[from] item: Leftovers
|-damage|p1a: Golisopod|35/100 tox|[from] psn
|-activate|p1a: Golisopod|ability: Emergency Exit
|upkeep
|
|switch|p1a: Dragapult|Dragapult, F|100/100
|turn|34
|
|move|p1a: Dragapult|Shadow Ball|p2a: ¯\_(ツ)_/¯'
|-damage|p2a: ¯\_(ツ)_/¯'|58/100
|move|p2a: ¯\_(ツ)_/¯'|Scald|p1a: Dragapult
|-resisted|p1a: Dragapult
|-damage|p1a: Dragapult|83/100
|-status|p1a: Dragapult|brn
|
|-heal|p2a: ¯\_(ツ)_/¯'|64/100|[from] item: Leftovers
|-damage|p1a: Dragapult|77/100 brn|[from] brn
|upkeep
|turn|35
|
|move|p1a: Dragapult|Shadow Ball|p2a: ¯\_(ツ)_/¯'
|-damage|p2a: ¯\_(ツ)_/¯'|16/100
|move|p2a: ¯\_(ツ)_/¯'|Recover|p2a: ¯\_(ツ)_/¯'
|-heal|p2a: ¯\_(ツ)_/¯'|66/100
|
|-heal|p2a: ¯\_(ツ)_/¯'|73/100|[from] item: Leftovers
|-damage|p1a: Dragapult|71/100 brn|[from] brn
|upkeep
|turn|36
|
|move|p2a: ¯\_(ツ)_/¯'|Protect|p2a: ¯\_(ツ)_/¯'
|-singleturn|p2a: ¯\_(ツ)_/¯'|Protect
|move|p1a: Dragapult|Shadow Ball|p2a: ¯\_(ツ)_/¯'
|-activate|p2a: ¯\_(ツ)_/¯'|move: Protect
|
|-heal|p2a: ¯\_(ツ)_/¯'|79/100|[from] item: Leftovers
|-damage|p1a: Dragapult|65/100 brn|[from] brn
|upkeep
|turn|37
|
|switch|p1a: Hatterene|Hatterene, F|100/100
|move|p2a: ¯\_(ツ)_/¯'|Recover|p2a: ¯\_(ツ)_/¯'
|-heal|p2a: ¯\_(ツ)_/¯'|100/100
|
|upkeep
|turn|38
|
|switch|p2a: '¯\_(ツ)_/¯|Corviknight, F|60/100
|-ability|p2a: '¯\_(ツ)_/¯|Pressure
|move|p1a: Hatterene|Psychic|p2a: '¯\_(ツ)_/¯|[miss]
|-miss|p1a: Hatterene|p2a: '¯\_(ツ)_/¯
|
|upkeep
|turn|39
|l|☆Scan3r
|player|p1|
|j|☆Scan3r
|player|p1|Scan3r|266
|inactive|Battle timer is ON: inactive players will automatically lose when time's up. (requested by Gen Scout)
|
|move|p2a: '¯\_(ツ)_/¯|Roost|p2a: '¯\_(ツ)_/¯
|-heal|p2a: '¯\_(ツ)_/¯|100/100
|-singleturn|p2a: '¯\_(ツ)_/¯|move: Roost
|move|p1a: Hatterene|Mystical Fire|p2a: '¯\_(ツ)_/¯
|-supereffective|p2a: '¯\_(ツ)_/¯
|-damage|p2a: '¯\_(ツ)_/¯|53/100
|-unboost|p2a: '¯\_(ツ)_/¯|spa|1
|
|upkeep
|turn|40
|inactiveoff|Battle timer is now OFF.
|
|move|p2a: '¯\_(ツ)_/¯|Roost|p2a: '¯\_(ツ)_/¯
|-heal|p2a: '¯\_(ツ)_/¯|100/100
|-singleturn|p2a: '¯\_(ツ)_/¯|move: Roost
|move|p1a: Hatterene|Mystical Fire|p2a: '¯\_(ツ)_/¯
|-supereffective|p2a: '¯\_(ツ)_/¯
|-damage|p2a: '¯\_(ツ)_/¯|50/100
|-unboost|p2a: '¯\_(ツ)_/¯|spa|1
|
|upkeep
|turn|41
|
|move|p2a: '¯\_(ツ)_/¯|Roost|p2a: '¯\_(ツ)_/¯
|-heal|p2a: '¯\_(ツ)_/¯|99/100
|-singleturn|p2a: '¯\_(ツ)_/¯|move: Roost
|move|p1a: Hatterene|Mystical Fire|p2a: '¯\_(ツ)_/¯
|-supereffective|p2a: '¯\_(ツ)_/¯
|-damage|p2a: '¯\_(ツ)_/¯|51/100
|-unboost|p2a: '¯\_(ツ)_/¯|spa|1
|
|upkeep
|turn|42
|
|move|p2a: '¯\_(ツ)_/¯|Roost|p2a: '¯\_(ツ)_/¯
|-heal|p2a: '¯\_(ツ)_/¯|100/100
|-singleturn|p2a: '¯\_(ツ)_/¯|move: Roost
|move|p1a: Hatterene|Calm Mind|p1a: Hatterene
|-boost|p1a: Hatterene|spa|1
|-boost|p1a: Hatterene|spd|1
|
|upkeep
|turn|43
|
|switch|p2a: ¯\_(ツ)_/¯.|Corsola-Galar, M|88/100
|move|p1a: Hatterene|Mystical Fire|p2a: ¯\_(ツ)_/¯.
|-damage|p2a: ¯\_(ツ)_/¯.|64/100
|-unboost|p2a: ¯\_(ツ)_/¯.|spa|1
|
|upkeep
|turn|44
|
|move|p1a: Hatterene|Draining Kiss|p2a: ¯\_(ツ)_/¯.
|-damage|p2a: ¯\_(ツ)_/¯.|41/100
|move|p2a: ¯\_(ツ)_/¯.|Haze|p2a: ¯\_(ツ)_/¯.
|-clearallboost
|
|upkeep
|turn|45
|
|switch|p2a: ¯\_(ツ)_/¯'|Gastrodon, F|100/100
|move|p1a: Hatterene|Draining Kiss|p2a: ¯\_(ツ)_/¯'
|-damage|p2a: ¯\_(ツ)_/¯'|81/100
|
|-heal|p2a: ¯\_(ツ)_/¯'|87/100|[from] item: Leftovers
|upkeep
|turn|46
|
|switch|p2a: .¯\_(ツ)_/¯|Drapion, F|14/100
|switch|p1a: Corsola|Corsola-Galar, M|100/100
|
|-heal|p2a: .¯\_(ツ)_/¯|20/100|[from] item: Black Sludge
|upkeep
|turn|47
|
|switch|p1a: Golisopod|Golisopod, M, shiny|35/100 tox
|move|p2a: .¯\_(ツ)_/¯|Throat Chop|p1a: Golisopod
|-damage|p1a: Golisopod|17/100 tox
|-start|p1a: Golisopod|Throat Chop|[silent]
|
|-heal|p2a: .¯\_(ツ)_/¯|26/100|[from] item: Black Sludge
|-damage|p1a: Golisopod|11/100 tox|[from] psn
|upkeep
|turn|48
|
|switch|p2a: '¯\_(ツ)_/¯|Corviknight, F|100/100
|-ability|p2a: '¯\_(ツ)_/¯|Pressure
|move|p1a: Golisopod|First Impression|p2a: '¯\_(ツ)_/¯
|-resisted|p2a: '¯\_(ツ)_/¯
|-damage|p2a: '¯\_(ツ)_/¯|93/100
|
|-damage|p1a: Golisopod|0 fnt|[from] psn
|faint|p1a: Golisopod
|upkeep
|
|switch|p1a: Dragapult|Dragapult, F|65/100 brn
|turn|49
|
|switch|p2a: .¯\_(ツ)_/¯|Drapion, F|26/100
|move|p1a: Dragapult|Draco Meteor|p2a: .¯\_(ツ)_/¯
|-damage|p2a: .¯\_(ツ)_/¯|0 fnt
|-unboost|p1a: Dragapult|spa|2
|faint|p2a: .¯\_(ツ)_/¯
|
|-damage|p1a: Dragapult|59/100 brn|[from] brn
|upkeep
|
|switch|p2a: ¯\_(ツ)_/¯¯\_(ツ)_/¯|Whimsicott, F, shiny|42/100
|turn|50
|
|switch|p1a: Hatterene|Hatterene, F|100/100
|move|p2a: ¯\_(ツ)_/¯¯\_(ツ)_/¯|Moonblast|p1a: Hatterene
|-damage|p1a: Hatterene|59/100
|-unboost|p1a: Hatterene|spa|1
|
|-heal|p2a: ¯\_(ツ)_/¯¯\_(ツ)_/¯|48/100|[from] item: Leftovers
|upkeep
|turn|51
|
|move|p2a: ¯\_(ツ)_/¯¯\_(ツ)_/¯|Moonblast|p1a: Hatterene
|-crit|p1a: Hatterene
|-damage|p1a: Hatterene|0 fnt
|faint|p1a: Hatterene
|
|-heal|p2a: ¯\_(ツ)_/¯¯\_(ツ)_/¯|54/100|[from] item: Leftovers
|upkeep
|
|switch|p1a: Dragapult|Dragapult, F|59/100 brn
|turn|52
|
|switch|p2a: ¯\_(ツ)_/¯'|Gastrodon, F|87/100
|move|p1a: Dragapult|Fire Blast|p2a: ¯\_(ツ)_/¯'
|-resisted|p2a: ¯\_(ツ)_/¯'
|-damage|p2a: ¯\_(ツ)_/¯'|65/100
|
|-heal|p2a: ¯\_(ツ)_/¯'|71/100|[from] item: Leftovers
|-damage|p1a: Dragapult|53/100 brn|[from] brn
|upkeep
|turn|53
|
|switch|p1a: Corsola|Corsola-Galar, M|100/100
|move|p2a: ¯\_(ツ)_/¯'|Recover|p2a: ¯\_(ツ)_/¯'
|-heal|p2a: ¯\_(ツ)_/¯'|100/100
|
|upkeep
|turn|54
|
|switch|p2a: '¯\_(ツ)_/¯|Corviknight, F|93/100
|-ability|p2a: '¯\_(ツ)_/¯|Pressure
|move|p1a: Corsola|Will-O-Wisp|p2a: '¯\_(ツ)_/¯|[miss]
|-miss|p1a: Corsola|p2a: '¯\_(ツ)_/¯
|
|upkeep
|turn|55
|
|move|p2a: '¯\_(ツ)_/¯|Taunt|p1a: Corsola
|-start|p1a: Corsola|move: Taunt
|cant|p1a: Corsola|move: Taunt|Will-O-Wisp
|
|upkeep
|turn|56
|
|switch|p2a: ¯\_(ツ)_/¯'|Gastrodon, F|100/100
|move|p1a: Corsola|Night Shade|p2a: ¯\_(ツ)_/¯'
|-damage|p2a: ¯\_(ツ)_/¯'|77/100
|
|-heal|p2a: ¯\_(ツ)_/¯'|83/100|[from] item: Leftovers
|upkeep
|turn|57
|
|move|p2a: ¯\_(ツ)_/¯'|Protect|p2a: ¯\_(ツ)_/¯'
|-singleturn|p2a: ¯\_(ツ)_/¯'|Protect
|move|p1a: Corsola|Night Shade|p2a: ¯\_(ツ)_/¯'
|-activate|p2a: ¯\_(ツ)_/¯'|move: Protect
|
|-heal|p2a: ¯\_(ツ)_/¯'|89/100|[from] item: Leftovers
|-end|p1a: Corsola|move: Taunt
|upkeep
|turn|58
|
|switch|p2a: '¯\_(ツ)_/¯|Corviknight, F|93/100
|-ability|p2a: '¯\_(ツ)_/¯|Pressure
|move|p1a: Corsola|Will-O-Wisp|p2a: '¯\_(ツ)_/¯
|-status|p2a: '¯\_(ツ)_/¯|brn
|
|-damage|p2a: '¯\_(ツ)_/¯|87/100 brn|[from] brn
|upkeep
|turn|59
|
|move|p2a: '¯\_(ツ)_/¯|Taunt|p1a: Corsola
|-start|p1a: Corsola|move: Taunt
|move|p1a: Corsola|Night Shade|p2a: '¯\_(ツ)_/¯
|-damage|p2a: '¯\_(ツ)_/¯|62/100 brn
|
|-damage|p2a: '¯\_(ツ)_/¯|56/100 brn|[from] brn
|upkeep
|turn|60
|
|switch|p1a: Dragapult|Dragapult, F|53/100 brn
|move|p2a: '¯\_(ツ)_/¯|Roost|p2a: '¯\_(ツ)_/¯
|-heal|p2a: '¯\_(ツ)_/¯|100/100 brn
|-singleturn|p2a: '¯\_(ツ)_/¯|move: Roost
|
|-damage|p1a: Dragapult|47/100 brn|[from] brn
|-damage|p2a: '¯\_(ツ)_/¯|94/100 brn|[from] brn
|upkeep
|turn|61
|
|switch|p2a: ¯\_(ツ)_/¯'|Gastrodon, F|89/100
|move|p1a: Dragapult|Draco Meteor|p2a: ¯\_(ツ)_/¯'
|-damage|p2a: ¯\_(ツ)_/¯'|21/100
|-unboost|p1a: Dragapult|spa|2
|
|-heal|p2a: ¯\_(ツ)_/¯'|27/100|[from] item: Leftovers
|-damage|p1a: Dragapult|41/100 brn|[from] brn
|upkeep
|turn|62
|
|switch|p1a: Excadrill|Excadrill, M|56/100
|-ability|p1a: Excadrill|Mold Breaker
|move|p2a: ¯\_(ツ)_/¯'|Protect||[still]
|-fail|p2a: ¯\_(ツ)_/¯'
|
|-heal|p2a: ¯\_(ツ)_/¯'|34/100|[from] item: Leftovers
|upkeep
|turn|63
|
|switch|p2a: '¯\_(ツ)_/¯|Corviknight, F|94/100 brn
|-ability|p2a: '¯\_(ツ)_/¯|Pressure
|move|p1a: Excadrill|Iron Head|p2a: '¯\_(ツ)_/¯
|-resisted|p2a: '¯\_(ツ)_/¯
|-damage|p2a: '¯\_(ツ)_/¯|82/100 brn
|
|-damage|p2a: '¯\_(ツ)_/¯|76/100 brn|[from] brn
|upkeep
|turn|64
|inactive|Battle timer is ON: inactive players will automatically lose when time's up. (requested by Scan3r)
|
|switch|p1a: Corsola|Corsola-Galar, M|100/100
|move|p2a: '¯\_(ツ)_/¯|Roost|p2a: '¯\_(ツ)_/¯
|-heal|p2a: '¯\_(ツ)_/¯|100/100 brn
|-singleturn|p2a: '¯\_(ツ)_/¯|move: Roost
|
|-damage|p2a: '¯\_(ツ)_/¯|94/100 brn|[from] brn
|upkeep
|turn|65
|
|switch|p2a: ¯\_(ツ)_/¯'|Gastrodon, F|34/100
|move|p1a: Corsola|Night Shade|p2a: ¯\_(ツ)_/¯'
|-damage|p2a: ¯\_(ツ)_/¯'|10/100
|
|-heal|p2a: ¯\_(ツ)_/¯'|16/100|[from] item: Leftovers
|upkeep
|turn|66
|
|switch|p1a: Dragapult|Dragapult, F|41/100 brn
|move|p2a: ¯\_(ツ)_/¯'|Recover|p2a: ¯\_(ツ)_/¯'
|-heal|p2a: ¯\_(ツ)_/¯'|66/100
|
|-heal|p2a: ¯\_(ツ)_/¯'|72/100|[from] item: Leftovers
|-damage|p1a: Dragapult|35/100 brn|[from] brn
|upkeep
|turn|67
|
|switch|p2a: ¯\_(ツ)_/¯¯\_(ツ)_/¯|Whimsicott, F, shiny|54/100
|move|p1a: Dragapult|Fire Blast|p2a: ¯\_(ツ)_/¯¯\_(ツ)_/¯
|-supereffective|p2a: ¯\_(ツ)_/¯¯\_(ツ)_/¯
|-damage|p2a: ¯\_(ツ)_/¯¯\_(ツ)_/¯|0 fnt
|faint|p2a: ¯\_(ツ)_/¯¯\_(ツ)_/¯
|
|-damage|p1a: Dragapult|29/100 brn|[from] brn
|upkeep
|
|switch|p2a: '¯\_(ツ)_/¯|Corviknight, F|94/100 brn
|-ability|p2a: '¯\_(ツ)_/¯|Pressure
|turn|68
|
|switch|p1a: Corsola|Corsola-Galar, M|100/100
|switch|p2a: ¯\_(ツ)_/¯'|Gastrodon, F|72/100
|
|-heal|p2a: ¯\_(ツ)_/¯'|78/100|[from] item: Leftovers
|upkeep
|turn|69
|
|move|p2a: ¯\_(ツ)_/¯'|Recover|p2a: ¯\_(ツ)_/¯'
|-heal|p2a: ¯\_(ツ)_/¯'|100/100
|move|p1a: Corsola|Stealth Rock|p2a: ¯\_(ツ)_/¯'
|-sidestart|p2: Gen Scout|move: Stealth Rock
|
|upkeep
|turn|70
|
|switch|p2a: '¯\_(ツ)_/¯|Corviknight, F|94/100 brn
|-damage|p2a: '¯\_(ツ)_/¯|82/100 brn|[from] Stealth Rock
|-ability|p2a: '¯\_(ツ)_/¯|Pressure
|move|p1a: Corsola|Night Shade|p2a: '¯\_(ツ)_/¯
|-damage|p2a: '¯\_(ツ)_/¯|57/100 brn
|
|-damage|p2a: '¯\_(ツ)_/¯|50/100 brn|[from] brn
|upkeep
|turn|71
|
|switch|p1a: Dragapult|Dragapult, F|29/100 brn
|move|p2a: '¯\_(ツ)_/¯|Defog|p1a: Dragapult
|-unboost|p1a: Dragapult|evasion|1
|-sideend|p2: Gen Scout|Stealth Rock|[from] move: Defog|[of] p2a: '¯\_(ツ)_/¯
|
|-damage|p1a: Dragapult|23/100 brn|[from] brn
|-damage|p2a: '¯\_(ツ)_/¯|44/100 brn|[from] brn
|upkeep
|turn|72
|
|move|p1a: Dragapult|Draco Meteor|p2a: '¯\_(ツ)_/¯|[miss]
|-miss|p1a: Dragapult|p2a: '¯\_(ツ)_/¯
|move|p2a: '¯\_(ツ)_/¯|Roost|p2a: '¯\_(ツ)_/¯
|-heal|p2a: '¯\_(ツ)_/¯|94/100 brn
|-singleturn|p2a: '¯\_(ツ)_/¯|move: Roost
|
|-damage|p1a: Dragapult|17/100 brn|[from] brn
|-damage|p2a: '¯\_(ツ)_/¯|88/100 brn|[from] brn
|upkeep
|turn|73
|
|switch|p1a: Corsola|Corsola-Galar, M|100/100
|switch|p2a: ¯\_(ツ)_/¯'|Gastrodon, F|100/100
|
|upkeep
|turn|74
|
|switch|p2a: '¯\_(ツ)_/¯|Corviknight, F|88/100 brn
|-ability|p2a: '¯\_(ツ)_/¯|Pressure
|move|p1a: Corsola|Night Shade|p2a: '¯\_(ツ)_/¯
|-damage|p2a: '¯\_(ツ)_/¯|63/100 brn
|
|-damage|p2a: '¯\_(ツ)_/¯|57/100 brn|[from] brn
|upkeep
|turn|75
|
|move|p2a: '¯\_(ツ)_/¯|Roost|p2a: '¯\_(ツ)_/¯
|-heal|p2a: '¯\_(ツ)_/¯|100/100 brn
|-singleturn|p2a: '¯\_(ツ)_/¯|move: Roost
|move|p1a: Corsola|Night Shade|p2a: '¯\_(ツ)_/¯
|-damage|p2a: '¯\_(ツ)_/¯|75/100 brn
|
|-damage|p2a: '¯\_(ツ)_/¯|69/100 brn|[from] brn
|upkeep
|turn|76
|
|move|p2a: '¯\_(ツ)_/¯|Taunt|p1a: Corsola
|-start|p1a: Corsola|move: Taunt
|cant|p1a: Corsola|move: Taunt|Stealth Rock
|
|-damage|p2a: '¯\_(ツ)_/¯|63/100 brn|[from] brn
|upkeep
|turn|77
|
|move|p2a: '¯\_(ツ)_/¯|Roost|p2a: '¯\_(ツ)_/¯
|-heal|p2a: '¯\_(ツ)_/¯|100/100 brn
|-singleturn|p2a: '¯\_(ツ)_/¯|move: Roost
|move|p1a: Corsola|Night Shade|p2a: '¯\_(ツ)_/¯
|-damage|p2a: '¯\_(ツ)_/¯|75/100 brn
|
|-damage|p2a: '¯\_(ツ)_/¯|69/100 brn|[from] brn
|upkeep
|turn|78
|
|move|p2a: '¯\_(ツ)_/¯|Roost|p2a: '¯\_(ツ)_/¯
|-heal|p2a: '¯\_(ツ)_/¯|100/100 brn
|-singleturn|p2a: '¯\_(ツ)_/¯|move: Roost
|move|p1a: Corsola|Night Shade|p2a: '¯\_(ツ)_/¯
|-damage|p2a: '¯\_(ツ)_/¯|75/100 brn
|
|-damage|p2a: '¯\_(ツ)_/¯|69/100 brn|[from] brn
|-end|p1a: Corsola|move: Taunt
|upkeep
|turn|79
|
|move|p2a: '¯\_(ツ)_/¯|Taunt|p1a: Corsola
|-start|p1a: Corsola|move: Taunt
|cant|p1a: Corsola|move: Taunt|Stealth Rock
|
|-damage|p2a: '¯\_(ツ)_/¯|63/100 brn|[from] brn
|upkeep
|turn|80
|
|move|p2a: '¯\_(ツ)_/¯|Defog|p1a: Corsola
|-unboost|p1a: Corsola|evasion|1
|move|p1a: Corsola|Night Shade|p2a: '¯\_(ツ)_/¯
|-damage|p2a: '¯\_(ツ)_/¯|38/100 brn
|
|-damage|p2a: '¯\_(ツ)_/¯|32/100 brn|[from] brn
|upkeep
|turn|81
|
|move|p2a: '¯\_(ツ)_/¯|Roost|p2a: '¯\_(ツ)_/¯
|-heal|p2a: '¯\_(ツ)_/¯|82/100 brn
|-singleturn|p2a: '¯\_(ツ)_/¯|move: Roost
|move|p1a: Corsola|Night Shade|p2a: '¯\_(ツ)_/¯
|-damage|p2a: '¯\_(ツ)_/¯|57/100 brn
|
|-damage|p2a: '¯\_(ツ)_/¯|50/100 brn|[from] brn
|-end|p1a: Corsola|move: Taunt
|upkeep
|turn|82
|
|move|p2a: '¯\_(ツ)_/¯|Roost|p2a: '¯\_(ツ)_/¯
|-heal|p2a: '¯\_(ツ)_/¯|100/100 brn
|-singleturn|p2a: '¯\_(ツ)_/¯|move: Roost
|move|p1a: Corsola|Strength Sap|p2a: '¯\_(ツ)_/¯
|-unboost|p2a: '¯\_(ツ)_/¯|atk|1
|
|-damage|p2a: '¯\_(ツ)_/¯|94/100 brn|[from] brn
|upkeep
|turn|83
|
|move|p2a: '¯\_(ツ)_/¯|Taunt|p1a: Corsola
|-start|p1a: Corsola|move: Taunt
|move|p1a: Corsola|Night Shade|p2a: '¯\_(ツ)_/¯
|-damage|p2a: '¯\_(ツ)_/¯|69/100 brn
|
|-damage|p2a: '¯\_(ツ)_/¯|63/100 brn|[from] brn
|upkeep
|turn|84
|
|move|p2a: '¯\_(ツ)_/¯|Roost|p2a: '¯\_(ツ)_/¯
|-heal|p2a: '¯\_(ツ)_/¯|100/100 brn
|-singleturn|p2a: '¯\_(ツ)_/¯|move: Roost
|move|p1a: Corsola|Night Shade|p2a: '¯\_(ツ)_/¯|[miss]
|-miss|p1a: Corsola|p2a: '¯\_(ツ)_/¯
|
|-damage|p2a: '¯\_(ツ)_/¯|94/100 brn|[from] brn
|upkeep
|turn|85
|
|move|p2a: '¯\_(ツ)_/¯|Taunt||[still]
|-fail|p2a: '¯\_(ツ)_/¯
|move|p1a: Corsola|Night Shade|p2a: '¯\_(ツ)_/¯
|-damage|p2a: '¯\_(ツ)_/¯|69/100 brn
|
|-damage|p2a: '¯\_(ツ)_/¯|63/100 brn|[from] brn
|-end|p1a: Corsola|move: Taunt
|upkeep
|turn|86
|
|switch|p1a: Excadrill|Excadrill, M|56/100
|-ability|p1a: Excadrill|Mold Breaker
|move|p2a: '¯\_(ツ)_/¯|Taunt|p1a: Excadrill
|-start|p1a: Excadrill|move: Taunt
|
|-damage|p2a: '¯\_(ツ)_/¯|57/100 brn|[from] brn
|upkeep
|turn|87
|
|move|p1a: Excadrill|Iron Head|p2a: '¯\_(ツ)_/¯|[miss]
|-miss|p1a: Excadrill|p2a: '¯\_(ツ)_/¯
|move|p2a: '¯\_(ツ)_/¯|Body Press|p1a: Excadrill
|-supereffective|p1a: Excadrill
|-damage|p1a: Excadrill|15/100
|
|-damage|p2a: '¯\_(ツ)_/¯|50/100 brn|[from] brn
|upkeep
|turn|88
|
|move|p1a: Excadrill|Iron Head|p2a: '¯\_(ツ)_/¯
|-resisted|p2a: '¯\_(ツ)_/¯
|-damage|p2a: '¯\_(ツ)_/¯|37/100 brn
|move|p2a: '¯\_(ツ)_/¯|Roost|p2a: '¯\_(ツ)_/¯
|-heal|p2a: '¯\_(ツ)_/¯|87/100 brn
|-singleturn|p2a: '¯\_(ツ)_/¯|move: Roost
|
|-damage|p2a: '¯\_(ツ)_/¯|81/100 brn|[from] brn
|-end|p1a: Excadrill|move: Taunt
|upkeep
|turn|89
|
|move|p1a: Excadrill|Iron Head|p2a: '¯\_(ツ)_/¯|[miss]
|-miss|p1a: Excadrill|p2a: '¯\_(ツ)_/¯
|move|p2a: '¯\_(ツ)_/¯|Taunt|p1a: Excadrill
|-start|p1a: Excadrill|move: Taunt
|
|-damage|p2a: '¯\_(ツ)_/¯|74/100 brn|[from] brn
|upkeep
|turn|90
|
|move|p1a: Excadrill|Iron Head|p2a: '¯\_(ツ)_/¯
|-resisted|p2a: '¯\_(ツ)_/¯
|-damage|p2a: '¯\_(ツ)_/¯|62/100 brn
|move|p2a: '¯\_(ツ)_/¯|Body Press|p1a: Excadrill
|-supereffective|p1a: Excadrill
|-damage|p1a: Excadrill|0 fnt
|faint|p1a: Excadrill
|
|-damage|p2a: '¯\_(ツ)_/¯|56/100 brn|[from] brn
|upkeep
|
|switch|p1a: Dragapult|Dragapult, F|17/100 brn
|turn|91
|
|switch|p2a: ¯\_(ツ)_/¯'|Gastrodon, F|100/100
|move|p1a: Dragapult|Fire Blast|p2a: ¯\_(ツ)_/¯'
|-resisted|p2a: ¯\_(ツ)_/¯'
|-damage|p2a: ¯\_(ツ)_/¯'|79/100
|
|-heal|p2a: ¯\_(ツ)_/¯'|85/100|[from] item: Leftovers
|-damage|p1a: Dragapult|11/100 brn|[from] brn
|upkeep
|turn|92
|inactive|Scan3r has 120 seconds left.
|
|switch|p1a: Corsola|Corsola-Galar, M|100/100
|move|p2a: ¯\_(ツ)_/¯'|Protect||[still]
|-fail|p2a: ¯\_(ツ)_/¯'
|
|-heal|p2a: ¯\_(ツ)_/¯'|91/100|[from] item: Leftovers
|upkeep
|turn|93
|
|switch|p2a: '¯\_(ツ)_/¯|Corviknight, F|56/100 brn
|-ability|p2a: '¯\_(ツ)_/¯|Pressure
|move|p1a: Corsola|Stealth Rock|p2a: '¯\_(ツ)_/¯
|-sidestart|p2: Gen Scout|move: Stealth Rock
|
|-damage|p2a: '¯\_(ツ)_/¯|49/100 brn|[from] brn
|upkeep
|turn|94
|
|switch|p1a: Dragapult|Dragapult, F|11/100 brn
|move|p2a: '¯\_(ツ)_/¯|Roost|p2a: '¯\_(ツ)_/¯
|-heal|p2a: '¯\_(ツ)_/¯|99/100 brn
|-singleturn|p2a: '¯\_(ツ)_/¯|move: Roost
|
|-damage|p1a: Dragapult|5/100 brn|[from] brn
|-damage|p2a: '¯\_(ツ)_/¯|93/100 brn|[from] brn
|upkeep
|turn|95
|
|switch|p2a: ¯\_(ツ)_/¯.|Corsola-Galar, M|41/100
|-damage|p2a: ¯\_(ツ)_/¯.|29/100|[from] Stealth Rock
|move|p1a: Dragapult|Fire Blast|p2a: ¯\_(ツ)_/¯.
|-damage|p2a: ¯\_(ツ)_/¯.|2/100
|-status|p2a: ¯\_(ツ)_/¯.|brn
|
|-damage|p1a: Dragapult|0 fnt|[from] brn
|faint|p1a: Dragapult
|-damage|p2a: ¯\_(ツ)_/¯.|0 fnt|[from] brn
|faint|p2a: ¯\_(ツ)_/¯.
|upkeep
|
|switch|p1a: Corsola|Corsola-Galar, M|100/100
|switch|p2a: '¯\_(ツ)_/¯|Corviknight, F|93/100 brn
|-damage|p2a: '¯\_(ツ)_/¯|80/100 brn|[from] Stealth Rock
|-ability|p2a: '¯\_(ツ)_/¯|Pressure
|turn|96
|
|move|p2a: '¯\_(ツ)_/¯|Taunt|p1a: Corsola
|-start|p1a: Corsola|move: Taunt
|cant|p1a: Corsola|move: Taunt|Stealth Rock
|
|-damage|p2a: '¯\_(ツ)_/¯|74/100 brn|[from] brn
|upkeep
|turn|97
|
|move|p2a: '¯\_(ツ)_/¯|Roost|p2a: '¯\_(ツ)_/¯
|-heal|p2a: '¯\_(ツ)_/¯|100/100 brn
|-singleturn|p2a: '¯\_(ツ)_/¯|move: Roost
|-activate|p1a: Corsola|move: Struggle
|move|p1a: Corsola|Struggle|p2a: '¯\_(ツ)_/¯
|-damage|p2a: '¯\_(ツ)_/¯|97/100 brn
|-damage|p1a: Corsola|75/100|[from] recoil
|
|-damage|p2a: '¯\_(ツ)_/¯|91/100 brn|[from] brn
|upkeep
|turn|98
|-message|Scan3r forfeited.
|
|win|Gen Scout
|l|☆Scan3r
|raw|Scan3r's rating: 1240 → 1213(-27 for losing)
|raw|Gen Scout's rating: 1210 → 1237(+27 for winning)
|c|☆Gen Scout|Scan3r scouted gen 8
