|ScrapeTime|2020-01-01-21:20:50
|j|☆Dabigpoop
|j|☆rossopowa
|player|p1|Dabigpoop|102|1369
|player|p2|rossopowa|101|1335
|teamsize|p1|6
|teamsize|p2|6
|gametype|singles
|gen|8
|tier|[Gen 8] OU
|rated|
|rule|Sleep Clause Mod: Limit one foe put to sleep
|rule|Species Clause: Limit one of each Pokémon
|rule|OHKO Clause: OHKO moves are banned
|rule|Evasion Moves Clause: Evasion moves are banned
|rule|Endless Battle Clause: Forcing endless battles is banned
|rule|HP Percentage Mod: HP is shown in percentages
|clearpoke
|poke|p1|Pelipper, F|
|poke|p1|Ferrothorn, F|
|poke|p1|Dragapult, F|
|poke|p1|Drednaw, F|
|poke|p1|Obstagoon, F|
|poke|p1|Seismitoad, M|
|poke|p2|Gengar, M|
|poke|p2|Tsareena, F|
|poke|p2|Dracovish|
|poke|p2|Ferrothorn, M|
|poke|p2|Pelipper, F|
|poke|p2|Barraskewda, M|
|rule|Dynamax Clause: You cannot dynamax
|teampreview
|inactive|Battle timer is ON: inactive players will automatically lose when time's up. (requested by rossopowa)
|
|start
|switch|p1a: Obstagoon|Obstagoon, F|100/100
|switch|p2a: Ferrothorn|Ferrothorn, M|100/100
|turn|1
|
|move|p1a: Obstagoon|Knock Off|p2a: Ferrothorn
|-damage|p2a: Ferrothorn|77/100
|-damage|p1a: Obstagoon|88/100|[from] ability: Iron Barbs|[of] p2a: Ferrothorn
|-enditem|p2a: Ferrothorn|Leftovers|[from] move: Knock Off|[of] p1a: Obstagoon
|move|p2a: Ferrothorn|Knock Off|p1a: Obstagoon
|-resisted|p1a: Obstagoon
|-damage|p1a: Obstagoon|77/100
|-enditem|p1a: Obstagoon|Flame Orb|[from] move: Knock Off|[of] p2a: Ferrothorn
|
|upkeep
|turn|2
|
|move|p1a: Obstagoon|Parting Shot|p2a: Ferrothorn
|-unboost|p2a: Ferrothorn|atk|1
|-unboost|p2a: Ferrothorn|spa|1
|
|switch|p1a: Ferrothorn|Ferrothorn, F|100/100|[from]move: Parting Shot
|move|p2a: Ferrothorn|Stealth Rock|p1a: Ferrothorn
|-sidestart|p1: Dabigpoop|move: Stealth Rock
|
|upkeep
|turn|3
|
|switch|p2a: Gengar|Gengar, M|100/100
|move|p1a: Ferrothorn|Spikes|p2a: Gengar
|-sidestart|p2: rossopowa|Spikes
|
|upkeep
|turn|4
|
|move|p2a: Gengar|Nasty Plot|p2a: Gengar
|-boost|p2a: Gengar|spa|2
|move|p1a: Ferrothorn|Gyro Ball|p2a: Gengar
|-damage|p2a: Gengar|8/100
|
|upkeep
|turn|5
|
|switch|p1a: Pelipper|Pelipper, F|100/100
|-damage|p1a: Pelipper|76/100|[from] Stealth Rock
|-weather|RainDance|[from] ability: Drizzle|[of] p1a: Pelipper
|move|p2a: Gengar|Focus Blast|p1a: Pelipper|[miss]
|-miss|p2a: Gengar|p1a: Pelipper
|
|-weather|RainDance|[upkeep]
|upkeep
|turn|6
|
|move|p2a: Gengar|Shadow Ball|p1a: Pelipper
|-damage|p1a: Pelipper|0 fnt
|faint|p1a: Pelipper
|
|-weather|RainDance|[upkeep]
|upkeep
|
|switch|p1a: Drednaw|Drednaw, F|100/100
|-damage|p1a: Drednaw|88/100|[from] Stealth Rock
|turn|7
|
|switch|p2a: Ferrothorn|Ferrothorn, M|77/100
|-damage|p2a: Ferrothorn|65/100|[from] Spikes
|move|p1a: Drednaw|Liquidation|p2a: Ferrothorn
|-resisted|p2a: Ferrothorn
|-damage|p2a: Ferrothorn|42/100
|-damage|p1a: Drednaw|76/100|[from] ability: Iron Barbs|[of] p2a: Ferrothorn
|-damage|p1a: Drednaw|66/100|[from] item: Life Orb
|
|-weather|RainDance|[upkeep]
|upkeep
|turn|8
|
|move|p1a: Drednaw|Superpower|p2a: Ferrothorn
|-supereffective|p2a: Ferrothorn
|-damage|p2a: Ferrothorn|0 fnt
|-damage|p1a: Drednaw|53/100|[from] ability: Iron Barbs|[of] p2a: Ferrothorn
|-unboost|p1a: Drednaw|atk|1
|-unboost|p1a: Drednaw|def|1
|-damage|p1a: Drednaw|43/100|[from] item: Life Orb
|faint|p2a: Ferrothorn
|
|-weather|RainDance|[upkeep]
|upkeep
|
|switch|p2a: Tsareena|Tsareena, F|100/100
|-damage|p2a: Tsareena|88/100|[from] Spikes
|turn|9
|
|switch|p1a: Ferrothorn|Ferrothorn, F|100/100
|-damage|p1a: Ferrothorn|94/100|[from] Stealth Rock
|move|p2a: Tsareena|Rapid Spin|p1a: Ferrothorn
|-resisted|p1a: Ferrothorn
|-damage|p1a: Ferrothorn|87/100
|-damage|p2a: Tsareena|76/100|[from] ability: Iron Barbs|[of] p1a: Ferrothorn
|-sideend|p2: rossopowa|Spikes|[from] move: Rapid Spin|[of] p2a: Tsareena
|-boost|p2a: Tsareena|spe|1
|
|-weather|RainDance|[upkeep]
|-heal|p1a: Ferrothorn|93/100|[from] item: Leftovers
|upkeep
|turn|10
|
|switch|p1a: Dragapult|Dragapult, F|100/100
|-damage|p1a: Dragapult|88/100|[from] Stealth Rock
|move|p2a: Tsareena|Trop Kick|p1a: Dragapult
|-resisted|p1a: Dragapult
|-damage|p1a: Dragapult|66/100
|-unboost|p1a: Dragapult|atk|1
|
|-weather|RainDance|[upkeep]
|-heal|p1a: Dragapult|73/100|[from] item: Leftovers
|upkeep
|turn|11
|
|move|p1a: Dragapult|Substitute|p1a: Dragapult
|-start|p1a: Dragapult|Substitute
|-damage|p1a: Dragapult|48/100
|move|p2a: Tsareena|U-turn|p1a: Dragapult
|-resisted|p1a: Dragapult
|-activate|p1a: Dragapult|move: Substitute|[damage]
|
|switch|p2a: Pelipper|Pelipper, F|100/100|[from]move: U-turn
|
|-weather|RainDance|[upkeep]
|-heal|p1a: Dragapult|54/100|[from] item: Leftovers
|upkeep
|turn|12
|
|move|p1a: Dragapult|Will-O-Wisp|p2a: Pelipper
|-status|p2a: Pelipper|brn
|move|p2a: Pelipper|Hurricane|p1a: Dragapult
|-end|p1a: Dragapult|Substitute
|
|-weather|none
|-heal|p1a: Dragapult|60/100|[from] item: Leftovers
|-damage|p2a: Pelipper|94/100 brn|[from] brn
|upkeep
|turn|13
|
|move|p1a: Dragapult|Hex|p2a: Pelipper
|-damage|p2a: Pelipper|15/100 brn
|move|p2a: Pelipper|U-turn|p1a: Dragapult
|-resisted|p1a: Dragapult
|-damage|p1a: Dragapult|58/100
|
|switch|p2a: Gengar|Gengar, M|8/100|[from]move: U-turn
|
|-heal|p1a: Dragapult|64/100|[from] item: Leftovers
|upkeep
|turn|14
|
|switch|p1a: Obstagoon|Obstagoon, F|77/100
|-damage|p1a: Obstagoon|64/100|[from] Stealth Rock
|move|p2a: Gengar|Shadow Ball|p1a: Obstagoon
|-immune|p1a: Obstagoon
|
|upkeep
|turn|15
|
|move|p2a: Gengar|Focus Blast|p1a: Obstagoon
|-supereffective|p1a: Obstagoon
|-damage|p1a: Obstagoon|0 fnt
|faint|p1a: Obstagoon
|
|upkeep
|
|switch|p1a: Dragapult|Dragapult, F|64/100
|-damage|p1a: Dragapult|52/100|[from] Stealth Rock
|turn|16
|
|move|p1a: Dragapult|Hex|p2a: Gengar
|-supereffective|p2a: Gengar
|-enditem|p2a: Gengar|Kasib Berry|[eat]
|-enditem|p2a: Gengar|Kasib Berry|[weaken]
|-damage|p2a: Gengar|0 fnt
|faint|p2a: Gengar
|
|-heal|p1a: Dragapult|58/100|[from] item: Leftovers
|upkeep
|
|switch|p2a: Pelipper|Pelipper, F|15/100 brn
|-weather|RainDance|[from] ability: Drizzle|[of] p2a: Pelipper
|turn|17
|
|move|p1a: Dragapult|Hex|p2a: Pelipper
|-damage|p2a: Pelipper|0 fnt
|faint|p2a: Pelipper
|
|-weather|RainDance|[upkeep]
|-heal|p1a: Dragapult|64/100|[from] item: Leftovers
|upkeep
|
|switch|p2a: Barraskewda|Barraskewda, M|100/100
|turn|18
|
|switch|p1a: Drednaw|Drednaw, F|43/100
|-damage|p1a: Drednaw|31/100|[from] Stealth Rock
|move|p2a: Barraskewda|Throat Chop|p1a: Drednaw
|-damage|p1a: Drednaw|0 fnt
|faint|p1a: Drednaw
|
|-weather|RainDance|[upkeep]
|upkeep
|
|switch|p1a: Ferrothorn|Ferrothorn, F|93/100
|-damage|p1a: Ferrothorn|87/100|[from] Stealth Rock
|turn|19
|
|switch|p2a: Tsareena|Tsareena, F|76/100
|move|p1a: Ferrothorn|Thunder Wave|p2a: Tsareena|[miss]
|-miss|p1a: Ferrothorn|p2a: Tsareena
|
|-weather|RainDance|[upkeep]
|-heal|p1a: Ferrothorn|93/100|[from] item: Leftovers
|upkeep
|turn|20
|
|move|p2a: Tsareena|Trop Kick|p1a: Ferrothorn
|-resisted|p1a: Ferrothorn
|-damage|p1a: Ferrothorn|86/100
|-damage|p2a: Tsareena|63/100|[from] ability: Iron Barbs|[of] p1a: Ferrothorn
|-unboost|p1a: Ferrothorn|atk|1
|move|p1a: Ferrothorn|Thunder Wave|p2a: Tsareena
|-status|p2a: Tsareena|par
|
|-weather|RainDance|[upkeep]
|-heal|p1a: Ferrothorn|93/100|[from] item: Leftovers
|upkeep
|turn|21
|
|switch|p1a: Dragapult|Dragapult, F|64/100
|-damage|p1a: Dragapult|52/100|[from] Stealth Rock
|move|p2a: Tsareena|High Jump Kick|p1a: Dragapult
|-immune|p1a: Dragapult
|-damage|p2a: Tsareena|13/100 par|[from] highjumpkick
|
|-weather|RainDance|[upkeep]
|-heal|p1a: Dragapult|58/100|[from] item: Leftovers
|upkeep
|turn|22
|
|move|p1a: Dragapult|Substitute|p1a: Dragapult
|-start|p1a: Dragapult|Substitute
|-damage|p1a: Dragapult|33/100
|move|p2a: Tsareena|Trop Kick|p1a: Dragapult
|-resisted|p1a: Dragapult
|-activate|p1a: Dragapult|move: Substitute|[damage]
|
|-weather|RainDance|[upkeep]
|-heal|p1a: Dragapult|39/100|[from] item: Leftovers
|upkeep
|turn|23
|
|move|p1a: Dragapult|Disable|p2a: Tsareena
|-start|p2a: Tsareena|Disable|Trop Kick
|move|p2a: Tsareena|U-turn|p1a: Dragapult
|-resisted|p1a: Dragapult
|-end|p1a: Dragapult|Substitute
|
|switch|p2a: Barraskewda|Barraskewda, M|100/100|[from]move: U-turn
|
|-weather|RainDance|[upkeep]
|-heal|p1a: Dragapult|45/100|[from] item: Leftovers
|upkeep
|turn|24
|
|switch|p1a: Ferrothorn|Ferrothorn, F|93/100
|-damage|p1a: Ferrothorn|86/100|[from] Stealth Rock
|move|p2a: Barraskewda|Close Combat|p1a: Ferrothorn
|-supereffective|p1a: Ferrothorn
|-damage|p1a: Ferrothorn|0 fnt
|-damage|p2a: Barraskewda|88/100|[from] ability: Iron Barbs|[of] p1a: Ferrothorn
|-unboost|p2a: Barraskewda|def|1
|-unboost|p2a: Barraskewda|spd|1
|faint|p1a: Ferrothorn
|
|-weather|none
|upkeep
|
|switch|p1a: Dragapult|Dragapult, F|45/100
|-damage|p1a: Dragapult|33/100|[from] Stealth Rock
|turn|25
|
|switch|p2a: Dracovish|Dracovish|100/100
|move|p1a: Dragapult|Hex|p2a: Dracovish
|-damage|p2a: Dracovish|64/100
|
|-heal|p1a: Dragapult|39/100|[from] item: Leftovers
|upkeep
|turn|26
|
|move|p1a: Dragapult|Substitute|p1a: Dragapult
|-start|p1a: Dragapult|Substitute
|-damage|p1a: Dragapult|14/100
|move|p2a: Dracovish|Crunch|p1a: Dragapult
|-supereffective|p1a: Dragapult
|-end|p1a: Dragapult|Substitute
|
|-heal|p1a: Dragapult|20/100|[from] item: Leftovers
|upkeep
|turn|27
|
|move|p1a: Dragapult|Disable|p2a: Dracovish
|-start|p2a: Dracovish|Disable|Crunch
|cant|p2a: Dracovish|Disable|Crunch
|
|-heal|p1a: Dragapult|26/100|[from] item: Leftovers
|upkeep
|turn|28
|
|move|p1a: Dragapult|Substitute|p1a: Dragapult
|-start|p1a: Dragapult|Substitute
|-damage|p1a: Dragapult|1/100
|-activate|p2a: Dracovish|move: Struggle
|move|p2a: Dracovish|Struggle|p1a: Dragapult
|-crit|p1a: Dragapult
|-end|p1a: Dragapult|Substitute
|-damage|p2a: Dracovish|39/100|[from] recoil
|
|-heal|p1a: Dragapult|8/100|[from] item: Leftovers
|upkeep
|turn|29
|
|switch|p2a: Tsareena|Tsareena, F|13/100 par
|move|p1a: Dragapult|Hex|p2a: Tsareena
|-damage|p2a: Tsareena|0 fnt
|faint|p2a: Tsareena
|
|-heal|p1a: Dragapult|14/100|[from] item: Leftovers
|upkeep
|
|switch|p2a: Dracovish|Dracovish|39/100
|turn|30
|
|move|p1a: Dragapult|Hex|p2a: Dracovish
|-damage|p2a: Dracovish|7/100
|move|p2a: Dracovish|Crunch|p1a: Dragapult
|-supereffective|p1a: Dragapult
|-damage|p1a: Dragapult|0 fnt
|faint|p1a: Dragapult
|
|upkeep
|
|switch|p1a: Seismitoad|Seismitoad, M|100/100
|-damage|p1a: Seismitoad|95/100|[from] Stealth Rock
|turn|31
|inactive|Dabigpoop has 120 seconds left.
|
|move|p2a: Dracovish|Crunch|p1a: Seismitoad
|-damage|p1a: Seismitoad|50/100
|-unboost|p1a: Seismitoad|def|1
|move|p1a: Seismitoad|Earth Power|p2a: Dracovish
|-damage|p2a: Dracovish|0 fnt
|-damage|p1a: Seismitoad|40/100|[from] item: Life Orb
|faint|p2a: Dracovish
|
|upkeep
|
|switch|p2a: Barraskewda|Barraskewda, M|88/100
|turn|32
|
|move|p2a: Barraskewda|Close Combat|p1a: Seismitoad
|-damage|p1a: Seismitoad|0 fnt
|-unboost|p2a: Barraskewda|def|1
|-unboost|p2a: Barraskewda|spd|1
|faint|p1a: Seismitoad
|
|win|rossopowa
|l|☆Dabigpoop
|raw|Dabigpoop's rating: 1349 → 1328(-21 for losing)
|raw|rossopowa's rating: 1335 → 1356(+21 for winning)
