|ScrapeTime|2020-01-01-11:46:48
|j|☆pokebinh
|j|☆Literally A Bear
|player|p1|pokebinh|lyra|1067
|player|p2|Literally A Bear|byron|1008
|teamsize|p1|6
|teamsize|p2|6
|gametype|singles
|gen|8
|tier|[Gen 8] OU
|rated|
|rule|Sleep Clause Mod: Limit one foe put to sleep
|rule|Species Clause: Limit one of each Pokémon
|rule|OHKO Clause: OHKO moves are banned
|rule|Evasion Moves Clause: Evasion moves are banned
|rule|Endless Battle Clause: Forcing endless battles is banned
|rule|HP Percentage Mod: HP is shown in percentages
|clearpoke
|poke|p1|Appletun, M|
|poke|p1|Dracovish|
|poke|p1|Galvantula, M|
|poke|p1|Aegislash, M|
|poke|p1|Mew|
|poke|p1|Tyranitar, M|
|poke|p2|Hatterene, F|
|poke|p2|Greedent, F|
|poke|p2|Cursola, M|
|poke|p2|Runerigus, M|
|poke|p2|Perrserker, M|
|poke|p2|Drampa, M|
|rule|Dynamax Clause: You cannot dynamax
|teampreview
|inactive|Battle timer is ON: inactive players will automatically lose when time's up. (requested by Literally A Bear)
|c|☆Literally A Bear|glhf
|
|start
|switch|p1a: Aegislash|Aegislash, M|100/100
|switch|p2a: Hatterene|Hatterene, F|100/100
|turn|1
|
|move|p1a: Aegislash|Swords Dance|p1a: Aegislash
|-boost|p1a: Aegislash|atk|2
|move|p2a: Hatterene|Trick Room|p2a: Hatterene
|-fieldstart|move: Trick Room|[of] p2a: Hatterene
|
|upkeep
|turn|2
|
|move|p1a: Aegislash|King's Shield|p1a: Aegislash
|-singleturn|p1a: Aegislash|Protect
|move|p2a: Hatterene|Mystical Fire|p1a: Aegislash
|-activate|p1a: Aegislash|move: Protect
|
|upkeep
|turn|3
|
|switch|p1a: Tyranitar|Tyranitar, M|100/100
|-weather|Sandstorm|[from] ability: Sand Stream|[of] p1a: Tyranitar
|move|p2a: Hatterene|Mystical Fire|p1a: Tyranitar
|-resisted|p1a: Tyranitar
|-damage|p1a: Tyranitar|88/100
|-unboost|p1a: Tyranitar|spa|1
|-damage|p2a: Hatterene|91/100|[from] item: Life Orb
|
|-weather|Sandstorm|[upkeep]
|-damage|p2a: Hatterene|85/100|[from] Sandstorm
|upkeep
|turn|4
|inactive|Literally A Bear has 120 seconds left.
|
|switch|p2a: Cursola|Cursola, M|100/100
|switch|p1a: Aegislash|Aegislash, M|100/100
|
|-weather|Sandstorm|[upkeep]
|-damage|p2a: Cursola|94/100|[from] Sandstorm
|upkeep
|turn|5
|
|move|p1a: Aegislash|King's Shield|p1a: Aegislash
|-singleturn|p1a: Aegislash|Protect
|move|p2a: Cursola|Shadow Ball|p1a: Aegislash
|-activate|p1a: Aegislash|move: Protect
|
|-weather|Sandstorm|[upkeep]
|-damage|p2a: Cursola|88/100|[from] Sandstorm
|-fieldend|move: Trick Room
|upkeep
|turn|6
|
|move|p1a: Aegislash|Swords Dance|p1a: Aegislash
|-boost|p1a: Aegislash|atk|2
|move|p2a: Cursola|Shadow Ball|p1a: Aegislash
|-supereffective|p1a: Aegislash
|-damage|p1a: Aegislash|0 fnt
|-damage|p2a: Cursola|78/100|[from] item: Life Orb
|faint|p1a: Aegislash
|
|-weather|Sandstorm|[upkeep]
|-damage|p2a: Cursola|72/100|[from] Sandstorm
|upkeep
|
|switch|p1a: Galvantula|Galvantula, M, shiny|100/100
|turn|7
|
|switch|p2a: Hatterene|Hatterene, F|85/100
|move|p1a: Galvantula|Bug Buzz|p2a: Hatterene
|-damage|p2a: Hatterene|55/100
|
|-weather|none
|upkeep
|turn|8
|
|move|p1a: Galvantula|Bug Buzz|p2a: Hatterene
|-damage|p2a: Hatterene|27/100
|move|p2a: Hatterene|Trick Room|p2a: Hatterene
|-fieldstart|move: Trick Room|[of] p2a: Hatterene
|
|upkeep
|turn|9
|
|move|p2a: Hatterene|Mystical Fire|p1a: Galvantula
|-supereffective|p1a: Galvantula
|-enditem|p1a: Galvantula|Focus Sash
|-damage|p1a: Galvantula|1/100
|-unboost|p1a: Galvantula|spa|1
|-damage|p2a: Hatterene|17/100|[from] item: Life Orb
|move|p1a: Galvantula|Bug Buzz|p2a: Hatterene
|-damage|p2a: Hatterene|0 fnt
|faint|p2a: Hatterene
|
|upkeep
|
|switch|p2a: Greedent|Greedent, F|100/100
|turn|10
|
|switch|p1a: Tyranitar|Tyranitar, M|88/100
|-weather|Sandstorm|[from] ability: Sand Stream|[of] p1a: Tyranitar
|move|p2a: Greedent|Belly Drum|p2a: Greedent
|-damage|p2a: Greedent|50/100
|-setboost|p2a: Greedent|atk|6|[from] move: Belly Drum
|-enditem|p2a: Greedent|Sitrus Berry|[eat]
|-heal|p2a: Greedent|75/100|[from] item: Sitrus Berry
|-heal|p2a: Greedent|100/100|[from] ability: Cheek Pouch
|
|-weather|Sandstorm|[upkeep]
|-damage|p2a: Greedent|94/100|[from] Sandstorm
|upkeep
|turn|11
|c|☆Literally A Bear|yeet
|
|move|p2a: Greedent|Earthquake|p1a: Tyranitar
|-supereffective|p1a: Tyranitar
|-damage|p1a: Tyranitar|0 fnt
|faint|p1a: Tyranitar
|
|-weather|Sandstorm|[upkeep]
|-damage|p2a: Greedent|88/100|[from] Sandstorm
|upkeep
|
|switch|p1a: Galvantula|Galvantula, M, shiny|1/100
|turn|12
|
|move|p2a: Greedent|Body Slam|p1a: Galvantula
|-damage|p1a: Galvantula|0 fnt
|faint|p1a: Galvantula
|
|-weather|Sandstorm|[upkeep]
|-damage|p2a: Greedent|82/100|[from] Sandstorm
|-fieldend|move: Trick Room
|upkeep
|
|switch|p1a: Dracovish|Dracovish|100/100
|turn|13
|
|move|p1a: Dracovish|Fishious Rend|p2a: Greedent
|-damage|p2a: Greedent|2/100
|move|p2a: Greedent|Body Slam|p1a: Dracovish
|-damage|p1a: Dracovish|0 fnt
|faint|p1a: Dracovish
|
|-weather|Sandstorm|[upkeep]
|-damage|p2a: Greedent|0 fnt|[from] Sandstorm
|faint|p2a: Greedent
|upkeep
|c|☆Literally A Bear|bULK
|
|switch|p1a: Mew|Mew|100/100
|switch|p2a: Drampa|Drampa, M|100/100
|turn|14
|
|switch|p2a: Cursola|Cursola, M|72/100
|move|p1a: Mew|Cosmic Power|p1a: Mew
|-boost|p1a: Mew|def|1
|-boost|p1a: Mew|spd|1
|
|-weather|none
|upkeep
|turn|15
|
|move|p1a: Mew|Cosmic Power|p1a: Mew
|-boost|p1a: Mew|def|1
|-boost|p1a: Mew|spd|1
|move|p2a: Cursola|Shadow Ball|p1a: Mew
|-supereffective|p1a: Mew
|-damage|p1a: Mew|60/100
|-damage|p2a: Cursola|62/100|[from] item: Life Orb
|
|-heal|p1a: Mew|66/100|[from] item: Leftovers
|upkeep
|turn|16
|
|move|p1a: Mew|Cosmic Power|p1a: Mew
|-boost|p1a: Mew|def|1
|-boost|p1a: Mew|spd|1
|move|p2a: Cursola|Shadow Ball|p1a: Mew
|-supereffective|p1a: Mew
|-damage|p1a: Mew|36/100
|-damage|p2a: Cursola|52/100|[from] item: Life Orb
|
|-heal|p1a: Mew|43/100|[from] item: Leftovers
|upkeep
|turn|17
|inactive|pokebinh has 120 seconds left.
|c|☆pokebinh|i take it better than i think
|
|move|p1a: Mew|Cosmic Power|p1a: Mew
|-boost|p1a: Mew|def|1
|-boost|p1a: Mew|spd|1
|move|p2a: Cursola|Shadow Ball|p1a: Mew
|-supereffective|p1a: Mew
|-damage|p1a: Mew|15/100
|-damage|p2a: Cursola|42/100|[from] item: Life Orb
|
|-heal|p1a: Mew|21/100|[from] item: Leftovers
|upkeep
|turn|18
|inactive|pokebinh has 120 seconds left.
|
|move|p1a: Mew|Rest|p1a: Mew
|-status|p1a: Mew|slp|[from] move: Rest
|-heal|p1a: Mew|100/100 slp|[silent]
|move|p2a: Cursola|Shadow Ball|p1a: Mew
|-supereffective|p1a: Mew
|-damage|p1a: Mew|74/100 slp
|-damage|p2a: Cursola|33/100|[from] item: Life Orb
|
|-heal|p1a: Mew|80/100 slp|[from] item: Leftovers
|upkeep
|turn|19
|c|☆Literally A Bear|oh fucj
|inactive|pokebinh has 120 seconds left.
|
|switch|p2a: Runerigus|Runerigus, M|100/100
|cant|p1a: Mew|slp
|
|-heal|p1a: Mew|86/100 slp|[from] item: Leftovers
|upkeep
|turn|20
|
|cant|p1a: Mew|slp
|move|p2a: Runerigus|Trick Room|p2a: Runerigus
|-fieldstart|move: Trick Room|[of] p2a: Runerigus
|
|-heal|p1a: Mew|92/100 slp|[from] item: Leftovers
|upkeep
|turn|21
|
|move|p2a: Runerigus|Taunt|p1a: Mew
|-start|p1a: Mew|move: Taunt
|-curestatus|p1a: Mew|slp|[msg]
|move|p1a: Mew|Stored Power|p2a: Runerigus
|-damage|p2a: Runerigus|38/100
|
|-heal|p1a: Mew|98/100|[from] item: Leftovers
|upkeep
|turn|22
|
|move|p2a: Runerigus|Memento|p1a: Mew
|-unboost|p1a: Mew|atk|2
|-unboost|p1a: Mew|spa|2
|faint|p2a: Runerigus
|move|p1a: Mew|Stored Power|p2: Runerigus|[notarget]
|-fail|p1a: Mew
|
|-heal|p1a: Mew|100/100|[from] item: Leftovers
|upkeep
|
|switch|p2a: Perrserker|Perrserker, M|100/100
|turn|23
|
|move|p2a: Perrserker|Gyro Ball|p1a: Mew
|-damage|p1a: Mew|91/100
|move|p1a: Mew|Body Press|p2a: Perrserker
|-supereffective|p2a: Perrserker
|-damage|p2a: Perrserker|7/100
|
|-heal|p2a: Perrserker|14/100|[from] item: Leftovers
|-heal|p1a: Mew|97/100|[from] item: Leftovers
|-end|p1a: Mew|move: Taunt
|upkeep
|turn|24
|c|☆Literally A Bear|gg
|-message|Literally A Bear forfeited.
|
|win|pokebinh
|l|☆Literally A Bear
|raw|pokebinh's rating: 1068 → 1093(+25 for winning)
|raw|Literally A Bear's rating: 1009 → 1000(-9 for losing)
