|ScrapeTime|2020-01-01-04:36:41
|j|☆Dawnmoon昼月.
|j|☆MOB SNARLY
|player|p1|Dawnmoon昼月.|gambler|1838
|player|p2|MOB SNARLY|swimmer-gen4dp|1726
|teamsize|p1|6
|teamsize|p2|6
|gametype|singles
|gen|8
|tier|[Gen 8] OU
|rated|
|rule|Sleep Clause Mod: Limit one foe put to sleep
|rule|Species Clause: Limit one of each Pokémon
|rule|OHKO Clause: OHKO moves are banned
|rule|Evasion Moves Clause: Evasion moves are banned
|rule|Endless Battle Clause: Forcing endless battles is banned
|rule|HP Percentage Mod: HP is shown in percentages
|clearpoke
|poke|p1|Toxapex, M|
|poke|p1|Chandelure, M|
|poke|p1|Dugtrio, M|
|poke|p1|Hatterene, F|
|poke|p1|Corviknight, F|
|poke|p1|Ditto|
|poke|p2|Dracovish|
|poke|p2|Mimikyu, F|
|poke|p2|Mew|
|poke|p2|Excadrill, F|
|poke|p2|Conkeldurr, M|
|poke|p2|Hydreigon, M|
|rule|Dynamax Clause: You cannot dynamax
|teampreview
|j| chineseTHEshit
|j| ithinkim
|
|start
|switch|p1a: Condemnation Wings|Corviknight, F|100/100
|switch|p2a: Mew|Mew|100/100
|turn|1
|j| TheLindomar
|j|‽obesity z0mog
|j| mouse de frank
|j| habajiga
|
|move|p2a: Mew|Skill Swap|p1a: Condemnation Wings
|-activate|p2a: Mew|move: Skill Swap|Mirror Armor|Synchronize|[of] p1a: Condemnation Wings
|move|p1a: Condemnation Wings|U-turn|p2a: Mew
|-supereffective|p2a: Mew
|-damage|p2a: Mew|78/100
|-enditem|p2a: Mew|Red Card|[of] p1a: Condemnation Wings
|drag|p1a: Walpurgisnacht.|Hatterene, F|100/100
|
|upkeep
|turn|2
|
|switch|p1a: Spirit of fire.|Chandelure, M, shiny|100/100
|move|p2a: Mew|Skill Swap|p1a: Spirit of fire.
|-activate|p2a: Mew|move: Skill Swap|Infiltrator|Mirror Armor|[of] p1a: Spirit of fire.
|
|upkeep
|turn|3
|
|move|p2a: Mew|Stealth Rock|p1a: Spirit of fire.
|-sidestart|p1: Dawnmoon昼月.|move: Stealth Rock
|move|p1a: Spirit of fire.|Shadow Ball|p2a: Mew
|-supereffective|p2a: Mew
|-damage|p2a: Mew|0 fnt
|faint|p2a: Mew
|
|upkeep
|
|switch|p2a: Mimikyu|Mimikyu, F|100/100
|turn|4
|
|switch|p1a: Condemnation Wings|Corviknight, F|100/100
|-damage|p1a: Condemnation Wings|88/100|[from] Stealth Rock
|move|p2a: Mimikyu|Swords Dance|p2a: Mimikyu
|-boost|p2a: Mimikyu|atk|2
|
|-heal|p1a: Condemnation Wings|94/100|[from] item: Leftovers
|upkeep
|turn|5
|j| prem1932
|
|move|p2a: Mimikyu|Swords Dance|p2a: Mimikyu
|-boost|p2a: Mimikyu|atk|2
|move|p1a: Condemnation Wings|Defog|p2a: Mimikyu
|-unboost|p2a: Mimikyu|evasion|1
|-sideend|p1: Dawnmoon昼月.|Stealth Rock|[from] move: Defog|[of] p1a: Condemnation Wings
|
|-heal|p1a: Condemnation Wings|99/100|[from] item: Leftovers
|upkeep
|turn|6
|
|move|p2a: Mimikyu|Swords Dance|p2a: Mimikyu
|-boost|p2a: Mimikyu|atk|2
|move|p1a: Condemnation Wings|U-turn|p2a: Mimikyu
|-activate|p2a: Mimikyu|ability: Disguise
|-damage|p2a: Mimikyu|100/100
|detailschange|p2a: Mimikyu|Mimikyu-Busted, F
|-damage|p2a: Mimikyu|88/100|[from] ability: Disguise|[of] p2a: Mimikyu
|
|switch|p1a: Blazblue.|Ditto, shiny|100/100|[from]move: U-turn
|-transform|p1a: Blazblue.|p2a: Mimikyu|[from] ability: Imposter
|
|upkeep
|turn|7
|
|switch|p2a: Hydreigon|Hydreigon, M|100/100
|move|p1a: Blazblue.|Shadow Sneak|p2a: Hydreigon
|-resisted|p2a: Hydreigon
|-damage|p2a: Hydreigon|58/100
|
|upkeep
|turn|8
|
|switch|p1a: Condemnation Wings|Corviknight, F|99/100
|move|p2a: Hydreigon|Nasty Plot|p2a: Hydreigon
|-boost|p2a: Hydreigon|spa|2
|
|-heal|p1a: Condemnation Wings|100/100|[from] item: Leftovers
|upkeep
|turn|9
|
|move|p2a: Hydreigon|Dark Pulse|p1a: Condemnation Wings
|-damage|p1a: Condemnation Wings|32/100
|-damage|p2a: Hydreigon|48/100|[from] item: Life Orb
|move|p1a: Condemnation Wings|U-turn|p2a: Hydreigon
|-supereffective|p2a: Hydreigon
|-damage|p2a: Hydreigon|17/100
|inactive|Battle timer is ON: inactive players will automatically lose when time's up. (requested by MOB SNARLY)
|
|switch|p1a: Blazblue.|Ditto, shiny|100/100|[from]move: U-turn
|-transform|p1a: Blazblue.|p2a: Hydreigon|[from] ability: Imposter
|
|upkeep
|turn|10
|
|move|p1a: Blazblue.|Dark Pulse|p2a: Hydreigon
|-resisted|p2a: Hydreigon
|-damage|p2a: Hydreigon|0 fnt
|faint|p2a: Hydreigon
|
|upkeep
|
|switch|p2a: Conkeldurr|Conkeldurr, M|100/100
|turn|11
|
|switch|p1a: Spirit of fire.|Chandelure, M, shiny|100/100
|move|p2a: Conkeldurr|Earthquake|p1a: Spirit of fire.
|-supereffective|p1a: Spirit of fire.
|-damage|p1a: Spirit of fire.|0 fnt
|faint|p1a: Spirit of fire.
|
|-status|p2a: Conkeldurr|brn|[from] item: Flame Orb
|upkeep
|
|switch|p1a: Walpurgisnacht.|Hatterene, F|100/100
|turn|12
|
|switch|p1a: Jaeger.|Dugtrio, M|100/100
|move|p2a: Conkeldurr|Poison Jab|p1a: Jaeger.
|-resisted|p1a: Jaeger.
|-damage|p1a: Jaeger.|36/100
|
|-damage|p2a: Conkeldurr|94/100 brn|[from] brn
|upkeep
|turn|13
|
|switch|p1a: Condemnation Wings|Corviknight, F|32/100
|move|p2a: Conkeldurr|Drain Punch|p1a: Condemnation Wings
|-damage|p1a: Condemnation Wings|0 fnt
|-heal|p2a: Conkeldurr|100/100 brn|[from] drain|[of] p1a: Condemnation Wings
|faint|p1a: Condemnation Wings
|
|-damage|p2a: Conkeldurr|94/100 brn|[from] brn
|upkeep
|
|switch|p1a: Walpurgisnacht.|Hatterene, F|100/100
|turn|14
|
|move|p2a: Conkeldurr|Poison Jab|p1a: Walpurgisnacht.
|-supereffective|p1a: Walpurgisnacht.
|-damage|p1a: Walpurgisnacht.|1/100
|move|p1a: Walpurgisnacht.|Psyshock|p2a: Conkeldurr
|-supereffective|p2a: Conkeldurr
|-damage|p2a: Conkeldurr|12/100 brn
|
|-heal|p1a: Walpurgisnacht.|7/100|[from] item: Leftovers
|-damage|p2a: Conkeldurr|6/100 brn|[from] brn
|upkeep
|turn|15
|l| ithinkim
|
|move|p2a: Conkeldurr|Drain Punch|p1a: Walpurgisnacht.
|-resisted|p1a: Walpurgisnacht.
|-damage|p1a: Walpurgisnacht.|0 fnt
|-heal|p2a: Conkeldurr|9/100 brn|[from] drain|[of] p1a: Walpurgisnacht.
|faint|p1a: Walpurgisnacht.
|
|-damage|p2a: Conkeldurr|3/100 brn|[from] brn
|upkeep
|
|switch|p1a: Jaeger.|Dugtrio, M|36/100
|turn|16
|j| parabola22
|
|move|p1a: Jaeger.|Sucker Punch|p2a: Conkeldurr
|-resisted|p2a: Conkeldurr
|-damage|p2a: Conkeldurr|0 fnt
|faint|p2a: Conkeldurr
|
|upkeep
|j| ithinkim
|l| ithinkim
|
|switch|p2a: Excadrill|Excadrill, F|100/100
|-ability|p2a: Excadrill|Mold Breaker
|-item|p2a: Excadrill|Air Balloon
|turn|17
|
|move|p1a: Jaeger.|Reversal|p2a: Excadrill
|-supereffective|p2a: Excadrill
|-damage|p2a: Excadrill|31/100
|-enditem|p2a: Excadrill|Air Balloon
|move|p2a: Excadrill|Earthquake|p1a: Jaeger.
|-damage|p1a: Jaeger.|0 fnt
|faint|p1a: Jaeger.
|
|upkeep
|
|switch|p1a: Blazblue.|Ditto, shiny|100/100
|-transform|p1a: Blazblue.|p2a: Excadrill|[from] ability: Imposter
|-ability|p1a: Blazblue.|Mold Breaker
|turn|18
|
|move|p1a: Blazblue.|Earthquake|p2a: Excadrill
|-supereffective|p2a: Excadrill
|-damage|p2a: Excadrill|0 fnt
|faint|p2a: Excadrill
|
|upkeep
|
|switch|p2a: Dracovish|Dracovish|100/100
|turn|19
|j| myjava
|
|switch|p1a: Thin red line.|Toxapex, M, shiny|100/100
|move|p2a: Dracovish|Fishious Rend|p1a: Thin red line.
|-resisted|p1a: Thin red line.
|-damage|p1a: Thin red line.|63/100
|
|-heal|p1a: Thin red line.|69/100|[from] item: Black Sludge
|upkeep
|turn|20
|
|switch|p1a: Blazblue.|Ditto, shiny|100/100
|-transform|p1a: Blazblue.|p2a: Dracovish|[from] ability: Imposter
|move|p2a: Dracovish|Fishious Rend|p1a: Blazblue.
|-resisted|p1a: Blazblue.
|-damage|p1a: Blazblue.|68/100
|
|upkeep
|turn|21
|
|move|p2a: Dracovish|Fishious Rend|p1a: Blazblue.
|-resisted|p1a: Blazblue.
|-damage|p1a: Blazblue.|37/100
|move|p1a: Blazblue.|Fishious Rend|p2a: Dracovish
|-resisted|p2a: Dracovish
|-damage|p2a: Dracovish|86/100
|
|upkeep
|turn|22
|
|move|p1a: Blazblue.|Fishious Rend|p2a: Dracovish
|-resisted|p2a: Dracovish
|-damage|p2a: Dracovish|53/100
|move|p2a: Dracovish|Fishious Rend|p1a: Blazblue.
|-resisted|p1a: Blazblue.
|-damage|p1a: Blazblue.|19/100
|
|upkeep
|turn|23
|
|switch|p1a: Thin red line.|Toxapex, M, shiny|100/100
|move|p2a: Dracovish|Fishious Rend|p1a: Thin red line.
|-resisted|p1a: Thin red line.
|-damage|p1a: Thin red line.|68/100
|
|-heal|p1a: Thin red line.|74/100|[from] item: Black Sludge
|upkeep
|turn|24
|
|move|p2a: Dracovish|Fishious Rend|p1a: Thin red line.
|-resisted|p1a: Thin red line.
|-damage|p1a: Thin red line.|41/100
|move|p1a: Thin red line.|Toxic|p2a: Dracovish
|-status|p2a: Dracovish|tox
|
|-heal|p1a: Thin red line.|47/100|[from] item: Black Sludge
|-damage|p2a: Dracovish|47/100 tox|[from] psn
|upkeep
|turn|25
|
|switch|p2a: Mimikyu|Mimikyu-Busted, F|88/100
|move|p1a: Thin red line.|Recover|p1a: Thin red line.
|-heal|p1a: Thin red line.|98/100
|
|-heal|p1a: Thin red line.|100/100|[from] item: Black Sludge
|upkeep
|turn|26
|
|move|p2a: Mimikyu|Swords Dance|p2a: Mimikyu
|-boost|p2a: Mimikyu|atk|2
|move|p1a: Thin red line.|Scald|p2a: Mimikyu
|-damage|p2a: Mimikyu|66/100
|-status|p2a: Mimikyu|brn
|
|-damage|p2a: Mimikyu|60/100 brn|[from] brn
|upkeep
|turn|27
|c|☆MOB SNARLY|lol
|-message|MOB SNARLY forfeited.
|
|win|Dawnmoon昼月.
|l|☆MOB SNARLY
|raw|Dawnmoon昼月.'s rating: 1838 → 1852(+14 for winning)
|raw|MOB SNARLY's rating: 1726 → 1712(-14 for losing)
|l|‽obesity z0mog
|l| habajiga
