|ScrapeTime|2020-01-02-12:35:01
|j|☆Spiderz
|j|☆caagle
|player|p1|Spiderz|byron|1433
|player|p2|caagle|169|1429
|teamsize|p1|6
|teamsize|p2|6
|gametype|singles
|gen|8
|tier|[Gen 8] OU
|rated|
|rule|Sleep Clause Mod: Limit one foe put to sleep
|rule|Species Clause: Limit one of each Pokémon
|rule|OHKO Clause: OHKO moves are banned
|rule|Evasion Moves Clause: Evasion moves are banned
|rule|Endless Battle Clause: Forcing endless battles is banned
|rule|HP Percentage Mod: HP is shown in percentages
|clearpoke
|poke|p1|Corviknight, M|
|poke|p1|Rotom-Heat|
|poke|p1|Dragapult, F|
|poke|p1|Dracovish|
|poke|p1|Clefable, M|
|poke|p1|Mandibuzz, F|
|poke|p2|Pincurchin, F|
|poke|p2|Togekiss, F|
|poke|p2|Hawlucha, M|
|poke|p2|Excadrill, M|
|poke|p2|Dracozolt|
|poke|p2|Seismitoad, M|
|rule|Dynamax Clause: You cannot dynamax
|teampreview
|inactive|Battle timer is ON: inactive players will automatically lose when time's up. (requested by caagle)
|
|start
|switch|p1a: Clefable|Clefable, M|100/100
|switch|p2a: Pincurchin|Pincurchin, F|100/100
|-fieldstart|move: Electric Terrain|[from] ability: Electric Surge|[of] p2a: Pincurchin
|turn|1
|
|move|p1a: Clefable|Fire Blast|p2a: Pincurchin
|-damage|p2a: Pincurchin|47/100
|move|p2a: Pincurchin|Spikes|p1a: Clefable
|-sidestart|p1: Spiderz|Spikes
|
|-heal|p2a: Pincurchin|53/100|[from] item: Leftovers
|upkeep
|turn|2
|
|switch|p2a: Excadrill|Excadrill, M|100/100
|-ability|p2a: Excadrill|Mold Breaker
|-item|p2a: Excadrill|Air Balloon
|move|p1a: Clefable|Moonblast|p2a: Excadrill
|-resisted|p2a: Excadrill
|-damage|p2a: Excadrill|59/100
|-enditem|p2a: Excadrill|Air Balloon
|
|upkeep
|turn|3
|
|switch|p2a: Togekiss|Togekiss, F|100/100
|switch|p1a: Mandibuzz|Mandibuzz, F|100/100
|
|upkeep
|turn|4
|
|move|p2a: Togekiss|Nasty Plot|p2a: Togekiss
|-boost|p2a: Togekiss|spa|2
|move|p1a: Mandibuzz|Defog|p2a: Togekiss
|-unboost|p2a: Togekiss|evasion|1
|-sideend|p1: Spiderz|Spikes|[from] move: Defog|[of] p1a: Mandibuzz
|-fieldend|move: Electric Terrain
|
|upkeep
|turn|5
|
|switch|p1a: Rotom|Rotom-Heat|100/100
|move|p2a: Togekiss|Dazzling Gleam|p1a: Rotom
|-resisted|p1a: Rotom
|-damage|p1a: Rotom|49/100
|
|upkeep
|turn|6
|
|switch|p1a: Clefable|Clefable, M|100/100
|move|p2a: Togekiss|Dazzling Gleam|p1a: Clefable
|-damage|p1a: Clefable|24/100
|
|upkeep
|turn|7
|
|move|p2a: Togekiss|Dazzling Gleam|p1a: Clefable
|-damage|p1a: Clefable|0 fnt
|faint|p1a: Clefable
|
|upkeep
|
|switch|p1a: Rotom|Rotom-Heat|49/100
|turn|8
|
|switch|p2a: Excadrill|Excadrill, M|59/100
|-ability|p2a: Excadrill|Mold Breaker
|move|p1a: Rotom|Thunderbolt|p2a: Excadrill
|-immune|p2a: Excadrill
|
|upkeep
|turn|9
|
|switch|p1a: Dracovish|Dracovish|100/100
|switch|p2a: Togekiss|Togekiss, F|100/100
|
|upkeep
|turn|10
|
|switch|p1a: Dragapult|Dragapult, F|100/100
|switch|p2a: Seismitoad|Seismitoad, M|100/100
|
|upkeep
|turn|11
|
|move|p1a: Dragapult|Substitute|p1a: Dragapult
|-start|p1a: Dragapult|Substitute
|-damage|p1a: Dragapult|76/100
|move|p2a: Seismitoad|Toxic||[still]
|-fail|p2a: Seismitoad
|
|-heal|p1a: Dragapult|82/100|[from] item: Leftovers
|upkeep
|turn|12
|
|move|p1a: Dragapult|Dragon Dance|p1a: Dragapult
|-boost|p1a: Dragapult|atk|1
|-boost|p1a: Dragapult|spe|1
|move|p2a: Seismitoad|Earthquake|p1a: Dragapult
|-end|p1a: Dragapult|Substitute
|
|-heal|p1a: Dragapult|88/100|[from] item: Leftovers
|upkeep
|turn|13
|
|move|p1a: Dragapult|Dragon Darts|p2a: Seismitoad
|-damage|p2a: Seismitoad|73/100
|-damage|p2a: Seismitoad|46/100
|-hitcount|p2a: Seismitoad|2
|move|p2a: Seismitoad|Earthquake|p1a: Dragapult
|-damage|p1a: Dragapult|41/100
|
|-heal|p1a: Dragapult|47/100|[from] item: Leftovers
|-heal|p2a: Seismitoad|52/100|[from] item: Leftovers
|upkeep
|turn|14
|
|move|p1a: Dragapult|Phantom Force||[still]
|-prepare|p1a: Dragapult|Phantom Force|p2a: Seismitoad
|move|p2a: Seismitoad|Earthquake|p1a: Dragapult|[miss]
|-miss|p2a: Seismitoad|p1a: Dragapult
|
|-heal|p1a: Dragapult|53/100|[from] item: Leftovers
|-heal|p2a: Seismitoad|58/100|[from] item: Leftovers
|upkeep
|turn|15
|
|move|p1a: Dragapult|Phantom Force|p2a: Seismitoad|[from]lockedmove
|-damage|p2a: Seismitoad|5/100
|move|p2a: Seismitoad|Earthquake|p1a: Dragapult
|-damage|p1a: Dragapult|6/100
|-start|p2a: Seismitoad|Disable|Earthquake|[from] ability: Cursed Body|[of] p1a: Dragapult
|
|-heal|p1a: Dragapult|12/100|[from] item: Leftovers
|-heal|p2a: Seismitoad|11/100|[from] item: Leftovers
|upkeep
|turn|16
|
|move|p2a: Seismitoad|Protect|p2a: Seismitoad
|-singleturn|p2a: Seismitoad|Protect
|move|p1a: Dragapult|Dragon Darts|p2a: Seismitoad
|-activate|p2a: Seismitoad|move: Protect
|
|-heal|p1a: Dragapult|18/100|[from] item: Leftovers
|-heal|p2a: Seismitoad|17/100|[from] item: Leftovers
|upkeep
|turn|17
|
|move|p1a: Dragapult|Dragon Darts|p2a: Seismitoad
|-damage|p2a: Seismitoad|0 fnt
|-hitcount|p2a: Seismitoad|1
|faint|p2a: Seismitoad
|
|-heal|p1a: Dragapult|24/100|[from] item: Leftovers
|upkeep
|
|switch|p2a: Pincurchin|Pincurchin, F|53/100
|-fieldstart|move: Electric Terrain|[from] ability: Electric Surge|[of] p2a: Pincurchin
|turn|18
|
|move|p1a: Dragapult|Dragon Dance|p1a: Dragapult
|-boost|p1a: Dragapult|atk|1
|-boost|p1a: Dragapult|spe|1
|move|p2a: Pincurchin|Spikes|p1a: Dragapult
|-sidestart|p1: Spiderz|Spikes
|
|-heal|p1a: Dragapult|30/100|[from] item: Leftovers
|-heal|p2a: Pincurchin|59/100|[from] item: Leftovers
|upkeep
|turn|19
|
|move|p1a: Dragapult|Dragon Darts|p2a: Pincurchin
|-damage|p2a: Pincurchin|4/100
|-damage|p2a: Pincurchin|0 fnt
|-hitcount|p2a: Pincurchin|2
|faint|p2a: Pincurchin
|
|-heal|p1a: Dragapult|36/100|[from] item: Leftovers
|upkeep
|
|switch|p2a: Hawlucha|Hawlucha, M|100/100
|-enditem|p2a: Hawlucha|Electric Seed
|-boost|p2a: Hawlucha|def|1
|turn|20
|
|move|p1a: Dragapult|Dragon Darts|p2a: Hawlucha
|-damage|p2a: Hawlucha|56/100
|-crit|p2a: Hawlucha
|-damage|p2a: Hawlucha|0 fnt
|-hitcount|p2a: Hawlucha|2
|faint|p2a: Hawlucha
|
|-heal|p1a: Dragapult|42/100|[from] item: Leftovers
|upkeep
|c|☆caagle|HAHAHAHAHAHAHAHHAHA
|c|☆caagle|LOOOOOOOOOOOOOOOOOOOL
|c|☆Spiderz|im
|c|☆Spiderz|so
|c|☆caagle|fuck hax
|c|☆Spiderz|sorry
|c|☆Spiderz|bro
|
|switch|p2a: Togekiss|Togekiss, F|100/100
|turn|21
|c|☆Spiderz|im
|c|☆Spiderz|actually so sorry my guy
|
|move|p1a: Dragapult|Phantom Force||[still]
|-prepare|p1a: Dragapult|Phantom Force|p2a: Togekiss
|move|p2a: Togekiss|Nasty Plot|p2a: Togekiss
|-boost|p2a: Togekiss|spa|2
|
|-heal|p1a: Dragapult|48/100|[from] item: Leftovers
|upkeep
|turn|22
|
|move|p1a: Dragapult|Phantom Force|p2a: Togekiss|[from]lockedmove
|-damage|p2a: Togekiss|0 fnt
|faint|p2a: Togekiss
|
|-heal|p1a: Dragapult|54/100|[from] item: Leftovers
|-fieldend|move: Electric Terrain
|upkeep
|c|☆caagle|this mon is so broken
|c|☆caagle|and if u have hax...
|-message|caagle forfeited.
|
|win|Spiderz
|l|☆caagle
|raw|Spiderz's rating: 1433 → 1453(+20 for winning)
|raw|caagle's rating: 1429 → 1409(-20 for losing)
