|ScrapeTime|2020-01-02-13:55:10
|j|☆Taki_Ghoul
|j|☆Yomodo
|player|p1|Taki_Ghoul|silver|1047
|player|p2|Yomodo|219|1087
|teamsize|p1|6
|teamsize|p2|6
|gametype|singles
|gen|8
|tier|[Gen 8] OU
|rated|
|rule|Sleep Clause Mod: Limit one foe put to sleep
|rule|Species Clause: Limit one of each Pokémon
|rule|OHKO Clause: OHKO moves are banned
|rule|Evasion Moves Clause: Evasion moves are banned
|rule|Endless Battle Clause: Forcing endless battles is banned
|rule|HP Percentage Mod: HP is shown in percentages
|clearpoke
|poke|p1|Aegislash, M|
|poke|p1|Dragapult, M|
|poke|p1|Cloyster, M|
|poke|p1|Ferrothorn, M|
|poke|p1|Cinderace, M|
|poke|p1|Hatterene, F|
|poke|p2|Corviknight, F|
|poke|p2|Dracovish|
|poke|p2|Grimmsnarl, M|
|poke|p2|Corsola-Galar, M|
|poke|p2|Toxtricity, M|
|poke|p2|Conkeldurr, F|
|rule|Dynamax Clause: You cannot dynamax
|teampreview
|
|start
|switch|p1a: Hatterene|Hatterene, F, shiny|100/100
|switch|p2a: Corsola|Corsola-Galar, M|100/100
|turn|1
|
|move|p2a: Corsola|Hex|p1a: Hatterene
|-supereffective|p1a: Hatterene
|-damage|p1a: Hatterene|69/100
|move|p1a: Hatterene|Calm Mind|p1a: Hatterene
|-boost|p1a: Hatterene|spa|1
|-boost|p1a: Hatterene|spd|1
|
|upkeep
|turn|2
|
|move|p1a: Hatterene|Protect|p1a: Hatterene
|-singleturn|p1a: Hatterene|Protect
|move|p2a: Corsola|Hex|p1a: Hatterene
|-activate|p1a: Hatterene|move: Protect
|
|upkeep
|turn|3
|
|move|p2a: Corsola|Hex|p1a: Hatterene
|-supereffective|p1a: Hatterene
|-damage|p1a: Hatterene|46/100
|-enditem|p1a: Hatterene|Sitrus Berry|[eat]
|-heal|p1a: Hatterene|70/100|[from] item: Sitrus Berry
|move|p1a: Hatterene|Calm Mind|p1a: Hatterene
|-boost|p1a: Hatterene|spa|1
|-boost|p1a: Hatterene|spd|1
|
|upkeep
|turn|4
|
|move|p2a: Corsola|Hex|p1a: Hatterene
|-supereffective|p1a: Hatterene
|-damage|p1a: Hatterene|54/100
|move|p1a: Hatterene|Calm Mind|p1a: Hatterene
|-boost|p1a: Hatterene|spa|1
|-boost|p1a: Hatterene|spd|1
|
|upkeep
|turn|5
|
|move|p2a: Corsola|Hex|p1a: Hatterene
|-supereffective|p1a: Hatterene
|-damage|p1a: Hatterene|40/100
|move|p1a: Hatterene|Calm Mind|p1a: Hatterene
|-boost|p1a: Hatterene|spa|1
|-boost|p1a: Hatterene|spd|1
|
|upkeep
|turn|6
|
|move|p2a: Corsola|Hex|p1a: Hatterene
|-supereffective|p1a: Hatterene
|-damage|p1a: Hatterene|28/100
|move|p1a: Hatterene|Calm Mind|p1a: Hatterene
|-boost|p1a: Hatterene|spa|1
|-boost|p1a: Hatterene|spd|1
|
|upkeep
|turn|7
|
|move|p2a: Corsola|Hex|p1a: Hatterene
|-supereffective|p1a: Hatterene
|-damage|p1a: Hatterene|18/100
|move|p1a: Hatterene|Calm Mind|p1a: Hatterene
|-boost|p1a: Hatterene|spa|1
|-boost|p1a: Hatterene|spd|1
|
|upkeep
|turn|8
|
|move|p1a: Hatterene|Protect|p1a: Hatterene
|-singleturn|p1a: Hatterene|Protect
|move|p2a: Corsola|Hex|p1a: Hatterene
|-activate|p1a: Hatterene|move: Protect
|
|upkeep
|turn|9
|
|move|p2a: Corsola|Hex|p1a: Hatterene
|-supereffective|p1a: Hatterene
|-damage|p1a: Hatterene|8/100
|move|p1a: Hatterene|Dazzling Gleam|p2a: Corsola
|-damage|p2a: Corsola|25/100
|
|upkeep
|turn|10
|
|switch|p1a: Cloyster|Cloyster, M, shiny|100/100
|move|p2a: Corsola|Hex|p1a: Cloyster
|-damage|p1a: Cloyster|59/100
|
|upkeep
|turn|11
|
|move|p1a: Cloyster|Icicle Spear|p2a: Corsola
|-damage|p2a: Corsola|17/100
|-damage|p2a: Corsola|8/100
|-damage|p2a: Corsola|0 fnt
|-hitcount|p2a: Corsola|3
|faint|p2a: Corsola
|
|upkeep
|inactive|Battle timer is ON: inactive players will automatically lose when time's up. (requested by Taki_Ghoul)
|
|switch|p2a: Conkeldurr|Conkeldurr, F|100/100
|turn|12
|
|move|p2a: Conkeldurr|Mach Punch|p1a: Cloyster
|-supereffective|p1a: Cloyster
|-damage|p1a: Cloyster|22/100
|-enditem|p1a: Cloyster|Sitrus Berry|[eat]
|-heal|p1a: Cloyster|47/100|[from] item: Sitrus Berry
|move|p1a: Cloyster|Shell Smash|p1a: Cloyster
|-unboost|p1a: Cloyster|def|1
|-unboost|p1a: Cloyster|spd|1
|-boost|p1a: Cloyster|atk|2
|-boost|p1a: Cloyster|spa|2
|-boost|p1a: Cloyster|spe|2
|
|-status|p2a: Conkeldurr|brn|[from] item: Flame Orb
|upkeep
|turn|13
|
|switch|p1a: Dragapult|Dragapult, M, shiny|100/100
|move|p2a: Conkeldurr|Mach Punch|p1a: Dragapult
|-immune|p1a: Dragapult
|
|-damage|p2a: Conkeldurr|94/100 brn|[from] brn
|upkeep
|turn|14
|
|move|p1a: Dragapult|Dragon Dance|p1a: Dragapult
|-boost|p1a: Dragapult|atk|1
|-boost|p1a: Dragapult|spe|1
|move|p2a: Conkeldurr|Ice Punch|p1a: Dragapult
|-supereffective|p1a: Dragapult
|-damage|p1a: Dragapult|0 fnt
|faint|p1a: Dragapult
|
|-damage|p2a: Conkeldurr|88/100 brn|[from] brn
|upkeep
|
|switch|p1a: Aegislash|Aegislash, M, shiny|100/100
|turn|15
|
|switch|p2a: Grimmsnarl|Grimmsnarl, M|100/100
|move|p1a: Aegislash|Swords Dance|p1a: Aegislash
|-boost|p1a: Aegislash|atk|2
|
|upkeep
|turn|16
|
|move|p1a: Aegislash|King's Shield|p1a: Aegislash
|-singleturn|p1a: Aegislash|Protect
|move|p2a: Grimmsnarl|Darkest Lariat|p1a: Aegislash
|-activate|p1a: Aegislash|move: Protect
|-unboost|p2a: Grimmsnarl|atk|1
|
|upkeep
|turn|17
|
|move|p1a: Aegislash|Swords Dance|p1a: Aegislash
|-boost|p1a: Aegislash|atk|2
|move|p2a: Grimmsnarl|Darkest Lariat|p1a: Aegislash
|-supereffective|p1a: Aegislash
|-damage|p1a: Aegislash|50/100
|
|-heal|p1a: Aegislash|56/100|[from] item: Leftovers
|upkeep
|turn|18
|
|switch|p2a: Toxtricity|Toxtricity, M|100/100
|move|p1a: Aegislash|King's Shield||[still]
|-fail|p1a: Aegislash
|
|-heal|p1a: Aegislash|62/100|[from] item: Leftovers
|upkeep
|turn|19
|
|move|p2a: Toxtricity|Boomburst|p1a: Aegislash
|-immune|p1a: Aegislash
|-formechange|p1a: Aegislash|Aegislash-Blade||[from] ability: Stance Change
|move|p1a: Aegislash|Sacred Sword|p2a: Toxtricity
|-resisted|p2a: Toxtricity
|-damage|p2a: Toxtricity|12/100
|
|-heal|p1a: Aegislash|68/100|[from] item: Leftovers
|upkeep
|turn|20
|
|-formechange|p1a: Aegislash|Aegislash||[from] ability: Stance Change
|move|p1a: Aegislash|King's Shield|p1a: Aegislash
|-singleturn|p1a: Aegislash|Protect
|move|p2a: Toxtricity|Overdrive|p1a: Aegislash
|-activate|p1a: Aegislash|move: Protect
|
|-heal|p1a: Aegislash|74/100|[from] item: Leftovers
|upkeep
|turn|21
|
|move|p2a: Toxtricity|Overdrive|p1a: Aegislash
|-damage|p1a: Aegislash|15/100
|-damage|p2a: Toxtricity|2/100|[from] item: Life Orb
|move|p1a: Aegislash|Swords Dance|p1a: Aegislash
|-boost|p1a: Aegislash|atk|2
|
|-heal|p1a: Aegislash|21/100|[from] item: Leftovers
|upkeep
|turn|22
|
|move|p1a: Aegislash|King's Shield|p1a: Aegislash
|-singleturn|p1a: Aegislash|Protect
|move|p2a: Toxtricity|Overdrive|p1a: Aegislash
|-activate|p1a: Aegislash|move: Protect
|
|-heal|p1a: Aegislash|27/100|[from] item: Leftovers
|upkeep
|turn|23
|
|-formechange|p1a: Aegislash|Aegislash-Blade||[from] ability: Stance Change
|move|p1a: Aegislash|Shadow Sneak|p2a: Toxtricity
|-damage|p2a: Toxtricity|0 fnt
|faint|p2a: Toxtricity
|
|-heal|p1a: Aegislash|33/100|[from] item: Leftovers
|upkeep
|
|switch|p2a: Grimmsnarl|Grimmsnarl, M|100/100
|turn|24
|
|-formechange|p1a: Aegislash|Aegislash||[from] ability: Stance Change
|move|p1a: Aegislash|King's Shield|p1a: Aegislash
|-singleturn|p1a: Aegislash|Protect
|move|p2a: Grimmsnarl|Darkest Lariat|p1a: Aegislash
|-activate|p1a: Aegislash|move: Protect
|-unboost|p2a: Grimmsnarl|atk|1
|
|-heal|p1a: Aegislash|39/100|[from] item: Leftovers
|upkeep
|turn|25
|
|-formechange|p1a: Aegislash|Aegislash-Blade||[from] ability: Stance Change
|move|p1a: Aegislash|Shadow Sneak|p2a: Grimmsnarl
|-resisted|p2a: Grimmsnarl
|-damage|p2a: Grimmsnarl|37/100
|move|p2a: Grimmsnarl|Darkest Lariat|p1a: Aegislash
|-supereffective|p1a: Aegislash
|-damage|p1a: Aegislash|0 fnt
|faint|p1a: Aegislash
|
|-heal|p2a: Grimmsnarl|43/100|[from] item: Leftovers
|upkeep
|
|switch|p1a: Cloyster|Cloyster, M, shiny|47/100
|turn|26
|
|move|p2a: Grimmsnarl|Thunder Wave|p1a: Cloyster
|-status|p1a: Cloyster|par
|move|p1a: Cloyster|Shell Smash|p1a: Cloyster
|-unboost|p1a: Cloyster|def|1
|-unboost|p1a: Cloyster|spd|1
|-boost|p1a: Cloyster|atk|2
|-boost|p1a: Cloyster|spa|2
|-boost|p1a: Cloyster|spe|2
|
|-heal|p2a: Grimmsnarl|49/100|[from] item: Leftovers
|upkeep
|turn|27
|
|move|p1a: Cloyster|Protect|p1a: Cloyster
|-singleturn|p1a: Cloyster|Protect
|move|p2a: Grimmsnarl|Darkest Lariat|p1a: Cloyster
|-activate|p1a: Cloyster|move: Protect
|
|-heal|p2a: Grimmsnarl|56/100|[from] item: Leftovers
|upkeep
|turn|28
|
|move|p1a: Cloyster|Icicle Spear|p2a: Grimmsnarl
|-damage|p2a: Grimmsnarl|29/100
|-damage|p2a: Grimmsnarl|0 fnt
|-hitcount|p2a: Grimmsnarl|2
|faint|p2a: Grimmsnarl
|
|upkeep
|
|switch|p2a: Conkeldurr|Conkeldurr, F|88/100 brn
|turn|29
|
|switch|p1a: Ferrothorn|Ferrothorn, M|100/100
|move|p2a: Conkeldurr|Mach Punch|p1a: Ferrothorn
|-supereffective|p1a: Ferrothorn
|-crit|p1a: Ferrothorn
|-damage|p1a: Ferrothorn|30/100
|-damage|p2a: Conkeldurr|76/100 brn|[from] ability: Iron Barbs|[of] p1a: Ferrothorn
|
|-damage|p2a: Conkeldurr|70/100 brn|[from] brn
|upkeep
|turn|30
|
|move|p2a: Conkeldurr|Drain Punch|p1a: Ferrothorn
|-supereffective|p1a: Ferrothorn
|-damage|p1a: Ferrothorn|0 fnt
|-heal|p2a: Conkeldurr|80/100 brn|[from] drain|[of] p1a: Ferrothorn
|-damage|p2a: Conkeldurr|68/100 brn|[from] ability: Iron Barbs|[of] p1a: Ferrothorn
|faint|p1a: Ferrothorn
|
|-damage|p2a: Conkeldurr|62/100 brn|[from] brn
|upkeep
|
|switch|p1a: Cinderace|Cinderace, M|100/100
|turn|31
|
|switch|p2a: Corviknight|Corviknight, F|100/100
|-ability|p2a: Corviknight|Pressure
|move|p1a: Cinderace|Pyro Ball|p2a: Corviknight|[miss]
|-miss|p1a: Cinderace|p2a: Corviknight
|
|upkeep
|turn|32
|
|move|p1a: Cinderace|Pyro Ball|p2a: Corviknight
|-supereffective|p2a: Corviknight
|-damage|p2a: Corviknight|0 fnt
|faint|p2a: Corviknight
|
|upkeep
|
|switch|p2a: Dracovish|Dracovish|100/100
|turn|33
|
|switch|p1a: Hatterene|Hatterene, F, shiny|8/100
|move|p2a: Dracovish|Fishious Rend|p1a: Hatterene
|-damage|p1a: Hatterene|0 fnt
|faint|p1a: Hatterene
|
|upkeep
|
|switch|p1a: Cloyster|Cloyster, M, shiny|47/100 par
|turn|34
|
|move|p2a: Dracovish|Fishious Rend|p1a: Cloyster
|-resisted|p1a: Cloyster
|-damage|p1a: Cloyster|0 fnt
|faint|p1a: Cloyster
|
|upkeep
|
|switch|p1a: Cinderace|Cinderace, M|100/100
|turn|35
|
|move|p1a: Cinderace|High Jump Kick|p2a: Dracovish
|-damage|p2a: Dracovish|44/100
|move|p2a: Dracovish|Fishious Rend|p1a: Cinderace
|-supereffective|p1a: Cinderace
|-damage|p1a: Cinderace|0 fnt
|faint|p1a: Cinderace
|
|win|Yomodo
|raw|Taki_Ghoul's rating: 1047 → 1032(-15 for losing)
|raw|Yomodo's rating: 1087 → 1111(+24 for winning)
|l|☆Taki_Ghoul
