|ScrapeTime|2020-01-01-21:28:52
|j|☆mayuchan
|j|☆Henryatom
|player|p1|mayuchan|fantina|1271
|player|p2|Henryatom|2|1257
|teamsize|p1|6
|teamsize|p2|6
|gametype|singles
|gen|8
|tier|[Gen 8] OU
|rated|
|rule|Sleep Clause Mod: Limit one foe put to sleep
|rule|Species Clause: Limit one of each Pokémon
|rule|OHKO Clause: OHKO moves are banned
|rule|Evasion Moves Clause: Evasion moves are banned
|rule|Endless Battle Clause: Forcing endless battles is banned
|rule|HP Percentage Mod: HP is shown in percentages
|clearpoke
|poke|p1|Dragapult, F|
|poke|p1|Tyranitar, M|
|poke|p1|Corviknight, M|
|poke|p1|Cinderace, F|
|poke|p1|Gastrodon, M|
|poke|p1|Mandibuzz, F|
|poke|p2|Dragapult, F|
|poke|p2|Cinderace, F|
|poke|p2|Ferrothorn, F|
|poke|p2|Toxtricity, F|
|poke|p2|Dracovish|
|poke|p2|Hatterene, F|
|rule|Dynamax Clause: You cannot dynamax
|teampreview
|inactive|Battle timer is ON: inactive players will automatically lose when time's up. (requested by mayuchan)
|
|start
|switch|p1a: Cinderace|Cinderace, F|100/100
|switch|p2a: Hatterene|Hatterene, F|100/100
|turn|1
|
|move|p1a: Cinderace|U-turn|p2a: Hatterene
|-damage|p2a: Hatterene|81/100
|
|switch|p1a: Tyranitar|Tyranitar, M|100/100|[from]move: U-turn
|-weather|Sandstorm|[from] ability: Sand Stream|[of] p1a: Tyranitar
|move|p2a: Hatterene|Calm Mind|p2a: Hatterene
|-boost|p2a: Hatterene|spa|1
|-boost|p2a: Hatterene|spd|1
|
|-weather|Sandstorm|[upkeep]
|-damage|p2a: Hatterene|75/100|[from] Sandstorm
|-heal|p2a: Hatterene|81/100|[from] item: Leftovers
|upkeep
|turn|2
|
|move|p1a: Tyranitar|Crunch|p2a: Hatterene
|-damage|p2a: Hatterene|53/100
|move|p2a: Hatterene|Draining Kiss|p1a: Tyranitar
|-supereffective|p1a: Tyranitar
|-damage|p1a: Tyranitar|84/100
|-heal|p2a: Hatterene|69/100|[from] drain|[of] p1a: Tyranitar
|
|-weather|Sandstorm|[upkeep]
|-damage|p2a: Hatterene|63/100|[from] Sandstorm
|-heal|p2a: Hatterene|69/100|[from] item: Leftovers
|upkeep
|turn|3
|
|move|p1a: Tyranitar|Stone Edge|p2a: Hatterene
|-damage|p2a: Hatterene|34/100
|move|p2a: Hatterene|Calm Mind|p2a: Hatterene
|-boost|p2a: Hatterene|spa|1
|-boost|p2a: Hatterene|spd|1
|
|-weather|Sandstorm|[upkeep]
|-damage|p2a: Hatterene|28/100|[from] Sandstorm
|-heal|p2a: Hatterene|34/100|[from] item: Leftovers
|upkeep
|turn|4
|
|move|p1a: Tyranitar|Stone Edge|p2a: Hatterene
|-crit|p2a: Hatterene
|-damage|p2a: Hatterene|0 fnt
|faint|p2a: Hatterene
|
|-weather|Sandstorm|[upkeep]
|upkeep
|
|switch|p2a: Dracovish|Dracovish|100/100
|turn|5
|
|switch|p1a: Gastrodon|Gastrodon, M|100/100
|move|p2a: Dracovish|Fishious Rend|p1a: Gastrodon
|-ability|p1a: Gastrodon|Storm Drain|boost
|-boost|p1a: Gastrodon|spa|1
|
|-weather|none
|upkeep
|turn|6
|
|move|p2a: Dracovish|Fishious Rend|p1a: Gastrodon
|-ability|p1a: Gastrodon|Storm Drain|boost
|-boost|p1a: Gastrodon|spa|1
|move|p1a: Gastrodon|Earth Power|p2a: Dracovish
|-damage|p2a: Dracovish|29/100
|
|upkeep
|turn|7
|inactive|Henryatom has 120 seconds left.
|
|switch|p2a: Ferrothorn|Ferrothorn, F|100/100
|move|p1a: Gastrodon|Earth Power|p2a: Ferrothorn
|-damage|p2a: Ferrothorn|51/100
|
|-heal|p2a: Ferrothorn|57/100|[from] item: Leftovers
|upkeep
|turn|8
|inactive|Henryatom has 120 seconds left.
|
|switch|p1a: Cinderace|Cinderace, F|100/100
|move|p2a: Ferrothorn|Power Whip|p1a: Cinderace
|-resisted|p1a: Cinderace
|-damage|p1a: Cinderace|74/100
|
|-heal|p2a: Ferrothorn|63/100|[from] item: Leftovers
|upkeep
|turn|9
|inactive|Henryatom has 120 seconds left.
|
|switch|p2a: Dracovish|Dracovish|29/100
|move|p1a: Cinderace|Pyro Ball|p2a: Dracovish|[miss]
|-miss|p1a: Cinderace|p2a: Dracovish
|
|upkeep
|turn|10
|inactive|Henryatom has 120 seconds left.
|
|switch|p1a: Gastrodon|Gastrodon, M|100/100
|move|p2a: Dracovish|Psychic Fangs|p1a: Gastrodon
|-damage|p1a: Gastrodon|66/100
|
|-heal|p1a: Gastrodon|72/100|[from] item: Leftovers
|upkeep
|turn|11
|inactive|Henryatom has 120 seconds left.
|
|switch|p2a: Ferrothorn|Ferrothorn, F|63/100
|move|p1a: Gastrodon|Earth Power|p2a: Ferrothorn
|-damage|p2a: Ferrothorn|39/100
|
|-heal|p1a: Gastrodon|78/100|[from] item: Leftovers
|-heal|p2a: Ferrothorn|46/100|[from] item: Leftovers
|upkeep
|turn|12
|
|switch|p1a: Cinderace|Cinderace, F|74/100
|move|p2a: Ferrothorn|Leech Seed|p1a: Cinderace
|-start|p1a: Cinderace|move: Leech Seed
|
|-heal|p2a: Ferrothorn|52/100|[from] item: Leftovers
|-damage|p1a: Cinderace|62/100|[from] Leech Seed|[of] p2a: Ferrothorn
|-heal|p2a: Ferrothorn|62/100|[silent]
|upkeep
|turn|13
|inactive|Henryatom has 120 seconds left.
|
|switch|p1a: Gastrodon|Gastrodon, M|78/100
|switch|p2a: Dracovish|Dracovish|29/100
|
|-heal|p1a: Gastrodon|84/100|[from] item: Leftovers
|upkeep
|turn|14
|
|move|p2a: Dracovish|Outrage|p1a: Gastrodon
|-damage|p1a: Gastrodon|39/100
|move|p1a: Gastrodon|Earth Power|p2a: Dracovish
|-damage|p2a: Dracovish|0 fnt
|faint|p2a: Dracovish
|
|-heal|p1a: Gastrodon|45/100|[from] item: Leftovers
|upkeep
|
|switch|p2a: Ferrothorn|Ferrothorn, F|62/100
|turn|15
|
|switch|p1a: Corviknight|Corviknight, M|100/100
|-ability|p1a: Corviknight|Pressure
|move|p2a: Ferrothorn|Gyro Ball|p1a: Corviknight
|-resisted|p1a: Corviknight
|-damage|p1a: Corviknight|85/100
|
|-heal|p1a: Corviknight|92/100|[from] item: Leftovers
|-heal|p2a: Ferrothorn|69/100|[from] item: Leftovers
|upkeep
|turn|16
|
|move|p1a: Corviknight|Substitute|p1a: Corviknight
|-start|p1a: Corviknight|Substitute
|-damage|p1a: Corviknight|67/100
|move|p2a: Ferrothorn|Leech Seed||[still]
|-fail|p2a: Ferrothorn
|
|-heal|p1a: Corviknight|73/100|[from] item: Leftovers
|-heal|p2a: Ferrothorn|75/100|[from] item: Leftovers
|upkeep
|turn|17
|
|move|p1a: Corviknight|Bulk Up|p1a: Corviknight
|-boost|p1a: Corviknight|atk|1
|-boost|p1a: Corviknight|def|1
|move|p2a: Ferrothorn|Gyro Ball|p1a: Corviknight
|-resisted|p1a: Corviknight
|-activate|p1a: Corviknight|move: Substitute|[damage]
|
|-heal|p1a: Corviknight|79/100|[from] item: Leftovers
|-heal|p2a: Ferrothorn|81/100|[from] item: Leftovers
|upkeep
|turn|18
|
|move|p1a: Corviknight|Bulk Up|p1a: Corviknight
|-boost|p1a: Corviknight|atk|1
|-boost|p1a: Corviknight|def|1
|move|p2a: Ferrothorn|Gyro Ball|p1a: Corviknight
|-resisted|p1a: Corviknight
|-activate|p1a: Corviknight|move: Substitute|[damage]
|
|-heal|p1a: Corviknight|85/100|[from] item: Leftovers
|-heal|p2a: Ferrothorn|87/100|[from] item: Leftovers
|upkeep
|turn|19
|
|move|p1a: Corviknight|Bulk Up|p1a: Corviknight
|-boost|p1a: Corviknight|atk|1
|-boost|p1a: Corviknight|def|1
|move|p2a: Ferrothorn|Curse|p2a: Ferrothorn
|-unboost|p2a: Ferrothorn|spe|1
|-boost|p2a: Ferrothorn|atk|1
|-boost|p2a: Ferrothorn|def|1
|
|-heal|p1a: Corviknight|92/100|[from] item: Leftovers
|-heal|p2a: Ferrothorn|94/100|[from] item: Leftovers
|upkeep
|turn|20
|
|move|p1a: Corviknight|Brave Bird|p2a: Ferrothorn
|-damage|p2a: Ferrothorn|60/100
|-damage|p1a: Corviknight|79/100|[from] ability: Iron Barbs|[of] p2a: Ferrothorn
|-damage|p1a: Corviknight|69/100|[from] Recoil
|move|p2a: Ferrothorn|Curse|p2a: Ferrothorn
|-unboost|p2a: Ferrothorn|spe|1
|-boost|p2a: Ferrothorn|atk|1
|-boost|p2a: Ferrothorn|def|1
|
|-heal|p1a: Corviknight|76/100|[from] item: Leftovers
|-heal|p2a: Ferrothorn|67/100|[from] item: Leftovers
|upkeep
|turn|21
|
|move|p1a: Corviknight|Bulk Up|p1a: Corviknight
|-boost|p1a: Corviknight|atk|1
|-boost|p1a: Corviknight|def|1
|move|p2a: Ferrothorn|Curse|p2a: Ferrothorn
|-unboost|p2a: Ferrothorn|spe|1
|-boost|p2a: Ferrothorn|atk|1
|-boost|p2a: Ferrothorn|def|1
|
|-heal|p1a: Corviknight|82/100|[from] item: Leftovers
|-heal|p2a: Ferrothorn|73/100|[from] item: Leftovers
|upkeep
|turn|22
|
|move|p1a: Corviknight|Bulk Up|p1a: Corviknight
|-boost|p1a: Corviknight|atk|1
|-boost|p1a: Corviknight|def|1
|move|p2a: Ferrothorn|Gyro Ball|p1a: Corviknight
|-resisted|p1a: Corviknight
|-end|p1a: Corviknight|Substitute
|
|-heal|p1a: Corviknight|88/100|[from] item: Leftovers
|-heal|p2a: Ferrothorn|79/100|[from] item: Leftovers
|upkeep
|turn|23
|
|move|p1a: Corviknight|Substitute|p1a: Corviknight
|-start|p1a: Corviknight|Substitute
|-damage|p1a: Corviknight|63/100
|move|p2a: Ferrothorn|Curse|p2a: Ferrothorn
|-unboost|p2a: Ferrothorn|spe|1
|-boost|p2a: Ferrothorn|atk|1
|-boost|p2a: Ferrothorn|def|1
|
|-heal|p1a: Corviknight|69/100|[from] item: Leftovers
|-heal|p2a: Ferrothorn|85/100|[from] item: Leftovers
|upkeep
|turn|24
|
|move|p1a: Corviknight|Bulk Up|p1a: Corviknight
|-boost|p1a: Corviknight|atk|1
|-boost|p1a: Corviknight|def|1
|move|p2a: Ferrothorn|Curse|p2a: Ferrothorn
|-unboost|p2a: Ferrothorn|spe|1
|-boost|p2a: Ferrothorn|atk|1
|-boost|p2a: Ferrothorn|def|1
|
|-heal|p1a: Corviknight|76/100|[from] item: Leftovers
|-heal|p2a: Ferrothorn|92/100|[from] item: Leftovers
|upkeep
|turn|25
|
|move|p1a: Corviknight|Brave Bird|p2a: Ferrothorn
|-damage|p2a: Ferrothorn|68/100
|-damage|p1a: Corviknight|63/100|[from] ability: Iron Barbs|[of] p2a: Ferrothorn
|-damage|p1a: Corviknight|56/100|[from] Recoil
|move|p2a: Ferrothorn|Curse|p2a: Ferrothorn
|-unboost|p2a: Ferrothorn|spe|1
|-boost|p2a: Ferrothorn|atk|1
|-boost|p2a: Ferrothorn|def|1
|
|-heal|p1a: Corviknight|62/100|[from] item: Leftovers
|-heal|p2a: Ferrothorn|74/100|[from] item: Leftovers
|upkeep
|turn|26
|
|move|p1a: Corviknight|Roost|p1a: Corviknight
|-heal|p1a: Corviknight|100/100
|-singleturn|p1a: Corviknight|move: Roost
|move|p2a: Ferrothorn|Power Whip|p1a: Corviknight
|-resisted|p1a: Corviknight
|-activate|p1a: Corviknight|move: Substitute|[damage]
|
|-heal|p2a: Ferrothorn|80/100|[from] item: Leftovers
|upkeep
|turn|27
|
|move|p1a: Corviknight|Brave Bird|p2a: Ferrothorn
|-damage|p2a: Ferrothorn|59/100
|-damage|p1a: Corviknight|88/100|[from] ability: Iron Barbs|[of] p2a: Ferrothorn
|-damage|p1a: Corviknight|82/100|[from] Recoil
|move|p2a: Ferrothorn|Power Whip|p1a: Corviknight
|-resisted|p1a: Corviknight
|-activate|p1a: Corviknight|move: Substitute|[damage]
|
|-heal|p1a: Corviknight|88/100|[from] item: Leftovers
|-heal|p2a: Ferrothorn|65/100|[from] item: Leftovers
|upkeep
|turn|28
|
|move|p1a: Corviknight|Brave Bird|p2a: Ferrothorn
|-damage|p2a: Ferrothorn|45/100
|-damage|p1a: Corviknight|75/100|[from] ability: Iron Barbs|[of] p2a: Ferrothorn
|-damage|p1a: Corviknight|70/100|[from] Recoil
|move|p2a: Ferrothorn|Power Whip|p1a: Corviknight
|-resisted|p1a: Corviknight
|-end|p1a: Corviknight|Substitute
|
|-heal|p1a: Corviknight|76/100|[from] item: Leftovers
|-heal|p2a: Ferrothorn|52/100|[from] item: Leftovers
|upkeep
|turn|29
|inactive|Henryatom has 120 seconds left.
|
|move|p1a: Corviknight|Substitute|p1a: Corviknight
|-start|p1a: Corviknight|Substitute
|-damage|p1a: Corviknight|51/100
|move|p2a: Ferrothorn|Power Whip|p1a: Corviknight
|-resisted|p1a: Corviknight
|-activate|p1a: Corviknight|move: Substitute|[damage]
|
|-heal|p1a: Corviknight|57/100|[from] item: Leftovers
|-heal|p2a: Ferrothorn|58/100|[from] item: Leftovers
|upkeep
|turn|30
|inactive|Henryatom has 120 seconds left.
|
|move|p1a: Corviknight|Brave Bird|p2a: Ferrothorn
|-damage|p2a: Ferrothorn|36/100
|-damage|p1a: Corviknight|45/100|[from] ability: Iron Barbs|[of] p2a: Ferrothorn
|-damage|p1a: Corviknight|38/100|[from] Recoil
|move|p2a: Ferrothorn|Power Whip|p1a: Corviknight
|-resisted|p1a: Corviknight
|-activate|p1a: Corviknight|move: Substitute|[damage]
|
|-heal|p1a: Corviknight|44/100|[from] item: Leftovers
|-heal|p2a: Ferrothorn|42/100|[from] item: Leftovers
|upkeep
|turn|31
|inactive|Henryatom has 120 seconds left.
|
|move|p1a: Corviknight|Roost|p1a: Corviknight
|-heal|p1a: Corviknight|94/100
|-singleturn|p1a: Corviknight|move: Roost
|move|p2a: Ferrothorn|Power Whip|p1a: Corviknight
|-resisted|p1a: Corviknight
|-end|p1a: Corviknight|Substitute
|
|-heal|p1a: Corviknight|100/100|[from] item: Leftovers
|-heal|p2a: Ferrothorn|48/100|[from] item: Leftovers
|upkeep
|turn|32
|inactive|Henryatom has 120 seconds left.
|
|switch|p2a: Cinderace|Cinderace, F|100/100
|move|p1a: Corviknight|Substitute|p1a: Corviknight
|-start|p1a: Corviknight|Substitute
|-damage|p1a: Corviknight|75/100
|
|-heal|p1a: Corviknight|82/100|[from] item: Leftovers
|upkeep
|turn|33
|inactive|Henryatom has 120 seconds left.
|
|move|p2a: Cinderace|Pyro Ball|p1a: Corviknight
|-supereffective|p1a: Corviknight
|-activate|p1a: Corviknight|move: Substitute|[damage]
|move|p1a: Corviknight|Brave Bird|p2a: Cinderace
|-damage|p2a: Cinderace|0 fnt
|-damage|p1a: Corviknight|57/100|[from] Recoil
|faint|p2a: Cinderace
|
|-heal|p1a: Corviknight|63/100|[from] item: Leftovers
|upkeep
|inactive|Henryatom has 120 seconds left.
|
|switch|p2a: Dragapult|Dragapult, F|100/100
|turn|34
|inactive|Henryatom has 120 seconds left.
|
|move|p2a: Dragapult|Phantom Force||[still]
|-prepare|p2a: Dragapult|Phantom Force|p1a: Corviknight
|move|p1a: Corviknight|Brave Bird|p2a: Dragapult|[miss]
|-miss|p1a: Corviknight|p2a: Dragapult
|
|-heal|p1a: Corviknight|69/100|[from] item: Leftovers
|upkeep
|turn|35
|
|move|p2a: Dragapult|Phantom Force|p1a: Corviknight|[from]lockedmove
|-damage|p1a: Corviknight|59/100
|move|p1a: Corviknight|Brave Bird|p2a: Dragapult
|-enditem|p2a: Dragapult|Focus Sash
|-damage|p2a: Dragapult|1/100
|-damage|p1a: Corviknight|33/100|[from] Recoil
|
|-heal|p1a: Corviknight|39/100|[from] item: Leftovers
|upkeep
|turn|36
|
|move|p2a: Dragapult|Dragon Darts|p1a: Corviknight
|-resisted|p1a: Corviknight
|-damage|p1a: Corviknight|37/100
|-resisted|p1a: Corviknight
|-damage|p1a: Corviknight|34/100
|-hitcount|p1a: Corviknight|2
|move|p1a: Corviknight|Roost|p1a: Corviknight
|-heal|p1a: Corviknight|84/100
|-singleturn|p1a: Corviknight|move: Roost
|
|-heal|p1a: Corviknight|90/100|[from] item: Leftovers
|upkeep
|turn|37
|-message|Henryatom forfeited.
|
|win|mayuchan
|l|☆Henryatom
|raw|mayuchan's rating: 1294 → 1317(+23 for winning)
|raw|Henryatom's rating: 1257 → 1235(-22 for losing)
