|ScrapeTime|2020-01-02-13:15:48
|j|☆rynowill
|j|☆Snakesilver
|player|p1|rynowill|145|1090
|player|p2|Snakesilver|23|1153
|teamsize|p1|6
|teamsize|p2|6
|gametype|singles
|gen|8
|tier|[Gen 8] OU
|rated|
|rule|Sleep Clause Mod: Limit one foe put to sleep
|rule|Species Clause: Limit one of each Pokémon
|rule|OHKO Clause: OHKO moves are banned
|rule|Evasion Moves Clause: Evasion moves are banned
|rule|Endless Battle Clause: Forcing endless battles is banned
|rule|HP Percentage Mod: HP is shown in percentages
|clearpoke
|poke|p1|Kommo-o, F|
|poke|p1|Hatterene, F|
|poke|p1|Tyranitar, F|
|poke|p1|Rotom-Wash|
|poke|p1|Dugtrio, M|
|poke|p1|Corviknight, F|
|poke|p2|Cloyster, M|
|poke|p2|Aegislash, M|
|poke|p2|Claydol|
|poke|p2|Ditto|
|poke|p2|Goodra, F|
|poke|p2|Arctovish|
|rule|Dynamax Clause: You cannot dynamax
|teampreview
|inactive|Battle timer is ON: inactive players will automatically lose when time's up. (requested by rynowill)
|
|start
|switch|p1a: Tyranitar|Tyranitar, F|100/100
|switch|p2a: Arctovish|Arctovish|100/100
|-weather|Sandstorm|[from] ability: Sand Stream|[of] p1a: Tyranitar
|turn|1
|
|switch|p1a: Rotom|Rotom-Wash|100/100
|move|p2a: Arctovish|Icicle Crash|p1a: Rotom
|-resisted|p1a: Rotom
|-damage|p1a: Rotom|75/100
|
|-weather|Sandstorm|[upkeep]
|-damage|p1a: Rotom|69/100|[from] Sandstorm
|-damage|p2a: Arctovish|94/100|[from] Sandstorm
|-heal|p2a: Arctovish|100/100|[from] item: Leftovers
|upkeep
|turn|2
|
|switch|p2a: Claydol|Claydol|100/100
|move|p1a: Rotom|Trick|p2a: Claydol
|-activate|p1a: Rotom|move: Trick|[of] p2a: Claydol
|-item|p2a: Claydol|Choice Scarf|[from] move: Trick
|-item|p1a: Rotom|Leftovers|[from] move: Trick
|
|-weather|Sandstorm|[upkeep]
|-damage|p1a: Rotom|63/100|[from] Sandstorm
|-heal|p1a: Rotom|69/100|[from] item: Leftovers
|upkeep
|turn|3
|
|switch|p2a: Arctovish|Arctovish|100/100
|move|p1a: Rotom|Hydro Pump|p2a: Arctovish
|-immune|p2a: Arctovish|[from] ability: Water Absorb
|
|-weather|Sandstorm|[upkeep]
|-damage|p1a: Rotom|63/100|[from] Sandstorm
|-damage|p2a: Arctovish|94/100|[from] Sandstorm
|-heal|p1a: Rotom|69/100|[from] item: Leftovers
|-heal|p2a: Arctovish|100/100|[from] item: Leftovers
|upkeep
|turn|4
|inactive|Snakesilver has 120 seconds left.
|
|move|p1a: Rotom|Confuse Ray|p2a: Arctovish
|-start|p2a: Arctovish|confusion
|-activate|p2a: Arctovish|confusion
|move|p2a: Arctovish|Rest|p2a: Arctovish
|-fail|p2a: Arctovish|heal
|
|-weather|Sandstorm|[upkeep]
|-damage|p1a: Rotom|63/100|[from] Sandstorm
|-damage|p2a: Arctovish|94/100|[from] Sandstorm
|-heal|p1a: Rotom|69/100|[from] item: Leftovers
|-heal|p2a: Arctovish|100/100|[from] item: Leftovers
|upkeep
|turn|5
|inactive|Snakesilver has 120 seconds left.
|
|move|p1a: Rotom|Volt Switch|p2a: Arctovish
|-supereffective|p2a: Arctovish
|-damage|p2a: Arctovish|37/100
|
|switch|p1a: Hatterene|Hatterene, F|100/100|[from]move: Volt Switch
|-end|p2a: Arctovish|confusion
|move|p2a: Arctovish|Icicle Crash|p1a: Hatterene
|-damage|p1a: Hatterene|56/100
|
|-weather|none
|-heal|p2a: Arctovish|44/100|[from] item: Leftovers
|-heal|p1a: Hatterene|62/100|[from] item: Leftovers
|upkeep
|turn|6
|inactive|Snakesilver has 120 seconds left.
|
|move|p2a: Arctovish|Icicle Crash|p1a: Hatterene
|-damage|p1a: Hatterene|17/100
|move|p1a: Hatterene|Trick Room|p1a: Hatterene
|-fieldstart|move: Trick Room|[of] p1a: Hatterene
|
|-heal|p1a: Hatterene|23/100|[from] item: Leftovers
|-heal|p2a: Arctovish|50/100|[from] item: Leftovers
|upkeep
|turn|7
|inactive|Snakesilver has 120 seconds left.
|
|switch|p2a: Aegislash|Aegislash, M|100/100
|move|p1a: Hatterene|Psychic|p2a: Aegislash
|-resisted|p2a: Aegislash
|-damage|p2a: Aegislash|84/100
|
|-heal|p1a: Hatterene|29/100|[from] item: Leftovers
|-heal|p2a: Aegislash|90/100|[from] item: Leftovers
|upkeep
|turn|8
|inactive|Snakesilver has 90 seconds left.
|
|switch|p2a: Goodra|Goodra, F|100/100
|move|p1a: Hatterene|Mystical Fire|p2a: Goodra
|-resisted|p2a: Goodra
|-damage|p2a: Goodra|94/100
|-unboost|p2a: Goodra|spa|1
|
|-heal|p1a: Hatterene|35/100|[from] item: Leftovers
|upkeep
|turn|9
|inactive|Snakesilver has 90 seconds left.
|
|move|p1a: Hatterene|Dazzling Gleam|p2a: Goodra
|-supereffective|p2a: Goodra
|-damage|p2a: Goodra|52/100
|move|p2a: Goodra|Sludge Wave|p1a: Hatterene
|-supereffective|p1a: Hatterene
|-damage|p1a: Hatterene|0 fnt
|faint|p1a: Hatterene
|
|upkeep
|
|switch|p1a: Kommo-o|Kommo-o, F|100/100
|turn|10
|
|move|p2a: Goodra|Draco Meteor|p1a: Kommo-o
|-supereffective|p1a: Kommo-o
|-damage|p1a: Kommo-o|0 fnt
|-unboost|p2a: Goodra|spa|2
|faint|p1a: Kommo-o
|
|-fieldend|move: Trick Room
|upkeep
|
|switch|p1a: Dugtrio|Dugtrio, M|100/100
|turn|11
|
|move|p1a: Dugtrio|Earthquake|p2a: Goodra
|-damage|p2a: Goodra|0 fnt
|faint|p2a: Goodra
|
|upkeep
|
|switch|p2a: Cloyster|Cloyster, M|100/100
|turn|12
|
|move|p1a: Dugtrio|Earthquake|p2a: Cloyster
|-damage|p2a: Cloyster|62/100
|move|p2a: Cloyster|Shell Smash|p2a: Cloyster
|-unboost|p2a: Cloyster|def|1
|-unboost|p2a: Cloyster|spd|1
|-boost|p2a: Cloyster|atk|2
|-boost|p2a: Cloyster|spa|2
|-boost|p2a: Cloyster|spe|2
|-enditem|p2a: Cloyster|White Herb
|-clearnegativeboost|p2a: Cloyster|[silent]
|
|upkeep
|turn|13
|inactive|Snakesilver has 120 seconds left.
|
|move|p1a: Dugtrio|Sucker Punch|p2a: Cloyster
|-damage|p2a: Cloyster|44/100
|move|p2a: Cloyster|Icicle Spear|p1a: Dugtrio
|-supereffective|p1a: Dugtrio
|-enditem|p1a: Dugtrio|Focus Sash
|-damage|p1a: Dugtrio|1/100
|-supereffective|p1a: Dugtrio
|-damage|p1a: Dugtrio|0 fnt
|-hitcount|p1a: Dugtrio|2
|faint|p1a: Dugtrio
|
|upkeep
|
|switch|p1a: Rotom|Rotom-Wash|69/100
|turn|14
|
|move|p2a: Cloyster|Icicle Spear|p1a: Rotom
|-resisted|p1a: Rotom
|-damage|p1a: Rotom|54/100
|-resisted|p1a: Rotom
|-damage|p1a: Rotom|37/100
|-resisted|p1a: Rotom
|-damage|p1a: Rotom|21/100
|-resisted|p1a: Rotom
|-damage|p1a: Rotom|4/100
|-resisted|p1a: Rotom
|-damage|p1a: Rotom|0 fnt
|-hitcount|p1a: Rotom|5
|faint|p1a: Rotom
|
|upkeep
|
|switch|p1a: Corviknight|Corviknight, F|100/100
|-ability|p1a: Corviknight|Pressure
|turn|15
|
|move|p2a: Cloyster|Icicle Spear|p1a: Corviknight
|-damage|p1a: Corviknight|84/100
|-damage|p1a: Corviknight|66/100
|-damage|p1a: Corviknight|49/100
|-damage|p1a: Corviknight|32/100
|-damage|p1a: Corviknight|16/100
|-hitcount|p1a: Corviknight|5
|move|p1a: Corviknight|Body Press|p2a: Cloyster
|-supereffective|p2a: Cloyster
|-damage|p2a: Cloyster|3/100
|
|-heal|p1a: Corviknight|22/100|[from] item: Leftovers
|upkeep
|turn|16
|
|move|p2a: Cloyster|Liquidation|p1a: Corviknight
|-damage|p1a: Corviknight|0 fnt
|faint|p1a: Corviknight
|
|upkeep
|
|switch|p1a: Tyranitar|Tyranitar, F|100/100
|-weather|Sandstorm|[from] ability: Sand Stream|[of] p1a: Tyranitar
|turn|17
|
|move|p2a: Cloyster|Liquidation|p1a: Tyranitar
|-supereffective|p1a: Tyranitar
|-damage|p1a: Tyranitar|0 fnt
|faint|p1a: Tyranitar
|
|win|Snakesilver
|l|☆rynowill
|raw|rynowill's rating: 1091 → 1071(-20 for losing)
|raw|Snakesilver's rating: 1154 → 1174(+20 for winning)
