|ScrapeTime|2020-01-02-13:25:40
|j|☆mangakap
|j|☆IM A G3NG4R
|player|p1|mangakap|162|1212
|player|p2|IM A G3NG4R|acerola|1144
|teamsize|p1|6
|teamsize|p2|6
|gametype|singles
|gen|8
|tier|[Gen 8] OU
|rated|
|rule|Sleep Clause Mod: Limit one foe put to sleep
|rule|Species Clause: Limit one of each Pokémon
|rule|OHKO Clause: OHKO moves are banned
|rule|Evasion Moves Clause: Evasion moves are banned
|rule|Endless Battle Clause: Forcing endless battles is banned
|rule|HP Percentage Mod: HP is shown in percentages
|clearpoke
|poke|p1|Corsola-Galar, M|
|poke|p1|Cinderace, M|
|poke|p1|Dragapult, F|
|poke|p1|Gyarados, M|
|poke|p1|Ferrothorn, F|
|poke|p1|Excadrill, F|
|poke|p2|Umbreon, F|
|poke|p2|Corsola-Galar, F|
|poke|p2|Toxapex, M|
|poke|p2|Ditto|
|poke|p2|Hatterene, F|
|poke|p2|Corviknight, M|
|rule|Dynamax Clause: You cannot dynamax
|teampreview
|inactive|Battle timer is ON: inactive players will automatically lose when time's up. (requested by IM A G3NG4R)
|
|start
|switch|p1a: Corsola|Corsola-Galar, M|100/100
|switch|p2a: Hatterene|Hatterene, F|100/100
|turn|1
|
|move|p1a: Corsola|Night Shade|p2a: Hatterene
|-damage|p2a: Hatterene|69/100
|move|p2a: Hatterene|Calm Mind|p2a: Hatterene
|-boost|p2a: Hatterene|spa|1
|-boost|p2a: Hatterene|spd|1
|
|-heal|p2a: Hatterene|75/100|[from] item: Leftovers
|upkeep
|turn|2
|
|move|p1a: Corsola|Night Shade|p2a: Hatterene
|-damage|p2a: Hatterene|44/100
|move|p2a: Hatterene|Psychic|p1a: Corsola
|-damage|p1a: Corsola|56/100
|-start|p2a: Hatterene|Disable|Psychic|[from] ability: Cursed Body|[of] p1a: Corsola
|
|-heal|p2a: Hatterene|50/100|[from] item: Leftovers
|upkeep
|turn|3
|
|move|p1a: Corsola|Night Shade|p2a: Hatterene
|-damage|p2a: Hatterene|18/100
|move|p2a: Hatterene|Dazzling Gleam|p1a: Corsola
|-damage|p1a: Corsola|19/100
|
|-heal|p2a: Hatterene|24/100|[from] item: Leftovers
|upkeep
|turn|4
|
|switch|p2a: Umbreon|Umbreon, F, shiny|100/100
|move|p1a: Corsola|Night Shade|p2a: Umbreon
|-damage|p2a: Umbreon|75/100
|
|-heal|p2a: Umbreon|81/100|[from] item: Leftovers
|upkeep
|turn|5
|
|switch|p1a: Ferrothorn|Ferrothorn, F|100/100
|move|p2a: Umbreon|Foul Play|p1a: Ferrothorn
|-damage|p1a: Ferrothorn|81/100
|-damage|p2a: Umbreon|69/100|[from] ability: Iron Barbs|[of] p1a: Ferrothorn
|
|-heal|p2a: Umbreon|75/100|[from] item: Leftovers
|-heal|p1a: Ferrothorn|87/100|[from] item: Leftovers
|upkeep
|turn|6
|
|move|p2a: Umbreon|Yawn|p1a: Ferrothorn
|-start|p1a: Ferrothorn|move: Yawn|[of] p2a: Umbreon
|move|p1a: Ferrothorn|Leech Seed|p2a: Umbreon
|-start|p2a: Umbreon|move: Leech Seed
|
|-heal|p2a: Umbreon|81/100|[from] item: Leftovers
|-heal|p1a: Ferrothorn|93/100|[from] item: Leftovers
|-damage|p2a: Umbreon|69/100|[from] Leech Seed|[of] p1a: Ferrothorn
|-heal|p1a: Ferrothorn|100/100|[silent]
|upkeep
|turn|7
|
|switch|p2a: Hatterene|Hatterene, F|24/100
|switch|p1a: Cinderace|Cinderace, M|100/100
|
|-heal|p2a: Hatterene|30/100|[from] item: Leftovers
|upkeep
|turn|8
|
|move|p1a: Cinderace|Pyro Ball|p2a: Hatterene
|-damage|p2a: Hatterene|0 fnt
|faint|p2a: Hatterene
|
|upkeep
|
|switch|p2a: Corsola|Corsola-Galar, F|100/100
|turn|9
|
|move|p1a: Cinderace|U-turn|p2a: Corsola
|-resisted|p2a: Corsola
|-damage|p2a: Corsola|95/100
|
|switch|p1a: Corsola|Corsola-Galar, M|19/100|[from]move: U-turn
|move|p2a: Corsola|Stealth Rock|p1a: Corsola
|-sidestart|p1: mangakap|move: Stealth Rock
|
|upkeep
|turn|10
|
|move|p2a: Corsola|Night Shade|p1a: Corsola
|-damage|p1a: Corsola|0 fnt
|-start|p2a: Corsola|Disable|Night Shade|[from] ability: Cursed Body|[of] p1a: Corsola
|faint|p1a: Corsola
|
|upkeep
|
|switch|p1a: Dragapult|Dragapult, F|100/100
|-damage|p1a: Dragapult|88/100|[from] Stealth Rock
|turn|11
|
|switch|p2a: Toxapex|Toxapex, M|100/100
|move|p1a: Dragapult|Shadow Ball|p2a: Toxapex
|-damage|p2a: Toxapex|70/100
|
|-heal|p2a: Toxapex|76/100|[from] item: Black Sludge
|upkeep
|turn|12
|
|move|p1a: Dragapult|U-turn|p2a: Toxapex
|-resisted|p2a: Toxapex
|-damage|p2a: Toxapex|71/100
|
|switch|p1a: Excadrill|Excadrill, F|100/100|[from]move: U-turn
|-damage|p1a: Excadrill|97/100|[from] Stealth Rock
|-ability|p1a: Excadrill|Mold Breaker
|move|p2a: Toxapex|Toxic|p1a: Excadrill
|-immune|p1a: Excadrill
|
|-heal|p2a: Toxapex|77/100|[from] item: Black Sludge
|upkeep
|turn|13
|
|switch|p2a: Corsola|Corsola-Galar, F|95/100
|move|p1a: Excadrill|Rapid Spin|p2a: Corsola
|-immune|p2a: Corsola
|
|upkeep
|turn|14
|
|switch|p1a: Cinderace|Cinderace, M|100/100
|move|p2a: Corsola|Strength Sap|p1a: Cinderace
|-unboost|p1a: Cinderace|atk|1
|-heal|p2a: Corsola|100/100
|
|upkeep
|turn|15
|
|move|p1a: Cinderace|Court Change|p1a: Cinderace
|-sideend|p1: mangakap|Stealth Rock|[silent]
|-sidestart|p2: IM A G3NG4R|Stealth Rock|[silent]
|-activate|p1a: Cinderace|move: Court Change
|move|p2a: Corsola|Stealth Rock|p1a: Cinderace
|-sidestart|p1: mangakap|move: Stealth Rock
|
|upkeep
|turn|16
|
|move|p1a: Cinderace|U-turn|p2a: Corsola
|-resisted|p2a: Corsola
|-damage|p2a: Corsola|96/100
|-start|p1a: Cinderace|Disable|U-turn|[from] ability: Cursed Body|[of] p2a: Corsola
|
|switch|p1a: Dragapult|Dragapult, F|88/100|[from]move: U-turn
|-damage|p1a: Dragapult|76/100|[from] Stealth Rock
|move|p2a: Corsola|Night Shade|p1a: Dragapult
|-damage|p1a: Dragapult|44/100
|
|upkeep
|turn|17
|
|move|p1a: Dragapult|Shadow Ball|p2a: Corsola
|-supereffective|p2a: Corsola
|-damage|p2a: Corsola|38/100
|-start|p1a: Dragapult|Disable|Shadow Ball|[from] ability: Cursed Body|[of] p2a: Corsola
|move|p2a: Corsola|Night Shade|p1a: Dragapult
|-damage|p1a: Dragapult|13/100
|
|upkeep
|turn|18
|
|move|p1a: Dragapult|Draco Meteor|p2a: Corsola
|-damage|p2a: Corsola|0 fnt
|-unboost|p1a: Dragapult|spa|2
|faint|p2a: Corsola
|
|upkeep
|
|switch|p2a: Corviknight|Corviknight, M|100/100
|-damage|p2a: Corviknight|88/100|[from] Stealth Rock
|-ability|p2a: Corviknight|Pressure
|turn|19
|
|move|p1a: Dragapult|U-turn|p2a: Corviknight
|-resisted|p2a: Corviknight
|-crit|p2a: Corviknight
|-damage|p2a: Corviknight|84/100
|
|switch|p1a: Excadrill|Excadrill, F|97/100|[from]move: U-turn
|-damage|p1a: Excadrill|94/100|[from] Stealth Rock
|-ability|p1a: Excadrill|Mold Breaker
|move|p2a: Corviknight|Bulk Up|p2a: Corviknight
|-boost|p2a: Corviknight|atk|1
|-boost|p2a: Corviknight|def|1
|
|-heal|p2a: Corviknight|91/100|[from] item: Leftovers
|upkeep
|turn|20
|
|move|p1a: Excadrill|Rapid Spin|p2a: Corviknight
|-resisted|p2a: Corviknight
|-damage|p2a: Corviknight|87/100
|-sideend|p1: mangakap|Stealth Rock|[from] move: Rapid Spin|[of] p1a: Excadrill
|-boost|p1a: Excadrill|spe|1
|move|p2a: Corviknight|Defog|p1a: Excadrill
|-unboost|p1a: Excadrill|evasion|1
|-sideend|p2: IM A G3NG4R|Stealth Rock|[from] move: Defog|[of] p2a: Corviknight
|
|-heal|p2a: Corviknight|93/100|[from] item: Leftovers
|upkeep
|turn|21
|
|move|p1a: Excadrill|Iron Head|p2a: Corviknight
|-resisted|p2a: Corviknight
|-damage|p2a: Corviknight|85/100
|move|p2a: Corviknight|Brave Bird|p1a: Excadrill
|-resisted|p1a: Excadrill
|-damage|p1a: Excadrill|54/100
|-damage|p2a: Corviknight|73/100|[from] Recoil
|
|-heal|p2a: Corviknight|80/100|[from] item: Leftovers
|upkeep
|turn|22
|
|move|p1a: Excadrill|Iron Head|p2a: Corviknight
|-resisted|p2a: Corviknight
|-damage|p2a: Corviknight|71/100
|move|p2a: Corviknight|Bulk Up|p2a: Corviknight
|-boost|p2a: Corviknight|atk|1
|-boost|p2a: Corviknight|def|1
|
|-heal|p2a: Corviknight|77/100|[from] item: Leftovers
|upkeep
|turn|23
|
|switch|p1a: Cinderace|Cinderace, M|100/100
|move|p2a: Corviknight|Bulk Up|p2a: Corviknight
|-boost|p2a: Corviknight|atk|1
|-boost|p2a: Corviknight|def|1
|
|-heal|p2a: Corviknight|84/100|[from] item: Leftovers
|upkeep
|turn|24
|
|move|p1a: Cinderace|Pyro Ball|p2a: Corviknight
|-supereffective|p2a: Corviknight
|-damage|p2a: Corviknight|55/100
|move|p2a: Corviknight|Brave Bird|p1a: Cinderace
|-damage|p1a: Cinderace|0 fnt
|-damage|p2a: Corviknight|30/100|[from] Recoil
|faint|p1a: Cinderace
|
|-heal|p2a: Corviknight|37/100|[from] item: Leftovers
|upkeep
|
|switch|p1a: Dragapult|Dragapult, F|13/100
|turn|25
|
|move|p1a: Dragapult|Fire Blast|p2a: Corviknight
|-supereffective|p2a: Corviknight
|-damage|p2a: Corviknight|0 fnt
|faint|p2a: Corviknight
|
|upkeep
|
|switch|p2a: Ditto|Ditto|100/100
|-transform|p2a: Ditto|p1a: Dragapult|[from] ability: Imposter
|turn|26
|
|switch|p1a: Gyarados|Gyarados, M|100/100
|-ability|p1a: Gyarados|Intimidate|boost
|-unboost|p2a: Ditto|atk|1
|move|p2a: Ditto|Shadow Ball|p1a: Gyarados
|-damage|p1a: Gyarados|62/100
|
|-heal|p1a: Gyarados|68/100|[from] item: Leftovers
|upkeep
|turn|27
|
|move|p2a: Ditto|Shadow Ball|p1a: Gyarados
|-damage|p1a: Gyarados|31/100
|move|p1a: Gyarados|Bounce||[still]
|-prepare|p1a: Gyarados|Bounce|p2a: Ditto
|
|-heal|p1a: Gyarados|37/100|[from] item: Leftovers
|upkeep
|turn|28
|
|move|p2a: Ditto|Shadow Ball|p1a: Gyarados|[miss]
|-miss|p2a: Ditto|p1a: Gyarados
|move|p1a: Gyarados|Bounce|p2a: Ditto|[from]lockedmove
|-damage|p2a: Ditto|26/100
|
|-heal|p1a: Gyarados|43/100|[from] item: Leftovers
|upkeep
|turn|29
|
|move|p2a: Ditto|Shadow Ball|p1a: Gyarados
|-damage|p1a: Gyarados|9/100
|move|p1a: Gyarados|Waterfall|p2a: Ditto
|-resisted|p2a: Ditto
|-damage|p2a: Ditto|0 fnt
|faint|p2a: Ditto
|
|-heal|p1a: Gyarados|15/100|[from] item: Leftovers
|upkeep
|
|switch|p2a: Umbreon|Umbreon, F, shiny|69/100
|turn|30
|
|move|p1a: Gyarados|Waterfall|p2a: Umbreon
|-damage|p2a: Umbreon|41/100
|cant|p2a: Umbreon|flinch
|
|-heal|p1a: Gyarados|21/100|[from] item: Leftovers
|-heal|p2a: Umbreon|47/100|[from] item: Leftovers
|upkeep
|turn|31
|
|move|p1a: Gyarados|Bounce||[still]
|-prepare|p1a: Gyarados|Bounce|p2a: Umbreon
|move|p2a: Umbreon|Wish|p2a: Umbreon
|
|-heal|p1a: Gyarados|27/100|[from] item: Leftovers
|-heal|p2a: Umbreon|53/100|[from] item: Leftovers
|upkeep
|turn|32
|
|move|p1a: Gyarados|Bounce|p2a: Umbreon|[from]lockedmove
|-damage|p2a: Umbreon|24/100
|move|p2a: Umbreon|Foul Play|p1a: Gyarados
|-damage|p1a: Gyarados|0 fnt
|faint|p1a: Gyarados
|
|-heal|p2a: Umbreon|74/100|[from] move: Wish|[wisher] Umbreon
|-heal|p2a: Umbreon|80/100|[from] item: Leftovers
|upkeep
|
|switch|p1a: Excadrill|Excadrill, F|54/100
|-ability|p1a: Excadrill|Mold Breaker
|turn|33
|
|move|p1a: Excadrill|Earthquake|p2a: Umbreon
|-damage|p2a: Umbreon|43/100
|move|p2a: Umbreon|Foul Play|p1a: Excadrill
|-damage|p1a: Excadrill|0 fnt
|faint|p1a: Excadrill
|
|-heal|p2a: Umbreon|49/100|[from] item: Leftovers
|upkeep
|
|switch|p1a: Ferrothorn|Ferrothorn, F|100/100
|turn|34
|
|move|p2a: Umbreon|Wish|p2a: Umbreon
|move|p1a: Ferrothorn|Leech Seed|p2a: Umbreon
|-start|p2a: Umbreon|move: Leech Seed
|
|-heal|p2a: Umbreon|55/100|[from] item: Leftovers
|-damage|p2a: Umbreon|43/100|[from] Leech Seed|[of] p1a: Ferrothorn
|upkeep
|turn|35
|
|move|p2a: Umbreon|Yawn|p1a: Ferrothorn
|-start|p1a: Ferrothorn|move: Yawn|[of] p2a: Umbreon
|move|p1a: Ferrothorn|Power Whip|p2a: Umbreon
|-damage|p2a: Umbreon|21/100
|
|-heal|p2a: Umbreon|71/100|[from] move: Wish|[wisher] Umbreon
|-heal|p2a: Umbreon|77/100|[from] item: Leftovers
|-damage|p2a: Umbreon|64/100|[from] Leech Seed|[of] p1a: Ferrothorn
|upkeep
|turn|36
|-message|mangakap forfeited.
|
|win|IM A G3NG4R
|l|☆mangakap
|raw|mangakap's rating: 1212 → 1182(-30 for losing)
|raw|IM A G3NG4R's rating: 1144 → 1174(+30 for winning)
