|ScrapeTime|2020-01-02-02:15:11
|j|☆Niz285
|j|☆the killa krook
|player|p1|Niz285|266|1125
|player|p2|the killa krook|169|1108
|teamsize|p1|6
|teamsize|p2|6
|gametype|singles
|gen|8
|tier|[Gen 8] OU
|rated|
|rule|Sleep Clause Mod: Limit one foe put to sleep
|rule|Species Clause: Limit one of each Pokémon
|rule|OHKO Clause: OHKO moves are banned
|rule|Evasion Moves Clause: Evasion moves are banned
|rule|Endless Battle Clause: Forcing endless battles is banned
|rule|HP Percentage Mod: HP is shown in percentages
|clearpoke
|poke|p1|Torkoal, M|
|poke|p1|Charizard, F|
|poke|p1|Cinderace, M|
|poke|p1|Whimsicott, M|
|poke|p1|Seismitoad, M|
|poke|p1|Mandibuzz, F|
|poke|p2|Rotom-Wash|
|poke|p2|Obstagoon, M|
|poke|p2|Mew|
|poke|p2|Rhyperior, M|
|poke|p2|Cinderace, F|
|poke|p2|Togekiss, M|
|rule|Dynamax Clause: You cannot dynamax
|teampreview
|
|start
|switch|p1a: Torkoal|Torkoal, M, shiny|100/100
|switch|p2a: Rotom|Rotom-Wash|100/100
|-weather|SunnyDay|[from] ability: Drought|[of] p1a: Torkoal
|turn|1
|inactive|Battle timer is ON: inactive players will automatically lose when time's up. (requested by the killa krook)
|
|move|p2a: Rotom|Hydro Pump|p1a: Torkoal
|-supereffective|p1a: Torkoal
|-damage|p1a: Torkoal|60/100
|move|p1a: Torkoal|Stealth Rock|p2a: Rotom
|-sidestart|p2: the killa krook|move: Stealth Rock
|
|-weather|SunnyDay|[upkeep]
|upkeep
|turn|2
|
|move|p2a: Rotom|Hydro Pump|p1a: Torkoal
|-supereffective|p1a: Torkoal
|-damage|p1a: Torkoal|20/100
|move|p1a: Torkoal|Yawn|p2a: Rotom
|-start|p2a: Rotom|move: Yawn|[of] p1a: Torkoal
|
|-weather|SunnyDay|[upkeep]
|upkeep
|turn|3
|
|switch|p2a: Mew|Mew|100/100
|-damage|p2a: Mew|88/100|[from] Stealth Rock
|switch|p1a: Whimsicott|Whimsicott, M, shiny|100/100
|
|-weather|SunnyDay|[upkeep]
|-heal|p2a: Mew|94/100|[from] item: Leftovers
|upkeep
|turn|4
|
|move|p1a: Whimsicott|Growth|p1a: Whimsicott
|-boost|p1a: Whimsicott|atk|2
|-boost|p1a: Whimsicott|spa|2
|move|p2a: Mew|Thunder Wave|p1a: Whimsicott
|-status|p1a: Whimsicott|par
|
|-weather|SunnyDay|[upkeep]
|-heal|p2a: Mew|100/100|[from] item: Leftovers
|upkeep
|turn|5
|
|move|p1a: Whimsicott|Growth|p1a: Whimsicott
|-boost|p1a: Whimsicott|atk|2
|-boost|p1a: Whimsicott|spa|2
|move|p2a: Mew|Skill Swap|p1a: Whimsicott
|-activate|p2a: Mew|move: Skill Swap|Chlorophyll|Synchronize|[of] p1a: Whimsicott
|
|-weather|SunnyDay|[upkeep]
|upkeep
|turn|6
|
|move|p2a: Mew|Psychic|p1a: Whimsicott
|-damage|p1a: Whimsicott|51/100 par
|cant|p1a: Whimsicott|par
|
|-weather|SunnyDay|[upkeep]
|upkeep
|turn|7
|
|move|p2a: Mew|Psychic|p1a: Whimsicott
|-damage|p1a: Whimsicott|0 fnt
|faint|p1a: Whimsicott
|
|-weather|SunnyDay|[upkeep]
|upkeep
|inactive|Niz285 has 120 seconds left.
|
|switch|p1a: Mandibuzz|Mandibuzz, F, shiny|100/100
|turn|8
|
|move|p2a: Mew|Thunderbolt|p1a: Mandibuzz
|-supereffective|p1a: Mandibuzz
|-damage|p1a: Mandibuzz|77/100
|move|p1a: Mandibuzz|Foul Play|p2a: Mew
|-supereffective|p2a: Mew
|-damage|p2a: Mew|60/100
|
|-weather|none
|-heal|p2a: Mew|66/100|[from] item: Leftovers
|upkeep
|turn|9
|
|move|p2a: Mew|Thunderbolt|p1a: Mandibuzz
|-supereffective|p1a: Mandibuzz
|-damage|p1a: Mandibuzz|50/100
|move|p1a: Mandibuzz|Foul Play|p2a: Mew
|-supereffective|p2a: Mew
|-damage|p2a: Mew|25/100
|
|-heal|p2a: Mew|32/100|[from] item: Leftovers
|upkeep
|turn|10
|
|move|p2a: Mew|Thunder Wave|p1a: Mandibuzz
|-status|p1a: Mandibuzz|par
|move|p1a: Mandibuzz|Foul Play|p2a: Mew
|-supereffective|p2a: Mew
|-damage|p2a: Mew|0 fnt
|faint|p2a: Mew
|
|upkeep
|
|switch|p2a: Togekiss|Togekiss, M|100/100
|-damage|p2a: Togekiss|76/100|[from] Stealth Rock
|turn|11
|
|move|p2a: Togekiss|Ancient Power|p1a: Mandibuzz
|-supereffective|p1a: Mandibuzz
|-damage|p1a: Mandibuzz|25/100 par
|cant|p1a: Mandibuzz|par
|
|upkeep
|turn|12
|
|switch|p2a: Rotom|Rotom-Wash|100/100
|-damage|p2a: Rotom|88/100|[from] Stealth Rock
|switch|p1a: Torkoal|Torkoal, M, shiny|20/100
|-weather|SunnyDay|[from] ability: Drought|[of] p1a: Torkoal
|
|-weather|SunnyDay|[upkeep]
|upkeep
|turn|13
|
|switch|p1a: Seismitoad|Seismitoad, M, shiny|100/100
|move|p2a: Rotom|Thunderbolt|p1a: Seismitoad
|-immune|p1a: Seismitoad
|
|-weather|SunnyDay|[upkeep]
|upkeep
|turn|14
|
|switch|p2a: Togekiss|Togekiss, M|76/100
|-damage|p2a: Togekiss|51/100|[from] Stealth Rock
|move|p1a: Seismitoad|Toxic|p2a: Togekiss
|-status|p2a: Togekiss|tox
|
|-weather|SunnyDay|[upkeep]
|-damage|p2a: Togekiss|45/100 tox|[from] psn
|upkeep
|turn|15
|
|move|p2a: Togekiss|Air Slash|p1a: Seismitoad
|-damage|p1a: Seismitoad|63/100
|move|p1a: Seismitoad|Scald|p2a: Togekiss
|-damage|p2a: Togekiss|35/100 tox
|
|-weather|SunnyDay|[upkeep]
|-heal|p1a: Seismitoad|69/100|[from] item: Leftovers
|-damage|p2a: Togekiss|23/100 tox|[from] psn
|upkeep
|turn|16
|
|move|p1a: Seismitoad|Protect|p1a: Seismitoad
|-singleturn|p1a: Seismitoad|Protect
|move|p2a: Togekiss|Air Slash|p1a: Seismitoad
|-activate|p1a: Seismitoad|move: Protect
|
|-weather|SunnyDay|[upkeep]
|-heal|p1a: Seismitoad|75/100|[from] item: Leftovers
|-damage|p2a: Togekiss|4/100 tox|[from] psn
|upkeep
|turn|17
|
|move|p2a: Togekiss|Air Slash|p1a: Seismitoad
|-damage|p1a: Seismitoad|38/100
|cant|p1a: Seismitoad|flinch
|
|-weather|SunnyDay|[upkeep]
|-heal|p1a: Seismitoad|44/100|[from] item: Leftovers
|-damage|p2a: Togekiss|0 fnt|[from] psn
|faint|p2a: Togekiss
|upkeep
|
|switch|p2a: Obstagoon|Obstagoon, M|100/100
|-damage|p2a: Obstagoon|88/100|[from] Stealth Rock
|turn|18
|
|move|p2a: Obstagoon|Facade|p1a: Seismitoad
|-crit|p1a: Seismitoad
|-damage|p1a: Seismitoad|14/100
|move|p1a: Seismitoad|Toxic|p2a: Obstagoon
|-status|p2a: Obstagoon|tox
|
|-weather|SunnyDay|[upkeep]
|-heal|p1a: Seismitoad|20/100|[from] item: Leftovers
|-damage|p2a: Obstagoon|82/100 tox|[from] psn
|upkeep
|turn|19
|
|move|p1a: Seismitoad|Protect|p1a: Seismitoad
|-singleturn|p1a: Seismitoad|Protect
|move|p2a: Obstagoon|Facade|p1a: Seismitoad
|-activate|p1a: Seismitoad|move: Protect
|
|-weather|none
|-heal|p1a: Seismitoad|26/100|[from] item: Leftovers
|-damage|p2a: Obstagoon|70/100 tox|[from] psn
|upkeep
|turn|20
|
|move|p2a: Obstagoon|Facade|p1a: Seismitoad
|-damage|p1a: Seismitoad|0 fnt
|faint|p1a: Seismitoad
|
|-damage|p2a: Obstagoon|52/100 tox|[from] psn
|upkeep
|
|switch|p1a: Torkoal|Torkoal, M, shiny|20/100
|-weather|SunnyDay|[from] ability: Drought|[of] p1a: Torkoal
|turn|21
|
|move|p2a: Obstagoon|Facade|p1a: Torkoal
|-damage|p1a: Torkoal|0 fnt
|faint|p1a: Torkoal
|
|-weather|SunnyDay|[upkeep]
|-damage|p2a: Obstagoon|27/100 tox|[from] psn
|upkeep
|
|switch|p1a: Charizard|Charizard, F, shiny|100/100
|turn|22
|
|move|p1a: Charizard|Solar Beam||[still]
|-prepare|p1a: Charizard|Solar Beam|p2a: Obstagoon
|-anim|p1a: Charizard|Solar Beam|p2a: Obstagoon
|-damage|p2a: Obstagoon|0 fnt
|faint|p2a: Obstagoon
|
|-weather|SunnyDay|[upkeep]
|-damage|p1a: Charizard|88/100|[from] ability: Solar Power|[of] p1a: Charizard
|upkeep
|
|switch|p2a: Cinderace|Cinderace, F|100/100
|turn|23
|
|move|p1a: Charizard|Solar Beam||[still]
|-prepare|p1a: Charizard|Solar Beam|p2a: Cinderace
|-anim|p1a: Charizard|Solar Beam|p2a: Cinderace
|-resisted|p2a: Cinderace
|-damage|p2a: Cinderace|65/100
|move|p2a: Cinderace|Court Change|p2a: Cinderace
|-sideend|p2: the killa krook|Stealth Rock|[silent]
|-sidestart|p1: Niz285|Stealth Rock|[silent]
|-activate|p2a: Cinderace|move: Court Change
|
|-weather|SunnyDay|[upkeep]
|-damage|p1a: Charizard|76/100|[from] ability: Solar Power|[of] p1a: Charizard
|upkeep
|turn|24
|
|move|p1a: Charizard|Solar Beam||[still]
|-prepare|p1a: Charizard|Solar Beam|p2a: Cinderace
|-anim|p1a: Charizard|Solar Beam|p2a: Cinderace
|-resisted|p2a: Cinderace
|-damage|p2a: Cinderace|32/100
|move|p2a: Cinderace|Pyro Ball|p1a: Charizard
|-resisted|p1a: Charizard
|-damage|p1a: Charizard|3/100
|
|-weather|SunnyDay|[upkeep]
|-damage|p1a: Charizard|0 fnt|[from] ability: Solar Power|[of] p1a: Charizard
|faint|p1a: Charizard
|upkeep
|
|switch|p1a: Cinderace|Cinderace, M, shiny|100/100
|turn|25
|
|move|p1a: Cinderace|Sucker Punch|p2a: Cinderace
|-damage|p2a: Cinderace|4/100
|move|p2a: Cinderace|Pyro Ball|p1a: Cinderace
|-resisted|p1a: Cinderace
|-damage|p1a: Cinderace|25/100
|
|-weather|SunnyDay|[upkeep]
|upkeep
|turn|26
|
|move|p1a: Cinderace|Sucker Punch|p2a: Cinderace
|-damage|p2a: Cinderace|0 fnt
|faint|p2a: Cinderace
|
|-weather|SunnyDay|[upkeep]
|upkeep
|
|switch|p2a: Rotom|Rotom-Wash|88/100
|turn|27
|
|move|p2a: Rotom|Thunderbolt|p1a: Cinderace
|-damage|p1a: Cinderace|0 fnt
|faint|p1a: Cinderace
|
|-weather|SunnyDay|[upkeep]
|upkeep
|-message|Niz285 forfeited.
|
|win|the killa krook
|l|☆Niz285
|c|☆the killa krook|gg
|raw|Niz285's rating: 1147 → 1119(-28 for losing)
|raw|the killa krook's rating: 1108 → 1136(+28 for winning)
