|ScrapeTime|2020-01-02-04:36:55
|j|☆4G3NC Loki
|j|☆xxAngelodeathxx
|player|p1|4G3NC Loki|102|
|player|p2|xxAngelodeathxx|gambler|
|teamsize|p1|6
|teamsize|p2|6
|gametype|singles
|gen|8
|tier|[Gen 8] OU
|rule|Sleep Clause Mod: Limit one foe put to sleep
|rule|Species Clause: Limit one of each Pokémon
|rule|OHKO Clause: OHKO moves are banned
|rule|Evasion Moves Clause: Evasion moves are banned
|rule|Endless Battle Clause: Forcing endless battles is banned
|rule|HP Percentage Mod: HP is shown in percentages
|clearpoke
|poke|p1|Conkeldurr, M|
|poke|p1|Hydreigon, F|
|poke|p1|Clefable, F|
|poke|p1|Rotom-Heat|
|poke|p1|Corviknight, F|
|poke|p1|Seismitoad, F|
|poke|p2|Togekiss, F|
|poke|p2|Grimmsnarl, M|
|poke|p2|Ferrothorn, F|
|poke|p2|Dragapult, F|
|poke|p2|Rotom-Wash|
|poke|p2|Excadrill, M|
|rule|Dynamax Clause: You cannot dynamax
|teampreview
|c|☆4G3NC Loki|glhf bud
|c|☆xxAngelodeathxx|glhf!
|
|start
|switch|p1a: Corviknight|Corviknight, F|100/100
|switch|p2a: Grimmsnarl|Grimmsnarl, M, shiny|100/100
|-ability|p1a: Corviknight|Pressure
|turn|1
|
|switch|p2a: Rotom|Rotom-Wash, shiny|100/100
|move|p1a: Corviknight|Iron Head|p2a: Rotom
|-resisted|p2a: Rotom
|-damage|p2a: Rotom|96/100
|
|-heal|p2a: Rotom|100/100|[from] item: Leftovers
|upkeep
|turn|2
|
|switch|p1a: Seismitoad|Seismitoad, F|100/100
|switch|p2a: Ferrothorn|Ferrothorn, F, shiny|100/100
|
|upkeep
|turn|3
|c|☆4G3NC Loki|nice
|
|switch|p1a: Rotom|Rotom-Heat|100/100
|move|p2a: Ferrothorn|Stealth Rock|p1a: Rotom
|-sidestart|p1: 4G3NC Loki|move: Stealth Rock
|
|upkeep
|turn|4
|
|switch|p2a: Dragapult|Dragapult, F|100/100
|move|p1a: Rotom|Will-O-Wisp|p2a: Dragapult
|-status|p2a: Dragapult|brn
|
|-damage|p2a: Dragapult|95/100 brn|[from] brn
|upkeep
|turn|5
|
|switch|p1a: Clefable|Clefable, F|100/100
|move|p2a: Dragapult|Hydro Pump|p1a: Clefable|[miss]
|-miss|p2a: Dragapult|p1a: Clefable
|
|-damage|p2a: Dragapult|89/100 brn|[from] brn
|upkeep
|turn|6
|
|switch|p2a: Ferrothorn|Ferrothorn, F, shiny|100/100
|move|p1a: Clefable|Moonblast|p2a: Ferrothorn
|-resisted|p2a: Ferrothorn
|-crit|p2a: Ferrothorn
|-damage|p2a: Ferrothorn|81/100
|
|-heal|p2a: Ferrothorn|87/100|[from] item: Leftovers
|upkeep
|turn|7
|
|move|p1a: Clefable|Protect|p1a: Clefable
|-singleturn|p1a: Clefable|Protect
|move|p2a: Ferrothorn|Leech Seed|p1a: Clefable
|-activate|p1a: Clefable|move: Protect
|
|-heal|p2a: Ferrothorn|93/100|[from] item: Leftovers
|upkeep
|turn|8
|
|switch|p1a: Rotom|Rotom-Heat|100/100
|move|p2a: Ferrothorn|Leech Seed|p1a: Rotom
|-start|p1a: Rotom|move: Leech Seed
|
|-heal|p2a: Ferrothorn|99/100|[from] item: Leftovers
|-damage|p1a: Rotom|88/100|[from] Leech Seed|[of] p2a: Ferrothorn
|-heal|p2a: Ferrothorn|100/100|[silent]
|upkeep
|turn|9
|
|switch|p2a: Rotom|Rotom-Wash, shiny|100/100
|move|p1a: Rotom|Overheat|p2a: Rotom
|-resisted|p2a: Rotom
|-damage|p2a: Rotom|76/100
|-unboost|p1a: Rotom|spa|2
|
|-heal|p2a: Rotom|82/100|[from] item: Leftovers
|-damage|p1a: Rotom|76/100|[from] Leech Seed|[of] p2a: Rotom
|-heal|p2a: Rotom|95/100|[silent]
|upkeep
|turn|10
|
|switch|p1a: Seismitoad|Seismitoad, F|100/100
|-damage|p1a: Seismitoad|94/100|[from] Stealth Rock
|move|p2a: Rotom|Thunder Wave|p1a: Seismitoad
|-immune|p1a: Seismitoad
|
|-heal|p2a: Rotom|100/100|[from] item: Leftovers
|-heal|p1a: Seismitoad|100/100|[from] item: Leftovers
|upkeep
|turn|11
|
|switch|p2a: Grimmsnarl|Grimmsnarl, M, shiny|100/100
|move|p1a: Seismitoad|Stealth Rock|p2a: Grimmsnarl
|-sidestart|p2: xxAngelodeathxx|move: Stealth Rock
|
|upkeep
|turn|12
|
|move|p2a: Grimmsnarl|Reflect|p2a: Grimmsnarl
|-sidestart|p2: xxAngelodeathxx|Reflect
|move|p1a: Seismitoad|Toxic|p2a: Grimmsnarl
|-status|p2a: Grimmsnarl|tox
|
|-damage|p2a: Grimmsnarl|94/100 tox|[from] psn
|upkeep
|turn|13
|
|switch|p1a: Corviknight|Corviknight, F|100/100
|-damage|p1a: Corviknight|88/100|[from] Stealth Rock
|-ability|p1a: Corviknight|Pressure
|move|p2a: Grimmsnarl|Light Screen|p2a: Grimmsnarl
|-sidestart|p2: xxAngelodeathxx|move: Light Screen
|
|-heal|p1a: Corviknight|94/100|[from] item: Leftovers
|-damage|p2a: Grimmsnarl|82/100 tox|[from] psn
|upkeep
|turn|14
|
|switch|p2a: Dragapult|Dragapult, F|89/100 brn
|-damage|p2a: Dragapult|76/100 brn|[from] Stealth Rock
|move|p1a: Corviknight|Defog|p2a: Dragapult
|-fail|p2a: Dragapult|unboost|[from] ability: Clear Body|[of] p2a: Dragapult
|-sideend|p2: xxAngelodeathxx|Reflect
|-sideend|p2: xxAngelodeathxx|move: Light Screen
|-sideend|p2: xxAngelodeathxx|Stealth Rock|[from] move: Defog|[of] p1a: Corviknight
|-sideend|p1: 4G3NC Loki|Stealth Rock|[from] move: Defog|[of] p1a: Corviknight
|
|-heal|p1a: Corviknight|100/100|[from] item: Leftovers
|-damage|p2a: Dragapult|70/100 brn|[from] brn
|upkeep
|turn|15
|
|switch|p1a: Clefable|Clefable, F|100/100
|move|p2a: Dragapult|Thunderbolt|p1a: Clefable
|-damage|p1a: Clefable|71/100
|
|-heal|p1a: Clefable|77/100|[from] item: Leftovers
|-damage|p2a: Dragapult|64/100 brn|[from] brn
|upkeep
|turn|16
|
|switch|p2a: Togekiss|Togekiss, F, shiny|100/100
|move|p1a: Clefable|Thunder Wave|p2a: Togekiss|[miss]
|-miss|p1a: Clefable|p2a: Togekiss
|
|-heal|p1a: Clefable|83/100|[from] item: Leftovers
|upkeep
|turn|17
|
|move|p1a: Clefable|Protect|p1a: Clefable
|-singleturn|p1a: Clefable|Protect
|move|p2a: Togekiss|Nasty Plot|p2a: Togekiss
|-boost|p2a: Togekiss|spa|2
|
|-heal|p1a: Clefable|89/100|[from] item: Leftovers
|upkeep
|turn|18
|
|move|p2a: Togekiss|Air Slash|p1a: Clefable
|-damage|p1a: Clefable|36/100
|cant|p1a: Clefable|flinch
|
|-heal|p1a: Clefable|42/100|[from] item: Leftovers
|upkeep
|turn|19
|
|move|p2a: Togekiss|Dazzling Gleam|p1a: Clefable
|-damage|p1a: Clefable|0 fnt
|faint|p1a: Clefable
|
|upkeep
|
|switch|p1a: Rotom|Rotom-Heat|76/100
|turn|20
|
|switch|p2a: Dragapult|Dragapult, F|64/100 brn
|move|p1a: Rotom|Volt Switch|p2a: Dragapult
|-resisted|p2a: Dragapult
|-damage|p2a: Dragapult|47/100 brn
|
|switch|p1a: Hydreigon|Hydreigon, F|100/100|[from]move: Volt Switch
|
|-damage|p2a: Dragapult|41/100 brn|[from] brn
|upkeep
|turn|21
|
|move|p1a: Hydreigon|Dark Pulse|p2a: Dragapult
|-supereffective|p2a: Dragapult
|-damage|p2a: Dragapult|0 fnt
|faint|p2a: Dragapult
|
|upkeep
|
|switch|p2a: Grimmsnarl|Grimmsnarl, M, shiny|82/100 tox
|turn|22
|
|switch|p1a: Corviknight|Corviknight, F|100/100
|-ability|p1a: Corviknight|Pressure
|move|p2a: Grimmsnarl|Light Screen|p2a: Grimmsnarl
|-sidestart|p2: xxAngelodeathxx|move: Light Screen
|
|-damage|p2a: Grimmsnarl|76/100 tox|[from] psn
|upkeep
|turn|23
|
|switch|p2a: Togekiss|Togekiss, F, shiny|100/100
|move|p1a: Corviknight|Defog|p2a: Togekiss
|-unboost|p2a: Togekiss|evasion|1
|-sideend|p2: xxAngelodeathxx|move: Light Screen
|
|upkeep
|turn|24
|
|move|p2a: Togekiss|Nasty Plot|p2a: Togekiss
|-boost|p2a: Togekiss|spa|2
|move|p1a: Corviknight|Iron Head|p2a: Togekiss
|-supereffective|p2a: Togekiss
|-damage|p2a: Togekiss|46/100
|
|-heal|p2a: Togekiss|53/100|[from] item: Leftovers
|upkeep
|turn|25
|
|move|p2a: Togekiss|Flamethrower|p1a: Corviknight
|-supereffective|p1a: Corviknight
|-damage|p1a: Corviknight|0 fnt
|faint|p1a: Corviknight
|
|-heal|p2a: Togekiss|59/100|[from] item: Leftovers
|upkeep
|
|switch|p1a: Rotom|Rotom-Heat|76/100
|turn|26
|
|switch|p2a: Grimmsnarl|Grimmsnarl, M, shiny|76/100 tox
|move|p1a: Rotom|Volt Switch|p2a: Grimmsnarl
|-damage|p2a: Grimmsnarl|46/100 tox
|
|switch|p1a: Hydreigon|Hydreigon, F|100/100|[from]move: Volt Switch
|
|-damage|p2a: Grimmsnarl|40/100 tox|[from] psn
|upkeep
|turn|27
|
|move|p2a: Grimmsnarl|Light Screen|p2a: Grimmsnarl
|-sidestart|p2: xxAngelodeathxx|move: Light Screen
|move|p1a: Hydreigon|Flash Cannon|p2a: Grimmsnarl
|-supereffective|p2a: Grimmsnarl
|-damage|p2a: Grimmsnarl|9/100 tox
|
|-damage|p2a: Grimmsnarl|0 fnt|[from] psn
|faint|p2a: Grimmsnarl
|upkeep
|
|switch|p2a: Ferrothorn|Ferrothorn, F, shiny|100/100
|turn|28
|
|switch|p1a: Rotom|Rotom-Heat|76/100
|move|p2a: Ferrothorn|Stealth Rock|p1a: Rotom
|-sidestart|p1: 4G3NC Loki|move: Stealth Rock
|
|upkeep
|turn|29
|
|switch|p2a: Rotom|Rotom-Wash, shiny|100/100
|move|p1a: Rotom|Nasty Plot|p1a: Rotom
|-boost|p1a: Rotom|spa|2
|
|upkeep
|turn|30
|
|switch|p2a: Ferrothorn|Ferrothorn, F, shiny|100/100
|move|p1a: Rotom|Volt Switch|p2a: Ferrothorn
|-resisted|p2a: Ferrothorn
|-damage|p2a: Ferrothorn|90/100
|
|switch|p1a: Conkeldurr|Conkeldurr, M|100/100|[from]move: Volt Switch
|-damage|p1a: Conkeldurr|94/100|[from] Stealth Rock
|
|-heal|p2a: Ferrothorn|97/100|[from] item: Leftovers
|-status|p1a: Conkeldurr|brn|[from] item: Flame Orb
|upkeep
|turn|31
|
|switch|p2a: Togekiss|Togekiss, F, shiny|59/100
|move|p1a: Conkeldurr|Drain Punch|p2a: Togekiss
|-resisted|p2a: Togekiss
|-damage|p2a: Togekiss|40/100
|-heal|p1a: Conkeldurr|100/100 brn|[from] drain|[of] p2a: Togekiss
|
|-heal|p2a: Togekiss|46/100|[from] item: Leftovers
|-damage|p1a: Conkeldurr|94/100 brn|[from] brn
|upkeep
|turn|32
|
|switch|p2a: Rotom|Rotom-Wash, shiny|100/100
|move|p1a: Conkeldurr|Ice Punch|p2a: Rotom
|-resisted|p2a: Rotom
|-crit|p2a: Rotom
|-damage|p2a: Rotom|76/100
|
|-heal|p2a: Rotom|82/100|[from] item: Leftovers
|-damage|p1a: Conkeldurr|88/100 brn|[from] brn
|upkeep
|turn|33
|
|move|p2a: Rotom|Thunder Wave||[still]
|-fail|p2a: Rotom
|move|p1a: Conkeldurr|Drain Punch|p2a: Rotom
|-damage|p2a: Rotom|31/100
|-heal|p1a: Conkeldurr|100/100 brn|[from] drain|[of] p2a: Rotom
|
|-heal|p2a: Rotom|37/100|[from] item: Leftovers
|-damage|p1a: Conkeldurr|94/100 brn|[from] brn
|upkeep
|turn|34
|
|switch|p2a: Togekiss|Togekiss, F, shiny|46/100
|move|p1a: Conkeldurr|Drain Punch|p2a: Togekiss
|-resisted|p2a: Togekiss
|-damage|p2a: Togekiss|27/100
|-heal|p1a: Conkeldurr|100/100 brn|[from] drain|[of] p2a: Togekiss
|
|-heal|p2a: Togekiss|33/100|[from] item: Leftovers
|-damage|p1a: Conkeldurr|94/100 brn|[from] brn
|-sideend|p2: xxAngelodeathxx|move: Light Screen
|upkeep
|turn|35
|
|switch|p1a: Rotom|Rotom-Heat|76/100
|move|p2a: Togekiss|Air Slash|p1a: Rotom
|-resisted|p1a: Rotom
|-damage|p1a: Rotom|58/100
|
|-heal|p2a: Togekiss|39/100|[from] item: Leftovers
|upkeep
|turn|36
|
|switch|p2a: Rotom|Rotom-Wash, shiny|37/100
|move|p1a: Rotom|Will-O-Wisp|p2a: Rotom
|-status|p2a: Rotom|brn
|
|-heal|p2a: Rotom|44/100 brn|[from] item: Leftovers
|-damage|p2a: Rotom|37/100 brn|[from] brn
|upkeep
|turn|37
|
|switch|p1a: Seismitoad|Seismitoad, F|100/100
|-damage|p1a: Seismitoad|94/100|[from] Stealth Rock
|move|p2a: Rotom|Volt Switch|p1a: Seismitoad
|-immune|p1a: Seismitoad
|
|-heal|p2a: Rotom|44/100 brn|[from] item: Leftovers
|-heal|p1a: Seismitoad|100/100|[from] item: Leftovers
|-damage|p2a: Rotom|37/100 brn|[from] brn
|upkeep
|turn|38
|
|switch|p2a: Ferrothorn|Ferrothorn, F, shiny|97/100
|move|p1a: Seismitoad|Stealth Rock|p2a: Ferrothorn
|-sidestart|p2: xxAngelodeathxx|move: Stealth Rock
|
|-heal|p2a: Ferrothorn|100/100|[from] item: Leftovers
|upkeep
|turn|39
|
|move|p1a: Seismitoad|Protect|p1a: Seismitoad
|-singleturn|p1a: Seismitoad|Protect
|move|p2a: Ferrothorn|Leech Seed|p1a: Seismitoad
|-activate|p1a: Seismitoad|move: Protect
|
|upkeep
|turn|40
|
|switch|p1a: Rotom|Rotom-Heat|58/100
|move|p2a: Ferrothorn|Leech Seed|p1a: Rotom
|-start|p1a: Rotom|move: Leech Seed
|
|-damage|p1a: Rotom|45/100|[from] Leech Seed|[of] p2a: Ferrothorn
|upkeep
|turn|41
|
|switch|p2a: Rotom|Rotom-Wash, shiny|37/100 brn
|-damage|p2a: Rotom|25/100 brn|[from] Stealth Rock
|move|p1a: Rotom|Volt Switch|p2a: Rotom
|-damage|p2a: Rotom|0 fnt
|faint|p2a: Rotom
|
|switch|p1a: Hydreigon|Hydreigon, F|100/100|[from]move: Volt Switch
|-damage|p1a: Hydreigon|88/100|[from] Stealth Rock
|
|upkeep
|
|switch|p2a: Excadrill|Excadrill, M, shiny|100/100
|-damage|p2a: Excadrill|97/100|[from] Stealth Rock
|-ability|p2a: Excadrill|Mold Breaker
|turn|42
|
|move|p1a: Hydreigon|U-turn|p2a: Excadrill
|-resisted|p2a: Excadrill
|-damage|p2a: Excadrill|87/100
|
|switch|p1a: Seismitoad|Seismitoad, F|100/100|[from]move: U-turn
|-damage|p1a: Seismitoad|94/100|[from] Stealth Rock
|move|p2a: Excadrill|Earthquake|p1a: Seismitoad
|-damage|p1a: Seismitoad|50/100
|
|-heal|p1a: Seismitoad|56/100|[from] item: Leftovers
|upkeep
|turn|43
|
|move|p2a: Excadrill|Swords Dance|p2a: Excadrill
|-boost|p2a: Excadrill|atk|2
|move|p1a: Seismitoad|Earthquake|p2a: Excadrill
|-supereffective|p2a: Excadrill
|-damage|p2a: Excadrill|0 fnt
|faint|p2a: Excadrill
|
|-heal|p1a: Seismitoad|62/100|[from] item: Leftovers
|upkeep
|
|switch|p2a: Togekiss|Togekiss, F, shiny|39/100
|-damage|p2a: Togekiss|15/100|[from] Stealth Rock
|turn|44
|
|move|p2a: Togekiss|Air Slash|p1a: Seismitoad
|-damage|p1a: Seismitoad|20/100
|cant|p1a: Seismitoad|flinch
|
|-heal|p2a: Togekiss|21/100|[from] item: Leftovers
|-heal|p1a: Seismitoad|26/100|[from] item: Leftovers
|upkeep
|turn|45
|
|move|p2a: Togekiss|Air Slash|p1a: Seismitoad
|-damage|p1a: Seismitoad|0 fnt
|faint|p1a: Seismitoad
|
|-heal|p2a: Togekiss|27/100|[from] item: Leftovers
|upkeep
|c|☆4G3NC Loki|i hate togekiss
|c|☆4G3NC Loki|LOL
|
|switch|p1a: Rotom|Rotom-Heat|45/100
|turn|46
|
|move|p1a: Rotom|Volt Switch|p2a: Togekiss
|-supereffective|p2a: Togekiss
|-damage|p2a: Togekiss|0 fnt
|faint|p2a: Togekiss
|
|switch|p1a: Conkeldurr|Conkeldurr, M|94/100 brn|[from]move: Volt Switch
|-damage|p1a: Conkeldurr|88/100 brn|[from] Stealth Rock
|
|-damage|p1a: Conkeldurr|82/100 brn|[from] brn
|upkeep
|c|☆xxAngelodeathxx|gg
|c|☆4G3NC Loki|gg bud
|
|switch|p2a: Ferrothorn|Ferrothorn, F, shiny|100/100
|-damage|p2a: Ferrothorn|94/100|[from] Stealth Rock
|turn|47
|c|☆4G3NC Loki|you played really well
|c|☆xxAngelodeathxx|ha ha thanks man . hope i get better :)
|
|move|p1a: Conkeldurr|Drain Punch|p2a: Ferrothorn
|-supereffective|p2a: Ferrothorn
|-damage|p2a: Ferrothorn|16/100
|-heal|p1a: Conkeldurr|100/100 brn|[from] drain|[of] p2a: Ferrothorn
|-damage|p1a: Conkeldurr|88/100 brn|[from] ability: Iron Barbs|[of] p2a: Ferrothorn
|move|p2a: Ferrothorn|Power Whip|p1a: Conkeldurr
|-damage|p1a: Conkeldurr|52/100 brn
|
|-heal|p2a: Ferrothorn|22/100|[from] item: Leftovers
|-damage|p1a: Conkeldurr|46/100 brn|[from] brn
|upkeep
|turn|48
|c|☆4G3NC Loki|if this was vgc i dont think i can even compete against you
|
|move|p1a: Conkeldurr|Drain Punch|p2a: Ferrothorn
|-supereffective|p2a: Ferrothorn
|-damage|p2a: Ferrothorn|0 fnt
|-heal|p1a: Conkeldurr|56/100 brn|[from] drain|[of] p2a: Ferrothorn
|-damage|p1a: Conkeldurr|44/100 brn|[from] ability: Iron Barbs|[of] p2a: Ferrothorn
|faint|p2a: Ferrothorn
|
|win|4G3NC Loki
