|ScrapeTime|2020-01-02-05:12:26
|j|☆Croctopus
|j|☆Elite 4 Azure
|player|p1|Croctopus|266|1112
|player|p2|Elite 4 Azure|141|1155
|teamsize|p1|6
|teamsize|p2|6
|gametype|singles
|gen|8
|tier|[Gen 8] OU
|rated|
|rule|Sleep Clause Mod: Limit one foe put to sleep
|rule|Species Clause: Limit one of each Pokémon
|rule|OHKO Clause: OHKO moves are banned
|rule|Evasion Moves Clause: Evasion moves are banned
|rule|Endless Battle Clause: Forcing endless battles is banned
|rule|HP Percentage Mod: HP is shown in percentages
|clearpoke
|poke|p1|Gastrodon, F|
|poke|p1|Togekiss, F|
|poke|p1|Steelix, F|
|poke|p1|Rotom-Heat|
|poke|p1|Reuniclus, F|
|poke|p1|Perrserker, F|
|poke|p2|Tsareena, F|
|poke|p2|Rhyperior, M|
|poke|p2|Galvantula, M|
|poke|p2|Accelgor, F|
|poke|p2|Type: Null|
|poke|p2|Trevenant, M|
|rule|Dynamax Clause: You cannot dynamax
|teampreview
|
|start
|switch|p1a: Reuniclus|Reuniclus, F|100/100
|switch|p2a: Accelgor|Accelgor, F, shiny|100/100
|turn|1
|
|move|p2a: Accelgor|Acid Spray|p1a: Reuniclus
|-damage|p1a: Reuniclus|91/100
|-unboost|p1a: Reuniclus|spd|2
|move|p1a: Reuniclus|Recover|p1a: Reuniclus
|-heal|p1a: Reuniclus|100/100
|
|-status|p1a: Reuniclus|tox|[from] item: Toxic Orb
|upkeep
|turn|2
|
|switch|p1a: Gastrodon|Gastrodon, F|100/100
|move|p2a: Accelgor|Bug Buzz|p1a: Gastrodon
|-damage|p1a: Gastrodon|62/100
|
|upkeep
|turn|3
|
|move|p2a: Accelgor|Giga Drain|p1a: Gastrodon
|-supereffective|p1a: Gastrodon
|-damage|p1a: Gastrodon|0 fnt
|faint|p1a: Gastrodon
|
|upkeep
|
|switch|p1a: Reuniclus|Reuniclus, F|100/100 tox
|turn|4
|
|move|p2a: Accelgor|Acid Spray|p1a: Reuniclus
|-damage|p1a: Reuniclus|89/100 tox
|-unboost|p1a: Reuniclus|spd|2
|move|p1a: Reuniclus|Acid Armor|p1a: Reuniclus
|-boost|p1a: Reuniclus|def|2
|
|upkeep
|turn|5
|
|move|p2a: Accelgor|Bug Buzz|p1a: Reuniclus
|-supereffective|p1a: Reuniclus
|-damage|p1a: Reuniclus|0 fnt
|faint|p1a: Reuniclus
|
|upkeep
|
|switch|p1a: Perrserker|Perrserker, F|100/100
|turn|6
|
|switch|p2a: Rhyperior|Rhyperior, M|100/100
|move|p1a: Perrserker|Iron Head|p2a: Rhyperior
|-supereffective|p2a: Rhyperior
|-damage|p2a: Rhyperior|22/100
|
|-heal|p2a: Rhyperior|29/100|[from] item: Leftovers
|upkeep
|turn|7
|
|move|p1a: Perrserker|Iron Head|p2a: Rhyperior
|-supereffective|p2a: Rhyperior
|-damage|p2a: Rhyperior|0 fnt
|faint|p2a: Rhyperior
|
|upkeep
|
|switch|p2a: Tsareena|Tsareena, F|100/100
|turn|8
|
|move|p2a: Tsareena|High Jump Kick|p1a: Perrserker
|-supereffective|p1a: Perrserker
|-damage|p1a: Perrserker|1/100
|move|p1a: Perrserker|Iron Head|p2a: Tsareena
|-damage|p2a: Tsareena|24/100
|
|upkeep
|turn|9
|
|move|p2a: Tsareena|Rapid Spin|p1a: Perrserker
|-resisted|p1a: Perrserker
|-damage|p1a: Perrserker|0 fnt
|-boost|p2a: Tsareena|spe|1
|faint|p1a: Perrserker
|
|upkeep
|
|switch|p1a: Togekiss|Togekiss, F|100/100
|turn|10
|
|move|p1a: Togekiss|Air Slash|p2a: Tsareena
|-supereffective|p2a: Tsareena
|-damage|p2a: Tsareena|0 fnt
|faint|p2a: Tsareena
|
|upkeep
|
|switch|p2a: Galvantula|Galvantula, M|100/100
|turn|11
|
|move|p1a: Togekiss|Air Slash|p2a: Galvantula
|-damage|p2a: Galvantula|30/100
|cant|p2a: Galvantula|flinch
|
|upkeep
|turn|12
|
|move|p1a: Togekiss|Air Slash|p2a: Galvantula
|-damage|p2a: Galvantula|0 fnt
|faint|p2a: Galvantula
|
|upkeep
|
|switch|p2a: Type: Null|Type: Null|100/100
|turn|13
|
|move|p1a: Togekiss|Air Slash|p2a: Type: Null
|-damage|p2a: Type: Null|76/100
|cant|p2a: Type: Null|flinch
|
|upkeep
|turn|14
|
|move|p1a: Togekiss|Air Slash|p2a: Type: Null|[miss]
|-miss|p1a: Togekiss|p2a: Type: Null
|move|p2a: Type: Null|Iron Head|p1a: Togekiss
|-supereffective|p1a: Togekiss
|-crit|p1a: Togekiss
|-damage|p1a: Togekiss|27/100
|
|upkeep
|turn|15
|
|move|p1a: Togekiss|Air Slash|p2a: Type: Null
|-damage|p2a: Type: Null|50/100
|cant|p2a: Type: Null|flinch
|
|upkeep
|turn|16
|
|move|p1a: Togekiss|Air Slash|p2a: Type: Null
|-damage|p2a: Type: Null|27/100
|cant|p2a: Type: Null|flinch
|
|upkeep
|turn|17
|
|move|p1a: Togekiss|Air Slash|p2a: Type: Null
|-damage|p2a: Type: Null|5/100
|move|p2a: Type: Null|Rest|p2a: Type: Null
|-status|p2a: Type: Null|slp|[from] move: Rest
|-heal|p2a: Type: Null|100/100 slp|[silent]
|
|upkeep
|turn|18
|
|move|p1a: Togekiss|Air Slash|p2a: Type: Null
|-damage|p2a: Type: Null|77/100 slp
|cant|p2a: Type: Null|slp
|
|upkeep
|turn|19
|
|move|p1a: Togekiss|Air Slash|p2a: Type: Null
|-damage|p2a: Type: Null|50/100 slp
|cant|p2a: Type: Null|slp
|
|upkeep
|turn|20
|
|move|p1a: Togekiss|Air Slash|p2a: Type: Null
|-damage|p2a: Type: Null|27/100 slp
|-curestatus|p2a: Type: Null|slp|[msg]
|move|p2a: Type: Null|Iron Head|p1a: Togekiss
|-supereffective|p1a: Togekiss
|-damage|p1a: Togekiss|0 fnt
|faint|p1a: Togekiss
|
|upkeep
|
|switch|p1a: Steelix|Steelix, F|100/100
|turn|21
|
|switch|p2a: Trevenant|Trevenant, M|100/100
|move|p1a: Steelix|Body Press|p2a: Trevenant
|-immune|p2a: Trevenant
|
|upkeep
|turn|22
|
|move|p2a: Trevenant|Substitute|p2a: Trevenant
|-start|p2a: Trevenant|Substitute
|-damage|p2a: Trevenant|75/100
|move|p1a: Steelix|Stealth Rock|p2a: Trevenant
|-sidestart|p2: Elite 4 Azure|move: Stealth Rock
|
|upkeep
|turn|23
|
|move|p2a: Trevenant|Curse|p1a: Steelix
|-start|p1a: Steelix|Curse|[of] p2a: Trevenant
|-damage|p2a: Trevenant|25/100
|-enditem|p2a: Trevenant|Aguav Berry|[eat]
|-heal|p2a: Trevenant|58/100|[from] item: Aguav Berry
|move|p1a: Steelix|Head Smash|p2a: Trevenant
|-end|p2a: Trevenant|Substitute
|-damage|p1a: Steelix|87/100|[from] Recoil|[of] p2a: Trevenant
|
|-damage|p1a: Steelix|62/100|[from] Curse
|upkeep
|turn|24
|
|move|p2a: Trevenant|Substitute|p2a: Trevenant
|-start|p2a: Trevenant|Substitute
|-damage|p2a: Trevenant|33/100
|move|p1a: Steelix|Head Smash|p2a: Trevenant|[miss]
|-miss|p1a: Steelix|p2a: Trevenant
|
|-damage|p1a: Steelix|38/100|[from] Curse
|-item|p2a: Trevenant|Aguav Berry|[from] ability: Harvest
|upkeep
|turn|25
|
|move|p2a: Trevenant|Leech Seed|p1a: Steelix
|-start|p1a: Steelix|move: Leech Seed
|move|p1a: Steelix|Head Smash|p2a: Trevenant
|-end|p2a: Trevenant|Substitute
|-damage|p1a: Steelix|24/100|[from] Recoil|[of] p2a: Trevenant
|
|-damage|p1a: Steelix|12/100|[from] Leech Seed|[of] p2a: Trevenant
|-heal|p2a: Trevenant|45/100|[silent]
|-damage|p1a: Steelix|0 fnt|[from] Curse
|faint|p1a: Steelix
|upkeep
|
|switch|p1a: Rotom|Rotom-Heat|100/100
|turn|26
|
|move|p1a: Rotom|Trick|p2a: Trevenant
|-activate|p1a: Rotom|move: Trick|[of] p2a: Trevenant
|-item|p2a: Trevenant|Choice Scarf|[from] move: Trick
|-item|p1a: Rotom|Aguav Berry|[from] move: Trick
|move|p2a: Trevenant|Leech Seed|p1a: Rotom
|-start|p1a: Rotom|move: Leech Seed
|
|-damage|p1a: Rotom|88/100|[from] Leech Seed|[of] p2a: Trevenant
|-heal|p2a: Trevenant|53/100|[silent]
|upkeep
|turn|27
|
|switch|p2a: Type: Null|Type: Null|27/100
|-damage|p2a: Type: Null|14/100|[from] Stealth Rock
|move|p1a: Rotom|Nasty Plot|p1a: Rotom
|-boost|p1a: Rotom|spa|2
|
|-damage|p1a: Rotom|76/100|[from] Leech Seed|[of] p2a: Type: Null
|-heal|p2a: Type: Null|22/100|[silent]
|upkeep
|turn|28
|
|switch|p2a: Trevenant|Trevenant, M|53/100
|-damage|p2a: Trevenant|41/100|[from] Stealth Rock
|move|p1a: Rotom|Discharge|p2a: Trevenant
|-resisted|p2a: Trevenant
|-damage|p2a: Trevenant|16/100
|-status|p2a: Trevenant|par
|
|-damage|p1a: Rotom|63/100|[from] Leech Seed|[of] p2a: Trevenant
|-heal|p2a: Trevenant|24/100 par|[silent]
|upkeep
|turn|29
|
|move|p1a: Rotom|Discharge|p2a: Trevenant
|-resisted|p2a: Trevenant
|-damage|p2a: Trevenant|0 fnt
|faint|p2a: Trevenant
|
|upkeep
|
|switch|p2a: Accelgor|Accelgor, F, shiny|100/100
|-damage|p2a: Accelgor|76/100|[from] Stealth Rock
|turn|30
|
|move|p2a: Accelgor|Water Shuriken|p1a: Rotom
|-supereffective|p1a: Rotom
|-damage|p1a: Rotom|49/100
|-supereffective|p1a: Rotom
|-damage|p1a: Rotom|36/100
|-supereffective|p1a: Rotom
|-damage|p1a: Rotom|22/100
|-enditem|p1a: Rotom|Aguav Berry|[eat]
|-heal|p1a: Rotom|54/100|[from] item: Aguav Berry
|-hitcount|p1a: Rotom|3
|move|p1a: Rotom|Overheat|p2a: Accelgor
|-supereffective|p2a: Accelgor
|-damage|p2a: Accelgor|0 fnt
|-unboost|p1a: Rotom|spa|2
|faint|p2a: Accelgor
|
|upkeep
|
|switch|p2a: Type: Null|Type: Null|22/100
|-damage|p2a: Type: Null|9/100|[from] Stealth Rock
|turn|31
|
|move|p1a: Rotom|Discharge|p2a: Type: Null
|-damage|p2a: Type: Null|0 fnt
|faint|p2a: Type: Null
|
|win|Croctopus
|raw|Croctopus's rating: 1112 → 1140(+28 for winning)
|raw|Elite 4 Azure's rating: 1155 → 1127(-28 for losing)
|c|☆Elite 4 Azure|gg
