|ScrapeTime|2020-01-02-16:04:55
|j|☆xueyuluoyu
|j|☆ItzVassilon
|player|p1|xueyuluoyu|lillie|1568
|player|p2|ItzVassilon|barry|1543
|teamsize|p1|6
|teamsize|p2|6
|gametype|singles
|gen|8
|tier|[Gen 8] OU
|rated|
|rule|Sleep Clause Mod: Limit one foe put to sleep
|rule|Species Clause: Limit one of each Pokémon
|rule|OHKO Clause: OHKO moves are banned
|rule|Evasion Moves Clause: Evasion moves are banned
|rule|Endless Battle Clause: Forcing endless battles is banned
|rule|HP Percentage Mod: HP is shown in percentages
|clearpoke
|poke|p1|Sirfetch'd, M|
|poke|p1|Dragapult, F|
|poke|p1|Snorlax, M|
|poke|p1|Seismitoad, F|
|poke|p1|Rotom-Heat|
|poke|p1|Corviknight, F|
|poke|p2|Mandibuzz, F|
|poke|p2|Weavile, F|
|poke|p2|Ferrothorn, M|
|poke|p2|Chandelure, M|
|poke|p2|Hippowdon, F|
|poke|p2|Milotic, M|
|rule|Dynamax Clause: You cannot dynamax
|teampreview
|inactive|Battle timer is ON: inactive players will automatically lose when time's up. (requested by ItzVassilon)
|
|start
|switch|p1a: Rotom|Rotom-Heat|100/100
|switch|p2a: Chandelure|Chandelure, M, shiny|100/100
|turn|1
|
|move|p2a: Chandelure|Shadow Ball|p1a: Rotom
|-damage|p1a: Rotom|54/100
|move|p1a: Rotom|Volt Switch|p2a: Chandelure
|-damage|p2a: Chandelure|68/100
|j| master of miss
|
|switch|p1a: Snorlax|Snorlax, M|100/100|[from]move: Volt Switch
|
|upkeep
|turn|2
|
|switch|p2a: Hippowdon|Hippowdon, F|100/100
|-weather|Sandstorm|[from] ability: Sand Stream|[of] p2a: Hippowdon
|switch|p1a: Rotom|Rotom-Heat|54/100
|
|-weather|Sandstorm|[upkeep]
|-damage|p1a: Rotom|48/100|[from] Sandstorm
|upkeep
|turn|3
|
|move|p1a: Rotom|Trick|p2a: Hippowdon
|-activate|p1a: Rotom|move: Trick|[of] p2a: Hippowdon
|-item|p2a: Hippowdon|Choice Scarf|[from] move: Trick
|-item|p1a: Rotom|Rocky Helmet|[from] move: Trick
|move|p2a: Hippowdon|Stealth Rock|p1a: Rotom
|-sidestart|p1: xueyuluoyu|move: Stealth Rock
|
|-weather|Sandstorm|[upkeep]
|-damage|p1a: Rotom|42/100|[from] Sandstorm
|upkeep
|turn|4
|
|move|p1a: Rotom|Volt Switch|p2a: Hippowdon
|-immune|p2a: Hippowdon
|move|p2a: Hippowdon|Stealth Rock||[still]
|-fail|p2a: Hippowdon
|
|-weather|Sandstorm|[upkeep]
|-damage|p1a: Rotom|35/100|[from] Sandstorm
|upkeep
|turn|5
|
|switch|p1a: Corviknight|Corviknight, F|100/100
|-damage|p1a: Corviknight|88/100|[from] Stealth Rock
|-ability|p1a: Corviknight|Pressure
|move|p2a: Hippowdon|Stealth Rock||[still]
|-fail|p2a: Hippowdon
|
|-weather|Sandstorm|[upkeep]
|-heal|p1a: Corviknight|94/100|[from] item: Leftovers
|upkeep
|turn|6
|
|switch|p2a: Milotic|Milotic, M, shiny|100/100
|move|p1a: Corviknight|Defog|p2a: Milotic
|-unboost|p2a: Milotic|evasion|1
|-ability|p2a: Milotic|Competitive
|-boost|p2a: Milotic|spa|2
|-sideend|p1: xueyuluoyu|Stealth Rock|[from] move: Defog|[of] p1a: Corviknight
|
|-weather|none
|-heal|p1a: Corviknight|100/100|[from] item: Leftovers
|upkeep
|turn|7
|
|move|p2a: Milotic|Hypnosis|p1a: Corviknight
|-status|p1a: Corviknight|slp|[from] move: Hypnosis
|cant|p1a: Corviknight|slp
|
|upkeep
|turn|8
|
|switch|p1a: Seismitoad|Seismitoad, F|100/100
|move|p2a: Milotic|Scald|p1a: Seismitoad
|-immune|p1a: Seismitoad|[from] ability: Water Absorb
|
|upkeep
|turn|9
|
|move|p2a: Milotic|Ice Beam|p1a: Seismitoad
|-damage|p1a: Seismitoad|54/100
|-status|p1a: Seismitoad|frz
|cant|p1a: Seismitoad|frz
|
|-heal|p1a: Seismitoad|60/100 frz|[from] item: Leftovers
|upkeep
|turn|10
|
|move|p2a: Milotic|Ice Beam|p1a: Seismitoad
|-damage|p1a: Seismitoad|14/100 frz
|-curestatus|p1a: Seismitoad|frz|[from] move: Scald
|move|p1a: Seismitoad|Scald|p2a: Milotic
|-resisted|p2a: Milotic
|-damage|p2a: Milotic|91/100
|
|-heal|p2a: Milotic|97/100|[from] item: Leftovers
|-heal|p1a: Seismitoad|20/100|[from] item: Leftovers
|upkeep
|turn|11
|c|☆ItzVassilon|Uuu
|
|move|p1a: Seismitoad|Protect|p1a: Seismitoad
|-singleturn|p1a: Seismitoad|Protect
|move|p2a: Milotic|Ice Beam|p1a: Seismitoad
|-activate|p1a: Seismitoad|move: Protect
|
|-heal|p2a: Milotic|100/100|[from] item: Leftovers
|-heal|p1a: Seismitoad|26/100|[from] item: Leftovers
|upkeep
|turn|12
|
|switch|p1a: Rotom|Rotom-Heat|35/100
|move|p2a: Milotic|Ice Beam|p1a: Rotom
|-resisted|p1a: Rotom
|-damage|p1a: Rotom|14/100
|
|upkeep
|turn|13
|
|switch|p2a: Hippowdon|Hippowdon, F|100/100
|-weather|Sandstorm|[from] ability: Sand Stream|[of] p2a: Hippowdon
|move|p1a: Rotom|Thunder Wave|p2a: Hippowdon
|-immune|p2a: Hippowdon
|
|-weather|Sandstorm|[upkeep]
|-damage|p1a: Rotom|8/100|[from] Sandstorm
|upkeep
|turn|14
|
|switch|p1a: Seismitoad|Seismitoad, F|26/100
|move|p2a: Hippowdon|Stealth Rock|p1a: Seismitoad
|-sidestart|p1: xueyuluoyu|move: Stealth Rock
|
|-weather|Sandstorm|[upkeep]
|-heal|p1a: Seismitoad|32/100|[from] item: Leftovers
|upkeep
|turn|15
|
|switch|p2a: Ferrothorn|Ferrothorn, M, shiny|100/100
|move|p1a: Seismitoad|Stealth Rock|p2a: Ferrothorn
|-sidestart|p2: ItzVassilon|move: Stealth Rock
|
|-weather|Sandstorm|[upkeep]
|-heal|p1a: Seismitoad|38/100|[from] item: Leftovers
|upkeep
|turn|16
|
|switch|p1a: Sirfetch'd|Sirfetch'd, M|100/100
|-damage|p1a: Sirfetch'd|94/100|[from] Stealth Rock
|move|p2a: Ferrothorn|Leech Seed|p1a: Sirfetch'd
|-start|p1a: Sirfetch'd|move: Leech Seed
|
|-weather|Sandstorm|[upkeep]
|-damage|p1a: Sirfetch'd|88/100|[from] Sandstorm
|-damage|p1a: Sirfetch'd|75/100|[from] Leech Seed|[of] p2a: Ferrothorn
|upkeep
|turn|17
|
|switch|p2a: Hippowdon|Hippowdon, F|100/100
|-damage|p2a: Hippowdon|94/100|[from] Stealth Rock
|move|p1a: Sirfetch'd|Close Combat|p2a: Hippowdon
|-damage|p2a: Hippowdon|43/100
|-unboost|p1a: Sirfetch'd|def|1
|-unboost|p1a: Sirfetch'd|spd|1
|
|-weather|none
|-damage|p1a: Sirfetch'd|63/100|[from] Leech Seed|[of] p2a: Hippowdon
|-heal|p2a: Hippowdon|52/100|[silent]
|upkeep
|turn|18
|
|move|p1a: Sirfetch'd|Close Combat|p2a: Hippowdon
|-damage|p2a: Hippowdon|0 fnt
|-unboost|p1a: Sirfetch'd|def|1
|-unboost|p1a: Sirfetch'd|spd|1
|faint|p2a: Hippowdon
|
|upkeep
|
|switch|p2a: Weavile|Weavile, F|100/100
|-damage|p2a: Weavile|76/100|[from] Stealth Rock
|turn|19
|
|switch|p1a: Rotom|Rotom-Heat|8/100
|-damage|p1a: Rotom|0 fnt|[from] Stealth Rock
|faint|p1a: Rotom
|move|p2a: Weavile|Icicle Crash|p1: Rotom|[notarget]
|-fail|p2a: Weavile
|
|upkeep
|
|switch|p1a: Sirfetch'd|Sirfetch'd, M|63/100
|-damage|p1a: Sirfetch'd|57/100|[from] Stealth Rock
|turn|20
|
|switch|p2a: Ferrothorn|Ferrothorn, M, shiny|100/100
|-damage|p2a: Ferrothorn|94/100|[from] Stealth Rock
|move|p1a: Sirfetch'd|First Impression|p2a: Ferrothorn
|-damage|p2a: Ferrothorn|56/100
|-damage|p1a: Sirfetch'd|44/100|[from] ability: Iron Barbs|[of] p2a: Ferrothorn
|
|-heal|p2a: Ferrothorn|63/100|[from] item: Leftovers
|upkeep
|turn|21
|
|switch|p1a: Corviknight|Corviknight, F|100/100 slp
|-damage|p1a: Corviknight|88/100 slp|[from] Stealth Rock
|-ability|p1a: Corviknight|Pressure
|move|p2a: Ferrothorn|Leech Seed|p1a: Corviknight
|-start|p1a: Corviknight|move: Leech Seed
|
|-heal|p1a: Corviknight|94/100 slp|[from] item: Leftovers
|-heal|p2a: Ferrothorn|69/100|[from] item: Leftovers
|-damage|p1a: Corviknight|82/100 slp|[from] Leech Seed|[of] p2a: Ferrothorn
|-heal|p2a: Ferrothorn|83/100|[silent]
|upkeep
|turn|22
|
|switch|p1a: Sirfetch'd|Sirfetch'd, M|44/100
|-damage|p1a: Sirfetch'd|38/100|[from] Stealth Rock
|move|p2a: Ferrothorn|Spikes|p1a: Sirfetch'd
|-sidestart|p1: xueyuluoyu|Spikes
|
|-heal|p2a: Ferrothorn|89/100|[from] item: Leftovers
|upkeep
|turn|23
|
|switch|p2a: Milotic|Milotic, M, shiny|100/100
|-damage|p2a: Milotic|88/100|[from] Stealth Rock
|move|p1a: Sirfetch'd|Close Combat|p2a: Milotic
|-damage|p2a: Milotic|16/100
|-unboost|p1a: Sirfetch'd|def|1
|-unboost|p1a: Sirfetch'd|spd|1
|
|-heal|p2a: Milotic|22/100|[from] item: Leftovers
|upkeep
|turn|24
|
|move|p2a: Milotic|Ice Beam|p1a: Sirfetch'd
|-damage|p1a: Sirfetch'd|0 fnt
|faint|p1a: Sirfetch'd
|
|-heal|p2a: Milotic|28/100|[from] item: Leftovers
|upkeep
|
|switch|p1a: Dragapult|Dragapult, F|100/100
|-damage|p1a: Dragapult|88/100|[from] Stealth Rock
|-damage|p1a: Dragapult|76/100|[from] Spikes
|turn|25
|
|move|p1a: Dragapult|Thunderbolt|p2a: Milotic
|-supereffective|p2a: Milotic
|-damage|p2a: Milotic|0 fnt
|faint|p2a: Milotic
|
|upkeep
|
|switch|p2a: Chandelure|Chandelure, M, shiny|68/100
|-damage|p2a: Chandelure|43/100|[from] Stealth Rock
|turn|26
|
|switch|p1a: Snorlax|Snorlax, M|100/100
|-damage|p1a: Snorlax|88/100|[from] Spikes
|-damage|p1a: Snorlax|76/100|[from] Stealth Rock
|move|p2a: Chandelure|Shadow Ball|p1a: Snorlax
|-immune|p1a: Snorlax
|
|-heal|p1a: Snorlax|82/100|[from] item: Leftovers
|upkeep
|turn|27
|
|switch|p2a: Ferrothorn|Ferrothorn, M, shiny|89/100
|-damage|p2a: Ferrothorn|83/100|[from] Stealth Rock
|move|p1a: Snorlax|Curse|p1a: Snorlax
|-unboost|p1a: Snorlax|spe|1
|-boost|p1a: Snorlax|atk|1
|-boost|p1a: Snorlax|def|1
|
|-heal|p1a: Snorlax|88/100|[from] item: Leftovers
|-heal|p2a: Ferrothorn|89/100|[from] item: Leftovers
|upkeep
|turn|28
|
|move|p1a: Snorlax|Curse|p1a: Snorlax
|-unboost|p1a: Snorlax|spe|1
|-boost|p1a: Snorlax|atk|1
|-boost|p1a: Snorlax|def|1
|move|p2a: Ferrothorn|Leech Seed|p1a: Snorlax
|-start|p1a: Snorlax|move: Leech Seed
|
|-heal|p1a: Snorlax|94/100|[from] item: Leftovers
|-heal|p2a: Ferrothorn|96/100|[from] item: Leftovers
|-damage|p1a: Snorlax|82/100|[from] Leech Seed|[of] p2a: Ferrothorn
|-heal|p2a: Ferrothorn|100/100|[silent]
|upkeep
|turn|29
|
|move|p1a: Snorlax|Curse|p1a: Snorlax
|-unboost|p1a: Snorlax|spe|1
|-boost|p1a: Snorlax|atk|1
|-boost|p1a: Snorlax|def|1
|move|p2a: Ferrothorn|Toxic|p1a: Snorlax|[miss]
|-miss|p2a: Ferrothorn|p1a: Snorlax
|
|-heal|p1a: Snorlax|88/100|[from] item: Leftovers
|-damage|p1a: Snorlax|75/100|[from] Leech Seed|[of] p2a: Ferrothorn
|upkeep
|turn|30
|
|move|p2a: Ferrothorn|Toxic|p1a: Snorlax
|-status|p1a: Snorlax|tox
|move|p1a: Snorlax|Curse|p1a: Snorlax
|-unboost|p1a: Snorlax|spe|1
|-boost|p1a: Snorlax|atk|1
|-boost|p1a: Snorlax|def|1
|
|-heal|p1a: Snorlax|81/100 tox|[from] item: Leftovers
|-damage|p1a: Snorlax|69/100 tox|[from] Leech Seed|[of] p2a: Ferrothorn
|-damage|p1a: Snorlax|63/100 tox|[from] psn
|upkeep
|turn|31
|
|move|p2a: Ferrothorn|Spikes|p1a: Snorlax
|-sidestart|p1: xueyuluoyu|Spikes
|move|p1a: Snorlax|Curse|p1a: Snorlax
|-unboost|p1a: Snorlax|spe|1
|-boost|p1a: Snorlax|atk|1
|-boost|p1a: Snorlax|def|1
|
|-heal|p1a: Snorlax|69/100 tox|[from] item: Leftovers
|-damage|p1a: Snorlax|57/100 tox|[from] Leech Seed|[of] p2a: Ferrothorn
|-damage|p1a: Snorlax|44/100 tox|[from] psn
|upkeep
|turn|32
|
|move|p2a: Ferrothorn|Gyro Ball|p1a: Snorlax
|-damage|p1a: Snorlax|43/100 tox
|move|p1a: Snorlax|Rest|p1a: Snorlax
|-status|p1a: Snorlax|slp|[from] move: Rest
|-heal|p1a: Snorlax|100/100 slp|[silent]
|
|-damage|p1a: Snorlax|88/100 slp|[from] Leech Seed|[of] p2a: Ferrothorn
|upkeep
|turn|33
|
|switch|p2a: Mandibuzz|Mandibuzz, F, shiny|100/100
|cant|p1a: Snorlax|slp
|
|-heal|p1a: Snorlax|94/100 slp|[from] item: Leftovers
|-damage|p1a: Snorlax|82/100 slp|[from] Leech Seed|[of] p2a: Mandibuzz
|upkeep
|turn|34
|
|move|p2a: Mandibuzz|Knock Off|p1a: Snorlax
|-damage|p1a: Snorlax|77/100 slp
|-enditem|p1a: Snorlax|Leftovers|[from] move: Knock Off|[of] p2a: Mandibuzz
|cant|p1a: Snorlax|slp
|
|-damage|p1a: Snorlax|65/100 slp|[from] Leech Seed|[of] p2a: Mandibuzz
|upkeep
|turn|35
|
|move|p2a: Mandibuzz|Defog|p1a: Snorlax
|-unboost|p1a: Snorlax|evasion|1
|-sideend|p1: xueyuluoyu|Spikes|[from] move: Defog|[of] p2a: Mandibuzz
|-sideend|p1: xueyuluoyu|Stealth Rock|[from] move: Defog|[of] p2a: Mandibuzz
|-sideend|p2: ItzVassilon|Stealth Rock|[from] move: Defog|[of] p2a: Mandibuzz
|-curestatus|p1a: Snorlax|slp|[msg]
|move|p1a: Snorlax|Body Slam|p2a: Mandibuzz
|-damage|p2a: Mandibuzz|22/100
|
|-damage|p1a: Snorlax|52/100|[from] Leech Seed|[of] p2a: Mandibuzz
|-heal|p2a: Mandibuzz|38/100|[silent]
|upkeep
|turn|36
|
|move|p2a: Mandibuzz|U-turn|p1a: Snorlax
|-damage|p1a: Snorlax|50/100
|
|switch|p2a: Ferrothorn|Ferrothorn, M, shiny|100/100|[from]move: U-turn
|move|p1a: Snorlax|Darkest Lariat|p2a: Ferrothorn
|-damage|p2a: Ferrothorn|45/100
|-damage|p1a: Snorlax|38/100|[from] ability: Iron Barbs|[of] p2a: Ferrothorn
|
|-heal|p2a: Ferrothorn|51/100|[from] item: Leftovers
|-damage|p1a: Snorlax|25/100|[from] Leech Seed|[of] p2a: Ferrothorn
|-heal|p2a: Ferrothorn|70/100|[silent]
|upkeep
|turn|37
|
|move|p2a: Ferrothorn|Toxic|p1a: Snorlax
|-status|p1a: Snorlax|tox
|move|p1a: Snorlax|Darkest Lariat|p2a: Ferrothorn
|-damage|p2a: Ferrothorn|18/100
|-damage|p1a: Snorlax|13/100 tox|[from] ability: Iron Barbs|[of] p2a: Ferrothorn
|
|-heal|p2a: Ferrothorn|24/100|[from] item: Leftovers
|-damage|p1a: Snorlax|0 fnt|[from] Leech Seed|[of] p2a: Ferrothorn
|-heal|p2a: Ferrothorn|42/100|[silent]
|faint|p1a: Snorlax
|upkeep
|
|switch|p1a: Dragapult|Dragapult, F|76/100
|turn|38
|
|switch|p2a: Mandibuzz|Mandibuzz, F, shiny|38/100
|move|p1a: Dragapult|Shadow Ball|p2a: Mandibuzz
|-resisted|p2a: Mandibuzz
|-damage|p2a: Mandibuzz|22/100
|-unboost|p2a: Mandibuzz|spd|1
|
|upkeep
|turn|39
|
|move|p1a: Dragapult|Shadow Ball|p2a: Mandibuzz
|-resisted|p2a: Mandibuzz
|-damage|p2a: Mandibuzz|0 fnt
|faint|p2a: Mandibuzz
|
|upkeep
|
|switch|p2a: Chandelure|Chandelure, M, shiny|43/100
|turn|40
|
|switch|p1a: Corviknight|Corviknight, F|82/100 slp
|-ability|p1a: Corviknight|Pressure
|move|p2a: Chandelure|Shadow Ball|p1a: Corviknight
|-damage|p1a: Corviknight|51/100 slp
|
|-heal|p1a: Corviknight|57/100 slp|[from] item: Leftovers
|upkeep
|turn|41
|
|move|p2a: Chandelure|Shadow Ball|p1a: Corviknight
|-damage|p1a: Corviknight|27/100 slp
|-curestatus|p1a: Corviknight|slp|[msg]
|move|p1a: Corviknight|Roost|p1a: Corviknight
|-heal|p1a: Corviknight|77/100
|-singleturn|p1a: Corviknight|move: Roost
|
|-heal|p1a: Corviknight|83/100|[from] item: Leftovers
|upkeep
|turn|42
|
|switch|p2a: Ferrothorn|Ferrothorn, M, shiny|42/100
|move|p1a: Corviknight|U-turn|p2a: Ferrothorn
|-damage|p2a: Ferrothorn|32/100
|-damage|p1a: Corviknight|70/100|[from] ability: Iron Barbs|[of] p2a: Ferrothorn
|
|switch|p1a: Dragapult|Dragapult, F|76/100|[from]move: U-turn
|
|-heal|p2a: Ferrothorn|38/100|[from] item: Leftovers
|upkeep
|turn|43
|
|move|p1a: Dragapult|Shadow Ball|p2a: Ferrothorn
|-damage|p2a: Ferrothorn|4/100
|-unboost|p2a: Ferrothorn|spd|1
|move|p2a: Ferrothorn|Leech Seed|p1a: Dragapult
|-start|p1a: Dragapult|move: Leech Seed
|
|-heal|p2a: Ferrothorn|10/100|[from] item: Leftovers
|-damage|p1a: Dragapult|64/100|[from] Leech Seed|[of] p2a: Ferrothorn
|-heal|p2a: Ferrothorn|22/100|[silent]
|upkeep
|turn|44
|
|switch|p2a: Weavile|Weavile, F|76/100
|move|p1a: Dragapult|Shadow Ball|p2a: Weavile
|-resisted|p2a: Weavile
|-damage|p2a: Weavile|40/100
|
|-damage|p1a: Dragapult|51/100|[from] Leech Seed|[of] p2a: Weavile
|-heal|p2a: Weavile|54/100|[silent]
|upkeep
|turn|45
|
|switch|p1a: Seismitoad|Seismitoad, F|38/100
|move|p2a: Weavile|Icicle Crash|p1a: Seismitoad
|-damage|p1a: Seismitoad|0 fnt
|faint|p1a: Seismitoad
|
|upkeep
|
|switch|p1a: Corviknight|Corviknight, F|70/100
|-ability|p1a: Corviknight|Pressure
|turn|46
|
|move|p2a: Weavile|Icicle Crash|p1a: Corviknight|[miss]
|-miss|p2a: Weavile|p1a: Corviknight
|move|p1a: Corviknight|U-turn|p2a: Weavile
|-supereffective|p2a: Weavile
|-damage|p2a: Weavile|2/100
|
|switch|p1a: Dragapult|Dragapult, F|51/100|[from]move: U-turn
|
|upkeep
|turn|47
|
|switch|p2a: Ferrothorn|Ferrothorn, M, shiny|22/100
|move|p1a: Dragapult|Shadow Ball|p2a: Ferrothorn
|-damage|p2a: Ferrothorn|0 fnt
|faint|p2a: Ferrothorn
|
|upkeep
|
|switch|p2a: Chandelure|Chandelure, M, shiny|43/100
|turn|48
|
|move|p2a: Chandelure|Fire Blast|p1a: Dragapult
|-resisted|p1a: Dragapult
|-damage|p1a: Dragapult|6/100
|move|p1a: Dragapult|Shadow Ball|p2a: Chandelure
|-supereffective|p2a: Chandelure
|-damage|p2a: Chandelure|0 fnt
|faint|p2a: Chandelure
|
|upkeep
|
|switch|p2a: Weavile|Weavile, F|2/100
|turn|49
|
|move|p2a: Weavile|Ice Shard|p1a: Dragapult
|-supereffective|p1a: Dragapult
|-damage|p1a: Dragapult|0 fnt
|faint|p1a: Dragapult
|
|upkeep
|
|switch|p1a: Corviknight|Corviknight, F|70/100
|-ability|p1a: Corviknight|Pressure
|turn|50
|
|move|p2a: Weavile|Ice Shard|p1a: Corviknight
|-damage|p1a: Corviknight|45/100
|move|p1a: Corviknight|U-turn|p2a: Weavile
|-supereffective|p2a: Weavile
|-damage|p2a: Weavile|0 fnt
|faint|p2a: Weavile
|
|win|xueyuluoyu
|l| master of miss
|raw|xueyuluoyu's rating: 1568 → 1587(+19 for winning)
|raw|ItzVassilon's rating: 1543 → 1524(-19 for losing)
