|ScrapeTime|2020-01-02-15:26:33
|j|☆kevinaigrette
|j|☆Omgxjimmy
|player|p1|kevinaigrette|102|1172
|player|p2|Omgxjimmy|veteran|1121
|teamsize|p1|6
|teamsize|p2|6
|gametype|singles
|gen|8
|tier|[Gen 8] OU
|rated|
|rule|Sleep Clause Mod: Limit one foe put to sleep
|rule|Species Clause: Limit one of each Pokémon
|rule|OHKO Clause: OHKO moves are banned
|rule|Evasion Moves Clause: Evasion moves are banned
|rule|Endless Battle Clause: Forcing endless battles is banned
|rule|HP Percentage Mod: HP is shown in percentages
|clearpoke
|poke|p1|Dragapult, M|
|poke|p1|Conkeldurr, M|
|poke|p1|Hatterene, F|
|poke|p1|Cinderace, M|
|poke|p1|Clefable, F|
|poke|p1|Rotom-Wash|
|poke|p2|Gyarados, M|
|poke|p2|Jolteon, M|
|poke|p2|Conkeldurr, F|
|poke|p2|Hydreigon, F|
|poke|p2|Tyranitar, F|
|poke|p2|Excadrill, F|
|rule|Dynamax Clause: You cannot dynamax
|teampreview
|
|start
|switch|p1a: Rotom|Rotom-Wash|100/100
|switch|p2a: Tyranitar|Tyranitar, F|100/100
|-weather|Sandstorm|[from] ability: Sand Stream|[of] p2a: Tyranitar
|turn|1
|
|move|p1a: Rotom|Hydro Pump|p2a: Tyranitar|[miss]
|-miss|p1a: Rotom|p2a: Tyranitar
|move|p2a: Tyranitar|Stealth Rock|p1a: Rotom
|-sidestart|p1: kevinaigrette|move: Stealth Rock
|
|-weather|Sandstorm|[upkeep]
|-damage|p1a: Rotom|94/100|[from] Sandstorm
|upkeep
|turn|2
|
|switch|p2a: Gyarados|Gyarados, M, shiny|100/100
|move|p1a: Rotom|Hydro Pump|p2a: Gyarados
|-resisted|p2a: Gyarados
|-damage|p2a: Gyarados|76/100
|
|-weather|Sandstorm|[upkeep]
|-damage|p1a: Rotom|88/100|[from] Sandstorm
|-damage|p2a: Gyarados|70/100|[from] Sandstorm
|-heal|p2a: Gyarados|76/100|[from] item: Leftovers
|upkeep
|turn|3
|
|switch|p1a: Clefable|Clefable, F|100/100
|move|p2a: Gyarados|Power Whip|p1a: Clefable
|-damage|p1a: Clefable|57/100
|
|-weather|Sandstorm|[upkeep]
|-damage|p2a: Gyarados|70/100|[from] Sandstorm
|-heal|p2a: Gyarados|76/100|[from] item: Leftovers
|-heal|p1a: Clefable|63/100|[from] item: Leftovers
|upkeep
|turn|4
|inactive|Battle timer is ON: inactive players will automatically lose when time's up. (requested by Omgxjimmy)
|
|switch|p2a: Excadrill|Excadrill, F|100/100
|switch|p1a: Rotom|Rotom-Wash|88/100
|-damage|p1a: Rotom|76/100|[from] Stealth Rock
|
|-weather|Sandstorm|[upkeep]
|-damage|p1a: Rotom|69/100|[from] Sandstorm
|upkeep
|turn|5
|
|move|p2a: Excadrill|Iron Head|p1a: Rotom
|-resisted|p1a: Rotom
|-damage|p1a: Rotom|51/100
|-damage|p2a: Excadrill|91/100|[from] item: Life Orb
|move|p1a: Rotom|Hydro Pump|p2a: Excadrill
|-supereffective|p2a: Excadrill
|-damage|p2a: Excadrill|0 fnt
|faint|p2a: Excadrill
|
|-weather|none
|upkeep
|inactive|Omgxjimmy has 120 seconds left.
|
|switch|p2a: Hydreigon|Hydreigon, F|100/100
|turn|6
|inactive|Omgxjimmy has 120 seconds left.
|
|move|p1a: Rotom|Hydro Pump|p2a: Hydreigon
|-resisted|p2a: Hydreigon
|-damage|p2a: Hydreigon|75/100
|move|p2a: Hydreigon|Dark Pulse|p1a: Rotom
|-damage|p1a: Rotom|0 fnt
|-damage|p2a: Hydreigon|65/100|[from] item: Life Orb
|faint|p1a: Rotom
|
|upkeep
|
|switch|p1a: Dragapult|Dragapult, M|100/100
|-damage|p1a: Dragapult|88/100|[from] Stealth Rock
|turn|7
|
|move|p1a: Dragapult|U-turn|p2a: Hydreigon
|-supereffective|p2a: Hydreigon
|-damage|p2a: Hydreigon|14/100
|
|switch|p1a: Clefable|Clefable, F|63/100|[from]move: U-turn
|move|p2a: Hydreigon|Draco Meteor|p1a: Clefable
|-immune|p1a: Clefable
|
|-heal|p1a: Clefable|69/100|[from] item: Leftovers
|upkeep
|turn|8
|
|move|p2a: Hydreigon|Dark Pulse|p1a: Clefable
|-resisted|p1a: Clefable
|-damage|p1a: Clefable|42/100
|-damage|p2a: Hydreigon|4/100|[from] item: Life Orb
|move|p1a: Clefable|Calm Mind|p1a: Clefable
|-boost|p1a: Clefable|spa|1
|-boost|p1a: Clefable|spd|1
|
|-heal|p1a: Clefable|48/100|[from] item: Leftovers
|upkeep
|turn|9
|
|move|p2a: Hydreigon|Thunder Wave|p1a: Clefable
|-status|p1a: Clefable|par
|move|p1a: Clefable|Draining Kiss|p2a: Hydreigon
|-supereffective|p2a: Hydreigon
|-damage|p2a: Hydreigon|0 fnt
|-heal|p1a: Clefable|50/100 par|[from] drain|[of] p2a: Hydreigon
|faint|p2a: Hydreigon
|
|-heal|p1a: Clefable|56/100 par|[from] item: Leftovers
|upkeep
|inactive|Omgxjimmy has 120 seconds left.
|
|switch|p2a: Tyranitar|Tyranitar, F|100/100
|-weather|Sandstorm|[from] ability: Sand Stream|[of] p2a: Tyranitar
|turn|10
|
|move|p2a: Tyranitar|Stone Edge|p1a: Clefable
|-damage|p1a: Clefable|0 fnt
|faint|p1a: Clefable
|
|-weather|Sandstorm|[upkeep]
|upkeep
|
|switch|p1a: Conkeldurr|Conkeldurr, M|100/100
|-damage|p1a: Conkeldurr|94/100|[from] Stealth Rock
|turn|11
|inactive|Omgxjimmy has 120 seconds left.
|
|switch|p2a: Gyarados|Gyarados, M, shiny|76/100
|move|p1a: Conkeldurr|Power-Up Punch|p2a: Gyarados
|-resisted|p2a: Gyarados
|-damage|p2a: Gyarados|61/100
|-boost|p1a: Conkeldurr|atk|1
|
|-weather|Sandstorm|[upkeep]
|-damage|p2a: Gyarados|55/100|[from] Sandstorm
|-damage|p1a: Conkeldurr|88/100|[from] Sandstorm
|-heal|p2a: Gyarados|61/100|[from] item: Leftovers
|-status|p1a: Conkeldurr|brn|[from] item: Flame Orb
|upkeep
|turn|12
|inactive|Omgxjimmy has 120 seconds left.
|
|move|p2a: Gyarados|Bounce||[still]
|-prepare|p2a: Gyarados|Bounce|p1a: Conkeldurr
|move|p1a: Conkeldurr|Close Combat|p2a: Gyarados|[miss]
|-miss|p1a: Conkeldurr|p2a: Gyarados
|
|-weather|Sandstorm|[upkeep]
|-damage|p2a: Gyarados|55/100|[from] Sandstorm
|-damage|p1a: Conkeldurr|82/100 brn|[from] Sandstorm
|-heal|p2a: Gyarados|61/100|[from] item: Leftovers
|-damage|p1a: Conkeldurr|76/100 brn|[from] brn
|upkeep
|turn|13
|inactive|Omgxjimmy has 120 seconds left.
|inactive|kevinaigrette has 120 seconds left.
|
|move|p2a: Gyarados|Bounce|p1a: Conkeldurr|[from]lockedmove
|-supereffective|p1a: Conkeldurr
|-damage|p1a: Conkeldurr|0 fnt
|faint|p1a: Conkeldurr
|-ability|p2a: Gyarados|Moxie|boost
|-boost|p2a: Gyarados|atk|1
|
|-weather|Sandstorm|[upkeep]
|-damage|p2a: Gyarados|55/100|[from] Sandstorm
|-heal|p2a: Gyarados|61/100|[from] item: Leftovers
|upkeep
|inactive|kevinaigrette has 120 seconds left.
|
|switch|p1a: Dragapult|Dragapult, M|88/100
|-damage|p1a: Dragapult|76/100|[from] Stealth Rock
|turn|14
|inactive|kevinaigrette has 120 seconds left.
|
|move|p1a: Dragapult|Dragon Dance|p1a: Dragapult
|-boost|p1a: Dragapult|atk|1
|-boost|p1a: Dragapult|spe|1
|move|p2a: Gyarados|Power Whip|p1a: Dragapult
|-resisted|p1a: Dragapult
|-damage|p1a: Dragapult|34/100
|
|-weather|none
|-heal|p1a: Dragapult|40/100|[from] item: Leftovers
|-heal|p2a: Gyarados|67/100|[from] item: Leftovers
|upkeep
|turn|15
|inactive|kevinaigrette has 120 seconds left.
|
|move|p1a: Dragapult|Phantom Force||[still]
|-prepare|p1a: Dragapult|Phantom Force|p2a: Gyarados
|move|p2a: Gyarados|Power Whip|p1a: Dragapult|[miss]
|-miss|p2a: Gyarados|p1a: Dragapult
|
|-heal|p1a: Dragapult|46/100|[from] item: Leftovers
|-heal|p2a: Gyarados|73/100|[from] item: Leftovers
|upkeep
|turn|16
|inactive|kevinaigrette has 120 seconds left.
|
|move|p1a: Dragapult|Phantom Force|p2a: Gyarados|[from]lockedmove
|-damage|p2a: Gyarados|0 fnt
|faint|p2a: Gyarados
|
|-heal|p1a: Dragapult|52/100|[from] item: Leftovers
|upkeep
|inactive|Omgxjimmy has 120 seconds left.
|
|switch|p2a: Tyranitar|Tyranitar, F|100/100
|-weather|Sandstorm|[from] ability: Sand Stream|[of] p2a: Tyranitar
|turn|17
|inactive|Omgxjimmy has 120 seconds left.
|
|move|p1a: Dragapult|U-turn|p2a: Tyranitar
|-supereffective|p2a: Tyranitar
|-damage|p2a: Tyranitar|48/100
|
|switch|p1a: Cinderace|Cinderace, M|100/100|[from]move: U-turn
|move|p2a: Tyranitar|Outrage|p1a: Cinderace
|-crit|p1a: Cinderace
|-damage|p1a: Cinderace|3/100
|
|-weather|Sandstorm|[upkeep]
|-damage|p1a: Cinderace|0 fnt|[from] Sandstorm
|faint|p1a: Cinderace
|-heal|p2a: Tyranitar|54/100|[from] item: Leftovers
|upkeep
|
|switch|p1a: Hatterene|Hatterene, F|100/100
|-damage|p1a: Hatterene|88/100|[from] Stealth Rock
|turn|18
|
|move|p2a: Tyranitar|Outrage|p1a: Hatterene|[from]lockedmove
|-immune|p1a: Hatterene
|move|p1a: Hatterene|Calm Mind|p1a: Hatterene
|-boost|p1a: Hatterene|spa|1
|-boost|p1a: Hatterene|spd|1
|
|-weather|Sandstorm|[upkeep]
|-damage|p1a: Hatterene|82/100|[from] Sandstorm
|-heal|p2a: Tyranitar|60/100|[from] item: Leftovers
|upkeep
|turn|19
|inactive|kevinaigrette has 120 seconds left.
|
|move|p2a: Tyranitar|Stone Edge|p1a: Hatterene
|-damage|p1a: Hatterene|11/100
|move|p1a: Hatterene|Calm Mind|p1a: Hatterene
|-boost|p1a: Hatterene|spa|1
|-boost|p1a: Hatterene|spd|1
|
|-weather|Sandstorm|[upkeep]
|-damage|p1a: Hatterene|5/100|[from] Sandstorm
|-heal|p2a: Tyranitar|66/100|[from] item: Leftovers
|upkeep
|turn|20
|inactive|kevinaigrette has 120 seconds left.
|
|move|p2a: Tyranitar|Stone Edge|p1a: Hatterene|[miss]
|-miss|p2a: Tyranitar|p1a: Hatterene
|move|p1a: Hatterene|Draining Kiss|p2a: Tyranitar
|-supereffective|p2a: Tyranitar
|-damage|p2a: Tyranitar|0 fnt
|-heal|p1a: Hatterene|68/100|[from] drain|[of] p2a: Tyranitar
|-damage|p1a: Hatterene|58/100|[from] item: Life Orb
|faint|p2a: Tyranitar
|
|-weather|Sandstorm|[upkeep]
|-damage|p1a: Hatterene|52/100|[from] Sandstorm
|upkeep
|inactive|Omgxjimmy has 120 seconds left.
|
|switch|p2a: Jolteon|Jolteon, M|100/100
|turn|21
|
|move|p2a: Jolteon|Shadow Ball|p1a: Hatterene
|-supereffective|p1a: Hatterene
|-damage|p1a: Hatterene|21/100
|-unboost|p1a: Hatterene|spd|1
|move|p1a: Hatterene|Future Sight|p2a: Jolteon
|-start|p1a: Hatterene|move: Future Sight
|
|-weather|none
|-status|p2a: Jolteon|brn|[from] item: Flame Orb
|upkeep
|turn|22
|
|move|p2a: Jolteon|Shadow Ball|p1a: Hatterene
|-supereffective|p1a: Hatterene
|-damage|p1a: Hatterene|0 fnt
|faint|p1a: Hatterene
|
|-damage|p2a: Jolteon|95/100 brn|[from] brn
|upkeep
|
|switch|p1a: Dragapult|Dragapult, M|52/100
|-damage|p1a: Dragapult|40/100|[from] Stealth Rock
|turn|23
|inactive|Omgxjimmy has 120 seconds left.
|
|move|p1a: Dragapult|Sucker Punch|p2a: Jolteon
|-damage|p2a: Jolteon|54/100 brn
|move|p2a: Jolteon|Thunderbolt|p1a: Dragapult
|-resisted|p1a: Dragapult
|-damage|p1a: Dragapult|7/100
|
|-end|p2a: Jolteon|move: Future Sight
|-crit|p2a: Jolteon
|-damage|p2a: Jolteon|0 fnt
|-heal|p1a: Dragapult|13/100|[from] item: Leftovers
|faint|p2a: Jolteon
|upkeep
|inactive|Omgxjimmy has 120 seconds left.
|
|switch|p2a: Conkeldurr|Conkeldurr, F|100/100
|turn|24
|
|move|p1a: Dragapult|Phantom Force||[still]
|-prepare|p1a: Dragapult|Phantom Force|p2a: Conkeldurr
|move|p2a: Conkeldurr|Ice Punch|p1a: Dragapult|[miss]
|-miss|p2a: Conkeldurr|p1a: Dragapult
|
|-heal|p1a: Dragapult|19/100|[from] item: Leftovers
|-status|p2a: Conkeldurr|brn|[from] item: Flame Orb
|upkeep
|turn|25
|
|move|p1a: Dragapult|Phantom Force|p2a: Conkeldurr|[from]lockedmove
|-damage|p2a: Conkeldurr|62/100 brn
|move|p2a: Conkeldurr|Ice Punch|p1a: Dragapult
|-supereffective|p1a: Dragapult
|-damage|p1a: Dragapult|0 fnt
|faint|p1a: Dragapult
|
|win|Omgxjimmy
|raw|kevinaigrette's rating: 1172 → 1143(-29 for losing)
|raw|Omgxjimmy's rating: 1121 → 1150(+29 for winning)
|l|☆kevinaigrette
