|ScrapeTime|2020-01-02-13:05:12
|j|☆Monofuego
|j|☆I liek pink mons
|player|p1|Monofuego|101|1313
|player|p2|I liek pink mons|skierf|1266
|teamsize|p1|6
|teamsize|p2|6
|gametype|singles
|gen|8
|tier|[Gen 8] OU
|rated|
|rule|Sleep Clause Mod: Limit one foe put to sleep
|rule|Species Clause: Limit one of each Pokémon
|rule|OHKO Clause: OHKO moves are banned
|rule|Evasion Moves Clause: Evasion moves are banned
|rule|Endless Battle Clause: Forcing endless battles is banned
|rule|HP Percentage Mod: HP is shown in percentages
|clearpoke
|poke|p1|Arcanine, F|
|poke|p1|Ferrothorn, F|
|poke|p1|Hydreigon, F|
|poke|p1|Dragapult, M|
|poke|p1|Mandibuzz, F|
|poke|p1|Conkeldurr, F|
|poke|p2|Ditto|
|poke|p2|Corsola-Galar, M|
|poke|p2|Dugtrio, F|
|poke|p2|Corviknight, F|
|poke|p2|Gastrodon, F|
|poke|p2|Sylveon, F|
|rule|Dynamax Clause: You cannot dynamax
|teampreview
|
|start
|switch|p1a: Hydreigon|Hydreigon, F|100/100
|switch|p2a: Corsola|Corsola-Galar, M|100/100
|turn|1
|
|switch|p2a: Sylveon|Sylveon, F|100/100
|move|p1a: Hydreigon|Dark Pulse|p2a: Sylveon
|-resisted|p2a: Sylveon
|-damage|p2a: Sylveon|89/100
|
|-heal|p2a: Sylveon|95/100|[from] item: Leftovers
|upkeep
|turn|2
|
|switch|p1a: Ferrothorn|Ferrothorn, F|100/100
|move|p2a: Sylveon|Mystical Fire|p1a: Ferrothorn
|-supereffective|p1a: Ferrothorn
|-damage|p1a: Ferrothorn|39/100
|-unboost|p1a: Ferrothorn|spa|1
|
|-heal|p2a: Sylveon|100/100|[from] item: Leftovers
|-heal|p1a: Ferrothorn|45/100|[from] item: Leftovers
|upkeep
|turn|3
|
|switch|p1a: Arcanine|Arcanine, F|100/100
|-ability|p1a: Arcanine|Intimidate|boost
|-unboost|p2a: Sylveon|atk|1
|move|p2a: Sylveon|Mystical Fire|p1a: Arcanine
|-resisted|p1a: Arcanine
|-damage|p1a: Arcanine|88/100
|-unboost|p1a: Arcanine|spa|1
|
|upkeep
|turn|4
|
|switch|p1a: Dragapult|Dragapult, M|100/100
|switch|p2a: Gastrodon|Gastrodon, F|100/100
|
|upkeep
|turn|5
|
|switch|p2a: Sylveon|Sylveon, F|100/100
|move|p1a: Dragapult|U-turn|p2a: Sylveon
|-resisted|p2a: Sylveon
|-damage|p2a: Sylveon|93/100
|
|switch|p1a: Arcanine|Arcanine, F|88/100|[from]move: U-turn
|-ability|p1a: Arcanine|Intimidate|boost
|-unboost|p2a: Sylveon|atk|1
|
|-heal|p2a: Sylveon|99/100|[from] item: Leftovers
|upkeep
|turn|6
|
|move|p2a: Sylveon|Protect|p2a: Sylveon
|-singleturn|p2a: Sylveon|Protect
|move|p1a: Arcanine|Flare Blitz|p2a: Sylveon
|-activate|p2a: Sylveon|move: Protect
|
|-heal|p2a: Sylveon|100/100|[from] item: Leftovers
|upkeep
|turn|7
|
|switch|p1a: Ferrothorn|Ferrothorn, F|45/100
|switch|p2a: Gastrodon|Gastrodon, F|100/100
|
|-heal|p1a: Ferrothorn|52/100|[from] item: Leftovers
|upkeep
|turn|8
|
|switch|p2a: Corviknight|Corviknight, F|100/100
|-ability|p2a: Corviknight|Pressure
|move|p1a: Ferrothorn|Leech Seed|p2a: Corviknight
|-start|p2a: Corviknight|move: Leech Seed
|
|-heal|p1a: Ferrothorn|58/100|[from] item: Leftovers
|-damage|p2a: Corviknight|88/100|[from] Leech Seed|[of] p1a: Ferrothorn
|-heal|p1a: Ferrothorn|72/100|[silent]
|upkeep
|turn|9
|
|switch|p2a: Ditto|Ditto|100/100
|-transform|p2a: Ditto|p1a: Ferrothorn|[from] ability: Imposter
|move|p1a: Ferrothorn|Stealth Rock|p2a: Ditto
|-sidestart|p2: I liek pink mons|move: Stealth Rock
|
|-heal|p1a: Ferrothorn|78/100|[from] item: Leftovers
|upkeep
|turn|10
|
|switch|p1a: Conkeldurr|Conkeldurr, F|100/100
|move|p2a: Ditto|Stealth Rock|p1a: Conkeldurr
|-sidestart|p1: Monofuego|move: Stealth Rock
|
|-status|p1a: Conkeldurr|brn|[from] item: Flame Orb
|upkeep
|turn|11
|
|switch|p2a: Corsola|Corsola-Galar, M|100/100
|-damage|p2a: Corsola|88/100|[from] Stealth Rock
|move|p1a: Conkeldurr|Earthquake|p2a: Corsola
|-damage|p2a: Corsola|55/100
|
|-damage|p1a: Conkeldurr|94/100 brn|[from] brn
|upkeep
|turn|12
|
|switch|p1a: Mandibuzz|Mandibuzz, F|100/100
|move|p2a: Corsola|Strength Sap|p1a: Mandibuzz
|-unboost|p1a: Mandibuzz|atk|1
|-heal|p2a: Corsola|100/100
|
|upkeep
|turn|13
|
|switch|p2a: Ditto|Ditto|100/100
|-damage|p2a: Ditto|88/100|[from] Stealth Rock
|-transform|p2a: Ditto|p1a: Mandibuzz|[from] ability: Imposter
|move|p1a: Mandibuzz|Knock Off|p2a: Ditto
|-resisted|p2a: Ditto
|-damage|p2a: Ditto|80/100
|-enditem|p2a: Ditto|Choice Scarf|[from] move: Knock Off|[of] p1a: Mandibuzz
|
|upkeep
|turn|14
|
|move|p2a: Ditto|Knock Off|p1a: Mandibuzz
|-resisted|p1a: Mandibuzz
|-damage|p1a: Mandibuzz|95/100
|-enditem|p1a: Mandibuzz|Heavy-Duty Boots|[from] move: Knock Off|[of] p2a: Ditto
|move|p1a: Mandibuzz|U-turn|p2a: Ditto
|-damage|p2a: Ditto|72/100
|
|switch|p1a: Conkeldurr|Conkeldurr, F|94/100 brn|[from]move: U-turn
|-damage|p1a: Conkeldurr|88/100 brn|[from] Stealth Rock
|
|-damage|p1a: Conkeldurr|82/100 brn|[from] brn
|upkeep
|turn|15
|
|switch|p2a: Corsola|Corsola-Galar, M|100/100
|-damage|p2a: Corsola|88/100|[from] Stealth Rock
|move|p1a: Conkeldurr|Thunder Punch|p2a: Corsola
|-damage|p2a: Corsola|63/100
|-start|p1a: Conkeldurr|Disable|Thunder Punch|[from] ability: Cursed Body|[of] p2a: Corsola
|
|-damage|p1a: Conkeldurr|76/100 brn|[from] brn
|upkeep
|turn|16
|
|switch|p1a: Hydreigon|Hydreigon, F|100/100
|-damage|p1a: Hydreigon|88/100|[from] Stealth Rock
|move|p2a: Corsola|Strength Sap|p1a: Hydreigon
|-unboost|p1a: Hydreigon|atk|1
|-heal|p2a: Corsola|100/100
|
|upkeep
|turn|17
|
|switch|p2a: Sylveon|Sylveon, F|100/100
|-damage|p2a: Sylveon|88/100|[from] Stealth Rock
|move|p1a: Hydreigon|U-turn|p2a: Sylveon
|-resisted|p2a: Sylveon
|-damage|p2a: Sylveon|83/100
|
|switch|p1a: Arcanine|Arcanine, F|88/100|[from]move: U-turn
|-ability|p1a: Arcanine|Intimidate|boost
|-unboost|p2a: Sylveon|atk|1
|
|-heal|p2a: Sylveon|90/100|[from] item: Leftovers
|upkeep
|turn|18
|
|switch|p1a: Ferrothorn|Ferrothorn, F|78/100
|-damage|p1a: Ferrothorn|72/100|[from] Stealth Rock
|move|p2a: Sylveon|Protect||[still]
|-fail|p2a: Sylveon
|
|-heal|p2a: Sylveon|96/100|[from] item: Leftovers
|-heal|p1a: Ferrothorn|78/100|[from] item: Leftovers
|upkeep
|turn|19
|
|switch|p1a: Arcanine|Arcanine, F|88/100
|-ability|p1a: Arcanine|Intimidate|boost
|-unboost|p2a: Sylveon|atk|1
|move|p2a: Sylveon|Protect||[still]
|-fail|p2a: Sylveon
|
|-heal|p2a: Sylveon|100/100|[from] item: Leftovers
|upkeep
|turn|20
|
|move|p2a: Sylveon|Protect|p2a: Sylveon
|-singleturn|p2a: Sylveon|Protect
|move|p1a: Arcanine|Flare Blitz|p2a: Sylveon
|-activate|p2a: Sylveon|move: Protect
|
|upkeep
|turn|21
|
|switch|p1a: Dragapult|Dragapult, M|100/100
|-damage|p1a: Dragapult|88/100|[from] Stealth Rock
|switch|p2a: Gastrodon|Gastrodon, F|100/100
|-damage|p2a: Gastrodon|94/100|[from] Stealth Rock
|
|-heal|p2a: Gastrodon|100/100|[from] item: Leftovers
|upkeep
|turn|22
|
|move|p1a: Dragapult|Shadow Ball|p2a: Gastrodon
|-damage|p2a: Gastrodon|62/100
|move|p2a: Gastrodon|Scald|p1a: Dragapult
|-resisted|p1a: Dragapult
|-damage|p1a: Dragapult|70/100
|
|-heal|p2a: Gastrodon|68/100|[from] item: Leftovers
|upkeep
|turn|23
|
|move|p1a: Dragapult|Shadow Ball|p2a: Gastrodon
|-damage|p2a: Gastrodon|34/100
|move|p2a: Gastrodon|Recover|p2a: Gastrodon
|-heal|p2a: Gastrodon|84/100
|
|-heal|p2a: Gastrodon|90/100|[from] item: Leftovers
|upkeep
|turn|24
|
|move|p1a: Dragapult|Shadow Ball|p2a: Gastrodon
|-damage|p2a: Gastrodon|50/100
|-unboost|p2a: Gastrodon|spd|1
|move|p2a: Gastrodon|Earth Power|p1a: Dragapult
|-damage|p1a: Dragapult|28/100
|-unboost|p1a: Dragapult|spd|1
|
|-heal|p2a: Gastrodon|56/100|[from] item: Leftovers
|upkeep
|turn|25
|
|switch|p2a: Sylveon|Sylveon, F|100/100
|-damage|p2a: Sylveon|88/100|[from] Stealth Rock
|move|p1a: Dragapult|Shadow Ball|p2a: Sylveon
|-damage|p2a: Sylveon|58/100
|
|-heal|p2a: Sylveon|64/100|[from] item: Leftovers
|upkeep
|turn|26
|
|move|p1a: Dragapult|Shadow Ball|p2a: Sylveon
|-damage|p2a: Sylveon|32/100
|-unboost|p2a: Sylveon|spd|1
|move|p2a: Sylveon|Wish|p2a: Sylveon
|
|-heal|p2a: Sylveon|38/100|[from] item: Leftovers
|upkeep
|turn|27
|
|switch|p1a: Arcanine|Arcanine, F|88/100
|-ability|p1a: Arcanine|Intimidate|boost
|-unboost|p2a: Sylveon|atk|1
|move|p2a: Sylveon|Protect||[still]
|-fail|p2a: Sylveon
|
|-heal|p2a: Sylveon|88/100|[from] move: Wish|[wisher] Sylveon
|-heal|p2a: Sylveon|94/100|[from] item: Leftovers
|upkeep
|turn|28
|
|move|p2a: Sylveon|Protect|p2a: Sylveon
|-singleturn|p2a: Sylveon|Protect
|move|p1a: Arcanine|Flare Blitz|p2a: Sylveon
|-activate|p2a: Sylveon|move: Protect
|
|-heal|p2a: Sylveon|99/100|[from] item: Leftovers
|upkeep
|turn|29
|
|switch|p2a: Gastrodon|Gastrodon, F|56/100
|-damage|p2a: Gastrodon|50/100|[from] Stealth Rock
|move|p1a: Arcanine|Flare Blitz|p2a: Gastrodon
|-resisted|p2a: Gastrodon
|-damage|p2a: Gastrodon|22/100
|-damage|p1a: Arcanine|76/100|[from] Recoil
|
|-heal|p2a: Gastrodon|28/100|[from] item: Leftovers
|upkeep
|turn|30
|
|move|p1a: Arcanine|Close Combat|p2a: Gastrodon
|-damage|p2a: Gastrodon|0 fnt
|-unboost|p1a: Arcanine|def|1
|-unboost|p1a: Arcanine|spd|1
|faint|p2a: Gastrodon
|
|upkeep
|
|switch|p2a: Dugtrio|Dugtrio, F|100/100
|-damage|p2a: Dugtrio|95/100|[from] Stealth Rock
|turn|31
|
|move|p1a: Arcanine|Extreme Speed|p2a: Dugtrio
|-damage|p2a: Dugtrio|19/100
|move|p2a: Dugtrio|Earthquake|p1a: Arcanine
|-supereffective|p1a: Arcanine
|-damage|p1a: Arcanine|0 fnt
|faint|p1a: Arcanine
|
|upkeep
|
|switch|p1a: Hydreigon|Hydreigon, F|88/100
|-damage|p1a: Hydreigon|76/100|[from] Stealth Rock
|turn|32
|
|switch|p2a: Corviknight|Corviknight, F|88/100
|-damage|p2a: Corviknight|75/100|[from] Stealth Rock
|-ability|p2a: Corviknight|Pressure
|move|p1a: Hydreigon|U-turn|p2a: Corviknight
|-resisted|p2a: Corviknight
|-damage|p2a: Corviknight|73/100
|
|switch|p1a: Conkeldurr|Conkeldurr, F|76/100 brn|[from]move: U-turn
|-damage|p1a: Conkeldurr|70/100 brn|[from] Stealth Rock
|
|-heal|p2a: Corviknight|79/100|[from] item: Leftovers
|-damage|p1a: Conkeldurr|64/100 brn|[from] brn
|upkeep
|turn|33
|
|move|p2a: Corviknight|Brave Bird|p1a: Conkeldurr
|-supereffective|p1a: Conkeldurr
|-damage|p1a: Conkeldurr|0 fnt
|-damage|p2a: Corviknight|57/100|[from] Recoil
|faint|p1a: Conkeldurr
|
|-heal|p2a: Corviknight|64/100|[from] item: Leftovers
|upkeep
|
|switch|p1a: Dragapult|Dragapult, M|28/100
|-damage|p1a: Dragapult|16/100|[from] Stealth Rock
|turn|34
|
|switch|p2a: Sylveon|Sylveon, F|99/100
|-damage|p2a: Sylveon|88/100|[from] Stealth Rock
|move|p1a: Dragapult|Flamethrower|p2a: Sylveon
|-damage|p2a: Sylveon|64/100
|
|-heal|p2a: Sylveon|71/100|[from] item: Leftovers
|upkeep
|turn|35
|-message|Monofuego forfeited.
|
|win|I liek pink mons
|l|☆Monofuego
|raw|Monofuego's rating: 1335 → 1311(-24 for losing)
|raw|I liek pink mons's rating: 1266 → 1296(+30 for winning)
