|ScrapeTime|2020-01-01-12:55:32
|j|☆DyezL
|j|☆Paradiigme
|player|p1|DyezL|2|1456
|player|p2|Paradiigme|282|1482
|teamsize|p1|6
|teamsize|p2|6
|gametype|singles
|gen|8
|tier|[Gen 8] OU
|rated|
|rule|Sleep Clause Mod: Limit one foe put to sleep
|rule|Species Clause: Limit one of each Pokémon
|rule|OHKO Clause: OHKO moves are banned
|rule|Evasion Moves Clause: Evasion moves are banned
|rule|Endless Battle Clause: Forcing endless battles is banned
|rule|HP Percentage Mod: HP is shown in percentages
|clearpoke
|poke|p1|Tyranitar, M|
|poke|p1|Gastrodon, F|
|poke|p1|Toxapex, F|
|poke|p1|Corviknight, F|
|poke|p1|Ditto|
|poke|p1|Hatterene, F|
|poke|p2|Grimmsnarl, M|
|poke|p2|Kommo-o, M|
|poke|p2|Rotom-Wash|
|poke|p2|Toxtricity, F|
|poke|p2|Excadrill, F|
|poke|p2|Clefable, M|
|rule|Dynamax Clause: You cannot dynamax
|teampreview
|
|start
|switch|p1a: Hatterene|Hatterene, F|100/100
|switch|p2a: Excadrill|Excadrill, F|100/100
|-ability|p2a: Excadrill|Mold Breaker
|turn|1
|
|switch|p1a: Corviknight|Corviknight, F|100/100
|-ability|p1a: Corviknight|Pressure
|move|p2a: Excadrill|Iron Head|p1a: Corviknight
|-resisted|p1a: Corviknight
|-damage|p1a: Corviknight|88/100
|-damage|p2a: Excadrill|84/100|[from] item: Rocky Helmet|[of] p1a: Corviknight
|
|upkeep
|turn|2
|
|move|p2a: Excadrill|Stealth Rock|p1a: Corviknight
|-sidestart|p1: DyezL|move: Stealth Rock
|move|p1a: Corviknight|Body Press|p2a: Excadrill
|-supereffective|p2a: Excadrill
|-crit|p2a: Excadrill
|-damage|p2a: Excadrill|0 fnt
|faint|p2a: Excadrill
|
|upkeep
|
|switch|p2a: Clefable|Clefable, M|100/100
|turn|3
|
|switch|p1a: Tyranitar|Tyranitar, M|100/100
|-damage|p1a: Tyranitar|88/100|[from] Stealth Rock
|-weather|Sandstorm|[from] ability: Sand Stream|[of] p1a: Tyranitar
|move|p2a: Clefable|Thunderbolt|p1a: Tyranitar
|-damage|p1a: Tyranitar|79/100
|
|-weather|Sandstorm|[upkeep]
|upkeep
|turn|4
|
|switch|p2a: Grimmsnarl|Grimmsnarl, M|100/100
|move|p1a: Tyranitar|Body Slam|p2a: Grimmsnarl
|-damage|p2a: Grimmsnarl|81/100
|
|-weather|Sandstorm|[upkeep]
|-damage|p2a: Grimmsnarl|75/100|[from] Sandstorm
|upkeep
|turn|5
|
|switch|p1a: Corviknight|Corviknight, F|88/100
|-damage|p1a: Corviknight|75/100|[from] Stealth Rock
|-ability|p1a: Corviknight|Pressure
|move|p2a: Grimmsnarl|Reflect|p2a: Grimmsnarl
|-sidestart|p2: Paradiigme|Reflect
|
|-weather|Sandstorm|[upkeep]
|-damage|p2a: Grimmsnarl|69/100|[from] Sandstorm
|upkeep
|turn|6
|
|move|p2a: Grimmsnarl|Thunder Wave|p1a: Corviknight
|-status|p1a: Corviknight|par
|move|p1a: Corviknight|Defog|p2a: Grimmsnarl
|-unboost|p2a: Grimmsnarl|evasion|1
|-sideend|p2: Paradiigme|Reflect
|-sideend|p1: DyezL|Stealth Rock|[from] move: Defog|[of] p1a: Corviknight
|
|-weather|Sandstorm|[upkeep]
|-damage|p2a: Grimmsnarl|62/100|[from] Sandstorm
|upkeep
|turn|7
|
|move|p2a: Grimmsnarl|Reflect|p2a: Grimmsnarl
|-sidestart|p2: Paradiigme|Reflect
|move|p1a: Corviknight|Taunt|p2a: Grimmsnarl
|-start|p2a: Grimmsnarl|move: Taunt
|
|-weather|none
|upkeep
|turn|8
|
|switch|p2a: Clefable|Clefable, M|100/100
|move|p1a: Corviknight|Defog|p2a: Clefable
|-unboost|p2a: Clefable|evasion|1
|-sideend|p2: Paradiigme|Reflect
|
|upkeep
|turn|9
|
|switch|p1a: Hatterene|Hatterene, F|100/100
|move|p2a: Clefable|Flamethrower|p1a: Hatterene
|-damage|p1a: Hatterene|63/100
|
|upkeep
|turn|10
|
|move|p2a: Clefable|Moonblast|p1a: Hatterene
|-damage|p1a: Hatterene|6/100
|move|p1a: Hatterene|Psychic|p2a: Clefable
|-damage|p2a: Clefable|11/100
|
|upkeep
|turn|11
|
|switch|p1a: Ditto|Ditto|100/100
|-transform|p1a: Ditto|p2a: Clefable|[from] ability: Imposter
|move|p2a: Clefable|Thunderbolt|p1a: Ditto
|-damage|p1a: Ditto|53/100
|
|upkeep
|turn|12
|
|switch|p2a: Toxtricity|Toxtricity, F|100/100
|move|p1a: Ditto|Moonblast|p2a: Toxtricity
|-resisted|p2a: Toxtricity
|-damage|p2a: Toxtricity|66/100
|-unboost|p2a: Toxtricity|spa|1
|
|upkeep
|turn|13
|
|switch|p1a: Tyranitar|Tyranitar, M|79/100
|-weather|Sandstorm|[from] ability: Sand Stream|[of] p1a: Tyranitar
|move|p2a: Toxtricity|Hex|p1a: Tyranitar
|-resisted|p1a: Tyranitar
|-damage|p1a: Tyranitar|76/100
|
|-weather|Sandstorm|[upkeep]
|-damage|p2a: Toxtricity|60/100|[from] Sandstorm
|upkeep
|turn|14
|
|switch|p2a: Grimmsnarl|Grimmsnarl, M|62/100
|switch|p1a: Ditto|Ditto|53/100
|-transform|p1a: Ditto|p2a: Grimmsnarl|[from] ability: Imposter
|
|-weather|Sandstorm|[upkeep]
|-damage|p1a: Ditto|47/100|[from] Sandstorm
|-damage|p2a: Grimmsnarl|56/100|[from] Sandstorm
|upkeep
|turn|15
|
|switch|p1a: Corviknight|Corviknight, F|75/100 par
|-ability|p1a: Corviknight|Pressure
|move|p2a: Grimmsnarl|Reflect|p2a: Grimmsnarl
|-sidestart|p2: Paradiigme|Reflect
|
|-weather|Sandstorm|[upkeep]
|-damage|p2a: Grimmsnarl|50/100|[from] Sandstorm
|upkeep
|turn|16
|
|switch|p2a: Kommo-o|Kommo-o, M|100/100
|move|p1a: Corviknight|Taunt|p2a: Kommo-o
|-start|p2a: Kommo-o|move: Taunt
|
|-weather|Sandstorm|[upkeep]
|-damage|p2a: Kommo-o|94/100|[from] Sandstorm
|upkeep
|turn|17
|
|switch|p1a: Toxapex|Toxapex, F|100/100
|move|p2a: Kommo-o|Drain Punch|p1a: Toxapex
|-resisted|p1a: Toxapex
|-damage|p1a: Toxapex|91/100
|-heal|p2a: Kommo-o|99/100|[from] drain|[of] p1a: Toxapex
|
|-weather|none
|-heal|p1a: Toxapex|97/100|[from] item: Black Sludge
|upkeep
|turn|18
|
|switch|p2a: Rotom|Rotom-Wash|100/100
|move|p1a: Toxapex|Scald|p2a: Rotom
|-resisted|p2a: Rotom
|-damage|p2a: Rotom|92/100
|
|-heal|p1a: Toxapex|100/100|[from] item: Black Sludge
|upkeep
|turn|19
|
|switch|p1a: Gastrodon|Gastrodon, F|100/100
|move|p2a: Rotom|Trick|p1a: Gastrodon
|-activate|p2a: Rotom|move: Trick|[of] p1a: Gastrodon
|-item|p1a: Gastrodon|Choice Scarf|[from] move: Trick
|-item|p2a: Rotom|Leftovers|[from] move: Trick
|
|-heal|p2a: Rotom|98/100|[from] item: Leftovers
|upkeep
|turn|20
|
|move|p2a: Rotom|Will-O-Wisp|p1a: Gastrodon
|-status|p1a: Gastrodon|brn
|move|p1a: Gastrodon|Scald|p2a: Rotom
|-resisted|p2a: Rotom
|-damage|p2a: Rotom|84/100
|
|-heal|p2a: Rotom|90/100|[from] item: Leftovers
|-damage|p1a: Gastrodon|94/100 brn|[from] brn
|upkeep
|turn|21
|
|switch|p2a: Clefable|Clefable, M|11/100
|move|p1a: Gastrodon|Scald|p2a: Clefable
|-damage|p2a: Clefable|0 fnt
|faint|p2a: Clefable
|
|-damage|p1a: Gastrodon|88/100 brn|[from] brn
|upkeep
|
|switch|p2a: Kommo-o|Kommo-o, M|99/100
|turn|22
|
|move|p2a: Kommo-o|Substitute|p2a: Kommo-o
|-start|p2a: Kommo-o|Substitute
|-damage|p2a: Kommo-o|74/100
|move|p1a: Gastrodon|Scald|p2a: Kommo-o
|-resisted|p2a: Kommo-o
|-activate|p2a: Kommo-o|move: Substitute|[damage]
|
|-damage|p1a: Gastrodon|82/100 brn|[from] brn
|-sideend|p2: Paradiigme|Reflect
|upkeep
|turn|23
|
|move|p2a: Kommo-o|Belly Drum|p2a: Kommo-o
|-damage|p2a: Kommo-o|24/100
|-setboost|p2a: Kommo-o|atk|6|[from] move: Belly Drum
|-enditem|p2a: Kommo-o|Salac Berry|[eat]
|-boost|p2a: Kommo-o|spe|1
|move|p1a: Gastrodon|Scald|p2a: Kommo-o
|-resisted|p2a: Kommo-o
|-end|p2a: Kommo-o|Substitute
|
|-damage|p1a: Gastrodon|76/100 brn|[from] brn
|upkeep
|turn|24
|
|switch|p2a: Grimmsnarl|Grimmsnarl, M|50/100
|switch|p1a: Hatterene|Hatterene, F|6/100
|
|upkeep
|turn|25
|
|move|p2a: Grimmsnarl|Light Screen|p2a: Grimmsnarl
|-sidestart|p2: Paradiigme|move: Light Screen
|move|p1a: Hatterene|Aromatherapy|p1a: Hatterene
|-activate|p1a: Hatterene|move: Aromatherapy
|-curestatus|p1: Corviknight|par|[msg]
|-curestatus|p1: Gastrodon|brn|[msg]
|
|upkeep
|turn|26
|
|switch|p1a: Ditto|Ditto|47/100
|-transform|p1a: Ditto|p2a: Grimmsnarl|[from] ability: Imposter
|move|p2a: Grimmsnarl|Reflect|p2a: Grimmsnarl
|-sidestart|p2: Paradiigme|Reflect
|
|upkeep
|turn|27
|
|switch|p1a: Corviknight|Corviknight, F|75/100
|-ability|p1a: Corviknight|Pressure
|move|p2a: Grimmsnarl|Spirit Break|p1a: Corviknight
|-resisted|p1a: Corviknight
|-damage|p1a: Corviknight|66/100
|-unboost|p1a: Corviknight|spa|1
|
|upkeep
|turn|28
|
|switch|p1a: Hatterene|Hatterene, F|6/100
|move|p2a: Grimmsnarl|Thunder Wave|p1a: Hatterene
|move|p1a: Hatterene|Thunder Wave|p2a: Grimmsnarl|[from]Magic Bounce
|-status|p2a: Grimmsnarl|par
|
|upkeep
|turn|29
|
|switch|p1a: Corviknight|Corviknight, F|66/100
|-ability|p1a: Corviknight|Pressure
|move|p2a: Grimmsnarl|Spirit Break|p1a: Corviknight
|-resisted|p1a: Corviknight
|-damage|p1a: Corviknight|57/100
|-unboost|p1a: Corviknight|spa|1
|
|upkeep
|turn|30
|
|move|p2a: Grimmsnarl|Thunder Wave|p1a: Corviknight
|-status|p1a: Corviknight|par
|move|p1a: Corviknight|Taunt|p2a: Grimmsnarl
|-start|p2a: Grimmsnarl|move: Taunt
|
|upkeep
|turn|31
|
|switch|p2a: Kommo-o|Kommo-o, M|24/100
|move|p1a: Corviknight|Defog|p2a: Kommo-o
|-unboost|p2a: Kommo-o|evasion|1
|-sideend|p2: Paradiigme|Reflect
|-sideend|p2: Paradiigme|move: Light Screen
|
|upkeep
|turn|32
|
|switch|p1a: Toxapex|Toxapex, F|100/100
|move|p2a: Kommo-o|Drain Punch|p1a: Toxapex
|-resisted|p1a: Toxapex
|-damage|p1a: Toxapex|90/100
|-heal|p2a: Kommo-o|30/100|[from] drain|[of] p1a: Toxapex
|
|-heal|p1a: Toxapex|96/100|[from] item: Black Sludge
|upkeep
|turn|33
|
|move|p2a: Kommo-o|Substitute|p2a: Kommo-o
|-start|p2a: Kommo-o|Substitute
|-damage|p2a: Kommo-o|5/100
|move|p1a: Toxapex|Scald|p2a: Kommo-o
|-resisted|p2a: Kommo-o
|-activate|p2a: Kommo-o|move: Substitute|[damage]
|
|-heal|p1a: Toxapex|100/100|[from] item: Black Sludge
|upkeep
|turn|34
|
|move|p1a: Toxapex|Baneful Bunker|p1a: Toxapex
|-singleturn|p1a: Toxapex|move: Protect
|move|p2a: Kommo-o|Earthquake|p1a: Toxapex
|-activate|p1a: Toxapex|move: Protect
|
|upkeep
|turn|35
|
|move|p2a: Kommo-o|Earthquake|p1a: Toxapex
|-supereffective|p1a: Toxapex
|-damage|p1a: Toxapex|66/100
|move|p1a: Toxapex|Scald|p2a: Kommo-o
|-resisted|p2a: Kommo-o
|-activate|p2a: Kommo-o|move: Substitute|[damage]
|
|-heal|p1a: Toxapex|73/100|[from] item: Black Sludge
|upkeep
|turn|36
|
|move|p2a: Kommo-o|Earthquake|p1a: Toxapex
|-supereffective|p1a: Toxapex
|-damage|p1a: Toxapex|35/100
|move|p1a: Toxapex|Scald|p2a: Kommo-o
|-resisted|p2a: Kommo-o
|-end|p2a: Kommo-o|Substitute
|
|-heal|p1a: Toxapex|41/100|[from] item: Black Sludge
|upkeep
|turn|37
|
|switch|p1a: Corviknight|Corviknight, F|57/100 par
|-ability|p1a: Corviknight|Pressure
|move|p2a: Kommo-o|Earthquake|p1a: Corviknight
|-immune|p1a: Corviknight
|
|upkeep
|turn|38
|
|switch|p2a: Rotom|Rotom-Wash|90/100
|move|p1a: Corviknight|Body Press|p2a: Rotom
|-damage|p2a: Rotom|61/100
|
|-heal|p2a: Rotom|67/100|[from] item: Leftovers
|upkeep
|turn|39
|
|switch|p1a: Gastrodon|Gastrodon, F|76/100
|move|p2a: Rotom|Will-O-Wisp|p1a: Gastrodon
|-status|p1a: Gastrodon|brn
|
|-heal|p2a: Rotom|73/100|[from] item: Leftovers
|-damage|p1a: Gastrodon|70/100 brn|[from] brn
|upkeep
|turn|40
|
|switch|p2a: Grimmsnarl|Grimmsnarl, M|50/100 par
|move|p1a: Gastrodon|Scald|p2a: Grimmsnarl
|-damage|p2a: Grimmsnarl|24/100 par
|
|-damage|p1a: Gastrodon|64/100 brn|[from] brn
|upkeep
|turn|41
|
|move|p2a: Grimmsnarl|Light Screen|p2a: Grimmsnarl
|-sidestart|p2: Paradiigme|move: Light Screen
|move|p1a: Gastrodon|Scald|p2a: Grimmsnarl
|-damage|p2a: Grimmsnarl|10/100 par
|
|-damage|p1a: Gastrodon|58/100 brn|[from] brn
|upkeep
|turn|42
|
|switch|p1a: Corviknight|Corviknight, F|57/100 par
|-ability|p1a: Corviknight|Pressure
|move|p2a: Grimmsnarl|Reflect|p2a: Grimmsnarl
|-sidestart|p2: Paradiigme|Reflect
|
|upkeep
|turn|43
|
|switch|p2a: Rotom|Rotom-Wash|73/100
|move|p1a: Corviknight|Defog|p2a: Rotom
|-unboost|p2a: Rotom|evasion|1
|-sideend|p2: Paradiigme|Reflect
|-sideend|p2: Paradiigme|move: Light Screen
|
|-heal|p2a: Rotom|79/100|[from] item: Leftovers
|upkeep
|turn|44
|
|switch|p1a: Gastrodon|Gastrodon, F|58/100 brn
|move|p2a: Rotom|Volt Switch|p1a: Gastrodon
|-immune|p1a: Gastrodon
|
|-heal|p2a: Rotom|85/100|[from] item: Leftovers
|-damage|p1a: Gastrodon|52/100 brn|[from] brn
|upkeep
|turn|45
|
|move|p2a: Rotom|Will-O-Wisp|p1a: Gastrodon
|-fail|p1a: Gastrodon|brn
|move|p1a: Gastrodon|Scald|p2a: Rotom
|-resisted|p2a: Rotom
|-damage|p2a: Rotom|71/100
|
|-heal|p2a: Rotom|77/100|[from] item: Leftovers
|-damage|p1a: Gastrodon|46/100 brn|[from] brn
|upkeep
|turn|46
|
|move|p2a: Rotom|Will-O-Wisp|p1a: Gastrodon
|-fail|p1a: Gastrodon|brn
|move|p1a: Gastrodon|Scald|p2a: Rotom
|-resisted|p2a: Rotom
|-damage|p2a: Rotom|64/100
|
|-heal|p2a: Rotom|69/100|[from] item: Leftovers
|-damage|p1a: Gastrodon|39/100 brn|[from] brn
|upkeep
|turn|47
|
|switch|p1a: Hatterene|Hatterene, F|6/100
|move|p2a: Rotom|Will-O-Wisp|p1a: Hatterene
|move|p1a: Hatterene|Will-O-Wisp|p2a: Rotom|[from]Magic Bounce
|-status|p2a: Rotom|brn
|
|-heal|p2a: Rotom|75/100 brn|[from] item: Leftovers
|-damage|p2a: Rotom|69/100 brn|[from] brn
|upkeep
|turn|48
|
|switch|p1a: Gastrodon|Gastrodon, F|39/100 brn
|move|p2a: Rotom|Volt Switch|p1a: Gastrodon
|-immune|p1a: Gastrodon
|
|-heal|p2a: Rotom|75/100 brn|[from] item: Leftovers
|-damage|p2a: Rotom|69/100 brn|[from] brn
|-damage|p1a: Gastrodon|33/100 brn|[from] brn
|upkeep
|turn|49
|
|switch|p2a: Grimmsnarl|Grimmsnarl, M|10/100 par
|move|p1a: Gastrodon|Recover|p1a: Gastrodon
|-heal|p1a: Gastrodon|83/100 brn
|
|-damage|p1a: Gastrodon|77/100 brn|[from] brn
|upkeep
|turn|50
|
|switch|p1a: Tyranitar|Tyranitar, M|76/100
|-weather|Sandstorm|[from] ability: Sand Stream|[of] p1a: Tyranitar
|move|p2a: Grimmsnarl|Light Screen|p2a: Grimmsnarl
|-sidestart|p2: Paradiigme|move: Light Screen
|
|-weather|Sandstorm|[upkeep]
|-damage|p2a: Grimmsnarl|4/100 par|[from] Sandstorm
|upkeep
|turn|51
|
|switch|p1a: Corviknight|Corviknight, F|57/100 par
|-ability|p1a: Corviknight|Pressure
|move|p2a: Grimmsnarl|Spirit Break|p1a: Corviknight
|-resisted|p1a: Corviknight
|-damage|p1a: Corviknight|48/100 par
|-unboost|p1a: Corviknight|spa|1
|
|-weather|Sandstorm|[upkeep]
|-damage|p2a: Grimmsnarl|0 fnt|[from] Sandstorm
|faint|p2a: Grimmsnarl
|upkeep
|
|switch|p2a: Toxtricity|Toxtricity, F|60/100
|turn|52
|
|switch|p1a: Tyranitar|Tyranitar, M|76/100
|move|p2a: Toxtricity|Overdrive|p1a: Tyranitar
|-damage|p1a: Tyranitar|62/100
|-enditem|p2a: Toxtricity|Throat Spray
|-boost|p2a: Toxtricity|spa|1
|
|-weather|Sandstorm|[upkeep]
|-damage|p2a: Toxtricity|53/100|[from] Sandstorm
|upkeep
|turn|53
|
|move|p2a: Toxtricity|Overdrive|p1a: Tyranitar
|-damage|p1a: Tyranitar|40/100
|move|p1a: Tyranitar|Earthquake|p2a: Toxtricity
|-supereffective|p2a: Toxtricity
|-damage|p2a: Toxtricity|0 fnt
|faint|p2a: Toxtricity
|
|-weather|Sandstorm|[upkeep]
|upkeep
|
|switch|p2a: Kommo-o|Kommo-o, M|5/100
|turn|54
|
|switch|p1a: Toxapex|Toxapex, F|75/100
|move|p2a: Kommo-o|Drain Punch|p1a: Toxapex
|-resisted|p1a: Toxapex
|-damage|p1a: Toxapex|65/100
|-heal|p2a: Kommo-o|10/100|[from] drain|[of] p1a: Toxapex
|
|-weather|none
|-heal|p1a: Toxapex|71/100|[from] item: Black Sludge
|upkeep
|turn|55
|-message|Paradiigme forfeited.
|
|win|DyezL
|l|☆Paradiigme
|raw|DyezL's rating: 1456 → 1478(+22 for winning)
|raw|Paradiigme's rating: 1482 → 1460(-22 for losing)
