|ScrapeTime|2020-01-02-03:34:27
|j|☆Shirtterene
|j|☆Flippersjosh
|player|p1|Shirtterene|psychic-gen4|1225
|player|p2|Flippersjosh|lucas-gen4pt|1278
|teamsize|p1|6
|teamsize|p2|6
|gametype|singles
|gen|8
|tier|[Gen 8] OU
|rated|
|rule|Sleep Clause Mod: Limit one foe put to sleep
|rule|Species Clause: Limit one of each Pokémon
|rule|OHKO Clause: OHKO moves are banned
|rule|Evasion Moves Clause: Evasion moves are banned
|rule|Endless Battle Clause: Forcing endless battles is banned
|rule|HP Percentage Mod: HP is shown in percentages
|clearpoke
|poke|p1|Hydreigon, F|
|poke|p1|Dragapult, F|
|poke|p1|Rotom-Heat|
|poke|p1|Bisharp, F|
|poke|p1|Corviknight, M|
|poke|p1|Seismitoad, F|
|poke|p2|Ninetales, M|
|poke|p2|Shiftry, M|
|poke|p2|Dugtrio, M|
|poke|p2|Hatterene, F|
|poke|p2|Grimmsnarl, M|
|poke|p2|Dragapult, M|
|rule|Dynamax Clause: You cannot dynamax
|teampreview
|c|☆Shirtterene|hf
|inactive|Battle timer is ON: inactive players will automatically lose when time's up. (requested by Flippersjosh)
|
|start
|switch|p1a: Hydreigon|Hydreigon, F|100/100
|switch|p2a: Ninetales|Ninetales, M, shiny|100/100
|-weather|SunnyDay|[from] ability: Drought|[of] p2a: Ninetales
|turn|1
|
|switch|p2a: Grimmsnarl|Grimmsnarl, M|100/100
|move|p1a: Hydreigon|Nasty Plot|p1a: Hydreigon
|-boost|p1a: Hydreigon|spa|2
|
|-weather|SunnyDay|[upkeep]
|upkeep
|turn|2
|
|move|p1a: Hydreigon|Flash Cannon|p2a: Grimmsnarl
|-supereffective|p2a: Grimmsnarl
|-damage|p2a: Grimmsnarl|4/100
|-damage|p1a: Hydreigon|91/100|[from] item: Life Orb
|move|p2a: Grimmsnarl|Spirit Break|p1a: Hydreigon
|-supereffective|p1a: Hydreigon
|-damage|p1a: Hydreigon|0 fnt
|faint|p1a: Hydreigon
|
|-weather|SunnyDay|[upkeep]
|upkeep
|
|switch|p1a: Rotom|Rotom-Heat|100/100
|turn|3
|
|move|p2a: Grimmsnarl|Light Screen|p2a: Grimmsnarl
|-sidestart|p2: Flippersjosh|move: Light Screen
|move|p1a: Rotom|Volt Switch|p2a: Grimmsnarl
|-damage|p2a: Grimmsnarl|0 fnt
|faint|p2a: Grimmsnarl
|
|switch|p1a: Dragapult|Dragapult, F|100/100|[from]move: Volt Switch
|
|-weather|SunnyDay|[upkeep]
|upkeep
|inactive|Flippersjosh has 120 seconds left.
|
|switch|p2a: Shiftry|Shiftry, M|100/100
|turn|4
|inactive|Shirtterene has 120 seconds left.
|
|move|p2a: Shiftry|Throat Chop|p1a: Dragapult
|-supereffective|p1a: Dragapult
|-damage|p1a: Dragapult|0 fnt
|-damage|p2a: Shiftry|91/100|[from] item: Life Orb
|faint|p1a: Dragapult
|
|-weather|SunnyDay|[upkeep]
|upkeep
|inactive|Shirtterene has 120 seconds left.
|
|switch|p1a: Bisharp|Bisharp, F|100/100
|turn|5
|inactive|Shirtterene has 120 seconds left.
|
|move|p2a: Shiftry|Heat Wave|p1a: Bisharp
|-supereffective|p1a: Bisharp
|-crit|p1a: Bisharp
|-damage|p1a: Bisharp|0 fnt
|-damage|p2a: Shiftry|81/100|[from] item: Life Orb
|faint|p1a: Bisharp
|
|-weather|SunnyDay|[upkeep]
|upkeep
|inactive|Shirtterene has 120 seconds left.
|
|switch|p1a: Corviknight|Corviknight, M|100/100
|turn|6
|
|move|p2a: Shiftry|Heat Wave|p1a: Corviknight
|-supereffective|p1a: Corviknight
|-crit|p1a: Corviknight
|-damage|p1a: Corviknight|19/100
|-damage|p2a: Shiftry|71/100|[from] item: Life Orb
|move|p1a: Corviknight|U-turn|p2a: Shiftry
|-supereffective|p2a: Shiftry
|-damage|p2a: Shiftry|0 fnt
|faint|p2a: Shiftry
|inactive|Shirtterene has 120 seconds left.
|
|switch|p1a: Rotom|Rotom-Heat|100/100|[from]move: U-turn
|
|-weather|SunnyDay|[upkeep]
|upkeep
|
|switch|p2a: Dragapult|Dragapult, M|100/100
|turn|7
|
|move|p2a: Dragapult|Substitute|p2a: Dragapult
|-start|p2a: Dragapult|Substitute
|-damage|p2a: Dragapult|76/100
|move|p1a: Rotom|Thunder Wave||[still]
|-fail|p1a: Rotom
|
|-weather|SunnyDay|[upkeep]
|-heal|p2a: Dragapult|82/100|[from] item: Leftovers
|upkeep
|turn|8
|
|move|p2a: Dragapult|Dragon Dance|p2a: Dragapult
|-boost|p2a: Dragapult|atk|1
|-boost|p2a: Dragapult|spe|1
|move|p1a: Rotom|Nasty Plot|p1a: Rotom
|-boost|p1a: Rotom|spa|2
|
|-weather|none
|-heal|p2a: Dragapult|88/100|[from] item: Leftovers
|upkeep
|turn|9
|
|move|p2a: Dragapult|Phantom Force||[still]
|-prepare|p2a: Dragapult|Phantom Force|p1a: Rotom
|move|p1a: Rotom|Volt Switch|p2a: Dragapult|[miss]
|-miss|p1a: Rotom|p2a: Dragapult
|
|-heal|p2a: Dragapult|94/100|[from] item: Leftovers
|upkeep
|turn|10
|
|move|p2a: Dragapult|Phantom Force|p1a: Rotom|[from]lockedmove
|-damage|p1a: Rotom|38/100
|move|p1a: Rotom|Overheat|p2a: Dragapult
|-resisted|p2a: Dragapult
|-end|p2a: Dragapult|Substitute
|-unboost|p1a: Rotom|spa|2
|
|-heal|p2a: Dragapult|100/100|[from] item: Leftovers
|-sideend|p2: Flippersjosh|move: Light Screen
|upkeep
|turn|11
|
|switch|p1a: Seismitoad|Seismitoad, F|100/100
|move|p2a: Dragapult|Substitute|p2a: Dragapult
|-start|p2a: Dragapult|Substitute
|-damage|p2a: Dragapult|76/100
|
|-heal|p2a: Dragapult|82/100|[from] item: Leftovers
|upkeep
|turn|12
|
|move|p2a: Dragapult|Phantom Force||[still]
|-prepare|p2a: Dragapult|Phantom Force|p1a: Seismitoad
|move|p1a: Seismitoad|Earth Power|p2a: Dragapult|[miss]
|-miss|p1a: Seismitoad|p2a: Dragapult
|
|-heal|p2a: Dragapult|88/100|[from] item: Leftovers
|upkeep
|turn|13
|
|move|p2a: Dragapult|Phantom Force|p1a: Seismitoad|[from]lockedmove
|-damage|p1a: Seismitoad|60/100
|move|p1a: Seismitoad|Earth Power|p2a: Dragapult
|-end|p2a: Dragapult|Substitute
|
|-heal|p2a: Dragapult|94/100|[from] item: Leftovers
|-heal|p1a: Seismitoad|66/100|[from] item: Leftovers
|upkeep
|turn|14
|
|switch|p2a: Hatterene|Hatterene, F|100/100
|move|p1a: Seismitoad|Earth Power|p2a: Hatterene
|-damage|p2a: Hatterene|72/100
|-unboost|p2a: Hatterene|spd|1
|
|-heal|p1a: Seismitoad|72/100|[from] item: Leftovers
|-heal|p2a: Hatterene|78/100|[from] item: Leftovers
|upkeep
|turn|15
|
|switch|p1a: Corviknight|Corviknight, M|19/100
|move|p2a: Hatterene|Giga Drain|p1a: Corviknight
|-resisted|p1a: Corviknight
|-damage|p1a: Corviknight|15/100
|-heal|p2a: Hatterene|81/100|[from] drain|[of] p1a: Corviknight
|
|-heal|p1a: Corviknight|21/100|[from] item: Leftovers
|-heal|p2a: Hatterene|87/100|[from] item: Leftovers
|upkeep
|turn|16
|
|switch|p2a: Ninetales|Ninetales, M, shiny|100/100
|-weather|SunnyDay|[from] ability: Drought|[of] p2a: Ninetales
|move|p1a: Corviknight|Roost|p1a: Corviknight
|-heal|p1a: Corviknight|71/100
|-singleturn|p1a: Corviknight|move: Roost
|
|-weather|SunnyDay|[upkeep]
|-heal|p1a: Corviknight|78/100|[from] item: Leftovers
|upkeep
|turn|17
|
|move|p2a: Ninetales|Nasty Plot|p2a: Ninetales
|-boost|p2a: Ninetales|spa|2
|move|p1a: Corviknight|U-turn|p2a: Ninetales
|-resisted|p2a: Ninetales
|-damage|p2a: Ninetales|89/100
|
|switch|p1a: Rotom|Rotom-Heat|38/100|[from]move: U-turn
|
|-weather|SunnyDay|[upkeep]
|upkeep
|turn|18
|
|move|p2a: Ninetales|Fire Blast|p1a: Rotom
|-resisted|p1a: Rotom
|-damage|p1a: Rotom|0 fnt
|faint|p1a: Rotom
|
|-weather|SunnyDay|[upkeep]
|upkeep
|c|☆Shirtterene|gg
|-message|Shirtterene forfeited.
|
|win|Flippersjosh
|l|☆Shirtterene
|raw|Shirtterene's rating: 1225 → 1203(-22 for losing)
|raw|Flippersjosh's rating: 1278 → 1300(+22 for winning)
