|ScrapeTime|2020-01-02-07:24:50
|j|☆beergoggles
|j|☆hoons
|player|p1|beergoggles|130|1321
|player|p2|hoons|265|1395
|teamsize|p1|6
|teamsize|p2|6
|gametype|singles
|gen|8
|tier|[Gen 8] OU
|rated|
|rule|Sleep Clause Mod: Limit one foe put to sleep
|rule|Species Clause: Limit one of each Pokémon
|rule|OHKO Clause: OHKO moves are banned
|rule|Evasion Moves Clause: Evasion moves are banned
|rule|Endless Battle Clause: Forcing endless battles is banned
|rule|HP Percentage Mod: HP is shown in percentages
|clearpoke
|poke|p1|Pincurchin, M|
|poke|p1|Hawlucha, M|
|poke|p1|Cloyster, M|
|poke|p1|Indeedee, M|
|poke|p1|Cinderace, F|
|poke|p1|Excadrill, F|
|poke|p2|Dragapult, M|
|poke|p2|Cinderace, F|
|poke|p2|Ribombee, F|
|poke|p2|Bisharp, F|
|poke|p2|Passimian, M|
|poke|p2|Aegislash, F|
|rule|Dynamax Clause: You cannot dynamax
|teampreview
|inactive|Battle timer is ON: inactive players will automatically lose when time's up. (requested by beergoggles)
|
|start
|switch|p1a: Indeedee|Indeedee, M|100/100
|switch|p2a: Cinderace|Cinderace, F|100/100
|-fieldstart|move: Psychic Terrain|[from] ability: Psychic Surge|[of] p1a: Indeedee
|turn|1
|
|switch|p2a: Bisharp|Bisharp, F|100/100
|move|p1a: Indeedee|Trick|p2a: Bisharp
|-activate|p1a: Indeedee|move: Trick|[of] p2a: Bisharp
|-item|p2a: Bisharp|Choice Scarf|[from] move: Trick
|-item|p1a: Indeedee|Focus Sash|[from] move: Trick
|
|upkeep
|turn|2
|
|move|p1a: Indeedee|Mystical Fire|p2a: Bisharp
|-supereffective|p2a: Bisharp
|-damage|p2a: Bisharp|38/100
|-unboost|p2a: Bisharp|spa|1
|-ability|p2a: Bisharp|Defiant
|-boost|p2a: Bisharp|atk|2
|move|p2a: Bisharp|Throat Chop|p1a: Indeedee
|-supereffective|p1a: Indeedee
|-enditem|p1a: Indeedee|Focus Sash
|-damage|p1a: Indeedee|1/100
|-start|p1a: Indeedee|Throat Chop|[silent]
|
|upkeep
|turn|3
|
|move|p1a: Indeedee|Mystical Fire|p2a: Bisharp
|-supereffective|p2a: Bisharp
|-damage|p2a: Bisharp|0 fnt
|faint|p2a: Bisharp
|
|-end|p1a: Indeedee|Throat Chop|[silent]
|upkeep
|inactive|hoons has 120 seconds left.
|inactive|hoons has 90 seconds left.
|
|switch|p2a: Cinderace|Cinderace, F|100/100
|turn|4
|
|move|p2a: Cinderace|Pyro Ball|p1a: Indeedee
|-damage|p1a: Indeedee|0 fnt
|faint|p1a: Indeedee
|
|upkeep
|
|switch|p1a: Cloyster|Cloyster, M|100/100
|turn|5
|l|☆hoons
|inactive|hoons disconnected and has a minute to reconnect!
|player|p2|
|j|☆hoons
|inactive|hoons reconnected and has 65 seconds left.
|player|p2|hoons|265
|
|move|p2a: Cinderace|Pyro Ball|p1a: Cloyster
|-damage|p1a: Cloyster|49/100
|move|p1a: Cloyster|Shell Smash|p1a: Cloyster
|-unboost|p1a: Cloyster|def|1
|-unboost|p1a: Cloyster|spd|1
|-boost|p1a: Cloyster|atk|2
|-boost|p1a: Cloyster|spa|2
|-boost|p1a: Cloyster|spe|2
|
|-fieldend|move: Psychic Terrain
|upkeep
|turn|6
|
|move|p1a: Cloyster|Rock Blast|p2a: Cinderace
|-supereffective|p2a: Cinderace
|-damage|p2a: Cinderace|55/100
|-supereffective|p2a: Cinderace
|-damage|p2a: Cinderace|7/100
|-supereffective|p2a: Cinderace
|-damage|p2a: Cinderace|0 fnt
|-hitcount|p2a: Cinderace|3
|faint|p2a: Cinderace
|
|upkeep
|
|switch|p2a: Aegislash|Aegislash, F|100/100
|turn|7
|
|move|p1a: Cloyster|Icicle Spear|p2a: Aegislash
|-resisted|p2a: Aegislash
|-damage|p2a: Aegislash|92/100
|-resisted|p2a: Aegislash
|-damage|p2a: Aegislash|82/100
|-resisted|p2a: Aegislash
|-damage|p2a: Aegislash|73/100
|-resisted|p2a: Aegislash
|-damage|p2a: Aegislash|64/100
|-resisted|p2a: Aegislash
|-damage|p2a: Aegislash|55/100
|-hitcount|p2a: Aegislash|5
|cant|p2a: Aegislash|flinch
|
|upkeep
|turn|8
|
|move|p1a: Cloyster|Icicle Spear|p2a: Aegislash
|-resisted|p2a: Aegislash
|-damage|p2a: Aegislash|46/100
|-resisted|p2a: Aegislash
|-damage|p2a: Aegislash|37/100
|-resisted|p2a: Aegislash
|-damage|p2a: Aegislash|27/100
|-resisted|p2a: Aegislash
|-damage|p2a: Aegislash|18/100
|-resisted|p2a: Aegislash
|-damage|p2a: Aegislash|8/100
|-hitcount|p2a: Aegislash|5
|cant|p2a: Aegislash|flinch
|
|upkeep
|turn|9
|-message|hoons forfeited.
|
|win|beergoggles
|l|☆hoons
|raw|beergoggles's rating: 1321 → 1345(+24 for winning)
|raw|hoons's rating: 1395 → 1371(-24 for losing)
