|ScrapeTime|2020-01-03-00:58:41
|j|☆PokeNoobBigOof
|j|☆Sr.christhmas
|player|p1|PokeNoobBigOof|brock|1031
|player|p2|Sr.christhmas|red|1042
|teamsize|p1|6
|teamsize|p2|6
|gametype|singles
|gen|8
|tier|[Gen 8] OU
|rated|
|rule|Sleep Clause Mod: Limit one foe put to sleep
|rule|Species Clause: Limit one of each Pokémon
|rule|OHKO Clause: OHKO moves are banned
|rule|Evasion Moves Clause: Evasion moves are banned
|rule|Endless Battle Clause: Forcing endless battles is banned
|rule|HP Percentage Mod: HP is shown in percentages
|clearpoke
|poke|p1|Milotic, F|
|poke|p1|Mr. Mime-Galar, F|
|poke|p1|Alcremie, F|
|poke|p1|Ditto|
|poke|p1|Cinderace, M|
|poke|p1|Polteageist|
|poke|p2|Charizard, M|
|poke|p2|Aegislash, M|
|poke|p2|Gardevoir, F|
|poke|p2|Hitmonchan, M|
|poke|p2|Cloyster, F|
|poke|p2|Flygon, M|
|rule|Dynamax Clause: You cannot dynamax
|teampreview
|
|start
|switch|p1a: Mr. Mime|Mr. Mime-Galar, F|100/100
|switch|p2a: Cloyster|Cloyster, F|100/100
|turn|1
|
|move|p1a: Mr. Mime|Fake Out|p2a: Cloyster
|-damage|p2a: Cloyster|95/100
|cant|p2a: Cloyster|flinch
|
|upkeep
|turn|2
|
|move|p1a: Mr. Mime|Freeze-Dry|p2a: Cloyster
|-damage|p2a: Cloyster|36/100
|move|p2a: Cloyster|Toxic Spikes|p1a: Mr. Mime
|-sidestart|p1: PokeNoobBigOof|move: Toxic Spikes
|
|upkeep
|turn|3
|
|move|p2a: Cloyster|Protect|p2a: Cloyster
|-singleturn|p2a: Cloyster|Protect
|move|p1a: Mr. Mime|Freeze-Dry|p2a: Cloyster
|-activate|p2a: Cloyster|move: Protect
|
|upkeep
|turn|4
|
|move|p1a: Mr. Mime|Freeze-Dry|p2a: Cloyster
|-damage|p2a: Cloyster|0 fnt
|faint|p2a: Cloyster
|
|upkeep
|
|switch|p2a: Charizard|Charizard, M|100/100
|turn|5
|
|move|p1a: Mr. Mime|Protect|p1a: Mr. Mime
|-singleturn|p1a: Mr. Mime|Protect
|move|p2a: Charizard|Dragon Dance|p2a: Charizard
|-boost|p2a: Charizard|atk|1
|-boost|p2a: Charizard|spe|1
|
|upkeep
|turn|6
|
|move|p2a: Charizard|Dragon Dance|p2a: Charizard
|-boost|p2a: Charizard|atk|1
|-boost|p2a: Charizard|spe|1
|move|p1a: Mr. Mime|Freeze-Dry|p2a: Charizard
|-damage|p2a: Charizard|70/100
|
|upkeep
|turn|7
|
|move|p2a: Charizard|Flare Blitz|p1a: Mr. Mime
|-supereffective|p1a: Mr. Mime
|-enditem|p1a: Mr. Mime|Focus Sash
|-damage|p1a: Mr. Mime|1/100
|-damage|p2a: Charizard|37/100|[from] Recoil
|move|p1a: Mr. Mime|Encore|p2a: Charizard
|-start|p2a: Charizard|Encore
|
|upkeep
|turn|8
|
|move|p2a: Charizard|Flare Blitz|p1a: Mr. Mime
|-supereffective|p1a: Mr. Mime
|-damage|p1a: Mr. Mime|0 fnt
|-damage|p2a: Charizard|36/100|[from] Recoil
|faint|p1a: Mr. Mime
|
|upkeep
|
|switch|p1a: Ditto|Ditto|100/100
|-status|p1a: Ditto|psn
|-transform|p1a: Ditto|p2a: Charizard|[from] ability: Imposter
|turn|9
|
|move|p1a: Ditto|Dragon Claw|p2a: Charizard
|-damage|p2a: Charizard|0 fnt
|faint|p2a: Charizard
|
|-damage|p1a: Ditto|88/100 psn|[from] psn
|upkeep
|
|switch|p2a: Flygon|Flygon, M, shiny|100/100
|turn|10
|
|move|p1a: Ditto|Dragon Claw|p2a: Flygon
|-supereffective|p2a: Flygon
|-damage|p2a: Flygon|0 fnt
|faint|p2a: Flygon
|
|-damage|p1a: Ditto|76/100 psn|[from] psn
|upkeep
|
|switch|p2a: Gardevoir|Gardevoir, F|100/100
|-ability|p2a: Gardevoir|Blaze|[from] ability: Trace|[of] p1a: Ditto
|turn|11
|
|switch|p1a: Alcremie|Alcremie, F|100/100
|-status|p1a: Alcremie|psn
|move|p2a: Gardevoir|Calm Mind|p2a: Gardevoir
|-boost|p2a: Gardevoir|spa|1
|-boost|p2a: Gardevoir|spd|1
|
|-damage|p1a: Alcremie|88/100 psn|[from] psn
|upkeep
|turn|12
|
|move|p2a: Gardevoir|Calm Mind|p2a: Gardevoir
|-boost|p2a: Gardevoir|spa|1
|-boost|p2a: Gardevoir|spd|1
|move|p1a: Alcremie|Mystical Fire|p2a: Gardevoir
|-damage|p2a: Gardevoir|88/100
|-unboost|p2a: Gardevoir|spa|1
|
|-heal|p2a: Gardevoir|95/100|[from] item: Leftovers
|-heal|p1a: Alcremie|94/100 psn|[from] item: Leftovers
|-damage|p1a: Alcremie|82/100 psn|[from] psn
|upkeep
|turn|13
|
|move|p2a: Gardevoir|Calm Mind|p2a: Gardevoir
|-boost|p2a: Gardevoir|spa|1
|-boost|p2a: Gardevoir|spd|1
|move|p1a: Alcremie|Mystical Fire|p2a: Gardevoir
|-damage|p2a: Gardevoir|85/100
|-unboost|p2a: Gardevoir|spa|1
|
|-heal|p2a: Gardevoir|91/100|[from] item: Leftovers
|-heal|p1a: Alcremie|88/100 psn|[from] item: Leftovers
|-damage|p1a: Alcremie|76/100 psn|[from] psn
|upkeep
|turn|14
|
|move|p2a: Gardevoir|Stored Power|p1a: Alcremie
|-damage|p1a: Alcremie|17/100 psn
|move|p1a: Alcremie|Mystical Fire|p2a: Gardevoir
|-damage|p2a: Gardevoir|81/100
|-unboost|p2a: Gardevoir|spa|1
|
|-heal|p2a: Gardevoir|87/100|[from] item: Leftovers
|-heal|p1a: Alcremie|23/100 psn|[from] item: Leftovers
|-damage|p1a: Alcremie|11/100 psn|[from] psn
|upkeep
|turn|15
|
|move|p2a: Gardevoir|Calm Mind|p2a: Gardevoir
|-boost|p2a: Gardevoir|spa|1
|-boost|p2a: Gardevoir|spd|1
|move|p1a: Alcremie|Mystical Fire|p2a: Gardevoir
|-damage|p2a: Gardevoir|80/100
|-unboost|p2a: Gardevoir|spa|1
|
|-heal|p2a: Gardevoir|86/100|[from] item: Leftovers
|-heal|p1a: Alcremie|17/100 psn|[from] item: Leftovers
|-damage|p1a: Alcremie|4/100 psn|[from] psn
|upkeep
|turn|16
|
|move|p2a: Gardevoir|Wish|p2a: Gardevoir
|move|p1a: Alcremie|Draining Kiss|p2a: Gardevoir
|-damage|p2a: Gardevoir|78/100
|-heal|p1a: Alcremie|10/100 psn|[from] drain|[of] p2a: Gardevoir
|
|-heal|p2a: Gardevoir|85/100|[from] item: Leftovers
|-heal|p1a: Alcremie|16/100 psn|[from] item: Leftovers
|-damage|p1a: Alcremie|4/100 psn|[from] psn
|upkeep
|turn|17
|
|move|p2a: Gardevoir|Calm Mind|p2a: Gardevoir
|-boost|p2a: Gardevoir|spa|1
|-boost|p2a: Gardevoir|spd|1
|move|p1a: Alcremie|Draining Kiss|p2a: Gardevoir
|-damage|p2a: Gardevoir|78/100
|-heal|p1a: Alcremie|9/100 psn|[from] drain|[of] p2a: Gardevoir
|
|-heal|p2a: Gardevoir|100/100|[from] move: Wish|[wisher] Gardevoir
|-heal|p1a: Alcremie|15/100 psn|[from] item: Leftovers
|-damage|p1a: Alcremie|2/100 psn|[from] psn
|upkeep
|turn|18
|
|move|p2a: Gardevoir|Wish|p2a: Gardevoir
|move|p1a: Alcremie|Draining Kiss|p2a: Gardevoir
|-damage|p2a: Gardevoir|94/100
|-heal|p1a: Alcremie|7/100 psn|[from] drain|[of] p2a: Gardevoir
|
|-heal|p2a: Gardevoir|100/100|[from] item: Leftovers
|-heal|p1a: Alcremie|13/100 psn|[from] item: Leftovers
|-damage|p1a: Alcremie|1/100 psn|[from] psn
|upkeep
|turn|19
|
|move|p2a: Gardevoir|Calm Mind|p2a: Gardevoir
|-boost|p2a: Gardevoir|spa|1
|-boost|p2a: Gardevoir|spd|1
|move|p1a: Alcremie|Mystical Fire|p2a: Gardevoir
|-damage|p2a: Gardevoir|95/100
|-unboost|p2a: Gardevoir|spa|1
|
|-heal|p2a: Gardevoir|100/100|[from] move: Wish|[wisher] Gardevoir
|-heal|p1a: Alcremie|7/100 psn|[from] item: Leftovers
|-damage|p1a: Alcremie|0 fnt|[from] psn
|faint|p1a: Alcremie
|upkeep
|
|switch|p1a: Ditto|Ditto|76/100 psn
|-transform|p1a: Ditto|p2a: Gardevoir|[from] ability: Imposter
|turn|20
|
|move|p1a: Ditto|Stored Power|p2a: Gardevoir
|-resisted|p2a: Gardevoir
|-damage|p2a: Gardevoir|89/100
|move|p2a: Gardevoir|Stored Power|p1a: Ditto
|-resisted|p1a: Ditto
|-damage|p1a: Ditto|63/100 psn
|
|-heal|p2a: Gardevoir|95/100|[from] item: Leftovers
|-damage|p1a: Ditto|51/100 psn|[from] psn
|upkeep
|turn|21
|
|move|p1a: Ditto|Stored Power|p2a: Gardevoir
|-resisted|p2a: Gardevoir
|-damage|p2a: Gardevoir|84/100
|move|p2a: Gardevoir|Moonblast|p1a: Ditto
|-crit|p1a: Ditto
|-damage|p1a: Ditto|0 fnt
|faint|p1a: Ditto
|
|-heal|p2a: Gardevoir|90/100|[from] item: Leftovers
|upkeep
|-message|PokeNoobBigOof forfeited.
|
|win|Sr.christhmas
|l|☆PokeNoobBigOof
|raw|PokeNoobBigOof's rating: 1031 → 1017(-14 for losing)
|raw|Sr.christhmas's rating: 1042 → 1074(+32 for winning)
