|ScrapeTime|2020-01-02-16:10:42
|j|☆PintoBeans123
|j|☆Bornsmooth
|player|p1|PintoBeans123|169|1086
|player|p2|Bornsmooth|2|1087
|teamsize|p1|6
|teamsize|p2|6
|gametype|singles
|gen|8
|tier|[Gen 8] OU
|rated|
|rule|Sleep Clause Mod: Limit one foe put to sleep
|rule|Species Clause: Limit one of each Pokémon
|rule|OHKO Clause: OHKO moves are banned
|rule|Evasion Moves Clause: Evasion moves are banned
|rule|Endless Battle Clause: Forcing endless battles is banned
|rule|HP Percentage Mod: HP is shown in percentages
|clearpoke
|poke|p1|Dragapult, M|
|poke|p1|Mimikyu, M|
|poke|p1|Toxtricity, M|
|poke|p1|Corviknight, M|
|poke|p1|Dracovish|
|poke|p1|Rotom-Wash|
|poke|p2|Diggersby, F|
|poke|p2|Grimmsnarl, M|
|poke|p2|Eiscue, M|
|poke|p2|Hitmonchan, M|
|poke|p2|Ferrothorn, F|
|poke|p2|Chandelure, F|
|rule|Dynamax Clause: You cannot dynamax
|teampreview
|
|start
|switch|p1a: Mimikyu|Mimikyu, M|100/100
|switch|p2a: Ferrothorn|Ferrothorn, F|100/100
|turn|1
|
|switch|p1a: Dragapult|Dragapult, M|100/100
|move|p2a: Ferrothorn|Leech Seed|p1a: Dragapult
|-start|p1a: Dragapult|move: Leech Seed
|
|-damage|p1a: Dragapult|88/100|[from] Leech Seed|[of] p2a: Ferrothorn
|upkeep
|turn|2
|
|switch|p2a: Grimmsnarl|Grimmsnarl, M|100/100
|move|p1a: Dragapult|Fire Blast|p2a: Grimmsnarl
|-damage|p2a: Grimmsnarl|67/100
|
|-damage|p1a: Dragapult|76/100|[from] Leech Seed|[of] p2a: Grimmsnarl
|-heal|p2a: Grimmsnarl|77/100|[silent]
|upkeep
|turn|3
|
|switch|p1a: Rotom|Rotom-Wash|100/100
|move|p2a: Grimmsnarl|Light Screen|p2a: Grimmsnarl
|-sidestart|p2: Bornsmooth|move: Light Screen
|
|upkeep
|turn|4
|
|move|p2a: Grimmsnarl|Taunt|p1a: Rotom
|-start|p1a: Rotom|move: Taunt
|cant|p1a: Rotom|move: Taunt|Rain Dance
|
|upkeep
|turn|5
|
|move|p2a: Grimmsnarl|Reflect|p2a: Grimmsnarl
|-sidestart|p2: Bornsmooth|Reflect
|move|p1a: Rotom|Thunder|p2a: Grimmsnarl|[miss]
|-miss|p1a: Rotom|p2a: Grimmsnarl
|
|upkeep
|turn|6
|
|switch|p2a: Eiscue|Eiscue, M|100/100
|move|p1a: Rotom|Thunder|p2a: Eiscue|[miss]
|-miss|p1a: Rotom|p2a: Eiscue
|
|-end|p1a: Rotom|move: Taunt
|upkeep
|turn|7
|
|switch|p2a: Chandelure|Chandelure, F|100/100
|move|p1a: Rotom|Rain Dance|p1a: Rotom
|-weather|RainDance
|
|-weather|RainDance|[upkeep]
|upkeep
|turn|8
|
|move|p1a: Rotom|Hydro Pump|p2a: Chandelure
|-supereffective|p2a: Chandelure
|-damage|p2a: Chandelure|0 fnt
|faint|p2a: Chandelure
|
|-weather|RainDance|[upkeep]
|upkeep
|
|switch|p2a: Eiscue|Eiscue, M|100/100
|turn|9
|
|move|p1a: Rotom|Thunder|p2a: Eiscue
|-damage|p2a: Eiscue|69/100
|move|p2a: Eiscue|Belly Drum|p2a: Eiscue
|-damage|p2a: Eiscue|19/100
|-setboost|p2a: Eiscue|atk|6|[from] move: Belly Drum
|-enditem|p2a: Eiscue|Figy Berry|[eat]
|-heal|p2a: Eiscue|52/100|[from] item: Figy Berry
|
|-weather|RainDance|[upkeep]
|upkeep
|turn|10
|
|move|p1a: Rotom|Thunder|p2a: Eiscue
|-damage|p2a: Eiscue|19/100
|move|p2a: Eiscue|Zen Headbutt|p1a: Rotom
|-damage|p1a: Rotom|0 fnt
|faint|p1a: Rotom
|
|-weather|RainDance|[upkeep]
|-sideend|p2: Bornsmooth|move: Light Screen
|upkeep
|
|switch|p1a: Dracovish|Dracovish|100/100
|turn|11
|
|move|p1a: Dracovish|Fishious Rend|p2a: Eiscue
|-activate|p2a: Eiscue|ability: Ice Face
|-damage|p2a: Eiscue|19/100
|detailschange|p2a: Eiscue|Eiscue-Noice, M
|move|p2a: Eiscue|Icicle Crash|p1a: Dracovish
|-damage|p1a: Dracovish|0 fnt
|faint|p1a: Dracovish
|
|-weather|RainDance|[upkeep]
|upkeep
|-message|PintoBeans123 forfeited.
|
|win|Bornsmooth
|l|☆PintoBeans123
|raw|PintoBeans123's rating: 1110 → 1083(-27 for losing)
|raw|Bornsmooth's rating: 1087 → 1116(+29 for winning)
