|ScrapeTime|2020-01-02-09:55:42
|j|☆nmb46
|j|☆SuckUGoodra
|player|p1|nmb46|pokekid|1309
|player|p2|SuckUGoodra|iris|1349
|teamsize|p1|6
|teamsize|p2|6
|gametype|singles
|gen|8
|tier|[Gen 8] OU
|rated|
|rule|Sleep Clause Mod: Limit one foe put to sleep
|rule|Species Clause: Limit one of each Pokémon
|rule|OHKO Clause: OHKO moves are banned
|rule|Evasion Moves Clause: Evasion moves are banned
|rule|Endless Battle Clause: Forcing endless battles is banned
|rule|HP Percentage Mod: HP is shown in percentages
|clearpoke
|poke|p1|Clefable, F|
|poke|p1|Kommo-o, M|
|poke|p1|Corsola-Galar, F|
|poke|p1|Chandelure, M|
|poke|p1|Bisharp, F|
|poke|p1|Gyarados, M|
|poke|p2|Mandibuzz, F|
|poke|p2|Rotom-Heat|
|poke|p2|Ferrothorn, F|
|poke|p2|Seismitoad, F|
|poke|p2|Clefable, M|
|poke|p2|Dragapult, M|
|rule|Dynamax Clause: You cannot dynamax
|teampreview
|j| hero
|inactive|Battle timer is ON: inactive players will automatically lose when time's up. (requested by SuckUGoodra)
|l| hero
|
|start
|switch|p1a: Kommo-o|Kommo-o, M|100/100
|switch|p2a: Seismitoad|Seismitoad, F|100/100
|turn|1
|
|move|p1a: Kommo-o|Clanging Scales|p2a: Seismitoad
|-damage|p2a: Seismitoad|36/100
|-unboost|p1a: Kommo-o|def|1
|-damage|p1a: Kommo-o|91/100|[from] item: Life Orb
|move|p2a: Seismitoad|Toxic|p1a: Kommo-o
|-status|p1a: Kommo-o|tox
|
|-heal|p2a: Seismitoad|42/100|[from] item: Leftovers
|-damage|p1a: Kommo-o|84/100 tox|[from] psn
|upkeep
|turn|2
|
|switch|p2a: Mandibuzz|Mandibuzz, F|100/100
|move|p1a: Kommo-o|Flash Cannon|p2a: Mandibuzz
|-damage|p2a: Mandibuzz|81/100
|-damage|p1a: Kommo-o|74/100 tox|[from] item: Life Orb
|
|-damage|p1a: Kommo-o|62/100 tox|[from] psn
|upkeep
|turn|3
|
|move|p1a: Kommo-o|Clangorous Soul|p1a: Kommo-o
|-boost|p1a: Kommo-o|atk|1
|-boost|p1a: Kommo-o|def|1
|-boost|p1a: Kommo-o|spa|1
|-boost|p1a: Kommo-o|spd|1
|-boost|p1a: Kommo-o|spe|1
|-damage|p1a: Kommo-o|29/100 tox
|move|p2a: Mandibuzz|Knock Off|p1a: Kommo-o
|-resisted|p1a: Kommo-o
|-damage|p1a: Kommo-o|16/100 tox
|-enditem|p1a: Kommo-o|Life Orb|[from] move: Knock Off|[of] p2a: Mandibuzz
|
|-damage|p1a: Kommo-o|0 fnt|[from] psn
|faint|p1a: Kommo-o
|upkeep
|
|switch|p1a: Clefable|Clefable, F|100/100
|turn|4
|c|☆SuckUGoodra|Ooo that was anti climactic
|
|switch|p2a: Rotom|Rotom-Heat|100/100
|move|p1a: Clefable|Moonblast|p2a: Rotom
|-resisted|p2a: Rotom
|-damage|p2a: Rotom|84/100
|
|upkeep
|turn|5
|
|move|p1a: Clefable|Protect|p1a: Clefable
|-singleturn|p1a: Clefable|Protect
|move|p2a: Rotom|Nasty Plot|p2a: Rotom
|-boost|p2a: Rotom|spa|2
|
|upkeep
|turn|6
|
|move|p2a: Rotom|Nasty Plot|p2a: Rotom
|-boost|p2a: Rotom|spa|2
|move|p1a: Clefable|Calm Mind|p1a: Clefable
|-boost|p1a: Clefable|spa|1
|-boost|p1a: Clefable|spd|1
|
|upkeep
|turn|7
|
|move|p2a: Rotom|Overheat|p1a: Clefable
|-damage|p1a: Clefable|33/100
|-unboost|p2a: Rotom|spa|2
|move|p1a: Clefable|Calm Mind|p1a: Clefable
|-boost|p1a: Clefable|spa|1
|-boost|p1a: Clefable|spd|1
|
|-heal|p1a: Clefable|39/100|[from] item: Leftovers
|upkeep
|turn|8
|
|move|p2a: Rotom|Nasty Plot|p2a: Rotom
|-boost|p2a: Rotom|spa|2
|move|p1a: Clefable|Wish|p1a: Clefable
|
|-heal|p1a: Clefable|45/100|[from] item: Leftovers
|upkeep
|turn|9
|
|move|p1a: Clefable|Protect|p1a: Clefable
|-singleturn|p1a: Clefable|Protect
|move|p2a: Rotom|Overheat|p1a: Clefable
|-activate|p1a: Clefable|move: Protect
|
|-heal|p1a: Clefable|95/100|[from] move: Wish|[wisher] Clefable
|-heal|p1a: Clefable|100/100|[from] item: Leftovers
|upkeep
|turn|10
|
|move|p2a: Rotom|Nasty Plot|p2a: Rotom
|-boost|p2a: Rotom|spa|2
|move|p1a: Clefable|Wish|p1a: Clefable
|
|upkeep
|turn|11
|
|move|p2a: Rotom|Overheat|p1a: Clefable
|-damage|p1a: Clefable|31/100
|-unboost|p2a: Rotom|spa|2
|move|p1a: Clefable|Calm Mind|p1a: Clefable
|-boost|p1a: Clefable|spa|1
|-boost|p1a: Clefable|spd|1
|
|-heal|p1a: Clefable|81/100|[from] move: Wish|[wisher] Clefable
|-heal|p1a: Clefable|87/100|[from] item: Leftovers
|upkeep
|turn|12
|
|move|p2a: Rotom|Nasty Plot|p2a: Rotom
|-boost|p2a: Rotom|spa|2
|move|p1a: Clefable|Wish|p1a: Clefable
|
|-heal|p1a: Clefable|93/100|[from] item: Leftovers
|upkeep
|turn|13
|
|move|p2a: Rotom|Will-O-Wisp|p1a: Clefable|[miss]
|-miss|p2a: Rotom|p1a: Clefable
|move|p1a: Clefable|Calm Mind|p1a: Clefable
|-boost|p1a: Clefable|spa|1
|-boost|p1a: Clefable|spd|1
|
|-heal|p1a: Clefable|100/100|[from] move: Wish|[wisher] Clefable
|upkeep
|turn|14
|
|move|p2a: Rotom|Overheat|p1a: Clefable
|-damage|p1a: Clefable|54/100
|-unboost|p2a: Rotom|spa|2
|move|p1a: Clefable|Wish|p1a: Clefable
|
|-heal|p1a: Clefable|60/100|[from] item: Leftovers
|upkeep
|turn|15
|
|move|p2a: Rotom|Overheat|p1a: Clefable
|-damage|p1a: Clefable|22/100
|-unboost|p2a: Rotom|spa|2
|move|p1a: Clefable|Moonblast|p2a: Rotom
|-resisted|p2a: Rotom
|-damage|p2a: Rotom|38/100
|
|-heal|p1a: Clefable|72/100|[from] move: Wish|[wisher] Clefable
|-heal|p1a: Clefable|78/100|[from] item: Leftovers
|upkeep
|turn|16
|
|move|p2a: Rotom|Overheat|p1a: Clefable
|-damage|p1a: Clefable|56/100
|-unboost|p2a: Rotom|spa|2
|move|p1a: Clefable|Wish|p1a: Clefable
|
|-heal|p1a: Clefable|62/100|[from] item: Leftovers
|upkeep
|turn|17
|
|switch|p2a: Seismitoad|Seismitoad, F|42/100
|move|p1a: Clefable|Moonblast|p2a: Seismitoad
|-damage|p2a: Seismitoad|0 fnt
|faint|p2a: Seismitoad
|
|-heal|p1a: Clefable|100/100|[from] move: Wish|[wisher] Clefable
|upkeep
|
|switch|p2a: Ferrothorn|Ferrothorn, F|100/100
|turn|18
|
|move|p1a: Clefable|Wish|p1a: Clefable
|move|p2a: Ferrothorn|Thunder Wave|p1a: Clefable
|-status|p1a: Clefable|par
|
|upkeep
|turn|19
|
|move|p1a: Clefable|Moonblast|p2a: Ferrothorn
|-resisted|p2a: Ferrothorn
|-damage|p2a: Ferrothorn|67/100
|move|p2a: Ferrothorn|Power Whip|p1a: Clefable|[miss]
|-miss|p2a: Ferrothorn|p1a: Clefable
|
|upkeep
|turn|20
|
|move|p1a: Clefable|Wish|p1a: Clefable
|move|p2a: Ferrothorn|Leech Seed|p1a: Clefable|[miss]
|-miss|p2a: Ferrothorn|p1a: Clefable
|
|upkeep
|turn|21
|
|cant|p1a: Clefable|par
|move|p2a: Ferrothorn|Leech Seed|p1a: Clefable
|-start|p1a: Clefable|move: Leech Seed
|
|upkeep
|turn|22
|
|move|p1a: Clefable|Wish|p1a: Clefable
|move|p2a: Ferrothorn|Power Whip|p1a: Clefable
|-damage|p1a: Clefable|62/100 par
|
|-heal|p1a: Clefable|69/100 par|[from] item: Leftovers
|upkeep
|turn|23
|
|move|p1a: Clefable|Moonblast|p2a: Ferrothorn
|-resisted|p2a: Ferrothorn
|-damage|p2a: Ferrothorn|37/100
|move|p2a: Ferrothorn|Power Whip|p1a: Clefable
|-damage|p1a: Clefable|33/100 par
|
|-heal|p1a: Clefable|83/100 par|[from] move: Wish|[wisher] Clefable
|-heal|p1a: Clefable|90/100 par|[from] item: Leftovers
|upkeep
|turn|24
|
|move|p1a: Clefable|Wish|p1a: Clefable
|move|p2a: Ferrothorn|Power Whip|p1a: Clefable
|-damage|p1a: Clefable|50/100 par
|
|-heal|p1a: Clefable|56/100 par|[from] item: Leftovers
|upkeep
|turn|25
|inactive|nmb46 has 120 seconds left.
|
|move|p1a: Clefable|Moonblast|p2a: Ferrothorn
|-resisted|p2a: Ferrothorn
|-damage|p2a: Ferrothorn|3/100
|move|p2a: Ferrothorn|Power Whip|p1a: Clefable|[miss]
|-miss|p2a: Ferrothorn|p1a: Clefable
|
|-heal|p1a: Clefable|100/100 par|[from] move: Wish|[wisher] Clefable
|upkeep
|turn|26
|inactive|nmb46 has 120 seconds left.
|
|move|p1a: Clefable|Moonblast|p2a: Ferrothorn
|-resisted|p2a: Ferrothorn
|-damage|p2a: Ferrothorn|0 fnt
|faint|p2a: Ferrothorn
|
|upkeep
|
|switch|p2a: Clefable|Clefable, M|100/100
|turn|27
|
|move|p2a: Clefable|Moonblast|p1a: Clefable
|-damage|p1a: Clefable|87/100 par
|move|p1a: Clefable|Moonblast|p2a: Clefable
|-damage|p2a: Clefable|13/100
|
|-heal|p1a: Clefable|93/100 par|[from] item: Leftovers
|upkeep
|turn|28
|
|move|p2a: Clefable|Moonblast|p1a: Clefable
|-damage|p1a: Clefable|76/100 par
|move|p1a: Clefable|Moonblast|p2a: Clefable
|-damage|p2a: Clefable|0 fnt
|faint|p2a: Clefable
|
|-heal|p1a: Clefable|82/100 par|[from] item: Leftovers
|upkeep
|c|☆SuckUGoodra|Fucking prick
|-message|SuckUGoodra forfeited.
|
|win|nmb46
|l|☆SuckUGoodra
|raw|nmb46's rating: 1309 → 1331(+22 for winning)
|raw|SuckUGoodra's rating: 1349 → 1327(-22 for losing)
