|ScrapeTime|2020-01-01-22:31:04
|j|☆Fddxvh
|j|☆SickNigguhs
|player|p1|Fddxvh|102|1000
|player|p2|SickNigguhs|169|1046
|teamsize|p1|6
|teamsize|p2|6
|gametype|singles
|gen|8
|tier|[Gen 8] OU
|rated|
|rule|Sleep Clause Mod: Limit one foe put to sleep
|rule|Species Clause: Limit one of each Pokémon
|rule|OHKO Clause: OHKO moves are banned
|rule|Evasion Moves Clause: Evasion moves are banned
|rule|Endless Battle Clause: Forcing endless battles is banned
|rule|HP Percentage Mod: HP is shown in percentages
|clearpoke
|poke|p1|Dragapult, M|
|poke|p1|Corsola-Galar, F|
|poke|p1|Excadrill, F|
|poke|p1|Mandibuzz, F|
|poke|p1|Dracovish|
|poke|p1|Hydreigon, F|
|poke|p2|Corviknight, M|
|poke|p2|Toxapex, F|
|poke|p2|Eldegoss, M|
|poke|p2|Hippowdon, M|
|poke|p2|Dragapult, M|
|poke|p2|Clefable, M|
|rule|Dynamax Clause: You cannot dynamax
|teampreview
|
|start
|switch|p1a: Mandibuzz|Mandibuzz, F|100/100
|switch|p2a: Dragapult|Dragapult, M|100/100
|turn|1
|
|move|p2a: Dragapult|Substitute|p2a: Dragapult
|-start|p2a: Dragapult|Substitute
|-damage|p2a: Dragapult|76/100
|move|p1a: Mandibuzz|Knock Off|p2a: Dragapult
|-supereffective|p2a: Dragapult
|-end|p2a: Dragapult|Substitute
|
|-heal|p2a: Dragapult|82/100|[from] item: Leftovers
|upkeep
|turn|2
|
|move|p2a: Dragapult|Disable|p1a: Mandibuzz
|-start|p1a: Mandibuzz|Disable|Knock Off
|cant|p1a: Mandibuzz|Disable|Knock Off
|
|-heal|p2a: Dragapult|88/100|[from] item: Leftovers
|upkeep
|turn|3
|inactive|Battle timer is ON: inactive players will automatically lose when time's up. (requested by SickNigguhs)
|
|move|p2a: Dragapult|Substitute|p2a: Dragapult
|-start|p2a: Dragapult|Substitute
|-damage|p2a: Dragapult|63/100
|move|p1a: Mandibuzz|Foul Play|p2a: Dragapult
|-supereffective|p2a: Dragapult
|-end|p2a: Dragapult|Substitute
|
|-heal|p2a: Dragapult|69/100|[from] item: Leftovers
|upkeep
|turn|4
|
|switch|p2a: Clefable|Clefable, M|100/100
|move|p1a: Mandibuzz|Foul Play|p2a: Clefable
|-resisted|p2a: Clefable
|-damage|p2a: Clefable|91/100
|
|-heal|p2a: Clefable|97/100|[from] item: Leftovers
|upkeep
|turn|5
|
|move|p1a: Mandibuzz|Toxic|p2a: Clefable
|-status|p2a: Clefable|tox
|move|p2a: Clefable|Moonblast|p1a: Mandibuzz
|-supereffective|p1a: Mandibuzz
|-damage|p1a: Mandibuzz|48/100
|
|-heal|p2a: Clefable|100/100 tox|[from] item: Leftovers
|-end|p1a: Mandibuzz|Disable
|upkeep
|turn|6
|
|switch|p1a: Excadrill|Excadrill, F|100/100
|-ability|p1a: Excadrill|Mold Breaker
|switch|p2a: Eldegoss|Eldegoss, M|100/100
|
|upkeep
|turn|7
|
|switch|p1a: Hydreigon|Hydreigon, F|100/100
|move|p2a: Eldegoss|Sleep Powder|p1a: Hydreigon
|-status|p1a: Hydreigon|slp|[from] move: Sleep Powder
|
|upkeep
|turn|8
|
|switch|p2a: Dragapult|Dragapult, M|69/100
|cant|p1a: Hydreigon|slp
|
|-heal|p2a: Dragapult|75/100|[from] item: Leftovers
|upkeep
|turn|9
|
|switch|p1a: Mandibuzz|Mandibuzz, F|48/100
|move|p2a: Dragapult|Substitute|p2a: Dragapult
|-start|p2a: Dragapult|Substitute
|-damage|p2a: Dragapult|51/100
|
|-heal|p2a: Dragapult|57/100|[from] item: Leftovers
|upkeep
|turn|10
|
|move|p2a: Dragapult|Will-O-Wisp|p1a: Mandibuzz
|-status|p1a: Mandibuzz|brn
|move|p1a: Mandibuzz|Knock Off|p2a: Dragapult
|-supereffective|p2a: Dragapult
|-end|p2a: Dragapult|Substitute
|
|-heal|p2a: Dragapult|63/100|[from] item: Leftovers
|-damage|p1a: Mandibuzz|42/100 brn|[from] brn
|upkeep
|turn|11
|
|switch|p2a: Clefable|Clefable, M|100/100 tox
|move|p1a: Mandibuzz|Foul Play|p2a: Clefable
|-resisted|p2a: Clefable
|-damage|p2a: Clefable|95/100 tox
|
|-heal|p2a: Clefable|100/100 tox|[from] item: Leftovers
|-damage|p1a: Mandibuzz|36/100 brn|[from] brn
|upkeep
|turn|12
|
|move|p1a: Mandibuzz|Roost|p1a: Mandibuzz
|-heal|p1a: Mandibuzz|86/100 brn
|-singleturn|p1a: Mandibuzz|move: Roost
|move|p2a: Clefable|Moonblast|p1a: Mandibuzz
|-supereffective|p1a: Mandibuzz
|-damage|p1a: Mandibuzz|41/100 brn
|
|-damage|p1a: Mandibuzz|35/100 brn|[from] brn
|upkeep
|turn|13
|inactive|Fddxvh has 120 seconds left.
|
|switch|p1a: Corsola|Corsola-Galar, F|100/100
|move|p2a: Clefable|Moonblast|p1a: Corsola
|-damage|p1a: Corsola|80/100
|-start|p2a: Clefable|Disable|Moonblast|[from] ability: Cursed Body|[of] p1a: Corsola
|-unboost|p1a: Corsola|spa|1
|
|upkeep
|turn|14
|
|move|p2a: Clefable|Wish|p2a: Clefable
|move|p1a: Corsola|Hex|p2a: Clefable
|-damage|p2a: Clefable|87/100 tox
|
|-heal|p2a: Clefable|93/100 tox|[from] item: Leftovers
|upkeep
|turn|15
|inactive|Fddxvh has 120 seconds left.
|
|switch|p2a: Dragapult|Dragapult, M|63/100
|move|p1a: Corsola|Stealth Rock|p2a: Dragapult
|-sidestart|p2: SickNigguhs|move: Stealth Rock
|
|-heal|p2a: Dragapult|100/100|[from] move: Wish|[wisher] Clefable
|upkeep
|turn|16
|inactive|Fddxvh has 120 seconds left.
|
|switch|p1a: Mandibuzz|Mandibuzz, F|35/100 brn
|move|p2a: Dragapult|Substitute|p2a: Dragapult
|-start|p2a: Dragapult|Substitute
|-damage|p2a: Dragapult|76/100
|
|-heal|p2a: Dragapult|82/100|[from] item: Leftovers
|-damage|p1a: Mandibuzz|29/100 brn|[from] brn
|upkeep
|turn|17
|
|move|p2a: Dragapult|Hex|p1a: Mandibuzz
|-resisted|p1a: Mandibuzz
|-damage|p1a: Mandibuzz|8/100 brn
|move|p1a: Mandibuzz|Roost|p1a: Mandibuzz
|-heal|p1a: Mandibuzz|58/100 brn
|-singleturn|p1a: Mandibuzz|move: Roost
|
|-heal|p2a: Dragapult|88/100|[from] item: Leftovers
|-damage|p1a: Mandibuzz|52/100 brn|[from] brn
|upkeep
|turn|18
|
|move|p2a: Dragapult|Disable|p1a: Mandibuzz
|-start|p1a: Mandibuzz|Disable|Roost
|cant|p1a: Mandibuzz|Disable|Roost
|
|-heal|p2a: Dragapult|94/100|[from] item: Leftovers
|-damage|p1a: Mandibuzz|46/100 brn|[from] brn
|upkeep
|turn|19
|
|move|p2a: Dragapult|Hex|p1a: Mandibuzz
|-resisted|p1a: Mandibuzz
|-damage|p1a: Mandibuzz|23/100 brn
|move|p1a: Mandibuzz|Knock Off|p2a: Dragapult
|-supereffective|p2a: Dragapult
|-end|p2a: Dragapult|Substitute
|
|-heal|p2a: Dragapult|99/100|[from] item: Leftovers
|-damage|p1a: Mandibuzz|17/100 brn|[from] brn
|upkeep
|turn|20
|
|move|p2a: Dragapult|Substitute|p2a: Dragapult
|-start|p2a: Dragapult|Substitute
|-damage|p2a: Dragapult|75/100
|move|p1a: Mandibuzz|Knock Off|p2a: Dragapult
|-supereffective|p2a: Dragapult
|-end|p2a: Dragapult|Substitute
|
|-heal|p2a: Dragapult|82/100|[from] item: Leftovers
|-damage|p1a: Mandibuzz|11/100 brn|[from] brn
|upkeep
|turn|21
|
|move|p2a: Dragapult|Hex|p1a: Mandibuzz
|-resisted|p1a: Mandibuzz
|-damage|p1a: Mandibuzz|0 fnt
|faint|p1a: Mandibuzz
|
|-heal|p2a: Dragapult|88/100|[from] item: Leftovers
|upkeep
|
|switch|p1a: Hydreigon|Hydreigon, F|100/100 slp
|turn|22
|
|cant|p1a: Hydreigon|slp
|move|p2a: Dragapult|Substitute|p2a: Dragapult
|-start|p2a: Dragapult|Substitute
|-damage|p2a: Dragapult|63/100
|
|-heal|p2a: Dragapult|69/100|[from] item: Leftovers
|upkeep
|turn|23
|
|-curestatus|p1a: Hydreigon|slp|[msg]
|move|p1a: Hydreigon|Dark Pulse|p2a: Dragapult
|-supereffective|p2a: Dragapult
|-end|p2a: Dragapult|Substitute
|move|p2a: Dragapult|Disable|p1a: Hydreigon
|-start|p1a: Hydreigon|Disable|Dark Pulse
|
|-heal|p2a: Dragapult|75/100|[from] item: Leftovers
|upkeep
|turn|24
|
|switch|p1a: Excadrill|Excadrill, F|100/100
|-ability|p1a: Excadrill|Mold Breaker
|move|p2a: Dragapult|Substitute|p2a: Dragapult
|-start|p2a: Dragapult|Substitute
|-damage|p2a: Dragapult|50/100
|
|-heal|p2a: Dragapult|56/100|[from] item: Leftovers
|upkeep
|turn|25
|
|move|p1a: Excadrill|Earthquake|p2a: Dragapult
|-end|p2a: Dragapult|Substitute
|move|p2a: Dragapult|Will-O-Wisp|p1a: Excadrill
|-status|p1a: Excadrill|brn
|
|-heal|p2a: Dragapult|63/100|[from] item: Leftovers
|-damage|p1a: Excadrill|94/100 brn|[from] brn
|upkeep
|turn|26
|-message|Fddxvh forfeited.
|
|win|SickNigguhs
|l|☆Fddxvh
|raw|Fddxvh's rating: 1000 → 1000(+0 for losing)
|raw|SickNigguhs's rating: 1046 → 1075(+29 for winning)
