|ScrapeTime|2020-01-03-00:08:50
|j|☆hjkawhdwja
|j|☆qwioejlsknv
|player|p1|hjkawhdwja|#gmars|1000
|player|p2|qwioejlsknv|102|1000
|teamsize|p1|6
|teamsize|p2|6
|gametype|singles
|gen|8
|tier|[Gen 8] OU
|rated|
|rule|Sleep Clause Mod: Limit one foe put to sleep
|rule|Species Clause: Limit one of each Pokémon
|rule|OHKO Clause: OHKO moves are banned
|rule|Evasion Moves Clause: Evasion moves are banned
|rule|Endless Battle Clause: Forcing endless battles is banned
|rule|HP Percentage Mod: HP is shown in percentages
|clearpoke
|poke|p1|Obstagoon, M|
|poke|p1|Rotom-Mow|
|poke|p1|Corviknight, M|
|poke|p1|Dragapult, F|
|poke|p1|Seismitoad, F|
|poke|p1|Sylveon, M|
|poke|p2|Rotom-Wash|
|poke|p2|Frosmoth, M|
|poke|p2|Dracovish|
|poke|p2|Seismitoad, F|
|poke|p2|Dragapult, M|
|poke|p2|Excadrill, M|
|rule|Dynamax Clause: You cannot dynamax
|teampreview
|inactive|Battle timer is ON: inactive players will automatically lose when time's up. (requested by hjkawhdwja)
|
|start
|switch|p1a: Obstagoon|Obstagoon, M|100/100
|switch|p2a: Rotom|Rotom-Wash|100/100
|turn|1
|
|move|p1a: Obstagoon|Knock Off|p2a: Rotom
|-crit|p2a: Rotom
|-damage|p2a: Rotom|18/100
|-enditem|p2a: Rotom|Leftovers|[from] move: Knock Off|[of] p1a: Obstagoon
|move|p2a: Rotom|Volt Switch|p1a: Obstagoon
|-damage|p1a: Obstagoon|64/100
|
|switch|p2a: Dragapult|Dragapult, M|100/100|[from]move: Volt Switch
|
|-status|p1a: Obstagoon|brn|[from] item: Flame Orb
|upkeep
|turn|2
|
|switch|p1a: Sylveon|Sylveon, M|100/100
|move|p2a: Dragapult|Dragon Darts|p1a: Sylveon
|-immune|p1a: Sylveon
|
|upkeep
|turn|3
|
|switch|p2a: Excadrill|Excadrill, M|100/100
|-ability|p2a: Excadrill|Mold Breaker
|move|p1a: Sylveon|Hyper Voice|p2a: Excadrill
|-resisted|p2a: Excadrill
|-damage|p2a: Excadrill|73/100
|
|upkeep
|turn|4
|inactive|hjkawhdwja has 120 seconds left.
|
|switch|p1a: Corviknight|Corviknight, M|100/100
|move|p2a: Excadrill|Iron Head|p1a: Corviknight
|-resisted|p1a: Corviknight
|-damage|p1a: Corviknight|79/100
|-damage|p2a: Excadrill|63/100|[from] item: Life Orb
|
|-heal|p1a: Corviknight|86/100|[from] item: Leftovers
|upkeep
|turn|5
|
|move|p2a: Excadrill|Rock Tomb|p1a: Corviknight
|-damage|p1a: Corviknight|67/100
|-unboost|p1a: Corviknight|spe|1
|-damage|p2a: Excadrill|53/100|[from] item: Life Orb
|move|p1a: Corviknight|Iron Head|p2a: Excadrill
|-resisted|p2a: Excadrill
|-damage|p2a: Excadrill|37/100
|
|-heal|p1a: Corviknight|73/100|[from] item: Leftovers
|upkeep
|turn|6
|
|switch|p2a: Rotom|Rotom-Wash|18/100
|move|p1a: Corviknight|Roost|p1a: Corviknight
|-heal|p1a: Corviknight|100/100
|-singleturn|p1a: Corviknight|move: Roost
|
|upkeep
|turn|7
|
|switch|p1a: Rotom|Rotom-Mow|100/100
|move|p2a: Rotom|Will-O-Wisp|p1a: Rotom
|-status|p1a: Rotom|brn
|
|-damage|p1a: Rotom|94/100 brn|[from] brn
|upkeep
|turn|8
|
|move|p1a: Rotom|Leaf Storm|p2a: Rotom
|-supereffective|p2a: Rotom
|-damage|p2a: Rotom|0 fnt
|-unboost|p1a: Rotom|spa|2
|faint|p2a: Rotom
|
|-heal|p1a: Rotom|100/100 brn|[from] item: Leftovers
|-damage|p1a: Rotom|94/100 brn|[from] brn
|upkeep
|
|switch|p2a: Frosmoth|Frosmoth, M|100/100
|turn|9
|
|move|p1a: Rotom|Thunder Wave|p2a: Frosmoth
|-status|p2a: Frosmoth|par
|cant|p2a: Frosmoth|par
|
|-heal|p1a: Rotom|100/100 brn|[from] item: Leftovers
|-damage|p1a: Rotom|94/100 brn|[from] brn
|upkeep
|turn|10
|-message|qwioejlsknv forfeited.
|
|win|hjkawhdwja
|l|☆qwioejlsknv
