|ScrapeTime|2020-01-01-10:15:32
|j|☆MechaTaco
|j|☆Willmer137
|player|p1|MechaTaco|sabrina|1124
|player|p2|Willmer137|266|1109
|teamsize|p1|6
|teamsize|p2|6
|gametype|singles
|gen|8
|tier|[Gen 8] OU
|rated|
|rule|Sleep Clause Mod: Limit one foe put to sleep
|rule|Species Clause: Limit one of each Pokémon
|rule|OHKO Clause: OHKO moves are banned
|rule|Evasion Moves Clause: Evasion moves are banned
|rule|Endless Battle Clause: Forcing endless battles is banned
|rule|HP Percentage Mod: HP is shown in percentages
|clearpoke
|poke|p1|Dragapult, M|
|poke|p1|Ferrothorn, M|
|poke|p1|Excadrill, F|
|poke|p1|Tyranitar, M|
|poke|p1|Rotom-Heat|
|poke|p1|Hatterene, F|
|poke|p2|Hitmontop, M|
|poke|p2|Corsola-Galar, M|
|poke|p2|Clefable, F|
|poke|p2|Mew|
|poke|p2|Malamar, F|
|poke|p2|Dracovish|
|rule|Dynamax Clause: You cannot dynamax
|teampreview
|
|start
|switch|p1a: Ferrothorn|Ferrothorn, M|100/100
|switch|p2a: Malamar|Malamar, F|100/100
|turn|1
|
|move|p2a: Malamar|Superpower|p1a: Ferrothorn
|-supereffective|p1a: Ferrothorn
|-damage|p1a: Ferrothorn|68/100
|-damage|p2a: Malamar|88/100|[from] ability: Iron Barbs|[of] p1a: Ferrothorn
|-damage|p2a: Malamar|72/100|[from] item: Rocky Helmet|[of] p1a: Ferrothorn
|-boost|p2a: Malamar|atk|1
|-boost|p2a: Malamar|def|1
|move|p1a: Ferrothorn|Knock Off|p2a: Malamar
|-damage|p2a: Malamar|58/100
|-enditem|p2a: Malamar|Chesto Berry|[from] move: Knock Off|[of] p1a: Ferrothorn
|
|upkeep
|turn|2
|
|move|p2a: Malamar|Thief|p1a: Ferrothorn
|-crit|p1a: Ferrothorn
|-damage|p1a: Ferrothorn|42/100
|-damage|p2a: Malamar|45/100|[from] ability: Iron Barbs|[of] p1a: Ferrothorn
|-damage|p2a: Malamar|29/100|[from] item: Rocky Helmet|[of] p1a: Ferrothorn
|-item|p2a: Malamar|Rocky Helmet|[from] move: Thief|[of] p1a: Ferrothorn
|move|p1a: Ferrothorn|Leech Seed|p2a: Malamar
|-start|p2a: Malamar|move: Leech Seed
|
|-damage|p2a: Malamar|16/100|[from] Leech Seed|[of] p1a: Ferrothorn
|-heal|p1a: Ferrothorn|56/100|[silent]
|upkeep
|turn|3
|
|move|p2a: Malamar|Rest|p2a: Malamar
|-status|p2a: Malamar|slp|[from] move: Rest
|-heal|p2a: Malamar|100/100 slp|[silent]
|move|p1a: Ferrothorn|Spikes|p2a: Malamar
|-sidestart|p2: Willmer137|Spikes
|
|-damage|p2a: Malamar|88/100 slp|[from] Leech Seed|[of] p1a: Ferrothorn
|-heal|p1a: Ferrothorn|69/100|[silent]
|upkeep
|turn|4
|
|cant|p2a: Malamar|slp
|move|p1a: Ferrothorn|Spikes|p2a: Malamar
|-sidestart|p2: Willmer137|Spikes
|
|-damage|p2a: Malamar|75/100 slp|[from] Leech Seed|[of] p1a: Ferrothorn
|-heal|p1a: Ferrothorn|82/100|[silent]
|upkeep
|turn|5
|
|cant|p2a: Malamar|slp
|move|p1a: Ferrothorn|Spikes|p2a: Malamar
|-sidestart|p2: Willmer137|Spikes
|
|-damage|p2a: Malamar|63/100 slp|[from] Leech Seed|[of] p1a: Ferrothorn
|-heal|p1a: Ferrothorn|96/100|[silent]
|upkeep
|turn|6
|
|-curestatus|p2a: Malamar|slp|[msg]
|move|p2a: Malamar|Superpower|p1a: Ferrothorn
|-supereffective|p1a: Ferrothorn
|-damage|p1a: Ferrothorn|52/100
|-damage|p2a: Malamar|50/100|[from] ability: Iron Barbs|[of] p1a: Ferrothorn
|-boost|p2a: Malamar|atk|1
|-boost|p2a: Malamar|def|1
|move|p1a: Ferrothorn|Power Whip|p2a: Malamar|[miss]
|-miss|p1a: Ferrothorn|p2a: Malamar
|
|-damage|p2a: Malamar|38/100|[from] Leech Seed|[of] p1a: Ferrothorn
|-heal|p1a: Ferrothorn|65/100|[silent]
|upkeep
|turn|7
|
|move|p2a: Malamar|Superpower|p1a: Ferrothorn
|-supereffective|p1a: Ferrothorn
|-damage|p1a: Ferrothorn|8/100
|-damage|p2a: Malamar|25/100|[from] ability: Iron Barbs|[of] p1a: Ferrothorn
|-boost|p2a: Malamar|atk|1
|-boost|p2a: Malamar|def|1
|move|p1a: Ferrothorn|Power Whip|p2a: Malamar
|-damage|p2a: Malamar|10/100
|-damage|p1a: Ferrothorn|0 fnt|[from] item: Rocky Helmet|[of] p2a: Malamar
|faint|p1a: Ferrothorn
|
|upkeep
|
|switch|p1a: Hatterene|Hatterene, F|100/100
|turn|8
|
|switch|p1a: Dragapult|Dragapult, M|100/100
|move|p2a: Malamar|Rest|p2a: Malamar
|-status|p2a: Malamar|slp|[from] move: Rest
|-heal|p2a: Malamar|100/100 slp|[silent]
|
|-damage|p2a: Malamar|88/100 slp|[from] Leech Seed|[of] p1a: Dragapult
|upkeep
|turn|9
|
|move|p1a: Dragapult|Shadow Ball|p2a: Malamar
|-damage|p2a: Malamar|50/100 slp
|cant|p2a: Malamar|slp
|
|-damage|p2a: Malamar|37/100 slp|[from] Leech Seed|[of] p1a: Dragapult
|upkeep
|turn|10
|
|move|p1a: Dragapult|Shadow Ball|p2a: Malamar
|-damage|p2a: Malamar|0 fnt
|faint|p2a: Malamar
|
|upkeep
|
|switch|p2a: Clefable|Clefable, F|100/100
|turn|11
|
|switch|p1a: Tyranitar|Tyranitar, M|100/100
|-weather|Sandstorm|[from] ability: Sand Stream|[of] p1a: Tyranitar
|move|p2a: Clefable|Cosmic Power|p2a: Clefable
|-boost|p2a: Clefable|def|1
|-boost|p2a: Clefable|spd|1
|
|-weather|Sandstorm|[upkeep]
|upkeep
|turn|12
|
|move|p2a: Clefable|Cosmic Power|p2a: Clefable
|-boost|p2a: Clefable|def|1
|-boost|p2a: Clefable|spd|1
|move|p1a: Tyranitar|Stone Edge|p2a: Clefable|[miss]
|-miss|p1a: Tyranitar|p2a: Clefable
|
|-weather|Sandstorm|[upkeep]
|upkeep
|turn|13
|
|move|p2a: Clefable|Cosmic Power|p2a: Clefable
|-boost|p2a: Clefable|def|1
|-boost|p2a: Clefable|spd|1
|move|p1a: Tyranitar|Thunder Wave|p2a: Clefable
|-status|p2a: Clefable|par
|
|-weather|Sandstorm|[upkeep]
|upkeep
|turn|14
|
|move|p1a: Tyranitar|Stone Edge|p2a: Clefable|[miss]
|-miss|p1a: Tyranitar|p2a: Clefable
|cant|p2a: Clefable|par
|
|-weather|Sandstorm|[upkeep]
|upkeep
|turn|15
|
|move|p1a: Tyranitar|Stone Edge|p2a: Clefable
|-damage|p2a: Clefable|82/100 par
|move|p2a: Clefable|Moonblast|p1a: Tyranitar
|-supereffective|p1a: Tyranitar
|-damage|p1a: Tyranitar|61/100
|
|-weather|Sandstorm|[upkeep]
|-heal|p2a: Clefable|88/100 par|[from] item: Leftovers
|upkeep
|turn|16
|
|switch|p1a: Excadrill|Excadrill, F|100/100
|-item|p1a: Excadrill|Air Balloon
|move|p2a: Clefable|Moonblast|p1a: Excadrill
|-resisted|p1a: Excadrill
|-damage|p1a: Excadrill|69/100
|-enditem|p1a: Excadrill|Air Balloon
|-unboost|p1a: Excadrill|spa|1
|
|-weather|Sandstorm|[upkeep]
|-heal|p2a: Clefable|94/100 par|[from] item: Leftovers
|upkeep
|turn|17
|
|move|p1a: Excadrill|Rock Slide|p2a: Clefable
|-damage|p2a: Clefable|82/100 par
|cant|p2a: Clefable|par
|
|-weather|Sandstorm|[upkeep]
|-heal|p2a: Clefable|88/100 par|[from] item: Leftovers
|upkeep
|turn|18
|
|move|p1a: Excadrill|Swords Dance|p1a: Excadrill
|-boost|p1a: Excadrill|atk|2
|move|p2a: Clefable|Wish|p2a: Clefable
|
|-weather|none
|-heal|p2a: Clefable|94/100 par|[from] item: Leftovers
|upkeep
|turn|19
|
|move|p1a: Excadrill|Rock Slide|p2a: Clefable
|-damage|p2a: Clefable|66/100 par
|move|p2a: Clefable|Stored Power|p1a: Excadrill
|-resisted|p1a: Excadrill
|-damage|p1a: Excadrill|41/100
|
|-heal|p2a: Clefable|100/100 par|[from] move: Wish|[wisher] Clefable
|upkeep
|turn|20
|
|move|p1a: Excadrill|Rock Slide|p2a: Clefable|[miss]
|-miss|p1a: Excadrill|p2a: Clefable
|move|p2a: Clefable|Cosmic Power|p2a: Clefable
|-boost|p2a: Clefable|def|1
|-boost|p2a: Clefable|spd|1
|
|upkeep
|turn|21
|
|switch|p1a: Hatterene|Hatterene, F|100/100
|move|p2a: Clefable|Cosmic Power|p2a: Clefable
|-boost|p2a: Clefable|def|1
|-boost|p2a: Clefable|spd|1
|
|upkeep
|turn|22
|
|move|p2a: Clefable|Wish|p2a: Clefable
|move|p1a: Hatterene|Trick Room|p1a: Hatterene
|-fieldstart|move: Trick Room|[of] p1a: Hatterene
|
|upkeep
|turn|23
|
|move|p1a: Hatterene|Psychic|p2a: Clefable
|-damage|p2a: Clefable|80/100 par
|-damage|p1a: Hatterene|91/100|[from] item: Life Orb
|move|p2a: Clefable|Stored Power|p1a: Hatterene
|-resisted|p1a: Hatterene
|-damage|p1a: Hatterene|54/100
|
|-heal|p2a: Clefable|100/100 par|[from] move: Wish|[wisher] Clefable
|upkeep
|turn|24
|
|move|p1a: Hatterene|Draining Kiss|p2a: Clefable
|-damage|p2a: Clefable|90/100 par
|-heal|p1a: Hatterene|64/100|[from] drain|[of] p2a: Clefable
|-damage|p1a: Hatterene|54/100|[from] item: Life Orb
|cant|p2a: Clefable|par
|
|-heal|p2a: Clefable|96/100 par|[from] item: Leftovers
|upkeep
|turn|25
|
|move|p1a: Hatterene|Mystical Fire|p2a: Clefable
|-crit|p2a: Clefable
|-damage|p2a: Clefable|41/100 par
|-unboost|p2a: Clefable|spa|1
|-damage|p1a: Hatterene|45/100|[from] item: Life Orb
|cant|p2a: Clefable|par
|
|-heal|p2a: Clefable|47/100 par|[from] item: Leftovers
|upkeep
|turn|26
|
|move|p1a: Hatterene|Mystical Fire|p2a: Clefable
|-crit|p2a: Clefable
|-damage|p2a: Clefable|0 fnt
|-damage|p1a: Hatterene|35/100|[from] item: Life Orb
|faint|p2a: Clefable
|
|-fieldend|move: Trick Room
|upkeep
|
|switch|p2a: Corsola|Corsola-Galar, M|100/100
|-damage|p2a: Corsola|75/100|[from] Spikes
|turn|27
|
|move|p2a: Corsola|Curse|p1a: Hatterene
|-start|p1a: Hatterene|Curse|[of] p2a: Corsola
|-damage|p2a: Corsola|25/100
|move|p1a: Hatterene|Psychic|p2a: Corsola
|-damage|p2a: Corsola|0 fnt
|-start|p1a: Hatterene|Disable|Psychic|[from] ability: Cursed Body|[of] p2a: Corsola
|-damage|p1a: Hatterene|25/100|[from] item: Life Orb
|faint|p2a: Corsola
|
|-damage|p1a: Hatterene|0 fnt|[from] Curse
|faint|p1a: Hatterene
|upkeep
|
|switch|p2a: Mew|Mew|100/100
|switch|p1a: Tyranitar|Tyranitar, M|61/100
|-damage|p2a: Mew|76/100|[from] Spikes
|-weather|Sandstorm|[from] ability: Sand Stream|[of] p1a: Tyranitar
|turn|28
|
|move|p2a: Mew|Dragon Dance|p2a: Mew
|-boost|p2a: Mew|atk|1
|-boost|p2a: Mew|spe|1
|move|p1a: Tyranitar|Stealth Rock|p2a: Mew
|-sidestart|p2: Willmer137|move: Stealth Rock
|
|-weather|Sandstorm|[upkeep]
|-damage|p2a: Mew|69/100|[from] Sandstorm
|upkeep
|turn|29
|
|move|p2a: Mew|Dragon Dance|p2a: Mew
|-boost|p2a: Mew|atk|1
|-boost|p2a: Mew|spe|1
|move|p1a: Tyranitar|Thunder Wave|p2a: Mew
|-status|p2a: Mew|par
|-activate|p2a: Mew|ability: Synchronize
|-status|p1a: Tyranitar|par
|
|-weather|Sandstorm|[upkeep]
|-damage|p2a: Mew|63/100 par|[from] Sandstorm
|upkeep
|turn|30
|
|move|p2a: Mew|Dragon Dance|p2a: Mew
|-boost|p2a: Mew|atk|1
|-boost|p2a: Mew|spe|1
|move|p1a: Tyranitar|Stone Edge|p2a: Mew
|-damage|p2a: Mew|20/100 par
|
|-weather|Sandstorm|[upkeep]
|-damage|p2a: Mew|14/100 par|[from] Sandstorm
|upkeep
|turn|31
|
|switch|p1a: Rotom|Rotom-Heat|100/100
|move|p2a: Mew|Shadow Claw|p1a: Rotom
|-crit|p1a: Rotom
|-damage|p1a: Rotom|20/100
|
|-weather|Sandstorm|[upkeep]
|-damage|p2a: Mew|8/100 par|[from] Sandstorm
|-damage|p1a: Rotom|14/100|[from] Sandstorm
|-heal|p1a: Rotom|20/100|[from] item: Leftovers
|upkeep
|turn|32
|
|cant|p2a: Mew|par
|move|p1a: Rotom|Thunderbolt|p2a: Mew
|-crit|p2a: Mew
|-damage|p2a: Mew|0 fnt
|faint|p2a: Mew
|
|-weather|Sandstorm|[upkeep]
|-damage|p1a: Rotom|14/100|[from] Sandstorm
|-heal|p1a: Rotom|20/100|[from] item: Leftovers
|upkeep
|-message|Willmer137 forfeited.
|
|win|MechaTaco
|l|☆Willmer137
|raw|MechaTaco's rating: 1124 → 1148(+24 for winning)
|raw|Willmer137's rating: 1109 → 1086(-23 for losing)
