|ScrapeTime|2020-01-01-15:44:31
|j|☆Mauricioelanime2
|j|☆Sebee
|player|p1|Mauricioelanime2|proton|1201
|player|p2|Sebee|101|1190
|teamsize|p1|6
|teamsize|p2|6
|gametype|singles
|gen|8
|tier|[Gen 8] OU
|rated|
|rule|Sleep Clause Mod: Limit one foe put to sleep
|rule|Species Clause: Limit one of each Pokémon
|rule|OHKO Clause: OHKO moves are banned
|rule|Evasion Moves Clause: Evasion moves are banned
|rule|Endless Battle Clause: Forcing endless battles is banned
|rule|HP Percentage Mod: HP is shown in percentages
|clearpoke
|poke|p1|Polteageist|
|poke|p1|Grimmsnarl, M|
|poke|p1|Reuniclus, M|
|poke|p1|Ferrothorn, F|
|poke|p1|Rotom-Wash|
|poke|p1|Cinderace, F|
|poke|p2|Rotom-Heat|
|poke|p2|Mr. Mime-Galar, M|
|poke|p2|Cinderace, F|
|poke|p2|Lanturn, M|
|poke|p2|Haxorus, M|
|poke|p2|Flapple, M|
|rule|Dynamax Clause: You cannot dynamax
|teampreview
|
|start
|switch|p1a: Grimmsnarl|Grimmsnarl, M|100/100
|switch|p2a: Rotom|Rotom-Heat|100/100
|turn|1
|inactive|Battle timer is ON: inactive players will automatically lose when time's up. (requested by Mauricioelanime2)
|
|move|p1a: Grimmsnarl|Light Screen|p1a: Grimmsnarl
|-sidestart|p1: Mauricioelanime2|move: Light Screen
|move|p2a: Rotom|Trick|p1a: Grimmsnarl
|-activate|p2a: Rotom|move: Trick|[of] p1a: Grimmsnarl
|-item|p1a: Grimmsnarl|Choice Scarf|[from] move: Trick
|-item|p2a: Rotom|Light Clay|[from] move: Trick
|
|upkeep
|turn|2
|
|move|p1a: Grimmsnarl|Reflect|p1a: Grimmsnarl
|-sidestart|p1: Mauricioelanime2|Reflect
|move|p2a: Rotom|Discharge|p1a: Grimmsnarl
|-damage|p1a: Grimmsnarl|82/100
|-status|p1a: Grimmsnarl|par
|
|upkeep
|turn|3
|
|switch|p1a: Polteageist|Polteageist|100/100
|move|p2a: Rotom|Discharge|p1a: Polteageist
|-damage|p1a: Polteageist|80/100
|-status|p1a: Polteageist|par
|
|upkeep
|turn|4
|
|move|p2a: Rotom|Volt Switch|p1a: Polteageist
|-damage|p1a: Polteageist|62/100 par
|
|switch|p2a: Haxorus|Haxorus, M|100/100|[from]move: Volt Switch
|-ability|p2a: Haxorus|Mold Breaker
|cant|p1a: Polteageist|par
|
|upkeep
|turn|5
|
|move|p2a: Haxorus|Dragon Claw|p1a: Polteageist
|-damage|p1a: Polteageist|19/100 par
|-start|p2a: Haxorus|Disable|Dragon Claw|[from] ability: Cursed Body|[of] p1a: Polteageist
|move|p1a: Polteageist|Shell Smash|p1a: Polteageist
|-unboost|p1a: Polteageist|def|1
|-unboost|p1a: Polteageist|spd|1
|-boost|p1a: Polteageist|atk|2
|-boost|p1a: Polteageist|spa|2
|-boost|p1a: Polteageist|spe|2
|-enditem|p1a: Polteageist|White Herb
|-clearnegativeboost|p1a: Polteageist|[silent]
|
|upkeep
|turn|6
|
|-activate|p2a: Haxorus|move: Struggle
|move|p2a: Haxorus|Struggle|p1a: Polteageist
|-damage|p1a: Polteageist|2/100 par
|-damage|p2a: Haxorus|76/100|[from] recoil
|move|p1a: Polteageist|Strength Sap|p2a: Haxorus
|-unboost|p2a: Haxorus|atk|1
|-heal|p1a: Polteageist|100/100 par
|
|-sideend|p1: Mauricioelanime2|Reflect
|upkeep
|turn|7
|-message|Sebee forfeited.
|
|win|Mauricioelanime2
|l|☆Sebee
|raw|Mauricioelanime2's rating: 1201 → 1226(+25 for winning)
|raw|Sebee's rating: 1190 → 1166(-24 for losing)
