|ScrapeTime|2020-01-02-02:55:27
|j|☆2832luas
|j|☆PeliPuFF
|player|p1|2832luas|sabrina|1272
|player|p2|PeliPuFF|roxie|1206
|teamsize|p1|6
|teamsize|p2|6
|gametype|singles
|gen|8
|tier|[Gen 8] OU
|rated|
|rule|Sleep Clause Mod: Limit one foe put to sleep
|rule|Species Clause: Limit one of each Pokémon
|rule|OHKO Clause: OHKO moves are banned
|rule|Evasion Moves Clause: Evasion moves are banned
|rule|Endless Battle Clause: Forcing endless battles is banned
|rule|HP Percentage Mod: HP is shown in percentages
|clearpoke
|poke|p1|Corviknight, F|
|poke|p1|Dragapult, M|
|poke|p1|Clefable, M|
|poke|p1|Cinderace, F|
|poke|p1|Seismitoad, F|
|poke|p1|Weavile, M|
|poke|p2|Mr. Rime, F|
|poke|p2|Passimian, M|
|poke|p2|Weezing-Galar, F|
|poke|p2|Mandibuzz, F|
|poke|p2|Aegislash, F|
|poke|p2|Dracozolt|
|rule|Dynamax Clause: You cannot dynamax
|teampreview
|
|start
|switch|p1a: Weavile|Weavile, M|100/100
|switch|p2a: Passimian|Passimian, M|100/100
|turn|1
|
|move|p1a: Weavile|Fake Out|p2a: Passimian
|-damage|p2a: Passimian|87/100
|cant|p2a: Passimian|flinch
|
|upkeep
|turn|2
|
|switch|p1a: Corviknight|Corviknight, F|100/100
|move|p2a: Passimian|U-turn|p1a: Corviknight
|-resisted|p1a: Corviknight
|-damage|p1a: Corviknight|96/100
|
|switch|p2a: Aegislash|Aegislash, F|100/100|[from]move: U-turn
|
|-heal|p1a: Corviknight|100/100|[from] item: Leftovers
|upkeep
|turn|3
|
|move|p1a: Corviknight|Substitute|p1a: Corviknight
|-start|p1a: Corviknight|Substitute
|-damage|p1a: Corviknight|76/100
|-formechange|p2a: Aegislash|Aegislash-Blade||[from] ability: Stance Change
|move|p2a: Aegislash|Shadow Ball|p1a: Corviknight
|-end|p1a: Corviknight|Substitute
|
|-heal|p1a: Corviknight|82/100|[from] item: Leftovers
|upkeep
|turn|4
|
|move|p1a: Corviknight|Brave Bird|p2a: Aegislash
|-resisted|p2a: Aegislash
|-damage|p2a: Aegislash|69/100
|-damage|p1a: Corviknight|73/100|[from] Recoil
|move|p2a: Aegislash|Shadow Ball|p1a: Corviknight
|-damage|p1a: Corviknight|28/100
|
|-heal|p1a: Corviknight|34/100|[from] item: Leftovers
|upkeep
|turn|5
|
|move|p1a: Corviknight|Roost|p1a: Corviknight
|-heal|p1a: Corviknight|84/100
|-singleturn|p1a: Corviknight|move: Roost
|move|p2a: Aegislash|Shadow Ball|p1a: Corviknight
|-damage|p1a: Corviknight|34/100
|
|-heal|p1a: Corviknight|40/100|[from] item: Leftovers
|upkeep
|turn|6
|
|move|p1a: Corviknight|Brave Bird|p2a: Aegislash
|-resisted|p2a: Aegislash
|-damage|p2a: Aegislash|33/100
|-damage|p1a: Corviknight|30/100|[from] Recoil
|move|p2a: Aegislash|Shadow Ball|p1a: Corviknight
|-damage|p1a: Corviknight|0 fnt
|faint|p1a: Corviknight
|
|upkeep
|
|switch|p1a: Seismitoad|Seismitoad, F|100/100
|turn|7
|
|switch|p2a: Weezing|Weezing-Galar, F|100/100
|move|p1a: Seismitoad|Stealth Rock|p2a: Weezing
|-sidestart|p2: PeliPuFF|move: Stealth Rock
|
|upkeep
|turn|8
|
|move|p1a: Seismitoad|Earthquake|p2a: Weezing
|-immune|p2a: Weezing|[from] ability: Levitate
|move|p2a: Weezing|Will-O-Wisp|p1a: Seismitoad
|-status|p1a: Seismitoad|brn
|
|-damage|p1a: Seismitoad|94/100 brn|[from] brn
|upkeep
|turn|9
|
|switch|p1a: Clefable|Clefable, M|100/100
|move|p2a: Weezing|Toxic Spikes|p1a: Clefable
|-sidestart|p1: 2832luas|move: Toxic Spikes
|
|upkeep
|turn|10
|
|move|p1a: Clefable|Thunderbolt|p2a: Weezing
|-damage|p2a: Weezing|54/100
|move|p2a: Weezing|Toxic Spikes|p1a: Clefable
|-sidestart|p1: 2832luas|move: Toxic Spikes
|
|-heal|p2a: Weezing|60/100|[from] item: Black Sludge
|upkeep
|turn|11
|
|move|p2a: Weezing|Pain Split|p1a: Clefable
|-sethp|p1a: Clefable|76/100|[from] move: Pain Split|[silent]
|-sethp|p2a: Weezing|89/100|[from] move: Pain Split
|move|p1a: Clefable|Thunderbolt|p2a: Weezing
|-damage|p2a: Weezing|43/100
|
|-heal|p2a: Weezing|49/100|[from] item: Black Sludge
|upkeep
|turn|12
|
|move|p1a: Clefable|Thunderbolt|p2a: Weezing
|-damage|p2a: Weezing|0 fnt
|faint|p2a: Weezing
|
|upkeep
|
|switch|p2a: Aegislash|Aegislash, F|33/100
|-damage|p2a: Aegislash|27/100|[from] Stealth Rock
|turn|13
|
|-formechange|p2a: Aegislash|Aegislash-Blade||[from] ability: Stance Change
|move|p2a: Aegislash|Shadow Ball|p1a: Clefable
|-damage|p1a: Clefable|5/100
|move|p1a: Clefable|Flamethrower|p2a: Aegislash
|-supereffective|p2a: Aegislash
|-damage|p2a: Aegislash|0 fnt
|faint|p2a: Aegislash
|
|upkeep
|
|switch|p2a: Passimian|Passimian, M|87/100
|-damage|p2a: Passimian|81/100|[from] Stealth Rock
|turn|14
|
|move|p2a: Passimian|Knock Off|p1a: Clefable
|-resisted|p1a: Clefable
|-damage|p1a: Clefable|0 fnt
|-enditem|p1a: Clefable|Life Orb|[from] move: Knock Off|[of] p2a: Passimian
|faint|p1a: Clefable
|
|upkeep
|
|switch|p1a: Dragapult|Dragapult, M|100/100
|-status|p1a: Dragapult|tox
|turn|15
|
|move|p2a: Passimian|Knock Off|p1a: Dragapult
|-supereffective|p1a: Dragapult
|-damage|p1a: Dragapult|7/100 tox
|-enditem|p1a: Dragapult|Choice Band|[from] move: Knock Off|[of] p2a: Passimian
|move|p1a: Dragapult|U-turn|p2a: Passimian
|-resisted|p2a: Passimian
|-damage|p2a: Passimian|67/100
|
|switch|p1a: Seismitoad|Seismitoad, F|94/100 brn|[from]move: U-turn
|
|-heal|p1a: Seismitoad|100/100 brn|[from] item: Leftovers
|-damage|p1a: Seismitoad|94/100 brn|[from] brn
|upkeep
|turn|16
|
|switch|p2a: Mr. Rime|Mr. Rime, F|100/100
|move|p1a: Seismitoad|Toxic|p2a: Mr. Rime
|-status|p2a: Mr. Rime|tox
|
|-heal|p1a: Seismitoad|100/100 brn|[from] item: Leftovers
|-damage|p2a: Mr. Rime|95/100 tox|[from] psn
|-damage|p1a: Seismitoad|94/100 brn|[from] brn
|upkeep
|turn|17
|
|move|p2a: Mr. Rime|Rapid Spin|p1a: Seismitoad
|-damage|p1a: Seismitoad|88/100 brn
|-sideend|p2: PeliPuFF|Stealth Rock|[from] move: Rapid Spin|[of] p2a: Mr. Rime
|-boost|p2a: Mr. Rime|spe|1
|move|p1a: Seismitoad|Earthquake|p2a: Mr. Rime
|-damage|p2a: Mr. Rime|71/100 tox
|
|-heal|p1a: Seismitoad|94/100 brn|[from] item: Leftovers
|-damage|p2a: Mr. Rime|59/100 tox|[from] psn
|-damage|p1a: Seismitoad|88/100 brn|[from] brn
|upkeep
|turn|18
|
|move|p2a: Mr. Rime|Nasty Plot|p2a: Mr. Rime
|-boost|p2a: Mr. Rime|spa|2
|move|p1a: Seismitoad|Toxic|p2a: Mr. Rime
|-fail|p2a: Mr. Rime|tox
|
|-heal|p1a: Seismitoad|94/100 brn|[from] item: Leftovers
|-damage|p2a: Mr. Rime|41/100 tox|[from] psn
|-damage|p1a: Seismitoad|88/100 brn|[from] brn
|upkeep
|turn|19
|
|move|p2a: Mr. Rime|Freeze-Dry|p1a: Seismitoad
|-supereffective|p1a: Seismitoad
|-damage|p1a: Seismitoad|0 fnt
|faint|p1a: Seismitoad
|
|-damage|p2a: Mr. Rime|17/100 tox|[from] psn
|upkeep
|
|switch|p1a: Dragapult|Dragapult, M|7/100 tox
|turn|20
|
|switch|p2a: Mandibuzz|Mandibuzz, F|100/100
|move|p1a: Dragapult|U-turn|p2a: Mandibuzz
|-damage|p2a: Mandibuzz|81/100
|
|switch|p1a: Cinderace|Cinderace, F|100/100|[from]move: U-turn
|-status|p1a: Cinderace|tox
|
|-damage|p1a: Cinderace|95/100 tox|[from] psn
|upkeep
|turn|21
|
|move|p1a: Cinderace|Court Change|p1a: Cinderace
|-sideend|p1: 2832luas|Toxic Spikes|[silent]
|-sidestart|p2: PeliPuFF|Toxic Spikes|[silent]
|-sidestart|p2: PeliPuFF|Toxic Spikes|[silent]
|-activate|p1a: Cinderace|move: Court Change
|move|p2a: Mandibuzz|Roost|p2a: Mandibuzz
|-heal|p2a: Mandibuzz|100/100
|-singleturn|p2a: Mandibuzz|move: Roost
|
|-damage|p1a: Cinderace|83/100 tox|[from] psn
|upkeep
|turn|22
|
|move|p1a: Cinderace|Pyro Ball|p2a: Mandibuzz
|-damage|p2a: Mandibuzz|54/100
|move|p2a: Mandibuzz|Foul Play|p1a: Cinderace
|-damage|p1a: Cinderace|15/100 tox
|
|-damage|p1a: Cinderace|0 fnt|[from] psn
|faint|p1a: Cinderace
|upkeep
|
|switch|p1a: Weavile|Weavile, M|100/100
|turn|23
|
|move|p1a: Weavile|Fake Out|p2a: Mandibuzz
|-damage|p2a: Mandibuzz|45/100
|cant|p2a: Mandibuzz|flinch
|
|upkeep
|turn|24
|
|move|p1a: Weavile|Icicle Crash|p2a: Mandibuzz
|-supereffective|p2a: Mandibuzz
|-damage|p2a: Mandibuzz|0 fnt
|faint|p2a: Mandibuzz
|
|upkeep
|
|switch|p2a: Passimian|Passimian, M|67/100
|-status|p2a: Passimian|tox
|turn|25
|
|switch|p1a: Dragapult|Dragapult, M|7/100 tox
|move|p2a: Passimian|Close Combat|p1a: Dragapult
|-immune|p1a: Dragapult
|
|-damage|p2a: Passimian|61/100 tox|[from] psn
|-damage|p1a: Dragapult|1/100 tox|[from] psn
|upkeep
|turn|26
|
|switch|p2a: Mr. Rime|Mr. Rime, F|17/100 tox
|move|p1a: Dragapult|Dragon Darts|p2a: Mr. Rime
|-crit|p2a: Mr. Rime
|-damage|p2a: Mr. Rime|0 fnt
|-hitcount|p2a: Mr. Rime|1
|faint|p2a: Mr. Rime
|
|-damage|p1a: Dragapult|0 fnt|[from] psn
|faint|p1a: Dragapult
|upkeep
|
|switch|p1a: Weavile|Weavile, M|100/100
|switch|p2a: Passimian|Passimian, M|61/100 tox
|turn|27
|
|move|p1a: Weavile|Fake Out|p2a: Passimian
|-damage|p2a: Passimian|46/100 tox
|cant|p2a: Passimian|flinch
|
|-damage|p2a: Passimian|40/100 tox|[from] psn
|upkeep
|turn|28
|
|move|p2a: Passimian|Close Combat|p1a: Weavile
|-supereffective|p1a: Weavile
|-enditem|p1a: Weavile|Focus Sash
|-damage|p1a: Weavile|1/100
|-unboost|p2a: Passimian|def|1
|-unboost|p2a: Passimian|spd|1
|-enditem|p2a: Passimian|Choice Scarf|[silent]|[from] ability: Pickpocket|[of] p2a: Passimian
|-item|p1a: Weavile|Choice Scarf|[from] ability: Pickpocket|[of] p2a: Passimian
|move|p1a: Weavile|Icicle Crash|p2a: Passimian
|-damage|p2a: Passimian|0 fnt
|faint|p2a: Passimian
|
|upkeep
|
|switch|p2a: Dracozolt|Dracozolt|100/100
|-status|p2a: Dracozolt|tox
|turn|29
|
|move|p1a: Weavile|Icicle Crash|p2a: Dracozolt
|-supereffective|p2a: Dracozolt
|-crit|p2a: Dracozolt
|-damage|p2a: Dracozolt|0 fnt
|faint|p2a: Dracozolt
|
|win|2832luas
|raw|2832luas's rating: 1272 → 1293(+21 for winning)
|raw|PeliPuFF's rating: 1206 → 1186(-20 for losing)
