|ScrapeTime|2020-01-02-02:54:59
|j|☆Bigdogg93
|j|☆shadowvz96
|player|p1|Bigdogg93|102|
|player|p2|shadowvz96|266|
|teamsize|p1|6
|teamsize|p2|6
|gametype|singles
|gen|8
|tier|[Gen 8] OU
|rule|Sleep Clause Mod: Limit one foe put to sleep
|rule|Species Clause: Limit one of each Pokémon
|rule|OHKO Clause: OHKO moves are banned
|rule|Evasion Moves Clause: Evasion moves are banned
|rule|Endless Battle Clause: Forcing endless battles is banned
|rule|HP Percentage Mod: HP is shown in percentages
|clearpoke
|poke|p1|Lunatone|
|poke|p1|Ferrothorn, M|
|poke|p1|Dracovish|
|poke|p1|Tyranitar, M|
|poke|p1|Excadrill, F|
|poke|p1|Mawile, F|
|poke|p2|Mandibuzz, F|
|poke|p2|Toxapex, M|
|poke|p2|Dugtrio, M|
|poke|p2|Clefable, M|
|poke|p2|Seismitoad, F|
|poke|p2|Gyarados, M|
|rule|Dynamax Clause: You cannot dynamax
|teampreview
|
|start
|switch|p1a: Tyranitar|Tyranitar, M|100/100
|switch|p2a: Dugtrio|Dugtrio, M|100/100
|-weather|Sandstorm|[from] ability: Sand Stream|[of] p1a: Tyranitar
|turn|1
|
|move|p2a: Dugtrio|Screech|p1a: Tyranitar
|-unboost|p1a: Tyranitar|def|2
|move|p1a: Tyranitar|Stealth Rock|p2a: Dugtrio
|-sidestart|p2: shadowvz96|move: Stealth Rock
|
|-weather|Sandstorm|[upkeep]
|upkeep
|turn|2
|
|move|p2a: Dugtrio|Screech|p1a: Tyranitar
|-unboost|p1a: Tyranitar|def|2
|move|p1a: Tyranitar|Body Press|p2a: Dugtrio
|-damage|p2a: Dugtrio|77/100
|
|-weather|Sandstorm|[upkeep]
|upkeep
|turn|3
|
|move|p2a: Dugtrio|Screech|p1a: Tyranitar
|-unboost|p1a: Tyranitar|def|2
|move|p1a: Tyranitar|Rock Slide|p2a: Dugtrio
|-resisted|p2a: Dugtrio
|-damage|p2a: Dugtrio|18/100
|
|-weather|Sandstorm|[upkeep]
|upkeep
|turn|4
|
|move|p2a: Dugtrio|Reversal|p1a: Tyranitar
|-supereffective|p1a: Tyranitar
|-damage|p1a: Tyranitar|0 fnt
|faint|p1a: Tyranitar
|
|-weather|Sandstorm|[upkeep]
|upkeep
|
|switch|p1a: Dracovish|Dracovish|100/100
|turn|5
|
|move|p2a: Dugtrio|Reversal|p1a: Dracovish
|-damage|p1a: Dracovish|72/100
|move|p1a: Dracovish|Ice Fang|p2a: Dugtrio
|-supereffective|p2a: Dugtrio
|-damage|p2a: Dugtrio|0 fnt
|faint|p2a: Dugtrio
|
|-weather|Sandstorm|[upkeep]
|upkeep
|
|switch|p2a: Clefable|Clefable, M|100/100
|turn|6
|
|switch|p1a: Excadrill|Excadrill, F|100/100
|move|p2a: Clefable|Flamethrower|p1a: Excadrill
|-supereffective|p1a: Excadrill
|-damage|p1a: Excadrill|16/100
|
|-weather|Sandstorm|[upkeep]
|-heal|p1a: Excadrill|22/100|[from] item: Leftovers
|upkeep
|turn|7
|
|switch|p2a: Seismitoad|Seismitoad, F|100/100
|-damage|p2a: Seismitoad|94/100|[from] Stealth Rock
|move|p1a: Excadrill|Iron Head|p2a: Seismitoad
|-resisted|p2a: Seismitoad
|-damage|p2a: Seismitoad|63/100
|
|-weather|Sandstorm|[upkeep]
|-heal|p1a: Excadrill|28/100|[from] item: Leftovers
|upkeep
|turn|8
|
|switch|p1a: Ferrothorn|Ferrothorn, M|100/100
|move|p2a: Seismitoad|Focus Blast|p1a: Ferrothorn|[miss]
|-miss|p2a: Seismitoad|p1a: Ferrothorn
|
|-weather|none
|upkeep
|turn|9
|
|move|p2a: Seismitoad|Focus Blast|p1a: Ferrothorn
|-supereffective|p1a: Ferrothorn
|-damage|p1a: Ferrothorn|29/100
|-damage|p2a: Seismitoad|53/100|[from] item: Life Orb
|move|p1a: Ferrothorn|Leech Seed|p2a: Seismitoad
|-start|p2a: Seismitoad|move: Leech Seed
|
|-damage|p2a: Seismitoad|41/100|[from] Leech Seed|[of] p1a: Ferrothorn
|-heal|p1a: Ferrothorn|44/100|[silent]
|upkeep
|turn|10
|
|move|p2a: Seismitoad|Focus Blast|p1a: Ferrothorn
|-supereffective|p1a: Ferrothorn
|-damage|p1a: Ferrothorn|0 fnt
|-damage|p2a: Seismitoad|31/100|[from] item: Life Orb
|faint|p1a: Ferrothorn
|
|upkeep
|
|switch|p1a: Dracovish|Dracovish|72/100
|turn|11
|
|switch|p2a: Clefable|Clefable, M|100/100
|move|p1a: Dracovish|Psychic Fangs|p2a: Clefable
|-damage|p2a: Clefable|61/100
|
|upkeep
|turn|12
|
|switch|p1a: Mawile|Mawile, F|100/100
|-ability|p1a: Mawile|Intimidate|boost
|-unboost|p2a: Clefable|atk|1
|move|p2a: Clefable|Moonlight|p2a: Clefable
|-heal|p2a: Clefable|100/100
|
|upkeep
|turn|13
|
|move|p2a: Clefable|Flamethrower|p1a: Mawile
|-supereffective|p1a: Mawile
|-damage|p1a: Mawile|0 fnt
|faint|p1a: Mawile
|
|upkeep
|
|switch|p1a: Excadrill|Excadrill, F|28/100
|turn|14
|
|move|p1a: Excadrill|Iron Head|p2a: Clefable
|-supereffective|p2a: Clefable
|-damage|p2a: Clefable|0 fnt
|faint|p2a: Clefable
|
|-heal|p1a: Excadrill|34/100|[from] item: Leftovers
|upkeep
|
|switch|p2a: Toxapex|Toxapex, M|100/100
|-damage|p2a: Toxapex|88/100|[from] Stealth Rock
|turn|15
|
|move|p1a: Excadrill|Drill Run|p2a: Toxapex
|-supereffective|p2a: Toxapex
|-damage|p2a: Toxapex|27/100
|move|p2a: Toxapex|Scald|p1a: Excadrill
|-supereffective|p1a: Excadrill
|-damage|p1a: Excadrill|0 fnt
|faint|p1a: Excadrill
|
|-heal|p2a: Toxapex|33/100|[from] item: Black Sludge
|upkeep
|
|switch|p1a: Dracovish|Dracovish|72/100
|turn|16
|
|move|p1a: Dracovish|Psychic Fangs|p2a: Toxapex
|-supereffective|p2a: Toxapex
|-damage|p2a: Toxapex|0 fnt
|faint|p2a: Toxapex
|
|upkeep
|
|switch|p2a: Mandibuzz|Mandibuzz, F|100/100
|turn|17
|
|move|p1a: Dracovish|Ice Fang|p2a: Mandibuzz
|-supereffective|p2a: Mandibuzz
|-damage|p2a: Mandibuzz|56/100
|move|p2a: Mandibuzz|Knock Off|p1a: Dracovish
|-damage|p1a: Dracovish|48/100
|-enditem|p1a: Dracovish|Safety Goggles|[from] move: Knock Off|[of] p2a: Mandibuzz
|
|upkeep
|turn|18
|
|move|p1a: Dracovish|Ice Fang|p2a: Mandibuzz
|-supereffective|p2a: Mandibuzz
|-damage|p2a: Mandibuzz|13/100
|move|p2a: Mandibuzz|Defog|p1a: Dracovish
|-unboost|p1a: Dracovish|evasion|1
|-sideend|p2: shadowvz96|Stealth Rock|[from] move: Defog|[of] p2a: Mandibuzz
|
|upkeep
|turn|19
|
|move|p1a: Dracovish|Ice Fang|p2a: Mandibuzz
|-supereffective|p2a: Mandibuzz
|-damage|p2a: Mandibuzz|0 fnt
|faint|p2a: Mandibuzz
|
|upkeep
|
|switch|p2a: Seismitoad|Seismitoad, F|31/100
|turn|20
|
|move|p1a: Dracovish|Psychic Fangs|p2a: Seismitoad
|-damage|p2a: Seismitoad|0 fnt
|faint|p2a: Seismitoad
|
|upkeep
|
|switch|p2a: Gyarados|Gyarados, M|100/100
|turn|21
|
|move|p2a: Gyarados|Bounce||[still]
|-prepare|p2a: Gyarados|Bounce|p1a: Dracovish
|move|p1a: Dracovish|Psychic Fangs|p2a: Gyarados|[miss]
|-miss|p1a: Dracovish|p2a: Gyarados
|
|upkeep
|turn|22
|
|move|p2a: Gyarados|Bounce|p1a: Dracovish|[from]lockedmove
|-damage|p1a: Dracovish|0 fnt
|faint|p1a: Dracovish
|-ability|p2a: Gyarados|Moxie|boost
|-boost|p2a: Gyarados|atk|1
|
|upkeep
|
|switch|p1a: Lunatone|Lunatone|100/100
|turn|23
|
|move|p2a: Gyarados|Waterfall|p1a: Lunatone
|-supereffective|p1a: Lunatone
|-damage|p1a: Lunatone|0 fnt
|faint|p1a: Lunatone
|
|win|shadowvz96
