|ScrapeTime|2020-01-01-06:55:29
|j|☆Gauntlets
|j|☆ttsjshhwjshhw
|player|p1|Gauntlets|flint|1566
|player|p2|ttsjshhwjshhw|unknown|1490
|teamsize|p1|6
|teamsize|p2|6
|gametype|singles
|gen|8
|tier|[Gen 8] OU
|rated|
|rule|Sleep Clause Mod: Limit one foe put to sleep
|rule|Species Clause: Limit one of each Pokémon
|rule|OHKO Clause: OHKO moves are banned
|rule|Evasion Moves Clause: Evasion moves are banned
|rule|Endless Battle Clause: Forcing endless battles is banned
|rule|HP Percentage Mod: HP is shown in percentages
|clearpoke
|poke|p1|Cinderace, F|
|poke|p1|Mandibuzz, F|
|poke|p1|Conkeldurr, F|
|poke|p1|Dracozolt|
|poke|p1|Hatterene, F|
|poke|p1|Corsola-Galar, F|
|poke|p2|Centiskorch, M|
|poke|p2|Clefable, F|
|poke|p2|Seismitoad, M|
|poke|p2|Togekiss, F|
|poke|p2|Hatterene, F|
|poke|p2|Corviknight, F|
|rule|Dynamax Clause: You cannot dynamax
|teampreview
|inactive|Battle timer is ON: inactive players will automatically lose when time's up. (requested by Gauntlets)
|
|start
|switch|p1a: Hatterene|Hatterene, F|100/100
|switch|p2a: Seismitoad|Seismitoad, M|100/100
|turn|1
|
|switch|p2a: Togekiss|Togekiss, F|100/100
|move|p1a: Hatterene|Calm Mind|p1a: Hatterene
|-boost|p1a: Hatterene|spa|1
|-boost|p1a: Hatterene|spd|1
|
|upkeep
|turn|2
|
|move|p2a: Togekiss|Air Slash|p1a: Hatterene
|-damage|p1a: Hatterene|81/100
|cant|p1a: Hatterene|flinch
|
|-heal|p1a: Hatterene|87/100|[from] item: Leftovers
|upkeep
|turn|3
|
|switch|p2a: Centiskorch|Centiskorch, M|100/100
|move|p1a: Hatterene|Draining Kiss|p2a: Centiskorch
|-resisted|p2a: Centiskorch
|-damage|p2a: Centiskorch|86/100
|-heal|p1a: Hatterene|100/100|[from] drain|[of] p2a: Centiskorch
|
|upkeep
|turn|4
|
|move|p2a: Centiskorch|Fire Lash|p1a: Hatterene
|-damage|p1a: Hatterene|62/100
|-unboost|p1a: Hatterene|def|1
|move|p1a: Hatterene|Psyshock|p2a: Centiskorch
|-damage|p2a: Centiskorch|0 fnt
|faint|p2a: Centiskorch
|
|-heal|p1a: Hatterene|68/100|[from] item: Leftovers
|upkeep
|
|switch|p2a: Hatterene|Hatterene, F|100/100
|turn|5
|
|move|p1a: Hatterene|Draining Kiss|p2a: Hatterene
|-damage|p2a: Hatterene|55/100
|-heal|p1a: Hatterene|100/100|[from] drain|[of] p2a: Hatterene
|move|p2a: Hatterene|Nuzzle|p1a: Hatterene
|-damage|p1a: Hatterene|93/100
|-status|p1a: Hatterene|par
|
|-heal|p2a: Hatterene|61/100|[from] item: Leftovers
|-heal|p1a: Hatterene|99/100 par|[from] item: Leftovers
|upkeep
|turn|6
|
|move|p2a: Hatterene|Mystical Fire|p1a: Hatterene
|-damage|p1a: Hatterene|83/100 par
|-unboost|p1a: Hatterene|spa|1
|cant|p1a: Hatterene|par
|
|-heal|p2a: Hatterene|67/100|[from] item: Leftovers
|-heal|p1a: Hatterene|89/100 par|[from] item: Leftovers
|upkeep
|turn|7
|
|switch|p2a: Clefable|Clefable, F|100/100
|switch|p1a: Cinderace|Cinderace, F|100/100
|
|upkeep
|turn|8
|
|switch|p2a: Seismitoad|Seismitoad, M|100/100
|move|p1a: Cinderace|Iron Head|p2a: Seismitoad
|-resisted|p2a: Seismitoad
|-damage|p2a: Seismitoad|87/100
|
|-heal|p2a: Seismitoad|93/100|[from] item: Leftovers
|upkeep
|turn|9
|
|switch|p1a: Hatterene|Hatterene, F|89/100 par
|move|p2a: Seismitoad|Scald|p1a: Hatterene
|-damage|p1a: Hatterene|64/100 par
|
|-heal|p2a: Seismitoad|99/100|[from] item: Leftovers
|-heal|p1a: Hatterene|70/100 par|[from] item: Leftovers
|upkeep
|turn|10
|
|switch|p2a: Clefable|Clefable, F|100/100
|cant|p1a: Hatterene|par
|
|-heal|p1a: Hatterene|76/100 par|[from] item: Leftovers
|upkeep
|turn|11
|
|switch|p1a: Cinderace|Cinderace, F|100/100
|move|p2a: Clefable|Moonblast|p1a: Cinderace
|-resisted|p1a: Cinderace
|-damage|p1a: Cinderace|78/100
|
|upkeep
|turn|12
|
|move|p1a: Cinderace|U-turn|p2a: Clefable
|-resisted|p2a: Clefable
|-damage|p2a: Clefable|83/100
|
|switch|p1a: Corsola|Corsola-Galar, F|100/100|[from]move: U-turn
|move|p2a: Clefable|Moonblast|p1a: Corsola
|-crit|p1a: Corsola
|-damage|p1a: Corsola|74/100
|
|-heal|p2a: Clefable|89/100|[from] item: Leftovers
|upkeep
|turn|13
|
|switch|p1a: Conkeldurr|Conkeldurr, F|100/100
|move|p2a: Clefable|Calm Mind|p2a: Clefable
|-boost|p2a: Clefable|spa|1
|-boost|p2a: Clefable|spd|1
|
|-heal|p2a: Clefable|95/100|[from] item: Leftovers
|-status|p1a: Conkeldurr|brn|[from] item: Flame Orb
|upkeep
|turn|14
|
|switch|p1a: Cinderace|Cinderace, F|78/100
|move|p2a: Clefable|Moonblast|p1a: Cinderace
|-resisted|p1a: Cinderace
|-damage|p1a: Cinderace|45/100
|
|-heal|p2a: Clefable|100/100|[from] item: Leftovers
|upkeep
|turn|15
|
|switch|p2a: Seismitoad|Seismitoad, M|99/100
|move|p1a: Cinderace|Pyro Ball|p2a: Seismitoad|[miss]
|-miss|p1a: Cinderace|p2a: Seismitoad
|
|-heal|p2a: Seismitoad|100/100|[from] item: Leftovers
|upkeep
|turn|16
|
|switch|p1a: Hatterene|Hatterene, F|76/100 par
|move|p2a: Seismitoad|Scald|p1a: Hatterene
|-damage|p1a: Hatterene|51/100 par
|
|-heal|p1a: Hatterene|57/100 par|[from] item: Leftovers
|upkeep
|turn|17
|
|switch|p2a: Clefable|Clefable, F|100/100
|move|p1a: Hatterene|Psyshock|p2a: Clefable
|-damage|p2a: Clefable|55/100
|
|-heal|p2a: Clefable|61/100|[from] item: Leftovers
|-heal|p1a: Hatterene|63/100 par|[from] item: Leftovers
|upkeep
|turn|18
|
|move|p2a: Clefable|Moonlight|p2a: Clefable
|-heal|p2a: Clefable|100/100
|cant|p1a: Hatterene|par
|
|-heal|p1a: Hatterene|69/100 par|[from] item: Leftovers
|upkeep
|turn|19
|
|move|p2a: Clefable|Moonblast|p1a: Hatterene
|-crit|p1a: Hatterene
|-damage|p1a: Hatterene|19/100 par
|move|p1a: Hatterene|Calm Mind|p1a: Hatterene
|-boost|p1a: Hatterene|spa|1
|-boost|p1a: Hatterene|spd|1
|
|-heal|p1a: Hatterene|25/100 par|[from] item: Leftovers
|upkeep
|turn|20
|
|move|p2a: Clefable|Moonblast|p1a: Hatterene
|-damage|p1a: Hatterene|4/100 par
|cant|p1a: Hatterene|par
|
|-heal|p1a: Hatterene|10/100 par|[from] item: Leftovers
|upkeep
|turn|21
|c|☆Gauntlets|Fuck off
|c|☆Gauntlets|Trash
|c|☆Gauntlets|If you won it was off fuckin hax u cvnt
|inactive|Gauntlets has 120 seconds left.
|
|move|p2a: Clefable|Moonblast|p1a: Hatterene
|-damage|p1a: Hatterene|0 fnt
|faint|p1a: Hatterene
|
|upkeep
|
|switch|p1a: Cinderace|Cinderace, F|45/100
|turn|22
|inactive|Gauntlets has 120 seconds left.
|
|switch|p2a: Seismitoad|Seismitoad, M|100/100
|move|p1a: Cinderace|U-turn|p2a: Seismitoad
|-damage|p2a: Seismitoad|79/100
|inactive|Gauntlets has 120 seconds left.
|
|switch|p1a: Conkeldurr|Conkeldurr, F|100/100 brn|[from]move: U-turn
|
|-heal|p2a: Seismitoad|85/100|[from] item: Leftovers
|-damage|p1a: Conkeldurr|94/100 brn|[from] brn
|upkeep
|turn|23
|
|switch|p2a: Togekiss|Togekiss, F|100/100
|move|p1a: Conkeldurr|Facade|p2a: Togekiss
|-damage|p2a: Togekiss|35/100
|
|-damage|p1a: Conkeldurr|88/100 brn|[from] brn
|upkeep
|turn|24
|
|switch|p1a: Corsola|Corsola-Galar, F|74/100
|move|p2a: Togekiss|Wish|p2a: Togekiss
|
|upkeep
|turn|25
|
|move|p2a: Togekiss|Thunder Wave|p1a: Corsola
|-status|p1a: Corsola|par
|cant|p1a: Corsola|par
|
|-heal|p2a: Togekiss|84/100|[from] move: Wish|[wisher] Togekiss
|upkeep
|turn|26
|
|switch|p2a: Clefable|Clefable, F|100/100
|move|p1a: Corsola|Stealth Rock|p2a: Clefable
|-sidestart|p2: ttsjshhwjshhw|move: Stealth Rock
|
|upkeep
|turn|27
|
|switch|p1a: Cinderace|Cinderace, F|45/100
|move|p2a: Clefable|Moonblast|p1a: Cinderace
|-resisted|p1a: Cinderace
|-damage|p1a: Cinderace|24/100
|-unboost|p1a: Cinderace|spa|1
|
|upkeep
|turn|28
|
|switch|p2a: Seismitoad|Seismitoad, M|85/100
|-damage|p2a: Seismitoad|79/100|[from] Stealth Rock
|move|p1a: Cinderace|Iron Head|p2a: Seismitoad
|-resisted|p2a: Seismitoad
|-damage|p2a: Seismitoad|66/100
|
|-heal|p2a: Seismitoad|72/100|[from] item: Leftovers
|upkeep
|turn|29
|
|switch|p1a: Conkeldurr|Conkeldurr, F|88/100 brn
|move|p2a: Seismitoad|Stealth Rock|p1a: Conkeldurr
|-sidestart|p1: Gauntlets|move: Stealth Rock
|
|-heal|p2a: Seismitoad|78/100|[from] item: Leftovers
|-damage|p1a: Conkeldurr|82/100 brn|[from] brn
|upkeep
|turn|30
|
|switch|p2a: Togekiss|Togekiss, F|84/100
|move|p1a: Conkeldurr|Drain Punch|p2a: Togekiss
|-resisted|p2a: Togekiss
|-damage|p2a: Togekiss|71/100
|-heal|p1a: Conkeldurr|89/100 brn|[from] drain|[of] p2a: Togekiss
|
|-damage|p1a: Conkeldurr|83/100 brn|[from] brn
|upkeep
|turn|31
|
|move|p2a: Togekiss|Wish|p2a: Togekiss
|move|p1a: Conkeldurr|Facade|p2a: Togekiss
|-damage|p2a: Togekiss|0 fnt
|faint|p2a: Togekiss
|
|-damage|p1a: Conkeldurr|77/100 brn|[from] brn
|upkeep
|
|switch|p2a: Clefable|Clefable, F|100/100
|turn|32
|
|switch|p1a: Corsola|Corsola-Galar, F|74/100 par
|-damage|p1a: Corsola|62/100 par|[from] Stealth Rock
|move|p2a: Clefable|Moonblast|p1a: Corsola
|-damage|p1a: Corsola|46/100 par
|
|upkeep
|turn|33
|
|move|p2a: Clefable|Calm Mind|p2a: Clefable
|-boost|p2a: Clefable|spa|1
|-boost|p2a: Clefable|spd|1
|move|p1a: Corsola|Night Shade|p2a: Clefable
|-damage|p2a: Clefable|75/100
|
|-heal|p2a: Clefable|81/100|[from] item: Leftovers
|upkeep
|turn|34
|
|move|p2a: Clefable|Calm Mind|p2a: Clefable
|-boost|p2a: Clefable|spa|1
|-boost|p2a: Clefable|spd|1
|cant|p1a: Corsola|par
|
|-heal|p2a: Clefable|87/100|[from] item: Leftovers
|upkeep
|turn|35
|
|move|p2a: Clefable|Moonblast|p1a: Corsola
|-damage|p1a: Corsola|14/100 par
|move|p1a: Corsola|Night Shade|p2a: Clefable
|-damage|p2a: Clefable|62/100
|
|-heal|p2a: Clefable|68/100|[from] item: Leftovers
|upkeep
|turn|36
|
|move|p2a: Clefable|Moonlight|p2a: Clefable
|-heal|p2a: Clefable|100/100
|move|p1a: Corsola|Night Shade|p2a: Clefable
|-damage|p2a: Clefable|75/100
|
|-heal|p2a: Clefable|81/100|[from] item: Leftovers
|upkeep
|turn|37
|
|move|p2a: Clefable|Moonblast|p1a: Corsola
|-damage|p1a: Corsola|0 fnt
|faint|p1a: Corsola
|
|-heal|p2a: Clefable|87/100|[from] item: Leftovers
|upkeep
|
|switch|p1a: Dracozolt|Dracozolt|100/100
|-damage|p1a: Dracozolt|88/100|[from] Stealth Rock
|turn|38
|
|switch|p2a: Seismitoad|Seismitoad, M|78/100
|-damage|p2a: Seismitoad|72/100|[from] Stealth Rock
|move|p1a: Dracozolt|Bolt Beak|p2a: Seismitoad
|-immune|p2a: Seismitoad
|
|-heal|p2a: Seismitoad|78/100|[from] item: Leftovers
|upkeep
|turn|39
|
|switch|p1a: Mandibuzz|Mandibuzz, F|100/100
|-damage|p1a: Mandibuzz|76/100|[from] Stealth Rock
|move|p2a: Seismitoad|Scald|p1a: Mandibuzz
|-damage|p1a: Mandibuzz|59/100
|
|-heal|p2a: Seismitoad|84/100|[from] item: Leftovers
|upkeep
|turn|40
|
|switch|p2a: Corviknight|Corviknight, F|100/100
|-damage|p2a: Corviknight|88/100|[from] Stealth Rock
|-ability|p2a: Corviknight|Pressure
|move|p1a: Mandibuzz|Defog|p2a: Corviknight
|-unboost|p2a: Corviknight|evasion|1
|-sideend|p2: ttsjshhwjshhw|Stealth Rock|[from] move: Defog|[of] p1a: Mandibuzz
|-sideend|p1: Gauntlets|Stealth Rock|[from] move: Defog|[of] p1a: Mandibuzz
|
|-heal|p2a: Corviknight|94/100|[from] item: Leftovers
|upkeep
|turn|41
|
|move|p1a: Mandibuzz|Foul Play|p2a: Corviknight
|-damage|p2a: Corviknight|78/100
|move|p2a: Corviknight|Iron Defense|p2a: Corviknight
|-boost|p2a: Corviknight|def|2
|
|-heal|p2a: Corviknight|84/100|[from] item: Leftovers
|upkeep
|turn|42
|
|move|p1a: Mandibuzz|U-turn|p2a: Corviknight
|-resisted|p2a: Corviknight
|-damage|p2a: Corviknight|83/100
|
|switch|p1a: Cinderace|Cinderace, F|24/100|[from]move: U-turn
|move|p2a: Corviknight|Iron Defense|p2a: Corviknight
|-boost|p2a: Corviknight|def|2
|
|-heal|p2a: Corviknight|89/100|[from] item: Leftovers
|upkeep
|turn|43
|
|move|p1a: Cinderace|Pyro Ball|p2a: Corviknight
|-supereffective|p2a: Corviknight
|-damage|p2a: Corviknight|37/100
|move|p2a: Corviknight|Roost|p2a: Corviknight
|-heal|p2a: Corviknight|87/100
|-singleturn|p2a: Corviknight|move: Roost
|
|-heal|p2a: Corviknight|93/100|[from] item: Leftovers
|upkeep
|turn|44
|
|move|p1a: Cinderace|Pyro Ball|p2a: Corviknight
|-supereffective|p2a: Corviknight
|-damage|p2a: Corviknight|45/100
|move|p2a: Corviknight|Body Press|p1a: Cinderace
|-damage|p1a: Cinderace|0 fnt
|faint|p1a: Cinderace
|
|-heal|p2a: Corviknight|51/100|[from] item: Leftovers
|upkeep
|
|switch|p1a: Dracozolt|Dracozolt|88/100
|turn|45
|
|move|p1a: Dracozolt|Bolt Beak|p2a: Corviknight
|-supereffective|p2a: Corviknight
|-damage|p2a: Corviknight|9/100
|move|p2a: Corviknight|Roost|p2a: Corviknight
|-heal|p2a: Corviknight|59/100
|-singleturn|p2a: Corviknight|move: Roost
|
|-heal|p2a: Corviknight|65/100|[from] item: Leftovers
|upkeep
|turn|46
|
|switch|p2a: Seismitoad|Seismitoad, M|84/100
|move|p1a: Dracozolt|Bolt Beak|p2a: Seismitoad
|-immune|p2a: Seismitoad
|
|-heal|p2a: Seismitoad|90/100|[from] item: Leftovers
|upkeep
|turn|47
|
|switch|p1a: Mandibuzz|Mandibuzz, F|59/100
|move|p2a: Seismitoad|Stealth Rock|p1a: Mandibuzz
|-sidestart|p1: Gauntlets|move: Stealth Rock
|
|-heal|p2a: Seismitoad|96/100|[from] item: Leftovers
|upkeep
|turn|48
|
|switch|p2a: Clefable|Clefable, F|87/100
|move|p1a: Mandibuzz|Defog|p2a: Clefable
|-unboost|p2a: Clefable|evasion|1
|-sideend|p1: Gauntlets|Stealth Rock|[from] move: Defog|[of] p1a: Mandibuzz
|
|-heal|p2a: Clefable|93/100|[from] item: Leftovers
|upkeep
|turn|49
|
|move|p1a: Mandibuzz|U-turn|p2a: Clefable
|-resisted|p2a: Clefable
|-damage|p2a: Clefable|87/100
|
|switch|p1a: Dracozolt|Dracozolt|88/100|[from]move: U-turn
|move|p2a: Clefable|Moonblast|p1a: Dracozolt
|-supereffective|p1a: Dracozolt
|-damage|p1a: Dracozolt|6/100
|
|-heal|p2a: Clefable|93/100|[from] item: Leftovers
|upkeep
|turn|50
|
|switch|p1a: Conkeldurr|Conkeldurr, F|77/100 brn
|switch|p2a: Hatterene|Hatterene, F|67/100
|
|-heal|p2a: Hatterene|73/100|[from] item: Leftovers
|-damage|p1a: Conkeldurr|70/100 brn|[from] brn
|upkeep
|turn|51
|
|move|p1a: Conkeldurr|Facade|p2a: Hatterene
|-damage|p2a: Hatterene|5/100
|move|p2a: Hatterene|Psychic|p1a: Conkeldurr
|-supereffective|p1a: Conkeldurr
|-damage|p1a: Conkeldurr|0 fnt
|faint|p1a: Conkeldurr
|
|-heal|p2a: Hatterene|11/100|[from] item: Leftovers
|upkeep
|c|☆Gauntlets|Fuckin bum
|c|☆Gauntlets|Kvs
|-message|Gauntlets forfeited.
|
|win|ttsjshhwjshhw
|l|☆Gauntlets
|raw|Gauntlets's rating: 1567 → 1542(-25 for losing)
|raw|ttsjshhwjshhw's rating: 1490 → 1514(+24 for winning)
