|ScrapeTime|2020-01-02-03:16:43
|j|☆nkE#Qsddasdasc
|j|☆youngsnake98
|player|p1|nkE#Qsddasdasc|camper|1200
|player|p2|youngsnake98|272|1200
|teamsize|p1|6
|teamsize|p2|6
|gametype|singles
|gen|8
|tier|[Gen 8] OU
|rated|
|rule|Sleep Clause Mod: Limit one foe put to sleep
|rule|Species Clause: Limit one of each Pokémon
|rule|OHKO Clause: OHKO moves are banned
|rule|Evasion Moves Clause: Evasion moves are banned
|rule|Endless Battle Clause: Forcing endless battles is banned
|rule|HP Percentage Mod: HP is shown in percentages
|clearpoke
|poke|p1|Corviknight, M|
|poke|p1|Cursola, M|
|poke|p1|Mr. Mime-Galar, F|
|poke|p1|Inteleon, F|
|poke|p1|Trapinch, M|
|poke|p1|Silvally-*|
|poke|p2|Corsola-Galar, F|
|poke|p2|Dragapult, F|
|poke|p2|Hatterene, F|
|poke|p2|Dracovish|
|poke|p2|Cinderace, M|
|poke|p2|Ferrothorn, F|
|rule|Dynamax Clause: You cannot dynamax
|teampreview
|
|start
|switch|p1a: Silvally|Silvally-Fairy|100/100
|switch|p2a: Ferrothorn|Ferrothorn, F|100/100
|turn|1
|inactive|Battle timer is ON: inactive players will automatically lose when time's up. (requested by nkE#Qsddasdasc)
|
|move|p1a: Silvally|Flamethrower|p2a: Ferrothorn
|-supereffective|p2a: Ferrothorn
|-damage|p2a: Ferrothorn|46/100
|move|p2a: Ferrothorn|Toxic|p1a: Silvally
|-status|p1a: Silvally|tox
|
|-damage|p1a: Silvally|94/100 tox|[from] psn
|upkeep
|turn|2
|
|switch|p2a: Dracovish|Dracovish|100/100
|move|p1a: Silvally|Flamethrower|p2a: Dracovish
|-resisted|p2a: Dracovish
|-damage|p2a: Dracovish|96/100
|
|-damage|p1a: Silvally|82/100 tox|[from] psn
|upkeep
|turn|3
|
|move|p1a: Silvally|Parting Shot|p2a: Dracovish
|-unboost|p2a: Dracovish|atk|1
|-unboost|p2a: Dracovish|spa|1
|
|switch|p1a: Corviknight|Corviknight, M|100/100|[from]move: Parting Shot
|-ability|p1a: Corviknight|Pressure
|move|p2a: Dracovish|Iron Head|p1a: Corviknight
|-resisted|p1a: Corviknight
|-damage|p1a: Corviknight|91/100
|
|-heal|p1a: Corviknight|97/100|[from] item: Leftovers
|upkeep
|turn|4
|
|switch|p2a: Ferrothorn|Ferrothorn, F|46/100
|move|p1a: Corviknight|Substitute|p1a: Corviknight
|-start|p1a: Corviknight|Substitute
|-damage|p1a: Corviknight|73/100
|
|-heal|p1a: Corviknight|79/100|[from] item: Leftovers
|upkeep
|turn|5
|
|switch|p2a: Cinderace|Cinderace, M|100/100
|move|p1a: Corviknight|Bulk Up|p1a: Corviknight
|-boost|p1a: Corviknight|atk|1
|-boost|p1a: Corviknight|def|1
|
|-heal|p1a: Corviknight|85/100|[from] item: Leftovers
|upkeep
|turn|6
|
|move|p2a: Cinderace|Pyro Ball|p1a: Corviknight
|-supereffective|p1a: Corviknight
|-end|p1a: Corviknight|Substitute
|move|p1a: Corviknight|Substitute|p1a: Corviknight
|-start|p1a: Corviknight|Substitute
|-damage|p1a: Corviknight|60/100
|
|-heal|p1a: Corviknight|66/100|[from] item: Leftovers
|upkeep
|turn|7
|
|move|p2a: Cinderace|Pyro Ball|p1a: Corviknight
|-supereffective|p1a: Corviknight
|-end|p1a: Corviknight|Substitute
|move|p1a: Corviknight|Substitute|p1a: Corviknight
|-start|p1a: Corviknight|Substitute
|-damage|p1a: Corviknight|41/100
|
|-heal|p1a: Corviknight|47/100|[from] item: Leftovers
|upkeep
|turn|8
|
|move|p2a: Cinderace|Pyro Ball|p1a: Corviknight
|-supereffective|p1a: Corviknight
|-end|p1a: Corviknight|Substitute
|move|p1a: Corviknight|Substitute|p1a: Corviknight
|-start|p1a: Corviknight|Substitute
|-damage|p1a: Corviknight|22/100
|
|-heal|p1a: Corviknight|28/100|[from] item: Leftovers
|upkeep
|turn|9
|
|move|p2a: Cinderace|Pyro Ball|p1a: Corviknight
|-supereffective|p1a: Corviknight
|-end|p1a: Corviknight|Substitute
|move|p1a: Corviknight|Roost|p1a: Corviknight
|-heal|p1a: Corviknight|78/100
|-singleturn|p1a: Corviknight|move: Roost
|
|-heal|p1a: Corviknight|84/100|[from] item: Leftovers
|upkeep
|turn|10
|-message|youngsnake98 forfeited.
|
|win|nkE#Qsddasdasc
|l|☆youngsnake98
|raw|nkE#Qsddasdasc's rating: 1200 → 1225(+25 for winning)
|raw|youngsnake98's rating: 1200 → 1175(-25 for losing)
