|ScrapeTime|2020-01-01-18:34:48
|j|☆krochti331
|j|☆Ctrl G-Max
|player|p1|krochti331|101|1474
|player|p2|Ctrl G-Max|188|1399
|teamsize|p1|6
|teamsize|p2|6
|gametype|singles
|gen|8
|tier|[Gen 8] OU
|rated|
|rule|Sleep Clause Mod: Limit one foe put to sleep
|rule|Species Clause: Limit one of each Pokémon
|rule|OHKO Clause: OHKO moves are banned
|rule|Evasion Moves Clause: Evasion moves are banned
|rule|Endless Battle Clause: Forcing endless battles is banned
|rule|HP Percentage Mod: HP is shown in percentages
|clearpoke
|poke|p1|Corviknight, M|
|poke|p1|Sylveon, F|
|poke|p1|Ditto|
|poke|p1|Mandibuzz, F|
|poke|p1|Dragapult, F|
|poke|p1|Kommo-o, M|
|poke|p2|Vanilluxe, M|
|poke|p2|Dragapult, M|
|poke|p2|Rotom-Heat|
|poke|p2|Lucario, F|
|poke|p2|Weezing-Galar, F|
|poke|p2|Seismitoad, F|
|rule|Dynamax Clause: You cannot dynamax
|teampreview
|inactive|Battle timer is ON: inactive players will automatically lose when time's up. (requested by krochti331)
|
|start
|switch|p1a: Kommo-o|Kommo-o, M, shiny|100/100
|switch|p2a: Lucario|Lucario, F|100/100
|turn|1
|
|move|p2a: Lucario|Psychic|p1a: Kommo-o
|-supereffective|p1a: Kommo-o
|-damage|p1a: Kommo-o|11/100
|move|p1a: Kommo-o|Stealth Rock|p2a: Lucario
|-sidestart|p2: Ctrl G-Max|move: Stealth Rock
|
|upkeep
|turn|2
|
|move|p2a: Lucario|Psychic|p1a: Kommo-o
|-supereffective|p1a: Kommo-o
|-damage|p1a: Kommo-o|0 fnt
|faint|p1a: Kommo-o
|
|upkeep
|
|switch|p1a: Dragapult|Dragapult, F|100/100
|turn|3
|
|switch|p2a: Seismitoad|Seismitoad, F|100/100
|-damage|p2a: Seismitoad|94/100|[from] Stealth Rock
|move|p1a: Dragapult|Flamethrower|p2a: Seismitoad
|-resisted|p2a: Seismitoad
|-damage|p2a: Seismitoad|80/100
|-damage|p1a: Dragapult|91/100|[from] item: Life Orb
|
|-heal|p2a: Seismitoad|86/100|[from] item: Leftovers
|upkeep
|turn|4
|
|switch|p1a: Sylveon|Sylveon, F|100/100
|move|p2a: Seismitoad|Toxic|p1a: Sylveon
|-status|p1a: Sylveon|tox
|
|-heal|p2a: Seismitoad|92/100|[from] item: Leftovers
|-damage|p1a: Sylveon|94/100 tox|[from] psn
|upkeep
|turn|5
|
|move|p2a: Seismitoad|Stealth Rock|p1a: Sylveon
|-sidestart|p1: krochti331|move: Stealth Rock
|move|p1a: Sylveon|Hyper Voice|p2a: Seismitoad
|-damage|p2a: Seismitoad|14/100
|-damage|p1a: Sylveon|85/100 tox|[from] item: Life Orb
|
|-heal|p2a: Seismitoad|20/100|[from] item: Leftovers
|-damage|p1a: Sylveon|72/100 tox|[from] psn
|upkeep
|turn|6
|
|move|p2a: Seismitoad|Scald|p1a: Sylveon
|-damage|p1a: Sylveon|54/100 tox
|move|p1a: Sylveon|Hyper Voice|p2a: Seismitoad
|-damage|p2a: Seismitoad|0 fnt
|-damage|p1a: Sylveon|44/100 tox|[from] item: Life Orb
|faint|p2a: Seismitoad
|
|-damage|p1a: Sylveon|26/100 tox|[from] psn
|upkeep
|
|switch|p2a: Vanilluxe|Vanilluxe, M|100/100
|-damage|p2a: Vanilluxe|76/100|[from] Stealth Rock
|-weather|Hail|[from] ability: Snow Warning|[of] p2a: Vanilluxe
|turn|7
|
|move|p2a: Vanilluxe|Blizzard|p1a: Sylveon
|-damage|p1a: Sylveon|0 fnt
|faint|p1a: Sylveon
|
|-weather|Hail|[upkeep]
|upkeep
|
|switch|p1a: Dragapult|Dragapult, F|91/100
|-damage|p1a: Dragapult|78/100|[from] Stealth Rock
|turn|8
|
|move|p2a: Vanilluxe|Blizzard|p1a: Dragapult
|-supereffective|p1a: Dragapult
|-damage|p1a: Dragapult|0 fnt
|faint|p1a: Dragapult
|
|-weather|Hail|[upkeep]
|upkeep
|-message|krochti331 forfeited.
|
|win|Ctrl G-Max
|l|☆krochti331
