|ScrapeTime|2020-01-01-23:38:48
|j|☆Devildriver
|j|☆io non sono forte
|player|p1|Devildriver|130|1103
|player|p2|io non sono forte|101|1053
|teamsize|p1|6
|teamsize|p2|6
|gametype|singles
|gen|8
|tier|[Gen 8] OU
|rated|
|rule|Sleep Clause Mod: Limit one foe put to sleep
|rule|Species Clause: Limit one of each Pokémon
|rule|OHKO Clause: OHKO moves are banned
|rule|Evasion Moves Clause: Evasion moves are banned
|rule|Endless Battle Clause: Forcing endless battles is banned
|rule|HP Percentage Mod: HP is shown in percentages
|clearpoke
|poke|p1|Torkoal, F|
|poke|p1|Arcanine, F|
|poke|p1|Excadrill, M|
|poke|p1|Heliolisk, F|
|poke|p1|Mandibuzz, F|
|poke|p1|Dusclops, F|
|poke|p2|Ferrothorn, F|
|poke|p2|Dragapult, M|
|poke|p2|Grimmsnarl, M|
|poke|p2|Rotom-Wash|
|poke|p2|Cinderace, F|
|poke|p2|Toxtricity, F|
|rule|Dynamax Clause: You cannot dynamax
|teampreview
|
|start
|switch|p1a: Mandibuzz|Mandibuzz, F|100/100
|switch|p2a: Rotom|Rotom-Wash|100/100
|turn|1
|
|move|p2a: Rotom|Trick|p1a: Mandibuzz
|-activate|p2a: Rotom|move: Trick|[of] p1a: Mandibuzz
|-item|p1a: Mandibuzz|Choice Scarf|[from] move: Trick
|-item|p2a: Rotom|Leftovers|[from] move: Trick
|move|p1a: Mandibuzz|Knock Off|p2a: Rotom
|-damage|p2a: Rotom|74/100
|-enditem|p2a: Rotom|Leftovers|[from] move: Knock Off|[of] p1a: Mandibuzz
|
|upkeep
|turn|2
|
|move|p2a: Rotom|Will-O-Wisp|p1a: Mandibuzz
|-status|p1a: Mandibuzz|brn
|move|p1a: Mandibuzz|Knock Off|p2a: Rotom
|-damage|p2a: Rotom|65/100
|
|-damage|p1a: Mandibuzz|94/100 brn|[from] brn
|upkeep
|turn|3
|
|switch|p1a: Excadrill|Excadrill, M|100/100
|-ability|p1a: Excadrill|Mold Breaker
|move|p2a: Rotom|Volt Switch|p1a: Excadrill
|-immune|p1a: Excadrill
|
|upkeep
|turn|4
|
|move|p1a: Excadrill|Earthquake|p2a: Rotom
|-supereffective|p2a: Rotom
|-damage|p2a: Rotom|0 fnt
|faint|p2a: Rotom
|
|upkeep
|inactive|Battle timer is ON: inactive players will automatically lose when time's up. (requested by Devildriver)
|
|switch|p2a: Cinderace|Cinderace, F|100/100
|turn|5
|
|move|p2a: Cinderace|High Jump Kick|p1a: Excadrill
|-supereffective|p1a: Excadrill
|-enditem|p1a: Excadrill|Focus Sash
|-damage|p1a: Excadrill|1/100
|move|p1a: Excadrill|Earthquake|p2a: Cinderace
|-supereffective|p2a: Cinderace
|-damage|p2a: Cinderace|0 fnt
|faint|p2a: Cinderace
|
|upkeep
|
|switch|p2a: Grimmsnarl|Grimmsnarl, M|100/100
|turn|6
|
|switch|p1a: Mandibuzz|Mandibuzz, F|94/100 brn
|move|p2a: Grimmsnarl|Darkest Lariat|p1a: Mandibuzz
|-resisted|p1a: Mandibuzz
|-damage|p1a: Mandibuzz|76/100 brn
|
|-damage|p1a: Mandibuzz|70/100 brn|[from] brn
|upkeep
|turn|7
|
|move|p2a: Grimmsnarl|Bulk Up|p2a: Grimmsnarl
|-boost|p2a: Grimmsnarl|atk|1
|-boost|p2a: Grimmsnarl|def|1
|move|p1a: Mandibuzz|Knock Off|p2a: Grimmsnarl
|-resisted|p2a: Grimmsnarl
|-crit|p2a: Grimmsnarl
|-damage|p2a: Grimmsnarl|95/100
|-enditem|p2a: Grimmsnarl|Leftovers|[from] move: Knock Off|[of] p1a: Mandibuzz
|
|-damage|p1a: Mandibuzz|64/100 brn|[from] brn
|upkeep
|turn|8
|
|switch|p1a: Arcanine|Arcanine, F|100/100
|-ability|p1a: Arcanine|Intimidate|boost
|-unboost|p2a: Grimmsnarl|atk|1
|move|p2a: Grimmsnarl|Bulk Up|p2a: Grimmsnarl
|-boost|p2a: Grimmsnarl|atk|1
|-boost|p2a: Grimmsnarl|def|1
|
|upkeep
|turn|9
|
|move|p1a: Arcanine|Will-O-Wisp|p2a: Grimmsnarl
|-status|p2a: Grimmsnarl|brn
|move|p2a: Grimmsnarl|Spirit Break|p1a: Arcanine
|-resisted|p1a: Arcanine
|-damage|p1a: Arcanine|83/100
|-unboost|p1a: Arcanine|spa|1
|
|-damage|p2a: Grimmsnarl|89/100 brn|[from] brn
|upkeep
|turn|10
|
|switch|p1a: Dusclops|Dusclops, F|100/100
|move|p2a: Grimmsnarl|Darkest Lariat|p1a: Dusclops
|-supereffective|p1a: Dusclops
|-damage|p1a: Dusclops|61/100
|
|-damage|p2a: Grimmsnarl|82/100 brn|[from] brn
|upkeep
|turn|11
|-message|io non sono forte forfeited.
|
|win|Devildriver
|l|☆io non sono forte
|raw|Devildriver's rating: 1076 → 1106(+30 for winning)
|raw|io non sono forte's rating: 1086 → 1063(-23 for losing)
