|ScrapeTime|2020-01-01-18:38:58
|j|☆Helpinghans
|j|☆Oulaa
|player|p1|Helpinghans|pilot|1807
|player|p2|Oulaa|acetrainer-gen2|1727
|teamsize|p1|6
|teamsize|p2|6
|gametype|singles
|gen|8
|tier|[Gen 8] OU
|rated|
|rule|Sleep Clause Mod: Limit one foe put to sleep
|rule|Species Clause: Limit one of each Pokémon
|rule|OHKO Clause: OHKO moves are banned
|rule|Evasion Moves Clause: Evasion moves are banned
|rule|Endless Battle Clause: Forcing endless battles is banned
|rule|HP Percentage Mod: HP is shown in percentages
|clearpoke
|poke|p1|Tyranitar, F|
|poke|p1|Excadrill, F|
|poke|p1|Hatterene, F|
|poke|p1|Reuniclus, M|
|poke|p1|Ferrothorn, M|
|poke|p1|Toxapex, F|
|poke|p2|Torkoal, M|
|poke|p2|Shiftry, M|
|poke|p2|Dragapult, M|
|poke|p2|Chandelure, M|
|poke|p2|Seismitoad, F|
|poke|p2|Corviknight, M|
|rule|Dynamax Clause: You cannot dynamax
|teampreview
|c|☆Oulaa|hf
|
|start
|switch|p1a: Flakviering36|Toxapex, F|100/100
|switch|p2a: Dragapult|Dragapult, M|100/100
|turn|1
|
|move|p1a: Flakviering36|Baneful Bunker|p1a: Flakviering36
|-singleturn|p1a: Flakviering36|move: Protect
|move|p2a: Dragapult|U-turn|p1a: Flakviering36
|-activate|p1a: Flakviering36|move: Protect
|-status|p2a: Dragapult|psn
|
|-damage|p2a: Dragapult|88/100 psn|[from] psn
|upkeep
|turn|2
|
|switch|p1a: StuGIII Ausf.H|Ferrothorn, M|100/100
|move|p2a: Dragapult|U-turn|p1a: StuGIII Ausf.H
|-damage|p1a: StuGIII Ausf.H|82/100
|-damage|p2a: Dragapult|76/100 psn|[from] ability: Iron Barbs|[of] p1a: StuGIII Ausf.H
|
|switch|p2a: Torkoal|Torkoal, M|100/100|[from]move: U-turn
|-weather|SunnyDay|[from] ability: Drought|[of] p2a: Torkoal
|
|-weather|SunnyDay|[upkeep]
|-heal|p1a: StuGIII Ausf.H|88/100|[from] item: Leftovers
|upkeep
|turn|3
|
|switch|p1a: Pz.KpfwVI Ausf.E|Tyranitar, F|100/100
|-weather|Sandstorm|[from] ability: Sand Stream|[of] p1a: Pz.KpfwVI Ausf.E
|move|p2a: Torkoal|Body Press|p1a: Pz.KpfwVI Ausf.E
|-supereffective|p1a: Pz.KpfwVI Ausf.E
|-damage|p1a: Pz.KpfwVI Ausf.E|0 fnt
|faint|p1a: Pz.KpfwVI Ausf.E
|
|-weather|Sandstorm|[upkeep]
|-damage|p2a: Torkoal|94/100|[from] Sandstorm
|upkeep
|
|switch|p1a: 8.8cm Flak36|Hatterene, F|100/100
|turn|4
|
|switch|p2a: Corviknight|Corviknight, M|100/100
|-ability|p2a: Corviknight|Pressure
|move|p1a: 8.8cm Flak36|Calm Mind|p1a: 8.8cm Flak36
|-boost|p1a: 8.8cm Flak36|spa|1
|-boost|p1a: 8.8cm Flak36|spd|1
|
|-weather|Sandstorm|[upkeep]
|-damage|p1a: 8.8cm Flak36|95/100|[from] Sandstorm
|-heal|p1a: 8.8cm Flak36|100/100|[from] item: Leftovers
|upkeep
|turn|5
|
|move|p2a: Corviknight|U-turn|p1a: 8.8cm Flak36
|-damage|p1a: 8.8cm Flak36|89/100
|j| gabros2002
|
|switch|p2a: Chandelure|Chandelure, M, shiny|100/100|[from]move: U-turn
|move|p1a: 8.8cm Flak36|Psychic|p2a: Chandelure
|-damage|p2a: Chandelure|13/100
|
|-weather|Sandstorm|[upkeep]
|-damage|p2a: Chandelure|7/100|[from] Sandstorm
|-damage|p1a: 8.8cm Flak36|83/100|[from] Sandstorm
|-heal|p1a: 8.8cm Flak36|89/100|[from] item: Leftovers
|upkeep
|turn|6
|
|switch|p1a: Flakviering36|Toxapex, F|100/100
|move|p2a: Chandelure|Shadow Ball|p1a: Flakviering36
|-damage|p1a: Flakviering36|45/100
|
|-weather|Sandstorm|[upkeep]
|-damage|p2a: Chandelure|0 fnt|[from] Sandstorm
|-damage|p1a: Flakviering36|39/100|[from] Sandstorm
|faint|p2a: Chandelure
|-heal|p1a: Flakviering36|45/100|[from] item: Black Sludge
|upkeep
|l| gabros2002
|
|switch|p2a: Torkoal|Torkoal, M|94/100
|-weather|SunnyDay|[from] ability: Drought|[of] p2a: Torkoal
|turn|7
|j| gueladio
|
|switch|p2a: Shiftry|Shiftry, M|100/100
|move|p1a: Flakviering36|Recover|p1a: Flakviering36
|-heal|p1a: Flakviering36|95/100
|
|-weather|SunnyDay|[upkeep]
|-heal|p1a: Flakviering36|100/100|[from] item: Black Sludge
|upkeep
|turn|8
|l| gueladio
|
|move|p2a: Shiftry|Growth|p2a: Shiftry
|-boost|p2a: Shiftry|atk|2
|-boost|p2a: Shiftry|spa|2
|move|p1a: Flakviering36|Scald|p2a: Shiftry
|-resisted|p2a: Shiftry
|-damage|p2a: Shiftry|94/100
|
|-weather|SunnyDay|[upkeep]
|upkeep
|turn|9
|
|move|p2a: Shiftry|Solar Blade||[still]
|-prepare|p2a: Shiftry|Solar Blade|p1a: Flakviering36
|-anim|p2a: Shiftry|Solar Blade|p1a: Flakviering36
|-damage|p1a: Flakviering36|4/100
|-damage|p2a: Shiftry|84/100|[from] item: Life Orb
|move|p1a: Flakviering36|Haze|p1a: Flakviering36
|-clearallboost
|
|-weather|SunnyDay|[upkeep]
|-heal|p1a: Flakviering36|10/100|[from] item: Black Sludge
|upkeep
|turn|10
|
|switch|p1a: StuGIII Ausf.H|Ferrothorn, M|88/100
|move|p2a: Shiftry|Solar Blade||[still]
|-prepare|p2a: Shiftry|Solar Blade|p1a: StuGIII Ausf.H
|-anim|p2a: Shiftry|Solar Blade|p1a: StuGIII Ausf.H
|-resisted|p1a: StuGIII Ausf.H
|-damage|p1a: StuGIII Ausf.H|77/100
|-damage|p2a: Shiftry|72/100|[from] ability: Iron Barbs|[of] p1a: StuGIII Ausf.H
|-damage|p2a: Shiftry|62/100|[from] item: Life Orb
|
|-weather|SunnyDay|[upkeep]
|-heal|p1a: StuGIII Ausf.H|84/100|[from] item: Leftovers
|upkeep
|turn|11
|
|switch|p1a: Flakviering36|Toxapex, F|43/100
|move|p2a: Shiftry|Heat Wave|p1a: Flakviering36
|-resisted|p1a: Flakviering36
|-damage|p1a: Flakviering36|27/100
|-damage|p2a: Shiftry|52/100|[from] item: Life Orb
|
|-weather|SunnyDay|[upkeep]
|-heal|p1a: Flakviering36|33/100|[from] item: Black Sludge
|upkeep
|turn|12
|
|switch|p1a: 8.8cm Flak36|Hatterene, F|89/100
|move|p2a: Shiftry|Growth|p2a: Shiftry
|-boost|p2a: Shiftry|atk|2
|-boost|p2a: Shiftry|spa|2
|
|-weather|SunnyDay|[upkeep]
|-heal|p1a: 8.8cm Flak36|95/100|[from] item: Leftovers
|upkeep
|turn|13
|
|switch|p1a: StuGIII Ausf.H|Ferrothorn, M|84/100
|move|p2a: Shiftry|Solar Blade||[still]
|-prepare|p2a: Shiftry|Solar Blade|p1a: StuGIII Ausf.H
|-anim|p2a: Shiftry|Solar Blade|p1a: StuGIII Ausf.H
|-resisted|p1a: StuGIII Ausf.H
|-damage|p1a: StuGIII Ausf.H|61/100
|-damage|p2a: Shiftry|39/100|[from] ability: Iron Barbs|[of] p1a: StuGIII Ausf.H
|-damage|p2a: Shiftry|29/100|[from] item: Life Orb
|
|-weather|SunnyDay|[upkeep]
|-heal|p1a: StuGIII Ausf.H|68/100|[from] item: Leftovers
|upkeep
|turn|14
|
|switch|p1a: Flakviering36|Toxapex, F|67/100
|move|p2a: Shiftry|Heat Wave|p1a: Flakviering36|[miss]
|-miss|p2a: Shiftry|p1a: Flakviering36
|
|-weather|none
|-heal|p1a: Flakviering36|72/100|[from] item: Black Sludge
|upkeep
|turn|15
|
|switch|p2a: Torkoal|Torkoal, M|94/100
|-weather|SunnyDay|[from] ability: Drought|[of] p2a: Torkoal
|move|p1a: Flakviering36|Recover|p1a: Flakviering36
|-heal|p1a: Flakviering36|100/100
|
|-weather|SunnyDay|[upkeep]
|upkeep
|turn|16
|
|switch|p1a: 8.8cm Flak36|Hatterene, F|95/100
|switch|p2a: Dragapult|Dragapult, M|76/100 psn
|
|-weather|SunnyDay|[upkeep]
|-heal|p1a: 8.8cm Flak36|100/100|[from] item: Leftovers
|-damage|p2a: Dragapult|64/100 psn|[from] psn
|upkeep
|turn|17
|j| gabros2002
|
|switch|p1a: Flakviering36|Toxapex, F|100/100
|move|p2a: Dragapult|Psychic Fangs|p1a: Flakviering36
|-supereffective|p1a: Flakviering36
|-damage|p1a: Flakviering36|47/100
|
|-weather|SunnyDay|[upkeep]
|-heal|p1a: Flakviering36|53/100|[from] item: Black Sludge
|-damage|p2a: Dragapult|51/100 psn|[from] psn
|upkeep
|turn|18
|l| gabros2002
|
|switch|p2a: Shiftry|Shiftry, M|29/100
|switch|p1a: StuGIII Ausf.H|Ferrothorn, M|68/100
|
|-weather|SunnyDay|[upkeep]
|-heal|p1a: StuGIII Ausf.H|74/100|[from] item: Leftovers
|upkeep
|turn|19
|
|move|p2a: Shiftry|Growth|p2a: Shiftry
|-boost|p2a: Shiftry|atk|2
|-boost|p2a: Shiftry|spa|2
|move|p1a: StuGIII Ausf.H|Body Press|p2a: Shiftry
|-supereffective|p2a: Shiftry
|-damage|p2a: Shiftry|0 fnt
|faint|p2a: Shiftry
|
|-weather|SunnyDay|[upkeep]
|-heal|p1a: StuGIII Ausf.H|80/100|[from] item: Leftovers
|upkeep
|-message|Oulaa forfeited.
|
|win|Helpinghans
|l|☆Oulaa
|raw|Helpinghans's rating: 1827 → 1842(+15 for winning)
|raw|Oulaa's rating: 1727 → 1713(-14 for losing)
