|ScrapeTime|2020-01-02-06:25:13
|j|☆juyr596
|j|☆Dwade113
|player|p1|juyr596|2|1340
|player|p2|Dwade113|1|1350
|teamsize|p1|6
|teamsize|p2|6
|gametype|singles
|gen|8
|tier|[Gen 8] OU
|rated|
|rule|Sleep Clause Mod: Limit one foe put to sleep
|rule|Species Clause: Limit one of each Pokémon
|rule|OHKO Clause: OHKO moves are banned
|rule|Evasion Moves Clause: Evasion moves are banned
|rule|Endless Battle Clause: Forcing endless battles is banned
|rule|HP Percentage Mod: HP is shown in percentages
|clearpoke
|poke|p1|Braviary, M|
|poke|p1|Dugtrio, M|
|poke|p1|Corviknight, M|
|poke|p1|Dragapult, F|
|poke|p1|Lucario, F|
|poke|p1|Hatterene, F|
|poke|p2|Hydreigon, F|
|poke|p2|Dracovish|
|poke|p2|Cinderace, M|
|poke|p2|Corviknight, M|
|poke|p2|Hatterene, F|
|poke|p2|Excadrill, M|
|rule|Dynamax Clause: You cannot dynamax
|teampreview
|inactive|Battle timer is ON: inactive players will automatically lose when time's up. (requested by juyr596)
|
|start
|switch|p1a: Dugtrio|Dugtrio, M|100/100
|switch|p2a: Excadrill|Excadrill, M|100/100
|-ability|p2a: Excadrill|Mold Breaker
|turn|1
|
|move|p1a: Dugtrio|Earthquake|p2a: Excadrill
|-supereffective|p2a: Excadrill
|-enditem|p2a: Excadrill|Focus Sash
|-damage|p2a: Excadrill|1/100
|move|p2a: Excadrill|Stealth Rock|p1a: Dugtrio
|-sidestart|p1: juyr596|move: Stealth Rock
|
|upkeep
|turn|2
|
|move|p1a: Dugtrio|Sucker Punch|p2a: Excadrill
|-damage|p2a: Excadrill|0 fnt
|faint|p2a: Excadrill
|
|upkeep
|
|switch|p2a: Dracovish|Dracovish|100/100
|turn|3
|
|move|p2a: Dracovish|Fishious Rend|p1a: Dugtrio
|-supereffective|p1a: Dugtrio
|-enditem|p1a: Dugtrio|Focus Sash
|-damage|p1a: Dugtrio|1/100
|move|p1a: Dugtrio|Earthquake|p2a: Dracovish
|-damage|p2a: Dracovish|54/100
|
|upkeep
|turn|4
|
|move|p1a: Dugtrio|Sucker Punch|p2a: Dracovish
|-damage|p2a: Dracovish|31/100
|move|p2a: Dracovish|Fishious Rend|p1a: Dugtrio
|-supereffective|p1a: Dugtrio
|-damage|p1a: Dugtrio|0 fnt
|faint|p1a: Dugtrio
|
|upkeep
|
|switch|p1a: Dragapult|Dragapult, F|100/100
|-damage|p1a: Dragapult|88/100|[from] Stealth Rock
|turn|5
|
|move|p1a: Dragapult|Shadow Ball|p2a: Dracovish
|-damage|p2a: Dracovish|0 fnt
|faint|p2a: Dracovish
|
|upkeep
|
|switch|p2a: Hydreigon|Hydreigon, F|100/100
|turn|6
|
|switch|p1a: Hatterene|Hatterene, F|100/100
|-damage|p1a: Hatterene|88/100|[from] Stealth Rock
|move|p2a: Hydreigon|Draco Meteor|p1a: Hatterene
|-immune|p1a: Hatterene
|
|-heal|p1a: Hatterene|94/100|[from] item: Leftovers
|upkeep
|turn|7
|
|switch|p2a: Cinderace|Cinderace, M|100/100
|move|p1a: Hatterene|Mystical Fire|p2a: Cinderace
|-resisted|p2a: Cinderace
|-damage|p2a: Cinderace|79/100
|-unboost|p2a: Cinderace|spa|1
|
|-heal|p1a: Hatterene|99/100|[from] item: Leftovers
|upkeep
|turn|8
|
|move|p2a: Cinderace|Pyro Ball|p1a: Hatterene
|-damage|p1a: Hatterene|36/100
|move|p1a: Hatterene|Psychic|p2a: Cinderace
|-crit|p2a: Cinderace
|-damage|p2a: Cinderace|0 fnt
|faint|p2a: Cinderace
|
|-heal|p1a: Hatterene|42/100|[from] item: Leftovers
|upkeep
|
|switch|p2a: Corviknight|Corviknight, M|100/100
|turn|9
|
|move|p2a: Corviknight|Brave Bird|p1a: Hatterene
|-damage|p1a: Hatterene|1/100
|-damage|p2a: Corviknight|90/100|[from] Recoil
|move|p1a: Hatterene|Mystical Fire|p2a: Corviknight
|-supereffective|p2a: Corviknight
|-damage|p2a: Corviknight|41/100
|-ability|p2a: Corviknight|Mirror Armor
|-unboost|p1a: Hatterene|spa|1
|
|-heal|p2a: Corviknight|47/100|[from] item: Leftovers
|-heal|p1a: Hatterene|7/100|[from] item: Leftovers
|upkeep
|turn|10
|
|switch|p1a: Lucario|Lucario, F|100/100
|-damage|p1a: Lucario|98/100|[from] Stealth Rock
|move|p2a: Corviknight|Iron Head|p1a: Lucario
|-resisted|p1a: Lucario
|-damage|p1a: Lucario|80/100
|
|-heal|p2a: Corviknight|54/100|[from] item: Leftovers
|upkeep
|turn|11
|
|move|p1a: Lucario|Nasty Plot|p1a: Lucario
|-boost|p1a: Lucario|spa|2
|move|p2a: Corviknight|Brave Bird|p1a: Lucario
|-damage|p1a: Lucario|24/100
|-damage|p2a: Corviknight|41/100|[from] Recoil
|
|-heal|p2a: Corviknight|47/100|[from] item: Leftovers
|upkeep
|turn|12
|
|move|p1a: Lucario|Aura Sphere|p2a: Corviknight
|-damage|p2a: Corviknight|0 fnt
|-damage|p1a: Lucario|14/100|[from] item: Life Orb
|faint|p2a: Corviknight
|
|upkeep
|
|switch|p2a: Hatterene|Hatterene, F|100/100
|turn|13
|
|move|p1a: Lucario|Flash Cannon|p2a: Hatterene
|-supereffective|p2a: Hatterene
|-damage|p2a: Hatterene|0 fnt
|-damage|p1a: Lucario|4/100|[from] item: Life Orb
|faint|p2a: Hatterene
|
|upkeep
|
|switch|p2a: Hydreigon|Hydreigon, F|100/100
|turn|14
|c|☆Dwade113|gg
|c|☆juyr596|gg
|
|move|p1a: Lucario|Vacuum Wave|p2a: Hydreigon
|-supereffective|p2a: Hydreigon
|-damage|p2a: Hydreigon|0 fnt
|-damage|p1a: Lucario|0 fnt|[from] item: Life Orb
|faint|p2a: Hydreigon
|faint|p1a: Lucario
|
|win|juyr596
|raw|juyr596's rating: 1340 → 1360(+20 for winning)
|raw|Dwade113's rating: 1350 → 1330(-20 for losing)
|l|☆juyr596
