|ScrapeTime|2020-01-01-16:45:51
|j|☆abkwhvjabhdvkh
|j|☆sfddfsfdsfd
|player|p1|abkwhvjabhdvkh|#gmars|1000
|player|p2|sfddfsfdsfd|266|1000
|teamsize|p1|6
|teamsize|p2|6
|gametype|singles
|gen|8
|tier|[Gen 8] OU
|rated|
|rule|Sleep Clause Mod: Limit one foe put to sleep
|rule|Species Clause: Limit one of each Pokémon
|rule|OHKO Clause: OHKO moves are banned
|rule|Evasion Moves Clause: Evasion moves are banned
|rule|Endless Battle Clause: Forcing endless battles is banned
|rule|HP Percentage Mod: HP is shown in percentages
|clearpoke
|poke|p1|Obstagoon, M|
|poke|p1|Rotom-Mow|
|poke|p1|Corviknight, F|
|poke|p1|Dragapult, F|
|poke|p1|Seismitoad, M|
|poke|p1|Sylveon, M|
|poke|p2|Mimikyu, F|
|poke|p2|Hydreigon, F|
|poke|p2|Excadrill, M|
|poke|p2|Rotom-Wash|
|poke|p2|Corviknight, F|
|poke|p2|Toxapex, M|
|rule|Dynamax Clause: You cannot dynamax
|teampreview
|inactive|Battle timer is ON: inactive players will automatically lose when time's up. (requested by sfddfsfdsfd)
|
|start
|switch|p1a: Obstagoon|Obstagoon, M|100/100
|switch|p2a: POS|Toxapex, M, shiny|100/100
|turn|1
|
|move|p1a: Obstagoon|Knock Off|p2a: POS
|-damage|p2a: POS|76/100
|-enditem|p2a: POS|Black Sludge|[from] move: Knock Off|[of] p1a: Obstagoon
|move|p2a: POS|Toxic|p1a: Obstagoon
|-status|p1a: Obstagoon|tox
|
|-damage|p1a: Obstagoon|94/100 tox|[from] psn
|upkeep
|turn|2
|
|switch|p1a: Rotom|Rotom-Mow|100/100
|move|p2a: POS|Recover|p2a: POS
|-heal|p2a: POS|100/100
|
|upkeep
|turn|3
|
|switch|p2a: Skarmory V1.5|Corviknight, F, shiny|100/100
|move|p1a: Rotom|Nasty Plot|p1a: Rotom
|-boost|p1a: Rotom|spa|2
|
|upkeep
|turn|4
|
|move|p1a: Rotom|Volt Switch|p2a: Skarmory V1.5
|-supereffective|p2a: Skarmory V1.5
|-crit|p2a: Skarmory V1.5
|-damage|p2a: Skarmory V1.5|0 fnt
|faint|p2a: Skarmory V1.5
|
|switch|p1a: Sylveon|Sylveon, M|100/100|[from]move: Volt Switch
|
|upkeep
|
|switch|p2a: Excadrillin Cider|Excadrill, M, shiny|100/100
|-ability|p2a: Excadrillin Cider|Mold Breaker
|turn|5
|
|switch|p2a: Laundry Maker|Rotom-Wash, shiny|100/100
|switch|p1a: Corviknight|Corviknight, F|100/100
|
|upkeep
|turn|6
|
|switch|p1a: Seismitoad|Seismitoad, M|100/100
|move|p2a: Laundry Maker|Will-O-Wisp|p1a: Seismitoad
|-status|p1a: Seismitoad|brn
|
|-damage|p1a: Seismitoad|94/100 brn|[from] brn
|upkeep
|turn|7
|
|switch|p2a: 3 Heads|Hydreigon, F, shiny|100/100
|move|p1a: Seismitoad|Stealth Rock|p2a: 3 Heads
|-sidestart|p2: sfddfsfdsfd|move: Stealth Rock
|
|-heal|p1a: Seismitoad|100/100 brn|[from] item: Leftovers
|-damage|p1a: Seismitoad|94/100 brn|[from] brn
|upkeep
|turn|8
|inactive|abkwhvjabhdvkh has 120 seconds left.
|
|switch|p1a: Sylveon|Sylveon, M|100/100
|move|p2a: 3 Heads|Substitute|p2a: 3 Heads
|-start|p2a: 3 Heads|Substitute
|-damage|p2a: 3 Heads|76/100
|
|-heal|p2a: 3 Heads|82/100|[from] item: Leftovers
|upkeep
|turn|9
|
|move|p2a: 3 Heads|Flash Cannon|p1a: Sylveon
|-supereffective|p1a: Sylveon
|-damage|p1a: Sylveon|71/100
|move|p1a: Sylveon|Hyper Voice|p2a: 3 Heads
|-supereffective|p2a: 3 Heads
|-damage|p2a: 3 Heads|0 fnt
|faint|p2a: 3 Heads
|
|-heal|p1a: Sylveon|77/100|[from] item: Leftovers
|upkeep
|-message|sfddfsfdsfd forfeited.
|
|win|abkwhvjabhdvkh
|l|☆sfddfsfdsfd
|raw|abkwhvjabhdvkh's rating: 1000 → 1040(+40 for winning)
|raw|sfddfsfdsfd's rating: 1000 → 1000(+0 for losing)
