|ScrapeTime|2020-01-02-00:16:50
|j|☆2beautiful2die
|j|☆yosune
|player|p1|2beautiful2die|265|1200
|player|p2|yosune|265|1149
|teamsize|p1|6
|teamsize|p2|6
|gametype|singles
|gen|8
|tier|[Gen 8] OU
|rated|
|rule|Sleep Clause Mod: Limit one foe put to sleep
|rule|Species Clause: Limit one of each Pokémon
|rule|OHKO Clause: OHKO moves are banned
|rule|Evasion Moves Clause: Evasion moves are banned
|rule|Endless Battle Clause: Forcing endless battles is banned
|rule|HP Percentage Mod: HP is shown in percentages
|clearpoke
|poke|p1|Gastrodon, F|
|poke|p1|Corviknight, F|
|poke|p1|Cinderace, M|
|poke|p1|Hydreigon, F|
|poke|p1|Gengar, F|
|poke|p1|Grimmsnarl, M|
|poke|p2|Indeedee, M|
|poke|p2|Cinderace, F|
|poke|p2|Hawlucha, F|
|poke|p2|Ferrothorn, M|
|poke|p2|Dracozolt|
|poke|p2|Mandibuzz, F|
|rule|Dynamax Clause: You cannot dynamax
|teampreview
|inactive|Battle timer is ON: inactive players will automatically lose when time's up. (requested by 2beautiful2die)
|
|start
|switch|p1a: Cinderace|Cinderace, M|100/100
|switch|p2a: Cinderace|Cinderace, F|100/100
|turn|1
|
|move|p1a: Cinderace|U-turn|p2a: Cinderace
|-resisted|p2a: Cinderace
|-damage|p2a: Cinderace|86/100
|
|switch|p1a: Gastrodon|Gastrodon, F|100/100|[from]move: U-turn
|move|p2a: Cinderace|High Jump Kick|p1a: Gastrodon|[miss]
|-miss|p2a: Cinderace|p1a: Gastrodon
|-damage|p2a: Cinderace|36/100|[from] highjumpkick
|
|upkeep
|turn|2
|
|move|p2a: Cinderace|High Jump Kick|p1a: Gastrodon
|-damage|p1a: Gastrodon|32/100
|move|p1a: Gastrodon|Earth Power|p2a: Cinderace
|-supereffective|p2a: Cinderace
|-damage|p2a: Cinderace|0 fnt
|faint|p2a: Cinderace
|
|upkeep
|c|☆yosune|fucking lame
|c|☆yosune|that shit was dead
|
|switch|p2a: Indeedee|Indeedee, M|100/100
|-fieldstart|move: Psychic Terrain|[from] ability: Psychic Surge|[of] p2a: Indeedee
|turn|3
|
|switch|p1a: Grimmsnarl|Grimmsnarl, M|100/100
|move|p2a: Indeedee|Dazzling Gleam|p1a: Grimmsnarl
|-supereffective|p1a: Grimmsnarl
|-damage|p1a: Grimmsnarl|24/100
|
|upkeep
|turn|4
|
|move|p1a: Grimmsnarl|Sucker Punch|p2a: Indeedee
|-activate|p2a: Indeedee|move: Psychic Terrain
|move|p2a: Indeedee|Dazzling Gleam|p1a: Grimmsnarl
|-supereffective|p1a: Grimmsnarl
|-damage|p1a: Grimmsnarl|0 fnt
|faint|p1a: Grimmsnarl
|
|upkeep
|
|switch|p1a: Hydreigon|Hydreigon, F|100/100
|turn|5
|
|switch|p1a: Corviknight|Corviknight, F|100/100
|-ability|p1a: Corviknight|Pressure
|switch|p2a: Mandibuzz|Mandibuzz, F|100/100
|
|upkeep
|turn|6
|
|move|p2a: Mandibuzz|Foul Play|p1a: Corviknight
|-damage|p1a: Corviknight|76/100
|move|p1a: Corviknight|Bulk Up|p1a: Corviknight
|-boost|p1a: Corviknight|atk|1
|-boost|p1a: Corviknight|def|1
|
|-heal|p1a: Corviknight|82/100|[from] item: Leftovers
|upkeep
|turn|7
|
|move|p2a: Mandibuzz|U-turn|p1a: Corviknight
|-resisted|p1a: Corviknight
|-crit|p1a: Corviknight
|-damage|p1a: Corviknight|79/100
|
|switch|p2a: Dracozolt|Dracozolt|100/100|[from]move: U-turn
|move|p1a: Corviknight|Iron Head|p2a: Dracozolt
|-resisted|p2a: Dracozolt
|-damage|p2a: Dracozolt|78/100
|
|-heal|p1a: Corviknight|85/100|[from] item: Leftovers
|-fieldend|move: Psychic Terrain
|upkeep
|turn|8
|
|switch|p1a: Gastrodon|Gastrodon, F|32/100
|move|p2a: Dracozolt|Bolt Beak|p1a: Gastrodon
|-immune|p1a: Gastrodon
|
|upkeep
|turn|9
|
|switch|p2a: Indeedee|Indeedee, M|100/100
|-fieldstart|move: Psychic Terrain|[from] ability: Psychic Surge|[of] p2a: Indeedee
|move|p1a: Gastrodon|Ice Beam|p2a: Indeedee
|-damage|p2a: Indeedee|62/100
|
|upkeep
|turn|10
|
|move|p2a: Indeedee|Psychic|p1a: Gastrodon
|-damage|p1a: Gastrodon|0 fnt
|faint|p1a: Gastrodon
|
|upkeep
|
|switch|p1a: Hydreigon|Hydreigon, F|100/100
|turn|11
|
|switch|p2a: Mandibuzz|Mandibuzz, F|100/100
|move|p1a: Hydreigon|Substitute|p1a: Hydreigon
|-start|p1a: Hydreigon|Substitute
|-damage|p1a: Hydreigon|76/100
|
|-heal|p1a: Hydreigon|82/100|[from] item: Leftovers
|upkeep
|turn|12
|
|move|p1a: Hydreigon|Nasty Plot|p1a: Hydreigon
|-boost|p1a: Hydreigon|spa|2
|move|p2a: Mandibuzz|U-turn|p1a: Hydreigon
|-supereffective|p1a: Hydreigon
|-end|p1a: Hydreigon|Substitute
|
|switch|p2a: Hawlucha|Hawlucha, F|100/100|[from]move: U-turn
|-enditem|p2a: Hawlucha|Psychic Seed
|-boost|p2a: Hawlucha|spd|1
|
|-heal|p1a: Hydreigon|88/100|[from] item: Leftovers
|upkeep
|turn|13
|
|switch|p1a: Gengar|Gengar, F|100/100
|move|p2a: Hawlucha|Close Combat|p1a: Gengar
|-immune|p1a: Gengar
|
|-fieldend|move: Psychic Terrain
|upkeep
|turn|14
|
|move|p2a: Hawlucha|Swords Dance|p2a: Hawlucha
|-boost|p2a: Hawlucha|atk|2
|move|p1a: Gengar|Shadow Ball|p2a: Hawlucha
|-damage|p2a: Hawlucha|60/100
|
|upkeep
|turn|15
|
|switch|p1a: Corviknight|Corviknight, F|85/100
|-ability|p1a: Corviknight|Pressure
|move|p2a: Hawlucha|Brave Bird|p1a: Corviknight
|-resisted|p1a: Corviknight
|-damage|p1a: Corviknight|44/100
|-damage|p2a: Hawlucha|42/100|[from] Recoil
|
|-heal|p1a: Corviknight|50/100|[from] item: Leftovers
|upkeep
|turn|16
|
|move|p2a: Hawlucha|Thunder Punch|p1a: Corviknight
|-supereffective|p1a: Corviknight
|-damage|p1a: Corviknight|0 fnt
|faint|p1a: Corviknight
|
|upkeep
|-message|2beautiful2die forfeited.
|
|win|yosune
|l|☆2beautiful2die
|raw|2beautiful2die's rating: 1176 → 1149(-27 for losing)
|raw|yosune's rating: 1149 → 1176(+27 for winning)
