|ScrapeTime|2020-01-02-00:36:27
|j|☆Gen1nur
|j|☆A1-andy
|player|p1|Gen1nur|ash|1413
|player|p2|A1-andy|chuck|1454
|teamsize|p1|6
|teamsize|p2|6
|gametype|singles
|gen|8
|tier|[Gen 8] OU
|rated|
|rule|Sleep Clause Mod: Limit one foe put to sleep
|rule|Species Clause: Limit one of each Pokémon
|rule|OHKO Clause: OHKO moves are banned
|rule|Evasion Moves Clause: Evasion moves are banned
|rule|Endless Battle Clause: Forcing endless battles is banned
|rule|HP Percentage Mod: HP is shown in percentages
|clearpoke
|poke|p1|Dragapult, M|
|poke|p1|Mandibuzz, F|
|poke|p1|Ferrothorn, M|
|poke|p1|Cinderace, M|
|poke|p1|Cloyster, F|
|poke|p1|Hatterene, F|
|poke|p2|Togekiss, F|
|poke|p2|Cinderace, M|
|poke|p2|Rotom-Wash|
|poke|p2|Ferrothorn, M|
|poke|p2|Hydreigon, M|
|poke|p2|Hatterene, F|
|rule|Dynamax Clause: You cannot dynamax
|teampreview
|inactive|Battle timer is ON: inactive players will automatically lose when time's up. (requested by A1-andy)
|
|start
|switch|p1a: Mandibuzz|Mandibuzz, F|100/100
|switch|p2a: Cinderace|Cinderace, M|100/100
|turn|1
|
|move|p2a: Cinderace|Pyro Ball|p1a: Mandibuzz
|-damage|p1a: Mandibuzz|69/100
|move|p1a: Mandibuzz|Foul Play|p2a: Cinderace
|-damage|p2a: Cinderace|32/100
|
|upkeep
|turn|2
|
|switch|p2a: Hydreigon|Hydreigon, M, shiny|100/100
|move|p1a: Mandibuzz|Roost|p1a: Mandibuzz
|-heal|p1a: Mandibuzz|100/100
|-singleturn|p1a: Mandibuzz|move: Roost
|
|upkeep
|turn|3
|
|move|p2a: Hydreigon|Dragon Dance|p2a: Hydreigon
|-boost|p2a: Hydreigon|atk|1
|-boost|p2a: Hydreigon|spe|1
|move|p1a: Mandibuzz|Roost||[still]
|-fail|p1a: Mandibuzz|heal
|
|upkeep
|turn|4
|
|move|p2a: Hydreigon|Flash Cannon|p1a: Mandibuzz
|-damage|p1a: Mandibuzz|72/100
|-damage|p2a: Hydreigon|91/100|[from] item: Life Orb
|move|p1a: Mandibuzz|Toxic|p2a: Hydreigon
|-status|p2a: Hydreigon|tox
|
|-damage|p2a: Hydreigon|84/100 tox|[from] psn
|upkeep
|turn|5
|
|switch|p2a: Rotom|Rotom-Wash|100/100
|move|p1a: Mandibuzz|Roost|p1a: Mandibuzz
|-heal|p1a: Mandibuzz|100/100
|-singleturn|p1a: Mandibuzz|move: Roost
|
|upkeep
|turn|6
|
|switch|p1a: Ferrothorn|Ferrothorn, M|100/100
|move|p2a: Rotom|Discharge|p1a: Ferrothorn
|-resisted|p1a: Ferrothorn
|-damage|p1a: Ferrothorn|88/100
|
|-heal|p1a: Ferrothorn|94/100|[from] item: Leftovers
|upkeep
|turn|7
|
|move|p2a: Rotom|Volt Switch|p1a: Ferrothorn
|-resisted|p1a: Ferrothorn
|-crit|p1a: Ferrothorn
|-damage|p1a: Ferrothorn|78/100
|
|switch|p2a: Hatterene|Hatterene, F|100/100|[from]move: Volt Switch
|move|p1a: Ferrothorn|Thunder Wave|p2a: Hatterene
|move|p2a: Hatterene|Thunder Wave|p1a: Ferrothorn|[from]Magic Bounce
|-status|p1a: Ferrothorn|par
|
|-heal|p1a: Ferrothorn|84/100 par|[from] item: Leftovers
|upkeep
|turn|8
|
|switch|p1a: Hatterene|Hatterene, F, shiny|100/100
|move|p2a: Hatterene|Trick Room|p2a: Hatterene
|-fieldstart|move: Trick Room|[of] p2a: Hatterene
|
|upkeep
|turn|9
|
|move|p2a: Hatterene|Mystical Fire|p1a: Hatterene
|-damage|p1a: Hatterene|59/100
|-unboost|p1a: Hatterene|spa|1
|-damage|p2a: Hatterene|91/100|[from] item: Life Orb
|move|p1a: Hatterene|Calm Mind|p1a: Hatterene
|-boost|p1a: Hatterene|spa|1
|-boost|p1a: Hatterene|spd|1
|
|upkeep
|turn|10
|
|move|p2a: Hatterene|Dazzling Gleam|p1a: Hatterene
|-damage|p1a: Hatterene|18/100
|-damage|p2a: Hatterene|81/100|[from] item: Life Orb
|move|p1a: Hatterene|Calm Mind|p1a: Hatterene
|-boost|p1a: Hatterene|spa|1
|-boost|p1a: Hatterene|spd|1
|
|upkeep
|turn|11
|c|☆Gen1nur|dayum fuhked
|
|move|p2a: Hatterene|Dazzling Gleam|p1a: Hatterene
|-damage|p1a: Hatterene|0 fnt
|-damage|p2a: Hatterene|71/100|[from] item: Life Orb
|faint|p1a: Hatterene
|
|upkeep
|c|☆Gen1nur|moved last every time
|
|switch|p1a: Dragapult|Dragapult, M|100/100
|turn|12
|c|☆A1-andy|Cuz I have waay lesss speed goody
|c|☆A1-andy|Goofy
|c|☆Gen1nur|impossible
|
|move|p2a: Hatterene|Dazzling Gleam|p1a: Dragapult
|-supereffective|p1a: Dragapult
|-enditem|p1a: Dragapult|Focus Sash
|-damage|p1a: Dragapult|1/100
|-damage|p2a: Hatterene|62/100|[from] item: Life Orb
|move|p1a: Dragapult|Dragon Dance|p1a: Dragapult
|-boost|p1a: Dragapult|atk|1
|-boost|p1a: Dragapult|spe|1
|
|-fieldend|move: Trick Room
|upkeep
|turn|13
|c|☆Gen1nur|i'm - speed
|
|move|p1a: Dragapult|Phantom Force||[still]
|-prepare|p1a: Dragapult|Phantom Force|p2a: Hatterene
|move|p2a: Hatterene|Trick Room|p2a: Hatterene
|-fieldstart|move: Trick Room|[of] p2a: Hatterene
|
|upkeep
|turn|14
|c|☆Gen1nur|you can swap here if y'want
|c|☆A1-andy|Yea but not like mine
|inactive|A1-andy has 120 seconds left.
|c|☆Gen1nur|hahahaha
|
|move|p2a: Hatterene|Mystical Fire|p1a: Dragapult|[miss]
|-miss|p2a: Hatterene|p1a: Dragapult
|move|p1a: Dragapult|Phantom Force|p2a: Hatterene|[from]lockedmove
|-supereffective|p2a: Hatterene
|-crit|p2a: Hatterene
|-damage|p2a: Hatterene|0 fnt
|faint|p2a: Hatterene
|
|upkeep
|
|switch|p2a: Ferrothorn|Ferrothorn, M, shiny|100/100
|turn|15
|
|switch|p1a: Ferrothorn|Ferrothorn, M|84/100 par
|move|p2a: Ferrothorn|Knock Off|p1a: Ferrothorn
|-damage|p1a: Ferrothorn|64/100 par
|-damage|p2a: Ferrothorn|88/100|[from] ability: Iron Barbs|[of] p1a: Ferrothorn
|-enditem|p1a: Ferrothorn|Leftovers|[from] move: Knock Off|[of] p2a: Ferrothorn
|
|upkeep
|turn|16
|c|☆A1-andy|How much Spees does your hatterene have
|c|☆Gen1nur|the minimum
|c|☆Gen1nur|it was a speed tie
|inactive|A1-andy has 120 seconds left.
|c|☆Gen1nur|it's 50-50 who goes first
|c|☆A1-andy|Did u minus the eves ?!!!! Your fucking wrong dude u have 0 EVs I didn't wanna tell u
|c|☆A1-andy|U don't know how to play that's why
|inactive|A1-andy has 90 seconds left.
|
|move|p1a: Ferrothorn|Thunder Wave|p2a: Ferrothorn
|-status|p2a: Ferrothorn|par
|move|p2a: Ferrothorn|Body Press|p1a: Ferrothorn
|-supereffective|p1a: Ferrothorn
|-damage|p1a: Ferrothorn|29/100 par
|-damage|p2a: Ferrothorn|75/100 par|[from] ability: Iron Barbs|[of] p1a: Ferrothorn
|
|upkeep
|turn|17
|c|☆Gen1nur|haha
|c|☆Gen1nur|i see
|inactive|A1-andy has 90 seconds left.
|c|☆Gen1nur|well i'm glad i have you to teach me
|c|☆Gen1nur|xD
|
|move|p2a: Ferrothorn|Body Press|p1a: Ferrothorn
|-supereffective|p1a: Ferrothorn
|-damage|p1a: Ferrothorn|0 fnt
|-damage|p2a: Ferrothorn|63/100 par|[from] ability: Iron Barbs|[of] p1a: Ferrothorn
|faint|p1a: Ferrothorn
|
|-fieldend|move: Trick Room
|upkeep
|c|☆A1-andy|Lol
|inactive|Gen1nur has 120 seconds left.
|c|☆A1-andy|I always go first ALWAYS
|
|switch|p1a: Cloyster|Cloyster, F|100/100
|turn|18
|
|move|p1a: Cloyster|Shell Smash|p1a: Cloyster
|-unboost|p1a: Cloyster|def|1
|-unboost|p1a: Cloyster|spd|1
|-boost|p1a: Cloyster|atk|2
|-boost|p1a: Cloyster|spa|2
|-boost|p1a: Cloyster|spe|2
|move|p2a: Ferrothorn|Gyro Ball|p1a: Cloyster
|-damage|p1a: Cloyster|15/100
|
|upkeep
|turn|19
|c|☆Gen1nur|parahax?
|c|☆Gen1nur|no parahax
|c|☆Gen1nur|good thing i survived
|inactive|Gen1nur has 120 seconds left.
|
|move|p1a: Cloyster|Icicle Spear|p2a: Ferrothorn
|-damage|p2a: Ferrothorn|49/100 par
|-damage|p2a: Ferrothorn|32/100 par
|-damage|p2a: Ferrothorn|16/100 par
|-damage|p2a: Ferrothorn|2/100 par
|-damage|p2a: Ferrothorn|0 fnt
|-hitcount|p2a: Ferrothorn|5
|faint|p2a: Ferrothorn
|
|upkeep
|
|switch|p2a: Cinderace|Cinderace, M|32/100
|turn|20
|
|move|p2a: Cinderace|Sucker Punch|p1a: Cloyster
|-damage|p1a: Cloyster|0 fnt
|faint|p1a: Cloyster
|
|upkeep
|
|switch|p1a: Dragapult|Dragapult, M|1/100
|turn|21
|
|move|p2a: Cinderace|Sucker Punch||[still]
|-fail|p2a: Cinderace
|move|p1a: Dragapult|Dragon Dance|p1a: Dragapult
|-boost|p1a: Dragapult|atk|1
|-boost|p1a: Dragapult|spe|1
|
|upkeep
|turn|22
|
|move|p1a: Dragapult|Sucker Punch|p2a: Cinderace
|-damage|p2a: Cinderace|0 fnt
|faint|p2a: Cinderace
|
|upkeep
|
|switch|p2a: Rotom|Rotom-Wash|100/100
|turn|23
|
|move|p1a: Dragapult|Dragon Darts|p2a: Rotom
|-damage|p2a: Rotom|56/100
|-damage|p2a: Rotom|18/100
|-hitcount|p2a: Rotom|2
|move|p2a: Rotom|Shadow Ball|p1a: Dragapult
|-supereffective|p1a: Dragapult
|-damage|p1a: Dragapult|0 fnt
|faint|p1a: Dragapult
|
|upkeep
|
|switch|p1a: Cinderace|Cinderace, M|100/100
|turn|24
|c|☆A1-andy|Gg ur gunna fall short though
|c|☆A1-andy|Lol
|c|☆Gen1nur|thanks!
|c|☆Gen1nur|gg to you too!
|inactive|Gen1nur has 120 seconds left.
|
|move|p1a: Cinderace|Pyro Ball|p2a: Rotom
|-resisted|p2a: Rotom
|-damage|p2a: Rotom|0 fnt
|faint|p2a: Rotom
|
|upkeep
|
|switch|p2a: Hydreigon|Hydreigon, M, shiny|84/100 tox
|turn|25
|
|switch|p1a: Mandibuzz|Mandibuzz, F|100/100
|move|p2a: Hydreigon|Dark Pulse|p1a: Mandibuzz
|-resisted|p1a: Mandibuzz
|-damage|p1a: Mandibuzz|79/100
|-damage|p2a: Hydreigon|75/100 tox|[from] item: Life Orb
|
|-damage|p2a: Hydreigon|68/100 tox|[from] psn
|upkeep
|turn|26
|
|switch|p2a: Togekiss|Togekiss, F, shiny|100/100
|move|p1a: Mandibuzz|Toxic|p2a: Togekiss
|-status|p2a: Togekiss|tox
|
|-damage|p2a: Togekiss|94/100 tox|[from] psn
|upkeep
|turn|27
|
|switch|p1a: Cinderace|Cinderace, M|100/100
|move|p2a: Togekiss|Thunder Wave|p1a: Cinderace
|-status|p1a: Cinderace|par
|
|-damage|p2a: Togekiss|82/100 tox|[from] psn
|upkeep
|turn|28
|
|switch|p2a: Hydreigon|Hydreigon, M, shiny|68/100 tox
|move|p1a: Cinderace|Iron Head|p2a: Hydreigon
|-damage|p2a: Hydreigon|23/100 tox
|
|-damage|p2a: Hydreigon|16/100 tox|[from] psn
|upkeep
|turn|29
|
|switch|p1a: Mandibuzz|Mandibuzz, F|79/100
|move|p2a: Hydreigon|Dark Pulse|p1a: Mandibuzz
|-resisted|p1a: Mandibuzz
|-damage|p1a: Mandibuzz|56/100
|-damage|p2a: Hydreigon|7/100 tox|[from] item: Life Orb
|
|-damage|p2a: Hydreigon|0 fnt|[from] psn
|faint|p2a: Hydreigon
|upkeep
|
|switch|p2a: Togekiss|Togekiss, F, shiny|82/100 tox
|turn|30
|
|move|p2a: Togekiss|Dazzling Gleam|p1a: Mandibuzz
|-supereffective|p1a: Mandibuzz
|-damage|p1a: Mandibuzz|0 fnt
|faint|p1a: Mandibuzz
|
|-damage|p2a: Togekiss|76/100 tox|[from] psn
|upkeep
|
|switch|p1a: Cinderace|Cinderace, M|100/100 par
|turn|31
|
|move|p2a: Togekiss|Dazzling Gleam|p1a: Cinderace
|-resisted|p1a: Cinderace
|-damage|p1a: Cinderace|71/100 par
|move|p1a: Cinderace|Pyro Ball|p2a: Togekiss
|-damage|p2a: Togekiss|0 fnt
|faint|p2a: Togekiss
|
|win|Gen1nur
|l|☆A1-andy
|c|☆Gen1nur|gg
|raw|Gen1nur's rating: 1413 → 1435(+22 for winning)
|raw|A1-andy's rating: 1454 → 1432(-22 for losing)
