|ScrapeTime|2020-01-01-23:55:15
|j|☆Electra94
|j|☆Grinwald Krieg
|player|p1|Electra94|101|1068
|player|p2|Grinwald Krieg|mina|1057
|teamsize|p1|6
|teamsize|p2|6
|gametype|singles
|gen|8
|tier|[Gen 8] OU
|rated|
|rule|Sleep Clause Mod: Limit one foe put to sleep
|rule|Species Clause: Limit one of each Pokémon
|rule|OHKO Clause: OHKO moves are banned
|rule|Evasion Moves Clause: Evasion moves are banned
|rule|Endless Battle Clause: Forcing endless battles is banned
|rule|HP Percentage Mod: HP is shown in percentages
|clearpoke
|poke|p1|Ferrothorn, F|
|poke|p1|Hawlucha, F|
|poke|p1|Tyranitar, F|
|poke|p1|Snorlax, F|
|poke|p1|Jellicent, F|
|poke|p1|Hydreigon, M|
|poke|p2|Cloyster, M|
|poke|p2|Dragapult, M|
|poke|p2|Cinderace, M|
|poke|p2|Clefable, F|
|poke|p2|Aegislash, M|
|poke|p2|Seismitoad, M|
|rule|Dynamax Clause: You cannot dynamax
|teampreview
|inactive|Battle timer is ON: inactive players will automatically lose when time's up. (requested by Grinwald Krieg)
|
|start
|switch|p1a: Hawlucha|Hawlucha, F|100/100
|switch|p2a: Aegislash|Aegislash, M|100/100
|-ability|p1a: Hawlucha|Mold Breaker
|turn|1
|
|move|p1a: Hawlucha|U-turn|p2a: Aegislash
|-resisted|p2a: Aegislash
|-damage|p2a: Aegislash|96/100
|
|switch|p1a: Ferrothorn|Ferrothorn, F|100/100|[from]move: U-turn
|move|p2a: Aegislash|Swords Dance|p2a: Aegislash
|-boost|p2a: Aegislash|atk|2
|
|-heal|p2a: Aegislash|100/100|[from] item: Leftovers
|upkeep
|turn|2
|inactive|Grinwald Krieg has 120 seconds left.
|
|move|p2a: Aegislash|Swords Dance|p2a: Aegislash
|-boost|p2a: Aegislash|atk|2
|move|p1a: Ferrothorn|Thunder Wave|p2a: Aegislash
|-status|p2a: Aegislash|par
|
|upkeep
|turn|3
|
|-formechange|p2a: Aegislash|Aegislash-Blade||[from] ability: Stance Change
|move|p2a: Aegislash|Close Combat|p1a: Ferrothorn
|-supereffective|p1a: Ferrothorn
|-damage|p1a: Ferrothorn|0 fnt
|-damage|p2a: Aegislash|88/100 par|[from] ability: Iron Barbs|[of] p1a: Ferrothorn
|-damage|p2a: Aegislash|71/100 par|[from] item: Rocky Helmet|[of] p1a: Ferrothorn
|-unboost|p2a: Aegislash|def|1
|-unboost|p2a: Aegislash|spd|1
|faint|p1a: Ferrothorn
|
|-heal|p2a: Aegislash|78/100 par|[from] item: Leftovers
|upkeep
|
|switch|p1a: Hydreigon|Hydreigon, M|100/100
|turn|4
|
|move|p2a: Aegislash|Shadow Sneak|p1a: Hydreigon
|-resisted|p1a: Hydreigon
|-damage|p1a: Hydreigon|61/100
|move|p1a: Hydreigon|Fire Blast|p2a: Aegislash|[miss]
|-miss|p1a: Hydreigon|p2a: Aegislash
|
|-heal|p1a: Hydreigon|67/100|[from] item: Leftovers
|-heal|p2a: Aegislash|84/100 par|[from] item: Leftovers
|upkeep
|turn|5
|inactive|Grinwald Krieg has 120 seconds left.
|-message|Electra94 forfeited.
|
|win|Grinwald Krieg
|l|☆Electra94
|raw|Electra94's rating: 1069 → 1048(-21 for losing)
|raw|Grinwald Krieg's rating: 1057 → 1090(+33 for winning)
