|ScrapeTime|2020-01-01-17:45:15
|j|☆Einepastittv
|j|☆Rodikar
|player|p1|Einepastittv|veteran-gen4|1101
|player|p2|Rodikar|2|1092
|teamsize|p1|6
|teamsize|p2|6
|gametype|singles
|gen|8
|tier|[Gen 8] OU
|rated|
|rule|Sleep Clause Mod: Limit one foe put to sleep
|rule|Species Clause: Limit one of each Pokémon
|rule|OHKO Clause: OHKO moves are banned
|rule|Evasion Moves Clause: Evasion moves are banned
|rule|Endless Battle Clause: Forcing endless battles is banned
|rule|HP Percentage Mod: HP is shown in percentages
|clearpoke
|poke|p1|Dracovish|
|poke|p1|Dhelmise|
|poke|p1|Toxtricity-Low-Key, M|
|poke|p1|Sylveon, M|
|poke|p1|Seismitoad, M|
|poke|p1|Cinderace, M|
|poke|p2|Togekiss, F|
|poke|p2|Cinderace, F|
|poke|p2|Grimmsnarl, M|
|poke|p2|Golisopod, F|
|poke|p2|Corviknight, F|
|poke|p2|Tyranitar, M|
|rule|Dynamax Clause: You cannot dynamax
|teampreview
|j| R. Irving
|inactive|Battle timer is ON: inactive players will automatically lose when time's up. (requested by Rodikar)
|
|start
|switch|p1a: Toxtricity|Toxtricity-Low-Key, M|100/100
|switch|p2a: Tyranitar|Tyranitar, M|100/100
|-ability|p2a: Tyranitar|Unnerve|p1: Einepastittv
|turn|1
|
|switch|p1a: Seismitoad|Seismitoad, M|100/100
|move|p2a: Tyranitar|Stealth Rock|p1a: Seismitoad
|-sidestart|p1: Einepastittv|move: Stealth Rock
|
|upkeep
|turn|2
|
|switch|p2a: Corviknight|Corviknight, F|100/100
|-ability|p2a: Corviknight|Pressure
|move|p1a: Seismitoad|Stealth Rock|p2a: Corviknight
|-sidestart|p2: Rodikar|move: Stealth Rock
|
|upkeep
|turn|3
|
|move|p2a: Corviknight|Bulk Up|p2a: Corviknight
|-boost|p2a: Corviknight|atk|1
|-boost|p2a: Corviknight|def|1
|move|p1a: Seismitoad|Scald|p2a: Corviknight
|-damage|p2a: Corviknight|82/100
|
|-heal|p2a: Corviknight|88/100|[from] item: Leftovers
|upkeep
|turn|4
|
|move|p2a: Corviknight|Bulk Up|p2a: Corviknight
|-boost|p2a: Corviknight|atk|1
|-boost|p2a: Corviknight|def|1
|move|p1a: Seismitoad|Scald|p2a: Corviknight
|-damage|p2a: Corviknight|68/100
|
|-heal|p2a: Corviknight|74/100|[from] item: Leftovers
|upkeep
|turn|5
|
|switch|p1a: Toxtricity|Toxtricity-Low-Key, M|100/100
|-damage|p1a: Toxtricity|88/100|[from] Stealth Rock
|move|p2a: Corviknight|Light Screen|p2a: Corviknight
|-sidestart|p2: Rodikar|move: Light Screen
|
|-heal|p2a: Corviknight|81/100|[from] item: Leftovers
|upkeep
|turn|6
|
|move|p1a: Toxtricity|Overdrive|p2a: Corviknight
|-supereffective|p2a: Corviknight
|-damage|p2a: Corviknight|29/100
|move|p2a: Corviknight|Iron Head|p1a: Toxtricity
|-resisted|p1a: Toxtricity
|-damage|p1a: Toxtricity|42/100
|
|-heal|p2a: Corviknight|35/100|[from] item: Leftovers
|upkeep
|turn|7
|
|move|p1a: Toxtricity|Overdrive|p2a: Corviknight
|-supereffective|p2a: Corviknight
|-damage|p2a: Corviknight|0 fnt
|faint|p2a: Corviknight
|
|upkeep
|
|switch|p2a: Tyranitar|Tyranitar, M|100/100
|-ability|p2a: Tyranitar|Unnerve|p1: Einepastittv
|-damage|p2a: Tyranitar|88/100|[from] Stealth Rock
|turn|8
|
|switch|p1a: Seismitoad|Seismitoad, M|100/100
|-damage|p1a: Seismitoad|94/100|[from] Stealth Rock
|move|p2a: Tyranitar|Earthquake|p1a: Seismitoad
|-damage|p1a: Seismitoad|69/100
|
|-heal|p1a: Seismitoad|75/100|[from] item: Leftovers
|-heal|p2a: Tyranitar|94/100|[from] item: Leftovers
|upkeep
|turn|9
|
|switch|p2a: Golisopod|Golisopod, F|100/100
|-damage|p2a: Golisopod|76/100|[from] Stealth Rock
|move|p1a: Seismitoad|Toxic|p2a: Golisopod
|-status|p2a: Golisopod|tox
|
|-heal|p1a: Seismitoad|81/100|[from] item: Leftovers
|-heal|p2a: Golisopod|82/100 tox|[from] item: Leftovers
|-damage|p2a: Golisopod|76/100 tox|[from] psn
|-sideend|p2: Rodikar|move: Light Screen
|upkeep
|turn|10
|
|switch|p1a: Sylveon|Sylveon, M|100/100
|-damage|p1a: Sylveon|88/100|[from] Stealth Rock
|move|p2a: Golisopod|Leech Life|p1a: Sylveon
|-resisted|p1a: Sylveon
|-damage|p1a: Sylveon|71/100
|-heal|p2a: Golisopod|85/100 tox|[from] drain|[of] p1a: Sylveon
|
|-heal|p1a: Sylveon|77/100|[from] item: Leftovers
|-heal|p2a: Golisopod|91/100 tox|[from] item: Leftovers
|-damage|p2a: Golisopod|79/100 tox|[from] psn
|upkeep
|turn|11
|
|move|p1a: Sylveon|Hyper Voice|p2a: Golisopod
|-damage|p2a: Golisopod|42/100 tox
|-activate|p2a: Golisopod|ability: Emergency Exit
|
|switch|p2a: Grimmsnarl|Grimmsnarl, M|100/100
|-damage|p2a: Grimmsnarl|88/100|[from] Stealth Rock
|
|-heal|p1a: Sylveon|83/100|[from] item: Leftovers
|-heal|p2a: Grimmsnarl|94/100|[from] item: Leftovers
|upkeep
|turn|12
|inactive|Einepastittv has 120 seconds left.
|
|move|p2a: Grimmsnarl|Light Screen|p2a: Grimmsnarl
|-sidestart|p2: Rodikar|move: Light Screen
|move|p1a: Sylveon|Hyper Voice|p2a: Grimmsnarl
|-supereffective|p2a: Grimmsnarl
|-damage|p2a: Grimmsnarl|57/100
|
|-heal|p1a: Sylveon|89/100|[from] item: Leftovers
|-heal|p2a: Grimmsnarl|63/100|[from] item: Leftovers
|upkeep
|turn|13
|
|move|p2a: Grimmsnarl|Sucker Punch||[still]
|-fail|p2a: Grimmsnarl
|move|p1a: Sylveon|Wish|p1a: Sylveon
|
|-heal|p1a: Sylveon|95/100|[from] item: Leftovers
|-heal|p2a: Grimmsnarl|69/100|[from] item: Leftovers
|upkeep
|turn|14
|
|move|p1a: Sylveon|Hyper Voice|p2a: Grimmsnarl
|-supereffective|p2a: Grimmsnarl
|-damage|p2a: Grimmsnarl|33/100
|move|p2a: Grimmsnarl|Spirit Break|p1a: Sylveon
|-damage|p1a: Sylveon|66/100
|-unboost|p1a: Sylveon|spa|1
|
|-heal|p1a: Sylveon|100/100|[from] move: Wish|[wisher] Sylveon
|-heal|p2a: Grimmsnarl|39/100|[from] item: Leftovers
|upkeep
|turn|15
|
|move|p1a: Sylveon|Wish|p1a: Sylveon
|move|p2a: Grimmsnarl|Spirit Break|p1a: Sylveon
|-damage|p1a: Sylveon|70/100
|-unboost|p1a: Sylveon|spa|1
|
|-heal|p1a: Sylveon|76/100|[from] item: Leftovers
|-heal|p2a: Grimmsnarl|45/100|[from] item: Leftovers
|upkeep
|turn|16
|inactive|Einepastittv has 120 seconds left.
|
|switch|p1a: Seismitoad|Seismitoad, M|81/100
|-damage|p1a: Seismitoad|75/100|[from] Stealth Rock
|move|p2a: Grimmsnarl|Spirit Break|p1a: Seismitoad
|-damage|p1a: Seismitoad|53/100
|-unboost|p1a: Seismitoad|spa|1
|
|-heal|p1a: Seismitoad|100/100|[from] move: Wish|[wisher] Sylveon
|-heal|p2a: Grimmsnarl|51/100|[from] item: Leftovers
|-sideend|p2: Rodikar|move: Light Screen
|upkeep
|turn|17
|
|move|p2a: Grimmsnarl|Light Screen|p2a: Grimmsnarl
|-sidestart|p2: Rodikar|move: Light Screen
|move|p1a: Seismitoad|Toxic|p2a: Grimmsnarl
|-status|p2a: Grimmsnarl|tox
|
|-heal|p2a: Grimmsnarl|57/100 tox|[from] item: Leftovers
|-damage|p2a: Grimmsnarl|51/100 tox|[from] psn
|upkeep
|turn|18
|
|switch|p1a: Sylveon|Sylveon, M|76/100
|-damage|p1a: Sylveon|64/100|[from] Stealth Rock
|move|p2a: Grimmsnarl|Spirit Break|p1a: Sylveon
|-damage|p1a: Sylveon|32/100
|-unboost|p1a: Sylveon|spa|1
|
|-heal|p1a: Sylveon|38/100|[from] item: Leftovers
|-heal|p2a: Grimmsnarl|57/100 tox|[from] item: Leftovers
|-damage|p2a: Grimmsnarl|45/100 tox|[from] psn
|upkeep
|turn|19
|
|move|p1a: Sylveon|Wish|p1a: Sylveon
|move|p2a: Grimmsnarl|Spirit Break|p1a: Sylveon
|-crit|p1a: Sylveon
|-damage|p1a: Sylveon|0 fnt
|faint|p1a: Sylveon
|
|-heal|p2a: Grimmsnarl|51/100 tox|[from] item: Leftovers
|-damage|p2a: Grimmsnarl|33/100 tox|[from] psn
|upkeep
|
|switch|p1a: Dracovish|Dracovish|100/100
|-damage|p1a: Dracovish|88/100|[from] Stealth Rock
|turn|20
|
|move|p2a: Grimmsnarl|Reflect|p2a: Grimmsnarl
|-sidestart|p2: Rodikar|Reflect
|move|p1a: Dracovish|Fishious Rend|p2a: Grimmsnarl
|-damage|p2a: Grimmsnarl|6/100 tox
|
|-heal|p1a: Dracovish|100/100|[from] move: Wish|[wisher] Sylveon
|-heal|p2a: Grimmsnarl|12/100 tox|[from] item: Leftovers
|-damage|p2a: Grimmsnarl|0 fnt|[from] psn
|faint|p2a: Grimmsnarl
|upkeep
|
|switch|p2a: Tyranitar|Tyranitar, M|94/100
|-ability|p2a: Tyranitar|Unnerve|p1: Einepastittv
|-damage|p2a: Tyranitar|82/100|[from] Stealth Rock
|turn|21
|inactive|Einepastittv has 90 seconds left.
|inactive|Einepastittv has 60 seconds left.
|
|switch|p1a: Dhelmise|Dhelmise|100/100
|-damage|p1a: Dhelmise|88/100|[from] Stealth Rock
|move|p2a: Tyranitar|Earthquake|p1a: Dhelmise
|-resisted|p1a: Dhelmise
|-damage|p1a: Dhelmise|73/100
|
|-heal|p2a: Tyranitar|88/100|[from] item: Leftovers
|-heal|p1a: Dhelmise|80/100|[from] item: Leftovers
|-sideend|p2: Rodikar|move: Light Screen
|upkeep
|turn|22
|
|move|p2a: Tyranitar|Crunch|p1a: Dhelmise
|-supereffective|p1a: Dhelmise
|-damage|p1a: Dhelmise|9/100
|move|p1a: Dhelmise|Power Whip|p2a: Tyranitar
|-supereffective|p2a: Tyranitar
|-damage|p2a: Tyranitar|44/100
|
|-heal|p2a: Tyranitar|50/100|[from] item: Leftovers
|-heal|p1a: Dhelmise|15/100|[from] item: Leftovers
|upkeep
|turn|23
|
|move|p2a: Tyranitar|Crunch|p1a: Dhelmise
|-supereffective|p1a: Dhelmise
|-damage|p1a: Dhelmise|0 fnt
|faint|p1a: Dhelmise
|
|-heal|p2a: Tyranitar|56/100|[from] item: Leftovers
|upkeep
|inactive|Einepastittv has 30 seconds left.
|
|switch|p1a: Toxtricity|Toxtricity-Low-Key, M|42/100
|-damage|p1a: Toxtricity|30/100|[from] Stealth Rock
|turn|24
|inactive|Einepastittv has 30 seconds left.
|
|move|p1a: Toxtricity|Overdrive|p2a: Tyranitar
|-crit|p2a: Tyranitar
|-damage|p2a: Tyranitar|5/100
|move|p2a: Tyranitar|Earthquake|p1a: Toxtricity
|-supereffective|p1a: Toxtricity
|-damage|p1a: Toxtricity|0 fnt
|faint|p1a: Toxtricity
|
|-heal|p2a: Tyranitar|11/100|[from] item: Leftovers
|-sideend|p2: Rodikar|Reflect
|upkeep
|inactive|Einepastittv has 30 seconds left.
|inactive|Einepastittv has 20 seconds left.
|inactive|Einepastittv has 15 seconds left.
|
|switch|p1a: Dracovish|Dracovish|100/100
|-damage|p1a: Dracovish|88/100|[from] Stealth Rock
|turn|25
|inactive|Einepastittv has 25 seconds left this turn.
|inactive|Einepastittv has 20 seconds left.
|
|move|p1a: Dracovish|Fishious Rend|p2a: Tyranitar
|-supereffective|p2a: Tyranitar
|-damage|p2a: Tyranitar|0 fnt
|faint|p2a: Tyranitar
|
|upkeep
|inactive|Einepastittv has 25 seconds left this turn.
|
|switch|p2a: Togekiss|Togekiss, F|100/100
|-damage|p2a: Togekiss|76/100|[from] Stealth Rock
|turn|26
|inactive|Einepastittv has 30 seconds left.
|
|switch|p1a: Seismitoad|Seismitoad, M|100/100
|-damage|p1a: Seismitoad|94/100|[from] Stealth Rock
|move|p2a: Togekiss|Draining Kiss|p1a: Seismitoad
|-damage|p1a: Seismitoad|69/100
|-heal|p2a: Togekiss|100/100|[from] drain|[of] p1a: Seismitoad
|
|-heal|p1a: Seismitoad|76/100|[from] item: Leftovers
|upkeep
|turn|27
|
|move|p2a: Togekiss|Draining Kiss|p1a: Seismitoad
|-damage|p1a: Seismitoad|51/100
|move|p1a: Seismitoad|Scald|p2a: Togekiss
|-damage|p2a: Togekiss|76/100
|
|-heal|p1a: Seismitoad|57/100|[from] item: Leftovers
|upkeep
|turn|28
|
|move|p2a: Togekiss|Draining Kiss|p1a: Seismitoad
|-damage|p1a: Seismitoad|31/100
|-heal|p2a: Togekiss|100/100|[from] drain|[of] p1a: Seismitoad
|move|p1a: Seismitoad|Toxic|p2a: Togekiss
|-status|p2a: Togekiss|tox
|
|-heal|p1a: Seismitoad|37/100|[from] item: Leftovers
|-damage|p2a: Togekiss|94/100 tox|[from] psn
|upkeep
|turn|29
|
|move|p2a: Togekiss|Draining Kiss|p1a: Seismitoad
|-damage|p1a: Seismitoad|12/100
|-heal|p2a: Togekiss|100/100 tox|[from] drain|[of] p1a: Seismitoad
|move|p1a: Seismitoad|Scald|p2a: Togekiss
|-damage|p2a: Togekiss|77/100 tox
|
|-heal|p1a: Seismitoad|18/100|[from] item: Leftovers
|-damage|p2a: Togekiss|65/100 tox|[from] psn
|upkeep
|turn|30
|
|move|p2a: Togekiss|Draining Kiss|p1a: Seismitoad
|-damage|p1a: Seismitoad|0 fnt
|-heal|p2a: Togekiss|82/100 tox|[from] drain|[of] p1a: Seismitoad
|faint|p1a: Seismitoad
|
|-damage|p2a: Togekiss|64/100 tox|[from] psn
|upkeep
|
|switch|p1a: Cinderace|Cinderace, M|100/100
|turn|31
|inactive|Einepastittv has 60 seconds left.
|
|move|p1a: Cinderace|Pyro Ball|p2a: Togekiss
|-damage|p2a: Togekiss|0 fnt
|faint|p2a: Togekiss
|
|upkeep
|
|switch|p2a: Golisopod|Golisopod, F|42/100 tox
|-damage|p2a: Golisopod|17/100 tox|[from] Stealth Rock
|turn|32
|
|move|p1a: Cinderace|Sucker Punch|p2a: Golisopod
|-damage|p2a: Golisopod|1/100 tox
|move|p2a: Golisopod|Leech Life|p1a: Cinderace
|-resisted|p1a: Cinderace
|-damage|p1a: Cinderace|73/100
|-heal|p2a: Golisopod|13/100 tox|[from] drain|[of] p1a: Cinderace
|
|-heal|p2a: Golisopod|19/100 tox|[from] item: Leftovers
|-damage|p2a: Golisopod|13/100 tox|[from] psn
|upkeep
|turn|33
|
|move|p1a: Cinderace|Sucker Punch|p2a: Golisopod
|-damage|p2a: Golisopod|0 fnt
|faint|p2a: Golisopod
|
|upkeep
|
|switch|p2a: Cinderace|Cinderace, F|100/100
|-damage|p2a: Cinderace|76/100|[from] Stealth Rock
|turn|34
|
|move|p2a: Cinderace|High Jump Kick|p1a: Cinderace
|-damage|p1a: Cinderace|11/100
|move|p1a: Cinderace|High Jump Kick|p2a: Cinderace
|-damage|p2a: Cinderace|13/100
|-enditem|p2a: Cinderace|Aguav Berry|[eat]
|-heal|p2a: Cinderace|46/100|[from] item: Aguav Berry
|
|upkeep
|turn|35
|inactive|Einepastittv has 90 seconds left.
|
|move|p1a: Cinderace|Sucker Punch|p2a: Cinderace
|-damage|p2a: Cinderace|10/100
|move|p2a: Cinderace|Gunk Shot|p1a: Cinderace
|-damage|p1a: Cinderace|0 fnt
|faint|p1a: Cinderace
|
|upkeep
|
|switch|p1a: Dracovish|Dracovish|88/100
|-damage|p1a: Dracovish|76/100|[from] Stealth Rock
|turn|36
|
|move|p1a: Dracovish|Fishious Rend|p2a: Cinderace
|-supereffective|p2a: Cinderace
|-damage|p2a: Cinderace|0 fnt
|faint|p2a: Cinderace
|
|win|Einepastittv
|l|☆Rodikar
|raw|Einepastittv's rating: 1101 → 1125(+24 for winning)
|raw|Rodikar's rating: 1092 → 1069(-23 for losing)
