|ScrapeTime|2020-01-01-16:56:31
|j|☆Grinty
|j|☆Ruft
|player|p1|Grinty|acerola|1698
|player|p2|Ruft|swimmer-gen1|1560
|teamsize|p1|6
|teamsize|p2|6
|gametype|singles
|gen|8
|tier|[Gen 8] OU
|rated|
|rule|Sleep Clause Mod: Limit one foe put to sleep
|rule|Species Clause: Limit one of each Pokémon
|rule|OHKO Clause: OHKO moves are banned
|rule|Evasion Moves Clause: Evasion moves are banned
|rule|Endless Battle Clause: Forcing endless battles is banned
|rule|HP Percentage Mod: HP is shown in percentages
|clearpoke
|poke|p1|Mew|
|poke|p1|Bisharp, M|
|poke|p1|Dragapult, M|
|poke|p1|Lucario, M|
|poke|p1|Aegislash, M|
|poke|p1|Cloyster, F|
|poke|p2|Ribombee, M|
|poke|p2|Dracovish|
|poke|p2|Bisharp, M|
|poke|p2|Gengar, F|
|poke|p2|Excadrill, F|
|poke|p2|Ditto|
|rule|Dynamax Clause: You cannot dynamax
|teampreview
|inactive|Battle timer is ON: inactive players will automatically lose when time's up. (requested by Ruft)
|j| master of miss
|
|start
|switch|p1a: Mew|Mew|100/100
|switch|p2a: Ribombee|Ribombee, M|100/100
|turn|1
|
|move|p2a: Ribombee|Stun Spore|p1a: Mew
|-status|p1a: Mew|par
|-activate|p1a: Mew|ability: Synchronize
|-status|p2a: Ribombee|par
|cant|p1a: Mew|par
|
|upkeep
|turn|2
|
|move|p2a: Ribombee|Sticky Web|p1a: Mew
|-sidestart|p1: Grinty|move: Sticky Web
|move|p1a: Mew|Rock Tomb|p2a: Ribombee
|-supereffective|p2a: Ribombee
|-damage|p2a: Ribombee|47/100 par
|
|upkeep
|turn|3
|
|move|p2a: Ribombee|Moonblast|p1a: Mew
|-damage|p1a: Mew|66/100 par
|move|p1a: Mew|Stealth Rock|p2a: Ribombee
|-sidestart|p2: Ruft|move: Stealth Rock
|
|upkeep
|turn|4
|
|move|p2a: Ribombee|Moonblast|p1a: Mew
|-damage|p1a: Mew|33/100 par
|-unboost|p1a: Mew|spa|1
|move|p1a: Mew|Spikes|p2a: Ribombee
|-sidestart|p2: Ruft|Spikes
|
|upkeep
|turn|5
|
|move|p2a: Ribombee|Moonblast|p1a: Mew
|-damage|p1a: Mew|0 fnt
|faint|p1a: Mew
|
|upkeep
|
|switch|p1a: Aegislash|Aegislash, M|100/100
|-item|p1a: Aegislash|Air Balloon
|turn|6
|
|-formechange|p1a: Aegislash|Aegislash-Blade||[from] ability: Stance Change
|move|p1a: Aegislash|Shadow Sneak|p2a: Ribombee
|-damage|p2a: Ribombee|1/100 par
|move|p2a: Ribombee|Stun Spore|p1a: Aegislash
|-status|p1a: Aegislash|par
|
|upkeep
|turn|7
|
|move|p1a: Aegislash|Shadow Sneak|p2a: Ribombee
|-damage|p2a: Ribombee|0 fnt
|faint|p2a: Ribombee
|
|upkeep
|inactive|Ruft has 120 seconds left.
|
|switch|p2a: Gengar|Gengar, F|100/100
|-damage|p2a: Gengar|88/100|[from] Spikes
|-damage|p2a: Gengar|76/100|[from] Stealth Rock
|turn|8
|
|cant|p1a: Aegislash|par
|move|p2a: Gengar|Shadow Ball|p1a: Aegislash
|-supereffective|p1a: Aegislash
|-damage|p1a: Aegislash|0 fnt
|-enditem|p1a: Aegislash|Air Balloon
|faint|p1a: Aegislash
|
|upkeep
|
|switch|p1a: Bisharp|Bisharp, M|100/100
|-activate|p1a: Bisharp|move: Sticky Web
|-unboost|p1a: Bisharp|spe|1
|-ability|p1a: Bisharp|Defiant
|-boost|p1a: Bisharp|atk|2
|turn|9
|
|switch|p2a: Excadrill|Excadrill, F|100/100
|-damage|p2a: Excadrill|97/100|[from] Stealth Rock
|-damage|p2a: Excadrill|85/100|[from] Spikes
|-ability|p2a: Excadrill|Mold Breaker
|move|p1a: Bisharp|Sucker Punch||[still]
|-fail|p1a: Bisharp
|
|-heal|p2a: Excadrill|91/100|[from] item: Leftovers
|upkeep
|turn|10
|
|move|p1a: Bisharp|Sucker Punch|p2a: Excadrill
|-damage|p2a: Excadrill|0 fnt
|-damage|p1a: Bisharp|91/100|[from] item: Life Orb
|faint|p2a: Excadrill
|
|upkeep
|
|switch|p2a: Ditto|Ditto|100/100
|-damage|p2a: Ditto|88/100|[from] Stealth Rock
|-damage|p2a: Ditto|76/100|[from] Spikes
|-transform|p2a: Ditto|p1a: Bisharp|[from] ability: Imposter
|turn|11
|
|move|p2a: Ditto|Iron Head|p1a: Bisharp
|-resisted|p1a: Bisharp
|-damage|p1a: Bisharp|41/100
|move|p1a: Bisharp|Throat Chop|p2a: Ditto
|-resisted|p2a: Ditto
|-damage|p2a: Ditto|16/100
|-start|p2a: Ditto|Throat Chop|[silent]
|-damage|p1a: Bisharp|31/100|[from] item: Life Orb
|
|upkeep
|turn|12
|
|move|p1a: Bisharp|Sucker Punch|p2a: Ditto
|-resisted|p2a: Ditto
|-damage|p2a: Ditto|0 fnt
|-damage|p1a: Bisharp|21/100|[from] item: Life Orb
|faint|p2a: Ditto
|
|upkeep
|
|switch|p2a: Bisharp|Bisharp, M|100/100
|-damage|p2a: Bisharp|88/100|[from] Spikes
|-damage|p2a: Bisharp|82/100|[from] Stealth Rock
|turn|13
|
|switch|p1a: Lucario|Lucario, M|100/100
|-activate|p1a: Lucario|move: Sticky Web
|-unboost|p1a: Lucario|spe|1
|move|p2a: Bisharp|Sucker Punch||[still]
|-fail|p2a: Bisharp
|
|upkeep
|turn|14
|
|switch|p2a: Gengar|Gengar, F|76/100
|-damage|p2a: Gengar|64/100|[from] Spikes
|-damage|p2a: Gengar|51/100|[from] Stealth Rock
|move|p1a: Lucario|Earthquake|p2a: Gengar
|-supereffective|p2a: Gengar
|-enditem|p2a: Gengar|Shuca Berry|[eat]
|-enditem|p2a: Gengar|Shuca Berry|[weaken]
|-damage|p2a: Gengar|0 fnt
|-start|p1a: Lucario|Disable|Earthquake|[from] ability: Cursed Body|[of] p2a: Gengar
|-damage|p1a: Lucario|91/100|[from] item: Life Orb
|faint|p2a: Gengar
|
|upkeep
|
|switch|p2a: Dracovish|Dracovish|100/100
|-damage|p2a: Dracovish|88/100|[from] Stealth Rock
|-damage|p2a: Dracovish|76/100|[from] Spikes
|turn|15
|
|move|p1a: Lucario|Bullet Punch|p2a: Dracovish
|-resisted|p2a: Dracovish
|-damage|p2a: Dracovish|64/100
|-damage|p1a: Lucario|81/100|[from] item: Life Orb
|move|p2a: Dracovish|Fishious Rend|p1a: Lucario
|-damage|p1a: Lucario|0 fnt
|faint|p1a: Lucario
|
|upkeep
|
|switch|p1a: Cloyster|Cloyster, F|100/100
|-activate|p1a: Cloyster|move: Sticky Web
|-unboost|p1a: Cloyster|spe|1
|-enditem|p1a: Cloyster|White Herb
|-clearnegativeboost|p1a: Cloyster|[silent]
|turn|16
|
|move|p1a: Cloyster|Icicle Spear|p2a: Dracovish
|-damage|p2a: Dracovish|52/100
|-damage|p2a: Dracovish|41/100
|-damage|p2a: Dracovish|29/100
|-damage|p2a: Dracovish|18/100
|-damage|p2a: Dracovish|7/100
|-hitcount|p2a: Dracovish|5
|move|p2a: Dracovish|Fishious Rend|p1a: Cloyster
|-resisted|p1a: Cloyster
|-damage|p1a: Cloyster|63/100
|
|upkeep
|turn|17
|
|move|p1a: Cloyster|Liquidation|p2a: Dracovish
|-resisted|p2a: Dracovish
|-damage|p2a: Dracovish|0 fnt
|faint|p2a: Dracovish
|
|upkeep
|
|switch|p2a: Bisharp|Bisharp, M|82/100
|-damage|p2a: Bisharp|70/100|[from] Spikes
|-damage|p2a: Bisharp|64/100|[from] Stealth Rock
|turn|18
|
|move|p1a: Cloyster|Liquidation|p2a: Bisharp
|-damage|p2a: Bisharp|21/100
|move|p2a: Bisharp|Swords Dance|p2a: Bisharp
|-boost|p2a: Bisharp|atk|2
|
|upkeep
|turn|19
|
|move|p2a: Bisharp|Sucker Punch|p1a: Cloyster
|-damage|p1a: Cloyster|0 fnt
|faint|p1a: Cloyster
|
|upkeep
|
|switch|p1a: Bisharp|Bisharp, M|21/100
|-activate|p1a: Bisharp|move: Sticky Web
|-unboost|p1a: Bisharp|spe|1
|-ability|p1a: Bisharp|Defiant
|-boost|p1a: Bisharp|atk|2
|turn|20
|
|move|p2a: Bisharp|Sucker Punch|p1a: Bisharp
|-resisted|p1a: Bisharp
|-crit|p1a: Bisharp
|-damage|p1a: Bisharp|0 fnt
|faint|p1a: Bisharp
|
|upkeep
|-message|Grinty forfeited.
|
|win|Ruft
|l|☆Grinty
|raw|Grinty's rating: 1698 → 1671(-27 for losing)
|raw|Ruft's rating: 1543 → 1571(+28 for winning)
