|ScrapeTime|2020-01-01-17:08:56
|j|☆tinyhelper
|j|☆The first rule
|player|p1|tinyhelper|163|1450
|player|p2|The first rule|cynthia-gen4|1482
|teamsize|p1|6
|teamsize|p2|6
|gametype|singles
|gen|8
|tier|[Gen 8] OU
|rated|
|rule|Sleep Clause Mod: Limit one foe put to sleep
|rule|Species Clause: Limit one of each Pokémon
|rule|OHKO Clause: OHKO moves are banned
|rule|Evasion Moves Clause: Evasion moves are banned
|rule|Endless Battle Clause: Forcing endless battles is banned
|rule|HP Percentage Mod: HP is shown in percentages
|clearpoke
|poke|p1|Corviknight, F|
|poke|p1|Seismitoad, M|
|poke|p1|Tyranitar, M|
|poke|p1|Duraludon, F|
|poke|p1|Hawlucha, F|
|poke|p1|Gengar, M|
|poke|p2|Pelipper, F|
|poke|p2|Ferrothorn, M|
|poke|p2|Barraskewda, M|
|poke|p2|Dracovish|
|poke|p2|Mantine, M|
|poke|p2|Bisharp, M|
|rule|Dynamax Clause: You cannot dynamax
|teampreview
|
|start
|switch|p1a: Gengar|Gengar, M|100/100
|switch|p2a: Pelipper|Pelipper, F, shiny|100/100
|-weather|RainDance|[from] ability: Drizzle|[of] p2a: Pelipper
|turn|1
|inactive|Battle timer is ON: inactive players will automatically lose when time's up. (requested by The first rule)
|
|switch|p2a: Ferrothorn|Ferrothorn, M, shiny|100/100
|move|p1a: Gengar|Trick|p2a: Ferrothorn
|-activate|p1a: Gengar|move: Trick|[of] p2a: Ferrothorn
|-item|p2a: Ferrothorn|Choice Scarf|[from] move: Trick
|-item|p1a: Gengar|Leftovers|[from] move: Trick
|
|-weather|RainDance|[upkeep]
|upkeep
|turn|2
|
|move|p1a: Gengar|Shadow Ball|p2a: Ferrothorn
|-damage|p2a: Ferrothorn|72/100
|move|p2a: Ferrothorn|Stealth Rock|p1a: Gengar
|-sidestart|p1: tinyhelper|move: Stealth Rock
|
|-weather|RainDance|[upkeep]
|upkeep
|turn|3
|
|switch|p2a: Bisharp|Bisharp, M|100/100
|move|p1a: Gengar|Thunderbolt|p2a: Bisharp
|-crit|p2a: Bisharp
|-damage|p2a: Bisharp|23/100
|
|-weather|RainDance|[upkeep]
|upkeep
|turn|4
|
|switch|p1a: Hawlucha|Hawlucha, F|100/100
|-damage|p1a: Hawlucha|88/100|[from] Stealth Rock
|move|p2a: Bisharp|Swords Dance|p2a: Bisharp
|-boost|p2a: Bisharp|atk|2
|
|-weather|RainDance|[upkeep]
|upkeep
|turn|5
|
|move|p1a: Hawlucha|Close Combat|p2a: Bisharp
|-supereffective|p2a: Bisharp
|-damage|p2a: Bisharp|0 fnt
|-unboost|p1a: Hawlucha|def|1
|-unboost|p1a: Hawlucha|spd|1
|-enditem|p1a: Hawlucha|White Herb
|-clearnegativeboost|p1a: Hawlucha|[silent]
|faint|p2a: Bisharp
|
|-weather|RainDance|[upkeep]
|upkeep
|inactive|The first rule has 120 seconds left.
|
|switch|p2a: Barraskewda|Barraskewda, M|100/100
|turn|6
|
|switch|p1a: Seismitoad|Seismitoad, M|100/100
|-damage|p1a: Seismitoad|94/100|[from] Stealth Rock
|move|p2a: Barraskewda|Waterfall|p1a: Seismitoad
|-heal|p1a: Seismitoad|100/100|[from] ability: Water Absorb|[of] p2a: Barraskewda
|
|-weather|RainDance|[upkeep]
|upkeep
|turn|7
|inactive|The first rule has 120 seconds left.
|
|move|p1a: Seismitoad|Protect|p1a: Seismitoad
|-singleturn|p1a: Seismitoad|Protect
|move|p2a: Barraskewda|Close Combat|p1a: Seismitoad
|-activate|p1a: Seismitoad|move: Protect
|
|-weather|RainDance|[upkeep]
|upkeep
|turn|8
|
|switch|p2a: Dracovish|Dracovish|100/100
|move|p1a: Seismitoad|Earth Power|p2a: Dracovish
|-damage|p2a: Dracovish|68/100
|
|-weather|none
|upkeep
|turn|9
|
|switch|p2a: Pelipper|Pelipper, F, shiny|100/100
|-weather|RainDance|[from] ability: Drizzle|[of] p2a: Pelipper
|move|p1a: Seismitoad|Protect||[still]
|-fail|p1a: Seismitoad
|
|-weather|RainDance|[upkeep]
|upkeep
|turn|10
|
|move|p1a: Seismitoad|Protect|p1a: Seismitoad
|-singleturn|p1a: Seismitoad|Protect
|move|p2a: Pelipper|U-turn|p1a: Seismitoad
|-activate|p1a: Seismitoad|move: Protect
|
|-weather|RainDance|[upkeep]
|upkeep
|turn|11
|inactive|The first rule has 120 seconds left.
|
|move|p1a: Seismitoad|Stealth Rock|p2a: Pelipper
|-sidestart|p2: The first rule|move: Stealth Rock
|move|p2a: Pelipper|U-turn|p1a: Seismitoad
|-damage|p1a: Seismitoad|94/100
|
|switch|p2a: Mantine|Mantine, M, shiny|100/100|[from]move: U-turn
|-damage|p2a: Mantine|76/100|[from] Stealth Rock
|
|-weather|RainDance|[upkeep]
|-heal|p1a: Seismitoad|99/100|[from] item: Leftovers
|upkeep
|turn|12
|
|move|p1a: Seismitoad|Protect|p1a: Seismitoad
|-singleturn|p1a: Seismitoad|Protect
|move|p2a: Mantine|Substitute|p2a: Mantine
|-start|p2a: Mantine|Substitute
|-damage|p2a: Mantine|51/100
|
|-weather|RainDance|[upkeep]
|-heal|p1a: Seismitoad|100/100|[from] item: Leftovers
|upkeep
|turn|13
|
|switch|p1a: Tyranitar|Tyranitar, M|100/100
|-damage|p1a: Tyranitar|88/100|[from] Stealth Rock
|-weather|Sandstorm|[from] ability: Sand Stream|[of] p1a: Tyranitar
|move|p2a: Mantine|Roost|p2a: Mantine
|-heal|p2a: Mantine|100/100
|-singleturn|p2a: Mantine|move: Roost
|
|-weather|Sandstorm|[upkeep]
|-damage|p2a: Mantine|94/100|[from] Sandstorm
|-heal|p1a: Tyranitar|94/100|[from] item: Leftovers
|upkeep
|turn|14
|
|move|p2a: Mantine|Surf|p1a: Tyranitar
|-supereffective|p1a: Tyranitar
|-damage|p1a: Tyranitar|49/100
|move|p1a: Tyranitar|Crunch|p2a: Mantine
|-end|p2a: Mantine|Substitute
|
|-weather|Sandstorm|[upkeep]
|-damage|p2a: Mantine|88/100|[from] Sandstorm
|-heal|p1a: Tyranitar|55/100|[from] item: Leftovers
|upkeep
|turn|15
|
|move|p2a: Mantine|Surf|p1a: Tyranitar
|-supereffective|p1a: Tyranitar
|-damage|p1a: Tyranitar|0 fnt
|faint|p1a: Tyranitar
|
|-weather|Sandstorm|[upkeep]
|-damage|p2a: Mantine|82/100|[from] Sandstorm
|upkeep
|
|switch|p1a: Gengar|Gengar, M|100/100
|-damage|p1a: Gengar|88/100|[from] Stealth Rock
|turn|16
|
|switch|p2a: Ferrothorn|Ferrothorn, M, shiny|72/100
|-damage|p2a: Ferrothorn|65/100|[from] Stealth Rock
|move|p1a: Gengar|Thunderbolt|p2a: Ferrothorn
|-resisted|p2a: Ferrothorn
|-damage|p2a: Ferrothorn|55/100
|
|-weather|Sandstorm|[upkeep]
|-damage|p1a: Gengar|82/100|[from] Sandstorm
|-heal|p1a: Gengar|88/100|[from] item: Leftovers
|upkeep
|turn|17
|
|switch|p1a: Duraludon|Duraludon, F|100/100
|-damage|p1a: Duraludon|94/100|[from] Stealth Rock
|move|p2a: Ferrothorn|Knock Off|p1a: Duraludon
|-damage|p1a: Duraludon|71/100
|-enditem|p1a: Duraludon|Leftovers|[from] move: Knock Off|[of] p2a: Ferrothorn
|
|-weather|none
|upkeep
|turn|18
|
|switch|p2a: Dracovish|Dracovish|68/100
|-damage|p2a: Dracovish|55/100|[from] Stealth Rock
|move|p1a: Duraludon|Substitute|p1a: Duraludon
|-start|p1a: Duraludon|Substitute
|-damage|p1a: Duraludon|47/100
|
|upkeep
|turn|19
|
|move|p2a: Dracovish|Outrage|p1a: Duraludon
|-end|p1a: Duraludon|Substitute
|move|p1a: Duraludon|Draco Meteor|p2a: Dracovish
|-supereffective|p2a: Dracovish
|-damage|p2a: Dracovish|0 fnt
|-unboost|p1a: Duraludon|spa|2
|faint|p2a: Dracovish
|
|upkeep
|inactive|The first rule has 120 seconds left.
|
|switch|p2a: Barraskewda|Barraskewda, M|100/100
|-damage|p2a: Barraskewda|88/100|[from] Stealth Rock
|turn|20
|
|switch|p1a: Hawlucha|Hawlucha, F|88/100
|-damage|p1a: Hawlucha|76/100|[from] Stealth Rock
|move|p2a: Barraskewda|Close Combat|p1a: Hawlucha
|-resisted|p1a: Hawlucha
|-damage|p1a: Hawlucha|32/100
|-unboost|p2a: Barraskewda|def|1
|-unboost|p2a: Barraskewda|spd|1
|-damage|p2a: Barraskewda|78/100|[from] item: Life Orb
|
|upkeep
|turn|21
|
|move|p2a: Barraskewda|Psychic Fangs|p1a: Hawlucha
|-supereffective|p1a: Hawlucha
|-damage|p1a: Hawlucha|0 fnt
|-damage|p2a: Barraskewda|69/100|[from] item: Life Orb
|faint|p1a: Hawlucha
|
|upkeep
|
|switch|p1a: Corviknight|Corviknight, F|100/100
|-damage|p1a: Corviknight|88/100|[from] Stealth Rock
|-ability|p1a: Corviknight|Pressure
|turn|22
|
|switch|p2a: Pelipper|Pelipper, F, shiny|100/100
|-damage|p2a: Pelipper|76/100|[from] Stealth Rock
|-weather|RainDance|[from] ability: Drizzle|[of] p2a: Pelipper
|move|p1a: Corviknight|U-turn|p2a: Pelipper
|-resisted|p2a: Pelipper
|-damage|p2a: Pelipper|70/100
|
|switch|p1a: Duraludon|Duraludon, F|47/100|[from]move: U-turn
|-damage|p1a: Duraludon|41/100|[from] Stealth Rock
|
|-weather|RainDance|[upkeep]
|upkeep
|turn|23
|inactive|The first rule has 120 seconds left.
|
|move|p1a: Duraludon|Thunderbolt|p2a: Pelipper
|-supereffective|p2a: Pelipper
|-damage|p2a: Pelipper|0 fnt
|faint|p2a: Pelipper
|
|-weather|RainDance|[upkeep]
|upkeep
|
|switch|p2a: Barraskewda|Barraskewda, M|69/100
|-damage|p2a: Barraskewda|56/100|[from] Stealth Rock
|turn|24
|
|switch|p1a: Seismitoad|Seismitoad, M|100/100
|-damage|p1a: Seismitoad|94/100|[from] Stealth Rock
|move|p2a: Barraskewda|Close Combat|p1a: Seismitoad
|-damage|p1a: Seismitoad|51/100
|-unboost|p2a: Barraskewda|def|1
|-unboost|p2a: Barraskewda|spd|1
|-damage|p2a: Barraskewda|47/100|[from] item: Life Orb
|
|-weather|RainDance|[upkeep]
|-heal|p1a: Seismitoad|57/100|[from] item: Leftovers
|upkeep
|turn|25
|
|switch|p2a: Mantine|Mantine, M, shiny|82/100
|-damage|p2a: Mantine|57/100|[from] Stealth Rock
|move|p1a: Seismitoad|Protect||[still]
|-fail|p1a: Seismitoad
|
|-weather|RainDance|[upkeep]
|-heal|p1a: Seismitoad|63/100|[from] item: Leftovers
|upkeep
|turn|26
|
|move|p2a: Mantine|Roost|p2a: Mantine
|-heal|p2a: Mantine|100/100
|-singleturn|p2a: Mantine|move: Roost
|move|p1a: Seismitoad|Grass Knot|p2a: Mantine
|-supereffective|p2a: Mantine
|-damage|p2a: Mantine|57/100
|
|-weather|RainDance|[upkeep]
|-heal|p1a: Seismitoad|69/100|[from] item: Leftovers
|upkeep
|turn|27
|
|move|p2a: Mantine|Hurricane|p1a: Seismitoad
|-damage|p1a: Seismitoad|21/100
|move|p1a: Seismitoad|Grass Knot|p2a: Mantine
|-damage|p2a: Mantine|39/100
|
|-weather|RainDance|[upkeep]
|-heal|p1a: Seismitoad|27/100|[from] item: Leftovers
|upkeep
|turn|28
|
|move|p1a: Seismitoad|Protect|p1a: Seismitoad
|-singleturn|p1a: Seismitoad|Protect
|move|p2a: Mantine|Substitute|p2a: Mantine
|-start|p2a: Mantine|Substitute
|-damage|p2a: Mantine|14/100
|
|-weather|RainDance|[upkeep]
|-heal|p1a: Seismitoad|33/100|[from] item: Leftovers
|upkeep
|turn|29
|
|move|p2a: Mantine|Roost|p2a: Mantine
|-heal|p2a: Mantine|64/100
|-singleturn|p2a: Mantine|move: Roost
|move|p1a: Seismitoad|Earth Power|p2a: Mantine
|-activate|p2a: Mantine|move: Substitute|[damage]
|
|-weather|none
|-heal|p1a: Seismitoad|39/100|[from] item: Leftovers
|upkeep
|turn|30
|
|move|p1a: Seismitoad|Protect|p1a: Seismitoad
|-singleturn|p1a: Seismitoad|Protect
|move|p2a: Mantine|Hurricane|p1a: Seismitoad
|-activate|p1a: Seismitoad|move: Protect
|
|-heal|p1a: Seismitoad|45/100|[from] item: Leftovers
|upkeep
|turn|31
|
|move|p2a: Mantine|Hurricane|p1a: Seismitoad
|-damage|p1a: Seismitoad|0 fnt
|faint|p1a: Seismitoad
|
|upkeep
|
|switch|p1a: Gengar|Gengar, M|88/100
|-damage|p1a: Gengar|76/100|[from] Stealth Rock
|turn|32
|inactive|The first rule has 120 seconds left.
|
|move|p1a: Gengar|Thunderbolt|p2a: Mantine
|-supereffective|p2a: Mantine
|-end|p2a: Mantine|Substitute
|move|p2a: Mantine|Surf|p1a: Gengar
|-damage|p1a: Gengar|17/100
|-start|p2a: Mantine|Disable|Surf|[from] ability: Cursed Body|[of] p1a: Gengar
|
|-heal|p1a: Gengar|23/100|[from] item: Leftovers
|upkeep
|turn|33
|
|switch|p2a: Ferrothorn|Ferrothorn, M, shiny|55/100
|-damage|p2a: Ferrothorn|49/100|[from] Stealth Rock
|move|p1a: Gengar|Thunderbolt|p2a: Ferrothorn
|-resisted|p2a: Ferrothorn
|-damage|p2a: Ferrothorn|39/100
|
|-heal|p1a: Gengar|29/100|[from] item: Leftovers
|upkeep
|turn|34
|inactive|The first rule has 120 seconds left.
|
|switch|p1a: Corviknight|Corviknight, F|88/100
|-damage|p1a: Corviknight|75/100|[from] Stealth Rock
|-ability|p1a: Corviknight|Pressure
|move|p2a: Ferrothorn|Leech Seed|p1a: Corviknight
|-start|p1a: Corviknight|move: Leech Seed
|
|-heal|p1a: Corviknight|82/100|[from] item: Leftovers
|-damage|p1a: Corviknight|69/100|[from] Leech Seed|[of] p2a: Ferrothorn
|-heal|p2a: Ferrothorn|53/100|[silent]
|upkeep
|turn|35
|inactive|The first rule has 120 seconds left.
|
|switch|p2a: Mantine|Mantine, M, shiny|64/100
|-damage|p2a: Mantine|40/100|[from] Stealth Rock
|move|p1a: Corviknight|Roost|p1a: Corviknight
|-heal|p1a: Corviknight|100/100
|-singleturn|p1a: Corviknight|move: Roost
|
|-damage|p1a: Corviknight|88/100|[from] Leech Seed|[of] p2a: Mantine
|-heal|p2a: Mantine|56/100|[silent]
|upkeep
|turn|36
|inactive|The first rule has 120 seconds left.
|
|move|p2a: Mantine|Surf|p1a: Corviknight
|-damage|p1a: Corviknight|60/100
|move|p1a: Corviknight|U-turn|p2a: Mantine
|-resisted|p2a: Mantine
|-damage|p2a: Mantine|46/100
|
|switch|p1a: Duraludon|Duraludon, F|41/100|[from]move: U-turn
|-damage|p1a: Duraludon|35/100|[from] Stealth Rock
|
|upkeep
|turn|37
|
|switch|p2a: Ferrothorn|Ferrothorn, M, shiny|53/100
|-damage|p2a: Ferrothorn|47/100|[from] Stealth Rock
|move|p1a: Duraludon|Substitute|p1a: Duraludon
|-start|p1a: Duraludon|Substitute
|-damage|p1a: Duraludon|10/100
|
|upkeep
|turn|38
|inactive|The first rule has 120 seconds left.
|
|move|p1a: Duraludon|Flash Cannon|p2a: Ferrothorn
|-resisted|p2a: Ferrothorn
|-damage|p2a: Ferrothorn|32/100
|-unboost|p2a: Ferrothorn|spd|1
|move|p2a: Ferrothorn|Knock Off|p1a: Duraludon
|-activate|p1a: Duraludon|move: Substitute|[damage]
|
|upkeep
|turn|39
|inactive|The first rule has 120 seconds left.
|
|move|p1a: Duraludon|Flash Cannon|p2a: Ferrothorn
|-resisted|p2a: Ferrothorn
|-damage|p2a: Ferrothorn|8/100
|move|p2a: Ferrothorn|Knock Off|p1a: Duraludon
|-end|p1a: Duraludon|Substitute
|
|upkeep
|turn|40
|
|move|p1a: Duraludon|Flash Cannon|p2a: Ferrothorn
|-resisted|p2a: Ferrothorn
|-damage|p2a: Ferrothorn|0 fnt
|faint|p2a: Ferrothorn
|
|upkeep
|inactive|The first rule has 120 seconds left.
|
|switch|p2a: Barraskewda|Barraskewda, M|47/100
|-damage|p2a: Barraskewda|34/100|[from] Stealth Rock
|turn|41
|
|move|p2a: Barraskewda|Waterfall|p1a: Duraludon
|-resisted|p1a: Duraludon
|-damage|p1a: Duraludon|0 fnt
|-damage|p2a: Barraskewda|24/100|[from] item: Life Orb
|faint|p1a: Duraludon
|
|upkeep
|
|switch|p1a: Corviknight|Corviknight, F|60/100
|-damage|p1a: Corviknight|47/100|[from] Stealth Rock
|-ability|p1a: Corviknight|Pressure
|turn|42
|inactive|The first rule has 90 seconds left.
|
|move|p2a: Barraskewda|Waterfall|p1a: Corviknight
|-crit|p1a: Corviknight
|-damage|p1a: Corviknight|0 fnt
|-damage|p2a: Barraskewda|15/100|[from] item: Life Orb
|faint|p1a: Corviknight
|
|upkeep
|
|switch|p1a: Gengar|Gengar, M|29/100
|-damage|p1a: Gengar|17/100|[from] Stealth Rock
|turn|43
|
|move|p2a: Barraskewda|Crunch|p1a: Gengar
|-supereffective|p1a: Gengar
|-damage|p1a: Gengar|0 fnt
|-start|p2a: Barraskewda|Disable|Crunch|[from] ability: Cursed Body|[of] p1a: Gengar
|-damage|p2a: Barraskewda|5/100|[from] item: Life Orb
|faint|p1a: Gengar
|
|win|The first rule
|l|☆tinyhelper
|c|☆The first rule|gg
|raw|tinyhelper's rating: 1451 → 1433(-18 for losing)
|raw|The first rule's rating: 1482 → 1500(+18 for winning)
