|ScrapeTime|2020-01-02-11:52:24
|j|☆TheNucleo
|j|☆UberPyro5
|player|p1|TheNucleo|269|1104
|player|p2|UberPyro5|firebreather|1085
|teamsize|p1|6
|teamsize|p2|6
|gametype|singles
|gen|8
|tier|[Gen 8] OU
|rated|
|rule|Sleep Clause Mod: Limit one foe put to sleep
|rule|Species Clause: Limit one of each Pokémon
|rule|OHKO Clause: OHKO moves are banned
|rule|Evasion Moves Clause: Evasion moves are banned
|rule|Endless Battle Clause: Forcing endless battles is banned
|rule|HP Percentage Mod: HP is shown in percentages
|clearpoke
|poke|p1|Corviknight, M|
|poke|p1|Cinderace, F|
|poke|p1|Dragapult, F|
|poke|p1|Seismitoad, F|
|poke|p1|Toxtricity, F|
|poke|p1|Clefable, M|
|poke|p2|Seismitoad, F|
|poke|p2|Corviknight, F|
|poke|p2|Rotom-Heat|
|poke|p2|Dragapult, F|
|poke|p2|Conkeldurr, F|
|poke|p2|Mandibuzz, F|
|rule|Dynamax Clause: You cannot dynamax
|teampreview
|
|start
|switch|p1a: Corviknight|Corviknight, M|100/100
|switch|p2a: Seismitoad|Seismitoad, F|100/100
|-ability|p1a: Corviknight|Pressure
|turn|1
|
|move|p1a: Corviknight|Reflect|p1a: Corviknight
|-sidestart|p1: TheNucleo|Reflect
|move|p2a: Seismitoad|Stealth Rock|p1a: Corviknight
|-sidestart|p1: TheNucleo|move: Stealth Rock
|
|upkeep
|turn|2
|
|switch|p2a: Rotom|Rotom-Heat|100/100
|move|p1a: Corviknight|Light Screen|p1a: Corviknight
|-sidestart|p1: TheNucleo|move: Light Screen
|
|upkeep
|turn|3
|inactive|Battle timer is ON: inactive players will automatically lose when time's up. (requested by TheNucleo)
|
|switch|p2a: Dragapult|Dragapult, F|100/100
|move|p1a: Corviknight|U-turn|p2a: Dragapult
|-resisted|p2a: Dragapult
|-damage|p2a: Dragapult|91/100
|
|switch|p1a: Cinderace|Cinderace, F|100/100|[from]move: U-turn
|
|upkeep
|turn|4
|
|switch|p2a: Mandibuzz|Mandibuzz, F|100/100
|move|p1a: Cinderace|Court Change|p1a: Cinderace
|-sideend|p1: TheNucleo|Stealth Rock|[silent]
|-sidestart|p2: UberPyro5|Stealth Rock|[silent]
|-sideend|p1: TheNucleo|Light Screen|[silent]
|-sidestart|p2: UberPyro5|Light Screen|[silent]
|-sideend|p1: TheNucleo|Reflect|[silent]
|-sidestart|p2: UberPyro5|Reflect|[silent]
|-activate|p1a: Cinderace|move: Court Change
|
|upkeep
|turn|5
|c|☆UberPyro5|thanks for the screens?
|
|move|p1a: Cinderace|Court Change|p1a: Cinderace
|-sideend|p2: UberPyro5|Stealth Rock|[silent]
|-sidestart|p1: TheNucleo|Stealth Rock|[silent]
|-sideend|p2: UberPyro5|Light Screen|[silent]
|-sidestart|p1: TheNucleo|Light Screen|[silent]
|-sideend|p2: UberPyro5|Reflect|[silent]
|-sidestart|p1: TheNucleo|Reflect|[silent]
|-activate|p1a: Cinderace|move: Court Change
|move|p2a: Mandibuzz|Defog|p1a: Cinderace
|-unboost|p1a: Cinderace|evasion|1
|-sideend|p1: TheNucleo|Reflect
|-sideend|p1: TheNucleo|move: Light Screen
|-sideend|p1: TheNucleo|Stealth Rock|[from] move: Defog|[of] p2a: Mandibuzz
|
|upkeep
|turn|6
|
|move|p1a: Cinderace|Pyro Ball|p2a: Mandibuzz
|-damage|p2a: Mandibuzz|56/100
|move|p2a: Mandibuzz|Knock Off|p1a: Cinderace
|-damage|p1a: Cinderace|69/100
|-enditem|p1a: Cinderace|Heavy-Duty Boots|[from] move: Knock Off|[of] p2a: Mandibuzz
|
|upkeep
|turn|7
|
|switch|p2a: Seismitoad|Seismitoad, F|100/100
|move|p1a: Cinderace|Pyro Ball|p2a: Seismitoad|[miss]
|-miss|p1a: Cinderace|p2a: Seismitoad
|
|upkeep
|turn|8
|
|switch|p1a: Toxtricity|Toxtricity, F|100/100
|move|p2a: Seismitoad|Earthquake|p1a: Toxtricity
|-supereffective|p1a: Toxtricity
|-damage|p1a: Toxtricity|0 fnt
|faint|p1a: Toxtricity
|
|upkeep
|
|switch|p1a: Dragapult|Dragapult, F|100/100
|turn|9
|
|move|p1a: Dragapult|Substitute|p1a: Dragapult
|-start|p1a: Dragapult|Substitute
|-damage|p1a: Dragapult|76/100
|move|p2a: Seismitoad|Stealth Rock|p1a: Dragapult
|-sidestart|p1: TheNucleo|move: Stealth Rock
|
|-heal|p1a: Dragapult|82/100|[from] item: Leftovers
|upkeep
|turn|10
|
|move|p1a: Dragapult|Dragon Dance|p1a: Dragapult
|-boost|p1a: Dragapult|atk|1
|-boost|p1a: Dragapult|spe|1
|move|p2a: Seismitoad|Earthquake|p1a: Dragapult
|-end|p1a: Dragapult|Substitute
|
|-heal|p1a: Dragapult|88/100|[from] item: Leftovers
|upkeep
|turn|11
|
|move|p1a: Dragapult|Substitute|p1a: Dragapult
|-start|p1a: Dragapult|Substitute
|-damage|p1a: Dragapult|63/100
|move|p2a: Seismitoad|Earthquake|p1a: Dragapult
|-end|p1a: Dragapult|Substitute
|
|-heal|p1a: Dragapult|69/100|[from] item: Leftovers
|upkeep
|turn|12
|
|move|p1a: Dragapult|Dragon Darts|p2a: Seismitoad
|-damage|p2a: Seismitoad|74/100
|-damage|p2a: Seismitoad|45/100
|-hitcount|p2a: Seismitoad|2
|move|p2a: Seismitoad|Earthquake|p1a: Dragapult
|-damage|p1a: Dragapult|25/100
|
|-heal|p1a: Dragapult|31/100|[from] item: Leftovers
|-heal|p2a: Seismitoad|51/100|[from] item: Leftovers
|upkeep
|turn|13
|
|switch|p2a: Corviknight|Corviknight, F|100/100
|-ability|p2a: Corviknight|Pressure
|move|p1a: Dragapult|Phantom Force||[still]
|-prepare|p1a: Dragapult|Phantom Force|p2a: Corviknight
|
|-heal|p1a: Dragapult|37/100|[from] item: Leftovers
|upkeep
|turn|14
|
|move|p1a: Dragapult|Phantom Force|p2a: Corviknight|[from]lockedmove
|-damage|p2a: Corviknight|42/100
|move|p2a: Corviknight|Brave Bird|p1a: Dragapult
|-damage|p1a: Dragapult|0 fnt
|-damage|p2a: Corviknight|32/100|[from] Recoil
|faint|p1a: Dragapult
|
|-heal|p2a: Corviknight|39/100|[from] item: Leftovers
|upkeep
|
|switch|p1a: Cinderace|Cinderace, F|69/100
|-damage|p1a: Cinderace|44/100|[from] Stealth Rock
|turn|15
|
|switch|p2a: Seismitoad|Seismitoad, F|51/100
|move|p1a: Cinderace|Pyro Ball|p2a: Seismitoad
|-resisted|p2a: Seismitoad
|-damage|p2a: Seismitoad|29/100
|-status|p2a: Seismitoad|brn
|
|-heal|p2a: Seismitoad|36/100 brn|[from] item: Leftovers
|-damage|p2a: Seismitoad|29/100 brn|[from] brn
|upkeep
|turn|16
|
|move|p1a: Cinderace|Court Change|p1a: Cinderace
|-sideend|p1: TheNucleo|Stealth Rock|[silent]
|-sidestart|p2: UberPyro5|Stealth Rock|[silent]
|-activate|p1a: Cinderace|move: Court Change
|move|p2a: Seismitoad|Scald|p1a: Cinderace
|-supereffective|p1a: Cinderace
|-crit|p1a: Cinderace
|-damage|p1a: Cinderace|0 fnt
|faint|p1a: Cinderace
|
|-heal|p2a: Seismitoad|36/100 brn|[from] item: Leftovers
|-damage|p2a: Seismitoad|29/100 brn|[from] brn
|upkeep
|
|switch|p1a: Corviknight|Corviknight, M|100/100
|-ability|p1a: Corviknight|Pressure
|turn|17
|
|switch|p2a: Mandibuzz|Mandibuzz, F|56/100
|move|p1a: Corviknight|Reflect|p1a: Corviknight
|-sidestart|p1: TheNucleo|Reflect
|
|upkeep
|turn|18
|
|move|p1a: Corviknight|Light Screen|p1a: Corviknight
|-sidestart|p1: TheNucleo|move: Light Screen
|move|p2a: Mandibuzz|Taunt|p1a: Corviknight
|-start|p1a: Corviknight|move: Taunt
|
|upkeep
|turn|19
|
|move|p1a: Corviknight|U-turn|p2a: Mandibuzz
|-damage|p2a: Mandibuzz|44/100
|
|switch|p1a: Seismitoad|Seismitoad, F|100/100|[from]move: U-turn
|move|p2a: Mandibuzz|Defog|p1a: Seismitoad
|-unboost|p1a: Seismitoad|evasion|1
|-sideend|p1: TheNucleo|Reflect
|-sideend|p1: TheNucleo|move: Light Screen
|-sideend|p2: UberPyro5|Stealth Rock|[from] move: Defog|[of] p2a: Mandibuzz
|
|upkeep
|turn|20
|
|move|p2a: Mandibuzz|Taunt|p1a: Seismitoad
|-start|p1a: Seismitoad|move: Taunt
|move|p1a: Seismitoad|Scald|p2a: Mandibuzz
|-damage|p2a: Mandibuzz|29/100
|-status|p2a: Mandibuzz|brn
|
|-damage|p2a: Mandibuzz|23/100 brn|[from] brn
|upkeep
|turn|21
|
|move|p2a: Mandibuzz|Roost|p2a: Mandibuzz
|-heal|p2a: Mandibuzz|73/100 brn
|-singleturn|p2a: Mandibuzz|move: Roost
|move|p1a: Seismitoad|Scald|p2a: Mandibuzz
|-damage|p2a: Mandibuzz|59/100 brn
|
|-damage|p2a: Mandibuzz|52/100 brn|[from] brn
|upkeep
|turn|22
|
|move|p2a: Mandibuzz|Roost|p2a: Mandibuzz
|-heal|p2a: Mandibuzz|100/100 brn
|-singleturn|p2a: Mandibuzz|move: Roost
|move|p1a: Seismitoad|Scald|p2a: Mandibuzz
|-damage|p2a: Mandibuzz|87/100 brn
|
|-damage|p2a: Mandibuzz|81/100 brn|[from] brn
|-end|p1a: Seismitoad|move: Taunt
|upkeep
|turn|23
|
|move|p2a: Mandibuzz|Taunt|p1a: Seismitoad
|-start|p1a: Seismitoad|move: Taunt
|cant|p1a: Seismitoad|move: Taunt|Toxic
|
|-damage|p2a: Mandibuzz|75/100 brn|[from] brn
|upkeep
|turn|24
|
|switch|p2a: Conkeldurr|Conkeldurr, F|100/100
|move|p1a: Seismitoad|Scald|p2a: Conkeldurr
|-damage|p2a: Conkeldurr|72/100
|-status|p2a: Conkeldurr|brn
|
|-damage|p2a: Conkeldurr|66/100 brn|[from] brn
|upkeep
|turn|25
|
|move|p1a: Seismitoad|Scald|p2a: Conkeldurr
|-damage|p2a: Conkeldurr|35/100 brn
|move|p2a: Conkeldurr|Drain Punch|p1a: Seismitoad
|-damage|p1a: Seismitoad|51/100
|-heal|p2a: Conkeldurr|60/100 brn|[from] drain|[of] p1a: Seismitoad
|
|-damage|p2a: Conkeldurr|54/100 brn|[from] brn
|-end|p1a: Seismitoad|move: Taunt
|upkeep
|turn|26
|
|move|p1a: Seismitoad|Toxic||[still]
|-fail|p1a: Seismitoad
|move|p2a: Conkeldurr|Drain Punch|p1a: Seismitoad
|-crit|p1a: Seismitoad
|-damage|p1a: Seismitoad|0 fnt
|-heal|p2a: Conkeldurr|79/100 brn|[from] drain|[of] p1a: Seismitoad
|faint|p1a: Seismitoad
|
|-damage|p2a: Conkeldurr|73/100 brn|[from] brn
|upkeep
|
|switch|p1a: Clefable|Clefable, M|100/100
|turn|27
|
|switch|p2a: Rotom|Rotom-Heat|100/100
|move|p1a: Clefable|Moonblast|p2a: Rotom
|-resisted|p2a: Rotom
|-damage|p2a: Rotom|68/100
|
|-heal|p2a: Rotom|74/100|[from] item: Leftovers
|upkeep
|turn|28
|
|move|p2a: Rotom|Nasty Plot|p2a: Rotom
|-boost|p2a: Rotom|spa|2
|move|p1a: Clefable|Moonblast|p2a: Rotom
|-resisted|p2a: Rotom
|-damage|p2a: Rotom|43/100
|-unboost|p2a: Rotom|spa|1
|
|-heal|p2a: Rotom|49/100|[from] item: Leftovers
|upkeep
|turn|29
|
|move|p2a: Rotom|Nasty Plot|p2a: Rotom
|-boost|p2a: Rotom|spa|2
|move|p1a: Clefable|Moonblast|p2a: Rotom
|-resisted|p2a: Rotom
|-damage|p2a: Rotom|20/100
|
|-heal|p2a: Rotom|26/100|[from] item: Leftovers
|upkeep
|turn|30
|
|move|p2a: Rotom|Overheat|p1a: Clefable
|-damage|p1a: Clefable|0 fnt
|-unboost|p2a: Rotom|spa|2
|faint|p1a: Clefable
|
|-heal|p2a: Rotom|32/100|[from] item: Leftovers
|upkeep
|
|switch|p1a: Corviknight|Corviknight, M|100/100
|-ability|p1a: Corviknight|Pressure
|turn|31
|
|move|p2a: Rotom|Volt Switch|p1a: Corviknight
|-supereffective|p1a: Corviknight
|-damage|p1a: Corviknight|30/100
|
|switch|p2a: Dragapult|Dragapult, F|91/100|[from]move: Volt Switch
|move|p1a: Corviknight|U-turn|p2a: Dragapult
|-resisted|p2a: Dragapult
|-damage|p2a: Dragapult|82/100
|
|upkeep
|turn|32
|c|☆UberPyro5|gg
|c|☆TheNucleo|I fucked it up x)
|
|move|p2a: Dragapult|Thunderbolt|p1a: Corviknight
|-supereffective|p1a: Corviknight
|-damage|p1a: Corviknight|0 fnt
|faint|p1a: Corviknight
|
|win|UberPyro5
|raw|TheNucleo's rating: 1104 → 1077(-27 for losing)
|raw|UberPyro5's rating: 1085 → 1113(+28 for winning)
