|ScrapeTime|2020-01-01-05:15:56
|j|☆KingQKV
|j|☆vivitheblackmage
|player|p1|KingQKV|shadowtriad|1386
|player|p2|vivitheblackmage|swimmer-gen4dp|1334
|teamsize|p1|6
|teamsize|p2|6
|gametype|singles
|gen|8
|tier|[Gen 8] OU
|rated|
|rule|Sleep Clause Mod: Limit one foe put to sleep
|rule|Species Clause: Limit one of each Pokémon
|rule|OHKO Clause: OHKO moves are banned
|rule|Evasion Moves Clause: Evasion moves are banned
|rule|Endless Battle Clause: Forcing endless battles is banned
|rule|HP Percentage Mod: HP is shown in percentages
|clearpoke
|poke|p1|Cinccino, F|
|poke|p1|Dugtrio, M|
|poke|p1|Salazzle, F|
|poke|p1|Gengar, F|
|poke|p1|Jellicent, F|
|poke|p1|Grimmsnarl, M|
|poke|p2|Clefable, F|
|poke|p2|Corviknight, F|
|poke|p2|Conkeldurr, M|
|poke|p2|Dracovish|
|poke|p2|Toxapex, M|
|poke|p2|Mandibuzz, F|
|rule|Dynamax Clause: You cannot dynamax
|teampreview
|
|start
|switch|p1a: Cardi B|Salazzle, F|100/100
|switch|p2a: Dracovish|Dracovish|100/100
|turn|1
|inactive|Battle timer is ON: inactive players will automatically lose when time's up. (requested by vivitheblackmage)
|
|move|p2a: Dracovish|Fishious Rend|p1a: Cardi B
|-supereffective|p1a: Cardi B
|-enditem|p1a: Cardi B|Focus Sash
|-damage|p1a: Cardi B|1/100
|move|p1a: Cardi B|Toxic|p2a: Dracovish
|-status|p2a: Dracovish|tox
|
|-damage|p2a: Dracovish|94/100 tox|[from] psn
|upkeep
|turn|2
|
|switch|p2a: Mandibuzz|Mandibuzz, F|100/100
|switch|p1a: Peanut Butter|Jellicent, F|100/100
|
|upkeep
|turn|3
|
|move|p2a: Mandibuzz|Knock Off|p1a: Peanut Butter
|-supereffective|p1a: Peanut Butter
|-damage|p1a: Peanut Butter|65/100
|-enditem|p1a: Peanut Butter|Leftovers|[from] move: Knock Off|[of] p2a: Mandibuzz
|move|p1a: Peanut Butter|Night Shade|p2a: Mandibuzz
|-damage|p2a: Mandibuzz|77/100
|
|upkeep
|turn|4
|
|switch|p2a: Toxapex|Toxapex, M|100/100
|move|p1a: Peanut Butter|Strength Sap|p2a: Toxapex
|-unboost|p2a: Toxapex|atk|1
|-heal|p1a: Peanut Butter|94/100
|
|upkeep
|turn|5
|
|switch|p2a: Mandibuzz|Mandibuzz, F|77/100
|move|p1a: Peanut Butter|Night Shade|p2a: Mandibuzz
|-damage|p2a: Mandibuzz|53/100
|
|upkeep
|turn|6
|
|move|p2a: Mandibuzz|Roost|p2a: Mandibuzz
|-heal|p2a: Mandibuzz|100/100
|-singleturn|p2a: Mandibuzz|move: Roost
|move|p1a: Peanut Butter|Will-O-Wisp|p2a: Mandibuzz|[miss]
|-miss|p1a: Peanut Butter|p2a: Mandibuzz
|
|upkeep
|turn|7
|
|move|p2a: Mandibuzz|U-turn|p1a: Peanut Butter
|-resisted|p1a: Peanut Butter
|-crit|p1a: Peanut Butter
|-damage|p1a: Peanut Butter|87/100
|
|switch|p2a: Toxapex|Toxapex, M|100/100|[from]move: U-turn
|move|p1a: Peanut Butter|Night Shade|p2a: Toxapex
|-damage|p2a: Toxapex|68/100
|
|-heal|p2a: Toxapex|74/100|[from] item: Black Sludge
|upkeep
|turn|8
|
|move|p1a: Peanut Butter|Night Shade|p2a: Toxapex
|-damage|p2a: Toxapex|41/100
|move|p2a: Toxapex|Toxic|p1a: Peanut Butter
|-status|p1a: Peanut Butter|tox
|
|-heal|p2a: Toxapex|47/100|[from] item: Black Sludge
|-damage|p1a: Peanut Butter|81/100 tox|[from] psn
|upkeep
|turn|9
|
|switch|p1a: Ed Edd & Eddy|Dugtrio, M|100/100
|move|p2a: Toxapex|Recover|p2a: Toxapex
|-heal|p2a: Toxapex|97/100
|
|-heal|p2a: Toxapex|100/100|[from] item: Black Sludge
|upkeep
|turn|10
|
|move|p1a: Ed Edd & Eddy|Earthquake|p2a: Toxapex
|-supereffective|p2a: Toxapex
|-damage|p2a: Toxapex|18/100
|move|p2a: Toxapex|Scald|p1a: Ed Edd & Eddy
|-supereffective|p1a: Ed Edd & Eddy
|-damage|p1a: Ed Edd & Eddy|32/100
|
|-heal|p2a: Toxapex|24/100|[from] item: Black Sludge
|upkeep
|turn|11
|
|move|p1a: Ed Edd & Eddy|Earthquake|p2a: Toxapex
|-supereffective|p2a: Toxapex
|-damage|p2a: Toxapex|0 fnt
|faint|p2a: Toxapex
|
|upkeep
|
|switch|p2a: Dracovish|Dracovish|94/100 tox
|turn|12
|
|switch|p1a: Peanut Butter|Jellicent, F|81/100 tox
|move|p2a: Dracovish|Fishious Rend|p1a: Peanut Butter
|-heal|p1a: Peanut Butter|100/100 tox|[from] ability: Water Absorb|[of] p2a: Dracovish
|
|-damage|p2a: Dracovish|88/100 tox|[from] psn
|-damage|p1a: Peanut Butter|94/100 tox|[from] psn
|upkeep
|turn|13
|
|switch|p2a: Mandibuzz|Mandibuzz, F|100/100
|move|p1a: Peanut Butter|Night Shade|p2a: Mandibuzz
|-damage|p2a: Mandibuzz|77/100
|
|-damage|p1a: Peanut Butter|82/100 tox|[from] psn
|upkeep
|turn|14
|
|move|p2a: Mandibuzz|Knock Off|p1a: Peanut Butter
|-supereffective|p1a: Peanut Butter
|-damage|p1a: Peanut Butter|56/100 tox
|move|p1a: Peanut Butter|Scald|p2a: Mandibuzz
|-damage|p2a: Mandibuzz|63/100
|-status|p2a: Mandibuzz|brn
|
|-damage|p2a: Mandibuzz|56/100 brn|[from] brn
|-damage|p1a: Peanut Butter|37/100 tox|[from] psn
|upkeep
|turn|15
|
|move|p2a: Mandibuzz|Roost|p2a: Mandibuzz
|-heal|p2a: Mandibuzz|100/100 brn
|-singleturn|p2a: Mandibuzz|move: Roost
|move|p1a: Peanut Butter|Strength Sap|p2a: Mandibuzz
|-unboost|p2a: Mandibuzz|atk|1
|-heal|p1a: Peanut Butter|79/100 tox
|
|-damage|p2a: Mandibuzz|94/100 brn|[from] brn
|-damage|p1a: Peanut Butter|54/100 tox|[from] psn
|upkeep
|turn|16
|
|move|p2a: Mandibuzz|Knock Off|p1a: Peanut Butter
|-supereffective|p1a: Peanut Butter
|-damage|p1a: Peanut Butter|45/100 tox
|move|p1a: Peanut Butter|Strength Sap|p2a: Mandibuzz
|-unboost|p2a: Mandibuzz|atk|1
|-heal|p1a: Peanut Butter|73/100 tox
|
|-damage|p2a: Mandibuzz|88/100 brn|[from] brn
|-damage|p1a: Peanut Butter|42/100 tox|[from] psn
|upkeep
|turn|17
|inactive|KingQKV has 120 seconds left.
|
|switch|p1a: Extra Foam|Cinccino, F|100/100
|move|p2a: Mandibuzz|Knock Off|p1a: Extra Foam
|-damage|p1a: Extra Foam|91/100
|-enditem|p1a: Extra Foam|Life Orb|[from] move: Knock Off|[of] p2a: Mandibuzz
|
|-damage|p2a: Mandibuzz|82/100 brn|[from] brn
|upkeep
|turn|18
|inactive|KingQKV has 120 seconds left.
|
|switch|p2a: Corviknight|Corviknight, F|100/100
|-ability|p2a: Corviknight|Pressure
|move|p1a: Extra Foam|Tail Slap|p2a: Corviknight|[miss]
|-miss|p1a: Extra Foam|p2a: Corviknight
|
|upkeep
|turn|19
|inactive|KingQKV has 120 seconds left.
|
|switch|p1a: Gir|Gengar, F|100/100
|move|p2a: Corviknight|Brave Bird|p1a: Gir
|-damage|p1a: Gir|25/100
|-damage|p2a: Corviknight|84/100|[from] Recoil
|
|-heal|p2a: Corviknight|90/100|[from] item: Leftovers
|upkeep
|turn|20
|inactive|KingQKV has 120 seconds left.
|
|move|p1a: Gir|Thunderbolt|p2a: Corviknight
|-supereffective|p2a: Corviknight
|-damage|p2a: Corviknight|27/100
|move|p2a: Corviknight|Brave Bird|p1a: Gir
|-damage|p1a: Gir|0 fnt
|-damage|p2a: Corviknight|22/100|[from] Recoil
|faint|p1a: Gir
|
|-heal|p2a: Corviknight|29/100|[from] item: Leftovers
|upkeep
|inactive|KingQKV has 120 seconds left.
|
|switch|p1a: Cardi B|Salazzle, F|1/100
|turn|21
|inactive|KingQKV has 120 seconds left.
|
|switch|p2a: Mandibuzz|Mandibuzz, F|82/100 brn
|move|p1a: Cardi B|Endeavor|p2a: Mandibuzz
|-damage|p2a: Mandibuzz|1/100 brn
|
|-damage|p2a: Mandibuzz|0 fnt|[from] brn
|faint|p2a: Mandibuzz
|upkeep
|
|switch|p2a: Dracovish|Dracovish|88/100 tox
|turn|22
|
|move|p1a: Cardi B|Protect|p1a: Cardi B
|-singleturn|p1a: Cardi B|Protect
|move|p2a: Dracovish|Crunch|p1a: Cardi B
|-activate|p1a: Cardi B|move: Protect
|
|-damage|p2a: Dracovish|82/100 tox|[from] psn
|upkeep
|turn|23
|
|switch|p2a: Clefable|Clefable, F|100/100
|switch|p1a: Clyde Shelton|Grimmsnarl, M|100/100
|
|upkeep
|turn|24
|
|move|p2a: Clefable|Moonblast|p1a: Clyde Shelton
|-supereffective|p1a: Clyde Shelton
|-damage|p1a: Clyde Shelton|19/100
|move|p1a: Clyde Shelton|Play Rough|p2a: Clefable
|-damage|p2a: Clefable|54/100
|
|-heal|p1a: Clyde Shelton|25/100|[from] item: Leftovers
|upkeep
|turn|25
|inactive|KingQKV has 120 seconds left.
|
|switch|p1a: Extra Foam|Cinccino, F|91/100
|move|p2a: Clefable|Moonblast|p1a: Extra Foam
|-damage|p1a: Extra Foam|0 fnt
|faint|p1a: Extra Foam
|
|upkeep
|inactive|KingQKV has 120 seconds left.
|
|switch|p1a: Ed Edd & Eddy|Dugtrio, M|32/100
|turn|26
|
|move|p1a: Ed Edd & Eddy|Earthquake|p2a: Clefable
|-damage|p2a: Clefable|0 fnt
|faint|p2a: Clefable
|
|upkeep
|
|switch|p2a: Conkeldurr|Conkeldurr, M|100/100
|turn|27
|
|switch|p1a: Peanut Butter|Jellicent, F|42/100 tox
|move|p2a: Conkeldurr|Earthquake|p1a: Peanut Butter
|-damage|p1a: Peanut Butter|8/100 tox
|
|-damage|p1a: Peanut Butter|2/100 tox|[from] psn
|-status|p2a: Conkeldurr|brn|[from] item: Flame Orb
|upkeep
|turn|28
|
|move|p1a: Peanut Butter|Strength Sap|p2a: Conkeldurr
|-unboost|p2a: Conkeldurr|atk|1
|-heal|p1a: Peanut Butter|100/100 tox
|move|p2a: Conkeldurr|Earthquake|p1a: Peanut Butter
|-damage|p1a: Peanut Butter|70/100 tox
|
|-damage|p1a: Peanut Butter|57/100 tox|[from] psn
|-damage|p2a: Conkeldurr|94/100 brn|[from] brn
|upkeep
|turn|29
|
|move|p1a: Peanut Butter|Strength Sap|p2a: Conkeldurr
|-unboost|p2a: Conkeldurr|atk|1
|-heal|p1a: Peanut Butter|100/100 tox
|move|p2a: Conkeldurr|Thunder Punch|p1a: Peanut Butter
|-supereffective|p1a: Peanut Butter
|-damage|p1a: Peanut Butter|65/100 tox
|
|-damage|p1a: Peanut Butter|46/100 tox|[from] psn
|-damage|p2a: Conkeldurr|88/100 brn|[from] brn
|upkeep
|turn|30
|
|move|p1a: Peanut Butter|Strength Sap|p2a: Conkeldurr
|-unboost|p2a: Conkeldurr|atk|1
|-heal|p1a: Peanut Butter|98/100 tox
|move|p2a: Conkeldurr|Thunder Punch|p1a: Peanut Butter
|-supereffective|p1a: Peanut Butter
|-damage|p1a: Peanut Butter|71/100 tox
|
|-damage|p1a: Peanut Butter|46/100 tox|[from] psn
|-damage|p2a: Conkeldurr|82/100 brn|[from] brn
|upkeep
|turn|31
|
|switch|p1a: Ed Edd & Eddy|Dugtrio, M|32/100
|move|p2a: Conkeldurr|Thunder Punch|p1a: Ed Edd & Eddy
|-immune|p1a: Ed Edd & Eddy
|
|-damage|p2a: Conkeldurr|76/100 brn|[from] brn
|upkeep
|turn|32
|
|move|p2a: Conkeldurr|Mach Punch|p1a: Ed Edd & Eddy
|-damage|p1a: Ed Edd & Eddy|0 fnt
|faint|p1a: Ed Edd & Eddy
|
|-damage|p2a: Conkeldurr|70/100 brn|[from] brn
|upkeep
|
|switch|p1a: Clyde Shelton|Grimmsnarl, M|25/100
|turn|33
|
|switch|p2a: Corviknight|Corviknight, F|29/100
|-ability|p2a: Corviknight|Pressure
|move|p1a: Clyde Shelton|Play Rough|p2a: Corviknight
|-resisted|p2a: Corviknight
|-damage|p2a: Corviknight|17/100
|
|-heal|p2a: Corviknight|23/100|[from] item: Leftovers
|-heal|p1a: Clyde Shelton|31/100|[from] item: Leftovers
|upkeep
|turn|34
|
|move|p2a: Corviknight|Roost|p2a: Corviknight
|-heal|p2a: Corviknight|73/100
|-singleturn|p2a: Corviknight|move: Roost
|move|p1a: Clyde Shelton|Darkest Lariat|p2a: Corviknight
|-damage|p2a: Corviknight|52/100
|
|-heal|p2a: Corviknight|58/100|[from] item: Leftovers
|-heal|p1a: Clyde Shelton|38/100|[from] item: Leftovers
|upkeep
|turn|35
|
|move|p1a: Clyde Shelton|Thunder Wave|p2a: Corviknight|[miss]
|-miss|p1a: Clyde Shelton|p2a: Corviknight
|move|p2a: Corviknight|Roost|p2a: Corviknight
|-heal|p2a: Corviknight|100/100
|-singleturn|p2a: Corviknight|move: Roost
|
|-heal|p1a: Clyde Shelton|44/100|[from] item: Leftovers
|upkeep
|turn|36
|
|move|p1a: Clyde Shelton|Thunder Wave|p2a: Corviknight
|-status|p2a: Corviknight|par
|move|p2a: Corviknight|Brave Bird|p1a: Clyde Shelton
|-damage|p1a: Clyde Shelton|0 fnt
|-damage|p2a: Corviknight|86/100 par|[from] Recoil
|faint|p1a: Clyde Shelton
|
|-heal|p2a: Corviknight|93/100 par|[from] item: Leftovers
|upkeep
|
|switch|p1a: Cardi B|Salazzle, F|1/100
|turn|37
|
|move|p1a: Cardi B|Flamethrower|p2a: Corviknight
|-supereffective|p2a: Corviknight
|-damage|p2a: Corviknight|24/100 par
|move|p2a: Corviknight|U-turn|p1a: Cardi B
|-resisted|p1a: Cardi B
|-damage|p1a: Cardi B|0 fnt
|faint|p1a: Cardi B
|
|switch|p2a: Dracovish|Dracovish|82/100 tox|[from]move: U-turn
|
|-damage|p2a: Dracovish|76/100 tox|[from] psn
|upkeep
|
|switch|p1a: Peanut Butter|Jellicent, F|46/100 tox
|turn|38
|
|move|p2a: Dracovish|Crunch|p1a: Peanut Butter
|-supereffective|p1a: Peanut Butter
|-damage|p1a: Peanut Butter|0 fnt
|faint|p1a: Peanut Butter
|
|win|vivitheblackmage
|raw|KingQKV's rating: 1386 → 1362(-24 for losing)
|raw|vivitheblackmage's rating: 1316 → 1340(+24 for winning)
|c|☆vivitheblackmage|easy game noob
|l|☆KingQKV
