|ScrapeTime|2020-01-01-05:15:39
|j|☆PKS Itchy Eyes
|j|☆IOUSlasher
|player|p1|PKS Itchy Eyes|2|
|player|p2|IOUSlasher|swimmer-gen4|
|teamsize|p1|6
|teamsize|p2|6
|gametype|singles
|gen|8
|tier|[Gen 8] OU
|rule|Sleep Clause Mod: Limit one foe put to sleep
|rule|Species Clause: Limit one of each Pokémon
|rule|OHKO Clause: OHKO moves are banned
|rule|Evasion Moves Clause: Evasion moves are banned
|rule|Endless Battle Clause: Forcing endless battles is banned
|rule|HP Percentage Mod: HP is shown in percentages
|clearpoke
|poke|p1|Corviknight, F|
|poke|p1|Rotom-Heat|
|poke|p1|Toxapex, M|
|poke|p1|Bisharp, F|
|poke|p1|Toxtricity, F|
|poke|p1|Flygon, F|
|poke|p2|Snorlax, F|
|poke|p2|Dragapult, F|
|poke|p2|Ditto|
|poke|p2|Seismitoad, F|
|poke|p2|Cinderace, M|
|poke|p2|Sylveon, M|
|rule|Dynamax Clause: You cannot dynamax
|teampreview
|
|start
|switch|p1a: Rotom|Rotom-Heat|100/100
|switch|p2a: Dragapult|Dragapult, F|100/100
|turn|1
|
|move|p1a: Rotom|Shadow Ball|p2a: Dragapult
|-supereffective|p2a: Dragapult
|-damage|p2a: Dragapult|45/100
|move|p2a: Dragapult|Substitute|p2a: Dragapult
|-start|p2a: Dragapult|Substitute
|-damage|p2a: Dragapult|20/100
|
|-heal|p2a: Dragapult|26/100|[from] item: Leftovers
|upkeep
|turn|2
|
|move|p1a: Rotom|Shadow Ball|p2a: Dragapult
|-supereffective|p2a: Dragapult
|-end|p2a: Dragapult|Substitute
|move|p2a: Dragapult|Shadow Ball|p1a: Rotom
|-damage|p1a: Rotom|63/100
|-unboost|p1a: Rotom|spd|1
|
|-heal|p2a: Dragapult|32/100|[from] item: Leftovers
|upkeep
|turn|3
|j| Pks khaos
|
|switch|p2a: Seismitoad|Seismitoad, F|100/100
|move|p1a: Rotom|Shadow Ball|p2a: Seismitoad
|-damage|p2a: Seismitoad|74/100
|
|-heal|p2a: Seismitoad|80/100|[from] item: Leftovers
|upkeep
|turn|4
|
|switch|p1a: Corviknight|Corviknight, F|100/100
|-ability|p1a: Corviknight|Pressure
|move|p2a: Seismitoad|Scald|p1a: Corviknight
|-damage|p1a: Corviknight|82/100
|
|-heal|p1a: Corviknight|89/100|[from] item: Leftovers
|-heal|p2a: Seismitoad|86/100|[from] item: Leftovers
|upkeep
|turn|5
|
|switch|p2a: Cinderace|Cinderace, M|100/100
|move|p1a: Corviknight|Substitute|p1a: Corviknight
|-start|p1a: Corviknight|Substitute
|-damage|p1a: Corviknight|64/100
|
|-heal|p1a: Corviknight|70/100|[from] item: Leftovers
|upkeep
|turn|6
|
|move|p2a: Cinderace|Pyro Ball|p1a: Corviknight
|-supereffective|p1a: Corviknight
|-end|p1a: Corviknight|Substitute
|-damage|p2a: Cinderace|91/100|[from] item: Life Orb
|move|p1a: Corviknight|Brave Bird|p2a: Cinderace
|-damage|p2a: Cinderace|40/100
|-damage|p1a: Corviknight|57/100|[from] Recoil
|
|-heal|p1a: Corviknight|63/100|[from] item: Leftovers
|upkeep
|turn|7
|
|switch|p1a: Toxapex|Toxapex, M|100/100
|move|p2a: Cinderace|U-turn|p1a: Toxapex
|-resisted|p1a: Toxapex
|-damage|p1a: Toxapex|92/100
|-damage|p2a: Cinderace|30/100|[from] item: Life Orb
|
|switch|p2a: Seismitoad|Seismitoad, F|86/100|[from]move: U-turn
|
|-heal|p2a: Seismitoad|92/100|[from] item: Leftovers
|-heal|p1a: Toxapex|98/100|[from] item: Black Sludge
|upkeep
|turn|8
|
|move|p2a: Seismitoad|Stealth Rock|p1a: Toxapex
|-sidestart|p1: PKS Itchy Eyes|move: Stealth Rock
|move|p1a: Toxapex|Toxic|p2a: Seismitoad
|-status|p2a: Seismitoad|tox
|
|-heal|p2a: Seismitoad|98/100 tox|[from] item: Leftovers
|-heal|p1a: Toxapex|100/100|[from] item: Black Sludge
|-damage|p2a: Seismitoad|92/100 tox|[from] psn
|upkeep
|turn|9
|j| Pks Young Laddery
|
|move|p2a: Seismitoad|Earth Power|p1a: Toxapex
|-supereffective|p1a: Toxapex
|-damage|p1a: Toxapex|57/100
|move|p1a: Toxapex|Recover|p1a: Toxapex
|-heal|p1a: Toxapex|100/100
|
|-heal|p2a: Seismitoad|98/100 tox|[from] item: Leftovers
|-damage|p2a: Seismitoad|86/100 tox|[from] psn
|upkeep
|turn|10
|
|switch|p2a: Ditto|Ditto|100/100
|-transform|p2a: Ditto|p1a: Toxapex|[from] ability: Imposter
|move|p1a: Toxapex|Toxic|p2a: Ditto
|-immune|p2a: Ditto
|
|upkeep
|turn|11
|c|☆PKS Itchy Eyes|here they are
|
|switch|p2a: Sylveon|Sylveon, M|100/100
|move|p1a: Toxapex|Scald|p2a: Sylveon
|-damage|p2a: Sylveon|92/100
|
|-heal|p2a: Sylveon|98/100|[from] item: Leftovers
|upkeep
|turn|12
|
|switch|p2a: Snorlax|Snorlax, F|100/100
|move|p1a: Toxapex|Toxic|p2a: Snorlax
|-status|p2a: Snorlax|tox
|
|-damage|p2a: Snorlax|94/100 tox|[from] psn
|upkeep
|turn|13
|
|move|p1a: Toxapex|Recover||[still]
|-fail|p1a: Toxapex|heal
|move|p2a: Snorlax|Facade|p1a: Toxapex
|-damage|p1a: Toxapex|60/100
|
|-heal|p1a: Toxapex|66/100|[from] item: Black Sludge
|-damage|p2a: Snorlax|82/100 tox|[from] psn
|upkeep
|turn|14
|
|move|p1a: Toxapex|Recover|p1a: Toxapex
|-heal|p1a: Toxapex|100/100
|move|p2a: Snorlax|Belly Drum|p2a: Snorlax
|-damage|p2a: Snorlax|32/100 tox
|-setboost|p2a: Snorlax|atk|6|[from] move: Belly Drum
|-enditem|p2a: Snorlax|Figy Berry|[eat]
|-heal|p2a: Snorlax|65/100 tox|[from] item: Figy Berry
|
|-damage|p2a: Snorlax|47/100 tox|[from] psn
|upkeep
|turn|15
|
|move|p1a: Toxapex|Recover||[still]
|-fail|p1a: Toxapex|heal
|move|p2a: Snorlax|Facade|p1a: Toxapex
|-damage|p1a: Toxapex|0 fnt
|faint|p1a: Toxapex
|
|-damage|p2a: Snorlax|22/100 tox|[from] psn
|upkeep
|inactive|Battle timer is ON: inactive players will automatically lose when time's up. (requested by IOUSlasher)
|l| Pks Young Laddery
|inactive|PKS Itchy Eyes has 270 seconds left.
|
|switch|p1a: Flygon|Flygon, F|100/100
|-damage|p1a: Flygon|95/100|[from] Stealth Rock
|turn|16
|
|move|p1a: Flygon|Earthquake|p2a: Snorlax
|-damage|p2a: Snorlax|0 fnt
|faint|p2a: Snorlax
|
|upkeep
|
|switch|p2a: Ditto|Ditto|100/100
|-transform|p2a: Ditto|p1a: Flygon|[from] ability: Imposter
|turn|17
|j| Pks Young Laddery
|
|switch|p1a: Corviknight|Corviknight, F|63/100
|-damage|p1a: Corviknight|51/100|[from] Stealth Rock
|-ability|p1a: Corviknight|Pressure
|move|p2a: Ditto|Outrage|p1a: Corviknight
|-resisted|p1a: Corviknight
|-damage|p1a: Corviknight|31/100
|
|-heal|p1a: Corviknight|38/100|[from] item: Leftovers
|upkeep
|turn|18
|
|move|p2a: Ditto|Outrage|p1a: Corviknight|[from]lockedmove
|-resisted|p1a: Corviknight
|-damage|p1a: Corviknight|17/100
|-start|p2a: Ditto|confusion|[fatigue]
|move|p1a: Corviknight|Roost|p1a: Corviknight
|-heal|p1a: Corviknight|67/100
|-singleturn|p1a: Corviknight|move: Roost
|
|-heal|p1a: Corviknight|73/100|[from] item: Leftovers
|upkeep
|turn|19
|
|switch|p2a: Cinderace|Cinderace, M|30/100
|move|p1a: Corviknight|Substitute|p1a: Corviknight
|-start|p1a: Corviknight|Substitute
|-damage|p1a: Corviknight|48/100
|
|-heal|p1a: Corviknight|54/100|[from] item: Leftovers
|upkeep
|turn|20
|
|move|p2a: Cinderace|Pyro Ball|p1a: Corviknight
|-supereffective|p1a: Corviknight
|-end|p1a: Corviknight|Substitute
|-damage|p2a: Cinderace|20/100|[from] item: Life Orb
|move|p1a: Corviknight|Brave Bird|p2a: Cinderace
|-damage|p2a: Cinderace|0 fnt
|-damage|p1a: Corviknight|50/100|[from] Recoil
|faint|p2a: Cinderace
|
|-heal|p1a: Corviknight|56/100|[from] item: Leftovers
|upkeep
|
|switch|p2a: Dragapult|Dragapult, F|32/100
|turn|21
|
|move|p2a: Dragapult|Shadow Ball|p1a: Corviknight
|-damage|p1a: Corviknight|33/100
|move|p1a: Corviknight|Brave Bird|p2a: Dragapult
|-damage|p2a: Dragapult|0 fnt
|-damage|p1a: Corviknight|23/100|[from] Recoil
|faint|p2a: Dragapult
|
|-heal|p1a: Corviknight|29/100|[from] item: Leftovers
|upkeep
|
|switch|p2a: Ditto|Ditto|100/100
|-transform|p2a: Ditto|p1a: Corviknight|[from] ability: Imposter
|-ability|p2a: Ditto|Pressure
|turn|22
|
|move|p2a: Ditto|Brave Bird|p1a: Corviknight
|-resisted|p1a: Corviknight
|-damage|p1a: Corviknight|15/100
|-damage|p2a: Ditto|94/100|[from] Recoil
|move|p1a: Corviknight|Roost|p1a: Corviknight
|-heal|p1a: Corviknight|65/100
|-singleturn|p1a: Corviknight|move: Roost
|
|-heal|p1a: Corviknight|72/100|[from] item: Leftovers
|upkeep
|turn|23
|
|switch|p2a: Sylveon|Sylveon, M|98/100
|move|p1a: Corviknight|Substitute|p1a: Corviknight
|-start|p1a: Corviknight|Substitute
|-damage|p1a: Corviknight|47/100
|
|-heal|p1a: Corviknight|53/100|[from] item: Leftovers
|-heal|p2a: Sylveon|100/100|[from] item: Leftovers
|upkeep
|turn|24
|
|move|p1a: Corviknight|Brave Bird|p2a: Sylveon
|-damage|p2a: Sylveon|55/100
|-damage|p1a: Corviknight|38/100|[from] Recoil
|move|p2a: Sylveon|Mystical Fire|p1a: Corviknight
|-supereffective|p1a: Corviknight
|-end|p1a: Corviknight|Substitute
|
|-heal|p1a: Corviknight|44/100|[from] item: Leftovers
|-heal|p2a: Sylveon|61/100|[from] item: Leftovers
|upkeep
|turn|25
|
|move|p1a: Corviknight|Roost|p1a: Corviknight
|-heal|p1a: Corviknight|94/100
|-singleturn|p1a: Corviknight|move: Roost
|move|p2a: Sylveon|Wish|p2a: Sylveon
|
|-heal|p1a: Corviknight|100/100|[from] item: Leftovers
|-heal|p2a: Sylveon|68/100|[from] item: Leftovers
|upkeep
|turn|26
|
|move|p2a: Sylveon|Protect|p2a: Sylveon
|-singleturn|p2a: Sylveon|Protect
|move|p1a: Corviknight|Brave Bird|p2a: Sylveon
|-activate|p2a: Sylveon|move: Protect
|
|-heal|p2a: Sylveon|100/100|[from] move: Wish|[wisher] Sylveon
|upkeep
|turn|27
|
|move|p1a: Corviknight|Brave Bird|p2a: Sylveon
|-damage|p2a: Sylveon|56/100
|-damage|p1a: Corviknight|86/100|[from] Recoil
|move|p2a: Sylveon|Mystical Fire|p1a: Corviknight
|-supereffective|p1a: Corviknight
|-damage|p1a: Corviknight|59/100
|-unboost|p1a: Corviknight|spa|1
|
|-heal|p1a: Corviknight|65/100|[from] item: Leftovers
|-heal|p2a: Sylveon|62/100|[from] item: Leftovers
|upkeep
|turn|28
|
|move|p1a: Corviknight|Brave Bird|p2a: Sylveon
|-damage|p2a: Sylveon|20/100
|-damage|p1a: Corviknight|52/100|[from] Recoil
|move|p2a: Sylveon|Wish|p2a: Sylveon
|
|-heal|p1a: Corviknight|58/100|[from] item: Leftovers
|-heal|p2a: Sylveon|26/100|[from] item: Leftovers
|upkeep
|turn|29
|
|move|p2a: Sylveon|Protect|p2a: Sylveon
|-singleturn|p2a: Sylveon|Protect
|move|p1a: Corviknight|Substitute|p1a: Corviknight
|-start|p1a: Corviknight|Substitute
|-damage|p1a: Corviknight|33/100
|
|-heal|p2a: Sylveon|76/100|[from] move: Wish|[wisher] Sylveon
|-heal|p1a: Corviknight|39/100|[from] item: Leftovers
|-heal|p2a: Sylveon|82/100|[from] item: Leftovers
|upkeep
|turn|30
|
|move|p1a: Corviknight|Brave Bird|p2a: Sylveon
|-damage|p2a: Sylveon|39/100
|-damage|p1a: Corviknight|25/100|[from] Recoil
|move|p2a: Sylveon|Mystical Fire|p1a: Corviknight
|-supereffective|p1a: Corviknight
|-end|p1a: Corviknight|Substitute
|
|-heal|p1a: Corviknight|31/100|[from] item: Leftovers
|-heal|p2a: Sylveon|45/100|[from] item: Leftovers
|upkeep
|turn|31
|
|move|p1a: Corviknight|Roost|p1a: Corviknight
|-heal|p1a: Corviknight|81/100
|-singleturn|p1a: Corviknight|move: Roost
|move|p2a: Sylveon|Mystical Fire|p1a: Corviknight
|-supereffective|p1a: Corviknight
|-crit|p1a: Corviknight
|-damage|p1a: Corviknight|37/100
|-unboost|p1a: Corviknight|spa|1
|
|-heal|p1a: Corviknight|44/100|[from] item: Leftovers
|-heal|p2a: Sylveon|51/100|[from] item: Leftovers
|upkeep
|turn|32
|
|move|p1a: Corviknight|Roost|p1a: Corviknight
|-heal|p1a: Corviknight|94/100
|-singleturn|p1a: Corviknight|move: Roost
|move|p2a: Sylveon|Mystical Fire|p1a: Corviknight
|-supereffective|p1a: Corviknight
|-damage|p1a: Corviknight|67/100
|-unboost|p1a: Corviknight|spa|1
|
|-heal|p1a: Corviknight|73/100|[from] item: Leftovers
|-heal|p2a: Sylveon|57/100|[from] item: Leftovers
|upkeep
|turn|33
|
|move|p1a: Corviknight|Brave Bird|p2a: Sylveon
|-damage|p2a: Sylveon|12/100
|-damage|p1a: Corviknight|58/100|[from] Recoil
|move|p2a: Sylveon|Wish|p2a: Sylveon
|
|-heal|p1a: Corviknight|65/100|[from] item: Leftovers
|-heal|p2a: Sylveon|19/100|[from] item: Leftovers
|upkeep
|turn|34
|
|move|p1a: Corviknight|Substitute|p1a: Corviknight
|-start|p1a: Corviknight|Substitute
|-damage|p1a: Corviknight|40/100
|move|p2a: Sylveon|Mystical Fire|p1a: Corviknight
|-supereffective|p1a: Corviknight
|-end|p1a: Corviknight|Substitute
|
|-heal|p2a: Sylveon|69/100|[from] move: Wish|[wisher] Sylveon
|-heal|p1a: Corviknight|46/100|[from] item: Leftovers
|-heal|p2a: Sylveon|75/100|[from] item: Leftovers
|upkeep
|turn|35
|
|move|p1a: Corviknight|Roost|p1a: Corviknight
|-heal|p1a: Corviknight|96/100
|-singleturn|p1a: Corviknight|move: Roost
|move|p2a: Sylveon|Mystical Fire|p1a: Corviknight
|-supereffective|p1a: Corviknight
|-damage|p1a: Corviknight|68/100
|-unboost|p1a: Corviknight|spa|1
|
|-heal|p1a: Corviknight|75/100|[from] item: Leftovers
|-heal|p2a: Sylveon|81/100|[from] item: Leftovers
|upkeep
|turn|36
|
|switch|p2a: Seismitoad|Seismitoad, F|86/100 tox
|move|p1a: Corviknight|Roost|p1a: Corviknight
|-heal|p1a: Corviknight|100/100
|-singleturn|p1a: Corviknight|move: Roost
|
|-heal|p2a: Seismitoad|92/100 tox|[from] item: Leftovers
|-damage|p2a: Seismitoad|86/100 tox|[from] psn
|upkeep
|turn|37
|
|move|p1a: Corviknight|Substitute|p1a: Corviknight
|-start|p1a: Corviknight|Substitute
|-damage|p1a: Corviknight|75/100
|move|p2a: Seismitoad|Scald|p1a: Corviknight
|-activate|p1a: Corviknight|move: Substitute|[damage]
|
|-heal|p1a: Corviknight|82/100|[from] item: Leftovers
|-heal|p2a: Seismitoad|92/100 tox|[from] item: Leftovers
|-damage|p2a: Seismitoad|80/100 tox|[from] psn
|upkeep
|turn|38
|
|switch|p2a: Ditto|Ditto|94/100
|move|p1a: Corviknight|Bulk Up|p1a: Corviknight
|-boost|p1a: Corviknight|atk|1
|-boost|p1a: Corviknight|def|1
|
|-heal|p1a: Corviknight|88/100|[from] item: Leftovers
|upkeep
|turn|39
|
|move|p2a: Ditto|Transform||[still]
|-fail|p2a: Ditto
|move|p1a: Corviknight|Bulk Up|p1a: Corviknight
|-boost|p1a: Corviknight|atk|1
|-boost|p1a: Corviknight|def|1
|
|-heal|p1a: Corviknight|94/100|[from] item: Leftovers
|upkeep
|turn|40
|-message|IOUSlasher forfeited.
|
|win|PKS Itchy Eyes
|l|☆IOUSlasher
|c|☆PKS Itchy Eyes|lol
|c| Pks Young Laddery|Wow
