|ScrapeTime|2020-01-01-19:05:22
|j|☆Principal's Office
|j|☆Snhsjdj
|player|p1|Principal's Office|depotagent|1302
|player|p2|Snhsjdj|cyclist|1317
|teamsize|p1|6
|teamsize|p2|6
|gametype|singles
|gen|8
|tier|[Gen 8] OU
|rated|
|rule|Sleep Clause Mod: Limit one foe put to sleep
|rule|Species Clause: Limit one of each Pokémon
|rule|OHKO Clause: OHKO moves are banned
|rule|Evasion Moves Clause: Evasion moves are banned
|rule|Endless Battle Clause: Forcing endless battles is banned
|rule|HP Percentage Mod: HP is shown in percentages
|clearpoke
|poke|p1|Clefable, M|
|poke|p1|Aegislash, M|
|poke|p1|Toxapex, M|
|poke|p1|Mamoswine, F|
|poke|p1|Dragapult, F|
|poke|p1|Mandibuzz, F|
|poke|p2|Centiskorch, M|
|poke|p2|Jellicent, F|
|poke|p2|Grimmsnarl, M|
|poke|p2|Dugtrio, F|
|poke|p2|Ditto|
|poke|p2|Toxtricity, F|
|rule|Dynamax Clause: You cannot dynamax
|teampreview
|inactive|Battle timer is ON: inactive players will automatically lose when time's up. (requested by Snhsjdj)
|
|start
|switch|p1a: Mamoswine|Mamoswine, F|100/100
|switch|p2a: Jellicent|Jellicent, F|100/100
|turn|1
|
|switch|p1a: Aegislash|Aegislash, M|100/100
|move|p2a: Jellicent|Will-O-Wisp|p1a: Aegislash
|-status|p1a: Aegislash|brn
|
|-damage|p1a: Aegislash|94/100 brn|[from] brn
|upkeep
|turn|2
|
|switch|p2a: Centiskorch|Centiskorch, M|100/100
|-formechange|p1a: Aegislash|Aegislash-Blade||[from] ability: Stance Change
|move|p1a: Aegislash|Shadow Ball|p2a: Centiskorch
|-damage|p2a: Centiskorch|66/100
|
|-damage|p1a: Aegislash|88/100 brn|[from] brn
|upkeep
|turn|3
|
|switch|p1a: Toxapex|Toxapex, M|100/100
|move|p2a: Centiskorch|Knock Off|p1a: Toxapex
|-damage|p1a: Toxapex|87/100
|-enditem|p1a: Toxapex|Black Sludge|[from] move: Knock Off|[of] p2a: Centiskorch
|
|upkeep
|turn|4
|
|switch|p2a: Toxtricity|Toxtricity, F|100/100
|switch|p1a: Mamoswine|Mamoswine, F|100/100
|
|upkeep
|turn|5
|
|move|p1a: Mamoswine|Earthquake|p2a: Toxtricity
|-supereffective|p2a: Toxtricity
|-damage|p2a: Toxtricity|0 fnt
|-damage|p1a: Mamoswine|91/100|[from] item: Life Orb
|faint|p2a: Toxtricity
|
|upkeep
|
|switch|p2a: Jellicent|Jellicent, F|100/100
|turn|6
|
|switch|p1a: Aegislash|Aegislash, M|88/100 brn
|move|p2a: Jellicent|Hex|p1a: Aegislash
|-supereffective|p1a: Aegislash
|-damage|p1a: Aegislash|25/100 brn
|-enditem|p1a: Aegislash|Weakness Policy
|-boost|p1a: Aegislash|atk|2
|-boost|p1a: Aegislash|spa|2
|
|-damage|p1a: Aegislash|18/100 brn|[from] brn
|upkeep
|turn|7
|
|move|p2a: Jellicent|Hex|p1a: Aegislash
|-supereffective|p1a: Aegislash
|-damage|p1a: Aegislash|0 fnt
|faint|p1a: Aegislash
|
|upkeep
|
|switch|p1a: Dragapult|Dragapult, F|100/100
|turn|8
|
|switch|p2a: Grimmsnarl|Grimmsnarl, M|100/100
|move|p1a: Dragapult|Draco Meteor|p2a: Grimmsnarl
|-immune|p2a: Grimmsnarl
|
|upkeep
|turn|9
|
|switch|p1a: Clefable|Clefable, M|100/100
|switch|p2a: Centiskorch|Centiskorch, M|66/100
|
|upkeep
|turn|10
|
|move|p2a: Centiskorch|Fire Lash|p1a: Clefable
|-damage|p1a: Clefable|70/100
|-unboost|p1a: Clefable|def|1
|move|p1a: Clefable|Thunder Wave|p2a: Centiskorch
|-status|p2a: Centiskorch|par
|
|-heal|p1a: Clefable|76/100|[from] item: Leftovers
|upkeep
|turn|11
|
|switch|p1a: Toxapex|Toxapex, M|100/100
|move|p2a: Centiskorch|Rest|p2a: Centiskorch
|-status|p2a: Centiskorch|slp|[from] move: Rest
|-heal|p2a: Centiskorch|100/100 slp|[silent]
|
|upkeep
|turn|12
|
|switch|p1a: Mamoswine|Mamoswine, F|91/100
|cant|p2a: Centiskorch|slp
|move|p2a: Centiskorch|Sleep Talk|p2a: Centiskorch
|move|p2a: Centiskorch|Fire Lash|p1a: Mamoswine|[from]Sleep Talk
|-supereffective|p1a: Mamoswine
|-damage|p1a: Mamoswine|55/100
|-unboost|p1a: Mamoswine|def|1
|
|upkeep
|turn|13
|
|switch|p2a: Jellicent|Jellicent, F|100/100
|move|p1a: Mamoswine|Stealth Rock|p2a: Jellicent
|-sidestart|p2: Snhsjdj|move: Stealth Rock
|
|upkeep
|turn|14
|
|switch|p1a: Clefable|Clefable, M|76/100
|move|p2a: Jellicent|Will-O-Wisp|p1a: Clefable
|-status|p1a: Clefable|brn
|
|-heal|p1a: Clefable|82/100 brn|[from] item: Leftovers
|upkeep
|turn|15
|
|move|p2a: Jellicent|Taunt|p1a: Clefable
|-start|p1a: Clefable|move: Taunt
|cant|p1a: Clefable|move: Taunt|Wish
|
|-heal|p1a: Clefable|88/100 brn|[from] item: Leftovers
|upkeep
|turn|16
|
|switch|p2a: Centiskorch|Centiskorch, M|100/100 slp
|switch|p1a: Toxapex|Toxapex, M|100/100
|
|upkeep
|turn|17
|
|cant|p2a: Centiskorch|slp
|move|p2a: Centiskorch|Sleep Talk|p2a: Centiskorch
|move|p2a: Centiskorch|Fire Lash|p1a: Toxapex|[from]Sleep Talk
|-resisted|p1a: Toxapex
|-damage|p1a: Toxapex|92/100
|-unboost|p1a: Toxapex|def|1
|move|p1a: Toxapex|Scald|p2a: Centiskorch
|-supereffective|p2a: Centiskorch
|-damage|p2a: Centiskorch|77/100 slp
|
|upkeep
|turn|18
|
|-curestatus|p2a: Centiskorch|slp|[msg]
|move|p2a: Centiskorch|Fire Lash|p1a: Toxapex
|-resisted|p1a: Toxapex
|-crit|p1a: Toxapex
|-damage|p1a: Toxapex|69/100
|-unboost|p1a: Toxapex|def|1
|move|p1a: Toxapex|Scald|p2a: Centiskorch
|-supereffective|p2a: Centiskorch
|-damage|p2a: Centiskorch|53/100
|
|upkeep
|turn|19
|
|switch|p1a: Mandibuzz|Mandibuzz, F|100/100
|move|p2a: Centiskorch|Knock Off|p1a: Mandibuzz
|-resisted|p1a: Mandibuzz
|-damage|p1a: Mandibuzz|92/100
|-enditem|p1a: Mandibuzz|Heavy-Duty Boots|[from] move: Knock Off|[of] p2a: Centiskorch
|
|upkeep
|turn|20
|
|move|p1a: Mandibuzz|Taunt|p2a: Centiskorch
|-start|p2a: Centiskorch|move: Taunt
|cant|p2a: Centiskorch|move: Taunt|Rest
|
|upkeep
|turn|21
|
|switch|p2a: Grimmsnarl|Grimmsnarl, M|100/100
|-damage|p2a: Grimmsnarl|88/100|[from] Stealth Rock
|move|p1a: Mandibuzz|Foul Play|p2a: Grimmsnarl
|-resisted|p2a: Grimmsnarl
|-damage|p2a: Grimmsnarl|76/100
|
|-heal|p2a: Grimmsnarl|82/100|[from] item: Leftovers
|upkeep
|turn|22
|
|switch|p1a: Clefable|Clefable, M|88/100 brn
|move|p2a: Grimmsnarl|Spirit Break|p1a: Clefable
|-damage|p1a: Clefable|57/100 brn
|-unboost|p1a: Clefable|spa|1
|
|-heal|p2a: Grimmsnarl|88/100|[from] item: Leftovers
|-heal|p1a: Clefable|63/100 brn|[from] item: Leftovers
|upkeep
|turn|23
|
|switch|p2a: Centiskorch|Centiskorch, M|53/100
|move|p1a: Clefable|Wish|p1a: Clefable
|
|-heal|p1a: Clefable|69/100 brn|[from] item: Leftovers
|upkeep
|turn|24
|
|switch|p1a: Mamoswine|Mamoswine, F|55/100
|move|p2a: Centiskorch|Fire Lash|p1a: Mamoswine
|-supereffective|p1a: Mamoswine
|-damage|p1a: Mamoswine|20/100
|-unboost|p1a: Mamoswine|def|1
|
|-heal|p1a: Mamoswine|74/100|[from] move: Wish|[wisher] Clefable
|upkeep
|turn|25
|
|switch|p2a: Jellicent|Jellicent, F|100/100
|-damage|p2a: Jellicent|88/100|[from] Stealth Rock
|move|p1a: Mamoswine|Earthquake|p2a: Jellicent
|-damage|p2a: Jellicent|25/100
|-damage|p1a: Mamoswine|64/100|[from] item: Life Orb
|
|-heal|p2a: Jellicent|31/100|[from] item: Leftovers
|upkeep
|turn|26
|
|move|p1a: Mamoswine|Earthquake|p2a: Jellicent
|-crit|p2a: Jellicent
|-damage|p2a: Jellicent|0 fnt
|-damage|p1a: Mamoswine|54/100|[from] item: Life Orb
|faint|p2a: Jellicent
|
|upkeep
|
|switch|p2a: Ditto|Ditto|100/100
|-damage|p2a: Ditto|88/100|[from] Stealth Rock
|-transform|p2a: Ditto|p1a: Mamoswine|[from] ability: Imposter
|turn|27
|
|switch|p1a: Mandibuzz|Mandibuzz, F|92/100
|move|p2a: Ditto|Icicle Crash|p1a: Mandibuzz
|-supereffective|p1a: Mandibuzz
|-damage|p1a: Mandibuzz|35/100
|
|upkeep
|turn|28
|
|switch|p1a: Toxapex|Toxapex, M|100/100
|move|p2a: Ditto|Icicle Crash|p1a: Toxapex
|-resisted|p1a: Toxapex
|-damage|p1a: Toxapex|88/100
|
|upkeep
|turn|29
|
|switch|p2a: Centiskorch|Centiskorch, M|53/100
|switch|p1a: Mandibuzz|Mandibuzz, F|35/100
|
|upkeep
|turn|30
|
|move|p1a: Mandibuzz|Taunt|p2a: Centiskorch
|-start|p2a: Centiskorch|move: Taunt
|move|p2a: Centiskorch|Fire Lash|p1a: Mandibuzz
|-damage|p1a: Mandibuzz|15/100
|-unboost|p1a: Mandibuzz|def|1
|
|upkeep
|turn|31
|
|move|p1a: Mandibuzz|Roost|p1a: Mandibuzz
|-heal|p1a: Mandibuzz|66/100
|-singleturn|p1a: Mandibuzz|move: Roost
|move|p2a: Centiskorch|Fire Lash|p1a: Mandibuzz
|-damage|p1a: Mandibuzz|38/100
|-unboost|p1a: Mandibuzz|def|1
|
|upkeep
|turn|32
|
|switch|p1a: Dragapult|Dragapult, F|100/100
|move|p2a: Centiskorch|Fire Lash|p1a: Dragapult
|-resisted|p1a: Dragapult
|-damage|p1a: Dragapult|80/100
|-unboost|p1a: Dragapult|def|1
|
|-end|p2a: Centiskorch|move: Taunt
|upkeep
|turn|33
|
|move|p1a: Dragapult|U-turn|p2a: Centiskorch
|-resisted|p2a: Centiskorch
|-damage|p2a: Centiskorch|43/100
|
|switch|p1a: Mamoswine|Mamoswine, F|54/100|[from]move: U-turn
|move|p2a: Centiskorch|Rest|p2a: Centiskorch
|-status|p2a: Centiskorch|slp|[from] move: Rest
|-heal|p2a: Centiskorch|100/100 slp|[silent]
|
|upkeep
|turn|34
|
|move|p1a: Mamoswine|Earthquake|p2a: Centiskorch
|-damage|p2a: Centiskorch|12/100 slp
|-damage|p1a: Mamoswine|44/100|[from] item: Life Orb
|cant|p2a: Centiskorch|slp
|move|p2a: Centiskorch|Sleep Talk|p2a: Centiskorch
|move|p2a: Centiskorch|Knock Off|p1a: Mamoswine|[from]Sleep Talk
|-damage|p1a: Mamoswine|18/100
|-enditem|p1a: Mamoswine|Life Orb|[from] move: Knock Off|[of] p2a: Centiskorch
|
|upkeep
|turn|35
|
|move|p1a: Mamoswine|Earthquake|p2a: Centiskorch
|-damage|p2a: Centiskorch|0 fnt
|faint|p2a: Centiskorch
|
|upkeep
|
|switch|p2a: Ditto|Ditto|88/100
|-damage|p2a: Ditto|76/100|[from] Stealth Rock
|-transform|p2a: Ditto|p1a: Mamoswine|[from] ability: Imposter
|turn|36
|
|switch|p1a: Toxapex|Toxapex, M|100/100
|move|p2a: Ditto|Earthquake|p1a: Toxapex
|-supereffective|p1a: Toxapex
|-damage|p1a: Toxapex|31/100
|
|upkeep
|turn|37
|
|switch|p2a: Grimmsnarl|Grimmsnarl, M|88/100
|-damage|p2a: Grimmsnarl|76/100|[from] Stealth Rock
|switch|p1a: Mandibuzz|Mandibuzz, F|38/100
|
|-heal|p2a: Grimmsnarl|82/100|[from] item: Leftovers
|upkeep
|turn|38
|
|switch|p2a: Dugtrio|Dugtrio, F|100/100
|-damage|p2a: Dugtrio|94/100|[from] Stealth Rock
|move|p1a: Mandibuzz|Taunt|p2a: Dugtrio
|-start|p2a: Dugtrio|move: Taunt
|
|upkeep
|turn|39
|
|move|p2a: Dugtrio|Stone Edge|p1a: Mandibuzz
|-supereffective|p1a: Mandibuzz
|-damage|p1a: Mandibuzz|4/100
|move|p1a: Mandibuzz|Roost|p1a: Mandibuzz
|-heal|p1a: Mandibuzz|54/100
|-singleturn|p1a: Mandibuzz|move: Roost
|
|upkeep
|turn|40
|
|switch|p2a: Grimmsnarl|Grimmsnarl, M|82/100
|-damage|p2a: Grimmsnarl|69/100|[from] Stealth Rock
|move|p1a: Mandibuzz|Roost|p1a: Mandibuzz
|-heal|p1a: Mandibuzz|100/100
|-singleturn|p1a: Mandibuzz|move: Roost
|
|-heal|p2a: Grimmsnarl|75/100|[from] item: Leftovers
|upkeep
|turn|41
|
|switch|p1a: Clefable|Clefable, M|69/100 brn
|move|p2a: Grimmsnarl|Bulk Up|p2a: Grimmsnarl
|-boost|p2a: Grimmsnarl|atk|1
|-boost|p2a: Grimmsnarl|def|1
|
|-heal|p2a: Grimmsnarl|81/100|[from] item: Leftovers
|-heal|p1a: Clefable|75/100 brn|[from] item: Leftovers
|upkeep
|turn|42
|
|move|p2a: Grimmsnarl|Spirit Break|p1a: Clefable
|-damage|p1a: Clefable|34/100 brn
|-unboost|p1a: Clefable|spa|1
|move|p1a: Clefable|Moonblast|p2a: Grimmsnarl
|-supereffective|p2a: Grimmsnarl
|-damage|p2a: Grimmsnarl|49/100
|-unboost|p2a: Grimmsnarl|spa|1
|
|-heal|p2a: Grimmsnarl|55/100|[from] item: Leftovers
|-heal|p1a: Clefable|40/100 brn|[from] item: Leftovers
|upkeep
|turn|43
|
|move|p2a: Grimmsnarl|Spirit Break|p1a: Clefable
|-damage|p1a: Clefable|0 fnt
|faint|p1a: Clefable
|
|-heal|p2a: Grimmsnarl|61/100|[from] item: Leftovers
|upkeep
|
|switch|p1a: Toxapex|Toxapex, M|65/100
|turn|44
|
|switch|p2a: Dugtrio|Dugtrio, F|94/100
|-damage|p2a: Dugtrio|88/100|[from] Stealth Rock
|move|p1a: Toxapex|Toxic|p2a: Dugtrio
|-status|p2a: Dugtrio|tox
|
|-damage|p2a: Dugtrio|82/100 tox|[from] psn
|upkeep
|turn|45
|
|move|p2a: Dugtrio|Earthquake|p1a: Toxapex
|-supereffective|p1a: Toxapex
|-crit|p1a: Toxapex
|-damage|p1a: Toxapex|0 fnt
|faint|p1a: Toxapex
|
|-damage|p2a: Dugtrio|70/100 tox|[from] psn
|upkeep
|
|switch|p1a: Mamoswine|Mamoswine, F|18/100
|turn|46
|
|move|p1a: Mamoswine|Ice Shard|p2a: Dugtrio
|-supereffective|p2a: Dugtrio
|-damage|p2a: Dugtrio|0 fnt
|faint|p2a: Dugtrio
|
|upkeep
|
|switch|p2a: Ditto|Ditto|76/100
|-damage|p2a: Ditto|63/100|[from] Stealth Rock
|-transform|p2a: Ditto|p1a: Mamoswine|[from] ability: Imposter
|turn|47
|
|move|p1a: Mamoswine|Ice Shard|p2a: Ditto
|-damage|p2a: Ditto|47/100
|move|p2a: Ditto|Icicle Crash|p1a: Mamoswine
|-damage|p1a: Mamoswine|0 fnt
|faint|p1a: Mamoswine
|
|upkeep
|
|switch|p1a: Mandibuzz|Mandibuzz, F|100/100
|turn|48
|
|move|p2a: Ditto|Icicle Crash|p1a: Mandibuzz
|-supereffective|p1a: Mandibuzz
|-damage|p1a: Mandibuzz|44/100
|move|p1a: Mandibuzz|Foul Play|p2a: Ditto
|-damage|p2a: Ditto|0 fnt
|faint|p2a: Ditto
|
|upkeep
|
|switch|p2a: Grimmsnarl|Grimmsnarl, M|61/100
|-damage|p2a: Grimmsnarl|49/100|[from] Stealth Rock
|turn|49
|
|move|p2a: Grimmsnarl|Bulk Up|p2a: Grimmsnarl
|-boost|p2a: Grimmsnarl|atk|1
|-boost|p2a: Grimmsnarl|def|1
|move|p1a: Mandibuzz|Taunt|p2a: Grimmsnarl
|-start|p2a: Grimmsnarl|move: Taunt
|
|-heal|p2a: Grimmsnarl|55/100|[from] item: Leftovers
|upkeep
|turn|50
|
|move|p1a: Mandibuzz|Foul Play|p2a: Grimmsnarl
|-resisted|p2a: Grimmsnarl
|-damage|p2a: Grimmsnarl|42/100
|move|p2a: Grimmsnarl|Spirit Break|p1a: Mandibuzz
|-supereffective|p1a: Mandibuzz
|-damage|p1a: Mandibuzz|0 fnt
|faint|p1a: Mandibuzz
|
|-heal|p2a: Grimmsnarl|48/100|[from] item: Leftovers
|upkeep
|
|switch|p1a: Dragapult|Dragapult, F|80/100
|turn|51
|
|move|p1a: Dragapult|Fire Blast|p2a: Grimmsnarl
|-damage|p2a: Grimmsnarl|6/100
|move|p2a: Grimmsnarl|Spirit Break|p1a: Dragapult
|-supereffective|p1a: Dragapult
|-damage|p1a: Dragapult|0 fnt
|faint|p1a: Dragapult
|
|win|Snhsjdj
|c|☆Snhsjdj|Gg
|c|☆Principal's Office|gg
|raw|Principal's Office's rating: 1278 → 1256(-22 for losing)
|raw|Snhsjdj's rating: 1317 → 1335(+18 for winning)
