|ScrapeTime|2020-01-02-03:56:40
|j|☆Escavalier
|j|☆GEN 8 JESUS
|player|p1|Escavalier|101|1816
|player|p2|GEN 8 JESUS|baker|1727
|teamsize|p1|6
|teamsize|p2|6
|gametype|singles
|gen|8
|tier|[Gen 8] OU
|rated|
|rule|Sleep Clause Mod: Limit one foe put to sleep
|rule|Species Clause: Limit one of each Pokémon
|rule|OHKO Clause: OHKO moves are banned
|rule|Evasion Moves Clause: Evasion moves are banned
|rule|Endless Battle Clause: Forcing endless battles is banned
|rule|HP Percentage Mod: HP is shown in percentages
|clearpoke
|poke|p1|Mew|
|poke|p1|Aegislash, M|
|poke|p1|Bisharp, M|
|poke|p1|Dragapult, M|
|poke|p1|Mimikyu, F|
|poke|p1|Hydreigon, F|
|poke|p2|Dragapult, M|
|poke|p2|Sylveon, F|
|poke|p2|Ferrothorn, M|
|poke|p2|Dugtrio, F|
|poke|p2|Togekiss, F|
|poke|p2|Corviknight, F|
|rule|Dynamax Clause: You cannot dynamax
|teampreview
|
|start
|switch|p1a: Mew|Mew|100/100
|switch|p2a: Dragapult|Dragapult, M|100/100
|turn|1
|
|move|p2a: Dragapult|Hex|p1a: Mew
|-supereffective|p1a: Mew
|-damage|p1a: Mew|54/100
|-enditem|p1a: Mew|Red Card|[of] p2a: Dragapult
|drag|p2a: Corviknight|Corviknight, F|100/100
|-ability|p2a: Corviknight|Pressure
|move|p1a: Mew|Stealth Rock|p2a: Corviknight
|-sidestart|p2: GEN 8 JESUS|move: Stealth Rock
|
|upkeep
|turn|2
|j| RomeXIV
|j| i are doo doo
|
|move|p1a: Mew|Taunt|p2a: Corviknight
|-start|p2a: Corviknight|move: Taunt
|cant|p2a: Corviknight|move: Taunt|Defog
|
|upkeep
|turn|3
|
|move|p1a: Mew|Spikes|p2a: Corviknight
|-sidestart|p2: GEN 8 JESUS|Spikes
|move|p2a: Corviknight|U-turn|p1a: Mew
|-supereffective|p1a: Mew
|-damage|p1a: Mew|32/100
|
|switch|p2a: Dragapult|Dragapult, M|100/100|[from]move: U-turn
|-damage|p2a: Dragapult|88/100|[from] Spikes
|-damage|p2a: Dragapult|76/100|[from] Stealth Rock
|
|-heal|p2a: Dragapult|82/100|[from] item: Leftovers
|upkeep
|turn|4
|j| hhhhjb
|
|move|p2a: Dragapult|Substitute|p2a: Dragapult
|-start|p2a: Dragapult|Substitute
|-damage|p2a: Dragapult|57/100
|move|p1a: Mew|Spikes|p2a: Dragapult
|-sidestart|p2: GEN 8 JESUS|Spikes
|
|-heal|p2a: Dragapult|63/100|[from] item: Leftovers
|upkeep
|turn|5
|
|move|p2a: Dragapult|Hex|p1a: Mew
|-supereffective|p1a: Mew
|-damage|p1a: Mew|0 fnt
|faint|p1a: Mew
|
|-heal|p2a: Dragapult|69/100|[from] item: Leftovers
|upkeep
|
|switch|p1a: Dragapult|Dragapult, M|100/100
|turn|6
|
|switch|p2a: Corviknight|Corviknight, F|100/100
|-damage|p2a: Corviknight|88/100|[from] Stealth Rock
|-ability|p2a: Corviknight|Pressure
|move|p1a: Dragapult|Shadow Ball|p2a: Corviknight
|-damage|p2a: Corviknight|45/100
|
|-heal|p2a: Corviknight|51/100|[from] item: Leftovers
|upkeep
|turn|7
|
|move|p1a: Dragapult|Shadow Ball|p2a: Corviknight
|-damage|p2a: Corviknight|10/100
|move|p2a: Corviknight|Defog|p1a: Dragapult
|-unboost|p1a: Dragapult|evasion|1
|-sideend|p2: GEN 8 JESUS|Spikes|[from] move: Defog|[of] p2a: Corviknight
|-sideend|p2: GEN 8 JESUS|Stealth Rock|[from] move: Defog|[of] p2a: Corviknight
|
|-heal|p2a: Corviknight|16/100|[from] item: Leftovers
|upkeep
|turn|8
|
|switch|p2a: Sylveon|Sylveon, F|100/100
|move|p1a: Dragapult|Shadow Ball|p2a: Sylveon
|-damage|p2a: Sylveon|70/100
|-unboost|p2a: Sylveon|spd|1
|
|-heal|p2a: Sylveon|76/100|[from] item: Leftovers
|upkeep
|turn|9
|
|move|p1a: Dragapult|Shadow Ball|p2a: Sylveon
|-damage|p2a: Sylveon|28/100
|move|p2a: Sylveon|Mystical Fire|p1a: Dragapult
|-resisted|p1a: Dragapult
|-damage|p1a: Dragapult|88/100
|-unboost|p1a: Dragapult|spa|1
|
|-heal|p2a: Sylveon|34/100|[from] item: Leftovers
|upkeep
|turn|10
|j| DemZii
|
|move|p1a: Dragapult|Shadow Ball|p2a: Sylveon
|-damage|p2a: Sylveon|3/100
|move|p2a: Sylveon|Wish|p2a: Sylveon
|
|-heal|p2a: Sylveon|9/100|[from] item: Leftovers
|upkeep
|turn|11
|
|switch|p1a: Bisharp|Bisharp, M|100/100
|move|p2a: Sylveon|Protect||[still]
|-fail|p2a: Sylveon
|
|-heal|p2a: Sylveon|59/100|[from] move: Wish|[wisher] Sylveon
|-heal|p2a: Sylveon|65/100|[from] item: Leftovers
|upkeep
|turn|12
|
|move|p2a: Sylveon|Protect|p2a: Sylveon
|-singleturn|p2a: Sylveon|Protect
|move|p1a: Bisharp|Swords Dance|p1a: Bisharp
|-boost|p1a: Bisharp|atk|2
|
|-heal|p2a: Sylveon|71/100|[from] item: Leftovers
|upkeep
|turn|13
|
|switch|p2a: Corviknight|Corviknight, F|16/100
|-ability|p2a: Corviknight|Pressure
|move|p1a: Bisharp|Iron Head|p2a: Corviknight
|-resisted|p2a: Corviknight
|-damage|p2a: Corviknight|0 fnt
|-damage|p1a: Bisharp|91/100|[from] item: Life Orb
|faint|p2a: Corviknight
|
|upkeep
|
|switch|p2a: Dugtrio|Dugtrio, F|100/100
|turn|14
|
|move|p1a: Bisharp|Sucker Punch|p2a: Dugtrio
|-enditem|p2a: Dugtrio|Focus Sash
|-damage|p2a: Dugtrio|1/100
|-damage|p1a: Bisharp|81/100|[from] item: Life Orb
|move|p2a: Dugtrio|Earthquake|p1a: Bisharp
|-supereffective|p1a: Bisharp
|-damage|p1a: Bisharp|0 fnt
|faint|p1a: Bisharp
|
|upkeep
|
|switch|p1a: Dragapult|Dragapult, M|88/100
|turn|15
|
|switch|p2a: Sylveon|Sylveon, F|71/100
|move|p1a: Dragapult|Shadow Ball|p2a: Sylveon
|-damage|p2a: Sylveon|42/100
|
|-heal|p2a: Sylveon|48/100|[from] item: Leftovers
|upkeep
|turn|16
|
|move|p1a: Dragapult|Shadow Ball|p2a: Sylveon
|-damage|p2a: Sylveon|20/100
|move|p2a: Sylveon|Wish|p2a: Sylveon
|
|-heal|p2a: Sylveon|26/100|[from] item: Leftovers
|upkeep
|turn|17
|
|switch|p1a: Mimikyu|Mimikyu, F|100/100
|move|p2a: Sylveon|Protect||[still]
|-fail|p2a: Sylveon
|
|-heal|p2a: Sylveon|76/100|[from] move: Wish|[wisher] Sylveon
|-heal|p2a: Sylveon|82/100|[from] item: Leftovers
|upkeep
|turn|18
|
|move|p1a: Mimikyu|Swords Dance|p1a: Mimikyu
|-boost|p1a: Mimikyu|atk|2
|move|p2a: Sylveon|Moonblast|p1a: Mimikyu
|-activate|p1a: Mimikyu|ability: Disguise
|-damage|p1a: Mimikyu|100/100
|detailschange|p1a: Mimikyu|Mimikyu-Busted, F
|-damage|p1a: Mimikyu|88/100|[from] ability: Disguise|[of] p1a: Mimikyu
|
|-heal|p2a: Sylveon|88/100|[from] item: Leftovers
|upkeep
|turn|19
|
|switch|p2a: Dugtrio|Dugtrio, F|1/100
|move|p1a: Mimikyu|Shadow Claw|p2a: Dugtrio
|-damage|p2a: Dugtrio|0 fnt
|-damage|p1a: Mimikyu|78/100|[from] item: Life Orb
|faint|p2a: Dugtrio
|
|upkeep
|
|switch|p2a: Ferrothorn|Ferrothorn, M|100/100
|turn|20
|
|switch|p1a: Aegislash|Aegislash, M|100/100
|-item|p1a: Aegislash|Air Balloon
|move|p2a: Ferrothorn|Gyro Ball|p1a: Aegislash
|-resisted|p1a: Aegislash
|-damage|p1a: Aegislash|84/100
|-enditem|p1a: Aegislash|Air Balloon
|
|upkeep
|turn|21
|
|-formechange|p1a: Aegislash|Aegislash-Blade||[from] ability: Stance Change
|move|p1a: Aegislash|Shadow Ball|p2a: Ferrothorn
|-damage|p2a: Ferrothorn|58/100
|move|p2a: Ferrothorn|Thunder Wave|p1a: Aegislash
|-status|p1a: Aegislash|par
|
|-heal|p2a: Ferrothorn|64/100|[from] item: Leftovers
|upkeep
|turn|22
|
|move|p1a: Aegislash|Shadow Ball|p2a: Ferrothorn
|-damage|p2a: Ferrothorn|24/100
|move|p2a: Ferrothorn|Power Whip|p1a: Aegislash
|-resisted|p1a: Aegislash
|-damage|p1a: Aegislash|34/100 par
|
|-heal|p2a: Ferrothorn|30/100|[from] item: Leftovers
|upkeep
|turn|23
|j| champama
|c| hhhhjb|why moonblast instead of hyper voice on Sylveon/
|c| hhhhjb|?
|
|switch|p2a: Sylveon|Sylveon, F|88/100
|move|p1a: Aegislash|Shadow Ball|p2a: Sylveon
|-damage|p2a: Sylveon|63/100
|
|-heal|p2a: Sylveon|69/100|[from] item: Leftovers
|upkeep
|turn|24
|c| i are doo doo|moonblast gets stab
|
|move|p2a: Sylveon|Wish|p2a: Sylveon
|move|p1a: Aegislash|Shadow Ball|p2a: Sylveon
|-damage|p2a: Sylveon|43/100
|-unboost|p2a: Sylveon|spd|1
|
|-heal|p2a: Sylveon|49/100|[from] item: Leftovers
|upkeep
|turn|25
|c|☆Escavalier|it has pixilate
|
|move|p2a: Sylveon|Mystical Fire|p1a: Aegislash
|-supereffective|p1a: Aegislash
|-damage|p1a: Aegislash|0 fnt
|faint|p1a: Aegislash
|
|-heal|p2a: Sylveon|99/100|[from] move: Wish|[wisher] Sylveon
|-heal|p2a: Sylveon|100/100|[from] item: Leftovers
|upkeep
|
|switch|p1a: Mimikyu|Mimikyu-Busted, F|78/100
|turn|26
|j| JKongh
|c| hhhhjb|exactly it has pixilate
|c| i are doo doo|moonblast is stronger, 90 bp
|c| i are doo doo|vs 80
|c|☆GEN 8 JESUS|soundproof kommo o
|c|☆Escavalier|pixilate makes hyper voice stronger
|c|☆GEN 8 JESUS|and throat chop
|c|☆Escavalier|oh fair
|c| hhhhjb|ic
|c|☆GEN 8 JESUS|when u lose to dd throat chop hydreigon
|c|☆GEN 8 JESUS|you'll realize
|c|☆GEN 8 JESUS|i was a visionary
|c|☆Escavalier|thats some tech
|
|switch|p2a: Ferrothorn|Ferrothorn, M|30/100
|move|p1a: Mimikyu|Play Rough|p2a: Ferrothorn
|-resisted|p2a: Ferrothorn
|-damage|p2a: Ferrothorn|12/100
|-damage|p1a: Mimikyu|66/100|[from] ability: Iron Barbs|[of] p2a: Ferrothorn
|-damage|p1a: Mimikyu|56/100|[from] item: Life Orb
|
|-heal|p2a: Ferrothorn|18/100|[from] item: Leftovers
|upkeep
|turn|27
|j| Gen8 lord
|
|move|p1a: Mimikyu|Shadow Claw|p2a: Ferrothorn
|-damage|p2a: Ferrothorn|0 fnt
|-damage|p1a: Mimikyu|44/100|[from] ability: Iron Barbs|[of] p2a: Ferrothorn
|-damage|p1a: Mimikyu|34/100|[from] item: Life Orb
|faint|p2a: Ferrothorn
|
|upkeep
|
|switch|p2a: Togekiss|Togekiss, F|100/100
|turn|28
|
|switch|p1a: Hydreigon|Hydreigon, F|100/100
|move|p2a: Togekiss|Thunder Wave|p1a: Hydreigon
|-status|p1a: Hydreigon|par
|
|upkeep
|turn|29
|
|switch|p2a: Sylveon|Sylveon, F|100/100
|move|p1a: Hydreigon|Substitute|p1a: Hydreigon
|-start|p1a: Hydreigon|Substitute
|-damage|p1a: Hydreigon|76/100 par
|
|-heal|p1a: Hydreigon|82/100 par|[from] item: Leftovers
|upkeep
|turn|30
|
|cant|p1a: Hydreigon|par
|move|p2a: Sylveon|Moonblast|p1a: Hydreigon
|-supereffective|p1a: Hydreigon
|-end|p1a: Hydreigon|Substitute
|
|-heal|p1a: Hydreigon|88/100 par|[from] item: Leftovers
|upkeep
|turn|31
|
|cant|p1a: Hydreigon|par
|move|p2a: Sylveon|Moonblast|p1a: Hydreigon
|-supereffective|p1a: Hydreigon
|-damage|p1a: Hydreigon|0 fnt
|faint|p1a: Hydreigon
|
|upkeep
|
|switch|p1a: Mimikyu|Mimikyu-Busted, F|34/100
|turn|32
|c|☆GEN 8 JESUS|flash cannon does less than nothing dont be too sad
|
|move|p1a: Mimikyu|Play Rough|p2a: Sylveon
|-damage|p2a: Sylveon|32/100
|-damage|p1a: Mimikyu|24/100|[from] item: Life Orb
|move|p2a: Sylveon|Moonblast|p1a: Mimikyu
|-damage|p1a: Mimikyu|0 fnt
|faint|p1a: Mimikyu
|
|-heal|p2a: Sylveon|38/100|[from] item: Leftovers
|upkeep
|
|switch|p1a: Dragapult|Dragapult, M|88/100
|turn|33
|
|move|p2a: Sylveon|Protect|p2a: Sylveon
|-singleturn|p2a: Sylveon|Protect
|move|p1a: Dragapult|Shadow Ball|p2a: Sylveon
|-activate|p2a: Sylveon|move: Protect
|
|-heal|p2a: Sylveon|44/100|[from] item: Leftovers
|upkeep
|turn|34
|
|move|p1a: Dragapult|Shadow Ball|p2a: Sylveon
|-damage|p2a: Sylveon|12/100
|move|p2a: Sylveon|Wish|p2a: Sylveon
|
|-heal|p2a: Sylveon|18/100|[from] item: Leftovers
|upkeep
|turn|35
|-message|Escavalier forfeited.
|
|win|GEN 8 JESUS
|l|☆Escavalier
|raw|Escavalier's rating: 1816 → 1790(-26 for losing)
|raw|GEN 8 JESUS's rating: 1707 → 1733(+26 for winning)
|l|☆GEN 8 JESUS
|l| i are doo doo
