|ScrapeTime|2020-01-02-02:55:53
|j|☆truementalist
|j|☆Superkillerman
|player|p1|truementalist|benga|1114
|player|p2|Superkillerman|cynthia-gen4|1132
|teamsize|p1|6
|teamsize|p2|6
|gametype|singles
|gen|8
|tier|[Gen 8] OU
|rated|
|rule|Sleep Clause Mod: Limit one foe put to sleep
|rule|Species Clause: Limit one of each Pokémon
|rule|OHKO Clause: OHKO moves are banned
|rule|Evasion Moves Clause: Evasion moves are banned
|rule|Endless Battle Clause: Forcing endless battles is banned
|rule|HP Percentage Mod: HP is shown in percentages
|clearpoke
|poke|p1|Ditto|
|poke|p1|Corviknight, M|
|poke|p1|Dracovish|
|poke|p1|Corsola-Galar, F|
|poke|p1|Cinderace, M|
|poke|p1|Togekiss, F|
|poke|p2|Dragapult, F|
|poke|p2|Obstagoon, F|
|poke|p2|Toxtricity, F|
|poke|p2|Corviknight, F|
|poke|p2|Dracovish|
|poke|p2|Grimmsnarl, M|
|rule|Dynamax Clause: You cannot dynamax
|teampreview
|inactive|Battle timer is ON: inactive players will automatically lose when time's up. (requested by Superkillerman)
|
|start
|switch|p1a: Corsola|Corsola-Galar, F|100/100
|switch|p2a: Obstagoon|Obstagoon, F|100/100
|turn|1
|
|move|p2a: Obstagoon|Knock Off|p1a: Corsola
|-supereffective|p1a: Corsola
|-damage|p1a: Corsola|46/100
|-start|p2a: Obstagoon|Disable|Knock Off|[from] ability: Cursed Body|[of] p1a: Corsola
|-enditem|p1a: Corsola|Eviolite|[from] move: Knock Off|[of] p2a: Obstagoon
|move|p1a: Corsola|Strength Sap|p2a: Obstagoon
|-unboost|p2a: Obstagoon|atk|1
|-heal|p1a: Corsola|100/100
|
|-status|p2a: Obstagoon|brn|[from] item: Flame Orb
|upkeep
|turn|2
|
|switch|p2a: Toxtricity|Toxtricity, F|100/100
|move|p1a: Corsola|Stealth Rock|p2a: Toxtricity
|-sidestart|p2: Superkillerman|move: Stealth Rock
|
|upkeep
|turn|3
|
|switch|p1a: Ditto|Ditto, shiny|100/100
|-transform|p1a: Ditto|p2a: Toxtricity|[from] ability: Imposter
|move|p2a: Toxtricity|Shift Gear|p2a: Toxtricity
|-boost|p2a: Toxtricity|spe|2
|-boost|p2a: Toxtricity|atk|1
|
|upkeep
|turn|4
|
|switch|p1a: Corviknight|Corviknight, M|100/100
|-ability|p1a: Corviknight|Pressure
|move|p2a: Toxtricity|Boomburst|p1a: Corviknight
|-resisted|p1a: Corviknight
|-damage|p1a: Corviknight|70/100
|-enditem|p2a: Toxtricity|Throat Spray
|-boost|p2a: Toxtricity|spa|1
|
|-heal|p1a: Corviknight|76/100|[from] item: Leftovers
|upkeep
|turn|5
|
|move|p2a: Toxtricity|Overdrive|p1a: Corviknight
|-supereffective|p1a: Corviknight
|-damage|p1a: Corviknight|0 fnt
|faint|p1a: Corviknight
|
|upkeep
|
|switch|p1a: Ditto|Ditto, shiny|100/100
|-transform|p1a: Ditto|p2a: Toxtricity|[from] ability: Imposter
|turn|6
|
|move|p1a: Ditto|Sludge Wave|p2a: Toxtricity
|-resisted|p2a: Toxtricity
|-damage|p2a: Toxtricity|48/100
|move|p2a: Toxtricity|Boomburst|p1a: Ditto
|-damage|p1a: Ditto|32/100
|
|upkeep
|turn|7
|
|move|p1a: Ditto|Sludge Wave|p2a: Toxtricity
|-resisted|p2a: Toxtricity
|-damage|p2a: Toxtricity|0 fnt
|faint|p2a: Toxtricity
|
|upkeep
|
|switch|p2a: Corviknight|Corviknight, F|100/100
|-damage|p2a: Corviknight|88/100|[from] Stealth Rock
|turn|8
|
|switch|p1a: Zizou!|Cinderace, M|100/100
|move|p2a: Corviknight|Brave Bird|p1a: Zizou!
|-damage|p1a: Zizou!|40/100
|-damage|p2a: Corviknight|73/100|[from] Recoil
|
|-heal|p2a: Corviknight|79/100|[from] item: Leftovers
|upkeep
|turn|9
|
|switch|p2a: Dragapult|Dragapult, F|100/100
|-damage|p2a: Dragapult|88/100|[from] Stealth Rock
|move|p1a: Zizou!|Pyro Ball|p2a: Dragapult
|-resisted|p2a: Dragapult
|-damage|p2a: Dragapult|52/100
|-status|p2a: Dragapult|brn
|
|-damage|p2a: Dragapult|46/100 brn|[from] brn
|upkeep
|turn|10
|
|switch|p1a: Togekiss|Togekiss, F|100/100
|move|p2a: Dragapult|Shadow Ball|p1a: Togekiss
|-damage|p1a: Togekiss|57/100
|-damage|p2a: Dragapult|36/100 brn|[from] item: Life Orb
|
|-heal|p1a: Togekiss|63/100|[from] item: Leftovers
|-damage|p2a: Dragapult|30/100 brn|[from] brn
|upkeep
|turn|11
|
|move|p2a: Dragapult|Thunderbolt|p1a: Togekiss
|-supereffective|p1a: Togekiss
|-damage|p1a: Togekiss|0 fnt
|-damage|p2a: Dragapult|20/100 brn|[from] item: Life Orb
|faint|p1a: Togekiss
|
|-damage|p2a: Dragapult|14/100 brn|[from] brn
|upkeep
|
|switch|p1a: Ditto|Ditto, shiny|32/100
|-transform|p1a: Ditto|p2a: Dragapult|[from] ability: Imposter
|turn|12
|
|move|p1a: Ditto|Thunderbolt|p2a: Dragapult
|-resisted|p2a: Dragapult
|-damage|p2a: Dragapult|0 fnt
|faint|p2a: Dragapult
|
|upkeep
|
|switch|p2a: Grimmsnarl|Grimmsnarl, M|100/100
|-damage|p2a: Grimmsnarl|88/100|[from] Stealth Rock
|turn|13
|
|move|p2a: Grimmsnarl|Thunder Wave|p1a: Ditto
|-status|p1a: Ditto|par
|move|p1a: Ditto|Thunderbolt|p2a: Grimmsnarl
|-damage|p2a: Grimmsnarl|60/100
|-status|p2a: Grimmsnarl|par
|
|-heal|p2a: Grimmsnarl|66/100 par|[from] item: Leftovers
|upkeep
|turn|14
|
|move|p1a: Ditto|Thunderbolt|p2a: Grimmsnarl
|-damage|p2a: Grimmsnarl|38/100 par
|move|p2a: Grimmsnarl|Spirit Break|p1a: Ditto
|-supereffective|p1a: Ditto
|-damage|p1a: Ditto|0 fnt
|faint|p1a: Ditto
|
|-heal|p2a: Grimmsnarl|44/100 par|[from] item: Leftovers
|upkeep
|
|switch|p1a: Dracovish|Dracovish|100/100
|turn|15
|
|move|p2a: Grimmsnarl|Thunder Wave|p1a: Dracovish
|-status|p1a: Dracovish|par
|move|p1a: Dracovish|Fishious Rend|p2a: Grimmsnarl
|-damage|p2a: Grimmsnarl|0 fnt
|faint|p2a: Grimmsnarl
|
|upkeep
|
|switch|p2a: Dracovish|Dracovish|100/100
|-damage|p2a: Dracovish|88/100|[from] Stealth Rock
|turn|16
|
|switch|p1a: Corsola|Corsola-Galar, F|100/100
|move|p2a: Dracovish|Dragon Rush|p1a: Corsola|[miss]
|-miss|p2a: Dracovish|p1a: Corsola
|
|upkeep
|turn|17
|
|switch|p2a: Obstagoon|Obstagoon, F|100/100 brn
|-damage|p2a: Obstagoon|88/100 brn|[from] Stealth Rock
|move|p1a: Corsola|Strength Sap|p2a: Obstagoon
|-unboost|p2a: Obstagoon|atk|1
|
|-damage|p2a: Obstagoon|82/100 brn|[from] brn
|upkeep
|turn|18
|
|move|p2a: Obstagoon|Obstruct|p2a: Obstagoon
|-singleturn|p2a: Obstagoon|Protect
|move|p1a: Corsola|Strength Sap|p2a: Obstagoon
|-activate|p2a: Obstagoon|move: Protect
|
|-damage|p2a: Obstagoon|76/100 brn|[from] brn
|upkeep
|turn|19
|
|move|p2a: Obstagoon|Knock Off|p1a: Corsola
|-supereffective|p1a: Corsola
|-damage|p1a: Corsola|49/100
|move|p1a: Corsola|Strength Sap|p2a: Obstagoon
|-unboost|p2a: Obstagoon|atk|1
|-heal|p1a: Corsola|100/100
|
|-damage|p2a: Obstagoon|70/100 brn|[from] brn
|upkeep
|turn|20
|
|switch|p2a: Corviknight|Corviknight, F|79/100
|-damage|p2a: Corviknight|67/100|[from] Stealth Rock
|switch|p1a: Dracovish|Dracovish|100/100 par
|
|-heal|p2a: Corviknight|73/100|[from] item: Leftovers
|upkeep
|turn|21
|
|move|p1a: Dracovish|Outrage|p2a: Corviknight
|-resisted|p2a: Corviknight
|-damage|p2a: Corviknight|52/100
|move|p2a: Corviknight|Brave Bird|p1a: Dracovish
|-damage|p1a: Dracovish|53/100 par
|-damage|p2a: Corviknight|39/100|[from] Recoil
|
|-heal|p2a: Corviknight|45/100|[from] item: Leftovers
|upkeep
|turn|22
|
|move|p1a: Dracovish|Outrage|p2a: Corviknight|[from]lockedmove
|-resisted|p2a: Corviknight
|-damage|p2a: Corviknight|25/100
|move|p2a: Corviknight|Bulk Up|p2a: Corviknight
|-boost|p2a: Corviknight|atk|1
|-boost|p2a: Corviknight|def|1
|
|-heal|p2a: Corviknight|32/100|[from] item: Leftovers
|upkeep
|turn|23
|
|move|p1a: Dracovish|Outrage|p2a: Corviknight|[from]lockedmove
|-resisted|p2a: Corviknight
|-damage|p2a: Corviknight|18/100
|-start|p1a: Dracovish|confusion|[fatigue]
|move|p2a: Corviknight|Bulk Up|p2a: Corviknight
|-boost|p2a: Corviknight|atk|1
|-boost|p2a: Corviknight|def|1
|
|-heal|p2a: Corviknight|24/100|[from] item: Leftovers
|upkeep
|turn|24
|
|switch|p1a: Corsola|Corsola-Galar, F|100/100
|move|p2a: Corviknight|Roost|p2a: Corviknight
|-heal|p2a: Corviknight|74/100
|-singleturn|p2a: Corviknight|move: Roost
|
|-heal|p2a: Corviknight|80/100|[from] item: Leftovers
|upkeep
|turn|25
|
|move|p2a: Corviknight|Brave Bird|p1a: Corsola
|-damage|p1a: Corsola|4/100
|-damage|p2a: Corviknight|55/100|[from] Recoil
|move|p1a: Corsola|Will-O-Wisp|p2a: Corviknight
|-status|p2a: Corviknight|brn
|
|-heal|p2a: Corviknight|61/100 brn|[from] item: Leftovers
|-damage|p2a: Corviknight|55/100 brn|[from] brn
|upkeep
|turn|26
|
|move|p2a: Corviknight|Brave Bird|p1a: Corsola
|-damage|p1a: Corsola|0 fnt
|-damage|p2a: Corviknight|54/100 brn|[from] Recoil
|faint|p1a: Corsola
|
|-heal|p2a: Corviknight|60/100 brn|[from] item: Leftovers
|-damage|p2a: Corviknight|54/100 brn|[from] brn
|upkeep
|
|switch|p1a: Zizou!|Cinderace, M|40/100
|turn|27
|
|move|p1a: Zizou!|Pyro Ball|p2a: Corviknight
|-supereffective|p2a: Corviknight
|-crit|p2a: Corviknight
|-damage|p2a: Corviknight|0 fnt
|faint|p2a: Corviknight
|
|upkeep
|
|switch|p2a: Dracovish|Dracovish|88/100
|-damage|p2a: Dracovish|76/100|[from] Stealth Rock
|turn|28
|
|move|p2a: Dracovish|Dragon Rush|p1a: Zizou!
|-damage|p1a: Zizou!|0 fnt
|faint|p1a: Zizou!
|
|upkeep
|
|switch|p1a: Dracovish|Dracovish|53/100 par
|turn|29
|
|move|p2a: Dracovish|Dragon Rush|p1a: Dracovish
|-supereffective|p1a: Dracovish
|-damage|p1a: Dracovish|0 fnt
|faint|p1a: Dracovish
|
|win|Superkillerman
|l|☆truementalist
|raw|truementalist's rating: 1114 → 1091(-23 for losing)
|raw|Superkillerman's rating: 1132 → 1156(+24 for winning)
