|ScrapeTime|2020-01-01-14:34:26
|j|☆unowndragon
|j|☆myjava
|player|p1|unowndragon|giovanni-gen3|1769
|player|p2|myjava|169|1795
|teamsize|p1|6
|teamsize|p2|6
|gametype|singles
|gen|8
|tier|[Gen 8] OU
|rated|
|rule|Sleep Clause Mod: Limit one foe put to sleep
|rule|Species Clause: Limit one of each Pokémon
|rule|OHKO Clause: OHKO moves are banned
|rule|Evasion Moves Clause: Evasion moves are banned
|rule|Endless Battle Clause: Forcing endless battles is banned
|rule|HP Percentage Mod: HP is shown in percentages
|clearpoke
|poke|p1|Sirfetch'd, F|
|poke|p1|Dragapult, M|
|poke|p1|Snorlax, M|
|poke|p1|Seismitoad, F|
|poke|p1|Rotom-Heat|
|poke|p1|Corviknight, F|
|poke|p2|Snorlax, F|
|poke|p2|Hatterene, F|
|poke|p2|Vaporeon, F|
|poke|p2|Ditto|
|poke|p2|Kommo-o, M|
|poke|p2|Aegislash, M|
|rule|Dynamax Clause: You cannot dynamax
|teampreview
|j| DaveDobbs
|c|☆myjava|gl
|inactive|Battle timer is ON: inactive players will automatically lose when time's up. (requested by myjava)
|
|start
|switch|p1a: Dragapult|Dragapult, M|100/100
|switch|p2a: Kommo-o|Kommo-o, M|100/100
|turn|1
|
|switch|p1a: Sirfetch'd|Sirfetch'd, F|100/100
|switch|p2a: Vaporeon|Vaporeon, F|100/100
|
|upkeep
|turn|2
|
|move|p1a: Sirfetch'd|Knock Off|p2a: Vaporeon
|-damage|p2a: Vaporeon|59/100
|-enditem|p2a: Vaporeon|Leftovers|[from] move: Knock Off|[of] p1a: Sirfetch'd
|move|p2a: Vaporeon|Scald|p1a: Sirfetch'd
|-damage|p1a: Sirfetch'd|63/100
|-status|p1a: Sirfetch'd|brn
|
|-damage|p1a: Sirfetch'd|56/100 brn|[from] brn
|upkeep
|turn|3
|inactive|unowndragon has 120 seconds left.
|
|switch|p1a: Snorlax|Snorlax, M|100/100
|move|p2a: Vaporeon|Wish|p2a: Vaporeon
|
|upkeep
|turn|4
|inactive|unowndragon has 120 seconds left.
|
|switch|p2a: Kommo-o|Kommo-o, M|100/100
|move|p1a: Snorlax|Body Slam|p2a: Kommo-o
|-damage|p2a: Kommo-o|82/100
|
|-heal|p2a: Kommo-o|100/100|[from] move: Wish|[wisher] Vaporeon
|upkeep
|turn|5
|j| Cao Vinh
|inactive|unowndragon has 120 seconds left.
|inactive|unowndragon has 90 seconds left.
|
|switch|p1a: Corviknight|Corviknight, F|100/100
|-ability|p1a: Corviknight|Pressure
|move|p2a: Kommo-o|Stealth Rock|p1a: Corviknight
|-sidestart|p1: unowndragon|move: Stealth Rock
|
|upkeep
|turn|6
|
|move|p2a: Kommo-o|Body Press|p1a: Corviknight
|-damage|p1a: Corviknight|66/100
|move|p1a: Corviknight|Defog|p2a: Kommo-o
|-unboost|p2a: Kommo-o|evasion|1
|-sideend|p1: unowndragon|Stealth Rock|[from] move: Defog|[of] p1a: Corviknight
|
|-heal|p1a: Corviknight|73/100|[from] item: Leftovers
|upkeep
|turn|7
|
|switch|p2a: Vaporeon|Vaporeon, F|59/100
|move|p1a: Corviknight|U-turn|p2a: Vaporeon
|-damage|p2a: Vaporeon|49/100
|j| DevilishGreg
|
|switch|p1a: Dragapult|Dragapult, M|100/100|[from]move: U-turn
|
|upkeep
|turn|8
|
|move|p1a: Dragapult|Thunderbolt|p2a: Vaporeon
|-supereffective|p2a: Vaporeon
|-damage|p2a: Vaporeon|0 fnt
|faint|p2a: Vaporeon
|
|upkeep
|
|switch|p2a: Aegislash|Aegislash, M|100/100
|turn|9
|
|switch|p1a: Corviknight|Corviknight, F|73/100
|-ability|p1a: Corviknight|Pressure
|-formechange|p2a: Aegislash|Aegislash-Blade||[from] ability: Stance Change
|move|p2a: Aegislash|Close Combat|p1a: Corviknight
|-damage|p1a: Corviknight|46/100
|-unboost|p2a: Aegislash|def|1
|-unboost|p2a: Aegislash|spd|1
|
|-heal|p1a: Corviknight|52/100|[from] item: Leftovers
|upkeep
|turn|10
|inactive|unowndragon has 90 seconds left.
|
|switch|p2a: Ditto|Ditto|100/100
|-transform|p2a: Ditto|p1a: Corviknight|[from] ability: Imposter
|-ability|p2a: Ditto|Pressure
|move|p1a: Corviknight|U-turn|p2a: Ditto
|-resisted|p2a: Ditto
|-damage|p2a: Ditto|97/100
|inactive|unowndragon has 90 seconds left.
|
|switch|p1a: Rotom|Rotom-Heat|100/100|[from]move: U-turn
|
|upkeep
|turn|11
|
|switch|p2a: Snorlax|Snorlax, F|100/100
|move|p1a: Rotom|Volt Switch|p2a: Snorlax
|-damage|p2a: Snorlax|90/100
|
|switch|p1a: Sirfetch'd|Sirfetch'd, F|56/100 brn|[from]move: Volt Switch
|
|-heal|p2a: Snorlax|96/100|[from] item: Leftovers
|-damage|p1a: Sirfetch'd|50/100 brn|[from] brn
|upkeep
|turn|12
|
|switch|p2a: Kommo-o|Kommo-o, M|100/100
|move|p1a: Sirfetch'd|Close Combat|p2a: Kommo-o
|-damage|p2a: Kommo-o|67/100
|-unboost|p1a: Sirfetch'd|def|1
|-unboost|p1a: Sirfetch'd|spd|1
|
|-heal|p2a: Kommo-o|74/100|[from] item: Leftovers
|-damage|p1a: Sirfetch'd|44/100 brn|[from] brn
|upkeep
|turn|13
|
|switch|p2a: Hatterene|Hatterene, F|100/100
|switch|p1a: Dragapult|Dragapult, M|100/100
|
|upkeep
|turn|14
|inactive|unowndragon has 90 seconds left.
|
|switch|p1a: Sirfetch'd|Sirfetch'd, F|44/100 brn
|switch|p2a: Snorlax|Snorlax, F|96/100
|
|-heal|p2a: Snorlax|100/100|[from] item: Leftovers
|-damage|p1a: Sirfetch'd|38/100 brn|[from] brn
|upkeep
|turn|15
|inactive|unowndragon has 90 seconds left.
|
|switch|p2a: Kommo-o|Kommo-o, M|74/100
|move|p1a: Sirfetch'd|Knock Off|p2a: Kommo-o
|-resisted|p2a: Kommo-o
|-damage|p2a: Kommo-o|65/100
|-enditem|p2a: Kommo-o|Leftovers|[from] move: Knock Off|[of] p1a: Sirfetch'd
|
|-damage|p1a: Sirfetch'd|32/100 brn|[from] brn
|upkeep
|turn|16
|
|switch|p1a: Corviknight|Corviknight, F|52/100
|-ability|p1a: Corviknight|Pressure
|move|p2a: Kommo-o|Stealth Rock|p1a: Corviknight
|-sidestart|p1: unowndragon|move: Stealth Rock
|
|-heal|p1a: Corviknight|58/100|[from] item: Leftovers
|upkeep
|turn|17
|inactive|unowndragon has 90 seconds left.
|j| horadobos
|
|move|p2a: Kommo-o|Body Press|p1a: Corviknight
|-damage|p1a: Corviknight|19/100
|move|p1a: Corviknight|Defog|p2a: Kommo-o
|-unboost|p2a: Kommo-o|evasion|1
|-sideend|p1: unowndragon|Stealth Rock|[from] move: Defog|[of] p1a: Corviknight
|
|-heal|p1a: Corviknight|25/100|[from] item: Leftovers
|upkeep
|turn|18
|inactive|unowndragon has 90 seconds left.
|
|switch|p1a: Dragapult|Dragapult, M|100/100
|move|p2a: Kommo-o|Earthquake|p1a: Dragapult
|-damage|p1a: Dragapult|65/100
|
|upkeep
|turn|19
|inactive|unowndragon has 90 seconds left.
|
|switch|p1a: Rotom|Rotom-Heat|100/100
|switch|p2a: Hatterene|Hatterene, F|100/100
|
|upkeep
|turn|20
|inactive|unowndragon has 90 seconds left.
|
|move|p1a: Rotom|Trick|p2a: Hatterene
|-activate|p1a: Rotom|move: Trick|[of] p2a: Hatterene
|-item|p2a: Hatterene|Choice Scarf|[from] move: Trick
|-item|p1a: Rotom|Leftovers|[from] move: Trick
|move|p2a: Hatterene|Calm Mind|p2a: Hatterene
|-boost|p2a: Hatterene|spa|1
|-boost|p2a: Hatterene|spd|1
|
|upkeep
|turn|21
|j| Sir Snub
|
|switch|p2a: Ditto|Ditto|97/100
|-transform|p2a: Ditto|p1a: Rotom|[from] ability: Imposter
|move|p1a: Rotom|Volt Switch|p2a: Ditto
|-resisted|p2a: Ditto
|-damage|p2a: Ditto|84/100
|j| ahhhaaaaa
|j| ushman70
|inactive|unowndragon has 90 seconds left.
|
|switch|p1a: Seismitoad|Seismitoad, F|100/100|[from]move: Volt Switch
|
|upkeep
|turn|22
|inactive|unowndragon has 90 seconds left.
|
|switch|p2a: Snorlax|Snorlax, F|100/100
|move|p1a: Seismitoad|Protect||[still]
|-fail|p1a: Seismitoad
|
|upkeep
|turn|23
|inactive|unowndragon has 90 seconds left.
|
|switch|p1a: Sirfetch'd|Sirfetch'd, F|32/100 brn
|move|p2a: Snorlax|Curse|p2a: Snorlax
|-unboost|p2a: Snorlax|spe|1
|-boost|p2a: Snorlax|atk|1
|-boost|p2a: Snorlax|def|1
|
|-damage|p1a: Sirfetch'd|26/100 brn|[from] brn
|upkeep
|turn|24
|c| ushman70|wow snorlax at high level
|
|switch|p2a: Hatterene|Hatterene, F|100/100
|move|p1a: Sirfetch'd|Close Combat|p2a: Hatterene
|-resisted|p2a: Hatterene
|-damage|p2a: Hatterene|89/100
|-unboost|p1a: Sirfetch'd|def|1
|-unboost|p1a: Sirfetch'd|spd|1
|
|-damage|p1a: Sirfetch'd|20/100 brn|[from] brn
|upkeep
|turn|25
|
|switch|p1a: Snorlax|Snorlax, M|100/100
|switch|p2a: Snorlax|Snorlax, F|100/100
|
|upkeep
|turn|26
|
|switch|p1a: Sirfetch'd|Sirfetch'd, F|20/100 brn
|switch|p2a: Kommo-o|Kommo-o, M|65/100
|
|-damage|p1a: Sirfetch'd|14/100 brn|[from] brn
|upkeep
|turn|27
|
|move|p2a: Kommo-o|Earthquake|p1a: Sirfetch'd
|-damage|p1a: Sirfetch'd|0 fnt
|faint|p1a: Sirfetch'd
|
|upkeep
|
|switch|p1a: Dragapult|Dragapult, M|65/100
|turn|28
|inactive|unowndragon has 90 seconds left.
|
|switch|p1a: Snorlax|Snorlax, M|100/100
|move|p2a: Kommo-o|Body Press|p1a: Snorlax
|-supereffective|p1a: Snorlax
|-damage|p1a: Snorlax|44/100
|
|-heal|p1a: Snorlax|50/100|[from] item: Leftovers
|upkeep
|turn|29
|inactive|unowndragon has 90 seconds left.
|inactive|unowndragon has 60 seconds left.
|
|switch|p1a: Rotom|Rotom-Heat|100/100
|move|p2a: Kommo-o|Stealth Rock|p1a: Rotom
|-sidestart|p1: unowndragon|move: Stealth Rock
|
|upkeep
|turn|30
|inactive|unowndragon has 60 seconds left.
|
|switch|p2a: Ditto|Ditto|84/100
|-transform|p2a: Ditto|p1a: Rotom|[from] ability: Imposter
|move|p1a: Rotom|Volt Switch|p2a: Ditto
|-resisted|p2a: Ditto
|-damage|p2a: Ditto|70/100
|inactive|unowndragon has 60 seconds left.
|
|switch|p1a: Seismitoad|Seismitoad, F|100/100|[from]move: Volt Switch
|-damage|p1a: Seismitoad|94/100|[from] Stealth Rock
|
|-heal|p1a: Seismitoad|100/100|[from] item: Leftovers
|upkeep
|turn|31
|
|switch|p2a: Hatterene|Hatterene, F|89/100
|move|p1a: Seismitoad|Stealth Rock|p2a: Hatterene
|move|p2a: Hatterene|Stealth Rock||[from]Magic Bounce|[still]
|-fail|p2a: Hatterene
|
|upkeep
|turn|32
|
|move|p1a: Seismitoad|Protect|p1a: Seismitoad
|-singleturn|p1a: Seismitoad|Protect
|move|p2a: Hatterene|Calm Mind|p2a: Hatterene
|-boost|p2a: Hatterene|spa|1
|-boost|p2a: Hatterene|spd|1
|
|upkeep
|turn|33
|inactive|unowndragon has 60 seconds left.
|c|☆myjava|shit forgot it's scarfed
|
|move|p1a: Seismitoad|Stealth Rock|p2a: Hatterene
|move|p2a: Hatterene|Stealth Rock||[from]Magic Bounce|[still]
|-fail|p2a: Hatterene
|move|p2a: Hatterene|Calm Mind|p2a: Hatterene
|-boost|p2a: Hatterene|spa|1
|-boost|p2a: Hatterene|spd|1
|
|upkeep
|turn|34
|
|move|p1a: Seismitoad|Stealth Rock|p2a: Hatterene
|move|p2a: Hatterene|Stealth Rock||[from]Magic Bounce|[still]
|-fail|p2a: Hatterene
|move|p2a: Hatterene|Calm Mind|p2a: Hatterene
|-boost|p2a: Hatterene|spa|1
|-boost|p2a: Hatterene|spd|1
|
|upkeep
|turn|35
|
|move|p1a: Seismitoad|Stealth Rock|p2a: Hatterene
|move|p2a: Hatterene|Stealth Rock||[from]Magic Bounce|[still]
|-fail|p2a: Hatterene
|move|p2a: Hatterene|Calm Mind|p2a: Hatterene
|-boost|p2a: Hatterene|spa|1
|-boost|p2a: Hatterene|spd|1
|
|upkeep
|turn|36
|
|move|p1a: Seismitoad|Earthquake|p2a: Hatterene
|-damage|p2a: Hatterene|62/100
|move|p2a: Hatterene|Calm Mind|p2a: Hatterene
|-boost|p2a: Hatterene|spa|1
|-boost|p2a: Hatterene|spd|1
|
|upkeep
|turn|37
|inactive|unowndragon has 90 seconds left.
|
|move|p1a: Seismitoad|Stealth Rock|p2a: Hatterene
|move|p2a: Hatterene|Stealth Rock||[from]Magic Bounce|[still]
|-fail|p2a: Hatterene
|move|p2a: Hatterene|Calm Mind|p2a: Hatterene
|-boost|p2a: Hatterene|spa|1
|-boost|p2a: Hatterene|spd|1
|
|upkeep
|turn|38
|
|switch|p2a: Snorlax|Snorlax, F|100/100
|move|p1a: Seismitoad|Stealth Rock|p2a: Snorlax
|-sidestart|p2: myjava|move: Stealth Rock
|
|upkeep
|turn|39
|c| ushman70|tilt?
|
|switch|p1a: Snorlax|Snorlax, M|50/100
|-damage|p1a: Snorlax|38/100|[from] Stealth Rock
|move|p2a: Snorlax|Curse|p2a: Snorlax
|-unboost|p2a: Snorlax|spe|1
|-boost|p2a: Snorlax|atk|1
|-boost|p2a: Snorlax|def|1
|
|-heal|p1a: Snorlax|44/100|[from] item: Leftovers
|upkeep
|turn|40
|
|move|p1a: Snorlax|Curse|p1a: Snorlax
|-unboost|p1a: Snorlax|spe|1
|-boost|p1a: Snorlax|atk|1
|-boost|p1a: Snorlax|def|1
|move|p2a: Snorlax|Body Slam|p1a: Snorlax
|-crit|p1a: Snorlax
|-damage|p1a: Snorlax|0 fnt
|faint|p1a: Snorlax
|
|upkeep
|c|☆myjava|my bad
|-message|unowndragon forfeited.
|
|win|myjava
|l| ahhhaaaaa
|raw|unowndragon's rating: 1769 → 1750(-19 for losing)
|raw|myjava's rating: 1795 → 1814(+19 for winning)
|l| ushman70
|c|☆myjava|gg
|l| Cao Vinh
|l| Sir Snub
