|ScrapeTime|2020-01-01-07:24:57
|j|☆r234f4re
|j|☆lxz2323
|player|p1|r234f4re|1|1184
|player|p2|lxz2323|290|1200
|teamsize|p1|6
|teamsize|p2|6
|gametype|singles
|gen|8
|tier|[Gen 8] OU
|rated|
|rule|Sleep Clause Mod: Limit one foe put to sleep
|rule|Species Clause: Limit one of each Pokémon
|rule|OHKO Clause: OHKO moves are banned
|rule|Evasion Moves Clause: Evasion moves are banned
|rule|Endless Battle Clause: Forcing endless battles is banned
|rule|HP Percentage Mod: HP is shown in percentages
|clearpoke
|poke|p1|Frosmoth, M|
|poke|p1|Chandelure, F|
|poke|p1|Milotic, F|
|poke|p1|Mamoswine, F|
|poke|p1|Goodra, M|
|poke|p1|Weezing-Galar, M|
|poke|p2|Tyranitar, M|
|poke|p2|Excadrill, M|
|poke|p2|Sirfetch'd, M|
|poke|p2|Ferrothorn, M|
|poke|p2|Gyarados, M|
|poke|p2|Reuniclus, M|
|rule|Dynamax Clause: You cannot dynamax
|teampreview
|inactive|Battle timer is ON: inactive players will automatically lose when time's up. (requested by lxz2323)
|
|start
|switch|p1a: Weezing|Weezing-Galar, M|100/100
|switch|p2a: Gyarados|Gyarados, M|100/100
|-ability|p2a: Gyarados|Intimidate|boost
|-unboost|p1a: Weezing|atk|1
|turn|1
|
|move|p2a: Gyarados|Substitute|p2a: Gyarados
|-start|p2a: Gyarados|Substitute
|-damage|p2a: Gyarados|76/100
|move|p1a: Weezing|Will-O-Wisp||[still]
|-fail|p1a: Weezing
|
|-heal|p2a: Gyarados|82/100|[from] item: Leftovers
|upkeep
|turn|2
|
|move|p2a: Gyarados|Dragon Dance|p2a: Gyarados
|-boost|p2a: Gyarados|atk|1
|-boost|p2a: Gyarados|spe|1
|move|p1a: Weezing|Strange Steam|p2a: Gyarados
|-crit|p2a: Gyarados
|-end|p2a: Gyarados|Substitute
|
|-heal|p2a: Gyarados|88/100|[from] item: Leftovers
|upkeep
|turn|3
|
|move|p2a: Gyarados|Substitute|p2a: Gyarados
|-start|p2a: Gyarados|Substitute
|-damage|p2a: Gyarados|63/100
|move|p1a: Weezing|Strange Steam|p2a: Gyarados
|-end|p2a: Gyarados|Substitute
|
|-heal|p2a: Gyarados|69/100|[from] item: Leftovers
|upkeep
|turn|4
|
|move|p2a: Gyarados|Waterfall|p1a: Weezing
|-damage|p1a: Weezing|59/100
|move|p1a: Weezing|Strange Steam|p2a: Gyarados
|-damage|p2a: Gyarados|43/100
|
|-heal|p2a: Gyarados|49/100|[from] item: Leftovers
|-heal|p1a: Weezing|65/100|[from] item: Black Sludge
|upkeep
|turn|5
|
|move|p2a: Gyarados|Substitute|p2a: Gyarados
|-start|p2a: Gyarados|Substitute
|-damage|p2a: Gyarados|24/100
|move|p1a: Weezing|Strange Steam|p2a: Gyarados
|-end|p2a: Gyarados|Substitute
|
|-heal|p2a: Gyarados|30/100|[from] item: Leftovers
|-heal|p1a: Weezing|71/100|[from] item: Black Sludge
|upkeep
|turn|6
|
|switch|p2a: Reuniclus|Reuniclus, M|100/100
|move|p1a: Weezing|Strange Steam|p2a: Reuniclus|[miss]
|-miss|p1a: Weezing|p2a: Reuniclus
|
|-heal|p1a: Weezing|77/100|[from] item: Black Sludge
|upkeep
|turn|7
|
|switch|p1a: Goodra|Goodra, M|100/100
|move|p2a: Reuniclus|Psychic|p1a: Goodra
|-damage|p1a: Goodra|78/100
|
|upkeep
|turn|8
|
|move|p1a: Goodra|Dragon Pulse|p2a: Reuniclus
|-damage|p2a: Reuniclus|70/100
|move|p2a: Reuniclus|Future Sight|p1a: Goodra
|-start|p2a: Reuniclus|move: Future Sight
|
|upkeep
|turn|9
|
|move|p1a: Goodra|Dragon Pulse|p2a: Reuniclus
|-damage|p2a: Reuniclus|37/100
|move|p2a: Reuniclus|Recover|p2a: Reuniclus
|-heal|p2a: Reuniclus|87/100
|
|upkeep
|turn|10
|
|move|p1a: Goodra|Dragon Pulse|p2a: Reuniclus
|-damage|p2a: Reuniclus|55/100
|move|p2a: Reuniclus|Psychic|p1a: Goodra
|-damage|p1a: Goodra|55/100
|
|-end|p1a: Goodra|move: Future Sight
|-damage|p1a: Goodra|27/100
|upkeep
|turn|11
|
|switch|p1a: Chandelure|Chandelure, F|100/100
|move|p2a: Reuniclus|Psychic|p1a: Chandelure
|-damage|p1a: Chandelure|14/100
|-unboost|p1a: Chandelure|spd|1
|
|upkeep
|turn|12
|
|switch|p2a: Tyranitar|Tyranitar, M|100/100
|-weather|Sandstorm|[from] ability: Sand Stream|[of] p2a: Tyranitar
|move|p1a: Chandelure|Shadow Ball|p2a: Tyranitar
|-resisted|p2a: Tyranitar
|-damage|p2a: Tyranitar|86/100
|
|-weather|Sandstorm|[upkeep]
|-damage|p1a: Chandelure|8/100|[from] Sandstorm
|-heal|p2a: Tyranitar|92/100|[from] item: Leftovers
|upkeep
|turn|13
|
|switch|p1a: Milotic|Milotic, F|100/100
|move|p2a: Tyranitar|Crunch|p1a: Milotic
|-damage|p1a: Milotic|63/100
|
|-weather|Sandstorm|[upkeep]
|-damage|p1a: Milotic|57/100|[from] Sandstorm
|-heal|p1a: Milotic|63/100|[from] item: Leftovers
|-heal|p2a: Tyranitar|98/100|[from] item: Leftovers
|upkeep
|turn|14
|
|switch|p2a: Reuniclus|Reuniclus, M|55/100
|move|p1a: Milotic|Scald|p2a: Reuniclus
|-damage|p2a: Reuniclus|31/100
|
|-weather|Sandstorm|[upkeep]
|-damage|p1a: Milotic|57/100|[from] Sandstorm
|-heal|p1a: Milotic|63/100|[from] item: Leftovers
|upkeep
|turn|15
|
|move|p1a: Milotic|Scald|p2a: Reuniclus
|-damage|p2a: Reuniclus|8/100
|move|p2a: Reuniclus|Recover|p2a: Reuniclus
|-heal|p2a: Reuniclus|58/100
|
|-weather|Sandstorm|[upkeep]
|-damage|p1a: Milotic|57/100|[from] Sandstorm
|-heal|p1a: Milotic|63/100|[from] item: Leftovers
|upkeep
|turn|16
|
|switch|p1a: Goodra|Goodra, M|27/100
|move|p2a: Reuniclus|Recover|p2a: Reuniclus
|-heal|p2a: Reuniclus|100/100
|
|-weather|none
|upkeep
|turn|17
|
|move|p1a: Goodra|Dragon Pulse|p2a: Reuniclus
|-damage|p2a: Reuniclus|69/100
|move|p2a: Reuniclus|Future Sight|p1a: Goodra
|-start|p2a: Reuniclus|move: Future Sight
|
|upkeep
|turn|18
|
|move|p1a: Goodra|Dragon Pulse|p2a: Reuniclus
|-damage|p2a: Reuniclus|37/100
|move|p2a: Reuniclus|Recover|p2a: Reuniclus
|-heal|p2a: Reuniclus|87/100
|
|upkeep
|turn|19
|
|move|p1a: Goodra|Dragon Pulse|p2a: Reuniclus
|-damage|p2a: Reuniclus|59/100
|move|p2a: Reuniclus|Recover|p2a: Reuniclus
|-heal|p2a: Reuniclus|100/100
|
|-end|p1a: Goodra|move: Future Sight
|-damage|p1a: Goodra|0 fnt
|upkeep
|faint|p1a: Goodra
|
|switch|p1a: Frosmoth|Frosmoth, M|100/100
|turn|20
|
|switch|p2a: Ferrothorn|Ferrothorn, M|100/100
|move|p1a: Frosmoth|Quiver Dance|p1a: Frosmoth
|-boost|p1a: Frosmoth|spa|1
|-boost|p1a: Frosmoth|spd|1
|-boost|p1a: Frosmoth|spe|1
|
|upkeep
|turn|21
|
|move|p1a: Frosmoth|Ice Beam|p2a: Ferrothorn
|-crit|p2a: Ferrothorn
|-damage|p2a: Ferrothorn|11/100
|move|p2a: Ferrothorn|Gyro Ball|p1a: Frosmoth
|-supereffective|p1a: Frosmoth
|-damage|p1a: Frosmoth|0 fnt
|faint|p1a: Frosmoth
|
|-heal|p2a: Ferrothorn|17/100|[from] item: Leftovers
|upkeep
|
|switch|p1a: Mamoswine|Mamoswine, F|100/100
|turn|22
|
|move|p1a: Mamoswine|Icicle Crash|p2a: Ferrothorn
|-damage|p2a: Ferrothorn|0 fnt
|faint|p2a: Ferrothorn
|
|upkeep
|
|switch|p2a: Excadrill|Excadrill, M|100/100
|turn|23
|
|switch|p1a: Milotic|Milotic, F|63/100
|move|p2a: Excadrill|Iron Head|p1a: Milotic
|-resisted|p1a: Milotic
|-damage|p1a: Milotic|43/100
|-damage|p2a: Excadrill|91/100|[from] item: Life Orb
|
|-heal|p1a: Milotic|49/100|[from] item: Leftovers
|upkeep
|turn|24
|
|move|p2a: Excadrill|Earthquake|p1a: Milotic
|-crit|p1a: Milotic
|-damage|p1a: Milotic|0 fnt
|-damage|p2a: Excadrill|81/100|[from] item: Life Orb
|faint|p1a: Milotic
|
|upkeep
|
|switch|p1a: Chandelure|Chandelure, F|8/100
|turn|25
|
|move|p1a: Chandelure|Energy Ball|p2a: Excadrill
|-damage|p2a: Excadrill|38/100
|move|p2a: Excadrill|Iron Head|p1a: Chandelure
|-resisted|p1a: Chandelure
|-damage|p1a: Chandelure|0 fnt
|-damage|p2a: Excadrill|28/100|[from] item: Life Orb
|faint|p1a: Chandelure
|
|upkeep
|
|switch|p1a: Mamoswine|Mamoswine, F|100/100
|turn|26
|
|move|p1a: Mamoswine|Ice Shard|p2a: Excadrill
|-damage|p2a: Excadrill|0 fnt
|faint|p2a: Excadrill
|
|upkeep
|
|switch|p2a: Reuniclus|Reuniclus, M|100/100
|turn|27
|
|move|p1a: Mamoswine|Earthquake|p2a: Reuniclus
|-damage|p2a: Reuniclus|49/100
|move|p2a: Reuniclus|Focus Blast|p1a: Mamoswine
|-supereffective|p1a: Mamoswine
|-enditem|p1a: Mamoswine|Focus Sash
|-damage|p1a: Mamoswine|1/100
|
|upkeep
|turn|28
|
|move|p1a: Mamoswine|Earthquake|p2a: Reuniclus
|-damage|p2a: Reuniclus|0 fnt
|faint|p2a: Reuniclus
|
|upkeep
|
|switch|p2a: Sirfetch'd|Sirfetch'd, M|100/100
|turn|29
|
|switch|p1a: Weezing|Weezing-Galar, M|77/100
|move|p2a: Sirfetch'd|First Impression|p1a: Weezing
|-resisted|p1a: Weezing
|-damage|p1a: Weezing|68/100
|
|-heal|p1a: Weezing|74/100|[from] item: Black Sludge
|upkeep
|turn|30
|
|switch|p2a: Gyarados|Gyarados, M|30/100
|-ability|p2a: Gyarados|Intimidate|boost
|-unboost|p1a: Weezing|atk|1
|move|p1a: Weezing|Will-O-Wisp|p2a: Gyarados|[miss]
|-miss|p1a: Weezing|p2a: Gyarados
|
|-heal|p2a: Gyarados|36/100|[from] item: Leftovers
|-heal|p1a: Weezing|80/100|[from] item: Black Sludge
|upkeep
|turn|31
|
|move|p2a: Gyarados|Substitute|p2a: Gyarados
|-start|p2a: Gyarados|Substitute
|-damage|p2a: Gyarados|11/100
|move|p1a: Weezing|Strange Steam|p2a: Gyarados
|-end|p2a: Gyarados|Substitute
|
|-heal|p2a: Gyarados|18/100|[from] item: Leftovers
|-heal|p1a: Weezing|86/100|[from] item: Black Sludge
|upkeep
|turn|32
|
|move|p2a: Gyarados|Waterfall|p1a: Weezing
|-damage|p1a: Weezing|59/100
|move|p1a: Weezing|Strange Steam|p2a: Gyarados
|-damage|p2a: Gyarados|0 fnt
|faint|p2a: Gyarados
|
|-heal|p1a: Weezing|65/100|[from] item: Black Sludge
|upkeep
|
|switch|p2a: Tyranitar|Tyranitar, M|98/100
|-weather|Sandstorm|[from] ability: Sand Stream|[of] p2a: Tyranitar
|turn|33
|
|move|p2a: Tyranitar|Stone Edge|p1a: Weezing
|-damage|p1a: Weezing|27/100
|move|p1a: Weezing|Pain Split|p2a: Tyranitar
|-sethp|p2a: Tyranitar|61/100|[from] move: Pain Split|[silent]
|-sethp|p1a: Weezing|71/100|[from] move: Pain Split
|
|-weather|Sandstorm|[upkeep]
|-damage|p1a: Weezing|65/100|[from] Sandstorm
|-heal|p2a: Tyranitar|67/100|[from] item: Leftovers
|-heal|p1a: Weezing|71/100|[from] item: Black Sludge
|upkeep
|turn|34
|
|move|p2a: Tyranitar|Stealth Rock|p1a: Weezing
|-sidestart|p1: r234f4re|move: Stealth Rock
|move|p1a: Weezing|Will-O-Wisp|p2a: Tyranitar|[miss]
|-miss|p1a: Weezing|p2a: Tyranitar
|
|-weather|Sandstorm|[upkeep]
|-damage|p1a: Weezing|65/100|[from] Sandstorm
|-heal|p2a: Tyranitar|73/100|[from] item: Leftovers
|-heal|p1a: Weezing|71/100|[from] item: Black Sludge
|upkeep
|turn|35
|l|☆lxz2323
|inactive|lxz2323 disconnected and has a minute to reconnect!
|player|p2|
|inactive|lxz2323 has 30 seconds to reconnect!
|inactive|lxz2323 has 20 seconds to reconnect!
|inactive|lxz2323 has 15 seconds to reconnect!
|j|☆lxz2323
|inactive|lxz2323 reconnected and has 90 seconds left.
|player|p2|lxz2323|290
|
|move|p2a: Tyranitar|Stone Edge|p1a: Weezing
|-damage|p1a: Weezing|33/100
|move|p1a: Weezing|Will-O-Wisp|p2a: Tyranitar
|-status|p2a: Tyranitar|brn
|
|-weather|Sandstorm|[upkeep]
|-damage|p1a: Weezing|27/100|[from] Sandstorm
|-heal|p2a: Tyranitar|79/100 brn|[from] item: Leftovers
|-heal|p1a: Weezing|33/100|[from] item: Black Sludge
|-damage|p2a: Tyranitar|73/100 brn|[from] brn
|upkeep
|turn|36
|inactive|lxz2323 has 90 seconds left.
|
|switch|p2a: Sirfetch'd|Sirfetch'd, M|100/100
|move|p1a: Weezing|Pain Split|p2a: Sirfetch'd
|-sethp|p2a: Sirfetch'd|70/100|[from] move: Pain Split|[silent]
|-sethp|p1a: Weezing|59/100|[from] move: Pain Split
|
|-weather|Sandstorm|[upkeep]
|-damage|p2a: Sirfetch'd|64/100|[from] Sandstorm
|-damage|p1a: Weezing|53/100|[from] Sandstorm
|-heal|p1a: Weezing|59/100|[from] item: Black Sludge
|upkeep
|turn|37
|inactive|lxz2323 has 90 seconds left.
|
|move|p2a: Sirfetch'd|Poison Jab|p1a: Weezing
|-damage|p1a: Weezing|30/100
|move|p1a: Weezing|Defog|p2a: Sirfetch'd
|-unboost|p2a: Sirfetch'd|evasion|1
|-sideend|p1: r234f4re|Stealth Rock|[from] move: Defog|[of] p1a: Weezing
|
|-weather|none
|-heal|p1a: Weezing|36/100|[from] item: Black Sludge
|upkeep
|turn|38
|inactive|lxz2323 has 90 seconds left.
|
|move|p2a: Sirfetch'd|Poison Jab|p1a: Weezing
|-crit|p1a: Weezing
|-damage|p1a: Weezing|0 fnt
|faint|p1a: Weezing
|
|upkeep
|
|switch|p1a: Mamoswine|Mamoswine, F|1/100
|turn|39
|
|switch|p2a: Tyranitar|Tyranitar, M|73/100 brn
|-weather|Sandstorm|[from] ability: Sand Stream|[of] p2a: Tyranitar
|move|p1a: Mamoswine|Earthquake|p2a: Tyranitar
|-supereffective|p2a: Tyranitar
|-damage|p2a: Tyranitar|0 fnt
|faint|p2a: Tyranitar
|
|-weather|Sandstorm|[upkeep]
|upkeep
|
|switch|p2a: Sirfetch'd|Sirfetch'd, M|64/100
|turn|40
|
|move|p2a: Sirfetch'd|First Impression|p1a: Mamoswine
|-damage|p1a: Mamoswine|0 fnt
|faint|p1a: Mamoswine
|
|win|lxz2323
|raw|r234f4re's rating: 1184 → 1160(-24 for losing)
|raw|lxz2323's rating: 1200 → 1224(+24 for winning)
