|ScrapeTime|2020-01-02-04:44:38
|j|☆Shinoa's Hydra
|j|☆Captain Maybe
|player|p1|Shinoa's Hydra|liza|1222
|player|p2|Captain Maybe|30|1249
|teamsize|p1|6
|teamsize|p2|6
|gametype|singles
|gen|8
|tier|[Gen 8] OU
|rated|
|rule|Sleep Clause Mod: Limit one foe put to sleep
|rule|Species Clause: Limit one of each Pokémon
|rule|OHKO Clause: OHKO moves are banned
|rule|Evasion Moves Clause: Evasion moves are banned
|rule|Endless Battle Clause: Forcing endless battles is banned
|rule|HP Percentage Mod: HP is shown in percentages
|clearpoke
|poke|p1|Hydreigon, M|
|poke|p1|Inteleon, M|
|poke|p1|Ferrothorn, F|
|poke|p1|Mandibuzz, F|
|poke|p1|Gardevoir, F|
|poke|p1|Conkeldurr, M|
|poke|p2|Hatterene, F|
|poke|p2|Dragapult, F|
|poke|p2|Seismitoad, F|
|poke|p2|Toxtricity, M|
|poke|p2|Corviknight, F|
|poke|p2|Kommo-o, F|
|rule|Dynamax Clause: You cannot dynamax
|teampreview
|inactive|Battle timer is ON: inactive players will automatically lose when time's up. (requested by Shinoa's Hydra)
|inactive|Captain Maybe has 120 seconds left.
|
|start
|switch|p1a: James Pond|Inteleon, M|100/100
|switch|p2a: Dragapult|Dragapult, F|100/100
|turn|1
|
|switch|p1a: Yuno Gasai|Gardevoir, F|100/100
|-ability|p1a: Yuno Gasai|Infiltrator|[from] ability: Trace|[of] p2a: Dragapult
|move|p2a: Dragapult|U-turn|p1a: Yuno Gasai
|-damage|p1a: Yuno Gasai|71/100
|
|switch|p2a: Corviknight|Corviknight, F|100/100|[from]move: U-turn
|-ability|p2a: Corviknight|Pressure
|
|upkeep
|turn|2
|
|move|p1a: Yuno Gasai|Trick|p2a: Corviknight
|-activate|p1a: Yuno Gasai|move: Trick|[of] p2a: Corviknight
|-item|p2a: Corviknight|Choice Scarf|[from] move: Trick
|-item|p1a: Yuno Gasai|Leftovers|[from] move: Trick
|move|p2a: Corviknight|Brave Bird|p1a: Yuno Gasai
|-damage|p1a: Yuno Gasai|2/100
|-damage|p2a: Corviknight|85/100|[from] Recoil
|
|-heal|p1a: Yuno Gasai|8/100|[from] item: Leftovers
|upkeep
|turn|3
|
|switch|p2a: Toxtricity|Toxtricity, M|100/100
|move|p1a: Yuno Gasai|Mystical Fire|p2a: Toxtricity
|-damage|p2a: Toxtricity|61/100
|-unboost|p2a: Toxtricity|spa|1
|
|-heal|p1a: Yuno Gasai|14/100|[from] item: Leftovers
|upkeep
|turn|4
|
|switch|p2a: Corviknight|Corviknight, F|85/100
|-ability|p2a: Corviknight|Pressure
|move|p1a: Yuno Gasai|Psyshock|p2a: Corviknight
|-resisted|p2a: Corviknight
|-damage|p2a: Corviknight|71/100
|
|-heal|p1a: Yuno Gasai|20/100|[from] item: Leftovers
|upkeep
|turn|5
|
|move|p1a: Yuno Gasai|Mystical Fire|p2a: Corviknight
|-supereffective|p2a: Corviknight
|-damage|p2a: Corviknight|29/100
|-unboost|p2a: Corviknight|spa|1
|move|p2a: Corviknight|Brave Bird|p1a: Yuno Gasai
|-damage|p1a: Yuno Gasai|0 fnt
|-damage|p2a: Corviknight|25/100|[from] Recoil
|faint|p1a: Yuno Gasai
|
|upkeep
|
|switch|p1a: Beady Longs Legs|Ferrothorn, F, shiny|100/100
|turn|6
|
|switch|p2a: Hatterene|Hatterene, F|100/100
|move|p1a: Beady Longs Legs|Stealth Rock|p2a: Hatterene
|move|p2a: Hatterene|Stealth Rock|p1a: Beady Longs Legs|[from]Magic Bounce
|-sidestart|p1: Shinoa's Hydra|move: Stealth Rock
|
|upkeep
|turn|7
|
|move|p2a: Hatterene|Calm Mind|p2a: Hatterene
|-boost|p2a: Hatterene|spa|1
|-boost|p2a: Hatterene|spd|1
|move|p1a: Beady Longs Legs|Gyro Ball|p2a: Hatterene
|-supereffective|p2a: Hatterene
|-damage|p2a: Hatterene|66/100
|
|-heal|p2a: Hatterene|72/100|[from] item: Leftovers
|upkeep
|turn|8
|
|move|p2a: Hatterene|Mystical Fire|p1a: Beady Longs Legs
|-supereffective|p1a: Beady Longs Legs
|-damage|p1a: Beady Longs Legs|5/100
|-unboost|p1a: Beady Longs Legs|spa|1
|move|p1a: Beady Longs Legs|Knock Off|p2a: Hatterene
|-damage|p2a: Hatterene|54/100
|-enditem|p2a: Hatterene|Leftovers|[from] move: Knock Off|[of] p1a: Beady Longs Legs
|
|-heal|p1a: Beady Longs Legs|11/100|[from] item: Leftovers
|upkeep
|turn|9
|
|switch|p1a: Buzzy Mandy|Mandibuzz, F|100/100
|move|p2a: Hatterene|Draining Kiss|p1a: Buzzy Mandy
|-supereffective|p1a: Buzzy Mandy
|-damage|p1a: Buzzy Mandy|45/100
|-heal|p2a: Hatterene|100/100|[from] drain|[of] p1a: Buzzy Mandy
|
|upkeep
|turn|10
|
|move|p1a: Buzzy Mandy|Defog|p2a: Hatterene
|move|p2a: Hatterene|Defog|p1a: Buzzy Mandy|[from]Magic Bounce
|-unboost|p1a: Buzzy Mandy|evasion|1
|-sideend|p1: Shinoa's Hydra|Stealth Rock|[from] move: Defog|[of] p2a: Hatterene
|move|p2a: Hatterene|Calm Mind|p2a: Hatterene
|-boost|p2a: Hatterene|spa|1
|-boost|p2a: Hatterene|spd|1
|
|upkeep
|turn|11
|
|move|p1a: Buzzy Mandy|Roost|p1a: Buzzy Mandy
|-heal|p1a: Buzzy Mandy|95/100
|-singleturn|p1a: Buzzy Mandy|move: Roost
|move|p2a: Hatterene|Draining Kiss|p1a: Buzzy Mandy
|-supereffective|p1a: Buzzy Mandy
|-damage|p1a: Buzzy Mandy|15/100
|
|upkeep
|turn|12
|
|move|p1a: Buzzy Mandy|Knock Off|p2a: Hatterene
|-damage|p2a: Hatterene|86/100
|move|p2a: Hatterene|Draining Kiss|p1a: Buzzy Mandy
|-supereffective|p1a: Buzzy Mandy
|-damage|p1a: Buzzy Mandy|0 fnt
|-heal|p2a: Hatterene|100/100|[from] drain|[of] p1a: Buzzy Mandy
|faint|p1a: Buzzy Mandy
|
|upkeep
|
|switch|p1a: James Pond|Inteleon, M|100/100
|turn|13
|
|move|p1a: James Pond|Hydro Pump|p2a: Hatterene
|-crit|p2a: Hatterene
|-damage|p2a: Hatterene|0 fnt
|-damage|p1a: James Pond|91/100|[from] item: Life Orb
|faint|p2a: Hatterene
|
|upkeep
|
|switch|p2a: Dragapult|Dragapult, F|100/100
|turn|14
|
|move|p2a: Dragapult|U-turn|p1a: James Pond
|-damage|p1a: James Pond|63/100
|
|switch|p2a: Seismitoad|Seismitoad, F, shiny|100/100|[from]move: U-turn
|move|p1a: James Pond|Ice Beam|p2a: Seismitoad
|-damage|p2a: Seismitoad|59/100
|-damage|p1a: James Pond|53/100|[from] item: Life Orb
|
|-heal|p2a: Seismitoad|65/100|[from] item: Leftovers
|upkeep
|turn|15
|
|move|p1a: James Pond|Dark Pulse|p2a: Seismitoad
|-damage|p2a: Seismitoad|31/100
|-damage|p1a: James Pond|43/100|[from] item: Life Orb
|move|p2a: Seismitoad|Earthquake|p1a: James Pond
|-damage|p1a: James Pond|0 fnt
|faint|p1a: James Pond
|
|-heal|p2a: Seismitoad|37/100|[from] item: Leftovers
|upkeep
|
|switch|p1a: King Ghidorah|Hydreigon, M|100/100
|turn|16
|
|switch|p1a: Beady Longs Legs|Ferrothorn, F, shiny|11/100
|move|p2a: Seismitoad|Toxic|p1a: Beady Longs Legs
|-immune|p1a: Beady Longs Legs
|
|-heal|p2a: Seismitoad|43/100|[from] item: Leftovers
|-heal|p1a: Beady Longs Legs|18/100|[from] item: Leftovers
|upkeep
|turn|17
|
|move|p2a: Seismitoad|Earthquake|p1a: Beady Longs Legs
|-damage|p1a: Beady Longs Legs|0 fnt
|faint|p1a: Beady Longs Legs
|
|-heal|p2a: Seismitoad|50/100|[from] item: Leftovers
|upkeep
|
|switch|p1a: Kronk|Conkeldurr, M|100/100
|turn|18
|
|move|p2a: Seismitoad|Earthquake|p1a: Kronk
|-damage|p1a: Kronk|73/100
|move|p1a: Kronk|Drain Punch|p2a: Seismitoad
|-damage|p2a: Seismitoad|14/100
|-heal|p1a: Kronk|91/100|[from] drain|[of] p2a: Seismitoad
|
|-heal|p2a: Seismitoad|20/100|[from] item: Leftovers
|-status|p1a: Kronk|brn|[from] item: Flame Orb
|upkeep
|turn|19
|
|move|p1a: Kronk|Mach Punch|p2a: Seismitoad
|-damage|p2a: Seismitoad|0 fnt
|faint|p2a: Seismitoad
|
|-damage|p1a: Kronk|85/100 brn|[from] brn
|upkeep
|
|switch|p2a: Corviknight|Corviknight, F|25/100
|-ability|p2a: Corviknight|Pressure
|turn|20
|
|switch|p1a: King Ghidorah|Hydreigon, M|100/100
|move|p2a: Corviknight|Brave Bird|p1a: King Ghidorah
|-damage|p1a: King Ghidorah|55/100
|-damage|p2a: Corviknight|13/100|[from] Recoil
|
|upkeep
|turn|21
|
|move|p1a: King Ghidorah|Dark Pulse|p2a: Corviknight
|-damage|p2a: Corviknight|0 fnt
|faint|p2a: Corviknight
|
|upkeep
|
|switch|p2a: Dragapult|Dragapult, F|100/100
|turn|22
|
|move|p2a: Dragapult|Draco Meteor|p1a: King Ghidorah
|-supereffective|p1a: King Ghidorah
|-damage|p1a: King Ghidorah|0 fnt
|-unboost|p2a: Dragapult|spa|2
|faint|p1a: King Ghidorah
|
|upkeep
|
|switch|p1a: Kronk|Conkeldurr, M|85/100 brn
|turn|23
|
|move|p2a: Dragapult|Draco Meteor|p1a: Kronk
|-damage|p1a: Kronk|34/100 brn
|-unboost|p2a: Dragapult|spa|2
|move|p1a: Kronk|Earthquake|p2a: Dragapult
|-damage|p2a: Dragapult|21/100
|
|-damage|p1a: Kronk|28/100 brn|[from] brn
|upkeep
|turn|24
|
|move|p2a: Dragapult|Draco Meteor|p1a: Kronk
|-damage|p1a: Kronk|0 fnt
|-unboost|p2a: Dragapult|spa|2
|faint|p1a: Kronk
|
|win|Captain Maybe
|raw|Shinoa's Hydra's rating: 1222 → 1199(-23 for losing)
|raw|Captain Maybe's rating: 1249 → 1272(+23 for winning)
