|ScrapeTime|2020-01-01-10:16:10
|j|☆sfbakaihno
|j|☆Bon a Nez
|player|p1|sfbakaihno|265|1000
|player|p2|Bon a Nez|drake-gen3|1000
|teamsize|p1|6
|teamsize|p2|6
|gametype|singles
|gen|8
|tier|[Gen 8] OU
|rated|
|rule|Sleep Clause Mod: Limit one foe put to sleep
|rule|Species Clause: Limit one of each Pokémon
|rule|OHKO Clause: OHKO moves are banned
|rule|Evasion Moves Clause: Evasion moves are banned
|rule|Endless Battle Clause: Forcing endless battles is banned
|rule|HP Percentage Mod: HP is shown in percentages
|clearpoke
|poke|p1|Togekiss, F|
|poke|p1|Charizard, F|
|poke|p1|Dracovish|
|poke|p1|Ferrothorn, M|
|poke|p1|Excadrill, F|
|poke|p1|Gallade, M|
|poke|p2|Cinderace, M|
|poke|p2|Ferrothorn, F|
|poke|p2|Seismitoad, M|
|poke|p2|Gengar, F|
|poke|p2|Hydreigon, M|
|poke|p2|Hatterene, F|
|rule|Dynamax Clause: You cannot dynamax
|teampreview
|inactive|Battle timer is ON: inactive players will automatically lose when time's up. (requested by Bon a Nez)
|
|start
|switch|p1a: Dracovish|Dracovish|100/100
|switch|p2a: Gengar|Gengar, F|100/100
|turn|1
|
|switch|p2a: Seismitoad|Seismitoad, M|100/100
|move|p1a: Dracovish|Crunch|p2a: Seismitoad
|-damage|p2a: Seismitoad|76/100
|
|-heal|p2a: Seismitoad|82/100|[from] item: Leftovers
|upkeep
|turn|2
|
|switch|p1a: Ferrothorn|Ferrothorn, M|100/100
|move|p2a: Seismitoad|Stealth Rock|p1a: Ferrothorn
|-sidestart|p1: sfbakaihno|move: Stealth Rock
|
|-heal|p2a: Seismitoad|88/100|[from] item: Leftovers
|upkeep
|turn|3
|
|switch|p2a: Cinderace|Cinderace, M|100/100
|move|p1a: Ferrothorn|Stealth Rock|p2a: Cinderace
|-sidestart|p2: Bon a Nez|move: Stealth Rock
|
|upkeep
|turn|4
|
|switch|p1a: Dracovish|Dracovish|100/100
|-damage|p1a: Dracovish|88/100|[from] Stealth Rock
|move|p2a: Cinderace|Pyro Ball|p1a: Dracovish
|-resisted|p1a: Dracovish
|-damage|p1a: Dracovish|72/100
|
|upkeep
|turn|5
|
|switch|p2a: Seismitoad|Seismitoad, M|88/100
|-damage|p2a: Seismitoad|82/100|[from] Stealth Rock
|move|p1a: Dracovish|Fishious Rend|p2a: Seismitoad
|-heal|p2a: Seismitoad|100/100|[from] ability: Water Absorb|[of] p1a: Dracovish
|
|upkeep
|turn|6
|
|switch|p1a: Ferrothorn|Ferrothorn, M|100/100
|-damage|p1a: Ferrothorn|95/100|[from] Stealth Rock
|move|p2a: Seismitoad|Scald|p1a: Ferrothorn
|-resisted|p1a: Ferrothorn
|-damage|p1a: Ferrothorn|83/100
|
|upkeep
|turn|7
|
|move|p2a: Seismitoad|Scald|p1a: Ferrothorn
|-resisted|p1a: Ferrothorn
|-damage|p1a: Ferrothorn|73/100
|move|p1a: Ferrothorn|Spikes|p2a: Seismitoad
|-sidestart|p2: Bon a Nez|Spikes
|
|upkeep
|turn|8
|
|move|p2a: Seismitoad|Scald|p1a: Ferrothorn
|-resisted|p1a: Ferrothorn
|-damage|p1a: Ferrothorn|63/100
|move|p1a: Ferrothorn|Spikes|p2a: Seismitoad
|-sidestart|p2: Bon a Nez|Spikes
|
|upkeep
|turn|9
|
|switch|p2a: Cinderace|Cinderace, M|100/100
|move|p1a: Ferrothorn|Spikes|p2a: Cinderace
|-sidestart|p2: Bon a Nez|Spikes
|
|upkeep
|turn|10
|
|switch|p1a: Dracovish|Dracovish|72/100
|-damage|p1a: Dracovish|60/100|[from] Stealth Rock
|move|p2a: Cinderace|Court Change|p2a: Cinderace
|-sideend|p2: Bon a Nez|Spikes|[silent]
|-sidestart|p1: sfbakaihno|Spikes|[silent]
|-sidestart|p1: sfbakaihno|Spikes|[silent]
|-sidestart|p1: sfbakaihno|Spikes|[silent]
|-sideend|p2: Bon a Nez|Stealth Rock|[silent]
|-sideend|p1: sfbakaihno|Stealth Rock|[silent]
|-sidestart|p2: Bon a Nez|Stealth Rock|[silent]
|-sidestart|p1: sfbakaihno|Stealth Rock|[silent]
|-activate|p2a: Cinderace|move: Court Change
|
|upkeep
|turn|11
|
|switch|p2a: Seismitoad|Seismitoad, M|100/100
|-damage|p2a: Seismitoad|94/100|[from] Stealth Rock
|move|p1a: Dracovish|Fishious Rend|p2a: Seismitoad
|-heal|p2a: Seismitoad|100/100|[from] ability: Water Absorb|[of] p1a: Dracovish
|
|upkeep
|turn|12
|
|switch|p1a: Excadrill|Excadrill, F|100/100
|-damage|p1a: Excadrill|76/100|[from] Spikes
|-damage|p1a: Excadrill|73/100|[from] Stealth Rock
|-ability|p1a: Excadrill|Mold Breaker
|switch|p2a: Cinderace|Cinderace, M|100/100
|
|upkeep
|turn|13
|
|move|p2a: Cinderace|Pyro Ball|p1a: Excadrill
|-supereffective|p1a: Excadrill
|-damage|p1a: Excadrill|0 fnt
|faint|p1a: Excadrill
|
|upkeep
|inactive|sfbakaihno has 120 seconds left.
|-message|sfbakaihno forfeited.
|
|win|Bon a Nez
|l|☆sfbakaihno
|raw|sfbakaihno's rating: 1000 → 1000(+0 for losing)
|raw|Bon a Nez's rating: 1000 → 1040(+40 for winning)
