|ScrapeTime|2020-01-01-08:15:29
|j|☆Likelonely
|j|‽kliktuplorel
|player|p1|Likelonely|290|1211
|player|p2|kliktuplorel|102|1217
|teamsize|p1|6
|teamsize|p2|6
|gametype|singles
|gen|8
|tier|[Gen 8] OU
|rated|
|rule|Sleep Clause Mod: Limit one foe put to sleep
|rule|Species Clause: Limit one of each Pokémon
|rule|OHKO Clause: OHKO moves are banned
|rule|Evasion Moves Clause: Evasion moves are banned
|rule|Endless Battle Clause: Forcing endless battles is banned
|rule|HP Percentage Mod: HP is shown in percentages
|clearpoke
|poke|p1|Hydreigon, M|
|poke|p1|Cinderace, M|
|poke|p1|Ditto|
|poke|p1|Corviknight, M|
|poke|p1|Seismitoad, M|
|poke|p1|Dracovish|
|poke|p2|Conkeldurr, M|
|poke|p2|Hippowdon, F|
|poke|p2|Grimmsnarl, M|
|poke|p2|Mandibuzz, F|
|poke|p2|Rotom-Heat|
|poke|p2|Toxapex, F|
|rule|Dynamax Clause: You cannot dynamax
|teampreview
|inactive|Battle timer is ON: inactive players will automatically lose when time's up. (requested by kliktuplorel)
|inactive|Likelonely also wants the timer to be on.
|
|start
|switch|p1a: Corviknight|Corviknight, M|100/100
|switch|p2a: Grimmsnarl|Grimmsnarl, M|100/100
|-ability|p1a: Corviknight|Pressure
|turn|1
|
|move|p2a: Grimmsnarl|Substitute|p2a: Grimmsnarl
|-start|p2a: Grimmsnarl|Substitute
|-damage|p2a: Grimmsnarl|75/100
|move|p1a: Corviknight|Substitute|p1a: Corviknight
|-start|p1a: Corviknight|Substitute
|-damage|p1a: Corviknight|76/100
|
|-heal|p2a: Grimmsnarl|82/100|[from] item: Leftovers
|upkeep
|turn|2
|
|move|p1a: Corviknight|Brave Bird|p2a: Grimmsnarl
|-end|p2a: Grimmsnarl|Substitute
|-damage|p1a: Corviknight|68/100|[from] Recoil|[of] p2a: Grimmsnarl
|move|p2a: Grimmsnarl|Spirit Break|p1a: Corviknight
|-resisted|p1a: Corviknight
|-activate|p1a: Corviknight|move: Substitute|[damage]
|
|-heal|p2a: Grimmsnarl|88/100|[from] item: Leftovers
|upkeep
|turn|3
|
|switch|p2a: Hippowdon|Hippowdon, F|100/100
|-weather|Sandstorm|[from] ability: Sand Stream|[of] p2a: Hippowdon
|move|p1a: Corviknight|Brave Bird|p2a: Hippowdon
|-damage|p2a: Hippowdon|78/100
|-damage|p1a: Corviknight|60/100|[from] Recoil
|
|-weather|Sandstorm|[upkeep]
|-heal|p2a: Hippowdon|85/100|[from] item: Leftovers
|upkeep
|turn|4
|
|move|p1a: Corviknight|Roost|p1a: Corviknight
|-heal|p1a: Corviknight|100/100
|-singleturn|p1a: Corviknight|move: Roost
|move|p2a: Hippowdon|Stealth Rock|p1a: Corviknight
|-sidestart|p1: Likelonely|move: Stealth Rock
|
|-weather|Sandstorm|[upkeep]
|-heal|p2a: Hippowdon|91/100|[from] item: Leftovers
|upkeep
|turn|5
|
|move|p1a: Corviknight|Defog|p2a: Hippowdon
|-unboost|p2a: Hippowdon|evasion|1
|-sideend|p1: Likelonely|Stealth Rock|[from] move: Defog|[of] p1a: Corviknight
|move|p2a: Hippowdon|Whirlwind|p1a: Corviknight
|drag|p1a: Cinderace|Cinderace, M|100/100
|
|-weather|Sandstorm|[upkeep]
|-damage|p1a: Cinderace|95/100|[from] Sandstorm
|-heal|p2a: Hippowdon|97/100|[from] item: Leftovers
|upkeep
|turn|6
|
|switch|p1a: Dracovish|Dracovish|100/100
|move|p2a: Hippowdon|Earthquake|p1a: Dracovish
|-damage|p1a: Dracovish|58/100
|
|-weather|Sandstorm|[upkeep]
|-damage|p1a: Dracovish|51/100|[from] Sandstorm
|-heal|p2a: Hippowdon|100/100|[from] item: Leftovers
|upkeep
|turn|7
|
|switch|p2a: Toxapex|Toxapex, F|100/100
|move|p1a: Dracovish|Earthquake|p2a: Toxapex
|-supereffective|p2a: Toxapex
|-damage|p2a: Toxapex|67/100
|
|-weather|none
|-heal|p2a: Toxapex|73/100|[from] item: Black Sludge
|upkeep
|turn|8
|
|switch|p1a: Hydreigon|Hydreigon, M|100/100
|switch|p2a: Conkeldurr|Conkeldurr, M|100/100
|
|-status|p2a: Conkeldurr|brn|[from] item: Flame Orb
|upkeep
|turn|9
|
|switch|p1a: Corviknight|Corviknight, M|100/100
|-ability|p1a: Corviknight|Pressure
|move|p2a: Conkeldurr|Drain Punch|p1a: Corviknight
|-damage|p1a: Corviknight|63/100
|-damage|p2a: Conkeldurr|84/100 brn|[from] item: Rocky Helmet|[of] p1a: Corviknight
|
|-damage|p2a: Conkeldurr|78/100 brn|[from] brn
|upkeep
|turn|10
|
|move|p1a: Corviknight|Brave Bird|p2a: Conkeldurr
|-supereffective|p2a: Conkeldurr
|-damage|p2a: Conkeldurr|12/100 brn
|-damage|p1a: Corviknight|41/100|[from] Recoil
|move|p2a: Conkeldurr|Thunder Punch|p1a: Corviknight
|-supereffective|p1a: Corviknight
|-damage|p1a: Corviknight|0 fnt
|-damage|p2a: Conkeldurr|0 fnt|[from] item: Rocky Helmet|[of] p1a: Corviknight
|faint|p1a: Corviknight
|faint|p2a: Conkeldurr
|
|upkeep
|
|switch|p1a: Seismitoad|Seismitoad, M|100/100
|switch|p2a: Grimmsnarl|Grimmsnarl, M|88/100
|turn|11
|
|move|p1a: Seismitoad|Toxic|p2a: Grimmsnarl
|-status|p2a: Grimmsnarl|tox
|move|p2a: Grimmsnarl|Spirit Break|p1a: Seismitoad
|-damage|p1a: Seismitoad|67/100
|-unboost|p1a: Seismitoad|spa|1
|
|-heal|p1a: Seismitoad|73/100|[from] item: Leftovers
|-heal|p2a: Grimmsnarl|94/100 tox|[from] item: Leftovers
|-damage|p2a: Grimmsnarl|88/100 tox|[from] psn
|upkeep
|turn|12
|
|move|p1a: Seismitoad|Stealth Rock|p2a: Grimmsnarl
|-sidestart|p2: kliktuplorel|move: Stealth Rock
|move|p2a: Grimmsnarl|Spirit Break|p1a: Seismitoad
|-damage|p1a: Seismitoad|38/100
|-unboost|p1a: Seismitoad|spa|1
|
|-heal|p1a: Seismitoad|44/100|[from] item: Leftovers
|-heal|p2a: Grimmsnarl|94/100 tox|[from] item: Leftovers
|-damage|p2a: Grimmsnarl|82/100 tox|[from] psn
|upkeep
|turn|13
|
|switch|p1a: Cinderace|Cinderace, M|95/100
|move|p2a: Grimmsnarl|Spirit Break|p1a: Cinderace
|-resisted|p1a: Cinderace
|-damage|p1a: Cinderace|68/100
|-unboost|p1a: Cinderace|spa|1
|
|-heal|p2a: Grimmsnarl|88/100 tox|[from] item: Leftovers
|-damage|p2a: Grimmsnarl|69/100 tox|[from] psn
|upkeep
|turn|14
|
|switch|p2a: Toxapex|Toxapex, F|100/100
|-damage|p2a: Toxapex|88/100|[from] Stealth Rock
|move|p1a: Cinderace|Gunk Shot|p2a: Toxapex
|-resisted|p2a: Toxapex
|-damage|p2a: Toxapex|75/100
|
|-heal|p2a: Toxapex|81/100|[from] item: Black Sludge
|upkeep
|turn|15
|
|move|p1a: Cinderace|U-turn|p2a: Toxapex
|-resisted|p2a: Toxapex
|-damage|p2a: Toxapex|73/100
|
|switch|p1a: Hydreigon|Hydreigon, M|100/100|[from]move: U-turn
|move|p2a: Toxapex|Toxic Spikes|p1a: Hydreigon
|-sidestart|p1: Likelonely|move: Toxic Spikes
|
|-heal|p2a: Toxapex|79/100|[from] item: Black Sludge
|upkeep
|turn|16
|
|move|p1a: Hydreigon|Substitute|p1a: Hydreigon
|-start|p1a: Hydreigon|Substitute
|-damage|p1a: Hydreigon|76/100
|move|p2a: Toxapex|Haze|p2a: Toxapex
|-clearallboost
|
|-heal|p1a: Hydreigon|82/100|[from] item: Leftovers
|-heal|p2a: Toxapex|85/100|[from] item: Black Sludge
|upkeep
|turn|17
|
|move|p1a: Hydreigon|Dark Pulse|p2a: Toxapex
|-damage|p2a: Toxapex|49/100
|cant|p2a: Toxapex|flinch
|
|-heal|p1a: Hydreigon|88/100|[from] item: Leftovers
|-heal|p2a: Toxapex|55/100|[from] item: Black Sludge
|upkeep
|turn|18
|
|switch|p2a: Grimmsnarl|Grimmsnarl, M|69/100 tox
|-damage|p2a: Grimmsnarl|57/100 tox|[from] Stealth Rock
|move|p1a: Hydreigon|Dark Pulse|p2a: Grimmsnarl
|-resisted|p2a: Grimmsnarl
|-damage|p2a: Grimmsnarl|45/100 tox
|
|-heal|p1a: Hydreigon|94/100|[from] item: Leftovers
|-heal|p2a: Grimmsnarl|52/100 tox|[from] item: Leftovers
|-damage|p2a: Grimmsnarl|45/100 tox|[from] psn
|upkeep
|turn|19
|
|move|p1a: Hydreigon|Nasty Plot|p1a: Hydreigon
|-boost|p1a: Hydreigon|spa|2
|move|p2a: Grimmsnarl|Spirit Break|p1a: Hydreigon
|-supereffective|p1a: Hydreigon
|-end|p1a: Hydreigon|Substitute
|
|-heal|p1a: Hydreigon|99/100|[from] item: Leftovers
|-heal|p2a: Grimmsnarl|52/100 tox|[from] item: Leftovers
|-damage|p2a: Grimmsnarl|39/100 tox|[from] psn
|upkeep
|turn|20
|
|move|p1a: Hydreigon|Flash Cannon|p2a: Grimmsnarl
|-supereffective|p2a: Grimmsnarl
|-damage|p2a: Grimmsnarl|0 fnt
|faint|p2a: Grimmsnarl
|
|-heal|p1a: Hydreigon|100/100|[from] item: Leftovers
|upkeep
|
|switch|p2a: Mandibuzz|Mandibuzz, F|100/100
|turn|21
|
|move|p1a: Hydreigon|Substitute|p1a: Hydreigon
|-start|p1a: Hydreigon|Substitute
|-damage|p1a: Hydreigon|76/100
|move|p2a: Mandibuzz|Roost||[still]
|-fail|p2a: Mandibuzz|heal
|
|-heal|p1a: Hydreigon|82/100|[from] item: Leftovers
|upkeep
|turn|22
|
|move|p1a: Hydreigon|Nasty Plot|p1a: Hydreigon
|-boost|p1a: Hydreigon|spa|2
|move|p2a: Mandibuzz|Roost||[still]
|-fail|p2a: Mandibuzz|heal
|
|-heal|p1a: Hydreigon|88/100|[from] item: Leftovers
|upkeep
|turn|23
|
|move|p1a: Hydreigon|Nasty Plot|p1a: Hydreigon
|-boost|p1a: Hydreigon|spa|2
|move|p2a: Mandibuzz|Roost||[still]
|-fail|p2a: Mandibuzz|heal
|
|-heal|p1a: Hydreigon|94/100|[from] item: Leftovers
|upkeep
|turn|24
|
|move|p1a: Hydreigon|Dark Pulse|p2a: Mandibuzz
|-resisted|p2a: Mandibuzz
|-damage|p2a: Mandibuzz|28/100
|move|p2a: Mandibuzz|U-turn|p1a: Hydreigon
|-supereffective|p1a: Hydreigon
|-activate|p1a: Hydreigon|move: Substitute|[damage]
|
|switch|p2a: Toxapex|Toxapex, F|88/100|[from]move: U-turn
|-damage|p2a: Toxapex|76/100|[from] Stealth Rock
|
|-heal|p1a: Hydreigon|99/100|[from] item: Leftovers
|-heal|p2a: Toxapex|82/100|[from] item: Black Sludge
|upkeep
|turn|25
|
|switch|p2a: Mandibuzz|Mandibuzz, F|28/100
|move|p1a: Hydreigon|Dark Pulse|p2a: Mandibuzz
|-resisted|p2a: Mandibuzz
|-damage|p2a: Mandibuzz|0 fnt
|faint|p2a: Mandibuzz
|
|-heal|p1a: Hydreigon|100/100|[from] item: Leftovers
|upkeep
|
|switch|p2a: Toxapex|Toxapex, F|100/100
|-damage|p2a: Toxapex|88/100|[from] Stealth Rock
|turn|26
|
|move|p1a: Hydreigon|Dark Pulse|p2a: Toxapex
|-damage|p2a: Toxapex|0 fnt
|faint|p2a: Toxapex
|
|upkeep
|
|switch|p2a: Rotom|Rotom-Heat|100/100
|-damage|p2a: Rotom|76/100|[from] Stealth Rock
|turn|27
|
|move|p2a: Rotom|Overheat|p1a: Hydreigon|[miss]
|-miss|p2a: Rotom|p1a: Hydreigon
|move|p1a: Hydreigon|Dark Pulse|p2a: Rotom
|-damage|p2a: Rotom|0 fnt
|faint|p2a: Rotom
|
|upkeep
|
|switch|p2a: Hippowdon|Hippowdon, F|100/100
|-damage|p2a: Hippowdon|94/100|[from] Stealth Rock
|-weather|Sandstorm|[from] ability: Sand Stream|[of] p2a: Hippowdon
|turn|28
|
|move|p1a: Hydreigon|Dark Pulse|p2a: Hippowdon
|-damage|p2a: Hippowdon|0 fnt
|faint|p2a: Hippowdon
|
|win|Likelonely
|l|‽kliktuplorel
|raw|Likelonely's rating: 1211 → 1237(+26 for winning)
|raw|kliktuplorel's rating: 1217 → 1191(-26 for losing)
