|ScrapeTime|2020-01-01-07:05:57
|j|☆Bentley18
|j|☆snooPINGASusalisee
|player|p1|Bentley18|2|1074
|player|p2|snooPINGASusalisee|lance-gen1rb|1058
|teamsize|p1|6
|teamsize|p2|6
|gametype|singles
|gen|8
|tier|[Gen 8] OU
|rated|
|rule|Sleep Clause Mod: Limit one foe put to sleep
|rule|Species Clause: Limit one of each Pokémon
|rule|OHKO Clause: OHKO moves are banned
|rule|Evasion Moves Clause: Evasion moves are banned
|rule|Endless Battle Clause: Forcing endless battles is banned
|rule|HP Percentage Mod: HP is shown in percentages
|clearpoke
|poke|p1|Xatu, M|
|poke|p1|Crawdaunt, M|
|poke|p1|Phantump, F|
|poke|p1|Corviknight, F|
|poke|p1|Gastrodon-East, F|
|poke|p1|Gardevoir, M|
|poke|p2|Hatterene, F|
|poke|p2|Silvally-*|
|poke|p2|Chandelure, M|
|poke|p2|Weavile, F|
|poke|p2|Machamp, M|
|poke|p2|Duraludon, F|
|rule|Dynamax Clause: You cannot dynamax
|teampreview
|
|start
|switch|p1a: Phantump|Phantump, F|100/100
|switch|p2a: Dank|Silvally|100/100
|turn|1
|
|move|p2a: Dank|Ice Fang|p1a: Phantump
|-supereffective|p1a: Phantump
|-damage|p1a: Phantump|58/100
|move|p1a: Phantump|Skill Swap||[still]
|-fail|p1a: Phantump
|
|upkeep
|turn|2
|
|move|p2a: Dank|Flamethrower|p1a: Phantump
|-supereffective|p1a: Phantump
|-damage|p1a: Phantump|22/100
|move|p1a: Phantump|Sunny Day|p1a: Phantump
|-weather|SunnyDay
|
|-weather|SunnyDay|[upkeep]
|upkeep
|turn|3
|
|switch|p1a: Gardevoir|Gardevoir, M|100/100
|move|p2a: Dank|Flamethrower|p1a: Gardevoir
|-damage|p1a: Gardevoir|63/100
|
|-weather|SunnyDay|[upkeep]
|upkeep
|turn|4
|
|move|p1a: Gardevoir|Endure|p1a: Gardevoir
|-singleturn|p1a: Gardevoir|move: Endure
|move|p2a: Dank|Multi-Attack|p1a: Gardevoir
|-activate|p1a: Gardevoir|move: Endure
|-damage|p1a: Gardevoir|1/100
|-enditem|p1a: Gardevoir|Starf Berry|[eat]
|-boost|p1a: Gardevoir|atk|2
|
|-weather|SunnyDay|[upkeep]
|upkeep
|turn|5
|
|move|p1a: Gardevoir|Protect|p1a: Gardevoir
|-singleturn|p1a: Gardevoir|Protect
|move|p2a: Dank|Ice Fang|p1a: Gardevoir
|-activate|p1a: Gardevoir|move: Protect
|
|-weather|SunnyDay|[upkeep]
|upkeep
|turn|6
|
|move|p1a: Gardevoir|Protect|p1a: Gardevoir
|-singleturn|p1a: Gardevoir|Protect
|move|p2a: Dank|Ice Fang|p1a: Gardevoir
|-activate|p1a: Gardevoir|move: Protect
|
|-weather|none
|upkeep
|turn|7
|-message|Bentley18 forfeited.
|
|win|snooPINGASusalisee
|l|☆Bentley18
|raw|Bentley18's rating: 1074 → 1052(-22 for losing)
|raw|snooPINGASusalisee's rating: 1058 → 1091(+33 for winning)
