|ScrapeTime|2020-01-02-14:55:44
|j|☆The Last Hero
|j|☆Dawnmoon昼月.
|player|p1|The Last Hero|acetrainersnow|1771
|player|p2|Dawnmoon昼月.|gambler|1892
|teamsize|p1|6
|teamsize|p2|6
|gametype|singles
|gen|8
|tier|[Gen 8] OU
|rated|
|rule|Sleep Clause Mod: Limit one foe put to sleep
|rule|Species Clause: Limit one of each Pokémon
|rule|OHKO Clause: OHKO moves are banned
|rule|Evasion Moves Clause: Evasion moves are banned
|rule|Endless Battle Clause: Forcing endless battles is banned
|rule|HP Percentage Mod: HP is shown in percentages
|clearpoke
|poke|p1|Tyranitar, F|
|poke|p1|Excadrill, M|
|poke|p1|Sigilyph, M|
|poke|p1|Dhelmise|
|poke|p1|Seismitoad, M|
|poke|p1|Rotom-Heat|
|poke|p2|Toxapex, F|
|poke|p2|Chandelure, F|
|poke|p2|Dugtrio, M|
|poke|p2|Hatterene, F|
|poke|p2|Corviknight, F|
|poke|p2|Ditto|
|rule|Dynamax Clause: You cannot dynamax
|teampreview
|
|start
|switch|p1a: Tostadora|Rotom-Heat|100/100
|switch|p2a: Spirit of fire.|Chandelure, F, shiny|100/100
|turn|1
|inactive|Battle timer is ON: inactive players will automatically lose when time's up. (requested by The Last Hero)
|
|move|p1a: Tostadora|Volt Switch|p2a: Spirit of fire.
|-damage|p2a: Spirit of fire.|63/100
|j| ooiee19961
|
|switch|p1a: Jurasica|Tyranitar, F|100/100|[from]move: Volt Switch
|-weather|Sandstorm|[from] ability: Sand Stream|[of] p1a: Jurasica
|move|p2a: Spirit of fire.|Energy Ball|p1a: Jurasica
|-supereffective|p1a: Jurasica
|-damage|p1a: Jurasica|36/100
|
|-weather|Sandstorm|[upkeep]
|-damage|p2a: Spirit of fire.|57/100|[from] Sandstorm
|upkeep
|turn|2
|
|switch|p1a: Sigilipollas|Sigilyph, M|100/100
|move|p2a: Spirit of fire.|Energy Ball|p1a: Sigilipollas
|-resisted|p1a: Sigilipollas
|-damage|p1a: Sigilipollas|58/100
|
|-weather|Sandstorm|[upkeep]
|-damage|p2a: Spirit of fire.|51/100|[from] Sandstorm
|upkeep
|turn|3
|
|switch|p2a: Condemnation Wings|Corviknight, F|100/100
|move|p1a: Sigilipollas|Air Slash|p2a: Condemnation Wings
|-resisted|p2a: Condemnation Wings
|-damage|p2a: Condemnation Wings|87/100
|
|-weather|Sandstorm|[upkeep]
|-heal|p2a: Condemnation Wings|93/100|[from] item: Leftovers
|upkeep
|turn|4
|
|move|p1a: Sigilipollas|Heat Wave|p2a: Condemnation Wings
|-supereffective|p2a: Condemnation Wings
|-damage|p2a: Condemnation Wings|44/100
|move|p2a: Condemnation Wings|U-turn|p1a: Sigilipollas
|-damage|p1a: Sigilipollas|37/100
|
|switch|p2a: Blazblue.|Ditto, shiny|100/100|[from]move: U-turn
|-transform|p2a: Blazblue.|p1a: Sigilipollas|[from] ability: Imposter
|
|-weather|Sandstorm|[upkeep]
|upkeep
|turn|5
|j| fanyfan
|j| Helpinghans
|
|switch|p2a: Jaeger.|Dugtrio, M|100/100
|switch|p1a: Tostadora|Rotom-Heat|100/100
|
|-weather|none
|upkeep
|turn|6
|
|switch|p2a: Blazblue.|Ditto, shiny|100/100
|-transform|p2a: Blazblue.|p1a: Tostadora|[from] ability: Imposter
|move|p1a: Tostadora|Overheat|p2a: Blazblue.
|-resisted|p2a: Blazblue.
|-damage|p2a: Blazblue.|77/100
|-unboost|p1a: Tostadora|spa|2
|
|upkeep
|turn|7
|
|switch|p2a: Jaeger.|Dugtrio, M|100/100
|switch|p1a: Vibracio|Seismitoad, M|100/100
|
|upkeep
|turn|8
|j| g1ble
|
|switch|p2a: Walpurgisnacht.|Hatterene, F|100/100
|move|p1a: Vibracio|Scald|p2a: Walpurgisnacht.
|-damage|p2a: Walpurgisnacht.|73/100
|-status|p2a: Walpurgisnacht.|brn
|
|-heal|p2a: Walpurgisnacht.|79/100 brn|[from] item: Leftovers
|-damage|p2a: Walpurgisnacht.|73/100 brn|[from] brn
|upkeep
|turn|9
|j| ahhhaaaaa
|l| Helpinghans
|
|switch|p1a: Yakor|Dhelmise, shiny|100/100
|switch|p2a: Jaeger.|Dugtrio, M|100/100
|
|upkeep
|turn|10
|
|switch|p2a: Condemnation Wings|Corviknight, F|44/100
|switch|p1a: Tostadora|Rotom-Heat|100/100
|
|-heal|p2a: Condemnation Wings|50/100|[from] item: Leftovers
|upkeep
|turn|11
|
|move|p1a: Tostadora|Nasty Plot|p1a: Tostadora
|-boost|p1a: Tostadora|spa|2
|move|p2a: Condemnation Wings|Roost|p2a: Condemnation Wings
|-heal|p2a: Condemnation Wings|99/100
|-singleturn|p2a: Condemnation Wings|move: Roost
|
|-heal|p2a: Condemnation Wings|100/100|[from] item: Leftovers
|upkeep
|turn|12
|l| fanyfan
|j| Helpinghans
|
|switch|p2a: Blazblue.|Ditto, shiny|77/100
|-transform|p2a: Blazblue.|p1a: Tostadora|[from] ability: Imposter
|move|p1a: Tostadora|Overheat|p2a: Blazblue.
|-resisted|p2a: Blazblue.
|-damage|p2a: Blazblue.|23/100
|-unboost|p1a: Tostadora|spa|2
|
|upkeep
|turn|13
|
|switch|p1a: Vibracio|Seismitoad, M|100/100
|move|p2a: Blazblue.|Overheat|p1a: Vibracio
|-resisted|p1a: Vibracio
|-damage|p1a: Vibracio|51/100
|-unboost|p2a: Blazblue.|spa|2
|
|-heal|p1a: Vibracio|57/100|[from] item: Leftovers
|upkeep
|turn|14
|
|switch|p2a: Condemnation Wings|Corviknight, F|100/100
|move|p1a: Vibracio|Scald|p2a: Condemnation Wings
|-damage|p2a: Condemnation Wings|85/100
|-status|p2a: Condemnation Wings|brn
|
|-heal|p1a: Vibracio|63/100|[from] item: Leftovers
|-heal|p2a: Condemnation Wings|91/100 brn|[from] item: Leftovers
|-damage|p2a: Condemnation Wings|85/100 brn|[from] brn
|upkeep
|turn|15
|
|switch|p2a: Walpurgisnacht.|Hatterene, F|73/100 brn
|move|p1a: Vibracio|Protect||[still]
|-fail|p1a: Vibracio
|
|-heal|p1a: Vibracio|69/100|[from] item: Leftovers
|-heal|p2a: Walpurgisnacht.|79/100 brn|[from] item: Leftovers
|-damage|p2a: Walpurgisnacht.|73/100 brn|[from] brn
|upkeep
|turn|16
|
|switch|p1a: Yakor|Dhelmise, shiny|100/100
|move|p2a: Walpurgisnacht.|Draining Kiss|p1a: Yakor
|-damage|p1a: Yakor|70/100
|-heal|p2a: Walpurgisnacht.|98/100 brn|[from] drain|[of] p1a: Yakor
|
|-heal|p1a: Yakor|76/100|[from] item: Leftovers
|-heal|p2a: Walpurgisnacht.|100/100 brn|[from] item: Leftovers
|-damage|p2a: Walpurgisnacht.|95/100 brn|[from] brn
|upkeep
|turn|17
|
|switch|p2a: Thin red line.|Toxapex, F, shiny|100/100
|move|p1a: Yakor|Anchor Shot|p2a: Thin red line.
|-resisted|p2a: Thin red line.
|-damage|p2a: Thin red line.|88/100
|-activate|p2a: Thin red line.|trapped
|
|-heal|p1a: Yakor|82/100|[from] item: Leftovers
|-heal|p2a: Thin red line.|94/100|[from] item: Black Sludge
|upkeep
|turn|18
|j| myjava
|
|move|p1a: Yakor|Earthquake|p2a: Thin red line.
|-supereffective|p2a: Thin red line.
|-damage|p2a: Thin red line.|53/100
|move|p2a: Thin red line.|Toxic|p1a: Yakor
|-status|p1a: Yakor|tox
|
|-heal|p1a: Yakor|88/100 tox|[from] item: Leftovers
|-heal|p2a: Thin red line.|59/100|[from] item: Black Sludge
|-damage|p1a: Yakor|82/100 tox|[from] psn
|upkeep
|turn|19
|
|move|p1a: Yakor|Earthquake|p2a: Thin red line.
|-supereffective|p2a: Thin red line.
|-crit|p2a: Thin red line.
|-damage|p2a: Thin red line.|0 fnt
|faint|p2a: Thin red line.
|
|-heal|p1a: Yakor|88/100 tox|[from] item: Leftovers
|-damage|p1a: Yakor|76/100 tox|[from] psn
|upkeep
|
|switch|p2a: Spirit of fire.|Chandelure, F, shiny|51/100
|turn|20
|
|switch|p1a: Jurasica|Tyranitar, F|36/100
|-weather|Sandstorm|[from] ability: Sand Stream|[of] p1a: Jurasica
|move|p2a: Spirit of fire.|Fire Blast|p1a: Jurasica
|-resisted|p1a: Jurasica
|-damage|p1a: Jurasica|7/100
|
|-weather|Sandstorm|[upkeep]
|-damage|p2a: Spirit of fire.|45/100|[from] Sandstorm
|upkeep
|turn|21
|
|switch|p1a: Tostadora|Rotom-Heat|100/100
|move|p2a: Spirit of fire.|Fire Blast|p1a: Tostadora
|-resisted|p1a: Tostadora
|-damage|p1a: Tostadora|44/100
|
|-weather|Sandstorm|[upkeep]
|-damage|p1a: Tostadora|38/100|[from] Sandstorm
|-damage|p2a: Spirit of fire.|39/100|[from] Sandstorm
|-heal|p1a: Tostadora|44/100|[from] item: Leftovers
|upkeep
|turn|22
|
|switch|p2a: Jaeger.|Dugtrio, M|100/100
|move|p1a: Tostadora|Overheat|p2a: Jaeger.|[miss]
|-miss|p1a: Tostadora|p2a: Jaeger.
|
|-weather|Sandstorm|[upkeep]
|-damage|p1a: Tostadora|38/100|[from] Sandstorm
|-heal|p1a: Tostadora|44/100|[from] item: Leftovers
|upkeep
|turn|23
|
|switch|p1a: Vibracio|Seismitoad, M|69/100
|move|p2a: Jaeger.|Stealth Rock|p1a: Vibracio
|-sidestart|p1: The Last Hero|move: Stealth Rock
|
|-weather|Sandstorm|[upkeep]
|-heal|p1a: Vibracio|75/100|[from] item: Leftovers
|upkeep
|turn|24
|
|switch|p2a: Walpurgisnacht.|Hatterene, F|95/100 brn
|move|p1a: Vibracio|Earth Power|p2a: Walpurgisnacht.
|-damage|p2a: Walpurgisnacht.|68/100 brn
|
|-weather|none
|-heal|p1a: Vibracio|81/100|[from] item: Leftovers
|-heal|p2a: Walpurgisnacht.|74/100 brn|[from] item: Leftovers
|-damage|p2a: Walpurgisnacht.|68/100 brn|[from] brn
|upkeep
|turn|25
|
|switch|p1a: Jurasica|Tyranitar, F|7/100
|-damage|p1a: Jurasica|0 fnt|[from] Stealth Rock
|faint|p1a: Jurasica
|move|p2a: Walpurgisnacht.|Draining Kiss|p1: Jurasica|[notarget]
|-fail|p2a: Walpurgisnacht.
|
|-heal|p2a: Walpurgisnacht.|74/100 brn|[from] item: Leftovers
|-damage|p2a: Walpurgisnacht.|68/100 brn|[from] brn
|upkeep
|
|switch|p1a: Yakor|Dhelmise, shiny|76/100 tox
|-damage|p1a: Yakor|63/100 tox|[from] Stealth Rock
|turn|26
|
|move|p1a: Yakor|Anchor Shot|p2a: Walpurgisnacht.
|-supereffective|p2a: Walpurgisnacht.
|-damage|p2a: Walpurgisnacht.|0 fnt
|faint|p2a: Walpurgisnacht.
|
|-heal|p1a: Yakor|70/100 tox|[from] item: Leftovers
|-damage|p1a: Yakor|63/100 tox|[from] psn
|upkeep
|
|switch|p2a: Spirit of fire.|Chandelure, F, shiny|39/100
|turn|27
|
|move|p2a: Spirit of fire.|Shadow Ball|p1a: Yakor
|-supereffective|p1a: Yakor
|-damage|p1a: Yakor|0 fnt
|faint|p1a: Yakor
|
|upkeep
|
|switch|p1a: Sigilipollas|Sigilyph, M|37/100
|turn|28
|
|switch|p2a: Condemnation Wings|Corviknight, F|85/100 brn
|move|p1a: Sigilipollas|Psychic|p2a: Condemnation Wings
|-resisted|p2a: Condemnation Wings
|-damage|p2a: Condemnation Wings|66/100 brn
|
|-heal|p2a: Condemnation Wings|72/100 brn|[from] item: Leftovers
|-damage|p2a: Condemnation Wings|66/100 brn|[from] brn
|upkeep
|turn|29
|
|move|p1a: Sigilipollas|Heat Wave|p2a: Condemnation Wings|[miss]
|-miss|p1a: Sigilipollas|p2a: Condemnation Wings
|move|p2a: Condemnation Wings|U-turn|p1a: Sigilipollas
|-damage|p1a: Sigilipollas|27/100
|
|switch|p2a: Blazblue.|Ditto, shiny|23/100|[from]move: U-turn
|-transform|p2a: Blazblue.|p1a: Sigilipollas|[from] ability: Imposter
|
|upkeep
|turn|30
|j| GindarasonPillows
|
|switch|p1a: Sexcadrill|Excadrill, M|100/100
|-damage|p1a: Sexcadrill|97/100|[from] Stealth Rock
|move|p2a: Blazblue.|Psychic|p1a: Sexcadrill
|-resisted|p1a: Sexcadrill
|-damage|p1a: Sexcadrill|72/100
|
|upkeep
|turn|31
|
|switch|p2a: Condemnation Wings|Corviknight, F|66/100 brn
|switch|p1a: Vibracio|Seismitoad, M|81/100
|-damage|p1a: Vibracio|75/100|[from] Stealth Rock
|
|-heal|p1a: Vibracio|81/100|[from] item: Leftovers
|-heal|p2a: Condemnation Wings|72/100 brn|[from] item: Leftovers
|-damage|p2a: Condemnation Wings|66/100 brn|[from] brn
|upkeep
|turn|32
|
|move|p1a: Vibracio|Stealth Rock|p2a: Condemnation Wings
|-sidestart|p2: Dawnmoon昼月.|move: Stealth Rock
|move|p2a: Condemnation Wings|U-turn|p1a: Vibracio
|-damage|p1a: Vibracio|77/100
|
|switch|p2a: Spirit of fire.|Chandelure, F, shiny|39/100|[from]move: U-turn
|-damage|p2a: Spirit of fire.|14/100|[from] Stealth Rock
|
|-heal|p1a: Vibracio|83/100|[from] item: Leftovers
|upkeep
|turn|33
|
|move|p1a: Vibracio|Protect|p1a: Vibracio
|-singleturn|p1a: Vibracio|Protect
|move|p2a: Spirit of fire.|Energy Ball|p1a: Vibracio
|-activate|p1a: Vibracio|move: Protect
|
|-heal|p1a: Vibracio|89/100|[from] item: Leftovers
|upkeep
|turn|34
|
|switch|p1a: Tostadora|Rotom-Heat|44/100
|-damage|p1a: Tostadora|19/100|[from] Stealth Rock
|move|p2a: Spirit of fire.|Energy Ball|p1a: Tostadora
|-resisted|p1a: Tostadora
|-damage|p1a: Tostadora|0 fnt
|faint|p1a: Tostadora
|
|upkeep
|
|switch|p1a: Sigilipollas|Sigilyph, M|27/100
|turn|35
|
|move|p1a: Sigilipollas|Psychic|p2a: Spirit of fire.
|-damage|p2a: Spirit of fire.|0 fnt
|faint|p2a: Spirit of fire.
|
|upkeep
|
|switch|p2a: Blazblue.|Ditto, shiny|23/100
|-damage|p2a: Blazblue.|11/100|[from] Stealth Rock
|-transform|p2a: Blazblue.|p1a: Sigilipollas|[from] ability: Imposter
|turn|36
|
|switch|p1a: Sexcadrill|Excadrill, M|72/100
|-damage|p1a: Sexcadrill|69/100|[from] Stealth Rock
|move|p2a: Blazblue.|Air Slash|p1a: Sexcadrill
|-resisted|p1a: Sexcadrill
|-damage|p1a: Sexcadrill|47/100
|
|upkeep
|turn|37
|
|move|p2a: Blazblue.|Air Slash|p1a: Sexcadrill
|-resisted|p1a: Sexcadrill
|-damage|p1a: Sexcadrill|25/100
|cant|p1a: Sexcadrill|flinch
|
|upkeep
|turn|38
|c| Helpinghans|=_=
|
|move|p2a: Blazblue.|Air Slash|p1a: Sexcadrill
|-resisted|p1a: Sexcadrill
|-damage|p1a: Sexcadrill|2/100
|cant|p1a: Sexcadrill|flinch
|
|upkeep
|turn|39
|
|switch|p1a: Vibracio|Seismitoad, M|89/100
|-damage|p1a: Vibracio|83/100|[from] Stealth Rock
|move|p2a: Blazblue.|Air Slash|p1a: Vibracio
|-damage|p1a: Vibracio|51/100
|
|-heal|p1a: Vibracio|57/100|[from] item: Leftovers
|upkeep
|turn|40
|
|move|p1a: Vibracio|Protect|p1a: Vibracio
|-singleturn|p1a: Vibracio|Protect
|move|p2a: Blazblue.|Air Slash|p1a: Vibracio
|-activate|p1a: Vibracio|move: Protect
|
|-heal|p1a: Vibracio|63/100|[from] item: Leftovers
|upkeep
|turn|41
|
|switch|p2a: Condemnation Wings|Corviknight, F|66/100 brn
|-damage|p2a: Condemnation Wings|53/100 brn|[from] Stealth Rock
|move|p1a: Vibracio|Scald|p2a: Condemnation Wings
|-damage|p2a: Condemnation Wings|36/100 brn
|
|-heal|p1a: Vibracio|69/100|[from] item: Leftovers
|-heal|p2a: Condemnation Wings|42/100 brn|[from] item: Leftovers
|-damage|p2a: Condemnation Wings|36/100 brn|[from] brn
|upkeep
|turn|42
|
|switch|p1a: Sigilipollas|Sigilyph, M|27/100
|move|p2a: Condemnation Wings|Roost|p2a: Condemnation Wings
|-heal|p2a: Condemnation Wings|86/100 brn
|-singleturn|p2a: Condemnation Wings|move: Roost
|
|-heal|p2a: Condemnation Wings|92/100 brn|[from] item: Leftovers
|-damage|p2a: Condemnation Wings|86/100 brn|[from] brn
|upkeep
|turn|43
|j| jeffplaypokemon
|
|move|p1a: Sigilipollas|Heat Wave|p2a: Condemnation Wings
|-supereffective|p2a: Condemnation Wings
|-damage|p2a: Condemnation Wings|39/100 brn
|move|p2a: Condemnation Wings|U-turn|p1a: Sigilipollas
|-damage|p1a: Sigilipollas|16/100
|
|switch|p2a: Jaeger.|Dugtrio, M|100/100|[from]move: U-turn
|-damage|p2a: Jaeger.|94/100|[from] Stealth Rock
|
|upkeep
|turn|44
|
|switch|p1a: Sexcadrill|Excadrill, M|2/100
|-damage|p1a: Sexcadrill|0 fnt|[from] Stealth Rock
|faint|p1a: Sexcadrill
|move|p2a: Jaeger.|Earthquake|p1: Sexcadrill|[notarget]
|-fail|p2a: Jaeger.
|
|upkeep
|
|switch|p1a: Vibracio|Seismitoad, M|69/100
|-damage|p1a: Vibracio|63/100|[from] Stealth Rock
|turn|45
|
|switch|p2a: Blazblue.|Ditto, shiny|11/100
|-damage|p2a: Blazblue.|0 fnt|[from] Stealth Rock
|faint|p2a: Blazblue.
|move|p1a: Vibracio|Scald|p2: Blazblue.|[notarget]
|-fail|p1a: Vibracio
|
|-heal|p1a: Vibracio|69/100|[from] item: Leftovers
|upkeep
|
|switch|p2a: Condemnation Wings|Corviknight, F|39/100 brn
|-damage|p2a: Condemnation Wings|26/100 brn|[from] Stealth Rock
|turn|46
|
|switch|p1a: Sigilipollas|Sigilyph, M|16/100
|move|p2a: Condemnation Wings|Roost|p2a: Condemnation Wings
|-heal|p2a: Condemnation Wings|76/100 brn
|-singleturn|p2a: Condemnation Wings|move: Roost
|
|-heal|p2a: Condemnation Wings|82/100 brn|[from] item: Leftovers
|-damage|p2a: Condemnation Wings|76/100 brn|[from] brn
|upkeep
|turn|47
|
|move|p1a: Sigilipollas|Heat Wave|p2a: Condemnation Wings
|-supereffective|p2a: Condemnation Wings
|-damage|p2a: Condemnation Wings|23/100 brn
|move|p2a: Condemnation Wings|Roost|p2a: Condemnation Wings
|-heal|p2a: Condemnation Wings|73/100 brn
|-singleturn|p2a: Condemnation Wings|move: Roost
|
|-heal|p2a: Condemnation Wings|79/100 brn|[from] item: Leftovers
|-damage|p2a: Condemnation Wings|73/100 brn|[from] brn
|upkeep
|turn|48
|
|move|p1a: Sigilipollas|Heat Wave|p2a: Condemnation Wings
|-supereffective|p2a: Condemnation Wings
|-damage|p2a: Condemnation Wings|19/100 brn
|move|p2a: Condemnation Wings|Roost|p2a: Condemnation Wings
|-heal|p2a: Condemnation Wings|69/100 brn
|-singleturn|p2a: Condemnation Wings|move: Roost
|
|-heal|p2a: Condemnation Wings|75/100 brn|[from] item: Leftovers
|-damage|p2a: Condemnation Wings|69/100 brn|[from] brn
|upkeep
|turn|49
|
|move|p1a: Sigilipollas|Heat Wave|p2a: Condemnation Wings
|-supereffective|p2a: Condemnation Wings
|-damage|p2a: Condemnation Wings|19/100 brn
|move|p2a: Condemnation Wings|Roost|p2a: Condemnation Wings
|-heal|p2a: Condemnation Wings|69/100 brn
|-singleturn|p2a: Condemnation Wings|move: Roost
|
|-heal|p2a: Condemnation Wings|75/100 brn|[from] item: Leftovers
|-damage|p2a: Condemnation Wings|69/100 brn|[from] brn
|upkeep
|turn|50
|
|switch|p2a: Jaeger.|Dugtrio, M|94/100
|-damage|p2a: Jaeger.|88/100|[from] Stealth Rock
|move|p1a: Sigilipollas|Heat Wave|p2a: Jaeger.
|-damage|p2a: Jaeger.|14/100
|
|upkeep
|turn|51
|
|switch|p1a: Vibracio|Seismitoad, M|69/100
|-damage|p1a: Vibracio|63/100|[from] Stealth Rock
|move|p2a: Jaeger.|Reversal|p1a: Vibracio
|-damage|p1a: Vibracio|41/100
|
|-heal|p1a: Vibracio|47/100|[from] item: Leftovers
|upkeep
|turn|52
|
|switch|p2a: Condemnation Wings|Corviknight, F|69/100 brn
|-damage|p2a: Condemnation Wings|57/100 brn|[from] Stealth Rock
|move|p1a: Vibracio|Scald|p2a: Condemnation Wings
|-damage|p2a: Condemnation Wings|39/100 brn
|
|-heal|p1a: Vibracio|53/100|[from] item: Leftovers
|-heal|p2a: Condemnation Wings|45/100 brn|[from] item: Leftovers
|-damage|p2a: Condemnation Wings|39/100 brn|[from] brn
|upkeep
|turn|53
|
|move|p1a: Vibracio|Scald|p2a: Condemnation Wings
|-damage|p2a: Condemnation Wings|21/100 brn
|move|p2a: Condemnation Wings|Roost|p2a: Condemnation Wings
|-heal|p2a: Condemnation Wings|71/100 brn
|-singleturn|p2a: Condemnation Wings|move: Roost
|
|-heal|p1a: Vibracio|59/100|[from] item: Leftovers
|-heal|p2a: Condemnation Wings|77/100 brn|[from] item: Leftovers
|-damage|p2a: Condemnation Wings|71/100 brn|[from] brn
|upkeep
|turn|54
|
|move|p1a: Vibracio|Protect|p1a: Vibracio
|-singleturn|p1a: Vibracio|Protect
|move|p2a: Condemnation Wings|Roost|p2a: Condemnation Wings
|-heal|p2a: Condemnation Wings|100/100 brn
|-singleturn|p2a: Condemnation Wings|move: Roost
|
|-heal|p1a: Vibracio|65/100|[from] item: Leftovers
|-damage|p2a: Condemnation Wings|94/100 brn|[from] brn
|upkeep
|turn|55
|
|move|p1a: Vibracio|Scald|p2a: Condemnation Wings
|-damage|p2a: Condemnation Wings|79/100 brn
|move|p2a: Condemnation Wings|Defog|p1a: Vibracio
|-unboost|p1a: Vibracio|evasion|1
|-sideend|p1: The Last Hero|Stealth Rock|[from] move: Defog|[of] p2a: Condemnation Wings
|-sideend|p2: Dawnmoon昼月.|Stealth Rock|[from] move: Defog|[of] p2a: Condemnation Wings
|
|-heal|p1a: Vibracio|71/100|[from] item: Leftovers
|-heal|p2a: Condemnation Wings|85/100 brn|[from] item: Leftovers
|-damage|p2a: Condemnation Wings|79/100 brn|[from] brn
|upkeep
|turn|56
|
|move|p1a: Vibracio|Protect|p1a: Vibracio
|-singleturn|p1a: Vibracio|Protect
|move|p2a: Condemnation Wings|Brave Bird|p1a: Vibracio
|-activate|p1a: Vibracio|move: Protect
|
|-heal|p1a: Vibracio|77/100|[from] item: Leftovers
|-heal|p2a: Condemnation Wings|85/100 brn|[from] item: Leftovers
|-damage|p2a: Condemnation Wings|79/100 brn|[from] brn
|upkeep
|turn|57
|
|move|p1a: Vibracio|Stealth Rock|p2a: Condemnation Wings
|-sidestart|p2: Dawnmoon昼月.|move: Stealth Rock
|move|p2a: Condemnation Wings|Brave Bird|p1a: Vibracio
|-damage|p1a: Vibracio|64/100
|-damage|p2a: Condemnation Wings|74/100 brn|[from] Recoil
|
|-heal|p1a: Vibracio|70/100|[from] item: Leftovers
|-heal|p2a: Condemnation Wings|80/100 brn|[from] item: Leftovers
|-damage|p2a: Condemnation Wings|74/100 brn|[from] brn
|upkeep
|turn|58
|
|move|p1a: Vibracio|Scald|p2a: Condemnation Wings
|-damage|p2a: Condemnation Wings|57/100 brn
|move|p2a: Condemnation Wings|Roost|p2a: Condemnation Wings
|-heal|p2a: Condemnation Wings|100/100 brn
|-singleturn|p2a: Condemnation Wings|move: Roost
|
|-heal|p1a: Vibracio|76/100|[from] item: Leftovers
|-damage|p2a: Condemnation Wings|94/100 brn|[from] brn
|upkeep
|turn|59
|
|move|p1a: Vibracio|Scald|p2a: Condemnation Wings
|-damage|p2a: Condemnation Wings|77/100 brn
|move|p2a: Condemnation Wings|Brave Bird|p1a: Vibracio
|-damage|p1a: Vibracio|62/100
|-damage|p2a: Condemnation Wings|72/100 brn|[from] Recoil
|
|-heal|p1a: Vibracio|68/100|[from] item: Leftovers
|-heal|p2a: Condemnation Wings|78/100 brn|[from] item: Leftovers
|-damage|p2a: Condemnation Wings|72/100 brn|[from] brn
|upkeep
|turn|60
|
|move|p1a: Vibracio|Protect|p1a: Vibracio
|-singleturn|p1a: Vibracio|Protect
|move|p2a: Condemnation Wings|Brave Bird|p1a: Vibracio
|-activate|p1a: Vibracio|move: Protect
|
|-heal|p1a: Vibracio|74/100|[from] item: Leftovers
|-heal|p2a: Condemnation Wings|78/100 brn|[from] item: Leftovers
|-damage|p2a: Condemnation Wings|72/100 brn|[from] brn
|upkeep
|turn|61
|
|move|p1a: Vibracio|Scald|p2a: Condemnation Wings
|-damage|p2a: Condemnation Wings|55/100 brn
|move|p2a: Condemnation Wings|Defog|p1a: Vibracio
|-unboost|p1a: Vibracio|evasion|1
|-sideend|p2: Dawnmoon昼月.|Stealth Rock|[from] move: Defog|[of] p2a: Condemnation Wings
|
|-heal|p1a: Vibracio|80/100|[from] item: Leftovers
|-heal|p2a: Condemnation Wings|61/100 brn|[from] item: Leftovers
|-damage|p2a: Condemnation Wings|55/100 brn|[from] brn
|upkeep
|turn|62
|
|move|p1a: Vibracio|Stealth Rock|p2a: Condemnation Wings
|-sidestart|p2: Dawnmoon昼月.|move: Stealth Rock
|move|p2a: Condemnation Wings|Brave Bird|p1a: Vibracio
|-damage|p1a: Vibracio|66/100
|-damage|p2a: Condemnation Wings|50/100 brn|[from] Recoil
|
|-heal|p1a: Vibracio|72/100|[from] item: Leftovers
|-heal|p2a: Condemnation Wings|56/100 brn|[from] item: Leftovers
|-damage|p2a: Condemnation Wings|50/100 brn|[from] brn
|upkeep
|turn|63
|j| champgne
|
|move|p1a: Vibracio|Protect|p1a: Vibracio
|-singleturn|p1a: Vibracio|Protect
|move|p2a: Condemnation Wings|Brave Bird|p1a: Vibracio
|-activate|p1a: Vibracio|move: Protect
|
|-heal|p1a: Vibracio|78/100|[from] item: Leftovers
|-heal|p2a: Condemnation Wings|56/100 brn|[from] item: Leftovers
|-damage|p2a: Condemnation Wings|50/100 brn|[from] brn
|upkeep
|turn|64
|
|move|p1a: Vibracio|Scald|p2a: Condemnation Wings
|-damage|p2a: Condemnation Wings|34/100 brn
|move|p2a: Condemnation Wings|Roost|p2a: Condemnation Wings
|-heal|p2a: Condemnation Wings|84/100 brn
|-singleturn|p2a: Condemnation Wings|move: Roost
|
|-heal|p1a: Vibracio|84/100|[from] item: Leftovers
|-heal|p2a: Condemnation Wings|90/100 brn|[from] item: Leftovers
|-damage|p2a: Condemnation Wings|84/100 brn|[from] brn
|upkeep
|turn|65
|
|move|p1a: Vibracio|Scald|p2a: Condemnation Wings
|-damage|p2a: Condemnation Wings|67/100 brn
|move|p2a: Condemnation Wings|Brave Bird|p1a: Vibracio
|-damage|p1a: Vibracio|71/100
|-damage|p2a: Condemnation Wings|62/100 brn|[from] Recoil
|
|-heal|p1a: Vibracio|77/100|[from] item: Leftovers
|-heal|p2a: Condemnation Wings|68/100 brn|[from] item: Leftovers
|-damage|p2a: Condemnation Wings|62/100 brn|[from] brn
|upkeep
|turn|66
|l| jeffplaypokemon
|
|move|p1a: Vibracio|Protect|p1a: Vibracio
|-singleturn|p1a: Vibracio|Protect
|move|p2a: Condemnation Wings|Brave Bird|p1a: Vibracio
|-activate|p1a: Vibracio|move: Protect
|
|-heal|p1a: Vibracio|83/100|[from] item: Leftovers
|-heal|p2a: Condemnation Wings|68/100 brn|[from] item: Leftovers
|-damage|p2a: Condemnation Wings|62/100 brn|[from] brn
|upkeep
|turn|67
|
|move|p1a: Vibracio|Scald|p2a: Condemnation Wings
|-damage|p2a: Condemnation Wings|47/100 brn
|move|p2a: Condemnation Wings|Defog|p1a: Vibracio
|-unboost|p1a: Vibracio|evasion|1
|-sideend|p2: Dawnmoon昼月.|Stealth Rock|[from] move: Defog|[of] p2a: Condemnation Wings
|
|-heal|p1a: Vibracio|89/100|[from] item: Leftovers
|-heal|p2a: Condemnation Wings|53/100 brn|[from] item: Leftovers
|-damage|p2a: Condemnation Wings|47/100 brn|[from] brn
|upkeep
|turn|68
|c| Helpinghans|帽子和坏坏那里太伤了
|
|move|p1a: Vibracio|Scald|p2a: Condemnation Wings
|-damage|p2a: Condemnation Wings|31/100 brn
|move|p2a: Condemnation Wings|Roost|p2a: Condemnation Wings
|-heal|p2a: Condemnation Wings|81/100 brn
|-singleturn|p2a: Condemnation Wings|move: Roost
|
|-heal|p1a: Vibracio|95/100|[from] item: Leftovers
|-heal|p2a: Condemnation Wings|87/100 brn|[from] item: Leftovers
|-damage|p2a: Condemnation Wings|81/100 brn|[from] brn
|upkeep
|turn|69
|c| Helpinghans|这波
|
|move|p1a: Vibracio|Stealth Rock|p2a: Condemnation Wings
|-sidestart|p2: Dawnmoon昼月.|move: Stealth Rock
|move|p2a: Condemnation Wings|Brave Bird|p1a: Vibracio
|-damage|p1a: Vibracio|82/100
|-damage|p2a: Condemnation Wings|76/100 brn|[from] Recoil
|
|-heal|p1a: Vibracio|88/100|[from] item: Leftovers
|-heal|p2a: Condemnation Wings|82/100 brn|[from] item: Leftovers
|-damage|p2a: Condemnation Wings|76/100 brn|[from] brn
|upkeep
|turn|70
|
|move|p1a: Vibracio|Scald|p2a: Condemnation Wings
|-crit|p2a: Condemnation Wings
|-damage|p2a: Condemnation Wings|51/100 brn
|move|p2a: Condemnation Wings|Defog|p1a: Vibracio
|-unboost|p1a: Vibracio|evasion|1
|-sideend|p2: Dawnmoon昼月.|Stealth Rock|[from] move: Defog|[of] p2a: Condemnation Wings
|
|-heal|p1a: Vibracio|94/100|[from] item: Leftovers
|-heal|p2a: Condemnation Wings|57/100 brn|[from] item: Leftovers
|-damage|p2a: Condemnation Wings|51/100 brn|[from] brn
|upkeep
|turn|71
|
|move|p1a: Vibracio|Stealth Rock|p2a: Condemnation Wings
|-sidestart|p2: Dawnmoon昼月.|move: Stealth Rock
|move|p2a: Condemnation Wings|Roost|p2a: Condemnation Wings
|-heal|p2a: Condemnation Wings|100/100 brn
|-singleturn|p2a: Condemnation Wings|move: Roost
|
|-heal|p1a: Vibracio|99/100|[from] item: Leftovers
|-damage|p2a: Condemnation Wings|94/100 brn|[from] brn
|upkeep
|turn|72
|
|move|p1a: Vibracio|Protect|p1a: Vibracio
|-singleturn|p1a: Vibracio|Protect
|move|p2a: Condemnation Wings|Defog|p1a: Vibracio
|-activate|p1a: Vibracio|move: Protect
|
|-heal|p1a: Vibracio|100/100|[from] item: Leftovers
|-heal|p2a: Condemnation Wings|100/100 brn|[from] item: Leftovers
|-damage|p2a: Condemnation Wings|94/100 brn|[from] brn
|upkeep
|turn|73
|
|switch|p1a: Sigilipollas|Sigilyph, M|16/100
|move|p2a: Condemnation Wings|Defog|p1a: Sigilipollas
|-unboost|p1a: Sigilipollas|evasion|1
|-sideend|p2: Dawnmoon昼月.|Stealth Rock|[from] move: Defog|[of] p2a: Condemnation Wings
|
|-heal|p2a: Condemnation Wings|100/100 brn|[from] item: Leftovers
|-damage|p2a: Condemnation Wings|94/100 brn|[from] brn
|upkeep
|turn|74
|
|switch|p1a: Vibracio|Seismitoad, M|100/100
|move|p2a: Condemnation Wings|Brave Bird|p1a: Vibracio
|-damage|p1a: Vibracio|88/100
|-damage|p2a: Condemnation Wings|90/100 brn|[from] Recoil
|
|-heal|p1a: Vibracio|94/100|[from] item: Leftovers
|-heal|p2a: Condemnation Wings|96/100 brn|[from] item: Leftovers
|-damage|p2a: Condemnation Wings|90/100 brn|[from] brn
|upkeep
|turn|75
|
|move|p1a: Vibracio|Stealth Rock|p2a: Condemnation Wings
|-sidestart|p2: Dawnmoon昼月.|move: Stealth Rock
|move|p2a: Condemnation Wings|Defog|p1a: Vibracio
|-unboost|p1a: Vibracio|evasion|1
|-sideend|p2: Dawnmoon昼月.|Stealth Rock|[from] move: Defog|[of] p2a: Condemnation Wings
|
|-heal|p1a: Vibracio|99/100|[from] item: Leftovers
|-heal|p2a: Condemnation Wings|96/100 brn|[from] item: Leftovers
|-damage|p2a: Condemnation Wings|90/100 brn|[from] brn
|upkeep
|turn|76
|
|move|p1a: Vibracio|Protect|p1a: Vibracio
|-singleturn|p1a: Vibracio|Protect
|move|p2a: Condemnation Wings|U-turn|p1a: Vibracio
|-activate|p1a: Vibracio|move: Protect
|
|-heal|p1a: Vibracio|100/100|[from] item: Leftovers
|-heal|p2a: Condemnation Wings|96/100 brn|[from] item: Leftovers
|-damage|p2a: Condemnation Wings|90/100 brn|[from] brn
|upkeep
|turn|77
|
|move|p1a: Vibracio|Stealth Rock|p2a: Condemnation Wings
|-sidestart|p2: Dawnmoon昼月.|move: Stealth Rock
|move|p2a: Condemnation Wings|U-turn|p1a: Vibracio
|-damage|p1a: Vibracio|95/100
|
|switch|p2a: Jaeger.|Dugtrio, M|14/100|[from]move: U-turn
|-damage|p2a: Jaeger.|8/100|[from] Stealth Rock
|
|-heal|p1a: Vibracio|100/100|[from] item: Leftovers
|upkeep
|turn|78
|
|switch|p2a: Condemnation Wings|Corviknight, F|90/100 brn
|-damage|p2a: Condemnation Wings|78/100 brn|[from] Stealth Rock
|move|p1a: Vibracio|Scald|p2a: Condemnation Wings
|-damage|p2a: Condemnation Wings|60/100 brn
|
|-heal|p2a: Condemnation Wings|66/100 brn|[from] item: Leftovers
|-damage|p2a: Condemnation Wings|60/100 brn|[from] brn
|upkeep
|turn|79
|
|move|p1a: Vibracio|Protect|p1a: Vibracio
|-singleturn|p1a: Vibracio|Protect
|move|p2a: Condemnation Wings|Defog|p1a: Vibracio
|-activate|p1a: Vibracio|move: Protect
|
|-heal|p2a: Condemnation Wings|66/100 brn|[from] item: Leftovers
|-damage|p2a: Condemnation Wings|60/100 brn|[from] brn
|upkeep
|turn|80
|
|move|p1a: Vibracio|Scald|p2a: Condemnation Wings
|-damage|p2a: Condemnation Wings|42/100 brn
|move|p2a: Condemnation Wings|Brave Bird|p1a: Vibracio
|-damage|p1a: Vibracio|88/100
|-damage|p2a: Condemnation Wings|38/100 brn|[from] Recoil
|
|-heal|p1a: Vibracio|94/100|[from] item: Leftovers
|-heal|p2a: Condemnation Wings|44/100 brn|[from] item: Leftovers
|-damage|p2a: Condemnation Wings|38/100 brn|[from] brn
|upkeep
|turn|81
|
|switch|p1a: Sigilipollas|Sigilyph, M|16/100
|move|p2a: Condemnation Wings|Roost|p2a: Condemnation Wings
|-heal|p2a: Condemnation Wings|88/100 brn
|-singleturn|p2a: Condemnation Wings|move: Roost
|
|-heal|p2a: Condemnation Wings|94/100 brn|[from] item: Leftovers
|-damage|p2a: Condemnation Wings|88/100 brn|[from] brn
|upkeep
|turn|82
|
|switch|p1a: Vibracio|Seismitoad, M|94/100
|move|p2a: Condemnation Wings|Brave Bird|p1a: Vibracio
|-damage|p1a: Vibracio|80/100
|-damage|p2a: Condemnation Wings|83/100 brn|[from] Recoil
|
|-heal|p1a: Vibracio|86/100|[from] item: Leftovers
|-heal|p2a: Condemnation Wings|89/100 brn|[from] item: Leftovers
|-damage|p2a: Condemnation Wings|83/100 brn|[from] brn
|upkeep
|turn|83
|
|move|p1a: Vibracio|Protect|p1a: Vibracio
|-singleturn|p1a: Vibracio|Protect
|move|p2a: Condemnation Wings|Defog|p1a: Vibracio
|-activate|p1a: Vibracio|move: Protect
|
|-heal|p1a: Vibracio|92/100|[from] item: Leftovers
|-heal|p2a: Condemnation Wings|89/100 brn|[from] item: Leftovers
|-damage|p2a: Condemnation Wings|83/100 brn|[from] brn
|upkeep
|turn|84
|j| Swamprattata
|
|move|p1a: Vibracio|Scald|p2a: Condemnation Wings
|-damage|p2a: Condemnation Wings|66/100 brn
|move|p2a: Condemnation Wings|Defog|p1a: Vibracio
|-unboost|p1a: Vibracio|evasion|1
|-sideend|p2: Dawnmoon昼月.|Stealth Rock|[from] move: Defog|[of] p2a: Condemnation Wings
|
|-heal|p1a: Vibracio|98/100|[from] item: Leftovers
|-heal|p2a: Condemnation Wings|72/100 brn|[from] item: Leftovers
|-damage|p2a: Condemnation Wings|66/100 brn|[from] brn
|upkeep
|turn|85
|
|move|p1a: Vibracio|Stealth Rock|p2a: Condemnation Wings
|-sidestart|p2: Dawnmoon昼月.|move: Stealth Rock
|move|p2a: Condemnation Wings|U-turn|p1a: Vibracio
|-damage|p1a: Vibracio|93/100
|
|switch|p2a: Jaeger.|Dugtrio, M|8/100|[from]move: U-turn
|-damage|p2a: Jaeger.|2/100|[from] Stealth Rock
|
|-heal|p1a: Vibracio|99/100|[from] item: Leftovers
|upkeep
|turn|86
|
|switch|p2a: Condemnation Wings|Corviknight, F|66/100 brn
|-damage|p2a: Condemnation Wings|54/100 brn|[from] Stealth Rock
|move|p1a: Vibracio|Scald|p2a: Condemnation Wings
|-damage|p2a: Condemnation Wings|38/100 brn
|
|-heal|p1a: Vibracio|100/100|[from] item: Leftovers
|-heal|p2a: Condemnation Wings|44/100 brn|[from] item: Leftovers
|-damage|p2a: Condemnation Wings|38/100 brn|[from] brn
|upkeep
|turn|87
|
|move|p1a: Vibracio|Scald|p2a: Condemnation Wings
|-damage|p2a: Condemnation Wings|22/100 brn
|move|p2a: Condemnation Wings|Roost|p2a: Condemnation Wings
|-heal|p2a: Condemnation Wings|72/100 brn
|-singleturn|p2a: Condemnation Wings|move: Roost
|
|-heal|p2a: Condemnation Wings|78/100 brn|[from] item: Leftovers
|-damage|p2a: Condemnation Wings|72/100 brn|[from] brn
|upkeep
|turn|88
|j| jeffplaypokemon
|
|move|p1a: Vibracio|Protect|p1a: Vibracio
|-singleturn|p1a: Vibracio|Protect
|move|p2a: Condemnation Wings|Brave Bird|p1a: Vibracio
|-activate|p1a: Vibracio|move: Protect
|
|-heal|p2a: Condemnation Wings|78/100 brn|[from] item: Leftovers
|-damage|p2a: Condemnation Wings|72/100 brn|[from] brn
|upkeep
|turn|89
|l| jeffplaypokemon
|
|move|p1a: Vibracio|Scald|p2a: Condemnation Wings
|-damage|p2a: Condemnation Wings|54/100 brn
|move|p2a: Condemnation Wings|Defog|p1a: Vibracio
|-unboost|p1a: Vibracio|evasion|1
|-sideend|p2: Dawnmoon昼月.|Stealth Rock|[from] move: Defog|[of] p2a: Condemnation Wings
|
|-heal|p2a: Condemnation Wings|60/100 brn|[from] item: Leftovers
|-damage|p2a: Condemnation Wings|54/100 brn|[from] brn
|upkeep
|turn|90
|l| ooiee19961
|
|move|p1a: Vibracio|Stealth Rock|p2a: Condemnation Wings
|-sidestart|p2: Dawnmoon昼月.|move: Stealth Rock
|move|p2a: Condemnation Wings|Brave Bird|p1a: Vibracio
|-damage|p1a: Vibracio|86/100
|-damage|p2a: Condemnation Wings|49/100 brn|[from] Recoil
|
|-heal|p1a: Vibracio|92/100|[from] item: Leftovers
|-heal|p2a: Condemnation Wings|55/100 brn|[from] item: Leftovers
|-damage|p2a: Condemnation Wings|49/100 brn|[from] brn
|upkeep
|turn|91
|
|switch|p1a: Sigilipollas|Sigilyph, M|16/100
|move|p2a: Condemnation Wings|Roost|p2a: Condemnation Wings
|-heal|p2a: Condemnation Wings|99/100 brn
|-singleturn|p2a: Condemnation Wings|move: Roost
|
|-heal|p2a: Condemnation Wings|100/100 brn|[from] item: Leftovers
|-damage|p2a: Condemnation Wings|94/100 brn|[from] brn
|upkeep
|turn|92
|
|switch|p1a: Vibracio|Seismitoad, M|92/100
|move|p2a: Condemnation Wings|Defog|p1a: Vibracio
|-unboost|p1a: Vibracio|evasion|1
|-sideend|p2: Dawnmoon昼月.|Stealth Rock|[from] move: Defog|[of] p2a: Condemnation Wings
|
|-heal|p1a: Vibracio|98/100|[from] item: Leftovers
|-heal|p2a: Condemnation Wings|100/100 brn|[from] item: Leftovers
|-damage|p2a: Condemnation Wings|94/100 brn|[from] brn
|upkeep
|turn|93
|
|move|p1a: Vibracio|Protect|p1a: Vibracio
|-singleturn|p1a: Vibracio|Protect
|move|p2a: Condemnation Wings|Brave Bird|p1a: Vibracio
|-activate|p1a: Vibracio|move: Protect
|
|-heal|p1a: Vibracio|100/100|[from] item: Leftovers
|-heal|p2a: Condemnation Wings|100/100 brn|[from] item: Leftovers
|-damage|p2a: Condemnation Wings|94/100 brn|[from] brn
|upkeep
|turn|94
|j| ooiee19961
|
|switch|p2a: Jaeger.|Dugtrio, M|2/100
|move|p1a: Vibracio|Stealth Rock|p2a: Jaeger.
|-sidestart|p2: Dawnmoon昼月.|move: Stealth Rock
|
|upkeep
|turn|95
|
|switch|p2a: Condemnation Wings|Corviknight, F|94/100 brn
|-damage|p2a: Condemnation Wings|82/100 brn|[from] Stealth Rock
|move|p1a: Vibracio|Scald|p2a: Condemnation Wings
|-damage|p2a: Condemnation Wings|66/100 brn
|
|-heal|p2a: Condemnation Wings|72/100 brn|[from] item: Leftovers
|-damage|p2a: Condemnation Wings|66/100 brn|[from] brn
|upkeep
|turn|96
|l| champgne
|
|move|p1a: Vibracio|Scald|p2a: Condemnation Wings
|-damage|p2a: Condemnation Wings|50/100 brn
|move|p2a: Condemnation Wings|Brave Bird|p1a: Vibracio
|-damage|p1a: Vibracio|88/100
|-damage|p2a: Condemnation Wings|46/100 brn|[from] Recoil
|
|-heal|p1a: Vibracio|94/100|[from] item: Leftovers
|-heal|p2a: Condemnation Wings|52/100 brn|[from] item: Leftovers
|-damage|p2a: Condemnation Wings|46/100 brn|[from] brn
|upkeep
|turn|97
|
|move|p1a: Vibracio|Scald|p2a: Condemnation Wings
|-damage|p2a: Condemnation Wings|29/100 brn
|move|p2a: Condemnation Wings|Brave Bird|p1a: Vibracio
|-damage|p1a: Vibracio|80/100
|-damage|p2a: Condemnation Wings|25/100 brn|[from] Recoil
|
|-heal|p1a: Vibracio|86/100|[from] item: Leftovers
|-heal|p2a: Condemnation Wings|31/100 brn|[from] item: Leftovers
|-damage|p2a: Condemnation Wings|25/100 brn|[from] brn
|upkeep
|turn|98
|
|move|p1a: Vibracio|Protect|p1a: Vibracio
|-singleturn|p1a: Vibracio|Protect
|move|p2a: Condemnation Wings|Brave Bird|p1a: Vibracio
|-activate|p1a: Vibracio|move: Protect
|
|-heal|p1a: Vibracio|93/100|[from] item: Leftovers
|-heal|p2a: Condemnation Wings|31/100 brn|[from] item: Leftovers
|-damage|p2a: Condemnation Wings|25/100 brn|[from] brn
|upkeep
|turn|99
|
|move|p1a: Vibracio|Earth Power|p2a: Condemnation Wings
|-immune|p2a: Condemnation Wings
|move|p2a: Condemnation Wings|Brave Bird|p1a: Vibracio
|-damage|p1a: Vibracio|79/100
|-damage|p2a: Condemnation Wings|20/100 brn|[from] Recoil
|
|-heal|p1a: Vibracio|85/100|[from] item: Leftovers
|-heal|p2a: Condemnation Wings|26/100 brn|[from] item: Leftovers
|-damage|p2a: Condemnation Wings|20/100 brn|[from] brn
|upkeep
|turn|100
|
|move|p1a: Vibracio|Earth Power|p2a: Condemnation Wings
|-immune|p2a: Condemnation Wings
|move|p2a: Condemnation Wings|Defog|p1a: Vibracio
|-unboost|p1a: Vibracio|evasion|1
|-sideend|p2: Dawnmoon昼月.|Stealth Rock|[from] move: Defog|[of] p2a: Condemnation Wings
|
|-heal|p1a: Vibracio|91/100|[from] item: Leftovers
|-heal|p2a: Condemnation Wings|26/100 brn|[from] item: Leftovers
|-damage|p2a: Condemnation Wings|20/100 brn|[from] brn
|upkeep
|turn|101
|
|move|p1a: Vibracio|Stealth Rock|p2a: Condemnation Wings
|-sidestart|p2: Dawnmoon昼月.|move: Stealth Rock
|move|p2a: Condemnation Wings|Roost|p2a: Condemnation Wings
|-heal|p2a: Condemnation Wings|70/100 brn
|-singleturn|p2a: Condemnation Wings|move: Roost
|
|-heal|p1a: Vibracio|97/100|[from] item: Leftovers
|-heal|p2a: Condemnation Wings|76/100 brn|[from] item: Leftovers
|-damage|p2a: Condemnation Wings|70/100 brn|[from] brn
|upkeep
|turn|102
|
|move|p1a: Vibracio|Protect|p1a: Vibracio
|-singleturn|p1a: Vibracio|Protect
|move|p2a: Condemnation Wings|Defog|p1a: Vibracio
|-activate|p1a: Vibracio|move: Protect
|
|-heal|p1a: Vibracio|100/100|[from] item: Leftovers
|-heal|p2a: Condemnation Wings|76/100 brn|[from] item: Leftovers
|-damage|p2a: Condemnation Wings|70/100 brn|[from] brn
|upkeep
|turn|103
|j| lonelylando
|
|move|p1a: Vibracio|Earth Power|p2a: Condemnation Wings
|-immune|p2a: Condemnation Wings
|move|p2a: Condemnation Wings|Defog|p1a: Vibracio
|-unboost|p1a: Vibracio|evasion|1
|-sideend|p2: Dawnmoon昼月.|Stealth Rock|[from] move: Defog|[of] p2a: Condemnation Wings
|
|-heal|p2a: Condemnation Wings|76/100 brn|[from] item: Leftovers
|-damage|p2a: Condemnation Wings|70/100 brn|[from] brn
|upkeep
|turn|104
|
|move|p1a: Vibracio|Stealth Rock|p2a: Condemnation Wings
|-sidestart|p2: Dawnmoon昼月.|move: Stealth Rock
|move|p2a: Condemnation Wings|Brave Bird|p1a: Vibracio
|-damage|p1a: Vibracio|88/100
|-damage|p2a: Condemnation Wings|66/100 brn|[from] Recoil
|
|-heal|p1a: Vibracio|94/100|[from] item: Leftovers
|-heal|p2a: Condemnation Wings|72/100 brn|[from] item: Leftovers
|-damage|p2a: Condemnation Wings|66/100 brn|[from] brn
|upkeep
|turn|105
|
|switch|p1a: Sigilipollas|Sigilyph, M|16/100
|move|p2a: Condemnation Wings|Defog|p1a: Sigilipollas
|-unboost|p1a: Sigilipollas|evasion|1
|-sideend|p2: Dawnmoon昼月.|Stealth Rock|[from] move: Defog|[of] p2a: Condemnation Wings
|
|-heal|p2a: Condemnation Wings|72/100 brn|[from] item: Leftovers
|-damage|p2a: Condemnation Wings|66/100 brn|[from] brn
|upkeep
|turn|106
|
|move|p1a: Sigilipollas|Gravity|p1a: Sigilipollas
|-fieldstart|move: Gravity
|move|p2a: Condemnation Wings|U-turn|p1a: Sigilipollas
|-damage|p1a: Sigilipollas|6/100
|
|switch|p2a: Jaeger.|Dugtrio, M|2/100|[from]move: U-turn
|
|upkeep
|turn|107
|
|move|p2a: Jaeger.|Reversal|p1a: Sigilipollas
|-resisted|p1a: Sigilipollas
|-damage|p1a: Sigilipollas|0 fnt
|faint|p1a: Sigilipollas
|
|upkeep
|
|switch|p1a: Vibracio|Seismitoad, M|94/100
|turn|108
|
|move|p2a: Jaeger.|Reversal|p1a: Vibracio
|-damage|p1a: Vibracio|51/100
|move|p1a: Vibracio|Earth Power|p2a: Jaeger.
|-damage|p2a: Jaeger.|0 fnt
|faint|p2a: Jaeger.
|
|-heal|p1a: Vibracio|57/100|[from] item: Leftovers
|upkeep
|j| SuperCrog
|-message|Dawnmoon昼月. forfeited.
|
|win|The Last Hero
|j| jeffplaypokemon
|l| jeffplaypokemon
|l|☆Dawnmoon昼月.
|l| myjava
|l| lonelylando
|l|☆The Last Hero
|raw|The Last Hero's rating: 1771 → 1798(+27 for winning)
|raw|Dawnmoon昼月.'s rating: 1892 → 1866(-26 for losing)
|l| Helpinghans
|c| SuperCrog|um
|c| SuperCrog|if there someone I can battle in custom?
|c| SuperCrog|;_;
|l| SuperCrog
