|ScrapeTime|2020-01-02-01:35:19
|j|☆O Livre Mercado
|j|☆luqs22
|player|p1|O Livre Mercado|248|1099
|player|p2|luqs22|2|1120
|teamsize|p1|6
|teamsize|p2|6
|gametype|singles
|gen|8
|tier|[Gen 8] OU
|rated|
|rule|Sleep Clause Mod: Limit one foe put to sleep
|rule|Species Clause: Limit one of each Pokémon
|rule|OHKO Clause: OHKO moves are banned
|rule|Evasion Moves Clause: Evasion moves are banned
|rule|Endless Battle Clause: Forcing endless battles is banned
|rule|HP Percentage Mod: HP is shown in percentages
|clearpoke
|poke|p1|Braviary, M|
|poke|p1|Dugtrio, F|
|poke|p1|Corviknight, M|
|poke|p1|Dragapult, F|
|poke|p1|Lucario, M|
|poke|p1|Hatterene, F|
|poke|p2|Dragapult, M|
|poke|p2|Aegislash, M|
|poke|p2|Toxapex, M|
|poke|p2|Excadrill, F|
|poke|p2|Mandibuzz, F|
|poke|p2|Ribombee, M|
|rule|Dynamax Clause: You cannot dynamax
|teampreview
|inactive|Battle timer is ON: inactive players will automatically lose when time's up. (requested by luqs22)
|
|start
|switch|p1a: Lucario|Lucario, M|100/100
|switch|p2a: Ribombee|Ribombee, M|100/100
|turn|1
|
|move|p2a: Ribombee|Sticky Web|p1a: Lucario
|-sidestart|p1: O Livre Mercado|move: Sticky Web
|move|p1a: Lucario|Nasty Plot|p1a: Lucario
|-boost|p1a: Lucario|spa|2
|
|upkeep
|turn|2
|
|move|p2a: Ribombee|Light Screen|p2a: Ribombee
|-sidestart|p2: luqs22|move: Light Screen
|move|p1a: Lucario|Flash Cannon|p2a: Ribombee
|-supereffective|p2a: Ribombee
|-damage|p2a: Ribombee|0 fnt
|-damage|p1a: Lucario|91/100|[from] item: Life Orb
|faint|p2a: Ribombee
|
|upkeep
|
|switch|p2a: Excadrill|Excadrill, F|100/100
|-ability|p2a: Excadrill|Mold Breaker
|turn|3
|inactive|O Livre Mercado has 120 seconds left.
|
|move|p1a: Lucario|Aura Sphere|p2a: Excadrill
|-supereffective|p2a: Excadrill
|-enditem|p2a: Excadrill|Focus Sash
|-damage|p2a: Excadrill|1/100
|-damage|p1a: Lucario|81/100|[from] item: Life Orb
|move|p2a: Excadrill|Rapid Spin|p1a: Lucario
|-resisted|p1a: Lucario
|-crit|p1a: Lucario
|-damage|p1a: Lucario|60/100
|-boost|p2a: Excadrill|spe|1
|
|upkeep
|turn|4
|inactive|O Livre Mercado has 120 seconds left.
|
|move|p1a: Lucario|Vacuum Wave|p2a: Excadrill
|-supereffective|p2a: Excadrill
|-damage|p2a: Excadrill|0 fnt
|-damage|p1a: Lucario|50/100|[from] item: Life Orb
|faint|p2a: Excadrill
|
|upkeep
|
|switch|p2a: Dragapult|Dragapult, M|100/100
|turn|5
|
|move|p2a: Dragapult|Dragon Darts|p1a: Lucario
|-resisted|p1a: Lucario
|-damage|p1a: Lucario|20/100
|-resisted|p1a: Lucario
|-damage|p1a: Lucario|0 fnt
|-hitcount|p1a: Lucario|2
|faint|p1a: Lucario
|
|upkeep
|inactive|O Livre Mercado has 120 seconds left.
|
|switch|p1a: Corviknight|Corviknight, M|100/100
|-ability|p1a: Corviknight|Pressure
|turn|6
|
|switch|p2a: Mandibuzz|Mandibuzz, F|100/100
|move|p1a: Corviknight|Defog|p2a: Mandibuzz
|-unboost|p2a: Mandibuzz|evasion|1
|-sideend|p2: luqs22|move: Light Screen
|-sideend|p1: O Livre Mercado|Sticky Web|[from] move: Defog|[of] p1a: Corviknight
|
|upkeep
|turn|7
|
|move|p2a: Mandibuzz|Knock Off|p1a: Corviknight
|-damage|p1a: Corviknight|84/100
|-enditem|p1a: Corviknight|Leftovers|[from] move: Knock Off|[of] p2a: Mandibuzz
|move|p1a: Corviknight|U-turn|p2a: Mandibuzz
|-damage|p2a: Mandibuzz|92/100
|
|switch|p1a: Hatterene|Hatterene, F|100/100|[from]move: U-turn
|
|-heal|p2a: Mandibuzz|98/100|[from] item: Leftovers
|upkeep
|turn|8
|
|move|p2a: Mandibuzz|Brave Bird|p1a: Hatterene
|-damage|p1a: Hatterene|67/100
|-damage|p2a: Mandibuzz|89/100|[from] Recoil
|move|p1a: Hatterene|Trick Room|p1a: Hatterene
|-fieldstart|move: Trick Room|[of] p1a: Hatterene
|
|-heal|p1a: Hatterene|73/100|[from] item: Leftovers
|-heal|p2a: Mandibuzz|96/100|[from] item: Leftovers
|upkeep
|turn|9
|inactive|O Livre Mercado has 120 seconds left.
|
|switch|p2a: Aegislash|Aegislash, M|100/100
|move|p1a: Hatterene|Dazzling Gleam|p2a: Aegislash
|-resisted|p2a: Aegislash
|-damage|p2a: Aegislash|87/100
|
|-heal|p1a: Hatterene|78/100|[from] item: Leftovers
|upkeep
|turn|10
|
|move|p1a: Hatterene|Mystical Fire|p2a: Aegislash
|-supereffective|p2a: Aegislash
|-damage|p2a: Aegislash|53/100
|-enditem|p2a: Aegislash|Weakness Policy
|-boost|p2a: Aegislash|atk|2
|-boost|p2a: Aegislash|spa|2
|-unboost|p2a: Aegislash|spa|1
|-formechange|p2a: Aegislash|Aegislash-Blade||[from] ability: Stance Change
|move|p2a: Aegislash|Iron Head|p1a: Hatterene
|-supereffective|p1a: Hatterene
|-damage|p1a: Hatterene|0 fnt
|faint|p1a: Hatterene
|
|upkeep
|inactive|O Livre Mercado has 120 seconds left.
|
|switch|p1a: Corviknight|Corviknight, M|84/100
|-ability|p1a: Corviknight|Pressure
|turn|11
|inactive|O Livre Mercado has 120 seconds left.
|
|move|p2a: Aegislash|Iron Head|p1a: Corviknight
|-resisted|p1a: Corviknight
|-damage|p1a: Corviknight|60/100
|move|p1a: Corviknight|Brave Bird|p2a: Aegislash
|-resisted|p2a: Aegislash
|-damage|p2a: Aegislash|21/100
|-damage|p1a: Corviknight|51/100|[from] Recoil
|
|upkeep
|turn|12
|inactive|O Livre Mercado has 120 seconds left.
|
|move|p2a: Aegislash|Shadow Ball|p1a: Corviknight
|-damage|p1a: Corviknight|10/100
|move|p1a: Corviknight|Brave Bird|p2a: Aegislash
|-resisted|p2a: Aegislash
|-damage|p2a: Aegislash|0 fnt
|-damage|p1a: Corviknight|5/100|[from] Recoil
|faint|p2a: Aegislash
|
|-fieldend|move: Trick Room
|upkeep
|
|switch|p2a: Dragapult|Dragapult, M|100/100
|turn|13
|
|move|p2a: Dragapult|Dragon Darts|p1a: Corviknight
|-resisted|p1a: Corviknight
|-damage|p1a: Corviknight|0 fnt
|-hitcount|p1a: Corviknight|1
|faint|p1a: Corviknight
|
|upkeep
|
|switch|p1a: Dragapult|Dragapult, F|100/100
|turn|14
|
|move|p1a: Dragapult|Draco Meteor|p2a: Dragapult
|-supereffective|p2a: Dragapult
|-damage|p2a: Dragapult|0 fnt
|-unboost|p1a: Dragapult|spa|2
|faint|p2a: Dragapult
|
|upkeep
|
|switch|p2a: Mandibuzz|Mandibuzz, F|96/100
|turn|15
|
|switch|p1a: Dugtrio|Dugtrio, F|100/100
|move|p2a: Mandibuzz|Knock Off|p1a: Dugtrio
|-damage|p1a: Dugtrio|37/100
|-enditem|p1a: Dugtrio|Focus Sash|[from] move: Knock Off|[of] p2a: Mandibuzz
|
|-heal|p2a: Mandibuzz|100/100|[from] item: Leftovers
|upkeep
|turn|16
|
|move|p1a: Dugtrio|Sucker Punch|p2a: Mandibuzz
|-resisted|p2a: Mandibuzz
|-crit|p2a: Mandibuzz
|-damage|p2a: Mandibuzz|92/100
|move|p2a: Mandibuzz|Knock Off|p1a: Dugtrio
|-damage|p1a: Dugtrio|0 fnt
|faint|p1a: Dugtrio
|
|-heal|p2a: Mandibuzz|98/100|[from] item: Leftovers
|upkeep
|
|switch|p1a: Dragapult|Dragapult, F|100/100
|turn|17
|inactive|O Livre Mercado has 120 seconds left.
|
|move|p1a: Dragapult|Draco Meteor|p2a: Mandibuzz
|-damage|p2a: Mandibuzz|43/100
|-unboost|p1a: Dragapult|spa|2
|move|p2a: Mandibuzz|Knock Off|p1a: Dragapult
|-supereffective|p1a: Dragapult
|-damage|p1a: Dragapult|34/100
|-enditem|p1a: Dragapult|Choice Scarf|[from] move: Knock Off|[of] p2a: Mandibuzz
|
|-heal|p2a: Mandibuzz|49/100|[from] item: Leftovers
|upkeep
|turn|18
|inactive|O Livre Mercado has 120 seconds left.
|
|move|p1a: Dragapult|U-turn|p2a: Mandibuzz
|-damage|p2a: Mandibuzz|40/100
|
|switch|p1a: Braviary|Braviary, M|100/100|[from]move: U-turn
|move|p2a: Mandibuzz|Knock Off|p1a: Braviary
|-damage|p1a: Braviary|73/100
|-enditem|p1a: Braviary|Choice Band|[from] move: Knock Off|[of] p2a: Mandibuzz
|
|-heal|p2a: Mandibuzz|46/100|[from] item: Leftovers
|upkeep
|turn|19
|inactive|O Livre Mercado has 120 seconds left.
|
|move|p1a: Braviary|Brave Bird|p2a: Mandibuzz
|-damage|p2a: Mandibuzz|11/100
|-damage|p1a: Braviary|58/100|[from] Recoil
|move|p2a: Mandibuzz|Roost|p2a: Mandibuzz
|-heal|p2a: Mandibuzz|61/100
|-singleturn|p2a: Mandibuzz|move: Roost
|
|-heal|p2a: Mandibuzz|67/100|[from] item: Leftovers
|upkeep
|turn|20
|inactive|O Livre Mercado has 120 seconds left.
|
|move|p1a: Braviary|Brave Bird|p2a: Mandibuzz
|-damage|p2a: Mandibuzz|30/100
|-damage|p1a: Braviary|43/100|[from] Recoil
|move|p2a: Mandibuzz|Roost|p2a: Mandibuzz
|-heal|p2a: Mandibuzz|80/100
|-singleturn|p2a: Mandibuzz|move: Roost
|
|-heal|p2a: Mandibuzz|86/100|[from] item: Leftovers
|upkeep
|turn|21
|
|move|p1a: Braviary|Close Combat|p2a: Mandibuzz
|-damage|p2a: Mandibuzz|63/100
|-unboost|p1a: Braviary|def|1
|-unboost|p1a: Braviary|spd|1
|move|p2a: Mandibuzz|Roost|p2a: Mandibuzz
|-heal|p2a: Mandibuzz|100/100
|-singleturn|p2a: Mandibuzz|move: Roost
|
|upkeep
|turn|22
|-message|O Livre Mercado forfeited.
|
|win|luqs22
|l|☆O Livre Mercado
