|ScrapeTime|2020-01-02-02:46:36
|j|☆Out Bad Plays
|j|☆sigmund roid
|player|p1|Out Bad Plays|266|1423
|player|p2|sigmund roid|265|1378
|teamsize|p1|6
|teamsize|p2|6
|gametype|singles
|gen|8
|tier|[Gen 8] OU
|rated|
|rule|Sleep Clause Mod: Limit one foe put to sleep
|rule|Species Clause: Limit one of each Pokémon
|rule|OHKO Clause: OHKO moves are banned
|rule|Evasion Moves Clause: Evasion moves are banned
|rule|Endless Battle Clause: Forcing endless battles is banned
|rule|HP Percentage Mod: HP is shown in percentages
|clearpoke
|poke|p1|Inteleon, F|
|poke|p1|Kommo-o, M|
|poke|p1|Mew|
|poke|p1|Polteageist|
|poke|p1|Copperajah, F|
|poke|p1|Claydol|
|poke|p2|Aegislash, F|
|poke|p2|Dragapult, F|
|poke|p2|Tyranitar, M|
|poke|p2|Conkeldurr, M|
|poke|p2|Toxtricity-Low-Key, M|
|poke|p2|Kommo-o, F|
|rule|Dynamax Clause: You cannot dynamax
|teampreview
|
|start
|switch|p1a: Claydol|Claydol|100/100
|switch|p2a: Kommo-o|Kommo-o, F|100/100
|turn|1
|inactive|Battle timer is ON: inactive players will automatically lose when time's up. (requested by Out Bad Plays)
|
|move|p2a: Kommo-o|Clanging Scales|p1a: Claydol
|-damage|p1a: Claydol|46/100
|-unboost|p2a: Kommo-o|def|1
|move|p1a: Claydol|Stealth Rock|p2a: Kommo-o
|-sidestart|p2: sigmund roid|move: Stealth Rock
|
|upkeep
|turn|2
|
|switch|p2a: Tyranitar|Tyranitar, M, shiny|100/100
|-damage|p2a: Tyranitar|88/100|[from] Stealth Rock
|-weather|Sandstorm|[from] ability: Sand Stream|[of] p2a: Tyranitar
|move|p1a: Claydol|Explosion|p2a: Tyranitar
|-resisted|p2a: Tyranitar
|-damage|p2a: Tyranitar|67/100
|faint|p1a: Claydol
|
|-weather|Sandstorm|[upkeep]
|upkeep
|
|switch|p1a: Mew|Mew|100/100
|turn|3
|
|move|p1a: Mew|Close Combat|p2a: Tyranitar
|-supereffective|p2a: Tyranitar
|-damage|p2a: Tyranitar|0 fnt
|-unboost|p1a: Mew|def|1
|-unboost|p1a: Mew|spd|1
|-damage|p1a: Mew|91/100|[from] item: Life Orb
|faint|p2a: Tyranitar
|
|-weather|Sandstorm|[upkeep]
|-damage|p1a: Mew|84/100|[from] Sandstorm
|upkeep
|
|switch|p2a: Aegislash|Aegislash, F, shiny|100/100
|-damage|p2a: Aegislash|94/100|[from] Stealth Rock
|-item|p2a: Aegislash|Air Balloon
|turn|4
|
|switch|p1a: Inteleon|Inteleon, F|100/100
|move|p2a: Aegislash|Swords Dance|p2a: Aegislash
|-boost|p2a: Aegislash|atk|2
|
|-weather|Sandstorm|[upkeep]
|-damage|p1a: Inteleon|94/100|[from] Sandstorm
|upkeep
|turn|5
|c|☆Out Bad Plays|Wtf
|
|move|p1a: Inteleon|Reflect|p1a: Inteleon
|-sidestart|p1: Out Bad Plays|Reflect
|-formechange|p2a: Aegislash|Aegislash-Blade||[from] ability: Stance Change
|move|p2a: Aegislash|Close Combat|p1a: Inteleon
|-damage|p1a: Inteleon|23/100
|-unboost|p2a: Aegislash|def|1
|-unboost|p2a: Aegislash|spd|1
|
|-weather|Sandstorm|[upkeep]
|-damage|p1a: Inteleon|17/100|[from] Sandstorm
|upkeep
|turn|6
|
|move|p2a: Aegislash|Shadow Sneak|p1a: Inteleon
|-damage|p1a: Inteleon|0 fnt
|faint|p1a: Inteleon
|
|-weather|none
|upkeep
|
|switch|p1a: Copperajah|Copperajah, F|100/100
|turn|7
|
|move|p2a: Aegislash|Close Combat|p1a: Copperajah
|-supereffective|p1a: Copperajah
|-damage|p1a: Copperajah|5/100
|-unboost|p2a: Aegislash|def|1
|-unboost|p2a: Aegislash|spd|1
|move|p1a: Copperajah|Heat Crash|p2a: Aegislash
|-supereffective|p2a: Aegislash
|-damage|p2a: Aegislash|0 fnt
|-enditem|p2a: Aegislash|Air Balloon
|faint|p2a: Aegislash
|
|upkeep
|inactive|sigmund roid has 120 seconds left.
|
|switch|p2a: Kommo-o|Kommo-o, F|100/100
|-damage|p2a: Kommo-o|94/100|[from] Stealth Rock
|turn|8
|
|move|p2a: Kommo-o|Flamethrower|p1a: Copperajah
|-supereffective|p1a: Copperajah
|-damage|p1a: Copperajah|0 fnt
|faint|p1a: Copperajah
|
|-heal|p2a: Kommo-o|100/100|[from] item: Leftovers
|upkeep
|
|switch|p1a: Mew|Mew|84/100
|turn|9
|
|switch|p2a: Toxtricity|Toxtricity-Low-Key, M|100/100
|-damage|p2a: Toxtricity|88/100|[from] Stealth Rock
|move|p1a: Mew|Dragon Dance|p1a: Mew
|-boost|p1a: Mew|atk|1
|-boost|p1a: Mew|spe|1
|
|upkeep
|turn|10
|
|move|p1a: Mew|Psychic Fangs|p2a: Toxtricity
|-supereffective|p2a: Toxtricity
|-damage|p2a: Toxtricity|0 fnt
|-damage|p1a: Mew|74/100|[from] item: Life Orb
|faint|p2a: Toxtricity
|
|upkeep
|
|switch|p2a: Kommo-o|Kommo-o, F|100/100
|-damage|p2a: Kommo-o|94/100|[from] Stealth Rock
|turn|11
|c|☆Out Bad Plays|Agency Agency
|
|move|p1a: Mew|Psychic Fangs|p2a: Kommo-o
|-supereffective|p2a: Kommo-o
|-damage|p2a: Kommo-o|0 fnt
|-damage|p1a: Mew|64/100|[from] item: Life Orb
|faint|p2a: Kommo-o
|
|upkeep
|
|switch|p2a: Conkeldurr|Conkeldurr, M|100/100
|-damage|p2a: Conkeldurr|94/100|[from] Stealth Rock
|turn|12
|
|move|p1a: Mew|Psychic Fangs|p2a: Conkeldurr
|-supereffective|p2a: Conkeldurr
|-damage|p2a: Conkeldurr|0 fnt
|-damage|p1a: Mew|54/100|[from] item: Life Orb
|faint|p2a: Conkeldurr
|
|-sideend|p1: Out Bad Plays|Reflect
|upkeep
|
|switch|p2a: Dragapult|Dragapult, F|100/100
|-damage|p2a: Dragapult|88/100|[from] Stealth Rock
|turn|13
|
|move|p2a: Dragapult|Sucker Punch|p1a: Mew
|-supereffective|p1a: Mew
|-damage|p1a: Mew|6/100
|move|p1a: Mew|Darkest Lariat|p2a: Dragapult
|-supereffective|p2a: Dragapult
|-damage|p2a: Dragapult|0 fnt
|-damage|p1a: Mew|0 fnt|[from] item: Life Orb
|faint|p2a: Dragapult
|faint|p1a: Mew
|
|win|Out Bad Plays
|l|☆sigmund roid
|raw|Out Bad Plays's rating: 1423 → 1441(+18 for winning)
|raw|sigmund roid's rating: 1378 → 1361(-17 for losing)
