|ScrapeTime|2020-01-03-00:05:52
|j|☆I do gen 8
|j|☆Deputy Dawg
|player|p1|I do gen 8|1|1592
|player|p2|Deputy Dawg|lance|1523
|teamsize|p1|6
|teamsize|p2|6
|gametype|singles
|gen|8
|tier|[Gen 8] OU
|rated|
|rule|Sleep Clause Mod: Limit one foe put to sleep
|rule|Species Clause: Limit one of each Pokémon
|rule|OHKO Clause: OHKO moves are banned
|rule|Evasion Moves Clause: Evasion moves are banned
|rule|Endless Battle Clause: Forcing endless battles is banned
|rule|HP Percentage Mod: HP is shown in percentages
|clearpoke
|poke|p1|Tyranitar, F|
|poke|p1|Dugtrio, F|
|poke|p1|Aegislash, M|
|poke|p1|Mandibuzz, F|
|poke|p1|Seismitoad, M|
|poke|p1|Hatterene, F|
|poke|p2|Tyranitar, M|
|poke|p2|Toxtricity-Low-Key, M|
|poke|p2|Grimmsnarl, M|
|poke|p2|Dragapult, M|
|poke|p2|Haxorus, M|
|poke|p2|Gyarados, M|
|rule|Dynamax Clause: You cannot dynamax
|teampreview
|
|start
|switch|p1a: Tyranitar|Tyranitar, F|100/100
|switch|p2a: Gyarados|Gyarados, M, shiny|100/100
|-ability|p2a: Gyarados|Intimidate|boost
|-unboost|p1a: Tyranitar|atk|1
|-weather|Sandstorm|[from] ability: Sand Stream|[of] p1a: Tyranitar
|turn|1
|
|move|p2a: Gyarados|Waterfall|p1a: Tyranitar
|-supereffective|p1a: Tyranitar
|-crit|p1a: Tyranitar
|-damage|p1a: Tyranitar|0 fnt
|faint|p1a: Tyranitar
|
|-weather|Sandstorm|[upkeep]
|-damage|p2a: Gyarados|94/100|[from] Sandstorm
|upkeep
|j| Ivayla
|c|☆I do gen 8|Lucky shit
|
|switch|p1a: Aegislash|Aegislash, M|100/100
|turn|2
|
|move|p2a: Gyarados|Earthquake|p1a: Aegislash
|-supereffective|p1a: Aegislash
|-damage|p1a: Aegislash|35/100
|-formechange|p1a: Aegislash|Aegislash-Blade||[from] ability: Stance Change
|move|p1a: Aegislash|Shadow Ball|p2a: Gyarados
|-damage|p2a: Gyarados|41/100
|
|-weather|Sandstorm|[upkeep]
|-damage|p2a: Gyarados|35/100|[from] Sandstorm
|-heal|p1a: Aegislash|41/100|[from] item: Leftovers
|upkeep
|turn|3
|
|switch|p1a: Mandibuzz|Mandibuzz, F|100/100
|move|p2a: Gyarados|Dragon Dance|p2a: Gyarados
|-boost|p2a: Gyarados|atk|1
|-boost|p2a: Gyarados|spe|1
|
|-weather|Sandstorm|[upkeep]
|-damage|p2a: Gyarados|29/100|[from] Sandstorm
|upkeep
|turn|4
|
|move|p2a: Gyarados|Waterfall|p1a: Mandibuzz
|-damage|p1a: Mandibuzz|57/100
|move|p1a: Mandibuzz|Knock Off|p2a: Gyarados
|-damage|p2a: Gyarados|0 fnt
|-enditem|p2a: Gyarados|Heavy-Duty Boots|[from] move: Knock Off|[of] p1a: Mandibuzz
|faint|p2a: Gyarados
|
|-weather|Sandstorm|[upkeep]
|upkeep
|
|switch|p2a: Tyranitar|Tyranitar, M|100/100
|turn|5
|
|move|p2a: Tyranitar|Crunch|p1a: Mandibuzz
|-resisted|p1a: Mandibuzz
|-damage|p1a: Mandibuzz|42/100
|-unboost|p1a: Mandibuzz|def|1
|move|p1a: Mandibuzz|U-turn|p2a: Tyranitar
|-supereffective|p2a: Tyranitar
|-damage|p2a: Tyranitar|83/100
|
|switch|p1a: Dugtrio|Dugtrio, F|100/100|[from]move: U-turn
|
|-weather|none
|-heal|p2a: Tyranitar|90/100|[from] item: Leftovers
|upkeep
|turn|6
|
|move|p1a: Dugtrio|Earthquake|p2a: Tyranitar
|-supereffective|p2a: Tyranitar
|-damage|p2a: Tyranitar|17/100
|move|p2a: Tyranitar|Crunch|p1a: Dugtrio
|-enditem|p1a: Dugtrio|Focus Sash
|-damage|p1a: Dugtrio|1/100
|
|-heal|p2a: Tyranitar|23/100|[from] item: Leftovers
|upkeep
|turn|7
|
|move|p1a: Dugtrio|Earthquake|p2a: Tyranitar
|-supereffective|p2a: Tyranitar
|-damage|p2a: Tyranitar|0 fnt
|faint|p2a: Tyranitar
|
|upkeep
|
|switch|p2a: Haxorus|Haxorus, M, shiny|100/100
|-ability|p2a: Haxorus|Mold Breaker
|turn|8
|
|move|p2a: Haxorus|First Impression|p1a: Dugtrio
|-damage|p1a: Dugtrio|0 fnt
|faint|p1a: Dugtrio
|
|upkeep
|
|switch|p1a: Hatterene|Hatterene, F|100/100
|turn|9
|
|switch|p2a: Toxtricity|Toxtricity-Low-Key, M|100/100
|move|p1a: Hatterene|Calm Mind|p1a: Hatterene
|-boost|p1a: Hatterene|spa|1
|-boost|p1a: Hatterene|spd|1
|
|upkeep
|turn|10
|
|switch|p1a: Seismitoad|Seismitoad, M|100/100
|move|p2a: Toxtricity|Sludge Wave|p1a: Seismitoad
|-resisted|p1a: Seismitoad
|-damage|p1a: Seismitoad|63/100
|
|-heal|p1a: Seismitoad|69/100|[from] item: Leftovers
|upkeep
|turn|11
|
|switch|p2a: Dragapult|Dragapult, M|100/100
|move|p1a: Seismitoad|Stealth Rock|p2a: Dragapult
|-sidestart|p2: Deputy Dawg|move: Stealth Rock
|
|-heal|p1a: Seismitoad|75/100|[from] item: Leftovers
|upkeep
|turn|12
|
|move|p2a: Dragapult|Draco Meteor|p1a: Seismitoad
|-damage|p1a: Seismitoad|10/100
|-unboost|p2a: Dragapult|spa|2
|move|p1a: Seismitoad|Earth Power|p2a: Dragapult
|-damage|p2a: Dragapult|64/100
|
|-heal|p1a: Seismitoad|16/100|[from] item: Leftovers
|upkeep
|turn|13
|
|switch|p2a: Toxtricity|Toxtricity-Low-Key, M|100/100
|-damage|p2a: Toxtricity|88/100|[from] Stealth Rock
|switch|p1a: Hatterene|Hatterene, F|100/100
|
|upkeep
|turn|14
|
|switch|p1a: Seismitoad|Seismitoad, M|16/100
|move|p2a: Toxtricity|Overdrive|p1a: Seismitoad
|-immune|p1a: Seismitoad
|
|-heal|p1a: Seismitoad|22/100|[from] item: Leftovers
|upkeep
|turn|15
|
|switch|p2a: Grimmsnarl|Grimmsnarl, M|100/100
|-damage|p2a: Grimmsnarl|88/100|[from] Stealth Rock
|move|p1a: Seismitoad|Earth Power|p2a: Grimmsnarl
|-damage|p2a: Grimmsnarl|55/100
|
|-heal|p1a: Seismitoad|28/100|[from] item: Leftovers
|upkeep
|turn|16
|
|switch|p1a: Hatterene|Hatterene, F|100/100
|move|p2a: Grimmsnarl|Sucker Punch||[still]
|-fail|p2a: Grimmsnarl
|
|upkeep
|turn|17
|
|move|p2a: Grimmsnarl|Darkest Lariat|p1a: Hatterene
|-damage|p1a: Hatterene|54/100
|-damage|p2a: Grimmsnarl|45/100|[from] item: Life Orb
|move|p1a: Hatterene|Draining Kiss|p2a: Grimmsnarl
|-supereffective|p2a: Grimmsnarl
|-damage|p2a: Grimmsnarl|0 fnt
|-heal|p1a: Hatterene|90/100|[from] drain|[of] p2a: Grimmsnarl
|faint|p2a: Grimmsnarl
|
|-heal|p1a: Hatterene|96/100|[from] item: Leftovers
|upkeep
|
|switch|p2a: Haxorus|Haxorus, M, shiny|100/100
|-damage|p2a: Haxorus|88/100|[from] Stealth Rock
|-ability|p2a: Haxorus|Mold Breaker
|turn|18
|
|switch|p1a: Aegislash|Aegislash, M|41/100
|move|p2a: Haxorus|Poison Jab|p1a: Aegislash
|-immune|p1a: Aegislash
|
|-heal|p1a: Aegislash|47/100|[from] item: Leftovers
|upkeep
|turn|19
|
|switch|p2a: Toxtricity|Toxtricity-Low-Key, M|88/100
|-damage|p2a: Toxtricity|76/100|[from] Stealth Rock
|-formechange|p1a: Aegislash|Aegislash-Blade||[from] ability: Stance Change
|move|p1a: Aegislash|Flash Cannon|p2a: Toxtricity
|-resisted|p2a: Toxtricity
|-crit|p2a: Toxtricity
|-damage|p2a: Toxtricity|14/100
|-unboost|p2a: Toxtricity|spd|1
|
|-heal|p1a: Aegislash|53/100|[from] item: Leftovers
|upkeep
|turn|20
|
|-formechange|p1a: Aegislash|Aegislash||[from] ability: Stance Change
|move|p1a: Aegislash|King's Shield|p1a: Aegislash
|-singleturn|p1a: Aegislash|Protect
|move|p2a: Toxtricity|Overdrive|p1a: Aegislash
|-activate|p1a: Aegislash|move: Protect
|
|-heal|p1a: Aegislash|59/100|[from] item: Leftovers
|upkeep
|turn|21
|
|switch|p2a: Haxorus|Haxorus, M, shiny|88/100
|-damage|p2a: Haxorus|76/100|[from] Stealth Rock
|-ability|p2a: Haxorus|Mold Breaker
|switch|p1a: Seismitoad|Seismitoad, M|28/100
|
|-heal|p1a: Seismitoad|34/100|[from] item: Leftovers
|upkeep
|turn|22
|
|switch|p1a: Mandibuzz|Mandibuzz, F|42/100
|move|p2a: Haxorus|Earthquake|p1a: Mandibuzz
|-immune|p1a: Mandibuzz
|
|upkeep
|turn|23
|-message|Deputy Dawg forfeited.
|
|win|I do gen 8
|l|☆Deputy Dawg
