|ScrapeTime|2020-01-01-17:46:26
|j|☆Sebas4906
|j|☆Risk Assessment
|player|p1|Sebas4906|waiter-gen4|1497
|player|p2|Risk Assessment|archer|1481
|teamsize|p1|6
|teamsize|p2|6
|gametype|singles
|gen|8
|tier|[Gen 8] OU
|rated|
|rule|Sleep Clause Mod: Limit one foe put to sleep
|rule|Species Clause: Limit one of each Pokémon
|rule|OHKO Clause: OHKO moves are banned
|rule|Evasion Moves Clause: Evasion moves are banned
|rule|Endless Battle Clause: Forcing endless battles is banned
|rule|HP Percentage Mod: HP is shown in percentages
|clearpoke
|poke|p1|Ribombee, F|
|poke|p1|Cinderace, M|
|poke|p1|Bisharp, M|
|poke|p1|Dragapult, F|
|poke|p1|Falinks|
|poke|p1|Malamar, M|
|poke|p2|Sylveon, M|
|poke|p2|Rotom-Wash|
|poke|p2|Dragapult, M|
|poke|p2|Aegislash, M|
|poke|p2|Cinderace, M|
|poke|p2|Seismitoad, M|
|rule|Dynamax Clause: You cannot dynamax
|teampreview
|
|start
|switch|p1a: Ribombee|Ribombee, F|100/100
|switch|p2a: Cinderace|Cinderace, M|100/100
|turn|1
|
|move|p1a: Ribombee|Sticky Web|p2a: Cinderace
|-sidestart|p2: Risk Assessment|move: Sticky Web
|move|p2a: Cinderace|U-turn|p1a: Ribombee
|-resisted|p1a: Ribombee
|-damage|p1a: Ribombee|78/100
|
|switch|p2a: Seismitoad|Seismitoad, M|100/100|[from]move: U-turn
|-activate|p2a: Seismitoad|move: Sticky Web
|-unboost|p2a: Seismitoad|spe|1
|
|upkeep
|turn|2
|
|move|p1a: Ribombee|Stun Spore|p2a: Seismitoad
|-status|p2a: Seismitoad|par
|move|p2a: Seismitoad|Stealth Rock|p1a: Ribombee
|-sidestart|p1: Sebas4906|move: Stealth Rock
|
|upkeep
|turn|3
|
|move|p1a: Ribombee|Moonblast|p2a: Seismitoad
|-damage|p2a: Seismitoad|58/100 par
|move|p2a: Seismitoad|Earth Power|p1a: Ribombee
|-resisted|p1a: Ribombee
|-damage|p1a: Ribombee|45/100
|
|-heal|p2a: Seismitoad|64/100 par|[from] item: Leftovers
|upkeep
|turn|4
|
|move|p1a: Ribombee|Moonblast|p2a: Seismitoad
|-damage|p2a: Seismitoad|20/100 par
|move|p2a: Seismitoad|Scald|p1a: Ribombee
|-damage|p1a: Ribombee|0 fnt
|faint|p1a: Ribombee
|
|-heal|p2a: Seismitoad|26/100 par|[from] item: Leftovers
|upkeep
|
|switch|p1a: Cinderace|Cinderace, M|100/100
|turn|5
|
|move|p1a: Cinderace|Court Change|p1a: Cinderace
|-sideend|p1: Sebas4906|Stealth Rock|[silent]
|-sidestart|p2: Risk Assessment|Stealth Rock|[silent]
|-sideend|p2: Risk Assessment|Sticky Web|[silent]
|-sidestart|p1: Sebas4906|Sticky Web|[silent]
|-activate|p1a: Cinderace|move: Court Change
|move|p2a: Seismitoad|Earth Power|p1a: Cinderace
|-supereffective|p1a: Cinderace
|-damage|p1a: Cinderace|0 fnt
|faint|p1a: Cinderace
|
|-heal|p2a: Seismitoad|32/100 par|[from] item: Leftovers
|upkeep
|
|switch|p1a: Falinks|Falinks|100/100
|-activate|p1a: Falinks|move: Sticky Web
|-unboost|p1a: Falinks|spe|1
|-ability|p1a: Falinks|Defiant
|-boost|p1a: Falinks|atk|2
|-enditem|p1a: Falinks|White Herb
|-clearnegativeboost|p1a: Falinks|[silent]
|turn|6
|
|move|p1a: Falinks|No Retreat|p1a: Falinks
|-boost|p1a: Falinks|atk|1
|-boost|p1a: Falinks|def|1
|-boost|p1a: Falinks|spa|1
|-boost|p1a: Falinks|spd|1
|-boost|p1a: Falinks|spe|1
|-start|p1a: Falinks|move: No Retreat
|move|p2a: Seismitoad|Stealth Rock|p1a: Falinks
|-sidestart|p1: Sebas4906|move: Stealth Rock
|
|-heal|p2a: Seismitoad|38/100 par|[from] item: Leftovers
|upkeep
|turn|7
|
|move|p1a: Falinks|Throat Chop|p2a: Seismitoad
|-crit|p2a: Seismitoad
|-damage|p2a: Seismitoad|0 fnt
|faint|p2a: Seismitoad
|
|upkeep
|
|switch|p2a: Sylveon|Sylveon, M|100/100
|-damage|p2a: Sylveon|88/100|[from] Stealth Rock
|turn|8
|
|move|p1a: Falinks|Poison Jab|p2a: Sylveon
|-supereffective|p2a: Sylveon
|-damage|p2a: Sylveon|0 fnt
|faint|p2a: Sylveon
|
|upkeep
|l|☆Risk Assessment
|player|p2|
|inactive|Battle timer is ON: inactive players will automatically lose when time's up. (requested by Sebas4906)
|inactive|Risk Assessment has 30 seconds to reconnect!
|inactive|Risk Assessment has 20 seconds to reconnect!
|inactive|Risk Assessment has 15 seconds to reconnect!
|j|☆Risk Assessment
|inactive|Risk Assessment reconnected and has 105 seconds left.
|player|p2|Risk Assessment|archer
|
|switch|p2a: Rotom|Rotom-Wash|100/100
|-damage|p2a: Rotom|88/100|[from] Stealth Rock
|turn|9
|
|move|p1a: Falinks|Close Combat|p2a: Rotom
|-damage|p2a: Rotom|0 fnt
|-unboost|p1a: Falinks|def|1
|-unboost|p1a: Falinks|spd|1
|faint|p2a: Rotom
|
|upkeep
|
|switch|p2a: Aegislash|Aegislash, M|100/100
|-damage|p2a: Aegislash|94/100|[from] Stealth Rock
|turn|10
|
|move|p2a: Aegislash|King's Shield|p2a: Aegislash
|-singleturn|p2a: Aegislash|Protect
|move|p1a: Falinks|Throat Chop|p2a: Aegislash
|-activate|p2a: Aegislash|move: Protect
|-unboost|p1a: Falinks|atk|1
|-ability|p1a: Falinks|Defiant
|-boost|p1a: Falinks|atk|2
|
|-heal|p2a: Aegislash|100/100|[from] item: Leftovers
|upkeep
|turn|11
|-message|Risk Assessment forfeited.
|
|win|Sebas4906
|l|☆Risk Assessment
|raw|Sebas4906's rating: 1497 → 1517(+20 for winning)
|raw|Risk Assessment's rating: 1481 → 1462(-19 for losing)
|j| ZSel
