|ScrapeTime|2020-01-02-23:18:57
|j|☆Tyranitar Forever
|j|☆kjgkgiukgkug
|player|p1|Tyranitar Forever|silver|1064
|player|p2|kjgkgiukgkug|silver|1000
|teamsize|p1|6
|teamsize|p2|6
|gametype|singles
|gen|8
|tier|[Gen 8] OU
|rated|
|rule|Sleep Clause Mod: Limit one foe put to sleep
|rule|Species Clause: Limit one of each Pokémon
|rule|OHKO Clause: OHKO moves are banned
|rule|Evasion Moves Clause: Evasion moves are banned
|rule|Endless Battle Clause: Forcing endless battles is banned
|rule|HP Percentage Mod: HP is shown in percentages
|clearpoke
|poke|p1|Dracovish|
|poke|p1|Dragapult, F|
|poke|p1|Hydreigon, F|
|poke|p1|Cinderace, F|
|poke|p1|Toxtricity, M|
|poke|p1|Bisharp, F|
|poke|p2|Aegislash, M|
|poke|p2|Tyranitar, M|
|poke|p2|Togekiss, F|
|poke|p2|Ferrothorn, M|
|poke|p2|Hydreigon, M|
|poke|p2|Rotom-Wash|
|rule|Dynamax Clause: You cannot dynamax
|teampreview
|
|start
|switch|p1a: Cinderace|Cinderace, F|100/100
|switch|p2a: Gojira|Tyranitar, M|100/100
|-weather|Sandstorm|[from] ability: Sand Stream|[of] p2a: Gojira
|turn|1
|c|☆Tyranitar Forever|Hey
|
|move|p1a: Cinderace|High Jump Kick|p2a: Gojira
|-supereffective|p2a: Gojira
|-damage|p2a: Gojira|0 fnt
|faint|p2a: Gojira
|
|-weather|Sandstorm|[upkeep]
|-damage|p1a: Cinderace|95/100|[from] Sandstorm
|upkeep
|c|☆Tyranitar Forever|BITCH
|
|switch|p2a: Calgon|Rotom-Wash, shiny|100/100
|turn|2
|
|move|p2a: Calgon|Hydro Pump|p1a: Cinderace
|-supereffective|p1a: Cinderace
|-damage|p1a: Cinderace|0 fnt
|faint|p1a: Cinderace
|
|-weather|Sandstorm|[upkeep]
|-damage|p2a: Calgon|94/100|[from] Sandstorm
|upkeep
|c|☆Tyranitar Forever|U Gay
|
|switch|p1a: Dragapult|Dragapult, F|100/100
|turn|3
|c|☆kjgkgiukgkug|my ttair
|
|switch|p2a: Dragon slayer|Togekiss, F|100/100
|move|p1a: Dragapult|Draco Meteor|p2a: Dragon slayer
|-immune|p2a: Dragon slayer
|
|-weather|Sandstorm|[upkeep]
|-damage|p1a: Dragapult|94/100|[from] Sandstorm
|-damage|p2a: Dragon slayer|94/100|[from] Sandstorm
|-heal|p2a: Dragon slayer|100/100|[from] item: Leftovers
|upkeep
|turn|4
|c|☆Tyranitar Forever|...
|
|switch|p1a: Bisharp|Bisharp, F|100/100
|move|p2a: Dragon slayer|Dazzling Gleam|p1a: Bisharp
|-damage|p1a: Bisharp|39/100
|
|-weather|Sandstorm|[upkeep]
|-damage|p2a: Dragon slayer|94/100|[from] Sandstorm
|-heal|p2a: Dragon slayer|100/100|[from] item: Leftovers
|upkeep
|turn|5
|c|☆Tyranitar Forever|My Ass
|c|☆Tyranitar Forever|gg
|c|☆Tyranitar Forever|lmao
|
|move|p2a: Dragon slayer|Flamethrower|p1a: Bisharp
|-supereffective|p1a: Bisharp
|-damage|p1a: Bisharp|0 fnt
|faint|p1a: Bisharp
|
|-weather|none
|upkeep
|c|☆Tyranitar Forever|You Suck-
|
|switch|p1a: Toxtricity|Toxtricity, M|100/100
|turn|6
|c|☆kjgkgiukgkug|big mistake picking two dragons
|
|switch|p2a: Ghidorah|Hydreigon, M, shiny|100/100
|move|p1a: Toxtricity|Sludge Wave|p2a: Ghidorah
|-damage|p2a: Ghidorah|23/100
|
|-heal|p2a: Ghidorah|29/100|[from] item: Leftovers
|upkeep
|turn|7
|c|☆Tyranitar Forever|But Toxtricity I- Buck Bees
|c|☆Tyranitar Forever|Fuck Bees
|
|move|p2a: Ghidorah|Substitute|p2a: Ghidorah
|-start|p2a: Ghidorah|Substitute
|-damage|p2a: Ghidorah|4/100
|move|p1a: Toxtricity|Sludge Wave|p2a: Ghidorah
|-end|p2a: Ghidorah|Substitute
|
|-heal|p2a: Ghidorah|10/100|[from] item: Leftovers
|upkeep
|turn|8
|c|☆Tyranitar Forever|You Mistake
|c|☆Tyranitar Forever|U Gay
|
|move|p2a: Ghidorah|Dark Pulse|p1a: Toxtricity
|-damage|p1a: Toxtricity|49/100
|move|p1a: Toxtricity|Sludge Wave|p2a: Ghidorah
|-damage|p2a: Ghidorah|0 fnt
|faint|p2a: Ghidorah
|
|upkeep
|c|☆Tyranitar Forever|Gay
|c|☆Tyranitar Forever|GAE
|
|switch|p2a: Arthur|Aegislash, M, shiny|100/100
|turn|9
|c|☆Tyranitar Forever|ASIUEFIGNEIGRUHBSD OUYBDFUHDFIOBGEFIGEDYI
|c|☆Tyranitar Forever|Tu Abuela
|
|switch|p1a: Dracovish|Dracovish|100/100
|-formechange|p2a: Arthur|Aegislash-Blade||[from] ability: Stance Change
|move|p2a: Arthur|Shadow Ball|p1a: Dracovish
|-damage|p1a: Dracovish|35/100
|
|upkeep
|turn|10
|c|☆kjgkgiukgkug|u have killed urself
|
|-formechange|p2a: Arthur|Aegislash||[from] ability: Stance Change
|move|p2a: Arthur|King's Shield|p2a: Arthur
|-singleturn|p2a: Arthur|Protect
|move|p1a: Dracovish|Fishious Rend|p2a: Arthur
|-activate|p2a: Arthur|move: Protect
|-unboost|p1a: Dracovish|atk|1
|
|upkeep
|turn|11
|c|☆Tyranitar Forever|Tu MAMA
|
|move|p1a: Dracovish|Fishious Rend|p2a: Arthur
|-damage|p2a: Arthur|5/100
|-formechange|p2a: Arthur|Aegislash-Blade||[from] ability: Stance Change
|move|p2a: Arthur|Shadow Ball|p1a: Dracovish
|-damage|p1a: Dracovish|0 fnt
|faint|p1a: Dracovish
|
|-heal|p2a: Arthur|11/100|[from] item: Leftovers
|upkeep
|c|☆Tyranitar Forever|Hey Bitch
|
|switch|p1a: Dragapult|Dragapult, F|94/100
|turn|12
|n|!kjgkgiukgkug|kjgkgiukgkug
|
|switch|p2a: Dragon slayer|Togekiss, F|100/100
|move|p1a: Dragapult|Shadow Ball|p2a: Dragon slayer
|-damage|p2a: Dragon slayer|56/100
|-unboost|p2a: Dragon slayer|spd|1
|
|-heal|p2a: Dragon slayer|62/100|[from] item: Leftovers
|upkeep
|turn|13
|c|☆Tyranitar Forever|FFFFFFFFFFFFFFFFFFFFFFFFFFFFFFFFFFFFFFFFFF
|c|☆Tyranitar Forever|Stupid
|c|☆Tyranitar Forever|Bitch
|
|switch|p1a: Toxtricity|Toxtricity, M|49/100
|move|p2a: Dragon slayer|Dazzling Gleam|p1a: Toxtricity
|-resisted|p1a: Toxtricity
|-damage|p1a: Toxtricity|23/100
|
|-heal|p2a: Dragon slayer|68/100|[from] item: Leftovers
|upkeep
|turn|14
|c|☆Tyranitar Forever|KUP TERAZ!
|
|move|p2a: Dragon slayer|Air Slash|p1a: Toxtricity
|-resisted|p1a: Toxtricity
|-damage|p1a: Toxtricity|0 fnt
|faint|p1a: Toxtricity
|
|-heal|p2a: Dragon slayer|74/100|[from] item: Leftovers
|upkeep
|
|switch|p1a: Hydreigon|Hydreigon, F|100/100
|turn|15
|
|move|p1a: Hydreigon|Flash Cannon|p2a: Dragon slayer
|-supereffective|p2a: Dragon slayer
|-damage|p2a: Dragon slayer|0 fnt
|faint|p2a: Dragon slayer
|
|upkeep
|
|switch|p2a: spiky|Ferrothorn, M, shiny|100/100
|turn|16
|c|☆Tyranitar Forever|Ja, Gaaaaay
|
|move|p1a: Hydreigon|Nasty Plot|p1a: Hydreigon
|-boost|p1a: Hydreigon|spa|2
|move|p2a: spiky|Knock Off|p1a: Hydreigon
|-resisted|p1a: Hydreigon
|-damage|p1a: Hydreigon|88/100
|-enditem|p1a: Hydreigon|Leftovers|[from] move: Knock Off|[of] p2a: spiky
|
|upkeep
|turn|17
|
|move|p1a: Hydreigon|Substitute|p1a: Hydreigon
|-start|p1a: Hydreigon|Substitute
|-damage|p1a: Hydreigon|64/100
|move|p2a: spiky|Gyro Ball|p1a: Hydreigon
|-end|p1a: Hydreigon|Substitute
|
|upkeep
|turn|18
|c|☆Tyranitar Forever|MY LEFTOVEEEEEEEEEEEEEERS
|
|move|p1a: Hydreigon|Dark Pulse|p2a: spiky
|-damage|p2a: spiky|29/100
|cant|p2a: spiky|flinch
|
|-heal|p2a: spiky|36/100|[from] item: Leftovers
|upkeep
|turn|19
|
|switch|p2a: Calgon|Rotom-Wash, shiny|94/100
|move|p1a: Hydreigon|Dark Pulse|p2a: Calgon
|-damage|p2a: Calgon|0 fnt
|faint|p2a: Calgon
|
|upkeep
|c|☆Tyranitar Forever|IM FIREEEEED!
|
|switch|p2a: Arthur|Aegislash, M, shiny|11/100
|turn|20
|c|☆Tyranitar Forever|NOOOOOOB!
|
|move|p2a: Arthur|King's Shield|p2a: Arthur
|-singleturn|p2a: Arthur|Protect
|move|p1a: Hydreigon|Dark Pulse|p2a: Arthur
|-activate|p2a: Arthur|move: Protect
|
|-heal|p2a: Arthur|17/100|[from] item: Leftovers
|upkeep
|turn|21
|c|☆Tyranitar Forever|FUUUUUUUUUUUUUUUUUUUUUUUUUUUUUUUUUUUUUUU
|c|☆Tyranitar Forever|GAY
|
|move|p2a: Arthur|King's Shield||[still]
|-fail|p2a: Arthur
|move|p1a: Hydreigon|Dark Pulse|p2a: Arthur
|-supereffective|p2a: Arthur
|-damage|p2a: Arthur|0 fnt
|faint|p2a: Arthur
|
|upkeep
|c|☆Tyranitar Forever|BITCH
|
|switch|p2a: spiky|Ferrothorn, M, shiny|36/100
|turn|22
|c|☆Tyranitar Forever|FINISH HIM!
|
|move|p1a: Hydreigon|Dark Pulse|p2a: spiky
|-damage|p2a: spiky|0 fnt
|faint|p2a: spiky
|
|win|Tyranitar Forever
|c|☆Tyranitar Forever|FATALITY!
|c|☆Tyranitar Forever|Bitch
|l|!kjgkgiukgkug
|c|☆Tyranitar Forever|I Won
|c|☆Tyranitar Forever|You Suck
|n|!Tyranitar Forever|tyranitarforever
