|ScrapeTime|2020-01-02-14:54:29
|j|☆Didn't have
|j|☆PompHD
|player|p1|Didn't have|102|1101
|player|p2|PompHD|red-gen1main|1144
|teamsize|p1|6
|teamsize|p2|6
|gametype|singles
|gen|8
|tier|[Gen 8] OU
|rated|
|rule|Sleep Clause Mod: Limit one foe put to sleep
|rule|Species Clause: Limit one of each Pokémon
|rule|OHKO Clause: OHKO moves are banned
|rule|Evasion Moves Clause: Evasion moves are banned
|rule|Endless Battle Clause: Forcing endless battles is banned
|rule|HP Percentage Mod: HP is shown in percentages
|clearpoke
|poke|p1|Vileplume, M|
|poke|p1|Mr. Rime, F|
|poke|p1|Charizard, F|
|poke|p1|Torkoal, M|
|poke|p1|Leafeon, F|
|poke|p1|Haxorus, F|
|poke|p2|Kommo-o, F|
|poke|p2|Dragapult, M|
|poke|p2|Excadrill, F|
|poke|p2|Eiscue, M|
|poke|p2|Galvantula, F|
|poke|p2|Hydreigon, M|
|rule|Dynamax Clause: You cannot dynamax
|teampreview
|inactive|Battle timer is ON: inactive players will automatically lose when time's up. (requested by PompHD)
|
|start
|switch|p1a: Torkoal|Torkoal, M|100/100
|switch|p2a: Galvantula|Galvantula, F|100/100
|-weather|SunnyDay|[from] ability: Drought|[of] p1a: Torkoal
|turn|1
|
|move|p2a: Galvantula|Sticky Web|p1a: Torkoal
|-sidestart|p1: Didn't have|move: Sticky Web
|move|p1a: Torkoal|Lava Plume|p2a: Galvantula
|-supereffective|p2a: Galvantula
|-enditem|p2a: Galvantula|Focus Sash
|-damage|p2a: Galvantula|1/100
|
|-weather|SunnyDay|[upkeep]
|upkeep
|turn|2
|
|move|p2a: Galvantula|Thunder|p1a: Torkoal
|-damage|p1a: Torkoal|36/100
|move|p1a: Torkoal|Rapid Spin|p2a: Galvantula
|-damage|p2a: Galvantula|0 fnt
|-sideend|p1: Didn't have|Sticky Web|[from] move: Rapid Spin|[of] p1a: Torkoal
|-boost|p1a: Torkoal|spe|1
|faint|p2a: Galvantula
|
|-weather|SunnyDay|[upkeep]
|upkeep
|
|switch|p2a: Excadrill|Excadrill, F|100/100
|turn|3
|
|switch|p1a: Charizard|Charizard, F|100/100
|move|p2a: Excadrill|Earthquake|p1a: Charizard
|-immune|p1a: Charizard
|
|-weather|SunnyDay|[upkeep]
|-damage|p1a: Charizard|88/100|[from] ability: Solar Power|[of] p1a: Charizard
|upkeep
|turn|4
|
|switch|p2a: Dragapult|Dragapult, M|100/100
|move|p1a: Charizard|Flamethrower|p2a: Dragapult
|-resisted|p2a: Dragapult
|-damage|p2a: Dragapult|32/100
|
|-weather|SunnyDay|[upkeep]
|-damage|p1a: Charizard|76/100|[from] ability: Solar Power|[of] p1a: Charizard
|upkeep
|turn|5
|
|move|p2a: Dragapult|Hydro Pump|p1a: Charizard
|-supereffective|p1a: Charizard
|-crit|p1a: Charizard
|-damage|p1a: Charizard|0 fnt
|-damage|p2a: Dragapult|23/100|[from] item: Life Orb
|faint|p1a: Charizard
|
|-weather|SunnyDay|[upkeep]
|upkeep
|
|switch|p1a: Haxorus|Haxorus, F|100/100
|-ability|p1a: Haxorus|Mold Breaker
|turn|6
|
|move|p1a: Haxorus|First Impression|p2a: Dragapult
|-resisted|p2a: Dragapult
|-damage|p2a: Dragapult|0 fnt
|faint|p2a: Dragapult
|
|-weather|SunnyDay|[upkeep]
|upkeep
|
|switch|p2a: Hydreigon|Hydreigon, M|100/100
|turn|7
|
|switch|p1a: Mr. Rime|Mr. Rime, F|100/100
|move|p2a: Hydreigon|Draco Meteor|p1a: Mr. Rime
|-damage|p1a: Mr. Rime|8/100
|-unboost|p2a: Hydreigon|spa|2
|-damage|p2a: Hydreigon|91/100|[from] item: Life Orb
|
|-weather|SunnyDay|[upkeep]
|upkeep
|turn|8
|
|move|p1a: Mr. Rime|Dazzling Gleam|p2a: Hydreigon
|-supereffective|p2a: Hydreigon
|-damage|p2a: Hydreigon|0 fnt
|faint|p2a: Hydreigon
|
|-weather|none
|upkeep
|
|switch|p2a: Excadrill|Excadrill, F|100/100
|turn|9
|
|switch|p1a: Torkoal|Torkoal, M|36/100
|-weather|SunnyDay|[from] ability: Drought|[of] p1a: Torkoal
|move|p2a: Excadrill|Swords Dance|p2a: Excadrill
|-boost|p2a: Excadrill|atk|2
|
|-weather|SunnyDay|[upkeep]
|upkeep
|turn|10
|
|move|p2a: Excadrill|Earthquake|p1a: Torkoal
|-supereffective|p1a: Torkoal
|-damage|p1a: Torkoal|0 fnt
|faint|p1a: Torkoal
|
|-weather|SunnyDay|[upkeep]
|upkeep
|
|switch|p1a: Vileplume|Vileplume, M|100/100
|turn|11
|
|move|p1a: Vileplume|Solar Beam||[still]
|-prepare|p1a: Vileplume|Solar Beam|p2a: Excadrill
|-anim|p1a: Vileplume|Solar Beam|p2a: Excadrill
|-damage|p2a: Excadrill|16/100
|-enditem|p2a: Excadrill|Sitrus Berry|[eat]
|-heal|p2a: Excadrill|41/100|[from] item: Sitrus Berry
|move|p2a: Excadrill|Earthquake|p1a: Vileplume
|-crit|p1a: Vileplume
|-damage|p1a: Vileplume|0 fnt
|faint|p1a: Vileplume
|
|-weather|SunnyDay|[upkeep]
|upkeep
|
|switch|p1a: Leafeon|Leafeon, F|100/100
|turn|12
|
|move|p1a: Leafeon|Solar Blade||[still]
|-prepare|p1a: Leafeon|Solar Blade|p2a: Excadrill
|-anim|p1a: Leafeon|Solar Blade|p2a: Excadrill
|-damage|p2a: Excadrill|0 fnt
|faint|p2a: Excadrill
|
|-weather|SunnyDay|[upkeep]
|upkeep
|
|switch|p2a: Eiscue|Eiscue, M|100/100
|turn|13
|
|move|p1a: Leafeon|Double-Edge|p2a: Eiscue
|-activate|p2a: Eiscue|ability: Ice Face
|-damage|p2a: Eiscue|100/100
|detailschange|p2a: Eiscue|Eiscue-Noice, M
|move|p2a: Eiscue|Belly Drum|p2a: Eiscue
|-damage|p2a: Eiscue|50/100
|-setboost|p2a: Eiscue|atk|6|[from] move: Belly Drum
|
|-weather|SunnyDay|[upkeep]
|upkeep
|turn|14
|
|move|p1a: Leafeon|Solar Blade||[still]
|-prepare|p1a: Leafeon|Solar Blade|p2a: Eiscue
|-anim|p1a: Leafeon|Solar Blade|p2a: Eiscue
|-damage|p2a: Eiscue|0 fnt
|faint|p2a: Eiscue
|
|-weather|SunnyDay|[upkeep]
|upkeep
|
|switch|p2a: Kommo-o|Kommo-o, F|100/100
|turn|15
|
|move|p1a: Leafeon|Double-Edge|p2a: Kommo-o
|-damage|p2a: Kommo-o|60/100
|-damage|p1a: Leafeon|89/100|[from] Recoil
|move|p2a: Kommo-o|Belly Drum|p2a: Kommo-o
|-damage|p2a: Kommo-o|10/100
|-setboost|p2a: Kommo-o|atk|6|[from] move: Belly Drum
|-enditem|p2a: Kommo-o|Sitrus Berry|[eat]
|-heal|p2a: Kommo-o|35/100|[from] item: Sitrus Berry
|
|-weather|SunnyDay|[upkeep]
|-heal|p1a: Leafeon|95/100|[from] item: Leftovers
|upkeep
|turn|16
|
|move|p1a: Leafeon|Double-Edge|p2a: Kommo-o
|-damage|p2a: Kommo-o|0 fnt
|-damage|p1a: Leafeon|85/100|[from] Recoil
|faint|p2a: Kommo-o
|
|win|Didn't have
|l|☆PompHD
|raw|Didn't have's rating: 1101 → 1129(+28 for winning)
|raw|PompHD's rating: 1145 → 1117(-28 for losing)
