|ScrapeTime|2020-01-01-20:14:50
|j|☆Savouras
|j|☆Galarian Erwinツ
|player|p1|Savouras|lusamine-nihilego|1705
|player|p2|Galarian Erwinツ|tate|1657
|teamsize|p1|6
|teamsize|p2|6
|gametype|singles
|gen|8
|tier|[Gen 8] OU
|rated|
|rule|Sleep Clause Mod: Limit one foe put to sleep
|rule|Species Clause: Limit one of each Pokémon
|rule|OHKO Clause: OHKO moves are banned
|rule|Evasion Moves Clause: Evasion moves are banned
|rule|Endless Battle Clause: Forcing endless battles is banned
|rule|HP Percentage Mod: HP is shown in percentages
|clearpoke
|poke|p1|Dragapult, F|
|poke|p1|Mew|
|poke|p1|Kommo-o, F|
|poke|p1|Rotom-Heat|
|poke|p1|Grimmsnarl, M|
|poke|p1|Corviknight, M|
|poke|p2|Snorlax, F|
|poke|p2|Clefable, F|
|poke|p2|Toxapex, M|
|poke|p2|Dracozolt|
|poke|p2|Dugtrio, F|
|poke|p2|Corviknight, M|
|rule|Dynamax Clause: You cannot dynamax
|teampreview
|inactive|Battle timer is ON: inactive players will automatically lose when time's up. (requested by Savouras)
|
|start
|switch|p1a: Mew|Mew|100/100
|switch|p2a: 22|Dracozolt|100/100
|turn|1
|
|switch|p2a: Gorgeous|Clefable, F|100/100
|move|p1a: Mew|Stealth Rock|p2a: Gorgeous
|-sidestart|p2: Galarian Erwinツ|move: Stealth Rock
|
|upkeep
|turn|2
|
|move|p1a: Mew|Spikes|p2a: Gorgeous
|-sidestart|p2: Galarian Erwinツ|Spikes
|move|p2a: Gorgeous|Stealth Rock|p1a: Mew
|-sidestart|p1: Savouras|move: Stealth Rock
|
|upkeep
|turn|3
|
|move|p1a: Mew|Spikes|p2a: Gorgeous
|-sidestart|p2: Galarian Erwinツ|Spikes
|move|p2a: Gorgeous|Moonblast|p1a: Mew
|-damage|p1a: Mew|75/100
|-unboost|p1a: Mew|spa|1
|-enditem|p1a: Mew|Red Card|[of] p2a: Gorgeous
|drag|p2a: Bad Blood|Toxapex, M, shiny|100/100
|-damage|p2a: Bad Blood|88/100|[from] Stealth Rock
|-damage|p2a: Bad Blood|72/100|[from] Spikes
|
|upkeep
|turn|4
|
|switch|p2a: Wildest Dreams|Corviknight, M|100/100
|-damage|p2a: Wildest Dreams|88/100|[from] Stealth Rock
|-ability|p2a: Wildest Dreams|Pressure
|move|p1a: Mew|U-turn|p2a: Wildest Dreams
|-resisted|p2a: Wildest Dreams
|-damage|p2a: Wildest Dreams|85/100
|
|switch|p1a: Rotom|Rotom-Heat|100/100|[from]move: U-turn
|-damage|p1a: Rotom|76/100|[from] Stealth Rock
|
|-heal|p1a: Rotom|82/100|[from] item: Leftovers
|-heal|p2a: Wildest Dreams|91/100|[from] item: Leftovers
|upkeep
|turn|5
|
|switch|p2a: Blank Space|Snorlax, F, shiny|100/100
|-damage|p2a: Blank Space|88/100|[from] Stealth Rock
|-damage|p2a: Blank Space|71/100|[from] Spikes
|move|p1a: Rotom|Thunderbolt|p2a: Blank Space
|-crit|p2a: Blank Space
|-damage|p2a: Blank Space|38/100
|
|-heal|p1a: Rotom|88/100|[from] item: Leftovers
|-heal|p2a: Blank Space|44/100|[from] item: Leftovers
|upkeep
|turn|6
|
|switch|p1a: Mew|Mew|75/100
|-damage|p1a: Mew|62/100|[from] Stealth Rock
|move|p2a: Blank Space|Body Slam|p1a: Mew
|-damage|p1a: Mew|32/100
|
|-heal|p2a: Blank Space|50/100|[from] item: Leftovers
|upkeep
|turn|7
|
|move|p1a: Mew|U-turn|p2a: Blank Space
|-damage|p2a: Blank Space|35/100
|
|switch|p1a: Corviknight|Corviknight, M|100/100|[from]move: U-turn
|-damage|p1a: Corviknight|88/100|[from] Stealth Rock
|move|p2a: Blank Space|Darkest Lariat|p1a: Corviknight
|-damage|p1a: Corviknight|70/100
|
|-heal|p1a: Corviknight|76/100|[from] item: Leftovers
|-heal|p2a: Blank Space|41/100|[from] item: Leftovers
|upkeep
|turn|8
|
|move|p1a: Corviknight|Brave Bird|p2a: Blank Space
|-damage|p2a: Blank Space|9/100
|-damage|p1a: Corviknight|62/100|[from] Recoil
|move|p2a: Blank Space|Rest|p2a: Blank Space
|-status|p2a: Blank Space|slp|[from] move: Rest
|-heal|p2a: Blank Space|100/100 slp|[silent]
|
|-heal|p1a: Corviknight|68/100|[from] item: Leftovers
|upkeep
|turn|9
|
|switch|p2a: Wildest Dreams|Corviknight, M|91/100
|-damage|p2a: Wildest Dreams|78/100|[from] Stealth Rock
|-ability|p2a: Wildest Dreams|Pressure
|move|p1a: Corviknight|Substitute|p1a: Corviknight
|-start|p1a: Corviknight|Substitute
|-damage|p1a: Corviknight|43/100
|
|-heal|p1a: Corviknight|50/100|[from] item: Leftovers
|-heal|p2a: Wildest Dreams|84/100|[from] item: Leftovers
|upkeep
|turn|10
|
|move|p1a: Corviknight|Bulk Up|p1a: Corviknight
|-boost|p1a: Corviknight|atk|1
|-boost|p1a: Corviknight|def|1
|move|p2a: Wildest Dreams|Taunt|p1a: Corviknight
|-start|p1a: Corviknight|move: Taunt
|
|-heal|p1a: Corviknight|56/100|[from] item: Leftovers
|-heal|p2a: Wildest Dreams|90/100|[from] item: Leftovers
|upkeep
|turn|11
|
|move|p1a: Corviknight|Brave Bird|p2a: Wildest Dreams
|-resisted|p2a: Wildest Dreams
|-damage|p2a: Wildest Dreams|69/100
|-damage|p1a: Corviknight|49/100|[from] Recoil
|move|p2a: Wildest Dreams|Defog|p1a: Corviknight
|-sideend|p1: Savouras|Stealth Rock|[from] move: Defog|[of] p2a: Wildest Dreams
|-sideend|p2: Galarian Erwinツ|Spikes|[from] move: Defog|[of] p2a: Wildest Dreams
|-sideend|p2: Galarian Erwinツ|Stealth Rock|[from] move: Defog|[of] p2a: Wildest Dreams
|
|-heal|p1a: Corviknight|55/100|[from] item: Leftovers
|-heal|p2a: Wildest Dreams|75/100|[from] item: Leftovers
|upkeep
|turn|12
|
|move|p1a: Corviknight|Brave Bird|p2a: Wildest Dreams
|-resisted|p2a: Wildest Dreams
|-damage|p2a: Wildest Dreams|52/100
|-damage|p1a: Corviknight|47/100|[from] Recoil
|move|p2a: Wildest Dreams|Body Press|p1a: Corviknight
|-activate|p1a: Corviknight|move: Substitute|[damage]
|
|-heal|p1a: Corviknight|54/100|[from] item: Leftovers
|-heal|p2a: Wildest Dreams|58/100|[from] item: Leftovers
|upkeep
|turn|13
|
|move|p1a: Corviknight|Brave Bird|p2a: Wildest Dreams
|-resisted|p2a: Wildest Dreams
|-damage|p2a: Wildest Dreams|34/100
|-damage|p1a: Corviknight|46/100|[from] Recoil
|move|p2a: Wildest Dreams|Roost|p2a: Wildest Dreams
|-heal|p2a: Wildest Dreams|84/100
|-singleturn|p2a: Wildest Dreams|move: Roost
|
|-heal|p1a: Corviknight|52/100|[from] item: Leftovers
|-heal|p2a: Wildest Dreams|90/100|[from] item: Leftovers
|-end|p1a: Corviknight|move: Taunt
|upkeep
|turn|14
|
|move|p1a: Corviknight|Roost|p1a: Corviknight
|-heal|p1a: Corviknight|100/100
|-singleturn|p1a: Corviknight|move: Roost
|move|p2a: Wildest Dreams|Taunt|p1a: Corviknight
|-start|p1a: Corviknight|move: Taunt
|
|-heal|p2a: Wildest Dreams|96/100|[from] item: Leftovers
|upkeep
|turn|15
|
|switch|p2a: Bad Blood|Toxapex, M, shiny|100/100
|move|p1a: Corviknight|Brave Bird|p2a: Bad Blood
|-damage|p2a: Bad Blood|67/100
|-damage|p1a: Corviknight|84/100|[from] item: Rocky Helmet|[of] p2a: Bad Blood
|-damage|p1a: Corviknight|75/100|[from] Recoil
|
|-heal|p1a: Corviknight|82/100|[from] item: Leftovers
|upkeep
|turn|16
|
|move|p1a: Corviknight|Brave Bird|p2a: Bad Blood
|-damage|p2a: Bad Blood|32/100
|-damage|p1a: Corviknight|65/100|[from] item: Rocky Helmet|[of] p2a: Bad Blood
|-damage|p1a: Corviknight|57/100|[from] Recoil
|move|p2a: Bad Blood|Haze|p2a: Bad Blood
|-clearallboost
|
|-heal|p1a: Corviknight|63/100|[from] item: Leftovers
|upkeep
|turn|17
|
|switch|p1a: Rotom|Rotom-Heat|88/100
|switch|p2a: Wildest Dreams|Corviknight, M|96/100
|-ability|p2a: Wildest Dreams|Pressure
|
|-heal|p1a: Rotom|94/100|[from] item: Leftovers
|-heal|p2a: Wildest Dreams|100/100|[from] item: Leftovers
|upkeep
|turn|18
|
|switch|p2a: 22|Dracozolt|100/100
|move|p1a: Rotom|Will-O-Wisp|p2a: 22
|-status|p2a: 22|brn
|
|-heal|p1a: Rotom|100/100|[from] item: Leftovers
|-damage|p2a: 22|94/100 brn|[from] brn
|upkeep
|turn|19
|
|switch|p1a: Grimmsnarl|Grimmsnarl, M|100/100
|move|p2a: 22|Dragon Claw|p1a: Grimmsnarl
|-immune|p1a: Grimmsnarl
|
|-heal|p2a: 22|100/100 brn|[from] item: Leftovers
|-damage|p2a: 22|94/100 brn|[from] brn
|upkeep
|turn|20
|
|switch|p2a: Wildest Dreams|Corviknight, M|100/100
|-ability|p2a: Wildest Dreams|Pressure
|move|p1a: Grimmsnarl|Light Screen|p1a: Grimmsnarl
|-sidestart|p1: Savouras|move: Light Screen
|
|upkeep
|turn|21
|
|move|p1a: Grimmsnarl|Reflect|p1a: Grimmsnarl
|-sidestart|p1: Savouras|Reflect
|move|p2a: Wildest Dreams|Defog|p1a: Grimmsnarl
|-unboost|p1a: Grimmsnarl|evasion|1
|-sideend|p1: Savouras|Reflect
|-sideend|p1: Savouras|move: Light Screen
|
|upkeep
|turn|22
|
|move|p1a: Grimmsnarl|Taunt|p2a: Wildest Dreams
|-start|p2a: Wildest Dreams|move: Taunt
|move|p2a: Wildest Dreams|Body Press|p1a: Grimmsnarl
|-damage|p1a: Grimmsnarl|75/100
|
|upkeep
|turn|23
|
|switch|p2a: Bad Blood|Toxapex, M, shiny|65/100
|switch|p1a: Dragapult|Dragapult, F|100/100
|
|upkeep
|turn|24
|
|switch|p2a: Gorgeous|Clefable, F|100/100
|move|p1a: Dragapult|Dragon Darts|p2a: Gorgeous
|-immune|p2a: Gorgeous
|
|upkeep
|turn|25
|
|switch|p1a: Mew|Mew|32/100
|move|p2a: Gorgeous|Stealth Rock|p1a: Mew
|-sidestart|p1: Savouras|move: Stealth Rock
|
|upkeep
|turn|26
|
|move|p1a: Mew|Stealth Rock|p2a: Gorgeous
|-sidestart|p2: Galarian Erwinツ|move: Stealth Rock
|move|p2a: Gorgeous|Moonblast|p1a: Mew
|-damage|p1a: Mew|5/100
|-unboost|p1a: Mew|spa|1
|
|upkeep
|turn|27
|
|move|p1a: Mew|Spikes|p2a: Gorgeous
|-sidestart|p2: Galarian Erwinツ|Spikes
|move|p2a: Gorgeous|Moonblast|p1a: Mew
|-damage|p1a: Mew|0 fnt
|faint|p1a: Mew
|
|upkeep
|
|switch|p1a: Rotom|Rotom-Heat|100/100
|-damage|p1a: Rotom|76/100|[from] Stealth Rock
|turn|28
|
|move|p1a: Rotom|Nasty Plot|p1a: Rotom
|-boost|p1a: Rotom|spa|2
|move|p2a: Gorgeous|Wish|p2a: Gorgeous
|
|-heal|p1a: Rotom|82/100|[from] item: Leftovers
|upkeep
|turn|29
|
|switch|p2a: 22|Dracozolt|94/100 brn
|-damage|p2a: 22|82/100 brn|[from] Stealth Rock
|-damage|p2a: 22|69/100 brn|[from] Spikes
|move|p1a: Rotom|Thunderbolt|p2a: 22
|-resisted|p2a: 22
|-damage|p2a: 22|42/100 brn
|
|-heal|p2a: 22|93/100 brn|[from] move: Wish|[wisher] Gorgeous
|-heal|p2a: 22|99/100 brn|[from] item: Leftovers
|-heal|p1a: Rotom|88/100|[from] item: Leftovers
|-damage|p2a: 22|93/100 brn|[from] brn
|upkeep
|turn|30
|
|move|p2a: 22|Dragon Claw|p1a: Rotom
|-damage|p1a: Rotom|60/100
|move|p1a: Rotom|Thunderbolt|p2a: 22
|-resisted|p2a: 22
|-damage|p2a: 22|68/100 brn
|
|-heal|p2a: 22|74/100 brn|[from] item: Leftovers
|-heal|p1a: Rotom|66/100|[from] item: Leftovers
|-damage|p2a: 22|68/100 brn|[from] brn
|upkeep
|turn|31
|
|move|p2a: 22|Dragon Claw|p1a: Rotom
|-crit|p1a: Rotom
|-damage|p1a: Rotom|24/100
|move|p1a: Rotom|Overheat|p2a: 22
|-resisted|p2a: 22
|-damage|p2a: 22|0 fnt
|-unboost|p1a: Rotom|spa|2
|faint|p2a: 22
|
|-heal|p1a: Rotom|30/100|[from] item: Leftovers
|upkeep
|
|switch|p2a: Gorgeous|Clefable, F|100/100
|turn|32
|
|move|p1a: Rotom|Overheat|p2a: Gorgeous
|-damage|p2a: Gorgeous|46/100
|-unboost|p1a: Rotom|spa|2
|move|p2a: Gorgeous|Moonblast|p1a: Rotom
|-resisted|p1a: Rotom
|-damage|p1a: Rotom|11/100
|
|-heal|p1a: Rotom|17/100|[from] item: Leftovers
|-heal|p2a: Gorgeous|53/100|[from] item: Leftovers
|upkeep
|turn|33
|
|switch|p1a: Grimmsnarl|Grimmsnarl, M|75/100
|-damage|p1a: Grimmsnarl|63/100|[from] Stealth Rock
|move|p2a: Gorgeous|Moonblast|p1a: Grimmsnarl
|-supereffective|p1a: Grimmsnarl
|-damage|p1a: Grimmsnarl|17/100
|-unboost|p1a: Grimmsnarl|spa|1
|
|-heal|p2a: Gorgeous|59/100|[from] item: Leftovers
|upkeep
|turn|34
|
|move|p1a: Grimmsnarl|Taunt|p2a: Gorgeous
|-start|p2a: Gorgeous|move: Taunt
|move|p2a: Gorgeous|Moonblast|p1a: Grimmsnarl
|-supereffective|p1a: Grimmsnarl
|-damage|p1a: Grimmsnarl|0 fnt
|faint|p1a: Grimmsnarl
|
|-heal|p2a: Gorgeous|65/100|[from] item: Leftovers
|upkeep
|
|switch|p1a: Corviknight|Corviknight, M|63/100
|-damage|p1a: Corviknight|50/100|[from] Stealth Rock
|turn|35
|
|switch|p1a: Kommo-o|Kommo-o, F|100/100
|-damage|p1a: Kommo-o|94/100|[from] Stealth Rock
|switch|p2a: Wildest Dreams|Corviknight, M|100/100
|-damage|p2a: Wildest Dreams|88/100|[from] Stealth Rock
|-ability|p2a: Wildest Dreams|Pressure
|
|-heal|p2a: Wildest Dreams|94/100|[from] item: Leftovers
|upkeep
|turn|36
|
|switch|p2a: Bad Blood|Toxapex, M, shiny|98/100
|-damage|p2a: Bad Blood|86/100|[from] Stealth Rock
|-damage|p2a: Bad Blood|73/100|[from] Spikes
|move|p1a: Kommo-o|Clangorous Soul|p1a: Kommo-o
|-boost|p1a: Kommo-o|atk|1
|-boost|p1a: Kommo-o|def|1
|-boost|p1a: Kommo-o|spa|1
|-boost|p1a: Kommo-o|spd|1
|-boost|p1a: Kommo-o|spe|1
|-damage|p1a: Kommo-o|61/100
|-enditem|p1a: Kommo-o|Throat Spray
|-boost|p1a: Kommo-o|spa|1
|
|upkeep
|turn|37
|
|move|p1a: Kommo-o|Clanging Scales|p2a: Bad Blood
|-damage|p2a: Bad Blood|0 fnt
|-unboost|p1a: Kommo-o|def|1
|faint|p2a: Bad Blood
|
|upkeep
|
|switch|p2a: Gorgeous|Clefable, F|65/100
|turn|38
|
|move|p2a: Gorgeous|Protect|p2a: Gorgeous
|-singleturn|p2a: Gorgeous|Protect
|move|p1a: Kommo-o|Flash Cannon|p2a: Gorgeous
|-activate|p2a: Gorgeous|move: Protect
|
|-heal|p2a: Gorgeous|71/100|[from] item: Leftovers
|upkeep
|turn|39
|
|move|p1a: Kommo-o|Flash Cannon|p2a: Gorgeous
|-supereffective|p2a: Gorgeous
|-damage|p2a: Gorgeous|0 fnt
|faint|p2a: Gorgeous
|
|upkeep
|-message|Galarian Erwinツ forfeited.
|
|win|Savouras
|l|☆Galarian Erwinツ
