|ScrapeTime|2020-01-03-00:35:00
|j|☆Glacier18
|j|☆CoolDude3074
|player|p1|Glacier18|elesa|1297
|player|p2|CoolDude3074|52|1296
|teamsize|p1|6
|teamsize|p2|6
|gametype|singles
|gen|8
|tier|[Gen 8] OU
|rated|
|rule|Sleep Clause Mod: Limit one foe put to sleep
|rule|Species Clause: Limit one of each Pokémon
|rule|OHKO Clause: OHKO moves are banned
|rule|Evasion Moves Clause: Evasion moves are banned
|rule|Endless Battle Clause: Forcing endless battles is banned
|rule|HP Percentage Mod: HP is shown in percentages
|clearpoke
|poke|p1|Hydreigon, M|
|poke|p1|Clefable, M|
|poke|p1|Seismitoad, M|
|poke|p1|Ditto|
|poke|p1|Corviknight, M|
|poke|p1|Mandibuzz, F|
|poke|p2|Sylveon, M|
|poke|p2|Whimsicott, M|
|poke|p2|Runerigus, F|
|poke|p2|Copperajah, M|
|poke|p2|Toxtricity-Low-Key, M|
|poke|p2|Reuniclus, M|
|rule|Dynamax Clause: You cannot dynamax
|teampreview
|
|start
|switch|p1a: Corviknight|Corviknight, M, shiny|100/100
|switch|p2a: Runerigus|Runerigus, F|100/100
|-ability|p1a: Corviknight|Pressure
|turn|1
|
|move|p1a: Corviknight|Taunt|p2a: Runerigus
|-start|p2a: Runerigus|move: Taunt
|-enditem|p2a: Runerigus|Mental Herb
|-end|p2a: Runerigus|move: Taunt
|move|p2a: Runerigus|Trick Room|p2a: Runerigus
|-fieldstart|move: Trick Room|[of] p2a: Runerigus
|
|upkeep
|turn|2
|
|switch|p2a: Toxtricity|Toxtricity-Low-Key, M|100/100
|move|p1a: Corviknight|Bulk Up|p1a: Corviknight
|-boost|p1a: Corviknight|atk|1
|-boost|p1a: Corviknight|def|1
|
|upkeep
|turn|3
|
|move|p2a: Toxtricity|Boomburst|p1a: Corviknight
|-resisted|p1a: Corviknight
|-damage|p1a: Corviknight|67/100
|move|p1a: Corviknight|Roost|p1a: Corviknight
|-heal|p1a: Corviknight|100/100
|-singleturn|p1a: Corviknight|move: Roost
|
|upkeep
|turn|4
|
|switch|p2a: Copperajah|Copperajah, M|100/100
|move|p1a: Corviknight|Bulk Up|p1a: Corviknight
|-boost|p1a: Corviknight|atk|1
|-boost|p1a: Corviknight|def|1
|
|upkeep
|turn|5
|
|move|p2a: Copperajah|Heat Crash|p1a: Corviknight
|-supereffective|p1a: Corviknight
|-damage|p1a: Corviknight|56/100
|-damage|p2a: Copperajah|91/100|[from] item: Life Orb
|move|p1a: Corviknight|Taunt|p2a: Copperajah
|-start|p2a: Copperajah|move: Taunt
|
|-heal|p1a: Corviknight|62/100|[from] item: Leftovers
|-fieldend|move: Trick Room
|upkeep
|turn|6
|
|move|p1a: Corviknight|Bulk Up|p1a: Corviknight
|-boost|p1a: Corviknight|atk|1
|-boost|p1a: Corviknight|def|1
|move|p2a: Copperajah|Heat Crash|p1a: Corviknight
|-supereffective|p1a: Corviknight
|-damage|p1a: Corviknight|23/100
|-damage|p2a: Copperajah|81/100|[from] item: Life Orb
|
|-heal|p1a: Corviknight|29/100|[from] item: Leftovers
|upkeep
|turn|7
|
|switch|p2a: Toxtricity|Toxtricity-Low-Key, M|100/100
|move|p1a: Corviknight|Roost|p1a: Corviknight
|-heal|p1a: Corviknight|79/100
|-singleturn|p1a: Corviknight|move: Roost
|
|-heal|p1a: Corviknight|85/100|[from] item: Leftovers
|upkeep
|turn|8
|
|move|p1a: Corviknight|Roost|p1a: Corviknight
|-heal|p1a: Corviknight|100/100
|-singleturn|p1a: Corviknight|move: Roost
|move|p2a: Toxtricity|Overdrive|p1a: Corviknight
|-damage|p1a: Corviknight|47/100
|
|-heal|p1a: Corviknight|53/100|[from] item: Leftovers
|upkeep
|turn|9
|
|move|p1a: Corviknight|Roost|p1a: Corviknight
|-heal|p1a: Corviknight|100/100
|-singleturn|p1a: Corviknight|move: Roost
|move|p2a: Toxtricity|Overdrive|p1a: Corviknight
|-damage|p1a: Corviknight|44/100
|
|-heal|p1a: Corviknight|50/100|[from] item: Leftovers
|upkeep
|turn|10
|
|move|p1a: Corviknight|Roost|p1a: Corviknight
|-heal|p1a: Corviknight|99/100
|-singleturn|p1a: Corviknight|move: Roost
|move|p2a: Toxtricity|Overdrive|p1a: Corviknight
|-damage|p1a: Corviknight|45/100
|
|-heal|p1a: Corviknight|52/100|[from] item: Leftovers
|upkeep
|turn|11
|
|switch|p2a: Whimsicott|Whimsicott, M|100/100
|move|p1a: Corviknight|Roost|p1a: Corviknight
|-heal|p1a: Corviknight|100/100
|-singleturn|p1a: Corviknight|move: Roost
|
|upkeep
|turn|12
|
|move|p2a: Whimsicott|Taunt|p1a: Corviknight
|-start|p1a: Corviknight|move: Taunt
|move|p1a: Corviknight|Brave Bird|p2a: Whimsicott
|-supereffective|p2a: Whimsicott
|-enditem|p2a: Whimsicott|Focus Sash
|-damage|p2a: Whimsicott|1/100
|-damage|p1a: Corviknight|74/100|[from] Recoil
|
|-heal|p1a: Corviknight|80/100|[from] item: Leftovers
|upkeep
|turn|13
|
|move|p1a: Corviknight|Brave Bird|p2a: Whimsicott
|-supereffective|p2a: Whimsicott
|-damage|p2a: Whimsicott|0 fnt
|-damage|p1a: Corviknight|80/100|[from] Recoil
|faint|p2a: Whimsicott
|
|-heal|p1a: Corviknight|86/100|[from] item: Leftovers
|upkeep
|
|switch|p2a: Toxtricity|Toxtricity-Low-Key, M|100/100
|turn|14
|
|move|p1a: Corviknight|Brave Bird|p2a: Toxtricity
|-resisted|p2a: Toxtricity
|-damage|p2a: Toxtricity|44/100
|-damage|p1a: Corviknight|69/100|[from] Recoil
|move|p2a: Toxtricity|Overdrive|p1a: Corviknight
|-supereffective|p1a: Corviknight
|-damage|p1a: Corviknight|0 fnt
|faint|p1a: Corviknight
|
|upkeep
|
|switch|p1a: Seismitoad|Seismitoad, M, shiny|100/100
|turn|15
|
|switch|p2a: Runerigus|Runerigus, F|100/100
|move|p1a: Seismitoad|Stealth Rock|p2a: Runerigus
|-sidestart|p2: CoolDude3074|move: Stealth Rock
|
|upkeep
|turn|16
|
|move|p1a: Seismitoad|Toxic|p2a: Runerigus
|-status|p2a: Runerigus|tox
|move|p2a: Runerigus|Stealth Rock|p1a: Seismitoad
|-sidestart|p1: Glacier18|move: Stealth Rock
|
|-damage|p2a: Runerigus|94/100 tox|[from] psn
|upkeep
|turn|17
|
|move|p1a: Seismitoad|Scald|p2a: Runerigus
|-supereffective|p2a: Runerigus
|-damage|p2a: Runerigus|52/100 tox
|move|p2a: Runerigus|Trick Room|p2a: Runerigus
|-fieldstart|move: Trick Room|[of] p2a: Runerigus
|
|-damage|p2a: Runerigus|40/100 tox|[from] psn
|upkeep
|turn|18
|
|move|p2a: Runerigus|Memento|p1a: Seismitoad
|-unboost|p1a: Seismitoad|atk|2
|-unboost|p1a: Seismitoad|spa|2
|faint|p2a: Runerigus
|move|p1a: Seismitoad|Scald|p2: Runerigus|[notarget]
|-fail|p1a: Seismitoad
|
|upkeep
|
|switch|p2a: Reuniclus|Reuniclus, M|100/100
|turn|19
|
|switch|p1a: Mandibuzz|Mandibuzz, F, shiny|100/100
|move|p2a: Reuniclus|Energy Ball|p1a: Mandibuzz
|-resisted|p1a: Mandibuzz
|-damage|p1a: Mandibuzz|87/100
|
|upkeep
|turn|20
|
|switch|p2a: Sylveon|Sylveon, M|100/100
|-damage|p2a: Sylveon|88/100|[from] Stealth Rock
|move|p1a: Mandibuzz|Knock Off|p2a: Sylveon
|-resisted|p2a: Sylveon
|-damage|p2a: Sylveon|73/100
|-enditem|p2a: Sylveon|Throat Spray|[from] move: Knock Off|[of] p1a: Mandibuzz
|
|upkeep
|turn|21
|
|move|p2a: Sylveon|Hyper Voice|p1a: Mandibuzz
|-supereffective|p1a: Mandibuzz
|-damage|p1a: Mandibuzz|20/100
|move|p1a: Mandibuzz|Roost|p1a: Mandibuzz
|-heal|p1a: Mandibuzz|70/100
|-singleturn|p1a: Mandibuzz|move: Roost
|
|-fieldend|move: Trick Room
|upkeep
|turn|22
|
|move|p1a: Mandibuzz|Roost|p1a: Mandibuzz
|-heal|p1a: Mandibuzz|100/100
|-singleturn|p1a: Mandibuzz|move: Roost
|move|p2a: Sylveon|Hyper Voice|p1a: Mandibuzz
|-supereffective|p1a: Mandibuzz
|-damage|p1a: Mandibuzz|31/100
|
|upkeep
|turn|23
|
|move|p1a: Mandibuzz|U-turn|p2a: Sylveon
|-resisted|p2a: Sylveon
|-damage|p2a: Sylveon|66/100
|
|switch|p1a: Clefable|Clefable, M|100/100|[from]move: U-turn
|move|p2a: Sylveon|Hyper Voice|p1a: Clefable
|-damage|p1a: Clefable|40/100
|
|upkeep
|turn|24
|
|move|p1a: Clefable|Flamethrower|p2a: Sylveon
|-damage|p2a: Sylveon|41/100
|move|p2a: Sylveon|Hyper Voice|p1a: Clefable
|-damage|p1a: Clefable|0 fnt
|faint|p1a: Clefable
|
|upkeep
|
|switch|p1a: Hydreigon|Hydreigon, M, shiny|100/100
|-damage|p1a: Hydreigon|88/100|[from] Stealth Rock
|turn|25
|
|switch|p2a: Toxtricity|Toxtricity-Low-Key, M|44/100
|-damage|p2a: Toxtricity|31/100|[from] Stealth Rock
|move|p1a: Hydreigon|Flash Cannon|p2a: Toxtricity
|-resisted|p2a: Toxtricity
|-damage|p2a: Toxtricity|15/100
|
|-heal|p1a: Hydreigon|94/100|[from] item: Leftovers
|upkeep
|turn|26
|
|move|p1a: Hydreigon|Dark Pulse|p2a: Toxtricity
|-damage|p2a: Toxtricity|0 fnt
|faint|p2a: Toxtricity
|
|-heal|p1a: Hydreigon|100/100|[from] item: Leftovers
|upkeep
|
|switch|p2a: Reuniclus|Reuniclus, M|100/100
|turn|27
|
|move|p1a: Hydreigon|Substitute|p1a: Hydreigon
|-start|p1a: Hydreigon|Substitute
|-damage|p1a: Hydreigon|76/100
|move|p2a: Reuniclus|Trick Room|p2a: Reuniclus
|-fieldstart|move: Trick Room|[of] p2a: Reuniclus
|
|-heal|p1a: Hydreigon|82/100|[from] item: Leftovers
|upkeep
|turn|28
|
|switch|p2a: Sylveon|Sylveon, M|41/100
|-damage|p2a: Sylveon|29/100|[from] Stealth Rock
|move|p1a: Hydreigon|Nasty Plot|p1a: Hydreigon
|-boost|p1a: Hydreigon|spa|2
|
|-heal|p1a: Hydreigon|88/100|[from] item: Leftovers
|upkeep
|turn|29
|
|switch|p1a: Mandibuzz|Mandibuzz, F, shiny|31/100
|move|p2a: Sylveon|Hyper Voice|p1a: Mandibuzz
|-supereffective|p1a: Mandibuzz
|-damage|p1a: Mandibuzz|0 fnt
|faint|p1a: Mandibuzz
|
|upkeep
|
|switch|p1a: Seismitoad|Seismitoad, M, shiny|100/100
|-damage|p1a: Seismitoad|94/100|[from] Stealth Rock
|turn|30
|
|move|p2a: Sylveon|Hyper Voice|p1a: Seismitoad
|-damage|p1a: Seismitoad|36/100
|move|p1a: Seismitoad|Earthquake|p2a: Sylveon
|-damage|p2a: Sylveon|0 fnt
|faint|p2a: Sylveon
|
|-heal|p1a: Seismitoad|42/100|[from] item: Leftovers
|upkeep
|
|switch|p2a: Reuniclus|Reuniclus, M|100/100
|turn|31
|
|move|p2a: Reuniclus|Energy Ball|p1a: Seismitoad
|-supereffective|p1a: Seismitoad
|-damage|p1a: Seismitoad|0 fnt
|faint|p1a: Seismitoad
|
|-fieldend|move: Trick Room
|upkeep
|
|switch|p1a: Hydreigon|Hydreigon, M, shiny|88/100
|-damage|p1a: Hydreigon|76/100|[from] Stealth Rock
|turn|32
|
|move|p1a: Hydreigon|Substitute|p1a: Hydreigon
|-start|p1a: Hydreigon|Substitute
|-damage|p1a: Hydreigon|51/100
|move|p2a: Reuniclus|Focus Blast|p1a: Hydreigon
|-supereffective|p1a: Hydreigon
|-end|p1a: Hydreigon|Substitute
|
|-heal|p1a: Hydreigon|57/100|[from] item: Leftovers
|upkeep
|turn|33
|
|move|p1a: Hydreigon|Substitute|p1a: Hydreigon
|-start|p1a: Hydreigon|Substitute
|-damage|p1a: Hydreigon|32/100
|move|p2a: Reuniclus|Trick Room|p2a: Reuniclus
|-fieldstart|move: Trick Room|[of] p2a: Reuniclus
|
|-heal|p1a: Hydreigon|38/100|[from] item: Leftovers
|upkeep
|turn|34
|
|move|p2a: Reuniclus|Focus Blast|p1a: Hydreigon|[miss]
|-miss|p2a: Reuniclus|p1a: Hydreigon
|move|p1a: Hydreigon|Nasty Plot|p1a: Hydreigon
|-boost|p1a: Hydreigon|spa|2
|
|-heal|p1a: Hydreigon|44/100|[from] item: Leftovers
|upkeep
|turn|35
|
|move|p2a: Reuniclus|Focus Blast|p1a: Hydreigon|[miss]
|-miss|p2a: Reuniclus|p1a: Hydreigon
|move|p1a: Hydreigon|Dark Pulse|p2a: Reuniclus
|-supereffective|p2a: Reuniclus
|-damage|p2a: Reuniclus|0 fnt
|faint|p2a: Reuniclus
|
|-heal|p1a: Hydreigon|50/100|[from] item: Leftovers
|upkeep
|c|☆Glacier18|RIP
|
|switch|p2a: Copperajah|Copperajah, M|81/100
|-damage|p2a: Copperajah|75/100|[from] Stealth Rock
|turn|36
|
|move|p2a: Copperajah|Heavy Slam|p1a: Hydreigon
|-end|p1a: Hydreigon|Substitute
|-damage|p2a: Copperajah|65/100|[from] item: Life Orb
|move|p1a: Hydreigon|Dark Pulse|p2a: Copperajah
|-damage|p2a: Copperajah|0 fnt
|faint|p2a: Copperajah
|
|win|Glacier18
|c|☆Glacier18|gg
|c|☆CoolDude3074|gg
|l|☆CoolDude3074
|raw|Glacier18's rating: 1297 → 1322(+25 for winning)
|raw|CoolDude3074's rating: 1297 → 1272(-25 for losing)
