|ScrapeTime|2020-01-01-12:03:42
|j|☆4125al41
|j|☆Kaleor
|player|p1|4125al41|290|1426
|player|p2|Kaleor|swimmer-gen4dp|1497
|teamsize|p1|6
|teamsize|p2|6
|gametype|singles
|gen|8
|tier|[Gen 8] OU
|rated|
|rule|Sleep Clause Mod: Limit one foe put to sleep
|rule|Species Clause: Limit one of each Pokémon
|rule|OHKO Clause: OHKO moves are banned
|rule|Evasion Moves Clause: Evasion moves are banned
|rule|Endless Battle Clause: Forcing endless battles is banned
|rule|HP Percentage Mod: HP is shown in percentages
|clearpoke
|poke|p1|Dragapult, M|
|poke|p1|Corviknight, M|
|poke|p1|Ditto|
|poke|p1|Clefable, M|
|poke|p1|Excadrill, F|
|poke|p1|Hydreigon, F|
|poke|p2|Aegislash, M|
|poke|p2|Hatterene, F|
|poke|p2|Bisharp, F|
|poke|p2|Ribombee, M|
|poke|p2|Kommo-o, M|
|poke|p2|Rotom-Heat|
|rule|Dynamax Clause: You cannot dynamax
|teampreview
|inactive|Battle timer is ON: inactive players will automatically lose when time's up. (requested by Kaleor)
|inactiveoff|Battle timer is now OFF.
|
|start
|switch|p1a: Ditto|Ditto|100/100
|switch|p2a: Aegislash|Aegislash, M|100/100
|-transform|p1a: Ditto|p2a: Aegislash|[from] ability: Imposter
|turn|1
|
|switch|p1a: Hydreigon|Hydreigon, F|100/100
|-formechange|p2a: Aegislash|Aegislash-Blade||[from] ability: Stance Change
|move|p2a: Aegislash|Shadow Claw|p1a: Hydreigon
|-resisted|p1a: Hydreigon
|-damage|p1a: Hydreigon|76/100
|
|upkeep
|turn|2
|
|switch|p2a: Hatterene|Hatterene, F|100/100
|move|p1a: Hydreigon|Fire Blast|p2a: Hatterene
|-damage|p2a: Hatterene|60/100
|
|upkeep
|turn|3
|inactive|Battle timer is ON: inactive players will automatically lose when time's up. (requested by 4125al41)
|
|switch|p1a: Excadrill|Excadrill, F|100/100
|-ability|p1a: Excadrill|Mold Breaker
|move|p2a: Hatterene|Mystical Fire|p1a: Excadrill
|-supereffective|p1a: Excadrill
|-damage|p1a: Excadrill|0 fnt
|faint|p1a: Excadrill
|
|upkeep
|j| talkintime
|
|switch|p1a: Corviknight|Corviknight, M|100/100
|-ability|p1a: Corviknight|Pressure
|turn|4
|
|move|p1a: Corviknight|Iron Head|p2a: Hatterene
|-supereffective|p2a: Hatterene
|-damage|p2a: Hatterene|0 fnt
|faint|p2a: Hatterene
|
|upkeep
|
|switch|p2a: Rotom|Rotom-Heat|100/100
|turn|5
|
|switch|p1a: Hydreigon|Hydreigon, F|76/100
|move|p2a: Rotom|Volt Switch|p1a: Hydreigon
|-resisted|p1a: Hydreigon
|-damage|p1a: Hydreigon|64/100
|
|switch|p2a: Ribombee|Ribombee, M|100/100|[from]move: Volt Switch
|
|upkeep
|turn|6
|
|move|p1a: Hydreigon|U-turn|p2a: Ribombee
|-resisted|p2a: Ribombee
|-damage|p2a: Ribombee|86/100
|
|switch|p1a: Corviknight|Corviknight, M|100/100|[from]move: U-turn
|-ability|p1a: Corviknight|Pressure
|move|p2a: Ribombee|Sticky Web|p1a: Corviknight
|-sidestart|p1: 4125al41|move: Sticky Web
|
|upkeep
|turn|7
|
|switch|p2a: Bisharp|Bisharp, F|100/100
|move|p1a: Corviknight|Brave Bird|p2a: Bisharp
|-resisted|p2a: Bisharp
|-damage|p2a: Bisharp|65/100
|-damage|p1a: Corviknight|93/100|[from] Recoil
|
|-heal|p1a: Corviknight|99/100|[from] item: Leftovers
|upkeep
|turn|8
|
|move|p2a: Bisharp|Throat Chop|p1a: Corviknight
|-damage|p1a: Corviknight|49/100
|-start|p1a: Corviknight|Throat Chop|[silent]
|-damage|p2a: Bisharp|55/100|[from] item: Life Orb
|move|p1a: Corviknight|Bulk Up|p1a: Corviknight
|-boost|p1a: Corviknight|atk|1
|-boost|p1a: Corviknight|def|1
|
|-heal|p1a: Corviknight|56/100|[from] item: Leftovers
|upkeep
|turn|9
|
|move|p2a: Bisharp|Swords Dance|p2a: Bisharp
|-boost|p2a: Bisharp|atk|2
|move|p1a: Corviknight|Brave Bird|p2a: Bisharp
|-resisted|p2a: Bisharp
|-damage|p2a: Bisharp|4/100
|-damage|p1a: Corviknight|44/100|[from] Recoil
|
|-heal|p1a: Corviknight|50/100|[from] item: Leftovers
|-end|p1a: Corviknight|Throat Chop|[silent]
|upkeep
|turn|10
|
|move|p2a: Bisharp|Throat Chop|p1a: Corviknight
|-damage|p1a: Corviknight|0 fnt
|-damage|p2a: Bisharp|0 fnt|[from] item: Life Orb
|faint|p1a: Corviknight
|faint|p2a: Bisharp
|
|upkeep
|
|switch|p2a: Rotom|Rotom-Heat|100/100
|switch|p1a: Hydreigon|Hydreigon, F|64/100
|turn|11
|
|move|p1a: Hydreigon|U-turn|p2a: Rotom
|-resisted|p2a: Rotom
|-damage|p2a: Rotom|94/100
|
|switch|p1a: Ditto|Ditto|100/100|[from]move: U-turn
|-activate|p1a: Ditto|move: Sticky Web
|-unboost|p1a: Ditto|spe|1
|-transform|p1a: Ditto|p2a: Rotom|[from] ability: Imposter
|move|p2a: Rotom|Thunder Wave|p1a: Ditto
|-immune|p1a: Ditto
|
|-heal|p2a: Rotom|99/100|[from] item: Leftovers
|upkeep
|turn|12
|
|move|p1a: Ditto|Volt Switch|p2a: Rotom
|-resisted|p2a: Rotom
|-damage|p2a: Rotom|88/100
|
|switch|p1a: Dragapute|Dragapult, M|100/100|[from]move: Volt Switch
|-activate|p1a: Dragapute|move: Sticky Web
|-unboost|p1a: Dragapute|spe|1
|move|p2a: Rotom|Volt Switch|p1a: Dragapute
|-resisted|p1a: Dragapute
|-damage|p1a: Dragapute|82/100
|
|switch|p2a: Ribombee|Ribombee, M|86/100|[from]move: Volt Switch
|
|-heal|p1a: Dragapute|88/100|[from] item: Leftovers
|upkeep
|turn|13
|
|switch|p2a: Aegislash|Aegislash, M|100/100
|move|p1a: Dragapute|Fire Blast|p2a: Aegislash
|-supereffective|p2a: Aegislash
|-damage|p2a: Aegislash|56/100
|
|-heal|p1a: Dragapute|94/100|[from] item: Leftovers
|-heal|p2a: Aegislash|62/100|[from] item: Leftovers
|upkeep
|turn|14
|
|switch|p2a: Rotom|Rotom-Heat|88/100
|move|p1a: Dragapute|Phantom Force||[still]
|-prepare|p1a: Dragapute|Phantom Force|p2a: Rotom
|
|-heal|p1a: Dragapute|99/100|[from] item: Leftovers
|-heal|p2a: Rotom|94/100|[from] item: Leftovers
|upkeep
|turn|15
|
|move|p1a: Dragapute|Phantom Force|p2a: Rotom|[from]lockedmove
|-damage|p2a: Rotom|53/100
|move|p2a: Rotom|Thunder Wave|p1a: Dragapute
|-status|p1a: Dragapute|par
|
|-heal|p2a: Rotom|59/100|[from] item: Leftovers
|-heal|p1a: Dragapute|100/100 par|[from] item: Leftovers
|upkeep
|turn|16
|
|move|p2a: Rotom|Volt Switch|p1a: Dragapute
|-resisted|p1a: Dragapute
|-damage|p1a: Dragapute|80/100 par
|
|switch|p2a: Ribombee|Ribombee, M|86/100|[from]move: Volt Switch
|cant|p1a: Dragapute|par
|
|-heal|p1a: Dragapute|86/100 par|[from] item: Leftovers
|upkeep
|turn|17
|
|move|p2a: Ribombee|Moonblast|p1a: Dragapute
|-supereffective|p1a: Dragapute
|-crit|p1a: Dragapute
|-damage|p1a: Dragapute|0 fnt
|faint|p1a: Dragapute
|
|upkeep
|
|switch|p1a: Clefable|Clefable, M|100/100
|-activate|p1a: Clefable|move: Sticky Web
|-unboost|p1a: Clefable|spe|1
|turn|18
|
|move|p2a: Ribombee|Quiver Dance|p2a: Ribombee
|-boost|p2a: Ribombee|spa|1
|-boost|p2a: Ribombee|spd|1
|-boost|p2a: Ribombee|spe|1
|move|p1a: Clefable|Flamethrower|p2a: Ribombee
|-supereffective|p2a: Ribombee
|-damage|p2a: Ribombee|22/100
|
|upkeep
|turn|19
|
|move|p2a: Ribombee|Moonblast|p1a: Clefable
|-damage|p1a: Clefable|39/100
|move|p1a: Clefable|Flamethrower|p2a: Ribombee
|-supereffective|p2a: Ribombee
|-damage|p2a: Ribombee|0 fnt
|faint|p2a: Ribombee
|
|-heal|p1a: Clefable|45/100|[from] item: Leftovers
|upkeep
|
|switch|p2a: Aegislash|Aegislash, M|62/100
|turn|20
|
|-formechange|p2a: Aegislash|Aegislash-Blade||[from] ability: Stance Change
|move|p2a: Aegislash|Shadow Claw|p1a: Clefable
|-crit|p1a: Clefable
|-damage|p1a: Clefable|0 fnt
|faint|p1a: Clefable
|
|-heal|p2a: Aegislash|68/100|[from] item: Leftovers
|upkeep
|
|switch|p1a: Ditto|Ditto|100/100
|-activate|p1a: Ditto|move: Sticky Web
|-unboost|p1a: Ditto|spe|1
|-transform|p1a: Ditto|p2a: Aegislash|[from] ability: Imposter
|turn|21
|
|switch|p2a: Rotom|Rotom-Heat|59/100
|move|p1a: Ditto|Shadow Claw|p2a: Rotom
|-damage|p2a: Rotom|23/100
|
|-heal|p2a: Rotom|29/100|[from] item: Leftovers
|upkeep
|turn|22
|
|move|p1a: Ditto|Shadow Claw|p2a: Rotom
|-crit|p2a: Rotom
|-damage|p2a: Rotom|0 fnt
|faint|p2a: Rotom
|
|upkeep
|
|switch|p2a: Kommo-o|Kommo-o, M|100/100
|turn|23
|
|switch|p1a: Hydreigon|Hydreigon, F|64/100
|move|p2a: Kommo-o|Flamethrower|p1a: Hydreigon
|-resisted|p1a: Hydreigon
|-damage|p1a: Hydreigon|50/100
|
|upkeep
|turn|24
|
|move|p1a: Hydreigon|Earth Power|p2a: Kommo-o
|-damage|p2a: Kommo-o|65/100
|move|p2a: Kommo-o|Boomburst|p1a: Hydreigon
|-damage|p1a: Hydreigon|3/100
|-enditem|p2a: Kommo-o|Throat Spray
|-boost|p2a: Kommo-o|spa|1
|
|upkeep
|turn|25
|
|move|p1a: Hydreigon|Earth Power|p2a: Kommo-o
|-damage|p2a: Kommo-o|31/100
|move|p2a: Kommo-o|Boomburst|p1a: Hydreigon
|-damage|p1a: Hydreigon|0 fnt
|faint|p1a: Hydreigon
|
|upkeep
|
|switch|p1a: Ditto|Ditto|100/100
|-activate|p1a: Ditto|move: Sticky Web
|-unboost|p1a: Ditto|spe|1
|-transform|p1a: Ditto|p2a: Kommo-o|[from] ability: Imposter
|turn|26
|
|move|p1a: Ditto|Flamethrower|p2a: Kommo-o
|-resisted|p2a: Kommo-o
|-damage|p2a: Kommo-o|9/100
|move|p2a: Kommo-o|Flamethrower|p1a: Ditto
|-resisted|p1a: Ditto
|-damage|p1a: Ditto|81/100
|
|upkeep
|turn|27
|
|move|p1a: Ditto|Flamethrower|p2a: Kommo-o
|-resisted|p2a: Kommo-o
|-damage|p2a: Kommo-o|0 fnt
|faint|p2a: Kommo-o
|
|upkeep
|
|switch|p2a: Aegislash|Aegislash, M|68/100
|turn|28
|
|move|p1a: Ditto|Flamethrower|p2a: Aegislash
|-supereffective|p2a: Aegislash
|-damage|p2a: Aegislash|8/100
|-formechange|p2a: Aegislash|Aegislash-Blade||[from] ability: Stance Change
|move|p2a: Aegislash|Shadow Claw|p1a: Ditto
|-damage|p1a: Ditto|41/100
|
|-heal|p2a: Aegislash|14/100|[from] item: Leftovers
|upkeep
|turn|29
|
|move|p2a: Aegislash|Shadow Sneak|p1a: Ditto
|-damage|p1a: Ditto|17/100
|move|p1a: Ditto|Flamethrower|p2a: Aegislash
|-supereffective|p2a: Aegislash
|-damage|p2a: Aegislash|0 fnt
|faint|p2a: Aegislash
|
|win|4125al41
|raw|4125al41's rating: 1426 → 1450(+24 for winning)
|raw|Kaleor's rating: 1497 → 1473(-24 for losing)
|l|☆Kaleor
|l|☆4125al41
