|ScrapeTime|2020-01-01-04:56:54
|j|☆Oligay
|j|☆Dagersamuel
|player|p1|Oligay|167|1072
|player|p2|Dagersamuel|169|1085
|teamsize|p1|6
|teamsize|p2|6
|gametype|singles
|gen|8
|tier|[Gen 8] OU
|rated|
|rule|Sleep Clause Mod: Limit one foe put to sleep
|rule|Species Clause: Limit one of each Pokémon
|rule|OHKO Clause: OHKO moves are banned
|rule|Evasion Moves Clause: Evasion moves are banned
|rule|Endless Battle Clause: Forcing endless battles is banned
|rule|HP Percentage Mod: HP is shown in percentages
|clearpoke
|poke|p1|Indeedee, M|
|poke|p1|Barraskewda, M|
|poke|p1|Pelipper, M|
|poke|p1|Ferrothorn, M|
|poke|p1|Dragapult, F|
|poke|p1|Rotom-Wash|
|poke|p2|Aegislash, M|
|poke|p2|Dragapult, F|
|poke|p2|Conkeldurr, F|
|poke|p2|Ferrothorn, M|
|poke|p2|Rotom-Heat|
|poke|p2|Toxapex, M|
|rule|Dynamax Clause: You cannot dynamax
|teampreview
|inactive|Battle timer is ON: inactive players will automatically lose when time's up. (requested by Oligay)
|
|start
|switch|p1a: Pelipper|Pelipper, M|100/100
|switch|p2a: Aegislash|Aegislash, M|100/100
|-weather|RainDance|[from] ability: Drizzle|[of] p1a: Pelipper
|turn|1
|
|-formechange|p2a: Aegislash|Aegislash-Blade||[from] ability: Stance Change
|move|p2a: Aegislash|Iron Head|p1a: Pelipper
|-resisted|p1a: Pelipper
|-damage|p1a: Pelipper|79/100
|move|p1a: Pelipper|Hurricane|p2a: Aegislash
|-resisted|p2a: Aegislash
|-damage|p2a: Aegislash|58/100
|
|-weather|RainDance|[upkeep]
|upkeep
|turn|2
|
|switch|p1a: Ferrothorn|Ferrothorn, M|100/100
|-formechange|p2a: Aegislash|Aegislash||[from] ability: Stance Change
|move|p2a: Aegislash|King's Shield||[still]
|-fail|p2a: Aegislash
|
|-weather|RainDance|[upkeep]
|upkeep
|turn|3
|
|move|p1a: Ferrothorn|Protect|p1a: Ferrothorn
|-singleturn|p1a: Ferrothorn|Protect
|-formechange|p2a: Aegislash|Aegislash-Blade||[from] ability: Stance Change
|move|p2a: Aegislash|Close Combat|p1a: Ferrothorn
|-activate|p1a: Ferrothorn|move: Protect
|
|-weather|RainDance|[upkeep]
|upkeep
|turn|4
|
|move|p1a: Ferrothorn|Protect||[still]
|-fail|p1a: Ferrothorn
|move|p2a: Aegislash|Close Combat|p1a: Ferrothorn
|-supereffective|p1a: Ferrothorn
|-damage|p1a: Ferrothorn|56/100
|-damage|p2a: Aegislash|46/100|[from] ability: Iron Barbs|[of] p1a: Ferrothorn
|-damage|p2a: Aegislash|29/100|[from] item: Rocky Helmet|[of] p1a: Ferrothorn
|-unboost|p2a: Aegislash|def|1
|-unboost|p2a: Aegislash|spd|1
|
|-weather|RainDance|[upkeep]
|upkeep
|turn|5
|
|switch|p1a: Dragapult|Dragapult, F|100/100
|move|p2a: Aegislash|Close Combat|p1a: Dragapult
|-immune|p1a: Dragapult
|
|-weather|RainDance|[upkeep]
|upkeep
|turn|6
|
|switch|p1a: Indeedee|Indeedee, M|100/100
|-fieldstart|move: Psychic Terrain|[from] ability: Psychic Surge|[of] p1a: Indeedee
|move|p2a: Aegislash|Shadow Sneak|p1a: Indeedee
|-activate|p1a: Indeedee|move: Psychic Terrain
|
|-weather|RainDance|[upkeep]
|upkeep
|turn|7
|
|-formechange|p2a: Aegislash|Aegislash||[from] ability: Stance Change
|move|p2a: Aegislash|King's Shield|p2a: Aegislash
|-singleturn|p2a: Aegislash|Protect
|move|p1a: Indeedee|Calm Mind|p1a: Indeedee
|-boost|p1a: Indeedee|spa|1
|-boost|p1a: Indeedee|spd|1
|
|-weather|RainDance|[upkeep]
|upkeep
|turn|8
|
|move|p1a: Indeedee|Encore|p2a: Aegislash
|-start|p2a: Aegislash|Encore
|move|p2a: Aegislash|King's Shield||[still]
|-fail|p2a: Aegislash
|
|-weather|none
|upkeep
|turn|9
|
|switch|p2a: Dragapult|Dragapult, F|100/100
|move|p1a: Indeedee|Calm Mind|p1a: Indeedee
|-boost|p1a: Indeedee|spa|1
|-boost|p1a: Indeedee|spd|1
|
|upkeep
|turn|10
|
|move|p2a: Dragapult|Sucker Punch|p1a: Indeedee
|-activate|p1a: Indeedee|move: Psychic Terrain
|move|p1a: Indeedee|Dazzling Gleam|p2a: Dragapult
|-supereffective|p2a: Dragapult
|-damage|p2a: Dragapult|0 fnt
|faint|p2a: Dragapult
|
|upkeep
|-message|Dagersamuel forfeited.
|
|win|Oligay
|l|☆Dagersamuel
|raw|Oligay's rating: 1073 → 1103(+30 for winning)
|raw|Dagersamuel's rating: 1086 → 1062(-24 for losing)
