|ScrapeTime|2020-01-02-02:30:55
|j|☆Magno Von Magnuson
|j|☆taught him
|player|p1|Magno Von Magnuson|harlequin|1222
|player|p2|taught him|dawn|1193
|teamsize|p1|6
|teamsize|p2|6
|gametype|singles
|gen|8
|tier|[Gen 8] OU
|rated|
|rule|Sleep Clause Mod: Limit one foe put to sleep
|rule|Species Clause: Limit one of each Pokémon
|rule|OHKO Clause: OHKO moves are banned
|rule|Evasion Moves Clause: Evasion moves are banned
|rule|Endless Battle Clause: Forcing endless battles is banned
|rule|HP Percentage Mod: HP is shown in percentages
|clearpoke
|poke|p1|Shuckle, M|
|poke|p1|Machamp, M|
|poke|p1|Tsareena, F|
|poke|p1|Cloyster, F|
|poke|p1|Tyranitar, M|
|poke|p1|Clefable, F|
|poke|p2|Cinderace, F|
|poke|p2|Corviknight, M|
|poke|p2|Seismitoad, M|
|poke|p2|Dragapult, M|
|poke|p2|Excadrill, F|
|poke|p2|Hippowdon, F|
|rule|Dynamax Clause: You cannot dynamax
|teampreview
|inactive|Battle timer is ON: inactive players will automatically lose when time's up. (requested by Magno Von Magnuson)
|
|start
|switch|p1a: InyourFace|Machamp, M|100/100
|switch|p2a: Seismitoad|Seismitoad, M|100/100
|turn|1
|
|move|p2a: Seismitoad|Stealth Rock|p1a: InyourFace
|-sidestart|p1: Magno Von Magnuson|move: Stealth Rock
|move|p1a: InyourFace|Dynamic Punch|p2a: Seismitoad
|-damage|p2a: Seismitoad|47/100
|-start|p2a: Seismitoad|confusion
|
|-heal|p2a: Seismitoad|53/100|[from] item: Leftovers
|upkeep
|turn|2
|
|-activate|p2a: Seismitoad|confusion
|-damage|p2a: Seismitoad|46/100|[from] confusion
|move|p1a: InyourFace|Knock Off|p2a: Seismitoad
|-damage|p2a: Seismitoad|10/100
|-enditem|p2a: Seismitoad|Leftovers|[from] move: Knock Off|[of] p1a: InyourFace
|
|upkeep
|turn|3
|
|switch|p2a: Hippowdon|Hippowdon, F|100/100
|-weather|Sandstorm|[from] ability: Sand Stream|[of] p2a: Hippowdon
|move|p1a: InyourFace|Bullet Punch|p2a: Hippowdon
|-damage|p2a: Hippowdon|92/100
|
|-weather|Sandstorm|[upkeep]
|-damage|p1a: InyourFace|94/100|[from] Sandstorm
|upkeep
|turn|4
|
|switch|p1a: Psychotropic|Tsareena, F, shiny|100/100
|-damage|p1a: Psychotropic|88/100|[from] Stealth Rock
|move|p2a: Hippowdon|Yawn|p1a: Psychotropic
|-start|p1a: Psychotropic|move: Yawn|[of] p2a: Hippowdon
|
|-weather|Sandstorm|[upkeep]
|-damage|p1a: Psychotropic|82/100|[from] Sandstorm
|-heal|p1a: Psychotropic|88/100|[from] item: Leftovers
|upkeep
|turn|5
|
|switch|p2a: Seismitoad|Seismitoad, M|10/100
|move|p1a: Psychotropic|Rapid Spin|p2a: Seismitoad
|-damage|p2a: Seismitoad|0 fnt
|-sideend|p1: Magno Von Magnuson|Stealth Rock|[from] move: Rapid Spin|[of] p1a: Psychotropic
|-boost|p1a: Psychotropic|spe|1
|faint|p2a: Seismitoad
|
|-weather|Sandstorm|[upkeep]
|-damage|p1a: Psychotropic|82/100|[from] Sandstorm
|-heal|p1a: Psychotropic|88/100|[from] item: Leftovers
|-end|p1a: Psychotropic|move: Yawn|[silent]
|-status|p1a: Psychotropic|slp
|upkeep
|
|switch|p2a: Cinderace|Cinderace, F|100/100
|turn|6
|
|move|p2a: Cinderace|Pyro Ball|p1a: Psychotropic
|-supereffective|p1a: Psychotropic
|-damage|p1a: Psychotropic|0 fnt
|faint|p1a: Psychotropic
|
|-weather|Sandstorm|[upkeep]
|-damage|p2a: Cinderace|95/100|[from] Sandstorm
|upkeep
|
|switch|p1a: Gojira|Tyranitar, M, shiny|100/100
|turn|7
|
|move|p2a: Cinderace|High Jump Kick|p1a: Gojira
|-supereffective|p1a: Gojira
|-damage|p1a: Gojira|0 fnt
|faint|p1a: Gojira
|
|-weather|none
|upkeep
|c|☆Magno Von Magnuson|fgt
|
|switch|p1a: InyourFace|Machamp, M|94/100
|turn|8
|
|switch|p2a: Dragapult|Dragapult, M|100/100
|move|p1a: InyourFace|Stone Edge|p2a: Dragapult
|-damage|p2a: Dragapult|44/100
|
|upkeep
|turn|9
|
|switch|p2a: Hippowdon|Hippowdon, F|92/100
|-weather|Sandstorm|[from] ability: Sand Stream|[of] p2a: Hippowdon
|move|p1a: InyourFace|Knock Off|p2a: Hippowdon
|-damage|p2a: Hippowdon|72/100
|-enditem|p2a: Hippowdon|Aguav Berry|[from] move: Knock Off|[of] p1a: InyourFace
|
|-weather|Sandstorm|[upkeep]
|-damage|p1a: InyourFace|88/100|[from] Sandstorm
|upkeep
|turn|10
|
|move|p1a: InyourFace|Stone Edge|p2a: Hippowdon
|-resisted|p2a: Hippowdon
|-damage|p2a: Hippowdon|63/100
|move|p2a: Hippowdon|Yawn|p1a: InyourFace
|-start|p1a: InyourFace|move: Yawn|[of] p2a: Hippowdon
|
|-weather|Sandstorm|[upkeep]
|-damage|p1a: InyourFace|82/100|[from] Sandstorm
|upkeep
|turn|11
|
|switch|p1a: Klefka|Clefable, F, shiny|100/100
|move|p2a: Hippowdon|Stealth Rock|p1a: Klefka
|-sidestart|p1: Magno Von Magnuson|move: Stealth Rock
|
|-weather|Sandstorm|[upkeep]
|upkeep
|turn|12
|c|☆Magno Von Magnuson|double fgt
|
|move|p1a: Klefka|Cosmic Power|p1a: Klefka
|-boost|p1a: Klefka|def|1
|-boost|p1a: Klefka|spd|1
|move|p2a: Hippowdon|Yawn|p1a: Klefka
|-start|p1a: Klefka|move: Yawn|[of] p2a: Hippowdon
|
|-weather|Sandstorm|[upkeep]
|upkeep
|turn|13
|
|move|p1a: Klefka|Moonblast|p2a: Hippowdon
|-damage|p2a: Hippowdon|28/100
|-unboost|p2a: Hippowdon|spa|1
|move|p2a: Hippowdon|Slack Off|p2a: Hippowdon
|-heal|p2a: Hippowdon|78/100
|
|-weather|none
|-end|p1a: Klefka|move: Yawn|[silent]
|-status|p1a: Klefka|slp
|upkeep
|turn|14
|
|switch|p1a: Kloyster|Cloyster, F, shiny|100/100
|-damage|p1a: Kloyster|76/100|[from] Stealth Rock
|switch|p2a: Excadrill|Excadrill, F|100/100
|
|upkeep
|turn|15
|
|move|p2a: Excadrill|Rock Slide|p1a: Kloyster
|-supereffective|p1a: Kloyster
|-damage|p1a: Kloyster|24/100
|move|p1a: Kloyster|Shell Smash|p1a: Kloyster
|-unboost|p1a: Kloyster|def|1
|-unboost|p1a: Kloyster|spd|1
|-boost|p1a: Kloyster|atk|2
|-boost|p1a: Kloyster|spa|2
|-boost|p1a: Kloyster|spe|2
|
|upkeep
|turn|16
|
|switch|p2a: Hippowdon|Hippowdon, F|78/100
|-weather|Sandstorm|[from] ability: Sand Stream|[of] p2a: Hippowdon
|move|p1a: Kloyster|Icicle Spear|p2a: Hippowdon
|-supereffective|p2a: Hippowdon
|-damage|p2a: Hippowdon|52/100
|-supereffective|p2a: Hippowdon
|-damage|p2a: Hippowdon|26/100
|-supereffective|p2a: Hippowdon
|-damage|p2a: Hippowdon|2/100
|-supereffective|p2a: Hippowdon
|-damage|p2a: Hippowdon|0 fnt
|-hitcount|p2a: Hippowdon|4
|faint|p2a: Hippowdon
|
|-weather|Sandstorm|[upkeep]
|-damage|p1a: Kloyster|18/100|[from] Sandstorm
|upkeep
|n|!Magno Von Magnuson|magnovonmagnuson
|
|switch|p2a: Excadrill|Excadrill, F|100/100
|turn|17
|
|move|p2a: Excadrill|Iron Head|p1a: Kloyster
|-damage|p1a: Kloyster|0 fnt
|faint|p1a: Kloyster
|
|-weather|Sandstorm|[upkeep]
|upkeep
|inactive|Magno Von Magnuson has 120 seconds left.
|
|switch|p1a: InyourFace|Machamp, M|82/100
|-damage|p1a: InyourFace|76/100|[from] Stealth Rock
|turn|18
|
|move|p2a: Excadrill|Earthquake|p1a: InyourFace
|-damage|p1a: InyourFace|0 fnt
|faint|p1a: InyourFace
|
|-weather|Sandstorm|[upkeep]
|upkeep
|inactive|Magno Von Magnuson has 120 seconds left.
|
|switch|p1a: Chuck Taylor|Shuckle, M, shiny|100/100
|-damage|p1a: Chuck Taylor|75/100|[from] Stealth Rock
|turn|19
|
|move|p2a: Excadrill|Swords Dance|p2a: Excadrill
|-boost|p2a: Excadrill|atk|2
|move|p1a: Chuck Taylor|Shell Smash|p1a: Chuck Taylor
|-boost|p1a: Chuck Taylor|def|1
|-boost|p1a: Chuck Taylor|spd|1
|-unboost|p1a: Chuck Taylor|atk|2
|-unboost|p1a: Chuck Taylor|spa|2
|-unboost|p1a: Chuck Taylor|spe|2
|
|-weather|Sandstorm|[upkeep]
|upkeep
|turn|20
|
|move|p2a: Excadrill|Rock Slide|p1a: Chuck Taylor
|-supereffective|p1a: Chuck Taylor
|-damage|p1a: Chuck Taylor|20/100
|move|p1a: Chuck Taylor|Shell Smash|p1a: Chuck Taylor
|-boost|p1a: Chuck Taylor|def|1
|-boost|p1a: Chuck Taylor|spd|1
|-unboost|p1a: Chuck Taylor|atk|2
|-unboost|p1a: Chuck Taylor|spa|2
|-unboost|p1a: Chuck Taylor|spe|2
|
|-weather|none
|upkeep
|turn|21
|-message|Magno Von Magnuson forfeited.
|
|win|taught him
|l|!Magno Von Magnuson
|raw|Magno Von Magnuson's rating: 1222 → 1195(-27 for losing)
|raw|taught him's rating: 1193 → 1220(+27 for winning)
