|ScrapeTime|2020-01-01-05:44:43
|j|☆SroudDuors
|j|☆Mizzop
|player|p1|SroudDuors|elesa|1467
|player|p2|Mizzop|156|1417
|teamsize|p1|6
|teamsize|p2|6
|gametype|singles
|gen|8
|tier|[Gen 8] OU
|rated|
|rule|Sleep Clause Mod: Limit one foe put to sleep
|rule|Species Clause: Limit one of each Pokémon
|rule|OHKO Clause: OHKO moves are banned
|rule|Evasion Moves Clause: Evasion moves are banned
|rule|Endless Battle Clause: Forcing endless battles is banned
|rule|HP Percentage Mod: HP is shown in percentages
|clearpoke
|poke|p1|Hatterene, F|
|poke|p1|Dragapult, F|
|poke|p1|Mandibuzz, F|
|poke|p1|Haxorus, F|
|poke|p1|Jellicent, F|
|poke|p1|Cinderace, F|
|poke|p2|Dragapult, M|
|poke|p2|Corviknight, M|
|poke|p2|Clefable, M|
|poke|p2|Dracovish|
|poke|p2|Seismitoad, F|
|poke|p2|Conkeldurr, F|
|rule|Dynamax Clause: You cannot dynamax
|teampreview
|inactive|Battle timer is ON: inactive players will automatically lose when time's up. (requested by Mizzop)
|
|start
|switch|p1a: Mandibuzz|Mandibuzz, F|100/100
|switch|p2a: Dragapult|Dragapult, M|100/100
|turn|1
|
|move|p2a: Dragapult|Thunderbolt|p1a: Mandibuzz
|-supereffective|p1a: Mandibuzz
|-damage|p1a: Mandibuzz|34/100
|move|p1a: Mandibuzz|Foul Play|p2a: Dragapult
|-supereffective|p2a: Dragapult
|-damage|p2a: Dragapult|15/100
|
|upkeep
|turn|2
|
|switch|p1a: Haxorus|Haxorus, F, shiny|100/100
|-ability|p1a: Haxorus|Mold Breaker
|move|p2a: Dragapult|Thunderbolt|p1a: Haxorus
|-resisted|p1a: Haxorus
|-damage|p1a: Haxorus|70/100
|
|upkeep
|turn|3
|
|switch|p2a: Corviknight|Corviknight, M|100/100
|-ability|p2a: Corviknight|Pressure
|move|p1a: Haxorus|First Impression|p2a: Corviknight
|-resisted|p2a: Corviknight
|-damage|p2a: Corviknight|91/100
|-damage|p1a: Haxorus|60/100|[from] item: Life Orb
|
|-heal|p2a: Corviknight|97/100|[from] item: Leftovers
|upkeep
|turn|4
|
|switch|p1a: Cinderace|Cinderace, F|100/100
|move|p2a: Corviknight|Bulk Up|p2a: Corviknight
|-boost|p2a: Corviknight|atk|1
|-boost|p2a: Corviknight|def|1
|
|-heal|p2a: Corviknight|100/100|[from] item: Leftovers
|upkeep
|turn|5
|
|switch|p2a: Seismitoad|Seismitoad, F|100/100
|move|p1a: Cinderace|Pyro Ball|p2a: Seismitoad
|-resisted|p2a: Seismitoad
|-damage|p2a: Seismitoad|80/100
|
|-heal|p2a: Seismitoad|86/100|[from] item: Leftovers
|upkeep
|turn|6
|
|switch|p1a: Hatterene|Hatterene, F|100/100
|move|p2a: Seismitoad|Scald|p1a: Hatterene
|-damage|p1a: Hatterene|79/100
|
|-heal|p2a: Seismitoad|92/100|[from] item: Leftovers
|-heal|p1a: Hatterene|85/100|[from] item: Leftovers
|upkeep
|turn|7
|
|move|p2a: Seismitoad|Earthquake|p1a: Hatterene
|-damage|p1a: Hatterene|50/100
|move|p1a: Hatterene|Trick Room|p1a: Hatterene
|-fieldstart|move: Trick Room|[of] p1a: Hatterene
|
|-heal|p1a: Hatterene|56/100|[from] item: Leftovers
|-heal|p2a: Seismitoad|98/100|[from] item: Leftovers
|upkeep
|turn|8
|
|move|p1a: Hatterene|Draining Kiss|p2a: Seismitoad
|-damage|p2a: Seismitoad|64/100
|-heal|p1a: Hatterene|90/100|[from] drain|[of] p2a: Seismitoad
|move|p2a: Seismitoad|Earthquake|p1a: Hatterene
|-damage|p1a: Hatterene|49/100
|
|-heal|p1a: Hatterene|55/100|[from] item: Leftovers
|-heal|p2a: Seismitoad|70/100|[from] item: Leftovers
|upkeep
|turn|9
|
|move|p1a: Hatterene|Draining Kiss|p2a: Seismitoad
|-damage|p2a: Seismitoad|36/100
|-heal|p1a: Hatterene|89/100|[from] drain|[of] p2a: Seismitoad
|move|p2a: Seismitoad|Earthquake|p1a: Hatterene
|-damage|p1a: Hatterene|49/100
|
|-heal|p1a: Hatterene|55/100|[from] item: Leftovers
|-heal|p2a: Seismitoad|42/100|[from] item: Leftovers
|upkeep
|turn|10
|
|move|p1a: Hatterene|Draining Kiss|p2a: Seismitoad
|-crit|p2a: Seismitoad
|-damage|p2a: Seismitoad|0 fnt
|-heal|p1a: Hatterene|96/100|[from] drain|[of] p2a: Seismitoad
|faint|p2a: Seismitoad
|
|-heal|p1a: Hatterene|100/100|[from] item: Leftovers
|upkeep
|
|switch|p2a: Corviknight|Corviknight, M|100/100
|-ability|p2a: Corviknight|Pressure
|turn|11
|
|move|p1a: Hatterene|Mystical Fire|p2a: Corviknight
|-supereffective|p2a: Corviknight
|-damage|p2a: Corviknight|60/100
|-unboost|p2a: Corviknight|spa|1
|move|p2a: Corviknight|Roost|p2a: Corviknight
|-heal|p2a: Corviknight|100/100
|-singleturn|p2a: Corviknight|move: Roost
|
|-fieldend|move: Trick Room
|upkeep
|turn|12
|
|switch|p1a: Mandibuzz|Mandibuzz, F|34/100
|move|p2a: Corviknight|Brave Bird|p1a: Mandibuzz
|-damage|p1a: Mandibuzz|14/100
|-damage|p2a: Corviknight|84/100|[from] item: Rocky Helmet|[of] p1a: Mandibuzz
|-damage|p2a: Corviknight|77/100|[from] Recoil
|
|-heal|p2a: Corviknight|83/100|[from] item: Leftovers
|upkeep
|turn|13
|
|move|p1a: Mandibuzz|Roost|p1a: Mandibuzz
|-heal|p1a: Mandibuzz|64/100
|-singleturn|p1a: Mandibuzz|move: Roost
|move|p2a: Corviknight|Brave Bird|p1a: Mandibuzz
|-damage|p1a: Mandibuzz|41/100
|-damage|p2a: Corviknight|66/100|[from] item: Rocky Helmet|[of] p1a: Mandibuzz
|-damage|p2a: Corviknight|58/100|[from] Recoil
|
|-heal|p2a: Corviknight|64/100|[from] item: Leftovers
|upkeep
|turn|14
|
|switch|p2a: Dragapult|Dragapult, M|15/100
|move|p1a: Mandibuzz|Roost|p1a: Mandibuzz
|-heal|p1a: Mandibuzz|92/100
|-singleturn|p1a: Mandibuzz|move: Roost
|
|upkeep
|turn|15
|
|switch|p1a: Cinderace|Cinderace, F|100/100
|move|p2a: Dragapult|Thunderbolt|p1a: Cinderace
|-damage|p1a: Cinderace|43/100
|
|upkeep
|turn|16
|
|move|p1a: Cinderace|Sucker Punch|p2a: Dragapult
|-supereffective|p2a: Dragapult
|-damage|p2a: Dragapult|0 fnt
|faint|p2a: Dragapult
|
|upkeep
|
|switch|p2a: Corviknight|Corviknight, M|64/100
|-ability|p2a: Corviknight|Pressure
|turn|17
|
|move|p1a: Cinderace|Pyro Ball|p2a: Corviknight
|-supereffective|p2a: Corviknight
|-damage|p2a: Corviknight|0 fnt
|faint|p2a: Corviknight
|
|upkeep
|
|switch|p2a: Dracovish|Dracovish|100/100
|turn|18
|
|switch|p1a: Jellicent|Jellicent, F|100/100
|move|p2a: Dracovish|Psychic Fangs|p1a: Jellicent
|-damage|p1a: Jellicent|63/100
|
|-heal|p1a: Jellicent|70/100|[from] item: Leftovers
|upkeep
|turn|19
|
|switch|p2a: Clefable|Clefable, M|100/100
|move|p1a: Jellicent|Recover|p1a: Jellicent
|-heal|p1a: Jellicent|100/100
|
|upkeep
|turn|20
|
|move|p1a: Jellicent|Shadow Ball|p2a: Clefable
|-damage|p2a: Clefable|78/100
|move|p2a: Clefable|Moonblast|p1a: Jellicent
|-damage|p1a: Jellicent|67/100
|
|-heal|p1a: Jellicent|74/100|[from] item: Leftovers
|upkeep
|turn|21
|
|move|p2a: Clefable|Moonblast|p1a: Jellicent
|-damage|p1a: Jellicent|42/100
|move|p1a: Jellicent|Shadow Ball|p2a: Clefable
|-damage|p2a: Clefable|55/100
|
|-heal|p1a: Jellicent|49/100|[from] item: Leftovers
|upkeep
|turn|22
|
|move|p2a: Clefable|Moonlight|p2a: Clefable
|-heal|p2a: Clefable|100/100
|move|p1a: Jellicent|Recover|p1a: Jellicent
|-heal|p1a: Jellicent|99/100
|
|-heal|p1a: Jellicent|100/100|[from] item: Leftovers
|upkeep
|turn|23
|
|move|p1a: Jellicent|Shadow Ball|p2a: Clefable
|-damage|p2a: Clefable|78/100
|-unboost|p2a: Clefable|spd|1
|move|p2a: Clefable|Moonblast|p1a: Jellicent
|-damage|p1a: Jellicent|69/100
|
|-heal|p1a: Jellicent|75/100|[from] item: Leftovers
|upkeep
|turn|24
|
|move|p2a: Clefable|Moonlight|p2a: Clefable
|-heal|p2a: Clefable|100/100
|move|p1a: Jellicent|Shadow Ball|p2a: Clefable
|-damage|p2a: Clefable|67/100
|
|-heal|p1a: Jellicent|81/100|[from] item: Leftovers
|upkeep
|turn|25
|
|move|p2a: Clefable|Moonblast|p1a: Jellicent
|-damage|p1a: Jellicent|45/100
|move|p1a: Jellicent|Shadow Ball|p2a: Clefable
|-damage|p2a: Clefable|31/100
|
|-heal|p1a: Jellicent|51/100|[from] item: Leftovers
|upkeep
|turn|26
|
|move|p2a: Clefable|Moonlight|p2a: Clefable
|-heal|p2a: Clefable|81/100
|move|p1a: Jellicent|Recover|p1a: Jellicent
|-heal|p1a: Jellicent|100/100
|
|upkeep
|turn|27
|
|move|p2a: Clefable|Moonblast|p1a: Jellicent
|-damage|p1a: Jellicent|68/100
|move|p1a: Jellicent|Shadow Ball|p2a: Clefable
|-crit|p2a: Clefable
|-damage|p2a: Clefable|31/100
|
|-heal|p1a: Jellicent|75/100|[from] item: Leftovers
|upkeep
|turn|28
|
|move|p2a: Clefable|Moonlight|p2a: Clefable
|-heal|p2a: Clefable|81/100
|move|p1a: Jellicent|Shadow Ball|p2a: Clefable
|-damage|p2a: Clefable|48/100
|
|-heal|p1a: Jellicent|81/100|[from] item: Leftovers
|upkeep
|turn|29
|
|move|p2a: Clefable|Moonlight|p2a: Clefable
|-heal|p2a: Clefable|98/100
|move|p1a: Jellicent|Scald|p2a: Clefable
|-crit|p2a: Clefable
|-damage|p2a: Clefable|43/100
|-status|p2a: Clefable|brn
|
|-heal|p1a: Jellicent|87/100|[from] item: Leftovers
|upkeep
|turn|30
|
|move|p2a: Clefable|Moonblast|p1a: Jellicent
|-damage|p1a: Jellicent|56/100
|move|p1a: Jellicent|Scald|p2a: Clefable
|-damage|p2a: Clefable|11/100 brn
|
|-heal|p1a: Jellicent|62/100|[from] item: Leftovers
|upkeep
|turn|31
|
|move|p1a: Jellicent|Recover|p1a: Jellicent
|-heal|p1a: Jellicent|100/100
|move|p2a: Clefable|Moonblast|p1a: Jellicent
|-damage|p1a: Jellicent|67/100
|-unboost|p1a: Jellicent|spa|1
|
|-heal|p1a: Jellicent|74/100|[from] item: Leftovers
|upkeep
|turn|32
|
|move|p1a: Jellicent|Shadow Ball|p2a: Clefable
|-damage|p2a: Clefable|0 fnt
|faint|p2a: Clefable
|
|-heal|p1a: Jellicent|80/100|[from] item: Leftovers
|upkeep
|
|switch|p2a: Conkeldurr|Conkeldurr, F|100/100
|turn|33
|
|switch|p1a: Mandibuzz|Mandibuzz, F|92/100
|move|p2a: Conkeldurr|Thunder Punch|p1a: Mandibuzz
|-supereffective|p1a: Mandibuzz
|-damage|p1a: Mandibuzz|57/100
|-damage|p2a: Conkeldurr|84/100|[from] item: Rocky Helmet|[of] p1a: Mandibuzz
|
|-status|p2a: Conkeldurr|brn|[from] item: Flame Orb
|upkeep
|turn|34
|
|move|p1a: Mandibuzz|Roost|p1a: Mandibuzz
|-heal|p1a: Mandibuzz|100/100
|-singleturn|p1a: Mandibuzz|move: Roost
|move|p2a: Conkeldurr|Thunder Punch|p1a: Mandibuzz
|-damage|p1a: Mandibuzz|76/100
|-damage|p2a: Conkeldurr|67/100 brn|[from] item: Rocky Helmet|[of] p1a: Mandibuzz
|
|-damage|p2a: Conkeldurr|61/100 brn|[from] brn
|upkeep
|turn|35
|
|switch|p1a: Dragapult|Dragapult, F|100/100
|move|p2a: Conkeldurr|Thunder Punch|p1a: Dragapult
|-resisted|p1a: Dragapult
|-damage|p1a: Dragapult|63/100
|
|-damage|p2a: Conkeldurr|55/100 brn|[from] brn
|upkeep
|turn|36
|
|move|p1a: Dragapult|Shadow Ball|p2a: Conkeldurr
|-damage|p2a: Conkeldurr|0 fnt
|faint|p2a: Conkeldurr
|
|upkeep
|
|switch|p2a: Dracovish|Dracovish|100/100
|turn|37
|
|move|p1a: Dragapult|Shadow Ball|p2a: Dracovish
|-damage|p2a: Dracovish|39/100
|move|p2a: Dracovish|Psychic Fangs|p1a: Dragapult
|-damage|p1a: Dragapult|6/100
|
|upkeep
|turn|38
|-message|Mizzop forfeited.
|
|win|SroudDuors
|l|☆Mizzop
|raw|SroudDuors's rating: 1467 → 1484(+17 for winning)
|raw|Mizzop's rating: 1417 → 1400(-17 for losing)
