|ScrapeTime|2020-01-01-13:24:34
|j|☆afakedugong
|j|☆Eunice23
|player|p1|afakedugong|lucas|1745
|player|p2|Eunice23|169|1607
|teamsize|p1|6
|teamsize|p2|6
|gametype|singles
|gen|8
|tier|[Gen 8] OU
|rated|
|rule|Sleep Clause Mod: Limit one foe put to sleep
|rule|Species Clause: Limit one of each Pokémon
|rule|OHKO Clause: OHKO moves are banned
|rule|Evasion Moves Clause: Evasion moves are banned
|rule|Endless Battle Clause: Forcing endless battles is banned
|rule|HP Percentage Mod: HP is shown in percentages
|clearpoke
|poke|p1|Gengar, M|
|poke|p1|Grimmsnarl, M|
|poke|p1|Seismitoad, M|
|poke|p1|Corviknight, F|
|poke|p1|Ferrothorn, M|
|poke|p1|Tyranitar, F|
|poke|p2|Seismitoad, F|
|poke|p2|Corviknight, M|
|poke|p2|Chandelure, M|
|poke|p2|Clefable, F|
|poke|p2|Lucario, F|
|poke|p2|Hydreigon, F|
|rule|Dynamax Clause: You cannot dynamax
|teampreview
|inactive|Battle timer is ON: inactive players will automatically lose when time's up. (requested by Eunice23)
|j| Insectoraga
|
|start
|switch|p1a: Gengar|Gengar, M|100/100
|switch|p2a: Hydreigon|Hydreigon, F|100/100
|turn|1
|
|switch|p1a: Corviknight|Corviknight, F|100/100
|-ability|p1a: Corviknight|Pressure
|move|p2a: Hydreigon|U-turn|p1a: Corviknight
|-resisted|p1a: Corviknight
|-damage|p1a: Corviknight|98/100
|
|switch|p2a: Chandelure|Chandelure, M|100/100|[from]move: U-turn
|-item|p2a: Chandelure|Air Balloon
|
|-heal|p1a: Corviknight|100/100|[from] item: Leftovers
|upkeep
|turn|2
|
|switch|p2a: Lucario|Lucario, F|100/100
|switch|p1a: Tyranitar|Tyranitar, F|100/100
|-weather|Sandstorm|[from] ability: Sand Stream|[of] p1a: Tyranitar
|
|-weather|Sandstorm|[upkeep]
|upkeep
|turn|3
|
|switch|p1a: Corviknight|Corviknight, F|100/100
|-ability|p1a: Corviknight|Pressure
|move|p2a: Lucario|Swords Dance|p2a: Lucario
|-boost|p2a: Lucario|atk|2
|
|-weather|Sandstorm|[upkeep]
|upkeep
|turn|4
|
|move|p2a: Lucario|Close Combat|p1a: Corviknight
|-damage|p1a: Corviknight|0 fnt
|-unboost|p2a: Lucario|def|1
|-unboost|p2a: Lucario|spd|1
|-damage|p2a: Lucario|91/100|[from] item: Life Orb
|faint|p1a: Corviknight
|
|-weather|Sandstorm|[upkeep]
|upkeep
|
|switch|p1a: Gengar|Gengar, M|100/100
|turn|5
|inactive|Eunice23 has 120 seconds left.
|
|switch|p2a: Hydreigon|Hydreigon, F|100/100
|move|p1a: Gengar|Shadow Ball|p2a: Hydreigon
|-resisted|p2a: Hydreigon
|-damage|p2a: Hydreigon|67/100
|-damage|p1a: Gengar|91/100|[from] item: Life Orb
|
|-weather|Sandstorm|[upkeep]
|-damage|p2a: Hydreigon|61/100|[from] Sandstorm
|-damage|p1a: Gengar|84/100|[from] Sandstorm
|upkeep
|turn|6
|
|switch|p1a: Seismitoad|Seismitoad, M|100/100
|move|p2a: Hydreigon|Dark Pulse|p1a: Seismitoad
|-damage|p1a: Seismitoad|62/100
|
|-weather|none
|-heal|p1a: Seismitoad|68/100|[from] item: Leftovers
|upkeep
|turn|7
|
|move|p2a: Hydreigon|Dark Pulse|p1a: Seismitoad
|-damage|p1a: Seismitoad|28/100
|cant|p1a: Seismitoad|flinch
|
|-heal|p1a: Seismitoad|34/100|[from] item: Leftovers
|upkeep
|turn|8
|
|switch|p1a: Grimmsnarl|Grimmsnarl, M|100/100
|move|p2a: Hydreigon|Dark Pulse|p1a: Grimmsnarl
|-resisted|p1a: Grimmsnarl
|-damage|p1a: Grimmsnarl|92/100
|
|-heal|p1a: Grimmsnarl|98/100|[from] item: Leftovers
|upkeep
|turn|9
|inactive|Eunice23 has 120 seconds left.
|
|switch|p2a: Clefable|Clefable, F|100/100
|move|p1a: Grimmsnarl|Substitute|p1a: Grimmsnarl
|-start|p1a: Grimmsnarl|Substitute
|-damage|p1a: Grimmsnarl|73/100
|
|-heal|p1a: Grimmsnarl|79/100|[from] item: Leftovers
|upkeep
|turn|10
|
|move|p1a: Grimmsnarl|Spirit Break|p2a: Clefable
|-damage|p2a: Clefable|71/100
|-unboost|p2a: Clefable|spa|1
|move|p2a: Clefable|Moonblast|p1a: Grimmsnarl
|-supereffective|p1a: Grimmsnarl
|-end|p1a: Grimmsnarl|Substitute
|
|-heal|p1a: Grimmsnarl|86/100|[from] item: Leftovers
|-heal|p2a: Clefable|77/100|[from] item: Leftovers
|upkeep
|turn|11
|
|switch|p1a: Ferrothorn|Ferrothorn, M|100/100
|move|p2a: Clefable|Thunder Wave|p1a: Ferrothorn
|-status|p1a: Ferrothorn|par
|
|-heal|p2a: Clefable|83/100|[from] item: Leftovers
|upkeep
|turn|12
|
|switch|p2a: Chandelure|Chandelure, M|100/100
|-item|p2a: Chandelure|Air Balloon
|move|p1a: Ferrothorn|Knock Off|p2a: Chandelure
|-supereffective|p2a: Chandelure
|-damage|p2a: Chandelure|41/100
|-enditem|p2a: Chandelure|Air Balloon
|
|upkeep
|turn|13
|
|switch|p2a: Lucario|Lucario, F|91/100
|move|p1a: Ferrothorn|Knock Off|p2a: Lucario
|-resisted|p2a: Lucario
|-damage|p2a: Lucario|74/100
|-ability|p2a: Lucario|Justified|boost
|-boost|p2a: Lucario|atk|1
|-enditem|p2a: Lucario|Life Orb|[from] move: Knock Off|[of] p1a: Ferrothorn
|
|upkeep
|turn|14
|
|switch|p1a: Seismitoad|Seismitoad, M|34/100
|move|p2a: Lucario|Swords Dance|p2a: Lucario
|-boost|p2a: Lucario|atk|2
|
|-heal|p1a: Seismitoad|40/100|[from] item: Leftovers
|upkeep
|turn|15
|
|move|p2a: Lucario|Earthquake|p1a: Seismitoad
|-damage|p1a: Seismitoad|0 fnt
|faint|p1a: Seismitoad
|
|upkeep
|
|switch|p1a: Gengar|Gengar, M|84/100
|turn|16
|
|move|p2a: Lucario|Bullet Punch|p1a: Gengar
|-damage|p1a: Gengar|0 fnt
|faint|p1a: Gengar
|
|upkeep
|c|☆afakedugong|gg
|-message|afakedugong forfeited.
|
|win|Eunice23
|l|☆afakedugong
|raw|afakedugong's rating: 1745 → 1717(-28 for losing)
|raw|Eunice23's rating: 1608 → 1635(+27 for winning)
|c|☆Eunice23|gg
