|ScrapeTime|2020-01-02-07:55:38
|j|☆smiley1998
|j|☆cummman
|player|p1|smiley1998|33|1312
|player|p2|cummman|102|1232
|teamsize|p1|6
|teamsize|p2|6
|gametype|singles
|gen|8
|tier|[Gen 8] OU
|rated|
|rule|Sleep Clause Mod: Limit one foe put to sleep
|rule|Species Clause: Limit one of each Pokémon
|rule|OHKO Clause: OHKO moves are banned
|rule|Evasion Moves Clause: Evasion moves are banned
|rule|Endless Battle Clause: Forcing endless battles is banned
|rule|HP Percentage Mod: HP is shown in percentages
|clearpoke
|poke|p1|Mamoswine, M|
|poke|p1|Dracovish|
|poke|p1|Grimmsnarl, M|
|poke|p1|Dragapult, M|
|poke|p1|Rillaboom, F|
|poke|p1|Corviknight, F|
|poke|p2|Steelix, F|
|poke|p2|Conkeldurr, F|
|poke|p2|Rotom-Mow|
|poke|p2|Dragapult, M|
|poke|p2|Seismitoad, F|
|poke|p2|Weezing-Galar, F|
|rule|Dynamax Clause: You cannot dynamax
|teampreview
|
|start
|switch|p1a: Rillaboom|Rillaboom, F|100/100
|switch|p2a: Dragapult|Dragapult, M|100/100
|turn|1
|inactive|Battle timer is ON: inactive players will automatically lose when time's up. (requested by cummman)
|
|move|p2a: Dragapult|Fire Blast|p1a: Rillaboom
|-supereffective|p1a: Rillaboom
|-damage|p1a: Rillaboom|13/100
|move|p1a: Rillaboom|Drum Beating|p2a: Dragapult
|-resisted|p2a: Dragapult
|-damage|p2a: Dragapult|60/100
|-unboost|p2a: Dragapult|spe|1
|
|upkeep
|turn|2
|
|move|p2a: Dragapult|Fire Blast|p1a: Rillaboom
|-supereffective|p1a: Rillaboom
|-damage|p1a: Rillaboom|0 fnt
|faint|p1a: Rillaboom
|
|upkeep
|
|switch|p1a: Dracovish|Dracovish|100/100
|turn|3
|
|switch|p2a: Seismitoad|Seismitoad, F|100/100
|move|p1a: Dracovish|Crunch|p2a: Seismitoad
|-damage|p2a: Seismitoad|61/100
|
|-heal|p2a: Seismitoad|67/100|[from] item: Leftovers
|upkeep
|turn|4
|
|switch|p1a: Dragapult|Dragapult, M|100/100
|switch|p2a: Steelix|Steelix, F|100/100
|
|upkeep
|turn|5
|
|move|p1a: Dragapult|U-turn|p2a: Steelix
|-resisted|p2a: Steelix
|-damage|p2a: Steelix|97/100
|
|switch|p1a: Dracovish|Dracovish|100/100|[from]move: U-turn
|move|p2a: Steelix|Dragon Tail|p1a: Dracovish
|-supereffective|p1a: Dracovish
|-damage|p1a: Dracovish|73/100
|drag|p1a: Dragapult|Dragapult, M|100/100
|
|-heal|p2a: Steelix|100/100|[from] item: Leftovers
|upkeep
|turn|6
|
|move|p1a: Dragapult|Shadow Ball|p2a: Steelix
|-damage|p2a: Steelix|28/100
|move|p2a: Steelix|Body Press|p1a: Dragapult
|-immune|p1a: Dragapult
|
|-heal|p2a: Steelix|34/100|[from] item: Leftovers
|upkeep
|turn|7
|
|switch|p2a: Weezing|Weezing-Galar, F|100/100
|move|p1a: Dragapult|Shadow Ball|p2a: Weezing
|-damage|p2a: Weezing|27/100
|-unboost|p2a: Weezing|spd|1
|
|-heal|p2a: Weezing|33/100|[from] item: Leftovers
|upkeep
|turn|8
|
|move|p1a: Dragapult|Shadow Ball|p2a: Weezing
|-damage|p2a: Weezing|0 fnt
|faint|p2a: Weezing
|
|upkeep
|
|switch|p2a: Dragapult|Dragapult, M|60/100
|turn|9
|
|switch|p1a: Grimmsnarl|Grimmsnarl, M|100/100
|move|p2a: Dragapult|Draco Meteor|p1a: Grimmsnarl
|-immune|p1a: Grimmsnarl
|
|upkeep
|turn|10
|
|switch|p2a: Steelix|Steelix, F|34/100
|move|p1a: Grimmsnarl|Reflect|p1a: Grimmsnarl
|-sidestart|p1: smiley1998|Reflect
|
|-heal|p2a: Steelix|41/100|[from] item: Leftovers
|upkeep
|turn|11
|
|switch|p1a: Mamoswine|Mamoswine, M|100/100
|move|p2a: Steelix|Heavy Slam|p1a: Mamoswine
|-supereffective|p1a: Mamoswine
|-damage|p1a: Mamoswine|88/100
|
|-heal|p2a: Steelix|47/100|[from] item: Leftovers
|upkeep
|turn|12
|
|switch|p2a: Rotom|Rotom-Mow|100/100
|move|p1a: Mamoswine|Icicle Crash|p2a: Rotom
|-supereffective|p2a: Rotom
|-damage|p2a: Rotom|1/100
|
|upkeep
|turn|13
|
|move|p1a: Mamoswine|Ice Shard|p2a: Rotom
|-supereffective|p2a: Rotom
|-damage|p2a: Rotom|0 fnt
|faint|p2a: Rotom
|
|upkeep
|
|switch|p2a: Dragapult|Dragapult, M|60/100
|turn|14
|
|move|p1a: Mamoswine|Ice Shard|p2a: Dragapult
|-supereffective|p2a: Dragapult
|-damage|p2a: Dragapult|3/100
|move|p2a: Dragapult|Fire Blast|p1a: Mamoswine
|-supereffective|p1a: Mamoswine
|-damage|p1a: Mamoswine|0 fnt
|faint|p1a: Mamoswine
|
|upkeep
|
|switch|p1a: Grimmsnarl|Grimmsnarl, M|100/100
|turn|15
|
|switch|p2a: Steelix|Steelix, F|47/100
|move|p1a: Grimmsnarl|Sucker Punch||[still]
|-fail|p1a: Grimmsnarl
|
|-heal|p2a: Steelix|53/100|[from] item: Leftovers
|upkeep
|turn|16
|
|move|p1a: Grimmsnarl|Light Screen|p1a: Grimmsnarl
|-sidestart|p1: smiley1998|move: Light Screen
|move|p2a: Steelix|Heavy Slam|p1a: Grimmsnarl
|-supereffective|p1a: Grimmsnarl
|-damage|p1a: Grimmsnarl|56/100
|
|-heal|p2a: Steelix|59/100|[from] item: Leftovers
|upkeep
|turn|17
|
|switch|p1a: Dracovish|Dracovish|73/100
|move|p2a: Steelix|Body Press|p1a: Dracovish
|-damage|p1a: Dracovish|51/100
|
|-heal|p2a: Steelix|66/100|[from] item: Leftovers
|-sideend|p1: smiley1998|Reflect
|upkeep
|turn|18
|
|switch|p2a: Seismitoad|Seismitoad, F|67/100
|move|p1a: Dracovish|Psychic Fangs|p2a: Seismitoad
|-damage|p2a: Seismitoad|24/100
|
|-heal|p2a: Seismitoad|30/100|[from] item: Leftovers
|upkeep
|turn|19
|
|switch|p1a: Corviknight|Corviknight, F|100/100
|-ability|p1a: Corviknight|Pressure
|switch|p2a: Steelix|Steelix, F|66/100
|
|-heal|p2a: Steelix|72/100|[from] item: Leftovers
|upkeep
|turn|20
|
|move|p1a: Corviknight|U-turn|p2a: Steelix
|-resisted|p2a: Steelix
|-damage|p2a: Steelix|69/100
|
|switch|p1a: Grimmsnarl|Grimmsnarl, M|56/100|[from]move: U-turn
|move|p2a: Steelix|Iron Defense|p2a: Steelix
|-boost|p2a: Steelix|def|2
|
|-heal|p2a: Steelix|75/100|[from] item: Leftovers
|upkeep
|turn|21
|
|move|p1a: Grimmsnarl|Reflect|p1a: Grimmsnarl
|-sidestart|p1: smiley1998|Reflect
|move|p2a: Steelix|Dragon Tail|p1a: Grimmsnarl
|-immune|p1a: Grimmsnarl
|
|-heal|p2a: Steelix|81/100|[from] item: Leftovers
|upkeep
|turn|22
|
|move|p1a: Grimmsnarl|Sucker Punch|p2a: Steelix
|-damage|p2a: Steelix|75/100
|move|p2a: Steelix|Body Press|p1a: Grimmsnarl
|-damage|p1a: Grimmsnarl|5/100
|
|-heal|p2a: Steelix|81/100|[from] item: Leftovers
|upkeep
|turn|23
|
|move|p1a: Grimmsnarl|Sucker Punch|p2a: Steelix
|-damage|p2a: Steelix|75/100
|move|p2a: Steelix|Heavy Slam|p1a: Grimmsnarl
|-supereffective|p1a: Grimmsnarl
|-damage|p1a: Grimmsnarl|0 fnt
|faint|p1a: Grimmsnarl
|
|-heal|p2a: Steelix|82/100|[from] item: Leftovers
|-sideend|p1: smiley1998|move: Light Screen
|upkeep
|
|switch|p1a: Dracovish|Dracovish|51/100
|turn|24
|
|move|p1a: Dracovish|Fishious Rend|p2a: Steelix
|-supereffective|p2a: Steelix
|-damage|p2a: Steelix|8/100
|move|p2a: Steelix|Dragon Tail|p1a: Dracovish
|-supereffective|p1a: Dracovish
|-damage|p1a: Dracovish|38/100
|drag|p1a: Dragapult|Dragapult, M|100/100
|
|-heal|p2a: Steelix|15/100|[from] item: Leftovers
|upkeep
|turn|25
|
|move|p1a: Dragapult|Shadow Ball|p2a: Steelix
|-damage|p2a: Steelix|0 fnt
|faint|p2a: Steelix
|
|upkeep
|
|switch|p2a: Dragapult|Dragapult, M|3/100
|turn|26
|
|switch|p1a: Corviknight|Corviknight, F|100/100
|-ability|p1a: Corviknight|Pressure
|move|p2a: Dragapult|Draco Meteor|p1a: Corviknight
|-resisted|p1a: Corviknight
|-damage|p1a: Corviknight|72/100
|-unboost|p2a: Dragapult|spa|2
|
|-heal|p1a: Corviknight|78/100|[from] item: Leftovers
|upkeep
|turn|27
|
|switch|p2a: Seismitoad|Seismitoad, F|30/100
|move|p1a: Corviknight|U-turn|p2a: Seismitoad
|-damage|p2a: Seismitoad|21/100
|
|switch|p1a: Dragapult|Dragapult, M|100/100|[from]move: U-turn
|
|-heal|p2a: Seismitoad|27/100|[from] item: Leftovers
|upkeep
|turn|28
|
|move|p1a: Dragapult|Shadow Ball|p2a: Seismitoad
|-damage|p2a: Seismitoad|0 fnt
|faint|p2a: Seismitoad
|
|-sideend|p1: smiley1998|Reflect
|upkeep
|
|switch|p2a: Dragapult|Dragapult, M|3/100
|turn|29
|
|switch|p1a: Dracovish|Dracovish|38/100
|move|p2a: Dragapult|Fire Blast|p1a: Dracovish
|-resisted|p1a: Dracovish
|-damage|p1a: Dracovish|26/100
|
|upkeep
|turn|30
|
|switch|p2a: Conkeldurr|Conkeldurr, F|100/100
|move|p1a: Dracovish|Fishious Rend|p2a: Conkeldurr
|-damage|p2a: Conkeldurr|0 fnt
|faint|p2a: Conkeldurr
|
|upkeep
|
|switch|p2a: Dragapult|Dragapult, M|3/100
|turn|31
|
|move|p2a: Dragapult|Draco Meteor|p1a: Dracovish
|-supereffective|p1a: Dracovish
|-damage|p1a: Dracovish|0 fnt
|-unboost|p2a: Dragapult|spa|2
|faint|p1a: Dracovish
|
|upkeep
|
|switch|p1a: Corviknight|Corviknight, F|78/100
|-ability|p1a: Corviknight|Pressure
|turn|32
|c|☆cummman|dog shit
|-message|cummman forfeited.
|
|win|smiley1998
|l|☆cummman
|c|☆smiley1998|gg
|raw|smiley1998's rating: 1312 → 1328(+16 for winning)
|raw|cummman's rating: 1232 → 1212(-20 for losing)
