|ScrapeTime|2020-01-02-14:36:24
|j|☆ErsGuterZokka
|j|☆Samwise777
|player|p1|ErsGuterZokka|cyrus|1317
|player|p2|Samwise777|265|1320
|teamsize|p1|6
|teamsize|p2|6
|gametype|singles
|gen|8
|tier|[Gen 8] OU
|rated|
|rule|Sleep Clause Mod: Limit one foe put to sleep
|rule|Species Clause: Limit one of each Pokémon
|rule|OHKO Clause: OHKO moves are banned
|rule|Evasion Moves Clause: Evasion moves are banned
|rule|Endless Battle Clause: Forcing endless battles is banned
|rule|HP Percentage Mod: HP is shown in percentages
|clearpoke
|poke|p1|Espeon, M|
|poke|p1|Ferrothorn, M|
|poke|p1|Centiskorch, F|
|poke|p1|Polteageist|
|poke|p1|Rotom-Mow|
|poke|p1|Ditto|
|poke|p2|Hitmonlee, M|
|poke|p2|Espeon, M|
|poke|p2|Hydreigon, M|
|poke|p2|Aegislash, M|
|poke|p2|Clefable, F|
|poke|p2|Cinderace, M|
|rule|Dynamax Clause: You cannot dynamax
|teampreview
|
|start
|switch|p1a: Centiskorch|Centiskorch, F|100/100
|switch|p2a: Cinderace|Cinderace, M|100/100
|turn|1
|
|move|p2a: Cinderace|Taunt|p1a: Centiskorch
|-start|p1a: Centiskorch|move: Taunt
|move|p1a: Centiskorch|Fire Lash|p2a: Cinderace
|-resisted|p2a: Cinderace
|-damage|p2a: Cinderace|73/100
|-unboost|p2a: Cinderace|def|1
|
|upkeep
|turn|2
|
|switch|p2a: Clefable|Clefable, F|100/100
|move|p1a: Centiskorch|Fire Lash|p2a: Clefable
|-damage|p2a: Clefable|70/100
|-unboost|p2a: Clefable|def|1
|
|-heal|p2a: Clefable|76/100|[from] item: Leftovers
|upkeep
|turn|3
|
|move|p1a: Centiskorch|Fire Lash|p2a: Clefable
|-damage|p2a: Clefable|25/100
|-unboost|p2a: Clefable|def|1
|move|p2a: Clefable|Stealth Rock|p1a: Centiskorch
|-sidestart|p1: ErsGuterZokka|move: Stealth Rock
|
|-heal|p2a: Clefable|31/100|[from] item: Leftovers
|-end|p1a: Centiskorch|move: Taunt
|upkeep
|turn|4
|
|switch|p2a: Hydreigon|Hydreigon, M|100/100
|move|p1a: Centiskorch|Fire Lash|p2a: Hydreigon
|-resisted|p2a: Hydreigon
|-damage|p2a: Hydreigon|72/100
|-unboost|p2a: Hydreigon|def|1
|
|upkeep
|turn|5
|
|switch|p1a: Ferrothorn|Ferrothorn, M|100/100
|-damage|p1a: Ferrothorn|94/100|[from] Stealth Rock
|move|p2a: Hydreigon|Draco Meteor|p1a: Ferrothorn
|-resisted|p1a: Ferrothorn
|-damage|p1a: Ferrothorn|68/100
|-unboost|p2a: Hydreigon|spa|2
|
|-heal|p1a: Ferrothorn|75/100|[from] item: Leftovers
|upkeep
|turn|6
|
|switch|p2a: Cinderace|Cinderace, M|73/100
|move|p1a: Ferrothorn|Knock Off|p2a: Cinderace
|-damage|p2a: Cinderace|43/100
|-enditem|p2a: Cinderace|Focus Sash|[from] move: Knock Off|[of] p1a: Ferrothorn
|
|-heal|p1a: Ferrothorn|81/100|[from] item: Leftovers
|upkeep
|turn|7
|
|switch|p1a: Centiskorch|Centiskorch, F|100/100
|move|p2a: Cinderace|Taunt|p1a: Centiskorch
|-start|p1a: Centiskorch|move: Taunt
|
|upkeep
|turn|8
|
|move|p2a: Cinderace|Sucker Punch|p1a: Centiskorch
|-damage|p1a: Centiskorch|71/100
|move|p1a: Centiskorch|Leech Life|p2a: Cinderace
|-resisted|p2a: Cinderace
|-damage|p2a: Cinderace|10/100
|-heal|p1a: Centiskorch|83/100|[from] drain|[of] p2a: Cinderace
|
|upkeep
|turn|9
|
|move|p2a: Cinderace|Sucker Punch|p1a: Centiskorch
|-damage|p1a: Centiskorch|58/100
|move|p1a: Centiskorch|Leech Life|p2a: Cinderace
|-resisted|p2a: Cinderace
|-damage|p2a: Cinderace|0 fnt
|-heal|p1a: Centiskorch|62/100|[from] drain|[of] p2a: Cinderace
|faint|p2a: Cinderace
|
|-end|p1a: Centiskorch|move: Taunt
|upkeep
|inactive|Battle timer is ON: inactive players will automatically lose when time's up. (requested by ErsGuterZokka)
|
|switch|p2a: Espeon|Espeon, M|100/100
|turn|10
|
|switch|p1a: Ferrothorn|Ferrothorn, M|81/100
|-damage|p1a: Ferrothorn|75/100|[from] Stealth Rock
|move|p2a: Espeon|Psychic|p1a: Ferrothorn
|-resisted|p1a: Ferrothorn
|-damage|p1a: Ferrothorn|43/100
|
|-heal|p1a: Ferrothorn|49/100|[from] item: Leftovers
|upkeep
|turn|11
|
|switch|p2a: Hitmonlee|Hitmonlee, M|100/100
|move|p1a: Ferrothorn|Knock Off|p2a: Hitmonlee
|-resisted|p2a: Hitmonlee
|-damage|p2a: Hitmonlee|75/100
|-enditem|p2a: Hitmonlee|Assault Vest|[from] move: Knock Off|[of] p1a: Ferrothorn
|
|-heal|p1a: Ferrothorn|56/100|[from] item: Leftovers
|upkeep
|turn|12
|
|move|p2a: Hitmonlee|High Jump Kick|p1a: Ferrothorn
|-supereffective|p1a: Ferrothorn
|-damage|p1a: Ferrothorn|0 fnt
|-damage|p2a: Hitmonlee|62/100|[from] ability: Iron Barbs|[of] p1a: Ferrothorn
|faint|p1a: Ferrothorn
|
|upkeep
|
|switch|p1a: Polteageist|Polteageist|100/100
|-damage|p1a: Polteageist|88/100|[from] Stealth Rock
|turn|13
|
|move|p2a: Hitmonlee|Blaze Kick|p1a: Polteageist
|-damage|p1a: Polteageist|40/100
|-ability|p1a: Polteageist|Weak Armor|boost
|-unboost|p1a: Polteageist|def|1
|-boost|p1a: Polteageist|spe|2
|-enditem|p1a: Polteageist|White Herb
|-clearnegativeboost|p1a: Polteageist|[silent]
|move|p1a: Polteageist|Psyshock|p2a: Hitmonlee
|-supereffective|p2a: Hitmonlee
|-damage|p2a: Hitmonlee|0 fnt
|faint|p2a: Hitmonlee
|
|upkeep
|
|switch|p2a: Hydreigon|Hydreigon, M|72/100
|turn|14
|
|move|p2a: Hydreigon|Dark Pulse|p1a: Polteageist
|-supereffective|p1a: Polteageist
|-damage|p1a: Polteageist|0 fnt
|faint|p1a: Polteageist
|
|upkeep
|
|switch|p1a: Ditto|Ditto|100/100
|-damage|p1a: Ditto|88/100|[from] Stealth Rock
|-transform|p1a: Ditto|p2a: Hydreigon|[from] ability: Imposter
|turn|15
|
|switch|p2a: Clefable|Clefable, F|31/100
|move|p1a: Ditto|U-turn|p2a: Clefable
|-resisted|p2a: Clefable
|-damage|p2a: Clefable|25/100
|
|switch|p1a: Centiskorch|Centiskorch, F|62/100|[from]move: U-turn
|
|-heal|p2a: Clefable|31/100|[from] item: Leftovers
|upkeep
|turn|16
|
|move|p1a: Centiskorch|Fire Lash|p2a: Clefable
|-damage|p2a: Clefable|0 fnt
|faint|p2a: Clefable
|
|upkeep
|
|switch|p2a: Espeon|Espeon, M|100/100
|turn|17
|
|move|p2a: Espeon|Shadow Ball|p1a: Centiskorch
|-damage|p1a: Centiskorch|23/100
|move|p1a: Centiskorch|Leech Life|p2a: Espeon
|-supereffective|p2a: Espeon
|-damage|p2a: Espeon|0 fnt
|-heal|p1a: Centiskorch|57/100|[from] drain|[of] p2a: Espeon
|faint|p2a: Espeon
|
|upkeep
|
|switch|p2a: Hydreigon|Hydreigon, M|72/100
|turn|18
|
|switch|p1a: Espeon|Espeon, M|100/100
|-damage|p1a: Espeon|88/100|[from] Stealth Rock
|move|p2a: Hydreigon|Draco Meteor|p1a: Espeon
|-damage|p1a: Espeon|30/100
|-unboost|p2a: Hydreigon|spa|2
|
|-heal|p1a: Espeon|36/100|[from] item: Leftovers
|upkeep
|turn|19
|
|move|p2a: Hydreigon|Draco Meteor|p1a: Espeon
|-damage|p1a: Espeon|5/100
|-unboost|p2a: Hydreigon|spa|2
|move|p1a: Espeon|Morning Sun|p1a: Espeon
|-heal|p1a: Espeon|55/100
|
|-heal|p1a: Espeon|61/100|[from] item: Leftovers
|upkeep
|turn|20
|
|switch|p2a: Aegislash|Aegislash, M|100/100
|move|p1a: Espeon|Calm Mind|p1a: Espeon
|-boost|p1a: Espeon|spa|1
|-boost|p1a: Espeon|spd|1
|
|-heal|p1a: Espeon|67/100|[from] item: Leftovers
|upkeep
|turn|21
|
|move|p1a: Espeon|Curse|p1a: Espeon
|-unboost|p1a: Espeon|spe|1
|-boost|p1a: Espeon|atk|1
|-boost|p1a: Espeon|def|1
|move|p2a: Aegislash|Swords Dance|p2a: Aegislash
|-boost|p2a: Aegislash|atk|2
|
|-heal|p1a: Espeon|73/100|[from] item: Leftovers
|upkeep
|turn|22
|
|-formechange|p2a: Aegislash|Aegislash-Blade||[from] ability: Stance Change
|move|p2a: Aegislash|Shadow Sneak|p1a: Espeon
|-supereffective|p1a: Espeon
|-damage|p1a: Espeon|0 fnt
|faint|p1a: Espeon
|
|upkeep
|
|switch|p1a: Ditto|Ditto|88/100
|-damage|p1a: Ditto|76/100|[from] Stealth Rock
|-transform|p1a: Ditto|p2a: Aegislash|[from] ability: Imposter
|turn|23
|
|switch|p1a: Centiskorch|Centiskorch, F|57/100
|-formechange|p2a: Aegislash|Aegislash||[from] ability: Stance Change
|move|p2a: Aegislash|King's Shield||[still]
|-fail|p2a: Aegislash
|
|upkeep
|turn|24
|
|move|p2a: Aegislash|King's Shield|p2a: Aegislash
|-singleturn|p2a: Aegislash|Protect
|move|p1a: Centiskorch|Coil|p1a: Centiskorch
|-boost|p1a: Centiskorch|atk|1
|-boost|p1a: Centiskorch|def|1
|-boost|p1a: Centiskorch|accuracy|1
|
|upkeep
|turn|25
|
|-formechange|p2a: Aegislash|Aegislash-Blade||[from] ability: Stance Change
|move|p2a: Aegislash|Shadow Sneak|p1a: Centiskorch
|-damage|p1a: Centiskorch|16/100
|move|p1a: Centiskorch|Fire Lash|p2a: Aegislash
|-supereffective|p2a: Aegislash
|-damage|p2a: Aegislash|0 fnt
|faint|p2a: Aegislash
|
|upkeep
|
|switch|p2a: Hydreigon|Hydreigon, M|72/100
|turn|26
|
|move|p2a: Hydreigon|Dark Pulse|p1a: Centiskorch
|-damage|p1a: Centiskorch|0 fnt
|faint|p1a: Centiskorch
|
|upkeep
|
|switch|p1a: Ditto|Ditto|76/100
|-damage|p1a: Ditto|63/100|[from] Stealth Rock
|-transform|p1a: Ditto|p2a: Hydreigon|[from] ability: Imposter
|turn|27
|
|move|p2a: Hydreigon|Dark Pulse|p1a: Ditto
|-resisted|p1a: Ditto
|-damage|p1a: Ditto|36/100
|move|p1a: Ditto|Draco Meteor|p2a: Hydreigon
|-supereffective|p2a: Hydreigon
|-damage|p2a: Hydreigon|0 fnt
|-unboost|p1a: Ditto|spa|2
|faint|p2a: Hydreigon
|
|win|ErsGuterZokka
|raw|ErsGuterZokka's rating: 1317 → 1337(+20 for winning)
|raw|Samwise777's rating: 1320 → 1300(-20 for losing)
|l|☆Samwise777
