|ScrapeTime|2020-01-01-22:58:26
|j|☆Zecular
|j|☆the rng is rigged
|player|p1|Zecular|262|1311
|player|p2|the rng is rigged|policeman-gen4|1291
|teamsize|p1|6
|teamsize|p2|6
|gametype|singles
|gen|8
|tier|[Gen 8] OU
|rated|
|rule|Sleep Clause Mod: Limit one foe put to sleep
|rule|Species Clause: Limit one of each Pokémon
|rule|OHKO Clause: OHKO moves are banned
|rule|Evasion Moves Clause: Evasion moves are banned
|rule|Endless Battle Clause: Forcing endless battles is banned
|rule|HP Percentage Mod: HP is shown in percentages
|clearpoke
|poke|p1|Excadrill, M|
|poke|p1|Tyranitar, M|
|poke|p1|Sableye, M|
|poke|p1|Dragapult, M|
|poke|p1|Ferrothorn, F|
|poke|p1|Tsareena, F|
|poke|p2|Sigilyph, M|
|poke|p2|Accelgor, F|
|poke|p2|Cloyster, M|
|poke|p2|Corviknight, M|
|poke|p2|Shedinja|
|poke|p2|Reuniclus, M|
|rule|Dynamax Clause: You cannot dynamax
|teampreview
|
|start
|switch|p1a: Dragapult|Dragapult, M|100/100
|switch|p2a: Accelgor|Accelgor, F|100/100
|turn|1
|
|move|p2a: Accelgor|Spikes|p1a: Dragapult
|-sidestart|p1: Zecular|Spikes
|move|p1a: Dragapult|Shadow Ball|p2a: Accelgor
|-enditem|p2a: Accelgor|Focus Sash
|-damage|p2a: Accelgor|1/100
|
|upkeep
|turn|2
|
|move|p2a: Accelgor|Yawn|p1a: Dragapult
|-start|p1a: Dragapult|move: Yawn|[of] p2a: Accelgor
|move|p1a: Dragapult|Shadow Ball|p2a: Accelgor
|-damage|p2a: Accelgor|0 fnt
|faint|p2a: Accelgor
|
|upkeep
|
|switch|p2a: Shedinja|Shedinja|100/100
|turn|3
|
|switch|p1a: Sableye|Sableye, M|100/100
|-damage|p1a: Sableye|88/100|[from] Spikes
|move|p2a: Shedinja|Will-O-Wisp|p1a: Sableye
|-status|p1a: Sableye|brn
|
|-heal|p1a: Sableye|94/100 brn|[from] item: Leftovers
|-damage|p1a: Sableye|88/100 brn|[from] brn
|upkeep
|turn|4
|
|move|p2a: Shedinja|Protect|p2a: Shedinja
|-singleturn|p2a: Shedinja|Protect
|move|p1a: Sableye|Will-O-Wisp|p2a: Shedinja
|-activate|p2a: Shedinja|move: Protect
|
|-heal|p1a: Sableye|94/100 brn|[from] item: Leftovers
|-damage|p1a: Sableye|88/100 brn|[from] brn
|upkeep
|turn|5
|
|switch|p2a: Reuniclus|Reuniclus, M|100/100
|move|p1a: Sableye|Knock Off|p2a: Reuniclus
|-supereffective|p2a: Reuniclus
|-enditem|p2a: Reuniclus|Colbur Berry|[eat]
|-enditem|p2a: Reuniclus|Colbur Berry|[weaken]
|-damage|p2a: Reuniclus|90/100
|
|-heal|p1a: Sableye|94/100 brn|[from] item: Leftovers
|-damage|p1a: Sableye|88/100 brn|[from] brn
|upkeep
|turn|6
|
|move|p1a: Sableye|Taunt|p2a: Reuniclus
|-start|p2a: Reuniclus|move: Taunt
|cant|p2a: Reuniclus|move: Taunt|Acid Armor
|
|-heal|p1a: Sableye|94/100 brn|[from] item: Leftovers
|-damage|p1a: Sableye|88/100 brn|[from] brn
|upkeep
|turn|7
|
|switch|p2a: Shedinja|Shedinja|100/100
|move|p1a: Sableye|Knock Off|p2a: Shedinja
|-supereffective|p2a: Shedinja
|-damage|p2a: Shedinja|0 fnt
|-enditem|p2a: Shedinja|Heavy-Duty Boots|[from] move: Knock Off|[of] p1a: Sableye
|faint|p2a: Shedinja
|
|-heal|p1a: Sableye|94/100 brn|[from] item: Leftovers
|-damage|p1a: Sableye|88/100 brn|[from] brn
|upkeep
|
|switch|p2a: Cloyster|Cloyster, M|100/100
|turn|8
|
|move|p1a: Sableye|Taunt|p2a: Cloyster
|-start|p2a: Cloyster|move: Taunt
|cant|p2a: Cloyster|move: Taunt|Shell Smash
|
|-heal|p1a: Sableye|94/100 brn|[from] item: Leftovers
|-damage|p1a: Sableye|88/100 brn|[from] brn
|upkeep
|turn|9
|
|switch|p2a: Sigilyph|Sigilyph, M|100/100
|move|p1a: Sableye|Will-O-Wisp|p2a: Sigilyph
|-status|p2a: Sigilyph|brn
|
|-heal|p1a: Sableye|94/100 brn|[from] item: Leftovers
|-damage|p1a: Sableye|88/100 brn|[from] brn
|upkeep
|turn|10
|
|move|p1a: Sableye|Taunt|p2a: Sigilyph
|-start|p2a: Sigilyph|move: Taunt
|cant|p2a: Sigilyph|move: Taunt|Cosmic Power
|
|-heal|p1a: Sableye|94/100 brn|[from] item: Leftovers
|-damage|p1a: Sableye|88/100 brn|[from] brn
|upkeep
|turn|11
|
|switch|p2a: Corviknight|Corviknight, M|100/100
|move|p1a: Sableye|Knock Off|p2a: Corviknight
|-damage|p2a: Corviknight|90/100
|-enditem|p2a: Corviknight|Leftovers|[from] move: Knock Off|[of] p1a: Sableye
|
|-heal|p1a: Sableye|94/100 brn|[from] item: Leftovers
|-damage|p1a: Sableye|88/100 brn|[from] brn
|upkeep
|turn|12
|
|switch|p2a: Sigilyph|Sigilyph, M|100/100 brn
|move|p1a: Sableye|Taunt|p2a: Sigilyph
|-start|p2a: Sigilyph|move: Taunt
|
|-heal|p1a: Sableye|94/100 brn|[from] item: Leftovers
|-damage|p1a: Sableye|88/100 brn|[from] brn
|upkeep
|turn|13
|
|switch|p2a: Corviknight|Corviknight, M|90/100
|move|p1a: Sableye|Knock Off|p2a: Corviknight
|-damage|p2a: Corviknight|83/100
|
|-heal|p1a: Sableye|94/100 brn|[from] item: Leftovers
|-damage|p1a: Sableye|88/100 brn|[from] brn
|upkeep
|turn|14
|
|switch|p2a: Sigilyph|Sigilyph, M|100/100 brn
|move|p1a: Sableye|Taunt|p2a: Sigilyph
|-start|p2a: Sigilyph|move: Taunt
|
|-heal|p1a: Sableye|94/100 brn|[from] item: Leftovers
|-damage|p1a: Sableye|88/100 brn|[from] brn
|upkeep
|turn|15
|
|switch|p2a: Corviknight|Corviknight, M|83/100
|move|p1a: Sableye|Knock Off|p2a: Corviknight
|-damage|p2a: Corviknight|77/100
|
|-heal|p1a: Sableye|94/100 brn|[from] item: Leftovers
|-damage|p1a: Sableye|88/100 brn|[from] brn
|upkeep
|turn|16
|
|move|p2a: Corviknight|Iron Defense|p2a: Corviknight
|-boost|p2a: Corviknight|def|2
|move|p1a: Sableye|Knock Off|p2a: Corviknight
|-damage|p2a: Corviknight|73/100
|
|-heal|p1a: Sableye|94/100 brn|[from] item: Leftovers
|-damage|p1a: Sableye|88/100 brn|[from] brn
|upkeep
|turn|17
|
|switch|p2a: Sigilyph|Sigilyph, M|100/100 brn
|move|p1a: Sableye|Taunt|p2a: Sigilyph
|-start|p2a: Sigilyph|move: Taunt
|
|-heal|p1a: Sableye|94/100 brn|[from] item: Leftovers
|-damage|p1a: Sableye|88/100 brn|[from] brn
|upkeep
|turn|18
|
|switch|p2a: Corviknight|Corviknight, M|73/100
|move|p1a: Sableye|Taunt|p2a: Corviknight
|-start|p2a: Corviknight|move: Taunt
|
|-heal|p1a: Sableye|94/100 brn|[from] item: Leftovers
|-damage|p1a: Sableye|88/100 brn|[from] brn
|upkeep
|turn|19
|
|move|p2a: Corviknight|Iron Head|p1a: Sableye
|-damage|p1a: Sableye|61/100 brn
|move|p1a: Sableye|Knock Off|p2a: Corviknight
|-damage|p2a: Corviknight|67/100
|
|-heal|p1a: Sableye|67/100 brn|[from] item: Leftovers
|-damage|p1a: Sableye|61/100 brn|[from] brn
|upkeep
|turn|20
|
|move|p2a: Corviknight|Iron Head|p1a: Sableye
|-damage|p1a: Sableye|35/100 brn
|move|p1a: Sableye|Knock Off|p2a: Corviknight
|-damage|p2a: Corviknight|60/100
|
|-heal|p1a: Sableye|41/100 brn|[from] item: Leftovers
|-damage|p1a: Sableye|35/100 brn|[from] brn
|-end|p2a: Corviknight|move: Taunt
|upkeep
|turn|21
|
|move|p1a: Sableye|Recover|p1a: Sableye
|-heal|p1a: Sableye|85/100 brn
|move|p2a: Corviknight|Iron Head|p1a: Sableye
|-damage|p1a: Sableye|58/100 brn
|
|-heal|p1a: Sableye|65/100 brn|[from] item: Leftovers
|-damage|p1a: Sableye|58/100 brn|[from] brn
|upkeep
|turn|22
|
|move|p1a: Sableye|Will-O-Wisp|p2a: Corviknight
|-status|p2a: Corviknight|brn
|move|p2a: Corviknight|Iron Defense|p2a: Corviknight
|-boost|p2a: Corviknight|def|2
|
|-heal|p1a: Sableye|65/100 brn|[from] item: Leftovers
|-damage|p2a: Corviknight|54/100 brn|[from] brn
|-damage|p1a: Sableye|58/100 brn|[from] brn
|upkeep
|turn|23
|
|move|p1a: Sableye|Taunt|p2a: Corviknight
|-start|p2a: Corviknight|move: Taunt
|move|p2a: Corviknight|Iron Head|p1a: Sableye
|-crit|p1a: Sableye
|-damage|p1a: Sableye|40/100 brn
|
|-heal|p1a: Sableye|46/100 brn|[from] item: Leftovers
|-damage|p2a: Corviknight|48/100 brn|[from] brn
|-damage|p1a: Sableye|40/100 brn|[from] brn
|upkeep
|turn|24
|
|move|p1a: Sableye|Recover|p1a: Sableye
|-heal|p1a: Sableye|90/100 brn
|move|p2a: Corviknight|Iron Head|p1a: Sableye
|-damage|p1a: Sableye|76/100 brn
|
|-heal|p1a: Sableye|82/100 brn|[from] item: Leftovers
|-damage|p2a: Corviknight|41/100 brn|[from] brn
|-damage|p1a: Sableye|76/100 brn|[from] brn
|upkeep
|turn|25
|
|switch|p1a: Dragapult|Dragapult, M|100/100
|-damage|p1a: Dragapult|88/100|[from] Spikes
|move|p2a: Corviknight|Iron Head|p1a: Dragapult
|-damage|p1a: Dragapult|73/100
|
|-damage|p2a: Corviknight|35/100 brn|[from] brn
|-end|p2a: Corviknight|move: Taunt
|upkeep
|turn|26
|
|move|p1a: Dragapult|Shadow Ball|p2a: Corviknight
|-crit|p2a: Corviknight
|-damage|p2a: Corviknight|0 fnt
|faint|p2a: Corviknight
|
|upkeep
|
|switch|p2a: Cloyster|Cloyster, M|100/100
|turn|27
|
|move|p1a: Dragapult|Shadow Ball|p2a: Cloyster
|-damage|p2a: Cloyster|0 fnt
|faint|p2a: Cloyster
|
|upkeep
|-message|the rng is rigged forfeited.
|
|win|Zecular
|l|☆the rng is rigged
|raw|Zecular's rating: 1312 → 1331(+19 for winning)
|raw|the rng is rigged's rating: 1291 → 1267(-24 for losing)
