|ScrapeTime|2020-01-01-18:34:27
|j|☆Sart2
|j|‽kliktuplorel
|player|p1|Sart2|156|1289
|player|p2|kliktuplorel|102|1254
|teamsize|p1|6
|teamsize|p2|6
|gametype|singles
|gen|8
|tier|[Gen 8] OU
|rated|
|rule|Sleep Clause Mod: Limit one foe put to sleep
|rule|Species Clause: Limit one of each Pokémon
|rule|OHKO Clause: OHKO moves are banned
|rule|Evasion Moves Clause: Evasion moves are banned
|rule|Endless Battle Clause: Forcing endless battles is banned
|rule|HP Percentage Mod: HP is shown in percentages
|clearpoke
|poke|p1|Clefable, F|
|poke|p1|Conkeldurr, F|
|poke|p1|Corviknight, F|
|poke|p1|Hydreigon, F|
|poke|p1|Rotom-Heat|
|poke|p1|Seismitoad, F|
|poke|p2|Conkeldurr, M|
|poke|p2|Hippowdon, F|
|poke|p2|Grimmsnarl, M|
|poke|p2|Mandibuzz, F|
|poke|p2|Rotom-Heat|
|poke|p2|Toxapex, F|
|rule|Dynamax Clause: You cannot dynamax
|teampreview
|inactive|Battle timer is ON: inactive players will automatically lose when time's up. (requested by kliktuplorel)
|
|start
|switch|p1a: Corviknight|Corviknight, F|100/100
|switch|p2a: Grimmsnarl|Grimmsnarl, M|100/100
|-ability|p1a: Corviknight|Pressure
|turn|1
|
|move|p2a: Grimmsnarl|Substitute|p2a: Grimmsnarl
|-start|p2a: Grimmsnarl|Substitute
|-damage|p2a: Grimmsnarl|75/100
|move|p1a: Corviknight|Iron Head|p2a: Grimmsnarl
|-supereffective|p2a: Grimmsnarl
|-end|p2a: Grimmsnarl|Substitute
|
|-heal|p2a: Grimmsnarl|82/100|[from] item: Leftovers
|upkeep
|turn|2
|
|switch|p2a: Hippowdon|Hippowdon, F|100/100
|-weather|Sandstorm|[from] ability: Sand Stream|[of] p2a: Hippowdon
|move|p1a: Corviknight|U-turn|p2a: Hippowdon
|-damage|p2a: Hippowdon|90/100
|
|switch|p1a: Clefable|Clefable, F|100/100|[from]move: U-turn
|
|-weather|Sandstorm|[upkeep]
|-heal|p2a: Hippowdon|96/100|[from] item: Leftovers
|upkeep
|turn|3
|
|switch|p1a: Corviknight|Corviknight, F|100/100
|-ability|p1a: Corviknight|Pressure
|move|p2a: Hippowdon|Stealth Rock|p1a: Corviknight
|-sidestart|p1: Sart2|move: Stealth Rock
|
|-weather|Sandstorm|[upkeep]
|-heal|p2a: Hippowdon|100/100|[from] item: Leftovers
|upkeep
|turn|4
|
|move|p1a: Corviknight|Defog|p2a: Hippowdon
|-unboost|p2a: Hippowdon|evasion|1
|-sideend|p1: Sart2|Stealth Rock|[from] move: Defog|[of] p1a: Corviknight
|move|p2a: Hippowdon|Earthquake|p1a: Corviknight
|-immune|p1a: Corviknight
|
|-weather|Sandstorm|[upkeep]
|upkeep
|turn|5
|
|move|p1a: Corviknight|U-turn|p2a: Hippowdon
|-damage|p2a: Hippowdon|90/100
|
|switch|p1a: Clefable|Clefable, F|100/100|[from]move: U-turn
|move|p2a: Hippowdon|Stealth Rock|p1a: Clefable
|-sidestart|p1: Sart2|move: Stealth Rock
|
|-weather|Sandstorm|[upkeep]
|-heal|p2a: Hippowdon|96/100|[from] item: Leftovers
|upkeep
|turn|6
|
|switch|p1a: Corviknight|Corviknight, F|100/100
|-damage|p1a: Corviknight|88/100|[from] Stealth Rock
|-ability|p1a: Corviknight|Pressure
|move|p2a: Hippowdon|Earthquake|p1a: Corviknight
|-immune|p1a: Corviknight
|
|-weather|none
|-heal|p1a: Corviknight|94/100|[from] item: Leftovers
|-heal|p2a: Hippowdon|100/100|[from] item: Leftovers
|upkeep
|turn|7
|
|move|p1a: Corviknight|Defog|p2a: Hippowdon
|-unboost|p2a: Hippowdon|evasion|1
|-sideend|p1: Sart2|Stealth Rock|[from] move: Defog|[of] p1a: Corviknight
|move|p2a: Hippowdon|Stealth Rock|p1a: Corviknight
|-sidestart|p1: Sart2|move: Stealth Rock
|
|-heal|p1a: Corviknight|100/100|[from] item: Leftovers
|upkeep
|turn|8
|
|move|p1a: Corviknight|Defog|p2a: Hippowdon
|-unboost|p2a: Hippowdon|evasion|1
|-sideend|p1: Sart2|Stealth Rock|[from] move: Defog|[of] p1a: Corviknight
|move|p2a: Hippowdon|Stealth Rock|p1a: Corviknight
|-sidestart|p1: Sart2|move: Stealth Rock
|
|upkeep
|turn|9
|
|move|p1a: Corviknight|Defog|p2a: Hippowdon
|-unboost|p2a: Hippowdon|evasion|1
|-sideend|p1: Sart2|Stealth Rock|[from] move: Defog|[of] p1a: Corviknight
|move|p2a: Hippowdon|Stealth Rock|p1a: Corviknight
|-sidestart|p1: Sart2|move: Stealth Rock
|
|upkeep
|turn|10
|
|move|p1a: Corviknight|Defog|p2a: Hippowdon
|-unboost|p2a: Hippowdon|evasion|1
|-sideend|p1: Sart2|Stealth Rock|[from] move: Defog|[of] p1a: Corviknight
|move|p2a: Hippowdon|Stealth Rock|p1a: Corviknight
|-sidestart|p1: Sart2|move: Stealth Rock
|
|upkeep
|turn|11
|
|move|p1a: Corviknight|Defog|p2a: Hippowdon
|-unboost|p2a: Hippowdon|evasion|1
|-sideend|p1: Sart2|Stealth Rock|[from] move: Defog|[of] p1a: Corviknight
|move|p2a: Hippowdon|Stealth Rock|p1a: Corviknight
|-sidestart|p1: Sart2|move: Stealth Rock
|
|upkeep
|turn|12
|
|move|p1a: Corviknight|Defog|p2a: Hippowdon
|-unboost|p2a: Hippowdon|evasion|0
|-sideend|p1: Sart2|Stealth Rock|[from] move: Defog|[of] p1a: Corviknight
|move|p2a: Hippowdon|Stealth Rock|p1a: Corviknight
|-sidestart|p1: Sart2|move: Stealth Rock
|
|upkeep
|turn|13
|
|move|p1a: Corviknight|Defog|p2a: Hippowdon
|-unboost|p2a: Hippowdon|evasion|0
|-sideend|p1: Sart2|Stealth Rock|[from] move: Defog|[of] p1a: Corviknight
|move|p2a: Hippowdon|Stealth Rock|p1a: Corviknight
|-sidestart|p1: Sart2|move: Stealth Rock
|
|upkeep
|turn|14
|
|move|p1a: Corviknight|Defog|p2a: Hippowdon
|-unboost|p2a: Hippowdon|evasion|0
|-sideend|p1: Sart2|Stealth Rock|[from] move: Defog|[of] p1a: Corviknight
|move|p2a: Hippowdon|Stealth Rock|p1a: Corviknight
|-sidestart|p1: Sart2|move: Stealth Rock
|
|upkeep
|turn|15
|
|move|p1a: Corviknight|Defog|p2a: Hippowdon
|-unboost|p2a: Hippowdon|evasion|0
|-sideend|p1: Sart2|Stealth Rock|[from] move: Defog|[of] p1a: Corviknight
|move|p2a: Hippowdon|Stealth Rock|p1a: Corviknight
|-sidestart|p1: Sart2|move: Stealth Rock
|
|upkeep
|turn|16
|
|move|p1a: Corviknight|Defog|p2a: Hippowdon
|-unboost|p2a: Hippowdon|evasion|0
|-sideend|p1: Sart2|Stealth Rock|[from] move: Defog|[of] p1a: Corviknight
|move|p2a: Hippowdon|Stealth Rock|p1a: Corviknight
|-sidestart|p1: Sart2|move: Stealth Rock
|
|upkeep
|turn|17
|
|move|p1a: Corviknight|Defog|p2a: Hippowdon
|-unboost|p2a: Hippowdon|evasion|0
|-sideend|p1: Sart2|Stealth Rock|[from] move: Defog|[of] p1a: Corviknight
|move|p2a: Hippowdon|Stealth Rock|p1a: Corviknight
|-sidestart|p1: Sart2|move: Stealth Rock
|
|upkeep
|turn|18
|
|move|p1a: Corviknight|Defog|p2a: Hippowdon
|-unboost|p2a: Hippowdon|evasion|0
|-sideend|p1: Sart2|Stealth Rock|[from] move: Defog|[of] p1a: Corviknight
|move|p2a: Hippowdon|Stealth Rock|p1a: Corviknight
|-sidestart|p1: Sart2|move: Stealth Rock
|
|upkeep
|turn|19
|
|move|p1a: Corviknight|Defog|p2a: Hippowdon
|-unboost|p2a: Hippowdon|evasion|0
|-sideend|p1: Sart2|Stealth Rock|[from] move: Defog|[of] p1a: Corviknight
|move|p2a: Hippowdon|Stealth Rock|p1a: Corviknight
|-sidestart|p1: Sart2|move: Stealth Rock
|
|upkeep
|turn|20
|
|move|p1a: Corviknight|Defog|p2a: Hippowdon
|-unboost|p2a: Hippowdon|evasion|0
|-sideend|p1: Sart2|Stealth Rock|[from] move: Defog|[of] p1a: Corviknight
|move|p2a: Hippowdon|Stealth Rock|p1a: Corviknight
|-sidestart|p1: Sart2|move: Stealth Rock
|
|upkeep
|turn|21
|
|move|p1a: Corviknight|Defog|p2a: Hippowdon
|-unboost|p2a: Hippowdon|evasion|0
|-sideend|p1: Sart2|Stealth Rock|[from] move: Defog|[of] p1a: Corviknight
|move|p2a: Hippowdon|Stealth Rock|p1a: Corviknight
|-sidestart|p1: Sart2|move: Stealth Rock
|
|upkeep
|turn|22
|
|switch|p2a: Toxapex|Toxapex, F|100/100
|move|p1a: Corviknight|Defog|p2a: Toxapex
|-unboost|p2a: Toxapex|evasion|1
|-sideend|p1: Sart2|Stealth Rock|[from] move: Defog|[of] p1a: Corviknight
|
|upkeep
|turn|23
|
|move|p1a: Corviknight|U-turn|p2a: Toxapex
|-resisted|p2a: Toxapex
|-damage|p2a: Toxapex|96/100
|
|switch|p1a: Clefable|Clefable, F|100/100|[from]move: U-turn
|move|p2a: Toxapex|Toxic Spikes|p1a: Clefable
|-sidestart|p1: Sart2|move: Toxic Spikes
|
|-heal|p2a: Toxapex|100/100|[from] item: Black Sludge
|upkeep
|turn|24
|
|switch|p2a: Hippowdon|Hippowdon, F|100/100
|-weather|Sandstorm|[from] ability: Sand Stream|[of] p2a: Hippowdon
|move|p1a: Clefable|Thunder Wave|p2a: Hippowdon
|-immune|p2a: Hippowdon
|
|-weather|Sandstorm|[upkeep]
|upkeep
|turn|25
|
|move|p1a: Clefable|Moonblast|p2a: Hippowdon
|-damage|p2a: Hippowdon|71/100
|-unboost|p2a: Hippowdon|spa|1
|move|p2a: Hippowdon|Earthquake|p1a: Clefable
|-damage|p1a: Clefable|67/100
|
|-weather|Sandstorm|[upkeep]
|-heal|p1a: Clefable|73/100|[from] item: Leftovers
|-heal|p2a: Hippowdon|77/100|[from] item: Leftovers
|upkeep
|turn|26
|
|move|p1a: Clefable|Moonblast|p2a: Hippowdon
|-damage|p2a: Hippowdon|51/100
|move|p2a: Hippowdon|Earthquake|p1a: Clefable
|-damage|p1a: Clefable|41/100
|
|-weather|Sandstorm|[upkeep]
|-heal|p1a: Clefable|47/100|[from] item: Leftovers
|-heal|p2a: Hippowdon|57/100|[from] item: Leftovers
|upkeep
|turn|27
|
|move|p1a: Clefable|Wish|p1a: Clefable
|move|p2a: Hippowdon|Slack Off|p2a: Hippowdon
|-heal|p2a: Hippowdon|100/100
|
|-weather|Sandstorm|[upkeep]
|-heal|p1a: Clefable|53/100|[from] item: Leftovers
|upkeep
|turn|28
|
|move|p1a: Clefable|Moonblast|p2a: Hippowdon
|-damage|p2a: Hippowdon|74/100
|move|p2a: Hippowdon|Earthquake|p1a: Clefable
|-damage|p1a: Clefable|20/100
|
|-weather|none
|-heal|p1a: Clefable|70/100|[from] move: Wish|[wisher] Clefable
|-heal|p1a: Clefable|76/100|[from] item: Leftovers
|-heal|p2a: Hippowdon|80/100|[from] item: Leftovers
|upkeep
|turn|29
|
|switch|p2a: Toxapex|Toxapex, F|100/100
|move|p1a: Clefable|Moonblast|p2a: Toxapex
|-resisted|p2a: Toxapex
|-damage|p2a: Toxapex|87/100
|-unboost|p2a: Toxapex|spa|1
|
|-heal|p1a: Clefable|82/100|[from] item: Leftovers
|-heal|p2a: Toxapex|93/100|[from] item: Black Sludge
|upkeep
|turn|30
|
|switch|p1a: Rotom|Rotom-Heat|100/100
|switch|p2a: Hippowdon|Hippowdon, F|80/100
|-weather|Sandstorm|[from] ability: Sand Stream|[of] p2a: Hippowdon
|
|-weather|Sandstorm|[upkeep]
|-damage|p1a: Rotom|95/100|[from] Sandstorm
|-heal|p2a: Hippowdon|86/100|[from] item: Leftovers
|upkeep
|turn|31
|
|switch|p2a: Rotom|Rotom-Heat|100/100
|move|p1a: Rotom|Will-O-Wisp|p2a: Rotom
|-immune|p2a: Rotom
|
|-weather|Sandstorm|[upkeep]
|-damage|p2a: Rotom|95/100|[from] Sandstorm
|-damage|p1a: Rotom|89/100|[from] Sandstorm
|upkeep
|turn|32
|
|move|p2a: Rotom|Trick|p1a: Rotom
|-activate|p2a: Rotom|move: Trick|[of] p1a: Rotom
|-item|p1a: Rotom|Choice Scarf|[from] move: Trick
|-item|p2a: Rotom|Heavy-Duty Boots|[from] move: Trick
|move|p1a: Rotom|Nasty Plot|p1a: Rotom
|-boost|p1a: Rotom|spa|2
|
|-weather|Sandstorm|[upkeep]
|-damage|p1a: Rotom|83/100|[from] Sandstorm
|-damage|p2a: Rotom|89/100|[from] Sandstorm
|upkeep
|turn|33
|
|switch|p1a: Hydreigon|Hydreigon, F|100/100
|switch|p2a: Hippowdon|Hippowdon, F|86/100
|
|-weather|Sandstorm|[upkeep]
|-damage|p1a: Hydreigon|94/100|[from] Sandstorm
|-heal|p2a: Hippowdon|93/100|[from] item: Leftovers
|upkeep
|turn|34
|
|move|p1a: Hydreigon|Dark Pulse|p2a: Hippowdon
|-damage|p2a: Hippowdon|59/100
|move|p2a: Hippowdon|Whirlwind|p1a: Hydreigon
|drag|p1a: Clefable|Clefable, F|82/100
|-status|p1a: Clefable|psn
|
|-weather|none
|-heal|p1a: Clefable|88/100 psn|[from] item: Leftovers
|-heal|p2a: Hippowdon|65/100|[from] item: Leftovers
|upkeep
|turn|35
|
|move|p1a: Clefable|Moonblast|p2a: Hippowdon
|-damage|p2a: Hippowdon|39/100
|move|p2a: Hippowdon|Earthquake|p1a: Clefable
|-damage|p1a: Clefable|52/100 psn
|
|-heal|p1a: Clefable|58/100 psn|[from] item: Leftovers
|-heal|p2a: Hippowdon|46/100|[from] item: Leftovers
|upkeep
|turn|36
|
|move|p1a: Clefable|Wish|p1a: Clefable
|move|p2a: Hippowdon|Slack Off|p2a: Hippowdon
|-heal|p2a: Hippowdon|96/100
|
|-heal|p1a: Clefable|64/100 psn|[from] item: Leftovers
|-heal|p2a: Hippowdon|100/100|[from] item: Leftovers
|upkeep
|turn|37
|
|switch|p2a: Toxapex|Toxapex, F|100/100
|move|p1a: Clefable|Moonblast|p2a: Toxapex
|-resisted|p2a: Toxapex
|-damage|p2a: Toxapex|87/100
|
|-heal|p1a: Clefable|100/100 psn|[from] move: Wish|[wisher] Clefable
|-heal|p2a: Toxapex|93/100|[from] item: Black Sludge
|upkeep
|turn|38
|
|switch|p1a: Corviknight|Corviknight, F|100/100
|-ability|p1a: Corviknight|Pressure
|switch|p2a: Hippowdon|Hippowdon, F|100/100
|-weather|Sandstorm|[from] ability: Sand Stream|[of] p2a: Hippowdon
|
|-weather|Sandstorm|[upkeep]
|upkeep
|turn|39
|
|switch|p2a: Toxapex|Toxapex, F|100/100
|move|p1a: Corviknight|Iron Head|p2a: Toxapex
|-resisted|p2a: Toxapex
|-damage|p2a: Toxapex|92/100
|
|-weather|Sandstorm|[upkeep]
|-damage|p2a: Toxapex|86/100|[from] Sandstorm
|-heal|p2a: Toxapex|92/100|[from] item: Black Sludge
|upkeep
|turn|40
|
|switch|p2a: Hippowdon|Hippowdon, F|100/100
|move|p1a: Corviknight|Iron Head|p2a: Hippowdon
|-damage|p2a: Hippowdon|85/100
|
|-weather|Sandstorm|[upkeep]
|-heal|p2a: Hippowdon|91/100|[from] item: Leftovers
|upkeep
|turn|41
|
|switch|p2a: Toxapex|Toxapex, F|100/100
|move|p1a: Corviknight|Iron Head|p2a: Toxapex
|-resisted|p2a: Toxapex
|-damage|p2a: Toxapex|92/100
|
|-weather|Sandstorm|[upkeep]
|-damage|p2a: Toxapex|86/100|[from] Sandstorm
|-heal|p2a: Toxapex|92/100|[from] item: Black Sludge
|upkeep
|turn|42
|
|switch|p2a: Hippowdon|Hippowdon, F|91/100
|move|p1a: Corviknight|Defog|p2a: Hippowdon
|-unboost|p2a: Hippowdon|evasion|1
|-sideend|p1: Sart2|Toxic Spikes|[from] move: Defog|[of] p1a: Corviknight
|
|-weather|none
|-heal|p2a: Hippowdon|97/100|[from] item: Leftovers
|upkeep
|turn|43
|
|move|p1a: Corviknight|U-turn|p2a: Hippowdon
|-crit|p2a: Hippowdon
|-damage|p2a: Hippowdon|83/100
|
|switch|p1a: Seismitoad|Seismitoad, F|100/100|[from]move: U-turn
|move|p2a: Hippowdon|Earthquake|p1a: Seismitoad
|-damage|p1a: Seismitoad|72/100
|
|-heal|p1a: Seismitoad|78/100|[from] item: Leftovers
|-heal|p2a: Hippowdon|89/100|[from] item: Leftovers
|upkeep
|turn|44
|
|move|p1a: Seismitoad|Toxic|p2a: Hippowdon
|-status|p2a: Hippowdon|tox
|move|p2a: Hippowdon|Earthquake|p1a: Seismitoad
|-damage|p1a: Seismitoad|50/100
|
|-heal|p1a: Seismitoad|57/100|[from] item: Leftovers
|-heal|p2a: Hippowdon|95/100 tox|[from] item: Leftovers
|-damage|p2a: Hippowdon|89/100 tox|[from] psn
|upkeep
|turn|45
|
|move|p1a: Seismitoad|Protect|p1a: Seismitoad
|-singleturn|p1a: Seismitoad|Protect
|move|p2a: Hippowdon|Earthquake|p1a: Seismitoad
|-activate|p1a: Seismitoad|move: Protect
|
|-heal|p1a: Seismitoad|63/100|[from] item: Leftovers
|-heal|p2a: Hippowdon|95/100 tox|[from] item: Leftovers
|-damage|p2a: Hippowdon|83/100 tox|[from] psn
|upkeep
|turn|46
|
|switch|p1a: Corviknight|Corviknight, F|100/100
|-ability|p1a: Corviknight|Pressure
|move|p2a: Hippowdon|Earthquake|p1a: Corviknight
|-immune|p1a: Corviknight
|
|-heal|p2a: Hippowdon|89/100 tox|[from] item: Leftovers
|-damage|p2a: Hippowdon|71/100 tox|[from] psn
|upkeep
|turn|47
|
|switch|p2a: Toxapex|Toxapex, F|100/100
|move|p1a: Corviknight|U-turn|p2a: Toxapex
|-resisted|p2a: Toxapex
|-damage|p2a: Toxapex|96/100
|
|switch|p1a: Rotom|Rotom-Heat|83/100|[from]move: U-turn
|
|-heal|p2a: Toxapex|100/100|[from] item: Black Sludge
|upkeep
|turn|48
|
|switch|p1a: Corviknight|Corviknight, F|100/100
|-ability|p1a: Corviknight|Pressure
|switch|p2a: Hippowdon|Hippowdon, F|71/100 tox
|-weather|Sandstorm|[from] ability: Sand Stream|[of] p2a: Hippowdon
|
|-weather|Sandstorm|[upkeep]
|-heal|p2a: Hippowdon|77/100 tox|[from] item: Leftovers
|-damage|p2a: Hippowdon|71/100 tox|[from] psn
|upkeep
|turn|49
|
|move|p1a: Corviknight|U-turn|p2a: Hippowdon
|-damage|p2a: Hippowdon|61/100 tox
|
|switch|p1a: Hydreigon|Hydreigon, F|94/100|[from]move: U-turn
|move|p2a: Hippowdon|Slack Off|p2a: Hippowdon
|-heal|p2a: Hippowdon|100/100 tox
|
|-weather|Sandstorm|[upkeep]
|-damage|p1a: Hydreigon|88/100|[from] Sandstorm
|-damage|p2a: Hippowdon|88/100 tox|[from] psn
|upkeep
|turn|50
|
|move|p1a: Hydreigon|Draco Meteor|p2a: Hippowdon
|-damage|p2a: Hippowdon|31/100 tox
|-unboost|p1a: Hydreigon|spa|2
|move|p2a: Hippowdon|Earthquake|p1a: Hydreigon
|-immune|p1a: Hydreigon|[from] ability: Levitate
|
|-weather|Sandstorm|[upkeep]
|-damage|p1a: Hydreigon|82/100|[from] Sandstorm
|-heal|p2a: Hippowdon|37/100 tox|[from] item: Leftovers
|-damage|p2a: Hippowdon|18/100 tox|[from] psn
|upkeep
|turn|51
|
|switch|p1a: Corviknight|Corviknight, F|100/100
|-ability|p1a: Corviknight|Pressure
|switch|p2a: Grimmsnarl|Grimmsnarl, M|82/100
|
|-weather|Sandstorm|[upkeep]
|-damage|p2a: Grimmsnarl|75/100|[from] Sandstorm
|-heal|p2a: Grimmsnarl|82/100|[from] item: Leftovers
|upkeep
|turn|52
|
|switch|p2a: Hippowdon|Hippowdon, F|18/100 tox
|move|p1a: Corviknight|Iron Head|p2a: Hippowdon
|-crit|p2a: Hippowdon
|-damage|p2a: Hippowdon|0 fnt
|faint|p2a: Hippowdon
|
|-weather|none
|upkeep
|
|switch|p2a: Toxapex|Toxapex, F|100/100
|turn|53
|
|move|p1a: Corviknight|U-turn|p2a: Toxapex
|-resisted|p2a: Toxapex
|-damage|p2a: Toxapex|96/100
|
|switch|p1a: Seismitoad|Seismitoad, F|63/100|[from]move: U-turn
|move|p2a: Toxapex|Toxic Spikes|p1a: Seismitoad
|-sidestart|p1: Sart2|move: Toxic Spikes
|
|-heal|p1a: Seismitoad|69/100|[from] item: Leftovers
|-heal|p2a: Toxapex|100/100|[from] item: Black Sludge
|upkeep
|turn|54
|
|move|p1a: Seismitoad|Stealth Rock|p2a: Toxapex
|-sidestart|p2: kliktuplorel|move: Stealth Rock
|move|p2a: Toxapex|Toxic Spikes|p1a: Seismitoad
|-sidestart|p1: Sart2|move: Toxic Spikes
|
|-heal|p1a: Seismitoad|75/100|[from] item: Leftovers
|upkeep
|turn|55
|
|move|p1a: Seismitoad|Toxic|p2a: Toxapex
|-immune|p2a: Toxapex
|move|p2a: Toxapex|Recover||[still]
|-fail|p2a: Toxapex|heal
|
|-heal|p1a: Seismitoad|81/100|[from] item: Leftovers
|upkeep
|turn|56
|
|move|p1a: Seismitoad|Toxic|p2a: Toxapex
|-immune|p2a: Toxapex
|move|p2a: Toxapex|Recover||[still]
|-fail|p2a: Toxapex|heal
|
|-heal|p1a: Seismitoad|87/100|[from] item: Leftovers
|upkeep
|turn|57
|
|move|p1a: Seismitoad|Toxic|p2a: Toxapex
|-immune|p2a: Toxapex
|move|p2a: Toxapex|Recover||[still]
|-fail|p2a: Toxapex|heal
|
|-heal|p1a: Seismitoad|93/100|[from] item: Leftovers
|upkeep
|turn|58
|
|move|p1a: Seismitoad|Toxic|p2a: Toxapex
|-immune|p2a: Toxapex
|move|p2a: Toxapex|Recover||[still]
|-fail|p2a: Toxapex|heal
|
|-heal|p1a: Seismitoad|99/100|[from] item: Leftovers
|upkeep
|turn|59
|
|switch|p1a: Rotom|Rotom-Heat|83/100
|move|p2a: Toxapex|Recover||[still]
|-fail|p2a: Toxapex|heal
|
|upkeep
|turn|60
|
|move|p1a: Rotom|Volt Switch|p2a: Toxapex
|-supereffective|p2a: Toxapex
|-damage|p2a: Toxapex|55/100
|
|switch|p1a: Hydreigon|Hydreigon, F|82/100|[from]move: Volt Switch
|move|p2a: Toxapex|Scald|p1a: Hydreigon
|-resisted|p1a: Hydreigon
|-damage|p1a: Hydreigon|72/100
|-status|p1a: Hydreigon|brn
|
|-heal|p2a: Toxapex|61/100|[from] item: Black Sludge
|-damage|p1a: Hydreigon|66/100 brn|[from] brn
|upkeep
|turn|61
|
|move|p1a: Hydreigon|Flash Cannon|p2a: Toxapex
|-resisted|p2a: Toxapex
|-damage|p2a: Toxapex|50/100
|move|p2a: Toxapex|Recover|p2a: Toxapex
|-heal|p2a: Toxapex|100/100
|
|-damage|p1a: Hydreigon|60/100 brn|[from] brn
|upkeep
|turn|62
|
|move|p1a: Hydreigon|Flash Cannon|p2a: Toxapex
|-resisted|p2a: Toxapex
|-damage|p2a: Toxapex|90/100
|move|p2a: Toxapex|Scald|p1a: Hydreigon
|-resisted|p1a: Hydreigon
|-damage|p1a: Hydreigon|50/100 brn
|
|-heal|p2a: Toxapex|96/100|[from] item: Black Sludge
|-damage|p1a: Hydreigon|44/100 brn|[from] brn
|upkeep
|turn|63
|
|switch|p1a: Clefable|Clefable, F|100/100 psn
|move|p2a: Toxapex|Scald|p1a: Clefable
|-damage|p1a: Clefable|86/100 psn
|
|-heal|p1a: Clefable|92/100 psn|[from] item: Leftovers
|-heal|p2a: Toxapex|100/100|[from] item: Black Sludge
|upkeep
|turn|64
|
|switch|p2a: Rotom|Rotom-Heat|89/100
|move|p1a: Clefable|Wish|p1a: Clefable
|
|-heal|p1a: Clefable|98/100 psn|[from] item: Leftovers
|upkeep
|turn|65
|
|switch|p1a: Hydreigon|Hydreigon, F|44/100 brn
|move|p2a: Rotom|Overheat|p1a: Hydreigon
|-resisted|p1a: Hydreigon
|-damage|p1a: Hydreigon|15/100 brn
|-unboost|p2a: Rotom|spa|2
|
|-heal|p1a: Hydreigon|75/100 brn|[from] move: Wish|[wisher] Clefable
|-damage|p1a: Hydreigon|69/100 brn|[from] brn
|upkeep
|turn|66
|
|switch|p2a: Mandibuzz|Mandibuzz, F|100/100
|move|p1a: Hydreigon|U-turn|p2a: Mandibuzz
|-damage|p2a: Mandibuzz|96/100
|
|switch|p1a: Clefable|Clefable, F|98/100 psn|[from]move: U-turn
|
|-heal|p1a: Clefable|100/100 psn|[from] item: Leftovers
|upkeep
|turn|67
|
|move|p2a: Mandibuzz|U-turn|p1a: Clefable
|-resisted|p1a: Clefable
|-damage|p1a: Clefable|95/100 psn
|
|switch|p2a: Rotom|Rotom-Heat|89/100|[from]move: U-turn
|move|p1a: Clefable|Moonblast|p2a: Rotom
|-resisted|p2a: Rotom
|-damage|p2a: Rotom|70/100
|-unboost|p2a: Rotom|spa|1
|
|-heal|p1a: Clefable|100/100 psn|[from] item: Leftovers
|upkeep
|turn|68
|
|move|p2a: Rotom|Volt Switch|p1a: Clefable
|-damage|p1a: Clefable|87/100 psn
|
|switch|p2a: Mandibuzz|Mandibuzz, F|96/100|[from]move: Volt Switch
|move|p1a: Clefable|Wish|p1a: Clefable
|
|-heal|p1a: Clefable|93/100 psn|[from] item: Leftovers
|upkeep
|turn|69
|
|move|p2a: Mandibuzz|U-turn|p1a: Clefable
|-resisted|p1a: Clefable
|-damage|p1a: Clefable|88/100 psn
|
|switch|p2a: Rotom|Rotom-Heat|70/100|[from]move: U-turn
|move|p1a: Clefable|Moonblast|p2a: Rotom
|-resisted|p2a: Rotom
|-crit|p2a: Rotom
|-damage|p2a: Rotom|46/100
|
|-heal|p1a: Clefable|100/100 psn|[from] move: Wish|[wisher] Clefable
|upkeep
|turn|70
|
|move|p2a: Rotom|Overheat|p1a: Clefable
|-damage|p1a: Clefable|64/100 psn
|-unboost|p2a: Rotom|spa|2
|move|p1a: Clefable|Moonblast|p2a: Rotom
|-resisted|p2a: Rotom
|-damage|p2a: Rotom|30/100
|
|-heal|p1a: Clefable|70/100 psn|[from] item: Leftovers
|upkeep
|turn|71
|
|move|p2a: Rotom|Volt Switch|p1a: Clefable
|-damage|p1a: Clefable|60/100 psn
|
|switch|p2a: Grimmsnarl|Grimmsnarl, M|82/100|[from]move: Volt Switch
|-damage|p2a: Grimmsnarl|69/100|[from] Stealth Rock
|move|p1a: Clefable|Wish|p1a: Clefable
|
|-heal|p2a: Grimmsnarl|75/100|[from] item: Leftovers
|-heal|p1a: Clefable|66/100 psn|[from] item: Leftovers
|upkeep
|turn|72
|
|switch|p1a: Corviknight|Corviknight, F|100/100
|-ability|p1a: Corviknight|Pressure
|move|p2a: Grimmsnarl|Substitute|p2a: Grimmsnarl
|-start|p2a: Grimmsnarl|Substitute
|-damage|p2a: Grimmsnarl|50/100
|
|-heal|p2a: Grimmsnarl|57/100|[from] item: Leftovers
|upkeep
|turn|73
|
|move|p1a: Corviknight|Iron Head|p2a: Grimmsnarl
|-supereffective|p2a: Grimmsnarl
|-end|p2a: Grimmsnarl|Substitute
|move|p2a: Grimmsnarl|Spirit Break|p1a: Corviknight
|-resisted|p1a: Corviknight
|-damage|p1a: Corviknight|89/100
|-unboost|p1a: Corviknight|spa|1
|
|-heal|p1a: Corviknight|95/100|[from] item: Leftovers
|-heal|p2a: Grimmsnarl|63/100|[from] item: Leftovers
|upkeep
|turn|74
|
|switch|p2a: Toxapex|Toxapex, F|100/100
|-damage|p2a: Toxapex|88/100|[from] Stealth Rock
|move|p1a: Corviknight|Iron Head|p2a: Toxapex
|-resisted|p2a: Toxapex
|-damage|p2a: Toxapex|79/100
|
|-heal|p1a: Corviknight|100/100|[from] item: Leftovers
|-heal|p2a: Toxapex|85/100|[from] item: Black Sludge
|upkeep
|turn|75
|
|move|p1a: Corviknight|U-turn|p2a: Toxapex
|-resisted|p2a: Toxapex
|-damage|p2a: Toxapex|80/100
|
|switch|p1a: Clefable|Clefable, F|66/100 psn|[from]move: U-turn
|move|p2a: Toxapex|Scald|p1a: Clefable
|-damage|p1a: Clefable|52/100 psn
|
|-heal|p1a: Clefable|58/100 psn|[from] item: Leftovers
|-heal|p2a: Toxapex|86/100|[from] item: Black Sludge
|upkeep
|turn|76
|
|switch|p2a: Rotom|Rotom-Heat|30/100
|move|p1a: Clefable|Wish|p1a: Clefable
|
|-heal|p1a: Clefable|64/100 psn|[from] item: Leftovers
|upkeep
|turn|77
|
|move|p2a: Rotom|Overheat|p1a: Clefable
|-damage|p1a: Clefable|27/100 psn
|-unboost|p2a: Rotom|spa|2
|move|p1a: Clefable|Moonblast|p2a: Rotom
|-resisted|p2a: Rotom
|-damage|p2a: Rotom|14/100
|-unboost|p2a: Rotom|spa|1
|
|-heal|p1a: Clefable|77/100 psn|[from] move: Wish|[wisher] Clefable
|-heal|p1a: Clefable|83/100 psn|[from] item: Leftovers
|upkeep
|turn|78
|
|move|p2a: Rotom|Overheat|p1a: Clefable
|-damage|p1a: Clefable|69/100 psn
|-unboost|p2a: Rotom|spa|2
|move|p1a: Clefable|Wish|p1a: Clefable
|
|-heal|p1a: Clefable|75/100 psn|[from] item: Leftovers
|upkeep
|turn|79
|
|move|p2a: Rotom|Overheat|p1a: Clefable
|-damage|p1a: Clefable|65/100 psn
|-unboost|p2a: Rotom|spa|1
|move|p1a: Clefable|Moonblast|p2a: Rotom
|-resisted|p2a: Rotom
|-damage|p2a: Rotom|0 fnt
|faint|p2a: Rotom
|
|-heal|p1a: Clefable|100/100 psn|[from] move: Wish|[wisher] Clefable
|upkeep
|
|switch|p2a: Grimmsnarl|Grimmsnarl, M|63/100
|-damage|p2a: Grimmsnarl|50/100|[from] Stealth Rock
|turn|80
|
|switch|p1a: Corviknight|Corviknight, F|100/100
|-ability|p1a: Corviknight|Pressure
|move|p2a: Grimmsnarl|Spirit Break|p1a: Corviknight
|-resisted|p1a: Corviknight
|-damage|p1a: Corviknight|88/100
|-unboost|p1a: Corviknight|spa|1
|
|-heal|p1a: Corviknight|94/100|[from] item: Leftovers
|-heal|p2a: Grimmsnarl|57/100|[from] item: Leftovers
|upkeep
|turn|81
|
|switch|p2a: Toxapex|Toxapex, F|100/100
|-damage|p2a: Toxapex|88/100|[from] Stealth Rock
|move|p1a: Corviknight|U-turn|p2a: Toxapex
|-resisted|p2a: Toxapex
|-damage|p2a: Toxapex|84/100
|
|switch|p1a: Clefable|Clefable, F|100/100 psn|[from]move: U-turn
|
|-heal|p2a: Toxapex|90/100|[from] item: Black Sludge
|upkeep
|turn|82
|
|move|p1a: Clefable|Wish|p1a: Clefable
|move|p2a: Toxapex|Recover|p2a: Toxapex
|-heal|p2a: Toxapex|100/100
|
|upkeep
|turn|83
|
|switch|p1a: Hydreigon|Hydreigon, F|69/100 brn
|move|p2a: Toxapex|Haze|p2a: Toxapex
|-clearallboost
|
|-heal|p1a: Hydreigon|100/100 brn|[from] move: Wish|[wisher] Clefable
|-damage|p1a: Hydreigon|94/100 brn|[from] brn
|upkeep
|turn|84
|
|switch|p1a: Clefable|Clefable, F|100/100 psn
|move|p2a: Toxapex|Scald|p1a: Clefable
|-damage|p1a: Clefable|88/100 psn
|
|-heal|p1a: Clefable|94/100 psn|[from] item: Leftovers
|upkeep
|turn|85
|
|switch|p1a: Hydreigon|Hydreigon, F|94/100 brn
|move|p2a: Toxapex|Scald|p1a: Hydreigon
|-resisted|p1a: Hydreigon
|-damage|p1a: Hydreigon|84/100 brn
|
|-damage|p1a: Hydreigon|78/100 brn|[from] brn
|upkeep
|turn|86
|
|move|p1a: Hydreigon|Draco Meteor|p2a: Toxapex
|-damage|p2a: Toxapex|44/100
|-unboost|p1a: Hydreigon|spa|2
|move|p2a: Toxapex|Scald|p1a: Hydreigon
|-resisted|p1a: Hydreigon
|-damage|p1a: Hydreigon|69/100 brn
|
|-heal|p2a: Toxapex|50/100|[from] item: Black Sludge
|-damage|p1a: Hydreigon|63/100 brn|[from] brn
|upkeep
|turn|87
|
|switch|p1a: Clefable|Clefable, F|94/100 psn
|move|p2a: Toxapex|Recover|p2a: Toxapex
|-heal|p2a: Toxapex|99/100
|
|-heal|p1a: Clefable|100/100 psn|[from] item: Leftovers
|-heal|p2a: Toxapex|100/100|[from] item: Black Sludge
|upkeep
|turn|88
|
|move|p1a: Clefable|Thunder Wave|p2a: Toxapex
|-status|p2a: Toxapex|par
|move|p2a: Toxapex|Haze|p2a: Toxapex
|-clearallboost
|
|upkeep
|turn|89
|
|move|p1a: Clefable|Wish|p1a: Clefable
|move|p2a: Toxapex|Haze|p2a: Toxapex
|-clearallboost
|
|upkeep
|turn|90
|
|switch|p1a: Hydreigon|Hydreigon, F|63/100 brn
|move|p2a: Toxapex|Haze|p2a: Toxapex
|-clearallboost
|
|-heal|p1a: Hydreigon|100/100 brn|[from] move: Wish|[wisher] Clefable
|-damage|p1a: Hydreigon|94/100 brn|[from] brn
|upkeep
|turn|91
|
|switch|p1a: Corviknight|Corviknight, F|94/100
|-ability|p1a: Corviknight|Pressure
|move|p2a: Toxapex|Scald|p1a: Corviknight
|-damage|p1a: Corviknight|80/100
|
|-heal|p1a: Corviknight|86/100|[from] item: Leftovers
|upkeep
|turn|92
|
|switch|p1a: Clefable|Clefable, F|100/100 psn
|cant|p2a: Toxapex|par
|
|upkeep
|turn|93
|
|switch|p1a: Corviknight|Corviknight, F|86/100
|-ability|p1a: Corviknight|Pressure
|move|p2a: Toxapex|Haze|p2a: Toxapex
|-clearallboost
|
|-heal|p1a: Corviknight|92/100|[from] item: Leftovers
|upkeep
|turn|94
|
|switch|p1a: Clefable|Clefable, F|100/100 psn
|move|p2a: Toxapex|Scald|p1a: Clefable
|-damage|p1a: Clefable|87/100 psn
|
|-heal|p1a: Clefable|93/100 psn|[from] item: Leftovers
|upkeep
|turn|95
|
|switch|p1a: Corviknight|Corviknight, F|92/100
|-ability|p1a: Corviknight|Pressure
|move|p2a: Toxapex|Haze|p2a: Toxapex
|-clearallboost
|
|-heal|p1a: Corviknight|99/100|[from] item: Leftovers
|upkeep
|turn|96
|
|switch|p1a: Clefable|Clefable, F|93/100 psn
|move|p2a: Toxapex|Scald|p1a: Clefable
|-damage|p1a: Clefable|80/100 psn
|
|-heal|p1a: Clefable|87/100 psn|[from] item: Leftovers
|upkeep
|turn|97
|
|switch|p1a: Corviknight|Corviknight, F|99/100
|-ability|p1a: Corviknight|Pressure
|move|p2a: Toxapex|Haze|p2a: Toxapex
|-clearallboost
|
|-heal|p1a: Corviknight|100/100|[from] item: Leftovers
|upkeep
|turn|98
|
|switch|p1a: Clefable|Clefable, F|87/100 psn
|move|p2a: Toxapex|Scald|p1a: Clefable
|-damage|p1a: Clefable|74/100 psn
|
|-heal|p1a: Clefable|80/100 psn|[from] item: Leftovers
|upkeep
|turn|99
|
|switch|p1a: Corviknight|Corviknight, F|100/100
|-ability|p1a: Corviknight|Pressure
|cant|p2a: Toxapex|par
|
|upkeep
|turn|100
|
|switch|p1a: Clefable|Clefable, F|80/100 psn
|move|p2a: Toxapex|Scald|p1a: Clefable
|-damage|p1a: Clefable|67/100 psn
|
|-heal|p1a: Clefable|73/100 psn|[from] item: Leftovers
|upkeep
|turn|101
|
|switch|p1a: Corviknight|Corviknight, F|100/100
|-ability|p1a: Corviknight|Pressure
|cant|p2a: Toxapex|par
|
|upkeep
|turn|102
|
|switch|p1a: Clefable|Clefable, F|73/100 psn
|move|p2a: Toxapex|Scald|p1a: Clefable
|-damage|p1a: Clefable|59/100 psn
|
|-heal|p1a: Clefable|65/100 psn|[from] item: Leftovers
|upkeep
|turn|103
|
|switch|p1a: Corviknight|Corviknight, F|100/100
|-ability|p1a: Corviknight|Pressure
|move|p2a: Toxapex|Scald|p1a: Corviknight
|-damage|p1a: Corviknight|87/100
|
|-heal|p1a: Corviknight|94/100|[from] item: Leftovers
|upkeep
|turn|104
|
|switch|p1a: Clefable|Clefable, F|65/100 psn
|cant|p2a: Toxapex|par
|
|-heal|p1a: Clefable|72/100 psn|[from] item: Leftovers
|upkeep
|turn|105
|
|switch|p1a: Corviknight|Corviknight, F|94/100
|-ability|p1a: Corviknight|Pressure
|move|p2a: Toxapex|Haze|p2a: Toxapex
|-clearallboost
|
|-heal|p1a: Corviknight|99/100|[from] item: Leftovers
|upkeep
|turn|106
|
|switch|p1a: Clefable|Clefable, F|72/100 psn
|cant|p2a: Toxapex|par
|
|-heal|p1a: Clefable|78/100 psn|[from] item: Leftovers
|upkeep
|turn|107
|
|switch|p1a: Corviknight|Corviknight, F|99/100
|-ability|p1a: Corviknight|Pressure
|move|p2a: Toxapex|Haze|p2a: Toxapex
|-clearallboost
|
|-heal|p1a: Corviknight|100/100|[from] item: Leftovers
|upkeep
|turn|108
|
|switch|p1a: Clefable|Clefable, F|78/100 psn
|move|p2a: Toxapex|Scald|p1a: Clefable
|-crit|p1a: Clefable
|-damage|p1a: Clefable|59/100 psn
|
|-heal|p1a: Clefable|65/100 psn|[from] item: Leftovers
|upkeep
|turn|109
|
|switch|p1a: Corviknight|Corviknight, F|100/100
|-ability|p1a: Corviknight|Pressure
|move|p2a: Toxapex|Scald|p1a: Corviknight
|-damage|p1a: Corviknight|86/100
|
|-heal|p1a: Corviknight|92/100|[from] item: Leftovers
|upkeep
|turn|110
|
|switch|p1a: Clefable|Clefable, F|65/100 psn
|move|p2a: Toxapex|Scald|p1a: Clefable
|-damage|p1a: Clefable|51/100 psn
|
|-heal|p1a: Clefable|57/100 psn|[from] item: Leftovers
|upkeep
|turn|111
|
|move|p1a: Clefable|Wish|p1a: Clefable
|cant|p2a: Toxapex|par
|
|-heal|p1a: Clefable|63/100 psn|[from] item: Leftovers
|upkeep
|turn|112
|
|move|p1a: Clefable|Thunder Wave|p2a: Toxapex
|-fail|p2a: Toxapex|par
|move|p2a: Toxapex|Scald|p1a: Clefable
|-damage|p1a: Clefable|50/100 psn
|
|-heal|p1a: Clefable|99/100 psn|[from] move: Wish|[wisher] Clefable
|-heal|p1a: Clefable|100/100 psn|[from] item: Leftovers
|upkeep
|turn|113
|
|switch|p1a: Corviknight|Corviknight, F|92/100
|-ability|p1a: Corviknight|Pressure
|cant|p2a: Toxapex|par
|
|-heal|p1a: Corviknight|99/100|[from] item: Leftovers
|upkeep
|turn|114
|
|switch|p1a: Clefable|Clefable, F|100/100 psn
|move|p2a: Toxapex|Scald|p1a: Clefable
|-damage|p1a: Clefable|86/100 psn
|
|-heal|p1a: Clefable|92/100 psn|[from] item: Leftovers
|upkeep
|turn|115
|
|switch|p1a: Corviknight|Corviknight, F|99/100
|-ability|p1a: Corviknight|Pressure
|move|p2a: Toxapex|Haze|p2a: Toxapex
|-clearallboost
|
|-heal|p1a: Corviknight|100/100|[from] item: Leftovers
|upkeep
|turn|116
|
|switch|p1a: Clefable|Clefable, F|92/100 psn
|move|p2a: Toxapex|Scald|p1a: Clefable
|-damage|p1a: Clefable|79/100 psn
|
|-heal|p1a: Clefable|85/100 psn|[from] item: Leftovers
|upkeep
|turn|117
|
|switch|p1a: Corviknight|Corviknight, F|100/100
|-ability|p1a: Corviknight|Pressure
|move|p2a: Toxapex|Haze|p2a: Toxapex
|-clearallboost
|
|upkeep
|turn|118
|
|switch|p1a: Clefable|Clefable, F|85/100 psn
|move|p2a: Toxapex|Scald|p1a: Clefable
|-damage|p1a: Clefable|71/100 psn
|
|-heal|p1a: Clefable|77/100 psn|[from] item: Leftovers
|upkeep
|turn|119
|
|switch|p1a: Corviknight|Corviknight, F|100/100
|-ability|p1a: Corviknight|Pressure
|move|p2a: Toxapex|Haze|p2a: Toxapex
|-clearallboost
|
|upkeep
|turn|120
|
|switch|p1a: Clefable|Clefable, F|77/100 psn
|move|p2a: Toxapex|Toxic Spikes||[still]
|-fail|p2a: Toxapex
|
|-heal|p1a: Clefable|83/100 psn|[from] item: Leftovers
|upkeep
|turn|121
|
|switch|p1a: Corviknight|Corviknight, F|100/100
|-ability|p1a: Corviknight|Pressure
|move|p2a: Toxapex|Haze|p2a: Toxapex
|-clearallboost
|
|upkeep
|turn|122
|
|switch|p1a: Clefable|Clefable, F|83/100 psn
|cant|p2a: Toxapex|par
|
|-heal|p1a: Clefable|89/100 psn|[from] item: Leftovers
|upkeep
|turn|123
|
|switch|p1a: Corviknight|Corviknight, F|100/100
|-ability|p1a: Corviknight|Pressure
|move|p2a: Toxapex|Haze|p2a: Toxapex
|-clearallboost
|
|upkeep
|turn|124
|
|switch|p1a: Clefable|Clefable, F|89/100 psn
|cant|p2a: Toxapex|par
|
|-heal|p1a: Clefable|95/100 psn|[from] item: Leftovers
|upkeep
|turn|125
|
|switch|p1a: Corviknight|Corviknight, F|100/100
|-ability|p1a: Corviknight|Pressure
|move|p2a: Toxapex|Haze|p2a: Toxapex
|-clearallboost
|
|upkeep
|turn|126
|
|switch|p1a: Clefable|Clefable, F|95/100 psn
|move|p2a: Toxapex|Toxic Spikes||[still]
|-fail|p2a: Toxapex
|
|-heal|p1a: Clefable|100/100 psn|[from] item: Leftovers
|upkeep
|turn|127
|
|switch|p1a: Corviknight|Corviknight, F|100/100
|-ability|p1a: Corviknight|Pressure
|move|p2a: Toxapex|Haze|p2a: Toxapex
|-clearallboost
|
|upkeep
|turn|128
|
|switch|p1a: Clefable|Clefable, F|100/100 psn
|move|p2a: Toxapex|Toxic Spikes||[still]
|-fail|p2a: Toxapex
|
|upkeep
|turn|129
|
|switch|p1a: Corviknight|Corviknight, F|100/100
|-ability|p1a: Corviknight|Pressure
|move|p2a: Toxapex|Haze|p2a: Toxapex
|-clearallboost
|
|upkeep
|turn|130
|
|switch|p1a: Clefable|Clefable, F|100/100 psn
|move|p2a: Toxapex|Toxic Spikes||[still]
|-fail|p2a: Toxapex
|
|upkeep
|turn|131
|
|switch|p1a: Corviknight|Corviknight, F|100/100
|-ability|p1a: Corviknight|Pressure
|move|p2a: Toxapex|Haze|p2a: Toxapex
|-clearallboost
|
|upkeep
|turn|132
|
|switch|p1a: Clefable|Clefable, F|100/100 psn
|move|p2a: Toxapex|Toxic Spikes||[still]
|-fail|p2a: Toxapex
|
|upkeep
|turn|133
|
|switch|p1a: Corviknight|Corviknight, F|100/100
|-ability|p1a: Corviknight|Pressure
|move|p2a: Toxapex|Haze|p2a: Toxapex
|-clearallboost
|
|upkeep
|turn|134
|
|switch|p1a: Clefable|Clefable, F|100/100 psn
|move|p2a: Toxapex|Toxic Spikes||[still]
|-fail|p2a: Toxapex
|
|upkeep
|turn|135
|
|switch|p1a: Corviknight|Corviknight, F|100/100
|-ability|p1a: Corviknight|Pressure
|move|p2a: Toxapex|Haze|p2a: Toxapex
|-clearallboost
|
|upkeep
|turn|136
|
|switch|p1a: Clefable|Clefable, F|100/100 psn
|move|p2a: Toxapex|Toxic Spikes||[still]
|-fail|p2a: Toxapex
|
|upkeep
|turn|137
|
|switch|p1a: Corviknight|Corviknight, F|100/100
|-ability|p1a: Corviknight|Pressure
|move|p2a: Toxapex|Haze|p2a: Toxapex
|-clearallboost
|
|upkeep
|turn|138
|
|switch|p1a: Clefable|Clefable, F|100/100 psn
|cant|p2a: Toxapex|par
|
|upkeep
|turn|139
|
|switch|p1a: Corviknight|Corviknight, F|100/100
|-ability|p1a: Corviknight|Pressure
|move|p2a: Toxapex|Haze|p2a: Toxapex
|-clearallboost
|
|upkeep
|turn|140
|
|switch|p1a: Clefable|Clefable, F|100/100 psn
|move|p2a: Toxapex|Toxic Spikes||[still]
|-fail|p2a: Toxapex
|
|upkeep
|turn|141
|
|switch|p1a: Corviknight|Corviknight, F|100/100
|-ability|p1a: Corviknight|Pressure
|cant|p2a: Toxapex|par
|
|upkeep
|turn|142
|
|switch|p1a: Clefable|Clefable, F|100/100 psn
|move|p2a: Toxapex|Toxic Spikes||[still]
|-fail|p2a: Toxapex
|
|upkeep
|turn|143
|
|switch|p1a: Corviknight|Corviknight, F|100/100
|-ability|p1a: Corviknight|Pressure
|move|p2a: Toxapex|Haze|p2a: Toxapex
|-clearallboost
|
|upkeep
|turn|144
|
|switch|p1a: Clefable|Clefable, F|100/100 psn
|move|p2a: Toxapex|Toxic Spikes||[still]
|-fail|p2a: Toxapex
|
|upkeep
|turn|145
|
|switch|p1a: Corviknight|Corviknight, F|100/100
|-ability|p1a: Corviknight|Pressure
|cant|p2a: Toxapex|par
|
|upkeep
|turn|146
|
|switch|p1a: Clefable|Clefable, F|100/100 psn
|move|p2a: Toxapex|Toxic Spikes||[still]
|-fail|p2a: Toxapex
|
|upkeep
|turn|147
|
|switch|p1a: Corviknight|Corviknight, F|100/100
|-ability|p1a: Corviknight|Pressure
|move|p2a: Toxapex|Haze|p2a: Toxapex
|-clearallboost
|
|upkeep
|turn|148
|
|switch|p1a: Clefable|Clefable, F|100/100 psn
|move|p2a: Toxapex|Toxic Spikes||[still]
|-fail|p2a: Toxapex
|
|upkeep
|turn|149
|
|switch|p1a: Corviknight|Corviknight, F|100/100
|-ability|p1a: Corviknight|Pressure
|cant|p2a: Toxapex|par
|
|upkeep
|turn|150
|
|switch|p1a: Clefable|Clefable, F|100/100 psn
|move|p2a: Toxapex|Toxic Spikes||[still]
|-fail|p2a: Toxapex
|
|upkeep
|turn|151
|
|switch|p1a: Corviknight|Corviknight, F|100/100
|-ability|p1a: Corviknight|Pressure
|move|p2a: Toxapex|Haze|p2a: Toxapex
|-clearallboost
|
|upkeep
|turn|152
|
|switch|p1a: Clefable|Clefable, F|100/100 psn
|move|p2a: Toxapex|Toxic Spikes||[still]
|-fail|p2a: Toxapex
|
|upkeep
|turn|153
|
|switch|p1a: Corviknight|Corviknight, F|100/100
|-ability|p1a: Corviknight|Pressure
|move|p2a: Toxapex|Haze|p2a: Toxapex
|-clearallboost
|
|upkeep
|turn|154
|
|switch|p1a: Clefable|Clefable, F|100/100 psn
|move|p2a: Toxapex|Toxic Spikes||[still]
|-fail|p2a: Toxapex
|
|upkeep
|turn|155
|
|switch|p1a: Corviknight|Corviknight, F|100/100
|-ability|p1a: Corviknight|Pressure
|move|p2a: Toxapex|Recover||[still]
|-fail|p2a: Toxapex|heal
|
|upkeep
|turn|156
|
|switch|p1a: Clefable|Clefable, F|100/100 psn
|move|p2a: Toxapex|Toxic Spikes||[still]
|-fail|p2a: Toxapex
|
|upkeep
|turn|157
|
|switch|p1a: Corviknight|Corviknight, F|100/100
|-ability|p1a: Corviknight|Pressure
|move|p2a: Toxapex|Recover||[still]
|-fail|p2a: Toxapex|heal
|
|upkeep
|turn|158
|
|switch|p1a: Clefable|Clefable, F|100/100 psn
|move|p2a: Toxapex|Toxic Spikes||[still]
|-fail|p2a: Toxapex
|
|upkeep
|turn|159
|
|switch|p1a: Corviknight|Corviknight, F|100/100
|-ability|p1a: Corviknight|Pressure
|move|p2a: Toxapex|Recover||[still]
|-fail|p2a: Toxapex|heal
|
|upkeep
|turn|160
|
|switch|p1a: Clefable|Clefable, F|100/100 psn
|move|p2a: Toxapex|Toxic Spikes||[still]
|-fail|p2a: Toxapex
|
|upkeep
|turn|161
|
|switch|p1a: Corviknight|Corviknight, F|100/100
|-ability|p1a: Corviknight|Pressure
|move|p2a: Toxapex|Recover||[still]
|-fail|p2a: Toxapex|heal
|
|upkeep
|turn|162
|
|switch|p1a: Clefable|Clefable, F|100/100 psn
|move|p2a: Toxapex|Toxic Spikes||[still]
|-fail|p2a: Toxapex
|
|upkeep
|turn|163
|
|switch|p1a: Corviknight|Corviknight, F|100/100
|-ability|p1a: Corviknight|Pressure
|move|p2a: Toxapex|Recover||[still]
|-fail|p2a: Toxapex|heal
|
|upkeep
|turn|164
|
|switch|p1a: Clefable|Clefable, F|100/100 psn
|move|p2a: Toxapex|Toxic Spikes||[still]
|-fail|p2a: Toxapex
|
|upkeep
|turn|165
|
|switch|p1a: Corviknight|Corviknight, F|100/100
|-ability|p1a: Corviknight|Pressure
|move|p2a: Toxapex|Recover||[still]
|-fail|p2a: Toxapex|heal
|
|upkeep
|turn|166
|
|switch|p1a: Clefable|Clefable, F|100/100 psn
|cant|p2a: Toxapex|par
|
|upkeep
|turn|167
|
|switch|p1a: Corviknight|Corviknight, F|100/100
|-ability|p1a: Corviknight|Pressure
|cant|p2a: Toxapex|par
|
|upkeep
|turn|168
|
|switch|p1a: Clefable|Clefable, F|100/100 psn
|move|p2a: Toxapex|Toxic Spikes||[still]
|-fail|p2a: Toxapex
|
|upkeep
|turn|169
|
|switch|p1a: Corviknight|Corviknight, F|100/100
|-ability|p1a: Corviknight|Pressure
|move|p2a: Toxapex|Recover||[still]
|-fail|p2a: Toxapex|heal
|
|upkeep
|turn|170
|
|switch|p1a: Clefable|Clefable, F|100/100 psn
|move|p2a: Toxapex|Toxic Spikes||[still]
|-fail|p2a: Toxapex
|
|upkeep
|turn|171
|
|switch|p1a: Corviknight|Corviknight, F|100/100
|-ability|p1a: Corviknight|Pressure
|cant|p2a: Toxapex|par
|
|upkeep
|turn|172
|
|switch|p1a: Clefable|Clefable, F|100/100 psn
|cant|p2a: Toxapex|par
|
|upkeep
|turn|173
|
|switch|p1a: Corviknight|Corviknight, F|100/100
|-ability|p1a: Corviknight|Pressure
|move|p2a: Toxapex|Recover||[still]
|-fail|p2a: Toxapex|heal
|
|upkeep
|turn|174
|
|switch|p1a: Clefable|Clefable, F|100/100 psn
|move|p2a: Toxapex|Toxic Spikes||[still]
|-fail|p2a: Toxapex
|
|upkeep
|turn|175
|
|switch|p1a: Corviknight|Corviknight, F|100/100
|-ability|p1a: Corviknight|Pressure
|cant|p2a: Toxapex|par
|
|upkeep
|turn|176
|
|switch|p1a: Clefable|Clefable, F|100/100 psn
|move|p2a: Toxapex|Toxic Spikes||[still]
|-fail|p2a: Toxapex
|
|upkeep
|turn|177
|
|switch|p1a: Corviknight|Corviknight, F|100/100
|-ability|p1a: Corviknight|Pressure
|cant|p2a: Toxapex|par
|
|upkeep
|turn|178
|
|switch|p1a: Clefable|Clefable, F|100/100 psn
|cant|p2a: Toxapex|par
|
|upkeep
|turn|179
|
|switch|p1a: Corviknight|Corviknight, F|100/100
|-ability|p1a: Corviknight|Pressure
|cant|p2a: Toxapex|par
|
|upkeep
|turn|180
|
|switch|p1a: Clefable|Clefable, F|100/100 psn
|cant|p2a: Toxapex|par
|
|upkeep
|turn|181
|
|switch|p1a: Corviknight|Corviknight, F|100/100
|-ability|p1a: Corviknight|Pressure
|move|p2a: Toxapex|Toxic Spikes||[still]
|-fail|p2a: Toxapex
|
|upkeep
|turn|182
|
|switch|p1a: Clefable|Clefable, F|100/100 psn
|move|p2a: Toxapex|Toxic Spikes||[still]
|-fail|p2a: Toxapex
|
|upkeep
|turn|183
|
|switch|p1a: Corviknight|Corviknight, F|100/100
|-ability|p1a: Corviknight|Pressure
|move|p2a: Toxapex|Toxic Spikes||[still]
|-fail|p2a: Toxapex
|
|upkeep
|turn|184
|
|switch|p1a: Clefable|Clefable, F|100/100 psn
|-activate|p2a: Toxapex|move: Struggle
|move|p2a: Toxapex|Struggle|p1a: Clefable
|-damage|p1a: Clefable|93/100 psn
|-damage|p2a: Toxapex|75/100 par|[from] recoil
|
|-heal|p1a: Clefable|99/100 psn|[from] item: Leftovers
|-heal|p2a: Toxapex|81/100 par|[from] item: Black Sludge
|upkeep
|turn|185
|
|switch|p1a: Corviknight|Corviknight, F|100/100
|-ability|p1a: Corviknight|Pressure
|switch|p2a: Mandibuzz|Mandibuzz, F|96/100
|
|upkeep
|turn|186
|
|move|p2a: Mandibuzz|Foul Play|p1a: Corviknight
|-damage|p1a: Corviknight|80/100
|move|p1a: Corviknight|U-turn|p2a: Mandibuzz
|-damage|p2a: Mandibuzz|87/100
|
|switch|p1a: Clefable|Clefable, F|99/100 psn|[from]move: U-turn
|
|-heal|p1a: Clefable|100/100 psn|[from] item: Leftovers
|upkeep
|turn|187
|
|move|p1a: Clefable|Protect|p1a: Clefable
|-singleturn|p1a: Clefable|Protect
|move|p2a: Mandibuzz|Roost|p2a: Mandibuzz
|-heal|p2a: Mandibuzz|100/100
|-singleturn|p2a: Mandibuzz|move: Roost
|
|upkeep
|turn|188
|
|switch|p2a: Toxapex|Toxapex, F|100/100 par
|-damage|p2a: Toxapex|88/100 par|[from] Stealth Rock
|move|p1a: Clefable|Moonblast|p2a: Toxapex
|-resisted|p2a: Toxapex
|-damage|p2a: Toxapex|74/100 par
|
|-heal|p2a: Toxapex|80/100 par|[from] item: Black Sludge
|upkeep
|turn|189
|
|switch|p1a: Corviknight|Corviknight, F|80/100
|-ability|p1a: Corviknight|Pressure
|switch|p2a: Mandibuzz|Mandibuzz, F|100/100
|
|-heal|p1a: Corviknight|86/100|[from] item: Leftovers
|upkeep
|turn|190
|
|switch|p1a: Clefable|Clefable, F|100/100 psn
|move|p2a: Mandibuzz|Foul Play|p1a: Clefable
|-resisted|p1a: Clefable
|-damage|p1a: Clefable|92/100 psn
|
|-heal|p1a: Clefable|98/100 psn|[from] item: Leftovers
|upkeep
|turn|191
|
|switch|p2a: Toxapex|Toxapex, F|100/100 par
|-damage|p2a: Toxapex|88/100 par|[from] Stealth Rock
|switch|p1a: Corviknight|Corviknight, F|86/100
|-ability|p1a: Corviknight|Pressure
|
|-heal|p1a: Corviknight|92/100|[from] item: Leftovers
|-heal|p2a: Toxapex|94/100 par|[from] item: Black Sludge
|upkeep
|turn|192
|inactive|Sart2 has 120 seconds left.
|
|switch|p2a: Mandibuzz|Mandibuzz, F|100/100
|move|p1a: Corviknight|Defog|p2a: Mandibuzz
|-unboost|p2a: Mandibuzz|evasion|1
|-sideend|p2: kliktuplorel|Stealth Rock|[from] move: Defog|[of] p1a: Corviknight
|-sideend|p1: Sart2|Toxic Spikes|[from] move: Defog|[of] p1a: Corviknight
|
|-heal|p1a: Corviknight|99/100|[from] item: Leftovers
|upkeep
|turn|193
|
|move|p2a: Mandibuzz|Foul Play|p1a: Corviknight
|-damage|p1a: Corviknight|77/100
|move|p1a: Corviknight|U-turn|p2a: Mandibuzz
|-damage|p2a: Mandibuzz|92/100
|
|switch|p1a: Seismitoad|Seismitoad, F|99/100|[from]move: U-turn
|
|-heal|p1a: Seismitoad|100/100|[from] item: Leftovers
|upkeep
|turn|194
|
|move|p2a: Mandibuzz|Foul Play|p1a: Seismitoad
|-damage|p1a: Seismitoad|77/100
|move|p1a: Seismitoad|Stealth Rock|p2a: Mandibuzz
|-sidestart|p2: kliktuplorel|move: Stealth Rock
|
|-heal|p1a: Seismitoad|83/100|[from] item: Leftovers
|upkeep
|turn|195
|
|move|p2a: Mandibuzz|Defog|p1a: Seismitoad
|-unboost|p1a: Seismitoad|evasion|1
|-sideend|p2: kliktuplorel|Stealth Rock|[from] move: Defog|[of] p2a: Mandibuzz
|move|p1a: Seismitoad|Toxic|p2a: Mandibuzz
|-status|p2a: Mandibuzz|tox
|
|-heal|p1a: Seismitoad|89/100|[from] item: Leftovers
|-damage|p2a: Mandibuzz|86/100 tox|[from] psn
|upkeep
|turn|196
|
|move|p2a: Mandibuzz|Foul Play|p1a: Seismitoad
|-damage|p1a: Seismitoad|65/100
|move|p1a: Seismitoad|Stealth Rock|p2a: Mandibuzz
|-sidestart|p2: kliktuplorel|move: Stealth Rock
|
|-heal|p1a: Seismitoad|71/100|[from] item: Leftovers
|-damage|p2a: Mandibuzz|73/100 tox|[from] psn
|upkeep
|turn|197
|
|move|p1a: Seismitoad|Protect|p1a: Seismitoad
|-singleturn|p1a: Seismitoad|Protect
|move|p2a: Mandibuzz|Roost|p2a: Mandibuzz
|-heal|p2a: Mandibuzz|100/100 tox
|-singleturn|p2a: Mandibuzz|move: Roost
|
|-heal|p1a: Seismitoad|77/100|[from] item: Leftovers
|-damage|p2a: Mandibuzz|82/100 tox|[from] psn
|upkeep
|turn|198
|
|switch|p1a: Clefable|Clefable, F|98/100 psn
|move|p2a: Mandibuzz|U-turn|p1a: Clefable
|-resisted|p1a: Clefable
|-damage|p1a: Clefable|93/100 psn
|
|switch|p2a: Toxapex|Toxapex, F|100/100 par|[from]move: U-turn
|-damage|p2a: Toxapex|88/100 par|[from] Stealth Rock
|
|-heal|p1a: Clefable|99/100 psn|[from] item: Leftovers
|-heal|p2a: Toxapex|94/100 par|[from] item: Black Sludge
|upkeep
|turn|199
|
|switch|p1a: Corviknight|Corviknight, F|77/100
|-ability|p1a: Corviknight|Pressure
|-activate|p2a: Toxapex|move: Struggle
|move|p2a: Toxapex|Struggle|p1a: Corviknight
|-damage|p1a: Corviknight|72/100
|-damage|p2a: Toxapex|69/100 par|[from] recoil
|
|-heal|p1a: Corviknight|78/100|[from] item: Leftovers
|-heal|p2a: Toxapex|75/100 par|[from] item: Black Sludge
|upkeep
|turn|200
|inactive|Sart2 has 90 seconds left.
|
|switch|p1a: Clefable|Clefable, F|99/100 psn
|switch|p2a: Conkeldurr|Conkeldurr, M|100/100
|-damage|p2a: Conkeldurr|94/100|[from] Stealth Rock
|
|-heal|p1a: Clefable|100/100 psn|[from] item: Leftovers
|-status|p2a: Conkeldurr|brn|[from] item: Flame Orb
|upkeep
|turn|201
|
|move|p1a: Clefable|Moonblast|p2a: Conkeldurr
|-supereffective|p2a: Conkeldurr
|-damage|p2a: Conkeldurr|18/100 brn
|move|p2a: Conkeldurr|Earthquake|p1a: Clefable
|-damage|p1a: Clefable|46/100 psn
|
|-heal|p1a: Clefable|52/100 psn|[from] item: Leftovers
|-damage|p2a: Conkeldurr|12/100 brn|[from] brn
|upkeep
|turn|202
|inactive|Sart2 has 90 seconds left.
|
|move|p2a: Conkeldurr|Mach Punch|p1a: Clefable
|-resisted|p1a: Clefable
|-damage|p1a: Clefable|36/100 psn
|move|p1a: Clefable|Moonblast|p2a: Conkeldurr
|-supereffective|p2a: Conkeldurr
|-damage|p2a: Conkeldurr|0 fnt
|faint|p2a: Conkeldurr
|
|-heal|p1a: Clefable|42/100 psn|[from] item: Leftovers
|upkeep
|
|switch|p2a: Toxapex|Toxapex, F|100/100 par
|-damage|p2a: Toxapex|88/100 par|[from] Stealth Rock
|turn|203
|inactive|Sart2 has 90 seconds left.
|
|move|p1a: Clefable|Protect|p1a: Clefable
|-singleturn|p1a: Clefable|Protect
|-activate|p2a: Toxapex|move: Struggle
|move|p2a: Toxapex|Struggle|p1a: Clefable
|-activate|p1a: Clefable|move: Protect
|
|-heal|p1a: Clefable|48/100 psn|[from] item: Leftovers
|-heal|p2a: Toxapex|94/100 par|[from] item: Black Sludge
|upkeep
|turn|204
|
|move|p1a: Clefable|Wish|p1a: Clefable
|-activate|p2a: Toxapex|move: Struggle
|move|p2a: Toxapex|Struggle|p1a: Clefable
|-damage|p1a: Clefable|40/100 psn
|-damage|p2a: Toxapex|69/100 par|[from] recoil
|
|-heal|p1a: Clefable|46/100 psn|[from] item: Leftovers
|-heal|p2a: Toxapex|75/100 par|[from] item: Black Sludge
|upkeep
|turn|205
|
|move|p1a: Clefable|Moonblast|p2a: Toxapex
|-resisted|p2a: Toxapex
|-damage|p2a: Toxapex|62/100 par
|-activate|p2a: Toxapex|move: Struggle
|move|p2a: Toxapex|Struggle|p1a: Clefable
|-damage|p1a: Clefable|39/100 psn
|-damage|p2a: Toxapex|37/100 par|[from] recoil
|
|-heal|p1a: Clefable|89/100 psn|[from] move: Wish|[wisher] Clefable
|-heal|p1a: Clefable|95/100 psn|[from] item: Leftovers
|-heal|p2a: Toxapex|43/100 par|[from] item: Black Sludge
|upkeep
|turn|206
|
|switch|p1a: Corviknight|Corviknight, F|78/100
|-ability|p1a: Corviknight|Pressure
|-activate|p2a: Toxapex|move: Struggle
|move|p2a: Toxapex|Struggle|p1a: Corviknight
|-damage|p1a: Corviknight|72/100
|-damage|p2a: Toxapex|18/100 par|[from] recoil
|
|-heal|p1a: Corviknight|79/100|[from] item: Leftovers
|-heal|p2a: Toxapex|24/100 par|[from] item: Black Sludge
|upkeep
|turn|207
|
|switch|p2a: Mandibuzz|Mandibuzz, F|82/100 tox
|move|p1a: Corviknight|Iron Head|p2a: Mandibuzz
|-damage|p2a: Mandibuzz|66/100 tox
|
|-heal|p1a: Corviknight|85/100|[from] item: Leftovers
|-damage|p2a: Mandibuzz|60/100 tox|[from] psn
|upkeep
|turn|208
|
|move|p2a: Mandibuzz|Roost|p2a: Mandibuzz
|-heal|p2a: Mandibuzz|100/100 tox
|-singleturn|p2a: Mandibuzz|move: Roost
|move|p1a: Corviknight|U-turn|p2a: Mandibuzz
|-supereffective|p2a: Mandibuzz
|-damage|p2a: Mandibuzz|83/100 tox
|inactive|Sart2 has 60 seconds left.
|
|switch|p1a: Rotom|Rotom-Heat|83/100|[from]move: U-turn
|
|-damage|p2a: Mandibuzz|71/100 tox|[from] psn
|upkeep
|turn|209
|inactive|Sart2 has 60 seconds left.
|
|move|p1a: Rotom|Nasty Plot|p1a: Rotom
|-boost|p1a: Rotom|spa|2
|move|p2a: Mandibuzz|Roost|p2a: Mandibuzz
|-heal|p2a: Mandibuzz|100/100 tox
|-singleturn|p2a: Mandibuzz|move: Roost
|
|-damage|p2a: Mandibuzz|82/100 tox|[from] psn
|upkeep
|turn|210
|
|move|p1a: Rotom|Nasty Plot|p1a: Rotom
|-boost|p1a: Rotom|spa|2
|move|p2a: Mandibuzz|U-turn|p1a: Rotom
|-resisted|p1a: Rotom
|-damage|p1a: Rotom|77/100
|
|switch|p2a: Toxapex|Toxapex, F|57/100 par|[from]move: U-turn
|-damage|p2a: Toxapex|45/100 par|[from] Stealth Rock
|
|-heal|p2a: Toxapex|51/100 par|[from] item: Black Sludge
|upkeep
|turn|211
|
|switch|p2a: Grimmsnarl|Grimmsnarl, M|57/100
|-damage|p2a: Grimmsnarl|44/100|[from] Stealth Rock
|move|p1a: Rotom|Nasty Plot|p1a: Rotom
|-boost|p1a: Rotom|spa|2
|
|-heal|p2a: Grimmsnarl|50/100|[from] item: Leftovers
|upkeep
|turn|212
|
|switch|p1a: Corviknight|Corviknight, F|85/100
|-ability|p1a: Corviknight|Pressure
|move|p2a: Grimmsnarl|Spirit Break|p1a: Corviknight
|-resisted|p1a: Corviknight
|-damage|p1a: Corviknight|71/100
|-unboost|p1a: Corviknight|spa|1
|
|-heal|p1a: Corviknight|77/100|[from] item: Leftovers
|-heal|p2a: Grimmsnarl|57/100|[from] item: Leftovers
|upkeep
|turn|213
|
|switch|p2a: Toxapex|Toxapex, F|84/100 par
|-damage|p2a: Toxapex|72/100 par|[from] Stealth Rock
|move|p1a: Corviknight|Iron Head|p2a: Toxapex
|-resisted|p2a: Toxapex
|-damage|p2a: Toxapex|63/100 par
|
|-heal|p1a: Corviknight|83/100|[from] item: Leftovers
|-heal|p2a: Toxapex|69/100 par|[from] item: Black Sludge
|upkeep
|turn|214
|
|switch|p2a: Mandibuzz|Mandibuzz, F|82/100 tox
|move|p1a: Corviknight|U-turn|p2a: Mandibuzz
|-damage|p2a: Mandibuzz|73/100 tox
|
|switch|p1a: Rotom|Rotom-Heat|77/100|[from]move: U-turn
|
|-damage|p2a: Mandibuzz|66/100 tox|[from] psn
|upkeep
|turn|215
|
|move|p1a: Rotom|Volt Switch|p2a: Mandibuzz
|-supereffective|p2a: Mandibuzz
|-damage|p2a: Mandibuzz|23/100 tox
|
|switch|p1a: Clefable|Clefable, F|95/100 psn|[from]move: Volt Switch
|move|p2a: Mandibuzz|Roost|p2a: Mandibuzz
|-heal|p2a: Mandibuzz|74/100 tox
|-singleturn|p2a: Mandibuzz|move: Roost
|
|-heal|p1a: Clefable|100/100 psn|[from] item: Leftovers
|-damage|p2a: Mandibuzz|61/100 tox|[from] psn
|upkeep
|turn|216
|
|move|p2a: Mandibuzz|U-turn|p1a: Clefable
|-resisted|p1a: Clefable
|-damage|p1a: Clefable|95/100 psn
|
|switch|p2a: Toxapex|Toxapex, F|100/100 par|[from]move: U-turn
|-damage|p2a: Toxapex|88/100 par|[from] Stealth Rock
|move|p1a: Clefable|Moonblast|p2a: Toxapex
|-resisted|p2a: Toxapex
|-damage|p2a: Toxapex|76/100 par
|-unboost|p2a: Toxapex|spa|1
|
|-heal|p1a: Clefable|100/100 psn|[from] item: Leftovers
|-heal|p2a: Toxapex|82/100 par|[from] item: Black Sludge
|upkeep
|turn|217
|
|switch|p1a: Conkeldurr|Conkeldurr, F|100/100
|-activate|p2a: Toxapex|move: Struggle
|move|p2a: Toxapex|Struggle|p1a: Conkeldurr
|-damage|p1a: Conkeldurr|93/100
|-damage|p2a: Toxapex|57/100 par|[from] recoil
|
|-heal|p2a: Toxapex|63/100 par|[from] item: Black Sludge
|-status|p1a: Conkeldurr|brn|[from] item: Flame Orb
|upkeep
|turn|218
|
|switch|p2a: Grimmsnarl|Grimmsnarl, M|57/100
|-damage|p2a: Grimmsnarl|44/100|[from] Stealth Rock
|move|p1a: Conkeldurr|Earthquake|p2a: Grimmsnarl
|-damage|p2a: Grimmsnarl|0 fnt
|faint|p2a: Grimmsnarl
|
|-damage|p1a: Conkeldurr|87/100 brn|[from] brn
|upkeep
|
|switch|p2a: Mandibuzz|Mandibuzz, F|61/100 tox
|turn|219
|
|move|p2a: Mandibuzz|Roost|p2a: Mandibuzz
|-heal|p2a: Mandibuzz|100/100 tox
|-singleturn|p2a: Mandibuzz|move: Roost
|move|p1a: Conkeldurr|Close Combat|p2a: Mandibuzz
|-supereffective|p2a: Mandibuzz
|-damage|p2a: Mandibuzz|0 fnt
|-unboost|p1a: Conkeldurr|def|1
|-unboost|p1a: Conkeldurr|spd|1
|faint|p2a: Mandibuzz
|
|-damage|p1a: Conkeldurr|81/100 brn|[from] brn
|upkeep
|
|switch|p2a: Toxapex|Toxapex, F|97/100 par
|-damage|p2a: Toxapex|84/100 par|[from] Stealth Rock
|turn|220
|inactive|Sart2 has 30 seconds left.
|
|move|p1a: Conkeldurr|Earthquake|p2a: Toxapex
|-supereffective|p2a: Toxapex
|-damage|p2a: Toxapex|2/100 par
|cant|p2a: Toxapex|par
|
|-heal|p2a: Toxapex|8/100 par|[from] item: Black Sludge
|-damage|p1a: Conkeldurr|75/100 brn|[from] brn
|upkeep
|turn|221
|inactive|Sart2 has 30 seconds left.
|
|move|p1a: Conkeldurr|Earthquake|p2a: Toxapex
|-supereffective|p2a: Toxapex
|-damage|p2a: Toxapex|0 fnt
|faint|p2a: Toxapex
|
|win|Sart2
|l|‽kliktuplorel
