|ScrapeTime|2020-01-02-12:54:57
|j|☆IM A G3NG4R
|j|☆TsunTsun1
|player|p1|IM A G3NG4R|acerola|1173
|player|p2|TsunTsun1|ingo|1125
|teamsize|p1|6
|teamsize|p2|6
|gametype|singles
|gen|8
|tier|[Gen 8] OU
|rated|
|rule|Sleep Clause Mod: Limit one foe put to sleep
|rule|Species Clause: Limit one of each Pokémon
|rule|OHKO Clause: OHKO moves are banned
|rule|Evasion Moves Clause: Evasion moves are banned
|rule|Endless Battle Clause: Forcing endless battles is banned
|rule|HP Percentage Mod: HP is shown in percentages
|clearpoke
|poke|p1|Vaporeon, F|
|poke|p1|Excadrill, F|
|poke|p1|Ferrothorn, M|
|poke|p1|Tyranitar, M|
|poke|p1|Ditto|
|poke|p1|Togekiss, F|
|poke|p2|Inteleon, M|
|poke|p2|Duraludon, F|
|poke|p2|Hatterene, F|
|poke|p2|Rillaboom, F|
|poke|p2|Cinderace, F|
|poke|p2|Rhyperior, F|
|rule|Dynamax Clause: You cannot dynamax
|teampreview
|
|start
|switch|p1a: Vaporeon|Vaporeon, F, shiny|100/100
|switch|p2a: Rhyperior|Rhyperior, F|100/100
|turn|1
|inactive|Battle timer is ON: inactive players will automatically lose when time's up. (requested by IM A G3NG4R)
|
|move|p1a: Vaporeon|Scald|p2a: Rhyperior
|-supereffective|p2a: Rhyperior
|-damage|p2a: Rhyperior|0 fnt
|faint|p2a: Rhyperior
|
|upkeep
|
|switch|p2a: Hat Box|Hatterene, F|100/100
|turn|2
|
|switch|p1a: Tyranitar|Tyranitar, M|100/100
|-weather|Sandstorm|[from] ability: Sand Stream|[of] p1a: Tyranitar
|move|p2a: Hat Box|Giga Drain|p1a: Tyranitar
|-supereffective|p1a: Tyranitar
|-damage|p1a: Tyranitar|64/100
|
|-weather|Sandstorm|[upkeep]
|-damage|p2a: Hat Box|94/100|[from] Sandstorm
|-heal|p1a: Tyranitar|70/100|[from] item: Leftovers
|-heal|p2a: Hat Box|100/100|[from] item: Leftovers
|upkeep
|turn|3
|
|switch|p2a: King Zan|Rillaboom, F|100/100
|move|p1a: Tyranitar|Crunch|p2a: King Zan
|-damage|p2a: King Zan|63/100
|
|-weather|Sandstorm|[upkeep]
|-damage|p2a: King Zan|57/100|[from] Sandstorm
|-heal|p1a: Tyranitar|76/100|[from] item: Leftovers
|upkeep
|turn|4
|
|move|p1a: Tyranitar|Fire Punch|p2a: King Zan
|-supereffective|p2a: King Zan
|-damage|p2a: King Zan|3/100
|move|p2a: King Zan|Knock Off|p1a: Tyranitar
|-resisted|p1a: Tyranitar
|-damage|p1a: Tyranitar|60/100
|-enditem|p1a: Tyranitar|Leftovers|[from] move: Knock Off|[of] p2a: King Zan
|
|-weather|Sandstorm|[upkeep]
|-damage|p2a: King Zan|0 fnt|[from] Sandstorm
|faint|p2a: King Zan
|upkeep
|
|switch|p2a: James Bond|Inteleon, M|100/100
|turn|5
|
|switch|p1a: Ferrothorn|Ferrothorn, M|100/100
|move|p2a: James Bond|U-turn|p1a: Ferrothorn
|-damage|p1a: Ferrothorn|93/100
|-damage|p2a: James Bond|88/100|[from] ability: Iron Barbs|[of] p1a: Ferrothorn
|
|switch|p2a: Haru|Cinderace, F|100/100|[from]move: U-turn
|
|-weather|Sandstorm|[upkeep]
|-damage|p2a: Haru|95/100|[from] Sandstorm
|-heal|p1a: Ferrothorn|99/100|[from] item: Leftovers
|upkeep
|turn|6
|
|switch|p1a: Excadrill|Excadrill, F|100/100
|-ability|p1a: Excadrill|Mold Breaker
|move|p2a: Haru|Gunk Shot|p1a: Excadrill
|-immune|p1a: Excadrill
|
|-weather|none
|upkeep
|turn|7
|-message|TsunTsun1 forfeited.
|
|win|IM A G3NG4R
|l|☆TsunTsun1
|raw|IM A G3NG4R's rating: 1173 → 1194(+21 for winning)
|raw|TsunTsun1's rating: 1125 → 1103(-22 for losing)
