|ScrapeTime|2020-01-03-02:09:15
|j|☆Alexinator
|j|☆richard7774
|player|p1|Alexinator|morty|1172
|player|p2|richard7774|janitor|1192
|teamsize|p1|6
|teamsize|p2|6
|gametype|singles
|gen|8
|tier|[Gen 8] OU
|rated|
|rule|Sleep Clause Mod: Limit one foe put to sleep
|rule|Species Clause: Limit one of each Pokémon
|rule|OHKO Clause: OHKO moves are banned
|rule|Evasion Moves Clause: Evasion moves are banned
|rule|Endless Battle Clause: Forcing endless battles is banned
|rule|HP Percentage Mod: HP is shown in percentages
|clearpoke
|poke|p1|Corsola-Galar, M|
|poke|p1|Toxapex, M|
|poke|p1|Ferrothorn, M|
|poke|p1|Rotom-Heat|
|poke|p1|Corviknight, M|
|poke|p1|Ditto|
|poke|p2|Obstagoon, F|
|poke|p2|Toxapex, F|
|poke|p2|Cinderace, F|
|poke|p2|Corviknight, M|
|poke|p2|Dragapult, F|
|poke|p2|Excadrill, F|
|rule|Dynamax Clause: You cannot dynamax
|teampreview
|inactive|Battle timer is ON: inactive players will automatically lose when time's up. (requested by richard7774)
|
|start
|switch|p1a: Left the oven on|Rotom-Heat|100/100
|switch|p2a: Excadrill|Excadrill, F|100/100
|-ability|p2a: Excadrill|Mold Breaker
|turn|1
|
|move|p1a: Left the oven on|Overheat|p2a: Excadrill
|-supereffective|p2a: Excadrill
|-enditem|p2a: Excadrill|Focus Sash
|-damage|p2a: Excadrill|1/100
|-unboost|p1a: Left the oven on|spa|2
|move|p2a: Excadrill|Earthquake|p1a: Left the oven on
|-supereffective|p1a: Left the oven on
|-damage|p1a: Left the oven on|0 fnt
|faint|p1a: Left the oven on
|
|upkeep
|
|switch|p1a: NoU|Ditto|100/100
|-transform|p1a: NoU|p2a: Excadrill|[from] ability: Imposter
|-ability|p1a: NoU|Mold Breaker
|turn|2
|
|switch|p2a: Corviknight|Corviknight, M|100/100
|-ability|p2a: Corviknight|Pressure
|move|p1a: NoU|Rapid Spin|p2a: Corviknight
|-resisted|p2a: Corviknight
|-damage|p2a: Corviknight|93/100
|-boost|p1a: NoU|spe|1
|
|-heal|p2a: Corviknight|99/100|[from] item: Leftovers
|upkeep
|turn|3
|
|switch|p1a: Haemorrhoid|Ferrothorn, M|100/100
|move|p2a: Corviknight|Bulk Up|p2a: Corviknight
|-boost|p2a: Corviknight|atk|1
|-boost|p2a: Corviknight|def|1
|
|-heal|p2a: Corviknight|100/100|[from] item: Leftovers
|upkeep
|turn|4
|inactive|Alexinator has 120 seconds left.
|
|switch|p2a: Cinderace|Cinderace, F|100/100
|move|p1a: Haemorrhoid|Leech Seed|p2a: Cinderace
|-start|p2a: Cinderace|move: Leech Seed
|
|-damage|p2a: Cinderace|88/100|[from] Leech Seed|[of] p1a: Haemorrhoid
|upkeep
|turn|5
|inactive|Alexinator has 120 seconds left.
|inactive|Alexinator has 90 seconds left.
|
|switch|p2a: Obstagoon|Obstagoon, F|100/100
|switch|p1a: BP|Toxapex, M|100/100
|
|upkeep
|turn|6
|
|switch|p2a: Excadrill|Excadrill, F|1/100
|-ability|p2a: Excadrill|Mold Breaker
|move|p1a: BP|Baneful Bunker||[still]
|-fail|p1a: BP
|
|upkeep
|turn|7
|
|move|p2a: Excadrill|Stealth Rock|p1a: BP
|-sidestart|p1: Alexinator|move: Stealth Rock
|move|p1a: BP|Scald|p2a: Excadrill
|-supereffective|p2a: Excadrill
|-damage|p2a: Excadrill|0 fnt
|faint|p2a: Excadrill
|
|upkeep
|
|switch|p2a: Toxapex|Toxapex, F|100/100
|turn|8
|
|switch|p1a: Cancer Counter|Corviknight, M|100/100
|-damage|p1a: Cancer Counter|88/100|[from] Stealth Rock
|-ability|p1a: Cancer Counter|Pressure
|move|p2a: Toxapex|Toxic Spikes|p1a: Cancer Counter
|-sidestart|p1: Alexinator|move: Toxic Spikes
|
|-heal|p1a: Cancer Counter|94/100|[from] item: Leftovers
|upkeep
|turn|9
|
|switch|p2a: Obstagoon|Obstagoon, F|100/100
|move|p1a: Cancer Counter|Defog|p2a: Obstagoon
|-unboost|p2a: Obstagoon|evasion|1
|-sideend|p1: Alexinator|Toxic Spikes|[from] move: Defog|[of] p1a: Cancer Counter
|-sideend|p1: Alexinator|Stealth Rock|[from] move: Defog|[of] p1a: Cancer Counter
|
|-heal|p1a: Cancer Counter|100/100|[from] item: Leftovers
|upkeep
|turn|10
|inactive|Alexinator has 90 seconds left.
|
|switch|p1a: Haemorrhoid|Ferrothorn, M|100/100
|move|p2a: Obstagoon|Knock Off|p1a: Haemorrhoid
|-damage|p1a: Haemorrhoid|65/100
|-damage|p2a: Obstagoon|88/100|[from] ability: Iron Barbs|[of] p1a: Haemorrhoid
|-damage|p2a: Obstagoon|72/100|[from] item: Rocky Helmet|[of] p1a: Haemorrhoid
|-enditem|p1a: Haemorrhoid|Rocky Helmet|[from] move: Knock Off|[of] p2a: Obstagoon
|
|upkeep
|turn|11
|
|switch|p2a: Cinderace|Cinderace, F|88/100
|move|p1a: Haemorrhoid|Leech Seed|p2a: Cinderace
|-start|p2a: Cinderace|move: Leech Seed
|
|-damage|p2a: Cinderace|76/100|[from] Leech Seed|[of] p1a: Haemorrhoid
|-heal|p1a: Haemorrhoid|76/100|[silent]
|upkeep
|turn|12
|inactive|Alexinator has 90 seconds left.
|
|move|p1a: Haemorrhoid|Protect|p1a: Haemorrhoid
|-singleturn|p1a: Haemorrhoid|Protect
|move|p2a: Cinderace|U-turn|p1a: Haemorrhoid
|-activate|p1a: Haemorrhoid|move: Protect
|
|-damage|p2a: Cinderace|64/100|[from] Leech Seed|[of] p1a: Haemorrhoid
|-heal|p1a: Haemorrhoid|86/100|[silent]
|upkeep
|turn|13
|
|switch|p1a: NoU|Ditto|100/100
|-transform|p1a: NoU|p2a: Cinderace|[from] ability: Imposter
|move|p2a: Cinderace|Pyro Ball|p1a: NoU|[miss]
|-miss|p2a: Cinderace|p1a: NoU
|
|-damage|p2a: Cinderace|51/100|[from] Leech Seed|[of] p1a: NoU
|upkeep
|turn|14
|
|switch|p2a: Toxapex|Toxapex, F|100/100
|move|p1a: NoU|U-turn|p2a: Toxapex
|-resisted|p2a: Toxapex
|-damage|p2a: Toxapex|94/100
|
|switch|p1a: Cancer Counter|Corviknight, M|100/100|[from]move: U-turn
|-ability|p1a: Cancer Counter|Pressure
|
|-heal|p2a: Toxapex|99/100|[from] item: Black Sludge
|upkeep
|turn|15
|inactive|Alexinator has 90 seconds left.
|
|move|p1a: Cancer Counter|Taunt|p2a: Toxapex
|-start|p2a: Toxapex|move: Taunt
|move|p2a: Toxapex|Scald|p1a: Cancer Counter
|-damage|p1a: Cancer Counter|87/100
|
|-heal|p1a: Cancer Counter|94/100|[from] item: Leftovers
|-heal|p2a: Toxapex|100/100|[from] item: Black Sludge
|upkeep
|turn|16
|
|switch|p1a: Haemorrhoid|Ferrothorn, M|86/100
|switch|p2a: Cinderace|Cinderace, F|51/100
|
|upkeep
|turn|17
|
|switch|p1a: BP|Toxapex, M|100/100
|move|p2a: Cinderace|Pyro Ball|p1a: BP
|-resisted|p1a: BP
|-damage|p1a: BP|80/100
|
|-heal|p1a: BP|86/100|[from] item: Black Sludge
|upkeep
|turn|18
|inactive|Alexinator has 90 seconds left.
|
|move|p2a: Cinderace|U-turn|p1a: BP
|-resisted|p1a: BP
|-damage|p1a: BP|78/100
|
|switch|p2a: Obstagoon|Obstagoon, F|72/100|[from]move: U-turn
|move|p1a: BP|Toxic Spikes|p2a: Obstagoon
|-sidestart|p2: richard7774|move: Toxic Spikes
|
|-heal|p1a: BP|84/100|[from] item: Black Sludge
|upkeep
|turn|19
|
|move|p2a: Obstagoon|Close Combat|p1a: BP
|-resisted|p1a: BP
|-damage|p1a: BP|66/100
|-unboost|p2a: Obstagoon|def|1
|-unboost|p2a: Obstagoon|spd|1
|move|p1a: BP|Scald|p2a: Obstagoon
|-damage|p2a: Obstagoon|40/100
|-status|p2a: Obstagoon|brn
|
|-heal|p1a: BP|72/100|[from] item: Black Sludge
|-damage|p2a: Obstagoon|34/100 brn|[from] brn
|upkeep
|turn|20
|
|switch|p2a: Toxapex|Toxapex, F|100/100
|-sideend|p2: richard7774|move: Toxic Spikes|[of] p2a: Toxapex
|move|p1a: BP|Toxic Spikes|p2a: Toxapex
|-sidestart|p2: richard7774|move: Toxic Spikes
|
|-heal|p1a: BP|78/100|[from] item: Black Sludge
|upkeep
|turn|21
|
|switch|p1a: Cancer Counter|Corviknight, M|94/100
|-ability|p1a: Cancer Counter|Pressure
|move|p2a: Toxapex|Toxic Spikes|p1a: Cancer Counter
|-sidestart|p1: Alexinator|move: Toxic Spikes
|
|-heal|p1a: Cancer Counter|99/100|[from] item: Leftovers
|upkeep
|turn|22
|
|move|p1a: Cancer Counter|Taunt|p2a: Toxapex
|-start|p2a: Toxapex|move: Taunt
|cant|p2a: Toxapex|move: Taunt|Toxic Spikes
|
|-heal|p1a: Cancer Counter|100/100|[from] item: Leftovers
|upkeep
|turn|23
|
|switch|p2a: Corviknight|Corviknight, M|100/100
|-ability|p2a: Corviknight|Pressure
|move|p1a: Cancer Counter|Defog|p2a: Corviknight
|-unboost|p2a: Corviknight|evasion|1
|-sideend|p2: richard7774|Toxic Spikes|[from] move: Defog|[of] p1a: Cancer Counter
|-sideend|p1: Alexinator|Toxic Spikes|[from] move: Defog|[of] p1a: Cancer Counter
|
|upkeep
|turn|24
|
|move|p2a: Corviknight|Bulk Up|p2a: Corviknight
|-boost|p2a: Corviknight|atk|1
|-boost|p2a: Corviknight|def|1
|move|p1a: Cancer Counter|Taunt|p2a: Corviknight
|-start|p2a: Corviknight|move: Taunt
|
|upkeep
|turn|25
|inactive|Alexinator has 120 seconds left.
|
|switch|p1a: Haemorrhoid|Ferrothorn, M|86/100
|move|p2a: Corviknight|Brave Bird|p1a: Haemorrhoid
|-crit|p1a: Haemorrhoid
|-damage|p1a: Haemorrhoid|37/100
|-damage|p2a: Corviknight|88/100|[from] ability: Iron Barbs|[of] p1a: Haemorrhoid
|-damage|p2a: Corviknight|74/100|[from] Recoil
|
|-heal|p2a: Corviknight|80/100|[from] item: Leftovers
|upkeep
|turn|26
|inactive|Alexinator has 120 seconds left.
|
|move|p2a: Corviknight|Brave Bird|p1a: Haemorrhoid
|-damage|p1a: Haemorrhoid|4/100
|-damage|p2a: Corviknight|68/100|[from] ability: Iron Barbs|[of] p1a: Haemorrhoid
|-damage|p2a: Corviknight|58/100|[from] Recoil
|move|p1a: Haemorrhoid|Leech Seed|p2a: Corviknight
|-start|p2a: Corviknight|move: Leech Seed
|
|-heal|p2a: Corviknight|64/100|[from] item: Leftovers
|-damage|p2a: Corviknight|52/100|[from] Leech Seed|[of] p1a: Haemorrhoid
|-heal|p1a: Haemorrhoid|18/100|[silent]
|upkeep
|turn|27
|inactive|Alexinator has 120 seconds left.
|
|move|p1a: Haemorrhoid|Protect|p1a: Haemorrhoid
|-singleturn|p1a: Haemorrhoid|Protect
|move|p2a: Corviknight|Brave Bird|p1a: Haemorrhoid
|-activate|p1a: Haemorrhoid|move: Protect
|
|-heal|p2a: Corviknight|58/100|[from] item: Leftovers
|-damage|p2a: Corviknight|46/100|[from] Leech Seed|[of] p1a: Haemorrhoid
|-heal|p1a: Haemorrhoid|32/100|[silent]
|-end|p2a: Corviknight|move: Taunt
|upkeep
|turn|28
|inactive|Alexinator has 120 seconds left.
|
|switch|p2a: Dragapult|Dragapult, F|100/100
|switch|p1a: Chemo|Corsola-Galar, M|100/100
|
|upkeep
|turn|29
|
|move|p2a: Dragapult|Shadow Ball|p1a: Chemo
|-supereffective|p1a: Chemo
|-damage|p1a: Chemo|62/100
|-unboost|p1a: Chemo|spd|1
|move|p1a: Chemo|Stealth Rock|p2a: Dragapult
|-sidestart|p2: richard7774|move: Stealth Rock
|
|upkeep
|turn|30
|
|switch|p1a: BP|Toxapex, M|100/100
|move|p2a: Dragapult|Shadow Ball|p1a: BP
|-damage|p1a: BP|75/100
|
|-heal|p1a: BP|81/100|[from] item: Black Sludge
|upkeep
|turn|31
|
|switch|p2a: Cinderace|Cinderace, F|51/100
|switch|p1a: Haemorrhoid|Ferrothorn, M|32/100
|
|upkeep
|turn|32
|
|switch|p1a: BP|Toxapex, M|100/100
|move|p2a: Cinderace|Court Change|p2a: Cinderace
|-sideend|p2: richard7774|Stealth Rock|[silent]
|-sidestart|p1: Alexinator|Stealth Rock|[silent]
|-activate|p2a: Cinderace|move: Court Change
|
|upkeep
|turn|33
|
|switch|p2a: Corviknight|Corviknight, M|46/100
|-ability|p2a: Corviknight|Pressure
|move|p1a: BP|Scald|p2a: Corviknight
|-damage|p2a: Corviknight|33/100
|
|-heal|p2a: Corviknight|39/100|[from] item: Leftovers
|upkeep
|turn|34
|
|move|p2a: Corviknight|Roost|p2a: Corviknight
|-heal|p2a: Corviknight|89/100
|-singleturn|p2a: Corviknight|move: Roost
|move|p1a: BP|Scald|p2a: Corviknight
|-damage|p2a: Corviknight|75/100
|-status|p2a: Corviknight|brn
|
|-heal|p2a: Corviknight|81/100 brn|[from] item: Leftovers
|-damage|p2a: Corviknight|75/100 brn|[from] brn
|upkeep
|turn|35
|
|switch|p1a: Cancer Counter|Corviknight, M|100/100
|-damage|p1a: Cancer Counter|88/100|[from] Stealth Rock
|-ability|p1a: Cancer Counter|Pressure
|move|p2a: Corviknight|Bulk Up|p2a: Corviknight
|-boost|p2a: Corviknight|atk|1
|-boost|p2a: Corviknight|def|1
|
|-heal|p2a: Corviknight|81/100 brn|[from] item: Leftovers
|-heal|p1a: Cancer Counter|94/100|[from] item: Leftovers
|-damage|p2a: Corviknight|75/100 brn|[from] brn
|upkeep
|turn|36
|
|switch|p2a: Obstagoon|Obstagoon, F|34/100 brn
|move|p1a: Cancer Counter|Taunt|p2a: Obstagoon
|-start|p2a: Obstagoon|move: Taunt
|
|-heal|p1a: Cancer Counter|100/100|[from] item: Leftovers
|-damage|p2a: Obstagoon|27/100 brn|[from] brn
|upkeep
|turn|37
|
|move|p2a: Obstagoon|Thunder Punch|p1a: Cancer Counter
|-supereffective|p1a: Cancer Counter
|-damage|p1a: Cancer Counter|34/100
|move|p1a: Cancer Counter|Defog|p2a: Obstagoon
|-unboost|p2a: Obstagoon|evasion|1
|-sideend|p1: Alexinator|Stealth Rock|[from] move: Defog|[of] p1a: Cancer Counter
|
|-heal|p1a: Cancer Counter|40/100|[from] item: Leftovers
|-damage|p2a: Obstagoon|21/100 brn|[from] brn
|upkeep
|turn|38
|
|switch|p2a: Cinderace|Cinderace, F|51/100
|switch|p1a: BP|Toxapex, M|100/100
|
|upkeep
|turn|39
|
|move|p2a: Cinderace|U-turn|p1a: BP
|-resisted|p1a: BP
|-damage|p1a: BP|93/100
|
|switch|p2a: Toxapex|Toxapex, F|100/100|[from]move: U-turn
|move|p1a: BP|Scald|p2a: Toxapex
|-resisted|p2a: Toxapex
|-damage|p2a: Toxapex|94/100
|
|-heal|p1a: BP|99/100|[from] item: Black Sludge
|-heal|p2a: Toxapex|99/100|[from] item: Black Sludge
|upkeep
|turn|40
|
|move|p2a: Toxapex|Toxic Spikes|p1a: BP
|-sidestart|p1: Alexinator|move: Toxic Spikes
|move|p1a: BP|Toxic Spikes|p2a: Toxapex
|-sidestart|p2: richard7774|move: Toxic Spikes
|
|-heal|p1a: BP|100/100|[from] item: Black Sludge
|-heal|p2a: Toxapex|100/100|[from] item: Black Sludge
|upkeep
|turn|41
|
|move|p1a: BP|Toxic Spikes|p2a: Toxapex
|-sidestart|p2: richard7774|move: Toxic Spikes
|move|p2a: Toxapex|Toxic Spikes|p1a: BP
|-sidestart|p1: Alexinator|move: Toxic Spikes
|
|upkeep
|turn|42
|
|switch|p1a: Cancer Counter|Corviknight, M|40/100
|-ability|p1a: Cancer Counter|Pressure
|move|p2a: Toxapex|Scald|p1a: Cancer Counter
|-damage|p1a: Cancer Counter|26/100
|-status|p1a: Cancer Counter|brn
|
|-heal|p1a: Cancer Counter|33/100 brn|[from] item: Leftovers
|-damage|p1a: Cancer Counter|26/100 brn|[from] brn
|upkeep
|turn|43
|
|move|p1a: Cancer Counter|Roost|p1a: Cancer Counter
|-heal|p1a: Cancer Counter|76/100 brn
|-singleturn|p1a: Cancer Counter|move: Roost
|move|p2a: Toxapex|Scald|p1a: Cancer Counter
|-damage|p1a: Cancer Counter|62/100 brn
|
|-heal|p1a: Cancer Counter|68/100 brn|[from] item: Leftovers
|-damage|p1a: Cancer Counter|62/100 brn|[from] brn
|upkeep
|turn|44
|
|switch|p2a: Corviknight|Corviknight, M|75/100 brn
|-ability|p2a: Corviknight|Pressure
|move|p1a: Cancer Counter|Defog|p2a: Corviknight
|-unboost|p2a: Corviknight|evasion|1
|-sideend|p2: richard7774|Toxic Spikes|[from] move: Defog|[of] p1a: Cancer Counter
|-sideend|p1: Alexinator|Toxic Spikes|[from] move: Defog|[of] p1a: Cancer Counter
|
|-heal|p2a: Corviknight|81/100 brn|[from] item: Leftovers
|-heal|p1a: Cancer Counter|68/100 brn|[from] item: Leftovers
|-damage|p2a: Corviknight|75/100 brn|[from] brn
|-damage|p1a: Cancer Counter|62/100 brn|[from] brn
|upkeep
|turn|45
|
|move|p2a: Corviknight|Roost|p2a: Corviknight
|-heal|p2a: Corviknight|100/100 brn
|-singleturn|p2a: Corviknight|move: Roost
|move|p1a: Cancer Counter|Taunt|p2a: Corviknight
|-start|p2a: Corviknight|move: Taunt
|
|-heal|p1a: Cancer Counter|68/100 brn|[from] item: Leftovers
|-damage|p2a: Corviknight|94/100 brn|[from] brn
|-damage|p1a: Cancer Counter|62/100 brn|[from] brn
|upkeep
|turn|46
|
|switch|p2a: Dragapult|Dragapult, F|100/100
|move|p1a: Cancer Counter|Roost|p1a: Cancer Counter
|-heal|p1a: Cancer Counter|100/100 brn
|-singleturn|p1a: Cancer Counter|move: Roost
|
|-damage|p1a: Cancer Counter|94/100 brn|[from] brn
|upkeep
|turn|47
|
|switch|p1a: BP|Toxapex, M|100/100
|move|p2a: Dragapult|U-turn|p1a: BP
|-resisted|p1a: BP
|-damage|p1a: BP|94/100
|
|switch|p2a: Obstagoon|Obstagoon, F|21/100 brn|[from]move: U-turn
|
|-heal|p1a: BP|99/100|[from] item: Black Sludge
|-damage|p2a: Obstagoon|15/100 brn|[from] brn
|upkeep
|turn|48
|
|switch|p2a: Dragapult|Dragapult, F|100/100
|move|p1a: BP|Scald|p2a: Dragapult
|-resisted|p2a: Dragapult
|-damage|p2a: Dragapult|89/100
|
|-heal|p1a: BP|100/100|[from] item: Black Sludge
|upkeep
|turn|49
|
|move|p2a: Dragapult|Draco Meteor|p1a: BP
|-crit|p1a: BP
|-damage|p1a: BP|40/100
|-unboost|p2a: Dragapult|spa|2
|move|p1a: BP|Scald|p2a: Dragapult
|-resisted|p2a: Dragapult
|-damage|p2a: Dragapult|77/100
|-status|p2a: Dragapult|brn
|
|-heal|p1a: BP|46/100|[from] item: Black Sludge
|-damage|p2a: Dragapult|71/100 brn|[from] brn
|upkeep
|turn|50
|
|move|p2a: Dragapult|Draco Meteor|p1a: BP|[miss]
|-miss|p2a: Dragapult|p1a: BP
|move|p1a: BP|Recover|p1a: BP
|-heal|p1a: BP|96/100
|
|-heal|p1a: BP|100/100|[from] item: Black Sludge
|-damage|p2a: Dragapult|65/100 brn|[from] brn
|upkeep
|turn|51
|
|switch|p2a: Toxapex|Toxapex, F|100/100
|move|p1a: BP|Scald|p2a: Toxapex
|-resisted|p2a: Toxapex
|-damage|p2a: Toxapex|94/100
|
|-heal|p2a: Toxapex|99/100|[from] item: Black Sludge
|upkeep
|turn|52
|
|switch|p1a: Cancer Counter|Corviknight, M|94/100 brn
|-ability|p1a: Cancer Counter|Pressure
|move|p2a: Toxapex|Scald|p1a: Cancer Counter
|-damage|p1a: Cancer Counter|80/100 brn
|
|-heal|p1a: Cancer Counter|87/100 brn|[from] item: Leftovers
|-heal|p2a: Toxapex|100/100|[from] item: Black Sludge
|-damage|p1a: Cancer Counter|80/100 brn|[from] brn
|upkeep
|turn|53
|
|switch|p2a: Dragapult|Dragapult, F|65/100 brn
|move|p1a: Cancer Counter|Brave Bird|p2a: Dragapult
|-damage|p2a: Dragapult|43/100 brn
|-damage|p1a: Cancer Counter|74/100 brn|[from] Recoil
|
|-heal|p1a: Cancer Counter|81/100 brn|[from] item: Leftovers
|-damage|p2a: Dragapult|37/100 brn|[from] brn
|-damage|p1a: Cancer Counter|74/100 brn|[from] brn
|upkeep
|turn|54
|
|switch|p1a: BP|Toxapex, M|100/100
|move|p2a: Dragapult|Fire Blast|p1a: BP
|-resisted|p1a: BP
|-damage|p1a: BP|89/100
|
|-heal|p1a: BP|96/100|[from] item: Black Sludge
|-damage|p2a: Dragapult|31/100 brn|[from] brn
|upkeep
|turn|55
|
|switch|p2a: Toxapex|Toxapex, F|100/100
|move|p1a: BP|Scald|p2a: Toxapex
|-resisted|p2a: Toxapex
|-damage|p2a: Toxapex|94/100
|-status|p2a: Toxapex|brn
|
|-heal|p1a: BP|100/100|[from] item: Black Sludge
|-heal|p2a: Toxapex|99/100 brn|[from] item: Black Sludge
|-damage|p2a: Toxapex|94/100 brn|[from] brn
|upkeep
|turn|56
|
|switch|p1a: Cancer Counter|Corviknight, M|74/100 brn
|-ability|p1a: Cancer Counter|Pressure
|move|p2a: Toxapex|Scald|p1a: Cancer Counter
|-damage|p1a: Cancer Counter|61/100 brn
|
|-heal|p1a: Cancer Counter|68/100 brn|[from] item: Leftovers
|-heal|p2a: Toxapex|99/100 brn|[from] item: Black Sludge
|-damage|p1a: Cancer Counter|61/100 brn|[from] brn
|-damage|p2a: Toxapex|94/100 brn|[from] brn
|upkeep
|turn|57
|
|move|p1a: Cancer Counter|Roost|p1a: Cancer Counter
|-heal|p1a: Cancer Counter|100/100 brn
|-singleturn|p1a: Cancer Counter|move: Roost
|move|p2a: Toxapex|Scald|p1a: Cancer Counter
|-crit|p1a: Cancer Counter
|-damage|p1a: Cancer Counter|81/100 brn
|
|-heal|p1a: Cancer Counter|88/100 brn|[from] item: Leftovers
|-heal|p2a: Toxapex|99/100 brn|[from] item: Black Sludge
|-damage|p1a: Cancer Counter|81/100 brn|[from] brn
|-damage|p2a: Toxapex|94/100 brn|[from] brn
|upkeep
|turn|58
|
|move|p1a: Cancer Counter|Taunt|p2a: Toxapex
|-start|p2a: Toxapex|move: Taunt
|cant|p2a: Toxapex|move: Taunt|Toxic Spikes
|
|-heal|p1a: Cancer Counter|88/100 brn|[from] item: Leftovers
|-heal|p2a: Toxapex|99/100 brn|[from] item: Black Sludge
|-damage|p1a: Cancer Counter|81/100 brn|[from] brn
|-damage|p2a: Toxapex|94/100 brn|[from] brn
|upkeep
|turn|59
|
|move|p1a: Cancer Counter|Brave Bird|p2a: Toxapex
|-damage|p2a: Toxapex|82/100 brn
|-damage|p1a: Cancer Counter|78/100 brn|[from] Recoil
|move|p2a: Toxapex|Scald|p1a: Cancer Counter
|-damage|p1a: Cancer Counter|65/100 brn
|
|-heal|p1a: Cancer Counter|72/100 brn|[from] item: Leftovers
|-heal|p2a: Toxapex|88/100 brn|[from] item: Black Sludge
|-damage|p1a: Cancer Counter|65/100 brn|[from] brn
|-damage|p2a: Toxapex|82/100 brn|[from] brn
|upkeep
|turn|60
|
|switch|p2a: Corviknight|Corviknight, M|94/100 brn
|-ability|p2a: Corviknight|Pressure
|move|p1a: Cancer Counter|Brave Bird|p2a: Corviknight
|-resisted|p2a: Corviknight
|-damage|p2a: Corviknight|87/100 brn
|-damage|p1a: Cancer Counter|63/100 brn|[from] Recoil
|
|-heal|p2a: Corviknight|93/100 brn|[from] item: Leftovers
|-heal|p1a: Cancer Counter|69/100 brn|[from] item: Leftovers
|-damage|p2a: Corviknight|87/100 brn|[from] brn
|-damage|p1a: Cancer Counter|63/100 brn|[from] brn
|upkeep
|turn|61
|
|move|p2a: Corviknight|Substitute|p2a: Corviknight
|-start|p2a: Corviknight|Substitute
|-damage|p2a: Corviknight|62/100 brn
|move|p1a: Cancer Counter|Taunt|p2a: Corviknight
|-start|p2a: Corviknight|move: Taunt
|
|-heal|p2a: Corviknight|68/100 brn|[from] item: Leftovers
|-heal|p1a: Cancer Counter|69/100 brn|[from] item: Leftovers
|-damage|p2a: Corviknight|62/100 brn|[from] brn
|-damage|p1a: Cancer Counter|63/100 brn|[from] brn
|upkeep
|turn|62
|c|☆richard7774|taunt goes thru sub
|c|☆richard7774|wut
|c|☆Alexinator|?
|
|switch|p2a: Toxapex|Toxapex, F|100/100 brn
|move|p1a: Cancer Counter|Brave Bird|p2a: Toxapex
|-damage|p2a: Toxapex|89/100 brn
|-damage|p1a: Cancer Counter|60/100 brn|[from] Recoil
|
|-heal|p1a: Cancer Counter|66/100 brn|[from] item: Leftovers
|-heal|p2a: Toxapex|95/100 brn|[from] item: Black Sludge
|-damage|p1a: Cancer Counter|60/100 brn|[from] brn
|-damage|p2a: Toxapex|89/100 brn|[from] brn
|upkeep
|turn|63
|
|move|p1a: Cancer Counter|Roost|p1a: Cancer Counter
|-heal|p1a: Cancer Counter|100/100 brn
|-singleturn|p1a: Cancer Counter|move: Roost
|move|p2a: Toxapex|Scald|p1a: Cancer Counter
|-damage|p1a: Cancer Counter|88/100 brn
|
|-heal|p1a: Cancer Counter|94/100 brn|[from] item: Leftovers
|-heal|p2a: Toxapex|95/100 brn|[from] item: Black Sludge
|-damage|p1a: Cancer Counter|88/100 brn|[from] brn
|-damage|p2a: Toxapex|89/100 brn|[from] brn
|upkeep
|turn|64
|inactive|Alexinator has 120 seconds left.
|
|switch|p1a: BP|Toxapex, M|100/100
|switch|p2a: Corviknight|Corviknight, M|62/100 brn
|-ability|p2a: Corviknight|Pressure
|
|-heal|p2a: Corviknight|68/100 brn|[from] item: Leftovers
|-damage|p2a: Corviknight|62/100 brn|[from] brn
|upkeep
|turn|65
|inactive|Alexinator has 90 seconds left.
|
|move|p2a: Corviknight|Roost|p2a: Corviknight
|-heal|p2a: Corviknight|100/100 brn
|-singleturn|p2a: Corviknight|move: Roost
|move|p1a: BP|Scald|p2a: Corviknight
|-damage|p2a: Corviknight|88/100 brn
|
|-heal|p2a: Corviknight|94/100 brn|[from] item: Leftovers
|-damage|p2a: Corviknight|88/100 brn|[from] brn
|upkeep
|turn|66
|
|switch|p1a: Chemo|Corsola-Galar, M|62/100
|move|p2a: Corviknight|Bulk Up|p2a: Corviknight
|-boost|p2a: Corviknight|atk|1
|-boost|p2a: Corviknight|def|1
|
|-heal|p2a: Corviknight|94/100 brn|[from] item: Leftovers
|-damage|p2a: Corviknight|88/100 brn|[from] brn
|upkeep
|turn|67
|
|move|p2a: Corviknight|Bulk Up|p2a: Corviknight
|-boost|p2a: Corviknight|atk|1
|-boost|p2a: Corviknight|def|1
|move|p1a: Chemo|Whirlpool|p2a: Corviknight
|-damage|p2a: Corviknight|83/100 brn
|-activate|p2a: Corviknight|move: Whirlpool|[of] p1a: Chemo
|
|-heal|p2a: Corviknight|89/100 brn|[from] item: Leftovers
|-damage|p2a: Corviknight|83/100 brn|[from] brn
|-damage|p2a: Corviknight|71/100 brn|[from] move: Whirlpool|[partiallytrapped]
|upkeep
|turn|68
|inactive|Alexinator has 90 seconds left.
|
|move|p2a: Corviknight|Bulk Up|p2a: Corviknight
|-boost|p2a: Corviknight|atk|1
|-boost|p2a: Corviknight|def|1
|move|p1a: Chemo|Stealth Rock|p2a: Corviknight
|-sidestart|p2: richard7774|move: Stealth Rock
|
|-heal|p2a: Corviknight|77/100 brn|[from] item: Leftovers
|-damage|p2a: Corviknight|71/100 brn|[from] brn
|-damage|p2a: Corviknight|59/100 brn|[from] move: Whirlpool|[partiallytrapped]
|upkeep
|turn|69
|inactive|Alexinator has 90 seconds left.
|
|move|p2a: Corviknight|Bulk Up|p2a: Corviknight
|-boost|p2a: Corviknight|atk|1
|-boost|p2a: Corviknight|def|1
|move|p1a: Chemo|Strength Sap|p2a: Corviknight
|-unboost|p2a: Corviknight|atk|1
|-heal|p1a: Chemo|100/100
|
|-heal|p2a: Corviknight|65/100 brn|[from] item: Leftovers
|-damage|p2a: Corviknight|59/100 brn|[from] brn
|-damage|p2a: Corviknight|47/100 brn|[from] move: Whirlpool|[partiallytrapped]
|upkeep
|turn|70
|inactive|Alexinator has 90 seconds left.
|
|move|p2a: Corviknight|Bulk Up|p2a: Corviknight
|-boost|p2a: Corviknight|atk|1
|-boost|p2a: Corviknight|def|1
|move|p1a: Chemo|Whirlpool|p2a: Corviknight
|-damage|p2a: Corviknight|42/100 brn
|
|-heal|p2a: Corviknight|48/100 brn|[from] item: Leftovers
|-damage|p2a: Corviknight|42/100 brn|[from] brn
|-damage|p2a: Corviknight|30/100 brn|[from] move: Whirlpool|[partiallytrapped]
|upkeep
|turn|71
|inactive|Alexinator has 90 seconds left.
|c|☆richard7774|do you enjoy this
|c|☆richard7774|are you having fun
|c|☆Alexinator|:)
|
|move|p2a: Corviknight|Roost|p2a: Corviknight
|-heal|p2a: Corviknight|80/100 brn
|-singleturn|p2a: Corviknight|move: Roost
|move|p1a: Chemo|Strength Sap|p2a: Corviknight
|-unboost|p2a: Corviknight|atk|1
|
|-heal|p2a: Corviknight|86/100 brn|[from] item: Leftovers
|-damage|p2a: Corviknight|80/100 brn|[from] brn
|-damage|p2a: Corviknight|67/100 brn|[from] move: Whirlpool|[partiallytrapped]
|upkeep
|turn|72
|
|move|p2a: Corviknight|Substitute|p2a: Corviknight
|-start|p2a: Corviknight|Substitute
|-damage|p2a: Corviknight|43/100 brn
|move|p1a: Chemo|Whirlpool|p2a: Corviknight|[miss]
|-miss|p1a: Chemo|p2a: Corviknight
|
|-heal|p2a: Corviknight|49/100 brn|[from] item: Leftovers
|-damage|p2a: Corviknight|43/100 brn|[from] brn
|upkeep
|turn|73
|
|move|p2a: Corviknight|Roost|p2a: Corviknight
|-heal|p2a: Corviknight|93/100 brn
|-singleturn|p2a: Corviknight|move: Roost
|move|p1a: Chemo|Whirlpool|p2a: Corviknight
|-activate|p2a: Corviknight|move: Substitute|[damage]
|
|-heal|p2a: Corviknight|99/100 brn|[from] item: Leftovers
|-damage|p2a: Corviknight|93/100 brn|[from] brn
|upkeep
|turn|74
|
|switch|p1a: Cancer Counter|Corviknight, M|88/100 brn
|-ability|p1a: Cancer Counter|Pressure
|move|p2a: Corviknight|Bulk Up|p2a: Corviknight
|-boost|p2a: Corviknight|atk|1
|-boost|p2a: Corviknight|def|1
|
|-heal|p2a: Corviknight|99/100 brn|[from] item: Leftovers
|-heal|p1a: Cancer Counter|94/100 brn|[from] item: Leftovers
|-damage|p2a: Corviknight|93/100 brn|[from] brn
|-damage|p1a: Cancer Counter|88/100 brn|[from] brn
|upkeep
|turn|75
|
|move|p2a: Corviknight|Bulk Up|p2a: Corviknight
|-boost|p2a: Corviknight|atk|1
|-boost|p2a: Corviknight|def|0
|move|p1a: Cancer Counter|Taunt|p2a: Corviknight
|-start|p2a: Corviknight|move: Taunt
|
|-heal|p2a: Corviknight|99/100 brn|[from] item: Leftovers
|-heal|p1a: Cancer Counter|94/100 brn|[from] item: Leftovers
|-damage|p2a: Corviknight|93/100 brn|[from] brn
|-damage|p1a: Cancer Counter|88/100 brn|[from] brn
|upkeep
|turn|76
|
|move|p2a: Corviknight|Brave Bird|p1a: Cancer Counter
|-resisted|p1a: Cancer Counter
|-damage|p1a: Cancer Counter|65/100 brn
|-damage|p2a: Corviknight|85/100 brn|[from] Recoil
|move|p1a: Cancer Counter|Brave Bird|p2a: Corviknight
|-resisted|p2a: Corviknight
|-activate|p2a: Corviknight|move: Substitute|[damage]
|-damage|p1a: Cancer Counter|64/100 brn|[from] Recoil|[of] p2a: Corviknight
|
|-heal|p2a: Corviknight|91/100 brn|[from] item: Leftovers
|-heal|p1a: Cancer Counter|71/100 brn|[from] item: Leftovers
|-damage|p2a: Corviknight|85/100 brn|[from] brn
|-damage|p1a: Cancer Counter|64/100 brn|[from] brn
|upkeep
|turn|77
|
|move|p2a: Corviknight|Brave Bird|p1a: Cancer Counter
|-resisted|p1a: Cancer Counter
|-damage|p1a: Cancer Counter|40/100 brn
|-damage|p2a: Corviknight|77/100 brn|[from] Recoil
|move|p1a: Cancer Counter|Taunt||[still]
|-fail|p1a: Cancer Counter
|
|-heal|p2a: Corviknight|83/100 brn|[from] item: Leftovers
|-heal|p1a: Cancer Counter|46/100 brn|[from] item: Leftovers
|-damage|p2a: Corviknight|77/100 brn|[from] brn
|-damage|p1a: Cancer Counter|40/100 brn|[from] brn
|upkeep
|turn|78
|
|move|p2a: Corviknight|Brave Bird|p1a: Cancer Counter
|-resisted|p1a: Cancer Counter
|-damage|p1a: Cancer Counter|16/100 brn
|-damage|p2a: Corviknight|69/100 brn|[from] Recoil
|move|p1a: Cancer Counter|Roost|p1a: Cancer Counter
|-heal|p1a: Cancer Counter|66/100 brn
|-singleturn|p1a: Cancer Counter|move: Roost
|
|-heal|p2a: Corviknight|75/100 brn|[from] item: Leftovers
|-heal|p1a: Cancer Counter|72/100 brn|[from] item: Leftovers
|-damage|p2a: Corviknight|69/100 brn|[from] brn
|-damage|p1a: Cancer Counter|66/100 brn|[from] brn
|-end|p2a: Corviknight|move: Taunt
|upkeep
|turn|79
|c|☆Alexinator|;)
|
|move|p2a: Corviknight|Bulk Up|p2a: Corviknight
|-boost|p2a: Corviknight|atk|1
|-boost|p2a: Corviknight|def|0
|move|p1a: Cancer Counter|Taunt|p2a: Corviknight
|-start|p2a: Corviknight|move: Taunt
|
|-heal|p2a: Corviknight|75/100 brn|[from] item: Leftovers
|-heal|p1a: Cancer Counter|72/100 brn|[from] item: Leftovers
|-damage|p2a: Corviknight|69/100 brn|[from] brn
|-damage|p1a: Cancer Counter|66/100 brn|[from] brn
|upkeep
|turn|80
|
|move|p2a: Corviknight|Brave Bird|p1a: Cancer Counter
|-resisted|p1a: Cancer Counter
|-damage|p1a: Cancer Counter|38/100 brn
|-damage|p2a: Corviknight|60/100 brn|[from] Recoil
|move|p1a: Cancer Counter|Roost|p1a: Cancer Counter
|-heal|p1a: Cancer Counter|88/100 brn
|-singleturn|p1a: Cancer Counter|move: Roost
|
|-heal|p2a: Corviknight|66/100 brn|[from] item: Leftovers
|-heal|p1a: Cancer Counter|94/100 brn|[from] item: Leftovers
|-damage|p2a: Corviknight|60/100 brn|[from] brn
|-damage|p1a: Cancer Counter|88/100 brn|[from] brn
|upkeep
|turn|81
|inactive|Alexinator has 60 seconds left.
|
|move|p2a: Corviknight|Brave Bird|p1a: Cancer Counter
|-resisted|p1a: Cancer Counter
|-damage|p1a: Cancer Counter|63/100 brn
|-damage|p2a: Corviknight|52/100 brn|[from] Recoil
|move|p1a: Cancer Counter|Taunt||[still]
|-fail|p1a: Cancer Counter
|
|-heal|p2a: Corviknight|58/100 brn|[from] item: Leftovers
|-heal|p1a: Cancer Counter|70/100 brn|[from] item: Leftovers
|-damage|p2a: Corviknight|52/100 brn|[from] brn
|-damage|p1a: Cancer Counter|63/100 brn|[from] brn
|upkeep
|turn|82
|inactive|Alexinator has 60 seconds left.
|
|move|p2a: Corviknight|Brave Bird|p1a: Cancer Counter
|-resisted|p1a: Cancer Counter
|-damage|p1a: Cancer Counter|37/100 brn
|-damage|p2a: Corviknight|43/100 brn|[from] Recoil
|move|p1a: Cancer Counter|Roost|p1a: Cancer Counter
|-heal|p1a: Cancer Counter|87/100 brn
|-singleturn|p1a: Cancer Counter|move: Roost
|
|-heal|p2a: Corviknight|49/100 brn|[from] item: Leftovers
|-heal|p1a: Cancer Counter|93/100 brn|[from] item: Leftovers
|-damage|p2a: Corviknight|43/100 brn|[from] brn
|-damage|p1a: Cancer Counter|87/100 brn|[from] brn
|-end|p2a: Corviknight|move: Taunt
|upkeep
|turn|83
|inactive|Alexinator has 60 seconds left.
|
|move|p2a: Corviknight|Roost|p2a: Corviknight
|-heal|p2a: Corviknight|93/100 brn
|-singleturn|p2a: Corviknight|move: Roost
|move|p1a: Cancer Counter|Taunt|p2a: Corviknight
|-start|p2a: Corviknight|move: Taunt
|
|-heal|p2a: Corviknight|99/100 brn|[from] item: Leftovers
|-heal|p1a: Cancer Counter|93/100 brn|[from] item: Leftovers
|-damage|p2a: Corviknight|93/100 brn|[from] brn
|-damage|p1a: Cancer Counter|87/100 brn|[from] brn
|upkeep
|turn|84
|inactive|Alexinator has 60 seconds left.
|
|switch|p2a: Cinderace|Cinderace, F|51/100
|move|p1a: Cancer Counter|Brave Bird|p2a: Cinderace
|-damage|p2a: Cinderace|26/100
|-damage|p1a: Cancer Counter|81/100 brn|[from] Recoil
|
|-heal|p1a: Cancer Counter|87/100 brn|[from] item: Leftovers
|-damage|p1a: Cancer Counter|81/100 brn|[from] brn
|upkeep
|turn|85
|inactive|Alexinator has 60 seconds left.
|
|switch|p1a: BP|Toxapex, M|100/100
|move|p2a: Cinderace|Court Change|p2a: Cinderace
|-sideend|p2: richard7774|Stealth Rock|[silent]
|-sidestart|p1: Alexinator|Stealth Rock|[silent]
|-activate|p2a: Cinderace|move: Court Change
|
|upkeep
|turn|86
|
|switch|p2a: Corviknight|Corviknight, M|93/100 brn
|-ability|p2a: Corviknight|Pressure
|move|p1a: BP|Scald|p2a: Corviknight
|-damage|p2a: Corviknight|81/100 brn
|
|-heal|p2a: Corviknight|87/100 brn|[from] item: Leftovers
|-damage|p2a: Corviknight|81/100 brn|[from] brn
|upkeep
|turn|87
|inactive|Alexinator has 60 seconds left.
|
|switch|p2a: Toxapex|Toxapex, F|100/100 brn
|switch|p1a: Cancer Counter|Corviknight, M|81/100 brn
|-damage|p1a: Cancer Counter|68/100 brn|[from] Stealth Rock
|-ability|p1a: Cancer Counter|Pressure
|
|-heal|p1a: Cancer Counter|74/100 brn|[from] item: Leftovers
|-damage|p1a: Cancer Counter|68/100 brn|[from] brn
|-damage|p2a: Toxapex|95/100 brn|[from] brn
|upkeep
|turn|88
|inactive|Alexinator has 60 seconds left.
|
|move|p1a: Cancer Counter|Taunt|p2a: Toxapex
|-start|p2a: Toxapex|move: Taunt
|cant|p2a: Toxapex|move: Taunt|Toxic Spikes
|
|-heal|p1a: Cancer Counter|74/100 brn|[from] item: Leftovers
|-heal|p2a: Toxapex|100/100 brn|[from] item: Black Sludge
|-damage|p1a: Cancer Counter|68/100 brn|[from] brn
|-damage|p2a: Toxapex|95/100 brn|[from] brn
|upkeep
|turn|89
|inactive|Alexinator has 60 seconds left.
|
|switch|p2a: Obstagoon|Obstagoon, F|15/100 brn
|move|p1a: Cancer Counter|Defog|p2a: Obstagoon
|-unboost|p2a: Obstagoon|evasion|1
|-sideend|p1: Alexinator|Stealth Rock|[from] move: Defog|[of] p1a: Cancer Counter
|
|-heal|p1a: Cancer Counter|74/100 brn|[from] item: Leftovers
|-damage|p2a: Obstagoon|9/100 brn|[from] brn
|-damage|p1a: Cancer Counter|68/100 brn|[from] brn
|upkeep
|turn|90
|
|move|p2a: Obstagoon|Close Combat|p1a: Cancer Counter
|-damage|p1a: Cancer Counter|6/100 brn
|-unboost|p2a: Obstagoon|def|1
|-unboost|p2a: Obstagoon|spd|1
|move|p1a: Cancer Counter|Brave Bird|p2a: Obstagoon
|-damage|p2a: Obstagoon|0 fnt
|-damage|p1a: Cancer Counter|4/100 brn|[from] Recoil
|faint|p2a: Obstagoon
|
|-heal|p1a: Cancer Counter|10/100 brn|[from] item: Leftovers
|-damage|p1a: Cancer Counter|4/100 brn|[from] brn
|upkeep
|
|switch|p2a: Dragapult|Dragapult, F|31/100 brn
|turn|91
|
|switch|p1a: BP|Toxapex, M|100/100
|move|p2a: Dragapult|Shadow Ball|p1a: BP
|-damage|p1a: BP|73/100
|
|-heal|p1a: BP|79/100|[from] item: Black Sludge
|-damage|p2a: Dragapult|25/100 brn|[from] brn
|upkeep
|turn|92
|
|switch|p2a: Corviknight|Corviknight, M|81/100 brn
|-ability|p2a: Corviknight|Pressure
|move|p1a: BP|Scald|p2a: Corviknight
|-damage|p2a: Corviknight|69/100 brn
|
|-heal|p2a: Corviknight|75/100 brn|[from] item: Leftovers
|-heal|p1a: BP|85/100|[from] item: Black Sludge
|-damage|p2a: Corviknight|69/100 brn|[from] brn
|upkeep
|turn|93
|
|switch|p1a: Chemo|Corsola-Galar, M|100/100
|move|p2a: Corviknight|Bulk Up|p2a: Corviknight
|-boost|p2a: Corviknight|atk|1
|-boost|p2a: Corviknight|def|1
|
|-heal|p2a: Corviknight|75/100 brn|[from] item: Leftovers
|-damage|p2a: Corviknight|69/100 brn|[from] brn
|upkeep
|turn|94
|
|move|p2a: Corviknight|Substitute|p2a: Corviknight
|-start|p2a: Corviknight|Substitute
|-damage|p2a: Corviknight|44/100 brn
|move|p1a: Chemo|Whirlpool|p2a: Corviknight
|-activate|p2a: Corviknight|move: Substitute|[damage]
|
|-heal|p2a: Corviknight|50/100 brn|[from] item: Leftovers
|-damage|p2a: Corviknight|44/100 brn|[from] brn
|upkeep
|turn|95
|
|move|p2a: Corviknight|Roost|p2a: Corviknight
|-heal|p2a: Corviknight|94/100 brn
|-singleturn|p2a: Corviknight|move: Roost
|move|p1a: Chemo|Stealth Rock|p2a: Corviknight
|-sidestart|p2: richard7774|move: Stealth Rock
|
|-heal|p2a: Corviknight|99/100 brn|[from] item: Leftovers
|-damage|p2a: Corviknight|94/100 brn|[from] brn
|upkeep
|turn|96
|
|move|p2a: Corviknight|Bulk Up|p2a: Corviknight
|-boost|p2a: Corviknight|atk|1
|-boost|p2a: Corviknight|def|1
|move|p1a: Chemo|Strength Sap||[still]
|-fail|p1a: Chemo
|
|-heal|p2a: Corviknight|99/100 brn|[from] item: Leftovers
|-damage|p2a: Corviknight|94/100 brn|[from] brn
|upkeep
|turn|97
|
|switch|p1a: Haemorrhoid|Ferrothorn, M|32/100
|move|p2a: Corviknight|Bulk Up|p2a: Corviknight
|-boost|p2a: Corviknight|atk|1
|-boost|p2a: Corviknight|def|1
|
|-heal|p2a: Corviknight|99/100 brn|[from] item: Leftovers
|-damage|p2a: Corviknight|94/100 brn|[from] brn
|upkeep
|turn|98
|inactive|Alexinator has 60 seconds left.
|
|move|p2a: Corviknight|Brave Bird|p1a: Haemorrhoid
|-damage|p1a: Haemorrhoid|5/100
|-damage|p2a: Corviknight|82/100 brn|[from] ability: Iron Barbs|[of] p1a: Haemorrhoid
|-damage|p2a: Corviknight|74/100 brn|[from] Recoil
|move|p1a: Haemorrhoid|Spikes|p2a: Corviknight
|-sidestart|p2: richard7774|Spikes
|
|-heal|p2a: Corviknight|80/100 brn|[from] item: Leftovers
|-damage|p2a: Corviknight|74/100 brn|[from] brn
|upkeep
|turn|99
|inactive|Alexinator has 60 seconds left.
|
|move|p1a: Haemorrhoid|Protect|p1a: Haemorrhoid
|-singleturn|p1a: Haemorrhoid|Protect
|move|p2a: Corviknight|Bulk Up|p2a: Corviknight
|-boost|p2a: Corviknight|atk|1
|-boost|p2a: Corviknight|def|1
|
|-heal|p2a: Corviknight|80/100 brn|[from] item: Leftovers
|-damage|p2a: Corviknight|74/100 brn|[from] brn
|upkeep
|turn|100
|
|move|p2a: Corviknight|Brave Bird|p1a: Haemorrhoid
|-damage|p1a: Haemorrhoid|0 fnt
|-damage|p2a: Corviknight|61/100 brn|[from] ability: Iron Barbs|[of] p1a: Haemorrhoid
|-damage|p2a: Corviknight|60/100 brn|[from] Recoil
|faint|p1a: Haemorrhoid
|
|-heal|p2a: Corviknight|66/100 brn|[from] item: Leftovers
|-damage|p2a: Corviknight|60/100 brn|[from] brn
|upkeep
|
|switch|p1a: NoU|Ditto|100/100
|turn|101
|c|☆richard7774|you thought
|
|switch|p1a: Chemo|Corsola-Galar, M|100/100
|move|p2a: Corviknight|Brave Bird|p1a: Chemo
|-damage|p1a: Chemo|64/100
|-damage|p2a: Corviknight|50/100 brn|[from] Recoil
|
|-heal|p2a: Corviknight|56/100 brn|[from] item: Leftovers
|-damage|p2a: Corviknight|50/100 brn|[from] brn
|upkeep
|turn|102
|inactive|Alexinator has 30 seconds left.
|
|switch|p1a: BP|Toxapex, M|100/100
|move|p2a: Corviknight|Brave Bird|p1a: BP
|-damage|p1a: BP|62/100
|-damage|p2a: Corviknight|41/100 brn|[from] Recoil
|
|-heal|p2a: Corviknight|47/100 brn|[from] item: Leftovers
|-heal|p1a: BP|68/100|[from] item: Black Sludge
|-damage|p2a: Corviknight|41/100 brn|[from] brn
|upkeep
|turn|103
|inactive|Alexinator has 30 seconds left.
|
|move|p2a: Corviknight|Bulk Up|p2a: Corviknight
|-boost|p2a: Corviknight|atk|1
|-boost|p2a: Corviknight|def|1
|move|p1a: BP|Recover|p1a: BP
|-heal|p1a: BP|100/100
|
|-heal|p2a: Corviknight|47/100 brn|[from] item: Leftovers
|-damage|p2a: Corviknight|41/100 brn|[from] brn
|upkeep
|turn|104
|inactive|Alexinator has 30 seconds left this turn.
|
|move|p2a: Corviknight|Bulk Up|p2a: Corviknight
|-boost|p2a: Corviknight|atk|1
|-boost|p2a: Corviknight|def|1
|move|p1a: BP|Scald|p2a: Corviknight
|-activate|p2a: Corviknight|move: Substitute|[damage]
|
|-heal|p2a: Corviknight|47/100 brn|[from] item: Leftovers
|-damage|p2a: Corviknight|41/100 brn|[from] brn
|upkeep
|turn|105
|inactive|Alexinator has 30 seconds left this turn.
|
|move|p2a: Corviknight|Roost|p2a: Corviknight
|-heal|p2a: Corviknight|91/100 brn
|-singleturn|p2a: Corviknight|move: Roost
|move|p1a: BP|Scald|p2a: Corviknight
|-end|p2a: Corviknight|Substitute
|
|-heal|p2a: Corviknight|97/100 brn|[from] item: Leftovers
|-damage|p2a: Corviknight|91/100 brn|[from] brn
|upkeep
|turn|106
|inactive|Alexinator has 30 seconds left this turn.
|inactive|Alexinator has 20 seconds left.
|
|move|p2a: Corviknight|Substitute|p2a: Corviknight
|-start|p2a: Corviknight|Substitute
|-damage|p2a: Corviknight|66/100 brn
|move|p1a: BP|Scald|p2a: Corviknight
|-activate|p2a: Corviknight|move: Substitute|[damage]
|
|-heal|p2a: Corviknight|72/100 brn|[from] item: Leftovers
|-damage|p2a: Corviknight|66/100 brn|[from] brn
|upkeep
|turn|107
|inactive|Alexinator has 25 seconds left this turn.
|inactive|Alexinator has 20 seconds left.
|
|move|p2a: Corviknight|Brave Bird|p1a: BP
|-damage|p1a: BP|50/100
|-damage|p2a: Corviknight|53/100 brn|[from] Recoil
|move|p1a: BP|Scald|p2a: Corviknight
|-end|p2a: Corviknight|Substitute
|
|-heal|p2a: Corviknight|59/100 brn|[from] item: Leftovers
|-heal|p1a: BP|57/100|[from] item: Black Sludge
|-damage|p2a: Corviknight|53/100 brn|[from] brn
|upkeep
|turn|108
|inactive|Alexinator has 25 seconds left this turn.
|inactive|Alexinator has 20 seconds left.
|inactive|Alexinator has 15 seconds left.
|
|move|p2a: Corviknight|Roost|p2a: Corviknight
|-heal|p2a: Corviknight|100/100 brn
|-singleturn|p2a: Corviknight|move: Roost
|move|p1a: BP|Recover|p1a: BP
|-heal|p1a: BP|100/100
|
|-damage|p2a: Corviknight|94/100 brn|[from] brn
|upkeep
|turn|109
|inactive|Alexinator has 20 seconds left this turn.
|inactive|Alexinator has 15 seconds left.
|
|move|p2a: Corviknight|Bulk Up|p2a: Corviknight
|-boost|p2a: Corviknight|atk|0
|-boost|p2a: Corviknight|def|0
|move|p1a: BP|Toxic Spikes|p2a: Corviknight
|-sidestart|p2: richard7774|move: Toxic Spikes
|
|-heal|p2a: Corviknight|100/100 brn|[from] item: Leftovers
|-damage|p2a: Corviknight|94/100 brn|[from] brn
|upkeep
|turn|110
|inactive|Alexinator has 20 seconds left this turn.
|inactive|Alexinator has 15 seconds left.
|
|move|p2a: Corviknight|Brave Bird|p1a: BP
|-damage|p1a: BP|43/100
|-damage|p2a: Corviknight|80/100 brn|[from] Recoil
|move|p1a: BP|Toxic Spikes|p2a: Corviknight
|-sidestart|p2: richard7774|move: Toxic Spikes
|
|-heal|p2a: Corviknight|86/100 brn|[from] item: Leftovers
|-heal|p1a: BP|49/100|[from] item: Black Sludge
|-damage|p2a: Corviknight|80/100 brn|[from] brn
|upkeep
|turn|111
|inactive|Alexinator has 20 seconds left this turn.
|inactive|Alexinator has 15 seconds left.
|inactive|Alexinator has 10 seconds left.
|
|move|p1a: BP|Baneful Bunker|p1a: BP
|-singleturn|p1a: BP|move: Protect
|move|p2a: Corviknight|Brave Bird|p1a: BP
|-activate|p1a: BP|move: Protect
|
|-heal|p2a: Corviknight|86/100 brn|[from] item: Leftovers
|-heal|p1a: BP|55/100|[from] item: Black Sludge
|-damage|p2a: Corviknight|80/100 brn|[from] brn
|upkeep
|turn|112
|inactive|Alexinator has 15 seconds left this turn.
|
|move|p2a: Corviknight|Brave Bird|p1a: BP
|-damage|p1a: BP|0 fnt
|-damage|p2a: Corviknight|66/100 brn|[from] Recoil
|faint|p1a: BP
|
|-heal|p2a: Corviknight|72/100 brn|[from] item: Leftovers
|-damage|p2a: Corviknight|66/100 brn|[from] brn
|upkeep
|inactive|Alexinator has 20 seconds left this turn.
|inactive|Alexinator has 15 seconds left.
|
|switch|p1a: Cancer Counter|Corviknight, M|4/100 brn
|-ability|p1a: Cancer Counter|Pressure
|turn|113
|inactive|Alexinator has 20 seconds left this turn.
|
|move|p2a: Corviknight|Brave Bird|p1a: Cancer Counter
|-resisted|p1a: Cancer Counter
|-damage|p1a: Cancer Counter|0 fnt
|-damage|p2a: Corviknight|65/100 brn|[from] Recoil
|faint|p1a: Cancer Counter
|
|-heal|p2a: Corviknight|71/100 brn|[from] item: Leftovers
|-damage|p2a: Corviknight|65/100 brn|[from] brn
|upkeep
|inactive|Alexinator has 25 seconds left this turn.
|inactive|Alexinator has 20 seconds left.
|
|switch|p1a: NoU|Ditto|100/100
|-transform|p1a: NoU|p2a: Corviknight|[from] ability: Imposter
|-ability|p1a: NoU|Pressure
|turn|114
|inactive|Alexinator has 25 seconds left this turn.
|inactive|Alexinator has 20 seconds left.
|
|move|p1a: NoU|Brave Bird|p2a: Corviknight
|-resisted|p2a: Corviknight
|-damage|p2a: Corviknight|51/100 brn
|-damage|p1a: NoU|94/100|[from] Recoil
|move|p2a: Corviknight|Substitute|p2a: Corviknight
|-start|p2a: Corviknight|Substitute
|-damage|p2a: Corviknight|26/100 brn
|
|-heal|p2a: Corviknight|32/100 brn|[from] item: Leftovers
|-damage|p2a: Corviknight|26/100 brn|[from] brn
|upkeep
|turn|115
|inactive|Alexinator has 25 seconds left this turn.
|inactive|Alexinator has 20 seconds left.
|
|move|p1a: NoU|Brave Bird|p2a: Corviknight
|-resisted|p2a: Corviknight
|-activate|p2a: Corviknight|move: Substitute|[damage]
|-damage|p1a: NoU|88/100|[from] Recoil|[of] p2a: Corviknight
|move|p2a: Corviknight|Roost|p2a: Corviknight
|-heal|p2a: Corviknight|76/100 brn
|-singleturn|p2a: Corviknight|move: Roost
|
|-heal|p2a: Corviknight|82/100 brn|[from] item: Leftovers
|-damage|p2a: Corviknight|76/100 brn|[from] brn
|upkeep
|turn|116
|inactive|Alexinator has 25 seconds left this turn.
|inactive|Alexinator has 20 seconds left.
|inactive|Alexinator has 15 seconds left.
|
|move|p1a: NoU|Brave Bird|p2a: Corviknight
|-resisted|p2a: Corviknight
|-end|p2a: Corviknight|Substitute
|-damage|p1a: NoU|83/100|[from] Recoil|[of] p2a: Corviknight
|move|p2a: Corviknight|Bulk Up|p2a: Corviknight
|-boost|p2a: Corviknight|atk|0
|-boost|p2a: Corviknight|def|0
|
|-heal|p2a: Corviknight|82/100 brn|[from] item: Leftovers
|-damage|p2a: Corviknight|76/100 brn|[from] brn
|upkeep
|turn|117
|inactive|Alexinator has 20 seconds left this turn.
|inactive|Alexinator has 15 seconds left.
|inactive|Alexinator has 10 seconds left.
|
|switch|p1a: Chemo|Corsola-Galar, M|64/100
|move|p2a: Corviknight|Substitute|p2a: Corviknight
|-start|p2a: Corviknight|Substitute
|-damage|p2a: Corviknight|51/100 brn
|
|-heal|p2a: Corviknight|57/100 brn|[from] item: Leftovers
|-damage|p2a: Corviknight|51/100 brn|[from] brn
|upkeep
|turn|118
|inactive|Alexinator has 15 seconds left this turn.
|inactive|Alexinator has 10 seconds left.
|
|switch|p2a: Cinderace|Cinderace, F|26/100
|move|p1a: Chemo|Whirlpool|p2a: Cinderace
|-supereffective|p2a: Cinderace
|-damage|p2a: Cinderace|8/100
|-activate|p2a: Cinderace|move: Whirlpool|[of] p1a: Chemo
|
|-damage|p2a: Cinderace|0 fnt|[from] move: Whirlpool|[partiallytrapped]
|faint|p2a: Cinderace
|upkeep
|inactive|Alexinator has 15 seconds left this turn.
|
|switch|p2a: Toxapex|Toxapex, F|100/100 brn
|-sideend|p2: richard7774|move: Toxic Spikes|[of] p2a: Toxapex
|-damage|p2a: Toxapex|88/100 brn|[from] Spikes
|-damage|p2a: Toxapex|76/100 brn|[from] Stealth Rock
|turn|119
|inactive|Alexinator has 20 seconds left this turn.
|
|move|p2a: Toxapex|Toxic Spikes|p1a: Chemo
|-sidestart|p1: Alexinator|move: Toxic Spikes
|move|p1a: Chemo|Whirlpool|p2a: Toxapex
|-resisted|p2a: Toxapex
|-damage|p2a: Toxapex|74/100 brn
|-activate|p2a: Toxapex|move: Whirlpool|[of] p1a: Chemo
|
|-heal|p2a: Toxapex|80/100 brn|[from] item: Black Sludge
|-damage|p2a: Toxapex|74/100 brn|[from] brn
|-damage|p2a: Toxapex|62/100 brn|[from] move: Whirlpool|[partiallytrapped]
|upkeep
|turn|120
|inactive|Alexinator has 25 seconds left this turn.
|inactive|Alexinator has 20 seconds left.
|inactive|Alexinator has 15 seconds left.
|
|move|p2a: Toxapex|Recover|p2a: Toxapex
|-heal|p2a: Toxapex|100/100 brn
|move|p1a: Chemo|Strength Sap|p2a: Toxapex
|-unboost|p2a: Toxapex|atk|1
|-heal|p1a: Chemo|100/100
|
|-damage|p2a: Toxapex|95/100 brn|[from] brn
|-damage|p2a: Toxapex|82/100 brn|[from] move: Whirlpool|[partiallytrapped]
|upkeep
|turn|121
|inactive|Alexinator has 20 seconds left this turn.
|inactive|Alexinator has 15 seconds left.
|
|move|p2a: Toxapex|Scald|p1a: Chemo
|-damage|p1a: Chemo|91/100
|-start|p2a: Toxapex|Disable|Scald|[from] ability: Cursed Body|[of] p1a: Chemo
|move|p1a: Chemo|Stealth Rock||[still]
|-fail|p1a: Chemo
|
|-heal|p2a: Toxapex|88/100 brn|[from] item: Black Sludge
|-damage|p2a: Toxapex|82/100 brn|[from] brn
|-damage|p2a: Toxapex|70/100 brn|[from] move: Whirlpool|[partiallytrapped]
|upkeep
|turn|122
|inactive|Alexinator has 20 seconds left this turn.
|
|move|p2a: Toxapex|Toxic Spikes|p1a: Chemo
|-sidestart|p1: Alexinator|move: Toxic Spikes
|move|p1a: Chemo|Whirlpool|p2a: Toxapex
|-resisted|p2a: Toxapex
|-damage|p2a: Toxapex|68/100 brn
|
|-heal|p2a: Toxapex|74/100 brn|[from] item: Black Sludge
|-damage|p2a: Toxapex|68/100 brn|[from] brn
|-damage|p2a: Toxapex|56/100 brn|[from] move: Whirlpool|[partiallytrapped]
|upkeep
|turn|123
|inactive|Alexinator has 25 seconds left this turn.
|
|move|p2a: Toxapex|Baneful Bunker|p2a: Toxapex
|-singleturn|p2a: Toxapex|move: Protect
|move|p1a: Chemo|Stealth Rock||[still]
|-fail|p1a: Chemo
|
|-heal|p2a: Toxapex|62/100 brn|[from] item: Black Sludge
|-damage|p2a: Toxapex|56/100 brn|[from] brn
|-damage|p2a: Toxapex|43/100 brn|[from] move: Whirlpool|[partiallytrapped]
|upkeep
|turn|124
|inactive|Alexinator has 30 seconds left this turn.
|
|move|p2a: Toxapex|Recover|p2a: Toxapex
|-heal|p2a: Toxapex|94/100 brn
|move|p1a: Chemo|Stealth Rock||[still]
|-fail|p1a: Chemo
|
|-heal|p2a: Toxapex|99/100 brn|[from] item: Black Sludge
|-damage|p2a: Toxapex|94/100 brn|[from] brn
|-end|p2a: Toxapex|Whirlpool|[partiallytrapped]
|-end|p2a: Toxapex|Disable
|upkeep
|turn|125
|inactive|Alexinator has 30 seconds left this turn.
|
|switch|p2a: Corviknight|Corviknight, M|51/100 brn
|-damage|p2a: Corviknight|39/100 brn|[from] Stealth Rock
|-ability|p2a: Corviknight|Pressure
|move|p1a: Chemo|Whirlpool|p2a: Corviknight|[miss]
|-miss|p1a: Chemo|p2a: Corviknight
|
|-heal|p2a: Corviknight|45/100 brn|[from] item: Leftovers
|-damage|p2a: Corviknight|39/100 brn|[from] brn
|upkeep
|turn|126
|inactive|Alexinator has 30 seconds left this turn.
|
|move|p2a: Corviknight|Roost|p2a: Corviknight
|-heal|p2a: Corviknight|89/100 brn
|-singleturn|p2a: Corviknight|move: Roost
|move|p1a: Chemo|Whirlpool|p2a: Corviknight
|-damage|p2a: Corviknight|84/100 brn
|-activate|p2a: Corviknight|move: Whirlpool|[of] p1a: Chemo
|
|-heal|p2a: Corviknight|90/100 brn|[from] item: Leftovers
|-damage|p2a: Corviknight|84/100 brn|[from] brn
|-damage|p2a: Corviknight|72/100 brn|[from] move: Whirlpool|[partiallytrapped]
|upkeep
|turn|127
|inactive|Alexinator has 30 seconds left.
|
|move|p2a: Corviknight|Substitute|p2a: Corviknight
|-start|p2a: Corviknight|Substitute
|-damage|p2a: Corviknight|47/100 brn
|move|p1a: Chemo|Strength Sap||[still]
|-fail|p1a: Chemo
|
|-heal|p2a: Corviknight|53/100 brn|[from] item: Leftovers
|-damage|p2a: Corviknight|47/100 brn|[from] brn
|upkeep
|turn|128
|
|move|p2a: Corviknight|Roost|p2a: Corviknight
|-heal|p2a: Corviknight|97/100 brn
|-singleturn|p2a: Corviknight|move: Roost
|move|p1a: Chemo|Stealth Rock||[still]
|-fail|p1a: Chemo
|
|-heal|p2a: Corviknight|100/100 brn|[from] item: Leftovers
|-damage|p2a: Corviknight|94/100 brn|[from] brn
|upkeep
|turn|129
|
|move|p2a: Corviknight|Bulk Up|p2a: Corviknight
|-boost|p2a: Corviknight|atk|1
|-boost|p2a: Corviknight|def|1
|move|p1a: Chemo|Whirlpool|p2a: Corviknight
|-activate|p2a: Corviknight|move: Substitute|[damage]
|
|-heal|p2a: Corviknight|100/100 brn|[from] item: Leftovers
|-damage|p2a: Corviknight|94/100 brn|[from] brn
|upkeep
|turn|130
|
|move|p2a: Corviknight|Substitute|p2a: Corviknight
|-fail|p2a: Corviknight|move: Substitute
|move|p1a: Chemo|Will-O-Wisp||[still]
|-fail|p1a: Chemo
|
|-heal|p2a: Corviknight|100/100 brn|[from] item: Leftovers
|-damage|p2a: Corviknight|94/100 brn|[from] brn
|upkeep
|turn|131
|
|move|p2a: Corviknight|Bulk Up|p2a: Corviknight
|-boost|p2a: Corviknight|atk|1
|-boost|p2a: Corviknight|def|1
|move|p1a: Chemo|Will-O-Wisp||[still]
|-fail|p1a: Chemo
|
|-heal|p2a: Corviknight|100/100 brn|[from] item: Leftovers
|-damage|p2a: Corviknight|94/100 brn|[from] brn
|upkeep
|turn|132
|
|move|p2a: Corviknight|Bulk Up|p2a: Corviknight
|-boost|p2a: Corviknight|atk|1
|-boost|p2a: Corviknight|def|1
|move|p1a: Chemo|Will-O-Wisp||[still]
|-fail|p1a: Chemo
|
|-heal|p2a: Corviknight|100/100 brn|[from] item: Leftovers
|-damage|p2a: Corviknight|94/100 brn|[from] brn
|upkeep
|turn|133
|
|move|p2a: Corviknight|Bulk Up|p2a: Corviknight
|-boost|p2a: Corviknight|atk|1
|-boost|p2a: Corviknight|def|1
|move|p1a: Chemo|Will-O-Wisp||[still]
|-fail|p1a: Chemo
|
|-heal|p2a: Corviknight|100/100 brn|[from] item: Leftovers
|-damage|p2a: Corviknight|94/100 brn|[from] brn
|upkeep
|turn|134
|
|move|p2a: Corviknight|Bulk Up|p2a: Corviknight
|-boost|p2a: Corviknight|atk|1
|-boost|p2a: Corviknight|def|1
|move|p1a: Chemo|Stealth Rock||[still]
|-fail|p1a: Chemo
|
|-heal|p2a: Corviknight|100/100 brn|[from] item: Leftovers
|-damage|p2a: Corviknight|94/100 brn|[from] brn
|upkeep
|turn|135
|
|move|p2a: Corviknight|Bulk Up|p2a: Corviknight
|-boost|p2a: Corviknight|atk|1
|-boost|p2a: Corviknight|def|1
|move|p1a: Chemo|Will-O-Wisp||[still]
|-fail|p1a: Chemo
|
|-heal|p2a: Corviknight|100/100 brn|[from] item: Leftovers
|-damage|p2a: Corviknight|94/100 brn|[from] brn
|upkeep
|turn|136
|
|move|p2a: Corviknight|Substitute|p2a: Corviknight
|-fail|p2a: Corviknight|move: Substitute
|move|p1a: Chemo|Stealth Rock||[still]
|-fail|p1a: Chemo
|
|-heal|p2a: Corviknight|100/100 brn|[from] item: Leftovers
|-damage|p2a: Corviknight|94/100 brn|[from] brn
|upkeep
|turn|137
|
|move|p2a: Corviknight|Bulk Up|p2a: Corviknight
|-boost|p2a: Corviknight|atk|0
|-boost|p2a: Corviknight|def|0
|move|p1a: Chemo|Whirlpool|p2a: Corviknight
|-activate|p2a: Corviknight|move: Substitute|[damage]
|
|-heal|p2a: Corviknight|100/100 brn|[from] item: Leftovers
|-damage|p2a: Corviknight|94/100 brn|[from] brn
|upkeep
|turn|138
|inactive|richard7774 has 120 seconds left.
|
|move|p2a: Corviknight|Substitute|p2a: Corviknight
|-fail|p2a: Corviknight|move: Substitute
|move|p1a: Chemo|Stealth Rock||[still]
|-fail|p1a: Chemo
|
|-heal|p2a: Corviknight|100/100 brn|[from] item: Leftovers
|-damage|p2a: Corviknight|94/100 brn|[from] brn
|upkeep
|turn|139
|
|move|p2a: Corviknight|Bulk Up|p2a: Corviknight
|-boost|p2a: Corviknight|atk|0
|-boost|p2a: Corviknight|def|0
|move|p1a: Chemo|Strength Sap||[still]
|-fail|p1a: Chemo
|
|-heal|p2a: Corviknight|100/100 brn|[from] item: Leftovers
|-damage|p2a: Corviknight|94/100 brn|[from] brn
|upkeep
|turn|140
|
|move|p2a: Corviknight|Substitute|p2a: Corviknight
|-fail|p2a: Corviknight|move: Substitute
|move|p1a: Chemo|Whirlpool|p2a: Corviknight
|-activate|p2a: Corviknight|move: Substitute|[damage]
|
|-heal|p2a: Corviknight|100/100 brn|[from] item: Leftovers
|-damage|p2a: Corviknight|94/100 brn|[from] brn
|upkeep
|turn|141
|
|move|p2a: Corviknight|Bulk Up|p2a: Corviknight
|-boost|p2a: Corviknight|atk|0
|-boost|p2a: Corviknight|def|0
|move|p1a: Chemo|Stealth Rock||[still]
|-fail|p1a: Chemo
|
|-heal|p2a: Corviknight|100/100 brn|[from] item: Leftovers
|-damage|p2a: Corviknight|94/100 brn|[from] brn
|upkeep
|turn|142
|
|move|p2a: Corviknight|Bulk Up|p2a: Corviknight
|-boost|p2a: Corviknight|atk|0
|-boost|p2a: Corviknight|def|0
|move|p1a: Chemo|Stealth Rock||[still]
|-fail|p1a: Chemo
|
|-heal|p2a: Corviknight|100/100 brn|[from] item: Leftovers
|-damage|p2a: Corviknight|94/100 brn|[from] brn
|upkeep
|turn|143
|c|☆Alexinator|:)
|
|move|p2a: Corviknight|Bulk Up|p2a: Corviknight
|-boost|p2a: Corviknight|atk|0
|-boost|p2a: Corviknight|def|0
|move|p1a: Chemo|Stealth Rock||[still]
|-fail|p1a: Chemo
|
|-heal|p2a: Corviknight|100/100 brn|[from] item: Leftovers
|-damage|p2a: Corviknight|94/100 brn|[from] brn
|upkeep
|turn|144
|
|move|p2a: Corviknight|Bulk Up|p2a: Corviknight
|-boost|p2a: Corviknight|atk|0
|-boost|p2a: Corviknight|def|0
|move|p1a: Chemo|Stealth Rock||[still]
|-fail|p1a: Chemo
|
|-heal|p2a: Corviknight|100/100 brn|[from] item: Leftovers
|-damage|p2a: Corviknight|94/100 brn|[from] brn
|upkeep
|turn|145
|inactive|richard7774 has 90 seconds left.
|
|move|p2a: Corviknight|Bulk Up|p2a: Corviknight
|-boost|p2a: Corviknight|atk|0
|-boost|p2a: Corviknight|def|0
|move|p1a: Chemo|Stealth Rock||[still]
|-fail|p1a: Chemo
|
|-heal|p2a: Corviknight|100/100 brn|[from] item: Leftovers
|-damage|p2a: Corviknight|94/100 brn|[from] brn
|upkeep
|turn|146
|inactive|richard7774 has 90 seconds left.
|
|move|p2a: Corviknight|Substitute|p2a: Corviknight
|-fail|p2a: Corviknight|move: Substitute
|move|p1a: Chemo|Stealth Rock||[still]
|-fail|p1a: Chemo
|
|-heal|p2a: Corviknight|100/100 brn|[from] item: Leftovers
|-damage|p2a: Corviknight|94/100 brn|[from] brn
|upkeep
|turn|147
|inactive|richard7774 has 90 seconds left.
|
|move|p2a: Corviknight|Substitute|p2a: Corviknight
|-fail|p2a: Corviknight|move: Substitute
|move|p1a: Chemo|Stealth Rock||[still]
|-fail|p1a: Chemo
|
|-heal|p2a: Corviknight|100/100 brn|[from] item: Leftovers
|-damage|p2a: Corviknight|94/100 brn|[from] brn
|upkeep
|turn|148
|inactive|richard7774 has 90 seconds left.
|
|move|p2a: Corviknight|Substitute|p2a: Corviknight
|-fail|p2a: Corviknight|move: Substitute
|move|p1a: Chemo|Stealth Rock||[still]
|-fail|p1a: Chemo
|
|-heal|p2a: Corviknight|100/100 brn|[from] item: Leftovers
|-damage|p2a: Corviknight|94/100 brn|[from] brn
|upkeep
|turn|149
|inactive|richard7774 has 90 seconds left.
|
|move|p2a: Corviknight|Substitute|p2a: Corviknight
|-fail|p2a: Corviknight|move: Substitute
|move|p1a: Chemo|Will-O-Wisp||[still]
|-fail|p1a: Chemo
|
|-heal|p2a: Corviknight|100/100 brn|[from] item: Leftovers
|-damage|p2a: Corviknight|94/100 brn|[from] brn
|upkeep
|turn|150
|
|move|p2a: Corviknight|Substitute|p2a: Corviknight
|-fail|p2a: Corviknight|move: Substitute
|move|p1a: Chemo|Will-O-Wisp||[still]
|-fail|p1a: Chemo
|
|-heal|p2a: Corviknight|100/100 brn|[from] item: Leftovers
|-damage|p2a: Corviknight|94/100 brn|[from] brn
|upkeep
|turn|151
|
|move|p2a: Corviknight|Roost|p2a: Corviknight
|-heal|p2a: Corviknight|100/100 brn
|-singleturn|p2a: Corviknight|move: Roost
|move|p1a: Chemo|Will-O-Wisp||[still]
|-fail|p1a: Chemo
|
|-damage|p2a: Corviknight|94/100 brn|[from] brn
|upkeep
|turn|152
|inactive|richard7774 has 90 seconds left.
|
|move|p2a: Corviknight|Roost|p2a: Corviknight
|-heal|p2a: Corviknight|100/100 brn
|-singleturn|p2a: Corviknight|move: Roost
|move|p1a: Chemo|Will-O-Wisp||[still]
|-fail|p1a: Chemo
|
|-damage|p2a: Corviknight|94/100 brn|[from] brn
|upkeep
|turn|153
|
|move|p2a: Corviknight|Roost|p2a: Corviknight
|-heal|p2a: Corviknight|100/100 brn
|-singleturn|p2a: Corviknight|move: Roost
|move|p1a: Chemo|Will-O-Wisp||[still]
|-fail|p1a: Chemo
|
|-damage|p2a: Corviknight|94/100 brn|[from] brn
|upkeep
|turn|154
|
|move|p2a: Corviknight|Roost|p2a: Corviknight
|-heal|p2a: Corviknight|100/100 brn
|-singleturn|p2a: Corviknight|move: Roost
|move|p1a: Chemo|Will-O-Wisp||[still]
|-fail|p1a: Chemo
|
|-damage|p2a: Corviknight|94/100 brn|[from] brn
|upkeep
|turn|155
|
|-activate|p2a: Corviknight|move: Struggle
|move|p2a: Corviknight|Struggle|p1a: Chemo
|-damage|p1a: Chemo|78/100
|-damage|p2a: Corviknight|69/100 brn|[from] recoil
|move|p1a: Chemo|Will-O-Wisp|p2a: Corviknight|[miss]
|-miss|p1a: Chemo|p2a: Corviknight
|
|-heal|p2a: Corviknight|75/100 brn|[from] item: Leftovers
|-damage|p2a: Corviknight|69/100 brn|[from] brn
|upkeep
|turn|156
|inactive|Alexinator has 30 seconds left.
|
|-activate|p2a: Corviknight|move: Struggle
|move|p2a: Corviknight|Struggle|p1a: Chemo
|-damage|p1a: Chemo|64/100
|-damage|p2a: Corviknight|44/100 brn|[from] recoil
|move|p1a: Chemo|Strength Sap||[still]
|-fail|p1a: Chemo
|
|-heal|p2a: Corviknight|50/100 brn|[from] item: Leftovers
|-damage|p2a: Corviknight|44/100 brn|[from] brn
|upkeep
|turn|157
|inactive|Alexinator has 30 seconds left.
|
|-activate|p2a: Corviknight|move: Struggle
|move|p2a: Corviknight|Struggle|p1a: Chemo
|-damage|p1a: Chemo|50/100
|-damage|p2a: Corviknight|19/100 brn|[from] recoil
|move|p1a: Chemo|Strength Sap||[still]
|-fail|p1a: Chemo
|
|-heal|p2a: Corviknight|25/100 brn|[from] item: Leftovers
|-damage|p2a: Corviknight|19/100 brn|[from] brn
|upkeep
|turn|158
|inactive|Alexinator has 30 seconds left this turn.
|inactive|Alexinator has 20 seconds left.
|
|-activate|p2a: Corviknight|move: Struggle
|move|p2a: Corviknight|Struggle|p1a: Chemo
|-damage|p1a: Chemo|37/100
|-damage|p2a: Corviknight|0 fnt|[from] recoil
|faint|p2a: Corviknight
|move|p1a: Chemo|Whirlpool|p2: Corviknight|[notarget]
|-fail|p1a: Chemo
|
|upkeep
|inactive|Alexinator has 25 seconds left this turn.
|
|switch|p2a: Dragapult|Dragapult, F|25/100 brn
|-damage|p2a: Dragapult|12/100 brn|[from] Stealth Rock
|-damage|p2a: Dragapult|0 fnt|[from] Spikes
|faint|p2a: Dragapult
|inactive|Alexinator has 30 seconds left this turn.
|
|switch|p2a: Toxapex|Toxapex, F|100/100 brn
|-damage|p2a: Toxapex|88/100 brn|[from] Spikes
|-damage|p2a: Toxapex|76/100 brn|[from] Stealth Rock
|turn|159
|inactive|Alexinator has 30 seconds left.
|
|move|p2a: Toxapex|Scald|p1a: Chemo
|-damage|p1a: Chemo|28/100
|move|p1a: Chemo|Strength Sap|p2a: Toxapex
|-unboost|p2a: Toxapex|atk|1
|-heal|p1a: Chemo|64/100
|
|-heal|p2a: Toxapex|82/100 brn|[from] item: Black Sludge
|-damage|p2a: Toxapex|76/100 brn|[from] brn
|upkeep
|turn|160
|inactive|Alexinator has 30 seconds left.
|
|switch|p1a: NoU|Ditto|83/100
|-status|p1a: NoU|tox
|-transform|p1a: NoU|p2a: Toxapex|[from] ability: Imposter
|move|p2a: Toxapex|Scald|p1a: NoU
|-resisted|p1a: NoU
|-damage|p1a: NoU|76/100 tox
|
|-heal|p2a: Toxapex|82/100 brn|[from] item: Black Sludge
|-damage|p1a: NoU|70/100 tox|[from] psn
|-damage|p2a: Toxapex|76/100 brn|[from] brn
|upkeep
|turn|161
|inactive|Alexinator has 30 seconds left.
|inactive|Alexinator has 20 seconds left.
|
|move|p1a: NoU|Scald|p2a: Toxapex
|-resisted|p2a: Toxapex
|-damage|p2a: Toxapex|69/100 brn
|move|p2a: Toxapex|Recover|p2a: Toxapex
|-heal|p2a: Toxapex|100/100 brn
|
|-damage|p1a: NoU|58/100 tox|[from] psn
|-damage|p2a: Toxapex|95/100 brn|[from] brn
|upkeep
|turn|162
|inactive|Alexinator has 25 seconds left this turn.
|inactive|Alexinator has 20 seconds left.
|c|☆richard7774|you have 1172 elo what on earth makes you want to play like this
|
|move|p2a: Toxapex|Baneful Bunker|p2a: Toxapex
|-singleturn|p2a: Toxapex|move: Protect
|move|p1a: NoU|Scald|p2a: Toxapex
|-activate|p2a: Toxapex|move: Protect
|
|-heal|p2a: Toxapex|100/100 brn|[from] item: Black Sludge
|-damage|p1a: NoU|40/100 tox|[from] psn
|-damage|p2a: Toxapex|95/100 brn|[from] brn
|upkeep
|turn|163
|inactive|Alexinator has 25 seconds left this turn.
|inactive|Alexinator has 20 seconds left.
|inactive|Alexinator has 15 seconds left.
|c|☆Alexinator|I like making people suffer
|inactive|Alexinator has 10 seconds left.
|
|switch|p1a: Chemo|Corsola-Galar, M|64/100
|-status|p1a: Chemo|tox
|move|p2a: Toxapex|Toxic Spikes||[still]
|-fail|p2a: Toxapex
|
|-heal|p2a: Toxapex|100/100 brn|[from] item: Black Sludge
|-damage|p2a: Toxapex|95/100 brn|[from] brn
|-damage|p1a: Chemo|58/100 tox|[from] psn
|upkeep
|turn|164
|inactive|Alexinator has 15 seconds left this turn.
|inactive|Alexinator has 10 seconds left.
|
|switch|p1a: NoU|Ditto|73/100 tox
|-transform|p1a: NoU|p2a: Toxapex|[from] ability: Imposter
|move|p2a: Toxapex|Toxic Spikes||[still]
|-fail|p2a: Toxapex
|
|-heal|p2a: Toxapex|100/100 brn|[from] item: Black Sludge
|-damage|p1a: NoU|67/100 tox|[from] psn
|-damage|p2a: Toxapex|95/100 brn|[from] brn
|upkeep
|turn|165
|inactive|Alexinator has 15 seconds left this turn.
|
|switch|p1a: Chemo|Corsola-Galar, M|58/100 tox
|move|p2a: Toxapex|Toxic Spikes||[still]
|-fail|p2a: Toxapex
|
|-heal|p2a: Toxapex|100/100 brn|[from] item: Black Sludge
|-damage|p2a: Toxapex|95/100 brn|[from] brn
|-damage|p1a: Chemo|51/100 tox|[from] psn
|upkeep
|turn|166
|inactive|Alexinator has 20 seconds left this turn.
|inactive|Alexinator has 15 seconds left.
|
|switch|p1a: NoU|Ditto|99/100 tox
|-transform|p1a: NoU|p2a: Toxapex|[from] ability: Imposter
|move|p2a: Toxapex|Scald|p1a: NoU
|-resisted|p1a: NoU
|-damage|p1a: NoU|93/100 tox
|
|-heal|p2a: Toxapex|100/100 brn|[from] item: Black Sludge
|-damage|p1a: NoU|87/100 tox|[from] psn
|-damage|p2a: Toxapex|95/100 brn|[from] brn
|upkeep
|turn|167
|inactive|Alexinator has 20 seconds left this turn.
|inactive|Alexinator has 15 seconds left.
|
|switch|p1a: Chemo|Corsola-Galar, M|51/100 tox
|move|p2a: Toxapex|Toxic Spikes||[still]
|-fail|p2a: Toxapex
|
|-heal|p2a: Toxapex|100/100 brn|[from] item: Black Sludge
|-damage|p2a: Toxapex|95/100 brn|[from] brn
|-damage|p1a: Chemo|45/100 tox|[from] psn
|upkeep
|turn|168
|inactive|Alexinator has 20 seconds left this turn.
|inactive|Alexinator has 15 seconds left.
|
|switch|p1a: NoU|Ditto|100/100 tox
|-transform|p1a: NoU|p2a: Toxapex|[from] ability: Imposter
|move|p2a: Toxapex|Toxic Spikes||[still]
|-fail|p2a: Toxapex
|
|-heal|p2a: Toxapex|100/100 brn|[from] item: Black Sludge
|-damage|p1a: NoU|94/100 tox|[from] psn
|-damage|p2a: Toxapex|95/100 brn|[from] brn
|upkeep
|turn|169
|inactive|Alexinator has 20 seconds left this turn.
|inactive|Alexinator has 15 seconds left.
|
|move|p1a: NoU|Baneful Bunker|p1a: NoU
|-singleturn|p1a: NoU|move: Protect
|move|p2a: Toxapex|Toxic Spikes||[still]
|-fail|p2a: Toxapex
|
|-heal|p2a: Toxapex|100/100 brn|[from] item: Black Sludge
|-damage|p1a: NoU|82/100 tox|[from] psn
|-damage|p2a: Toxapex|95/100 brn|[from] brn
|upkeep
|turn|170
|inactive|Alexinator has 20 seconds left this turn.
|inactive|Alexinator has 15 seconds left.
|
|switch|p1a: Chemo|Corsola-Galar, M|45/100 tox
|move|p2a: Toxapex|Toxic Spikes||[still]
|-fail|p2a: Toxapex
|
|-heal|p2a: Toxapex|100/100 brn|[from] item: Black Sludge
|-damage|p2a: Toxapex|95/100 brn|[from] brn
|-damage|p1a: Chemo|39/100 tox|[from] psn
|upkeep
|turn|171
|inactive|Alexinator has 20 seconds left this turn.
|inactive|Alexinator has 15 seconds left.
|
|switch|p1a: NoU|Ditto|100/100 tox
|-transform|p1a: NoU|p2a: Toxapex|[from] ability: Imposter
|move|p2a: Toxapex|Toxic Spikes||[still]
|-fail|p2a: Toxapex
|
|-heal|p2a: Toxapex|100/100 brn|[from] item: Black Sludge
|-damage|p1a: NoU|94/100 tox|[from] psn
|-damage|p2a: Toxapex|95/100 brn|[from] brn
|upkeep
|turn|172
|inactive|Alexinator has 20 seconds left this turn.
|inactive|Alexinator has 15 seconds left.
|inactive|Alexinator has 10 seconds left.
|
|move|p1a: NoU|Recover|p1a: NoU
|-heal|p1a: NoU|100/100 tox
|move|p2a: Toxapex|Toxic Spikes||[still]
|-fail|p2a: Toxapex
|
|-heal|p2a: Toxapex|100/100 brn|[from] item: Black Sludge
|-damage|p1a: NoU|88/100 tox|[from] psn
|-damage|p2a: Toxapex|95/100 brn|[from] brn
|upkeep
|turn|173
|inactive|Alexinator has 15 seconds left this turn.
|inactive|Alexinator has 10 seconds left.
|
|move|p1a: NoU|Recover|p1a: NoU
|-heal|p1a: NoU|100/100 tox
|move|p2a: Toxapex|Toxic Spikes||[still]
|-fail|p2a: Toxapex
|
|-heal|p2a: Toxapex|100/100 brn|[from] item: Black Sludge
|-damage|p1a: NoU|82/100 tox|[from] psn
|-damage|p2a: Toxapex|95/100 brn|[from] brn
|upkeep
|turn|174
|inactive|Alexinator has 15 seconds left this turn.
|inactive|Alexinator has 10 seconds left.
|
|move|p1a: NoU|Recover|p1a: NoU
|-heal|p1a: NoU|100/100 tox
|move|p2a: Toxapex|Toxic Spikes||[still]
|-fail|p2a: Toxapex
|
|-heal|p2a: Toxapex|100/100 brn|[from] item: Black Sludge
|-damage|p1a: NoU|76/100 tox|[from] psn
|-damage|p2a: Toxapex|95/100 brn|[from] brn
|upkeep
|turn|175
|inactive|Alexinator has 15 seconds left this turn.
|
|move|p1a: NoU|Recover|p1a: NoU
|-heal|p1a: NoU|100/100 tox
|move|p2a: Toxapex|Toxic Spikes||[still]
|-fail|p2a: Toxapex
|
|-heal|p2a: Toxapex|100/100 brn|[from] item: Black Sludge
|-damage|p1a: NoU|70/100 tox|[from] psn
|-damage|p2a: Toxapex|95/100 brn|[from] brn
|upkeep
|turn|176
|inactive|Alexinator has 20 seconds left this turn.
|
|move|p1a: NoU|Recover|p1a: NoU
|-heal|p1a: NoU|100/100 tox
|move|p2a: Toxapex|Toxic Spikes||[still]
|-fail|p2a: Toxapex
|
|-heal|p2a: Toxapex|100/100 brn|[from] item: Black Sludge
|-damage|p1a: NoU|64/100 tox|[from] psn
|-damage|p2a: Toxapex|95/100 brn|[from] brn
|upkeep
|turn|177
|inactive|Alexinator has 25 seconds left this turn.
|inactive|Alexinator has 20 seconds left.
|
|switch|p1a: Chemo|Corsola-Galar, M|39/100 tox
|move|p2a: Toxapex|Toxic Spikes||[still]
|-fail|p2a: Toxapex
|
|-heal|p2a: Toxapex|100/100 brn|[from] item: Black Sludge
|-damage|p2a: Toxapex|95/100 brn|[from] brn
|-damage|p1a: Chemo|33/100 tox|[from] psn
|upkeep
|turn|178
|inactive|Alexinator has 25 seconds left this turn.
|inactive|Alexinator has 20 seconds left.
|
|switch|p1a: NoU|Ditto|97/100 tox
|-transform|p1a: NoU|p2a: Toxapex|[from] ability: Imposter
|move|p2a: Toxapex|Toxic Spikes||[still]
|-fail|p2a: Toxapex
|
|-heal|p2a: Toxapex|100/100 brn|[from] item: Black Sludge
|-damage|p1a: NoU|91/100 tox|[from] psn
|-damage|p2a: Toxapex|95/100 brn|[from] brn
|upkeep
|turn|179
|inactive|Alexinator has 25 seconds left this turn.
|
|move|p1a: NoU|Recover|p1a: NoU
|-heal|p1a: NoU|100/100 tox
|move|p2a: Toxapex|Toxic Spikes||[still]
|-fail|p2a: Toxapex
|
|-heal|p2a: Toxapex|100/100 brn|[from] item: Black Sludge
|-damage|p1a: NoU|88/100 tox|[from] psn
|-damage|p2a: Toxapex|95/100 brn|[from] brn
|upkeep
|turn|180
|inactive|Alexinator has 30 seconds left this turn.
|
|move|p1a: NoU|Recover|p1a: NoU
|-heal|p1a: NoU|100/100 tox
|move|p2a: Toxapex|Toxic Spikes||[still]
|-fail|p2a: Toxapex
|
|-heal|p2a: Toxapex|100/100 brn|[from] item: Black Sludge
|-damage|p1a: NoU|82/100 tox|[from] psn
|-damage|p2a: Toxapex|95/100 brn|[from] brn
|upkeep
|turn|181
|inactive|Alexinator has 30 seconds left this turn.
|
|move|p1a: NoU|Recover|p1a: NoU
|-heal|p1a: NoU|100/100 tox
|move|p2a: Toxapex|Toxic Spikes||[still]
|-fail|p2a: Toxapex
|
|-heal|p2a: Toxapex|100/100 brn|[from] item: Black Sludge
|-damage|p1a: NoU|76/100 tox|[from] psn
|-damage|p2a: Toxapex|95/100 brn|[from] brn
|upkeep
|turn|182
|inactive|Alexinator has 30 seconds left this turn.
|
|move|p1a: NoU|Recover|p1a: NoU
|-heal|p1a: NoU|100/100 tox
|move|p2a: Toxapex|Toxic Spikes||[still]
|-fail|p2a: Toxapex
|
|-heal|p2a: Toxapex|100/100 brn|[from] item: Black Sludge
|-damage|p1a: NoU|70/100 tox|[from] psn
|-damage|p2a: Toxapex|95/100 brn|[from] brn
|upkeep
|turn|183
|inactive|Alexinator has 30 seconds left this turn.
|
|move|p1a: NoU|Recover|p1a: NoU
|-heal|p1a: NoU|100/100 tox
|move|p2a: Toxapex|Toxic Spikes||[still]
|-fail|p2a: Toxapex
|
|-heal|p2a: Toxapex|100/100 brn|[from] item: Black Sludge
|-damage|p1a: NoU|64/100 tox|[from] psn
|-damage|p2a: Toxapex|95/100 brn|[from] brn
|upkeep
|turn|184
|inactive|Alexinator has 30 seconds left this turn.
|
|switch|p1a: Chemo|Corsola-Galar, M|33/100 tox
|move|p2a: Toxapex|Toxic Spikes||[still]
|-fail|p2a: Toxapex
|
|-heal|p2a: Toxapex|100/100 brn|[from] item: Black Sludge
|-damage|p2a: Toxapex|95/100 brn|[from] brn
|-damage|p1a: Chemo|27/100 tox|[from] psn
|upkeep
|turn|185
|inactive|Alexinator has 30 seconds left this turn.
|
|switch|p1a: NoU|Ditto|97/100 tox
|-transform|p1a: NoU|p2a: Toxapex|[from] ability: Imposter
|move|p2a: Toxapex|Toxic Spikes||[still]
|-fail|p2a: Toxapex
|
|-heal|p2a: Toxapex|100/100 brn|[from] item: Black Sludge
|-damage|p1a: NoU|91/100 tox|[from] psn
|-damage|p2a: Toxapex|95/100 brn|[from] brn
|upkeep
|turn|186
|inactive|Alexinator has 30 seconds left this turn.
|
|move|p1a: NoU|Recover|p1a: NoU
|-heal|p1a: NoU|100/100 tox
|move|p2a: Toxapex|Toxic Spikes||[still]
|-fail|p2a: Toxapex
|
|-heal|p2a: Toxapex|100/100 brn|[from] item: Black Sludge
|-damage|p1a: NoU|88/100 tox|[from] psn
|-damage|p2a: Toxapex|95/100 brn|[from] brn
|upkeep
|turn|187
|inactive|Alexinator has 25 seconds left this turn.
|inactive|Alexinator has 20 seconds left.
|
|move|p1a: NoU|Recover|p1a: NoU
|-heal|p1a: NoU|100/100 tox
|move|p2a: Toxapex|Toxic Spikes||[still]
|-fail|p2a: Toxapex
|
|-heal|p2a: Toxapex|100/100 brn|[from] item: Black Sludge
|-damage|p1a: NoU|82/100 tox|[from] psn
|-damage|p2a: Toxapex|95/100 brn|[from] brn
|upkeep
|turn|188
|inactive|Alexinator has 25 seconds left this turn.
|
|move|p2a: Toxapex|Baneful Bunker|p2a: Toxapex
|-singleturn|p2a: Toxapex|move: Protect
|move|p1a: NoU|Recover|p1a: NoU
|-heal|p1a: NoU|100/100 tox
|
|-heal|p2a: Toxapex|100/100 brn|[from] item: Black Sludge
|-damage|p1a: NoU|76/100 tox|[from] psn
|-damage|p2a: Toxapex|95/100 brn|[from] brn
|upkeep
|turn|189
|inactive|Alexinator has 25 seconds left this turn.
|inactive|Alexinator has 20 seconds left.
|
|move|p2a: Toxapex|Baneful Bunker||[still]
|-fail|p2a: Toxapex
|move|p1a: NoU|Recover|p1a: NoU
|-heal|p1a: NoU|100/100 tox
|
|-heal|p2a: Toxapex|100/100 brn|[from] item: Black Sludge
|-damage|p1a: NoU|70/100 tox|[from] psn
|-damage|p2a: Toxapex|95/100 brn|[from] brn
|upkeep
|turn|190
|inactive|Alexinator has 25 seconds left this turn.
|inactive|Alexinator has 20 seconds left.
|
|move|p2a: Toxapex|Baneful Bunker|p2a: Toxapex
|-singleturn|p2a: Toxapex|move: Protect
|move|p1a: NoU|Recover|p1a: NoU
|-heal|p1a: NoU|100/100 tox
|
|-heal|p2a: Toxapex|100/100 brn|[from] item: Black Sludge
|-damage|p1a: NoU|64/100 tox|[from] psn
|-damage|p2a: Toxapex|95/100 brn|[from] brn
|upkeep
|turn|191
|inactive|Alexinator has 20 seconds left this turn.
|inactive|Alexinator has 15 seconds left.
|inactive|Alexinator has 10 seconds left.
|
|switch|p1a: Chemo|Corsola-Galar, M|27/100 tox
|move|p2a: Toxapex|Baneful Bunker||[still]
|-fail|p2a: Toxapex
|
|-heal|p2a: Toxapex|100/100 brn|[from] item: Black Sludge
|-damage|p2a: Toxapex|95/100 brn|[from] brn
|-damage|p1a: Chemo|21/100 tox|[from] psn
|upkeep
|turn|192
|inactive|Alexinator has 15 seconds left this turn.
|inactive|Alexinator has 10 seconds left.
|
|switch|p1a: NoU|Ditto|97/100 tox
|-transform|p1a: NoU|p2a: Toxapex|[from] ability: Imposter
|move|p2a: Toxapex|Scald|p1a: NoU
|-resisted|p1a: NoU
|-damage|p1a: NoU|91/100 tox
|
|-heal|p2a: Toxapex|100/100 brn|[from] item: Black Sludge
|-damage|p1a: NoU|85/100 tox|[from] psn
|-damage|p2a: Toxapex|95/100 brn|[from] brn
|upkeep
|turn|193
|inactive|Alexinator has 10 seconds left this turn.
|
|move|p2a: Toxapex|Baneful Bunker|p2a: Toxapex
|-singleturn|p2a: Toxapex|move: Protect
|move|p1a: NoU|Recover|p1a: NoU
|-heal|p1a: NoU|100/100 tox
|
|-heal|p2a: Toxapex|100/100 brn|[from] item: Black Sludge
|-damage|p1a: NoU|88/100 tox|[from] psn
|-damage|p2a: Toxapex|95/100 brn|[from] brn
|upkeep
|turn|194
|inactive|Alexinator has 15 seconds left this turn.
|
|move|p2a: Toxapex|Baneful Bunker|p2a: Toxapex
|-singleturn|p2a: Toxapex|move: Protect
|move|p1a: NoU|Recover|p1a: NoU
|-heal|p1a: NoU|100/100 tox
|
|-heal|p2a: Toxapex|100/100 brn|[from] item: Black Sludge
|-damage|p1a: NoU|82/100 tox|[from] psn
|-damage|p2a: Toxapex|95/100 brn|[from] brn
|upkeep
|turn|195
|inactive|Alexinator has 15 seconds left this turn.
|
|move|p1a: NoU|Recover|p1a: NoU
|-heal|p1a: NoU|100/100 tox
|move|p2a: Toxapex|Scald|p1a: NoU
|-resisted|p1a: NoU
|-damage|p1a: NoU|93/100 tox
|
|-heal|p2a: Toxapex|100/100 brn|[from] item: Black Sludge
|-damage|p1a: NoU|69/100 tox|[from] psn
|-damage|p2a: Toxapex|95/100 brn|[from] brn
|upkeep
|turn|196
|inactive|Alexinator has 20 seconds left this turn.
|
|move|p2a: Toxapex|Baneful Bunker|p2a: Toxapex
|-singleturn|p2a: Toxapex|move: Protect
|move|p1a: NoU|Recover|p1a: NoU
|-heal|p1a: NoU|100/100 tox
|
|-heal|p2a: Toxapex|100/100 brn|[from] item: Black Sludge
|-damage|p1a: NoU|70/100 tox|[from] psn
|-damage|p2a: Toxapex|95/100 brn|[from] brn
|upkeep
|turn|197
|inactive|Alexinator has 20 seconds left this turn.
|
|move|p2a: Toxapex|Baneful Bunker||[still]
|-fail|p2a: Toxapex
|move|p1a: NoU|Recover|p1a: NoU
|-heal|p1a: NoU|100/100 tox
|
|-heal|p2a: Toxapex|100/100 brn|[from] item: Black Sludge
|-damage|p1a: NoU|64/100 tox|[from] psn
|-damage|p2a: Toxapex|95/100 brn|[from] brn
|upkeep
|turn|198
|inactive|Alexinator has 25 seconds left this turn.
|
|switch|p1a: Chemo|Corsola-Galar, M|21/100 tox
|move|p2a: Toxapex|Baneful Bunker||[still]
|-fail|p2a: Toxapex
|
|-heal|p2a: Toxapex|100/100 brn|[from] item: Black Sludge
|-damage|p2a: Toxapex|95/100 brn|[from] brn
|-damage|p1a: Chemo|14/100 tox|[from] psn
|upkeep
|turn|199
|inactive|Alexinator has 25 seconds left this turn.
|inactive|Alexinator has 20 seconds left.
|
|switch|p1a: NoU|Ditto|97/100 tox
|-transform|p1a: NoU|p2a: Toxapex|[from] ability: Imposter
|move|p2a: Toxapex|Baneful Bunker||[still]
|-fail|p2a: Toxapex
|
|-heal|p2a: Toxapex|100/100 brn|[from] item: Black Sludge
|-damage|p1a: NoU|91/100 tox|[from] psn
|-damage|p2a: Toxapex|95/100 brn|[from] brn
|upkeep
|turn|200
|inactive|Alexinator has 25 seconds left this turn.
|
|move|p2a: Toxapex|Baneful Bunker|p2a: Toxapex
|-singleturn|p2a: Toxapex|move: Protect
|move|p1a: NoU|Recover|p1a: NoU
|-heal|p1a: NoU|100/100 tox
|
|-heal|p2a: Toxapex|100/100 brn|[from] item: Black Sludge
|-damage|p1a: NoU|88/100 tox|[from] psn
|-damage|p2a: Toxapex|95/100 brn|[from] brn
|upkeep
|turn|201
|inactive|Alexinator has 25 seconds left this turn.
|
|move|p2a: Toxapex|Baneful Bunker|p2a: Toxapex
|-singleturn|p2a: Toxapex|move: Protect
|move|p1a: NoU|Recover|p1a: NoU
|-heal|p1a: NoU|100/100 tox
|
|-heal|p2a: Toxapex|100/100 brn|[from] item: Black Sludge
|-damage|p1a: NoU|82/100 tox|[from] psn
|-damage|p2a: Toxapex|95/100 brn|[from] brn
|upkeep
|turn|202
|inactive|Alexinator has 30 seconds left this turn.
|
|move|p1a: NoU|Recover|p1a: NoU
|-heal|p1a: NoU|100/100 tox
|move|p2a: Toxapex|Recover|p2a: Toxapex
|-heal|p2a: Toxapex|100/100 brn
|
|-damage|p1a: NoU|76/100 tox|[from] psn
|-damage|p2a: Toxapex|95/100 brn|[from] brn
|upkeep
|turn|203
|inactive|Alexinator has 30 seconds left this turn.
|
|move|p2a: Toxapex|Baneful Bunker|p2a: Toxapex
|-singleturn|p2a: Toxapex|move: Protect
|move|p1a: NoU|Recover|p1a: NoU
|-heal|p1a: NoU|100/100 tox
|
|-heal|p2a: Toxapex|100/100 brn|[from] item: Black Sludge
|-damage|p1a: NoU|70/100 tox|[from] psn
|-damage|p2a: Toxapex|95/100 brn|[from] brn
|upkeep
|turn|204
|
|move|p1a: NoU|Recover|p1a: NoU
|-heal|p1a: NoU|100/100 tox
|move|p2a: Toxapex|Scald|p1a: NoU
|-resisted|p1a: NoU
|-damage|p1a: NoU|93/100 tox
|
|-heal|p2a: Toxapex|100/100 brn|[from] item: Black Sludge
|-damage|p1a: NoU|57/100 tox|[from] psn
|-damage|p2a: Toxapex|95/100 brn|[from] brn
|upkeep
|turn|205
|
|switch|p1a: Chemo|Corsola-Galar, M|14/100 tox
|move|p2a: Toxapex|Baneful Bunker||[still]
|-fail|p2a: Toxapex
|
|-heal|p2a: Toxapex|100/100 brn|[from] item: Black Sludge
|-damage|p2a: Toxapex|95/100 brn|[from] brn
|-damage|p1a: Chemo|8/100 tox|[from] psn
|upkeep
|turn|206
|
|switch|p1a: NoU|Ditto|90/100 tox
|-transform|p1a: NoU|p2a: Toxapex|[from] ability: Imposter
|move|p2a: Toxapex|Recover|p2a: Toxapex
|-heal|p2a: Toxapex|100/100 brn
|
|-damage|p1a: NoU|84/100 tox|[from] psn
|-damage|p2a: Toxapex|95/100 brn|[from] brn
|upkeep
|turn|207
|
|move|p1a: NoU|Recover|p1a: NoU
|-heal|p1a: NoU|100/100 tox
|move|p2a: Toxapex|Recover|p2a: Toxapex
|-heal|p2a: Toxapex|100/100 brn
|
|-damage|p1a: NoU|88/100 tox|[from] psn
|-damage|p2a: Toxapex|95/100 brn|[from] brn
|upkeep
|turn|208
|
|move|p1a: NoU|Recover|p1a: NoU
|-heal|p1a: NoU|100/100 tox
|move|p2a: Toxapex|Recover|p2a: Toxapex
|-heal|p2a: Toxapex|100/100 brn
|
|-damage|p1a: NoU|82/100 tox|[from] psn
|-damage|p2a: Toxapex|95/100 brn|[from] brn
|upkeep
|turn|209
|
|move|p1a: NoU|Recover|p1a: NoU
|-heal|p1a: NoU|100/100 tox
|move|p2a: Toxapex|Recover|p2a: Toxapex
|-heal|p2a: Toxapex|100/100 brn
|
|-damage|p1a: NoU|76/100 tox|[from] psn
|-damage|p2a: Toxapex|95/100 brn|[from] brn
|upkeep
|turn|210
|
|move|p1a: NoU|Recover|p1a: NoU
|-heal|p1a: NoU|100/100 tox
|move|p2a: Toxapex|Recover|p2a: Toxapex
|-heal|p2a: Toxapex|100/100 brn
|
|-damage|p1a: NoU|70/100 tox|[from] psn
|-damage|p2a: Toxapex|95/100 brn|[from] brn
|upkeep
|turn|211
|
|move|p1a: NoU|Recover|p1a: NoU
|-heal|p1a: NoU|100/100 tox
|move|p2a: Toxapex|Recover|p2a: Toxapex
|-heal|p2a: Toxapex|100/100 brn
|
|-damage|p1a: NoU|64/100 tox|[from] psn
|-damage|p2a: Toxapex|95/100 brn|[from] brn
|upkeep
|turn|212
|
|switch|p1a: Chemo|Corsola-Galar, M|8/100 tox
|move|p2a: Toxapex|Recover|p2a: Toxapex
|-heal|p2a: Toxapex|100/100 brn
|
|-damage|p2a: Toxapex|95/100 brn|[from] brn
|-damage|p1a: Chemo|2/100 tox|[from] psn
|upkeep
|turn|213
|
|switch|p1a: NoU|Ditto|97/100 tox
|-transform|p1a: NoU|p2a: Toxapex|[from] ability: Imposter
|move|p2a: Toxapex|Recover|p2a: Toxapex
|-heal|p2a: Toxapex|100/100 brn
|
|-damage|p1a: NoU|91/100 tox|[from] psn
|-damage|p2a: Toxapex|95/100 brn|[from] brn
|upkeep
|turn|214
|
|move|p1a: NoU|Recover|p1a: NoU
|-heal|p1a: NoU|100/100 tox
|move|p2a: Toxapex|Recover|p2a: Toxapex
|-heal|p2a: Toxapex|100/100 brn
|
|-damage|p1a: NoU|88/100 tox|[from] psn
|-damage|p2a: Toxapex|95/100 brn|[from] brn
|upkeep
|turn|215
|
|move|p1a: NoU|Recover|p1a: NoU
|-heal|p1a: NoU|100/100 tox
|move|p2a: Toxapex|Recover|p2a: Toxapex
|-heal|p2a: Toxapex|100/100 brn
|
|-damage|p1a: NoU|82/100 tox|[from] psn
|-damage|p2a: Toxapex|95/100 brn|[from] brn
|upkeep
|turn|216
|
|move|p1a: NoU|Recover|p1a: NoU
|-heal|p1a: NoU|100/100 tox
|move|p2a: Toxapex|Recover|p2a: Toxapex
|-heal|p2a: Toxapex|100/100 brn
|
|-damage|p1a: NoU|76/100 tox|[from] psn
|-damage|p2a: Toxapex|95/100 brn|[from] brn
|upkeep
|turn|217
|
|move|p1a: NoU|Recover|p1a: NoU
|-heal|p1a: NoU|100/100 tox
|move|p2a: Toxapex|Recover|p2a: Toxapex
|-heal|p2a: Toxapex|100/100 brn
|
|-damage|p1a: NoU|70/100 tox|[from] psn
|-damage|p2a: Toxapex|95/100 brn|[from] brn
|upkeep
|turn|218
|
|move|p1a: NoU|Recover|p1a: NoU
|-heal|p1a: NoU|100/100 tox
|move|p2a: Toxapex|Scald|p1a: NoU
|-resisted|p1a: NoU
|-damage|p1a: NoU|93/100 tox
|
|-heal|p2a: Toxapex|100/100 brn|[from] item: Black Sludge
|-damage|p1a: NoU|57/100 tox|[from] psn
|-damage|p2a: Toxapex|95/100 brn|[from] brn
|upkeep
|turn|219
|c|☆Alexinator|:)
|inactive|Alexinator has 30 seconds left.
|c|☆richard7774|asshole
|
|switch|p1a: Chemo|Corsola-Galar, M|2/100 tox
|-activate|p2a: Toxapex|move: Struggle
|move|p2a: Toxapex|Struggle|p1a: Chemo
|-damage|p1a: Chemo|1/100 tox
|-damage|p2a: Toxapex|69/100 brn|[from] recoil
|
|-heal|p2a: Toxapex|75/100 brn|[from] item: Black Sludge
|-damage|p2a: Toxapex|69/100 brn|[from] brn
|-damage|p1a: Chemo|0 fnt|[from] psn
|faint|p1a: Chemo
|upkeep
|inactive|Alexinator has 30 seconds left this turn.
|c|☆Alexinator|:)
|c|☆Alexinator|;)
|inactive|Alexinator has 20 seconds left.
|
|switch|p1a: NoU|Ditto|90/100 tox
|-transform|p1a: NoU|p2a: Toxapex|[from] ability: Imposter
|turn|220
|inactive|Alexinator has 20 seconds left this turn.
|inactive|Alexinator has 15 seconds left.
|
|move|p1a: NoU|Recover|p1a: NoU
|-heal|p1a: NoU|100/100 tox
|-activate|p2a: Toxapex|move: Struggle
|move|p2a: Toxapex|Struggle|p1a: NoU
|-damage|p1a: NoU|99/100 tox
|-damage|p2a: Toxapex|44/100 brn|[from] recoil
|
|-heal|p2a: Toxapex|50/100 brn|[from] item: Black Sludge
|-damage|p1a: NoU|93/100 tox|[from] psn
|-damage|p2a: Toxapex|44/100 brn|[from] brn
|upkeep
|turn|221
|inactive|Alexinator has 20 seconds left this turn.
|inactive|Alexinator has 15 seconds left.
|
|move|p1a: NoU|Recover|p1a: NoU
|-heal|p1a: NoU|100/100 tox
|-activate|p2a: Toxapex|move: Struggle
|move|p2a: Toxapex|Struggle|p1a: NoU
|-damage|p1a: NoU|99/100 tox
|-damage|p2a: Toxapex|19/100 brn|[from] recoil
|
|-heal|p2a: Toxapex|25/100 brn|[from] item: Black Sludge
|-damage|p1a: NoU|87/100 tox|[from] psn
|-damage|p2a: Toxapex|19/100 brn|[from] brn
|upkeep
|turn|222
|inactive|Alexinator has 15 seconds left this turn.
|inactive|Alexinator has 10 seconds left.
|inactive|Alexinator has 5 seconds left.
|
|move|p1a: NoU|Recover|p1a: NoU
|-heal|p1a: NoU|100/100 tox
|-activate|p2a: Toxapex|move: Struggle
|move|p2a: Toxapex|Struggle|p1a: NoU
|-crit|p1a: NoU
|-damage|p1a: NoU|97/100 tox
|-damage|p2a: Toxapex|0 fnt|[from] recoil
|faint|p2a: Toxapex
|
|win|Alexinator
|inactive|Alexinator has 5 seconds left this turn.
|n|!richard7774|richard7774
|raw|Alexinator's rating: 1172 → 1199(+27 for winning)
|raw|richard7774's rating: 1193 → 1166(-27 for losing)
