|ScrapeTime|2020-01-01-16:56:29
|j|☆Ok sorry thanks
|j|☆Mercurei
|player|p1|Ok sorry thanks|acetrainer-gen4dp|1173
|player|p2|Mercurei|n|1233
|teamsize|p1|6
|teamsize|p2|6
|gametype|singles
|gen|8
|tier|[Gen 8] OU
|rated|
|rule|Sleep Clause Mod: Limit one foe put to sleep
|rule|Species Clause: Limit one of each Pokémon
|rule|OHKO Clause: OHKO moves are banned
|rule|Evasion Moves Clause: Evasion moves are banned
|rule|Endless Battle Clause: Forcing endless battles is banned
|rule|HP Percentage Mod: HP is shown in percentages
|clearpoke
|poke|p1|Grimmsnarl, M|
|poke|p1|Hatterene, F|
|poke|p1|Rotom-Heat|
|poke|p1|Dragapult, F|
|poke|p1|Corviknight, M|
|poke|p1|Ferrothorn, F|
|poke|p2|Cinderace, M|
|poke|p2|Seismitoad, M|
|poke|p2|Corsola-Galar, F|
|poke|p2|Mandibuzz, F|
|poke|p2|Toxtricity-Low-Key, F|
|poke|p2|Aegislash, M|
|rule|Dynamax Clause: You cannot dynamax
|teampreview
|
|start
|switch|p1a: Grimmsnarl|Grimmsnarl, M|100/100
|switch|p2a: Toxtricity|Toxtricity-Low-Key, F|100/100
|-item|p2a: Toxtricity|Choice Scarf|[from] ability: Frisk|[of] p1a: Grimmsnarl|[identify]
|turn|1
|l|☆Ok sorry thanks
|player|p1|
|j|☆Ok sorry thanks
|player|p1|Ok sorry thanks|acetrainer-gen4dp
|inactive|Battle timer is ON: inactive players will automatically lose when time's up. (requested by Mercurei)
|
|switch|p1a: Dragapult|Dragapult, F|100/100
|move|p2a: Toxtricity|Sludge Wave|p1a: Dragapult
|-resisted|p1a: Dragapult
|-damage|p1a: Dragapult|73/100
|
|upkeep
|turn|2
|
|switch|p2a: Mandibuzz|Mandibuzz, F|100/100
|move|p1a: Dragapult|Draco Meteor|p2a: Mandibuzz
|-damage|p2a: Mandibuzz|32/100
|-unboost|p1a: Dragapult|spa|2
|
|-heal|p2a: Mandibuzz|39/100|[from] item: Leftovers
|upkeep
|turn|3
|
|move|p1a: Dragapult|Draco Meteor|p2a: Mandibuzz
|-damage|p2a: Mandibuzz|8/100
|-unboost|p1a: Dragapult|spa|2
|move|p2a: Mandibuzz|Knock Off|p1a: Dragapult
|-supereffective|p1a: Dragapult
|-damage|p1a: Dragapult|4/100
|-enditem|p1a: Dragapult|Choice Specs|[from] move: Knock Off|[of] p2a: Mandibuzz
|
|-heal|p2a: Mandibuzz|14/100|[from] item: Leftovers
|upkeep
|turn|4
|
|move|p1a: Dragapult|Thunderbolt|p2a: Mandibuzz
|-supereffective|p2a: Mandibuzz
|-damage|p2a: Mandibuzz|1/100
|move|p2a: Mandibuzz|Roost|p2a: Mandibuzz
|-heal|p2a: Mandibuzz|51/100
|-singleturn|p2a: Mandibuzz|move: Roost
|
|-heal|p2a: Mandibuzz|57/100|[from] item: Leftovers
|upkeep
|turn|5
|
|switch|p1a: Grimmsnarl|Grimmsnarl, M|100/100
|-item|p2a: Mandibuzz|Leftovers|[from] ability: Frisk|[of] p1a: Grimmsnarl|[identify]
|move|p2a: Mandibuzz|Knock Off|p1a: Grimmsnarl
|-resisted|p1a: Grimmsnarl
|-damage|p1a: Grimmsnarl|90/100
|-enditem|p1a: Grimmsnarl|Assault Vest|[from] move: Knock Off|[of] p2a: Mandibuzz
|
|-heal|p2a: Mandibuzz|63/100|[from] item: Leftovers
|upkeep
|turn|6
|
|switch|p2a: Aegislash|Aegislash, M|100/100
|move|p1a: Grimmsnarl|Spirit Break|p2a: Aegislash
|-resisted|p2a: Aegislash
|-damage|p2a: Aegislash|85/100
|-unboost|p2a: Aegislash|spa|1
|
|-heal|p2a: Aegislash|91/100|[from] item: Leftovers
|upkeep
|turn|7
|
|switch|p1a: Rotom|Rotom-Heat|100/100
|-formechange|p2a: Aegislash|Aegislash-Blade||[from] ability: Stance Change
|move|p2a: Aegislash|Iron Head|p1a: Rotom
|-resisted|p1a: Rotom
|-damage|p1a: Rotom|93/100
|
|-heal|p2a: Aegislash|97/100|[from] item: Leftovers
|upkeep
|turn|8
|
|switch|p2a: Seismitoad|Seismitoad, M|100/100
|move|p1a: Rotom|Will-O-Wisp|p2a: Seismitoad
|-status|p2a: Seismitoad|brn
|
|-damage|p2a: Seismitoad|94/100 brn|[from] brn
|upkeep
|turn|9
|
|switch|p1a: Ferrothorn|Ferrothorn, F|100/100
|switch|p2a: Cinderace|Cinderace, M|100/100
|
|upkeep
|turn|10
|inactive|Ok sorry thanks has 120 seconds left.
|inactive|Ok sorry thanks has 90 seconds left.
|
|switch|p1a: Rotom|Rotom-Heat|93/100
|move|p2a: Cinderace|Pyro Ball|p1a: Rotom
|-resisted|p1a: Rotom
|-damage|p1a: Rotom|58/100
|
|upkeep
|turn|11
|
|move|p2a: Cinderace|Pyro Ball|p1a: Rotom|[miss]
|-miss|p2a: Cinderace|p1a: Rotom
|move|p1a: Rotom|Volt Switch|p2a: Cinderace
|-damage|p2a: Cinderace|70/100
|
|switch|p1a: Grimmsnarl|Grimmsnarl, M|90/100|[from]move: Volt Switch
|-item|p2a: Cinderace|Choice Band|[from] ability: Frisk|[of] p1a: Grimmsnarl|[identify]
|
|upkeep
|turn|12
|
|move|p1a: Grimmsnarl|Sucker Punch|p2a: Cinderace
|-damage|p2a: Cinderace|18/100
|move|p2a: Cinderace|Pyro Ball|p1a: Grimmsnarl
|-damage|p1a: Grimmsnarl|0 fnt
|faint|p1a: Grimmsnarl
|
|upkeep
|
|switch|p1a: Dragapult|Dragapult, F|4/100
|turn|13
|
|move|p1a: Dragapult|Shadow Ball|p2a: Cinderace
|-damage|p2a: Cinderace|0 fnt
|faint|p2a: Cinderace
|
|upkeep
|
|switch|p2a: Aegislash|Aegislash, M|97/100
|turn|14
|
|switch|p1a: Ferrothorn|Ferrothorn, F|100/100
|-formechange|p2a: Aegislash|Aegislash-Blade||[from] ability: Stance Change
|move|p2a: Aegislash|Shadow Sneak|p1a: Ferrothorn
|-damage|p1a: Ferrothorn|86/100
|-damage|p2a: Aegislash|84/100|[from] ability: Iron Barbs|[of] p1a: Ferrothorn
|
|-heal|p2a: Aegislash|90/100|[from] item: Leftovers
|-heal|p1a: Ferrothorn|92/100|[from] item: Leftovers
|upkeep
|turn|15
|
|switch|p2a: Mandibuzz|Mandibuzz, F|63/100
|move|p1a: Ferrothorn|Stealth Rock|p2a: Mandibuzz
|-sidestart|p2: Mercurei|move: Stealth Rock
|
|-heal|p2a: Mandibuzz|70/100|[from] item: Leftovers
|-heal|p1a: Ferrothorn|99/100|[from] item: Leftovers
|upkeep
|turn|16
|
|move|p2a: Mandibuzz|Taunt|p1a: Ferrothorn
|-start|p1a: Ferrothorn|move: Taunt
|cant|p1a: Ferrothorn|move: Taunt|Leech Seed
|
|-heal|p2a: Mandibuzz|76/100|[from] item: Leftovers
|-heal|p1a: Ferrothorn|100/100|[from] item: Leftovers
|upkeep
|turn|17
|
|switch|p1a: Hatterene|Hatterene, F|100/100
|move|p2a: Mandibuzz|Defog|p1a: Hatterene
|move|p1a: Hatterene|Defog|p2a: Mandibuzz|[from]Magic Bounce
|-unboost|p2a: Mandibuzz|evasion|1
|-sideend|p2: Mercurei|Stealth Rock|[from] move: Defog|[of] p1a: Hatterene
|
|-heal|p2a: Mandibuzz|82/100|[from] item: Leftovers
|upkeep
|turn|18
|
|move|p2a: Mandibuzz|Knock Off|p1a: Hatterene
|-damage|p1a: Hatterene|78/100
|-enditem|p1a: Hatterene|Leftovers|[from] move: Knock Off|[of] p2a: Mandibuzz
|move|p1a: Hatterene|Calm Mind|p1a: Hatterene
|-boost|p1a: Hatterene|spa|1
|-boost|p1a: Hatterene|spd|1
|
|-heal|p2a: Mandibuzz|88/100|[from] item: Leftovers
|upkeep
|turn|19
|
|switch|p2a: Corsola|Corsola-Galar, F|100/100
|move|p1a: Hatterene|Mystical Fire|p2a: Corsola
|-damage|p2a: Corsola|81/100
|-unboost|p2a: Corsola|spa|1
|
|upkeep
|turn|20
|
|move|p1a: Hatterene|Calm Mind|p1a: Hatterene
|-boost|p1a: Hatterene|spa|1
|-boost|p1a: Hatterene|spd|1
|move|p2a: Corsola|Haze|p2a: Corsola
|-clearallboost
|
|upkeep
|turn|21
|
|move|p1a: Hatterene|Psychic|p2a: Corsola
|-damage|p2a: Corsola|54/100
|move|p2a: Corsola|Shadow Ball|p1a: Hatterene
|-supereffective|p1a: Hatterene
|-damage|p1a: Hatterene|33/100
|
|upkeep
|turn|22
|
|move|p2a: Corsola|Strength Sap|p1a: Hatterene
|move|p1a: Hatterene|Strength Sap|p2a: Corsola|[from]Magic Bounce
|-unboost|p2a: Corsola|atk|1
|-heal|p1a: Hatterene|65/100
|move|p1a: Hatterene|Draining Kiss|p2a: Corsola
|-damage|p2a: Corsola|39/100
|-heal|p1a: Hatterene|75/100|[from] drain|[of] p2a: Corsola
|
|upkeep
|turn|23
|
|switch|p2a: Aegislash|Aegislash, M|90/100
|move|p1a: Hatterene|Psychic|p2a: Aegislash
|-resisted|p2a: Aegislash
|-damage|p2a: Aegislash|72/100
|
|-heal|p2a: Aegislash|78/100|[from] item: Leftovers
|upkeep
|turn|24
|
|switch|p1a: Rotom|Rotom-Heat|58/100
|-formechange|p2a: Aegislash|Aegislash-Blade||[from] ability: Stance Change
|move|p2a: Aegislash|Iron Head|p1a: Rotom
|-resisted|p1a: Rotom
|-damage|p1a: Rotom|50/100
|
|-heal|p2a: Aegislash|84/100|[from] item: Leftovers
|upkeep
|turn|25
|inactive|Mercurei has 120 seconds left.
|
|switch|p2a: Seismitoad|Seismitoad, M|94/100 brn
|move|p1a: Rotom|Overheat|p2a: Seismitoad
|-resisted|p2a: Seismitoad
|-damage|p2a: Seismitoad|74/100 brn
|-unboost|p1a: Rotom|spa|2
|
|-heal|p2a: Seismitoad|80/100 brn|[from] item: Leftovers
|-damage|p2a: Seismitoad|74/100 brn|[from] brn
|upkeep
|turn|26
|inactive|Mercurei has 120 seconds left.
|
|switch|p1a: Ferrothorn|Ferrothorn, F|100/100
|switch|p2a: Mandibuzz|Mandibuzz, F|88/100
|
|-heal|p2a: Mandibuzz|94/100|[from] item: Leftovers
|upkeep
|turn|27
|
|switch|p1a: Hatterene|Hatterene, F|75/100
|move|p2a: Mandibuzz|Taunt|p1a: Hatterene
|move|p1a: Hatterene|Taunt|p2a: Mandibuzz|[from]Magic Bounce
|-start|p2a: Mandibuzz|move: Taunt
|
|-heal|p2a: Mandibuzz|99/100|[from] item: Leftovers
|upkeep
|turn|28
|inactive|Mercurei has 120 seconds left.
|
|move|p2a: Mandibuzz|Knock Off|p1a: Hatterene
|-damage|p1a: Hatterene|60/100
|move|p1a: Hatterene|Calm Mind|p1a: Hatterene
|-boost|p1a: Hatterene|spa|1
|-boost|p1a: Hatterene|spd|1
|
|-heal|p2a: Mandibuzz|100/100|[from] item: Leftovers
|upkeep
|turn|29
|
|switch|p2a: Corsola|Corsola-Galar, F|39/100
|move|p1a: Hatterene|Draining Kiss|p2a: Corsola
|-damage|p2a: Corsola|17/100
|-heal|p1a: Hatterene|75/100|[from] drain|[of] p2a: Corsola
|
|upkeep
|turn|30
|
|move|p2a: Corsola|Haze|p2a: Corsola
|-clearallboost
|move|p1a: Hatterene|Draining Kiss|p2a: Corsola
|-damage|p2a: Corsola|2/100
|-heal|p1a: Hatterene|85/100|[from] drain|[of] p2a: Corsola
|
|upkeep
|turn|31
|
|move|p1a: Hatterene|Mystical Fire|p2a: Corsola
|-damage|p2a: Corsola|0 fnt
|faint|p2a: Corsola
|
|upkeep
|
|switch|p2a: Aegislash|Aegislash, M|84/100
|turn|32
|
|switch|p1a: Corviknight|Corviknight, M|100/100
|-ability|p1a: Corviknight|Pressure
|-formechange|p2a: Aegislash|Aegislash-Blade||[from] ability: Stance Change
|move|p2a: Aegislash|Iron Head|p1a: Corviknight
|-resisted|p1a: Corviknight
|-damage|p1a: Corviknight|82/100
|
|-heal|p2a: Aegislash|90/100|[from] item: Leftovers
|-heal|p1a: Corviknight|88/100|[from] item: Leftovers
|upkeep
|turn|33
|
|switch|p2a: Toxtricity|Toxtricity-Low-Key, F|100/100
|move|p1a: Corviknight|Brave Bird|p2a: Toxtricity
|-resisted|p2a: Toxtricity
|-damage|p2a: Toxtricity|75/100
|-damage|p1a: Corviknight|82/100|[from] Recoil
|
|-heal|p1a: Corviknight|88/100|[from] item: Leftovers
|upkeep
|turn|34
|
|switch|p1a: Rotom|Rotom-Heat|50/100
|move|p2a: Toxtricity|Volt Switch|p1a: Rotom
|-resisted|p1a: Rotom
|-damage|p1a: Rotom|31/100
|
|switch|p2a: Seismitoad|Seismitoad, M|74/100 brn|[from]move: Volt Switch
|
|-heal|p2a: Seismitoad|80/100 brn|[from] item: Leftovers
|-damage|p2a: Seismitoad|74/100 brn|[from] brn
|upkeep
|turn|35
|
|switch|p1a: Hatterene|Hatterene, F|85/100
|switch|p2a: Mandibuzz|Mandibuzz, F|100/100
|
|upkeep
|turn|36
|
|move|p2a: Mandibuzz|Knock Off|p1a: Hatterene
|-damage|p1a: Hatterene|71/100
|move|p1a: Hatterene|Calm Mind|p1a: Hatterene
|-boost|p1a: Hatterene|spa|1
|-boost|p1a: Hatterene|spd|1
|
|upkeep
|turn|37
|
|switch|p2a: Aegislash|Aegislash, M|90/100
|move|p1a: Hatterene|Mystical Fire|p2a: Aegislash
|-supereffective|p2a: Aegislash
|-damage|p2a: Aegislash|37/100
|-unboost|p2a: Aegislash|spa|1
|
|-heal|p2a: Aegislash|43/100|[from] item: Leftovers
|upkeep
|turn|38
|
|switch|p1a: Corviknight|Corviknight, M|88/100
|-ability|p1a: Corviknight|Pressure
|-formechange|p2a: Aegislash|Aegislash-Blade||[from] ability: Stance Change
|move|p2a: Aegislash|Iron Head|p1a: Corviknight
|-resisted|p1a: Corviknight
|-damage|p1a: Corviknight|72/100
|
|-heal|p2a: Aegislash|49/100|[from] item: Leftovers
|-heal|p1a: Corviknight|78/100|[from] item: Leftovers
|upkeep
|turn|39
|
|-formechange|p2a: Aegislash|Aegislash||[from] ability: Stance Change
|move|p2a: Aegislash|King's Shield|p2a: Aegislash
|-singleturn|p2a: Aegislash|Protect
|move|p1a: Corviknight|Brave Bird|p2a: Aegislash
|-activate|p2a: Aegislash|move: Protect
|-unboost|p1a: Corviknight|atk|1
|
|-heal|p2a: Aegislash|55/100|[from] item: Leftovers
|-heal|p1a: Corviknight|84/100|[from] item: Leftovers
|upkeep
|turn|40
|
|switch|p2a: Toxtricity|Toxtricity-Low-Key, F|75/100
|move|p1a: Corviknight|Taunt|p2a: Toxtricity
|-start|p2a: Toxtricity|move: Taunt
|
|-heal|p1a: Corviknight|90/100|[from] item: Leftovers
|upkeep
|turn|41
|
|switch|p1a: Ferrothorn|Ferrothorn, F|100/100
|move|p2a: Toxtricity|Volt Switch|p1a: Ferrothorn
|-resisted|p1a: Ferrothorn
|-damage|p1a: Ferrothorn|87/100
|
|switch|p2a: Mandibuzz|Mandibuzz, F|100/100|[from]move: Volt Switch
|
|-heal|p1a: Ferrothorn|94/100|[from] item: Leftovers
|upkeep
|turn|42
|
|switch|p2a: Aegislash|Aegislash, M|55/100
|switch|p1a: Hatterene|Hatterene, F|71/100
|
|-heal|p2a: Aegislash|61/100|[from] item: Leftovers
|upkeep
|turn|43
|
|switch|p1a: Ferrothorn|Ferrothorn, F|94/100
|-formechange|p2a: Aegislash|Aegislash-Blade||[from] ability: Stance Change
|move|p2a: Aegislash|Iron Head|p1a: Ferrothorn
|-resisted|p1a: Ferrothorn
|-damage|p1a: Ferrothorn|81/100
|-damage|p2a: Aegislash|49/100|[from] ability: Iron Barbs|[of] p1a: Ferrothorn
|
|-heal|p2a: Aegislash|55/100|[from] item: Leftovers
|-heal|p1a: Ferrothorn|88/100|[from] item: Leftovers
|upkeep
|turn|44
|
|switch|p2a: Mandibuzz|Mandibuzz, F|100/100
|move|p1a: Ferrothorn|Leech Seed|p2a: Mandibuzz
|-start|p2a: Mandibuzz|move: Leech Seed
|
|-heal|p1a: Ferrothorn|94/100|[from] item: Leftovers
|-damage|p2a: Mandibuzz|88/100|[from] Leech Seed|[of] p1a: Ferrothorn
|-heal|p1a: Ferrothorn|100/100|[silent]
|upkeep
|turn|45
|
|switch|p2a: Aegislash|Aegislash, M|55/100
|switch|p1a: Hatterene|Hatterene, F|71/100
|
|-heal|p2a: Aegislash|61/100|[from] item: Leftovers
|upkeep
|turn|46
|
|switch|p1a: Ferrothorn|Ferrothorn, F|100/100
|-formechange|p2a: Aegislash|Aegislash-Blade||[from] ability: Stance Change
|move|p2a: Aegislash|Iron Head|p1a: Ferrothorn
|-resisted|p1a: Ferrothorn
|-damage|p1a: Ferrothorn|87/100
|-damage|p2a: Aegislash|49/100|[from] ability: Iron Barbs|[of] p1a: Ferrothorn
|
|-heal|p2a: Aegislash|55/100|[from] item: Leftovers
|-heal|p1a: Ferrothorn|94/100|[from] item: Leftovers
|upkeep
|turn|47
|
|switch|p2a: Mandibuzz|Mandibuzz, F|88/100
|move|p1a: Ferrothorn|Stealth Rock|p2a: Mandibuzz
|-sidestart|p2: Mercurei|move: Stealth Rock
|
|-heal|p2a: Mandibuzz|94/100|[from] item: Leftovers
|-heal|p1a: Ferrothorn|99/100|[from] item: Leftovers
|upkeep
|turn|48
|
|move|p2a: Mandibuzz|Defog|p1a: Ferrothorn
|-unboost|p1a: Ferrothorn|evasion|1
|-sideend|p2: Mercurei|Stealth Rock|[from] move: Defog|[of] p2a: Mandibuzz
|move|p1a: Ferrothorn|Leech Seed|p2a: Mandibuzz
|-start|p2a: Mandibuzz|move: Leech Seed
|
|-heal|p2a: Mandibuzz|99/100|[from] item: Leftovers
|-heal|p1a: Ferrothorn|100/100|[from] item: Leftovers
|-damage|p2a: Mandibuzz|88/100|[from] Leech Seed|[of] p1a: Ferrothorn
|upkeep
|turn|49
|
|move|p2a: Mandibuzz|Taunt|p1a: Ferrothorn
|-start|p1a: Ferrothorn|move: Taunt
|cant|p1a: Ferrothorn|move: Taunt|Stealth Rock
|
|-heal|p2a: Mandibuzz|94/100|[from] item: Leftovers
|-damage|p2a: Mandibuzz|82/100|[from] Leech Seed|[of] p1a: Ferrothorn
|upkeep
|turn|50
|
|switch|p2a: Aegislash|Aegislash, M|55/100
|move|p1a: Ferrothorn|Body Press|p2a: Aegislash
|-immune|p2a: Aegislash
|
|-heal|p2a: Aegislash|61/100|[from] item: Leftovers
|upkeep
|turn|51
|
|move|p2a: Aegislash|Swords Dance|p2a: Aegislash
|-boost|p2a: Aegislash|atk|2
|move|p1a: Ferrothorn|Power Whip|p2a: Aegislash|[miss]
|-miss|p1a: Ferrothorn|p2a: Aegislash
|
|-heal|p2a: Aegislash|67/100|[from] item: Leftovers
|-end|p1a: Ferrothorn|move: Taunt
|upkeep
|turn|52
|inactive|Mercurei has 120 seconds left.
|
|switch|p2a: Mandibuzz|Mandibuzz, F|82/100
|move|p1a: Ferrothorn|Leech Seed|p2a: Mandibuzz
|-start|p2a: Mandibuzz|move: Leech Seed
|
|-heal|p2a: Mandibuzz|88/100|[from] item: Leftovers
|-damage|p2a: Mandibuzz|75/100|[from] Leech Seed|[of] p1a: Ferrothorn
|upkeep
|turn|53
|inactive|Mercurei has 120 seconds left.
|
|move|p2a: Mandibuzz|Knock Off|p1a: Ferrothorn
|-damage|p1a: Ferrothorn|83/100
|-damage|p2a: Mandibuzz|63/100|[from] ability: Iron Barbs|[of] p1a: Ferrothorn
|-enditem|p1a: Ferrothorn|Leftovers|[from] move: Knock Off|[of] p2a: Mandibuzz
|move|p1a: Ferrothorn|Stealth Rock|p2a: Mandibuzz
|-sidestart|p2: Mercurei|move: Stealth Rock
|
|-heal|p2a: Mandibuzz|69/100|[from] item: Leftovers
|-damage|p2a: Mandibuzz|57/100|[from] Leech Seed|[of] p1a: Ferrothorn
|-heal|p1a: Ferrothorn|97/100|[silent]
|upkeep
|turn|54
|inactive|Mercurei has 120 seconds left.
|
|move|p2a: Mandibuzz|Defog|p1a: Ferrothorn
|-unboost|p1a: Ferrothorn|evasion|1
|-sideend|p2: Mercurei|Stealth Rock|[from] move: Defog|[of] p2a: Mandibuzz
|move|p1a: Ferrothorn|Stealth Rock|p2a: Mandibuzz
|-sidestart|p2: Mercurei|move: Stealth Rock
|
|-heal|p2a: Mandibuzz|63/100|[from] item: Leftovers
|-damage|p2a: Mandibuzz|50/100|[from] Leech Seed|[of] p1a: Ferrothorn
|-heal|p1a: Ferrothorn|100/100|[silent]
|upkeep
|turn|55
|inactive|Mercurei has 120 seconds left.
|
|move|p2a: Mandibuzz|Roost|p2a: Mandibuzz
|-heal|p2a: Mandibuzz|100/100
|-singleturn|p2a: Mandibuzz|move: Roost
|move|p1a: Ferrothorn|Stealth Rock||[still]
|-fail|p1a: Ferrothorn
|
|-damage|p2a: Mandibuzz|88/100|[from] Leech Seed|[of] p1a: Ferrothorn
|upkeep
|turn|56
|inactive|Mercurei has 120 seconds left.
|
|move|p2a: Mandibuzz|Defog|p1a: Ferrothorn
|-unboost|p1a: Ferrothorn|evasion|1
|-sideend|p2: Mercurei|Stealth Rock|[from] move: Defog|[of] p2a: Mandibuzz
|move|p1a: Ferrothorn|Stealth Rock|p2a: Mandibuzz
|-sidestart|p2: Mercurei|move: Stealth Rock
|
|-heal|p2a: Mandibuzz|94/100|[from] item: Leftovers
|-damage|p2a: Mandibuzz|82/100|[from] Leech Seed|[of] p1a: Ferrothorn
|upkeep
|turn|57
|inactive|Mercurei has 120 seconds left.
|
|move|p2a: Mandibuzz|Defog|p1a: Ferrothorn
|-unboost|p1a: Ferrothorn|evasion|1
|-sideend|p2: Mercurei|Stealth Rock|[from] move: Defog|[of] p2a: Mandibuzz
|move|p1a: Ferrothorn|Stealth Rock|p2a: Mandibuzz
|-sidestart|p2: Mercurei|move: Stealth Rock
|
|-heal|p2a: Mandibuzz|88/100|[from] item: Leftovers
|-damage|p2a: Mandibuzz|76/100|[from] Leech Seed|[of] p1a: Ferrothorn
|upkeep
|turn|58
|
|switch|p1a: Rotom|Rotom-Heat|31/100
|move|p2a: Mandibuzz|Defog|p1a: Rotom
|-unboost|p1a: Rotom|evasion|1
|-sideend|p2: Mercurei|Stealth Rock|[from] move: Defog|[of] p2a: Mandibuzz
|
|-heal|p2a: Mandibuzz|82/100|[from] item: Leftovers
|-damage|p2a: Mandibuzz|69/100|[from] Leech Seed|[of] p1a: Rotom
|-heal|p1a: Rotom|48/100|[silent]
|upkeep
|turn|59
|
|switch|p2a: Seismitoad|Seismitoad, M|74/100 brn
|move|p1a: Rotom|Overheat|p2a: Seismitoad
|-resisted|p2a: Seismitoad
|-damage|p2a: Seismitoad|52/100 brn
|-unboost|p1a: Rotom|spa|2
|
|-heal|p2a: Seismitoad|58/100 brn|[from] item: Leftovers
|-damage|p2a: Seismitoad|52/100 brn|[from] brn
|upkeep
|turn|60
|inactive|Mercurei has 120 seconds left.
|
|switch|p1a: Ferrothorn|Ferrothorn, F|100/100
|move|p2a: Seismitoad|Stealth Rock|p1a: Ferrothorn
|-sidestart|p1: Ok sorry thanks|move: Stealth Rock
|
|-heal|p2a: Seismitoad|58/100 brn|[from] item: Leftovers
|-damage|p2a: Seismitoad|52/100 brn|[from] brn
|upkeep
|turn|61
|
|move|p2a: Seismitoad|Earthquake|p1a: Ferrothorn
|-damage|p1a: Ferrothorn|89/100
|move|p1a: Ferrothorn|Leech Seed|p2a: Seismitoad
|-start|p2a: Seismitoad|move: Leech Seed
|
|-heal|p2a: Seismitoad|58/100 brn|[from] item: Leftovers
|-damage|p2a: Seismitoad|46/100 brn|[from] Leech Seed|[of] p1a: Ferrothorn
|-heal|p1a: Ferrothorn|100/100|[silent]
|-damage|p2a: Seismitoad|39/100 brn|[from] brn
|upkeep
|turn|62
|
|switch|p2a: Mandibuzz|Mandibuzz, F|69/100
|move|p1a: Ferrothorn|Stealth Rock|p2a: Mandibuzz
|-sidestart|p2: Mercurei|move: Stealth Rock
|
|-heal|p2a: Mandibuzz|75/100|[from] item: Leftovers
|upkeep
|turn|63
|
|move|p2a: Mandibuzz|Taunt|p1a: Ferrothorn
|-start|p1a: Ferrothorn|move: Taunt
|cant|p1a: Ferrothorn|move: Taunt|Leech Seed
|
|-heal|p2a: Mandibuzz|81/100|[from] item: Leftovers
|upkeep
|turn|64
|inactive|Mercurei has 120 seconds left.
|
|switch|p1a: Rotom|Rotom-Heat|48/100
|move|p2a: Mandibuzz|Defog|p1a: Rotom
|-unboost|p1a: Rotom|evasion|1
|-sideend|p1: Ok sorry thanks|Stealth Rock|[from] move: Defog|[of] p2a: Mandibuzz
|-sideend|p2: Mercurei|Stealth Rock|[from] move: Defog|[of] p2a: Mandibuzz
|
|-heal|p2a: Mandibuzz|87/100|[from] item: Leftovers
|upkeep
|turn|65
|inactive|Mercurei has 120 seconds left.
|
|switch|p2a: Seismitoad|Seismitoad, M|39/100 brn
|move|p1a: Rotom|Overheat|p2a: Seismitoad
|-resisted|p2a: Seismitoad
|-damage|p2a: Seismitoad|16/100 brn
|-unboost|p1a: Rotom|spa|2
|
|-heal|p2a: Seismitoad|22/100 brn|[from] item: Leftovers
|-damage|p2a: Seismitoad|16/100 brn|[from] brn
|upkeep
|turn|66
|inactive|Mercurei has 120 seconds left.
|
|switch|p1a: Hatterene|Hatterene, F|71/100
|switch|p2a: Mandibuzz|Mandibuzz, F|87/100
|
|-heal|p2a: Mandibuzz|93/100|[from] item: Leftovers
|upkeep
|turn|67
|inactive|Mercurei has 120 seconds left.
|
|move|p2a: Mandibuzz|Knock Off|p1a: Hatterene
|-damage|p1a: Hatterene|55/100
|move|p1a: Hatterene|Mystical Fire|p2a: Mandibuzz
|-damage|p2a: Mandibuzz|75/100
|-unboost|p2a: Mandibuzz|spa|1
|
|-heal|p2a: Mandibuzz|81/100|[from] item: Leftovers
|upkeep
|turn|68
|
|switch|p2a: Toxtricity|Toxtricity-Low-Key, F|75/100
|move|p1a: Hatterene|Draining Kiss|p2a: Toxtricity
|-resisted|p2a: Toxtricity
|-damage|p2a: Toxtricity|57/100
|-heal|p1a: Hatterene|68/100|[from] drain|[of] p2a: Toxtricity
|
|upkeep
|turn|69
|
|switch|p1a: Corviknight|Corviknight, M|90/100
|-ability|p1a: Corviknight|Pressure
|move|p2a: Toxtricity|Sludge Wave|p1a: Corviknight
|-immune|p1a: Corviknight
|
|-heal|p1a: Corviknight|97/100|[from] item: Leftovers
|upkeep
|turn|70
|
|switch|p2a: Mandibuzz|Mandibuzz, F|81/100
|move|p1a: Corviknight|Brave Bird|p2a: Mandibuzz
|-damage|p2a: Mandibuzz|54/100
|-damage|p1a: Corviknight|88/100|[from] Recoil
|
|-heal|p2a: Mandibuzz|60/100|[from] item: Leftovers
|-heal|p1a: Corviknight|94/100|[from] item: Leftovers
|upkeep
|turn|71
|
|switch|p1a: Ferrothorn|Ferrothorn, F|100/100
|move|p2a: Mandibuzz|Roost|p2a: Mandibuzz
|-heal|p2a: Mandibuzz|100/100
|-singleturn|p2a: Mandibuzz|move: Roost
|
|upkeep
|turn|72
|
|move|p2a: Mandibuzz|Taunt|p1a: Ferrothorn
|-start|p1a: Ferrothorn|move: Taunt
|cant|p1a: Ferrothorn|move: Taunt|Leech Seed
|
|upkeep
|turn|73
|
|switch|p2a: Toxtricity|Toxtricity-Low-Key, F|57/100
|switch|p1a: Hatterene|Hatterene, F|68/100
|
|upkeep
|turn|74
|inactive|Mercurei has 120 seconds left.
|
|switch|p1a: Rotom|Rotom-Heat|48/100
|move|p2a: Toxtricity|Volt Switch|p1a: Rotom
|-resisted|p1a: Rotom
|-crit|p1a: Rotom
|-damage|p1a: Rotom|20/100
|inactive|Mercurei has 120 seconds left.
|
|switch|p2a: Aegislash|Aegislash, M|67/100|[from]move: Volt Switch
|
|-heal|p2a: Aegislash|73/100|[from] item: Leftovers
|upkeep
|turn|75
|inactive|Mercurei has 120 seconds left.
|
|switch|p1a: Ferrothorn|Ferrothorn, F|100/100
|-formechange|p2a: Aegislash|Aegislash-Blade||[from] ability: Stance Change
|move|p2a: Aegislash|Shadow Sneak|p1a: Ferrothorn
|-damage|p1a: Ferrothorn|88/100
|-damage|p2a: Aegislash|60/100|[from] ability: Iron Barbs|[of] p1a: Ferrothorn
|
|-heal|p2a: Aegislash|66/100|[from] item: Leftovers
|upkeep
|turn|76
|inactive|Mercurei has 120 seconds left.
|c|☆Ok sorry thanks|So intense
|c|☆Ok sorry thanks|Wp btw
|
|switch|p2a: Seismitoad|Seismitoad, M|16/100 brn
|move|p1a: Ferrothorn|Leech Seed|p2a: Seismitoad
|-start|p2a: Seismitoad|move: Leech Seed
|
|-heal|p2a: Seismitoad|22/100 brn|[from] item: Leftovers
|-damage|p2a: Seismitoad|10/100 brn|[from] Leech Seed|[of] p1a: Ferrothorn
|-heal|p1a: Ferrothorn|100/100|[silent]
|-damage|p2a: Seismitoad|4/100 brn|[from] brn
|upkeep
|turn|77
|
|move|p2a: Seismitoad|Earthquake|p1a: Ferrothorn
|-damage|p1a: Ferrothorn|89/100
|move|p1a: Ferrothorn|Stealth Rock|p2a: Seismitoad
|-sidestart|p2: Mercurei|move: Stealth Rock
|
|-heal|p2a: Seismitoad|10/100 brn|[from] item: Leftovers
|-damage|p2a: Seismitoad|0 fnt|[from] Leech Seed|[of] p1a: Ferrothorn
|-heal|p1a: Ferrothorn|99/100|[silent]
|faint|p2a: Seismitoad
|upkeep
|
|switch|p2a: Mandibuzz|Mandibuzz, F|100/100
|-damage|p2a: Mandibuzz|76/100|[from] Stealth Rock
|turn|78
|
|switch|p1a: Rotom|Rotom-Heat|20/100
|move|p2a: Mandibuzz|Taunt|p1a: Rotom
|-start|p1a: Rotom|move: Taunt
|
|-heal|p2a: Mandibuzz|82/100|[from] item: Leftovers
|upkeep
|turn|79
|
|move|p1a: Rotom|Discharge|p2a: Mandibuzz
|-supereffective|p2a: Mandibuzz
|-damage|p2a: Mandibuzz|35/100
|-status|p2a: Mandibuzz|par
|move|p2a: Mandibuzz|Knock Off|p1a: Rotom
|-damage|p1a: Rotom|0 fnt
|-enditem|p1a: Rotom|Heavy-Duty Boots|[from] move: Knock Off|[of] p2a: Mandibuzz
|faint|p1a: Rotom
|
|-heal|p2a: Mandibuzz|41/100 par|[from] item: Leftovers
|upkeep
|
|switch|p1a: Dragapult|Dragapult, F|4/100
|turn|80
|
|move|p1a: Dragapult|Thunderbolt|p2a: Mandibuzz
|-supereffective|p2a: Mandibuzz
|-damage|p2a: Mandibuzz|4/100 par
|move|p2a: Mandibuzz|Roost|p2a: Mandibuzz
|-heal|p2a: Mandibuzz|54/100 par
|-singleturn|p2a: Mandibuzz|move: Roost
|
|-heal|p2a: Mandibuzz|60/100 par|[from] item: Leftovers
|upkeep
|turn|81
|
|switch|p1a: Hatterene|Hatterene, F|68/100
|move|p2a: Mandibuzz|Knock Off|p1a: Hatterene
|-damage|p1a: Hatterene|53/100
|
|-heal|p2a: Mandibuzz|66/100 par|[from] item: Leftovers
|upkeep
|turn|82
|
|move|p2a: Mandibuzz|Defog|p1a: Hatterene
|move|p1a: Hatterene|Defog|p2a: Mandibuzz|[from]Magic Bounce
|-unboost|p2a: Mandibuzz|evasion|1
|-sideend|p2: Mercurei|Stealth Rock|[from] move: Defog|[of] p1a: Hatterene
|move|p1a: Hatterene|Draining Kiss|p2a: Mandibuzz
|-supereffective|p2a: Mandibuzz
|-damage|p2a: Mandibuzz|33/100 par
|-heal|p1a: Hatterene|84/100|[from] drain|[of] p2a: Mandibuzz
|
|-heal|p2a: Mandibuzz|39/100 par|[from] item: Leftovers
|upkeep
|turn|83
|
|cant|p2a: Mandibuzz|par
|move|p1a: Hatterene|Mystical Fire|p2a: Mandibuzz
|-damage|p2a: Mandibuzz|20/100 par
|-unboost|p2a: Mandibuzz|spa|1
|
|-heal|p2a: Mandibuzz|26/100 par|[from] item: Leftovers
|upkeep
|turn|84
|
|move|p1a: Hatterene|Draining Kiss|p2a: Mandibuzz
|-supereffective|p2a: Mandibuzz
|-damage|p2a: Mandibuzz|0 fnt
|-heal|p1a: Hatterene|100/100|[from] drain|[of] p2a: Mandibuzz
|faint|p2a: Mandibuzz
|
|upkeep
|
|switch|p2a: Aegislash|Aegislash, M|66/100
|turn|85
|
|switch|p1a: Corviknight|Corviknight, M|94/100
|-ability|p1a: Corviknight|Pressure
|-formechange|p2a: Aegislash|Aegislash-Blade||[from] ability: Stance Change
|move|p2a: Aegislash|Iron Head|p1a: Corviknight
|-resisted|p1a: Corviknight
|-damage|p1a: Corviknight|75/100
|
|-heal|p2a: Aegislash|72/100|[from] item: Leftovers
|-heal|p1a: Corviknight|82/100|[from] item: Leftovers
|upkeep
|turn|86
|
|move|p2a: Aegislash|Swords Dance|p2a: Aegislash
|-boost|p2a: Aegislash|atk|2
|move|p1a: Corviknight|Taunt|p2a: Aegislash
|-start|p2a: Aegislash|move: Taunt
|
|-heal|p2a: Aegislash|78/100|[from] item: Leftovers
|-heal|p1a: Corviknight|88/100|[from] item: Leftovers
|upkeep
|turn|87
|
|move|p2a: Aegislash|Shadow Sneak|p1a: Corviknight
|-damage|p1a: Corviknight|55/100
|move|p1a: Corviknight|Brave Bird|p2a: Aegislash
|-resisted|p2a: Aegislash
|-damage|p2a: Aegislash|48/100
|-damage|p1a: Corviknight|48/100|[from] Recoil
|
|-heal|p2a: Aegislash|54/100|[from] item: Leftovers
|-heal|p1a: Corviknight|54/100|[from] item: Leftovers
|upkeep
|turn|88
|
|move|p2a: Aegislash|Shadow Sneak|p1a: Corviknight
|-damage|p1a: Corviknight|20/100
|move|p1a: Corviknight|Roost|p1a: Corviknight
|-heal|p1a: Corviknight|70/100
|-singleturn|p1a: Corviknight|move: Roost
|
|-heal|p2a: Aegislash|60/100|[from] item: Leftovers
|-heal|p1a: Corviknight|76/100|[from] item: Leftovers
|upkeep
|turn|89
|
|move|p2a: Aegislash|Shadow Sneak|p1a: Corviknight
|-damage|p1a: Corviknight|40/100
|move|p1a: Corviknight|Brave Bird|p2a: Aegislash
|-resisted|p2a: Aegislash
|-damage|p2a: Aegislash|31/100
|-damage|p1a: Corviknight|34/100|[from] Recoil
|
|-heal|p2a: Aegislash|37/100|[from] item: Leftovers
|-heal|p1a: Corviknight|40/100|[from] item: Leftovers
|-end|p2a: Aegislash|move: Taunt
|upkeep
|turn|90
|inactive|Mercurei has 90 seconds left.
|
|switch|p1a: Ferrothorn|Ferrothorn, F|99/100
|move|p2a: Aegislash|Swords Dance|p2a: Aegislash
|-boost|p2a: Aegislash|atk|2
|
|-heal|p2a: Aegislash|43/100|[from] item: Leftovers
|upkeep
|turn|91
|inactive|Mercurei has 90 seconds left.
|
|move|p2a: Aegislash|Shadow Sneak|p1a: Ferrothorn
|-damage|p1a: Ferrothorn|56/100
|-damage|p2a: Aegislash|31/100|[from] ability: Iron Barbs|[of] p1a: Ferrothorn
|move|p1a: Ferrothorn|Leech Seed|p2a: Aegislash
|-start|p2a: Aegislash|move: Leech Seed
|
|-heal|p2a: Aegislash|37/100|[from] item: Leftovers
|-damage|p2a: Aegislash|24/100|[from] Leech Seed|[of] p1a: Ferrothorn
|-heal|p1a: Ferrothorn|66/100|[silent]
|upkeep
|turn|92
|inactive|Mercurei has 90 seconds left.
|
|move|p2a: Aegislash|Shadow Sneak|p1a: Ferrothorn
|-damage|p1a: Ferrothorn|25/100
|-damage|p2a: Aegislash|12/100|[from] ability: Iron Barbs|[of] p1a: Ferrothorn
|move|p1a: Ferrothorn|Power Whip|p2a: Aegislash
|-resisted|p2a: Aegislash
|-damage|p2a: Aegislash|0 fnt
|faint|p2a: Aegislash
|
|upkeep
|
|switch|p2a: Toxtricity|Toxtricity-Low-Key, F|57/100
|turn|93
|c|☆Ok sorry thanks|Gg
|
|move|p2a: Toxtricity|Overdrive|p1a: Ferrothorn
|-resisted|p1a: Ferrothorn
|-damage|p1a: Ferrothorn|7/100
|move|p1a: Ferrothorn|Body Press|p2a: Toxtricity
|-resisted|p2a: Toxtricity
|-damage|p2a: Toxtricity|35/100
|
|upkeep
|turn|94
|
|move|p2a: Toxtricity|Overdrive|p1a: Ferrothorn
|-resisted|p1a: Ferrothorn
|-damage|p1a: Ferrothorn|0 fnt
|faint|p1a: Ferrothorn
|
|upkeep
|
|switch|p1a: Dragapult|Dragapult, F|4/100
|turn|95
|
|move|p1a: Dragapult|Shadow Ball|p2a: Toxtricity
|-damage|p2a: Toxtricity|0 fnt
|faint|p2a: Toxtricity
|
|win|Ok sorry thanks
|l|☆Mercurei
|raw|Ok sorry thanks's rating: 1173 → 1202(+29 for winning)
|raw|Mercurei's rating: 1233 → 1204(-29 for losing)
