|ScrapeTime|2020-01-01-12:34:57
|j|☆soft boys
|j|☆Warlockami
|player|p1|soft boys|pokekid|1101
|player|p2|Warlockami|102|1138
|teamsize|p1|6
|teamsize|p2|6
|gametype|singles
|gen|8
|tier|[Gen 8] OU
|rated|
|rule|Sleep Clause Mod: Limit one foe put to sleep
|rule|Species Clause: Limit one of each Pokémon
|rule|OHKO Clause: OHKO moves are banned
|rule|Evasion Moves Clause: Evasion moves are banned
|rule|Endless Battle Clause: Forcing endless battles is banned
|rule|HP Percentage Mod: HP is shown in percentages
|clearpoke
|poke|p1|Pincurchin, M|
|poke|p1|Snom, M|
|poke|p1|Pyukumuku, F|
|poke|p1|Corsola-Galar, M|
|poke|p1|Hitmontop, M|
|poke|p1|Slurpuff, F|
|poke|p2|Cloyster, M|
|poke|p2|Ferrothorn, F|
|poke|p2|Snorlax, M|
|poke|p2|Toxtricity, M|
|poke|p2|Malamar, M|
|poke|p2|Dragapult, F|
|rule|Dynamax Clause: You cannot dynamax
|teampreview
|inactive|Battle timer is ON: inactive players will automatically lose when time's up. (requested by Warlockami)
|
|start
|switch|p1a: Corsola|Corsola-Galar, M|100/100
|switch|p2a: Malamar|Malamar, M|100/100
|turn|1
|
|move|p2a: Malamar|Night Slash|p1a: Corsola
|-supereffective|p1a: Corsola
|-damage|p1a: Corsola|57/100
|move|p1a: Corsola|Will-O-Wisp|p2a: Malamar
|-status|p2a: Malamar|brn
|
|-damage|p2a: Malamar|94/100 brn|[from] brn
|upkeep
|turn|2
|
|move|p2a: Malamar|Night Slash|p1a: Corsola
|-supereffective|p1a: Corsola
|-damage|p1a: Corsola|37/100
|move|p1a: Corsola|Strength Sap|p2a: Malamar
|-boost|p2a: Malamar|atk|1
|-heal|p1a: Corsola|100/100
|
|-damage|p2a: Malamar|88/100 brn|[from] brn
|upkeep
|turn|3
|
|move|p2a: Malamar|Night Slash|p1a: Corsola
|-supereffective|p1a: Corsola
|-damage|p1a: Corsola|70/100
|move|p1a: Corsola|Stealth Rock|p2a: Malamar
|-sidestart|p2: Warlockami|move: Stealth Rock
|
|-damage|p2a: Malamar|82/100 brn|[from] brn
|upkeep
|turn|4
|
|move|p2a: Malamar|Night Slash|p1a: Corsola
|-supereffective|p1a: Corsola
|-damage|p1a: Corsola|38/100
|move|p1a: Corsola|Night Shade|p2a: Malamar
|-damage|p2a: Malamar|50/100 brn
|
|-damage|p2a: Malamar|44/100 brn|[from] brn
|upkeep
|turn|5
|
|switch|p1a: Pyukumuku|Pyukumuku, F|100/100
|move|p2a: Malamar|Night Slash|p1a: Pyukumuku
|-crit|p1a: Pyukumuku
|-damage|p1a: Pyukumuku|85/100
|
|-heal|p1a: Pyukumuku|91/100|[from] item: Leftovers
|-damage|p2a: Malamar|38/100 brn|[from] brn
|upkeep
|turn|6
|
|move|p2a: Malamar|Superpower|p1a: Pyukumuku
|-damage|p1a: Pyukumuku|81/100
|-boost|p2a: Malamar|atk|1
|-boost|p2a: Malamar|def|1
|move|p1a: Pyukumuku|Soak|p2a: Malamar
|-start|p2a: Malamar|typechange|Water
|
|-heal|p1a: Pyukumuku|87/100|[from] item: Leftovers
|-damage|p2a: Malamar|32/100 brn|[from] brn
|upkeep
|turn|7
|
|move|p1a: Pyukumuku|Protect|p1a: Pyukumuku
|-singleturn|p1a: Pyukumuku|Protect
|move|p2a: Malamar|Superpower|p1a: Pyukumuku
|-activate|p1a: Pyukumuku|move: Protect
|
|-heal|p1a: Pyukumuku|93/100|[from] item: Leftovers
|-damage|p2a: Malamar|26/100 brn|[from] brn
|upkeep
|turn|8
|
|move|p2a: Malamar|Superpower|p1a: Pyukumuku
|-damage|p1a: Pyukumuku|82/100
|-boost|p2a: Malamar|atk|1
|-boost|p2a: Malamar|def|1
|move|p1a: Pyukumuku|Recover|p1a: Pyukumuku
|-heal|p1a: Pyukumuku|100/100
|
|-damage|p2a: Malamar|20/100 brn|[from] brn
|upkeep
|turn|9
|
|move|p1a: Pyukumuku|Protect|p1a: Pyukumuku
|-singleturn|p1a: Pyukumuku|Protect
|move|p2a: Malamar|Superpower|p1a: Pyukumuku
|-activate|p1a: Pyukumuku|move: Protect
|
|-damage|p2a: Malamar|14/100 brn|[from] brn
|upkeep
|turn|10
|
|move|p2a: Malamar|Superpower|p1a: Pyukumuku
|-damage|p1a: Pyukumuku|90/100
|-boost|p2a: Malamar|atk|1
|-boost|p2a: Malamar|def|1
|move|p1a: Pyukumuku|Toxic||[still]
|-fail|p1a: Pyukumuku
|
|-heal|p1a: Pyukumuku|96/100|[from] item: Leftovers
|-damage|p2a: Malamar|8/100 brn|[from] brn
|upkeep
|turn|11
|
|move|p2a: Malamar|Superpower|p1a: Pyukumuku
|-damage|p1a: Pyukumuku|85/100
|-boost|p2a: Malamar|atk|1
|-boost|p2a: Malamar|def|1
|move|p1a: Pyukumuku|Toxic||[still]
|-fail|p1a: Pyukumuku
|
|-heal|p1a: Pyukumuku|91/100|[from] item: Leftovers
|-damage|p2a: Malamar|2/100 brn|[from] brn
|upkeep
|turn|12
|
|move|p1a: Pyukumuku|Protect|p1a: Pyukumuku
|-singleturn|p1a: Pyukumuku|Protect
|move|p2a: Malamar|Superpower|p1a: Pyukumuku
|-activate|p1a: Pyukumuku|move: Protect
|
|-heal|p1a: Pyukumuku|97/100|[from] item: Leftovers
|-damage|p2a: Malamar|0 fnt|[from] brn
|faint|p2a: Malamar
|upkeep
|
|switch|p2a: Ferrothorn|Ferrothorn, F|100/100
|-damage|p2a: Ferrothorn|95/100|[from] Stealth Rock
|turn|13
|
|move|p2a: Ferrothorn|Knock Off|p1a: Pyukumuku
|-damage|p1a: Pyukumuku|84/100
|-enditem|p1a: Pyukumuku|Leftovers|[from] move: Knock Off|[of] p2a: Ferrothorn
|move|p1a: Pyukumuku|Soak|p2a: Ferrothorn
|-start|p2a: Ferrothorn|typechange|Water
|
|upkeep
|turn|14
|
|move|p2a: Ferrothorn|Thunder Wave|p1a: Pyukumuku
|-status|p1a: Pyukumuku|par
|move|p1a: Pyukumuku|Toxic|p2a: Ferrothorn
|-status|p2a: Ferrothorn|tox
|
|-damage|p2a: Ferrothorn|89/100 tox|[from] psn
|upkeep
|turn|15
|
|move|p1a: Pyukumuku|Protect|p1a: Pyukumuku
|-singleturn|p1a: Pyukumuku|Protect
|move|p2a: Ferrothorn|Stealth Rock|p1a: Pyukumuku
|-sidestart|p1: soft boys|move: Stealth Rock
|
|-damage|p2a: Ferrothorn|77/100 tox|[from] psn
|upkeep
|turn|16
|
|switch|p1a: Slurpuff|Slurpuff, F|100/100
|-damage|p1a: Slurpuff|88/100|[from] Stealth Rock
|move|p2a: Ferrothorn|Spikes|p1a: Slurpuff
|-sidestart|p1: soft boys|Spikes
|
|-damage|p2a: Ferrothorn|59/100 tox|[from] psn
|upkeep
|turn|17
|
|move|p1a: Slurpuff|Substitute|p1a: Slurpuff
|-start|p1a: Slurpuff|Substitute
|-damage|p1a: Slurpuff|63/100
|move|p2a: Ferrothorn|Thunder Wave||[still]
|-fail|p2a: Ferrothorn
|
|-damage|p2a: Ferrothorn|35/100 tox|[from] psn
|upkeep
|turn|18
|l|☆soft boys
|inactive|soft boys disconnected and has a minute to reconnect!
|player|p1|
|j|☆soft boys
|inactive|soft boys reconnected and has 115 seconds left.
|player|p1|soft boys|pokekid
|
|move|p1a: Slurpuff|Calm Mind|p1a: Slurpuff
|-boost|p1a: Slurpuff|spa|1
|-boost|p1a: Slurpuff|spd|1
|move|p2a: Ferrothorn|Knock Off|p1a: Slurpuff
|-resisted|p1a: Slurpuff
|-activate|p1a: Slurpuff|move: Substitute|[damage]
|
|-damage|p2a: Ferrothorn|5/100 tox|[from] psn
|upkeep
|turn|19
|inactive|Warlockami has 120 seconds left.
|
|move|p1a: Slurpuff|Calm Mind|p1a: Slurpuff
|-boost|p1a: Slurpuff|spa|1
|-boost|p1a: Slurpuff|spd|1
|move|p2a: Ferrothorn|Knock Off|p1a: Slurpuff
|-resisted|p1a: Slurpuff
|-end|p1a: Slurpuff|Substitute
|
|-damage|p2a: Ferrothorn|0 fnt|[from] psn
|faint|p2a: Ferrothorn
|upkeep
|
|switch|p2a: Snorlax|Snorlax, M|100/100
|-damage|p2a: Snorlax|88/100|[from] Stealth Rock
|turn|20
|inactive|soft boys has 120 seconds left.
|
|move|p1a: Slurpuff|Dazzling Gleam|p2a: Snorlax
|-damage|p2a: Snorlax|46/100
|move|p2a: Snorlax|Body Slam|p1a: Slurpuff
|-damage|p1a: Slurpuff|6/100
|-enditem|p1a: Slurpuff|Sitrus Berry|[eat]
|-heal|p1a: Slurpuff|31/100|[from] item: Sitrus Berry
|
|-heal|p2a: Snorlax|52/100|[from] item: Leftovers
|upkeep
|turn|21
|inactive|Warlockami has 120 seconds left.
|inactive|soft boys has 120 seconds left.
|
|move|p1a: Slurpuff|Dazzling Gleam|p2a: Snorlax
|-damage|p2a: Snorlax|9/100
|move|p2a: Snorlax|Body Slam|p1a: Slurpuff
|-damage|p1a: Slurpuff|0 fnt
|faint|p1a: Slurpuff
|
|-heal|p2a: Snorlax|15/100|[from] item: Leftovers
|upkeep
|
|switch|p1a: Corsola|Corsola-Galar, M|38/100
|-damage|p1a: Corsola|26/100|[from] Spikes
|-damage|p1a: Corsola|13/100|[from] Stealth Rock
|turn|22
|
|move|p2a: Snorlax|Rest|p2a: Snorlax
|-status|p2a: Snorlax|slp|[from] move: Rest
|-heal|p2a: Snorlax|100/100 slp|[silent]
|move|p1a: Corsola|Strength Sap|p2a: Snorlax
|-unboost|p2a: Snorlax|atk|1
|-heal|p1a: Corsola|100/100
|
|upkeep
|turn|23
|
|switch|p2a: Toxtricity|Toxtricity, M|100/100
|-damage|p2a: Toxtricity|88/100|[from] Stealth Rock
|switch|p1a: Hitmontop|Hitmontop, M|100/100
|-damage|p1a: Hitmontop|94/100|[from] Stealth Rock
|-damage|p1a: Hitmontop|82/100|[from] Spikes
|
|upkeep
|turn|24
|
|move|p2a: Toxtricity|Boomburst|p1a: Hitmontop
|-damage|p1a: Hitmontop|35/100
|move|p1a: Hitmontop|Rapid Spin|p2a: Toxtricity
|-damage|p2a: Toxtricity|56/100
|-sideend|p1: soft boys|Spikes|[from] move: Rapid Spin|[of] p1a: Hitmontop
|-sideend|p1: soft boys|Stealth Rock|[from] move: Rapid Spin|[of] p1a: Hitmontop
|-boost|p1a: Hitmontop|spe|1
|
|upkeep
|turn|25
|
|switch|p1a: Corsola|Corsola-Galar, M|100/100
|move|p2a: Toxtricity|Snarl|p1a: Corsola
|-supereffective|p1a: Corsola
|-damage|p1a: Corsola|74/100
|-start|p2a: Toxtricity|Disable|Snarl|[from] ability: Cursed Body|[of] p1a: Corsola
|-unboost|p1a: Corsola|spa|1
|
|upkeep
|turn|26
|
|move|p2a: Toxtricity|Overdrive|p1a: Corsola
|-damage|p1a: Corsola|44/100
|move|p1a: Corsola|Night Shade|p2a: Toxtricity
|-damage|p2a: Toxtricity|27/100
|
|upkeep
|turn|27
|
|move|p2a: Toxtricity|Overdrive|p1a: Corsola
|-damage|p1a: Corsola|18/100
|move|p1a: Corsola|Strength Sap|p2a: Toxtricity
|-unboost|p2a: Toxtricity|atk|1
|-heal|p1a: Corsola|73/100
|
|upkeep
|turn|28
|
|move|p2a: Toxtricity|Overdrive|p1a: Corsola
|-damage|p1a: Corsola|48/100
|move|p1a: Corsola|Night Shade|p2a: Toxtricity
|-damage|p2a: Toxtricity|0 fnt
|faint|p2a: Toxtricity
|
|upkeep
|-message|Warlockami forfeited.
|
|win|soft boys
|l|☆Warlockami
|raw|soft boys's rating: 1101 → 1125(+24 for winning)
|raw|Warlockami's rating: 1086 → 1064(-22 for losing)
