|ScrapeTime|2020-01-01-13:45:00
|j|☆LuckyZer0
|j|☆Cbr51300
|player|p1|LuckyZer0|richboy-gen4|1082
|player|p2|Cbr51300|169|1078
|teamsize|p1|6
|teamsize|p2|6
|gametype|singles
|gen|8
|tier|[Gen 8] OU
|rated|
|rule|Sleep Clause Mod: Limit one foe put to sleep
|rule|Species Clause: Limit one of each Pokémon
|rule|OHKO Clause: OHKO moves are banned
|rule|Evasion Moves Clause: Evasion moves are banned
|rule|Endless Battle Clause: Forcing endless battles is banned
|rule|HP Percentage Mod: HP is shown in percentages
|clearpoke
|poke|p1|Rotom-Heat|
|poke|p1|Ditto|
|poke|p1|Corsola-Galar, M|
|poke|p1|Shedinja|
|poke|p1|Aegislash, F|
|poke|p1|Mandibuzz, F|
|poke|p2|Hatterene, F|
|poke|p2|Copperajah, F|
|poke|p2|Kommo-o, F|
|poke|p2|Gyarados, M|
|poke|p2|Boltund, F|
|poke|p2|Accelgor, F|
|rule|Dynamax Clause: You cannot dynamax
|teampreview
|
|start
|switch|p1a: Rotom|Rotom-Heat|100/100
|switch|p2a: Accelgor|Accelgor, F, shiny|100/100
|turn|1
|inactive|Battle timer is ON: inactive players will automatically lose when time's up. (requested by LuckyZer0)
|
|move|p1a: Rotom|Volt Switch|p2a: Accelgor
|-damage|p2a: Accelgor|45/100
|
|switch|p1a: Aegislash|Aegislash, F|100/100|[from]move: Volt Switch
|move|p2a: Accelgor|Final Gambit|p1a: Aegislash
|-immune|p1a: Aegislash
|
|upkeep
|turn|2
|
|switch|p2a: Gyarados|Gyarados, M, shiny|100/100
|move|p1a: Aegislash|Swords Dance|p1a: Aegislash
|-boost|p1a: Aegislash|atk|2
|
|upkeep
|turn|3
|
|move|p2a: Gyarados|Dragon Dance|p2a: Gyarados
|-boost|p2a: Gyarados|atk|1
|-boost|p2a: Gyarados|spe|1
|move|p1a: Aegislash|Swords Dance|p1a: Aegislash
|-boost|p1a: Aegislash|atk|2
|
|upkeep
|turn|4
|
|-formechange|p1a: Aegislash|Aegislash-Blade||[from] ability: Stance Change
|move|p1a: Aegislash|Shadow Sneak|p2a: Gyarados
|-damage|p2a: Gyarados|4/100
|move|p2a: Gyarados|Earthquake|p1a: Aegislash
|-supereffective|p1a: Aegislash
|-damage|p1a: Aegislash|0 fnt
|faint|p1a: Aegislash
|-ability|p2a: Gyarados|Moxie|boost
|-boost|p2a: Gyarados|atk|1
|
|-heal|p2a: Gyarados|10/100|[from] item: Leftovers
|upkeep
|
|switch|p1a: Ditto|Ditto|100/100
|-transform|p1a: Ditto|p2a: Gyarados|[from] ability: Imposter
|turn|5
|
|move|p1a: Ditto|Aqua Tail|p2a: Gyarados
|-resisted|p2a: Gyarados
|-damage|p2a: Gyarados|0 fnt
|faint|p2a: Gyarados
|-ability|p1a: Ditto|Moxie|boost
|-boost|p1a: Ditto|atk|1
|
|upkeep
|
|switch|p2a: Boltund|Boltund, F|100/100
|turn|6
|
|move|p1a: Ditto|Aqua Tail|p2a: Boltund
|-damage|p2a: Boltund|0 fnt
|faint|p2a: Boltund
|-ability|p1a: Ditto|Moxie|boost
|-boost|p1a: Ditto|atk|1
|
|upkeep
|c|☆LuckyZer0|..
|
|switch|p2a: Accelgor|Accelgor, F, shiny|45/100
|turn|7
|
|move|p1a: Ditto|Aqua Tail|p2a: Accelgor
|-damage|p2a: Accelgor|0 fnt
|faint|p2a: Accelgor
|-ability|p1a: Ditto|Moxie|boost
|-boost|p1a: Ditto|atk|1
|
|upkeep
|c|☆LuckyZer0|...
|inactive|Cbr51300 has 120 seconds left.
|c|☆Cbr51300|wow had no idea imposter took stats thats a gg
|c|☆LuckyZer0|………………………………………………………..…………………………………….
|c|☆LuckyZer0|hahahaha
|
|switch|p2a: Hatterene|Hatterene, F|100/100
|turn|8
|
|move|p1a: Ditto|Aqua Tail|p2a: Hatterene
|-damage|p2a: Hatterene|0 fnt
|faint|p2a: Hatterene
|-ability|p1a: Ditto|Moxie|boost
|-boost|p1a: Ditto|atk|1
|
|upkeep
|
|switch|p2a: Copperajah|Copperajah, F|100/100
|turn|9
|c|☆LuckyZer0|thanks
|
|move|p1a: Ditto|Aqua Tail|p2a: Copperajah
|-damage|p2a: Copperajah|0 fnt
|faint|p2a: Copperajah
|
|upkeep
|inactive|Cbr51300 has 120 seconds left.
|
|switch|p2a: Kommo-o|Kommo-o, F|100/100
|turn|10
|
|switch|p1a: Shedinja|Shedinja|100/100
|move|p2a: Kommo-o|Close Combat|p1a: Shedinja
|-immune|p1a: Shedinja|[from] ability: Wonder Guard
|
|upkeep
|turn|11
|
|move|p2a: Kommo-o|Ice Punch|p1a: Shedinja
|-immune|p1a: Shedinja|[from] ability: Wonder Guard
|move|p1a: Shedinja|Will-O-Wisp|p2a: Kommo-o
|-status|p2a: Kommo-o|brn
|
|-damage|p2a: Kommo-o|94/100 brn|[from] brn
|upkeep
|turn|12
|
|move|p1a: Shedinja|Shadow Sneak|p2a: Kommo-o
|-damage|p2a: Kommo-o|80/100 brn
|move|p2a: Kommo-o|Poison Jab|p1a: Shedinja
|-immune|p1a: Shedinja|[from] ability: Wonder Guard
|
|-damage|p2a: Kommo-o|73/100 brn|[from] brn
|upkeep
|turn|13
|c|☆Cbr51300|whyyy end my suffering
|c|☆LuckyZer0|gg
|
|move|p1a: Shedinja|Shadow Sneak|p2a: Kommo-o
|-damage|p2a: Kommo-o|58/100 brn
|move|p2a: Kommo-o|Ice Punch|p1a: Shedinja
|-immune|p1a: Shedinja|[from] ability: Wonder Guard
|
|-damage|p2a: Kommo-o|52/100 brn|[from] brn
|upkeep
|turn|14
|c|☆Cbr51300|gg
|c|☆LuckyZer0|gg
|
|move|p1a: Shedinja|Shadow Sneak|p2a: Kommo-o
|-damage|p2a: Kommo-o|37/100 brn
|move|p2a: Kommo-o|Dragon Claw|p1a: Shedinja
|-immune|p1a: Shedinja|[from] ability: Wonder Guard
|
|-damage|p2a: Kommo-o|31/100 brn|[from] brn
|upkeep
|turn|15
|c|☆LuckyZer0|gg
|
|move|p1a: Shedinja|Shadow Sneak|p2a: Kommo-o
|-damage|p2a: Kommo-o|14/100 brn
|move|p2a: Kommo-o|Close Combat|p1a: Shedinja
|-immune|p1a: Shedinja|[from] ability: Wonder Guard
|
|-damage|p2a: Kommo-o|8/100 brn|[from] brn
|upkeep
|turn|16
|
|move|p2a: Kommo-o|Close Combat|p1a: Shedinja
|-immune|p1a: Shedinja|[from] ability: Wonder Guard
|move|p1a: Shedinja|Will-O-Wisp|p2a: Kommo-o
|-fail|p2a: Kommo-o|brn
|
|-damage|p2a: Kommo-o|2/100 brn|[from] brn
|upkeep
|turn|17
|c|☆Cbr51300|ok noww gg
|c|☆LuckyZer0|gg
|c|☆Cbr51300|nope lol
|
|move|p1a: Shedinja|Protect|p1a: Shedinja
|-singleturn|p1a: Shedinja|Protect
|move|p2a: Kommo-o|Dragon Claw|p1a: Shedinja
|-activate|p1a: Shedinja|move: Protect
|
|-damage|p2a: Kommo-o|0 fnt|[from] brn
|faint|p2a: Kommo-o
|
|win|LuckyZer0
|upkeep
|raw|LuckyZer0's rating: 1082 → 1110(+28 for winning)
|raw|Cbr51300's rating: 1078 → 1056(-22 for losing)
|c|☆LuckyZer0|gg
|c|☆Cbr51300|gg
|l|☆Cbr51300
