|ScrapeTime|2020-01-01-16:35:24
|j|☆Sart2
|j|☆Annibal Barca 2
|player|p1|Sart2|156|1128
|player|p2|Annibal Barca 2|3|1157
|teamsize|p1|6
|teamsize|p2|6
|gametype|singles
|gen|8
|tier|[Gen 8] OU
|rated|
|rule|Sleep Clause Mod: Limit one foe put to sleep
|rule|Species Clause: Limit one of each Pokémon
|rule|OHKO Clause: OHKO moves are banned
|rule|Evasion Moves Clause: Evasion moves are banned
|rule|Endless Battle Clause: Forcing endless battles is banned
|rule|HP Percentage Mod: HP is shown in percentages
|clearpoke
|poke|p1|Clefable, F|
|poke|p1|Conkeldurr, F|
|poke|p1|Corviknight, F|
|poke|p1|Hydreigon, F|
|poke|p1|Rotom-Heat|
|poke|p1|Seismitoad, F|
|poke|p2|Togekiss, M|
|poke|p2|Milotic, F|
|poke|p2|Galvantula, F|
|poke|p2|Dragapult, M|
|poke|p2|Snorlax, F|
|poke|p2|Claydol|
|rule|Dynamax Clause: You cannot dynamax
|teampreview
|
|start
|switch|p1a: Seismitoad|Seismitoad, F|100/100
|switch|p2a: Galvantula|Galvantula, F, shiny|100/100
|turn|1
|inactive|Battle timer is ON: inactive players will automatically lose when time's up. (requested by Sart2)
|
|move|p2a: Galvantula|Energy Ball|p1a: Seismitoad
|-supereffective|p1a: Seismitoad
|-damage|p1a: Seismitoad|0 fnt
|faint|p1a: Seismitoad
|
|upkeep
|
|switch|p1a: Rotom|Rotom-Heat|100/100
|turn|2
|
|move|p2a: Galvantula|Sticky Web|p1a: Rotom
|-sidestart|p1: Sart2|move: Sticky Web
|move|p1a: Rotom|Nasty Plot|p1a: Rotom
|-boost|p1a: Rotom|spa|2
|
|upkeep
|turn|3
|
|move|p2a: Galvantula|Thunder|p1a: Rotom
|-resisted|p1a: Rotom
|-damage|p1a: Rotom|73/100
|move|p1a: Rotom|Overheat|p2a: Galvantula
|-supereffective|p2a: Galvantula
|-enditem|p2a: Galvantula|Focus Sash
|-damage|p2a: Galvantula|1/100
|-unboost|p1a: Rotom|spa|2
|
|upkeep
|turn|4
|
|move|p2a: Galvantula|Thunder|p1a: Rotom
|-resisted|p1a: Rotom
|-damage|p1a: Rotom|44/100
|move|p1a: Rotom|Volt Switch|p2a: Galvantula
|-resisted|p2a: Galvantula
|-damage|p2a: Galvantula|0 fnt
|faint|p2a: Galvantula
|
|switch|p1a: Corviknight|Corviknight, F|100/100|[from]move: Volt Switch
|-ability|p1a: Corviknight|Pressure
|
|upkeep
|
|switch|p2a: Togekiss|Togekiss, M|100/100
|turn|5
|
|move|p2a: Togekiss|Fire Blast|p1a: Corviknight
|-supereffective|p1a: Corviknight
|-damage|p1a: Corviknight|7/100
|move|p1a: Corviknight|Defog|p2a: Togekiss
|-unboost|p2a: Togekiss|evasion|1
|-sideend|p1: Sart2|Sticky Web|[from] move: Defog|[of] p1a: Corviknight
|
|-heal|p1a: Corviknight|13/100|[from] item: Leftovers
|upkeep
|turn|6
|
|switch|p1a: Hydreigon|Hydreigon, F|100/100
|move|p2a: Togekiss|Fire Blast|p1a: Hydreigon
|-resisted|p1a: Hydreigon
|-damage|p1a: Hydreigon|68/100
|-status|p1a: Hydreigon|brn
|
|-damage|p1a: Hydreigon|62/100 brn|[from] brn
|upkeep
|turn|7
|
|switch|p2a: Claydol|Claydol|100/100
|move|p1a: Hydreigon|U-turn|p2a: Claydol
|-supereffective|p2a: Claydol
|-damage|p2a: Claydol|87/100
|inactive|Sart2 has 120 seconds left.
|
|switch|p1a: Corviknight|Corviknight, F|13/100|[from]move: U-turn
|-ability|p1a: Corviknight|Pressure
|
|-heal|p2a: Claydol|93/100|[from] item: Leftovers
|-heal|p1a: Corviknight|19/100|[from] item: Leftovers
|upkeep
|turn|8
|
|move|p2a: Claydol|Body Press|p1a: Corviknight
|-damage|p1a: Corviknight|4/100
|move|p1a: Corviknight|U-turn|p2a: Claydol
|-supereffective|p2a: Claydol
|-damage|p2a: Claydol|68/100
|
|switch|p1a: Clefable|Clefable, F|100/100|[from]move: U-turn
|
|-heal|p2a: Claydol|74/100|[from] item: Leftovers
|upkeep
|turn|9
|
|switch|p2a: Milotic|Milotic, F|100/100
|move|p1a: Clefable|Wish|p1a: Clefable
|
|-status|p2a: Milotic|brn|[from] item: Flame Orb
|upkeep
|turn|10
|
|switch|p1a: Hydreigon|Hydreigon, F|62/100 brn
|move|p2a: Milotic|Scald|p1a: Hydreigon
|-resisted|p1a: Hydreigon
|-damage|p1a: Hydreigon|46/100 brn
|
|-heal|p1a: Hydreigon|100/100 brn|[from] move: Wish|[wisher] Clefable
|-damage|p1a: Hydreigon|94/100 brn|[from] brn
|-damage|p2a: Milotic|94/100 brn|[from] brn
|upkeep
|turn|11
|
|move|p1a: Hydreigon|U-turn|p2a: Milotic
|-damage|p2a: Milotic|90/100 brn
|
|switch|p1a: Conkeldurr|Conkeldurr, F|100/100|[from]move: U-turn
|move|p2a: Milotic|Ice Beam|p1a: Conkeldurr
|-damage|p1a: Conkeldurr|75/100
|
|-damage|p2a: Milotic|84/100 brn|[from] brn
|-status|p1a: Conkeldurr|brn|[from] item: Flame Orb
|upkeep
|turn|12
|
|switch|p2a: Claydol|Claydol|74/100
|move|p1a: Conkeldurr|Close Combat|p2a: Claydol
|-resisted|p2a: Claydol
|-damage|p2a: Claydol|30/100
|-unboost|p1a: Conkeldurr|def|1
|-unboost|p1a: Conkeldurr|spd|1
|
|-heal|p2a: Claydol|36/100|[from] item: Leftovers
|-damage|p1a: Conkeldurr|69/100 brn|[from] brn
|upkeep
|turn|13
|
|switch|p1a: Hydreigon|Hydreigon, F|94/100 brn
|move|p2a: Claydol|Stealth Rock|p1a: Hydreigon
|-sidestart|p1: Sart2|move: Stealth Rock
|
|-heal|p2a: Claydol|42/100|[from] item: Leftovers
|-damage|p1a: Hydreigon|88/100 brn|[from] brn
|upkeep
|turn|14
|
|move|p1a: Hydreigon|Dark Pulse|p2a: Claydol
|-supereffective|p2a: Claydol
|-damage|p2a: Claydol|0 fnt
|faint|p2a: Claydol
|
|-damage|p1a: Hydreigon|82/100 brn|[from] brn
|upkeep
|
|switch|p2a: Togekiss|Togekiss, M|100/100
|turn|15
|
|switch|p1a: Corviknight|Corviknight, F|4/100
|-damage|p1a: Corviknight|0 fnt|[from] Stealth Rock
|faint|p1a: Corviknight
|move|p2a: Togekiss|Dazzling Gleam|p1: Corviknight|[notarget]
|-fail|p2a: Togekiss
|
|upkeep
|
|switch|p1a: Clefable|Clefable, F|100/100
|turn|16
|
|switch|p2a: Milotic|Milotic, F|84/100 brn
|move|p1a: Clefable|Thunder Wave|p2a: Milotic|[miss]
|-miss|p1a: Clefable|p2a: Milotic
|
|-damage|p2a: Milotic|78/100 brn|[from] brn
|upkeep
|turn|17
|
|move|p2a: Milotic|Scald|p1a: Clefable
|-damage|p1a: Clefable|78/100
|-status|p1a: Clefable|brn
|move|p1a: Clefable|Wish|p1a: Clefable
|
|-heal|p1a: Clefable|84/100 brn|[from] item: Leftovers
|-damage|p2a: Milotic|72/100 brn|[from] brn
|upkeep
|turn|18
|
|switch|p1a: Conkeldurr|Conkeldurr, F|69/100 brn
|-damage|p1a: Conkeldurr|63/100 brn|[from] Stealth Rock
|move|p2a: Milotic|Recover|p2a: Milotic
|-heal|p2a: Milotic|100/100 brn
|
|-heal|p1a: Conkeldurr|100/100 brn|[from] move: Wish|[wisher] Clefable
|-damage|p2a: Milotic|94/100 brn|[from] brn
|-damage|p1a: Conkeldurr|94/100 brn|[from] brn
|upkeep
|turn|19
|
|move|p2a: Milotic|Scald|p1a: Conkeldurr
|-damage|p1a: Conkeldurr|61/100 brn
|move|p1a: Conkeldurr|Earthquake|p2a: Milotic
|-damage|p2a: Milotic|56/100 brn
|
|-damage|p2a: Milotic|50/100 brn|[from] brn
|-damage|p1a: Conkeldurr|55/100 brn|[from] brn
|upkeep
|turn|20
|
|move|p2a: Milotic|Scald|p1a: Conkeldurr
|-damage|p1a: Conkeldurr|21/100 brn
|move|p1a: Conkeldurr|Drain Punch|p2a: Milotic
|-damage|p2a: Milotic|13/100 brn
|-heal|p1a: Conkeldurr|39/100 brn|[from] drain|[of] p2a: Milotic
|
|-damage|p2a: Milotic|7/100 brn|[from] brn
|-damage|p1a: Conkeldurr|33/100 brn|[from] brn
|upkeep
|turn|21
|
|move|p1a: Conkeldurr|Mach Punch|p2a: Milotic
|-damage|p2a: Milotic|0 fnt
|faint|p2a: Milotic
|
|-damage|p1a: Conkeldurr|27/100 brn|[from] brn
|upkeep
|
|switch|p2a: Dragapult|Dragapult, M|100/100
|turn|22
|
|switch|p1a: Rotom|Rotom-Heat|44/100
|move|p2a: Dragapult|Dragon Darts|p1a: Rotom
|-damage|p1a: Rotom|16/100
|-damage|p1a: Rotom|0 fnt
|-hitcount|p1a: Rotom|2
|faint|p1a: Rotom
|
|upkeep
|
|switch|p1a: Clefable|Clefable, F|84/100 brn
|turn|23
|
|move|p2a: Dragapult|Dragon Dance|p2a: Dragapult
|-boost|p2a: Dragapult|atk|1
|-boost|p2a: Dragapult|spe|1
|move|p1a: Clefable|Wish|p1a: Clefable
|
|-heal|p1a: Clefable|90/100 brn|[from] item: Leftovers
|upkeep
|turn|24
|
|move|p2a: Dragapult|Steel Wing|p1a: Clefable
|-supereffective|p1a: Clefable
|-damage|p1a: Clefable|22/100 brn
|move|p1a: Clefable|Moonblast|p2a: Dragapult
|-supereffective|p2a: Dragapult
|-damage|p2a: Dragapult|21/100
|
|-heal|p1a: Clefable|72/100 brn|[from] move: Wish|[wisher] Clefable
|-heal|p1a: Clefable|78/100 brn|[from] item: Leftovers
|upkeep
|turn|25
|
|move|p2a: Dragapult|Steel Wing|p1a: Clefable
|-supereffective|p1a: Clefable
|-damage|p1a: Clefable|7/100 brn
|move|p1a: Clefable|Thunder Wave|p2a: Dragapult
|-status|p2a: Dragapult|par
|-enditem|p2a: Dragapult|Lum Berry|[eat]
|-curestatus|p2a: Dragapult|par|[msg]
|
|-heal|p1a: Clefable|13/100 brn|[from] item: Leftovers
|upkeep
|turn|26
|
|move|p1a: Clefable|Protect|p1a: Clefable
|-singleturn|p1a: Clefable|Protect
|move|p2a: Dragapult|Steel Wing|p1a: Clefable
|-activate|p1a: Clefable|move: Protect
|
|-heal|p1a: Clefable|19/100 brn|[from] item: Leftovers
|upkeep
|turn|27
|
|move|p2a: Dragapult|Steel Wing|p1a: Clefable
|-supereffective|p1a: Clefable
|-damage|p1a: Clefable|0 fnt
|-boost|p2a: Dragapult|def|1
|faint|p1a: Clefable
|
|upkeep
|
|switch|p1a: Hydreigon|Hydreigon, F|82/100 brn
|-damage|p1a: Hydreigon|70/100 brn|[from] Stealth Rock
|turn|28
|
|move|p2a: Dragapult|Dragon Darts|p1a: Hydreigon
|-supereffective|p1a: Hydreigon
|-damage|p1a: Hydreigon|0 fnt
|-hitcount|p1a: Hydreigon|1
|faint|p1a: Hydreigon
|
|upkeep
|c|☆Sart2|gotta love the low ladder memes
|-message|Sart2 forfeited.
|
|win|Annibal Barca 2
|raw|Sart2's rating: 1128 → 1105(-23 for losing)
|raw|Annibal Barca 2's rating: 1157 → 1180(+23 for winning)
|l|☆Sart2
