|ScrapeTime|2020-01-01-09:05:39
|j|☆perfect imperfect
|j|☆Silly boi
|player|p1|perfect imperfect|102|1343
|player|p2|Silly boi|124|1349
|teamsize|p1|6
|teamsize|p2|6
|gametype|singles
|gen|8
|tier|[Gen 8] OU
|rated|
|rule|Sleep Clause Mod: Limit one foe put to sleep
|rule|Species Clause: Limit one of each Pokémon
|rule|OHKO Clause: OHKO moves are banned
|rule|Evasion Moves Clause: Evasion moves are banned
|rule|Endless Battle Clause: Forcing endless battles is banned
|rule|HP Percentage Mod: HP is shown in percentages
|clearpoke
|poke|p1|Pelipper, F|
|poke|p1|Dracovish|
|poke|p1|Barraskewda, M|
|poke|p1|Ferrothorn, F|
|poke|p1|Grimmsnarl, M|
|poke|p1|Conkeldurr, F|
|poke|p2|Ferrothorn, F|
|poke|p2|Toxapex, M|
|poke|p2|Dracozolt|
|poke|p2|Gengar, M|
|poke|p2|Mandibuzz, F|
|poke|p2|Hydreigon, M|
|rule|Dynamax Clause: You cannot dynamax
|teampreview
|
|start
|switch|p1a: Pelipper|Pelipper, F|100/100
|switch|p2a: Ferrothorn|Ferrothorn, F|100/100
|-weather|RainDance|[from] ability: Drizzle|[of] p1a: Pelipper
|turn|1
|
|switch|p1a: Conkeldurr|Conkeldurr, F|100/100
|move|p2a: Ferrothorn|Stealth Rock|p1a: Conkeldurr
|-sidestart|p1: perfect imperfect|move: Stealth Rock
|
|-weather|RainDance|[upkeep]
|-status|p1a: Conkeldurr|brn|[from] item: Flame Orb
|upkeep
|turn|2
|
|switch|p2a: Toxapex|Toxapex, M|100/100
|move|p1a: Conkeldurr|Defog|p2a: Toxapex
|-unboost|p2a: Toxapex|evasion|1
|-sideend|p1: perfect imperfect|Stealth Rock|[from] move: Defog|[of] p1a: Conkeldurr
|
|-weather|RainDance|[upkeep]
|-damage|p1a: Conkeldurr|94/100 brn|[from] brn
|upkeep
|turn|3
|
|move|p1a: Conkeldurr|Earthquake|p2a: Toxapex
|-supereffective|p2a: Toxapex
|-damage|p2a: Toxapex|19/100
|move|p2a: Toxapex|Scald|p1a: Conkeldurr
|-crit|p1a: Conkeldurr
|-damage|p1a: Conkeldurr|51/100 brn
|
|-weather|RainDance|[upkeep]
|-heal|p2a: Toxapex|25/100|[from] item: Black Sludge
|-damage|p1a: Conkeldurr|45/100 brn|[from] brn
|upkeep
|turn|4
|
|switch|p2a: Mandibuzz|Mandibuzz, F|100/100
|move|p1a: Conkeldurr|Drain Punch|p2a: Mandibuzz
|-damage|p2a: Mandibuzz|61/100
|-heal|p1a: Conkeldurr|66/100 brn|[from] drain|[of] p2a: Mandibuzz
|
|-weather|RainDance|[upkeep]
|-heal|p2a: Mandibuzz|67/100|[from] item: Leftovers
|-damage|p1a: Conkeldurr|60/100 brn|[from] brn
|upkeep
|turn|5
|
|switch|p1a: Dracovish|Dracovish|100/100
|move|p2a: Mandibuzz|Foul Play|p1a: Dracovish
|-crit|p1a: Dracovish
|-damage|p1a: Dracovish|37/100
|
|-weather|RainDance|[upkeep]
|-heal|p2a: Mandibuzz|73/100|[from] item: Leftovers
|upkeep
|turn|6
|
|switch|p2a: Ferrothorn|Ferrothorn, F|100/100
|move|p1a: Dracovish|Fishious Rend|p2a: Ferrothorn
|-resisted|p2a: Ferrothorn
|-damage|p2a: Ferrothorn|30/100
|-damage|p1a: Dracovish|24/100|[from] ability: Iron Barbs|[of] p2a: Ferrothorn
|
|-weather|RainDance|[upkeep]
|-heal|p2a: Ferrothorn|36/100|[from] item: Leftovers
|upkeep
|turn|7
|
|move|p1a: Dracovish|Fishious Rend|p2a: Ferrothorn
|-resisted|p2a: Ferrothorn
|-damage|p2a: Ferrothorn|0 fnt
|-damage|p1a: Dracovish|12/100|[from] ability: Iron Barbs|[of] p2a: Ferrothorn
|faint|p2a: Ferrothorn
|
|-weather|RainDance|[upkeep]
|upkeep
|
|switch|p2a: Hydreigon|Hydreigon, M|100/100
|turn|8
|
|switch|p1a: Grimmsnarl|Grimmsnarl, M|100/100
|move|p2a: Hydreigon|Flash Cannon|p1a: Grimmsnarl
|-supereffective|p1a: Grimmsnarl
|-damage|p1a: Grimmsnarl|38/100
|
|-weather|none
|upkeep
|turn|9
|inactive|Battle timer is ON: inactive players will automatically lose when time's up. (requested by perfect imperfect)
|
|switch|p1a: Ferrothorn|Ferrothorn, F|100/100
|move|p2a: Hydreigon|Flash Cannon|p1a: Ferrothorn
|-resisted|p1a: Ferrothorn
|-damage|p1a: Ferrothorn|89/100
|
|-heal|p1a: Ferrothorn|95/100|[from] item: Leftovers
|upkeep
|turn|10
|
|switch|p2a: Gengar|Gengar, M|100/100
|move|p1a: Ferrothorn|Stealth Rock|p2a: Gengar
|-sidestart|p2: Silly boi|move: Stealth Rock
|
|-heal|p1a: Ferrothorn|100/100|[from] item: Leftovers
|upkeep
|turn|11
|
|move|p2a: Gengar|Nasty Plot|p2a: Gengar
|-boost|p2a: Gengar|spa|2
|move|p1a: Ferrothorn|Knock Off|p2a: Gengar
|-supereffective|p2a: Gengar
|-damage|p2a: Gengar|19/100
|-enditem|p2a: Gengar|Life Orb|[from] move: Knock Off|[of] p1a: Ferrothorn
|
|upkeep
|turn|12
|
|move|p2a: Gengar|Focus Blast|p1a: Ferrothorn
|-supereffective|p1a: Ferrothorn
|-damage|p1a: Ferrothorn|0 fnt
|faint|p1a: Ferrothorn
|
|upkeep
|
|switch|p1a: Barraskewda|Barraskewda, M|100/100
|turn|13
|
|move|p1a: Barraskewda|Psychic Fangs|p2a: Gengar
|-supereffective|p2a: Gengar
|-damage|p2a: Gengar|0 fnt
|faint|p2a: Gengar
|
|upkeep
|
|switch|p2a: Hydreigon|Hydreigon, M|100/100
|-damage|p2a: Hydreigon|88/100|[from] Stealth Rock
|turn|14
|
|switch|p1a: Grimmsnarl|Grimmsnarl, M|38/100
|move|p2a: Hydreigon|Dark Pulse|p1a: Grimmsnarl
|-resisted|p1a: Grimmsnarl
|-damage|p1a: Grimmsnarl|26/100
|
|upkeep
|turn|15
|
|switch|p2a: Dracozolt|Dracozolt|100/100
|-damage|p2a: Dracozolt|88/100|[from] Stealth Rock
|move|p1a: Grimmsnarl|Spirit Break|p2a: Dracozolt
|-supereffective|p2a: Dracozolt
|-damage|p2a: Dracozolt|0 fnt
|faint|p2a: Dracozolt
|
|upkeep
|
|switch|p2a: Hydreigon|Hydreigon, M|88/100
|-damage|p2a: Hydreigon|76/100|[from] Stealth Rock
|turn|16
|
|move|p1a: Grimmsnarl|Light Screen|p1a: Grimmsnarl
|-sidestart|p1: perfect imperfect|move: Light Screen
|move|p2a: Hydreigon|Flash Cannon|p1a: Grimmsnarl
|-supereffective|p1a: Grimmsnarl
|-damage|p1a: Grimmsnarl|0 fnt
|faint|p1a: Grimmsnarl
|
|upkeep
|
|switch|p1a: Pelipper|Pelipper, F|100/100
|-weather|RainDance|[from] ability: Drizzle|[of] p1a: Pelipper
|turn|17
|
|switch|p2a: Mandibuzz|Mandibuzz, F|73/100
|-damage|p2a: Mandibuzz|48/100|[from] Stealth Rock
|move|p1a: Pelipper|U-turn|p2a: Mandibuzz
|-damage|p2a: Mandibuzz|43/100
|
|switch|p1a: Dracovish|Dracovish|12/100|[from]move: U-turn
|
|-weather|RainDance|[upkeep]
|-heal|p2a: Mandibuzz|49/100|[from] item: Leftovers
|upkeep
|turn|18
|
|move|p1a: Dracovish|Fishious Rend|p2a: Mandibuzz
|-damage|p2a: Mandibuzz|0 fnt
|faint|p2a: Mandibuzz
|
|-weather|RainDance|[upkeep]
|upkeep
|
|switch|p2a: Hydreigon|Hydreigon, M|76/100
|-damage|p2a: Hydreigon|64/100|[from] Stealth Rock
|turn|19
|
|switch|p2a: Toxapex|Toxapex, M|58/100
|-damage|p2a: Toxapex|46/100|[from] Stealth Rock
|move|p1a: Dracovish|Fishious Rend|p2a: Toxapex
|-resisted|p2a: Toxapex
|-damage|p2a: Toxapex|0 fnt
|faint|p2a: Toxapex
|
|-weather|RainDance|[upkeep]
|upkeep
|-message|Silly boi forfeited.
|
|win|perfect imperfect
|l|☆Silly boi
