|ScrapeTime|2020-01-01-18:18:48
|j|☆marioluvera
|j|☆LegendOfGible
|inactive|Battle timer is ON: inactive players will automatically lose when time's up.
|player|p1|marioluvera|gentleman-gen4|
|player|p2|LegendOfGible|brycenman|
|teamsize|p1|6
|teamsize|p2|6
|gametype|singles
|gen|8
|tier|[Gen 8] OU
|rated|Tournament battle
|rule|Sleep Clause Mod: Limit one foe put to sleep
|rule|Species Clause: Limit one of each Pokémon
|rule|OHKO Clause: OHKO moves are banned
|rule|Evasion Moves Clause: Evasion moves are banned
|rule|Endless Battle Clause: Forcing endless battles is banned
|rule|HP Percentage Mod: HP is shown in percentages
|clearpoke
|poke|p1|Dragapult, F|
|poke|p1|Cloyster, F|
|poke|p1|Ferrothorn, M|
|poke|p1|Gyarados, F|
|poke|p1|Dugtrio, M|
|poke|p1|Chandelure, M|
|poke|p2|Shedinja|
|poke|p2|Dugtrio, F|
|poke|p2|Toxapex, M|
|poke|p2|Sylveon, M|
|poke|p2|Corviknight, F|
|poke|p2|Corsola-Galar, M|
|rule|Dynamax Clause: You cannot dynamax
|teampreview
|j| Black Brian Wilson
|inactive|LegendOfGible has 120 seconds left.
|
|start
|switch|p1a: Ferrothorn|Ferrothorn, M|100/100
|switch|p2a: Corviknight|Corviknight, F|100/100
|-ability|p2a: Corviknight|Pressure
|turn|1
|inactive|marioluvera has 120 seconds left.
|inactive|marioluvera has 90 seconds left.
|inactive|marioluvera has 60 seconds left.
|
|move|p2a: Corviknight|U-turn|p1a: Ferrothorn
|-damage|p1a: Ferrothorn|90/100
|-damage|p2a: Corviknight|88/100|[from] ability: Iron Barbs|[of] p1a: Ferrothorn
|
|switch|p2a: Sylveon|Sylveon, M|100/100|[from]move: U-turn
|move|p1a: Ferrothorn|Stealth Rock|p2a: Sylveon
|-sidestart|p2: LegendOfGible|move: Stealth Rock
|
|-heal|p1a: Ferrothorn|97/100|[from] item: Leftovers
|upkeep
|turn|2
|
|switch|p1a: Chandelure|Chandelure, M|100/100
|move|p2a: Sylveon|Mystical Fire|p1a: Chandelure
|-start|p1a: Chandelure|ability: Flash Fire
|
|upkeep
|turn|3
|
|move|p1a: Chandelure|Trick|p2a: Sylveon
|-activate|p1a: Chandelure|move: Trick|[of] p2a: Sylveon
|-item|p2a: Sylveon|Choice Scarf|[from] move: Trick
|-item|p1a: Chandelure|Leftovers|[from] move: Trick
|move|p2a: Sylveon|Wish|p2a: Sylveon
|
|upkeep
|turn|4
|inactive|marioluvera has 60 seconds left.
|
|switch|p2a: Toxapex|Toxapex, M|100/100
|-damage|p2a: Toxapex|88/100|[from] Stealth Rock
|move|p1a: Chandelure|Fire Blast|p2a: Toxapex
|-resisted|p2a: Toxapex
|-damage|p2a: Toxapex|52/100
|
|-heal|p2a: Toxapex|100/100|[from] move: Wish|[wisher] Sylveon
|upkeep
|turn|5
|inactive|marioluvera has 60 seconds left.
|
|-end|p1a: Chandelure|ability: Flash Fire|[silent]
|switch|p1a: Dugtrio|Dugtrio, M|100/100
|move|p2a: Toxapex|Toxic Spikes|p1a: Dugtrio
|-sidestart|p1: marioluvera|move: Toxic Spikes
|
|upkeep
|turn|6
|inactive|marioluvera has 60 seconds left.
|
|move|p1a: Dugtrio|Earthquake|p2a: Toxapex
|-supereffective|p2a: Toxapex
|-damage|p2a: Toxapex|51/100
|move|p2a: Toxapex|Toxic Spikes|p1a: Dugtrio
|-sidestart|p1: marioluvera|move: Toxic Spikes
|
|-heal|p2a: Toxapex|57/100|[from] item: Black Sludge
|upkeep
|turn|7
|
|move|p1a: Dugtrio|Earthquake|p2a: Toxapex
|-supereffective|p2a: Toxapex
|-damage|p2a: Toxapex|9/100
|move|p2a: Toxapex|Recover|p2a: Toxapex
|-heal|p2a: Toxapex|59/100
|
|-heal|p2a: Toxapex|66/100|[from] item: Black Sludge
|upkeep
|turn|8
|c|☆LegendOfGible|we stall this
|
|move|p1a: Dugtrio|Screech|p2a: Toxapex|[miss]
|-miss|p1a: Dugtrio|p2a: Toxapex
|move|p2a: Toxapex|Recover|p2a: Toxapex
|-heal|p2a: Toxapex|100/100
|
|upkeep
|turn|9
|c|☆marioluvera|bs
|
|move|p1a: Dugtrio|Screech|p2a: Toxapex|[miss]
|-miss|p1a: Dugtrio|p2a: Toxapex
|move|p2a: Toxapex|Scald|p1a: Dugtrio
|-supereffective|p1a: Dugtrio
|-damage|p1a: Dugtrio|32/100
|
|upkeep
|turn|10
|inactive|marioluvera has 90 seconds left.
|c|☆marioluvera|fuck this fggot gen
|c|☆marioluvera|tbh
|
|move|p1a: Dugtrio|Screech|p2a: Toxapex
|-unboost|p2a: Toxapex|def|2
|move|p2a: Toxapex|Scald|p1a: Dugtrio
|-supereffective|p1a: Dugtrio
|-damage|p1a: Dugtrio|0 fnt
|faint|p1a: Dugtrio
|
|upkeep
|c|☆LegendOfGible|you kiss your mother with that mouth
|n|!marioluvera|marioluvera
|inactive|marioluvera has 60 seconds left.
|
|switch|p1a: Ferrothorn|Ferrothorn, M|97/100
|turn|11
|
|move|p2a: Toxapex|Scald|p1a: Ferrothorn
|-resisted|p1a: Ferrothorn
|-damage|p1a: Ferrothorn|91/100
|move|p1a: Ferrothorn|Knock Off|p2a: Toxapex
|-damage|p2a: Toxapex|75/100
|-enditem|p2a: Toxapex|Black Sludge|[from] move: Knock Off|[of] p1a: Ferrothorn
|
|-heal|p1a: Ferrothorn|97/100|[from] item: Leftovers
|upkeep
|turn|12
|
|move|p2a: Toxapex|Scald|p1a: Ferrothorn
|-resisted|p1a: Ferrothorn
|-damage|p1a: Ferrothorn|92/100
|move|p1a: Ferrothorn|Leech Seed|p2a: Toxapex|[miss]
|-miss|p1a: Ferrothorn|p2a: Toxapex
|
|-heal|p1a: Ferrothorn|98/100|[from] item: Leftovers
|upkeep
|turn|13
|
|move|p2a: Toxapex|Scald|p1a: Ferrothorn
|-resisted|p1a: Ferrothorn
|-damage|p1a: Ferrothorn|92/100
|move|p1a: Ferrothorn|Knock Off|p2a: Toxapex
|-damage|p2a: Toxapex|56/100
|
|-heal|p1a: Ferrothorn|98/100|[from] item: Leftovers
|upkeep
|turn|14
|
|switch|p1a: Gyarados|Gyarados, F|100/100
|move|p2a: Toxapex|Scald|p1a: Gyarados
|-resisted|p1a: Gyarados
|-damage|p1a: Gyarados|95/100
|
|upkeep
|turn|15
|inactive|marioluvera has 90 seconds left.
|
|move|p1a: Gyarados|Crunch|p2a: Toxapex
|-crit|p2a: Toxapex
|-damage|p2a: Toxapex|5/100
|move|p2a: Toxapex|Scald|p1a: Gyarados
|-resisted|p1a: Gyarados
|-damage|p1a: Gyarados|89/100
|-status|p1a: Gyarados|brn
|
|-damage|p1a: Gyarados|83/100 brn|[from] brn
|upkeep
|turn|16
|
|switch|p2a: Corsola|Corsola-Galar, M, shiny|100/100
|-damage|p2a: Corsola|88/100|[from] Stealth Rock
|move|p1a: Gyarados|Waterfall|p2a: Corsola
|-damage|p2a: Corsola|76/100
|-start|p1a: Gyarados|Disable|Waterfall|[from] ability: Cursed Body|[of] p2a: Corsola
|
|-damage|p1a: Gyarados|77/100 brn|[from] brn
|upkeep
|turn|17
|j| dracoum
|
|move|p1a: Gyarados|Crunch|p2a: Corsola
|-supereffective|p2a: Corsola
|-damage|p2a: Corsola|60/100
|move|p2a: Corsola|Stealth Rock|p1a: Gyarados
|-sidestart|p1: marioluvera|move: Stealth Rock
|
|-damage|p1a: Gyarados|71/100 brn|[from] brn
|upkeep
|turn|18
|
|move|p1a: Gyarados|Crunch|p2a: Corsola
|-supereffective|p2a: Corsola
|-damage|p2a: Corsola|45/100
|move|p2a: Corsola|Strength Sap|p1a: Gyarados
|-unboost|p1a: Gyarados|atk|1
|-heal|p2a: Corsola|100/100
|
|-damage|p1a: Gyarados|65/100 brn|[from] brn
|upkeep
|turn|19
|inactive|marioluvera has 120 seconds left.
|
|switch|p1a: Ferrothorn|Ferrothorn, M|98/100
|-damage|p1a: Ferrothorn|92/100|[from] Stealth Rock
|move|p2a: Corsola|Night Shade|p1a: Ferrothorn
|-damage|p1a: Ferrothorn|64/100
|
|-heal|p1a: Ferrothorn|70/100|[from] item: Leftovers
|upkeep
|turn|20
|
|switch|p2a: Toxapex|Toxapex, M|38/100
|-damage|p2a: Toxapex|25/100|[from] Stealth Rock
|move|p1a: Ferrothorn|Knock Off|p2a: Toxapex
|-damage|p2a: Toxapex|16/100
|
|-heal|p1a: Ferrothorn|76/100|[from] item: Leftovers
|upkeep
|turn|21
|
|move|p2a: Toxapex|Recover|p2a: Toxapex
|-heal|p2a: Toxapex|66/100
|move|p1a: Ferrothorn|Leech Seed|p2a: Toxapex|[miss]
|-miss|p1a: Ferrothorn|p2a: Toxapex
|
|-heal|p1a: Ferrothorn|82/100|[from] item: Leftovers
|upkeep
|turn|22
|
|move|p2a: Toxapex|Scald|p1a: Ferrothorn
|-resisted|p1a: Ferrothorn
|-damage|p1a: Ferrothorn|76/100
|-status|p1a: Ferrothorn|brn
|move|p1a: Ferrothorn|Leech Seed|p2a: Toxapex
|-start|p2a: Toxapex|move: Leech Seed
|
|-heal|p1a: Ferrothorn|83/100 brn|[from] item: Leftovers
|-damage|p2a: Toxapex|54/100|[from] Leech Seed|[of] p1a: Ferrothorn
|-heal|p1a: Ferrothorn|93/100 brn|[silent]
|-damage|p1a: Ferrothorn|87/100 brn|[from] brn
|upkeep
|turn|23
|
|switch|p2a: Corviknight|Corviknight, F|88/100
|-damage|p2a: Corviknight|75/100|[from] Stealth Rock
|-ability|p2a: Corviknight|Pressure
|switch|p1a: Chandelure|Chandelure, M|100/100
|-damage|p1a: Chandelure|76/100|[from] Stealth Rock
|-status|p1a: Chandelure|tox
|
|-heal|p1a: Chandelure|82/100 tox|[from] item: Leftovers
|-heal|p2a: Corviknight|82/100|[from] item: Leftovers
|-damage|p1a: Chandelure|76/100 tox|[from] psn
|upkeep
|turn|24
|
|switch|p2a: Sylveon|Sylveon, M|100/100
|-damage|p2a: Sylveon|88/100|[from] Stealth Rock
|move|p1a: Chandelure|Shadow Ball|p2a: Sylveon
|-damage|p2a: Sylveon|62/100
|
|-heal|p1a: Chandelure|82/100 tox|[from] item: Leftovers
|-damage|p1a: Chandelure|69/100 tox|[from] psn
|upkeep
|turn|25
|
|move|p1a: Chandelure|Shadow Ball|p2a: Sylveon
|-damage|p2a: Sylveon|38/100
|move|p2a: Sylveon|Wish|p2a: Sylveon
|
|-heal|p1a: Chandelure|76/100 tox|[from] item: Leftovers
|-damage|p1a: Chandelure|57/100 tox|[from] psn
|upkeep
|turn|26
|
|move|p1a: Chandelure|Shadow Ball|p2a: Sylveon
|-damage|p2a: Sylveon|14/100
|move|p2a: Sylveon|Wish||[still]
|-fail|p2a: Sylveon
|
|-heal|p2a: Sylveon|64/100|[from] move: Wish|[wisher] Sylveon
|-heal|p1a: Chandelure|63/100 tox|[from] item: Leftovers
|-damage|p1a: Chandelure|39/100 tox|[from] psn
|upkeep
|turn|27
|
|switch|p1a: Dragapult|Dragapult, F|100/100
|-status|p1a: Dragapult|tox
|-damage|p1a: Dragapult|88/100 tox|[from] Stealth Rock
|move|p2a: Sylveon|Wish|p2a: Sylveon
|
|-damage|p1a: Dragapult|82/100 tox|[from] psn
|upkeep
|turn|28
|
|switch|p2a: Shedinja|Shedinja|100/100
|move|p1a: Dragapult|Dragon Dance|p1a: Dragapult
|-boost|p1a: Dragapult|atk|1
|-boost|p1a: Dragapult|spe|1
|
|-damage|p1a: Dragapult|70/100 tox|[from] psn
|upkeep
|turn|29
|
|move|p2a: Shedinja|Protect|p2a: Shedinja
|-singleturn|p2a: Shedinja|Protect
|move|p1a: Dragapult|Flamethrower|p2a: Shedinja
|-activate|p2a: Shedinja|move: Protect
|
|-damage|p1a: Dragapult|52/100 tox|[from] psn
|upkeep
|turn|30
|
|move|p2a: Shedinja|Shadow Sneak|p1a: Dragapult
|-supereffective|p1a: Dragapult
|-damage|p1a: Dragapult|2/100 tox
|move|p1a: Dragapult|Dragon Dance|p1a: Dragapult
|-boost|p1a: Dragapult|atk|1
|-boost|p1a: Dragapult|spe|1
|
|-damage|p1a: Dragapult|0 fnt|[from] psn
|faint|p1a: Dragapult
|upkeep
|
|switch|p1a: Cloyster|Cloyster, F|100/100
|-damage|p1a: Cloyster|76/100|[from] Stealth Rock
|-status|p1a: Cloyster|tox
|turn|31
|
|move|p1a: Cloyster|Self-Destruct|p2a: Shedinja
|-immune|p2a: Shedinja|[from] ability: Wonder Guard
|faint|p1a: Cloyster
|move|p2a: Shedinja|X-Scissor|p1: Cloyster|[notarget]
|-fail|p2a: Shedinja
|
|upkeep
|
|switch|p1a: Chandelure|Chandelure, M|39/100 tox
|-damage|p1a: Chandelure|14/100 tox|[from] Stealth Rock
|turn|32
|l| dracoum
|
|move|p2a: Shedinja|Shadow Sneak|p1a: Chandelure
|-supereffective|p1a: Chandelure
|-damage|p1a: Chandelure|0 fnt
|faint|p1a: Chandelure
|
|upkeep
|
|switch|p1a: Gyarados|Gyarados, F|65/100 brn
|-damage|p1a: Gyarados|40/100 brn|[from] Stealth Rock
|turn|33
|
|switch|p1a: Ferrothorn|Ferrothorn, M|87/100 brn
|-damage|p1a: Ferrothorn|81/100 brn|[from] Stealth Rock
|move|p2a: Shedinja|Shadow Sneak|p1a: Ferrothorn
|-damage|p1a: Ferrothorn|69/100 brn
|-damage|p2a: Shedinja|0 fnt|[from] ability: Iron Barbs|[of] p1a: Ferrothorn
|faint|p2a: Shedinja
|
|-heal|p1a: Ferrothorn|75/100 brn|[from] item: Leftovers
|-damage|p1a: Ferrothorn|69/100 brn|[from] brn
|upkeep
|c|☆LegendOfGible|so are u gonna waste my time
|c|☆LegendOfGible|or
|inactive|LegendOfGible has 120 seconds left.
|
|switch|p2a: Sylveon|Sylveon, M|64/100
|-damage|p2a: Sylveon|52/100|[from] Stealth Rock
|turn|34
|
|move|p2a: Sylveon|Mystical Fire|p1a: Ferrothorn
|-supereffective|p1a: Ferrothorn
|-damage|p1a: Ferrothorn|16/100 brn
|-unboost|p1a: Ferrothorn|spa|1
|move|p1a: Ferrothorn|Leech Seed|p2a: Sylveon
|-start|p2a: Sylveon|move: Leech Seed
|
|-heal|p1a: Ferrothorn|23/100 brn|[from] item: Leftovers
|-damage|p2a: Sylveon|40/100|[from] Leech Seed|[of] p1a: Ferrothorn
|-heal|p1a: Ferrothorn|37/100 brn|[silent]
|-damage|p1a: Ferrothorn|30/100 brn|[from] brn
|upkeep
|turn|35
|inactive|marioluvera has 120 seconds left.
|c|☆LegendOfGible|i guess u are
|inactive|marioluvera has 90 seconds left.
|inactive|marioluvera has 60 seconds left.
|inactive|marioluvera has 30 seconds left.
|inactive|marioluvera has 20 seconds left.
|n|☆marioluvera|marioluvera
|inactive|marioluvera has 15 seconds left.
|inactive|marioluvera has 10 seconds left.
|
|switch|p1a: Gyarados|Gyarados, F|40/100 brn
|-damage|p1a: Gyarados|15/100 brn|[from] Stealth Rock
|move|p2a: Sylveon|Mystical Fire|p1a: Gyarados
|-resisted|p1a: Gyarados
|-damage|p1a: Gyarados|9/100 brn
|-unboost|p1a: Gyarados|spa|1
|
|-damage|p2a: Sylveon|27/100|[from] Leech Seed|[of] p1a: Gyarados
|-heal|p1a: Gyarados|24/100 brn|[silent]
|-damage|p1a: Gyarados|18/100 brn|[from] brn
|upkeep
|turn|36
|inactive|marioluvera has 20 seconds left this turn.
|inactive|marioluvera has 15 seconds left.
|c|☆marioluvera|yes
|inactive|marioluvera has 10 seconds left.
|
|switch|p2a: Toxapex|Toxapex, M|87/100
|-damage|p2a: Toxapex|75/100|[from] Stealth Rock
|move|p1a: Gyarados|Waterfall|p2a: Toxapex
|-resisted|p2a: Toxapex
|-damage|p2a: Toxapex|67/100
|
|-damage|p1a: Gyarados|12/100 brn|[from] brn
|upkeep
|turn|37
|inactive|marioluvera has 20 seconds left this turn.
|inactive|marioluvera has 15 seconds left.
|inactive|marioluvera has 10 seconds left.
|c|☆LegendOfGible|i guess youre just a loser for longer
|inactive|marioluvera has 5 seconds left.
|inactive|LegendOfGible has 120 seconds left.
|
|move|p1a: Gyarados|Crunch|p2a: Toxapex
|-damage|p2a: Toxapex|59/100
|move|p2a: Toxapex|Scald|p1a: Gyarados
|-resisted|p1a: Gyarados
|-damage|p1a: Gyarados|6/100 brn
|
|-damage|p1a: Gyarados|0 fnt|[from] brn
|faint|p1a: Gyarados
|upkeep
|inactive|marioluvera has 10 seconds left this turn.
|
|switch|p1a: Ferrothorn|Ferrothorn, M|30/100 brn
|-damage|p1a: Ferrothorn|24/100 brn|[from] Stealth Rock
|turn|38
|inactive|marioluvera has 20 seconds left this turn.
|inactive|marioluvera has 15 seconds left.
|
|switch|p2a: Dugtrio|Dugtrio, F|100/100
|-damage|p2a: Dugtrio|94/100|[from] Stealth Rock
|move|p1a: Ferrothorn|Leech Seed|p2a: Dugtrio
|-start|p2a: Dugtrio|move: Leech Seed
|
|-heal|p1a: Ferrothorn|30/100 brn|[from] item: Leftovers
|-damage|p2a: Dugtrio|82/100|[from] Leech Seed|[of] p1a: Ferrothorn
|-heal|p1a: Ferrothorn|38/100 brn|[silent]
|-damage|p1a: Ferrothorn|31/100 brn|[from] brn
|upkeep
|turn|39
|inactive|marioluvera has 25 seconds left this turn.
|c|☆marioluvera|yes
|inactive|marioluvera has 20 seconds left.
|inactive|marioluvera has 15 seconds left.
|inactive|marioluvera has 10 seconds left.
|
|move|p2a: Dugtrio|Earthquake|p1a: Ferrothorn
|-damage|p1a: Ferrothorn|0 fnt
|faint|p1a: Ferrothorn
|
|win|LegendOfGible
|inactive|marioluvera has 15 seconds left this turn.
|l|☆marioluvera
