|ScrapeTime|2020-01-02-01:45:03
|j|☆Jazzy Jellyfish
|j|☆Algometeo
|player|p1|Jazzy Jellyfish|1|1019
|player|p2|Algometeo|169|1000
|teamsize|p1|6
|teamsize|p2|1
|gametype|singles
|gen|8
|tier|[Gen 8] OU
|rated|
|rule|Sleep Clause Mod: Limit one foe put to sleep
|rule|Species Clause: Limit one of each Pokémon
|rule|OHKO Clause: OHKO moves are banned
|rule|Evasion Moves Clause: Evasion moves are banned
|rule|Endless Battle Clause: Forcing endless battles is banned
|rule|HP Percentage Mod: HP is shown in percentages
|clearpoke
|poke|p1|Hydreigon, F|
|poke|p1|Hatterene, F|
|poke|p1|Conkeldurr, F|
|poke|p1|Seismitoad, M|
|poke|p1|Rotom-Wash|
|poke|p1|Claydol|
|poke|p2|Shuckle, F|
|rule|Dynamax Clause: You cannot dynamax
|teampreview
|
|start
|switch|p1a: Conkeldurr|Conkeldurr, F|100/100
|switch|p2a: Shuckle|Shuckle, F|100/100
|turn|1
|
|move|p1a: Conkeldurr|Mach Punch|p2a: Shuckle
|-damage|p2a: Shuckle|87/100
|move|p2a: Shuckle|Power Split|p1a: Conkeldurr
|-activate|p2a: Shuckle|move: Power Split|[of] p1a: Conkeldurr
|
|-heal|p2a: Shuckle|93/100|[from] item: Leftovers
|-status|p1a: Conkeldurr|brn|[from] item: Flame Orb
|upkeep
|turn|2
|
|move|p1a: Conkeldurr|Earthquake|p2a: Shuckle
|-damage|p2a: Shuckle|72/100
|move|p2a: Shuckle|Acupressure|p2a: Shuckle
|-boost|p2a: Shuckle|spe|2
|
|-heal|p2a: Shuckle|78/100|[from] item: Leftovers
|-damage|p1a: Conkeldurr|94/100 brn|[from] brn
|upkeep
|turn|3
|
|move|p1a: Conkeldurr|Earthquake|p2a: Shuckle
|-damage|p2a: Shuckle|56/100
|move|p2a: Shuckle|Acupressure|p2a: Shuckle
|-boost|p2a: Shuckle|atk|2
|
|-heal|p2a: Shuckle|62/100|[from] item: Leftovers
|-damage|p1a: Conkeldurr|88/100 brn|[from] brn
|upkeep
|turn|4
|
|move|p1a: Conkeldurr|Earthquake|p2a: Shuckle
|-damage|p2a: Shuckle|42/100
|move|p2a: Shuckle|Acupressure|p2a: Shuckle
|-boost|p2a: Shuckle|def|2
|
|-heal|p2a: Shuckle|48/100|[from] item: Leftovers
|-damage|p1a: Conkeldurr|82/100 brn|[from] brn
|upkeep
|turn|5
|
|move|p1a: Conkeldurr|Earthquake|p2a: Shuckle
|-damage|p2a: Shuckle|38/100
|move|p2a: Shuckle|Acupressure|p2a: Shuckle
|-boost|p2a: Shuckle|spe|2
|
|-heal|p2a: Shuckle|44/100|[from] item: Leftovers
|-damage|p1a: Conkeldurr|76/100 brn|[from] brn
|upkeep
|turn|6
|
|switch|p1a: Seismitoad|Seismitoad, M|100/100
|move|p2a: Shuckle|Acupressure|p2a: Shuckle
|-boost|p2a: Shuckle|spd|2
|
|-heal|p2a: Shuckle|50/100|[from] item: Leftovers
|upkeep
|turn|7
|
|move|p1a: Seismitoad|Toxic|p2a: Shuckle
|-status|p2a: Shuckle|tox
|move|p2a: Shuckle|Acupressure|p2a: Shuckle
|-boost|p2a: Shuckle|spd|2
|
|-heal|p2a: Shuckle|56/100 tox|[from] item: Leftovers
|-damage|p2a: Shuckle|50/100 tox|[from] psn
|upkeep
|turn|8
|
|move|p1a: Seismitoad|Scald|p2a: Shuckle
|-supereffective|p2a: Shuckle
|-damage|p2a: Shuckle|39/100 tox
|move|p2a: Shuckle|Rest|p2a: Shuckle
|-status|p2a: Shuckle|slp|[from] move: Rest
|-heal|p2a: Shuckle|100/100 slp|[silent]
|
|upkeep
|turn|9
|
|switch|p1a: Rotom|Rotom-Wash|100/100
|cant|p2a: Shuckle|slp
|
|upkeep
|turn|10
|
|move|p1a: Rotom|Hydro Pump|p2a: Shuckle
|-supereffective|p2a: Shuckle
|-crit|p2a: Shuckle
|-damage|p2a: Shuckle|27/100 slp
|cant|p2a: Shuckle|slp
|
|-heal|p2a: Shuckle|33/100 slp|[from] item: Leftovers
|upkeep
|turn|11
|
|move|p1a: Rotom|Hydro Pump|p2a: Shuckle
|-supereffective|p2a: Shuckle
|-damage|p2a: Shuckle|16/100 slp
|-curestatus|p2a: Shuckle|slp|[msg]
|move|p2a: Shuckle|Rest|p2a: Shuckle
|-status|p2a: Shuckle|slp|[from] move: Rest
|-heal|p2a: Shuckle|100/100 slp|[silent]
|
|upkeep
|turn|12
|
|move|p1a: Rotom|Hydro Pump|p2a: Shuckle
|-supereffective|p2a: Shuckle
|-damage|p2a: Shuckle|82/100 slp
|cant|p2a: Shuckle|slp
|
|-heal|p2a: Shuckle|89/100 slp|[from] item: Leftovers
|upkeep
|turn|13
|
|switch|p1a: Hydreigon|Hydreigon, F|100/100
|cant|p2a: Shuckle|slp
|
|-heal|p2a: Shuckle|95/100 slp|[from] item: Leftovers
|upkeep
|turn|14
|
|move|p1a: Hydreigon|Nasty Plot|p1a: Hydreigon
|-boost|p1a: Hydreigon|spa|2
|-curestatus|p2a: Shuckle|slp|[msg]
|move|p2a: Shuckle|Acupressure|p2a: Shuckle
|-boost|p2a: Shuckle|accuracy|2
|
|-heal|p2a: Shuckle|100/100|[from] item: Leftovers
|upkeep
|turn|15
|
|move|p1a: Hydreigon|Nasty Plot|p1a: Hydreigon
|-boost|p1a: Hydreigon|spa|2
|move|p2a: Shuckle|Acupressure|p2a: Shuckle
|-boost|p2a: Shuckle|evasion|2
|
|upkeep
|turn|16
|
|move|p1a: Hydreigon|Nasty Plot|p1a: Hydreigon
|-boost|p1a: Hydreigon|spa|2
|move|p2a: Shuckle|Acupressure|p2a: Shuckle
|-boost|p2a: Shuckle|spd|2
|
|upkeep
|turn|17
|
|move|p1a: Hydreigon|Nasty Plot|p1a: Hydreigon
|-boost|p1a: Hydreigon|spa|0
|move|p2a: Shuckle|Acupressure|p2a: Shuckle
|-boost|p2a: Shuckle|atk|2
|
|upkeep
|turn|18
|
|move|p1a: Hydreigon|Draco Meteor|p2a: Shuckle
|-damage|p2a: Shuckle|61/100
|-unboost|p1a: Hydreigon|spa|2
|move|p2a: Shuckle|Acupressure|p2a: Shuckle
|-boost|p2a: Shuckle|evasion|2
|
|-heal|p2a: Shuckle|67/100|[from] item: Leftovers
|upkeep
|turn|19
|
|move|p1a: Hydreigon|Nasty Plot|p1a: Hydreigon
|-boost|p1a: Hydreigon|spa|2
|move|p2a: Shuckle|Power Split|p1a: Hydreigon
|-activate|p2a: Shuckle|move: Power Split|[of] p1a: Hydreigon
|
|-heal|p2a: Shuckle|73/100|[from] item: Leftovers
|upkeep
|turn|20
|
|move|p1a: Hydreigon|Nasty Plot|p1a: Hydreigon
|-boost|p1a: Hydreigon|spa|0
|move|p2a: Shuckle|Acupressure|p2a: Shuckle
|-boost|p2a: Shuckle|spe|2
|
|-heal|p2a: Shuckle|79/100|[from] item: Leftovers
|upkeep
|turn|21
|
|move|p1a: Hydreigon|Dark Pulse|p2a: Shuckle
|-damage|p2a: Shuckle|63/100
|cant|p2a: Shuckle|flinch
|
|-heal|p2a: Shuckle|69/100|[from] item: Leftovers
|upkeep
|turn|22
|
|move|p1a: Hydreigon|Draco Meteor|p2a: Shuckle|[miss]
|-miss|p1a: Hydreigon|p2a: Shuckle
|move|p2a: Shuckle|Acupressure|p2a: Shuckle
|-boost|p2a: Shuckle|accuracy|2
|
|-heal|p2a: Shuckle|75/100|[from] item: Leftovers
|upkeep
|turn|23
|
|move|p1a: Hydreigon|Draco Meteor|p2a: Shuckle|[miss]
|-miss|p1a: Hydreigon|p2a: Shuckle
|move|p2a: Shuckle|Acupressure|p2a: Shuckle
|-boost|p2a: Shuckle|accuracy|2
|
|-heal|p2a: Shuckle|81/100|[from] item: Leftovers
|upkeep
|turn|24
|
|move|p1a: Hydreigon|Draco Meteor|p2a: Shuckle|[miss]
|-miss|p1a: Hydreigon|p2a: Shuckle
|move|p2a: Shuckle|Acupressure|p2a: Shuckle
|-boost|p2a: Shuckle|spa|2
|
|-heal|p2a: Shuckle|87/100|[from] item: Leftovers
|upkeep
|turn|25
|
|move|p1a: Hydreigon|Draco Meteor|p2a: Shuckle
|-damage|p2a: Shuckle|61/100
|-unboost|p1a: Hydreigon|spa|2
|move|p2a: Shuckle|Acupressure|p2a: Shuckle
|-boost|p2a: Shuckle|evasion|2
|
|-heal|p2a: Shuckle|67/100|[from] item: Leftovers
|upkeep
|turn|26
|
|switch|p1a: Hatterene|Hatterene, F|100/100
|move|p2a: Shuckle|Acupressure|p2a: Shuckle
|-boost|p2a: Shuckle|spa|2
|
|-heal|p2a: Shuckle|73/100|[from] item: Leftovers
|upkeep
|turn|27
|
|move|p2a: Shuckle|Acupressure|p2a: Shuckle
|-boost|p2a: Shuckle|def|2
|move|p1a: Hatterene|Trick Room|p1a: Hatterene
|-fieldstart|move: Trick Room|[of] p1a: Hatterene
|
|-heal|p2a: Shuckle|80/100|[from] item: Leftovers
|upkeep
|turn|28
|
|move|p1a: Hatterene|Dazzling Gleam|p2a: Shuckle
|-damage|p2a: Shuckle|72/100
|move|p2a: Shuckle|Acupressure|p2a: Shuckle
|-boost|p2a: Shuckle|def|2
|
|-heal|p2a: Shuckle|78/100|[from] item: Leftovers
|upkeep
|turn|29
|
|move|p1a: Hatterene|Psychic|p2a: Shuckle
|-damage|p2a: Shuckle|70/100
|move|p2a: Shuckle|Acupressure|p2a: Shuckle
|-boost|p2a: Shuckle|spa|2
|
|-heal|p2a: Shuckle|76/100|[from] item: Leftovers
|upkeep
|turn|30
|-message|Jazzy Jellyfish forfeited.
|
|win|Algometeo
|l|☆Jazzy Jellyfish
