|ScrapeTime|2020-01-01-18:44:36
|j|☆Qwerted
|j|☆Seaweeddd
|player|p1|Qwerted|volkner|
|player|p2|Seaweeddd|shadowtriad|
|teamsize|p1|6
|teamsize|p2|6
|gametype|singles
|gen|8
|tier|[Gen 8] OU
|rule|Sleep Clause Mod: Limit one foe put to sleep
|rule|Species Clause: Limit one of each Pokémon
|rule|OHKO Clause: OHKO moves are banned
|rule|Evasion Moves Clause: Evasion moves are banned
|rule|Endless Battle Clause: Forcing endless battles is banned
|rule|HP Percentage Mod: HP is shown in percentages
|clearpoke
|poke|p1|Cinderace, F|
|poke|p1|Hydreigon, F|
|poke|p1|Hatterene, F|
|poke|p1|Dracovish|
|poke|p1|Mimikyu, F|
|poke|p1|Toxtricity, F|
|poke|p2|Ditto|
|poke|p2|Corviknight, M|
|poke|p2|Rotom-Heat|
|poke|p2|Seismitoad, M|
|poke|p2|Bisharp, F|
|poke|p2|Corsola-Galar, M|
|rule|Dynamax Clause: You cannot dynamax
|teampreview
|
|start
|switch|p1a: Hydreigon|Hydreigon, F|100/100
|switch|p2a: Bisharp|Bisharp, F|100/100
|turn|1
|
|move|p1a: Hydreigon|Substitute|p1a: Hydreigon
|-start|p1a: Hydreigon|Substitute
|-damage|p1a: Hydreigon|76/100
|move|p2a: Bisharp|Iron Head|p1a: Hydreigon
|-end|p1a: Hydreigon|Substitute
|
|-heal|p1a: Hydreigon|82/100|[from] item: Leftovers
|upkeep
|turn|2
|
|move|p1a: Hydreigon|Nasty Plot|p1a: Hydreigon
|-boost|p1a: Hydreigon|spa|2
|move|p2a: Bisharp|Iron Head|p1a: Hydreigon
|-damage|p1a: Hydreigon|26/100
|
|-heal|p1a: Hydreigon|32/100|[from] item: Leftovers
|upkeep
|turn|3
|
|move|p1a: Hydreigon|Draco Meteor|p2a: Bisharp
|-resisted|p2a: Bisharp
|-damage|p2a: Bisharp|0 fnt
|-unboost|p1a: Hydreigon|spa|2
|faint|p2a: Bisharp
|
|-heal|p1a: Hydreigon|39/100|[from] item: Leftovers
|upkeep
|c|☆Seaweeddd|???????????????????????????????????????????????????????????????????????????????????????????????????????????????????????????????????????????????????????????????????
|
|switch|p2a: Ditto|Ditto|100/100
|-transform|p2a: Ditto|p1a: Hydreigon|[from] ability: Imposter
|turn|4
|
|move|p2a: Ditto|Draco Meteor|p1a: Hydreigon
|-supereffective|p1a: Hydreigon
|-damage|p1a: Hydreigon|0 fnt
|-unboost|p2a: Ditto|spa|2
|faint|p1a: Hydreigon
|
|upkeep
|c|☆Qwerted|Choice Scarf eh?
|
|switch|p1a: Hatterene|Hatterene, F|100/100
|turn|5
|
|switch|p2a: Corviknight|Corviknight, M|100/100
|-ability|p2a: Corviknight|Pressure
|move|p1a: Hatterene|Calm Mind|p1a: Hatterene
|-boost|p1a: Hatterene|spa|1
|-boost|p1a: Hatterene|spd|1
|
|upkeep
|turn|6
|c|☆Seaweeddd|not a trick room hatterne
|
|move|p2a: Corviknight|Brave Bird|p1a: Hatterene
|-damage|p1a: Hatterene|61/100
|-damage|p2a: Corviknight|90/100|[from] Recoil
|move|p1a: Hatterene|Mystical Fire|p2a: Corviknight
|-supereffective|p2a: Corviknight
|-damage|p2a: Corviknight|18/100
|-unboost|p2a: Corviknight|spa|1
|
|-heal|p2a: Corviknight|24/100|[from] item: Leftovers
|upkeep
|turn|7
|
|switch|p2a: Seismitoad|Seismitoad, M|100/100
|move|p1a: Hatterene|Calm Mind|p1a: Hatterene
|-boost|p1a: Hatterene|spa|1
|-boost|p1a: Hatterene|spd|1
|
|upkeep
|turn|8
|
|move|p2a: Seismitoad|Earthquake|p1a: Hatterene
|-damage|p1a: Hatterene|25/100
|-enditem|p1a: Hatterene|Aguav Berry|[eat]
|-heal|p1a: Hatterene|58/100|[from] item: Aguav Berry
|move|p1a: Hatterene|Draining Kiss|p2a: Seismitoad
|-damage|p2a: Seismitoad|37/100
|-heal|p1a: Hatterene|100/100|[from] drain|[of] p2a: Seismitoad
|
|-heal|p2a: Seismitoad|43/100|[from] item: Leftovers
|upkeep
|turn|9
|c|☆Qwerted|I know
|c|☆Seaweeddd|ok thats a realluy gay hatterene
|
|move|p2a: Seismitoad|Earthquake|p1a: Hatterene
|-damage|p1a: Hatterene|66/100
|move|p1a: Hatterene|Calm Mind|p1a: Hatterene
|-boost|p1a: Hatterene|spa|1
|-boost|p1a: Hatterene|spd|1
|
|-heal|p2a: Seismitoad|49/100|[from] item: Leftovers
|upkeep
|turn|10
|c|☆Qwerted|How
|
|move|p2a: Seismitoad|Earthquake|p1a: Hatterene
|-damage|p1a: Hatterene|27/100
|move|p1a: Hatterene|Draining Kiss|p2a: Seismitoad
|-damage|p2a: Seismitoad|0 fnt
|-heal|p1a: Hatterene|75/100|[from] drain|[of] p2a: Seismitoad
|faint|p2a: Seismitoad
|
|upkeep
|
|switch|p2a: Corviknight|Corviknight, M|24/100
|-ability|p2a: Corviknight|Pressure
|turn|11
|c|☆Qwerted|You can still beat me
|
|move|p2a: Corviknight|Roost|p2a: Corviknight
|-heal|p2a: Corviknight|74/100
|-singleturn|p2a: Corviknight|move: Roost
|move|p1a: Hatterene|Mystical Fire|p2a: Corviknight
|-supereffective|p2a: Corviknight
|-damage|p2a: Corviknight|0 fnt
|faint|p2a: Corviknight
|
|upkeep
|
|switch|p2a: Rotom|Rotom-Heat|100/100
|turn|12
|
|move|p2a: Rotom|Nasty Plot|p2a: Rotom
|-boost|p2a: Rotom|spa|2
|move|p1a: Hatterene|Psychic|p2a: Rotom
|-damage|p2a: Rotom|0 fnt
|faint|p2a: Rotom
|
|upkeep
|c|☆Qwerted|: )
|
|switch|p2a: Ditto|Ditto|100/100
|-transform|p2a: Ditto|p1a: Hatterene|[from] ability: Imposter
|turn|13
|
|move|p2a: Ditto|Mystical Fire|p1a: Hatterene
|-damage|p1a: Hatterene|41/100
|-unboost|p1a: Hatterene|spa|1
|move|p1a: Hatterene|Calm Mind|p1a: Hatterene
|-boost|p1a: Hatterene|spa|1
|-boost|p1a: Hatterene|spd|1
|
|upkeep
|turn|14
|c|☆Qwerted|Because you have Choice Scarf you can't Calm Mind
|
|move|p2a: Ditto|Mystical Fire|p1a: Hatterene
|-damage|p1a: Hatterene|17/100
|-unboost|p1a: Hatterene|spa|1
|move|p1a: Hatterene|Draining Kiss|p2a: Ditto
|-damage|p2a: Ditto|73/100
|-heal|p1a: Hatterene|36/100|[from] drain|[of] p2a: Ditto
|
|upkeep
|turn|15
|
|move|p2a: Ditto|Mystical Fire|p1a: Hatterene
|-damage|p1a: Hatterene|8/100
|-unboost|p1a: Hatterene|spa|1
|move|p1a: Hatterene|Draining Kiss|p2a: Ditto
|-damage|p2a: Ditto|53/100
|-heal|p1a: Hatterene|23/100|[from] drain|[of] p2a: Ditto
|
|upkeep
|turn|16
|c|☆Qwerted|GG
|
|move|p2a: Ditto|Mystical Fire|p1a: Hatterene
|-damage|p1a: Hatterene|0 fnt
|faint|p1a: Hatterene
|
|upkeep
|
|switch|p1a: Dracovish|Dracovish|100/100
|turn|17
|c|☆Qwerted|You can only Mystic Fire
|
|switch|p2a: Corsola|Corsola-Galar, M|100/100
|move|p1a: Dracovish|Fishious Rend|p2a: Corsola
|-damage|p2a: Corsola|8/100
|
|upkeep
|turn|18
|-message|Seaweeddd forfeited.
|
|win|Qwerted
|l|☆Seaweeddd
|c|☆Qwerted|You had another pokemon?
