|ScrapeTime|2020-01-02-13:35:22
|j|☆KeldeoJockey
|j|☆Authiel
|player|p1|KeldeoJockey|124|1363
|player|p2|Authiel|2|1343
|teamsize|p1|6
|teamsize|p2|6
|gametype|singles
|gen|8
|tier|[Gen 8] OU
|rated|
|rule|Sleep Clause Mod: Limit one foe put to sleep
|rule|Species Clause: Limit one of each Pokémon
|rule|OHKO Clause: OHKO moves are banned
|rule|Evasion Moves Clause: Evasion moves are banned
|rule|Endless Battle Clause: Forcing endless battles is banned
|rule|HP Percentage Mod: HP is shown in percentages
|clearpoke
|poke|p1|Hydreigon, M|
|poke|p1|Dragapult, M|
|poke|p1|Corviknight, F|
|poke|p1|Clefable, F|
|poke|p1|Seismitoad, M|
|poke|p1|Sylveon, M|
|poke|p2|Toxapex, M|
|poke|p2|Toxtricity, M|
|poke|p2|Hydreigon, M|
|poke|p2|Corviknight, F|
|poke|p2|Clefable, F|
|poke|p2|Conkeldurr, F|
|rule|Dynamax Clause: You cannot dynamax
|teampreview
|
|start
|switch|p1a: Clefable|Clefable, F|100/100
|switch|p2a: Hydreigon|Hydreigon, M|100/100
|turn|1
|
|move|p2a: Hydreigon|U-turn|p1a: Clefable
|-resisted|p1a: Clefable
|-damage|p1a: Clefable|92/100
|
|switch|p2a: Toxtricity|Toxtricity, M|100/100|[from]move: U-turn
|move|p1a: Clefable|Moonblast|p2a: Toxtricity
|-resisted|p2a: Toxtricity
|-damage|p2a: Toxtricity|52/100
|
|upkeep
|turn|2
|
|switch|p1a: Corviknight|Corviknight, F|100/100
|-ability|p1a: Corviknight|Pressure
|move|p2a: Toxtricity|Boomburst|p1a: Corviknight
|-resisted|p1a: Corviknight
|-damage|p1a: Corviknight|71/100
|
|-heal|p1a: Corviknight|77/100|[from] item: Leftovers
|upkeep
|turn|3
|
|switch|p2a: Corviknight|Corviknight, F|100/100
|-ability|p2a: Corviknight|Pressure
|switch|p1a: Seismitoad|Seismitoad, M|100/100
|
|upkeep
|turn|4
|
|move|p2a: Corviknight|U-turn|p1a: Seismitoad
|-damage|p1a: Seismitoad|90/100
|
|switch|p2a: Conkeldurr|Conkeldurr, F|100/100|[from]move: U-turn
|move|p1a: Seismitoad|Stealth Rock|p2a: Conkeldurr
|-sidestart|p2: Authiel|move: Stealth Rock
|
|-heal|p1a: Seismitoad|96/100|[from] item: Leftovers
|-status|p2a: Conkeldurr|brn|[from] item: Flame Orb
|upkeep
|turn|5
|
|switch|p1a: Dragapult|Dragapult, M|100/100
|move|p2a: Conkeldurr|Close Combat|p1a: Dragapult
|-immune|p1a: Dragapult
|
|-damage|p2a: Conkeldurr|94/100 brn|[from] brn
|upkeep
|turn|6
|
|switch|p2a: Clefable|Clefable, F|100/100
|move|p1a: Dragapult|Shadow Ball|p2a: Clefable
|-damage|p2a: Clefable|76/100
|
|-heal|p2a: Clefable|82/100|[from] item: Leftovers
|upkeep
|turn|7
|
|switch|p1a: Sylveon|Sylveon, M|100/100
|move|p2a: Clefable|Thunder Wave|p1a: Sylveon
|-status|p1a: Sylveon|par
|
|-heal|p2a: Clefable|88/100|[from] item: Leftovers
|upkeep
|turn|8
|
|switch|p2a: Corviknight|Corviknight, F|100/100
|-damage|p2a: Corviknight|88/100|[from] Stealth Rock
|-ability|p2a: Corviknight|Pressure
|switch|p1a: Dragapult|Dragapult, M|100/100
|
|-heal|p2a: Corviknight|94/100|[from] item: Leftovers
|upkeep
|turn|9
|
|switch|p2a: Clefable|Clefable, F|88/100
|move|p1a: Dragapult|Fire Blast|p2a: Clefable
|-damage|p2a: Clefable|69/100
|
|-heal|p2a: Clefable|75/100|[from] item: Leftovers
|upkeep
|turn|10
|
|switch|p1a: Sylveon|Sylveon, M|100/100 par
|move|p2a: Clefable|Wish|p2a: Clefable
|
|-heal|p2a: Clefable|81/100|[from] item: Leftovers
|upkeep
|turn|11
|inactive|Battle timer is ON: inactive players will automatically lose when time's up. (requested by Authiel)
|
|switch|p2a: Corviknight|Corviknight, F|94/100
|-damage|p2a: Corviknight|82/100|[from] Stealth Rock
|-ability|p2a: Corviknight|Pressure
|move|p1a: Sylveon|Hyper Voice|p2a: Corviknight
|-resisted|p2a: Corviknight
|-damage|p2a: Corviknight|65/100
|
|-heal|p2a: Corviknight|100/100|[from] move: Wish|[wisher] Clefable
|upkeep
|turn|12
|
|switch|p1a: Dragapult|Dragapult, M|100/100
|move|p2a: Corviknight|Defog|p1a: Dragapult
|-unboost|p1a: Dragapult|evasion|1
|-sideend|p2: Authiel|Stealth Rock|[from] move: Defog|[of] p2a: Corviknight
|
|upkeep
|turn|13
|
|switch|p2a: Clefable|Clefable, F|81/100
|move|p1a: Dragapult|Shadow Ball|p2a: Clefable
|-damage|p2a: Clefable|57/100
|
|-heal|p2a: Clefable|63/100|[from] item: Leftovers
|upkeep
|turn|14
|
|switch|p1a: Clefable|Clefable, F|92/100
|move|p2a: Clefable|Wish|p2a: Clefable
|
|-heal|p2a: Clefable|69/100|[from] item: Leftovers
|upkeep
|turn|15
|
|move|p1a: Clefable|Flamethrower|p2a: Clefable
|-damage|p2a: Clefable|45/100
|move|p2a: Clefable|Thunder Wave|p1a: Clefable
|-status|p1a: Clefable|par
|
|-heal|p2a: Clefable|95/100|[from] move: Wish|[wisher] Clefable
|-heal|p2a: Clefable|100/100|[from] item: Leftovers
|upkeep
|turn|16
|
|switch|p2a: Corviknight|Corviknight, F|100/100
|-ability|p2a: Corviknight|Pressure
|cant|p1a: Clefable|par
|
|upkeep
|turn|17
|
|move|p2a: Corviknight|U-turn|p1a: Clefable
|-resisted|p1a: Clefable
|-damage|p1a: Clefable|84/100 par
|
|switch|p2a: Clefable|Clefable, F|100/100|[from]move: U-turn
|move|p1a: Clefable|Thunderbolt|p2a: Clefable
|-damage|p2a: Clefable|77/100
|
|-heal|p2a: Clefable|83/100|[from] item: Leftovers
|upkeep
|turn|18
|
|move|p2a: Clefable|Moonblast|p1a: Clefable
|-damage|p1a: Clefable|55/100 par
|-unboost|p1a: Clefable|spa|1
|move|p1a: Clefable|Moonblast|p2a: Clefable
|-damage|p2a: Clefable|56/100
|
|-heal|p2a: Clefable|62/100|[from] item: Leftovers
|upkeep
|turn|19
|
|move|p2a: Clefable|Moonblast|p1a: Clefable
|-damage|p1a: Clefable|22/100 par
|move|p1a: Clefable|Moonlight|p1a: Clefable
|-heal|p1a: Clefable|72/100 par
|
|-heal|p2a: Clefable|68/100|[from] item: Leftovers
|upkeep
|turn|20
|
|switch|p1a: Sylveon|Sylveon, M|100/100 par
|move|p2a: Clefable|Moonblast|p1a: Sylveon
|-damage|p1a: Sylveon|83/100 par
|
|-heal|p2a: Clefable|74/100|[from] item: Leftovers
|-heal|p1a: Sylveon|89/100 par|[from] item: Leftovers
|upkeep
|turn|21
|
|switch|p2a: Corviknight|Corviknight, F|100/100
|-ability|p2a: Corviknight|Pressure
|move|p1a: Sylveon|Mystical Fire|p2a: Corviknight
|-supereffective|p2a: Corviknight
|-damage|p2a: Corviknight|70/100
|-unboost|p2a: Corviknight|spa|1
|
|-heal|p2a: Corviknight|76/100|[from] item: Leftovers
|-heal|p1a: Sylveon|95/100 par|[from] item: Leftovers
|upkeep
|turn|22
|
|move|p2a: Corviknight|Iron Head|p1a: Sylveon
|-supereffective|p1a: Sylveon
|-damage|p1a: Sylveon|33/100 par
|move|p1a: Sylveon|Wish|p1a: Sylveon
|
|-heal|p2a: Corviknight|82/100|[from] item: Leftovers
|-heal|p1a: Sylveon|39/100 par|[from] item: Leftovers
|upkeep
|turn|23
|
|move|p1a: Sylveon|Protect|p1a: Sylveon
|-singleturn|p1a: Sylveon|Protect
|move|p2a: Corviknight|Iron Head|p1a: Sylveon
|-activate|p1a: Sylveon|move: Protect
|
|-heal|p1a: Sylveon|89/100 par|[from] move: Wish|[wisher] Sylveon
|-heal|p2a: Corviknight|89/100|[from] item: Leftovers
|-heal|p1a: Sylveon|95/100 par|[from] item: Leftovers
|upkeep
|turn|24
|
|switch|p1a: Corviknight|Corviknight, F|77/100
|-ability|p1a: Corviknight|Pressure
|move|p2a: Corviknight|Iron Head|p1a: Corviknight
|-resisted|p1a: Corviknight
|-damage|p1a: Corviknight|68/100
|
|-heal|p2a: Corviknight|95/100|[from] item: Leftovers
|-heal|p1a: Corviknight|74/100|[from] item: Leftovers
|upkeep
|turn|25
|
|switch|p2a: Toxapex|Toxapex, M|100/100
|move|p1a: Corviknight|Brave Bird|p2a: Toxapex
|-damage|p2a: Toxapex|79/100
|-damage|p1a: Corviknight|69/100|[from] Recoil
|
|-heal|p1a: Corviknight|75/100|[from] item: Leftovers
|-heal|p2a: Toxapex|85/100|[from] item: Black Sludge
|upkeep
|turn|26
|
|move|p1a: Corviknight|Substitute|p1a: Corviknight
|-start|p1a: Corviknight|Substitute
|-damage|p1a: Corviknight|50/100
|move|p2a: Toxapex|Scald|p1a: Corviknight
|-activate|p1a: Corviknight|move: Substitute|[damage]
|
|-heal|p1a: Corviknight|56/100|[from] item: Leftovers
|-heal|p2a: Toxapex|91/100|[from] item: Black Sludge
|upkeep
|turn|27
|
|move|p1a: Corviknight|Bulk Up|p1a: Corviknight
|-boost|p1a: Corviknight|atk|1
|-boost|p1a: Corviknight|def|1
|move|p2a: Toxapex|Scald|p1a: Corviknight
|-activate|p1a: Corviknight|move: Substitute|[damage]
|
|-heal|p1a: Corviknight|62/100|[from] item: Leftovers
|-heal|p2a: Toxapex|98/100|[from] item: Black Sludge
|upkeep
|turn|28
|
|move|p1a: Corviknight|Bulk Up|p1a: Corviknight
|-boost|p1a: Corviknight|atk|1
|-boost|p1a: Corviknight|def|1
|move|p2a: Toxapex|Haze|p2a: Toxapex
|-clearallboost
|
|-heal|p1a: Corviknight|68/100|[from] item: Leftovers
|-heal|p2a: Toxapex|100/100|[from] item: Black Sludge
|upkeep
|turn|29
|
|move|p1a: Corviknight|Roost|p1a: Corviknight
|-heal|p1a: Corviknight|100/100
|-singleturn|p1a: Corviknight|move: Roost
|move|p2a: Toxapex|Scald|p1a: Corviknight
|-end|p1a: Corviknight|Substitute
|
|upkeep
|turn|30
|
|switch|p2a: Toxtricity|Toxtricity, M|52/100
|move|p1a: Corviknight|Substitute|p1a: Corviknight
|-start|p1a: Corviknight|Substitute
|-damage|p1a: Corviknight|76/100
|
|-heal|p1a: Corviknight|82/100|[from] item: Leftovers
|upkeep
|turn|31
|
|move|p2a: Toxtricity|Overdrive|p1a: Corviknight
|-supereffective|p1a: Corviknight
|-damage|p1a: Corviknight|0 fnt
|faint|p1a: Corviknight
|
|upkeep
|
|switch|p1a: Hydreigon|Hydreigon, M|100/100
|turn|32
|
|switch|p2a: Clefable|Clefable, F|74/100
|move|p1a: Hydreigon|Flash Cannon|p2a: Clefable
|-supereffective|p2a: Clefable
|-damage|p2a: Clefable|35/100
|
|-heal|p2a: Clefable|41/100|[from] item: Leftovers
|upkeep
|turn|33
|
|move|p2a: Clefable|Protect|p2a: Clefable
|-singleturn|p2a: Clefable|Protect
|move|p1a: Hydreigon|Substitute|p1a: Hydreigon
|-start|p1a: Hydreigon|Substitute
|-damage|p1a: Hydreigon|76/100
|
|-heal|p1a: Hydreigon|82/100|[from] item: Leftovers
|-heal|p2a: Clefable|47/100|[from] item: Leftovers
|upkeep
|turn|34
|
|move|p1a: Hydreigon|Nasty Plot|p1a: Hydreigon
|-boost|p1a: Hydreigon|spa|2
|move|p2a: Clefable|Wish|p2a: Clefable
|
|-heal|p1a: Hydreigon|88/100|[from] item: Leftovers
|-heal|p2a: Clefable|54/100|[from] item: Leftovers
|upkeep
|turn|35
|
|move|p2a: Clefable|Protect|p2a: Clefable
|-singleturn|p2a: Clefable|Protect
|move|p1a: Hydreigon|Nasty Plot|p1a: Hydreigon
|-boost|p1a: Hydreigon|spa|2
|
|-heal|p2a: Clefable|100/100|[from] move: Wish|[wisher] Clefable
|-heal|p1a: Hydreigon|94/100|[from] item: Leftovers
|upkeep
|turn|36
|
|move|p1a: Hydreigon|Flash Cannon|p2a: Clefable
|-supereffective|p2a: Clefable
|-damage|p2a: Clefable|0 fnt
|faint|p2a: Clefable
|
|-heal|p1a: Hydreigon|99/100|[from] item: Leftovers
|upkeep
|
|switch|p2a: Hydreigon|Hydreigon, M|100/100
|turn|37
|
|move|p2a: Hydreigon|U-turn|p1a: Hydreigon
|-supereffective|p1a: Hydreigon
|-end|p1a: Hydreigon|Substitute
|
|switch|p2a: Toxtricity|Toxtricity, M|52/100|[from]move: U-turn
|move|p1a: Hydreigon|Flash Cannon|p2a: Toxtricity
|-resisted|p2a: Toxtricity
|-damage|p2a: Toxtricity|0 fnt
|faint|p2a: Toxtricity
|
|-heal|p1a: Hydreigon|100/100|[from] item: Leftovers
|upkeep
|
|switch|p2a: Hydreigon|Hydreigon, M|100/100
|turn|38
|
|switch|p1a: Clefable|Clefable, F|72/100 par
|move|p2a: Hydreigon|Draco Meteor|p1a: Clefable
|-immune|p1a: Clefable
|
|upkeep
|turn|39
|
|switch|p2a: Corviknight|Corviknight, F|95/100
|-ability|p2a: Corviknight|Pressure
|move|p1a: Clefable|Thunderbolt|p2a: Corviknight
|-supereffective|p2a: Corviknight
|-damage|p2a: Corviknight|36/100
|
|-heal|p2a: Corviknight|43/100|[from] item: Leftovers
|upkeep
|turn|40
|
|move|p2a: Corviknight|Roost|p2a: Corviknight
|-heal|p2a: Corviknight|93/100
|-singleturn|p2a: Corviknight|move: Roost
|move|p1a: Clefable|Thunderbolt|p2a: Corviknight
|-damage|p2a: Corviknight|61/100
|
|-heal|p2a: Corviknight|67/100|[from] item: Leftovers
|upkeep
|turn|41
|
|move|p2a: Corviknight|Iron Head|p1a: Clefable
|-supereffective|p1a: Clefable
|-damage|p1a: Clefable|13/100 par
|cant|p1a: Clefable|par
|
|-heal|p2a: Corviknight|73/100|[from] item: Leftovers
|upkeep
|turn|42
|
|switch|p1a: Seismitoad|Seismitoad, M|96/100
|move|p2a: Corviknight|Iron Head|p1a: Seismitoad
|-resisted|p1a: Seismitoad
|-damage|p1a: Seismitoad|87/100
|
|-heal|p2a: Corviknight|80/100|[from] item: Leftovers
|-heal|p1a: Seismitoad|93/100|[from] item: Leftovers
|upkeep
|turn|43
|
|move|p2a: Corviknight|U-turn|p1a: Seismitoad
|-damage|p1a: Seismitoad|83/100
|
|switch|p2a: Conkeldurr|Conkeldurr, F|94/100 brn|[from]move: U-turn
|move|p1a: Seismitoad|Scald|p2a: Conkeldurr
|-damage|p2a: Conkeldurr|67/100 brn
|
|-heal|p1a: Seismitoad|89/100|[from] item: Leftovers
|-damage|p2a: Conkeldurr|60/100 brn|[from] brn
|upkeep
|turn|44
|
|switch|p1a: Dragapult|Dragapult, M|100/100
|move|p2a: Conkeldurr|Drain Punch|p1a: Dragapult
|-immune|p1a: Dragapult
|
|-damage|p2a: Conkeldurr|54/100 brn|[from] brn
|upkeep
|turn|45
|
|move|p1a: Dragapult|Draco Meteor|p2a: Conkeldurr
|-damage|p2a: Conkeldurr|0 fnt
|-unboost|p1a: Dragapult|spa|2
|faint|p2a: Conkeldurr
|
|upkeep
|
|switch|p2a: Hydreigon|Hydreigon, M|100/100
|turn|46
|
|switch|p1a: Sylveon|Sylveon, M|95/100 par
|move|p2a: Hydreigon|U-turn|p1a: Sylveon
|-resisted|p1a: Sylveon
|-damage|p1a: Sylveon|85/100 par
|
|switch|p2a: Corviknight|Corviknight, F|80/100|[from]move: U-turn
|-ability|p2a: Corviknight|Pressure
|
|-heal|p2a: Corviknight|86/100|[from] item: Leftovers
|-heal|p1a: Sylveon|91/100 par|[from] item: Leftovers
|upkeep
|turn|47
|
|switch|p1a: Hydreigon|Hydreigon, M|100/100
|move|p2a: Corviknight|Iron Head|p1a: Hydreigon
|-damage|p1a: Hydreigon|73/100
|
|-heal|p1a: Hydreigon|79/100|[from] item: Leftovers
|-heal|p2a: Corviknight|92/100|[from] item: Leftovers
|upkeep
|turn|48
|
|move|p1a: Hydreigon|Dark Pulse|p2a: Corviknight
|-damage|p2a: Corviknight|56/100
|move|p2a: Corviknight|U-turn|p1a: Hydreigon
|-supereffective|p1a: Hydreigon
|-damage|p1a: Hydreigon|43/100
|
|switch|p2a: Hydreigon|Hydreigon, M|100/100|[from]move: U-turn
|
|-heal|p1a: Hydreigon|49/100|[from] item: Leftovers
|upkeep
|turn|49
|
|move|p2a: Hydreigon|U-turn|p1a: Hydreigon
|-supereffective|p1a: Hydreigon
|-damage|p1a: Hydreigon|17/100
|
|switch|p2a: Toxapex|Toxapex, M|100/100|[from]move: U-turn
|move|p1a: Hydreigon|Dark Pulse|p2a: Toxapex
|-damage|p2a: Toxapex|70/100
|
|-heal|p1a: Hydreigon|23/100|[from] item: Leftovers
|-heal|p2a: Toxapex|76/100|[from] item: Black Sludge
|upkeep
|turn|50
|
|switch|p1a: Sylveon|Sylveon, M|91/100 par
|move|p2a: Toxapex|Scald|p1a: Sylveon
|-damage|p1a: Sylveon|83/100 par
|
|-heal|p2a: Toxapex|82/100|[from] item: Black Sludge
|-heal|p1a: Sylveon|89/100 par|[from] item: Leftovers
|upkeep
|turn|51
|
|switch|p2a: Corviknight|Corviknight, F|56/100
|-ability|p2a: Corviknight|Pressure
|move|p1a: Sylveon|Wish|p1a: Sylveon
|
|-heal|p2a: Corviknight|62/100|[from] item: Leftovers
|-heal|p1a: Sylveon|95/100 par|[from] item: Leftovers
|upkeep
|turn|52
|
|move|p2a: Corviknight|Iron Head|p1a: Sylveon
|-supereffective|p1a: Sylveon
|-damage|p1a: Sylveon|37/100 par
|move|p1a: Sylveon|Mystical Fire|p2a: Corviknight
|-supereffective|p2a: Corviknight
|-damage|p2a: Corviknight|27/100
|-unboost|p2a: Corviknight|spa|1
|
|-heal|p1a: Sylveon|87/100 par|[from] move: Wish|[wisher] Sylveon
|-heal|p2a: Corviknight|33/100|[from] item: Leftovers
|-heal|p1a: Sylveon|93/100 par|[from] item: Leftovers
|upkeep
|turn|53
|
|switch|p1a: Dragapult|Dragapult, M|100/100
|move|p2a: Corviknight|Roost|p2a: Corviknight
|-heal|p2a: Corviknight|83/100
|-singleturn|p2a: Corviknight|move: Roost
|
|-heal|p2a: Corviknight|90/100|[from] item: Leftovers
|upkeep
|turn|54
|
|move|p1a: Dragapult|Thunderbolt|p2a: Corviknight
|-supereffective|p2a: Corviknight
|-damage|p2a: Corviknight|36/100
|move|p2a: Corviknight|U-turn|p1a: Dragapult
|-resisted|p1a: Dragapult
|-damage|p1a: Dragapult|90/100
|
|switch|p2a: Hydreigon|Hydreigon, M|100/100|[from]move: U-turn
|
|upkeep
|turn|55
|inactive|KeldeoJockey has 120 seconds left.
|
|switch|p1a: Clefable|Clefable, F|13/100 par
|move|p2a: Hydreigon|Dark Pulse|p1a: Clefable
|-resisted|p1a: Clefable
|-damage|p1a: Clefable|0 fnt
|faint|p1a: Clefable
|
|upkeep
|inactive|KeldeoJockey has 120 seconds left.
|
|switch|p1a: Hydreigon|Hydreigon, M|23/100
|turn|56
|inactive|KeldeoJockey has 120 seconds left.
|
|move|p2a: Hydreigon|Dark Pulse|p1a: Hydreigon
|-resisted|p1a: Hydreigon
|-crit|p1a: Hydreigon
|-damage|p1a: Hydreigon|0 fnt
|faint|p1a: Hydreigon
|
|upkeep
|inactive|KeldeoJockey has 120 seconds left.
|
|switch|p1a: Sylveon|Sylveon, M|93/100 par
|turn|57
|inactive|KeldeoJockey has 120 seconds left.
|
|switch|p2a: Toxapex|Toxapex, M|100/100
|move|p1a: Sylveon|Hyper Voice|p2a: Toxapex
|-resisted|p2a: Toxapex
|-damage|p2a: Toxapex|83/100
|
|-heal|p2a: Toxapex|89/100|[from] item: Black Sludge
|-heal|p1a: Sylveon|99/100 par|[from] item: Leftovers
|upkeep
|turn|58
|inactive|KeldeoJockey has 120 seconds left.
|
|switch|p2a: Corviknight|Corviknight, F|36/100
|-ability|p2a: Corviknight|Pressure
|switch|p1a: Seismitoad|Seismitoad, M|89/100
|
|-heal|p2a: Corviknight|42/100|[from] item: Leftovers
|-heal|p1a: Seismitoad|95/100|[from] item: Leftovers
|upkeep
|turn|59
|inactive|KeldeoJockey has 120 seconds left.
|
|move|p2a: Corviknight|Roost|p2a: Corviknight
|-heal|p2a: Corviknight|92/100
|-singleturn|p2a: Corviknight|move: Roost
|move|p1a: Seismitoad|Scald|p2a: Corviknight
|-damage|p2a: Corviknight|74/100
|
|-heal|p2a: Corviknight|80/100|[from] item: Leftovers
|-heal|p1a: Seismitoad|100/100|[from] item: Leftovers
|upkeep
|turn|60
|inactive|KeldeoJockey has 120 seconds left.
|
|move|p2a: Corviknight|U-turn|p1a: Seismitoad
|-damage|p1a: Seismitoad|91/100
|
|switch|p2a: Toxapex|Toxapex, M|100/100|[from]move: U-turn
|move|p1a: Seismitoad|Scald|p2a: Toxapex
|-resisted|p2a: Toxapex
|-damage|p2a: Toxapex|91/100
|
|-heal|p1a: Seismitoad|97/100|[from] item: Leftovers
|-heal|p2a: Toxapex|97/100|[from] item: Black Sludge
|upkeep
|turn|61
|
|move|p1a: Seismitoad|Stealth Rock|p2a: Toxapex
|-sidestart|p2: Authiel|move: Stealth Rock
|move|p2a: Toxapex|Scald|p1a: Seismitoad
|-heal|p1a: Seismitoad|100/100|[from] ability: Water Absorb|[of] p2a: Toxapex
|
|-heal|p2a: Toxapex|100/100|[from] item: Black Sludge
|upkeep
|turn|62
|inactive|KeldeoJockey has 120 seconds left.
|
|move|p2a: Toxapex|Baneful Bunker|p2a: Toxapex
|-singleturn|p2a: Toxapex|move: Protect
|move|p1a: Seismitoad|Scald|p2a: Toxapex
|-activate|p2a: Toxapex|move: Protect
|
|upkeep
|turn|63
|inactive|KeldeoJockey has 120 seconds left.
|
|switch|p2a: Corviknight|Corviknight, F|80/100
|-damage|p2a: Corviknight|68/100|[from] Stealth Rock
|-ability|p2a: Corviknight|Pressure
|move|p1a: Seismitoad|Toxic|p2a: Corviknight
|-immune|p2a: Corviknight
|
|-heal|p2a: Corviknight|74/100|[from] item: Leftovers
|upkeep
|turn|64
|
|move|p2a: Corviknight|Defog|p1a: Seismitoad
|-unboost|p1a: Seismitoad|evasion|1
|-sideend|p2: Authiel|Stealth Rock|[from] move: Defog|[of] p2a: Corviknight
|move|p1a: Seismitoad|Scald|p2a: Corviknight
|-damage|p2a: Corviknight|56/100
|
|-heal|p2a: Corviknight|62/100|[from] item: Leftovers
|upkeep
|turn|65
|
|move|p2a: Corviknight|Iron Head|p1a: Seismitoad
|-resisted|p1a: Seismitoad
|-damage|p1a: Seismitoad|92/100
|move|p1a: Seismitoad|Scald|p2a: Corviknight
|-damage|p2a: Corviknight|44/100
|-status|p2a: Corviknight|brn
|
|-heal|p2a: Corviknight|50/100 brn|[from] item: Leftovers
|-heal|p1a: Seismitoad|98/100|[from] item: Leftovers
|-damage|p2a: Corviknight|44/100 brn|[from] brn
|upkeep
|turn|66
|
|move|p2a: Corviknight|Roost|p2a: Corviknight
|-heal|p2a: Corviknight|94/100 brn
|-singleturn|p2a: Corviknight|move: Roost
|move|p1a: Seismitoad|Stealth Rock|p2a: Corviknight
|-sidestart|p2: Authiel|move: Stealth Rock
|
|-heal|p2a: Corviknight|99/100 brn|[from] item: Leftovers
|-heal|p1a: Seismitoad|100/100|[from] item: Leftovers
|-damage|p2a: Corviknight|94/100 brn|[from] brn
|upkeep
|turn|67
|
|switch|p1a: Dragapult|Dragapult, M|90/100
|move|p2a: Corviknight|Defog|p1a: Dragapult
|-unboost|p1a: Dragapult|evasion|1
|-sideend|p2: Authiel|Stealth Rock|[from] move: Defog|[of] p2a: Corviknight
|
|-heal|p2a: Corviknight|99/100 brn|[from] item: Leftovers
|-damage|p2a: Corviknight|94/100 brn|[from] brn
|upkeep
|turn|68
|
|move|p1a: Dragapult|Fire Blast|p2a: Corviknight
|-supereffective|p2a: Corviknight
|-damage|p2a: Corviknight|23/100 brn
|move|p2a: Corviknight|U-turn|p1a: Dragapult
|-resisted|p1a: Dragapult
|-damage|p1a: Dragapult|85/100
|
|switch|p2a: Hydreigon|Hydreigon, M|100/100|[from]move: U-turn
|
|upkeep
|turn|69
|
|switch|p1a: Sylveon|Sylveon, M|99/100 par
|move|p2a: Hydreigon|Flash Cannon|p1a: Sylveon
|-supereffective|p1a: Sylveon
|-damage|p1a: Sylveon|69/100 par
|
|-heal|p1a: Sylveon|75/100 par|[from] item: Leftovers
|upkeep
|turn|70
|
|switch|p2a: Corviknight|Corviknight, F|23/100 brn
|-ability|p2a: Corviknight|Pressure
|move|p1a: Sylveon|Hyper Voice|p2a: Corviknight
|-resisted|p2a: Corviknight
|-damage|p2a: Corviknight|5/100 brn
|
|-heal|p2a: Corviknight|12/100 brn|[from] item: Leftovers
|-heal|p1a: Sylveon|81/100 par|[from] item: Leftovers
|-damage|p2a: Corviknight|5/100 brn|[from] brn
|upkeep
|turn|71
|
|switch|p1a: Dragapult|Dragapult, M|85/100
|move|p2a: Corviknight|Roost|p2a: Corviknight
|-heal|p2a: Corviknight|56/100 brn
|-singleturn|p2a: Corviknight|move: Roost
|
|-heal|p2a: Corviknight|62/100 brn|[from] item: Leftovers
|-damage|p2a: Corviknight|56/100 brn|[from] brn
|upkeep
|turn|72
|
|switch|p2a: Toxapex|Toxapex, M|100/100
|move|p1a: Dragapult|Thunderbolt|p2a: Toxapex
|-supereffective|p2a: Toxapex
|-damage|p2a: Toxapex|50/100
|
|-heal|p2a: Toxapex|56/100|[from] item: Black Sludge
|upkeep
|turn|73
|
|move|p2a: Toxapex|Baneful Bunker|p2a: Toxapex
|-singleturn|p2a: Toxapex|move: Protect
|move|p1a: Dragapult|Thunderbolt|p2a: Toxapex
|-activate|p2a: Toxapex|move: Protect
|
|-heal|p2a: Toxapex|62/100|[from] item: Black Sludge
|upkeep
|turn|74
|
|move|p1a: Dragapult|Draco Meteor|p2a: Toxapex
|-damage|p2a: Toxapex|14/100
|-unboost|p1a: Dragapult|spa|2
|move|p2a: Toxapex|Recover|p2a: Toxapex
|-heal|p2a: Toxapex|64/100
|
|-heal|p2a: Toxapex|70/100|[from] item: Black Sludge
|upkeep
|turn|75
|
|switch|p1a: Seismitoad|Seismitoad, M|100/100
|switch|p2a: Hydreigon|Hydreigon, M|100/100
|
|upkeep
|turn|76
|
|move|p2a: Hydreigon|Draco Meteor|p1a: Seismitoad|[miss]
|-miss|p2a: Hydreigon|p1a: Seismitoad
|move|p1a: Seismitoad|Toxic|p2a: Hydreigon
|-status|p2a: Hydreigon|tox
|
|-damage|p2a: Hydreigon|94/100 tox|[from] psn
|upkeep
|turn|77
|
|switch|p2a: Corviknight|Corviknight, F|56/100 brn
|-ability|p2a: Corviknight|Pressure
|switch|p1a: Sylveon|Sylveon, M|81/100 par
|
|-heal|p2a: Corviknight|62/100 brn|[from] item: Leftovers
|-heal|p1a: Sylveon|87/100 par|[from] item: Leftovers
|-damage|p2a: Corviknight|56/100 brn|[from] brn
|upkeep
|turn|78
|
|move|p2a: Corviknight|Roost|p2a: Corviknight
|-heal|p2a: Corviknight|100/100 brn
|-singleturn|p2a: Corviknight|move: Roost
|move|p1a: Sylveon|Wish|p1a: Sylveon
|
|-heal|p1a: Sylveon|93/100 par|[from] item: Leftovers
|-damage|p2a: Corviknight|94/100 brn|[from] brn
|upkeep
|turn|79
|
|switch|p1a: Dragapult|Dragapult, M|85/100
|move|p2a: Corviknight|U-turn|p1a: Dragapult
|-resisted|p1a: Dragapult
|-crit|p1a: Dragapult
|-damage|p1a: Dragapult|78/100
|
|switch|p2a: Hydreigon|Hydreigon, M|94/100 tox|[from]move: U-turn
|
|-heal|p1a: Dragapult|100/100|[from] move: Wish|[wisher] Sylveon
|-damage|p2a: Hydreigon|88/100 tox|[from] psn
|upkeep
|turn|80
|
|switch|p1a: Seismitoad|Seismitoad, M|100/100
|move|p2a: Hydreigon|Draco Meteor|p1a: Seismitoad
|-damage|p1a: Seismitoad|31/100
|-unboost|p2a: Hydreigon|spa|2
|
|-heal|p1a: Seismitoad|37/100|[from] item: Leftovers
|-damage|p2a: Hydreigon|76/100 tox|[from] psn
|upkeep
|turn|81
|
|switch|p2a: Corviknight|Corviknight, F|94/100 brn
|-ability|p2a: Corviknight|Pressure
|switch|p1a: Dragapult|Dragapult, M|100/100
|
|-heal|p2a: Corviknight|100/100 brn|[from] item: Leftovers
|-damage|p2a: Corviknight|94/100 brn|[from] brn
|upkeep
|turn|82
|inactive|KeldeoJockey has 120 seconds left.
|
|switch|p2a: Toxapex|Toxapex, M|100/100
|move|p1a: Dragapult|Fire Blast|p2a: Toxapex|[miss]
|-miss|p1a: Dragapult|p2a: Toxapex
|
|upkeep
|turn|83
|inactive|KeldeoJockey has 120 seconds left.
|
|move|p1a: Dragapult|Thunderbolt|p2a: Toxapex
|-supereffective|p2a: Toxapex
|-damage|p2a: Toxapex|46/100
|move|p2a: Toxapex|Scald|p1a: Dragapult
|-resisted|p1a: Dragapult
|-damage|p1a: Dragapult|90/100
|
|-heal|p2a: Toxapex|52/100|[from] item: Black Sludge
|upkeep
|turn|84
|inactive|KeldeoJockey has 120 seconds left.
|
|move|p2a: Toxapex|Baneful Bunker|p2a: Toxapex
|-singleturn|p2a: Toxapex|move: Protect
|move|p1a: Dragapult|Thunderbolt|p2a: Toxapex
|-activate|p2a: Toxapex|move: Protect
|
|-heal|p2a: Toxapex|58/100|[from] item: Black Sludge
|upkeep
|turn|85
|inactive|KeldeoJockey has 120 seconds left.
|
|move|p1a: Dragapult|Thunderbolt|p2a: Toxapex
|-supereffective|p2a: Toxapex
|-damage|p2a: Toxapex|9/100
|move|p2a: Toxapex|Recover|p2a: Toxapex
|-heal|p2a: Toxapex|59/100
|
|-heal|p2a: Toxapex|66/100|[from] item: Black Sludge
|upkeep
|turn|86
|inactive|KeldeoJockey has 120 seconds left.
|
|move|p2a: Toxapex|Baneful Bunker|p2a: Toxapex
|-singleturn|p2a: Toxapex|move: Protect
|move|p1a: Dragapult|Thunderbolt|p2a: Toxapex
|-activate|p2a: Toxapex|move: Protect
|
|-heal|p2a: Toxapex|72/100|[from] item: Black Sludge
|upkeep
|turn|87
|inactive|KeldeoJockey has 120 seconds left.
|
|move|p1a: Dragapult|Thunderbolt|p2a: Toxapex
|-supereffective|p2a: Toxapex
|-damage|p2a: Toxapex|24/100
|-status|p2a: Toxapex|par
|cant|p2a: Toxapex|par
|
|-heal|p2a: Toxapex|30/100 par|[from] item: Black Sludge
|upkeep
|turn|88
|inactive|KeldeoJockey has 120 seconds left.
|
|cant|p2a: Toxapex|par
|move|p1a: Dragapult|Draco Meteor|p2a: Toxapex|[miss]
|-miss|p1a: Dragapult|p2a: Toxapex
|
|-heal|p2a: Toxapex|36/100 par|[from] item: Black Sludge
|upkeep
|turn|89
|
|cant|p2a: Toxapex|par
|move|p1a: Dragapult|Thunderbolt|p2a: Toxapex
|-supereffective|p2a: Toxapex
|-damage|p2a: Toxapex|0 fnt
|faint|p2a: Toxapex
|
|upkeep
|
|switch|p2a: Hydreigon|Hydreigon, M|76/100 tox
|turn|90
|
|switch|p1a: Seismitoad|Seismitoad, M|37/100
|move|p2a: Hydreigon|Flash Cannon|p1a: Seismitoad
|-resisted|p1a: Seismitoad
|-damage|p1a: Seismitoad|23/100
|
|-heal|p1a: Seismitoad|29/100|[from] item: Leftovers
|-damage|p2a: Hydreigon|70/100 tox|[from] psn
|upkeep
|turn|91
|
|switch|p2a: Corviknight|Corviknight, F|94/100 brn
|-ability|p2a: Corviknight|Pressure
|move|p1a: Seismitoad|Stealth Rock|p2a: Corviknight
|-sidestart|p2: Authiel|move: Stealth Rock
|
|-heal|p2a: Corviknight|100/100 brn|[from] item: Leftovers
|-heal|p1a: Seismitoad|35/100|[from] item: Leftovers
|-damage|p2a: Corviknight|94/100 brn|[from] brn
|upkeep
|turn|92
|c|☆Authiel|The hax was too much this game
|
|move|p2a: Corviknight|Defog|p1a: Seismitoad
|-unboost|p1a: Seismitoad|evasion|1
|-sideend|p2: Authiel|Stealth Rock|[from] move: Defog|[of] p2a: Corviknight
|move|p1a: Seismitoad|Scald|p2a: Corviknight
|-damage|p2a: Corviknight|75/100 brn
|
|-heal|p2a: Corviknight|81/100 brn|[from] item: Leftovers
|-heal|p1a: Seismitoad|41/100|[from] item: Leftovers
|-damage|p2a: Corviknight|75/100 brn|[from] brn
|upkeep
|turn|93
|
|move|p2a: Corviknight|Iron Head|p1a: Seismitoad
|-resisted|p1a: Seismitoad
|-damage|p1a: Seismitoad|37/100
|move|p1a: Seismitoad|Scald|p2a: Corviknight
|-damage|p2a: Corviknight|57/100 brn
|
|-heal|p2a: Corviknight|63/100 brn|[from] item: Leftovers
|-heal|p1a: Seismitoad|43/100|[from] item: Leftovers
|-damage|p2a: Corviknight|57/100 brn|[from] brn
|upkeep
|turn|94
|
|switch|p1a: Dragapult|Dragapult, M|90/100
|move|p2a: Corviknight|Roost|p2a: Corviknight
|-heal|p2a: Corviknight|100/100 brn
|-singleturn|p2a: Corviknight|move: Roost
|
|-damage|p2a: Corviknight|94/100 brn|[from] brn
|upkeep
|turn|95
|inactive|KeldeoJockey has 90 seconds left.
|
|move|p1a: Dragapult|Draco Meteor|p2a: Corviknight
|-resisted|p2a: Corviknight
|-damage|p2a: Corviknight|71/100 brn
|-unboost|p1a: Dragapult|spa|2
|move|p2a: Corviknight|U-turn|p1a: Dragapult
|-resisted|p1a: Dragapult
|-damage|p1a: Dragapult|85/100
|
|switch|p2a: Hydreigon|Hydreigon, M|70/100 tox|[from]move: U-turn
|
|-damage|p2a: Hydreigon|64/100 tox|[from] psn
|upkeep
|turn|96
|
|switch|p1a: Sylveon|Sylveon, M|93/100 par
|move|p2a: Hydreigon|Dark Pulse|p1a: Sylveon
|-resisted|p1a: Sylveon
|-damage|p1a: Sylveon|83/100 par
|
|-heal|p1a: Sylveon|89/100 par|[from] item: Leftovers
|-damage|p2a: Hydreigon|51/100 tox|[from] psn
|upkeep
|turn|97
|
|switch|p2a: Corviknight|Corviknight, F|71/100 brn
|-ability|p2a: Corviknight|Pressure
|move|p1a: Sylveon|Wish|p1a: Sylveon
|
|-heal|p2a: Corviknight|77/100 brn|[from] item: Leftovers
|-heal|p1a: Sylveon|95/100 par|[from] item: Leftovers
|-damage|p2a: Corviknight|71/100 brn|[from] brn
|upkeep
|turn|98
|
|switch|p1a: Dragapult|Dragapult, M|85/100
|move|p2a: Corviknight|Iron Head|p1a: Dragapult
|-damage|p1a: Dragapult|67/100
|
|-heal|p1a: Dragapult|100/100|[from] move: Wish|[wisher] Sylveon
|-heal|p2a: Corviknight|77/100 brn|[from] item: Leftovers
|-damage|p2a: Corviknight|71/100 brn|[from] brn
|upkeep
|turn|99
|
|move|p1a: Dragapult|Fire Blast|p2a: Corviknight
|-supereffective|p2a: Corviknight
|-damage|p2a: Corviknight|1/100 brn
|move|p2a: Corviknight|U-turn|p1a: Dragapult
|-resisted|p1a: Dragapult
|-damage|p1a: Dragapult|95/100
|
|switch|p2a: Hydreigon|Hydreigon, M|51/100 tox|[from]move: U-turn
|
|-damage|p2a: Hydreigon|45/100 tox|[from] psn
|upkeep
|turn|100
|
|switch|p1a: Seismitoad|Seismitoad, M|43/100
|move|p2a: Hydreigon|Flash Cannon|p1a: Seismitoad
|-resisted|p1a: Seismitoad
|-damage|p1a: Seismitoad|29/100
|
|-heal|p1a: Seismitoad|35/100|[from] item: Leftovers
|-damage|p2a: Hydreigon|33/100 tox|[from] psn
|upkeep
|turn|101
|c|☆Authiel|Lucked
|-message|Authiel forfeited.
|
|win|KeldeoJockey
|l|☆Authiel
|raw|KeldeoJockey's rating: 1363 → 1382(+19 for winning)
|raw|Authiel's rating: 1343 → 1324(-19 for losing)
