|ScrapeTime|2020-01-02-10:34:41
|j|☆HeartlessScumbag
|j|☆FHTP
|player|p1|HeartlessScumbag|265|1480
|player|p2|FHTP|101|1454
|teamsize|p1|6
|teamsize|p2|6
|gametype|singles
|gen|8
|tier|[Gen 8] OU
|rated|
|rule|Sleep Clause Mod: Limit one foe put to sleep
|rule|Species Clause: Limit one of each Pokémon
|rule|OHKO Clause: OHKO moves are banned
|rule|Evasion Moves Clause: Evasion moves are banned
|rule|Endless Battle Clause: Forcing endless battles is banned
|rule|HP Percentage Mod: HP is shown in percentages
|clearpoke
|poke|p1|Barraskewda, M|
|poke|p1|Pelipper, F|
|poke|p1|Dracovish|
|poke|p1|Ferrothorn, M|
|poke|p1|Conkeldurr, F|
|poke|p1|Mantine, M|
|poke|p2|Tyranitar, M|
|poke|p2|Excadrill, F|
|poke|p2|Clefable, M|
|poke|p2|Rotom-Heat|
|poke|p2|Seismitoad, F|
|poke|p2|Corviknight, F|
|rule|Dynamax Clause: You cannot dynamax
|teampreview
|inactive|Battle timer is ON: inactive players will automatically lose when time's up. (requested by HeartlessScumbag)
|
|start
|switch|p1a: Katrina|Pelipper, F|100/100
|switch|p2a: Rotom|Rotom-Heat|100/100
|-weather|RainDance|[from] ability: Drizzle|[of] p1a: Katrina
|turn|1
|
|switch|p1a: Ferrothorn|Ferrothorn, M|100/100
|move|p2a: Rotom|Nasty Plot|p2a: Rotom
|-boost|p2a: Rotom|spa|2
|
|-weather|RainDance|[upkeep]
|upkeep
|turn|2
|
|switch|p1a: Mantine|Mantine, M|100/100
|move|p2a: Rotom|Overheat|p1a: Mantine
|-resisted|p1a: Mantine
|-damage|p1a: Mantine|73/100
|-unboost|p2a: Rotom|spa|2
|
|-weather|RainDance|[upkeep]
|upkeep
|turn|3
|
|switch|p1a: Conkeldurr|Conkeldurr, F|100/100
|switch|p2a: Seismitoad|Seismitoad, F|100/100
|
|-weather|RainDance|[upkeep]
|-status|p1a: Conkeldurr|brn|[from] item: Flame Orb
|upkeep
|turn|4
|
|switch|p2a: Clefable|Clefable, M|100/100
|move|p1a: Conkeldurr|Earthquake|p2a: Clefable
|-damage|p2a: Clefable|21/100
|
|-weather|RainDance|[upkeep]
|-damage|p1a: Conkeldurr|94/100 brn|[from] brn
|upkeep
|turn|5
|
|switch|p1a: Ferrothorn|Ferrothorn, M|100/100
|move|p2a: Clefable|Moonblast|p1a: Ferrothorn
|-resisted|p1a: Ferrothorn
|-damage|p1a: Ferrothorn|77/100
|
|-weather|RainDance|[upkeep]
|-heal|p1a: Ferrothorn|83/100|[from] item: Leftovers
|upkeep
|turn|6
|
|switch|p1a: Mantine|Mantine, M|73/100
|move|p2a: Clefable|Moonlight|p2a: Clefable
|-heal|p2a: Clefable|46/100
|
|-weather|RainDance|[upkeep]
|upkeep
|turn|7
|
|switch|p2a: Seismitoad|Seismitoad, F|100/100
|move|p1a: Mantine|Hurricane|p2a: Seismitoad
|-damage|p2a: Seismitoad|26/100
|-start|p2a: Seismitoad|confusion
|
|-weather|RainDance|[upkeep]
|-heal|p2a: Seismitoad|32/100|[from] item: Leftovers
|upkeep
|turn|8
|
|switch|p1a: Conkeldurr|Conkeldurr, F|94/100 brn
|switch|p2a: Rotom|Rotom-Heat|100/100
|
|-weather|none
|-damage|p1a: Conkeldurr|88/100 brn|[from] brn
|upkeep
|turn|9
|
|switch|p2a: Corviknight|Corviknight, F|100/100
|-ability|p2a: Corviknight|Pressure
|move|p1a: Conkeldurr|Drain Punch|p2a: Corviknight
|-damage|p2a: Corviknight|57/100
|-heal|p1a: Conkeldurr|100/100 brn|[from] drain|[of] p2a: Corviknight
|
|-heal|p2a: Corviknight|63/100|[from] item: Leftovers
|-damage|p1a: Conkeldurr|94/100 brn|[from] brn
|upkeep
|turn|10
|
|switch|p1a: Katrina|Pelipper, F|100/100
|-weather|RainDance|[from] ability: Drizzle|[of] p1a: Katrina
|move|p2a: Corviknight|Brave Bird|p1a: Katrina
|-crit|p1a: Katrina
|-damage|p1a: Katrina|56/100
|-damage|p2a: Corviknight|51/100|[from] Recoil
|
|-weather|RainDance|[upkeep]
|-heal|p2a: Corviknight|57/100|[from] item: Leftovers
|upkeep
|turn|11
|
|switch|p2a: Seismitoad|Seismitoad, F|32/100
|move|p1a: Katrina|U-turn|p2a: Seismitoad
|-damage|p2a: Seismitoad|25/100
|
|switch|p1a: Mantine|Mantine, M|73/100|[from]move: U-turn
|
|-weather|RainDance|[upkeep]
|-heal|p2a: Seismitoad|31/100|[from] item: Leftovers
|upkeep
|turn|12
|
|switch|p2a: Rotom|Rotom-Heat|100/100
|move|p1a: Mantine|Hurricane|p2a: Rotom
|-resisted|p2a: Rotom
|-damage|p2a: Rotom|65/100
|
|-weather|RainDance|[upkeep]
|upkeep
|turn|13
|
|switch|p1a: Ferrothorn|Ferrothorn, M|83/100
|move|p2a: Rotom|Discharge|p1a: Ferrothorn
|-resisted|p1a: Ferrothorn
|-damage|p1a: Ferrothorn|65/100
|-status|p1a: Ferrothorn|par
|
|-weather|RainDance|[upkeep]
|-heal|p1a: Ferrothorn|72/100 par|[from] item: Leftovers
|upkeep
|turn|14
|
|move|p2a: Rotom|Nasty Plot|p2a: Rotom
|-boost|p2a: Rotom|spa|2
|move|p1a: Ferrothorn|Stealth Rock|p2a: Rotom
|-sidestart|p2: FHTP|move: Stealth Rock
|
|-weather|RainDance|[upkeep]
|-heal|p1a: Ferrothorn|78/100 par|[from] item: Leftovers
|upkeep
|turn|15
|
|move|p2a: Rotom|Discharge|p1a: Ferrothorn
|-resisted|p1a: Ferrothorn
|-damage|p1a: Ferrothorn|43/100 par
|move|p1a: Ferrothorn|Body Press|p2a: Rotom
|-damage|p2a: Rotom|31/100
|
|-weather|RainDance|[upkeep]
|-heal|p1a: Ferrothorn|49/100 par|[from] item: Leftovers
|upkeep
|turn|16
|
|switch|p1a: Mantine|Mantine, M|73/100
|move|p2a: Rotom|Overheat|p1a: Mantine
|-resisted|p1a: Mantine
|-damage|p1a: Mantine|47/100
|-unboost|p2a: Rotom|spa|2
|
|-weather|RainDance|[upkeep]
|upkeep
|turn|17
|
|switch|p2a: Corviknight|Corviknight, F|57/100
|-damage|p2a: Corviknight|45/100|[from] Stealth Rock
|-ability|p2a: Corviknight|Pressure
|move|p1a: Mantine|Hurricane|p2a: Corviknight
|-resisted|p2a: Corviknight
|-damage|p2a: Corviknight|16/100
|
|-weather|none
|-heal|p2a: Corviknight|22/100|[from] item: Leftovers
|upkeep
|turn|18
|
|move|p1a: Mantine|Hurricane|p2a: Corviknight
|-resisted|p2a: Corviknight
|-damage|p2a: Corviknight|0 fnt
|faint|p2a: Corviknight
|
|upkeep
|
|switch|p2a: Tyranitar|Tyranitar, M|100/100
|-damage|p2a: Tyranitar|88/100|[from] Stealth Rock
|-weather|Sandstorm|[from] ability: Sand Stream|[of] p2a: Tyranitar
|turn|19
|
|switch|p1a: Conkeldurr|Conkeldurr, F|94/100 brn
|move|p2a: Tyranitar|Stone Edge|p1a: Conkeldurr|[miss]
|-miss|p2a: Tyranitar|p1a: Conkeldurr
|
|-weather|Sandstorm|[upkeep]
|-damage|p1a: Conkeldurr|88/100 brn|[from] Sandstorm
|-damage|p1a: Conkeldurr|82/100 brn|[from] brn
|upkeep
|turn|20
|
|switch|p2a: Clefable|Clefable, M|46/100
|move|p1a: Conkeldurr|Drain Punch|p2a: Clefable
|-resisted|p2a: Clefable
|-damage|p2a: Clefable|2/100
|-heal|p1a: Conkeldurr|100/100 brn|[from] drain|[of] p2a: Clefable
|
|-weather|Sandstorm|[upkeep]
|-damage|p1a: Conkeldurr|94/100 brn|[from] Sandstorm
|-damage|p1a: Conkeldurr|88/100 brn|[from] brn
|upkeep
|turn|21
|
|move|p1a: Conkeldurr|Mach Punch|p2a: Clefable
|-resisted|p2a: Clefable
|-damage|p2a: Clefable|0 fnt
|faint|p2a: Clefable
|
|-weather|Sandstorm|[upkeep]
|-damage|p1a: Conkeldurr|82/100 brn|[from] Sandstorm
|-damage|p1a: Conkeldurr|76/100 brn|[from] brn
|upkeep
|
|switch|p2a: Rotom|Rotom-Heat|31/100
|turn|22
|
|move|p1a: Conkeldurr|Mach Punch|p2a: Rotom
|-damage|p2a: Rotom|0 fnt
|faint|p2a: Rotom
|
|-weather|Sandstorm|[upkeep]
|-damage|p1a: Conkeldurr|70/100 brn|[from] Sandstorm
|-damage|p1a: Conkeldurr|64/100 brn|[from] brn
|upkeep
|-message|FHTP forfeited.
|
|win|HeartlessScumbag
|l|☆FHTP
|raw|HeartlessScumbag's rating: 1480 → 1499(+19 for winning)
|raw|FHTP's rating: 1454 → 1436(-18 for losing)
