|ScrapeTime|2020-01-01-17:05:20
|j|☆ccbrun
|j|☆heelflores
|player|p1|ccbrun|146|1162
|player|p2|heelflores|151|1163
|teamsize|p1|6
|teamsize|p2|6
|gametype|singles
|gen|8
|tier|[Gen 8] OU
|rated|
|rule|Sleep Clause Mod: Limit one foe put to sleep
|rule|Species Clause: Limit one of each Pokémon
|rule|OHKO Clause: OHKO moves are banned
|rule|Evasion Moves Clause: Evasion moves are banned
|rule|Endless Battle Clause: Forcing endless battles is banned
|rule|HP Percentage Mod: HP is shown in percentages
|clearpoke
|poke|p1|Ditto|
|poke|p1|Ferrothorn, M|
|poke|p1|Mimikyu, F|
|poke|p1|Centiskorch, M|
|poke|p1|Gallade, M|
|poke|p1|Gastrodon-East, M|
|poke|p2|Pelipper, M|
|poke|p2|Dragapult, F|
|poke|p2|Ferrothorn, F|
|poke|p2|Dracovish|
|poke|p2|Mimikyu, M|
|poke|p2|Seismitoad, M|
|rule|Dynamax Clause: You cannot dynamax
|teampreview
|
|start
|switch|p1a: Gallade|Gallade, M|100/100
|switch|p2a: Seismitoad|Seismitoad, M|100/100
|turn|1
|
|switch|p2a: Pelipper|Pelipper, M|100/100
|-weather|RainDance|[from] ability: Drizzle|[of] p2a: Pelipper
|move|p1a: Gallade|Swords Dance|p1a: Gallade
|-boost|p1a: Gallade|atk|2
|
|-weather|RainDance|[upkeep]
|upkeep
|turn|2
|
|move|p1a: Gallade|Endure|p1a: Gallade
|-singleturn|p1a: Gallade|move: Endure
|move|p2a: Pelipper|Hurricane|p1a: Gallade
|-supereffective|p1a: Gallade
|-damage|p1a: Gallade|25/100
|-enditem|p1a: Gallade|Salac Berry|[eat]
|-boost|p1a: Gallade|spe|1
|
|-weather|RainDance|[upkeep]
|upkeep
|turn|3
|
|switch|p2a: Dragapult|Dragapult, F|100/100
|move|p1a: Gallade|Zen Headbutt|p2a: Dragapult
|-damage|p2a: Dragapult|0 fnt
|faint|p2a: Dragapult
|
|-weather|RainDance|[upkeep]
|upkeep
|
|switch|p2a: Mimikyu|Mimikyu, M, shiny|100/100
|turn|4
|
|move|p2a: Mimikyu|Shadow Sneak|p1a: Gallade
|-supereffective|p1a: Gallade
|-damage|p1a: Gallade|0 fnt
|faint|p1a: Gallade
|
|-weather|RainDance|[upkeep]
|upkeep
|
|switch|p1a: Ferrothorn|Ferrothorn, M|100/100
|turn|5
|
|switch|p1a: Centiskorch|Centiskorch, M|100/100
|move|p2a: Mimikyu|Substitute|p2a: Mimikyu
|-start|p2a: Mimikyu|Substitute
|-damage|p2a: Mimikyu|76/100
|
|-weather|RainDance|[upkeep]
|-heal|p2a: Mimikyu|82/100|[from] item: Leftovers
|upkeep
|turn|6
|
|move|p2a: Mimikyu|Swords Dance|p2a: Mimikyu
|-boost|p2a: Mimikyu|atk|2
|move|p1a: Centiskorch|Coil|p1a: Centiskorch
|-boost|p1a: Centiskorch|atk|1
|-boost|p1a: Centiskorch|def|1
|-boost|p1a: Centiskorch|accuracy|1
|
|-weather|RainDance|[upkeep]
|-heal|p2a: Mimikyu|88/100|[from] item: Leftovers
|upkeep
|turn|7
|
|move|p2a: Mimikyu|Swords Dance|p2a: Mimikyu
|-boost|p2a: Mimikyu|atk|2
|move|p1a: Centiskorch|Fire Lash|p2a: Mimikyu
|-end|p2a: Mimikyu|Substitute
|
|-weather|RainDance|[upkeep]
|-heal|p2a: Mimikyu|94/100|[from] item: Leftovers
|upkeep
|turn|8
|
|switch|p1a: Ferrothorn|Ferrothorn, M|100/100
|move|p2a: Mimikyu|Shadow Sneak|p1a: Ferrothorn
|-damage|p1a: Ferrothorn|72/100
|-damage|p2a: Mimikyu|81/100|[from] ability: Iron Barbs|[of] p1a: Ferrothorn
|-damage|p2a: Mimikyu|65/100|[from] item: Rocky Helmet|[of] p1a: Ferrothorn
|
|-weather|none
|-heal|p2a: Mimikyu|71/100|[from] item: Leftovers
|upkeep
|turn|9
|
|move|p2a: Mimikyu|Substitute|p2a: Mimikyu
|-start|p2a: Mimikyu|Substitute
|-damage|p2a: Mimikyu|46/100
|move|p1a: Ferrothorn|Leech Seed||[still]
|-fail|p1a: Ferrothorn
|
|-heal|p2a: Mimikyu|52/100|[from] item: Leftovers
|upkeep
|turn|10
|
|move|p2a: Mimikyu|Swords Dance|p2a: Mimikyu
|-boost|p2a: Mimikyu|atk|2
|move|p1a: Ferrothorn|Gyro Ball|p2a: Mimikyu
|-supereffective|p2a: Mimikyu
|-end|p2a: Mimikyu|Substitute
|
|-heal|p2a: Mimikyu|58/100|[from] item: Leftovers
|upkeep
|turn|11
|
|move|p2a: Mimikyu|Substitute|p2a: Mimikyu
|-start|p2a: Mimikyu|Substitute
|-damage|p2a: Mimikyu|34/100
|move|p1a: Ferrothorn|Gyro Ball|p2a: Mimikyu
|-supereffective|p2a: Mimikyu
|-end|p2a: Mimikyu|Substitute
|
|-heal|p2a: Mimikyu|40/100|[from] item: Leftovers
|upkeep
|turn|12
|
|switch|p2a: Ferrothorn|Ferrothorn, F|100/100
|move|p1a: Ferrothorn|Gyro Ball|p2a: Ferrothorn
|-resisted|p2a: Ferrothorn
|-damage|p2a: Ferrothorn|96/100
|-damage|p1a: Ferrothorn|60/100|[from] ability: Iron Barbs|[of] p2a: Ferrothorn
|-damage|p1a: Ferrothorn|44/100|[from] item: Rocky Helmet|[of] p2a: Ferrothorn
|
|upkeep
|turn|13
|
|switch|p1a: Centiskorch|Centiskorch, M|100/100
|move|p2a: Ferrothorn|Stealth Rock|p1a: Centiskorch
|-sidestart|p1: ccbrun|move: Stealth Rock
|
|upkeep
|turn|14
|
|switch|p2a: Pelipper|Pelipper, M|100/100
|-weather|RainDance|[from] ability: Drizzle|[of] p2a: Pelipper
|move|p1a: Centiskorch|Coil|p1a: Centiskorch
|-boost|p1a: Centiskorch|atk|1
|-boost|p1a: Centiskorch|def|1
|-boost|p1a: Centiskorch|accuracy|1
|
|-weather|RainDance|[upkeep]
|upkeep
|turn|15
|
|move|p1a: Centiskorch|Leech Life|p2a: Pelipper
|-resisted|p2a: Pelipper
|-damage|p2a: Pelipper|77/100
|move|p2a: Pelipper|Hurricane|p1a: Centiskorch
|-supereffective|p1a: Centiskorch
|-damage|p1a: Centiskorch|26/100
|-start|p1a: Centiskorch|confusion
|
|-weather|RainDance|[upkeep]
|upkeep
|turn|16
|
|-activate|p1a: Centiskorch|confusion
|move|p1a: Centiskorch|Power Whip|p2a: Pelipper
|-damage|p2a: Pelipper|32/100
|move|p2a: Pelipper|Hurricane|p1a: Centiskorch
|-supereffective|p1a: Centiskorch
|-damage|p1a: Centiskorch|0 fnt
|faint|p1a: Centiskorch
|
|-weather|RainDance|[upkeep]
|upkeep
|
|switch|p1a: Gastrodon|Gastrodon-East, M, shiny|100/100
|-damage|p1a: Gastrodon|94/100|[from] Stealth Rock
|turn|17
|
|move|p2a: Pelipper|Roost|p2a: Pelipper
|-heal|p2a: Pelipper|82/100
|-singleturn|p2a: Pelipper|move: Roost
|move|p1a: Gastrodon|Scald|p2a: Pelipper
|-resisted|p2a: Pelipper
|-damage|p2a: Pelipper|54/100
|
|-weather|RainDance|[upkeep]
|-heal|p1a: Gastrodon|100/100|[from] item: Leftovers
|upkeep
|turn|18
|
|move|p2a: Pelipper|Hurricane|p1a: Gastrodon
|-damage|p1a: Gastrodon|67/100
|-start|p1a: Gastrodon|confusion
|-activate|p1a: Gastrodon|confusion
|move|p1a: Gastrodon|Earth Power|p2a: Pelipper
|-immune|p2a: Pelipper
|
|-weather|RainDance|[upkeep]
|-heal|p1a: Gastrodon|73/100|[from] item: Leftovers
|upkeep
|turn|19
|
|move|p2a: Pelipper|Roost|p2a: Pelipper
|-heal|p2a: Pelipper|100/100
|-singleturn|p2a: Pelipper|move: Roost
|-activate|p1a: Gastrodon|confusion
|move|p1a: Gastrodon|Scald|p2a: Pelipper
|-resisted|p2a: Pelipper
|-damage|p2a: Pelipper|75/100
|
|-weather|RainDance|[upkeep]
|-heal|p1a: Gastrodon|79/100|[from] item: Leftovers
|upkeep
|turn|20
|
|move|p2a: Pelipper|Hurricane|p1a: Gastrodon
|-damage|p1a: Gastrodon|44/100
|-activate|p1a: Gastrodon|confusion
|move|p1a: Gastrodon|Scald|p2a: Pelipper
|-resisted|p2a: Pelipper
|-crit|p2a: Pelipper
|-damage|p2a: Pelipper|32/100
|
|-weather|RainDance|[upkeep]
|-heal|p1a: Gastrodon|50/100|[from] item: Leftovers
|upkeep
|turn|21
|
|move|p2a: Pelipper|Hurricane|p1a: Gastrodon
|-damage|p1a: Gastrodon|18/100
|-end|p1a: Gastrodon|confusion
|move|p1a: Gastrodon|Scald|p2a: Pelipper
|-resisted|p2a: Pelipper
|-damage|p2a: Pelipper|3/100
|
|-weather|none
|-heal|p1a: Gastrodon|24/100|[from] item: Leftovers
|upkeep
|turn|22
|
|move|p2a: Pelipper|Roost|p2a: Pelipper
|-heal|p2a: Pelipper|53/100
|-singleturn|p2a: Pelipper|move: Roost
|move|p1a: Gastrodon|Scald|p2a: Pelipper
|-resisted|p2a: Pelipper
|-damage|p2a: Pelipper|35/100
|-status|p2a: Pelipper|brn
|
|-heal|p1a: Gastrodon|31/100|[from] item: Leftovers
|-damage|p2a: Pelipper|29/100 brn|[from] brn
|upkeep
|turn|23
|
|move|p2a: Pelipper|Roost|p2a: Pelipper
|-heal|p2a: Pelipper|79/100 brn
|-singleturn|p2a: Pelipper|move: Roost
|move|p1a: Gastrodon|Recover|p1a: Gastrodon
|-heal|p1a: Gastrodon|81/100
|
|-heal|p1a: Gastrodon|87/100|[from] item: Leftovers
|-damage|p2a: Pelipper|73/100 brn|[from] brn
|upkeep
|turn|24
|
|move|p2a: Pelipper|Hurricane|p1a: Gastrodon|[miss]
|-miss|p2a: Pelipper|p1a: Gastrodon
|move|p1a: Gastrodon|Scald|p2a: Pelipper
|-resisted|p2a: Pelipper
|-damage|p2a: Pelipper|56/100 brn
|
|-heal|p1a: Gastrodon|93/100|[from] item: Leftovers
|-damage|p2a: Pelipper|50/100 brn|[from] brn
|upkeep
|turn|25
|
|move|p2a: Pelipper|Roost|p2a: Pelipper
|-heal|p2a: Pelipper|99/100 brn
|-singleturn|p2a: Pelipper|move: Roost
|move|p1a: Gastrodon|Scald|p2a: Pelipper
|-resisted|p2a: Pelipper
|-damage|p2a: Pelipper|82/100 brn
|
|-heal|p1a: Gastrodon|99/100|[from] item: Leftovers
|-damage|p2a: Pelipper|76/100 brn|[from] brn
|upkeep
|turn|26
|
|switch|p2a: Ferrothorn|Ferrothorn, F|96/100
|move|p1a: Gastrodon|Scald|p2a: Ferrothorn
|-resisted|p2a: Ferrothorn
|-crit|p2a: Ferrothorn
|-damage|p2a: Ferrothorn|79/100
|
|-heal|p1a: Gastrodon|100/100|[from] item: Leftovers
|upkeep
|turn|27
|
|switch|p1a: Ferrothorn|Ferrothorn, M|44/100
|-damage|p1a: Ferrothorn|38/100|[from] Stealth Rock
|move|p2a: Ferrothorn|Knock Off|p1a: Ferrothorn
|-damage|p1a: Ferrothorn|25/100
|-damage|p2a: Ferrothorn|67/100|[from] ability: Iron Barbs|[of] p1a: Ferrothorn
|-damage|p2a: Ferrothorn|51/100|[from] item: Rocky Helmet|[of] p1a: Ferrothorn
|-enditem|p1a: Ferrothorn|Rocky Helmet|[from] move: Knock Off|[of] p2a: Ferrothorn
|
|upkeep
|turn|28
|
|switch|p2a: Pelipper|Pelipper, M|76/100 brn
|-weather|RainDance|[from] ability: Drizzle|[of] p2a: Pelipper
|move|p1a: Ferrothorn|Stealth Rock|p2a: Pelipper
|-sidestart|p2: heelflores|move: Stealth Rock
|
|-weather|RainDance|[upkeep]
|-damage|p2a: Pelipper|70/100 brn|[from] brn
|upkeep
|turn|29
|inactive|Battle timer is ON: inactive players will automatically lose when time's up. (requested by heelflores)
|
|move|p2a: Pelipper|Hurricane|p1a: Ferrothorn
|-damage|p1a: Ferrothorn|0 fnt
|faint|p1a: Ferrothorn
|
|-weather|RainDance|[upkeep]
|-damage|p2a: Pelipper|63/100 brn|[from] brn
|upkeep
|
|switch|p1a: Gastrodon|Gastrodon-East, M, shiny|100/100
|-damage|p1a: Gastrodon|94/100|[from] Stealth Rock
|turn|30
|
|move|p2a: Pelipper|Roost|p2a: Pelipper
|-heal|p2a: Pelipper|100/100 brn
|-singleturn|p2a: Pelipper|move: Roost
|move|p1a: Gastrodon|Scald|p2a: Pelipper
|-resisted|p2a: Pelipper
|-damage|p2a: Pelipper|71/100 brn
|
|-weather|RainDance|[upkeep]
|-heal|p1a: Gastrodon|100/100|[from] item: Leftovers
|-damage|p2a: Pelipper|65/100 brn|[from] brn
|upkeep
|turn|31
|
|move|p2a: Pelipper|Hurricane|p1a: Gastrodon
|-damage|p1a: Gastrodon|66/100
|move|p1a: Gastrodon|Scald|p2a: Pelipper
|-resisted|p2a: Pelipper
|-damage|p2a: Pelipper|37/100 brn
|
|-weather|RainDance|[upkeep]
|-heal|p1a: Gastrodon|72/100|[from] item: Leftovers
|-damage|p2a: Pelipper|31/100 brn|[from] brn
|upkeep
|turn|32
|
|move|p2a: Pelipper|Roost|p2a: Pelipper
|-heal|p2a: Pelipper|81/100 brn
|-singleturn|p2a: Pelipper|move: Roost
|move|p1a: Gastrodon|Earth Power|p2a: Pelipper
|-damage|p2a: Pelipper|42/100 brn
|-unboost|p2a: Pelipper|spd|1
|
|-weather|RainDance|[upkeep]
|-heal|p1a: Gastrodon|78/100|[from] item: Leftovers
|-damage|p2a: Pelipper|36/100 brn|[from] brn
|upkeep
|turn|33
|
|move|p2a: Pelipper|Roost|p2a: Pelipper
|-heal|p2a: Pelipper|86/100 brn
|-singleturn|p2a: Pelipper|move: Roost
|move|p1a: Gastrodon|Scald|p2a: Pelipper
|-resisted|p2a: Pelipper
|-damage|p2a: Pelipper|48/100 brn
|
|-weather|RainDance|[upkeep]
|-heal|p1a: Gastrodon|84/100|[from] item: Leftovers
|-damage|p2a: Pelipper|42/100 brn|[from] brn
|upkeep
|turn|34
|
|move|p2a: Pelipper|Roost|p2a: Pelipper
|-heal|p2a: Pelipper|92/100 brn
|-singleturn|p2a: Pelipper|move: Roost
|move|p1a: Gastrodon|Scald|p2a: Pelipper
|-resisted|p2a: Pelipper
|-damage|p2a: Pelipper|49/100 brn
|
|-weather|RainDance|[upkeep]
|-heal|p1a: Gastrodon|90/100|[from] item: Leftovers
|-damage|p2a: Pelipper|43/100 brn|[from] brn
|upkeep
|turn|35
|
|switch|p2a: Ferrothorn|Ferrothorn, F|51/100
|-damage|p2a: Ferrothorn|45/100|[from] Stealth Rock
|move|p1a: Gastrodon|Earth Power|p2a: Ferrothorn
|-damage|p2a: Ferrothorn|18/100
|
|-weather|none
|-heal|p1a: Gastrodon|96/100|[from] item: Leftovers
|upkeep
|turn|36
|
|move|p1a: Gastrodon|Scald|p2a: Ferrothorn
|-resisted|p2a: Ferrothorn
|-crit|p2a: Ferrothorn
|-damage|p2a: Ferrothorn|1/100
|-status|p2a: Ferrothorn|brn
|move|p2a: Ferrothorn|Power Whip|p1a: Gastrodon
|-supereffective|p1a: Gastrodon
|-damage|p1a: Gastrodon|37/100
|
|-heal|p1a: Gastrodon|43/100|[from] item: Leftovers
|-damage|p2a: Ferrothorn|0 fnt|[from] brn
|faint|p2a: Ferrothorn
|upkeep
|
|switch|p2a: Mimikyu|Mimikyu, M, shiny|40/100
|-damage|p2a: Mimikyu|27/100|[from] Stealth Rock
|turn|37
|
|move|p2a: Mimikyu|Play Rough|p1a: Gastrodon
|-damage|p1a: Gastrodon|16/100
|move|p1a: Gastrodon|Recover|p1a: Gastrodon
|-heal|p1a: Gastrodon|66/100
|
|-heal|p2a: Mimikyu|33/100|[from] item: Leftovers
|-heal|p1a: Gastrodon|72/100|[from] item: Leftovers
|upkeep
|turn|38
|
|move|p2a: Mimikyu|Play Rough|p1a: Gastrodon|[miss]
|-miss|p2a: Mimikyu|p1a: Gastrodon
|move|p1a: Gastrodon|Earth Power|p2a: Mimikyu
|-activate|p2a: Mimikyu|ability: Disguise
|-damage|p2a: Mimikyu|33/100
|detailschange|p2a: Mimikyu|Mimikyu-Busted, M, shiny
|-damage|p2a: Mimikyu|21/100|[from] ability: Disguise|[of] p2a: Mimikyu
|
|-heal|p2a: Mimikyu|27/100|[from] item: Leftovers
|-heal|p1a: Gastrodon|78/100|[from] item: Leftovers
|upkeep
|turn|39
|
|move|p2a: Mimikyu|Play Rough|p1a: Gastrodon
|-damage|p1a: Gastrodon|50/100
|move|p1a: Gastrodon|Scald|p2a: Mimikyu
|-damage|p2a: Mimikyu|0 fnt
|faint|p2a: Mimikyu
|
|-heal|p1a: Gastrodon|57/100|[from] item: Leftovers
|upkeep
|
|switch|p2a: Seismitoad|Seismitoad, M|100/100
|-damage|p2a: Seismitoad|95/100|[from] Stealth Rock
|turn|40
|
|move|p2a: Seismitoad|Toxic|p1a: Gastrodon
|-status|p1a: Gastrodon|tox
|move|p1a: Gastrodon|Earth Power|p2a: Seismitoad
|-damage|p2a: Seismitoad|58/100
|
|-heal|p1a: Gastrodon|63/100 tox|[from] item: Leftovers
|-damage|p1a: Gastrodon|57/100 tox|[from] psn
|upkeep
|turn|41
|
|move|p2a: Seismitoad|Earthquake|p1a: Gastrodon
|-damage|p1a: Gastrodon|13/100 tox
|-damage|p2a: Seismitoad|48/100|[from] item: Life Orb
|move|p1a: Gastrodon|Earth Power|p2a: Seismitoad
|-damage|p2a: Seismitoad|10/100
|
|-heal|p1a: Gastrodon|19/100 tox|[from] item: Leftovers
|-damage|p1a: Gastrodon|7/100 tox|[from] psn
|upkeep
|turn|42
|
|move|p2a: Seismitoad|Earthquake|p1a: Gastrodon
|-damage|p1a: Gastrodon|0 fnt
|-damage|p2a: Seismitoad|0 fnt|[from] item: Life Orb
|faint|p1a: Gastrodon
|faint|p2a: Seismitoad
|
|upkeep
|
|switch|p2a: Pelipper|Pelipper, M|43/100 brn
|switch|p1a: Ditto|Ditto, shiny|100/100
|-damage|p1a: Ditto|88/100|[from] Stealth Rock
|-transform|p1a: Ditto|p2a: Pelipper|[from] ability: Imposter
|-weather|RainDance|[from] ability: Drizzle|[of] p1a: Ditto
|-damage|p2a: Pelipper|18/100 brn|[from] Stealth Rock
|turn|43
|
|move|p1a: Ditto|Ice Beam|p2a: Pelipper
|-damage|p2a: Pelipper|0 fnt
|faint|p2a: Pelipper
|
|-weather|RainDance|[upkeep]
|upkeep
|
|switch|p2a: Dracovish|Dracovish|100/100
|-damage|p2a: Dracovish|88/100|[from] Stealth Rock
|turn|44
|
|move|p2a: Dracovish|Fishious Rend|p1a: Ditto
|-resisted|p1a: Ditto
|-damage|p1a: Ditto|14/100
|move|p1a: Ditto|Ice Beam|p2a: Dracovish
|-damage|p2a: Dracovish|63/100
|-status|p2a: Dracovish|frz
|
|-weather|RainDance|[upkeep]
|upkeep
|turn|45
|
|cant|p2a: Dracovish|frz
|move|p1a: Ditto|Ice Beam|p2a: Dracovish
|-damage|p2a: Dracovish|39/100 frz
|
|-weather|RainDance|[upkeep]
|upkeep
|turn|46
|
|-curestatus|p2a: Dracovish|frz|[msg]
|move|p2a: Dracovish|Fishious Rend|p1a: Ditto
|-resisted|p1a: Ditto
|-damage|p1a: Ditto|0 fnt
|faint|p1a: Ditto
|
|-weather|RainDance|[upkeep]
|upkeep
|
|switch|p1a: Mimikyu|Mimikyu, F, shiny|100/100
|-damage|p1a: Mimikyu|88/100|[from] Stealth Rock
|turn|47
|
|move|p2a: Dracovish|Fishious Rend|p1a: Mimikyu
|-activate|p1a: Mimikyu|ability: Disguise
|-damage|p1a: Mimikyu|88/100
|detailschange|p1a: Mimikyu|Mimikyu-Busted, F, shiny
|-damage|p1a: Mimikyu|76/100|[from] ability: Disguise|[of] p1a: Mimikyu
|move|p1a: Mimikyu|Play Rough|p2a: Dracovish
|-supereffective|p2a: Dracovish
|-damage|p2a: Dracovish|0 fnt
|faint|p2a: Dracovish
|
|win|ccbrun
|l|☆heelflores
|raw|ccbrun's rating: 1162 → 1187(+25 for winning)
|raw|heelflores's rating: 1163 → 1138(-25 for losing)
