|ScrapeTime|2020-01-01-11:45:22
|j|☆Rouven
|j|☆ILikeBigBugs
|player|p1|Rouven|169|1096
|player|p2|ILikeBigBugs|170|1125
|teamsize|p1|6
|teamsize|p2|6
|gametype|singles
|gen|8
|tier|[Gen 8] OU
|rated|
|rule|Sleep Clause Mod: Limit one foe put to sleep
|rule|Species Clause: Limit one of each Pokémon
|rule|OHKO Clause: OHKO moves are banned
|rule|Evasion Moves Clause: Evasion moves are banned
|rule|Endless Battle Clause: Forcing endless battles is banned
|rule|HP Percentage Mod: HP is shown in percentages
|clearpoke
|poke|p1|Dragapult, M|
|poke|p1|Corviknight, F|
|poke|p1|Hydreigon, M|
|poke|p1|Toxapex, M|
|poke|p1|Ferrothorn, F|
|poke|p1|Cinderace, M|
|poke|p2|Dracovish|
|poke|p2|Dugtrio, F|
|poke|p2|Toxtricity-Low-Key, F|
|poke|p2|Hatterene, F|
|poke|p2|Bisharp, F|
|poke|p2|Corsola-Galar, M|
|rule|Dynamax Clause: You cannot dynamax
|teampreview
|inactive|Battle timer is ON: inactive players will automatically lose when time's up. (requested by ILikeBigBugs)
|
|start
|switch|p1a: Toxapex|Toxapex, M|100/100
|switch|p2a: Bisharp|Bisharp, F|100/100
|turn|1
|inactive|ILikeBigBugs has 120 seconds left.
|
|switch|p2a: Corsola|Corsola-Galar, M|100/100
|move|p1a: Toxapex|Toxic Spikes|p2a: Corsola
|-sidestart|p2: ILikeBigBugs|move: Toxic Spikes
|
|upkeep
|turn|2
|
|move|p2a: Corsola|Night Shade|p1a: Toxapex
|-damage|p1a: Toxapex|59/100
|move|p1a: Toxapex|Toxic Spikes|p2a: Corsola
|-sidestart|p2: ILikeBigBugs|move: Toxic Spikes
|
|-heal|p1a: Toxapex|65/100|[from] item: Black Sludge
|upkeep
|turn|3
|
|move|p2a: Corsola|Night Shade|p1a: Toxapex
|-damage|p1a: Toxapex|24/100
|move|p1a: Toxapex|Liquidation|p2a: Corsola
|-damage|p2a: Corsola|89/100
|
|-heal|p1a: Toxapex|30/100|[from] item: Black Sludge
|upkeep
|turn|4
|
|move|p2a: Corsola|Night Shade|p1a: Toxapex
|-damage|p1a: Toxapex|0 fnt
|faint|p1a: Toxapex
|
|upkeep
|
|switch|p1a: Ferrothorn|Ferrothorn, F|100/100
|turn|5
|
|switch|p2a: Hatterene|Hatterene, F|100/100
|-status|p2a: Hatterene|tox
|move|p1a: Ferrothorn|Stealth Rock|p2a: Hatterene
|move|p2a: Hatterene|Stealth Rock|p1a: Ferrothorn|[from]Magic Bounce
|-sidestart|p1: Rouven|move: Stealth Rock
|
|-damage|p2a: Hatterene|95/100 tox|[from] psn
|upkeep
|turn|6
|
|move|p2a: Hatterene|Mystical Fire|p1a: Ferrothorn
|-supereffective|p1a: Ferrothorn
|-damage|p1a: Ferrothorn|4/100
|-unboost|p1a: Ferrothorn|spa|1
|move|p1a: Ferrothorn|Knock Off|p2a: Hatterene
|-damage|p2a: Hatterene|72/100 tox
|-enditem|p2a: Hatterene|Wiki Berry|[from] move: Knock Off|[of] p1a: Ferrothorn
|
|-damage|p2a: Hatterene|60/100 tox|[from] psn
|upkeep
|turn|7
|
|move|p2a: Hatterene|Mystical Fire|p1a: Ferrothorn
|-supereffective|p1a: Ferrothorn
|-damage|p1a: Ferrothorn|0 fnt
|faint|p1a: Ferrothorn
|
|-damage|p2a: Hatterene|42/100 tox|[from] psn
|upkeep
|
|switch|p1a: Cinderace|Cinderace, M|100/100
|-damage|p1a: Cinderace|76/100|[from] Stealth Rock
|turn|8
|
|move|p1a: Cinderace|Bounce||[still]
|-prepare|p1a: Cinderace|Bounce|p2a: Hatterene
|move|p2a: Hatterene|Trick Room|p2a: Hatterene
|-fieldstart|move: Trick Room|[of] p2a: Hatterene
|
|-damage|p2a: Hatterene|18/100 tox|[from] psn
|upkeep
|turn|9
|
|move|p2a: Hatterene|Draining Kiss|p1a: Cinderace|[miss]
|-miss|p2a: Hatterene|p1a: Cinderace
|move|p1a: Cinderace|Bounce|p2a: Hatterene|[from]lockedmove
|-damage|p2a: Hatterene|0 fnt
|faint|p2a: Hatterene
|
|upkeep
|
|switch|p2a: Toxtricity|Toxtricity-Low-Key, F|100/100
|-sideend|p2: ILikeBigBugs|move: Toxic Spikes|[of] p2a: Toxtricity
|turn|10
|
|switch|p1a: Corviknight|Corviknight, F|100/100
|-damage|p1a: Corviknight|88/100|[from] Stealth Rock
|-ability|p1a: Corviknight|Pressure
|move|p2a: Toxtricity|Overdrive|p1a: Corviknight
|-supereffective|p1a: Corviknight
|-damage|p1a: Corviknight|0 fnt
|-enditem|p2a: Toxtricity|Throat Spray
|-boost|p2a: Toxtricity|spa|1
|faint|p1a: Corviknight
|
|upkeep
|
|switch|p1a: Hydreigon|Hydreigon, M|100/100
|-damage|p1a: Hydreigon|88/100|[from] Stealth Rock
|turn|11
|
|move|p2a: Toxtricity|Substitute|p2a: Toxtricity
|-start|p2a: Toxtricity|Substitute
|-damage|p2a: Toxtricity|76/100
|move|p1a: Hydreigon|Focus Blast|p2a: Toxtricity
|-resisted|p2a: Toxtricity
|-end|p2a: Toxtricity|Substitute
|
|upkeep
|turn|12
|
|move|p2a: Toxtricity|Boomburst|p1a: Hydreigon
|-damage|p1a: Hydreigon|0 fnt
|faint|p1a: Hydreigon
|
|-fieldend|move: Trick Room
|upkeep
|
|switch|p1a: Cinderace|Cinderace, M|76/100
|-damage|p1a: Cinderace|51/100|[from] Stealth Rock
|turn|13
|
|move|p1a: Cinderace|Pyro Ball|p2a: Toxtricity
|-damage|p2a: Toxtricity|0 fnt
|faint|p2a: Toxtricity
|
|upkeep
|
|switch|p2a: Dugtrio|Dugtrio, F|100/100
|turn|14
|
|move|p2a: Dugtrio|Earthquake|p1a: Cinderace
|-supereffective|p1a: Cinderace
|-damage|p1a: Cinderace|0 fnt
|faint|p1a: Cinderace
|
|upkeep
|
|switch|p1a: Dragapult|Dragapult, M|100/100
|-damage|p1a: Dragapult|88/100|[from] Stealth Rock
|turn|15
|
|move|p2a: Dugtrio|Sucker Punch|p1a: Dragapult
|-supereffective|p1a: Dragapult
|-damage|p1a: Dragapult|26/100
|move|p1a: Dragapult|Dragon Darts|p2a: Dugtrio
|-enditem|p2a: Dugtrio|Focus Sash
|-damage|p2a: Dugtrio|1/100
|-damage|p2a: Dugtrio|0 fnt
|-hitcount|p2a: Dugtrio|2
|faint|p2a: Dugtrio
|
|upkeep
|
|switch|p2a: Bisharp|Bisharp, F|100/100
|turn|16
|
|move|p2a: Bisharp|Sucker Punch|p1a: Dragapult
|-supereffective|p1a: Dragapult
|-damage|p1a: Dragapult|0 fnt
|faint|p1a: Dragapult
|
|win|ILikeBigBugs
|raw|Rouven's rating: 1096 → 1074(-22 for losing)
|raw|ILikeBigBugs's rating: 1125 → 1148(+23 for winning)
|l|☆Rouven
