|ScrapeTime|2020-01-01-08:35:46
|j|☆optimold
|j|☆twistedganondorf
|player|p1|optimold|bugcatcher|1017
|player|p2|twistedganondorf|102|1056
|teamsize|p1|6
|teamsize|p2|6
|gametype|singles
|gen|8
|tier|[Gen 8] OU
|rated|
|rule|Sleep Clause Mod: Limit one foe put to sleep
|rule|Species Clause: Limit one of each Pokémon
|rule|OHKO Clause: OHKO moves are banned
|rule|Evasion Moves Clause: Evasion moves are banned
|rule|Endless Battle Clause: Forcing endless battles is banned
|rule|HP Percentage Mod: HP is shown in percentages
|clearpoke
|poke|p1|Hydreigon, M|
|poke|p1|Gastrodon, F|
|poke|p1|Excadrill, M|
|poke|p1|Ferrothorn, M|
|poke|p1|Sirfetch'd, M|
|poke|p1|Rotom-Wash|
|poke|p2|Barraskewda, M|
|poke|p2|Clefable, M|
|poke|p2|Appletun, M|
|poke|p2|Gyarados, M|
|poke|p2|Turtonator, M|
|poke|p2|Corviknight, F|
|rule|Dynamax Clause: You cannot dynamax
|teampreview
|
|start
|switch|p1a: Rotom|Rotom-Wash|100/100
|switch|p2a: Turtonator|Turtonator, M|100/100
|turn|1
|
|move|p1a: Rotom|Volt Switch|p2a: Turtonator
|-resisted|p2a: Turtonator
|-damage|p2a: Turtonator|89/100
|
|switch|p1a: Sirfetch'd|Sirfetch'd, M|100/100|[from]move: Volt Switch
|move|p2a: Turtonator|Dragon Pulse|p1a: Sirfetch'd
|-damage|p1a: Sirfetch'd|67/100
|
|upkeep
|turn|2
|
|switch|p2a: Appletun|Appletun, M|100/100
|move|p1a: Sirfetch'd|Knock Off|p2a: Appletun
|-damage|p2a: Appletun|68/100
|-enditem|p2a: Appletun|Leftovers|[from] move: Knock Off|[of] p1a: Sirfetch'd
|
|upkeep
|turn|3
|
|move|p1a: Sirfetch'd|Poison Jab|p2a: Appletun
|-supereffective|p2a: Appletun
|-damage|p2a: Appletun|7/100
|-status|p2a: Appletun|psn
|move|p2a: Appletun|Leech Seed|p1a: Sirfetch'd
|-start|p1a: Sirfetch'd|move: Leech Seed
|
|-damage|p1a: Sirfetch'd|55/100|[from] Leech Seed|[of] p2a: Appletun
|-heal|p2a: Appletun|17/100 psn|[silent]
|-damage|p2a: Appletun|4/100 psn|[from] psn
|upkeep
|turn|4
|
|switch|p1a: Ferrothorn|Ferrothorn, M|100/100
|move|p2a: Appletun|Protect||[still]
|-fail|p2a: Appletun
|
|-damage|p2a: Appletun|0 fnt|[from] psn
|faint|p2a: Appletun
|upkeep
|
|switch|p2a: Clefable|Clefable, M|100/100
|turn|5
|
|move|p2a: Clefable|Moonblast|p1a: Ferrothorn
|-resisted|p1a: Ferrothorn
|-damage|p1a: Ferrothorn|77/100
|move|p1a: Ferrothorn|Gyro Ball|p2a: Clefable
|-supereffective|p2a: Clefable
|-damage|p2a: Clefable|35/100
|
|upkeep
|turn|6
|
|move|p2a: Clefable|Flamethrower|p1a: Ferrothorn
|-supereffective|p1a: Ferrothorn
|-damage|p1a: Ferrothorn|0 fnt
|faint|p1a: Ferrothorn
|
|upkeep
|
|switch|p1a: Excadrill|Excadrill, M|100/100
|-ability|p1a: Excadrill|Mold Breaker
|turn|7
|
|switch|p2a: Corviknight|Corviknight, F|100/100
|move|p1a: Excadrill|Iron Head|p2a: Corviknight
|-resisted|p2a: Corviknight
|-damage|p2a: Corviknight|78/100
|-damage|p1a: Excadrill|91/100|[from] item: Life Orb
|
|upkeep
|turn|8
|
|switch|p1a: Rotom|Rotom-Wash|100/100
|move|p2a: Corviknight|Bulk Up|p2a: Corviknight
|-boost|p2a: Corviknight|atk|1
|-boost|p2a: Corviknight|def|1
|
|upkeep
|turn|9
|
|move|p1a: Rotom|Trick|p2a: Corviknight
|-activate|p1a: Rotom|move: Trick|[of] p2a: Corviknight
|-item|p2a: Corviknight|Choice Scarf|[from] move: Trick
|-item|p1a: Rotom|Aguav Berry|[from] move: Trick
|move|p2a: Corviknight|Bulk Up|p2a: Corviknight
|-boost|p2a: Corviknight|atk|1
|-boost|p2a: Corviknight|def|1
|
|upkeep
|turn|10
|
|move|p1a: Rotom|Thunderbolt|p2a: Corviknight
|-supereffective|p2a: Corviknight
|-damage|p2a: Corviknight|18/100
|move|p2a: Corviknight|Bulk Up|p2a: Corviknight
|-boost|p2a: Corviknight|atk|1
|-boost|p2a: Corviknight|def|1
|
|upkeep
|turn|11
|
|move|p1a: Rotom|Thunderbolt|p2a: Corviknight
|-supereffective|p2a: Corviknight
|-damage|p2a: Corviknight|0 fnt
|faint|p2a: Corviknight
|
|upkeep
|
|switch|p2a: Barraskewda|Barraskewda, M|100/100
|turn|12
|
|move|p2a: Barraskewda|Close Combat|p1a: Rotom
|-damage|p1a: Rotom|44/100
|-unboost|p2a: Barraskewda|def|1
|-unboost|p2a: Barraskewda|spd|1
|move|p1a: Rotom|Volt Switch|p2a: Barraskewda
|-supereffective|p2a: Barraskewda
|-enditem|p2a: Barraskewda|Focus Sash
|-damage|p2a: Barraskewda|1/100
|
|switch|p1a: Excadrill|Excadrill, M|91/100|[from]move: Volt Switch
|-ability|p1a: Excadrill|Mold Breaker
|
|upkeep
|turn|13
|
|switch|p1a: Gastrodon|Gastrodon, F|100/100
|move|p2a: Barraskewda|Close Combat|p1a: Gastrodon
|-damage|p1a: Gastrodon|70/100
|-unboost|p2a: Barraskewda|def|1
|-unboost|p2a: Barraskewda|spd|1
|
|-heal|p1a: Gastrodon|76/100|[from] item: Leftovers
|upkeep
|turn|14
|
|move|p2a: Barraskewda|Close Combat|p1a: Gastrodon
|-damage|p1a: Gastrodon|43/100
|-unboost|p2a: Barraskewda|def|1
|-unboost|p2a: Barraskewda|spd|1
|move|p1a: Gastrodon|Ice Beam|p2a: Barraskewda
|-resisted|p2a: Barraskewda
|-damage|p2a: Barraskewda|0 fnt
|faint|p2a: Barraskewda
|
|-heal|p1a: Gastrodon|49/100|[from] item: Leftovers
|upkeep
|
|switch|p2a: Gyarados|Gyarados, M|100/100
|turn|15
|
|move|p2a: Gyarados|Earthquake|p1a: Gastrodon
|-damage|p1a: Gastrodon|18/100
|-damage|p2a: Gyarados|91/100|[from] item: Life Orb
|move|p1a: Gastrodon|Recover|p1a: Gastrodon
|-heal|p1a: Gastrodon|68/100
|
|-heal|p1a: Gastrodon|74/100|[from] item: Leftovers
|upkeep
|turn|16
|-message|twistedganondorf forfeited.
|
|win|optimold
|l|☆twistedganondorf
|raw|optimold's rating: 1017 → 1059(+42 for winning)
|raw|twistedganondorf's rating: 1056 → 1036(-20 for losing)
