|ScrapeTime|2020-01-01-18:54:38
|j|☆Lil Soybean
|j|☆Koridwen
|player|p1|Lil Soybean|162|1081
|player|p2|Koridwen|170|1040
|teamsize|p1|6
|teamsize|p2|6
|gametype|singles
|gen|8
|tier|[Gen 8] OU
|rated|
|rule|Sleep Clause Mod: Limit one foe put to sleep
|rule|Species Clause: Limit one of each Pokémon
|rule|OHKO Clause: OHKO moves are banned
|rule|Evasion Moves Clause: Evasion moves are banned
|rule|Endless Battle Clause: Forcing endless battles is banned
|rule|HP Percentage Mod: HP is shown in percentages
|clearpoke
|poke|p1|Corviknight, M|
|poke|p1|Excadrill, F|
|poke|p1|Corsola-Galar, M|
|poke|p1|Rotom-Heat|
|poke|p1|Ferrothorn, F|
|poke|p1|Toxapex, F|
|poke|p2|Dragapult, F|
|poke|p2|Excadrill, F|
|poke|p2|Grimmsnarl, M|
|poke|p2|Rotom-Wash|
|poke|p2|Togekiss, F|
|poke|p2|Tyranitar, M|
|rule|Dynamax Clause: You cannot dynamax
|teampreview
|inactive|Battle timer is ON: inactive players will automatically lose when time's up. (requested by Koridwen)
|
|start
|switch|p1a: Excadrill|Excadrill, F|100/100
|switch|p2a: Togekiss|Togekiss, F, shiny|100/100
|-ability|p1a: Excadrill|Mold Breaker
|turn|1
|
|switch|p1a: Ferrothorn|Ferrothorn, F|100/100
|move|p2a: Togekiss|Air Slash|p1a: Ferrothorn
|-damage|p1a: Ferrothorn|71/100
|
|-heal|p1a: Ferrothorn|77/100|[from] item: Leftovers
|upkeep
|turn|2
|
|move|p2a: Togekiss|Air Slash|p1a: Ferrothorn
|-damage|p1a: Ferrothorn|49/100
|move|p1a: Ferrothorn|Knock Off|p2a: Togekiss
|-resisted|p2a: Togekiss
|-damage|p2a: Togekiss|88/100
|-enditem|p2a: Togekiss|Weakness Policy|[from] move: Knock Off|[of] p1a: Ferrothorn
|
|-heal|p1a: Ferrothorn|55/100|[from] item: Leftovers
|upkeep
|turn|3
|
|move|p2a: Togekiss|Flamethrower|p1a: Ferrothorn
|-supereffective|p1a: Ferrothorn
|-damage|p1a: Ferrothorn|0 fnt
|faint|p1a: Ferrothorn
|
|upkeep
|
|switch|p1a: Excadrill|Excadrill, F|100/100
|-ability|p1a: Excadrill|Mold Breaker
|turn|4
|
|move|p1a: Excadrill|Iron Head|p2a: Togekiss
|-supereffective|p2a: Togekiss
|-damage|p2a: Togekiss|0 fnt
|faint|p2a: Togekiss
|
|upkeep
|
|switch|p2a: Excadrill|Excadrill, F, shiny|100/100
|-ability|p2a: Excadrill|Mold Breaker
|turn|5
|
|switch|p1a: Corviknight|Corviknight, M|100/100
|-ability|p1a: Corviknight|Pressure
|move|p2a: Excadrill|Earthquake|p1a: Corviknight
|-immune|p1a: Corviknight
|
|upkeep
|turn|6
|
|switch|p2a: Rotom|Rotom-Wash, shiny|100/100
|move|p1a: Corviknight|Brave Bird|p2a: Rotom
|-resisted|p2a: Rotom
|-damage|p2a: Rotom|67/100
|-damage|p1a: Corviknight|94/100|[from] Recoil
|
|-heal|p1a: Corviknight|99/100|[from] item: Leftovers
|upkeep
|turn|7
|
|switch|p1a: Corsola|Corsola-Galar, M|100/100
|move|p2a: Rotom|Volt Switch|p1a: Corsola
|-damage|p1a: Corsola|73/100
|
|switch|p2a: Dragapult|Dragapult, F, shiny|100/100|[from]move: Volt Switch
|
|upkeep
|turn|8
|
|move|p2a: Dragapult|Dragon Darts|p1a: Corsola
|-damage|p1a: Corsola|46/100
|-crit|p1a: Corsola
|-damage|p1a: Corsola|8/100
|-start|p2a: Dragapult|Disable|Dragon Darts|[from] ability: Cursed Body|[of] p1a: Corsola
|-hitcount|p1a: Corsola|2
|-damage|p2a: Dragapult|91/100|[from] item: Life Orb
|move|p1a: Corsola|Stealth Rock|p2a: Dragapult
|-sidestart|p2: Koridwen|move: Stealth Rock
|
|upkeep
|turn|9
|
|move|p2a: Dragapult|Astonish|p1a: Corsola
|-supereffective|p1a: Corsola
|-damage|p1a: Corsola|0 fnt
|-damage|p2a: Dragapult|81/100|[from] item: Life Orb
|faint|p1a: Corsola
|
|upkeep
|
|switch|p1a: Toxapex|Toxapex, F|100/100
|turn|10
|
|move|p2a: Dragapult|Psychic Fangs|p1a: Toxapex
|-supereffective|p1a: Toxapex
|-damage|p1a: Toxapex|52/100
|-damage|p2a: Dragapult|71/100|[from] item: Life Orb
|move|p1a: Toxapex|Toxic|p2a: Dragapult
|-status|p2a: Dragapult|tox
|
|-heal|p1a: Toxapex|59/100|[from] item: Black Sludge
|-damage|p2a: Dragapult|65/100 tox|[from] psn
|upkeep
|turn|11
|
|move|p2a: Dragapult|Psychic Fangs|p1a: Toxapex
|-supereffective|p1a: Toxapex
|-damage|p1a: Toxapex|11/100
|-damage|p2a: Dragapult|55/100 tox|[from] item: Life Orb
|move|p1a: Toxapex|Recover|p1a: Toxapex
|-heal|p1a: Toxapex|61/100
|
|-heal|p1a: Toxapex|67/100|[from] item: Black Sludge
|-damage|p2a: Dragapult|43/100 tox|[from] psn
|-end|p2a: Dragapult|Disable
|upkeep
|turn|12
|
|move|p2a: Dragapult|Dragon Darts|p1a: Toxapex
|-damage|p1a: Toxapex|47/100
|-damage|p1a: Toxapex|26/100
|-hitcount|p1a: Toxapex|2
|-damage|p2a: Dragapult|33/100 tox|[from] item: Life Orb
|move|p1a: Toxapex|Recover|p1a: Toxapex
|-heal|p1a: Toxapex|76/100
|
|-heal|p1a: Toxapex|82/100|[from] item: Black Sludge
|-damage|p2a: Dragapult|15/100 tox|[from] psn
|upkeep
|turn|13
|
|switch|p2a: Grimmsnarl|Grimmsnarl, M|100/100
|-damage|p2a: Grimmsnarl|88/100|[from] Stealth Rock
|move|p1a: Toxapex|Recover|p1a: Toxapex
|-heal|p1a: Toxapex|100/100
|
|upkeep
|turn|14
|inactive|Lil Soybean has 120 seconds left.
|
|move|p2a: Grimmsnarl|Thunder Wave|p1a: Toxapex
|-status|p1a: Toxapex|par
|move|p1a: Toxapex|Toxic|p2a: Grimmsnarl
|-status|p2a: Grimmsnarl|tox
|
|-damage|p2a: Grimmsnarl|82/100 tox|[from] psn
|upkeep
|turn|15
|
|move|p2a: Grimmsnarl|Play Rough|p1a: Toxapex
|-resisted|p1a: Toxapex
|-damage|p1a: Toxapex|88/100 par
|move|p1a: Toxapex|Scald|p2a: Grimmsnarl
|-damage|p2a: Grimmsnarl|66/100 tox
|
|-heal|p1a: Toxapex|94/100 par|[from] item: Black Sludge
|-damage|p2a: Grimmsnarl|54/100 tox|[from] psn
|upkeep
|turn|16
|
|switch|p1a: Corviknight|Corviknight, M|99/100
|-ability|p1a: Corviknight|Pressure
|move|p2a: Grimmsnarl|Light Screen|p2a: Grimmsnarl
|-sidestart|p2: Koridwen|move: Light Screen
|
|-heal|p1a: Corviknight|100/100|[from] item: Leftovers
|-damage|p2a: Grimmsnarl|35/100 tox|[from] psn
|upkeep
|turn|17
|
|move|p2a: Grimmsnarl|Reflect|p2a: Grimmsnarl
|-sidestart|p2: Koridwen|Reflect
|move|p1a: Corviknight|Brave Bird|p2a: Grimmsnarl
|-damage|p2a: Grimmsnarl|10/100 tox
|-damage|p1a: Corviknight|93/100|[from] Recoil
|
|-heal|p1a: Corviknight|99/100|[from] item: Leftovers
|-damage|p2a: Grimmsnarl|0 fnt|[from] psn
|faint|p2a: Grimmsnarl
|upkeep
|
|switch|p2a: Rotom|Rotom-Wash, shiny|67/100
|-damage|p2a: Rotom|55/100|[from] Stealth Rock
|turn|18
|
|switch|p1a: Toxapex|Toxapex, F|100/100 par
|move|p2a: Rotom|Volt Switch|p1a: Toxapex
|-supereffective|p1a: Toxapex
|-damage|p1a: Toxapex|13/100 par
|
|switch|p2a: Dragapult|Dragapult, F, shiny|15/100 tox|[from]move: Volt Switch
|-damage|p2a: Dragapult|3/100 tox|[from] Stealth Rock
|
|-heal|p1a: Toxapex|19/100 par|[from] item: Black Sludge
|-damage|p2a: Dragapult|0 fnt|[from] psn
|faint|p2a: Dragapult
|upkeep
|
|switch|p2a: Excadrill|Excadrill, F, shiny|100/100
|-damage|p2a: Excadrill|98/100|[from] Stealth Rock
|-ability|p2a: Excadrill|Mold Breaker
|turn|19
|
|switch|p1a: Corviknight|Corviknight, M|99/100
|-ability|p1a: Corviknight|Pressure
|move|p2a: Excadrill|Swords Dance|p2a: Excadrill
|-boost|p2a: Excadrill|atk|2
|
|-heal|p1a: Corviknight|100/100|[from] item: Leftovers
|upkeep
|turn|20
|
|move|p2a: Excadrill|Rock Slide|p1a: Corviknight
|-damage|p1a: Corviknight|53/100
|move|p1a: Corviknight|Taunt|p2a: Excadrill
|-start|p2a: Excadrill|move: Taunt
|
|-heal|p1a: Corviknight|59/100|[from] item: Leftovers
|upkeep
|turn|21
|
|move|p2a: Excadrill|Rock Slide|p1a: Corviknight
|-damage|p1a: Corviknight|12/100
|move|p1a: Corviknight|U-turn|p2a: Excadrill
|-resisted|p2a: Excadrill
|-damage|p2a: Excadrill|91/100
|
|switch|p1a: Excadrill|Excadrill, F|100/100|[from]move: U-turn
|-ability|p1a: Excadrill|Mold Breaker
|
|upkeep
|turn|22
|
|move|p1a: Excadrill|Earthquake|p2a: Excadrill
|-supereffective|p2a: Excadrill
|-damage|p2a: Excadrill|15/100
|move|p2a: Excadrill|Earthquake|p1a: Excadrill
|-supereffective|p1a: Excadrill
|-damage|p1a: Excadrill|0 fnt
|faint|p1a: Excadrill
|
|upkeep
|
|switch|p1a: Rotom|Rotom-Heat|100/100
|turn|23
|
|move|p1a: Rotom|Overheat|p2a: Excadrill
|-supereffective|p2a: Excadrill
|-damage|p2a: Excadrill|0 fnt
|-unboost|p1a: Rotom|spa|2
|-damage|p1a: Rotom|91/100|[from] item: Life Orb
|faint|p2a: Excadrill
|
|-sideend|p2: Koridwen|move: Light Screen
|upkeep
|
|switch|p2a: Rotom|Rotom-Wash, shiny|55/100
|-damage|p2a: Rotom|42/100|[from] Stealth Rock
|turn|24
|
|switch|p1a: Corviknight|Corviknight, M|12/100
|-ability|p1a: Corviknight|Pressure
|move|p2a: Rotom|Volt Switch|p1a: Corviknight
|-supereffective|p1a: Corviknight
|-damage|p1a: Corviknight|0 fnt
|faint|p1a: Corviknight
|
|switch|p2a: Tyranitar|Tyranitar, M, shiny|100/100|[from]move: Volt Switch
|-damage|p2a: Tyranitar|88/100|[from] Stealth Rock
|-weather|Sandstorm|[from] ability: Sand Stream|[of] p2a: Tyranitar
|
|-weather|Sandstorm|[upkeep]
|-sideend|p2: Koridwen|Reflect
|upkeep
|
|switch|p1a: Toxapex|Toxapex, F|52/100 par
|turn|25
|
|move|p2a: Tyranitar|Stone Edge|p1a: Toxapex
|-damage|p1a: Toxapex|22/100 par
|move|p1a: Toxapex|Recover|p1a: Toxapex
|-heal|p1a: Toxapex|72/100 par
|
|-weather|Sandstorm|[upkeep]
|-damage|p1a: Toxapex|66/100 par|[from] Sandstorm
|-heal|p1a: Toxapex|72/100 par|[from] item: Black Sludge
|upkeep
|turn|26
|
|move|p2a: Tyranitar|Crunch|p1a: Toxapex
|-damage|p1a: Toxapex|50/100 par
|cant|p1a: Toxapex|par
|
|-weather|Sandstorm|[upkeep]
|-damage|p1a: Toxapex|44/100 par|[from] Sandstorm
|-heal|p1a: Toxapex|50/100 par|[from] item: Black Sludge
|upkeep
|turn|27
|
|move|p2a: Tyranitar|Body Press|p1a: Toxapex
|-resisted|p1a: Toxapex
|-damage|p1a: Toxapex|42/100 par
|move|p1a: Toxapex|Toxic|p2a: Tyranitar
|-status|p2a: Tyranitar|tox
|
|-weather|Sandstorm|[upkeep]
|-damage|p1a: Toxapex|36/100 par|[from] Sandstorm
|-heal|p1a: Toxapex|42/100 par|[from] item: Black Sludge
|-damage|p2a: Tyranitar|82/100 tox|[from] psn
|upkeep
|turn|28
|
|move|p2a: Tyranitar|Crunch|p1a: Toxapex
|-damage|p1a: Toxapex|16/100 par
|-unboost|p1a: Toxapex|def|1
|move|p1a: Toxapex|Scald|p2a: Tyranitar
|-supereffective|p2a: Tyranitar
|-damage|p2a: Tyranitar|68/100 tox
|
|-weather|none
|-heal|p1a: Toxapex|23/100 par|[from] item: Black Sludge
|-damage|p2a: Tyranitar|56/100 tox|[from] psn
|upkeep
|turn|29
|
|switch|p1a: Rotom|Rotom-Heat|91/100
|move|p2a: Tyranitar|Crunch|p1a: Rotom
|-damage|p1a: Rotom|33/100
|
|-damage|p2a: Tyranitar|38/100 tox|[from] psn
|upkeep
|turn|30
|
|switch|p1a: Toxapex|Toxapex, F|56/100 par
|move|p2a: Tyranitar|Crunch|p1a: Toxapex
|-damage|p1a: Toxapex|34/100 par
|-unboost|p1a: Toxapex|def|1
|
|-heal|p1a: Toxapex|40/100 par|[from] item: Black Sludge
|-damage|p2a: Tyranitar|14/100 tox|[from] psn
|upkeep
|turn|31
|
|move|p2a: Tyranitar|Crunch|p1a: Toxapex
|-damage|p1a: Toxapex|7/100 par
|cant|p1a: Toxapex|par
|
|-heal|p1a: Toxapex|13/100 par|[from] item: Black Sludge
|-damage|p2a: Tyranitar|0 fnt|[from] psn
|faint|p2a: Tyranitar
|upkeep
|
|switch|p2a: Rotom|Rotom-Wash, shiny|42/100
|-damage|p2a: Rotom|30/100|[from] Stealth Rock
|turn|32
|
|move|p2a: Rotom|Dark Pulse|p1a: Toxapex
|-damage|p1a: Toxapex|0 fnt
|faint|p1a: Toxapex
|
|upkeep
|
|switch|p1a: Rotom|Rotom-Heat|33/100
|turn|33
|
|move|p1a: Rotom|Thunderbolt|p2a: Rotom
|-damage|p2a: Rotom|0 fnt
|-damage|p1a: Rotom|23/100|[from] item: Life Orb
|faint|p2a: Rotom
|
|win|Lil Soybean
|c|☆Koridwen|gg
|raw|Lil Soybean's rating: 1082 → 1105(+23 for winning)
|raw|Koridwen's rating: 1026 → 1014(-12 for losing)
