|ScrapeTime|2020-01-01-17:05:44
|j|☆damflame
|j|‽cellgenesis
|player|p1|damflame|#fcpl4raichicheurs|1430
|player|p2|cellgenesis|102|1400
|teamsize|p1|6
|teamsize|p2|6
|gametype|singles
|gen|8
|tier|[Gen 8] OU
|rated|
|rule|Sleep Clause Mod: Limit one foe put to sleep
|rule|Species Clause: Limit one of each Pokémon
|rule|OHKO Clause: OHKO moves are banned
|rule|Evasion Moves Clause: Evasion moves are banned
|rule|Endless Battle Clause: Forcing endless battles is banned
|rule|HP Percentage Mod: HP is shown in percentages
|clearpoke
|poke|p1|Appletun, M|
|poke|p1|Tyranitar, F|
|poke|p1|Clefable, F|
|poke|p1|Dragapult, F|
|poke|p1|Corviknight, M|
|poke|p1|Rotom-Heat|
|poke|p2|Salazzle, F|
|poke|p2|Dracovish|
|poke|p2|Kommo-o, F|
|poke|p2|Toxapex, M|
|poke|p2|Ferrothorn, M|
|poke|p2|Tyranitar, F|
|rule|Dynamax Clause: You cannot dynamax
|teampreview
|inactive|Battle timer is ON: inactive players will automatically lose when time's up. (requested by cellgenesis)
|
|start
|switch|p1a: Rotom|Rotom-Heat|100/100
|switch|p2a: Kommo-o|Kommo-o, F, shiny|100/100
|turn|1
|
|move|p1a: Rotom|Will-O-Wisp|p2a: Kommo-o
|-status|p2a: Kommo-o|brn
|move|p2a: Kommo-o|Substitute|p2a: Kommo-o
|-start|p2a: Kommo-o|Substitute
|-damage|p2a: Kommo-o|76/100 brn
|
|-heal|p2a: Kommo-o|82/100 brn|[from] item: Leftovers
|-damage|p2a: Kommo-o|76/100 brn|[from] brn
|upkeep
|turn|2
|
|move|p1a: Rotom|Volt Switch|p2a: Kommo-o
|-resisted|p2a: Kommo-o
|-activate|p2a: Kommo-o|move: Substitute|[damage]
|
|switch|p1a: Clefable|Clefable, F|100/100|[from]move: Volt Switch
|move|p2a: Kommo-o|Stealth Rock|p1a: Clefable
|-sidestart|p1: damflame|move: Stealth Rock
|
|-heal|p2a: Kommo-o|82/100 brn|[from] item: Leftovers
|-damage|p2a: Kommo-o|76/100 brn|[from] brn
|upkeep
|turn|3
|inactive|damflame has 120 seconds left.
|
|move|p2a: Kommo-o|Body Press|p1a: Clefable
|-resisted|p1a: Clefable
|-damage|p1a: Clefable|88/100
|move|p1a: Clefable|Moonblast|p2a: Kommo-o
|-supereffective|p2a: Kommo-o
|-end|p2a: Kommo-o|Substitute
|
|-heal|p2a: Kommo-o|82/100 brn|[from] item: Leftovers
|-damage|p2a: Kommo-o|76/100 brn|[from] brn
|upkeep
|turn|4
|
|switch|p2a: Toxapex|Toxapex, M|100/100
|move|p1a: Clefable|Moonblast|p2a: Toxapex
|-resisted|p2a: Toxapex
|-damage|p2a: Toxapex|77/100
|
|-heal|p2a: Toxapex|84/100|[from] item: Black Sludge
|upkeep
|turn|5
|
|move|p1a: Clefable|Thunderbolt|p2a: Toxapex
|-supereffective|p2a: Toxapex
|-damage|p2a: Toxapex|27/100
|move|p2a: Toxapex|Toxic Spikes|p1a: Clefable
|-sidestart|p1: damflame|move: Toxic Spikes
|
|-heal|p2a: Toxapex|33/100|[from] item: Black Sludge
|upkeep
|turn|6
|
|switch|p2a: Ferrothorn|Ferrothorn, M|100/100
|move|p1a: Clefable|Thunderbolt|p2a: Ferrothorn
|-resisted|p2a: Ferrothorn
|-damage|p2a: Ferrothorn|90/100
|
|-heal|p2a: Ferrothorn|96/100|[from] item: Leftovers
|upkeep
|turn|7
|
|move|p1a: Clefable|Flamethrower|p2a: Ferrothorn
|-supereffective|p2a: Ferrothorn
|-damage|p2a: Ferrothorn|10/100
|move|p2a: Ferrothorn|Gyro Ball|p1a: Clefable
|-supereffective|p1a: Clefable
|-damage|p1a: Clefable|12/100
|
|-heal|p2a: Ferrothorn|16/100|[from] item: Leftovers
|upkeep
|turn|8
|
|move|p1a: Clefable|Moonblast|p2a: Ferrothorn
|-resisted|p2a: Ferrothorn
|-damage|p2a: Ferrothorn|0 fnt
|faint|p2a: Ferrothorn
|
|upkeep
|
|switch|p2a: Dracovish|Dracovish|100/100
|turn|9
|
|move|p2a: Dracovish|Fishious Rend|p1a: Clefable
|-damage|p1a: Clefable|0 fnt
|faint|p1a: Clefable
|
|upkeep
|
|switch|p1a: Corviknight|Corviknight, M|100/100
|-damage|p1a: Corviknight|88/100|[from] Stealth Rock
|-ability|p1a: Corviknight|Pressure
|turn|10
|
|move|p2a: Dracovish|Fishious Rend|p1a: Corviknight
|-damage|p1a: Corviknight|21/100
|move|p1a: Corviknight|Defog|p2a: Dracovish
|-unboost|p2a: Dracovish|evasion|1
|-sideend|p1: damflame|Toxic Spikes|[from] move: Defog|[of] p1a: Corviknight
|-sideend|p1: damflame|Stealth Rock|[from] move: Defog|[of] p1a: Corviknight
|
|-heal|p1a: Corviknight|27/100|[from] item: Leftovers
|upkeep
|turn|11
|
|switch|p1a: Appletun|Appletun, M|100/100
|move|p2a: Dracovish|Fishious Rend|p1a: Appletun
|-resisted|p1a: Appletun
|-damage|p1a: Appletun|83/100
|
|-heal|p1a: Appletun|90/100|[from] item: Leftovers
|upkeep
|turn|12
|
|switch|p2a: Toxapex|Toxapex, M|67/100
|move|p1a: Appletun|Apple Acid|p2a: Toxapex
|-damage|p2a: Toxapex|45/100
|-unboost|p2a: Toxapex|spd|1
|
|-heal|p2a: Toxapex|51/100|[from] item: Black Sludge
|-heal|p1a: Appletun|96/100|[from] item: Leftovers
|upkeep
|turn|13
|
|move|p2a: Toxapex|Toxic Spikes|p1a: Appletun
|-sidestart|p1: damflame|move: Toxic Spikes
|move|p1a: Appletun|Apple Acid|p2a: Toxapex
|-damage|p2a: Toxapex|14/100
|-unboost|p2a: Toxapex|spd|1
|
|-heal|p2a: Toxapex|20/100|[from] item: Black Sludge
|-heal|p1a: Appletun|100/100|[from] item: Leftovers
|upkeep
|turn|14
|
|switch|p2a: Salazzle|Salazzle, F|100/100
|move|p1a: Appletun|Dragon Pulse|p2a: Salazzle
|-damage|p2a: Salazzle|46/100
|
|-heal|p2a: Salazzle|52/100|[from] item: Black Sludge
|upkeep
|turn|15
|
|switch|p1a: Tyranitar|Tyranitar, F|100/100
|-status|p1a: Tyranitar|psn
|-weather|Sandstorm|[from] ability: Sand Stream|[of] p1a: Tyranitar
|move|p2a: Salazzle|Protect||[still]
|-fail|p2a: Salazzle
|
|-weather|Sandstorm|[upkeep]
|-damage|p2a: Salazzle|46/100|[from] Sandstorm
|-heal|p2a: Salazzle|52/100|[from] item: Black Sludge
|-damage|p1a: Tyranitar|88/100 psn|[from] psn
|upkeep
|turn|16
|
|switch|p2a: Kommo-o|Kommo-o, F, shiny|76/100 brn
|move|p1a: Tyranitar|Stealth Rock|p2a: Kommo-o
|-sidestart|p2: cellgenesis|move: Stealth Rock
|
|-weather|Sandstorm|[upkeep]
|-damage|p2a: Kommo-o|69/100 brn|[from] Sandstorm
|-heal|p2a: Kommo-o|76/100 brn|[from] item: Leftovers
|-heal|p1a: Tyranitar|94/100 psn|[from] item: Leftovers
|-damage|p2a: Kommo-o|69/100 brn|[from] brn
|-damage|p1a: Tyranitar|82/100 psn|[from] psn
|upkeep
|turn|17
|
|switch|p1a: Corviknight|Corviknight, M|27/100
|-ability|p1a: Corviknight|Pressure
|move|p2a: Kommo-o|Dragon Tail|p1a: Corviknight
|-resisted|p1a: Corviknight
|-damage|p1a: Corviknight|23/100
|drag|p1a: Dragapult|Dragapult, F|100/100
|-status|p1a: Dragapult|psn
|
|-weather|Sandstorm|[upkeep]
|-damage|p1a: Dragapult|95/100 psn|[from] Sandstorm
|-damage|p2a: Kommo-o|63/100 brn|[from] Sandstorm
|-heal|p2a: Kommo-o|69/100 brn|[from] item: Leftovers
|-damage|p1a: Dragapult|82/100 psn|[from] psn
|-damage|p2a: Kommo-o|63/100 brn|[from] brn
|upkeep
|turn|18
|
|switch|p2a: Tyranitar|Tyranitar, F|100/100
|-damage|p2a: Tyranitar|88/100|[from] Stealth Rock
|move|p1a: Dragapult|Draco Meteor|p2a: Tyranitar
|-damage|p2a: Tyranitar|67/100
|-unboost|p1a: Dragapult|spa|2
|
|-weather|Sandstorm|[upkeep]
|-damage|p1a: Dragapult|76/100 psn|[from] Sandstorm
|-damage|p1a: Dragapult|64/100 psn|[from] psn
|upkeep
|turn|19
|
|switch|p1a: Tyranitar|Tyranitar, F|82/100 psn
|move|p2a: Tyranitar|Stone Edge|p1a: Tyranitar
|-damage|p1a: Tyranitar|40/100 psn
|
|-weather|none
|-heal|p1a: Tyranitar|46/100 psn|[from] item: Leftovers
|-damage|p1a: Tyranitar|34/100 psn|[from] psn
|upkeep
|turn|20
|
|move|p2a: Tyranitar|Stone Edge|p1a: Tyranitar|[miss]
|-miss|p2a: Tyranitar|p1a: Tyranitar
|move|p1a: Tyranitar|Heavy Slam|p2a: Tyranitar
|-supereffective|p2a: Tyranitar
|-damage|p2a: Tyranitar|48/100
|
|-heal|p1a: Tyranitar|40/100 psn|[from] item: Leftovers
|-damage|p1a: Tyranitar|28/100 psn|[from] psn
|upkeep
|turn|21
|
|move|p2a: Tyranitar|Stone Edge|p1a: Tyranitar
|-damage|p1a: Tyranitar|0 fnt
|faint|p1a: Tyranitar
|
|upkeep
|
|switch|p1a: Corviknight|Corviknight, M|23/100
|-ability|p1a: Corviknight|Pressure
|turn|22
|
|move|p1a: Corviknight|Roost|p1a: Corviknight
|-heal|p1a: Corviknight|73/100
|-singleturn|p1a: Corviknight|move: Roost
|move|p2a: Tyranitar|Fire Punch|p1a: Corviknight
|-supereffective|p1a: Corviknight
|-damage|p1a: Corviknight|31/100
|
|-heal|p1a: Corviknight|37/100|[from] item: Leftovers
|upkeep
|turn|23
|
|move|p1a: Corviknight|Roost|p1a: Corviknight
|-heal|p1a: Corviknight|87/100
|-singleturn|p1a: Corviknight|move: Roost
|move|p2a: Tyranitar|Fire Punch|p1a: Corviknight
|-supereffective|p1a: Corviknight
|-damage|p1a: Corviknight|47/100
|
|-heal|p1a: Corviknight|53/100|[from] item: Leftovers
|upkeep
|turn|24
|
|move|p1a: Corviknight|Iron Head|p2a: Tyranitar
|-supereffective|p2a: Tyranitar
|-damage|p2a: Tyranitar|9/100
|cant|p2a: Tyranitar|flinch
|
|-heal|p1a: Corviknight|59/100|[from] item: Leftovers
|upkeep
|turn|25
|
|move|p1a: Corviknight|Iron Head|p2a: Tyranitar
|-supereffective|p2a: Tyranitar
|-damage|p2a: Tyranitar|0 fnt
|faint|p2a: Tyranitar
|
|-heal|p1a: Corviknight|65/100|[from] item: Leftovers
|upkeep
|
|switch|p2a: Kommo-o|Kommo-o, F, shiny|63/100 brn
|-damage|p2a: Kommo-o|57/100 brn|[from] Stealth Rock
|turn|26
|inactive|damflame has 120 seconds left.
|
|move|p2a: Kommo-o|Stealth Rock|p1a: Corviknight
|-sidestart|p1: damflame|move: Stealth Rock
|move|p1a: Corviknight|Defog|p2a: Kommo-o
|-unboost|p2a: Kommo-o|evasion|1
|-sideend|p2: cellgenesis|Stealth Rock|[from] move: Defog|[of] p1a: Corviknight
|-sideend|p1: damflame|Toxic Spikes|[from] move: Defog|[of] p1a: Corviknight
|-sideend|p1: damflame|Stealth Rock|[from] move: Defog|[of] p1a: Corviknight
|
|-heal|p2a: Kommo-o|63/100 brn|[from] item: Leftovers
|-heal|p1a: Corviknight|72/100|[from] item: Leftovers
|-damage|p2a: Kommo-o|57/100 brn|[from] brn
|upkeep
|turn|27
|inactive|cellgenesis has 120 seconds left.
|
|move|p2a: Kommo-o|Body Press|p1a: Corviknight
|-damage|p1a: Corviknight|57/100
|move|p1a: Corviknight|Iron Head|p2a: Kommo-o
|-damage|p2a: Kommo-o|43/100 brn
|
|-heal|p2a: Kommo-o|49/100 brn|[from] item: Leftovers
|-heal|p1a: Corviknight|63/100|[from] item: Leftovers
|-damage|p2a: Kommo-o|43/100 brn|[from] brn
|upkeep
|turn|28
|
|switch|p2a: Toxapex|Toxapex, M|53/100
|move|p1a: Corviknight|Roost|p1a: Corviknight
|-heal|p1a: Corviknight|100/100
|-singleturn|p1a: Corviknight|move: Roost
|
|-heal|p2a: Toxapex|59/100|[from] item: Black Sludge
|upkeep
|turn|29
|
|move|p1a: Corviknight|U-turn|p2a: Toxapex
|-resisted|p2a: Toxapex
|-damage|p2a: Toxapex|55/100
|
|switch|p1a: Appletun|Appletun, M|100/100|[from]move: U-turn
|move|p2a: Toxapex|Toxic Spikes|p1a: Appletun
|-sidestart|p1: damflame|move: Toxic Spikes
|
|-heal|p2a: Toxapex|61/100|[from] item: Black Sludge
|upkeep
|turn|30
|
|switch|p2a: Dracovish|Dracovish|100/100
|move|p1a: Appletun|Apple Acid|p2a: Dracovish
|-damage|p2a: Dracovish|66/100
|-unboost|p2a: Dracovish|spd|1
|
|upkeep
|turn|31
|
|move|p2a: Dracovish|Ice Fang|p1a: Appletun|[miss]
|-miss|p2a: Dracovish|p1a: Appletun
|move|p1a: Appletun|Dragon Pulse|p2a: Dracovish
|-supereffective|p2a: Dracovish
|-damage|p2a: Dracovish|0 fnt
|faint|p2a: Dracovish
|
|upkeep
|
|switch|p2a: Salazzle|Salazzle, F|52/100
|turn|32
|
|switch|p1a: Rotom|Rotom-Heat|100/100
|move|p2a: Salazzle|Toxic|p1a: Rotom
|-status|p1a: Rotom|tox
|
|-heal|p2a: Salazzle|58/100|[from] item: Black Sludge
|-damage|p1a: Rotom|94/100 tox|[from] psn
|upkeep
|turn|33
|
|move|p2a: Salazzle|Protect|p2a: Salazzle
|-singleturn|p2a: Salazzle|Protect
|move|p1a: Rotom|Volt Switch|p2a: Salazzle
|-activate|p2a: Salazzle|move: Protect
|
|-heal|p2a: Salazzle|64/100|[from] item: Black Sludge
|-damage|p1a: Rotom|82/100 tox|[from] psn
|upkeep
|turn|34
|
|switch|p2a: Kommo-o|Kommo-o, F, shiny|43/100 brn
|move|p1a: Rotom|Volt Switch|p2a: Kommo-o
|-resisted|p2a: Kommo-o
|-damage|p2a: Kommo-o|29/100 brn
|
|switch|p1a: Corviknight|Corviknight, M|100/100|[from]move: Volt Switch
|-ability|p1a: Corviknight|Pressure
|
|-heal|p2a: Kommo-o|35/100 brn|[from] item: Leftovers
|-damage|p2a: Kommo-o|29/100 brn|[from] brn
|upkeep
|turn|35
|
|switch|p2a: Toxapex|Toxapex, M|94/100
|move|p1a: Corviknight|Defog|p2a: Toxapex
|-unboost|p2a: Toxapex|evasion|1
|-sideend|p1: damflame|Toxic Spikes|[from] move: Defog|[of] p1a: Corviknight
|
|-heal|p2a: Toxapex|100/100|[from] item: Black Sludge
|upkeep
|turn|36
|
|move|p1a: Corviknight|U-turn|p2a: Toxapex
|-resisted|p2a: Toxapex
|-damage|p2a: Toxapex|96/100
|
|switch|p1a: Appletun|Appletun, M|100/100|[from]move: U-turn
|move|p2a: Toxapex|Toxic Spikes|p1a: Appletun
|-sidestart|p1: damflame|move: Toxic Spikes
|
|-heal|p2a: Toxapex|100/100|[from] item: Black Sludge
|upkeep
|turn|37
|
|move|p2a: Toxapex|Scald|p1a: Appletun
|-resisted|p1a: Appletun
|-damage|p1a: Appletun|97/100
|move|p1a: Appletun|Apple Acid|p2a: Toxapex
|-damage|p2a: Toxapex|78/100
|-unboost|p2a: Toxapex|spd|1
|
|-heal|p2a: Toxapex|85/100|[from] item: Black Sludge
|-heal|p1a: Appletun|100/100|[from] item: Leftovers
|upkeep
|turn|38
|
|move|p2a: Toxapex|Haze|p2a: Toxapex
|-clearallboost
|move|p1a: Appletun|Apple Acid|p2a: Toxapex
|-damage|p2a: Toxapex|60/100
|-unboost|p2a: Toxapex|spd|1
|
|-heal|p2a: Toxapex|66/100|[from] item: Black Sludge
|upkeep
|turn|39
|
|move|p2a: Toxapex|Recover|p2a: Toxapex
|-heal|p2a: Toxapex|100/100
|move|p1a: Appletun|Apple Acid|p2a: Toxapex
|-damage|p2a: Toxapex|69/100
|-unboost|p2a: Toxapex|spd|1
|
|-heal|p2a: Toxapex|75/100|[from] item: Black Sludge
|upkeep
|turn|40
|
|move|p2a: Toxapex|Haze|p2a: Toxapex
|-clearallboost
|move|p1a: Appletun|Apple Acid|p2a: Toxapex
|-damage|p2a: Toxapex|50/100
|-unboost|p2a: Toxapex|spd|1
|
|-heal|p2a: Toxapex|56/100|[from] item: Black Sludge
|upkeep
|turn|41
|
|move|p2a: Toxapex|Recover|p2a: Toxapex
|-heal|p2a: Toxapex|100/100
|move|p1a: Appletun|Dragon Pulse|p2a: Toxapex
|-damage|p2a: Toxapex|65/100
|
|-heal|p2a: Toxapex|71/100|[from] item: Black Sludge
|upkeep
|turn|42
|
|switch|p1a: Rotom|Rotom-Heat|82/100 tox
|move|p2a: Toxapex|Haze|p2a: Toxapex
|-clearallboost
|
|-heal|p2a: Toxapex|77/100|[from] item: Black Sludge
|-damage|p1a: Rotom|76/100 tox|[from] psn
|upkeep
|turn|43
|inactive|damflame has 120 seconds left.
|
|move|p1a: Rotom|Nasty Plot|p1a: Rotom
|-boost|p1a: Rotom|spa|2
|move|p2a: Toxapex|Scald|p1a: Rotom
|-supereffective|p1a: Rotom
|-damage|p1a: Rotom|27/100 tox
|
|-heal|p2a: Toxapex|84/100|[from] item: Black Sludge
|-damage|p1a: Rotom|15/100 tox|[from] psn
|upkeep
|turn|44
|inactive|damflame has 120 seconds left.
|
|switch|p2a: Kommo-o|Kommo-o, F, shiny|29/100 brn
|move|p1a: Rotom|Volt Switch|p2a: Kommo-o
|-resisted|p2a: Kommo-o
|-damage|p2a: Kommo-o|0 fnt
|faint|p2a: Kommo-o
|inactive|damflame has 120 seconds left.
|
|switch|p1a: Dragapult|Dragapult, F|64/100 psn|[from]move: Volt Switch
|
|-damage|p1a: Dragapult|52/100 psn|[from] psn
|upkeep
|
|switch|p2a: Toxapex|Toxapex, M|100/100
|turn|45
|
|move|p1a: Dragapult|U-turn|p2a: Toxapex
|-resisted|p2a: Toxapex
|-damage|p2a: Toxapex|96/100
|
|switch|p1a: Corviknight|Corviknight, M|100/100|[from]move: U-turn
|-ability|p1a: Corviknight|Pressure
|move|p2a: Toxapex|Recover|p2a: Toxapex
|-heal|p2a: Toxapex|100/100
|
|upkeep
|turn|46
|
|move|p1a: Corviknight|Defog|p2a: Toxapex
|-unboost|p2a: Toxapex|evasion|1
|-sideend|p1: damflame|Toxic Spikes|[from] move: Defog|[of] p1a: Corviknight
|move|p2a: Toxapex|Scald|p1a: Corviknight
|-damage|p1a: Corviknight|86/100
|
|-heal|p1a: Corviknight|92/100|[from] item: Leftovers
|upkeep
|turn|47
|
|switch|p1a: Rotom|Rotom-Heat|15/100 tox
|move|p2a: Toxapex|Toxic Spikes|p1a: Rotom
|-sidestart|p1: damflame|move: Toxic Spikes
|
|-damage|p1a: Rotom|9/100 tox|[from] psn
|upkeep
|turn|48
|
|move|p1a: Rotom|Will-O-Wisp|p2a: Toxapex
|-status|p2a: Toxapex|brn
|move|p2a: Toxapex|Recover||[still]
|-fail|p2a: Toxapex|heal
|
|-damage|p1a: Rotom|0 fnt|[from] psn
|faint|p1a: Rotom
|-damage|p2a: Toxapex|94/100 brn|[from] brn
|upkeep
|
|switch|p1a: Corviknight|Corviknight, M|92/100
|-ability|p1a: Corviknight|Pressure
|turn|49
|
|switch|p2a: Salazzle|Salazzle, F|64/100
|move|p1a: Corviknight|Defog|p2a: Salazzle
|-unboost|p2a: Salazzle|evasion|1
|-sideend|p1: damflame|Toxic Spikes|[from] move: Defog|[of] p1a: Corviknight
|
|-heal|p2a: Salazzle|71/100|[from] item: Black Sludge
|-heal|p1a: Corviknight|98/100|[from] item: Leftovers
|upkeep
|turn|50
|
|move|p2a: Salazzle|Flamethrower|p1a: Corviknight
|-supereffective|p1a: Corviknight
|-damage|p1a: Corviknight|23/100
|move|p1a: Corviknight|U-turn|p2a: Salazzle
|-resisted|p2a: Salazzle
|-damage|p2a: Salazzle|64/100
|
|switch|p1a: Dragapult|Dragapult, F|52/100 psn|[from]move: U-turn
|
|-heal|p2a: Salazzle|70/100|[from] item: Black Sludge
|-damage|p1a: Dragapult|39/100 psn|[from] psn
|upkeep
|turn|51
|
|move|p2a: Salazzle|Protect|p2a: Salazzle
|-singleturn|p2a: Salazzle|Protect
|move|p1a: Dragapult|Shadow Ball|p2a: Salazzle
|-activate|p2a: Salazzle|move: Protect
|
|-heal|p2a: Salazzle|76/100|[from] item: Black Sludge
|-damage|p1a: Dragapult|27/100 psn|[from] psn
|upkeep
|turn|52
|
|switch|p1a: Appletun|Appletun, M|100/100
|switch|p2a: Toxapex|Toxapex, M|100/100 brn
|
|-damage|p2a: Toxapex|94/100 brn|[from] brn
|upkeep
|turn|53
|
|move|p2a: Toxapex|Scald|p1a: Appletun
|-resisted|p1a: Appletun
|-damage|p1a: Appletun|96/100
|-status|p1a: Appletun|brn
|move|p1a: Appletun|Dragon Pulse|p2a: Toxapex
|-damage|p2a: Toxapex|69/100 brn
|
|-heal|p2a: Toxapex|75/100 brn|[from] item: Black Sludge
|-heal|p1a: Appletun|100/100 brn|[from] item: Leftovers
|-damage|p2a: Toxapex|69/100 brn|[from] brn
|-damage|p1a: Appletun|94/100 brn|[from] brn
|upkeep
|turn|54
|
|move|p2a: Toxapex|Scald|p1a: Appletun
|-resisted|p1a: Appletun
|-damage|p1a: Appletun|91/100 brn
|move|p1a: Appletun|Apple Acid|p2a: Toxapex
|-damage|p2a: Toxapex|45/100 brn
|-unboost|p2a: Toxapex|spd|1
|
|-heal|p2a: Toxapex|51/100 brn|[from] item: Black Sludge
|-heal|p1a: Appletun|97/100 brn|[from] item: Leftovers
|-damage|p2a: Toxapex|45/100 brn|[from] brn
|-damage|p1a: Appletun|91/100 brn|[from] brn
|upkeep
|turn|55
|
|move|p2a: Toxapex|Recover|p2a: Toxapex
|-heal|p2a: Toxapex|95/100 brn
|move|p1a: Appletun|Apple Acid|p2a: Toxapex
|-damage|p2a: Toxapex|61/100 brn
|-unboost|p2a: Toxapex|spd|1
|
|-heal|p2a: Toxapex|67/100 brn|[from] item: Black Sludge
|-heal|p1a: Appletun|97/100 brn|[from] item: Leftovers
|-damage|p2a: Toxapex|61/100 brn|[from] brn
|-damage|p1a: Appletun|91/100 brn|[from] brn
|upkeep
|turn|56
|
|move|p2a: Toxapex|Haze|p2a: Toxapex
|-clearallboost
|move|p1a: Appletun|Dragon Pulse|p2a: Toxapex
|-damage|p2a: Toxapex|35/100 brn
|
|-heal|p2a: Toxapex|41/100 brn|[from] item: Black Sludge
|-heal|p1a: Appletun|97/100 brn|[from] item: Leftovers
|-damage|p2a: Toxapex|35/100 brn|[from] brn
|-damage|p1a: Appletun|91/100 brn|[from] brn
|upkeep
|turn|57
|
|switch|p1a: Corviknight|Corviknight, M|23/100
|-ability|p1a: Corviknight|Pressure
|move|p2a: Toxapex|Recover|p2a: Toxapex
|-heal|p2a: Toxapex|85/100 brn
|
|-heal|p1a: Corviknight|29/100|[from] item: Leftovers
|-heal|p2a: Toxapex|91/100 brn|[from] item: Black Sludge
|-damage|p2a: Toxapex|85/100 brn|[from] brn
|upkeep
|turn|58
|
|switch|p2a: Salazzle|Salazzle, F|76/100
|move|p1a: Corviknight|Roost|p1a: Corviknight
|-heal|p1a: Corviknight|79/100
|-singleturn|p1a: Corviknight|move: Roost
|
|-heal|p2a: Salazzle|82/100|[from] item: Black Sludge
|-heal|p1a: Corviknight|85/100|[from] item: Leftovers
|upkeep
|turn|59
|
|switch|p1a: Appletun|Appletun, M|91/100 brn
|move|p2a: Salazzle|Flamethrower|p1a: Appletun
|-damage|p1a: Appletun|71/100 brn
|
|-heal|p2a: Salazzle|89/100|[from] item: Black Sludge
|-heal|p1a: Appletun|77/100 brn|[from] item: Leftovers
|-damage|p1a: Appletun|71/100 brn|[from] brn
|upkeep
|turn|60
|
|move|p2a: Salazzle|Protect|p2a: Salazzle
|-singleturn|p2a: Salazzle|Protect
|move|p1a: Appletun|Dragon Pulse|p2a: Salazzle
|-activate|p2a: Salazzle|move: Protect
|
|-heal|p2a: Salazzle|95/100|[from] item: Black Sludge
|-heal|p1a: Appletun|77/100 brn|[from] item: Leftovers
|-damage|p1a: Appletun|71/100 brn|[from] brn
|upkeep
|turn|61
|
|move|p2a: Salazzle|Flamethrower|p1a: Appletun
|-damage|p1a: Appletun|49/100 brn
|move|p1a: Appletun|Recover|p1a: Appletun
|-heal|p1a: Appletun|99/100 brn
|
|-heal|p2a: Salazzle|100/100|[from] item: Black Sludge
|-heal|p1a: Appletun|100/100 brn|[from] item: Leftovers
|-damage|p1a: Appletun|94/100 brn|[from] brn
|upkeep
|turn|62
|
|move|p2a: Salazzle|Substitute|p2a: Salazzle
|-start|p2a: Salazzle|Substitute
|-damage|p2a: Salazzle|76/100
|move|p1a: Appletun|Body Press|p2a: Salazzle
|-resisted|p2a: Salazzle
|-activate|p2a: Salazzle|move: Substitute|[damage]
|
|-heal|p2a: Salazzle|82/100|[from] item: Black Sludge
|-heal|p1a: Appletun|100/100 brn|[from] item: Leftovers
|-damage|p1a: Appletun|94/100 brn|[from] brn
|upkeep
|turn|63
|
|move|p2a: Salazzle|Protect|p2a: Salazzle
|-singleturn|p2a: Salazzle|Protect
|move|p1a: Appletun|Dragon Pulse|p2a: Salazzle
|-activate|p2a: Salazzle|move: Protect
|
|-heal|p2a: Salazzle|88/100|[from] item: Black Sludge
|-heal|p1a: Appletun|100/100 brn|[from] item: Leftovers
|-damage|p1a: Appletun|94/100 brn|[from] brn
|upkeep
|turn|64
|
|move|p2a: Salazzle|Flamethrower|p1a: Appletun
|-damage|p1a: Appletun|74/100 brn
|move|p1a: Appletun|Dragon Pulse|p2a: Salazzle
|-end|p2a: Salazzle|Substitute
|
|-heal|p2a: Salazzle|94/100|[from] item: Black Sludge
|-heal|p1a: Appletun|80/100 brn|[from] item: Leftovers
|-damage|p1a: Appletun|74/100 brn|[from] brn
|upkeep
|turn|65
|
|move|p2a: Salazzle|Protect|p2a: Salazzle
|-singleturn|p2a: Salazzle|Protect
|move|p1a: Appletun|Dragon Pulse|p2a: Salazzle
|-activate|p2a: Salazzle|move: Protect
|
|-heal|p2a: Salazzle|99/100|[from] item: Black Sludge
|-heal|p1a: Appletun|80/100 brn|[from] item: Leftovers
|-damage|p1a: Appletun|74/100 brn|[from] brn
|upkeep
|turn|66
|
|move|p2a: Salazzle|Substitute|p2a: Salazzle
|-start|p2a: Salazzle|Substitute
|-damage|p2a: Salazzle|75/100
|move|p1a: Appletun|Dragon Pulse|p2a: Salazzle
|-end|p2a: Salazzle|Substitute
|
|-heal|p2a: Salazzle|81/100|[from] item: Black Sludge
|-heal|p1a: Appletun|80/100 brn|[from] item: Leftovers
|-damage|p1a: Appletun|74/100 brn|[from] brn
|upkeep
|turn|67
|
|switch|p1a: Dragapult|Dragapult, F|27/100 psn
|move|p2a: Salazzle|Protect||[still]
|-fail|p2a: Salazzle
|
|-heal|p2a: Salazzle|88/100|[from] item: Black Sludge
|-damage|p1a: Dragapult|15/100 psn|[from] psn
|upkeep
|turn|68
|
|move|p2a: Salazzle|Protect|p2a: Salazzle
|-singleturn|p2a: Salazzle|Protect
|move|p1a: Dragapult|Draco Meteor|p2a: Salazzle
|-activate|p2a: Salazzle|move: Protect
|
|-heal|p2a: Salazzle|94/100|[from] item: Black Sludge
|-damage|p1a: Dragapult|2/100 psn|[from] psn
|upkeep
|turn|69
|
|switch|p2a: Toxapex|Toxapex, M|100/100 brn
|move|p1a: Dragapult|Draco Meteor|p2a: Toxapex
|-damage|p2a: Toxapex|52/100 brn
|-unboost|p1a: Dragapult|spa|2
|
|-heal|p2a: Toxapex|58/100 brn|[from] item: Black Sludge
|-damage|p1a: Dragapult|0 fnt|[from] psn
|faint|p1a: Dragapult
|-damage|p2a: Toxapex|52/100 brn|[from] brn
|upkeep
|
|switch|p1a: Appletun|Appletun, M|74/100 brn
|turn|70
|
|move|p2a: Toxapex|Recover|p2a: Toxapex
|-heal|p2a: Toxapex|100/100 brn
|move|p1a: Appletun|Apple Acid|p2a: Toxapex
|-damage|p2a: Toxapex|77/100 brn
|-unboost|p2a: Toxapex|spd|1
|
|-heal|p2a: Toxapex|83/100 brn|[from] item: Black Sludge
|-heal|p1a: Appletun|80/100 brn|[from] item: Leftovers
|-damage|p2a: Toxapex|77/100 brn|[from] brn
|-damage|p1a: Appletun|74/100 brn|[from] brn
|upkeep
|turn|71
|-message|damflame forfeited.
|
|win|cellgenesis
|l|☆damflame
|raw|damflame's rating: 1430 → 1409(-21 for losing)
|raw|cellgenesis's rating: 1400 → 1422(+22 for winning)
