|ScrapeTime|2020-01-01-20:02:34
|j|☆geckomoriakagenomi
|j|☆Didn't have
|player|p1|geckomoriakagenomi|giovanni|1043
|player|p2|Didn't have|265|1025
|teamsize|p1|6
|teamsize|p2|6
|gametype|singles
|gen|8
|tier|[Gen 8] OU
|rated|
|rule|Sleep Clause Mod: Limit one foe put to sleep
|rule|Species Clause: Limit one of each Pokémon
|rule|OHKO Clause: OHKO moves are banned
|rule|Evasion Moves Clause: Evasion moves are banned
|rule|Endless Battle Clause: Forcing endless battles is banned
|rule|HP Percentage Mod: HP is shown in percentages
|clearpoke
|poke|p1|Galvantula, M|
|poke|p1|Dugtrio, M|
|poke|p1|Falinks|
|poke|p1|Morpeko, F|
|poke|p1|Garbodor, M|
|poke|p1|Araquanid, M|
|poke|p2|Vileplume, F|
|poke|p2|Grimmsnarl, M|
|poke|p2|Charizard, M|
|poke|p2|Ninetales, F|
|poke|p2|Leafeon, M|
|poke|p2|Haxorus, F|
|rule|Dynamax Clause: You cannot dynamax
|teampreview
|
|start
|switch|p1a: Galvantula|Galvantula, M|100/100
|switch|p2a: Ninetales|Ninetales, F|100/100
|-weather|SunnyDay|[from] ability: Drought|[of] p2a: Ninetales
|turn|1
|
|move|p1a: Galvantula|Sticky Web|p2a: Ninetales
|-sidestart|p2: Didn't have|move: Sticky Web
|move|p2a: Ninetales|Overheat|p1a: Galvantula
|-supereffective|p1a: Galvantula
|-enditem|p1a: Galvantula|Focus Sash
|-damage|p1a: Galvantula|1/100
|-unboost|p2a: Ninetales|spa|2
|
|-weather|SunnyDay|[upkeep]
|upkeep
|turn|2
|
|move|p1a: Galvantula|Thunder Wave|p2a: Ninetales
|-status|p2a: Ninetales|par
|move|p2a: Ninetales|Shadow Ball|p1a: Galvantula
|-damage|p1a: Galvantula|0 fnt
|faint|p1a: Galvantula
|
|-weather|SunnyDay|[upkeep]
|upkeep
|
|switch|p1a: Dugtrio|Dugtrio, M|100/100
|turn|3
|
|move|p1a: Dugtrio|Memento|p2a: Ninetales
|-unboost|p2a: Ninetales|atk|2
|-unboost|p2a: Ninetales|spa|2
|faint|p1a: Dugtrio
|move|p2a: Ninetales|Solar Beam||[still]
|-prepare|p2a: Ninetales|Solar Beam|p1: Dugtrio
|-anim|p2a: Ninetales|Solar Beam|p1: Dugtrio|[notarget]
|-fail|p2a: Ninetales
|
|-weather|SunnyDay|[upkeep]
|upkeep
|
|switch|p1a: Falinks|Falinks|100/100
|turn|4
|
|switch|p2a: Vileplume|Vileplume, F|100/100
|-activate|p2a: Vileplume|move: Sticky Web
|-unboost|p2a: Vileplume|spe|1
|move|p1a: Falinks|No Retreat|p1a: Falinks
|-boost|p1a: Falinks|atk|1
|-boost|p1a: Falinks|def|1
|-boost|p1a: Falinks|spa|1
|-boost|p1a: Falinks|spd|1
|-boost|p1a: Falinks|spe|1
|-start|p1a: Falinks|move: No Retreat
|
|-weather|SunnyDay|[upkeep]
|upkeep
|turn|5
|
|move|p1a: Falinks|Iron Head|p2a: Vileplume
|-damage|p2a: Vileplume|58/100
|move|p2a: Vileplume|Solar Beam||[still]
|-prepare|p2a: Vileplume|Solar Beam|p1a: Falinks
|-anim|p2a: Vileplume|Solar Beam|p1a: Falinks
|-damage|p1a: Falinks|17/100
|-enditem|p1a: Falinks|Sitrus Berry|[eat]
|-heal|p1a: Falinks|42/100|[from] item: Sitrus Berry
|
|-weather|SunnyDay|[upkeep]
|upkeep
|turn|6
|
|move|p1a: Falinks|Throat Chop|p2a: Vileplume
|-damage|p2a: Vileplume|15/100
|-start|p2a: Vileplume|Throat Chop|[silent]
|move|p2a: Vileplume|Solar Beam||[still]
|-prepare|p2a: Vileplume|Solar Beam|p1a: Falinks
|-anim|p2a: Vileplume|Solar Beam|p1a: Falinks
|-damage|p1a: Falinks|0 fnt
|faint|p1a: Falinks
|
|-weather|SunnyDay|[upkeep]
|upkeep
|
|switch|p1a: Morpeko|Morpeko, F|100/100
|turn|7
|
|switch|p2a: Grimmsnarl|Grimmsnarl, M|100/100
|-activate|p2a: Grimmsnarl|move: Sticky Web
|-unboost|p2a: Grimmsnarl|spe|1
|move|p1a: Morpeko|Protect||[still]
|-fail|p1a: Morpeko
|
|-weather|SunnyDay|[upkeep]
|-formechange|p1a: Morpeko|Morpeko-Hangry||[from] ability: Hunger Switch
|upkeep
|turn|8
|
|move|p2a: Grimmsnarl|Reflect|p2a: Grimmsnarl
|-sidestart|p2: Didn't have|Reflect
|move|p1a: Morpeko|Brick Break|p2a: Grimmsnarl
|-sideend|p2: Didn't have|Reflect
|-damage|p2a: Grimmsnarl|74/100
|
|-weather|none
|-heal|p2a: Grimmsnarl|80/100|[from] item: Leftovers
|-formechange|p1a: Morpeko|Morpeko||[from] ability: Hunger Switch
|upkeep
|turn|9
|
|move|p1a: Morpeko|Brick Break|p2a: Grimmsnarl
|-damage|p2a: Grimmsnarl|53/100
|move|p2a: Grimmsnarl|Spirit Break|p1a: Morpeko
|-supereffective|p1a: Morpeko
|-damage|p1a: Morpeko|0 fnt
|faint|p1a: Morpeko
|
|-heal|p2a: Grimmsnarl|59/100|[from] item: Leftovers
|upkeep
|
|switch|p1a: Garbodor|Garbodor, M|100/100
|turn|10
|
|move|p2a: Grimmsnarl|Thunder Wave|p1a: Garbodor
|-status|p1a: Garbodor|par
|cant|p1a: Garbodor|par
|
|-heal|p2a: Grimmsnarl|65/100|[from] item: Leftovers
|upkeep
|turn|11
|
|move|p2a: Grimmsnarl|Reflect|p2a: Grimmsnarl
|-sidestart|p2: Didn't have|Reflect
|cant|p1a: Garbodor|par
|
|-heal|p2a: Grimmsnarl|71/100|[from] item: Leftovers
|upkeep
|turn|12
|
|move|p2a: Grimmsnarl|Light Screen|p2a: Grimmsnarl
|-sidestart|p2: Didn't have|move: Light Screen
|move|p1a: Garbodor|Gunk Shot|p2a: Grimmsnarl
|-supereffective|p2a: Grimmsnarl
|-crit|p2a: Grimmsnarl
|-damage|p2a: Grimmsnarl|0 fnt
|faint|p2a: Grimmsnarl
|
|upkeep
|
|switch|p2a: Ninetales|Ninetales, F|100/100 par
|-activate|p2a: Ninetales|move: Sticky Web
|-unboost|p2a: Ninetales|spe|1
|-weather|SunnyDay|[from] ability: Drought|[of] p2a: Ninetales
|turn|13
|
|move|p2a: Ninetales|Overheat|p1a: Garbodor|[miss]
|-miss|p2a: Ninetales|p1a: Garbodor
|cant|p1a: Garbodor|par
|
|-weather|SunnyDay|[upkeep]
|upkeep
|turn|14
|
|move|p2a: Ninetales|Overheat|p1a: Garbodor
|-damage|p1a: Garbodor|25/100 par
|-unboost|p2a: Ninetales|spa|2
|move|p1a: Garbodor|Drain Punch|p2a: Ninetales
|-damage|p2a: Ninetales|82/100 par
|-heal|p1a: Garbodor|32/100 par|[from] drain|[of] p2a: Ninetales
|
|-weather|SunnyDay|[upkeep]
|-heal|p1a: Garbodor|38/100 par|[from] item: Black Sludge
|upkeep
|turn|15
|
|move|p2a: Ninetales|Overheat|p1a: Garbodor
|-damage|p1a: Garbodor|0 fnt
|-unboost|p2a: Ninetales|spa|2
|faint|p1a: Garbodor
|
|-weather|SunnyDay|[upkeep]
|-sideend|p2: Didn't have|Reflect
|upkeep
|
|switch|p1a: Araquanid|Araquanid, M|100/100
|turn|16
|
|switch|p2a: Charizard|Charizard, M|100/100
|move|p1a: Araquanid|Substitute|p1a: Araquanid
|-start|p1a: Araquanid|Substitute
|-damage|p1a: Araquanid|76/100
|
|-weather|SunnyDay|[upkeep]
|-damage|p2a: Charizard|88/100|[from] ability: Solar Power|[of] p2a: Charizard
|-heal|p1a: Araquanid|82/100|[from] item: Leftovers
|-sideend|p2: Didn't have|move: Light Screen
|upkeep
|turn|17
|
|move|p2a: Charizard|Flamethrower|p1a: Araquanid
|-end|p1a: Araquanid|Substitute
|move|p1a: Araquanid|Aqua Ring|p1a: Araquanid
|-start|p1a: Araquanid|Aqua Ring
|
|-weather|SunnyDay|[upkeep]
|-damage|p2a: Charizard|76/100|[from] ability: Solar Power|[of] p2a: Charizard
|-heal|p1a: Araquanid|88/100|[from] item: Leftovers
|-heal|p1a: Araquanid|94/100|[from] Aqua Ring
|upkeep
|turn|18
|
|move|p2a: Charizard|Flamethrower|p1a: Araquanid
|-damage|p1a: Araquanid|53/100
|move|p1a: Araquanid|Substitute|p1a: Araquanid
|-start|p1a: Araquanid|Substitute
|-damage|p1a: Araquanid|28/100
|
|-weather|SunnyDay|[upkeep]
|-damage|p2a: Charizard|63/100|[from] ability: Solar Power|[of] p2a: Charizard
|-heal|p1a: Araquanid|34/100|[from] item: Leftovers
|-heal|p1a: Araquanid|40/100|[from] Aqua Ring
|upkeep
|turn|19
|
|move|p2a: Charizard|Flamethrower|p1a: Araquanid
|-end|p1a: Araquanid|Substitute
|move|p1a: Araquanid|Liquidation|p2a: Charizard
|-supereffective|p2a: Charizard
|-damage|p2a: Charizard|0 fnt
|faint|p2a: Charizard
|
|-weather|SunnyDay|[upkeep]
|-heal|p1a: Araquanid|47/100|[from] item: Leftovers
|-heal|p1a: Araquanid|53/100|[from] Aqua Ring
|upkeep
|
|switch|p2a: Vileplume|Vileplume, F|15/100
|-activate|p2a: Vileplume|move: Sticky Web
|-unboost|p2a: Vileplume|spe|1
|turn|20
|
|move|p2a: Vileplume|Solar Beam||[still]
|-prepare|p2a: Vileplume|Solar Beam|p1a: Araquanid
|-anim|p2a: Vileplume|Solar Beam|p1a: Araquanid
|-crit|p1a: Araquanid
|-damage|p1a: Araquanid|0 fnt
|faint|p1a: Araquanid
|
|win|Didn't have
|l|☆geckomoriakagenomi
