|ScrapeTime|2020-01-01-10:25:46
|j|☆getrektdaniel
|j|☆Testingtheish
|player|p1|getrektdaniel|250|1138
|player|p2|Testingtheish|drayden|1081
|teamsize|p1|6
|teamsize|p2|6
|gametype|singles
|gen|8
|tier|[Gen 8] OU
|rated|
|rule|Sleep Clause Mod: Limit one foe put to sleep
|rule|Species Clause: Limit one of each Pokémon
|rule|OHKO Clause: OHKO moves are banned
|rule|Evasion Moves Clause: Evasion moves are banned
|rule|Endless Battle Clause: Forcing endless battles is banned
|rule|HP Percentage Mod: HP is shown in percentages
|clearpoke
|poke|p1|Mr. Rime, F|
|poke|p1|Dugtrio, F|
|poke|p1|Rotom-Wash|
|poke|p1|Clefable, F|
|poke|p1|Durant, M|
|poke|p1|Cinderace, F|
|poke|p2|Coalossal, F|
|poke|p2|Corviknight, M|
|poke|p2|Runerigus, M|
|poke|p2|Frosmoth, M|
|poke|p2|Toxtricity, M|
|poke|p2|Araquanid, F|
|rule|Dynamax Clause: You cannot dynamax
|teampreview
|
|start
|switch|p1a: Dugtrio|Dugtrio, F|100/100
|switch|p2a: Runerigus|Runerigus, M|100/100
|turn|1
|
|switch|p1a: Rotom|Rotom-Wash|100/100
|move|p2a: Runerigus|Will-O-Wisp|p1a: Rotom
|-status|p1a: Rotom|brn
|
|-damage|p1a: Rotom|94/100 brn|[from] brn
|upkeep
|turn|2
|
|switch|p2a: Araquanid|Araquanid, F|100/100
|move|p1a: Rotom|Volt Switch|p2a: Araquanid
|-supereffective|p2a: Araquanid
|-damage|p2a: Araquanid|49/100
|
|switch|p1a: Dugtrio|Dugtrio, F|100/100|[from]move: Volt Switch
|
|upkeep
|turn|3
|
|move|p1a: Dugtrio|Stone Edge|p2a: Araquanid
|-supereffective|p2a: Araquanid
|-damage|p2a: Araquanid|0 fnt
|faint|p2a: Araquanid
|
|upkeep
|
|switch|p2a: Corviknight|Corviknight, M|100/100
|turn|4
|inactive|Battle timer is ON: inactive players will automatically lose when time's up. (requested by Testingtheish)
|
|switch|p1a: Rotom|Rotom-Wash|94/100 brn
|move|p2a: Corviknight|Iron Defense|p2a: Corviknight
|-boost|p2a: Corviknight|def|2
|
|-heal|p1a: Rotom|100/100 brn|[from] item: Leftovers
|-damage|p1a: Rotom|94/100 brn|[from] brn
|upkeep
|turn|5
|
|move|p1a: Rotom|Thunderbolt|p2a: Corviknight
|-supereffective|p2a: Corviknight
|-damage|p2a: Corviknight|43/100
|-enditem|p2a: Corviknight|Maranga Berry|[eat]
|-boost|p2a: Corviknight|spd|1
|move|p2a: Corviknight|Iron Defense|p2a: Corviknight
|-boost|p2a: Corviknight|def|2
|
|-heal|p1a: Rotom|100/100 brn|[from] item: Leftovers
|-damage|p1a: Rotom|94/100 brn|[from] brn
|upkeep
|turn|6
|
|move|p1a: Rotom|Will-O-Wisp|p2a: Corviknight
|-status|p2a: Corviknight|brn
|move|p2a: Corviknight|Roost|p2a: Corviknight
|-heal|p2a: Corviknight|93/100 brn
|-singleturn|p2a: Corviknight|move: Roost
|
|-heal|p1a: Rotom|100/100 brn|[from] item: Leftovers
|-damage|p1a: Rotom|94/100 brn|[from] brn
|-damage|p2a: Corviknight|87/100 brn|[from] brn
|upkeep
|turn|7
|
|move|p1a: Rotom|Thunderbolt|p2a: Corviknight
|-supereffective|p2a: Corviknight
|-damage|p2a: Corviknight|49/100 brn
|move|p2a: Corviknight|Iron Defense|p2a: Corviknight
|-boost|p2a: Corviknight|def|2
|
|-heal|p1a: Rotom|100/100 brn|[from] item: Leftovers
|-damage|p1a: Rotom|94/100 brn|[from] brn
|-damage|p2a: Corviknight|43/100 brn|[from] brn
|upkeep
|turn|8
|
|move|p1a: Rotom|Thunderbolt|p2a: Corviknight
|-supereffective|p2a: Corviknight
|-damage|p2a: Corviknight|7/100 brn
|move|p2a: Corviknight|Roost|p2a: Corviknight
|-heal|p2a: Corviknight|57/100 brn
|-singleturn|p2a: Corviknight|move: Roost
|
|-heal|p1a: Rotom|100/100 brn|[from] item: Leftovers
|-damage|p1a: Rotom|94/100 brn|[from] brn
|-damage|p2a: Corviknight|51/100 brn|[from] brn
|upkeep
|turn|9
|
|move|p1a: Rotom|Thunderbolt|p2a: Corviknight
|-supereffective|p2a: Corviknight
|-damage|p2a: Corviknight|10/100 brn
|move|p2a: Corviknight|Body Press|p1a: Rotom
|-damage|p1a: Rotom|56/100 brn
|
|-heal|p1a: Rotom|63/100 brn|[from] item: Leftovers
|-damage|p1a: Rotom|56/100 brn|[from] brn
|-damage|p2a: Corviknight|4/100 brn|[from] brn
|upkeep
|turn|10
|
|move|p1a: Rotom|Volt Switch|p2a: Corviknight
|-supereffective|p2a: Corviknight
|-damage|p2a: Corviknight|0 fnt
|faint|p2a: Corviknight
|
|switch|p1a: Cinderace|Cinderace, F|100/100|[from]move: Volt Switch
|
|upkeep
|
|switch|p2a: Coalossal|Coalossal, F|100/100
|turn|11
|inactive|getrektdaniel has 120 seconds left.
|
|move|p1a: Cinderace|U-turn|p2a: Coalossal
|-resisted|p2a: Coalossal
|-damage|p2a: Coalossal|94/100
|
|switch|p1a: Durant|Durant, M|100/100|[from]move: U-turn
|move|p2a: Coalossal|Rock Slide|p1a: Durant
|-damage|p1a: Durant|72/100
|
|upkeep
|turn|12
|
|move|p1a: Durant|Superpower|p2a: Coalossal|[miss]
|-miss|p1a: Durant|p2a: Coalossal
|move|p2a: Coalossal|Heat Crash|p1a: Durant
|-supereffective|p1a: Durant
|-damage|p1a: Durant|0 fnt
|faint|p1a: Durant
|
|upkeep
|inactive|getrektdaniel has 120 seconds left.
|
|switch|p1a: Dugtrio|Dugtrio, F|100/100
|turn|13
|
|move|p1a: Dugtrio|Earthquake|p2a: Coalossal
|-supereffective|p2a: Coalossal
|-damage|p2a: Coalossal|3/100
|-enditem|p2a: Coalossal|Weakness Policy
|-boost|p2a: Coalossal|atk|2
|-boost|p2a: Coalossal|spa|2
|move|p2a: Coalossal|Body Press|p1a: Dugtrio
|-damage|p1a: Dugtrio|20/100
|
|upkeep
|turn|14
|
|move|p1a: Dugtrio|Earthquake|p2a: Coalossal
|-supereffective|p2a: Coalossal
|-damage|p2a: Coalossal|0 fnt
|faint|p2a: Coalossal
|
|upkeep
|
|switch|p2a: Runerigus|Runerigus, M|100/100
|turn|15
|inactive|getrektdaniel has 120 seconds left.
|
|switch|p1a: Mr. Rime|Mr. Rime, F|100/100
|move|p2a: Runerigus|Earthquake|p1a: Mr. Rime
|-crit|p1a: Mr. Rime
|-damage|p1a: Mr. Rime|28/100
|
|upkeep
|turn|16
|
|move|p1a: Mr. Rime|Psyshock|p2a: Runerigus
|-damage|p2a: Runerigus|69/100
|move|p2a: Runerigus|Earthquake|p1a: Mr. Rime
|-damage|p1a: Mr. Rime|0 fnt
|faint|p1a: Mr. Rime
|
|upkeep
|
|switch|p1a: Rotom|Rotom-Wash|56/100 brn
|turn|17
|inactive|Testingtheish has 120 seconds left.
|
|switch|p2a: Toxtricity|Toxtricity, M|100/100
|move|p1a: Rotom|Hydro Pump|p2a: Toxtricity
|-damage|p2a: Toxtricity|25/100
|
|-heal|p1a: Rotom|63/100 brn|[from] item: Leftovers
|-damage|p1a: Rotom|56/100 brn|[from] brn
|upkeep
|turn|18
|-message|Testingtheish forfeited.
|
|win|getrektdaniel
|l|☆Testingtheish
|raw|getrektdaniel's rating: 1138 → 1159(+21 for winning)
|raw|Testingtheish's rating: 1081 → 1062(-19 for losing)
