|ScrapeTime|2020-01-02-23:34:37
|j|☆ogTFlame
|j|☆SroudDuors
|player|p1|ogTFlame|lucas|1577
|player|p2|SroudDuors|elesa|1522
|teamsize|p1|6
|teamsize|p2|6
|gametype|singles
|gen|8
|tier|[Gen 8] OU
|rated|
|rule|Sleep Clause Mod: Limit one foe put to sleep
|rule|Species Clause: Limit one of each Pokémon
|rule|OHKO Clause: OHKO moves are banned
|rule|Evasion Moves Clause: Evasion moves are banned
|rule|Endless Battle Clause: Forcing endless battles is banned
|rule|HP Percentage Mod: HP is shown in percentages
|clearpoke
|poke|p1|Cinderace, M|
|poke|p1|Excadrill, M|
|poke|p1|Rotom-Wash|
|poke|p1|Aegislash, M|
|poke|p1|Gyarados, M|
|poke|p1|Conkeldurr, F|
|poke|p2|Hatterene, F|
|poke|p2|Cinderace, F|
|poke|p2|Mandibuzz, F|
|poke|p2|Seismitoad, F|
|poke|p2|Tsareena, F|
|poke|p2|Aegislash, F|
|rule|Dynamax Clause: You cannot dynamax
|teampreview
|inactive|Battle timer is ON: inactive players will automatically lose when time's up. (requested by SroudDuors)
|
|start
|switch|p1a: CLEEEAN|Rotom-Wash|100/100
|switch|p2a: Seismitoad|Seismitoad, F|100/100
|turn|1
|
|move|p1a: CLEEEAN|Will-O-Wisp|p2a: Seismitoad
|-status|p2a: Seismitoad|brn
|move|p2a: Seismitoad|Toxic|p1a: CLEEEAN
|-status|p1a: CLEEEAN|tox
|
|-damage|p1a: CLEEEAN|94/100 tox|[from] psn
|-damage|p2a: Seismitoad|94/100 brn|[from] brn
|upkeep
|turn|2
|
|switch|p1a: SLICE EM UP|Aegislash, M|100/100
|move|p2a: Seismitoad|Scald|p1a: SLICE EM UP
|-damage|p1a: SLICE EM UP|84/100
|
|-heal|p2a: Seismitoad|100/100 brn|[from] item: Leftovers
|-heal|p1a: SLICE EM UP|90/100|[from] item: Leftovers
|-damage|p2a: Seismitoad|94/100 brn|[from] brn
|upkeep
|turn|3
|
|switch|p1a: Rampage|Gyarados, M|100/100
|move|p2a: Seismitoad|Scald|p1a: Rampage
|-resisted|p1a: Rampage
|-damage|p1a: Rampage|89/100
|
|-heal|p2a: Seismitoad|100/100 brn|[from] item: Leftovers
|-damage|p2a: Seismitoad|94/100 brn|[from] brn
|upkeep
|turn|4
|
|switch|p2a: Mandibuzz|Mandibuzz, F|100/100
|move|p1a: Rampage|Power Whip|p2a: Mandibuzz
|-resisted|p2a: Mandibuzz
|-damage|p2a: Mandibuzz|89/100
|-damage|p1a: Rampage|73/100|[from] item: Rocky Helmet|[of] p2a: Mandibuzz
|
|upkeep
|turn|5
|
|switch|p1a: CLEEEAN|Rotom-Wash|94/100 tox
|move|p2a: Mandibuzz|Toxic|p1a: CLEEEAN
|-fail|p1a: CLEEEAN|tox
|
|-heal|p1a: CLEEEAN|100/100 tox|[from] item: Leftovers
|-damage|p1a: CLEEEAN|94/100 tox|[from] psn
|upkeep
|turn|6
|
|switch|p2a: Seismitoad|Seismitoad, F|94/100 brn
|move|p1a: CLEEEAN|Volt Switch|p2a: Seismitoad
|-immune|p2a: Seismitoad
|
|-heal|p1a: CLEEEAN|100/100 tox|[from] item: Leftovers
|-heal|p2a: Seismitoad|100/100 brn|[from] item: Leftovers
|-damage|p1a: CLEEEAN|88/100 tox|[from] psn
|-damage|p2a: Seismitoad|94/100 brn|[from] brn
|upkeep
|turn|7
|
|move|p1a: CLEEEAN|Hex|p2a: Seismitoad
|-damage|p2a: Seismitoad|64/100 brn
|move|p2a: Seismitoad|Scald|p1a: CLEEEAN
|-resisted|p1a: CLEEEAN
|-damage|p1a: CLEEEAN|77/100 tox
|
|-heal|p1a: CLEEEAN|83/100 tox|[from] item: Leftovers
|-heal|p2a: Seismitoad|70/100 brn|[from] item: Leftovers
|-damage|p1a: CLEEEAN|64/100 tox|[from] psn
|-damage|p2a: Seismitoad|64/100 brn|[from] brn
|upkeep
|turn|8
|
|switch|p1a: Brody|Conkeldurr, F|100/100
|move|p2a: Seismitoad|Protect||[still]
|-fail|p2a: Seismitoad
|
|-heal|p2a: Seismitoad|70/100 brn|[from] item: Leftovers
|-damage|p2a: Seismitoad|64/100 brn|[from] brn
|-status|p1a: Brody|brn|[from] item: Flame Orb
|upkeep
|turn|9
|
|switch|p2a: Aegislash|Aegislash, F|100/100
|move|p1a: Brody|Earthquake|p2a: Aegislash
|-supereffective|p2a: Aegislash
|-damage|p2a: Aegislash|5/100
|
|-damage|p1a: Brody|94/100 brn|[from] brn
|upkeep
|turn|10
|
|switch|p1a: SLICE EM UP|Aegislash, M|90/100
|-formechange|p2a: Aegislash|Aegislash-Blade||[from] ability: Stance Change
|move|p2a: Aegislash|Psycho Cut|p1a: SLICE EM UP
|-resisted|p1a: SLICE EM UP
|-damage|p1a: SLICE EM UP|74/100
|
|-heal|p1a: SLICE EM UP|80/100|[from] item: Leftovers
|upkeep
|turn|11
|
|switch|p2a: Mandibuzz|Mandibuzz, F|89/100
|-formechange|p1a: SLICE EM UP|Aegislash-Blade||[from] ability: Stance Change
|move|p1a: SLICE EM UP|Iron Head|p2a: Mandibuzz
|-damage|p2a: Mandibuzz|59/100
|-damage|p1a: SLICE EM UP|64/100|[from] item: Rocky Helmet|[of] p2a: Mandibuzz
|
|-heal|p1a: SLICE EM UP|70/100|[from] item: Leftovers
|upkeep
|turn|12
|
|-formechange|p1a: SLICE EM UP|Aegislash||[from] ability: Stance Change
|move|p1a: SLICE EM UP|King's Shield|p1a: SLICE EM UP
|-singleturn|p1a: SLICE EM UP|Protect
|move|p2a: Mandibuzz|Roost|p2a: Mandibuzz
|-heal|p2a: Mandibuzz|100/100
|-singleturn|p2a: Mandibuzz|move: Roost
|
|-heal|p1a: SLICE EM UP|76/100|[from] item: Leftovers
|upkeep
|turn|13
|
|switch|p1a: CLEEEAN|Rotom-Wash|64/100 tox
|move|p2a: Mandibuzz|Foul Play|p1a: CLEEEAN
|-damage|p1a: CLEEEAN|47/100 tox
|
|-heal|p1a: CLEEEAN|53/100 tox|[from] item: Leftovers
|-damage|p1a: CLEEEAN|47/100 tox|[from] psn
|upkeep
|turn|14
|
|switch|p1a: Brody|Conkeldurr, F|94/100 brn
|switch|p2a: Tsareena|Tsareena, F|100/100
|
|-damage|p1a: Brody|88/100 brn|[from] brn
|upkeep
|turn|15
|
|move|p2a: Tsareena|Play Rough|p1a: Brody
|-supereffective|p1a: Brody
|-damage|p1a: Brody|48/100 brn
|move|p1a: Brody|Drain Punch|p2a: Tsareena
|-damage|p2a: Tsareena|28/100
|-heal|p1a: Brody|79/100 brn|[from] drain|[of] p2a: Tsareena
|
|-heal|p2a: Tsareena|34/100|[from] item: Leftovers
|-damage|p1a: Brody|72/100 brn|[from] brn
|upkeep
|turn|16
|
|move|p1a: Brody|Mach Punch||[still]
|cant|p2a: Tsareena|ability: Queenly Majesty|Mach Punch|[of] p1a: Brody
|move|p2a: Tsareena|Play Rough|p1a: Brody
|-supereffective|p1a: Brody
|-damage|p1a: Brody|29/100 brn
|
|-heal|p2a: Tsareena|40/100|[from] item: Leftovers
|-damage|p1a: Brody|22/100 brn|[from] brn
|upkeep
|turn|17
|c|☆ogTFlame|oh shit
|inactive|ogTFlame has 120 seconds left.
|c|☆ogTFlame|didn't even know that was a thing lmao oops
|c|☆ogTFlame|my b
|
|switch|p1a: Nesquik|Cinderace, M|100/100
|move|p2a: Tsareena|Play Rough|p1a: Nesquik
|-resisted|p1a: Nesquik
|-damage|p1a: Nesquik|84/100
|-unboost|p1a: Nesquik|atk|1
|
|-heal|p2a: Tsareena|46/100|[from] item: Leftovers
|upkeep
|turn|18
|
|switch|p2a: Mandibuzz|Mandibuzz, F|100/100
|move|p1a: Nesquik|Pyro Ball|p2a: Mandibuzz
|-damage|p2a: Mandibuzz|77/100
|
|upkeep
|turn|19
|inactive|ogTFlame has 120 seconds left.
|
|switch|p1a: CLEEEAN|Rotom-Wash|47/100 tox
|switch|p2a: Tsareena|Tsareena, F|46/100
|
|-heal|p1a: CLEEEAN|53/100 tox|[from] item: Leftovers
|-heal|p2a: Tsareena|52/100|[from] item: Leftovers
|-damage|p1a: CLEEEAN|47/100 tox|[from] psn
|upkeep
|turn|20
|
|move|p1a: CLEEEAN|Will-O-Wisp|p2a: Tsareena
|-status|p2a: Tsareena|brn
|move|p2a: Tsareena|Synthesis|p2a: Tsareena
|-heal|p2a: Tsareena|100/100 brn
|
|-heal|p1a: CLEEEAN|53/100 tox|[from] item: Leftovers
|-damage|p1a: CLEEEAN|41/100 tox|[from] psn
|-damage|p2a: Tsareena|94/100 brn|[from] brn
|upkeep
|turn|21
|
|move|p1a: CLEEEAN|Volt Switch|p2a: Tsareena
|-resisted|p2a: Tsareena
|-damage|p2a: Tsareena|85/100 brn
|
|switch|p1a: Nesquik|Cinderace, M|84/100|[from]move: Volt Switch
|move|p2a: Tsareena|Power Whip|p1a: Nesquik
|-resisted|p1a: Nesquik
|-damage|p1a: Nesquik|67/100
|
|-heal|p2a: Tsareena|91/100 brn|[from] item: Leftovers
|-damage|p2a: Tsareena|85/100 brn|[from] brn
|upkeep
|turn|22
|
|switch|p2a: Mandibuzz|Mandibuzz, F|77/100
|move|p1a: Nesquik|Pyro Ball|p2a: Mandibuzz
|-damage|p2a: Mandibuzz|46/100
|
|upkeep
|turn|23
|
|move|p1a: Nesquik|Pyro Ball|p2a: Mandibuzz
|-damage|p2a: Mandibuzz|12/100
|move|p2a: Mandibuzz|Roost|p2a: Mandibuzz
|-heal|p2a: Mandibuzz|62/100
|-singleturn|p2a: Mandibuzz|move: Roost
|
|upkeep
|turn|24
|
|move|p1a: Nesquik|Pyro Ball|p2a: Mandibuzz
|-damage|p2a: Mandibuzz|31/100
|move|p2a: Mandibuzz|Roost|p2a: Mandibuzz
|-heal|p2a: Mandibuzz|81/100
|-singleturn|p2a: Mandibuzz|move: Roost
|
|upkeep
|turn|25
|
|switch|p1a: CLEEEAN|Rotom-Wash|41/100 tox
|move|p2a: Mandibuzz|Roost|p2a: Mandibuzz
|-heal|p2a: Mandibuzz|100/100
|-singleturn|p2a: Mandibuzz|move: Roost
|
|-heal|p1a: CLEEEAN|47/100 tox|[from] item: Leftovers
|-damage|p1a: CLEEEAN|41/100 tox|[from] psn
|upkeep
|turn|26
|
|switch|p2a: Seismitoad|Seismitoad, F|64/100 brn
|move|p1a: CLEEEAN|Volt Switch|p2a: Seismitoad
|-immune|p2a: Seismitoad
|
|-heal|p1a: CLEEEAN|47/100 tox|[from] item: Leftovers
|-heal|p2a: Seismitoad|70/100 brn|[from] item: Leftovers
|-damage|p1a: CLEEEAN|35/100 tox|[from] psn
|-damage|p2a: Seismitoad|64/100 brn|[from] brn
|upkeep
|turn|27
|
|move|p2a: Seismitoad|Protect|p2a: Seismitoad
|-singleturn|p2a: Seismitoad|Protect
|move|p1a: CLEEEAN|Hex|p2a: Seismitoad
|-activate|p2a: Seismitoad|move: Protect
|
|-heal|p1a: CLEEEAN|41/100 tox|[from] item: Leftovers
|-heal|p2a: Seismitoad|70/100 brn|[from] item: Leftovers
|-damage|p1a: CLEEEAN|22/100 tox|[from] psn
|-damage|p2a: Seismitoad|64/100 brn|[from] brn
|upkeep
|turn|28
|
|switch|p1a: Rampage|Gyarados, M|73/100
|switch|p2a: Cinderace|Cinderace, F|100/100
|
|upkeep
|turn|29
|
|switch|p2a: Mandibuzz|Mandibuzz, F|100/100
|move|p1a: Rampage|Waterfall|p2a: Mandibuzz
|-damage|p2a: Mandibuzz|76/100
|-damage|p1a: Rampage|56/100|[from] item: Rocky Helmet|[of] p2a: Mandibuzz
|
|upkeep
|turn|30
|-message|ogTFlame forfeited.
|
|win|SroudDuors
|l|☆ogTFlame
|raw|ogTFlame's rating: 1557 → 1535(-22 for losing)
|raw|SroudDuors's rating: 1522 → 1544(+22 for winning)
