|ScrapeTime|2020-01-02-05:16:48
|j|☆DreamerGalaxius
|j|☆thicc rabbit
|player|p1|DreamerGalaxius|pokemaniac|1487
|player|p2|thicc rabbit|caitlin|1403
|teamsize|p1|6
|teamsize|p2|6
|gametype|singles
|gen|8
|tier|[Gen 8] OU
|rated|
|rule|Sleep Clause Mod: Limit one foe put to sleep
|rule|Species Clause: Limit one of each Pokémon
|rule|OHKO Clause: OHKO moves are banned
|rule|Evasion Moves Clause: Evasion moves are banned
|rule|Endless Battle Clause: Forcing endless battles is banned
|rule|HP Percentage Mod: HP is shown in percentages
|clearpoke
|poke|p1|Torkoal, M|
|poke|p1|Ninetales, F|
|poke|p1|Chandelure, F|
|poke|p1|Seismitoad, M|
|poke|p1|Mandibuzz, F|
|poke|p1|Maractus, M|
|poke|p2|Clefable, M|
|poke|p2|Corsola-Galar, F|
|poke|p2|Tyranitar, M|
|poke|p2|Toxapex, F|
|poke|p2|Rotom-Heat|
|poke|p2|Excadrill, F|
|rule|Dynamax Clause: You cannot dynamax
|teampreview
|j| Adavis6
|l| Adavis6
|inactive|Battle timer is ON: inactive players will automatically lose when time's up. (requested by thicc rabbit)
|
|start
|switch|p1a: Torkoal|Torkoal, M|100/100
|switch|p2a: Tyranitar|Tyranitar, M|100/100
|-weather|Sandstorm|[from] ability: Sand Stream|[of] p2a: Tyranitar
|-weather|SunnyDay|[from] ability: Drought|[of] p1a: Torkoal
|turn|1
|inactive|thicc rabbit has 120 seconds left.
|inactive|thicc rabbit has 90 seconds left.
|
|move|p2a: Tyranitar|Stone Edge|p1a: Torkoal
|-supereffective|p1a: Torkoal
|-damage|p1a: Torkoal|0 fnt
|faint|p1a: Torkoal
|
|-weather|SunnyDay|[upkeep]
|upkeep
|inactive|DreamerGalaxius has 120 seconds left.
|
|switch|p1a: Seismitoad|Seismitoad, M|100/100
|turn|2
|inactive|thicc rabbit has 90 seconds left.
|
|switch|p1a: Chandelure|Chandelure, F, shiny|100/100
|switch|p2a: Rotom|Rotom-Heat|100/100
|
|-weather|SunnyDay|[upkeep]
|upkeep
|turn|3
|inactive|DreamerGalaxius has 90 seconds left.
|
|move|p2a: Rotom|Overheat|p1a: Chandelure
|-resisted|p1a: Chandelure
|-damage|p1a: Chandelure|43/100
|-unboost|p2a: Rotom|spa|2
|move|p1a: Chandelure|Overheat|p2a: Rotom
|-resisted|p2a: Rotom
|-crit|p2a: Rotom
|-damage|p2a: Rotom|0 fnt
|-unboost|p1a: Chandelure|spa|2
|faint|p2a: Rotom
|
|-weather|SunnyDay|[upkeep]
|upkeep
|
|switch|p2a: Tyranitar|Tyranitar, M|100/100
|-weather|Sandstorm|[from] ability: Sand Stream|[of] p2a: Tyranitar
|turn|4
|
|switch|p1a: Seismitoad|Seismitoad, M|100/100
|move|p2a: Tyranitar|Stone Edge|p1a: Seismitoad|[miss]
|-miss|p2a: Tyranitar|p1a: Seismitoad
|
|-weather|Sandstorm|[upkeep]
|upkeep
|turn|5
|inactive|DreamerGalaxius has 90 seconds left.
|
|switch|p2a: Corsola|Corsola-Galar, F|100/100
|move|p1a: Seismitoad|Earthquake|p2a: Corsola
|-damage|p2a: Corsola|83/100
|
|-weather|Sandstorm|[upkeep]
|-damage|p2a: Corsola|76/100|[from] Sandstorm
|upkeep
|turn|6
|
|move|p1a: Seismitoad|Toxic|p2a: Corsola
|-status|p2a: Corsola|tox
|move|p2a: Corsola|Stealth Rock|p1a: Seismitoad
|-sidestart|p1: DreamerGalaxius|move: Stealth Rock
|
|-weather|Sandstorm|[upkeep]
|-damage|p2a: Corsola|70/100 tox|[from] Sandstorm
|-damage|p2a: Corsola|64/100 tox|[from] psn
|upkeep
|turn|7
|
|move|p1a: Seismitoad|Earthquake|p2a: Corsola
|-damage|p2a: Corsola|47/100 tox
|move|p2a: Corsola|Strength Sap|p1a: Seismitoad
|-unboost|p1a: Seismitoad|atk|1
|-heal|p2a: Corsola|100/100 tox
|
|-weather|Sandstorm|[upkeep]
|-damage|p2a: Corsola|94/100 tox|[from] Sandstorm
|-damage|p2a: Corsola|82/100 tox|[from] psn
|upkeep
|turn|8
|inactive|thicc rabbit has 120 seconds left.
|inactive|DreamerGalaxius has 90 seconds left.
|
|switch|p1a: Mandibuzz|Mandibuzz, F|100/100
|switch|p2a: Clefable|Clefable, M|100/100
|
|-weather|none
|upkeep
|turn|9
|inactive|DreamerGalaxius has 90 seconds left.
|
|switch|p1a: Ninetales|Ninetales, F, shiny|100/100
|-damage|p1a: Ninetales|76/100|[from] Stealth Rock
|-weather|SunnyDay|[from] ability: Drought|[of] p1a: Ninetales
|move|p2a: Clefable|Moonblast|p1a: Ninetales
|-resisted|p1a: Ninetales
|-damage|p1a: Ninetales|44/100
|
|-weather|SunnyDay|[upkeep]
|upkeep
|turn|10
|inactive|DreamerGalaxius has 60 seconds left.
|
|switch|p2a: Toxapex|Toxapex, F, shiny|100/100
|move|p1a: Ninetales|Solar Beam||[still]
|-prepare|p1a: Ninetales|Solar Beam|p2a: Toxapex
|-anim|p1a: Ninetales|Solar Beam|p2a: Toxapex
|-damage|p2a: Toxapex|82/100
|
|-weather|SunnyDay|[upkeep]
|-heal|p2a: Toxapex|88/100|[from] item: Black Sludge
|upkeep
|turn|11
|
|move|p1a: Ninetales|Extrasensory|p2a: Toxapex
|-supereffective|p2a: Toxapex
|-damage|p2a: Toxapex|63/100
|move|p2a: Toxapex|Toxic Spikes|p1a: Ninetales
|-sidestart|p1: DreamerGalaxius|move: Toxic Spikes
|
|-weather|SunnyDay|[upkeep]
|-heal|p2a: Toxapex|69/100|[from] item: Black Sludge
|upkeep
|turn|12
|
|switch|p1a: Mandibuzz|Mandibuzz, F|100/100
|move|p2a: Toxapex|Toxic Spikes|p1a: Mandibuzz
|-sidestart|p1: DreamerGalaxius|move: Toxic Spikes
|
|-weather|SunnyDay|[upkeep]
|-heal|p2a: Toxapex|75/100|[from] item: Black Sludge
|upkeep
|turn|13
|
|switch|p2a: Tyranitar|Tyranitar, M|100/100
|-weather|Sandstorm|[from] ability: Sand Stream|[of] p2a: Tyranitar
|move|p1a: Mandibuzz|Defog|p2a: Tyranitar
|-unboost|p2a: Tyranitar|evasion|1
|-sideend|p1: DreamerGalaxius|Toxic Spikes|[from] move: Defog|[of] p1a: Mandibuzz
|-sideend|p1: DreamerGalaxius|Stealth Rock|[from] move: Defog|[of] p1a: Mandibuzz
|
|-weather|Sandstorm|[upkeep]
|upkeep
|turn|14
|
|switch|p1a: Seismitoad|Seismitoad, M|100/100
|move|p2a: Tyranitar|Stone Edge|p1a: Seismitoad|[miss]
|-miss|p2a: Tyranitar|p1a: Seismitoad
|
|-weather|Sandstorm|[upkeep]
|upkeep
|turn|15
|inactive|DreamerGalaxius has 90 seconds left.
|
|switch|p2a: Toxapex|Toxapex, F, shiny|100/100
|move|p1a: Seismitoad|Earthquake|p2a: Toxapex
|-supereffective|p2a: Toxapex
|-damage|p2a: Toxapex|48/100
|
|-weather|Sandstorm|[upkeep]
|-damage|p2a: Toxapex|42/100|[from] Sandstorm
|-heal|p2a: Toxapex|48/100|[from] item: Black Sludge
|upkeep
|turn|16
|
|move|p2a: Toxapex|Baneful Bunker|p2a: Toxapex
|-singleturn|p2a: Toxapex|move: Protect
|move|p1a: Seismitoad|Earthquake|p2a: Toxapex
|-activate|p2a: Toxapex|move: Protect
|
|-weather|Sandstorm|[upkeep]
|-damage|p2a: Toxapex|42/100|[from] Sandstorm
|-heal|p2a: Toxapex|48/100|[from] item: Black Sludge
|upkeep
|turn|17
|inactive|DreamerGalaxius has 90 seconds left.
|
|switch|p2a: Corsola|Corsola-Galar, F|82/100 tox
|move|p1a: Seismitoad|Poison Jab|p2a: Corsola
|-resisted|p2a: Corsola
|-damage|p2a: Corsola|77/100 tox
|
|-weather|none
|-damage|p2a: Corsola|71/100 tox|[from] psn
|upkeep
|turn|18
|inactive|DreamerGalaxius has 90 seconds left.
|
|switch|p1a: Mandibuzz|Mandibuzz, F|100/100
|move|p2a: Corsola|Stealth Rock|p1a: Mandibuzz
|-sidestart|p1: DreamerGalaxius|move: Stealth Rock
|
|-damage|p2a: Corsola|59/100 tox|[from] psn
|upkeep
|turn|19
|
|switch|p2a: Clefable|Clefable, M|100/100
|move|p1a: Mandibuzz|Knock Off|p2a: Clefable
|-resisted|p2a: Clefable
|-damage|p2a: Clefable|85/100
|-enditem|p2a: Clefable|Life Orb|[from] move: Knock Off|[of] p1a: Mandibuzz
|
|upkeep
|turn|20
|
|move|p1a: Mandibuzz|Defog|p2a: Clefable
|-unboost|p2a: Clefable|evasion|1
|-sideend|p1: DreamerGalaxius|Stealth Rock|[from] move: Defog|[of] p1a: Mandibuzz
|move|p2a: Clefable|Moonblast|p1a: Mandibuzz
|-supereffective|p1a: Mandibuzz
|-damage|p1a: Mandibuzz|46/100
|-unboost|p1a: Mandibuzz|spa|1
|
|upkeep
|turn|21
|inactive|DreamerGalaxius has 90 seconds left.
|
|move|p1a: Mandibuzz|U-turn|p2a: Clefable
|-resisted|p2a: Clefable
|-crit|p2a: Clefable
|-damage|p2a: Clefable|75/100
|
|switch|p1a: Ninetales|Ninetales, F, shiny|44/100|[from]move: U-turn
|-weather|SunnyDay|[from] ability: Drought|[of] p1a: Ninetales
|move|p2a: Clefable|Thunderbolt|p1a: Ninetales
|-damage|p1a: Ninetales|10/100
|
|-weather|SunnyDay|[upkeep]
|upkeep
|turn|22
|inactive|DreamerGalaxius has 60 seconds left.
|inactive|thicc rabbit has 120 seconds left.
|
|switch|p1a: Seismitoad|Seismitoad, M|100/100
|switch|p2a: Toxapex|Toxapex, F, shiny|82/100
|
|-weather|SunnyDay|[upkeep]
|-heal|p2a: Toxapex|88/100|[from] item: Black Sludge
|upkeep
|turn|23
|
|move|p1a: Seismitoad|Earthquake|p2a: Toxapex
|-supereffective|p2a: Toxapex
|-damage|p2a: Toxapex|37/100
|move|p2a: Toxapex|Toxic Spikes|p1a: Seismitoad
|-sidestart|p1: DreamerGalaxius|move: Toxic Spikes
|
|-weather|SunnyDay|[upkeep]
|-heal|p2a: Toxapex|43/100|[from] item: Black Sludge
|upkeep
|turn|24
|
|switch|p2a: Corsola|Corsola-Galar, F|59/100 tox
|move|p1a: Seismitoad|Earthquake|p2a: Corsola
|-damage|p2a: Corsola|38/100 tox
|
|-weather|SunnyDay|[upkeep]
|-damage|p2a: Corsola|32/100 tox|[from] psn
|upkeep
|turn|25
|
|move|p1a: Seismitoad|Protect|p1a: Seismitoad
|-singleturn|p1a: Seismitoad|Protect
|move|p2a: Corsola|Strength Sap|p1a: Seismitoad
|-activate|p1a: Seismitoad|move: Protect
|
|-weather|SunnyDay|[upkeep]
|-damage|p2a: Corsola|20/100 tox|[from] psn
|upkeep
|turn|26
|
|move|p1a: Seismitoad|Earthquake|p2a: Corsola
|-damage|p2a: Corsola|0 fnt
|faint|p2a: Corsola
|
|-weather|SunnyDay|[upkeep]
|upkeep
|
|switch|p2a: Tyranitar|Tyranitar, M|100/100
|-weather|Sandstorm|[from] ability: Sand Stream|[of] p2a: Tyranitar
|turn|27
|
|switch|p1a: Ninetales|Ninetales, F, shiny|10/100
|-status|p1a: Ninetales|psn
|-weather|SunnyDay|[from] ability: Drought|[of] p1a: Ninetales
|move|p2a: Tyranitar|Crunch|p1a: Ninetales
|-damage|p1a: Ninetales|0 fnt
|faint|p1a: Ninetales
|
|-weather|SunnyDay|[upkeep]
|upkeep
|
|switch|p1a: Maractus|Maractus, M, shiny|100/100
|-status|p1a: Maractus|psn
|turn|28
|
|move|p1a: Maractus|Solar Beam||[still]
|-prepare|p1a: Maractus|Solar Beam|p2a: Tyranitar
|-anim|p1a: Maractus|Solar Beam|p2a: Tyranitar
|-supereffective|p2a: Tyranitar
|-damage|p2a: Tyranitar|0 fnt
|-damage|p1a: Maractus|91/100 psn|[from] item: Life Orb
|faint|p2a: Tyranitar
|
|-weather|SunnyDay|[upkeep]
|-damage|p1a: Maractus|78/100 psn|[from] psn
|upkeep
|
|switch|p2a: Clefable|Clefable, M|75/100
|turn|29
|
|move|p1a: Maractus|Solar Beam||[still]
|-prepare|p1a: Maractus|Solar Beam|p2a: Clefable
|-anim|p1a: Maractus|Solar Beam|p2a: Clefable
|-crit|p2a: Clefable
|-damage|p2a: Clefable|0 fnt
|-damage|p1a: Maractus|68/100 psn|[from] item: Life Orb
|faint|p2a: Clefable
|
|-weather|SunnyDay|[upkeep]
|-damage|p1a: Maractus|56/100 psn|[from] psn
|upkeep
|
|switch|p2a: Toxapex|Toxapex, F, shiny|77/100
|turn|30
|inactive|DreamerGalaxius has 90 seconds left.
|
|move|p2a: Toxapex|Baneful Bunker|p2a: Toxapex
|-singleturn|p2a: Toxapex|move: Protect
|move|p1a: Maractus|Growth|p1a: Maractus
|-boost|p1a: Maractus|atk|2
|-boost|p1a: Maractus|spa|2
|
|-weather|SunnyDay|[upkeep]
|-heal|p2a: Toxapex|83/100|[from] item: Black Sludge
|-damage|p1a: Maractus|43/100 psn|[from] psn
|upkeep
|turn|31
|inactive|DreamerGalaxius has 90 seconds left.
|
|move|p1a: Maractus|Solar Beam||[still]
|-prepare|p1a: Maractus|Solar Beam|p2a: Toxapex
|-anim|p1a: Maractus|Solar Beam|p2a: Toxapex
|-damage|p2a: Toxapex|0 fnt
|-damage|p1a: Maractus|33/100 psn|[from] item: Life Orb
|faint|p2a: Toxapex
|
|-weather|SunnyDay|[upkeep]
|-damage|p1a: Maractus|21/100 psn|[from] psn
|upkeep
|-message|thicc rabbit forfeited.
|
|win|DreamerGalaxius
|l|☆thicc rabbit
|raw|DreamerGalaxius's rating: 1487 → 1502(+15 for winning)
|raw|thicc rabbit's rating: 1403 → 1388(-15 for losing)
