|ScrapeTime|2020-01-02-07:35:15
|j|☆keepcalm
|j|☆soltse
|player|p1|keepcalm|169|1250
|player|p2|soltse|elesa|1195
|teamsize|p1|6
|teamsize|p2|6
|gametype|singles
|gen|8
|tier|[Gen 8] OU
|rated|
|rule|Sleep Clause Mod: Limit one foe put to sleep
|rule|Species Clause: Limit one of each Pokémon
|rule|OHKO Clause: OHKO moves are banned
|rule|Evasion Moves Clause: Evasion moves are banned
|rule|Endless Battle Clause: Forcing endless battles is banned
|rule|HP Percentage Mod: HP is shown in percentages
|clearpoke
|poke|p1|Dracovish|
|poke|p1|Cofagrigus, F|
|poke|p1|Hitmonlee, M|
|poke|p1|Gengar, F|
|poke|p1|Snorlax, F|
|poke|p1|Tyranitar, M|
|poke|p2|Excadrill, M|
|poke|p2|Tyranitar, M|
|poke|p2|Mimikyu, F|
|poke|p2|Heliolisk, M|
|poke|p2|Dragapult, M|
|poke|p2|Drifblim, F|
|rule|Dynamax Clause: You cannot dynamax
|teampreview
|
|start
|switch|p1a: Dracovish|Dracovish|100/100
|switch|p2a: Tyranitar|Tyranitar, M|100/100
|-weather|Sandstorm|[from] ability: Sand Stream|[of] p2a: Tyranitar
|turn|1
|
|switch|p2a: Drifblim|Drifblim, F|100/100
|move|p1a: Dracovish|Fishious Rend|p2a: Drifblim
|-damage|p2a: Drifblim|16/100
|-damage|p1a: Dracovish|84/100|[from] item: Rocky Helmet|[of] p2a: Drifblim
|
|-weather|Sandstorm|[upkeep]
|-damage|p1a: Dracovish|78/100|[from] Sandstorm
|-damage|p2a: Drifblim|10/100|[from] Sandstorm
|upkeep
|turn|2
|
|switch|p2a: Heliolisk|Heliolisk, M|100/100
|move|p1a: Dracovish|Fishious Rend|p2a: Heliolisk
|-immune|p2a: Heliolisk|[from] ability: Dry Skin
|
|-weather|Sandstorm|[upkeep]
|-damage|p1a: Dracovish|72/100|[from] Sandstorm
|-damage|p2a: Heliolisk|94/100|[from] Sandstorm
|upkeep
|turn|3
|
|switch|p1a: Hitmonlee|Hitmonlee, M|100/100
|move|p2a: Heliolisk|Volt Switch|p1a: Hitmonlee
|-damage|p1a: Hitmonlee|39/100
|
|switch|p2a: Drifblim|Drifblim, F|10/100|[from]move: Volt Switch
|
|-weather|Sandstorm|[upkeep]
|-damage|p1a: Hitmonlee|33/100|[from] Sandstorm
|-damage|p2a: Drifblim|4/100|[from] Sandstorm
|upkeep
|turn|4
|
|switch|p1a: Tyranitar|Tyranitar, M|100/100
|move|p2a: Drifblim|Strength Sap|p1a: Tyranitar
|-unboost|p1a: Tyranitar|atk|1
|-heal|p2a: Drifblim|64/100
|
|-weather|Sandstorm|[upkeep]
|-damage|p2a: Drifblim|58/100|[from] Sandstorm
|upkeep
|turn|5
|
|move|p2a: Drifblim|Will-O-Wisp|p1a: Tyranitar
|-status|p1a: Tyranitar|brn
|move|p1a: Tyranitar|Rock Slide|p2a: Drifblim
|-supereffective|p2a: Drifblim
|-damage|p2a: Drifblim|39/100
|
|-weather|none
|-damage|p1a: Tyranitar|94/100 brn|[from] brn
|upkeep
|turn|6
|
|move|p2a: Drifblim|Strength Sap|p1a: Tyranitar
|-unboost|p1a: Tyranitar|atk|1
|-heal|p2a: Drifblim|79/100
|move|p1a: Tyranitar|Ice Beam|p2a: Drifblim
|-supereffective|p2a: Drifblim
|-damage|p2a: Drifblim|28/100
|
|-damage|p1a: Tyranitar|88/100 brn|[from] brn
|upkeep
|turn|7
|
|switch|p2a: Tyranitar|Tyranitar, M|100/100
|-weather|Sandstorm|[from] ability: Sand Stream|[of] p2a: Tyranitar
|move|p1a: Tyranitar|Ice Beam|p2a: Tyranitar
|-damage|p2a: Tyranitar|91/100
|
|-weather|Sandstorm|[upkeep]
|-heal|p2a: Tyranitar|97/100|[from] item: Leftovers
|-damage|p1a: Tyranitar|82/100 brn|[from] brn
|upkeep
|turn|8
|
|switch|p1a: Cofagrigus|Cofagrigus, F|100/100
|move|p2a: Tyranitar|Stealth Rock|p1a: Cofagrigus
|-sidestart|p1: keepcalm|move: Stealth Rock
|
|-weather|Sandstorm|[upkeep]
|-damage|p1a: Cofagrigus|94/100|[from] Sandstorm
|-heal|p2a: Tyranitar|100/100|[from] item: Leftovers
|upkeep
|turn|9
|
|move|p2a: Tyranitar|Foul Play|p1a: Cofagrigus
|-supereffective|p1a: Cofagrigus
|-damage|p1a: Cofagrigus|72/100
|-activate|p1a: Cofagrigus|ability: Mummy|Sand Stream|[of] p2a: Tyranitar
|move|p1a: Cofagrigus|Trick Room|p1a: Cofagrigus
|-fieldstart|move: Trick Room|[of] p1a: Cofagrigus
|
|-weather|Sandstorm|[upkeep]
|-damage|p1a: Cofagrigus|65/100|[from] Sandstorm
|upkeep
|turn|10
|
|move|p1a: Cofagrigus|Will-O-Wisp|p2a: Tyranitar
|-status|p2a: Tyranitar|brn
|move|p2a: Tyranitar|Foul Play|p1a: Cofagrigus
|-supereffective|p1a: Cofagrigus
|-damage|p1a: Cofagrigus|54/100
|
|-weather|Sandstorm|[upkeep]
|-damage|p1a: Cofagrigus|48/100|[from] Sandstorm
|-damage|p2a: Tyranitar|94/100 brn|[from] brn
|upkeep
|turn|11
|
|move|p1a: Cofagrigus|Hex|p2a: Tyranitar
|-resisted|p2a: Tyranitar
|-damage|p2a: Tyranitar|85/100 brn
|move|p2a: Tyranitar|Foul Play|p1a: Cofagrigus
|-supereffective|p1a: Cofagrigus
|-damage|p1a: Cofagrigus|36/100
|
|-weather|none
|-heal|p2a: Tyranitar|92/100 brn|[from] item: Leftovers
|-damage|p2a: Tyranitar|85/100 brn|[from] brn
|upkeep
|turn|12
|
|move|p1a: Cofagrigus|Hex|p2a: Tyranitar
|-resisted|p2a: Tyranitar
|-damage|p2a: Tyranitar|72/100 brn
|move|p2a: Tyranitar|Foul Play|p1a: Cofagrigus
|-supereffective|p1a: Cofagrigus
|-damage|p1a: Cofagrigus|25/100
|-enditem|p1a: Cofagrigus|Aguav Berry|[eat]
|-heal|p1a: Cofagrigus|58/100|[from] item: Aguav Berry
|
|-heal|p2a: Tyranitar|78/100 brn|[from] item: Leftovers
|-damage|p2a: Tyranitar|72/100 brn|[from] brn
|upkeep
|turn|13
|
|move|p1a: Cofagrigus|Hex|p2a: Tyranitar
|-resisted|p2a: Tyranitar
|-damage|p2a: Tyranitar|59/100 brn
|move|p2a: Tyranitar|Foul Play|p1a: Cofagrigus
|-supereffective|p1a: Cofagrigus
|-damage|p1a: Cofagrigus|47/100
|
|-heal|p2a: Tyranitar|66/100 brn|[from] item: Leftovers
|-damage|p2a: Tyranitar|59/100 brn|[from] brn
|-fieldend|move: Trick Room
|upkeep
|turn|14
|
|switch|p2a: Heliolisk|Heliolisk, M|94/100
|move|p1a: Cofagrigus|Trick Room|p1a: Cofagrigus
|-fieldstart|move: Trick Room|[of] p1a: Cofagrigus
|
|upkeep
|turn|15
|
|switch|p2a: Tyranitar|Tyranitar, M|59/100 brn
|-weather|Sandstorm|[from] ability: Sand Stream|[of] p2a: Tyranitar
|move|p1a: Cofagrigus|Destiny Bond|p1a: Cofagrigus
|-singlemove|p1a: Cofagrigus|Destiny Bond
|
|-weather|Sandstorm|[upkeep]
|-damage|p1a: Cofagrigus|41/100|[from] Sandstorm
|-heal|p2a: Tyranitar|66/100 brn|[from] item: Leftovers
|-damage|p2a: Tyranitar|59/100 brn|[from] brn
|upkeep
|turn|16
|
|move|p1a: Cofagrigus|Hex|p2a: Tyranitar
|-resisted|p2a: Tyranitar
|-damage|p2a: Tyranitar|51/100 brn
|move|p2a: Tyranitar|Foul Play|p1a: Cofagrigus
|-supereffective|p1a: Cofagrigus
|-damage|p1a: Cofagrigus|30/100
|-activate|p1a: Cofagrigus|ability: Mummy|Sand Stream|[of] p2a: Tyranitar
|
|-weather|Sandstorm|[upkeep]
|-damage|p1a: Cofagrigus|23/100|[from] Sandstorm
|-heal|p2a: Tyranitar|57/100 brn|[from] item: Leftovers
|-damage|p2a: Tyranitar|51/100 brn|[from] brn
|upkeep
|turn|17
|
|move|p1a: Cofagrigus|Hex|p2a: Tyranitar
|-resisted|p2a: Tyranitar
|-damage|p2a: Tyranitar|42/100 brn
|move|p2a: Tyranitar|Foul Play|p1a: Cofagrigus
|-supereffective|p1a: Cofagrigus
|-damage|p1a: Cofagrigus|11/100
|
|-weather|Sandstorm|[upkeep]
|-damage|p1a: Cofagrigus|5/100|[from] Sandstorm
|-heal|p2a: Tyranitar|49/100 brn|[from] item: Leftovers
|-damage|p2a: Tyranitar|42/100 brn|[from] brn
|upkeep
|turn|18
|
|move|p1a: Cofagrigus|Destiny Bond|p1a: Cofagrigus
|-singlemove|p1a: Cofagrigus|Destiny Bond
|move|p2a: Tyranitar|Foul Play|p1a: Cofagrigus
|-supereffective|p1a: Cofagrigus
|-damage|p1a: Cofagrigus|0 fnt
|faint|p1a: Cofagrigus
|-activate|p1a: Cofagrigus|move: Destiny Bond
|faint|p2a: Tyranitar
|
|-weather|Sandstorm|[upkeep]
|-fieldend|move: Trick Room
|upkeep
|
|switch|p2a: Excadrill|Excadrill, M|100/100
|switch|p1a: Dracovish|Dracovish|72/100
|-damage|p1a: Dracovish|59/100|[from] Stealth Rock
|turn|19
|
|switch|p1a: Tyranitar|Tyranitar, M|82/100 brn
|-damage|p1a: Tyranitar|69/100 brn|[from] Stealth Rock
|move|p2a: Excadrill|Earthquake|p1a: Tyranitar
|-supereffective|p1a: Tyranitar
|-damage|p1a: Tyranitar|0 fnt
|faint|p1a: Tyranitar
|
|-weather|none
|upkeep
|
|switch|p1a: Hitmonlee|Hitmonlee, M|33/100
|-damage|p1a: Hitmonlee|27/100|[from] Stealth Rock
|turn|20
|
|switch|p2a: Drifblim|Drifblim, F|28/100
|move|p1a: Hitmonlee|Fake Out|p2a: Drifblim
|-immune|p2a: Drifblim
|
|upkeep
|turn|21
|
|switch|p1a: Snorlax|Snorlax, F|100/100
|-damage|p1a: Snorlax|88/100|[from] Stealth Rock
|move|p2a: Drifblim|Strength Sap|p1a: Snorlax
|-unboost|p1a: Snorlax|atk|1
|-heal|p2a: Drifblim|83/100
|
|upkeep
|turn|22
|
|move|p2a: Drifblim|Will-O-Wisp|p1a: Snorlax
|-status|p1a: Snorlax|brn
|move|p1a: Snorlax|Curse|p1a: Snorlax
|-unboost|p1a: Snorlax|spe|1
|-boost|p1a: Snorlax|atk|1
|-boost|p1a: Snorlax|def|1
|
|-damage|p1a: Snorlax|82/100 brn|[from] brn
|upkeep
|turn|23
|
|move|p2a: Drifblim|Strength Sap|p1a: Snorlax
|-unboost|p1a: Snorlax|atk|1
|-heal|p2a: Drifblim|100/100
|move|p1a: Snorlax|Curse|p1a: Snorlax
|-unboost|p1a: Snorlax|spe|1
|-boost|p1a: Snorlax|atk|1
|-boost|p1a: Snorlax|def|1
|
|-damage|p1a: Snorlax|76/100 brn|[from] brn
|upkeep
|turn|24
|
|move|p2a: Drifblim|Clear Smog|p1a: Snorlax
|-damage|p1a: Snorlax|70/100 brn
|-clearboost|p1a: Snorlax
|move|p1a: Snorlax|Curse|p1a: Snorlax
|-unboost|p1a: Snorlax|spe|1
|-boost|p1a: Snorlax|atk|1
|-boost|p1a: Snorlax|def|1
|
|-damage|p1a: Snorlax|63/100 brn|[from] brn
|upkeep
|turn|25
|
|move|p2a: Drifblim|Clear Smog|p1a: Snorlax
|-damage|p1a: Snorlax|57/100 brn
|-clearboost|p1a: Snorlax
|move|p1a: Snorlax|Curse|p1a: Snorlax
|-unboost|p1a: Snorlax|spe|1
|-boost|p1a: Snorlax|atk|1
|-boost|p1a: Snorlax|def|1
|
|-damage|p1a: Snorlax|51/100 brn|[from] brn
|upkeep
|turn|26
|
|move|p2a: Drifblim|Clear Smog|p1a: Snorlax
|-damage|p1a: Snorlax|44/100 brn
|-clearboost|p1a: Snorlax
|-enditem|p1a: Snorlax|Aguav Berry|[eat]
|-heal|p1a: Snorlax|77/100 brn|[from] item: Aguav Berry
|move|p1a: Snorlax|Curse|p1a: Snorlax
|-unboost|p1a: Snorlax|spe|1
|-boost|p1a: Snorlax|atk|1
|-boost|p1a: Snorlax|def|1
|
|-damage|p1a: Snorlax|71/100 brn|[from] brn
|upkeep
|turn|27
|
|move|p2a: Drifblim|Clear Smog|p1a: Snorlax
|-damage|p1a: Snorlax|64/100 brn
|-clearboost|p1a: Snorlax
|move|p1a: Snorlax|Recycle|p1a: Snorlax
|-item|p1a: Snorlax|Aguav Berry|[from] move: Recycle
|
|-damage|p1a: Snorlax|58/100 brn|[from] brn
|upkeep
|turn|28
|
|switch|p2a: Mimikyu|Mimikyu, F|100/100
|move|p1a: Snorlax|Darkest Lariat|p2a: Mimikyu
|-activate|p2a: Mimikyu|ability: Disguise
|-damage|p2a: Mimikyu|100/100
|detailschange|p2a: Mimikyu|Mimikyu-Busted, F
|-damage|p2a: Mimikyu|88/100|[from] ability: Disguise|[of] p2a: Mimikyu
|
|-heal|p2a: Mimikyu|94/100|[from] item: Leftovers
|-damage|p1a: Snorlax|52/100 brn|[from] brn
|upkeep
|turn|29
|
|move|p2a: Mimikyu|Drain Punch|p1a: Snorlax
|-supereffective|p1a: Snorlax
|-damage|p1a: Snorlax|23/100 brn
|-heal|p2a: Mimikyu|100/100|[from] drain|[of] p1a: Snorlax
|-enditem|p1a: Snorlax|Aguav Berry|[eat]
|-heal|p1a: Snorlax|56/100 brn|[from] item: Aguav Berry
|move|p1a: Snorlax|Darkest Lariat|p2a: Mimikyu
|-damage|p2a: Mimikyu|83/100
|
|-heal|p2a: Mimikyu|89/100|[from] item: Leftovers
|-damage|p1a: Snorlax|50/100 brn|[from] brn
|upkeep
|turn|30
|
|move|p2a: Mimikyu|Swords Dance|p2a: Mimikyu
|-boost|p2a: Mimikyu|atk|2
|move|p1a: Snorlax|Darkest Lariat|p2a: Mimikyu
|-damage|p2a: Mimikyu|70/100
|
|-heal|p2a: Mimikyu|76/100|[from] item: Leftovers
|-damage|p1a: Snorlax|44/100 brn|[from] brn
|upkeep
|turn|31
|
|move|p2a: Mimikyu|Drain Punch|p1a: Snorlax
|-supereffective|p1a: Snorlax
|-crit|p1a: Snorlax
|-damage|p1a: Snorlax|0 fnt
|-heal|p2a: Mimikyu|100/100|[from] drain|[of] p1a: Snorlax
|faint|p1a: Snorlax
|
|upkeep
|
|switch|p1a: Dracovish|Dracovish|59/100
|-damage|p1a: Dracovish|47/100|[from] Stealth Rock
|turn|32
|
|switch|p2a: Heliolisk|Heliolisk, M|94/100
|move|p1a: Dracovish|Fishious Rend|p2a: Heliolisk
|-heal|p2a: Heliolisk|100/100|[from] ability: Dry Skin|[of] p1a: Dracovish
|
|upkeep
|turn|33
|
|switch|p1a: Gengar|Gengar, F|100/100
|-damage|p1a: Gengar|88/100|[from] Stealth Rock
|move|p2a: Heliolisk|Volt Switch|p1a: Gengar
|-damage|p1a: Gengar|8/100
|
|switch|p2a: Mimikyu|Mimikyu-Busted, F|100/100|[from]move: Volt Switch
|
|upkeep
|turn|34
|
|move|p2a: Mimikyu|Shadow Sneak|p1a: Gengar
|-supereffective|p1a: Gengar
|-damage|p1a: Gengar|0 fnt
|-start|p2a: Mimikyu|Disable|Shadow Sneak|[from] ability: Cursed Body|[of] p1a: Gengar
|faint|p1a: Gengar
|
|upkeep
|
|switch|p1a: Dracovish|Dracovish|47/100
|-damage|p1a: Dracovish|34/100|[from] Stealth Rock
|turn|35
|
|move|p1a: Dracovish|Dragon Rush|p2a: Mimikyu
|-immune|p2a: Mimikyu
|move|p2a: Mimikyu|Play Rough|p1a: Dracovish
|-supereffective|p1a: Dracovish
|-damage|p1a: Dracovish|0 fnt
|faint|p1a: Dracovish
|
|upkeep
|
|switch|p1a: Hitmonlee|Hitmonlee, M|27/100
|-damage|p1a: Hitmonlee|21/100|[from] Stealth Rock
|turn|36
|-message|keepcalm forfeited.
|
|win|soltse
|l|☆keepcalm
|raw|keepcalm's rating: 1250 → 1221(-29 for losing)
|raw|soltse's rating: 1195 → 1224(+29 for winning)
